|j|☆jahleel
|j|‽Pyroath
|t:|1759042984
|gametype|singles
|player|p1|jahleel|dancer|1616
|player|p2|Pyroath|170|1557
|gen|9
|tier|[Gen 9] OU
|rated|
|rule|HP Percentage Mod: HP is shown in percentages
|rule|Endless Battle Clause: Forcing endless battles is banned
|rule|Species Clause: Limit one of each Pokémon
|rule|OHKO Clause: OHKO moves are banned
|rule|Evasion Items Clause: Evasion items are banned
|rule|Evasion Moves Clause: Evasion moves are banned
|rule|Evasion Abilities Clause: Evasion abilities are banned
|rule|Sleep Moves Clause: Sleep-inducing moves are banned
|clearpoke
|poke|p1|Iron Valiant|
|poke|p1|Cinderace, M|
|poke|p1|Slowking-Galar, M|
|poke|p1|Corviknight, M|
|poke|p1|Garganacl, F|
|poke|p1|Great Tusk|
|poke|p2|Greninja-*, F|
|poke|p2|Hydrapple, M|
|poke|p2|Slowking-Galar, F|
|poke|p2|Lokix, F|
|poke|p2|Moltres|
|poke|p2|Great Tusk|
|teampreview
|
|t:|1759043006
|teamsize|p1|6
|teamsize|p2|6
|start
|switch|p1a: ShrimpKing|Slowking-Galar, M|100/100
|switch|p2a: Lokix|Lokix, F|100/100
|turn|1
|
|t:|1759043027
|switch|p1a: BigBird|Corviknight, M|100/100
|-ability|p1a: BigBird|Pressure
|move|p2a: Lokix|Knock Off|p1a: BigBird
|-damage|p1a: BigBird|59/100
|-damage|p2a: Lokix|84/100|[from] item: Rocky Helmet|[of] p1a: BigBird
|-enditem|p1a: BigBird|Rocky Helmet|[from] move: Knock Off|[of] p2a: Lokix
|
|upkeep
|turn|2
|
|t:|1759043035
|switch|p2a: Moltres|Moltres|100/100
|move|p1a: BigBird|Roost|p1a: BigBird
|-heal|p1a: BigBird|100/100
|-singleturn|p1a: BigBird|move: Roost
|
|upkeep
|turn|3
|
|t:|1759043099
|switch|p1a: McSalt|Garganacl, F|100/100
|move|p2a: Moltres|U-turn|p1a: McSalt
|-damage|p1a: McSalt|90/100
|
|t:|1759043103
|switch|p2a: Greninja|Greninja, F|100/100|[from] U-turn
|
|-heal|p1a: McSalt|96/100|[from] item: Leftovers
|upkeep
|turn|4
|
|t:|1759043113
|move|p1a: McSalt|Protect|p1a: McSalt
|-singleturn|p1a: McSalt|Protect
|move|p2a: Greninja|Surf|p1a: McSalt
|-start|p2a: Greninja|typechange|Water|[from] ability: Protean
|-activate|p1a: McSalt|move: Protect
|
|-heal|p1a: McSalt|100/100|[from] item: Leftovers
|upkeep
|turn|5
|
|t:|1759043124
|switch|p1a: ShrimpKing|Slowking-Galar, M|100/100
|move|p2a: Greninja|Surf|p1a: ShrimpKing
|-damage|p1a: ShrimpKing|64/100
|
|upkeep
|turn|6
|
|t:|1759043129
|switch|p2a: Slowking|Slowking-Galar, F|100/100
|move|p1a: ShrimpKing|Sludge Bomb|p2a: Slowking
|-resisted|p2a: Slowking
|-damage|p2a: Slowking|90/100
|
|upkeep
|turn|7
|
|t:|1759043148
|move|p1a: ShrimpKing|Toxic Spikes|p2a: Slowking
|-sidestart|p2: Pyroath|move: Toxic Spikes
|-prepare|p2a: Slowking|Chilly Reception|[premajor]
|move|p2a: Slowking|Chilly Reception|p2a: Slowking
|-weather|Snowscape
|
|t:|1759043153
|switch|p2a: Great Tusk|Great Tusk|100/100|[from] Chilly Reception
|
|-weather|Snowscape|[upkeep]
|upkeep
|turn|8
|
|t:|1759043158
|switch|p1a: BigBird|Corviknight, M|100/100
|-ability|p1a: BigBird|Pressure
|move|p2a: Great Tusk|Close Combat|p1a: BigBird
|-damage|p1a: BigBird|61/100
|-unboost|p2a: Great Tusk|def|1
|-unboost|p2a: Great Tusk|spd|1
|
|-weather|Snowscape|[upkeep]
|upkeep
|turn|9
|
|t:|1759043165
|-end|p2a: Great Tusk|Protosynthesis|[silent]
|switch|p2a: Slowking|Slowking-Galar, F|100/100
|-sideend|p2: Pyroath|move: Toxic Spikes|[of] p2a: Slowking
|move|p1a: BigBird|Roost|p1a: BigBird
|-heal|p1a: BigBird|100/100
|-singleturn|p1a: BigBird|move: Roost
|
|-weather|Snowscape|[upkeep]
|upkeep
|turn|10
|
|t:|1759043170
|switch|p1a: ShrimpKing|Slowking-Galar, M|98/100
|-prepare|p2a: Slowking|Chilly Reception|[premajor]
|move|p2a: Slowking|Chilly Reception|p2a: Slowking
|
|t:|1759043172
|switch|p2a: Lokix|Lokix, F|84/100|[from] Chilly Reception
|
|-weather|Snowscape|[upkeep]
|upkeep
|turn|11
|
|t:|1759043177
|switch|p1a: BigBird|Corviknight, M|100/100
|-ability|p1a: BigBird|Pressure
|move|p2a: Lokix|U-turn|p1a: BigBird
|-resisted|p1a: BigBird
|-damage|p1a: BigBird|84/100
|
|t:|1759043189
|switch|p2a: Moltres|Moltres|100/100|[from] U-turn
|
|-weather|none
|upkeep
|turn|12
|
|t:|1759043195
|switch|p1a: ShrimpKing|Slowking-Galar, M|100/100
|move|p2a: Moltres|U-turn|p1a: ShrimpKing
|-damage|p1a: ShrimpKing|84/100
|inactive|Battle timer is ON: inactive players will automatically lose when time's up. (requested by jahleel)
|
|t:|1759043236
|switch|p2a: Lokix|Lokix, F|84/100|[from] U-turn
|
|upkeep
|turn|13
|
|t:|1759043241
|switch|p1a: BigBird|Corviknight, M|84/100
|-ability|p1a: BigBird|Pressure
|move|p2a: Lokix|U-turn|p1a: BigBird
|-resisted|p1a: BigBird
|-damage|p1a: BigBird|71/100
|inactive|Pyroath has 120 seconds left.
|
|t:|1759043282
|switch|p2a: Greninja|Greninja, F|100/100|[from] U-turn
|
|upkeep
|turn|14
|inactive|jahleel has 120 seconds left.
|
|t:|1759043321
|move|p2a: Greninja|Dark Pulse|p1a: BigBird
|-start|p2a: Greninja|typechange|Dark|[from] ability: Protean
|-damage|p1a: BigBird|23/100
|move|p1a: BigBird|Roost|p1a: BigBird
|-heal|p1a: BigBird|73/100
|-singleturn|p1a: BigBird|move: Roost
|
|upkeep
|turn|15
|inactive|jahleel has 120 seconds left.
|
|t:|1759043333
|switch|p1a: Judgment|Iron Valiant|100/100
|move|p2a: Greninja|Dark Pulse|p1a: Judgment
|-resisted|p1a: Judgment
|-damage|p1a: Judgment|76/100
|
|upkeep
|turn|16
|
|t:|1759043339
|switch|p2a: Slowking|Slowking-Galar, F|100/100
|move|p1a: Judgment|Shadow Ball|p2a: Slowking
|-supereffective|p2a: Slowking
|-damage|p2a: Slowking|53/100
|
|upkeep
|turn|17
|inactive|Pyroath has 120 seconds left.
|
|t:|1759043365
|-end|p1a: Judgment|Quark Drive|[silent]
|switch|p1a: ShrimpKing|Slowking-Galar, M|100/100
|-prepare|p2a: Slowking|Chilly Reception|[premajor]
|move|p2a: Slowking|Chilly Reception|p2a: Slowking
|-weather|Snowscape
|
|t:|1759043367
|switch|p2a: Lokix|Lokix, F|84/100|[from] Chilly Reception
|
|-weather|Snowscape|[upkeep]
|upkeep
|turn|18
|
|t:|1759043387
|switch|p1a: BigBird|Corviknight, M|73/100
|-ability|p1a: BigBird|Pressure
|move|p2a: Lokix|U-turn|p1a: BigBird
|-resisted|p1a: BigBird
|-damage|p1a: BigBird|59/100
|
|t:|1759043399
|switch|p2a: Greninja|Greninja, F|100/100|[from] U-turn
|
|-weather|Snowscape|[upkeep]
|upkeep
|turn|19
|j| ledium
|
|t:|1759043407
|switch|p1a: ShrimpKing|Slowking-Galar, M|100/100
|move|p2a: Greninja|Surf|p1a: ShrimpKing
|-start|p2a: Greninja|typechange|Water|[from] ability: Protean
|-damage|p1a: ShrimpKing|67/100
|
|-weather|Snowscape|[upkeep]
|upkeep
|turn|20
|
|t:|1759043414
|switch|p2a: Slowking|Slowking-Galar, F|86/100
|-prepare|p1a: ShrimpKing|Chilly Reception|[premajor]
|move|p1a: ShrimpKing|Chilly Reception|p1a: ShrimpKing
|
|t:|1759043421
|switch|p1a: McSalt|Garganacl, F|100/100|[from] Chilly Reception
|
|-weather|Snowscape|[upkeep]
|upkeep
|turn|21
|l| ledium
|inactive|Pyroath has 120 seconds left.
|
|t:|1759043467
|move|p1a: McSalt|Stealth Rock|p2a: Slowking
|-sidestart|p2: Pyroath|move: Stealth Rock
|move|p2a: Slowking|Sludge Bomb|p1a: McSalt
|-resisted|p1a: McSalt
|-damage|p1a: McSalt|89/100
|
|-weather|none
|-heal|p1a: McSalt|96/100|[from] item: Leftovers
|upkeep
|turn|22
|
|t:|1759043479
|switch|p1a: ShrimpKing|Slowking-Galar, M|99/100
|-prepare|p2a: Slowking|Chilly Reception|[premajor]
|move|p2a: Slowking|Chilly Reception|p2a: Slowking
|-weather|Snowscape
|
|t:|1759043487
|switch|p2a: Great Tusk|Great Tusk|100/100|[from] Chilly Reception
|
|-weather|Snowscape|[upkeep]
|upkeep
|turn|23
|
|t:|1759043492
|switch|p1a: BigBird|Corviknight, M|59/100
|-ability|p1a: BigBird|Pressure
|move|p2a: Great Tusk|Rapid Spin|p1a: BigBird
|-resisted|p1a: BigBird
|-damage|p1a: BigBird|54/100
|-boost|p2a: Great Tusk|spe|1
|-sideend|p2: Pyroath|Stealth Rock|[from] move: Rapid Spin|[of] p2a: Great Tusk
|
|-weather|Snowscape|[upkeep]
|upkeep
|turn|24
|
|t:|1759043501
|-end|p2a: Great Tusk|Protosynthesis|[silent]
|switch|p2a: Moltres|Moltres|100/100
|move|p1a: BigBird|Roost|p1a: BigBird
|-heal|p1a: BigBird|100/100
|-singleturn|p1a: BigBird|move: Roost
|
|-weather|Snowscape|[upkeep]
|upkeep
|turn|25
|
|t:|1759043508
|move|p2a: Moltres|Flamethrower|p1a: BigBird
|-supereffective|p1a: BigBird
|-damage|p1a: BigBird|29/100
|move|p1a: BigBird|Body Press|p2a: Moltres
|-resisted|p2a: Moltres
|-damage|p2a: Moltres|91/100
|-status|p1a: BigBird|brn|[from] ability: Flame Body|[of] p2a: Moltres
|
|-weather|Snowscape|[upkeep]
|-damage|p1a: BigBird|23/100 brn|[from] brn
|upkeep
|turn|26
|
|t:|1759043514
|switch|p1a: ShrimpKing|Slowking-Galar, M|100/100
|move|p2a: Moltres|Flamethrower|p1a: ShrimpKing
|-damage|p1a: ShrimpKing|78/100
|
|-weather|none
|upkeep
|turn|27
|
|t:|1759043519
|move|p2a: Moltres|U-turn|p1a: ShrimpKing
|-damage|p1a: ShrimpKing|63/100
|
|t:|1759043542
|switch|p2a: Slowking|Slowking-Galar, F|100/100|[from] U-turn
|move|p1a: ShrimpKing|Future Sight|p2a: Slowking
|-start|p1a: ShrimpKing|move: Future Sight
|
|upkeep
|turn|28
|
|t:|1759043547
|-prepare|p1a: ShrimpKing|Chilly Reception|[premajor]
|move|p1a: ShrimpKing|Chilly Reception|p1a: ShrimpKing
|-weather|Snowscape
|
|t:|1759043559
|switch|p1a: HotPocket|Cinderace, M|100/100|[from] Chilly Reception
|-prepare|p2a: Slowking|Chilly Reception|[premajor]
|move|p2a: Slowking|Chilly Reception|p2a: Slowking
|inactive|Pyroath has 120 seconds left.
|
|t:|1759043599
|switch|p2a: Greninja|Greninja, F|100/100|[from] Chilly Reception
|
|-weather|Snowscape|[upkeep]
|upkeep
|turn|29
|
|t:|1759043605
|switch|p1a: ShrimpKing|Slowking-Galar, M|96/100
|move|p2a: Greninja|Surf|p1a: ShrimpKing
|-start|p2a: Greninja|typechange|Water|[from] ability: Protean
|-damage|p1a: ShrimpKing|64/100
|
|-weather|Snowscape|[upkeep]
|-end|p2a: Greninja|move: Future Sight
|-damage|p2a: Greninja|26/100
|upkeep
|turn|30
|
|t:|1759043615
|switch|p2a: Lokix|Lokix, F|84/100
|-prepare|p1a: ShrimpKing|Chilly Reception|[premajor]
|move|p1a: ShrimpKing|Chilly Reception|p1a: ShrimpKing
|
|t:|1759043623
|switch|p1a: Judgment|Iron Valiant|76/100|[from] Chilly Reception
|
|-weather|Snowscape|[upkeep]
|upkeep
|turn|31
|
|t:|1759043633
|switch|p2a: Slowking|Slowking-Galar, F|100/100
|move|p1a: Judgment|Moonblast|p2a: Slowking
|-resisted|p2a: Slowking
|-crit|p2a: Slowking
|-damage|p2a: Slowking|70/100
|-unboost|p2a: Slowking|spa|1
|
|-weather|Snowscape|[upkeep]
|upkeep
|turn|32
|
|t:|1759043657
|-end|p1a: Judgment|Quark Drive|[silent]
|switch|p1a: BigBird|Corviknight, M|23/100 brn
|-ability|p1a: BigBird|Pressure
|-prepare|p2a: Slowking|Chilly Reception|[premajor]
|move|p2a: Slowking|Chilly Reception|p2a: Slowking
|
|t:|1759043660
|switch|p2a: Greninja|Greninja, F|26/100|[from] Chilly Reception
|
|-weather|none
|-damage|p1a: BigBird|17/100 brn|[from] brn
|upkeep
|turn|33
|
|t:|1759043666
|switch|p1a: ShrimpKing|Slowking-Galar, M|97/100
|move|p2a: Greninja|Dark Pulse|p1a: ShrimpKing
|-start|p2a: Greninja|typechange|Dark|[from] ability: Protean
|-supereffective|p1a: ShrimpKing
|-damage|p1a: ShrimpKing|30/100
|
|upkeep
|turn|34
|inactive|Pyroath has 120 seconds left.
|
|t:|1759043697
|switch|p1a: Judgment|Iron Valiant|76/100
|move|p2a: Greninja|Dark Pulse|p1a: Judgment
|-resisted|p1a: Judgment
|-damage|p1a: Judgment|52/100
|
|upkeep
|turn|35
|
|t:|1759043702
|switch|p2a: Slowking|Slowking-Galar, F|100/100
|move|p1a: Judgment|Shadow Ball|p2a: Slowking
|-supereffective|p2a: Slowking
|-damage|p2a: Slowking|52/100
|
|upkeep
|turn|36
|
|t:|1759043717
|-end|p1a: Judgment|Quark Drive|[silent]
|switch|p1a: BigBird|Corviknight, M|17/100 brn
|-ability|p1a: BigBird|Pressure
|-prepare|p2a: Slowking|Chilly Reception|[premajor]
|move|p2a: Slowking|Chilly Reception|p2a: Slowking
|-weather|Snowscape
|
|t:|1759043720
|switch|p2a: Greninja|Greninja, F|26/100|[from] Chilly Reception
|
|-weather|Snowscape|[upkeep]
|-damage|p1a: BigBird|11/100 brn|[from] brn
|upkeep
|turn|37
|
|t:|1759043729
|switch|p1a: ShrimpKing|Slowking-Galar, M|63/100
|move|p2a: Greninja|Dark Pulse|p1a: ShrimpKing
|-start|p2a: Greninja|typechange|Dark|[from] ability: Protean
|-supereffective|p1a: ShrimpKing
|-damage|p1a: ShrimpKing|0 fnt
|faint|p1a: ShrimpKing
|
|-weather|Snowscape|[upkeep]
|upkeep
|
|t:|1759043733
|switch|p1a: Judgment|Iron Valiant|52/100
|turn|38
|inactive|Pyroath has 120 seconds left.
|
|t:|1759043772
|switch|p2a: Slowking|Slowking-Galar, F|86/100
|move|p1a: Judgment|Shadow Ball|p2a: Slowking
|-supereffective|p2a: Slowking
|-damage|p2a: Slowking|36/100
|
|-weather|Snowscape|[upkeep]
|upkeep
|turn|39
|inactive|Pyroath has 120 seconds left.
|
|t:|1759043786
|switch|p2a: Lokix|Lokix, F|84/100
|move|p1a: Judgment|Shadow Ball|p2a: Lokix
|-resisted|p2a: Lokix
|-damage|p2a: Lokix|44/100
|
|-weather|Snowscape|[upkeep]
|upkeep
|turn|40
|inactive|Pyroath has 120 seconds left.
|
|t:|1759043793
|move|p1a: Judgment|Shadow Ball|p2a: Lokix
|-resisted|p2a: Lokix
|-damage|p2a: Lokix|6/100
|move|p2a: Lokix|Knock Off|p1a: Judgment
|-resisted|p1a: Judgment
|-damage|p1a: Judgment|8/100
|-enditem|p1a: Judgment|Choice Specs|[from] move: Knock Off|[of] p2a: Lokix
|
|-weather|none
|upkeep
|turn|41
|
|t:|1759043804
|switch|p2a: Slowking|Slowking-Galar, F|70/100
|move|p1a: Judgment|Shadow Ball|p2a: Slowking
|-supereffective|p2a: Slowking
|-damage|p2a: Slowking|41/100
|
|upkeep
|turn|42
|inactive|Pyroath has 120 seconds left.
|inactive|Pyroath has 90 seconds left.
|
|t:|1759043865
|-end|p1a: Judgment|Quark Drive|[silent]
|switch|p1a: BigBird|Corviknight, M|11/100 brn
|-ability|p1a: BigBird|Pressure
|move|p2a: Slowking|Sludge Bomb|p1a: BigBird
|-immune|p1a: BigBird
|
|-damage|p1a: BigBird|5/100 brn|[from] brn
|upkeep
|turn|43
|
|t:|1759043871
|switch|p2a: Greninja|Greninja, F|26/100
|move|p1a: BigBird|Roost|p1a: BigBird
|-heal|p1a: BigBird|55/100 brn
|-singleturn|p1a: BigBird|move: Roost
|
|-damage|p1a: BigBird|49/100 brn|[from] brn
|upkeep
|turn|44
|
|t:|1759043875
|move|p2a: Greninja|Surf|p1a: BigBird
|-start|p2a: Greninja|typechange|Water|[from] ability: Protean
|-damage|p1a: BigBird|0 fnt
|faint|p1a: BigBird
|
|upkeep
|
|t:|1759043879
|switch|p1a: Judgment|Iron Valiant|8/100
|turn|45
|inactive|Pyroath has 90 seconds left.
|
|t:|1759043907
|move|p1a: Judgment|Vacuum Wave|p2a: Greninja
|-damage|p2a: Greninja|0 fnt
|faint|p2a: Greninja
|
|upkeep
|
|t:|1759043913
|switch|p2a: Lokix|Lokix, F|6/100
|turn|46
|
|t:|1759043919
|-end|p1a: Judgment|Quark Drive|[silent]
|switch|p1a: McSalt|Garganacl, F|96/100
|move|p2a: Lokix|First Impression|p1a: McSalt
|-damage|p1a: McSalt|51/100
|
|-heal|p1a: McSalt|58/100|[from] item: Leftovers
|upkeep
|turn|47
|inactive|Pyroath has 90 seconds left.
|
|t:|1759043962
|switch|p2a: Great Tusk|Great Tusk|100/100
|move|p1a: McSalt|Salt Cure|p2a: Great Tusk
|-resisted|p2a: Great Tusk
|-damage|p2a: Great Tusk|98/100
|-start|p2a: Great Tusk|Salt Cure
|
|-heal|p1a: McSalt|64/100|[from] item: Leftovers
|-damage|p2a: Great Tusk|85/100|[from] Salt Cure
|upkeep
|turn|48
|
|t:|1759043973
|move|p1a: McSalt|Protect|p1a: McSalt
|-singleturn|p1a: McSalt|Protect
|move|p2a: Great Tusk|Headlong Rush|p1a: McSalt
|-activate|p1a: McSalt|move: Protect
|
|-heal|p1a: McSalt|70/100|[from] item: Leftovers
|-damage|p2a: Great Tusk|73/100|[from] Salt Cure
|upkeep
|turn|49
|
|t:|1759043993
|-terastallize|p1a: McSalt|Water
|move|p2a: Great Tusk|Headlong Rush|p1a: McSalt
|-damage|p1a: McSalt|27/100
|-unboost|p2a: Great Tusk|def|1
|-unboost|p2a: Great Tusk|spd|1
|move|p1a: McSalt|Recover|p1a: McSalt
|-heal|p1a: McSalt|77/100
|
|-heal|p1a: McSalt|83/100|[from] item: Leftovers
|-damage|p2a: Great Tusk|61/100|[from] Salt Cure
|upkeep
|turn|50
|
|t:|1759044003
|-end|p2a: Great Tusk|Protosynthesis|[silent]
|switch|p2a: Hydrapple|Hydrapple, M|100/100
|move|p1a: McSalt|Protect||[still]
|-fail|p1a: McSalt
|
|-heal|p1a: McSalt|89/100|[from] item: Leftovers
|upkeep
|turn|51
|
|t:|1759044008
|move|p2a: Hydrapple|Leaf Storm|p1a: McSalt
|-supereffective|p1a: McSalt
|-damage|p1a: McSalt|0 fnt
|-unboost|p2a: Hydrapple|spa|2
|faint|p1a: McSalt
|
|upkeep
|
|t:|1759044015
|switch|p1a: Judgment|Iron Valiant|8/100
|turn|52
|
|t:|1759044018
|switch|p2a: Slowking|Slowking-Galar, F|74/100
|move|p1a: Judgment|Shadow Ball|p2a: Slowking
|-supereffective|p2a: Slowking
|-damage|p2a: Slowking|41/100
|
|upkeep
|turn|53
|
|t:|1759044024
|move|p1a: Judgment|Shadow Ball|p2a: Slowking
|-supereffective|p2a: Slowking
|-damage|p2a: Slowking|9/100
|-prepare|p2a: Slowking|Chilly Reception|[premajor]
|move|p2a: Slowking|Chilly Reception|p2a: Slowking
|-weather|Snowscape
|
|t:|1759044026
|switch|p2a: Lokix|Lokix, F|6/100|[from] Chilly Reception
|
|-weather|Snowscape|[upkeep]
|upkeep
|turn|54
|
|t:|1759044036
|-end|p1a: Judgment|Quark Drive|[silent]
|switch|p1a: HotPocket|Cinderace, M|100/100
|move|p2a: Lokix|First Impression|p1a: HotPocket
|-resisted|p1a: HotPocket
|-damage|p1a: HotPocket|9/100
|
|-weather|Snowscape|[upkeep]
|upkeep
|turn|55
|inactive|Pyroath has 120 seconds left.
|
|t:|1759044056
|switch|p2a: Moltres|Moltres|91/100
|move|p1a: HotPocket|U-turn|p2a: Moltres
|-start|p1a: HotPocket|typechange|Bug|[from] ability: Libero
|-resisted|p2a: Moltres
|-damage|p2a: Moltres|85/100
|
|t:|1759044060
|switch|p1a: Judgment|Iron Valiant|8/100|[from] U-turn
|
|-weather|Snowscape|[upkeep]
|upkeep
|turn|56
|inactive|Pyroath has 120 seconds left.
|
|t:|1759044079
|move|p1a: Judgment|Thunderbolt|p2a: Moltres
|-supereffective|p2a: Moltres
|-damage|p2a: Moltres|20/100
|move|p2a: Moltres|U-turn|p1a: Judgment
|-resisted|p1a: Judgment
|-damage|p1a: Judgment|4/100
|
|t:|1759044082
|switch|p2a: Lokix|Lokix, F|6/100|[from] U-turn
|
|-weather|Snowscape|[upkeep]
|upkeep
|turn|57
|
|t:|1759044086
|move|p2a: Lokix|First Impression|p1a: Judgment
|-resisted|p1a: Judgment
|-damage|p1a: Judgment|0 fnt
|faint|p1a: Judgment
|-end|p1a: Judgment|Quark Drive|[silent]
|
|-weather|none
|upkeep
|
|t:|1759044089
|switch|p1a: TuskyHustle|Great Tusk|100/100
|turn|58
|inactive|Pyroath has 120 seconds left.
|
|t:|1759044148
|switch|p2a: Moltres|Moltres|20/100
|move|p1a: TuskyHustle|Ice Spinner|p2a: Moltres
|-damage|p2a: Moltres|0 fnt
|faint|p2a: Moltres
|
|upkeep
|
|t:|1759044151
|switch|p2a: Hydrapple|Hydrapple, M|100/100
|turn|59
|
|t:|1759044171
|-end|p1a: TuskyHustle|Protosynthesis|[silent]
|switch|p1a: HotPocket|Cinderace, M|9/100
|-terastallize|p2a: Hydrapple|Fairy
|move|p2a: Hydrapple|Fickle Beam|p1a: HotPocket|[anim] Fickle Beam All Out
|-activate|p2a: Hydrapple|move: Fickle Beam
|-damage|p1a: HotPocket|0 fnt
|faint|p1a: HotPocket
|
|upkeep
|
|t:|1759044175
|switch|p1a: TuskyHustle|Great Tusk|100/100
|turn|60
|inactive|Pyroath has 120 seconds left.
|
|t:|1759044188
|move|p1a: TuskyHustle|Headlong Rush|p2a: Hydrapple
|-damage|p2a: Hydrapple|56/100
|-unboost|p1a: TuskyHustle|def|1
|-unboost|p1a: TuskyHustle|spd|1
|move|p2a: Hydrapple|Fickle Beam|p1a: TuskyHustle|[anim] Fickle Beam All Out
|-activate|p2a: Hydrapple|move: Fickle Beam
|-damage|p1a: TuskyHustle|0 fnt
|faint|p1a: TuskyHustle
|-end|p1a: TuskyHustle|Protosynthesis|[silent]
|
|win|Pyroath
|raw|jahleel's rating: 1616 &rarr; <strong>1591</strong><br />(-25 for losing)
|raw|Pyroath's rating: 1529 &rarr; <strong>1554</strong><br />(+25 for winning)
|l|☆jahleel
|player|p1|
|l|‽Pyroath
|player|p2|
