|j|‽myree
|j|☆The Elite Roman
|t:|1758946838
|gametype|singles
|player|p1|myree|benga|1325
|player|p2|The Elite Roman|bugcatcher-gen4dp|1340
|gen|9
|tier|[Gen 9] OU
|rated|
|rule|HP Percentage Mod: HP is shown in percentages
|rule|Endless Battle Clause: Forcing endless battles is banned
|rule|Species Clause: Limit one of each Pokémon
|rule|OHKO Clause: OHKO moves are banned
|rule|Evasion Items Clause: Evasion items are banned
|rule|Evasion Moves Clause: Evasion moves are banned
|rule|Evasion Abilities Clause: Evasion abilities are banned
|rule|Sleep Moves Clause: Sleep-inducing moves are banned
|clearpoke
|poke|p1|Scream Tail|
|poke|p1|Iron Crown|
|poke|p1|Iron Boulder|
|poke|p1|Iron Hands|
|poke|p1|Samurott-Hisui, M|
|poke|p1|Enamorus-Therian, F|
|poke|p2|Kommo-o, M|
|poke|p2|Mamoswine, M|
|poke|p2|Brambleghast, M|
|poke|p2|Samurott-Hisui, F|
|poke|p2|Weezing-Galar, F|
|poke|p2|Armarouge, F|
|teampreview
|
|t:|1758946850
|teamsize|p1|6
|teamsize|p2|6
|start
|switch|p1a: Samurott|Samurott-Hisui, M|100/100
|switch|p2a: Kommo-o|Kommo-o, M|100/100
|turn|1
|
|t:|1758946859
|switch|p1a: Scream Tail|Scream Tail|100/100
|move|p2a: Kommo-o|Stealth Rock|p1a: Scream Tail
|-sidestart|p1: myree|move: Stealth Rock
|
|upkeep
|turn|2
|
|t:|1758946879
|switch|p2a: Armarouge|Armarouge, F|100/100
|move|p1a: Scream Tail|Encore||[still]
|-fail|p1a: Scream Tail
|
|upkeep
|turn|3
|
|t:|1758946885
|move|p1a: Scream Tail|Ice Beam|p2a: Armarouge
|-resisted|p2a: Armarouge
|-damage|p2a: Armarouge|89/100
|move|p2a: Armarouge|Armor Cannon|p1a: Scream Tail
|-damage|p1a: Scream Tail|56/100
|-unboost|p2a: Armarouge|def|1
|-unboost|p2a: Armarouge|spd|1
|
|upkeep
|turn|4
|
|t:|1758946893
|move|p1a: Scream Tail|Wish|p1a: Scream Tail
|move|p2a: Armarouge|Armor Cannon|p1a: Scream Tail
|-damage|p1a: Scream Tail|17/100
|-unboost|p2a: Armarouge|def|1
|-unboost|p2a: Armarouge|spd|1
|
|upkeep
|turn|5
|
|t:|1758946901
|switch|p2a: Mamoswine|Mamoswine, M, shiny|100/100
|move|p1a: Scream Tail|Protect||[still]
|-fail|p1a: Scream Tail
|
|-heal|p1a: Scream Tail|67/100|[from] move: Wish|[wisher] Scream Tail
|upkeep
|turn|6
|
|t:|1758946908
|move|p2a: Mamoswine|Trailblaze|p1a: Scream Tail
|-damage|p1a: Scream Tail|52/100
|-boost|p2a: Mamoswine|spe|1
|-damage|p2a: Mamoswine|91/100|[from] item: Life Orb
|move|p1a: Scream Tail|Wish|p1a: Scream Tail
|
|upkeep
|turn|7
|
|t:|1758946912
|move|p2a: Mamoswine|Earthquake|p1a: Scream Tail
|-damage|p1a: Scream Tail|3/100
|-damage|p2a: Mamoswine|81/100|[from] item: Life Orb
|move|p1a: Scream Tail|Encore|p2a: Mamoswine
|-start|p2a: Mamoswine|Encore
|
|-heal|p1a: Scream Tail|53/100|[from] move: Wish|[wisher] Scream Tail
|upkeep
|turn|8
|
|t:|1758946917
|-end|p1a: Scream Tail|Protosynthesis|[silent]
|switch|p1a: Enamorus|Enamorus-Therian, F|100/100
|move|p2a: Mamoswine|Earthquake|p1a: Enamorus
|-immune|p1a: Enamorus
|
|upkeep
|turn|9
|
|t:|1758946930
|switch|p2a: Weezing|Weezing-Galar, F|100/100
|-ability|p2a: Weezing|Neutralizing Gas
|move|p1a: Enamorus|Iron Defense|p1a: Enamorus
|-boost|p1a: Enamorus|def|2
|
|upkeep
|turn|10
|
|t:|1758946936
|-terastallize|p1a: Enamorus|Steel
|move|p2a: Weezing|Toxic|p1a: Enamorus
|-immune|p1a: Enamorus
|move|p1a: Enamorus|Calm Mind|p1a: Enamorus
|-boost|p1a: Enamorus|spa|1
|-boost|p1a: Enamorus|spd|1
|
|upkeep
|turn|11
|
|t:|1758946945
|-end|p2a: Weezing|ability: Neutralizing Gas
|switch|p2a: Kommo-o|Kommo-o, M|100/100
|move|p1a: Enamorus|Calm Mind|p1a: Enamorus
|-boost|p1a: Enamorus|spa|1
|-boost|p1a: Enamorus|spd|1
|
|upkeep
|turn|12
|
|t:|1758946949
|-terastallize|p2a: Kommo-o|Steel
|move|p1a: Enamorus|Draining Kiss|p2a: Kommo-o
|-resisted|p2a: Kommo-o
|-damage|p2a: Kommo-o|74/100
|move|p2a: Kommo-o|Dragon Tail|p1a: Enamorus
|-resisted|p1a: Enamorus
|-damage|p1a: Enamorus|96/100
|drag|p1a: Iron Crown|Iron Crown|100/100
|-damage|p1a: Iron Crown|94/100|[from] Stealth Rock
|
|upkeep
|turn|13
|
|t:|1758946959
|switch|p2a: Samurott|Samurott-Hisui, F|100/100
|move|p1a: Iron Crown|Future Sight|p2a: Samurott
|-start|p1a: Iron Crown|move: Future Sight
|
|upkeep
|turn|14
|
|t:|1758946970
|-end|p1a: Iron Crown|Quark Drive|[silent]
|switch|p1a: Iron Hands|Iron Hands|100/100
|move|p2a: Samurott|Flip Turn|p1a: Iron Hands
|-damage|p1a: Iron Hands|83/100
|
|t:|1758946977
|switch|p2a: Armarouge|Armarouge, F|89/100|[from] Flip Turn
|
|upkeep
|turn|15
|
|t:|1758946982
|-end|p1a: Iron Hands|Quark Drive|[silent]
|switch|p1a: Samurott|Samurott-Hisui, M|100/100
|-damage|p1a: Samurott|88/100|[from] Stealth Rock
|move|p2a: Armarouge|Psyshock|p1a: Samurott
|-immune|p1a: Samurott
|
|-end|p2a: Armarouge|move: Future Sight
|-resisted|p2a: Armarouge
|-damage|p2a: Armarouge|53/100
|upkeep
|turn|16
|
|t:|1758946987
|switch|p2a: Weezing|Weezing-Galar, F|100/100
|-ability|p2a: Weezing|Neutralizing Gas
|move|p1a: Samurott|Ceaseless Edge|p2a: Weezing|[miss]
|-miss|p1a: Samurott|p2a: Weezing
|
|upkeep
|turn|17
|
|t:|1758946994
|switch|p1a: Enamorus|Enamorus-Therian, F, tera:Steel|96/100
|move|p2a: Weezing|Strange Steam|p1a: Enamorus
|-resisted|p1a: Enamorus
|-damage|p1a: Enamorus|82/100
|
|upkeep
|turn|18
|
|t:|1758947004
|-end|p2a: Weezing|ability: Neutralizing Gas
|switch|p2a: Mamoswine|Mamoswine, M, shiny|81/100
|move|p1a: Enamorus|Calm Mind|p1a: Enamorus
|-boost|p1a: Enamorus|spa|1
|-boost|p1a: Enamorus|spd|1
|
|upkeep
|turn|19
|
|t:|1758947014
|switch|p1a: Scream Tail|Scream Tail|53/100
|move|p2a: Mamoswine|Earthquake|p1a: Scream Tail
|-damage|p1a: Scream Tail|5/100
|-damage|p2a: Mamoswine|71/100|[from] item: Life Orb
|
|upkeep
|turn|20
|-message|myree forfeited.
|
|win|The Elite Roman
|raw|myree's rating: 1325 &rarr; <strong>1306</strong><br />(-19 for losing)
|raw|The Elite Roman's rating: 1340 &rarr; <strong>1359</strong><br />(+19 for winning)
|l|‽myree
|player|p1|
|l|☆The Elite Roman
|player|p2|
