|j|☆Nameless Moron
|j|☆coping walrus
|t:|1759070900
|gametype|singles
|player|p1|Nameless Moron|unknown|1096
|player|p2|coping walrus|wattson|1143
|gen|9
|tier|[Gen 9] OU
|rated|
|rule|HP Percentage Mod: HP is shown in percentages
|rule|Endless Battle Clause: Forcing endless battles is banned
|rule|Species Clause: Limit one of each Pokémon
|rule|OHKO Clause: OHKO moves are banned
|rule|Evasion Items Clause: Evasion items are banned
|rule|Evasion Moves Clause: Evasion moves are banned
|rule|Evasion Abilities Clause: Evasion abilities are banned
|rule|Sleep Moves Clause: Sleep-inducing moves are banned
|clearpoke
|poke|p1|Slowking-Galar, F|
|poke|p1|Zamazenta-*|
|poke|p1|Kyurem|
|poke|p1|Cinderace, M|
|poke|p1|Iron Valiant|
|poke|p1|Great Tusk|
|poke|p2|Abomasnow, F|
|poke|p2|Diancie|
|poke|p2|Staraptor, F|
|poke|p2|Volcanion|
|poke|p2|Polteageist|
|poke|p2|Donphan, F|
|teampreview
|inactive|Battle timer is ON: inactive players will automatically lose when time's up. (requested by coping walrus)
|inactive|Nameless Moron also wants the timer to be on.
|
|t:|1759070917
|teamsize|p1|6
|teamsize|p2|6
|start
|switch|p1a: Slowking|Slowking-Galar, F|100/100
|switch|p2a: Private Dancer|Diancie, shiny|100/100
|turn|1
|
|t:|1759070928
|switch|p2a: Hawk Tuah|Staraptor, F, shiny|100/100
|move|p1a: Slowking|Future Sight|p2a: Hawk Tuah
|-start|p1a: Slowking|move: Future Sight
|
|upkeep
|turn|2
|
|t:|1759070938
|switch|p1a: Kyurem|Kyurem, shiny|100/100
|-ability|p1a: Kyurem|Pressure
|move|p2a: Hawk Tuah|Brave Bird|p1a: Kyurem
|-damage|p1a: Kyurem|1/100
|-damage|p2a: Hawk Tuah|59/100|[from] Recoil
|
|upkeep
|turn|3
|
|t:|1759070948
|switch|p1a: Great Tusk|Great Tusk|100/100
|move|p2a: Hawk Tuah|Brave Bird|p1a: Great Tusk
|-supereffective|p1a: Great Tusk
|-damage|p1a: Great Tusk|0 fnt
|-damage|p2a: Hawk Tuah|42/100|[from] item: Rocky Helmet|[of] p1a: Great Tusk
|faint|p1a: Great Tusk
|-end|p1a: Great Tusk|Protosynthesis|[silent]
|-damage|p2a: Hawk Tuah|0 fnt|[from] Recoil
|faint|p2a: Hawk Tuah
|
|-hint|Future Sight did not hit because the target is fainted.
|upkeep
|
|t:|1759070968
|switch|p2a: Private Dancer|Diancie, shiny|100/100
|switch|p1a: Cinderace|Cinderace, M|100/100
|turn|4
|
|t:|1759070976
|move|p1a: Cinderace|Trailblaze|p2a: Private Dancer
|-start|p1a: Cinderace|typechange|Grass|[from] ability: Libero
|-supereffective|p2a: Private Dancer
|-damage|p2a: Private Dancer|58/100
|-boost|p1a: Cinderace|spe|1
|move|p2a: Private Dancer|Diamond Storm|p1a: Cinderace
|-damage|p1a: Cinderace|53/100
|-boost|p2a: Private Dancer|def|2
|
|-heal|p2a: Private Dancer|65/100|[from] item: Leftovers
|upkeep
|turn|5
|
|t:|1759070990
|move|p1a: Cinderace|U-turn|p2a: Private Dancer
|-resisted|p2a: Private Dancer
|-damage|p2a: Private Dancer|60/100
|
|t:|1759070997
|switch|p1a: Zamazenta|Zamazenta|100/100|[from] U-turn
|-ability|p1a: Zamazenta|Dauntless Shield|boost
|-boost|p1a: Zamazenta|def|1
|move|p2a: Private Dancer|Diamond Storm|p1a: Zamazenta
|-resisted|p1a: Zamazenta
|-damage|p1a: Zamazenta|91/100
|-boost|p2a: Private Dancer|def|2
|
|-heal|p1a: Zamazenta|97/100|[from] item: Leftovers
|-heal|p2a: Private Dancer|66/100|[from] item: Leftovers
|upkeep
|turn|6
|
|t:|1759071007
|move|p2a: Private Dancer|Diamond Storm|p1a: Zamazenta
|-resisted|p1a: Zamazenta
|-damage|p1a: Zamazenta|89/100
|move|p1a: Zamazenta|Roar|p2a: Private Dancer
|drag|p2a: Yukon Cornelius|Abomasnow, F, shiny|100/100
|-weather|Snowscape|[from] ability: Snow Warning|[of] p2a: Yukon Cornelius
|
|-weather|Snowscape|[upkeep]
|-heal|p1a: Zamazenta|95/100|[from] item: Leftovers
|upkeep
|turn|7
|
|t:|1759071028
|switch|p2a: Mrs. Potts|Polteageist, shiny|100/100
|move|p1a: Zamazenta|Crunch|p2a: Mrs. Potts
|-supereffective|p2a: Mrs. Potts
|-damage|p2a: Mrs. Potts|18/100
|-ability|p2a: Mrs. Potts|Weak Armor|boost
|-unboost|p2a: Mrs. Potts|def|1
|-boost|p2a: Mrs. Potts|spe|2
|
|-weather|Snowscape|[upkeep]
|-heal|p1a: Zamazenta|100/100|[from] item: Leftovers
|upkeep
|turn|8
|
|t:|1759071039
|move|p2a: Mrs. Potts|Stored Power|p1a: Zamazenta
|-supereffective|p1a: Zamazenta
|-damage|p1a: Zamazenta|60/100
|move|p1a: Zamazenta|Crunch|p2a: Mrs. Potts
|-supereffective|p2a: Mrs. Potts
|-damage|p2a: Mrs. Potts|0 fnt
|faint|p2a: Mrs. Potts
|
|-weather|Snowscape|[upkeep]
|-heal|p1a: Zamazenta|66/100|[from] item: Leftovers
|upkeep
|inactive|coping walrus has 120 seconds left.
|
|t:|1759071059
|switch|p2a: Private Dancer|Diancie, shiny|66/100
|turn|9
|
|t:|1759071066
|-terastallize|p2a: Private Dancer|Flying
|move|p1a: Zamazenta|Body Press|p2a: Private Dancer
|-resisted|p2a: Private Dancer
|-damage|p2a: Private Dancer|45/100
|move|p2a: Private Dancer|Draining Kiss|p1a: Zamazenta
|-supereffective|p1a: Zamazenta
|-damage|p1a: Zamazenta|39/100
|-heal|p2a: Private Dancer|77/100|[from] drain|[of] p1a: Zamazenta
|
|-weather|Snowscape|[upkeep]
|-heal|p1a: Zamazenta|45/100|[from] item: Leftovers
|-heal|p2a: Private Dancer|83/100|[from] item: Leftovers
|upkeep
|turn|10
|
|t:|1759071077
|move|p2a: Private Dancer|Draining Kiss|p1a: Zamazenta
|-supereffective|p1a: Zamazenta
|-damage|p1a: Zamazenta|16/100
|-heal|p2a: Private Dancer|100/100|[from] drain|[of] p1a: Zamazenta
|move|p1a: Zamazenta|Roar|p2a: Private Dancer
|drag|p2a: Bagga Hot Cheetos|Volcanion|100/100
|
|-weather|none
|-heal|p1a: Zamazenta|22/100|[from] item: Leftovers
|upkeep
|turn|11
|
|t:|1759071090
|move|p1a: Zamazenta|Body Press|p2a: Bagga Hot Cheetos
|-damage|p2a: Bagga Hot Cheetos|52/100
|move|p2a: Bagga Hot Cheetos|Steam Eruption|p1a: Zamazenta
|-damage|p1a: Zamazenta|0 fnt
|faint|p1a: Zamazenta
|
|upkeep
|
|t:|1759071098
|switch|p1a: Kyurem|Kyurem, shiny|1/100
|-ability|p1a: Kyurem|Pressure
|turn|12
|
|t:|1759071104
|move|p1a: Kyurem|Freeze-Dry|p2a: Bagga Hot Cheetos
|-damage|p2a: Bagga Hot Cheetos|0 fnt
|faint|p2a: Bagga Hot Cheetos
|
|upkeep
|
|t:|1759071110
|switch|p2a: Private Dancer|Diancie, shiny, tera:Flying|100/100
|turn|13
|
|t:|1759071114
|-terastallize|p1a: Kyurem|Ice
|move|p1a: Kyurem|Freeze-Dry|p2a: Private Dancer
|-supereffective|p2a: Private Dancer
|-damage|p2a: Private Dancer|0 fnt
|faint|p2a: Private Dancer
|
|upkeep
|
|t:|1759071123
|switch|p2a: Yukon Cornelius|Abomasnow, F, shiny|100/100
|-weather|Snowscape|[from] ability: Snow Warning|[of] p2a: Yukon Cornelius
|turn|14
|
|t:|1759071127
|move|p1a: Kyurem|Freeze-Dry|p2a: Yukon Cornelius
|-damage|p2a: Yukon Cornelius|27/100
|move|p2a: Yukon Cornelius|Giga Drain|p1a: Kyurem
|-damage|p1a: Kyurem|0 fnt
|-heal|p2a: Yukon Cornelius|28/100|[from] drain|[of] p1a: Kyurem
|faint|p1a: Kyurem
|
|-weather|Snowscape|[upkeep]
|upkeep
|
|t:|1759071136
|switch|p1a: Cinderace|Cinderace, M|53/100
|turn|15
|
|t:|1759071140
|move|p1a: Cinderace|Pyro Ball|p2a: Yukon Cornelius
|-supereffective|p2a: Yukon Cornelius
|-damage|p2a: Yukon Cornelius|0 fnt
|faint|p2a: Yukon Cornelius
|
|-weather|Snowscape|[upkeep]
|upkeep
|
|t:|1759071144
|switch|p2a: Mûmakil|Donphan, F, shiny|100/100
|turn|16
|
|t:|1759071148
|move|p1a: Cinderace|Trailblaze|p2a: Mûmakil
|-start|p1a: Cinderace|typechange|Grass|[from] ability: Libero
|-supereffective|p2a: Mûmakil
|-damage|p2a: Mûmakil|66/100
|-boost|p1a: Cinderace|spe|1
|-damage|p1a: Cinderace|37/100|[from] item: Rocky Helmet|[of] p2a: Mûmakil
|move|p2a: Mûmakil|Earthquake|p1a: Cinderace
|-resisted|p1a: Cinderace
|-damage|p1a: Cinderace|0 fnt
|faint|p1a: Cinderace
|
|-weather|Snowscape|[upkeep]
|upkeep
|
|t:|1759071165
|switch|p1a: Iron Valiant|Iron Valiant|100/100
|-enditem|p1a: Iron Valiant|Booster Energy
|-activate|p1a: Iron Valiant|ability: Quark Drive|[fromitem]
|-start|p1a: Iron Valiant|quarkdrivespe
|turn|17
|
|t:|1759071178
|move|p1a: Iron Valiant|Moonblast|p2a: Mûmakil
|-damage|p2a: Mûmakil|0 fnt
|faint|p2a: Mûmakil
|
|win|Nameless Moron
|raw|Nameless Moron's rating: 1096 &rarr; <strong>1125</strong><br />(+29 for winning)
|raw|coping walrus's rating: 1143 &rarr; <strong>1115</strong><br />(-28 for losing)
