|j|☆Toxicognath
|j|☆pancakesviolin
|t:|1758947527
|gametype|singles
|player|p1|Toxicognath|170|1427
|player|p2|pancakesviolin|169|1391
|gen|9
|tier|[Gen 9] OU
|rated|
|rule|HP Percentage Mod: HP is shown in percentages
|rule|Endless Battle Clause: Forcing endless battles is banned
|rule|Species Clause: Limit one of each Pokémon
|rule|OHKO Clause: OHKO moves are banned
|rule|Evasion Items Clause: Evasion items are banned
|rule|Evasion Moves Clause: Evasion moves are banned
|rule|Evasion Abilities Clause: Evasion abilities are banned
|rule|Sleep Moves Clause: Sleep-inducing moves are banned
|clearpoke
|poke|p1|Ogerpon-Cornerstone, F|
|poke|p1|Iron Treads|
|poke|p1|Cramorant, M|
|poke|p1|Pecharunt|
|poke|p1|Darkrai|
|poke|p1|Iron Crown|
|poke|p2|Darkrai|
|poke|p2|Hydrapple, M|
|poke|p2|Slowking-Galar, M|
|poke|p2|Grafaiai, M|
|poke|p2|Sinistcha|
|poke|p2|Donphan, M|
|teampreview
|inactive|Battle timer is ON: inactive players will automatically lose when time's up. (requested by Toxicognath)
|
|t:|1758947551
|teamsize|p1|6
|teamsize|p2|6
|start
|switch|p1a: Cramorant|Cramorant, M, shiny|100/100
|switch|p2a: Donphan|Donphan, M|100/100
|turn|1
|
|t:|1758947556
|move|p1a: Cramorant|Surf|p2a: Donphan
|-formechange|p1a: Cramorant|Cramorant-Gulping|
|-supereffective|p2a: Donphan
|-damage|p2a: Donphan|7/100
|move|p2a: Donphan|Stealth Rock|p1a: Cramorant
|-sidestart|p1: Toxicognath|move: Stealth Rock
|
|-heal|p2a: Donphan|13/100|[from] item: Leftovers
|upkeep
|turn|2
|
|t:|1758947584
|switch|p2a: Grafaiai|Grafaiai, M|100/100
|move|p1a: Cramorant|Surf|p2a: Grafaiai
|-damage|p2a: Grafaiai|65/100
|
|-heal|p2a: Grafaiai|71/100|[from] item: Black Sludge
|upkeep
|turn|3
|
|t:|1758947592
|move|p2a: Grafaiai|Toxic|p1a: Cramorant
|-status|p1a: Cramorant|tox
|move|p1a: Cramorant|Hurricane|p2a: Grafaiai|[miss]
|-miss|p1a: Cramorant|p2a: Grafaiai
|
|-heal|p2a: Grafaiai|77/100|[from] item: Black Sludge
|-damage|p1a: Cramorant|94/100 tox|[from] psn
|upkeep
|turn|4
|
|t:|1758947599
|move|p2a: Grafaiai|Parting Shot|p1a: Cramorant
|-unboost|p1a: Cramorant|atk|1
|-unboost|p1a: Cramorant|spa|1
|
|t:|1758947603
|switch|p2a: Slowking|Slowking-Galar, M|100/100|[from] Parting Shot
|move|p1a: Cramorant|Hurricane|p2a: Slowking
|-damage|p2a: Slowking|86/100
|
|-damage|p1a: Cramorant|82/100 tox|[from] psn
|upkeep
|turn|5
|
|t:|1758947612
|switch|p1a: Darkrai|Darkrai|100/100
|-damage|p1a: Darkrai|88/100|[from] Stealth Rock
|switch|p2a: Grafaiai|Grafaiai, M|77/100
|
|-heal|p1a: Darkrai|94/100|[from] item: Leftovers
|-heal|p2a: Grafaiai|83/100|[from] item: Black Sludge
|upkeep
|turn|6
|
|t:|1758947620
|move|p1a: Darkrai|Nasty Plot|p1a: Darkrai
|-boost|p1a: Darkrai|spa|2
|move|p2a: Grafaiai|Knock Off|p1a: Darkrai
|-resisted|p1a: Darkrai
|-damage|p1a: Darkrai|80/100
|-enditem|p1a: Darkrai|Leftovers|[from] move: Knock Off|[of] p2a: Grafaiai
|
|-heal|p2a: Grafaiai|89/100|[from] item: Black Sludge
|upkeep
|turn|7
|
|t:|1758947628
|switch|p2a: Donphan|Donphan, M|13/100
|move|p1a: Darkrai|Nasty Plot|p1a: Darkrai
|-boost|p1a: Darkrai|spa|2
|
|-heal|p2a: Donphan|19/100|[from] item: Leftovers
|upkeep
|turn|8
|
|t:|1758947635
|move|p2a: Donphan|Ice Shard|p1a: Darkrai
|-damage|p1a: Darkrai|66/100
|move|p1a: Darkrai|Dark Pulse|p2a: Donphan
|-damage|p2a: Donphan|0 fnt
|faint|p2a: Donphan
|
|upkeep
|
|t:|1758947646
|switch|p2a: Slowking|Slowking-Galar, M|100/100
|turn|9
|
|t:|1758947651
|-terastallize|p2a: Slowking|Grass
|move|p1a: Darkrai|Dark Pulse|p2a: Slowking
|-damage|p2a: Slowking|35/100
|move|p2a: Slowking|Sludge Bomb|p1a: Darkrai
|-damage|p1a: Darkrai|8/100
|
|upkeep
|turn|10
|
|t:|1758947659
|move|p1a: Darkrai|Dark Pulse|p2a: Slowking
|-damage|p2a: Slowking|0 fnt
|faint|p2a: Slowking
|
|upkeep
|
|t:|1758947663
|switch|p2a: Darkrai|Darkrai|100/100
|turn|11
|
|t:|1758947666
|move|p2a: Darkrai|Dark Pulse|p1a: Darkrai
|-resisted|p1a: Darkrai
|-damage|p1a: Darkrai|0 fnt
|faint|p1a: Darkrai
|
|upkeep
|
|t:|1758947671
|switch|p1a: Cramorant|Cramorant, M, shiny|82/100 tox
|-damage|p1a: Cramorant|57/100 tox|[from] Stealth Rock
|turn|12
|
|t:|1758947678
|move|p2a: Darkrai|Dark Pulse|p1a: Cramorant
|-damage|p1a: Cramorant|7/100 tox
|move|p1a: Cramorant|Surf|p2a: Darkrai
|-formechange|p1a: Cramorant|Cramorant-Gorging|
|-damage|p2a: Darkrai|57/100
|
|-damage|p1a: Cramorant|1/100 tox|[from] psn
|upkeep
|turn|13
|-enditem|p1a: Cramorant|Custap Berry|[eat]
|-activate|p1a: Cramorant|item: Custap Berry|[consumed]
|
|t:|1758947692
|switch|p2a: Grafaiai|Grafaiai, M|89/100
|move|p1a: Cramorant|Surf|p2a: Grafaiai
|-damage|p2a: Grafaiai|56/100
|
|-heal|p2a: Grafaiai|62/100|[from] item: Black Sludge
|-damage|p1a: Cramorant|0 fnt|[from] psn
|faint|p1a: Cramorant
|upkeep
|
|t:|1758947710
|switch|p1a: Iron Treads|Iron Treads|100/100
|-damage|p1a: Iron Treads|97/100|[from] Stealth Rock
|turn|14
|
|t:|1758947715
|move|p2a: Grafaiai|Parting Shot|p1a: Iron Treads
|-unboost|p1a: Iron Treads|atk|1
|-unboost|p1a: Iron Treads|spa|1
|
|t:|1758947718
|switch|p2a: Sinistcha|Sinistcha|100/100|[from] Parting Shot
|move|p1a: Iron Treads|Volt Switch|p2a: Sinistcha
|-resisted|p2a: Sinistcha
|-damage|p2a: Sinistcha|96/100
|
|t:|1758947721
|-end|p1a: Iron Treads|Quark Drive|[silent]
|switch|p1a: Iron Crown|Iron Crown|100/100|[from] Volt Switch
|-damage|p1a: Iron Crown|94/100|[from] Stealth Rock
|
|-heal|p2a: Sinistcha|100/100|[from] item: Leftovers
|upkeep
|turn|15
|
|t:|1758947735
|move|p1a: Iron Crown|Tachyon Cutter|p2a: Sinistcha
|-damage|p2a: Sinistcha|55/100
|-damage|p2a: Sinistcha|8/100
|-hitcount|p2a: Sinistcha|2
|move|p2a: Sinistcha|Night Shade|p1a: Iron Crown
|-damage|p1a: Iron Crown|63/100
|
|-heal|p2a: Sinistcha|14/100|[from] item: Leftovers
|upkeep
|turn|16
|
|t:|1758947743
|move|p1a: Iron Crown|Tachyon Cutter|p2a: Sinistcha
|-damage|p2a: Sinistcha|0 fnt
|faint|p2a: Sinistcha
|-hitcount|p2: Sinistcha|1
|
|upkeep
|
|t:|1758947749
|switch|p2a: Darkrai|Darkrai|57/100
|turn|17
|
|t:|1758947766
|-end|p1a: Iron Crown|Quark Drive|[silent]
|switch|p1a: Pecharunt|Pecharunt|100/100
|-damage|p1a: Pecharunt|88/100|[from] Stealth Rock
|move|p2a: Darkrai|Dark Pulse|p1a: Pecharunt
|-supereffective|p1a: Pecharunt
|-damage|p1a: Pecharunt|9/100
|
|upkeep
|turn|18
|
|t:|1758947774
|move|p2a: Darkrai|Nasty Plot|p2a: Darkrai
|-boost|p2a: Darkrai|spa|2
|move|p1a: Pecharunt|Malignant Chain|p2a: Darkrai
|-damage|p2a: Darkrai|14/100
|
|upkeep
|turn|19
|
|t:|1758947781
|move|p2a: Darkrai|Dark Pulse|p1a: Pecharunt
|-supereffective|p1a: Pecharunt
|-damage|p1a: Pecharunt|0 fnt
|faint|p1a: Pecharunt
|
|upkeep
|
|t:|1758947783
|switch|p1a: Iron Treads|Iron Treads|97/100
|-damage|p1a: Iron Treads|94/100|[from] Stealth Rock
|turn|20
|
|t:|1758947789
|move|p1a: Iron Treads|Volt Switch|p2a: Darkrai
|-damage|p2a: Darkrai|0 fnt
|faint|p2a: Darkrai
|
|t:|1758947795
|-end|p1a: Iron Treads|Quark Drive|[silent]
|switch|p1a: Ogerpon|Ogerpon-Cornerstone, F|100/100|[from] Volt Switch
|-damage|p1a: Ogerpon|88/100|[from] Stealth Rock
|
|upkeep
|
|t:|1758947799
|switch|p2a: Hydrapple|Hydrapple, M|100/100
|turn|21
|
|t:|1758947809
|move|p1a: Ogerpon|Ivy Cudgel|p2a: Hydrapple|[anim] Ivy Cudgel Rock
|-damage|p2a: Hydrapple|68/100
|move|p2a: Hydrapple|Body Press|p1a: Ogerpon
|-supereffective|p1a: Ogerpon
|-damage|p1a: Ogerpon|18/100
|
|upkeep
|turn|22
|
|t:|1758947816
|move|p1a: Ogerpon|Ivy Cudgel|p2a: Hydrapple|[anim] Ivy Cudgel Rock
|-crit|p2a: Hydrapple
|-damage|p2a: Hydrapple|22/100
|move|p2a: Hydrapple|Recover|p2a: Hydrapple
|-heal|p2a: Hydrapple|72/100
|
|upkeep
|turn|23
|
|t:|1758947825
|-terastallize|p1a: Ogerpon|Rock
|detailschange|p1a: Ogerpon|Ogerpon-Cornerstone-Tera, F, tera:Rock
|-ability|p1a: Ogerpon|Embody Aspect (Cornerstone)|boost
|-boost|p1a: Ogerpon|def|1
|move|p1a: Ogerpon|Ivy Cudgel|p2a: Hydrapple|[anim] Ivy Cudgel Rock
|-damage|p2a: Hydrapple|29/100
|move|p2a: Hydrapple|Recover|p2a: Hydrapple
|-heal|p2a: Hydrapple|79/100
|
|upkeep
|turn|24
|
|t:|1758947834
|move|p1a: Ogerpon|Ivy Cudgel|p2a: Hydrapple|[anim] Ivy Cudgel Rock
|-crit|p2a: Hydrapple
|-damage|p2a: Hydrapple|9/100
|move|p2a: Hydrapple|Earth Power|p1a: Ogerpon
|-supereffective|p1a: Ogerpon
|-damage|p1a: Ogerpon|0 fnt
|faint|p1a: Ogerpon
|detailschange|p1: Ogerpon|Ogerpon-Cornerstone, F|[silent]
|
|upkeep
|
|t:|1758947839
|switch|p1a: Iron Crown|Iron Crown|63/100
|-damage|p1a: Iron Crown|57/100|[from] Stealth Rock
|turn|25
|
|t:|1758947846
|switch|p2a: Grafaiai|Grafaiai, M|62/100
|move|p1a: Iron Crown|Tachyon Cutter|p2a: Grafaiai
|-damage|p2a: Grafaiai|27/100
|-damage|p2a: Grafaiai|0 fnt
|faint|p2a: Grafaiai
|-hitcount|p2: Grafaiai|2
|
|upkeep
|
|t:|1758947853
|switch|p2a: Hydrapple|Hydrapple, M|42/100
|turn|26
|
|t:|1758947856
|move|p1a: Iron Crown|Tachyon Cutter|p2a: Hydrapple
|-damage|p2a: Hydrapple|7/100
|-damage|p2a: Hydrapple|0 fnt
|faint|p2a: Hydrapple
|-hitcount|p2: Hydrapple|2
|
|win|Toxicognath
|raw|Toxicognath's rating: 1427 &rarr; <strong>1445</strong><br />(+18 for winning)
|raw|pancakesviolin's rating: 1391 &rarr; <strong>1373</strong><br />(-18 for losing)
|l|☆Toxicognath
|player|p1|
