|j|☆romeo30001
|j|☆cordonbloom
|t:|1759034431
|gametype|singles
|player|p1|romeo30001|2|1162
|player|p2|cordonbloom|102|1167
|gen|9
|tier|[Gen 9] OU
|rated|
|rule|HP Percentage Mod: HP is shown in percentages
|rule|Endless Battle Clause: Forcing endless battles is banned
|rule|Species Clause: Limit one of each Pokémon
|rule|OHKO Clause: OHKO moves are banned
|rule|Evasion Items Clause: Evasion items are banned
|rule|Evasion Moves Clause: Evasion moves are banned
|rule|Evasion Abilities Clause: Evasion abilities are banned
|rule|Sleep Moves Clause: Sleep-inducing moves are banned
|clearpoke
|poke|p1|Zarude|
|poke|p1|Mamoswine, M|
|poke|p1|Alomomola, M|
|poke|p1|Toxapex, F|
|poke|p1|Thundurus-Therian, M|
|poke|p1|Hydrapple, F|
|poke|p2|Glimmora, F|
|poke|p2|Samurott-Hisui, M|
|poke|p2|Gholdengo|
|poke|p2|Thundurus-Therian, M|
|poke|p2|Alomomola, M|
|poke|p2|Ting-Lu|
|teampreview
|inactive|Battle timer is ON: inactive players will automatically lose when time's up. (requested by romeo30001)
|
|t:|1759034445
|teamsize|p1|6
|teamsize|p2|6
|start
|switch|p1a: Hydrapple|Hydrapple, F|100/100
|switch|p2a: Samurott|Samurott-Hisui, M|100/100
|turn|1
|
|t:|1759034460
|switch|p2a: Thundurus|Thundurus-Therian, M|100/100
|move|p1a: Hydrapple|Nasty Plot|p1a: Hydrapple
|-boost|p1a: Hydrapple|spa|2
|
|upkeep
|turn|2
|
|t:|1759034471
|move|p2a: Thundurus|Sludge Bomb|p1a: Hydrapple
|-supereffective|p1a: Hydrapple
|-damage|p1a: Hydrapple|47/100
|move|p1a: Hydrapple|Fickle Beam|p2a: Thundurus|[anim] Fickle Beam All Out
|-activate|p1a: Hydrapple|move: Fickle Beam
|-damage|p2a: Thundurus|0 fnt
|faint|p2a: Thundurus
|
|upkeep
|
|t:|1759034481
|switch|p2a: Glimmora|Glimmora, F|100/100
|turn|3
|
|t:|1759034488
|move|p2a: Glimmora|Power Gem|p1a: Hydrapple
|-damage|p1a: Hydrapple|14/100
|move|p1a: Hydrapple|Earth Power|p2a: Glimmora
|-supereffective|p2a: Glimmora
|-damage|p2a: Glimmora|0 fnt
|faint|p2a: Glimmora
|
|upkeep
|
|t:|1759034497
|switch|p2a: Samurott|Samurott-Hisui, M|100/100
|turn|4
|
|t:|1759034508
|switch|p1a: Zarude|Zarude|100/100
|move|p2a: Samurott|Sucker Punch||[still]
|-fail|p2a: Samurott
|
|upkeep
|turn|5
|
|t:|1759034522
|move|p1a: Zarude|U-turn|p2a: Samurott
|-supereffective|p2a: Samurott
|-damage|p2a: Samurott|22/100
|
|t:|1759034528
|switch|p1a: Alomomola|Alomomola, M|100/100|[from] U-turn
|move|p2a: Samurott|Ceaseless Edge|p1a: Alomomola
|-damage|p1a: Alomomola|72/100
|-damage|p2a: Samurott|6/100|[from] item: Rocky Helmet|[of] p1a: Alomomola
|-sidestart|p1: romeo30001|Spikes
|
|upkeep
|turn|6
|
|t:|1759034538
|switch|p2a: Alomomola|Alomomola, M|100/100
|move|p1a: Alomomola|Wish|p1a: Alomomola
|
|upkeep
|turn|7
|
|t:|1759034543
|move|p2a: Alomomola|Wish|p2a: Alomomola
|move|p1a: Alomomola|Flip Turn|p2a: Alomomola
|-resisted|p2a: Alomomola
|-damage|p2a: Alomomola|96/100
|
|t:|1759034551
|switch|p1a: Hydrapple|Hydrapple, F|47/100|[from] Flip Turn
|
|-heal|p1a: Hydrapple|100/100|[from] move: Wish|[wisher] Alomomola
|-heal|p2a: Alomomola|100/100|[from] item: Leftovers
|upkeep
|turn|8
|
|t:|1759034561
|move|p2a: Alomomola|Flip Turn|p1a: Hydrapple
|-resisted|p1a: Hydrapple
|-damage|p1a: Hydrapple|98/100
|
|t:|1759034565
|switch|p2a: Samurott|Samurott-Hisui, M|6/100|[from] Flip Turn
|move|p1a: Hydrapple|Nasty Plot|p1a: Hydrapple
|-boost|p1a: Hydrapple|spa|2
|
|-heal|p2a: Samurott|75/100|[from] move: Wish|[wisher] Alomomola
|upkeep
|turn|9
|
|t:|1759034581
|switch|p2a: Gholdengo|Gholdengo|100/100
|-item|p2a: Gholdengo|Air Balloon
|move|p1a: Hydrapple|Giga Drain|p2a: Gholdengo
|-resisted|p2a: Gholdengo
|-damage|p2a: Gholdengo|62/100
|-heal|p1a: Hydrapple|100/100|[from] drain|[of] p2a: Gholdengo
|-enditem|p2a: Gholdengo|Air Balloon
|
|upkeep
|turn|10
|
|t:|1759034593
|move|p2a: Gholdengo|Make It Rain|p1a: Hydrapple
|-damage|p1a: Hydrapple|35/100
|-unboost|p2a: Gholdengo|spa|1
|move|p1a: Hydrapple|Earth Power|p2a: Gholdengo
|-supereffective|p2a: Gholdengo
|-damage|p2a: Gholdengo|0 fnt
|faint|p2a: Gholdengo
|
|upkeep
|-message|cordonbloom forfeited.
|
|win|romeo30001
|raw|romeo30001's rating: 1162 &rarr; <strong>1187</strong><br />(+25 for winning)
|raw|cordonbloom's rating: 1167 &rarr; <strong>1142</strong><br />(-25 for losing)
|l|☆cordonbloom
|player|p2|
|l|☆romeo30001
|player|p1|
