|j|☆Omari P
|j|☆SirLsalot
|t:|1758966805
|gametype|singles
|player|p1|Omari P|pokemonrangerf|1719
|player|p2|SirLsalot|266|1655
|gen|9
|tier|[Gen 9] OU
|rated|
|rule|HP Percentage Mod: HP is shown in percentages
|rule|Endless Battle Clause: Forcing endless battles is banned
|rule|Species Clause: Limit one of each Pokémon
|rule|OHKO Clause: OHKO moves are banned
|rule|Evasion Items Clause: Evasion items are banned
|rule|Evasion Moves Clause: Evasion moves are banned
|rule|Evasion Abilities Clause: Evasion abilities are banned
|rule|Sleep Moves Clause: Sleep-inducing moves are banned
|clearpoke
|poke|p1|Cinderace, M|
|poke|p1|Volcanion|
|poke|p1|Torkoal, M|
|poke|p1|Mandibuzz, F|
|poke|p1|Great Tusk|
|poke|p1|Fezandipiti, M|
|poke|p2|Ogerpon-Wellspring, F|
|poke|p2|Great Tusk|
|poke|p2|Moltres|
|poke|p2|Dragapult, F|
|poke|p2|Kingambit, F|
|poke|p2|Slowking-Galar, M|
|teampreview
|inactive|Battle timer is ON: inactive players will automatically lose when time's up. (requested by SirLsalot)
|
|t:|1758966832
|teamsize|p1|6
|teamsize|p2|6
|start
|switch|p1a: Torkoal|Torkoal, M, shiny|100/100
|switch|p2a: Dragapult|Dragapult, F|100/100
|-weather|SunnyDay|[from] ability: Drought|[of] p1a: Torkoal
|turn|1
|
|t:|1758966839
|move|p2a: Dragapult|Thunder Wave|p1a: Torkoal
|-status|p1a: Torkoal|par
|move|p1a: Torkoal|Fire Blast|p2a: Dragapult
|-resisted|p2a: Dragapult
|-damage|p2a: Dragapult|56/100
|-status|p2a: Dragapult|brn
|
|-weather|SunnyDay|[upkeep]
|-damage|p2a: Dragapult|50/100 brn|[from] brn
|upkeep
|turn|2
|
|t:|1758966850
|move|p2a: Dragapult|U-turn|p1a: Torkoal
|-resisted|p1a: Torkoal
|-damage|p1a: Torkoal|98/100 par
|
|t:|1758966853
|switch|p2a: Slowking|Slowking-Galar, M|100/100|[from] U-turn
|cant|p1a: Torkoal|par
|
|-weather|SunnyDay|[upkeep]
|upkeep
|turn|3
|
|t:|1758966858
|move|p2a: Slowking|Sludge Bomb|p1a: Torkoal
|-damage|p1a: Torkoal|35/100 par
|cant|p1a: Torkoal|par
|
|-weather|SunnyDay|[upkeep]
|upkeep
|turn|4
|
|t:|1758966862
|move|p2a: Slowking|Sludge Bomb|p1a: Torkoal
|-damage|p1a: Torkoal|0 fnt
|faint|p1a: Torkoal
|
|-weather|SunnyDay|[upkeep]
|upkeep
|
|t:|1758966863
|switch|p1a: Haku|Great Tusk, shiny|100/100
|-activate|p1a: Haku|ability: Protosynthesis
|-start|p1a: Haku|protosynthesisatk
|turn|5
|
|t:|1758966866
|switch|p2a: Moltres|Moltres|100/100
|move|p1a: Haku|Knock Off|p2a: Moltres
|-damage|p2a: Moltres|63/100
|-enditem|p2a: Moltres|Heavy-Duty Boots|[from] move: Knock Off|[of] p1a: Haku
|
|-weather|SunnyDay|[upkeep]
|upkeep
|turn|6
|
|t:|1758966873
|-end|p1a: Haku|Protosynthesis|[silent]
|switch|p1a: Volcanion|Volcanion|100/100
|move|p2a: Moltres|Roost|p2a: Moltres
|-heal|p2a: Moltres|100/100
|-singleturn|p2a: Moltres|move: Roost
|
|-weather|SunnyDay|[upkeep]
|upkeep
|turn|7
|
|t:|1758966877
|switch|p2a: Slowking|Slowking-Galar, M|100/100
|move|p1a: Volcanion|Fire Blast|p2a: Slowking
|-damage|p2a: Slowking|27/100
|
|-weather|SunnyDay|[upkeep]
|upkeep
|turn|8
|
|t:|1758966892
|move|p1a: Volcanion|Fire Blast|p2a: Slowking
|-damage|p2a: Slowking|0 fnt
|faint|p2a: Slowking
|
|-weather|none
|upkeep
|
|t:|1758966897
|switch|p2a: Great Tusk|Great Tusk|100/100
|turn|9
|
|t:|1758966900
|switch|p1a: Omari P Bird|Mandibuzz, F, shiny|100/100
|move|p2a: Great Tusk|Stealth Rock|p1a: Omari P Bird
|-sidestart|p1: Omari P|move: Stealth Rock
|
|upkeep
|turn|10
|
|t:|1758966903
|move|p2a: Great Tusk|Knock Off|p1a: Omari P Bird
|-resisted|p1a: Omari P Bird
|-crit|p1a: Omari P Bird
|-damage|p1a: Omari P Bird|86/100
|-damage|p2a: Great Tusk|84/100|[from] item: Rocky Helmet|[of] p1a: Omari P Bird
|-enditem|p1a: Omari P Bird|Rocky Helmet|[from] move: Knock Off|[of] p2a: Great Tusk
|move|p1a: Omari P Bird|Defog|p2a: Great Tusk
|-unboost|p2a: Great Tusk|evasion|1
|-sideend|p1: Omari P|Stealth Rock|[from] move: Defog|[of] p1a: Omari P Bird
|
|upkeep
|turn|11
|
|t:|1758966909
|move|p2a: Great Tusk|Stealth Rock|p1a: Omari P Bird
|-sidestart|p1: Omari P|move: Stealth Rock
|move|p1a: Omari P Bird|Toxic|p2a: Great Tusk
|-status|p2a: Great Tusk|tox
|
|-damage|p2a: Great Tusk|78/100 tox|[from] psn
|upkeep
|turn|12
|
|t:|1758966917
|-end|p2a: Great Tusk|Protosynthesis|[silent]
|switch|p2a: Moltres|Moltres|100/100
|move|p1a: Omari P Bird|Defog|p2a: Moltres
|-unboost|p2a: Moltres|evasion|1
|-sideend|p1: Omari P|Stealth Rock|[from] move: Defog|[of] p1a: Omari P Bird
|
|upkeep
|turn|13
|
|t:|1758966924
|move|p2a: Moltres|Will-O-Wisp|p1a: Omari P Bird
|-status|p1a: Omari P Bird|brn
|move|p1a: Omari P Bird|Toxic|p2a: Moltres
|-status|p2a: Moltres|tox
|
|-damage|p2a: Moltres|94/100 tox|[from] psn
|-damage|p1a: Omari P Bird|80/100 brn|[from] brn
|upkeep
|turn|14
|
|t:|1758966930
|switch|p2a: Great Tusk|Great Tusk|78/100 tox
|switch|p1a: Volcanion|Volcanion|100/100
|
|-damage|p2a: Great Tusk|72/100 tox|[from] psn
|upkeep
|turn|15
|
|t:|1758966938
|switch|p1a: Omari P Bird|Mandibuzz, F, shiny|80/100 brn
|move|p2a: Great Tusk|Stealth Rock|p1a: Omari P Bird
|-sidestart|p1: Omari P|move: Stealth Rock
|
|-damage|p2a: Great Tusk|59/100 tox|[from] psn
|-damage|p1a: Omari P Bird|74/100 brn|[from] brn
|upkeep
|turn|16
|
|t:|1758966944
|-end|p2a: Great Tusk|Protosynthesis|[silent]
|switch|p2a: Kingambit|Kingambit, F|100/100
|-activate|p2a: Kingambit|ability: Supreme Overlord
|-start|p2a: Kingambit|fallen1|[silent]
|move|p1a: Omari P Bird|Defog|p2a: Kingambit
|-unboost|p2a: Kingambit|evasion|1
|-sideend|p1: Omari P|Stealth Rock|[from] move: Defog|[of] p1a: Omari P Bird
|
|-damage|p1a: Omari P Bird|68/100 brn|[from] brn
|upkeep
|turn|17
|
|t:|1758966947
|switch|p1a: Haku|Great Tusk, shiny|100/100
|move|p2a: Kingambit|Swords Dance|p2a: Kingambit
|-boost|p2a: Kingambit|atk|2
|
|upkeep
|turn|18
|
|t:|1758966950
|-end|p1a: Haku|Protosynthesis|[silent]
|switch|p1a: Omari P Bird|Mandibuzz, F, shiny|68/100 brn
|-end|p2a: Kingambit|fallen1|[silent]
|switch|p2a: Moltres|Moltres|94/100 tox
|
|-damage|p2a: Moltres|88/100 tox|[from] psn
|-damage|p1a: Omari P Bird|62/100 brn|[from] brn
|upkeep
|turn|19
|
|t:|1758966960
|switch|p2a: Great Tusk|Great Tusk|59/100 tox
|move|p1a: Omari P Bird|Roost|p1a: Omari P Bird
|-heal|p1a: Omari P Bird|100/100 brn
|-singleturn|p1a: Omari P Bird|move: Roost
|
|-damage|p2a: Great Tusk|53/100 tox|[from] psn
|-damage|p1a: Omari P Bird|94/100 brn|[from] brn
|upkeep
|turn|20
|
|t:|1758966969
|-end|p2a: Great Tusk|Protosynthesis|[silent]
|switch|p2a: Moltres|Moltres|88/100 tox
|move|p1a: Omari P Bird|Defog|p2a: Moltres
|-unboost|p2a: Moltres|evasion|1
|
|-damage|p2a: Moltres|82/100 tox|[from] psn
|-damage|p1a: Omari P Bird|88/100 brn|[from] brn
|upkeep
|turn|21
|
|t:|1758966984
|switch|p1a: Cinderace|Cinderace, M|100/100
|move|p2a: Moltres|Flamethrower|p1a: Cinderace
|-resisted|p1a: Cinderace
|-damage|p1a: Cinderace|70/100
|
|-damage|p2a: Moltres|70/100 tox|[from] psn
|upkeep
|turn|22
|
|t:|1758966989
|move|p1a: Cinderace|Pyro Ball|p2a: Moltres
|-resisted|p2a: Moltres
|-crit|p2a: Moltres
|-damage|p2a: Moltres|23/100 tox
|move|p2a: Moltres|Roost|p2a: Moltres
|-heal|p2a: Moltres|74/100 tox
|-singleturn|p2a: Moltres|move: Roost
|
|-damage|p2a: Moltres|56/100 tox|[from] psn
|upkeep
|turn|23
|inactive|SirLsalot has 120 seconds left.
|
|t:|1758967038
|switch|p2a: Great Tusk|Great Tusk|53/100 tox
|move|p1a: Cinderace|Pyro Ball|p2a: Great Tusk
|-damage|p2a: Great Tusk|0 fnt
|faint|p2a: Great Tusk
|-end|p2a: Great Tusk|Protosynthesis|[silent]
|
|upkeep
|
|t:|1758967040
|switch|p2a: Dragapult|Dragapult, F|50/100 brn
|turn|24
|
|t:|1758967060
|switch|p1a: Haku|Great Tusk, shiny|100/100
|move|p2a: Dragapult|Thunder Wave|p1a: Haku
|-immune|p1a: Haku
|
|-damage|p2a: Dragapult|44/100 brn|[from] brn
|upkeep
|turn|25
|
|t:|1758967067
|-end|p1a: Haku|Protosynthesis|[silent]
|switch|p1a: Volcanion|Volcanion|100/100
|move|p2a: Dragapult|Draco Meteor|p1a: Volcanion
|-damage|p1a: Volcanion|36/100
|-unboost|p2a: Dragapult|spa|2
|
|-damage|p2a: Dragapult|38/100 brn|[from] brn
|upkeep
|turn|26
|
|t:|1758967075
|move|p2a: Dragapult|U-turn|p1a: Volcanion
|-resisted|p1a: Volcanion
|-damage|p1a: Volcanion|33/100
|
|t:|1758967077
|switch|p2a: Ogerpon|Ogerpon-Wellspring, F|100/100|[from] U-turn
|move|p1a: Volcanion|Fire Blast|p2a: Ogerpon
|-damage|p2a: Ogerpon|0 fnt
|faint|p2a: Ogerpon
|
|upkeep
|
|t:|1758967081
|switch|p2a: Kingambit|Kingambit, F|100/100
|-activate|p2a: Kingambit|ability: Supreme Overlord
|-start|p2a: Kingambit|fallen3|[silent]
|turn|27
|
|t:|1758967087
|switch|p1a: Haku|Great Tusk, shiny|100/100
|move|p2a: Kingambit|Sucker Punch||[still]
|-fail|p2a: Kingambit
|
|upkeep
|turn|28
|
|t:|1758967092
|-end|p1a: Haku|Protosynthesis|[silent]
|switch|p1a: Volcanion|Volcanion|33/100
|-end|p2a: Kingambit|fallen3|[silent]
|switch|p2a: Moltres|Moltres|56/100 tox
|
|-damage|p2a: Moltres|50/100 tox|[from] psn
|upkeep
|turn|29
|
|t:|1758967097
|move|p1a: Volcanion|Fire Blast|p2a: Moltres
|-resisted|p2a: Moltres
|-damage|p2a: Moltres|9/100 tox
|move|p2a: Moltres|Roar|p1a: Volcanion
|drag|p1a: Chihiro|Fezandipiti, M|100/100
|
|-damage|p2a: Moltres|0 fnt|[from] psn
|faint|p2a: Moltres
|upkeep
|
|t:|1758967105
|switch|p2a: Kingambit|Kingambit, F|100/100
|-activate|p2a: Kingambit|ability: Supreme Overlord
|-start|p2a: Kingambit|fallen4|[silent]
|turn|30
|
|t:|1758967110
|move|p1a: Chihiro|Moonblast|p2a: Kingambit
|-damage|p2a: Kingambit|65/100
|move|p2a: Kingambit|Swords Dance|p2a: Kingambit
|-boost|p2a: Kingambit|atk|2
|
|-heal|p2a: Kingambit|72/100|[from] item: Leftovers
|upkeep
|turn|31
|
|t:|1758967113
|move|p1a: Chihiro|Moonblast|p2a: Kingambit
|-damage|p2a: Kingambit|32/100
|-unboost|p2a: Kingambit|spa|1
|move|p2a: Kingambit|Iron Head|p1a: Chihiro
|-supereffective|p1a: Chihiro
|-damage|p1a: Chihiro|0 fnt
|faint|p1a: Chihiro
|
|-heal|p2a: Kingambit|38/100|[from] item: Leftovers
|upkeep
|
|t:|1758967118
|switch|p1a: Omari P Bird|Mandibuzz, F, shiny|88/100 brn
|turn|32
|
|t:|1758967123
|move|p1a: Omari P Bird|Foul Play|p2a: Kingambit
|-resisted|p2a: Kingambit
|-damage|p2a: Kingambit|15/100
|move|p2a: Kingambit|Iron Head|p1a: Omari P Bird
|-damage|p1a: Omari P Bird|19/100 brn
|
|-heal|p2a: Kingambit|21/100|[from] item: Leftovers
|-damage|p1a: Omari P Bird|13/100 brn|[from] brn
|upkeep
|turn|33
|
|t:|1758967131
|move|p1a: Omari P Bird|Roost|p1a: Omari P Bird
|-heal|p1a: Omari P Bird|63/100 brn
|-singleturn|p1a: Omari P Bird|move: Roost
|move|p2a: Kingambit|Iron Head|p1a: Omari P Bird
|-crit|p1a: Omari P Bird
|-damage|p1a: Omari P Bird|0 fnt
|faint|p1a: Omari P Bird
|
|-heal|p2a: Kingambit|28/100|[from] item: Leftovers
|upkeep
|
|t:|1758967133
|switch|p1a: Haku|Great Tusk, shiny|100/100
|turn|34
|
|t:|1758967141
|-end|p1a: Haku|Protosynthesis|[silent]
|switch|p1a: Volcanion|Volcanion|33/100
|move|p2a: Kingambit|Sucker Punch||[still]
|-fail|p2a: Kingambit
|
|-heal|p2a: Kingambit|34/100|[from] item: Leftovers
|upkeep
|turn|35
|
|t:|1758967152
|move|p2a: Kingambit|Sucker Punch|p1a: Volcanion
|-damage|p1a: Volcanion|0 fnt
|faint|p1a: Volcanion
|
|-heal|p2a: Kingambit|40/100|[from] item: Leftovers
|upkeep
|
|t:|1758967155
|switch|p1a: Haku|Great Tusk, shiny|100/100
|turn|36
|
|t:|1758967169
|-terastallize|p2a: Kingambit|Ghost
|move|p1a: Haku|Headlong Rush|p2a: Kingambit
|-damage|p2a: Kingambit|0 fnt
|-unboost|p1a: Haku|def|1
|-unboost|p1a: Haku|spd|1
|faint|p2a: Kingambit
|-end|p2a: Kingambit|fallen4|[silent]
|
|upkeep
|
|t:|1758967173
|switch|p2a: Dragapult|Dragapult, F|38/100 brn
|turn|37
|
|t:|1758967189
|move|p2a: Dragapult|Draco Meteor|p1a: Haku
|-damage|p1a: Haku|0 fnt
|-unboost|p2a: Dragapult|spa|2
|faint|p1a: Haku
|-end|p1a: Haku|Protosynthesis|[silent]
|
|-damage|p2a: Dragapult|32/100 brn|[from] brn
|upkeep
|
|t:|1758967191
|switch|p1a: Cinderace|Cinderace, M|70/100
|turn|38
|
|t:|1758967197
|move|p2a: Dragapult|Thunder Wave|p1a: Cinderace
|-status|p1a: Cinderace|par
|move|p1a: Cinderace|Pyro Ball|p2a: Dragapult
|-resisted|p2a: Dragapult
|-damage|p2a: Dragapult|0 fnt
|faint|p2a: Dragapult
|
|win|Omari P
|raw|Omari P's rating: 1719 &rarr; <strong>1735</strong><br />(+16 for winning)
|raw|SirLsalot's rating: 1655 &rarr; <strong>1639</strong><br />(-16 for losing)
|l|☆SirLsalot
|player|p2|
