|j|☆leosyspu
|j|☆But I Won Tho
|t:|1759020113
|gametype|singles
|player|p1|leosyspu|cynthia|1396
|player|p2|But I Won Tho|gentleman|1389
|gen|9
|tier|[Gen 9] OU
|rated|
|rule|HP Percentage Mod: HP is shown in percentages
|rule|Endless Battle Clause: Forcing endless battles is banned
|rule|Species Clause: Limit one of each Pokémon
|rule|OHKO Clause: OHKO moves are banned
|rule|Evasion Items Clause: Evasion items are banned
|rule|Evasion Moves Clause: Evasion moves are banned
|rule|Evasion Abilities Clause: Evasion abilities are banned
|rule|Sleep Moves Clause: Sleep-inducing moves are banned
|clearpoke
|poke|p1|Heracross, M|
|poke|p1|Pelipper, M|
|poke|p1|Gholdengo|
|poke|p1|Gliscor, F|
|poke|p1|Dragonite, M|
|poke|p1|Kingdra, F|
|poke|p2|Pelipper, F|
|poke|p2|Barraskewda, M|
|poke|p2|Kingdra, F|
|poke|p2|Great Tusk|
|poke|p2|Hoopa-Unbound|
|poke|p2|Blissey, F|
|teampreview
|inactive|Battle timer is ON: inactive players will automatically lose when time's up. (requested by But I Won Tho)
|inactive|leosyspu also wants the timer to be on.
|
|t:|1759020128
|teamsize|p1|6
|teamsize|p2|6
|start
|switch|p1a: 易拉罐超人o|Gholdengo|100/100
|switch|p2a: Hoopa|Hoopa-Unbound|100/100
|turn|1
|
|t:|1759020135
|move|p1a: 易拉罐超人o|Trick|p2a: Hoopa
|-activate|p1a: 易拉罐超人o|move: Trick|[of] p2a: Hoopa
|-item|p2a: Hoopa|Choice Scarf|[from] move: Trick
|-item|p1a: 易拉罐超人o|Assault Vest|[from] move: Trick
|move|p2a: Hoopa|Hyperspace Fury|p1a: 易拉罐超人o
|-supereffective|p1a: 易拉罐超人o
|-damage|p1a: 易拉罐超人o|8/100
|-unboost|p2a: Hoopa|def|1
|
|upkeep
|turn|2
|
|t:|1759020148
|move|p2a: Hoopa|Hyperspace Fury|p1a: 易拉罐超人o
|-supereffective|p1a: 易拉罐超人o
|-damage|p1a: 易拉罐超人o|0 fnt
|-unboost|p2a: Hoopa|def|1
|faint|p1a: 易拉罐超人o
|
|upkeep
|
|t:|1759020171
|switch|p1a: 铁甲卡布达|Heracross, M|100/100
|turn|3
|
|t:|1759020177
|switch|p2a: Pelipper|Pelipper, F|100/100
|-weather|RainDance|[from] ability: Drizzle|[of] p2a: Pelipper
|move|p1a: 铁甲卡布达|Trailblaze|p2a: Pelipper
|-damage|p2a: Pelipper|88/100
|-boost|p1a: 铁甲卡布达|spe|1
|
|-weather|RainDance|[upkeep]
|-status|p1a: 铁甲卡布达|brn|[from] item: Flame Orb
|upkeep
|turn|4
|
|t:|1759020188
|move|p1a: 铁甲卡布达|Stone Edge|p2a: Pelipper
|-supereffective|p2a: Pelipper
|-damage|p2a: Pelipper|6/100
|move|p2a: Pelipper|Hurricane|p1a: 铁甲卡布达
|-supereffective|p1a: 铁甲卡布达
|-damage|p1a: 铁甲卡布达|0 fnt
|faint|p1a: 铁甲卡布达
|
|-weather|RainDance|[upkeep]
|upkeep
|
|t:|1759020201
|switch|p1a: 强力高速炮|Dragonite, M|100/100
|turn|5
|
|t:|1759020213
|switch|p2a: Kingdra|Kingdra, F|100/100
|move|p1a: 强力高速炮|Dragon Dance|p1a: 强力高速炮
|-boost|p1a: 强力高速炮|atk|1
|-boost|p1a: 强力高速炮|spe|1
|
|-weather|RainDance|[upkeep]
|upkeep
|turn|6
|
|t:|1759020224
|-terastallize|p1a: 强力高速炮|Normal
|move|p2a: Kingdra|Dragon Pulse|p1a: 强力高速炮
|-damage|p1a: 强力高速炮|77/100
|move|p1a: 强力高速炮|Dragon Dance|p1a: 强力高速炮
|-boost|p1a: 强力高速炮|atk|1
|-boost|p1a: 强力高速炮|spe|1
|
|-weather|RainDance|[upkeep]
|-heal|p1a: 强力高速炮|83/100|[from] item: Leftovers
|upkeep
|turn|7
|
|t:|1759020234
|move|p1a: 强力高速炮|Extreme Speed|p2a: Kingdra
|-damage|p2a: Kingdra|0 fnt
|faint|p2a: Kingdra
|
|-weather|RainDance|[upkeep]
|-heal|p1a: 强力高速炮|89/100|[from] item: Leftovers
|upkeep
|
|t:|1759020240
|switch|p2a: Great Tusk|Great Tusk|100/100
|turn|8
|
|t:|1759020252
|-terastallize|p2a: Great Tusk|Ghost
|move|p1a: 强力高速炮|Extreme Speed|p2a: Great Tusk
|-immune|p2a: Great Tusk
|move|p2a: Great Tusk|Headlong Rush|p1a: 强力高速炮
|-damage|p1a: 强力高速炮|38/100
|-unboost|p2a: Great Tusk|def|1
|-unboost|p2a: Great Tusk|spd|1
|
|-weather|RainDance|[upkeep]
|-heal|p1a: 强力高速炮|44/100|[from] item: Leftovers
|upkeep
|turn|9
|
|t:|1759020268
|-end|p2a: Great Tusk|Protosynthesis|[silent]
|switch|p2a: Blissey|Blissey, F|100/100
|move|p1a: 强力高速炮|Scale Shot|p2a: Blissey
|-damage|p2a: Blissey|77/100
|-damage|p2a: Blissey|51/100
|-crit|p2a: Blissey
|-damage|p2a: Blissey|13/100
|-hitcount|p2a: Blissey|3
|-unboost|p1a: 强力高速炮|def|1
|-boost|p1a: 强力高速炮|spe|1
|
|-weather|RainDance|[upkeep]
|-heal|p1a: 强力高速炮|50/100|[from] item: Leftovers
|upkeep
|turn|10
|
|t:|1759020281
|move|p1a: 强力高速炮|Earthquake|p2a: Blissey
|-damage|p2a: Blissey|0 fnt
|faint|p2a: Blissey
|
|-weather|none
|-heal|p1a: 强力高速炮|56/100|[from] item: Leftovers
|upkeep
|
|t:|1759020307
|switch|p2a: Great Tusk|Great Tusk, tera:Ghost|100/100
|turn|11
|
|t:|1759020311
|switch|p1a: 最快最强技最多|Pelipper, M|100/100
|-weather|RainDance|[from] ability: Drizzle|[of] p1a: 最快最强技最多
|move|p2a: Great Tusk|Headlong Rush|p1a: 最快最强技最多
|-immune|p1a: 最快最强技最多
|
|-weather|RainDance|[upkeep]
|upkeep
|turn|12
|
|t:|1759020322
|-end|p2a: Great Tusk|Protosynthesis|[silent]
|switch|p2a: Hoopa|Hoopa-Unbound|100/100
|move|p1a: 最快最强技最多|Hurricane|p2a: Hoopa
|-damage|p2a: Hoopa|77/100
|
|-weather|RainDance|[upkeep]
|upkeep
|turn|13
|
|t:|1759020329
|move|p2a: Hoopa|Future Sight|p1a: 最快最强技最多
|-start|p2a: Hoopa|move: Future Sight
|move|p1a: 最快最强技最多|U-turn|p2a: Hoopa
|-supereffective|p2a: Hoopa
|-damage|p2a: Hoopa|20/100
|
|t:|1759020335
|switch|p1a: 强力高速炮|Dragonite, M, tera:Normal|56/100|[from] U-turn
|
|-weather|RainDance|[upkeep]
|-heal|p1a: 强力高速炮|63/100|[from] item: Leftovers
|upkeep
|turn|14
|
|t:|1759020345
|switch|p2a: Pelipper|Pelipper, F|6/100
|switch|p1a: 剧毒老是空废物|Gliscor, F|100/100
|
|-weather|RainDance|[upkeep]
|-status|p1a: 剧毒老是空废物|tox|[from] item: Toxic Orb
|upkeep
|turn|15
|
|t:|1759020363
|switch|p1a: 最快最强技最多|Pelipper, M|100/100
|switch|p2a: Hoopa|Hoopa-Unbound|20/100
|
|-weather|RainDance|[upkeep]
|-end|p1a: 最快最强技最多|move: Future Sight
|-damage|p1a: 最快最强技最多|0 fnt
|faint|p1a: 最快最强技最多
|upkeep
|
|t:|1759020372
|switch|p1a: 东海水泡王|Kingdra, F|100/100
|turn|16
|
|t:|1759020386
|move|p1a: 东海水泡王|Weather Ball|p2a: Hoopa
|-crit|p2a: Hoopa
|-damage|p2a: Hoopa|0 fnt
|faint|p2a: Hoopa
|
|-weather|RainDance|[upkeep]
|upkeep
|
|t:|1759020399
|switch|p2a: Great Tusk|Great Tusk, tera:Ghost|100/100
|turn|17
|
|t:|1759020406
|move|p1a: 东海水泡王|Weather Ball|p2a: Great Tusk
|-damage|p2a: Great Tusk|0 fnt
|faint|p2a: Great Tusk
|-end|p2a: Great Tusk|Protosynthesis|[silent]
|
|-weather|RainDance|[upkeep]
|upkeep
|
|t:|1759020413
|switch|p2a: Barraskewda|Barraskewda, M|100/100
|turn|18
|
|t:|1759020423
|move|p2a: Barraskewda|Psychic Fangs|p1a: 东海水泡王
|-damage|p1a: 东海水泡王|52/100
|move|p1a: 东海水泡王|Weather Ball|p2a: Barraskewda
|-resisted|p2a: Barraskewda
|-damage|p2a: Barraskewda|0 fnt
|faint|p2a: Barraskewda
|
|-weather|none
|upkeep
|-message|But I Won Tho forfeited.
|
|win|leosyspu
|raw|leosyspu's rating: 1396 &rarr; <strong>1416</strong><br />(+20 for winning)
|raw|But I Won Tho's rating: 1389 &rarr; <strong>1369</strong><br />(-20 for losing)
|l|☆But I Won Tho
|player|p2|
|l|☆leosyspu
|player|p1|
