|j|☆mestesso0
|j|☆The Power of Spam
|t:|1759000151
|gametype|singles
|player|p1|mestesso0|170|1356
|player|p2|The Power of Spam|worker|1375
|gen|9
|tier|[Gen 9] OU
|rated|
|rule|HP Percentage Mod: HP is shown in percentages
|rule|Endless Battle Clause: Forcing endless battles is banned
|rule|Species Clause: Limit one of each Pokémon
|rule|OHKO Clause: OHKO moves are banned
|rule|Evasion Items Clause: Evasion items are banned
|rule|Evasion Moves Clause: Evasion moves are banned
|rule|Evasion Abilities Clause: Evasion abilities are banned
|rule|Sleep Moves Clause: Sleep-inducing moves are banned
|clearpoke
|poke|p1|Pecharunt|
|poke|p1|Great Tusk|
|poke|p1|Ogerpon-Wellspring, F|
|poke|p1|Iron Crown|
|poke|p1|Landorus-Therian, M|
|poke|p1|Samurott-Hisui, M|
|poke|p2|Landorus-Therian, M|
|poke|p2|Greninja-*, M|
|poke|p2|Tsareena, F|
|poke|p2|Deoxys-Speed|
|poke|p2|Iron Hands|
|poke|p2|Heatran, F|
|teampreview
|inactive|Battle timer is ON: inactive players will automatically lose when time's up. (requested by mestesso0)
|inactive|mestesso0 has 120 seconds left.
|
|t:|1759000203
|teamsize|p1|6
|teamsize|p2|6
|start
|switch|p1a: Samurott|Samurott-Hisui, M|100/100
|switch|p2a: Greninja|Greninja, M|100/100
|turn|1
|
|t:|1759000214
|move|p2a: Greninja|U-turn|p1a: Samurott
|-supereffective|p1a: Samurott
|-crit|p1a: Samurott
|-damage|p1a: Samurott|46/100
|
|t:|1759000218
|switch|p2a: Iron Hands|Iron Hands|100/100|[from] U-turn
|move|p1a: Samurott|Ceaseless Edge|p2a: Iron Hands
|-resisted|p2a: Iron Hands
|-damage|p2a: Iron Hands|85/100
|-sidestart|p2: The Power of Spam|Spikes
|
|upkeep
|turn|2
|
|t:|1759000229
|move|p1a: Samurott|Flip Turn|p2a: Iron Hands
|-damage|p2a: Iron Hands|66/100
|
|t:|1759000238
|switch|p1a: Pecharunt|Pecharunt|100/100|[from] Flip Turn
|move|p2a: Iron Hands|Drain Punch|p1a: Pecharunt
|-immune|p1a: Pecharunt
|
|upkeep
|turn|3
|
|t:|1759000250
|move|p1a: Pecharunt|Parting Shot|p2a: Iron Hands
|-unboost|p2a: Iron Hands|atk|1
|-unboost|p2a: Iron Hands|spa|1
|
|t:|1759000257
|switch|p1a: Landorus|Landorus-Therian, M|100/100|[from] Parting Shot
|-ability|p1a: Landorus|Intimidate|boost
|-unboost|p2a: Iron Hands|atk|1
|move|p2a: Iron Hands|Wild Charge|p1a: Landorus
|-immune|p1a: Landorus
|
|upkeep
|turn|4
|
|t:|1759000269
|-end|p2a: Iron Hands|Quark Drive|[silent]
|switch|p2a: Landorus|Landorus-Therian, M|100/100
|-ability|p2a: Landorus|Intimidate|boost
|-unboost|p1a: Landorus|atk|1
|move|p1a: Landorus|U-turn|p2a: Landorus
|-resisted|p2a: Landorus
|-damage|p2a: Landorus|90/100
|
|t:|1759000280
|switch|p1a: Ogerpon|Ogerpon-Wellspring, F|100/100|[from] U-turn
|
|upkeep
|turn|5
|
|t:|1759000286
|move|p2a: Landorus|U-turn|p1a: Ogerpon
|-supereffective|p1a: Ogerpon
|-damage|p1a: Ogerpon|46/100
|
|t:|1759000289
|switch|p2a: Tsareena|Tsareena, F, shiny|100/100|[from] U-turn
|move|p1a: Ogerpon|Ivy Cudgel|p2a: Tsareena|[anim] Ivy Cudgel Water
|-resisted|p2a: Tsareena
|-damage|p2a: Tsareena|81/100
|
|upkeep
|turn|6
|
|t:|1759000303
|switch|p1a: Pecharunt|Pecharunt|100/100
|move|p2a: Tsareena|Knock Off|p1a: Pecharunt
|-supereffective|p1a: Pecharunt
|-damage|p1a: Pecharunt|76/100
|-damage|p2a: Tsareena|64/100|[from] item: Rocky Helmet|[of] p1a: Pecharunt
|-enditem|p1a: Pecharunt|Rocky Helmet|[from] move: Knock Off|[of] p2a: Tsareena
|
|upkeep
|turn|7
|
|t:|1759000314
|switch|p2a: Heatran|Heatran, F|100/100
|-damage|p2a: Heatran|88/100|[from] Spikes
|move|p1a: Pecharunt|Parting Shot|p2a: Heatran
|-unboost|p2a: Heatran|atk|1
|-unboost|p2a: Heatran|spa|1
|
|t:|1759000329
|switch|p1a: Great Tusk|Great Tusk|100/100|[from] Parting Shot
|-enditem|p1a: Great Tusk|Booster Energy
|-activate|p1a: Great Tusk|ability: Protosynthesis|[fromitem]
|-start|p1a: Great Tusk|protosynthesisspe
|
|-heal|p2a: Heatran|94/100|[from] item: Leftovers
|upkeep
|turn|8
|
|t:|1759000338
|move|p1a: Great Tusk|Stealth Rock|p2a: Heatran
|-sidestart|p2: The Power of Spam|move: Stealth Rock
|move|p2a: Heatran|Will-O-Wisp|p1a: Great Tusk
|-status|p1a: Great Tusk|brn
|
|-heal|p2a: Heatran|100/100|[from] item: Leftovers
|-damage|p1a: Great Tusk|94/100 brn|[from] brn
|upkeep
|turn|9
|
|t:|1759000348
|switch|p2a: Tsareena|Tsareena, F, shiny|64/100
|move|p1a: Great Tusk|Knock Off|p2a: Tsareena
|-damage|p2a: Tsareena|53/100
|-enditem|p2a: Tsareena|Heavy-Duty Boots|[from] move: Knock Off|[of] p1a: Great Tusk
|
|-damage|p1a: Great Tusk|88/100 brn|[from] brn
|upkeep
|turn|10
|
|t:|1759000364
|-end|p1a: Great Tusk|Protosynthesis|[silent]
|switch|p1a: Pecharunt|Pecharunt|76/100
|move|p2a: Tsareena|Synthesis|p2a: Tsareena
|-heal|p2a: Tsareena|100/100
|
|upkeep
|turn|11
|
|t:|1759000373
|switch|p2a: Heatran|Heatran, F|100/100
|-damage|p2a: Heatran|88/100|[from] Spikes
|-damage|p2a: Heatran|76/100|[from] Stealth Rock
|move|p1a: Pecharunt|Malignant Chain|p2a: Heatran
|-immune|p2a: Heatran
|
|-heal|p2a: Heatran|82/100|[from] item: Leftovers
|upkeep
|turn|12
|
|t:|1759000384
|move|p1a: Pecharunt|Parting Shot|p2a: Heatran
|-unboost|p2a: Heatran|atk|1
|-unboost|p2a: Heatran|spa|1
|
|t:|1759000389
|switch|p1a: Great Tusk|Great Tusk|88/100 brn|[from] Parting Shot
|move|p2a: Heatran|Magma Storm|p1a: Great Tusk
|-damage|p1a: Great Tusk|38/100 brn
|-activate|p1a: Great Tusk|move: Magma Storm|[of] p2a: Heatran
|
|-heal|p2a: Heatran|88/100|[from] item: Leftovers
|-damage|p1a: Great Tusk|32/100 brn|[from] brn
|-damage|p1a: Great Tusk|20/100 brn|[from] move: Magma Storm|[partiallytrapped]
|upkeep
|turn|13
|
|t:|1759000401
|switch|p2a: Landorus|Landorus-Therian, M|90/100
|-damage|p2a: Landorus|77/100|[from] Stealth Rock
|-ability|p2a: Landorus|Intimidate|boost
|-unboost|p1a: Great Tusk|atk|1
|move|p1a: Great Tusk|Headlong Rush|p2a: Landorus
|-immune|p2a: Landorus
|
|-damage|p1a: Great Tusk|13/100 brn|[from] brn
|-end|p1a: Great Tusk|Magma Storm|[partiallytrapped]|[silent]
|upkeep
|turn|14
|
|t:|1759000412
|move|p2a: Landorus|U-turn|p1a: Great Tusk
|-resisted|p1a: Great Tusk
|-damage|p1a: Great Tusk|4/100 brn
|
|t:|1759000420
|switch|p2a: Tsareena|Tsareena, F, shiny|100/100|[from] U-turn
|-damage|p2a: Tsareena|88/100|[from] Spikes
|-damage|p2a: Tsareena|76/100|[from] Stealth Rock
|move|p1a: Great Tusk|Knock Off|p2a: Tsareena
|-damage|p2a: Tsareena|71/100
|
|-damage|p1a: Great Tusk|0 fnt|[from] brn
|faint|p1a: Great Tusk
|-end|p1a: Great Tusk|Protosynthesis|[silent]
|upkeep
|
|t:|1759000441
|switch|p1a: Iron Crown|Iron Crown|100/100
|turn|15
|
|t:|1759000461
|move|p1a: Iron Crown|Tachyon Cutter|p2a: Tsareena
|-damage|p2a: Tsareena|36/100
|-damage|p2a: Tsareena|0 fnt
|faint|p2a: Tsareena
|-hitcount|p2: Tsareena|2
|
|upkeep
|
|t:|1759000467
|switch|p2a: Heatran|Heatran, F|88/100
|-damage|p2a: Heatran|76/100|[from] Spikes
|-damage|p2a: Heatran|63/100|[from] Stealth Rock
|turn|16
|
|t:|1759000484
|-end|p1a: Iron Crown|Quark Drive|[silent]
|switch|p1a: Samurott|Samurott-Hisui, M|46/100
|move|p2a: Heatran|Magma Storm|p1a: Samurott
|-resisted|p1a: Samurott
|-damage|p1a: Samurott|18/100
|-activate|p1a: Samurott|move: Magma Storm|[of] p2a: Heatran
|
|-heal|p2a: Heatran|70/100|[from] item: Leftovers
|-damage|p1a: Samurott|6/100|[from] move: Magma Storm|[partiallytrapped]
|upkeep
|turn|17
|
|t:|1759000494
|move|p1a: Samurott|Flip Turn|p2a: Heatran
|-supereffective|p2a: Heatran
|-damage|p2a: Heatran|16/100
|
|t:|1759000503
|switch|p1a: Landorus|Landorus-Therian, M|100/100|[from] Flip Turn
|-ability|p1a: Landorus|Intimidate|boost
|-unboost|p2a: Heatran|atk|1
|move|p2a: Heatran|Earth Power|p1a: Landorus
|-immune|p1a: Landorus
|
|-heal|p2a: Heatran|22/100|[from] item: Leftovers
|upkeep
|turn|18
|
|t:|1759000525
|switch|p2a: Landorus|Landorus-Therian, M|77/100
|-damage|p2a: Landorus|65/100|[from] Stealth Rock
|-ability|p2a: Landorus|Intimidate|boost
|-unboost|p1a: Landorus|atk|1
|move|p1a: Landorus|U-turn|p2a: Landorus
|-resisted|p2a: Landorus
|-damage|p2a: Landorus|53/100
|inactive|mestesso0 has 120 seconds left.
|
|t:|1759000555
|switch|p1a: Ogerpon|Ogerpon-Wellspring, F|46/100|[from] U-turn
|
|upkeep
|turn|19
|
|t:|1759000567
|move|p2a: Landorus|U-turn|p1a: Ogerpon
|-supereffective|p1a: Ogerpon
|-damage|p1a: Ogerpon|0 fnt
|faint|p1a: Ogerpon
|
|t:|1759000571
|switch|p2a: Heatran|Heatran, F|22/100|[from] U-turn
|-damage|p2a: Heatran|10/100|[from] Spikes
|-damage|p2a: Heatran|0 fnt|[from] Stealth Rock
|faint|p2a: Heatran
|
|upkeep
|
|t:|1759000592
|switch|p1a: Samurott|Samurott-Hisui, M|6/100
|switch|p2a: Greninja|Greninja, M|100/100
|-damage|p2a: Greninja|88/100|[from] Spikes
|-damage|p2a: Greninja|76/100|[from] Stealth Rock
|turn|20
|
|t:|1759000608
|switch|p1a: Pecharunt|Pecharunt|76/100
|move|p2a: Greninja|Dark Pulse|p1a: Pecharunt
|-supereffective|p1a: Pecharunt
|-damage|p1a: Pecharunt|3/100
|
|upkeep
|turn|21
|
|t:|1759000616
|move|p2a: Greninja|Dark Pulse|p1a: Pecharunt
|-supereffective|p1a: Pecharunt
|-damage|p1a: Pecharunt|0 fnt
|faint|p1a: Pecharunt
|-ability|p2a: Greninja|Battle Bond|boost
|-boost|p2a: Greninja|atk|1
|-boost|p2a: Greninja|spa|1
|-boost|p2a: Greninja|spe|1
|-activate|p2a: Greninja|ability: Battle Bond
|
|upkeep
|
|t:|1759000622
|switch|p1a: Landorus|Landorus-Therian, M|100/100
|-ability|p1a: Landorus|Intimidate|boost
|-unboost|p2a: Greninja|atk|1
|turn|22
|
|t:|1759000637
|-terastallize|p2a: Greninja|Water
|-terastallize|p1a: Landorus|Flying
|move|p2a: Greninja|Water Shuriken|p1a: Landorus
|-damage|p1a: Landorus|82/100
|-damage|p1a: Landorus|65/100
|-damage|p1a: Landorus|45/100
|-damage|p1a: Landorus|27/100
|-damage|p1a: Landorus|9/100
|-hitcount|p1a: Landorus|5
|move|p1a: Landorus|U-turn|p2a: Greninja
|-damage|p2a: Greninja|26/100
|
|t:|1759000645
|switch|p1a: Samurott|Samurott-Hisui, M|6/100|[from] U-turn
|
|upkeep
|turn|23
|
|t:|1759000653
|move|p2a: Greninja|Water Shuriken|p1a: Samurott
|-resisted|p1a: Samurott
|-damage|p1a: Samurott|0 fnt
|faint|p1a: Samurott
|-hitcount|p1: Samurott|1
|
|upkeep
|inactive|mestesso0 has 120 seconds left.
|
|t:|1759000665
|switch|p1a: Iron Crown|Iron Crown|100/100
|turn|24
|inactive|mestesso0 has 120 seconds left.
|
|t:|1759000678
|move|p2a: Greninja|Dark Pulse|p1a: Iron Crown
|-supereffective|p1a: Iron Crown
|-damage|p1a: Iron Crown|0 fnt
|faint|p1a: Iron Crown
|-end|p1a: Iron Crown|Quark Drive|[silent]
|
|upkeep
|c|☆The Power of Spam|Gg
|-message|mestesso0 forfeited.
|
|win|The Power of Spam
|raw|mestesso0's rating: 1356 &rarr; <strong>1337</strong><br />(-19 for losing)
|raw|The Power of Spam's rating: 1375 &rarr; <strong>1394</strong><br />(+19 for winning)
|l|☆mestesso0
|player|p1|
|l|☆The Power of Spam
|player|p2|
