|j|☆GhostDumbDumb
|j|☆sgodxis
|t:|1758924431
|gametype|singles
|player|p1|GhostDumbDumb|unknown|1443
|player|p2|sgodxis|veteran|1490
|gen|9
|tier|[Gen 9] OU
|rated|
|rule|HP Percentage Mod: HP is shown in percentages
|rule|Endless Battle Clause: Forcing endless battles is banned
|rule|Species Clause: Limit one of each Pokémon
|rule|OHKO Clause: OHKO moves are banned
|rule|Evasion Items Clause: Evasion items are banned
|rule|Evasion Moves Clause: Evasion moves are banned
|rule|Evasion Abilities Clause: Evasion abilities are banned
|rule|Sleep Moves Clause: Sleep-inducing moves are banned
|clearpoke
|poke|p1|Dragapult, M|
|poke|p1|Gliscor, F|
|poke|p1|Reuniclus, M|
|poke|p1|Sceptile, F|
|poke|p1|Greninja-*, M|
|poke|p1|Weezing-Galar, F|
|poke|p2|Pelipper, F|
|poke|p2|Samurott-Hisui, F|
|poke|p2|Slowking-Galar, M|
|poke|p2|Iron Treads|
|poke|p2|Zapdos|
|poke|p2|Barraskewda, F|
|teampreview
|inactive|Battle timer is ON: inactive players will automatically lose when time's up. (requested by sgodxis)
|
|t:|1758924449
|teamsize|p1|6
|teamsize|p2|6
|start
|switch|p1a: Weezing|Weezing-Galar, F, shiny|100/100
|switch|p2a: Pelipper|Pelipper, F|100/100
|-ability|p1a: Weezing|Neutralizing Gas
|turn|1
|
|t:|1758924461
|move|p1a: Weezing|Thunderbolt|p2a: Pelipper
|-supereffective|p2a: Pelipper
|-damage|p2a: Pelipper|0 fnt
|faint|p2a: Pelipper
|
|upkeep
|c|☆sgodxis|oof
|
|t:|1758924468
|switch|p2a: Iron Treads|Iron Treads|100/100
|turn|2
|
|t:|1758924490
|-end|p1a: Weezing|ability: Neutralizing Gas
|switch|p1a: Mr Middle Finger|Gliscor, F, shiny|100/100
|move|p2a: Iron Treads|Stealth Rock|p1a: Mr Middle Finger
|-sidestart|p1: GhostDumbDumb|move: Stealth Rock
|
|-status|p1a: Mr Middle Finger|tox|[from] item: Toxic Orb
|upkeep
|turn|3
|
|t:|1758924501
|-end|p2a: Iron Treads|Quark Drive|[silent]
|switch|p2a: Samurott|Samurott-Hisui, F|100/100
|move|p1a: Mr Middle Finger|Protect||[still]
|-fail|p1a: Mr Middle Finger
|
|upkeep
|turn|4
|
|t:|1758924515
|-terastallize|p1a: Mr Middle Finger|Steel
|move|p2a: Samurott|Ceaseless Edge|p1a: Mr Middle Finger
|-damage|p1a: Mr Middle Finger|72/100 tox
|-sidestart|p1: GhostDumbDumb|Spikes
|move|p1a: Mr Middle Finger|Substitute|p1a: Mr Middle Finger
|-start|p1a: Mr Middle Finger|Substitute
|-damage|p1a: Mr Middle Finger|47/100 tox
|
|-heal|p1a: Mr Middle Finger|59/100 tox|[from] ability: Poison Heal
|upkeep
|turn|5
|
|t:|1758924526
|move|p2a: Samurott|Flip Turn|p1a: Mr Middle Finger
|-activate|p1a: Mr Middle Finger|move: Substitute|[damage]
|
|t:|1758924530
|switch|p2a: Slowking|Slowking-Galar, M|100/100|[from] Flip Turn
|move|p1a: Mr Middle Finger|Toxic|p2a: Slowking
|-immune|p2a: Slowking
|
|-heal|p1a: Mr Middle Finger|72/100 tox|[from] ability: Poison Heal
|upkeep
|turn|6
|
|t:|1758924542
|move|p1a: Mr Middle Finger|Earthquake|p2a: Slowking
|-supereffective|p2a: Slowking
|-damage|p2a: Slowking|30/100
|-prepare|p2a: Slowking|Chilly Reception|[premajor]
|move|p2a: Slowking|Chilly Reception|p2a: Slowking
|-weather|Snowscape
|
|t:|1758924545
|switch|p2a: Samurott|Samurott-Hisui, F|100/100|[from] Chilly Reception
|
|-weather|Snowscape|[upkeep]
|-heal|p1a: Mr Middle Finger|84/100 tox|[from] ability: Poison Heal
|upkeep
|turn|7
|
|t:|1758924553
|move|p2a: Samurott|Flip Turn|p1a: Mr Middle Finger
|-end|p1a: Mr Middle Finger|Substitute
|
|t:|1758924556
|switch|p2a: Iron Treads|Iron Treads|100/100|[from] Flip Turn
|move|p1a: Mr Middle Finger|Toxic|p2a: Iron Treads
|-immune|p2a: Iron Treads
|
|-weather|Snowscape|[upkeep]
|-heal|p1a: Mr Middle Finger|97/100 tox|[from] ability: Poison Heal
|upkeep
|turn|8
|
|t:|1758924567
|move|p1a: Mr Middle Finger|Protect|p1a: Mr Middle Finger
|-singleturn|p1a: Mr Middle Finger|Protect
|move|p2a: Iron Treads|Earthquake|p1a: Mr Middle Finger
|-activate|p1a: Mr Middle Finger|move: Protect
|
|-weather|Snowscape|[upkeep]
|-heal|p1a: Mr Middle Finger|100/100 tox|[from] ability: Poison Heal
|upkeep
|turn|9
|
|t:|1758924579
|move|p2a: Iron Treads|Earthquake|p1a: Mr Middle Finger
|-supereffective|p1a: Mr Middle Finger
|-damage|p1a: Mr Middle Finger|46/100 tox
|move|p1a: Mr Middle Finger|Earthquake|p2a: Iron Treads
|-supereffective|p2a: Iron Treads
|-damage|p2a: Iron Treads|37/100
|
|-weather|Snowscape|[upkeep]
|-heal|p2a: Iron Treads|43/100|[from] item: Leftovers
|-heal|p1a: Mr Middle Finger|59/100 tox|[from] ability: Poison Heal
|upkeep
|turn|10
|
|t:|1758924589
|move|p1a: Mr Middle Finger|Protect|p1a: Mr Middle Finger
|-singleturn|p1a: Mr Middle Finger|Protect
|move|p2a: Iron Treads|Earthquake|p1a: Mr Middle Finger
|-activate|p1a: Mr Middle Finger|move: Protect
|
|-weather|none
|-heal|p2a: Iron Treads|49/100|[from] item: Leftovers
|-heal|p1a: Mr Middle Finger|71/100 tox|[from] ability: Poison Heal
|upkeep
|turn|11
|
|t:|1758924599
|move|p2a: Iron Treads|Earthquake|p1a: Mr Middle Finger
|-supereffective|p1a: Mr Middle Finger
|-damage|p1a: Mr Middle Finger|12/100 tox
|move|p1a: Mr Middle Finger|Earthquake|p2a: Iron Treads
|-supereffective|p2a: Iron Treads
|-damage|p2a: Iron Treads|0 fnt
|faint|p2a: Iron Treads
|-end|p2a: Iron Treads|Quark Drive|[silent]
|
|-heal|p1a: Mr Middle Finger|24/100 tox|[from] ability: Poison Heal
|upkeep
|
|t:|1758924607
|switch|p2a: Zapdos|Zapdos|100/100
|turn|12
|
|t:|1758924611
|move|p1a: Mr Middle Finger|Protect|p1a: Mr Middle Finger
|-singleturn|p1a: Mr Middle Finger|Protect
|move|p2a: Zapdos|Volt Switch|p1a: Mr Middle Finger
|-activate|p1a: Mr Middle Finger|move: Protect
|
|-heal|p1a: Mr Middle Finger|37/100 tox|[from] ability: Poison Heal
|upkeep
|turn|13
|
|t:|1758924621
|move|p2a: Zapdos|Volt Switch|p1a: Mr Middle Finger
|-damage|p1a: Mr Middle Finger|2/100 tox
|
|t:|1758924625
|switch|p2a: Samurott|Samurott-Hisui, F|100/100|[from] Volt Switch
|move|p1a: Mr Middle Finger|Substitute|p1a: Mr Middle Finger
|-fail|p1a: Mr Middle Finger|move: Substitute|[weak]
|
|-heal|p1a: Mr Middle Finger|14/100 tox|[from] ability: Poison Heal
|upkeep
|turn|14
|
|t:|1758924634
|move|p1a: Mr Middle Finger|Protect|p1a: Mr Middle Finger
|-singleturn|p1a: Mr Middle Finger|Protect
|move|p2a: Samurott|Flip Turn|p1a: Mr Middle Finger
|-activate|p1a: Mr Middle Finger|move: Protect
|
|-heal|p1a: Mr Middle Finger|26/100 tox|[from] ability: Poison Heal
|upkeep
|turn|15
|
|t:|1758924645
|move|p2a: Samurott|Ceaseless Edge|p1a: Mr Middle Finger
|-damage|p1a: Mr Middle Finger|0 fnt
|-sidestart|p1: GhostDumbDumb|Spikes
|faint|p1a: Mr Middle Finger
|
|upkeep
|
|t:|1758924660
|switch|p1a: Weezing|Weezing-Galar, F, shiny|100/100
|-ability|p1a: Weezing|Neutralizing Gas
|-damage|p1a: Weezing|88/100|[from] Stealth Rock
|-damage|p1a: Weezing|72/100|[from] Spikes
|turn|16
|
|t:|1758924671
|move|p2a: Samurott|Razor Shell|p1a: Weezing
|-damage|p1a: Weezing|42/100
|-unboost|p1a: Weezing|def|1
|move|p1a: Weezing|Strange Steam|p2a: Samurott
|-supereffective|p2a: Samurott
|-damage|p2a: Samurott|0 fnt
|faint|p2a: Samurott
|
|upkeep
|
|t:|1758924677
|switch|p2a: Barraskewda|Barraskewda, F|100/100
|turn|17
|
|t:|1758924681
|move|p2a: Barraskewda|Flip Turn|p1a: Weezing
|-damage|p1a: Weezing|0 fnt
|faint|p1a: Weezing
|-end|p1a: Weezing|ability: Neutralizing Gas
|
|t:|1758924688
|switch|p2a: Zapdos|Zapdos|100/100|[from] Flip Turn
|
|upkeep
|inactive|GhostDumbDumb has 120 seconds left.
|
|t:|1758924718
|switch|p1a: Wait...|Reuniclus, M, shiny|100/100
|turn|18
|
|t:|1758924726
|move|p2a: Zapdos|Hurricane|p1a: Wait...
|-damage|p1a: Wait...|62/100
|move|p1a: Wait...|Calm Mind|p1a: Wait...
|-boost|p1a: Wait...|spa|1
|-boost|p1a: Wait...|spd|1
|
|-heal|p1a: Wait...|68/100|[from] item: Leftovers
|upkeep
|turn|19
|
|t:|1758924733
|move|p2a: Zapdos|Volt Switch|p1a: Wait...
|-damage|p1a: Wait...|51/100
|
|t:|1758924735
|switch|p2a: Barraskewda|Barraskewda, F|100/100|[from] Volt Switch
|move|p1a: Wait...|Acid Armor|p1a: Wait...
|-boost|p1a: Wait...|def|2
|
|-heal|p1a: Wait...|57/100|[from] item: Leftovers
|upkeep
|turn|20
|
|t:|1758924745
|-terastallize|p2a: Barraskewda|Water
|move|p2a: Barraskewda|Liquidation|p1a: Wait...
|-damage|p1a: Wait...|25/100
|move|p1a: Wait...|Recover|p1a: Wait...
|-heal|p1a: Wait...|75/100
|
|-heal|p1a: Wait...|81/100|[from] item: Leftovers
|upkeep
|turn|21
|c|☆sgodxis|wp!
|
|t:|1758924756
|move|p2a: Barraskewda|Liquidation|p1a: Wait...
|-damage|p1a: Wait...|48/100
|move|p1a: Wait...|Acid Armor|p1a: Wait...
|-boost|p1a: Wait...|def|2
|
|-heal|p1a: Wait...|55/100|[from] item: Leftovers
|upkeep
|turn|22
|
|t:|1758924763
|move|p2a: Barraskewda|Flip Turn|p1a: Wait...
|-damage|p1a: Wait...|38/100
|
|t:|1758924765
|switch|p2a: Slowking|Slowking-Galar, M|63/100|[from] Flip Turn
|move|p1a: Wait...|Recover|p1a: Wait...
|-heal|p1a: Wait...|88/100
|
|-heal|p1a: Wait...|94/100|[from] item: Leftovers
|upkeep
|turn|23
|
|t:|1758924777
|move|p1a: Wait...|Stored Power|p2a: Slowking
|-damage|p2a: Slowking|9/100
|move|p2a: Slowking|Thunder Wave|p1a: Wait...
|-status|p1a: Wait...|par
|
|-heal|p1a: Wait...|99/100 par|[from] item: Leftovers
|upkeep
|turn|24
|
|t:|1758924787
|move|p2a: Slowking|Psychic Noise|p1a: Wait...
|-resisted|p1a: Wait...
|-crit|p1a: Wait...
|-damage|p1a: Wait...|83/100 par
|-start|p1a: Wait...|move: Heal Block
|move|p1a: Wait...|Calm Mind|p1a: Wait...
|-boost|p1a: Wait...|spa|1
|-boost|p1a: Wait...|spd|1
|
|upkeep
|turn|25
|
|t:|1758924796
|move|p2a: Slowking|Psychic Noise|p1a: Wait...
|-resisted|p1a: Wait...
|-damage|p1a: Wait...|78/100 par
|move|p1a: Wait...|Calm Mind|p1a: Wait...
|-boost|p1a: Wait...|spa|1
|-boost|p1a: Wait...|spd|1
|
|-end|p1a: Wait...|move: Heal Block
|upkeep
|turn|26
|
|t:|1758924804
|move|p2a: Slowking|Psychic Noise|p1a: Wait...
|-resisted|p1a: Wait...
|-damage|p1a: Wait...|74/100 par
|-start|p1a: Wait...|move: Heal Block
|move|p1a: Wait...|Calm Mind|p1a: Wait...
|-boost|p1a: Wait...|spa|1
|-boost|p1a: Wait...|spd|1
|
|upkeep
|turn|27
|
|t:|1758924812
|move|p2a: Slowking|Sludge Bomb|p1a: Wait...
|-damage|p1a: Wait...|65/100 par
|move|p1a: Wait...|Acid Armor|p1a: Wait...
|-boost|p1a: Wait...|def|2
|
|-end|p1a: Wait...|move: Heal Block
|upkeep
|turn|28
|
|t:|1758924818
|move|p2a: Slowking|Psychic Noise|p1a: Wait...
|-resisted|p1a: Wait...
|-damage|p1a: Wait...|61/100 par
|-start|p1a: Wait...|move: Heal Block
|move|p1a: Wait...|Stored Power|p2a: Slowking
|-crit|p2a: Slowking
|-damage|p2a: Slowking|0 fnt
|faint|p2a: Slowking
|
|upkeep
|
|t:|1758924825
|switch|p2a: Barraskewda|Barraskewda, F, tera:Water|100/100
|turn|29
|
|t:|1758924829
|move|p2a: Barraskewda|Liquidation|p1a: Wait...
|-damage|p1a: Wait...|44/100 par
|cant|p1a: Wait...|par
|
|-end|p1a: Wait...|move: Heal Block
|upkeep
|turn|30
|
|t:|1758924835
|move|p2a: Barraskewda|Liquidation|p1a: Wait...
|-damage|p1a: Wait...|28/100 par
|move|p1a: Wait...|Recover|p1a: Wait...
|-heal|p1a: Wait...|78/100 par
|
|-heal|p1a: Wait...|84/100 par|[from] item: Leftovers
|upkeep
|turn|31
|
|t:|1758924842
|move|p2a: Barraskewda|Liquidation|p1a: Wait...
|-damage|p1a: Wait...|67/100 par
|cant|p1a: Wait...|par
|
|-heal|p1a: Wait...|73/100 par|[from] item: Leftovers
|upkeep
|turn|32
|
|t:|1758924848
|move|p2a: Barraskewda|Liquidation|p1a: Wait...
|-damage|p1a: Wait...|57/100 par
|cant|p1a: Wait...|par
|
|-heal|p1a: Wait...|63/100 par|[from] item: Leftovers
|upkeep
|turn|33
|
|t:|1758924854
|move|p2a: Barraskewda|Liquidation|p1a: Wait...
|-damage|p1a: Wait...|45/100 par
|cant|p1a: Wait...|par
|
|-heal|p1a: Wait...|51/100 par|[from] item: Leftovers
|upkeep
|turn|34
|c|☆sgodxis|:|
|c|☆sgodxis|Sry
|
|t:|1758924866
|move|p2a: Barraskewda|Liquidation|p1a: Wait...
|-crit|p1a: Wait...
|-damage|p1a: Wait...|0 fnt
|faint|p1a: Wait...
|
|upkeep
|c|☆GhostDumbDumb|lmao
|c|☆sgodxis|that
|
|t:|1758924880
|switch|p1a: Shoots Kids|Dragapult, M, shiny|100/100
|-damage|p1a: Shoots Kids|88/100|[from] Stealth Rock
|-damage|p1a: Shoots Kids|72/100|[from] Spikes
|turn|35
|c|☆sgodxis|that's literally insane, I have no other words
|
|t:|1758924889
|move|p1a: Shoots Kids|Thunderbolt|p2a: Barraskewda
|-supereffective|p2a: Barraskewda
|-damage|p2a: Barraskewda|0 fnt
|faint|p2a: Barraskewda
|
|upkeep
|
|t:|1758924891
|switch|p2a: Zapdos|Zapdos|100/100
|turn|36
|c|☆sgodxis|Still gg though, wp!
|
|t:|1758924901
|switch|p1a: Typhlosions Lawyer|Sceptile, F, shiny|100/100
|-damage|p1a: Typhlosions Lawyer|88/100|[from] Stealth Rock
|-damage|p1a: Typhlosions Lawyer|72/100|[from] Spikes
|move|p2a: Zapdos|Hurricane|p1a: Typhlosions Lawyer
|-supereffective|p1a: Typhlosions Lawyer
|-damage|p1a: Typhlosions Lawyer|0 fnt
|faint|p1a: Typhlosions Lawyer
|
|upkeep
|c|☆GhostDumbDumb|u2
|
|t:|1758924910
|switch|p1a: Smiff|Greninja, M|100/100
|-damage|p1a: Smiff|88/100|[from] Stealth Rock
|-damage|p1a: Smiff|72/100|[from] Spikes
|turn|37
|
|t:|1758924916
|move|p1a: Smiff|Ice Beam|p2a: Zapdos
|-supereffective|p2a: Zapdos
|-damage|p2a: Zapdos|41/100
|move|p2a: Zapdos|Volt Switch|p1a: Smiff
|-supereffective|p1a: Smiff
|-damage|p1a: Smiff|0 fnt
|faint|p1a: Smiff
|
|upkeep
|
|t:|1758924923
|switch|p1a: Shoots Kids|Dragapult, M, shiny|72/100
|-damage|p1a: Shoots Kids|59/100|[from] Stealth Rock
|-damage|p1a: Shoots Kids|43/100|[from] Spikes
|turn|38
|
|t:|1758924928
|move|p1a: Shoots Kids|Draco Meteor|p2a: Zapdos
|-damage|p2a: Zapdos|0 fnt
|-unboost|p1a: Shoots Kids|spa|2
|faint|p2a: Zapdos
|
|win|GhostDumbDumb
|raw|GhostDumbDumb's rating: 1443 &rarr; <strong>1466</strong><br />(+23 for winning)
|raw|sgodxis's rating: 1490 &rarr; <strong>1467</strong><br />(-23 for losing)
|l|☆GhostDumbDumb
|player|p1|
|l|☆sgodxis
|player|p2|
