|j|☆ancient faith
|j|☆painneverends5431
|t:|1758993951
|gametype|singles
|player|p1|ancient faith|yellow|1246
|player|p2|painneverends5431|265|1272
|gen|9
|tier|[Gen 9] OU
|rated|
|rule|HP Percentage Mod: HP is shown in percentages
|rule|Endless Battle Clause: Forcing endless battles is banned
|rule|Species Clause: Limit one of each Pokémon
|rule|OHKO Clause: OHKO moves are banned
|rule|Evasion Items Clause: Evasion items are banned
|rule|Evasion Moves Clause: Evasion moves are banned
|rule|Evasion Abilities Clause: Evasion abilities are banned
|rule|Sleep Moves Clause: Sleep-inducing moves are banned
|clearpoke
|poke|p1|Iron Valiant|
|poke|p1|Dragapult, M|
|poke|p1|Glimmora, M|
|poke|p1|Ogerpon-Wellspring, F|
|poke|p1|Landorus-Therian, M|
|poke|p1|Kingambit, M|
|poke|p2|Regidrago|
|poke|p2|Scizor, M|
|poke|p2|Armarouge, F|
|poke|p2|Weezing-Galar, M|
|poke|p2|Clodsire, M|
|poke|p2|Alomomola, F|
|teampreview
|inactive|Battle timer is ON: inactive players will automatically lose when time's up. (requested by painneverends5431)
|
|t:|1758993967
|teamsize|p1|6
|teamsize|p2|6
|start
|switch|p1a: Landorus|Landorus-Therian, M, shiny|100/100
|switch|p2a: Weezing|Weezing-Galar, M|100/100
|-ability|p2a: Weezing|Neutralizing Gas
|turn|1
|
|t:|1758993972
|move|p1a: Landorus|Taunt|p2a: Weezing
|-start|p2a: Weezing|move: Taunt
|cant|p2a: Weezing|move: Taunt|Will-O-Wisp
|
|upkeep
|turn|2
|
|t:|1758993976
|move|p1a: Landorus|Stealth Rock|p2a: Weezing
|-sidestart|p2: painneverends5431|move: Stealth Rock
|move|p2a: Weezing|Strange Steam|p1a: Landorus
|-damage|p1a: Landorus|70/100
|-start|p1a: Landorus|confusion
|
|upkeep
|turn|3
|
|t:|1758993984
|switch|p1a: Glimmora|Glimmora, M, shiny|100/100
|-end|p2a: Weezing|ability: Neutralizing Gas
|switch|p2a: Alomomola|Alomomola, F|100/100
|
|upkeep
|turn|4
|
|t:|1758993994
|switch|p2a: Clodsire|Clodsire, M|100/100
|-damage|p2a: Clodsire|94/100|[from] Stealth Rock
|move|p1a: Glimmora|Meteor Beam||[still]
|-prepare|p1a: Glimmora|Meteor Beam
|-boost|p1a: Glimmora|spa|1
|-enditem|p1a: Glimmora|Power Herb
|-anim|p1a: Glimmora|Meteor Beam|p2a: Clodsire
|-resisted|p2a: Clodsire
|-damage|p2a: Clodsire|77/100
|
|-heal|p2a: Clodsire|83/100|[from] item: Leftovers
|upkeep
|turn|5
|
|t:|1758994004
|switch|p1a: Landorus|Landorus-Therian, M, shiny|70/100
|-ability|p1a: Landorus|Intimidate|boost
|-unboost|p2a: Clodsire|atk|1
|move|p2a: Clodsire|Toxic|p1a: Landorus
|-status|p1a: Landorus|tox
|
|-heal|p2a: Clodsire|90/100|[from] item: Leftovers
|-damage|p1a: Landorus|64/100 tox|[from] psn
|upkeep
|turn|6
|
|t:|1758994012
|switch|p2a: Alomomola|Alomomola, F|100/100
|move|p1a: Landorus|U-turn|p2a: Alomomola
|-damage|p2a: Alomomola|87/100
|
|t:|1758994024
|switch|p1a: Glimmora|Glimmora, M, shiny|100/100|[from] U-turn
|
|upkeep
|turn|7
|
|t:|1758994027
|switch|p2a: Clodsire|Clodsire, M|90/100
|-damage|p2a: Clodsire|83/100|[from] Stealth Rock
|move|p1a: Glimmora|Earth Power|p2a: Clodsire
|-supereffective|p2a: Clodsire
|-damage|p2a: Clodsire|48/100
|
|-heal|p2a: Clodsire|55/100|[from] item: Leftovers
|upkeep
|turn|8
|
|t:|1758994033
|move|p1a: Glimmora|Earth Power|p2a: Clodsire
|-supereffective|p2a: Clodsire
|-damage|p2a: Clodsire|18/100
|move|p2a: Clodsire|Recover|p2a: Clodsire
|-heal|p2a: Clodsire|68/100
|
|-heal|p2a: Clodsire|74/100|[from] item: Leftovers
|upkeep
|turn|9
|
|t:|1758994037
|switch|p1a: Landorus|Landorus-Therian, M, shiny|64/100 tox
|-ability|p1a: Landorus|Intimidate|boost
|-unboost|p2a: Clodsire|atk|1
|move|p2a: Clodsire|Recover|p2a: Clodsire
|-heal|p2a: Clodsire|100/100
|
|-damage|p1a: Landorus|58/100 tox|[from] psn
|upkeep
|turn|10
|
|t:|1758994040
|switch|p2a: Alomomola|Alomomola, F|100/100
|move|p1a: Landorus|U-turn|p2a: Alomomola
|-damage|p2a: Alomomola|87/100
|
|t:|1758994042
|switch|p1a: Ogerpon|Ogerpon-Wellspring, F|100/100|[from] U-turn
|
|upkeep
|turn|11
|
|t:|1758994045
|switch|p2a: Weezing|Weezing-Galar, M|100/100
|-ability|p2a: Weezing|Neutralizing Gas
|move|p1a: Ogerpon|Ivy Cudgel|p2a: Weezing|[anim] Ivy Cudgel Water
|-damage|p2a: Weezing|60/100
|
|upkeep
|turn|12
|
|t:|1758994056
|move|p1a: Ogerpon|Taunt|p2a: Weezing
|-start|p2a: Weezing|move: Taunt
|cant|p2a: Weezing|move: Taunt|Defog
|
|upkeep
|turn|13
|
|t:|1758994058
|move|p1a: Ogerpon|Ivy Cudgel|p2a: Weezing|[anim] Ivy Cudgel Water
|-damage|p2a: Weezing|19/100
|move|p2a: Weezing|Strange Steam|p1a: Ogerpon
|-damage|p1a: Ogerpon|68/100
|
|upkeep
|turn|14
|
|t:|1758994068
|-end|p2a: Weezing|ability: Neutralizing Gas
|switch|p2a: Regidrago|Regidrago|100/100
|-damage|p2a: Regidrago|88/100|[from] Stealth Rock
|move|p1a: Ogerpon|Ivy Cudgel|p2a: Regidrago|[anim] Ivy Cudgel Water
|-resisted|p2a: Regidrago
|-damage|p2a: Regidrago|55/100
|
|upkeep
|turn|15
|
|t:|1758994079
|switch|p1a: Glimmora|Glimmora, M, shiny|100/100
|move|p2a: Regidrago|Tera Blast|p1a: Glimmora
|-resisted|p1a: Glimmora
|-damage|p1a: Glimmora|75/100
|
|upkeep
|turn|16
|
|t:|1758994088
|switch|p2a: Clodsire|Clodsire, M|100/100
|-damage|p2a: Clodsire|94/100|[from] Stealth Rock
|move|p1a: Glimmora|Spikes|p2a: Clodsire
|-sidestart|p2: painneverends5431|Spikes
|
|-heal|p2a: Clodsire|100/100|[from] item: Leftovers
|upkeep
|turn|17
|
|t:|1758994096
|move|p1a: Glimmora|Spikes|p2a: Clodsire
|-sidestart|p2: painneverends5431|Spikes
|move|p2a: Clodsire|Spikes|p1a: Glimmora
|-sidestart|p1: ancient faith|Spikes
|
|upkeep
|turn|18
|
|t:|1758994100
|move|p1a: Glimmora|Mortal Spin|p2a: Clodsire
|-resisted|p2a: Clodsire
|-damage|p2a: Clodsire|99/100
|-sideend|p1: ancient faith|Spikes|[from] move: Mortal Spin|[of] p1a: Glimmora
|move|p2a: Clodsire|Spikes|p1a: Glimmora
|-sidestart|p1: ancient faith|Spikes
|
|-heal|p2a: Clodsire|100/100|[from] item: Leftovers
|upkeep
|turn|19
|
|t:|1758994102
|move|p1a: Glimmora|Mortal Spin|p2a: Clodsire
|-resisted|p2a: Clodsire
|-damage|p2a: Clodsire|99/100
|-sideend|p1: ancient faith|Spikes|[from] move: Mortal Spin|[of] p1a: Glimmora
|move|p2a: Clodsire|Spikes|p1a: Glimmora
|-sidestart|p1: ancient faith|Spikes
|
|-heal|p2a: Clodsire|100/100|[from] item: Leftovers
|upkeep
|turn|20
|
|t:|1758994105
|move|p1a: Glimmora|Mortal Spin|p2a: Clodsire
|-resisted|p2a: Clodsire
|-damage|p2a: Clodsire|99/100
|-sideend|p1: ancient faith|Spikes|[from] move: Mortal Spin|[of] p1a: Glimmora
|move|p2a: Clodsire|Earthquake|p1a: Glimmora
|-supereffective|p1a: Glimmora
|-damage|p1a: Glimmora|0 fnt
|-activate|p1a: Glimmora|ability: Toxic Debris
|-sidestart|p2: painneverends5431|move: Toxic Spikes
|faint|p1a: Glimmora
|
|-heal|p2a: Clodsire|100/100|[from] item: Leftovers
|upkeep
|
|t:|1758994111
|switch|p1a: Landorus|Landorus-Therian, M, shiny|58/100 tox
|-ability|p1a: Landorus|Intimidate|boost
|-unboost|p2a: Clodsire|atk|1
|turn|21
|
|t:|1758994114
|switch|p2a: Alomomola|Alomomola, F|100/100
|move|p1a: Landorus|Earthquake|p2a: Alomomola
|-damage|p2a: Alomomola|69/100
|
|-damage|p1a: Landorus|52/100 tox|[from] psn
|upkeep
|turn|22
|
|t:|1758994122
|move|p1a: Landorus|U-turn|p2a: Alomomola
|-damage|p2a: Alomomola|55/100
|
|t:|1758994123
|switch|p1a: Ogerpon|Ogerpon-Wellspring, F|68/100|[from] U-turn
|move|p2a: Alomomola|Wish|p2a: Alomomola
|
|upkeep
|turn|23
|
|t:|1758994134
|switch|p2a: Scizor|Scizor, M|100/100
|-damage|p2a: Scizor|88/100|[from] Stealth Rock
|-damage|p2a: Scizor|72/100|[from] Spikes
|move|p1a: Ogerpon|Ivy Cudgel|p2a: Scizor|[anim] Ivy Cudgel Water
|-damage|p2a: Scizor|12/100
|
|-heal|p2a: Scizor|81/100|[from] move: Wish|[wisher] Alomomola
|upkeep
|turn|24
|
|t:|1758994146
|switch|p1a: Landorus|Landorus-Therian, M, shiny|52/100 tox
|-ability|p1a: Landorus|Intimidate|boost
|-unboost|p2a: Scizor|atk|1
|switch|p2a: Alomomola|Alomomola, F|88/100
|
|-damage|p1a: Landorus|46/100 tox|[from] psn
|upkeep
|turn|25
|
|t:|1758994153
|move|p2a: Alomomola|Protect|p2a: Alomomola
|-singleturn|p2a: Alomomola|Protect
|move|p1a: Landorus|U-turn|p2a: Alomomola
|-activate|p2a: Alomomola|move: Protect
|
|-damage|p1a: Landorus|34/100 tox|[from] psn
|upkeep
|turn|26
|
|t:|1758994159
|move|p1a: Landorus|U-turn|p2a: Alomomola
|-damage|p2a: Alomomola|76/100
|
|t:|1758994160
|switch|p1a: Dragapult|Dragapult, M, shiny|100/100|[from] U-turn
|move|p2a: Alomomola|Wish|p2a: Alomomola
|
|upkeep
|turn|27
|
|t:|1758994167
|move|p1a: Dragapult|Shadow Ball|p2a: Alomomola
|-damage|p2a: Alomomola|20/100
|move|p2a: Alomomola|Flip Turn|p1a: Dragapult
|-resisted|p1a: Dragapult
|-damage|p1a: Dragapult|89/100
|
|t:|1758994171
|switch|p2a: Weezing|Weezing-Galar, M|19/100|[from] Flip Turn
|-ability|p2a: Weezing|Neutralizing Gas
|-sideend|p2: painneverends5431|move: Toxic Spikes|[of] p2a: Weezing
|
|-heal|p2a: Weezing|90/100|[from] move: Wish|[wisher] Alomomola
|upkeep
|turn|28
|
|t:|1758994180
|-terastallize|p1a: Dragapult|Ghost
|move|p1a: Dragapult|Shadow Ball|p2a: Weezing
|-damage|p2a: Weezing|0 fnt
|faint|p2a: Weezing
|-end|p2a: Weezing|ability: Neutralizing Gas
|
|upkeep
|
|t:|1758994191
|switch|p2a: Alomomola|Alomomola, F|53/100
|turn|29
|
|t:|1758994193
|switch|p2a: Clodsire|Clodsire, M|100/100
|-damage|p2a: Clodsire|94/100|[from] Stealth Rock
|-damage|p2a: Clodsire|78/100|[from] Spikes
|move|p1a: Dragapult|Shadow Ball|p2a: Clodsire
|-damage|p2a: Clodsire|39/100
|-unboost|p2a: Clodsire|spd|1
|
|-heal|p2a: Clodsire|45/100|[from] item: Leftovers
|upkeep
|turn|30
|
|t:|1758994203
|-terastallize|p2a: Clodsire|Dark
|move|p1a: Dragapult|Shadow Ball|p2a: Clodsire
|-resisted|p2a: Clodsire
|-crit|p2a: Clodsire
|-damage|p2a: Clodsire|0 fnt
|faint|p2a: Clodsire
|
|upkeep
|-message|painneverends5431 forfeited.
|
|win|ancient faith
|raw|ancient faith's rating: 1246 &rarr; <strong>1273</strong><br />(+27 for winning)
|raw|painneverends5431's rating: 1272 &rarr; <strong>1245</strong><br />(-27 for losing)
|c|☆ancient faith|mb
|l|☆painneverends5431
|player|p2|
