|j|☆IanReneHn
|j|☆philbob101
|t:|1758928935
|gametype|singles
|player|p1|IanReneHn|steven|1143
|player|p2|philbob101|ghetsis|1154
|gen|9
|tier|[Gen 9] OU
|rated|
|rule|HP Percentage Mod: HP is shown in percentages
|rule|Endless Battle Clause: Forcing endless battles is banned
|rule|Species Clause: Limit one of each Pokémon
|rule|OHKO Clause: OHKO moves are banned
|rule|Evasion Items Clause: Evasion items are banned
|rule|Evasion Moves Clause: Evasion moves are banned
|rule|Evasion Abilities Clause: Evasion abilities are banned
|rule|Sleep Moves Clause: Sleep-inducing moves are banned
|clearpoke
|poke|p1|Samurott-Hisui, M|
|poke|p1|Kleavor, M|
|poke|p1|Glimmora, F|
|poke|p1|Ribombee, F|
|poke|p1|Thundurus, M|
|poke|p1|Gholdengo|
|poke|p2|Haxorus, F|
|poke|p2|Samurott-Hisui, F|
|poke|p2|Florges-Blue, F|
|poke|p2|Braviary-Hisui, M|
|poke|p2|Zapdos-Galar|
|poke|p2|Magmortar, F|
|teampreview
|inactive|Battle timer is ON: inactive players will automatically lose when time's up. (requested by IanReneHn)
|inactive|philbob101 has 120 seconds left.
|
|t:|1758928976
|teamsize|p1|6
|teamsize|p2|6
|start
|switch|p1a: Thundurus|Thundurus, M, shiny|100/100
|switch|p2a: Samurott|Samurott-Hisui, F, shiny|100/100
|turn|1
|
|t:|1758928981
|switch|p2a: Haxorus|Haxorus, F, shiny|100/100
|-ability|p2a: Haxorus|Mold Breaker
|move|p1a: Thundurus|Discharge|p2a: Haxorus
|-resisted|p2a: Haxorus
|-damage|p2a: Haxorus|70/100
|-status|p2a: Haxorus|par
|
|upkeep
|turn|2
|
|t:|1758928985
|move|p1a: Thundurus|Taunt|p2a: Haxorus
|-start|p2a: Haxorus|move: Taunt
|cant|p2a: Haxorus|move: Taunt|Dragon Dance
|
|upkeep
|turn|3
|
|t:|1758929008
|move|p1a: Thundurus|Knock Off|p2a: Haxorus
|-damage|p2a: Haxorus|40/100 par
|-enditem|p2a: Haxorus|Expert Belt|[from] move: Knock Off|[of] p1a: Thundurus
|move|p2a: Haxorus|Dragon Claw|p1a: Thundurus
|-damage|p1a: Thundurus|27/100
|
|-heal|p1a: Thundurus|33/100|[from] item: Leftovers
|upkeep
|turn|4
|
|t:|1758929020
|move|p1a: Thundurus|Discharge|p2a: Haxorus
|-resisted|p2a: Haxorus
|-damage|p2a: Haxorus|7/100 par
|move|p2a: Haxorus|Poison Jab|p1a: Thundurus
|-damage|p1a: Thundurus|0 fnt
|faint|p1a: Thundurus
|
|-end|p2a: Haxorus|move: Taunt
|upkeep
|
|t:|1758929025
|switch|p1a: Samurott|Samurott-Hisui, M, shiny|100/100
|turn|5
|
|t:|1758929033
|switch|p2a: Florges|Florges-Blue, F, shiny|100/100
|move|p1a: Samurott|Ceaseless Edge|p2a: Florges
|-resisted|p2a: Florges
|-damage|p2a: Florges|80/100
|-sidestart|p2: philbob101|Spikes
|
|upkeep
|turn|6
|
|t:|1758929037
|move|p1a: Samurott|Ceaseless Edge|p2a: Florges
|-resisted|p2a: Florges
|-damage|p2a: Florges|60/100
|-sidestart|p2: philbob101|Spikes
|move|p2a: Florges|Trick|p1a: Samurott
|-activate|p2a: Florges|move: Trick|[of] p1a: Samurott
|-item|p1a: Samurott|Choice Specs|[from] move: Trick
|-item|p2a: Florges|Assault Vest|[from] move: Trick
|
|upkeep
|turn|7
|
|t:|1758929045
|move|p1a: Samurott|Ceaseless Edge|p2a: Florges
|-resisted|p2a: Florges
|-damage|p2a: Florges|41/100
|-sidestart|p2: philbob101|Spikes
|move|p2a: Florges|Misty Explosion|p1a: Samurott
|-supereffective|p1a: Samurott
|-damage|p1a: Samurott|0 fnt
|faint|p2a: Florges
|faint|p1a: Samurott
|
|upkeep
|
|t:|1758929053
|switch|p1a: Glimmora|Glimmora, F, shiny|100/100
|switch|p2a: Samurott|Samurott-Hisui, F, shiny|100/100
|-damage|p2a: Samurott|75/100|[from] Spikes
|turn|8
|
|t:|1758929069
|move|p1a: Glimmora|Meteor Beam||[still]
|-prepare|p1a: Glimmora|Meteor Beam
|-boost|p1a: Glimmora|spa|1
|move|p2a: Samurott|Hydro Pump|p1a: Glimmora
|-supereffective|p1a: Glimmora
|-enditem|p1a: Glimmora|Focus Sash
|-damage|p1a: Glimmora|1/100
|
|upkeep
|turn|9
|
|t:|1758929074
|move|p2a: Samurott|Aqua Jet|p1a: Glimmora
|-supereffective|p1a: Glimmora
|-damage|p1a: Glimmora|0 fnt
|-activate|p1a: Glimmora|ability: Toxic Debris
|-sidestart|p2: philbob101|move: Toxic Spikes
|faint|p1a: Glimmora
|
|upkeep
|
|t:|1758929099
|switch|p1a: Ribombee|Ribombee, F, shiny|100/100
|turn|10
|
|t:|1758929102
|move|p1a: Ribombee|Tailwind|p1a: Ribombee
|-sidestart|p1: IanReneHn|move: Tailwind
|move|p2a: Samurott|Ceaseless Edge|p1a: Ribombee
|-resisted|p1a: Ribombee
|-damage|p1a: Ribombee|74/100
|-sidestart|p1: IanReneHn|Spikes
|
|upkeep
|turn|11
|
|t:|1758929105
|move|p1a: Ribombee|Sticky Web|p2a: Samurott
|-sidestart|p2: philbob101|move: Sticky Web
|move|p2a: Samurott|Ceaseless Edge|p1a: Ribombee
|-resisted|p1a: Ribombee
|-damage|p1a: Ribombee|48/100
|-sidestart|p1: IanReneHn|Spikes
|
|upkeep
|turn|12
|
|t:|1758929112
|move|p1a: Ribombee|Bug Buzz|p2a: Samurott
|-supereffective|p2a: Samurott
|-damage|p2a: Samurott|0 fnt
|faint|p2a: Samurott
|
|upkeep
|
|t:|1758929118
|switch|p2a: Braviary|Braviary-Hisui, M, shiny|100/100
|turn|13
|
|t:|1758929137
|-terastallize|p2a: Braviary|Fire
|move|p1a: Ribombee|Bug Buzz|p2a: Braviary
|-resisted|p2a: Braviary
|-damage|p2a: Braviary|80/100
|-unboost|p2a: Braviary|spd|1
|move|p2a: Braviary|Agility|p2a: Braviary
|-boost|p2a: Braviary|spe|2
|
|-sideend|p1: IanReneHn|move: Tailwind
|upkeep
|turn|14
|
|t:|1758929145
|move|p2a: Braviary|Psychic|p1a: Ribombee
|-damage|p1a: Ribombee|0 fnt
|faint|p1a: Ribombee
|
|upkeep
|
|t:|1758929151
|switch|p1a: Kleavor|Kleavor, M, shiny|100/100
|-damage|p1a: Kleavor|84/100|[from] Spikes
|turn|15
|
|t:|1758929155
|move|p2a: Braviary|Heat Wave|p1a: Kleavor
|-damage|p1a: Kleavor|32/100
|-status|p1a: Kleavor|brn
|move|p1a: Kleavor|Stone Axe|p2a: Braviary
|-supereffective|p2a: Braviary
|-damage|p2a: Braviary|12/100
|-sidestart|p2: philbob101|move: Stealth Rock
|
|-damage|p1a: Kleavor|26/100 brn|[from] brn
|upkeep
|turn|16
|
|t:|1758929164
|move|p2a: Braviary|Psychic|p1a: Kleavor
|-damage|p1a: Kleavor|0 fnt
|faint|p1a: Kleavor
|
|upkeep
|
|t:|1758929167
|switch|p1a: Gholdengo|Gholdengo, shiny|100/100
|-damage|p1a: Gholdengo|84/100|[from] Spikes
|turn|17
|
|t:|1758929182
|-terastallize|p1a: Gholdengo|Ghost
|move|p2a: Braviary|Heat Wave|p1a: Gholdengo
|-damage|p1a: Gholdengo|32/100
|move|p1a: Gholdengo|Shadow Ball|p2a: Braviary
|-damage|p2a: Braviary|0 fnt
|faint|p2a: Braviary
|
|upkeep
|
|t:|1758929189
|switch|p2a: Zapdos|Zapdos-Galar|100/100
|-damage|p2a: Zapdos|88/100|[from] Stealth Rock
|turn|18
|
|t:|1758929193
|move|p2a: Zapdos|Knock Off|p1a: Gholdengo
|-supereffective|p1a: Gholdengo
|-damage|p1a: Gholdengo|0 fnt
|-enditem|p1a: Gholdengo|Choice Scarf|[from] move: Knock Off|[of] p2a: Zapdos
|faint|p1a: Gholdengo
|
|win|philbob101
|raw|IanReneHn's rating: 1143 &rarr; <strong>1119</strong><br />(-24 for losing)
|raw|philbob101's rating: 1154 &rarr; <strong>1178</strong><br />(+24 for winning)
|l|☆philbob101
|player|p2|
|l|☆IanReneHn
|player|p1|
