|j|☆BabyGronkel
|j|☆JumboDorito
|t:|1759029984
|gametype|singles
|player|p1|BabyGronkel|juan|
|player|p2|JumboDorito|170|
|gen|9
|tier|[Gen 9] OU
|rule|HP Percentage Mod: HP is shown in percentages
|rule|Endless Battle Clause: Forcing endless battles is banned
|rule|Species Clause: Limit one of each Pokémon
|rule|OHKO Clause: OHKO moves are banned
|rule|Evasion Items Clause: Evasion items are banned
|rule|Evasion Moves Clause: Evasion moves are banned
|rule|Evasion Abilities Clause: Evasion abilities are banned
|rule|Sleep Moves Clause: Sleep-inducing moves are banned
|clearpoke
|poke|p1|Pecharunt|
|poke|p1|Mandibuzz, F|
|poke|p1|Altaria, M|
|poke|p1|Exeggutor, F|
|poke|p1|Misdreavus, M|
|poke|p1|Iron Valiant|
|poke|p2|Toucannon, F|
|poke|p2|Tropius, M|
|poke|p2|Zarude-Dada|
|poke|p2|Toxicroak, M|
|poke|p2|Araquanid, F|
|poke|p2|Volcanion|
|teampreview
|
|t:|1759030020
|teamsize|p1|6
|teamsize|p2|6
|start
|switch|p1a: Sam Altman|Altaria, M|100/100
|switch|p2a: Toxicroak|Toxicroak, M|100/100
|-ability|p1a: Sam Altman|Cloud Nine
|turn|1
|
|t:|1759030043
|move|p2a: Toxicroak|Swords Dance|p2a: Toxicroak
|-boost|p2a: Toxicroak|atk|2
|move|p1a: Sam Altman|Hurricane|p2a: Toxicroak|[miss]
|-miss|p1a: Sam Altman|p2a: Toxicroak
|
|upkeep
|turn|2
|
|t:|1759030070
|switch|p1a: Sam Bankman-Fried|Pecharunt|100/100
|-item|p1a: Sam Bankman-Fried|Air Balloon
|move|p2a: Toxicroak|Poison Jab|p1a: Sam Bankman-Fried
|-resisted|p1a: Sam Bankman-Fried
|-damage|p1a: Sam Bankman-Fried|93/100
|-enditem|p1a: Sam Bankman-Fried|Air Balloon
|
|upkeep
|turn|3
|
|t:|1759030097
|switch|p2a: Toucannon|Toucannon, F|100/100
|move|p1a: Sam Bankman-Fried|Parting Shot|p2a: Toucannon
|-unboost|p2a: Toucannon|atk|1
|-unboost|p2a: Toucannon|spa|1
|
|t:|1759030113
|switch|p1a: Sam Darnold|Misdreavus, M|100/100|[from] Parting Shot
|
|upkeep
|turn|4
|
|t:|1759030120
|switch|p2a: Araquanid|Araquanid, F|100/100
|move|p1a: Sam Darnold|Calm Mind|p1a: Sam Darnold
|-boost|p1a: Sam Darnold|spa|1
|-boost|p1a: Sam Darnold|spd|1
|
|upkeep
|turn|5
|
|t:|1759030130
|move|p1a: Sam Darnold|Hex|p2a: Araquanid
|-damage|p2a: Araquanid|66/100
|move|p2a: Araquanid|Liquidation|p1a: Sam Darnold
|-damage|p1a: Sam Darnold|57/100
|
|-heal|p2a: Araquanid|72/100|[from] item: Leftovers
|upkeep
|turn|6
|
|t:|1759030142
|move|p1a: Sam Darnold|Draining Kiss|p2a: Araquanid
|-damage|p2a: Araquanid|54/100
|-heal|p1a: Sam Darnold|71/100|[from] drain|[of] p2a: Araquanid
|move|p2a: Araquanid|Liquidation|p1a: Sam Darnold
|-damage|p1a: Sam Darnold|22/100
|
|-heal|p2a: Araquanid|60/100|[from] item: Leftovers
|upkeep
|turn|7
|
|t:|1759030160
|switch|p1a: Sam Bankman-Fried|Pecharunt|93/100
|move|p2a: Araquanid|Liquidation|p1a: Sam Bankman-Fried
|-damage|p1a: Sam Bankman-Fried|73/100
|
|-heal|p2a: Araquanid|66/100|[from] item: Leftovers
|upkeep
|turn|8
|
|t:|1759030168
|move|p1a: Sam Bankman-Fried|Malignant Chain|p2a: Araquanid
|-damage|p2a: Araquanid|40/100
|move|p2a: Araquanid|Sticky Web|p1a: Sam Bankman-Fried
|-sidestart|p1: BabyGronkel|move: Sticky Web
|
|-heal|p2a: Araquanid|46/100|[from] item: Leftovers
|upkeep
|turn|9
|
|t:|1759030179
|move|p1a: Sam Bankman-Fried|Malignant Chain|p2a: Araquanid
|-damage|p2a: Araquanid|24/100
|-status|p2a: Araquanid|tox
|-start|p2a: Araquanid|confusion|[from] ability: Poison Puppeteer|[of] p1a: Sam Bankman-Fried
|-activate|p2a: Araquanid|confusion
|move|p2a: Araquanid|Liquidation|p1a: Sam Bankman-Fried
|-damage|p1a: Sam Bankman-Fried|51/100
|
|-heal|p2a: Araquanid|30/100 tox|[from] item: Leftovers
|-damage|p2a: Araquanid|24/100 tox|[from] psn
|upkeep
|turn|10
|
|t:|1759030195
|move|p1a: Sam Bankman-Fried|Parting Shot|p2a: Araquanid
|-unboost|p2a: Araquanid|atk|1
|-unboost|p2a: Araquanid|spa|1
|
|t:|1759030199
|switch|p1a: Sam Altman|Altaria, M|100/100|[from] Parting Shot
|-ability|p1a: Sam Altman|Cloud Nine
|-activate|p2a: Araquanid|confusion
|-damage|p2a: Araquanid|20/100 tox|[from] confusion
|
|-heal|p2a: Araquanid|27/100 tox|[from] item: Leftovers
|-damage|p2a: Araquanid|14/100 tox|[from] psn
|upkeep
|turn|11
|
|t:|1759030207
|switch|p2a: Volcanion|Volcanion|100/100
|move|p1a: Sam Altman|Defog|p2a: Volcanion
|-unboost|p2a: Volcanion|evasion|1
|-sideend|p1: BabyGronkel|Sticky Web|[from] move: Defog|[of] p1a: Sam Altman
|
|upkeep
|turn|12
|
|t:|1759030223
|move|p1a: Sam Altman|Hurricane|p2a: Volcanion
|-damage|p2a: Volcanion|49/100
|move|p2a: Volcanion|Steam Eruption|p1a: Sam Altman
|-resisted|p1a: Sam Altman
|-damage|p1a: Sam Altman|55/100
|-status|p1a: Sam Altman|brn
|
|-damage|p1a: Sam Altman|49/100 brn|[from] brn
|upkeep
|turn|13
|
|t:|1759030232
|switch|p1a: Sam I Am|Exeggutor, F, shiny|100/100
|switch|p2a: Toucannon|Toucannon, F|100/100
|
|upkeep
|turn|14
|
|t:|1759030245
|move|p1a: Sam I Am|Calm Mind|p1a: Sam I Am
|-boost|p1a: Sam I Am|spa|1
|-boost|p1a: Sam I Am|spd|1
|move|p2a: Toucannon|Boomburst|p1a: Sam I Am
|-damage|p1a: Sam I Am|54/100
|
|upkeep
|turn|15
|
|t:|1759030281
|move|p1a: Sam I Am|Calm Mind|p1a: Sam I Am
|-boost|p1a: Sam I Am|spa|1
|-boost|p1a: Sam I Am|spd|1
|move|p2a: Toucannon|Heat Wave|p1a: Sam I Am
|-supereffective|p1a: Sam I Am
|-damage|p1a: Sam I Am|18/100
|-enditem|p1a: Sam I Am|Salac Berry|[eat]
|-boost|p1a: Sam I Am|spe|1|[from] item: Salac Berry
|
|upkeep
|turn|16
|
|t:|1759030292
|move|p1a: Sam I Am|Stored Power|p2a: Toucannon
|-damage|p2a: Toucannon|0 fnt
|faint|p2a: Toucannon
|
|-item|p1a: Sam I Am|Salac Berry|[from] ability: Harvest
|upkeep
|-enditem|p1a: Sam I Am|Salac Berry|[eat]
|-boost|p1a: Sam I Am|spe|1|[from] item: Salac Berry
|
|t:|1759030297
|switch|p2a: Zarude|Zarude-Dada|100/100
|turn|17
|
|t:|1759030305
|move|p1a: Sam I Am|Giga Drain|p2a: Zarude
|-resisted|p2a: Zarude
|-damage|p2a: Zarude|78/100
|-heal|p1a: Sam I Am|32/100|[from] drain|[of] p2a: Zarude
|move|p2a: Zarude|Power Whip|p1a: Sam I Am
|-resisted|p1a: Sam I Am
|-damage|p1a: Sam I Am|5/100
|
|-heal|p2a: Zarude|84/100|[from] item: Leftovers
|upkeep
|turn|18
|
|t:|1759030315
|move|p1a: Sam I Am|Giga Drain|p2a: Zarude
|-resisted|p2a: Zarude
|-damage|p2a: Zarude|62/100
|-heal|p1a: Sam I Am|20/100|[from] drain|[of] p2a: Zarude
|move|p2a: Zarude|Bulk Up|p2a: Zarude
|-boost|p2a: Zarude|atk|1
|-boost|p2a: Zarude|def|1
|
|-heal|p2a: Zarude|68/100|[from] item: Leftovers
|-item|p1a: Sam I Am|Salac Berry|[from] ability: Harvest
|upkeep
|-enditem|p1a: Sam I Am|Salac Berry|[eat]
|-boost|p1a: Sam I Am|spe|1|[from] item: Salac Berry
|turn|19
|
|t:|1759030326
|move|p1a: Sam I Am|Giga Drain|p2a: Zarude
|-resisted|p2a: Zarude
|-damage|p2a: Zarude|46/100
|-heal|p1a: Sam I Am|33/100|[from] drain|[of] p2a: Zarude
|move|p2a: Zarude|Jungle Healing|p2a: Zarude
|-heal|p2a: Zarude|71/100
|
|-heal|p2a: Zarude|77/100|[from] item: Leftovers
|-item|p1a: Sam I Am|Salac Berry|[from] ability: Harvest
|upkeep
|turn|20
|
|t:|1759030333
|move|p1a: Sam I Am|Calm Mind|p1a: Sam I Am
|-boost|p1a: Sam I Am|spa|1
|-boost|p1a: Sam I Am|spd|1
|move|p2a: Zarude|Power Whip|p1a: Sam I Am
|-resisted|p1a: Sam I Am
|-damage|p1a: Sam I Am|0 fnt
|faint|p1a: Sam I Am
|
|-heal|p2a: Zarude|83/100|[from] item: Leftovers
|upkeep
|
|t:|1759030346
|switch|p1a: Sam Bankman-Fried|Pecharunt|51/100
|turn|21
|
|t:|1759030359
|switch|p2a: Araquanid|Araquanid, F|14/100 tox
|move|p1a: Sam Bankman-Fried|Malignant Chain|p2a: Araquanid
|-damage|p2a: Araquanid|0 fnt
|faint|p2a: Araquanid
|
|upkeep
|
|t:|1759030361
|switch|p2a: Volcanion|Volcanion|49/100
|turn|22
|
|t:|1759030375
|switch|p1a: Sam Altman|Altaria, M|49/100 brn
|-ability|p1a: Sam Altman|Cloud Nine
|move|p2a: Volcanion|Steam Eruption|p1a: Sam Altman
|-resisted|p1a: Sam Altman
|-damage|p1a: Sam Altman|0 fnt
|faint|p1a: Sam Altman
|
|upkeep
|
|t:|1759030381
|switch|p1a: Samuel L Jackson|Iron Valiant|100/100
|turn|23
|
|t:|1759030397
|switch|p2a: Tropius|Tropius, M|100/100
|move|p1a: Samuel L Jackson|Close Combat|p2a: Tropius
|-resisted|p2a: Tropius
|-damage|p2a: Tropius|62/100
|-unboost|p1a: Samuel L Jackson|def|1
|-unboost|p1a: Samuel L Jackson|spd|1
|
|upkeep
|turn|24
|
|t:|1759030403
|-end|p1a: Samuel L Jackson|Quark Drive|[silent]
|switch|p1a: Samuel Buzby|Mandibuzz, F|100/100
|move|p2a: Tropius|Air Slash|p1a: Samuel Buzby
|-damage|p1a: Samuel Buzby|72/100
|-damage|p2a: Tropius|52/100|[from] item: Life Orb
|
|upkeep
|turn|25
|
|t:|1759030417
|move|p2a: Tropius|Calm Mind|p2a: Tropius
|-boost|p2a: Tropius|spa|1
|-boost|p2a: Tropius|spd|1
|move|p1a: Samuel Buzby|Tailwind|p1a: Samuel Buzby
|-sidestart|p1: BabyGronkel|move: Tailwind
|
|upkeep
|turn|26
|
|t:|1759030424
|move|p1a: Samuel Buzby|Knock Off|p2a: Tropius
|-damage|p2a: Tropius|23/100
|-enditem|p2a: Tropius|Life Orb|[from] move: Knock Off|[of] p1a: Samuel Buzby
|move|p2a: Tropius|Air Slash|p1a: Samuel Buzby
|-damage|p1a: Samuel Buzby|40/100
|
|upkeep
|turn|27
|
|t:|1759030431
|move|p1a: Samuel Buzby|Roost|p1a: Samuel Buzby
|-heal|p1a: Samuel Buzby|90/100
|-singleturn|p1a: Samuel Buzby|move: Roost
|move|p2a: Tropius|Air Slash|p1a: Samuel Buzby
|-damage|p1a: Samuel Buzby|58/100
|
|upkeep
|turn|28
|
|t:|1759030436
|move|p1a: Samuel Buzby|Knock Off|p2a: Tropius
|-damage|p2a: Tropius|5/100
|move|p2a: Tropius|Air Slash|p1a: Samuel Buzby
|-damage|p1a: Samuel Buzby|25/100
|
|-sideend|p1: BabyGronkel|move: Tailwind
|upkeep
|turn|29
|
|t:|1759030440
|move|p2a: Tropius|Air Slash|p1a: Samuel Buzby
|-damage|p1a: Samuel Buzby|0 fnt
|faint|p1a: Samuel Buzby
|
|upkeep
|
|t:|1759030454
|switch|p1a: Sam Darnold|Misdreavus, M|22/100
|turn|30
|
|t:|1759030458
|move|p1a: Sam Darnold|Draining Kiss|p2a: Tropius
|-damage|p2a: Tropius|0 fnt
|-heal|p1a: Sam Darnold|25/100|[from] drain|[of] p2a: Tropius
|faint|p2a: Tropius
|
|upkeep
|
|t:|1759030470
|switch|p2a: Volcanion|Volcanion|49/100
|turn|31
|
|t:|1759030474
|move|p2a: Volcanion|Steam Eruption|p1a: Sam Darnold
|-damage|p1a: Sam Darnold|0 fnt
|faint|p1a: Sam Darnold
|
|upkeep
|
|t:|1759030476
|switch|p1a: Samuel L Jackson|Iron Valiant|100/100
|turn|32
|
|t:|1759030495
|-terastallize|p2a: Volcanion|Flying
|move|p1a: Samuel L Jackson|Close Combat|p2a: Volcanion
|-resisted|p2a: Volcanion
|-damage|p2a: Volcanion|16/100
|-unboost|p1a: Samuel L Jackson|def|1
|-unboost|p1a: Samuel L Jackson|spd|1
|move|p2a: Volcanion|Steam Eruption|p1a: Samuel L Jackson
|-damage|p1a: Samuel L Jackson|0 fnt
|faint|p1a: Samuel L Jackson
|-end|p1a: Samuel L Jackson|Quark Drive|[silent]
|
|upkeep
|
|t:|1759030500
|switch|p1a: Sam Bankman-Fried|Pecharunt|51/100
|turn|33
|
|t:|1759030507
|move|p2a: Volcanion|Steam Eruption|p1a: Sam Bankman-Fried
|-damage|p1a: Sam Bankman-Fried|0 fnt
|faint|p1a: Sam Bankman-Fried
|
|win|JumboDorito
|l|☆BabyGronkel
|player|p1|
|l|☆JumboDorito
|player|p2|
