|j|☆Datgod
|j|☆lanarey
|t:|1758959870
|gametype|singles
|player|p1|Datgod|rocketgrunt|1654
|player|p2|lanarey|lady-gen4|1678
|gen|9
|tier|[Gen 9] OU
|rated|
|rule|HP Percentage Mod: HP is shown in percentages
|rule|Endless Battle Clause: Forcing endless battles is banned
|rule|Species Clause: Limit one of each Pokémon
|rule|OHKO Clause: OHKO moves are banned
|rule|Evasion Items Clause: Evasion items are banned
|rule|Evasion Moves Clause: Evasion moves are banned
|rule|Evasion Abilities Clause: Evasion abilities are banned
|rule|Sleep Moves Clause: Sleep-inducing moves are banned
|clearpoke
|poke|p1|Keldeo-Resolute|
|poke|p1|Latios, M|
|poke|p1|Tornadus-Therian, M|
|poke|p1|Hydrapple, F|
|poke|p1|Tyranitar, F|
|poke|p1|Excadrill, M|
|poke|p2|Kyurem|
|poke|p2|Landorus-Therian, M|
|poke|p2|Ogerpon-Wellspring, F|
|poke|p2|Hatterene, F|
|poke|p2|Zamazenta-*|
|poke|p2|Kingambit, F|
|teampreview
|inactive|Battle timer is ON: inactive players will automatically lose when time's up. (requested by lanarey)
|j| iamfrhaan007
|l| iamfrhaan007
|
|t:|1758959895
|teamsize|p1|6
|teamsize|p2|6
|start
|switch|p1a: Tyranitar|Tyranitar, F|100/100
|switch|p2a: Hatterene|Hatterene, F|100/100
|-weather|Sandstorm|[from] ability: Sand Stream|[of] p1a: Tyranitar
|turn|1
|j| 54 insane rats
|l| 54 insane rats
|
|t:|1758959903
|move|p1a: Tyranitar|Knock Off|p2a: Hatterene
|-damage|p2a: Hatterene|63/100
|-damage|p1a: Tyranitar|84/100|[from] item: Rocky Helmet|[of] p2a: Hatterene
|-enditem|p2a: Hatterene|Rocky Helmet|[from] move: Knock Off|[of] p1a: Tyranitar
|move|p2a: Hatterene|Draining Kiss|p1a: Tyranitar
|-supereffective|p1a: Tyranitar
|-damage|p1a: Tyranitar|66/100
|-heal|p2a: Hatterene|80/100|[from] drain|[of] p1a: Tyranitar
|
|-weather|Sandstorm|[upkeep]
|-damage|p2a: Hatterene|74/100|[from] Sandstorm
|-heal|p1a: Tyranitar|72/100|[from] item: Leftovers
|upkeep
|turn|2
|
|t:|1758959914
|switch|p1a: Excadrill|Excadrill, M|100/100
|-item|p1a: Excadrill|Air Balloon
|move|p2a: Hatterene|Draining Kiss|p1a: Excadrill
|-resisted|p1a: Excadrill
|-damage|p1a: Excadrill|85/100
|-heal|p2a: Hatterene|88/100|[from] drain|[of] p1a: Excadrill
|-enditem|p1a: Excadrill|Air Balloon
|
|-weather|Sandstorm|[upkeep]
|-damage|p2a: Hatterene|82/100|[from] Sandstorm
|upkeep
|turn|3
|
|t:|1758959924
|switch|p2a: Landorus|Landorus-Therian, M|100/100
|-ability|p2a: Landorus|Intimidate|boost
|-unboost|p1a: Excadrill|atk|1
|move|p1a: Excadrill|Iron Head|p2a: Landorus
|-crit|p2a: Landorus
|-damage|p2a: Landorus|27/100
|-damage|p1a: Excadrill|68/100|[from] item: Rocky Helmet|[of] p2a: Landorus
|
|-weather|Sandstorm|[upkeep]
|upkeep
|turn|4
|inactive|Datgod has 120 seconds left.
|
|t:|1758959954
|switch|p1a: Latios|Latios, M|100/100
|switch|p2a: Ogerpon|Ogerpon-Wellspring, F|100/100
|
|-weather|Sandstorm|[upkeep]
|-damage|p1a: Latios|95/100|[from] Sandstorm
|-damage|p2a: Ogerpon|95/100|[from] Sandstorm
|upkeep
|turn|5
|inactive|Datgod has 120 seconds left.
|
|t:|1758959967
|switch|p2a: Hatterene|Hatterene, F|82/100
|move|p1a: Latios|Draco Meteor|p2a: Hatterene
|-immune|p2a: Hatterene
|
|-weather|none
|upkeep
|turn|6
|
|t:|1758959973
|switch|p1a: Tornadus|Tornadus-Therian, M|100/100
|move|p2a: Hatterene|Draining Kiss|p1a: Tornadus
|-damage|p1a: Tornadus|86/100
|-heal|p2a: Hatterene|95/100|[from] drain|[of] p1a: Tornadus
|
|upkeep
|turn|7
|
|t:|1758959978
|move|p1a: Tornadus|Bleakwind Storm|p2a: Hatterene|[miss]
|-miss|p1a: Tornadus|p2a: Hatterene
|move|p2a: Hatterene|Draining Kiss|p1a: Tornadus
|-damage|p1a: Tornadus|69/100
|-heal|p2a: Hatterene|100/100|[from] drain|[of] p1a: Tornadus
|
|upkeep
|turn|8
|
|t:|1758959982
|move|p1a: Tornadus|Bleakwind Storm|p2a: Hatterene
|-damage|p2a: Hatterene|62/100
|-unboost|p2a: Hatterene|spe|1
|move|p2a: Hatterene|Nuzzle|p1a: Tornadus
|-supereffective|p1a: Tornadus
|-damage|p1a: Tornadus|61/100
|-status|p1a: Tornadus|par
|
|upkeep
|turn|9
|
|t:|1758959992
|cant|p1a: Tornadus|par
|move|p2a: Hatterene|Draining Kiss|p1a: Tornadus
|-damage|p1a: Tornadus|46/100 par
|-heal|p2a: Hatterene|75/100|[from] drain|[of] p1a: Tornadus
|
|upkeep
|turn|10
|
|t:|1758959997
|move|p1a: Tornadus|Bleakwind Storm|p2a: Hatterene
|-damage|p2a: Hatterene|34/100
|move|p2a: Hatterene|Psychic Noise|p1a: Tornadus
|-crit|p1a: Tornadus
|-damage|p1a: Tornadus|8/100 par
|-start|p1a: Tornadus|move: Heal Block
|
|upkeep
|turn|11
|
|t:|1758960003
|move|p1a: Tornadus|U-turn|p2a: Hatterene
|-damage|p2a: Hatterene|21/100
|
|t:|1758960009
|switch|p1a: Excadrill|Excadrill, M|68/100|[from] U-turn
|move|p2a: Hatterene|Pain Split|p1a: Excadrill
|-sethp|p1a: Excadrill|43/100|[from] move: Pain Split|[silent]
|-sethp|p2a: Hatterene|49/100|[from] move: Pain Split
|
|upkeep
|turn|12
|
|t:|1758960021
|switch|p2a: Ogerpon|Ogerpon-Wellspring, F|95/100
|move|p1a: Excadrill|Rapid Spin|p2a: Ogerpon
|-damage|p2a: Ogerpon|69/100
|-boost|p1a: Excadrill|spe|1
|
|upkeep
|turn|13
|
|t:|1758960041
|move|p1a: Excadrill|Iron Head|p2a: Ogerpon
|-resisted|p2a: Ogerpon
|-damage|p2a: Ogerpon|39/100
|move|p2a: Ogerpon|U-turn|p1a: Excadrill
|-resisted|p1a: Excadrill
|-damage|p1a: Excadrill|24/100
|
|t:|1758960051
|switch|p2a: Kingambit|Kingambit, F|100/100|[from] U-turn
|
|upkeep
|turn|14
|j| 54 insane rats
|
|t:|1758960058
|switch|p1a: Keldeo|Keldeo-Resolute|100/100
|move|p2a: Kingambit|Sucker Punch||[still]
|-fail|p2a: Kingambit
|
|upkeep
|turn|15
|
|t:|1758960079
|-end|p2a: Kingambit|fallenundefined|[silent]
|switch|p2a: Hatterene|Hatterene, F|49/100
|move|p1a: Keldeo|Surf|p2a: Hatterene
|-damage|p2a: Hatterene|0 fnt
|faint|p2a: Hatterene
|
|upkeep
|
|t:|1758960086
|switch|p2a: Ogerpon|Ogerpon-Wellspring, F|39/100
|turn|16
|
|t:|1758960089
|switch|p1a: Hydrapple|Hydrapple, F|100/100
|move|p2a: Ogerpon|Power Whip|p1a: Hydrapple
|-resisted|p1a: Hydrapple
|-damage|p1a: Hydrapple|91/100
|
|upkeep
|turn|17
|
|t:|1758960110
|move|p2a: Ogerpon|U-turn|p1a: Hydrapple
|-supereffective|p1a: Hydrapple
|-damage|p1a: Hydrapple|60/100
|
|t:|1758960119
|switch|p2a: Kingambit|Kingambit, F|100/100|[from] U-turn
|-activate|p2a: Kingambit|ability: Supreme Overlord
|-start|p2a: Kingambit|fallen1|[silent]
|move|p1a: Hydrapple|Fickle Beam|p2a: Kingambit|[anim] Fickle Beam All Out
|-activate|p1a: Hydrapple|move: Fickle Beam
|-resisted|p2a: Kingambit
|-damage|p2a: Kingambit|69/100
|
|-heal|p2a: Kingambit|75/100|[from] item: Leftovers
|upkeep
|turn|18
|
|t:|1758960129
|switch|p1a: Keldeo|Keldeo-Resolute|100/100
|move|p2a: Kingambit|Swords Dance|p2a: Kingambit
|-boost|p2a: Kingambit|atk|2
|
|-heal|p2a: Kingambit|81/100|[from] item: Leftovers
|upkeep
|turn|19
|
|t:|1758960155
|-end|p2a: Kingambit|fallen1|[silent]
|switch|p2a: Ogerpon|Ogerpon-Wellspring, F|39/100
|move|p1a: Keldeo|Surf|p2a: Ogerpon
|-heal|p2a: Ogerpon|64/100|[from] ability: Water Absorb|[of] p1a: Keldeo
|
|upkeep
|turn|20
|
|t:|1758960165
|switch|p1a: Tornadus|Tornadus-Therian, M|41/100 par
|move|p2a: Ogerpon|U-turn|p1a: Tornadus
|-resisted|p1a: Tornadus
|-damage|p1a: Tornadus|25/100 par
|
|t:|1758960168
|switch|p2a: Kyurem|Kyurem|100/100|[from] U-turn
|-ability|p2a: Kyurem|Pressure
|
|upkeep
|turn|21
|
|t:|1758960172
|move|p2a: Kyurem|Dragon Dance|p2a: Kyurem
|-boost|p2a: Kyurem|atk|1
|-boost|p2a: Kyurem|spe|1
|move|p1a: Tornadus|U-turn|p2a: Kyurem
|-damage|p2a: Kyurem|86/100
|
|t:|1758960175
|switch|p1a: Tyranitar|Tyranitar, F|72/100|[from] U-turn
|-weather|Sandstorm|[from] ability: Sand Stream|[of] p1a: Tyranitar
|
|-weather|Sandstorm|[upkeep]
|-damage|p2a: Kyurem|80/100|[from] Sandstorm
|-heal|p1a: Tyranitar|78/100|[from] item: Leftovers
|upkeep
|turn|22
|
|t:|1758960186
|move|p2a: Kyurem|Dragon Dance|p2a: Kyurem
|-boost|p2a: Kyurem|atk|1
|-boost|p2a: Kyurem|spe|1
|move|p1a: Tyranitar|Knock Off|p2a: Kyurem
|-damage|p2a: Kyurem|38/100
|-enditem|p2a: Kyurem|Loaded Dice|[from] move: Knock Off|[of] p1a: Tyranitar
|
|-weather|Sandstorm|[upkeep]
|-damage|p2a: Kyurem|32/100|[from] Sandstorm
|-heal|p1a: Tyranitar|85/100|[from] item: Leftovers
|upkeep
|turn|23
|
|t:|1758960203
|move|p2a: Kyurem|Icicle Spear|p1a: Tyranitar
|-damage|p1a: Tyranitar|66/100
|-damage|p1a: Tyranitar|46/100
|-damage|p1a: Tyranitar|27/100
|-damage|p1a: Tyranitar|8/100
|-damage|p1a: Tyranitar|0 fnt
|faint|p1a: Tyranitar
|-hitcount|p1: Tyranitar|5
|
|-weather|Sandstorm|[upkeep]
|-damage|p2a: Kyurem|26/100|[from] Sandstorm
|upkeep
|
|t:|1758960212
|switch|p1a: Keldeo|Keldeo-Resolute|100/100
|turn|24
|
|t:|1758960222
|switch|p2a: Landorus|Landorus-Therian, M|27/100
|-ability|p2a: Landorus|Intimidate|boost
|-unboost|p1a: Keldeo|atk|1
|move|p1a: Keldeo|Vacuum Wave|p2a: Landorus
|-resisted|p2a: Landorus
|-crit|p2a: Landorus
|-damage|p2a: Landorus|4/100
|
|-weather|Sandstorm|[upkeep]
|-damage|p1a: Keldeo|94/100|[from] Sandstorm
|upkeep
|turn|25
|
|t:|1758960226
|move|p1a: Keldeo|Vacuum Wave|p2a: Landorus
|-resisted|p2a: Landorus
|-damage|p2a: Landorus|0 fnt
|faint|p2a: Landorus
|
|-weather|none
|upkeep
|
|t:|1758960228
|switch|p2a: Ogerpon|Ogerpon-Wellspring, F|64/100
|turn|26
|
|t:|1758960249
|switch|p1a: Tornadus|Tornadus-Therian, M|59/100 par
|move|p2a: Ogerpon|Power Whip|p1a: Tornadus
|-resisted|p1a: Tornadus
|-crit|p1a: Tornadus
|-damage|p1a: Tornadus|0 fnt
|faint|p1a: Tornadus
|
|upkeep
|
|t:|1758960252
|switch|p1a: Hydrapple|Hydrapple, F|93/100
|turn|27
|
|t:|1758960266
|move|p2a: Ogerpon|U-turn|p1a: Hydrapple
|-supereffective|p1a: Hydrapple
|-damage|p1a: Hydrapple|61/100
|
|t:|1758960289
|switch|p2a: Kyurem|Kyurem|26/100|[from] U-turn
|-ability|p2a: Kyurem|Pressure
|move|p1a: Hydrapple|Fickle Beam|p2a: Kyurem|[anim] Fickle Beam All Out
|-activate|p1a: Hydrapple|move: Fickle Beam
|-supereffective|p2a: Kyurem
|-damage|p2a: Kyurem|0 fnt
|faint|p2a: Kyurem
|
|upkeep
|
|t:|1758960293
|switch|p2a: Kingambit|Kingambit, F|81/100
|-activate|p2a: Kingambit|ability: Supreme Overlord
|-start|p2a: Kingambit|fallen3|[silent]
|turn|28
|inactive|Datgod has 120 seconds left.
|
|t:|1758960328
|move|p2a: Kingambit|Iron Head|p1a: Hydrapple
|-damage|p1a: Hydrapple|25/100
|move|p1a: Hydrapple|Earth Power|p2a: Kingambit
|-supereffective|p2a: Kingambit
|-damage|p2a: Kingambit|33/100
|
|-heal|p2a: Kingambit|39/100|[from] item: Leftovers
|upkeep
|turn|29
|inactive|Datgod has 120 seconds left.
|
|t:|1758960336
|switch|p1a: Keldeo|Keldeo-Resolute|94/100
|move|p2a: Kingambit|Iron Head|p1a: Keldeo
|-resisted|p1a: Keldeo
|-crit|p1a: Keldeo
|-damage|p1a: Keldeo|40/100
|
|-heal|p2a: Kingambit|45/100|[from] item: Leftovers
|upkeep
|turn|30
|inactive|Datgod has 120 seconds left.
|
|t:|1758960361
|-end|p2a: Kingambit|fallen3|[silent]
|switch|p2a: Ogerpon|Ogerpon-Wellspring, F|64/100
|move|p1a: Keldeo|Secret Sword|p2a: Ogerpon
|-damage|p2a: Ogerpon|0 fnt
|faint|p2a: Ogerpon
|
|upkeep
|
|t:|1758960365
|switch|p2a: Zamazenta|Zamazenta|100/100
|-ability|p2a: Zamazenta|Dauntless Shield|boost
|-boost|p2a: Zamazenta|def|1
|turn|31
|
|t:|1758960374
|switch|p1a: Hydrapple|Hydrapple, F|58/100
|move|p2a: Zamazenta|Close Combat|p1a: Hydrapple
|-damage|p1a: Hydrapple|24/100
|-unboost|p2a: Zamazenta|def|1
|-unboost|p2a: Zamazenta|spd|1
|
|upkeep
|turn|32
|
|t:|1758960381
|switch|p1a: Excadrill|Excadrill, M|24/100
|move|p2a: Zamazenta|Ice Fang|p1a: Excadrill
|-damage|p1a: Excadrill|0 fnt
|faint|p1a: Excadrill
|
|upkeep
|
|t:|1758960384
|switch|p1a: Latios|Latios, M|95/100
|turn|33
|
|t:|1758960396
|switch|p2a: Kingambit|Kingambit, F|45/100
|-activate|p2a: Kingambit|ability: Supreme Overlord
|-start|p2a: Kingambit|fallen4|[silent]
|move|p1a: Latios|Draco Meteor|p2a: Kingambit
|-resisted|p2a: Kingambit
|-damage|p2a: Kingambit|7/100
|-unboost|p1a: Latios|spa|2
|
|-heal|p2a: Kingambit|13/100|[from] item: Leftovers
|upkeep
|turn|34
|
|t:|1758960416
|switch|p1a: Keldeo|Keldeo-Resolute|40/100
|move|p2a: Kingambit|Iron Head|p1a: Keldeo
|-resisted|p1a: Keldeo
|-damage|p1a: Keldeo|0 fnt
|faint|p1a: Keldeo
|
|-heal|p2a: Kingambit|19/100|[from] item: Leftovers
|upkeep
|
|t:|1758960421
|switch|p1a: Hydrapple|Hydrapple, F|58/100
|turn|35
|
|t:|1758960426
|-end|p2a: Kingambit|fallen4|[silent]
|switch|p2a: Zamazenta|Zamazenta|100/100
|move|p1a: Hydrapple|Earth Power|p2a: Zamazenta
|-damage|p2a: Zamazenta|84/100
|
|upkeep
|turn|36
|inactive|Datgod has 120 seconds left.
|
|t:|1758960453
|-terastallize|p1a: Hydrapple|Fairy
|move|p2a: Zamazenta|Ice Fang|p1a: Hydrapple
|-damage|p1a: Hydrapple|45/100
|move|p1a: Hydrapple|Giga Drain|p2a: Zamazenta
|-damage|p2a: Zamazenta|67/100
|-heal|p1a: Hydrapple|52/100|[from] drain|[of] p2a: Zamazenta
|
|upkeep
|turn|37
|inactive|Datgod has 120 seconds left.
|
|t:|1758960464
|move|p2a: Zamazenta|Heavy Slam|p1a: Hydrapple
|-supereffective|p1a: Hydrapple
|-damage|p1a: Hydrapple|29/100
|move|p1a: Hydrapple|Nasty Plot|p1a: Hydrapple
|-boost|p1a: Hydrapple|spa|2
|
|upkeep
|turn|38
|inactive|Datgod has 120 seconds left.
|
|t:|1758960477
|switch|p1a: Latios|Latios, M|95/100
|-terastallize|p2a: Zamazenta|Stellar
|move|p2a: Zamazenta|Heavy Slam|p1a: Latios
|-damage|p1a: Latios|51/100
|
|upkeep
|turn|39
|inactive|Datgod has 120 seconds left.
|
|t:|1758960509
|move|p2a: Zamazenta|Ice Fang|p1a: Latios
|-supereffective|p1a: Latios
|-damage|p1a: Latios|0 fnt
|faint|p1a: Latios
|
|upkeep
|
|t:|1758960512
|switch|p1a: Hydrapple|Hydrapple, F, tera:Fairy|62/100
|turn|40
|
|t:|1758960521
|move|p2a: Zamazenta|Heavy Slam|p1a: Hydrapple
|-supereffective|p1a: Hydrapple
|-damage|p1a: Hydrapple|41/100
|move|p1a: Hydrapple|Nasty Plot|p1a: Hydrapple
|-boost|p1a: Hydrapple|spa|2
|
|upkeep
|turn|41
|
|t:|1758960525
|move|p2a: Zamazenta|Heavy Slam|p1a: Hydrapple
|-supereffective|p1a: Hydrapple
|-damage|p1a: Hydrapple|18/100
|move|p1a: Hydrapple|Giga Drain|p2a: Zamazenta
|-damage|p2a: Zamazenta|28/100
|-heal|p1a: Hydrapple|33/100|[from] drain|[of] p2a: Zamazenta
|
|upkeep
|turn|42
|
|t:|1758960530
|move|p2a: Zamazenta|Heavy Slam|p1a: Hydrapple
|-supereffective|p1a: Hydrapple
|-damage|p1a: Hydrapple|9/100
|move|p1a: Hydrapple|Giga Drain|p2a: Zamazenta
|-damage|p2a: Zamazenta|0 fnt
|-heal|p1a: Hydrapple|20/100|[from] drain|[of] p2a: Zamazenta
|faint|p2a: Zamazenta
|
|upkeep
|
|t:|1758960534
|switch|p2a: Kingambit|Kingambit, F|19/100
|-activate|p2a: Kingambit|ability: Supreme Overlord
|-start|p2a: Kingambit|fallen5|[silent]
|turn|43
|
|t:|1758960538
|move|p2a: Kingambit|Iron Head|p1a: Hydrapple
|-supereffective|p1a: Hydrapple
|-crit|p1a: Hydrapple
|-damage|p1a: Hydrapple|0 fnt
|faint|p1a: Hydrapple
|
|win|lanarey
|raw|Datgod's rating: 1654 &rarr; <strong>1635</strong><br />(-19 for losing)
|raw|lanarey's rating: 1678 &rarr; <strong>1697</strong><br />(+19 for winning)
|l|☆Datgod
|player|p1|
|l|☆lanarey
|player|p2|
