|j|☆beigeking12
|j|☆Voltaris33
|t:|1758945757
|gametype|singles
|player|p1|beigeking12|lucas|1453
|player|p2|Voltaris33|unknown|1491
|gen|9
|tier|[Gen 9] OU
|rated|
|rule|HP Percentage Mod: HP is shown in percentages
|rule|Endless Battle Clause: Forcing endless battles is banned
|rule|Species Clause: Limit one of each Pokémon
|rule|OHKO Clause: OHKO moves are banned
|rule|Evasion Items Clause: Evasion items are banned
|rule|Evasion Moves Clause: Evasion moves are banned
|rule|Evasion Abilities Clause: Evasion abilities are banned
|rule|Sleep Moves Clause: Sleep-inducing moves are banned
|clearpoke
|poke|p1|Tyranitar, M|
|poke|p1|Excadrill, F|
|poke|p1|Keldeo-Resolute|
|poke|p1|Tornadus-Therian, M|
|poke|p1|Heatran, F|
|poke|p1|Hydrapple, F|
|poke|p2|Garchomp, M|
|poke|p2|Moltres-Galar|
|poke|p2|Tyranitar, M|
|poke|p2|Noivern, M|
|poke|p2|Ceruledge, M|
|poke|p2|Zapdos|
|teampreview
|inactive|Battle timer is ON: inactive players will automatically lose when time's up. (requested by Voltaris33)
|inactive|beigeking12 also wants the timer to be on.
|
|t:|1758945767
|teamsize|p1|6
|teamsize|p2|6
|start
|switch|p1a: Tyranitar|Tyranitar, M|100/100
|switch|p2a: Noivern|Noivern, M|100/100
|-weather|Sandstorm|[from] ability: Sand Stream|[of] p1a: Tyranitar
|turn|1
|
|t:|1758945777
|move|p2a: Noivern|Taunt|p1a: Tyranitar
|-start|p1a: Tyranitar|move: Taunt
|move|p1a: Tyranitar|Ice Punch|p2a: Noivern
|-supereffective|p2a: Noivern
|-damage|p2a: Noivern|0 fnt
|faint|p2a: Noivern
|
|-weather|Sandstorm|[upkeep]
|upkeep
|
|t:|1758945780
|switch|p2a: Garchomp|Garchomp, M|100/100
|turn|2
|
|t:|1758945782
|move|p2a: Garchomp|Earthquake|p1a: Tyranitar
|-supereffective|p1a: Tyranitar
|-damage|p1a: Tyranitar|10/100
|move|p1a: Tyranitar|Ice Punch|p2a: Garchomp
|-supereffective|p2a: Garchomp
|-damage|p2a: Garchomp|0 fnt
|-damage|p1a: Tyranitar|0 fnt|[from] ability: Rough Skin|[of] p2a: Garchomp
|faint|p2a: Garchomp
|faint|p1a: Tyranitar
|
|-weather|Sandstorm|[upkeep]
|upkeep
|
|t:|1758945802
|switch|p2a: Zapdos|Zapdos|100/100
|switch|p1a: Excadrill|Excadrill, F|100/100
|-item|p1a: Excadrill|Air Balloon
|turn|3
|
|t:|1758945822
|switch|p1a: Heatran|Heatran, F|100/100
|move|p2a: Zapdos|Tera Blast|p1a: Heatran
|-resisted|p1a: Heatran
|-damage|p1a: Heatran|91/100
|
|-weather|Sandstorm|[upkeep]
|-damage|p2a: Zapdos|94/100|[from] Sandstorm
|-heal|p1a: Heatran|98/100|[from] item: Leftovers
|upkeep
|turn|4
|
|t:|1758945829
|move|p2a: Zapdos|Volt Switch|p1a: Heatran
|-damage|p1a: Heatran|67/100
|
|t:|1758945831
|switch|p2a: Tyranitar|Tyranitar, M|100/100|[from] Volt Switch
|move|p1a: Heatran|Stealth Rock|p2a: Tyranitar
|-sidestart|p2: Voltaris33|move: Stealth Rock
|
|-weather|Sandstorm|[upkeep]
|-heal|p1a: Heatran|73/100|[from] item: Leftovers
|upkeep
|turn|5
|
|t:|1758945839
|switch|p1a: Hydrapple|Hydrapple, F|100/100
|move|p2a: Tyranitar|Dragon Dance|p2a: Tyranitar
|-boost|p2a: Tyranitar|atk|1
|-boost|p2a: Tyranitar|spe|1
|
|-weather|none
|upkeep
|turn|6
|
|t:|1758945857
|move|p2a: Tyranitar|Ice Punch|p1a: Hydrapple
|-supereffective|p1a: Hydrapple
|-damage|p1a: Hydrapple|0 fnt
|-damage|p2a: Tyranitar|84/100|[from] item: Rocky Helmet|[of] p1a: Hydrapple
|faint|p1a: Hydrapple
|-damage|p2a: Tyranitar|74/100|[from] item: Life Orb
|
|upkeep
|inactive|beigeking12 has 120 seconds left.
|
|t:|1758945886
|switch|p1a: Keldeo|Keldeo-Resolute|100/100
|turn|7
|inactive|beigeking12 has 120 seconds left.
|
|t:|1758945891
|move|p1a: Keldeo|Vacuum Wave|p2a: Tyranitar
|-supereffective|p2a: Tyranitar
|-damage|p2a: Tyranitar|0 fnt
|faint|p2a: Tyranitar
|
|upkeep
|
|t:|1758945904
|switch|p2a: Zapdos|Zapdos|94/100
|-damage|p2a: Zapdos|69/100|[from] Stealth Rock
|turn|8
|
|t:|1758945907
|switch|p1a: Heatran|Heatran, F|73/100
|move|p2a: Zapdos|Roost|p2a: Zapdos
|-heal|p2a: Zapdos|100/100
|-singleturn|p2a: Zapdos|move: Roost
|
|-heal|p1a: Heatran|80/100|[from] item: Leftovers
|upkeep
|turn|9
|
|t:|1758945917
|move|p2a: Zapdos|Thunder Wave|p1a: Heatran
|-status|p1a: Heatran|par
|move|p1a: Heatran|Magma Storm|p2a: Zapdos
|-damage|p2a: Zapdos|55/100
|-activate|p2a: Zapdos|move: Magma Storm|[of] p1a: Heatran
|
|-heal|p1a: Heatran|86/100 par|[from] item: Leftovers
|-damage|p2a: Zapdos|42/100|[from] move: Magma Storm|[partiallytrapped]
|upkeep
|turn|10
|
|t:|1758945927
|move|p2a: Zapdos|Volt Switch|p1a: Heatran
|-damage|p1a: Heatran|56/100 par
|
|t:|1758945929
|switch|p2a: Ceruledge|Ceruledge, M|100/100|[from] Volt Switch
|-damage|p2a: Ceruledge|76/100|[from] Stealth Rock
|cant|p1a: Heatran|par
|
|-heal|p1a: Heatran|62/100 par|[from] item: Leftovers
|upkeep
|turn|11
|
|t:|1758945942
|move|p2a: Ceruledge|Swords Dance|p2a: Ceruledge
|-boost|p2a: Ceruledge|atk|2
|cant|p1a: Heatran|par
|
|-heal|p1a: Heatran|68/100 par|[from] item: Leftovers
|upkeep
|turn|12
|
|t:|1758945949
|move|p2a: Ceruledge|Shadow Sneak|p1a: Heatran
|-damage|p1a: Heatran|31/100 par
|move|p1a: Heatran|Earth Power|p2a: Ceruledge
|-supereffective|p2a: Ceruledge
|-damage|p2a: Ceruledge|14/100
|
|-heal|p1a: Heatran|37/100 par|[from] item: Leftovers
|upkeep
|turn|13
|
|t:|1758945953
|move|p2a: Ceruledge|Shadow Sneak|p1a: Heatran
|-damage|p1a: Heatran|2/100 par
|move|p1a: Heatran|Earth Power|p2a: Ceruledge
|-supereffective|p2a: Ceruledge
|-damage|p2a: Ceruledge|0 fnt
|faint|p2a: Ceruledge
|
|-heal|p1a: Heatran|9/100 par|[from] item: Leftovers
|upkeep
|
|t:|1758945955
|switch|p2a: Zapdos|Zapdos|42/100
|-damage|p2a: Zapdos|17/100|[from] Stealth Rock
|turn|14
|
|t:|1758945958
|move|p2a: Zapdos|Roost|p2a: Zapdos
|-heal|p2a: Zapdos|67/100
|-singleturn|p2a: Zapdos|move: Roost
|cant|p1a: Heatran|par
|
|-heal|p1a: Heatran|15/100 par|[from] item: Leftovers
|upkeep
|turn|15
|
|t:|1758945971
|move|p2a: Zapdos|Volt Switch|p1a: Heatran
|-damage|p1a: Heatran|0 fnt
|faint|p1a: Heatran
|
|t:|1758945972
|switch|p2a: Moltres|Moltres-Galar|100/100|[from] Volt Switch
|-damage|p2a: Moltres|76/100|[from] Stealth Rock
|
|upkeep
|
|t:|1758945982
|switch|p1a: Tornadus|Tornadus-Therian, M|100/100
|turn|16
|
|t:|1758945988
|move|p1a: Tornadus|Taunt|p2a: Moltres
|-start|p2a: Moltres|move: Taunt
|cant|p2a: Moltres|move: Taunt|Agility
|
|upkeep
|turn|17
|
|t:|1758945997
|move|p1a: Tornadus|Bleakwind Storm|p2a: Moltres
|-damage|p2a: Moltres|43/100
|-ability|p2a: Moltres|Berserk|boost
|-boost|p2a: Moltres|spa|1
|move|p2a: Moltres|Fiery Wrath|p1a: Tornadus
|-damage|p1a: Tornadus|30/100
|
|upkeep
|turn|18
|
|t:|1758946007
|move|p1a: Tornadus|U-turn|p2a: Moltres
|-damage|p2a: Moltres|26/100
|
|t:|1758946009
|switch|p1a: Excadrill|Excadrill, F|100/100|[from] U-turn
|-item|p1a: Excadrill|Air Balloon
|move|p2a: Moltres|Fiery Wrath|p1a: Excadrill
|-damage|p1a: Excadrill|20/100
|-enditem|p1a: Excadrill|Air Balloon
|
|-end|p2a: Moltres|move: Taunt
|upkeep
|turn|19
|
|t:|1758946025
|move|p2a: Moltres|Agility|p2a: Moltres
|-boost|p2a: Moltres|spe|2
|move|p1a: Excadrill|Iron Head|p2a: Moltres
|-damage|p2a: Moltres|0 fnt
|faint|p2a: Moltres
|
|upkeep
|
|t:|1758946026
|switch|p2a: Zapdos|Zapdos|67/100
|-damage|p2a: Zapdos|43/100|[from] Stealth Rock
|turn|20
|
|t:|1758946032
|move|p2a: Zapdos|Roost|p2a: Zapdos
|-heal|p2a: Zapdos|93/100
|-singleturn|p2a: Zapdos|move: Roost
|move|p1a: Excadrill|Earthquake|p2a: Zapdos
|-supereffective|p2a: Zapdos
|-damage|p2a: Zapdos|0 fnt
|faint|p2a: Zapdos
|
|win|beigeking12
|raw|beigeking12's rating: 1453 &rarr; <strong>1475</strong><br />(+22 for winning)
|raw|Voltaris33's rating: 1491 &rarr; <strong>1469</strong><br />(-22 for losing)
|l|☆Voltaris33
|player|p2|
|c|☆beigeking12|gg
