|j|☆witdflow
|j|☆xpp233
|t:|1758946491
|gametype|singles
|player|p1|witdflow|norman|1212
|player|p2|xpp233|preschooler|1225
|gen|9
|tier|[Gen 9] OU
|rated|
|rule|HP Percentage Mod: HP is shown in percentages
|rule|Endless Battle Clause: Forcing endless battles is banned
|rule|Species Clause: Limit one of each Pokémon
|rule|OHKO Clause: OHKO moves are banned
|rule|Evasion Items Clause: Evasion items are banned
|rule|Evasion Moves Clause: Evasion moves are banned
|rule|Evasion Abilities Clause: Evasion abilities are banned
|rule|Sleep Moves Clause: Sleep-inducing moves are banned
|clearpoke
|poke|p1|Clefable, F|
|poke|p1|Weezing-Galar, M|
|poke|p1|Alomomola, F|
|poke|p1|Ting-Lu|
|poke|p1|Ditto|
|poke|p1|Delphox, M|
|poke|p2|Rillaboom, F|
|poke|p2|Raging Bolt|
|poke|p2|Gholdengo|
|poke|p2|Kingambit, F|
|poke|p2|Pecharunt|
|poke|p2|Ogerpon-Wellspring, F|
|teampreview
|
|t:|1758946512
|teamsize|p1|6
|teamsize|p2|6
|start
|switch|p1a: Ditto|Ditto, shiny|100/100
|switch|p2a: Ogerpon|Ogerpon-Wellspring, F|100/100
|-transform|p1a: Ditto|p2a: Ogerpon|[from] ability: Imposter
|turn|1
|
|t:|1758946532
|switch|p2a: Pecharunt|Pecharunt|100/100
|move|p1a: Ditto|Horn Leech|p2a: Pecharunt
|-resisted|p2a: Pecharunt
|-damage|p2a: Pecharunt|92/100
|
|-heal|p2a: Pecharunt|98/100|[from] item: Black Sludge
|upkeep
|turn|2
|
|t:|1758946542
|switch|p1a: Ting-Lu|Ting-Lu, shiny|100/100
|-ability|p1a: Ting-Lu|Vessel of Ruin
|move|p2a: Pecharunt|Malignant Chain|p1a: Ting-Lu
|-resisted|p1a: Ting-Lu
|-damage|p1a: Ting-Lu|94/100
|-status|p1a: Ting-Lu|tox
|-start|p1a: Ting-Lu|confusion|[from] ability: Poison Puppeteer|[of] p2a: Pecharunt
|
|-heal|p2a: Pecharunt|100/100|[from] item: Black Sludge
|-heal|p1a: Ting-Lu|99/100 tox|[from] item: Leftovers
|-damage|p1a: Ting-Lu|94/100 tox|[from] psn
|upkeep
|turn|3
|
|t:|1758946561
|move|p2a: Pecharunt|Protect|p2a: Pecharunt
|-singleturn|p2a: Pecharunt|Protect
|-activate|p1a: Ting-Lu|confusion
|move|p1a: Ting-Lu|Ruination|p2a: Pecharunt
|-activate|p2a: Pecharunt|move: Protect
|
|-heal|p1a: Ting-Lu|99/100 tox|[from] item: Leftovers
|-damage|p1a: Ting-Lu|88/100 tox|[from] psn
|upkeep
|turn|4
|
|t:|1758946573
|move|p2a: Pecharunt|Recover||[still]
|-fail|p2a: Pecharunt|heal
|-activate|p1a: Ting-Lu|confusion
|move|p1a: Ting-Lu|Sand Tomb|p2a: Pecharunt
|-supereffective|p2a: Pecharunt
|-damage|p2a: Pecharunt|88/100
|-activate|p2a: Pecharunt|move: Sand Tomb|[of] p1a: Ting-Lu
|
|-heal|p2a: Pecharunt|94/100|[from] item: Black Sludge
|-heal|p1a: Ting-Lu|94/100 tox|[from] item: Leftovers
|-damage|p1a: Ting-Lu|75/100 tox|[from] psn
|-damage|p2a: Pecharunt|82/100|[from] move: Sand Tomb|[partiallytrapped]
|upkeep
|turn|5
|l|☆xpp233
|player|p2|
|inactive|Battle timer is ON: inactive players will automatically lose when time's up. (requested by witdflow)
|inactive|xpp233 has 30 seconds to reconnect!
|inactive|xpp233 has 20 seconds to reconnect!
|inactive|xpp233 has 15 seconds to reconnect!
|inactive|xpp233 has 10 seconds to reconnect!
|inactive|xpp233 has 5 seconds to reconnect!
|-message|xpp233 lost due to inactivity.
|
|win|witdflow
|raw|witdflow's rating: 1212 &rarr; <strong>1238</strong><br />(+26 for winning)
|raw|xpp233's rating: 1225 &rarr; <strong>1199</strong><br />(-26 for losing)
|l|☆witdflow
|player|p1|
