|j|☆forestonmoon
|j|☆axunyu
|t:|1758961364
|gametype|singles
|player|p1|forestonmoon|266|1233
|player|p2|axunyu|benga|1214
|gen|9
|tier|[Gen 9] OU
|rated|
|rule|HP Percentage Mod: HP is shown in percentages
|rule|Endless Battle Clause: Forcing endless battles is banned
|rule|Species Clause: Limit one of each Pokémon
|rule|OHKO Clause: OHKO moves are banned
|rule|Evasion Items Clause: Evasion items are banned
|rule|Evasion Moves Clause: Evasion moves are banned
|rule|Evasion Abilities Clause: Evasion abilities are banned
|rule|Sleep Moves Clause: Sleep-inducing moves are banned
|clearpoke
|poke|p1|Garganacl, F|
|poke|p1|Dragonite, F|
|poke|p1|Gliscor, F|
|poke|p1|Grimmsnarl, M|
|poke|p1|Blaziken, M|
|poke|p1|Great Tusk|
|poke|p2|Hatterene, F|
|poke|p2|Cresselia, F|
|poke|p2|Torkoal, M|
|poke|p2|Glastrier|
|poke|p2|Ursaluna, F|
|poke|p2|Azelf|
|teampreview
|inactive|Battle timer is ON: inactive players will automatically lose when time's up. (requested by axunyu)
|
|t:|1758961373
|teamsize|p1|6
|teamsize|p2|6
|start
|switch|p1a: Grimmsnarl|Grimmsnarl, M|100/100
|switch|p2a: Azelf|Azelf|100/100
|turn|1
|
|t:|1758961381
|move|p1a: Grimmsnarl|Fake Out|p2a: Azelf
|-damage|p2a: Azelf|86/100
|cant|p2a: Azelf|flinch
|
|upkeep
|turn|2
|
|t:|1758961396
|move|p1a: Grimmsnarl|Light Screen|p1a: Grimmsnarl
|-sidestart|p1: forestonmoon|move: Light Screen
|move|p2a: Azelf|Trick Room|p2a: Azelf
|-fieldstart|move: Trick Room|[of] p2a: Azelf
|
|upkeep
|turn|3
|
|t:|1758961399
|move|p1a: Grimmsnarl|Reflect|p1a: Grimmsnarl
|-sidestart|p1: forestonmoon|Reflect
|move|p2a: Azelf|Explosion|p1a: Grimmsnarl
|-damage|p1a: Grimmsnarl|59/100
|faint|p2a: Azelf
|
|upkeep
|
|t:|1758961402
|switch|p2a: Ursaluna|Ursaluna, F, shiny|100/100
|turn|4
|
|t:|1758961407
|move|p1a: Grimmsnarl|Parting Shot|p2a: Ursaluna
|-unboost|p2a: Ursaluna|atk|1
|-unboost|p2a: Ursaluna|spa|1
|
|t:|1758961412
|switch|p1a: Dragonite|Dragonite, F|100/100|[from] Parting Shot
|move|p2a: Ursaluna|Swords Dance|p2a: Ursaluna
|-boost|p2a: Ursaluna|atk|2
|
|-status|p2a: Ursaluna|brn|[from] item: Flame Orb
|upkeep
|turn|5
|
|t:|1758961428
|-terastallize|p1a: Dragonite|Normal
|move|p1a: Dragonite|Extreme Speed|p2a: Ursaluna
|-damage|p2a: Ursaluna|66/100 brn
|move|p2a: Ursaluna|Facade|p1a: Dragonite
|-damage|p1a: Dragonite|59/100
|
|-heal|p1a: Dragonite|65/100|[from] item: Leftovers
|-damage|p2a: Ursaluna|59/100 brn|[from] brn
|upkeep
|turn|6
|
|t:|1758961438
|-terastallize|p2a: Ursaluna|Normal
|move|p2a: Ursaluna|Facade|p1a: Dragonite
|-damage|p1a: Dragonite|0 fnt
|faint|p1a: Dragonite
|
|-damage|p2a: Ursaluna|53/100 brn|[from] brn
|-fieldend|move: Trick Room
|upkeep
|
|t:|1758961452
|switch|p1a: Blaziken|Blaziken, M|100/100
|turn|7
|
|t:|1758961455
|move|p1a: Blaziken|Detect|p1a: Blaziken
|-singleturn|p1a: Blaziken|Protect
|move|p2a: Ursaluna|Headlong Rush|p1a: Blaziken
|-activate|p1a: Blaziken|move: Protect
|
|-damage|p2a: Ursaluna|47/100 brn|[from] brn
|-ability|p1a: Blaziken|Speed Boost|boost
|-boost|p1a: Blaziken|spe|1
|upkeep
|turn|8
|
|t:|1758961466
|move|p1a: Blaziken|Close Combat|p2a: Ursaluna
|-supereffective|p2a: Ursaluna
|-damage|p2a: Ursaluna|0 fnt
|-unboost|p1a: Blaziken|def|1
|-unboost|p1a: Blaziken|spd|1
|faint|p2a: Ursaluna
|-damage|p1a: Blaziken|91/100|[from] item: Life Orb
|
|-ability|p1a: Blaziken|Speed Boost|boost
|-boost|p1a: Blaziken|spe|1
|upkeep
|
|t:|1758961470
|switch|p2a: Hatterene|Hatterene, F|100/100
|turn|9
|
|t:|1758961479
|move|p1a: Blaziken|Swords Dance|p1a: Blaziken
|-boost|p1a: Blaziken|atk|2
|move|p2a: Hatterene|Trick Room|p2a: Hatterene
|-fieldstart|move: Trick Room|[of] p2a: Hatterene
|
|-sideend|p1: forestonmoon|move: Light Screen
|-ability|p1a: Blaziken|Speed Boost|boost
|-boost|p1a: Blaziken|spe|1
|upkeep
|turn|10
|
|t:|1758961492
|move|p2a: Hatterene|Healing Wish|p2a: Hatterene
|faint|p2a: Hatterene
|move|p1a: Blaziken|Flare Blitz|p2: Hatterene|[notarget]
|-fail|p1a: Blaziken
|
|-sideend|p1: forestonmoon|Reflect
|-ability|p1a: Blaziken|Speed Boost|boost
|-boost|p1a: Blaziken|spe|1
|upkeep
|
|t:|1758961495
|switch|p2a: Torkoal|Torkoal, M, shiny|100/100
|-weather|SunnyDay|[from] ability: Drought|[of] p2a: Torkoal
|turn|11
|
|t:|1758961519
|switch|p1a: Great Tusk|Great Tusk|100/100
|-activate|p1a: Great Tusk|ability: Protosynthesis
|-start|p1a: Great Tusk|protosynthesisdef
|move|p2a: Torkoal|Eruption|p1a: Great Tusk
|-damage|p1a: Great Tusk|0 fnt
|faint|p1a: Great Tusk
|-end|p1a: Great Tusk|Protosynthesis|[silent]
|
|-weather|SunnyDay|[upkeep]
|upkeep
|
|t:|1758961528
|switch|p1a: Grimmsnarl|Grimmsnarl, M|59/100
|turn|12
|
|t:|1758961532
|move|p1a: Grimmsnarl|Fake Out|p2a: Torkoal
|-damage|p2a: Torkoal|93/100
|cant|p2a: Torkoal|flinch
|
|-weather|SunnyDay|[upkeep]
|upkeep
|turn|13
|
|t:|1758961543
|move|p1a: Grimmsnarl|Parting Shot|p2a: Torkoal
|-unboost|p2a: Torkoal|atk|1
|-unboost|p2a: Torkoal|spa|1
|
|t:|1758961548
|switch|p1a: Gliscor|Gliscor, F|100/100|[from] Parting Shot
|move|p2a: Torkoal|Eruption|p1a: Gliscor
|-damage|p1a: Gliscor|0 fnt
|faint|p1a: Gliscor
|
|-weather|SunnyDay|[upkeep]
|-fieldend|move: Trick Room
|upkeep
|
|t:|1758961559
|switch|p1a: Garganacl|Garganacl, F|100/100
|turn|14
|
|t:|1758961562
|move|p1a: Garganacl|Salt Cure|p2a: Torkoal
|-supereffective|p2a: Torkoal
|-damage|p2a: Torkoal|70/100
|-start|p2a: Torkoal|Salt Cure
|move|p2a: Torkoal|Eruption|p1a: Garganacl
|-resisted|p1a: Garganacl
|-damage|p1a: Garganacl|68/100
|
|-weather|SunnyDay|[upkeep]
|-heal|p1a: Garganacl|74/100|[from] item: Leftovers
|-damage|p2a: Torkoal|58/100|[from] Salt Cure
|upkeep
|turn|15
|
|t:|1758961572
|switch|p2a: Glastrier|Glastrier|100/100
|move|p1a: Garganacl|Salt Cure|p2a: Glastrier
|-supereffective|p2a: Glastrier
|-damage|p2a: Glastrier|83/100
|-start|p2a: Glastrier|Salt Cure
|
|-weather|none
|-heal|p1a: Garganacl|80/100|[from] item: Leftovers
|-damage|p2a: Glastrier|70/100|[from] Salt Cure
|upkeep
|turn|16
|
|t:|1758961583
|switch|p2a: Torkoal|Torkoal, M, shiny|58/100
|-heal|p2a: Torkoal|100/100|[from] move: Healing Wish
|-weather|SunnyDay|[from] ability: Drought|[of] p2a: Torkoal
|move|p1a: Garganacl|Protect||[still]
|-fail|p1a: Garganacl
|
|-weather|SunnyDay|[upkeep]
|-heal|p1a: Garganacl|86/100|[from] item: Leftovers
|upkeep
|turn|17
|
|t:|1758961592
|move|p1a: Garganacl|Salt Cure|p2a: Torkoal
|-supereffective|p2a: Torkoal
|-damage|p2a: Torkoal|78/100
|-start|p2a: Torkoal|Salt Cure
|move|p2a: Torkoal|Solar Beam||[still]
|-prepare|p2a: Torkoal|Solar Beam
|-anim|p2a: Torkoal|Solar Beam|p1a: Garganacl
|-supereffective|p1a: Garganacl
|-damage|p1a: Garganacl|0 fnt
|faint|p1a: Garganacl
|
|-weather|SunnyDay|[upkeep]
|-damage|p2a: Torkoal|66/100|[from] Salt Cure
|upkeep
|
|t:|1758961604
|switch|p1a: Blaziken|Blaziken, M|91/100
|turn|18
|
|t:|1758961610
|switch|p2a: Glastrier|Glastrier|70/100
|move|p1a: Blaziken|Close Combat|p2a: Glastrier
|-supereffective|p2a: Glastrier
|-damage|p2a: Glastrier|0 fnt
|-unboost|p1a: Blaziken|def|1
|-unboost|p1a: Blaziken|spd|1
|faint|p2a: Glastrier
|-damage|p1a: Blaziken|81/100|[from] item: Life Orb
|
|-weather|SunnyDay|[upkeep]
|-ability|p1a: Blaziken|Speed Boost|boost
|-boost|p1a: Blaziken|spe|1
|upkeep
|
|t:|1758961615
|switch|p2a: Cresselia|Cresselia, F|100/100
|turn|19
|
|t:|1758961624
|move|p1a: Blaziken|Swords Dance|p1a: Blaziken
|-boost|p1a: Blaziken|atk|2
|move|p2a: Cresselia|Trick Room|p2a: Cresselia
|-fieldstart|move: Trick Room|[of] p2a: Cresselia
|
|-weather|SunnyDay|[upkeep]
|-ability|p1a: Blaziken|Speed Boost|boost
|-boost|p1a: Blaziken|spe|1
|upkeep
|turn|20
|
|t:|1758961631
|move|p2a: Cresselia|Psychic|p1a: Blaziken
|-supereffective|p1a: Blaziken
|-damage|p1a: Blaziken|0 fnt
|faint|p1a: Blaziken
|
|-weather|none
|upkeep
|
|t:|1758961636
|switch|p1a: Grimmsnarl|Grimmsnarl, M|59/100
|turn|21
|-message|forestonmoon forfeited.
|
|win|axunyu
|raw|forestonmoon's rating: 1233 &rarr; <strong>1207</strong><br />(-26 for losing)
|raw|axunyu's rating: 1214 &rarr; <strong>1240</strong><br />(+26 for winning)
|l|☆forestonmoon
|player|p1|
|l|☆axunyu
|player|p2|
