|j|☆volt2008
|j|☆findmyhair
|t:|1758977384
|gametype|singles
|player|p1|volt2008|n|1121
|player|p2|findmyhair|acetrainercouple|1074
|gen|9
|tier|[Gen 9] OU
|rated|
|rule|HP Percentage Mod: HP is shown in percentages
|rule|Endless Battle Clause: Forcing endless battles is banned
|rule|Species Clause: Limit one of each Pokémon
|rule|OHKO Clause: OHKO moves are banned
|rule|Evasion Items Clause: Evasion items are banned
|rule|Evasion Moves Clause: Evasion moves are banned
|rule|Evasion Abilities Clause: Evasion abilities are banned
|rule|Sleep Moves Clause: Sleep-inducing moves are banned
|clearpoke
|poke|p1|Chandelure, M|
|poke|p1|Gallade, M|
|poke|p1|Galvantula, F|
|poke|p1|Iron Treads|
|poke|p1|Milotic, F|
|poke|p1|Blastoise, M|
|poke|p2|Cresselia, F|
|poke|p2|Slowking-Galar, M|
|poke|p2|Iron Hands|
|poke|p2|Ursaluna, M|
|poke|p2|Crawdaunt, M|
|poke|p2|Klefki, M|
|teampreview
|inactive|Battle timer is ON: inactive players will automatically lose when time's up. (requested by findmyhair)
|inactive|volt2008 also wants the timer to be on.
|j| GruesomeLovelies
|
|t:|1758977402
|teamsize|p1|6
|teamsize|p2|6
|start
|switch|p1a: Galvantula|Galvantula, F|100/100
|switch|p2a: Klefki|Klefki, M|100/100
|turn|1
|
|t:|1758977408
|move|p2a: Klefki|Reflect|p2a: Klefki
|-sidestart|p2: findmyhair|Reflect
|move|p1a: Galvantula|Sticky Web|p2a: Klefki
|-sidestart|p2: findmyhair|move: Sticky Web
|
|upkeep
|turn|2
|
|t:|1758977414
|move|p2a: Klefki|Spikes|p1a: Galvantula
|-sidestart|p1: volt2008|Spikes
|move|p1a: Galvantula|Thunder|p2a: Klefki|[miss]
|-miss|p1a: Galvantula|p2a: Klefki
|
|upkeep
|turn|3
|
|t:|1758977423
|switch|p1a: Iron Treads|Iron Treads|100/100
|-damage|p1a: Iron Treads|88/100|[from] Spikes
|move|p2a: Klefki|Spikes|p1a: Iron Treads
|-sidestart|p1: volt2008|Spikes
|
|upkeep
|turn|4
|
|t:|1758977445
|switch|p2a: Cresselia|Cresselia, F|100/100
|move|p1a: Iron Treads|Rapid Spin|p2a: Cresselia
|-damage|p2a: Cresselia|95/100
|-boost|p1a: Iron Treads|spe|1
|-sideend|p1: volt2008|Spikes|[from] move: Rapid Spin|[of] p1a: Iron Treads
|-damage|p1a: Iron Treads|78/100|[from] item: Life Orb
|
|upkeep
|turn|5
|
|t:|1758977460
|-end|p1a: Iron Treads|Quark Drive|[silent]
|switch|p1a: Galvantula|Galvantula, F|100/100
|move|p2a: Cresselia|Trick Room|p2a: Cresselia
|-fieldstart|move: Trick Room|[of] p2a: Cresselia
|
|upkeep
|turn|6
|
|t:|1758977470
|switch|p2a: Ursaluna|Ursaluna, M|100/100
|-activate|p2a: Ursaluna|move: Sticky Web
|-unboost|p2a: Ursaluna|spe|1
|move|p1a: Galvantula|Bug Buzz|p2a: Ursaluna
|-damage|p2a: Ursaluna|65/100
|
|-status|p2a: Ursaluna|brn|[from] item: Flame Orb
|upkeep
|turn|7
|
|t:|1758977479
|move|p2a: Ursaluna|Swords Dance|p2a: Ursaluna
|-boost|p2a: Ursaluna|atk|2
|move|p1a: Galvantula|Energy Ball|p2a: Ursaluna
|-supereffective|p2a: Ursaluna
|-damage|p2a: Ursaluna|21/100 brn
|
|-damage|p2a: Ursaluna|14/100 brn|[from] brn
|upkeep
|turn|8
|
|t:|1758977487
|move|p2a: Ursaluna|Earthquake|p1a: Galvantula
|-enditem|p1a: Galvantula|Focus Sash
|-damage|p1a: Galvantula|1/100
|move|p1a: Galvantula|Energy Ball|p2a: Ursaluna
|-supereffective|p2a: Ursaluna
|-damage|p2a: Ursaluna|0 fnt
|faint|p2a: Ursaluna
|
|-sideend|p2: findmyhair|Reflect
|upkeep
|
|t:|1758977495
|switch|p2a: Klefki|Klefki, M|100/100
|-activate|p2a: Klefki|move: Sticky Web
|-unboost|p2a: Klefki|spe|1
|turn|9
|
|t:|1758977503
|move|p2a: Klefki|Spikes|p1a: Galvantula
|-sidestart|p1: volt2008|Spikes
|move|p1a: Galvantula|Thunder|p2a: Klefki
|-damage|p2a: Klefki|40/100
|
|-fieldend|move: Trick Room
|upkeep
|turn|10
|
|t:|1758977509
|move|p2a: Klefki|Light Screen|p2a: Klefki
|-sidestart|p2: findmyhair|move: Light Screen
|move|p1a: Galvantula|Thunder|p2a: Klefki
|-damage|p2a: Klefki|14/100
|
|upkeep
|turn|11
|
|t:|1758977517
|switch|p2a: Slowking|Slowking-Galar, M|100/100
|-activate|p2a: Slowking|move: Sticky Web
|-unboost|p2a: Slowking|spe|1
|move|p1a: Galvantula|Bug Buzz|p2a: Slowking
|-damage|p2a: Slowking|86/100
|
|-heal|p2a: Slowking|92/100|[from] item: Black Sludge
|upkeep
|turn|12
|
|t:|1758977530
|move|p1a: Galvantula|Thunder|p2a: Slowking
|-damage|p2a: Slowking|73/100
|-status|p2a: Slowking|par
|move|p2a: Slowking|Trick Room|p2a: Slowking
|-fieldstart|move: Trick Room|[of] p2a: Slowking
|
|-heal|p2a: Slowking|79/100 par|[from] item: Black Sludge
|upkeep
|turn|13
|
|t:|1758977538
|move|p2a: Slowking|Sludge Bomb|p1a: Galvantula
|-damage|p1a: Galvantula|0 fnt
|faint|p1a: Galvantula
|
|-heal|p2a: Slowking|85/100 par|[from] item: Black Sludge
|upkeep
|
|t:|1758977554
|switch|p1a: Iron Treads|Iron Treads|78/100
|-damage|p1a: Iron Treads|66/100|[from] Spikes
|turn|14
|
|t:|1758977561
|move|p2a: Slowking|Nasty Plot|p2a: Slowking
|-boost|p2a: Slowking|spa|2
|move|p1a: Iron Treads|Earthquake|p2a: Slowking
|-supereffective|p2a: Slowking
|-damage|p2a: Slowking|0 fnt
|faint|p2a: Slowking
|-damage|p1a: Iron Treads|56/100|[from] item: Life Orb
|
|upkeep
|
|t:|1758977570
|switch|p2a: Cresselia|Cresselia, F|95/100
|turn|15
|
|t:|1758977575
|move|p2a: Cresselia|Psychic|p1a: Iron Treads
|-resisted|p1a: Iron Treads
|-damage|p1a: Iron Treads|37/100
|move|p1a: Iron Treads|Rapid Spin|p2a: Cresselia
|-damage|p2a: Cresselia|82/100
|-boost|p1a: Iron Treads|spe|1
|-sideend|p1: volt2008|Spikes|[from] move: Rapid Spin|[of] p1a: Iron Treads
|-damage|p1a: Iron Treads|27/100|[from] item: Life Orb
|
|upkeep
|turn|16
|
|t:|1758977591
|switch|p2a: Klefki|Klefki, M|14/100
|-activate|p2a: Klefki|move: Sticky Web
|-unboost|p2a: Klefki|spe|1
|-end|p1a: Iron Treads|Quark Drive|[silent]
|switch|p1a: Gallade|Gallade, M|100/100
|
|-fieldend|move: Trick Room
|upkeep
|turn|17
|
|t:|1758977611
|move|p2a: Klefki|Reflect|p2a: Klefki
|-sidestart|p2: findmyhair|Reflect
|move|p1a: Gallade|Sacred Sword|p2a: Klefki
|-damage|p2a: Klefki|0 fnt
|faint|p2a: Klefki
|
|-sideend|p2: findmyhair|move: Light Screen
|upkeep
|
|t:|1758977618
|switch|p2a: Cresselia|Cresselia, F|82/100
|turn|18
|
|t:|1758977633
|switch|p1a: Iron Treads|Iron Treads|27/100
|move|p2a: Cresselia|Trick Room|p2a: Cresselia
|-fieldstart|move: Trick Room|[of] p2a: Cresselia
|
|upkeep
|turn|19
|
|t:|1758977640
|move|p2a: Cresselia|Psychic|p1a: Iron Treads
|-resisted|p1a: Iron Treads
|-damage|p1a: Iron Treads|11/100
|-unboost|p1a: Iron Treads|spd|1
|move|p1a: Iron Treads|Iron Head|p2a: Cresselia
|-damage|p2a: Cresselia|69/100
|-damage|p1a: Iron Treads|1/100|[from] item: Life Orb
|
|upkeep
|turn|20
|
|t:|1758977651
|switch|p2a: Crawdaunt|Crawdaunt, M|100/100
|-activate|p2a: Crawdaunt|move: Sticky Web
|-unboost|p2a: Crawdaunt|spe|1
|move|p1a: Iron Treads|Iron Head|p2a: Crawdaunt
|-resisted|p2a: Crawdaunt
|-damage|p2a: Crawdaunt|86/100
|-damage|p1a: Iron Treads|0 fnt|[from] item: Life Orb
|faint|p1a: Iron Treads
|-end|p1a: Iron Treads|Quark Drive|[silent]
|
|upkeep
|inactive|volt2008 has 120 seconds left.
|
|t:|1758977676
|switch|p1a: Gallade|Gallade, M|100/100
|turn|21
|
|t:|1758977683
|-terastallize|p1a: Gallade|Grass
|move|p2a: Crawdaunt|Knock Off|p1a: Gallade
|-damage|p1a: Gallade|0 fnt
|-enditem|p1a: Gallade|Choice Band|[from] move: Knock Off|[of] p2a: Crawdaunt
|faint|p1a: Gallade
|-damage|p2a: Crawdaunt|76/100|[from] item: Life Orb
|
|upkeep
|
|t:|1758977689
|switch|p1a: Milotic|Milotic, F|100/100
|turn|22
|
|t:|1758977694
|move|p2a: Crawdaunt|Knock Off|p1a: Milotic
|-damage|p1a: Milotic|35/100
|-enditem|p1a: Milotic|Flame Orb|[from] move: Knock Off|[of] p2a: Crawdaunt
|-damage|p2a: Crawdaunt|66/100|[from] item: Life Orb
|move|p1a: Milotic|Dragon Tail|p2a: Crawdaunt
|-damage|p2a: Crawdaunt|60/100
|drag|p2a: Iron Hands|Iron Hands|100/100
|-activate|p2a: Iron Hands|move: Sticky Web
|-unboost|p2a: Iron Hands|spe|1
|
|-fieldend|move: Trick Room
|upkeep
|turn|23
|
|t:|1758977706
|move|p1a: Milotic|Scald|p2a: Iron Hands
|-damage|p2a: Iron Hands|83/100
|move|p2a: Iron Hands|Wild Charge|p1a: Milotic
|-supereffective|p1a: Milotic
|-damage|p1a: Milotic|0 fnt
|faint|p1a: Milotic
|-damage|p2a: Iron Hands|77/100|[from] Recoil
|
|upkeep
|
|t:|1758977717
|switch|p1a: Chandelure|Chandelure, M|100/100
|turn|24
|
|t:|1758977725
|-end|p2a: Iron Hands|Quark Drive|[silent]
|switch|p2a: Cresselia|Cresselia, F|69/100
|move|p1a: Chandelure|Shadow Ball|p2a: Cresselia
|-supereffective|p2a: Cresselia
|-damage|p2a: Cresselia|13/100
|
|-sideend|p2: findmyhair|Reflect
|upkeep
|turn|25
|
|t:|1758977736
|-terastallize|p2a: Cresselia|Fairy
|move|p1a: Chandelure|Shadow Ball|p2a: Cresselia
|-damage|p2a: Cresselia|0 fnt
|faint|p2a: Cresselia
|
|upkeep
|
|t:|1758977741
|switch|p2a: Crawdaunt|Crawdaunt, M|60/100
|-activate|p2a: Crawdaunt|move: Sticky Web
|-unboost|p2a: Crawdaunt|spe|1
|turn|26
|
|t:|1758977745
|switch|p1a: Blastoise|Blastoise, M|100/100
|move|p2a: Crawdaunt|Knock Off|p1a: Blastoise
|-damage|p1a: Blastoise|0 fnt
|-enditem|p1a: Blastoise|White Herb|[from] move: Knock Off|[of] p2a: Crawdaunt
|faint|p1a: Blastoise
|-damage|p2a: Crawdaunt|50/100|[from] item: Life Orb
|
|upkeep
|
|t:|1758977753
|switch|p1a: Chandelure|Chandelure, M|100/100
|turn|27
|inactive|volt2008 has 120 seconds left.
|
|t:|1758977799
|move|p1a: Chandelure|Shadow Ball|p2a: Crawdaunt
|-resisted|p2a: Crawdaunt
|-crit|p2a: Crawdaunt
|-damage|p2a: Crawdaunt|0 fnt
|faint|p2a: Crawdaunt
|
|upkeep
|
|t:|1758977804
|switch|p2a: Iron Hands|Iron Hands|77/100
|-activate|p2a: Iron Hands|move: Sticky Web
|-unboost|p2a: Iron Hands|spe|1
|turn|28
|
|t:|1758977808
|move|p1a: Chandelure|Shadow Ball|p2a: Iron Hands
|-damage|p2a: Iron Hands|49/100
|move|p2a: Iron Hands|Wild Charge|p1a: Chandelure
|-damage|p1a: Chandelure|29/100
|-damage|p2a: Iron Hands|40/100|[from] Recoil
|
|upkeep
|turn|29
|
|t:|1758977815
|move|p1a: Chandelure|Shadow Ball|p2a: Iron Hands
|-damage|p2a: Iron Hands|13/100
|move|p2a: Iron Hands|Wild Charge|p1a: Chandelure
|-damage|p1a: Chandelure|0 fnt
|faint|p1a: Chandelure
|-damage|p2a: Iron Hands|9/100|[from] Recoil
|
|win|findmyhair
|raw|volt2008's rating: 1121 &rarr; <strong>1093</strong><br />(-28 for losing)
|raw|findmyhair's rating: 1074 &rarr; <strong>1107</strong><br />(+33 for winning)
|c|☆findmyhair|gg
