|j|☆Nikator98
|j|☆Gemini Defteros
|t:|1759018129
|gametype|singles
|player|p1|Nikator98|giovanni|1723
|player|p2|Gemini Defteros|170|1704
|gen|9
|tier|[Gen 9] OU
|rated|
|rule|HP Percentage Mod: HP is shown in percentages
|rule|Endless Battle Clause: Forcing endless battles is banned
|rule|Species Clause: Limit one of each Pokémon
|rule|OHKO Clause: OHKO moves are banned
|rule|Evasion Items Clause: Evasion items are banned
|rule|Evasion Moves Clause: Evasion moves are banned
|rule|Evasion Abilities Clause: Evasion abilities are banned
|rule|Sleep Moves Clause: Sleep-inducing moves are banned
|clearpoke
|poke|p1|Metagross|
|poke|p1|Great Tusk|
|poke|p1|Haxorus, M|
|poke|p1|Iron Moth|
|poke|p1|Zoroark-Hisui, M|
|poke|p1|Ninetales-Alola, F|
|poke|p2|Raging Bolt|
|poke|p2|Great Tusk|
|poke|p2|Primarina, F|
|poke|p2|Dragonite, F|
|poke|p2|Ting-Lu|
|poke|p2|Slowking-Galar, F|
|teampreview
|
|t:|1759018145
|teamsize|p1|6
|teamsize|p2|6
|start
|switch|p1a: Kumaryia|Great Tusk, shiny|100/100
|switch|p2a: Slowking|Slowking-Galar, F|100/100
|turn|1
|
|t:|1759018153
|switch|p2a: Ting-Lu|Ting-Lu|100/100
|-ability|p2a: Ting-Lu|Vessel of Ruin
|move|p1a: Kumaryia|Knock Off|p2a: Ting-Lu
|-resisted|p2a: Ting-Lu
|-damage|p2a: Ting-Lu|91/100
|-enditem|p2a: Ting-Lu|Leftovers|[from] move: Knock Off|[of] p1a: Kumaryia
|
|upkeep
|turn|2
|
|t:|1759018163
|move|p1a: Kumaryia|Ice Spinner|p2a: Ting-Lu
|-supereffective|p2a: Ting-Lu
|-damage|p2a: Ting-Lu|59/100
|move|p2a: Ting-Lu|Ruination|p1a: Kumaryia|[miss]
|-miss|p2a: Ting-Lu|p1a: Kumaryia
|
|upkeep
|turn|3
|
|t:|1759018169
|switch|p2a: Great Tusk|Great Tusk|100/100
|move|p1a: Kumaryia|Ice Spinner|p2a: Great Tusk
|-supereffective|p2a: Great Tusk
|-damage|p2a: Great Tusk|75/100
|-damage|p1a: Kumaryia|84/100|[from] item: Rocky Helmet|[of] p2a: Great Tusk
|
|upkeep
|turn|4
|
|t:|1759018178
|move|p1a: Kumaryia|Knock Off|p2a: Great Tusk
|-resisted|p2a: Great Tusk
|-damage|p2a: Great Tusk|66/100
|-damage|p1a: Kumaryia|68/100|[from] item: Rocky Helmet|[of] p2a: Great Tusk
|-enditem|p2a: Great Tusk|Rocky Helmet|[from] move: Knock Off|[of] p1a: Kumaryia
|move|p2a: Great Tusk|Ice Spinner|p1a: Kumaryia
|-supereffective|p1a: Kumaryia
|-damage|p1a: Kumaryia|32/100
|
|upkeep
|turn|5
|
|t:|1759018187
|-end|p1a: Kumaryia|Protosynthesis|[silent]
|switch|p1a: Asfaloth|Ninetales-Alola, F, shiny|100/100
|-weather|Snowscape|[from] ability: Snow Warning|[of] p1a: Asfaloth
|move|p2a: Great Tusk|Earthquake|p1a: Asfaloth
|-damage|p1a: Asfaloth|65/100
|
|-weather|Snowscape|[upkeep]
|upkeep
|turn|6
|
|t:|1759018197
|-end|p2a: Great Tusk|Protosynthesis|[silent]
|switch|p2a: Slowking|Slowking-Galar, F|100/100
|move|p1a: Asfaloth|Aurora Veil|p1a: Asfaloth
|-sidestart|p1: Nikator98|move: Aurora Veil
|
|-weather|Snowscape|[upkeep]
|upkeep
|turn|7
|
|t:|1759018203
|switch|p1a: Arquillian Sentry|Metagross|100/100
|move|p2a: Slowking|Future Sight|p1a: Arquillian Sentry
|-start|p2a: Slowking|move: Future Sight
|
|-weather|Snowscape|[upkeep]
|upkeep
|turn|8
|
|t:|1759018210
|switch|p2a: Great Tusk|Great Tusk|66/100
|move|p1a: Arquillian Sentry|Stealth Rock|p2a: Great Tusk
|-sidestart|p2: Gemini Defteros|move: Stealth Rock
|
|-weather|Snowscape|[upkeep]
|upkeep
|turn|9
|
|t:|1759018218
|move|p2a: Great Tusk|Rapid Spin|p1a: Arquillian Sentry
|-resisted|p1a: Arquillian Sentry
|-damage|p1a: Arquillian Sentry|98/100
|-boost|p2a: Great Tusk|spe|1
|-sideend|p2: Gemini Defteros|Stealth Rock|[from] move: Rapid Spin|[of] p2a: Great Tusk
|move|p1a: Arquillian Sentry|Psychic Fangs|p2a: Great Tusk
|-supereffective|p2a: Great Tusk
|-damage|p2a: Great Tusk|22/100
|
|-weather|none
|-end|p1a: Arquillian Sentry|move: Future Sight
|-resisted|p1a: Arquillian Sentry
|-damage|p1a: Arquillian Sentry|92/100
|upkeep
|turn|10
|
|t:|1759018230
|move|p2a: Great Tusk|Earthquake|p1a: Arquillian Sentry
|-supereffective|p1a: Arquillian Sentry
|-damage|p1a: Arquillian Sentry|60/100
|move|p1a: Arquillian Sentry|Meteor Mash|p2a: Great Tusk
|-damage|p2a: Great Tusk|0 fnt
|faint|p2a: Great Tusk
|-end|p2a: Great Tusk|Protosynthesis|[silent]
|
|upkeep
|
|t:|1759018245
|switch|p2a: Ting-Lu|Ting-Lu|59/100
|-ability|p2a: Ting-Lu|Vessel of Ruin
|turn|11
|
|t:|1759018250
|move|p1a: Arquillian Sentry|Stealth Rock|p2a: Ting-Lu
|-sidestart|p2: Gemini Defteros|move: Stealth Rock
|move|p2a: Ting-Lu|Ruination|p1a: Arquillian Sentry|[miss]
|-miss|p2a: Ting-Lu|p1a: Arquillian Sentry
|
|upkeep
|turn|12
|
|t:|1759018256
|move|p1a: Arquillian Sentry|Meteor Mash|p2a: Ting-Lu
|-damage|p2a: Ting-Lu|31/100
|move|p2a: Ting-Lu|Ruination|p1a: Arquillian Sentry
|-damage|p1a: Arquillian Sentry|30/100
|
|upkeep
|turn|13
|
|t:|1759018264
|move|p1a: Arquillian Sentry|Meteor Mash|p2a: Ting-Lu
|-damage|p2a: Ting-Lu|2/100
|move|p2a: Ting-Lu|Earthquake|p1a: Arquillian Sentry
|-supereffective|p1a: Arquillian Sentry
|-damage|p1a: Arquillian Sentry|1/100
|
|-sideend|p1: Nikator98|move: Aurora Veil
|upkeep
|turn|14
|j| Nitro611
|-enditem|p1a: Arquillian Sentry|Custap Berry|[eat]
|-activate|p1a: Arquillian Sentry|item: Custap Berry|[consumed]
|
|t:|1759018278
|move|p1a: Arquillian Sentry|Meteor Mash|p2a: Ting-Lu
|-damage|p2a: Ting-Lu|0 fnt
|faint|p2a: Ting-Lu
|
|upkeep
|
|t:|1759018286
|switch|p2a: Dragonite|Dragonite, F|100/100
|turn|15
|
|t:|1759018289
|move|p2a: Dragonite|Extreme Speed|p1a: Arquillian Sentry
|-resisted|p1a: Arquillian Sentry
|-crit|p1a: Arquillian Sentry
|-damage|p1a: Arquillian Sentry|0 fnt
|faint|p1a: Arquillian Sentry
|
|upkeep
|
|t:|1759018303
|switch|p1a: Asfaloth|Ninetales-Alola, F, shiny|100/100
|turn|16
|
|t:|1759018307
|switch|p2a: Slowking|Slowking-Galar, F|100/100
|-damage|p2a: Slowking|88/100|[from] Stealth Rock
|move|p1a: Asfaloth|Bitter Malice|p2a: Slowking
|-supereffective|p2a: Slowking
|-damage|p2a: Slowking|16/100
|-unboost|p2a: Slowking|atk|1
|
|upkeep
|turn|17
|j| surgemv
|
|t:|1759018318
|move|p1a: Asfaloth|Bitter Malice|p2a: Slowking
|-supereffective|p2a: Slowking
|-damage|p2a: Slowking|0 fnt
|faint|p2a: Slowking
|
|upkeep
|
|t:|1759018326
|switch|p2a: Dragonite|Dragonite, F|100/100
|turn|18
|
|t:|1759018335
|switch|p1a: Asfaloth|Ninetales-Alola, F, shiny|65/100
|-weather|Snowscape|[from] ability: Snow Warning|[of] p1a: Asfaloth
|-terastallize|p2a: Dragonite|Normal
|move|p2a: Dragonite|Dragon Dance|p2a: Dragonite
|-boost|p2a: Dragonite|atk|1
|-boost|p2a: Dragonite|spe|1
|
|-weather|Snowscape|[upkeep]
|upkeep
|turn|19
|l| surgemv
|j| surgemv
|l| surgemv
|
|t:|1759018352
|move|p2a: Dragonite|Extreme Speed|p1a: Asfaloth
|-damage|p1a: Asfaloth|0 fnt
|faint|p1a: Asfaloth
|
|-weather|Snowscape|[upkeep]
|upkeep
|
|t:|1759018377
|switch|p1a: Lacelle|Haxorus, M|100/100
|turn|20
|
|t:|1759018381
|move|p2a: Dragonite|Ice Spinner|p1a: Lacelle
|-damage|p1a: Lacelle|5/100
|replace|p1a: Van Helsing|Zoroark-Hisui, M, shiny
|-end|p1a: Van Helsing|Illusion
|move|p1a: Van Helsing|Trick|p2a: Dragonite
|-activate|p1a: Van Helsing|move: Trick|[of] p2a: Dragonite
|-item|p2a: Dragonite|Choice Specs|[from] move: Trick
|-item|p1a: Van Helsing|Heavy-Duty Boots|[from] move: Trick
|
|-weather|Snowscape|[upkeep]
|upkeep
|turn|21
|
|t:|1759018395
|move|p2a: Dragonite|Earthquake|p1a: Van Helsing
|-damage|p1a: Van Helsing|0 fnt
|faint|p1a: Van Helsing
|
|-weather|Snowscape|[upkeep]
|upkeep
|
|t:|1759018404
|switch|p1a: Gothmog|Iron Moth|100/100
|-enditem|p1a: Gothmog|Booster Energy
|-activate|p1a: Gothmog|ability: Quark Drive|[fromitem]
|-start|p1a: Gothmog|quarkdrivespe
|turn|22
|
|t:|1759018410
|-terastallize|p1a: Gothmog|Grass
|move|p1a: Gothmog|Fiery Dance|p2a: Dragonite
|-damage|p2a: Dragonite|78/100
|-boost|p1a: Gothmog|spa|1
|move|p2a: Dragonite|Earthquake|p1a: Gothmog
|-resisted|p1a: Gothmog
|-damage|p1a: Gothmog|59/100
|
|-weather|none
|upkeep
|turn|23
|
|t:|1759018425
|move|p1a: Gothmog|Sludge Wave|p2a: Dragonite
|-damage|p2a: Dragonite|0 fnt
|faint|p2a: Dragonite
|
|upkeep
|
|t:|1759018431
|switch|p2a: Raging Bolt|Raging Bolt|100/100
|-damage|p2a: Raging Bolt|88/100|[from] Stealth Rock
|turn|24
|
|t:|1759018440
|move|p1a: Gothmog|Sludge Wave|p2a: Raging Bolt
|-damage|p2a: Raging Bolt|50/100
|move|p2a: Raging Bolt|Dragon Pulse|p1a: Gothmog
|-damage|p1a: Gothmog|10/100
|
|upkeep
|turn|25
|
|t:|1759018459
|move|p2a: Raging Bolt|Thunderclap||[still]
|-fail|p2a: Raging Bolt
|move|p1a: Gothmog|Substitute|p1a: Gothmog
|-fail|p1a: Gothmog|move: Substitute|[weak]
|
|upkeep
|turn|26
|
|t:|1759018465
|-end|p1a: Gothmog|Quark Drive|[silent]
|switch|p1a: Kumaryia|Great Tusk, shiny|32/100
|move|p2a: Raging Bolt|Thunderclap||[still]
|-fail|p2a: Raging Bolt
|
|upkeep
|turn|27
|
|t:|1759018472
|move|p1a: Kumaryia|Headlong Rush|p2a: Raging Bolt
|-supereffective|p2a: Raging Bolt
|-crit|p2a: Raging Bolt
|-damage|p2a: Raging Bolt|0 fnt
|-unboost|p1a: Kumaryia|def|1
|-unboost|p1a: Kumaryia|spd|1
|faint|p2a: Raging Bolt
|-end|p2a: Raging Bolt|Protosynthesis|[silent]
|
|upkeep
|
|t:|1759018479
|switch|p2a: Primarina|Primarina, F|100/100
|-damage|p2a: Primarina|88/100|[from] Stealth Rock
|turn|28
|
|t:|1759018484
|move|p1a: Kumaryia|Headlong Rush|p2a: Primarina
|-damage|p2a: Primarina|9/100
|-unboost|p1a: Kumaryia|def|1
|-unboost|p1a: Kumaryia|spd|1
|move|p2a: Primarina|Moonblast|p1a: Kumaryia
|-supereffective|p1a: Kumaryia
|-damage|p1a: Kumaryia|0 fnt
|faint|p1a: Kumaryia
|-end|p1a: Kumaryia|Protosynthesis|[silent]
|
|upkeep
|c| Nitro611|let hax win
|
|t:|1759018493
|switch|p1a: Gothmog|Iron Moth, tera:Grass|10/100
|turn|29
|c| Nitro611|lame
|
|t:|1759018498
|move|p1a: Gothmog|Sludge Wave|p2a: Primarina
|-supereffective|p2a: Primarina
|-damage|p2a: Primarina|0 fnt
|faint|p2a: Primarina
|
|win|Nikator98
|raw|Nikator98's rating: 1723 &rarr; <strong>1742</strong><br />(+19 for winning)
|raw|Gemini Defteros's rating: 1704 &rarr; <strong>1685</strong><br />(-19 for losing)
|c| Nitro611|wanted the non ou pick to win it
|l|☆Gemini Defteros
|player|p2|
|l|☆Nikator98
|player|p1|
|j| Itwasneroox
|l| Itwasneroox
