|j|☆ibuilthtihs
|j|☆Thibault56
|t:|1758971718
|gametype|singles
|player|p1|ibuilthtihs|linebacker|1598
|player|p2|Thibault56|acetrainer|1648
|gen|9
|tier|[Gen 9] OU
|rated|
|rule|HP Percentage Mod: HP is shown in percentages
|rule|Endless Battle Clause: Forcing endless battles is banned
|rule|Species Clause: Limit one of each Pokémon
|rule|OHKO Clause: OHKO moves are banned
|rule|Evasion Items Clause: Evasion items are banned
|rule|Evasion Moves Clause: Evasion moves are banned
|rule|Evasion Abilities Clause: Evasion abilities are banned
|rule|Sleep Moves Clause: Sleep-inducing moves are banned
|clearpoke
|poke|p1|Tyranitar, F|
|poke|p1|Raichu, F|
|poke|p1|Hydrapple, F|
|poke|p1|Great Tusk|
|poke|p1|Alomomola, M|
|poke|p1|Garganacl, M|
|poke|p2|Clodsire, M|
|poke|p2|Pelipper, F|
|poke|p2|Barraskewda, M|
|poke|p2|Zapdos|
|poke|p2|Corviknight, F|
|poke|p2|Incineroar, M|
|teampreview
|inactive|Battle timer is ON: inactive players will automatically lose when time's up. (requested by Thibault56)
|
|t:|1758971758
|teamsize|p1|6
|teamsize|p2|6
|start
|switch|p1a: Raichu|Raichu, F|100/100
|switch|p2a: Barraskewda|Barraskewda, M|100/100
|turn|1
|inactive|Thibault56 has 120 seconds left.
|
|t:|1758971816
|switch|p1a: Alomomola|Alomomola, M|100/100
|move|p2a: Barraskewda|Flip Turn|p1a: Alomomola
|-resisted|p1a: Alomomola
|-damage|p1a: Alomomola|83/100
|
|t:|1758971819
|switch|p2a: Pelipper|Pelipper, F|100/100|[from] Flip Turn
|-weather|RainDance|[from] ability: Drizzle|[of] p2a: Pelipper
|
|-weather|RainDance|[upkeep]
|upkeep
|turn|2
|
|t:|1758971822
|move|p2a: Pelipper|U-turn|p1a: Alomomola
|-damage|p1a: Alomomola|77/100
|
|t:|1758971825
|switch|p2a: Clodsire|Clodsire, M|100/100|[from] U-turn
|move|p1a: Alomomola|Flip Turn|p2a: Clodsire
|-immune|p2a: Clodsire|[from] ability: Water Absorb
|
|-weather|RainDance|[upkeep]
|upkeep
|turn|3
|j| Rizzofreko
|
|t:|1758971829
|switch|p1a: Garganacl|Garganacl, M|100/100
|move|p2a: Clodsire|Earthquake|p1a: Garganacl
|-supereffective|p1a: Garganacl
|-damage|p1a: Garganacl|67/100
|
|-weather|RainDance|[upkeep]
|-heal|p1a: Garganacl|74/100|[from] item: Leftovers
|upkeep
|turn|4
|
|t:|1758971833
|move|p1a: Garganacl|Salt Cure|p2a: Clodsire
|-resisted|p2a: Clodsire
|-damage|p2a: Clodsire|93/100
|-start|p2a: Clodsire|Salt Cure
|move|p2a: Clodsire|Earthquake|p1a: Garganacl
|-supereffective|p1a: Garganacl
|-damage|p1a: Garganacl|35/100
|
|-weather|RainDance|[upkeep]
|-heal|p1a: Garganacl|41/100|[from] item: Leftovers
|-heal|p2a: Clodsire|99/100|[from] item: Leftovers
|-damage|p2a: Clodsire|87/100|[from] Salt Cure
|upkeep
|turn|5
|
|t:|1758971835
|switch|p2a: Barraskewda|Barraskewda, M|100/100
|move|p1a: Garganacl|Recover|p1a: Garganacl
|-heal|p1a: Garganacl|91/100
|
|-weather|RainDance|[upkeep]
|-heal|p1a: Garganacl|97/100|[from] item: Leftovers
|upkeep
|turn|6
|
|t:|1758971840
|-terastallize|p2a: Barraskewda|Water
|move|p1a: Garganacl|Protect|p1a: Garganacl
|-singleturn|p1a: Garganacl|Protect
|move|p2a: Barraskewda|Liquidation|p1a: Garganacl
|-activate|p1a: Garganacl|move: Protect
|
|-weather|RainDance|[upkeep]
|-heal|p1a: Garganacl|100/100|[from] item: Leftovers
|upkeep
|turn|7
|
|t:|1758971844
|switch|p2a: Zapdos|Zapdos|100/100
|switch|p1a: Alomomola|Alomomola, M|100/100
|
|-weather|RainDance|[upkeep]
|upkeep
|turn|8
|l| Rizzofreko
|
|t:|1758971850
|move|p2a: Zapdos|Hurricane|p1a: Alomomola
|-damage|p1a: Alomomola|72/100
|-start|p1a: Alomomola|confusion
|-activate|p1a: Alomomola|confusion
|move|p1a: Alomomola|Mirror Coat|p2a: Zapdos
|-damage|p2a: Zapdos|5/100
|
|-weather|none
|upkeep
|turn|9
|
|t:|1758971858
|switch|p1a: Tyranitar|Tyranitar, F|100/100
|-weather|Sandstorm|[from] ability: Sand Stream|[of] p1a: Tyranitar
|move|p2a: Zapdos|Roost|p2a: Zapdos
|-heal|p2a: Zapdos|55/100
|-singleturn|p2a: Zapdos|move: Roost
|
|-weather|Sandstorm|[upkeep]
|-damage|p2a: Zapdos|49/100|[from] Sandstorm
|upkeep
|turn|10
|
|t:|1758971861
|move|p2a: Zapdos|Volt Switch|p1a: Tyranitar
|-damage|p1a: Tyranitar|87/100
|
|t:|1758971864
|switch|p2a: Corviknight|Corviknight, F|100/100|[from] Volt Switch
|-ability|p2a: Corviknight|Pressure
|move|p1a: Tyranitar|Stealth Rock|p2a: Corviknight
|-sidestart|p2: Thibault56|move: Stealth Rock
|
|-weather|Sandstorm|[upkeep]
|-heal|p1a: Tyranitar|93/100|[from] item: Leftovers
|upkeep
|turn|11
|
|t:|1758971869
|switch|p1a: Garganacl|Garganacl, M|100/100
|move|p2a: Corviknight|Defog|p1a: Garganacl
|-unboost|p1a: Garganacl|evasion|1
|-sideend|p2: Thibault56|Stealth Rock|[from] move: Defog|[of] p2a: Corviknight
|
|-weather|Sandstorm|[upkeep]
|upkeep
|turn|12
|
|t:|1758971871
|move|p2a: Corviknight|U-turn|p1a: Garganacl
|-crit|p1a: Garganacl
|-damage|p1a: Garganacl|86/100
|
|t:|1758971873
|switch|p2a: Clodsire|Clodsire, M|87/100|[from] U-turn
|move|p1a: Garganacl|Stealth Rock|p2a: Clodsire
|-sidestart|p2: Thibault56|move: Stealth Rock
|
|-weather|Sandstorm|[upkeep]
|-heal|p1a: Garganacl|92/100|[from] item: Leftovers
|-heal|p2a: Clodsire|93/100|[from] item: Leftovers
|upkeep
|turn|13
|
|t:|1758971879
|move|p1a: Garganacl|Salt Cure|p2a: Clodsire
|-resisted|p2a: Clodsire
|-damage|p2a: Clodsire|86/100
|-start|p2a: Clodsire|Salt Cure
|move|p2a: Clodsire|Earthquake|p1a: Garganacl
|-supereffective|p1a: Garganacl
|-damage|p1a: Garganacl|53/100
|
|-weather|none
|-heal|p1a: Garganacl|60/100|[from] item: Leftovers
|-heal|p2a: Clodsire|92/100|[from] item: Leftovers
|-damage|p2a: Clodsire|80/100|[from] Salt Cure
|upkeep
|turn|14
|
|t:|1758971881
|move|p1a: Garganacl|Recover|p1a: Garganacl
|-heal|p1a: Garganacl|100/100
|move|p2a: Clodsire|Earthquake|p1a: Garganacl
|-supereffective|p1a: Garganacl
|-damage|p1a: Garganacl|64/100
|
|-heal|p1a: Garganacl|71/100|[from] item: Leftovers
|-heal|p2a: Clodsire|86/100|[from] item: Leftovers
|-damage|p2a: Clodsire|74/100|[from] Salt Cure
|upkeep
|turn|15
|
|t:|1758971885
|switch|p1a: Hydrapple|Hydrapple, F|100/100
|move|p2a: Clodsire|Earthquake|p1a: Hydrapple
|-resisted|p1a: Hydrapple
|-damage|p1a: Hydrapple|93/100
|
|-heal|p2a: Clodsire|80/100|[from] item: Leftovers
|-damage|p2a: Clodsire|67/100|[from] Salt Cure
|upkeep
|turn|16
|
|t:|1758971887
|move|p1a: Hydrapple|Nasty Plot|p1a: Hydrapple
|-boost|p1a: Hydrapple|spa|2
|move|p2a: Clodsire|Toxic|p1a: Hydrapple
|-status|p1a: Hydrapple|tox
|
|-heal|p2a: Clodsire|74/100|[from] item: Leftovers
|-damage|p1a: Hydrapple|86/100 tox|[from] psn
|-damage|p2a: Clodsire|61/100|[from] Salt Cure
|upkeep
|turn|17
|
|t:|1758971891
|move|p1a: Hydrapple|Fickle Beam|p2a: Clodsire
|-damage|p2a: Clodsire|28/100
|move|p2a: Clodsire|Recover|p2a: Clodsire
|-heal|p2a: Clodsire|78/100
|
|-heal|p2a: Clodsire|84/100|[from] item: Leftovers
|-damage|p1a: Hydrapple|74/100 tox|[from] psn
|-damage|p2a: Clodsire|72/100|[from] Salt Cure
|upkeep
|turn|18
|
|t:|1758971893
|move|p1a: Hydrapple|Earth Power|p2a: Clodsire
|-supereffective|p2a: Clodsire
|-damage|p2a: Clodsire|16/100
|move|p2a: Clodsire|Recover|p2a: Clodsire
|-heal|p2a: Clodsire|66/100
|
|-heal|p2a: Clodsire|72/100|[from] item: Leftovers
|-damage|p1a: Hydrapple|55/100 tox|[from] psn
|-damage|p2a: Clodsire|60/100|[from] Salt Cure
|upkeep
|turn|19
|
|t:|1758971902
|move|p1a: Hydrapple|Fickle Beam|p2a: Clodsire
|-damage|p2a: Clodsire|29/100
|move|p2a: Clodsire|Recover|p2a: Clodsire
|-heal|p2a: Clodsire|79/100
|
|-heal|p2a: Clodsire|85/100|[from] item: Leftovers
|-damage|p1a: Hydrapple|30/100 tox|[from] psn
|-damage|p2a: Clodsire|72/100|[from] Salt Cure
|upkeep
|turn|20
|
|t:|1758971906
|switch|p1a: Garganacl|Garganacl, M|71/100
|switch|p2a: Corviknight|Corviknight, F|100/100
|-damage|p2a: Corviknight|88/100|[from] Stealth Rock
|-ability|p2a: Corviknight|Pressure
|
|-heal|p1a: Garganacl|77/100|[from] item: Leftovers
|upkeep
|turn|21
|
|t:|1758971909
|move|p2a: Corviknight|U-turn|p1a: Garganacl
|-damage|p1a: Garganacl|67/100
|
|t:|1758971911
|switch|p2a: Clodsire|Clodsire, M|72/100|[from] U-turn
|-damage|p2a: Clodsire|66/100|[from] Stealth Rock
|move|p1a: Garganacl|Salt Cure|p2a: Clodsire
|-resisted|p2a: Clodsire
|-damage|p2a: Clodsire|58/100
|-start|p2a: Clodsire|Salt Cure
|
|-heal|p1a: Garganacl|73/100|[from] item: Leftovers
|-heal|p2a: Clodsire|65/100|[from] item: Leftovers
|-damage|p2a: Clodsire|52/100|[from] Salt Cure
|upkeep
|turn|22
|
|t:|1758971916
|switch|p1a: Hydrapple|Hydrapple, F|63/100 tox
|move|p2a: Clodsire|Recover|p2a: Clodsire
|-heal|p2a: Clodsire|100/100
|
|-damage|p1a: Hydrapple|57/100 tox|[from] psn
|-damage|p2a: Clodsire|88/100|[from] Salt Cure
|upkeep
|turn|23
|
|t:|1758971920
|switch|p1a: Garganacl|Garganacl, M|73/100
|move|p2a: Clodsire|Gunk Shot|p1a: Garganacl
|-resisted|p1a: Garganacl
|-damage|p1a: Garganacl|63/100
|
|-heal|p1a: Garganacl|69/100|[from] item: Leftovers
|-heal|p2a: Clodsire|94/100|[from] item: Leftovers
|-damage|p2a: Clodsire|82/100|[from] Salt Cure
|upkeep
|turn|24
|
|t:|1758971926
|switch|p1a: Hydrapple|Hydrapple, F|90/100 tox
|move|p2a: Clodsire|Earthquake|p1a: Hydrapple
|-resisted|p1a: Hydrapple
|-damage|p1a: Hydrapple|83/100 tox
|
|-heal|p2a: Clodsire|88/100|[from] item: Leftovers
|-damage|p1a: Hydrapple|77/100 tox|[from] psn
|-damage|p2a: Clodsire|75/100|[from] Salt Cure
|upkeep
|turn|25
|
|t:|1758971936
|move|p1a: Hydrapple|Earth Power|p2a: Clodsire
|-supereffective|p2a: Clodsire
|-damage|p2a: Clodsire|51/100
|move|p2a: Clodsire|Earthquake|p1a: Hydrapple
|-resisted|p1a: Hydrapple
|-damage|p1a: Hydrapple|69/100 tox
|
|-heal|p2a: Clodsire|57/100|[from] item: Leftovers
|-damage|p1a: Hydrapple|57/100 tox|[from] psn
|-damage|p2a: Clodsire|45/100|[from] Salt Cure
|upkeep
|turn|26
|
|t:|1758971941
|switch|p1a: Great Tusk|Great Tusk|100/100
|move|p2a: Clodsire|Recover|p2a: Clodsire
|-heal|p2a: Clodsire|95/100
|
|-heal|p2a: Clodsire|100/100|[from] item: Leftovers
|-damage|p2a: Clodsire|88/100|[from] Salt Cure
|upkeep
|turn|27
|
|t:|1758971943
|switch|p2a: Corviknight|Corviknight, F|88/100
|-damage|p2a: Corviknight|75/100|[from] Stealth Rock
|-ability|p2a: Corviknight|Pressure
|move|p1a: Great Tusk|Knock Off|p2a: Corviknight
|-damage|p2a: Corviknight|59/100
|-damage|p1a: Great Tusk|84/100|[from] item: Rocky Helmet|[of] p2a: Corviknight
|-enditem|p2a: Corviknight|Rocky Helmet|[from] move: Knock Off|[of] p1a: Great Tusk
|
|upkeep
|turn|28
|
|t:|1758971951
|-end|p1a: Great Tusk|Protosynthesis|[silent]
|switch|p1a: Garganacl|Garganacl, M|69/100
|move|p2a: Corviknight|Defog|p1a: Garganacl
|-unboost|p1a: Garganacl|evasion|1
|-sideend|p2: Thibault56|Stealth Rock|[from] move: Defog|[of] p2a: Corviknight
|
|-heal|p1a: Garganacl|75/100|[from] item: Leftovers
|upkeep
|turn|29
|
|t:|1758971953
|move|p2a: Corviknight|U-turn|p1a: Garganacl
|-damage|p1a: Garganacl|65/100
|
|t:|1758971955
|switch|p2a: Clodsire|Clodsire, M|88/100|[from] U-turn
|move|p1a: Garganacl|Stealth Rock|p2a: Clodsire
|-sidestart|p2: Thibault56|move: Stealth Rock
|
|-heal|p1a: Garganacl|71/100|[from] item: Leftovers
|-heal|p2a: Clodsire|94/100|[from] item: Leftovers
|upkeep
|turn|30
|
|t:|1758971960
|move|p1a: Garganacl|Protect|p1a: Garganacl
|-singleturn|p1a: Garganacl|Protect
|move|p2a: Clodsire|Earthquake|p1a: Garganacl
|-activate|p1a: Garganacl|move: Protect
|
|-heal|p1a: Garganacl|77/100|[from] item: Leftovers
|-heal|p2a: Clodsire|100/100|[from] item: Leftovers
|upkeep
|turn|31
|
|t:|1758971971
|-terastallize|p1a: Garganacl|Flying
|move|p1a: Garganacl|Salt Cure|p2a: Clodsire
|-resisted|p2a: Clodsire
|-damage|p2a: Clodsire|93/100
|-start|p2a: Clodsire|Salt Cure
|move|p2a: Clodsire|Earthquake|p1a: Garganacl
|-immune|p1a: Garganacl
|
|-heal|p1a: Garganacl|84/100|[from] item: Leftovers
|-heal|p2a: Clodsire|99/100|[from] item: Leftovers
|-damage|p2a: Clodsire|86/100|[from] Salt Cure
|upkeep
|turn|32
|
|t:|1758971979
|move|p1a: Garganacl|Protect|p1a: Garganacl
|-singleturn|p1a: Garganacl|Protect
|move|p2a: Clodsire|Gunk Shot|p1a: Garganacl
|-activate|p1a: Garganacl|move: Protect
|
|-heal|p1a: Garganacl|90/100|[from] item: Leftovers
|-heal|p2a: Clodsire|93/100|[from] item: Leftovers
|-damage|p2a: Clodsire|80/100|[from] Salt Cure
|upkeep
|turn|33
|
|t:|1758971984
|move|p1a: Garganacl|Salt Cure|p2a: Clodsire
|-resisted|p2a: Clodsire
|-damage|p2a: Clodsire|73/100
|move|p2a: Clodsire|Gunk Shot|p1a: Garganacl
|-damage|p1a: Garganacl|69/100
|
|-heal|p1a: Garganacl|75/100|[from] item: Leftovers
|-heal|p2a: Clodsire|79/100|[from] item: Leftovers
|-damage|p2a: Clodsire|66/100|[from] Salt Cure
|upkeep
|turn|34
|
|t:|1758971992
|switch|p1a: Hydrapple|Hydrapple, F|90/100 tox
|move|p2a: Clodsire|Gunk Shot|p1a: Hydrapple
|-supereffective|p1a: Hydrapple
|-damage|p1a: Hydrapple|51/100 tox
|
|-heal|p2a: Clodsire|73/100|[from] item: Leftovers
|-damage|p1a: Hydrapple|44/100 tox|[from] psn
|-damage|p2a: Clodsire|60/100|[from] Salt Cure
|upkeep
|turn|35
|
|t:|1758972000
|switch|p1a: Garganacl|Garganacl, M, tera:Flying|75/100
|switch|p2a: Zapdos|Zapdos|49/100
|
|-heal|p1a: Garganacl|81/100|[from] item: Leftovers
|upkeep
|turn|36
|
|t:|1758972011
|switch|p1a: Raichu|Raichu, F|100/100
|move|p2a: Zapdos|Volt Switch|p1a: Raichu
|-ability|p1a: Raichu|Lightning Rod|boost
|-boost|p1a: Raichu|spa|1
|
|upkeep
|turn|37
|
|t:|1758972022
|switch|p1a: Tyranitar|Tyranitar, F|93/100
|-weather|Sandstorm|[from] ability: Sand Stream|[of] p1a: Tyranitar
|switch|p2a: Incineroar|Incineroar, M|100/100
|-ability|p2a: Incineroar|Intimidate|boost
|-unboost|p1a: Tyranitar|atk|1
|
|-weather|Sandstorm|[upkeep]
|-damage|p2a: Incineroar|94/100|[from] Sandstorm
|-heal|p1a: Tyranitar|99/100|[from] item: Leftovers
|upkeep
|turn|38
|
|t:|1758972029
|switch|p1a: Garganacl|Garganacl, M, tera:Flying|81/100
|move|p2a: Incineroar|Will-O-Wisp|p1a: Garganacl
|-immune|p1a: Garganacl|[from] ability: Purifying Salt
|
|-weather|Sandstorm|[upkeep]
|-damage|p2a: Incineroar|88/100|[from] Sandstorm
|-damage|p1a: Garganacl|75/100|[from] Sandstorm
|-heal|p1a: Garganacl|81/100|[from] item: Leftovers
|upkeep
|turn|39
|
|t:|1758972034
|move|p2a: Incineroar|Knock Off|p1a: Garganacl
|-damage|p1a: Garganacl|57/100
|-enditem|p1a: Garganacl|Leftovers|[from] move: Knock Off|[of] p2a: Incineroar
|move|p1a: Garganacl|Salt Cure|p2a: Incineroar
|-supereffective|p2a: Incineroar
|-damage|p2a: Incineroar|60/100
|-start|p2a: Incineroar|Salt Cure
|
|-weather|Sandstorm|[upkeep]
|-damage|p2a: Incineroar|54/100|[from] Sandstorm
|-damage|p1a: Garganacl|51/100|[from] Sandstorm
|-damage|p2a: Incineroar|42/100|[from] Salt Cure
|upkeep
|turn|40
|
|t:|1758972039
|move|p2a: Incineroar|Parting Shot|p1a: Garganacl
|-unboost|p1a: Garganacl|atk|1
|-unboost|p1a: Garganacl|spa|1
|
|t:|1758972045
|switch|p2a: Clodsire|Clodsire, M|60/100|[from] Parting Shot
|-damage|p2a: Clodsire|54/100|[from] Stealth Rock
|move|p1a: Garganacl|Recover|p1a: Garganacl
|-heal|p1a: Garganacl|100/100
|
|-weather|Sandstorm|[upkeep]
|-damage|p1a: Garganacl|94/100|[from] Sandstorm
|-heal|p2a: Clodsire|60/100|[from] item: Leftovers
|upkeep
|turn|41
|
|t:|1758972051
|move|p1a: Garganacl|Salt Cure|p2a: Clodsire
|-resisted|p2a: Clodsire
|-damage|p2a: Clodsire|55/100
|-start|p2a: Clodsire|Salt Cure
|move|p2a: Clodsire|Recover|p2a: Clodsire
|-heal|p2a: Clodsire|100/100
|
|-weather|none
|-damage|p2a: Clodsire|88/100|[from] Salt Cure
|upkeep
|turn|42
|
|t:|1758972058
|move|p1a: Garganacl|Protect|p1a: Garganacl
|-singleturn|p1a: Garganacl|Protect
|move|p2a: Clodsire|Gunk Shot|p1a: Garganacl
|-activate|p1a: Garganacl|move: Protect
|
|-heal|p2a: Clodsire|94/100|[from] item: Leftovers
|-damage|p2a: Clodsire|82/100|[from] Salt Cure
|upkeep
|turn|43
|
|t:|1758972061
|switch|p1a: Hydrapple|Hydrapple, F|78/100 tox
|move|p2a: Clodsire|Gunk Shot|p1a: Hydrapple
|-supereffective|p1a: Hydrapple
|-damage|p1a: Hydrapple|40/100 tox
|
|-heal|p2a: Clodsire|88/100|[from] item: Leftovers
|-damage|p1a: Hydrapple|33/100 tox|[from] psn
|-damage|p2a: Clodsire|75/100|[from] Salt Cure
|upkeep
|turn|44
|
|t:|1758972067
|switch|p1a: Garganacl|Garganacl, M, tera:Flying|94/100
|switch|p2a: Pelipper|Pelipper, F|100/100
|-damage|p2a: Pelipper|75/100|[from] Stealth Rock
|-weather|RainDance|[from] ability: Drizzle|[of] p2a: Pelipper
|
|-weather|RainDance|[upkeep]
|upkeep
|turn|45
|
|t:|1758972071
|move|p2a: Pelipper|U-turn|p1a: Garganacl
|-resisted|p1a: Garganacl
|-damage|p1a: Garganacl|91/100
|
|t:|1758972075
|switch|p2a: Clodsire|Clodsire, M|75/100|[from] U-turn
|-damage|p2a: Clodsire|69/100|[from] Stealth Rock
|move|p1a: Garganacl|Salt Cure|p2a: Clodsire
|-resisted|p2a: Clodsire
|-damage|p2a: Clodsire|61/100
|-start|p2a: Clodsire|Salt Cure
|
|-weather|RainDance|[upkeep]
|-heal|p2a: Clodsire|68/100|[from] item: Leftovers
|-damage|p2a: Clodsire|55/100|[from] Salt Cure
|upkeep
|turn|46
|
|t:|1758972081
|switch|p1a: Tyranitar|Tyranitar, F|99/100
|-weather|Sandstorm|[from] ability: Sand Stream|[of] p1a: Tyranitar
|switch|p2a: Zapdos|Zapdos|49/100
|
|-weather|Sandstorm|[upkeep]
|-damage|p2a: Zapdos|43/100|[from] Sandstorm
|-heal|p1a: Tyranitar|100/100|[from] item: Leftovers
|upkeep
|turn|47
|
|t:|1758972084
|move|p2a: Zapdos|Volt Switch|p1a: Tyranitar
|-damage|p1a: Tyranitar|87/100
|
|t:|1758972088
|switch|p2a: Incineroar|Incineroar, M|42/100|[from] Volt Switch
|-ability|p2a: Incineroar|Intimidate|boost
|-unboost|p1a: Tyranitar|atk|1
|move|p1a: Tyranitar|Knock Off|p2a: Incineroar
|-resisted|p2a: Incineroar
|-damage|p2a: Incineroar|29/100
|-enditem|p2a: Incineroar|Heavy-Duty Boots|[from] move: Knock Off|[of] p1a: Tyranitar
|
|-weather|Sandstorm|[upkeep]
|-damage|p2a: Incineroar|23/100|[from] Sandstorm
|-heal|p1a: Tyranitar|93/100|[from] item: Leftovers
|upkeep
|turn|48
|
|t:|1758972098
|switch|p1a: Hydrapple|Hydrapple, F|67/100 tox
|move|p2a: Incineroar|Drain Punch|p1a: Hydrapple
|-damage|p1a: Hydrapple|56/100 tox
|-heal|p2a: Incineroar|28/100|[from] drain|[of] p1a: Hydrapple
|
|-weather|Sandstorm|[upkeep]
|-damage|p2a: Incineroar|22/100|[from] Sandstorm
|-damage|p1a: Hydrapple|49/100 tox|[from] Sandstorm
|-damage|p1a: Hydrapple|43/100 tox|[from] psn
|upkeep
|turn|49
|
|t:|1758972101
|switch|p1a: Garganacl|Garganacl, M, tera:Flying|91/100
|move|p2a: Incineroar|Knock Off|p1a: Garganacl
|-damage|p1a: Garganacl|75/100
|
|-weather|Sandstorm|[upkeep]
|-damage|p2a: Incineroar|16/100|[from] Sandstorm
|-damage|p1a: Garganacl|69/100|[from] Sandstorm
|upkeep
|turn|50
|
|t:|1758972107
|move|p2a: Incineroar|Parting Shot|p1a: Garganacl
|-unboost|p1a: Garganacl|atk|1
|-unboost|p1a: Garganacl|spa|1
|
|t:|1758972110
|switch|p2a: Clodsire|Clodsire, M|55/100|[from] Parting Shot
|-damage|p2a: Clodsire|49/100|[from] Stealth Rock
|move|p1a: Garganacl|Salt Cure|p2a: Clodsire
|-resisted|p2a: Clodsire
|-damage|p2a: Clodsire|44/100
|-start|p2a: Clodsire|Salt Cure
|
|-weather|none
|-heal|p2a: Clodsire|50/100|[from] item: Leftovers
|-damage|p2a: Clodsire|38/100|[from] Salt Cure
|upkeep
|turn|51
|
|t:|1758972119
|switch|p1a: Great Tusk|Great Tusk|84/100
|move|p2a: Clodsire|Recover|p2a: Clodsire
|-heal|p2a: Clodsire|88/100
|
|-heal|p2a: Clodsire|94/100|[from] item: Leftovers
|-damage|p2a: Clodsire|81/100|[from] Salt Cure
|upkeep
|turn|52
|
|t:|1758972123
|-end|p1a: Great Tusk|Protosynthesis|[silent]
|switch|p1a: Garganacl|Garganacl, M, tera:Flying|69/100
|switch|p2a: Incineroar|Incineroar, M|16/100
|-damage|p2a: Incineroar|0 fnt|[from] Stealth Rock
|faint|p2a: Incineroar
|
|upkeep
|
|t:|1758972128
|switch|p2a: Zapdos|Zapdos|43/100
|turn|53
|
|t:|1758972135
|switch|p1a: Alomomola|Alomomola, M|100/100
|move|p2a: Zapdos|Hurricane|p1a: Alomomola
|-damage|p1a: Alomomola|74/100
|-start|p1a: Alomomola|confusion
|
|upkeep
|turn|54
|
|t:|1758972143
|move|p2a: Zapdos|Thunder|p1a: Alomomola
|-supereffective|p1a: Alomomola
|-crit|p1a: Alomomola
|-damage|p1a: Alomomola|0 fnt
|faint|p1a: Alomomola
|
|upkeep
|
|t:|1758972146
|switch|p1a: Tyranitar|Tyranitar, F|93/100
|-weather|Sandstorm|[from] ability: Sand Stream|[of] p1a: Tyranitar
|turn|55
|
|t:|1758972156
|move|p2a: Zapdos|Volt Switch|p1a: Tyranitar
|-damage|p1a: Tyranitar|79/100
|
|t:|1758972160
|switch|p2a: Corviknight|Corviknight, F|59/100|[from] Volt Switch
|-damage|p2a: Corviknight|47/100|[from] Stealth Rock
|-ability|p2a: Corviknight|Pressure
|move|p1a: Tyranitar|Knock Off|p2a: Corviknight
|-damage|p2a: Corviknight|31/100
|
|-weather|Sandstorm|[upkeep]
|-heal|p1a: Tyranitar|85/100|[from] item: Leftovers
|upkeep
|turn|56
|
|t:|1758972175
|switch|p1a: Garganacl|Garganacl, M, tera:Flying|69/100
|move|p2a: Corviknight|Roost|p2a: Corviknight
|-heal|p2a: Corviknight|81/100
|-singleturn|p2a: Corviknight|move: Roost
|
|-weather|Sandstorm|[upkeep]
|-damage|p1a: Garganacl|63/100|[from] Sandstorm
|upkeep
|turn|57
|
|t:|1758972179
|move|p2a: Corviknight|Defog|p1a: Garganacl
|-unboost|p1a: Garganacl|evasion|1
|-sideend|p2: Thibault56|Stealth Rock|[from] move: Defog|[of] p2a: Corviknight
|move|p1a: Garganacl|Salt Cure|p2a: Corviknight
|-damage|p2a: Corviknight|72/100
|-start|p2a: Corviknight|Salt Cure
|
|-weather|Sandstorm|[upkeep]
|-damage|p1a: Garganacl|56/100|[from] Sandstorm
|-damage|p2a: Corviknight|47/100|[from] Salt Cure
|upkeep
|turn|58
|
|t:|1758972184
|switch|p2a: Zapdos|Zapdos|43/100
|move|p1a: Garganacl|Stealth Rock|p2a: Zapdos
|-sidestart|p2: Thibault56|move: Stealth Rock
|
|-weather|Sandstorm|[upkeep]
|-damage|p2a: Zapdos|37/100|[from] Sandstorm
|-damage|p1a: Garganacl|50/100|[from] Sandstorm
|upkeep
|turn|59
|
|t:|1758972192
|switch|p1a: Raichu|Raichu, F|100/100
|move|p2a: Zapdos|Roost|p2a: Zapdos
|-heal|p2a: Zapdos|87/100
|-singleturn|p2a: Zapdos|move: Roost
|
|-weather|none
|upkeep
|turn|60
|
|t:|1758972199
|switch|p1a: Tyranitar|Tyranitar, F|85/100
|-weather|Sandstorm|[from] ability: Sand Stream|[of] p1a: Tyranitar
|move|p2a: Zapdos|Hurricane|p1a: Tyranitar
|-resisted|p1a: Tyranitar
|-damage|p1a: Tyranitar|75/100
|
|-weather|Sandstorm|[upkeep]
|-damage|p2a: Zapdos|81/100|[from] Sandstorm
|-heal|p1a: Tyranitar|81/100|[from] item: Leftovers
|upkeep
|turn|61
|
|t:|1758972217
|move|p2a: Zapdos|Volt Switch|p1a: Tyranitar
|-damage|p1a: Tyranitar|66/100
|
|t:|1758972220
|switch|p2a: Corviknight|Corviknight, F|47/100|[from] Volt Switch
|-damage|p2a: Corviknight|34/100|[from] Stealth Rock
|-ability|p2a: Corviknight|Pressure
|move|p1a: Tyranitar|Knock Off|p2a: Corviknight
|-damage|p2a: Corviknight|18/100
|
|-weather|Sandstorm|[upkeep]
|-heal|p1a: Tyranitar|72/100|[from] item: Leftovers
|upkeep
|turn|62
|
|t:|1758972235
|switch|p1a: Garganacl|Garganacl, M, tera:Flying|50/100
|move|p2a: Corviknight|Roost|p2a: Corviknight
|-heal|p2a: Corviknight|68/100
|-singleturn|p2a: Corviknight|move: Roost
|
|-weather|Sandstorm|[upkeep]
|-damage|p1a: Garganacl|44/100|[from] Sandstorm
|upkeep
|turn|63
|
|t:|1758972238
|move|p2a: Corviknight|Defog|p1a: Garganacl
|-unboost|p1a: Garganacl|evasion|1
|-sideend|p2: Thibault56|Stealth Rock|[from] move: Defog|[of] p2a: Corviknight
|move|p1a: Garganacl|Recover|p1a: Garganacl
|-heal|p1a: Garganacl|94/100
|
|-weather|Sandstorm|[upkeep]
|-damage|p1a: Garganacl|88/100|[from] Sandstorm
|upkeep
|turn|64
|inactive|Thibault56 has 120 seconds left.
|
|t:|1758972270
|move|p2a: Corviknight|Defog|p1a: Garganacl
|-unboost|p1a: Garganacl|evasion|1
|move|p1a: Garganacl|Stealth Rock|p2a: Corviknight
|-sidestart|p2: Thibault56|move: Stealth Rock
|
|-weather|none
|upkeep
|turn|65
|
|t:|1758972286
|switch|p1a: Raichu|Raichu, F|100/100
|move|p2a: Corviknight|Defog|p1a: Raichu
|-unboost|p1a: Raichu|evasion|1
|-sideend|p2: Thibault56|Stealth Rock|[from] move: Defog|[of] p2a: Corviknight
|
|upkeep
|turn|66
|
|t:|1758972298
|switch|p1a: Great Tusk|Great Tusk|84/100
|switch|p2a: Clodsire|Clodsire, M|81/100
|
|-heal|p2a: Clodsire|88/100|[from] item: Leftovers
|upkeep
|turn|67
|
|t:|1758972307
|-end|p1a: Great Tusk|Protosynthesis|[silent]
|switch|p1a: Garganacl|Garganacl, M, tera:Flying|88/100
|switch|p2a: Corviknight|Corviknight, F|68/100
|-ability|p2a: Corviknight|Pressure
|
|upkeep
|turn|68
|
|t:|1758972315
|move|p2a: Corviknight|Defog|p1a: Garganacl
|-unboost|p1a: Garganacl|evasion|1
|move|p1a: Garganacl|Stealth Rock|p2a: Corviknight
|-sidestart|p2: Thibault56|move: Stealth Rock
|
|upkeep
|turn|69
|
|t:|1758972318
|move|p1a: Garganacl|Protect|p1a: Garganacl
|-singleturn|p1a: Garganacl|Protect
|move|p2a: Corviknight|Defog|p1a: Garganacl
|-activate|p1a: Garganacl|move: Protect
|
|upkeep
|turn|70
|
|t:|1758972321
|switch|p1a: Tyranitar|Tyranitar, F|72/100
|-weather|Sandstorm|[from] ability: Sand Stream|[of] p1a: Tyranitar
|move|p2a: Corviknight|Defog|p1a: Tyranitar
|-unboost|p1a: Tyranitar|evasion|1
|-sideend|p2: Thibault56|Stealth Rock|[from] move: Defog|[of] p2a: Corviknight
|
|-weather|Sandstorm|[upkeep]
|-heal|p1a: Tyranitar|78/100|[from] item: Leftovers
|upkeep
|turn|71
|
|t:|1758972325
|move|p2a: Corviknight|U-turn|p1a: Tyranitar
|-supereffective|p1a: Tyranitar
|-damage|p1a: Tyranitar|58/100
|
|t:|1758972334
|switch|p2a: Pelipper|Pelipper, F|75/100|[from] U-turn
|-weather|RainDance|[from] ability: Drizzle|[of] p2a: Pelipper
|move|p1a: Tyranitar|Stealth Rock|p2a: Pelipper
|-sidestart|p2: Thibault56|move: Stealth Rock
|
|-weather|RainDance|[upkeep]
|-heal|p1a: Tyranitar|64/100|[from] item: Leftovers
|upkeep
|turn|72
|
|t:|1758972342
|switch|p1a: Garganacl|Garganacl, M, tera:Flying|88/100
|move|p2a: Pelipper|Weather Ball|p1a: Garganacl
|-crit|p1a: Garganacl
|-damage|p1a: Garganacl|23/100
|
|-weather|RainDance|[upkeep]
|upkeep
|turn|73
|
|t:|1758972349
|switch|p1a: Tyranitar|Tyranitar, F|64/100
|-weather|Sandstorm|[from] ability: Sand Stream|[of] p1a: Tyranitar
|move|p2a: Pelipper|Weather Ball|p1a: Tyranitar
|-damage|p1a: Tyranitar|50/100
|
|-weather|Sandstorm|[upkeep]
|-damage|p2a: Pelipper|69/100|[from] Sandstorm
|-heal|p1a: Tyranitar|56/100|[from] item: Leftovers
|upkeep
|turn|74
|
|t:|1758972357
|switch|p2a: Corviknight|Corviknight, F|68/100
|-damage|p2a: Corviknight|55/100|[from] Stealth Rock
|-ability|p2a: Corviknight|Pressure
|move|p1a: Tyranitar|Rock Blast|p2a: Corviknight
|-damage|p2a: Corviknight|49/100
|-damage|p2a: Corviknight|41/100
|-damage|p2a: Corviknight|35/100
|-damage|p2a: Corviknight|28/100
|-damage|p2a: Corviknight|22/100
|-hitcount|p2a: Corviknight|5
|
|-weather|Sandstorm|[upkeep]
|-heal|p1a: Tyranitar|63/100|[from] item: Leftovers
|upkeep
|turn|75
|
|t:|1758972364
|switch|p1a: Great Tusk|Great Tusk|84/100
|move|p2a: Corviknight|Roost|p2a: Corviknight
|-heal|p2a: Corviknight|72/100
|-singleturn|p2a: Corviknight|move: Roost
|
|-weather|Sandstorm|[upkeep]
|upkeep
|turn|76
|
|t:|1758972367
|move|p1a: Great Tusk|Bulk Up|p1a: Great Tusk
|-boost|p1a: Great Tusk|atk|1
|-boost|p1a: Great Tusk|def|1
|move|p2a: Corviknight|Defog|p1a: Great Tusk
|-unboost|p1a: Great Tusk|evasion|1
|-sideend|p2: Thibault56|Stealth Rock|[from] move: Defog|[of] p2a: Corviknight
|
|-weather|Sandstorm|[upkeep]
|upkeep
|turn|77
|
|t:|1758972370
|move|p1a: Great Tusk|Knock Off|p2a: Corviknight
|-damage|p2a: Corviknight|53/100
|move|p2a: Corviknight|U-turn|p1a: Great Tusk
|-resisted|p1a: Great Tusk
|-damage|p1a: Great Tusk|81/100
|
|t:|1758972373
|switch|p2a: Pelipper|Pelipper, F|69/100|[from] U-turn
|-weather|RainDance|[from] ability: Drizzle|[of] p2a: Pelipper
|
|-weather|RainDance|[upkeep]
|upkeep
|turn|78
|
|t:|1758972377
|-end|p1a: Great Tusk|Protosynthesis|[silent]
|switch|p1a: Tyranitar|Tyranitar, F|63/100
|-weather|Sandstorm|[from] ability: Sand Stream|[of] p1a: Tyranitar
|move|p2a: Pelipper|Weather Ball|p1a: Tyranitar
|-damage|p1a: Tyranitar|51/100
|
|-weather|Sandstorm|[upkeep]
|-damage|p2a: Pelipper|63/100|[from] Sandstorm
|-heal|p1a: Tyranitar|57/100|[from] item: Leftovers
|upkeep
|turn|79
|
|t:|1758972381
|switch|p2a: Corviknight|Corviknight, F|53/100
|-ability|p2a: Corviknight|Pressure
|move|p1a: Tyranitar|Stealth Rock|p2a: Corviknight
|-sidestart|p2: Thibault56|move: Stealth Rock
|
|-weather|Sandstorm|[upkeep]
|-heal|p1a: Tyranitar|63/100|[from] item: Leftovers
|upkeep
|turn|80
|
|t:|1758972389
|move|p2a: Corviknight|Defog|p1a: Tyranitar
|-unboost|p1a: Tyranitar|evasion|1
|-sideend|p2: Thibault56|Stealth Rock|[from] move: Defog|[of] p2a: Corviknight
|move|p1a: Tyranitar|Ice Beam|p2a: Corviknight
|-damage|p2a: Corviknight|33/100
|
|-weather|Sandstorm|[upkeep]
|-heal|p1a: Tyranitar|69/100|[from] item: Leftovers
|upkeep
|turn|81
|
|t:|1758972394
|move|p2a: Corviknight|Roost|p2a: Corviknight
|-heal|p2a: Corviknight|83/100
|-singleturn|p2a: Corviknight|move: Roost
|move|p1a: Tyranitar|Stealth Rock|p2a: Corviknight
|-sidestart|p2: Thibault56|move: Stealth Rock
|
|-weather|Sandstorm|[upkeep]
|-heal|p1a: Tyranitar|75/100|[from] item: Leftovers
|upkeep
|turn|82
|
|t:|1758972399
|move|p2a: Corviknight|Defog|p1a: Tyranitar
|-unboost|p1a: Tyranitar|evasion|1
|-sideend|p2: Thibault56|Stealth Rock|[from] move: Defog|[of] p2a: Corviknight
|move|p1a: Tyranitar|Ice Beam|p2a: Corviknight
|-damage|p2a: Corviknight|65/100
|
|-weather|none
|-heal|p1a: Tyranitar|82/100|[from] item: Leftovers
|upkeep
|turn|83
|
|t:|1758972404
|move|p2a: Corviknight|Body Press|p1a: Tyranitar
|-supereffective|p1a: Tyranitar
|-damage|p1a: Tyranitar|2/100
|move|p1a: Tyranitar|Knock Off|p2a: Corviknight
|-damage|p2a: Corviknight|48/100
|
|-heal|p1a: Tyranitar|9/100|[from] item: Leftovers
|upkeep
|turn|84
|
|t:|1758972412
|switch|p1a: Garganacl|Garganacl, M, tera:Flying|23/100
|move|p2a: Corviknight|U-turn|p1a: Garganacl
|-resisted|p1a: Garganacl
|-damage|p1a: Garganacl|18/100
|
|t:|1758972421
|switch|p2a: Barraskewda|Barraskewda, M, tera:Water|100/100|[from] U-turn
|
|upkeep
|turn|85
|
|t:|1758972425
|switch|p1a: Hydrapple|Hydrapple, F|76/100 tox
|move|p2a: Barraskewda|Flip Turn|p1a: Hydrapple
|-resisted|p1a: Hydrapple
|-damage|p1a: Hydrapple|68/100 tox
|
|t:|1758972428
|switch|p2a: Pelipper|Pelipper, F|63/100|[from] Flip Turn
|-weather|RainDance|[from] ability: Drizzle|[of] p2a: Pelipper
|
|-weather|RainDance|[upkeep]
|-damage|p1a: Hydrapple|61/100 tox|[from] psn
|upkeep
|turn|86
|
|t:|1758972440
|switch|p1a: Raichu|Raichu, F|100/100
|move|p2a: Pelipper|Hurricane|p1a: Raichu
|-resisted|p1a: Raichu
|-damage|p1a: Raichu|63/100
|
|-weather|RainDance|[upkeep]
|upkeep
|turn|87
|
|t:|1758972447
|switch|p2a: Clodsire|Clodsire, M|88/100
|move|p1a: Raichu|Thunderbolt|p2a: Clodsire
|-immune|p2a: Clodsire
|
|-weather|RainDance|[upkeep]
|-heal|p2a: Clodsire|94/100|[from] item: Leftovers
|upkeep
|turn|88
|
|t:|1758972456
|switch|p1a: Hydrapple|Hydrapple, F|94/100 tox
|switch|p2a: Barraskewda|Barraskewda, M, tera:Water|100/100
|
|-weather|RainDance|[upkeep]
|-damage|p1a: Hydrapple|88/100 tox|[from] psn
|upkeep
|turn|89
|
|t:|1758972463
|move|p2a: Barraskewda|Flip Turn|p1a: Hydrapple
|-resisted|p1a: Hydrapple
|-damage|p1a: Hydrapple|74/100 tox
|
|t:|1758972466
|switch|p2a: Corviknight|Corviknight, F|48/100|[from] Flip Turn
|-ability|p2a: Corviknight|Pressure
|move|p1a: Hydrapple|Earth Power|p2a: Corviknight
|-immune|p2a: Corviknight
|
|-weather|RainDance|[upkeep]
|-damage|p1a: Hydrapple|61/100 tox|[from] psn
|upkeep
|turn|90
|
|t:|1758972472
|move|p2a: Corviknight|Roost|p2a: Corviknight
|-heal|p2a: Corviknight|98/100
|-singleturn|p2a: Corviknight|move: Roost
|move|p1a: Hydrapple|Earth Power|p2a: Corviknight
|-supereffective|p2a: Corviknight
|-damage|p2a: Corviknight|49/100
|
|-weather|RainDance|[upkeep]
|-damage|p1a: Hydrapple|43/100 tox|[from] psn
|upkeep
|turn|91
|
|t:|1758972481
|switch|p1a: Great Tusk|Great Tusk|81/100
|move|p2a: Corviknight|Roost|p2a: Corviknight
|-heal|p2a: Corviknight|99/100
|-singleturn|p2a: Corviknight|move: Roost
|
|-weather|RainDance|[upkeep]
|upkeep
|turn|92
|
|t:|1758972488
|move|p1a: Great Tusk|Bulk Up|p1a: Great Tusk
|-boost|p1a: Great Tusk|atk|1
|-boost|p1a: Great Tusk|def|1
|move|p2a: Corviknight|Defog|p1a: Great Tusk
|-unboost|p1a: Great Tusk|evasion|1
|
|-weather|none
|upkeep
|turn|93
|
|t:|1758972494
|move|p1a: Great Tusk|Rapid Spin|p2a: Corviknight
|-resisted|p2a: Corviknight
|-damage|p2a: Corviknight|93/100
|-boost|p1a: Great Tusk|spe|1
|move|p2a: Corviknight|U-turn|p1a: Great Tusk
|-resisted|p1a: Great Tusk
|-damage|p1a: Great Tusk|78/100
|
|t:|1758972497
|switch|p2a: Pelipper|Pelipper, F|63/100|[from] U-turn
|-weather|RainDance|[from] ability: Drizzle|[of] p2a: Pelipper
|
|-weather|RainDance|[upkeep]
|upkeep
|turn|94
|
|t:|1758972501
|move|p1a: Great Tusk|Knock Off|p2a: Pelipper
|-damage|p2a: Pelipper|21/100
|-enditem|p2a: Pelipper|Damp Rock|[from] move: Knock Off|[of] p1a: Great Tusk
|move|p2a: Pelipper|Hurricane|p1a: Great Tusk
|-supereffective|p1a: Great Tusk
|-damage|p1a: Great Tusk|0 fnt
|faint|p1a: Great Tusk
|-end|p1a: Great Tusk|Protosynthesis|[silent]
|
|-weather|RainDance|[upkeep]
|upkeep
|
|t:|1758972515
|switch|p1a: Raichu|Raichu, F|63/100
|turn|95
|
|t:|1758972520
|switch|p1a: Garganacl|Garganacl, M, tera:Flying|18/100
|switch|p2a: Clodsire|Clodsire, M|94/100
|
|-weather|RainDance|[upkeep]
|-heal|p2a: Clodsire|99/100|[from] item: Leftovers
|upkeep
|turn|96
|
|t:|1758972523
|switch|p2a: Barraskewda|Barraskewda, M, tera:Water|100/100
|move|p1a: Garganacl|Recover|p1a: Garganacl
|-heal|p1a: Garganacl|68/100
|
|-weather|RainDance|[upkeep]
|upkeep
|turn|97
|
|t:|1758972531
|move|p1a: Garganacl|Protect|p1a: Garganacl
|-singleturn|p1a: Garganacl|Protect
|move|p2a: Barraskewda|Liquidation|p1a: Garganacl
|-activate|p1a: Garganacl|move: Protect
|
|-weather|RainDance|[upkeep]
|upkeep
|turn|98
|
|t:|1758972550
|switch|p1a: Hydrapple|Hydrapple, F|76/100 tox
|move|p2a: Barraskewda|Liquidation|p1a: Hydrapple
|-resisted|p1a: Hydrapple
|-damage|p1a: Hydrapple|57/100 tox
|
|-weather|RainDance|[upkeep]
|-damage|p1a: Hydrapple|51/100 tox|[from] psn
|upkeep
|turn|99
|
|t:|1758972557
|switch|p2a: Corviknight|Corviknight, F|93/100
|-ability|p2a: Corviknight|Pressure
|switch|p1a: Tyranitar|Tyranitar, F|9/100
|-weather|Sandstorm|[from] ability: Sand Stream|[of] p1a: Tyranitar
|
|-weather|Sandstorm|[upkeep]
|-heal|p1a: Tyranitar|15/100|[from] item: Leftovers
|upkeep
|turn|100
|
|t:|1758972564
|switch|p1a: Hydrapple|Hydrapple, F|84/100 tox
|move|p2a: Corviknight|U-turn|p1a: Hydrapple
|-supereffective|p1a: Hydrapple
|-damage|p1a: Hydrapple|69/100 tox
|
|t:|1758972566
|switch|p2a: Pelipper|Pelipper, F|21/100|[from] U-turn
|-weather|RainDance|[from] ability: Drizzle|[of] p2a: Pelipper
|
|-weather|RainDance|[upkeep]
|-damage|p1a: Hydrapple|62/100 tox|[from] psn
|upkeep
|turn|101
|
|t:|1758972576
|switch|p1a: Raichu|Raichu, F|63/100
|move|p2a: Pelipper|U-turn|p1a: Raichu
|-damage|p1a: Raichu|46/100
|
|t:|1758972582
|switch|p2a: Barraskewda|Barraskewda, M, tera:Water|100/100|[from] U-turn
|
|-weather|RainDance|[upkeep]
|upkeep
|turn|102
|
|t:|1758972598
|switch|p1a: Hydrapple|Hydrapple, F|95/100 tox
|move|p2a: Barraskewda|Close Combat|p1a: Hydrapple
|-damage|p1a: Hydrapple|60/100 tox
|-unboost|p2a: Barraskewda|def|1
|-unboost|p2a: Barraskewda|spd|1
|
|-weather|RainDance|[upkeep]
|-damage|p1a: Hydrapple|54/100 tox|[from] psn
|upkeep
|turn|103
|
|t:|1758972608
|switch|p2a: Corviknight|Corviknight, F|93/100
|-ability|p2a: Corviknight|Pressure
|switch|p1a: Garganacl|Garganacl, M, tera:Flying|68/100
|
|-weather|RainDance|[upkeep]
|upkeep
|turn|104
|inactive|ibuilthtihs has 120 seconds left.
|
|t:|1758972630
|move|p2a: Corviknight|U-turn|p1a: Garganacl
|-resisted|p1a: Garganacl
|-damage|p1a: Garganacl|63/100
|
|t:|1758972633
|switch|p2a: Clodsire|Clodsire, M|99/100|[from] U-turn
|move|p1a: Garganacl|Stealth Rock|p2a: Clodsire
|-sidestart|p2: Thibault56|move: Stealth Rock
|
|-weather|none
|-heal|p2a: Clodsire|100/100|[from] item: Leftovers
|upkeep
|turn|105
|inactive|ibuilthtihs has 120 seconds left.
|
|t:|1758972649
|switch|p2a: Corviknight|Corviknight, F|93/100
|-damage|p2a: Corviknight|80/100|[from] Stealth Rock
|-ability|p2a: Corviknight|Pressure
|move|p1a: Garganacl|Salt Cure|p2a: Corviknight
|-damage|p2a: Corviknight|71/100
|-start|p2a: Corviknight|Salt Cure
|
|-damage|p2a: Corviknight|46/100|[from] Salt Cure
|upkeep
|turn|106
|
|t:|1758972659
|move|p2a: Corviknight|Defog|p1a: Garganacl
|-unboost|p1a: Garganacl|evasion|1
|-sideend|p2: Thibault56|Stealth Rock|[from] move: Defog|[of] p2a: Corviknight
|move|p1a: Garganacl|Stealth Rock|p2a: Corviknight
|-sidestart|p2: Thibault56|move: Stealth Rock
|
|-damage|p2a: Corviknight|21/100|[from] Salt Cure
|upkeep
|turn|107
|
|t:|1758972669
|move|p2a: Corviknight|Roost|p2a: Corviknight
|-heal|p2a: Corviknight|71/100
|-singleturn|p2a: Corviknight|move: Roost
|move|p1a: Garganacl|Salt Cure|p2a: Corviknight
|-resisted|p2a: Corviknight
|-damage|p2a: Corviknight|67/100
|
|-damage|p2a: Corviknight|42/100|[from] Salt Cure
|upkeep
|turn|108
|
|t:|1758972674
|move|p2a: Corviknight|Defog|p1a: Garganacl
|-unboost|p1a: Garganacl|evasion|1
|-sideend|p2: Thibault56|Stealth Rock|[from] move: Defog|[of] p2a: Corviknight
|move|p1a: Garganacl|Stealth Rock|p2a: Corviknight
|-sidestart|p2: Thibault56|move: Stealth Rock
|
|-damage|p2a: Corviknight|17/100|[from] Salt Cure
|upkeep
|turn|109
|
|t:|1758972680
|move|p2a: Corviknight|Roost|p2a: Corviknight
|-heal|p2a: Corviknight|67/100
|-singleturn|p2a: Corviknight|move: Roost
|move|p1a: Garganacl|Stealth Rock||[still]
|-fail|p1a: Garganacl
|
|-damage|p2a: Corviknight|42/100|[from] Salt Cure
|upkeep
|turn|110
|
|t:|1758972686
|move|p2a: Corviknight|U-turn|p1a: Garganacl
|-resisted|p1a: Garganacl
|-damage|p1a: Garganacl|58/100
|
|t:|1758972687
|switch|p2a: Zapdos|Zapdos|81/100|[from] U-turn
|move|p1a: Garganacl|Stealth Rock||[still]
|-fail|p1a: Garganacl
|
|upkeep
|turn|111
|inactive|ibuilthtihs has 120 seconds left.
|
|t:|1758972697
|switch|p1a: Tyranitar|Tyranitar, F|15/100
|-weather|Sandstorm|[from] ability: Sand Stream|[of] p1a: Tyranitar
|move|p2a: Zapdos|Hurricane|p1a: Tyranitar
|-resisted|p1a: Tyranitar
|-damage|p1a: Tyranitar|2/100
|
|-weather|Sandstorm|[upkeep]
|-damage|p2a: Zapdos|74/100|[from] Sandstorm
|-heal|p1a: Tyranitar|9/100|[from] item: Leftovers
|upkeep
|turn|112
|
|t:|1758972710
|switch|p1a: Raichu|Raichu, F|46/100
|move|p2a: Zapdos|Hurricane|p1a: Raichu|[miss]
|-miss|p2a: Zapdos|p1a: Raichu
|
|-weather|Sandstorm|[upkeep]
|-damage|p1a: Raichu|40/100|[from] Sandstorm
|-damage|p2a: Zapdos|68/100|[from] Sandstorm
|upkeep
|turn|113
|inactive|ibuilthtihs has 120 seconds left.
|
|t:|1758972724
|move|p1a: Raichu|Thunderbolt|p2a: Zapdos
|-crit|p2a: Zapdos
|-damage|p2a: Zapdos|10/100
|move|p2a: Zapdos|Hurricane|p1a: Raichu
|-resisted|p1a: Raichu
|-damage|p1a: Raichu|0 fnt
|faint|p1a: Raichu
|
|-weather|Sandstorm|[upkeep]
|-damage|p2a: Zapdos|4/100|[from] Sandstorm
|upkeep
|inactive|ibuilthtihs has 120 seconds left.
|
|t:|1758972731
|switch|p1a: Garganacl|Garganacl, M, tera:Flying|58/100
|turn|114
|
|t:|1758972743
|move|p2a: Zapdos|Roost|p2a: Zapdos
|-heal|p2a: Zapdos|54/100
|-singleturn|p2a: Zapdos|move: Roost
|move|p1a: Garganacl|Recover|p1a: Garganacl
|-heal|p1a: Garganacl|100/100
|
|-weather|Sandstorm|[upkeep]
|-damage|p2a: Zapdos|48/100|[from] Sandstorm
|-damage|p1a: Garganacl|94/100|[from] Sandstorm
|upkeep
|turn|115
|inactive|ibuilthtihs has 120 seconds left.
|
|t:|1758972756
|move|p2a: Zapdos|Volt Switch|p1a: Garganacl
|-supereffective|p1a: Garganacl
|-damage|p1a: Garganacl|45/100
|
|t:|1758972765
|switch|p2a: Clodsire|Clodsire, M|100/100|[from] Volt Switch
|-damage|p2a: Clodsire|94/100|[from] Stealth Rock
|move|p1a: Garganacl|Salt Cure|p2a: Clodsire
|-resisted|p2a: Clodsire
|-damage|p2a: Clodsire|87/100
|-start|p2a: Clodsire|Salt Cure
|
|-weather|none
|-heal|p2a: Clodsire|93/100|[from] item: Leftovers
|-damage|p2a: Clodsire|81/100|[from] Salt Cure
|upkeep
|turn|116
|inactive|ibuilthtihs has 120 seconds left.
|
|t:|1758972797
|switch|p2a: Corviknight|Corviknight, F|42/100
|-damage|p2a: Corviknight|29/100|[from] Stealth Rock
|-ability|p2a: Corviknight|Pressure
|move|p1a: Garganacl|Recover|p1a: Garganacl
|-heal|p1a: Garganacl|95/100
|
|upkeep
|turn|117
|
|t:|1758972805
|move|p2a: Corviknight|Defog|p1a: Garganacl
|-unboost|p1a: Garganacl|evasion|1
|-sideend|p2: Thibault56|Stealth Rock|[from] move: Defog|[of] p2a: Corviknight
|move|p1a: Garganacl|Stealth Rock|p2a: Corviknight
|-sidestart|p2: Thibault56|move: Stealth Rock
|
|upkeep
|turn|118
|
|t:|1758972809
|move|p1a: Garganacl|Protect|p1a: Garganacl
|-singleturn|p1a: Garganacl|Protect
|move|p2a: Corviknight|Defog|p1a: Garganacl
|-activate|p1a: Garganacl|move: Protect
|
|upkeep
|turn|119
|
|t:|1758972812
|move|p2a: Corviknight|Defog|p1a: Garganacl
|-unboost|p1a: Garganacl|evasion|1
|-sideend|p2: Thibault56|Stealth Rock|[from] move: Defog|[of] p2a: Corviknight
|move|p1a: Garganacl|Stealth Rock|p2a: Corviknight
|-sidestart|p2: Thibault56|move: Stealth Rock
|
|upkeep
|turn|120
|
|t:|1758972819
|move|p2a: Corviknight|Defog|p1a: Garganacl
|-unboost|p1a: Garganacl|evasion|1
|-sideend|p2: Thibault56|Stealth Rock|[from] move: Defog|[of] p2a: Corviknight
|move|p1a: Garganacl|Salt Cure|p2a: Corviknight
|-damage|p2a: Corviknight|22/100
|-start|p2a: Corviknight|Salt Cure
|
|-damage|p2a: Corviknight|0 fnt|[from] Salt Cure
|faint|p2a: Corviknight
|upkeep
|
|t:|1758972826
|switch|p2a: Zapdos|Zapdos|48/100
|turn|121
|
|t:|1758972844
|move|p2a: Zapdos|Volt Switch|p1a: Garganacl
|-supereffective|p1a: Garganacl
|-damage|p1a: Garganacl|50/100
|
|t:|1758972847
|switch|p2a: Pelipper|Pelipper, F|21/100|[from] Volt Switch
|-weather|RainDance|[from] ability: Drizzle|[of] p2a: Pelipper
|move|p1a: Garganacl|Salt Cure|p2a: Pelipper
|-supereffective|p2a: Pelipper
|-damage|p2a: Pelipper|0 fnt
|faint|p2a: Pelipper
|
|-weather|RainDance|[upkeep]
|upkeep
|
|t:|1758972853
|switch|p2a: Zapdos|Zapdos|48/100
|turn|122
|
|t:|1758972857
|switch|p1a: Tyranitar|Tyranitar, F|9/100
|-weather|Sandstorm|[from] ability: Sand Stream|[of] p1a: Tyranitar
|move|p2a: Zapdos|Thunder|p1a: Tyranitar|[miss]
|-miss|p2a: Zapdos|p1a: Tyranitar
|
|-weather|Sandstorm|[upkeep]
|-damage|p2a: Zapdos|41/100|[from] Sandstorm
|-heal|p1a: Tyranitar|15/100|[from] item: Leftovers
|upkeep
|turn|123
|inactive|ibuilthtihs has 120 seconds left.
|
|t:|1758972864
|switch|p1a: Hydrapple|Hydrapple, F|87/100 tox
|move|p2a: Zapdos|Thunder|p1a: Hydrapple
|-resisted|p1a: Hydrapple
|-damage|p1a: Hydrapple|73/100 tox
|
|-weather|Sandstorm|[upkeep]
|-damage|p2a: Zapdos|35/100|[from] Sandstorm
|-damage|p1a: Hydrapple|67/100 tox|[from] Sandstorm
|-damage|p1a: Hydrapple|60/100 tox|[from] psn
|upkeep
|turn|124
|
|t:|1758972867
|move|p2a: Zapdos|Hurricane|p1a: Hydrapple|[miss]
|-miss|p2a: Zapdos|p1a: Hydrapple
|move|p1a: Hydrapple|Fickle Beam|p2a: Zapdos
|-damage|p2a: Zapdos|0 fnt
|faint|p2a: Zapdos
|
|-weather|Sandstorm|[upkeep]
|-damage|p1a: Hydrapple|54/100 tox|[from] Sandstorm
|-damage|p1a: Hydrapple|42/100 tox|[from] psn
|upkeep
|
|t:|1758972887
|switch|p2a: Barraskewda|Barraskewda, M, tera:Water|100/100
|turn|125
|inactive|ibuilthtihs has 120 seconds left.
|
|t:|1758972902
|switch|p1a: Tyranitar|Tyranitar, F|15/100
|move|p2a: Barraskewda|Flip Turn|p1a: Tyranitar
|-supereffective|p1a: Tyranitar
|-damage|p1a: Tyranitar|0 fnt
|faint|p1a: Tyranitar
|
|t:|1758972907
|switch|p2a: Clodsire|Clodsire, M|81/100|[from] Flip Turn
|
|-weather|Sandstorm|[upkeep]
|-heal|p2a: Clodsire|87/100|[from] item: Leftovers
|upkeep
|inactive|ibuilthtihs has 120 seconds left.
|
|t:|1758972942
|switch|p1a: Garganacl|Garganacl, M, tera:Flying|50/100
|turn|126
|
|t:|1758972952
|switch|p2a: Barraskewda|Barraskewda, M, tera:Water|100/100
|move|p1a: Garganacl|Salt Cure|p2a: Barraskewda
|-damage|p2a: Barraskewda|74/100
|-start|p2a: Barraskewda|Salt Cure
|
|-weather|none
|-damage|p2a: Barraskewda|49/100|[from] Salt Cure
|upkeep
|turn|127
|
|t:|1758972964
|switch|p1a: Hydrapple|Hydrapple, F|75/100 tox
|move|p2a: Barraskewda|Liquidation|p1a: Hydrapple
|-resisted|p1a: Hydrapple
|-damage|p1a: Hydrapple|63/100 tox
|-unboost|p1a: Hydrapple|def|1
|
|-damage|p1a: Hydrapple|57/100 tox|[from] psn
|-damage|p2a: Barraskewda|24/100|[from] Salt Cure
|upkeep
|turn|128
|inactive|ibuilthtihs has 90 seconds left.
|
|t:|1758972978
|switch|p2a: Clodsire|Clodsire, M|87/100
|move|p1a: Hydrapple|Earth Power|p2a: Clodsire
|-supereffective|p2a: Clodsire
|-damage|p2a: Clodsire|62/100
|
|-heal|p2a: Clodsire|68/100|[from] item: Leftovers
|-damage|p1a: Hydrapple|44/100 tox|[from] psn
|upkeep
|turn|129
|
|t:|1758972983
|switch|p1a: Garganacl|Garganacl, M, tera:Flying|50/100
|switch|p2a: Barraskewda|Barraskewda, M, tera:Water|24/100
|
|upkeep
|turn|130
|
|t:|1758972986
|move|p1a: Garganacl|Protect|p1a: Garganacl
|-singleturn|p1a: Garganacl|Protect
|move|p2a: Barraskewda|Close Combat|p1a: Garganacl
|-activate|p1a: Garganacl|move: Protect
|
|upkeep
|turn|131
|inactive|ibuilthtihs has 90 seconds left.
|
|t:|1758973002
|switch|p2a: Clodsire|Clodsire, M|68/100
|move|p1a: Garganacl|Salt Cure|p2a: Clodsire
|-resisted|p2a: Clodsire
|-damage|p2a: Clodsire|60/100
|-start|p2a: Clodsire|Salt Cure
|
|-heal|p2a: Clodsire|66/100|[from] item: Leftovers
|-damage|p2a: Clodsire|53/100|[from] Salt Cure
|upkeep
|turn|132
|-message|Thibault56 forfeited.
|
|win|ibuilthtihs
|raw|ibuilthtihs's rating: 1598 &rarr; <strong>1621</strong><br />(+23 for winning)
|raw|Thibault56's rating: 1648 &rarr; <strong>1625</strong><br />(-23 for losing)
|l|☆Thibault56
|player|p2|
|l|☆ibuilthtihs
|player|p1|
