|j|☆ssslash
|j|☆Wildfiree
|inactive|Battle timer is ON: inactive players will automatically lose when time's up.
|t:|1759009827
|gametype|singles
|player|p1|ssslash|170|
|player|p2|Wildfiree|#wildfiree|
|gen|9
|tier|[Gen 9] OU
|rated|Tournament battle
|rule|HP Percentage Mod: HP is shown in percentages
|rule|Endless Battle Clause: Forcing endless battles is banned
|rule|Species Clause: Limit one of each Pokémon
|rule|OHKO Clause: OHKO moves are banned
|rule|Evasion Items Clause: Evasion items are banned
|rule|Evasion Moves Clause: Evasion moves are banned
|rule|Evasion Abilities Clause: Evasion abilities are banned
|rule|Sleep Moves Clause: Sleep-inducing moves are banned
|clearpoke
|poke|p1|Araquanid, F|
|poke|p1|Cinderace, F|
|poke|p1|Serperior, M|
|poke|p1|Milotic, M|
|poke|p1|Kingambit, M|
|poke|p1|Malamar, F|
|poke|p2|Weavile, M|
|poke|p2|Ting-Lu|
|poke|p2|Zapdos|
|poke|p2|Great Tusk|
|poke|p2|Slowking-Galar, M|
|poke|p2|Sinistcha|
|teampreview
|j|*Lady Monita ☀
|inactive|Wildfiree also wants the timer to be on.
|
|t:|1759009853
|teamsize|p1|6
|teamsize|p2|6
|start
|switch|p1a: Araquanid|Araquanid, F|100/100
|switch|p2a: Zapdos|Zapdos|100/100
|turn|1
|
|t:|1759009859
|move|p2a: Zapdos|Hurricane|p1a: Araquanid
|-supereffective|p1a: Araquanid
|-damage|p1a: Araquanid|23/100
|-start|p1a: Araquanid|confusion
|-activate|p1a: Araquanid|confusion
|-damage|p1a: Araquanid|8/100|[from] confusion
|
|-heal|p1a: Araquanid|15/100|[from] item: Leftovers
|upkeep
|turn|2
|
|t:|1759009869
|switch|p2a: Sinistcha|Sinistcha|100/100
|-activate|p1a: Araquanid|confusion
|-damage|p1a: Araquanid|2/100|[from] confusion
|
|-heal|p1a: Araquanid|8/100|[from] item: Leftovers
|upkeep
|turn|3
|
|t:|1759009878
|move|p2a: Sinistcha|Shadow Ball|p1a: Araquanid
|-damage|p1a: Araquanid|0 fnt
|faint|p1a: Araquanid
|
|upkeep
|
|t:|1759009887
|switch|p1a: Serperior|Serperior, M|100/100
|turn|4
|
|t:|1759009890
|switch|p2a: Zapdos|Zapdos|100/100
|move|p1a: Serperior|Glare|p2a: Zapdos
|-immune|p2a: Zapdos
|
|upkeep
|turn|5
|
|t:|1759009900
|switch|p1a: Kingambit|Kingambit, M|100/100
|move|p2a: Zapdos|Hurricane|p1a: Kingambit
|-resisted|p1a: Kingambit
|-damage|p1a: Kingambit|83/100
|-start|p1a: Kingambit|confusion
|
|upkeep
|turn|6
|
|t:|1759009908
|move|p2a: Zapdos|Thunder Wave|p1a: Kingambit
|-status|p1a: Kingambit|par
|-activate|p1a: Kingambit|confusion
|cant|p1a: Kingambit|par
|
|upkeep
|turn|7
|
|t:|1759009914
|switch|p2a: Great Tusk|Great Tusk|100/100
|-end|p1a: Kingambit|confusion
|cant|p1a: Kingambit|par
|
|upkeep
|turn|8
|
|t:|1759009926
|switch|p1a: Cinderace|Cinderace, F|100/100
|move|p2a: Great Tusk|Stealth Rock|p1a: Cinderace
|-sidestart|p1: ssslash|move: Stealth Rock
|
|upkeep
|turn|9
|
|t:|1759009932
|move|p1a: Cinderace|Court Change|p1a: Cinderace
|-start|p1a: Cinderace|typechange|Normal|[from] ability: Libero
|-swapsideconditions
|-activate|p1a: Cinderace|move: Court Change
|move|p2a: Great Tusk|Close Combat|p1a: Cinderace
|-supereffective|p1a: Cinderace
|-damage|p1a: Cinderace|0 fnt
|-unboost|p2a: Great Tusk|def|1
|-unboost|p2a: Great Tusk|spd|1
|faint|p1a: Cinderace
|
|upkeep
|
|t:|1759009935
|switch|p1a: Malamar|Malamar, F|100/100
|turn|10
|
|t:|1759009942
|-end|p2a: Great Tusk|Protosynthesis|[silent]
|switch|p2a: Ting-Lu|Ting-Lu|100/100
|-damage|p2a: Ting-Lu|94/100|[from] Stealth Rock
|-ability|p2a: Ting-Lu|Vessel of Ruin
|move|p1a: Malamar|Superpower|p2a: Ting-Lu
|-supereffective|p2a: Ting-Lu
|-damage|p2a: Ting-Lu|56/100
|-boost|p1a: Malamar|atk|1
|-boost|p1a: Malamar|def|1
|
|-heal|p2a: Ting-Lu|62/100|[from] item: Leftovers
|upkeep
|turn|11
|
|t:|1759009953
|switch|p2a: Zapdos|Zapdos|100/100
|-terastallize|p1a: Malamar|Fighting
|move|p1a: Malamar|Superpower|p2a: Zapdos
|-resisted|p2a: Zapdos
|-damage|p2a: Zapdos|76/100
|-boost|p1a: Malamar|atk|1
|-boost|p1a: Malamar|def|1
|
|upkeep
|turn|12
|
|t:|1759009965
|move|p1a: Malamar|Knock Off|p2a: Zapdos
|-damage|p2a: Zapdos|22/100
|-status|p1a: Malamar|par|[from] ability: Static|[of] p2a: Zapdos
|-enditem|p2a: Zapdos|Heavy-Duty Boots|[from] move: Knock Off|[of] p1a: Malamar
|move|p2a: Zapdos|Hurricane|p1a: Malamar
|-supereffective|p1a: Malamar
|-damage|p1a: Malamar|0 fnt
|faint|p1a: Malamar
|
|upkeep
|-message|ssslash forfeited.
|
|win|Wildfiree
|n|☆ssslash|ssslash
|n|☆Wildfiree|wildfiree
|n|*Lady Monita ☀|ladymonita
|l|*Lady Monita ☀
|l|☆ssslash
|player|p1|
