|j|☆Perola Z
|j|☆Astrogoose
|t:|1759058185
|gametype|singles
|player|p1|Perola Z|elesa|1403
|player|p2|Astrogoose|beauty-gen5bw2|1422
|gen|9
|tier|[Gen 9] OU
|rated|
|rule|HP Percentage Mod: HP is shown in percentages
|rule|Endless Battle Clause: Forcing endless battles is banned
|rule|Species Clause: Limit one of each Pokémon
|rule|OHKO Clause: OHKO moves are banned
|rule|Evasion Items Clause: Evasion items are banned
|rule|Evasion Moves Clause: Evasion moves are banned
|rule|Evasion Abilities Clause: Evasion abilities are banned
|rule|Sleep Moves Clause: Sleep-inducing moves are banned
|clearpoke
|poke|p1|Landorus-Therian, M|
|poke|p1|Enamorus, F|
|poke|p1|Latios, M|
|poke|p1|Cinderace, M|
|poke|p1|Dragonite, F|
|poke|p1|Primarina, M|
|poke|p2|Ting-Lu|
|poke|p2|Ogerpon-Wellspring, F|
|poke|p2|Latios, M|
|poke|p2|Clefable, F|
|poke|p2|Flamigo, M|
|poke|p2|Corviknight, F|
|teampreview
|inactive|Battle timer is ON: inactive players will automatically lose when time's up. (requested by Astrogoose)
|inactive|Perola Z has 120 seconds left.
|
|t:|1759058244
|teamsize|p1|6
|teamsize|p2|6
|start
|switch|p1a: Latios|Latios, M|100/100
|switch|p2a: Mr Flamtastic|Flamigo, M|100/100
|turn|1
|
|t:|1759058256
|move|p2a: Mr Flamtastic|U-turn|p1a: Latios
|-supereffective|p1a: Latios
|-damage|p1a: Latios|39/100
|
|t:|1759058261
|switch|p2a: Thing-Lu|Ting-Lu|100/100|[from] U-turn
|-ability|p2a: Thing-Lu|Vessel of Ruin
|move|p1a: Latios|Luster Purge|p2a: Thing-Lu
|-immune|p2a: Thing-Lu
|
|upkeep
|turn|2
|
|t:|1759058287
|switch|p1a: Landorus|Landorus-Therian, M|100/100
|-ability|p1a: Landorus|Intimidate|boost
|-unboost|p2a: Thing-Lu|atk|1
|move|p2a: Thing-Lu|Stealth Rock|p1a: Landorus
|-sidestart|p1: Perola Z|move: Stealth Rock
|
|upkeep
|turn|3
|
|t:|1759058292
|move|p1a: Landorus|U-turn|p2a: Thing-Lu
|-supereffective|p2a: Thing-Lu
|-damage|p2a: Thing-Lu|63/100
|
|t:|1759058301
|switch|p1a: Cinderace|Cinderace, M|100/100|[from] U-turn
|move|p2a: Thing-Lu|Stone Edge|p1a: Cinderace
|-supereffective|p1a: Cinderace
|-damage|p1a: Cinderace|54/100
|
|-heal|p2a: Thing-Lu|70/100|[from] item: Leftovers
|upkeep
|turn|4
|
|t:|1759058311
|move|p1a: Cinderace|U-turn|p2a: Thing-Lu
|-start|p1a: Cinderace|typechange|Bug|[from] ability: Libero
|-supereffective|p2a: Thing-Lu
|-damage|p2a: Thing-Lu|42/100
|
|t:|1759058317
|switch|p1a: Landorus|Landorus-Therian, M|100/100|[from] U-turn
|-damage|p1a: Landorus|88/100|[from] Stealth Rock
|-ability|p1a: Landorus|Intimidate|boost
|-unboost|p2a: Thing-Lu|atk|1
|move|p2a: Thing-Lu|Stealth Rock||[still]
|-fail|p2a: Thing-Lu
|
|-heal|p2a: Thing-Lu|49/100|[from] item: Leftovers
|upkeep
|turn|5
|
|t:|1759058329
|switch|p2a: Human Squawks|Corviknight, F|100/100
|-ability|p2a: Human Squawks|Pressure
|move|p1a: Landorus|U-turn|p2a: Human Squawks
|-resisted|p2a: Human Squawks
|-damage|p2a: Human Squawks|94/100
|
|t:|1759058334
|switch|p1a: Cinderace|Cinderace, M|54/100|[from] U-turn
|
|-heal|p2a: Human Squawks|99/100|[from] item: Leftovers
|upkeep
|turn|6
|
|t:|1759058347
|move|p1a: Cinderace|Court Change|p1a: Cinderace
|-start|p1a: Cinderace|typechange|Normal|[from] ability: Libero
|-swapsideconditions
|-activate|p1a: Cinderace|move: Court Change
|move|p2a: Human Squawks|Body Press|p1a: Cinderace
|-supereffective|p1a: Cinderace
|-damage|p1a: Cinderace|0 fnt
|faint|p1a: Cinderace
|
|-heal|p2a: Human Squawks|100/100|[from] item: Leftovers
|upkeep
|
|t:|1759058361
|switch|p1a: Latios|Latios, M|39/100
|turn|7
|
|t:|1759058365
|move|p1a: Latios|Trick|p2a: Human Squawks
|-activate|p1a: Latios|move: Trick|[of] p2a: Human Squawks
|-item|p2a: Human Squawks|Choice Specs|[from] move: Trick
|-item|p1a: Latios|Leftovers|[from] move: Trick
|move|p2a: Human Squawks|Iron Head|p1a: Latios
|-damage|p1a: Latios|7/100
|
|-heal|p1a: Latios|13/100|[from] item: Leftovers
|upkeep
|turn|8
|
|t:|1759058380
|move|p1a: Latios|Aura Sphere|p2a: Human Squawks
|-crit|p2a: Human Squawks
|-damage|p2a: Human Squawks|66/100
|move|p2a: Human Squawks|Iron Head|p1a: Latios
|-damage|p1a: Latios|0 fnt
|faint|p1a: Latios
|
|upkeep
|
|t:|1759058389
|switch|p1a: Enamorus|Enamorus, F|100/100
|turn|9
|
|t:|1759058398
|move|p1a: Enamorus|Mystical Fire|p2a: Human Squawks
|-supereffective|p2a: Human Squawks
|-damage|p2a: Human Squawks|23/100
|-unboost|p2a: Human Squawks|spa|1
|move|p2a: Human Squawks|Iron Head|p1a: Enamorus
|-supereffective|p1a: Enamorus
|-damage|p1a: Enamorus|21/100
|
|upkeep
|turn|10
|
|t:|1759058403
|move|p1a: Enamorus|Mystical Fire|p2a: Human Squawks
|-supereffective|p2a: Human Squawks
|-damage|p2a: Human Squawks|0 fnt
|faint|p2a: Human Squawks
|
|upkeep
|
|t:|1759058413
|switch|p2a: Puppet Masker|Ogerpon-Wellspring, F|100/100
|-damage|p2a: Puppet Masker|88/100|[from] Stealth Rock
|turn|11
|
|t:|1759058433
|move|p2a: Puppet Masker|Ivy Cudgel|p1a: Enamorus|[anim] Ivy Cudgel Water
|-damage|p1a: Enamorus|0 fnt
|faint|p1a: Enamorus
|
|upkeep
|
|t:|1759058436
|switch|p1a: Dragonite|Dragonite, F|100/100
|turn|12
|
|t:|1759058442
|switch|p2a: Inclefible Woman|Clefable, F|100/100
|move|p1a: Dragonite|Dragon Dance|p1a: Dragonite
|-boost|p1a: Dragonite|atk|1
|-boost|p1a: Dragonite|spe|1
|
|upkeep
|turn|13
|
|t:|1759058449
|-terastallize|p1a: Dragonite|Fairy
|move|p1a: Dragonite|Dragon Dance|p1a: Dragonite
|-boost|p1a: Dragonite|atk|1
|-boost|p1a: Dragonite|spe|1
|move|p2a: Inclefible Woman|Moonblast|p1a: Dragonite
|-damage|p1a: Dragonite|83/100
|
|upkeep
|turn|14
|
|t:|1759058456
|move|p1a: Dragonite|Tera Blast|p2a: Inclefible Woman|[anim] Tera Blast Fairy
|-damage|p2a: Inclefible Woman|70/100
|move|p2a: Inclefible Woman|Calm Mind|p2a: Inclefible Woman
|-boost|p2a: Inclefible Woman|spa|1
|-boost|p2a: Inclefible Woman|spd|1
|
|upkeep
|turn|15
|
|t:|1759058472
|switch|p1a: Primarina|Primarina, M|100/100
|move|p2a: Inclefible Woman|Moonblast|p1a: Primarina
|-crit|p1a: Primarina
|-damage|p1a: Primarina|36/100
|-unboost|p1a: Primarina|spa|1
|
|upkeep
|turn|16
|
|t:|1759058475
|move|p1a: Primarina|Sparkling Aria|p2a: Inclefible Woman
|-damage|p2a: Inclefible Woman|26/100
|move|p2a: Inclefible Woman|Moonblast|p1a: Primarina
|-damage|p1a: Primarina|0 fnt
|faint|p1a: Primarina
|
|upkeep
|
|t:|1759058481
|switch|p1a: Landorus|Landorus-Therian, M|88/100
|-ability|p1a: Landorus|Intimidate|boost
|-unboost|p2a: Inclefible Woman|atk|1
|turn|17
|
|t:|1759058487
|move|p1a: Landorus|Earthquake|p2a: Inclefible Woman
|-damage|p2a: Inclefible Woman|0 fnt
|faint|p2a: Inclefible Woman
|
|upkeep
|
|t:|1759058492
|switch|p2a: Puppet Masker|Ogerpon-Wellspring, F|88/100
|-damage|p2a: Puppet Masker|76/100|[from] Stealth Rock
|turn|18
|
|t:|1759058496
|move|p2a: Puppet Masker|Ivy Cudgel|p1a: Landorus|[anim] Ivy Cudgel Water
|-supereffective|p1a: Landorus
|-damage|p1a: Landorus|0 fnt
|faint|p1a: Landorus
|
|upkeep
|
|t:|1759058498
|switch|p1a: Dragonite|Dragonite, F, tera:Fairy|83/100
|turn|19
|
|t:|1759058503
|move|p2a: Puppet Masker|Ivy Cudgel|p1a: Dragonite|[anim] Ivy Cudgel Water
|-crit|p1a: Dragonite
|-damage|p1a: Dragonite|0 fnt
|faint|p1a: Dragonite
|
|win|Astrogoose
|raw|Perola Z's rating: 1403 &rarr; <strong>1384</strong><br />(-19 for losing)
|raw|Astrogoose's rating: 1422 &rarr; <strong>1441</strong><br />(+19 for winning)
|c|☆Astrogoose|gg
|l|☆Perola Z
|player|p1|
|l|☆Astrogoose
|player|p2|
