|j|☆waitingmygame
|j|☆Calcublast
|t:|1758981738
|gametype|singles
|player|p1|waitingmygame|265|1332
|player|p2|Calcublast|thorton|1320
|gen|9
|tier|[Gen 9] OU
|rated|
|rule|HP Percentage Mod: HP is shown in percentages
|rule|Endless Battle Clause: Forcing endless battles is banned
|rule|Species Clause: Limit one of each Pokémon
|rule|OHKO Clause: OHKO moves are banned
|rule|Evasion Items Clause: Evasion items are banned
|rule|Evasion Moves Clause: Evasion moves are banned
|rule|Evasion Abilities Clause: Evasion abilities are banned
|rule|Sleep Moves Clause: Sleep-inducing moves are banned
|clearpoke
|poke|p1|Ogerpon-Wellspring, F|
|poke|p1|Zamazenta-*|
|poke|p1|Weavile, M|
|poke|p1|Landorus-Therian, M|
|poke|p1|Dragonite, M|
|poke|p1|Dragapult, F|
|poke|p2|Braviary-Hisui, M|
|poke|p2|Kleavor, F|
|poke|p2|Hydrapple, M|
|poke|p2|Magnezone|
|poke|p2|Granbull, M|
|poke|p2|Cryogonal|
|teampreview
|inactive|Battle timer is ON: inactive players will automatically lose when time's up. (requested by waitingmygame)
|
|t:|1758981753
|teamsize|p1|6
|teamsize|p2|6
|start
|switch|p1a: Landorus|Landorus-Therian, M|100/100
|switch|p2a: Stone Age|Kleavor, F|100/100
|-ability|p1a: Landorus|Intimidate|boost
|-unboost|p2a: Stone Age|atk|1
|turn|1
|
|t:|1758981774
|move|p2a: Stone Age|U-turn|p1a: Landorus
|-resisted|p1a: Landorus
|-damage|p1a: Landorus|88/100
|-damage|p2a: Stone Age|84/100|[from] item: Rocky Helmet|[of] p1a: Landorus
|
|t:|1758981777
|switch|p2a: Snowquake|Cryogonal|100/100|[from] U-turn
|move|p1a: Landorus|Stealth Rock|p2a: Snowquake
|-sidestart|p2: Calcublast|move: Stealth Rock
|
|upkeep
|turn|2
|
|t:|1758981784
|switch|p1a: Zamazenta|Zamazenta|100/100
|-ability|p1a: Zamazenta|Dauntless Shield|boost
|-boost|p1a: Zamazenta|def|1
|move|p2a: Snowquake|Rapid Spin|p1a: Zamazenta
|-damage|p1a: Zamazenta|97/100
|-boost|p2a: Snowquake|spe|1
|-sideend|p2: Calcublast|Stealth Rock|[from] move: Rapid Spin|[of] p2a: Snowquake
|
|-heal|p1a: Zamazenta|100/100|[from] item: Leftovers
|upkeep
|turn|3
|
|t:|1758981794
|switch|p2a: Canada|Braviary-Hisui, M|100/100
|move|p1a: Zamazenta|Body Press|p2a: Canada
|-resisted|p2a: Canada
|-damage|p2a: Canada|91/100
|
|upkeep
|turn|4
|
|t:|1758981802
|switch|p1a: Weavile|Weavile, M|100/100
|-ability|p1a: Weavile|Pressure
|move|p2a: Canada|Hurricane|p1a: Weavile|[miss]
|-miss|p2a: Canada|p1a: Weavile
|
|upkeep
|turn|5
|
|t:|1758981812
|-terastallize|p2a: Canada|Dark
|move|p1a: Weavile|Knock Off|p2a: Canada
|-resisted|p2a: Canada
|-damage|p2a: Canada|67/100
|-enditem|p2a: Canada|Life Orb|[from] move: Knock Off|[of] p1a: Weavile
|-damage|p1a: Weavile|91/100|[from] item: Life Orb
|move|p2a: Canada|Heat Wave|p1a: Weavile
|-supereffective|p1a: Weavile
|-damage|p1a: Weavile|0 fnt
|faint|p1a: Weavile
|
|upkeep
|
|t:|1758981817
|switch|p1a: Zamazenta|Zamazenta|100/100
|turn|6
|
|t:|1758981822
|switch|p2a: Vicktim|Granbull, M|100/100
|-ability|p2a: Vicktim|Intimidate|boost
|-unboost|p1a: Zamazenta|atk|1
|move|p1a: Zamazenta|Body Press|p2a: Vicktim
|-resisted|p2a: Vicktim
|-damage|p2a: Vicktim|86/100
|-damage|p1a: Zamazenta|84/100|[from] item: Rocky Helmet|[of] p2a: Vicktim
|
|-heal|p1a: Zamazenta|90/100|[from] item: Leftovers
|upkeep
|turn|7
|
|t:|1758981829
|switch|p1a: Landorus|Landorus-Therian, M|88/100
|-ability|p1a: Landorus|Intimidate|boost
|-unboost|p2a: Vicktim|atk|1
|move|p2a: Vicktim|Bulk Up|p2a: Vicktim
|-boost|p2a: Vicktim|atk|1
|-boost|p2a: Vicktim|def|1
|
|upkeep
|turn|8
|
|t:|1758981835
|move|p1a: Landorus|Earth Power|p2a: Vicktim
|-damage|p2a: Vicktim|39/100
|move|p2a: Vicktim|Bulk Up|p2a: Vicktim
|-boost|p2a: Vicktim|atk|1
|-boost|p2a: Vicktim|def|1
|
|upkeep
|turn|9
|
|t:|1758981843
|switch|p2a: Wormy|Hydrapple, M|100/100
|move|p1a: Landorus|Earth Power|p2a: Wormy
|-resisted|p2a: Wormy
|-damage|p2a: Wormy|92/100
|
|upkeep
|turn|10
|
|t:|1758981851
|move|p1a: Landorus|U-turn|p2a: Wormy
|-supereffective|p2a: Wormy
|-damage|p2a: Wormy|64/100
|
|t:|1758981853
|switch|p1a: Dragapult|Dragapult, F|100/100|[from] U-turn
|move|p2a: Wormy|Fickle Beam|p1a: Dragapult
|-supereffective|p1a: Dragapult
|-damage|p1a: Dragapult|0 fnt
|faint|p1a: Dragapult
|
|upkeep
|
|t:|1758981861
|switch|p1a: Ogerpon|Ogerpon-Wellspring, F|100/100
|turn|11
|
|t:|1758981870
|switch|p2a: Vicktim|Granbull, M|39/100
|-ability|p2a: Vicktim|Intimidate|boost
|-unboost|p1a: Ogerpon|atk|1
|move|p1a: Ogerpon|Play Rough|p2a: Vicktim
|-damage|p2a: Vicktim|17/100
|-damage|p1a: Ogerpon|84/100|[from] item: Rocky Helmet|[of] p2a: Vicktim
|
|upkeep
|turn|12
|
|t:|1758981877
|move|p1a: Ogerpon|Trailblaze|p2a: Vicktim
|-damage|p2a: Vicktim|1/100
|-boost|p1a: Ogerpon|spe|1
|-damage|p1a: Ogerpon|67/100|[from] item: Rocky Helmet|[of] p2a: Vicktim
|move|p2a: Vicktim|Play Rough|p1a: Ogerpon
|-damage|p1a: Ogerpon|22/100
|
|upkeep
|turn|13
|
|t:|1758981896
|move|p1a: Ogerpon|Trailblaze|p2a: Vicktim
|-damage|p2a: Vicktim|0 fnt
|-boost|p1a: Ogerpon|spe|1
|-damage|p1a: Ogerpon|5/100|[from] item: Rocky Helmet|[of] p2a: Vicktim
|faint|p2a: Vicktim
|
|upkeep
|
|t:|1758981898
|switch|p2a: Triclops|Magnezone|100/100
|turn|14
|
|t:|1758981908
|move|p1a: Ogerpon|Ivy Cudgel|p2a: Triclops|[anim] Ivy Cudgel Water
|-damage|p2a: Triclops|68/100
|move|p2a: Triclops|Volt Switch|p1a: Ogerpon
|-damage|p1a: Ogerpon|0 fnt
|faint|p1a: Ogerpon
|
|t:|1758981920
|switch|p2a: Canada|Braviary-Hisui, M, tera:Dark|67/100|[from] Volt Switch
|
|upkeep
|inactive|waitingmygame has 120 seconds left.
|inactive|waitingmygame has 90 seconds left.
|inactive|waitingmygame has 60 seconds left.
|inactive|waitingmygame has 30 seconds left.
|inactive|waitingmygame has 20 seconds left.
|inactive|waitingmygame has 15 seconds left.
|inactive|waitingmygame has 10 seconds left.
|inactive|waitingmygame has 5 seconds left.
|-message|waitingmygame lost due to inactivity.
|
|win|Calcublast
|raw|waitingmygame's rating: 1332 &rarr; <strong>1311</strong><br />(-21 for losing)
|raw|Calcublast's rating: 1320 &rarr; <strong>1341</strong><br />(+21 for winning)
|l|☆Calcublast
|player|p2|
