|j|☆goodgrillby of ppo
|j|☆PREST JNR x
|t:|1758999638
|gametype|singles
|player|p1|goodgrillby of ppo|2|1278
|player|p2|PREST JNR x|170|1301
|gen|9
|tier|[Gen 9] OU
|rated|
|rule|HP Percentage Mod: HP is shown in percentages
|rule|Endless Battle Clause: Forcing endless battles is banned
|rule|Species Clause: Limit one of each Pokémon
|rule|OHKO Clause: OHKO moves are banned
|rule|Evasion Items Clause: Evasion items are banned
|rule|Evasion Moves Clause: Evasion moves are banned
|rule|Evasion Abilities Clause: Evasion abilities are banned
|rule|Sleep Moves Clause: Sleep-inducing moves are banned
|clearpoke
|poke|p1|Ting-Lu|
|poke|p1|Great Tusk|
|poke|p1|Slaking, M|
|poke|p1|Kommo-o, M|
|poke|p1|Garganacl, M|
|poke|p1|Quaquaval, M|
|poke|p2|Excadrill, M|
|poke|p2|Houndstone, M|
|poke|p2|Tyranitar, F|
|poke|p2|Toxapex, F|
|poke|p2|Hippowdon, F|
|poke|p2|Gastrodon, F|
|teampreview
|
|t:|1758999652
|teamsize|p1|6
|teamsize|p2|6
|start
|switch|p1a: Ting-Lu|Ting-Lu|100/100
|switch|p2a: Hippowdon|Hippowdon, F|100/100
|-weather|Sandstorm|[from] ability: Sand Stream|[of] p2a: Hippowdon
|-ability|p1a: Ting-Lu|Vessel of Ruin
|turn|1
|
|t:|1758999666
|move|p2a: Hippowdon|Body Press|p1a: Ting-Lu
|-supereffective|p1a: Ting-Lu
|-damage|p1a: Ting-Lu|68/100
|move|p1a: Ting-Lu|Stealth Rock|p2a: Hippowdon
|-sidestart|p2: PREST JNR x|move: Stealth Rock
|
|-weather|Sandstorm|[upkeep]
|-heal|p1a: Ting-Lu|74/100|[from] item: Leftovers
|upkeep
|turn|2
|
|t:|1758999676
|move|p2a: Hippowdon|Roar|p1a: Ting-Lu
|drag|p1a: Quaquaval|Quaquaval, M|100/100
|
|-weather|Sandstorm|[upkeep]
|-damage|p1a: Quaquaval|94/100|[from] Sandstorm
|upkeep
|turn|3
|
|t:|1758999685
|switch|p2a: Gastrodon|Gastrodon, F|100/100
|-damage|p2a: Gastrodon|94/100|[from] Stealth Rock
|move|p1a: Quaquaval|Aqua Step|p2a: Gastrodon
|-ability|p2a: Gastrodon|Storm Drain|boost
|-boost|p2a: Gastrodon|spa|1
|
|-weather|Sandstorm|[upkeep]
|-damage|p1a: Quaquaval|88/100|[from] Sandstorm
|-heal|p2a: Gastrodon|100/100|[from] item: Leftovers
|upkeep
|turn|4
|
|t:|1758999700
|switch|p1a: Slaking|Slaking, M|100/100
|move|p2a: Gastrodon|Stealth Rock|p1a: Slaking
|-sidestart|p1: goodgrillby of ppo|move: Stealth Rock
|
|-weather|Sandstorm|[upkeep]
|-damage|p1a: Slaking|94/100|[from] Sandstorm
|upkeep
|turn|5
|
|t:|1758999707
|move|p1a: Slaking|Giga Impact|p2a: Gastrodon
|-damage|p2a: Gastrodon|0 fnt
|-mustrecharge|p1a: Slaking
|faint|p2a: Gastrodon
|
|-weather|Sandstorm|[upkeep]
|-damage|p1a: Slaking|88/100|[from] Sandstorm
|upkeep
|
|t:|1758999716
|switch|p2a: Excadrill|Excadrill, M|100/100
|-damage|p2a: Excadrill|97/100|[from] Stealth Rock
|-item|p2a: Excadrill|Air Balloon
|turn|6
|
|t:|1758999729
|move|p2a: Excadrill|Swords Dance|p2a: Excadrill
|-boost|p2a: Excadrill|atk|2
|cant|p1a: Slaking|recharge
|
|-weather|Sandstorm|[upkeep]
|-damage|p1a: Slaking|82/100|[from] Sandstorm
|upkeep
|turn|7
|
|t:|1758999745
|switch|p1a: Ting-Lu|Ting-Lu|74/100
|-damage|p1a: Ting-Lu|68/100|[from] Stealth Rock
|-ability|p1a: Ting-Lu|Vessel of Ruin
|-terastallize|p2a: Excadrill|Ghost
|move|p2a: Excadrill|Rapid Spin|p1a: Ting-Lu
|-damage|p1a: Ting-Lu|47/100
|-boost|p2a: Excadrill|spe|1
|-sideend|p2: PREST JNR x|Stealth Rock|[from] move: Rapid Spin|[of] p2a: Excadrill
|
|-weather|Sandstorm|[upkeep]
|-heal|p1a: Ting-Lu|53/100|[from] item: Leftovers
|upkeep
|turn|8
|
|t:|1758999771
|move|p2a: Excadrill|Iron Head|p1a: Ting-Lu
|-damage|p1a: Ting-Lu|4/100
|move|p1a: Ting-Lu|Whirlwind|p2a: Excadrill
|drag|p2a: Hippowdon|Hippowdon, F|100/100
|
|-weather|none
|-heal|p1a: Ting-Lu|10/100|[from] item: Leftovers
|upkeep
|turn|9
|
|t:|1758999782
|move|p2a: Hippowdon|Body Press|p1a: Ting-Lu
|-supereffective|p1a: Ting-Lu
|-damage|p1a: Ting-Lu|0 fnt
|faint|p1a: Ting-Lu
|
|upkeep
|
|t:|1758999791
|switch|p1a: Slaking|Slaking, M|82/100
|-damage|p1a: Slaking|70/100|[from] Stealth Rock
|turn|10
|
|t:|1758999798
|move|p1a: Slaking|Giga Impact|p2a: Hippowdon
|-damage|p2a: Hippowdon|17/100
|-mustrecharge|p1a: Slaking
|move|p2a: Hippowdon|Body Press|p1a: Slaking
|-supereffective|p1a: Slaking
|-damage|p1a: Slaking|22/100
|
|upkeep
|turn|11
|
|t:|1758999807
|cant|p1a: Slaking|recharge
|move|p2a: Hippowdon|Body Press|p1a: Slaking
|-supereffective|p1a: Slaking
|-damage|p1a: Slaking|0 fnt
|faint|p1a: Slaking
|
|upkeep
|
|t:|1758999818
|switch|p1a: Great Tusk|Great Tusk, shiny|100/100
|-damage|p1a: Great Tusk|98/100|[from] Stealth Rock
|turn|12
|
|t:|1758999825
|switch|p2a: Toxapex|Toxapex, F, shiny|100/100
|move|p1a: Great Tusk|Rapid Spin|p2a: Toxapex
|-damage|p2a: Toxapex|91/100
|-boost|p1a: Great Tusk|spe|1
|-sideend|p1: goodgrillby of ppo|Stealth Rock|[from] move: Rapid Spin|[of] p1a: Great Tusk
|
|-heal|p2a: Toxapex|98/100|[from] item: Black Sludge
|upkeep
|turn|13
|
|t:|1758999847
|move|p1a: Great Tusk|Knock Off|p2a: Toxapex
|-damage|p2a: Toxapex|80/100
|-enditem|p2a: Toxapex|Black Sludge|[from] move: Knock Off|[of] p1a: Great Tusk
|move|p2a: Toxapex|Toxic|p1a: Great Tusk
|-status|p1a: Great Tusk|tox
|
|-damage|p1a: Great Tusk|91/100 tox|[from] psn
|upkeep
|turn|14
|
|t:|1758999860
|move|p2a: Toxapex|Baneful Bunker|p2a: Toxapex
|-singleturn|p2a: Toxapex|move: Protect
|move|p1a: Great Tusk|Earthquake|p2a: Toxapex
|-activate|p2a: Toxapex|move: Protect
|
|-damage|p1a: Great Tusk|79/100 tox|[from] psn
|upkeep
|turn|15
|
|t:|1758999871
|switch|p2a: Hippowdon|Hippowdon, F|17/100
|-weather|Sandstorm|[from] ability: Sand Stream|[of] p2a: Hippowdon
|move|p1a: Great Tusk|Earthquake|p2a: Hippowdon
|-damage|p2a: Hippowdon|0 fnt
|faint|p2a: Hippowdon
|
|-weather|Sandstorm|[upkeep]
|-damage|p1a: Great Tusk|61/100 tox|[from] psn
|upkeep
|
|t:|1758999901
|switch|p2a: Excadrill|Excadrill, M, tera:Ghost|97/100
|-item|p2a: Excadrill|Air Balloon
|turn|16
|
|t:|1758999913
|move|p2a: Excadrill|Earthquake|p1a: Great Tusk
|-damage|p1a: Great Tusk|18/100 tox
|move|p1a: Great Tusk|Knock Off|p2a: Excadrill
|-supereffective|p2a: Excadrill
|-damage|p2a: Excadrill|24/100
|-enditem|p2a: Excadrill|Air Balloon
|
|-weather|Sandstorm|[upkeep]
|-damage|p1a: Great Tusk|0 fnt|[from] psn
|faint|p1a: Great Tusk
|-end|p1a: Great Tusk|Protosynthesis|[silent]
|upkeep
|
|t:|1758999923
|switch|p1a: Kommo-o|Kommo-o, M|100/100
|turn|17
|
|t:|1758999948
|move|p2a: Excadrill|Iron Head|p1a: Kommo-o
|-damage|p1a: Kommo-o|57/100
|cant|p1a: Kommo-o|flinch
|
|-weather|Sandstorm|[upkeep]
|-heal|p1a: Kommo-o|63/100|[from] item: Leftovers
|upkeep
|turn|18
|
|t:|1758999957
|move|p2a: Excadrill|Earthquake|p1a: Kommo-o
|-damage|p1a: Kommo-o|12/100
|move|p1a: Kommo-o|Dragon Claw|p2a: Excadrill
|-damage|p2a: Excadrill|0 fnt
|faint|p2a: Excadrill
|
|-weather|Sandstorm|[upkeep]
|-heal|p1a: Kommo-o|18/100|[from] item: Leftovers
|upkeep
|
|t:|1758999966
|switch|p2a: Houndstone|Houndstone, M|100/100
|turn|19
|
|t:|1758999984
|move|p2a: Houndstone|Poltergeist|p1a: Kommo-o|[miss]
|-miss|p2a: Houndstone|p1a: Kommo-o
|move|p1a: Kommo-o|Dragon Claw|p2a: Houndstone
|-crit|p2a: Houndstone
|-damage|p2a: Houndstone|40/100
|
|-weather|Sandstorm|[upkeep]
|-heal|p1a: Kommo-o|24/100|[from] item: Leftovers
|upkeep
|turn|20
|c|☆PREST JNR x|bruh
|
|t:|1758999995
|move|p2a: Houndstone|Poltergeist|p1a: Kommo-o|[miss]
|-miss|p2a: Houndstone|p1a: Kommo-o
|move|p1a: Kommo-o|Dragon Claw|p2a: Houndstone
|-damage|p2a: Houndstone|0 fnt
|faint|p2a: Houndstone
|
|-weather|Sandstorm|[upkeep]
|-heal|p1a: Kommo-o|30/100|[from] item: Leftovers
|upkeep
|c|☆goodgrillby of ppo|LOL
|c|☆PREST JNR x|holy rng
|
|t:|1759000012
|switch|p2a: Toxapex|Toxapex, F, shiny|100/100
|turn|21
|
|t:|1759000015
|switch|p1a: Garganacl|Garganacl, M|100/100
|move|p2a: Toxapex|Toxic|p1a: Garganacl
|-status|p1a: Garganacl|tox
|
|-weather|Sandstorm|[upkeep]
|-damage|p2a: Toxapex|94/100|[from] Sandstorm
|-damage|p1a: Garganacl|94/100 tox|[from] psn
|upkeep
|turn|22
|
|t:|1759000031
|move|p1a: Garganacl|Salt Cure|p2a: Toxapex
|-damage|p2a: Toxapex|86/100
|-start|p2a: Toxapex|Salt Cure
|move|p2a: Toxapex|Recover|p2a: Toxapex
|-heal|p2a: Toxapex|100/100
|
|-weather|none
|-heal|p1a: Garganacl|100/100 tox|[from] item: Leftovers
|-damage|p1a: Garganacl|88/100 tox|[from] psn
|-damage|p2a: Toxapex|75/100|[from] Salt Cure
|upkeep
|turn|23
|
|t:|1759000048
|move|p2a: Toxapex|Baneful Bunker|p2a: Toxapex
|-singleturn|p2a: Toxapex|move: Protect
|move|p1a: Garganacl|Recover|p1a: Garganacl
|-heal|p1a: Garganacl|100/100 tox
|
|-damage|p1a: Garganacl|82/100 tox|[from] psn
|-damage|p2a: Toxapex|50/100|[from] Salt Cure
|upkeep
|turn|24
|
|t:|1759000057
|move|p2a: Toxapex|Recover|p2a: Toxapex
|-heal|p2a: Toxapex|100/100
|move|p1a: Garganacl|Recover|p1a: Garganacl
|-heal|p1a: Garganacl|100/100 tox
|
|-damage|p1a: Garganacl|76/100 tox|[from] psn
|-damage|p2a: Toxapex|75/100|[from] Salt Cure
|upkeep
|turn|25
|
|t:|1759000069
|switch|p1a: Kommo-o|Kommo-o, M|30/100
|move|p2a: Toxapex|Recover|p2a: Toxapex
|-heal|p2a: Toxapex|100/100
|
|-heal|p1a: Kommo-o|36/100|[from] item: Leftovers
|-damage|p2a: Toxapex|75/100|[from] Salt Cure
|upkeep
|turn|26
|
|t:|1759000080
|move|p1a: Kommo-o|Dragon Claw|p2a: Toxapex
|-damage|p2a: Toxapex|56/100
|move|p2a: Toxapex|Toxic|p1a: Kommo-o
|-status|p1a: Kommo-o|tox
|
|-heal|p1a: Kommo-o|43/100 tox|[from] item: Leftovers
|-damage|p1a: Kommo-o|36/100 tox|[from] psn
|-damage|p2a: Toxapex|31/100|[from] Salt Cure
|upkeep
|turn|27
|
|t:|1759000093
|move|p2a: Toxapex|Baneful Bunker|p2a: Toxapex
|-singleturn|p2a: Toxapex|move: Protect
|move|p1a: Kommo-o|Dragon Claw|p2a: Toxapex
|-activate|p2a: Toxapex|move: Protect
|
|-heal|p1a: Kommo-o|43/100 tox|[from] item: Leftovers
|-damage|p1a: Kommo-o|30/100 tox|[from] psn
|-damage|p2a: Toxapex|6/100|[from] Salt Cure
|upkeep
|turn|28
|
|t:|1759000104
|switch|p2a: Tyranitar|Tyranitar, F|100/100
|-weather|Sandstorm|[from] ability: Sand Stream|[of] p2a: Tyranitar
|move|p1a: Kommo-o|Drain Punch|p2a: Tyranitar
|-supereffective|p2a: Tyranitar
|-damage|p2a: Tyranitar|0 fnt
|-heal|p1a: Kommo-o|83/100 tox|[from] drain|[of] p2a: Tyranitar
|faint|p2a: Tyranitar
|
|-weather|Sandstorm|[upkeep]
|-heal|p1a: Kommo-o|89/100 tox|[from] item: Leftovers
|-damage|p1a: Kommo-o|71/100 tox|[from] psn
|upkeep
|
|t:|1759000111
|switch|p2a: Toxapex|Toxapex, F, shiny|39/100
|turn|29
|
|t:|1759000120
|move|p1a: Kommo-o|Clangorous Soul|p1a: Kommo-o
|-boost|p1a: Kommo-o|atk|1
|-boost|p1a: Kommo-o|def|1
|-boost|p1a: Kommo-o|spa|1
|-boost|p1a: Kommo-o|spd|1
|-boost|p1a: Kommo-o|spe|1
|-damage|p1a: Kommo-o|38/100 tox
|move|p2a: Toxapex|Recover|p2a: Toxapex
|-heal|p2a: Toxapex|89/100
|
|-weather|Sandstorm|[upkeep]
|-damage|p2a: Toxapex|83/100|[from] Sandstorm
|-heal|p1a: Kommo-o|44/100 tox|[from] item: Leftovers
|-damage|p1a: Kommo-o|19/100 tox|[from] psn
|upkeep
|turn|30
|
|t:|1759000136
|move|p2a: Toxapex|Baneful Bunker|p2a: Toxapex
|-singleturn|p2a: Toxapex|move: Protect
|move|p1a: Kommo-o|Dragon Claw|p2a: Toxapex
|-activate|p2a: Toxapex|move: Protect
|
|-weather|Sandstorm|[upkeep]
|-damage|p2a: Toxapex|76/100|[from] Sandstorm
|-heal|p1a: Kommo-o|26/100 tox|[from] item: Leftovers
|-damage|p1a: Kommo-o|0 fnt|[from] psn
|faint|p1a: Kommo-o
|upkeep
|inactive|Battle timer is ON: inactive players will automatically lose when time's up. (requested by goodgrillby of ppo)
|
|t:|1759000142
|switch|p1a: Quaquaval|Quaquaval, M|88/100
|turn|31
|
|t:|1759000156
|-terastallize|p1a: Quaquaval|Steel
|move|p1a: Quaquaval|Rapid Spin|p2a: Toxapex
|-damage|p2a: Toxapex|66/100
|-boost|p1a: Quaquaval|spe|1
|move|p2a: Toxapex|Toxic|p1a: Quaquaval
|-immune|p1a: Quaquaval
|
|-weather|Sandstorm|[upkeep]
|-damage|p2a: Toxapex|59/100|[from] Sandstorm
|upkeep
|turn|32
|c|☆PREST JNR x|oh gg
|c|☆goodgrillby of ppo|What move u got
|
|t:|1759000179
|move|p1a: Quaquaval|Aqua Step|p2a: Toxapex
|-resisted|p2a: Toxapex
|-damage|p2a: Toxapex|47/100
|-boost|p1a: Quaquaval|spe|1
|move|p2a: Toxapex|Haze|p2a: Toxapex
|-clearallboost
|
|-weather|none
|upkeep
|turn|33
|c|☆goodgrillby of ppo|for last move
|
|t:|1759000186
|move|p1a: Quaquaval|Close Combat|p2a: Toxapex
|-resisted|p2a: Toxapex
|-damage|p2a: Toxapex|30/100
|-unboost|p1a: Quaquaval|def|1
|-unboost|p1a: Quaquaval|spd|1
|move|p2a: Toxapex|Recover|p2a: Toxapex
|-heal|p2a: Toxapex|80/100
|
|upkeep
|turn|34
|c|☆PREST JNR x|im cooked
|
|t:|1759000202
|switch|p1a: Garganacl|Garganacl, M|76/100 tox
|move|p2a: Toxapex|Baneful Bunker||[still]
|-fail|p2a: Toxapex
|
|-heal|p1a: Garganacl|82/100 tox|[from] item: Leftovers
|-damage|p1a: Garganacl|76/100 tox|[from] psn
|upkeep
|turn|35
|
|t:|1759000208
|move|p2a: Toxapex|Toxic|p1a: Garganacl
|-fail|p1a: Garganacl|tox
|move|p1a: Garganacl|Salt Cure|p2a: Toxapex
|-damage|p2a: Toxapex|72/100
|-start|p2a: Toxapex|Salt Cure
|
|-heal|p1a: Garganacl|82/100 tox|[from] item: Leftovers
|-damage|p1a: Garganacl|70/100 tox|[from] psn
|-damage|p2a: Toxapex|47/100|[from] Salt Cure
|upkeep
|turn|36
|
|t:|1759000214
|move|p2a: Toxapex|Recover|p2a: Toxapex
|-heal|p2a: Toxapex|97/100
|move|p1a: Garganacl|Substitute|p1a: Garganacl
|-start|p1a: Garganacl|Substitute
|-damage|p1a: Garganacl|45/100 tox
|
|-heal|p1a: Garganacl|51/100 tox|[from] item: Leftovers
|-damage|p1a: Garganacl|32/100 tox|[from] psn
|-damage|p2a: Toxapex|72/100|[from] Salt Cure
|upkeep
|turn|37
|-message|PREST JNR x forfeited.
|
|win|goodgrillby of ppo
|raw|goodgrillby of ppo's rating: 1278 &rarr; <strong>1305</strong><br />(+27 for winning)
|raw|PREST JNR x's rating: 1301 &rarr; <strong>1280</strong><br />(-21 for losing)
|l|☆PREST JNR x
|player|p2|
|l|☆goodgrillby of ppo
|player|p1|
