|j|☆CountryBoyz
|j|☆T0YE
|t:|1759051677
|gametype|singles
|player|p1|CountryBoyz|1|1386
|player|p2|T0YE|steven|1361
|gen|9
|tier|[Gen 9] OU
|rated|
|rule|HP Percentage Mod: HP is shown in percentages
|rule|Endless Battle Clause: Forcing endless battles is banned
|rule|Species Clause: Limit one of each Pokémon
|rule|OHKO Clause: OHKO moves are banned
|rule|Evasion Items Clause: Evasion items are banned
|rule|Evasion Moves Clause: Evasion moves are banned
|rule|Evasion Abilities Clause: Evasion abilities are banned
|rule|Sleep Moves Clause: Sleep-inducing moves are banned
|clearpoke
|poke|p1|Landorus-Therian, M|
|poke|p1|Cloyster, M|
|poke|p1|Raikou|
|poke|p1|Dragonite, M|
|poke|p1|Suicune|
|poke|p1|Enamorus, F|
|poke|p2|Ribombee, M|
|poke|p2|Gholdengo|
|poke|p2|Great Tusk|
|poke|p2|Raging Bolt|
|poke|p2|Ogerpon-Cornerstone, F|
|poke|p2|Ceruledge, F|
|teampreview
|inactive|Battle timer is ON: inactive players will automatically lose when time's up. (requested by T0YE)
|
|t:|1759051690
|teamsize|p1|6
|teamsize|p2|6
|start
|switch|p1a: Cloyster|Cloyster, M, shiny|100/100
|switch|p2a: Ribombee|Ribombee, M, shiny|100/100
|turn|1
|
|t:|1759051697
|move|p2a: Ribombee|Sticky Web|p1a: Cloyster
|-sidestart|p1: CountryBoyz|move: Sticky Web
|move|p1a: Cloyster|Shell Smash|p1a: Cloyster
|-unboost|p1a: Cloyster|def|1
|-unboost|p1a: Cloyster|spd|1
|-boost|p1a: Cloyster|atk|2
|-boost|p1a: Cloyster|spa|2
|-boost|p1a: Cloyster|spe|2
|-enditem|p1a: Cloyster|White Herb
|-clearnegativeboost|p1a: Cloyster|[silent]
|
|upkeep
|turn|2
|
|t:|1759051706
|move|p1a: Cloyster|Icicle Spear|p2a: Ribombee
|-damage|p2a: Ribombee|67/100
|-damage|p2a: Ribombee|30/100
|-damage|p2a: Ribombee|0 fnt
|faint|p2a: Ribombee
|-hitcount|p2: Ribombee|3
|
|upkeep
|
|t:|1759051717
|switch|p2a: Ceruledge|Ceruledge, F, shiny|100/100
|turn|3
|
|t:|1759051724
|move|p1a: Cloyster|Surf|p2a: Ceruledge
|-supereffective|p2a: Ceruledge
|-enditem|p2a: Ceruledge|Focus Sash
|-damage|p2a: Ceruledge|1/100
|move|p2a: Ceruledge|Close Combat|p1a: Cloyster
|-supereffective|p1a: Cloyster
|-damage|p1a: Cloyster|31/100
|-unboost|p2a: Ceruledge|def|1
|-unboost|p2a: Ceruledge|spd|1
|
|upkeep
|turn|4
|
|t:|1759051734
|move|p2a: Ceruledge|Shadow Sneak|p1a: Cloyster
|-damage|p1a: Cloyster|12/100
|move|p1a: Cloyster|Icicle Spear|p2a: Ceruledge
|-resisted|p2a: Ceruledge
|-damage|p2a: Ceruledge|0 fnt
|faint|p2a: Ceruledge
|-hitcount|p2: Ceruledge|1
|
|upkeep
|j| T1CKLEWISH
|
|t:|1759051743
|switch|p2a: Gholdengo|Gholdengo, shiny|100/100
|-item|p2a: Gholdengo|Air Balloon
|turn|5
|
|t:|1759051749
|move|p1a: Cloyster|Surf|p2a: Gholdengo
|-damage|p2a: Gholdengo|18/100
|-enditem|p2a: Gholdengo|Air Balloon
|move|p2a: Gholdengo|Shadow Ball|p1a: Cloyster
|-damage|p1a: Cloyster|0 fnt
|faint|p1a: Cloyster
|
|upkeep
|inactive|CountryBoyz has 120 seconds left.
|
|t:|1759051779
|switch|p1a: Enamorus|Enamorus, F|100/100
|turn|6
|inactive|CountryBoyz has 120 seconds left.
|
|t:|1759051798
|-terastallize|p1a: Enamorus|Fairy
|move|p1a: Enamorus|Moonblast|p2a: Gholdengo
|-resisted|p2a: Gholdengo
|-damage|p2a: Gholdengo|0 fnt
|faint|p2a: Gholdengo
|
|upkeep
|
|t:|1759051806
|switch|p2a: Ogerpon|Ogerpon-Cornerstone, F|100/100
|turn|7
|
|t:|1759051816
|move|p1a: Enamorus|Moonblast|p2a: Ogerpon
|-ability|p2a: Ogerpon|Sturdy
|-damage|p2a: Ogerpon|1/100
|-unboost|p2a: Ogerpon|spa|1
|move|p2a: Ogerpon|Ivy Cudgel|p1a: Enamorus|[anim] Ivy Cudgel Rock
|-damage|p1a: Enamorus|0 fnt
|faint|p1a: Enamorus
|
|upkeep
|
|t:|1759051824
|switch|p1a: Dragonite|Dragonite, M, shiny|100/100
|turn|8
|
|t:|1759051830
|move|p1a: Dragonite|Extreme Speed|p2a: Ogerpon
|-resisted|p2a: Ogerpon
|-damage|p2a: Ogerpon|0 fnt
|faint|p2a: Ogerpon
|
|upkeep
|
|t:|1759051836
|switch|p2a: Great Tusk|Great Tusk, shiny|100/100
|-enditem|p2a: Great Tusk|Booster Energy
|-activate|p2a: Great Tusk|ability: Protosynthesis|[fromitem]
|-start|p2a: Great Tusk|protosynthesisatk
|turn|9
|l| T1CKLEWISH
|
|t:|1759051845
|move|p1a: Dragonite|Extreme Speed|p2a: Great Tusk
|-damage|p2a: Great Tusk|67/100
|move|p2a: Great Tusk|Rapid Spin|p1a: Dragonite
|-damage|p1a: Dragonite|89/100
|-boost|p2a: Great Tusk|spe|1
|
|upkeep
|turn|10
|
|t:|1759051853
|move|p1a: Dragonite|Extreme Speed|p2a: Great Tusk
|-damage|p2a: Great Tusk|29/100
|move|p2a: Great Tusk|Ice Spinner|p1a: Dragonite
|-supereffective|p1a: Dragonite
|-damage|p1a: Dragonite|0 fnt
|faint|p1a: Dragonite
|
|upkeep
|
|t:|1759051855
|switch|p1a: Landorus|Landorus-Therian, M, shiny|100/100
|-ability|p1a: Landorus|Intimidate|boost
|-unboost|p2a: Great Tusk|atk|1
|turn|11
|
|t:|1759051864
|switch|p1a: Suicune|Suicune|100/100
|-activate|p1a: Suicune|move: Sticky Web
|-unboost|p1a: Suicune|spe|1
|-ability|p1a: Suicune|Pressure
|move|p2a: Great Tusk|Ice Spinner|p1a: Suicune
|-resisted|p1a: Suicune
|-damage|p1a: Suicune|91/100
|
|-heal|p1a: Suicune|97/100|[from] item: Leftovers
|upkeep
|turn|12
|
|t:|1759051877
|move|p2a: Great Tusk|Close Combat|p1a: Suicune
|-damage|p1a: Suicune|56/100
|-unboost|p2a: Great Tusk|def|1
|-unboost|p2a: Great Tusk|spd|1
|move|p1a: Suicune|Calm Mind|p1a: Suicune
|-boost|p1a: Suicune|spa|1
|-boost|p1a: Suicune|spd|1
|
|-heal|p1a: Suicune|63/100|[from] item: Leftovers
|upkeep
|turn|13
|
|t:|1759051892
|-end|p2a: Great Tusk|Protosynthesis|[silent]
|switch|p2a: Raging Bolt|Raging Bolt|100/100
|-enditem|p2a: Raging Bolt|Booster Energy
|-activate|p2a: Raging Bolt|ability: Protosynthesis|[fromitem]
|-start|p2a: Raging Bolt|protosynthesisspa
|move|p1a: Suicune|Scald|p2a: Raging Bolt
|-resisted|p2a: Raging Bolt
|-damage|p2a: Raging Bolt|82/100
|
|-heal|p1a: Suicune|69/100|[from] item: Leftovers
|upkeep
|turn|14
|
|t:|1759051904
|-terastallize|p2a: Raging Bolt|Bug
|move|p2a: Raging Bolt|Calm Mind|p2a: Raging Bolt
|-boost|p2a: Raging Bolt|spa|1
|-boost|p2a: Raging Bolt|spd|1
|move|p1a: Suicune|Mirror Coat||[still]
|-fail|p1a: Suicune
|
|-heal|p1a: Suicune|75/100|[from] item: Leftovers
|upkeep
|turn|15
|
|t:|1759051914
|switch|p1a: Landorus|Landorus-Therian, M, shiny|100/100
|-ability|p1a: Landorus|Intimidate|boost
|-unboost|p2a: Raging Bolt|atk|1
|move|p2a: Raging Bolt|Thunderbolt|p1a: Landorus
|-immune|p1a: Landorus
|
|upkeep
|turn|16
|
|t:|1759051921
|move|p1a: Landorus|Rock Slide|p2a: Raging Bolt
|-supereffective|p2a: Raging Bolt
|-damage|p2a: Raging Bolt|0 fnt
|faint|p2a: Raging Bolt
|-end|p2a: Raging Bolt|Protosynthesis|[silent]
|
|upkeep
|-message|T0YE forfeited.
|
|win|CountryBoyz
|raw|CountryBoyz's rating: 1386 &rarr; <strong>1405</strong><br />(+19 for winning)
|raw|T0YE's rating: 1361 &rarr; <strong>1342</strong><br />(-19 for losing)
|l|☆T0YE
|player|p2|
