|raw|<div class="broadcast-blue"><strong>This battle is required to be public due to a player having a name starting with 'lt2'.</div>
|j|‽IndianGroyper
|j|☆LT2 lulu
|t:|1759049436
|gametype|singles
|player|p1|IndianGroyper|169|1715
|player|p2|LT2 lulu|170|1726
|gen|9
|tier|[Gen 9] OU
|rated|
|rule|HP Percentage Mod: HP is shown in percentages
|rule|Endless Battle Clause: Forcing endless battles is banned
|rule|Species Clause: Limit one of each Pokémon
|rule|OHKO Clause: OHKO moves are banned
|rule|Evasion Items Clause: Evasion items are banned
|rule|Evasion Moves Clause: Evasion moves are banned
|rule|Evasion Abilities Clause: Evasion abilities are banned
|rule|Sleep Moves Clause: Sleep-inducing moves are banned
|clearpoke
|poke|p1|Amoonguss, F|
|poke|p1|Toxapex, M|
|poke|p1|Corviknight, M|
|poke|p1|Dondozo, M|
|poke|p1|Blissey, F|
|poke|p1|Gliscor, F|
|poke|p2|Garganacl, M|
|poke|p2|Great Tusk|
|poke|p2|Corviknight, M|
|poke|p2|Hoopa-Unbound|
|poke|p2|Sinistcha|
|poke|p2|Weezing-Galar, M|
|teampreview
|inactive|Battle timer is ON: inactive players will automatically lose when time's up. (requested by IndianGroyper)
|
|t:|1759049461
|teamsize|p1|6
|teamsize|p2|6
|start
|switch|p1a: Gliscor|Gliscor, F|100/100
|switch|p2a: Garganacl|Garganacl, M, shiny|100/100
|turn|1
|
|t:|1759049485
|move|p1a: Gliscor|Earthquake|p2a: Garganacl
|-supereffective|p2a: Garganacl
|-damage|p2a: Garganacl|60/100
|move|p2a: Garganacl|Salt Cure|p1a: Gliscor
|-damage|p1a: Gliscor|90/100
|-start|p1a: Gliscor|Salt Cure
|
|-heal|p2a: Garganacl|67/100|[from] item: Leftovers
|-damage|p1a: Gliscor|78/100|[from] Salt Cure
|-status|p1a: Gliscor|tox|[from] item: Toxic Orb
|upkeep
|turn|2
|
|t:|1759049492
|move|p1a: Gliscor|Knock Off|p2a: Garganacl
|-damage|p2a: Garganacl|53/100
|-enditem|p2a: Garganacl|Leftovers|[from] move: Knock Off|[of] p1a: Gliscor
|move|p2a: Garganacl|Recover|p2a: Garganacl
|-heal|p2a: Garganacl|100/100
|
|-heal|p1a: Gliscor|90/100 tox|[from] ability: Poison Heal
|-damage|p1a: Gliscor|78/100 tox|[from] Salt Cure
|upkeep
|turn|3
|
|t:|1759049497
|move|p1a: Gliscor|Spikes|p2a: Garganacl
|-sidestart|p2: LT2 lulu|Spikes
|move|p2a: Garganacl|Stealth Rock|p1a: Gliscor
|-sidestart|p1: IndianGroyper|move: Stealth Rock
|
|-heal|p1a: Gliscor|90/100 tox|[from] ability: Poison Heal
|-damage|p1a: Gliscor|78/100 tox|[from] Salt Cure
|upkeep
|turn|4
|
|t:|1759049508
|move|p1a: Gliscor|Earthquake|p2a: Garganacl
|-supereffective|p2a: Garganacl
|-damage|p2a: Garganacl|56/100
|move|p2a: Garganacl|Salt Cure|p1a: Gliscor
|-damage|p1a: Gliscor|66/100 tox
|
|-heal|p1a: Gliscor|78/100 tox|[from] ability: Poison Heal
|-damage|p1a: Gliscor|66/100 tox|[from] Salt Cure
|upkeep
|turn|5
|
|t:|1759049516
|move|p1a: Gliscor|Earthquake|p2a: Garganacl
|-supereffective|p2a: Garganacl
|-damage|p2a: Garganacl|16/100
|move|p2a: Garganacl|Recover|p2a: Garganacl
|-heal|p2a: Garganacl|66/100
|
|-heal|p1a: Gliscor|78/100 tox|[from] ability: Poison Heal
|-damage|p1a: Gliscor|66/100 tox|[from] Salt Cure
|upkeep
|turn|6
|
|t:|1759049520
|move|p1a: Gliscor|Earthquake|p2a: Garganacl
|-supereffective|p2a: Garganacl
|-damage|p2a: Garganacl|27/100
|move|p2a: Garganacl|Recover|p2a: Garganacl
|-heal|p2a: Garganacl|77/100
|
|-heal|p1a: Gliscor|78/100 tox|[from] ability: Poison Heal
|-damage|p1a: Gliscor|66/100 tox|[from] Salt Cure
|upkeep
|turn|7
|
|t:|1759049526
|switch|p1a: Toxapex|Toxapex, M|100/100
|switch|p2a: Weezing|Weezing-Galar, M, shiny|100/100
|-ability|p2a: Weezing|Neutralizing Gas
|
|upkeep
|turn|8
|
|t:|1759049535
|switch|p1a: Amoonguss|Amoonguss, F|100/100
|move|p2a: Weezing|Will-O-Wisp|p1a: Amoonguss
|-status|p1a: Amoonguss|brn
|
|-damage|p1a: Amoonguss|94/100 brn|[from] brn
|upkeep
|turn|9
|
|t:|1759049545
|-end|p2a: Weezing|ability: Neutralizing Gas
|switch|p2a: Corviknight|Corviknight, M, shiny|100/100
|-ability|p2a: Corviknight|Pressure
|switch|p1a: Blissey|Blissey, F|100/100
|
|upkeep
|turn|10
|
|t:|1759049551
|switch|p1a: Corviknight|Corviknight, M|100/100
|-ability|p1a: Corviknight|Pressure
|move|p2a: Corviknight|U-turn|p1a: Corviknight
|-resisted|p1a: Corviknight
|-damage|p1a: Corviknight|98/100
|
|t:|1759049560
|switch|p2a: Garganacl|Garganacl, M, shiny|77/100|[from] U-turn
|-damage|p2a: Garganacl|64/100|[from] Spikes
|
|upkeep
|turn|11
|
|t:|1759049565
|switch|p1a: Toxapex|Toxapex, M|100/100
|move|p2a: Garganacl|Salt Cure|p1a: Toxapex
|-damage|p1a: Toxapex|90/100
|-start|p1a: Toxapex|Salt Cure
|
|-damage|p1a: Toxapex|66/100|[from] Salt Cure
|upkeep
|turn|12
|
|t:|1759049572
|switch|p1a: Gliscor|Gliscor, F|66/100 tox
|-damage|p1a: Gliscor|53/100 tox|[from] Stealth Rock
|move|p2a: Garganacl|Salt Cure|p1a: Gliscor
|-damage|p1a: Gliscor|41/100 tox
|-start|p1a: Gliscor|Salt Cure
|
|-heal|p1a: Gliscor|53/100 tox|[from] ability: Poison Heal
|-damage|p1a: Gliscor|41/100 tox|[from] Salt Cure
|upkeep
|turn|13
|j| egalvanc
|
|t:|1759049578
|move|p1a: Gliscor|Earthquake|p2a: Garganacl
|-supereffective|p2a: Garganacl
|-damage|p2a: Garganacl|22/100
|move|p2a: Garganacl|Recover|p2a: Garganacl
|-heal|p2a: Garganacl|72/100
|
|-heal|p1a: Gliscor|53/100 tox|[from] ability: Poison Heal
|-damage|p1a: Gliscor|41/100 tox|[from] Salt Cure
|upkeep
|turn|14
|
|t:|1759049583
|switch|p2a: Weezing|Weezing-Galar, M, shiny|100/100
|-ability|p2a: Weezing|Neutralizing Gas
|move|p1a: Gliscor|Earthquake|p2a: Weezing
|-supereffective|p2a: Weezing
|-damage|p2a: Weezing|57/100
|
|-damage|p1a: Gliscor|22/100 tox|[from] psn
|-damage|p1a: Gliscor|10/100 tox|[from] Salt Cure
|upkeep
|turn|15
|j| Sirpeanutcronch
|
|t:|1759049601
|switch|p1a: Amoonguss|Amoonguss, F|100/100 brn
|move|p2a: Weezing|Will-O-Wisp|p1a: Amoonguss
|-fail|p1a: Amoonguss|brn
|
|-damage|p1a: Amoonguss|94/100 brn|[from] brn
|upkeep
|turn|16
|
|t:|1759049607
|switch|p1a: Blissey|Blissey, F|100/100
|move|p2a: Weezing|Pain Split|p1a: Blissey
|-sethp|p1a: Blissey|65/100|[from] move: Pain Split|[silent]
|-sethp|p2a: Weezing|100/100|[from] move: Pain Split
|
|upkeep
|turn|17
|
|t:|1759049615
|-end|p2a: Weezing|ability: Neutralizing Gas
|switch|p2a: Hoopa|Hoopa-Unbound|100/100
|-damage|p2a: Hoopa|88/100|[from] Spikes
|move|p1a: Blissey|Stealth Rock|p2a: Hoopa
|-sidestart|p2: LT2 lulu|move: Stealth Rock
|
|upkeep
|turn|18
|l| Sirpeanutcronch
|
|t:|1759049625
|switch|p1a: Corviknight|Corviknight, M|98/100
|-ability|p1a: Corviknight|Pressure
|move|p2a: Hoopa|Drain Punch|p1a: Corviknight
|-damage|p1a: Corviknight|79/100
|-heal|p2a: Hoopa|99/100|[from] drain|[of] p1a: Corviknight
|
|upkeep
|turn|19
|
|t:|1759049635
|move|p2a: Hoopa|Thunderbolt|p1a: Corviknight
|-supereffective|p1a: Corviknight
|-damage|p1a: Corviknight|0 fnt
|faint|p1a: Corviknight
|
|upkeep
|
|t:|1759049640
|switch|p1a: Toxapex|Toxapex, M|99/100
|turn|20
|
|t:|1759049646
|switch|p2a: Sinistcha|Sinistcha, shiny|100/100
|move|p1a: Toxapex|Toxic|p2a: Sinistcha
|-status|p2a: Sinistcha|tox
|
|-damage|p2a: Sinistcha|94/100 tox|[from] psn
|upkeep
|turn|21
|
|t:|1759049662
|switch|p1a: Blissey|Blissey, F|65/100
|move|p2a: Sinistcha|Matcha Gotcha|p1a: Blissey
|-damage|p1a: Blissey|54/100
|-heal|p2a: Sinistcha|100/100 tox|[from] drain|[of] p1a: Blissey
|
|-damage|p2a: Sinistcha|88/100 tox|[from] psn
|upkeep
|turn|22
|j| ADM02
|j| amimec
|
|t:|1759049670
|switch|p2a: Weezing|Weezing-Galar, M, shiny|100/100
|-ability|p2a: Weezing|Neutralizing Gas
|move|p1a: Blissey|Seismic Toss|p2a: Weezing
|-damage|p2a: Weezing|70/100
|
|upkeep
|turn|23
|
|t:|1759049678
|move|p2a: Weezing|Defog|p1a: Blissey
|-unboost|p1a: Blissey|evasion|1
|-sideend|p1: IndianGroyper|Stealth Rock|[from] move: Defog|[of] p2a: Weezing
|-sideend|p2: LT2 lulu|Spikes|[from] move: Defog|[of] p2a: Weezing
|-sideend|p2: LT2 lulu|Stealth Rock|[from] move: Defog|[of] p2a: Weezing
|move|p1a: Blissey|Seismic Toss|p2a: Weezing
|-damage|p2a: Weezing|40/100
|
|upkeep
|turn|24
|
|t:|1759049684
|move|p2a: Weezing|Sludge Bomb|p1a: Blissey
|-damage|p1a: Blissey|45/100
|-status|p1a: Blissey|psn
|move|p1a: Blissey|Seismic Toss|p2a: Weezing
|-damage|p2a: Weezing|10/100
|
|-damage|p1a: Blissey|33/100 psn|[from] psn
|upkeep
|turn|25
|
|t:|1759049692
|move|p2a: Weezing|Pain Split|p1a: Blissey
|-sethp|p1a: Blissey|19/100 psn|[from] move: Pain Split|[silent]
|-sethp|p2a: Weezing|37/100|[from] move: Pain Split
|move|p1a: Blissey|Seismic Toss|p2a: Weezing
|-damage|p2a: Weezing|7/100
|
|-damage|p1a: Blissey|7/100 psn|[from] psn
|upkeep
|turn|26
|
|t:|1759049710
|move|p2a: Weezing|Sludge Bomb|p1a: Blissey
|-damage|p1a: Blissey|0 fnt
|faint|p1a: Blissey
|
|upkeep
|
|t:|1759049712
|switch|p1a: Gliscor|Gliscor, F|10/100 tox
|turn|27
|
|t:|1759049717
|-end|p2a: Weezing|ability: Neutralizing Gas
|switch|p2a: Corviknight|Corviknight, M, shiny|100/100
|-ability|p2a: Corviknight|Pressure
|move|p1a: Gliscor|Earthquake|p2a: Corviknight
|-immune|p2a: Corviknight
|
|-heal|p1a: Gliscor|22/100 tox|[from] ability: Poison Heal
|upkeep
|turn|28
|l| egalvanc
|
|t:|1759049723
|move|p1a: Gliscor|Spikes|p2a: Corviknight
|-sidestart|p2: LT2 lulu|Spikes
|move|p2a: Corviknight|U-turn|p1a: Gliscor
|-resisted|p1a: Gliscor
|-damage|p1a: Gliscor|17/100 tox
|
|t:|1759049729
|switch|p2a: Weezing|Weezing-Galar, M, shiny|7/100|[from] U-turn
|-ability|p2a: Weezing|Neutralizing Gas
|
|-damage|p1a: Gliscor|4/100 tox|[from] psn
|upkeep
|turn|29
|
|t:|1759049734
|-end|p2a: Weezing|ability: Neutralizing Gas
|switch|p2a: Corviknight|Corviknight, M, shiny|100/100
|-ability|p2a: Corviknight|Pressure
|move|p1a: Gliscor|Earthquake|p2a: Corviknight
|-immune|p2a: Corviknight
|
|-heal|p1a: Gliscor|17/100 tox|[from] ability: Poison Heal
|upkeep
|turn|30
|j| Jasonthebaboon
|
|t:|1759049751
|switch|p1a: Toxapex|Toxapex, M|100/100
|switch|p2a: Weezing|Weezing-Galar, M, shiny|7/100
|-ability|p2a: Weezing|Neutralizing Gas
|
|upkeep
|turn|31
|l| Jasonthebaboon
|
|t:|1759049756
|switch|p1a: Gliscor|Gliscor, F|17/100 tox
|move|p2a: Weezing|Pain Split|p1a: Gliscor
|-sethp|p1a: Gliscor|12/100 tox|[from] move: Pain Split|[silent]
|-sethp|p2a: Weezing|12/100|[from] move: Pain Split
|
|-damage|p1a: Gliscor|5/100 tox|[from] psn
|upkeep
|turn|32
|
|t:|1759049765
|-end|p2a: Weezing|ability: Neutralizing Gas
|switch|p2a: Corviknight|Corviknight, M, shiny|100/100
|-ability|p2a: Corviknight|Pressure
|move|p1a: Gliscor|Earthquake|p2a: Corviknight
|-immune|p2a: Corviknight
|
|-heal|p1a: Gliscor|18/100 tox|[from] ability: Poison Heal
|upkeep
|turn|33
|
|t:|1759049778
|switch|p1a: Toxapex|Toxapex, M|100/100
|move|p2a: Corviknight|U-turn|p1a: Toxapex
|-resisted|p1a: Toxapex
|-damage|p1a: Toxapex|95/100
|
|t:|1759049783
|switch|p2a: Weezing|Weezing-Galar, M, shiny|12/100|[from] U-turn
|-ability|p2a: Weezing|Neutralizing Gas
|
|upkeep
|turn|34
|
|t:|1759049787
|switch|p1a: Gliscor|Gliscor, F|18/100 tox
|move|p2a: Weezing|Sludge Bomb|p1a: Gliscor
|-resisted|p1a: Gliscor
|-damage|p1a: Gliscor|6/100 tox
|
|-damage|p1a: Gliscor|0 fnt|[from] psn
|faint|p1a: Gliscor
|upkeep
|
|t:|1759049791
|switch|p1a: Dondozo|Dondozo, M|100/100
|turn|35
|
|t:|1759049797
|move|p2a: Weezing|Pain Split|p1a: Dondozo
|-sethp|p1a: Dondozo|54/100|[from] move: Pain Split|[silent]
|-sethp|p2a: Weezing|82/100|[from] move: Pain Split
|move|p1a: Dondozo|Waterfall|p2a: Weezing
|-damage|p2a: Weezing|63/100
|
|upkeep
|turn|36
|-message|IndianGroyper forfeited.
|
|win|LT2 lulu
|raw|IndianGroyper's rating: 1715 &rarr; <strong>1696</strong><br />(-19 for losing)
|raw|LT2 lulu's rating: 1726 &rarr; <strong>1745</strong><br />(+19 for winning)
|l|‽IndianGroyper
|player|p1|
|l| amimec
