|j|☆chraps58
|j|☆mljm
|t:|1759052814
|gametype|singles
|player|p1|chraps58|266|1230
|player|p2|mljm|lady|1285
|gen|9
|tier|[Gen 9] OU
|rated|
|rule|HP Percentage Mod: HP is shown in percentages
|rule|Endless Battle Clause: Forcing endless battles is banned
|rule|Species Clause: Limit one of each Pokémon
|rule|OHKO Clause: OHKO moves are banned
|rule|Evasion Items Clause: Evasion items are banned
|rule|Evasion Moves Clause: Evasion moves are banned
|rule|Evasion Abilities Clause: Evasion abilities are banned
|rule|Sleep Moves Clause: Sleep-inducing moves are banned
|clearpoke
|poke|p1|Deoxys-Speed|
|poke|p1|Iron Valiant|
|poke|p1|Zapdos|
|poke|p1|Cinderace, M|
|poke|p1|Kyurem|
|poke|p1|Gliscor, M|
|poke|p2|Clodsire, F|
|poke|p2|Dondozo, F|
|poke|p2|Alomomola, F|
|poke|p2|Talonflame, F|
|poke|p2|Toxapex, F|
|poke|p2|Blissey, F|
|teampreview
|inactive|Battle timer is ON: inactive players will automatically lose when time's up. (requested by chraps58)
|
|t:|1759052829
|teamsize|p1|6
|teamsize|p2|6
|start
|switch|p1a: Deoxys|Deoxys-Speed|100/100
|switch|p2a: Alomomola|Alomomola, F|100/100
|-ability|p1a: Deoxys|Pressure
|turn|1
|inactive|mljm has 120 seconds left.
|
|t:|1759052869
|move|p1a: Deoxys|Stealth Rock|p2a: Alomomola
|-sidestart|p2: mljm|move: Stealth Rock
|move|p2a: Alomomola|Whirlpool|p1a: Deoxys|[miss]
|-miss|p2a: Alomomola|p1a: Deoxys
|
|upkeep
|turn|2
|inactive|mljm has 120 seconds left.
|
|t:|1759052877
|move|p1a: Deoxys|Knock Off|p2a: Alomomola
|-damage|p2a: Alomomola|89/100
|-enditem|p2a: Alomomola|Heavy-Duty Boots|[from] move: Knock Off|[of] p1a: Deoxys
|move|p2a: Alomomola|Whirlpool|p1a: Deoxys
|-damage|p1a: Deoxys|92/100
|-activate|p1a: Deoxys|move: Whirlpool|[of] p2a: Alomomola
|
|-damage|p1a: Deoxys|80/100|[from] move: Whirlpool|[partiallytrapped]
|upkeep
|turn|3
|inactive|mljm has 120 seconds left.
|
|t:|1759052889
|move|p1a: Deoxys|Psycho Boost|p2a: Alomomola
|-damage|p2a: Alomomola|35/100
|-unboost|p1a: Deoxys|spa|2
|move|p2a: Alomomola|Wish|p2a: Alomomola
|
|-damage|p1a: Deoxys|68/100|[from] move: Whirlpool|[partiallytrapped]
|upkeep
|turn|4
|
|t:|1759052896
|move|p2a: Alomomola|Protect|p2a: Alomomola
|-singleturn|p2a: Alomomola|Protect
|move|p1a: Deoxys|Taunt|p2a: Alomomola
|-activate|p2a: Alomomola|move: Protect
|
|-heal|p2a: Alomomola|85/100|[from] move: Wish|[wisher] Alomomola
|-damage|p1a: Deoxys|56/100|[from] move: Whirlpool|[partiallytrapped]
|upkeep
|turn|5
|
|t:|1759052906
|move|p1a: Deoxys|Taunt|p2a: Alomomola
|-start|p2a: Alomomola|move: Taunt
|move|p2a: Alomomola|Chilling Water|p1a: Deoxys
|-damage|p1a: Deoxys|45/100
|-unboost|p1a: Deoxys|atk|1
|
|-damage|p1a: Deoxys|33/100|[from] move: Whirlpool|[partiallytrapped]
|upkeep
|turn|6
|
|t:|1759052917
|move|p1a: Deoxys|Psycho Boost|p2a: Alomomola
|-damage|p2a: Alomomola|56/100
|-unboost|p1a: Deoxys|spa|2
|move|p2a: Alomomola|Chilling Water|p1a: Deoxys
|-damage|p1a: Deoxys|22/100
|-unboost|p1a: Deoxys|atk|1
|
|-damage|p1a: Deoxys|10/100|[from] move: Whirlpool|[partiallytrapped]
|upkeep
|turn|7
|
|t:|1759052928
|move|p1a: Deoxys|Knock Off|p2a: Alomomola
|-damage|p2a: Alomomola|52/100
|move|p2a: Alomomola|Chilling Water|p1a: Deoxys
|-damage|p1a: Deoxys|0 fnt
|faint|p1a: Deoxys
|
|-end|p2a: Alomomola|move: Taunt
|upkeep
|
|t:|1759052946
|switch|p1a: Zapdos|Zapdos|100/100
|turn|8
|
|t:|1759052952
|switch|p2a: Clodsire|Clodsire, F, shiny|100/100
|move|p1a: Zapdos|Thunderbolt|p2a: Clodsire
|-immune|p2a: Clodsire
|
|upkeep
|turn|9
|
|t:|1759052959
|switch|p1a: Gliscor|Gliscor, M|100/100
|move|p2a: Clodsire|Toxic|p1a: Gliscor
|-status|p1a: Gliscor|tox
|
|upkeep
|turn|10
|
|t:|1759052969
|switch|p2a: Dondozo|Dondozo, F, shiny|100/100
|move|p1a: Gliscor|Substitute|p1a: Gliscor
|-start|p1a: Gliscor|Substitute
|-damage|p1a: Gliscor|76/100 tox
|
|-heal|p1a: Gliscor|88/100 tox|[from] ability: Poison Heal
|upkeep
|turn|11
|
|t:|1759052979
|move|p1a: Gliscor|Toxic|p2a: Dondozo
|-status|p2a: Dondozo|tox
|move|p2a: Dondozo|Liquidation|p1a: Gliscor
|-supereffective|p1a: Gliscor
|-end|p1a: Gliscor|Substitute
|
|-heal|p1a: Gliscor|100/100 tox|[from] ability: Poison Heal
|-damage|p2a: Dondozo|94/100 tox|[from] psn
|upkeep
|turn|12
|
|t:|1759052990
|switch|p1a: Zapdos|Zapdos|100/100
|move|p2a: Dondozo|Liquidation|p1a: Zapdos
|-damage|p1a: Zapdos|70/100
|
|-damage|p2a: Dondozo|82/100 tox|[from] psn
|upkeep
|turn|13
|
|t:|1759052999
|switch|p2a: Clodsire|Clodsire, F, shiny|100/100
|move|p1a: Zapdos|Thunderbolt|p2a: Clodsire
|-immune|p2a: Clodsire
|
|upkeep
|turn|14
|
|t:|1759053023
|switch|p1a: Gliscor|Gliscor, M|100/100 tox
|switch|p2a: Alomomola|Alomomola, F|86/100
|-damage|p2a: Alomomola|73/100|[from] Stealth Rock
|
|upkeep
|turn|15
|
|t:|1759053034
|switch|p2a: Dondozo|Dondozo, F, shiny|82/100 tox
|move|p1a: Gliscor|Toxic|p2a: Dondozo
|-fail|p2a: Dondozo|tox
|
|-damage|p2a: Dondozo|76/100 tox|[from] psn
|upkeep
|turn|16
|
|t:|1759053041
|switch|p1a: Zapdos|Zapdos|70/100
|move|p2a: Dondozo|Liquidation|p1a: Zapdos
|-damage|p1a: Zapdos|38/100
|
|-damage|p2a: Dondozo|64/100 tox|[from] psn
|upkeep
|turn|17
|
|t:|1759053049
|switch|p2a: Clodsire|Clodsire, F, shiny|100/100
|move|p1a: Zapdos|Roost|p1a: Zapdos
|-heal|p1a: Zapdos|88/100
|-singleturn|p1a: Zapdos|move: Roost
|
|upkeep
|turn|18
|
|t:|1759053060
|switch|p1a: Gliscor|Gliscor, M|100/100 tox
|move|p2a: Clodsire|Toxic|p1a: Gliscor
|-fail|p1a: Gliscor|tox
|
|upkeep
|turn|19
|
|t:|1759053075
|switch|p2a: Dondozo|Dondozo, F, shiny|64/100 tox
|move|p1a: Gliscor|Substitute|p1a: Gliscor
|-start|p1a: Gliscor|Substitute
|-damage|p1a: Gliscor|76/100 tox
|
|-heal|p1a: Gliscor|88/100 tox|[from] ability: Poison Heal
|-damage|p2a: Dondozo|57/100 tox|[from] psn
|upkeep
|turn|20
|
|t:|1759053085
|move|p1a: Gliscor|Earthquake|p2a: Dondozo
|-damage|p2a: Dondozo|43/100 tox
|move|p2a: Dondozo|Liquidation|p1a: Gliscor
|-supereffective|p1a: Gliscor
|-end|p1a: Gliscor|Substitute
|
|-heal|p1a: Gliscor|100/100 tox|[from] ability: Poison Heal
|-damage|p2a: Dondozo|31/100 tox|[from] psn
|upkeep
|turn|21
|
|t:|1759053102
|switch|p1a: Iron Valiant|Iron Valiant|100/100
|-enditem|p1a: Iron Valiant|Booster Energy
|-activate|p1a: Iron Valiant|ability: Quark Drive|[fromitem]
|-start|p1a: Iron Valiant|quarkdrivespe
|move|p2a: Dondozo|Rest|p2a: Dondozo
|-status|p2a: Dondozo|slp|[from] move: Rest
|-heal|p2a: Dondozo|100/100 slp|[silent]
|
|upkeep
|turn|22
|
|t:|1759053127
|switch|p2a: Clodsire|Clodsire, F, shiny|100/100
|move|p1a: Iron Valiant|Encore||[still]
|-fail|p1a: Iron Valiant
|
|upkeep
|turn|23
|
|t:|1759053145
|switch|p2a: Talonflame|Talonflame, F|100/100
|-terastallize|p1a: Iron Valiant|Steel
|move|p1a: Iron Valiant|Calm Mind|p1a: Iron Valiant
|-boost|p1a: Iron Valiant|spa|1
|-boost|p1a: Iron Valiant|spd|1
|
|upkeep
|turn|24
|
|t:|1759053154
|move|p1a: Iron Valiant|Thunderbolt|p2a: Talonflame
|-supereffective|p2a: Talonflame
|-damage|p2a: Talonflame|0 fnt
|faint|p2a: Talonflame
|
|upkeep
|inactive|mljm has 120 seconds left.
|
|t:|1759053170
|switch|p2a: Clodsire|Clodsire, F, shiny|100/100
|turn|25
|
|t:|1759053175
|move|p1a: Iron Valiant|Moonblast|p2a: Clodsire
|-resisted|p2a: Clodsire
|-damage|p2a: Clodsire|88/100
|move|p2a: Clodsire|Toxic|p1a: Iron Valiant
|-immune|p1a: Iron Valiant
|
|upkeep
|turn|26
|
|t:|1759053183
|move|p1a: Iron Valiant|Encore|p2a: Clodsire
|-start|p2a: Clodsire|Encore
|move|p2a: Clodsire|Toxic|p1a: Iron Valiant
|-immune|p1a: Iron Valiant
|
|upkeep
|turn|27
|
|t:|1759053188
|switch|p2a: Blissey|Blissey, F|100/100
|move|p1a: Iron Valiant|Calm Mind|p1a: Iron Valiant
|-boost|p1a: Iron Valiant|spa|1
|-boost|p1a: Iron Valiant|spd|1
|
|upkeep
|turn|28
|
|t:|1759053194
|switch|p2a: Clodsire|Clodsire, F, shiny|88/100
|move|p1a: Iron Valiant|Moonblast|p2a: Clodsire
|-resisted|p2a: Clodsire
|-damage|p2a: Clodsire|74/100
|-unboost|p2a: Clodsire|spa|1
|
|upkeep
|turn|29
|
|t:|1759053201
|move|p1a: Iron Valiant|Moonblast|p2a: Clodsire
|-resisted|p2a: Clodsire
|-damage|p2a: Clodsire|63/100
|move|p2a: Clodsire|Earthquake|p1a: Iron Valiant
|-supereffective|p1a: Iron Valiant
|-damage|p1a: Iron Valiant|27/100
|
|upkeep
|turn|30
|
|t:|1759053216
|-end|p1a: Iron Valiant|Quark Drive|[silent]
|switch|p1a: Gliscor|Gliscor, M|100/100 tox
|move|p2a: Clodsire|Earthquake|p1a: Gliscor
|-immune|p1a: Gliscor
|
|upkeep
|turn|31
|
|t:|1759053227
|switch|p2a: Alomomola|Alomomola, F|100/100
|-damage|p2a: Alomomola|88/100|[from] Stealth Rock
|move|p1a: Gliscor|Earthquake|p2a: Alomomola
|-damage|p2a: Alomomola|71/100
|
|upkeep
|turn|32
|
|t:|1759053251
|switch|p1a: Zapdos|Zapdos|88/100
|switch|p2a: Dondozo|Dondozo, F, shiny|100/100 slp
|
|upkeep
|turn|33
|
|t:|1759053277
|switch|p1a: Kyurem|Kyurem|100/100
|-ability|p1a: Kyurem|Pressure
|switch|p2a: Clodsire|Clodsire, F, shiny|63/100
|
|upkeep
|turn|34
|inactive|chraps58 has 120 seconds left.
|
|t:|1759053303
|switch|p2a: Blissey|Blissey, F|100/100
|move|p1a: Kyurem|Icicle Spear|p2a: Blissey
|-damage|p2a: Blissey|71/100
|-damage|p2a: Blissey|41/100
|-damage|p2a: Blissey|12/100
|-damage|p2a: Blissey|0 fnt
|faint|p2a: Blissey
|-hitcount|p2: Blissey|4
|
|upkeep
|inactive|mljm has 120 seconds left.
|
|t:|1759053319
|switch|p2a: Dondozo|Dondozo, F, shiny|100/100 slp
|turn|35
|inactive|chraps58 has 120 seconds left.
|
|t:|1759053331
|switch|p1a: Zapdos|Zapdos|88/100
|cant|p2a: Dondozo|slp
|move|p2a: Dondozo|Sleep Talk|p2a: Dondozo
|move|p2a: Dondozo|Rest||[from] move: Sleep Talk|[still]
|-fail|p2a: Dondozo
|
|upkeep
|turn|36
|inactive|chraps58 has 120 seconds left.
|
|t:|1759053341
|switch|p2a: Clodsire|Clodsire, F, shiny|63/100
|move|p1a: Zapdos|Thunderbolt|p2a: Clodsire
|-immune|p2a: Clodsire
|
|upkeep
|turn|37
|inactive|chraps58 has 120 seconds left.
|
|t:|1759053351
|switch|p1a: Gliscor|Gliscor, M|100/100 tox
|move|p2a: Clodsire|Toxic|p1a: Gliscor
|-fail|p1a: Gliscor|tox
|
|upkeep
|turn|38
|
|t:|1759053358
|switch|p2a: Dondozo|Dondozo, F, shiny|100/100 slp
|move|p1a: Gliscor|Earthquake|p2a: Dondozo
|-damage|p2a: Dondozo|86/100 slp
|
|upkeep
|turn|39
|
|t:|1759053367
|switch|p1a: Zapdos|Zapdos|88/100
|cant|p2a: Dondozo|slp
|move|p2a: Dondozo|Sleep Talk|p2a: Dondozo
|move|p2a: Dondozo|Rest||[from] move: Sleep Talk|[still]
|-fail|p2a: Dondozo
|
|upkeep
|turn|40
|
|t:|1759053382
|switch|p2a: Clodsire|Clodsire, F, shiny|63/100
|move|p1a: Zapdos|Tera Blast|p2a: Clodsire
|-crit|p2a: Clodsire
|-damage|p2a: Clodsire|45/100
|
|upkeep
|turn|41
|
|t:|1759053389
|switch|p1a: Gliscor|Gliscor, M|100/100 tox
|move|p2a: Clodsire|Recover|p2a: Clodsire
|-heal|p2a: Clodsire|95/100
|
|upkeep
|turn|42
|
|t:|1759053398
|switch|p2a: Dondozo|Dondozo, F, shiny|86/100 slp
|move|p1a: Gliscor|Earthquake|p2a: Dondozo
|-damage|p2a: Dondozo|72/100 slp
|
|upkeep
|turn|43
|
|t:|1759053409
|switch|p1a: Zapdos|Zapdos|88/100
|-curestatus|p2a: Dondozo|slp|[msg]
|move|p2a: Dondozo|Liquidation|p1a: Zapdos
|-damage|p1a: Zapdos|60/100
|-status|p2a: Dondozo|par|[from] ability: Static|[of] p1a: Zapdos
|
|upkeep
|turn|44
|
|t:|1759053420
|switch|p2a: Clodsire|Clodsire, F, shiny|95/100
|move|p1a: Zapdos|Thunderbolt|p2a: Clodsire
|-immune|p2a: Clodsire
|
|upkeep
|turn|45
|
|t:|1759053437
|switch|p1a: Kyurem|Kyurem|100/100
|-ability|p1a: Kyurem|Pressure
|move|p2a: Clodsire|Toxic|p1a: Kyurem
|-status|p1a: Kyurem|tox
|
|-damage|p1a: Kyurem|94/100 tox|[from] psn
|upkeep
|turn|46
|
|t:|1759053450
|switch|p2a: Dondozo|Dondozo, F, shiny|72/100 par
|move|p1a: Kyurem|Icicle Spear|p2a: Dondozo
|-resisted|p2a: Dondozo
|-damage|p2a: Dondozo|69/100 par
|-resisted|p2a: Dondozo
|-damage|p2a: Dondozo|65/100 par
|-resisted|p2a: Dondozo
|-damage|p2a: Dondozo|62/100 par
|-resisted|p2a: Dondozo
|-damage|p2a: Dondozo|59/100 par
|-hitcount|p2a: Dondozo|4
|
|-damage|p1a: Kyurem|82/100 tox|[from] psn
|upkeep
|turn|47
|
|t:|1759053462
|switch|p1a: Zapdos|Zapdos|60/100
|move|p2a: Dondozo|Rest|p2a: Dondozo
|-status|p2a: Dondozo|slp|[from] move: Rest
|-heal|p2a: Dondozo|100/100 slp|[silent]
|
|upkeep
|turn|48
|
|t:|1759053472
|switch|p2a: Clodsire|Clodsire, F, shiny|95/100
|move|p1a: Zapdos|Roost|p1a: Zapdos
|-heal|p1a: Zapdos|100/100
|-singleturn|p1a: Zapdos|move: Roost
|
|upkeep
|turn|49
|
|t:|1759053483
|switch|p1a: Gliscor|Gliscor, M|100/100 tox
|move|p2a: Clodsire|Haze|p2a: Clodsire
|-clearallboost
|
|upkeep
|turn|50
|
|t:|1759053497
|switch|p1a: Iron Valiant|Iron Valiant, tera:Steel|27/100
|switch|p2a: Dondozo|Dondozo, F, shiny|100/100 slp
|
|upkeep
|turn|51
|
|t:|1759053517
|switch|p2a: Clodsire|Clodsire, F, shiny|95/100
|move|p1a: Iron Valiant|Thunderbolt|p2a: Clodsire
|-immune|p2a: Clodsire
|
|upkeep
|turn|52
|
|t:|1759053528
|-end|p1a: Iron Valiant|Quark Drive|[silent]
|switch|p1a: Gliscor|Gliscor, M|100/100 tox
|move|p2a: Clodsire|Earthquake|p1a: Gliscor
|-immune|p1a: Gliscor
|
|upkeep
|turn|53
|
|t:|1759053540
|switch|p2a: Dondozo|Dondozo, F, shiny|100/100 slp
|move|p1a: Gliscor|Earthquake|p2a: Dondozo
|-damage|p2a: Dondozo|85/100 slp
|
|upkeep
|turn|54
|
|t:|1759053548
|switch|p1a: Zapdos|Zapdos|100/100
|cant|p2a: Dondozo|slp
|move|p2a: Dondozo|Sleep Talk|p2a: Dondozo
|move|p2a: Dondozo|Liquidation|p1a: Zapdos|[from] move: Sleep Talk
|-damage|p1a: Zapdos|70/100
|
|upkeep
|turn|55
|
|t:|1759053561
|switch|p1a: Gliscor|Gliscor, M|100/100 tox
|switch|p2a: Clodsire|Clodsire, F, shiny|95/100
|
|upkeep
|turn|56
|
|t:|1759053570
|switch|p2a: Dondozo|Dondozo, F, shiny|85/100 slp
|move|p1a: Gliscor|Substitute|p1a: Gliscor
|-start|p1a: Gliscor|Substitute
|-damage|p1a: Gliscor|76/100 tox
|
|-heal|p1a: Gliscor|88/100 tox|[from] ability: Poison Heal
|upkeep
|turn|57
|
|t:|1759053581
|move|p1a: Gliscor|Earthquake|p2a: Dondozo
|-damage|p2a: Dondozo|69/100 slp
|cant|p2a: Dondozo|slp
|move|p2a: Dondozo|Sleep Talk|p2a: Dondozo
|move|p2a: Dondozo|Body Press|p1a: Gliscor|[from] move: Sleep Talk
|-resisted|p1a: Gliscor
|-activate|p1a: Gliscor|move: Substitute|[damage]
|
|-heal|p1a: Gliscor|100/100 tox|[from] ability: Poison Heal
|upkeep
|turn|58
|
|t:|1759053592
|move|p1a: Gliscor|Earthquake|p2a: Dondozo
|-damage|p2a: Dondozo|55/100 slp
|-curestatus|p2a: Dondozo|slp|[msg]
|move|p2a: Dondozo|Liquidation|p1a: Gliscor
|-supereffective|p1a: Gliscor
|-end|p1a: Gliscor|Substitute
|
|upkeep
|turn|59
|
|t:|1759053611
|switch|p1a: Zapdos|Zapdos|70/100
|move|p2a: Dondozo|Liquidation|p1a: Zapdos
|-damage|p1a: Zapdos|42/100
|
|upkeep
|turn|60
|
|t:|1759053622
|switch|p2a: Clodsire|Clodsire, F, shiny|95/100
|move|p1a: Zapdos|Roost|p1a: Zapdos
|-heal|p1a: Zapdos|92/100
|-singleturn|p1a: Zapdos|move: Roost
|
|upkeep
|turn|61
|
|t:|1759053632
|switch|p1a: Gliscor|Gliscor, M|100/100 tox
|move|p2a: Clodsire|Toxic|p1a: Gliscor
|-fail|p1a: Gliscor|tox
|
|upkeep
|turn|62
|
|t:|1759053642
|switch|p2a: Dondozo|Dondozo, F, shiny|55/100
|move|p1a: Gliscor|Substitute|p1a: Gliscor
|-start|p1a: Gliscor|Substitute
|-damage|p1a: Gliscor|76/100 tox
|
|-heal|p1a: Gliscor|88/100 tox|[from] ability: Poison Heal
|upkeep
|turn|63
|
|t:|1759053649
|move|p1a: Gliscor|Toxic|p2a: Dondozo|[miss]
|-miss|p1a: Gliscor|p2a: Dondozo
|move|p2a: Dondozo|Liquidation|p1a: Gliscor
|-supereffective|p1a: Gliscor
|-end|p1a: Gliscor|Substitute
|
|-heal|p1a: Gliscor|100/100 tox|[from] ability: Poison Heal
|upkeep
|turn|64
|
|t:|1759053659
|move|p1a: Gliscor|Protect|p1a: Gliscor
|-singleturn|p1a: Gliscor|Protect
|move|p2a: Dondozo|Liquidation|p1a: Gliscor
|-activate|p1a: Gliscor|move: Protect
|
|upkeep
|turn|65
|
|t:|1759053669
|switch|p1a: Zapdos|Zapdos|92/100
|move|p2a: Dondozo|Body Press|p1a: Zapdos
|-resisted|p1a: Zapdos
|-damage|p1a: Zapdos|79/100
|
|upkeep
|turn|66
|
|t:|1759053684
|switch|p2a: Clodsire|Clodsire, F, shiny|95/100
|move|p1a: Zapdos|Tera Blast|p2a: Clodsire
|-damage|p2a: Clodsire|83/100
|
|upkeep
|turn|67
|c|☆mljm|cant i just
|c|☆mljm|oops
|
|t:|1759053699
|switch|p1a: Gliscor|Gliscor, M|100/100 tox
|move|p2a: Clodsire|Haze|p2a: Clodsire
|-clearallboost
|
|upkeep
|turn|68
|
|t:|1759053715
|switch|p2a: Dondozo|Dondozo, F, shiny|55/100
|move|p1a: Gliscor|Substitute|p1a: Gliscor
|-start|p1a: Gliscor|Substitute
|-damage|p1a: Gliscor|76/100 tox
|
|-heal|p1a: Gliscor|88/100 tox|[from] ability: Poison Heal
|upkeep
|turn|69
|
|t:|1759053733
|switch|p2a: Alomomola|Alomomola, F|100/100
|-damage|p2a: Alomomola|88/100|[from] Stealth Rock
|move|p1a: Gliscor|Toxic|p2a: Alomomola
|-status|p2a: Alomomola|tox
|
|-heal|p1a: Gliscor|100/100 tox|[from] ability: Poison Heal
|-damage|p2a: Alomomola|82/100 tox|[from] psn
|upkeep
|turn|70
|
|t:|1759053742
|switch|p2a: Toxapex|Toxapex, F, shiny|100/100
|move|p1a: Gliscor|Protect||[still]
|-fail|p1a: Gliscor
|
|upkeep
|turn|71
|
|t:|1759053751
|move|p1a: Gliscor|Earthquake|p2a: Toxapex
|-supereffective|p2a: Toxapex
|-damage|p2a: Toxapex|64/100
|move|p2a: Toxapex|Infestation|p1a: Gliscor
|-resisted|p1a: Gliscor
|-activate|p1a: Gliscor|move: Substitute|[damage]
|
|upkeep
|turn|72
|
|t:|1759053759
|switch|p2a: Alomomola|Alomomola, F|100/100 tox
|-damage|p2a: Alomomola|88/100 tox|[from] Stealth Rock
|move|p1a: Gliscor|Earthquake|p2a: Alomomola
|-damage|p2a: Alomomola|72/100 tox
|
|-damage|p2a: Alomomola|66/100 tox|[from] psn
|upkeep
|turn|73
|
|t:|1759053769
|switch|p2a: Toxapex|Toxapex, F, shiny|98/100
|move|p1a: Gliscor|Earthquake|p2a: Toxapex
|-supereffective|p2a: Toxapex
|-damage|p2a: Toxapex|59/100
|
|upkeep
|turn|74
|
|t:|1759053795
|switch|p2a: Alomomola|Alomomola, F|99/100 tox
|-damage|p2a: Alomomola|87/100 tox|[from] Stealth Rock
|move|p1a: Gliscor|Earthquake|p2a: Alomomola
|-crit|p2a: Alomomola
|-damage|p2a: Alomomola|62/100 tox
|
|-damage|p2a: Alomomola|56/100 tox|[from] psn
|upkeep
|turn|75
|
|t:|1759053808
|switch|p2a: Toxapex|Toxapex, F, shiny|93/100
|move|p1a: Gliscor|Protect||[still]
|-fail|p1a: Gliscor
|
|upkeep
|turn|76
|
|t:|1759053816
|switch|p2a: Alomomola|Alomomola, F|89/100 tox
|-damage|p2a: Alomomola|77/100 tox|[from] Stealth Rock
|move|p1a: Gliscor|Toxic|p2a: Alomomola
|-fail|p2a: Alomomola|tox
|
|-damage|p2a: Alomomola|71/100 tox|[from] psn
|upkeep
|turn|77
|
|t:|1759053826
|switch|p2a: Toxapex|Toxapex, F, shiny|100/100
|move|p1a: Gliscor|Toxic|p2a: Toxapex
|-immune|p2a: Toxapex
|
|upkeep
|turn|78
|
|t:|1759053832
|switch|p2a: Alomomola|Alomomola, F|100/100 tox
|-damage|p2a: Alomomola|88/100 tox|[from] Stealth Rock
|move|p1a: Gliscor|Toxic|p2a: Alomomola
|-fail|p2a: Alomomola|tox
|
|-damage|p2a: Alomomola|82/100 tox|[from] psn
|upkeep
|turn|79
|
|t:|1759053841
|switch|p2a: Toxapex|Toxapex, F, shiny|100/100
|move|p1a: Gliscor|Protect||[still]
|-fail|p1a: Gliscor
|
|upkeep
|turn|80
|
|t:|1759053853
|switch|p2a: Alomomola|Alomomola, F|100/100 tox
|-damage|p2a: Alomomola|88/100 tox|[from] Stealth Rock
|move|p1a: Gliscor|Toxic|p2a: Alomomola
|-fail|p2a: Alomomola|tox
|
|-damage|p2a: Alomomola|82/100 tox|[from] psn
|upkeep
|turn|81
|
|t:|1759053879
|switch|p2a: Toxapex|Toxapex, F, shiny|100/100
|move|p1a: Gliscor|Substitute|p1a: Gliscor
|-fail|p1a: Gliscor|move: Substitute
|
|upkeep
|turn|82
|inactive|chraps58 has 120 seconds left.
|
|t:|1759053909
|switch|p2a: Alomomola|Alomomola, F|100/100 tox
|-damage|p2a: Alomomola|88/100 tox|[from] Stealth Rock
|move|p1a: Gliscor|Substitute|p1a: Gliscor
|-fail|p1a: Gliscor|move: Substitute
|
|-damage|p2a: Alomomola|82/100 tox|[from] psn
|upkeep
|turn|83
|inactive|chraps58 has 120 seconds left.
|inactive|chraps58 has 90 seconds left.
|
|t:|1759053961
|switch|p2a: Toxapex|Toxapex, F, shiny|100/100
|move|p1a: Gliscor|Protect||[still]
|-fail|p1a: Gliscor
|
|upkeep
|turn|84
|
|t:|1759053987
|switch|p1a: Kyurem|Kyurem|82/100 tox
|-ability|p1a: Kyurem|Pressure
|switch|p2a: Alomomola|Alomomola, F|100/100 tox
|-damage|p2a: Alomomola|88/100 tox|[from] Stealth Rock
|
|-damage|p1a: Kyurem|76/100 tox|[from] psn
|-damage|p2a: Alomomola|82/100 tox|[from] psn
|upkeep
|turn|85
|
|t:|1759054000
|switch|p2a: Dondozo|Dondozo, F, shiny|55/100
|move|p1a: Kyurem|Substitute|p1a: Kyurem
|-start|p1a: Kyurem|Substitute
|-damage|p1a: Kyurem|51/100 tox
|
|-damage|p1a: Kyurem|39/100 tox|[from] psn
|upkeep
|turn|86
|inactive|chraps58 has 60 seconds left.
|
|t:|1759054025
|move|p1a: Kyurem|Outrage|p2a: Dondozo
|-damage|p2a: Dondozo|25/100
|move|p2a: Dondozo|Rest|p2a: Dondozo
|-status|p2a: Dondozo|slp|[from] move: Rest
|-heal|p2a: Dondozo|100/100 slp|[silent]
|
|-damage|p1a: Kyurem|20/100 tox|[from] psn
|upkeep
|turn|87
|
|t:|1759054035
|move|p1a: Kyurem|Outrage|p2a: Dondozo|[from] lockedmove
|-damage|p2a: Dondozo|71/100 slp
|cant|p2a: Dondozo|slp
|move|p2a: Dondozo|Sleep Talk|p2a: Dondozo
|move|p2a: Dondozo|Body Press|p1a: Kyurem|[from] move: Sleep Talk
|-supereffective|p1a: Kyurem
|-end|p1a: Kyurem|Substitute
|
|-damage|p1a: Kyurem|0 fnt|[from] psn
|faint|p1a: Kyurem
|upkeep
|
|t:|1759054041
|switch|p1a: Zapdos|Zapdos|79/100
|turn|88
|
|t:|1759054048
|switch|p2a: Clodsire|Clodsire, F, shiny|83/100
|move|p1a: Zapdos|Thunderbolt|p2a: Clodsire
|-immune|p2a: Clodsire
|
|upkeep
|turn|89
|
|t:|1759054056
|switch|p1a: Gliscor|Gliscor, M|100/100 tox
|move|p2a: Clodsire|Toxic|p1a: Gliscor
|-fail|p1a: Gliscor|tox
|
|upkeep
|turn|90
|inactive|chraps58 has 90 seconds left.
|
|t:|1759054065
|switch|p1a: Cinderace|Cinderace, M|100/100
|switch|p2a: Toxapex|Toxapex, F, shiny|100/100
|
|upkeep
|turn|91
|
|t:|1759054089
|switch|p2a: Dondozo|Dondozo, F, shiny|71/100 slp
|move|p1a: Cinderace|U-turn|p2a: Dondozo
|-start|p1a: Cinderace|typechange|Bug|[from] ability: Libero
|-damage|p2a: Dondozo|56/100 slp
|
|t:|1759054097
|switch|p1a: Iron Valiant|Iron Valiant, tera:Steel|27/100|[from] U-turn
|
|upkeep
|turn|92
|
|t:|1759054104
|switch|p2a: Clodsire|Clodsire, F, shiny|83/100
|move|p1a: Iron Valiant|Moonblast|p2a: Clodsire
|-resisted|p2a: Clodsire
|-crit|p2a: Clodsire
|-damage|p2a: Clodsire|63/100
|
|upkeep
|turn|93
|
|t:|1759054112
|-end|p1a: Iron Valiant|Quark Drive|[silent]
|switch|p1a: Gliscor|Gliscor, M|100/100 tox
|move|p2a: Clodsire|Recover|p2a: Clodsire
|-heal|p2a: Clodsire|100/100
|
|upkeep
|turn|94
|
|t:|1759054122
|move|p1a: Gliscor|Substitute|p1a: Gliscor
|-start|p1a: Gliscor|Substitute
|-damage|p1a: Gliscor|76/100 tox
|move|p2a: Clodsire|Earthquake|p1a: Gliscor
|-immune|p1a: Gliscor
|
|-heal|p1a: Gliscor|88/100 tox|[from] ability: Poison Heal
|upkeep
|turn|95
|
|t:|1759054131
|switch|p2a: Toxapex|Toxapex, F, shiny|100/100
|move|p1a: Gliscor|Toxic|p2a: Toxapex
|-immune|p2a: Toxapex
|
|-heal|p1a: Gliscor|100/100 tox|[from] ability: Poison Heal
|upkeep
|turn|96
|
|t:|1759054143
|switch|p1a: Iron Valiant|Iron Valiant, tera:Steel|27/100
|move|p2a: Toxapex|Toxic|p1a: Iron Valiant
|-immune|p1a: Iron Valiant
|
|upkeep
|turn|97
|inactive|chraps58 has 120 seconds left.
|
|t:|1759054154
|switch|p2a: Clodsire|Clodsire, F, shiny|100/100
|move|p1a: Iron Valiant|Thunderbolt|p2a: Clodsire
|-immune|p2a: Clodsire
|
|upkeep
|turn|98
|
|t:|1759054163
|move|p1a: Iron Valiant|Moonblast|p2a: Clodsire
|-resisted|p2a: Clodsire
|-damage|p2a: Clodsire|88/100
|move|p2a: Clodsire|Earthquake|p1a: Iron Valiant
|-supereffective|p1a: Iron Valiant
|-damage|p1a: Iron Valiant|0 fnt
|faint|p1a: Iron Valiant
|-end|p1a: Iron Valiant|Quark Drive|[silent]
|
|upkeep
|
|t:|1759054173
|switch|p1a: Gliscor|Gliscor, M|100/100 tox
|turn|99
|
|t:|1759054177
|switch|p2a: Alomomola|Alomomola, F|100/100 tox
|-damage|p2a: Alomomola|88/100 tox|[from] Stealth Rock
|move|p1a: Gliscor|Substitute|p1a: Gliscor
|-start|p1a: Gliscor|Substitute
|-damage|p1a: Gliscor|76/100 tox
|
|-heal|p1a: Gliscor|88/100 tox|[from] ability: Poison Heal
|-damage|p2a: Alomomola|82/100 tox|[from] psn
|upkeep
|turn|100
|
|t:|1759054189
|switch|p2a: Toxapex|Toxapex, F, shiny|100/100
|move|p1a: Gliscor|Earthquake|p2a: Toxapex
|-supereffective|p2a: Toxapex
|-damage|p2a: Toxapex|57/100
|
|-heal|p1a: Gliscor|100/100 tox|[from] ability: Poison Heal
|upkeep
|turn|101
|
|t:|1759054198
|switch|p2a: Alomomola|Alomomola, F|100/100 tox
|-damage|p2a: Alomomola|88/100 tox|[from] Stealth Rock
|move|p1a: Gliscor|Earthquake|p2a: Alomomola
|-damage|p2a: Alomomola|71/100 tox
|
|-damage|p2a: Alomomola|65/100 tox|[from] psn
|upkeep
|turn|102
|
|t:|1759054213
|move|p1a: Gliscor|Earthquake|p2a: Alomomola
|-damage|p2a: Alomomola|49/100 tox
|move|p2a: Alomomola|Wish|p2a: Alomomola
|
|-damage|p2a: Alomomola|36/100 tox|[from] psn
|upkeep
|turn|103
|
|t:|1759054222
|switch|p1a: Zapdos|Zapdos|79/100
|move|p2a: Alomomola|Protect||[still]
|-fail|p2a: Alomomola
|
|-heal|p2a: Alomomola|86/100 tox|[from] move: Wish|[wisher] Alomomola
|-damage|p2a: Alomomola|68/100 tox|[from] psn
|upkeep
|turn|104
|
|t:|1759054232
|switch|p2a: Clodsire|Clodsire, F, shiny|88/100
|move|p1a: Zapdos|Tera Blast|p2a: Clodsire
|-damage|p2a: Clodsire|77/100
|
|upkeep
|turn|105
|
|t:|1759054240
|move|p1a: Zapdos|Tera Blast|p2a: Clodsire
|-damage|p2a: Clodsire|66/100
|move|p2a: Clodsire|Earthquake|p1a: Zapdos
|-immune|p1a: Zapdos
|
|upkeep
|turn|106
|
|t:|1759054249
|move|p1a: Zapdos|Tera Blast|p2a: Clodsire
|-damage|p2a: Clodsire|53/100
|move|p2a: Clodsire|Toxic|p1a: Zapdos
|-status|p1a: Zapdos|tox
|
|-damage|p1a: Zapdos|73/100 tox|[from] psn
|upkeep
|turn|107
|c|☆mljm|:3
|
|t:|1759054261
|move|p1a: Zapdos|Tera Blast|p2a: Clodsire
|-crit|p2a: Clodsire
|-damage|p2a: Clodsire|35/100
|move|p2a: Clodsire|Recover|p2a: Clodsire
|-heal|p2a: Clodsire|85/100
|
|-damage|p1a: Zapdos|61/100 tox|[from] psn
|upkeep
|turn|108
|inactive|mljm has 120 seconds left.
|
|t:|1759054273
|move|p1a: Zapdos|Roost|p1a: Zapdos
|-heal|p1a: Zapdos|100/100 tox
|-singleturn|p1a: Zapdos|move: Roost
|move|p2a: Clodsire|Recover|p2a: Clodsire
|-heal|p2a: Clodsire|100/100
|
|-damage|p1a: Zapdos|82/100 tox|[from] psn
|upkeep
|turn|109
|inactive|mljm has 120 seconds left.
|
|t:|1759054281
|switch|p1a: Gliscor|Gliscor, M|100/100 tox
|move|p2a: Clodsire|Haze|p2a: Clodsire
|-clearallboost
|
|upkeep
|turn|110
|inactive|mljm has 120 seconds left.
|
|t:|1759054288
|switch|p2a: Alomomola|Alomomola, F|100/100 tox
|-damage|p2a: Alomomola|88/100 tox|[from] Stealth Rock
|move|p1a: Gliscor|Substitute|p1a: Gliscor
|-start|p1a: Gliscor|Substitute
|-damage|p1a: Gliscor|76/100 tox
|
|-heal|p1a: Gliscor|88/100 tox|[from] ability: Poison Heal
|-damage|p2a: Alomomola|82/100 tox|[from] psn
|upkeep
|turn|111
|inactive|mljm has 120 seconds left.
|
|t:|1759054299
|switch|p2a: Toxapex|Toxapex, F, shiny|90/100
|move|p1a: Gliscor|Substitute|p1a: Gliscor
|-fail|p1a: Gliscor|move: Substitute
|
|-heal|p1a: Gliscor|100/100 tox|[from] ability: Poison Heal
|upkeep
|turn|112
|inactive|mljm has 120 seconds left.
|
|t:|1759054310
|switch|p1a: Cinderace|Cinderace, M|100/100
|switch|p2a: Alomomola|Alomomola, F|100/100 tox
|-damage|p2a: Alomomola|88/100 tox|[from] Stealth Rock
|
|-damage|p2a: Alomomola|82/100 tox|[from] psn
|upkeep
|turn|113
|inactive|mljm has 120 seconds left.
|
|t:|1759054326
|switch|p2a: Toxapex|Toxapex, F, shiny|100/100
|move|p1a: Cinderace|U-turn|p2a: Toxapex
|-start|p1a: Cinderace|typechange|Bug|[from] ability: Libero
|-resisted|p2a: Toxapex
|-damage|p2a: Toxapex|91/100
|
|t:|1759054334
|switch|p1a: Zapdos|Zapdos|82/100 tox|[from] U-turn
|
|-damage|p1a: Zapdos|76/100 tox|[from] psn
|upkeep
|turn|114
|inactive|chraps58 has 120 seconds left.
|
|t:|1759054352
|switch|p2a: Clodsire|Clodsire, F, shiny|100/100
|move|p1a: Zapdos|Thunder Wave|p2a: Clodsire
|-immune|p2a: Clodsire
|
|-damage|p1a: Zapdos|64/100 tox|[from] psn
|upkeep
|turn|115
|inactive|chraps58 has 120 seconds left.
|
|t:|1759054374
|move|p1a: Zapdos|Roost|p1a: Zapdos
|-heal|p1a: Zapdos|100/100 tox
|-singleturn|p1a: Zapdos|move: Roost
|move|p2a: Clodsire|Haze|p2a: Clodsire
|-clearallboost
|
|-damage|p1a: Zapdos|82/100 tox|[from] psn
|upkeep
|turn|116
|inactive|chraps58 has 120 seconds left.
|inactive|mljm has 90 seconds left.
|
|t:|1759054396
|switch|p1a: Gliscor|Gliscor, M|100/100 tox
|move|p2a: Clodsire|Haze|p2a: Clodsire
|-clearallboost
|
|upkeep
|turn|117
|
|t:|1759054409
|switch|p1a: Zapdos|Zapdos|82/100 tox
|switch|p2a: Toxapex|Toxapex, F, shiny|100/100
|
|-damage|p1a: Zapdos|76/100 tox|[from] psn
|upkeep
|turn|118
|
|t:|1759054419
|switch|p2a: Clodsire|Clodsire, F, shiny|100/100
|move|p1a: Zapdos|Thunderbolt|p2a: Clodsire
|-immune|p2a: Clodsire
|
|-damage|p1a: Zapdos|64/100 tox|[from] psn
|upkeep
|turn|119
|
|t:|1759054425
|switch|p1a: Gliscor|Gliscor, M|100/100 tox
|move|p2a: Clodsire|Haze|p2a: Clodsire
|-clearallboost
|
|upkeep
|turn|120
|
|t:|1759054435
|switch|p1a: Cinderace|Cinderace, M|100/100
|switch|p2a: Toxapex|Toxapex, F, shiny|100/100
|
|upkeep
|turn|121
|
|t:|1759054444
|move|p1a: Cinderace|Pyro Ball|p2a: Toxapex
|-resisted|p2a: Toxapex
|-damage|p2a: Toxapex|83/100
|move|p2a: Toxapex|Infestation|p1a: Cinderace
|-resisted|p1a: Cinderace
|-damage|p1a: Cinderace|99/100
|-activate|p1a: Cinderace|move: Infestation|[of] p2a: Toxapex
|
|-damage|p1a: Cinderace|86/100|[from] move: Infestation|[partiallytrapped]
|upkeep
|turn|122
|
|t:|1759054460
|move|p1a: Cinderace|U-turn|p2a: Toxapex
|-start|p1a: Cinderace|typechange|Bug|[from] ability: Libero
|-resisted|p2a: Toxapex
|-damage|p2a: Toxapex|73/100
|
|t:|1759054475
|switch|p1a: Gliscor|Gliscor, M|100/100 tox|[from] U-turn
|move|p2a: Toxapex|Toxic|p1a: Gliscor
|-fail|p1a: Gliscor|tox
|
|upkeep
|turn|123
|
|t:|1759054482
|switch|p2a: Alomomola|Alomomola, F|100/100 tox
|-damage|p2a: Alomomola|88/100 tox|[from] Stealth Rock
|move|p1a: Gliscor|Earthquake|p2a: Alomomola
|-damage|p2a: Alomomola|70/100 tox
|
|-damage|p2a: Alomomola|63/100 tox|[from] psn
|upkeep
|turn|124
|
|t:|1759054495
|switch|p2a: Toxapex|Toxapex, F, shiny|100/100
|move|p1a: Gliscor|Substitute|p1a: Gliscor
|-start|p1a: Gliscor|Substitute
|-damage|p1a: Gliscor|76/100 tox
|
|-heal|p1a: Gliscor|88/100 tox|[from] ability: Poison Heal
|upkeep
|turn|125
|
|t:|1759054503
|switch|p2a: Alomomola|Alomomola, F|97/100 tox
|-damage|p2a: Alomomola|84/100 tox|[from] Stealth Rock
|move|p1a: Gliscor|Earthquake|p2a: Alomomola
|-damage|p2a: Alomomola|67/100 tox
|
|-heal|p1a: Gliscor|100/100 tox|[from] ability: Poison Heal
|-damage|p2a: Alomomola|61/100 tox|[from] psn
|upkeep
|turn|126
|
|t:|1759054516
|switch|p2a: Dondozo|Dondozo, F, shiny|56/100 slp
|move|p1a: Gliscor|Toxic||[still]
|-fail|p1a: Gliscor
|
|upkeep
|turn|127
|
|t:|1759054524
|move|p1a: Gliscor|Protect|p1a: Gliscor
|-singleturn|p1a: Gliscor|Protect
|cant|p2a: Dondozo|slp
|move|p2a: Dondozo|Sleep Talk|p2a: Dondozo
|move|p2a: Dondozo|Rest||[from] move: Sleep Talk|[still]
|-fail|p2a: Dondozo
|
|upkeep
|turn|128
|inactive|chraps58 has 90 seconds left.
|
|t:|1759054535
|move|p1a: Gliscor|Substitute|p1a: Gliscor
|-fail|p1a: Gliscor|move: Substitute
|-curestatus|p2a: Dondozo|slp|[msg]
|move|p2a: Dondozo|Liquidation|p1a: Gliscor
|-supereffective|p1a: Gliscor
|-end|p1a: Gliscor|Substitute
|
|upkeep
|turn|129
|inactive|chraps58 has 90 seconds left.
|
|t:|1759054543
|move|p1a: Gliscor|Toxic|p2a: Dondozo
|-status|p2a: Dondozo|tox
|move|p2a: Dondozo|Liquidation|p1a: Gliscor
|-supereffective|p1a: Gliscor
|-damage|p1a: Gliscor|63/100 tox
|
|-heal|p1a: Gliscor|75/100 tox|[from] ability: Poison Heal
|-damage|p2a: Dondozo|50/100 tox|[from] psn
|upkeep
|turn|130
|inactive|chraps58 has 90 seconds left.
|inactive|mljm has 60 seconds left.
|
|t:|1759054563
|move|p1a: Gliscor|Protect|p1a: Gliscor
|-singleturn|p1a: Gliscor|Protect
|move|p2a: Dondozo|Liquidation|p1a: Gliscor
|-activate|p1a: Gliscor|move: Protect
|
|-heal|p1a: Gliscor|88/100 tox|[from] ability: Poison Heal
|-damage|p2a: Dondozo|37/100 tox|[from] psn
|upkeep
|turn|131
|inactive|mljm has 60 seconds left.
|
|t:|1759054572
|move|p1a: Gliscor|Substitute|p1a: Gliscor
|-start|p1a: Gliscor|Substitute
|-damage|p1a: Gliscor|63/100 tox
|move|p2a: Dondozo|Rest|p2a: Dondozo
|-status|p2a: Dondozo|slp|[from] move: Rest
|-heal|p2a: Dondozo|100/100 slp|[silent]
|
|-heal|p1a: Gliscor|75/100 tox|[from] ability: Poison Heal
|upkeep
|turn|132
|inactive|mljm has 60 seconds left.
|
|t:|1759054588
|switch|p2a: Alomomola|Alomomola, F|95/100 tox
|-damage|p2a: Alomomola|82/100 tox|[from] Stealth Rock
|move|p1a: Gliscor|Toxic|p2a: Alomomola
|-fail|p2a: Alomomola|tox
|
|-heal|p1a: Gliscor|88/100 tox|[from] ability: Poison Heal
|-damage|p2a: Alomomola|76/100 tox|[from] psn
|upkeep
|turn|133
|inactive|mljm has 60 seconds left.
|
|t:|1759054602
|switch|p2a: Toxapex|Toxapex, F, shiny|100/100
|move|p1a: Gliscor|Substitute|p1a: Gliscor
|-fail|p1a: Gliscor|move: Substitute
|
|-heal|p1a: Gliscor|99/100 tox|[from] ability: Poison Heal
|upkeep
|turn|134
|inactive|mljm has 60 seconds left.
|
|t:|1759054609
|switch|p2a: Alomomola|Alomomola, F|100/100 tox
|-damage|p2a: Alomomola|88/100 tox|[from] Stealth Rock
|move|p1a: Gliscor|Substitute|p1a: Gliscor
|-fail|p1a: Gliscor|move: Substitute
|
|-heal|p1a: Gliscor|100/100 tox|[from] ability: Poison Heal
|-damage|p2a: Alomomola|82/100 tox|[from] psn
|upkeep
|turn|135
|inactive|mljm has 60 seconds left.
|
|t:|1759054625
|switch|p2a: Toxapex|Toxapex, F, shiny|100/100
|move|p1a: Gliscor|Toxic|p2a: Toxapex
|-immune|p2a: Toxapex
|
|upkeep
|turn|136
|inactive|mljm has 60 seconds left.
|
|t:|1759054632
|switch|p2a: Alomomola|Alomomola, F|100/100 tox
|-damage|p2a: Alomomola|88/100 tox|[from] Stealth Rock
|move|p1a: Gliscor|Toxic|p2a: Alomomola
|-fail|p2a: Alomomola|tox
|
|-damage|p2a: Alomomola|82/100 tox|[from] psn
|upkeep
|turn|137
|inactive|mljm has 60 seconds left.
|inactive|chraps58 has 60 seconds left.
|
|t:|1759054652
|switch|p2a: Toxapex|Toxapex, F, shiny|100/100
|move|p1a: Gliscor|Toxic|p2a: Toxapex
|-immune|p2a: Toxapex
|
|upkeep
|turn|138
|inactive|mljm has 60 seconds left.
|inactive|chraps58 has 30 seconds left.
|c|☆mljm|thanks for the win
|inactive|chraps58 has 20 seconds left.
|inactive|chraps58 has 15 seconds left.
|inactive|chraps58 has 10 seconds left.
|
|t:|1759054701
|switch|p2a: Alomomola|Alomomola, F|100/100 tox
|-damage|p2a: Alomomola|88/100 tox|[from] Stealth Rock
|move|p1a: Gliscor|Protect||[still]
|-fail|p1a: Gliscor
|
|-damage|p2a: Alomomola|82/100 tox|[from] psn
|upkeep
|turn|139
|inactive|chraps58 has 15 seconds left this turn.
|
|t:|1759054709
|switch|p1a: Zapdos|Zapdos|64/100 tox
|switch|p2a: Toxapex|Toxapex, F, shiny|100/100
|
|-damage|p1a: Zapdos|58/100 tox|[from] psn
|upkeep
|turn|140
|inactive|chraps58 has 20 seconds left this turn.
|inactive|chraps58 has 15 seconds left.
|
|t:|1759054718
|switch|p1a: Gliscor|Gliscor, M|100/100 tox
|switch|p2a: Clodsire|Clodsire, F, shiny|100/100
|
|upkeep
|turn|141
|inactive|chraps58 has 20 seconds left this turn.
|inactive|chraps58 has 15 seconds left.
|
|t:|1759054727
|switch|p2a: Toxapex|Toxapex, F, shiny|100/100
|move|p1a: Gliscor|Toxic|p2a: Toxapex
|-immune|p2a: Toxapex
|
|upkeep
|turn|142
|inactive|chraps58 has 20 seconds left this turn.
|inactive|chraps58 has 15 seconds left.
|inactive|chraps58 has 10 seconds left.
|inactive|chraps58 has 5 seconds left.
|
|t:|1759054743
|switch|p1a: Zapdos|Zapdos|58/100 tox
|switch|p2a: Clodsire|Clodsire, F, shiny|100/100
|
|-damage|p1a: Zapdos|52/100 tox|[from] psn
|upkeep
|turn|143
|inactive|chraps58 has 10 seconds left this turn.
|c|☆mljm|lol
|inactive|chraps58 has 5 seconds left.
|-message|chraps58 lost due to inactivity.
|
|win|mljm
|raw|chraps58's rating: 1230 &rarr; <strong>1209</strong><br />(-21 for losing)
|raw|mljm's rating: 1285 &rarr; <strong>1306</strong><br />(+21 for winning)
|c|☆mljm|ty
|c|☆mljm|:3
|l|☆chraps58
|player|p1|
