|j|☆QuinnGod
|j|☆Kristjan05
|t:|1759076842
|gametype|singles
|player|p1|QuinnGod|cameraman|1434
|player|p2|Kristjan05|red|1491
|gen|9
|tier|[Gen 9] OU
|rated|
|rule|HP Percentage Mod: HP is shown in percentages
|rule|Endless Battle Clause: Forcing endless battles is banned
|rule|Species Clause: Limit one of each Pokémon
|rule|OHKO Clause: OHKO moves are banned
|rule|Evasion Items Clause: Evasion items are banned
|rule|Evasion Moves Clause: Evasion moves are banned
|rule|Evasion Abilities Clause: Evasion abilities are banned
|rule|Sleep Moves Clause: Sleep-inducing moves are banned
|clearpoke
|poke|p1|Pelipper, F|
|poke|p1|Overqwil, M|
|poke|p1|Barraskewda, M|
|poke|p1|Thundurus-Therian, M|
|poke|p1|Scizor, M|
|poke|p1|Iron Treads|
|poke|p2|Zapdos|
|poke|p2|Great Tusk|
|poke|p2|Ogerpon-Wellspring, F|
|poke|p2|Iron Moth|
|poke|p2|Scizor, M|
|poke|p2|Dragapult, M|
|teampreview
|inactive|Battle timer is ON: inactive players will automatically lose when time's up. (requested by QuinnGod)
|
|t:|1759076856
|teamsize|p1|6
|teamsize|p2|6
|start
|switch|p1a: Pelipper|Pelipper, F|100/100
|switch|p2a: Dragapult|Dragapult, M|100/100
|-weather|RainDance|[from] ability: Drizzle|[of] p1a: Pelipper
|turn|1
|
|t:|1759076863
|switch|p1a: Iron Treads|Iron Treads|100/100
|-enditem|p1a: Iron Treads|Booster Energy
|-activate|p1a: Iron Treads|ability: Quark Drive|[fromitem]
|-start|p1a: Iron Treads|quarkdrivespe
|move|p2a: Dragapult|Will-O-Wisp|p1a: Iron Treads
|-status|p1a: Iron Treads|brn
|
|-weather|RainDance|[upkeep]
|-damage|p1a: Iron Treads|94/100 brn|[from] brn
|upkeep
|turn|2
|
|t:|1759076867
|move|p1a: Iron Treads|Stealth Rock|p2a: Dragapult
|-sidestart|p2: Kristjan05|move: Stealth Rock
|move|p2a: Dragapult|Hex|p1a: Iron Treads
|-damage|p1a: Iron Treads|23/100 brn
|
|-weather|RainDance|[upkeep]
|-damage|p1a: Iron Treads|17/100 brn|[from] brn
|upkeep
|turn|3
|
|t:|1759076871
|move|p1a: Iron Treads|Ice Spinner|p2a: Dragapult
|-supereffective|p2a: Dragapult
|-damage|p2a: Dragapult|64/100
|move|p2a: Dragapult|Hex|p1a: Iron Treads
|-damage|p1a: Iron Treads|0 fnt
|faint|p1a: Iron Treads
|-end|p1a: Iron Treads|Quark Drive|[silent]
|
|-weather|RainDance|[upkeep]
|upkeep
|
|t:|1759076874
|switch|p1a: Overqwil|Overqwil, M|100/100
|turn|4
|
|t:|1759076881
|switch|p2a: Zapdos|Zapdos|100/100
|move|p1a: Overqwil|Crunch|p2a: Zapdos
|-damage|p2a: Zapdos|60/100
|-damage|p1a: Overqwil|91/100|[from] item: Life Orb
|
|-weather|RainDance|[upkeep]
|upkeep
|turn|5
|
|t:|1759076891
|move|p1a: Overqwil|Waterfall|p2a: Zapdos
|-damage|p2a: Zapdos|22/100
|-damage|p1a: Overqwil|81/100|[from] item: Life Orb
|move|p2a: Zapdos|Thunder Wave|p1a: Overqwil
|-status|p1a: Overqwil|par
|
|-weather|RainDance|[upkeep]
|upkeep
|turn|6
|
|t:|1759076894
|move|p1a: Overqwil|Waterfall|p2a: Zapdos
|-damage|p2a: Zapdos|0 fnt
|faint|p2a: Zapdos
|-damage|p1a: Overqwil|71/100 par|[from] item: Life Orb
|
|-weather|RainDance|[upkeep]
|upkeep
|
|t:|1759076903
|switch|p2a: Ogerpon|Ogerpon-Wellspring, F|100/100
|-damage|p2a: Ogerpon|88/100|[from] Stealth Rock
|turn|7
|
|t:|1759076907
|move|p2a: Ogerpon|Ivy Cudgel|p1a: Overqwil|[anim] Ivy Cudgel Water
|-damage|p1a: Overqwil|0 fnt
|faint|p1a: Overqwil
|
|-weather|RainDance|[upkeep]
|upkeep
|
|t:|1759076921
|switch|p1a: Barraskewda|Barraskewda, M|100/100
|turn|8
|
|t:|1759076944
|switch|p1a: Scizor|Scizor, M|100/100
|move|p2a: Ogerpon|Horn Leech|p1a: Scizor
|-resisted|p1a: Scizor
|-damage|p1a: Scizor|90/100
|-heal|p2a: Ogerpon|94/100|[from] drain|[of] p1a: Scizor
|
|-weather|none
|upkeep
|turn|9
|
|t:|1759076949
|switch|p2a: Great Tusk|Great Tusk|100/100
|move|p1a: Scizor|U-turn|p2a: Great Tusk
|-resisted|p2a: Great Tusk
|-damage|p2a: Great Tusk|80/100
|
|t:|1759076956
|switch|p1a: Pelipper|Pelipper, F|100/100|[from] U-turn
|-weather|RainDance|[from] ability: Drizzle|[of] p1a: Pelipper
|
|-weather|RainDance|[upkeep]
|upkeep
|turn|10
|
|t:|1759076959
|move|p2a: Great Tusk|Rapid Spin|p1a: Pelipper
|-damage|p1a: Pelipper|87/100
|-boost|p2a: Great Tusk|spe|1
|-sideend|p2: Kristjan05|Stealth Rock|[from] move: Rapid Spin|[of] p2a: Great Tusk
|move|p1a: Pelipper|U-turn|p2a: Great Tusk
|-resisted|p2a: Great Tusk
|-damage|p2a: Great Tusk|77/100
|
|t:|1759076961
|switch|p1a: Thundurus|Thundurus-Therian, M, shiny|100/100|[from] U-turn
|
|-weather|RainDance|[upkeep]
|upkeep
|turn|11
|
|t:|1759076975
|move|p2a: Great Tusk|Ice Spinner|p1a: Thundurus
|-supereffective|p1a: Thundurus
|-damage|p1a: Thundurus|22/100
|move|p1a: Thundurus|Weather Ball|p2a: Great Tusk
|-supereffective|p2a: Great Tusk
|-damage|p2a: Great Tusk|0 fnt
|faint|p2a: Great Tusk
|-end|p2a: Great Tusk|Protosynthesis|[silent]
|
|-weather|RainDance|[upkeep]
|upkeep
|
|t:|1759076983
|switch|p2a: Ogerpon|Ogerpon-Wellspring, F|94/100
|turn|12
|
|t:|1759076989
|move|p2a: Ogerpon|Ivy Cudgel|p1a: Thundurus|[anim] Ivy Cudgel Water
|-damage|p1a: Thundurus|0 fnt
|faint|p1a: Thundurus
|
|-weather|RainDance|[upkeep]
|upkeep
|
|t:|1759076990
|switch|p1a: Scizor|Scizor, M|90/100
|turn|13
|
|t:|1759076997
|switch|p2a: Iron Moth|Iron Moth|100/100
|-enditem|p2a: Iron Moth|Booster Energy
|-activate|p2a: Iron Moth|ability: Quark Drive|[fromitem]
|-start|p2a: Iron Moth|quarkdrivespe
|move|p1a: Scizor|U-turn|p2a: Iron Moth
|-resisted|p2a: Iron Moth
|-damage|p2a: Iron Moth|79/100
|
|t:|1759076999
|switch|p1a: Barraskewda|Barraskewda, M|100/100|[from] U-turn
|
|-weather|RainDance|[upkeep]
|upkeep
|turn|14
|
|t:|1759077003
|move|p1a: Barraskewda|Liquidation|p2a: Iron Moth
|-supereffective|p2a: Iron Moth
|-damage|p2a: Iron Moth|0 fnt
|faint|p2a: Iron Moth
|-end|p2a: Iron Moth|Quark Drive|[silent]
|
|-weather|RainDance|[upkeep]
|upkeep
|
|t:|1759077010
|switch|p2a: Ogerpon|Ogerpon-Wellspring, F|94/100
|turn|15
|
|t:|1759077013
|move|p1a: Barraskewda|Poison Jab|p2a: Ogerpon
|-supereffective|p2a: Ogerpon
|-damage|p2a: Ogerpon|14/100
|move|p2a: Ogerpon|Swords Dance|p2a: Ogerpon
|-boost|p2a: Ogerpon|atk|2
|
|-weather|RainDance|[upkeep]
|upkeep
|turn|16
|
|t:|1759077018
|switch|p2a: Scizor|Scizor, M|100/100
|move|p1a: Barraskewda|Poison Jab|p2a: Scizor
|-immune|p2a: Scizor
|
|-weather|none
|upkeep
|turn|17
|
|t:|1759077024
|switch|p1a: Pelipper|Pelipper, F|87/100
|-weather|RainDance|[from] ability: Drizzle|[of] p1a: Pelipper
|move|p2a: Scizor|U-turn|p1a: Pelipper
|-resisted|p1a: Pelipper
|-damage|p1a: Pelipper|65/100
|
|t:|1759077029
|switch|p2a: Ogerpon|Ogerpon-Wellspring, F|14/100|[from] U-turn
|
|-weather|RainDance|[upkeep]
|upkeep
|turn|18
|
|t:|1759077034
|switch|p1a: Scizor|Scizor, M|90/100
|move|p2a: Ogerpon|Horn Leech|p1a: Scizor
|-resisted|p1a: Scizor
|-damage|p1a: Scizor|79/100
|-heal|p2a: Ogerpon|21/100|[from] drain|[of] p1a: Scizor
|
|-weather|RainDance|[upkeep]
|upkeep
|turn|19
|
|t:|1759077038
|switch|p2a: Scizor|Scizor, M|100/100
|move|p1a: Scizor|Bullet Punch|p2a: Scizor
|-resisted|p2a: Scizor
|-damage|p2a: Scizor|70/100
|
|-weather|RainDance|[upkeep]
|upkeep
|turn|20
|
|t:|1759077043
|move|p1a: Scizor|Bullet Punch|p2a: Scizor
|-resisted|p2a: Scizor
|-damage|p2a: Scizor|41/100
|move|p2a: Scizor|Knock Off|p1a: Scizor
|-damage|p1a: Scizor|27/100
|-enditem|p1a: Scizor|Choice Band|[from] move: Knock Off|[of] p2a: Scizor
|
|-weather|RainDance|[upkeep]
|upkeep
|turn|21
|
|t:|1759077047
|move|p2a: Scizor|Knock Off|p1a: Scizor
|-damage|p1a: Scizor|0 fnt
|faint|p1a: Scizor
|
|-weather|RainDance|[upkeep]
|upkeep
|
|t:|1759077050
|switch|p1a: Barraskewda|Barraskewda, M|100/100
|turn|22
|
|t:|1759077055
|move|p1a: Barraskewda|Close Combat|p2a: Scizor
|-damage|p2a: Scizor|0 fnt
|-unboost|p1a: Barraskewda|def|1
|-unboost|p1a: Barraskewda|spd|1
|faint|p2a: Scizor
|
|-weather|RainDance|[upkeep]
|upkeep
|
|t:|1759077058
|switch|p2a: Dragapult|Dragapult, M|64/100
|turn|23
|
|t:|1759077062
|move|p1a: Barraskewda|Flip Turn|p2a: Dragapult
|-resisted|p2a: Dragapult
|-damage|p2a: Dragapult|24/100
|
|t:|1759077065
|switch|p1a: Pelipper|Pelipper, F|65/100|[from] Flip Turn
|move|p2a: Dragapult|Will-O-Wisp|p1a: Pelipper
|-status|p1a: Pelipper|brn
|
|-weather|RainDance|[upkeep]
|-damage|p1a: Pelipper|59/100 brn|[from] brn
|upkeep
|turn|24
|
|t:|1759077068
|move|p2a: Dragapult|Hex|p1a: Pelipper
|-damage|p1a: Pelipper|0 fnt
|faint|p1a: Pelipper
|
|-weather|none
|upkeep
|
|t:|1759077070
|switch|p1a: Barraskewda|Barraskewda, M|100/100
|turn|25
|
|t:|1759077088
|move|p2a: Dragapult|Dragon Darts|p1a: Barraskewda
|-damage|p1a: Barraskewda|57/100
|-anim|p2a: Dragapult|Dragon Darts|p1a: Barraskewda
|-damage|p1a: Barraskewda|13/100
|move|p1a: Barraskewda|Poison Jab|p2a: Dragapult
|-resisted|p2a: Dragapult
|-damage|p2a: Dragapult|4/100
|
|upkeep
|turn|26
|-message|QuinnGod forfeited.
|
|win|Kristjan05
|raw|QuinnGod's rating: 1434 &rarr; <strong>1417</strong><br />(-17 for losing)
|raw|Kristjan05's rating: 1491 &rarr; <strong>1508</strong><br />(+17 for winning)
|l|☆QuinnGod
|player|p1|
|l|☆Kristjan05
|player|p2|
