|j|☆teto mono
|j|☆fewfewfqw
|t:|1758956707
|gametype|singles
|player|p1|teto mono|lady-gen4|1226
|player|p2|fewfewfqw|nurse|1166
|gen|9
|tier|[Gen 9] OU
|rated|
|rule|HP Percentage Mod: HP is shown in percentages
|rule|Endless Battle Clause: Forcing endless battles is banned
|rule|Species Clause: Limit one of each Pokémon
|rule|OHKO Clause: OHKO moves are banned
|rule|Evasion Items Clause: Evasion items are banned
|rule|Evasion Moves Clause: Evasion moves are banned
|rule|Evasion Abilities Clause: Evasion abilities are banned
|rule|Sleep Moves Clause: Sleep-inducing moves are banned
|clearpoke
|poke|p1|Clefable, F|
|poke|p1|Landorus-Therian, M|
|poke|p1|Ogerpon-Wellspring, F|
|poke|p1|Gholdengo|
|poke|p1|Dragonite, F|
|poke|p1|Morpeko, M|
|poke|p2|Comfey, M|
|poke|p2|Shiftry, F|
|poke|p2|Sudowoodo, L61, F|
|poke|p2|Bellibolt, F|
|poke|p2|Raging Bolt|
|poke|p2|Deoxys-Defense|
|teampreview
|inactive|Battle timer is ON: inactive players will automatically lose when time's up. (requested by teto mono)
|
|t:|1758956720
|teamsize|p1|6
|teamsize|p2|6
|start
|switch|p1a: Morpeko|Morpeko, M|100/100
|switch|p2a: Dabbingmf|Sudowoodo, L61, F, shiny|100/100
|turn|1
|
|t:|1758956739
|move|p1a: Morpeko|Parting Shot|p2a: Dabbingmf
|-unboost|p2a: Dabbingmf|atk|1
|-unboost|p2a: Dabbingmf|spa|1
|
|t:|1758956741
|switch|p1a: Landorus|Landorus-Therian, M|100/100|[from] Parting Shot
|-ability|p1a: Landorus|Intimidate|boost
|-unboost|p2a: Dabbingmf|atk|1
|move|p2a: Dabbingmf|Stealth Rock|p1a: Landorus
|-sidestart|p1: teto mono|move: Stealth Rock
|
|upkeep
|turn|2
|
|t:|1758956752
|move|p1a: Landorus|Swords Dance|p1a: Landorus
|-boost|p1a: Landorus|atk|2
|move|p2a: Dabbingmf|Counter||[still]
|-fail|p2a: Dabbingmf
|
|upkeep
|turn|3
|
|t:|1758956763
|move|p1a: Landorus|Earthquake|p2a: Dabbingmf
|-supereffective|p2a: Dabbingmf
|-ability|p2a: Dabbingmf|Sturdy
|-damage|p2a: Dabbingmf|1/100
|move|p2a: Dabbingmf|Counter|p1a: Landorus
|-damage|p1a: Landorus|0 fnt
|faint|p1a: Landorus
|
|upkeep
|
|t:|1758956772
|switch|p1a: Ogerpon|Ogerpon-Wellspring, F|100/100
|-damage|p1a: Ogerpon|88/100|[from] Stealth Rock
|turn|4
|-enditem|p2a: Dabbingmf|Custap Berry|[eat]
|-activate|p2a: Dabbingmf|item: Custap Berry|[consumed]
|
|t:|1758956776
|move|p2a: Dabbingmf|Endeavor|p1a: Ogerpon
|-damage|p1a: Ogerpon|1/100
|move|p1a: Ogerpon|Trailblaze|p2a: Dabbingmf
|-supereffective|p2a: Dabbingmf
|-damage|p2a: Dabbingmf|0 fnt
|-boost|p1a: Ogerpon|spe|1
|faint|p2a: Dabbingmf
|
|upkeep
|
|t:|1758956780
|switch|p2a: Comfey|Comfey, M|100/100
|turn|5
|
|t:|1758956789
|move|p2a: Comfey|Draining Kiss|p1a: Ogerpon
|-damage|p1a: Ogerpon|0 fnt
|faint|p1a: Ogerpon
|
|upkeep
|
|t:|1758956797
|switch|p1a: Clefable|Clefable, F|100/100
|-damage|p1a: Clefable|88/100|[from] Stealth Rock
|turn|6
|
|t:|1758956807
|move|p2a: Comfey|Calm Mind|p2a: Comfey
|-boost|p2a: Comfey|spa|1
|-boost|p2a: Comfey|spd|1
|move|p1a: Clefable|Cosmic Power|p1a: Clefable
|-boost|p1a: Clefable|def|1
|-boost|p1a: Clefable|spd|1
|
|-heal|p1a: Clefable|94/100|[from] item: Leftovers
|upkeep
|turn|7
|
|t:|1758956813
|move|p2a: Comfey|Draining Kiss|p1a: Clefable
|-damage|p1a: Clefable|81/100
|move|p1a: Clefable|Cosmic Power|p1a: Clefable
|-boost|p1a: Clefable|def|1
|-boost|p1a: Clefable|spd|1
|
|-heal|p1a: Clefable|87/100|[from] item: Leftovers
|upkeep
|turn|8
|
|t:|1758956821
|switch|p2a: Shiftry|Shiftry, F|100/100
|move|p1a: Clefable|Cosmic Power|p1a: Clefable
|-boost|p1a: Clefable|def|1
|-boost|p1a: Clefable|spd|1
|
|-heal|p1a: Clefable|93/100|[from] item: Leftovers
|upkeep
|turn|9
|
|t:|1758956828
|move|p2a: Shiftry|Swords Dance|p2a: Shiftry
|-boost|p2a: Shiftry|atk|2
|move|p1a: Clefable|Cosmic Power|p1a: Clefable
|-boost|p1a: Clefable|def|1
|-boost|p1a: Clefable|spd|1
|
|-heal|p1a: Clefable|99/100|[from] item: Leftovers
|upkeep
|turn|10
|
|t:|1758956833
|-terastallize|p2a: Shiftry|Stellar
|move|p2a: Shiftry|Explosion|p1a: Clefable
|-damage|p1a: Clefable|71/100
|faint|p2a: Shiftry
|move|p1a: Clefable|Cosmic Power|p1a: Clefable
|-boost|p1a: Clefable|def|1
|-boost|p1a: Clefable|spd|1
|
|-heal|p1a: Clefable|77/100|[from] item: Leftovers
|upkeep
|
|t:|1758956850
|switch|p2a: Minion|Deoxys-Defense, shiny|100/100
|-ability|p2a: Minion|Pressure
|turn|11
|
|t:|1758956863
|move|p2a: Minion|Cosmic Power|p2a: Minion
|-boost|p2a: Minion|def|1
|-boost|p2a: Minion|spd|1
|move|p1a: Clefable|Stored Power|p2a: Minion
|-resisted|p2a: Minion
|-damage|p2a: Minion|79/100
|
|-heal|p1a: Clefable|83/100|[from] item: Leftovers
|upkeep
|turn|12
|
|t:|1758956865
|move|p2a: Minion|Cosmic Power|p2a: Minion
|-boost|p2a: Minion|def|1
|-boost|p2a: Minion|spd|1
|move|p1a: Clefable|Cosmic Power|p1a: Clefable
|-boost|p1a: Clefable|def|1
|-boost|p1a: Clefable|spd|1
|
|-heal|p1a: Clefable|89/100|[from] item: Leftovers
|upkeep
|turn|13
|
|t:|1758956869
|move|p2a: Minion|Cosmic Power|p2a: Minion
|-boost|p2a: Minion|def|1
|-boost|p2a: Minion|spd|1
|move|p1a: Clefable|Stored Power|p2a: Minion
|-resisted|p2a: Minion
|-damage|p2a: Minion|54/100
|
|-heal|p1a: Clefable|95/100|[from] item: Leftovers
|upkeep
|turn|14
|
|t:|1758956873
|move|p2a: Minion|Cosmic Power|p2a: Minion
|-boost|p2a: Minion|def|1
|-boost|p2a: Minion|spd|1
|move|p1a: Clefable|Stored Power|p2a: Minion
|-resisted|p2a: Minion
|-damage|p2a: Minion|29/100
|
|-heal|p1a: Clefable|100/100|[from] item: Leftovers
|upkeep
|turn|15
|
|t:|1758956879
|move|p2a: Minion|Recover|p2a: Minion
|-heal|p2a: Minion|79/100
|move|p1a: Clefable|Stored Power|p2a: Minion
|-resisted|p2a: Minion
|-damage|p2a: Minion|55/100
|
|upkeep
|turn|16
|
|t:|1758956882
|move|p2a: Minion|Cosmic Power|p2a: Minion
|-boost|p2a: Minion|def|1
|-boost|p2a: Minion|spd|1
|move|p1a: Clefable|Stored Power|p2a: Minion
|-resisted|p2a: Minion
|-damage|p2a: Minion|32/100
|
|upkeep
|turn|17
|
|t:|1758956887
|move|p2a: Minion|Recover|p2a: Minion
|-heal|p2a: Minion|82/100
|move|p1a: Clefable|Moonblast|p2a: Minion
|-damage|p2a: Minion|56/100
|
|upkeep
|turn|18
|
|t:|1758956889
|move|p2a: Minion|Cosmic Power|p2a: Minion
|-boost|p2a: Minion|def|1
|-boost|p2a: Minion|spd|1
|move|p1a: Clefable|Moonblast|p2a: Minion
|-damage|p2a: Minion|29/100
|-unboost|p2a: Minion|spa|1
|
|upkeep
|turn|19
|
|t:|1758956891
|move|p2a: Minion|Recover|p2a: Minion
|-heal|p2a: Minion|79/100
|move|p1a: Clefable|Moonblast|p2a: Minion
|-damage|p2a: Minion|54/100
|-unboost|p2a: Minion|spa|1
|
|upkeep
|turn|20
|
|t:|1758956895
|move|p2a: Minion|Stored Power|p1a: Clefable
|-damage|p1a: Clefable|86/100
|move|p1a: Clefable|Moonblast|p2a: Minion
|-damage|p2a: Minion|28/100
|
|-heal|p1a: Clefable|92/100|[from] item: Leftovers
|upkeep
|turn|21
|
|t:|1758956899
|move|p2a: Minion|Recover|p2a: Minion
|-heal|p2a: Minion|78/100
|move|p1a: Clefable|Moonblast|p2a: Minion
|-crit|p2a: Minion
|-damage|p2a: Minion|40/100
|
|-heal|p1a: Clefable|98/100|[from] item: Leftovers
|upkeep
|turn|22
|
|t:|1758956901
|move|p2a: Minion|Recover|p2a: Minion
|-heal|p2a: Minion|91/100
|move|p1a: Clefable|Moonblast|p2a: Minion
|-damage|p2a: Minion|67/100
|
|-heal|p1a: Clefable|100/100|[from] item: Leftovers
|upkeep
|turn|23
|
|t:|1758956905
|move|p2a: Minion|Stored Power|p1a: Clefable
|-damage|p1a: Clefable|83/100
|move|p1a: Clefable|Moonblast|p2a: Minion
|-damage|p2a: Minion|38/100
|-unboost|p2a: Minion|spa|1
|
|-heal|p1a: Clefable|90/100|[from] item: Leftovers
|upkeep
|turn|24
|
|t:|1758956908
|move|p2a: Minion|Recover|p2a: Minion
|-heal|p2a: Minion|88/100
|move|p1a: Clefable|Moonblast|p2a: Minion
|-damage|p2a: Minion|62/100
|-unboost|p2a: Minion|spa|1
|
|-heal|p1a: Clefable|96/100|[from] item: Leftovers
|upkeep
|turn|25
|
|t:|1758956910
|move|p2a: Minion|Stored Power|p1a: Clefable
|-damage|p1a: Clefable|79/100
|move|p1a: Clefable|Moonblast|p2a: Minion
|-damage|p2a: Minion|34/100
|
|-heal|p1a: Clefable|85/100|[from] item: Leftovers
|upkeep
|turn|26
|
|t:|1758956912
|move|p2a: Minion|Recover|p2a: Minion
|-heal|p2a: Minion|85/100
|move|p1a: Clefable|Moonblast|p2a: Minion
|-damage|p2a: Minion|58/100
|
|-heal|p1a: Clefable|91/100|[from] item: Leftovers
|upkeep
|turn|27
|
|t:|1758956915
|move|p2a: Minion|Stored Power|p1a: Clefable
|-damage|p1a: Clefable|76/100
|move|p1a: Clefable|Moonblast|p2a: Minion
|-damage|p2a: Minion|32/100
|-unboost|p2a: Minion|spa|1
|
|-heal|p1a: Clefable|82/100|[from] item: Leftovers
|upkeep
|turn|28
|
|t:|1758956918
|move|p2a: Minion|Stored Power|p1a: Clefable
|-damage|p1a: Clefable|67/100
|move|p1a: Clefable|Moonblast|p2a: Minion
|-damage|p2a: Minion|4/100
|-unboost|p2a: Minion|spa|1
|
|-heal|p1a: Clefable|73/100|[from] item: Leftovers
|upkeep
|turn|29
|
|t:|1758956926
|move|p2a: Minion|Recover|p2a: Minion
|-heal|p2a: Minion|54/100
|move|p1a: Clefable|Stored Power|p2a: Minion
|-resisted|p2a: Minion
|-damage|p2a: Minion|31/100
|
|-heal|p1a: Clefable|79/100|[from] item: Leftovers
|upkeep
|turn|30
|
|t:|1758956932
|move|p2a: Minion|Stored Power|p1a: Clefable
|-damage|p1a: Clefable|63/100
|move|p1a: Clefable|Stored Power|p2a: Minion
|-resisted|p2a: Minion
|-damage|p2a: Minion|6/100
|
|-heal|p1a: Clefable|69/100|[from] item: Leftovers
|upkeep
|turn|31
|
|t:|1758956934
|move|p2a: Minion|Stored Power|p1a: Clefable
|-damage|p1a: Clefable|54/100
|move|p1a: Clefable|Stored Power|p2a: Minion
|-resisted|p2a: Minion
|-damage|p2a: Minion|0 fnt
|faint|p2a: Minion
|
|-heal|p1a: Clefable|60/100|[from] item: Leftovers
|upkeep
|
|t:|1758956940
|switch|p2a: Blowflex|Bellibolt, F, shiny|100/100
|turn|32
|
|t:|1758956955
|switch|p1a: Morpeko|Morpeko, M|100/100
|move|p2a: Blowflex|Zap Cannon|p1a: Morpeko|[miss]
|-miss|p2a: Blowflex|p1a: Morpeko
|
|-formechange|p1a: Morpeko|Morpeko-Hangry||[from] ability: Hunger Switch
|upkeep
|turn|33
|
|t:|1758956964
|move|p1a: Morpeko|Knock Off|p2a: Blowflex
|-damage|p2a: Blowflex|71/100
|-start|p2a: Blowflex|Charge|Knock Off|[from] ability: Electromorphosis
|-enditem|p2a: Blowflex|Iapapa Berry|[from] move: Knock Off|[of] p1a: Morpeko
|move|p2a: Blowflex|Light Screen|p2a: Blowflex
|-sidestart|p2: fewfewfqw|move: Light Screen
|
|-formechange|p1a: Morpeko|Morpeko||[from] ability: Hunger Switch
|upkeep
|turn|34
|
|t:|1758956967
|move|p1a: Morpeko|Parting Shot|p2a: Blowflex
|-unboost|p2a: Blowflex|atk|1
|-unboost|p2a: Blowflex|spa|1
|
|t:|1758956980
|switch|p1a: Dragonite|Dragonite, F|100/100|[from] Parting Shot
|-damage|p1a: Dragonite|76/100|[from] Stealth Rock
|move|p2a: Blowflex|Zap Cannon|p1a: Dragonite
|-damage|p1a: Dragonite|22/100
|-status|p1a: Dragonite|par
|-end|p2a: Blowflex|Charge|[silent]
|
|upkeep
|turn|35
|
|t:|1758956994
|move|p2a: Blowflex|Parabolic Charge|p1a: Dragonite
|-damage|p1a: Dragonite|7/100 par
|-heal|p2a: Blowflex|78/100|[from] drain|[of] p1a: Dragonite
|move|p1a: Dragonite|Scale Shot|p2a: Blowflex|[miss]
|-miss|p1a: Dragonite|p2a: Blowflex
|
|upkeep
|turn|36
|
|t:|1758957000
|move|p2a: Blowflex|Parabolic Charge|p1a: Dragonite
|-damage|p1a: Dragonite|0 fnt
|-heal|p2a: Blowflex|81/100|[from] drain|[of] p1a: Dragonite
|faint|p1a: Dragonite
|
|upkeep
|
|t:|1758957003
|switch|p1a: Gholdengo|Gholdengo|100/100
|-damage|p1a: Gholdengo|94/100|[from] Stealth Rock
|-item|p1a: Gholdengo|Air Balloon
|turn|37
|
|t:|1758957010
|move|p1a: Gholdengo|Nasty Plot|p1a: Gholdengo
|-boost|p1a: Gholdengo|spa|2
|move|p2a: Blowflex|Zap Cannon|p1a: Gholdengo|[miss]
|-miss|p2a: Blowflex|p1a: Gholdengo
|
|-sideend|p2: fewfewfqw|move: Light Screen
|upkeep
|turn|38
|
|t:|1758957018
|move|p1a: Gholdengo|Shadow Ball|p2a: Blowflex
|-damage|p2a: Blowflex|2/100
|-start|p2a: Blowflex|Charge|Shadow Ball|[from] ability: Electromorphosis
|move|p2a: Blowflex|Light Screen|p2a: Blowflex
|-sidestart|p2: fewfewfqw|move: Light Screen
|
|upkeep
|turn|39
|
|t:|1758957022
|move|p1a: Gholdengo|Shadow Ball|p2a: Blowflex
|-damage|p2a: Blowflex|0 fnt
|faint|p2a: Blowflex
|
|upkeep
|
|t:|1758957024
|switch|p2a: Steroid Xurkitree|Raging Bolt|100/100
|-enditem|p2a: Steroid Xurkitree|Booster Energy
|-activate|p2a: Steroid Xurkitree|ability: Protosynthesis|[fromitem]
|-start|p2a: Steroid Xurkitree|protosynthesisspa
|turn|40
|
|t:|1758957030
|move|p1a: Gholdengo|Shadow Ball|p2a: Steroid Xurkitree
|-damage|p2a: Steroid Xurkitree|68/100
|move|p2a: Steroid Xurkitree|Calm Mind|p2a: Steroid Xurkitree
|-boost|p2a: Steroid Xurkitree|spa|1
|-boost|p2a: Steroid Xurkitree|spd|1
|
|upkeep
|turn|41
|
|t:|1758957035
|move|p1a: Gholdengo|Shadow Ball|p2a: Steroid Xurkitree
|-damage|p2a: Steroid Xurkitree|46/100
|move|p2a: Steroid Xurkitree|Discharge|p1a: Gholdengo
|-damage|p1a: Gholdengo|10/100
|-enditem|p1a: Gholdengo|Air Balloon
|
|upkeep
|turn|42
|
|t:|1758957044
|move|p2a: Steroid Xurkitree|Thunderclap|p1a: Gholdengo
|-damage|p1a: Gholdengo|0 fnt
|faint|p1a: Gholdengo
|
|-sideend|p2: fewfewfqw|move: Light Screen
|upkeep
|-message|teto mono forfeited.
|
|win|fewfewfqw
|raw|teto mono's rating: 1226 &rarr; <strong>1197</strong><br />(-29 for losing)
|raw|fewfewfqw's rating: 1166 &rarr; <strong>1195</strong><br />(+29 for winning)
|l|☆teto mono
|player|p1|
|l|☆fewfewfqw
|player|p2|
