|j|☆are you jesus?
|j|☆MetalThunder
|t:|1758967913
|gametype|singles
|player|p1|are you jesus?|grimsley|1203
|player|p2|MetalThunder|proton|1108
|gen|9
|tier|[Gen 9] OU
|rated|
|rule|HP Percentage Mod: HP is shown in percentages
|rule|Endless Battle Clause: Forcing endless battles is banned
|rule|Species Clause: Limit one of each Pokémon
|rule|OHKO Clause: OHKO moves are banned
|rule|Evasion Items Clause: Evasion items are banned
|rule|Evasion Moves Clause: Evasion moves are banned
|rule|Evasion Abilities Clause: Evasion abilities are banned
|rule|Sleep Moves Clause: Sleep-inducing moves are banned
|clearpoke
|poke|p1|Orthworm, M|
|poke|p1|Barraskewda, M|
|poke|p1|Raikou|
|poke|p1|Frosmoth, F|
|poke|p1|Tentacruel, M|
|poke|p1|Haxorus, F|
|poke|p2|Mew|
|poke|p2|Malamar, M|
|poke|p2|Fezandipiti, M|
|poke|p2|Abomasnow, F|
|poke|p2|Skeledirge, F|
|poke|p2|Braviary-Hisui, M|
|teampreview
|c|☆MetalThunder|hi glhf
|inactive|Battle timer is ON: inactive players will automatically lose when time's up. (requested by MetalThunder)
|c|☆are you jesus?|hi
|
|t:|1758967929
|teamsize|p1|6
|teamsize|p2|6
|start
|switch|p1a: Barraskewda|Barraskewda, M|100/100
|switch|p2a: Abomasnow|Abomasnow, F|100/100
|-weather|Snowscape|[from] ability: Snow Warning|[of] p2a: Abomasnow
|turn|1
|
|t:|1758967933
|move|p1a: Barraskewda|Flip Turn|p2a: Abomasnow
|-resisted|p2a: Abomasnow
|-damage|p2a: Abomasnow|78/100
|
|t:|1758967936
|switch|p1a: Orthrelm|Orthworm, M|100/100|[from] Flip Turn
|move|p2a: Abomasnow|Leaf Storm|p1a: Orthrelm
|-resisted|p1a: Orthrelm
|-damage|p1a: Orthrelm|62/100
|-unboost|p2a: Abomasnow|spa|2
|
|-weather|Snowscape|[upkeep]
|-heal|p1a: Orthrelm|68/100|[from] item: Leftovers
|-heal|p2a: Abomasnow|84/100|[from] item: Leftovers
|upkeep
|turn|2
|
|t:|1758967945
|move|p1a: Orthrelm|Iron Defense|p1a: Orthrelm
|-boost|p1a: Orthrelm|def|2
|move|p2a: Abomasnow|Earthquake|p1a: Orthrelm
|-heal|p1a: Orthrelm|93/100|[from] ability: Earth Eater|[of] p2a: Abomasnow
|
|-weather|Snowscape|[upkeep]
|-heal|p1a: Orthrelm|99/100|[from] item: Leftovers
|-heal|p2a: Abomasnow|91/100|[from] item: Leftovers
|upkeep
|turn|3
|
|t:|1758967953
|move|p1a: Orthrelm|Body Press|p2a: Abomasnow
|-supereffective|p2a: Abomasnow
|-damage|p2a: Abomasnow|0 fnt
|faint|p2a: Abomasnow
|
|-weather|Snowscape|[upkeep]
|-heal|p1a: Orthrelm|100/100|[from] item: Leftovers
|upkeep
|
|t:|1758967962
|switch|p2a: Skeledirge|Skeledirge, F|100/100
|turn|4
|
|t:|1758967969
|switch|p1a: Tentacruel|Tentacruel, M|100/100
|move|p2a: Skeledirge|Torch Song|p1a: Tentacruel
|-resisted|p1a: Tentacruel
|-damage|p1a: Tentacruel|90/100
|-boost|p2a: Skeledirge|spa|1
|
|-weather|Snowscape|[upkeep]
|-heal|p1a: Tentacruel|96/100|[from] item: Leftovers
|upkeep
|turn|5
|
|t:|1758967975
|move|p1a: Tentacruel|Haze|p1a: Tentacruel
|-clearallboost
|move|p2a: Skeledirge|Will-O-Wisp|p1a: Tentacruel
|-status|p1a: Tentacruel|brn
|
|-weather|none
|-heal|p1a: Tentacruel|100/100 brn|[from] item: Leftovers
|-damage|p1a: Tentacruel|94/100 brn|[from] brn
|upkeep
|turn|6
|
|t:|1758967986
|switch|p2a: Braviary|Braviary-Hisui, M, shiny|100/100
|move|p1a: Tentacruel|Surf|p2a: Braviary
|-damage|p2a: Braviary|68/100
|
|-heal|p1a: Tentacruel|100/100 brn|[from] item: Leftovers
|-damage|p1a: Tentacruel|94/100 brn|[from] brn
|upkeep
|turn|7
|
|t:|1758967992
|move|p1a: Tentacruel|Toxic Spikes|p2a: Braviary
|-sidestart|p2: MetalThunder|move: Toxic Spikes
|move|p2a: Braviary|Esper Wing|p1a: Tentacruel
|-supereffective|p1a: Tentacruel
|-damage|p1a: Tentacruel|41/100 brn
|-boost|p2a: Braviary|spe|1
|
|-heal|p1a: Tentacruel|47/100 brn|[from] item: Leftovers
|-damage|p1a: Tentacruel|41/100 brn|[from] brn
|upkeep
|turn|8
|
|t:|1758968003
|move|p2a: Braviary|Esper Wing|p1a: Tentacruel
|-supereffective|p1a: Tentacruel
|-damage|p1a: Tentacruel|0 fnt
|-boost|p2a: Braviary|spe|1
|faint|p1a: Tentacruel
|
|upkeep
|
|t:|1758968014
|switch|p1a: Raikou|Raikou|100/100
|turn|9
|
|t:|1758968025
|switch|p2a: Fezandipiti|Fezandipiti, M|100/100
|-sideend|p2: MetalThunder|move: Toxic Spikes|[of] p2a: Fezandipiti
|move|p1a: Raikou|Calm Mind|p1a: Raikou
|-boost|p1a: Raikou|spa|1
|-boost|p1a: Raikou|spd|1
|
|upkeep
|turn|10
|
|t:|1758968031
|move|p1a: Raikou|Volt Switch|p2a: Fezandipiti
|-damage|p2a: Fezandipiti|46/100
|-damage|p1a: Raikou|91/100|[from] item: Life Orb
|
|t:|1758968035
|switch|p1a: Orthrelm|Orthworm, M|100/100|[from] Volt Switch
|move|p2a: Fezandipiti|Gunk Shot|p1a: Orthrelm
|-immune|p1a: Orthrelm
|
|upkeep
|turn|11
|
|t:|1758968039
|move|p2a: Fezandipiti|Protect|p2a: Fezandipiti
|-singleturn|p2a: Fezandipiti|Protect
|move|p1a: Orthrelm|Iron Defense|p1a: Orthrelm
|-boost|p1a: Orthrelm|def|2
|
|upkeep
|turn|12
|
|t:|1758968048
|switch|p2a: Malamar|Malamar, M|100/100
|move|p1a: Orthrelm|Iron Head|p2a: Malamar
|-damage|p2a: Malamar|71/100
|
|upkeep
|turn|13
|inactive|MetalThunder has 120 seconds left.
|l|☆MetalThunder
|inactive|MetalThunder disconnected and has a minute to reconnect!
|player|p2|
|j|☆MetalThunder
|inactive|MetalThunder reconnected and has 110 seconds left.
|player|p2|MetalThunder|proton|
|c|☆MetalThunder|mb
|
|t:|1758968098
|move|p2a: Malamar|Superpower|p1a: Orthrelm
|-supereffective|p1a: Orthrelm
|-damage|p1a: Orthrelm|80/100
|-boost|p2a: Malamar|atk|1
|-boost|p2a: Malamar|def|1
|move|p1a: Orthrelm|Body Press|p2a: Malamar
|-damage|p2a: Malamar|19/100
|
|-heal|p1a: Orthrelm|86/100|[from] item: Leftovers
|upkeep
|turn|14
|
|t:|1758968108
|move|p2a: Malamar|Skill Swap|p1a: Orthrelm
|-activate|p2a: Malamar|move: Skill Swap|Earth Eater|Contrary|[of] p1a: Orthrelm
|move|p1a: Orthrelm|Body Press|p2a: Malamar
|-damage|p2a: Malamar|0 fnt
|faint|p2a: Malamar
|
|-heal|p1a: Orthrelm|92/100|[from] item: Leftovers
|upkeep
|c|☆are you jesus?|don't worry
|c|☆are you jesus?|noooo this guy eats dirt
|c|☆are you jesus?|come on
|
|t:|1758968127
|switch|p2a: Mew|Mew|100/100
|turn|15
|c|☆are you jesus?|don't take that away :(
|c|☆MetalThunder|he can't now
|
|t:|1758968143
|move|p2a: Mew|Imprison|p2a: Mew
|-start|p2a: Mew|move: Imprison
|move|p1a: Orthrelm|Stealth Rock|p2a: Mew
|-sidestart|p2: MetalThunder|move: Stealth Rock
|
|-heal|p1a: Orthrelm|98/100|[from] item: Leftovers
|upkeep
|turn|16
|
|t:|1758968152
|move|p2a: Mew|Transform|p1a: Orthrelm
|-transform|p2a: Mew|p1a: Orthrelm
|cant|p1a: Orthrelm|move: Imprison|Body Press
|
|-heal|p1a: Orthrelm|100/100|[from] item: Leftovers
|upkeep
|turn|17
|
|t:|1758968161
|-activate|p1a: Orthrelm|move: Struggle
|move|p1a: Orthrelm|Struggle|p2a: Mew
|-damage|p2a: Mew|97/100
|-damage|p1a: Orthrelm|75/100|[from] recoil
|move|p2a: Mew|Stealth Rock|p1a: Orthrelm
|-sidestart|p1: are you jesus?|move: Stealth Rock
|
|-heal|p1a: Orthrelm|82/100|[from] item: Leftovers
|upkeep
|turn|18
|
|t:|1758968169
|move|p2a: Mew|Body Press|p1a: Orthrelm
|-supereffective|p1a: Orthrelm
|-damage|p1a: Orthrelm|47/100
|-activate|p1a: Orthrelm|move: Struggle
|move|p1a: Orthrelm|Struggle|p2a: Mew
|-damage|p2a: Mew|94/100
|-damage|p1a: Orthrelm|22/100|[from] recoil
|
|-heal|p1a: Orthrelm|28/100|[from] item: Leftovers
|upkeep
|turn|19
|
|t:|1758968173
|move|p2a: Mew|Body Press|p1a: Orthrelm
|-supereffective|p1a: Orthrelm
|-damage|p1a: Orthrelm|0 fnt
|faint|p1a: Orthrelm
|
|upkeep
|
|t:|1758968181
|switch|p1a: Barraskewda|Barraskewda, M|100/100
|-damage|p1a: Barraskewda|88/100|[from] Stealth Rock
|turn|20
|c|☆are you jesus?|oh I forgot shit
|inactive|MetalThunder has 120 seconds left.
|
|t:|1758968207
|-terastallize|p2a: Mew|Stellar
|move|p1a: Barraskewda|Flip Turn|p2a: Mew
|-damage|p2a: Mew|78/100
|
|t:|1758968212
|switch|p1a: Raikou|Raikou|91/100|[from] Flip Turn
|-damage|p1a: Raikou|78/100|[from] Stealth Rock
|move|p2a: Mew|Iron Head|p1a: Raikou
|-resisted|p1a: Raikou
|-damage|p1a: Raikou|56/100
|
|upkeep
|turn|21
|
|t:|1758968218
|move|p1a: Raikou|Calm Mind|p1a: Raikou
|-boost|p1a: Raikou|spa|1
|-boost|p1a: Raikou|spd|1
|move|p2a: Mew|Body Press|p1a: Raikou
|-damage|p1a: Raikou|0 fnt
|faint|p1a: Raikou
|
|upkeep
|
|t:|1758968229
|switch|p1a: Barraskewda|Barraskewda, M|88/100
|-damage|p1a: Barraskewda|76/100|[from] Stealth Rock
|turn|22
|c|☆MetalThunder|oh wow this worm is strong
|c|☆are you jesus?|yeah
|
|t:|1758968235
|move|p1a: Barraskewda|Close Combat|p2a: Mew
|-supereffective|p2a: Mew
|-crit|p2a: Mew
|-damage|p2a: Mew|0 fnt
|-unboost|p1a: Barraskewda|def|1
|-unboost|p1a: Barraskewda|spd|1
|faint|p2a: Mew
|
|upkeep
|c|☆are you jesus?|don't sleep on it
|
|t:|1758968256
|switch|p2a: Skeledirge|Skeledirge, F|100/100
|-damage|p2a: Skeledirge|76/100|[from] Stealth Rock
|turn|23
|c|☆are you jesus?|some mons can easily wall it though
|
|t:|1758968264
|switch|p1a: Haxorus|Haxorus, F|100/100
|-damage|p1a: Haxorus|88/100|[from] Stealth Rock
|-ability|p1a: Haxorus|Mold Breaker
|move|p2a: Skeledirge|Shadow Ball|p1a: Haxorus
|-damage|p1a: Haxorus|34/100
|-unboost|p1a: Haxorus|spd|1
|
|upkeep
|turn|24
|
|t:|1758968273
|move|p1a: Haxorus|Earthquake|p2a: Skeledirge
|-supereffective|p2a: Skeledirge
|-damage|p2a: Skeledirge|0 fnt
|faint|p2a: Skeledirge
|
|upkeep
|
|t:|1758968277
|switch|p2a: Fezandipiti|Fezandipiti, M|46/100
|-damage|p2a: Fezandipiti|34/100|[from] Stealth Rock
|turn|25
|
|t:|1758968297
|move|p1a: Haxorus|Iron Head|p2a: Fezandipiti
|-supereffective|p2a: Fezandipiti
|-damage|p2a: Fezandipiti|0 fnt
|faint|p2a: Fezandipiti
|
|upkeep
|c|☆MetalThunder|true, ig it's like a glass cannon
|
|t:|1758968302
|switch|p2a: Braviary|Braviary-Hisui, M, shiny|68/100
|-damage|p2a: Braviary|43/100|[from] Stealth Rock
|turn|26
|c|☆MetalThunder|oof
|c|☆are you jesus?|ghost type can easily wall the worm
|
|t:|1758968314
|move|p1a: Haxorus|Scale Shot|p2a: Braviary
|-damage|p2a: Braviary|23/100
|-damage|p2a: Braviary|4/100
|-damage|p2a: Braviary|0 fnt
|faint|p2a: Braviary
|-hitcount|p2: Braviary|3
|
|win|are you jesus?
|raw|are you jesus?'s rating: 1203 &rarr; <strong>1221</strong><br />(+18 for winning)
|raw|MetalThunder's rating: 1108 &rarr; <strong>1090</strong><br />(-18 for losing)
|c|☆are you jesus?|gg
|c|☆MetalThunder|welp gg
|l|☆are you jesus?
|player|p1|
|l|☆MetalThunder
|player|p2|
