|j|☆niccommoc
|j|☆Dabsito
|t:|1758989421
|gametype|singles
|player|p1|niccommoc|cyclist|1292
|player|p2|Dabsito|1|1273
|gen|9
|tier|[Gen 9] OU
|rated|
|rule|HP Percentage Mod: HP is shown in percentages
|rule|Endless Battle Clause: Forcing endless battles is banned
|rule|Species Clause: Limit one of each Pokémon
|rule|OHKO Clause: OHKO moves are banned
|rule|Evasion Items Clause: Evasion items are banned
|rule|Evasion Moves Clause: Evasion moves are banned
|rule|Evasion Abilities Clause: Evasion abilities are banned
|rule|Sleep Moves Clause: Sleep-inducing moves are banned
|clearpoke
|poke|p1|Ninetales-Alola, F|
|poke|p1|Kyurem|
|poke|p1|Gliscor, M|
|poke|p1|Hatterene, F|
|poke|p1|Iron Moth|
|poke|p1|Great Tusk|
|poke|p2|Garganacl, M|
|poke|p2|Illumise, F|
|poke|p2|Cryogonal|
|poke|p2|Breloom, M|
|poke|p2|Iron Jugulis|
|poke|p2|Altaria, M|
|teampreview
|
|t:|1758989433
|teamsize|p1|6
|teamsize|p2|6
|start
|switch|p1a: Ninetales|Ninetales-Alola, F|100/100
|switch|p2a: Illumise|Illumise, F|100/100
|-weather|Snowscape|[from] ability: Snow Warning|[of] p1a: Ninetales
|turn|1
|
|t:|1758989436
|move|p2a: Illumise|Thunder Wave|p1a: Ninetales|[miss]
|-miss|p2a: Illumise|p1a: Ninetales
|move|p1a: Ninetales|Aurora Veil|p1a: Ninetales
|-sidestart|p1: niccommoc|move: Aurora Veil
|
|-weather|Snowscape|[upkeep]
|upkeep
|turn|2
|
|t:|1758989441
|move|p2a: Illumise|Encore|p1a: Ninetales
|-start|p1a: Ninetales|Encore
|move|p1a: Ninetales|Aurora Veil||[still]
|-fail|p1a: Ninetales
|
|-weather|Snowscape|[upkeep]
|upkeep
|turn|3
|
|t:|1758989447
|switch|p1a: Gliscor|Gliscor, M|100/100
|move|p2a: Illumise|U-turn|p1a: Gliscor
|-resisted|p1a: Gliscor
|-damage|p1a: Gliscor|98/100
|
|t:|1758989452
|switch|p2a: Altaria|Altaria, M|100/100|[from] U-turn
|
|-weather|Snowscape|[upkeep]
|-status|p1a: Gliscor|tox|[from] item: Toxic Orb
|upkeep
|turn|4
|
|t:|1758989457
|-terastallize|p1a: Gliscor|Normal
|move|p1a: Gliscor|Swords Dance|p1a: Gliscor
|-boost|p1a: Gliscor|atk|2
|move|p2a: Altaria|Fire Spin|p1a: Gliscor
|-damage|p1a: Gliscor|94/100 tox
|-activate|p1a: Gliscor|move: Fire Spin|[of] p2a: Altaria
|
|-weather|Snowscape|[upkeep]
|-heal|p1a: Gliscor|100/100 tox|[from] ability: Poison Heal
|-damage|p1a: Gliscor|88/100 tox|[from] move: Fire Spin|[partiallytrapped]
|upkeep
|turn|5
|
|t:|1758989466
|move|p1a: Gliscor|Facade|p2a: Altaria
|-damage|p2a: Altaria|2/100
|move|p2a: Altaria|Perish Song|p2a: Altaria
|-start|p1a: Gliscor|perish3|[silent]
|-start|p2a: Altaria|perish3|[silent]
|-fieldactivate|move: Perish Song
|
|-weather|none
|-heal|p2a: Altaria|8/100|[from] item: Leftovers
|-heal|p1a: Gliscor|100/100 tox|[from] ability: Poison Heal
|-damage|p1a: Gliscor|88/100 tox|[from] move: Fire Spin|[partiallytrapped]
|-start|p1a: Gliscor|perish3
|-start|p2a: Altaria|perish3
|upkeep
|turn|6
|
|t:|1758989480
|move|p2a: Altaria|Protect|p2a: Altaria
|-singleturn|p2a: Altaria|Protect
|move|p1a: Gliscor|Facade|p2a: Altaria
|-activate|p2a: Altaria|move: Protect
|
|-heal|p2a: Altaria|14/100|[from] item: Leftovers
|-heal|p1a: Gliscor|100/100 tox|[from] ability: Poison Heal
|-damage|p1a: Gliscor|88/100 tox|[from] move: Fire Spin|[partiallytrapped]
|-start|p1a: Gliscor|perish2
|-start|p2a: Altaria|perish2
|upkeep
|turn|7
|
|t:|1758989494
|switch|p2a: Garganacl|Garganacl, M|100/100
|move|p1a: Gliscor|Facade|p2a: Garganacl
|-resisted|p2a: Garganacl
|-damage|p2a: Garganacl|75/100
|-damage|p1a: Gliscor|71/100 tox|[from] item: Rocky Helmet|[of] p2a: Garganacl
|
|-heal|p1a: Gliscor|84/100 tox|[from] ability: Poison Heal
|-end|p1a: Gliscor|Fire Spin|[partiallytrapped]|[silent]
|-start|p1a: Gliscor|perish1
|upkeep
|turn|8
|
|t:|1758989504
|switch|p1a: Ninetales|Ninetales-Alola, F|100/100
|-weather|Snowscape|[from] ability: Snow Warning|[of] p1a: Ninetales
|move|p2a: Garganacl|Stealth Rock|p1a: Ninetales
|-sidestart|p1: niccommoc|move: Stealth Rock
|
|-weather|Snowscape|[upkeep]
|-sideend|p1: niccommoc|move: Aurora Veil
|upkeep
|turn|9
|
|t:|1758989511
|move|p1a: Ninetales|Encore|p2a: Garganacl
|-start|p2a: Garganacl|Encore
|move|p2a: Garganacl|Stealth Rock||[still]
|-fail|p2a: Garganacl
|
|-weather|Snowscape|[upkeep]
|upkeep
|turn|10
|
|t:|1758989514
|switch|p2a: Breloom|Breloom, M|100/100
|move|p1a: Ninetales|Aurora Veil|p1a: Ninetales
|-sidestart|p1: niccommoc|move: Aurora Veil
|
|-weather|Snowscape|[upkeep]
|upkeep
|turn|11
|
|t:|1758989519
|switch|p2a: Illumise|Illumise, F|100/100
|move|p1a: Ninetales|Moonblast|p2a: Illumise
|-damage|p2a: Illumise|74/100
|-unboost|p2a: Illumise|spa|1
|
|-weather|Snowscape|[upkeep]
|-heal|p2a: Illumise|80/100|[from] item: Leftovers
|upkeep
|turn|12
|
|t:|1758989524
|move|p2a: Illumise|Thunder Wave|p1a: Ninetales
|-status|p1a: Ninetales|par
|move|p1a: Ninetales|Moonblast|p2a: Illumise
|-damage|p2a: Illumise|57/100
|
|-weather|none
|-heal|p2a: Illumise|63/100|[from] item: Leftovers
|upkeep
|turn|13
|
|t:|1758989534
|switch|p1a: Gliscor|Gliscor, M, tera:Normal|84/100 tox
|-damage|p1a: Gliscor|71/100 tox|[from] Stealth Rock
|move|p2a: Illumise|Wish|p2a: Illumise
|
|-heal|p2a: Illumise|69/100|[from] item: Leftovers
|-heal|p1a: Gliscor|84/100 tox|[from] ability: Poison Heal
|upkeep
|turn|14
|
|t:|1758989542
|move|p2a: Illumise|Thunder Wave||[still]
|-fail|p2a: Illumise
|move|p1a: Gliscor|Swords Dance|p1a: Gliscor
|-boost|p1a: Gliscor|atk|2
|
|-heal|p2a: Illumise|100/100|[from] move: Wish|[wisher] Illumise
|-heal|p1a: Gliscor|96/100 tox|[from] ability: Poison Heal
|upkeep
|turn|15
|
|t:|1758989549
|switch|p1a: Iron Moth|Iron Moth|100/100
|-damage|p1a: Iron Moth|76/100|[from] Stealth Rock
|-enditem|p1a: Iron Moth|Booster Energy
|-activate|p1a: Iron Moth|ability: Quark Drive|[fromitem]
|-start|p1a: Iron Moth|quarkdrivespe
|move|p2a: Illumise|Encore||[still]
|-fail|p2a: Illumise
|
|upkeep
|turn|16
|
|t:|1758989553
|move|p2a: Illumise|Thunder Wave|p1a: Iron Moth
|-status|p1a: Iron Moth|par
|move|p1a: Iron Moth|Fiery Dance|p2a: Illumise
|-supereffective|p2a: Illumise
|-damage|p2a: Illumise|26/100
|
|-heal|p2a: Illumise|32/100|[from] item: Leftovers
|upkeep
|turn|17
|
|t:|1758989565
|switch|p2a: Iron Jugulis|Iron Jugulis|100/100
|-enditem|p2a: Iron Jugulis|Booster Energy
|-activate|p2a: Iron Jugulis|ability: Quark Drive|[fromitem]
|-start|p2a: Iron Jugulis|quarkdrivespe
|move|p1a: Iron Moth|Substitute|p1a: Iron Moth
|-start|p1a: Iron Moth|Substitute
|-damage|p1a: Iron Moth|51/100 par
|
|-sideend|p1: niccommoc|move: Aurora Veil
|upkeep
|turn|18
|
|t:|1758989573
|move|p2a: Iron Jugulis|Earth Power|p1a: Iron Moth
|-supereffective|p1a: Iron Moth
|-end|p1a: Iron Moth|Substitute
|move|p1a: Iron Moth|Fiery Dance|p2a: Iron Jugulis
|-damage|p2a: Iron Jugulis|51/100
|
|upkeep
|turn|19
|
|t:|1758989583
|-end|p1a: Iron Moth|Quark Drive|[silent]
|switch|p1a: Gliscor|Gliscor, M, tera:Normal|96/100 tox
|-damage|p1a: Gliscor|84/100 tox|[from] Stealth Rock
|move|p2a: Iron Jugulis|Earth Power|p1a: Gliscor
|-damage|p1a: Gliscor|45/100 tox
|
|-heal|p1a: Gliscor|57/100 tox|[from] ability: Poison Heal
|upkeep
|turn|20
|
|t:|1758989590
|move|p2a: Iron Jugulis|Dark Pulse|p1a: Gliscor
|-damage|p1a: Gliscor|10/100 tox
|move|p1a: Gliscor|Facade|p2a: Iron Jugulis
|-damage|p2a: Iron Jugulis|0 fnt
|faint|p2a: Iron Jugulis
|-end|p2a: Iron Jugulis|Quark Drive|[silent]
|
|-heal|p1a: Gliscor|23/100 tox|[from] ability: Poison Heal
|upkeep
|
|t:|1758989596
|switch|p2a: Breloom|Breloom, M|100/100
|turn|21
|
|t:|1758989599
|switch|p1a: Hatterene|Hatterene, F|100/100
|-damage|p1a: Hatterene|88/100|[from] Stealth Rock
|move|p2a: Breloom|Mach Punch|p1a: Hatterene
|-resisted|p1a: Hatterene
|-damage|p1a: Hatterene|81/100
|
|-heal|p1a: Hatterene|87/100|[from] item: Leftovers
|upkeep
|turn|22
|
|t:|1758989604
|move|p2a: Breloom|Bullet Seed|p1a: Hatterene
|-damage|p1a: Hatterene|69/100
|-damage|p1a: Hatterene|52/100
|-damage|p1a: Hatterene|35/100
|-damage|p1a: Hatterene|17/100
|-hitcount|p1a: Hatterene|4
|move|p1a: Hatterene|Calm Mind|p1a: Hatterene
|-boost|p1a: Hatterene|spa|1
|-boost|p1a: Hatterene|spd|1
|
|-heal|p1a: Hatterene|23/100|[from] item: Leftovers
|upkeep
|turn|23
|
|t:|1758989623
|move|p2a: Breloom|Bullet Seed|p1a: Hatterene
|-damage|p1a: Hatterene|8/100
|-damage|p1a: Hatterene|0 fnt
|faint|p1a: Hatterene
|-hitcount|p1: Hatterene|2
|
|upkeep
|
|t:|1758989637
|switch|p1a: Iron Moth|Iron Moth|51/100 par
|-damage|p1a: Iron Moth|26/100 par|[from] Stealth Rock
|turn|24
|
|t:|1758989646
|move|p2a: Breloom|Rock Tomb|p1a: Iron Moth
|-supereffective|p1a: Iron Moth
|-damage|p1a: Iron Moth|0 fnt
|faint|p1a: Iron Moth
|-end|p1a: Iron Moth|Quark Drive|[silent]
|
|upkeep
|
|t:|1758989652
|switch|p1a: Great Tusk|Great Tusk|100/100
|-damage|p1a: Great Tusk|98/100|[from] Stealth Rock
|-enditem|p1a: Great Tusk|Booster Energy
|-activate|p1a: Great Tusk|ability: Protosynthesis|[fromitem]
|-start|p1a: Great Tusk|protosynthesisspe
|turn|25
|
|t:|1758989660
|move|p1a: Great Tusk|Ice Spinner|p2a: Breloom
|-supereffective|p2a: Breloom
|-damage|p2a: Breloom|49/100
|move|p2a: Breloom|Bullet Seed|p1a: Great Tusk
|-supereffective|p1a: Great Tusk
|-damage|p1a: Great Tusk|74/100
|-supereffective|p1a: Great Tusk
|-damage|p1a: Great Tusk|50/100
|-supereffective|p1a: Great Tusk
|-damage|p1a: Great Tusk|24/100
|-supereffective|p1a: Great Tusk
|-damage|p1a: Great Tusk|0 fnt
|faint|p1a: Great Tusk
|-end|p1a: Great Tusk|Protosynthesis|[silent]
|-hitcount|p1: Great Tusk|4
|
|upkeep
|
|t:|1758989671
|switch|p1a: Ninetales|Ninetales-Alola, F|100/100 par
|-damage|p1a: Ninetales|76/100 par|[from] Stealth Rock
|-weather|Snowscape|[from] ability: Snow Warning|[of] p1a: Ninetales
|turn|26
|
|t:|1758989680
|move|p2a: Breloom|Bullet Seed|p1a: Ninetales
|-damage|p1a: Ninetales|60/100 par
|-damage|p1a: Ninetales|44/100 par
|-damage|p1a: Ninetales|26/100 par
|-damage|p1a: Ninetales|10/100 par
|-damage|p1a: Ninetales|0 fnt
|faint|p1a: Ninetales
|-hitcount|p1: Ninetales|5
|
|-weather|Snowscape|[upkeep]
|upkeep
|
|t:|1758989683
|switch|p1a: Kyurem|Kyurem|100/100
|-damage|p1a: Kyurem|76/100|[from] Stealth Rock
|-ability|p1a: Kyurem|Pressure
|turn|27
|
|t:|1758989702
|switch|p2a: Cryogonal|Cryogonal|100/100
|move|p1a: Kyurem|Dragon Dance|p1a: Kyurem
|-boost|p1a: Kyurem|atk|1
|-boost|p1a: Kyurem|spe|1
|
|-weather|Snowscape|[upkeep]
|upkeep
|turn|28
|
|t:|1758989707
|move|p1a: Kyurem|Scale Shot|p2a: Cryogonal
|-damage|p2a: Cryogonal|75/100
|-damage|p2a: Cryogonal|54/100
|-damage|p2a: Cryogonal|31/100
|-damage|p2a: Cryogonal|9/100
|-crit|p2a: Cryogonal
|-damage|p2a: Cryogonal|0 fnt
|faint|p2a: Cryogonal
|-hitcount|p2: Cryogonal|5
|-unboost|p1a: Kyurem|def|1
|-boost|p1a: Kyurem|spe|1
|
|-weather|Snowscape|[upkeep]
|upkeep
|
|t:|1758989716
|switch|p2a: Garganacl|Garganacl, M|75/100
|turn|29
|
|t:|1758989719
|move|p1a: Kyurem|Scale Shot|p2a: Garganacl
|-damage|p2a: Garganacl|64/100
|-crit|p2a: Garganacl
|-damage|p2a: Garganacl|48/100
|-damage|p2a: Garganacl|36/100
|-crit|p2a: Garganacl
|-damage|p2a: Garganacl|19/100
|-damage|p2a: Garganacl|8/100
|-hitcount|p2a: Garganacl|5
|-unboost|p1a: Kyurem|def|1
|-boost|p1a: Kyurem|spe|1
|move|p2a: Garganacl|Salt Cure|p1a: Kyurem
|-supereffective|p1a: Kyurem
|-damage|p1a: Kyurem|43/100
|-start|p1a: Kyurem|Salt Cure
|
|-weather|Snowscape|[upkeep]
|-damage|p1a: Kyurem|31/100|[from] Salt Cure
|upkeep
|turn|30
|
|t:|1758989737
|move|p1a: Kyurem|Icicle Spear|p2a: Garganacl
|-damage|p2a: Garganacl|0 fnt
|faint|p2a: Garganacl
|-hitcount|p2: Garganacl|1
|
|-weather|none
|-damage|p1a: Kyurem|18/100|[from] Salt Cure
|upkeep
|
|t:|1758989749
|switch|p2a: Breloom|Breloom, M|49/100
|turn|31
|
|t:|1758989751
|move|p2a: Breloom|Mach Punch|p1a: Kyurem
|-supereffective|p1a: Kyurem
|-damage|p1a: Kyurem|0 fnt
|faint|p1a: Kyurem
|
|upkeep
|
|t:|1758989753
|switch|p1a: Gliscor|Gliscor, M, tera:Normal|23/100 tox
|-damage|p1a: Gliscor|10/100 tox|[from] Stealth Rock
|turn|32
|
|t:|1758989756
|move|p2a: Breloom|Mach Punch|p1a: Gliscor
|-supereffective|p1a: Gliscor
|-damage|p1a: Gliscor|0 fnt
|faint|p1a: Gliscor
|
|win|Dabsito
|raw|niccommoc's rating: 1292 &rarr; <strong>1266</strong><br />(-26 for losing)
|raw|Dabsito's rating: 1273 &rarr; <strong>1299</strong><br />(+26 for winning)
|l|☆niccommoc
|player|p1|
|l|☆Dabsito
|player|p2|
