|j|☆pikalyte3
|j|☆gardenGnostic
|t:|1759009989
|gametype|singles
|player|p1|pikalyte3|dancer|1534
|player|p2|gardenGnostic|1|1570
|gen|9
|tier|[Gen 9] OU
|rated|
|rule|HP Percentage Mod: HP is shown in percentages
|rule|Endless Battle Clause: Forcing endless battles is banned
|rule|Species Clause: Limit one of each Pokémon
|rule|OHKO Clause: OHKO moves are banned
|rule|Evasion Items Clause: Evasion items are banned
|rule|Evasion Moves Clause: Evasion moves are banned
|rule|Evasion Abilities Clause: Evasion abilities are banned
|rule|Sleep Moves Clause: Sleep-inducing moves are banned
|clearpoke
|poke|p1|Samurott-Hisui, M|
|poke|p1|Landorus-Therian, M|
|poke|p1|Iron Moth|
|poke|p1|Darkrai|
|poke|p1|Kingambit, F|
|poke|p1|Iron Valiant|
|poke|p2|Hatterene, F|
|poke|p2|Ninetales-Alola, M|
|poke|p2|Jirachi|
|poke|p2|Moltres-Galar|
|poke|p2|Samurott-Hisui, M|
|poke|p2|Kyurem|
|teampreview
|inactive|Battle timer is ON: inactive players will automatically lose when time's up. (requested by pikalyte3)
|
|t:|1759009998
|teamsize|p1|6
|teamsize|p2|6
|start
|switch|p1a: Samurott|Samurott-Hisui, M|100/100
|switch|p2a: Samurott|Samurott-Hisui, M|100/100
|turn|1
|
|t:|1759010005
|move|p1a: Samurott|Ceaseless Edge|p2a: Samurott
|-resisted|p2a: Samurott
|-damage|p2a: Samurott|75/100
|-sidestart|p2: gardenGnostic|Spikes
|move|p2a: Samurott|Ceaseless Edge|p1a: Samurott
|-resisted|p1a: Samurott
|-damage|p1a: Samurott|73/100
|-sidestart|p1: pikalyte3|Spikes
|
|upkeep
|turn|2
|l|☆gardenGnostic
|inactive|gardenGnostic disconnected and has a minute to reconnect!
|player|p2|
|j|☆gardenGnostic
|inactive|gardenGnostic reconnected and has 135 seconds left.
|player|p2|gardenGnostic|1|
|
|t:|1759010023
|move|p2a: Samurott|Ceaseless Edge|p1a: Samurott|[miss]
|-miss|p2a: Samurott|p1a: Samurott
|move|p1a: Samurott|Ceaseless Edge|p2a: Samurott
|-resisted|p2a: Samurott
|-damage|p2a: Samurott|47/100
|-sidestart|p2: gardenGnostic|Spikes
|
|upkeep
|turn|3
|
|t:|1759010028
|move|p2a: Samurott|Ceaseless Edge|p1a: Samurott
|-resisted|p1a: Samurott
|-damage|p1a: Samurott|46/100
|-sidestart|p1: pikalyte3|Spikes
|move|p1a: Samurott|Ceaseless Edge|p2a: Samurott
|-resisted|p2a: Samurott
|-damage|p2a: Samurott|17/100
|-sidestart|p2: gardenGnostic|Spikes
|
|upkeep
|turn|4
|
|t:|1759010033
|move|p2a: Samurott|Ceaseless Edge|p1a: Samurott
|-resisted|p1a: Samurott
|-damage|p1a: Samurott|16/100
|-sidestart|p1: pikalyte3|Spikes
|move|p1a: Samurott|Knock Off|p2a: Samurott
|-resisted|p2a: Samurott
|-damage|p2a: Samurott|0 fnt
|-enditem|p2a: Samurott|Focus Sash|[from] move: Knock Off|[of] p1a: Samurott
|faint|p2a: Samurott
|
|upkeep
|
|t:|1759010039
|switch|p2a: Ninetales|Ninetales-Alola, M|100/100
|-damage|p2a: Ninetales|76/100|[from] Spikes
|-weather|Snowscape|[from] ability: Snow Warning|[of] p2a: Ninetales
|turn|5
|
|t:|1759010042
|move|p2a: Ninetales|Aurora Veil|p2a: Ninetales
|-sidestart|p2: gardenGnostic|move: Aurora Veil
|move|p1a: Samurott|Knock Off|p2a: Ninetales
|-resisted|p2a: Ninetales
|-damage|p2a: Ninetales|66/100
|-enditem|p2a: Ninetales|Light Clay|[from] move: Knock Off|[of] p1a: Samurott
|
|-weather|Snowscape|[upkeep]
|upkeep
|turn|6
|
|t:|1759010045
|move|p1a: Samurott|Aqua Jet|p2a: Ninetales
|-damage|p2a: Ninetales|59/100
|move|p2a: Ninetales|Moonblast|p1a: Samurott
|-supereffective|p1a: Samurott
|-damage|p1a: Samurott|0 fnt
|faint|p1a: Samurott
|
|-weather|Snowscape|[upkeep]
|upkeep
|
|t:|1759010056
|switch|p1a: Iron Moth|Iron Moth|100/100
|-damage|p1a: Iron Moth|76/100|[from] Spikes
|-enditem|p1a: Iron Moth|Booster Energy
|-activate|p1a: Iron Moth|ability: Quark Drive|[fromitem]
|-start|p1a: Iron Moth|quarkdrivespe
|turn|7
|
|t:|1759010064
|switch|p2a: Moltres|Moltres-Galar|100/100
|move|p1a: Iron Moth|Substitute|p1a: Iron Moth
|-start|p1a: Iron Moth|Substitute
|-damage|p1a: Iron Moth|51/100
|
|-weather|Snowscape|[upkeep]
|upkeep
|turn|8
|
|t:|1759010069
|move|p1a: Iron Moth|Dazzling Gleam|p2a: Moltres
|-supereffective|p2a: Moltres
|-damage|p2a: Moltres|76/100
|move|p2a: Moltres|Agility|p2a: Moltres
|-boost|p2a: Moltres|spe|2
|
|-weather|Snowscape|[upkeep]
|upkeep
|turn|9
|
|t:|1759010075
|move|p2a: Moltres|Fiery Wrath|p1a: Iron Moth
|-end|p1a: Iron Moth|Substitute
|move|p1a: Iron Moth|Dazzling Gleam|p2a: Moltres
|-supereffective|p2a: Moltres
|-crit|p2a: Moltres
|-damage|p2a: Moltres|0 fnt
|faint|p2a: Moltres
|
|-weather|none
|upkeep
|
|t:|1759010082
|switch|p2a: Kyurem|Kyurem|100/100
|-damage|p2a: Kyurem|76/100|[from] Spikes
|-ability|p2a: Kyurem|Pressure
|turn|10
|
|t:|1759010089
|move|p1a: Iron Moth|Substitute|p1a: Iron Moth
|-start|p1a: Iron Moth|Substitute
|-damage|p1a: Iron Moth|26/100
|move|p2a: Kyurem|Dragon Dance|p2a: Kyurem
|-boost|p2a: Kyurem|atk|1
|-boost|p2a: Kyurem|spe|1
|
|upkeep
|turn|11
|inactive|pikalyte3 has 120 seconds left.
|
|t:|1759010119
|-terastallize|p1a: Iron Moth|Fairy
|move|p1a: Iron Moth|Dazzling Gleam|p2a: Kyurem
|-supereffective|p2a: Kyurem
|-damage|p2a: Kyurem|35/100
|move|p2a: Kyurem|Dragon Dance|p2a: Kyurem
|-boost|p2a: Kyurem|atk|1
|-boost|p2a: Kyurem|spe|1
|
|upkeep
|turn|12
|inactive|pikalyte3 has 120 seconds left.
|
|t:|1759010130
|move|p2a: Kyurem|Icicle Spear|p1a: Iron Moth
|-end|p1a: Iron Moth|Substitute
|-damage|p1a: Iron Moth|0 fnt
|faint|p1a: Iron Moth
|-end|p1a: Iron Moth|Quark Drive|[silent]
|-hitcount|p1: Iron Moth|2
|
|-sideend|p2: gardenGnostic|move: Aurora Veil
|upkeep
|inactive|pikalyte3 has 120 seconds left.
|
|t:|1759010137
|switch|p1a: Kingambit|Kingambit, F|100/100
|-activate|p1a: Kingambit|ability: Supreme Overlord
|-start|p1a: Kingambit|fallen2|[silent]
|-item|p1a: Kingambit|Air Balloon
|turn|13
|
|t:|1759010143
|move|p1a: Kingambit|Sucker Punch|p2a: Kyurem
|-damage|p2a: Kyurem|0 fnt
|faint|p2a: Kyurem
|
|upkeep
|
|t:|1759010146
|switch|p2a: Ninetales|Ninetales-Alola, M|59/100
|-damage|p2a: Ninetales|34/100|[from] Spikes
|-weather|Snowscape|[from] ability: Snow Warning|[of] p2a: Ninetales
|turn|14
|
|t:|1759010164
|move|p2a: Ninetales|Aurora Veil|p2a: Ninetales
|-sidestart|p2: gardenGnostic|move: Aurora Veil
|move|p1a: Kingambit|Kowtow Cleave|p2a: Ninetales
|-resisted|p2a: Ninetales
|-damage|p2a: Ninetales|23/100
|
|-weather|Snowscape|[upkeep]
|upkeep
|turn|15
|
|t:|1759010175
|move|p2a: Ninetales|Encore|p1a: Kingambit
|-start|p1a: Kingambit|Encore
|move|p1a: Kingambit|Kowtow Cleave|p2a: Ninetales
|-resisted|p2a: Ninetales
|-damage|p2a: Ninetales|10/100
|
|-weather|Snowscape|[upkeep]
|upkeep
|turn|16
|
|t:|1759010183
|move|p2a: Ninetales|Moonblast|p1a: Kingambit
|-damage|p1a: Kingambit|74/100
|-enditem|p1a: Kingambit|Air Balloon
|move|p1a: Kingambit|Kowtow Cleave|p2a: Ninetales
|-resisted|p2a: Ninetales
|-damage|p2a: Ninetales|0 fnt
|faint|p2a: Ninetales
|
|-weather|Snowscape|[upkeep]
|upkeep
|
|t:|1759010185
|switch|p2a: Hatterene|Hatterene, F|100/100
|-damage|p2a: Hatterene|76/100|[from] Spikes
|turn|17
|
|t:|1759010190
|-end|p1a: Kingambit|fallen2|[silent]
|switch|p1a: Iron Valiant|Iron Valiant|100/100
|-damage|p1a: Iron Valiant|76/100|[from] Spikes
|-enditem|p1a: Iron Valiant|Booster Energy
|-activate|p1a: Iron Valiant|ability: Quark Drive|[fromitem]
|-start|p1a: Iron Valiant|quarkdrivespe
|move|p2a: Hatterene|Nuzzle|p1a: Iron Valiant
|-crit|p1a: Iron Valiant
|-damage|p1a: Iron Valiant|65/100
|-status|p1a: Iron Valiant|par
|
|-weather|Snowscape|[upkeep]
|-heal|p2a: Hatterene|82/100|[from] item: Leftovers
|upkeep
|turn|18
|
|t:|1759010195
|move|p1a: Iron Valiant|Moonblast|p2a: Hatterene
|-damage|p2a: Hatterene|56/100
|move|p2a: Hatterene|Swords Dance|p2a: Hatterene
|-boost|p2a: Hatterene|atk|2
|
|-weather|none
|-heal|p2a: Hatterene|62/100|[from] item: Leftovers
|-sideend|p2: gardenGnostic|move: Aurora Veil
|upkeep
|turn|19
|
|t:|1759010200
|cant|p1a: Iron Valiant|par
|move|p2a: Hatterene|Play Rough|p1a: Iron Valiant
|-supereffective|p1a: Iron Valiant
|-damage|p1a: Iron Valiant|0 fnt
|faint|p1a: Iron Valiant
|-end|p1a: Iron Valiant|Quark Drive|[silent]
|
|-heal|p2a: Hatterene|68/100|[from] item: Leftovers
|upkeep
|
|t:|1759010212
|switch|p1a: Kingambit|Kingambit, F|74/100
|-damage|p1a: Kingambit|49/100|[from] Spikes
|-activate|p1a: Kingambit|ability: Supreme Overlord
|-start|p1a: Kingambit|fallen3|[silent]
|turn|20
|
|t:|1759010214
|-terastallize|p2a: Hatterene|Electric
|move|p2a: Hatterene|Nuzzle|p1a: Kingambit
|-damage|p1a: Kingambit|9/100
|-status|p1a: Kingambit|par
|move|p1a: Kingambit|Kowtow Cleave|p2a: Hatterene
|-damage|p2a: Hatterene|0 fnt
|faint|p2a: Hatterene
|
|upkeep
|
|t:|1759010223
|switch|p2a: Jirachi|Jirachi|100/100
|-damage|p2a: Jirachi|76/100|[from] Spikes
|turn|21
|
|t:|1759010226
|move|p2a: Jirachi|Iron Head|p1a: Kingambit
|-resisted|p1a: Kingambit
|-damage|p1a: Kingambit|0 fnt
|faint|p1a: Kingambit
|-end|p1a: Kingambit|fallen3|[silent]
|
|upkeep
|
|t:|1759010228
|switch|p1a: Darkrai|Darkrai|100/100
|-damage|p1a: Darkrai|76/100|[from] Spikes
|turn|22
|
|t:|1759010230
|move|p2a: Jirachi|Iron Head|p1a: Darkrai
|-damage|p1a: Darkrai|29/100
|cant|p1a: Darkrai|flinch
|
|upkeep
|turn|23
|
|t:|1759010235
|move|p2a: Jirachi|Iron Head|p1a: Darkrai
|-damage|p1a: Darkrai|0 fnt
|faint|p1a: Darkrai
|
|upkeep
|
|t:|1759010237
|switch|p1a: land rover|Landorus-Therian, M|100/100
|-ability|p1a: land rover|Intimidate|boost
|-unboost|p2a: Jirachi|atk|1
|turn|24
|
|t:|1759010238
|move|p2a: Jirachi|Iron Head|p1a: land rover
|-damage|p1a: land rover|78/100
|-damage|p2a: Jirachi|59/100|[from] item: Rocky Helmet|[of] p1a: land rover
|cant|p1a: land rover|flinch
|
|upkeep
|turn|25
|
|t:|1759010242
|move|p2a: Jirachi|Iron Head|p1a: land rover
|-damage|p1a: land rover|51/100
|-damage|p2a: Jirachi|43/100|[from] item: Rocky Helmet|[of] p1a: land rover
|cant|p1a: land rover|flinch
|
|upkeep
|turn|26
|
|t:|1759010245
|move|p2a: Jirachi|Iron Head|p1a: land rover
|-damage|p1a: land rover|28/100
|-damage|p2a: Jirachi|26/100|[from] item: Rocky Helmet|[of] p1a: land rover
|cant|p1a: land rover|flinch
|
|upkeep
|turn|27
|
|t:|1759010249
|move|p2a: Jirachi|Iron Head|p1a: land rover
|-damage|p1a: land rover|4/100
|-damage|p2a: Jirachi|10/100|[from] item: Rocky Helmet|[of] p1a: land rover
|cant|p1a: land rover|flinch
|
|upkeep
|turn|28
|
|t:|1759010251
|move|p2a: Jirachi|Iron Head|p1a: land rover
|-damage|p1a: land rover|0 fnt
|-damage|p2a: Jirachi|0 fnt|[from] item: Rocky Helmet|[of] p1a: land rover
|faint|p1a: land rover
|faint|p2a: Jirachi
|
|win|gardenGnostic
|raw|pikalyte3's rating: 1534 &rarr; <strong>1516</strong><br />(-18 for losing)
|raw|gardenGnostic's rating: 1570 &rarr; <strong>1588</strong><br />(+18 for winning)
|l|☆pikalyte3
|player|p1|
|l|☆gardenGnostic
|player|p2|
