|j|☆go b3yond
|j|☆Ligriv
|t:|1758996805
|gametype|singles
|player|p1|go b3yond|eusine|1374
|player|p2|Ligriv|1|1346
|gen|9
|tier|[Gen 9] OU
|rated|
|rule|HP Percentage Mod: HP is shown in percentages
|rule|Endless Battle Clause: Forcing endless battles is banned
|rule|Species Clause: Limit one of each Pokémon
|rule|OHKO Clause: OHKO moves are banned
|rule|Evasion Items Clause: Evasion items are banned
|rule|Evasion Moves Clause: Evasion moves are banned
|rule|Evasion Abilities Clause: Evasion abilities are banned
|rule|Sleep Moves Clause: Sleep-inducing moves are banned
|clearpoke
|poke|p1|Ogerpon-Cornerstone, F|
|poke|p1|Kingambit, M|
|poke|p1|Enamorus, F|
|poke|p1|Great Tusk|
|poke|p1|Glimmora, F|
|poke|p1|Dragonite, M|
|poke|p2|Ceruledge, M|
|poke|p2|Enamorus, F|
|poke|p2|Ogerpon-Cornerstone, F|
|poke|p2|Torterra, M|
|poke|p2|Zapdos-Galar|
|poke|p2|Kingambit, M|
|teampreview
|inactive|Battle timer is ON: inactive players will automatically lose when time's up. (requested by go b3yond)
|
|t:|1758996811
|teamsize|p1|6
|teamsize|p2|6
|start
|switch|p1a: Glimmora|Glimmora, F|100/100
|switch|p2a: Ogerpon|Ogerpon-Cornerstone, F|100/100
|turn|1
|
|t:|1758996817
|move|p2a: Ogerpon|Taunt|p1a: Glimmora
|-start|p1a: Glimmora|move: Taunt
|cant|p1a: Glimmora|move: Taunt|Stealth Rock
|
|upkeep
|turn|2
|
|t:|1758996822
|switch|p2a: Enamorus|Enamorus, F|100/100
|move|p1a: Glimmora|Meteor Beam||[still]
|-prepare|p1a: Glimmora|Meteor Beam
|-boost|p1a: Glimmora|spa|1
|-enditem|p1a: Glimmora|Power Herb
|-anim|p1a: Glimmora|Meteor Beam|p2a: Enamorus
|-supereffective|p2a: Enamorus
|-damage|p2a: Enamorus|0 fnt
|faint|p2a: Enamorus
|
|upkeep
|
|t:|1758996830
|switch|p2a: Ogerpon|Ogerpon-Cornerstone, F|100/100
|turn|3
|
|t:|1758996835
|move|p2a: Ogerpon|Horn Leech|p1a: Glimmora
|-damage|p1a: Glimmora|47/100
|-activate|p1a: Glimmora|ability: Toxic Debris
|-sidestart|p2: Ligriv|move: Toxic Spikes
|move|p1a: Glimmora|Earth Power|p2a: Ogerpon
|-damage|p2a: Ogerpon|44/100
|
|-end|p1a: Glimmora|move: Taunt
|upkeep
|turn|4
|
|t:|1758996844
|move|p2a: Ogerpon|Horn Leech|p1a: Glimmora
|-damage|p1a: Glimmora|0 fnt
|-heal|p2a: Ogerpon|67/100|[from] drain|[of] p1a: Glimmora
|-activate|p1a: Glimmora|ability: Toxic Debris
|-sidestart|p2: Ligriv|move: Toxic Spikes
|faint|p1a: Glimmora
|
|upkeep
|
|t:|1758996871
|switch|p1a: Dragonite|Dragonite, M|100/100
|turn|5
|
|t:|1758996881
|move|p2a: Ogerpon|Taunt|p1a: Dragonite
|-start|p1a: Dragonite|move: Taunt
|cant|p1a: Dragonite|move: Taunt|Dragon Dance
|
|upkeep
|turn|6
|
|t:|1758996893
|switch|p1a: Great Tusk|Great Tusk|100/100
|move|p2a: Ogerpon|Ivy Cudgel|p1a: Great Tusk|[anim] Ivy Cudgel Rock
|-resisted|p1a: Great Tusk
|-damage|p1a: Great Tusk|89/100
|
|upkeep
|turn|7
|
|t:|1758996911
|move|p2a: Ogerpon|Horn Leech|p1a: Great Tusk
|-supereffective|p1a: Great Tusk
|-damage|p1a: Great Tusk|20/100
|-heal|p2a: Ogerpon|100/100|[from] drain|[of] p1a: Great Tusk
|move|p1a: Great Tusk|Rapid Spin|p2a: Ogerpon
|-resisted|p2a: Ogerpon
|-damage|p2a: Ogerpon|88/100
|-boost|p1a: Great Tusk|spe|1
|
|upkeep
|turn|8
|
|t:|1758996918
|move|p1a: Great Tusk|Headlong Rush|p2a: Ogerpon
|-damage|p2a: Ogerpon|1/100
|-unboost|p1a: Great Tusk|def|1
|-unboost|p1a: Great Tusk|spd|1
|move|p2a: Ogerpon|Horn Leech|p1a: Great Tusk
|-supereffective|p1a: Great Tusk
|-damage|p1a: Great Tusk|0 fnt
|-heal|p2a: Ogerpon|13/100|[from] drain|[of] p1a: Great Tusk
|faint|p1a: Great Tusk
|-end|p1a: Great Tusk|Protosynthesis|[silent]
|
|upkeep
|
|t:|1758996924
|switch|p1a: Enamorus|Enamorus, F|100/100
|turn|9
|
|t:|1758996946
|move|p1a: Enamorus|Moonblast|p2a: Ogerpon
|-damage|p2a: Ogerpon|0 fnt
|faint|p2a: Ogerpon
|
|upkeep
|
|t:|1758996953
|switch|p2a: Ceruledge|Ceruledge, M|100/100
|-status|p2a: Ceruledge|tox
|turn|10
|
|t:|1758996959
|move|p1a: Enamorus|Moonblast|p2a: Ceruledge
|-resisted|p2a: Ceruledge
|-damage|p2a: Ceruledge|68/100 tox
|move|p2a: Ceruledge|Poltergeist|p1a: Enamorus
|-activate|p1a: Enamorus|move: Poltergeist|Choice Scarf
|-damage|p1a: Enamorus|8/100
|
|-damage|p2a: Ceruledge|62/100 tox|[from] psn
|upkeep
|turn|11
|
|t:|1758996972
|move|p2a: Ceruledge|Shadow Sneak|p1a: Enamorus
|-damage|p1a: Enamorus|0 fnt
|faint|p1a: Enamorus
|
|-damage|p2a: Ceruledge|50/100 tox|[from] psn
|upkeep
|
|t:|1758996976
|switch|p1a: Dragonite|Dragonite, M|100/100
|turn|12
|
|t:|1758996980
|move|p2a: Ceruledge|Shadow Sneak|p1a: Dragonite
|-damage|p1a: Dragonite|89/100
|move|p1a: Dragonite|Dragon Dance|p1a: Dragonite
|-boost|p1a: Dragonite|atk|1
|-boost|p1a: Dragonite|spe|1
|
|-damage|p2a: Ceruledge|31/100 tox|[from] psn
|upkeep
|turn|13
|
|t:|1758996999
|move|p1a: Dragonite|Earthquake|p2a: Ceruledge
|-supereffective|p2a: Ceruledge
|-damage|p2a: Ceruledge|0 fnt
|faint|p2a: Ceruledge
|
|upkeep
|
|t:|1758997003
|switch|p2a: Zapdos|Zapdos-Galar|100/100
|turn|14
|
|t:|1758997010
|-terastallize|p1a: Dragonite|Flying
|move|p2a: Zapdos|Brave Bird|p1a: Dragonite
|-damage|p1a: Dragonite|27/100
|-damage|p2a: Zapdos|80/100|[from] Recoil
|move|p1a: Dragonite|Tera Blast|p2a: Zapdos|[anim] Tera Blast Flying
|-supereffective|p2a: Zapdos
|-damage|p2a: Zapdos|0 fnt
|faint|p2a: Zapdos
|
|upkeep
|
|t:|1758997031
|switch|p2a: Kingambit|Kingambit, M|100/100
|-activate|p2a: Kingambit|ability: Supreme Overlord
|-start|p2a: Kingambit|fallen4|[silent]
|turn|15
|
|t:|1758997036
|switch|p1a: Kingambit|Kingambit, M|100/100
|-activate|p1a: Kingambit|ability: Supreme Overlord
|-start|p1a: Kingambit|fallen3|[silent]
|move|p2a: Kingambit|Iron Head|p1a: Kingambit
|-resisted|p1a: Kingambit
|-damage|p1a: Kingambit|73/100
|
|upkeep
|turn|16
|
|t:|1758997043
|move|p1a: Kingambit|Low Kick|p2a: Kingambit
|-supereffective|p2a: Kingambit
|-damage|p2a: Kingambit|0 fnt
|faint|p2a: Kingambit
|-end|p2a: Kingambit|fallen4|[silent]
|
|upkeep
|
|t:|1758997046
|switch|p2a: Torterra|Torterra, M|100/100
|-status|p2a: Torterra|tox
|turn|17
|
|t:|1758997051
|move|p1a: Kingambit|Swords Dance|p1a: Kingambit
|-boost|p1a: Kingambit|atk|2
|move|p2a: Torterra|Headlong Rush|p1a: Kingambit
|-supereffective|p1a: Kingambit
|-damage|p1a: Kingambit|0 fnt
|-unboost|p2a: Torterra|def|1
|-unboost|p2a: Torterra|spd|1
|faint|p1a: Kingambit
|-end|p1a: Kingambit|fallen3|[silent]
|
|-damage|p2a: Torterra|94/100 tox|[from] psn
|upkeep
|
|t:|1758997055
|switch|p1a: Ogerpon|Ogerpon-Cornerstone, F|100/100
|turn|18
|
|t:|1758997065
|move|p1a: Ogerpon|Swords Dance|p1a: Ogerpon
|-boost|p1a: Ogerpon|atk|2
|move|p2a: Torterra|Bullet Seed|p1a: Ogerpon
|-damage|p1a: Ogerpon|84/100
|-crit|p1a: Ogerpon
|-damage|p1a: Ogerpon|59/100
|-damage|p1a: Ogerpon|43/100
|-damage|p1a: Ogerpon|26/100
|-damage|p1a: Ogerpon|8/100
|-hitcount|p1a: Ogerpon|5
|
|-damage|p2a: Torterra|82/100 tox|[from] psn
|upkeep
|turn|19
|
|t:|1758997076
|move|p1a: Ogerpon|Knock Off|p2a: Torterra
|-damage|p2a: Torterra|0 fnt
|-enditem|p2a: Torterra|Loaded Dice|[from] move: Knock Off|[of] p1a: Ogerpon
|faint|p2a: Torterra
|
|win|go b3yond
|raw|go b3yond's rating: 1374 &rarr; <strong>1392</strong><br />(+18 for winning)
|raw|Ligriv's rating: 1346 &rarr; <strong>1328</strong><br />(-18 for losing)
|l|☆go b3yond
|player|p1|
|l|☆Ligriv
|player|p2|
