|badge|p1|bronze|gen9ou|100-6
|uhtml|medal-msg|<div class="broadcast-blue">Curious what those medals under the avatar are? PS now has Ladder Seasons! For more information, check out the <a href="https://www.smogon.com/forums/threads/3740067/">thread on Smogon.</a></div>
|j|☆WogerHater
|j|☆Obito 2001
|t:|1758918454
|gametype|singles
|player|p1|WogerHater|dawn-gen4pt|1820
|player|p2|Obito 2001|blue-gen3two|1744
|gen|9
|tier|[Gen 9] OU
|rated|
|rule|HP Percentage Mod: HP is shown in percentages
|rule|Endless Battle Clause: Forcing endless battles is banned
|rule|Species Clause: Limit one of each Pokémon
|rule|OHKO Clause: OHKO moves are banned
|rule|Evasion Items Clause: Evasion items are banned
|rule|Evasion Moves Clause: Evasion moves are banned
|rule|Evasion Abilities Clause: Evasion abilities are banned
|rule|Sleep Moves Clause: Sleep-inducing moves are banned
|clearpoke
|poke|p1|Ogerpon-Wellspring, F|
|poke|p1|Weezing-Galar, M|
|poke|p1|Ting-Lu|
|poke|p1|Corviknight, M|
|poke|p1|Skeledirge, M|
|poke|p1|Dragapult, F|
|poke|p2|Alcremie-Salted-Cream, F|
|poke|p2|Tornadus-Therian, M|
|poke|p2|Ursaluna, M|
|poke|p2|Weezing-Galar, M|
|poke|p2|Dragapult, M|
|poke|p2|Dragonite, M|
|teampreview
|inactive|Battle timer is ON: inactive players will automatically lose when time's up. (requested by Obito 2001)
|inactive|WogerHater also wants the timer to be on.
|c|☆Obito 2001|Nice name
|
|t:|1758918476
|teamsize|p1|6
|teamsize|p2|6
|start
|switch|p1a: Ting-Lu|Ting-Lu|100/100
|switch|p2a: Tornadus|Tornadus-Therian, M|100/100
|-ability|p1a: Ting-Lu|Vessel of Ruin
|turn|1
|
|t:|1758918481
|move|p2a: Tornadus|Knock Off|p1a: Ting-Lu
|-resisted|p1a: Ting-Lu
|-damage|p1a: Ting-Lu|95/100
|-enditem|p1a: Ting-Lu|Leftovers|[from] move: Knock Off|[of] p2a: Tornadus
|move|p1a: Ting-Lu|Stealth Rock|p2a: Tornadus
|-sidestart|p2: Obito 2001|move: Stealth Rock
|
|upkeep
|turn|2
|
|t:|1758918484
|move|p2a: Tornadus|U-turn|p1a: Ting-Lu
|-supereffective|p1a: Ting-Lu
|-damage|p1a: Ting-Lu|78/100
|
|t:|1758918488
|switch|p2a: Fk hazard noobs|Weezing-Galar, M|100/100|[from] U-turn
|-ability|p2a: Fk hazard noobs|Neutralizing Gas
|move|p1a: Ting-Lu|Heavy Slam|p2a: Fk hazard noobs
|-supereffective|p2a: Fk hazard noobs
|-damage|p2a: Fk hazard noobs|64/100
|
|upkeep
|turn|3
|
|t:|1758918494
|move|p2a: Fk hazard noobs|Will-O-Wisp|p1a: Ting-Lu
|-status|p1a: Ting-Lu|brn
|move|p1a: Ting-Lu|Earthquake|p2a: Fk hazard noobs
|-supereffective|p2a: Fk hazard noobs
|-damage|p2a: Fk hazard noobs|40/100
|
|-damage|p1a: Ting-Lu|72/100 brn|[from] brn
|upkeep
|turn|4
|
|t:|1758918500
|move|p2a: Fk hazard noobs|Pain Split|p1a: Ting-Lu
|-sethp|p1a: Ting-Lu|49/100 brn|[from] move: Pain Split|[silent]
|-sethp|p2a: Fk hazard noobs|75/100|[from] move: Pain Split
|move|p1a: Ting-Lu|Earthquake|p2a: Fk hazard noobs
|-supereffective|p2a: Fk hazard noobs
|-damage|p2a: Fk hazard noobs|52/100
|
|-damage|p1a: Ting-Lu|43/100 brn|[from] brn
|upkeep
|turn|5
|
|t:|1758918503
|move|p2a: Fk hazard noobs|Defog|p1a: Ting-Lu
|-unboost|p1a: Ting-Lu|evasion|1
|-sideend|p2: Obito 2001|Stealth Rock|[from] move: Defog|[of] p2a: Fk hazard noobs
|move|p1a: Ting-Lu|Rest|p1a: Ting-Lu
|-status|p1a: Ting-Lu|slp|[from] move: Rest
|-heal|p1a: Ting-Lu|100/100 slp|[silent]
|
|upkeep
|turn|6
|
|t:|1758918508
|move|p2a: Fk hazard noobs|Pain Split|p1a: Ting-Lu
|-sethp|p1a: Ting-Lu|67/100 slp|[from] move: Pain Split|[silent]
|-sethp|p2a: Fk hazard noobs|100/100|[from] move: Pain Split
|cant|p1a: Ting-Lu|slp
|
|upkeep
|turn|7
|
|t:|1758918513
|-end|p2a: Fk hazard noobs|ability: Neutralizing Gas
|-ability|p1a: Ting-Lu|Vessel of Ruin
|switch|p2a: Brock Lesnar|Ursaluna, M|100/100
|cant|p1a: Ting-Lu|slp
|
|-status|p2a: Brock Lesnar|brn|[from] item: Flame Orb
|upkeep
|turn|8
|
|t:|1758918519
|switch|p1a: Corviknight|Corviknight, M|100/100
|-ability|p1a: Corviknight|Pressure
|move|p2a: Brock Lesnar|Swords Dance|p2a: Brock Lesnar
|-boost|p2a: Brock Lesnar|atk|2
|
|-damage|p2a: Brock Lesnar|94/100 brn|[from] brn
|upkeep
|turn|9
|
|t:|1758918522
|move|p1a: Corviknight|Iron Defense|p1a: Corviknight
|-boost|p1a: Corviknight|def|2
|move|p2a: Brock Lesnar|Facade|p1a: Corviknight
|-resisted|p1a: Corviknight
|-damage|p1a: Corviknight|59/100
|-damage|p2a: Brock Lesnar|78/100 brn|[from] item: Rocky Helmet|[of] p1a: Corviknight
|
|-damage|p2a: Brock Lesnar|72/100 brn|[from] brn
|upkeep
|turn|10
|
|t:|1758918530
|switch|p2a: 👻DraGhost🐉|Dragapult, M|100/100
|move|p1a: Corviknight|Body Press|p2a: 👻DraGhost🐉
|-immune|p2a: 👻DraGhost🐉
|
|upkeep
|turn|11
|
|t:|1758918541
|switch|p2a: Fk hazard noobs|Weezing-Galar, M|100/100
|-ability|p2a: Fk hazard noobs|Neutralizing Gas
|switch|p1a: Ting-Lu|Ting-Lu|67/100 slp
|
|upkeep
|turn|12
|
|t:|1758918548
|move|p2a: Fk hazard noobs|Sludge Bomb|p1a: Ting-Lu
|-resisted|p1a: Ting-Lu
|-damage|p1a: Ting-Lu|59/100 slp
|-curestatus|p1a: Ting-Lu|slp|[msg]
|move|p1a: Ting-Lu|Earthquake|p2a: Fk hazard noobs
|-supereffective|p2a: Fk hazard noobs
|-crit|p2a: Fk hazard noobs
|-damage|p2a: Fk hazard noobs|21/100
|
|upkeep
|turn|13
|
|t:|1758918554
|move|p2a: Fk hazard noobs|Will-O-Wisp|p1a: Ting-Lu
|-status|p1a: Ting-Lu|brn
|move|p1a: Ting-Lu|Earthquake|p2a: Fk hazard noobs
|-supereffective|p2a: Fk hazard noobs
|-damage|p2a: Fk hazard noobs|0 fnt
|faint|p2a: Fk hazard noobs
|-end|p2a: Fk hazard noobs|ability: Neutralizing Gas
|-ability|p1a: Ting-Lu|Vessel of Ruin
|
|-damage|p1a: Ting-Lu|53/100 brn|[from] brn
|upkeep
|
|t:|1758918560
|switch|p2a: Brock Lesnar|Ursaluna, M|72/100 brn
|turn|14
|
|t:|1758918564
|switch|p1a: Dragapult|Dragapult, F|100/100
|move|p2a: Brock Lesnar|Facade|p1a: Dragapult
|-immune|p1a: Dragapult
|
|-damage|p2a: Brock Lesnar|65/100 brn|[from] brn
|upkeep
|turn|15
|
|t:|1758918570
|move|p1a: Dragapult|Draco Meteor|p2a: Brock Lesnar
|-damage|p2a: Brock Lesnar|0 fnt
|-unboost|p1a: Dragapult|spa|2
|faint|p2a: Brock Lesnar
|
|upkeep
|
|t:|1758918580
|switch|p2a: Sakura Miyawaki🤍|Alcremie-Salted-Cream, F|100/100
|turn|16
|
|t:|1758918586
|switch|p1a: Skeledirge|Skeledirge, M|100/100
|move|p2a: Sakura Miyawaki🤍|Acid Armor|p2a: Sakura Miyawaki🤍
|-boost|p2a: Sakura Miyawaki🤍|def|2
|
|upkeep
|turn|17
|
|t:|1758918589
|move|p2a: Sakura Miyawaki🤍|Calm Mind|p2a: Sakura Miyawaki🤍
|-boost|p2a: Sakura Miyawaki🤍|spa|1
|-boost|p2a: Sakura Miyawaki🤍|spd|1
|move|p1a: Skeledirge|Will-O-Wisp|p2a: Sakura Miyawaki🤍
|-status|p2a: Sakura Miyawaki🤍|brn
|
|-damage|p2a: Sakura Miyawaki🤍|95/100 brn|[from] brn
|upkeep
|turn|18
|
|t:|1758918591
|move|p2a: Sakura Miyawaki🤍|Calm Mind|p2a: Sakura Miyawaki🤍
|-boost|p2a: Sakura Miyawaki🤍|spa|1
|-boost|p2a: Sakura Miyawaki🤍|spd|1
|move|p1a: Skeledirge|Torch Song|p2a: Sakura Miyawaki🤍
|-damage|p2a: Sakura Miyawaki🤍|69/100 brn
|-boost|p1a: Skeledirge|spa|1
|
|-heal|p2a: Sakura Miyawaki🤍|75/100 brn|[from] item: Leftovers
|-damage|p2a: Sakura Miyawaki🤍|69/100 brn|[from] brn
|upkeep
|turn|19
|
|t:|1758918593
|move|p2a: Sakura Miyawaki🤍|Stored Power|p1a: Skeledirge
|-damage|p1a: Skeledirge|77/100
|move|p1a: Skeledirge|Torch Song|p2a: Sakura Miyawaki🤍
|-damage|p2a: Sakura Miyawaki🤍|31/100 brn
|-boost|p1a: Skeledirge|spa|1
|
|-heal|p2a: Sakura Miyawaki🤍|37/100 brn|[from] item: Leftovers
|-damage|p2a: Sakura Miyawaki🤍|31/100 brn|[from] brn
|upkeep
|turn|20
|
|t:|1758918599
|move|p2a: Sakura Miyawaki🤍|Stored Power|p1a: Skeledirge
|-damage|p1a: Skeledirge|51/100
|move|p1a: Skeledirge|Slack Off|p1a: Skeledirge
|-heal|p1a: Skeledirge|100/100
|
|-heal|p2a: Sakura Miyawaki🤍|37/100 brn|[from] item: Leftovers
|-damage|p2a: Sakura Miyawaki🤍|31/100 brn|[from] brn
|upkeep
|turn|21
|
|t:|1758918603
|move|p2a: Sakura Miyawaki🤍|Stored Power|p1a: Skeledirge
|-damage|p1a: Skeledirge|76/100
|move|p1a: Skeledirge|Torch Song|p2a: Sakura Miyawaki🤍
|-damage|p2a: Sakura Miyawaki🤍|0 fnt
|-boost|p1a: Skeledirge|spa|1
|faint|p2a: Sakura Miyawaki🤍
|
|upkeep
|
|t:|1758918611
|switch|p2a: Tornadus|Tornadus-Therian, M|100/100
|turn|22
|
|t:|1758918614
|switch|p1a: Ting-Lu|Ting-Lu|53/100 brn
|-ability|p1a: Ting-Lu|Vessel of Ruin
|move|p2a: Tornadus|Bleakwind Storm|p1a: Ting-Lu
|-damage|p1a: Ting-Lu|38/100 brn
|
|-damage|p1a: Ting-Lu|32/100 brn|[from] brn
|upkeep
|turn|23
|
|t:|1758918618
|move|p2a: Tornadus|U-turn|p1a: Ting-Lu
|-supereffective|p1a: Ting-Lu
|-crit|p1a: Ting-Lu
|-damage|p1a: Ting-Lu|8/100 brn
|
|t:|1758918622
|switch|p2a: OG👑|Dragonite, M|100/100|[from] U-turn
|move|p1a: Ting-Lu|Rest|p1a: Ting-Lu
|-status|p1a: Ting-Lu|slp|[from] move: Rest
|-heal|p1a: Ting-Lu|100/100 slp|[silent]
|
|upkeep
|turn|24
|
|t:|1758918625
|switch|p1a: Weezing|Weezing-Galar, M|100/100
|-ability|p1a: Weezing|Neutralizing Gas
|move|p2a: OG👑|Dragon Dance|p2a: OG👑
|-boost|p2a: OG👑|atk|1
|-boost|p2a: OG👑|spe|1
|
|upkeep
|turn|25
|
|t:|1758918629
|move|p2a: OG👑|Substitute|p2a: OG👑
|-start|p2a: OG👑|Substitute
|-damage|p2a: OG👑|76/100
|move|p1a: Weezing|Will-O-Wisp||[still]
|-fail|p1a: Weezing
|
|-heal|p2a: OG👑|82/100|[from] item: Leftovers
|upkeep
|turn|26
|j| Gyokuroo
|
|t:|1758918635
|-end|p1a: Weezing|ability: Neutralizing Gas
|switch|p1a: Corviknight|Corviknight, M|59/100
|-ability|p1a: Corviknight|Pressure
|move|p2a: OG👑|Earthquake|p1a: Corviknight
|-immune|p1a: Corviknight
|
|-heal|p2a: OG👑|88/100|[from] item: Leftovers
|upkeep
|turn|27
|
|t:|1758918640
|move|p2a: OG👑|Dragon Dance|p2a: OG👑
|-boost|p2a: OG👑|atk|1
|-boost|p2a: OG👑|spe|1
|move|p1a: Corviknight|Roost|p1a: Corviknight
|-heal|p1a: Corviknight|100/100
|-singleturn|p1a: Corviknight|move: Roost
|
|-heal|p2a: OG👑|94/100|[from] item: Leftovers
|upkeep
|turn|28
|
|t:|1758918643
|move|p2a: OG👑|Dragon Dance|p2a: OG👑
|-boost|p2a: OG👑|atk|1
|-boost|p2a: OG👑|spe|1
|move|p1a: Corviknight|Iron Defense|p1a: Corviknight
|-boost|p1a: Corviknight|def|2
|
|-heal|p2a: OG👑|100/100|[from] item: Leftovers
|upkeep
|turn|29
|
|t:|1758918645
|switch|p2a: 👻DraGhost🐉|Dragapult, M|100/100
|move|p1a: Corviknight|Iron Defense|p1a: Corviknight
|-boost|p1a: Corviknight|def|2
|
|upkeep
|turn|30
|
|t:|1758918651
|switch|p1a: Ting-Lu|Ting-Lu|100/100 slp
|-ability|p1a: Ting-Lu|Vessel of Ruin
|move|p2a: 👻DraGhost🐉|Curse|p1a: Ting-Lu
|-start|p1a: Ting-Lu|Curse|[of] p2a: 👻DraGhost🐉
|-damage|p2a: 👻DraGhost🐉|50/100
|
|-damage|p1a: Ting-Lu|76/100 slp|[from] Curse
|upkeep
|turn|31
|j| 0TheRealAce0
|
|t:|1758918662
|move|p2a: 👻DraGhost🐉|Dragon Darts|p1a: Ting-Lu
|-damage|p1a: Ting-Lu|65/100 slp
|-anim|p2a: 👻DraGhost🐉|Dragon Darts|p1a: Ting-Lu
|-damage|p1a: Ting-Lu|54/100 slp
|cant|p1a: Ting-Lu|slp
|
|-damage|p1a: Ting-Lu|29/100 slp|[from] Curse
|upkeep
|turn|32
|
|t:|1758918667
|move|p2a: 👻DraGhost🐉|Dragon Darts|p1a: Ting-Lu
|-damage|p1a: Ting-Lu|18/100 slp
|-anim|p2a: 👻DraGhost🐉|Dragon Darts|p1a: Ting-Lu
|-damage|p1a: Ting-Lu|6/100 slp
|cant|p1a: Ting-Lu|slp
|
|-damage|p1a: Ting-Lu|0 fnt|[from] Curse
|faint|p1a: Ting-Lu
|upkeep
|
|t:|1758918669
|switch|p1a: Ogerpon|Ogerpon-Wellspring, F|100/100
|turn|33
|
|t:|1758918673
|move|p2a: 👻DraGhost🐉|Reflect|p2a: 👻DraGhost🐉
|-sidestart|p2: Obito 2001|Reflect
|move|p1a: Ogerpon|Knock Off|p2a: 👻DraGhost🐉
|-supereffective|p2a: 👻DraGhost🐉
|-damage|p2a: 👻DraGhost🐉|8/100
|-enditem|p2a: 👻DraGhost🐉|Light Clay|[from] move: Knock Off|[of] p1a: Ogerpon
|
|upkeep
|turn|34
|
|t:|1758918680
|move|p2a: 👻DraGhost🐉|Light Screen|p2a: 👻DraGhost🐉
|-sidestart|p2: Obito 2001|move: Light Screen
|move|p1a: Ogerpon|Knock Off|p2a: 👻DraGhost🐉
|-supereffective|p2a: 👻DraGhost🐉
|-damage|p2a: 👻DraGhost🐉|0 fnt
|faint|p2a: 👻DraGhost🐉
|
|upkeep
|
|t:|1758918684
|switch|p2a: OG👑|Dragonite, M|100/100
|turn|35
|
|t:|1758918687
|move|p1a: Ogerpon|Knock Off|p2a: OG👑
|-damage|p2a: OG👑|91/100
|-enditem|p2a: OG👑|Leftovers|[from] move: Knock Off|[of] p1a: Ogerpon
|move|p2a: OG👑|Dragon Dance|p2a: OG👑
|-boost|p2a: OG👑|atk|1
|-boost|p2a: OG👑|spe|1
|
|upkeep
|turn|36
|
|t:|1758918689
|switch|p1a: Corviknight|Corviknight, M|100/100
|-ability|p1a: Corviknight|Pressure
|move|p2a: OG👑|Dragon Dance|p2a: OG👑
|-boost|p2a: OG👑|atk|1
|-boost|p2a: OG👑|spe|1
|
|upkeep
|turn|37
|
|t:|1758918692
|-terastallize|p2a: OG👑|Flying
|move|p2a: OG👑|Tera Blast|p1a: Corviknight|[anim] Tera Blast Flying
|-resisted|p1a: Corviknight
|-crit|p1a: Corviknight
|-damage|p1a: Corviknight|36/100
|move|p1a: Corviknight|Iron Defense|p1a: Corviknight
|-boost|p1a: Corviknight|def|2
|
|upkeep
|turn|38
|
|t:|1758918697
|move|p2a: OG👑|Dragon Dance|p2a: OG👑
|-boost|p2a: OG👑|atk|1
|-boost|p2a: OG👑|spe|1
|move|p1a: Corviknight|Roost|p1a: Corviknight
|-heal|p1a: Corviknight|86/100
|-singleturn|p1a: Corviknight|move: Roost
|
|-sideend|p2: Obito 2001|move: Light Screen
|upkeep
|turn|39
|
|t:|1758918701
|move|p2a: OG👑|Tera Blast|p1a: Corviknight|[anim] Tera Blast Flying
|-resisted|p1a: Corviknight
|-damage|p1a: Corviknight|60/100
|move|p1a: Corviknight|Iron Defense|p1a: Corviknight
|-boost|p1a: Corviknight|def|2
|
|upkeep
|turn|40
|
|t:|1758918704
|move|p2a: OG👑|Dragon Dance|p2a: OG👑
|-boost|p2a: OG👑|atk|1
|-boost|p2a: OG👑|spe|1
|move|p1a: Corviknight|Roost|p1a: Corviknight
|-heal|p1a: Corviknight|100/100
|-singleturn|p1a: Corviknight|move: Roost
|
|-sideend|p2: Obito 2001|Reflect
|upkeep
|turn|41
|
|t:|1758918705
|move|p2a: OG👑|Dragon Dance|p2a: OG👑
|-boost|p2a: OG👑|atk|1
|-boost|p2a: OG👑|spe|1
|move|p1a: Corviknight|Iron Defense|p1a: Corviknight
|-boost|p1a: Corviknight|def|2
|
|upkeep
|turn|42
|
|t:|1758918707
|move|p2a: OG👑|Dragon Dance|p2a: OG👑
|-boost|p2a: OG👑|atk|1
|-boost|p2a: OG👑|spe|1
|move|p1a: Corviknight|Body Press|p2a: OG👑
|-resisted|p2a: OG👑
|-crit|p2a: OG👑
|-damage|p2a: OG👑|13/100
|
|upkeep
|turn|43
|
|t:|1758918708
|move|p2a: OG👑|Tera Blast|p1a: Corviknight|[anim] Tera Blast Flying
|-resisted|p1a: Corviknight
|-damage|p1a: Corviknight|81/100
|move|p1a: Corviknight|Body Press|p2a: OG👑
|-resisted|p2a: OG👑
|-crit|p2a: OG👑
|-damage|p2a: OG👑|0 fnt
|faint|p2a: OG👑
|
|upkeep
|-message|Obito 2001 forfeited.
|
|win|WogerHater
|raw|WogerHater's rating: 1820 &rarr; <strong>1836</strong><br />(+16 for winning)
|raw|Obito 2001's rating: 1744 &rarr; <strong>1728</strong><br />(-16 for losing)
|l|☆Obito 2001
|player|p2|
|l|☆WogerHater
|player|p1|
|l| Gyokuroo
|l| 0TheRealAce0
