|j|☆rulorules2
|j|☆guerrero105
|t:|1759033028
|gametype|singles
|player|p1|rulorules2|red|1473
|player|p2|guerrero105|101|1464
|gen|9
|tier|[Gen 9] OU
|rated|
|rule|HP Percentage Mod: HP is shown in percentages
|rule|Endless Battle Clause: Forcing endless battles is banned
|rule|Species Clause: Limit one of each Pokémon
|rule|OHKO Clause: OHKO moves are banned
|rule|Evasion Items Clause: Evasion items are banned
|rule|Evasion Moves Clause: Evasion moves are banned
|rule|Evasion Abilities Clause: Evasion abilities are banned
|rule|Sleep Moves Clause: Sleep-inducing moves are banned
|clearpoke
|poke|p1|Zamazenta-*|
|poke|p1|Breloom, F|
|poke|p1|Great Tusk|
|poke|p1|Kingambit, F|
|poke|p1|Gholdengo|
|poke|p1|Garganacl, M|
|poke|p2|Sinistcha-Masterpiece|
|poke|p2|Mandibuzz, F|
|poke|p2|Tinkaton, F|
|poke|p2|Slowking-Galar, M|
|poke|p2|Tauros-Paldea-Aqua, M|
|poke|p2|Vikavolt, M|
|teampreview
|inactive|Battle timer is ON: inactive players will automatically lose when time's up. (requested by rulorules2)
|
|t:|1759033053
|teamsize|p1|6
|teamsize|p2|6
|start
|switch|p1a: Breloom|Breloom, F|100/100
|switch|p2a: Tauros|Tauros-Paldea-Aqua, M|100/100
|-ability|p2a: Tauros|Intimidate|boost
|-unboost|p1a: Breloom|atk|1
|turn|1
|
|t:|1759033059
|switch|p2a: Tinkaton|Tinkaton, F|100/100
|-ability|p2a: Tinkaton|Mold Breaker
|-item|p2a: Tinkaton|Air Balloon
|move|p1a: Breloom|Bullet Seed|p2a: Tinkaton
|-resisted|p2a: Tinkaton
|-damage|p2a: Tinkaton|85/100
|-enditem|p2a: Tinkaton|Air Balloon
|-resisted|p2a: Tinkaton
|-damage|p2a: Tinkaton|71/100
|-resisted|p2a: Tinkaton
|-damage|p2a: Tinkaton|56/100
|-hitcount|p2a: Tinkaton|3
|
|upkeep
|turn|2
|
|t:|1759033069
|switch|p1a: Gholdengo|Gholdengo|100/100
|move|p2a: Tinkaton|Thunder Wave|p1a: Gholdengo
|-status|p1a: Gholdengo|par
|
|upkeep
|turn|3
|
|t:|1759033079
|move|p2a: Tinkaton|Knock Off|p1a: Gholdengo
|-supereffective|p1a: Gholdengo
|-damage|p1a: Gholdengo|57/100 par
|-enditem|p1a: Gholdengo|Choice Scarf|[from] move: Knock Off|[of] p2a: Tinkaton
|move|p1a: Gholdengo|Shadow Ball|p2a: Tinkaton
|-damage|p2a: Tinkaton|9/100
|
|upkeep
|turn|4
|
|t:|1759033093
|switch|p2a: Mandibuzz|Mandibuzz, F|100/100
|move|p1a: Gholdengo|Shadow Ball|p2a: Mandibuzz
|-resisted|p2a: Mandibuzz
|-damage|p2a: Mandibuzz|82/100
|
|upkeep
|turn|5
|
|t:|1759033103
|switch|p1a: Garganacl|Garganacl, M|100/100
|move|p2a: Mandibuzz|U-turn|p1a: Garganacl
|-damage|p1a: Garganacl|94/100
|
|t:|1759033109
|switch|p2a: Tinkaton|Tinkaton, F|9/100|[from] U-turn
|-ability|p2a: Tinkaton|Mold Breaker
|
|-heal|p1a: Garganacl|100/100|[from] item: Leftovers
|upkeep
|turn|6
|
|t:|1759033113
|switch|p1a: Gholdengo|Gholdengo|57/100 par
|move|p2a: Tinkaton|Thunder Wave|p1a: Gholdengo
|-fail|p1a: Gholdengo|par
|
|upkeep
|turn|7
|
|t:|1759033118
|switch|p2a: Vikavolt|Vikavolt, M|100/100
|move|p1a: Gholdengo|Make It Rain|p2a: Vikavolt
|-resisted|p2a: Vikavolt
|-damage|p2a: Vikavolt|71/100
|-unboost|p1a: Gholdengo|spa|1
|
|upkeep
|turn|8
|
|t:|1759033126
|switch|p1a: Garganacl|Garganacl, M|100/100
|move|p2a: Vikavolt|Sticky Web|p1a: Garganacl
|-sidestart|p1: rulorules2|move: Sticky Web
|
|upkeep
|turn|9
|
|t:|1759033131
|move|p2a: Vikavolt|Volt Switch|p1a: Garganacl
|-damage|p1a: Garganacl|69/100
|
|t:|1759033137
|switch|p2a: Sinistcha|Sinistcha-Masterpiece|100/100|[from] Volt Switch
|move|p1a: Garganacl|Stealth Rock|p2a: Sinistcha
|-sidestart|p2: guerrero105|move: Stealth Rock
|
|-heal|p1a: Garganacl|75/100|[from] item: Leftovers
|upkeep
|turn|10
|
|t:|1759033163
|move|p2a: Sinistcha|Calm Mind|p2a: Sinistcha
|-boost|p2a: Sinistcha|spa|1
|-boost|p2a: Sinistcha|spd|1
|move|p1a: Garganacl|Salt Cure|p2a: Sinistcha
|-damage|p2a: Sinistcha|86/100
|-start|p2a: Sinistcha|Salt Cure
|
|-heal|p2a: Sinistcha|92/100|[from] item: Leftovers
|-heal|p1a: Garganacl|81/100|[from] item: Leftovers
|-damage|p2a: Sinistcha|79/100|[from] Salt Cure
|upkeep
|turn|11
|inactive|guerrero105 has 120 seconds left.
|
|t:|1759033188
|move|p1a: Garganacl|Protect|p1a: Garganacl
|-singleturn|p1a: Garganacl|Protect
|move|p2a: Sinistcha|Matcha Gotcha|p1a: Garganacl
|-activate|p1a: Garganacl|move: Protect
|
|-heal|p2a: Sinistcha|85/100|[from] item: Leftovers
|-heal|p1a: Garganacl|87/100|[from] item: Leftovers
|-damage|p2a: Sinistcha|73/100|[from] Salt Cure
|upkeep
|turn|12
|
|t:|1759033194
|switch|p1a: Gholdengo|Gholdengo|57/100 par
|-activate|p1a: Gholdengo|move: Sticky Web
|-unboost|p1a: Gholdengo|spe|1
|move|p2a: Sinistcha|Matcha Gotcha|p1a: Gholdengo
|-resisted|p1a: Gholdengo
|-damage|p1a: Gholdengo|21/100 par
|-heal|p2a: Sinistcha|93/100|[from] drain|[of] p1a: Gholdengo
|
|-heal|p2a: Sinistcha|99/100|[from] item: Leftovers
|-damage|p2a: Sinistcha|86/100|[from] Salt Cure
|upkeep
|turn|13
|
|t:|1759033213
|move|p2a: Sinistcha|Shadow Ball|p1a: Gholdengo
|-supereffective|p1a: Gholdengo
|-damage|p1a: Gholdengo|0 fnt
|faint|p1a: Gholdengo
|
|-heal|p2a: Sinistcha|92/100|[from] item: Leftovers
|-damage|p2a: Sinistcha|80/100|[from] Salt Cure
|upkeep
|
|t:|1759033219
|switch|p1a: Kingambit|Kingambit, F|100/100
|-activate|p1a: Kingambit|move: Sticky Web
|-unboost|p1a: Kingambit|spe|1
|-activate|p1a: Kingambit|ability: Supreme Overlord
|-start|p1a: Kingambit|fallen1|[silent]
|turn|14
|
|t:|1759033225
|switch|p2a: Tauros|Tauros-Paldea-Aqua, M|100/100
|-damage|p2a: Tauros|95/100|[from] Stealth Rock
|-ability|p2a: Tauros|Intimidate|boost
|-unboost|p1a: Kingambit|atk|1
|move|p1a: Kingambit|Swords Dance|p1a: Kingambit
|-boost|p1a: Kingambit|atk|2
|
|upkeep
|turn|15
|
|t:|1759033235
|-end|p1a: Kingambit|fallen1|[silent]
|switch|p1a: Breloom|Breloom, F|100/100
|-activate|p1a: Breloom|move: Sticky Web
|-unboost|p1a: Breloom|spe|1
|move|p2a: Tauros|Bulk Up|p2a: Tauros
|-boost|p2a: Tauros|atk|1
|-boost|p2a: Tauros|def|1
|
|upkeep
|turn|16
|
|t:|1759033250
|-terastallize|p2a: Tauros|Electric
|move|p2a: Tauros|Body Press|p1a: Breloom
|-damage|p1a: Breloom|35/100
|move|p1a: Breloom|Bullet Seed|p2a: Tauros
|-damage|p2a: Tauros|74/100
|-damage|p2a: Tauros|55/100
|-hitcount|p2a: Tauros|2
|
|upkeep
|turn|17
|
|t:|1759033262
|move|p2a: Tauros|Body Press|p1a: Breloom
|-damage|p1a: Breloom|0 fnt
|faint|p1a: Breloom
|
|upkeep
|
|t:|1759033267
|switch|p1a: Zamazenta|Zamazenta|100/100
|-activate|p1a: Zamazenta|move: Sticky Web
|-unboost|p1a: Zamazenta|spe|1
|-ability|p1a: Zamazenta|Dauntless Shield|boost
|-boost|p1a: Zamazenta|def|1
|turn|18
|
|t:|1759033274
|move|p2a: Tauros|Wave Crash|p1a: Zamazenta
|-damage|p1a: Zamazenta|69/100
|-damage|p2a: Tauros|41/100|[from] Recoil
|move|p1a: Zamazenta|Iron Defense|p1a: Zamazenta
|-boost|p1a: Zamazenta|def|2
|
|-heal|p1a: Zamazenta|75/100|[from] item: Leftovers
|upkeep
|turn|19
|
|t:|1759033281
|switch|p2a: Sinistcha|Sinistcha-Masterpiece|80/100
|-damage|p2a: Sinistcha|68/100|[from] Stealth Rock
|move|p1a: Zamazenta|Iron Defense|p1a: Zamazenta
|-boost|p1a: Zamazenta|def|2
|
|-heal|p2a: Sinistcha|74/100|[from] item: Leftovers
|-heal|p1a: Zamazenta|82/100|[from] item: Leftovers
|upkeep
|turn|20
|
|t:|1759033288
|move|p2a: Sinistcha|Strength Sap|p1a: Zamazenta
|-unboost|p1a: Zamazenta|atk|1
|-heal|p2a: Sinistcha|100/100
|move|p1a: Zamazenta|Crunch|p2a: Sinistcha
|-supereffective|p2a: Sinistcha
|-damage|p2a: Sinistcha|69/100
|
|-heal|p2a: Sinistcha|75/100|[from] item: Leftovers
|-heal|p1a: Zamazenta|88/100|[from] item: Leftovers
|upkeep
|turn|21
|
|t:|1759033299
|move|p2a: Sinistcha|Matcha Gotcha|p1a: Zamazenta
|-damage|p1a: Zamazenta|61/100
|-heal|p2a: Sinistcha|93/100|[from] drain|[of] p1a: Zamazenta
|move|p1a: Zamazenta|Crunch|p2a: Sinistcha
|-supereffective|p2a: Sinistcha
|-damage|p2a: Sinistcha|60/100
|-unboost|p2a: Sinistcha|def|1
|
|-heal|p2a: Sinistcha|66/100|[from] item: Leftovers
|-heal|p1a: Zamazenta|67/100|[from] item: Leftovers
|upkeep
|turn|22
|
|t:|1759033307
|move|p2a: Sinistcha|Strength Sap|p1a: Zamazenta
|-unboost|p1a: Zamazenta|atk|1
|-heal|p2a: Sinistcha|100/100
|move|p1a: Zamazenta|Crunch|p2a: Sinistcha
|-supereffective|p2a: Sinistcha
|-damage|p2a: Sinistcha|63/100
|
|-heal|p2a: Sinistcha|69/100|[from] item: Leftovers
|-heal|p1a: Zamazenta|73/100|[from] item: Leftovers
|upkeep
|turn|23
|
|t:|1759033315
|move|p2a: Sinistcha|Matcha Gotcha|p1a: Zamazenta
|-damage|p1a: Zamazenta|45/100
|-heal|p2a: Sinistcha|88/100|[from] drain|[of] p1a: Zamazenta
|move|p1a: Zamazenta|Crunch|p2a: Sinistcha
|-supereffective|p2a: Sinistcha
|-damage|p2a: Sinistcha|50/100
|-unboost|p2a: Sinistcha|def|1
|
|-heal|p2a: Sinistcha|56/100|[from] item: Leftovers
|-heal|p1a: Zamazenta|51/100|[from] item: Leftovers
|upkeep
|turn|24
|
|t:|1759033329
|switch|p2a: Slowking|Slowking-Galar, M|100/100
|-damage|p2a: Slowking|88/100|[from] Stealth Rock
|switch|p1a: Great Tusk|Great Tusk|100/100
|-activate|p1a: Great Tusk|move: Sticky Web
|-unboost|p1a: Great Tusk|spe|1
|-enditem|p1a: Great Tusk|Booster Energy
|-activate|p1a: Great Tusk|ability: Protosynthesis|[fromitem]
|-start|p1a: Great Tusk|protosynthesisatk
|
|-heal|p2a: Slowking|94/100|[from] item: Leftovers
|upkeep
|turn|25
|
|t:|1759033344
|move|p1a: Great Tusk|Headlong Rush|p2a: Slowking
|-supereffective|p2a: Slowking
|-damage|p2a: Slowking|0 fnt
|-unboost|p1a: Great Tusk|def|1
|-unboost|p1a: Great Tusk|spd|1
|faint|p2a: Slowking
|
|upkeep
|
|t:|1759033350
|switch|p2a: Sinistcha|Sinistcha-Masterpiece|56/100
|-damage|p2a: Sinistcha|44/100|[from] Stealth Rock
|turn|26
|
|t:|1759033356
|-end|p1a: Great Tusk|Protosynthesis|[silent]
|switch|p1a: Garganacl|Garganacl, M|87/100
|-activate|p1a: Garganacl|move: Sticky Web
|-unboost|p1a: Garganacl|spe|1
|move|p2a: Sinistcha|Matcha Gotcha|p1a: Garganacl
|-supereffective|p1a: Garganacl
|-damage|p1a: Garganacl|24/100
|-heal|p2a: Sinistcha|89/100|[from] drain|[of] p1a: Garganacl
|
|-heal|p2a: Sinistcha|95/100|[from] item: Leftovers
|-heal|p1a: Garganacl|30/100|[from] item: Leftovers
|upkeep
|turn|27
|
|t:|1759033367
|move|p2a: Sinistcha|Matcha Gotcha|p1a: Garganacl
|-supereffective|p1a: Garganacl
|-damage|p1a: Garganacl|0 fnt
|-heal|p2a: Sinistcha|100/100|[from] drain|[of] p1a: Garganacl
|faint|p1a: Garganacl
|
|upkeep
|
|t:|1759033372
|switch|p1a: Kingambit|Kingambit, F|100/100
|-activate|p1a: Kingambit|move: Sticky Web
|-unboost|p1a: Kingambit|spe|1
|-activate|p1a: Kingambit|ability: Supreme Overlord
|-start|p1a: Kingambit|fallen3|[silent]
|turn|28
|
|t:|1759033379
|switch|p2a: Tauros|Tauros-Paldea-Aqua, M, tera:Electric|41/100
|-damage|p2a: Tauros|29/100|[from] Stealth Rock
|-ability|p2a: Tauros|Intimidate|boost
|-unboost|p1a: Kingambit|atk|1
|move|p1a: Kingambit|Swords Dance|p1a: Kingambit
|-boost|p1a: Kingambit|atk|2
|
|upkeep
|turn|29
|
|t:|1759033386
|move|p1a: Kingambit|Sucker Punch||[still]
|-fail|p1a: Kingambit
|move|p2a: Tauros|Bulk Up|p2a: Tauros
|-boost|p2a: Tauros|atk|1
|-boost|p2a: Tauros|def|1
|
|upkeep
|turn|30
|
|t:|1759033389
|move|p1a: Kingambit|Sucker Punch|p2a: Tauros
|-damage|p2a: Tauros|0 fnt
|faint|p2a: Tauros
|
|upkeep
|
|t:|1759033394
|switch|p2a: Tinkaton|Tinkaton, F|9/100
|-damage|p2a: Tinkaton|3/100|[from] Stealth Rock
|-ability|p2a: Tinkaton|Mold Breaker
|turn|31
|
|t:|1759033402
|move|p2a: Tinkaton|Thunder Wave|p1a: Kingambit
|-status|p1a: Kingambit|par
|move|p1a: Kingambit|Kowtow Cleave|p2a: Tinkaton
|-resisted|p2a: Tinkaton
|-damage|p2a: Tinkaton|0 fnt
|faint|p2a: Tinkaton
|
|upkeep
|
|t:|1759033410
|switch|p2a: Mandibuzz|Mandibuzz, F|82/100
|turn|32
|
|t:|1759033414
|move|p2a: Mandibuzz|Foul Play|p1a: Kingambit
|-resisted|p1a: Kingambit
|-damage|p1a: Kingambit|71/100 par
|cant|p1a: Kingambit|par
|
|upkeep
|turn|33
|
|t:|1759033420
|move|p2a: Mandibuzz|Foul Play|p1a: Kingambit
|-resisted|p1a: Kingambit
|-damage|p1a: Kingambit|42/100 par
|move|p1a: Kingambit|Iron Head|p2a: Mandibuzz
|-damage|p2a: Mandibuzz|27/100
|
|upkeep
|turn|34
|
|t:|1759033427
|move|p2a: Mandibuzz|Roost|p2a: Mandibuzz
|-heal|p2a: Mandibuzz|77/100
|-singleturn|p2a: Mandibuzz|move: Roost
|move|p1a: Kingambit|Iron Head|p2a: Mandibuzz
|-damage|p2a: Mandibuzz|21/100
|
|upkeep
|turn|35
|
|t:|1759033434
|move|p2a: Mandibuzz|Roost|p2a: Mandibuzz
|-heal|p2a: Mandibuzz|71/100
|-singleturn|p2a: Mandibuzz|move: Roost
|cant|p1a: Kingambit|par
|
|upkeep
|turn|36
|
|t:|1759033441
|move|p2a: Mandibuzz|Foul Play|p1a: Kingambit
|-resisted|p1a: Kingambit
|-damage|p1a: Kingambit|11/100 par
|cant|p1a: Kingambit|par
|
|upkeep
|turn|37
|
|t:|1759033447
|move|p1a: Kingambit|Sucker Punch||[still]
|-fail|p1a: Kingambit
|move|p2a: Mandibuzz|Roost|p2a: Mandibuzz
|-heal|p2a: Mandibuzz|100/100
|-singleturn|p2a: Mandibuzz|move: Roost
|
|upkeep
|turn|38
|
|t:|1759033450
|cant|p1a: Kingambit|par
|move|p2a: Mandibuzz|Foul Play|p1a: Kingambit
|-resisted|p1a: Kingambit
|-damage|p1a: Kingambit|0 fnt
|faint|p1a: Kingambit
|-end|p1a: Kingambit|fallen3|[silent]
|
|upkeep
|
|t:|1759033453
|switch|p1a: Great Tusk|Great Tusk|100/100
|-activate|p1a: Great Tusk|move: Sticky Web
|-unboost|p1a: Great Tusk|spe|1
|turn|39
|
|t:|1759033456
|switch|p2a: Sinistcha|Sinistcha-Masterpiece|100/100
|-damage|p2a: Sinistcha|88/100|[from] Stealth Rock
|move|p1a: Great Tusk|Ice Spinner|p2a: Sinistcha
|-supereffective|p2a: Sinistcha
|-damage|p2a: Sinistcha|25/100
|
|-heal|p2a: Sinistcha|31/100|[from] item: Leftovers
|upkeep
|turn|40
|
|t:|1759033463
|move|p2a: Sinistcha|Strength Sap|p1a: Great Tusk
|-unboost|p1a: Great Tusk|atk|1
|-heal|p2a: Sinistcha|100/100
|move|p1a: Great Tusk|Ice Spinner|p2a: Sinistcha
|-supereffective|p2a: Sinistcha
|-damage|p2a: Sinistcha|60/100
|
|-heal|p2a: Sinistcha|66/100|[from] item: Leftovers
|upkeep
|turn|41
|-message|rulorules2 forfeited.
|
|win|guerrero105
|raw|rulorules2's rating: 1473 &rarr; <strong>1452</strong><br />(-21 for losing)
|raw|guerrero105's rating: 1464 &rarr; <strong>1485</strong><br />(+21 for winning)
|l|☆rulorules2
|player|p1|
|l|☆guerrero105
|player|p2|
