|j|☆HugoLeGoomer
|j|☆tejasvi_v.22
|t:|1759062230
|gametype|singles
|player|p1|HugoLeGoomer|veteran|1289
|player|p2|tejasvi_v.22|101|1367
|gen|9
|tier|[Gen 9] OU
|rated|
|rule|HP Percentage Mod: HP is shown in percentages
|rule|Endless Battle Clause: Forcing endless battles is banned
|rule|Species Clause: Limit one of each Pokémon
|rule|OHKO Clause: OHKO moves are banned
|rule|Evasion Items Clause: Evasion items are banned
|rule|Evasion Moves Clause: Evasion moves are banned
|rule|Evasion Abilities Clause: Evasion abilities are banned
|rule|Sleep Moves Clause: Sleep-inducing moves are banned
|clearpoke
|poke|p1|Sawsbuck-Autumn, F|
|poke|p1|Darkrai|
|poke|p1|Landorus-Therian, M|
|poke|p1|Comfey, M|
|poke|p1|Goodra-Hisui, F|
|poke|p1|Cinderace, F|
|poke|p2|Dragapult, M|
|poke|p2|Deoxys-Speed|
|poke|p2|Landorus-Therian, M|
|poke|p2|Kingambit, M|
|poke|p2|Iron Moth|
|poke|p2|Zamazenta-*|
|teampreview
|inactive|Battle timer is ON: inactive players will automatically lose when time's up. (requested by HugoLeGoomer)
|
|t:|1759062247
|teamsize|p1|6
|teamsize|p2|6
|start
|switch|p1a: Landorus|Landorus-Therian, M|100/100
|switch|p2a: Deoxys|Deoxys-Speed|100/100
|-ability|p2a: Deoxys|Pressure
|-ability|p1a: Landorus|Intimidate|boost
|-unboost|p2a: Deoxys|atk|1
|turn|1
|
|t:|1759062254
|move|p2a: Deoxys|Stealth Rock|p1a: Landorus
|-sidestart|p1: HugoLeGoomer|move: Stealth Rock
|move|p1a: Landorus|U-turn|p2a: Deoxys
|-supereffective|p2a: Deoxys
|-crit|p2a: Deoxys
|-enditem|p2a: Deoxys|Focus Sash
|-damage|p2a: Deoxys|1/100
|
|t:|1759062261
|switch|p1a: Comfey|Comfey, M|100/100|[from] U-turn
|-damage|p1a: Comfey|88/100|[from] Stealth Rock
|
|-heal|p1a: Comfey|94/100|[from] item: Leftovers
|upkeep
|turn|2
|
|t:|1759062267
|switch|p2a: Iron Moth|Iron Moth|100/100
|-enditem|p2a: Iron Moth|Booster Energy
|-activate|p2a: Iron Moth|ability: Quark Drive|[fromitem]
|-start|p2a: Iron Moth|quarkdrivespe
|move|p1a: Comfey|Draining Kiss|p2a: Iron Moth
|-resisted|p2a: Iron Moth
|-damage|p2a: Iron Moth|96/100
|-heal|p1a: Comfey|99/100|[from] drain|[of] p2a: Iron Moth
|
|-heal|p1a: Comfey|100/100|[from] item: Leftovers
|upkeep
|turn|3
|
|t:|1759062279
|switch|p1a: Landorus|Landorus-Therian, M|100/100
|-damage|p1a: Landorus|88/100|[from] Stealth Rock
|-ability|p1a: Landorus|Intimidate|boost
|-unboost|p2a: Iron Moth|atk|1
|move|p2a: Iron Moth|Fiery Dance|p1a: Landorus
|-damage|p1a: Landorus|32/100
|
|-heal|p1a: Landorus|37/100|[from] item: Leftovers
|upkeep
|turn|4
|
|t:|1759062287
|-terastallize|p1a: Landorus|Water
|move|p2a: Iron Moth|Fiery Dance|p1a: Landorus
|-resisted|p1a: Landorus
|-damage|p1a: Landorus|10/100
|move|p1a: Landorus|Earthquake|p2a: Iron Moth
|-supereffective|p2a: Iron Moth
|-damage|p2a: Iron Moth|0 fnt
|faint|p2a: Iron Moth
|-end|p2a: Iron Moth|Quark Drive|[silent]
|
|-heal|p1a: Landorus|16/100|[from] item: Leftovers
|upkeep
|
|t:|1759062302
|switch|p2a: Landorus|Landorus-Therian, M|100/100
|-ability|p2a: Landorus|Intimidate|boost
|-unboost|p1a: Landorus|atk|1
|turn|5
|
|t:|1759062307
|move|p2a: Landorus|Swords Dance|p2a: Landorus
|-boost|p2a: Landorus|atk|2
|move|p1a: Landorus|U-turn|p2a: Landorus
|-resisted|p2a: Landorus
|-crit|p2a: Landorus
|-damage|p2a: Landorus|76/100
|
|t:|1759062311
|switch|p1a: Darkrai|Darkrai|100/100|[from] U-turn
|-damage|p1a: Darkrai|88/100|[from] Stealth Rock
|
|-heal|p2a: Landorus|82/100|[from] item: Leftovers
|upkeep
|turn|6
|
|t:|1759062317
|switch|p2a: Kingambit|Kingambit, M|100/100
|-activate|p2a: Kingambit|ability: Supreme Overlord
|-start|p2a: Kingambit|fallen1|[silent]
|move|p1a: Darkrai|Ice Beam|p2a: Kingambit
|-resisted|p2a: Kingambit
|-damage|p2a: Kingambit|84/100
|
|upkeep
|turn|7
|
|t:|1759062328
|switch|p1a: Landorus|Landorus-Therian, M, tera:Water|16/100
|-damage|p1a: Landorus|4/100|[from] Stealth Rock
|-ability|p1a: Landorus|Intimidate|boost
|-unboost|p2a: Kingambit|atk|1
|move|p2a: Kingambit|Iron Head|p1a: Landorus
|-resisted|p1a: Landorus
|-damage|p1a: Landorus|0 fnt
|faint|p1a: Landorus
|
|upkeep
|
|t:|1759062339
|switch|p1a: Cinderace|Cinderace, F|100/100
|turn|8
|
|t:|1759062357
|-end|p2a: Kingambit|fallen1|[silent]
|switch|p2a: Dragapult|Dragapult, M|100/100
|move|p1a: Cinderace|Court Change|p1a: Cinderace
|-start|p1a: Cinderace|typechange|Normal|[from] ability: Libero
|-swapsideconditions
|-activate|p1a: Cinderace|move: Court Change
|
|upkeep
|turn|9
|
|t:|1759062363
|move|p1a: Cinderace|Sucker Punch||[still]
|-fail|p1a: Cinderace
|move|p2a: Dragapult|Dragon Dance|p2a: Dragapult
|-boost|p2a: Dragapult|atk|1
|-boost|p2a: Dragapult|spe|1
|
|upkeep
|turn|10
|
|t:|1759062375
|switch|p1a: Comfey|Comfey, M|100/100
|-terastallize|p2a: Dragapult|Fighting
|move|p2a: Dragapult|Dragon Darts|p1a: Comfey
|-immune|p1a: Comfey
|
|upkeep
|turn|11
|
|t:|1759062384
|move|p2a: Dragapult|Phantom Force||[still]
|-prepare|p2a: Dragapult|Phantom Force
|move|p1a: Comfey|Calm Mind|p1a: Comfey
|-boost|p1a: Comfey|spa|1
|-boost|p1a: Comfey|spd|1
|
|upkeep
|turn|12
|
|t:|1759062388
|move|p2a: Dragapult|Phantom Force|p1a: Comfey|[from] lockedmove
|-damage|p1a: Comfey|0 fnt
|faint|p1a: Comfey
|-damage|p2a: Dragapult|91/100|[from] item: Life Orb
|
|upkeep
|
|t:|1759062399
|switch|p1a: Goodra|Goodra-Hisui, F|100/100
|turn|13
|
|t:|1759062403
|move|p2a: Dragapult|Phantom Force||[still]
|-prepare|p2a: Dragapult|Phantom Force
|move|p1a: Goodra|Draco Meteor|p2a: Dragapult|[miss]
|-miss|p1a: Goodra|p2a: Dragapult
|
|upkeep
|turn|14
|
|t:|1759062409
|move|p2a: Dragapult|Phantom Force|p1a: Goodra|[from] lockedmove
|-damage|p1a: Goodra|4/100
|-damage|p2a: Dragapult|81/100|[from] item: Life Orb
|move|p1a: Goodra|Draco Meteor|p2a: Dragapult
|-damage|p2a: Dragapult|0 fnt
|-unboost|p1a: Goodra|spa|2
|faint|p2a: Dragapult
|
|upkeep
|
|t:|1759062420
|switch|p2a: Landorus|Landorus-Therian, M|82/100
|-damage|p2a: Landorus|70/100|[from] Stealth Rock
|-ability|p2a: Landorus|Intimidate|boost
|-unboost|p1a: Goodra|atk|1
|turn|15
|
|t:|1759062427
|move|p2a: Landorus|Substitute|p2a: Landorus
|-start|p2a: Landorus|Substitute
|-damage|p2a: Landorus|45/100
|move|p1a: Goodra|Draco Meteor|p2a: Landorus
|-end|p2a: Landorus|Substitute
|-unboost|p1a: Goodra|spa|2
|
|-heal|p2a: Landorus|51/100|[from] item: Leftovers
|upkeep
|turn|16
|
|t:|1759062432
|switch|p1a: Cinderace|Cinderace, F|100/100
|move|p2a: Landorus|Substitute|p2a: Landorus
|-start|p2a: Landorus|Substitute
|-damage|p2a: Landorus|27/100
|
|-heal|p2a: Landorus|32/100|[from] item: Leftovers
|upkeep
|turn|17
|
|t:|1759062437
|move|p1a: Cinderace|Court Change|p1a: Cinderace
|-start|p1a: Cinderace|typechange|Normal|[from] ability: Libero
|-swapsideconditions
|-activate|p1a: Cinderace|move: Court Change
|move|p2a: Landorus|Earthquake|p1a: Cinderace
|-damage|p1a: Cinderace|15/100
|
|-heal|p2a: Landorus|38/100|[from] item: Leftovers
|upkeep
|turn|18
|
|t:|1759062445
|move|p1a: Cinderace|Court Change|p1a: Cinderace
|-swapsideconditions
|-activate|p1a: Cinderace|move: Court Change
|move|p2a: Landorus|Earthquake|p1a: Cinderace
|-damage|p1a: Cinderace|0 fnt
|faint|p1a: Cinderace
|
|-heal|p2a: Landorus|44/100|[from] item: Leftovers
|upkeep
|
|t:|1759062456
|switch|p1a: Sawsbuck|Sawsbuck-Autumn, F|100/100
|turn|19
|
|t:|1759062459
|move|p1a: Sawsbuck|Trailblaze|p2a: Landorus
|-crit|p2a: Landorus
|-end|p2a: Landorus|Substitute
|-boost|p1a: Sawsbuck|spe|1
|-damage|p1a: Sawsbuck|91/100|[from] item: Life Orb
|move|p2a: Landorus|Rock Slide|p1a: Sawsbuck
|-damage|p1a: Sawsbuck|48/100
|
|-heal|p2a: Landorus|50/100|[from] item: Leftovers
|upkeep
|turn|20
|
|t:|1759062468
|move|p1a: Sawsbuck|Headbutt|p2a: Landorus
|-damage|p2a: Landorus|6/100
|-damage|p1a: Sawsbuck|38/100|[from] item: Life Orb
|cant|p2a: Landorus|flinch
|
|-heal|p2a: Landorus|12/100|[from] item: Leftovers
|upkeep
|turn|21
|
|t:|1759062477
|move|p1a: Sawsbuck|Headbutt|p2a: Landorus
|-damage|p2a: Landorus|0 fnt
|faint|p2a: Landorus
|-damage|p1a: Sawsbuck|28/100|[from] item: Life Orb
|
|upkeep
|
|t:|1759062489
|switch|p2a: Kingambit|Kingambit, M|84/100
|-damage|p2a: Kingambit|78/100|[from] Stealth Rock
|-activate|p2a: Kingambit|ability: Supreme Overlord
|-start|p2a: Kingambit|fallen3|[silent]
|turn|22
|
|t:|1759062496
|move|p1a: Sawsbuck|High Horsepower|p2a: Kingambit
|-supereffective|p2a: Kingambit
|-damage|p2a: Kingambit|24/100
|-damage|p1a: Sawsbuck|18/100|[from] item: Life Orb
|move|p2a: Kingambit|Swords Dance|p2a: Kingambit
|-boost|p2a: Kingambit|atk|2
|
|upkeep
|turn|23
|
|t:|1759062501
|move|p2a: Kingambit|Sucker Punch|p1a: Sawsbuck
|-damage|p1a: Sawsbuck|0 fnt
|faint|p1a: Sawsbuck
|
|upkeep
|
|t:|1759062502
|switch|p1a: Darkrai|Darkrai|88/100
|turn|24
|
|t:|1759062506
|move|p2a: Kingambit|Sucker Punch|p1a: Darkrai
|-resisted|p1a: Darkrai
|-damage|p1a: Darkrai|14/100
|move|p1a: Darkrai|Focus Blast|p2a: Kingambit
|-supereffective|p2a: Kingambit
|-damage|p2a: Kingambit|0 fnt
|faint|p2a: Kingambit
|-end|p2a: Kingambit|fallen3|[silent]
|
|upkeep
|
|t:|1759062511
|switch|p2a: Zamazenta|Zamazenta|100/100
|-damage|p2a: Zamazenta|94/100|[from] Stealth Rock
|-ability|p2a: Zamazenta|Dauntless Shield|boost
|-boost|p2a: Zamazenta|def|1
|turn|25
|
|t:|1759062517
|switch|p1a: Goodra|Goodra-Hisui, F|4/100
|move|p2a: Zamazenta|Close Combat|p1a: Goodra
|-supereffective|p1a: Goodra
|-damage|p1a: Goodra|0 fnt
|-unboost|p2a: Zamazenta|def|1
|-unboost|p2a: Zamazenta|spd|1
|faint|p1a: Goodra
|
|-heal|p2a: Zamazenta|100/100|[from] item: Leftovers
|upkeep
|
|t:|1759062519
|switch|p1a: Darkrai|Darkrai|14/100
|turn|26
|
|t:|1759062526
|move|p1a: Darkrai|Dark Pulse|p2a: Zamazenta
|-resisted|p2a: Zamazenta
|-damage|p2a: Zamazenta|70/100
|move|p2a: Zamazenta|Close Combat|p1a: Darkrai
|-supereffective|p1a: Darkrai
|-damage|p1a: Darkrai|0 fnt
|-unboost|p2a: Zamazenta|def|1
|-unboost|p2a: Zamazenta|spd|1
|faint|p1a: Darkrai
|
|win|tejasvi_v.22
|raw|HugoLeGoomer's rating: 1289 &rarr; <strong>1270</strong><br />(-19 for losing)
|raw|tejasvi_v.22's rating: 1367 &rarr; <strong>1383</strong><br />(+16 for winning)
|l|☆HugoLeGoomer
|player|p1|
