|j|☆elpets
|j|☆GermanDude5
|t:|1758922778
|gametype|singles
|player|p1|elpets|infielder|1719
|player|p2|GermanDude5|169|1702
|gen|9
|tier|[Gen 9] OU
|rated|
|rule|HP Percentage Mod: HP is shown in percentages
|rule|Endless Battle Clause: Forcing endless battles is banned
|rule|Species Clause: Limit one of each Pokémon
|rule|OHKO Clause: OHKO moves are banned
|rule|Evasion Items Clause: Evasion items are banned
|rule|Evasion Moves Clause: Evasion moves are banned
|rule|Evasion Abilities Clause: Evasion abilities are banned
|rule|Sleep Moves Clause: Sleep-inducing moves are banned
|clearpoke
|poke|p1|Hatterene, F|
|poke|p1|Dragonite, F|
|poke|p1|Breloom, M|
|poke|p1|Azumarill, F|
|poke|p1|Great Tusk|
|poke|p1|Skeledirge, F|
|poke|p2|Enamorus, F|
|poke|p2|Great Tusk|
|poke|p2|Dragapult, F|
|poke|p2|Alomomola, F|
|poke|p2|Iron Crown|
|poke|p2|Kingambit, M|
|teampreview
|inactive|Battle timer is ON: inactive players will automatically lose when time's up. (requested by elpets)
|j| transit blues
|
|t:|1758922811
|teamsize|p1|6
|teamsize|p2|6
|start
|switch|p1a: Azumarill|Azumarill, F|100/100
|switch|p2a: Enamorus|Enamorus, F|100/100
|turn|1
|
|t:|1758922815
|switch|p2a: Alomomola|Alomomola, F|100/100
|move|p1a: Azumarill|Liquidation|p2a: Alomomola
|-resisted|p2a: Alomomola
|-damage|p2a: Alomomola|83/100
|
|upkeep
|turn|2
|
|t:|1758922819
|move|p1a: Azumarill|Knock Off|p2a: Alomomola
|-damage|p2a: Alomomola|57/100
|-enditem|p2a: Alomomola|Heavy-Duty Boots|[from] move: Knock Off|[of] p1a: Azumarill
|move|p2a: Alomomola|Flip Turn|p1a: Azumarill
|-resisted|p1a: Azumarill
|-damage|p1a: Azumarill|93/100
|j| Lamp0821
|
|t:|1758922828
|switch|p2a: Iron Crown|Iron Crown|100/100|[from] Flip Turn
|
|upkeep
|turn|3
|
|t:|1758922835
|move|p2a: Iron Crown|Volt Switch|p1a: Azumarill
|-supereffective|p1a: Azumarill
|-damage|p1a: Azumarill|62/100
|
|t:|1758922838
|-end|p2a: Iron Crown|Quark Drive|[silent]
|switch|p2a: Alomomola|Alomomola, F|91/100|[from] Volt Switch
|move|p1a: Azumarill|Knock Off|p2a: Alomomola
|-damage|p2a: Alomomola|75/100
|
|upkeep
|turn|4
|
|t:|1758922840
|move|p1a: Azumarill|Play Rough|p2a: Alomomola|[miss]
|-miss|p1a: Azumarill|p2a: Alomomola
|move|p2a: Alomomola|Flip Turn|p1a: Azumarill
|-resisted|p1a: Azumarill
|-damage|p1a: Azumarill|54/100
|l| Lamp0821
|
|t:|1758922842
|switch|p2a: Iron Crown|Iron Crown|100/100|[from] Flip Turn
|
|upkeep
|turn|5
|
|t:|1758922845
|move|p2a: Iron Crown|Volt Switch|p1a: Azumarill
|-supereffective|p1a: Azumarill
|-damage|p1a: Azumarill|24/100
|
|t:|1758922848
|-end|p2a: Iron Crown|Quark Drive|[silent]
|switch|p2a: Alomomola|Alomomola, F|100/100|[from] Volt Switch
|move|p1a: Azumarill|Play Rough|p2a: Alomomola
|-damage|p2a: Alomomola|64/100
|
|upkeep
|turn|6
|
|t:|1758922850
|move|p1a: Azumarill|Knock Off|p2a: Alomomola
|-damage|p2a: Alomomola|47/100
|move|p2a: Alomomola|Wish|p2a: Alomomola
|
|upkeep
|turn|7
|j| xmagic_77
|
|t:|1758922854
|move|p1a: Azumarill|Play Rough|p2a: Alomomola|[miss]
|-miss|p1a: Azumarill|p2a: Alomomola
|move|p2a: Alomomola|Flip Turn|p1a: Azumarill
|-resisted|p1a: Azumarill
|-damage|p1a: Azumarill|15/100
|
|t:|1758922856
|switch|p2a: Iron Crown|Iron Crown|100/100|[from] Flip Turn
|
|upkeep
|turn|8
|
|t:|1758922860
|move|p1a: Azumarill|Aqua Jet|p2a: Iron Crown
|-damage|p2a: Iron Crown|71/100
|move|p2a: Iron Crown|Psychic Noise|p1a: Azumarill
|-damage|p1a: Azumarill|0 fnt
|faint|p1a: Azumarill
|
|upkeep
|
|t:|1758922866
|switch|p1a: Skeledirge|Skeledirge, F|100/100
|turn|9
|
|t:|1758922883
|-end|p2a: Iron Crown|Quark Drive|[silent]
|switch|p2a: Alomomola|Alomomola, F|80/100
|move|p1a: Skeledirge|Torch Song|p2a: Alomomola
|-resisted|p2a: Alomomola
|-damage|p2a: Alomomola|65/100
|-boost|p1a: Skeledirge|spa|1
|
|upkeep
|turn|10
|
|t:|1758922886
|move|p1a: Skeledirge|Torch Song|p2a: Alomomola
|-resisted|p2a: Alomomola
|-damage|p2a: Alomomola|43/100
|-boost|p1a: Skeledirge|spa|1
|move|p2a: Alomomola|Flip Turn|p1a: Skeledirge
|-supereffective|p1a: Skeledirge
|-damage|p1a: Skeledirge|81/100
|
|t:|1758922896
|switch|p2a: Dragapult|Dragapult, F|100/100|[from] Flip Turn
|
|upkeep
|turn|11
|
|t:|1758922908
|move|p2a: Dragapult|U-turn|p1a: Skeledirge
|-resisted|p1a: Skeledirge
|-damage|p1a: Skeledirge|79/100
|
|t:|1758922911
|switch|p2a: Alomomola|Alomomola, F|76/100|[from] U-turn
|move|p1a: Skeledirge|Shadow Ball|p2a: Alomomola
|-damage|p2a: Alomomola|23/100
|
|upkeep
|turn|12
|
|t:|1758922928
|move|p1a: Skeledirge|Torch Song|p2a: Alomomola
|-resisted|p2a: Alomomola
|-damage|p2a: Alomomola|0 fnt
|-boost|p1a: Skeledirge|spa|1
|faint|p2a: Alomomola
|
|upkeep
|
|t:|1758922931
|switch|p2a: Dragapult|Dragapult, F|100/100
|turn|13
|
|t:|1758922933
|-terastallize|p1a: Skeledirge|Water
|move|p2a: Dragapult|Shadow Ball|p1a: Skeledirge
|-damage|p1a: Skeledirge|21/100
|move|p1a: Skeledirge|Shadow Ball|p2a: Dragapult
|-supereffective|p2a: Dragapult
|-damage|p2a: Dragapult|0 fnt
|faint|p2a: Dragapult
|
|upkeep
|
|t:|1758922938
|switch|p2a: Enamorus|Enamorus, F|100/100
|turn|14
|
|t:|1758922941
|move|p2a: Enamorus|Moonblast|p1a: Skeledirge
|-damage|p1a: Skeledirge|0 fnt
|faint|p1a: Skeledirge
|
|upkeep
|
|t:|1758922945
|switch|p1a: Hatterene|Hatterene, F|100/100
|turn|15
|
|t:|1758922949
|switch|p2a: Iron Crown|Iron Crown|71/100
|move|p1a: Hatterene|Trick Room|p1a: Hatterene
|-fieldstart|move: Trick Room|[of] p1a: Hatterene
|
|upkeep
|turn|16
|
|t:|1758922957
|move|p1a: Hatterene|Mystical Fire|p2a: Iron Crown
|-supereffective|p2a: Iron Crown
|-damage|p2a: Iron Crown|31/100
|-unboost|p2a: Iron Crown|spa|1
|move|p2a: Iron Crown|Tachyon Cutter|p1a: Hatterene
|-supereffective|p1a: Hatterene
|-damage|p1a: Hatterene|67/100
|-supereffective|p1a: Hatterene
|-crit|p1a: Hatterene
|-damage|p1a: Hatterene|0 fnt
|faint|p1a: Hatterene
|-hitcount|p1: Hatterene|2
|
|upkeep
|
|t:|1758922963
|switch|p1a: Great Tusk|Great Tusk|100/100
|-enditem|p1a: Great Tusk|Booster Energy
|-activate|p1a: Great Tusk|ability: Protosynthesis|[fromitem]
|-start|p1a: Great Tusk|protosynthesisatk
|turn|17
|
|t:|1758922982
|move|p1a: Great Tusk|Headlong Rush|p2a: Iron Crown
|-supereffective|p2a: Iron Crown
|-damage|p2a: Iron Crown|0 fnt
|-unboost|p1a: Great Tusk|def|1
|-unboost|p1a: Great Tusk|spd|1
|faint|p2a: Iron Crown
|-end|p2a: Iron Crown|Quark Drive|[silent]
|
|upkeep
|
|t:|1758922993
|switch|p2a: Enamorus|Enamorus, F|100/100
|turn|18
|
|t:|1758923000
|switch|p2a: Kingambit|Kingambit, M|100/100
|-activate|p2a: Kingambit|ability: Supreme Overlord
|-start|p2a: Kingambit|fallen3|[silent]
|move|p1a: Great Tusk|Ice Spinner|p2a: Kingambit
|-resisted|p2a: Kingambit
|-damage|p2a: Kingambit|86/100
|
|-heal|p2a: Kingambit|92/100|[from] item: Leftovers
|upkeep
|turn|19
|
|t:|1758923010
|move|p2a: Kingambit|Iron Head|p1a: Great Tusk
|-damage|p1a: Great Tusk|29/100
|cant|p1a: Great Tusk|flinch
|
|-heal|p2a: Kingambit|98/100|[from] item: Leftovers
|-fieldend|move: Trick Room
|upkeep
|turn|20
|
|t:|1758923021
|-end|p2a: Kingambit|fallen3|[silent]
|switch|p2a: Enamorus|Enamorus, F|100/100
|move|p1a: Great Tusk|Supercell Slam|p2a: Enamorus
|-supereffective|p2a: Enamorus
|-damage|p2a: Enamorus|0 fnt
|faint|p2a: Enamorus
|
|upkeep
|
|t:|1758923024
|switch|p2a: Great Tusk|Great Tusk|100/100
|turn|21
|
|t:|1758923039
|move|p1a: Great Tusk|Headlong Rush|p2a: Great Tusk
|-damage|p2a: Great Tusk|37/100
|-unboost|p1a: Great Tusk|def|1
|-unboost|p1a: Great Tusk|spd|1
|move|p2a: Great Tusk|Rapid Spin|p1a: Great Tusk
|-damage|p1a: Great Tusk|5/100
|-boost|p2a: Great Tusk|spe|1
|
|upkeep
|turn|22
|j| crowv2
|
|t:|1758923046
|move|p2a: Great Tusk|Ice Spinner|p1a: Great Tusk
|-supereffective|p1a: Great Tusk
|-damage|p1a: Great Tusk|0 fnt
|faint|p1a: Great Tusk
|-end|p1a: Great Tusk|Protosynthesis|[silent]
|
|upkeep
|j| sirpeanutcronch
|
|t:|1758923055
|switch|p1a: Ippo|Breloom, M|100/100
|turn|23
|
|t:|1758923078
|-terastallize|p2a: Great Tusk|Ice
|move|p2a: Great Tusk|Ice Spinner|p1a: Ippo
|-supereffective|p1a: Ippo
|-enditem|p1a: Ippo|Focus Sash
|-damage|p1a: Ippo|1/100
|move|p1a: Ippo|Bullet Seed|p2a: Great Tusk
|-damage|p2a: Great Tusk|20/100
|-damage|p2a: Great Tusk|6/100
|-damage|p2a: Great Tusk|0 fnt
|faint|p2a: Great Tusk
|-end|p2a: Great Tusk|Protosynthesis|[silent]
|-hitcount|p2: Great Tusk|3
|
|upkeep
|
|t:|1758923082
|switch|p2a: Kingambit|Kingambit, M|98/100
|-activate|p2a: Kingambit|ability: Supreme Overlord
|-start|p2a: Kingambit|fallen5|[silent]
|turn|24
|
|t:|1758923087
|move|p1a: Ippo|Mach Punch|p2a: Kingambit
|-supereffective|p2a: Kingambit
|-damage|p2a: Kingambit|0 fnt
|faint|p2a: Kingambit
|-end|p2a: Kingambit|fallen5|[silent]
|
|win|elpets
|raw|elpets's rating: 1719 &rarr; <strong>1738</strong><br />(+19 for winning)
|raw|GermanDude5's rating: 1702 &rarr; <strong>1683</strong><br />(-19 for losing)
|l| sirpeanutcronch
|l|☆GermanDude5
|player|p2|
|l| xmagic_77
|l|☆elpets
|player|p1|
|l| crowv2
|l| transit blues
