|badge|p1|silver|gen9ou|30-6
|html|<div class="broadcast-red"><strong>This battle is required to be public due to one or more player having a season medal.</strong><br />During the public phase, you can discuss the state of the ladder <a href="/seasondiscussion">in a special chatroom.</a></div>
|uhtml|medal-msg|<div class="broadcast-blue">Curious what those medals under the avatar are? PS now has Ladder Seasons! For more information, check out the <a href="https://www.smogon.com/forums/threads/3740067/">thread on Smogon.</a></div>
|badge|p2|bronze|gen9ou|100-6
|uhtml|medal-msg|<div class="broadcast-blue">Curious what those medals under the avatar are? PS now has Ladder Seasons! For more information, check out the <a href="https://www.smogon.com/forums/threads/3740067/">thread on Smogon.</a></div>
|raw|<div class="broadcast-blue"><strong>This battle is required to be public due to a player having a name starting with 'medal'.</div>
|j|☆LT124YH Ghoul
|j|☆JackRG1
|t:|1759075772
|gametype|singles
|player|p1|LT124YH Ghoul|#wcop2024asia|1926
|player|p2|JackRG1|dawn-gen4pt|1873
|gen|9
|tier|[Gen 9] OU
|rated|
|rule|HP Percentage Mod: HP is shown in percentages
|rule|Endless Battle Clause: Forcing endless battles is banned
|rule|Species Clause: Limit one of each Pokémon
|rule|OHKO Clause: OHKO moves are banned
|rule|Evasion Items Clause: Evasion items are banned
|rule|Evasion Moves Clause: Evasion moves are banned
|rule|Evasion Abilities Clause: Evasion abilities are banned
|rule|Sleep Moves Clause: Sleep-inducing moves are banned
|clearpoke
|poke|p1|Enamorus, F|
|poke|p1|Araquanid, F|
|poke|p1|Gholdengo|
|poke|p1|Iron Valiant|
|poke|p1|Kingambit, F|
|poke|p1|Great Tusk|
|poke|p2|Weezing-Galar, F|
|poke|p2|Ting-Lu|
|poke|p2|Corviknight, M|
|poke|p2|Skeledirge, F|
|poke|p2|Dragapult, F|
|poke|p2|Ogerpon-Wellspring, F|
|teampreview
|inactive|Battle timer is ON: inactive players will automatically lose when time's up. (requested by LT124YH Ghoul)
|inactive|JackRG1 also wants the timer to be on.
|j| catarina valentine
|c|☆JackRG1|hf
|
|t:|1759075799
|teamsize|p1|6
|teamsize|p2|6
|start
|switch|p1a: Doc Seismic|Araquanid, F, shiny|100/100
|switch|p2a: Dragapult|Dragapult, F|100/100
|turn|1
|c|☆LT124YH Ghoul|hf
|
|t:|1759075803
|move|p2a: Dragapult|Shadow Ball|p1a: Doc Seismic
|-damage|p1a: Doc Seismic|54/100
|move|p1a: Doc Seismic|Sticky Web|p2a: Dragapult
|-sidestart|p2: JackRG1|move: Sticky Web
|
|upkeep
|turn|2
|j| l53re
|
|t:|1759075810
|move|p2a: Dragapult|Shadow Ball|p1a: Doc Seismic
|-damage|p1a: Doc Seismic|3/100
|move|p1a: Doc Seismic|Lunge|p2a: Dragapult
|-resisted|p2a: Dragapult
|-damage|p2a: Dragapult|79/100
|
|upkeep
|turn|3
|-enditem|p1a: Doc Seismic|Custap Berry|[eat]
|-activate|p1a: Doc Seismic|item: Custap Berry|[consumed]
|
|t:|1759075817
|move|p1a: Doc Seismic|Liquidation|p2a: Dragapult
|-resisted|p2a: Dragapult
|-damage|p2a: Dragapult|36/100
|move|p2a: Dragapult|Shadow Ball|p1a: Doc Seismic
|-damage|p1a: Doc Seismic|0 fnt
|faint|p1a: Doc Seismic
|
|upkeep
|j| cynasaurus
|
|t:|1759075824
|switch|p1a: Invincible|Great Tusk|100/100
|-enditem|p1a: Invincible|Booster Energy
|-activate|p1a: Invincible|ability: Protosynthesis|[fromitem]
|-start|p1a: Invincible|protosynthesisspe
|turn|4
|j| waffle04
|
|t:|1759075829
|switch|p2a: Corviknight|Corviknight, M|100/100
|-ability|p2a: Corviknight|Pressure
|move|p1a: Invincible|Knock Off|p2a: Corviknight
|-damage|p2a: Corviknight|84/100
|-damage|p1a: Invincible|84/100|[from] item: Rocky Helmet|[of] p2a: Corviknight
|-enditem|p2a: Corviknight|Rocky Helmet|[from] move: Knock Off|[of] p1a: Invincible
|
|upkeep
|turn|5
|l| catarina valentine
|
|t:|1759075837
|-end|p1a: Invincible|Protosynthesis|[silent]
|switch|p1a: Robot|Gholdengo|100/100
|move|p2a: Corviknight|U-turn|p1a: Robot
|-resisted|p1a: Robot
|-damage|p1a: Robot|97/100
|j| deletestealthrock
|
|t:|1759075841
|switch|p2a: Ogerpon|Ogerpon-Wellspring, F|100/100|[from] U-turn
|-activate|p2a: Ogerpon|move: Sticky Web
|-unboost|p2a: Ogerpon|spe|1
|
|upkeep
|turn|6
|
|t:|1759075846
|move|p1a: Robot|Nasty Plot|p1a: Robot
|-boost|p1a: Robot|spa|2
|move|p2a: Ogerpon|Knock Off|p1a: Robot
|-supereffective|p1a: Robot
|-damage|p1a: Robot|38/100
|-enditem|p1a: Robot|Covert Cloak|[from] move: Knock Off|[of] p2a: Ogerpon
|
|upkeep
|turn|7
|
|t:|1759075848
|move|p1a: Robot|Recover|p1a: Robot
|-heal|p1a: Robot|88/100
|move|p2a: Ogerpon|Ivy Cudgel|p1a: Robot|[anim] Ivy Cudgel Water
|-damage|p1a: Robot|38/100
|
|upkeep
|turn|8
|
|t:|1759075853
|move|p1a: Robot|Shadow Ball|p2a: Ogerpon
|-damage|p2a: Ogerpon|23/100
|move|p2a: Ogerpon|Ivy Cudgel|p1a: Robot|[anim] Ivy Cudgel Water
|-damage|p1a: Robot|0 fnt
|faint|p1a: Robot
|
|upkeep
|j| GraphLegion
|inactive|LT124YH Ghoul has 120 seconds left.
|j| wgw2333
|l| deletestealthrock
|j| tiochicodobos
|inactive|LT124YH Ghoul has 90 seconds left.
|j| 21stCenturyB0y
|
|t:|1759075928
|switch|p1a: Conquest|Enamorus, F|100/100
|turn|9
|l| GraphLegion
|inactive|LT124YH Ghoul has 90 seconds left.
|
|t:|1759075934
|move|p1a: Conquest|Moonblast|p2a: Ogerpon
|-damage|p2a: Ogerpon|0 fnt
|faint|p2a: Ogerpon
|
|upkeep
|
|t:|1759075938
|switch|p2a: Skeledirge|Skeledirge, F|100/100
|turn|10
|j| idk helloge hhhh
|j| league2022iscringe
|
|t:|1759075942
|switch|p1a: Invincible|Great Tusk|84/100
|move|p2a: Skeledirge|Will-O-Wisp|p1a: Invincible
|-status|p1a: Invincible|brn
|
|-damage|p1a: Invincible|78/100 brn|[from] brn
|upkeep
|turn|11
|
|t:|1759075945
|switch|p2a: Corviknight|Corviknight, M|84/100
|-ability|p2a: Corviknight|Pressure
|move|p1a: Invincible|Knock Off|p2a: Corviknight
|-damage|p2a: Corviknight|79/100
|
|-damage|p1a: Invincible|71/100 brn|[from] brn
|upkeep
|turn|12
|
|t:|1759075949
|move|p1a: Invincible|Head Smash|p2a: Corviknight
|-damage|p2a: Corviknight|65/100
|-damage|p1a: Invincible|65/100 brn|[from] Recoil
|move|p2a: Corviknight|U-turn|p1a: Invincible
|-resisted|p1a: Invincible
|-damage|p1a: Invincible|60/100 brn
|
|t:|1759075951
|switch|p2a: GAS.|Weezing-Galar, F|100/100|[from] U-turn
|-ability|p2a: GAS.|Neutralizing Gas
|
|-damage|p1a: Invincible|54/100 brn|[from] brn
|upkeep
|turn|13
|
|t:|1759075956
|move|p1a: Invincible|Headlong Rush|p2a: GAS.
|-supereffective|p2a: GAS.
|-damage|p2a: GAS.|64/100
|-unboost|p1a: Invincible|def|1
|-unboost|p1a: Invincible|spd|1
|move|p2a: GAS.|Defog|p1a: Invincible
|-unboost|p1a: Invincible|evasion|1
|-sideend|p2: JackRG1|Sticky Web|[from] move: Defog|[of] p2a: GAS.
|
|-damage|p1a: Invincible|48/100 brn|[from] brn
|upkeep
|turn|14
|
|t:|1759075963
|-end|p2a: GAS.|ability: Neutralizing Gas
|switch|p2a: Corviknight|Corviknight, M|65/100
|-ability|p2a: Corviknight|Pressure
|move|p1a: Invincible|Knock Off|p2a: Corviknight
|-damage|p2a: Corviknight|59/100
|
|-damage|p1a: Invincible|42/100 brn|[from] brn
|upkeep
|turn|15
|
|t:|1759075968
|move|p1a: Invincible|Head Smash|p2a: Corviknight
|-damage|p2a: Corviknight|46/100
|-damage|p1a: Invincible|35/100 brn|[from] Recoil
|move|p2a: Corviknight|Roost|p2a: Corviknight
|-heal|p2a: Corviknight|96/100
|-singleturn|p2a: Corviknight|move: Roost
|
|-damage|p1a: Invincible|29/100 brn|[from] brn
|upkeep
|turn|16
|
|t:|1759075972
|move|p1a: Invincible|Head Smash|p2a: Corviknight
|-damage|p2a: Corviknight|83/100
|-damage|p1a: Invincible|23/100 brn|[from] Recoil
|move|p2a: Corviknight|Body Press|p1a: Invincible
|-damage|p1a: Invincible|0 fnt
|faint|p1a: Invincible
|-end|p1a: Invincible|Protosynthesis|[silent]
|
|upkeep
|j| cyber crimes
|inactive|LT124YH Ghoul has 120 seconds left.
|l| cyber crimes
|j| tapu moxo
|j| cyber crimes
|
|t:|1759076028
|switch|p1a: Conquest|Enamorus, F|100/100
|turn|17
|j| LT121GU 300
|
|t:|1759076048
|switch|p2a: Skeledirge|Skeledirge, F|100/100
|move|p1a: Conquest|Substitute|p1a: Conquest
|-start|p1a: Conquest|Substitute
|-damage|p1a: Conquest|76/100
|
|-heal|p1a: Conquest|82/100|[from] item: Leftovers
|upkeep
|turn|18
|
|t:|1759076060
|-terastallize|p1a: Conquest|Ghost
|move|p1a: Conquest|Tera Blast|p2a: Skeledirge|[anim] Tera Blast Ghost
|-supereffective|p2a: Skeledirge
|-crit|p2a: Skeledirge
|-damage|p2a: Skeledirge|4/100
|move|p2a: Skeledirge|Torch Song|p1a: Conquest
|-damage|p1a: Conquest|40/100
|-boost|p2a: Skeledirge|spa|1
|
|-heal|p1a: Conquest|47/100|[from] item: Leftovers
|upkeep
|turn|19
|
|t:|1759076068
|move|p1a: Conquest|Moonblast|p2a: Skeledirge
|-resisted|p2a: Skeledirge
|-damage|p2a: Skeledirge|0 fnt
|faint|p2a: Skeledirge
|
|-heal|p1a: Conquest|53/100|[from] item: Leftovers
|upkeep
|
|t:|1759076069
|switch|p2a: Ting-Lu|Ting-Lu, shiny|100/100
|-ability|p2a: Ting-Lu|Vessel of Ruin
|turn|20
|
|t:|1759076074
|move|p1a: Conquest|Superpower|p2a: Ting-Lu
|-supereffective|p2a: Ting-Lu
|-damage|p2a: Ting-Lu|56/100
|-boost|p1a: Conquest|atk|1
|-boost|p1a: Conquest|def|1
|move|p2a: Ting-Lu|Earthquake|p1a: Conquest
|-end|p1a: Conquest|Substitute
|
|-heal|p1a: Conquest|59/100|[from] item: Leftovers
|-heal|p2a: Ting-Lu|62/100|[from] item: Leftovers
|upkeep
|turn|21
|inactive|LT124YH Ghoul has 120 seconds left.
|
|t:|1759076086
|switch|p1a: Omni-Man|Kingambit, F|100/100
|-activate|p1a: Omni-Man|ability: Supreme Overlord
|-start|p1a: Omni-Man|fallen3|[silent]
|-item|p1a: Omni-Man|Air Balloon
|move|p2a: Ting-Lu|Stealth Rock|p1a: Omni-Man
|-sidestart|p1: LT124YH Ghoul|move: Stealth Rock
|
|-heal|p2a: Ting-Lu|68/100|[from] item: Leftovers
|upkeep
|turn|22
|inactive|LT124YH Ghoul has 120 seconds left.
|
|t:|1759076092
|switch|p2a: GAS.|Weezing-Galar, F|64/100
|-ability|p2a: GAS.|Neutralizing Gas
|move|p1a: Omni-Man|Low Kick|p2a: GAS.
|-resisted|p2a: GAS.
|-crit|p2a: GAS.
|-damage|p2a: GAS.|60/100
|
|upkeep
|turn|23
|
|t:|1759076098
|move|p1a: Omni-Man|Iron Head|p2a: GAS.
|-supereffective|p2a: GAS.
|-crit|p2a: GAS.
|-damage|p2a: GAS.|0 fnt
|faint|p2a: GAS.
|-end|p2a: GAS.|ability: Neutralizing Gas
|-activate|p1a: Omni-Man|ability: Supreme Overlord
|-start|p1a: Omni-Man|fallen3|[silent]
|
|upkeep
|j| cryyysneasel
|
|t:|1759076101
|switch|p2a: Corviknight|Corviknight, M|83/100
|-ability|p2a: Corviknight|Pressure
|turn|24
|
|t:|1759076112
|-end|p1a: Omni-Man|fallen3|[silent]
|switch|p1a: Conquest|Enamorus, F, tera:Ghost|59/100
|-damage|p1a: Conquest|47/100|[from] Stealth Rock
|move|p2a: Corviknight|U-turn|p1a: Conquest
|-resisted|p1a: Conquest
|-damage|p1a: Conquest|34/100
|
|t:|1759076114
|switch|p2a: Dragapult|Dragapult, F|36/100|[from] U-turn
|
|-heal|p1a: Conquest|40/100|[from] item: Leftovers
|upkeep
|turn|25
|
|t:|1759076124
|move|p2a: Dragapult|Shadow Ball|p1a: Conquest
|-supereffective|p1a: Conquest
|-damage|p1a: Conquest|0 fnt
|faint|p1a: Conquest
|
|upkeep
|
|t:|1759076136
|switch|p1a: Atom Eve|Iron Valiant|100/100
|-damage|p1a: Atom Eve|94/100|[from] Stealth Rock
|-enditem|p1a: Atom Eve|Booster Energy
|-activate|p1a: Atom Eve|ability: Quark Drive|[fromitem]
|-start|p1a: Atom Eve|quarkdrivespa
|turn|26
|j| IM AT MY LIMIT!
|
|t:|1759076145
|-terastallize|p2a: Dragapult|Ghost
|move|p2a: Dragapult|Shadow Ball|p1a: Atom Eve
|-damage|p1a: Atom Eve|0 fnt
|faint|p1a: Atom Eve
|-end|p1a: Atom Eve|Quark Drive|[silent]
|
|upkeep
|
|t:|1759076148
|switch|p1a: Omni-Man|Kingambit, F|100/100
|-damage|p1a: Omni-Man|94/100|[from] Stealth Rock
|-activate|p1a: Omni-Man|ability: Supreme Overlord
|-start|p1a: Omni-Man|fallen5|[silent]
|-item|p1a: Omni-Man|Air Balloon
|turn|27
|
|t:|1759076151
|switch|p2a: Corviknight|Corviknight, M|83/100
|-ability|p2a: Corviknight|Pressure
|move|p1a: Omni-Man|Swords Dance|p1a: Omni-Man
|-boost|p1a: Omni-Man|atk|2
|
|upkeep
|turn|28
|
|t:|1759076154
|move|p1a: Omni-Man|Iron Head|p2a: Corviknight
|-resisted|p2a: Corviknight
|-damage|p2a: Corviknight|47/100
|move|p2a: Corviknight|Body Press|p1a: Omni-Man
|-supereffective|p1a: Omni-Man
|-damage|p1a: Omni-Man|10/100
|-enditem|p1a: Omni-Man|Air Balloon
|
|upkeep
|turn|29
|
|t:|1759076163
|switch|p2a: Dragapult|Dragapult, F, tera:Ghost|36/100
|move|p1a: Omni-Man|Low Kick|p2a: Dragapult
|-immune|p2a: Dragapult
|
|upkeep
|turn|30
|
|t:|1759076169
|switch|p2a: Corviknight|Corviknight, M|47/100
|-ability|p2a: Corviknight|Pressure
|move|p1a: Omni-Man|Sucker Punch||[still]
|-fail|p1a: Omni-Man
|
|upkeep
|turn|31
|
|t:|1759076174
|move|p1a: Omni-Man|Low Kick|p2a: Corviknight
|-damage|p2a: Corviknight|0 fnt
|faint|p2a: Corviknight
|
|upkeep
|
|t:|1759076176
|switch|p2a: Ting-Lu|Ting-Lu, shiny|68/100
|-ability|p2a: Ting-Lu|Vessel of Ruin
|turn|32
|
|t:|1759076183
|switch|p2a: Dragapult|Dragapult, F, tera:Ghost|36/100
|move|p1a: Omni-Man|Low Kick|p2a: Dragapult
|-immune|p2a: Dragapult
|
|upkeep
|turn|33
|
|t:|1759076186
|move|p1a: Omni-Man|Sucker Punch|p2a: Dragapult
|-supereffective|p2a: Dragapult
|-damage|p2a: Dragapult|0 fnt
|faint|p2a: Dragapult
|
|upkeep
|-message|JackRG1 forfeited.
|
|win|LT124YH Ghoul
|raw|LT124YH Ghoul's rating: 1926 &rarr; <strong>1943</strong><br />(+17 for winning)
|raw|JackRG1's rating: 1873 &rarr; <strong>1856</strong><br />(-17 for losing)
|l|☆JackRG1
|player|p2|
|l| tiochicodobos
|l|☆LT124YH Ghoul
|player|p1|
|l| cynasaurus
|l| cyber crimes
|j| catarina valentine
|l| catarina valentine
|l| LT121GU 300
|l| IM AT MY LIMIT!
|l| 21stCenturyB0y
|l| l53re
|l| waffle04
