|j|☆LX1987
|j|☆kinsword
|t:|1759049829
|gametype|singles
|player|p1|LX1987|169|1316
|player|p2|kinsword|265|1408
|gen|9
|tier|[Gen 9] OU
|rated|
|rule|HP Percentage Mod: HP is shown in percentages
|rule|Endless Battle Clause: Forcing endless battles is banned
|rule|Species Clause: Limit one of each Pokémon
|rule|OHKO Clause: OHKO moves are banned
|rule|Evasion Items Clause: Evasion items are banned
|rule|Evasion Moves Clause: Evasion moves are banned
|rule|Evasion Abilities Clause: Evasion abilities are banned
|rule|Sleep Moves Clause: Sleep-inducing moves are banned
|clearpoke
|poke|p1|Dragapult, M|
|poke|p1|Empoleon, M|
|poke|p1|Chesnaught, F|
|poke|p1|Entei|
|poke|p1|Ditto|
|poke|p1|Weezing-Galar, M|
|poke|p2|Typhlosion-Hisui, M|
|poke|p2|Mamoswine, F|
|poke|p2|Araquanid, M|
|poke|p2|Empoleon, M|
|poke|p2|Mandibuzz, F|
|poke|p2|Latios, M|
|teampreview
|inactive|Battle timer is ON: inactive players will automatically lose when time's up. (requested by LX1987)
|
|t:|1759049853
|teamsize|p1|6
|teamsize|p2|6
|start
|switch|p1a: Dragapult|Dragapult, M|100/100
|switch|p2a: Typhlosion|Typhlosion-Hisui, M|100/100
|-item|p1a: Dragapult|Lum Berry|[from] ability: Frisk|[of] p2a: Typhlosion
|turn|1
|
|t:|1759049872
|switch|p2a: Empoleon|Empoleon, M|100/100
|-terastallize|p1a: Dragapult|Fire
|move|p1a: Dragapult|Dragon Dance|p1a: Dragapult
|-boost|p1a: Dragapult|atk|1
|-boost|p1a: Dragapult|spe|1
|
|upkeep
|turn|2
|
|t:|1759049885
|move|p1a: Dragapult|Phantom Force||[still]
|-prepare|p1a: Dragapult|Phantom Force
|move|p2a: Empoleon|Surf|p1a: Dragapult|[miss]
|-miss|p2a: Empoleon|p1a: Dragapult
|
|upkeep
|turn|3
|
|t:|1759049891
|move|p1a: Dragapult|Phantom Force|p2a: Empoleon|[from] lockedmove
|-damage|p2a: Empoleon|36/100
|move|p2a: Empoleon|Surf|p1a: Dragapult
|-supereffective|p1a: Dragapult
|-damage|p1a: Dragapult|0 fnt
|faint|p1a: Dragapult
|
|upkeep
|
|t:|1759049901
|switch|p1a: Entei|Entei|100/100
|-ability|p1a: Entei|Pressure
|turn|4
|
|t:|1759049908
|switch|p2a: Mandibuzz|Mandibuzz, F|100/100
|move|p1a: Entei|Sacred Fire|p2a: Mandibuzz
|-damage|p2a: Mandibuzz|75/100
|-status|p2a: Mandibuzz|brn
|
|-damage|p2a: Mandibuzz|69/100 brn|[from] brn
|upkeep
|turn|5
|
|t:|1759049924
|switch|p2a: Mamoswine|Mamoswine, F|100/100
|move|p1a: Entei|Swagger|p2a: Mamoswine
|-boost|p2a: Mamoswine|atk|2
|-start|p2a: Mamoswine|confusion
|-enditem|p1a: Entei|Mirror Herb
|-boost|p1a: Entei|atk|2|[from] item: Mirror Herb
|
|upkeep
|turn|6
|
|t:|1759049934
|move|p1a: Entei|Sacred Fire|p2a: Mamoswine
|-supereffective|p2a: Mamoswine
|-crit|p2a: Mamoswine
|-damage|p2a: Mamoswine|0 fnt
|faint|p2a: Mamoswine
|
|upkeep
|
|t:|1759049951
|switch|p2a: Typhlosion|Typhlosion-Hisui, M|100/100
|turn|7
|
|t:|1759049960
|-terastallize|p2a: Typhlosion|Fire
|move|p1a: Entei|Stomping Tantrum|p2a: Typhlosion
|-supereffective|p2a: Typhlosion
|-damage|p2a: Typhlosion|0 fnt
|faint|p2a: Typhlosion
|
|upkeep
|
|t:|1759049970
|switch|p2a: Araquanid|Araquanid, M|100/100
|turn|8
|
|t:|1759049975
|move|p1a: Entei|Sacred Fire|p2a: Araquanid
|-damage|p2a: Araquanid|45/100
|move|p2a: Araquanid|Liquidation|p1a: Entei
|-supereffective|p1a: Entei
|-damage|p1a: Entei|0 fnt
|faint|p1a: Entei
|
|upkeep
|
|t:|1759049985
|switch|p1a: Chesnaught|Chesnaught, F|100/100
|turn|9
|
|t:|1759049989
|move|p1a: Chesnaught|Leech Seed|p2a: Araquanid
|-start|p2a: Araquanid|move: Leech Seed
|move|p2a: Araquanid|Lunge|p1a: Chesnaught
|-damage|p1a: Chesnaught|81/100
|-unboost|p1a: Chesnaught|atk|1
|-damage|p2a: Araquanid|28/100|[from] item: Rocky Helmet|[of] p1a: Chesnaught
|
|-damage|p2a: Araquanid|16/100|[from] Leech Seed|[of] p1a: Chesnaught
|-heal|p1a: Chesnaught|94/100|[silent]
|upkeep
|turn|10
|
|t:|1759050000
|switch|p2a: Mandibuzz|Mandibuzz, F|69/100 brn
|move|p1a: Chesnaught|Taunt|p2a: Mandibuzz
|-start|p2a: Mandibuzz|move: Taunt
|
|-damage|p2a: Mandibuzz|63/100 brn|[from] brn
|upkeep
|turn|11
|
|t:|1759050010
|switch|p2a: Empoleon|Empoleon, M|36/100
|move|p1a: Chesnaught|Leech Seed|p2a: Empoleon
|-start|p2a: Empoleon|move: Leech Seed
|
|-damage|p2a: Empoleon|23/100|[from] Leech Seed|[of] p1a: Chesnaught
|-heal|p1a: Chesnaught|100/100|[silent]
|upkeep
|turn|12
|
|t:|1759050019
|move|p1a: Chesnaught|Knock Off|p2a: Empoleon
|-damage|p2a: Empoleon|6/100
|-enditem|p2a: Empoleon|Assault Vest|[from] move: Knock Off|[of] p1a: Chesnaught
|move|p2a: Empoleon|Ice Beam|p1a: Chesnaught
|-supereffective|p1a: Chesnaught
|-crit|p1a: Chesnaught
|-damage|p1a: Chesnaught|0 fnt
|faint|p1a: Chesnaught
|
|upkeep
|
|t:|1759050030
|switch|p1a: Weezing|Weezing-Galar, M|100/100
|turn|13
|
|t:|1759050034
|move|p2a: Empoleon|Flash Cannon|p1a: Weezing
|-supereffective|p1a: Weezing
|-damage|p1a: Weezing|0 fnt
|faint|p1a: Weezing
|
|upkeep
|
|t:|1759050040
|switch|p1a: Empoleon|Empoleon, M|100/100
|turn|14
|
|t:|1759050043
|move|p1a: Empoleon|Vacuum Wave|p2a: Empoleon
|-supereffective|p2a: Empoleon
|-damage|p2a: Empoleon|0 fnt
|faint|p2a: Empoleon
|
|upkeep
|
|t:|1759050049
|switch|p2a: Latios|Latios, M|100/100
|turn|15
|
|t:|1759050055
|move|p2a: Latios|Thunderbolt|p1a: Empoleon
|-supereffective|p1a: Empoleon
|-damage|p1a: Empoleon|63/100
|-status|p1a: Empoleon|par
|move|p1a: Empoleon|Ice Beam|p2a: Latios
|-supereffective|p2a: Latios
|-damage|p2a: Latios|47/100
|
|upkeep
|turn|16
|
|t:|1759050068
|move|p2a: Latios|Thunderbolt|p1a: Empoleon
|-supereffective|p1a: Empoleon
|-crit|p1a: Empoleon
|-damage|p1a: Empoleon|5/100 par
|cant|p1a: Empoleon|par
|
|upkeep
|turn|17
|
|t:|1759050075
|move|p2a: Latios|Thunderbolt|p1a: Empoleon
|-supereffective|p1a: Empoleon
|-damage|p1a: Empoleon|0 fnt
|faint|p1a: Empoleon
|
|upkeep
|
|t:|1759050081
|switch|p1a: Ditto|Ditto|100/100
|-transform|p1a: Ditto|p2a: Latios|[from] ability: Imposter
|turn|18
|
|t:|1759050091
|switch|p2a: Araquanid|Araquanid, M|16/100
|move|p1a: Ditto|Thunderbolt|p2a: Araquanid
|-supereffective|p2a: Araquanid
|-damage|p2a: Araquanid|0 fnt
|faint|p2a: Araquanid
|
|upkeep
|
|t:|1759050099
|switch|p2a: Latios|Latios, M|47/100
|turn|19
|
|t:|1759050103
|move|p2a: Latios|Draco Meteor|p1a: Ditto
|-supereffective|p1a: Ditto
|-damage|p1a: Ditto|0 fnt
|-unboost|p2a: Latios|spa|2
|faint|p1a: Ditto
|
|win|kinsword
|raw|LX1987's rating: 1316 &rarr; <strong>1301</strong><br />(-15 for losing)
|raw|kinsword's rating: 1408 &rarr; <strong>1423</strong><br />(+15 for winning)
|l|☆kinsword
|player|p2|
|l|☆LX1987
|player|p1|
