|inactive|Battle timer is ON: inactive players will automatically lose when time's up.
|t:|1759068231
|gametype|singles
|player|p1|Skc44|#wcop2023bangladesh|
|player|p2|Mada|#wcop2024belgium|
|gen|9
|tier|[Gen 9] OU
|rule|HP Percentage Mod: HP is shown in percentages
|rule|Endless Battle Clause: Forcing endless battles is banned
|rule|Species Clause: Limit one of each Pokémon
|rule|OHKO Clause: OHKO moves are banned
|rule|Evasion Items Clause: Evasion items are banned
|rule|Evasion Moves Clause: Evasion moves are banned
|rule|Evasion Abilities Clause: Evasion abilities are banned
|rule|Sleep Moves Clause: Sleep-inducing moves are banned
|clearpoke
|poke|p1|Enamorus, F|
|poke|p1|Samurott-Hisui, F|
|poke|p1|Kingambit, M|
|poke|p1|Pecharunt|
|poke|p1|Great Tusk|
|poke|p1|Iron Valiant|
|poke|p2|Enamorus, F|
|poke|p2|Ting-Lu|
|poke|p2|Kingambit, F|
|poke|p2|Dragonite, F|
|poke|p2|Iron Valiant|
|poke|p2|Glimmora, F|
|teampreview
|inactive|Skc44 has 270 seconds left.
|inactive|Mada has 270 seconds left.
|
|t:|1759068289
|teamsize|p1|6
|teamsize|p2|6
|start
|switch|p1a: Enamorus|Enamorus, F|100/100
|switch|p2a: Ting-Lu|Ting-Lu|100/100
|-ability|p2a: Ting-Lu|Vessel of Ruin
|turn|1
|
|t:|1759068308
|move|p1a: Enamorus|Moonblast|p2a: Ting-Lu
|-supereffective|p2a: Ting-Lu
|-damage|p2a: Ting-Lu|6/100
|move|p2a: Ting-Lu|Stealth Rock|p1a: Enamorus
|-sidestart|p1: Skc44|move: Stealth Rock
|
|upkeep
|turn|2
|
|t:|1759068313
|switch|p2a: Glimmora|Glimmora, F|100/100
|move|p1a: Enamorus|Moonblast|p2a: Glimmora
|-resisted|p2a: Glimmora
|-damage|p2a: Glimmora|50/100
|
|upkeep
|turn|3
|inactive|Skc44 has 270 seconds left.
|
|t:|1759068362
|move|p1a: Enamorus|Moonblast|p2a: Glimmora
|-resisted|p2a: Glimmora
|-damage|p2a: Glimmora|2/100
|-unboost|p2a: Glimmora|spa|1
|move|p2a: Glimmora|Meteor Beam||[still]
|-prepare|p2a: Glimmora|Meteor Beam
|-boost|p2a: Glimmora|spa|1
|-enditem|p2a: Glimmora|Power Herb
|-anim|p2a: Glimmora|Meteor Beam|p1a: Enamorus
|-supereffective|p1a: Enamorus
|-damage|p1a: Enamorus|0 fnt
|faint|p1a: Enamorus
|
|upkeep
|
|t:|1759068370
|switch|p1a: Great Tusk|Great Tusk|100/100
|-damage|p1a: Great Tusk|98/100|[from] Stealth Rock
|turn|4
|
|t:|1759068376
|switch|p2a: Iron Valiant|Iron Valiant|100/100
|-enditem|p2a: Iron Valiant|Booster Energy
|-activate|p2a: Iron Valiant|ability: Quark Drive|[fromitem]
|-start|p2a: Iron Valiant|quarkdrivespe
|move|p1a: Great Tusk|Rapid Spin|p2a: Iron Valiant
|-damage|p2a: Iron Valiant|80/100
|-boost|p1a: Great Tusk|spe|1
|-sideend|p1: Skc44|Stealth Rock|[from] move: Rapid Spin|[of] p1a: Great Tusk
|
|upkeep
|turn|5
|inactive|Skc44 has 270 seconds left.
|
|t:|1759068401
|-end|p1a: Great Tusk|Protosynthesis|[silent]
|switch|p1a: Pecharunt|Pecharunt|100/100
|move|p2a: Iron Valiant|Moonblast|p1a: Pecharunt
|-resisted|p1a: Pecharunt
|-damage|p1a: Pecharunt|76/100
|
|upkeep
|turn|6
|inactive|Skc44 has 240 seconds left.
|
|t:|1759068450
|move|p2a: Iron Valiant|Destiny Bond|p2a: Iron Valiant
|-singlemove|p2a: Iron Valiant|Destiny Bond
|move|p1a: Pecharunt|Malignant Chain|p2a: Iron Valiant
|-supereffective|p2a: Iron Valiant
|-damage|p2a: Iron Valiant|0 fnt
|faint|p2a: Iron Valiant
|-activate|p2a: Iron Valiant|move: Destiny Bond
|-end|p2a: Iron Valiant|Quark Drive|[silent]
|faint|p1a: Pecharunt
|
|upkeep
|
|t:|1759068461
|switch|p2a: Glimmora|Glimmora, F|2/100
|switch|p1a: Kingambit|Kingambit, M|100/100
|-activate|p1a: Kingambit|ability: Supreme Overlord
|-start|p1a: Kingambit|fallen2|[silent]
|turn|7
|
|t:|1759068465
|-end|p1a: Kingambit|fallen2|[silent]
|switch|p1a: Great Tusk|Great Tusk|98/100
|move|p2a: Glimmora|Earth Power|p1a: Great Tusk
|-damage|p1a: Great Tusk|56/100
|
|upkeep
|turn|8
|
|t:|1759068471
|switch|p2a: Enamorus|Enamorus, F|100/100
|move|p1a: Great Tusk|Rapid Spin|p2a: Enamorus
|-damage|p2a: Enamorus|76/100
|-boost|p1a: Great Tusk|spe|1
|
|upkeep
|turn|9
|
|t:|1759068491
|switch|p2a: Ting-Lu|Ting-Lu|6/100
|-ability|p2a: Ting-Lu|Vessel of Ruin
|-end|p1a: Great Tusk|Protosynthesis|[silent]
|switch|p1a: Samurott|Samurott-Hisui, F|100/100
|
|upkeep
|turn|10
|
|t:|1759068495
|switch|p2a: Glimmora|Glimmora, F|2/100
|move|p1a: Samurott|Ceaseless Edge|p2a: Glimmora
|-damage|p2a: Glimmora|0 fnt
|-activate|p2a: Glimmora|ability: Toxic Debris
|-sidestart|p1: Skc44|move: Toxic Spikes
|-sidestart|p2: Mada|Spikes
|faint|p2a: Glimmora
|
|upkeep
|
|t:|1759068497
|switch|p2a: Enamorus|Enamorus, F|76/100
|turn|11
|inactive|Skc44 has 240 seconds left.
|
|t:|1759068510
|move|p1a: Samurott|Sucker Punch|p2a: Enamorus
|-resisted|p2a: Enamorus
|-damage|p2a: Enamorus|44/100
|move|p2a: Enamorus|Moonblast|p1a: Samurott
|-supereffective|p1a: Samurott
|-damage|p1a: Samurott|0 fnt
|faint|p1a: Samurott
|
|upkeep
|
|t:|1759068519
|switch|p1a: Iron Valiant|Iron Valiant|100/100
|-status|p1a: Iron Valiant|psn
|turn|12
|
|t:|1759068523
|switch|p2a: Ting-Lu|Ting-Lu|6/100
|-damage|p2a: Ting-Lu|0 fnt|[from] Spikes
|faint|p2a: Ting-Lu
|move|p1a: Iron Valiant|Moonblast|p2: Ting-Lu|[notarget]
|-fail|p1a: Iron Valiant
|
|-damage|p1a: Iron Valiant|88/100 psn|[from] psn
|upkeep
|
|t:|1759068532
|switch|p2a: Dragonite|Dragonite, F|100/100
|turn|13
|
|t:|1759068537
|-end|p1a: Iron Valiant|Quark Drive|[silent]
|switch|p1a: Great Tusk|Great Tusk|56/100
|-status|p1a: Great Tusk|psn
|-terastallize|p2a: Dragonite|Fairy
|move|p2a: Dragonite|Tera Blast|p1a: Great Tusk|[anim] Tera Blast Fairy
|-supereffective|p1a: Great Tusk
|-damage|p1a: Great Tusk|0 fnt
|faint|p1a: Great Tusk
|-end|p1a: Great Tusk|Protosynthesis|[silent]
|
|upkeep
|inactive|Skc44 has 240 seconds left.
|inactive|Skc44 has 210 seconds left.
|inactive|Skc44 has 180 seconds left.
|inactive|Skc44 has 150 seconds left.
|
|t:|1759068651
|switch|p1a: Kingambit|Kingambit, M|100/100
|-activate|p1a: Kingambit|ability: Supreme Overlord
|-start|p1a: Kingambit|fallen4|[silent]
|turn|14
|
|t:|1759068657
|move|p2a: Dragonite|Earthquake|p1a: Kingambit
|-supereffective|p1a: Kingambit
|-damage|p1a: Kingambit|49/100
|move|p1a: Kingambit|Iron Head|p2a: Dragonite
|-supereffective|p2a: Dragonite
|-damage|p2a: Dragonite|25/100
|
|-heal|p1a: Kingambit|55/100|[from] item: Leftovers
|upkeep
|turn|15
|inactive|Skc44 has 150 seconds left.
|inactive|Skc44 has 120 seconds left.
|
|t:|1759068729
|switch|p2a: Kingambit|Kingambit, F|100/100
|-damage|p2a: Kingambit|88/100|[from] Spikes
|-activate|p2a: Kingambit|ability: Supreme Overlord
|-start|p2a: Kingambit|fallen3|[silent]
|move|p1a: Kingambit|Swords Dance|p1a: Kingambit
|-boost|p1a: Kingambit|atk|2
|
|-heal|p2a: Kingambit|94/100|[from] item: Leftovers
|-heal|p1a: Kingambit|61/100|[from] item: Leftovers
|upkeep
|turn|16
|
|t:|1759068735
|move|p1a: Kingambit|Sucker Punch|p2a: Kingambit
|-resisted|p2a: Kingambit
|-damage|p2a: Kingambit|53/100
|move|p2a: Kingambit|Kowtow Cleave|p1a: Kingambit
|-resisted|p1a: Kingambit
|-damage|p1a: Kingambit|40/100
|
|-heal|p2a: Kingambit|59/100|[from] item: Leftovers
|-heal|p1a: Kingambit|47/100|[from] item: Leftovers
|upkeep
|turn|17
|
|t:|1759068740
|move|p2a: Kingambit|Kowtow Cleave|p1a: Kingambit
|-resisted|p1a: Kingambit
|-damage|p1a: Kingambit|23/100
|move|p1a: Kingambit|Iron Head|p2a: Kingambit
|-resisted|p2a: Kingambit
|-damage|p2a: Kingambit|8/100
|
|-heal|p2a: Kingambit|14/100|[from] item: Leftovers
|-heal|p1a: Kingambit|30/100|[from] item: Leftovers
|upkeep
|turn|18
|inactive|Skc44 has 120 seconds left.
|
|t:|1759068748
|move|p2a: Kingambit|Sucker Punch|p1a: Kingambit
|-resisted|p1a: Kingambit
|-damage|p1a: Kingambit|12/100
|move|p1a: Kingambit|Sucker Punch||[still]
|-fail|p1a: Kingambit
|
|-heal|p2a: Kingambit|21/100|[from] item: Leftovers
|-heal|p1a: Kingambit|18/100|[from] item: Leftovers
|upkeep
|turn|19
|
|t:|1759068757
|move|p2a: Kingambit|Swords Dance|p2a: Kingambit
|-boost|p2a: Kingambit|atk|2
|move|p1a: Kingambit|Swords Dance|p1a: Kingambit
|-boost|p1a: Kingambit|atk|2
|
|-heal|p2a: Kingambit|27/100|[from] item: Leftovers
|-heal|p1a: Kingambit|24/100|[from] item: Leftovers
|upkeep
|turn|20
|
|t:|1759068762
|move|p1a: Kingambit|Sucker Punch||[still]
|-fail|p1a: Kingambit
|move|p2a: Kingambit|Swords Dance|p2a: Kingambit
|-boost|p2a: Kingambit|atk|2
|
|-heal|p2a: Kingambit|33/100|[from] item: Leftovers
|-heal|p1a: Kingambit|31/100|[from] item: Leftovers
|upkeep
|turn|21
|
|t:|1759068785
|move|p2a: Kingambit|Swords Dance|p2a: Kingambit
|-boost|p2a: Kingambit|atk|2
|move|p1a: Kingambit|Kowtow Cleave|p2a: Kingambit
|-resisted|p2a: Kingambit
|-damage|p2a: Kingambit|0 fnt
|faint|p2a: Kingambit
|-end|p2a: Kingambit|fallen3|[silent]
|
|-heal|p1a: Kingambit|37/100|[from] item: Leftovers
|upkeep
|
|t:|1759068786
|switch|p2a: Enamorus|Enamorus, F|44/100
|turn|22
|
|t:|1759068793
|move|p2a: Enamorus|Healing Wish|p2a: Enamorus
|faint|p2a: Enamorus
|move|p1a: Kingambit|Swords Dance|p1a: Kingambit
|-boost|p1a: Kingambit|atk|2
|
|-heal|p1a: Kingambit|43/100|[from] item: Leftovers
|upkeep
|
|t:|1759068795
|switch|p2a: Dragonite|Dragonite, F, tera:Fairy|25/100
|-heal|p2a: Dragonite|100/100|[from] move: Healing Wish
|turn|23
|
|t:|1759068804
|-terastallize|p1a: Kingambit|Ghost
|move|p2a: Dragonite|Earthquake|p1a: Kingambit
|-crit|p1a: Kingambit
|-damage|p1a: Kingambit|4/100
|move|p1a: Kingambit|Iron Head|p2a: Dragonite
|-supereffective|p2a: Dragonite
|-damage|p2a: Dragonite|0 fnt
|faint|p2a: Dragonite
|
|win|Skc44
|c|☆Mada|gg
|c|☆Skc44|gg
|player|p2|
