|j|☆peixedentrod'agua
|j|☆Jitomi
|t:|1758932005
|gametype|singles
|player|p1|peixedentrod'agua|170|1167
|player|p2|Jitomi|psychicf-gen4|1176
|gen|9
|tier|[Gen 9] OU
|rated|
|rule|HP Percentage Mod: HP is shown in percentages
|rule|Endless Battle Clause: Forcing endless battles is banned
|rule|Species Clause: Limit one of each Pokémon
|rule|OHKO Clause: OHKO moves are banned
|rule|Evasion Items Clause: Evasion items are banned
|rule|Evasion Moves Clause: Evasion moves are banned
|rule|Evasion Abilities Clause: Evasion abilities are banned
|rule|Sleep Moves Clause: Sleep-inducing moves are banned
|clearpoke
|poke|p1|Gliscor, M|
|poke|p1|Cryogonal|
|poke|p1|Meowstic, M|
|poke|p1|Iron Crown|
|poke|p1|Inteleon, M|
|poke|p1|Raichu, F|
|poke|p2|Rillaboom, F|
|poke|p2|Samurott-Hisui, F|
|poke|p2|Gholdengo|
|poke|p2|Great Tusk|
|poke|p2|Garganacl, F|
|poke|p2|Gliscor, M|
|teampreview
|inactive|Battle timer is ON: inactive players will automatically lose when time's up. (requested by peixedentrod'agua)
|c|☆Jitomi|glhf
|c|☆Jitomi|cool team
|
|t:|1758932033
|teamsize|p1|6
|teamsize|p2|6
|start
|switch|p1a: Gliscor|Gliscor, M|100/100
|switch|p2a: Rillaboom|Rillaboom, F|100/100
|-fieldstart|move: Grassy Terrain|[from] ability: Grassy Surge|[of] p2a: Rillaboom
|turn|1
|
|t:|1758932059
|-terastallize|p2a: Rillaboom|Grass
|move|p1a: Gliscor|Protect|p1a: Gliscor
|-singleturn|p1a: Gliscor|Protect
|move|p2a: Rillaboom|Wood Hammer|p1a: Gliscor
|-activate|p1a: Gliscor|move: Protect
|
|-status|p1a: Gliscor|tox|[from] item: Toxic Orb
|upkeep
|turn|2
|
|t:|1758932070
|move|p2a: Rillaboom|Wood Hammer|p1a: Gliscor
|-damage|p1a: Gliscor|0 fnt
|faint|p1a: Gliscor
|-damage|p2a: Rillaboom|66/100|[from] Recoil
|
|-heal|p2a: Rillaboom|72/100|[from] Grassy Terrain
|upkeep
|
|t:|1758932087
|switch|p1a: Inteleon|Inteleon, M|100/100
|turn|3
|inactive|Jitomi has 120 seconds left.
|
|t:|1758932122
|switch|p2a: Samurott|Samurott-Hisui, F|100/100
|move|p1a: Inteleon|Ice Beam|p2a: Samurott
|-resisted|p2a: Samurott
|-damage|p2a: Samurott|79/100
|
|-heal|p2a: Samurott|85/100|[from] Grassy Terrain
|upkeep
|turn|4
|inactive|Jitomi has 120 seconds left.
|
|t:|1758932134
|switch|p2a: Gliscor|Gliscor, M, shiny|100/100
|move|p1a: Inteleon|Flip Turn|p2a: Gliscor
|-supereffective|p2a: Gliscor
|-damage|p2a: Gliscor|77/100
|
|t:|1758932141
|switch|p1a: Cryogonal|Cryogonal, shiny|100/100|[from] Flip Turn
|
|-status|p2a: Gliscor|tox|[from] item: Toxic Orb
|upkeep
|turn|5
|
|t:|1758932149
|move|p2a: Gliscor|Protect|p2a: Gliscor
|-singleturn|p2a: Gliscor|Protect
|move|p1a: Cryogonal|Freeze-Dry|p2a: Gliscor
|-activate|p2a: Gliscor|move: Protect
|
|-heal|p2a: Gliscor|89/100 tox|[from] ability: Poison Heal
|-fieldend|move: Grassy Terrain
|upkeep
|turn|6
|inactive|Jitomi has 120 seconds left.
|
|t:|1758932172
|switch|p2a: Garganacl|Garganacl, F|100/100
|move|p1a: Cryogonal|Freeze-Dry|p2a: Garganacl
|-damage|p2a: Garganacl|80/100
|
|-heal|p2a: Garganacl|86/100|[from] item: Leftovers
|upkeep
|turn|7
|
|t:|1758932180
|switch|p1a: Iron Crown|Iron Crown|100/100
|move|p2a: Garganacl|Stealth Rock|p1a: Iron Crown
|-sidestart|p1: peixedentrod'agua|move: Stealth Rock
|
|-heal|p2a: Garganacl|92/100|[from] item: Leftovers
|upkeep
|turn|8
|
|t:|1758932186
|move|p2a: Garganacl|Protect|p2a: Garganacl
|-singleturn|p2a: Garganacl|Protect
|move|p1a: Iron Crown|Tachyon Cutter|p2a: Garganacl
|-activate|p2a: Garganacl|move: Protect
|
|-heal|p2a: Garganacl|98/100|[from] item: Leftovers
|upkeep
|turn|9
|
|t:|1758932193
|switch|p2a: Gliscor|Gliscor, M, shiny|89/100 tox
|move|p1a: Iron Crown|Tachyon Cutter|p2a: Gliscor
|-damage|p2a: Gliscor|66/100 tox
|-damage|p2a: Gliscor|42/100 tox
|-hitcount|p2a: Gliscor|2
|
|-heal|p2a: Gliscor|54/100 tox|[from] ability: Poison Heal
|upkeep
|turn|10
|
|t:|1758932201
|move|p1a: Iron Crown|Tachyon Cutter|p2a: Gliscor
|-damage|p2a: Gliscor|31/100 tox
|-damage|p2a: Gliscor|8/100 tox
|-hitcount|p2a: Gliscor|2
|move|p2a: Gliscor|Knock Off|p1a: Iron Crown
|-supereffective|p1a: Iron Crown
|-damage|p1a: Iron Crown|58/100
|-enditem|p1a: Iron Crown|Choice Scarf|[from] move: Knock Off|[of] p2a: Gliscor
|
|-heal|p2a: Gliscor|21/100 tox|[from] ability: Poison Heal
|upkeep
|turn|11
|
|t:|1758932212
|-terastallize|p1a: Iron Crown|Flying
|move|p2a: Gliscor|Protect|p2a: Gliscor
|-singleturn|p2a: Gliscor|Protect
|move|p1a: Iron Crown|Tachyon Cutter|p2a: Gliscor
|-activate|p2a: Gliscor|move: Protect
|
|-heal|p2a: Gliscor|33/100 tox|[from] ability: Poison Heal
|upkeep
|turn|12
|inactive|Jitomi has 120 seconds left.
|
|t:|1758932271
|switch|p2a: Samurott|Samurott-Hisui, F|85/100
|move|p1a: Iron Crown|Air Slash|p2a: Samurott
|-damage|p2a: Samurott|22/100
|
|upkeep
|turn|13
|
|t:|1758932281
|move|p1a: Iron Crown|Volt Switch|p2a: Samurott
|-supereffective|p2a: Samurott
|-damage|p2a: Samurott|0 fnt
|faint|p2a: Samurott
|
|t:|1758932288
|-end|p1a: Iron Crown|Quark Drive|[silent]
|switch|p1a: Meowstic|Meowstic, M|100/100|[from] Volt Switch
|-damage|p1a: Meowstic|88/100|[from] Stealth Rock
|
|upkeep
|
|t:|1758932295
|switch|p2a: Rillaboom|Rillaboom, F, tera:Grass|72/100
|-fieldstart|move: Grassy Terrain|[from] ability: Grassy Surge|[of] p2a: Rillaboom
|turn|14
|
|t:|1758932308
|move|p1a: Meowstic|Reflect|p1a: Meowstic
|-sidestart|p1: peixedentrod'agua|Reflect
|move|p2a: Rillaboom|U-turn|p1a: Meowstic
|-supereffective|p1a: Meowstic
|-damage|p1a: Meowstic|45/100
|
|t:|1758932313
|switch|p2a: Gholdengo|Gholdengo|100/100|[from] U-turn
|-item|p2a: Gholdengo|Air Balloon
|
|-heal|p1a: Meowstic|51/100|[from] Grassy Terrain
|upkeep
|turn|15
|
|t:|1758932320
|move|p1a: Meowstic|Psychic|p2a: Gholdengo
|-resisted|p2a: Gholdengo
|-damage|p2a: Gholdengo|87/100
|-enditem|p2a: Gholdengo|Air Balloon
|move|p2a: Gholdengo|Thunder Wave|p1a: Meowstic
|-status|p1a: Meowstic|par
|
|-heal|p2a: Gholdengo|93/100|[from] Grassy Terrain
|-heal|p1a: Meowstic|57/100 par|[from] Grassy Terrain
|upkeep
|turn|16
|inactive|Jitomi has 120 seconds left.
|
|t:|1758932327
|move|p1a: Meowstic|Light Screen|p1a: Meowstic
|-sidestart|p1: peixedentrod'agua|move: Light Screen
|move|p2a: Gholdengo|Hex|p1a: Meowstic
|-supereffective|p1a: Meowstic
|-damage|p1a: Meowstic|0 fnt
|faint|p1a: Meowstic
|
|-heal|p2a: Gholdengo|99/100|[from] Grassy Terrain
|upkeep
|
|t:|1758932334
|switch|p1a: Inteleon|Inteleon, M|100/100
|-damage|p1a: Inteleon|88/100|[from] Stealth Rock
|turn|17
|
|t:|1758932338
|move|p1a: Inteleon|Dark Pulse|p2a: Gholdengo
|-supereffective|p2a: Gholdengo
|-damage|p2a: Gholdengo|49/100
|move|p2a: Gholdengo|Thunder Wave|p1a: Inteleon
|-status|p1a: Inteleon|par
|
|-heal|p2a: Gholdengo|55/100|[from] Grassy Terrain
|-heal|p1a: Inteleon|94/100 par|[from] Grassy Terrain
|upkeep
|turn|18
|
|t:|1758932343
|move|p2a: Gholdengo|Hex|p1a: Inteleon
|-damage|p1a: Inteleon|35/100 par
|move|p1a: Inteleon|Dark Pulse|p2a: Gholdengo
|-supereffective|p2a: Gholdengo
|-damage|p2a: Gholdengo|6/100
|
|-heal|p2a: Gholdengo|12/100|[from] Grassy Terrain
|-heal|p1a: Inteleon|41/100 par|[from] Grassy Terrain
|-fieldend|move: Grassy Terrain
|upkeep
|turn|19
|
|t:|1758932352
|move|p2a: Gholdengo|Hex|p1a: Inteleon
|-damage|p1a: Inteleon|0 fnt
|faint|p1a: Inteleon
|
|upkeep
|
|t:|1758932356
|switch|p1a: Raichu|Raichu, F|100/100
|-damage|p1a: Raichu|88/100|[from] Stealth Rock
|turn|20
|
|t:|1758932363
|move|p1a: Raichu|Surf|p2a: Gholdengo
|-damage|p2a: Gholdengo|0 fnt
|faint|p2a: Gholdengo
|
|upkeep
|
|t:|1758932370
|switch|p2a: Great Tusk|Great Tusk|100/100
|turn|21
|
|t:|1758932375
|switch|p1a: Cryogonal|Cryogonal, shiny|100/100
|-end|p2a: Great Tusk|Protosynthesis|[silent]
|switch|p2a: Rillaboom|Rillaboom, F, tera:Grass|72/100
|-fieldstart|move: Grassy Terrain|[from] ability: Grassy Surge|[of] p2a: Rillaboom
|
|-heal|p2a: Rillaboom|79/100|[from] Grassy Terrain
|-sideend|p1: peixedentrod'agua|Reflect
|upkeep
|turn|22
|inactive|Jitomi has 120 seconds left.
|
|t:|1758932407
|move|p2a: Rillaboom|Grassy Glide|p1a: Cryogonal
|-damage|p1a: Cryogonal|0 fnt
|faint|p1a: Cryogonal
|
|-heal|p2a: Rillaboom|85/100|[from] Grassy Terrain
|upkeep
|
|t:|1758932410
|switch|p1a: Iron Crown|Iron Crown, tera:Flying|58/100
|-damage|p1a: Iron Crown|33/100|[from] Stealth Rock
|turn|23
|
|t:|1758932418
|move|p2a: Rillaboom|Grassy Glide|p1a: Iron Crown
|-resisted|p1a: Iron Crown
|-damage|p1a: Iron Crown|0 fnt
|faint|p1a: Iron Crown
|-end|p1a: Iron Crown|Quark Drive|[silent]
|
|-heal|p2a: Rillaboom|91/100|[from] Grassy Terrain
|-sideend|p1: peixedentrod'agua|move: Light Screen
|upkeep
|
|t:|1758932421
|switch|p1a: Raichu|Raichu, F|88/100
|-damage|p1a: Raichu|76/100|[from] Stealth Rock
|turn|24
|
|t:|1758932424
|move|p2a: Rillaboom|Grassy Glide|p1a: Raichu
|-damage|p1a: Raichu|0 fnt
|faint|p1a: Raichu
|
|win|Jitomi
|raw|peixedentrod&apos;agua's rating: 1167 &rarr; <strong>1143</strong><br />(-24 for losing)
|raw|Jitomi's rating: 1176 &rarr; <strong>1200</strong><br />(+24 for winning)
|c|☆Jitomi|gg
|l|☆peixedentrod'agua
|player|p1|
