|j|☆Us sad
|j|☆jaious
|t:|1759020900
|gametype|singles
|player|p1|Us sad|169|1481
|player|p2|jaious|swimmer|1476
|gen|9
|tier|[Gen 9] OU
|rated|
|rule|HP Percentage Mod: HP is shown in percentages
|rule|Endless Battle Clause: Forcing endless battles is banned
|rule|Species Clause: Limit one of each Pokémon
|rule|OHKO Clause: OHKO moves are banned
|rule|Evasion Items Clause: Evasion items are banned
|rule|Evasion Moves Clause: Evasion moves are banned
|rule|Evasion Abilities Clause: Evasion abilities are banned
|rule|Sleep Moves Clause: Sleep-inducing moves are banned
|clearpoke
|poke|p1|Darkrai|
|poke|p1|Landorus-Therian, M|
|poke|p1|Alomomola, F|
|poke|p1|Gholdengo|
|poke|p1|Weezing-Galar, M|
|poke|p1|Dragonite, F|
|poke|p2|Ampharos, F|
|poke|p2|Dragonite, F|
|poke|p2|Corviknight, M|
|poke|p2|Alomomola, M|
|poke|p2|Iron Moth|
|poke|p2|Great Tusk|
|teampreview
|inactive|Battle timer is ON: inactive players will automatically lose when time's up. (requested by Us sad)
|
|t:|1759020917
|teamsize|p1|6
|teamsize|p2|6
|start
|switch|p1a: Landorus|Landorus-Therian, M|100/100
|switch|p2a: I LUV ZAM|Corviknight, M|100/100
|-ability|p1a: Landorus|Intimidate|boost
|-unboost|p2a: I LUV ZAM|atk|1
|-ability|p2a: I LUV ZAM|Pressure
|turn|1
|
|t:|1759020926
|move|p1a: Landorus|Stealth Rock|p2a: I LUV ZAM
|-sidestart|p2: jaious|move: Stealth Rock
|move|p2a: I LUV ZAM|Defog|p1a: Landorus
|-unboost|p1a: Landorus|evasion|1
|-sideend|p2: jaious|Stealth Rock|[from] move: Defog|[of] p2a: I LUV ZAM
|
|upkeep
|turn|2
|
|t:|1759020933
|move|p1a: Landorus|Stealth Rock|p2a: I LUV ZAM
|-sidestart|p2: jaious|move: Stealth Rock
|move|p2a: I LUV ZAM|Brave Bird|p1a: Landorus
|-damage|p1a: Landorus|77/100
|-damage|p2a: I LUV ZAM|84/100|[from] item: Rocky Helmet|[of] p1a: Landorus
|-damage|p2a: I LUV ZAM|76/100|[from] Recoil
|
|-heal|p2a: I LUV ZAM|82/100|[from] item: Leftovers
|upkeep
|turn|3
|
|t:|1759020950
|switch|p1a: Alomomola|Alomomola, F|100/100
|move|p2a: I LUV ZAM|U-turn|p1a: Alomomola
|-damage|p1a: Alomomola|95/100
|
|t:|1759020976
|switch|p2a: BETTER ZAPDOS|Ampharos, F|100/100|[from] U-turn
|-damage|p2a: BETTER ZAPDOS|88/100|[from] Stealth Rock
|
|upkeep
|turn|4
|inactive|Us sad has 120 seconds left.
|
|t:|1759021012
|move|p1a: Alomomola|Protect|p1a: Alomomola
|-singleturn|p1a: Alomomola|Protect
|move|p2a: BETTER ZAPDOS|Volt Switch|p1a: Alomomola
|-activate|p1a: Alomomola|move: Protect
|
|upkeep
|turn|5
|
|t:|1759021019
|move|p1a: Alomomola|Flip Turn|p2a: BETTER ZAPDOS
|-damage|p2a: BETTER ZAPDOS|72/100
|inactive|Us sad has 120 seconds left.
|
|t:|1759021032
|switch|p1a: Landorus|Landorus-Therian, M|77/100|[from] Flip Turn
|-ability|p1a: Landorus|Intimidate|boost
|-unboost|p2a: BETTER ZAPDOS|atk|1
|move|p2a: BETTER ZAPDOS|Dragon Tail|p1a: Landorus
|-damage|p1a: Landorus|70/100
|-damage|p2a: BETTER ZAPDOS|55/100|[from] item: Rocky Helmet|[of] p1a: Landorus
|drag|p1a: Dragonite|Dragonite, F|100/100
|
|upkeep
|turn|6
|
|t:|1759021047
|switch|p2a: I LUV ZAM|Corviknight, M|82/100
|-damage|p2a: I LUV ZAM|70/100|[from] Stealth Rock
|-ability|p2a: I LUV ZAM|Pressure
|move|p1a: Dragonite|Earthquake|p2a: I LUV ZAM
|-immune|p2a: I LUV ZAM
|
|-heal|p2a: I LUV ZAM|76/100|[from] item: Leftovers
|upkeep
|turn|7
|
|t:|1759021055
|switch|p1a: Alomomola|Alomomola, F|100/100
|move|p2a: I LUV ZAM|Defog|p1a: Alomomola
|-unboost|p1a: Alomomola|evasion|1
|-sideend|p2: jaious|Stealth Rock|[from] move: Defog|[of] p2a: I LUV ZAM
|
|-heal|p2a: I LUV ZAM|82/100|[from] item: Leftovers
|upkeep
|turn|8
|
|t:|1759021060
|move|p2a: I LUV ZAM|U-turn|p1a: Alomomola
|-damage|p1a: Alomomola|92/100
|
|t:|1759021063
|switch|p2a: tickle monster|Alomomola, M|100/100|[from] U-turn
|move|p1a: Alomomola|Scald|p2a: tickle monster
|-resisted|p2a: tickle monster
|-damage|p2a: tickle monster|92/100
|
|upkeep
|turn|9
|
|t:|1759021075
|move|p2a: tickle monster|Wish|p2a: tickle monster
|move|p1a: Alomomola|Wish|p1a: Alomomola
|
|upkeep
|turn|10
|
|t:|1759021079
|switch|p2a: BETTER ZAPDOS|Ampharos, F|55/100
|move|p1a: Alomomola|Flip Turn|p2a: BETTER ZAPDOS
|-damage|p2a: BETTER ZAPDOS|38/100
|-status|p1a: Alomomola|par|[from] ability: Static|[of] p2a: BETTER ZAPDOS
|
|t:|1759021082
|switch|p1a: Landorus|Landorus-Therian, M|70/100|[from] Flip Turn
|-ability|p1a: Landorus|Intimidate|boost
|-unboost|p2a: BETTER ZAPDOS|atk|1
|
|-heal|p1a: Landorus|100/100|[from] move: Wish|[wisher] Alomomola
|-heal|p2a: BETTER ZAPDOS|100/100|[from] move: Wish|[wisher] tickle monster
|upkeep
|turn|11
|
|t:|1759021088
|switch|p2a: I LUV ZAM|Corviknight, M|82/100
|-ability|p2a: I LUV ZAM|Pressure
|move|p1a: Landorus|Earthquake|p2a: I LUV ZAM
|-immune|p2a: I LUV ZAM
|
|-heal|p2a: I LUV ZAM|88/100|[from] item: Leftovers
|upkeep
|turn|12
|
|t:|1759021100
|switch|p1a: Alomomola|Alomomola, F|100/100 par
|move|p2a: I LUV ZAM|Defog|p1a: Alomomola
|-unboost|p1a: Alomomola|evasion|1
|
|-heal|p2a: I LUV ZAM|94/100|[from] item: Leftovers
|upkeep
|turn|13
|
|t:|1759021104
|move|p2a: I LUV ZAM|U-turn|p1a: Alomomola
|-damage|p1a: Alomomola|92/100 par
|
|t:|1759021109
|switch|p2a: BETTER ZAPDOS|Ampharos, F|100/100|[from] U-turn
|move|p1a: Alomomola|Flip Turn|p2a: BETTER ZAPDOS
|-damage|p2a: BETTER ZAPDOS|83/100
|
|t:|1759021116
|switch|p1a: Landorus|Landorus-Therian, M|100/100|[from] Flip Turn
|-ability|p1a: Landorus|Intimidate|boost
|-unboost|p2a: BETTER ZAPDOS|atk|1
|
|upkeep
|turn|14
|
|t:|1759021121
|switch|p2a: I LUV ZAM|Corviknight, M|94/100
|-ability|p2a: I LUV ZAM|Pressure
|move|p1a: Landorus|U-turn|p2a: I LUV ZAM
|-resisted|p2a: I LUV ZAM
|-damage|p2a: I LUV ZAM|91/100
|
|t:|1759021128
|switch|p1a: Gholdengo|Gholdengo|100/100|[from] U-turn
|
|-heal|p2a: I LUV ZAM|97/100|[from] item: Leftovers
|upkeep
|turn|15
|
|t:|1759021133
|move|p1a: Gholdengo|Shadow Ball|p2a: I LUV ZAM
|-damage|p2a: I LUV ZAM|56/100
|move|p2a: I LUV ZAM|U-turn|p1a: Gholdengo
|-resisted|p1a: Gholdengo
|-damage|p1a: Gholdengo|97/100
|
|t:|1759021161
|switch|p2a: Y Volcarona Uber|Iron Moth|100/100|[from] U-turn
|-enditem|p2a: Y Volcarona Uber|Booster Energy
|-activate|p2a: Y Volcarona Uber|ability: Quark Drive|[fromitem]
|-start|p2a: Y Volcarona Uber|quarkdrivespa
|
|upkeep
|turn|16
|inactive|Us sad has 120 seconds left.
|
|t:|1759021196
|move|p1a: Gholdengo|Shadow Ball|p2a: Y Volcarona Uber
|-damage|p2a: Y Volcarona Uber|59/100
|move|p2a: Y Volcarona Uber|Substitute|p2a: Y Volcarona Uber
|-start|p2a: Y Volcarona Uber|Substitute
|-damage|p2a: Y Volcarona Uber|34/100
|
|upkeep
|turn|17
|
|t:|1759021200
|move|p1a: Gholdengo|Shadow Ball|p2a: Y Volcarona Uber
|-end|p2a: Y Volcarona Uber|Substitute
|move|p2a: Y Volcarona Uber|Fiery Dance|p1a: Gholdengo
|-supereffective|p1a: Gholdengo
|-damage|p1a: Gholdengo|0 fnt
|faint|p1a: Gholdengo
|
|upkeep
|inactive|Us sad has 120 seconds left.
|
|t:|1759021216
|switch|p1a: Darkrai|Darkrai|100/100
|turn|18
|
|t:|1759021224
|-end|p2a: Y Volcarona Uber|Quark Drive|[silent]
|switch|p2a: BETTER ZAPDOS|Ampharos, F|83/100
|move|p1a: Darkrai|Dark Pulse|p2a: BETTER ZAPDOS
|-damage|p2a: BETTER ZAPDOS|64/100
|
|upkeep
|turn|19
|inactive|Us sad has 120 seconds left.
|
|t:|1759021252
|switch|p1a: Landorus|Landorus-Therian, M|100/100
|-ability|p1a: Landorus|Intimidate|boost
|-unboost|p2a: BETTER ZAPDOS|atk|1
|move|p2a: BETTER ZAPDOS|Dazzling Gleam|p1a: Landorus
|-damage|p1a: Landorus|78/100
|
|upkeep
|turn|20
|
|t:|1759021262
|switch|p2a: I LUV ZAM|Corviknight, M|56/100
|-ability|p2a: I LUV ZAM|Pressure
|move|p1a: Landorus|U-turn|p2a: I LUV ZAM
|-resisted|p2a: I LUV ZAM
|-damage|p2a: I LUV ZAM|52/100
|inactive|Us sad has 120 seconds left.
|
|t:|1759021274
|switch|p1a: Darkrai|Darkrai|100/100|[from] U-turn
|
|-heal|p2a: I LUV ZAM|58/100|[from] item: Leftovers
|upkeep
|turn|21
|inactive|Us sad has 120 seconds left.
|
|t:|1759021280
|switch|p2a: BETTER ZAPDOS|Ampharos, F|64/100
|move|p1a: Darkrai|Nasty Plot|p1a: Darkrai
|-boost|p1a: Darkrai|spa|2
|
|upkeep
|turn|22
|
|t:|1759021282
|move|p1a: Darkrai|Dark Pulse|p2a: BETTER ZAPDOS
|-damage|p2a: BETTER ZAPDOS|23/100
|move|p2a: BETTER ZAPDOS|Dragon Tail|p1a: Darkrai
|-damage|p1a: Darkrai|88/100
|drag|p1a: Landorus|Landorus-Therian, M|78/100
|-ability|p1a: Landorus|Intimidate|boost
|-unboost|p2a: BETTER ZAPDOS|atk|1
|
|upkeep
|turn|23
|
|t:|1759021297
|switch|p2a: tickle monster|Alomomola, M|100/100
|move|p1a: Landorus|Stealth Rock|p2a: tickle monster
|-sidestart|p2: jaious|move: Stealth Rock
|
|upkeep
|turn|24
|
|t:|1759021301
|move|p1a: Landorus|U-turn|p2a: tickle monster
|-damage|p2a: tickle monster|88/100
|-damage|p1a: Landorus|62/100|[from] item: Rocky Helmet|[of] p2a: tickle monster
|
|t:|1759021314
|switch|p1a: Weezing|Weezing-Galar, M|100/100|[from] U-turn
|-ability|p1a: Weezing|Neutralizing Gas
|move|p2a: tickle monster|Wish|p2a: tickle monster
|
|upkeep
|turn|25
|
|t:|1759021327
|move|p2a: tickle monster|Flip Turn|p1a: Weezing
|-damage|p1a: Weezing|89/100
|
|t:|1759021333
|switch|p2a: Y Volcarona Uber|Iron Moth|34/100|[from] Flip Turn
|-damage|p2a: Y Volcarona Uber|9/100|[from] Stealth Rock
|move|p1a: Weezing|Sludge Bomb|p2a: Y Volcarona Uber
|-resisted|p2a: Y Volcarona Uber
|-damage|p2a: Y Volcarona Uber|0 fnt
|faint|p2a: Y Volcarona Uber
|-end|p2a: Y Volcarona Uber|Quark Drive|[silent]
|
|upkeep
|
|t:|1759021344
|switch|p2a: I LUV ZAM|Corviknight, M|58/100
|-damage|p2a: I LUV ZAM|46/100|[from] Stealth Rock
|turn|26
|
|t:|1759021349
|move|p2a: I LUV ZAM|Roost|p2a: I LUV ZAM
|-heal|p2a: I LUV ZAM|96/100
|-singleturn|p2a: I LUV ZAM|move: Roost
|move|p1a: Weezing|Will-O-Wisp|p2a: I LUV ZAM
|-status|p2a: I LUV ZAM|brn
|
|-heal|p2a: I LUV ZAM|100/100 brn|[from] item: Leftovers
|-damage|p2a: I LUV ZAM|94/100 brn|[from] brn
|upkeep
|turn|27
|
|t:|1759021357
|-end|p1a: Weezing|ability: Neutralizing Gas
|-ability|p2a: I LUV ZAM|Pressure
|switch|p1a: Alomomola|Alomomola, F|100/100 par
|move|p2a: I LUV ZAM|Defog|p1a: Alomomola
|-unboost|p1a: Alomomola|evasion|1
|-sideend|p2: jaious|Stealth Rock|[from] move: Defog|[of] p2a: I LUV ZAM
|
|-heal|p2a: I LUV ZAM|100/100 brn|[from] item: Leftovers
|-damage|p2a: I LUV ZAM|94/100 brn|[from] brn
|upkeep
|turn|28
|
|t:|1759021361
|move|p2a: I LUV ZAM|U-turn|p1a: Alomomola
|-damage|p1a: Alomomola|96/100 par
|
|t:|1759021364
|switch|p2a: tickle monster|Alomomola, M|88/100|[from] U-turn
|move|p1a: Alomomola|Wish|p1a: Alomomola
|
|upkeep
|turn|29
|
|t:|1759021368
|move|p2a: tickle monster|Wish|p2a: tickle monster
|cant|p1a: Alomomola|par
|
|-heal|p1a: Alomomola|100/100 par|[from] move: Wish|[wisher] Alomomola
|upkeep
|turn|30
|
|t:|1759021373
|switch|p2a: BETTER ZAPDOS|Ampharos, F|23/100
|move|p1a: Alomomola|Flip Turn|p2a: BETTER ZAPDOS
|-damage|p2a: BETTER ZAPDOS|5/100
|
|t:|1759021377
|switch|p1a: Landorus|Landorus-Therian, M|62/100|[from] Flip Turn
|-ability|p1a: Landorus|Intimidate|boost
|-unboost|p2a: BETTER ZAPDOS|atk|1
|
|-heal|p2a: BETTER ZAPDOS|74/100|[from] move: Wish|[wisher] tickle monster
|upkeep
|turn|31
|
|t:|1759021400
|switch|p2a: tickle monster|Alomomola, M|100/100
|move|p1a: Landorus|Earthquake|p2a: tickle monster
|-crit|p2a: tickle monster
|-damage|p2a: tickle monster|61/100
|
|upkeep
|turn|32
|
|t:|1759021418
|move|p1a: Landorus|Swords Dance|p1a: Landorus
|-boost|p1a: Landorus|atk|2
|move|p2a: tickle monster|Flip Turn|p1a: Landorus
|-supereffective|p1a: Landorus
|-damage|p1a: Landorus|31/100
|-damage|p2a: tickle monster|44/100|[from] item: Rocky Helmet|[of] p1a: Landorus
|
|t:|1759021421
|switch|p2a: I Luv Mola tickles|Dragonite, F|100/100|[from] Flip Turn
|
|upkeep
|turn|33
|
|t:|1759021432
|move|p1a: Landorus|U-turn|p2a: I Luv Mola tickles
|-resisted|p2a: I Luv Mola tickles
|-damage|p2a: I Luv Mola tickles|88/100
|
|t:|1759021454
|switch|p1a: Weezing|Weezing-Galar, M|89/100|[from] U-turn
|-ability|p1a: Weezing|Neutralizing Gas
|move|p2a: I Luv Mola tickles|Dragon Dance|p2a: I Luv Mola tickles
|-boost|p2a: I Luv Mola tickles|atk|1
|-boost|p2a: I Luv Mola tickles|spe|1
|
|upkeep
|turn|34
|
|t:|1759021471
|switch|p2a: I LUV ZAM|Corviknight, M|94/100 brn
|move|p1a: Weezing|Will-O-Wisp|p2a: I LUV ZAM
|-fail|p2a: I LUV ZAM|brn
|
|-heal|p2a: I LUV ZAM|100/100 brn|[from] item: Leftovers
|-damage|p2a: I LUV ZAM|94/100 brn|[from] brn
|upkeep
|turn|35
|
|t:|1759021481
|move|p2a: I LUV ZAM|U-turn|p1a: Weezing
|-resisted|p1a: Weezing
|-damage|p1a: Weezing|89/100
|
|t:|1759021490
|switch|p2a: BETTER ZAPDOS|Ampharos, F|74/100|[from] U-turn
|move|p1a: Weezing|Will-O-Wisp|p2a: BETTER ZAPDOS|[miss]
|-miss|p1a: Weezing|p2a: BETTER ZAPDOS
|
|upkeep
|turn|36
|
|t:|1759021497
|move|p1a: Weezing|Sludge Bomb|p2a: BETTER ZAPDOS
|-damage|p2a: BETTER ZAPDOS|61/100
|-status|p2a: BETTER ZAPDOS|psn
|move|p2a: BETTER ZAPDOS|Volt Switch|p1a: Weezing
|-damage|p1a: Weezing|49/100
|
|t:|1759021508
|switch|p2a: I Luv Mola tickles|Dragonite, F|88/100|[from] Volt Switch
|
|upkeep
|turn|37
|
|t:|1759021513
|move|p2a: I Luv Mola tickles|Earthquake|p1a: Weezing
|-supereffective|p1a: Weezing
|-damage|p1a: Weezing|0 fnt
|faint|p1a: Weezing
|-end|p1a: Weezing|ability: Neutralizing Gas
|
|upkeep
|
|t:|1759021515
|switch|p1a: Darkrai|Darkrai|88/100
|turn|38
|
|t:|1759021524
|switch|p2a: BETTER ZAPDOS|Ampharos, F|61/100 psn
|move|p1a: Darkrai|Ice Beam|p2a: BETTER ZAPDOS
|-damage|p2a: BETTER ZAPDOS|46/100 psn
|
|-heal|p1a: Darkrai|94/100|[from] item: Leftovers
|-damage|p2a: BETTER ZAPDOS|34/100 psn|[from] psn
|upkeep
|turn|39
|
|t:|1759021530
|switch|p1a: Landorus|Landorus-Therian, M|31/100
|-ability|p1a: Landorus|Intimidate|boost
|-unboost|p2a: BETTER ZAPDOS|atk|1
|move|p2a: BETTER ZAPDOS|Dragon Tail|p1a: Landorus
|-damage|p1a: Landorus|25/100
|-damage|p2a: BETTER ZAPDOS|17/100 psn|[from] item: Rocky Helmet|[of] p1a: Landorus
|drag|p1a: Darkrai|Darkrai|94/100
|
|-heal|p1a: Darkrai|100/100|[from] item: Leftovers
|-damage|p2a: BETTER ZAPDOS|4/100 psn|[from] psn
|upkeep
|turn|40
|
|t:|1759021537
|switch|p2a: CUCKED|Great Tusk|100/100
|-enditem|p2a: CUCKED|Booster Energy
|-activate|p2a: CUCKED|ability: Protosynthesis|[fromitem]
|-start|p2a: CUCKED|protosynthesisatk
|move|p1a: Darkrai|Dark Pulse|p2a: CUCKED
|-resisted|p2a: CUCKED
|-damage|p2a: CUCKED|65/100
|
|upkeep
|turn|41
|
|t:|1759021548
|switch|p1a: Landorus|Landorus-Therian, M|25/100
|-ability|p1a: Landorus|Intimidate|boost
|-unboost|p2a: CUCKED|atk|1
|move|p2a: CUCKED|Rapid Spin|p1a: Landorus
|-damage|p1a: Landorus|11/100
|-boost|p2a: CUCKED|spe|1
|-damage|p2a: CUCKED|48/100|[from] item: Rocky Helmet|[of] p1a: Landorus
|
|upkeep
|turn|42
|
|t:|1759021551
|switch|p1a: Alomomola|Alomomola, F|100/100 par
|move|p2a: CUCKED|Ice Spinner|p1a: Alomomola
|-resisted|p1a: Alomomola
|-damage|p1a: Alomomola|93/100 par
|
|upkeep
|turn|43
|
|t:|1759021560
|-end|p2a: CUCKED|Protosynthesis|[silent]
|switch|p2a: tickle monster|Alomomola, M|78/100
|cant|p1a: Alomomola|par
|
|upkeep
|turn|44
|
|t:|1759021574
|switch|p1a: Landorus|Landorus-Therian, M|11/100
|-ability|p1a: Landorus|Intimidate|boost
|-unboost|p2a: tickle monster|atk|1
|move|p2a: tickle monster|Wish|p2a: tickle monster
|
|upkeep
|turn|45
|
|t:|1759021585
|switch|p2a: CUCKED|Great Tusk|48/100
|move|p1a: Landorus|Stealth Rock|p2a: CUCKED
|-sidestart|p2: jaious|move: Stealth Rock
|
|-heal|p2a: CUCKED|100/100|[from] move: Wish|[wisher] tickle monster
|upkeep
|turn|46
|
|t:|1759021592
|move|p1a: Landorus|U-turn|p2a: CUCKED
|-resisted|p2a: CUCKED
|-damage|p2a: CUCKED|93/100
|
|t:|1759021594
|switch|p1a: Alomomola|Alomomola, F|100/100 par|[from] U-turn
|move|p2a: CUCKED|Rapid Spin|p1a: Alomomola
|-damage|p1a: Alomomola|91/100 par
|-boost|p2a: CUCKED|spe|1
|-sideend|p2: jaious|Stealth Rock|[from] move: Rapid Spin|[of] p2a: CUCKED
|
|upkeep
|turn|47
|
|t:|1759021608
|-end|p2a: CUCKED|Protosynthesis|[silent]
|switch|p2a: tickle monster|Alomomola, M|100/100
|move|p1a: Alomomola|Flip Turn|p2a: tickle monster
|-resisted|p2a: tickle monster
|-damage|p2a: tickle monster|96/100
|-damage|p1a: Alomomola|74/100 par|[from] item: Rocky Helmet|[of] p2a: tickle monster
|
|t:|1759021618
|switch|p1a: Landorus|Landorus-Therian, M|11/100|[from] Flip Turn
|-ability|p1a: Landorus|Intimidate|boost
|-unboost|p2a: tickle monster|atk|1
|
|upkeep
|turn|48
|
|t:|1759021623
|move|p1a: Landorus|Earthquake|p2a: tickle monster
|-damage|p2a: tickle monster|69/100
|move|p2a: tickle monster|Flip Turn|p1a: Landorus
|-supereffective|p1a: Landorus
|-damage|p1a: Landorus|0 fnt
|-damage|p2a: tickle monster|53/100|[from] item: Rocky Helmet|[of] p1a: Landorus
|faint|p1a: Landorus
|
|t:|1759021649
|switch|p2a: I Luv Mola tickles|Dragonite, F|88/100|[from] Flip Turn
|
|upkeep
|
|t:|1759021665
|switch|p1a: Darkrai|Darkrai|100/100
|turn|49
|
|t:|1759021668
|-terastallize|p2a: I Luv Mola tickles|Fairy
|move|p1a: Darkrai|Nasty Plot|p1a: Darkrai
|-boost|p1a: Darkrai|spa|2
|move|p2a: I Luv Mola tickles|Tera Blast|p1a: Darkrai|[anim] Tera Blast Fairy
|-supereffective|p1a: Darkrai
|-damage|p1a: Darkrai|0 fnt
|faint|p1a: Darkrai
|
|upkeep
|
|t:|1759021673
|switch|p1a: Dragonite|Dragonite, F|100/100
|turn|50
|
|t:|1759021682
|-terastallize|p1a: Dragonite|Normal
|move|p2a: I Luv Mola tickles|Ice Spinner|p1a: Dragonite
|-damage|p1a: Dragonite|83/100
|move|p1a: Dragonite|Dragon Dance|p1a: Dragonite
|-boost|p1a: Dragonite|atk|1
|-boost|p1a: Dragonite|spe|1
|
|upkeep
|turn|51
|
|t:|1759021687
|switch|p2a: tickle monster|Alomomola, M|86/100
|move|p1a: Dragonite|Dragon Dance|p1a: Dragonite
|-boost|p1a: Dragonite|atk|1
|-boost|p1a: Dragonite|spe|1
|
|upkeep
|turn|52
|
|t:|1759021702
|move|p1a: Dragonite|Extreme Speed|p2a: tickle monster
|-damage|p2a: tickle monster|40/100
|-damage|p1a: Dragonite|66/100|[from] item: Rocky Helmet|[of] p2a: tickle monster
|move|p2a: tickle monster|Tickle|p1a: Dragonite
|-unboost|p1a: Dragonite|atk|1
|-unboost|p1a: Dragonite|def|1
|
|upkeep
|turn|53
|
|t:|1759021711
|move|p1a: Dragonite|Dragon Dance|p1a: Dragonite
|-boost|p1a: Dragonite|atk|1
|-boost|p1a: Dragonite|spe|1
|move|p2a: tickle monster|Tickle|p1a: Dragonite
|-unboost|p1a: Dragonite|atk|1
|-unboost|p1a: Dragonite|def|1
|
|upkeep
|turn|54
|
|t:|1759021715
|move|p1a: Dragonite|Extreme Speed|p2a: tickle monster
|-damage|p2a: tickle monster|4/100
|-damage|p1a: Dragonite|50/100|[from] item: Rocky Helmet|[of] p2a: tickle monster
|move|p2a: tickle monster|Tickle|p1a: Dragonite
|-unboost|p1a: Dragonite|atk|1
|-unboost|p1a: Dragonite|def|1
|
|upkeep
|turn|55
|
|t:|1759021739
|move|p1a: Dragonite|Extreme Speed|p2a: tickle monster
|-damage|p2a: tickle monster|0 fnt
|-damage|p1a: Dragonite|33/100|[from] item: Rocky Helmet|[of] p2a: tickle monster
|faint|p2a: tickle monster
|
|upkeep
|inactive|jaious has 120 seconds left.
|
|t:|1759021760
|switch|p2a: CUCKED|Great Tusk|93/100
|turn|56
|
|t:|1759021766
|switch|p1a: Alomomola|Alomomola, F|100/100 par
|move|p2a: CUCKED|Rapid Spin|p1a: Alomomola
|-damage|p1a: Alomomola|90/100 par
|-boost|p2a: CUCKED|spe|1
|
|upkeep
|turn|57
|
|t:|1759021773
|move|p2a: CUCKED|Close Combat|p1a: Alomomola
|-damage|p1a: Alomomola|48/100 par
|-unboost|p2a: CUCKED|def|1
|-unboost|p2a: CUCKED|spd|1
|move|p1a: Alomomola|Wish|p1a: Alomomola
|
|upkeep
|turn|58
|
|t:|1759021784
|-end|p2a: CUCKED|Protosynthesis|[silent]
|switch|p2a: BETTER ZAPDOS|Ampharos, F|4/100 psn
|cant|p1a: Alomomola|par
|
|-heal|p1a: Alomomola|98/100 par|[from] move: Wish|[wisher] Alomomola
|-damage|p2a: BETTER ZAPDOS|0 fnt|[from] psn
|faint|p2a: BETTER ZAPDOS
|upkeep
|inactive|jaious has 120 seconds left.
|
|t:|1759021807
|switch|p2a: I Luv Mola tickles|Dragonite, F, tera:Fairy|88/100
|turn|59
|inactive|jaious has 120 seconds left.
|
|t:|1759021822
|move|p2a: I Luv Mola tickles|Dragon Dance|p2a: I Luv Mola tickles
|-boost|p2a: I Luv Mola tickles|atk|1
|-boost|p2a: I Luv Mola tickles|spe|1
|move|p1a: Alomomola|Scald|p2a: I Luv Mola tickles
|-damage|p2a: I Luv Mola tickles|74/100
|
|upkeep
|turn|60
|
|t:|1759021825
|move|p2a: I Luv Mola tickles|Dragon Dance|p2a: I Luv Mola tickles
|-boost|p2a: I Luv Mola tickles|atk|1
|-boost|p2a: I Luv Mola tickles|spe|1
|move|p1a: Alomomola|Scald|p2a: I Luv Mola tickles
|-damage|p2a: I Luv Mola tickles|59/100
|-status|p2a: I Luv Mola tickles|brn
|
|-damage|p2a: I Luv Mola tickles|53/100 brn|[from] brn
|upkeep
|turn|61
|
|t:|1759021827
|move|p2a: I Luv Mola tickles|Dragon Dance|p2a: I Luv Mola tickles
|-boost|p2a: I Luv Mola tickles|atk|1
|-boost|p2a: I Luv Mola tickles|spe|1
|cant|p1a: Alomomola|par
|
|-damage|p2a: I Luv Mola tickles|47/100 brn|[from] brn
|upkeep
|turn|62
|
|t:|1759021829
|switch|p1a: Dragonite|Dragonite, F, tera:Normal|33/100
|move|p2a: I Luv Mola tickles|Dragon Dance|p2a: I Luv Mola tickles
|-boost|p2a: I Luv Mola tickles|atk|1
|-boost|p2a: I Luv Mola tickles|spe|1
|
|-damage|p2a: I Luv Mola tickles|41/100 brn|[from] brn
|upkeep
|turn|63
|
|t:|1759021837
|switch|p2a: CUCKED|Great Tusk|93/100
|switch|p1a: Alomomola|Alomomola, F|100/100 par
|
|upkeep
|turn|64
|
|t:|1759021842
|-end|p2a: CUCKED|Protosynthesis|[silent]
|switch|p2a: I LUV ZAM|Corviknight, M|94/100 brn
|-ability|p2a: I LUV ZAM|Pressure
|move|p1a: Alomomola|Wish|p1a: Alomomola
|
|-heal|p2a: I LUV ZAM|100/100 brn|[from] item: Leftovers
|-damage|p2a: I LUV ZAM|94/100 brn|[from] brn
|upkeep
|turn|65
|
|t:|1759021851
|move|p2a: I LUV ZAM|U-turn|p1a: Alomomola
|-damage|p1a: Alomomola|96/100 par
|
|t:|1759021855
|switch|p2a: CUCKED|Great Tusk|93/100|[from] U-turn
|move|p1a: Alomomola|Flip Turn|p2a: CUCKED
|-supereffective|p2a: CUCKED
|-damage|p2a: CUCKED|70/100
|
|t:|1759021859
|switch|p1a: Dragonite|Dragonite, F, tera:Normal|33/100|[from] Flip Turn
|
|-heal|p1a: Dragonite|100/100|[from] move: Wish|[wisher] Alomomola
|upkeep
|turn|66
|
|t:|1759021863
|switch|p1a: Alomomola|Alomomola, F|100/100 par
|move|p2a: CUCKED|Close Combat|p1a: Alomomola
|-damage|p1a: Alomomola|60/100 par
|-unboost|p2a: CUCKED|def|1
|-unboost|p2a: CUCKED|spd|1
|
|upkeep
|turn|67
|
|t:|1759021879
|move|p2a: CUCKED|Close Combat|p1a: Alomomola
|-damage|p1a: Alomomola|20/100 par
|-unboost|p2a: CUCKED|def|1
|-unboost|p2a: CUCKED|spd|1
|cant|p1a: Alomomola|par
|
|upkeep
|turn|68
|
|t:|1759021887
|switch|p1a: Dragonite|Dragonite, F, tera:Normal|100/100
|move|p2a: CUCKED|Close Combat|p1a: Dragonite
|-supereffective|p1a: Dragonite
|-damage|p1a: Dragonite|30/100
|-unboost|p2a: CUCKED|def|1
|-unboost|p2a: CUCKED|spd|1
|
|upkeep
|turn|69
|
|t:|1759021894
|-end|p2a: CUCKED|Protosynthesis|[silent]
|switch|p2a: I LUV ZAM|Corviknight, M|94/100 brn
|-ability|p2a: I LUV ZAM|Pressure
|move|p1a: Dragonite|Extreme Speed|p2a: I LUV ZAM
|-resisted|p2a: I LUV ZAM
|-damage|p2a: I LUV ZAM|80/100 brn
|
|-heal|p2a: I LUV ZAM|86/100 brn|[from] item: Leftovers
|-damage|p2a: I LUV ZAM|80/100 brn|[from] brn
|upkeep
|turn|70
|
|t:|1759021899
|move|p1a: Dragonite|Roost|p1a: Dragonite
|-heal|p1a: Dragonite|80/100
|move|p2a: I LUV ZAM|U-turn|p1a: Dragonite
|-damage|p1a: Dragonite|72/100
|
|t:|1759021905
|switch|p2a: CUCKED|Great Tusk|70/100|[from] U-turn
|
|upkeep
|turn|71
|
|t:|1759021929
|move|p2a: CUCKED|Close Combat|p1a: Dragonite
|-supereffective|p1a: Dragonite
|-damage|p1a: Dragonite|0 fnt
|-unboost|p2a: CUCKED|def|1
|-unboost|p2a: CUCKED|spd|1
|faint|p1a: Dragonite
|
|upkeep
|
|t:|1759021932
|switch|p1a: Alomomola|Alomomola, F|53/100 par
|turn|72
|
|t:|1759021937
|move|p2a: CUCKED|Close Combat|p1a: Alomomola
|-damage|p1a: Alomomola|14/100 par
|-unboost|p2a: CUCKED|def|1
|-unboost|p2a: CUCKED|spd|1
|move|p1a: Alomomola|Wish|p1a: Alomomola
|
|upkeep
|turn|73
|
|t:|1759021949
|-end|p2a: CUCKED|Protosynthesis|[silent]
|switch|p2a: I Luv Mola tickles|Dragonite, F, tera:Fairy|41/100 brn
|move|p1a: Alomomola|Protect||[still]
|-fail|p1a: Alomomola
|
|-heal|p1a: Alomomola|64/100 par|[from] move: Wish|[wisher] Alomomola
|-damage|p2a: I Luv Mola tickles|35/100 brn|[from] brn
|upkeep
|turn|74
|
|t:|1759021955
|move|p2a: I Luv Mola tickles|Dragon Dance|p2a: I Luv Mola tickles
|-boost|p2a: I Luv Mola tickles|atk|1
|-boost|p2a: I Luv Mola tickles|spe|1
|cant|p1a: Alomomola|par
|
|-damage|p2a: I Luv Mola tickles|28/100 brn|[from] brn
|upkeep
|turn|75
|
|t:|1759021957
|move|p2a: I Luv Mola tickles|Dragon Dance|p2a: I Luv Mola tickles
|-boost|p2a: I Luv Mola tickles|atk|1
|-boost|p2a: I Luv Mola tickles|spe|1
|move|p1a: Alomomola|Wish|p1a: Alomomola
|
|-damage|p2a: I Luv Mola tickles|22/100 brn|[from] brn
|upkeep
|turn|76
|
|t:|1759021959
|move|p1a: Alomomola|Protect|p1a: Alomomola
|-singleturn|p1a: Alomomola|Protect
|move|p2a: I Luv Mola tickles|Dragon Dance|p2a: I Luv Mola tickles
|-boost|p2a: I Luv Mola tickles|atk|1
|-boost|p2a: I Luv Mola tickles|spe|1
|
|-heal|p1a: Alomomola|100/100 par|[from] move: Wish|[wisher] Alomomola
|-damage|p2a: I Luv Mola tickles|16/100 brn|[from] brn
|upkeep
|turn|77
|
|t:|1759021964
|move|p2a: I Luv Mola tickles|Tera Blast|p1a: Alomomola|[anim] Tera Blast Fairy
|-damage|p1a: Alomomola|62/100 par
|move|p1a: Alomomola|Wish|p1a: Alomomola
|
|-damage|p2a: I Luv Mola tickles|10/100 brn|[from] brn
|upkeep
|turn|78
|
|t:|1759021971
|cant|p1a: Alomomola|par
|move|p2a: I Luv Mola tickles|Tera Blast|p1a: Alomomola|[anim] Tera Blast Fairy
|-damage|p1a: Alomomola|30/100 par
|
|-heal|p1a: Alomomola|80/100 par|[from] move: Wish|[wisher] Alomomola
|-damage|p2a: I Luv Mola tickles|4/100 brn|[from] brn
|upkeep
|turn|79
|
|t:|1759021974
|cant|p1a: Alomomola|par
|move|p2a: I Luv Mola tickles|Tera Blast|p1a: Alomomola|[anim] Tera Blast Fairy
|-damage|p1a: Alomomola|42/100 par
|
|-damage|p2a: I Luv Mola tickles|0 fnt|[from] brn
|faint|p2a: I Luv Mola tickles
|upkeep
|
|t:|1759021977
|switch|p2a: CUCKED|Great Tusk|70/100
|turn|80
|
|t:|1759021986
|move|p2a: CUCKED|Headlong Rush|p1a: Alomomola
|-damage|p1a: Alomomola|2/100 par
|-unboost|p2a: CUCKED|def|1
|-unboost|p2a: CUCKED|spd|1
|move|p1a: Alomomola|Wish|p1a: Alomomola
|
|upkeep
|turn|81
|
|t:|1759021991
|move|p1a: Alomomola|Protect|p1a: Alomomola
|-singleturn|p1a: Alomomola|Protect
|move|p2a: CUCKED|Close Combat|p1a: Alomomola
|-activate|p1a: Alomomola|move: Protect
|
|-heal|p1a: Alomomola|52/100 par|[from] move: Wish|[wisher] Alomomola
|upkeep
|turn|82
|
|t:|1759021995
|move|p2a: CUCKED|Close Combat|p1a: Alomomola
|-damage|p1a: Alomomola|15/100 par
|-unboost|p2a: CUCKED|def|1
|-unboost|p2a: CUCKED|spd|1
|move|p1a: Alomomola|Wish|p1a: Alomomola
|
|upkeep
|turn|83
|
|t:|1759021999
|move|p1a: Alomomola|Protect|p1a: Alomomola
|-singleturn|p1a: Alomomola|Protect
|move|p2a: CUCKED|Headlong Rush|p1a: Alomomola
|-activate|p1a: Alomomola|move: Protect
|
|-heal|p1a: Alomomola|65/100 par|[from] move: Wish|[wisher] Alomomola
|upkeep
|turn|84
|
|t:|1759022007
|move|p2a: CUCKED|Headlong Rush|p1a: Alomomola
|-damage|p1a: Alomomola|23/100 par
|-unboost|p2a: CUCKED|def|1
|-unboost|p2a: CUCKED|spd|1
|cant|p1a: Alomomola|par
|
|upkeep
|turn|85
|c|☆jaious|gg
|c|☆Us sad|Hdp haxero demrd
|
|t:|1759022019
|move|p1a: Alomomola|Protect|p1a: Alomomola
|-singleturn|p1a: Alomomola|Protect
|move|p2a: CUCKED|Headlong Rush|p1a: Alomomola
|-activate|p1a: Alomomola|move: Protect
|
|upkeep
|turn|86
|-message|Us sad forfeited.
|
|win|jaious
|raw|Us sad's rating: 1496 &rarr; <strong>1475</strong><br />(-21 for losing)
|raw|jaious's rating: 1476 &rarr; <strong>1497</strong><br />(+21 for winning)
|l|☆Us sad
|player|p1|
|l|☆jaious
|player|p2|
