|j|☆hey_rain_maker
|j|☆faless
|t:|1758947868
|gametype|singles
|player|p1|hey_rain_maker|caitlin|1493
|player|p2|faless|kimonogirl-gen2|1596
|gen|9
|tier|[Gen 9] OU
|rated|
|rule|HP Percentage Mod: HP is shown in percentages
|rule|Endless Battle Clause: Forcing endless battles is banned
|rule|Species Clause: Limit one of each Pokémon
|rule|OHKO Clause: OHKO moves are banned
|rule|Evasion Items Clause: Evasion items are banned
|rule|Evasion Moves Clause: Evasion moves are banned
|rule|Evasion Abilities Clause: Evasion abilities are banned
|rule|Sleep Moves Clause: Sleep-inducing moves are banned
|clearpoke
|poke|p1|Samurott-Hisui, M|
|poke|p1|Darkrai|
|poke|p1|Gliscor, F|
|poke|p1|Cinderace, M|
|poke|p1|Raging Bolt|
|poke|p1|Ogerpon-Wellspring, F|
|poke|p2|Ogerpon-Wellspring, F|
|poke|p2|Slowking-Galar, M|
|poke|p2|Zamazenta-*|
|poke|p2|Garganacl, M|
|poke|p2|Dragonite, M|
|poke|p2|Great Tusk|
|teampreview
|inactive|Battle timer is ON: inactive players will automatically lose when time's up. (requested by hey_rain_maker)
|
|t:|1758947875
|teamsize|p1|6
|teamsize|p2|6
|start
|switch|p1a: Cinderace|Cinderace, M|100/100
|switch|p2a: Glass Shadows|Slowking-Galar, M, shiny|100/100
|turn|1
|
|t:|1758947881
|switch|p2a: DUKO|Garganacl, M|100/100
|move|p1a: Cinderace|Pyro Ball|p2a: DUKO
|-resisted|p2a: DUKO
|-damage|p2a: DUKO|86/100
|
|-heal|p2a: DUKO|92/100|[from] item: Leftovers
|upkeep
|turn|2
|
|t:|1758947889
|move|p1a: Cinderace|U-turn|p2a: DUKO
|-damage|p2a: DUKO|79/100
|
|t:|1758947892
|switch|p1a: Gliscor|Gliscor, F|100/100|[from] U-turn
|move|p2a: DUKO|Salt Cure|p1a: Gliscor
|-damage|p1a: Gliscor|92/100
|-start|p1a: Gliscor|Salt Cure
|
|-heal|p2a: DUKO|86/100|[from] item: Leftovers
|-damage|p1a: Gliscor|79/100|[from] Salt Cure
|-status|p1a: Gliscor|tox|[from] item: Toxic Orb
|upkeep
|turn|3
|
|t:|1758947894
|move|p1a: Gliscor|Knock Off|p2a: DUKO
|-damage|p2a: DUKO|71/100
|-enditem|p2a: DUKO|Leftovers|[from] move: Knock Off|[of] p1a: Gliscor
|move|p2a: DUKO|Stealth Rock|p1a: Gliscor
|-sidestart|p1: hey_rain_maker|move: Stealth Rock
|
|-heal|p1a: Gliscor|92/100 tox|[from] ability: Poison Heal
|-damage|p1a: Gliscor|79/100 tox|[from] Salt Cure
|upkeep
|turn|4
|inactive|faless has 120 seconds left.
|
|t:|1758947931
|switch|p2a: Blue|Ogerpon-Wellspring, F|100/100
|move|p1a: Gliscor|Earthquake|p2a: Blue
|-resisted|p2a: Blue
|-damage|p2a: Blue|77/100
|
|-heal|p1a: Gliscor|92/100 tox|[from] ability: Poison Heal
|-damage|p1a: Gliscor|79/100 tox|[from] Salt Cure
|upkeep
|turn|5
|
|t:|1758947944
|move|p2a: Blue|Ivy Cudgel|p1a: Gliscor|[anim] Ivy Cudgel Water
|-supereffective|p1a: Gliscor
|-damage|p1a: Gliscor|6/100 tox
|move|p1a: Gliscor|U-turn|p2a: Blue
|-supereffective|p2a: Blue
|-damage|p2a: Blue|36/100
|
|t:|1758947947
|switch|p1a: Cinderace|Cinderace, M|100/100|[from] U-turn
|
|upkeep
|turn|6
|inactive|faless has 120 seconds left.
|
|t:|1758947993
|switch|p2a: Yupisote|Great Tusk|100/100
|move|p1a: Cinderace|Court Change|p1a: Cinderace
|-swapsideconditions
|-activate|p1a: Cinderace|move: Court Change
|
|upkeep
|turn|7
|
|t:|1758947997
|-terastallize|p1a: Cinderace|Ghost
|move|p1a: Cinderace|Will-O-Wisp|p2a: Yupisote
|-status|p2a: Yupisote|brn
|move|p2a: Yupisote|Knock Off|p1a: Cinderace
|-supereffective|p1a: Cinderace
|-damage|p1a: Cinderace|61/100
|-enditem|p1a: Cinderace|Heavy-Duty Boots|[from] move: Knock Off|[of] p2a: Yupisote
|
|-damage|p2a: Yupisote|94/100 brn|[from] brn
|upkeep
|turn|8
|
|t:|1758948021
|move|p1a: Cinderace|Pyro Ball|p2a: Yupisote
|-damage|p2a: Yupisote|60/100 brn
|move|p2a: Yupisote|Knock Off|p1a: Cinderace
|-supereffective|p1a: Cinderace
|-damage|p1a: Cinderace|35/100
|
|-damage|p2a: Yupisote|54/100 brn|[from] brn
|upkeep
|turn|9
|
|t:|1758948028
|-end|p2a: Yupisote|Protosynthesis|[silent]
|switch|p2a: DUKO|Garganacl, M|71/100
|-damage|p2a: DUKO|58/100|[from] Stealth Rock
|move|p1a: Cinderace|Pyro Ball|p2a: DUKO
|-resisted|p2a: DUKO
|-damage|p2a: DUKO|43/100
|
|upkeep
|turn|10
|
|t:|1758948032
|move|p1a: Cinderace|U-turn|p2a: DUKO
|-damage|p2a: DUKO|30/100
|
|t:|1758948034
|switch|p1a: Gliscor|Gliscor, F|6/100 tox|[from] U-turn
|move|p2a: DUKO|Recover|p2a: DUKO
|-heal|p2a: DUKO|80/100
|
|-heal|p1a: Gliscor|18/100 tox|[from] ability: Poison Heal
|upkeep
|turn|11
|
|t:|1758948037
|move|p1a: Gliscor|Earthquake|p2a: DUKO
|-supereffective|p2a: DUKO
|-damage|p2a: DUKO|39/100
|move|p2a: DUKO|Salt Cure|p1a: Gliscor
|-damage|p1a: Gliscor|10/100 tox
|-start|p1a: Gliscor|Salt Cure
|
|-heal|p1a: Gliscor|23/100 tox|[from] ability: Poison Heal
|-damage|p1a: Gliscor|10/100 tox|[from] Salt Cure
|upkeep
|turn|12
|
|t:|1758948040
|move|p2a: DUKO|Protect|p2a: DUKO
|-singleturn|p2a: DUKO|Protect
|move|p1a: Gliscor|Earthquake|p2a: DUKO
|-activate|p2a: DUKO|move: Protect
|
|-heal|p1a: Gliscor|23/100 tox|[from] ability: Poison Heal
|-damage|p1a: Gliscor|10/100 tox|[from] Salt Cure
|upkeep
|turn|13
|
|t:|1758948045
|switch|p2a: Mr.Banana45|Dragonite, M|100/100
|move|p1a: Gliscor|Earthquake|p2a: Mr.Banana45
|-immune|p2a: Mr.Banana45
|
|-heal|p1a: Gliscor|23/100 tox|[from] ability: Poison Heal
|-damage|p1a: Gliscor|10/100 tox|[from] Salt Cure
|upkeep
|turn|14
|
|t:|1758948048
|move|p2a: Mr.Banana45|Extreme Speed|p1a: Gliscor
|-damage|p1a: Gliscor|0 fnt
|faint|p1a: Gliscor
|
|upkeep
|
|t:|1758948051
|switch|p1a: Cinderace|Cinderace, M, tera:Ghost|35/100
|turn|15
|
|t:|1758948055
|switch|p2a: Elian|Zamazenta|100/100
|-ability|p2a: Elian|Dauntless Shield|boost
|-boost|p2a: Elian|def|1
|move|p1a: Cinderace|Pyro Ball|p2a: Elian|[miss]
|-miss|p1a: Cinderace|p2a: Elian
|
|upkeep
|turn|16
|
|t:|1758948072
|move|p2a: Elian|Crunch|p1a: Cinderace
|-supereffective|p1a: Cinderace
|-damage|p1a: Cinderace|0 fnt
|faint|p1a: Cinderace
|
|upkeep
|
|t:|1758948083
|switch|p1a: Raging Bolt|Raging Bolt|100/100
|turn|17
|
|t:|1758948087
|switch|p2a: Glass Shadows|Slowking-Galar, M, shiny|100/100
|-damage|p2a: Glass Shadows|88/100|[from] Stealth Rock
|move|p1a: Raging Bolt|Thunderbolt|p2a: Glass Shadows
|-damage|p2a: Glass Shadows|65/100
|-status|p2a: Glass Shadows|par
|
|upkeep
|turn|18
|
|t:|1758948090
|move|p1a: Raging Bolt|Calm Mind|p1a: Raging Bolt
|-boost|p1a: Raging Bolt|spa|1
|-boost|p1a: Raging Bolt|spd|1
|move|p2a: Glass Shadows|Psyshock|p1a: Raging Bolt
|-damage|p1a: Raging Bolt|78/100
|
|-heal|p1a: Raging Bolt|84/100|[from] item: Leftovers
|upkeep
|turn|19
|
|t:|1758948094
|move|p1a: Raging Bolt|Thunderbolt|p2a: Glass Shadows
|-damage|p2a: Glass Shadows|34/100 par
|move|p2a: Glass Shadows|Sludge Bomb|p1a: Raging Bolt
|-damage|p1a: Raging Bolt|59/100
|-status|p1a: Raging Bolt|psn
|
|-heal|p1a: Raging Bolt|65/100 psn|[from] item: Leftovers
|-damage|p1a: Raging Bolt|53/100 psn|[from] psn
|upkeep
|turn|20
|
|t:|1758948101
|switch|p2a: DUKO|Garganacl, M|39/100
|-damage|p2a: DUKO|26/100|[from] Stealth Rock
|move|p1a: Raging Bolt|Dragon Pulse|p2a: DUKO
|-damage|p2a: DUKO|0 fnt
|faint|p2a: DUKO
|
|-heal|p1a: Raging Bolt|59/100 psn|[from] item: Leftovers
|-damage|p1a: Raging Bolt|47/100 psn|[from] psn
|upkeep
|
|t:|1758948103
|switch|p2a: Yupisote|Great Tusk|54/100 brn
|-damage|p2a: Yupisote|51/100 brn|[from] Stealth Rock
|turn|21
|
|t:|1758948107
|move|p2a: Yupisote|Headlong Rush|p1a: Raging Bolt
|-supereffective|p1a: Raging Bolt
|-damage|p1a: Raging Bolt|13/100 psn
|-unboost|p2a: Yupisote|def|1
|-unboost|p2a: Yupisote|spd|1
|move|p1a: Raging Bolt|Dragon Pulse|p2a: Yupisote
|-damage|p2a: Yupisote|0 fnt
|faint|p2a: Yupisote
|-end|p2a: Yupisote|Protosynthesis|[silent]
|
|-heal|p1a: Raging Bolt|19/100 psn|[from] item: Leftovers
|-damage|p1a: Raging Bolt|6/100 psn|[from] psn
|upkeep
|
|t:|1758948111
|switch|p2a: Mr.Banana45|Dragonite, M|100/100
|turn|22
|
|t:|1758948131
|move|p2a: Mr.Banana45|Extreme Speed|p1a: Raging Bolt
|-damage|p1a: Raging Bolt|0 fnt
|faint|p1a: Raging Bolt
|-end|p1a: Raging Bolt|Protosynthesis|[silent]
|
|upkeep
|
|t:|1758948133
|switch|p1a: Darkrai|Darkrai|100/100
|turn|23
|
|t:|1758948146
|move|p1a: Darkrai|Trick|p2a: Mr.Banana45
|-activate|p1a: Darkrai|move: Trick|[of] p2a: Mr.Banana45
|-item|p2a: Mr.Banana45|Choice Specs|[from] move: Trick
|-item|p1a: Darkrai|Heavy-Duty Boots|[from] move: Trick
|move|p2a: Mr.Banana45|Dragon Dance|p2a: Mr.Banana45
|-boost|p2a: Mr.Banana45|atk|1
|-boost|p2a: Mr.Banana45|spe|1
|
|upkeep
|turn|24
|
|t:|1758948152
|switch|p2a: Blue|Ogerpon-Wellspring, F|36/100
|-damage|p2a: Blue|24/100|[from] Stealth Rock
|move|p1a: Darkrai|Ice Beam|p2a: Blue
|-damage|p2a: Blue|0 fnt
|faint|p2a: Blue
|
|upkeep
|
|t:|1758948154
|switch|p2a: Elian|Zamazenta|100/100
|turn|25
|
|t:|1758948159
|move|p2a: Elian|Close Combat|p1a: Darkrai
|-supereffective|p1a: Darkrai
|-damage|p1a: Darkrai|0 fnt
|-unboost|p2a: Elian|def|1
|-unboost|p2a: Elian|spd|1
|faint|p1a: Darkrai
|
|upkeep
|
|t:|1758948160
|switch|p1a: Ogerpon|Ogerpon-Wellspring, F|100/100
|turn|26
|
|t:|1758948185
|switch|p2a: Mr.Banana45|Dragonite, M|100/100
|-damage|p2a: Mr.Banana45|76/100|[from] Stealth Rock
|move|p1a: Ogerpon|Horn Leech|p2a: Mr.Banana45
|-resisted|p2a: Mr.Banana45
|-damage|p2a: Mr.Banana45|67/100
|
|upkeep
|turn|27
|
|t:|1758948194
|move|p2a: Mr.Banana45|Extreme Speed|p1a: Ogerpon
|-crit|p1a: Ogerpon
|-damage|p1a: Ogerpon|49/100
|move|p1a: Ogerpon|Swords Dance|p1a: Ogerpon
|-boost|p1a: Ogerpon|atk|2
|
|upkeep
|turn|28
|-message|hey_rain_maker forfeited.
|
|win|faless
|raw|hey_rain_maker's rating: 1493 &rarr; <strong>1479</strong><br />(-14 for losing)
|raw|faless's rating: 1596 &rarr; <strong>1610</strong><br />(+14 for winning)
|l|☆hey_rain_maker
|player|p1|
|l|☆faless
|player|p2|
