|j|☆PECRIO
|j|☆senegal
|inactive|Battle timer is ON: inactive players will automatically lose when time's up.
|t:|1758941923
|gametype|singles
|player|p1|PECRIO|red|
|player|p2|senegal|170|
|gen|9
|tier|[Gen 9] OU
|rated|Tournament battle
|rule|HP Percentage Mod: HP is shown in percentages
|rule|Endless Battle Clause: Forcing endless battles is banned
|rule|Species Clause: Limit one of each Pokémon
|rule|OHKO Clause: OHKO moves are banned
|rule|Evasion Items Clause: Evasion items are banned
|rule|Evasion Moves Clause: Evasion moves are banned
|rule|Evasion Abilities Clause: Evasion abilities are banned
|rule|Sleep Moves Clause: Sleep-inducing moves are banned
|raw|<div class="infobox"><details class="readmore" open><summary><strong>3 custom rules:</strong></summary> -blissey, -wailord, -wobbuffet</details></div>
|clearpoke
|poke|p1|Frosmoth, M|
|poke|p1|Palossand, M|
|poke|p1|Appletun, M|
|poke|p1|Muk, F|
|poke|p1|Komala, F|
|poke|p1|Decidueye, M|
|poke|p2|Frosmoth, F|
|poke|p2|Palossand, M|
|poke|p2|Appletun, F|
|poke|p2|Muk, F|
|poke|p2|Komala, M|
|poke|p2|Decidueye, F|
|teampreview
|j|*Lady Monita ☀
|
|t:|1758941947
|teamsize|p1|6
|teamsize|p2|6
|start
|switch|p1a: Komala|Komala, F|100/100
|switch|p2a: Komala|Komala, M|100/100
|-ability|p1a: Komala|Comatose
|-ability|p2a: Komala|Comatose
|turn|1
|
|t:|1758941972
|switch|p2a: Palossand|Palossand, M|100/100
|move|p1a: Komala|Rapid Spin|p2a: Palossand
|-immune|p2a: Palossand
|
|upkeep
|turn|2
|
|t:|1758941984
|switch|p1a: Palossand|Palossand, M|100/100
|move|p2a: Palossand|Stealth Rock|p1a: Palossand
|-sidestart|p1: PECRIO|move: Stealth Rock
|
|upkeep
|turn|3
|
|t:|1758941994
|move|p2a: Palossand|Poltergeist|p1a: Palossand|[miss]
|-miss|p2a: Palossand|p1a: Palossand
|move|p1a: Palossand|Poltergeist|p2a: Palossand
|-activate|p2a: Palossand|move: Poltergeist|Leftovers
|-supereffective|p2a: Palossand
|-damage|p2a: Palossand|57/100
|
|-heal|p2a: Palossand|63/100|[from] item: Leftovers
|upkeep
|turn|4
|
|t:|1758942003
|move|p2a: Palossand|Shore Up|p2a: Palossand
|-heal|p2a: Palossand|100/100
|move|p1a: Palossand|Curse|p2a: Palossand
|-start|p2a: Palossand|Curse|[of] p1a: Palossand
|-damage|p1a: Palossand|50/100
|
|-heal|p1a: Palossand|57/100|[from] item: Leftovers
|-damage|p2a: Palossand|76/100|[from] Curse
|upkeep
|turn|5
|
|t:|1758942014
|switch|p2a: Frosmoth|Frosmoth, F|100/100
|switch|p1a: Komala|Komala, F|100/100
|-damage|p1a: Komala|88/100|[from] Stealth Rock
|-ability|p1a: Komala|Comatose
|
|-heal|p1a: Komala|94/100|[from] item: Leftovers
|upkeep
|turn|6
|
|t:|1758942020
|move|p1a: Komala|Rapid Spin|p2a: Frosmoth
|-damage|p2a: Frosmoth|73/100
|-boost|p1a: Komala|spe|1
|-sideend|p1: PECRIO|Stealth Rock|[from] move: Rapid Spin|[of] p1a: Komala
|move|p2a: Frosmoth|U-turn|p1a: Komala
|-damage|p1a: Komala|75/100
|
|t:|1758942023
|switch|p2a: Palossand|Palossand, M|76/100|[from] U-turn
|
|-heal|p1a: Komala|81/100|[from] item: Leftovers
|-heal|p2a: Palossand|82/100|[from] item: Leftovers
|upkeep
|turn|7
|
|t:|1758942042
|switch|p1a: Appletun|Appletun, M|100/100
|move|p2a: Palossand|Stealth Rock|p1a: Appletun
|-sidestart|p1: PECRIO|move: Stealth Rock
|
|-heal|p2a: Palossand|88/100|[from] item: Leftovers
|upkeep
|turn|8
|
|t:|1758942058
|switch|p2a: Frosmoth|Frosmoth, F|73/100
|move|p1a: Appletun|Dragon Tail|p2a: Frosmoth
|-damage|p2a: Frosmoth|43/100
|drag|p2a: Appletun|Appletun, F|100/100
|
|upkeep
|turn|9
|
|t:|1758942072
|switch|p2a: Decidueye|Decidueye, F|100/100
|move|p1a: Appletun|Body Slam|p2a: Decidueye
|-immune|p2a: Decidueye
|
|upkeep
|turn|10
|
|t:|1758942080
|move|p2a: Decidueye|Spirit Shackle|p1a: Appletun
|-damage|p1a: Appletun|64/100
|-activate|p1a: Appletun|trapped
|move|p1a: Appletun|Dragon Tail|p2a: Decidueye|[miss]
|-miss|p1a: Appletun|p2a: Decidueye
|
|-heal|p1a: Appletun|70/100|[from] item: Leftovers
|upkeep
|turn|11
|
|t:|1758942095
|move|p2a: Decidueye|Spirit Shackle|p1a: Appletun
|-damage|p1a: Appletun|33/100
|move|p1a: Appletun|Dragon Tail|p2a: Decidueye
|-damage|p2a: Decidueye|79/100
|drag|p2a: Frosmoth|Frosmoth, F|43/100
|
|-heal|p1a: Appletun|39/100|[from] item: Leftovers
|upkeep
|turn|12
|
|t:|1758942111
|switch|p1a: Frosmoth|Frosmoth, M|100/100
|-damage|p1a: Frosmoth|51/100|[from] Stealth Rock
|move|p2a: Frosmoth|Ice Beam|p1a: Frosmoth
|-resisted|p1a: Frosmoth
|-damage|p1a: Frosmoth|35/100
|
|upkeep
|turn|13
|
|t:|1758942118
|move|p1a: Frosmoth|Quiver Dance|p1a: Frosmoth
|-boost|p1a: Frosmoth|spa|1
|-boost|p1a: Frosmoth|spd|1
|-boost|p1a: Frosmoth|spe|1
|move|p2a: Frosmoth|U-turn|p1a: Frosmoth
|-damage|p1a: Frosmoth|5/100
|
|t:|1758942125
|switch|p2a: Muk|Muk, F|100/100|[from] U-turn
|
|upkeep
|turn|14
|
|t:|1758942131
|-terastallize|p1a: Frosmoth|Ground
|move|p2a: Muk|Shadow Sneak|p1a: Frosmoth
|-damage|p1a: Frosmoth|0 fnt
|faint|p1a: Frosmoth
|
|upkeep
|
|t:|1758942135
|switch|p1a: Komala|Komala, F|81/100
|-damage|p1a: Komala|69/100|[from] Stealth Rock
|-ability|p1a: Komala|Comatose
|turn|15
|
|t:|1758942147
|switch|p1a: Muk|Muk, F|100/100
|-damage|p1a: Muk|88/100|[from] Stealth Rock
|switch|p2a: Palossand|Palossand, M|88/100
|
|-heal|p1a: Muk|94/100|[from] item: Black Sludge
|-heal|p2a: Palossand|94/100|[from] item: Leftovers
|upkeep
|turn|16
|
|t:|1758942154
|move|p1a: Muk|Curse|p1a: Muk
|-unboost|p1a: Muk|spe|1
|-boost|p1a: Muk|atk|1
|-boost|p1a: Muk|def|1
|move|p2a: Palossand|Earthquake|p1a: Muk
|-supereffective|p1a: Muk
|-damage|p1a: Muk|63/100
|
|-heal|p2a: Palossand|99/100|[from] item: Leftovers
|-heal|p1a: Muk|69/100|[from] item: Black Sludge
|upkeep
|turn|17
|
|t:|1758942163
|switch|p2a: Appletun|Appletun, F|100/100
|move|p1a: Muk|Curse|p1a: Muk
|-unboost|p1a: Muk|spe|1
|-boost|p1a: Muk|atk|1
|-boost|p1a: Muk|def|1
|
|-heal|p1a: Muk|75/100|[from] item: Black Sludge
|upkeep
|turn|18
|
|t:|1758942168
|move|p2a: Appletun|Leech Seed|p1a: Muk
|-start|p1a: Muk|move: Leech Seed
|move|p1a: Muk|Poison Jab|p2a: Appletun
|-supereffective|p2a: Appletun
|-damage|p2a: Appletun|0 fnt
|faint|p2a: Appletun
|
|-heal|p1a: Muk|81/100|[from] item: Black Sludge
|upkeep
|
|t:|1758942187
|switch|p2a: Muk|Muk, F|100/100
|turn|19
|
|t:|1758942192
|move|p2a: Muk|Knock Off|p1a: Muk
|-damage|p1a: Muk|70/100
|-enditem|p1a: Muk|Black Sludge|[from] move: Knock Off|[of] p2a: Muk
|move|p1a: Muk|Drain Punch|p2a: Muk
|-resisted|p2a: Muk
|-damage|p2a: Muk|75/100
|-heal|p1a: Muk|82/100|[from] drain|[of] p2a: Muk
|
|-damage|p1a: Muk|70/100|[from] Leech Seed|[of] p2a: Muk
|-heal|p2a: Muk|88/100|[silent]
|upkeep
|turn|20
|j| Glorp Florp
|inactive|senegal has 120 seconds left.
|
|t:|1758942222
|move|p2a: Muk|Fire Punch|p1a: Muk
|-damage|p1a: Muk|61/100
|move|p1a: Muk|Curse|p1a: Muk
|-unboost|p1a: Muk|spe|1
|-boost|p1a: Muk|atk|1
|-boost|p1a: Muk|def|1
|
|-damage|p1a: Muk|49/100|[from] Leech Seed|[of] p2a: Muk
|-heal|p2a: Muk|99/100|[silent]
|upkeep
|turn|21
|l| Glorp Florp
|
|t:|1758942230
|move|p2a: Muk|Fire Punch|p1a: Muk
|-damage|p1a: Muk|42/100
|move|p1a: Muk|Drain Punch|p2a: Muk
|-resisted|p2a: Muk
|-damage|p2a: Muk|70/100
|-heal|p1a: Muk|57/100|[from] drain|[of] p2a: Muk
|
|-damage|p1a: Muk|44/100|[from] Leech Seed|[of] p2a: Muk
|-heal|p2a: Muk|82/100|[silent]
|upkeep
|turn|22
|
|t:|1758942240
|move|p2a: Muk|Fire Punch|p1a: Muk
|-damage|p1a: Muk|37/100
|move|p1a: Muk|Drain Punch|p2a: Muk
|-resisted|p2a: Muk
|-damage|p2a: Muk|54/100
|-heal|p1a: Muk|51/100|[from] drain|[of] p2a: Muk
|
|-damage|p1a: Muk|39/100|[from] Leech Seed|[of] p2a: Muk
|-heal|p2a: Muk|66/100|[silent]
|upkeep
|turn|23
|inactive|senegal has 120 seconds left.
|
|t:|1758942265
|move|p2a: Muk|Fire Punch|p1a: Muk
|-damage|p1a: Muk|33/100
|move|p1a: Muk|Drain Punch|p2a: Muk
|-resisted|p2a: Muk
|-damage|p2a: Muk|36/100
|-heal|p1a: Muk|48/100|[from] drain|[of] p2a: Muk
|
|-damage|p1a: Muk|36/100|[from] Leech Seed|[of] p2a: Muk
|-heal|p2a: Muk|48/100|[silent]
|upkeep
|turn|24
|inactive|senegal has 120 seconds left.
|
|t:|1758942274
|move|p2a: Muk|Fire Punch|p1a: Muk
|-damage|p1a: Muk|29/100
|move|p1a: Muk|Drain Punch|p2a: Muk
|-resisted|p2a: Muk
|-damage|p2a: Muk|20/100
|-heal|p1a: Muk|43/100|[from] drain|[of] p2a: Muk
|
|-damage|p1a: Muk|31/100|[from] Leech Seed|[of] p2a: Muk
|-heal|p2a: Muk|32/100|[silent]
|upkeep
|turn|25
|
|t:|1758942283
|move|p2a: Muk|Fire Punch|p1a: Muk
|-damage|p1a: Muk|24/100
|move|p1a: Muk|Drain Punch|p2a: Muk
|-resisted|p2a: Muk
|-damage|p2a: Muk|1/100
|-heal|p1a: Muk|39/100|[from] drain|[of] p2a: Muk
|
|-damage|p1a: Muk|27/100|[from] Leech Seed|[of] p2a: Muk
|-heal|p2a: Muk|14/100|[silent]
|upkeep
|turn|26
|
|t:|1758942292
|move|p2a: Muk|Fire Punch|p1a: Muk
|-damage|p1a: Muk|20/100
|move|p1a: Muk|Drain Punch|p2a: Muk
|-resisted|p2a: Muk
|-damage|p2a: Muk|0 fnt
|-heal|p1a: Muk|26/100|[from] drain|[of] p2a: Muk
|faint|p2a: Muk
|
|upkeep
|
|t:|1758942296
|switch|p2a: Frosmoth|Frosmoth, F|43/100
|turn|27
|
|t:|1758942300
|move|p1a: Muk|Shadow Sneak|p2a: Frosmoth
|-damage|p2a: Frosmoth|1/100
|move|p2a: Frosmoth|Ice Beam|p1a: Muk
|-damage|p1a: Muk|0 fnt
|faint|p1a: Muk
|
|upkeep
|
|t:|1758942311
|switch|p1a: Decidueye|Decidueye, M|100/100
|-damage|p1a: Decidueye|88/100|[from] Stealth Rock
|turn|28
|l|☆senegal
|inactive|senegal disconnected and has a minute to reconnect!
|player|p2|
|j|☆senegal
|inactive|senegal reconnected and has 140 seconds left.
|player|p2|senegal|170|
|
|t:|1758942334
|move|p1a: Decidueye|U-turn|p2a: Frosmoth
|-crit|p2a: Frosmoth
|-damage|p2a: Frosmoth|0 fnt
|faint|p2a: Frosmoth
|
|t:|1758942345
|switch|p1a: Palossand|Palossand, M|57/100|[from] U-turn
|-damage|p1a: Palossand|50/100|[from] Stealth Rock
|
|-heal|p1a: Palossand|57/100|[from] item: Leftovers
|upkeep
|
|t:|1758942357
|switch|p2a: Decidueye|Decidueye, F|79/100
|turn|29
|
|t:|1758942377
|switch|p1a: Komala|Komala, F|69/100
|-damage|p1a: Komala|57/100|[from] Stealth Rock
|-ability|p1a: Komala|Comatose
|move|p2a: Decidueye|Swords Dance|p2a: Decidueye
|-boost|p2a: Decidueye|atk|2
|
|-heal|p1a: Komala|63/100|[from] item: Leftovers
|-heal|p2a: Decidueye|85/100|[from] item: Leftovers
|upkeep
|turn|30
|
|t:|1758942395
|-terastallize|p2a: Decidueye|Grass
|move|p1a: Komala|Bulk Up|p1a: Komala
|-boost|p1a: Komala|atk|1
|-boost|p1a: Komala|def|1
|move|p2a: Decidueye|Trailblaze|p1a: Komala
|-damage|p1a: Komala|0 fnt
|-boost|p2a: Decidueye|spe|1
|faint|p1a: Komala
|
|-heal|p2a: Decidueye|91/100|[from] item: Leftovers
|upkeep
|
|t:|1758942405
|switch|p1a: Decidueye|Decidueye, M|88/100
|-damage|p1a: Decidueye|76/100|[from] Stealth Rock
|turn|31
|
|t:|1758942409
|move|p2a: Decidueye|Spirit Shackle|p1a: Decidueye
|-supereffective|p1a: Decidueye
|-damage|p1a: Decidueye|0 fnt
|faint|p1a: Decidueye
|
|-heal|p2a: Decidueye|97/100|[from] item: Leftovers
|upkeep
|
|t:|1758942413
|switch|p1a: Appletun|Appletun, M|39/100
|-damage|p1a: Appletun|27/100|[from] Stealth Rock
|turn|32
|
|t:|1758942417
|move|p2a: Decidueye|Spirit Shackle|p1a: Appletun
|-damage|p1a: Appletun|0 fnt
|faint|p1a: Appletun
|
|-heal|p2a: Decidueye|100/100|[from] item: Leftovers
|upkeep
|
|t:|1758942419
|switch|p1a: Palossand|Palossand, M|57/100
|-damage|p1a: Palossand|50/100|[from] Stealth Rock
|turn|33
|
|t:|1758942433
|move|p2a: Decidueye|Spirit Shackle|p1a: Palossand
|-supereffective|p1a: Palossand
|-damage|p1a: Palossand|0 fnt
|faint|p1a: Palossand
|
|win|senegal
|n|☆PECRIO|pecrio
|n|*Lady Monita ☀|ladymonita
|n|☆senegal|senegal
