|badge|p2|silver|gen9randombattle|30-6
|uhtml|medal-msg|<div class="broadcast-blue">Curious what those medals under the avatar are? PS now has Ladder Seasons! For more information, check out the <a href="https://www.smogon.com/forums/threads/3740067/">thread on Smogon.</a></div>
|j|☆anewajou
|j|☆LordST
|t:|1759020691
|gametype|singles
|player|p1|anewajou|2|1317
|player|p2|LordST|#pu|1298
|gen|9
|tier|[Gen 9] OU
|rated|
|rule|HP Percentage Mod: HP is shown in percentages
|rule|Endless Battle Clause: Forcing endless battles is banned
|rule|Species Clause: Limit one of each Pokémon
|rule|OHKO Clause: OHKO moves are banned
|rule|Evasion Items Clause: Evasion items are banned
|rule|Evasion Moves Clause: Evasion moves are banned
|rule|Evasion Abilities Clause: Evasion abilities are banned
|rule|Sleep Moves Clause: Sleep-inducing moves are banned
|clearpoke
|poke|p1|Samurott-Hisui, M|
|poke|p1|Keldeo-Resolute|
|poke|p1|Corviknight, F|
|poke|p1|Pawmot, M|
|poke|p1|Garchomp, M|
|poke|p1|Enamorus, F|
|poke|p2|Samurott-Hisui, F|
|poke|p2|Iron Treads|
|poke|p2|Iron Valiant|
|poke|p2|Volcanion|
|poke|p2|Gholdengo|
|poke|p2|Tornadus-Therian, M|
|teampreview
|inactive|Battle timer is ON: inactive players will automatically lose when time's up. (requested by anewajou)
|inactive|LordST has 120 seconds left.
|
|t:|1759020753
|teamsize|p1|6
|teamsize|p2|6
|start
|switch|p1a: Garchomp|Garchomp, M|100/100
|switch|p2a: Tornadus|Tornadus-Therian, M|100/100
|turn|1
|
|t:|1759020762
|move|p2a: Tornadus|Taunt|p1a: Garchomp
|-start|p1a: Garchomp|move: Taunt
|cant|p1a: Garchomp|move: Taunt|Stealth Rock
|
|upkeep
|turn|2
|
|t:|1759020767
|move|p2a: Tornadus|Knock Off|p1a: Garchomp
|-damage|p1a: Garchomp|84/100
|-damage|p2a: Tornadus|88/100|[from] ability: Rough Skin|[of] p1a: Garchomp
|-damage|p2a: Tornadus|71/100|[from] item: Rocky Helmet|[of] p1a: Garchomp
|-enditem|p1a: Garchomp|Rocky Helmet|[from] move: Knock Off|[of] p2a: Tornadus
|move|p1a: Garchomp|Dragon Tail|p2a: Tornadus
|-damage|p2a: Tornadus|40/100
|drag|p2a: Samurott|Samurott-Hisui, F|100/100
|
|upkeep
|turn|3
|
|t:|1759020777
|move|p1a: Garchomp|Earthquake|p2a: Samurott
|-damage|p2a: Samurott|48/100
|move|p2a: Samurott|Ceaseless Edge|p1a: Garchomp
|-damage|p1a: Garchomp|49/100
|-damage|p2a: Samurott|36/100|[from] ability: Rough Skin|[of] p1a: Garchomp
|-sidestart|p1: anewajou|Spikes
|
|-end|p1a: Garchomp|move: Taunt
|upkeep
|turn|4
|
|t:|1759020788
|move|p1a: Garchomp|Stealth Rock|p2a: Samurott
|-sidestart|p2: LordST|move: Stealth Rock
|move|p2a: Samurott|Ceaseless Edge|p1a: Garchomp|[miss]
|-miss|p2a: Samurott|p1a: Garchomp
|
|upkeep
|turn|5
|
|t:|1759020796
|switch|p2a: Iron Treads|Iron Treads|100/100
|-damage|p2a: Iron Treads|97/100|[from] Stealth Rock
|-item|p2a: Iron Treads|Air Balloon
|move|p1a: Garchomp|Earthquake|p2a: Iron Treads
|-immune|p2a: Iron Treads
|
|upkeep
|turn|6
|
|t:|1759020803
|move|p2a: Iron Treads|Ice Spinner|p1a: Garchomp
|-supereffective|p1a: Garchomp
|-damage|p1a: Garchomp|0 fnt
|-damage|p2a: Iron Treads|85/100|[from] ability: Rough Skin|[of] p1a: Garchomp
|faint|p1a: Garchomp
|
|upkeep
|
|t:|1759020828
|switch|p1a: Keldeo|Keldeo-Resolute|100/100
|-damage|p1a: Keldeo|88/100|[from] Spikes
|turn|7
|
|t:|1759020838
|-end|p2a: Iron Treads|Quark Drive|[silent]
|switch|p2a: Samurott|Samurott-Hisui, F|36/100
|-damage|p2a: Samurott|23/100|[from] Stealth Rock
|move|p1a: Keldeo|Surf|p2a: Samurott
|-resisted|p2a: Samurott
|-damage|p2a: Samurott|0 fnt
|faint|p2a: Samurott
|
|upkeep
|
|t:|1759020845
|switch|p2a: Tornadus|Tornadus-Therian, M|73/100
|turn|8
|
|t:|1759020849
|switch|p1a: Corviknight|Corviknight, F|100/100
|-ability|p1a: Corviknight|Pressure
|move|p2a: Tornadus|U-turn|p1a: Corviknight
|-resisted|p1a: Corviknight
|-damage|p1a: Corviknight|98/100
|
|t:|1759020856
|switch|p2a: Volcanion|Volcanion|100/100|[from] U-turn
|
|-heal|p1a: Corviknight|100/100|[from] item: Leftovers
|upkeep
|turn|9
|
|t:|1759020860
|move|p1a: Corviknight|Protect|p1a: Corviknight
|-singleturn|p1a: Corviknight|Protect
|move|p2a: Volcanion|Will-O-Wisp|p1a: Corviknight
|-activate|p1a: Corviknight|move: Protect
|
|upkeep
|turn|10
|
|t:|1759020867
|switch|p1a: Keldeo|Keldeo-Resolute|88/100
|-damage|p1a: Keldeo|76/100|[from] Spikes
|move|p2a: Volcanion|Will-O-Wisp|p1a: Keldeo
|-status|p1a: Keldeo|brn
|
|-damage|p1a: Keldeo|70/100 brn|[from] brn
|upkeep
|turn|11
|
|t:|1759020869
|switch|p2a: Tornadus|Tornadus-Therian, M|100/100
|move|p1a: Keldeo|Secret Sword|p2a: Tornadus
|-resisted|p2a: Tornadus
|-damage|p2a: Tornadus|63/100
|
|-damage|p1a: Keldeo|63/100 brn|[from] brn
|upkeep
|turn|12
|
|t:|1759020879
|move|p2a: Tornadus|U-turn|p1a: Keldeo
|-resisted|p1a: Keldeo
|-damage|p1a: Keldeo|55/100 brn
|
|t:|1759020888
|switch|p2a: Iron Valiant|Iron Valiant|100/100|[from] U-turn
|-damage|p2a: Iron Valiant|94/100|[from] Stealth Rock
|-enditem|p2a: Iron Valiant|Booster Energy
|-activate|p2a: Iron Valiant|ability: Quark Drive|[fromitem]
|-start|p2a: Iron Valiant|quarkdrivespe
|move|p1a: Keldeo|Secret Sword|p2a: Iron Valiant
|-resisted|p2a: Iron Valiant
|-damage|p2a: Iron Valiant|53/100
|
|-damage|p1a: Keldeo|49/100 brn|[from] brn
|upkeep
|turn|13
|
|t:|1759020894
|switch|p1a: Corviknight|Corviknight, F|100/100
|-ability|p1a: Corviknight|Pressure
|move|p2a: Iron Valiant|Thunderbolt|p1a: Corviknight
|-supereffective|p1a: Corviknight
|-damage|p1a: Corviknight|61/100
|
|-heal|p1a: Corviknight|68/100|[from] item: Leftovers
|upkeep
|turn|14
|
|t:|1759020905
|move|p2a: Iron Valiant|Knock Off|p1a: Corviknight
|-damage|p1a: Corviknight|45/100
|-enditem|p1a: Corviknight|Leftovers|[from] move: Knock Off|[of] p2a: Iron Valiant
|move|p1a: Corviknight|Brave Bird|p2a: Iron Valiant
|-supereffective|p2a: Iron Valiant
|-damage|p2a: Iron Valiant|0 fnt
|faint|p2a: Iron Valiant
|-end|p2a: Iron Valiant|Quark Drive|[silent]
|-damage|p1a: Corviknight|32/100|[from] Recoil
|
|upkeep
|
|t:|1759020911
|switch|p2a: Volcanion|Volcanion|100/100
|turn|15
|
|t:|1759020918
|move|p2a: Volcanion|Flamethrower|p1a: Corviknight
|-supereffective|p1a: Corviknight
|-damage|p1a: Corviknight|0 fnt
|faint|p1a: Corviknight
|
|upkeep
|
|t:|1759020925
|switch|p1a: Samurott|Samurott-Hisui, M|100/100
|-damage|p1a: Samurott|88/100|[from] Spikes
|turn|16
|
|t:|1759020933
|move|p1a: Samurott|Ceaseless Edge|p2a: Volcanion
|-damage|p2a: Volcanion|61/100
|-sidestart|p2: LordST|Spikes
|move|p2a: Volcanion|Will-O-Wisp|p1a: Samurott
|-status|p1a: Samurott|brn
|
|-heal|p1a: Samurott|94/100 brn|[from] item: Leftovers
|-damage|p1a: Samurott|88/100 brn|[from] brn
|upkeep
|turn|17
|
|t:|1759020947
|switch|p2a: Iron Treads|Iron Treads|85/100
|-damage|p2a: Iron Treads|82/100|[from] Stealth Rock
|-item|p2a: Iron Treads|Air Balloon
|move|p1a: Samurott|Ceaseless Edge|p2a: Iron Treads
|-damage|p2a: Iron Treads|61/100
|-enditem|p2a: Iron Treads|Air Balloon
|-sidestart|p2: LordST|Spikes
|
|-heal|p1a: Samurott|94/100 brn|[from] item: Leftovers
|-damage|p1a: Samurott|88/100 brn|[from] brn
|upkeep
|turn|18
|
|t:|1759020954
|move|p2a: Iron Treads|Rapid Spin|p1a: Samurott
|-damage|p1a: Samurott|67/100 brn
|-boost|p2a: Iron Treads|spe|1
|-sideend|p2: LordST|Spikes|[from] move: Rapid Spin|[of] p2a: Iron Treads
|-sideend|p2: LordST|Stealth Rock|[from] move: Rapid Spin|[of] p2a: Iron Treads
|move|p1a: Samurott|Razor Shell|p2a: Iron Treads
|-supereffective|p2a: Iron Treads
|-damage|p2a: Iron Treads|10/100
|-unboost|p2a: Iron Treads|def|1
|
|-heal|p1a: Samurott|73/100 brn|[from] item: Leftovers
|-damage|p1a: Samurott|67/100 brn|[from] brn
|upkeep
|turn|19
|
|t:|1759020958
|move|p2a: Iron Treads|Stealth Rock|p1a: Samurott
|-sidestart|p1: anewajou|move: Stealth Rock
|move|p1a: Samurott|Ceaseless Edge|p2a: Iron Treads
|-damage|p2a: Iron Treads|0 fnt
|-sidestart|p2: LordST|Spikes
|faint|p2a: Iron Treads
|-end|p2a: Iron Treads|Quark Drive|[silent]
|
|-heal|p1a: Samurott|73/100 brn|[from] item: Leftovers
|-damage|p1a: Samurott|67/100 brn|[from] brn
|upkeep
|
|t:|1759020962
|switch|p2a: Tornadus|Tornadus-Therian, M|96/100
|turn|20
|inactive|anewajou has 120 seconds left.
|
|t:|1759020995
|move|p2a: Tornadus|Bleakwind Storm|p1a: Samurott
|-damage|p1a: Samurott|15/100 brn
|move|p1a: Samurott|Ceaseless Edge|p2a: Tornadus
|-damage|p2a: Tornadus|71/100
|-sidestart|p2: LordST|Spikes
|
|-heal|p1a: Samurott|21/100 brn|[from] item: Leftovers
|-damage|p1a: Samurott|15/100 brn|[from] brn
|upkeep
|turn|21
|
|t:|1759021001
|move|p2a: Tornadus|Knock Off|p1a: Samurott
|-resisted|p1a: Samurott
|-damage|p1a: Samurott|1/100 brn
|-enditem|p1a: Samurott|Leftovers|[from] move: Knock Off|[of] p2a: Tornadus
|move|p1a: Samurott|Razor Shell|p2a: Tornadus
|-damage|p2a: Tornadus|38/100
|
|-damage|p1a: Samurott|0 fnt|[from] brn
|faint|p1a: Samurott
|upkeep
|
|t:|1759021003
|switch|p1a: Pawmot|Pawmot, M|100/100
|-damage|p1a: Pawmot|88/100|[from] Spikes
|-damage|p1a: Pawmot|82/100|[from] Stealth Rock
|turn|22
|
|t:|1759021020
|move|p1a: Pawmot|Fake Out|p2a: Tornadus
|-damage|p2a: Tornadus|23/100
|cant|p2a: Tornadus|flinch
|
|upkeep
|turn|23
|
|t:|1759021030
|move|p2a: Tornadus|Bleakwind Storm|p1a: Pawmot|[miss]
|-miss|p2a: Tornadus|p1a: Pawmot
|move|p1a: Pawmot|Double Shock|p2a: Tornadus
|-supereffective|p2a: Tornadus
|-damage|p2a: Tornadus|0 fnt
|-start|p1a: Pawmot|typechange|???/Fighting|[from] move: Double Shock
|faint|p2a: Tornadus
|
|upkeep
|
|t:|1759021037
|switch|p2a: Gholdengo|Gholdengo|100/100
|-damage|p2a: Gholdengo|84/100|[from] Spikes
|turn|24
|
|t:|1759021046
|-terastallize|p2a: Gholdengo|Ghost
|move|p2a: Gholdengo|Shadow Ball|p1a: Pawmot
|-damage|p1a: Pawmot|0 fnt
|faint|p1a: Pawmot
|
|upkeep
|inactive|anewajou has 120 seconds left.
|
|t:|1759021071
|switch|p1a: Enamorus|Enamorus, F|100/100
|-damage|p1a: Enamorus|76/100|[from] Stealth Rock
|turn|25
|
|t:|1759021074
|-terastallize|p1a: Enamorus|Stellar
|move|p1a: Enamorus|Tera Blast|p2a: Gholdengo|[anim] Tera Blast Stellar
|-supereffective|p2a: Gholdengo
|-damage|p2a: Gholdengo|0 fnt
|-boost|p1a: Enamorus|atk|1
|-boost|p1a: Enamorus|spa|1
|faint|p2a: Gholdengo
|
|upkeep
|
|t:|1759021080
|switch|p2a: Volcanion|Volcanion|61/100
|turn|26
|
|t:|1759021081
|move|p1a: Enamorus|Tera Blast|p2a: Volcanion|[anim] Tera Blast Stellar
|-damage|p2a: Volcanion|2/100
|-boost|p1a: Enamorus|atk|1
|-boost|p1a: Enamorus|spa|1
|move|p2a: Volcanion|Sludge Wave|p1a: Enamorus
|-supereffective|p1a: Enamorus
|-damage|p1a: Enamorus|0 fnt
|faint|p1a: Enamorus
|
|upkeep
|
|t:|1759021083
|switch|p1a: Keldeo|Keldeo-Resolute|49/100 brn
|-damage|p1a: Keldeo|37/100 brn|[from] Spikes
|-damage|p1a: Keldeo|31/100 brn|[from] Stealth Rock
|turn|27
|-message|LordST forfeited.
|
|win|anewajou
|raw|anewajou's rating: 1317 &rarr; <strong>1336</strong><br />(+19 for winning)
|raw|LordST's rating: 1298 &rarr; <strong>1274</strong><br />(-24 for losing)
|l|☆LordST
|player|p2|
|l|☆anewajou
|player|p1|
