|j|☆ece0cijwe0
|j|☆bitter herbert
|t:|1758943608
|gametype|singles
|player|p1|ece0cijwe0|266|1379
|player|p2|bitter herbert|gentleman-gen4dp|1400
|gen|9
|tier|[Gen 9] OU
|rated|
|rule|HP Percentage Mod: HP is shown in percentages
|rule|Endless Battle Clause: Forcing endless battles is banned
|rule|Species Clause: Limit one of each Pokémon
|rule|OHKO Clause: OHKO moves are banned
|rule|Evasion Items Clause: Evasion items are banned
|rule|Evasion Moves Clause: Evasion moves are banned
|rule|Evasion Abilities Clause: Evasion abilities are banned
|rule|Sleep Moves Clause: Sleep-inducing moves are banned
|clearpoke
|poke|p1|Hoopa-Unbound|
|poke|p1|Iron Valiant|
|poke|p1|Landorus-Therian, M|
|poke|p1|Pecharunt|
|poke|p1|Alomomola, M|
|poke|p1|Cinderace, M|
|poke|p2|Ting-Lu|
|poke|p2|Dragonite, F|
|poke|p2|Zamazenta-*|
|poke|p2|Darkrai|
|poke|p2|Moltres|
|poke|p2|Slowking-Galar, M|
|teampreview
|inactive|Battle timer is ON: inactive players will automatically lose when time's up. (requested by bitter herbert)
|inactive|ece0cijwe0 has 120 seconds left.
|inactive|bitter herbert has 120 seconds left.
|
|t:|1758943667
|teamsize|p1|6
|teamsize|p2|6
|start
|switch|p1a: Landorus|Landorus-Therian, M|100/100
|switch|p2a: Ting-Lu|Ting-Lu|100/100
|-ability|p1a: Landorus|Intimidate|boost
|-unboost|p2a: Ting-Lu|atk|1
|-ability|p2a: Ting-Lu|Vessel of Ruin
|turn|1
|
|t:|1758943677
|move|p1a: Landorus|U-turn|p2a: Ting-Lu
|-supereffective|p2a: Ting-Lu
|-damage|p2a: Ting-Lu|69/100
|-enditem|p2a: Ting-Lu|Red Card|[of] p1a: Landorus
|drag|p1a: Hoopa|Hoopa-Unbound|100/100
|move|p2a: Ting-Lu|Stealth Rock|p1a: Hoopa
|-sidestart|p1: ece0cijwe0|move: Stealth Rock
|
|upkeep
|turn|2
|
|t:|1758943691
|move|p1a: Hoopa|Drain Punch|p2a: Ting-Lu
|-supereffective|p2a: Ting-Lu
|-damage|p2a: Ting-Lu|9/100
|move|p2a: Ting-Lu|Ruination|p1a: Hoopa
|-damage|p1a: Hoopa|51/100
|
|upkeep
|turn|3
|
|t:|1758943703
|move|p1a: Hoopa|Drain Punch|p2a: Ting-Lu
|-supereffective|p2a: Ting-Lu
|-damage|p2a: Ting-Lu|0 fnt
|-heal|p1a: Hoopa|58/100|[from] drain|[of] p2a: Ting-Lu
|faint|p2a: Ting-Lu
|
|upkeep
|inactive|bitter herbert has 120 seconds left.
|inactive|bitter herbert has 90 seconds left.
|
|t:|1758943764
|switch|p2a: Dragonite|Dragonite, F|100/100
|turn|4
|
|t:|1758943772
|switch|p1a: Pecharunt|Pecharunt|100/100
|move|p2a: Dragonite|Earthquake|p1a: Pecharunt
|-supereffective|p1a: Pecharunt
|-damage|p1a: Pecharunt|69/100
|
|upkeep
|turn|5
|
|t:|1758943778
|switch|p2a: Slowking|Slowking-Galar, M|100/100
|move|p1a: Pecharunt|Recover|p1a: Pecharunt
|-heal|p1a: Pecharunt|100/100
|
|upkeep
|turn|6
|
|t:|1758943781
|move|p1a: Pecharunt|Parting Shot|p2a: Slowking
|-unboost|p2a: Slowking|atk|1
|-unboost|p2a: Slowking|spa|1
|
|t:|1758943783
|switch|p1a: Cinderace|Cinderace, M|100/100|[from] Parting Shot
|move|p2a: Slowking|Psyshock|p1a: Cinderace
|-damage|p1a: Cinderace|69/100
|
|upkeep
|turn|7
|inactive|bitter herbert has 120 seconds left.
|
|t:|1758943794
|switch|p2a: Moltres|Moltres|100/100
|move|p1a: Cinderace|Court Change|p1a: Cinderace
|-start|p1a: Cinderace|typechange|Normal|[from] ability: Libero
|-swapsideconditions
|-activate|p1a: Cinderace|move: Court Change
|
|upkeep
|turn|8
|inactive|bitter herbert has 120 seconds left.
|
|t:|1758943804
|switch|p1a: Alomomola|Alomomola, M|100/100
|move|p2a: Moltres|Hurricane|p1a: Alomomola
|-damage|p1a: Alomomola|74/100
|
|upkeep
|turn|9
|inactive|bitter herbert has 120 seconds left.
|
|t:|1758943814
|move|p2a: Moltres|Will-O-Wisp|p1a: Alomomola
|-status|p1a: Alomomola|brn
|move|p1a: Alomomola|Flip Turn|p2a: Moltres
|-supereffective|p2a: Moltres
|-damage|p2a: Moltres|90/100
|
|t:|1758943819
|switch|p1a: Landorus|Landorus-Therian, M|100/100|[from] Flip Turn
|-ability|p1a: Landorus|Intimidate|boost
|-unboost|p2a: Moltres|atk|1
|
|upkeep
|turn|10
|inactive|bitter herbert has 120 seconds left.
|inactive|bitter herbert has 90 seconds left.
|
|t:|1758943883
|move|p1a: Landorus|Stone Edge|p2a: Moltres|[miss]
|-miss|p1a: Landorus|p2a: Moltres
|move|p2a: Moltres|Will-O-Wisp|p1a: Landorus
|-status|p1a: Landorus|brn
|
|-damage|p1a: Landorus|95/100 brn|[from] brn
|upkeep
|turn|11
|
|t:|1758943905
|switch|p2a: Darkrai|Darkrai|100/100
|move|p1a: Landorus|Stone Edge|p2a: Darkrai
|-damage|p2a: Darkrai|76/100
|
|-damage|p1a: Landorus|89/100 brn|[from] brn
|upkeep
|turn|12
|inactive|ece0cijwe0 has 120 seconds left.
|inactive|bitter herbert has 60 seconds left.
|
|t:|1758943931
|switch|p1a: Alomomola|Alomomola, M|100/100 brn
|move|p2a: Darkrai|Sludge Bomb|p1a: Alomomola
|-damage|p1a: Alomomola|83/100 brn
|
|-damage|p1a: Alomomola|77/100 brn|[from] brn
|upkeep
|turn|13
|inactive|ece0cijwe0 has 120 seconds left.
|inactive|bitter herbert has 60 seconds left.
|inactive|bitter herbert has 30 seconds left.
|inactive|bitter herbert has 20 seconds left.
|
|t:|1758943984
|move|p2a: Darkrai|Nasty Plot|p2a: Darkrai
|-boost|p2a: Darkrai|spa|2
|move|p1a: Alomomola|Flip Turn|p2a: Darkrai
|-damage|p2a: Darkrai|65/100
|
|t:|1758943987
|switch|p1a: Iron Valiant|Iron Valiant|100/100|[from] Flip Turn
|
|upkeep
|turn|14
|inactive|bitter herbert has 30 seconds left.
|
|t:|1758944001
|-terastallize|p2a: Darkrai|Poison
|move|p1a: Iron Valiant|Vacuum Wave|p2a: Darkrai
|-resisted|p2a: Darkrai
|-damage|p2a: Darkrai|44/100
|move|p2a: Darkrai|Sludge Bomb|p1a: Iron Valiant
|-supereffective|p1a: Iron Valiant
|-damage|p1a: Iron Valiant|0 fnt
|faint|p1a: Iron Valiant
|-end|p1a: Iron Valiant|Quark Drive|[silent]
|
|upkeep
|-message|ece0cijwe0 forfeited.
|
|win|bitter herbert
|raw|ece0cijwe0's rating: 1379 &rarr; <strong>1360</strong><br />(-19 for losing)
|raw|bitter herbert's rating: 1400 &rarr; <strong>1419</strong><br />(+19 for winning)
|l|☆ece0cijwe0
|player|p1|
