|badge|p2|silver|gen9doublesou|30-6
|uhtml|medal-msg|<div class="broadcast-blue">Curious what those medals under the avatar are? PS now has Ladder Seasons! For more information, check out the <a href="https://www.smogon.com/forums/threads/3740067/">thread on Smogon.</a></div>
|j|☆v1n001
|j|☆3idk
|t:|1758961184
|gametype|singles
|player|p1|v1n001|2|1643
|player|p2|3idk|cynthia-masters|1641
|gen|9
|tier|[Gen 9] OU
|rated|
|rule|HP Percentage Mod: HP is shown in percentages
|rule|Endless Battle Clause: Forcing endless battles is banned
|rule|Species Clause: Limit one of each Pokémon
|rule|OHKO Clause: OHKO moves are banned
|rule|Evasion Items Clause: Evasion items are banned
|rule|Evasion Moves Clause: Evasion moves are banned
|rule|Evasion Abilities Clause: Evasion abilities are banned
|rule|Sleep Moves Clause: Sleep-inducing moves are banned
|clearpoke
|poke|p1|Rillaboom, F|
|poke|p1|Hawlucha, F|
|poke|p1|Gholdengo|
|poke|p1|Heatran, F|
|poke|p1|Glimmora, F|
|poke|p1|Ogerpon-Wellspring, F|
|poke|p2|Pelipper, F|
|poke|p2|Hatterene, F|
|poke|p2|Iron Treads|
|poke|p2|Toxicroak, F|
|poke|p2|Barraskewda, F|
|poke|p2|Zapdos|
|teampreview
|inactive|Battle timer is ON: inactive players will automatically lose when time's up. (requested by v1n001)
|inactive|3idk also wants the timer to be on.
|
|t:|1758961201
|teamsize|p1|6
|teamsize|p2|6
|start
|switch|p1a: Glimmora|Glimmora, F, shiny|100/100
|switch|p2a: Barraskewda|Barraskewda, F|100/100
|turn|1
|
|t:|1758961208
|switch|p1a: Ogerpon|Ogerpon-Wellspring, F|100/100
|move|p2a: Barraskewda|Flip Turn|p1a: Ogerpon
|-immune|p1a: Ogerpon|[from] ability: Water Absorb
|
|upkeep
|turn|2
|
|t:|1758961213
|switch|p2a: Toxicroak|Toxicroak, F|100/100
|switch|p1a: Heatran|Heatran, F, shiny|100/100
|
|upkeep
|turn|3
|
|t:|1758961219
|switch|p2a: Pelipper|Pelipper, F|100/100
|-weather|RainDance|[from] ability: Drizzle|[of] p2a: Pelipper
|move|p1a: Heatran|Magma Storm|p2a: Pelipper|[miss]
|-miss|p1a: Heatran|p2a: Pelipper
|
|-weather|RainDance|[upkeep]
|upkeep
|turn|4
|
|t:|1758961228
|move|p1a: Heatran|Stealth Rock|p2a: Pelipper
|-sidestart|p2: 3idk|move: Stealth Rock
|move|p2a: Pelipper|U-turn|p1a: Heatran
|-resisted|p1a: Heatran
|-damage|p1a: Heatran|99/100
|
|t:|1758961235
|switch|p2a: Zapdos|Zapdos|100/100|[from] U-turn
|-damage|p2a: Zapdos|76/100|[from] Stealth Rock
|
|-weather|RainDance|[upkeep]
|-heal|p1a: Heatran|100/100|[from] item: Leftovers
|upkeep
|turn|5
|
|t:|1758961240
|move|p2a: Zapdos|Weather Ball|p1a: Heatran
|-supereffective|p1a: Heatran
|-damage|p1a: Heatran|6/100
|move|p1a: Heatran|Magma Storm|p2a: Zapdos
|-damage|p2a: Zapdos|53/100
|-activate|p2a: Zapdos|move: Magma Storm|[of] p1a: Heatran
|
|-weather|RainDance|[upkeep]
|-heal|p1a: Heatran|12/100|[from] item: Leftovers
|-damage|p2a: Zapdos|40/100|[from] move: Magma Storm|[partiallytrapped]
|upkeep
|turn|6
|inactive|3idk has 120 seconds left.
|
|t:|1758961299
|switch|p1a: Ogerpon|Ogerpon-Wellspring, F|100/100
|move|p2a: Zapdos|Weather Ball|p1a: Ogerpon
|-immune|p1a: Ogerpon|[from] ability: Water Absorb
|
|-weather|RainDance|[upkeep]
|-end|p2a: Zapdos|Magma Storm|[partiallytrapped]|[silent]
|upkeep
|turn|7
|
|t:|1758961309
|switch|p2a: Toxicroak|Toxicroak, F|100/100
|-damage|p2a: Toxicroak|94/100|[from] Stealth Rock
|switch|p1a: Rillaboom|Rillaboom, F, shiny|100/100
|-fieldstart|move: Grassy Terrain|[from] ability: Grassy Surge|[of] p1a: Rillaboom
|
|-weather|RainDance|[upkeep]
|-heal|p2a: Toxicroak|100/100|[from] ability: Dry Skin
|upkeep
|turn|8
|inactive|3idk has 90 seconds left.
|
|t:|1758961360
|switch|p1a: Heatran|Heatran, F, shiny|12/100
|move|p2a: Toxicroak|Knock Off|p1a: Heatran
|-damage|p1a: Heatran|0 fnt
|-enditem|p1a: Heatran|Leftovers|[from] move: Knock Off|[of] p2a: Toxicroak
|faint|p1a: Heatran
|
|-weather|RainDance|[upkeep]
|upkeep
|
|t:|1758961372
|switch|p1a: Glimmora|Glimmora, F, shiny|100/100
|turn|9
|
|t:|1758961376
|switch|p2a: Iron Treads|Iron Treads|100/100
|-damage|p2a: Iron Treads|98/100|[from] Stealth Rock
|move|p1a: Glimmora|Earth Power|p2a: Iron Treads
|-supereffective|p2a: Iron Treads
|-damage|p2a: Iron Treads|43/100
|
|-weather|RainDance|[upkeep]
|-heal|p2a: Iron Treads|49/100|[from] Grassy Terrain
|-heal|p2a: Iron Treads|55/100|[from] item: Leftovers
|upkeep
|turn|10
|
|t:|1758961381
|switch|p1a: Gholdengo|Gholdengo|100/100
|-enditem|p1a: Gholdengo|Grassy Seed
|-boost|p1a: Gholdengo|def|1|[from] item: Grassy Seed
|move|p2a: Iron Treads|Earthquake|p1a: Gholdengo
|-supereffective|p1a: Gholdengo
|-damage|p1a: Gholdengo|81/100
|
|-weather|none
|-heal|p2a: Iron Treads|61/100|[from] Grassy Terrain
|-heal|p2a: Iron Treads|67/100|[from] item: Leftovers
|-heal|p1a: Gholdengo|88/100|[from] Grassy Terrain
|upkeep
|turn|11
|
|t:|1758961387
|move|p2a: Iron Treads|Volt Switch|p1a: Gholdengo
|-damage|p1a: Gholdengo|77/100
|
|t:|1758961391
|-end|p2a: Iron Treads|Quark Drive|[silent]
|switch|p2a: Pelipper|Pelipper, F|100/100|[from] Volt Switch
|-damage|p2a: Pelipper|76/100|[from] Stealth Rock
|-weather|RainDance|[from] ability: Drizzle|[of] p2a: Pelipper
|move|p1a: Gholdengo|Nasty Plot|p1a: Gholdengo
|-boost|p1a: Gholdengo|spa|2
|
|-weather|RainDance|[upkeep]
|-heal|p1a: Gholdengo|84/100|[from] Grassy Terrain
|-fieldend|move: Grassy Terrain
|upkeep
|turn|12
|
|t:|1758961397
|switch|p2a: Hatterene|Hatterene, F|100/100
|-damage|p2a: Hatterene|88/100|[from] Stealth Rock
|move|p1a: Gholdengo|Shadow Ball|p2a: Hatterene
|-supereffective|p2a: Hatterene
|-damage|p2a: Hatterene|0 fnt
|faint|p2a: Hatterene
|
|-weather|RainDance|[upkeep]
|upkeep
|
|t:|1758961402
|switch|p2a: Zapdos|Zapdos|40/100
|-damage|p2a: Zapdos|15/100|[from] Stealth Rock
|turn|13
|
|t:|1758961418
|switch|p1a: Glimmora|Glimmora, F, shiny|100/100
|move|p2a: Zapdos|Thunder|p1a: Glimmora
|-damage|p1a: Glimmora|0 fnt
|faint|p1a: Glimmora
|
|-weather|RainDance|[upkeep]
|upkeep
|
|t:|1758961426
|switch|p1a: Rillaboom|Rillaboom, F, shiny|100/100
|-fieldstart|move: Grassy Terrain|[from] ability: Grassy Surge|[of] p1a: Rillaboom
|turn|14
|
|t:|1758961431
|switch|p1a: Gholdengo|Gholdengo|84/100
|move|p2a: Zapdos|Thunder|p1a: Gholdengo
|-damage|p1a: Gholdengo|3/100
|-status|p1a: Gholdengo|par
|
|-weather|RainDance|[upkeep]
|-heal|p1a: Gholdengo|9/100 par|[from] Grassy Terrain
|upkeep
|turn|15
|
|t:|1758961436
|move|p2a: Zapdos|Thunder|p1a: Gholdengo
|-damage|p1a: Gholdengo|0 fnt
|faint|p1a: Gholdengo
|
|-weather|RainDance|[upkeep]
|upkeep
|
|t:|1758961439
|switch|p1a: Hawlucha|Hawlucha, F, shiny|100/100
|-enditem|p1a: Hawlucha|Grassy Seed
|-boost|p1a: Hawlucha|def|1|[from] item: Grassy Seed
|turn|16
|
|t:|1758961443
|-terastallize|p1a: Hawlucha|Ground
|move|p1a: Hawlucha|Swords Dance|p1a: Hawlucha
|-boost|p1a: Hawlucha|atk|2
|move|p2a: Zapdos|Thunder|p1a: Hawlucha
|-immune|p1a: Hawlucha
|
|-weather|RainDance|[upkeep]
|upkeep
|turn|17
|
|t:|1758961449
|switch|p2a: Iron Treads|Iron Treads|67/100
|-damage|p2a: Iron Treads|64/100|[from] Stealth Rock
|move|p1a: Hawlucha|Swords Dance|p1a: Hawlucha
|-boost|p1a: Hawlucha|atk|2
|
|-weather|RainDance|[upkeep]
|-heal|p2a: Iron Treads|70/100|[from] Grassy Terrain
|-heal|p2a: Iron Treads|76/100|[from] item: Leftovers
|upkeep
|turn|18
|
|t:|1758961456
|-end|p2a: Iron Treads|Quark Drive|[silent]
|switch|p2a: Zapdos|Zapdos|15/100
|-damage|p2a: Zapdos|0 fnt|[from] Stealth Rock
|faint|p2a: Zapdos
|move|p1a: Hawlucha|Close Combat|p2: Zapdos|[notarget]
|-fail|p1a: Hawlucha
|
|-weather|none
|-fieldend|move: Grassy Terrain
|upkeep
|
|t:|1758961459
|switch|p2a: Barraskewda|Barraskewda, F|100/100
|-damage|p2a: Barraskewda|88/100|[from] Stealth Rock
|turn|19
|
|t:|1758961467
|switch|p2a: Pelipper|Pelipper, F|76/100
|-damage|p2a: Pelipper|51/100|[from] Stealth Rock
|-weather|RainDance|[from] ability: Drizzle|[of] p2a: Pelipper
|move|p1a: Hawlucha|Acrobatics|p2a: Pelipper
|-damage|p2a: Pelipper|0 fnt
|faint|p2a: Pelipper
|
|-weather|RainDance|[upkeep]
|upkeep
|
|t:|1758961471
|switch|p2a: Barraskewda|Barraskewda, F|88/100
|-damage|p2a: Barraskewda|76/100|[from] Stealth Rock
|turn|20
|c|☆3idk|og
|c|☆3idk|ggs
|
|t:|1758961478
|switch|p1a: Ogerpon|Ogerpon-Wellspring, F|100/100
|-terastallize|p2a: Barraskewda|Water
|move|p2a: Barraskewda|Aqua Jet|p1a: Ogerpon
|-immune|p1a: Ogerpon|[from] ability: Water Absorb
|
|-weather|RainDance|[upkeep]
|upkeep
|turn|21
|
|t:|1758961482
|switch|p2a: Toxicroak|Toxicroak, F|100/100
|-damage|p2a: Toxicroak|94/100|[from] Stealth Rock
|switch|p1a: Hawlucha|Hawlucha, F, shiny, tera:Ground|100/100
|
|-weather|RainDance|[upkeep]
|-heal|p2a: Toxicroak|100/100|[from] ability: Dry Skin
|upkeep
|turn|22
|
|t:|1758961487
|move|p1a: Hawlucha|Acrobatics|p2a: Toxicroak
|-supereffective|p2a: Toxicroak
|-damage|p2a: Toxicroak|3/100
|-damage|p1a: Hawlucha|84/100|[from] item: Rocky Helmet|[of] p2a: Toxicroak
|move|p2a: Toxicroak|Encore|p1a: Hawlucha
|-start|p1a: Hawlucha|Encore
|
|-weather|RainDance|[upkeep]
|-heal|p2a: Toxicroak|15/100|[from] ability: Dry Skin
|upkeep
|turn|23
|
|t:|1758961493
|switch|p2a: Iron Treads|Iron Treads|76/100
|-damage|p2a: Iron Treads|73/100|[from] Stealth Rock
|move|p1a: Hawlucha|Acrobatics|p2a: Iron Treads
|-resisted|p2a: Iron Treads
|-crit|p2a: Iron Treads
|-damage|p2a: Iron Treads|43/100
|
|-weather|RainDance|[upkeep]
|-heal|p2a: Iron Treads|49/100|[from] item: Leftovers
|upkeep
|turn|24
|
|t:|1758961498
|switch|p1a: Ogerpon|Ogerpon-Wellspring, F|100/100
|move|p2a: Iron Treads|Volt Switch|p1a: Ogerpon
|-damage|p1a: Ogerpon|88/100
|
|t:|1758961501
|-end|p2a: Iron Treads|Quark Drive|[silent]
|switch|p2a: Toxicroak|Toxicroak, F|15/100|[from] Volt Switch
|-damage|p2a: Toxicroak|9/100|[from] Stealth Rock
|
|-weather|RainDance|[upkeep]
|-heal|p2a: Toxicroak|22/100|[from] ability: Dry Skin
|upkeep
|turn|25
|
|t:|1758961506
|move|p1a: Ogerpon|Swords Dance|p1a: Ogerpon
|-boost|p1a: Ogerpon|atk|2
|move|p2a: Toxicroak|Drain Punch|p1a: Ogerpon
|-damage|p1a: Ogerpon|52/100
|-heal|p2a: Toxicroak|36/100|[from] drain|[of] p1a: Ogerpon
|
|-weather|RainDance|[upkeep]
|-heal|p2a: Toxicroak|49/100|[from] ability: Dry Skin
|upkeep
|turn|26
|
|t:|1758961510
|move|p1a: Ogerpon|Trailblaze|p2a: Toxicroak
|-resisted|p2a: Toxicroak
|-damage|p2a: Toxicroak|18/100
|-boost|p1a: Ogerpon|spe|1
|-damage|p1a: Ogerpon|35/100|[from] item: Rocky Helmet|[of] p2a: Toxicroak
|move|p2a: Toxicroak|Drain Punch|p1a: Ogerpon
|-damage|p1a: Ogerpon|0 fnt
|-heal|p2a: Toxicroak|32/100|[from] drain|[of] p1a: Ogerpon
|faint|p1a: Ogerpon
|
|-weather|none
|upkeep
|
|t:|1758961513
|switch|p1a: Rillaboom|Rillaboom, F, shiny|100/100
|-fieldstart|move: Grassy Terrain|[from] ability: Grassy Surge|[of] p1a: Rillaboom
|turn|27
|
|t:|1758961517
|switch|p1a: Hawlucha|Hawlucha, F, shiny, tera:Ground|84/100
|move|p2a: Toxicroak|Drain Punch|p1a: Hawlucha
|-damage|p1a: Hawlucha|47/100
|-heal|p2a: Toxicroak|48/100|[from] drain|[of] p1a: Hawlucha
|
|-heal|p1a: Hawlucha|54/100|[from] Grassy Terrain
|-heal|p2a: Toxicroak|54/100|[from] Grassy Terrain
|upkeep
|turn|28
|
|t:|1758961524
|switch|p2a: Iron Treads|Iron Treads|49/100
|-damage|p2a: Iron Treads|46/100|[from] Stealth Rock
|move|p1a: Hawlucha|Acrobatics|p2a: Iron Treads
|-resisted|p2a: Iron Treads
|-damage|p2a: Iron Treads|28/100
|
|-heal|p1a: Hawlucha|60/100|[from] Grassy Terrain
|-heal|p2a: Iron Treads|34/100|[from] Grassy Terrain
|-heal|p2a: Iron Treads|40/100|[from] item: Leftovers
|upkeep
|turn|29
|
|t:|1758961529
|move|p1a: Hawlucha|Close Combat|p2a: Iron Treads
|-supereffective|p2a: Iron Treads
|-damage|p2a: Iron Treads|0 fnt
|-unboost|p1a: Hawlucha|def|1
|-unboost|p1a: Hawlucha|spd|1
|faint|p2a: Iron Treads
|-end|p2a: Iron Treads|Quark Drive|[silent]
|
|-heal|p1a: Hawlucha|66/100|[from] Grassy Terrain
|upkeep
|
|t:|1758961532
|switch|p2a: Barraskewda|Barraskewda, F, tera:Water|76/100
|-damage|p2a: Barraskewda|64/100|[from] Stealth Rock
|turn|30
|
|t:|1758961535
|switch|p1a: Rillaboom|Rillaboom, F, shiny|100/100
|move|p2a: Barraskewda|Flip Turn|p1a: Rillaboom
|-resisted|p1a: Rillaboom
|-damage|p1a: Rillaboom|68/100
|
|t:|1758961538
|switch|p2a: Toxicroak|Toxicroak, F|54/100|[from] Flip Turn
|-damage|p2a: Toxicroak|48/100|[from] Stealth Rock
|
|-heal|p1a: Rillaboom|74/100|[from] Grassy Terrain
|-heal|p2a: Toxicroak|54/100|[from] Grassy Terrain
|upkeep
|turn|31
|
|t:|1758961541
|switch|p1a: Hawlucha|Hawlucha, F, shiny, tera:Ground|66/100
|move|p2a: Toxicroak|Drain Punch|p1a: Hawlucha
|-damage|p1a: Hawlucha|30/100
|-heal|p2a: Toxicroak|69/100|[from] drain|[of] p1a: Hawlucha
|
|-heal|p1a: Hawlucha|36/100|[from] Grassy Terrain
|-heal|p2a: Toxicroak|75/100|[from] Grassy Terrain
|-fieldend|move: Grassy Terrain
|upkeep
|turn|32
|
|t:|1758961546
|switch|p2a: Barraskewda|Barraskewda, F, tera:Water|64/100
|-damage|p2a: Barraskewda|52/100|[from] Stealth Rock
|move|p1a: Hawlucha|Acrobatics|p2a: Barraskewda
|-damage|p2a: Barraskewda|0 fnt
|faint|p2a: Barraskewda
|
|upkeep
|-message|3idk forfeited.
|
|win|v1n001
|raw|v1n001's rating: 1643 &rarr; <strong>1663</strong><br />(+20 for winning)
|raw|3idk's rating: 1641 &rarr; <strong>1621</strong><br />(-20 for losing)
|l|☆3idk
|player|p2|
|l|☆v1n001
|player|p1|
