|j|☆pablo honey
|j|☆lolimdabeast
|t:|1758951032
|gametype|singles
|player|p1|pablo honey|lucas|1375
|player|p2|lolimdabeast|lady-gen4|1388
|gen|9
|tier|[Gen 9] OU
|rated|
|rule|HP Percentage Mod: HP is shown in percentages
|rule|Endless Battle Clause: Forcing endless battles is banned
|rule|Species Clause: Limit one of each Pokémon
|rule|OHKO Clause: OHKO moves are banned
|rule|Evasion Items Clause: Evasion items are banned
|rule|Evasion Moves Clause: Evasion moves are banned
|rule|Evasion Abilities Clause: Evasion abilities are banned
|rule|Sleep Moves Clause: Sleep-inducing moves are banned
|clearpoke
|poke|p1|Landorus-Therian, M|
|poke|p1|Samurott-Hisui, M|
|poke|p1|Pecharunt|
|poke|p1|Scizor, M|
|poke|p1|Latios, M|
|poke|p1|Zamazenta-*|
|poke|p2|Landorus-Therian, M|
|poke|p2|Ogerpon-Wellspring, F|
|poke|p2|Ribombee, F|
|poke|p2|Serperior, F|
|poke|p2|Weavile, F|
|poke|p2|Iron Moth|
|teampreview
|inactive|Battle timer is ON: inactive players will automatically lose when time's up. (requested by lolimdabeast)
|
|t:|1758951039
|teamsize|p1|6
|teamsize|p2|6
|start
|switch|p1a: Landorus|Landorus-Therian, M|100/100
|switch|p2a: Ribombee|Ribombee, F|100/100
|-ability|p1a: Landorus|Intimidate|boost
|-unboost|p2a: Ribombee|atk|1
|turn|1
|
|t:|1758951051
|move|p2a: Ribombee|Sticky Web|p1a: Landorus
|-sidestart|p1: pablo honey|move: Sticky Web
|move|p1a: Landorus|Stealth Rock|p2a: Ribombee
|-sidestart|p2: lolimdabeast|move: Stealth Rock
|
|upkeep
|turn|2
|
|t:|1758951056
|move|p2a: Ribombee|Moonblast|p1a: Landorus
|-damage|p1a: Landorus|55/100
|-unboost|p1a: Landorus|spa|1
|move|p1a: Landorus|Earthquake|p2a: Ribombee
|-resisted|p2a: Ribombee
|-damage|p2a: Ribombee|56/100
|
|upkeep
|turn|3
|
|t:|1758951060
|move|p2a: Ribombee|Moonblast|p1a: Landorus
|-damage|p1a: Landorus|10/100
|move|p1a: Landorus|U-turn|p2a: Ribombee
|-resisted|p2a: Ribombee
|-damage|p2a: Ribombee|34/100
|
|t:|1758951066
|switch|p1a: Scizor|Scizor, M|100/100|[from] U-turn
|
|upkeep
|turn|4
|
|t:|1758951071
|switch|p2a: Iron Moth|Iron Moth|100/100
|-damage|p2a: Iron Moth|76/100|[from] Stealth Rock
|-enditem|p2a: Iron Moth|Booster Energy
|-activate|p2a: Iron Moth|ability: Quark Drive|[fromitem]
|-start|p2a: Iron Moth|quarkdrivespa
|move|p1a: Scizor|Swords Dance|p1a: Scizor
|-boost|p1a: Scizor|atk|2
|
|upkeep
|turn|5
|
|t:|1758951077
|move|p1a: Scizor|Bullet Punch|p2a: Iron Moth
|-resisted|p2a: Iron Moth
|-damage|p2a: Iron Moth|18/100
|move|p2a: Iron Moth|Fiery Dance|p1a: Scizor
|-supereffective|p1a: Scizor
|-damage|p1a: Scizor|0 fnt
|-boost|p2a: Iron Moth|spa|1
|faint|p1a: Scizor
|
|upkeep
|
|t:|1758951087
|switch|p1a: Samurott|Samurott-Hisui, M|100/100
|-activate|p1a: Samurott|move: Sticky Web
|-unboost|p1a: Samurott|spe|1
|turn|6
|
|t:|1758951095
|move|p2a: Iron Moth|Sludge Wave|p1a: Samurott
|-damage|p1a: Samurott|3/100
|move|p1a: Samurott|Ceaseless Edge|p2a: Iron Moth
|-damage|p2a: Iron Moth|0 fnt
|-sidestart|p2: lolimdabeast|Spikes
|faint|p2a: Iron Moth
|-end|p2a: Iron Moth|Quark Drive|[silent]
|
|upkeep
|
|t:|1758951107
|switch|p2a: Ogerpon|Ogerpon-Wellspring, F|100/100
|-damage|p2a: Ogerpon|88/100|[from] Stealth Rock
|-damage|p2a: Ogerpon|76/100|[from] Spikes
|turn|7
|
|t:|1758951116
|switch|p1a: Pecharunt|Pecharunt|100/100
|move|p2a: Ogerpon|Ivy Cudgel|p1a: Pecharunt|[anim] Ivy Cudgel Water
|-damage|p1a: Pecharunt|63/100
|
|upkeep
|turn|8
|
|t:|1758951124
|switch|p2a: Ribombee|Ribombee, F|34/100
|-damage|p2a: Ribombee|9/100|[from] Stealth Rock
|-damage|p2a: Ribombee|0 fnt|[from] Spikes
|faint|p2a: Ribombee
|move|p1a: Pecharunt|Recover|p1a: Pecharunt
|-heal|p1a: Pecharunt|100/100
|
|upkeep
|
|t:|1758951130
|switch|p2a: Landorus|Landorus-Therian, M|100/100
|-damage|p2a: Landorus|88/100|[from] Stealth Rock
|-ability|p2a: Landorus|Intimidate|boost
|-unboost|p1a: Pecharunt|atk|1
|turn|9
|
|t:|1758951140
|-terastallize|p1a: Pecharunt|Ghost
|move|p2a: Landorus|Swords Dance|p2a: Landorus
|-boost|p2a: Landorus|atk|2
|move|p1a: Pecharunt|Malignant Chain|p2a: Landorus
|-resisted|p2a: Landorus
|-damage|p2a: Landorus|68/100
|
|upkeep
|turn|10
|
|t:|1758951147
|move|p2a: Landorus|Earthquake|p1a: Pecharunt
|-damage|p1a: Pecharunt|28/100
|move|p1a: Pecharunt|Parting Shot|p2a: Landorus
|-unboost|p2a: Landorus|atk|1
|-unboost|p2a: Landorus|spa|1
|
|t:|1758951154
|switch|p1a: Latios|Latios, M|100/100|[from] Parting Shot
|
|upkeep
|turn|11
|
|t:|1758951160
|move|p1a: Latios|Draco Meteor|p2a: Landorus
|-damage|p2a: Landorus|0 fnt
|-unboost|p1a: Latios|spa|2
|faint|p2a: Landorus
|
|upkeep
|
|t:|1758951166
|switch|p2a: Ogerpon|Ogerpon-Wellspring, F|76/100
|-damage|p2a: Ogerpon|64/100|[from] Stealth Rock
|-damage|p2a: Ogerpon|51/100|[from] Spikes
|turn|12
|
|t:|1758951175
|switch|p1a: Samurott|Samurott-Hisui, M|3/100
|-activate|p1a: Samurott|move: Sticky Web
|-unboost|p1a: Samurott|spe|1
|move|p2a: Ogerpon|Ivy Cudgel|p1a: Samurott|[anim] Ivy Cudgel Water
|-resisted|p1a: Samurott
|-crit|p1a: Samurott
|-damage|p1a: Samurott|0 fnt
|faint|p1a: Samurott
|
|upkeep
|
|t:|1758951178
|switch|p1a: Zamazenta|Zamazenta|100/100
|-activate|p1a: Zamazenta|move: Sticky Web
|-unboost|p1a: Zamazenta|spe|1
|-ability|p1a: Zamazenta|Dauntless Shield|boost
|-boost|p1a: Zamazenta|def|1
|turn|13
|
|t:|1758951182
|move|p2a: Ogerpon|Ivy Cudgel|p1a: Zamazenta|[anim] Ivy Cudgel Water
|-crit|p1a: Zamazenta
|-damage|p1a: Zamazenta|38/100
|move|p1a: Zamazenta|Iron Defense|p1a: Zamazenta
|-boost|p1a: Zamazenta|def|2
|
|-heal|p1a: Zamazenta|44/100|[from] item: Leftovers
|upkeep
|turn|14
|
|t:|1758951187
|move|p2a: Ogerpon|Encore|p1a: Zamazenta
|-start|p1a: Zamazenta|Encore
|move|p1a: Zamazenta|Iron Defense|p1a: Zamazenta
|-boost|p1a: Zamazenta|def|2
|
|-heal|p1a: Zamazenta|50/100|[from] item: Leftovers
|upkeep
|turn|15
|
|t:|1758951190
|switch|p1a: Landorus|Landorus-Therian, M|10/100
|-ability|p1a: Landorus|Intimidate|boost
|-unboost|p2a: Ogerpon|atk|1
|move|p2a: Ogerpon|Ivy Cudgel|p1a: Landorus|[anim] Ivy Cudgel Water
|-supereffective|p1a: Landorus
|-damage|p1a: Landorus|0 fnt
|faint|p1a: Landorus
|
|upkeep
|
|t:|1758951192
|switch|p1a: Latios|Latios, M|100/100
|turn|16
|
|t:|1758951196
|move|p2a: Ogerpon|Ivy Cudgel|p1a: Latios|[anim] Ivy Cudgel Water
|-resisted|p1a: Latios
|-damage|p1a: Latios|73/100
|move|p1a: Latios|Draco Meteor|p2a: Ogerpon
|-damage|p2a: Ogerpon|0 fnt
|-unboost|p1a: Latios|spa|2
|faint|p2a: Ogerpon
|
|upkeep
|
|t:|1758951202
|switch|p2a: Weavile|Weavile, F|100/100
|-damage|p2a: Weavile|76/100|[from] Stealth Rock
|-damage|p2a: Weavile|63/100|[from] Spikes
|-ability|p2a: Weavile|Pressure
|turn|17
|
|t:|1758951212
|-terastallize|p2a: Weavile|Ice
|move|p2a: Weavile|Ice Shard|p1a: Latios
|-supereffective|p1a: Latios
|-damage|p1a: Latios|0 fnt
|faint|p1a: Latios
|-damage|p2a: Weavile|53/100|[from] item: Life Orb
|
|upkeep
|
|t:|1758951218
|switch|p1a: Pecharunt|Pecharunt, tera:Ghost|28/100
|turn|18
|
|t:|1758951221
|move|p2a: Weavile|Knock Off|p1a: Pecharunt
|-supereffective|p1a: Pecharunt
|-damage|p1a: Pecharunt|0 fnt
|-enditem|p1a: Pecharunt|Heavy-Duty Boots|[from] move: Knock Off|[of] p2a: Weavile
|faint|p1a: Pecharunt
|-damage|p2a: Weavile|43/100|[from] item: Life Orb
|
|upkeep
|
|t:|1758951224
|switch|p1a: Zamazenta|Zamazenta|50/100
|-activate|p1a: Zamazenta|move: Sticky Web
|-unboost|p1a: Zamazenta|spe|1
|turn|19
|
|t:|1758951229
|move|p2a: Weavile|Triple Axel|p1a: Zamazenta
|-damage|p1a: Zamazenta|37/100
|-damage|p1a: Zamazenta|14/100
|-damage|p1a: Zamazenta|0 fnt
|faint|p1a: Zamazenta
|-hitcount|p1: Zamazenta|3
|-damage|p2a: Weavile|33/100|[from] item: Life Orb
|
|win|lolimdabeast
|raw|pablo honey's rating: 1375 &rarr; <strong>1356</strong><br />(-19 for losing)
|raw|lolimdabeast's rating: 1388 &rarr; <strong>1407</strong><br />(+19 for winning)
|l|☆lolimdabeast
|player|p2|
|l|☆pablo honey
|player|p1|
