|j|☆Akonda7
|j|☆noon tide pearl
|t:|1759055225
|gametype|singles
|player|p1|Akonda7|veteran|1282
|player|p2|noon tide pearl|shadowtriad|1294
|gen|9
|tier|[Gen 9] OU
|rated|
|rule|HP Percentage Mod: HP is shown in percentages
|rule|Endless Battle Clause: Forcing endless battles is banned
|rule|Species Clause: Limit one of each Pokémon
|rule|OHKO Clause: OHKO moves are banned
|rule|Evasion Items Clause: Evasion items are banned
|rule|Evasion Moves Clause: Evasion moves are banned
|rule|Evasion Abilities Clause: Evasion abilities are banned
|rule|Sleep Moves Clause: Sleep-inducing moves are banned
|clearpoke
|poke|p1|Torkoal, M|
|poke|p1|Walking Wake|
|poke|p1|Great Tusk|
|poke|p1|Dragapult, F|
|poke|p1|Kingambit, M|
|poke|p1|Raging Bolt|
|poke|p2|Frosmoth, F|
|poke|p2|Pincurchin, F|
|poke|p2|Raichu-Alola, M|
|poke|p2|Iron Hands|
|poke|p2|Rotom-Wash|
|poke|p2|Pawmot, F|
|teampreview
|inactive|Battle timer is ON: inactive players will automatically lose when time's up. (requested by Akonda7)
|
|t:|1759055258
|teamsize|p1|6
|teamsize|p2|6
|start
|switch|p1a: Torkoal|Torkoal, M, shiny|100/100
|switch|p2a: Rotom|Rotom-Wash|100/100
|-weather|SunnyDay|[from] ability: Drought|[of] p1a: Torkoal
|turn|1
|
|t:|1759055265
|switch|p1a: Dragapult|Dragapult, F, shiny|100/100
|move|p2a: Rotom|Light Screen|p2a: Rotom
|-sidestart|p2: noon tide pearl|move: Light Screen
|
|-weather|SunnyDay|[upkeep]
|upkeep
|turn|2
|
|t:|1759055271
|move|p1a: Dragapult|Thunderbolt|p2a: Rotom
|-damage|p2a: Rotom|71/100
|move|p2a: Rotom|Reflect|p2a: Rotom
|-sidestart|p2: noon tide pearl|Reflect
|
|-weather|SunnyDay|[upkeep]
|upkeep
|turn|3
|
|t:|1759055274
|move|p1a: Dragapult|Thunderbolt|p2a: Rotom
|-damage|p2a: Rotom|44/100
|move|p2a: Rotom|Volt Switch|p1a: Dragapult
|-resisted|p1a: Dragapult
|-damage|p1a: Dragapult|85/100
|
|t:|1759055283
|switch|p2a: Pincurchin|Pincurchin, F|100/100|[from] Volt Switch
|-fieldstart|move: Electric Terrain|[from] ability: Electric Surge|[of] p2a: Pincurchin
|
|-weather|SunnyDay|[upkeep]
|upkeep
|turn|4
|
|t:|1759055299
|move|p1a: Dragapult|Draco Meteor|p2a: Pincurchin
|-damage|p2a: Pincurchin|23/100
|-unboost|p1a: Dragapult|spa|2
|move|p2a: Pincurchin|Thunder Wave|p1a: Dragapult
|-status|p1a: Dragapult|par
|
|-weather|SunnyDay|[upkeep]
|upkeep
|turn|5
|
|t:|1759055307
|switch|p2a: Frosmoth|Frosmoth, F, shiny|100/100
|move|p1a: Dragapult|Draco Meteor|p2a: Frosmoth
|-damage|p2a: Frosmoth|82/100
|-unboost|p1a: Dragapult|spa|2
|
|-weather|SunnyDay|[upkeep]
|upkeep
|turn|6
|
|t:|1759055313
|switch|p1a: Kingambit|Kingambit, M, shiny|100/100
|move|p2a: Frosmoth|Quiver Dance|p2a: Frosmoth
|-boost|p2a: Frosmoth|spa|1
|-boost|p2a: Frosmoth|spd|1
|-boost|p2a: Frosmoth|spe|1
|
|-weather|SunnyDay|[upkeep]
|upkeep
|turn|7
|
|t:|1759055323
|-terastallize|p2a: Frosmoth|Electric
|move|p2a: Frosmoth|Quiver Dance|p2a: Frosmoth
|-boost|p2a: Frosmoth|spa|1
|-boost|p2a: Frosmoth|spd|1
|-boost|p2a: Frosmoth|spe|1
|move|p1a: Kingambit|Iron Head|p2a: Frosmoth
|-resisted|p2a: Frosmoth
|-damage|p2a: Frosmoth|57/100
|-damage|p1a: Kingambit|91/100|[from] item: Life Orb
|
|-weather|SunnyDay|[upkeep]
|upkeep
|turn|8
|
|t:|1759055336
|move|p2a: Frosmoth|Tera Blast|p1a: Kingambit|[anim] Tera Blast Electric
|-damage|p1a: Kingambit|0 fnt
|faint|p1a: Kingambit
|
|-weather|none
|-sideend|p2: noon tide pearl|move: Light Screen
|upkeep
|
|t:|1759055340
|switch|p1a: Great Tusk|Great Tusk|100/100
|turn|9
|
|t:|1759055345
|move|p2a: Frosmoth|Ice Beam|p1a: Great Tusk
|-supereffective|p1a: Great Tusk
|-damage|p1a: Great Tusk|0 fnt
|faint|p1a: Great Tusk
|-end|p1a: Great Tusk|Protosynthesis|[silent]
|
|-sideend|p2: noon tide pearl|Reflect
|upkeep
|
|t:|1759055349
|switch|p1a: Torkoal|Torkoal, M, shiny|100/100
|-weather|SunnyDay|[from] ability: Drought|[of] p1a: Torkoal
|turn|10
|
|t:|1759055355
|move|p2a: Frosmoth|Tera Blast|p1a: Torkoal|[anim] Tera Blast Electric
|-damage|p1a: Torkoal|11/100
|move|p1a: Torkoal|Body Press|p2a: Frosmoth
|-damage|p2a: Frosmoth|15/100
|
|-weather|SunnyDay|[upkeep]
|-fieldend|move: Electric Terrain
|upkeep
|turn|11
|
|t:|1759055361
|move|p2a: Frosmoth|Ice Beam|p1a: Torkoal
|-resisted|p1a: Torkoal
|-damage|p1a: Torkoal|0 fnt
|faint|p1a: Torkoal
|
|-weather|SunnyDay|[upkeep]
|upkeep
|
|t:|1759055367
|switch|p1a: Walking Wake|Walking Wake|100/100
|-activate|p1a: Walking Wake|ability: Protosynthesis
|-start|p1a: Walking Wake|protosynthesisspe
|turn|12
|
|t:|1759055371
|-terastallize|p1a: Walking Wake|Water
|move|p1a: Walking Wake|Hydro Steam|p2a: Frosmoth
|-damage|p2a: Frosmoth|0 fnt
|faint|p2a: Frosmoth
|
|-weather|SunnyDay|[upkeep]
|upkeep
|
|t:|1759055376
|switch|p2a: Rotom|Rotom-Wash|44/100
|turn|13
|
|t:|1759055384
|move|p1a: Walking Wake|Hydro Steam|p2a: Rotom
|-resisted|p2a: Rotom
|-damage|p2a: Rotom|0 fnt
|faint|p2a: Rotom
|
|-weather|SunnyDay|[upkeep]
|upkeep
|
|t:|1759055388
|switch|p2a: Pincurchin|Pincurchin, F|23/100
|-fieldstart|move: Electric Terrain|[from] ability: Electric Surge|[of] p2a: Pincurchin
|turn|14
|
|t:|1759055395
|move|p1a: Walking Wake|Hydro Steam|p2a: Pincurchin
|-damage|p2a: Pincurchin|0 fnt
|faint|p2a: Pincurchin
|
|-weather|SunnyDay|[upkeep]
|upkeep
|
|t:|1759055421
|switch|p2a: Raichu|Raichu-Alola, M|100/100
|turn|15
|
|t:|1759055434
|move|p2a: Raichu|Thunderbolt|p1a: Walking Wake
|-supereffective|p1a: Walking Wake
|-damage|p1a: Walking Wake|0 fnt
|faint|p1a: Walking Wake
|-end|p1a: Walking Wake|Protosynthesis|[silent]
|-damage|p2a: Raichu|91/100|[from] item: Life Orb
|
|-weather|SunnyDay|[upkeep]
|upkeep
|
|t:|1759055438
|switch|p1a: Raging Bolt|Raging Bolt|100/100
|-activate|p1a: Raging Bolt|ability: Protosynthesis
|-start|p1a: Raging Bolt|protosynthesisspa
|turn|16
|
|t:|1759055451
|move|p2a: Raichu|Alluring Voice|p1a: Raging Bolt
|-supereffective|p1a: Raging Bolt
|-damage|p1a: Raging Bolt|44/100
|-damage|p2a: Raichu|81/100|[from] item: Life Orb
|move|p1a: Raging Bolt|Weather Ball|p2a: Raichu
|-damage|p2a: Raichu|0 fnt
|faint|p2a: Raichu
|
|-weather|SunnyDay|[upkeep]
|-heal|p1a: Raging Bolt|50/100|[from] item: Leftovers
|upkeep
|
|t:|1759055457
|switch|p2a: Pawmot|Pawmot, F|100/100
|turn|17
|
|t:|1759055462
|move|p2a: Pawmot|Revival Blessing|p2a: Pawmot
|-enditem|p2a: Pawmot|Leppa Berry|[eat]
|-activate|p2a: Pawmot|item: Leppa Berry|Revival Blessing|[consumed]
|
|t:|1759055465
|-heal|p2: Raichu|50/100|[from] move: Revival Blessing
|move|p1a: Raging Bolt|Weather Ball|p2a: Pawmot
|-damage|p2a: Pawmot|0 fnt
|faint|p2a: Pawmot
|
|-weather|none
|-end|p1a: Raging Bolt|Protosynthesis
|-heal|p1a: Raging Bolt|57/100|[from] item: Leftovers
|upkeep
|
|t:|1759055469
|switch|p2a: Raichu|Raichu-Alola, M|50/100
|turn|18
|
|t:|1759055475
|move|p2a: Raichu|Alluring Voice|p1a: Raging Bolt
|-supereffective|p1a: Raging Bolt
|-damage|p1a: Raging Bolt|0 fnt
|faint|p1a: Raging Bolt
|-end|p1a: Raging Bolt|Protosynthesis|[silent]
|-damage|p2a: Raichu|40/100|[from] item: Life Orb
|
|upkeep
|
|t:|1759055485
|switch|p1a: Dragapult|Dragapult, F, shiny|85/100 par
|turn|19
|
|t:|1759055489
|move|p2a: Raichu|Alluring Voice|p1a: Dragapult
|-supereffective|p1a: Dragapult
|-damage|p1a: Dragapult|24/100 par
|-damage|p2a: Raichu|30/100|[from] item: Life Orb
|cant|p1a: Dragapult|par
|
|upkeep
|turn|20
|-message|Akonda7 forfeited.
|
|win|noon tide pearl
|raw|Akonda7's rating: 1282 &rarr; <strong>1258</strong><br />(-24 for losing)
|raw|noon tide pearl's rating: 1294 &rarr; <strong>1318</strong><br />(+24 for winning)
|l|☆Akonda7
|player|p1|
|l|☆noon tide pearl
|player|p2|
