|badge|p2|bronze|gen9ou|100-6
|html|<div class="broadcast-red"><strong>This battle is required to be public due to one or more player having a season medal.</strong><br />During the public phase, you can discuss the state of the ladder <a href="/seasondiscussion">in a special chatroom.</a></div>
|uhtml|medal-msg|<div class="broadcast-blue">Curious what those medals under the avatar are? PS now has Ladder Seasons! For more information, check out the <a href="https://www.smogon.com/forums/threads/3740067/">thread on Smogon.</a></div>
|raw|<div class="broadcast-blue"><strong>This battle is required to be public due to a player having a name starting with 'medal'.</div>
|j|☆GummyDeino
|j|☆ADM02
|t:|1758993705
|gametype|singles
|player|p1|GummyDeino|2|1711
|player|p2|ADM02|266|1874
|gen|9
|tier|[Gen 9] OU
|rated|
|rule|HP Percentage Mod: HP is shown in percentages
|rule|Endless Battle Clause: Forcing endless battles is banned
|rule|Species Clause: Limit one of each Pokémon
|rule|OHKO Clause: OHKO moves are banned
|rule|Evasion Items Clause: Evasion items are banned
|rule|Evasion Moves Clause: Evasion moves are banned
|rule|Evasion Abilities Clause: Evasion abilities are banned
|rule|Sleep Moves Clause: Sleep-inducing moves are banned
|clearpoke
|poke|p1|Indeedee, M|
|poke|p1|Hatterene, F|
|poke|p1|Ursaluna, F|
|poke|p1|Iron Hands|
|poke|p1|Hoopa-Unbound|
|poke|p1|Mimikyu, F|
|poke|p2|Cinderace, M|
|poke|p2|Clefable, M|
|poke|p2|Salamence, F|
|poke|p2|Dragonite, F|
|poke|p2|Hoopa-Unbound|
|poke|p2|Clodsire, F|
|teampreview
|inactive|Battle timer is ON: inactive players will automatically lose when time's up. (requested by GummyDeino)
|
|t:|1758993717
|teamsize|p1|6
|teamsize|p2|6
|start
|switch|p1a: Catch These Hands|Iron Hands, shiny|100/100
|switch|p2a: Hoopa|Hoopa-Unbound|100/100
|-enditem|p1a: Catch These Hands|Booster Energy
|-activate|p1a: Catch These Hands|ability: Quark Drive|[fromitem]
|-start|p1a: Catch These Hands|quarkdriveatk
|turn|1
|
|t:|1758993728
|switch|p2a: Clodsire|Clodsire, F|100/100
|move|p1a: Catch These Hands|Close Combat|p2a: Clodsire
|-resisted|p2a: Clodsire
|-damage|p2a: Clodsire|64/100
|-unboost|p1a: Catch These Hands|def|1
|-unboost|p1a: Catch These Hands|spd|1
|-damage|p1a: Catch These Hands|84/100|[from] item: Rocky Helmet|[of] p2a: Clodsire
|
|upkeep
|turn|2
|
|t:|1758993740
|move|p1a: Catch These Hands|Ice Punch|p2a: Clodsire
|-supereffective|p2a: Clodsire
|-damage|p2a: Clodsire|9/100
|-damage|p1a: Catch These Hands|67/100|[from] item: Rocky Helmet|[of] p2a: Clodsire
|move|p2a: Clodsire|Earthquake|p1a: Catch These Hands
|-supereffective|p1a: Catch These Hands
|-damage|p1a: Catch These Hands|4/100
|
|upkeep
|turn|3
|
|t:|1758993760
|move|p1a: Catch These Hands|Close Combat|p2a: Clodsire
|-resisted|p2a: Clodsire
|-damage|p2a: Clodsire|0 fnt
|-unboost|p1a: Catch These Hands|def|1
|-unboost|p1a: Catch These Hands|spd|1
|-damage|p1a: Catch These Hands|0 fnt|[from] item: Rocky Helmet|[of] p2a: Clodsire
|faint|p2a: Clodsire
|faint|p1a: Catch These Hands
|-end|p1a: Catch These Hands|Quark Drive|[silent]
|
|upkeep
|c|☆GummyDeino|I’m cooked
|
|t:|1758993767
|switch|p1a: Ayo Doc Heal Me|Indeedee, M, shiny|100/100
|switch|p2a: Hoopa|Hoopa-Unbound|100/100
|-fieldstart|move: Psychic Terrain|[from] ability: Psychic Surge|[of] p1a: Ayo Doc Heal Me
|turn|4
|
|t:|1758993774
|switch|p1a: Mimi :3|Mimikyu, F, shiny|100/100
|move|p2a: Hoopa|Knock Off|p1a: Mimi :3
|-activate|p1a: Mimi :3|ability: Disguise
|-damage|p1a: Mimi :3|100/100
|-enditem|p1a: Mimi :3|Red Card|[from] move: Knock Off|[of] p2a: Hoopa
|detailschange|p1a: Mimi :3|Mimikyu-Busted, F, shiny
|-damage|p1a: Mimi :3|88/100|[from] pokemon: Mimikyu-Busted
|
|upkeep
|turn|5
|
|t:|1758993784
|move|p2a: Hoopa|Psychic Noise|p1a: Mimi :3
|-damage|p1a: Mimi :3|29/100
|-start|p1a: Mimi :3|move: Heal Block
|move|p1a: Mimi :3|Trick Room|p1a: Mimi :3
|-fieldstart|move: Trick Room|[of] p1a: Mimi :3
|
|upkeep
|turn|6
|
|t:|1758993792
|switch|p2a: Clefable|Clefable, M|100/100
|move|p1a: Mimi :3|Destiny Bond|p1a: Mimi :3
|-singlemove|p1a: Mimi :3|Destiny Bond
|
|-end|p1a: Mimi :3|move: Heal Block
|upkeep
|turn|7
|
|t:|1758993805
|move|p2a: Clefable|Calm Mind|p2a: Clefable
|-boost|p2a: Clefable|spa|1
|-boost|p2a: Clefable|spd|1
|move|p1a: Mimi :3|Curse|p2a: Clefable
|-start|p2a: Clefable|Curse|[of] p1a: Mimi :3
|-damage|p1a: Mimi :3|0 fnt
|faint|p1a: Mimi :3
|
|upkeep
|j| 54 insane rats
|j| cynasaurus
|
|t:|1758993812
|switch|p1a: 5 Nights In TR|Ursaluna, F, shiny|100/100
|turn|8
|j| larp legion
|
|t:|1758993818
|move|p1a: 5 Nights In TR|Facade|p2a: Clefable
|-damage|p2a: Clefable|68/100
|move|p2a: Clefable|Moonblast|p1a: 5 Nights In TR
|-damage|p1a: 5 Nights In TR|60/100
|
|-heal|p2a: Clefable|74/100|[from] item: Leftovers
|-status|p1a: 5 Nights In TR|brn|[from] item: Flame Orb
|upkeep
|turn|9
|
|t:|1758993826
|-terastallize|p1a: 5 Nights In TR|Normal
|move|p2a: Clefable|Protect|p2a: Clefable
|-singleturn|p2a: Clefable|Protect
|move|p1a: 5 Nights In TR|Facade|p2a: Clefable
|-activate|p2a: Clefable|move: Protect
|
|-heal|p2a: Clefable|80/100|[from] item: Leftovers
|-damage|p1a: 5 Nights In TR|54/100 brn|[from] brn
|-fieldend|move: Trick Room
|upkeep
|turn|10
|
|t:|1758993843
|move|p2a: Clefable|Moonblast|p1a: 5 Nights In TR
|-crit|p1a: 5 Nights In TR
|-damage|p1a: 5 Nights In TR|0 fnt
|faint|p1a: 5 Nights In TR
|
|-heal|p2a: Clefable|87/100|[from] item: Leftovers
|upkeep
|
|t:|1758993851
|switch|p1a: Sukuna|Hoopa-Unbound|100/100
|-enditem|p1a: Sukuna|Psychic Seed
|-boost|p1a: Sukuna|spd|1|[from] item: Psychic Seed
|turn|11
|
|t:|1758993855
|move|p2a: Clefable|Moonblast|p1a: Sukuna
|-supereffective|p1a: Sukuna
|-damage|p1a: Sukuna|51/100
|move|p1a: Sukuna|Expanding Force|p2a: Clefable
|-damage|p2a: Clefable|25/100
|-item|p1a: Sukuna|Leftovers|[from] ability: Magician|[of] p2a: Clefable
|
|-heal|p1a: Sukuna|57/100|[from] item: Leftovers
|-fieldend|move: Psychic Terrain
|upkeep
|turn|12
|
|t:|1758993864
|move|p2a: Clefable|Moonblast|p1a: Sukuna
|-supereffective|p1a: Sukuna
|-damage|p1a: Sukuna|12/100
|move|p1a: Sukuna|Expanding Force|p2a: Clefable
|-damage|p2a: Clefable|0 fnt
|faint|p2a: Clefable
|
|-heal|p1a: Sukuna|18/100|[from] item: Leftovers
|upkeep
|
|t:|1758993875
|switch|p2a: Hoopa|Hoopa-Unbound|100/100
|turn|13
|
|t:|1758993879
|move|p2a: Hoopa|Knock Off|p1a: Sukuna
|-damage|p1a: Sukuna|0 fnt
|-enditem|p1a: Sukuna|Leftovers|[from] move: Knock Off|[of] p2a: Hoopa
|faint|p1a: Sukuna
|
|upkeep
|
|t:|1758993884
|switch|p1a: Ayo Doc Heal Me|Indeedee, M, shiny|100/100
|-fieldstart|move: Psychic Terrain|[from] ability: Psychic Surge|[of] p1a: Ayo Doc Heal Me
|turn|14
|
|t:|1758993889
|move|p2a: Hoopa|Knock Off|p1a: Ayo Doc Heal Me
|-supereffective|p1a: Ayo Doc Heal Me
|-damage|p1a: Ayo Doc Heal Me|10/100
|-enditem|p1a: Ayo Doc Heal Me|Terrain Extender|[from] move: Knock Off|[of] p2a: Hoopa
|move|p1a: Ayo Doc Heal Me|Trick Room|p1a: Ayo Doc Heal Me
|-fieldstart|move: Trick Room|[of] p1a: Ayo Doc Heal Me
|
|upkeep
|turn|15
|
|t:|1758993895
|move|p2a: Hoopa|Psychic Noise|p1a: Ayo Doc Heal Me
|-resisted|p1a: Ayo Doc Heal Me
|-damage|p1a: Ayo Doc Heal Me|0 fnt
|faint|p1a: Ayo Doc Heal Me
|
|upkeep
|
|t:|1758993900
|switch|p1a: Satella|Hatterene, F, shiny|100/100
|turn|16
|
|t:|1758993904
|move|p1a: Satella|Draining Kiss|p2a: Hoopa
|-supereffective|p2a: Hoopa
|-crit|p2a: Hoopa
|-damage|p2a: Hoopa|55/100
|-damage|p1a: Satella|91/100|[from] item: Life Orb
|move|p2a: Hoopa|Knock Off|p1a: Satella
|-damage|p1a: Satella|43/100
|-enditem|p1a: Satella|Life Orb|[from] move: Knock Off|[of] p2a: Hoopa
|
|upkeep
|turn|17
|
|t:|1758993912
|move|p1a: Satella|Draining Kiss|p2a: Hoopa
|-supereffective|p2a: Hoopa
|-damage|p2a: Hoopa|32/100
|-heal|p1a: Satella|62/100|[from] drain|[of] p2a: Hoopa
|move|p2a: Hoopa|Psychic Noise|p1a: Satella
|-resisted|p1a: Satella
|-damage|p1a: Satella|37/100
|-start|p1a: Satella|move: Heal Block
|
|upkeep
|turn|18
|-message|GummyDeino forfeited.
|
|win|ADM02
|raw|GummyDeino's rating: 1711 &rarr; <strong>1700</strong><br />(-11 for losing)
|raw|ADM02's rating: 1874 &rarr; <strong>1885</strong><br />(+11 for winning)
|l|☆GummyDeino
|player|p1|
|l| larp legion
|l| cynasaurus
|l|☆ADM02
|player|p2|
|l| 54 insane rats
|j| larp legion
|l| larp legion
