|j|☆SML Shrek
|j|☆Shibuya Arc
|t:|1758952673
|gametype|singles
|player|p1|SML Shrek|hiker-gen4|1441
|player|p2|Shibuya Arc|265|1528
|gen|9
|tier|[Gen 9] OU
|rated|
|rule|HP Percentage Mod: HP is shown in percentages
|rule|Endless Battle Clause: Forcing endless battles is banned
|rule|Species Clause: Limit one of each Pokémon
|rule|OHKO Clause: OHKO moves are banned
|rule|Evasion Items Clause: Evasion items are banned
|rule|Evasion Moves Clause: Evasion moves are banned
|rule|Evasion Abilities Clause: Evasion abilities are banned
|rule|Sleep Moves Clause: Sleep-inducing moves are banned
|clearpoke
|poke|p1|Ribombee, F|
|poke|p1|Great Tusk|
|poke|p1|Ogerpon-Wellspring, F|
|poke|p1|Gholdengo|
|poke|p1|Sinistcha|
|poke|p1|Ting-Lu|
|poke|p2|Dragapult, F|
|poke|p2|Dragonite, F|
|poke|p2|Ting-Lu|
|poke|p2|Weezing-Galar, F|
|poke|p2|Iron Crown|
|poke|p2|Zapdos|
|teampreview
|
|t:|1758952683
|teamsize|p1|6
|teamsize|p2|6
|start
|switch|p1a: Ribombee|Ribombee, F|100/100
|switch|p2a: Dragapult|Dragapult, F|100/100
|turn|1
|inactive|Battle timer is ON: inactive players will automatically lose when time's up. (requested by Shibuya Arc)
|
|t:|1758952690
|move|p2a: Dragapult|U-turn|p1a: Ribombee
|-resisted|p1a: Ribombee
|-damage|p1a: Ribombee|85/100
|
|t:|1758952700
|switch|p2a: Ting-Lu|Ting-Lu|100/100|[from] U-turn
|-ability|p2a: Ting-Lu|Vessel of Ruin
|move|p1a: Ribombee|Stun Spore|p2a: Ting-Lu
|-status|p2a: Ting-Lu|par
|
|upkeep
|turn|2
|
|t:|1758952707
|switch|p1a: Ting-Lu|Ting-Lu|100/100
|-ability|p1a: Ting-Lu|Vessel of Ruin
|move|p2a: Ting-Lu|Ruination|p1a: Ting-Lu
|-damage|p1a: Ting-Lu|50/100
|
|-heal|p1a: Ting-Lu|57/100|[from] item: Leftovers
|upkeep
|turn|3
|
|t:|1758952715
|move|p2a: Ting-Lu|Stealth Rock|p1a: Ting-Lu
|-sidestart|p1: SML Shrek|move: Stealth Rock
|move|p1a: Ting-Lu|Whirlwind|p2a: Ting-Lu
|drag|p2a: Zapdos|Zapdos|100/100
|
|-heal|p1a: Ting-Lu|63/100|[from] item: Leftovers
|upkeep
|turn|4
|
|t:|1758952722
|move|p2a: Zapdos|Hurricane|p1a: Ting-Lu
|-damage|p1a: Ting-Lu|42/100
|move|p1a: Ting-Lu|Stealth Rock|p2a: Zapdos
|-sidestart|p2: Shibuya Arc|move: Stealth Rock
|
|-heal|p1a: Ting-Lu|48/100|[from] item: Leftovers
|upkeep
|turn|5
|
|t:|1758952730
|move|p2a: Zapdos|Hurricane|p1a: Ting-Lu
|-damage|p1a: Ting-Lu|24/100
|-start|p1a: Ting-Lu|confusion
|-activate|p1a: Ting-Lu|confusion
|move|p1a: Ting-Lu|Spikes|p2a: Zapdos
|-sidestart|p2: Shibuya Arc|Spikes
|
|-heal|p1a: Ting-Lu|31/100|[from] item: Leftovers
|upkeep
|turn|6
|
|t:|1758952738
|move|p2a: Zapdos|Hurricane|p1a: Ting-Lu
|-damage|p1a: Ting-Lu|8/100
|-end|p1a: Ting-Lu|confusion
|move|p1a: Ting-Lu|Spikes|p2a: Zapdos
|-sidestart|p2: Shibuya Arc|Spikes
|
|-heal|p1a: Ting-Lu|15/100|[from] item: Leftovers
|upkeep
|turn|7
|
|t:|1758952744
|move|p2a: Zapdos|Hurricane|p1a: Ting-Lu
|-damage|p1a: Ting-Lu|0 fnt
|faint|p1a: Ting-Lu
|
|upkeep
|
|t:|1758952752
|switch|p1a: Great Tusk|Great Tusk|100/100
|turn|8
|
|t:|1758952759
|move|p2a: Zapdos|Heat Wave|p1a: Great Tusk
|-damage|p1a: Great Tusk|49/100
|move|p1a: Great Tusk|Knock Off|p2a: Zapdos
|-damage|p2a: Zapdos|62/100
|-enditem|p2a: Zapdos|Heavy-Duty Boots|[from] move: Knock Off|[of] p1a: Great Tusk
|
|upkeep
|turn|9
|
|t:|1758952772
|-end|p1a: Great Tusk|Protosynthesis|[silent]
|switch|p1a: Ribombee|Ribombee, F|85/100
|-damage|p1a: Ribombee|60/100|[from] Stealth Rock
|move|p2a: Zapdos|Hurricane|p1a: Ribombee|[miss]
|-miss|p2a: Zapdos|p1a: Ribombee
|
|upkeep
|turn|10
|
|t:|1758952780
|move|p1a: Ribombee|Skill Swap|p2a: Zapdos
|-activate|p1a: Ribombee|move: Skill Swap|Static|Shield Dust|[of] p2a: Zapdos
|move|p2a: Zapdos|Volt Switch|p1a: Ribombee
|-crit|p1a: Ribombee
|-damage|p1a: Ribombee|0 fnt
|faint|p1a: Ribombee
|
|t:|1758952789
|switch|p2a: Dragonite|Dragonite, F|100/100|[from] Volt Switch
|
|upkeep
|
|t:|1758952796
|switch|p1a: Great Tusk|Great Tusk|49/100
|turn|11
|
|t:|1758952802
|move|p1a: Great Tusk|Bulk Up|p1a: Great Tusk
|-boost|p1a: Great Tusk|atk|1
|-boost|p1a: Great Tusk|def|1
|move|p2a: Dragonite|Dragon Dance|p2a: Dragonite
|-boost|p2a: Dragonite|atk|1
|-boost|p2a: Dragonite|spe|1
|
|upkeep
|turn|12
|
|t:|1758952809
|move|p2a: Dragonite|Earthquake|p1a: Great Tusk
|-damage|p1a: Great Tusk|21/100
|move|p1a: Great Tusk|Rapid Spin|p2a: Dragonite
|-crit|p2a: Dragonite
|-damage|p2a: Dragonite|80/100
|-boost|p1a: Great Tusk|spe|1
|-sideend|p1: SML Shrek|Stealth Rock|[from] move: Rapid Spin|[of] p1a: Great Tusk
|
|upkeep
|turn|13
|
|t:|1758952817
|move|p1a: Great Tusk|Knock Off|p2a: Dragonite
|-damage|p2a: Dragonite|28/100
|-enditem|p2a: Dragonite|Heavy-Duty Boots|[from] move: Knock Off|[of] p1a: Great Tusk
|move|p2a: Dragonite|Dragon Dance|p2a: Dragonite
|-boost|p2a: Dragonite|atk|1
|-boost|p2a: Dragonite|spe|1
|
|upkeep
|turn|14
|
|t:|1758952824
|move|p2a: Dragonite|Roost|p2a: Dragonite
|-heal|p2a: Dragonite|78/100
|-singleturn|p2a: Dragonite|move: Roost
|move|p1a: Great Tusk|Rapid Spin|p2a: Dragonite
|-damage|p2a: Dragonite|54/100
|-boost|p1a: Great Tusk|spe|1
|
|upkeep
|turn|15
|
|t:|1758952832
|move|p1a: Great Tusk|Knock Off|p2a: Dragonite
|-damage|p2a: Dragonite|16/100
|move|p2a: Dragonite|Dragon Dance|p2a: Dragonite
|-boost|p2a: Dragonite|atk|1
|-boost|p2a: Dragonite|spe|1
|
|upkeep
|turn|16
|
|t:|1758952839
|move|p2a: Dragonite|Extreme Speed|p1a: Great Tusk
|-damage|p1a: Great Tusk|0 fnt
|faint|p1a: Great Tusk
|-end|p1a: Great Tusk|Protosynthesis|[silent]
|
|upkeep
|
|t:|1758952843
|switch|p1a: Gholdengo|Gholdengo|100/100
|-item|p1a: Gholdengo|Air Balloon
|turn|17
|
|t:|1758952850
|move|p2a: Dragonite|Roost|p2a: Dragonite
|-heal|p2a: Dragonite|66/100
|-singleturn|p2a: Dragonite|move: Roost
|move|p1a: Gholdengo|Shadow Ball|p2a: Dragonite
|-damage|p2a: Dragonite|24/100
|
|upkeep
|turn|18
|
|t:|1758952858
|-terastallize|p2a: Dragonite|Normal
|move|p2a: Dragonite|Roost|p2a: Dragonite
|-heal|p2a: Dragonite|74/100
|move|p1a: Gholdengo|Shadow Ball|p2a: Dragonite
|-immune|p2a: Dragonite
|
|upkeep
|turn|19
|
|t:|1758952866
|move|p2a: Dragonite|Roost|p2a: Dragonite
|-heal|p2a: Dragonite|100/100
|move|p1a: Gholdengo|Focus Blast|p2a: Dragonite
|-supereffective|p2a: Dragonite
|-damage|p2a: Dragonite|59/100
|-unboost|p2a: Dragonite|spd|1
|
|upkeep
|turn|20
|
|t:|1758952874
|switch|p2a: Zapdos|Zapdos|62/100
|-damage|p2a: Zapdos|37/100|[from] Stealth Rock
|move|p1a: Gholdengo|Make It Rain|p2a: Zapdos
|-resisted|p2a: Zapdos
|-damage|p2a: Zapdos|0 fnt
|-unboost|p1a: Gholdengo|spa|1
|faint|p2a: Zapdos
|
|upkeep
|
|t:|1758952882
|switch|p2a: Dragapult|Dragapult, F|100/100
|turn|21
|
|t:|1758952889
|switch|p1a: Sinistcha|Sinistcha|100/100
|move|p2a: Dragapult|Hex|p1a: Sinistcha
|-supereffective|p1a: Sinistcha
|-damage|p1a: Sinistcha|34/100
|
|-heal|p1a: Sinistcha|40/100|[from] item: Leftovers
|upkeep
|turn|22
|
|t:|1758952901
|move|p2a: Dragapult|Hex|p1a: Sinistcha
|-supereffective|p1a: Sinistcha
|-damage|p1a: Sinistcha|0 fnt
|faint|p1a: Sinistcha
|
|upkeep
|
|t:|1758952906
|switch|p1a: Shrekpon|Ogerpon-Wellspring, F|100/100
|turn|23
|
|t:|1758952913
|-terastallize|p1a: Shrekpon|Water
|detailschange|p1a: Shrekpon|Ogerpon-Wellspring-Tera, F, tera:Water
|-ability|p1a: Shrekpon|Embody Aspect (Wellspring)|boost
|-boost|p1a: Shrekpon|spd|1
|move|p2a: Dragapult|U-turn|p1a: Shrekpon
|-damage|p1a: Shrekpon|73/100
|
|t:|1758952920
|switch|p2a: Dragonite|Dragonite, F, tera:Normal|59/100|[from] U-turn
|-damage|p2a: Dragonite|46/100|[from] Stealth Rock
|-damage|p2a: Dragonite|30/100|[from] Spikes
|move|p1a: Shrekpon|Trailblaze|p2a: Dragonite
|-damage|p2a: Dragonite|1/100
|-boost|p1a: Shrekpon|spe|1
|
|upkeep
|turn|24
|
|t:|1758952929
|move|p2a: Dragonite|Extreme Speed|p1a: Shrekpon
|-damage|p1a: Shrekpon|8/100
|move|p1a: Shrekpon|Trailblaze|p2a: Dragonite
|-crit|p2a: Dragonite
|-damage|p2a: Dragonite|0 fnt
|-boost|p1a: Shrekpon|spe|1
|faint|p2a: Dragonite
|
|upkeep
|
|t:|1758952935
|switch|p2a: Dragapult|Dragapult, F|100/100
|turn|25
|
|t:|1758952942
|move|p1a: Shrekpon|Knock Off|p2a: Dragapult
|-supereffective|p2a: Dragapult
|-damage|p2a: Dragapult|0 fnt
|-enditem|p2a: Dragapult|Heavy-Duty Boots|[from] move: Knock Off|[of] p1a: Shrekpon
|faint|p2a: Dragapult
|
|upkeep
|
|t:|1758952949
|switch|p2a: Weezing|Weezing-Galar, F|100/100
|-ability|p2a: Weezing|Neutralizing Gas
|turn|26
|
|t:|1758952955
|move|p1a: Shrekpon|Ivy Cudgel|p2a: Weezing|[anim] Ivy Cudgel Water
|-damage|p2a: Weezing|51/100
|move|p2a: Weezing|Will-O-Wisp|p1a: Shrekpon
|-status|p1a: Shrekpon|brn
|
|-damage|p1a: Shrekpon|2/100 brn|[from] brn
|upkeep
|turn|27
|
|t:|1758952963
|-end|p2a: Weezing|ability: Neutralizing Gas
|switch|p2a: Iron Crown|Iron Crown|100/100
|-damage|p2a: Iron Crown|94/100|[from] Stealth Rock
|-damage|p2a: Iron Crown|78/100|[from] Spikes
|move|p1a: Shrekpon|Knock Off|p2a: Iron Crown
|-supereffective|p2a: Iron Crown
|-damage|p2a: Iron Crown|34/100
|-enditem|p2a: Iron Crown|Choice Specs|[from] move: Knock Off|[of] p1a: Shrekpon
|
|-damage|p1a: Shrekpon|0 fnt|[from] brn
|faint|p1a: Shrekpon
|detailschange|p1: Shrekpon|Ogerpon-Wellspring, F|[silent]
|upkeep
|
|t:|1758952976
|switch|p1a: Gholdengo|Gholdengo|100/100
|-item|p1a: Gholdengo|Air Balloon
|turn|28
|
|t:|1758952983
|move|p2a: Iron Crown|Volt Switch|p1a: Gholdengo
|-damage|p1a: Gholdengo|73/100
|-enditem|p1a: Gholdengo|Air Balloon
|
|t:|1758952990
|-end|p2a: Iron Crown|Quark Drive|[silent]
|switch|p2a: Ting-Lu|Ting-Lu|100/100 par|[from] Volt Switch
|-damage|p2a: Ting-Lu|94/100 par|[from] Stealth Rock
|-damage|p2a: Ting-Lu|78/100 par|[from] Spikes
|-ability|p2a: Ting-Lu|Vessel of Ruin
|move|p1a: Gholdengo|Shadow Ball|p2a: Ting-Lu
|-resisted|p2a: Ting-Lu
|-damage|p2a: Ting-Lu|69/100 par
|
|-heal|p2a: Ting-Lu|75/100 par|[from] item: Leftovers
|upkeep
|turn|29
|
|t:|1758953001
|move|p1a: Gholdengo|Focus Blast|p2a: Ting-Lu
|-supereffective|p2a: Ting-Lu
|-damage|p2a: Ting-Lu|37/100 par
|move|p2a: Ting-Lu|Earthquake|p1a: Gholdengo
|-supereffective|p1a: Gholdengo
|-damage|p1a: Gholdengo|0 fnt
|faint|p1a: Gholdengo
|
|win|Shibuya Arc
|raw|SML Shrek's rating: 1441 &rarr; <strong>1426</strong><br />(-15 for losing)
|raw|Shibuya Arc's rating: 1528 &rarr; <strong>1543</strong><br />(+15 for winning)
