|j|☆segserino
|j|☆Princessjosie1001!
|t:|1758933809
|gametype|singles
|player|p1|segserino|veteran|1349
|player|p2|Princessjosie1001!|nurse|1408
|gen|9
|tier|[Gen 9] OU
|rated|
|rule|HP Percentage Mod: HP is shown in percentages
|rule|Endless Battle Clause: Forcing endless battles is banned
|rule|Species Clause: Limit one of each Pokémon
|rule|OHKO Clause: OHKO moves are banned
|rule|Evasion Items Clause: Evasion items are banned
|rule|Evasion Moves Clause: Evasion moves are banned
|rule|Evasion Abilities Clause: Evasion abilities are banned
|rule|Sleep Moves Clause: Sleep-inducing moves are banned
|clearpoke
|poke|p1|Gholdengo|
|poke|p1|Gengar, M|
|poke|p1|Sableye, M|
|poke|p1|Houndstone, M|
|poke|p1|Mimikyu, F|
|poke|p1|Skeledirge, F|
|poke|p2|Yanmega, F|
|poke|p2|Cloyster, F|
|poke|p2|Salazzle, F|
|poke|p2|Espeon, M|
|poke|p2|Jirachi|
|poke|p2|Maushold-Four|
|teampreview
|inactive|Battle timer is ON: inactive players will automatically lose when time's up. (requested by segserino)
|
|t:|1758933827
|teamsize|p1|6
|teamsize|p2|6
|start
|switch|p1a: Gengar|Gengar, M|100/100
|switch|p2a: Jirachi|Jirachi|100/100
|turn|1
|
|t:|1758933832
|move|p2a: Jirachi|Iron Head|p1a: Gengar
|-damage|p1a: Gengar|20/100
|cant|p1a: Gengar|flinch
|
|-heal|p1a: Gengar|26/100|[from] item: Leftovers
|upkeep
|turn|2
|
|t:|1758933842
|switch|p2a: Salazzle|Salazzle, F|100/100
|switch|p1a: Sableye|Sableye, M|100/100
|
|upkeep
|turn|3
|
|t:|1758933850
|move|p1a: Sableye|Taunt|p2a: Salazzle
|-start|p2a: Salazzle|move: Taunt
|cant|p2a: Salazzle|move: Taunt|Toxic
|
|upkeep
|turn|4
|
|t:|1758933855
|switch|p2a: Yanmega|Yanmega, F|100/100
|move|p1a: Sableye|Knock Off|p2a: Yanmega
|-damage|p2a: Yanmega|66/100
|-enditem|p2a: Yanmega|Life Orb|[from] move: Knock Off|[of] p1a: Sableye
|
|upkeep
|turn|5
|
|t:|1758933861
|switch|p1a: Skeledirge|Skeledirge, F|100/100
|move|p2a: Yanmega|Air Slash|p1a: Skeledirge
|-damage|p1a: Skeledirge|73/100
|
|-ability|p2a: Yanmega|Speed Boost|boost
|-boost|p2a: Yanmega|spe|1
|upkeep
|turn|6
|
|t:|1758933868
|move|p2a: Yanmega|Air Slash|p1a: Skeledirge
|-damage|p1a: Skeledirge|44/100
|cant|p1a: Skeledirge|flinch
|
|-ability|p2a: Yanmega|Speed Boost|boost
|-boost|p2a: Yanmega|spe|1
|upkeep
|turn|7
|
|t:|1758933874
|move|p2a: Yanmega|Ancient Power|p1a: Skeledirge
|-supereffective|p1a: Skeledirge
|-damage|p1a: Skeledirge|11/100
|move|p1a: Skeledirge|Slack Off|p1a: Skeledirge
|-heal|p1a: Skeledirge|62/100
|
|-ability|p2a: Yanmega|Speed Boost|boost
|-boost|p2a: Yanmega|spe|1
|upkeep
|turn|8
|
|t:|1758933881
|move|p2a: Yanmega|Air Slash|p1a: Skeledirge
|-damage|p1a: Skeledirge|31/100
|move|p1a: Skeledirge|Slack Off|p1a: Skeledirge
|-heal|p1a: Skeledirge|82/100
|
|-ability|p2a: Yanmega|Speed Boost|boost
|-boost|p2a: Yanmega|spe|1
|upkeep
|turn|9
|
|t:|1758933888
|move|p2a: Yanmega|Air Slash|p1a: Skeledirge
|-damage|p1a: Skeledirge|53/100
|move|p1a: Skeledirge|Torch Song|p2a: Yanmega
|-supereffective|p2a: Yanmega
|-damage|p2a: Yanmega|0 fnt
|-boost|p1a: Skeledirge|spa|1
|faint|p2a: Yanmega
|
|upkeep
|
|t:|1758933897
|switch|p2a: No hazard allowed|Espeon, M|100/100
|turn|10
|
|t:|1758933902
|move|p2a: No hazard allowed|Trick|p1a: Skeledirge
|-activate|p2a: No hazard allowed|move: Trick|[of] p1a: Skeledirge
|-item|p1a: Skeledirge|Choice Scarf|[from] move: Trick
|-item|p2a: No hazard allowed|Heavy-Duty Boots|[from] move: Trick
|move|p1a: Skeledirge|Shadow Ball|p2a: No hazard allowed
|-supereffective|p2a: No hazard allowed
|-damage|p2a: No hazard allowed|0 fnt
|faint|p2a: No hazard allowed
|
|upkeep
|
|t:|1758933909
|switch|p2a: Maushold|Maushold-Four|100/100
|turn|11
|
|t:|1758933921
|switch|p1a: Houndstone|Houndstone, M|100/100
|move|p2a: Maushold|Bite|p1a: Houndstone
|-supereffective|p1a: Houndstone
|-damage|p1a: Houndstone|84/100
|
|upkeep
|turn|12
|
|t:|1758933929
|move|p2a: Maushold|Tidy Up|p2a: Maushold
|-boost|p2a: Maushold|atk|1
|-boost|p2a: Maushold|spe|1
|move|p1a: Houndstone|Body Press|p2a: Maushold
|-supereffective|p2a: Maushold
|-damage|p2a: Maushold|17/100
|
|upkeep
|turn|13
|
|t:|1758933935
|move|p2a: Maushold|Bullet Seed|p1a: Houndstone
|-damage|p1a: Houndstone|74/100
|-damage|p1a: Houndstone|63/100
|-damage|p1a: Houndstone|53/100
|-damage|p1a: Houndstone|42/100
|-damage|p1a: Houndstone|31/100
|-hitcount|p1a: Houndstone|5
|move|p1a: Houndstone|Body Press|p2a: Maushold
|-supereffective|p2a: Maushold
|-damage|p2a: Maushold|0 fnt
|faint|p2a: Maushold
|
|upkeep
|
|t:|1758933947
|switch|p2a: Salazzle|Salazzle, F|100/100
|turn|14
|
|t:|1758933958
|move|p2a: Salazzle|Flamethrower|p1a: Houndstone
|-damage|p1a: Houndstone|0 fnt
|faint|p1a: Houndstone
|
|upkeep
|
|t:|1758933966
|switch|p1a: Gholdengo|Gholdengo|100/100
|turn|15
|
|t:|1758933969
|-terastallize|p1a: Gholdengo|Flying
|move|p2a: Salazzle|Flamethrower|p1a: Gholdengo
|-damage|p1a: Gholdengo|58/100
|move|p1a: Gholdengo|Shadow Ball|p2a: Salazzle
|-damage|p2a: Salazzle|16/100
|-unboost|p2a: Salazzle|spd|1
|
|upkeep
|turn|16
|
|t:|1758933978
|move|p2a: Salazzle|Sludge Wave|p1a: Gholdengo
|-damage|p1a: Gholdengo|11/100
|move|p1a: Gholdengo|Shadow Ball|p2a: Salazzle
|-crit|p2a: Salazzle
|-damage|p2a: Salazzle|0 fnt
|faint|p2a: Salazzle
|
|upkeep
|
|t:|1758933984
|switch|p2a: Jirachi|Jirachi|100/100
|turn|17
|
|t:|1758933993
|switch|p1a: Sableye|Sableye, M|100/100
|move|p2a: Jirachi|Iron Head|p1a: Sableye
|-damage|p1a: Sableye|44/100
|-damage|p2a: Jirachi|84/100|[from] item: Rocky Helmet|[of] p1a: Sableye
|
|upkeep
|turn|18
|
|t:|1758933999
|move|p1a: Sableye|Will-O-Wisp|p2a: Jirachi
|-status|p2a: Jirachi|brn
|move|p2a: Jirachi|Iron Head|p1a: Sableye
|-damage|p1a: Sableye|16/100
|-damage|p2a: Jirachi|68/100 brn|[from] item: Rocky Helmet|[of] p1a: Sableye
|
|-damage|p2a: Jirachi|61/100 brn|[from] brn
|upkeep
|turn|19
|
|t:|1758934007
|move|p1a: Sableye|Recover|p1a: Sableye
|-heal|p1a: Sableye|67/100
|move|p2a: Jirachi|Iron Head|p1a: Sableye
|-damage|p1a: Sableye|39/100
|-damage|p2a: Jirachi|45/100 brn|[from] item: Rocky Helmet|[of] p1a: Sableye
|
|-damage|p2a: Jirachi|39/100 brn|[from] brn
|upkeep
|turn|20
|
|t:|1758934015
|switch|p2a: Cloyster|Cloyster, F|100/100
|move|p1a: Sableye|Recover|p1a: Sableye
|-heal|p1a: Sableye|90/100
|
|upkeep
|turn|21
|
|t:|1758934026
|switch|p2a: Jirachi|Jirachi|39/100 brn
|move|p1a: Sableye|Taunt|p2a: Jirachi
|-start|p2a: Jirachi|move: Taunt
|
|-damage|p2a: Jirachi|33/100 brn|[from] brn
|upkeep
|turn|22
|
|t:|1758934040
|switch|p1a: Skeledirge|Skeledirge, F|53/100
|move|p2a: Jirachi|Iron Head|p1a: Skeledirge
|-resisted|p1a: Skeledirge
|-damage|p1a: Skeledirge|46/100
|
|-damage|p2a: Jirachi|27/100 brn|[from] brn
|upkeep
|turn|23
|
|t:|1758934047
|move|p2a: Jirachi|Iron Head|p1a: Skeledirge
|-resisted|p1a: Skeledirge
|-damage|p1a: Skeledirge|38/100
|move|p1a: Skeledirge|Slack Off|p1a: Skeledirge
|-heal|p1a: Skeledirge|88/100
|
|-damage|p2a: Jirachi|20/100 brn|[from] brn
|-end|p2a: Jirachi|move: Taunt
|upkeep
|turn|24
|
|t:|1758934055
|switch|p1a: Sableye|Sableye, M|90/100
|move|p2a: Jirachi|Iron Head|p1a: Sableye
|-damage|p1a: Sableye|64/100
|-damage|p2a: Jirachi|4/100 brn|[from] item: Rocky Helmet|[of] p1a: Sableye
|
|-damage|p2a: Jirachi|0 fnt|[from] brn
|faint|p2a: Jirachi
|upkeep
|
|t:|1758934063
|switch|p2a: Cloyster|Cloyster, F|100/100
|turn|25
|
|t:|1758934067
|move|p1a: Sableye|Will-O-Wisp|p2a: Cloyster|[miss]
|-miss|p1a: Sableye|p2a: Cloyster
|move|p2a: Cloyster|Icicle Spear|p1a: Sableye
|-damage|p1a: Sableye|46/100
|-damage|p1a: Sableye|28/100
|-damage|p1a: Sableye|11/100
|-damage|p1a: Sableye|0 fnt
|faint|p1a: Sableye
|-hitcount|p1: Sableye|4
|
|upkeep
|
|t:|1758934072
|switch|p1a: Gengar|Gengar, M|26/100
|turn|26
|
|t:|1758934078
|move|p2a: Cloyster|Ice Shard|p1a: Gengar
|-damage|p1a: Gengar|0 fnt
|faint|p1a: Gengar
|
|upkeep
|
|t:|1758934086
|switch|p1a: Mimikyu|Mimikyu, F|100/100
|turn|27
|
|t:|1758934093
|move|p1a: Mimikyu|Play Rough|p2a: Cloyster
|-damage|p2a: Cloyster|59/100
|-damage|p1a: Mimikyu|91/100|[from] item: Life Orb
|move|p2a: Cloyster|Shell Smash|p2a: Cloyster
|-unboost|p2a: Cloyster|def|1
|-unboost|p2a: Cloyster|spd|1
|-boost|p2a: Cloyster|atk|2
|-boost|p2a: Cloyster|spa|2
|-boost|p2a: Cloyster|spe|2
|
|upkeep
|turn|28
|
|t:|1758934103
|move|p1a: Mimikyu|Shadow Sneak|p2a: Cloyster
|-damage|p2a: Cloyster|30/100
|-damage|p1a: Mimikyu|81/100|[from] item: Life Orb
|move|p2a: Cloyster|Icicle Spear|p1a: Mimikyu
|-activate|p1a: Mimikyu|ability: Disguise
|-damage|p1a: Mimikyu|81/100
|detailschange|p1a: Mimikyu|Mimikyu-Busted, F
|-damage|p1a: Mimikyu|68/100|[from] pokemon: Mimikyu-Busted
|-damage|p1a: Mimikyu|32/100
|-damage|p1a: Mimikyu|0 fnt
|faint|p1a: Mimikyu
|-hitcount|p1: Mimikyu|3
|
|upkeep
|
|t:|1758934106
|switch|p1a: Skeledirge|Skeledirge, F|88/100
|turn|29
|
|t:|1758934116
|move|p2a: Cloyster|Rock Blast|p1a: Skeledirge
|-supereffective|p1a: Skeledirge
|-damage|p1a: Skeledirge|74/100
|-supereffective|p1a: Skeledirge
|-damage|p1a: Skeledirge|61/100
|-supereffective|p1a: Skeledirge
|-damage|p1a: Skeledirge|48/100
|-supereffective|p1a: Skeledirge
|-damage|p1a: Skeledirge|35/100
|-supereffective|p1a: Skeledirge
|-damage|p1a: Skeledirge|22/100
|-hitcount|p1a: Skeledirge|5
|move|p1a: Skeledirge|Torch Song|p2a: Cloyster
|-damage|p2a: Cloyster|0 fnt
|-boost|p1a: Skeledirge|spa|1
|faint|p2a: Cloyster
|
|win|segserino
|raw|segserino's rating: 1349 &rarr; <strong>1372</strong><br />(+23 for winning)
|raw|Princessjosie1001!'s rating: 1408 &rarr; <strong>1385</strong><br />(-23 for losing)
|l|☆Princessjosie1001!
|player|p2|
|l|☆segserino
|player|p1|
