|j|☆Yishtola
|j|☆Tuan Pham
|t:|1759047225
|gametype|singles
|player|p1|Yishtola|whitney|1112
|player|p2|Tuan Pham|youngster-gen4dp|1076
|gen|9
|tier|[Gen 9] OU
|rated|
|rule|HP Percentage Mod: HP is shown in percentages
|rule|Endless Battle Clause: Forcing endless battles is banned
|rule|Species Clause: Limit one of each Pokémon
|rule|OHKO Clause: OHKO moves are banned
|rule|Evasion Items Clause: Evasion items are banned
|rule|Evasion Moves Clause: Evasion moves are banned
|rule|Evasion Abilities Clause: Evasion abilities are banned
|rule|Sleep Moves Clause: Sleep-inducing moves are banned
|clearpoke
|poke|p1|Slowbro-Galar, F|
|poke|p1|Noivern, F|
|poke|p1|Lokix, F|
|poke|p1|Scyther, M|
|poke|p1|Vaporeon, F|
|poke|p1|Maushold-Four|
|poke|p2|Gliscor, F|
|poke|p2|Garganacl, M|
|poke|p2|Sylveon, F|
|poke|p2|Wo-Chien|
|poke|p2|Corviknight, F|
|poke|p2|Toxapex, F|
|teampreview
|inactive|Battle timer is ON: inactive players will automatically lose when time's up. (requested by Yishtola)
|
|t:|1759047243
|teamsize|p1|6
|teamsize|p2|6
|start
|switch|p1a: Lokix|Lokix, F, shiny|100/100
|switch|p2a: Toxapex|Toxapex, F|100/100
|turn|1
|c|☆Yishtola|Oh boy what a team
|
|t:|1759047249
|move|p1a: Lokix|First Impression|p2a: Toxapex
|-resisted|p2a: Toxapex
|-damage|p2a: Toxapex|65/100
|-damage|p1a: Lokix|91/100|[from] item: Life Orb
|move|p2a: Toxapex|Toxic|p1a: Lokix
|-status|p1a: Lokix|tox
|
|-heal|p2a: Toxapex|71/100|[from] item: Leftovers
|-damage|p1a: Lokix|85/100 tox|[from] psn
|upkeep
|turn|2
|
|t:|1759047261
|switch|p2a: Gliscor|Gliscor, F|100/100
|move|p1a: Lokix|Knock Off|p2a: Gliscor
|-damage|p2a: Gliscor|48/100
|-enditem|p2a: Gliscor|Toxic Orb|[from] move: Knock Off|[of] p1a: Lokix
|-damage|p1a: Lokix|75/100 tox|[from] item: Life Orb
|
|-damage|p1a: Lokix|63/100 tox|[from] psn
|upkeep
|turn|3
|
|t:|1759047271
|move|p1a: Lokix|Knock Off|p2a: Gliscor
|-damage|p2a: Gliscor|12/100
|-damage|p1a: Lokix|53/100 tox|[from] item: Life Orb
|move|p2a: Gliscor|Earthquake|p1a: Lokix
|-resisted|p1a: Lokix
|-damage|p1a: Lokix|29/100 tox
|
|-damage|p1a: Lokix|11/100 tox|[from] psn
|upkeep
|turn|4
|
|t:|1759047278
|move|p2a: Gliscor|Protect|p2a: Gliscor
|-singleturn|p2a: Gliscor|Protect
|move|p1a: Lokix|Sucker Punch||[still]
|-fail|p1a: Lokix
|
|-damage|p1a: Lokix|0 fnt|[from] psn
|faint|p1a: Lokix
|upkeep
|
|t:|1759047281
|switch|p1a: Noivern|Noivern, F, shiny|100/100
|turn|5
|inactive|Tuan Pham has 120 seconds left.
|j| ColdWar001
|
|t:|1759047326
|-terastallize|p1a: Noivern|Normal
|move|p1a: Noivern|Boomburst|p2a: Gliscor
|-damage|p2a: Gliscor|0 fnt
|faint|p2a: Gliscor
|-enditem|p1a: Noivern|Throat Spray
|-boost|p1a: Noivern|spa|1|[from] item: Throat Spray
|
|upkeep
|
|t:|1759047338
|switch|p2a: Toxapex|Toxapex, F|100/100
|turn|6
|
|t:|1759047344
|move|p1a: Noivern|Boomburst|p2a: Toxapex
|-damage|p2a: Toxapex|34/100
|move|p2a: Toxapex|Toxic|p1a: Noivern
|-status|p1a: Noivern|tox
|
|-heal|p2a: Toxapex|41/100|[from] item: Leftovers
|-damage|p1a: Noivern|94/100 tox|[from] psn
|upkeep
|turn|7
|
|t:|1759047353
|switch|p2a: Sylveon|Sylveon, F|100/100
|move|p1a: Noivern|Boomburst|p2a: Sylveon
|-damage|p2a: Sylveon|22/100
|
|-heal|p2a: Sylveon|28/100|[from] item: Leftovers
|-damage|p1a: Noivern|82/100 tox|[from] psn
|upkeep
|turn|8
|
|t:|1759047366
|move|p1a: Noivern|Boomburst|p2a: Sylveon
|-damage|p2a: Sylveon|0 fnt
|faint|p2a: Sylveon
|
|-damage|p1a: Noivern|64/100 tox|[from] psn
|upkeep
|
|t:|1759047369
|switch|p2a: Garganacl|Garganacl, M|100/100
|turn|9
|
|t:|1759047376
|move|p1a: Noivern|Boomburst|p2a: Garganacl
|-resisted|p2a: Garganacl
|-damage|p2a: Garganacl|70/100
|move|p2a: Garganacl|Recover|p2a: Garganacl
|-heal|p2a: Garganacl|100/100
|
|-damage|p1a: Noivern|40/100 tox|[from] psn
|upkeep
|turn|10
|
|t:|1759047386
|switch|p1a: Vaporeon|Vaporeon, F, shiny|100/100
|move|p2a: Garganacl|Salt Cure|p1a: Vaporeon
|-damage|p1a: Vaporeon|88/100
|-start|p1a: Vaporeon|Salt Cure
|
|-damage|p1a: Vaporeon|63/100|[from] Salt Cure
|upkeep
|turn|11
|
|t:|1759047403
|switch|p2a: Wo-Chien|Wo-Chien|100/100
|-ability|p2a: Wo-Chien|Tablets of Ruin
|move|p1a: Vaporeon|Scald|p2a: Wo-Chien
|-resisted|p2a: Wo-Chien
|-damage|p2a: Wo-Chien|91/100
|
|-heal|p2a: Wo-Chien|97/100|[from] item: Leftovers
|-damage|p1a: Vaporeon|38/100|[from] Salt Cure
|upkeep
|turn|12
|
|t:|1759047415
|move|p1a: Vaporeon|Hyper Voice|p2a: Wo-Chien
|-damage|p2a: Wo-Chien|82/100
|-enditem|p1a: Vaporeon|Throat Spray
|-boost|p1a: Vaporeon|spa|1|[from] item: Throat Spray
|move|p2a: Wo-Chien|Substitute|p2a: Wo-Chien
|-start|p2a: Wo-Chien|Substitute
|-damage|p2a: Wo-Chien|57/100
|
|-heal|p2a: Wo-Chien|63/100|[from] item: Leftovers
|-damage|p1a: Vaporeon|13/100|[from] Salt Cure
|upkeep
|turn|13
|
|t:|1759047435
|move|p1a: Vaporeon|Hyper Voice|p2a: Wo-Chien
|-damage|p2a: Wo-Chien|40/100
|move|p2a: Wo-Chien|Giga Drain|p1a: Vaporeon
|-supereffective|p1a: Vaporeon
|-damage|p1a: Vaporeon|0 fnt
|-heal|p2a: Wo-Chien|49/100|[from] drain|[of] p1a: Vaporeon
|faint|p1a: Vaporeon
|
|-heal|p2a: Wo-Chien|55/100|[from] item: Leftovers
|upkeep
|
|t:|1759047441
|switch|p1a: Noivern|Noivern, F, shiny, tera:Normal|40/100 tox
|turn|14
|
|t:|1759047448
|move|p1a: Noivern|Boomburst|p2a: Wo-Chien
|-damage|p2a: Wo-Chien|14/100
|move|p2a: Wo-Chien|Giga Drain|p1a: Noivern
|-damage|p1a: Noivern|9/100 tox
|-heal|p2a: Wo-Chien|31/100|[from] drain|[of] p1a: Noivern
|
|-heal|p2a: Wo-Chien|37/100|[from] item: Leftovers
|-damage|p1a: Noivern|3/100 tox|[from] psn
|upkeep
|turn|15
|
|t:|1759047455
|switch|p2a: Toxapex|Toxapex, F|74/100
|move|p1a: Noivern|Boomburst|p2a: Toxapex
|-damage|p2a: Toxapex|27/100
|
|-heal|p2a: Toxapex|33/100|[from] item: Leftovers
|-damage|p1a: Noivern|0 fnt|[from] psn
|faint|p1a: Noivern
|upkeep
|
|t:|1759047466
|switch|p1a: Slowbro|Slowbro-Galar, F|100/100
|turn|16
|-activate|p1a: Slowbro|ability: Quick Draw
|
|t:|1759047478
|switch|p2a: Garganacl|Garganacl, M|100/100
|move|p1a: Slowbro|Blizzard|p2a: Garganacl
|-damage|p2a: Garganacl|79/100
|
|-heal|p2a: Garganacl|85/100|[from] item: Leftovers
|upkeep
|turn|17
|-activate|p1a: Slowbro|ability: Quick Draw
|
|t:|1759047485
|move|p1a: Slowbro|Grass Knot|p2a: Garganacl
|-supereffective|p2a: Garganacl
|-damage|p2a: Garganacl|37/100
|move|p2a: Garganacl|Salt Cure|p1a: Slowbro
|-damage|p1a: Slowbro|87/100
|-start|p1a: Slowbro|Salt Cure
|
|-heal|p2a: Garganacl|44/100|[from] item: Leftovers
|-heal|p1a: Slowbro|93/100|[from] item: Leftovers
|-damage|p1a: Slowbro|81/100|[from] Salt Cure
|upkeep
|turn|18
|
|t:|1759047493
|move|p2a: Garganacl|Recover|p2a: Garganacl
|-heal|p2a: Garganacl|94/100
|move|p1a: Slowbro|Blizzard|p2a: Garganacl|[miss]
|-miss|p1a: Slowbro|p2a: Garganacl
|
|-heal|p2a: Garganacl|99/100|[from] item: Leftovers
|-heal|p1a: Slowbro|87/100|[from] item: Leftovers
|-damage|p1a: Slowbro|75/100|[from] Salt Cure
|upkeep
|turn|19
|-activate|p1a: Slowbro|ability: Quick Draw
|
|t:|1759047503
|move|p1a: Slowbro|Grass Knot|p2a: Garganacl
|-supereffective|p2a: Garganacl
|-damage|p2a: Garganacl|46/100
|move|p2a: Garganacl|Stealth Rock|p1a: Slowbro
|-sidestart|p1: Yishtola|move: Stealth Rock
|
|-heal|p2a: Garganacl|52/100|[from] item: Leftovers
|-heal|p1a: Slowbro|81/100|[from] item: Leftovers
|-damage|p1a: Slowbro|68/100|[from] Salt Cure
|upkeep
|turn|20
|
|t:|1759047512
|move|p2a: Garganacl|Recover|p2a: Garganacl
|-heal|p2a: Garganacl|100/100
|move|p1a: Slowbro|Grass Knot|p2a: Garganacl
|-supereffective|p2a: Garganacl
|-damage|p2a: Garganacl|47/100
|
|-heal|p2a: Garganacl|53/100|[from] item: Leftovers
|-heal|p1a: Slowbro|74/100|[from] item: Leftovers
|-damage|p1a: Slowbro|62/100|[from] Salt Cure
|upkeep
|turn|21
|
|t:|1759047521
|switch|p2a: Corviknight|Corviknight, F|100/100
|move|p1a: Slowbro|Grass Knot|p2a: Corviknight
|-resisted|p2a: Corviknight
|-damage|p2a: Corviknight|95/100
|-damage|p1a: Slowbro|45/100|[from] item: Rocky Helmet|[of] p2a: Corviknight
|
|-heal|p1a: Slowbro|52/100|[from] item: Leftovers
|-damage|p1a: Slowbro|39/100|[from] Salt Cure
|upkeep
|turn|22
|
|t:|1759047529
|move|p2a: Corviknight|Brave Bird|p1a: Slowbro
|-damage|p1a: Slowbro|6/100
|-damage|p2a: Corviknight|82/100|[from] Recoil
|move|p1a: Slowbro|Blizzard|p2a: Corviknight
|-damage|p2a: Corviknight|50/100
|
|-heal|p1a: Slowbro|12/100|[from] item: Leftovers
|-damage|p1a: Slowbro|0 fnt|[from] Salt Cure
|faint|p1a: Slowbro
|upkeep
|
|t:|1759047539
|switch|p1a: Scyther|Scyther, M, shiny|100/100
|-damage|p1a: Scyther|50/100|[from] Stealth Rock
|turn|23
|
|t:|1759047545
|move|p1a: Scyther|Dual Wingbeat|p2a: Corviknight
|-resisted|p2a: Corviknight
|-damage|p2a: Corviknight|41/100
|-damage|p1a: Scyther|34/100|[from] item: Rocky Helmet|[of] p2a: Corviknight
|-resisted|p2a: Corviknight
|-damage|p2a: Corviknight|32/100
|-damage|p1a: Scyther|17/100|[from] item: Rocky Helmet|[of] p2a: Corviknight
|-hitcount|p2a: Corviknight|2
|move|p2a: Corviknight|Roost|p2a: Corviknight
|-heal|p2a: Corviknight|82/100
|-singleturn|p2a: Corviknight|move: Roost
|
|upkeep
|turn|24
|
|t:|1759047554
|move|p1a: Scyther|Dual Wingbeat|p2a: Corviknight
|-resisted|p2a: Corviknight
|-damage|p2a: Corviknight|72/100
|-damage|p1a: Scyther|1/100|[from] item: Rocky Helmet|[of] p2a: Corviknight
|-resisted|p2a: Corviknight
|-damage|p2a: Corviknight|62/100
|-damage|p1a: Scyther|0 fnt|[from] item: Rocky Helmet|[of] p2a: Corviknight
|faint|p1a: Scyther
|-hitcount|p2a: Corviknight|2
|move|p2a: Corviknight|Body Press|p1: Scyther|[notarget]
|-fail|p2a: Corviknight
|
|upkeep
|-message|Yishtola forfeited.
|
|win|Tuan Pham
|raw|Yishtola's rating: 1112 &rarr; <strong>1084</strong><br />(-28 for losing)
|raw|Tuan Pham's rating: 1076 &rarr; <strong>1108</strong><br />(+32 for winning)
|l|☆Yishtola
|player|p1|
|l|☆Tuan Pham
|player|p2|
|l| ColdWar001
