|j|☆Aggrhy
|j|☆Shibuya Arc
|t:|1758932657
|gametype|singles
|player|p1|Aggrhy|red-masters|1474
|player|p2|Shibuya Arc|265|1457
|gen|9
|tier|[Gen 9] OU
|rated|
|rule|HP Percentage Mod: HP is shown in percentages
|rule|Endless Battle Clause: Forcing endless battles is banned
|rule|Species Clause: Limit one of each Pokémon
|rule|OHKO Clause: OHKO moves are banned
|rule|Evasion Items Clause: Evasion items are banned
|rule|Evasion Moves Clause: Evasion moves are banned
|rule|Evasion Abilities Clause: Evasion abilities are banned
|rule|Sleep Moves Clause: Sleep-inducing moves are banned
|clearpoke
|poke|p1|Pikachu, M|
|poke|p1|Metagross|
|poke|p1|Gardevoir, F|
|poke|p1|Glimmora, F|
|poke|p1|Milotic, F|
|poke|p1|Hydrapple, F|
|poke|p2|Dragapult, M|
|poke|p2|Dragonite, F|
|poke|p2|Ting-Lu|
|poke|p2|Weezing-Galar, F|
|poke|p2|Iron Crown|
|poke|p2|Zapdos|
|teampreview
|inactive|Battle timer is ON: inactive players will automatically lose when time's up. (requested by Aggrhy)
|inactive|Shibuya Arc also wants the timer to be on.
|
|t:|1758932669
|teamsize|p1|6
|teamsize|p2|6
|start
|switch|p1a: Gardevoir|Gardevoir, F|100/100
|switch|p2a: Ting-Lu|Ting-Lu|100/100
|-ability|p1a: Gardevoir|Vessel of Ruin|Trace|[from] ability: Trace|[of] p2a: Ting-Lu
|-ability|p1a: Gardevoir|Vessel of Ruin
|-ability|p2a: Ting-Lu|Vessel of Ruin
|turn|1
|
|t:|1758932682
|move|p1a: Gardevoir|Moonblast|p2a: Ting-Lu
|-supereffective|p2a: Ting-Lu
|-damage|p2a: Ting-Lu|49/100
|move|p2a: Ting-Lu|Ruination|p1a: Gardevoir
|-damage|p1a: Gardevoir|50/100
|
|-heal|p2a: Ting-Lu|55/100|[from] item: Leftovers
|upkeep
|turn|2
|
|t:|1758932691
|-terastallize|p2a: Ting-Lu|Water
|move|p1a: Gardevoir|Moonblast|p2a: Ting-Lu
|-damage|p2a: Ting-Lu|29/100
|move|p2a: Ting-Lu|Earthquake|p1a: Gardevoir
|-damage|p1a: Gardevoir|0 fnt
|faint|p1a: Gardevoir
|
|-heal|p2a: Ting-Lu|35/100|[from] item: Leftovers
|upkeep
|
|t:|1758932703
|switch|p1a: Pikachu|Pikachu, M|100/100
|turn|3
|
|t:|1758932708
|switch|p2a: Dragonite|Dragonite, F|100/100
|move|p1a: Pikachu|Volt Tackle|p2a: Dragonite
|-damage|p2a: Dragonite|62/100
|-damage|p1a: Pikachu|79/100|[from] Recoil
|
|upkeep
|turn|4
|
|t:|1758932717
|move|p2a: Dragonite|Extreme Speed|p1a: Pikachu
|-damage|p1a: Pikachu|0 fnt
|faint|p1a: Pikachu
|
|upkeep
|
|t:|1758932723
|switch|p1a: Glimmora|Glimmora, F|100/100
|turn|5
|
|t:|1758932729
|switch|p2a: Ting-Lu|Ting-Lu, tera:Water|35/100
|-ability|p2a: Ting-Lu|Vessel of Ruin
|move|p1a: Glimmora|Power Gem|p2a: Ting-Lu
|-crit|p2a: Ting-Lu
|-damage|p2a: Ting-Lu|8/100
|
|-heal|p2a: Ting-Lu|14/100|[from] item: Leftovers
|upkeep
|turn|6
|
|t:|1758932739
|move|p1a: Glimmora|Power Gem|p2a: Ting-Lu
|-damage|p2a: Ting-Lu|0 fnt
|faint|p2a: Ting-Lu
|
|upkeep
|
|t:|1758932745
|switch|p2a: Iron Crown|Iron Crown|100/100
|turn|7
|
|t:|1758932751
|switch|p1a: Metagross|Metagross|100/100
|move|p2a: Iron Crown|Tachyon Cutter|p1a: Metagross
|-resisted|p1a: Metagross
|-damage|p1a: Metagross|85/100
|-resisted|p1a: Metagross
|-damage|p1a: Metagross|69/100
|-hitcount|p1a: Metagross|2
|
|upkeep
|turn|8
|
|t:|1758932760
|move|p2a: Iron Crown|Tachyon Cutter|p1a: Metagross
|-resisted|p1a: Metagross
|-damage|p1a: Metagross|53/100
|-resisted|p1a: Metagross
|-damage|p1a: Metagross|37/100
|-hitcount|p1a: Metagross|2
|move|p1a: Metagross|Knock Off|p2a: Iron Crown
|-supereffective|p2a: Iron Crown
|-damage|p2a: Iron Crown|15/100
|-enditem|p2a: Iron Crown|Choice Specs|[from] move: Knock Off|[of] p1a: Metagross
|
|upkeep
|turn|9
|
|t:|1758932772
|move|p2a: Iron Crown|Tachyon Cutter|p1a: Metagross
|-resisted|p1a: Metagross
|-damage|p1a: Metagross|27/100
|-resisted|p1a: Metagross
|-damage|p1a: Metagross|16/100
|-hitcount|p1a: Metagross|2
|move|p1a: Metagross|Knock Off|p2a: Iron Crown
|-supereffective|p2a: Iron Crown
|-damage|p2a: Iron Crown|0 fnt
|faint|p2a: Iron Crown
|-end|p2a: Iron Crown|Quark Drive|[silent]
|
|upkeep
|
|t:|1758932778
|switch|p2a: Zapdos|Zapdos|100/100
|turn|10
|
|t:|1758932784
|move|p2a: Zapdos|Volt Switch|p1a: Metagross
|-damage|p1a: Metagross|0 fnt
|faint|p1a: Metagross
|
|t:|1758932790
|switch|p2a: Dragapult|Dragapult, M|100/100|[from] Volt Switch
|
|upkeep
|
|t:|1758932796
|switch|p1a: Glimmora|Glimmora, F|100/100
|turn|11
|
|t:|1758932807
|move|p2a: Dragapult|Dragon Darts|p1a: Glimmora
|-damage|p1a: Glimmora|74/100
|-activate|p1a: Glimmora|ability: Toxic Debris
|-sidestart|p2: Shibuya Arc|move: Toxic Spikes
|-anim|p2a: Dragapult|Dragon Darts|p1a: Glimmora
|-damage|p1a: Glimmora|47/100
|-activate|p1a: Glimmora|ability: Toxic Debris
|-sidestart|p2: Shibuya Arc|move: Toxic Spikes
|move|p1a: Glimmora|Power Gem|p2a: Dragapult
|-crit|p2a: Dragapult
|-damage|p2a: Dragapult|2/100
|
|upkeep
|turn|12
|
|t:|1758932826
|switch|p1a: Milotic|Milotic, F|100/100
|move|p2a: Dragapult|Dragon Darts|p1a: Milotic
|-damage|p1a: Milotic|78/100
|-anim|p2a: Dragapult|Dragon Darts|p1a: Milotic
|-damage|p1a: Milotic|54/100
|
|-heal|p1a: Milotic|60/100|[from] item: Leftovers
|upkeep
|turn|13
|
|t:|1758932837
|move|p2a: Dragapult|Dragon Darts|p1a: Milotic
|-damage|p1a: Milotic|38/100
|-anim|p2a: Dragapult|Dragon Darts|p1a: Milotic
|-damage|p1a: Milotic|14/100
|move|p1a: Milotic|Scald|p2a: Dragapult
|-resisted|p2a: Dragapult
|-crit|p2a: Dragapult
|-damage|p2a: Dragapult|0 fnt
|faint|p2a: Dragapult
|
|-heal|p1a: Milotic|21/100|[from] item: Leftovers
|upkeep
|
|t:|1758932846
|switch|p2a: Zapdos|Zapdos|100/100
|turn|14
|
|t:|1758932852
|move|p2a: Zapdos|Hurricane|p1a: Milotic
|-damage|p1a: Milotic|0 fnt
|faint|p1a: Milotic
|
|upkeep
|
|t:|1758932858
|switch|p1a: Glimmora|Glimmora, F|47/100
|turn|15
|
|t:|1758932864
|move|p1a: Glimmora|Power Gem|p2a: Zapdos
|-supereffective|p2a: Zapdos
|-damage|p2a: Zapdos|0 fnt
|faint|p2a: Zapdos
|
|upkeep
|
|t:|1758932870
|switch|p2a: Weezing|Weezing-Galar, F|100/100
|-ability|p2a: Weezing|Neutralizing Gas
|-sideend|p2: Shibuya Arc|move: Toxic Spikes|[of] p2a: Weezing
|turn|16
|
|t:|1758932876
|move|p1a: Glimmora|Power Gem|p2a: Weezing
|-damage|p2a: Weezing|36/100
|move|p2a: Weezing|Will-O-Wisp|p1a: Glimmora
|-status|p1a: Glimmora|brn
|
|-damage|p1a: Glimmora|41/100 brn|[from] brn
|upkeep
|turn|17
|
|t:|1758932884
|-end|p2a: Weezing|ability: Neutralizing Gas
|switch|p2a: Dragonite|Dragonite, F|62/100
|move|p1a: Glimmora|Power Gem|p2a: Dragonite
|-supereffective|p2a: Dragonite
|-damage|p2a: Dragonite|0 fnt
|faint|p2a: Dragonite
|
|-damage|p1a: Glimmora|34/100 brn|[from] brn
|upkeep
|
|t:|1758932889
|switch|p2a: Weezing|Weezing-Galar, F|36/100
|-ability|p2a: Weezing|Neutralizing Gas
|turn|18
|
|t:|1758932899
|move|p1a: Glimmora|Power Gem|p2a: Weezing
|-damage|p2a: Weezing|0 fnt
|faint|p2a: Weezing
|-end|p2a: Weezing|ability: Neutralizing Gas
|
|win|Aggrhy
|raw|Aggrhy's rating: 1474 &rarr; <strong>1493</strong><br />(+19 for winning)
|raw|Shibuya Arc's rating: 1457 &rarr; <strong>1438</strong><br />(-19 for losing)
|l|☆Shibuya Arc
|player|p2|
|l|☆Aggrhy
|player|p1|
