|j|☆Edcamaba
|j|☆Archietheonly1
|t:|1759013051
|gametype|singles
|player|p1|Edcamaba|lucian|1000
|player|p2|Archietheonly1|smasher|1027
|gen|9
|tier|[Gen 9] OU
|rated|
|rule|HP Percentage Mod: HP is shown in percentages
|rule|Endless Battle Clause: Forcing endless battles is banned
|rule|Species Clause: Limit one of each Pokémon
|rule|OHKO Clause: OHKO moves are banned
|rule|Evasion Items Clause: Evasion items are banned
|rule|Evasion Moves Clause: Evasion moves are banned
|rule|Evasion Abilities Clause: Evasion abilities are banned
|rule|Sleep Moves Clause: Sleep-inducing moves are banned
|clearpoke
|poke|p1|Empoleon, F|
|poke|p1|Staraptor, M|
|poke|p1|Garchomp, M|
|poke|p1|Houndoom, M|
|poke|p1|Weavile, M|
|poke|p1|Luxray, M|
|poke|p2|Salamence, M|
|poke|p2|Snorlax, M|
|poke|p2|Electrode-Hisui|
|poke|p2|Tyranitar, F|
|poke|p2|Spiritomb, F|
|poke|p2|Forretress, F|
|teampreview
|inactive|Battle timer is ON: inactive players will automatically lose when time's up. (requested by Edcamaba)
|
|t:|1759013062
|teamsize|p1|6
|teamsize|p2|6
|start
|switch|p1a: Luxray|Luxray, M|100/100
|switch|p2a: Fort|Forretress, F|100/100
|-item|p1a: Luxray|Air Balloon
|turn|1
|
|t:|1759013070
|move|p1a: Luxray|Crunch|p2a: Fort
|-damage|p2a: Fort|89/100
|move|p2a: Fort|Stealth Rock|p1a: Luxray
|-sidestart|p1: Edcamaba|move: Stealth Rock
|
|upkeep
|turn|2
|
|t:|1759013076
|move|p1a: Luxray|Substitute|p1a: Luxray
|-start|p1a: Luxray|Substitute
|-damage|p1a: Luxray|76/100
|move|p2a: Fort|Toxic Spikes|p1a: Luxray
|-sidestart|p1: Edcamaba|move: Toxic Spikes
|
|upkeep
|turn|3
|
|t:|1759013082
|move|p1a: Luxray|Thunderbolt|p2a: Fort
|-damage|p2a: Fort|45/100
|move|p2a: Fort|Toxic Spikes|p1a: Luxray
|-sidestart|p1: Edcamaba|move: Toxic Spikes
|
|upkeep
|turn|4
|
|t:|1759013089
|move|p1a: Luxray|Thunderbolt|p2a: Fort
|-damage|p2a: Fort|5/100
|move|p2a: Fort|Spikes|p1a: Luxray
|-sidestart|p1: Edcamaba|Spikes
|
|upkeep
|turn|5
|
|t:|1759013094
|move|p1a: Luxray|Thunderbolt|p2a: Fort
|-damage|p2a: Fort|0 fnt
|faint|p2a: Fort
|
|upkeep
|
|t:|1759013098
|switch|p2a: Classic|Spiritomb, F, shiny|100/100
|turn|6
|
|t:|1759013101
|move|p1a: Luxray|Crunch|p2a: Classic
|-damage|p2a: Classic|78/100
|move|p2a: Classic|Trick|p1a: Luxray
|-activate|p2a: Classic|move: Trick|[of] p1a: Luxray
|-item|p1a: Luxray|Sticky Barb|[from] move: Trick
|-item|p2a: Classic|Air Balloon
|-item|p2a: Classic|Air Balloon|[from] move: Trick
|
|-damage|p1a: Luxray|63/100|[from] item: Sticky Barb
|upkeep
|turn|7
|inactive|Archietheonly1 has 120 seconds left.
|
|t:|1759013133
|move|p1a: Luxray|Thunderbolt|p2a: Classic
|-damage|p2a: Classic|54/100
|-status|p2a: Classic|par
|-enditem|p2a: Classic|Air Balloon
|move|p2a: Classic|Will-O-Wisp|p1a: Luxray
|-status|p1a: Luxray|brn
|
|-damage|p1a: Luxray|57/100 brn|[from] brn
|-damage|p1a: Luxray|45/100 brn|[from] item: Sticky Barb
|upkeep
|turn|8
|inactive|Archietheonly1 has 120 seconds left.
|
|t:|1759013148
|move|p1a: Luxray|Thunderbolt|p2a: Classic
|-damage|p2a: Classic|29/100 par
|move|p2a: Classic|Night Shade|p1a: Luxray
|-damage|p1a: Luxray|17/100 brn
|
|-damage|p1a: Luxray|11/100 brn|[from] brn
|-damage|p1a: Luxray|0 fnt|[from] item: Sticky Barb
|faint|p1a: Luxray
|upkeep
|
|t:|1759013151
|switch|p1a: Staraptor|Staraptor, M|100/100
|-damage|p1a: Staraptor|76/100|[from] Stealth Rock
|turn|9
|inactive|Archietheonly1 has 120 seconds left.
|
|t:|1759013170
|move|p1a: Staraptor|Tailwind|p1a: Staraptor
|-sidestart|p1: Edcamaba|move: Tailwind
|move|p2a: Classic|Will-O-Wisp|p1a: Staraptor|[miss]
|-miss|p2a: Classic|p1a: Staraptor
|
|-heal|p1a: Staraptor|82/100|[from] item: Leftovers
|upkeep
|turn|10
|
|t:|1759013176
|move|p1a: Staraptor|Brave Bird|p2a: Classic
|-damage|p2a: Classic|0 fnt
|faint|p2a: Classic
|-damage|p1a: Staraptor|73/100|[from] Recoil
|
|-heal|p1a: Staraptor|79/100|[from] item: Leftovers
|upkeep
|inactive|Archietheonly1 has 120 seconds left.
|
|t:|1759013187
|switch|p2a: Legend|Tyranitar, F|100/100
|-weather|Sandstorm|[from] ability: Sand Stream|[of] p2a: Legend
|turn|11
|
|t:|1759013195
|move|p1a: Staraptor|Close Combat|p2a: Legend
|-supereffective|p2a: Legend
|-damage|p2a: Legend|0 fnt
|-unboost|p1a: Staraptor|def|1
|-unboost|p1a: Staraptor|spd|1
|faint|p2a: Legend
|
|-weather|Sandstorm|[upkeep]
|-damage|p1a: Staraptor|73/100|[from] Sandstorm
|-heal|p1a: Staraptor|79/100|[from] item: Leftovers
|upkeep
|inactive|Archietheonly1 has 120 seconds left.
|
|t:|1759013218
|switch|p2a: Lambo|Salamence, M|100/100
|turn|12
|
|t:|1759013224
|move|p1a: Staraptor|Substitute|p1a: Staraptor
|-start|p1a: Staraptor|Substitute
|-damage|p1a: Staraptor|54/100
|move|p2a: Lambo|Dragon Dance|p2a: Lambo
|-boost|p2a: Lambo|atk|1
|-boost|p2a: Lambo|spe|1
|
|-weather|Sandstorm|[upkeep]
|-damage|p1a: Staraptor|48/100|[from] Sandstorm
|-damage|p2a: Lambo|94/100|[from] Sandstorm
|-heal|p1a: Staraptor|54/100|[from] item: Leftovers
|-sideend|p1: Edcamaba|move: Tailwind
|upkeep
|turn|13
|inactive|Archietheonly1 has 120 seconds left.
|
|t:|1759013238
|move|p2a: Lambo|Dragon Dance|p2a: Lambo
|-boost|p2a: Lambo|atk|1
|-boost|p2a: Lambo|spe|1
|move|p1a: Staraptor|Tailwind|p1a: Staraptor
|-sidestart|p1: Edcamaba|move: Tailwind
|
|-weather|Sandstorm|[upkeep]
|-damage|p1a: Staraptor|48/100|[from] Sandstorm
|-damage|p2a: Lambo|88/100|[from] Sandstorm
|-heal|p1a: Staraptor|54/100|[from] item: Leftovers
|upkeep
|turn|14
|inactive|Archietheonly1 has 120 seconds left.
|
|t:|1759013254
|move|p1a: Staraptor|Brave Bird|p2a: Lambo
|-damage|p2a: Lambo|0 fnt
|faint|p2a: Lambo
|-damage|p1a: Staraptor|23/100|[from] Recoil
|
|-weather|Sandstorm|[upkeep]
|-damage|p1a: Staraptor|17/100|[from] Sandstorm
|-heal|p1a: Staraptor|23/100|[from] item: Leftovers
|upkeep
|
|t:|1759013265
|switch|p2a: Xylem|Electrode-Hisui|100/100
|turn|15
|
|t:|1759013269
|move|p1a: Staraptor|Brave Bird|p2a: Xylem
|-damage|p2a: Xylem|0 fnt
|faint|p2a: Xylem
|-damage|p1a: Staraptor|0 fnt|[from] Recoil
|faint|p1a: Staraptor
|
|-weather|none
|upkeep
|
|t:|1759013279
|switch|p2a: Big Boy|Snorlax, M|100/100
|switch|p1a: Houndoom|Houndoom, M|100/100
|-damage|p1a: Houndoom|76/100|[from] Stealth Rock
|-status|p1a: Houndoom|tox
|-damage|p1a: Houndoom|63/100 tox|[from] Spikes
|turn|16
|
|t:|1759013290
|move|p1a: Houndoom|Destiny Bond|p1a: Houndoom
|-singlemove|p1a: Houndoom|Destiny Bond
|move|p2a: Big Boy|Curse|p2a: Big Boy
|-unboost|p2a: Big Boy|spe|1
|-boost|p2a: Big Boy|atk|1
|-boost|p2a: Big Boy|def|1
|
|-damage|p1a: Houndoom|57/100 tox|[from] psn
|-sideend|p1: Edcamaba|move: Tailwind
|upkeep
|turn|17
|
|t:|1759013297
|move|p1a: Houndoom|Taunt|p2a: Big Boy
|-start|p2a: Big Boy|move: Taunt
|cant|p2a: Big Boy|move: Taunt|Curse
|
|-damage|p1a: Houndoom|45/100 tox|[from] psn
|upkeep
|turn|18
|
|t:|1759013312
|move|p1a: Houndoom|Destiny Bond|p1a: Houndoom
|-singlemove|p1a: Houndoom|Destiny Bond
|move|p2a: Big Boy|Crunch|p1a: Houndoom
|-resisted|p1a: Houndoom
|-damage|p1a: Houndoom|15/100 tox
|
|-damage|p1a: Houndoom|0 fnt|[from] psn
|faint|p1a: Houndoom
|upkeep
|
|t:|1759013322
|switch|p1a: Weavile|Weavile, M|100/100
|-damage|p1a: Weavile|76/100|[from] Stealth Rock
|-status|p1a: Weavile|tox
|-damage|p1a: Weavile|63/100 tox|[from] Spikes
|turn|19
|
|t:|1759013326
|move|p1a: Weavile|Fake Out|p2a: Big Boy
|-damage|p2a: Big Boy|93/100
|cant|p2a: Big Boy|flinch
|
|-damage|p1a: Weavile|57/100 tox|[from] psn
|-end|p2a: Big Boy|move: Taunt
|upkeep
|turn|20
|
|t:|1759013330
|move|p1a: Weavile|Knock Off|p2a: Big Boy
|-damage|p2a: Big Boy|68/100
|-enditem|p2a: Big Boy|Aguav Berry|[from] move: Knock Off|[of] p1a: Weavile
|move|p2a: Big Boy|Curse|p2a: Big Boy
|-unboost|p2a: Big Boy|spe|1
|-boost|p2a: Big Boy|atk|1
|-boost|p2a: Big Boy|def|1
|
|-damage|p1a: Weavile|45/100 tox|[from] psn
|upkeep
|turn|21
|
|t:|1759013336
|move|p1a: Weavile|Icicle Spear|p2a: Big Boy
|-damage|p2a: Big Boy|63/100
|-damage|p2a: Big Boy|59/100
|-crit|p2a: Big Boy
|-damage|p2a: Big Boy|45/100
|-damage|p2a: Big Boy|41/100
|-crit|p2a: Big Boy
|-damage|p2a: Big Boy|26/100
|-hitcount|p2a: Big Boy|5
|move|p2a: Big Boy|Curse|p2a: Big Boy
|-unboost|p2a: Big Boy|spe|1
|-boost|p2a: Big Boy|atk|1
|-boost|p2a: Big Boy|def|1
|
|-damage|p1a: Weavile|27/100 tox|[from] psn
|upkeep
|turn|22
|
|t:|1759013346
|move|p1a: Weavile|Icicle Spear|p2a: Big Boy
|-damage|p2a: Big Boy|22/100
|-damage|p2a: Big Boy|18/100
|-damage|p2a: Big Boy|14/100
|-damage|p2a: Big Boy|9/100
|-hitcount|p2a: Big Boy|4
|move|p2a: Big Boy|Rest|p2a: Big Boy
|-status|p2a: Big Boy|slp|[from] move: Rest
|-heal|p2a: Big Boy|100/100 slp|[silent]
|
|-damage|p1a: Weavile|3/100 tox|[from] psn
|upkeep
|turn|23
|
|t:|1759013365
|move|p1a: Weavile|Icicle Spear|p2a: Big Boy
|-damage|p2a: Big Boy|97/100 slp
|-damage|p2a: Big Boy|93/100 slp
|-damage|p2a: Big Boy|89/100 slp
|-damage|p2a: Big Boy|84/100 slp
|-crit|p2a: Big Boy
|-damage|p2a: Big Boy|69/100 slp
|-hitcount|p2a: Big Boy|5
|cant|p2a: Big Boy|slp
|move|p2a: Big Boy|Sleep Talk|p2a: Big Boy
|move|p2a: Big Boy|Rest||[from] move: Sleep Talk|[still]
|-fail|p2a: Big Boy
|
|-damage|p1a: Weavile|0 fnt|[from] psn
|faint|p1a: Weavile
|upkeep
|
|t:|1759013369
|switch|p1a: Pip|Empoleon, F|100/100
|-damage|p1a: Pip|94/100|[from] Stealth Rock
|-damage|p1a: Pip|82/100|[from] Spikes
|turn|24
|
|t:|1759013393
|move|p1a: Pip|Hydro Pump|p2a: Big Boy
|-damage|p2a: Big Boy|35/100 slp
|cant|p2a: Big Boy|slp
|move|p2a: Big Boy|Sleep Talk|p2a: Big Boy
|move|p2a: Big Boy|Rest||[from] move: Sleep Talk|[still]
|-fail|p2a: Big Boy
|
|upkeep
|turn|25
|
|t:|1759013402
|move|p1a: Pip|Hydro Pump|p2a: Big Boy
|-damage|p2a: Big Boy|5/100 slp
|-curestatus|p2a: Big Boy|slp|[msg]
|move|p2a: Big Boy|Rest|p2a: Big Boy
|-status|p2a: Big Boy|slp|[from] move: Rest
|-heal|p2a: Big Boy|100/100 slp|[silent]
|
|upkeep
|turn|26
|
|t:|1759013410
|move|p1a: Pip|Hydro Pump|p2a: Big Boy
|-damage|p2a: Big Boy|68/100 slp
|cant|p2a: Big Boy|slp
|move|p2a: Big Boy|Sleep Talk|p2a: Big Boy
|move|p2a: Big Boy|Curse|p2a: Big Boy|[from] move: Sleep Talk
|-unboost|p2a: Big Boy|spe|1
|-boost|p2a: Big Boy|atk|1
|-boost|p2a: Big Boy|def|1
|
|upkeep
|turn|27
|
|t:|1759013418
|move|p1a: Pip|Hydro Pump|p2a: Big Boy
|-damage|p2a: Big Boy|36/100 slp
|cant|p2a: Big Boy|slp
|move|p2a: Big Boy|Sleep Talk|p2a: Big Boy
|move|p2a: Big Boy|Crunch|p1a: Pip|[from] move: Sleep Talk
|-damage|p1a: Pip|17/100
|-unboost|p1a: Pip|def|1
|-ability|p1a: Pip|Competitive|boost
|-boost|p1a: Pip|spa|2
|
|upkeep
|turn|28
|
|t:|1759013432
|move|p1a: Pip|Hydro Pump|p2a: Big Boy
|-damage|p2a: Big Boy|0 fnt
|faint|p2a: Big Boy
|
|win|Edcamaba
|raw|Edcamaba's rating: 1000 &rarr; <strong>1043</strong><br />(+43 for winning)
|raw|Archietheonly1's rating: 1027 &rarr; <strong>1012</strong><br />(-15 for losing)
|l|☆Archietheonly1
|player|p2|
