|j|☆Pachydon
|j|☆supreme tortellini
|t:|1759011910
|gametype|singles
|player|p1|Pachydon|2|1309
|player|p2|supreme tortellini|lance|1353
|gen|9
|tier|[Gen 9] OU
|rated|
|rule|HP Percentage Mod: HP is shown in percentages
|rule|Endless Battle Clause: Forcing endless battles is banned
|rule|Species Clause: Limit one of each Pokémon
|rule|OHKO Clause: OHKO moves are banned
|rule|Evasion Items Clause: Evasion items are banned
|rule|Evasion Moves Clause: Evasion moves are banned
|rule|Evasion Abilities Clause: Evasion abilities are banned
|rule|Sleep Moves Clause: Sleep-inducing moves are banned
|clearpoke
|poke|p1|Gholdengo|
|poke|p1|Iron Treads|
|poke|p1|Moltres|
|poke|p1|Samurott-Hisui, F|
|poke|p1|Sinistcha|
|poke|p1|Ting-Lu|
|poke|p2|Slowking-Galar, F|
|poke|p2|Scizor, F|
|poke|p2|Moltres|
|poke|p2|Meowscarada, M|
|poke|p2|Raging Bolt|
|poke|p2|Great Tusk|
|teampreview
|inactive|Battle timer is ON: inactive players will automatically lose when time's up. (requested by supreme tortellini)
|inactive|supreme tortellini has 120 seconds left.
|
|t:|1759011950
|teamsize|p1|6
|teamsize|p2|6
|start
|switch|p1a: Moltres|Moltres|100/100
|switch|p2a: Meowscarada|Meowscarada, M|100/100
|turn|1
|
|t:|1759011956
|switch|p2a: Raging Bolt|Raging Bolt|100/100
|move|p1a: Moltres|U-turn|p2a: Raging Bolt
|-damage|p2a: Raging Bolt|88/100
|
|t:|1759011961
|switch|p1a: Ting-Lu|Ting-Lu, shiny|100/100|[from] U-turn
|-ability|p1a: Ting-Lu|Vessel of Ruin
|
|upkeep
|turn|2
|
|t:|1759011986
|-end|p2a: Raging Bolt|Protosynthesis|[silent]
|switch|p2a: Scizor|Scizor, F, shiny|100/100
|move|p1a: Ting-Lu|Stealth Rock|p2a: Scizor
|-sidestart|p2: supreme tortellini|move: Stealth Rock
|
|upkeep
|turn|3
|
|t:|1759011999
|switch|p1a: Moltres|Moltres|100/100
|move|p2a: Scizor|U-turn|p1a: Moltres
|-resisted|p1a: Moltres
|-damage|p1a: Moltres|91/100
|
|t:|1759012003
|switch|p2a: Raging Bolt|Raging Bolt|88/100|[from] U-turn
|-damage|p2a: Raging Bolt|76/100|[from] Stealth Rock
|
|upkeep
|turn|4
|
|t:|1759012022
|switch|p1a: Iron Treads|Iron Treads|100/100
|-terastallize|p2a: Raging Bolt|Dragon
|move|p2a: Raging Bolt|Draco Meteor|p1a: Iron Treads
|-resisted|p1a: Iron Treads
|-damage|p1a: Iron Treads|37/100
|-unboost|p2a: Raging Bolt|spa|2
|
|upkeep
|turn|5
|
|t:|1759012035
|-end|p2a: Raging Bolt|Protosynthesis|[silent]
|switch|p2a: Moltres|Moltres|100/100
|move|p1a: Iron Treads|Ice Spinner|p2a: Moltres
|-damage|p2a: Moltres|86/100
|-status|p1a: Iron Treads|brn|[from] ability: Flame Body|[of] p2a: Moltres
|
|-damage|p1a: Iron Treads|31/100 brn|[from] brn
|upkeep
|turn|6
|
|t:|1759012047
|-end|p1a: Iron Treads|Quark Drive|[silent]
|switch|p1a: Ting-Lu|Ting-Lu, shiny|100/100
|-ability|p1a: Ting-Lu|Vessel of Ruin
|move|p2a: Moltres|U-turn|p1a: Ting-Lu
|-supereffective|p1a: Ting-Lu
|-damage|p1a: Ting-Lu|83/100
|
|t:|1759012061
|switch|p2a: Scizor|Scizor, F, shiny|100/100|[from] U-turn
|-damage|p2a: Scizor|88/100|[from] Stealth Rock
|
|-heal|p1a: Ting-Lu|90/100|[from] item: Leftovers
|upkeep
|turn|7
|
|t:|1759012071
|switch|p2a: Great Tusk|Great Tusk|100/100
|move|p1a: Ting-Lu|Whirlwind|p2a: Great Tusk
|-end|p2a: Great Tusk|Protosynthesis|[silent]
|drag|p2a: Meowscarada|Meowscarada, M|100/100
|-damage|p2a: Meowscarada|88/100|[from] Stealth Rock
|
|-heal|p1a: Ting-Lu|96/100|[from] item: Leftovers
|upkeep
|turn|8
|
|t:|1759012081
|switch|p1a: Moltres|Moltres|91/100
|move|p2a: Meowscarada|Flower Trick|p1a: Moltres
|-start|p2a: Meowscarada|typechange|Grass|[from] ability: Protean
|-resisted|p1a: Moltres
|-crit|p1a: Moltres
|-damage|p1a: Moltres|84/100
|
|upkeep
|turn|9
|
|t:|1759012090
|switch|p2a: Slowking|Slowking-Galar, F|100/100
|move|p1a: Moltres|Will-O-Wisp|p2a: Slowking
|-status|p2a: Slowking|brn
|
|-damage|p2a: Slowking|94/100 brn|[from] brn
|upkeep
|turn|10
|
|t:|1759012101
|move|p1a: Moltres|U-turn|p2a: Slowking
|-damage|p2a: Slowking|80/100 brn
|
|t:|1759012105
|switch|p1a: Samurott|Samurott-Hisui, F|100/100|[from] U-turn
|-prepare|p2a: Slowking|Chilly Reception|[premajor]
|move|p2a: Slowking|Chilly Reception|p2a: Slowking
|-weather|Snowscape
|
|t:|1759012121
|switch|p2a: Meowscarada|Meowscarada, M|88/100|[from] Chilly Reception
|-damage|p2a: Meowscarada|76/100|[from] Stealth Rock
|
|-weather|Snowscape|[upkeep]
|upkeep
|turn|11
|
|t:|1759012127
|move|p2a: Meowscarada|U-turn|p1a: Samurott
|-start|p2a: Meowscarada|typechange|Bug|[from] ability: Protean
|-supereffective|p1a: Samurott
|-damage|p1a: Samurott|16/100
|
|t:|1759012137
|switch|p2a: Great Tusk|Great Tusk|100/100|[from] U-turn
|move|p1a: Samurott|Flip Turn|p2a: Great Tusk
|-supereffective|p2a: Great Tusk
|-damage|p2a: Great Tusk|57/100
|
|t:|1759012143
|switch|p1a: Moltres|Moltres|84/100|[from] Flip Turn
|
|-weather|Snowscape|[upkeep]
|upkeep
|turn|12
|
|t:|1759012150
|move|p2a: Great Tusk|Ice Spinner|p1a: Moltres
|-damage|p1a: Moltres|63/100
|move|p1a: Moltres|U-turn|p2a: Great Tusk
|-resisted|p2a: Great Tusk
|-damage|p2a: Great Tusk|52/100
|
|t:|1759012155
|switch|p1a: Samurott|Samurott-Hisui, F|16/100|[from] U-turn
|
|-weather|Snowscape|[upkeep]
|upkeep
|turn|13
|
|t:|1759012181
|-end|p2a: Great Tusk|Protosynthesis|[silent]
|switch|p2a: Meowscarada|Meowscarada, M|76/100
|-damage|p2a: Meowscarada|64/100|[from] Stealth Rock
|move|p1a: Samurott|Razor Shell|p2a: Meowscarada
|-resisted|p2a: Meowscarada
|-damage|p2a: Meowscarada|27/100
|
|-weather|Snowscape|[upkeep]
|upkeep
|turn|14
|
|t:|1759012192
|switch|p1a: Moltres|Moltres|63/100
|move|p2a: Meowscarada|U-turn|p1a: Moltres
|-start|p2a: Meowscarada|typechange|Bug|[from] ability: Protean
|-resisted|p1a: Moltres
|-damage|p1a: Moltres|57/100
|
|t:|1759012198
|switch|p2a: Great Tusk|Great Tusk|52/100|[from] U-turn
|
|-weather|none
|upkeep
|turn|15
|
|t:|1759012203
|move|p2a: Great Tusk|Rapid Spin|p1a: Moltres
|-damage|p1a: Moltres|45/100
|-boost|p2a: Great Tusk|spe|1
|-sideend|p2: supreme tortellini|Stealth Rock|[from] move: Rapid Spin|[of] p2a: Great Tusk
|move|p1a: Moltres|Roost|p1a: Moltres
|-heal|p1a: Moltres|95/100
|-singleturn|p1a: Moltres|move: Roost
|
|upkeep
|turn|16
|
|t:|1759012210
|move|p2a: Great Tusk|Head Smash|p1a: Moltres|[miss]
|-miss|p2a: Great Tusk|p1a: Moltres
|move|p1a: Moltres|U-turn|p2a: Great Tusk
|-resisted|p2a: Great Tusk
|-damage|p2a: Great Tusk|47/100
|
|t:|1759012216
|switch|p1a: Sinistcha|Sinistcha|100/100|[from] U-turn
|
|upkeep
|turn|17
|inactive|supreme tortellini has 120 seconds left.
|
|t:|1759012258
|-end|p2a: Great Tusk|Protosynthesis|[silent]
|switch|p2a: Raging Bolt|Raging Bolt, tera:Dragon|76/100
|move|p1a: Sinistcha|Shadow Ball|p2a: Raging Bolt
|-damage|p2a: Raging Bolt|46/100
|
|upkeep
|turn|18
|
|t:|1759012264
|switch|p1a: Iron Treads|Iron Treads|31/100 brn
|move|p2a: Raging Bolt|Draco Meteor|p1a: Iron Treads
|-resisted|p1a: Iron Treads
|-damage|p1a: Iron Treads|0 fnt
|-unboost|p2a: Raging Bolt|spa|2
|faint|p1a: Iron Treads
|-end|p1a: Iron Treads|Quark Drive|[silent]
|
|upkeep
|
|t:|1759012270
|switch|p1a: Ting-Lu|Ting-Lu, shiny|96/100
|-ability|p1a: Ting-Lu|Vessel of Ruin
|turn|19
|
|t:|1759012286
|-end|p2a: Raging Bolt|Protosynthesis|[silent]
|switch|p2a: Moltres|Moltres|86/100
|move|p1a: Ting-Lu|Stealth Rock|p2a: Moltres
|-sidestart|p2: supreme tortellini|move: Stealth Rock
|
|-heal|p1a: Ting-Lu|100/100|[from] item: Leftovers
|upkeep
|turn|20
|
|t:|1759012293
|switch|p1a: Moltres|Moltres|95/100
|move|p2a: Moltres|Will-O-Wisp|p1a: Moltres
|-immune|p1a: Moltres
|
|upkeep
|turn|21
|
|t:|1759012299
|move|p2a: Moltres|U-turn|p1a: Moltres
|-resisted|p1a: Moltres
|-damage|p1a: Moltres|93/100
|
|t:|1759012303
|switch|p2a: Slowking|Slowking-Galar, F|100/100 brn|[from] U-turn
|move|p1a: Moltres|Flamethrower|p2a: Slowking
|-crit|p2a: Slowking
|-damage|p2a: Slowking|65/100 brn
|
|-damage|p2a: Slowking|59/100 brn|[from] brn
|upkeep
|turn|22
|
|t:|1759012311
|move|p1a: Moltres|Flamethrower|p2a: Slowking
|-damage|p2a: Slowking|38/100 brn
|-prepare|p2a: Slowking|Chilly Reception|[premajor]
|move|p2a: Slowking|Chilly Reception|p2a: Slowking
|-weather|Snowscape
|
|t:|1759012316
|switch|p2a: Great Tusk|Great Tusk|47/100|[from] Chilly Reception
|
|-weather|Snowscape|[upkeep]
|upkeep
|turn|23
|
|t:|1759012324
|switch|p1a: Sinistcha|Sinistcha|100/100
|move|p2a: Great Tusk|Head Smash|p1a: Sinistcha
|-damage|p1a: Sinistcha|63/100
|-damage|p2a: Great Tusk|29/100|[from] Recoil
|
|-weather|Snowscape|[upkeep]
|upkeep
|turn|24
|
|t:|1759012343
|-end|p2a: Great Tusk|Protosynthesis|[silent]
|switch|p2a: Slowking|Slowking-Galar, F|71/100 brn
|move|p1a: Sinistcha|Strength Sap|p2a: Slowking
|-unboost|p2a: Slowking|atk|1
|-heal|p1a: Sinistcha|100/100
|
|-weather|Snowscape|[upkeep]
|-damage|p2a: Slowking|65/100 brn|[from] brn
|upkeep
|turn|25
|
|t:|1759012363
|switch|p1a: Samurott|Samurott-Hisui, F|16/100
|-prepare|p2a: Slowking|Chilly Reception|[premajor]
|move|p2a: Slowking|Chilly Reception|p2a: Slowking
|
|t:|1759012370
|switch|p2a: Meowscarada|Meowscarada, M|27/100|[from] Chilly Reception
|-damage|p2a: Meowscarada|14/100|[from] Stealth Rock
|
|-weather|Snowscape|[upkeep]
|upkeep
|turn|26
|
|t:|1759012376
|switch|p1a: Moltres|Moltres|93/100
|move|p2a: Meowscarada|U-turn|p1a: Moltres
|-start|p2a: Meowscarada|typechange|Bug|[from] ability: Protean
|-resisted|p1a: Moltres
|-damage|p1a: Moltres|87/100
|
|t:|1759012383
|switch|p2a: Great Tusk|Great Tusk|29/100|[from] U-turn
|
|-weather|none
|upkeep
|turn|27
|
|t:|1759012389
|switch|p1a: Sinistcha|Sinistcha|100/100
|move|p2a: Great Tusk|Head Smash|p1a: Sinistcha|[miss]
|-miss|p2a: Great Tusk|p1a: Sinistcha
|
|upkeep
|turn|28
|
|t:|1759012406
|-end|p2a: Great Tusk|Protosynthesis|[silent]
|switch|p2a: Scizor|Scizor, F, shiny|88/100
|-damage|p2a: Scizor|76/100|[from] Stealth Rock
|move|p1a: Sinistcha|Shadow Ball|p2a: Scizor
|-damage|p2a: Scizor|32/100
|-unboost|p2a: Scizor|spd|1
|
|upkeep
|turn|29
|
|t:|1759012416
|move|p2a: Scizor|Knock Off|p1a: Sinistcha
|-supereffective|p1a: Sinistcha
|-damage|p1a: Sinistcha|18/100
|-enditem|p1a: Sinistcha|Heavy-Duty Boots|[from] move: Knock Off|[of] p2a: Scizor
|move|p1a: Sinistcha|Shadow Ball|p2a: Scizor
|-damage|p2a: Scizor|0 fnt
|faint|p2a: Scizor
|
|upkeep
|
|t:|1759012427
|switch|p2a: Great Tusk|Great Tusk|29/100
|turn|30
|
|t:|1759012435
|move|p2a: Great Tusk|Ice Spinner|p1a: Sinistcha
|-supereffective|p1a: Sinistcha
|-damage|p1a: Sinistcha|0 fnt
|faint|p1a: Sinistcha
|
|upkeep
|
|t:|1759012438
|switch|p1a: Samurott|Samurott-Hisui, F|16/100
|turn|31
|inactive|supreme tortellini has 120 seconds left.
|inactive|supreme tortellini has 90 seconds left.
|
|t:|1759012517
|-end|p2a: Great Tusk|Protosynthesis|[silent]
|switch|p2a: Meowscarada|Meowscarada, M|14/100
|-damage|p2a: Meowscarada|2/100|[from] Stealth Rock
|move|p1a: Samurott|Razor Shell|p2a: Meowscarada
|-resisted|p2a: Meowscarada
|-damage|p2a: Meowscarada|0 fnt
|faint|p2a: Meowscarada
|
|upkeep
|inactive|supreme tortellini has 60 seconds left.
|
|t:|1759012540
|switch|p2a: Raging Bolt|Raging Bolt, tera:Dragon|46/100
|-damage|p2a: Raging Bolt|34/100|[from] Stealth Rock
|turn|32
|
|t:|1759012544
|switch|p1a: Ting-Lu|Ting-Lu, shiny|100/100
|-ability|p1a: Ting-Lu|Vessel of Ruin
|move|p2a: Raging Bolt|Thunderclap||[still]
|-fail|p2a: Raging Bolt
|
|upkeep
|turn|33
|
|t:|1759012555
|-end|p2a: Raging Bolt|Protosynthesis|[silent]
|switch|p2a: Great Tusk|Great Tusk|29/100
|move|p1a: Ting-Lu|Whirlwind|p2a: Great Tusk
|-end|p2a: Great Tusk|Protosynthesis|[silent]
|drag|p2a: Moltres|Moltres|86/100
|
|upkeep
|turn|34
|
|t:|1759012564
|switch|p1a: Moltres|Moltres|87/100
|move|p2a: Moltres|U-turn|p1a: Moltres
|-resisted|p1a: Moltres
|-damage|p1a: Moltres|85/100
|
|t:|1759012567
|switch|p2a: Great Tusk|Great Tusk|29/100|[from] U-turn
|
|upkeep
|turn|35
|inactive|supreme tortellini has 90 seconds left.
|
|t:|1759012582
|move|p2a: Great Tusk|Rapid Spin|p1a: Moltres
|-damage|p1a: Moltres|72/100
|-boost|p2a: Great Tusk|spe|1
|-sideend|p2: supreme tortellini|Stealth Rock|[from] move: Rapid Spin|[of] p2a: Great Tusk
|move|p1a: Moltres|Flamethrower|p2a: Great Tusk
|-damage|p2a: Great Tusk|0 fnt
|faint|p2a: Great Tusk
|-end|p2a: Great Tusk|Protosynthesis|[silent]
|
|upkeep
|
|t:|1759012586
|switch|p2a: Raging Bolt|Raging Bolt, tera:Dragon|34/100
|turn|36
|
|t:|1759012591
|switch|p1a: Ting-Lu|Ting-Lu, shiny|100/100
|-ability|p1a: Ting-Lu|Vessel of Ruin
|move|p2a: Raging Bolt|Draco Meteor|p1a: Ting-Lu
|-damage|p1a: Ting-Lu|37/100
|-unboost|p2a: Raging Bolt|spa|2
|
|-heal|p1a: Ting-Lu|44/100|[from] item: Leftovers
|upkeep
|turn|37
|
|t:|1759012602
|move|p2a: Raging Bolt|Draco Meteor|p1a: Ting-Lu
|-crit|p1a: Ting-Lu
|-damage|p1a: Ting-Lu|0 fnt
|-unboost|p2a: Raging Bolt|spa|2
|faint|p1a: Ting-Lu
|
|upkeep
|
|t:|1759012607
|switch|p1a: Samurott|Samurott-Hisui, F|16/100
|turn|38
|
|t:|1759012624
|switch|p1a: Gholdengo|Gholdengo|100/100
|-end|p2a: Raging Bolt|Protosynthesis|[silent]
|switch|p2a: Slowking|Slowking-Galar, F|98/100 brn
|
|-damage|p2a: Slowking|92/100 brn|[from] brn
|upkeep
|turn|39
|
|t:|1759012638
|-terastallize|p1a: Gholdengo|Steel
|move|p1a: Gholdengo|Make It Rain|p2a: Slowking
|-damage|p2a: Slowking|22/100 brn
|-unboost|p1a: Gholdengo|spa|1
|-prepare|p2a: Slowking|Chilly Reception|[premajor]
|move|p2a: Slowking|Chilly Reception|p2a: Slowking
|-weather|Snowscape
|inactive|supreme tortellini has 90 seconds left.
|
|t:|1759012659
|switch|p2a: Moltres|Moltres|86/100|[from] Chilly Reception
|
|-weather|Snowscape|[upkeep]
|upkeep
|turn|40
|
|t:|1759012667
|switch|p1a: Moltres|Moltres|72/100
|move|p2a: Moltres|U-turn|p1a: Moltres
|-resisted|p1a: Moltres
|-damage|p1a: Moltres|70/100
|
|t:|1759012670
|switch|p2a: Raging Bolt|Raging Bolt, tera:Dragon|34/100|[from] U-turn
|
|-weather|Snowscape|[upkeep]
|upkeep
|turn|41
|
|t:|1759012677
|move|p2a: Raging Bolt|Volt Switch|p1a: Moltres
|-supereffective|p1a: Moltres
|-damage|p1a: Moltres|0 fnt
|faint|p1a: Moltres
|
|t:|1759012695
|-end|p2a: Raging Bolt|Protosynthesis|[silent]
|switch|p2a: Moltres|Moltres|86/100|[from] Volt Switch
|
|-weather|Snowscape|[upkeep]
|upkeep
|
|t:|1759012699
|switch|p1a: Samurott|Samurott-Hisui, F|16/100
|turn|42
|
|t:|1759012714
|move|p1a: Samurott|Razor Shell|p2a: Moltres
|-supereffective|p2a: Moltres
|-damage|p2a: Moltres|15/100
|move|p2a: Moltres|U-turn|p1a: Samurott
|-supereffective|p1a: Samurott
|-damage|p1a: Samurott|0 fnt
|faint|p1a: Samurott
|
|t:|1759012726
|switch|p2a: Slowking|Slowking-Galar, F|55/100 brn|[from] U-turn
|
|-weather|Snowscape|[upkeep]
|-damage|p2a: Slowking|49/100 brn|[from] brn
|upkeep
|
|t:|1759012739
|switch|p1a: Gholdengo|Gholdengo, tera:Steel|100/100
|turn|43
|
|t:|1759012748
|move|p1a: Gholdengo|Nasty Plot|p1a: Gholdengo
|-boost|p1a: Gholdengo|spa|2
|move|p2a: Slowking|Future Sight|p1a: Gholdengo
|-start|p2a: Slowking|move: Future Sight
|
|-weather|none
|-damage|p2a: Slowking|43/100 brn|[from] brn
|upkeep
|turn|44
|
|t:|1759012756
|move|p1a: Gholdengo|Make It Rain|p2a: Slowking
|-damage|p2a: Slowking|0 fnt
|-unboost|p1a: Gholdengo|spa|1
|faint|p2a: Slowking
|
|upkeep
|inactive|supreme tortellini has 90 seconds left.
|
|t:|1759012800
|switch|p2a: Moltres|Moltres|15/100
|turn|45
|
|t:|1759012805
|move|p1a: Gholdengo|Thunderbolt|p2a: Moltres
|-supereffective|p2a: Moltres
|-damage|p2a: Moltres|0 fnt
|faint|p2a: Moltres
|
|-end|p1a: Gholdengo|move: Future Sight
|-resisted|p1a: Gholdengo
|-damage|p1a: Gholdengo|75/100
|upkeep
|
|t:|1759012818
|switch|p2a: Raging Bolt|Raging Bolt, tera:Dragon|34/100
|turn|46
|
|t:|1759012828
|move|p2a: Raging Bolt|Thunderclap|p1a: Gholdengo
|-damage|p1a: Gholdengo|6/100
|move|p1a: Gholdengo|Make It Rain|p2a: Raging Bolt
|-damage|p2a: Raging Bolt|0 fnt
|-unboost|p1a: Gholdengo|spa|1
|faint|p2a: Raging Bolt
|-end|p2a: Raging Bolt|Protosynthesis|[silent]
|
|win|Pachydon
|raw|Pachydon's rating: 1309 &rarr; <strong>1332</strong><br />(+23 for winning)
|raw|supreme tortellini's rating: 1353 &rarr; <strong>1330</strong><br />(-23 for losing)
