|j|☆cryogonow
|j|☆Sichser
|t:|1759056473
|gametype|singles
|player|p1|cryogonow|clerk|1118
|player|p2|Sichser|265|1101
|gen|9
|tier|[Gen 9] OU
|rated|
|rule|HP Percentage Mod: HP is shown in percentages
|rule|Endless Battle Clause: Forcing endless battles is banned
|rule|Species Clause: Limit one of each Pokémon
|rule|OHKO Clause: OHKO moves are banned
|rule|Evasion Items Clause: Evasion items are banned
|rule|Evasion Moves Clause: Evasion moves are banned
|rule|Evasion Abilities Clause: Evasion abilities are banned
|rule|Sleep Moves Clause: Sleep-inducing moves are banned
|clearpoke
|poke|p1|Mimikyu, F|
|poke|p1|Ursaluna, M|
|poke|p1|Reuniclus, F|
|poke|p1|Hatterene, F|
|poke|p1|Magcargo, M|
|poke|p1|Samurott-Hisui, F|
|poke|p2|Forretress, M|
|poke|p2|Ambipom, M|
|poke|p2|Gardevoir, F|
|poke|p2|Grimmsnarl, M|
|poke|p2|Salamence, M|
|poke|p2|Metagross|
|teampreview
|inactive|Battle timer is ON: inactive players will automatically lose when time's up. (requested by Sichser)
|
|t:|1759056485
|teamsize|p1|6
|teamsize|p2|6
|start
|switch|p1a: Samurott|Samurott-Hisui, F|100/100
|switch|p2a: Forretress|Forretress, M|100/100
|turn|1
|
|t:|1759056493
|move|p1a: Samurott|Knock Off|p2a: Forretress
|-damage|p2a: Forretress|79/100
|-damage|p1a: Samurott|84/100|[from] item: Rocky Helmet|[of] p2a: Forretress
|-enditem|p2a: Forretress|Rocky Helmet|[from] move: Knock Off|[of] p1a: Samurott
|move|p2a: Forretress|Stealth Rock|p1a: Samurott
|-sidestart|p1: cryogonow|move: Stealth Rock
|
|upkeep
|turn|2
|
|t:|1759056500
|move|p1a: Samurott|Ceaseless Edge|p2a: Forretress
|-damage|p2a: Forretress|55/100
|-sidestart|p2: Sichser|Spikes
|move|p2a: Forretress|Spikes|p1a: Samurott
|-sidestart|p1: cryogonow|Spikes
|
|upkeep
|turn|3
|
|t:|1759056507
|move|p1a: Samurott|Ceaseless Edge|p2a: Forretress
|-damage|p2a: Forretress|33/100
|-sidestart|p2: Sichser|Spikes
|move|p2a: Forretress|Spikes|p1a: Samurott
|-sidestart|p1: cryogonow|Spikes
|
|upkeep
|turn|4
|
|t:|1759056513
|move|p1a: Samurott|Razor Shell|p2a: Forretress
|-damage|p2a: Forretress|5/100
|move|p2a: Forretress|Spikes|p1a: Samurott
|-sidestart|p1: cryogonow|Spikes
|
|upkeep
|turn|5
|
|t:|1759056520
|move|p1a: Samurott|Ceaseless Edge|p2a: Forretress
|-damage|p2a: Forretress|0 fnt
|-sidestart|p2: Sichser|Spikes
|faint|p2a: Forretress
|
|upkeep
|
|t:|1759056531
|switch|p2a: Salamence|Salamence, M|100/100
|-ability|p2a: Salamence|Intimidate|boost
|-unboost|p1a: Samurott|atk|1
|turn|6
|
|t:|1759056545
|switch|p1a: Mimikyu|Mimikyu, F|100/100
|-damage|p1a: Mimikyu|88/100|[from] Stealth Rock
|-damage|p1a: Mimikyu|63/100|[from] Spikes
|move|p2a: Salamence|Dragon Dance|p2a: Salamence
|-boost|p2a: Salamence|atk|1
|-boost|p2a: Salamence|spe|1
|
|upkeep
|turn|7
|
|t:|1759056554
|move|p2a: Salamence|Iron Head|p1a: Mimikyu
|-activate|p1a: Mimikyu|ability: Disguise
|-damage|p1a: Mimikyu|63/100
|detailschange|p1a: Mimikyu|Mimikyu-Busted, F
|-damage|p1a: Mimikyu|51/100|[from] pokemon: Mimikyu-Busted
|-enditem|p1a: Mimikyu|Red Card|[of] p2a: Salamence
|drag|p2a: Ambipom|Ambipom, M|100/100
|-damage|p2a: Ambipom|76/100|[from] Spikes
|move|p1a: Mimikyu|Trick Room|p1a: Mimikyu
|-fieldstart|move: Trick Room|[of] p1a: Mimikyu
|
|upkeep
|turn|8
|
|t:|1759056567
|move|p1a: Mimikyu|Play Rough|p2a: Ambipom
|-damage|p2a: Ambipom|31/100
|move|p2a: Ambipom|U-turn|p1a: Mimikyu
|-resisted|p1a: Mimikyu
|-damage|p1a: Mimikyu|44/100
|-damage|p2a: Ambipom|21/100|[from] item: Life Orb
|
|t:|1759056575
|switch|p2a: Salamence|Salamence, M|100/100|[from] U-turn
|-ability|p2a: Salamence|Intimidate|boost
|-unboost|p1a: Mimikyu|atk|1
|
|upkeep
|turn|9
|
|t:|1759056582
|switch|p2a: Metagross|Metagross|100/100
|-damage|p2a: Metagross|76/100|[from] Spikes
|move|p1a: Mimikyu|Curse|p2a: Metagross
|-start|p2a: Metagross|Curse|[of] p1a: Mimikyu
|-damage|p1a: Mimikyu|0 fnt
|faint|p1a: Mimikyu
|
|-damage|p2a: Metagross|51/100|[from] Curse
|upkeep
|
|t:|1759056591
|switch|p1a: Reuniclus|Reuniclus, F|100/100
|turn|10
|
|t:|1759056597
|move|p1a: Reuniclus|Knock Off|p2a: Metagross
|-supereffective|p2a: Metagross
|-damage|p2a: Metagross|19/100
|-enditem|p2a: Metagross|Assault Vest|[from] move: Knock Off|[of] p1a: Reuniclus
|move|p2a: Metagross|Knock Off|p1a: Reuniclus
|-supereffective|p1a: Reuniclus
|-damage|p1a: Reuniclus|33/100
|-enditem|p1a: Reuniclus|Life Orb|[from] move: Knock Off|[of] p2a: Metagross
|
|-damage|p2a: Metagross|0 fnt|[from] Curse
|faint|p2a: Metagross
|upkeep
|
|t:|1759056609
|switch|p2a: Salamence|Salamence, M|100/100
|-ability|p2a: Salamence|Intimidate|boost
|-unboost|p1a: Reuniclus|atk|1
|turn|11
|
|t:|1759056617
|move|p1a: Reuniclus|Psychic Noise|p2a: Salamence
|-damage|p2a: Salamence|46/100
|-start|p2a: Salamence|move: Heal Block
|move|p2a: Salamence|Dragon Dance|p2a: Salamence
|-boost|p2a: Salamence|atk|1
|-boost|p2a: Salamence|spe|1
|
|-fieldend|move: Trick Room
|upkeep
|turn|12
|
|t:|1759056631
|move|p2a: Salamence|Iron Head|p1a: Reuniclus
|-damage|p1a: Reuniclus|0 fnt
|faint|p1a: Reuniclus
|
|-end|p2a: Salamence|move: Heal Block
|upkeep
|
|t:|1759056638
|switch|p1a: Magcargo|Magcargo, M|100/100
|-damage|p1a: Magcargo|75/100|[from] Stealth Rock
|-damage|p1a: Magcargo|50/100|[from] Spikes
|turn|13
|
|t:|1759056646
|move|p2a: Salamence|Earthquake|p1a: Magcargo
|-supereffective|p1a: Magcargo
|-damage|p1a: Magcargo|0 fnt
|faint|p1a: Magcargo
|
|upkeep
|
|t:|1759056656
|switch|p1a: Ursaluna|Ursaluna, M|100/100
|-damage|p1a: Ursaluna|94/100|[from] Stealth Rock
|-damage|p1a: Ursaluna|69/100|[from] Spikes
|turn|14
|
|t:|1759056665
|move|p2a: Salamence|Dragon Claw|p1a: Ursaluna
|-damage|p1a: Ursaluna|13/100
|move|p1a: Ursaluna|Facade|p2a: Salamence
|-damage|p2a: Salamence|0 fnt
|faint|p2a: Salamence
|
|-status|p1a: Ursaluna|brn|[from] item: Flame Orb
|upkeep
|
|t:|1759056678
|switch|p2a: Gardevoir|Gardevoir, F|100/100
|-damage|p2a: Gardevoir|76/100|[from] Spikes
|-ability|p2a: Gardevoir|Guts|Trace|[from] ability: Trace|[of] p1a: Ursaluna
|turn|15
|
|t:|1759056685
|move|p2a: Gardevoir|Vacuum Wave|p1a: Ursaluna
|-supereffective|p1a: Ursaluna
|-damage|p1a: Ursaluna|0 fnt
|faint|p1a: Ursaluna
|
|upkeep
|
|t:|1759056689
|switch|p1a: Hatterene|Hatterene, F|100/100
|-damage|p1a: Hatterene|88/100|[from] Stealth Rock
|-damage|p1a: Hatterene|63/100|[from] Spikes
|turn|16
|
|t:|1759056695
|switch|p2a: Ambipom|Ambipom, M|21/100
|-damage|p2a: Ambipom|0 fnt|[from] Spikes
|faint|p2a: Ambipom
|move|p1a: Hatterene|Trick Room|p1a: Hatterene
|-fieldstart|move: Trick Room|[of] p1a: Hatterene
|
|upkeep
|
|t:|1759056703
|switch|p2a: Grimmsnarl|Grimmsnarl, M|100/100
|-damage|p2a: Grimmsnarl|76/100|[from] Spikes
|turn|17
|
|t:|1759056707
|move|p2a: Grimmsnarl|Substitute|p2a: Grimmsnarl
|-start|p2a: Grimmsnarl|Substitute
|-damage|p2a: Grimmsnarl|51/100
|move|p1a: Hatterene|Dazzling Gleam|p2a: Grimmsnarl
|-supereffective|p2a: Grimmsnarl
|-end|p2a: Grimmsnarl|Substitute
|
|upkeep
|turn|18
|
|t:|1759056719
|move|p2a: Grimmsnarl|Parting Shot|p1a: Hatterene
|move|p1a: Hatterene|Parting Shot|p2a: Grimmsnarl|[from] ability: Magic Bounce
|-unboost|p2a: Grimmsnarl|atk|1
|-unboost|p2a: Grimmsnarl|spa|1
|
|t:|1759056722
|switch|p1a: Samurott|Samurott-Hisui, F|84/100|[from] Parting Shot
|-damage|p1a: Samurott|72/100|[from] Stealth Rock
|-damage|p1a: Samurott|47/100|[from] Spikes
|
|upkeep
|turn|19
|
|t:|1759056734
|move|p2a: Grimmsnarl|Substitute|p2a: Grimmsnarl
|-start|p2a: Grimmsnarl|Substitute
|-damage|p2a: Grimmsnarl|26/100
|move|p1a: Samurott|Razor Shell|p2a: Grimmsnarl
|-end|p2a: Grimmsnarl|Substitute
|
|upkeep
|turn|20
|
|t:|1759056742
|move|p2a: Grimmsnarl|Spirit Break|p1a: Samurott
|-supereffective|p1a: Samurott
|-damage|p1a: Samurott|0 fnt
|faint|p1a: Samurott
|
|-fieldend|move: Trick Room
|upkeep
|
|t:|1759056745
|switch|p1a: Hatterene|Hatterene, F|63/100
|-damage|p1a: Hatterene|51/100|[from] Stealth Rock
|-damage|p1a: Hatterene|26/100|[from] Spikes
|turn|21
|
|t:|1759056754
|move|p2a: Grimmsnarl|Sucker Punch|p1a: Hatterene
|-damage|p1a: Hatterene|0 fnt
|faint|p1a: Hatterene
|
|win|Sichser
|raw|cryogonow's rating: 1118 &rarr; <strong>1092</strong><br />(-26 for losing)
|raw|Sichser's rating: 1101 &rarr; <strong>1127</strong><br />(+26 for winning)
|l|☆cryogonow
|player|p1|
|l|☆Sichser
|player|p2|
