|j|☆scar_bracho
|j|☆Aethersome
|t:|1759050762
|gametype|singles
|player|p1|scar_bracho|shadowtriad|1228
|player|p2|Aethersome|nate|1294
|gen|9
|tier|[Gen 9] OU
|rated|
|rule|HP Percentage Mod: HP is shown in percentages
|rule|Endless Battle Clause: Forcing endless battles is banned
|rule|Species Clause: Limit one of each Pokémon
|rule|OHKO Clause: OHKO moves are banned
|rule|Evasion Items Clause: Evasion items are banned
|rule|Evasion Moves Clause: Evasion moves are banned
|rule|Evasion Abilities Clause: Evasion abilities are banned
|rule|Sleep Moves Clause: Sleep-inducing moves are banned
|clearpoke
|poke|p1|Porygon-Z|
|poke|p1|Conkeldurr, F|
|poke|p1|Forretress, M|
|poke|p1|Scizor, M|
|poke|p1|Sableye, M|
|poke|p1|Ambipom, M|
|poke|p2|Ninetales-Alola, M|
|poke|p2|Zoroark-Hisui, M|
|poke|p2|Milotic, M|
|poke|p2|Great Tusk|
|poke|p2|Kommo-o, M|
|poke|p2|Iron Valiant|
|teampreview
|inactive|Battle timer is ON: inactive players will automatically lose when time's up. (requested by scar_bracho)
|inactive|Aethersome also wants the timer to be on.
|
|t:|1759050772
|teamsize|p1|6
|teamsize|p2|6
|start
|switch|p1a: Forretress|Forretress, M|100/100
|switch|p2a: Ninetales|Ninetales-Alola, M|100/100
|-weather|Snowscape|[from] ability: Snow Warning|[of] p2a: Ninetales
|turn|1
|
|t:|1759050777
|move|p2a: Ninetales|Aurora Veil|p2a: Ninetales
|-sidestart|p2: Aethersome|move: Aurora Veil
|move|p1a: Forretress|Stealth Rock|p2a: Ninetales
|-sidestart|p2: Aethersome|move: Stealth Rock
|
|-weather|Snowscape|[upkeep]
|upkeep
|turn|2
|
|t:|1759050781
|move|p2a: Ninetales|Encore|p1a: Forretress
|-start|p1a: Forretress|Encore
|move|p1a: Forretress|Stealth Rock||[still]
|-fail|p1a: Forretress
|
|-weather|Snowscape|[upkeep]
|upkeep
|turn|3
|
|t:|1759050791
|switch|p2a: Great Tusk|Great Tusk|100/100
|-damage|p2a: Great Tusk|98/100|[from] Stealth Rock
|switch|p1a: Porygon-Z|Porygon-Z|100/100
|
|-weather|Snowscape|[upkeep]
|upkeep
|turn|4
|
|t:|1759050796
|switch|p1a: Sableye|Sableye, M|100/100
|move|p2a: Great Tusk|Rapid Spin|p1a: Sableye
|-immune|p1a: Sableye
|
|-weather|Snowscape|[upkeep]
|upkeep
|turn|5
|
|t:|1759050801
|move|p1a: Sableye|Encore|p2a: Great Tusk
|-start|p2a: Great Tusk|Encore
|move|p2a: Great Tusk|Rapid Spin|p1a: Sableye
|-immune|p1a: Sableye
|
|-weather|none
|upkeep
|turn|6
|
|t:|1759050807
|-end|p2a: Great Tusk|Protosynthesis|[silent]
|switch|p2a: Milotic|Milotic, M|100/100
|-damage|p2a: Milotic|88/100|[from] Stealth Rock
|move|p1a: Sableye|Will-O-Wisp|p2a: Milotic
|-status|p2a: Milotic|brn
|
|-damage|p2a: Milotic|82/100 brn|[from] brn
|upkeep
|turn|7
|
|t:|1759050816
|move|p2a: Milotic|Flip Turn|p1a: Sableye
|-damage|p1a: Sableye|90/100
|
|t:|1759050831
|switch|p2a: Iron Valiant|Iron Valiant|100/100|[from] Flip Turn
|-damage|p2a: Iron Valiant|88/100|[from] Stealth Rock
|move|p1a: Sableye|Knock Off|p2a: Iron Valiant
|-supereffective|p2a: Iron Valiant
|-damage|p2a: Iron Valiant|30/100
|replace|p2a: Zoroark|Zoroark-Hisui, M
|-end|p2a: Zoroark|Illusion
|-enditem|p2a: Zoroark|Normal Gem|[from] move: Knock Off|[of] p1a: Sableye
|
|-heal|p1a: Sableye|97/100|[from] item: Leftovers
|upkeep
|turn|8
|
|t:|1759050843
|move|p2a: Zoroark|Substitute|p2a: Zoroark
|-start|p2a: Zoroark|Substitute
|-damage|p2a: Zoroark|5/100
|move|p1a: Sableye|Knock Off|p2a: Zoroark
|-supereffective|p2a: Zoroark
|-end|p2a: Zoroark|Substitute
|
|-heal|p1a: Sableye|100/100|[from] item: Leftovers
|-sideend|p2: Aethersome|move: Aurora Veil
|upkeep
|turn|9
|
|t:|1759050848
|move|p2a: Zoroark|Shadow Ball|p1a: Sableye
|-damage|p1a: Sableye|61/100
|move|p1a: Sableye|Knock Off|p2a: Zoroark
|-supereffective|p2a: Zoroark
|-damage|p2a: Zoroark|0 fnt
|faint|p2a: Zoroark
|
|-heal|p1a: Sableye|67/100|[from] item: Leftovers
|upkeep
|
|t:|1759050856
|switch|p2a: Great Tusk|Great Tusk|98/100
|-damage|p2a: Great Tusk|95/100|[from] Stealth Rock
|turn|10
|
|t:|1759050863
|move|p1a: Sableye|Will-O-Wisp|p2a: Great Tusk
|-status|p2a: Great Tusk|brn
|move|p2a: Great Tusk|Knock Off|p1a: Sableye
|-damage|p1a: Sableye|42/100
|-enditem|p1a: Sableye|Leftovers|[from] move: Knock Off|[of] p2a: Great Tusk
|
|-damage|p2a: Great Tusk|88/100 brn|[from] brn
|upkeep
|turn|11
|-message|Aethersome forfeited.
|
|win|scar_bracho
|raw|scar_bracho's rating: 1228 &rarr; <strong>1258</strong><br />(+30 for winning)
|raw|Aethersome's rating: 1294 &rarr; <strong>1264</strong><br />(-30 for losing)
|l|☆Aethersome
|player|p2|
|l|☆scar_bracho
|player|p1|
