|badge|p1|bronze|gen9ou|100-6
|html|<div class="broadcast-red"><strong>This battle is required to be public due to one or more player having a season medal.</strong><br />During the public phase, you can discuss the state of the ladder <a href="/seasondiscussion">in a special chatroom.</a></div>
|uhtml|medal-msg|<div class="broadcast-blue">Curious what those medals under the avatar are? PS now has Ladder Seasons! For more information, check out the <a href="https://www.smogon.com/forums/threads/3740067/">thread on Smogon.</a></div>
|raw|<div class="broadcast-blue"><strong>This battle is required to be public due to a player having a name starting with 'medal'.</div>
|j|☆sentinental
|j|☆Omari P
|t:|1759015957
|gametype|singles
|player|p1|sentinental|blue-gen7|1772
|player|p2|Omari P|pokemonrangerf|1802
|gen|9
|tier|[Gen 9] OU
|rated|
|rule|HP Percentage Mod: HP is shown in percentages
|rule|Endless Battle Clause: Forcing endless battles is banned
|rule|Species Clause: Limit one of each Pokémon
|rule|OHKO Clause: OHKO moves are banned
|rule|Evasion Items Clause: Evasion items are banned
|rule|Evasion Moves Clause: Evasion moves are banned
|rule|Evasion Abilities Clause: Evasion abilities are banned
|rule|Sleep Moves Clause: Sleep-inducing moves are banned
|clearpoke
|poke|p1|Weavile, F|
|poke|p1|Primarina, F|
|poke|p1|Moltres|
|poke|p1|Great Tusk|
|poke|p1|Ting-Lu|
|poke|p1|Pecharunt|
|poke|p2|Cinderace, F|
|poke|p2|Volcanion|
|poke|p2|Torkoal, M|
|poke|p2|Mandibuzz, F|
|poke|p2|Great Tusk|
|poke|p2|Fezandipiti, M|
|teampreview
|inactive|Battle timer is ON: inactive players will automatically lose when time's up. (requested by sentinental)
|j| amefurikoneko
|
|t:|1759015963
|teamsize|p1|6
|teamsize|p2|6
|start
|switch|p1a: Great Tusk|Great Tusk|100/100
|switch|p2a: Torkoal|Torkoal, M, shiny|100/100
|-weather|SunnyDay|[from] ability: Drought|[of] p2a: Torkoal
|-activate|p1a: Great Tusk|ability: Protosynthesis
|-start|p1a: Great Tusk|protosynthesisatk
|turn|1
|
|t:|1759015968
|move|p1a: Great Tusk|Close Combat|p2a: Torkoal
|-damage|p2a: Torkoal|50/100
|-unboost|p1a: Great Tusk|def|1
|-unboost|p1a: Great Tusk|spd|1
|move|p2a: Torkoal|Fire Blast|p1a: Great Tusk
|-damage|p1a: Great Tusk|0 fnt
|faint|p1a: Great Tusk
|-end|p1a: Great Tusk|Protosynthesis|[silent]
|
|-weather|SunnyDay|[upkeep]
|upkeep
|
|t:|1759015972
|switch|p1a: Moltres|Moltres|100/100
|turn|2
|
|t:|1759015978
|move|p1a: Moltres|Scorching Sands|p2a: Torkoal
|-supereffective|p2a: Torkoal
|-damage|p2a: Torkoal|0 fnt
|faint|p2a: Torkoal
|
|-weather|SunnyDay|[upkeep]
|upkeep
|j| Otsdarva9
|
|t:|1759015983
|switch|p2a: Volcanion|Volcanion|100/100
|turn|3
|
|t:|1759015988
|move|p1a: Moltres|Scorching Sands|p2a: Volcanion
|-supereffective|p2a: Volcanion
|-damage|p2a: Volcanion|45/100
|move|p2a: Volcanion|Fire Blast|p1a: Moltres
|-resisted|p1a: Moltres
|-damage|p1a: Moltres|19/100
|
|-weather|SunnyDay|[upkeep]
|upkeep
|turn|4
|
|t:|1759015995
|move|p1a: Moltres|Hurricane|p2a: Volcanion
|-damage|p2a: Volcanion|0 fnt
|faint|p2a: Volcanion
|
|-weather|SunnyDay|[upkeep]
|upkeep
|
|t:|1759015996
|switch|p2a: Cinderace|Cinderace, F|100/100
|turn|5
|
|t:|1759016001
|switch|p1a: Pecharunt|Pecharunt|100/100
|move|p2a: Cinderace|Pyro Ball|p1a: Pecharunt
|-damage|p1a: Pecharunt|46/100
|
|-weather|SunnyDay|[upkeep]
|upkeep
|turn|6
|
|t:|1759016005
|move|p2a: Cinderace|Pyro Ball|p1a: Pecharunt
|-damage|p1a: Pecharunt|0 fnt
|faint|p1a: Pecharunt
|
|-weather|SunnyDay|[upkeep]
|upkeep
|
|t:|1759016007
|switch|p1a: Weavile|Weavile, F|100/100
|-ability|p1a: Weavile|Pressure
|turn|7
|
|t:|1759016011
|move|p1a: Weavile|Triple Axel|p2a: Cinderace
|-resisted|p2a: Cinderace
|-damage|p2a: Cinderace|90/100
|-resisted|p2a: Cinderace
|-damage|p2a: Cinderace|69/100
|-resisted|p2a: Cinderace
|-damage|p2a: Cinderace|36/100
|-hitcount|p2a: Cinderace|3
|move|p2a: Cinderace|Pyro Ball|p1a: Weavile
|-supereffective|p1a: Weavile
|-damage|p1a: Weavile|0 fnt
|faint|p1a: Weavile
|
|-weather|SunnyDay|[upkeep]
|upkeep
|
|t:|1759016013
|switch|p1a: Primarina|Primarina, F|100/100
|turn|8
|
|t:|1759016016
|move|p2a: Cinderace|Pyro Ball|p1a: Primarina
|-resisted|p1a: Primarina
|-damage|p1a: Primarina|56/100
|move|p1a: Primarina|Psychic Noise|p2a: Cinderace
|-supereffective|p2a: Cinderace
|-damage|p2a: Cinderace|0 fnt
|faint|p2a: Cinderace
|
|-weather|none
|-heal|p1a: Primarina|62/100|[from] item: Leftovers
|upkeep
|
|t:|1759016019
|switch|p2a: Chihiro|Fezandipiti, M|100/100
|turn|9
|
|t:|1759016020
|switch|p1a: Ting-Lu|Ting-Lu|100/100
|-ability|p1a: Ting-Lu|Vessel of Ruin
|move|p2a: Chihiro|Sludge Bomb|p1a: Ting-Lu
|-resisted|p1a: Ting-Lu
|-damage|p1a: Ting-Lu|93/100
|-status|p1a: Ting-Lu|psn
|
|-heal|p1a: Ting-Lu|99/100 psn|[from] item: Leftovers
|-damage|p1a: Ting-Lu|87/100 psn|[from] psn
|upkeep
|turn|10
|
|t:|1759016023
|switch|p2a: Haku|Great Tusk, shiny|100/100
|move|p1a: Ting-Lu|Earthquake|p2a: Haku
|-damage|p2a: Haku|73/100
|
|-heal|p1a: Ting-Lu|93/100 psn|[from] item: Leftovers
|-damage|p1a: Ting-Lu|81/100 psn|[from] psn
|upkeep
|turn|11
|
|t:|1759016028
|move|p2a: Haku|Ice Spinner|p1a: Ting-Lu
|-supereffective|p1a: Ting-Lu
|-damage|p1a: Ting-Lu|44/100 psn
|move|p1a: Ting-Lu|Stealth Rock|p2a: Haku
|-sidestart|p2: Omari P|move: Stealth Rock
|
|-heal|p1a: Ting-Lu|50/100 psn|[from] item: Leftovers
|-damage|p1a: Ting-Lu|38/100 psn|[from] psn
|upkeep
|turn|12
|
|t:|1759016034
|-end|p2a: Haku|Protosynthesis|[silent]
|switch|p2a: Omari P Bird|Mandibuzz, F, shiny|100/100
|-damage|p2a: Omari P Bird|76/100|[from] Stealth Rock
|move|p1a: Ting-Lu|Whirlwind|p2a: Omari P Bird
|drag|p2a: Chihiro|Fezandipiti, M|100/100
|-damage|p2a: Chihiro|88/100|[from] Stealth Rock
|
|-heal|p2a: Chihiro|94/100|[from] item: Leftovers
|-heal|p1a: Ting-Lu|44/100 psn|[from] item: Leftovers
|-damage|p1a: Ting-Lu|31/100 psn|[from] psn
|upkeep
|turn|13
|
|t:|1759016037
|move|p2a: Chihiro|Moonblast|p1a: Ting-Lu
|-supereffective|p1a: Ting-Lu
|-damage|p1a: Ting-Lu|1/100 psn
|-unboost|p1a: Ting-Lu|spa|1
|move|p1a: Ting-Lu|Ruination|p2a: Chihiro
|-damage|p2a: Chihiro|47/100
|
|-heal|p2a: Chihiro|53/100|[from] item: Leftovers
|-heal|p1a: Ting-Lu|7/100 psn|[from] item: Leftovers
|-damage|p1a: Ting-Lu|0 fnt|[from] psn
|faint|p1a: Ting-Lu
|upkeep
|
|t:|1759016041
|switch|p1a: Primarina|Primarina, F|62/100
|turn|14
|
|t:|1759016043
|-terastallize|p1a: Primarina|Ghost
|move|p2a: Chihiro|Sludge Bomb|p1a: Primarina
|-resisted|p1a: Primarina
|-damage|p1a: Primarina|50/100
|-status|p1a: Primarina|tox|[from] ability: Toxic Chain|[of] p2a: Chihiro
|move|p1a: Primarina|Calm Mind|p1a: Primarina
|-boost|p1a: Primarina|spa|1
|-boost|p1a: Primarina|spd|1
|
|-heal|p2a: Chihiro|59/100|[from] item: Leftovers
|-heal|p1a: Primarina|56/100 tox|[from] item: Leftovers
|-damage|p1a: Primarina|50/100 tox|[from] psn
|upkeep
|turn|15
|
|t:|1759016051
|move|p2a: Chihiro|Moonblast|p1a: Primarina
|-damage|p1a: Primarina|29/100 tox
|move|p1a: Primarina|Calm Mind|p1a: Primarina
|-boost|p1a: Primarina|spa|1
|-boost|p1a: Primarina|spd|1
|
|-heal|p2a: Chihiro|65/100|[from] item: Leftovers
|-heal|p1a: Primarina|35/100 tox|[from] item: Leftovers
|-damage|p1a: Primarina|23/100 tox|[from] psn
|upkeep
|turn|16
|-message|sentinental forfeited.
|
|win|Omari P
|raw|sentinental's rating: 1772 &rarr; <strong>1754</strong><br />(-18 for losing)
|raw|Omari P's rating: 1802 &rarr; <strong>1820</strong><br />(+18 for winning)
|l|☆sentinental
|player|p1|
