|j|☆kaspair
|j|☆SuchA_Nerd
|t:|1758952879
|gametype|singles
|player|p1|kaspair|hexmaniac-gen3|1209
|player|p2|SuchA_Nerd|2|1265
|gen|9
|tier|[Gen 9] OU
|rated|
|rule|HP Percentage Mod: HP is shown in percentages
|rule|Endless Battle Clause: Forcing endless battles is banned
|rule|Species Clause: Limit one of each Pokémon
|rule|OHKO Clause: OHKO moves are banned
|rule|Evasion Items Clause: Evasion items are banned
|rule|Evasion Moves Clause: Evasion moves are banned
|rule|Evasion Abilities Clause: Evasion abilities are banned
|rule|Sleep Moves Clause: Sleep-inducing moves are banned
|clearpoke
|poke|p1|Kommo-o, M|
|poke|p1|Gholdengo|
|poke|p1|Ninetales-Alola, F|
|poke|p1|Hatterene, F|
|poke|p1|Zamazenta-*|
|poke|p1|Kingambit, M|
|poke|p2|Poliwrath, F|
|poke|p2|Gliscor, F|
|poke|p2|Talonflame, M|
|poke|p2|Blastoise, F|
|poke|p2|Rotom-Frost|
|poke|p2|Iron Moth|
|teampreview
|inactive|Battle timer is ON: inactive players will automatically lose when time's up. (requested by kaspair)
|inactive|SuchA_Nerd has 120 seconds left.
|
|t:|1758952911
|teamsize|p1|6
|teamsize|p2|6
|start
|switch|p1a: Ninetales|Ninetales-Alola, F|100/100
|switch|p2a: Rotom|Rotom-Frost|100/100
|-weather|Snowscape|[from] ability: Snow Warning|[of] p1a: Ninetales
|turn|1
|
|t:|1758952921
|move|p1a: Ninetales|Aurora Veil|p1a: Ninetales
|-sidestart|p1: kaspair|move: Aurora Veil
|move|p2a: Rotom|Blizzard|p1a: Ninetales
|-resisted|p1a: Ninetales
|-damage|p1a: Ninetales|90/100
|
|-weather|Snowscape|[upkeep]
|upkeep
|turn|2
|
|t:|1758952951
|switch|p1a: Gholdengo|Gholdengo|100/100
|move|p2a: Rotom|Blizzard|p1a: Gholdengo
|-resisted|p1a: Gholdengo
|-damage|p1a: Gholdengo|89/100
|
|-weather|Snowscape|[upkeep]
|upkeep
|turn|3
|inactive|SuchA_Nerd has 120 seconds left.
|
|t:|1758952973
|switch|p2a: Blastoise|Blastoise, F|100/100
|move|p1a: Gholdengo|Focus Blast|p2a: Blastoise
|-damage|p2a: Blastoise|62/100
|
|-weather|Snowscape|[upkeep]
|upkeep
|turn|4
|inactive|SuchA_Nerd has 120 seconds left.
|
|t:|1758952986
|move|p1a: Gholdengo|Shadow Ball|p2a: Blastoise
|-damage|p2a: Blastoise|18/100
|move|p2a: Blastoise|Earthquake|p1a: Gholdengo
|-supereffective|p1a: Gholdengo
|-damage|p1a: Gholdengo|54/100
|
|-weather|Snowscape|[upkeep]
|upkeep
|turn|5
|-enditem|p2a: Blastoise|Custap Berry|[eat]
|-activate|p2a: Blastoise|item: Custap Berry|[consumed]
|
|t:|1758952995
|move|p2a: Blastoise|Earthquake|p1a: Gholdengo
|-supereffective|p1a: Gholdengo
|-damage|p1a: Gholdengo|20/100
|move|p1a: Gholdengo|Shadow Ball|p2a: Blastoise
|-damage|p2a: Blastoise|0 fnt
|faint|p2a: Blastoise
|
|-weather|none
|upkeep
|inactive|SuchA_Nerd has 120 seconds left.
|inactive|SuchA_Nerd has 90 seconds left.
|
|t:|1758953041
|switch|p2a: Talonflame|Talonflame, M|100/100
|turn|6
|-enditem|p1a: Gholdengo|Custap Berry|[eat]
|-activate|p1a: Gholdengo|item: Custap Berry|[consumed]
|
|t:|1758953048
|move|p1a: Gholdengo|Shadow Ball|p2a: Talonflame
|-damage|p2a: Talonflame|45/100
|-unboost|p2a: Talonflame|spd|1
|move|p2a: Talonflame|Flamethrower|p1a: Gholdengo
|-supereffective|p1a: Gholdengo
|-damage|p1a: Gholdengo|0 fnt
|faint|p1a: Gholdengo
|
|upkeep
|
|t:|1758953059
|switch|p1a: Ninetales|Ninetales-Alola, F|90/100
|-weather|Snowscape|[from] ability: Snow Warning|[of] p1a: Ninetales
|turn|7
|inactive|SuchA_Nerd has 90 seconds left.
|
|t:|1758953093
|move|p2a: Talonflame|Flamethrower|p1a: Ninetales
|-supereffective|p1a: Ninetales
|-damage|p1a: Ninetales|66/100
|-status|p1a: Ninetales|brn
|move|p1a: Ninetales|Freeze-Dry|p2a: Talonflame
|-damage|p2a: Talonflame|7/100
|
|-weather|Snowscape|[upkeep]
|-damage|p1a: Ninetales|60/100 brn|[from] brn
|upkeep
|turn|8
|inactive|SuchA_Nerd has 60 seconds left.
|
|t:|1758953125
|move|p2a: Talonflame|U-turn|p1a: Ninetales
|-resisted|p1a: Ninetales
|-damage|p1a: Ninetales|58/100 brn
|
|t:|1758953128
|switch|p2a: Iron Moth|Iron Moth|100/100|[from] U-turn
|-enditem|p2a: Iron Moth|Booster Energy
|-activate|p2a: Iron Moth|ability: Quark Drive|[fromitem]
|-start|p2a: Iron Moth|quarkdrivespa
|move|p1a: Ninetales|Freeze-Dry|p2a: Iron Moth
|-resisted|p2a: Iron Moth
|-crit|p2a: Iron Moth
|-damage|p2a: Iron Moth|86/100
|
|-weather|Snowscape|[upkeep]
|-damage|p1a: Ninetales|52/100 brn|[from] brn
|-sideend|p1: kaspair|move: Aurora Veil
|upkeep
|turn|9
|inactive|SuchA_Nerd has 60 seconds left.
|
|t:|1758953149
|move|p2a: Iron Moth|Fiery Dance|p1a: Ninetales
|-supereffective|p1a: Ninetales
|-damage|p1a: Ninetales|0 fnt
|-boost|p2a: Iron Moth|spa|1
|faint|p1a: Ninetales
|
|-weather|Snowscape|[upkeep]
|upkeep
|
|t:|1758953169
|switch|p1a: Zamazenta|Zamazenta|100/100
|-ability|p1a: Zamazenta|Dauntless Shield|boost
|-boost|p1a: Zamazenta|def|1
|turn|10
|
|t:|1758953176
|move|p1a: Zamazenta|Stone Edge|p2a: Iron Moth|[miss]
|-miss|p1a: Zamazenta|p2a: Iron Moth
|move|p2a: Iron Moth|Dazzling Gleam|p1a: Zamazenta
|-supereffective|p1a: Zamazenta
|-damage|p1a: Zamazenta|0 fnt
|faint|p1a: Zamazenta
|
|-weather|Snowscape|[upkeep]
|upkeep
|c|☆kaspair|fk it
|
|t:|1758953186
|switch|p1a: Kingambit|Kingambit, M|100/100
|-activate|p1a: Kingambit|ability: Supreme Overlord
|-start|p1a: Kingambit|fallen3|[silent]
|-item|p1a: Kingambit|Air Balloon
|turn|11
|
|t:|1758953201
|-terastallize|p1a: Kingambit|Ghost
|move|p2a: Iron Moth|Fiery Dance|p1a: Kingambit
|-damage|p1a: Kingambit|18/100
|-boost|p2a: Iron Moth|spa|1
|-enditem|p1a: Kingambit|Air Balloon
|move|p1a: Kingambit|Swords Dance|p1a: Kingambit
|-boost|p1a: Kingambit|atk|2
|
|-weather|none
|upkeep
|turn|12
|
|t:|1758953213
|-end|p2a: Iron Moth|Quark Drive|[silent]
|switch|p2a: Talonflame|Talonflame, M|7/100
|move|p1a: Kingambit|Sucker Punch||[still]
|-fail|p1a: Kingambit
|
|upkeep
|turn|13
|
|t:|1758953219
|move|p1a: Kingambit|Sucker Punch||[still]
|-fail|p1a: Kingambit
|move|p2a: Talonflame|Will-O-Wisp|p1a: Kingambit|[miss]
|-miss|p2a: Talonflame|p1a: Kingambit
|
|upkeep
|turn|14
|
|t:|1758953227
|move|p2a: Talonflame|Flamethrower|p1a: Kingambit
|-damage|p1a: Kingambit|0 fnt
|faint|p1a: Kingambit
|-end|p1a: Kingambit|fallen3|[silent]
|
|upkeep
|
|t:|1758953234
|switch|p1a: Kommo-o|Kommo-o, M|100/100
|turn|15
|
|t:|1758953239
|move|p2a: Talonflame|Will-O-Wisp|p1a: Kommo-o
|-status|p1a: Kommo-o|brn
|move|p1a: Kommo-o|Clangorous Soul|p1a: Kommo-o
|-boost|p1a: Kommo-o|atk|1
|-boost|p1a: Kommo-o|def|1
|-boost|p1a: Kommo-o|spa|1
|-boost|p1a: Kommo-o|spd|1
|-boost|p1a: Kommo-o|spe|1
|-damage|p1a: Kommo-o|68/100 brn
|-enditem|p1a: Kommo-o|Throat Spray
|-boost|p1a: Kommo-o|spa|1|[from] item: Throat Spray
|
|-damage|p1a: Kommo-o|61/100 brn|[from] brn
|upkeep
|turn|16
|inactive|SuchA_Nerd has 90 seconds left.
|
|t:|1758953255
|move|p1a: Kommo-o|Boomburst|p2a: Talonflame
|-damage|p2a: Talonflame|0 fnt
|faint|p2a: Talonflame
|
|-damage|p1a: Kommo-o|55/100 brn|[from] brn
|upkeep
|
|t:|1758953274
|switch|p2a: Rotom|Rotom-Frost|100/100
|turn|17
|
|t:|1758953280
|move|p1a: Kommo-o|Clanging Scales|p2a: Rotom
|-damage|p2a: Rotom|25/100
|-unboost|p1a: Kommo-o|def|1
|move|p2a: Rotom|Blizzard|p1a: Kommo-o
|-supereffective|p1a: Kommo-o
|-damage|p1a: Kommo-o|0 fnt
|faint|p1a: Kommo-o
|
|-heal|p2a: Rotom|32/100|[from] item: Leftovers
|upkeep
|-message|kaspair forfeited.
|
|win|SuchA_Nerd
|raw|kaspair's rating: 1209 &rarr; <strong>1188</strong><br />(-21 for losing)
|raw|SuchA_Nerd's rating: 1265 &rarr; <strong>1286</strong><br />(+21 for winning)
|l|☆kaspair
|player|p1|
|l|☆SuchA_Nerd
|player|p2|
