|j|☆iyasih
|j|☆Vnshee
|t:|1758984020
|gametype|singles
|player|p1|iyasih|266|1201
|player|p2|Vnshee|1|1216
|gen|9
|tier|[Gen 9] OU
|rated|
|rule|HP Percentage Mod: HP is shown in percentages
|rule|Endless Battle Clause: Forcing endless battles is banned
|rule|Species Clause: Limit one of each Pokémon
|rule|OHKO Clause: OHKO moves are banned
|rule|Evasion Items Clause: Evasion items are banned
|rule|Evasion Moves Clause: Evasion moves are banned
|rule|Evasion Abilities Clause: Evasion abilities are banned
|rule|Sleep Moves Clause: Sleep-inducing moves are banned
|clearpoke
|poke|p1|Dragonite, F|
|poke|p1|Gliscor, M|
|poke|p1|Kyurem|
|poke|p1|Latios, M|
|poke|p1|Raging Bolt|
|poke|p1|Walking Wake|
|poke|p2|Hydreigon, M|
|poke|p2|Feraligatr, M|
|poke|p2|Garchomp, M|
|poke|p2|Tyranitar, F|
|poke|p2|Tinkaton, F|
|poke|p2|Slowking-Galar, F|
|teampreview
|
|t:|1758984031
|teamsize|p1|6
|teamsize|p2|6
|start
|switch|p1a: Gliscor|Gliscor, M|100/100
|switch|p2a: Tinkaton|Tinkaton, F|100/100
|-ability|p2a: Tinkaton|Mold Breaker
|turn|1
|
|t:|1758984043
|move|p1a: Gliscor|Knock Off|p2a: Tinkaton
|-resisted|p2a: Tinkaton
|-damage|p2a: Tinkaton|91/100
|-enditem|p2a: Tinkaton|Leftovers|[from] move: Knock Off|[of] p1a: Gliscor
|move|p2a: Tinkaton|Stealth Rock|p1a: Gliscor
|-sidestart|p1: iyasih|move: Stealth Rock
|
|-status|p1a: Gliscor|tox|[from] item: Toxic Orb
|upkeep
|turn|2
|
|t:|1758984054
|move|p1a: Gliscor|High Horsepower|p2a: Tinkaton
|-supereffective|p2a: Tinkaton
|-damage|p2a: Tinkaton|33/100
|move|p2a: Tinkaton|Encore|p1a: Gliscor
|-start|p1a: Gliscor|Encore
|
|upkeep
|turn|3
|
|t:|1758984082
|switch|p1a: Walking Wake|Walking Wake|100/100
|-damage|p1a: Walking Wake|88/100|[from] Stealth Rock
|-enditem|p1a: Walking Wake|Booster Energy
|-activate|p1a: Walking Wake|ability: Protosynthesis|[fromitem]
|-start|p1a: Walking Wake|protosynthesisspe
|switch|p2a: Hydreigon|Hydreigon, M|100/100
|
|upkeep
|turn|4
|
|t:|1758984094
|move|p1a: Walking Wake|Dragon Claw|p2a: Hydreigon
|-supereffective|p2a: Hydreigon
|-damage|p2a: Hydreigon|49/100
|move|p2a: Hydreigon|Draco Meteor|p1a: Walking Wake
|-supereffective|p1a: Walking Wake
|-damage|p1a: Walking Wake|0 fnt
|-unboost|p2a: Hydreigon|spa|2
|faint|p1a: Walking Wake
|-end|p1a: Walking Wake|Protosynthesis|[silent]
|
|upkeep
|
|t:|1758984109
|switch|p1a: Kyurem|Kyurem|100/100
|-damage|p1a: Kyurem|76/100|[from] Stealth Rock
|-ability|p1a: Kyurem|Pressure
|turn|5
|
|t:|1758984121
|move|p2a: Hydreigon|Draco Meteor|p1a: Kyurem
|-supereffective|p1a: Kyurem
|-damage|p1a: Kyurem|2/100
|-unboost|p2a: Hydreigon|spa|2
|move|p1a: Kyurem|Dragon Dance|p1a: Kyurem
|-boost|p1a: Kyurem|atk|1
|-boost|p1a: Kyurem|spe|1
|
|-heal|p1a: Kyurem|8/100|[from] item: Leftovers
|upkeep
|turn|6
|
|t:|1758984133
|switch|p2a: Tyranitar|Tyranitar, F|100/100
|-weather|Sandstorm|[from] ability: Sand Stream|[of] p2a: Tyranitar
|move|p1a: Kyurem|Freeze-Dry|p2a: Tyranitar
|-damage|p2a: Tyranitar|92/100
|
|-weather|Sandstorm|[upkeep]
|-damage|p1a: Kyurem|2/100|[from] Sandstorm
|-heal|p1a: Kyurem|8/100|[from] item: Leftovers
|upkeep
|turn|7
|
|t:|1758984147
|-terastallize|p1a: Kyurem|Dragon
|move|p1a: Kyurem|Dragon Claw|p2a: Tyranitar
|-damage|p2a: Tyranitar|18/100
|move|p2a: Tyranitar|Knock Off|p1a: Kyurem
|-damage|p1a: Kyurem|0 fnt
|-enditem|p1a: Kyurem|Leftovers|[from] move: Knock Off|[of] p2a: Tyranitar
|faint|p1a: Kyurem
|
|-weather|Sandstorm|[upkeep]
|upkeep
|
|t:|1758984157
|switch|p1a: Dragonite|Dragonite, F|100/100
|-damage|p1a: Dragonite|76/100|[from] Stealth Rock
|turn|8
|
|t:|1758984167
|move|p1a: Dragonite|Fire Punch|p2a: Tyranitar
|-resisted|p2a: Tyranitar
|-damage|p2a: Tyranitar|7/100
|move|p2a: Tyranitar|Knock Off|p1a: Dragonite
|-damage|p1a: Dragonite|21/100
|-enditem|p1a: Dragonite|Leftovers|[from] move: Knock Off|[of] p2a: Tyranitar
|
|-weather|Sandstorm|[upkeep]
|-damage|p1a: Dragonite|14/100|[from] Sandstorm
|upkeep
|turn|9
|
|t:|1758984179
|switch|p2a: Feraligatr|Feraligatr, M|100/100
|move|p1a: Dragonite|Fire Punch|p2a: Feraligatr
|-resisted|p2a: Feraligatr
|-damage|p2a: Feraligatr|91/100
|
|-weather|Sandstorm|[upkeep]
|-damage|p1a: Dragonite|8/100|[from] Sandstorm
|-damage|p2a: Feraligatr|84/100|[from] Sandstorm
|upkeep
|turn|10
|
|t:|1758984187
|move|p1a: Dragonite|Extreme Speed|p2a: Feraligatr
|-damage|p2a: Feraligatr|61/100
|move|p2a: Feraligatr|Crunch|p1a: Dragonite
|-damage|p1a: Dragonite|0 fnt
|faint|p1a: Dragonite
|
|-weather|none
|upkeep
|-message|iyasih forfeited.
|
|win|Vnshee
|raw|iyasih's rating: 1201 &rarr; <strong>1177</strong><br />(-24 for losing)
|raw|Vnshee's rating: 1216 &rarr; <strong>1240</strong><br />(+24 for winning)
|l|☆iyasih
|player|p1|
|l|☆Vnshee
|player|p2|
