|j|☆lzc123456
|j|☆Dryosaurus
|t:|1759035426
|gametype|singles
|player|p1|lzc123456|cynthia-gen4|1606
|player|p2|Dryosaurus|koga|1597
|gen|9
|tier|[Gen 9] OU
|rated|
|rule|HP Percentage Mod: HP is shown in percentages
|rule|Endless Battle Clause: Forcing endless battles is banned
|rule|Species Clause: Limit one of each Pokémon
|rule|OHKO Clause: OHKO moves are banned
|rule|Evasion Items Clause: Evasion items are banned
|rule|Evasion Moves Clause: Evasion moves are banned
|rule|Evasion Abilities Clause: Evasion abilities are banned
|rule|Sleep Moves Clause: Sleep-inducing moves are banned
|clearpoke
|poke|p1|Iron Valiant|
|poke|p1|Gholdengo|
|poke|p1|Glimmora, M|
|poke|p1|Dragonite, F|
|poke|p1|Samurott-Hisui, M|
|poke|p1|Garchomp, M|
|poke|p2|Ninetales, F|
|poke|p2|Venusaur, F|
|poke|p2|Great Tusk|
|poke|p2|Walking Wake|
|poke|p2|Hatterene, F|
|poke|p2|Muk, F|
|teampreview
|inactive|Battle timer is ON: inactive players will automatically lose when time's up. (requested by Dryosaurus)
|
|t:|1759035466
|teamsize|p1|6
|teamsize|p2|6
|start
|switch|p1a: Samurott|Samurott-Hisui, M|100/100
|switch|p2a: Walking Wake|Walking Wake|100/100
|turn|1
|
|t:|1759035474
|move|p1a: Samurott|Ceaseless Edge|p2a: Walking Wake
|-damage|p2a: Walking Wake|52/100
|-sidestart|p2: Dryosaurus|Spikes
|move|p2a: Walking Wake|Draco Meteor|p1a: Samurott|[miss]
|-miss|p2a: Walking Wake|p1a: Samurott
|
|upkeep
|turn|2
|
|t:|1759035480
|move|p1a: Samurott|Ceaseless Edge|p2a: Walking Wake
|-damage|p2a: Walking Wake|6/100
|-sidestart|p2: Dryosaurus|Spikes
|move|p2a: Walking Wake|Draco Meteor|p1a: Samurott
|-damage|p1a: Samurott|0 fnt
|-unboost|p2a: Walking Wake|spa|2
|faint|p1a: Samurott
|
|upkeep
|inactive|lzc123456 has 120 seconds left.
|
|t:|1759035532
|switch|p1a: Dragonite|Dragonite, F|100/100
|turn|3
|
|t:|1759035541
|-end|p2a: Walking Wake|Protosynthesis|[silent]
|switch|p2a: Ninetales|Ninetales, F, shiny|100/100
|-damage|p2a: Ninetales|84/100|[from] Spikes
|-weather|SunnyDay|[from] ability: Drought|[of] p2a: Ninetales
|-terastallize|p1a: Dragonite|Fairy
|move|p1a: Dragonite|Dragon Dance|p1a: Dragonite
|-boost|p1a: Dragonite|atk|1
|-boost|p1a: Dragonite|spe|1
|
|-weather|SunnyDay|[upkeep]
|upkeep
|turn|4
|inactive|lzc123456 has 90 seconds left.
|l|☆lzc123456
|inactive|lzc123456 disconnected and has a minute to reconnect!
|player|p1|
|inactive|lzc123456 has 30 seconds to reconnect!
|inactive|lzc123456 has 20 seconds to reconnect!
|inactive|lzc123456 has 15 seconds to reconnect!
|inactive|lzc123456 has 10 seconds to reconnect!
|inactive|lzc123456 has 5 seconds to reconnect!
|j|☆lzc123456
|inactive|lzc123456 reconnected and has 35 seconds left.
|player|p1|lzc123456|cynthia-gen4|
|inactive|lzc123456 has 30 seconds left.
|
|t:|1759035631
|-terastallize|p2a: Ninetales|Grass
|move|p1a: Dragonite|Earthquake|p2a: Ninetales
|-resisted|p2a: Ninetales
|-damage|p2a: Ninetales|50/100
|move|p2a: Ninetales|Will-O-Wisp|p1a: Dragonite
|-status|p1a: Dragonite|brn
|
|-weather|SunnyDay|[upkeep]
|-damage|p1a: Dragonite|94/100 brn|[from] brn
|upkeep
|turn|5
|
|t:|1759035642
|move|p1a: Dragonite|Dragon Dance|p1a: Dragonite
|-boost|p1a: Dragonite|atk|1
|-boost|p1a: Dragonite|spe|1
|move|p2a: Ninetales|Healing Wish|p2a: Ninetales
|faint|p2a: Ninetales
|
|-weather|SunnyDay|[upkeep]
|-damage|p1a: Dragonite|88/100 brn|[from] brn
|upkeep
|
|t:|1759035649
|switch|p2a: Walking Wake|Walking Wake|6/100
|-heal|p2a: Walking Wake|100/100|[from] move: Healing Wish
|-damage|p2a: Walking Wake|84/100|[from] Spikes
|-activate|p2a: Walking Wake|ability: Protosynthesis
|-start|p2a: Walking Wake|protosynthesisspe
|turn|6
|
|t:|1759035658
|move|p1a: Dragonite|Tera Blast|p2a: Walking Wake|[anim] Tera Blast Fairy
|-supereffective|p2a: Walking Wake
|-damage|p2a: Walking Wake|0 fnt
|faint|p2a: Walking Wake
|-end|p2a: Walking Wake|Protosynthesis|[silent]
|
|-weather|SunnyDay|[upkeep]
|-damage|p1a: Dragonite|82/100 brn|[from] brn
|upkeep
|
|t:|1759035666
|switch|p2a: Venusaur|Venusaur, F, shiny|100/100
|-damage|p2a: Venusaur|84/100|[from] Spikes
|turn|7
|
|t:|1759035673
|move|p1a: Dragonite|Earthquake|p2a: Venusaur
|-damage|p2a: Venusaur|37/100
|move|p2a: Venusaur|Growth|p2a: Venusaur
|-boost|p2a: Venusaur|atk|2
|-boost|p2a: Venusaur|spa|2
|
|-weather|SunnyDay|[upkeep]
|-damage|p1a: Dragonite|76/100 brn|[from] brn
|upkeep
|turn|8
|-message|Dryosaurus forfeited.
|
|win|lzc123456
|raw|lzc123456's rating: 1606 &rarr; <strong>1625</strong><br />(+19 for winning)
|raw|Dryosaurus's rating: 1597 &rarr; <strong>1578</strong><br />(-19 for losing)
|l|☆Dryosaurus
|player|p2|
|l|☆lzc123456
|player|p1|
