|j|☆SamiFawad
|j|☆gothsaga
|t:|1759008748
|gametype|singles
|player|p1|SamiFawad|2|1528
|player|p2|gothsaga|zinnia-masters|1591
|gen|9
|tier|[Gen 9] OU
|rated|
|rule|HP Percentage Mod: HP is shown in percentages
|rule|Endless Battle Clause: Forcing endless battles is banned
|rule|Species Clause: Limit one of each Pokémon
|rule|OHKO Clause: OHKO moves are banned
|rule|Evasion Items Clause: Evasion items are banned
|rule|Evasion Moves Clause: Evasion moves are banned
|rule|Evasion Abilities Clause: Evasion abilities are banned
|rule|Sleep Moves Clause: Sleep-inducing moves are banned
|clearpoke
|poke|p1|Landorus-Therian, M|
|poke|p1|Samurott-Hisui, F|
|poke|p1|Great Tusk|
|poke|p1|Zamazenta-*|
|poke|p1|Slowking-Galar, M|
|poke|p1|Basculegion-F, F|
|poke|p2|Pecharunt|
|poke|p2|Great Tusk|
|poke|p2|Ogerpon-Wellspring, F|
|poke|p2|Iron Crown|
|poke|p2|Landorus-Therian, M|
|poke|p2|Samurott-Hisui, M|
|teampreview
|
|t:|1759008779
|teamsize|p1|6
|teamsize|p2|6
|start
|switch|p1a: Landorus|Landorus-Therian, M|100/100
|switch|p2a: Landorus|Landorus-Therian, M|100/100
|-ability|p2a: Landorus|Intimidate|boost
|-unboost|p1a: Landorus|atk|1
|-ability|p1a: Landorus|Intimidate|boost
|-unboost|p2a: Landorus|atk|1
|turn|1
|
|t:|1759008785
|move|p1a: Landorus|U-turn|p2a: Landorus
|-resisted|p2a: Landorus
|-damage|p2a: Landorus|90/100
|
|t:|1759008787
|switch|p1a: Great Tusk|Great Tusk|100/100|[from] U-turn
|move|p2a: Landorus|U-turn|p1a: Great Tusk
|-resisted|p1a: Great Tusk
|-damage|p1a: Great Tusk|96/100
|-damage|p2a: Landorus|73/100|[from] item: Rocky Helmet|[of] p1a: Great Tusk
|
|t:|1759008815
|switch|p2a: Ogerpon|Ogerpon-Wellspring, F|100/100|[from] U-turn
|
|upkeep
|turn|2
|inactive|Battle timer is ON: inactive players will automatically lose when time's up. (requested by gothsaga)
|
|t:|1759008873
|-end|p1a: Great Tusk|Protosynthesis|[silent]
|switch|p1a: Zamazenta|Zamazenta|100/100
|-ability|p1a: Zamazenta|Dauntless Shield|boost
|-boost|p1a: Zamazenta|def|1
|move|p2a: Ogerpon|Ivy Cudgel|p1a: Zamazenta|[anim] Ivy Cudgel Water
|-damage|p1a: Zamazenta|74/100
|
|upkeep
|turn|3
|
|t:|1759008895
|switch|p2a: Pecharunt|Pecharunt|100/100
|move|p1a: Zamazenta|Heavy Slam|p2a: Pecharunt
|-damage|p2a: Pecharunt|80/100
|-damage|p1a: Zamazenta|57/100|[from] item: Rocky Helmet|[of] p2a: Pecharunt
|
|upkeep
|turn|4
|
|t:|1759008904
|switch|p1a: Slowking|Slowking-Galar, M|100/100
|move|p2a: Pecharunt|Parting Shot|p1a: Slowking
|-unboost|p1a: Slowking|atk|1
|-unboost|p1a: Slowking|spa|1
|
|t:|1759008913
|switch|p2a: Iron Crown|Iron Crown|100/100|[from] Parting Shot
|
|upkeep
|turn|5
|
|t:|1759008919
|move|p2a: Iron Crown|Tachyon Cutter|p1a: Slowking
|-damage|p1a: Slowking|78/100
|-damage|p1a: Slowking|58/100
|-hitcount|p1a: Slowking|2
|move|p1a: Slowking|Future Sight|p2a: Iron Crown
|-start|p1a: Slowking|move: Future Sight
|
|upkeep
|turn|6
|
|t:|1759008946
|-end|p2a: Iron Crown|Quark Drive|[silent]
|switch|p2a: Pecharunt|Pecharunt|80/100
|switch|p1a: Samurott|Samurott-Hisui, F|100/100
|
|upkeep
|turn|7
|
|t:|1759008956
|switch|p2a: Samurott|Samurott-Hisui, M|100/100
|move|p1a: Samurott|Ceaseless Edge|p2a: Samurott
|-resisted|p2a: Samurott
|-damage|p2a: Samurott|73/100
|-sidestart|p2: gothsaga|Spikes
|
|-end|p2a: Samurott|move: Future Sight
|-immune|p2a: Samurott
|upkeep
|turn|8
|
|t:|1759008965
|move|p1a: Samurott|Sacred Sword|p2a: Samurott
|-supereffective|p2a: Samurott
|-damage|p2a: Samurott|0 fnt
|faint|p2a: Samurott
|
|upkeep
|
|t:|1759008978
|switch|p2a: Landorus|Landorus-Therian, M|73/100
|-ability|p2a: Landorus|Intimidate|boost
|-unboost|p1a: Samurott|atk|1
|turn|9
|
|t:|1759008983
|switch|p1a: Great Tusk|Great Tusk|96/100
|move|p2a: Landorus|U-turn|p1a: Great Tusk
|-resisted|p1a: Great Tusk
|-crit|p1a: Great Tusk
|-damage|p1a: Great Tusk|86/100
|-damage|p2a: Landorus|56/100|[from] item: Rocky Helmet|[of] p1a: Great Tusk
|
|t:|1759009002
|switch|p2a: Ogerpon|Ogerpon-Wellspring, F|100/100|[from] U-turn
|-damage|p2a: Ogerpon|88/100|[from] Spikes
|
|upkeep
|turn|10
|
|t:|1759009010
|-end|p1a: Great Tusk|Protosynthesis|[silent]
|switch|p1a: Zamazenta|Zamazenta|57/100
|move|p2a: Ogerpon|Swords Dance|p2a: Ogerpon
|-boost|p2a: Ogerpon|atk|2
|
|upkeep
|turn|11
|
|t:|1759009015
|move|p1a: Zamazenta|Close Combat|p2a: Ogerpon
|-damage|p2a: Ogerpon|28/100
|-unboost|p1a: Zamazenta|def|1
|-unboost|p1a: Zamazenta|spd|1
|move|p2a: Ogerpon|Ivy Cudgel|p1a: Zamazenta|[anim] Ivy Cudgel Water
|-damage|p1a: Zamazenta|0 fnt
|faint|p1a: Zamazenta
|
|upkeep
|
|t:|1759009022
|switch|p1a: Landorus|Landorus-Therian, M|100/100
|-ability|p1a: Landorus|Intimidate|boost
|-unboost|p2a: Ogerpon|atk|1
|turn|12
|
|t:|1759009028
|switch|p2a: Pecharunt|Pecharunt|80/100
|-damage|p2a: Pecharunt|68/100|[from] Spikes
|move|p1a: Landorus|U-turn|p2a: Pecharunt
|-resisted|p2a: Pecharunt
|-damage|p2a: Pecharunt|64/100
|-damage|p1a: Landorus|84/100|[from] item: Rocky Helmet|[of] p2a: Pecharunt
|
|t:|1759009032
|switch|p1a: Samurott|Samurott-Hisui, F|100/100|[from] U-turn
|
|upkeep
|turn|13
|
|t:|1759009038
|switch|p2a: Great Tusk|Great Tusk|100/100
|-damage|p2a: Great Tusk|88/100|[from] Spikes
|-enditem|p2a: Great Tusk|Booster Energy
|-activate|p2a: Great Tusk|ability: Protosynthesis|[fromitem]
|-start|p2a: Great Tusk|protosynthesisspe
|move|p1a: Samurott|Ceaseless Edge|p2a: Great Tusk
|-resisted|p2a: Great Tusk
|-damage|p2a: Great Tusk|75/100
|-sidestart|p2: gothsaga|Spikes
|
|upkeep
|turn|14
|
|t:|1759009047
|switch|p1a: Basculegion|Basculegion-F, F|100/100
|move|p2a: Great Tusk|Rapid Spin|p1a: Basculegion
|-immune|p1a: Basculegion
|
|upkeep
|turn|15
|
|t:|1759009069
|move|p2a: Great Tusk|Knock Off|p1a: Basculegion
|-supereffective|p1a: Basculegion
|-damage|p1a: Basculegion|37/100
|-enditem|p1a: Basculegion|Choice Specs|[from] move: Knock Off|[of] p2a: Great Tusk
|move|p1a: Basculegion|Shadow Ball|p2a: Great Tusk
|-damage|p2a: Great Tusk|8/100
|
|upkeep
|turn|16
|
|t:|1759009084
|move|p2a: Great Tusk|Knock Off|p1a: Basculegion
|-supereffective|p1a: Basculegion
|-damage|p1a: Basculegion|0 fnt
|faint|p1a: Basculegion
|
|upkeep
|
|t:|1759009089
|switch|p1a: Samurott|Samurott-Hisui, F|100/100
|turn|17
|
|t:|1759009100
|switch|p1a: Great Tusk|Great Tusk|86/100
|move|p2a: Great Tusk|Rapid Spin|p1a: Great Tusk
|-damage|p1a: Great Tusk|78/100
|-boost|p2a: Great Tusk|spe|1
|-damage|p2a: Great Tusk|0 fnt|[from] item: Rocky Helmet|[of] p1a: Great Tusk
|faint|p2a: Great Tusk
|-end|p2a: Great Tusk|Protosynthesis|[silent]
|
|upkeep
|
|t:|1759009114
|switch|p2a: Landorus|Landorus-Therian, M|56/100
|-ability|p2a: Landorus|Intimidate|boost
|-unboost|p1a: Great Tusk|atk|1
|turn|18
|
|t:|1759009121
|-terastallize|p2a: Landorus|Flying
|move|p2a: Landorus|Tera Blast|p1a: Great Tusk|[anim] Tera Blast Flying
|-supereffective|p1a: Great Tusk
|-damage|p1a: Great Tusk|11/100
|move|p1a: Great Tusk|Stealth Rock|p2a: Landorus
|-sidestart|p2: gothsaga|move: Stealth Rock
|
|upkeep
|turn|19
|
|t:|1759009128
|move|p2a: Landorus|Tera Blast|p1a: Great Tusk|[anim] Tera Blast Flying
|-supereffective|p1a: Great Tusk
|-damage|p1a: Great Tusk|0 fnt
|faint|p1a: Great Tusk
|-end|p1a: Great Tusk|Protosynthesis|[silent]
|
|upkeep
|
|t:|1759009132
|switch|p1a: Samurott|Samurott-Hisui, F|100/100
|turn|20
|
|t:|1759009146
|switch|p2a: Ogerpon|Ogerpon-Wellspring, F|28/100
|-damage|p2a: Ogerpon|11/100|[from] Spikes
|-damage|p2a: Ogerpon|0 fnt|[from] Stealth Rock
|faint|p2a: Ogerpon
|move|p1a: Samurott|Ceaseless Edge|p2: Ogerpon|[notarget]
|-fail|p1a: Samurott
|
|upkeep
|
|t:|1759009149
|switch|p2a: Pecharunt|Pecharunt|64/100
|-damage|p2a: Pecharunt|48/100|[from] Spikes
|-damage|p2a: Pecharunt|35/100|[from] Stealth Rock
|turn|21
|
|t:|1759009153
|move|p1a: Samurott|Ceaseless Edge|p2a: Pecharunt
|-supereffective|p2a: Pecharunt
|-crit|p2a: Pecharunt
|-damage|p2a: Pecharunt|0 fnt
|-damage|p1a: Samurott|84/100|[from] item: Rocky Helmet|[of] p2a: Pecharunt
|-sidestart|p2: gothsaga|Spikes
|faint|p2a: Pecharunt
|
|upkeep
|
|t:|1759009158
|switch|p2a: Landorus|Landorus-Therian, M, tera:Flying|56/100
|-damage|p2a: Landorus|32/100|[from] Stealth Rock
|-ability|p2a: Landorus|Intimidate|boost
|-unboost|p1a: Samurott|atk|1
|turn|22
|
|t:|1759009163
|move|p1a: Samurott|Sucker Punch|p2a: Landorus
|-damage|p2a: Landorus|8/100
|move|p2a: Landorus|Tera Blast|p1a: Samurott|[anim] Tera Blast Flying
|-damage|p1a: Samurott|1/100
|
|upkeep
|turn|23
|
|t:|1759009166
|move|p1a: Samurott|Sucker Punch|p2a: Landorus
|-damage|p2a: Landorus|0 fnt
|faint|p2a: Landorus
|
|upkeep
|
|t:|1759009168
|switch|p2a: Iron Crown|Iron Crown|100/100
|-damage|p2a: Iron Crown|76/100|[from] Spikes
|-damage|p2a: Iron Crown|69/100|[from] Stealth Rock
|turn|24
|
|t:|1759009174
|move|p2a: Iron Crown|Tachyon Cutter|p1a: Samurott
|-resisted|p1a: Samurott
|-damage|p1a: Samurott|0 fnt
|faint|p1a: Samurott
|-hitcount|p1: Samurott|1
|
|upkeep
|
|t:|1759009179
|switch|p1a: Slowking|Slowking-Galar, M|91/100
|turn|25
|
|t:|1759009182
|move|p2a: Iron Crown|Tachyon Cutter|p1a: Slowking
|-damage|p1a: Slowking|72/100
|-damage|p1a: Slowking|52/100
|-hitcount|p1a: Slowking|2
|move|p1a: Slowking|Flamethrower|p2a: Iron Crown
|-supereffective|p2a: Iron Crown
|-damage|p2a: Iron Crown|6/100
|
|upkeep
|turn|26
|
|t:|1759009185
|move|p2a: Iron Crown|Tachyon Cutter|p1a: Slowking
|-damage|p1a: Slowking|31/100
|-damage|p1a: Slowking|12/100
|-hitcount|p1a: Slowking|2
|move|p1a: Slowking|Flamethrower|p2a: Iron Crown
|-supereffective|p2a: Iron Crown
|-damage|p2a: Iron Crown|0 fnt
|faint|p2a: Iron Crown
|-end|p2a: Iron Crown|Quark Drive|[silent]
|
|win|SamiFawad
|raw|SamiFawad's rating: 1528 &rarr; <strong>1552</strong><br />(+24 for winning)
|raw|gothsaga's rating: 1591 &rarr; <strong>1567</strong><br />(-24 for losing)
|l|☆gothsaga
|player|p2|
|l|☆SamiFawad
|player|p1|
