|j|☆alexismarelli
|j|☆scolane
|t:|1758969376
|gametype|singles
|player|p1|alexismarelli|1|1107
|player|p2|scolane|hilda|1136
|gen|9
|tier|[Gen 9] OU
|rated|
|rule|HP Percentage Mod: HP is shown in percentages
|rule|Endless Battle Clause: Forcing endless battles is banned
|rule|Species Clause: Limit one of each Pokémon
|rule|OHKO Clause: OHKO moves are banned
|rule|Evasion Items Clause: Evasion items are banned
|rule|Evasion Moves Clause: Evasion moves are banned
|rule|Evasion Abilities Clause: Evasion abilities are banned
|rule|Sleep Moves Clause: Sleep-inducing moves are banned
|clearpoke
|poke|p1|Smeargle, M|
|poke|p1|Furret, M|
|poke|p1|Gumshoos, M|
|poke|p1|Persian, M|
|poke|p1|Zangoose, F|
|poke|p1|Greedent, F|
|poke|p2|Scyther, M|
|poke|p2|Ceruledge, M|
|poke|p2|Coalossal, M|
|poke|p2|Dragonite, M|
|poke|p2|Great Tusk|
|poke|p2|Araquanid, M|
|teampreview
|
|t:|1758969382
|teamsize|p1|6
|teamsize|p2|6
|start
|switch|p1a: Smeargle|Smeargle, M|100/100
|switch|p2a: Araquanid|Araquanid, M, shiny|100/100
|turn|1
|inactive|Battle timer is ON: inactive players will automatically lose when time's up. (requested by scolane)
|
|t:|1758969387
|move|p1a: Smeargle|Shell Smash|p1a: Smeargle
|-unboost|p1a: Smeargle|def|1
|-unboost|p1a: Smeargle|spd|1
|-boost|p1a: Smeargle|atk|2
|-boost|p1a: Smeargle|spa|2
|-boost|p1a: Smeargle|spe|2
|move|p2a: Araquanid|Sticky Web|p1a: Smeargle
|-sidestart|p1: alexismarelli|move: Sticky Web
|
|upkeep
|turn|2
|
|t:|1758969395
|move|p1a: Smeargle|Population Bomb|p2a: Araquanid
|-damage|p2a: Araquanid|85/100
|-damage|p2a: Araquanid|72/100
|-damage|p2a: Araquanid|57/100
|-damage|p2a: Araquanid|44/100
|-damage|p2a: Araquanid|29/100
|-crit|p2a: Araquanid
|-damage|p2a: Araquanid|8/100
|-damage|p2a: Araquanid|0 fnt
|faint|p2a: Araquanid
|-hitcount|p2: Araquanid|7
|
|upkeep
|
|t:|1758969399
|switch|p2a: Ceruledge|Ceruledge, M|100/100
|turn|3
|
|t:|1758969411
|move|p1a: Smeargle|Power Trip|p2a: Ceruledge
|-supereffective|p2a: Ceruledge
|-damage|p2a: Ceruledge|0 fnt
|faint|p2a: Ceruledge
|
|upkeep
|
|t:|1758969419
|switch|p2a: Coalossal|Coalossal, M, shiny|100/100
|turn|4
|
|t:|1758969423
|move|p1a: Smeargle|Shell Smash|p1a: Smeargle
|-unboost|p1a: Smeargle|def|1
|-unboost|p1a: Smeargle|spd|1
|-boost|p1a: Smeargle|atk|2
|-boost|p1a: Smeargle|spa|2
|-boost|p1a: Smeargle|spe|2
|move|p2a: Coalossal|Meteor Beam||[still]
|-prepare|p2a: Coalossal|Meteor Beam
|-boost|p2a: Coalossal|spa|1
|-enditem|p2a: Coalossal|Power Herb
|-anim|p2a: Coalossal|Meteor Beam|p1a: Smeargle
|-enditem|p1a: Smeargle|Focus Sash
|-damage|p1a: Smeargle|1/100
|
|upkeep
|turn|5
|
|t:|1758969435
|move|p1a: Smeargle|Power Trip|p2a: Coalossal
|-damage|p2a: Coalossal|20/100
|move|p2a: Coalossal|Scald|p1a: Smeargle
|-damage|p1a: Smeargle|0 fnt
|faint|p1a: Smeargle
|
|upkeep
|
|t:|1758969446
|switch|p1a: Persian|Persian, M|100/100
|-activate|p1a: Persian|move: Sticky Web
|-unboost|p1a: Persian|spe|1
|turn|6
|
|t:|1758969456
|move|p1a: Persian|Fake Out|p2a: Coalossal
|-resisted|p2a: Coalossal
|-damage|p2a: Coalossal|10/100
|cant|p2a: Coalossal|flinch
|
|upkeep
|turn|7
|
|t:|1758969459
|move|p1a: Persian|Foul Play|p2a: Coalossal
|-damage|p2a: Coalossal|1/100
|move|p2a: Coalossal|Power Gem|p1a: Persian
|-damage|p1a: Persian|13/100
|
|upkeep
|turn|8
|
|t:|1758969464
|move|p1a: Persian|Foul Play|p2a: Coalossal
|-damage|p2a: Coalossal|0 fnt
|faint|p2a: Coalossal
|
|upkeep
|
|t:|1758969474
|switch|p2a: Dragonite|Dragonite, M|100/100
|turn|9
|
|t:|1758969477
|move|p2a: Dragonite|Extreme Speed|p1a: Persian
|-crit|p1a: Persian
|-damage|p1a: Persian|0 fnt
|faint|p1a: Persian
|
|upkeep
|
|t:|1758969480
|switch|p1a: Furret|Furret, M|100/100
|-activate|p1a: Furret|move: Sticky Web
|-unboost|p1a: Furret|spe|1
|-item|p2a: Dragonite|Loaded Dice|[from] ability: Frisk|[of] p1a: Furret
|turn|10
|
|t:|1758969485
|-terastallize|p1a: Furret|Ghost
|move|p1a: Furret|Trick|p2a: Dragonite
|-activate|p1a: Furret|move: Trick|[of] p2a: Dragonite
|-item|p2a: Dragonite|Choice Scarf|[from] move: Trick
|-item|p1a: Furret|Loaded Dice|[from] move: Trick
|move|p2a: Dragonite|Dragon Dance|p2a: Dragonite
|-boost|p2a: Dragonite|atk|1
|-boost|p2a: Dragonite|spe|1
|
|upkeep
|turn|11
|
|t:|1758969492
|switch|p2a: Scyther|Scyther, M, shiny|100/100
|move|p1a: Furret|Tidy Up|p1a: Furret
|-sideend|p1: alexismarelli|Sticky Web
|-activate|p1a: Furret|move: Tidy Up
|-boost|p1a: Furret|atk|1
|-boost|p1a: Furret|spe|1
|
|upkeep
|turn|12
|
|t:|1758969503
|move|p2a: Scyther|Dual Wingbeat|p1a: Furret
|-damage|p1a: Furret|35/100
|-damage|p1a: Furret|0 fnt
|faint|p1a: Furret
|-hitcount|p1: Furret|2
|
|upkeep
|
|t:|1758969507
|switch|p1a: Greedent|Greedent, F|100/100
|turn|13
|
|t:|1758969512
|-terastallize|p2a: Scyther|Flying
|move|p2a: Scyther|Dual Wingbeat|p1a: Greedent
|-damage|p1a: Greedent|53/100
|-damage|p1a: Greedent|6/100
|-enditem|p1a: Greedent|Sitrus Berry|[eat]
|-heal|p1a: Greedent|31/100|[from] item: Sitrus Berry
|-heal|p1a: Greedent|65/100|[from] ability: Cheek Pouch
|-hitcount|p1a: Greedent|2
|move|p1a: Greedent|Body Slam|p2a: Scyther
|-damage|p2a: Scyther|41/100
|
|upkeep
|turn|14
|
|t:|1758969523
|move|p2a: Scyther|Dual Wingbeat|p1a: Greedent
|-damage|p1a: Greedent|18/100
|-damage|p1a: Greedent|0 fnt
|faint|p1a: Greedent
|-hitcount|p1: Greedent|2
|
|upkeep
|
|t:|1758969525
|switch|p1a: Zangoose|Zangoose, F|100/100
|turn|15
|
|t:|1758969529
|move|p1a: Zangoose|Quick Attack|p2a: Scyther
|-damage|p2a: Scyther|14/100
|move|p2a: Scyther|Dual Wingbeat|p1a: Zangoose
|-damage|p1a: Zangoose|0 fnt
|faint|p1a: Zangoose
|-hitcount|p1: Zangoose|1
|
|upkeep
|
|t:|1758969532
|switch|p1a: Gumshoos|Gumshoos, M|100/100
|turn|16
|
|t:|1758969535
|move|p2a: Scyther|Dual Wingbeat|p1a: Gumshoos
|-damage|p1a: Gumshoos|31/100
|-damage|p1a: Gumshoos|0 fnt
|faint|p1a: Gumshoos
|-hitcount|p1: Gumshoos|2
|
|win|scolane
|raw|alexismarelli's rating: 1107 &rarr; <strong>1084</strong><br />(-23 for losing)
|raw|scolane's rating: 1136 &rarr; <strong>1159</strong><br />(+23 for winning)
|l|☆alexismarelli
|player|p1|
|c|☆scolane|gg
|l|☆scolane
|player|p2|
