|j|☆gimmejustawinpls
|j|☆B!ngChiLing
|t:|1759021994
|gametype|singles
|player|p1|gimmejustawinpls|eusine|1327
|player|p2|B!ngChiLing|dragontamer|1322
|gen|9
|tier|[Gen 9] OU
|rated|
|rule|HP Percentage Mod: HP is shown in percentages
|rule|Endless Battle Clause: Forcing endless battles is banned
|rule|Species Clause: Limit one of each Pokémon
|rule|OHKO Clause: OHKO moves are banned
|rule|Evasion Items Clause: Evasion items are banned
|rule|Evasion Moves Clause: Evasion moves are banned
|rule|Evasion Abilities Clause: Evasion abilities are banned
|rule|Sleep Moves Clause: Sleep-inducing moves are banned
|clearpoke
|poke|p1|Araquanid, F|
|poke|p1|Dragonite, F|
|poke|p1|Samurott-Hisui, F|
|poke|p1|Hoopa-Unbound|
|poke|p1|Scizor, M|
|poke|p1|Hatterene, F|
|poke|p2|Manaphy|
|poke|p2|Kingdra, F|
|poke|p2|Raging Bolt|
|poke|p2|Grimmsnarl, M|
|poke|p2|Great Tusk|
|poke|p2|Kingambit, F|
|teampreview
|inactive|Battle timer is ON: inactive players will automatically lose when time's up. (requested by B!ngChiLing)
|
|t:|1759022009
|teamsize|p1|6
|teamsize|p2|6
|start
|switch|p1a: Hoopa|Hoopa-Unbound|100/100
|switch|p2a: Grimmsnarl|Grimmsnarl, M|100/100
|turn|1
|
|t:|1759022018
|move|p1a: Hoopa|Trick|p2a: Grimmsnarl
|-activate|p1a: Hoopa|move: Trick|[of] p2a: Grimmsnarl
|-item|p2a: Grimmsnarl|Choice Scarf|[from] move: Trick
|-item|p1a: Hoopa|Light Clay|[from] move: Trick
|move|p2a: Grimmsnarl|Play Rough|p1a: Hoopa
|-supereffective|p1a: Hoopa
|-damage|p1a: Hoopa|0 fnt
|faint|p1a: Hoopa
|
|upkeep
|
|t:|1759022027
|switch|p1a: Scizor|Scizor, M|100/100
|turn|2
|
|t:|1759022031
|switch|p2a: Kingdra|Kingdra, F|100/100
|move|p1a: Scizor|U-turn|p2a: Kingdra
|-damage|p2a: Kingdra|23/100
|
|t:|1759022042
|switch|p1a: Samurott|Samurott-Hisui, F|100/100|[from] U-turn
|
|upkeep
|turn|3
|
|t:|1759022048
|move|p1a: Samurott|Ceaseless Edge|p2a: Kingdra
|-damage|p2a: Kingdra|0 fnt
|-sidestart|p2: B!ngChiLing|Spikes
|faint|p2a: Kingdra
|
|upkeep
|
|t:|1759022052
|switch|p2a: Great Tusk|Great Tusk|100/100
|-damage|p2a: Great Tusk|88/100|[from] Spikes
|turn|4
|
|t:|1759022065
|switch|p1a: Scizor|Scizor, M|100/100
|move|p2a: Great Tusk|Rapid Spin|p1a: Scizor
|-resisted|p1a: Scizor
|-damage|p1a: Scizor|91/100
|-boost|p2a: Great Tusk|spe|1
|-sideend|p2: B!ngChiLing|Spikes|[from] move: Rapid Spin|[of] p2a: Great Tusk
|
|upkeep
|turn|5
|
|t:|1759022080
|move|p2a: Great Tusk|Headlong Rush|p1a: Scizor
|-damage|p1a: Scizor|21/100
|-unboost|p2a: Great Tusk|def|1
|-unboost|p2a: Great Tusk|spd|1
|move|p1a: Scizor|U-turn|p2a: Great Tusk
|-resisted|p2a: Great Tusk
|-damage|p2a: Great Tusk|57/100
|
|t:|1759022091
|switch|p1a: Hatterene|Hatterene, F|100/100|[from] U-turn
|
|upkeep
|turn|6
|
|t:|1759022105
|-end|p2a: Great Tusk|Protosynthesis|[silent]
|switch|p2a: Grimmsnarl|Grimmsnarl, M|100/100
|move|p1a: Hatterene|Draining Kiss|p2a: Grimmsnarl
|-supereffective|p2a: Grimmsnarl
|-damage|p2a: Grimmsnarl|6/100
|
|upkeep
|turn|7
|
|t:|1759022132
|switch|p1a: Samurott|Samurott-Hisui, F|100/100
|move|p2a: Grimmsnarl|Light Screen|p2a: Grimmsnarl
|-sidestart|p2: B!ngChiLing|move: Light Screen
|
|upkeep
|turn|8
|
|t:|1759022142
|switch|p2a: Great Tusk|Great Tusk|57/100
|move|p1a: Samurott|Flip Turn|p2a: Great Tusk
|-supereffective|p2a: Great Tusk
|-damage|p2a: Great Tusk|17/100
|
|t:|1759022152
|switch|p1a: Scizor|Scizor, M|21/100|[from] Flip Turn
|
|upkeep
|turn|9
|
|t:|1759022156
|move|p1a: Scizor|Bullet Punch|p2a: Great Tusk
|-crit|p2a: Great Tusk
|-damage|p2a: Great Tusk|0 fnt
|faint|p2a: Great Tusk
|-end|p2a: Great Tusk|Protosynthesis|[silent]
|
|upkeep
|
|t:|1759022158
|switch|p2a: Manaphy|Manaphy|100/100
|turn|10
|
|t:|1759022168
|switch|p1a: Dragonite|Dragonite, F|100/100
|move|p2a: Manaphy|Tail Glow|p2a: Manaphy
|-boost|p2a: Manaphy|spa|3
|
|upkeep
|turn|11
|
|t:|1759022177
|-terastallize|p1a: Dragonite|Normal
|move|p1a: Dragonite|Extreme Speed|p2a: Manaphy
|-damage|p2a: Manaphy|29/100
|move|p2a: Manaphy|Alluring Voice|p1a: Dragonite
|-damage|p1a: Dragonite|71/100
|
|-sideend|p2: B!ngChiLing|move: Light Screen
|upkeep
|turn|12
|
|t:|1759022193
|switch|p2a: Raging Bolt|Raging Bolt|100/100
|move|p1a: Dragonite|Extreme Speed|p2a: Raging Bolt
|-damage|p2a: Raging Bolt|38/100
|
|-heal|p2a: Raging Bolt|44/100|[from] item: Leftovers
|upkeep
|turn|13
|
|t:|1759022198
|-end|p2a: Raging Bolt|Protosynthesis|[silent]
|switch|p2a: Kingambit|Kingambit, F|100/100
|-activate|p2a: Kingambit|ability: Supreme Overlord
|-start|p2a: Kingambit|fallen2|[silent]
|move|p1a: Dragonite|Extreme Speed|p2a: Kingambit
|-resisted|p2a: Kingambit
|-damage|p2a: Kingambit|69/100
|
|-heal|p2a: Kingambit|75/100|[from] item: Leftovers
|upkeep
|turn|14
|
|t:|1759022206
|switch|p1a: Samurott|Samurott-Hisui, F|100/100
|move|p2a: Kingambit|Swords Dance|p2a: Kingambit
|-boost|p2a: Kingambit|atk|2
|
|-heal|p2a: Kingambit|81/100|[from] item: Leftovers
|upkeep
|turn|15
|
|t:|1759022212
|move|p1a: Samurott|Sacred Sword|p2a: Kingambit
|-supereffective|p2a: Kingambit
|-damage|p2a: Kingambit|0 fnt
|faint|p2a: Kingambit
|-end|p2a: Kingambit|fallen2|[silent]
|
|upkeep
|
|t:|1759022215
|switch|p2a: Raging Bolt|Raging Bolt|44/100
|turn|16
|
|t:|1759022229
|move|p2a: Raging Bolt|Thunderclap|p1a: Samurott
|-supereffective|p1a: Samurott
|-damage|p1a: Samurott|0 fnt
|faint|p1a: Samurott
|
|-heal|p2a: Raging Bolt|51/100|[from] item: Leftovers
|upkeep
|
|t:|1759022234
|switch|p1a: Dragonite|Dragonite, F, tera:Normal|71/100
|turn|17
|
|t:|1759022241
|move|p1a: Dragonite|Extreme Speed|p2a: Raging Bolt
|-damage|p2a: Raging Bolt|0 fnt
|faint|p2a: Raging Bolt
|-end|p2a: Raging Bolt|Protosynthesis|[silent]
|
|upkeep
|
|t:|1759022243
|switch|p2a: Grimmsnarl|Grimmsnarl, M|6/100
|turn|18
|
|t:|1759022247
|move|p1a: Dragonite|Extreme Speed|p2a: Grimmsnarl
|-crit|p2a: Grimmsnarl
|-damage|p2a: Grimmsnarl|0 fnt
|faint|p2a: Grimmsnarl
|
|upkeep
|
|t:|1759022248
|switch|p2a: Manaphy|Manaphy|29/100
|turn|19
|
|t:|1759022251
|-terastallize|p2a: Manaphy|Water
|move|p1a: Dragonite|Extreme Speed|p2a: Manaphy
|-damage|p2a: Manaphy|0 fnt
|faint|p2a: Manaphy
|
|win|gimmejustawinpls
|raw|gimmejustawinpls's rating: 1327 &rarr; <strong>1347</strong><br />(+20 for winning)
|raw|B!ngChiLing's rating: 1322 &rarr; <strong>1302</strong><br />(-20 for losing)
|l|☆B!ngChiLing
|player|p2|
