|j|☆Auburn Hills
|j|☆1shy9
|t:|1758972705
|gametype|singles
|player|p1|Auburn Hills|alder|1661
|player|p2|1shy9|acetrainerf-gen4|1713
|gen|9
|tier|[Gen 9] OU
|rated|
|rule|HP Percentage Mod: HP is shown in percentages
|rule|Endless Battle Clause: Forcing endless battles is banned
|rule|Species Clause: Limit one of each Pokémon
|rule|OHKO Clause: OHKO moves are banned
|rule|Evasion Items Clause: Evasion items are banned
|rule|Evasion Moves Clause: Evasion moves are banned
|rule|Evasion Abilities Clause: Evasion abilities are banned
|rule|Sleep Moves Clause: Sleep-inducing moves are banned
|clearpoke
|poke|p1|Iron Moth|
|poke|p1|Umbreon, M|
|poke|p1|Garchomp, M|
|poke|p1|Glimmora, F|
|poke|p1|Gholdengo|
|poke|p1|Dragonite, F|
|poke|p2|Iron Moth|
|poke|p2|Gholdengo|
|poke|p2|Great Tusk|
|poke|p2|Kyurem|
|poke|p2|Zamazenta-*|
|poke|p2|Dragonite, F|
|teampreview
|
|t:|1758972714
|teamsize|p1|6
|teamsize|p2|6
|start
|switch|p1a: Julia Jacklin|Glimmora, F|100/100
|switch|p2a: Great Tusk|Great Tusk|100/100
|turn|1
|
|t:|1758972718
|move|p2a: Great Tusk|Rapid Spin|p1a: Julia Jacklin
|-resisted|p1a: Julia Jacklin
|-damage|p1a: Julia Jacklin|90/100
|-boost|p2a: Great Tusk|spe|1
|-activate|p1a: Julia Jacklin|ability: Toxic Debris
|-sidestart|p2: 1shy9|move: Toxic Spikes
|-sideend|p2: 1shy9|Toxic Spikes|[from] move: Rapid Spin|[of] p2a: Great Tusk
|move|p1a: Julia Jacklin|Mortal Spin|p2a: Great Tusk
|-resisted|p2a: Great Tusk
|-damage|p2a: Great Tusk|98/100
|-status|p2a: Great Tusk|psn
|
|-damage|p2a: Great Tusk|86/100 psn|[from] psn
|upkeep
|turn|2
|
|t:|1758972725
|switch|p1a: Elucid|Dragonite, F|100/100
|move|p2a: Great Tusk|Stealth Rock|p1a: Elucid
|-sidestart|p1: Auburn Hills|move: Stealth Rock
|
|-damage|p2a: Great Tusk|73/100 psn|[from] psn
|upkeep
|turn|3
|
|t:|1758972735
|move|p2a: Great Tusk|Ice Spinner|p1a: Elucid
|-supereffective|p1a: Elucid
|-damage|p1a: Elucid|44/100
|move|p1a: Elucid|Ice Spinner|p2a: Great Tusk
|-supereffective|p2a: Great Tusk
|-damage|p2a: Great Tusk|30/100 psn
|
|-damage|p2a: Great Tusk|18/100 psn|[from] psn
|upkeep
|turn|4
|
|t:|1758972742
|move|p1a: Elucid|Extreme Speed|p2a: Great Tusk
|-damage|p2a: Great Tusk|0 fnt
|faint|p2a: Great Tusk
|-end|p2a: Great Tusk|Protosynthesis|[silent]
|
|upkeep
|
|t:|1758972746
|switch|p2a: Kyurem|Kyurem|100/100
|-ability|p2a: Kyurem|Pressure
|turn|5
|
|t:|1758972750
|switch|p1a: Alvvays|Umbreon, M|100/100
|-damage|p1a: Alvvays|88/100|[from] Stealth Rock
|move|p2a: Kyurem|Dragon Dance|p2a: Kyurem
|-boost|p2a: Kyurem|atk|1
|-boost|p2a: Kyurem|spe|1
|
|-heal|p1a: Alvvays|94/100|[from] item: Leftovers
|upkeep
|turn|6
|
|t:|1758972753
|move|p2a: Kyurem|Icicle Spear|p1a: Alvvays
|-damage|p1a: Alvvays|79/100
|-damage|p1a: Alvvays|64/100
|-damage|p1a: Alvvays|50/100
|-damage|p1a: Alvvays|34/100
|-damage|p1a: Alvvays|19/100
|-hitcount|p1a: Alvvays|5
|move|p1a: Alvvays|Thunder Wave|p2a: Kyurem
|-status|p2a: Kyurem|par
|
|-heal|p1a: Alvvays|25/100|[from] item: Leftovers
|upkeep
|turn|7
|
|t:|1758972757
|move|p2a: Kyurem|Icicle Spear|p1a: Alvvays
|-damage|p1a: Alvvays|9/100
|-damage|p1a: Alvvays|0 fnt
|faint|p1a: Alvvays
|-hitcount|p1: Alvvays|2
|
|upkeep
|
|t:|1758972761
|switch|p1a: Rat Tally|Garchomp, M|100/100
|-damage|p1a: Rat Tally|94/100|[from] Stealth Rock
|turn|8
|
|t:|1758972763
|move|p1a: Rat Tally|Scale Shot|p2a: Kyurem
|-supereffective|p2a: Kyurem
|-damage|p2a: Kyurem|75/100 par
|-supereffective|p2a: Kyurem
|-damage|p2a: Kyurem|52/100 par
|-supereffective|p2a: Kyurem
|-damage|p2a: Kyurem|27/100 par
|-supereffective|p2a: Kyurem
|-damage|p2a: Kyurem|1/100 par
|-supereffective|p2a: Kyurem
|-damage|p2a: Kyurem|0 fnt
|faint|p2a: Kyurem
|-hitcount|p2: Kyurem|5
|-unboost|p1a: Rat Tally|def|1
|-boost|p1a: Rat Tally|spe|1
|
|upkeep
|
|t:|1758972784
|switch|p2a: Zamazenta|Zamazenta|100/100
|-ability|p2a: Zamazenta|Dauntless Shield|boost
|-boost|p2a: Zamazenta|def|1
|turn|9
|
|t:|1758972790
|switch|p1a: Smino|Gholdengo|100/100
|-damage|p1a: Smino|94/100|[from] Stealth Rock
|move|p2a: Zamazenta|Body Press|p1a: Smino
|-immune|p1a: Smino
|
|upkeep
|turn|10
|
|t:|1758972795
|switch|p2a: Gholdengo|Gholdengo|100/100
|move|p1a: Smino|Shadow Ball|p2a: Gholdengo
|-supereffective|p2a: Gholdengo
|-damage|p2a: Gholdengo|0 fnt
|faint|p2a: Gholdengo
|
|upkeep
|
|t:|1758972797
|switch|p2a: Iron Moth|Iron Moth|100/100
|-enditem|p2a: Iron Moth|Booster Energy
|-activate|p2a: Iron Moth|ability: Quark Drive|[fromitem]
|-start|p2a: Iron Moth|quarkdrivespe
|turn|11
|
|t:|1758972807
|switch|p1a: Elucid|Dragonite, F|44/100
|move|p2a: Iron Moth|Fiery Dance|p1a: Elucid
|-resisted|p1a: Elucid
|-damage|p1a: Elucid|21/100
|-boost|p2a: Iron Moth|spa|1
|
|upkeep
|turn|12
|
|t:|1758972810
|move|p1a: Elucid|Extreme Speed|p2a: Iron Moth
|-damage|p2a: Iron Moth|53/100
|move|p2a: Iron Moth|Fiery Dance|p1a: Elucid
|-resisted|p1a: Elucid
|-damage|p1a: Elucid|0 fnt
|faint|p1a: Elucid
|
|upkeep
|
|t:|1758972817
|switch|p1a: Carly Rae|Iron Moth|100/100
|-damage|p1a: Carly Rae|76/100|[from] Stealth Rock
|-enditem|p1a: Carly Rae|Booster Energy
|-activate|p1a: Carly Rae|ability: Quark Drive|[fromitem]
|-start|p1a: Carly Rae|quarkdrivespe
|turn|13
|
|t:|1758972820
|move|p2a: Iron Moth|Psychic|p1a: Carly Rae
|-supereffective|p1a: Carly Rae
|-damage|p1a: Carly Rae|0 fnt
|faint|p1a: Carly Rae
|-end|p1a: Carly Rae|Quark Drive|[silent]
|
|upkeep
|
|t:|1758972826
|switch|p1a: Julia Jacklin|Glimmora, F|90/100
|-damage|p1a: Julia Jacklin|78/100|[from] Stealth Rock
|turn|14
|
|t:|1758972831
|-terastallize|p1a: Julia Jacklin|Ghost
|move|p2a: Iron Moth|Psychic|p1a: Julia Jacklin
|-damage|p1a: Julia Jacklin|13/100
|-unboost|p1a: Julia Jacklin|spd|1
|move|p1a: Julia Jacklin|Earth Power|p2a: Iron Moth
|-supereffective|p2a: Iron Moth
|-damage|p2a: Iron Moth|0 fnt
|faint|p2a: Iron Moth
|-end|p2a: Iron Moth|Quark Drive|[silent]
|
|upkeep
|
|t:|1758972841
|switch|p2a: Zamazenta|Zamazenta|100/100
|turn|15
|
|t:|1758972844
|move|p2a: Zamazenta|Crunch|p1a: Julia Jacklin
|-supereffective|p1a: Julia Jacklin
|-damage|p1a: Julia Jacklin|0 fnt
|-activate|p1a: Julia Jacklin|ability: Toxic Debris
|-sidestart|p2: 1shy9|move: Toxic Spikes
|faint|p1a: Julia Jacklin
|
|upkeep
|
|t:|1758972847
|switch|p1a: Smino|Gholdengo|94/100
|-damage|p1a: Smino|88/100|[from] Stealth Rock
|turn|16
|
|t:|1758972853
|move|p1a: Smino|Shadow Ball|p2a: Zamazenta
|-damage|p2a: Zamazenta|62/100
|move|p2a: Zamazenta|Crunch|p1a: Smino
|-supereffective|p1a: Smino
|-damage|p1a: Smino|41/100
|
|-heal|p2a: Zamazenta|68/100|[from] item: Leftovers
|upkeep
|turn|17
|
|t:|1758972857
|move|p1a: Smino|Shadow Ball|p2a: Zamazenta
|-damage|p2a: Zamazenta|28/100
|move|p2a: Zamazenta|Crunch|p1a: Smino
|-supereffective|p1a: Smino
|-damage|p1a: Smino|0 fnt
|faint|p1a: Smino
|
|-heal|p2a: Zamazenta|34/100|[from] item: Leftovers
|upkeep
|
|t:|1758972862
|switch|p1a: Rat Tally|Garchomp, M|94/100
|-damage|p1a: Rat Tally|88/100|[from] Stealth Rock
|turn|18
|
|t:|1758972865
|move|p2a: Zamazenta|Body Press|p1a: Rat Tally
|-damage|p1a: Rat Tally|56/100
|-damage|p2a: Zamazenta|21/100|[from] ability: Rough Skin|[of] p1a: Rat Tally
|move|p1a: Rat Tally|Scale Shot|p2a: Zamazenta|[miss]
|-miss|p1a: Rat Tally|p2a: Zamazenta
|
|-heal|p2a: Zamazenta|28/100|[from] item: Leftovers
|upkeep
|turn|19
|-message|Auburn Hills forfeited.
|
|win|1shy9
|raw|Auburn Hills's rating: 1661 &rarr; <strong>1644</strong><br />(-17 for losing)
|raw|1shy9's rating: 1713 &rarr; <strong>1730</strong><br />(+17 for winning)
|l|☆Auburn Hills
|player|p1|
|l|☆1shy9
|player|p2|
