|badge|p2|bronze|gen9monotype|100-6
|badge|p2|bronze|gen9uu|100-6
|uhtml|medal-msg|<div class="broadcast-blue">Curious what those medals under the avatar are? PS now has Ladder Seasons! For more information, check out the <a href="https://www.smogon.com/forums/threads/3740067/">thread on Smogon.</a></div>
|j|☆guerrero105
|j|☆RedemptiveSketch
|t:|1758985290
|gametype|singles
|player|p1|guerrero105|266|1523
|player|p2|RedemptiveSketch|alec-anime|1559
|gen|9
|tier|[Gen 9] OU
|rated|
|rule|HP Percentage Mod: HP is shown in percentages
|rule|Endless Battle Clause: Forcing endless battles is banned
|rule|Species Clause: Limit one of each Pokémon
|rule|OHKO Clause: OHKO moves are banned
|rule|Evasion Items Clause: Evasion items are banned
|rule|Evasion Moves Clause: Evasion moves are banned
|rule|Evasion Abilities Clause: Evasion abilities are banned
|rule|Sleep Moves Clause: Sleep-inducing moves are banned
|clearpoke
|poke|p1|Sinistcha-Masterpiece|
|poke|p1|Mandibuzz, F|
|poke|p1|Tinkaton, F|
|poke|p1|Slowking-Galar, M|
|poke|p1|Great Tusk|
|poke|p1|Araquanid, M|
|poke|p2|Landorus-Therian, M|
|poke|p2|Zamazenta-*|
|poke|p2|Raging Bolt|
|poke|p2|Darkrai|
|poke|p2|Gholdengo|
|poke|p2|Dragonite, M|
|teampreview
|inactive|Battle timer is ON: inactive players will automatically lose when time's up. (requested by RedemptiveSketch)
|inactive|guerrero105 has 120 seconds left.
|
|t:|1758985339
|teamsize|p1|6
|teamsize|p2|6
|start
|switch|p1a: Araquanid|Araquanid, M|100/100
|switch|p2a: Raging Bolt|Raging Bolt|100/100
|-enditem|p2a: Raging Bolt|Booster Energy
|-activate|p2a: Raging Bolt|ability: Protosynthesis|[fromitem]
|-start|p2a: Raging Bolt|protosynthesisspa
|turn|1
|
|t:|1758985358
|switch|p1a: Slowking|Slowking-Galar, M|100/100
|move|p2a: Raging Bolt|Thunderbolt|p1a: Slowking
|-damage|p1a: Slowking|56/100
|
|-heal|p1a: Slowking|62/100|[from] item: Leftovers
|upkeep
|turn|2
|
|t:|1758985366
|-end|p2a: Raging Bolt|Protosynthesis|[silent]
|switch|p2a: Gholdengo|Gholdengo|100/100
|-item|p2a: Gholdengo|Air Balloon
|-prepare|p1a: Slowking|Chilly Reception|[premajor]
|move|p1a: Slowking|Chilly Reception|p1a: Slowking
|-weather|Snowscape
|
|t:|1758985372
|switch|p1a: Araquanid|Araquanid, M|100/100|[from] Chilly Reception
|
|-weather|Snowscape|[upkeep]
|upkeep
|turn|3
|
|t:|1758985379
|switch|p2a: Raging Bolt|Raging Bolt|100/100
|move|p1a: Araquanid|Surf|p2a: Raging Bolt
|-resisted|p2a: Raging Bolt
|-damage|p2a: Raging Bolt|79/100
|
|-weather|Snowscape|[upkeep]
|upkeep
|turn|4
|
|t:|1758985390
|switch|p1a: Slowking|Slowking-Galar, M|96/100
|move|p2a: Raging Bolt|Calm Mind|p2a: Raging Bolt
|-boost|p2a: Raging Bolt|spa|1
|-boost|p2a: Raging Bolt|spd|1
|
|-weather|Snowscape|[upkeep]
|-heal|p1a: Slowking|100/100|[from] item: Leftovers
|upkeep
|turn|5
|
|t:|1758985404
|move|p2a: Raging Bolt|Calm Mind|p2a: Raging Bolt
|-boost|p2a: Raging Bolt|spa|1
|-boost|p2a: Raging Bolt|spd|1
|-prepare|p1a: Slowking|Chilly Reception|[premajor]
|move|p1a: Slowking|Chilly Reception|p1a: Slowking
|
|t:|1758985408
|switch|p1a: Tinkaton|Tinkaton, F|100/100|[from] Chilly Reception
|-ability|p1a: Tinkaton|Mold Breaker
|-item|p1a: Tinkaton|Air Balloon
|
|-weather|Snowscape|[upkeep]
|upkeep
|turn|6
|inactive|RedemptiveSketch has 120 seconds left.
|
|t:|1758985441
|move|p1a: Tinkaton|Encore|p2a: Raging Bolt
|-start|p2a: Raging Bolt|Encore
|move|p2a: Raging Bolt|Calm Mind|p2a: Raging Bolt
|-boost|p2a: Raging Bolt|spa|1
|-boost|p2a: Raging Bolt|spd|1
|
|-weather|none
|upkeep
|turn|7
|inactive|RedemptiveSketch has 120 seconds left.
|
|t:|1758985454
|move|p1a: Tinkaton|Knock Off|p2a: Raging Bolt
|-damage|p2a: Raging Bolt|67/100
|move|p2a: Raging Bolt|Calm Mind|p2a: Raging Bolt
|-boost|p2a: Raging Bolt|spa|1
|-boost|p2a: Raging Bolt|spd|1
|
|upkeep
|turn|8
|inactive|RedemptiveSketch has 120 seconds left.
|inactive|RedemptiveSketch has 90 seconds left.
|
|t:|1758985502
|move|p1a: Tinkaton|Gigaton Hammer|p2a: Raging Bolt
|-resisted|p2a: Raging Bolt
|-damage|p2a: Raging Bolt|45/100
|move|p2a: Raging Bolt|Calm Mind|p2a: Raging Bolt
|-boost|p2a: Raging Bolt|spa|1
|-boost|p2a: Raging Bolt|spd|1
|
|-end|p2a: Raging Bolt|Encore
|upkeep
|turn|9
|inactive|RedemptiveSketch has 90 seconds left.
|
|t:|1758985520
|move|p1a: Tinkaton|Knock Off|p2a: Raging Bolt
|-damage|p2a: Raging Bolt|33/100
|move|p2a: Raging Bolt|Thunderbolt|p1a: Tinkaton
|-damage|p1a: Tinkaton|0 fnt
|-enditem|p1a: Tinkaton|Air Balloon
|faint|p1a: Tinkaton
|
|upkeep
|
|t:|1758985533
|switch|p1a: Great Tusk|Great Tusk|100/100
|-enditem|p1a: Great Tusk|Booster Energy
|-activate|p1a: Great Tusk|ability: Protosynthesis|[fromitem]
|-start|p1a: Great Tusk|protosynthesisspe
|turn|10
|
|t:|1758985547
|-end|p2a: Raging Bolt|Protosynthesis|[silent]
|switch|p2a: Gholdengo|Gholdengo|100/100
|-item|p2a: Gholdengo|Air Balloon
|move|p1a: Great Tusk|Ice Spinner|p2a: Gholdengo
|-resisted|p2a: Gholdengo
|-damage|p2a: Gholdengo|93/100
|-enditem|p2a: Gholdengo|Air Balloon
|
|upkeep
|turn|11
|inactive|RedemptiveSketch has 90 seconds left.
|
|t:|1758985565
|move|p1a: Great Tusk|Headlong Rush|p2a: Gholdengo
|-supereffective|p2a: Gholdengo
|-damage|p2a: Gholdengo|22/100
|-unboost|p1a: Great Tusk|def|1
|-unboost|p1a: Great Tusk|spd|1
|move|p2a: Gholdengo|Make It Rain|p1a: Great Tusk
|-damage|p1a: Great Tusk|0 fnt
|-unboost|p2a: Gholdengo|spa|1
|faint|p1a: Great Tusk
|-end|p1a: Great Tusk|Protosynthesis|[silent]
|
|upkeep
|
|t:|1758985575
|switch|p1a: Araquanid|Araquanid, M|100/100
|turn|12
|
|t:|1758985579
|switch|p2a: Raging Bolt|Raging Bolt|33/100
|move|p1a: Araquanid|Sticky Web|p2a: Raging Bolt
|-sidestart|p2: RedemptiveSketch|move: Sticky Web
|
|upkeep
|turn|13
|
|t:|1758985585
|move|p2a: Raging Bolt|Thunderbolt|p1a: Araquanid
|-supereffective|p1a: Araquanid
|-damage|p1a: Araquanid|13/100
|move|p1a: Araquanid|Infestation|p2a: Raging Bolt
|-damage|p2a: Raging Bolt|28/100
|-activate|p2a: Raging Bolt|move: Infestation|[of] p1a: Araquanid
|
|-damage|p2a: Raging Bolt|15/100|[from] move: Infestation|[partiallytrapped]
|upkeep
|turn|14
|-enditem|p1a: Araquanid|Custap Berry|[eat]
|-activate|p1a: Araquanid|item: Custap Berry|[consumed]
|
|t:|1758985594
|move|p2a: Raging Bolt|Thunderclap|p1a: Araquanid
|-supereffective|p1a: Araquanid
|-damage|p1a: Araquanid|0 fnt
|faint|p1a: Araquanid
|
|-end|p2a: Raging Bolt|Infestation|[partiallytrapped]|[silent]
|upkeep
|
|t:|1758985602
|switch|p1a: Sinistcha|Sinistcha-Masterpiece|100/100
|turn|15
|
|t:|1758985606
|move|p1a: Sinistcha|Shadow Ball|p2a: Raging Bolt
|-damage|p2a: Raging Bolt|0 fnt
|faint|p2a: Raging Bolt
|-end|p2a: Raging Bolt|Protosynthesis|[silent]
|
|upkeep
|
|t:|1758985611
|switch|p2a: Darkrai|Darkrai|100/100
|turn|16
|
|t:|1758985618
|switch|p1a: Mandibuzz|Mandibuzz, F|100/100
|move|p2a: Darkrai|Dark Pulse|p1a: Mandibuzz
|-resisted|p1a: Mandibuzz
|-damage|p1a: Mandibuzz|82/100
|
|upkeep
|turn|17
|
|t:|1758985628
|-terastallize|p2a: Darkrai|Poison
|move|p2a: Darkrai|Ice Beam|p1a: Mandibuzz
|-supereffective|p1a: Mandibuzz
|-damage|p1a: Mandibuzz|29/100
|move|p1a: Mandibuzz|U-turn|p2a: Darkrai
|-resisted|p2a: Darkrai
|-damage|p2a: Darkrai|93/100
|
|t:|1758985639
|switch|p1a: Slowking|Slowking-Galar, M|100/100|[from] U-turn
|
|upkeep
|turn|18
|
|t:|1758985642
|-terastallize|p1a: Slowking|Bug
|move|p2a: Darkrai|Dark Pulse|p1a: Slowking
|-damage|p1a: Slowking|73/100
|move|p1a: Slowking|Future Sight|p2a: Darkrai
|-start|p1a: Slowking|move: Future Sight
|
|-heal|p1a: Slowking|79/100|[from] item: Leftovers
|upkeep
|turn|19
|
|t:|1758985650
|switch|p2a: Gholdengo|Gholdengo|22/100
|-activate|p2a: Gholdengo|move: Sticky Web
|-unboost|p2a: Gholdengo|spe|1
|-prepare|p1a: Slowking|Chilly Reception|[premajor]
|move|p1a: Slowking|Chilly Reception|p1a: Slowking
|-weather|Snowscape
|
|t:|1758985658
|switch|p1a: Sinistcha|Sinistcha-Masterpiece|100/100|[from] Chilly Reception
|
|-weather|Snowscape|[upkeep]
|upkeep
|turn|20
|
|t:|1758985664
|move|p1a: Sinistcha|Shadow Ball|p2a: Gholdengo
|-supereffective|p2a: Gholdengo
|-damage|p2a: Gholdengo|0 fnt
|faint|p2a: Gholdengo
|
|-weather|Snowscape|[upkeep]
|-hint|Future Sight did not hit because the target is fainted.
|upkeep
|
|t:|1758985668
|switch|p2a: Darkrai|Darkrai, tera:Poison|93/100
|turn|21
|
|t:|1758985673
|switch|p1a: Slowking|Slowking-Galar, M, tera:Bug|100/100
|move|p2a: Darkrai|Dark Pulse|p1a: Slowking
|-damage|p1a: Slowking|76/100
|
|-weather|Snowscape|[upkeep]
|-heal|p1a: Slowking|82/100|[from] item: Leftovers
|upkeep
|turn|22
|
|t:|1758985685
|switch|p2a: Landorus|Landorus-Therian, M|100/100
|-ability|p2a: Landorus|Intimidate|boost
|-unboost|p1a: Slowking|atk|1
|move|p1a: Slowking|Ice Beam|p2a: Landorus
|-supereffective|p2a: Landorus
|-damage|p2a: Landorus|0 fnt
|faint|p2a: Landorus
|
|-weather|Snowscape|[upkeep]
|-heal|p1a: Slowking|88/100|[from] item: Leftovers
|upkeep
|inactive|RedemptiveSketch has 120 seconds left.
|inactive|RedemptiveSketch has 90 seconds left.
|
|t:|1758985751
|switch|p2a: Zamazenta|Zamazenta|100/100
|-activate|p2a: Zamazenta|move: Sticky Web
|-unboost|p2a: Zamazenta|spe|1
|-ability|p2a: Zamazenta|Dauntless Shield|boost
|-boost|p2a: Zamazenta|def|1
|turn|23
|c|☆RedemptiveSketch|wallahi im finished
|
|t:|1758985776
|move|p2a: Zamazenta|Iron Defense|p2a: Zamazenta
|-boost|p2a: Zamazenta|def|2
|move|p1a: Slowking|Future Sight|p2a: Zamazenta
|-start|p1a: Slowking|move: Future Sight
|
|-weather|none
|-heal|p1a: Slowking|94/100|[from] item: Leftovers
|upkeep
|turn|24
|inactive|RedemptiveSketch has 90 seconds left.
|
|t:|1758985800
|move|p2a: Zamazenta|Iron Defense|p2a: Zamazenta
|-boost|p2a: Zamazenta|def|2
|-prepare|p1a: Slowking|Chilly Reception|[premajor]
|move|p1a: Slowking|Chilly Reception|p1a: Slowking
|-weather|Snowscape
|
|t:|1758985807
|switch|p1a: Sinistcha|Sinistcha-Masterpiece|100/100|[from] Chilly Reception
|
|-weather|Snowscape|[upkeep]
|upkeep
|turn|25
|inactive|RedemptiveSketch has 90 seconds left.
|
|t:|1758985820
|move|p1a: Sinistcha|Strength Sap|p2a: Zamazenta
|-unboost|p2a: Zamazenta|atk|1
|move|p2a: Zamazenta|Crunch|p1a: Sinistcha
|-supereffective|p1a: Sinistcha
|-damage|p1a: Sinistcha|67/100
|
|-weather|Snowscape|[upkeep]
|-end|p2a: Zamazenta|move: Future Sight
|-supereffective|p2a: Zamazenta
|-damage|p2a: Zamazenta|35/100
|-heal|p1a: Sinistcha|73/100|[from] item: Leftovers
|-heal|p2a: Zamazenta|41/100|[from] item: Leftovers
|upkeep
|turn|26
|
|t:|1758985836
|switch|p2a: Darkrai|Darkrai, tera:Poison|93/100
|move|p1a: Sinistcha|Strength Sap|p2a: Darkrai
|-unboost|p2a: Darkrai|atk|1
|-heal|p1a: Sinistcha|100/100
|
|-weather|Snowscape|[upkeep]
|upkeep
|turn|27
|
|t:|1758985848
|switch|p1a: Slowking|Slowking-Galar, M, tera:Bug|100/100
|move|p2a: Darkrai|Sludge Bomb|p1a: Slowking
|-damage|p1a: Slowking|70/100
|
|-weather|Snowscape|[upkeep]
|-heal|p1a: Slowking|77/100|[from] item: Leftovers
|upkeep
|turn|28
|
|t:|1758985856
|move|p2a: Darkrai|Sludge Bomb|p1a: Slowking
|-damage|p1a: Slowking|50/100
|move|p1a: Slowking|Future Sight|p2a: Darkrai
|-start|p1a: Slowking|move: Future Sight
|
|-weather|none
|-heal|p1a: Slowking|56/100|[from] item: Leftovers
|upkeep
|turn|29
|
|t:|1758985882
|move|p2a: Darkrai|Sludge Bomb|p1a: Slowking
|-damage|p1a: Slowking|28/100
|-prepare|p1a: Slowking|Chilly Reception|[premajor]
|move|p1a: Slowking|Chilly Reception|p1a: Slowking
|-weather|Snowscape
|
|t:|1758985889
|switch|p1a: Mandibuzz|Mandibuzz, F|29/100|[from] Chilly Reception
|
|-weather|Snowscape|[upkeep]
|upkeep
|turn|30
|
|t:|1758985900
|switch|p1a: Slowking|Slowking-Galar, M, tera:Bug|61/100
|move|p2a: Darkrai|Dark Pulse|p1a: Slowking
|-damage|p1a: Slowking|35/100
|
|-weather|Snowscape|[upkeep]
|-end|p2a: Darkrai|move: Future Sight
|-supereffective|p2a: Darkrai
|-damage|p2a: Darkrai|0 fnt
|faint|p2a: Darkrai
|-heal|p1a: Slowking|42/100|[from] item: Leftovers
|upkeep
|
|t:|1758985904
|switch|p2a: Dragonite|Dragonite, M|100/100
|turn|31
|
|t:|1758985911
|switch|p1a: Mandibuzz|Mandibuzz, F|29/100
|move|p2a: Dragonite|Dragon Dance|p2a: Dragonite
|-boost|p2a: Dragonite|atk|1
|-boost|p2a: Dragonite|spe|1
|
|-weather|Snowscape|[upkeep]
|upkeep
|turn|32
|-message|RedemptiveSketch forfeited.
|
|win|guerrero105
|raw|guerrero105's rating: 1523 &rarr; <strong>1545</strong><br />(+22 for winning)
|raw|RedemptiveSketch's rating: 1559 &rarr; <strong>1537</strong><br />(-22 for losing)
|l|☆RedemptiveSketch
|player|p2|
|l|☆guerrero105
|player|p1|
