|j|☆57guns
|j|☆sly_skip
|t:|1758979584
|gametype|singles
|player|p1|57guns|hilbert|1558
|player|p2|sly_skip|170|1657
|gen|9
|tier|[Gen 9] OU
|rated|
|rule|HP Percentage Mod: HP is shown in percentages
|rule|Endless Battle Clause: Forcing endless battles is banned
|rule|Species Clause: Limit one of each Pokémon
|rule|OHKO Clause: OHKO moves are banned
|rule|Evasion Items Clause: Evasion items are banned
|rule|Evasion Moves Clause: Evasion moves are banned
|rule|Evasion Abilities Clause: Evasion abilities are banned
|rule|Sleep Moves Clause: Sleep-inducing moves are banned
|clearpoke
|poke|p1|Garganacl, M|
|poke|p1|Dragapult, F|
|poke|p1|Corviknight, M|
|poke|p1|Cinderace, M|
|poke|p1|Ting-Lu|
|poke|p1|Weezing-Galar, M|
|poke|p2|Great Tusk|
|poke|p2|Darkrai|
|poke|p2|Garganacl, M|
|poke|p2|Kyurem|
|poke|p2|Zamazenta-*|
|poke|p2|Slowking-Galar, F|
|teampreview
|inactive|Battle timer is ON: inactive players will automatically lose when time's up. (requested by sly_skip)
|
|t:|1758979603
|teamsize|p1|6
|teamsize|p2|6
|start
|switch|p1a: Ting-Lu|Ting-Lu|100/100
|switch|p2a: Garganacl|Garganacl, M|100/100
|-ability|p1a: Ting-Lu|Vessel of Ruin
|turn|1
|
|t:|1758979618
|move|p1a: Ting-Lu|Stealth Rock|p2a: Garganacl
|-sidestart|p2: sly_skip|move: Stealth Rock
|move|p2a: Garganacl|Salt Cure|p1a: Ting-Lu
|-resisted|p1a: Ting-Lu
|-damage|p1a: Ting-Lu|97/100
|-start|p1a: Ting-Lu|Salt Cure
|
|-heal|p1a: Ting-Lu|100/100|[from] item: Leftovers
|-damage|p1a: Ting-Lu|88/100|[from] Salt Cure
|upkeep
|turn|2
|
|t:|1758979630
|switch|p2a: Great Tusk|Great Tusk|100/100
|move|p1a: Ting-Lu|Ruination|p2a: Great Tusk
|-damage|p2a: Great Tusk|51/100
|
|-heal|p1a: Ting-Lu|94/100|[from] item: Leftovers
|-damage|p1a: Ting-Lu|82/100|[from] Salt Cure
|upkeep
|turn|3
|
|t:|1758979635
|switch|p1a: Corviknight|Corviknight, M|100/100
|-ability|p1a: Corviknight|Pressure
|move|p2a: Great Tusk|Knock Off|p1a: Corviknight
|-damage|p1a: Corviknight|79/100
|-damage|p2a: Great Tusk|34/100|[from] item: Rocky Helmet|[of] p1a: Corviknight
|-enditem|p1a: Corviknight|Rocky Helmet|[from] move: Knock Off|[of] p2a: Great Tusk
|
|upkeep
|turn|4
|
|t:|1758979643
|-end|p2a: Great Tusk|Protosynthesis|[silent]
|switch|p2a: Slowking|Slowking-Galar, F|100/100
|move|p1a: Corviknight|U-turn|p2a: Slowking
|-damage|p2a: Slowking|86/100
|
|t:|1758979655
|switch|p1a: Ting-Lu|Ting-Lu|82/100|[from] U-turn
|-ability|p1a: Ting-Lu|Vessel of Ruin
|
|-heal|p1a: Ting-Lu|88/100|[from] item: Leftovers
|upkeep
|turn|5
|
|t:|1758979662
|move|p1a: Ting-Lu|Earthquake|p2a: Slowking
|-supereffective|p2a: Slowking
|-damage|p2a: Slowking|8/100
|move|p2a: Slowking|Toxic|p1a: Ting-Lu
|-status|p1a: Ting-Lu|tox
|
|-heal|p1a: Ting-Lu|94/100 tox|[from] item: Leftovers
|-damage|p1a: Ting-Lu|88/100 tox|[from] psn
|upkeep
|turn|6
|
|t:|1758979679
|switch|p2a: Great Tusk|Great Tusk|34/100
|move|p1a: Ting-Lu|Earthquake|p2a: Great Tusk
|-damage|p2a: Great Tusk|9/100
|
|-heal|p1a: Ting-Lu|94/100 tox|[from] item: Leftovers
|-damage|p1a: Ting-Lu|82/100 tox|[from] psn
|upkeep
|turn|7
|
|t:|1758979689
|switch|p1a: Corviknight|Corviknight, M|79/100
|-ability|p1a: Corviknight|Pressure
|move|p2a: Great Tusk|Knock Off|p1a: Corviknight
|-damage|p1a: Corviknight|65/100
|
|upkeep
|turn|8
|
|t:|1758979710
|-end|p2a: Great Tusk|Protosynthesis|[silent]
|switch|p2a: Garganacl|Garganacl, M|100/100
|-damage|p2a: Garganacl|88/100|[from] Stealth Rock
|move|p1a: Corviknight|Roost|p1a: Corviknight
|-heal|p1a: Corviknight|100/100
|-singleturn|p1a: Corviknight|move: Roost
|
|-heal|p2a: Garganacl|94/100|[from] item: Leftovers
|upkeep
|turn|9
|
|t:|1758979715
|move|p1a: Corviknight|U-turn|p2a: Garganacl
|-damage|p2a: Garganacl|86/100
|
|t:|1758979723
|switch|p1a: Ting-Lu|Ting-Lu|82/100 tox|[from] U-turn
|-ability|p1a: Ting-Lu|Vessel of Ruin
|move|p2a: Garganacl|Salt Cure|p1a: Ting-Lu
|-resisted|p1a: Ting-Lu
|-damage|p1a: Ting-Lu|78/100 tox
|-start|p1a: Ting-Lu|Salt Cure
|
|-heal|p1a: Ting-Lu|84/100 tox|[from] item: Leftovers
|-heal|p2a: Garganacl|92/100|[from] item: Leftovers
|-damage|p1a: Ting-Lu|78/100 tox|[from] psn
|-damage|p1a: Ting-Lu|65/100 tox|[from] Salt Cure
|upkeep
|turn|10
|
|t:|1758979738
|move|p2a: Garganacl|Recover|p2a: Garganacl
|-heal|p2a: Garganacl|100/100
|move|p1a: Ting-Lu|Whirlwind|p2a: Garganacl
|drag|p2a: Slowking|Slowking-Galar, F|42/100
|
|-heal|p1a: Ting-Lu|72/100 tox|[from] item: Leftovers
|-damage|p1a: Ting-Lu|59/100 tox|[from] psn
|-damage|p1a: Ting-Lu|47/100 tox|[from] Salt Cure
|upkeep
|turn|11
|
|t:|1758979747
|switch|p2a: Kyurem|Kyurem|100/100
|-ability|p2a: Kyurem|Pressure
|move|p1a: Ting-Lu|Earthquake|p2a: Kyurem
|-damage|p2a: Kyurem|64/100
|
|-heal|p1a: Ting-Lu|53/100 tox|[from] item: Leftovers
|-damage|p1a: Ting-Lu|34/100 tox|[from] psn
|-damage|p1a: Ting-Lu|22/100 tox|[from] Salt Cure
|upkeep
|turn|12
|
|t:|1758979760
|move|p2a: Kyurem|Freeze-Dry|p1a: Ting-Lu
|-supereffective|p1a: Ting-Lu
|-damage|p1a: Ting-Lu|0 fnt
|faint|p1a: Ting-Lu
|
|upkeep
|
|t:|1758979773
|switch|p1a: Dragapult|Dragapult, F|100/100
|turn|13
|
|t:|1758979785
|move|p1a: Dragapult|Dragon Darts|p2a: Kyurem
|-supereffective|p2a: Kyurem
|-damage|p2a: Kyurem|18/100
|-anim|p1a: Dragapult|Dragon Darts|p2a: Kyurem
|-supereffective|p2a: Kyurem
|-damage|p2a: Kyurem|0 fnt
|faint|p2a: Kyurem
|
|upkeep
|
|t:|1758979789
|switch|p2a: Garganacl|Garganacl, M|100/100
|-damage|p2a: Garganacl|88/100|[from] Stealth Rock
|turn|14
|
|t:|1758979800
|move|p1a: Dragapult|U-turn|p2a: Garganacl
|-damage|p2a: Garganacl|76/100
|
|t:|1758979802
|switch|p1a: Garganacl|Garganacl, M|100/100|[from] U-turn
|move|p2a: Garganacl|Curse|p2a: Garganacl
|-unboost|p2a: Garganacl|spe|1
|-boost|p2a: Garganacl|atk|1
|-boost|p2a: Garganacl|def|1
|
|-heal|p2a: Garganacl|82/100|[from] item: Leftovers
|upkeep
|turn|15
|
|t:|1758979808
|move|p1a: Garganacl|Iron Defense|p1a: Garganacl
|-boost|p1a: Garganacl|def|2
|move|p2a: Garganacl|Salt Cure|p1a: Garganacl
|-damage|p1a: Garganacl|94/100
|-start|p1a: Garganacl|Salt Cure
|
|-heal|p1a: Garganacl|99/100|[from] item: Leftovers
|-heal|p2a: Garganacl|88/100|[from] item: Leftovers
|-damage|p1a: Garganacl|88/100|[from] Salt Cure
|upkeep
|turn|16
|
|t:|1758979823
|move|p1a: Garganacl|Salt Cure|p2a: Garganacl
|-damage|p2a: Garganacl|82/100
|-start|p2a: Garganacl|Salt Cure
|move|p2a: Garganacl|Earthquake|p1a: Garganacl
|-supereffective|p1a: Garganacl
|-damage|p1a: Garganacl|66/100
|
|-heal|p1a: Garganacl|72/100|[from] item: Leftovers
|-heal|p2a: Garganacl|89/100|[from] item: Leftovers
|-damage|p1a: Garganacl|60/100|[from] Salt Cure
|-damage|p2a: Garganacl|76/100|[from] Salt Cure
|upkeep
|turn|17
|
|t:|1758979849
|switch|p2a: Slowking|Slowking-Galar, F|75/100
|move|p1a: Garganacl|Recover|p1a: Garganacl
|-heal|p1a: Garganacl|100/100
|
|-damage|p1a: Garganacl|88/100|[from] Salt Cure
|upkeep
|turn|18
|
|t:|1758979858
|move|p1a: Garganacl|Salt Cure|p2a: Slowking
|-damage|p2a: Slowking|60/100
|-start|p2a: Slowking|Salt Cure
|move|p2a: Slowking|Psychic|p1a: Garganacl
|-damage|p1a: Garganacl|66/100
|
|-heal|p1a: Garganacl|73/100|[from] item: Leftovers
|-damage|p1a: Garganacl|60/100|[from] Salt Cure
|-damage|p2a: Slowking|48/100|[from] Salt Cure
|upkeep
|turn|19
|
|t:|1758979868
|move|p1a: Garganacl|Iron Defense|p1a: Garganacl
|-boost|p1a: Garganacl|def|2
|-prepare|p2a: Slowking|Chilly Reception|[premajor]
|move|p2a: Slowking|Chilly Reception|p2a: Slowking
|-weather|Snowscape
|
|t:|1758979871
|switch|p2a: Darkrai|Darkrai|100/100|[from] Chilly Reception
|
|-weather|Snowscape|[upkeep]
|-heal|p1a: Garganacl|66/100|[from] item: Leftovers
|-damage|p1a: Garganacl|54/100|[from] Salt Cure
|upkeep
|turn|20
|
|t:|1758979890
|-terastallize|p2a: Darkrai|Ghost
|-terastallize|p1a: Garganacl|Fairy
|move|p2a: Darkrai|Focus Blast|p1a: Garganacl
|-resisted|p1a: Garganacl
|-damage|p1a: Garganacl|41/100
|move|p1a: Garganacl|Body Press|p2a: Darkrai
|-immune|p2a: Darkrai
|
|-weather|Snowscape|[upkeep]
|-heal|p1a: Garganacl|47/100|[from] item: Leftovers
|-damage|p1a: Garganacl|34/100|[from] Salt Cure
|upkeep
|turn|21
|
|t:|1758979918
|switch|p1a: Cinderace|Cinderace, M|100/100
|move|p2a: Darkrai|Ice Beam|p1a: Cinderace
|-resisted|p1a: Cinderace
|-damage|p1a: Cinderace|76/100
|
|-weather|Snowscape|[upkeep]
|upkeep
|turn|22
|inactive|sly_skip has 120 seconds left.
|
|t:|1758979956
|move|p1a: Cinderace|Sucker Punch|p2a: Darkrai
|-start|p1a: Cinderace|typechange|Dark|[from] ability: Libero
|-supereffective|p2a: Darkrai
|-damage|p2a: Darkrai|8/100
|move|p2a: Darkrai|Dark Pulse|p1a: Cinderace
|-resisted|p1a: Cinderace
|-damage|p1a: Cinderace|44/100
|
|-weather|Snowscape|[upkeep]
|upkeep
|turn|23
|
|t:|1758979964
|switch|p2a: Zamazenta|Zamazenta|100/100
|-damage|p2a: Zamazenta|95/100|[from] Stealth Rock
|-ability|p2a: Zamazenta|Dauntless Shield|boost
|-boost|p2a: Zamazenta|def|1
|move|p1a: Cinderace|U-turn|p2a: Zamazenta
|-resisted|p2a: Zamazenta
|-damage|p2a: Zamazenta|89/100
|
|t:|1758979980
|switch|p1a: Dragapult|Dragapult, F|100/100|[from] U-turn
|
|-weather|none
|-heal|p2a: Zamazenta|95/100|[from] item: Leftovers
|upkeep
|turn|24
|
|t:|1758980004
|move|p1a: Dragapult|Will-O-Wisp|p2a: Zamazenta|[miss]
|-miss|p1a: Dragapult|p2a: Zamazenta
|move|p2a: Zamazenta|Heavy Slam|p1a: Dragapult
|-damage|p1a: Dragapult|67/100
|
|-heal|p2a: Zamazenta|100/100|[from] item: Leftovers
|upkeep
|turn|25
|
|t:|1758980011
|switch|p2a: Garganacl|Garganacl, M|76/100
|-damage|p2a: Garganacl|64/100|[from] Stealth Rock
|move|p1a: Dragapult|U-turn|p2a: Garganacl
|-damage|p2a: Garganacl|51/100
|
|t:|1758980016
|switch|p1a: Garganacl|Garganacl, M, tera:Fairy|34/100|[from] U-turn
|
|-heal|p2a: Garganacl|57/100|[from] item: Leftovers
|-heal|p1a: Garganacl|41/100|[from] item: Leftovers
|upkeep
|turn|26
|inactive|sly_skip has 120 seconds left.
|
|t:|1758980025
|move|p2a: Garganacl|Salt Cure|p1a: Garganacl
|-crit|p1a: Garganacl
|-damage|p1a: Garganacl|27/100
|-start|p1a: Garganacl|Salt Cure
|move|p1a: Garganacl|Recover|p1a: Garganacl
|-heal|p1a: Garganacl|77/100
|
|-heal|p2a: Garganacl|64/100|[from] item: Leftovers
|-heal|p1a: Garganacl|83/100|[from] item: Leftovers
|-damage|p1a: Garganacl|71/100|[from] Salt Cure
|upkeep
|turn|27
|inactive|sly_skip has 120 seconds left.
|
|t:|1758980039
|switch|p2a: Slowking|Slowking-Galar, F|81/100
|move|p1a: Garganacl|Salt Cure|p2a: Slowking
|-damage|p2a: Slowking|68/100
|-start|p2a: Slowking|Salt Cure
|
|-heal|p1a: Garganacl|77/100|[from] item: Leftovers
|-damage|p1a: Garganacl|65/100|[from] Salt Cure
|-damage|p2a: Slowking|55/100|[from] Salt Cure
|upkeep
|turn|28
|
|t:|1758980047
|switch|p1a: Corviknight|Corviknight, M|100/100
|-ability|p1a: Corviknight|Pressure
|move|p2a: Slowking|Psychic|p1a: Corviknight
|-resisted|p1a: Corviknight
|-damage|p1a: Corviknight|84/100
|
|-damage|p2a: Slowking|43/100|[from] Salt Cure
|upkeep
|turn|29
|
|t:|1758980061
|switch|p2a: Garganacl|Garganacl, M|64/100
|-damage|p2a: Garganacl|51/100|[from] Stealth Rock
|move|p1a: Corviknight|Brave Bird|p2a: Garganacl
|-resisted|p2a: Garganacl
|-damage|p2a: Garganacl|40/100
|-damage|p1a: Corviknight|80/100|[from] Recoil
|
|-heal|p2a: Garganacl|46/100|[from] item: Leftovers
|upkeep
|turn|30
|
|t:|1758980064
|move|p1a: Corviknight|U-turn|p2a: Garganacl
|-damage|p2a: Garganacl|37/100
|
|t:|1758980068
|switch|p1a: Garganacl|Garganacl, M, tera:Fairy|65/100|[from] U-turn
|move|p2a: Garganacl|Recover|p2a: Garganacl
|-heal|p2a: Garganacl|88/100
|
|-heal|p2a: Garganacl|94/100|[from] item: Leftovers
|-heal|p1a: Garganacl|71/100|[from] item: Leftovers
|upkeep
|turn|31
|
|t:|1758980078
|move|p2a: Garganacl|Salt Cure|p1a: Garganacl
|-damage|p1a: Garganacl|61/100
|-start|p1a: Garganacl|Salt Cure
|move|p1a: Garganacl|Salt Cure|p2a: Garganacl
|-damage|p2a: Garganacl|85/100
|-start|p2a: Garganacl|Salt Cure
|
|-heal|p2a: Garganacl|91/100|[from] item: Leftovers
|-heal|p1a: Garganacl|68/100|[from] item: Leftovers
|-damage|p2a: Garganacl|79/100|[from] Salt Cure
|-damage|p1a: Garganacl|55/100|[from] Salt Cure
|upkeep
|turn|32
|
|t:|1758980087
|switch|p2a: Slowking|Slowking-Galar, F|76/100
|move|p1a: Garganacl|Body Press|p2a: Slowking
|-resisted|p2a: Slowking
|-damage|p2a: Slowking|70/100
|
|-heal|p1a: Garganacl|61/100|[from] item: Leftovers
|-damage|p1a: Garganacl|49/100|[from] Salt Cure
|upkeep
|turn|33
|
|t:|1758980103
|switch|p1a: Corviknight|Corviknight, M|80/100
|-ability|p1a: Corviknight|Pressure
|move|p2a: Slowking|Psychic|p1a: Corviknight
|-resisted|p1a: Corviknight
|-damage|p1a: Corviknight|63/100
|
|upkeep
|turn|34
|
|t:|1758980107
|move|p1a: Corviknight|Roost|p1a: Corviknight
|-heal|p1a: Corviknight|100/100
|-singleturn|p1a: Corviknight|move: Roost
|-prepare|p2a: Slowking|Chilly Reception|[premajor]
|move|p2a: Slowking|Chilly Reception|p2a: Slowking
|-weather|Snowscape
|
|t:|1758980111
|switch|p2a: Garganacl|Garganacl, M|79/100|[from] Chilly Reception
|-damage|p2a: Garganacl|66/100|[from] Stealth Rock
|
|-weather|Snowscape|[upkeep]
|-heal|p2a: Garganacl|72/100|[from] item: Leftovers
|upkeep
|turn|35
|
|t:|1758980116
|move|p1a: Corviknight|U-turn|p2a: Garganacl
|-damage|p2a: Garganacl|64/100
|
|t:|1758980124
|switch|p1a: Garganacl|Garganacl, M, tera:Fairy|49/100|[from] U-turn
|move|p2a: Garganacl|Salt Cure|p1a: Garganacl
|-damage|p1a: Garganacl|40/100
|-start|p1a: Garganacl|Salt Cure
|
|-weather|Snowscape|[upkeep]
|-heal|p2a: Garganacl|70/100|[from] item: Leftovers
|-heal|p1a: Garganacl|46/100|[from] item: Leftovers
|-damage|p1a: Garganacl|34/100|[from] Salt Cure
|upkeep
|turn|36
|
|t:|1758980136
|move|p2a: Garganacl|Earthquake|p1a: Garganacl
|-damage|p1a: Garganacl|20/100
|move|p1a: Garganacl|Recover|p1a: Garganacl
|-heal|p1a: Garganacl|70/100
|
|-weather|Snowscape|[upkeep]
|-heal|p2a: Garganacl|76/100|[from] item: Leftovers
|-heal|p1a: Garganacl|76/100|[from] item: Leftovers
|-damage|p1a: Garganacl|63/100|[from] Salt Cure
|upkeep
|turn|37
|
|t:|1758980141
|switch|p2a: Slowking|Slowking-Galar, F|100/100
|switch|p1a: Corviknight|Corviknight, M|100/100
|-ability|p1a: Corviknight|Pressure
|
|-weather|Snowscape|[upkeep]
|upkeep
|turn|38
|
|t:|1758980145
|move|p1a: Corviknight|Brave Bird|p2a: Slowking
|-damage|p2a: Slowking|65/100
|-damage|p1a: Corviknight|89/100|[from] Recoil
|-prepare|p2a: Slowking|Chilly Reception|[premajor]
|move|p2a: Slowking|Chilly Reception|p2a: Slowking
|
|t:|1758980148
|switch|p2a: Garganacl|Garganacl, M|76/100|[from] Chilly Reception
|-damage|p2a: Garganacl|64/100|[from] Stealth Rock
|
|-weather|none
|-heal|p2a: Garganacl|70/100|[from] item: Leftovers
|upkeep
|turn|39
|
|t:|1758980153
|move|p1a: Corviknight|U-turn|p2a: Garganacl
|-damage|p2a: Garganacl|61/100
|
|t:|1758980159
|switch|p1a: Weezing|Weezing-Galar, M|100/100|[from] U-turn
|-ability|p1a: Weezing|Neutralizing Gas
|move|p2a: Garganacl|Salt Cure|p1a: Weezing
|-damage|p1a: Weezing|90/100
|-start|p1a: Weezing|Salt Cure
|
|-heal|p2a: Garganacl|67/100|[from] item: Leftovers
|-damage|p1a: Weezing|78/100|[from] Salt Cure
|upkeep
|turn|40
|
|t:|1758980171
|switch|p2a: Slowking|Slowking-Galar, F|98/100
|move|p1a: Weezing|Strange Steam|p2a: Slowking
|-resisted|p2a: Slowking
|-damage|p2a: Slowking|91/100
|-start|p2a: Slowking|confusion
|
|-damage|p1a: Weezing|66/100|[from] Salt Cure
|upkeep
|turn|41
|
|t:|1758980178
|-end|p1a: Weezing|ability: Neutralizing Gas
|switch|p1a: Corviknight|Corviknight, M|89/100
|-ability|p1a: Corviknight|Pressure
|-prepare|p2a: Slowking|Chilly Reception|[premajor]
|-activate|p2a: Slowking|confusion
|-damage|p2a: Slowking|85/100|[from] confusion
|
|upkeep
|turn|42
|
|t:|1758980186
|move|p1a: Corviknight|Brave Bird|p2a: Slowking
|-damage|p2a: Slowking|49/100
|-damage|p1a: Corviknight|77/100|[from] Recoil
|-prepare|p2a: Slowking|Chilly Reception|[premajor]
|-activate|p2a: Slowking|confusion
|move|p2a: Slowking|Chilly Reception|p2a: Slowking
|-weather|Snowscape
|
|t:|1758980194
|switch|p2a: Garganacl|Garganacl, M|67/100|[from] Chilly Reception
|-damage|p2a: Garganacl|55/100|[from] Stealth Rock
|
|-weather|Snowscape|[upkeep]
|-heal|p2a: Garganacl|61/100|[from] item: Leftovers
|upkeep
|turn|43
|
|t:|1758980198
|move|p1a: Corviknight|U-turn|p2a: Garganacl
|-damage|p2a: Garganacl|52/100
|
|t:|1758980204
|switch|p1a: Garganacl|Garganacl, M, tera:Fairy|63/100|[from] U-turn
|move|p2a: Garganacl|Salt Cure|p1a: Garganacl
|-damage|p1a: Garganacl|54/100
|-start|p1a: Garganacl|Salt Cure
|
|-weather|Snowscape|[upkeep]
|-heal|p2a: Garganacl|59/100|[from] item: Leftovers
|-heal|p1a: Garganacl|61/100|[from] item: Leftovers
|-damage|p1a: Garganacl|48/100|[from] Salt Cure
|upkeep
|turn|44
|
|t:|1758980215
|move|p2a: Garganacl|Recover|p2a: Garganacl
|-heal|p2a: Garganacl|100/100
|move|p1a: Garganacl|Recover|p1a: Garganacl
|-heal|p1a: Garganacl|98/100
|
|-weather|Snowscape|[upkeep]
|-heal|p1a: Garganacl|100/100|[from] item: Leftovers
|-damage|p1a: Garganacl|88/100|[from] Salt Cure
|upkeep
|turn|45
|
|t:|1758980225
|switch|p1a: Corviknight|Corviknight, M|77/100
|-ability|p1a: Corviknight|Pressure
|move|p2a: Garganacl|Earthquake|p1a: Corviknight
|-immune|p1a: Corviknight
|
|-weather|Snowscape|[upkeep]
|upkeep
|turn|46
|inactive|57guns has 120 seconds left.
|l|☆57guns
|inactive|57guns disconnected and has a minute to reconnect!
|player|p1|
|
|t:|1758980261
|move|p1a: Corviknight|Brave Bird|p2a: Garganacl
|-resisted|p2a: Garganacl
|-damage|p2a: Garganacl|89/100
|-damage|p1a: Corviknight|73/100|[from] Recoil
|move|p2a: Garganacl|Salt Cure|p1a: Corviknight
|-damage|p1a: Corviknight|64/100
|-start|p1a: Corviknight|Salt Cure
|
|-weather|none
|-heal|p2a: Garganacl|95/100|[from] item: Leftovers
|-damage|p1a: Corviknight|39/100|[from] Salt Cure
|upkeep
|turn|47
|j|☆57guns
|inactive|57guns reconnected and has 115 seconds left.
|player|p1|57guns|hilbert|
|
|t:|1758980278
|move|p1a: Corviknight|U-turn|p2a: Garganacl
|-damage|p2a: Garganacl|87/100
|
|t:|1758980280
|switch|p1a: Garganacl|Garganacl, M, tera:Fairy|88/100|[from] U-turn
|move|p2a: Garganacl|Earthquake|p1a: Garganacl
|-damage|p1a: Garganacl|74/100
|
|-heal|p2a: Garganacl|93/100|[from] item: Leftovers
|-heal|p1a: Garganacl|80/100|[from] item: Leftovers
|upkeep
|turn|48
|inactive|57guns has 120 seconds left.
|
|t:|1758980287
|move|p2a: Garganacl|Salt Cure|p1a: Garganacl
|-damage|p1a: Garganacl|70/100
|-start|p1a: Garganacl|Salt Cure
|move|p1a: Garganacl|Salt Cure|p2a: Garganacl
|-damage|p2a: Garganacl|85/100
|-start|p2a: Garganacl|Salt Cure
|
|-heal|p2a: Garganacl|91/100|[from] item: Leftovers
|-heal|p1a: Garganacl|76/100|[from] item: Leftovers
|-damage|p2a: Garganacl|79/100|[from] Salt Cure
|-damage|p1a: Garganacl|64/100|[from] Salt Cure
|upkeep
|turn|49
|
|t:|1758980292
|switch|p2a: Slowking|Slowking-Galar, F|83/100
|switch|p1a: Corviknight|Corviknight, M|39/100
|-ability|p1a: Corviknight|Pressure
|
|upkeep
|turn|50
|
|t:|1758980296
|move|p1a: Corviknight|Roost|p1a: Corviknight
|-heal|p1a: Corviknight|89/100
|-singleturn|p1a: Corviknight|move: Roost
|-prepare|p2a: Slowking|Chilly Reception|[premajor]
|move|p2a: Slowking|Chilly Reception|p2a: Slowking
|-weather|Snowscape
|
|t:|1758980305
|switch|p2a: Garganacl|Garganacl, M|79/100|[from] Chilly Reception
|-damage|p2a: Garganacl|66/100|[from] Stealth Rock
|
|-weather|Snowscape|[upkeep]
|-heal|p2a: Garganacl|72/100|[from] item: Leftovers
|upkeep
|turn|51
|
|t:|1758980328
|move|p1a: Corviknight|Brave Bird|p2a: Garganacl
|-resisted|p2a: Garganacl
|-damage|p2a: Garganacl|61/100
|-damage|p1a: Corviknight|85/100|[from] Recoil
|move|p2a: Garganacl|Salt Cure|p1a: Corviknight
|-damage|p1a: Corviknight|76/100
|-start|p1a: Corviknight|Salt Cure
|
|-weather|Snowscape|[upkeep]
|-heal|p2a: Garganacl|67/100|[from] item: Leftovers
|-damage|p1a: Corviknight|51/100|[from] Salt Cure
|upkeep
|turn|52
|
|t:|1758980342
|move|p1a: Corviknight|U-turn|p2a: Garganacl
|-damage|p2a: Garganacl|58/100
|
|t:|1758980345
|switch|p1a: Garganacl|Garganacl, M, tera:Fairy|64/100|[from] U-turn
|move|p2a: Garganacl|Curse|p2a: Garganacl
|-unboost|p2a: Garganacl|spe|1
|-boost|p2a: Garganacl|atk|1
|-boost|p2a: Garganacl|def|1
|
|-weather|Snowscape|[upkeep]
|-heal|p1a: Garganacl|70/100|[from] item: Leftovers
|-heal|p2a: Garganacl|64/100|[from] item: Leftovers
|upkeep
|turn|53
|
|t:|1758980354
|move|p1a: Garganacl|Salt Cure|p2a: Garganacl
|-damage|p2a: Garganacl|59/100
|-start|p2a: Garganacl|Salt Cure
|move|p2a: Garganacl|Salt Cure|p1a: Garganacl
|-damage|p1a: Garganacl|57/100
|-start|p1a: Garganacl|Salt Cure
|
|-weather|Snowscape|[upkeep]
|-heal|p1a: Garganacl|64/100|[from] item: Leftovers
|-heal|p2a: Garganacl|65/100|[from] item: Leftovers
|-damage|p1a: Garganacl|51/100|[from] Salt Cure
|-damage|p2a: Garganacl|52/100|[from] Salt Cure
|upkeep
|turn|54
|
|t:|1758980369
|switch|p1a: Corviknight|Corviknight, M|51/100
|-ability|p1a: Corviknight|Pressure
|move|p2a: Garganacl|Earthquake|p1a: Corviknight
|-immune|p1a: Corviknight
|
|-weather|none
|-heal|p2a: Garganacl|59/100|[from] item: Leftovers
|-damage|p2a: Garganacl|46/100|[from] Salt Cure
|upkeep
|turn|55
|
|t:|1758980380
|move|p1a: Corviknight|U-turn|p2a: Garganacl
|-crit|p2a: Garganacl
|-damage|p2a: Garganacl|32/100
|
|t:|1758980383
|switch|p1a: Garganacl|Garganacl, M, tera:Fairy|51/100|[from] U-turn
|move|p2a: Garganacl|Recover|p2a: Garganacl
|-heal|p2a: Garganacl|82/100
|
|-heal|p1a: Garganacl|57/100|[from] item: Leftovers
|-heal|p2a: Garganacl|88/100|[from] item: Leftovers
|-damage|p2a: Garganacl|76/100|[from] Salt Cure
|upkeep
|turn|56
|
|t:|1758980390
|switch|p2a: Slowking|Slowking-Galar, F|100/100
|move|p1a: Garganacl|Iron Defense|p1a: Garganacl
|-boost|p1a: Garganacl|def|2
|
|-heal|p1a: Garganacl|64/100|[from] item: Leftovers
|upkeep
|turn|57
|
|t:|1758980394
|switch|p1a: Corviknight|Corviknight, M|51/100
|-ability|p1a: Corviknight|Pressure
|move|p2a: Slowking|Psychic|p1a: Corviknight
|-resisted|p1a: Corviknight
|-damage|p1a: Corviknight|35/100
|
|upkeep
|turn|58
|inactive|57guns has 120 seconds left.
|
|t:|1758980428
|move|p1a: Corviknight|Roost|p1a: Corviknight
|-heal|p1a: Corviknight|85/100
|-singleturn|p1a: Corviknight|move: Roost
|-prepare|p2a: Slowking|Chilly Reception|[premajor]
|move|p2a: Slowking|Chilly Reception|p2a: Slowking
|-weather|Snowscape
|
|t:|1758980438
|switch|p2a: Garganacl|Garganacl, M|76/100|[from] Chilly Reception
|-damage|p2a: Garganacl|64/100|[from] Stealth Rock
|
|-weather|Snowscape|[upkeep]
|-heal|p2a: Garganacl|70/100|[from] item: Leftovers
|upkeep
|turn|59
|
|t:|1758980446
|move|p1a: Corviknight|Brave Bird|p2a: Garganacl
|-resisted|p2a: Garganacl
|-damage|p2a: Garganacl|59/100
|-damage|p1a: Corviknight|81/100|[from] Recoil
|move|p2a: Garganacl|Salt Cure|p1a: Corviknight
|-damage|p1a: Corviknight|73/100
|-start|p1a: Corviknight|Salt Cure
|
|-weather|Snowscape|[upkeep]
|-heal|p2a: Garganacl|66/100|[from] item: Leftovers
|-damage|p1a: Corviknight|48/100|[from] Salt Cure
|upkeep
|turn|60
|
|t:|1758980458
|switch|p2a: Slowking|Slowking-Galar, F|100/100
|move|p1a: Corviknight|U-turn|p2a: Slowking
|-damage|p2a: Slowking|85/100
|
|t:|1758980467
|switch|p1a: Cinderace|Cinderace, M|44/100|[from] U-turn
|
|-weather|Snowscape|[upkeep]
|upkeep
|turn|61
|
|t:|1758980481
|switch|p2a: Garganacl|Garganacl, M|66/100
|-damage|p2a: Garganacl|53/100|[from] Stealth Rock
|move|p1a: Cinderace|U-turn|p2a: Garganacl
|-start|p1a: Cinderace|typechange|Bug|[from] ability: Libero
|-damage|p2a: Garganacl|31/100
|
|t:|1758980496
|switch|p1a: Weezing|Weezing-Galar, M|66/100|[from] U-turn
|-ability|p1a: Weezing|Neutralizing Gas
|
|-weather|Snowscape|[upkeep]
|-heal|p2a: Garganacl|37/100|[from] item: Leftovers
|upkeep
|turn|62
|
|t:|1758980503
|switch|p2a: Slowking|Slowking-Galar, F|100/100
|move|p1a: Weezing|Strange Steam|p2a: Slowking|[miss]
|-miss|p1a: Weezing|p2a: Slowking
|
|-weather|none
|upkeep
|turn|63
|
|t:|1758980512
|-end|p1a: Weezing|ability: Neutralizing Gas
|switch|p1a: Corviknight|Corviknight, M|48/100
|-ability|p1a: Corviknight|Pressure
|move|p2a: Slowking|Psychic|p1a: Corviknight
|-resisted|p1a: Corviknight
|-damage|p1a: Corviknight|31/100
|
|upkeep
|turn|64
|
|t:|1758980526
|move|p1a: Corviknight|Brave Bird|p2a: Slowking
|-damage|p2a: Slowking|61/100
|-damage|p1a: Corviknight|18/100|[from] Recoil
|-prepare|p2a: Slowking|Chilly Reception|[premajor]
|move|p2a: Slowking|Chilly Reception|p2a: Slowking
|-weather|Snowscape
|
|t:|1758980546
|switch|p2a: Darkrai|Darkrai, tera:Ghost|8/100|[from] Chilly Reception
|
|-weather|Snowscape|[upkeep]
|upkeep
|turn|65
|
|t:|1758980557
|switch|p1a: Weezing|Weezing-Galar, M|66/100
|-ability|p1a: Weezing|Neutralizing Gas
|move|p2a: Darkrai|Knock Off|p1a: Weezing
|-resisted|p1a: Weezing
|-damage|p1a: Weezing|56/100
|-enditem|p1a: Weezing|Heavy-Duty Boots|[from] move: Knock Off|[of] p2a: Darkrai
|
|-weather|Snowscape|[upkeep]
|upkeep
|turn|66
|
|t:|1758980567
|switch|p2a: Slowking|Slowking-Galar, F|94/100
|move|p1a: Weezing|Strange Steam|p2a: Slowking
|-resisted|p2a: Slowking
|-damage|p2a: Slowking|86/100
|
|-weather|Snowscape|[upkeep]
|upkeep
|turn|67
|
|t:|1758980575
|move|p1a: Weezing|Pain Split|p2a: Slowking
|-sethp|p2a: Slowking|66/100|[from] move: Pain Split|[silent]
|-sethp|p1a: Weezing|78/100|[from] move: Pain Split
|move|p2a: Slowking|Psychic|p1a: Weezing
|-supereffective|p1a: Weezing
|-damage|p1a: Weezing|0 fnt
|faint|p1a: Weezing
|-end|p1a: Weezing|ability: Neutralizing Gas
|
|-weather|Snowscape|[upkeep]
|upkeep
|
|t:|1758980582
|switch|p1a: Corviknight|Corviknight, M|18/100
|-ability|p1a: Corviknight|Pressure
|turn|68
|
|t:|1758980593
|move|p1a: Corviknight|Roost|p1a: Corviknight
|-heal|p1a: Corviknight|68/100
|-singleturn|p1a: Corviknight|move: Roost
|-prepare|p2a: Slowking|Chilly Reception|[premajor]
|move|p2a: Slowking|Chilly Reception|p2a: Slowking
|
|t:|1758980595
|switch|p2a: Darkrai|Darkrai, tera:Ghost|8/100|[from] Chilly Reception
|
|-weather|none
|upkeep
|turn|69
|
|t:|1758980604
|move|p2a: Darkrai|Dark Pulse|p1a: Corviknight
|-damage|p1a: Corviknight|25/100
|move|p1a: Corviknight|U-turn|p2a: Darkrai
|-resisted|p2a: Darkrai
|-damage|p2a: Darkrai|0 fnt
|faint|p2a: Darkrai
|
|t:|1758980626
|switch|p1a: Dragapult|Dragapult, F|67/100|[from] U-turn
|
|upkeep
|
|t:|1758980631
|switch|p2a: Garganacl|Garganacl, M|37/100
|-damage|p2a: Garganacl|25/100|[from] Stealth Rock
|turn|70
|
|t:|1758980639
|move|p1a: Dragapult|Dragon Darts|p2a: Garganacl
|-damage|p2a: Garganacl|12/100
|-anim|p1a: Dragapult|Dragon Darts|p2a: Garganacl
|-damage|p2a: Garganacl|0 fnt
|faint|p2a: Garganacl
|
|upkeep
|-message|sly_skip forfeited.
|
|win|57guns
|raw|57guns's rating: 1558 &rarr; <strong>1584</strong><br />(+26 for winning)
|raw|sly_skip's rating: 1657 &rarr; <strong>1631</strong><br />(-26 for losing)
|l|☆sly_skip
|player|p2|
