|j|☆homerac
|j|☆pokotom21
|t:|1758990716
|gametype|singles
|player|p1|homerac|169|1188
|player|p2|pokotom21|cowgirl|1193
|gen|9
|tier|[Gen 9] OU
|rated|
|rule|HP Percentage Mod: HP is shown in percentages
|rule|Endless Battle Clause: Forcing endless battles is banned
|rule|Species Clause: Limit one of each Pokémon
|rule|OHKO Clause: OHKO moves are banned
|rule|Evasion Items Clause: Evasion items are banned
|rule|Evasion Moves Clause: Evasion moves are banned
|rule|Evasion Abilities Clause: Evasion abilities are banned
|rule|Sleep Moves Clause: Sleep-inducing moves are banned
|clearpoke
|poke|p1|Araquanid, F|
|poke|p1|Darkrai|
|poke|p1|Garchomp, F|
|poke|p1|Primarina, F|
|poke|p1|Breloom, M|
|poke|p1|Oricorio-Pom-Pom, F|
|poke|p2|Glimmora, M|
|poke|p2|Primarina, F|
|poke|p2|Darkrai|
|poke|p2|Zamazenta-*|
|poke|p2|Dragonite, M|
|poke|p2|Minior|
|teampreview
|
|t:|1758990728
|teamsize|p1|6
|teamsize|p2|6
|start
|switch|p1a: Primarina|Primarina, F|100/100
|switch|p2a: Glimmora|Glimmora, M|100/100
|turn|1
|
|t:|1758990734
|move|p2a: Glimmora|Stealth Rock|p1a: Primarina
|-sidestart|p1: homerac|move: Stealth Rock
|move|p1a: Primarina|Surf|p2a: Glimmora
|-supereffective|p2a: Glimmora
|-enditem|p2a: Glimmora|Focus Sash
|-damage|p2a: Glimmora|1/100
|
|upkeep
|turn|2
|
|t:|1758990741
|move|p2a: Glimmora|Mortal Spin|p1a: Primarina
|-supereffective|p1a: Primarina
|-damage|p1a: Primarina|84/100
|-status|p1a: Primarina|psn
|move|p1a: Primarina|Surf|p2a: Glimmora
|-supereffective|p2a: Glimmora
|-damage|p2a: Glimmora|0 fnt
|faint|p2a: Glimmora
|
|-damage|p1a: Primarina|72/100 psn|[from] psn
|upkeep
|
|t:|1758990758
|switch|p2a: Darkrai|Darkrai|100/100
|turn|3
|
|t:|1758990770
|move|p2a: Darkrai|Sludge Bomb|p1a: Primarina
|-supereffective|p1a: Primarina
|-damage|p1a: Primarina|39/100 psn
|move|p1a: Primarina|Moonblast|p2a: Darkrai
|-supereffective|p2a: Darkrai
|-crit|p2a: Darkrai
|-damage|p2a: Darkrai|0 fnt
|faint|p2a: Darkrai
|
|-damage|p1a: Primarina|27/100 psn|[from] psn
|upkeep
|
|t:|1758990784
|switch|p2a: Primarina|Primarina, F|100/100
|turn|4
|
|t:|1758990787
|move|p1a: Primarina|Moonblast|p2a: Primarina
|-crit|p2a: Primarina
|-damage|p2a: Primarina|38/100
|move|p2a: Primarina|Calm Mind|p2a: Primarina
|-boost|p2a: Primarina|spa|1
|-boost|p2a: Primarina|spd|1
|
|-heal|p2a: Primarina|44/100|[from] item: Leftovers
|-damage|p1a: Primarina|15/100 psn|[from] psn
|upkeep
|turn|5
|
|t:|1758990798
|move|p1a: Primarina|Psychic Noise|p2a: Primarina
|-damage|p2a: Primarina|28/100
|-start|p2a: Primarina|move: Heal Block
|move|p2a: Primarina|Calm Mind|p2a: Primarina
|-boost|p2a: Primarina|spa|1
|-boost|p2a: Primarina|spd|1
|
|-damage|p1a: Primarina|2/100 psn|[from] psn
|upkeep
|turn|6
|
|t:|1758990807
|move|p2a: Primarina|Calm Mind|p2a: Primarina
|-boost|p2a: Primarina|spa|1
|-boost|p2a: Primarina|spd|1
|move|p1a: Primarina|Moonblast|p2a: Primarina
|-damage|p2a: Primarina|10/100
|
|-damage|p1a: Primarina|0 fnt|[from] psn
|faint|p1a: Primarina
|-end|p2a: Primarina|move: Heal Block
|upkeep
|
|t:|1758990817
|switch|p1a: Breloom|Breloom, M|100/100
|-damage|p1a: Breloom|94/100|[from] Stealth Rock
|turn|7
|
|t:|1758990823
|switch|p2a: Zamazenta|Zamazenta|100/100
|-ability|p2a: Zamazenta|Dauntless Shield|boost
|-boost|p2a: Zamazenta|def|1
|move|p1a: Breloom|Bullet Seed|p2a: Zamazenta
|-damage|p2a: Zamazenta|89/100
|-damage|p2a: Zamazenta|79/100
|-damage|p2a: Zamazenta|69/100
|-damage|p2a: Zamazenta|57/100
|-hitcount|p2a: Zamazenta|4
|
|-heal|p2a: Zamazenta|63/100|[from] item: Leftovers
|upkeep
|turn|8
|
|t:|1758990844
|switch|p1a: Oricorio|Oricorio-Pom-Pom, F|100/100
|move|p2a: Zamazenta|Roar|p1a: Oricorio
|drag|p1a: Breloom|Breloom, M|94/100
|-damage|p1a: Breloom|88/100|[from] Stealth Rock
|
|-heal|p2a: Zamazenta|70/100|[from] item: Leftovers
|upkeep
|turn|9
|
|t:|1758990856
|switch|p1a: Oricorio|Oricorio-Pom-Pom, F|100/100
|move|p2a: Zamazenta|Iron Defense|p2a: Zamazenta
|-boost|p2a: Zamazenta|def|2
|
|-heal|p2a: Zamazenta|76/100|[from] item: Leftovers
|upkeep
|turn|10
|
|t:|1758990867
|move|p2a: Zamazenta|Body Press|p1a: Oricorio
|-resisted|p1a: Oricorio
|-damage|p1a: Oricorio|45/100
|move|p1a: Oricorio|Air Slash|p2a: Zamazenta
|-supereffective|p2a: Zamazenta
|-damage|p2a: Zamazenta|20/100
|
|-heal|p2a: Zamazenta|26/100|[from] item: Leftovers
|upkeep
|turn|11
|
|t:|1758990874
|move|p2a: Zamazenta|Body Press|p1a: Oricorio
|-resisted|p1a: Oricorio
|-damage|p1a: Oricorio|0 fnt
|faint|p1a: Oricorio
|
|-heal|p2a: Zamazenta|32/100|[from] item: Leftovers
|upkeep
|
|t:|1758990881
|switch|p1a: Darkrai|Darkrai|100/100
|-damage|p1a: Darkrai|88/100|[from] Stealth Rock
|turn|12
|
|t:|1758990887
|switch|p2a: Primarina|Primarina, F|10/100
|-terastallize|p1a: Darkrai|Ghost
|move|p1a: Darkrai|Sludge Bomb|p2a: Primarina
|-supereffective|p2a: Primarina
|-damage|p2a: Primarina|0 fnt
|faint|p2a: Primarina
|
|upkeep
|
|t:|1758990896
|switch|p2a: Minior|Minior|100/100
|-formechange|p2a: Minior|Minior-Meteor||[from] ability: Shields Down
|turn|13
|
|t:|1758990905
|move|p1a: Darkrai|Ice Beam|p2a: Minior
|-supereffective|p2a: Minior
|-damage|p2a: Minior|0 fnt
|faint|p2a: Minior
|
|upkeep
|
|t:|1758990910
|switch|p2a: Dragonite|Dragonite, M|100/100
|turn|14
|
|t:|1758990913
|switch|p1a: Garchomp|Garchomp, F|100/100
|-damage|p1a: Garchomp|94/100|[from] Stealth Rock
|-terastallize|p2a: Dragonite|Normal
|move|p2a: Dragonite|Dragon Dance|p2a: Dragonite
|-boost|p2a: Dragonite|atk|1
|-boost|p2a: Dragonite|spe|1
|
|upkeep
|turn|15
|
|t:|1758990923
|move|p2a: Dragonite|Ice Spinner|p1a: Garchomp
|-supereffective|p1a: Garchomp
|-damage|p1a: Garchomp|0 fnt
|-damage|p2a: Dragonite|88/100|[from] ability: Rough Skin|[of] p1a: Garchomp
|-damage|p2a: Dragonite|72/100|[from] item: Rocky Helmet|[of] p1a: Garchomp
|faint|p1a: Garchomp
|
|upkeep
|
|t:|1758990933
|switch|p1a: Darkrai|Darkrai, tera:Ghost|88/100
|-damage|p1a: Darkrai|76/100|[from] Stealth Rock
|turn|16
|
|t:|1758990943
|move|p2a: Dragonite|Earthquake|p1a: Darkrai
|-damage|p1a: Darkrai|0 fnt
|faint|p1a: Darkrai
|
|upkeep
|
|t:|1758990948
|switch|p1a: Breloom|Breloom, M|88/100
|-damage|p1a: Breloom|82/100|[from] Stealth Rock
|turn|17
|
|t:|1758990952
|move|p1a: Breloom|Mach Punch|p2a: Dragonite
|-supereffective|p2a: Dragonite
|-damage|p2a: Dragonite|0 fnt
|faint|p2a: Dragonite
|
|upkeep
|
|t:|1758990956
|switch|p2a: Zamazenta|Zamazenta|32/100
|turn|18
|
|t:|1758990964
|move|p2a: Zamazenta|Body Press|p1a: Breloom
|-damage|p1a: Breloom|32/100
|move|p1a: Breloom|Bullet Seed|p2a: Zamazenta
|-damage|p2a: Zamazenta|15/100
|-damage|p2a: Zamazenta|0 fnt
|faint|p2a: Zamazenta
|-hitcount|p2: Zamazenta|2
|
|win|homerac
|raw|homerac's rating: 1188 &rarr; <strong>1213</strong><br />(+25 for winning)
|raw|pokotom21's rating: 1193 &rarr; <strong>1168</strong><br />(-25 for losing)
|l|☆pokotom21
|player|p2|
|l|☆homerac
|player|p1|
