|j|☆arvends5
|j|☆zoro88h
|t:|1759059265
|gametype|singles
|player|p1|arvends5|burglar|1279
|player|p2|zoro88h|blackbelt-gen4|1271
|gen|9
|tier|[Gen 9] OU
|rated|
|rule|HP Percentage Mod: HP is shown in percentages
|rule|Endless Battle Clause: Forcing endless battles is banned
|rule|Species Clause: Limit one of each Pokémon
|rule|OHKO Clause: OHKO moves are banned
|rule|Evasion Items Clause: Evasion items are banned
|rule|Evasion Moves Clause: Evasion moves are banned
|rule|Evasion Abilities Clause: Evasion abilities are banned
|rule|Sleep Moves Clause: Sleep-inducing moves are banned
|clearpoke
|poke|p1|Primarina, F|
|poke|p1|Rillaboom, M|
|poke|p1|Hawlucha, M|
|poke|p1|Incineroar, M|
|poke|p1|Ludicolo, M|
|poke|p1|Scovillain, M|
|poke|p2|Gliscor, F|
|poke|p2|Breloom, M|
|poke|p2|Scizor, F|
|poke|p2|Weavile, M|
|poke|p2|Latias, F|
|poke|p2|Rotom-Wash|
|teampreview
|c|☆zoro88h|glhf
|
|t:|1759059274
|teamsize|p1|6
|teamsize|p2|6
|start
|switch|p1a: Scovillain|Scovillain, M|100/100
|switch|p2a: Rotom|Rotom-Wash|100/100
|turn|1
|inactive|Battle timer is ON: inactive players will automatically lose when time's up. (requested by zoro88h)
|
|t:|1759059280
|move|p2a: Rotom|Trick|p1a: Scovillain
|-activate|p2a: Rotom|move: Trick|[of] p1a: Scovillain
|-item|p1a: Scovillain|Choice Specs|[from] move: Trick
|-item|p2a: Rotom|Life Orb|[from] move: Trick
|move|p1a: Scovillain|Sunny Day|p1a: Scovillain
|-weather|SunnyDay
|
|-weather|SunnyDay|[upkeep]
|upkeep
|turn|2
|
|t:|1759059290
|switch|p1a: Incineroar|Incineroar, M|100/100
|-ability|p1a: Incineroar|Intimidate|boost
|-unboost|p2a: Rotom|atk|1
|switch|p2a: Latias|Latias, F|100/100
|
|-weather|SunnyDay|[upkeep]
|upkeep
|turn|3
|
|t:|1759059301
|switch|p2a: Weavile|Weavile, M|100/100
|-ability|p2a: Weavile|Pressure
|move|p1a: Incineroar|Darkest Lariat|p2a: Weavile
|-resisted|p2a: Weavile
|-damage|p2a: Weavile|62/100
|
|-weather|SunnyDay|[upkeep]
|upkeep
|turn|4
|
|t:|1759059310
|move|p2a: Weavile|Knock Off|p1a: Incineroar
|-resisted|p1a: Incineroar
|-damage|p1a: Incineroar|77/100
|-enditem|p1a: Incineroar|Focus Sash|[from] move: Knock Off|[of] p2a: Weavile
|move|p1a: Incineroar|Flare Blitz|p2a: Weavile
|-supereffective|p2a: Weavile
|-damage|p2a: Weavile|0 fnt
|faint|p2a: Weavile
|-damage|p1a: Incineroar|62/100|[from] Recoil
|
|-weather|SunnyDay|[upkeep]
|upkeep
|
|t:|1759059324
|switch|p2a: Breloom|Breloom, M|100/100
|turn|5
|
|t:|1759059333
|switch|p2a: Rotom|Rotom-Wash|100/100
|switch|p1a: Scovillain|Scovillain, M|100/100
|
|-weather|none
|upkeep
|turn|6
|
|t:|1759059341
|move|p2a: Rotom|Volt Switch|p1a: Scovillain
|-resisted|p1a: Scovillain
|-damage|p1a: Scovillain|62/100
|-damage|p2a: Rotom|91/100|[from] item: Life Orb
|
|t:|1759059347
|switch|p2a: Latias|Latias, F|100/100|[from] Volt Switch
|move|p1a: Scovillain|Solar Beam||[still]
|-prepare|p1a: Scovillain|Solar Beam
|
|upkeep
|turn|7
|
|t:|1759059354
|move|p2a: Latias|Calm Mind|p2a: Latias
|-boost|p2a: Latias|spa|1
|-boost|p2a: Latias|spd|1
|move|p1a: Scovillain|Solar Beam|p2a: Latias|[from] lockedmove
|-resisted|p2a: Latias
|-damage|p2a: Latias|77/100
|
|-heal|p2a: Latias|83/100|[from] item: Leftovers
|upkeep
|turn|8
|
|t:|1759059364
|switch|p1a: Incineroar|Incineroar, M|62/100
|-ability|p1a: Incineroar|Intimidate|boost
|-unboost|p2a: Latias|atk|1
|move|p2a: Latias|Calm Mind|p2a: Latias
|-boost|p2a: Latias|spa|1
|-boost|p2a: Latias|spd|1
|
|-heal|p2a: Latias|89/100|[from] item: Leftovers
|upkeep
|turn|9
|
|t:|1759059379
|-terastallize|p2a: Latias|Steel
|move|p1a: Incineroar|Fake Out|p2a: Latias
|-resisted|p2a: Latias
|-damage|p2a: Latias|83/100
|cant|p2a: Latias|flinch
|
|-heal|p2a: Latias|90/100|[from] item: Leftovers
|upkeep
|turn|10
|
|t:|1759059390
|move|p2a: Latias|Calm Mind|p2a: Latias
|-boost|p2a: Latias|spa|1
|-boost|p2a: Latias|spd|1
|move|p1a: Incineroar|Flare Blitz|p2a: Latias
|-supereffective|p2a: Latias
|-damage|p2a: Latias|0 fnt
|faint|p2a: Latias
|-damage|p1a: Incineroar|35/100|[from] Recoil
|
|upkeep
|
|t:|1759059398
|switch|p2a: Breloom|Breloom, M|100/100
|turn|11
|
|t:|1759059403
|switch|p1a: Scovillain|Scovillain, M|62/100
|move|p2a: Breloom|Mach Punch|p1a: Scovillain
|-damage|p1a: Scovillain|5/100
|
|upkeep
|turn|12
|
|t:|1759059409
|move|p2a: Breloom|Mach Punch|p1a: Scovillain
|-damage|p1a: Scovillain|0 fnt
|faint|p1a: Scovillain
|
|upkeep
|
|t:|1759059419
|switch|p1a: Ludicolo|Ludicolo, M|100/100
|turn|13
|
|t:|1759059441
|move|p2a: Breloom|Bullet Seed|p1a: Ludicolo
|-damage|p1a: Ludicolo|72/100
|-damage|p1a: Ludicolo|44/100
|-damage|p1a: Ludicolo|12/100
|-damage|p1a: Ludicolo|0 fnt
|faint|p1a: Ludicolo
|-hitcount|p1: Ludicolo|4
|
|upkeep
|
|t:|1759059445
|switch|p1a: Incineroar|Incineroar, M|35/100
|-ability|p1a: Incineroar|Intimidate|boost
|-unboost|p2a: Breloom|atk|1
|turn|14
|
|t:|1759059451
|switch|p2a: Rotom|Rotom-Wash|91/100
|move|p1a: Incineroar|Flare Blitz|p2a: Rotom
|-resisted|p2a: Rotom
|-damage|p2a: Rotom|45/100
|-damage|p1a: Incineroar|26/100|[from] Recoil
|
|upkeep
|turn|15
|
|t:|1759059458
|move|p2a: Rotom|Volt Switch|p1a: Incineroar
|-damage|p1a: Incineroar|0 fnt
|faint|p1a: Incineroar
|-damage|p2a: Rotom|35/100|[from] item: Life Orb
|
|t:|1759059477
|switch|p2a: Gliscor|Gliscor, F, shiny|100/100|[from] Volt Switch
|
|-status|p2a: Gliscor|tox|[from] item: Toxic Orb
|upkeep
|
|t:|1759059482
|switch|p1a: Primarina|Primarina, F|100/100
|turn|16
|
|t:|1759059486
|switch|p2a: Rotom|Rotom-Wash|35/100
|move|p1a: Primarina|Surf|p2a: Rotom
|-resisted|p2a: Rotom
|-damage|p2a: Rotom|0 fnt
|faint|p2a: Rotom
|-damage|p1a: Primarina|91/100|[from] item: Life Orb
|
|upkeep
|
|t:|1759059494
|switch|p2a: Breloom|Breloom, M|100/100
|turn|17
|
|t:|1759059498
|switch|p1a: Rillaboom|Rillaboom, M|100/100
|-fieldstart|move: Grassy Terrain|[from] ability: Grassy Surge|[of] p1a: Rillaboom
|move|p2a: Breloom|Bullet Seed|p1a: Rillaboom
|-resisted|p1a: Rillaboom
|-damage|p1a: Rillaboom|86/100
|-resisted|p1a: Rillaboom
|-damage|p1a: Rillaboom|72/100
|-resisted|p1a: Rillaboom
|-damage|p1a: Rillaboom|58/100
|-resisted|p1a: Rillaboom
|-damage|p1a: Rillaboom|43/100
|-hitcount|p1a: Rillaboom|4
|
|-heal|p1a: Rillaboom|49/100|[from] Grassy Terrain
|upkeep
|turn|18
|
|t:|1759059511
|move|p1a: Rillaboom|Grassy Glide|p2a: Breloom
|-resisted|p2a: Breloom
|-damage|p2a: Breloom|51/100
|move|p2a: Breloom|Mach Punch|p1a: Rillaboom
|-damage|p1a: Rillaboom|14/100
|
|-heal|p1a: Rillaboom|20/100|[from] Grassy Terrain
|-heal|p2a: Breloom|57/100|[from] Grassy Terrain
|upkeep
|turn|19
|
|t:|1759059519
|move|p1a: Rillaboom|Grassy Glide|p2a: Breloom
|-resisted|p2a: Breloom
|-damage|p2a: Breloom|9/100
|move|p2a: Breloom|Mach Punch|p1a: Rillaboom
|-damage|p1a: Rillaboom|0 fnt
|faint|p1a: Rillaboom
|
|-heal|p2a: Breloom|15/100|[from] Grassy Terrain
|upkeep
|
|t:|1759059523
|switch|p1a: Hawlucha|Hawlucha, M, shiny|100/100
|-enditem|p1a: Hawlucha|Grassy Seed
|-boost|p1a: Hawlucha|def|1|[from] item: Grassy Seed
|turn|20
|
|t:|1759059530
|move|p1a: Hawlucha|Swords Dance|p1a: Hawlucha
|-boost|p1a: Hawlucha|atk|2
|move|p2a: Breloom|Rock Tomb|p1a: Hawlucha
|-damage|p1a: Hawlucha|68/100
|-unboost|p1a: Hawlucha|spe|1
|
|-heal|p2a: Breloom|21/100|[from] Grassy Terrain
|upkeep
|turn|21
|
|t:|1759059539
|move|p1a: Hawlucha|Acrobatics|p2a: Breloom
|-supereffective|p2a: Breloom
|-damage|p2a: Breloom|0 fnt
|faint|p2a: Breloom
|
|-fieldend|move: Grassy Terrain
|upkeep
|
|t:|1759059545
|switch|p2a: Gliscor|Gliscor, F, shiny|100/100 tox
|turn|22
|
|t:|1759059549
|move|p1a: Hawlucha|Acrobatics|p2a: Gliscor
|-damage|p2a: Gliscor|39/100 tox
|move|p2a: Gliscor|Toxic|p1a: Hawlucha
|-status|p1a: Hawlucha|tox
|
|-damage|p1a: Hawlucha|61/100 tox|[from] psn
|-heal|p2a: Gliscor|51/100 tox|[from] ability: Poison Heal
|upkeep
|turn|23
|
|t:|1759059562
|move|p1a: Hawlucha|Acrobatics|p2a: Gliscor
|-damage|p2a: Gliscor|0 fnt
|faint|p2a: Gliscor
|
|-damage|p1a: Hawlucha|49/100 tox|[from] psn
|upkeep
|
|t:|1759059568
|switch|p2a: Scizor|Scizor, F|100/100
|turn|24
|
|t:|1759059572
|move|p1a: Hawlucha|Close Combat|p2a: Scizor
|-damage|p2a: Scizor|0 fnt
|-unboost|p1a: Hawlucha|def|1
|-unboost|p1a: Hawlucha|spd|1
|faint|p2a: Scizor
|
|win|arvends5
|raw|arvends5's rating: 1279 &rarr; <strong>1303</strong><br />(+24 for winning)
|raw|zoro88h's rating: 1271 &rarr; <strong>1247</strong><br />(-24 for losing)
|c|☆zoro88h|gg
|l|☆zoro88h
|player|p2|
