|j|☆Jogos7241
|j|☆Grimsley961116
|t:|1758986703
|gametype|singles
|player|p1|Jogos7241|1|1308
|player|p2|Grimsley961116|grimsley|1326
|gen|9
|tier|[Gen 9] OU
|rated|
|rule|HP Percentage Mod: HP is shown in percentages
|rule|Endless Battle Clause: Forcing endless battles is banned
|rule|Species Clause: Limit one of each Pokémon
|rule|OHKO Clause: OHKO moves are banned
|rule|Evasion Items Clause: Evasion items are banned
|rule|Evasion Moves Clause: Evasion moves are banned
|rule|Evasion Abilities Clause: Evasion abilities are banned
|rule|Sleep Moves Clause: Sleep-inducing moves are banned
|clearpoke
|poke|p1|Araquanid, M|
|poke|p1|Iron Treads|
|poke|p1|Cinderace, M|
|poke|p1|Kingambit, M|
|poke|p1|Pecharunt|
|poke|p1|Dragonite, M|
|poke|p2|Rotom-Wash|
|poke|p2|Torkoal, F|
|poke|p2|Garganacl, F|
|poke|p2|Arboliva, M|
|poke|p2|Ceruledge, M|
|poke|p2|Dragonite, M|
|teampreview
|inactive|Battle timer is ON: inactive players will automatically lose when time's up. (requested by Jogos7241)
|
|t:|1758986716
|teamsize|p1|6
|teamsize|p2|6
|start
|switch|p1a: Araquanid|Araquanid, M, shiny|100/100
|switch|p2a: Rotom|Rotom-Wash|100/100
|turn|1
|
|t:|1758986719
|move|p2a: Rotom|Trick|p1a: Araquanid
|-activate|p2a: Rotom|move: Trick|[of] p1a: Araquanid
|-item|p1a: Araquanid|Choice Scarf|[from] move: Trick
|-item|p2a: Rotom|Mental Herb|[from] move: Trick
|move|p1a: Araquanid|Sticky Web|p2a: Rotom
|-sidestart|p2: Grimsley961116|move: Sticky Web
|
|upkeep
|turn|2
|
|t:|1758986749
|switch|p1a: Iron Treads|Iron Treads|100/100
|-enditem|p1a: Iron Treads|Booster Energy
|-activate|p1a: Iron Treads|ability: Quark Drive|[fromitem]
|-start|p1a: Iron Treads|quarkdriveatk
|move|p2a: Rotom|Volt Switch|p1a: Iron Treads
|-immune|p1a: Iron Treads
|
|upkeep
|turn|3
|
|t:|1758986758
|move|p1a: Iron Treads|Supercell Slam|p2a: Rotom
|-damage|p2a: Rotom|45/100
|move|p2a: Rotom|Hydro Pump|p1a: Iron Treads|[miss]
|-miss|p2a: Rotom|p1a: Iron Treads
|
|upkeep
|turn|4
|
|t:|1758986766
|move|p1a: Iron Treads|Supercell Slam|p2a: Rotom
|-damage|p2a: Rotom|0 fnt
|faint|p2a: Rotom
|
|upkeep
|
|t:|1758986768
|switch|p2a: Dragonite|Dragonite, M, shiny|100/100
|turn|5
|
|t:|1758986772
|move|p1a: Iron Treads|Iron Head|p2a: Dragonite
|-damage|p2a: Dragonite|72/100
|cant|p2a: Dragonite|flinch
|
|upkeep
|turn|6
|
|t:|1758986777
|move|p1a: Iron Treads|Iron Head|p2a: Dragonite
|-damage|p2a: Dragonite|8/100
|move|p2a: Dragonite|Dragon Dance|p2a: Dragonite
|-boost|p2a: Dragonite|atk|1
|-boost|p2a: Dragonite|spe|1
|
|upkeep
|turn|7
|
|t:|1758986781
|move|p2a: Dragonite|Earthquake|p1a: Iron Treads
|-supereffective|p1a: Iron Treads
|-damage|p1a: Iron Treads|0 fnt
|faint|p1a: Iron Treads
|-end|p1a: Iron Treads|Quark Drive|[silent]
|
|upkeep
|
|t:|1758986787
|switch|p1a: Pecharunt|Pecharunt|100/100
|-item|p1a: Pecharunt|Air Balloon
|turn|8
|
|t:|1758986790
|move|p2a: Dragonite|Extreme Speed|p1a: Pecharunt
|-immune|p1a: Pecharunt
|move|p1a: Pecharunt|Malignant Chain|p2a: Dragonite
|-damage|p2a: Dragonite|0 fnt
|faint|p2a: Dragonite
|
|upkeep
|
|t:|1758986793
|switch|p2a: Garganacl|Garganacl, F|100/100
|-activate|p2a: Garganacl|move: Sticky Web
|-unboost|p2a: Garganacl|spe|1
|turn|9
|
|t:|1758986802
|switch|p1a: Araquanid|Araquanid, M, shiny|100/100
|move|p2a: Garganacl|Salt Cure|p1a: Araquanid
|-supereffective|p1a: Araquanid
|-damage|p1a: Araquanid|79/100
|-start|p1a: Araquanid|Salt Cure
|
|-damage|p1a: Araquanid|54/100|[from] Salt Cure
|upkeep
|turn|10
|
|t:|1758986808
|move|p2a: Garganacl|Protect|p2a: Garganacl
|-singleturn|p2a: Garganacl|Protect
|move|p1a: Araquanid|Liquidation|p2a: Garganacl
|-activate|p2a: Garganacl|move: Protect
|
|-damage|p1a: Araquanid|29/100|[from] Salt Cure
|upkeep
|turn|11
|
|t:|1758986815
|switch|p2a: Arboliva|Arboliva, M|100/100
|-activate|p2a: Arboliva|move: Sticky Web
|-unboost|p2a: Arboliva|spe|1
|move|p1a: Araquanid|Liquidation|p2a: Arboliva
|-resisted|p2a: Arboliva
|-damage|p2a: Arboliva|80/100
|-fieldstart|move: Grassy Terrain|[from] ability: Seed Sower|[of] p2a: Arboliva
|
|-heal|p1a: Araquanid|35/100|[from] Grassy Terrain
|-heal|p2a: Arboliva|87/100|[from] Grassy Terrain
|-damage|p1a: Araquanid|10/100|[from] Salt Cure
|upkeep
|turn|12
|
|t:|1758986827
|move|p1a: Araquanid|Liquidation|p2a: Arboliva
|-resisted|p2a: Arboliva
|-damage|p2a: Arboliva|65/100
|-unboost|p2a: Arboliva|def|1
|move|p2a: Arboliva|Giga Drain|p1a: Araquanid
|-damage|p1a: Araquanid|0 fnt
|-heal|p2a: Arboliva|69/100|[from] drain|[of] p1a: Araquanid
|faint|p1a: Araquanid
|
|-heal|p2a: Arboliva|75/100|[from] Grassy Terrain
|upkeep
|
|t:|1758986840
|switch|p1a: Cinderace|Cinderace, M|100/100
|turn|13
|
|t:|1758986843
|switch|p2a: Torkoal|Torkoal, F|100/100
|move|p1a: Cinderace|Swords Dance|p1a: Cinderace
|-boost|p1a: Cinderace|atk|2
|
|upkeep
|turn|14
|
|t:|1758986849
|switch|p2a: Ceruledge|Ceruledge, M, shiny|100/100
|-activate|p2a: Ceruledge|move: Sticky Web
|-unboost|p2a: Ceruledge|spe|1
|move|p1a: Cinderace|Pyro Ball|p2a: Ceruledge
|-resisted|p2a: Ceruledge
|-damage|p2a: Ceruledge|22/100
|-ability|p2a: Ceruledge|Weak Armor|boost
|-unboost|p2a: Ceruledge|def|1
|-boost|p2a: Ceruledge|spe|2
|
|-heal|p2a: Ceruledge|28/100|[from] Grassy Terrain
|upkeep
|turn|15
|
|t:|1758986857
|move|p1a: Cinderace|Sucker Punch||[still]
|-fail|p1a: Cinderace
|move|p2a: Ceruledge|Destiny Bond|p2a: Ceruledge
|-singlemove|p2a: Ceruledge|Destiny Bond
|
|-heal|p2a: Ceruledge|34/100|[from] Grassy Terrain
|-fieldend|move: Grassy Terrain
|upkeep
|turn|16
|
|t:|1758986866
|move|p2a: Ceruledge|Shadow Sneak|p1a: Cinderace
|-damage|p1a: Cinderace|71/100
|move|p1a: Cinderace|Pyro Ball|p2a: Ceruledge
|-resisted|p2a: Ceruledge
|-damage|p2a: Ceruledge|0 fnt
|faint|p2a: Ceruledge
|
|upkeep
|
|t:|1758986868
|switch|p2a: Garganacl|Garganacl, F|100/100
|-activate|p2a: Garganacl|move: Sticky Web
|-unboost|p2a: Garganacl|spe|1
|turn|17
|
|t:|1758986870
|move|p1a: Cinderace|Pyro Ball|p2a: Garganacl
|-resisted|p2a: Garganacl
|-damage|p2a: Garganacl|63/100
|move|p2a: Garganacl|Salt Cure|p1a: Cinderace
|-supereffective|p1a: Cinderace
|-damage|p1a: Cinderace|33/100
|-start|p1a: Cinderace|Salt Cure
|
|-heal|p2a: Garganacl|70/100|[from] item: Leftovers
|-damage|p1a: Cinderace|21/100|[from] Salt Cure
|upkeep
|turn|18
|
|t:|1758986878
|move|p1a: Cinderace|Swords Dance|p1a: Cinderace
|-boost|p1a: Cinderace|atk|2
|move|p2a: Garganacl|Substitute|p2a: Garganacl
|-start|p2a: Garganacl|Substitute
|-damage|p2a: Garganacl|45/100
|
|-heal|p2a: Garganacl|51/100|[from] item: Leftovers
|-damage|p1a: Cinderace|9/100|[from] Salt Cure
|upkeep
|turn|19
|
|t:|1758986882
|move|p2a: Garganacl|Protect|p2a: Garganacl
|-singleturn|p2a: Garganacl|Protect
|move|p1a: Cinderace|Pyro Ball|p2a: Garganacl
|-activate|p2a: Garganacl|move: Protect
|
|-heal|p2a: Garganacl|57/100|[from] item: Leftovers
|-damage|p1a: Cinderace|0 fnt|[from] Salt Cure
|faint|p1a: Cinderace
|upkeep
|
|t:|1758986895
|switch|p1a: Pecharunt|Pecharunt|100/100
|-item|p1a: Pecharunt|Air Balloon
|turn|20
|
|t:|1758986900
|move|p1a: Pecharunt|Nasty Plot|p1a: Pecharunt
|-boost|p1a: Pecharunt|spa|2
|move|p2a: Garganacl|Salt Cure|p1a: Pecharunt
|-damage|p1a: Pecharunt|91/100
|-start|p1a: Pecharunt|Salt Cure
|-enditem|p1a: Pecharunt|Air Balloon
|
|-heal|p2a: Garganacl|63/100|[from] item: Leftovers
|-damage|p1a: Pecharunt|78/100|[from] Salt Cure
|upkeep
|turn|21
|
|t:|1758986905
|move|p2a: Garganacl|Protect|p2a: Garganacl
|-singleturn|p2a: Garganacl|Protect
|move|p1a: Pecharunt|Shadow Ball|p2a: Garganacl
|-activate|p2a: Garganacl|move: Protect
|
|-heal|p2a: Garganacl|69/100|[from] item: Leftovers
|-damage|p1a: Pecharunt|66/100|[from] Salt Cure
|upkeep
|turn|22
|
|t:|1758986910
|move|p1a: Pecharunt|Shadow Ball|p2a: Garganacl
|-crit|p2a: Garganacl
|-end|p2a: Garganacl|Substitute
|move|p2a: Garganacl|Substitute|p2a: Garganacl
|-start|p2a: Garganacl|Substitute
|-damage|p2a: Garganacl|44/100
|
|-heal|p2a: Garganacl|50/100|[from] item: Leftovers
|-damage|p1a: Pecharunt|54/100|[from] Salt Cure
|upkeep
|turn|23
|
|t:|1758986919
|move|p2a: Garganacl|Protect|p2a: Garganacl
|-singleturn|p2a: Garganacl|Protect
|move|p1a: Pecharunt|Shadow Ball|p2a: Garganacl
|-activate|p2a: Garganacl|move: Protect
|
|-heal|p2a: Garganacl|57/100|[from] item: Leftovers
|-damage|p1a: Pecharunt|42/100|[from] Salt Cure
|upkeep
|turn|24
|
|t:|1758986921
|move|p1a: Pecharunt|Shadow Ball|p2a: Garganacl
|-activate|p2a: Garganacl|move: Substitute|[damage]
|move|p2a: Garganacl|Substitute|p2a: Garganacl
|-fail|p2a: Garganacl|move: Substitute
|
|-heal|p2a: Garganacl|63/100|[from] item: Leftovers
|-damage|p1a: Pecharunt|29/100|[from] Salt Cure
|upkeep
|turn|25
|
|t:|1758986927
|move|p1a: Pecharunt|Nasty Plot|p1a: Pecharunt
|-boost|p1a: Pecharunt|spa|2
|move|p2a: Garganacl|Salt Cure|p1a: Pecharunt
|-damage|p1a: Pecharunt|18/100
|
|-heal|p2a: Garganacl|69/100|[from] item: Leftovers
|-damage|p1a: Pecharunt|6/100|[from] Salt Cure
|upkeep
|turn|26
|
|t:|1758986930
|move|p1a: Pecharunt|Shadow Ball|p2a: Garganacl
|-end|p2a: Garganacl|Substitute
|move|p2a: Garganacl|Salt Cure|p1a: Pecharunt
|-damage|p1a: Pecharunt|0 fnt
|faint|p1a: Pecharunt
|
|-heal|p2a: Garganacl|75/100|[from] item: Leftovers
|upkeep
|
|t:|1758986937
|switch|p1a: Kingambit|Kingambit, M|100/100
|-activate|p1a: Kingambit|ability: Supreme Overlord
|-start|p1a: Kingambit|fallen4|[silent]
|turn|27
|
|t:|1758986943
|switch|p2a: Arboliva|Arboliva, M|75/100
|-activate|p2a: Arboliva|move: Sticky Web
|-unboost|p2a: Arboliva|spe|1
|move|p1a: Kingambit|Iron Head|p2a: Arboliva
|-damage|p2a: Arboliva|9/100
|-fieldstart|move: Grassy Terrain|[from] ability: Seed Sower|[of] p2a: Arboliva
|
|-heal|p2a: Arboliva|15/100|[from] Grassy Terrain
|upkeep
|turn|28
|
|t:|1758986951
|move|p1a: Kingambit|Kowtow Cleave|p2a: Arboliva
|-damage|p2a: Arboliva|0 fnt
|faint|p2a: Arboliva
|
|upkeep
|
|t:|1758986952
|switch|p2a: Torkoal|Torkoal, F|100/100
|turn|29
|
|t:|1758986958
|-terastallize|p1a: Kingambit|Dark
|move|p1a: Kingambit|Kowtow Cleave|p2a: Torkoal
|-damage|p2a: Torkoal|31/100
|move|p2a: Torkoal|Will-O-Wisp|p1a: Kingambit
|-status|p1a: Kingambit|brn
|
|-heal|p2a: Torkoal|37/100|[from] Grassy Terrain
|-damage|p1a: Kingambit|94/100 brn|[from] brn
|upkeep
|turn|30
|
|t:|1758986965
|move|p1a: Kingambit|Kowtow Cleave|p2a: Torkoal
|-damage|p2a: Torkoal|0 fnt
|faint|p2a: Torkoal
|
|-heal|p1a: Kingambit|100/100 brn|[from] Grassy Terrain
|-damage|p1a: Kingambit|94/100 brn|[from] brn
|upkeep
|
|t:|1758986968
|switch|p2a: Garganacl|Garganacl, F|75/100
|-activate|p2a: Garganacl|move: Sticky Web
|-unboost|p2a: Garganacl|spe|1
|turn|31
|
|t:|1758986972
|move|p2a: Garganacl|Protect|p2a: Garganacl
|-singleturn|p2a: Garganacl|Protect
|move|p1a: Kingambit|Iron Head|p2a: Garganacl
|-activate|p2a: Garganacl|move: Protect
|
|-heal|p1a: Kingambit|100/100 brn|[from] Grassy Terrain
|-heal|p2a: Garganacl|81/100|[from] Grassy Terrain
|-heal|p2a: Garganacl|88/100|[from] item: Leftovers
|-damage|p1a: Kingambit|94/100 brn|[from] brn
|-fieldend|move: Grassy Terrain
|upkeep
|turn|32
|
|t:|1758986977
|-terastallize|p2a: Garganacl|Ghost
|move|p1a: Kingambit|Iron Head|p2a: Garganacl
|-damage|p2a: Garganacl|69/100
|move|p2a: Garganacl|Salt Cure|p1a: Kingambit
|-damage|p1a: Kingambit|82/100 brn
|-start|p1a: Kingambit|Salt Cure
|
|-heal|p2a: Garganacl|75/100|[from] item: Leftovers
|-damage|p1a: Kingambit|76/100 brn|[from] brn
|-damage|p1a: Kingambit|64/100 brn|[from] Salt Cure
|upkeep
|turn|33
|
|t:|1758986984
|move|p2a: Garganacl|Protect|p2a: Garganacl
|-singleturn|p2a: Garganacl|Protect
|move|p1a: Kingambit|Swords Dance|p1a: Kingambit
|-boost|p1a: Kingambit|atk|2
|
|-heal|p2a: Garganacl|81/100|[from] item: Leftovers
|-damage|p1a: Kingambit|57/100 brn|[from] brn
|-damage|p1a: Kingambit|45/100 brn|[from] Salt Cure
|upkeep
|turn|34
|
|t:|1758986987
|move|p2a: Garganacl|Protect||[still]
|-fail|p2a: Garganacl
|move|p1a: Kingambit|Kowtow Cleave|p2a: Garganacl
|-supereffective|p2a: Garganacl
|-damage|p2a: Garganacl|0 fnt
|faint|p2a: Garganacl
|
|win|Jogos7241
|raw|Jogos7241's rating: 1308 &rarr; <strong>1329</strong><br />(+21 for winning)
|raw|Grimsley961116's rating: 1326 &rarr; <strong>1305</strong><br />(-21 for losing)
|l|☆Grimsley961116
|player|p2|
|l|☆Jogos7241
|player|p1|
