|badge|p1|silver|gen9uu|30-6
|uhtml|medal-msg|<div class="broadcast-blue">Curious what those medals under the avatar are? PS now has Ladder Seasons! For more information, check out the <a href="https://www.smogon.com/forums/threads/3740067/">thread on Smogon.</a></div>
|j|☆ulky
|j|‽wiggilydiggily
|t:|1759077537
|gametype|singles
|player|p1|ulky|rosa|1659
|player|p2|wiggilydiggily|170|1684
|gen|9
|tier|[Gen 9] OU
|rated|
|rule|HP Percentage Mod: HP is shown in percentages
|rule|Endless Battle Clause: Forcing endless battles is banned
|rule|Species Clause: Limit one of each Pokémon
|rule|OHKO Clause: OHKO moves are banned
|rule|Evasion Items Clause: Evasion items are banned
|rule|Evasion Moves Clause: Evasion moves are banned
|rule|Evasion Abilities Clause: Evasion abilities are banned
|rule|Sleep Moves Clause: Sleep-inducing moves are banned
|clearpoke
|poke|p1|Kyurem|
|poke|p1|Corviknight, M|
|poke|p1|Ting-Lu|
|poke|p1|Dondozo, M|
|poke|p1|Slowking-Galar, L99, F|
|poke|p1|Cinderace, F|
|poke|p2|Glimmora, F|
|poke|p2|Zamazenta-*|
|poke|p2|Gholdengo|
|poke|p2|Lycanroc-Dusk, F|
|poke|p2|Kyurem|
|poke|p2|Rillaboom, F|
|teampreview
|j| bellerophon01
|
|t:|1759077555
|teamsize|p1|6
|teamsize|p2|6
|start
|switch|p1a: Corviknight|Corviknight, M|100/100
|switch|p2a: Glimmora|Glimmora, F|100/100
|-ability|p1a: Corviknight|Pressure
|turn|1
|
|t:|1759077559
|move|p2a: Glimmora|Power Gem|p1a: Corviknight
|-damage|p1a: Corviknight|54/100
|move|p1a: Corviknight|U-turn|p2a: Glimmora
|-resisted|p2a: Glimmora
|-damage|p2a: Glimmora|91/100
|-activate|p2a: Glimmora|ability: Toxic Debris
|-sidestart|p1: ulky|move: Toxic Spikes
|
|t:|1759077564
|switch|p1a: Slowking|Slowking-Galar, L99, F|100/100|[from] U-turn
|-sideend|p1: ulky|move: Toxic Spikes|[of] p1a: Slowking
|
|upkeep
|turn|2
|
|t:|1759077566
|move|p2a: Glimmora|Earth Power|p1a: Slowking
|-supereffective|p1a: Slowking
|-damage|p1a: Slowking|59/100
|move|p1a: Slowking|Future Sight|p2a: Glimmora
|-start|p1a: Slowking|move: Future Sight
|
|upkeep
|turn|3
|
|t:|1759077570
|move|p2a: Glimmora|Earth Power|p1a: Slowking
|-supereffective|p1a: Slowking
|-damage|p1a: Slowking|20/100
|-prepare|p1a: Slowking|Chilly Reception|[premajor]
|move|p1a: Slowking|Chilly Reception|p1a: Slowking
|-weather|Snowscape
|
|t:|1759077572
|switch|p1a: Kyurem|Kyurem|100/100|[from] Chilly Reception
|-ability|p1a: Kyurem|Pressure
|
|-weather|Snowscape|[upkeep]
|upkeep
|turn|4
|
|t:|1759077581
|move|p1a: Kyurem|Earth Power|p2a: Glimmora
|-supereffective|p2a: Glimmora
|-damage|p2a: Glimmora|0 fnt
|faint|p2a: Glimmora
|
|-weather|Snowscape|[upkeep]
|-hint|Future Sight did not hit because the target is fainted.
|upkeep
|l| bellerophon01
|
|t:|1759077601
|switch|p2a: Zamazenta|Zamazenta|100/100
|-ability|p2a: Zamazenta|Dauntless Shield|boost
|-boost|p2a: Zamazenta|def|1
|turn|5
|
|t:|1759077612
|switch|p1a: Dondozo|Dondozo, M|100/100
|move|p2a: Zamazenta|Close Combat|p1a: Dondozo
|-damage|p1a: Dondozo|63/100
|-unboost|p2a: Zamazenta|def|1
|-unboost|p2a: Zamazenta|spd|1
|
|-weather|Snowscape|[upkeep]
|-heal|p1a: Dondozo|69/100|[from] item: Leftovers
|upkeep
|turn|6
|
|t:|1759077617
|switch|p2a: Kyurem|Kyurem|100/100
|-ability|p2a: Kyurem|Pressure
|move|p1a: Dondozo|Body Press|p2a: Kyurem
|-supereffective|p2a: Kyurem
|-damage|p2a: Kyurem|63/100
|
|-weather|Snowscape|[upkeep]
|-heal|p1a: Dondozo|75/100|[from] item: Leftovers
|upkeep
|turn|7
|
|t:|1759077621
|switch|p1a: Cinderace|Cinderace, F|100/100
|move|p2a: Kyurem|Freeze-Dry|p1a: Cinderace
|-resisted|p1a: Cinderace
|-damage|p1a: Cinderace|67/100
|
|-weather|none
|upkeep
|turn|8
|
|t:|1759077628
|move|p1a: Cinderace|U-turn|p2a: Kyurem
|-damage|p2a: Kyurem|46/100
|
|t:|1759077631
|switch|p1a: Kyurem|Kyurem|100/100|[from] U-turn
|-ability|p1a: Kyurem|Pressure
|move|p2a: Kyurem|Freeze-Dry|p1a: Kyurem
|-damage|p1a: Kyurem|50/100
|
|-heal|p1a: Kyurem|56/100|[from] item: Leftovers
|upkeep
|turn|9
|
|t:|1759077638
|switch|p2a: Gholdengo|Gholdengo|100/100
|move|p1a: Kyurem|Protect||[still]
|-fail|p1a: Kyurem
|
|-heal|p1a: Kyurem|62/100|[from] item: Leftovers
|upkeep
|turn|10
|
|t:|1759077648
|move|p1a: Kyurem|Protect|p1a: Kyurem
|-singleturn|p1a: Kyurem|Protect
|move|p2a: Gholdengo|Make It Rain|p1a: Kyurem
|-activate|p1a: Kyurem|move: Protect
|
|-heal|p1a: Kyurem|69/100|[from] item: Leftovers
|upkeep
|turn|11
|inactive|Battle timer is ON: inactive players will automatically lose when time's up. (requested by wiggilydiggily)
|
|t:|1759077669
|switch|p1a: Corviknight|Corviknight, M|54/100
|-ability|p1a: Corviknight|Pressure
|move|p2a: Gholdengo|Make It Rain|p1a: Corviknight
|-resisted|p1a: Corviknight
|-damage|p1a: Corviknight|24/100
|-unboost|p2a: Gholdengo|spa|1
|
|upkeep
|turn|12
|
|t:|1759077676
|move|p2a: Gholdengo|Make It Rain|p1a: Corviknight
|-resisted|p1a: Corviknight
|-damage|p1a: Corviknight|5/100
|-unboost|p2a: Gholdengo|spa|1
|move|p1a: Corviknight|Roost|p1a: Corviknight
|-heal|p1a: Corviknight|55/100
|-singleturn|p1a: Corviknight|move: Roost
|
|upkeep
|turn|13
|
|t:|1759077682
|switch|p2a: Kyurem|Kyurem|46/100
|-ability|p2a: Kyurem|Pressure
|move|p1a: Corviknight|Roost|p1a: Corviknight
|-heal|p1a: Corviknight|100/100
|-singleturn|p1a: Corviknight|move: Roost
|
|upkeep
|turn|14
|
|t:|1759077685
|move|p2a: Kyurem|Ice Beam|p1a: Corviknight
|-damage|p1a: Corviknight|30/100
|move|p1a: Corviknight|U-turn|p2a: Kyurem
|-damage|p2a: Kyurem|33/100
|
|t:|1759077689
|switch|p1a: Cinderace|Cinderace, F|67/100|[from] U-turn
|
|upkeep
|turn|15
|
|t:|1759077694
|switch|p2a: Zamazenta|Zamazenta|100/100
|move|p1a: Cinderace|Will-O-Wisp|p2a: Zamazenta
|-status|p2a: Zamazenta|brn
|
|-damage|p2a: Zamazenta|94/100 brn|[from] brn
|upkeep
|turn|16
|
|t:|1759077705
|switch|p1a: Slowking|Slowking-Galar, L99, F|53/100
|move|p2a: Zamazenta|Close Combat|p1a: Slowking
|-resisted|p1a: Slowking
|-damage|p1a: Slowking|41/100
|-unboost|p2a: Zamazenta|def|1
|-unboost|p2a: Zamazenta|spd|1
|
|-damage|p2a: Zamazenta|88/100 brn|[from] brn
|upkeep
|turn|17
|
|t:|1759077712
|switch|p2a: Lycanroc|Lycanroc-Dusk, F|100/100
|-prepare|p1a: Slowking|Chilly Reception|[premajor]
|move|p1a: Slowking|Chilly Reception|p1a: Slowking
|-weather|Snowscape
|
|t:|1759077721
|switch|p1a: Ting-Lu|Ting-Lu|100/100|[from] Chilly Reception
|-ability|p1a: Ting-Lu|Vessel of Ruin
|
|-weather|Snowscape|[upkeep]
|upkeep
|turn|18
|
|t:|1759077726
|-terastallize|p2a: Lycanroc|Ghost
|move|p2a: Lycanroc|Close Combat|p1a: Ting-Lu
|-supereffective|p1a: Ting-Lu
|-damage|p1a: Ting-Lu|15/100
|-unboost|p2a: Lycanroc|def|1
|-unboost|p2a: Lycanroc|spd|1
|move|p1a: Ting-Lu|Payback|p2a: Lycanroc
|-supereffective|p2a: Lycanroc
|-damage|p2a: Lycanroc|0 fnt
|faint|p2a: Lycanroc
|
|-weather|Snowscape|[upkeep]
|-heal|p1a: Ting-Lu|22/100|[from] item: Leftovers
|upkeep
|
|t:|1759077744
|switch|p2a: Rillaboom|Rillaboom, F|100/100
|-fieldstart|move: Grassy Terrain|[from] ability: Grassy Surge|[of] p2a: Rillaboom
|turn|19
|inactive|ulky has 120 seconds left.
|
|t:|1759077776
|move|p2a: Rillaboom|Knock Off|p1a: Ting-Lu
|-resisted|p1a: Ting-Lu
|-damage|p1a: Ting-Lu|8/100
|-enditem|p1a: Ting-Lu|Leftovers|[from] move: Knock Off|[of] p2a: Rillaboom
|move|p1a: Ting-Lu|Payback|p2a: Rillaboom
|-damage|p2a: Rillaboom|61/100
|
|-weather|Snowscape|[upkeep]
|-heal|p2a: Rillaboom|67/100|[from] Grassy Terrain
|-heal|p1a: Ting-Lu|14/100|[from] Grassy Terrain
|upkeep
|turn|20
|
|t:|1759077778
|move|p2a: Rillaboom|Knock Off|p1a: Ting-Lu
|-resisted|p1a: Ting-Lu
|-damage|p1a: Ting-Lu|4/100
|move|p1a: Ting-Lu|Payback|p2a: Rillaboom
|-crit|p2a: Rillaboom
|-damage|p2a: Rillaboom|3/100
|
|-weather|Snowscape|[upkeep]
|-heal|p2a: Rillaboom|9/100|[from] Grassy Terrain
|-heal|p1a: Ting-Lu|11/100|[from] Grassy Terrain
|upkeep
|turn|21
|
|t:|1759077781
|move|p2a: Rillaboom|Knock Off|p1a: Ting-Lu
|-resisted|p1a: Ting-Lu
|-damage|p1a: Ting-Lu|0 fnt
|faint|p1a: Ting-Lu
|
|-weather|none
|-heal|p2a: Rillaboom|15/100|[from] Grassy Terrain
|upkeep
|
|t:|1759077787
|switch|p1a: Kyurem|Kyurem|69/100
|-ability|p1a: Kyurem|Pressure
|turn|22
|
|t:|1759077793
|move|p1a: Kyurem|Freeze-Dry|p2a: Rillaboom
|-supereffective|p2a: Rillaboom
|-damage|p2a: Rillaboom|0 fnt
|faint|p2a: Rillaboom
|
|-heal|p1a: Kyurem|75/100|[from] Grassy Terrain
|-heal|p1a: Kyurem|81/100|[from] item: Leftovers
|upkeep
|
|t:|1759077813
|switch|p2a: Kyurem|Kyurem|33/100
|-ability|p2a: Kyurem|Pressure
|turn|23
|inactive|ulky has 120 seconds left.
|
|t:|1759077860
|move|p1a: Kyurem|Protect|p1a: Kyurem
|-singleturn|p1a: Kyurem|Protect
|move|p2a: Kyurem|Draco Meteor|p1a: Kyurem
|-activate|p1a: Kyurem|move: Protect
|
|-heal|p1a: Kyurem|87/100|[from] Grassy Terrain
|-heal|p2a: Kyurem|39/100|[from] Grassy Terrain
|-heal|p1a: Kyurem|93/100|[from] item: Leftovers
|-fieldend|move: Grassy Terrain
|upkeep
|turn|24
|
|t:|1759077865
|switch|p1a: Corviknight|Corviknight, M|30/100
|-ability|p1a: Corviknight|Pressure
|move|p2a: Kyurem|Draco Meteor|p1a: Corviknight
|-resisted|p1a: Corviknight
|-damage|p1a: Corviknight|0 fnt
|-unboost|p2a: Kyurem|spa|2
|faint|p1a: Corviknight
|
|upkeep
|
|t:|1759077868
|switch|p1a: Cinderace|Cinderace, F|67/100
|turn|25
|
|t:|1759077873
|switch|p2a: Zamazenta|Zamazenta|88/100 brn
|move|p1a: Cinderace|Pyro Ball|p2a: Zamazenta
|-damage|p2a: Zamazenta|47/100 brn
|
|-damage|p2a: Zamazenta|40/100 brn|[from] brn
|upkeep
|turn|26
|inactive|ulky has 120 seconds left.
|
|t:|1759077897
|switch|p1a: Slowking|Slowking-Galar, L99, F|75/100
|move|p2a: Zamazenta|Crunch|p1a: Slowking
|-supereffective|p1a: Slowking
|-damage|p1a: Slowking|30/100
|
|-damage|p2a: Zamazenta|34/100 brn|[from] brn
|upkeep
|turn|27
|
|t:|1759077904
|switch|p2a: Kyurem|Kyurem|39/100
|-ability|p2a: Kyurem|Pressure
|switch|p1a: Kyurem|Kyurem|93/100
|-ability|p1a: Kyurem|Pressure
|
|-heal|p1a: Kyurem|99/100|[from] item: Leftovers
|upkeep
|turn|28
|
|t:|1759077910
|move|p1a: Kyurem|Protect|p1a: Kyurem
|-singleturn|p1a: Kyurem|Protect
|move|p2a: Kyurem|Draco Meteor|p1a: Kyurem
|-activate|p1a: Kyurem|move: Protect
|
|-heal|p1a: Kyurem|100/100|[from] item: Leftovers
|upkeep
|turn|29
|inactive|ulky has 120 seconds left.
|
|t:|1759077959
|move|p2a: Kyurem|Draco Meteor|p1a: Kyurem
|-supereffective|p1a: Kyurem
|-damage|p1a: Kyurem|0 fnt
|-unboost|p2a: Kyurem|spa|2
|faint|p1a: Kyurem
|
|upkeep
|
|t:|1759077962
|switch|p1a: Cinderace|Cinderace, F|67/100
|turn|30
|
|t:|1759077965
|switch|p2a: Zamazenta|Zamazenta|34/100 brn
|move|p1a: Cinderace|Pyro Ball|p2a: Zamazenta
|-damage|p2a: Zamazenta|0 fnt
|faint|p2a: Zamazenta
|
|upkeep
|
|t:|1759077984
|switch|p2a: Kyurem|Kyurem|39/100
|-ability|p2a: Kyurem|Pressure
|turn|31
|inactive|ulky has 120 seconds left.
|inactive|ulky has 90 seconds left.
|
|t:|1759078035
|move|p1a: Cinderace|Pyro Ball|p2a: Kyurem
|-damage|p2a: Kyurem|0 fnt
|faint|p2a: Kyurem
|
|upkeep
|
|t:|1759078038
|switch|p2a: Gholdengo|Gholdengo|100/100
|turn|32
|
|t:|1759078040
|move|p2a: Gholdengo|Shadow Ball|p1a: Cinderace
|-damage|p1a: Cinderace|14/100
|move|p1a: Cinderace|Pyro Ball|p2a: Gholdengo
|-supereffective|p2a: Gholdengo
|-damage|p2a: Gholdengo|0 fnt
|faint|p2a: Gholdengo
|
|win|ulky
|raw|ulky's rating: 1638 &rarr; <strong>1661</strong><br />(+23 for winning)
|raw|wiggilydiggily's rating: 1684 &rarr; <strong>1661</strong><br />(-23 for losing)
|l|☆ulky
|player|p1|
