|j|☆LewBurn
|j|☆prohunter
|t:|1759049951
|gametype|singles
|player|p1|LewBurn|ghetsis-gen5bw|1180
|player|p2|prohunter|veteran|1286
|gen|9
|tier|[Gen 9] OU
|rated|
|rule|HP Percentage Mod: HP is shown in percentages
|rule|Endless Battle Clause: Forcing endless battles is banned
|rule|Species Clause: Limit one of each Pokémon
|rule|OHKO Clause: OHKO moves are banned
|rule|Evasion Items Clause: Evasion items are banned
|rule|Evasion Moves Clause: Evasion moves are banned
|rule|Evasion Abilities Clause: Evasion abilities are banned
|rule|Sleep Moves Clause: Sleep-inducing moves are banned
|clearpoke
|poke|p1|Toedscruel, M|
|poke|p1|Dachsbun, F|
|poke|p1|Kilowattrel, F|
|poke|p1|Ceruledge, M|
|poke|p1|Quaquaval, M|
|poke|p1|Kingambit, M|
|poke|p2|Great Tusk|
|poke|p2|Heatran, M|
|poke|p2|Weavile, M|
|poke|p2|Primarina, M|
|poke|p2|Ogerpon, F|
|poke|p2|Pecharunt|
|teampreview
|inactive|Battle timer is ON: inactive players will automatically lose when time's up. (requested by LewBurn)
|
|t:|1759049980
|teamsize|p1|6
|teamsize|p2|6
|start
|switch|p1a: Toedscruel|Toedscruel, M|100/100
|switch|p2a: Chaos|Heatran, M, shiny|100/100
|-item|p2a: Chaos|Air Balloon
|turn|1
|
|t:|1759050003
|move|p2a: Chaos|Magma Storm|p1a: Toedscruel|[miss]
|-miss|p2a: Chaos|p1a: Toedscruel
|move|p1a: Toedscruel|Rapid Spin|p2a: Chaos
|-resisted|p2a: Chaos
|-damage|p2a: Chaos|96/100
|-boost|p1a: Toedscruel|spe|1
|-enditem|p2a: Chaos|Air Balloon
|
|upkeep
|turn|2
|
|t:|1759050019
|switch|p2a: Overseer|Pecharunt|100/100
|move|p1a: Toedscruel|Stun Spore|p2a: Overseer
|-status|p2a: Overseer|par
|
|upkeep
|turn|3
|
|t:|1759050033
|move|p2a: Overseer|Parting Shot|p1a: Toedscruel
|-unboost|p1a: Toedscruel|atk|1
|-unboost|p1a: Toedscruel|spa|1
|
|t:|1759050040
|switch|p2a: Bandit|Weavile, M, shiny|100/100|[from] Parting Shot
|-ability|p2a: Bandit|Pressure
|move|p1a: Toedscruel|Spikes|p2a: Bandit
|-sidestart|p2: prohunter|Spikes
|
|upkeep
|turn|4
|
|t:|1759050044
|move|p2a: Bandit|Triple Axel|p1a: Toedscruel
|-supereffective|p1a: Toedscruel
|-crit|p1a: Toedscruel
|-damage|p1a: Toedscruel|0 fnt
|faint|p1a: Toedscruel
|-hitcount|p1: Toedscruel|1
|
|upkeep
|
|t:|1759050054
|switch|p1a: Dachsbun|Dachsbun, F|100/100
|-item|p1a: Dachsbun|Air Balloon
|turn|5
|
|t:|1759050080
|switch|p2a: Overseer|Pecharunt|100/100 par
|-damage|p2a: Overseer|88/100 par|[from] Spikes
|move|p1a: Dachsbun|Play Rough|p2a: Overseer
|-resisted|p2a: Overseer
|-damage|p2a: Overseer|80/100 par
|-damage|p1a: Dachsbun|84/100|[from] item: Rocky Helmet|[of] p2a: Overseer
|
|upkeep
|turn|6
|
|t:|1759050098
|-terastallize|p1a: Dachsbun|Steel
|move|p1a: Dachsbun|Psychic Fangs|p2a: Overseer
|-supereffective|p2a: Overseer
|-damage|p2a: Overseer|59/100 par
|-damage|p1a: Dachsbun|68/100|[from] item: Rocky Helmet|[of] p2a: Overseer
|move|p2a: Overseer|Parting Shot|p1a: Dachsbun
|-unboost|p1a: Dachsbun|atk|1
|-unboost|p1a: Dachsbun|spa|1
|
|t:|1759050114
|switch|p2a: Behemoth|Great Tusk, shiny|100/100|[from] Parting Shot
|
|upkeep
|turn|7
|
|t:|1759050119
|switch|p1a: Kilowattrel|Kilowattrel, F|100/100
|move|p2a: Behemoth|Ice Spinner|p1a: Kilowattrel
|-supereffective|p1a: Kilowattrel
|-damage|p1a: Kilowattrel|2/100
|
|upkeep
|turn|8
|
|t:|1759050122
|move|p1a: Kilowattrel|Air Slash|p2a: Behemoth
|-supereffective|p2a: Behemoth
|-damage|p2a: Behemoth|0 fnt
|faint|p2a: Behemoth
|-end|p2a: Behemoth|Protosynthesis|[silent]
|-damage|p1a: Kilowattrel|0 fnt|[from] item: Life Orb
|faint|p1a: Kilowattrel
|
|upkeep
|
|t:|1759050149
|switch|p1a: Dachsbun|Dachsbun, F, tera:Steel|68/100
|switch|p2a: Celestine|Primarina, M, shiny|100/100
|-item|p1a: Dachsbun|Air Balloon
|-damage|p2a: Celestine|88/100|[from] Spikes
|turn|9
|
|t:|1759050158
|move|p1a: Dachsbun|Tera Blast|p2a: Celestine|[anim] Tera Blast Steel
|-damage|p2a: Celestine|52/100
|move|p2a: Celestine|Psychic Noise|p1a: Dachsbun
|-damage|p1a: Dachsbun|0 fnt
|-enditem|p1a: Dachsbun|Air Balloon
|faint|p1a: Dachsbun
|
|upkeep
|
|t:|1759050173
|switch|p1a: Kingambit|Kingambit, M, shiny|100/100
|-activate|p1a: Kingambit|ability: Supreme Overlord
|-start|p1a: Kingambit|fallen3|[silent]
|turn|10
|
|t:|1759050194
|move|p2a: Celestine|Moonblast|p1a: Kingambit
|-damage|p1a: Kingambit|50/100
|-unboost|p1a: Kingambit|spa|1
|move|p1a: Kingambit|Swords Dance|p1a: Kingambit
|-boost|p1a: Kingambit|atk|2
|
|upkeep
|turn|11
|
|t:|1759050199
|move|p1a: Kingambit|Sucker Punch|p2a: Celestine
|-resisted|p2a: Celestine
|-damage|p2a: Celestine|0 fnt
|faint|p2a: Celestine
|
|upkeep
|
|t:|1759050210
|switch|p2a: Chaos|Heatran, M, shiny|96/100
|-damage|p2a: Chaos|84/100|[from] Spikes
|turn|12
|
|t:|1759050214
|move|p1a: Kingambit|Sucker Punch|p2a: Chaos
|-damage|p2a: Chaos|0 fnt
|faint|p2a: Chaos
|
|upkeep
|
|t:|1759050220
|switch|p2a: Bandit|Weavile, M, shiny|100/100
|-damage|p2a: Bandit|88/100|[from] Spikes
|-ability|p2a: Bandit|Pressure
|turn|13
|
|t:|1759050222
|move|p2a: Bandit|Low Kick|p1a: Kingambit
|-supereffective|p1a: Kingambit
|-damage|p1a: Kingambit|0 fnt
|faint|p1a: Kingambit
|-end|p1a: Kingambit|fallen3|[silent]
|
|upkeep
|
|t:|1759050225
|switch|p1a: Ceruledge|Ceruledge, M, shiny|100/100
|turn|14
|
|t:|1759050230
|switch|p2a: Overseer|Pecharunt|59/100 par
|-damage|p2a: Overseer|47/100 par|[from] Spikes
|move|p1a: Ceruledge|Swords Dance|p1a: Ceruledge
|-boost|p1a: Ceruledge|atk|2
|
|upkeep
|turn|15
|
|t:|1759050236
|move|p1a: Ceruledge|Swords Dance|p1a: Ceruledge
|-boost|p1a: Ceruledge|atk|2
|cant|p2a: Overseer|par
|
|upkeep
|turn|16
|
|t:|1759050239
|move|p1a: Ceruledge|Shadow Claw|p2a: Overseer
|-supereffective|p2a: Overseer
|-damage|p2a: Overseer|0 fnt
|-damage|p1a: Ceruledge|84/100|[from] item: Rocky Helmet|[of] p2a: Overseer
|faint|p2a: Overseer
|
|upkeep
|
|t:|1759050241
|switch|p2a: Bandit|Weavile, M, shiny|88/100
|-damage|p2a: Bandit|76/100|[from] Spikes
|-ability|p2a: Bandit|Pressure
|turn|17
|
|t:|1759050246
|move|p2a: Bandit|Triple Axel|p1a: Ceruledge
|-resisted|p1a: Ceruledge
|-damage|p1a: Ceruledge|73/100
|-ability|p1a: Ceruledge|Weak Armor|boost
|-unboost|p1a: Ceruledge|def|1
|-boost|p1a: Ceruledge|spe|2
|-resisted|p1a: Ceruledge
|-damage|p1a: Ceruledge|41/100
|-ability|p1a: Ceruledge|Weak Armor|boost
|-unboost|p1a: Ceruledge|def|1
|-boost|p1a: Ceruledge|spe|2
|-resisted|p1a: Ceruledge
|-damage|p1a: Ceruledge|0 fnt
|faint|p1a: Ceruledge
|-hitcount|p1: Ceruledge|3
|
|upkeep
|
|t:|1759050249
|switch|p1a: Quaquaval|Quaquaval, M|100/100
|turn|18
|
|t:|1759050271
|move|p2a: Bandit|Triple Axel|p1a: Quaquaval
|-resisted|p1a: Quaquaval
|-damage|p1a: Quaquaval|91/100
|-resisted|p1a: Quaquaval
|-damage|p1a: Quaquaval|73/100
|-resisted|p1a: Quaquaval
|-damage|p1a: Quaquaval|44/100
|-hitcount|p1a: Quaquaval|3
|move|p1a: Quaquaval|Close Combat|p2a: Bandit
|-supereffective|p2a: Bandit
|-damage|p2a: Bandit|0 fnt
|-unboost|p1a: Quaquaval|def|1
|-unboost|p1a: Quaquaval|spd|1
|faint|p2a: Bandit
|-ability|p1a: Quaquaval|Moxie|boost
|-boost|p1a: Quaquaval|atk|1
|-enditem|p1a: Quaquaval|White Herb
|-clearnegativeboost|p1a: Quaquaval|[silent]
|
|upkeep
|
|t:|1759050281
|switch|p2a: Anonymous|Ogerpon, F|100/100
|-damage|p2a: Anonymous|88/100|[from] Spikes
|turn|19
|
|t:|1759050293
|-terastallize|p2a: Anonymous|Grass
|detailschange|p2a: Anonymous|Ogerpon-Teal-Tera, F, tera:Grass
|-ability|p2a: Anonymous|Embody Aspect (Teal)|boost
|-boost|p2a: Anonymous|spe|1
|move|p2a: Anonymous|Ivy Cudgel|p1a: Quaquaval
|-supereffective|p1a: Quaquaval
|-crit|p1a: Quaquaval
|-damage|p1a: Quaquaval|0 fnt
|faint|p1a: Quaquaval
|
|win|prohunter
|raw|LewBurn's rating: 1180 &rarr; <strong>1162</strong><br />(-18 for losing)
|raw|prohunter's rating: 1286 &rarr; <strong>1304</strong><br />(+18 for winning)
|l|☆prohunter
|player|p2|
|l|☆LewBurn
|player|p1|
