|j|☆Mr.X&Y97
|j|☆v1n001
|t:|1758932814
|gametype|singles
|player|p1|Mr.X&Y97|ingo|1591
|player|p2|v1n001|101|1738
|gen|9
|tier|[Gen 9] OU
|rated|
|rule|HP Percentage Mod: HP is shown in percentages
|rule|Endless Battle Clause: Forcing endless battles is banned
|rule|Species Clause: Limit one of each Pokémon
|rule|OHKO Clause: OHKO moves are banned
|rule|Evasion Items Clause: Evasion items are banned
|rule|Evasion Moves Clause: Evasion moves are banned
|rule|Evasion Abilities Clause: Evasion abilities are banned
|rule|Sleep Moves Clause: Sleep-inducing moves are banned
|clearpoke
|poke|p1|Ursaluna, M|
|poke|p1|Hatterene, F|
|poke|p1|Keldeo-Resolute|
|poke|p1|Cresselia, F|
|poke|p1|Iron Valiant|
|poke|p1|Ogerpon, F|
|poke|p2|Rillaboom, F|
|poke|p2|Hawlucha, F|
|poke|p2|Gholdengo|
|poke|p2|Heatran, F|
|poke|p2|Glimmora, F|
|poke|p2|Ogerpon-Wellspring, F|
|teampreview
|inactive|Battle timer is ON: inactive players will automatically lose when time's up. (requested by Mr.X&Y97)
|inactive|v1n001 also wants the timer to be on.
|
|t:|1758932823
|teamsize|p1|6
|teamsize|p2|6
|start
|switch|p1a: Keldeo|Keldeo-Resolute|100/100
|switch|p2a: Rillaboom|Rillaboom, F, shiny|100/100
|-fieldstart|move: Grassy Terrain|[from] ability: Grassy Surge|[of] p2a: Rillaboom
|turn|1
|
|t:|1758932832
|move|p1a: Keldeo|Flip Turn|p2a: Rillaboom
|-resisted|p2a: Rillaboom
|-damage|p2a: Rillaboom|93/100
|
|t:|1758932841
|switch|p1a: Ursaluna|Ursaluna, M|100/100|[from] Flip Turn
|move|p2a: Rillaboom|Swords Dance|p2a: Rillaboom
|-boost|p2a: Rillaboom|atk|2
|
|-heal|p2a: Rillaboom|99/100|[from] Grassy Terrain
|-status|p1a: Ursaluna|brn|[from] item: Flame Orb
|upkeep
|turn|2
|
|t:|1758932851
|switch|p1a: Cresselia|Cresselia, F|100/100
|move|p2a: Rillaboom|Grassy Glide|p1a: Cresselia
|-damage|p1a: Cresselia|45/100
|-damage|p2a: Rillaboom|83/100|[from] item: Rocky Helmet|[of] p1a: Cresselia
|-damage|p2a: Rillaboom|73/100|[from] item: Life Orb
|
|-heal|p2a: Rillaboom|79/100|[from] Grassy Terrain
|upkeep
|turn|3
|
|t:|1758932868
|move|p2a: Rillaboom|Grassy Glide|p1a: Cresselia
|-damage|p1a: Cresselia|0 fnt
|-damage|p2a: Rillaboom|62/100|[from] item: Rocky Helmet|[of] p1a: Cresselia
|faint|p1a: Cresselia
|-damage|p2a: Rillaboom|52/100|[from] item: Life Orb
|
|-heal|p2a: Rillaboom|58/100|[from] Grassy Terrain
|upkeep
|
|t:|1758932872
|switch|p1a: Hatterene|Hatterene, F|100/100
|turn|4
|
|t:|1758932880
|move|p2a: Rillaboom|Knock Off|p1a: Hatterene
|-enditem|p1a: Hatterene|Focus Sash
|-damage|p1a: Hatterene|1/100
|-damage|p2a: Rillaboom|48/100|[from] item: Life Orb
|move|p1a: Hatterene|Dazzling Gleam|p2a: Rillaboom
|-damage|p2a: Rillaboom|0 fnt
|faint|p2a: Rillaboom
|
|-heal|p1a: Hatterene|7/100|[from] Grassy Terrain
|upkeep
|
|t:|1758932888
|switch|p2a: Hawlucha|Hawlucha, F, shiny|100/100
|-enditem|p2a: Hawlucha|Grassy Seed
|-boost|p2a: Hawlucha|def|1|[from] item: Grassy Seed
|turn|5
|
|t:|1758932894
|move|p2a: Hawlucha|Acrobatics|p1a: Hatterene
|-damage|p1a: Hatterene|0 fnt
|faint|p1a: Hatterene
|
|-fieldend|move: Grassy Terrain
|upkeep
|
|t:|1758932919
|switch|p1a: Keldeo|Keldeo-Resolute|100/100
|turn|6
|
|t:|1758932921
|-terastallize|p1a: Keldeo|Water
|move|p2a: Hawlucha|Acrobatics|p1a: Keldeo
|-damage|p1a: Keldeo|41/100
|move|p1a: Keldeo|Surf|p2a: Hawlucha
|-damage|p2a: Hawlucha|0 fnt
|faint|p2a: Hawlucha
|
|upkeep
|
|t:|1758932929
|switch|p2a: Ogerpon|Ogerpon-Wellspring, F|100/100
|turn|7
|
|t:|1758932932
|switch|p1a: Ogerpon|Ogerpon, F|100/100
|move|p2a: Ogerpon|Trailblaze|p1a: Ogerpon
|-resisted|p1a: Ogerpon
|-damage|p1a: Ogerpon|78/100
|-boost|p2a: Ogerpon|spe|1
|
|upkeep
|turn|8
|
|t:|1758932935
|move|p2a: Ogerpon|Ivy Cudgel|p1a: Ogerpon|[anim] Ivy Cudgel Water
|-resisted|p1a: Ogerpon
|-damage|p1a: Ogerpon|34/100
|move|p1a: Ogerpon|Ivy Cudgel|p2a: Ogerpon
|-damage|p2a: Ogerpon|2/100
|
|upkeep
|turn|9
|
|t:|1758932944
|move|p2a: Ogerpon|Ivy Cudgel|p1a: Ogerpon|[anim] Ivy Cudgel Water
|-resisted|p1a: Ogerpon
|-damage|p1a: Ogerpon|0 fnt
|faint|p1a: Ogerpon
|
|upkeep
|
|t:|1758932946
|switch|p1a: Iron Valiant|Iron Valiant|100/100
|-enditem|p1a: Iron Valiant|Booster Energy
|-activate|p1a: Iron Valiant|ability: Quark Drive|[fromitem]
|-start|p1a: Iron Valiant|quarkdrivespe
|turn|10
|
|t:|1758932951
|move|p1a: Iron Valiant|Shadow Ball|p2a: Ogerpon
|-damage|p2a: Ogerpon|0 fnt
|faint|p2a: Ogerpon
|
|upkeep
|
|t:|1758932955
|switch|p2a: Heatran|Heatran, F, shiny|100/100
|turn|11
|
|t:|1758932979
|move|p1a: Iron Valiant|Close Combat|p2a: Heatran
|-supereffective|p2a: Heatran
|-damage|p2a: Heatran|20/100
|-unboost|p1a: Iron Valiant|def|1
|-unboost|p1a: Iron Valiant|spd|1
|move|p2a: Heatran|Magma Storm|p1a: Iron Valiant
|-damage|p1a: Iron Valiant|0 fnt
|faint|p1a: Iron Valiant
|-end|p1a: Iron Valiant|Quark Drive|[silent]
|
|-heal|p2a: Heatran|26/100|[from] item: Leftovers
|upkeep
|
|t:|1758932984
|switch|p1a: Keldeo|Keldeo-Resolute, tera:Water|41/100
|turn|12
|
|t:|1758932993
|move|p1a: Keldeo|Surf|p2a: Heatran
|-supereffective|p2a: Heatran
|-damage|p2a: Heatran|0 fnt
|faint|p2a: Heatran
|
|upkeep
|
|t:|1758932994
|switch|p2a: Gholdengo|Gholdengo|100/100
|turn|13
|
|t:|1758932997
|move|p1a: Keldeo|Surf|p2a: Gholdengo
|-damage|p2a: Gholdengo|0 fnt
|faint|p2a: Gholdengo
|
|upkeep
|
|t:|1758932999
|switch|p2a: Glimmora|Glimmora, F, shiny|100/100
|turn|14
|
|t:|1758933002
|-terastallize|p2a: Glimmora|Fairy
|move|p1a: Keldeo|Surf|p2a: Glimmora
|-damage|p2a: Glimmora|0 fnt
|faint|p2a: Glimmora
|
|win|Mr.X&Y97
|raw|Mr.X&amp;Y97's rating: 1591 &rarr; <strong>1619</strong><br />(+28 for winning)
|raw|v1n001's rating: 1738 &rarr; <strong>1710</strong><br />(-28 for losing)
|l|☆v1n001
|player|p2|
