|badge|p2|bronze|gen9ou|100-6
|html|<div class="broadcast-red"><strong>This battle is required to be public due to one or more player having a season medal.</strong><br />During the public phase, you can discuss the state of the ladder <a href="/seasondiscussion">in a special chatroom.</a></div>
|uhtml|medal-msg|<div class="broadcast-blue">Curious what those medals under the avatar are? PS now has Ladder Seasons! For more information, check out the <a href="https://www.smogon.com/forums/threads/3740067/">thread on Smogon.</a></div>
|raw|<div class="broadcast-blue"><strong>This battle is required to be public due to a player having a name starting with 'medal'.</div>
|j|☆healorant
|j|☆RosaVogel
|t:|1759071609
|gametype|singles
|player|p1|healorant|alder|1758
|player|p2|RosaVogel|lyra|1836
|gen|9
|tier|[Gen 9] OU
|rated|
|rule|HP Percentage Mod: HP is shown in percentages
|rule|Endless Battle Clause: Forcing endless battles is banned
|rule|Species Clause: Limit one of each Pokémon
|rule|OHKO Clause: OHKO moves are banned
|rule|Evasion Items Clause: Evasion items are banned
|rule|Evasion Moves Clause: Evasion moves are banned
|rule|Evasion Abilities Clause: Evasion abilities are banned
|rule|Sleep Moves Clause: Sleep-inducing moves are banned
|clearpoke
|poke|p1|Amoonguss, F|
|poke|p1|Moltres|
|poke|p1|Garganacl, M|
|poke|p1|Zamazenta-*|
|poke|p1|Great Tusk|
|poke|p1|Dragapult, F|
|poke|p2|Great Tusk|
|poke|p2|Hatterene, F|
|poke|p2|Enamorus, F|
|poke|p2|Raging Bolt|
|poke|p2|Ogerpon-Wellspring, F|
|poke|p2|Kingambit, F|
|teampreview
|inactive|Battle timer is ON: inactive players will automatically lose when time's up. (requested by healorant)
|
|t:|1759071623
|teamsize|p1|6
|teamsize|p2|6
|start
|switch|p1a: Garganacl|Garganacl, M|100/100
|switch|p2a: Enamorus|Enamorus, F|100/100
|turn|1
|
|t:|1759071639
|move|p2a: Enamorus|Earth Power|p1a: Garganacl
|-supereffective|p1a: Garganacl
|-damage|p1a: Garganacl|54/100
|move|p1a: Garganacl|Salt Cure|p2a: Enamorus
|-supereffective|p2a: Enamorus
|-damage|p2a: Enamorus|59/100
|-start|p2a: Enamorus|Salt Cure
|
|-heal|p1a: Garganacl|61/100|[from] item: Leftovers
|-damage|p2a: Enamorus|47/100|[from] Salt Cure
|upkeep
|turn|2
|
|t:|1759071648
|switch|p2a: Great Tusk|Great Tusk|100/100
|move|p1a: Garganacl|Recover|p1a: Garganacl
|-heal|p1a: Garganacl|100/100
|
|upkeep
|turn|3
|
|t:|1759071656
|-end|p2a: Great Tusk|Protosynthesis|[silent]
|switch|p2a: Raging Bolt|Raging Bolt|100/100
|switch|p1a: Amoonguss|Amoonguss, F|100/100
|
|upkeep
|turn|4
|
|t:|1759071662
|move|p2a: Raging Bolt|Draco Meteor|p1a: Amoonguss
|-damage|p1a: Amoonguss|0 fnt
|-unboost|p2a: Raging Bolt|spa|2
|faint|p1a: Amoonguss
|
|upkeep
|
|t:|1759071668
|switch|p1a: Dragapult|Dragapult, F|100/100
|turn|5
|
|t:|1759071672
|-end|p2a: Raging Bolt|Protosynthesis|[silent]
|switch|p2a: Kingambit|Kingambit, F|100/100
|move|p1a: Dragapult|U-turn|p2a: Kingambit
|-damage|p2a: Kingambit|75/100
|
|t:|1759071678
|switch|p1a: Great Tusk|Great Tusk|100/100|[from] U-turn
|
|-heal|p2a: Kingambit|81/100|[from] item: Leftovers
|upkeep
|turn|6
|
|t:|1759071683
|-end|p2a: Kingambit|fallenundefined|[silent]
|switch|p2a: Ogerpon|Ogerpon-Wellspring, F|100/100
|move|p1a: Great Tusk|Headlong Rush|p2a: Ogerpon
|-resisted|p2a: Ogerpon
|-damage|p2a: Ogerpon|60/100
|-unboost|p1a: Great Tusk|def|1
|-unboost|p1a: Great Tusk|spd|1
|
|upkeep
|turn|7
|
|t:|1759071690
|-end|p1a: Great Tusk|Protosynthesis|[silent]
|switch|p1a: Dragapult|Dragapult, F|100/100
|move|p2a: Ogerpon|Ivy Cudgel|p1a: Dragapult|[anim] Ivy Cudgel Water
|-resisted|p1a: Dragapult
|-damage|p1a: Dragapult|59/100
|
|upkeep
|turn|8
|
|t:|1759071696
|switch|p2a: Kingambit|Kingambit, F|81/100
|move|p1a: Dragapult|U-turn|p2a: Kingambit
|-damage|p2a: Kingambit|55/100
|
|t:|1759071703
|switch|p1a: Moltres|Moltres|100/100|[from] U-turn
|
|-heal|p2a: Kingambit|61/100|[from] item: Leftovers
|upkeep
|turn|9
|
|t:|1759071707
|-end|p2a: Kingambit|fallenundefined|[silent]
|switch|p2a: Raging Bolt|Raging Bolt|100/100
|move|p1a: Moltres|U-turn|p2a: Raging Bolt
|-damage|p2a: Raging Bolt|86/100
|
|t:|1759071711
|switch|p1a: Dragapult|Dragapult, F|59/100|[from] U-turn
|
|upkeep
|turn|10
|
|t:|1759071718
|-end|p2a: Raging Bolt|Protosynthesis|[silent]
|switch|p2a: Enamorus|Enamorus, F|47/100
|move|p1a: Dragapult|Dragon Darts|p2a: Enamorus
|-immune|p2a: Enamorus
|
|upkeep
|turn|11
|
|t:|1759071730
|switch|p2a: Raging Bolt|Raging Bolt|86/100
|switch|p1a: Moltres|Moltres|100/100
|
|upkeep
|turn|12
|inactive|healorant has 120 seconds left.
|
|t:|1759071764
|switch|p1a: Garganacl|Garganacl, M|100/100
|move|p2a: Raging Bolt|Draco Meteor|p1a: Garganacl
|-damage|p1a: Garganacl|25/100
|-unboost|p2a: Raging Bolt|spa|2
|
|-heal|p1a: Garganacl|31/100|[from] item: Leftovers
|upkeep
|turn|13
|
|t:|1759071770
|switch|p1a: Moltres|Moltres|100/100
|move|p2a: Raging Bolt|Draco Meteor|p1a: Moltres
|-damage|p1a: Moltres|38/100
|-unboost|p2a: Raging Bolt|spa|2
|
|upkeep
|turn|14
|
|t:|1759071777
|move|p2a: Raging Bolt|Draco Meteor|p1a: Moltres|[miss]
|-miss|p2a: Raging Bolt|p1a: Moltres
|move|p1a: Moltres|Roost|p1a: Moltres
|-heal|p1a: Moltres|88/100
|-singleturn|p1a: Moltres|move: Roost
|
|upkeep
|turn|15
|
|t:|1759071783
|-end|p2a: Raging Bolt|Protosynthesis|[silent]
|switch|p2a: Hatterene|Hatterene, F|100/100
|move|p1a: Moltres|U-turn|p2a: Hatterene
|-damage|p2a: Hatterene|84/100
|j| heatraniac
|
|t:|1759071791
|switch|p1a: Garganacl|Garganacl, M|31/100|[from] U-turn
|
|-heal|p1a: Garganacl|38/100|[from] item: Leftovers
|upkeep
|turn|16
|l| heatraniac
|
|t:|1759071795
|move|p1a: Garganacl|Recover|p1a: Garganacl
|-heal|p1a: Garganacl|88/100
|move|p2a: Hatterene|Psyshock|p1a: Garganacl
|-damage|p1a: Garganacl|59/100
|
|-heal|p1a: Garganacl|65/100|[from] item: Leftovers
|upkeep
|turn|17
|j| tabata toxapex
|
|t:|1759071798
|switch|p2a: Raging Bolt|Raging Bolt|86/100
|move|p1a: Garganacl|Salt Cure|p2a: Raging Bolt
|-damage|p2a: Raging Bolt|73/100
|-start|p2a: Raging Bolt|Salt Cure
|
|-heal|p1a: Garganacl|71/100|[from] item: Leftovers
|-damage|p2a: Raging Bolt|61/100|[from] Salt Cure
|upkeep
|turn|18
|
|t:|1759071808
|move|p2a: Raging Bolt|Draco Meteor|p1a: Garganacl
|-damage|p1a: Garganacl|0 fnt
|-unboost|p2a: Raging Bolt|spa|2
|faint|p1a: Garganacl
|
|-damage|p2a: Raging Bolt|48/100|[from] Salt Cure
|upkeep
|
|t:|1759071813
|switch|p1a: Dragapult|Dragapult, F|59/100
|turn|19
|
|t:|1759071818
|-end|p2a: Raging Bolt|Protosynthesis|[silent]
|switch|p2a: Great Tusk|Great Tusk|100/100
|move|p1a: Dragapult|U-turn|p2a: Great Tusk
|-resisted|p2a: Great Tusk
|-damage|p2a: Great Tusk|88/100
|-damage|p1a: Dragapult|42/100|[from] item: Rocky Helmet|[of] p2a: Great Tusk
|
|t:|1759071820
|switch|p1a: Great Tusk|Great Tusk|100/100|[from] U-turn
|
|upkeep
|turn|20
|
|t:|1759071825
|-end|p2a: Great Tusk|Protosynthesis|[silent]
|switch|p2a: Ogerpon|Ogerpon-Wellspring, F|60/100
|move|p1a: Great Tusk|Stealth Rock|p2a: Ogerpon
|-sidestart|p2: RosaVogel|move: Stealth Rock
|
|upkeep
|turn|21
|
|t:|1759071833
|move|p2a: Ogerpon|Knock Off|p1a: Great Tusk
|-resisted|p1a: Great Tusk
|-damage|p1a: Great Tusk|87/100
|-enditem|p1a: Great Tusk|Heavy-Duty Boots|[from] move: Knock Off|[of] p2a: Ogerpon
|move|p1a: Great Tusk|Rapid Spin|p2a: Ogerpon
|-damage|p2a: Ogerpon|39/100
|-boost|p1a: Great Tusk|spe|1
|
|upkeep
|turn|22
|
|t:|1759071837
|move|p1a: Great Tusk|Headlong Rush|p2a: Ogerpon
|-resisted|p2a: Ogerpon
|-damage|p2a: Ogerpon|1/100
|-unboost|p1a: Great Tusk|def|1
|-unboost|p1a: Great Tusk|spd|1
|move|p2a: Ogerpon|Power Whip|p1a: Great Tusk|[miss]
|-miss|p2a: Ogerpon|p1a: Great Tusk
|
|upkeep
|turn|23
|j| wgw2333
|
|t:|1759071843
|move|p1a: Great Tusk|Ice Spinner|p2a: Ogerpon
|-damage|p2a: Ogerpon|0 fnt
|faint|p2a: Ogerpon
|
|upkeep
|l| wgw2333
|
|t:|1759071854
|switch|p2a: Great Tusk|Great Tusk|88/100
|-damage|p2a: Great Tusk|85/100|[from] Stealth Rock
|turn|24
|
|t:|1759071857
|move|p1a: Great Tusk|Ice Spinner|p2a: Great Tusk
|-supereffective|p2a: Great Tusk
|-damage|p2a: Great Tusk|48/100
|-damage|p1a: Great Tusk|70/100|[from] item: Rocky Helmet|[of] p2a: Great Tusk
|move|p2a: Great Tusk|Rapid Spin|p1a: Great Tusk
|-damage|p1a: Great Tusk|52/100
|-boost|p2a: Great Tusk|spe|1
|-sideend|p2: RosaVogel|Stealth Rock|[from] move: Rapid Spin|[of] p2a: Great Tusk
|
|upkeep
|turn|25
|
|t:|1759071862
|move|p1a: Great Tusk|Ice Spinner|p2a: Great Tusk
|-supereffective|p2a: Great Tusk
|-damage|p2a: Great Tusk|8/100
|-damage|p1a: Great Tusk|35/100|[from] item: Rocky Helmet|[of] p2a: Great Tusk
|move|p2a: Great Tusk|Ice Spinner|p1a: Great Tusk
|-supereffective|p1a: Great Tusk
|-damage|p1a: Great Tusk|0 fnt
|faint|p1a: Great Tusk
|-end|p1a: Great Tusk|Protosynthesis|[silent]
|
|upkeep
|
|t:|1759071865
|switch|p1a: Moltres|Moltres|88/100
|turn|26
|
|t:|1759071871
|move|p2a: Great Tusk|Stealth Rock|p1a: Moltres
|-sidestart|p1: healorant|move: Stealth Rock
|move|p1a: Moltres|Flamethrower|p2a: Great Tusk
|-damage|p2a: Great Tusk|0 fnt
|faint|p2a: Great Tusk
|-end|p2a: Great Tusk|Protosynthesis|[silent]
|
|upkeep
|
|t:|1759071875
|switch|p2a: Raging Bolt|Raging Bolt|48/100
|turn|27
|
|t:|1759071879
|move|p2a: Raging Bolt|Volt Switch|p1a: Moltres
|-supereffective|p1a: Moltres
|-damage|p1a: Moltres|0 fnt
|faint|p1a: Moltres
|
|t:|1759071884
|-end|p2a: Raging Bolt|Protosynthesis|[silent]
|switch|p2a: Enamorus|Enamorus, F|47/100|[from] Volt Switch
|
|upkeep
|
|t:|1759071887
|switch|p1a: Dragapult|Dragapult, F|42/100
|-damage|p1a: Dragapult|30/100|[from] Stealth Rock
|turn|28
|
|t:|1759071904
|move|p2a: Enamorus|Moonblast|p1a: Dragapult
|-supereffective|p1a: Dragapult
|-damage|p1a: Dragapult|0 fnt
|faint|p1a: Dragapult
|
|upkeep
|
|t:|1759071907
|switch|p1a: Zamazenta|Zamazenta|100/100
|-damage|p1a: Zamazenta|94/100|[from] Stealth Rock
|-ability|p1a: Zamazenta|Dauntless Shield|boost
|-boost|p1a: Zamazenta|def|1
|turn|29
|
|t:|1759071911
|switch|p2a: Hatterene|Hatterene, F|84/100
|-terastallize|p1a: Zamazenta|Steel
|move|p1a: Zamazenta|Substitute|p1a: Zamazenta
|-start|p1a: Zamazenta|Substitute
|-damage|p1a: Zamazenta|69/100
|
|-heal|p1a: Zamazenta|75/100|[from] item: Leftovers
|upkeep
|turn|30
|
|t:|1759071915
|move|p1a: Zamazenta|Iron Defense|p1a: Zamazenta
|-boost|p1a: Zamazenta|def|2
|move|p2a: Hatterene|Mystical Fire|p1a: Zamazenta
|-supereffective|p1a: Zamazenta
|-end|p1a: Zamazenta|Substitute
|
|-heal|p1a: Zamazenta|82/100|[from] item: Leftovers
|upkeep
|turn|31
|
|t:|1759071918
|move|p1a: Zamazenta|Iron Defense|p1a: Zamazenta
|-boost|p1a: Zamazenta|def|2
|move|p2a: Hatterene|Mystical Fire|p1a: Zamazenta
|-supereffective|p1a: Zamazenta
|-damage|p1a: Zamazenta|41/100
|-unboost|p1a: Zamazenta|spa|1
|
|-heal|p1a: Zamazenta|48/100|[from] item: Leftovers
|upkeep
|turn|32
|
|t:|1759071921
|move|p1a: Zamazenta|Body Press|p2a: Hatterene
|-resisted|p2a: Hatterene
|-damage|p2a: Hatterene|53/100
|move|p2a: Hatterene|Mystical Fire|p1a: Zamazenta
|-supereffective|p1a: Zamazenta
|-damage|p1a: Zamazenta|6/100
|-unboost|p1a: Zamazenta|spa|1
|
|-heal|p1a: Zamazenta|12/100|[from] item: Leftovers
|upkeep
|turn|33
|
|t:|1759071927
|move|p1a: Zamazenta|Body Press|p2a: Hatterene
|-resisted|p2a: Hatterene
|-damage|p2a: Hatterene|18/100
|move|p2a: Hatterene|Mystical Fire|p1a: Zamazenta
|-supereffective|p1a: Zamazenta
|-damage|p1a: Zamazenta|0 fnt
|faint|p1a: Zamazenta
|
|win|RosaVogel
|raw|healorant's rating: 1758 &rarr; <strong>1742</strong><br />(-16 for losing)
|raw|RosaVogel's rating: 1836 &rarr; <strong>1852</strong><br />(+16 for winning)
|l|☆healorant
|player|p1|
