|j|☆gojimon18
|j|☆CadenG18
|t:|1759033868
|gametype|singles
|player|p1|gojimon18|silver|1364
|player|p2|CadenG18|hilbert|1383
|gen|9
|tier|[Gen 9] OU
|rated|
|rule|HP Percentage Mod: HP is shown in percentages
|rule|Endless Battle Clause: Forcing endless battles is banned
|rule|Species Clause: Limit one of each Pokémon
|rule|OHKO Clause: OHKO moves are banned
|rule|Evasion Items Clause: Evasion items are banned
|rule|Evasion Moves Clause: Evasion moves are banned
|rule|Evasion Abilities Clause: Evasion abilities are banned
|rule|Sleep Moves Clause: Sleep-inducing moves are banned
|clearpoke
|poke|p1|Dondozo, F|
|poke|p1|Iron Hands|
|poke|p1|Umbreon, M|
|poke|p1|Latias, F|
|poke|p1|Tinkaton, F|
|poke|p1|Keldeo-Resolute|
|poke|p2|Greninja-*, M|
|poke|p2|Ceruledge, F|
|poke|p2|Armarouge, F|
|poke|p2|Hydreigon, F|
|poke|p2|Kommo-o, M|
|poke|p2|Tsareena, F|
|teampreview
|inactive|Battle timer is ON: inactive players will automatically lose when time's up. (requested by CadenG18)
|inactive|CadenG18 has 120 seconds left.
|
|t:|1759033902
|teamsize|p1|6
|teamsize|p2|6
|start
|switch|p1a: Umbreon|Umbreon, M|100/100
|switch|p2a: Soleia|Armarouge, F, shiny|100/100
|turn|1
|
|t:|1759033914
|move|p2a: Soleia|Aura Sphere|p1a: Umbreon
|-supereffective|p1a: Umbreon
|-damage|p1a: Umbreon|68/100
|move|p1a: Umbreon|Light Screen|p1a: Umbreon
|-sidestart|p1: gojimon18|move: Light Screen
|
|upkeep
|turn|2
|
|t:|1759033921
|move|p2a: Soleia|Aura Sphere|p1a: Umbreon
|-supereffective|p1a: Umbreon
|-damage|p1a: Umbreon|52/100
|move|p1a: Umbreon|Wish|p1a: Umbreon
|
|upkeep
|turn|3
|
|t:|1759033927
|switch|p2a: Tsuyo-sa|Kommo-o, M|100/100
|move|p1a: Umbreon|Foul Play|p2a: Tsuyo-sa
|-resisted|p2a: Tsuyo-sa
|-damage|p2a: Tsuyo-sa|79/100
|
|-heal|p1a: Umbreon|100/100|[from] move: Wish|[wisher] Umbreon
|-heal|p2a: Tsuyo-sa|85/100|[from] item: Leftovers
|upkeep
|turn|4
|
|t:|1759033957
|switch|p1a: Latias|Latias, F|100/100
|-terastallize|p2a: Tsuyo-sa|Steel
|move|p2a: Tsuyo-sa|Clangorous Soul|p2a: Tsuyo-sa
|-boost|p2a: Tsuyo-sa|atk|1
|-boost|p2a: Tsuyo-sa|def|1
|-boost|p2a: Tsuyo-sa|spa|1
|-boost|p2a: Tsuyo-sa|spd|1
|-boost|p2a: Tsuyo-sa|spe|1
|-damage|p2a: Tsuyo-sa|52/100
|
|-heal|p2a: Tsuyo-sa|58/100|[from] item: Leftovers
|upkeep
|turn|5
|inactive|gojimon18 has 120 seconds left.
|
|t:|1759033972
|move|p2a: Tsuyo-sa|Dragon Claw|p1a: Latias
|-supereffective|p1a: Latias
|-damage|p1a: Latias|26/100
|move|p1a: Latias|Shadow Ball|p2a: Tsuyo-sa
|-immune|p2a: Tsuyo-sa|[from] ability: Bulletproof
|
|-heal|p2a: Tsuyo-sa|64/100|[from] item: Leftovers
|-heal|p1a: Latias|32/100|[from] item: Leftovers
|upkeep
|turn|6
|inactive|gojimon18 has 120 seconds left.
|
|t:|1759033988
|move|p2a: Tsuyo-sa|Dragon Claw|p1a: Latias
|-supereffective|p1a: Latias
|-damage|p1a: Latias|0 fnt
|faint|p1a: Latias
|
|-heal|p2a: Tsuyo-sa|71/100|[from] item: Leftovers
|upkeep
|inactive|gojimon18 has 120 seconds left.
|
|t:|1759034003
|switch|p1a: Dondozo|Dondozo, F|100/100
|turn|7
|
|t:|1759034008
|move|p2a: Tsuyo-sa|Brick Break|p1a: Dondozo
|-sideend|p1: gojimon18|move: Light Screen
|-damage|p1a: Dondozo|78/100
|move|p1a: Dondozo|Curse|p1a: Dondozo
|-unboost|p1a: Dondozo|spe|1
|-boost|p1a: Dondozo|atk|1
|-boost|p1a: Dondozo|def|1
|
|-heal|p2a: Tsuyo-sa|77/100|[from] item: Leftovers
|upkeep
|turn|8
|inactive|gojimon18 has 120 seconds left.
|
|t:|1759034023
|move|p2a: Tsuyo-sa|Iron Head|p1a: Dondozo
|-resisted|p1a: Dondozo
|-damage|p1a: Dondozo|71/100
|cant|p1a: Dondozo|flinch
|
|-heal|p2a: Tsuyo-sa|83/100|[from] item: Leftovers
|upkeep
|turn|9
|
|t:|1759034031
|move|p2a: Tsuyo-sa|Dragon Claw|p1a: Dondozo
|-damage|p1a: Dondozo|57/100
|move|p1a: Dondozo|Curse|p1a: Dondozo
|-unboost|p1a: Dondozo|spe|1
|-boost|p1a: Dondozo|atk|1
|-boost|p1a: Dondozo|def|1
|
|-heal|p2a: Tsuyo-sa|89/100|[from] item: Leftovers
|upkeep
|turn|10
|
|t:|1759034046
|switch|p2a: Soleia|Armarouge, F, shiny|100/100
|move|p1a: Dondozo|Rest|p1a: Dondozo
|-status|p1a: Dondozo|slp|[from] move: Rest
|-heal|p1a: Dondozo|100/100 slp|[silent]
|-enditem|p1a: Dondozo|Chesto Berry|[eat]
|-curestatus|p1a: Dondozo|slp|[msg]
|
|upkeep
|turn|11
|inactive|gojimon18 has 120 seconds left.
|
|t:|1759034063
|move|p2a: Soleia|Energy Ball|p1a: Dondozo
|-supereffective|p1a: Dondozo
|-damage|p1a: Dondozo|61/100
|move|p1a: Dondozo|Wave Crash|p2a: Soleia
|-supereffective|p2a: Soleia
|-enditem|p2a: Soleia|Focus Sash
|-damage|p2a: Soleia|1/100
|-ability|p2a: Soleia|Weak Armor|boost
|-unboost|p2a: Soleia|def|1
|-boost|p2a: Soleia|spe|2
|-damage|p1a: Dondozo|36/100|[from] Recoil
|
|upkeep
|turn|12
|inactive|gojimon18 has 120 seconds left.
|
|t:|1759034089
|move|p2a: Soleia|Energy Ball|p1a: Dondozo
|-supereffective|p1a: Dondozo
|-damage|p1a: Dondozo|0 fnt
|faint|p1a: Dondozo
|
|upkeep
|
|t:|1759034098
|switch|p1a: Umbreon|Umbreon, M|100/100
|turn|13
|
|t:|1759034105
|move|p2a: Soleia|Aura Sphere|p1a: Umbreon
|-supereffective|p1a: Umbreon
|-damage|p1a: Umbreon|69/100
|move|p1a: Umbreon|Light Screen|p1a: Umbreon
|-sidestart|p1: gojimon18|move: Light Screen
|
|upkeep
|turn|14
|inactive|gojimon18 has 120 seconds left.
|
|t:|1759034119
|switch|p2a: Tsuyo-sa|Kommo-o, M, tera:Steel|89/100
|move|p1a: Umbreon|Wish|p1a: Umbreon
|
|-heal|p2a: Tsuyo-sa|95/100|[from] item: Leftovers
|upkeep
|turn|15
|inactive|gojimon18 has 120 seconds left.
|
|t:|1759034130
|move|p2a: Tsuyo-sa|Clangorous Soul|p2a: Tsuyo-sa
|-boost|p2a: Tsuyo-sa|atk|1
|-boost|p2a: Tsuyo-sa|def|1
|-boost|p2a: Tsuyo-sa|spa|1
|-boost|p2a: Tsuyo-sa|spd|1
|-boost|p2a: Tsuyo-sa|spe|1
|-damage|p2a: Tsuyo-sa|62/100
|move|p1a: Umbreon|Foul Play|p2a: Tsuyo-sa
|-damage|p2a: Tsuyo-sa|23/100
|
|-heal|p1a: Umbreon|100/100|[from] move: Wish|[wisher] Umbreon
|-heal|p2a: Tsuyo-sa|29/100|[from] item: Leftovers
|upkeep
|turn|16
|inactive|gojimon18 has 120 seconds left.
|
|t:|1759034144
|move|p2a: Tsuyo-sa|Brick Break|p1a: Umbreon
|-sideend|p1: gojimon18|move: Light Screen
|-supereffective|p1a: Umbreon
|-damage|p1a: Umbreon|19/100
|move|p1a: Umbreon|Foul Play|p2a: Tsuyo-sa
|-damage|p2a: Tsuyo-sa|0 fnt
|faint|p2a: Tsuyo-sa
|
|upkeep
|
|t:|1759034153
|switch|p2a: Soleia|Armarouge, F, shiny|1/100
|turn|17
|
|t:|1759034158
|move|p2a: Soleia|Aura Sphere|p1a: Umbreon
|-supereffective|p1a: Umbreon
|-damage|p1a: Umbreon|0 fnt
|faint|p1a: Umbreon
|
|upkeep
|
|t:|1759034172
|switch|p1a: Keldeo|Keldeo-Resolute|100/100
|turn|18
|
|t:|1759034177
|move|p1a: Keldeo|Flip Turn|p2a: Soleia
|-supereffective|p2a: Soleia
|-damage|p2a: Soleia|0 fnt
|faint|p2a: Soleia
|
|t:|1759034189
|switch|p1a: Iron Hands|Iron Hands|100/100|[from] Flip Turn
|
|upkeep
|
|t:|1759034200
|switch|p2a: Yamata|Hydreigon, F|100/100
|turn|19
|
|t:|1759034211
|-terastallize|p1a: Iron Hands|Fairy
|move|p2a: Yamata|Earth Power|p1a: Iron Hands
|-damage|p1a: Iron Hands|71/100
|move|p1a: Iron Hands|Play Rough|p2a: Yamata
|-supereffective|p2a: Yamata
|-damage|p2a: Yamata|0 fnt
|faint|p2a: Yamata
|
|upkeep
|
|t:|1759034218
|switch|p2a: Cieri|Ceruledge, F, shiny|100/100
|turn|20
|
|t:|1759034226
|move|p2a: Cieri|Swords Dance|p2a: Cieri
|-boost|p2a: Cieri|atk|2
|move|p1a: Iron Hands|Earthquake|p2a: Cieri
|-supereffective|p2a: Cieri
|-enditem|p2a: Cieri|Focus Sash
|-damage|p2a: Cieri|1/100
|
|upkeep
|turn|21
|
|t:|1759034236
|move|p2a: Cieri|Bitter Blade|p1a: Iron Hands
|-damage|p1a: Iron Hands|16/100
|-heal|p2a: Cieri|49/100|[from] drain|[of] p1a: Iron Hands
|move|p1a: Iron Hands|Earthquake|p2a: Cieri
|-supereffective|p2a: Cieri
|-damage|p2a: Cieri|0 fnt
|faint|p2a: Cieri
|
|upkeep
|
|t:|1759034242
|switch|p2a: Megumi|Greninja, M, shiny|100/100
|turn|22
|
|t:|1759034250
|move|p2a: Megumi|Sludge Wave|p1a: Iron Hands
|-start|p2a: Megumi|typechange|Poison|[from] ability: Protean
|-supereffective|p1a: Iron Hands
|-damage|p1a: Iron Hands|0 fnt
|faint|p1a: Iron Hands
|-end|p1a: Iron Hands|Quark Drive|[silent]
|-damage|p2a: Megumi|91/100|[from] item: Life Orb
|
|upkeep
|
|t:|1759034270
|switch|p1a: Tinkaton|Tinkaton, F|100/100
|-ability|p1a: Tinkaton|Mold Breaker
|turn|23
|
|t:|1759034284
|move|p2a: Megumi|Hydro Pump|p1a: Tinkaton
|-damage|p1a: Tinkaton|74/100
|-damage|p2a: Megumi|81/100|[from] item: Life Orb
|move|p1a: Tinkaton|Gigaton Hammer|p2a: Megumi
|-damage|p2a: Megumi|0 fnt
|faint|p2a: Megumi
|
|upkeep
|
|t:|1759034291
|switch|p2a: Cybele|Tsareena, F|100/100
|turn|24
|
|t:|1759034304
|switch|p1a: Keldeo|Keldeo-Resolute|100/100
|move|p2a: Cybele|Knock Off|p1a: Keldeo
|-resisted|p1a: Keldeo
|-damage|p1a: Keldeo|82/100
|-ability|p1a: Keldeo|Justified|boost
|-boost|p1a: Keldeo|atk|1
|-enditem|p1a: Keldeo|Choice Scarf|[from] move: Knock Off|[of] p2a: Cybele
|
|upkeep
|turn|25
|
|t:|1759034315
|move|p1a: Keldeo|Secret Sword|p2a: Cybele
|-damage|p2a: Cybele|55/100
|move|p2a: Cybele|Play Rough|p1a: Keldeo
|-supereffective|p1a: Keldeo
|-damage|p1a: Keldeo|12/100
|
|upkeep
|turn|26
|
|t:|1759034324
|move|p1a: Keldeo|Secret Sword|p2a: Cybele
|-damage|p2a: Cybele|3/100
|move|p2a: Cybele|Knock Off|p1a: Keldeo
|-resisted|p1a: Keldeo
|-damage|p1a: Keldeo|0 fnt
|faint|p1a: Keldeo
|
|upkeep
|
|t:|1759034332
|switch|p1a: Tinkaton|Tinkaton, F|74/100
|-ability|p1a: Tinkaton|Mold Breaker
|turn|27
|
|t:|1759034339
|move|p1a: Tinkaton|Fake Out|p2a: Cybele
|-damage|p2a: Cybele|0 fnt
|faint|p2a: Cybele
|
|win|gojimon18
|raw|gojimon18's rating: 1364 &rarr; <strong>1385</strong><br />(+21 for winning)
|raw|CadenG18's rating: 1383 &rarr; <strong>1362</strong><br />(-21 for losing)
|l|☆CadenG18
|player|p2|
|l|☆gojimon18
|player|p1|
