|j|☆gigapoophater
|j|☆xrceus
|t:|1758994162
|gametype|singles
|player|p1|gigapoophater|swimmer|1208
|player|p2|xrceus|iris-gen5bw2|1224
|gen|9
|tier|[Gen 9] OU
|rated|
|rule|HP Percentage Mod: HP is shown in percentages
|rule|Endless Battle Clause: Forcing endless battles is banned
|rule|Species Clause: Limit one of each Pokémon
|rule|OHKO Clause: OHKO moves are banned
|rule|Evasion Items Clause: Evasion items are banned
|rule|Evasion Moves Clause: Evasion moves are banned
|rule|Evasion Abilities Clause: Evasion abilities are banned
|rule|Sleep Moves Clause: Sleep-inducing moves are banned
|clearpoke
|poke|p1|Iron Boulder|
|poke|p1|Skeledirge, F|
|poke|p1|Orthworm, M|
|poke|p1|Breloom, F|
|poke|p1|Milotic, F|
|poke|p1|Zebstrika, F|
|poke|p2|Blissey, F|
|poke|p2|Dondozo, M|
|poke|p2|Gliscor, F|
|poke|p2|Toxapex, M|
|poke|p2|Corviknight, F|
|poke|p2|Clodsire, M|
|teampreview
|
|t:|1758994173
|teamsize|p1|6
|teamsize|p2|6
|start
|switch|p1a: Milotic|Milotic, F|100/100
|switch|p2a: Toxic :)|Toxapex, M, shiny|100/100
|turn|1
|inactive|Battle timer is ON: inactive players will automatically lose when time's up. (requested by gigapoophater)
|
|t:|1758994181
|switch|p1a: Orthworm|Orthworm, M|100/100
|move|p2a: Toxic :)|Toxic Spikes|p1a: Orthworm
|-sidestart|p1: gigapoophater|move: Toxic Spikes
|
|upkeep
|turn|2
|
|t:|1758994196
|move|p2a: Toxic :)|Baneful Bunker|p2a: Toxic :)
|-singleturn|p2a: Toxic :)|move: Protect
|move|p1a: Orthworm|Coil|p1a: Orthworm
|-boost|p1a: Orthworm|atk|1
|-boost|p1a: Orthworm|def|1
|-boost|p1a: Orthworm|accuracy|1
|
|upkeep
|turn|3
|
|t:|1758994208
|switch|p2a: A BIG Whale|Dondozo, M, shiny|100/100
|move|p1a: Orthworm|Coil|p1a: Orthworm
|-boost|p1a: Orthworm|atk|1
|-boost|p1a: Orthworm|def|1
|-boost|p1a: Orthworm|accuracy|1
|
|upkeep
|turn|4
|
|t:|1758994212
|move|p1a: Orthworm|Body Press|p2a: A BIG Whale
|-damage|p2a: A BIG Whale|87/100
|move|p2a: A BIG Whale|Curse|p2a: A BIG Whale
|-unboost|p2a: A BIG Whale|spe|1
|-boost|p2a: A BIG Whale|atk|1
|-boost|p2a: A BIG Whale|def|1
|
|upkeep
|turn|5
|
|t:|1758994221
|move|p1a: Orthworm|Rock Slide|p2a: A BIG Whale
|-damage|p2a: A BIG Whale|83/100
|move|p2a: A BIG Whale|Curse|p2a: A BIG Whale
|-unboost|p2a: A BIG Whale|spe|1
|-boost|p2a: A BIG Whale|atk|1
|-boost|p2a: A BIG Whale|def|1
|
|upkeep
|turn|6
|
|t:|1758994231
|move|p1a: Orthworm|Body Press|p2a: A BIG Whale
|-damage|p2a: A BIG Whale|75/100
|move|p2a: A BIG Whale|Curse|p2a: A BIG Whale
|-unboost|p2a: A BIG Whale|spe|1
|-boost|p2a: A BIG Whale|atk|1
|-boost|p2a: A BIG Whale|def|1
|
|upkeep
|turn|7
|
|t:|1758994236
|move|p1a: Orthworm|Body Press|p2a: A BIG Whale
|-damage|p2a: A BIG Whale|70/100
|move|p2a: A BIG Whale|Waterfall|p1a: Orthworm
|-damage|p1a: Orthworm|62/100
|-damage|p2a: A BIG Whale|53/100|[from] item: Rocky Helmet|[of] p1a: Orthworm
|
|upkeep
|turn|8
|
|t:|1758994240
|move|p1a: Orthworm|Body Press|p2a: A BIG Whale
|-damage|p2a: A BIG Whale|47/100
|move|p2a: A BIG Whale|Curse|p2a: A BIG Whale
|-unboost|p2a: A BIG Whale|spe|1
|-boost|p2a: A BIG Whale|atk|1
|-boost|p2a: A BIG Whale|def|1
|
|upkeep
|turn|9
|
|t:|1758994245
|move|p1a: Orthworm|Body Press|p2a: A BIG Whale
|-damage|p2a: A BIG Whale|42/100
|move|p2a: A BIG Whale|Curse|p2a: A BIG Whale
|-unboost|p2a: A BIG Whale|spe|1
|-boost|p2a: A BIG Whale|atk|1
|-boost|p2a: A BIG Whale|def|1
|
|upkeep
|turn|10
|
|t:|1758994250
|move|p1a: Orthworm|Body Press|p2a: A BIG Whale
|-damage|p2a: A BIG Whale|37/100
|move|p2a: A BIG Whale|Rest|p2a: A BIG Whale
|-status|p2a: A BIG Whale|slp|[from] move: Rest
|-heal|p2a: A BIG Whale|100/100 slp|[silent]
|
|upkeep
|turn|11
|
|t:|1758994264
|switch|p1a: Skeledirge|Skeledirge, F|100/100
|-status|p1a: Skeledirge|psn
|cant|p2a: A BIG Whale|slp
|move|p2a: A BIG Whale|Sleep Talk|p2a: A BIG Whale
|move|p2a: A BIG Whale|Rest||[from] move: Sleep Talk|[still]
|-fail|p2a: A BIG Whale
|
|-damage|p1a: Skeledirge|88/100 psn|[from] psn
|upkeep
|turn|12
|
|t:|1758994273
|move|p1a: Skeledirge|Shadow Ball|p2a: A BIG Whale
|-damage|p2a: A BIG Whale|66/100 slp
|cant|p2a: A BIG Whale|slp
|move|p2a: A BIG Whale|Sleep Talk|p2a: A BIG Whale
|move|p2a: A BIG Whale|Waterfall|p1a: Skeledirge|[from] move: Sleep Talk
|-supereffective|p1a: Skeledirge
|-damage|p1a: Skeledirge|37/100 psn
|
|-damage|p1a: Skeledirge|24/100 psn|[from] psn
|upkeep
|turn|13
|
|t:|1758994277
|move|p1a: Skeledirge|Shadow Ball|p2a: A BIG Whale
|-damage|p2a: A BIG Whale|28/100 slp
|-curestatus|p2a: A BIG Whale|slp|[msg]
|move|p2a: A BIG Whale|Waterfall|p1a: Skeledirge
|-supereffective|p1a: Skeledirge
|-damage|p1a: Skeledirge|0 fnt
|faint|p1a: Skeledirge
|
|upkeep
|
|t:|1758994288
|switch|p1a: Milotic|Milotic, F|100/100
|-status|p1a: Milotic|psn
|turn|14
|
|t:|1758994295
|-terastallize|p1a: Milotic|Fairy
|move|p1a: Milotic|Draining Kiss|p2a: A BIG Whale
|-damage|p2a: A BIG Whale|0 fnt
|faint|p2a: A BIG Whale
|
|-damage|p1a: Milotic|88/100 psn|[from] psn
|upkeep
|
|t:|1758994307
|switch|p2a: Toxic :)|Toxapex, M, shiny|100/100
|turn|15
|
|t:|1758994315
|switch|p1a: Orthworm|Orthworm, M|62/100
|move|p2a: Toxic :)|Toxic Spikes|p1a: Orthworm
|-sidestart|p1: gigapoophater|move: Toxic Spikes
|
|upkeep
|turn|16
|
|t:|1758994327
|switch|p2a: Stall Dracula|Gliscor, F|100/100
|move|p1a: Orthworm|Coil|p1a: Orthworm
|-boost|p1a: Orthworm|atk|1
|-boost|p1a: Orthworm|def|1
|-boost|p1a: Orthworm|accuracy|1
|
|-status|p2a: Stall Dracula|tox|[from] item: Toxic Orb
|upkeep
|turn|17
|
|t:|1758994332
|move|p2a: Stall Dracula|Knock Off|p1a: Orthworm
|-damage|p1a: Orthworm|54/100
|-damage|p2a: Stall Dracula|84/100 tox|[from] item: Rocky Helmet|[of] p1a: Orthworm
|-enditem|p1a: Orthworm|Rocky Helmet|[from] move: Knock Off|[of] p2a: Stall Dracula
|move|p1a: Orthworm|Coil|p1a: Orthworm
|-boost|p1a: Orthworm|atk|1
|-boost|p1a: Orthworm|def|1
|-boost|p1a: Orthworm|accuracy|1
|
|-heal|p2a: Stall Dracula|97/100 tox|[from] ability: Poison Heal
|upkeep
|turn|18
|
|t:|1758994341
|move|p2a: Stall Dracula|Swords Dance|p2a: Stall Dracula
|-boost|p2a: Stall Dracula|atk|2
|move|p1a: Orthworm|Coil|p1a: Orthworm
|-boost|p1a: Orthworm|atk|1
|-boost|p1a: Orthworm|def|1
|-boost|p1a: Orthworm|accuracy|1
|
|-heal|p2a: Stall Dracula|100/100 tox|[from] ability: Poison Heal
|upkeep
|turn|19
|
|t:|1758994345
|move|p2a: Stall Dracula|Swords Dance|p2a: Stall Dracula
|-boost|p2a: Stall Dracula|atk|2
|move|p1a: Orthworm|Coil|p1a: Orthworm
|-boost|p1a: Orthworm|atk|1
|-boost|p1a: Orthworm|def|1
|-boost|p1a: Orthworm|accuracy|1
|
|upkeep
|turn|20
|
|t:|1758994350
|move|p2a: Stall Dracula|Swords Dance|p2a: Stall Dracula
|-boost|p2a: Stall Dracula|atk|2
|move|p1a: Orthworm|Coil|p1a: Orthworm
|-boost|p1a: Orthworm|atk|1
|-boost|p1a: Orthworm|def|1
|-boost|p1a: Orthworm|accuracy|1
|
|upkeep
|turn|21
|
|t:|1758994360
|-terastallize|p2a: Stall Dracula|Ghost
|move|p2a: Stall Dracula|Knock Off|p1a: Orthworm
|-damage|p1a: Orthworm|45/100
|move|p1a: Orthworm|Coil|p1a: Orthworm
|-boost|p1a: Orthworm|atk|1
|-boost|p1a: Orthworm|def|1
|-boost|p1a: Orthworm|accuracy|1
|
|upkeep
|turn|22
|
|t:|1758994371
|move|p2a: Stall Dracula|Knock Off|p1a: Orthworm
|-damage|p1a: Orthworm|37/100
|move|p1a: Orthworm|Iron Tail|p2a: Stall Dracula
|-damage|p2a: Stall Dracula|30/100 tox
|
|-heal|p2a: Stall Dracula|43/100 tox|[from] ability: Poison Heal
|upkeep
|turn|23
|
|t:|1758994380
|move|p2a: Stall Dracula|Knock Off|p1a: Orthworm
|-damage|p1a: Orthworm|28/100
|move|p1a: Orthworm|Iron Tail|p2a: Stall Dracula
|-damage|p2a: Stall Dracula|0 fnt
|faint|p2a: Stall Dracula
|
|upkeep
|
|t:|1758994388
|switch|p2a: Best Paldean form|Clodsire, M|100/100
|turn|24
|
|t:|1758994400
|move|p1a: Orthworm|Iron Tail|p2a: Best Paldean form
|-damage|p2a: Best Paldean form|67/100
|move|p2a: Best Paldean form|Spikes|p1a: Orthworm
|-sidestart|p1: gigapoophater|Spikes
|
|upkeep
|turn|25
|
|t:|1758994412
|move|p1a: Orthworm|Iron Tail|p2a: Best Paldean form
|-damage|p2a: Best Paldean form|35/100
|-unboost|p2a: Best Paldean form|def|1
|move|p2a: Best Paldean form|Spikes|p1a: Orthworm
|-sidestart|p1: gigapoophater|Spikes
|
|upkeep
|turn|26
|
|t:|1758994422
|move|p1a: Orthworm|Iron Tail|p2a: Best Paldean form
|-damage|p2a: Best Paldean form|0 fnt
|faint|p2a: Best Paldean form
|
|upkeep
|
|t:|1758994427
|switch|p2a: Armored Bird|Corviknight, F, shiny|100/100
|-ability|p2a: Armored Bird|Pressure
|turn|27
|
|t:|1758994431
|move|p2a: Armored Bird|Body Press|p1a: Orthworm
|-supereffective|p1a: Orthworm
|-damage|p1a: Orthworm|20/100
|move|p1a: Orthworm|Body Press|p2a: Armored Bird
|-damage|p2a: Armored Bird|22/100
|
|-heal|p2a: Armored Bird|29/100|[from] item: Leftovers
|upkeep
|turn|28
|
|t:|1758994441
|move|p2a: Armored Bird|Body Press|p1a: Orthworm
|-supereffective|p1a: Orthworm
|-damage|p1a: Orthworm|12/100
|move|p1a: Orthworm|Body Press|p2a: Armored Bird
|-damage|p2a: Armored Bird|0 fnt
|faint|p2a: Armored Bird
|
|upkeep
|
|t:|1758994445
|switch|p2a: Forgive me|Blissey, F, shiny|100/100
|turn|29
|
|t:|1758994448
|move|p1a: Orthworm|Body Press|p2a: Forgive me
|-supereffective|p2a: Forgive me
|-damage|p2a: Forgive me|0 fnt
|faint|p2a: Forgive me
|
|upkeep
|
|t:|1758994451
|switch|p2a: Toxic :)|Toxapex, M, shiny|100/100
|turn|30
|
|t:|1758994455
|move|p1a: Orthworm|Iron Tail|p2a: Toxic :)
|-resisted|p2a: Toxic :)
|-damage|p2a: Toxic :)|65/100
|move|p2a: Toxic :)|Poison Jab|p1a: Orthworm
|-immune|p1a: Orthworm
|
|upkeep
|turn|31
|-message|xrceus forfeited.
|
|win|gigapoophater
|raw|gigapoophater's rating: 1208 &rarr; <strong>1234</strong><br />(+26 for winning)
|raw|xrceus's rating: 1224 &rarr; <strong>1198</strong><br />(-26 for losing)
|l|☆xrceus
|player|p2|
