|j|☆AURAGUARDIANZZZ
|j|☆mewsiamang
|t:|1758996317
|gametype|singles
|player|p1|AURAGUARDIANZZZ|hoopster|1145
|player|p2|mewsiamang|170|1132
|gen|9
|tier|[Gen 9] OU
|rated|
|rule|HP Percentage Mod: HP is shown in percentages
|rule|Endless Battle Clause: Forcing endless battles is banned
|rule|Species Clause: Limit one of each Pokémon
|rule|OHKO Clause: OHKO moves are banned
|rule|Evasion Items Clause: Evasion items are banned
|rule|Evasion Moves Clause: Evasion moves are banned
|rule|Evasion Abilities Clause: Evasion abilities are banned
|rule|Sleep Moves Clause: Sleep-inducing moves are banned
|clearpoke
|poke|p1|Lucario, M|
|poke|p1|Garchomp, F|
|poke|p1|Ribombee, M|
|poke|p1|Great Tusk|
|poke|p1|Torterra, F|
|poke|p1|Rotom-Wash|
|poke|p2|Tyranitar, F|
|poke|p2|Moltres|
|poke|p2|Araquanid, M|
|poke|p2|Garchomp, M|
|poke|p2|Lycanroc, M|
|poke|p2|Noivern, F|
|teampreview
|
|t:|1758996323
|teamsize|p1|6
|teamsize|p2|6
|start
|switch|p1a: Torterra|Torterra, F|100/100
|switch|p2a: Araquanid|Araquanid, M|100/100
|turn|1
|
|t:|1758996341
|move|p1a: Torterra|Shell Smash|p1a: Torterra
|-unboost|p1a: Torterra|def|1
|-unboost|p1a: Torterra|spd|1
|-boost|p1a: Torterra|atk|2
|-boost|p1a: Torterra|spa|2
|-boost|p1a: Torterra|spe|2
|move|p2a: Araquanid|Surf|p1a: Torterra
|-damage|p1a: Torterra|9/100
|
|upkeep
|turn|2
|
|t:|1758996366
|-terastallize|p1a: Torterra|Rock
|move|p2a: Araquanid|Endure|p2a: Araquanid
|-singleturn|p2a: Araquanid|move: Endure
|move|p1a: Torterra|Rock Blast|p2a: Araquanid
|-supereffective|p2a: Araquanid
|-crit|p2a: Araquanid
|-damage|p2a: Araquanid|36/100
|-supereffective|p2a: Araquanid
|-activate|p2a: Araquanid|move: Endure
|-damage|p2a: Araquanid|1/100
|-supereffective|p2a: Araquanid
|-activate|p2a: Araquanid|move: Endure
|-damage|p2a: Araquanid|1/100
|-supereffective|p2a: Araquanid
|-activate|p2a: Araquanid|move: Endure
|-damage|p2a: Araquanid|1/100
|-supereffective|p2a: Araquanid
|-activate|p2a: Araquanid|move: Endure
|-damage|p2a: Araquanid|1/100
|-hitcount|p2a: Araquanid|5
|
|upkeep
|turn|3
|-enditem|p2a: Araquanid|Custap Berry|[eat]
|-activate|p2a: Araquanid|item: Custap Berry|[consumed]
|
|t:|1758996375
|move|p2a: Araquanid|Sticky Web|p1a: Torterra
|-sidestart|p1: AURAGUARDIANZZZ|move: Sticky Web
|move|p1a: Torterra|Rock Blast|p2a: Araquanid|[miss]
|-miss|p1a: Torterra|p2a: Araquanid
|
|upkeep
|turn|4
|
|t:|1758996384
|move|p1a: Torterra|Earthquake|p2a: Araquanid
|-resisted|p2a: Araquanid
|-damage|p2a: Araquanid|0 fnt
|faint|p2a: Araquanid
|
|upkeep
|
|t:|1758996408
|switch|p2a: Garchomp|Garchomp, M|100/100
|turn|5
|
|t:|1758996431
|move|p1a: Torterra|Bullet Seed|p2a: Garchomp
|-damage|p2a: Garchomp|66/100
|-damage|p2a: Garchomp|35/100
|-damage|p2a: Garchomp|3/100
|-damage|p2a: Garchomp|0 fnt
|faint|p2a: Garchomp
|-hitcount|p2: Garchomp|4
|
|upkeep
|
|t:|1758996436
|switch|p2a: Lycanroc|Lycanroc, M|100/100
|turn|6
|
|t:|1758996441
|-terastallize|p2a: Lycanroc|Rock
|move|p2a: Lycanroc|Accelerock|p1a: Torterra
|-damage|p1a: Torterra|0 fnt
|faint|p1a: Torterra
|-damage|p2a: Lycanroc|91/100|[from] item: Life Orb
|
|upkeep
|
|t:|1758996446
|switch|p1a: Rotom|Rotom-Wash|100/100
|turn|7
|
|t:|1758996456
|switch|p2a: Tyranitar|Tyranitar, F|100/100
|-weather|Sandstorm|[from] ability: Sand Stream|[of] p2a: Tyranitar
|move|p1a: Rotom|Hydro Pump|p2a: Tyranitar
|-supereffective|p2a: Tyranitar
|-damage|p2a: Tyranitar|41/100
|
|-weather|Sandstorm|[upkeep]
|-damage|p1a: Rotom|94/100|[from] Sandstorm
|upkeep
|turn|8
|-message|AURAGUARDIANZZZ forfeited.
|
|win|mewsiamang
|raw|AURAGUARDIANZZZ's rating: 1145 &rarr; <strong>1119</strong><br />(-26 for losing)
|raw|mewsiamang's rating: 1132 &rarr; <strong>1158</strong><br />(+26 for winning)
|l|☆AURAGUARDIANZZZ
|player|p1|
|l|☆mewsiamang
|player|p2|
