|j|☆nolemretew
|j|☆pizally
|t:|1759050081
|gametype|singles
|player|p1|nolemretew|steven|1111
|player|p2|pizally|170|1093
|gen|9
|tier|[Gen 9] OU
|rated|
|rule|HP Percentage Mod: HP is shown in percentages
|rule|Endless Battle Clause: Forcing endless battles is banned
|rule|Species Clause: Limit one of each Pokémon
|rule|OHKO Clause: OHKO moves are banned
|rule|Evasion Items Clause: Evasion items are banned
|rule|Evasion Moves Clause: Evasion moves are banned
|rule|Evasion Abilities Clause: Evasion abilities are banned
|rule|Sleep Moves Clause: Sleep-inducing moves are banned
|clearpoke
|poke|p1|Charizard, M|
|poke|p1|Torkoal, F|
|poke|p1|Walking Wake|
|poke|p1|Hatterene, F|
|poke|p1|Great Tusk|
|poke|p1|Lilligant-Hisui, F|
|poke|p2|Pelipper, F|
|poke|p2|Walking Wake|
|poke|p2|Glimmora, M|
|poke|p2|Espeon, F|
|poke|p2|Heatran, F|
|poke|p2|Rotom|
|teampreview
|
|t:|1759050088
|teamsize|p1|6
|teamsize|p2|6
|start
|switch|p1a: Walking Wake|Walking Wake|100/100
|switch|p2a: Glimmora|Glimmora, M, shiny|100/100
|turn|1
|
|t:|1759050095
|-terastallize|p2a: Glimmora|Grass
|move|p1a: Walking Wake|Hydro Steam|p2a: Glimmora
|-resisted|p2a: Glimmora
|-damage|p2a: Glimmora|68/100
|move|p2a: Glimmora|Reflect|p2a: Glimmora
|-sidestart|p2: pizally|Reflect
|
|upkeep
|turn|2
|inactive|Battle timer is ON: inactive players will automatically lose when time's up. (requested by pizally)
|
|t:|1759050111
|-end|p1a: Walking Wake|Protosynthesis|[silent]
|switch|p1a: Hatterene|Hatterene, F|100/100
|move|p2a: Glimmora|Light Screen|p2a: Glimmora
|-sidestart|p2: pizally|move: Light Screen
|
|upkeep
|turn|3
|
|t:|1759050133
|switch|p2a: Espeon|Espeon, F, shiny|100/100
|switch|p1a: Great Tusk|Great Tusk|100/100
|
|upkeep
|turn|4
|
|t:|1759050145
|-end|p1a: Great Tusk|Protosynthesis|[silent]
|switch|p1a: Torkoal|Torkoal, F|100/100
|-weather|SunnyDay|[from] ability: Drought|[of] p1a: Torkoal
|move|p2a: Espeon|Future Sight|p1a: Torkoal
|-start|p2a: Espeon|move: Future Sight
|
|-weather|SunnyDay|[upkeep]
|upkeep
|turn|5
|
|t:|1759050156
|switch|p1a: Hatterene|Hatterene, F|100/100
|move|p2a: Espeon|Expanding Force|p1a: Hatterene
|-resisted|p1a: Hatterene
|-damage|p1a: Hatterene|84/100
|-enditem|p1a: Hatterene|Eject Button
|
|t:|1759050164
|switch|p1a: Charizard|Charizard, M|100/100
|
|-weather|SunnyDay|[upkeep]
|-damage|p1a: Charizard|88/100|[from] ability: Solar Power|[of] p1a: Charizard
|upkeep
|turn|6
|
|t:|1759050180
|move|p2a: Espeon|Expanding Force|p1a: Charizard
|-damage|p1a: Charizard|42/100
|move|p1a: Charizard|Overheat|p2a: Espeon
|-damage|p2a: Espeon|0 fnt
|-unboost|p1a: Charizard|spa|2
|faint|p2a: Espeon
|
|-weather|SunnyDay|[upkeep]
|-damage|p1a: Charizard|30/100|[from] ability: Solar Power|[of] p1a: Charizard
|-end|p1a: Charizard|move: Future Sight
|-damage|p1a: Charizard|0 fnt
|faint|p1a: Charizard
|upkeep
|
|t:|1759050196
|switch|p2a: Glimmora|Glimmora, M, shiny, tera:Grass|68/100
|switch|p1a: Walking Wake|Walking Wake|100/100
|-activate|p1a: Walking Wake|ability: Protosynthesis
|-start|p1a: Walking Wake|protosynthesisspe
|turn|7
|
|t:|1759050209
|move|p1a: Walking Wake|Flamethrower|p2a: Glimmora
|-supereffective|p2a: Glimmora
|-damage|p2a: Glimmora|0 fnt
|faint|p2a: Glimmora
|
|-weather|SunnyDay|[upkeep]
|upkeep
|
|t:|1759050216
|switch|p2a: Rotom|Rotom, shiny|100/100
|turn|8
|
|t:|1759050222
|-end|p1a: Walking Wake|Protosynthesis|[silent]
|switch|p1a: Torkoal|Torkoal, F|100/100
|move|p2a: Rotom|Thunderbolt|p1a: Torkoal
|-damage|p1a: Torkoal|67/100
|
|-weather|SunnyDay|[upkeep]
|-sideend|p2: pizally|Reflect
|upkeep
|turn|9
|
|t:|1759050232
|switch|p2a: Pelipper|Pelipper, F, shiny|100/100
|-weather|RainDance|[from] ability: Drizzle|[of] p2a: Pelipper
|move|p1a: Torkoal|Will-O-Wisp|p2a: Pelipper
|-status|p2a: Pelipper|brn
|
|-weather|RainDance|[upkeep]
|-damage|p2a: Pelipper|94/100 brn|[from] brn
|-sideend|p2: pizally|move: Light Screen
|upkeep
|turn|10
|
|t:|1759050257
|switch|p1a: Hatterene|Hatterene, F|84/100
|move|p2a: Pelipper|Weather Ball|p1a: Hatterene
|-damage|p1a: Hatterene|39/100
|
|-weather|RainDance|[upkeep]
|-heal|p2a: Pelipper|100/100 brn|[from] item: Leftovers
|-damage|p2a: Pelipper|94/100 brn|[from] brn
|upkeep
|turn|11
|
|t:|1759050271
|switch|p1a: Torkoal|Torkoal, F|67/100
|-weather|SunnyDay|[from] ability: Drought|[of] p1a: Torkoal
|move|p2a: Pelipper|Weather Ball|p1a: Torkoal
|-resisted|p1a: Torkoal
|-damage|p1a: Torkoal|51/100
|
|-weather|SunnyDay|[upkeep]
|-heal|p2a: Pelipper|100/100 brn|[from] item: Leftovers
|-damage|p2a: Pelipper|94/100 brn|[from] brn
|upkeep
|turn|12
|
|t:|1759050281
|switch|p1a: Great Tusk|Great Tusk|100/100
|-activate|p1a: Great Tusk|ability: Protosynthesis
|-start|p1a: Great Tusk|protosynthesisatk
|move|p2a: Pelipper|Roost|p2a: Pelipper
|-heal|p2a: Pelipper|100/100 brn
|-singleturn|p2a: Pelipper|move: Roost
|
|-weather|SunnyDay|[upkeep]
|-damage|p2a: Pelipper|94/100 brn|[from] brn
|upkeep
|turn|13
|
|t:|1759050293
|move|p1a: Great Tusk|Rapid Spin|p2a: Pelipper
|-damage|p2a: Pelipper|79/100 brn
|-boost|p1a: Great Tusk|spe|1
|move|p2a: Pelipper|Air Slash|p1a: Great Tusk
|-supereffective|p1a: Great Tusk
|-damage|p1a: Great Tusk|29/100
|
|-weather|SunnyDay|[upkeep]
|-heal|p2a: Pelipper|85/100 brn|[from] item: Leftovers
|-damage|p2a: Pelipper|79/100 brn|[from] brn
|upkeep
|turn|14
|inactive|pizally has 120 seconds left.
|
|t:|1759050324
|move|p1a: Great Tusk|Close Combat|p2a: Pelipper
|-resisted|p2a: Pelipper
|-damage|p2a: Pelipper|52/100 brn
|-unboost|p1a: Great Tusk|def|1
|-unboost|p1a: Great Tusk|spd|1
|-enditem|p1a: Great Tusk|Eject Pack
|
|t:|1759050332
|-end|p1a: Great Tusk|Protosynthesis|[silent]
|switch|p1a: Hatterene|Hatterene, F|39/100
|move|p2a: Pelipper|Air Slash|p1a: Hatterene
|-damage|p1a: Hatterene|17/100
|
|-weather|SunnyDay|[upkeep]
|-heal|p2a: Pelipper|58/100 brn|[from] item: Leftovers
|-damage|p2a: Pelipper|52/100 brn|[from] brn
|upkeep
|turn|15
|
|t:|1759050341
|move|p2a: Pelipper|U-turn|p1a: Hatterene
|-damage|p1a: Hatterene|13/100
|
|t:|1759050348
|switch|p2a: Heatran|Heatran, F, shiny|100/100|[from] U-turn
|move|p1a: Hatterene|Healing Wish|p1a: Hatterene
|faint|p1a: Hatterene
|
|-weather|SunnyDay|[upkeep]
|upkeep
|
|t:|1759050351
|switch|p1a: Walking Wake|Walking Wake|100/100
|-activate|p1a: Walking Wake|ability: Protosynthesis
|-start|p1a: Walking Wake|protosynthesisspe
|turn|16
|
|t:|1759050369
|switch|p2a: Rotom|Rotom, shiny|100/100
|move|p1a: Walking Wake|Hydro Steam|p2a: Rotom
|-damage|p2a: Rotom|0 fnt
|faint|p2a: Rotom
|
|-weather|SunnyDay|[upkeep]
|upkeep
|
|t:|1759050379
|switch|p2a: Pelipper|Pelipper, F, shiny|52/100 brn
|-weather|RainDance|[from] ability: Drizzle|[of] p2a: Pelipper
|-end|p1a: Walking Wake|Protosynthesis
|turn|17
|
|t:|1759050385
|move|p1a: Walking Wake|Hydro Steam|p2a: Pelipper
|-resisted|p2a: Pelipper
|-damage|p2a: Pelipper|0 fnt
|faint|p2a: Pelipper
|
|-weather|RainDance|[upkeep]
|upkeep
|-message|pizally forfeited.
|
|win|nolemretew
|raw|nolemretew's rating: 1111 &rarr; <strong>1135</strong><br />(+24 for winning)
|raw|pizally's rating: 1093 &rarr; <strong>1070</strong><br />(-23 for losing)
|l|☆pizally
|player|p2|
|l|☆nolemretew
|player|p1|
