|badge|p1|bronze|gen9ou|100-6
|html|<div class="broadcast-red"><strong>This battle is required to be public due to one or more player having a season medal.</strong><br />During the public phase, you can discuss the state of the ladder <a href="/seasondiscussion">in a special chatroom.</a></div>
|uhtml|medal-msg|<div class="broadcast-blue">Curious what those medals under the avatar are? PS now has Ladder Seasons! For more information, check out the <a href="https://www.smogon.com/forums/threads/3740067/">thread on Smogon.</a></div>
|raw|<div class="broadcast-blue"><strong>This battle is required to be public due to a player having a name starting with 'medal'.</div>
|j|☆LK Ka’ena 21
|j|☆jamel1
|t:|1759066159
|gametype|singles
|player|p1|LK Ka’ena 21|clerkf|1833
|player|p2|jamel1|102|1789
|gen|9
|tier|[Gen 9] OU
|rated|
|rule|HP Percentage Mod: HP is shown in percentages
|rule|Endless Battle Clause: Forcing endless battles is banned
|rule|Species Clause: Limit one of each Pokémon
|rule|OHKO Clause: OHKO moves are banned
|rule|Evasion Items Clause: Evasion items are banned
|rule|Evasion Moves Clause: Evasion moves are banned
|rule|Evasion Abilities Clause: Evasion abilities are banned
|rule|Sleep Moves Clause: Sleep-inducing moves are banned
|clearpoke
|poke|p1|Diancie|
|poke|p1|Samurott-Hisui, F|
|poke|p1|Mimikyu, M|
|poke|p1|Ninetales-Alola, M|
|poke|p1|Hatterene, F|
|poke|p1|Kingambit, M|
|poke|p2|Gyarados, F|
|poke|p2|Maushold|
|poke|p2|Deoxys-Defense|
|poke|p2|Sandaconda, M|
|poke|p2|Serperior, F|
|poke|p2|Kommo-o, F|
|teampreview
|inactive|Battle timer is ON: inactive players will automatically lose when time's up. (requested by LK Ka’ena 21)
|
|t:|1759066170
|teamsize|p1|6
|teamsize|p2|6
|start
|switch|p1a: The Samurott|Samurott-Hisui, F, shiny|100/100
|switch|p2a: Sandaconda|Sandaconda, M|100/100
|turn|1
|
|t:|1759066179
|move|p1a: The Samurott|Ceaseless Edge|p2a: Sandaconda|[miss]
|-miss|p1a: The Samurott|p2a: Sandaconda
|move|p2a: Sandaconda|Glare|p1a: The Samurott
|-status|p1a: The Samurott|par
|
|upkeep
|turn|2
|j| Ctannn
|
|t:|1759066182
|move|p2a: Sandaconda|Earthquake|p1a: The Samurott
|-crit|p1a: The Samurott
|-damage|p1a: The Samurott|18/100 par
|move|p1a: The Samurott|Ceaseless Edge|p2a: Sandaconda
|-damage|p2a: Sandaconda|59/100
|-sidestart|p2: jamel1|Spikes
|
|upkeep
|turn|3
|j| Sirpeanutcronch
|
|t:|1759066186
|move|p2a: Sandaconda|Stealth Rock|p1a: The Samurott
|-sidestart|p1: LK Ka’ena 21|move: Stealth Rock
|cant|p1a: The Samurott|par
|
|upkeep
|turn|4
|
|t:|1759066189
|move|p2a: Sandaconda|Earthquake|p1a: The Samurott
|-damage|p1a: The Samurott|0 fnt
|faint|p1a: The Samurott
|
|upkeep
|
|t:|1759066200
|switch|p1a: The A9|Ninetales-Alola, M|100/100
|-damage|p1a: The A9|76/100|[from] Stealth Rock
|-weather|Snowscape|[from] ability: Snow Warning|[of] p1a: The A9
|turn|5
|
|t:|1759066207
|move|p1a: The A9|Aurora Veil|p1a: The A9
|-sidestart|p1: LK Ka’ena 21|move: Aurora Veil
|move|p2a: Sandaconda|Glare|p1a: The A9
|-status|p1a: The A9|par
|
|-weather|Snowscape|[upkeep]
|upkeep
|turn|6
|j| amefurikoneko
|
|t:|1759066210
|move|p2a: Sandaconda|Iron Head|p1a: The A9
|-supereffective|p1a: The A9
|-damage|p1a: The A9|25/100 par
|cant|p1a: The A9|flinch
|
|-weather|Snowscape|[upkeep]
|upkeep
|turn|7
|
|t:|1759066215
|move|p2a: Sandaconda|Iron Head|p1a: The A9
|-supereffective|p1a: The A9
|-damage|p1a: The A9|0 fnt
|faint|p1a: The A9
|
|-weather|Snowscape|[upkeep]
|upkeep
|
|t:|1759066217
|switch|p1a: The Hatterene|Hatterene, F|100/100
|-damage|p1a: The Hatterene|88/100|[from] Stealth Rock
|turn|8
|
|t:|1759066220
|move|p2a: Sandaconda|Iron Head|p1a: The Hatterene
|-supereffective|p1a: The Hatterene
|-damage|p1a: The Hatterene|69/100
|move|p1a: The Hatterene|Calm Mind|p1a: The Hatterene
|-boost|p1a: The Hatterene|spa|1
|-boost|p1a: The Hatterene|spd|1
|
|-weather|Snowscape|[upkeep]
|-heal|p1a: The Hatterene|75/100|[from] item: Leftovers
|upkeep
|turn|9
|
|t:|1759066225
|move|p2a: Sandaconda|Iron Head|p1a: The Hatterene
|-supereffective|p1a: The Hatterene
|-damage|p1a: The Hatterene|55/100
|move|p1a: The Hatterene|Trick Room|p1a: The Hatterene
|-fieldstart|move: Trick Room|[of] p1a: The Hatterene
|
|-weather|none
|-heal|p1a: The Hatterene|61/100|[from] item: Leftovers
|upkeep
|turn|10
|
|t:|1759066229
|move|p1a: The Hatterene|Draining Kiss|p2a: Sandaconda
|-damage|p2a: Sandaconda|7/100
|-heal|p1a: The Hatterene|97/100|[from] drain|[of] p2a: Sandaconda
|move|p2a: Sandaconda|Iron Head|p1a: The Hatterene
|-supereffective|p1a: The Hatterene
|-crit|p1a: The Hatterene
|-damage|p1a: The Hatterene|32/100
|
|-heal|p1a: The Hatterene|38/100|[from] item: Leftovers
|upkeep
|turn|11
|j| Arnaud senju vgc
|
|t:|1759066241
|move|p1a: The Hatterene|Draining Kiss|p2a: Sandaconda
|-damage|p2a: Sandaconda|0 fnt
|-heal|p1a: The Hatterene|42/100|[from] drain|[of] p2a: Sandaconda
|faint|p2a: Sandaconda
|
|-heal|p1a: The Hatterene|48/100|[from] item: Leftovers
|upkeep
|
|t:|1759066245
|switch|p2a: Maushold|Maushold|100/100
|-damage|p2a: Maushold|88/100|[from] Spikes
|turn|12
|
|t:|1759066248
|move|p1a: The Hatterene|Draining Kiss|p2a: Maushold
|-damage|p2a: Maushold|39/100
|-heal|p1a: The Hatterene|82/100|[from] drain|[of] p2a: Maushold
|move|p2a: Maushold|Tidy Up|p2a: Maushold
|-sideend|p2: jamel1|Spikes
|-sideend|p1: LK Ka’ena 21|Stealth Rock
|-activate|p2a: Maushold|move: Tidy Up
|-boost|p2a: Maushold|atk|1
|-boost|p2a: Maushold|spe|1
|
|-heal|p1a: The Hatterene|88/100|[from] item: Leftovers
|-sideend|p1: LK Ka’ena 21|move: Aurora Veil
|upkeep
|turn|13
|
|t:|1759066255
|move|p1a: The Hatterene|Draining Kiss|p2a: Maushold
|-damage|p2a: Maushold|0 fnt
|-heal|p1a: The Hatterene|100/100|[from] drain|[of] p2a: Maushold
|faint|p2a: Maushold
|
|-fieldend|move: Trick Room
|upkeep
|
|t:|1759066258
|switch|p2a: Serperior|Serperior, F|100/100
|turn|14
|
|t:|1759066264
|move|p2a: Serperior|Light Screen|p2a: Serperior
|-sidestart|p2: jamel1|move: Light Screen
|move|p1a: The Hatterene|Trick Room|p1a: The Hatterene
|-fieldstart|move: Trick Room|[of] p1a: The Hatterene
|
|upkeep
|turn|15
|
|t:|1759066267
|move|p1a: The Hatterene|Calm Mind|p1a: The Hatterene
|-boost|p1a: The Hatterene|spa|1
|-boost|p1a: The Hatterene|spd|1
|move|p2a: Serperior|Leaf Storm|p1a: The Hatterene
|-damage|p1a: The Hatterene|76/100
|-boost|p2a: Serperior|spa|2
|
|-heal|p1a: The Hatterene|82/100|[from] item: Leftovers
|upkeep
|turn|16
|j| ilytrix
|
|t:|1759066274
|move|p1a: The Hatterene|Draining Kiss|p2a: Serperior
|-damage|p2a: Serperior|74/100
|-heal|p1a: The Hatterene|100/100|[from] drain|[of] p2a: Serperior
|move|p2a: Serperior|Leaf Storm|p1a: The Hatterene
|-damage|p1a: The Hatterene|55/100
|-boost|p2a: Serperior|spa|2
|
|-heal|p1a: The Hatterene|61/100|[from] item: Leftovers
|upkeep
|turn|17
|
|t:|1759066280
|move|p1a: The Hatterene|Draining Kiss|p2a: Serperior
|-damage|p2a: Serperior|46/100
|-heal|p1a: The Hatterene|80/100|[from] drain|[of] p2a: Serperior
|move|p2a: Serperior|Leaf Storm|p1a: The Hatterene
|-damage|p1a: The Hatterene|2/100
|-boost|p2a: Serperior|spa|2
|
|-heal|p1a: The Hatterene|8/100|[from] item: Leftovers
|upkeep
|turn|18
|
|t:|1759066288
|move|p1a: The Hatterene|Dark Pulse|p2a: Serperior
|-damage|p2a: Serperior|19/100
|move|p2a: Serperior|Tera Blast|p1a: The Hatterene
|-damage|p1a: The Hatterene|0 fnt
|faint|p1a: The Hatterene
|
|-fieldend|move: Trick Room
|upkeep
|j| R0SSELL
|
|t:|1759066292
|switch|p1a: The Mimikyu|Mimikyu, M, shiny|100/100
|turn|19
|
|t:|1759066294
|move|p1a: The Mimikyu|Shadow Sneak|p2a: Serperior
|-damage|p2a: Serperior|0 fnt
|faint|p2a: Serperior
|
|upkeep
|
|t:|1759066299
|switch|p2a: Gyarados|Gyarados, F|100/100
|turn|20
|
|t:|1759066304
|move|p1a: The Mimikyu|Swords Dance|p1a: The Mimikyu
|-boost|p1a: The Mimikyu|atk|2
|move|p2a: Gyarados|Waterfall|p1a: The Mimikyu
|-activate|p1a: The Mimikyu|ability: Disguise
|-damage|p1a: The Mimikyu|100/100
|detailschange|p1a: The Mimikyu|Mimikyu-Busted, M, shiny
|-damage|p1a: The Mimikyu|88/100|[from] pokemon: Mimikyu-Busted
|-enditem|p1a: The Mimikyu|Red Card|[of] p2a: Gyarados
|drag|p2a: Kommo-o|Kommo-o, F|100/100
|
|upkeep
|turn|21
|
|t:|1759066315
|-terastallize|p2a: Kommo-o|Steel
|move|p1a: The Mimikyu|Play Rough|p2a: Kommo-o
|-resisted|p2a: Kommo-o
|-damage|p2a: Kommo-o|69/100
|move|p2a: Kommo-o|Shadow Claw|p1a: The Mimikyu
|-supereffective|p1a: The Mimikyu
|-damage|p1a: The Mimikyu|19/100
|
|-sideend|p2: jamel1|move: Light Screen
|upkeep
|turn|22
|
|t:|1759066322
|move|p1a: The Mimikyu|Shadow Claw|p2a: Kommo-o
|-damage|p2a: Kommo-o|16/100
|-enditem|p2a: Kommo-o|Salac Berry|[eat]
|-boost|p2a: Kommo-o|spe|1|[from] item: Salac Berry
|move|p2a: Kommo-o|Shadow Claw|p1a: The Mimikyu
|-supereffective|p1a: The Mimikyu
|-damage|p1a: The Mimikyu|0 fnt
|faint|p1a: The Mimikyu
|
|upkeep
|
|t:|1759066327
|switch|p1a: The Diancie|Diancie|100/100
|turn|23
|
|t:|1759066333
|-terastallize|p1a: The Diancie|Fighting
|move|p2a: Kommo-o|Drain Punch|p1a: The Diancie
|-crit|p1a: The Diancie
|-damage|p1a: The Diancie|66/100
|-heal|p2a: Kommo-o|34/100|[from] drain|[of] p1a: The Diancie
|move|p1a: The Diancie|Trick Room|p1a: The Diancie
|-fieldstart|move: Trick Room|[of] p1a: The Diancie
|
|-heal|p1a: The Diancie|72/100|[from] item: Leftovers
|upkeep
|turn|24
|
|t:|1759066342
|move|p1a: The Diancie|Diamond Storm|p2a: Kommo-o
|-resisted|p2a: Kommo-o
|-damage|p2a: Kommo-o|17/100
|move|p2a: Kommo-o|Drain Punch|p1a: The Diancie
|-damage|p1a: The Diancie|49/100
|-heal|p2a: Kommo-o|28/100|[from] drain|[of] p1a: The Diancie
|
|-heal|p1a: The Diancie|55/100|[from] item: Leftovers
|upkeep
|turn|25
|
|t:|1759066352
|move|p1a: The Diancie|Body Press|p2a: Kommo-o
|-supereffective|p2a: Kommo-o
|-damage|p2a: Kommo-o|0 fnt
|faint|p2a: Kommo-o
|
|-heal|p1a: The Diancie|61/100|[from] item: Leftovers
|upkeep
|
|t:|1759066358
|switch|p2a: Deoxys|Deoxys-Defense|100/100
|-ability|p2a: Deoxys|Pressure
|turn|26
|
|t:|1759066362
|move|p1a: The Diancie|Diamond Storm|p2a: Deoxys|[miss]
|-miss|p1a: The Diancie|p2a: Deoxys
|move|p2a: Deoxys|Calm Mind|p2a: Deoxys
|-boost|p2a: Deoxys|spa|1
|-boost|p2a: Deoxys|spd|1
|
|-heal|p1a: The Diancie|67/100|[from] item: Leftovers
|upkeep
|turn|27
|
|t:|1759066365
|move|p1a: The Diancie|Encore|p2a: Deoxys
|-start|p2a: Deoxys|Encore
|move|p2a: Deoxys|Calm Mind|p2a: Deoxys
|-boost|p2a: Deoxys|spa|1
|-boost|p2a: Deoxys|spd|1
|
|-heal|p1a: The Diancie|73/100|[from] item: Leftovers
|-fieldend|move: Trick Room
|upkeep
|turn|28
|
|t:|1759066370
|switch|p2a: Gyarados|Gyarados, F|100/100
|move|p1a: The Diancie|Trick Room|p1a: The Diancie
|-fieldstart|move: Trick Room|[of] p1a: The Diancie
|
|-heal|p1a: The Diancie|79/100|[from] item: Leftovers
|upkeep
|turn|29
|
|t:|1759066374
|switch|p2a: Deoxys|Deoxys-Defense|100/100
|-ability|p2a: Deoxys|Pressure
|move|p1a: The Diancie|Diamond Storm|p2a: Deoxys
|-damage|p2a: Deoxys|81/100
|-enditem|p2a: Deoxys|Kee Berry|[eat]
|-boost|p2a: Deoxys|def|1|[from] item: Kee Berry
|
|-heal|p1a: The Diancie|85/100|[from] item: Leftovers
|upkeep
|turn|30
|
|t:|1759066380
|move|p1a: The Diancie|Diamond Storm|p2a: Deoxys
|-damage|p2a: Deoxys|69/100
|move|p2a: Deoxys|Calm Mind|p2a: Deoxys
|-boost|p2a: Deoxys|spa|1
|-boost|p2a: Deoxys|spd|1
|
|-heal|p1a: The Diancie|91/100|[from] item: Leftovers
|upkeep
|turn|31
|
|t:|1759066383
|move|p1a: The Diancie|Encore|p2a: Deoxys
|-start|p2a: Deoxys|Encore
|move|p2a: Deoxys|Calm Mind|p2a: Deoxys
|-boost|p2a: Deoxys|spa|1
|-boost|p2a: Deoxys|spd|1
|
|-heal|p1a: The Diancie|97/100|[from] item: Leftovers
|upkeep
|turn|32
|
|t:|1759066387
|move|p1a: The Diancie|Diamond Storm|p2a: Deoxys
|-damage|p2a: Deoxys|56/100
|move|p2a: Deoxys|Calm Mind|p2a: Deoxys
|-boost|p2a: Deoxys|spa|1
|-boost|p2a: Deoxys|spd|1
|
|-heal|p1a: The Diancie|100/100|[from] item: Leftovers
|-fieldend|move: Trick Room
|upkeep
|turn|33
|l| Sirpeanutcronch
|
|t:|1759066395
|move|p2a: Deoxys|Calm Mind|p2a: Deoxys
|-boost|p2a: Deoxys|spa|1
|-boost|p2a: Deoxys|spd|1
|move|p1a: The Diancie|Trick Room|p1a: The Diancie
|-fieldstart|move: Trick Room|[of] p1a: The Diancie
|
|-end|p2a: Deoxys|Encore
|upkeep
|turn|34
|
|t:|1759066397
|move|p1a: The Diancie|Encore|p2a: Deoxys
|-start|p2a: Deoxys|Encore
|move|p2a: Deoxys|Calm Mind|p2a: Deoxys
|-boost|p2a: Deoxys|spa|1
|-boost|p2a: Deoxys|spd|1
|
|upkeep
|turn|35
|
|t:|1759066400
|switch|p1a: The Kingambit|Kingambit, M|100/100
|-activate|p1a: The Kingambit|ability: Supreme Overlord
|-start|p1a: The Kingambit|fallen4|[silent]
|move|p2a: Deoxys|Calm Mind|p2a: Deoxys
|-boost|p2a: Deoxys|spa|1
|-boost|p2a: Deoxys|spd|1
|
|upkeep
|turn|36
|
|t:|1759066405
|move|p1a: The Kingambit|Kowtow Cleave|p2a: Deoxys
|-supereffective|p2a: Deoxys
|-damage|p2a: Deoxys|0 fnt
|faint|p2a: Deoxys
|
|upkeep
|
|t:|1759066408
|switch|p2a: Gyarados|Gyarados, F|100/100
|turn|37
|
|t:|1759066410
|move|p1a: The Kingambit|Kowtow Cleave|p2a: Gyarados
|-damage|p2a: Gyarados|17/100
|move|p2a: Gyarados|Earthquake|p1a: The Kingambit
|-supereffective|p1a: The Kingambit
|-crit|p1a: The Kingambit
|-damage|p1a: The Kingambit|28/100
|
|-heal|p2a: Gyarados|23/100|[from] item: Leftovers
|-fieldend|move: Trick Room
|upkeep
|turn|38
|
|t:|1759066418
|move|p2a: Gyarados|Dragon Dance|p2a: Gyarados
|-boost|p2a: Gyarados|atk|1
|-boost|p2a: Gyarados|spe|1
|move|p1a: The Kingambit|Kowtow Cleave|p2a: Gyarados
|-damage|p2a: Gyarados|0 fnt
|faint|p2a: Gyarados
|
|win|LK Ka’ena 21
|raw|LK Ka’ena 21's rating: 1833 &rarr; <strong>1850</strong><br />(+17 for winning)
|raw|jamel1's rating: 1789 &rarr; <strong>1772</strong><br />(-17 for losing)
|l|☆jamel1
|player|p2|
|l| Ctannn
|l| amefurikoneko
|l| R0SSELL
|l| ilytrix
|l|☆LK Ka’ena 21
|player|p1|
