|j|☆maractus' no1 fan
|j|☆BuffMewtwo
|t:|1758949035
|gametype|singles
|player|p1|maractus' no1 fan|1|1310
|player|p2|BuffMewtwo|266|1333
|gen|9
|tier|[Gen 9] OU
|rated|
|rule|HP Percentage Mod: HP is shown in percentages
|rule|Endless Battle Clause: Forcing endless battles is banned
|rule|Species Clause: Limit one of each Pokémon
|rule|OHKO Clause: OHKO moves are banned
|rule|Evasion Items Clause: Evasion items are banned
|rule|Evasion Moves Clause: Evasion moves are banned
|rule|Evasion Abilities Clause: Evasion abilities are banned
|rule|Sleep Moves Clause: Sleep-inducing moves are banned
|clearpoke
|poke|p1|Gliscor, M|
|poke|p1|Iron Valiant|
|poke|p1|Iron Treads|
|poke|p1|Gholdengo|
|poke|p1|Dragapult, M|
|poke|p1|Toxapex, M|
|poke|p2|Indeedee, M|
|poke|p2|Hatterene, F|
|poke|p2|Ursaluna, F|
|poke|p2|Iron Hands|
|poke|p2|Hoopa-Unbound|
|poke|p2|Mimikyu, F|
|teampreview
|inactive|Battle timer is ON: inactive players will automatically lose when time's up. (requested by BuffMewtwo)
|
|t:|1758949059
|teamsize|p1|6
|teamsize|p2|6
|start
|switch|p1a: Gholdengo|Gholdengo|100/100
|switch|p2a: LEBRON!!!|Iron Hands, shiny|100/100
|-item|p1a: Gholdengo|Air Balloon
|turn|1
|
|t:|1758949068
|move|p1a: Gholdengo|Shadow Ball|p2a: LEBRON!!!
|-damage|p2a: LEBRON!!!|67/100
|move|p2a: LEBRON!!!|Supercell Slam|p1a: Gholdengo
|-damage|p1a: Gholdengo|26/100
|-enditem|p1a: Gholdengo|Air Balloon
|
|upkeep
|turn|2
|
|t:|1758949074
|-end|p2a: LEBRON!!!|Quark Drive|[silent]
|switch|p2a: Subaru|Indeedee, M, shiny|100/100
|-fieldstart|move: Psychic Terrain|[from] ability: Psychic Surge|[of] p2a: Subaru
|move|p1a: Gholdengo|Shadow Ball|p2a: Subaru
|-immune|p2a: Subaru
|
|upkeep
|turn|3
|
|t:|1758949080
|switch|p2a: King Von|Hoopa-Unbound|100/100
|-enditem|p2a: King Von|Psychic Seed
|-boost|p2a: King Von|spd|1|[from] item: Psychic Seed
|move|p1a: Gholdengo|Make It Rain|p2a: King Von
|-damage|p2a: King Von|62/100
|-unboost|p1a: Gholdengo|spa|1
|
|upkeep
|turn|4
|
|t:|1758949090
|switch|p1a: Toxapex|Toxapex, M|100/100
|move|p2a: King Von|Trick Room|p2a: King Von
|-fieldstart|move: Trick Room|[of] p2a: King Von
|
|upkeep
|turn|5
|
|t:|1758949108
|-terastallize|p1a: Toxapex|Steel
|move|p1a: Toxapex|Toxic Spikes|p2a: King Von
|-sidestart|p2: BuffMewtwo|move: Toxic Spikes
|move|p2a: King Von|Expanding Force|p1a: Toxapex
|-resisted|p1a: Toxapex
|-damage|p1a: Toxapex|65/100
|-item|p2a: King Von|Rocky Helmet|[from] ability: Magician|[of] p1a: Toxapex
|
|upkeep
|turn|6
|
|t:|1758949118
|move|p1a: Toxapex|Toxic|p2a: King Von
|-status|p2a: King Von|tox
|move|p2a: King Von|Drain Punch|p1a: Toxapex
|-supereffective|p1a: Toxapex
|-damage|p1a: Toxapex|13/100
|-heal|p2a: King Von|89/100 tox|[from] drain|[of] p1a: Toxapex
|
|-damage|p2a: King Von|83/100 tox|[from] psn
|upkeep
|turn|7
|
|t:|1758949127
|move|p1a: Toxapex|Toxic Spikes|p2a: King Von
|-sidestart|p2: BuffMewtwo|move: Toxic Spikes
|move|p2a: King Von|Drain Punch|p1a: Toxapex
|-supereffective|p1a: Toxapex
|-damage|p1a: Toxapex|0 fnt
|-heal|p2a: King Von|89/100 tox|[from] drain|[of] p1a: Toxapex
|faint|p1a: Toxapex
|
|-damage|p2a: King Von|77/100 tox|[from] psn
|upkeep
|
|t:|1758949134
|switch|p1a: Gholdengo|Gholdengo|26/100
|turn|8
|
|t:|1758949140
|move|p2a: King Von|Expanding Force|p1a: Gholdengo
|-resisted|p1a: Gholdengo
|-damage|p1a: Gholdengo|0 fnt
|faint|p1a: Gholdengo
|
|-damage|p2a: King Von|59/100 tox|[from] psn
|-fieldend|move: Trick Room
|upkeep
|
|t:|1758949147
|switch|p1a: Dragapult|Dragapult, M|100/100
|turn|9
|
|t:|1758949154
|switch|p2a: LEBRON!!!|Iron Hands, shiny|67/100
|move|p1a: Dragapult|U-turn|p2a: LEBRON!!!
|-resisted|p2a: LEBRON!!!
|-damage|p2a: LEBRON!!!|61/100
|
|t:|1758949168
|switch|p1a: Gliscor|Gliscor, M|100/100|[from] U-turn
|
|-fieldend|move: Psychic Terrain
|-status|p1a: Gliscor|tox|[from] item: Toxic Orb
|upkeep
|turn|10
|
|t:|1758949177
|move|p1a: Gliscor|Toxic|p2a: LEBRON!!!
|-status|p2a: LEBRON!!!|tox
|move|p2a: LEBRON!!!|Ice Punch|p1a: Gliscor
|-supereffective|p1a: Gliscor
|-damage|p1a: Gliscor|21/100 tox
|
|-heal|p1a: Gliscor|33/100 tox|[from] ability: Poison Heal
|-damage|p2a: LEBRON!!!|54/100 tox|[from] psn
|upkeep
|turn|11
|
|t:|1758949185
|-end|p2a: LEBRON!!!|Quark Drive|[silent]
|switch|p2a: 5 Nights in TR|Ursaluna, F, shiny|100/100
|-status|p2a: 5 Nights in TR|tox
|move|p1a: Gliscor|Protect||[still]
|-fail|p1a: Gliscor
|
|-heal|p1a: Gliscor|46/100 tox|[from] ability: Poison Heal
|-damage|p2a: 5 Nights in TR|94/100 tox|[from] psn
|upkeep
|turn|12
|
|t:|1758949193
|move|p1a: Gliscor|Spikes|p2a: 5 Nights in TR
|-sidestart|p2: BuffMewtwo|Spikes
|move|p2a: 5 Nights in TR|Ice Punch|p1a: Gliscor
|-supereffective|p1a: Gliscor
|-damage|p1a: Gliscor|0 fnt
|faint|p1a: Gliscor
|
|-damage|p2a: 5 Nights in TR|82/100 tox|[from] psn
|upkeep
|
|t:|1758949205
|switch|p1a: Dragapult|Dragapult, M|100/100
|turn|13
|
|t:|1758949214
|switch|p2a: King Von|Hoopa-Unbound|59/100 tox
|-damage|p2a: King Von|47/100 tox|[from] Spikes
|move|p1a: Dragapult|Draco Meteor|p2a: King Von
|-damage|p2a: King Von|0 fnt
|-unboost|p1a: Dragapult|spa|2
|faint|p2a: King Von
|
|upkeep
|
|t:|1758949217
|switch|p2a: Mimi|Mimikyu, F, shiny|100/100
|-status|p2a: Mimi|tox
|-damage|p2a: Mimi|88/100 tox|[from] Spikes
|turn|14
|
|t:|1758949222
|switch|p1a: Iron Treads|Iron Treads|100/100
|move|p2a: Mimi|Trick Room|p2a: Mimi
|-fieldstart|move: Trick Room|[of] p2a: Mimi
|
|-damage|p2a: Mimi|82/100 tox|[from] psn
|upkeep
|turn|15
|
|t:|1758949229
|move|p2a: Mimi|Destiny Bond|p2a: Mimi
|-singlemove|p2a: Mimi|Destiny Bond
|move|p1a: Iron Treads|Stealth Rock|p2a: Mimi
|-sidestart|p2: BuffMewtwo|move: Stealth Rock
|
|-damage|p2a: Mimi|70/100 tox|[from] psn
|upkeep
|turn|16
|
|t:|1758949239
|switch|p2a: 5 Nights in TR|Ursaluna, F, shiny|82/100 tox
|-damage|p2a: 5 Nights in TR|70/100 tox|[from] Spikes
|-damage|p2a: 5 Nights in TR|64/100 tox|[from] Stealth Rock
|move|p1a: Iron Treads|Knock Off|p2a: 5 Nights in TR
|-damage|p2a: 5 Nights in TR|44/100 tox
|-enditem|p2a: 5 Nights in TR|Flame Orb|[from] move: Knock Off|[of] p1a: Iron Treads
|
|-damage|p2a: 5 Nights in TR|38/100 tox|[from] psn
|upkeep
|turn|17
|
|t:|1758949252
|move|p2a: 5 Nights in TR|Earthquake|p1a: Iron Treads
|-supereffective|p1a: Iron Treads
|-damage|p1a: Iron Treads|0 fnt
|faint|p1a: Iron Treads
|-end|p1a: Iron Treads|Quark Drive|[silent]
|
|-damage|p2a: 5 Nights in TR|26/100 tox|[from] psn
|upkeep
|
|t:|1758949254
|switch|p1a: Dragapult|Dragapult, M|100/100
|turn|18
|
|t:|1758949258
|move|p2a: 5 Nights in TR|Earthquake|p1a: Dragapult
|-damage|p1a: Dragapult|0 fnt
|faint|p1a: Dragapult
|
|-damage|p2a: 5 Nights in TR|8/100 tox|[from] psn
|-fieldend|move: Trick Room
|upkeep
|
|t:|1758949262
|switch|p1a: Iron Valiant|Iron Valiant|100/100
|-enditem|p1a: Iron Valiant|Booster Energy
|-activate|p1a: Iron Valiant|ability: Quark Drive|[fromitem]
|-start|p1a: Iron Valiant|quarkdrivespe
|turn|19
|
|t:|1758949266
|move|p1a: Iron Valiant|Knock Off|p2a: 5 Nights in TR
|-damage|p2a: 5 Nights in TR|0 fnt
|faint|p2a: 5 Nights in TR
|
|upkeep
|
|t:|1758949270
|switch|p2a: Subaru|Indeedee, M, shiny|100/100
|-status|p2a: Subaru|tox
|-damage|p2a: Subaru|88/100 tox|[from] Spikes
|-damage|p2a: Subaru|76/100 tox|[from] Stealth Rock
|-fieldstart|move: Psychic Terrain|[from] ability: Psychic Surge|[of] p2a: Subaru
|turn|20
|
|t:|1758949279
|-terastallize|p2a: Subaru|Fairy
|move|p1a: Iron Valiant|Knock Off|p2a: Subaru
|-resisted|p2a: Subaru
|-damage|p2a: Subaru|58/100 tox
|-enditem|p2a: Subaru|Terrain Extender|[from] move: Knock Off|[of] p1a: Iron Valiant
|move|p2a: Subaru|Trick Room|p2a: Subaru
|-fieldstart|move: Trick Room|[of] p2a: Subaru
|
|-damage|p2a: Subaru|52/100 tox|[from] psn
|upkeep
|turn|21
|-message|maractus' no1 fan forfeited.
|
|win|BuffMewtwo
|raw|maractus&apos; no1 fan's rating: 1310 &rarr; <strong>1291</strong><br />(-19 for losing)
|raw|BuffMewtwo's rating: 1333 &rarr; <strong>1352</strong><br />(+19 for winning)
|l|☆maractus' no1 fan
|player|p1|
|l|☆BuffMewtwo
|player|p2|
