|j|☆killallblaziken
|j|☆Ladder alt 2507
|t:|1758964359
|gametype|singles
|player|p1|killallblaziken|veteran|1441
|player|p2|Ladder alt 2507|roxie|1409
|gen|9
|tier|[Gen 9] OU
|rated|
|rule|HP Percentage Mod: HP is shown in percentages
|rule|Endless Battle Clause: Forcing endless battles is banned
|rule|Species Clause: Limit one of each Pokémon
|rule|OHKO Clause: OHKO moves are banned
|rule|Evasion Items Clause: Evasion items are banned
|rule|Evasion Moves Clause: Evasion moves are banned
|rule|Evasion Abilities Clause: Evasion abilities are banned
|rule|Sleep Moves Clause: Sleep-inducing moves are banned
|clearpoke
|poke|p1|Okidogi, M|
|poke|p1|Polteageist|
|poke|p1|Latias, F|
|poke|p1|Gholdengo|
|poke|p1|Samurott-Hisui, M|
|poke|p1|Weezing-Galar, M|
|poke|p2|Great Tusk|
|poke|p2|Heatran, M|
|poke|p2|Weavile, M|
|poke|p2|Primarina, M|
|poke|p2|Ogerpon, F|
|poke|p2|Pecharunt|
|teampreview
|inactive|Battle timer is ON: inactive players will automatically lose when time's up. (requested by Ladder alt 2507)
|
|t:|1758964370
|teamsize|p1|6
|teamsize|p2|6
|start
|switch|p1a: Samurott|Samurott-Hisui, M|100/100
|switch|p2a: Behemoth|Great Tusk, shiny|100/100
|turn|1
|
|t:|1758964374
|move|p2a: Behemoth|Rapid Spin|p1a: Samurott
|-damage|p1a: Samurott|80/100
|-boost|p2a: Behemoth|spe|1
|move|p1a: Samurott|Razor Shell|p2a: Behemoth
|-supereffective|p2a: Behemoth
|-damage|p2a: Behemoth|23/100
|-unboost|p2a: Behemoth|def|1
|
|upkeep
|turn|2
|
|t:|1758964381
|move|p1a: Samurott|Sucker Punch|p2a: Behemoth
|-resisted|p2a: Behemoth
|-damage|p2a: Behemoth|5/100
|move|p2a: Behemoth|Close Combat|p1a: Samurott
|-supereffective|p1a: Samurott
|-damage|p1a: Samurott|0 fnt
|-unboost|p2a: Behemoth|def|1
|-unboost|p2a: Behemoth|spd|1
|faint|p1a: Samurott
|
|upkeep
|
|t:|1758964392
|switch|p1a: Weezing|Weezing-Galar, M|100/100
|-ability|p1a: Weezing|Neutralizing Gas
|turn|3
|
|t:|1758964397
|-end|p1a: Weezing|ability: Neutralizing Gas
|switch|p1a: Latias|Latias, F|100/100
|move|p2a: Behemoth|Headlong Rush|p1a: Latias
|-immune|p1a: Latias|[from] ability: Levitate
|
|upkeep
|turn|4
|
|t:|1758964404
|move|p2a: Behemoth|Ice Spinner|p1a: Latias
|-supereffective|p1a: Latias
|-damage|p1a: Latias|52/100
|-enditem|p1a: Latias|Weakness Policy
|-boost|p1a: Latias|atk|2|[from] item: Weakness Policy
|-boost|p1a: Latias|spa|2|[from] item: Weakness Policy
|move|p1a: Latias|Agility|p1a: Latias
|-boost|p1a: Latias|spe|2
|
|upkeep
|turn|5
|
|t:|1758964415
|move|p1a: Latias|Aura Sphere|p2a: Behemoth
|-damage|p2a: Behemoth|0 fnt
|faint|p2a: Behemoth
|-end|p2a: Behemoth|Protosynthesis|[silent]
|
|upkeep
|
|t:|1758964419
|switch|p2a: Celestine|Primarina, M, shiny|100/100
|turn|6
|
|t:|1758964437
|move|p1a: Latias|Stored Power|p2a: Celestine
|-damage|p2a: Celestine|47/100
|move|p2a: Celestine|Moonblast|p1a: Latias
|-supereffective|p1a: Latias
|-damage|p1a: Latias|0 fnt
|faint|p1a: Latias
|
|upkeep
|
|t:|1758964445
|switch|p1a: Okidogi|Okidogi, M|100/100
|turn|7
|
|t:|1758964452
|switch|p2a: Overseer|Pecharunt|100/100
|move|p1a: Okidogi|Knock Off|p2a: Overseer
|-supereffective|p2a: Overseer
|-damage|p2a: Overseer|76/100
|-damage|p1a: Okidogi|84/100|[from] item: Rocky Helmet|[of] p2a: Overseer
|-enditem|p2a: Overseer|Rocky Helmet|[from] move: Knock Off|[of] p1a: Okidogi
|
|-heal|p1a: Okidogi|90/100|[from] item: Leftovers
|upkeep
|turn|8
|
|t:|1758964461
|move|p1a: Okidogi|Bulk Up|p1a: Okidogi
|-boost|p1a: Okidogi|atk|1
|-boost|p1a: Okidogi|def|1
|move|p2a: Overseer|Parting Shot|p1a: Okidogi
|-unboost|p1a: Okidogi|atk|1
|-unboost|p1a: Okidogi|spa|1
|
|t:|1758964467
|switch|p2a: Chaos|Heatran, M, shiny|100/100|[from] Parting Shot
|-item|p2a: Chaos|Air Balloon
|
|-heal|p1a: Okidogi|96/100|[from] item: Leftovers
|upkeep
|turn|9
|
|t:|1758964477
|move|p2a: Chaos|Magma Storm|p1a: Okidogi
|-damage|p1a: Okidogi|53/100
|-activate|p1a: Okidogi|move: Magma Storm|[of] p2a: Chaos
|move|p1a: Okidogi|Knock Off|p2a: Chaos
|-damage|p2a: Chaos|75/100
|-enditem|p2a: Chaos|Air Balloon
|
|-heal|p1a: Okidogi|59/100|[from] item: Leftovers
|-damage|p1a: Okidogi|46/100|[from] move: Magma Storm|[partiallytrapped]
|upkeep
|turn|10
|
|t:|1758964489
|move|p2a: Chaos|Earth Power|p1a: Okidogi
|-supereffective|p1a: Okidogi
|-damage|p1a: Okidogi|0 fnt
|faint|p1a: Okidogi
|
|upkeep
|
|t:|1758964494
|switch|p1a: Polteageist|Polteageist|100/100
|turn|11
|
|t:|1758964500
|move|p2a: Chaos|Magma Storm|p1a: Polteageist
|-crit|p1a: Polteageist
|-damage|p1a: Polteageist|23/100
|-activate|p1a: Polteageist|move: Magma Storm|[of] p2a: Chaos
|move|p1a: Polteageist|Shell Smash|p1a: Polteageist
|-unboost|p1a: Polteageist|def|1
|-unboost|p1a: Polteageist|spd|1
|-boost|p1a: Polteageist|atk|2
|-boost|p1a: Polteageist|spa|2
|-boost|p1a: Polteageist|spe|2
|-enditem|p1a: Polteageist|White Herb
|-clearnegativeboost|p1a: Polteageist|[silent]
|
|-damage|p1a: Polteageist|11/100|[from] move: Magma Storm|[partiallytrapped]
|upkeep
|turn|12
|
|t:|1758964509
|move|p1a: Polteageist|Strength Sap|p2a: Chaos
|-unboost|p2a: Chaos|atk|1
|-heal|p1a: Polteageist|62/100
|move|p2a: Chaos|Earth Power|p1a: Polteageist
|-damage|p1a: Polteageist|30/100
|
|-damage|p1a: Polteageist|18/100|[from] move: Magma Storm|[partiallytrapped]
|upkeep
|turn|13
|
|t:|1758964514
|move|p1a: Polteageist|Shadow Ball|p2a: Chaos
|-damage|p2a: Chaos|1/100
|move|p2a: Chaos|Earth Power|p1a: Polteageist
|-damage|p1a: Polteageist|0 fnt
|faint|p1a: Polteageist
|
|upkeep
|
|t:|1758964520
|switch|p1a: Gholdengo|Gholdengo|100/100
|-item|p1a: Gholdengo|Air Balloon
|turn|14
|
|t:|1758964530
|move|p2a: Chaos|Magma Storm|p1a: Gholdengo
|-supereffective|p1a: Gholdengo
|-damage|p1a: Gholdengo|2/100
|-activate|p1a: Gholdengo|move: Magma Storm|[of] p2a: Chaos
|-enditem|p1a: Gholdengo|Air Balloon
|move|p1a: Gholdengo|Shadow Ball|p2a: Chaos
|-damage|p2a: Chaos|0 fnt
|faint|p2a: Chaos
|
|-end|p1a: Gholdengo|Magma Storm|[partiallytrapped]|[silent]
|upkeep
|
|t:|1758964537
|switch|p2a: Anonymous|Ogerpon, F|100/100
|turn|15
|
|t:|1758964540
|move|p2a: Anonymous|U-turn|p1a: Gholdengo
|-resisted|p1a: Gholdengo
|-damage|p1a: Gholdengo|0 fnt
|faint|p1a: Gholdengo
|
|t:|1758964545
|switch|p2a: Overseer|Pecharunt|76/100|[from] U-turn
|
|upkeep
|
|t:|1758964547
|switch|p1a: Weezing|Weezing-Galar, M|100/100
|-ability|p1a: Weezing|Neutralizing Gas
|turn|16
|
|t:|1758964554
|move|p2a: Overseer|Shadow Ball|p1a: Weezing
|-damage|p1a: Weezing|68/100
|move|p1a: Weezing|Will-O-Wisp|p2a: Overseer
|-status|p2a: Overseer|brn
|
|-damage|p2a: Overseer|70/100 brn|[from] brn
|upkeep
|turn|17
|
|t:|1758964559
|-terastallize|p2a: Overseer|Ghost
|move|p2a: Overseer|Shadow Ball|p1a: Weezing
|-damage|p1a: Weezing|27/100
|move|p1a: Weezing|Sludge Bomb|p2a: Overseer
|-resisted|p2a: Overseer
|-damage|p2a: Overseer|56/100 brn
|
|-damage|p2a: Overseer|50/100 brn|[from] brn
|upkeep
|turn|18
|
|t:|1758964567
|move|p2a: Overseer|Shadow Ball|p1a: Weezing
|-damage|p1a: Weezing|0 fnt
|faint|p1a: Weezing
|-end|p1a: Weezing|ability: Neutralizing Gas
|
|win|Ladder alt 2507
|raw|killallblaziken's rating: 1441 &rarr; <strong>1419</strong><br />(-22 for losing)
|raw|Ladder alt 2507's rating: 1409 &rarr; <strong>1431</strong><br />(+22 for winning)
|l|☆killallblaziken
|player|p1|
|l|☆Ladder alt 2507
|player|p2|
