|j|☆Ninjarushyt
|j|☆pancakesviolin
|t:|1758945623
|gametype|singles
|player|p1|Ninjarushyt|unknown|1374
|player|p2|pancakesviolin|169|1371
|gen|9
|tier|[Gen 9] OU
|rated|
|rule|HP Percentage Mod: HP is shown in percentages
|rule|Endless Battle Clause: Forcing endless battles is banned
|rule|Species Clause: Limit one of each Pokémon
|rule|OHKO Clause: OHKO moves are banned
|rule|Evasion Items Clause: Evasion items are banned
|rule|Evasion Moves Clause: Evasion moves are banned
|rule|Evasion Abilities Clause: Evasion abilities are banned
|rule|Sleep Moves Clause: Sleep-inducing moves are banned
|clearpoke
|poke|p1|Ursaluna, F|
|poke|p1|Kyurem|
|poke|p1|Gholdengo|
|poke|p1|Dragapult, M|
|poke|p1|Weezing-Galar, M|
|poke|p1|Zamazenta-*|
|poke|p2|Darkrai|
|poke|p2|Hydrapple, F|
|poke|p2|Slowking-Galar, M|
|poke|p2|Grafaiai, M|
|poke|p2|Sinistcha|
|poke|p2|Donphan, F|
|teampreview
|inactive|Battle timer is ON: inactive players will automatically lose when time's up. (requested by pancakesviolin)
|
|t:|1758945647
|teamsize|p1|6
|teamsize|p2|6
|start
|switch|p1a: Ursaluna|Ursaluna, F|100/100
|switch|p2a: Donphan|Donphan, F|100/100
|turn|1
|
|t:|1758945667
|move|p1a: Ursaluna|Bulk Up|p1a: Ursaluna
|-boost|p1a: Ursaluna|atk|1
|-boost|p1a: Ursaluna|def|1
|move|p2a: Donphan|Stealth Rock|p1a: Ursaluna
|-sidestart|p1: Ninjarushyt|move: Stealth Rock
|
|upkeep
|turn|2
|
|t:|1758945682
|switch|p2a: Grafaiai|Grafaiai, M|100/100
|move|p1a: Ursaluna|High Horsepower|p2a: Grafaiai
|-supereffective|p2a: Grafaiai
|-damage|p2a: Grafaiai|0 fnt
|faint|p2a: Grafaiai
|
|upkeep
|
|t:|1758945689
|switch|p2a: Sinistcha|Sinistcha|100/100
|turn|3
|
|t:|1758945714
|-terastallize|p1a: Ursaluna|Poison
|move|p2a: Sinistcha|Leaf Storm|p1a: Ursaluna
|-resisted|p1a: Ursaluna
|-damage|p1a: Ursaluna|84/100
|-unboost|p2a: Sinistcha|spa|2
|move|p1a: Ursaluna|High Horsepower|p2a: Sinistcha
|-resisted|p2a: Sinistcha
|-damage|p2a: Sinistcha|79/100
|
|-heal|p2a: Sinistcha|85/100|[from] item: Leftovers
|-heal|p1a: Ursaluna|91/100|[from] item: Leftovers
|upkeep
|turn|4
|
|t:|1758945724
|move|p2a: Sinistcha|Night Shade|p1a: Ursaluna
|-damage|p1a: Ursaluna|69/100
|move|p1a: Ursaluna|High Horsepower|p2a: Sinistcha
|-resisted|p2a: Sinistcha
|-damage|p2a: Sinistcha|63/100
|
|-heal|p2a: Sinistcha|69/100|[from] item: Leftovers
|-heal|p1a: Ursaluna|75/100|[from] item: Leftovers
|upkeep
|turn|5
|
|t:|1758945731
|move|p2a: Sinistcha|Night Shade|p1a: Ursaluna
|-damage|p1a: Ursaluna|54/100
|move|p1a: Ursaluna|Bulk Up|p1a: Ursaluna
|-boost|p1a: Ursaluna|atk|1
|-boost|p1a: Ursaluna|def|1
|
|-heal|p2a: Sinistcha|75/100|[from] item: Leftovers
|-heal|p1a: Ursaluna|60/100|[from] item: Leftovers
|upkeep
|turn|6
|
|t:|1758945739
|move|p2a: Sinistcha|Night Shade|p1a: Ursaluna
|-damage|p1a: Ursaluna|38/100
|move|p1a: Ursaluna|Bulk Up|p1a: Ursaluna
|-boost|p1a: Ursaluna|atk|1
|-boost|p1a: Ursaluna|def|1
|
|-heal|p2a: Sinistcha|81/100|[from] item: Leftovers
|-heal|p1a: Ursaluna|45/100|[from] item: Leftovers
|upkeep
|turn|7
|
|t:|1758945748
|move|p1a: Ursaluna|Protect|p1a: Ursaluna
|-singleturn|p1a: Ursaluna|Protect
|move|p2a: Sinistcha|Night Shade|p1a: Ursaluna
|-activate|p1a: Ursaluna|move: Protect
|
|-heal|p2a: Sinistcha|87/100|[from] item: Leftovers
|-heal|p1a: Ursaluna|51/100|[from] item: Leftovers
|upkeep
|turn|8
|
|t:|1758945755
|move|p2a: Sinistcha|Night Shade|p1a: Ursaluna
|-damage|p1a: Ursaluna|29/100
|move|p1a: Ursaluna|High Horsepower|p2a: Sinistcha
|-resisted|p2a: Sinistcha
|-damage|p2a: Sinistcha|53/100
|
|-heal|p2a: Sinistcha|59/100|[from] item: Leftovers
|-heal|p1a: Ursaluna|36/100|[from] item: Leftovers
|upkeep
|turn|9
|
|t:|1758945763
|move|p1a: Ursaluna|Protect|p1a: Ursaluna
|-singleturn|p1a: Ursaluna|Protect
|move|p2a: Sinistcha|Night Shade|p1a: Ursaluna
|-activate|p1a: Ursaluna|move: Protect
|
|-heal|p2a: Sinistcha|65/100|[from] item: Leftovers
|-heal|p1a: Ursaluna|42/100|[from] item: Leftovers
|upkeep
|turn|10
|
|t:|1758945770
|move|p2a: Sinistcha|Night Shade|p1a: Ursaluna
|-damage|p1a: Ursaluna|20/100
|move|p1a: Ursaluna|High Horsepower|p2a: Sinistcha
|-resisted|p2a: Sinistcha
|-damage|p2a: Sinistcha|29/100
|
|-heal|p2a: Sinistcha|35/100|[from] item: Leftovers
|-heal|p1a: Ursaluna|27/100|[from] item: Leftovers
|upkeep
|turn|11
|
|t:|1758945778
|move|p1a: Ursaluna|Protect|p1a: Ursaluna
|-singleturn|p1a: Ursaluna|Protect
|move|p2a: Sinistcha|Strength Sap|p1a: Ursaluna
|-activate|p1a: Ursaluna|move: Protect
|
|-heal|p2a: Sinistcha|41/100|[from] item: Leftovers
|-heal|p1a: Ursaluna|33/100|[from] item: Leftovers
|upkeep
|turn|12
|
|t:|1758945785
|move|p2a: Sinistcha|Strength Sap|p1a: Ursaluna
|-unboost|p1a: Ursaluna|atk|1
|-heal|p2a: Sinistcha|100/100
|move|p1a: Ursaluna|High Horsepower|p2a: Sinistcha
|-resisted|p2a: Sinistcha
|-damage|p2a: Sinistcha|72/100
|
|-heal|p2a: Sinistcha|78/100|[from] item: Leftovers
|-heal|p1a: Ursaluna|39/100|[from] item: Leftovers
|upkeep
|turn|13
|
|t:|1758945796
|move|p1a: Ursaluna|Protect|p1a: Ursaluna
|-singleturn|p1a: Ursaluna|Protect
|move|p2a: Sinistcha|Night Shade|p1a: Ursaluna
|-activate|p1a: Ursaluna|move: Protect
|
|-heal|p2a: Sinistcha|84/100|[from] item: Leftovers
|-heal|p1a: Ursaluna|45/100|[from] item: Leftovers
|upkeep
|turn|14
|
|t:|1758945803
|switch|p1a: Weezing|Weezing-Galar, M|100/100
|-ability|p1a: Weezing|Neutralizing Gas
|move|p2a: Sinistcha|Night Shade|p1a: Weezing
|-damage|p1a: Weezing|71/100
|
|-heal|p2a: Sinistcha|90/100|[from] item: Leftovers
|upkeep
|turn|15
|
|t:|1758945815
|switch|p2a: Slowking|Slowking-Galar, M|100/100
|move|p1a: Weezing|Strange Steam|p2a: Slowking
|-resisted|p2a: Slowking
|-damage|p2a: Slowking|94/100
|
|upkeep
|turn|16
|
|t:|1758945829
|-end|p1a: Weezing|ability: Neutralizing Gas
|switch|p1a: Gholdengo|Gholdengo|100/100
|move|p2a: Slowking|Psychic|p1a: Gholdengo
|-resisted|p1a: Gholdengo
|-damage|p1a: Gholdengo|76/100
|
|upkeep
|turn|17
|
|t:|1758945836
|move|p1a: Gholdengo|Nasty Plot|p1a: Gholdengo
|-boost|p1a: Gholdengo|spa|2
|move|p2a: Slowking|Flamethrower|p1a: Gholdengo
|-supereffective|p1a: Gholdengo
|-damage|p1a: Gholdengo|18/100
|
|upkeep
|turn|18
|
|t:|1758945844
|move|p1a: Gholdengo|Hex|p2a: Slowking
|-supereffective|p2a: Slowking
|-damage|p2a: Slowking|10/100
|move|p2a: Slowking|Flamethrower|p1a: Gholdengo
|-supereffective|p1a: Gholdengo
|-damage|p1a: Gholdengo|0 fnt
|faint|p1a: Gholdengo
|
|upkeep
|
|t:|1758945855
|switch|p1a: Dragapult|Dragapult, M|100/100
|turn|19
|
|t:|1758945861
|switch|p2a: Donphan|Donphan, F|100/100
|move|p1a: Dragapult|Dragon Darts|p2a: Donphan
|-crit|p2a: Donphan
|-damage|p2a: Donphan|80/100
|-anim|p1a: Dragapult|Dragon Darts|p2a: Donphan
|-damage|p2a: Donphan|65/100
|
|-heal|p2a: Donphan|71/100|[from] item: Leftovers
|upkeep
|turn|20
|
|t:|1758945874
|move|p1a: Dragapult|Dragon Darts|p2a: Donphan
|-damage|p2a: Donphan|57/100
|-anim|p1a: Dragapult|Dragon Darts|p2a: Donphan
|-damage|p2a: Donphan|43/100
|move|p2a: Donphan|Earthquake|p1a: Dragapult
|-damage|p1a: Dragapult|43/100
|
|-heal|p2a: Donphan|49/100|[from] item: Leftovers
|upkeep
|turn|21
|
|t:|1758945894
|move|p1a: Dragapult|Dragon Darts|p2a: Donphan
|-damage|p2a: Donphan|35/100
|-anim|p1a: Dragapult|Dragon Darts|p2a: Donphan
|-damage|p2a: Donphan|21/100
|move|p2a: Donphan|Earthquake|p1a: Dragapult
|-damage|p1a: Dragapult|0 fnt
|faint|p1a: Dragapult
|
|-heal|p2a: Donphan|27/100|[from] item: Leftovers
|upkeep
|
|t:|1758945902
|switch|p1a: Kyurem|Kyurem|100/100
|-damage|p1a: Kyurem|75/100|[from] Stealth Rock
|-ability|p1a: Kyurem|Pressure
|turn|22
|
|t:|1758945919
|switch|p2a: Slowking|Slowking-Galar, M|43/100
|move|p1a: Kyurem|Ice Beam|p2a: Slowking
|-damage|p2a: Slowking|7/100
|
|upkeep
|turn|23
|
|t:|1758945929
|switch|p2a: Donphan|Donphan, F|27/100
|move|p1a: Kyurem|Ice Beam|p2a: Donphan
|-supereffective|p2a: Donphan
|-damage|p2a: Donphan|0 fnt
|faint|p2a: Donphan
|
|upkeep
|
|t:|1758945936
|switch|p2a: Slowking|Slowking-Galar, M|40/100
|turn|24
|
|t:|1758945939
|move|p1a: Kyurem|Ice Beam|p2a: Slowking
|-damage|p2a: Slowking|4/100
|move|p2a: Slowking|Sludge Bomb|p1a: Kyurem
|-damage|p1a: Kyurem|33/100
|
|upkeep
|turn|25
|
|t:|1758945948
|move|p1a: Kyurem|Ice Beam|p2a: Slowking
|-damage|p2a: Slowking|0 fnt
|faint|p2a: Slowking
|
|upkeep
|
|t:|1758945952
|switch|p2a: Darkrai|Darkrai|100/100
|turn|26
|
|t:|1758945963
|switch|p1a: Ursaluna|Ursaluna, F, tera:Poison|45/100
|-damage|p1a: Ursaluna|33/100|[from] Stealth Rock
|move|p2a: Darkrai|Dark Pulse|p1a: Ursaluna
|-damage|p1a: Ursaluna|7/100
|
|-heal|p1a: Ursaluna|13/100|[from] item: Leftovers
|upkeep
|turn|27
|
|t:|1758945971
|move|p1a: Ursaluna|Protect|p1a: Ursaluna
|-singleturn|p1a: Ursaluna|Protect
|move|p2a: Darkrai|Dark Pulse|p1a: Ursaluna
|-activate|p1a: Ursaluna|move: Protect
|
|-heal|p1a: Ursaluna|19/100|[from] item: Leftovers
|upkeep
|turn|28
|
|t:|1758945984
|move|p1a: Ursaluna|Protect||[still]
|-fail|p1a: Ursaluna
|move|p2a: Darkrai|Dark Pulse|p1a: Ursaluna
|-crit|p1a: Ursaluna
|-damage|p1a: Ursaluna|0 fnt
|faint|p1a: Ursaluna
|
|upkeep
|
|t:|1758945989
|switch|p1a: Weezing|Weezing-Galar, M|71/100
|-ability|p1a: Weezing|Neutralizing Gas
|turn|29
|
|t:|1758946001
|-terastallize|p2a: Darkrai|Fairy
|move|p2a: Darkrai|Sludge Bomb|p1a: Weezing
|-damage|p1a: Weezing|27/100
|move|p1a: Weezing|Defog|p2a: Darkrai
|-unboost|p2a: Darkrai|evasion|1
|-sideend|p1: Ninjarushyt|Stealth Rock|[from] move: Defog|[of] p1a: Weezing
|
|upkeep
|turn|30
|
|t:|1758946009
|move|p2a: Darkrai|Sludge Bomb|p1a: Weezing
|-damage|p1a: Weezing|0 fnt
|faint|p1a: Weezing
|-end|p1a: Weezing|ability: Neutralizing Gas
|
|upkeep
|
|t:|1758946018
|switch|p1a: Zamazenta|Zamazenta|100/100
|-ability|p1a: Zamazenta|Dauntless Shield|boost
|-boost|p1a: Zamazenta|def|1
|turn|31
|
|t:|1758946033
|switch|p2a: Sinistcha|Sinistcha|90/100
|move|p1a: Zamazenta|Iron Defense|p1a: Zamazenta
|-boost|p1a: Zamazenta|def|2
|
|-heal|p2a: Sinistcha|96/100|[from] item: Leftovers
|upkeep
|turn|32
|
|t:|1758946048
|switch|p1a: Kyurem|Kyurem|33/100
|-ability|p1a: Kyurem|Pressure
|move|p2a: Sinistcha|Strength Sap|p1a: Kyurem
|-unboost|p1a: Kyurem|atk|1
|-heal|p2a: Sinistcha|100/100
|
|upkeep
|turn|33
|
|t:|1758946068
|switch|p2a: Hydrapple|Hydrapple, F|100/100
|move|p1a: Kyurem|Ice Beam|p2a: Hydrapple
|-supereffective|p2a: Hydrapple
|-damage|p2a: Hydrapple|0 fnt
|faint|p2a: Hydrapple
|
|upkeep
|
|t:|1758946074
|switch|p2a: Darkrai|Darkrai, tera:Fairy|100/100
|turn|34
|
|t:|1758946077
|switch|p1a: Zamazenta|Zamazenta|100/100
|move|p2a: Darkrai|Tera Blast|p1a: Zamazenta|[anim] Tera Blast Fairy
|-supereffective|p1a: Zamazenta
|-damage|p1a: Zamazenta|29/100
|
|-heal|p1a: Zamazenta|36/100|[from] item: Leftovers
|upkeep
|turn|35
|
|t:|1758946087
|switch|p2a: Sinistcha|Sinistcha|100/100
|move|p1a: Zamazenta|Body Press|p2a: Sinistcha
|-immune|p2a: Sinistcha
|
|-heal|p1a: Zamazenta|42/100|[from] item: Leftovers
|upkeep
|turn|36
|
|t:|1758946095
|move|p1a: Zamazenta|Substitute|p1a: Zamazenta
|-start|p1a: Zamazenta|Substitute
|-damage|p1a: Zamazenta|17/100
|move|p2a: Sinistcha|Night Shade|p1a: Zamazenta
|-end|p1a: Zamazenta|Substitute
|
|-heal|p1a: Zamazenta|23/100|[from] item: Leftovers
|upkeep
|turn|37
|
|t:|1758946102
|move|p1a: Zamazenta|Crunch|p2a: Sinistcha
|-supereffective|p2a: Sinistcha
|-damage|p2a: Sinistcha|69/100
|-unboost|p2a: Sinistcha|def|1
|move|p2a: Sinistcha|Night Shade|p1a: Zamazenta
|-damage|p1a: Zamazenta|0 fnt
|faint|p1a: Zamazenta
|
|-heal|p2a: Sinistcha|75/100|[from] item: Leftovers
|upkeep
|
|t:|1758946106
|switch|p1a: Kyurem|Kyurem|33/100
|-ability|p1a: Kyurem|Pressure
|turn|38
|
|t:|1758946115
|move|p1a: Kyurem|Ice Beam|p2a: Sinistcha
|-supereffective|p2a: Sinistcha
|-damage|p2a: Sinistcha|0 fnt
|faint|p2a: Sinistcha
|
|upkeep
|
|t:|1758946119
|switch|p2a: Darkrai|Darkrai, tera:Fairy|100/100
|turn|39
|
|t:|1758946122
|move|p2a: Darkrai|Tera Blast|p1a: Kyurem|[anim] Tera Blast Fairy
|-supereffective|p1a: Kyurem
|-damage|p1a: Kyurem|0 fnt
|faint|p1a: Kyurem
|
|win|pancakesviolin
|raw|Ninjarushyt's rating: 1374 &rarr; <strong>1354</strong><br />(-20 for losing)
|raw|pancakesviolin's rating: 1371 &rarr; <strong>1391</strong><br />(+20 for winning)
|c|☆pancakesviolin|gg
|l|☆Ninjarushyt
|player|p1|
|l|☆pancakesviolin
|player|p2|
