|j|☆Jason donner van
|j|☆ohjeebus
|t:|1758981303
|gametype|singles
|player|p1|Jason donner van|scientist-gen4dp|1463
|player|p2|ohjeebus|koga|1511
|gen|9
|tier|[Gen 9] OU
|rated|
|rule|HP Percentage Mod: HP is shown in percentages
|rule|Endless Battle Clause: Forcing endless battles is banned
|rule|Species Clause: Limit one of each Pokémon
|rule|OHKO Clause: OHKO moves are banned
|rule|Evasion Items Clause: Evasion items are banned
|rule|Evasion Moves Clause: Evasion moves are banned
|rule|Evasion Abilities Clause: Evasion abilities are banned
|rule|Sleep Moves Clause: Sleep-inducing moves are banned
|clearpoke
|poke|p1|Lokix, M|
|poke|p1|Cinderace, M|
|poke|p1|Great Tusk|
|poke|p1|Alomomola, M|
|poke|p1|Enamorus, F|
|poke|p1|Slowking-Galar, M|
|poke|p2|Scizor, F|
|poke|p2|Gholdengo|
|poke|p2|Ogerpon-Wellspring, F|
|poke|p2|Ting-Lu|
|poke|p2|Dragonite, F|
|poke|p2|Glimmora, M|
|teampreview
|inactive|Battle timer is ON: inactive players will automatically lose when time's up. (requested by ohjeebus)
|inactive|Jason donner van also wants the timer to be on.
|inactive|Jason donner van has 120 seconds left.
|inactive|ohjeebus has 120 seconds left.
|
|t:|1758981359
|teamsize|p1|6
|teamsize|p2|6
|start
|switch|p1a: Slowking|Slowking-Galar, M|100/100
|switch|p2a: Ting-Lu|Ting-Lu|100/100
|-ability|p2a: Ting-Lu|Vessel of Ruin
|turn|1
|
|t:|1758981364
|move|p2a: Ting-Lu|Stealth Rock|p1a: Slowking
|-sidestart|p1: Jason donner van|move: Stealth Rock
|-prepare|p1a: Slowking|Chilly Reception|[premajor]
|move|p1a: Slowking|Chilly Reception|p1a: Slowking
|-weather|Snowscape
|
|t:|1758981370
|switch|p1a: Cinderace|Cinderace, M|100/100|[from] Chilly Reception
|
|-weather|Snowscape|[upkeep]
|upkeep
|turn|2
|
|t:|1758981376
|switch|p2a: Glimmora|Glimmora, M|100/100
|move|p1a: Cinderace|Court Change|p1a: Cinderace
|-swapsideconditions
|-activate|p1a: Cinderace|move: Court Change
|
|-weather|Snowscape|[upkeep]
|upkeep
|turn|3
|
|t:|1758981386
|switch|p1a: Great Tusk|Great Tusk|100/100
|move|p2a: Glimmora|Mortal Spin|p1a: Great Tusk
|-resisted|p1a: Great Tusk
|-damage|p1a: Great Tusk|99/100
|-status|p1a: Great Tusk|psn
|-sideend|p2: ohjeebus|Stealth Rock|[from] move: Mortal Spin|[of] p2a: Glimmora
|
|-weather|Snowscape|[upkeep]
|-heal|p1a: Great Tusk|100/100 psn|[from] item: Leftovers
|-damage|p1a: Great Tusk|88/100 psn|[from] psn
|upkeep
|turn|4
|
|t:|1758981401
|switch|p2a: Ting-Lu|Ting-Lu|100/100
|-ability|p2a: Ting-Lu|Vessel of Ruin
|move|p1a: Great Tusk|Rapid Spin|p2a: Ting-Lu
|-damage|p2a: Ting-Lu|93/100
|-boost|p1a: Great Tusk|spe|1
|
|-weather|Snowscape|[upkeep]
|-heal|p1a: Great Tusk|94/100 psn|[from] item: Leftovers
|-heal|p2a: Ting-Lu|99/100|[from] item: Leftovers
|-damage|p1a: Great Tusk|82/100 psn|[from] psn
|upkeep
|turn|5
|
|t:|1758981414
|-end|p1a: Great Tusk|Protosynthesis|[silent]
|switch|p1a: Alomomola|Alomomola, M|100/100
|move|p2a: Ting-Lu|Stealth Rock|p1a: Alomomola
|-sidestart|p1: Jason donner van|move: Stealth Rock
|
|-weather|none
|-heal|p2a: Ting-Lu|100/100|[from] item: Leftovers
|upkeep
|turn|6
|
|t:|1758981421
|move|p2a: Ting-Lu|Ruination|p1a: Alomomola
|-damage|p1a: Alomomola|50/100
|move|p1a: Alomomola|Flip Turn|p2a: Ting-Lu
|-supereffective|p2a: Ting-Lu
|-damage|p2a: Ting-Lu|86/100
|
|t:|1758981431
|switch|p1a: Great Tusk|Great Tusk|82/100 psn|[from] Flip Turn
|-damage|p1a: Great Tusk|79/100 psn|[from] Stealth Rock
|
|-heal|p1a: Great Tusk|85/100 psn|[from] item: Leftovers
|-heal|p2a: Ting-Lu|92/100|[from] item: Leftovers
|-damage|p1a: Great Tusk|73/100 psn|[from] psn
|upkeep
|turn|7
|
|t:|1758981439
|move|p1a: Great Tusk|Knock Off|p2a: Ting-Lu
|-resisted|p2a: Ting-Lu
|-damage|p2a: Ting-Lu|86/100
|-enditem|p2a: Ting-Lu|Leftovers|[from] move: Knock Off|[of] p1a: Great Tusk
|move|p2a: Ting-Lu|Earthquake|p1a: Great Tusk
|-damage|p1a: Great Tusk|54/100 psn
|
|-heal|p1a: Great Tusk|60/100 psn|[from] item: Leftovers
|-damage|p1a: Great Tusk|48/100 psn|[from] psn
|upkeep
|turn|8
|
|t:|1758981443
|move|p1a: Great Tusk|Rapid Spin|p2a: Ting-Lu
|-damage|p2a: Ting-Lu|79/100
|-boost|p1a: Great Tusk|spe|1
|-sideend|p1: Jason donner van|Stealth Rock|[from] move: Rapid Spin|[of] p1a: Great Tusk
|move|p2a: Ting-Lu|Earthquake|p1a: Great Tusk
|-damage|p1a: Great Tusk|27/100 psn
|
|-heal|p1a: Great Tusk|33/100 psn|[from] item: Leftovers
|-damage|p1a: Great Tusk|20/100 psn|[from] psn
|upkeep
|turn|9
|
|t:|1758981450
|-end|p1a: Great Tusk|Protosynthesis|[silent]
|switch|p1a: Lokix|Lokix, M|100/100
|move|p2a: Ting-Lu|Stealth Rock|p1a: Lokix
|-sidestart|p1: Jason donner van|move: Stealth Rock
|
|upkeep
|turn|10
|
|t:|1758981458
|switch|p2a: Glimmora|Glimmora, M|100/100
|move|p1a: Lokix|U-turn|p2a: Glimmora
|-resisted|p2a: Glimmora
|-damage|p2a: Glimmora|41/100
|-damage|p1a: Lokix|84/100|[from] item: Rocky Helmet|[of] p2a: Glimmora
|-activate|p2a: Glimmora|ability: Toxic Debris
|-sidestart|p1: Jason donner van|move: Toxic Spikes
|
|t:|1758981468
|switch|p1a: Cinderace|Cinderace, M|100/100|[from] U-turn
|
|upkeep
|turn|11
|
|t:|1758981471
|move|p1a: Cinderace|Court Change|p1a: Cinderace
|-swapsideconditions
|-activate|p1a: Cinderace|move: Court Change
|move|p2a: Glimmora|Mortal Spin|p1a: Cinderace
|-damage|p1a: Cinderace|93/100
|-status|p1a: Cinderace|psn
|-sideend|p2: ohjeebus|Toxic Spikes|[from] move: Mortal Spin|[of] p2a: Glimmora
|-sideend|p2: ohjeebus|Stealth Rock|[from] move: Mortal Spin|[of] p2a: Glimmora
|
|-damage|p1a: Cinderace|80/100 psn|[from] psn
|upkeep
|turn|12
|
|t:|1758981482
|move|p1a: Cinderace|U-turn|p2a: Glimmora
|-resisted|p2a: Glimmora
|-crit|p2a: Glimmora
|-damage|p2a: Glimmora|23/100
|-damage|p1a: Cinderace|64/100 psn|[from] item: Rocky Helmet|[of] p2a: Glimmora
|-activate|p2a: Glimmora|ability: Toxic Debris
|-sidestart|p1: Jason donner van|move: Toxic Spikes
|
|t:|1758981486
|switch|p1a: Enamorus|Enamorus, F|100/100|[from] U-turn
|move|p2a: Glimmora|Power Gem|p1a: Enamorus
|-supereffective|p1a: Enamorus
|-damage|p1a: Enamorus|0 fnt
|faint|p1a: Enamorus
|
|upkeep
|-message|Jason donner van forfeited.
|
|win|ohjeebus
|raw|Jason donner van's rating: 1463 &rarr; <strong>1446</strong><br />(-17 for losing)
|raw|ohjeebus's rating: 1511 &rarr; <strong>1528</strong><br />(+17 for winning)
|l|☆Jason donner van
|player|p1|
