|j|☆Secret Drug Dealer
|j|☆nina guitar
|t:|1758947433
|gametype|singles
|player|p1|Secret Drug Dealer|wallace|1234
|player|p2|nina guitar|hilbert|1252
|gen|9
|tier|[Gen 9] OU
|rated|
|rule|HP Percentage Mod: HP is shown in percentages
|rule|Endless Battle Clause: Forcing endless battles is banned
|rule|Species Clause: Limit one of each Pokémon
|rule|OHKO Clause: OHKO moves are banned
|rule|Evasion Items Clause: Evasion items are banned
|rule|Evasion Moves Clause: Evasion moves are banned
|rule|Evasion Abilities Clause: Evasion abilities are banned
|rule|Sleep Moves Clause: Sleep-inducing moves are banned
|clearpoke
|poke|p1|Gurdurr, F|
|poke|p1|Marill, F|
|poke|p1|Eelektrik, F|
|poke|p1|Dusclops, F|
|poke|p1|Happiny, F|
|poke|p1|Magmar, F|
|poke|p2|Torkoal, M|
|poke|p2|Walking Wake|
|poke|p2|Great Tusk|
|poke|p2|Raging Bolt|
|poke|p2|Kingambit, F|
|poke|p2|Hatterene, F|
|teampreview
|inactive|Battle timer is ON: inactive players will automatically lose when time's up. (requested by nina guitar)
|
|t:|1758947448
|teamsize|p1|6
|teamsize|p2|6
|start
|switch|p1a: Eelektrik|Eelektrik, F, shiny|100/100
|switch|p2a: Torkoal|Torkoal, M|100/100
|-weather|SunnyDay|[from] ability: Drought|[of] p2a: Torkoal
|turn|1
|
|t:|1758947458
|move|p1a: Eelektrik|Discharge|p2a: Torkoal
|-damage|p2a: Torkoal|59/100
|move|p2a: Torkoal|Stealth Rock|p1a: Eelektrik
|-sidestart|p1: Secret Drug Dealer|move: Stealth Rock
|
|-weather|SunnyDay|[upkeep]
|upkeep
|turn|2
|
|t:|1758947463
|switch|p2a: Raging Bolt|Raging Bolt|100/100
|-activate|p2a: Raging Bolt|ability: Protosynthesis
|-start|p2a: Raging Bolt|protosynthesisspa
|move|p1a: Eelektrik|Discharge|p2a: Raging Bolt
|-resisted|p2a: Raging Bolt
|-damage|p2a: Raging Bolt|94/100
|
|-weather|SunnyDay|[upkeep]
|upkeep
|turn|3
|
|t:|1758947468
|move|p2a: Raging Bolt|Calm Mind|p2a: Raging Bolt
|-boost|p2a: Raging Bolt|spa|1
|-boost|p2a: Raging Bolt|spd|1
|move|p1a: Eelektrik|Volt Switch|p2a: Raging Bolt
|-resisted|p2a: Raging Bolt
|-damage|p2a: Raging Bolt|89/100
|
|t:|1758947471
|switch|p1a: Magmar|Magmar, F, shiny|100/100|[from] Volt Switch
|-damage|p1a: Magmar|76/100|[from] Stealth Rock
|
|-weather|SunnyDay|[upkeep]
|upkeep
|turn|4
|
|t:|1758947476
|move|p2a: Raging Bolt|Thunderclap|p1a: Magmar
|-damage|p1a: Magmar|0 fnt
|faint|p1a: Magmar
|
|-weather|SunnyDay|[upkeep]
|upkeep
|
|t:|1758947482
|switch|p1a: Happiny|Happiny, F, shiny|100/100
|-damage|p1a: Happiny|88/100|[from] Stealth Rock
|turn|5
|
|t:|1758947486
|move|p2a: Raging Bolt|Calm Mind|p2a: Raging Bolt
|-boost|p2a: Raging Bolt|spa|1
|-boost|p2a: Raging Bolt|spd|1
|move|p1a: Happiny|Metronome|p1a: Happiny
|move|p1a: Happiny|Recycle||[from] move: Metronome|[still]
|-fail|p1a: Happiny
|
|-weather|SunnyDay|[upkeep]
|upkeep
|turn|6
|
|t:|1758947491
|move|p2a: Raging Bolt|Weather Ball|p1a: Happiny
|-damage|p1a: Happiny|0 fnt
|faint|p1a: Happiny
|
|-weather|SunnyDay|[upkeep]
|upkeep
|-message|Secret Drug Dealer forfeited.
|
|win|nina guitar
|raw|Secret Drug Dealer's rating: 1234 &rarr; <strong>1210</strong><br />(-24 for losing)
|raw|nina guitar's rating: 1252 &rarr; <strong>1276</strong><br />(+24 for winning)
|l|☆Secret Drug Dealer
|player|p1|
|l|☆nina guitar
|player|p2|
