|j|☆axunyu
|j|☆UmbreVGC
|t:|1758971221
|gametype|singles
|player|p1|axunyu|benga|1233
|player|p2|UmbreVGC|101|1254
|gen|9
|tier|[Gen 9] OU
|rated|
|rule|HP Percentage Mod: HP is shown in percentages
|rule|Endless Battle Clause: Forcing endless battles is banned
|rule|Species Clause: Limit one of each Pokémon
|rule|OHKO Clause: OHKO moves are banned
|rule|Evasion Items Clause: Evasion items are banned
|rule|Evasion Moves Clause: Evasion moves are banned
|rule|Evasion Abilities Clause: Evasion abilities are banned
|rule|Sleep Moves Clause: Sleep-inducing moves are banned
|clearpoke
|poke|p1|Hatterene, F|
|poke|p1|Cresselia, F|
|poke|p1|Torkoal, M|
|poke|p1|Glastrier|
|poke|p1|Ursaluna, F|
|poke|p1|Azelf|
|poke|p2|Landorus-Therian, M|
|poke|p2|Samurott-Hisui, M|
|poke|p2|Pecharunt|
|poke|p2|Scizor, F|
|poke|p2|Latios, M|
|poke|p2|Zamazenta-*|
|teampreview
|inactive|Battle timer is ON: inactive players will automatically lose when time's up. (requested by UmbreVGC)
|inactive|axunyu also wants the timer to be on.
|
|t:|1758971232
|teamsize|p1|6
|teamsize|p2|6
|start
|switch|p1a: Azelf|Azelf|100/100
|switch|p2a: Scizor|Scizor, F|100/100
|turn|1
|
|t:|1758971235
|move|p2a: Scizor|Swords Dance|p2a: Scizor
|-boost|p2a: Scizor|atk|2
|move|p1a: Azelf|Trick Room|p1a: Azelf
|-fieldstart|move: Trick Room|[of] p1a: Azelf
|
|upkeep
|turn|2
|
|t:|1758971240
|move|p2a: Scizor|Swords Dance|p2a: Scizor
|-boost|p2a: Scizor|atk|2
|move|p1a: Azelf|Explosion|p2a: Scizor
|-resisted|p2a: Scizor
|-damage|p2a: Scizor|63/100
|faint|p1a: Azelf
|
|upkeep
|
|t:|1758971245
|switch|p1a: Ursaluna|Ursaluna, F, shiny|100/100
|turn|3
|
|t:|1758971248
|move|p2a: Scizor|Bullet Punch|p1a: Ursaluna
|-damage|p1a: Ursaluna|29/100
|move|p1a: Ursaluna|Fire Punch|p2a: Scizor
|-supereffective|p2a: Scizor
|-damage|p2a: Scizor|0 fnt
|faint|p2a: Scizor
|
|-status|p1a: Ursaluna|brn|[from] item: Flame Orb
|upkeep
|
|t:|1758971258
|switch|p2a: Landorus|Landorus-Therian, M|100/100
|-ability|p2a: Landorus|Intimidate|boost
|-unboost|p1a: Ursaluna|atk|1
|turn|4
|
|t:|1758971261
|move|p1a: Ursaluna|Facade|p2a: Landorus
|-damage|p2a: Landorus|24/100
|move|p2a: Landorus|Earthquake|p1a: Ursaluna
|-damage|p1a: Ursaluna|0 fnt
|faint|p1a: Ursaluna
|-damage|p2a: Landorus|14/100|[from] item: Life Orb
|
|upkeep
|
|t:|1758971266
|switch|p1a: Glastrier|Glastrier|100/100
|turn|5
|
|t:|1758971271
|switch|p2a: Zamazenta|Zamazenta|100/100
|-ability|p2a: Zamazenta|Dauntless Shield|boost
|-boost|p2a: Zamazenta|def|1
|move|p1a: Glastrier|Icicle Crash|p2a: Zamazenta
|-damage|p2a: Zamazenta|74/100
|
|-heal|p2a: Zamazenta|80/100|[from] item: Leftovers
|-fieldend|move: Trick Room
|upkeep
|turn|6
|
|t:|1758971288
|move|p2a: Zamazenta|Body Press|p1a: Glastrier
|-supereffective|p1a: Glastrier
|-damage|p1a: Glastrier|20/100
|move|p1a: Glastrier|High Horsepower|p2a: Zamazenta
|-damage|p2a: Zamazenta|61/100
|
|-heal|p2a: Zamazenta|67/100|[from] item: Leftovers
|upkeep
|turn|7
|
|t:|1758971293
|move|p2a: Zamazenta|Iron Defense|p2a: Zamazenta
|-boost|p2a: Zamazenta|def|2
|move|p1a: Glastrier|High Horsepower|p2a: Zamazenta
|-damage|p2a: Zamazenta|55/100
|
|-heal|p2a: Zamazenta|61/100|[from] item: Leftovers
|upkeep
|turn|8
|
|t:|1758971301
|move|p2a: Zamazenta|Body Press|p1a: Glastrier
|-supereffective|p1a: Glastrier
|-damage|p1a: Glastrier|0 fnt
|faint|p1a: Glastrier
|
|-heal|p2a: Zamazenta|67/100|[from] item: Leftovers
|upkeep
|
|t:|1758971303
|switch|p1a: Hatterene|Hatterene, F|100/100
|turn|9
|
|t:|1758971308
|move|p2a: Zamazenta|Crunch|p1a: Hatterene
|-damage|p1a: Hatterene|78/100
|move|p1a: Hatterene|Trick Room|p1a: Hatterene
|-fieldstart|move: Trick Room|[of] p1a: Hatterene
|
|-heal|p2a: Zamazenta|73/100|[from] item: Leftovers
|upkeep
|turn|10
|
|t:|1758971316
|switch|p2a: Samurott|Samurott-Hisui, M|100/100
|move|p1a: Hatterene|Misty Explosion|p2a: Samurott
|-supereffective|p2a: Samurott
|-enditem|p2a: Samurott|Focus Sash
|-damage|p2a: Samurott|1/100
|faint|p1a: Hatterene
|
|upkeep
|
|t:|1758971318
|switch|p1a: Torkoal|Torkoal, M, shiny|100/100
|-weather|SunnyDay|[from] ability: Drought|[of] p1a: Torkoal
|turn|11
|
|t:|1758971322
|-terastallize|p1a: Torkoal|Fire
|move|p2a: Samurott|Aqua Jet|p1a: Torkoal
|-supereffective|p1a: Torkoal
|-damage|p1a: Torkoal|87/100
|move|p1a: Torkoal|Eruption|p2a: Samurott
|-resisted|p2a: Samurott
|-damage|p2a: Samurott|0 fnt
|faint|p2a: Samurott
|
|-weather|SunnyDay|[upkeep]
|upkeep
|
|t:|1758971334
|switch|p2a: Landorus|Landorus-Therian, M|14/100
|-ability|p2a: Landorus|Intimidate|boost
|-unboost|p1a: Torkoal|atk|1
|turn|12
|
|t:|1758971336
|move|p1a: Torkoal|Eruption|p2a: Landorus
|-damage|p2a: Landorus|0 fnt
|faint|p2a: Landorus
|
|-weather|SunnyDay|[upkeep]
|upkeep
|
|t:|1758971340
|switch|p2a: Latios|Latios, M|100/100
|turn|13
|
|t:|1758971343
|move|p1a: Torkoal|Eruption|p2a: Latios
|-resisted|p2a: Latios
|-damage|p2a: Latios|11/100
|move|p2a: Latios|Calm Mind|p2a: Latios
|-boost|p2a: Latios|spa|1
|-boost|p2a: Latios|spd|1
|
|-weather|SunnyDay|[upkeep]
|-heal|p2a: Latios|17/100|[from] item: Leftovers
|-fieldend|move: Trick Room
|upkeep
|turn|14
|
|t:|1758971348
|switch|p1a: Cresselia|Cresselia, F|100/100
|move|p2a: Latios|Psyshock|p1a: Cresselia
|-resisted|p1a: Cresselia
|-damage|p1a: Cresselia|85/100
|
|-weather|SunnyDay|[upkeep]
|-heal|p2a: Latios|23/100|[from] item: Leftovers
|upkeep
|turn|15
|
|t:|1758971356
|move|p2a: Latios|Draco Meteor|p1a: Cresselia
|-damage|p1a: Cresselia|15/100
|-unboost|p2a: Latios|spa|2
|move|p1a: Cresselia|Trick Room|p1a: Cresselia
|-fieldstart|move: Trick Room|[of] p1a: Cresselia
|
|-weather|none
|-heal|p2a: Latios|29/100|[from] item: Leftovers
|upkeep
|turn|16
|
|t:|1758971360
|move|p1a: Cresselia|Lunar Dance|p1a: Cresselia
|faint|p1a: Cresselia
|move|p2a: Latios|Draco Meteor|p1: Cresselia|[notarget]
|-fail|p2a: Latios
|
|-heal|p2a: Latios|35/100|[from] item: Leftovers
|upkeep
|
|t:|1758971362
|switch|p1a: Torkoal|Torkoal, M, shiny, tera:Fire|87/100
|-heal|p1a: Torkoal|100/100|[from] move: Lunar Dance
|-weather|SunnyDay|[from] ability: Drought|[of] p1a: Torkoal
|turn|17
|
|t:|1758971367
|move|p1a: Torkoal|Eruption|p2a: Latios
|-resisted|p2a: Latios
|-damage|p2a: Latios|0 fnt
|faint|p2a: Latios
|
|-weather|SunnyDay|[upkeep]
|upkeep
|
|t:|1758971371
|switch|p2a: Zamazenta|Zamazenta|73/100
|turn|18
|
|t:|1758971379
|-terastallize|p2a: Zamazenta|Fire
|move|p1a: Torkoal|Eruption|p2a: Zamazenta
|-resisted|p2a: Zamazenta
|-damage|p2a: Zamazenta|0 fnt
|faint|p2a: Zamazenta
|
|-weather|SunnyDay|[upkeep]
|upkeep
|
|t:|1758971384
|switch|p2a: Pecharunt|Pecharunt|100/100
|turn|19
|
|t:|1758971385
|move|p1a: Torkoal|Eruption|p2a: Pecharunt
|-damage|p2a: Pecharunt|0 fnt
|faint|p2a: Pecharunt
|
|win|axunyu
|raw|axunyu's rating: 1233 &rarr; <strong>1260</strong><br />(+27 for winning)
|raw|UmbreVGC's rating: 1254 &rarr; <strong>1227</strong><br />(-27 for losing)
|l|☆UmbreVGC
|player|p2|
|l|☆axunyu
|player|p1|
