|j|☆Atsushi20 MA
|j|☆ebon51
|t:|1759059315
|gametype|singles
|player|p1|Atsushi20 MA|archer|1194
|player|p2|ebon51|iris|1269
|gen|9
|tier|[Gen 9] OU
|rated|
|rule|HP Percentage Mod: HP is shown in percentages
|rule|Endless Battle Clause: Forcing endless battles is banned
|rule|Species Clause: Limit one of each Pokémon
|rule|OHKO Clause: OHKO moves are banned
|rule|Evasion Items Clause: Evasion items are banned
|rule|Evasion Moves Clause: Evasion moves are banned
|rule|Evasion Abilities Clause: Evasion abilities are banned
|rule|Sleep Moves Clause: Sleep-inducing moves are banned
|clearpoke
|poke|p1|Farigiraf, F|
|poke|p1|Hariyama, F|
|poke|p1|Kingambit, F|
|poke|p1|Hatterene, F|
|poke|p1|Ursaluna, F|
|poke|p1|Porygon2|
|poke|p2|Enamorus, F|
|poke|p2|Iron Moth|
|poke|p2|Hatterene, F|
|poke|p2|Pecharunt|
|poke|p2|Dragonite, M|
|poke|p2|Iron Treads|
|teampreview
|
|t:|1759059330
|teamsize|p1|6
|teamsize|p2|6
|start
|switch|p1a: Hatterene|Hatterene, F|100/100
|switch|p2a: Iron Treads|Iron Treads|100/100
|-enditem|p2a: Iron Treads|Booster Energy
|-activate|p2a: Iron Treads|ability: Quark Drive|[fromitem]
|-start|p2a: Iron Treads|quarkdrivespe
|turn|1
|
|t:|1759059336
|move|p2a: Iron Treads|Stealth Rock|p1a: Hatterene
|move|p1a: Hatterene|Stealth Rock|p2a: Iron Treads|[from] ability: Magic Bounce
|-sidestart|p2: ebon51|move: Stealth Rock
|move|p1a: Hatterene|Trick Room|p1a: Hatterene
|-fieldstart|move: Trick Room|[of] p1a: Hatterene
|
|upkeep
|turn|2
|
|t:|1759059342
|move|p1a: Hatterene|Healing Wish|p1a: Hatterene
|faint|p1a: Hatterene
|move|p2a: Iron Treads|Rapid Spin|p1: Hatterene|[notarget]
|-fail|p2a: Iron Treads
|
|upkeep
|inactive|Battle timer is ON: inactive players will automatically lose when time's up. (requested by ebon51)
|
|t:|1759059357
|switch|p1a: Hariyama|Hariyama, F|100/100
|turn|3
|
|t:|1759059366
|-terastallize|p2a: Iron Treads|Ghost
|move|p1a: Hariyama|Ice Punch|p2a: Iron Treads
|-damage|p2a: Iron Treads|59/100
|move|p2a: Iron Treads|Rapid Spin|p1a: Hariyama
|-damage|p1a: Hariyama|89/100
|-boost|p2a: Iron Treads|spe|1
|-sideend|p2: ebon51|Stealth Rock|[from] move: Rapid Spin|[of] p2a: Iron Treads
|
|upkeep
|turn|4
|
|t:|1759059374
|move|p1a: Hariyama|Poison Jab|p2a: Iron Treads
|-resisted|p2a: Iron Treads
|-damage|p2a: Iron Treads|35/100
|move|p2a: Iron Treads|Stealth Rock|p1a: Hariyama
|-sidestart|p1: Atsushi20 MA|move: Stealth Rock
|
|upkeep
|turn|5
|
|t:|1759059382
|move|p1a: Hariyama|Ice Punch|p2a: Iron Treads
|-damage|p2a: Iron Treads|0 fnt
|faint|p2a: Iron Treads
|-end|p2a: Iron Treads|Quark Drive|[silent]
|
|-fieldend|move: Trick Room
|upkeep
|
|t:|1759059389
|switch|p2a: Pecharunt|Pecharunt|100/100
|turn|6
|
|t:|1759059394
|switch|p1a: Porygon2|Porygon2|100/100
|-damage|p1a: Porygon2|88/100|[from] Stealth Rock
|move|p2a: Pecharunt|Malignant Chain|p1a: Porygon2
|-damage|p1a: Porygon2|67/100
|
|upkeep
|turn|7
|
|t:|1759059402
|move|p2a: Pecharunt|Malignant Chain|p1a: Porygon2
|-damage|p1a: Porygon2|46/100
|move|p1a: Porygon2|Trick Room|p1a: Porygon2
|-fieldstart|move: Trick Room|[of] p1a: Porygon2
|
|upkeep
|turn|8
|
|t:|1759059414
|switch|p1a: Kingambit|Kingambit, F|100/100
|-damage|p1a: Kingambit|94/100|[from] Stealth Rock
|-activate|p1a: Kingambit|ability: Supreme Overlord
|-start|p1a: Kingambit|fallen1|[silent]
|move|p2a: Pecharunt|Malignant Chain|p1a: Kingambit
|-immune|p1a: Kingambit
|
|upkeep
|turn|9
|
|t:|1759059418
|move|p1a: Kingambit|Swords Dance|p1a: Kingambit
|-boost|p1a: Kingambit|atk|2
|move|p2a: Pecharunt|Parting Shot|p1a: Kingambit
|-unboost|p1a: Kingambit|atk|1
|-unboost|p1a: Kingambit|spa|1
|
|t:|1759059435
|switch|p2a: Hatterene|Hatterene, F|100/100|[from] Parting Shot
|
|upkeep
|turn|10
|
|t:|1759059446
|move|p1a: Kingambit|Kowtow Cleave|p2a: Hatterene
|-damage|p2a: Hatterene|4/100
|-enditem|p2a: Hatterene|Eject Button
|
|t:|1759059453
|switch|p2a: Pecharunt|Pecharunt|100/100
|
|upkeep
|turn|11
|
|t:|1759059459
|-terastallize|p1a: Kingambit|Dark
|move|p1a: Kingambit|Kowtow Cleave|p2a: Pecharunt
|-supereffective|p2a: Pecharunt
|-damage|p2a: Pecharunt|0 fnt
|faint|p2a: Pecharunt
|
|-fieldend|move: Trick Room
|upkeep
|
|t:|1759059471
|switch|p2a: Enamorus|Enamorus, F|100/100
|turn|12
|
|t:|1759059486
|move|p1a: Kingambit|Sucker Punch|p2a: Enamorus
|-resisted|p2a: Enamorus
|-damage|p2a: Enamorus|17/100
|move|p2a: Enamorus|Moonblast|p1a: Kingambit
|-supereffective|p1a: Kingambit
|-damage|p1a: Kingambit|0 fnt
|faint|p1a: Kingambit
|-end|p1a: Kingambit|fallen1|[silent]
|
|-heal|p2a: Enamorus|23/100|[from] item: Leftovers
|upkeep
|
|t:|1759059491
|switch|p1a: Porygon2|Porygon2|46/100
|-ability|p1a: Porygon2|Cute Charm|Trace|[from] ability: Trace|[of] p2a: Enamorus
|-heal|p1a: Porygon2|100/100|[from] move: Healing Wish
|-damage|p1a: Porygon2|88/100|[from] Stealth Rock
|turn|13
|
|t:|1759059499
|move|p2a: Enamorus|Calm Mind|p2a: Enamorus
|-boost|p2a: Enamorus|spa|1
|-boost|p2a: Enamorus|spd|1
|move|p1a: Porygon2|Trick Room|p1a: Porygon2
|-fieldstart|move: Trick Room|[of] p1a: Porygon2
|
|-heal|p2a: Enamorus|30/100|[from] item: Leftovers
|upkeep
|turn|14
|
|t:|1759059510
|switch|p1a: Hariyama|Hariyama, F|89/100
|-damage|p1a: Hariyama|83/100|[from] Stealth Rock
|move|p2a: Enamorus|Substitute|p2a: Enamorus
|-start|p2a: Enamorus|Substitute
|-damage|p2a: Enamorus|5/100
|
|-heal|p2a: Enamorus|11/100|[from] item: Leftovers
|upkeep
|turn|15
|
|t:|1759059517
|move|p1a: Hariyama|Ice Punch|p2a: Enamorus
|-supereffective|p2a: Enamorus
|-end|p2a: Enamorus|Substitute
|move|p2a: Enamorus|Moonblast|p1a: Hariyama
|-supereffective|p1a: Hariyama
|-damage|p1a: Hariyama|0 fnt
|faint|p1a: Hariyama
|
|-heal|p2a: Enamorus|17/100|[from] item: Leftovers
|upkeep
|
|t:|1759059520
|switch|p1a: Ursaluna|Ursaluna, F|100/100
|-damage|p1a: Ursaluna|94/100|[from] Stealth Rock
|turn|16
|
|t:|1759059532
|move|p1a: Ursaluna|Ice Punch|p2a: Enamorus
|-supereffective|p2a: Enamorus
|-damage|p2a: Enamorus|0 fnt
|faint|p2a: Enamorus
|
|-status|p1a: Ursaluna|brn|[from] item: Flame Orb
|upkeep
|
|t:|1759059537
|switch|p2a: Hatterene|Hatterene, F|4/100
|turn|17
|
|t:|1759059542
|move|p1a: Ursaluna|Ice Punch|p2a: Hatterene
|-damage|p2a: Hatterene|0 fnt
|faint|p2a: Hatterene
|
|-damage|p1a: Ursaluna|88/100 brn|[from] brn
|-fieldend|move: Trick Room
|upkeep
|
|t:|1759059549
|switch|p2a: Dragonite|Dragonite, M|100/100
|turn|18
|
|t:|1759059552
|move|p2a: Dragonite|Outrage|p1a: Ursaluna
|-damage|p1a: Ursaluna|14/100 brn
|move|p1a: Ursaluna|Ice Punch|p2a: Dragonite
|-supereffective|p2a: Dragonite
|-damage|p2a: Dragonite|5/100
|-status|p2a: Dragonite|frz
|
|-damage|p1a: Ursaluna|8/100 brn|[from] brn
|upkeep
|turn|19
|
|t:|1759059561
|-curestatus|p2a: Dragonite|frz|[msg]
|move|p2a: Dragonite|Outrage|p1a: Ursaluna|[from] lockedmove
|-damage|p1a: Ursaluna|0 fnt
|faint|p1a: Ursaluna
|
|upkeep
|
|t:|1759059566
|switch|p1a: Porygon2|Porygon2|88/100
|-damage|p1a: Porygon2|76/100|[from] Stealth Rock
|-ability|p1a: Porygon2|Multiscale|Trace|[from] ability: Trace|[of] p2a: Dragonite
|turn|20
|
|t:|1759059570
|move|p2a: Dragonite|Outrage|p1a: Porygon2|[from] lockedmove
|-damage|p1a: Porygon2|27/100
|-start|p2a: Dragonite|confusion|[fatigue]
|move|p1a: Porygon2|Foul Play|p2a: Dragonite
|-damage|p2a: Dragonite|0 fnt
|faint|p2a: Dragonite
|
|upkeep
|
|t:|1759059573
|switch|p2a: Iron Moth|Iron Moth|100/100
|-enditem|p2a: Iron Moth|Booster Energy
|-activate|p2a: Iron Moth|ability: Quark Drive|[fromitem]
|-start|p2a: Iron Moth|quarkdrivespe
|turn|21
|
|t:|1759059579
|move|p2a: Iron Moth|Fiery Dance|p1a: Porygon2
|-damage|p1a: Porygon2|3/100
|move|p1a: Porygon2|Trick Room|p1a: Porygon2
|-fieldstart|move: Trick Room|[of] p1a: Porygon2
|
|upkeep
|turn|22
|
|t:|1759059587
|move|p1a: Porygon2|Tri Attack|p2a: Iron Moth
|-damage|p2a: Iron Moth|72/100
|move|p2a: Iron Moth|Fiery Dance|p1a: Porygon2
|-damage|p1a: Porygon2|0 fnt
|-boost|p2a: Iron Moth|spa|1
|faint|p1a: Porygon2
|
|upkeep
|
|t:|1759059593
|switch|p1a: Farigiraf|Farigiraf, F|100/100
|-damage|p1a: Farigiraf|88/100|[from] Stealth Rock
|turn|23
|
|t:|1759059604
|move|p1a: Farigiraf|Psychic Noise|p2a: Iron Moth
|-supereffective|p2a: Iron Moth
|-damage|p2a: Iron Moth|0 fnt
|faint|p2a: Iron Moth
|-end|p2a: Iron Moth|Quark Drive|[silent]
|-enditem|p1a: Farigiraf|Throat Spray
|
|win|Atsushi20 MA
|raw|Atsushi20 MA's rating: 1194 &rarr; <strong>1224</strong><br />(+30 for winning)
|raw|ebon51's rating: 1269 &rarr; <strong>1239</strong><br />(-30 for losing)
|l|☆ebon51
|player|p2|
