|j|☆msksherlock
|j|☆pelana7
|t:|1759032975
|gametype|singles
|player|p1|msksherlock|169|1293
|player|p2|pelana7|1|1320
|gen|9
|tier|[Gen 9] OU
|rated|
|rule|HP Percentage Mod: HP is shown in percentages
|rule|Endless Battle Clause: Forcing endless battles is banned
|rule|Species Clause: Limit one of each Pokémon
|rule|OHKO Clause: OHKO moves are banned
|rule|Evasion Items Clause: Evasion items are banned
|rule|Evasion Moves Clause: Evasion moves are banned
|rule|Evasion Abilities Clause: Evasion abilities are banned
|rule|Sleep Moves Clause: Sleep-inducing moves are banned
|clearpoke
|poke|p1|Ninetales-Alola, F|
|poke|p1|Polteageist|
|poke|p1|Ogerpon-Wellspring, F|
|poke|p1|Iron Treads|
|poke|p1|Latias, F|
|poke|p1|Kingambit, M|
|poke|p2|Samurott-Hisui, F|
|poke|p2|Pecharunt|
|poke|p2|Araquanid, F|
|poke|p2|Great Tusk|
|poke|p2|Deoxys-Speed|
|poke|p2|Hydrapple, M|
|teampreview
|
|t:|1759032980
|teamsize|p1|6
|teamsize|p2|6
|start
|switch|p1a: Gujarat|Iron Treads, shiny|100/100
|switch|p2a: Samurott|Samurott-Hisui, F|100/100
|-enditem|p1a: Gujarat|Booster Energy
|-activate|p1a: Gujarat|ability: Quark Drive|[fromitem]
|-start|p1a: Gujarat|quarkdrivespe
|turn|1
|inactive|Battle timer is ON: inactive players will automatically lose when time's up. (requested by msksherlock)
|
|t:|1759032988
|move|p1a: Gujarat|Stealth Rock|p2a: Samurott
|-sidestart|p2: pelana7|move: Stealth Rock
|move|p2a: Samurott|Aqua Cutter|p1a: Gujarat
|-supereffective|p1a: Gujarat
|-damage|p1a: Gujarat|20/100
|
|upkeep
|turn|2
|
|t:|1759032996
|switch|p2a: Araquanid|Araquanid, F|100/100
|move|p1a: Gujarat|Steel Beam|p2a: Araquanid
|-resisted|p2a: Araquanid
|-damage|p2a: Araquanid|80/100
|-damage|p1a: Gujarat|0 fnt|[from] steelbeam
|faint|p1a: Gujarat
|-end|p1a: Gujarat|Quark Drive|[silent]
|
|upkeep
|
|t:|1759033001
|switch|p1a: Himachal|Ninetales-Alola, F, shiny|100/100
|-weather|Snowscape|[from] ability: Snow Warning|[of] p1a: Himachal
|turn|3
|
|t:|1759033028
|move|p1a: Himachal|Freeze-Dry|p2a: Araquanid
|-supereffective|p2a: Araquanid
|-damage|p2a: Araquanid|36/100
|move|p2a: Araquanid|Sticky Web|p1a: Himachal
|-sidestart|p1: msksherlock|move: Sticky Web
|
|-weather|Snowscape|[upkeep]
|upkeep
|turn|4
|
|t:|1759033039
|move|p1a: Himachal|Aurora Veil|p1a: Himachal
|-sidestart|p1: msksherlock|move: Aurora Veil
|move|p2a: Araquanid|Waterfall|p1a: Himachal
|-damage|p1a: Himachal|80/100
|
|-weather|Snowscape|[upkeep]
|upkeep
|turn|5
|inactive|pelana7 has 120 seconds left.
|
|t:|1759033054
|switch|p2a: Pecharunt|Pecharunt|100/100
|-damage|p2a: Pecharunt|88/100|[from] Stealth Rock
|move|p1a: Himachal|Freeze-Dry|p2a: Pecharunt
|-damage|p2a: Pecharunt|66/100
|-status|p2a: Pecharunt|frz
|
|-weather|Snowscape|[upkeep]
|upkeep
|turn|6
|
|t:|1759033061
|switch|p1a: Assam|Polteageist, shiny|100/100
|-activate|p1a: Assam|move: Sticky Web
|-unboost|p1a: Assam|spe|1
|-enditem|p1a: Assam|White Herb
|-clearnegativeboost|p1a: Assam|[silent]
|cant|p2a: Pecharunt|frz
|
|-weather|Snowscape|[upkeep]
|upkeep
|turn|7
|
|t:|1759033069
|move|p1a: Assam|Shell Smash|p1a: Assam
|-unboost|p1a: Assam|def|1
|-unboost|p1a: Assam|spd|1
|-boost|p1a: Assam|atk|2
|-boost|p1a: Assam|spa|2
|-boost|p1a: Assam|spe|2
|cant|p2a: Pecharunt|frz
|
|-weather|none
|upkeep
|turn|8
|
|t:|1759033078
|move|p1a: Assam|Shadow Ball|p2a: Pecharunt
|-supereffective|p2a: Pecharunt
|-damage|p2a: Pecharunt|0 fnt
|faint|p2a: Pecharunt
|
|upkeep
|
|t:|1759033083
|switch|p2a: Hydrapple|Hydrapple, M|100/100
|-damage|p2a: Hydrapple|88/100|[from] Stealth Rock
|turn|9
|
|t:|1759033088
|move|p1a: Assam|Shadow Ball|p2a: Hydrapple
|-damage|p2a: Hydrapple|51/100
|move|p2a: Hydrapple|Dragon Tail|p1a: Assam
|-damage|p1a: Assam|86/100
|-start|p2a: Hydrapple|Disable|Dragon Tail|[from] ability: Cursed Body|[of] p1a: Assam
|drag|p1a: Karnataka|Latias, F|100/100
|
|upkeep
|turn|10
|
|t:|1759033100
|switch|p2a: Araquanid|Araquanid, F|36/100
|move|p1a: Karnataka|Draining Kiss|p2a: Araquanid
|-damage|p2a: Araquanid|21/100
|
|upkeep
|turn|11
|
|t:|1759033107
|-terastallize|p1a: Karnataka|Steel
|move|p1a: Karnataka|Agility|p1a: Karnataka
|-boost|p1a: Karnataka|spe|2
|move|p2a: Araquanid|Lunge|p1a: Karnataka
|-resisted|p1a: Karnataka
|-damage|p1a: Karnataka|94/100
|-unboost|p1a: Karnataka|atk|1
|
|-heal|p1a: Karnataka|99/100|[from] item: Leftovers
|-sideend|p1: msksherlock|move: Aurora Veil
|upkeep
|turn|12
|
|t:|1759033115
|move|p1a: Karnataka|Stored Power|p2a: Araquanid
|-damage|p2a: Araquanid|0 fnt
|faint|p2a: Araquanid
|
|-heal|p1a: Karnataka|100/100|[from] item: Leftovers
|upkeep
|
|t:|1759033121
|switch|p2a: Deoxys|Deoxys-Speed|100/100
|-damage|p2a: Deoxys|88/100|[from] Stealth Rock
|-ability|p2a: Deoxys|Pressure
|turn|13
|
|t:|1759033128
|move|p1a: Karnataka|Calm Mind|p1a: Karnataka
|-boost|p1a: Karnataka|spa|1
|-boost|p1a: Karnataka|spd|1
|move|p2a: Deoxys|Thunder Wave|p1a: Karnataka|[miss]
|-miss|p2a: Deoxys|p1a: Karnataka
|
|upkeep
|turn|14
|-message|pelana7 forfeited.
|
|win|msksherlock
|raw|msksherlock's rating: 1293 &rarr; <strong>1320</strong><br />(+27 for winning)
|raw|pelana7's rating: 1320 &rarr; <strong>1298</strong><br />(-22 for losing)
|l|☆pelana7
|player|p2|
|l|☆msksherlock
|player|p1|
