|j|☆leanpro
|j|☆December233
|t:|1758940945
|gametype|singles
|player|p1|leanpro|102|1311
|player|p2|December233|evelyn|1308
|gen|9
|tier|[Gen 9] OU
|rated|
|rule|HP Percentage Mod: HP is shown in percentages
|rule|Endless Battle Clause: Forcing endless battles is banned
|rule|Species Clause: Limit one of each Pokémon
|rule|OHKO Clause: OHKO moves are banned
|rule|Evasion Items Clause: Evasion items are banned
|rule|Evasion Moves Clause: Evasion moves are banned
|rule|Evasion Abilities Clause: Evasion abilities are banned
|rule|Sleep Moves Clause: Sleep-inducing moves are banned
|clearpoke
|poke|p1|Diancie|
|poke|p1|Lucario, F|
|poke|p1|Garchomp, M|
|poke|p1|Serperior, M|
|poke|p1|Blaziken, M|
|poke|p1|Mandibuzz, F|
|poke|p2|Skuntank, F|
|poke|p2|Porygon2|
|poke|p2|Gholdengo|
|poke|p2|Great Tusk|
|poke|p2|Primarina, M|
|poke|p2|Darkrai|
|teampreview
|inactive|Battle timer is ON: inactive players will automatically lose when time's up. (requested by leanpro)
|
|t:|1758940959
|teamsize|p1|6
|teamsize|p2|6
|start
|switch|p1a: Garchomp|Garchomp, M|100/100
|switch|p2a: Primarina|Primarina, M|100/100
|turn|1
|
|t:|1758940966
|switch|p1a: Mandibuzz|Mandibuzz, F|100/100
|move|p2a: Primarina|Moonblast|p1a: Mandibuzz
|-supereffective|p1a: Mandibuzz
|-damage|p1a: Mandibuzz|25/100
|
|upkeep
|turn|2
|
|t:|1758940973
|move|p1a: Mandibuzz|U-turn|p2a: Primarina
|-resisted|p2a: Primarina
|-damage|p2a: Primarina|95/100
|
|t:|1758940977
|switch|p1a: Serperior|Serperior, M|100/100|[from] U-turn
|move|p2a: Primarina|Moonblast|p1a: Serperior
|-damage|p1a: Serperior|38/100
|
|-heal|p2a: Primarina|100/100|[from] item: Leftovers
|upkeep
|turn|3
|
|t:|1758940986
|switch|p2a: Skuntank|Skuntank, F|100/100
|move|p1a: Serperior|Leaf Storm|p2a: Skuntank
|-resisted|p2a: Skuntank
|-damage|p2a: Skuntank|67/100
|-boost|p1a: Serperior|spa|2
|
|upkeep
|turn|4
|
|t:|1758940995
|move|p1a: Serperior|Leaf Storm|p2a: Skuntank
|-resisted|p2a: Skuntank
|-damage|p2a: Skuntank|3/100
|-boost|p1a: Serperior|spa|2
|move|p2a: Skuntank|Toxic Spikes|p1a: Serperior
|-sidestart|p1: leanpro|move: Toxic Spikes
|
|upkeep
|turn|5
|
|t:|1758941002
|move|p1a: Serperior|Giga Drain|p2a: Skuntank
|-resisted|p2a: Skuntank
|-damage|p2a: Skuntank|0 fnt
|-heal|p1a: Serperior|40/100|[from] drain|[of] p2a: Skuntank
|faint|p2a: Skuntank
|
|upkeep
|
|t:|1758941004
|switch|p2a: Gholdengo|Gholdengo|100/100
|turn|6
|
|t:|1758941017
|move|p2a: Gholdengo|Make It Rain|p1a: Serperior
|-damage|p1a: Serperior|0 fnt
|-unboost|p2a: Gholdengo|spa|1
|faint|p1a: Serperior
|
|upkeep
|
|t:|1758941023
|switch|p1a: Mandibuzz|Mandibuzz, F|25/100
|turn|7
|
|t:|1758941029
|move|p2a: Gholdengo|Make It Rain|p1a: Mandibuzz
|-damage|p1a: Mandibuzz|0 fnt
|-unboost|p2a: Gholdengo|spa|1
|faint|p1a: Mandibuzz
|
|upkeep
|
|t:|1758941035
|switch|p1a: Diancie|Diancie, shiny|100/100
|-status|p1a: Diancie|psn
|turn|8
|
|t:|1758941039
|-terastallize|p1a: Diancie|Fairy
|move|p2a: Gholdengo|Make It Rain|p1a: Diancie
|-supereffective|p1a: Diancie
|-damage|p1a: Diancie|49/100 psn
|-unboost|p2a: Gholdengo|spa|1
|move|p1a: Diancie|Calm Mind|p1a: Diancie
|-boost|p1a: Diancie|spa|1
|-boost|p1a: Diancie|spd|1
|
|-heal|p1a: Diancie|55/100 psn|[from] item: Leftovers
|-damage|p1a: Diancie|43/100 psn|[from] psn
|upkeep
|turn|9
|
|t:|1758941053
|switch|p2a: Primarina|Primarina, M|100/100
|move|p1a: Diancie|Draining Kiss|p2a: Primarina
|-damage|p2a: Primarina|58/100
|-heal|p1a: Diancie|81/100 psn|[from] drain|[of] p2a: Primarina
|
|-heal|p2a: Primarina|64/100|[from] item: Leftovers
|-heal|p1a: Diancie|88/100 psn|[from] item: Leftovers
|-damage|p1a: Diancie|75/100 psn|[from] psn
|upkeep
|turn|10
|
|t:|1758941059
|move|p2a: Primarina|Calm Mind|p2a: Primarina
|-boost|p2a: Primarina|spa|1
|-boost|p2a: Primarina|spd|1
|move|p1a: Diancie|Draining Kiss|p2a: Primarina
|-damage|p2a: Primarina|36/100
|-heal|p1a: Diancie|99/100 psn|[from] drain|[of] p2a: Primarina
|
|-heal|p2a: Primarina|42/100|[from] item: Leftovers
|-heal|p1a: Diancie|100/100 psn|[from] item: Leftovers
|-damage|p1a: Diancie|88/100 psn|[from] psn
|upkeep
|turn|11
|
|t:|1758941065
|move|p2a: Primarina|Psychic Noise|p1a: Diancie
|-damage|p1a: Diancie|60/100 psn
|-start|p1a: Diancie|move: Heal Block
|move|p1a: Diancie|Calm Mind|p1a: Diancie
|-boost|p1a: Diancie|spa|1
|-boost|p1a: Diancie|spd|1
|
|-heal|p2a: Primarina|48/100|[from] item: Leftovers
|-damage|p1a: Diancie|48/100 psn|[from] psn
|upkeep
|turn|12
|
|t:|1758941072
|move|p2a: Primarina|Calm Mind|p2a: Primarina
|-boost|p2a: Primarina|spa|1
|-boost|p2a: Primarina|spd|1
|move|p1a: Diancie|Calm Mind|p1a: Diancie
|-boost|p1a: Diancie|spa|1
|-boost|p1a: Diancie|spd|1
|
|-heal|p2a: Primarina|54/100|[from] item: Leftovers
|-damage|p1a: Diancie|35/100 psn|[from] psn
|-end|p1a: Diancie|move: Heal Block
|upkeep
|turn|13
|
|t:|1758941079
|move|p2a: Primarina|Psychic Noise|p1a: Diancie
|-damage|p1a: Diancie|13/100 psn
|-start|p1a: Diancie|move: Heal Block
|move|p1a: Diancie|Iron Defense|p1a: Diancie
|-boost|p1a: Diancie|def|2
|
|-heal|p2a: Primarina|60/100|[from] item: Leftovers
|-damage|p1a: Diancie|0 fnt|[from] psn
|faint|p1a: Diancie
|upkeep
|
|t:|1758941086
|switch|p1a: Lucario|Lucario, F|100/100
|turn|14
|
|t:|1758941094
|switch|p2a: Gholdengo|Gholdengo|100/100
|move|p1a: Lucario|Steel Beam|p2a: Gholdengo
|-resisted|p2a: Gholdengo
|-damage|p2a: Gholdengo|58/100
|-damage|p1a: Lucario|50/100|[from] steelbeam
|
|upkeep
|turn|15
|
|t:|1758941102
|move|p2a: Gholdengo|Shadow Ball|p1a: Lucario
|-damage|p1a: Lucario|0 fnt
|faint|p1a: Lucario
|
|upkeep
|
|t:|1758941125
|switch|p1a: Garchomp|Garchomp, M|100/100
|-status|p1a: Garchomp|psn
|turn|16
|
|t:|1758941145
|move|p1a: Garchomp|Earthquake|p2a: Gholdengo
|-supereffective|p2a: Gholdengo
|-damage|p2a: Gholdengo|0 fnt
|faint|p2a: Gholdengo
|
|-damage|p1a: Garchomp|88/100 psn|[from] psn
|upkeep
|
|t:|1758941150
|switch|p2a: Great Tusk|Great Tusk|100/100
|turn|17
|
|t:|1758941156
|move|p1a: Garchomp|Earthquake|p2a: Great Tusk
|-damage|p2a: Great Tusk|62/100
|move|p2a: Great Tusk|Headlong Rush|p1a: Garchomp
|-damage|p1a: Garchomp|22/100 psn
|-unboost|p2a: Great Tusk|def|1
|-unboost|p2a: Great Tusk|spd|1
|-damage|p2a: Great Tusk|50/100|[from] ability: Rough Skin|[of] p1a: Garchomp
|
|-damage|p1a: Garchomp|9/100 psn|[from] psn
|upkeep
|turn|18
|
|t:|1758941166
|-end|p2a: Great Tusk|Protosynthesis|[silent]
|switch|p2a: Porygon2|Porygon2|100/100
|-ability|p2a: Porygon2|Rough Skin|Trace|[from] ability: Trace|[of] p1a: Garchomp
|move|p1a: Garchomp|Earthquake|p2a: Porygon2
|-damage|p2a: Porygon2|76/100
|
|-damage|p1a: Garchomp|0 fnt|[from] psn
|faint|p1a: Garchomp
|upkeep
|
|t:|1758941174
|switch|p1a: Blaziken|Blaziken, M, shiny|100/100
|-status|p1a: Blaziken|psn
|turn|19
|
|t:|1758941185
|move|p1a: Blaziken|Flare Blitz|p2a: Porygon2
|-damage|p2a: Porygon2|38/100
|-damage|p1a: Blaziken|88/100 psn|[from] ability: Rough Skin|[of] p2a: Porygon2
|-damage|p1a: Blaziken|73/100 psn|[from] Recoil
|-damage|p1a: Blaziken|63/100 psn|[from] item: Life Orb
|move|p2a: Porygon2|Discharge|p1a: Blaziken
|-damage|p1a: Blaziken|31/100 psn
|
|-damage|p1a: Blaziken|19/100 psn|[from] psn
|-ability|p1a: Blaziken|Speed Boost|boost
|-boost|p1a: Blaziken|spe|1
|upkeep
|turn|20
|
|t:|1758941196
|move|p1a: Blaziken|Close Combat|p2a: Porygon2
|-supereffective|p2a: Porygon2
|-damage|p2a: Porygon2|0 fnt
|-unboost|p1a: Blaziken|def|1
|-unboost|p1a: Blaziken|spd|1
|-damage|p1a: Blaziken|7/100 psn|[from] ability: Rough Skin|[of] p2a: Porygon2
|faint|p2a: Porygon2
|-damage|p1a: Blaziken|0 fnt|[from] item: Life Orb
|faint|p1a: Blaziken
|
|win|December233
|raw|leanpro's rating: 1311 &rarr; <strong>1291</strong><br />(-20 for losing)
|raw|December233's rating: 1308 &rarr; <strong>1328</strong><br />(+20 for winning)
|l|☆leanpro
|player|p1|
|l|☆December233
|player|p2|
