|j|☆TheBeast251
|j|☆juan13531
|t:|1758994661
|gametype|singles
|player|p1|TheBeast251|li|1196
|player|p2|juan13531|lucas|1144
|gen|9
|tier|[Gen 9] OU
|rated|
|rule|HP Percentage Mod: HP is shown in percentages
|rule|Endless Battle Clause: Forcing endless battles is banned
|rule|Species Clause: Limit one of each Pokémon
|rule|OHKO Clause: OHKO moves are banned
|rule|Evasion Items Clause: Evasion items are banned
|rule|Evasion Moves Clause: Evasion moves are banned
|rule|Evasion Abilities Clause: Evasion abilities are banned
|rule|Sleep Moves Clause: Sleep-inducing moves are banned
|clearpoke
|poke|p1|Froslass, F|
|poke|p1|Regidrago|
|poke|p1|Donphan, F|
|poke|p1|Phione|
|poke|p1|Pelipper, M|
|poke|p1|Lumineon, F|
|poke|p2|Iron Treads|
|poke|p2|Quaquaval, M|
|poke|p2|Latios, M|
|poke|p2|Blaziken, F|
|poke|p2|Iron Valiant|
|poke|p2|Gliscor, F|
|teampreview
|inactive|Battle timer is ON: inactive players will automatically lose when time's up. (requested by TheBeast251)
|
|t:|1758994682
|teamsize|p1|6
|teamsize|p2|6
|start
|switch|p1a: Toilet|Pelipper, M|100/100
|switch|p2a: Iron Treads|Iron Treads|100/100
|-item|p2a: Iron Treads|Air Balloon
|-weather|RainDance|[from] ability: Drizzle|[of] p1a: Toilet
|turn|1
|
|t:|1758994693
|move|p2a: Iron Treads|Stealth Rock|p1a: Toilet
|-sidestart|p1: TheBeast251|move: Stealth Rock
|move|p1a: Toilet|Weather Ball|p2a: Iron Treads
|-supereffective|p2a: Iron Treads
|-damage|p2a: Iron Treads|0 fnt
|-enditem|p2a: Iron Treads|Air Balloon
|faint|p2a: Iron Treads
|-end|p2a: Iron Treads|Quark Drive|[silent]
|
|-weather|RainDance|[upkeep]
|upkeep
|
|t:|1758994703
|switch|p2a: Latios|Latios, M|100/100
|turn|2
|
|t:|1758994707
|move|p2a: Latios|Thunderbolt|p1a: Toilet
|-supereffective|p1a: Toilet
|-damage|p1a: Toilet|0 fnt
|faint|p1a: Toilet
|
|-weather|RainDance|[upkeep]
|upkeep
|
|t:|1758994721
|switch|p1a: iPhone|Phione|100/100
|-damage|p1a: iPhone|88/100|[from] Stealth Rock
|turn|3
|
|t:|1758994727
|-terastallize|p2a: Latios|Electric
|move|p2a: Latios|Thunderbolt|p1a: iPhone
|-supereffective|p1a: iPhone
|-damage|p1a: iPhone|0 fnt
|faint|p1a: iPhone
|
|-weather|RainDance|[upkeep]
|upkeep
|
|t:|1758994735
|switch|p1a: Dumbo|Lumineon, F, shiny|100/100
|-damage|p1a: Dumbo|88/100|[from] Stealth Rock
|turn|4
|
|t:|1758994742
|-terastallize|p1a: Dumbo|Grass
|move|p1a: Dumbo|Alluring Voice|p2a: Latios
|-damage|p2a: Latios|79/100
|-enditem|p1a: Dumbo|Throat Spray
|-boost|p1a: Dumbo|spa|1|[from] item: Throat Spray
|move|p2a: Latios|Thunderbolt|p1a: Dumbo
|-resisted|p1a: Dumbo
|-damage|p1a: Dumbo|59/100
|
|-weather|RainDance|[upkeep]
|upkeep
|turn|5
|
|t:|1758994766
|move|p1a: Dumbo|Hydro Pump|p2a: Latios
|-damage|p2a: Latios|0 fnt
|faint|p2a: Latios
|
|-weather|RainDance|[upkeep]
|upkeep
|
|t:|1758994772
|switch|p2a: Blaziken|Blaziken, F|100/100
|turn|6
|
|t:|1758994779
|move|p1a: Dumbo|Hydro Pump|p2a: Blaziken
|-supereffective|p2a: Blaziken
|-enditem|p2a: Blaziken|Focus Sash
|-damage|p2a: Blaziken|1/100
|move|p2a: Blaziken|Swords Dance|p2a: Blaziken
|-boost|p2a: Blaziken|atk|2
|
|-weather|RainDance|[upkeep]
|-ability|p2a: Blaziken|Speed Boost|boost
|-boost|p2a: Blaziken|spe|1
|upkeep
|turn|7
|
|t:|1758994789
|move|p1a: Dumbo|Alluring Voice|p2a: Blaziken
|-damage|p2a: Blaziken|0 fnt
|faint|p2a: Blaziken
|
|-weather|RainDance|[upkeep]
|upkeep
|
|t:|1758994797
|switch|p2a: Quaquaval|Quaquaval, M|100/100
|turn|8
|
|t:|1758994802
|move|p1a: Dumbo|Tera Blast|p2a: Quaquaval|[anim] Tera Blast Grass
|-supereffective|p2a: Quaquaval
|-damage|p2a: Quaquaval|12/100
|move|p2a: Quaquaval|Ice Spinner|p1a: Dumbo
|-supereffective|p1a: Dumbo
|-damage|p1a: Dumbo|0 fnt
|faint|p1a: Dumbo
|-ability|p2a: Quaquaval|Moxie|boost
|-boost|p2a: Quaquaval|atk|1
|
|-weather|none
|upkeep
|
|t:|1758994815
|switch|p1a: Frostitute|Froslass, F|100/100
|-damage|p1a: Frostitute|76/100|[from] Stealth Rock
|turn|9
|
|t:|1758994828
|switch|p2a: Gliscor|Gliscor, F|100/100
|move|p1a: Frostitute|Poltergeist|p2a: Gliscor
|-activate|p2a: Gliscor|move: Poltergeist|Toxic Orb
|-damage|p2a: Gliscor|50/100
|
|-status|p2a: Gliscor|tox|[from] item: Toxic Orb
|upkeep
|turn|10
|
|t:|1758994844
|switch|p1a: Donphan|Donphan, F|100/100
|-damage|p1a: Donphan|94/100|[from] Stealth Rock
|move|p2a: Gliscor|Substitute|p2a: Gliscor
|-start|p2a: Gliscor|Substitute
|-damage|p2a: Gliscor|25/100 tox
|
|-heal|p2a: Gliscor|37/100 tox|[from] ability: Poison Heal
|upkeep
|turn|11
|
|t:|1758994852
|move|p2a: Gliscor|Toxic|p1a: Donphan
|-status|p1a: Donphan|tox
|move|p1a: Donphan|Rapid Spin|p2a: Gliscor
|-activate|p2a: Gliscor|move: Substitute|[damage]
|-sideend|p1: TheBeast251|Stealth Rock|[from] move: Rapid Spin|[of] p1a: Donphan
|-boost|p1a: Donphan|spe|1
|
|-heal|p2a: Gliscor|50/100 tox|[from] ability: Poison Heal
|-damage|p1a: Donphan|88/100 tox|[from] psn
|upkeep
|turn|12
|inactive|TheBeast251 has 120 seconds left.
|
|t:|1758994899
|move|p2a: Gliscor|Facade|p1a: Donphan
|-damage|p1a: Donphan|62/100 tox
|-enditem|p1a: Donphan|Red Card|[of] p2a: Gliscor
|drag|p2a: Quaquaval|Quaquaval, M|12/100
|move|p1a: Donphan|Knock Off|p2a: Quaquaval
|-resisted|p2a: Quaquaval
|-damage|p2a: Quaquaval|0 fnt
|-enditem|p2a: Quaquaval|Assault Vest|[from] move: Knock Off|[of] p1a: Donphan
|faint|p2a: Quaquaval
|
|-damage|p1a: Donphan|50/100 tox|[from] psn
|upkeep
|
|t:|1758994911
|switch|p2a: Gliscor|Gliscor, F|50/100 tox
|turn|13
|
|t:|1758994915
|switch|p1a: Dragonball|Regidrago|100/100
|move|p2a: Gliscor|Substitute|p2a: Gliscor
|-start|p2a: Gliscor|Substitute
|-damage|p2a: Gliscor|25/100 tox
|
|-heal|p2a: Gliscor|37/100 tox|[from] ability: Poison Heal
|upkeep
|turn|14
|
|t:|1758994923
|move|p1a: Dragonball|Dragon Energy|p2a: Gliscor
|-end|p2a: Gliscor|Substitute
|move|p2a: Gliscor|Toxic|p1a: Dragonball
|-status|p1a: Dragonball|tox
|
|-damage|p1a: Dragonball|94/100 tox|[from] psn
|-heal|p2a: Gliscor|50/100 tox|[from] ability: Poison Heal
|upkeep
|turn|15
|
|t:|1758994932
|switch|p1a: Frostitute|Froslass, F|76/100
|move|p2a: Gliscor|Protect||[still]
|-fail|p2a: Gliscor
|
|-heal|p2a: Gliscor|62/100 tox|[from] ability: Poison Heal
|upkeep
|turn|16
|
|t:|1758994937
|move|p1a: Frostitute|Triple Axel|p2a: Gliscor
|-supereffective|p2a: Gliscor
|-damage|p2a: Gliscor|26/100 tox
|-supereffective|p2a: Gliscor
|-damage|p2a: Gliscor|0 fnt
|faint|p2a: Gliscor
|-hitcount|p2: Gliscor|2
|
|upkeep
|-message|juan13531 forfeited.
|
|win|TheBeast251
|raw|TheBeast251's rating: 1196 &rarr; <strong>1217</strong><br />(+21 for winning)
|raw|juan13531's rating: 1144 &rarr; <strong>1123</strong><br />(-21 for losing)
|l|☆juan13531
|player|p2|
|l|☆TheBeast251
|player|p1|
