|j|☆MrTeddy15
|j|☆Technoproz13150097
|t:|1759040970
|gametype|singles
|player|p1|MrTeddy15|170|1050
|player|p2|Technoproz13150097|acerola-masters|1106
|gen|9
|tier|[Gen 9] OU
|rated|
|rule|HP Percentage Mod: HP is shown in percentages
|rule|Endless Battle Clause: Forcing endless battles is banned
|rule|Species Clause: Limit one of each Pokémon
|rule|OHKO Clause: OHKO moves are banned
|rule|Evasion Items Clause: Evasion items are banned
|rule|Evasion Moves Clause: Evasion moves are banned
|rule|Evasion Abilities Clause: Evasion abilities are banned
|rule|Sleep Moves Clause: Sleep-inducing moves are banned
|clearpoke
|poke|p1|Dragonite, F|
|poke|p1|Rotom-Wash|
|poke|p1|Entei|
|poke|p1|Umbreon, M|
|poke|p1|Great Tusk|
|poke|p1|Gholdengo|
|poke|p2|Reuniclus, M|
|poke|p2|Slowking-Galar, F|
|poke|p2|Scizor, M|
|poke|p2|Blaziken, M|
|poke|p2|Gliscor, M|
|poke|p2|Ting-Lu|
|teampreview
|inactive|Battle timer is ON: inactive players will automatically lose when time's up. (requested by Technoproz13150097)
|
|t:|1759040981
|teamsize|p1|6
|teamsize|p2|6
|start
|switch|p1a: Rotom|Rotom-Wash|100/100
|switch|p2a: Blaziken|Blaziken, M|100/100
|-item|p2a: Blaziken|Air Balloon
|turn|1
|
|t:|1759040989
|move|p2a: Blaziken|Protect|p2a: Blaziken
|-singleturn|p2a: Blaziken|Protect
|move|p1a: Rotom|Hydro Pump|p2a: Blaziken
|-activate|p2a: Blaziken|move: Protect
|
|-ability|p2a: Blaziken|Speed Boost|boost
|-boost|p2a: Blaziken|spe|1
|upkeep
|turn|2
|
|t:|1759040998
|move|p2a: Blaziken|Close Combat|p1a: Rotom
|-damage|p1a: Rotom|36/100
|-unboost|p2a: Blaziken|def|1
|-unboost|p2a: Blaziken|spd|1
|move|p1a: Rotom|Will-O-Wisp|p2a: Blaziken
|-immune|p2a: Blaziken
|
|-heal|p1a: Rotom|42/100|[from] item: Leftovers
|-ability|p2a: Blaziken|Speed Boost|boost
|-boost|p2a: Blaziken|spe|1
|upkeep
|turn|3
|
|t:|1759041021
|switch|p1a: Great Tusk|Great Tusk|100/100
|-enditem|p1a: Great Tusk|Booster Energy
|-activate|p1a: Great Tusk|ability: Protosynthesis|[fromitem]
|-start|p1a: Great Tusk|protosynthesisatk
|move|p2a: Blaziken|Close Combat|p1a: Great Tusk
|-damage|p1a: Great Tusk|52/100
|-unboost|p2a: Blaziken|def|1
|-unboost|p2a: Blaziken|spd|1
|
|-ability|p2a: Blaziken|Speed Boost|boost
|-boost|p2a: Blaziken|spe|1
|upkeep
|turn|4
|inactive|MrTeddy15 has 120 seconds left.
|
|t:|1759041041
|switch|p2a: Gliscor|Gliscor, M|100/100
|move|p1a: Great Tusk|Play Rough|p2a: Gliscor
|-damage|p2a: Gliscor|76/100
|
|-status|p2a: Gliscor|tox|[from] item: Toxic Orb
|upkeep
|turn|5
|
|t:|1759041051
|-end|p1a: Great Tusk|Protosynthesis|[silent]
|switch|p1a: Rotom|Rotom-Wash|42/100
|move|p2a: Gliscor|Earthquake|p1a: Rotom
|-immune|p1a: Rotom|[from] ability: Levitate
|
|-heal|p1a: Rotom|49/100|[from] item: Leftovers
|-heal|p2a: Gliscor|89/100 tox|[from] ability: Poison Heal
|upkeep
|turn|6
|
|t:|1759041060
|move|p2a: Gliscor|Knock Off|p1a: Rotom
|-damage|p1a: Rotom|26/100
|-enditem|p1a: Rotom|Leftovers|[from] move: Knock Off|[of] p2a: Gliscor
|move|p1a: Rotom|Pain Split|p2a: Gliscor
|-sethp|p2a: Gliscor|55/100 tox|[from] move: Pain Split|[silent]
|-sethp|p1a: Rotom|64/100|[from] move: Pain Split
|
|-heal|p2a: Gliscor|68/100 tox|[from] ability: Poison Heal
|upkeep
|turn|7
|
|t:|1759041072
|move|p2a: Gliscor|Protect|p2a: Gliscor
|-singleturn|p2a: Gliscor|Protect
|move|p1a: Rotom|Hydro Pump|p2a: Gliscor
|-activate|p2a: Gliscor|move: Protect
|
|-heal|p2a: Gliscor|80/100 tox|[from] ability: Poison Heal
|upkeep
|turn|8
|
|t:|1759041082
|switch|p2a: Slowking|Slowking-Galar, F|100/100
|move|p1a: Rotom|Hydro Pump|p2a: Slowking
|-damage|p2a: Slowking|75/100
|
|-heal|p2a: Slowking|81/100|[from] item: Leftovers
|upkeep
|turn|9
|
|t:|1759041091
|move|p1a: Rotom|Will-O-Wisp|p2a: Slowking
|-status|p2a: Slowking|brn
|move|p2a: Slowking|Future Sight|p1a: Rotom
|-start|p2a: Slowking|move: Future Sight
|
|-heal|p2a: Slowking|87/100 brn|[from] item: Leftovers
|-damage|p2a: Slowking|81/100 brn|[from] brn
|upkeep
|turn|10
|
|t:|1759041105
|move|p1a: Rotom|Pain Split|p2a: Slowking
|-sethp|p2a: Slowking|65/100 brn|[from] move: Pain Split|[silent]
|-sethp|p1a: Rotom|84/100|[from] move: Pain Split
|move|p2a: Slowking|Trick Room|p2a: Slowking
|-fieldstart|move: Trick Room|[of] p2a: Slowking
|
|-heal|p2a: Slowking|71/100 brn|[from] item: Leftovers
|-damage|p2a: Slowking|65/100 brn|[from] brn
|upkeep
|turn|11
|
|t:|1759041113
|-prepare|p2a: Slowking|Chilly Reception|[premajor]
|move|p2a: Slowking|Chilly Reception|p2a: Slowking
|-weather|Snowscape
|
|t:|1759041117
|switch|p2a: Reuniclus|Reuniclus, M|100/100|[from] Chilly Reception
|move|p1a: Rotom|Volt Switch|p2a: Reuniclus
|-damage|p2a: Reuniclus|77/100
|
|t:|1759041125
|switch|p1a: Umbreon|Umbreon, M, shiny|100/100|[from] Volt Switch
|
|-weather|Snowscape|[upkeep]
|-end|p1a: Umbreon|move: Future Sight
|-immune|p1a: Umbreon
|-heal|p2a: Reuniclus|83/100|[from] item: Leftovers
|upkeep
|turn|12
|
|t:|1759041134
|move|p2a: Reuniclus|Calm Mind|p2a: Reuniclus
|-boost|p2a: Reuniclus|spa|1
|-boost|p2a: Reuniclus|spd|1
|move|p1a: Umbreon|Toxic|p2a: Reuniclus
|-status|p2a: Reuniclus|tox
|
|-weather|Snowscape|[upkeep]
|-heal|p2a: Reuniclus|89/100 tox|[from] item: Leftovers
|upkeep
|turn|13
|
|t:|1759041141
|move|p2a: Reuniclus|Calm Mind|p2a: Reuniclus
|-boost|p2a: Reuniclus|spa|1
|-boost|p2a: Reuniclus|spd|1
|move|p1a: Umbreon|Wish|p1a: Umbreon
|
|-weather|Snowscape|[upkeep]
|-heal|p2a: Reuniclus|95/100 tox|[from] item: Leftovers
|upkeep
|turn|14
|
|t:|1759041149
|move|p2a: Reuniclus|Focus Blast|p1a: Umbreon|[miss]
|-miss|p2a: Reuniclus|p1a: Umbreon
|move|p1a: Umbreon|Foul Play|p2a: Reuniclus
|-supereffective|p2a: Reuniclus
|-damage|p2a: Reuniclus|52/100 tox
|
|-weather|Snowscape|[upkeep]
|-heal|p2a: Reuniclus|58/100 tox|[from] item: Leftovers
|-fieldend|move: Trick Room
|upkeep
|turn|15
|
|t:|1759041158
|switch|p1a: Gholdengo|Gholdengo|100/100
|-item|p1a: Gholdengo|Air Balloon
|move|p2a: Reuniclus|Focus Blast|p1a: Gholdengo
|-immune|p1a: Gholdengo
|
|-weather|none
|-heal|p2a: Reuniclus|65/100 tox|[from] item: Leftovers
|upkeep
|turn|16
|
|t:|1759041168
|switch|p2a: Slowking|Slowking-Galar, F|99/100 brn
|move|p1a: Gholdengo|Hex|p2a: Slowking
|-supereffective|p2a: Slowking
|-damage|p2a: Slowking|0 fnt
|faint|p2a: Slowking
|
|upkeep
|
|t:|1759041179
|switch|p2a: Ting-Lu|Ting-Lu|100/100
|-ability|p2a: Ting-Lu|Vessel of Ruin
|turn|17
|
|t:|1759041197
|switch|p1a: Umbreon|Umbreon, M, shiny|100/100
|move|p2a: Ting-Lu|Stealth Rock|p1a: Umbreon
|-sidestart|p1: MrTeddy15|move: Stealth Rock
|
|upkeep
|turn|18
|
|t:|1759041207
|move|p1a: Umbreon|Wish|p1a: Umbreon
|move|p2a: Ting-Lu|Spikes|p1a: Umbreon
|-sidestart|p1: MrTeddy15|Spikes
|
|upkeep
|turn|19
|
|t:|1759041212
|move|p1a: Umbreon|Toxic|p2a: Ting-Lu
|-status|p2a: Ting-Lu|tox
|move|p2a: Ting-Lu|Spikes|p1a: Umbreon
|-sidestart|p1: MrTeddy15|Spikes
|
|-damage|p2a: Ting-Lu|94/100 tox|[from] psn
|upkeep
|turn|20
|
|t:|1759041221
|switch|p1a: Great Tusk|Great Tusk|52/100
|-damage|p1a: Great Tusk|49/100|[from] Stealth Rock
|-damage|p1a: Great Tusk|32/100|[from] Spikes
|move|p2a: Ting-Lu|Spikes|p1a: Great Tusk
|-sidestart|p1: MrTeddy15|Spikes
|
|-heal|p2a: Ting-Lu|100/100 tox|[from] item: Leftovers
|-damage|p2a: Ting-Lu|88/100 tox|[from] psn
|upkeep
|turn|21
|
|t:|1759041231
|-terastallize|p2a: Ting-Lu|Ghost
|move|p1a: Great Tusk|Rapid Spin|p2a: Ting-Lu
|-immune|p2a: Ting-Lu
|move|p2a: Ting-Lu|Whirlwind|p1a: Great Tusk
|-end|p1a: Great Tusk|Protosynthesis|[silent]
|drag|p1a: Entei|Entei|100/100
|-damage|p1a: Entei|76/100|[from] Stealth Rock
|-damage|p1a: Entei|51/100|[from] Spikes
|
|-heal|p2a: Ting-Lu|94/100 tox|[from] item: Leftovers
|-damage|p2a: Ting-Lu|76/100 tox|[from] psn
|upkeep
|turn|22
|
|t:|1759041244
|move|p1a: Entei|Sacred Fire|p2a: Ting-Lu
|-damage|p2a: Ting-Lu|42/100 tox
|move|p2a: Ting-Lu|Whirlwind|p1a: Entei
|drag|p1a: Great Tusk|Great Tusk|32/100
|-damage|p1a: Great Tusk|30/100|[from] Stealth Rock
|-damage|p1a: Great Tusk|5/100|[from] Spikes
|
|-heal|p2a: Ting-Lu|48/100 tox|[from] item: Leftovers
|-damage|p2a: Ting-Lu|23/100 tox|[from] psn
|upkeep
|turn|23
|
|t:|1759041267
|move|p1a: Great Tusk|Headlong Rush|p2a: Ting-Lu
|-damage|p2a: Ting-Lu|0 fnt
|-unboost|p1a: Great Tusk|def|1
|-unboost|p1a: Great Tusk|spd|1
|faint|p2a: Ting-Lu
|
|upkeep
|
|t:|1759041272
|switch|p2a: Scizor|Scizor, M|100/100
|turn|24
|
|t:|1759041283
|-end|p1a: Great Tusk|Protosynthesis|[silent]
|switch|p1a: Gholdengo|Gholdengo|100/100
|-damage|p1a: Gholdengo|94/100|[from] Stealth Rock
|-item|p1a: Gholdengo|Air Balloon
|move|p2a: Scizor|Bullet Punch|p1a: Gholdengo
|-resisted|p1a: Gholdengo
|-damage|p1a: Gholdengo|74/100
|-enditem|p1a: Gholdengo|Air Balloon
|-damage|p2a: Scizor|91/100|[from] item: Life Orb
|
|upkeep
|turn|25
|
|t:|1759041297
|move|p1a: Gholdengo|Thunder Wave|p2a: Scizor
|-status|p2a: Scizor|par
|move|p2a: Scizor|Tailwind|p2a: Scizor
|-sidestart|p2: Technoproz13150097|move: Tailwind
|
|upkeep
|turn|26
|
|t:|1759041306
|move|p1a: Gholdengo|Hex|p2a: Scizor
|-damage|p2a: Scizor|0 fnt
|faint|p2a: Scizor
|
|upkeep
|
|t:|1759041311
|switch|p2a: Blaziken|Blaziken, M|100/100
|-item|p2a: Blaziken|Air Balloon
|turn|27
|
|t:|1759041332
|-terastallize|p1a: Gholdengo|Flying
|move|p2a: Blaziken|Swords Dance|p2a: Blaziken
|-boost|p2a: Blaziken|atk|2
|move|p1a: Gholdengo|Thunder Wave|p2a: Blaziken
|-status|p2a: Blaziken|par
|
|-ability|p2a: Blaziken|Speed Boost|boost
|-boost|p2a: Blaziken|spe|1
|upkeep
|turn|28
|
|t:|1759041341
|move|p2a: Blaziken|Protect|p2a: Blaziken
|-singleturn|p2a: Blaziken|Protect
|move|p1a: Gholdengo|Hex|p2a: Blaziken
|-activate|p2a: Blaziken|move: Protect
|
|-sideend|p2: Technoproz13150097|move: Tailwind
|-ability|p2a: Blaziken|Speed Boost|boost
|-boost|p2a: Blaziken|spe|1
|upkeep
|turn|29
|
|t:|1759041349
|move|p2a: Blaziken|Flare Blitz|p1a: Gholdengo
|-damage|p1a: Gholdengo|0 fnt
|faint|p1a: Gholdengo
|-damage|p2a: Blaziken|70/100 par|[from] Recoil
|
|-ability|p2a: Blaziken|Speed Boost|boost
|-boost|p2a: Blaziken|spe|1
|upkeep
|
|t:|1759041363
|switch|p1a: Dragonite|Dragonite, F|100/100
|-damage|p1a: Dragonite|75/100|[from] Stealth Rock
|turn|30
|
|t:|1759041378
|move|p1a: Dragonite|Extreme Speed|p2a: Blaziken
|-damage|p2a: Blaziken|21/100 par
|-enditem|p2a: Blaziken|Air Balloon
|move|p2a: Blaziken|Flare Blitz|p1a: Dragonite
|-resisted|p1a: Dragonite
|-damage|p1a: Dragonite|6/100
|-damage|p2a: Blaziken|0 fnt|[from] Recoil
|faint|p2a: Blaziken
|
|-heal|p1a: Dragonite|13/100|[from] item: Leftovers
|upkeep
|
|t:|1759041392
|switch|p2a: Gliscor|Gliscor, M|80/100 tox
|turn|31
|
|t:|1759041399
|move|p1a: Dragonite|Dragon Dance|p1a: Dragonite
|-boost|p1a: Dragonite|atk|1
|-boost|p1a: Dragonite|spe|1
|move|p2a: Gliscor|Knock Off|p1a: Dragonite
|-crit|p1a: Dragonite
|-damage|p1a: Dragonite|0 fnt
|-enditem|p1a: Dragonite|Leftovers|[from] move: Knock Off|[of] p2a: Gliscor
|faint|p1a: Dragonite
|
|-heal|p2a: Gliscor|93/100 tox|[from] ability: Poison Heal
|upkeep
|
|t:|1759041413
|switch|p1a: Rotom|Rotom-Wash|84/100
|-damage|p1a: Rotom|72/100|[from] Stealth Rock
|turn|32
|
|t:|1759041419
|move|p2a: Gliscor|Toxic|p1a: Rotom|[miss]
|-miss|p2a: Gliscor|p1a: Rotom
|move|p1a: Rotom|Pain Split|p2a: Gliscor
|-sethp|p2a: Gliscor|77/100 tox|[from] move: Pain Split|[silent]
|-sethp|p1a: Rotom|90/100|[from] move: Pain Split
|
|-heal|p2a: Gliscor|89/100 tox|[from] ability: Poison Heal
|upkeep
|turn|33
|
|t:|1759041427
|move|p2a: Gliscor|Toxic|p1a: Rotom
|-status|p1a: Rotom|tox
|move|p1a: Rotom|Hydro Pump|p2a: Gliscor
|-supereffective|p2a: Gliscor
|-damage|p2a: Gliscor|0 fnt
|faint|p2a: Gliscor
|
|-damage|p1a: Rotom|83/100 tox|[from] psn
|upkeep
|
|t:|1759041433
|switch|p2a: Reuniclus|Reuniclus, M|65/100 tox
|turn|34
|
|t:|1759041440
|move|p1a: Rotom|Hydro Pump|p2a: Reuniclus
|-damage|p2a: Reuniclus|29/100 tox
|move|p2a: Reuniclus|Trick Room|p2a: Reuniclus
|-fieldstart|move: Trick Room|[of] p2a: Reuniclus
|
|-heal|p2a: Reuniclus|35/100 tox|[from] item: Leftovers
|-damage|p1a: Rotom|71/100 tox|[from] psn
|upkeep
|turn|35
|
|t:|1759041447
|move|p2a: Reuniclus|Calm Mind|p2a: Reuniclus
|-boost|p2a: Reuniclus|spa|1
|-boost|p2a: Reuniclus|spd|1
|move|p1a: Rotom|Hydro Pump|p2a: Reuniclus
|-damage|p2a: Reuniclus|10/100 tox
|
|-heal|p2a: Reuniclus|16/100 tox|[from] item: Leftovers
|-damage|p1a: Rotom|52/100 tox|[from] psn
|upkeep
|turn|36
|
|t:|1759041458
|move|p2a: Reuniclus|Psychic|p1a: Rotom
|-damage|p1a: Rotom|0 fnt
|faint|p1a: Rotom
|
|-heal|p2a: Reuniclus|22/100 tox|[from] item: Leftovers
|upkeep
|
|t:|1759041465
|switch|p1a: Entei|Entei|51/100
|-damage|p1a: Entei|26/100|[from] Stealth Rock
|-damage|p1a: Entei|1/100|[from] Spikes
|turn|37
|
|t:|1759041473
|move|p1a: Entei|Extreme Speed|p2a: Reuniclus
|-damage|p2a: Reuniclus|0 fnt
|faint|p2a: Reuniclus
|
|win|MrTeddy15
|raw|MrTeddy15's rating: 1050 &rarr; <strong>1088</strong><br />(+38 for winning)
|raw|Technoproz13150097's rating: 1106 &rarr; <strong>1077</strong><br />(-29 for losing)
|l|☆MrTeddy15
|player|p1|
|l|☆Technoproz13150097
|player|p2|
