|badge|p1|silver|gen9doublesou|30-6
|uhtml|medal-msg|<div class="broadcast-blue">Curious what those medals under the avatar are? PS now has Ladder Seasons! For more information, check out the <a href="https://www.smogon.com/forums/threads/3740067/">thread on Smogon.</a></div>
|j|☆3idk
|j|☆lerendezvous
|t:|1758953714
|gametype|singles
|player|p1|3idk|cynthia-masters|1642
|player|p2|lerendezvous|101|1657
|gen|9
|tier|[Gen 9] OU
|rated|
|rule|HP Percentage Mod: HP is shown in percentages
|rule|Endless Battle Clause: Forcing endless battles is banned
|rule|Species Clause: Limit one of each Pokémon
|rule|OHKO Clause: OHKO moves are banned
|rule|Evasion Items Clause: Evasion items are banned
|rule|Evasion Moves Clause: Evasion moves are banned
|rule|Evasion Abilities Clause: Evasion abilities are banned
|rule|Sleep Moves Clause: Sleep-inducing moves are banned
|clearpoke
|poke|p1|Tyranitar, M|
|poke|p1|Excadrill, F|
|poke|p1|Keldeo-Resolute|
|poke|p1|Tornadus-Therian, M|
|poke|p1|Heatran, F|
|poke|p1|Hydrapple, F|
|poke|p2|Ogerpon-Wellspring, F|
|poke|p2|Slowking-Galar, M|
|poke|p2|Great Tusk|
|poke|p2|Moltres|
|poke|p2|Dragapult, M|
|poke|p2|Kingambit, F|
|teampreview
|inactive|Battle timer is ON: inactive players will automatically lose when time's up. (requested by 3idk)
|inactive|lerendezvous also wants the timer to be on.
|
|t:|1758953728
|teamsize|p1|6
|teamsize|p2|6
|start
|switch|p1a: Tornadus|Tornadus-Therian, M|100/100
|switch|p2a: Kingambit|Kingambit, F|100/100
|turn|1
|
|t:|1758953735
|-end|p2a: Kingambit|fallenundefined|[silent]
|switch|p2a: Slowking|Slowking-Galar, M|100/100
|move|p1a: Tornadus|Heat Wave|p2a: Slowking
|-damage|p2a: Slowking|89/100
|
|upkeep
|turn|2
|
|t:|1758953741
|switch|p2a: Moltres|Moltres|100/100
|move|p1a: Tornadus|Taunt|p2a: Moltres
|-start|p2a: Moltres|move: Taunt
|
|upkeep
|turn|3
|
|t:|1758953747
|switch|p2a: Slowking|Slowking-Galar, M|100/100
|move|p1a: Tornadus|Bleakwind Storm|p2a: Slowking
|-damage|p2a: Slowking|83/100
|
|upkeep
|turn|4
|
|t:|1758953752
|move|p1a: Tornadus|Taunt|p2a: Slowking
|-start|p2a: Slowking|move: Taunt
|move|p2a: Slowking|Ice Beam|p1a: Tornadus
|-supereffective|p1a: Tornadus
|-damage|p1a: Tornadus|41/100
|
|upkeep
|turn|5
|
|t:|1758953758
|switch|p2a: Great Tusk|Great Tusk|100/100
|move|p1a: Tornadus|U-turn|p2a: Great Tusk
|-resisted|p2a: Great Tusk
|-damage|p2a: Great Tusk|95/100
|-damage|p1a: Tornadus|25/100|[from] item: Rocky Helmet|[of] p2a: Great Tusk
|
|t:|1758953762
|switch|p1a: Keldeo|Keldeo-Resolute|100/100|[from] U-turn
|
|upkeep
|turn|6
|j| chaintrainalt
|
|t:|1758953766
|-end|p2a: Great Tusk|Protosynthesis|[silent]
|switch|p2a: Slowking|Slowking-Galar, M|100/100
|move|p1a: Keldeo|Flip Turn|p2a: Slowking
|-damage|p2a: Slowking|86/100
|
|t:|1758953771
|switch|p1a: Tyranitar|Tyranitar, M|100/100|[from] Flip Turn
|-weather|Sandstorm|[from] ability: Sand Stream|[of] p1a: Tyranitar
|
|-weather|Sandstorm|[upkeep]
|-damage|p2a: Slowking|80/100|[from] Sandstorm
|upkeep
|turn|7
|
|t:|1758953775
|switch|p2a: Ogerpon|Ogerpon-Wellspring, F|100/100
|move|p1a: Tyranitar|Ice Punch|p2a: Ogerpon
|-damage|p2a: Ogerpon|44/100
|
|-weather|Sandstorm|[upkeep]
|-damage|p2a: Ogerpon|38/100|[from] Sandstorm
|upkeep
|turn|8
|
|t:|1758953783
|switch|p1a: Hydrapple|Hydrapple, F|100/100
|move|p2a: Ogerpon|U-turn|p1a: Hydrapple
|-supereffective|p1a: Hydrapple
|-damage|p1a: Hydrapple|69/100
|-damage|p2a: Ogerpon|21/100|[from] item: Rocky Helmet|[of] p1a: Hydrapple
|
|t:|1758953791
|switch|p2a: Slowking|Slowking-Galar, M|100/100|[from] U-turn
|
|-weather|Sandstorm|[upkeep]
|-damage|p1a: Hydrapple|63/100|[from] Sandstorm
|-damage|p2a: Slowking|94/100|[from] Sandstorm
|upkeep
|turn|9
|
|t:|1758953798
|switch|p1a: Heatran|Heatran, F|100/100
|switch|p2a: Great Tusk|Great Tusk|95/100
|
|-weather|Sandstorm|[upkeep]
|upkeep
|turn|10
|
|t:|1758953810
|switch|p1a: Hydrapple|Hydrapple, F|96/100
|move|p2a: Great Tusk|Stealth Rock|p1a: Hydrapple
|-sidestart|p1: 3idk|move: Stealth Rock
|
|-weather|none
|upkeep
|turn|11
|
|t:|1758953819
|-end|p2a: Great Tusk|Protosynthesis|[silent]
|switch|p2a: Slowking|Slowking-Galar, M|100/100
|switch|p1a: Heatran|Heatran, F|100/100
|-damage|p1a: Heatran|88/100|[from] Stealth Rock
|
|-heal|p1a: Heatran|94/100|[from] item: Leftovers
|upkeep
|turn|12
|
|t:|1758953824
|switch|p2a: Ogerpon|Ogerpon-Wellspring, F|21/100
|move|p1a: Heatran|Magma Storm|p2a: Ogerpon|[miss]
|-miss|p1a: Heatran|p2a: Ogerpon
|
|-heal|p1a: Heatran|100/100|[from] item: Leftovers
|upkeep
|turn|13
|
|t:|1758953830
|move|p2a: Ogerpon|Knock Off|p1a: Heatran
|-damage|p1a: Heatran|65/100
|-enditem|p1a: Heatran|Leftovers|[from] move: Knock Off|[of] p2a: Ogerpon
|move|p1a: Heatran|Stealth Rock|p2a: Ogerpon
|-sidestart|p2: lerendezvous|move: Stealth Rock
|
|upkeep
|turn|14
|
|t:|1758953837
|switch|p1a: Hydrapple|Hydrapple, F|100/100
|-damage|p1a: Hydrapple|88/100|[from] Stealth Rock
|move|p2a: Ogerpon|Ivy Cudgel|p1a: Hydrapple|[anim] Ivy Cudgel Water
|-resisted|p1a: Hydrapple
|-damage|p1a: Hydrapple|79/100
|
|upkeep
|turn|15
|
|t:|1758953843
|switch|p2a: Slowking|Slowking-Galar, M|100/100
|-damage|p2a: Slowking|88/100|[from] Stealth Rock
|move|p1a: Hydrapple|Fickle Beam|p2a: Slowking
|-damage|p2a: Slowking|71/100
|
|upkeep
|turn|16
|
|t:|1758953850
|switch|p2a: Great Tusk|Great Tusk|95/100
|-damage|p2a: Great Tusk|92/100|[from] Stealth Rock
|move|p1a: Hydrapple|Giga Drain|p2a: Great Tusk
|-supereffective|p2a: Great Tusk
|-damage|p2a: Great Tusk|3/100
|-heal|p1a: Hydrapple|100/100|[from] drain|[of] p2a: Great Tusk
|
|upkeep
|turn|17
|j| wgw2333
|
|t:|1758953856
|move|p2a: Great Tusk|Ice Spinner|p1a: Hydrapple
|-supereffective|p1a: Hydrapple
|-damage|p1a: Hydrapple|40/100
|-damage|p2a: Great Tusk|0 fnt|[from] item: Rocky Helmet|[of] p1a: Hydrapple
|faint|p2a: Great Tusk
|-end|p2a: Great Tusk|Protosynthesis|[silent]
|move|p1a: Hydrapple|Fickle Beam|p2: Great Tusk|[notarget]
|-fail|p1a: Hydrapple
|
|upkeep
|
|t:|1758953861
|switch|p2a: Dragapult|Dragapult, M|100/100
|turn|18
|
|t:|1758953866
|switch|p1a: Heatran|Heatran, F|65/100
|-damage|p1a: Heatran|53/100|[from] Stealth Rock
|move|p2a: Dragapult|U-turn|p1a: Heatran
|-resisted|p1a: Heatran
|-damage|p1a: Heatran|49/100
|
|t:|1758953872
|switch|p2a: Ogerpon|Ogerpon-Wellspring, F|21/100|[from] U-turn
|-damage|p2a: Ogerpon|9/100|[from] Stealth Rock
|
|upkeep
|turn|19
|
|t:|1758953876
|switch|p1a: Hydrapple|Hydrapple, F|73/100
|-damage|p1a: Hydrapple|61/100|[from] Stealth Rock
|move|p2a: Ogerpon|Ivy Cudgel|p1a: Hydrapple|[anim] Ivy Cudgel Water
|-resisted|p1a: Hydrapple
|-crit|p1a: Hydrapple
|-damage|p1a: Hydrapple|48/100
|
|upkeep
|turn|20
|
|t:|1758953882
|move|p2a: Ogerpon|Knock Off|p1a: Hydrapple
|-damage|p1a: Hydrapple|26/100
|-damage|p2a: Ogerpon|0 fnt|[from] item: Rocky Helmet|[of] p1a: Hydrapple
|faint|p2a: Ogerpon
|move|p1a: Hydrapple|Fickle Beam|p2: Ogerpon|[notarget]
|-fail|p1a: Hydrapple
|
|upkeep
|
|t:|1758953887
|switch|p2a: Dragapult|Dragapult, M|100/100
|turn|21
|
|t:|1758953892
|switch|p1a: Tornadus|Tornadus-Therian, M|58/100
|move|p2a: Dragapult|Hex|p1a: Tornadus
|-damage|p1a: Tornadus|30/100
|
|upkeep
|turn|22
|
|t:|1758953899
|switch|p1a: Heatran|Heatran, F|49/100
|-damage|p1a: Heatran|37/100|[from] Stealth Rock
|move|p2a: Dragapult|Dragon Darts|p1a: Heatran
|-resisted|p1a: Heatran
|-damage|p1a: Heatran|28/100
|-anim|p2a: Dragapult|Dragon Darts|p1a: Heatran
|-resisted|p1a: Heatran
|-damage|p1a: Heatran|20/100
|
|upkeep
|turn|23
|j| Xman13777
|
|t:|1758953905
|move|p2a: Dragapult|Dragon Darts|p1a: Heatran
|-resisted|p1a: Heatran
|-damage|p1a: Heatran|11/100
|-anim|p2a: Dragapult|Dragon Darts|p1a: Heatran
|-resisted|p1a: Heatran
|-damage|p1a: Heatran|2/100
|move|p1a: Heatran|Magma Storm|p2a: Dragapult|[miss]
|-miss|p1a: Heatran|p2a: Dragapult
|
|upkeep
|turn|24
|
|t:|1758953912
|move|p2a: Dragapult|Dragon Darts|p1a: Heatran
|-resisted|p1a: Heatran
|-damage|p1a: Heatran|0 fnt
|faint|p1a: Heatran
|
|upkeep
|
|t:|1758953916
|switch|p1a: Tyranitar|Tyranitar, M|100/100
|-damage|p1a: Tyranitar|88/100|[from] Stealth Rock
|-weather|Sandstorm|[from] ability: Sand Stream|[of] p1a: Tyranitar
|turn|25
|
|t:|1758953920
|move|p2a: Dragapult|U-turn|p1a: Tyranitar
|-supereffective|p1a: Tyranitar
|-damage|p1a: Tyranitar|51/100
|
|t:|1758953925
|switch|p2a: Moltres|Moltres|100/100|[from] U-turn
|move|p1a: Tyranitar|Knock Off|p2a: Moltres
|-damage|p2a: Moltres|46/100
|-status|p1a: Tyranitar|brn|[from] ability: Flame Body|[of] p2a: Moltres
|-enditem|p2a: Moltres|Heavy-Duty Boots|[from] move: Knock Off|[of] p1a: Tyranitar
|
|-weather|Sandstorm|[upkeep]
|-damage|p2a: Moltres|40/100|[from] Sandstorm
|-damage|p1a: Tyranitar|45/100 brn|[from] brn
|upkeep
|turn|26
|
|t:|1758953931
|switch|p1a: Keldeo|Keldeo-Resolute|100/100
|-damage|p1a: Keldeo|94/100|[from] Stealth Rock
|move|p2a: Moltres|Roost|p2a: Moltres
|-heal|p2a: Moltres|90/100
|-singleturn|p2a: Moltres|move: Roost
|
|-weather|Sandstorm|[upkeep]
|-damage|p1a: Keldeo|88/100|[from] Sandstorm
|-damage|p2a: Moltres|84/100|[from] Sandstorm
|upkeep
|turn|27
|j| ohnononooo
|
|t:|1758953936
|switch|p2a: Slowking|Slowking-Galar, M|100/100
|-damage|p2a: Slowking|88/100|[from] Stealth Rock
|move|p1a: Keldeo|Flip Turn|p2a: Slowking
|-damage|p2a: Slowking|73/100
|
|t:|1758953940
|switch|p1a: Excadrill|Excadrill, F|100/100|[from] Flip Turn
|-damage|p1a: Excadrill|97/100|[from] Stealth Rock
|-item|p1a: Excadrill|Air Balloon
|
|-weather|Sandstorm|[upkeep]
|-damage|p2a: Slowking|67/100|[from] Sandstorm
|upkeep
|turn|28
|
|t:|1758953944
|switch|p2a: Moltres|Moltres|84/100
|-damage|p2a: Moltres|34/100|[from] Stealth Rock
|move|p1a: Excadrill|Rapid Spin|p2a: Moltres
|-damage|p2a: Moltres|20/100
|-boost|p1a: Excadrill|spe|1
|-status|p1a: Excadrill|brn|[from] ability: Flame Body|[of] p2a: Moltres
|-sideend|p1: 3idk|Stealth Rock|[from] move: Rapid Spin|[of] p1a: Excadrill
|
|-weather|Sandstorm|[upkeep]
|-damage|p2a: Moltres|14/100|[from] Sandstorm
|-damage|p1a: Excadrill|91/100 brn|[from] brn
|upkeep
|turn|29
|
|t:|1758953953
|move|p1a: Excadrill|Iron Head|p2a: Moltres
|-resisted|p2a: Moltres
|-damage|p2a: Moltres|6/100
|cant|p2a: Moltres|flinch
|
|-weather|none
|-damage|p1a: Excadrill|85/100 brn|[from] brn
|upkeep
|turn|30
|
|t:|1758953960
|move|p1a: Excadrill|Rapid Spin|p2a: Moltres
|-damage|p2a: Moltres|0 fnt
|-boost|p1a: Excadrill|spe|1
|faint|p2a: Moltres
|
|-damage|p1a: Excadrill|79/100 brn|[from] brn
|upkeep
|
|t:|1758953966
|switch|p2a: Kingambit|Kingambit, F|100/100
|-damage|p2a: Kingambit|94/100|[from] Stealth Rock
|-activate|p2a: Kingambit|ability: Supreme Overlord
|-start|p2a: Kingambit|fallen3|[silent]
|turn|31
|
|t:|1758953971
|switch|p1a: Keldeo|Keldeo-Resolute|88/100
|-terastallize|p2a: Kingambit|Ghost
|move|p2a: Kingambit|Swords Dance|p2a: Kingambit
|-boost|p2a: Kingambit|atk|2
|
|-heal|p2a: Kingambit|100/100|[from] item: Leftovers
|upkeep
|turn|32
|
|t:|1758953981
|-terastallize|p1a: Keldeo|Water
|move|p1a: Keldeo|Surf|p2a: Kingambit
|-damage|p2a: Kingambit|4/100
|move|p2a: Kingambit|Iron Head|p1a: Keldeo
|-resisted|p1a: Keldeo
|-damage|p1a: Keldeo|26/100
|
|-heal|p2a: Kingambit|10/100|[from] item: Leftovers
|upkeep
|turn|33
|
|t:|1758953991
|switch|p1a: Tyranitar|Tyranitar, M|45/100 brn
|-weather|Sandstorm|[from] ability: Sand Stream|[of] p1a: Tyranitar
|move|p2a: Kingambit|Sucker Punch||[still]
|-fail|p2a: Kingambit
|
|-weather|Sandstorm|[upkeep]
|-damage|p2a: Kingambit|4/100|[from] Sandstorm
|-heal|p2a: Kingambit|10/100|[from] item: Leftovers
|-damage|p1a: Tyranitar|39/100 brn|[from] brn
|upkeep
|turn|34
|
|t:|1758953997
|move|p2a: Kingambit|Sucker Punch|p1a: Tyranitar
|-resisted|p1a: Tyranitar
|-damage|p1a: Tyranitar|0 fnt
|faint|p1a: Tyranitar
|
|-weather|Sandstorm|[upkeep]
|-damage|p2a: Kingambit|4/100|[from] Sandstorm
|-heal|p2a: Kingambit|10/100|[from] item: Leftovers
|upkeep
|
|t:|1758954003
|switch|p1a: Hydrapple|Hydrapple, F|60/100
|turn|35
|
|t:|1758954007
|move|p2a: Kingambit|Iron Head|p1a: Hydrapple
|-damage|p1a: Hydrapple|0 fnt
|-damage|p2a: Kingambit|0 fnt|[from] item: Rocky Helmet|[of] p1a: Hydrapple
|faint|p1a: Hydrapple
|faint|p2a: Kingambit
|-end|p2a: Kingambit|fallen3|[silent]
|
|-weather|Sandstorm|[upkeep]
|upkeep
|
|t:|1758954013
|switch|p2a: Slowking|Slowking-Galar, M|99/100
|switch|p1a: Excadrill|Excadrill, F|79/100 brn
|-item|p1a: Excadrill|Air Balloon
|-damage|p2a: Slowking|88/100|[from] Stealth Rock
|turn|36
|
|t:|1758954017
|move|p1a: Excadrill|Earthquake|p2a: Slowking
|-supereffective|p2a: Slowking
|-damage|p2a: Slowking|26/100
|move|p2a: Slowking|Flamethrower|p1a: Excadrill
|-supereffective|p1a: Excadrill
|-damage|p1a: Excadrill|3/100 brn
|-enditem|p1a: Excadrill|Air Balloon
|
|-weather|Sandstorm|[upkeep]
|-damage|p2a: Slowking|20/100|[from] Sandstorm
|-damage|p1a: Excadrill|0 fnt|[from] brn
|faint|p1a: Excadrill
|upkeep
|
|t:|1758954024
|switch|p1a: Keldeo|Keldeo-Resolute, tera:Water|26/100
|turn|37
|
|t:|1758954028
|move|p1a: Keldeo|Surf|p2a: Slowking
|-damage|p2a: Slowking|0 fnt
|faint|p2a: Slowking
|
|-weather|none
|upkeep
|
|t:|1758954033
|switch|p2a: Dragapult|Dragapult, M|100/100
|turn|38
|
|t:|1758954037
|move|p2a: Dragapult|Dragon Darts|p1a: Keldeo
|-damage|p1a: Keldeo|0 fnt
|faint|p1a: Keldeo
|
|upkeep
|
|t:|1758954040
|switch|p1a: Tornadus|Tornadus-Therian, M|63/100
|turn|39
|
|t:|1758954044
|move|p2a: Dragapult|Dragon Darts|p1a: Tornadus
|-damage|p1a: Tornadus|42/100
|-anim|p2a: Dragapult|Dragon Darts|p1a: Tornadus
|-damage|p1a: Tornadus|18/100
|move|p1a: Tornadus|Bleakwind Storm|p2a: Dragapult
|-damage|p2a: Dragapult|48/100
|
|upkeep
|turn|40
|
|t:|1758954050
|move|p2a: Dragapult|Dragon Darts|p1a: Tornadus
|-damage|p1a: Tornadus|0 fnt
|faint|p1a: Tornadus
|
|win|lerendezvous
|raw|3idk's rating: 1642 &rarr; <strong>1623</strong><br />(-19 for losing)
|raw|lerendezvous's rating: 1657 &rarr; <strong>1676</strong><br />(+19 for winning)
|l|☆lerendezvous
|player|p2|
|l|☆3idk
|player|p1|
|l| chaintrainalt
