|j|☆BlueOff
|j|☆coober68419
|t:|1759010539
|gametype|singles
|player|p1|BlueOff|blue|1201
|player|p2|coober68419|ltsurge|1209
|gen|9
|tier|[Gen 9] OU
|rated|
|rule|HP Percentage Mod: HP is shown in percentages
|rule|Endless Battle Clause: Forcing endless battles is banned
|rule|Species Clause: Limit one of each Pokémon
|rule|OHKO Clause: OHKO moves are banned
|rule|Evasion Items Clause: Evasion items are banned
|rule|Evasion Moves Clause: Evasion moves are banned
|rule|Evasion Abilities Clause: Evasion abilities are banned
|rule|Sleep Moves Clause: Sleep-inducing moves are banned
|clearpoke
|poke|p1|Muk-Alola, M|
|poke|p1|Rhydon, M|
|poke|p1|Exeggutor, F|
|poke|p1|Gyarados, F|
|poke|p1|Arcanine-Hisui, M|
|poke|p1|Blastoise, M|
|poke|p2|Sandy Shocks|
|poke|p2|Amoonguss, F|
|poke|p2|Darkrai|
|poke|p2|Great Tusk|
|poke|p2|Iron Valiant|
|poke|p2|Walking Wake|
|teampreview
|inactive|Battle timer is ON: inactive players will automatically lose when time's up. (requested by coober68419)
|
|t:|1759010553
|teamsize|p1|6
|teamsize|p2|6
|start
|switch|p1a: Exeggutor|Exeggutor, F|100/100
|switch|p2a: Sandy Shocks|Sandy Shocks|100/100
|-enditem|p2a: Sandy Shocks|Booster Energy
|-activate|p2a: Sandy Shocks|ability: Protosynthesis|[fromitem]
|-start|p2a: Sandy Shocks|protosynthesisspa
|turn|1
|
|t:|1759010570
|move|p2a: Sandy Shocks|Stealth Rock|p1a: Exeggutor
|-sidestart|p1: BlueOff|move: Stealth Rock
|move|p1a: Exeggutor|Trick|p2a: Sandy Shocks
|-activate|p1a: Exeggutor|move: Trick|[of] p2a: Sandy Shocks
|-item|p2a: Sandy Shocks|Choice Specs|[from] move: Trick
|-enditem|p1a: Exeggutor|Choice Specs|[silent]|[from] move: Trick
|
|upkeep
|turn|2
|
|t:|1759010583
|move|p2a: Sandy Shocks|Thunderbolt|p1a: Exeggutor
|-resisted|p1a: Exeggutor
|-damage|p1a: Exeggutor|59/100
|move|p1a: Exeggutor|Future Sight|p2a: Sandy Shocks
|-start|p1a: Exeggutor|move: Future Sight
|
|upkeep
|turn|3
|
|t:|1759010590
|move|p2a: Sandy Shocks|Thunderbolt|p1a: Exeggutor
|-resisted|p1a: Exeggutor
|-damage|p1a: Exeggutor|21/100
|move|p1a: Exeggutor|Leaf Storm|p2a: Sandy Shocks
|-supereffective|p2a: Sandy Shocks
|-damage|p2a: Sandy Shocks|0 fnt
|-unboost|p1a: Exeggutor|spa|2
|faint|p2a: Sandy Shocks
|-end|p2a: Sandy Shocks|Protosynthesis|[silent]
|
|upkeep
|
|t:|1759010598
|switch|p2a: Darkrai|Darkrai, shiny|100/100
|turn|4
|
|t:|1759010604
|switch|p1a: Muk|Muk-Alola, M|100/100
|-damage|p1a: Muk|88/100|[from] Stealth Rock
|move|p2a: Darkrai|Dark Pulse|p1a: Muk
|-resisted|p1a: Muk
|-damage|p1a: Muk|69/100
|-damage|p2a: Darkrai|91/100|[from] item: Life Orb
|
|-end|p2a: Darkrai|move: Future Sight
|-immune|p2a: Darkrai
|-heal|p1a: Muk|75/100|[from] item: Black Sludge
|upkeep
|turn|5
|
|t:|1759010623
|switch|p2a: Great Tusk|Great Tusk|100/100
|move|p1a: Muk|Knock Off|p2a: Great Tusk
|-resisted|p2a: Great Tusk
|-damage|p2a: Great Tusk|91/100
|-enditem|p2a: Great Tusk|Leftovers|[from] move: Knock Off|[of] p1a: Muk
|
|-heal|p1a: Muk|81/100|[from] item: Black Sludge
|upkeep
|turn|6
|
|t:|1759010634
|switch|p1a: Gyarados|Gyarados, F|100/100
|-ability|p1a: Gyarados|Intimidate|boost
|-unboost|p2a: Great Tusk|atk|1
|move|p2a: Great Tusk|Earthquake|p1a: Gyarados
|-immune|p1a: Gyarados
|
|upkeep
|turn|7
|
|t:|1759010649
|-end|p2a: Great Tusk|Protosynthesis|[silent]
|switch|p2a: Amoonguss|Amoonguss, F|100/100
|move|p1a: Gyarados|Thunder Wave|p2a: Amoonguss
|-status|p2a: Amoonguss|par
|
|upkeep
|turn|8
|
|t:|1759010664
|switch|p1a: Muk|Muk-Alola, M|81/100
|-damage|p1a: Muk|69/100|[from] Stealth Rock
|cant|p2a: Amoonguss|par
|
|-heal|p1a: Muk|75/100|[from] item: Black Sludge
|upkeep
|turn|9
|
|t:|1759010678
|move|p1a: Muk|Gunk Shot|p2a: Amoonguss
|-damage|p2a: Amoonguss|59/100 par
|move|p2a: Amoonguss|Giga Drain|p1a: Muk
|-resisted|p1a: Muk
|-damage|p1a: Muk|66/100
|-heal|p2a: Amoonguss|64/100 par|[from] drain|[of] p1a: Muk
|
|-heal|p1a: Muk|72/100|[from] item: Black Sludge
|-heal|p2a: Amoonguss|70/100 par|[from] item: Black Sludge
|upkeep
|turn|10
|
|t:|1759010687
|switch|p2a: Great Tusk|Great Tusk|91/100
|move|p1a: Muk|Knock Off|p2a: Great Tusk
|-resisted|p2a: Great Tusk
|-damage|p2a: Great Tusk|83/100
|
|-heal|p1a: Muk|78/100|[from] item: Black Sludge
|upkeep
|turn|11
|
|t:|1759010695
|switch|p1a: Gyarados|Gyarados, F|100/100
|-ability|p1a: Gyarados|Intimidate|boost
|-unboost|p2a: Great Tusk|atk|1
|move|p2a: Great Tusk|Ice Spinner|p1a: Gyarados
|-damage|p1a: Gyarados|86/100
|
|upkeep
|turn|12
|
|t:|1759010723
|-end|p2a: Great Tusk|Protosynthesis|[silent]
|switch|p2a: Walking Wake|Walking Wake|100/100
|-enditem|p2a: Walking Wake|Booster Energy
|-activate|p2a: Walking Wake|ability: Protosynthesis|[fromitem]
|-start|p2a: Walking Wake|protosynthesisspa
|move|p1a: Gyarados|Ice Fang|p2a: Walking Wake
|-damage|p2a: Walking Wake|77/100
|
|upkeep
|turn|13
|
|t:|1759010732
|move|p2a: Walking Wake|Dragon Pulse|p1a: Gyarados
|-damage|p1a: Gyarados|33/100
|move|p1a: Gyarados|Thunder Wave|p2a: Walking Wake
|-status|p2a: Walking Wake|par
|
|upkeep
|turn|14
|
|t:|1759010749
|switch|p1a: Exeggutor|Exeggutor, F|21/100
|-damage|p1a: Exeggutor|9/100|[from] Stealth Rock
|move|p2a: Walking Wake|Dragon Pulse|p1a: Exeggutor
|-damage|p1a: Exeggutor|0 fnt
|faint|p1a: Exeggutor
|
|upkeep
|
|t:|1759010762
|switch|p1a: Arcanine|Arcanine-Hisui, M|100/100
|-damage|p1a: Arcanine|76/100|[from] Stealth Rock
|turn|15
|
|t:|1759010768
|move|p1a: Arcanine|Head Smash|p2a: Walking Wake
|-damage|p2a: Walking Wake|0 fnt
|faint|p2a: Walking Wake
|-end|p2a: Walking Wake|Protosynthesis|[silent]
|
|upkeep
|
|t:|1759010776
|switch|p2a: Iron Valiant|Iron Valiant, shiny|100/100
|-enditem|p2a: Iron Valiant|Booster Energy
|-activate|p2a: Iron Valiant|ability: Quark Drive|[fromitem]
|-start|p2a: Iron Valiant|quarkdrivespe
|turn|16
|
|t:|1759010787
|switch|p1a: Rhydon|Rhydon, M|100/100
|-damage|p1a: Rhydon|94/100|[from] Stealth Rock
|move|p2a: Iron Valiant|Aura Sphere|p1a: Rhydon
|-supereffective|p1a: Rhydon
|-damage|p1a: Rhydon|26/100
|
|upkeep
|turn|17
|
|t:|1759010797
|move|p2a: Iron Valiant|Aura Sphere|p1a: Rhydon
|-supereffective|p1a: Rhydon
|-damage|p1a: Rhydon|0 fnt
|faint|p1a: Rhydon
|
|upkeep
|
|t:|1759010806
|switch|p1a: Muk|Muk-Alola, M|78/100
|-damage|p1a: Muk|66/100|[from] Stealth Rock
|turn|18
|
|t:|1759010826
|-end|p2a: Iron Valiant|Quark Drive|[silent]
|switch|p2a: Great Tusk|Great Tusk|83/100
|move|p1a: Muk|Toxic|p2a: Great Tusk
|-status|p2a: Great Tusk|tox
|
|-heal|p1a: Muk|72/100|[from] item: Black Sludge
|-damage|p2a: Great Tusk|77/100 tox|[from] psn
|upkeep
|turn|19
|
|t:|1759010834
|move|p1a: Muk|Protect|p1a: Muk
|-singleturn|p1a: Muk|Protect
|move|p2a: Great Tusk|Earthquake|p1a: Muk
|-activate|p1a: Muk|move: Protect
|
|-heal|p1a: Muk|78/100|[from] item: Black Sludge
|-damage|p2a: Great Tusk|65/100 tox|[from] psn
|upkeep
|turn|20
|
|t:|1759010843
|switch|p1a: Gyarados|Gyarados, F|33/100
|-ability|p1a: Gyarados|Intimidate|boost
|-unboost|p2a: Great Tusk|atk|1
|move|p2a: Great Tusk|Earthquake|p1a: Gyarados
|-immune|p1a: Gyarados
|
|-damage|p2a: Great Tusk|46/100 tox|[from] psn
|upkeep
|turn|21
|
|t:|1759010854
|move|p1a: Gyarados|Waterfall|p2a: Great Tusk
|-supereffective|p2a: Great Tusk
|-damage|p2a: Great Tusk|0 fnt
|faint|p2a: Great Tusk
|-end|p2a: Great Tusk|Protosynthesis|[silent]
|
|upkeep
|
|t:|1759010859
|switch|p2a: Darkrai|Darkrai, shiny|91/100
|turn|22
|
|t:|1759010862
|switch|p1a: Muk|Muk-Alola, M|78/100
|-damage|p1a: Muk|65/100|[from] Stealth Rock
|move|p2a: Darkrai|Dark Pulse|p1a: Muk
|-resisted|p1a: Muk
|-damage|p1a: Muk|49/100
|-damage|p2a: Darkrai|81/100|[from] item: Life Orb
|
|-heal|p1a: Muk|55/100|[from] item: Black Sludge
|upkeep
|turn|23
|
|t:|1759010873
|move|p2a: Darkrai|Psychic|p1a: Muk
|-immune|p1a: Muk
|move|p1a: Muk|Gunk Shot|p2a: Darkrai
|-damage|p2a: Darkrai|28/100
|
|-heal|p1a: Muk|61/100|[from] item: Black Sludge
|upkeep
|turn|24
|
|t:|1759010886
|move|p1a: Muk|Protect|p1a: Muk
|-singleturn|p1a: Muk|Protect
|move|p2a: Darkrai|Dark Pulse|p1a: Muk
|-activate|p1a: Muk|move: Protect
|
|-heal|p1a: Muk|67/100|[from] item: Black Sludge
|upkeep
|turn|25
|
|t:|1759010893
|move|p2a: Darkrai|Dark Pulse|p1a: Muk
|-resisted|p1a: Muk
|-damage|p1a: Muk|49/100
|-damage|p2a: Darkrai|18/100|[from] item: Life Orb
|move|p1a: Muk|Gunk Shot|p2a: Darkrai|[miss]
|-miss|p1a: Muk|p2a: Darkrai
|
|-heal|p1a: Muk|55/100|[from] item: Black Sludge
|upkeep
|turn|26
|
|t:|1759010902
|move|p2a: Darkrai|Dark Pulse|p1a: Muk
|-resisted|p1a: Muk
|-damage|p1a: Muk|36/100
|-damage|p2a: Darkrai|8/100|[from] item: Life Orb
|move|p1a: Muk|Knock Off|p2a: Darkrai
|-resisted|p2a: Darkrai
|-damage|p2a: Darkrai|0 fnt
|-enditem|p2a: Darkrai|Life Orb|[from] move: Knock Off|[of] p1a: Muk
|faint|p2a: Darkrai
|
|-heal|p1a: Muk|42/100|[from] item: Black Sludge
|upkeep
|
|t:|1759010908
|switch|p2a: Iron Valiant|Iron Valiant, shiny|100/100
|turn|27
|
|t:|1759010915
|move|p1a: Muk|Protect|p1a: Muk
|-singleturn|p1a: Muk|Protect
|move|p2a: Iron Valiant|Moonblast|p1a: Muk
|-activate|p1a: Muk|move: Protect
|
|-heal|p1a: Muk|48/100|[from] item: Black Sludge
|upkeep
|turn|28
|
|t:|1759010925
|-terastallize|p2a: Iron Valiant|Ground
|move|p2a: Iron Valiant|Moonblast|p1a: Muk
|-damage|p1a: Muk|20/100
|move|p1a: Muk|Gunk Shot|p2a: Iron Valiant
|-resisted|p2a: Iron Valiant
|-damage|p2a: Iron Valiant|74/100
|
|-heal|p1a: Muk|26/100|[from] item: Black Sludge
|upkeep
|turn|29
|
|t:|1759010934
|move|p2a: Iron Valiant|Moonblast|p1a: Muk
|-damage|p1a: Muk|0 fnt
|faint|p1a: Muk
|
|upkeep
|
|t:|1759010941
|switch|p1a: Blastoise|Blastoise, M|100/100
|-damage|p1a: Blastoise|88/100|[from] Stealth Rock
|turn|30
|
|t:|1759010952
|-end|p2a: Iron Valiant|Quark Drive|[silent]
|switch|p2a: Amoonguss|Amoonguss, F|100/100 par
|move|p1a: Blastoise|Shell Smash|p1a: Blastoise
|-unboost|p1a: Blastoise|def|1
|-unboost|p1a: Blastoise|spd|1
|-boost|p1a: Blastoise|atk|2
|-boost|p1a: Blastoise|spa|2
|-boost|p1a: Blastoise|spe|2
|-enditem|p1a: Blastoise|White Herb
|-clearnegativeboost|p1a: Blastoise|[silent]
|
|upkeep
|turn|31
|
|t:|1759010962
|-terastallize|p1a: Blastoise|Electric
|move|p1a: Blastoise|Ice Beam|p2a: Amoonguss
|-supereffective|p2a: Amoonguss
|-damage|p2a: Amoonguss|7/100 par
|move|p2a: Amoonguss|Giga Drain|p1a: Blastoise
|-damage|p1a: Blastoise|64/100
|-heal|p2a: Amoonguss|17/100 par|[from] drain|[of] p1a: Blastoise
|
|-heal|p2a: Amoonguss|23/100 par|[from] item: Black Sludge
|upkeep
|turn|32
|
|t:|1759010974
|move|p1a: Blastoise|Ice Beam|p2a: Amoonguss
|-supereffective|p2a: Amoonguss
|-damage|p2a: Amoonguss|0 fnt
|faint|p2a: Amoonguss
|
|upkeep
|
|t:|1759010976
|switch|p2a: Iron Valiant|Iron Valiant, shiny, tera:Ground|74/100
|turn|33
|
|t:|1759010981
|move|p1a: Blastoise|Ice Beam|p2a: Iron Valiant
|-supereffective|p2a: Iron Valiant
|-damage|p2a: Iron Valiant|0 fnt
|faint|p2a: Iron Valiant
|-end|p2a: Iron Valiant|Quark Drive|[silent]
|
|win|BlueOff
|raw|BlueOff's rating: 1201 &rarr; <strong>1227</strong><br />(+26 for winning)
|raw|coober68419's rating: 1209 &rarr; <strong>1183</strong><br />(-26 for losing)
|l|☆coober68419
|player|p2|
|l|☆BlueOff
|player|p1|
