|j|☆digiwayne003
|j|☆Yelo_Galaxy
|t:|1759034377
|gametype|singles
|player|p1|digiwayne003|beauty|1519
|player|p2|Yelo_Galaxy|169|1591
|gen|9
|tier|[Gen 9] OU
|rated|
|rule|HP Percentage Mod: HP is shown in percentages
|rule|Endless Battle Clause: Forcing endless battles is banned
|rule|Species Clause: Limit one of each Pokémon
|rule|OHKO Clause: OHKO moves are banned
|rule|Evasion Items Clause: Evasion items are banned
|rule|Evasion Moves Clause: Evasion moves are banned
|rule|Evasion Abilities Clause: Evasion abilities are banned
|rule|Sleep Moves Clause: Sleep-inducing moves are banned
|clearpoke
|poke|p1|Armarouge, M|
|poke|p1|Indeedee, M|
|poke|p1|Deoxys-Speed|
|poke|p1|Volcanion|
|poke|p1|Ting-Lu|
|poke|p1|Great Tusk|
|poke|p2|Torkoal, M|
|poke|p2|Hatterene, F|
|poke|p2|Raging Bolt|
|poke|p2|Slither Wing|
|poke|p2|Venusaur, F|
|poke|p2|Walking Wake|
|teampreview
|
|t:|1759034386
|teamsize|p1|6
|teamsize|p2|6
|start
|switch|p1a: Great Tusk|Great Tusk|100/100
|switch|p2a: Slither Wing|Slither Wing|100/100
|-enditem|p1a: Great Tusk|Booster Energy
|-activate|p1a: Great Tusk|ability: Protosynthesis|[fromitem]
|-start|p1a: Great Tusk|protosynthesisspe
|turn|1
|
|t:|1759034392
|move|p1a: Great Tusk|Bulk Up|p1a: Great Tusk
|-boost|p1a: Great Tusk|atk|1
|-boost|p1a: Great Tusk|def|1
|move|p2a: Slither Wing|U-turn|p1a: Great Tusk
|-resisted|p1a: Great Tusk
|-damage|p1a: Great Tusk|92/100
|
|t:|1759034397
|-end|p2a: Slither Wing|Protosynthesis|[silent]
|switch|p2a: Walking Wake|Walking Wake|100/100|[from] U-turn
|
|upkeep
|turn|2
|
|t:|1759034402
|-end|p2a: Walking Wake|Protosynthesis|[silent]
|switch|p2a: Hatterene|Hatterene, F|100/100
|-item|p2a: Hatterene|Air Balloon
|move|p1a: Great Tusk|Headlong Rush|p2a: Hatterene
|-immune|p2a: Hatterene
|
|upkeep
|turn|3
|
|t:|1759034407
|-terastallize|p1a: Great Tusk|Fire
|move|p1a: Great Tusk|Rapid Spin|p2a: Hatterene
|-damage|p2a: Hatterene|83/100
|-boost|p1a: Great Tusk|spe|1
|-enditem|p2a: Hatterene|Air Balloon
|move|p2a: Hatterene|Dazzling Gleam|p1a: Great Tusk
|-resisted|p1a: Great Tusk
|-crit|p1a: Great Tusk
|-damage|p1a: Great Tusk|58/100
|
|upkeep
|turn|4
|
|t:|1759034414
|move|p1a: Great Tusk|Headlong Rush|p2a: Hatterene
|-damage|p2a: Hatterene|25/100
|-unboost|p1a: Great Tusk|def|1
|-unboost|p1a: Great Tusk|spd|1
|move|p2a: Hatterene|Psychic Noise|p1a: Great Tusk
|-damage|p1a: Great Tusk|1/100
|-start|p1a: Great Tusk|move: Heal Block
|
|upkeep
|turn|5
|
|t:|1759034419
|move|p1a: Great Tusk|Headlong Rush|p2a: Hatterene
|-damage|p2a: Hatterene|0 fnt
|-unboost|p1a: Great Tusk|def|1
|-unboost|p1a: Great Tusk|spd|1
|faint|p2a: Hatterene
|
|-end|p1a: Great Tusk|move: Heal Block
|upkeep
|
|t:|1759034422
|switch|p2a: Slither Wing|Slither Wing|100/100
|turn|6
|
|t:|1759034424
|-end|p1a: Great Tusk|Protosynthesis|[silent]
|switch|p1a: Indeedee|Indeedee, M|100/100
|-fieldstart|move: Psychic Terrain|[from] ability: Psychic Surge|[of] p1a: Indeedee
|move|p2a: Slither Wing|First Impression|p1a: Indeedee
|-activate|p1a: Indeedee|move: Psychic Terrain
|
|upkeep
|turn|7
|
|t:|1759034427
|move|p1a: Indeedee|Expanding Force|p2a: Slither Wing
|-supereffective|p2a: Slither Wing
|-damage|p2a: Slither Wing|9/100
|move|p2a: Slither Wing|U-turn|p1a: Indeedee
|-supereffective|p1a: Indeedee
|-damage|p1a: Indeedee|0 fnt
|faint|p1a: Indeedee
|
|t:|1759034430
|-end|p2a: Slither Wing|Protosynthesis|[silent]
|switch|p2a: Torkoal|Torkoal, M|100/100|[from] U-turn
|-weather|SunnyDay|[from] ability: Drought|[of] p2a: Torkoal
|
|-weather|SunnyDay|[upkeep]
|upkeep
|
|t:|1759034435
|switch|p1a: Armarouge|Armarouge, M|100/100
|turn|8
|
|t:|1759034441
|move|p1a: Armarouge|Calm Mind|p1a: Armarouge
|-boost|p1a: Armarouge|spa|1
|-boost|p1a: Armarouge|spd|1
|move|p2a: Torkoal|Earthquake|p1a: Armarouge
|-supereffective|p1a: Armarouge
|-damage|p1a: Armarouge|56/100
|-ability|p1a: Armarouge|Weak Armor|boost
|-unboost|p1a: Armarouge|def|1
|-boost|p1a: Armarouge|spe|2
|
|-weather|SunnyDay|[upkeep]
|upkeep
|turn|9
|inactive|Battle timer is ON: inactive players will automatically lose when time's up. (requested by digiwayne003)
|
|t:|1759034445
|move|p1a: Armarouge|Expanding Force|p2a: Torkoal
|-crit|p2a: Torkoal
|-damage|p2a: Torkoal|0 fnt
|faint|p2a: Torkoal
|
|-weather|SunnyDay|[upkeep]
|upkeep
|
|t:|1759034448
|switch|p2a: Slither Wing|Slither Wing|9/100
|-activate|p2a: Slither Wing|ability: Protosynthesis
|-start|p2a: Slither Wing|protosynthesisatk
|turn|10
|
|t:|1759034458
|move|p1a: Armarouge|Expanding Force|p2a: Slither Wing
|-supereffective|p2a: Slither Wing
|-damage|p2a: Slither Wing|0 fnt
|faint|p2a: Slither Wing
|-end|p2a: Slither Wing|Protosynthesis|[silent]
|
|-weather|SunnyDay|[upkeep]
|upkeep
|
|t:|1759034460
|switch|p2a: Venusaur|Venusaur, F|100/100
|turn|11
|
|t:|1759034462
|move|p2a: Venusaur|Earthquake|p1a: Armarouge
|-supereffective|p1a: Armarouge
|-damage|p1a: Armarouge|0 fnt
|faint|p1a: Armarouge
|-damage|p2a: Venusaur|91/100|[from] item: Life Orb
|
|-weather|SunnyDay|[upkeep]
|upkeep
|
|t:|1759034465
|switch|p1a: Deoxys|Deoxys-Speed|100/100
|-ability|p1a: Deoxys|Pressure
|turn|12
|
|t:|1759034472
|move|p2a: Venusaur|Weather Ball|p1a: Deoxys
|-damage|p1a: Deoxys|14/100
|-damage|p2a: Venusaur|81/100|[from] item: Life Orb
|move|p1a: Deoxys|Psyshock|p2a: Venusaur
|-supereffective|p2a: Venusaur
|-damage|p2a: Venusaur|0 fnt
|faint|p2a: Venusaur
|
|-weather|SunnyDay|[upkeep]
|upkeep
|
|t:|1759034475
|switch|p2a: Walking Wake|Walking Wake|100/100
|-activate|p2a: Walking Wake|ability: Protosynthesis
|-start|p2a: Walking Wake|protosynthesisspe
|turn|13
|
|t:|1759034484
|move|p2a: Walking Wake|Weather Ball|p1a: Deoxys
|-damage|p1a: Deoxys|0 fnt
|faint|p1a: Deoxys
|
|-weather|SunnyDay|[upkeep]
|-fieldend|move: Psychic Terrain
|upkeep
|c|☆Yelo_Galaxy|Don’t mind me
|
|t:|1759034486
|switch|p1a: Volcanion|Volcanion|100/100
|turn|14
|c|☆Yelo_Galaxy|just selling the game
|c|☆Yelo_Galaxy|by letting torkoal die
|c|☆Yelo_Galaxy|and going slither wing
|
|t:|1759034500
|-end|p2a: Walking Wake|Protosynthesis|[silent]
|switch|p2a: Raging Bolt|Raging Bolt|100/100
|-activate|p2a: Raging Bolt|ability: Protosynthesis
|-start|p2a: Raging Bolt|protosynthesisspa
|move|p1a: Volcanion|Earth Power|p2a: Raging Bolt
|-supereffective|p2a: Raging Bolt
|-damage|p2a: Raging Bolt|38/100
|
|-weather|none
|-end|p2a: Raging Bolt|Protosynthesis
|upkeep
|turn|15
|
|t:|1759034507
|switch|p1a: Ting-Lu|Ting-Lu|100/100
|-ability|p1a: Ting-Lu|Vessel of Ruin
|move|p2a: Raging Bolt|Dragon Pulse|p1a: Ting-Lu
|-crit|p1a: Ting-Lu
|-damage|p1a: Ting-Lu|49/100
|-damage|p2a: Raging Bolt|28/100|[from] item: Life Orb
|
|-heal|p1a: Ting-Lu|55/100|[from] item: Leftovers
|upkeep
|turn|16
|-message|Yelo_Galaxy forfeited.
|
|win|digiwayne003
|raw|digiwayne003's rating: 1519 &rarr; <strong>1543</strong><br />(+24 for winning)
|raw|Yelo_Galaxy's rating: 1591 &rarr; <strong>1567</strong><br />(-24 for losing)
|l|☆Yelo_Galaxy
|player|p2|
|l|☆digiwayne003
|player|p1|
