|j|☆itspaoloooo
|j|☆FantasiaG
|t:|1759003768
|gametype|singles
|player|p1|itspaoloooo|hilbert-wonderlauncher|1176
|player|p2|FantasiaG|101|1194
|gen|9
|tier|[Gen 9] OU
|rated|
|rule|HP Percentage Mod: HP is shown in percentages
|rule|Endless Battle Clause: Forcing endless battles is banned
|rule|Species Clause: Limit one of each Pokémon
|rule|OHKO Clause: OHKO moves are banned
|rule|Evasion Items Clause: Evasion items are banned
|rule|Evasion Moves Clause: Evasion moves are banned
|rule|Evasion Abilities Clause: Evasion abilities are banned
|rule|Sleep Moves Clause: Sleep-inducing moves are banned
|clearpoke
|poke|p1|Galvantula, M|
|poke|p1|Sneasel, F|
|poke|p1|Donphan, M|
|poke|p1|Alomomola, F|
|poke|p1|Blaziken, M|
|poke|p1|Exeggutor, M|
|poke|p2|Toxapex, F|
|poke|p2|Scizor, F|
|poke|p2|Dragonite, F|
|poke|p2|Sandy Shocks|
|poke|p2|Great Tusk|
|poke|p2|Kyurem|
|teampreview
|inactive|Battle timer is ON: inactive players will automatically lose when time's up. (requested by itspaoloooo)
|
|t:|1759003794
|teamsize|p1|6
|teamsize|p2|6
|start
|switch|p1a: Galvantula|Galvantula, M|100/100
|switch|p2a: Sandy Shocks|Sandy Shocks|100/100
|turn|1
|
|t:|1759003802
|move|p1a: Galvantula|Sticky Web|p2a: Sandy Shocks
|-sidestart|p2: FantasiaG|move: Sticky Web
|move|p2a: Sandy Shocks|Earth Power|p1a: Galvantula
|-enditem|p1a: Galvantula|Focus Sash
|-damage|p1a: Galvantula|1/100
|-damage|p2a: Sandy Shocks|91/100|[from] item: Life Orb
|
|upkeep
|turn|2
|
|t:|1759003818
|move|p1a: Galvantula|Bug Buzz|p2a: Sandy Shocks
|-damage|p2a: Sandy Shocks|34/100
|move|p2a: Sandy Shocks|Volt Switch|p1a: Galvantula
|-resisted|p1a: Galvantula
|-crit|p1a: Galvantula
|-damage|p1a: Galvantula|0 fnt
|faint|p1a: Galvantula
|-damage|p2a: Sandy Shocks|25/100|[from] item: Life Orb
|
|t:|1759003827
|-end|p2a: Sandy Shocks|Protosynthesis|[silent]
|switch|p2a: Great Tusk|Great Tusk|100/100|[from] Volt Switch
|-activate|p2a: Great Tusk|move: Sticky Web
|-unboost|p2a: Great Tusk|spe|1
|
|upkeep
|
|t:|1759003840
|switch|p1a: Blaziken|Blaziken, M|100/100
|turn|3
|
|t:|1759003844
|move|p1a: Blaziken|Focus Energy|p1a: Blaziken
|-start|p1a: Blaziken|move: Focus Energy
|move|p2a: Great Tusk|Rapid Spin|p1a: Blaziken
|-damage|p1a: Blaziken|74/100
|-boost|p2a: Great Tusk|spe|1
|-sideend|p2: FantasiaG|Sticky Web|[from] move: Rapid Spin|[of] p2a: Great Tusk
|
|-ability|p1a: Blaziken|Speed Boost|boost
|-boost|p1a: Blaziken|spe|1
|upkeep
|turn|4
|
|t:|1759003853
|move|p1a: Blaziken|Close Combat|p2a: Great Tusk
|-crit|p2a: Great Tusk
|-damage|p2a: Great Tusk|36/100
|-unboost|p1a: Blaziken|def|1
|-unboost|p1a: Blaziken|spd|1
|move|p2a: Great Tusk|Headlong Rush|p1a: Blaziken
|-supereffective|p1a: Blaziken
|-damage|p1a: Blaziken|0 fnt
|-unboost|p2a: Great Tusk|def|1
|-unboost|p2a: Great Tusk|spd|1
|faint|p1a: Blaziken
|
|upkeep
|
|t:|1759003865
|switch|p1a: Alomomola|Alomomola, F|100/100
|turn|5
|
|t:|1759003872
|-end|p2a: Great Tusk|Protosynthesis|[silent]
|switch|p2a: Toxapex|Toxapex, F|100/100
|move|p1a: Alomomola|Flip Turn|p2a: Toxapex
|-resisted|p2a: Toxapex
|-damage|p2a: Toxapex|95/100
|-damage|p1a: Alomomola|84/100|[from] item: Rocky Helmet|[of] p2a: Toxapex
|
|t:|1759003882
|switch|p1a: Exeggutor|Exeggutor, M|100/100|[from] Flip Turn
|
|upkeep
|turn|6
|
|t:|1759003888
|switch|p2a: Great Tusk|Great Tusk|36/100
|move|p1a: Exeggutor|Substitute|p1a: Exeggutor
|-start|p1a: Exeggutor|Substitute
|-damage|p1a: Exeggutor|76/100
|
|upkeep
|turn|7
|
|t:|1759003895
|move|p2a: Great Tusk|Knock Off|p1a: Exeggutor
|-supereffective|p1a: Exeggutor
|-end|p1a: Exeggutor|Substitute
|move|p1a: Exeggutor|Giga Drain|p2a: Great Tusk
|-supereffective|p2a: Great Tusk
|-crit|p2a: Great Tusk
|-damage|p2a: Great Tusk|0 fnt
|-heal|p1a: Exeggutor|95/100|[from] drain|[of] p2a: Great Tusk
|faint|p2a: Great Tusk
|-end|p2a: Great Tusk|Protosynthesis|[silent]
|
|upkeep
|
|t:|1759003904
|switch|p2a: Kyurem|Kyurem|100/100
|-ability|p2a: Kyurem|Pressure
|turn|8
|
|t:|1759003909
|-terastallize|p1a: Exeggutor|Water
|move|p2a: Kyurem|Freeze-Dry|p1a: Exeggutor
|-supereffective|p1a: Exeggutor
|-damage|p1a: Exeggutor|5/100
|-enditem|p1a: Exeggutor|Sitrus Berry|[eat]
|-heal|p1a: Exeggutor|30/100|[from] item: Sitrus Berry
|move|p1a: Exeggutor|Substitute|p1a: Exeggutor
|-start|p1a: Exeggutor|Substitute
|-damage|p1a: Exeggutor|5/100
|
|-item|p1a: Exeggutor|Sitrus Berry|[from] ability: Harvest
|upkeep
|-enditem|p1a: Exeggutor|Sitrus Berry|[eat]
|-heal|p1a: Exeggutor|30/100|[from] item: Sitrus Berry
|turn|9
|
|t:|1759003924
|move|p2a: Kyurem|Freeze-Dry|p1a: Exeggutor
|-supereffective|p1a: Exeggutor
|-end|p1a: Exeggutor|Substitute
|move|p1a: Exeggutor|Leech Seed|p2a: Kyurem
|-start|p2a: Kyurem|move: Leech Seed
|
|-damage|p2a: Kyurem|88/100|[from] Leech Seed|[of] p1a: Exeggutor
|-heal|p1a: Exeggutor|42/100|[silent]
|-item|p1a: Exeggutor|Sitrus Berry|[from] ability: Harvest
|upkeep
|-enditem|p1a: Exeggutor|Sitrus Berry|[eat]
|-heal|p1a: Exeggutor|67/100|[from] item: Sitrus Berry
|turn|10
|
|t:|1759003936
|switch|p1a: Sneasel|Sneasel, F, shiny|100/100
|move|p2a: Kyurem|Freeze-Dry|p1a: Sneasel
|-resisted|p1a: Sneasel
|-damage|p1a: Sneasel|68/100
|
|-damage|p2a: Kyurem|75/100|[from] Leech Seed|[of] p1a: Sneasel
|-heal|p1a: Sneasel|87/100|[silent]
|upkeep
|turn|11
|
|t:|1759003948
|switch|p2a: Toxapex|Toxapex, F|100/100
|move|p1a: Sneasel|Swords Dance|p1a: Sneasel
|-boost|p1a: Sneasel|atk|2
|
|upkeep
|turn|12
|
|t:|1759003958
|move|p1a: Sneasel|Knock Off|p2a: Toxapex
|-damage|p2a: Toxapex|50/100
|-damage|p1a: Sneasel|71/100|[from] item: Rocky Helmet|[of] p2a: Toxapex
|-enditem|p2a: Toxapex|Rocky Helmet|[from] move: Knock Off|[of] p1a: Sneasel
|move|p2a: Toxapex|Toxic|p1a: Sneasel
|-status|p1a: Sneasel|tox
|
|-damage|p1a: Sneasel|65/100 tox|[from] psn
|upkeep
|turn|13
|
|t:|1759003969
|move|p1a: Sneasel|Swords Dance|p1a: Sneasel
|-boost|p1a: Sneasel|atk|2
|move|p2a: Toxapex|Recover|p2a: Toxapex
|-heal|p2a: Toxapex|99/100
|
|-damage|p1a: Sneasel|53/100 tox|[from] psn
|upkeep
|turn|14
|
|t:|1759003977
|move|p2a: Toxapex|Protect|p2a: Toxapex
|-singleturn|p2a: Toxapex|Protect
|move|p1a: Sneasel|Knock Off|p2a: Toxapex
|-activate|p2a: Toxapex|move: Protect
|
|-damage|p1a: Sneasel|35/100 tox|[from] psn
|upkeep
|turn|15
|
|t:|1759003985
|move|p1a: Sneasel|Knock Off|p2a: Toxapex
|-damage|p2a: Toxapex|53/100
|move|p2a: Toxapex|Chilling Water|p1a: Sneasel
|-damage|p1a: Sneasel|17/100 tox
|-unboost|p1a: Sneasel|atk|1
|
|-damage|p1a: Sneasel|0 fnt|[from] psn
|faint|p1a: Sneasel
|upkeep
|
|t:|1759003989
|switch|p1a: Donphan|Donphan, M|100/100
|turn|16
|
|t:|1759004000
|switch|p2a: Dragonite|Dragonite, F|100/100
|move|p1a: Donphan|Rapid Spin|p2a: Dragonite
|-damage|p2a: Dragonite|92/100
|-boost|p1a: Donphan|spe|1
|
|upkeep
|turn|17
|
|t:|1759004008
|move|p1a: Donphan|Stealth Rock|p2a: Dragonite
|-sidestart|p2: FantasiaG|move: Stealth Rock
|move|p2a: Dragonite|Dragon Claw|p1a: Donphan
|-damage|p1a: Donphan|59/100
|
|upkeep
|turn|18
|
|t:|1759004022
|switch|p1a: Alomomola|Alomomola, F|100/100
|switch|p2a: Toxapex|Toxapex, F|87/100
|-damage|p2a: Toxapex|74/100|[from] Stealth Rock
|
|upkeep
|turn|19
|
|t:|1759004034
|move|p1a: Alomomola|Wish|p1a: Alomomola
|move|p2a: Toxapex|Toxic|p1a: Alomomola
|-status|p1a: Alomomola|tox
|
|-damage|p1a: Alomomola|94/100 tox|[from] psn
|upkeep
|turn|20
|
|t:|1759004044
|switch|p1a: Exeggutor|Exeggutor, M, tera:Water|67/100
|move|p2a: Toxapex|Toxic|p1a: Exeggutor
|-status|p1a: Exeggutor|tox
|
|-heal|p1a: Exeggutor|100/100 tox|[from] move: Wish|[wisher] Alomomola
|-damage|p1a: Exeggutor|94/100 tox|[from] psn
|upkeep
|turn|21
|
|t:|1759004068
|switch|p2a: Dragonite|Dragonite, F|92/100
|move|p1a: Exeggutor|Future Sight|p2a: Dragonite
|-start|p1a: Exeggutor|move: Future Sight
|
|-damage|p1a: Exeggutor|82/100 tox|[from] psn
|-item|p1a: Exeggutor|Sitrus Berry|[from] ability: Harvest
|upkeep
|turn|22
|
|t:|1759004081
|move|p2a: Dragonite|Dragon Claw|p1a: Exeggutor
|-damage|p1a: Exeggutor|52/100 tox
|move|p1a: Exeggutor|Leech Seed|p2a: Dragonite
|-start|p2a: Dragonite|move: Leech Seed
|
|-damage|p2a: Dragonite|80/100|[from] Leech Seed|[of] p1a: Exeggutor
|-heal|p1a: Exeggutor|62/100 tox|[silent]
|-damage|p1a: Exeggutor|43/100 tox|[from] psn
|upkeep
|-enditem|p1a: Exeggutor|Sitrus Berry|[eat]
|-heal|p1a: Exeggutor|68/100 tox|[from] item: Sitrus Berry
|turn|23
|
|t:|1759004095
|switch|p1a: Alomomola|Alomomola, F|100/100 tox
|move|p2a: Dragonite|Dragon Claw|p1a: Alomomola
|-damage|p1a: Alomomola|77/100 tox
|
|-end|p2a: Dragonite|move: Future Sight
|-damage|p2a: Dragonite|25/100
|-heal|p1a: Alomomola|83/100 tox|[from] item: Leftovers
|-damage|p2a: Dragonite|13/100|[from] Leech Seed|[of] p1a: Alomomola
|-heal|p1a: Alomomola|91/100 tox|[silent]
|-damage|p1a: Alomomola|85/100 tox|[from] psn
|upkeep
|turn|24
|
|t:|1759004111
|move|p2a: Dragonite|Dragon Claw|p1a: Alomomola
|-damage|p1a: Alomomola|61/100 tox
|move|p1a: Alomomola|Wish|p1a: Alomomola
|
|-heal|p1a: Alomomola|67/100 tox|[from] item: Leftovers
|-damage|p2a: Dragonite|1/100|[from] Leech Seed|[of] p1a: Alomomola
|-heal|p1a: Alomomola|75/100 tox|[silent]
|-damage|p1a: Alomomola|62/100 tox|[from] psn
|upkeep
|turn|25
|
|t:|1759004126
|move|p2a: Dragonite|Dragon Claw|p1a: Alomomola
|-damage|p1a: Alomomola|39/100 tox
|move|p1a: Alomomola|Flip Turn|p2a: Dragonite
|-resisted|p2a: Dragonite
|-damage|p2a: Dragonite|0 fnt
|faint|p2a: Dragonite
|
|t:|1759004135
|switch|p1a: Donphan|Donphan, M|59/100|[from] Flip Turn
|
|-heal|p1a: Donphan|100/100|[from] move: Wish|[wisher] Alomomola
|upkeep
|
|t:|1759004144
|switch|p2a: Kyurem|Kyurem|75/100
|-damage|p2a: Kyurem|50/100|[from] Stealth Rock
|-ability|p2a: Kyurem|Pressure
|turn|26
|
|t:|1759004151
|move|p2a: Kyurem|Freeze-Dry|p1a: Donphan
|-supereffective|p1a: Donphan
|-crit|p1a: Donphan
|-ability|p1a: Donphan|Sturdy
|-damage|p1a: Donphan|1/100
|-enditem|p1a: Donphan|Liechi Berry|[eat]
|-boost|p1a: Donphan|atk|1|[from] item: Liechi Berry
|move|p1a: Donphan|Flail|p2a: Kyurem
|-damage|p2a: Kyurem|0 fnt
|faint|p2a: Kyurem
|
|upkeep
|
|t:|1759004167
|switch|p2a: Scizor|Scizor, F|100/100
|-damage|p2a: Scizor|88/100|[from] Stealth Rock
|turn|27
|
|t:|1759004172
|switch|p1a: Exeggutor|Exeggutor, M, tera:Water|68/100 tox
|move|p2a: Scizor|Bullet Punch|p1a: Exeggutor
|-resisted|p1a: Exeggutor
|-damage|p1a: Exeggutor|50/100 tox
|
|-damage|p1a: Exeggutor|44/100 tox|[from] psn
|-item|p1a: Exeggutor|Sitrus Berry|[from] ability: Harvest
|upkeep
|-enditem|p1a: Exeggutor|Sitrus Berry|[eat]
|-heal|p1a: Exeggutor|69/100 tox|[from] item: Sitrus Berry
|turn|28
|
|t:|1759004186
|switch|p2a: Toxapex|Toxapex, F|100/100
|-damage|p2a: Toxapex|88/100|[from] Stealth Rock
|switch|p1a: Alomomola|Alomomola, F|72/100 tox
|
|-heal|p1a: Alomomola|78/100 tox|[from] item: Leftovers
|-damage|p1a: Alomomola|72/100 tox|[from] psn
|upkeep
|turn|29
|
|t:|1759004197
|move|p1a: Alomomola|Wish|p1a: Alomomola
|move|p2a: Toxapex|Toxic|p1a: Alomomola
|-fail|p1a: Alomomola|tox
|
|-heal|p1a: Alomomola|78/100 tox|[from] item: Leftovers
|-damage|p1a: Alomomola|66/100 tox|[from] psn
|upkeep
|turn|30
|
|t:|1759004204
|move|p1a: Alomomola|Protect|p1a: Alomomola
|-singleturn|p1a: Alomomola|Protect
|move|p2a: Toxapex|Toxic|p1a: Alomomola
|-activate|p1a: Alomomola|move: Protect
|
|-heal|p1a: Alomomola|100/100 tox|[from] move: Wish|[wisher] Alomomola
|-damage|p1a: Alomomola|82/100 tox|[from] psn
|upkeep
|turn|31
|
|t:|1759004213
|move|p1a: Alomomola|Wish|p1a: Alomomola
|move|p2a: Toxapex|Toxic|p1a: Alomomola
|-fail|p1a: Alomomola|tox
|
|-heal|p1a: Alomomola|88/100 tox|[from] item: Leftovers
|-damage|p1a: Alomomola|63/100 tox|[from] psn
|upkeep
|turn|32
|
|t:|1759004221
|move|p1a: Alomomola|Liquidation|p2a: Toxapex
|-resisted|p2a: Toxapex
|-crit|p2a: Toxapex
|-damage|p2a: Toxapex|77/100
|move|p2a: Toxapex|Toxic|p1a: Alomomola
|-fail|p1a: Alomomola|tox
|
|-heal|p1a: Alomomola|100/100 tox|[from] move: Wish|[wisher] Alomomola
|-damage|p1a: Alomomola|70/100 tox|[from] psn
|upkeep
|turn|33
|
|t:|1759004232
|move|p1a: Alomomola|Wish|p1a: Alomomola
|move|p2a: Toxapex|Toxic|p1a: Alomomola
|-fail|p1a: Alomomola|tox
|
|-heal|p1a: Alomomola|76/100 tox|[from] item: Leftovers
|-damage|p1a: Alomomola|39/100 tox|[from] psn
|upkeep
|turn|34
|
|t:|1759004240
|move|p1a: Alomomola|Flip Turn|p2a: Toxapex
|-resisted|p2a: Toxapex
|-damage|p2a: Toxapex|72/100
|
|t:|1759004243
|switch|p1a: Exeggutor|Exeggutor, M, tera:Water|69/100 tox|[from] Flip Turn
|move|p2a: Toxapex|Toxic|p1a: Exeggutor
|-fail|p1a: Exeggutor|tox
|
|-heal|p1a: Exeggutor|100/100 tox|[from] move: Wish|[wisher] Alomomola
|-damage|p1a: Exeggutor|94/100 tox|[from] psn
|-item|p1a: Exeggutor|Sitrus Berry|[from] ability: Harvest
|upkeep
|turn|35
|
|t:|1759004257
|switch|p2a: Scizor|Scizor, F|88/100
|-damage|p2a: Scizor|75/100|[from] Stealth Rock
|move|p1a: Exeggutor|Future Sight|p2a: Scizor
|-start|p1a: Exeggutor|move: Future Sight
|
|-damage|p1a: Exeggutor|82/100 tox|[from] psn
|upkeep
|turn|36
|
|t:|1759004266
|move|p2a: Scizor|Knock Off|p1a: Exeggutor
|-damage|p1a: Exeggutor|45/100 tox
|-enditem|p1a: Exeggutor|Sitrus Berry|[from] move: Knock Off|[of] p2a: Scizor
|move|p1a: Exeggutor|Leech Seed|p2a: Scizor
|-start|p2a: Scizor|move: Leech Seed
|
|-damage|p2a: Scizor|63/100|[from] Leech Seed|[of] p1a: Exeggutor
|-heal|p1a: Exeggutor|56/100 tox|[silent]
|-damage|p1a: Exeggutor|38/100 tox|[from] psn
|upkeep
|turn|37
|
|t:|1759004276
|switch|p2a: Toxapex|Toxapex, F|100/100
|-damage|p2a: Toxapex|88/100|[from] Stealth Rock
|switch|p1a: Alomomola|Alomomola, F|72/100 tox
|
|-end|p2a: Toxapex|move: Future Sight
|-supereffective|p2a: Toxapex
|-damage|p2a: Toxapex|3/100
|-heal|p1a: Alomomola|78/100 tox|[from] item: Leftovers
|-damage|p1a: Alomomola|72/100 tox|[from] psn
|upkeep
|turn|38
|
|t:|1759004288
|switch|p2a: Scizor|Scizor, F|63/100
|-damage|p2a: Scizor|50/100|[from] Stealth Rock
|move|p1a: Alomomola|Wish|p1a: Alomomola
|
|-heal|p1a: Alomomola|78/100 tox|[from] item: Leftovers
|-damage|p1a: Alomomola|66/100 tox|[from] psn
|upkeep
|turn|39
|
|t:|1759004300
|switch|p1a: Exeggutor|Exeggutor, M, tera:Water|38/100 tox
|move|p2a: Scizor|U-turn|p1a: Exeggutor
|-damage|p1a: Exeggutor|0 fnt
|faint|p1a: Exeggutor
|
|t:|1759004306
|switch|p2a: Sandy Shocks|Sandy Shocks|25/100|[from] U-turn
|-damage|p2a: Sandy Shocks|18/100|[from] Stealth Rock
|
|upkeep
|
|t:|1759004310
|switch|p1a: Alomomola|Alomomola, F|99/100 tox
|turn|40
|
|t:|1759004315
|move|p2a: Sandy Shocks|Thunderbolt|p1a: Alomomola
|-supereffective|p1a: Alomomola
|-damage|p1a: Alomomola|0 fnt
|faint|p1a: Alomomola
|-damage|p2a: Sandy Shocks|9/100|[from] item: Life Orb
|
|upkeep
|-message|itspaoloooo forfeited.
|
|win|FantasiaG
|raw|itspaoloooo's rating: 1176 &rarr; <strong>1152</strong><br />(-24 for losing)
|raw|FantasiaG's rating: 1194 &rarr; <strong>1218</strong><br />(+24 for winning)
|l|☆itspaoloooo
|player|p1|
|l|☆FantasiaG
|player|p2|
