|j|☆ElisD24
|j|☆q up bro
|t:|1758973667
|gametype|singles
|player|p1|ElisD24|lass-gen3rs|1346
|player|p2|q up bro|1|1430
|gen|9
|tier|[Gen 9] OU
|rated|
|rule|HP Percentage Mod: HP is shown in percentages
|rule|Endless Battle Clause: Forcing endless battles is banned
|rule|Species Clause: Limit one of each Pokémon
|rule|OHKO Clause: OHKO moves are banned
|rule|Evasion Items Clause: Evasion items are banned
|rule|Evasion Moves Clause: Evasion moves are banned
|rule|Evasion Abilities Clause: Evasion abilities are banned
|rule|Sleep Moves Clause: Sleep-inducing moves are banned
|clearpoke
|poke|p1|Dragapult, M|
|poke|p1|Ogerpon-Wellspring, F|
|poke|p1|Zamazenta-*|
|poke|p1|Clefable, F|
|poke|p1|Corviknight, F|
|poke|p1|Ting-Lu|
|poke|p2|Keldeo-Resolute|
|poke|p2|Dragapult, M|
|poke|p2|Slowking-Galar, F|
|poke|p2|Kingambit, M|
|poke|p2|Zapdos|
|poke|p2|Great Tusk|
|teampreview
|
|t:|1758973711
|teamsize|p1|6
|teamsize|p2|6
|start
|switch|p1a: Clefable|Clefable, F|100/100
|switch|p2a: Dragapult|Dragapult, M|100/100
|turn|1
|
|t:|1758973716
|move|p2a: Dragapult|U-turn|p1a: Clefable
|-resisted|p1a: Clefable
|-damage|p1a: Clefable|81/100
|-damage|p2a: Dragapult|84/100|[from] item: Rocky Helmet|[of] p1a: Clefable
|
|t:|1758973720
|switch|p2a: Slowking|Slowking-Galar, F|100/100|[from] U-turn
|move|p1a: Clefable|Stealth Rock|p2a: Slowking
|-sidestart|p2: q up bro|move: Stealth Rock
|
|upkeep
|turn|2
|
|t:|1758973729
|switch|p1a: Ting-Lu|Ting-Lu|100/100
|-ability|p1a: Ting-Lu|Vessel of Ruin
|move|p2a: Slowking|Trick|p1a: Ting-Lu
|-activate|p2a: Slowking|move: Trick|[of] p1a: Ting-Lu
|-item|p1a: Ting-Lu|Black Sludge|[from] move: Trick
|-item|p2a: Slowking|Assault Vest|[from] move: Trick
|
|-damage|p1a: Ting-Lu|88/100|[from] item: Black Sludge
|upkeep
|turn|3
|
|t:|1758973743
|switch|p2a: Great Tusk|Great Tusk|100/100
|-damage|p2a: Great Tusk|98/100|[from] Stealth Rock
|-enditem|p2a: Great Tusk|Booster Energy
|-activate|p2a: Great Tusk|ability: Protosynthesis|[fromitem]
|-start|p2a: Great Tusk|protosynthesisatk
|move|p1a: Ting-Lu|Ruination|p2a: Great Tusk|[miss]
|-miss|p1a: Ting-Lu|p2a: Great Tusk
|
|-damage|p1a: Ting-Lu|76/100|[from] item: Black Sludge
|upkeep
|turn|4
|l|☆q up bro
|player|p2|
|j|☆q up bro
|player|p2|q up bro|1|
|
|t:|1758973761
|switch|p1a: Corviknight|Corviknight, F|100/100
|-ability|p1a: Corviknight|Pressure
|move|p2a: Great Tusk|Rapid Spin|p1a: Corviknight
|-resisted|p1a: Corviknight
|-damage|p1a: Corviknight|93/100
|-boost|p2a: Great Tusk|spe|1
|-damage|p2a: Great Tusk|81/100|[from] item: Rocky Helmet|[of] p1a: Corviknight
|-sideend|p2: q up bro|Stealth Rock|[from] move: Rapid Spin|[of] p2a: Great Tusk
|
|upkeep
|turn|5
|
|t:|1758973796
|move|p2a: Great Tusk|Stealth Rock|p1a: Corviknight
|-sidestart|p1: ElisD24|move: Stealth Rock
|move|p1a: Corviknight|U-turn|p2a: Great Tusk
|-resisted|p2a: Great Tusk
|-damage|p2a: Great Tusk|76/100
|
|t:|1758973802
|switch|p1a: Ogerpon|Ogerpon-Wellspring, F|100/100|[from] U-turn
|-damage|p1a: Ogerpon|88/100|[from] Stealth Rock
|
|upkeep
|turn|6
|
|t:|1758973829
|switch|p1a: Corviknight|Corviknight, F|93/100
|-damage|p1a: Corviknight|81/100|[from] Stealth Rock
|-ability|p1a: Corviknight|Pressure
|move|p2a: Great Tusk|Ice Spinner|p1a: Corviknight
|-damage|p1a: Corviknight|56/100
|-damage|p2a: Great Tusk|59/100|[from] item: Rocky Helmet|[of] p1a: Corviknight
|
|upkeep
|turn|7
|
|t:|1758973844
|-end|p2a: Great Tusk|Protosynthesis|[silent]
|switch|p2a: Zapdos|Zapdos|100/100
|move|p1a: Corviknight|Roost|p1a: Corviknight
|-heal|p1a: Corviknight|100/100
|-singleturn|p1a: Corviknight|move: Roost
|
|upkeep
|turn|8
|
|t:|1758973866
|switch|p1a: Clefable|Clefable, F|81/100
|move|p2a: Zapdos|U-turn|p1a: Clefable
|-resisted|p1a: Clefable
|-damage|p1a: Clefable|74/100
|-damage|p2a: Zapdos|84/100|[from] item: Rocky Helmet|[of] p1a: Clefable
|
|t:|1758973878
|switch|p2a: Kingambit|Kingambit, M|100/100|[from] U-turn
|
|upkeep
|turn|9
|
|t:|1758973896
|-end|p2a: Kingambit|fallenundefined|[silent]
|switch|p2a: Keldeo|Keldeo-Resolute|100/100
|switch|p1a: Corviknight|Corviknight, F|100/100
|-damage|p1a: Corviknight|88/100|[from] Stealth Rock
|-ability|p1a: Corviknight|Pressure
|
|upkeep
|turn|10
|
|t:|1758973902
|move|p2a: Keldeo|Substitute|p2a: Keldeo
|-start|p2a: Keldeo|Substitute
|-damage|p2a: Keldeo|76/100
|move|p1a: Corviknight|U-turn|p2a: Keldeo
|-resisted|p2a: Keldeo
|-activate|p2a: Keldeo|move: Substitute|[damage]
|
|t:|1758973911
|switch|p1a: Ogerpon|Ogerpon-Wellspring, F|88/100|[from] U-turn
|-damage|p1a: Ogerpon|76/100|[from] Stealth Rock
|
|-heal|p2a: Keldeo|82/100|[from] item: Leftovers
|upkeep
|turn|11
|
|t:|1758973917
|move|p1a: Ogerpon|Horn Leech|p2a: Keldeo
|-supereffective|p2a: Keldeo
|-end|p2a: Keldeo|Substitute
|-heal|p1a: Ogerpon|88/100|[from] drain|[of] p2a: Keldeo
|move|p2a: Keldeo|Secret Sword|p1a: Ogerpon
|-damage|p1a: Ogerpon|38/100
|
|-heal|p2a: Keldeo|88/100|[from] item: Leftovers
|upkeep
|turn|12
|
|t:|1758973940
|switch|p2a: Zapdos|Zapdos|84/100
|move|p1a: Ogerpon|Horn Leech|p2a: Zapdos
|-resisted|p2a: Zapdos
|-damage|p2a: Zapdos|67/100
|-heal|p1a: Ogerpon|49/100|[from] drain|[of] p2a: Zapdos
|
|upkeep
|turn|13
|
|t:|1758973949
|switch|p1a: Ting-Lu|Ting-Lu|76/100
|-damage|p1a: Ting-Lu|69/100|[from] Stealth Rock
|-ability|p1a: Ting-Lu|Vessel of Ruin
|move|p2a: Zapdos|U-turn|p1a: Ting-Lu
|-supereffective|p1a: Ting-Lu
|-damage|p1a: Ting-Lu|55/100
|
|t:|1758973959
|switch|p2a: Keldeo|Keldeo-Resolute|88/100|[from] U-turn
|
|-heal|p2a: Keldeo|94/100|[from] item: Leftovers
|-damage|p1a: Ting-Lu|43/100|[from] item: Black Sludge
|upkeep
|turn|14
|
|t:|1758973973
|move|p2a: Keldeo|Secret Sword|p1a: Ting-Lu
|-supereffective|p1a: Ting-Lu
|-damage|p1a: Ting-Lu|10/100
|move|p1a: Ting-Lu|Earthquake|p2a: Keldeo
|-damage|p2a: Keldeo|56/100
|
|-heal|p2a: Keldeo|62/100|[from] item: Leftovers
|-damage|p1a: Ting-Lu|0 fnt|[from] item: Black Sludge
|faint|p1a: Ting-Lu
|upkeep
|
|t:|1758973992
|switch|p1a: Clefable|Clefable, F|74/100
|turn|15
|
|t:|1758974001
|-terastallize|p2a: Keldeo|Steel
|move|p2a: Keldeo|Substitute|p2a: Keldeo
|-start|p2a: Keldeo|Substitute
|-damage|p2a: Keldeo|37/100
|move|p1a: Clefable|Stealth Rock|p2a: Keldeo
|-sidestart|p2: q up bro|move: Stealth Rock
|
|-heal|p2a: Keldeo|43/100|[from] item: Leftovers
|upkeep
|turn|16
|
|t:|1758974009
|move|p2a: Keldeo|Calm Mind|p2a: Keldeo
|-boost|p2a: Keldeo|spa|1
|-boost|p2a: Keldeo|spd|1
|move|p1a: Clefable|Moonblast|p2a: Keldeo
|-resisted|p2a: Keldeo
|-activate|p2a: Keldeo|move: Substitute|[damage]
|
|-heal|p2a: Keldeo|49/100|[from] item: Leftovers
|upkeep
|turn|17
|
|t:|1758974015
|move|p2a: Keldeo|Calm Mind|p2a: Keldeo
|-boost|p2a: Keldeo|spa|1
|-boost|p2a: Keldeo|spd|1
|move|p1a: Clefable|Moonblast|p2a: Keldeo
|-resisted|p2a: Keldeo
|-activate|p2a: Keldeo|move: Substitute|[damage]
|
|-heal|p2a: Keldeo|55/100|[from] item: Leftovers
|upkeep
|turn|18
|
|t:|1758974022
|move|p2a: Keldeo|Calm Mind|p2a: Keldeo
|-boost|p2a: Keldeo|spa|1
|-boost|p2a: Keldeo|spd|1
|move|p1a: Clefable|Moonblast|p2a: Keldeo
|-resisted|p2a: Keldeo
|-end|p2a: Keldeo|Substitute
|
|-heal|p2a: Keldeo|61/100|[from] item: Leftovers
|upkeep
|turn|19
|
|t:|1758974043
|move|p2a: Keldeo|Substitute|p2a: Keldeo
|-start|p2a: Keldeo|Substitute
|-damage|p2a: Keldeo|36/100
|move|p1a: Clefable|Moonblast|p2a: Keldeo
|-resisted|p2a: Keldeo
|-activate|p2a: Keldeo|move: Substitute|[damage]
|
|-heal|p2a: Keldeo|42/100|[from] item: Leftovers
|upkeep
|turn|20
|
|t:|1758974048
|move|p2a: Keldeo|Surf|p1a: Clefable
|-damage|p1a: Clefable|0 fnt
|faint|p1a: Clefable
|
|-heal|p2a: Keldeo|49/100|[from] item: Leftovers
|upkeep
|
|t:|1758974053
|switch|p1a: Zamazenta|Zamazenta|100/100
|-damage|p1a: Zamazenta|94/100|[from] Stealth Rock
|-ability|p1a: Zamazenta|Dauntless Shield|boost
|-boost|p1a: Zamazenta|def|1
|turn|21
|
|t:|1758974057
|move|p1a: Zamazenta|Crunch|p2a: Keldeo
|-end|p2a: Keldeo|Substitute
|move|p2a: Keldeo|Surf|p1a: Zamazenta
|-damage|p1a: Zamazenta|0 fnt
|faint|p1a: Zamazenta
|
|-heal|p2a: Keldeo|55/100|[from] item: Leftovers
|upkeep
|
|t:|1758974063
|switch|p1a: Ogerpon|Ogerpon-Wellspring, F|49/100
|-damage|p1a: Ogerpon|37/100|[from] Stealth Rock
|turn|22
|
|t:|1758974076
|switch|p2a: Zapdos|Zapdos|67/100
|move|p1a: Ogerpon|Ivy Cudgel|p2a: Zapdos|[anim] Ivy Cudgel Water
|-damage|p2a: Zapdos|26/100
|
|upkeep
|turn|23
|
|t:|1758974083
|move|p1a: Ogerpon|Ivy Cudgel|p2a: Zapdos|[anim] Ivy Cudgel Water
|-damage|p2a: Zapdos|0 fnt
|faint|p2a: Zapdos
|
|upkeep
|
|t:|1758974085
|switch|p2a: Dragapult|Dragapult, M|84/100
|-damage|p2a: Dragapult|72/100|[from] Stealth Rock
|turn|24
|
|t:|1758974090
|switch|p1a: Corviknight|Corviknight, F|88/100
|-damage|p1a: Corviknight|75/100|[from] Stealth Rock
|-ability|p1a: Corviknight|Pressure
|move|p2a: Dragapult|U-turn|p1a: Corviknight
|-resisted|p1a: Corviknight
|-damage|p1a: Corviknight|70/100
|-damage|p2a: Dragapult|55/100|[from] item: Rocky Helmet|[of] p1a: Corviknight
|
|t:|1758974124
|switch|p2a: Great Tusk|Great Tusk|59/100|[from] U-turn
|-damage|p2a: Great Tusk|56/100|[from] Stealth Rock
|
|upkeep
|turn|25
|
|t:|1758974129
|move|p2a: Great Tusk|Rapid Spin|p1a: Corviknight
|-resisted|p1a: Corviknight
|-damage|p1a: Corviknight|64/100
|-boost|p2a: Great Tusk|spe|1
|-damage|p2a: Great Tusk|40/100|[from] item: Rocky Helmet|[of] p1a: Corviknight
|-sideend|p2: q up bro|Stealth Rock|[from] move: Rapid Spin|[of] p2a: Great Tusk
|move|p1a: Corviknight|Iron Defense|p1a: Corviknight
|-boost|p1a: Corviknight|def|2
|
|upkeep
|turn|26
|
|t:|1758974144
|-end|p2a: Great Tusk|Protosynthesis|[silent]
|switch|p2a: Keldeo|Keldeo-Resolute, tera:Steel|55/100
|move|p1a: Corviknight|Body Press|p2a: Keldeo
|-supereffective|p2a: Keldeo
|-damage|p2a: Keldeo|0 fnt
|faint|p2a: Keldeo
|
|upkeep
|
|t:|1758974170
|switch|p2a: Kingambit|Kingambit, M|100/100
|-activate|p2a: Kingambit|ability: Supreme Overlord
|-start|p2a: Kingambit|fallen2|[silent]
|turn|27
|
|t:|1758974175
|move|p1a: Corviknight|Body Press|p2a: Kingambit
|-supereffective|p2a: Kingambit
|-damage|p2a: Kingambit|0 fnt
|faint|p2a: Kingambit
|-end|p2a: Kingambit|fallen2|[silent]
|
|upkeep
|
|t:|1758974181
|switch|p2a: Dragapult|Dragapult, M|55/100
|turn|28
|
|t:|1758974187
|move|p2a: Dragapult|Dragon Darts|p1a: Corviknight
|-resisted|p1a: Corviknight
|-damage|p1a: Corviknight|58/100
|-anim|p2a: Dragapult|Dragon Darts|p1a: Corviknight
|-resisted|p1a: Corviknight
|-damage|p1a: Corviknight|51/100
|move|p1a: Corviknight|Roost|p1a: Corviknight
|-heal|p1a: Corviknight|100/100
|-singleturn|p1a: Corviknight|move: Roost
|
|upkeep
|turn|29
|
|t:|1758974194
|move|p2a: Dragapult|Dragon Darts|p1a: Corviknight
|-resisted|p1a: Corviknight
|-damage|p1a: Corviknight|94/100
|-anim|p2a: Dragapult|Dragon Darts|p1a: Corviknight
|-resisted|p1a: Corviknight
|-damage|p1a: Corviknight|88/100
|move|p1a: Corviknight|U-turn|p2a: Dragapult
|-resisted|p2a: Dragapult
|-damage|p2a: Dragapult|46/100
|
|t:|1758974207
|switch|p1a: Dragapult|Dragapult, M|100/100|[from] U-turn
|-damage|p1a: Dragapult|88/100|[from] Stealth Rock
|
|upkeep
|turn|30
|
|t:|1758974220
|-terastallize|p1a: Dragapult|Ghost
|move|p2a: Dragapult|Dragon Darts|p1a: Dragapult
|-damage|p1a: Dragapult|39/100
|-anim|p2a: Dragapult|Dragon Darts|p1a: Dragapult
|-damage|p1a: Dragapult|0 fnt
|faint|p1a: Dragapult
|
|upkeep
|
|t:|1758974229
|switch|p1a: Ogerpon|Ogerpon-Wellspring, F|37/100
|-damage|p1a: Ogerpon|25/100|[from] Stealth Rock
|turn|31
|
|t:|1758974232
|move|p2a: Dragapult|Dragon Darts|p1a: Ogerpon
|-damage|p1a: Ogerpon|0 fnt
|faint|p1a: Ogerpon
|
|upkeep
|
|t:|1758974233
|switch|p1a: Corviknight|Corviknight, F|88/100
|-damage|p1a: Corviknight|75/100|[from] Stealth Rock
|-ability|p1a: Corviknight|Pressure
|turn|32
|
|t:|1758974244
|move|p2a: Dragapult|Dragon Darts|p1a: Corviknight
|-resisted|p1a: Corviknight
|-damage|p1a: Corviknight|63/100
|-anim|p2a: Dragapult|Dragon Darts|p1a: Corviknight
|-resisted|p1a: Corviknight
|-damage|p1a: Corviknight|51/100
|move|p1a: Corviknight|Iron Defense|p1a: Corviknight
|-boost|p1a: Corviknight|def|2
|
|upkeep
|turn|33
|
|t:|1758974254
|move|p2a: Dragapult|Dragon Darts|p1a: Corviknight
|-resisted|p1a: Corviknight
|-damage|p1a: Corviknight|45/100
|-anim|p2a: Dragapult|Dragon Darts|p1a: Corviknight
|-resisted|p1a: Corviknight
|-damage|p1a: Corviknight|40/100
|move|p1a: Corviknight|Iron Defense|p1a: Corviknight
|-boost|p1a: Corviknight|def|2
|
|upkeep
|turn|34
|
|t:|1758974261
|move|p2a: Dragapult|Dragon Darts|p1a: Corviknight
|-resisted|p1a: Corviknight
|-damage|p1a: Corviknight|35/100
|-anim|p2a: Dragapult|Dragon Darts|p1a: Corviknight
|-resisted|p1a: Corviknight
|-damage|p1a: Corviknight|32/100
|move|p1a: Corviknight|Roost|p1a: Corviknight
|-heal|p1a: Corviknight|82/100
|-singleturn|p1a: Corviknight|move: Roost
|
|upkeep
|turn|35
|
|t:|1758974266
|move|p2a: Dragapult|Dragon Darts|p1a: Corviknight
|-resisted|p1a: Corviknight
|-damage|p1a: Corviknight|78/100
|-anim|p2a: Dragapult|Dragon Darts|p1a: Corviknight
|-resisted|p1a: Corviknight
|-damage|p1a: Corviknight|74/100
|move|p1a: Corviknight|U-turn|p2a: Dragapult
|-resisted|p2a: Dragapult
|-damage|p2a: Dragapult|37/100
|
|upkeep
|turn|36
|
|t:|1758974274
|move|p2a: Dragapult|Dragon Darts|p1a: Corviknight
|-resisted|p1a: Corviknight
|-damage|p1a: Corviknight|69/100
|-anim|p2a: Dragapult|Dragon Darts|p1a: Corviknight
|-resisted|p1a: Corviknight
|-damage|p1a: Corviknight|65/100
|move|p1a: Corviknight|U-turn|p2a: Dragapult
|-resisted|p2a: Dragapult
|-damage|p2a: Dragapult|26/100
|
|upkeep
|turn|37
|
|t:|1758974279
|switch|p2a: Slowking|Slowking-Galar, F|100/100
|move|p1a: Corviknight|U-turn|p2a: Slowking
|-damage|p2a: Slowking|85/100
|
|upkeep
|turn|38
|
|t:|1758974298
|move|p1a: Corviknight|Body Press|p2a: Slowking
|-resisted|p2a: Slowking
|-damage|p2a: Slowking|65/100
|move|p2a: Slowking|Psyshock|p1a: Corviknight
|-resisted|p1a: Corviknight
|-damage|p1a: Corviknight|61/100
|
|upkeep
|turn|39
|
|t:|1758974303
|switch|p2a: Dragapult|Dragapult, M|26/100
|move|p1a: Corviknight|Body Press|p2a: Dragapult
|-immune|p2a: Dragapult
|
|upkeep
|turn|40
|
|t:|1758974311
|switch|p2a: Slowking|Slowking-Galar, F|99/100
|move|p1a: Corviknight|Iron Defense|p1a: Corviknight
|-boost|p1a: Corviknight|def|2
|
|upkeep
|turn|41
|
|t:|1758974316
|move|p1a: Corviknight|U-turn|p2a: Slowking
|-damage|p2a: Slowking|84/100
|move|p2a: Slowking|Psyshock|p1a: Corviknight
|-resisted|p1a: Corviknight
|-damage|p1a: Corviknight|59/100
|
|upkeep
|turn|42
|
|t:|1758974320
|move|p1a: Corviknight|U-turn|p2a: Slowking
|-damage|p2a: Slowking|68/100
|move|p2a: Slowking|Psyshock|p1a: Corviknight
|-resisted|p1a: Corviknight
|-damage|p1a: Corviknight|56/100
|
|upkeep
|turn|43
|
|t:|1758974324
|switch|p2a: Great Tusk|Great Tusk|40/100
|move|p1a: Corviknight|U-turn|p2a: Great Tusk
|-resisted|p2a: Great Tusk
|-damage|p2a: Great Tusk|35/100
|
|upkeep
|turn|44
|
|t:|1758974331
|move|p2a: Great Tusk|Ice Spinner|p1a: Corviknight
|-crit|p1a: Corviknight
|-damage|p1a: Corviknight|29/100
|-damage|p2a: Great Tusk|18/100|[from] item: Rocky Helmet|[of] p1a: Corviknight
|move|p1a: Corviknight|U-turn|p2a: Great Tusk
|-resisted|p2a: Great Tusk
|-damage|p2a: Great Tusk|13/100
|
|upkeep
|turn|45
|
|t:|1758974339
|-end|p2a: Great Tusk|Protosynthesis|[silent]
|switch|p2a: Dragapult|Dragapult, M|26/100
|move|p1a: Corviknight|Roost|p1a: Corviknight
|-heal|p1a: Corviknight|79/100
|-singleturn|p1a: Corviknight|move: Roost
|
|upkeep
|turn|46
|
|t:|1758974346
|move|p2a: Dragapult|Tera Blast|p1a: Corviknight
|-resisted|p1a: Corviknight
|-damage|p1a: Corviknight|72/100
|move|p1a: Corviknight|U-turn|p2a: Dragapult
|-resisted|p2a: Dragapult
|-crit|p2a: Dragapult
|-damage|p2a: Dragapult|12/100
|
|upkeep
|turn|47
|
|t:|1758974355
|switch|p2a: Slowking|Slowking-Galar, F|100/100
|move|p1a: Corviknight|Roost|p1a: Corviknight
|-heal|p1a: Corviknight|100/100
|-singleturn|p1a: Corviknight|move: Roost
|
|upkeep
|turn|48
|
|t:|1758974362
|move|p1a: Corviknight|U-turn|p2a: Slowking
|-damage|p2a: Slowking|85/100
|move|p2a: Slowking|Psyshock|p1a: Corviknight
|-resisted|p1a: Corviknight
|-damage|p1a: Corviknight|98/100
|
|upkeep
|turn|49
|
|t:|1758974366
|move|p1a: Corviknight|Body Press|p2a: Slowking
|-resisted|p2a: Slowking
|-damage|p2a: Slowking|59/100
|move|p2a: Slowking|Psyshock|p1a: Corviknight
|-resisted|p1a: Corviknight
|-damage|p1a: Corviknight|95/100
|
|upkeep
|turn|50
|
|t:|1758974372
|move|p1a: Corviknight|U-turn|p2a: Slowking
|-damage|p2a: Slowking|43/100
|move|p2a: Slowking|Psyshock|p1a: Corviknight
|-resisted|p1a: Corviknight
|-damage|p1a: Corviknight|92/100
|
|upkeep
|turn|51
|
|t:|1758974376
|switch|p2a: Dragapult|Dragapult, M|12/100
|move|p1a: Corviknight|Body Press|p2a: Dragapult
|-immune|p2a: Dragapult
|
|upkeep
|turn|52
|
|t:|1758974386
|switch|p2a: Slowking|Slowking-Galar, F|76/100
|move|p1a: Corviknight|Body Press|p2a: Slowking
|-resisted|p2a: Slowking
|-damage|p2a: Slowking|53/100
|
|upkeep
|turn|53
|
|t:|1758974395
|switch|p2a: Dragapult|Dragapult, M|12/100
|move|p1a: Corviknight|U-turn|p2a: Dragapult
|-resisted|p2a: Dragapult
|-damage|p2a: Dragapult|2/100
|
|upkeep
|turn|54
|
|t:|1758974400
|switch|p2a: Slowking|Slowking-Galar, F|87/100
|move|p1a: Corviknight|U-turn|p2a: Slowking
|-damage|p2a: Slowking|72/100
|
|upkeep
|turn|55
|
|t:|1758974406
|switch|p2a: Great Tusk|Great Tusk|13/100
|move|p1a: Corviknight|Iron Defense|p1a: Corviknight
|-boost|p1a: Corviknight|def|0
|
|upkeep
|turn|56
|
|t:|1758974414
|move|p2a: Great Tusk|Ice Spinner|p1a: Corviknight
|-damage|p1a: Corviknight|87/100
|-damage|p2a: Great Tusk|0 fnt|[from] item: Rocky Helmet|[of] p1a: Corviknight
|faint|p2a: Great Tusk
|-end|p2a: Great Tusk|Protosynthesis|[silent]
|move|p1a: Corviknight|U-turn|p2: Great Tusk|[notarget]
|-fail|p1a: Corviknight
|
|upkeep
|
|t:|1758974417
|switch|p2a: Dragapult|Dragapult, M|2/100
|turn|57
|
|t:|1758974422
|switch|p2a: Slowking|Slowking-Galar, F|100/100
|move|p1a: Corviknight|U-turn|p2a: Slowking
|-damage|p2a: Slowking|85/100
|
|upkeep
|turn|58
|
|t:|1758974428
|move|p1a: Corviknight|U-turn|p2a: Slowking
|-damage|p2a: Slowking|70/100
|move|p2a: Slowking|Psyshock|p1a: Corviknight
|-resisted|p1a: Corviknight
|-damage|p1a: Corviknight|85/100
|
|upkeep
|turn|59
|
|t:|1758974432
|move|p1a: Corviknight|U-turn|p2a: Slowking
|-crit|p2a: Slowking
|-damage|p2a: Slowking|47/100
|move|p2a: Slowking|Psyshock|p1a: Corviknight
|-resisted|p1a: Corviknight
|-damage|p1a: Corviknight|82/100
|
|upkeep
|turn|60
|
|t:|1758974437
|move|p1a: Corviknight|U-turn|p2a: Slowking
|-damage|p2a: Slowking|32/100
|move|p2a: Slowking|Sludge Bomb|p1a: Corviknight
|-immune|p1a: Corviknight
|
|upkeep
|turn|61
|
|t:|1758974443
|move|p1a: Corviknight|U-turn|p2a: Slowking
|-crit|p2a: Slowking
|-damage|p2a: Slowking|11/100
|move|p2a: Slowking|Sludge Bomb|p1a: Corviknight
|-immune|p1a: Corviknight
|
|upkeep
|turn|62
|
|t:|1758974447
|switch|p2a: Dragapult|Dragapult, M|2/100
|move|p1a: Corviknight|U-turn|p2a: Dragapult
|-resisted|p2a: Dragapult
|-damage|p2a: Dragapult|0 fnt
|faint|p2a: Dragapult
|
|upkeep
|
|t:|1758974449
|switch|p2a: Slowking|Slowking-Galar, F|44/100
|turn|63
|
|t:|1758974451
|move|p1a: Corviknight|Body Press|p2a: Slowking
|-resisted|p2a: Slowking
|-damage|p2a: Slowking|18/100
|move|p2a: Slowking|Sludge Bomb|p1a: Corviknight
|-immune|p1a: Corviknight
|
|upkeep
|turn|64
|c|☆ElisD24|goofy endgame
|c|☆ElisD24|gg
|
|t:|1758974458
|move|p1a: Corviknight|Body Press|p2a: Slowking
|-resisted|p2a: Slowking
|-damage|p2a: Slowking|0 fnt
|faint|p2a: Slowking
|
|win|ElisD24
|raw|ElisD24's rating: 1346 &rarr; <strong>1371</strong><br />(+25 for winning)
|raw|q up bro's rating: 1430 &rarr; <strong>1405</strong><br />(-25 for losing)
