|j|☆TrentMercer
|j|☆bertoskyT
|t:|1758962676
|gametype|singles
|player|p1|TrentMercer|n|1642
|player|p2|bertoskyT|ethan|1586
|gen|9
|tier|[Gen 9] OU
|rated|
|rule|HP Percentage Mod: HP is shown in percentages
|rule|Endless Battle Clause: Forcing endless battles is banned
|rule|Species Clause: Limit one of each Pokémon
|rule|OHKO Clause: OHKO moves are banned
|rule|Evasion Items Clause: Evasion items are banned
|rule|Evasion Moves Clause: Evasion moves are banned
|rule|Evasion Abilities Clause: Evasion abilities are banned
|rule|Sleep Moves Clause: Sleep-inducing moves are banned
|clearpoke
|poke|p1|Great Tusk|
|poke|p1|Slowking-Galar, M|
|poke|p1|Cinderace, F|
|poke|p1|Crawdaunt, F|
|poke|p1|Zapdos|
|poke|p1|Gholdengo|
|poke|p2|Dragapult, F|
|poke|p2|Landorus-Therian, M|
|poke|p2|Ogerpon-Wellspring, F|
|poke|p2|Greninja-*, M|
|poke|p2|Slowking-Galar, F|
|poke|p2|Forretress, F|
|teampreview
|inactive|Battle timer is ON: inactive players will automatically lose when time's up. (requested by TrentMercer)
|
|t:|1758962686
|teamsize|p1|6
|teamsize|p2|6
|start
|switch|p1a: Gholdengo|Gholdengo|100/100
|switch|p2a: Landorus|Landorus-Therian, M|100/100
|-ability|p2a: Landorus|Intimidate|boost
|-unboost|p1a: Gholdengo|atk|1
|turn|1
|
|t:|1758962694
|switch|p1a: Great Tusk|Great Tusk|100/100
|-enditem|p1a: Great Tusk|Booster Energy
|-activate|p1a: Great Tusk|ability: Protosynthesis|[fromitem]
|-start|p1a: Great Tusk|protosynthesisatk
|move|p2a: Landorus|Earth Power|p1a: Great Tusk
|-damage|p1a: Great Tusk|51/100
|
|upkeep
|turn|2
|
|t:|1758962702
|move|p1a: Great Tusk|Ice Spinner|p2a: Landorus
|-supereffective|p2a: Landorus
|-damage|p2a: Landorus|0 fnt
|-damage|p1a: Great Tusk|35/100|[from] item: Rocky Helmet|[of] p2a: Landorus
|faint|p2a: Landorus
|
|upkeep
|
|t:|1758962706
|switch|p2a: Greninja|Greninja, M|100/100
|turn|3
|
|t:|1758962712
|-end|p1a: Great Tusk|Protosynthesis|[silent]
|switch|p1a: Slowking|Slowking-Galar, M|100/100
|move|p2a: Greninja|Surf|p1a: Slowking
|-damage|p1a: Slowking|76/100
|-damage|p2a: Greninja|91/100|[from] item: Life Orb
|
|upkeep
|turn|4
|
|t:|1758962719
|switch|p2a: Slowking|Slowking-Galar, F|100/100
|move|p1a: Slowking|Sludge Bomb|p2a: Slowking
|-resisted|p2a: Slowking
|-damage|p2a: Slowking|88/100
|
|upkeep
|turn|5
|
|t:|1758962723
|move|p1a: Slowking|Psyshock|p2a: Slowking
|-damage|p2a: Slowking|48/100
|-prepare|p2a: Slowking|Chilly Reception|[premajor]
|move|p2a: Slowking|Chilly Reception|p2a: Slowking
|-weather|Snowscape
|
|t:|1758962725
|switch|p2a: Dragapult|Dragapult, F|100/100|[from] Chilly Reception
|
|-weather|Snowscape|[upkeep]
|upkeep
|turn|6
|
|t:|1758962730
|-terastallize|p2a: Dragapult|Ghost
|move|p2a: Dragapult|Tera Blast|p1a: Slowking|[anim] Tera Blast Ghost
|-supereffective|p1a: Slowking
|-damage|p1a: Slowking|0 fnt
|faint|p1a: Slowking
|
|-weather|Snowscape|[upkeep]
|upkeep
|
|t:|1758962735
|switch|p1a: Gholdengo|Gholdengo|100/100
|turn|7
|
|t:|1758962739
|switch|p2a: Slowking|Slowking-Galar, F|81/100
|move|p1a: Gholdengo|Shadow Ball|p2a: Slowking
|-supereffective|p2a: Slowking
|-damage|p2a: Slowking|28/100
|
|-weather|Snowscape|[upkeep]
|upkeep
|turn|8
|
|t:|1758962749
|switch|p2a: Greninja|Greninja, M|91/100
|move|p1a: Gholdengo|Shadow Ball|p2a: Greninja
|-resisted|p2a: Greninja
|-damage|p2a: Greninja|58/100
|
|-weather|Snowscape|[upkeep]
|upkeep
|turn|9
|inactive|TrentMercer has 120 seconds left.
|inactive|TrentMercer has 90 seconds left.
|
|t:|1758962816
|switch|p1a: Great Tusk|Great Tusk|35/100
|move|p2a: Greninja|Dark Pulse|p1a: Great Tusk
|-resisted|p1a: Great Tusk
|-damage|p1a: Great Tusk|0 fnt
|faint|p1a: Great Tusk
|-end|p1a: Great Tusk|Protosynthesis|[silent]
|-ability|p2a: Greninja|Battle Bond|boost
|-boost|p2a: Greninja|atk|1
|-boost|p2a: Greninja|spa|1
|-boost|p2a: Greninja|spe|1
|-activate|p2a: Greninja|ability: Battle Bond
|-damage|p2a: Greninja|49/100|[from] item: Life Orb
|
|-weather|none
|upkeep
|
|t:|1758962834
|switch|p1a: Crawdaunt|Crawdaunt, F|100/100
|turn|10
|
|t:|1758962846
|-terastallize|p1a: Crawdaunt|Water
|move|p1a: Crawdaunt|Aqua Jet|p2a: Greninja
|-resisted|p2a: Greninja
|-damage|p2a: Greninja|10/100
|move|p2a: Greninja|Sludge Wave|p1a: Crawdaunt
|-damage|p1a: Crawdaunt|0 fnt
|faint|p1a: Crawdaunt
|-damage|p2a: Greninja|0 fnt|[from] item: Life Orb
|faint|p2a: Greninja
|
|upkeep
|
|t:|1758962867
|switch|p2a: Slowking|Slowking-Galar, F|61/100
|switch|p1a: Gholdengo|Gholdengo|100/100
|turn|11
|
|t:|1758962873
|move|p1a: Gholdengo|Shadow Ball|p2a: Slowking
|-supereffective|p2a: Slowking
|-damage|p2a: Slowking|12/100
|-prepare|p2a: Slowking|Chilly Reception|[premajor]
|move|p2a: Slowking|Chilly Reception|p2a: Slowking
|-weather|Snowscape
|
|t:|1758962876
|switch|p2a: Ogerpon|Ogerpon-Wellspring, F|100/100|[from] Chilly Reception
|
|-weather|Snowscape|[upkeep]
|upkeep
|turn|12
|
|t:|1758962882
|move|p1a: Gholdengo|Shadow Ball|p2a: Ogerpon
|-damage|p2a: Ogerpon|51/100
|-unboost|p2a: Ogerpon|spd|1
|move|p2a: Ogerpon|Knock Off|p1a: Gholdengo
|-supereffective|p1a: Gholdengo
|-damage|p1a: Gholdengo|12/100
|-enditem|p1a: Gholdengo|Choice Scarf|[from] move: Knock Off|[of] p2a: Ogerpon
|
|-weather|Snowscape|[upkeep]
|upkeep
|turn|13
|
|t:|1758962898
|switch|p2a: Forretress|Forretress, F|100/100
|switch|p1a: Zapdos|Zapdos|100/100
|
|-weather|Snowscape|[upkeep]
|upkeep
|turn|14
|
|t:|1758962911
|move|p1a: Zapdos|Volt Switch|p2a: Forretress
|-damage|p2a: Forretress|58/100
|
|t:|1758962914
|switch|p1a: Cinderace|Cinderace, F|100/100|[from] Volt Switch
|move|p2a: Forretress|Volt Switch|p1a: Cinderace
|-damage|p1a: Cinderace|86/100
|inactive|bertoskyT has 120 seconds left.
|
|t:|1758962939
|switch|p2a: Dragapult|Dragapult, F, tera:Ghost|100/100|[from] Volt Switch
|
|-weather|Snowscape|[upkeep]
|upkeep
|turn|15
|inactive|TrentMercer has 120 seconds left.
|
|t:|1758962959
|switch|p1a: Gholdengo|Gholdengo|12/100
|move|p2a: Dragapult|Tera Blast|p1a: Gholdengo|[anim] Tera Blast Ghost
|-supereffective|p1a: Gholdengo
|-damage|p1a: Gholdengo|0 fnt
|faint|p1a: Gholdengo
|
|-weather|none
|upkeep
|
|t:|1758962967
|switch|p1a: Zapdos|Zapdos|100/100
|turn|16
|
|t:|1758962972
|move|p2a: Dragapult|Tera Blast|p1a: Zapdos|[anim] Tera Blast Ghost
|-damage|p1a: Zapdos|45/100
|move|p1a: Zapdos|Thunder Wave|p2a: Dragapult
|-status|p2a: Dragapult|par
|
|upkeep
|turn|17
|inactive|TrentMercer has 120 seconds left.
|
|t:|1758962981
|move|p1a: Zapdos|Roost|p1a: Zapdos
|-heal|p1a: Zapdos|95/100
|-singleturn|p1a: Zapdos|move: Roost
|move|p2a: Dragapult|Tera Blast|p1a: Zapdos|[anim] Tera Blast Ghost
|-damage|p1a: Zapdos|36/100
|
|upkeep
|turn|18
|
|t:|1758962990
|move|p1a: Zapdos|Roost|p1a: Zapdos
|-heal|p1a: Zapdos|86/100
|-singleturn|p1a: Zapdos|move: Roost
|move|p2a: Dragapult|Tera Blast|p1a: Zapdos|[anim] Tera Blast Ghost
|-damage|p1a: Zapdos|25/100
|
|upkeep
|turn|19
|
|t:|1758962997
|move|p1a: Zapdos|Roost|p1a: Zapdos
|-heal|p1a: Zapdos|75/100
|-singleturn|p1a: Zapdos|move: Roost
|move|p2a: Dragapult|Tera Blast|p1a: Zapdos|[anim] Tera Blast Ghost
|-damage|p1a: Zapdos|20/100
|
|upkeep
|turn|20
|
|t:|1758963004
|move|p1a: Zapdos|Roost|p1a: Zapdos
|-heal|p1a: Zapdos|70/100
|-singleturn|p1a: Zapdos|move: Roost
|cant|p2a: Dragapult|par
|
|upkeep
|turn|21
|
|t:|1758963010
|move|p1a: Zapdos|Hurricane|p2a: Dragapult
|-damage|p2a: Dragapult|35/100 par
|-start|p2a: Dragapult|confusion
|-activate|p2a: Dragapult|confusion
|move|p2a: Dragapult|Tera Blast|p1a: Zapdos|[anim] Tera Blast Ghost
|-damage|p1a: Zapdos|19/100
|
|upkeep
|turn|22
|
|t:|1758963026
|switch|p2a: Slowking|Slowking-Galar, F|45/100
|move|p1a: Zapdos|Roost|p1a: Zapdos
|-heal|p1a: Zapdos|69/100
|-singleturn|p1a: Zapdos|move: Roost
|
|upkeep
|turn|23
|
|t:|1758963039
|move|p1a: Zapdos|Volt Switch|p2a: Slowking
|-damage|p2a: Slowking|28/100
|
|t:|1758963042
|switch|p1a: Cinderace|Cinderace, F|86/100|[from] Volt Switch
|move|p2a: Slowking|Sludge Bomb|p1a: Cinderace
|-damage|p1a: Cinderace|35/100
|
|upkeep
|turn|24
|
|t:|1758963049
|switch|p2a: Forretress|Forretress, F|58/100
|move|p1a: Cinderace|Pyro Ball|p2a: Forretress
|-supereffective|p2a: Forretress
|-damage|p2a: Forretress|0 fnt
|faint|p2a: Forretress
|
|upkeep
|
|t:|1758963063
|switch|p2a: Slowking|Slowking-Galar, F|62/100
|turn|25
|
|t:|1758963069
|switch|p2a: Dragapult|Dragapult, F, tera:Ghost|35/100 par
|move|p1a: Cinderace|U-turn|p2a: Dragapult
|-start|p1a: Cinderace|typechange|Bug|[from] ability: Libero
|-resisted|p2a: Dragapult
|-damage|p2a: Dragapult|12/100 par
|
|t:|1758963072
|switch|p1a: Zapdos|Zapdos|69/100|[from] U-turn
|
|upkeep
|turn|26
|
|t:|1758963078
|cant|p2a: Dragapult|par
|move|p1a: Zapdos|Volt Switch|p2a: Dragapult
|-damage|p2a: Dragapult|0 fnt
|faint|p2a: Dragapult
|
|t:|1758963083
|switch|p1a: Cinderace|Cinderace, F|35/100|[from] Volt Switch
|
|upkeep
|
|t:|1758963086
|switch|p2a: Slowking|Slowking-Galar, F|95/100
|turn|27
|
|t:|1758963091
|move|p1a: Cinderace|Pyro Ball|p2a: Slowking
|-damage|p2a: Slowking|34/100
|move|p2a: Slowking|Sludge Bomb|p1a: Cinderace
|-damage|p1a: Cinderace|0 fnt
|faint|p1a: Cinderace
|
|upkeep
|
|t:|1758963096
|switch|p1a: Zapdos|Zapdos|69/100
|turn|28
|
|t:|1758963102
|move|p1a: Zapdos|Hurricane|p2a: Slowking
|-damage|p2a: Slowking|6/100
|move|p2a: Slowking|Sludge Bomb|p1a: Zapdos
|-damage|p1a: Zapdos|34/100
|-status|p1a: Zapdos|psn
|
|-damage|p1a: Zapdos|22/100 psn|[from] psn
|upkeep
|turn|29
|
|t:|1758963109
|move|p1a: Zapdos|Roost|p1a: Zapdos
|-heal|p1a: Zapdos|72/100 psn
|-singleturn|p1a: Zapdos|move: Roost
|move|p2a: Slowking|Sludge Bomb|p1a: Zapdos
|-damage|p1a: Zapdos|39/100 psn
|
|-damage|p1a: Zapdos|27/100 psn|[from] psn
|upkeep
|turn|30
|
|t:|1758963116
|move|p1a: Zapdos|Thunder Wave|p2a: Slowking
|-status|p2a: Slowking|par
|move|p2a: Slowking|Sludge Bomb|p1a: Zapdos
|-damage|p1a: Zapdos|0 fnt
|faint|p1a: Zapdos
|
|win|bertoskyT
|raw|TrentMercer's rating: 1642 &rarr; <strong>1619</strong><br />(-23 for losing)
|raw|bertoskyT's rating: 1586 &rarr; <strong>1609</strong><br />(+23 for winning)
|l|☆TrentMercer
|player|p1|
|l|☆bertoskyT
|player|p2|
