|j|☆Shibuya Arc
|j|☆GermanDude5
|t:|1758964286
|gametype|singles
|player|p1|Shibuya Arc|265|1743
|player|p2|GermanDude5|170|1685
|gen|9
|tier|[Gen 9] OU
|rated|
|rule|HP Percentage Mod: HP is shown in percentages
|rule|Endless Battle Clause: Forcing endless battles is banned
|rule|Species Clause: Limit one of each Pokémon
|rule|OHKO Clause: OHKO moves are banned
|rule|Evasion Items Clause: Evasion items are banned
|rule|Evasion Moves Clause: Evasion moves are banned
|rule|Evasion Abilities Clause: Evasion abilities are banned
|rule|Sleep Moves Clause: Sleep-inducing moves are banned
|clearpoke
|poke|p1|Dragapult, M|
|poke|p1|Dragonite, F|
|poke|p1|Ting-Lu|
|poke|p1|Weezing-Galar, F|
|poke|p1|Iron Crown|
|poke|p1|Zapdos|
|poke|p2|Enamorus, F|
|poke|p2|Great Tusk|
|poke|p2|Dragapult, F|
|poke|p2|Alomomola, M|
|poke|p2|Iron Crown|
|poke|p2|Kingambit, F|
|teampreview
|inactive|Battle timer is ON: inactive players will automatically lose when time's up. (requested by Shibuya Arc)
|
|t:|1758964326
|teamsize|p1|6
|teamsize|p2|6
|start
|switch|p1a: Ting-Lu|Ting-Lu|100/100
|switch|p2a: Dragapult|Dragapult, F|100/100
|-ability|p1a: Ting-Lu|Vessel of Ruin
|turn|1
|
|t:|1758964332
|move|p2a: Dragapult|U-turn|p1a: Ting-Lu
|-supereffective|p1a: Ting-Lu
|-damage|p1a: Ting-Lu|81/100
|
|t:|1758964337
|switch|p2a: Great Tusk|Great Tusk|100/100|[from] U-turn
|move|p1a: Ting-Lu|Ruination|p2a: Great Tusk
|-damage|p2a: Great Tusk|51/100
|
|-heal|p1a: Ting-Lu|87/100|[from] item: Leftovers
|upkeep
|turn|2
|
|t:|1758964350
|move|p2a: Great Tusk|Ice Spinner|p1a: Ting-Lu
|-supereffective|p1a: Ting-Lu
|-damage|p1a: Ting-Lu|59/100
|move|p1a: Ting-Lu|Ruination|p2a: Great Tusk
|-damage|p2a: Great Tusk|26/100
|
|-heal|p1a: Ting-Lu|65/100|[from] item: Leftovers
|upkeep
|turn|3
|
|t:|1758964359
|-end|p2a: Great Tusk|Protosynthesis|[silent]
|switch|p2a: Alomomola|Alomomola, M|100/100
|move|p1a: Ting-Lu|Stealth Rock|p2a: Alomomola
|-sidestart|p2: GermanDude5|move: Stealth Rock
|
|-heal|p1a: Ting-Lu|71/100|[from] item: Leftovers
|upkeep
|turn|4
|j| Rizzofreko
|
|t:|1758964368
|move|p1a: Ting-Lu|Ruination|p2a: Alomomola
|-damage|p2a: Alomomola|51/100
|move|p2a: Alomomola|Wish|p2a: Alomomola
|
|-heal|p1a: Ting-Lu|77/100|[from] item: Leftovers
|upkeep
|turn|5
|
|t:|1758964378
|move|p1a: Ting-Lu|Earthquake|p2a: Alomomola
|-damage|p2a: Alomomola|26/100
|move|p2a: Alomomola|Flip Turn|p1a: Ting-Lu
|-supereffective|p1a: Ting-Lu
|-damage|p1a: Ting-Lu|58/100
|
|t:|1758964385
|switch|p2a: Enamorus|Enamorus, F|100/100|[from] Flip Turn
|-damage|p2a: Enamorus|76/100|[from] Stealth Rock
|
|-heal|p2a: Enamorus|100/100|[from] move: Wish|[wisher] Alomomola
|-heal|p1a: Ting-Lu|65/100|[from] item: Leftovers
|upkeep
|turn|6
|
|t:|1758964391
|move|p2a: Enamorus|Moonblast|p1a: Ting-Lu
|-supereffective|p1a: Ting-Lu
|-damage|p1a: Ting-Lu|0 fnt
|faint|p1a: Ting-Lu
|
|upkeep
|
|t:|1758964401
|switch|p1a: Zapdos|Zapdos|100/100
|turn|7
|j| amimec
|j| heatraniac
|l| heatraniac
|
|t:|1758964419
|move|p1a: Zapdos|Volt Switch|p2a: Enamorus
|-supereffective|p2a: Enamorus
|-damage|p2a: Enamorus|0 fnt
|faint|p2a: Enamorus
|
|t:|1758964426
|switch|p1a: Iron Crown|Iron Crown|100/100|[from] Volt Switch
|
|upkeep
|
|t:|1758964432
|switch|p2a: Dragapult|Dragapult, F|100/100
|-damage|p2a: Dragapult|88/100|[from] Stealth Rock
|turn|8
|
|t:|1758964442
|-end|p1a: Iron Crown|Quark Drive|[silent]
|switch|p1a: Dragonite|Dragonite, F|100/100
|-terastallize|p2a: Dragapult|Ghost
|move|p2a: Dragapult|Shadow Ball|p1a: Dragonite
|-damage|p1a: Dragonite|64/100
|-unboost|p1a: Dragonite|spd|1
|
|upkeep
|turn|9
|
|t:|1758964453
|move|p2a: Dragapult|Shadow Ball|p1a: Dragonite
|-damage|p1a: Dragonite|0 fnt
|faint|p1a: Dragonite
|
|upkeep
|
|t:|1758964460
|switch|p1a: Iron Crown|Iron Crown|100/100
|turn|10
|
|t:|1758964473
|switch|p2a: Alomomola|Alomomola, M|59/100
|-terastallize|p1a: Iron Crown|Steel
|move|p1a: Iron Crown|Tachyon Cutter|p2a: Alomomola
|-resisted|p2a: Alomomola
|-damage|p2a: Alomomola|38/100
|-resisted|p2a: Alomomola
|-damage|p2a: Alomomola|15/100
|-hitcount|p2a: Alomomola|2
|
|upkeep
|turn|11
|
|t:|1758964484
|-end|p1a: Iron Crown|Quark Drive|[silent]
|switch|p1a: Weezing|Weezing-Galar, F|100/100
|-ability|p1a: Weezing|Neutralizing Gas
|move|p2a: Alomomola|Wish|p2a: Alomomola
|
|upkeep
|turn|12
|
|t:|1758964490
|move|p2a: Alomomola|Protect|p2a: Alomomola
|-singleturn|p2a: Alomomola|Protect
|move|p1a: Weezing|Toxic Spikes|p2a: Alomomola
|-sidestart|p2: GermanDude5|move: Toxic Spikes
|
|-heal|p2a: Alomomola|65/100|[from] move: Wish|[wisher] Alomomola
|upkeep
|turn|13
|l| Rizzofreko
|
|t:|1758964497
|-end|p1a: Weezing|ability: Neutralizing Gas
|switch|p1a: Dragapult|Dragapult, M|100/100
|move|p2a: Alomomola|Flip Turn|p1a: Dragapult
|-resisted|p1a: Dragapult
|-damage|p1a: Dragapult|89/100
|-start|p2a: Alomomola|Disable|Flip Turn|[from] ability: Cursed Body|[of] p1a: Dragapult
|
|t:|1758964501
|switch|p2a: Kingambit|Kingambit, F|100/100|[from] Flip Turn
|-damage|p2a: Kingambit|94/100|[from] Stealth Rock
|-activate|p2a: Kingambit|ability: Supreme Overlord
|-start|p2a: Kingambit|fallen1|[silent]
|
|-heal|p2a: Kingambit|100/100|[from] item: Leftovers
|upkeep
|turn|14
|
|t:|1758964508
|move|p1a: Dragapult|Will-O-Wisp|p2a: Kingambit
|-status|p2a: Kingambit|brn
|move|p2a: Kingambit|Kowtow Cleave|p1a: Dragapult
|-supereffective|p1a: Dragapult
|-damage|p1a: Dragapult|19/100
|-start|p2a: Kingambit|Disable|Kowtow Cleave|[from] ability: Cursed Body|[of] p1a: Dragapult
|
|-damage|p2a: Kingambit|94/100 brn|[from] brn
|upkeep
|turn|15
|j| cynasaurus
|
|t:|1758964520
|move|p1a: Dragapult|U-turn|p2a: Kingambit
|-damage|p2a: Kingambit|78/100 brn
|
|t:|1758964531
|switch|p1a: Zapdos|Zapdos|100/100|[from] U-turn
|move|p2a: Kingambit|Iron Head|p1a: Zapdos
|-resisted|p1a: Zapdos
|-damage|p1a: Zapdos|86/100
|
|-heal|p2a: Kingambit|84/100 brn|[from] item: Leftovers
|-damage|p2a: Kingambit|78/100 brn|[from] brn
|upkeep
|turn|16
|
|t:|1758964547
|-end|p2a: Kingambit|fallen1|[silent]
|switch|p2a: Alomomola|Alomomola, M|98/100
|move|p1a: Zapdos|Heat Wave|p2a: Alomomola
|-resisted|p2a: Alomomola
|-damage|p2a: Alomomola|84/100
|
|upkeep
|turn|17
|
|t:|1758964556
|move|p1a: Zapdos|Heat Wave|p2a: Alomomola
|-resisted|p2a: Alomomola
|-damage|p2a: Alomomola|68/100
|move|p2a: Alomomola|Wish|p2a: Alomomola
|
|upkeep
|turn|18
|
|t:|1758964566
|move|p1a: Zapdos|Heat Wave|p2a: Alomomola
|-resisted|p2a: Alomomola
|-damage|p2a: Alomomola|54/100
|move|p2a: Alomomola|Flip Turn|p1a: Zapdos
|-damage|p1a: Zapdos|66/100
|
|t:|1758964568
|switch|p2a: Great Tusk|Great Tusk|26/100|[from] Flip Turn
|
|-heal|p2a: Great Tusk|89/100|[from] move: Wish|[wisher] Alomomola
|upkeep
|turn|19
|
|t:|1758964574
|switch|p1a: Dragapult|Dragapult, M|19/100
|move|p2a: Great Tusk|Ice Spinner|p1a: Dragapult
|-supereffective|p1a: Dragapult
|-damage|p1a: Dragapult|0 fnt
|faint|p1a: Dragapult
|
|upkeep
|
|t:|1758964582
|switch|p1a: Iron Crown|Iron Crown, tera:Steel|100/100
|turn|20
|
|t:|1758964589
|-end|p2a: Great Tusk|Protosynthesis|[silent]
|switch|p2a: Kingambit|Kingambit, F|78/100 brn
|-damage|p2a: Kingambit|71/100 brn|[from] Stealth Rock
|-activate|p2a: Kingambit|ability: Supreme Overlord
|-start|p2a: Kingambit|fallen1|[silent]
|move|p1a: Iron Crown|Volt Switch|p2a: Kingambit
|-damage|p2a: Kingambit|29/100 brn
|
|t:|1758964600
|-end|p1a: Iron Crown|Quark Drive|[silent]
|switch|p1a: Zapdos|Zapdos|66/100|[from] Volt Switch
|
|-heal|p2a: Kingambit|35/100 brn|[from] item: Leftovers
|-damage|p2a: Kingambit|29/100 brn|[from] brn
|upkeep
|turn|21
|
|t:|1758964614
|move|p2a: Kingambit|Sucker Punch||[still]
|-fail|p2a: Kingambit
|move|p1a: Zapdos|Roost|p1a: Zapdos
|-heal|p1a: Zapdos|100/100
|-singleturn|p1a: Zapdos|move: Roost
|
|-heal|p2a: Kingambit|35/100 brn|[from] item: Leftovers
|-damage|p2a: Kingambit|29/100 brn|[from] brn
|upkeep
|turn|22
|
|t:|1758964621
|move|p2a: Kingambit|Sucker Punch||[still]
|-fail|p2a: Kingambit
|move|p1a: Zapdos|Roost||[still]
|-fail|p1a: Zapdos|heal
|
|-heal|p2a: Kingambit|35/100 brn|[from] item: Leftovers
|-damage|p2a: Kingambit|29/100 brn|[from] brn
|upkeep
|turn|23
|
|t:|1758964628
|move|p2a: Kingambit|Sucker Punch||[still]
|-fail|p2a: Kingambit
|move|p1a: Zapdos|Roost||[still]
|-fail|p1a: Zapdos|heal
|
|-heal|p2a: Kingambit|35/100 brn|[from] item: Leftovers
|-damage|p2a: Kingambit|29/100 brn|[from] brn
|upkeep
|turn|24
|
|t:|1758964634
|move|p1a: Zapdos|Roost||[still]
|-fail|p1a: Zapdos|heal
|move|p2a: Kingambit|Swords Dance|p2a: Kingambit
|-boost|p2a: Kingambit|atk|2
|
|-heal|p2a: Kingambit|35/100 brn|[from] item: Leftovers
|-damage|p2a: Kingambit|29/100 brn|[from] brn
|upkeep
|turn|25
|
|t:|1758964641
|move|p1a: Zapdos|Roost||[still]
|-fail|p1a: Zapdos|heal
|move|p2a: Kingambit|Kowtow Cleave|p1a: Zapdos
|-damage|p1a: Zapdos|39/100
|
|-heal|p2a: Kingambit|35/100 brn|[from] item: Leftovers
|-damage|p2a: Kingambit|29/100 brn|[from] brn
|upkeep
|turn|26
|
|t:|1758964649
|move|p2a: Kingambit|Sucker Punch||[still]
|-fail|p2a: Kingambit
|move|p1a: Zapdos|Roost|p1a: Zapdos
|-heal|p1a: Zapdos|89/100
|-singleturn|p1a: Zapdos|move: Roost
|
|-heal|p2a: Kingambit|35/100 brn|[from] item: Leftovers
|-damage|p2a: Kingambit|29/100 brn|[from] brn
|upkeep
|turn|27
|
|t:|1758964656
|move|p2a: Kingambit|Sucker Punch||[still]
|-fail|p2a: Kingambit
|move|p1a: Zapdos|Roost|p1a: Zapdos
|-heal|p1a: Zapdos|100/100
|-singleturn|p1a: Zapdos|move: Roost
|
|-heal|p2a: Kingambit|35/100 brn|[from] item: Leftovers
|-damage|p2a: Kingambit|29/100 brn|[from] brn
|upkeep
|turn|28
|
|t:|1758964663
|switch|p1a: Iron Crown|Iron Crown, tera:Steel|100/100
|move|p2a: Kingambit|Swords Dance|p2a: Kingambit
|-boost|p2a: Kingambit|atk|2
|
|-heal|p2a: Kingambit|35/100 brn|[from] item: Leftovers
|-damage|p2a: Kingambit|29/100 brn|[from] brn
|upkeep
|turn|29
|
|t:|1758964669
|-end|p1a: Iron Crown|Quark Drive|[silent]
|switch|p1a: Zapdos|Zapdos|100/100
|move|p2a: Kingambit|Sucker Punch||[still]
|-fail|p2a: Kingambit
|
|-heal|p2a: Kingambit|35/100 brn|[from] item: Leftovers
|-damage|p2a: Kingambit|29/100 brn|[from] brn
|upkeep
|turn|30
|
|t:|1758964676
|switch|p1a: Iron Crown|Iron Crown, tera:Steel|100/100
|move|p2a: Kingambit|Kowtow Cleave|p1a: Iron Crown
|-damage|p1a: Iron Crown|13/100
|
|-heal|p2a: Kingambit|35/100 brn|[from] item: Leftovers
|-damage|p2a: Kingambit|29/100 brn|[from] brn
|upkeep
|turn|31
|
|t:|1758964684
|-end|p1a: Iron Crown|Quark Drive|[silent]
|switch|p1a: Zapdos|Zapdos|100/100
|move|p2a: Kingambit|Sucker Punch||[still]
|-fail|p2a: Kingambit
|
|-heal|p2a: Kingambit|35/100 brn|[from] item: Leftovers
|-damage|p2a: Kingambit|29/100 brn|[from] brn
|upkeep
|turn|32
|
|t:|1758964691
|switch|p1a: Iron Crown|Iron Crown, tera:Steel|13/100
|move|p2a: Kingambit|Sucker Punch||[still]
|-fail|p2a: Kingambit
|
|-heal|p2a: Kingambit|35/100 brn|[from] item: Leftovers
|-damage|p2a: Kingambit|29/100 brn|[from] brn
|upkeep
|turn|33
|
|t:|1758964698
|-end|p1a: Iron Crown|Quark Drive|[silent]
|switch|p1a: Zapdos|Zapdos|100/100
|move|p2a: Kingambit|Kowtow Cleave|p1a: Zapdos
|-damage|p1a: Zapdos|4/100
|
|-heal|p2a: Kingambit|35/100 brn|[from] item: Leftovers
|-damage|p2a: Kingambit|29/100 brn|[from] brn
|upkeep
|turn|34
|c|☆GermanDude5|?
|
|t:|1758964706
|move|p1a: Zapdos|Roost|p1a: Zapdos
|-heal|p1a: Zapdos|54/100
|-singleturn|p1a: Zapdos|move: Roost
|move|p2a: Kingambit|Kowtow Cleave|p1a: Zapdos
|-damage|p1a: Zapdos|0 fnt
|faint|p1a: Zapdos
|
|-heal|p2a: Kingambit|35/100 brn|[from] item: Leftovers
|-damage|p2a: Kingambit|29/100 brn|[from] brn
|upkeep
|
|t:|1758964714
|switch|p1a: Iron Crown|Iron Crown, tera:Steel|13/100
|turn|35
|
|t:|1758964720
|-end|p1a: Iron Crown|Quark Drive|[silent]
|switch|p1a: Weezing|Weezing-Galar, F|100/100
|-ability|p1a: Weezing|Neutralizing Gas
|move|p2a: Kingambit|Kowtow Cleave|p1a: Weezing
|-resisted|p1a: Weezing
|-damage|p1a: Weezing|76/100
|
|-heal|p2a: Kingambit|35/100 brn|[from] item: Leftovers
|-damage|p2a: Kingambit|29/100 brn|[from] brn
|upkeep
|turn|36
|
|t:|1758964728
|move|p2a: Kingambit|Iron Head|p1a: Weezing
|-supereffective|p1a: Weezing
|-damage|p1a: Weezing|0 fnt
|faint|p1a: Weezing
|-end|p1a: Weezing|ability: Neutralizing Gas
|-activate|p2a: Kingambit|ability: Supreme Overlord
|-start|p2a: Kingambit|fallen1|[silent]
|
|-heal|p2a: Kingambit|35/100 brn|[from] item: Leftovers
|-damage|p2a: Kingambit|29/100 brn|[from] brn
|upkeep
|
|t:|1758964734
|switch|p1a: Iron Crown|Iron Crown, tera:Steel|13/100
|turn|37
|
|t:|1758964737
|move|p1a: Iron Crown|Focus Blast|p2a: Kingambit
|-supereffective|p2a: Kingambit
|-damage|p2a: Kingambit|0 fnt
|faint|p2a: Kingambit
|-end|p2a: Kingambit|fallen1|[silent]
|
|upkeep
|
|t:|1758964741
|switch|p2a: Dragapult|Dragapult, F, tera:Ghost|88/100
|-damage|p2a: Dragapult|76/100|[from] Stealth Rock
|-status|p2a: Dragapult|psn
|turn|38
|
|t:|1758964745
|move|p2a: Dragapult|Shadow Ball|p1a: Iron Crown
|-damage|p1a: Iron Crown|0 fnt
|faint|p1a: Iron Crown
|-end|p1a: Iron Crown|Quark Drive|[silent]
|
|win|GermanDude5
|raw|Shibuya Arc's rating: 1743 &rarr; <strong>1720</strong><br />(-23 for losing)
|raw|GermanDude5's rating: 1685 &rarr; <strong>1708</strong><br />(+23 for winning)
