|j|☆Nanami&Mozomi
|j|☆theastreus1
|t:|1758967118
|gametype|singles
|player|p1|Nanami&Mozomi|cynthia-gen4|1048
|player|p2|theastreus1|schoolkid-gen4dp|1083
|gen|9
|tier|[Gen 9] OU
|rated|
|rule|HP Percentage Mod: HP is shown in percentages
|rule|Endless Battle Clause: Forcing endless battles is banned
|rule|Species Clause: Limit one of each Pokémon
|rule|OHKO Clause: OHKO moves are banned
|rule|Evasion Items Clause: Evasion items are banned
|rule|Evasion Moves Clause: Evasion moves are banned
|rule|Evasion Abilities Clause: Evasion abilities are banned
|rule|Sleep Moves Clause: Sleep-inducing moves are banned
|clearpoke
|poke|p1|Dragapult, M|
|poke|p1|Great Tusk|
|poke|p1|Charizard, F|
|poke|p1|Corviknight, F|
|poke|p1|Raging Bolt|
|poke|p1|Landorus-Therian, M|
|poke|p2|Incineroar, M|
|poke|p2|Jolteon, F|
|poke|p2|Gliscor, M|
|poke|p2|Araquanid, M|
|poke|p2|Smeargle, F|
|poke|p2|Meowscarada, F|
|teampreview
|
|t:|1758967140
|teamsize|p1|6
|teamsize|p2|6
|start
|switch|p1a: Landorus|Landorus-Therian, M|100/100
|switch|p2a: Meowscarada|Meowscarada, F, shiny|100/100
|-ability|p1a: Landorus|Intimidate|boost
|-unboost|p2a: Meowscarada|atk|1
|turn|1
|
|t:|1758967165
|move|p2a: Meowscarada|Knock Off|p1a: Landorus
|-start|p2a: Meowscarada|typechange|Dark|[from] ability: Protean
|-damage|p1a: Landorus|78/100
|-damage|p2a: Meowscarada|84/100|[from] item: Rocky Helmet|[of] p1a: Landorus
|-enditem|p1a: Landorus|Rocky Helmet|[from] move: Knock Off|[of] p2a: Meowscarada
|move|p1a: Landorus|U-turn|p2a: Meowscarada
|-supereffective|p2a: Meowscarada
|-damage|p2a: Meowscarada|14/100
|
|t:|1758967174
|switch|p1a: Raging Bolt|Raging Bolt|100/100|[from] U-turn
|-enditem|p1a: Raging Bolt|Booster Energy
|-activate|p1a: Raging Bolt|ability: Protosynthesis|[fromitem]
|-start|p1a: Raging Bolt|protosynthesisspa
|
|upkeep
|turn|2
|
|t:|1758967186
|move|p2a: Meowscarada|Knock Off|p1a: Raging Bolt
|-damage|p1a: Raging Bolt|81/100
|move|p1a: Raging Bolt|Calm Mind|p1a: Raging Bolt
|-boost|p1a: Raging Bolt|spa|1
|-boost|p1a: Raging Bolt|spd|1
|
|upkeep
|turn|3
|
|t:|1758967198
|move|p1a: Raging Bolt|Thunderclap|p2a: Meowscarada
|-crit|p2a: Meowscarada
|-damage|p2a: Meowscarada|0 fnt
|faint|p2a: Meowscarada
|
|upkeep
|
|t:|1758967209
|switch|p2a: Smeargle|Smeargle, F|100/100
|turn|4
|
|t:|1758967217
|move|p2a: Smeargle|Shell Smash|p2a: Smeargle
|-unboost|p2a: Smeargle|def|1
|-unboost|p2a: Smeargle|spd|1
|-boost|p2a: Smeargle|atk|2
|-boost|p2a: Smeargle|spa|2
|-boost|p2a: Smeargle|spe|2
|move|p1a: Raging Bolt|Thunderbolt|p2a: Smeargle
|-damage|p2a: Smeargle|0 fnt
|faint|p2a: Smeargle
|
|upkeep
|
|t:|1758967223
|switch|p2a: Gliscor|Gliscor, M, shiny|100/100
|turn|5
|
|t:|1758967226
|move|p2a: Gliscor|Earthquake|p1a: Raging Bolt
|-supereffective|p1a: Raging Bolt
|-damage|p1a: Raging Bolt|0 fnt
|faint|p1a: Raging Bolt
|-end|p1a: Raging Bolt|Protosynthesis|[silent]
|
|-status|p2a: Gliscor|tox|[from] item: Toxic Orb
|upkeep
|
|t:|1758967232
|switch|p1a: Charizard|Charizard, F, shiny|100/100
|turn|6
|
|t:|1758967237
|move|p1a: Charizard|Sunny Day|p1a: Charizard
|-weather|SunnyDay
|move|p2a: Gliscor|Knock Off|p1a: Charizard
|-damage|p1a: Charizard|65/100
|-enditem|p1a: Charizard|Heavy-Duty Boots|[from] move: Knock Off|[of] p2a: Gliscor
|
|-weather|SunnyDay|[upkeep]
|upkeep
|turn|7
|
|t:|1758967243
|switch|p1a: Great Tusk|Great Tusk|100/100
|-activate|p1a: Great Tusk|ability: Protosynthesis
|-start|p1a: Great Tusk|protosynthesisspe
|move|p2a: Gliscor|Aerial Ace|p1a: Great Tusk
|-supereffective|p1a: Great Tusk
|-damage|p1a: Great Tusk|67/100
|
|-weather|SunnyDay|[upkeep]
|-heal|p1a: Great Tusk|74/100|[from] item: Leftovers
|upkeep
|turn|8
|
|t:|1758967253
|-terastallize|p1a: Great Tusk|Fire
|move|p1a: Great Tusk|Ice Spinner|p2a: Gliscor
|-supereffective|p2a: Gliscor
|-damage|p2a: Gliscor|8/100 tox
|move|p2a: Gliscor|Aerial Ace|p1a: Great Tusk
|-damage|p1a: Great Tusk|58/100
|
|-weather|SunnyDay|[upkeep]
|-heal|p1a: Great Tusk|64/100|[from] item: Leftovers
|-heal|p2a: Gliscor|21/100 tox|[from] ability: Poison Heal
|upkeep
|turn|9
|
|t:|1758967263
|move|p1a: Great Tusk|Ice Spinner|p2a: Gliscor
|-supereffective|p2a: Gliscor
|-damage|p2a: Gliscor|0 fnt
|faint|p2a: Gliscor
|
|-weather|SunnyDay|[upkeep]
|-heal|p1a: Great Tusk|70/100|[from] item: Leftovers
|upkeep
|
|t:|1758967266
|switch|p2a: Araquanid|Araquanid, M|100/100
|turn|10
|
|t:|1758967282
|-end|p1a: Great Tusk|Protosynthesis|[silent]
|switch|p1a: Corviknight|Corviknight, F, shiny|100/100
|-ability|p1a: Corviknight|Pressure
|move|p2a: Araquanid|Liquidation|p1a: Corviknight
|-damage|p1a: Corviknight|92/100
|-damage|p2a: Araquanid|84/100|[from] item: Rocky Helmet|[of] p1a: Corviknight
|
|-weather|none
|upkeep
|turn|11
|
|t:|1758967294
|switch|p2a: Jolteon|Jolteon, F, shiny|100/100
|move|p1a: Corviknight|Body Press|p2a: Jolteon
|-damage|p2a: Jolteon|48/100
|
|-status|p2a: Jolteon|brn|[from] item: Flame Orb
|upkeep
|turn|12
|
|t:|1758967302
|switch|p1a: Landorus|Landorus-Therian, M|78/100
|-ability|p1a: Landorus|Intimidate|boost
|-unboost|p2a: Jolteon|atk|1
|move|p2a: Jolteon|Thunderbolt|p1a: Landorus
|-immune|p1a: Landorus
|
|-damage|p2a: Jolteon|43/100 brn|[from] brn
|upkeep
|turn|13
|
|t:|1758967310
|-terastallize|p2a: Jolteon|Ice
|move|p2a: Jolteon|Tera Blast|p1a: Landorus|[anim] Tera Blast Ice
|-supereffective|p1a: Landorus
|-damage|p1a: Landorus|0 fnt
|faint|p1a: Landorus
|
|-damage|p2a: Jolteon|37/100 brn|[from] brn
|upkeep
|
|t:|1758967318
|switch|p1a: Great Tusk|Great Tusk, tera:Fire|70/100
|turn|14
|
|t:|1758967322
|move|p2a: Jolteon|Thunderbolt|p1a: Great Tusk
|-damage|p1a: Great Tusk|15/100
|move|p1a: Great Tusk|Headlong Rush|p2a: Jolteon
|-damage|p2a: Jolteon|0 fnt
|-unboost|p1a: Great Tusk|def|1
|-unboost|p1a: Great Tusk|spd|1
|faint|p2a: Jolteon
|
|-heal|p1a: Great Tusk|21/100|[from] item: Leftovers
|upkeep
|
|t:|1758967325
|switch|p2a: Incineroar|Incineroar, M, shiny|100/100
|-ability|p2a: Incineroar|Intimidate|boost
|-unboost|p1a: Great Tusk|atk|1
|turn|15
|
|t:|1758967335
|-end|p1a: Great Tusk|Protosynthesis|[silent]
|switch|p1a: Corviknight|Corviknight, F, shiny|92/100
|-ability|p1a: Corviknight|Pressure
|move|p2a: Incineroar|Darkest Lariat|p1a: Corviknight
|-damage|p1a: Corviknight|66/100
|-damage|p2a: Incineroar|84/100|[from] item: Rocky Helmet|[of] p1a: Corviknight
|
|upkeep
|turn|16
|
|t:|1758967343
|move|p2a: Incineroar|Fire Punch|p1a: Corviknight
|-supereffective|p1a: Corviknight
|-damage|p1a: Corviknight|19/100
|-status|p1a: Corviknight|brn
|-damage|p2a: Incineroar|67/100|[from] item: Rocky Helmet|[of] p1a: Corviknight
|move|p1a: Corviknight|Body Press|p2a: Incineroar
|-supereffective|p2a: Incineroar
|-damage|p2a: Incineroar|36/100
|
|-damage|p1a: Corviknight|13/100 brn|[from] brn
|upkeep
|turn|17
|
|t:|1758967357
|move|p2a: Incineroar|Bulk Up|p2a: Incineroar
|-boost|p2a: Incineroar|atk|1
|-boost|p2a: Incineroar|def|1
|move|p1a: Corviknight|Body Press|p2a: Incineroar
|-supereffective|p2a: Incineroar
|-damage|p2a: Incineroar|16/100
|
|-damage|p1a: Corviknight|7/100 brn|[from] brn
|upkeep
|turn|18
|
|t:|1758967365
|move|p2a: Incineroar|Fire Punch|p1a: Corviknight
|-supereffective|p1a: Corviknight
|-damage|p1a: Corviknight|0 fnt
|-damage|p2a: Incineroar|0 fnt|[from] item: Rocky Helmet|[of] p1a: Corviknight
|faint|p1a: Corviknight
|faint|p2a: Incineroar
|
|upkeep
|
|t:|1758967371
|switch|p2a: Araquanid|Araquanid, M|84/100
|switch|p1a: Dragapult|Dragapult, M|100/100
|turn|19
|
|t:|1758967383
|move|p1a: Dragapult|Draco Meteor|p2a: Araquanid
|-damage|p2a: Araquanid|2/100
|-unboost|p1a: Dragapult|spa|2
|move|p2a: Araquanid|Poison Jab|p1a: Dragapult
|-resisted|p1a: Dragapult
|-damage|p1a: Dragapult|88/100
|
|upkeep
|turn|20
|
|t:|1758967391
|move|p1a: Dragapult|Draco Meteor|p2a: Araquanid
|-crit|p2a: Araquanid
|-damage|p2a: Araquanid|0 fnt
|-unboost|p1a: Dragapult|spa|2
|faint|p2a: Araquanid
|
|win|Nanami&Mozomi
|raw|Nanami&amp;Mozomi's rating: 1048 &rarr; <strong>1084</strong><br />(+36 for winning)
|raw|theastreus1's rating: 1083 &rarr; <strong>1058</strong><br />(-25 for losing)
|c|☆theastreus1|gg
|l|☆theastreus1
|player|p2|
|c|☆Nanami&Mozomi|哈哈
