|j|☆showdex_tester
|j|☆AZ's Return
|t:|1758961900
|gametype|singles
|player|p1|showdex_tester|2|1398
|player|p2|AZ's Return|266|1451
|gen|9
|tier|[Gen 9] OU
|rated|
|rule|HP Percentage Mod: HP is shown in percentages
|rule|Endless Battle Clause: Forcing endless battles is banned
|rule|Species Clause: Limit one of each Pokémon
|rule|OHKO Clause: OHKO moves are banned
|rule|Evasion Items Clause: Evasion items are banned
|rule|Evasion Moves Clause: Evasion moves are banned
|rule|Evasion Abilities Clause: Evasion abilities are banned
|rule|Sleep Moves Clause: Sleep-inducing moves are banned
|clearpoke
|poke|p1|Typhlosion-Hisui, M|
|poke|p1|Torkoal, M|
|poke|p1|Raging Bolt|
|poke|p1|Rillaboom, M|
|poke|p1|Dragapult, F|
|poke|p1|Walking Wake|
|poke|p2|Ursaluna, M|
|poke|p2|Moltres|
|poke|p2|Great Tusk|
|poke|p2|Slowking-Galar, M|
|poke|p2|Meowscarada, M|
|poke|p2|Gholdengo|
|teampreview
|
|t:|1758961931
|teamsize|p1|6
|teamsize|p2|6
|start
|switch|p1a: Rillaboom|Rillaboom, M|100/100
|switch|p2a: Meowscarada|Meowscarada, M|100/100
|-fieldstart|move: Grassy Terrain|[from] ability: Grassy Surge|[of] p1a: Rillaboom
|turn|1
|
|t:|1758961943
|switch|p1a: Torkoal|Torkoal, M|100/100
|-weather|SunnyDay|[from] ability: Drought|[of] p1a: Torkoal
|move|p2a: Meowscarada|U-turn|p1a: Torkoal
|-resisted|p1a: Torkoal
|-damage|p1a: Torkoal|95/100
|
|t:|1758961951
|switch|p2a: Great Tusk|Great Tusk|100/100|[from] U-turn
|-activate|p2a: Great Tusk|ability: Protosynthesis
|-start|p2a: Great Tusk|protosynthesisatk
|
|-weather|SunnyDay|[upkeep]
|-heal|p1a: Torkoal|100/100|[from] Grassy Terrain
|upkeep
|turn|2
|
|t:|1758961977
|switch|p1a: Walking Wake|Walking Wake|100/100
|-activate|p1a: Walking Wake|ability: Protosynthesis
|-start|p1a: Walking Wake|protosynthesisspe
|move|p2a: Great Tusk|Headlong Rush|p1a: Walking Wake
|-damage|p1a: Walking Wake|10/100
|-unboost|p2a: Great Tusk|def|1
|-unboost|p2a: Great Tusk|spd|1
|
|-weather|SunnyDay|[upkeep]
|-heal|p1a: Walking Wake|16/100|[from] Grassy Terrain
|upkeep
|turn|3
|
|t:|1758962014
|-end|p2a: Great Tusk|Protosynthesis|[silent]
|switch|p2a: Slowking|Slowking-Galar, M|100/100
|move|p1a: Walking Wake|Flip Turn|p2a: Slowking
|-damage|p2a: Slowking|93/100
|-damage|p1a: Walking Wake|6/100|[from] item: Life Orb
|
|t:|1758962028
|-end|p1a: Walking Wake|Protosynthesis|[silent]
|switch|p1a: Rillaboom|Rillaboom, M|100/100|[from] Flip Turn
|
|-weather|SunnyDay|[upkeep]
|-heal|p2a: Slowking|99/100|[from] Grassy Terrain
|upkeep
|turn|4
|l|☆AZ's Return
|player|p2|
|j|☆AZ's Return
|player|p2|AZ's Return|266|
|
|t:|1758962070
|move|p1a: Rillaboom|Knock Off|p2a: Slowking
|-supereffective|p2a: Slowking
|-damage|p2a: Slowking|25/100
|-enditem|p2a: Slowking|Heavy-Duty Boots|[from] move: Knock Off|[of] p1a: Rillaboom
|move|p2a: Slowking|Toxic Spikes|p1a: Rillaboom
|-sidestart|p1: showdex_tester|move: Toxic Spikes
|
|-weather|SunnyDay|[upkeep]
|-heal|p2a: Slowking|31/100|[from] Grassy Terrain
|upkeep
|turn|5
|
|t:|1758962089
|switch|p2a: Moltres|Moltres|100/100
|move|p1a: Rillaboom|Knock Off|p2a: Moltres
|-damage|p2a: Moltres|61/100
|-enditem|p2a: Moltres|Heavy-Duty Boots|[from] move: Knock Off|[of] p1a: Rillaboom
|
|-weather|SunnyDay|[upkeep]
|-fieldend|move: Grassy Terrain
|upkeep
|turn|6
|
|t:|1758962098
|switch|p1a: Torkoal|Torkoal, M|100/100
|-status|p1a: Torkoal|psn
|move|p2a: Moltres|U-turn|p1a: Torkoal
|-resisted|p1a: Torkoal
|-damage|p1a: Torkoal|96/100 psn
|
|t:|1758962101
|switch|p2a: Great Tusk|Great Tusk|100/100|[from] U-turn
|-activate|p2a: Great Tusk|ability: Protosynthesis
|-start|p2a: Great Tusk|protosynthesisatk
|
|-weather|SunnyDay|[upkeep]
|-damage|p1a: Torkoal|84/100 psn|[from] psn
|upkeep
|turn|7
|
|t:|1758962111
|switch|p1a: Rillaboom|Rillaboom, M|100/100
|-status|p1a: Rillaboom|psn
|-fieldstart|move: Grassy Terrain|[from] ability: Grassy Surge|[of] p1a: Rillaboom
|move|p2a: Great Tusk|Headlong Rush|p1a: Rillaboom
|-resisted|p1a: Rillaboom
|-damage|p1a: Rillaboom|58/100 psn
|-unboost|p2a: Great Tusk|def|1
|-unboost|p2a: Great Tusk|spd|1
|
|-weather|SunnyDay|[upkeep]
|-heal|p1a: Rillaboom|64/100 psn|[from] Grassy Terrain
|-damage|p1a: Rillaboom|52/100 psn|[from] psn
|upkeep
|turn|8
|
|t:|1758962124
|-end|p2a: Great Tusk|Protosynthesis|[silent]
|switch|p2a: Moltres|Moltres|61/100
|switch|p1a: Raging Bolt|Raging Bolt|100/100
|-activate|p1a: Raging Bolt|ability: Protosynthesis
|-start|p1a: Raging Bolt|protosynthesisspa
|
|-weather|none
|-end|p1a: Raging Bolt|Protosynthesis
|upkeep
|turn|9
|
|t:|1758962142
|switch|p2a: Gholdengo|Gholdengo|100/100
|move|p1a: Raging Bolt|Dragon Pulse|p2a: Gholdengo
|-resisted|p2a: Gholdengo
|-damage|p2a: Gholdengo|69/100
|
|-heal|p2a: Gholdengo|75/100|[from] Grassy Terrain
|upkeep
|turn|10
|
|t:|1758962171
|move|p2a: Gholdengo|Shadow Ball|p1a: Raging Bolt
|-crit|p1a: Raging Bolt
|-damage|p1a: Raging Bolt|44/100
|move|p1a: Raging Bolt|Calm Mind|p1a: Raging Bolt
|-boost|p1a: Raging Bolt|spa|1
|-boost|p1a: Raging Bolt|spd|1
|
|-heal|p2a: Gholdengo|81/100|[from] Grassy Terrain
|-heal|p1a: Raging Bolt|50/100|[from] Grassy Terrain
|upkeep
|turn|11
|
|t:|1758962181
|move|p2a: Gholdengo|Shadow Ball|p1a: Raging Bolt
|-damage|p1a: Raging Bolt|27/100
|move|p1a: Raging Bolt|Thunderbolt|p2a: Gholdengo
|-damage|p2a: Gholdengo|0 fnt
|faint|p2a: Gholdengo
|
|-heal|p1a: Raging Bolt|34/100|[from] Grassy Terrain
|-fieldend|move: Grassy Terrain
|upkeep
|
|t:|1758962188
|switch|p2a: Great Tusk|Great Tusk|100/100
|turn|12
|
|t:|1758962208
|-end|p1a: Raging Bolt|Protosynthesis|[silent]
|switch|p1a: Rillaboom|Rillaboom, M|52/100 psn
|-fieldstart|move: Grassy Terrain|[from] ability: Grassy Surge|[of] p1a: Rillaboom
|move|p2a: Great Tusk|Headlong Rush|p1a: Rillaboom
|-resisted|p1a: Rillaboom
|-damage|p1a: Rillaboom|20/100 psn
|-unboost|p2a: Great Tusk|def|1
|-unboost|p2a: Great Tusk|spd|1
|
|-heal|p1a: Rillaboom|26/100 psn|[from] Grassy Terrain
|-damage|p1a: Rillaboom|14/100 psn|[from] psn
|upkeep
|turn|13
|
|t:|1758962231
|-end|p2a: Great Tusk|Protosynthesis|[silent]
|switch|p2a: Moltres|Moltres|61/100
|move|p1a: Rillaboom|Grassy Glide|p2a: Moltres
|-resisted|p2a: Moltres
|-damage|p2a: Moltres|52/100
|
|-heal|p1a: Rillaboom|20/100 psn|[from] Grassy Terrain
|-damage|p1a: Rillaboom|8/100 psn|[from] psn
|upkeep
|turn|14
|
|t:|1758962241
|switch|p1a: Torkoal|Torkoal, M|84/100 psn
|-weather|SunnyDay|[from] ability: Drought|[of] p1a: Torkoal
|move|p2a: Moltres|U-turn|p1a: Torkoal
|-resisted|p1a: Torkoal
|-damage|p1a: Torkoal|80/100 psn
|
|t:|1758962247
|switch|p2a: Great Tusk|Great Tusk|100/100|[from] U-turn
|-activate|p2a: Great Tusk|ability: Protosynthesis
|-start|p2a: Great Tusk|protosynthesisatk
|
|-weather|SunnyDay|[upkeep]
|-heal|p1a: Torkoal|86/100 psn|[from] Grassy Terrain
|-damage|p1a: Torkoal|73/100 psn|[from] psn
|upkeep
|turn|15
|
|t:|1758962280
|switch|p1a: Raging Bolt|Raging Bolt|34/100
|-activate|p1a: Raging Bolt|ability: Protosynthesis
|-start|p1a: Raging Bolt|protosynthesisspa
|move|p2a: Great Tusk|Headlong Rush|p1a: Raging Bolt
|-supereffective|p1a: Raging Bolt
|-damage|p1a: Raging Bolt|0 fnt
|-unboost|p2a: Great Tusk|def|1
|-unboost|p2a: Great Tusk|spd|1
|faint|p1a: Raging Bolt
|-end|p1a: Raging Bolt|Protosynthesis|[silent]
|
|-weather|SunnyDay|[upkeep]
|upkeep
|
|t:|1758962304
|switch|p1a: Typhlosion|Typhlosion-Hisui, M|100/100
|-status|p1a: Typhlosion|psn
|turn|16
|
|t:|1758962332
|-end|p2a: Great Tusk|Protosynthesis|[silent]
|switch|p2a: Moltres|Moltres|52/100
|move|p1a: Typhlosion|Eruption|p2a: Moltres
|-resisted|p2a: Moltres
|-damage|p2a: Moltres|0 fnt
|faint|p2a: Moltres
|
|-weather|SunnyDay|[upkeep]
|-damage|p1a: Typhlosion|88/100 psn|[from] psn
|-fieldend|move: Grassy Terrain
|upkeep
|
|t:|1758962343
|switch|p2a: Ursaluna|Ursaluna, M|100/100
|turn|17
|
|t:|1758962352
|-terastallize|p1a: Typhlosion|Fire
|move|p1a: Typhlosion|Eruption|p2a: Ursaluna
|-damage|p2a: Ursaluna|23/100
|move|p2a: Ursaluna|Earthquake|p1a: Typhlosion
|-supereffective|p1a: Typhlosion
|-damage|p1a: Typhlosion|0 fnt
|faint|p1a: Typhlosion
|
|-weather|SunnyDay|[upkeep]
|-heal|p2a: Ursaluna|29/100|[from] item: Leftovers
|upkeep
|
|t:|1758962371
|switch|p1a: Rillaboom|Rillaboom, M|8/100 psn
|-fieldstart|move: Grassy Terrain|[from] ability: Grassy Surge|[of] p1a: Rillaboom
|turn|18
|
|t:|1758962380
|move|p2a: Ursaluna|Protect|p2a: Ursaluna
|-singleturn|p2a: Ursaluna|Protect
|move|p1a: Rillaboom|U-turn|p2a: Ursaluna
|-activate|p2a: Ursaluna|move: Protect
|
|-weather|SunnyDay|[upkeep]
|-heal|p1a: Rillaboom|14/100 psn|[from] Grassy Terrain
|-heal|p2a: Ursaluna|35/100|[from] Grassy Terrain
|-heal|p2a: Ursaluna|41/100|[from] item: Leftovers
|-damage|p1a: Rillaboom|1/100 psn|[from] psn
|upkeep
|turn|19
|
|t:|1758962393
|switch|p2a: Great Tusk|Great Tusk|100/100
|-activate|p2a: Great Tusk|ability: Protosynthesis
|-start|p2a: Great Tusk|protosynthesisatk
|move|p1a: Rillaboom|U-turn|p2a: Great Tusk
|-resisted|p2a: Great Tusk
|-damage|p2a: Great Tusk|86/100
|-damage|p1a: Rillaboom|0 fnt|[from] item: Rocky Helmet|[of] p2a: Great Tusk
|faint|p1a: Rillaboom
|
|-weather|SunnyDay|[upkeep]
|-heal|p2a: Great Tusk|92/100|[from] Grassy Terrain
|upkeep
|
|t:|1758962411
|switch|p1a: Dragapult|Dragapult, F|100/100
|-status|p1a: Dragapult|psn
|turn|20
|
|t:|1758962426
|move|p1a: Dragapult|Draco Meteor|p2a: Great Tusk|[miss]
|-miss|p1a: Dragapult|p2a: Great Tusk
|move|p2a: Great Tusk|Headlong Rush|p1a: Dragapult
|-damage|p1a: Dragapult|0 fnt
|-unboost|p2a: Great Tusk|def|1
|-unboost|p2a: Great Tusk|spd|1
|faint|p1a: Dragapult
|
|-weather|SunnyDay|[upkeep]
|-heal|p2a: Great Tusk|98/100|[from] Grassy Terrain
|upkeep
|c|☆showdex_tester|gg
|-message|showdex_tester forfeited.
|
|win|AZ's Return
|raw|showdex_tester's rating: 1398 &rarr; <strong>1381</strong><br />(-17 for losing)
|raw|AZ&apos;s Return's rating: 1451 &rarr; <strong>1468</strong><br />(+17 for winning)
|l|☆showdex_tester
|player|p1|
|l|☆AZ's Return
|player|p2|
