|j|☆cookbayz
|j|☆iyasih
|t:|1759063599
|gametype|singles
|player|p1|cookbayz|sailor-gen3rs|1283
|player|p2|iyasih|1|1224
|gen|9
|tier|[Gen 9] OU
|rated|
|rule|HP Percentage Mod: HP is shown in percentages
|rule|Endless Battle Clause: Forcing endless battles is banned
|rule|Species Clause: Limit one of each Pokémon
|rule|OHKO Clause: OHKO moves are banned
|rule|Evasion Items Clause: Evasion items are banned
|rule|Evasion Moves Clause: Evasion moves are banned
|rule|Evasion Abilities Clause: Evasion abilities are banned
|rule|Sleep Moves Clause: Sleep-inducing moves are banned
|clearpoke
|poke|p1|Cinderace, F|
|poke|p1|Kyurem|
|poke|p1|Corviknight, F|
|poke|p1|Hatterene, F|
|poke|p1|Toxapex, F|
|poke|p1|Serperior, F|
|poke|p2|Hatterene, F|
|poke|p2|Slowking-Galar, F|
|poke|p2|Hoopa-Unbound|
|poke|p2|Rabsca, F|
|poke|p2|Ursaluna, F|
|poke|p2|Indeedee-F, F|
|teampreview
|inactive|Battle timer is ON: inactive players will automatically lose when time's up. (requested by cookbayz)
|
|t:|1759063617
|teamsize|p1|6
|teamsize|p2|6
|start
|switch|p1a: BI vọt|Cinderace, F|100/100
|switch|p2a: Hatterene|Hatterene, F|100/100
|turn|1
|
|t:|1759063625
|move|p1a: BI vọt|U-turn|p2a: Hatterene
|-start|p1a: BI vọt|typechange|Bug|[from] ability: Libero
|-damage|p2a: Hatterene|72/100
|
|t:|1759063630
|switch|p1a: ai cho setup ?|Toxapex, F|100/100|[from] U-turn
|move|p2a: Hatterene|Trick Room|p2a: Hatterene
|-fieldstart|move: Trick Room|[of] p2a: Hatterene
|
|upkeep
|turn|2
|
|t:|1759063656
|switch|p2a: Slowking|Slowking-Galar, F|100/100
|move|p1a: ai cho setup ?|Infestation|p2a: Slowking
|-damage|p2a: Slowking|98/100
|-activate|p2a: Slowking|move: Infestation|[of] p1a: ai cho setup ?
|
|-heal|p2a: Slowking|100/100|[from] item: Leftovers
|-damage|p2a: Slowking|88/100|[from] move: Infestation|[partiallytrapped]
|upkeep
|turn|3
|
|t:|1759063668
|switch|p1a: ngược lại con chim|Hatterene, F|100/100
|move|p2a: Slowking|Future Sight|p1a: ngược lại con chim
|-start|p2a: Slowking|move: Future Sight
|
|-heal|p2a: Slowking|94/100|[from] item: Leftovers
|-end|p2a: Slowking|Infestation|[partiallytrapped]|[silent]
|upkeep
|turn|4
|
|t:|1759063676
|-prepare|p2a: Slowking|Chilly Reception|[premajor]
|move|p2a: Slowking|Chilly Reception|p2a: Slowking
|-weather|Snowscape
|
|t:|1759063683
|switch|p2a: Ursaluna|Ursaluna, F|100/100|[from] Chilly Reception
|move|p1a: ngược lại con chim|Nuzzle|p2a: Ursaluna
|-immune|p2a: Ursaluna
|
|-weather|Snowscape|[upkeep]
|-status|p2a: Ursaluna|brn|[from] item: Flame Orb
|upkeep
|turn|5
|
|t:|1759063693
|switch|p1a: Đếch sợ vật lí|Corviknight, F|100/100
|-ability|p1a: Đếch sợ vật lí|Pressure
|move|p2a: Ursaluna|Facade|p1a: Đếch sợ vật lí
|-resisted|p1a: Đếch sợ vật lí
|-damage|p1a: Đếch sợ vật lí|61/100
|
|-weather|Snowscape|[upkeep]
|-end|p1a: Đếch sợ vật lí|move: Future Sight
|-resisted|p1a: Đếch sợ vật lí
|-damage|p1a: Đếch sợ vật lí|33/100
|-heal|p1a: Đếch sợ vật lí|39/100|[from] item: Leftovers
|-damage|p2a: Ursaluna|94/100 brn|[from] brn
|-fieldend|move: Trick Room
|upkeep
|turn|6
|
|t:|1759063703
|move|p1a: Đếch sợ vật lí|Roost|p1a: Đếch sợ vật lí
|-heal|p1a: Đếch sợ vật lí|89/100
|-singleturn|p1a: Đếch sợ vật lí|move: Roost
|move|p2a: Ursaluna|Fire Punch|p1a: Đếch sợ vật lí
|-supereffective|p1a: Đếch sợ vật lí
|-damage|p1a: Đếch sợ vật lí|32/100
|
|-weather|Snowscape|[upkeep]
|-heal|p1a: Đếch sợ vật lí|38/100|[from] item: Leftovers
|-damage|p2a: Ursaluna|88/100 brn|[from] brn
|upkeep
|turn|7
|
|t:|1759063713
|move|p1a: Đếch sợ vật lí|Roost|p1a: Đếch sợ vật lí
|-heal|p1a: Đếch sợ vật lí|88/100
|-singleturn|p1a: Đếch sợ vật lí|move: Roost
|move|p2a: Ursaluna|Earthquake|p1a: Đếch sợ vật lí
|-supereffective|p1a: Đếch sợ vật lí
|-damage|p1a: Đếch sợ vật lí|0 fnt
|faint|p1a: Đếch sợ vật lí
|
|-weather|Snowscape|[upkeep]
|-damage|p2a: Ursaluna|82/100 brn|[from] brn
|upkeep
|
|t:|1759063718
|switch|p1a: Sợ nhiều thứ|Serperior, F|100/100
|turn|8
|
|t:|1759063746
|switch|p2a: Slowking|Slowking-Galar, F|100/100
|move|p1a: Sợ nhiều thứ|Leaf Storm|p2a: Slowking
|-resisted|p2a: Slowking
|-damage|p2a: Slowking|77/100
|-boost|p1a: Sợ nhiều thứ|spa|2
|
|-weather|none
|-heal|p2a: Slowking|83/100|[from] item: Leftovers
|upkeep
|turn|9
|
|t:|1759063755
|move|p1a: Sợ nhiều thứ|Leaf Storm|p2a: Slowking
|-resisted|p2a: Slowking
|-damage|p2a: Slowking|42/100
|-boost|p1a: Sợ nhiều thứ|spa|2
|move|p2a: Slowking|Trick Room|p2a: Slowking
|-fieldstart|move: Trick Room|[of] p2a: Slowking
|
|-heal|p2a: Slowking|48/100|[from] item: Leftovers
|upkeep
|turn|10
|
|t:|1759063770
|switch|p2a: Indeedee|Indeedee-F, F|100/100
|-fieldstart|move: Psychic Terrain|[from] ability: Psychic Surge|[of] p2a: Indeedee
|move|p1a: Sợ nhiều thứ|Leaf Storm|p2a: Indeedee
|-damage|p2a: Indeedee|0 fnt
|-boost|p1a: Sợ nhiều thứ|spa|2
|faint|p2a: Indeedee
|
|upkeep
|
|t:|1759063773
|switch|p2a: Ursaluna|Ursaluna, F|82/100 brn
|turn|11
|
|t:|1759063799
|switch|p1a: ai cho setup ?|Toxapex, F|100/100
|move|p2a: Ursaluna|Facade|p1a: ai cho setup ?
|-damage|p1a: ai cho setup ?|0 fnt
|faint|p1a: ai cho setup ?
|
|-damage|p2a: Ursaluna|76/100 brn|[from] brn
|upkeep
|
|t:|1759063806
|switch|p1a: Tao ghét sờ tô|Kyurem|100/100
|-ability|p1a: Tao ghét sờ tô|Pressure
|turn|12
|
|t:|1759063814
|-terastallize|p2a: Ursaluna|Normal
|move|p1a: Tao ghét sờ tô|Protect|p1a: Tao ghét sờ tô
|-singleturn|p1a: Tao ghét sờ tô|Protect
|move|p2a: Ursaluna|Facade|p1a: Tao ghét sờ tô
|-activate|p1a: Tao ghét sờ tô|move: Protect
|
|-damage|p2a: Ursaluna|69/100 brn|[from] brn
|upkeep
|turn|13
|
|t:|1759063821
|switch|p1a: ngược lại con chim|Hatterene, F|100/100
|move|p2a: Ursaluna|Facade|p1a: ngược lại con chim
|-damage|p1a: ngược lại con chim|0 fnt
|faint|p1a: ngược lại con chim
|
|-damage|p2a: Ursaluna|63/100 brn|[from] brn
|-fieldend|move: Trick Room
|upkeep
|
|t:|1759063824
|switch|p1a: Sợ nhiều thứ|Serperior, F|100/100
|turn|14
|
|t:|1759063837
|switch|p2a: Slowking|Slowking-Galar, F|81/100
|move|p1a: Sợ nhiều thứ|Leaf Storm|p2a: Slowking
|-resisted|p2a: Slowking
|-damage|p2a: Slowking|61/100
|-boost|p1a: Sợ nhiều thứ|spa|2
|
|-heal|p2a: Slowking|67/100|[from] item: Leftovers
|upkeep
|turn|15
|
|t:|1759063845
|-terastallize|p1a: Sợ nhiều thứ|Ground
|move|p1a: Sợ nhiều thứ|Tera Blast|p2a: Slowking|[anim] Tera Blast Ground
|-supereffective|p2a: Slowking
|-crit|p2a: Slowking
|-damage|p2a: Slowking|0 fnt
|faint|p2a: Slowking
|
|upkeep
|
|t:|1759063861
|switch|p2a: Rabsca|Rabsca, F|100/100
|turn|16
|
|t:|1759063866
|move|p1a: Sợ nhiều thứ|Glare|p2a: Rabsca
|-status|p2a: Rabsca|par
|-activate|p2a: Rabsca|ability: Synchronize
|-status|p1a: Sợ nhiều thứ|par
|move|p2a: Rabsca|Trick Room|p2a: Rabsca
|-fieldstart|move: Trick Room|[of] p2a: Rabsca
|
|upkeep
|turn|17
|
|t:|1759063889
|switch|p2a: Hatterene|Hatterene, F|72/100
|move|p1a: Sợ nhiều thứ|Leaf Storm|p2a: Hatterene
|-damage|p2a: Hatterene|0 fnt
|-boost|p1a: Sợ nhiều thứ|spa|2
|faint|p2a: Hatterene
|
|-fieldend|move: Psychic Terrain
|upkeep
|
|t:|1759063891
|switch|p2a: Ursaluna|Ursaluna, F, tera:Normal|63/100 brn
|turn|18
|
|t:|1759063898
|move|p2a: Ursaluna|Facade|p1a: Sợ nhiều thứ
|-damage|p1a: Sợ nhiều thứ|0 fnt
|faint|p1a: Sợ nhiều thứ
|
|-damage|p2a: Ursaluna|57/100 brn|[from] brn
|upkeep
|
|t:|1759063901
|switch|p1a: BI vọt|Cinderace, F|100/100
|turn|19
|
|t:|1759063913
|move|p2a: Ursaluna|Drain Punch|p1a: BI vọt
|-damage|p1a: BI vọt|42/100
|-heal|p2a: Ursaluna|83/100 brn|[from] drain|[of] p1a: BI vọt
|move|p1a: BI vọt|Pyro Ball|p2a: Ursaluna
|-damage|p2a: Ursaluna|42/100 brn
|
|-damage|p2a: Ursaluna|35/100 brn|[from] brn
|upkeep
|turn|20
|
|t:|1759063922
|move|p2a: Ursaluna|Drain Punch|p1a: BI vọt
|-damage|p1a: BI vọt|0 fnt
|-heal|p2a: Ursaluna|54/100 brn|[from] drain|[of] p1a: BI vọt
|faint|p1a: BI vọt
|
|-damage|p2a: Ursaluna|48/100 brn|[from] brn
|-fieldend|move: Trick Room
|upkeep
|
|t:|1759063925
|switch|p1a: Tao ghét sờ tô|Kyurem|100/100
|-ability|p1a: Tao ghét sờ tô|Pressure
|turn|21
|
|t:|1759063936
|move|p1a: Tao ghét sờ tô|Substitute|p1a: Tao ghét sờ tô
|-start|p1a: Tao ghét sờ tô|Substitute
|-damage|p1a: Tao ghét sờ tô|75/100
|move|p2a: Ursaluna|Drain Punch|p1a: Tao ghét sờ tô
|-supereffective|p1a: Tao ghét sờ tô
|-end|p1a: Tao ghét sờ tô|Substitute
|-heal|p2a: Ursaluna|60/100 brn|[from] drain|[of] p1a: Tao ghét sờ tô
|
|-heal|p1a: Tao ghét sờ tô|82/100|[from] item: Leftovers
|-damage|p2a: Ursaluna|54/100 brn|[from] brn
|upkeep
|turn|22
|
|t:|1759063944
|move|p1a: Tao ghét sờ tô|Protect|p1a: Tao ghét sờ tô
|-singleturn|p1a: Tao ghét sờ tô|Protect
|move|p2a: Ursaluna|Drain Punch|p1a: Tao ghét sờ tô
|-activate|p1a: Tao ghét sờ tô|move: Protect
|
|-heal|p1a: Tao ghét sờ tô|88/100|[from] item: Leftovers
|-damage|p2a: Ursaluna|48/100 brn|[from] brn
|upkeep
|turn|23
|-message|cookbayz forfeited.
|
|win|iyasih
|raw|cookbayz's rating: 1283 &rarr; <strong>1254</strong><br />(-29 for losing)
|raw|iyasih's rating: 1224 &rarr; <strong>1253</strong><br />(+29 for winning)
|l|☆cookbayz
|player|p1|
|l|☆iyasih
|player|p2|
