|j|☆SamiFawad
|j|☆Auburn Hills
|t:|1759065805
|gametype|singles
|player|p1|SamiFawad|101|1719
|player|p2|Auburn Hills|alder|1717
|gen|9
|tier|[Gen 9] OU
|rated|
|rule|HP Percentage Mod: HP is shown in percentages
|rule|Endless Battle Clause: Forcing endless battles is banned
|rule|Species Clause: Limit one of each Pokémon
|rule|OHKO Clause: OHKO moves are banned
|rule|Evasion Items Clause: Evasion items are banned
|rule|Evasion Moves Clause: Evasion moves are banned
|rule|Evasion Abilities Clause: Evasion abilities are banned
|rule|Sleep Moves Clause: Sleep-inducing moves are banned
|clearpoke
|poke|p1|Landorus-Therian, M|
|poke|p1|Samurott-Hisui, F|
|poke|p1|Great Tusk|
|poke|p1|Incineroar, F|
|poke|p1|Slowking-Galar, F|
|poke|p1|Darkrai|
|poke|p2|Iron Moth|
|poke|p2|Umbreon, F|
|poke|p2|Garchomp, F|
|poke|p2|Glimmora, M|
|poke|p2|Gholdengo|
|poke|p2|Dragonite, M|
|teampreview
|
|t:|1759065820
|teamsize|p1|6
|teamsize|p2|6
|start
|switch|p1a: Landorus|Landorus-Therian, M|100/100
|switch|p2a: Julia Jacklin|Glimmora, M|100/100
|-ability|p1a: Landorus|Intimidate|boost
|-unboost|p2a: Julia Jacklin|atk|1
|turn|1
|j| R0SSELL
|
|t:|1759065829
|move|p1a: Landorus|Earthquake|p2a: Julia Jacklin
|-supereffective|p2a: Julia Jacklin
|-enditem|p2a: Julia Jacklin|Focus Sash
|-damage|p2a: Julia Jacklin|1/100
|-activate|p2a: Julia Jacklin|ability: Toxic Debris
|-sidestart|p1: SamiFawad|move: Toxic Spikes
|move|p2a: Julia Jacklin|Stealth Rock|p1a: Landorus
|-sidestart|p1: SamiFawad|move: Stealth Rock
|
|upkeep
|turn|2
|
|t:|1759065833
|switch|p1a: Slowking|Slowking-Galar, F|100/100
|-sideend|p1: SamiFawad|move: Toxic Spikes|[of] p1a: Slowking
|-damage|p1a: Slowking|88/100|[from] Stealth Rock
|switch|p2a: Elucid|Dragonite, M|100/100
|
|upkeep
|turn|3
|
|t:|1759065836
|switch|p1a: Great Tusk|Great Tusk|100/100
|-damage|p1a: Great Tusk|98/100|[from] Stealth Rock
|move|p2a: Elucid|Dragon Dance|p2a: Elucid
|-boost|p2a: Elucid|atk|1
|-boost|p2a: Elucid|spe|1
|
|upkeep
|turn|4
|
|t:|1759065839
|move|p2a: Elucid|Ice Spinner|p1a: Great Tusk
|-supereffective|p1a: Great Tusk
|-damage|p1a: Great Tusk|54/100
|-damage|p2a: Elucid|84/100|[from] item: Rocky Helmet|[of] p1a: Great Tusk
|move|p1a: Great Tusk|Knock Off|p2a: Elucid
|-damage|p2a: Elucid|53/100
|-enditem|p2a: Elucid|Heavy-Duty Boots|[from] move: Knock Off|[of] p1a: Great Tusk
|
|upkeep
|turn|5
|
|t:|1759065845
|move|p2a: Elucid|Ice Spinner|p1a: Great Tusk
|-supereffective|p1a: Great Tusk
|-crit|p1a: Great Tusk
|-damage|p1a: Great Tusk|0 fnt
|-damage|p2a: Elucid|37/100|[from] item: Rocky Helmet|[of] p1a: Great Tusk
|faint|p1a: Great Tusk
|-end|p1a: Great Tusk|Protosynthesis|[silent]
|
|upkeep
|
|t:|1759065849
|switch|p1a: Incineroar|Incineroar, F|100/100
|-damage|p1a: Incineroar|76/100|[from] Stealth Rock
|-ability|p1a: Incineroar|Intimidate|boost
|-unboost|p2a: Elucid|atk|1
|turn|6
|
|t:|1759065853
|move|p2a: Elucid|Earthquake|p1a: Incineroar
|-supereffective|p1a: Incineroar
|-damage|p1a: Incineroar|25/100
|move|p1a: Incineroar|Will-O-Wisp|p2a: Elucid
|-status|p2a: Elucid|brn
|
|-damage|p2a: Elucid|31/100 brn|[from] brn
|upkeep
|turn|7
|
|t:|1759065857
|move|p2a: Elucid|Ice Spinner|p1a: Incineroar
|-resisted|p1a: Incineroar
|-damage|p1a: Incineroar|20/100
|-damage|p2a: Elucid|14/100 brn|[from] item: Rocky Helmet|[of] p1a: Incineroar
|move|p1a: Incineroar|Parting Shot|p2a: Elucid
|-unboost|p2a: Elucid|atk|1
|-unboost|p2a: Elucid|spa|1
|
|t:|1759065861
|switch|p1a: Landorus|Landorus-Therian, M|100/100|[from] Parting Shot
|-damage|p1a: Landorus|88/100|[from] Stealth Rock
|-ability|p1a: Landorus|Intimidate|boost
|-unboost|p2a: Elucid|atk|1
|
|-damage|p2a: Elucid|8/100 brn|[from] brn
|upkeep
|turn|8
|
|t:|1759065864
|switch|p1a: Incineroar|Incineroar, F|20/100
|-damage|p1a: Incineroar|0 fnt|[from] Stealth Rock
|faint|p1a: Incineroar
|move|p2a: Elucid|Ice Spinner|p1: Incineroar|[notarget]
|-fail|p2a: Elucid
|
|-damage|p2a: Elucid|2/100 brn|[from] brn
|upkeep
|
|t:|1759065869
|switch|p1a: Samurott|Samurott-Hisui, F|100/100
|-damage|p1a: Samurott|88/100|[from] Stealth Rock
|turn|9
|
|t:|1759065874
|move|p2a: Elucid|Earthquake|p1a: Samurott
|-damage|p1a: Samurott|75/100
|move|p1a: Samurott|Ceaseless Edge|p2a: Elucid
|-damage|p2a: Elucid|0 fnt
|-sidestart|p2: Auburn Hills|Spikes
|faint|p2a: Elucid
|
|upkeep
|
|t:|1759065878
|switch|p2a: Rat Tally|Garchomp, F|100/100
|-damage|p2a: Rat Tally|88/100|[from] Spikes
|turn|10
|
|t:|1759065888
|move|p2a: Rat Tally|Earthquake|p1a: Samurott
|-damage|p1a: Samurott|5/100
|move|p1a: Samurott|Ceaseless Edge|p2a: Rat Tally
|-damage|p2a: Rat Tally|46/100
|-damage|p1a: Samurott|0 fnt|[from] ability: Rough Skin|[of] p2a: Rat Tally
|faint|p1a: Samurott
|
|upkeep
|
|t:|1759065895
|switch|p1a: Darkrai|Darkrai|100/100
|-damage|p1a: Darkrai|88/100|[from] Stealth Rock
|turn|11
|
|t:|1759065903
|switch|p2a: Julia Jacklin|Glimmora, M|1/100
|-damage|p2a: Julia Jacklin|0 fnt|[from] Spikes
|faint|p2a: Julia Jacklin
|move|p1a: Darkrai|Dark Pulse|p2: Julia Jacklin|[notarget]
|-fail|p1a: Darkrai
|
|upkeep
|
|t:|1759065908
|switch|p2a: Alvvays|Umbreon, F|100/100
|-damage|p2a: Alvvays|88/100|[from] Spikes
|turn|12
|
|t:|1759065911
|move|p1a: Darkrai|Dark Pulse|p2a: Alvvays
|-resisted|p2a: Alvvays
|-damage|p2a: Alvvays|72/100
|move|p2a: Alvvays|Foul Play|p1a: Darkrai
|-resisted|p1a: Darkrai
|-damage|p1a: Darkrai|67/100
|
|-heal|p2a: Alvvays|78/100|[from] item: Leftovers
|upkeep
|turn|13
|
|t:|1759065914
|switch|p1a: Landorus|Landorus-Therian, M|88/100
|-damage|p1a: Landorus|76/100|[from] Stealth Rock
|-ability|p1a: Landorus|Intimidate|boost
|-fail|p2a: Alvvays|unboost|Attack|[from] ability: Inner Focus|[of] p2a: Alvvays
|move|p2a: Alvvays|Foul Play|p1a: Landorus
|-damage|p1a: Landorus|9/100
|
|-heal|p2a: Alvvays|84/100|[from] item: Leftovers
|upkeep
|turn|14
|
|t:|1759065919
|move|p1a: Landorus|Earthquake|p2a: Alvvays
|-damage|p2a: Alvvays|38/100
|move|p2a: Alvvays|Wish|p2a: Alvvays
|
|-heal|p2a: Alvvays|44/100|[from] item: Leftovers
|upkeep
|turn|15
|
|t:|1759065923
|move|p2a: Alvvays|Protect|p2a: Alvvays
|-singleturn|p2a: Alvvays|Protect
|move|p1a: Landorus|Earthquake|p2a: Alvvays
|-activate|p2a: Alvvays|move: Protect
|
|-heal|p2a: Alvvays|94/100|[from] move: Wish|[wisher] Alvvays
|-heal|p2a: Alvvays|99/100|[from] item: Leftovers
|upkeep
|turn|16
|
|t:|1759065925
|move|p1a: Landorus|Earthquake|p2a: Alvvays
|-damage|p2a: Alvvays|52/100
|move|p2a: Alvvays|Wish|p2a: Alvvays
|
|-heal|p2a: Alvvays|58/100|[from] item: Leftovers
|upkeep
|turn|17
|
|t:|1759065928
|move|p2a: Alvvays|Protect|p2a: Alvvays
|-singleturn|p2a: Alvvays|Protect
|move|p1a: Landorus|Earthquake|p2a: Alvvays
|-activate|p2a: Alvvays|move: Protect
|
|-heal|p2a: Alvvays|100/100|[from] move: Wish|[wisher] Alvvays
|upkeep
|turn|18
|
|t:|1759065931
|move|p1a: Landorus|Earthquake|p2a: Alvvays
|-damage|p2a: Alvvays|50/100
|move|p2a: Alvvays|Wish|p2a: Alvvays
|
|-heal|p2a: Alvvays|56/100|[from] item: Leftovers
|upkeep
|turn|19
|
|t:|1759065935
|move|p2a: Alvvays|Protect|p2a: Alvvays
|-singleturn|p2a: Alvvays|Protect
|move|p1a: Landorus|Earthquake|p2a: Alvvays
|-activate|p2a: Alvvays|move: Protect
|
|-heal|p2a: Alvvays|100/100|[from] move: Wish|[wisher] Alvvays
|upkeep
|turn|20
|
|t:|1759065938
|move|p1a: Landorus|Earthquake|p2a: Alvvays
|-damage|p2a: Alvvays|50/100
|move|p2a: Alvvays|Wish|p2a: Alvvays
|
|-heal|p2a: Alvvays|56/100|[from] item: Leftovers
|upkeep
|turn|21
|
|t:|1759065942
|switch|p1a: Slowking|Slowking-Galar, F|100/100
|-damage|p1a: Slowking|88/100|[from] Stealth Rock
|move|p2a: Alvvays|Protect||[still]
|-fail|p2a: Alvvays
|
|-heal|p2a: Alvvays|100/100|[from] move: Wish|[wisher] Alvvays
|upkeep
|turn|22
|
|t:|1759065946
|move|p2a: Alvvays|Thunder Wave|p1a: Slowking
|-status|p1a: Slowking|par
|move|p1a: Slowking|Future Sight|p2a: Alvvays
|-start|p1a: Slowking|move: Future Sight
|
|upkeep
|turn|23
|
|t:|1759065950
|move|p2a: Alvvays|Foul Play|p1a: Slowking
|-supereffective|p1a: Slowking
|-damage|p1a: Slowking|56/100 par
|move|p1a: Slowking|Acid Spray|p2a: Alvvays
|-damage|p2a: Alvvays|89/100
|-unboost|p2a: Alvvays|spd|2
|
|-heal|p2a: Alvvays|95/100|[from] item: Leftovers
|upkeep
|turn|24
|
|t:|1759065957
|move|p2a: Alvvays|Foul Play|p1a: Slowking
|-supereffective|p1a: Slowking
|-damage|p1a: Slowking|22/100 par
|cant|p1a: Slowking|par
|
|-end|p2a: Alvvays|move: Future Sight
|-immune|p2a: Alvvays
|-heal|p2a: Alvvays|100/100|[from] item: Leftovers
|upkeep
|turn|25
|
|t:|1759065961
|move|p2a: Alvvays|Foul Play|p1a: Slowking
|-supereffective|p1a: Slowking
|-damage|p1a: Slowking|0 fnt
|faint|p1a: Slowking
|
|upkeep
|
|t:|1759065963
|switch|p1a: Darkrai|Darkrai|67/100
|-damage|p1a: Darkrai|55/100|[from] Stealth Rock
|turn|26
|
|t:|1759065969
|move|p2a: Alvvays|Protect|p2a: Alvvays
|-singleturn|p2a: Alvvays|Protect
|move|p1a: Darkrai|Dark Pulse|p2a: Alvvays
|-activate|p2a: Alvvays|move: Protect
|
|upkeep
|turn|27
|
|t:|1759065973
|move|p1a: Darkrai|Dark Pulse|p2a: Alvvays
|-resisted|p2a: Alvvays
|-damage|p2a: Alvvays|67/100
|move|p2a: Alvvays|Thunder Wave|p1a: Darkrai
|-status|p1a: Darkrai|par
|
|-heal|p2a: Alvvays|73/100|[from] item: Leftovers
|upkeep
|turn|28
|-message|SamiFawad forfeited.
|
|win|Auburn Hills
|raw|SamiFawad's rating: 1719 &rarr; <strong>1699</strong><br />(-20 for losing)
|raw|Auburn Hills's rating: 1717 &rarr; <strong>1737</strong><br />(+20 for winning)
|l|☆SamiFawad
|player|p1|
|l|☆Auburn Hills
|player|p2|
|l| R0SSELL
