|j|☆Tokunboh
|j|☆LirrodPokemon
|t:|1758997444
|gametype|singles
|player|p1|Tokunboh|170|1205
|player|p2|LirrodPokemon|n|1184
|gen|9
|tier|[Gen 9] OU
|rated|
|rule|HP Percentage Mod: HP is shown in percentages
|rule|Endless Battle Clause: Forcing endless battles is banned
|rule|Species Clause: Limit one of each Pokémon
|rule|OHKO Clause: OHKO moves are banned
|rule|Evasion Items Clause: Evasion items are banned
|rule|Evasion Moves Clause: Evasion moves are banned
|rule|Evasion Abilities Clause: Evasion abilities are banned
|rule|Sleep Moves Clause: Sleep-inducing moves are banned
|clearpoke
|poke|p1|Torkoal, F|
|poke|p1|Hatterene, F|
|poke|p1|Raging Bolt|
|poke|p1|Slither Wing|
|poke|p1|Venusaur, M|
|poke|p1|Walking Wake|
|poke|p2|Squawkabilly-Yellow, M|
|poke|p2|Weezing-Galar, M|
|poke|p2|Scizor, M|
|poke|p2|Ceruledge, M|
|poke|p2|Walking Wake|
|poke|p2|Ting-Lu|
|teampreview
|inactive|Battle timer is ON: inactive players will automatically lose when time's up. (requested by Tokunboh)
|
|t:|1758997451
|teamsize|p1|6
|teamsize|p2|6
|start
|switch|p1a: Torkoal|Torkoal, F|100/100
|switch|p2a: Squawkabilly|Squawkabilly-Yellow, M|100/100
|-ability|p2a: Squawkabilly|Intimidate|boost
|-unboost|p1a: Torkoal|atk|1
|-weather|SunnyDay|[from] ability: Drought|[of] p1a: Torkoal
|turn|1
|
|t:|1758997462
|move|p2a: Squawkabilly|Taunt|p1a: Torkoal
|-start|p1a: Torkoal|move: Taunt
|cant|p1a: Torkoal|move: Taunt|Stealth Rock
|
|-weather|SunnyDay|[upkeep]
|upkeep
|turn|2
|
|t:|1758997472
|switch|p1a: Raging Bolt|Raging Bolt|100/100
|-activate|p1a: Raging Bolt|ability: Protosynthesis
|-start|p1a: Raging Bolt|protosynthesisspa
|move|p2a: Squawkabilly|Parting Shot|p1a: Raging Bolt
|-unboost|p1a: Raging Bolt|atk|1
|-unboost|p1a: Raging Bolt|spa|1
|
|t:|1758997478
|switch|p2a: Ting-Lu|Ting-Lu|100/100|[from] Parting Shot
|-ability|p2a: Ting-Lu|Vessel of Ruin
|
|-weather|SunnyDay|[upkeep]
|upkeep
|turn|3
|
|t:|1758997491
|-end|p1a: Raging Bolt|Protosynthesis|[silent]
|switch|p1a: Venusaur|Venusaur, M|100/100
|move|p2a: Ting-Lu|Ruination|p1a: Venusaur
|-damage|p1a: Venusaur|51/100
|
|-weather|SunnyDay|[upkeep]
|upkeep
|turn|4
|
|t:|1758997516
|switch|p2a: Squawkabilly|Squawkabilly-Yellow, M|100/100
|-ability|p2a: Squawkabilly|Intimidate|boost
|-unboost|p1a: Venusaur|atk|1
|move|p1a: Venusaur|Growth|p1a: Venusaur
|-boost|p1a: Venusaur|atk|2
|-boost|p1a: Venusaur|spa|2
|
|-weather|SunnyDay|[upkeep]
|upkeep
|turn|5
|
|t:|1758997527
|move|p1a: Venusaur|Weather Ball|p2a: Squawkabilly
|-damage|p2a: Squawkabilly|0 fnt
|faint|p2a: Squawkabilly
|-damage|p1a: Venusaur|41/100|[from] item: Life Orb
|
|-weather|SunnyDay|[upkeep]
|upkeep
|
|t:|1758997535
|switch|p2a: Walking Wake|Walking Wake|100/100
|-activate|p2a: Walking Wake|ability: Protosynthesis
|-start|p2a: Walking Wake|protosynthesisspa
|turn|6
|
|t:|1758997546
|move|p1a: Venusaur|Giga Drain|p2a: Walking Wake
|-damage|p2a: Walking Wake|0 fnt
|-heal|p1a: Venusaur|97/100|[from] drain|[of] p2a: Walking Wake
|faint|p2a: Walking Wake
|-end|p2a: Walking Wake|Protosynthesis|[silent]
|-damage|p1a: Venusaur|87/100|[from] item: Life Orb
|
|-weather|SunnyDay|[upkeep]
|upkeep
|
|t:|1758997552
|switch|p2a: Ceruledge|Ceruledge, M|100/100
|turn|7
|
|t:|1758997559
|move|p1a: Venusaur|Earthquake|p2a: Ceruledge
|-supereffective|p2a: Ceruledge
|-enditem|p2a: Ceruledge|Focus Sash
|-damage|p2a: Ceruledge|1/100
|-ability|p2a: Ceruledge|Weak Armor|boost
|-unboost|p2a: Ceruledge|def|1
|-boost|p2a: Ceruledge|spe|2
|-damage|p1a: Venusaur|77/100|[from] item: Life Orb
|move|p2a: Ceruledge|Bitter Blade|p1a: Venusaur
|-supereffective|p1a: Venusaur
|-damage|p1a: Venusaur|0 fnt
|-heal|p2a: Ceruledge|41/100|[from] drain|[of] p1a: Venusaur
|faint|p1a: Venusaur
|
|-weather|SunnyDay|[upkeep]
|upkeep
|
|t:|1758997579
|switch|p1a: Slither Wing|Slither Wing|100/100
|-activate|p1a: Slither Wing|ability: Protosynthesis
|-start|p1a: Slither Wing|protosynthesisatk
|turn|8
|
|t:|1758997585
|move|p1a: Slither Wing|First Impression|p2a: Ceruledge
|-resisted|p2a: Ceruledge
|-damage|p2a: Ceruledge|2/100
|-ability|p2a: Ceruledge|Weak Armor|boost
|-unboost|p2a: Ceruledge|def|1
|-boost|p2a: Ceruledge|spe|2
|move|p2a: Ceruledge|Bitter Blade|p1a: Slither Wing
|-supereffective|p1a: Slither Wing
|-damage|p1a: Slither Wing|0 fnt
|-heal|p2a: Ceruledge|57/100|[from] drain|[of] p1a: Slither Wing
|faint|p1a: Slither Wing
|-end|p1a: Slither Wing|Protosynthesis|[silent]
|
|-weather|none
|upkeep
|
|t:|1758997598
|switch|p1a: Torkoal|Torkoal, F|100/100
|-weather|SunnyDay|[from] ability: Drought|[of] p1a: Torkoal
|turn|9
|
|t:|1758997611
|move|p2a: Ceruledge|Poltergeist|p1a: Torkoal
|-activate|p1a: Torkoal|move: Poltergeist|Heat Rock
|-damage|p1a: Torkoal|56/100
|move|p1a: Torkoal|Stealth Rock|p2a: Ceruledge
|-sidestart|p2: LirrodPokemon|move: Stealth Rock
|
|-weather|SunnyDay|[upkeep]
|upkeep
|turn|10
|
|t:|1758997628
|move|p2a: Ceruledge|Poltergeist|p1a: Torkoal|[miss]
|-miss|p2a: Ceruledge|p1a: Torkoal
|move|p1a: Torkoal|Earth Power|p2a: Ceruledge
|-supereffective|p2a: Ceruledge
|-damage|p2a: Ceruledge|0 fnt
|faint|p2a: Ceruledge
|
|-weather|SunnyDay|[upkeep]
|upkeep
|
|t:|1758997636
|switch|p2a: Ting-Lu|Ting-Lu|100/100
|-damage|p2a: Ting-Lu|94/100|[from] Stealth Rock
|-ability|p2a: Ting-Lu|Vessel of Ruin
|turn|11
|
|t:|1758997645
|switch|p1a: Hatterene|Hatterene, F|100/100
|-item|p1a: Hatterene|Air Balloon
|move|p2a: Ting-Lu|Stealth Rock|p1a: Hatterene
|move|p1a: Hatterene|Stealth Rock||[from] ability: Magic Bounce|[still]
|-fail|p1a: Hatterene
|
|-weather|SunnyDay|[upkeep]
|-heal|p2a: Ting-Lu|100/100|[from] item: Leftovers
|upkeep
|turn|12
|
|t:|1758997658
|switch|p2a: Scizor|Scizor, M|100/100
|-damage|p2a: Scizor|88/100|[from] Stealth Rock
|move|p1a: Hatterene|Dazzling Gleam|p2a: Scizor
|-resisted|p2a: Scizor
|-damage|p2a: Scizor|65/100
|
|-weather|SunnyDay|[upkeep]
|upkeep
|turn|13
|
|t:|1758997671
|-terastallize|p2a: Scizor|Steel
|move|p2a: Scizor|Bullet Punch|p1a: Hatterene
|-supereffective|p1a: Hatterene
|-crit|p1a: Hatterene
|-damage|p1a: Hatterene|0 fnt
|-enditem|p1a: Hatterene|Air Balloon
|faint|p1a: Hatterene
|
|-weather|SunnyDay|[upkeep]
|upkeep
|
|t:|1758997683
|switch|p1a: Walking Wake|Walking Wake|100/100
|-activate|p1a: Walking Wake|ability: Protosynthesis
|-start|p1a: Walking Wake|protosynthesisspa
|turn|14
|
|t:|1758997690
|move|p2a: Scizor|Bullet Punch|p1a: Walking Wake
|-resisted|p1a: Walking Wake
|-crit|p1a: Walking Wake
|-damage|p1a: Walking Wake|48/100
|move|p1a: Walking Wake|Weather Ball|p2a: Scizor
|-supereffective|p2a: Scizor
|-damage|p2a: Scizor|0 fnt
|faint|p2a: Scizor
|
|-weather|SunnyDay|[upkeep]
|upkeep
|
|t:|1758997697
|switch|p2a: Ting-Lu|Ting-Lu|100/100
|-damage|p2a: Ting-Lu|94/100|[from] Stealth Rock
|-ability|p2a: Ting-Lu|Vessel of Ruin
|turn|15
|
|t:|1758997708
|move|p1a: Walking Wake|Hydro Steam|p2a: Ting-Lu
|-supereffective|p2a: Ting-Lu
|-damage|p2a: Ting-Lu|23/100
|move|p2a: Ting-Lu|Earthquake|p1a: Walking Wake
|-damage|p1a: Walking Wake|11/100
|
|-weather|SunnyDay|[upkeep]
|-heal|p2a: Ting-Lu|29/100|[from] item: Leftovers
|upkeep
|turn|16
|
|t:|1758997719
|switch|p2a: Weezing|Weezing-Galar, M|100/100
|-ability|p2a: Weezing|Neutralizing Gas
|-damage|p2a: Weezing|88/100|[from] Stealth Rock
|move|p1a: Walking Wake|Hydro Steam|p2a: Weezing
|-damage|p2a: Weezing|0 fnt
|faint|p2a: Weezing
|-end|p2a: Weezing|ability: Neutralizing Gas
|
|-weather|none
|-end|p1a: Walking Wake|Protosynthesis
|upkeep
|
|t:|1758997721
|switch|p2a: Ting-Lu|Ting-Lu|29/100
|-damage|p2a: Ting-Lu|23/100|[from] Stealth Rock
|-ability|p2a: Ting-Lu|Vessel of Ruin
|turn|17
|c|☆LirrodPokemon|Gg
|-message|LirrodPokemon forfeited.
|
|win|Tokunboh
|raw|Tokunboh's rating: 1205 &rarr; <strong>1228</strong><br />(+23 for winning)
|raw|LirrodPokemon's rating: 1184 &rarr; <strong>1161</strong><br />(-23 for losing)
|l|☆LirrodPokemon
|player|p2|
|l|☆Tokunboh
|player|p1|
