|j|☆kinsword
|j|☆Zootscootpoot
|t:|1758948230
|gametype|singles
|player|p1|kinsword|266|1421
|player|p2|Zootscootpoot|170|1368
|gen|9
|tier|[Gen 9] OU
|rated|
|rule|HP Percentage Mod: HP is shown in percentages
|rule|Endless Battle Clause: Forcing endless battles is banned
|rule|Species Clause: Limit one of each Pokémon
|rule|OHKO Clause: OHKO moves are banned
|rule|Evasion Items Clause: Evasion items are banned
|rule|Evasion Moves Clause: Evasion moves are banned
|rule|Evasion Abilities Clause: Evasion abilities are banned
|rule|Sleep Moves Clause: Sleep-inducing moves are banned
|clearpoke
|poke|p1|Lokix, F|
|poke|p1|Avalugg-Hisui, M|
|poke|p1|Basculegion-F, F|
|poke|p1|Decidueye-Hisui, F|
|poke|p1|Diancie|
|poke|p1|Venusaur, M|
|poke|p2|Kingambit, M|
|poke|p2|Deoxys-Speed|
|poke|p2|Great Tusk|
|poke|p2|Dragonite, F|
|poke|p2|Iron Moth|
|poke|p2|Primarina, M|
|teampreview
|inactive|Battle timer is ON: inactive players will automatically lose when time's up. (requested by Zootscootpoot)
|inactive|Zootscootpoot has 120 seconds left.
|
|t:|1758948263
|teamsize|p1|6
|teamsize|p2|6
|start
|switch|p1a: Basculegion|Basculegion-F, F|100/100
|switch|p2a: Siren|Primarina, M|100/100
|turn|1
|
|t:|1758948274
|switch|p1a: Venusaur|Venusaur, M|100/100
|move|p2a: Siren|Whirlpool|p1a: Venusaur
|-resisted|p1a: Venusaur
|-damage|p1a: Venusaur|93/100
|-activate|p1a: Venusaur|move: Whirlpool|[of] p2a: Siren
|
|-heal|p1a: Venusaur|99/100|[from] item: Black Sludge
|-damage|p1a: Venusaur|86/100|[from] move: Whirlpool|[partiallytrapped]
|upkeep
|turn|2
|
|t:|1758948290
|move|p2a: Siren|Psychic Noise|p1a: Venusaur
|-supereffective|p1a: Venusaur
|-damage|p1a: Venusaur|37/100
|-start|p1a: Venusaur|move: Heal Block
|move|p1a: Venusaur|Leech Seed|p2a: Siren
|-start|p2a: Siren|move: Leech Seed
|
|-damage|p2a: Siren|88/100|[from] Leech Seed|[of] p1a: Venusaur
|-damage|p1a: Venusaur|25/100|[from] move: Whirlpool|[partiallytrapped]
|upkeep
|turn|3
|
|t:|1758948305
|move|p2a: Siren|Psychic Noise|p1a: Venusaur
|-supereffective|p1a: Venusaur
|-damage|p1a: Venusaur|0 fnt
|faint|p1a: Venusaur
|
|upkeep
|
|t:|1758948312
|switch|p1a: Decidueye|Decidueye-Hisui, F|100/100
|turn|4
|inactive|Zootscootpoot has 120 seconds left.
|
|t:|1758948346
|-terastallize|p2a: Siren|Poison
|move|p2a: Siren|Moonblast|p1a: Decidueye
|-supereffective|p1a: Decidueye
|-damage|p1a: Decidueye|8/100
|move|p1a: Decidueye|Leaf Blade|p2a: Siren
|-resisted|p2a: Siren
|-damage|p2a: Siren|61/100
|
|-heal|p1a: Decidueye|14/100|[from] item: Leftovers
|-damage|p2a: Siren|48/100|[from] Leech Seed|[of] p1a: Decidueye
|-heal|p1a: Decidueye|25/100|[silent]
|upkeep
|turn|5
|
|t:|1758948359
|move|p1a: Decidueye|Sucker Punch|p2a: Siren
|-damage|p2a: Siren|16/100
|move|p2a: Siren|Moonblast|p1a: Decidueye
|-supereffective|p1a: Decidueye
|-damage|p1a: Decidueye|0 fnt
|faint|p1a: Decidueye
|
|upkeep
|
|t:|1758948368
|switch|p1a: Lokix|Lokix, F|100/100
|turn|6
|
|t:|1758948385
|switch|p2a: Meruem|Kingambit, M|100/100
|move|p1a: Lokix|U-turn|p2a: Meruem
|-damage|p2a: Meruem|68/100
|-damage|p1a: Lokix|91/100|[from] item: Life Orb
|
|t:|1758948394
|switch|p1a: Avalugg|Avalugg-Hisui, M|100/100|[from] U-turn
|
|-heal|p2a: Meruem|74/100|[from] item: Leftovers
|upkeep
|turn|7
|
|t:|1758948402
|move|p2a: Meruem|Iron Head|p1a: Avalugg
|-supereffective|p1a: Avalugg
|-damage|p1a: Avalugg|3/100
|move|p1a: Avalugg|Earthquake|p2a: Meruem
|-supereffective|p2a: Meruem
|-damage|p2a: Meruem|11/100
|
|-heal|p2a: Meruem|17/100|[from] item: Leftovers
|upkeep
|turn|8
|
|t:|1758948411
|switch|p1a: Basculegion|Basculegion-F, F|100/100
|move|p2a: Meruem|Kowtow Cleave|p1a: Basculegion
|-supereffective|p1a: Basculegion
|-damage|p1a: Basculegion|0 fnt
|faint|p1a: Basculegion
|
|-heal|p2a: Meruem|23/100|[from] item: Leftovers
|upkeep
|
|t:|1758948421
|switch|p1a: Diancie|Diancie|100/100
|turn|9
|
|t:|1758948436
|-end|p2a: Meruem|fallenundefined|[silent]
|switch|p2a: Moebius|Deoxys-Speed|100/100
|-ability|p2a: Moebius|Pressure
|move|p1a: Diancie|Trick Room|p1a: Diancie
|-fieldstart|move: Trick Room|[of] p1a: Diancie
|
|upkeep
|turn|10
|
|t:|1758948447
|move|p1a: Diancie|Diamond Storm|p2a: Moebius
|-damage|p2a: Moebius|52/100
|-boost|p1a: Diancie|def|2
|move|p2a: Moebius|Focus Blast|p1a: Diancie
|-damage|p1a: Diancie|70/100
|-damage|p2a: Moebius|42/100|[from] item: Life Orb
|
|-heal|p1a: Diancie|76/100|[from] item: Leftovers
|upkeep
|turn|11
|
|t:|1758948460
|switch|p2a: Siren|Primarina, M, tera:Poison|16/100
|move|p1a: Diancie|Diamond Storm|p2a: Siren
|-damage|p2a: Siren|0 fnt
|faint|p2a: Siren
|
|-heal|p1a: Diancie|82/100|[from] item: Leftovers
|upkeep
|
|t:|1758948473
|switch|p2a: Meruem|Kingambit, M|23/100
|-activate|p2a: Meruem|ability: Supreme Overlord
|-start|p2a: Meruem|fallen1|[silent]
|turn|12
|
|t:|1758948480
|move|p1a: Diancie|Moonblast|p2a: Meruem
|-damage|p2a: Meruem|0 fnt
|faint|p2a: Meruem
|-end|p2a: Meruem|fallen1|[silent]
|
|-heal|p1a: Diancie|88/100|[from] item: Leftovers
|upkeep
|
|t:|1758948485
|switch|p2a: Moebius|Deoxys-Speed|42/100
|-ability|p2a: Moebius|Pressure
|turn|13
|
|t:|1758948491
|move|p1a: Diancie|Diamond Storm|p2a: Moebius|[miss]
|-miss|p1a: Diancie|p2a: Moebius
|move|p2a: Moebius|Psycho Boost|p1a: Diancie
|-damage|p1a: Diancie|34/100
|-unboost|p2a: Moebius|spa|2
|-damage|p2a: Moebius|32/100|[from] item: Life Orb
|
|-heal|p1a: Diancie|41/100|[from] item: Leftovers
|-fieldend|move: Trick Room
|upkeep
|turn|14
|
|t:|1758948504
|move|p2a: Moebius|Psycho Boost|p1a: Diancie
|-damage|p1a: Diancie|12/100
|-unboost|p2a: Moebius|spa|2
|-damage|p2a: Moebius|23/100|[from] item: Life Orb
|move|p1a: Diancie|Trick Room|p1a: Diancie
|-fieldstart|move: Trick Room|[of] p1a: Diancie
|
|-heal|p1a: Diancie|19/100|[from] item: Leftovers
|upkeep
|turn|15
|
|t:|1758948514
|move|p1a: Diancie|Diamond Storm|p2a: Moebius
|-damage|p2a: Moebius|0 fnt
|faint|p2a: Moebius
|
|-heal|p1a: Diancie|25/100|[from] item: Leftovers
|upkeep
|
|t:|1758948519
|switch|p2a: Yoshi|Dragonite, F, shiny|100/100
|turn|16
|
|t:|1758948524
|move|p2a: Yoshi|Extreme Speed|p1a: Diancie
|-resisted|p1a: Diancie
|-damage|p1a: Diancie|15/100
|move|p1a: Diancie|Diamond Storm|p2a: Yoshi
|-supereffective|p2a: Yoshi
|-damage|p2a: Yoshi|65/100
|
|-heal|p1a: Diancie|21/100|[from] item: Leftovers
|upkeep
|turn|17
|
|t:|1758948536
|move|p2a: Yoshi|Extreme Speed|p1a: Diancie
|-resisted|p1a: Diancie
|-damage|p1a: Diancie|11/100
|move|p1a: Diancie|Moonblast|p2a: Yoshi
|-supereffective|p2a: Yoshi
|-damage|p2a: Yoshi|0 fnt
|faint|p2a: Yoshi
|
|-heal|p1a: Diancie|17/100|[from] item: Leftovers
|upkeep
|
|t:|1758948541
|switch|p2a: Anomaly|Great Tusk|100/100
|-enditem|p2a: Anomaly|Booster Energy
|-activate|p2a: Anomaly|ability: Protosynthesis|[fromitem]
|-start|p2a: Anomaly|protosynthesisatk
|turn|18
|
|t:|1758948554
|-end|p2a: Anomaly|Protosynthesis|[silent]
|switch|p2a: Anomаly|Iron Moth|100/100
|-enditem|p2a: Anomаly|Booster Energy
|-activate|p2a: Anomаly|ability: Quark Drive|[fromitem]
|-start|p2a: Anomаly|quarkdrivespe
|move|p1a: Diancie|Moonblast|p2a: Anomаly
|-resisted|p2a: Anomаly
|-damage|p2a: Anomаly|90/100
|
|-heal|p1a: Diancie|23/100|[from] item: Leftovers
|-fieldend|move: Trick Room
|upkeep
|turn|19
|
|t:|1758948565
|move|p2a: Anomаly|Sludge Wave|p1a: Diancie
|-damage|p1a: Diancie|0 fnt
|faint|p1a: Diancie
|
|upkeep
|
|t:|1758948572
|switch|p1a: Lokix|Lokix, F|91/100
|turn|20
|
|t:|1758948584
|-terastallize|p1a: Lokix|Bug
|move|p1a: Lokix|First Impression|p2a: Anomаly
|-resisted|p2a: Anomаly
|-damage|p2a: Anomаly|41/100
|-damage|p1a: Lokix|81/100|[from] item: Life Orb
|move|p2a: Anomаly|Fiery Dance|p1a: Lokix
|-supereffective|p1a: Lokix
|-damage|p1a: Lokix|0 fnt
|-boost|p2a: Anomаly|spa|1
|faint|p1a: Lokix
|
|upkeep
|-message|kinsword forfeited.
|
|win|Zootscootpoot
|raw|kinsword's rating: 1421 &rarr; <strong>1398</strong><br />(-23 for losing)
|raw|Zootscootpoot's rating: 1368 &rarr; <strong>1391</strong><br />(+23 for winning)
|l|☆kinsword
|player|p1|
|l|☆Zootscootpoot
|player|p2|
