|j|☆turbotoby95
|j|‽egoist1111
|t:|1758956759
|gametype|singles
|player|p1|turbotoby95|1|1445
|player|p2|egoist1111|pokemonrangerf-gen4|1390
|gen|9
|tier|[Gen 9] OU
|rated|
|rule|HP Percentage Mod: HP is shown in percentages
|rule|Endless Battle Clause: Forcing endless battles is banned
|rule|Species Clause: Limit one of each Pokémon
|rule|OHKO Clause: OHKO moves are banned
|rule|Evasion Items Clause: Evasion items are banned
|rule|Evasion Moves Clause: Evasion moves are banned
|rule|Evasion Abilities Clause: Evasion abilities are banned
|rule|Sleep Moves Clause: Sleep-inducing moves are banned
|clearpoke
|poke|p1|Vaporeon, F|
|poke|p1|Ting-Lu|
|poke|p1|Darkrai|
|poke|p1|Gholdengo|
|poke|p1|Ditto|
|poke|p1|Dragonite, M|
|poke|p2|Clodsire, F|
|poke|p2|Pelipper, F|
|poke|p2|Barraskewda, M|
|poke|p2|Zapdos|
|poke|p2|Incineroar, M|
|poke|p2|Corviknight, M|
|teampreview
|
|t:|1758956768
|teamsize|p1|6
|teamsize|p2|6
|start
|switch|p1a: Darkrai|Darkrai|100/100
|switch|p2a: Pelipper|Pelipper, F|100/100
|-weather|RainDance|[from] ability: Drizzle|[of] p2a: Pelipper
|turn|1
|inactive|Battle timer is ON: inactive players will automatically lose when time's up. (requested by egoist1111)
|
|t:|1758956774
|switch|p2a: Incineroar|Incineroar, M|100/100
|-ability|p2a: Incineroar|Intimidate|boost
|-unboost|p1a: Darkrai|atk|1
|move|p1a: Darkrai|Thunder|p2a: Incineroar
|-damage|p2a: Incineroar|65/100
|
|-weather|RainDance|[upkeep]
|upkeep
|turn|2
|
|t:|1758956783
|move|p1a: Darkrai|Thunder|p2a: Incineroar
|-damage|p2a: Incineroar|30/100
|move|p2a: Incineroar|Drain Punch|p1a: Darkrai
|-supereffective|p1a: Darkrai
|-damage|p1a: Darkrai|47/100
|-heal|p2a: Incineroar|49/100|[from] drain|[of] p1a: Darkrai
|
|-weather|RainDance|[upkeep]
|-heal|p1a: Darkrai|53/100|[from] item: Leftovers
|upkeep
|turn|3
|
|t:|1758956796
|move|p1a: Darkrai|Thunder|p2a: Incineroar
|-damage|p2a: Incineroar|11/100
|-status|p2a: Incineroar|par
|cant|p2a: Incineroar|par
|
|-weather|RainDance|[upkeep]
|-heal|p1a: Darkrai|59/100|[from] item: Leftovers
|upkeep
|turn|4
|
|t:|1758956803
|switch|p2a: Clodsire|Clodsire, F|100/100
|move|p1a: Darkrai|Ice Beam|p2a: Clodsire
|-supereffective|p2a: Clodsire
|-damage|p2a: Clodsire|67/100
|
|-weather|RainDance|[upkeep]
|-heal|p1a: Darkrai|65/100|[from] item: Leftovers
|-heal|p2a: Clodsire|74/100|[from] item: Leftovers
|upkeep
|turn|5
|
|t:|1758956810
|switch|p1a: Gyatdengo|Gholdengo|100/100
|move|p2a: Clodsire|Stealth Rock|p1a: Gyatdengo
|-sidestart|p1: turbotoby95|move: Stealth Rock
|
|-weather|RainDance|[upkeep]
|-heal|p2a: Clodsire|80/100|[from] item: Leftovers
|upkeep
|turn|6
|
|t:|1758956816
|switch|p2a: Incineroar|Incineroar, M|11/100 par
|-ability|p2a: Incineroar|Intimidate|boost
|-unboost|p1a: Gyatdengo|atk|1
|move|p1a: Gyatdengo|Trick|p2a: Incineroar
|-activate|p1a: Gyatdengo|move: Trick|[of] p2a: Incineroar
|-item|p2a: Incineroar|Choice Scarf|[from] move: Trick
|-item|p1a: Gyatdengo|Heavy-Duty Boots|[from] move: Trick
|
|-weather|RainDance|[upkeep]
|upkeep
|turn|7
|
|t:|1758956826
|move|p1a: Gyatdengo|Shadow Ball|p2a: Incineroar
|-resisted|p2a: Incineroar
|-damage|p2a: Incineroar|0 fnt
|faint|p2a: Incineroar
|
|-weather|RainDance|[upkeep]
|upkeep
|
|t:|1758956829
|switch|p2a: Barraskewda|Barraskewda, M|100/100
|turn|8
|
|t:|1758956833
|move|p2a: Barraskewda|Liquidation|p1a: Gyatdengo
|-damage|p1a: Gyatdengo|0 fnt
|faint|p1a: Gyatdengo
|
|-weather|none
|upkeep
|
|t:|1758956841
|switch|p1a: Yoink!|Ditto, shiny|100/100
|-damage|p1a: Yoink!|88/100|[from] Stealth Rock
|-transform|p1a: Yoink!|p2a: Barraskewda|[from] ability: Imposter
|turn|9
|
|t:|1758956846
|switch|p2a: Pelipper|Pelipper, F|100/100
|-weather|RainDance|[from] ability: Drizzle|[of] p2a: Pelipper
|move|p1a: Yoink!|Liquidation|p2a: Pelipper
|-resisted|p2a: Pelipper
|-damage|p2a: Pelipper|73/100
|
|-weather|RainDance|[upkeep]
|upkeep
|turn|10
|
|t:|1758956852
|move|p1a: Yoink!|Liquidation|p2a: Pelipper
|-resisted|p2a: Pelipper
|-damage|p2a: Pelipper|46/100
|-unboost|p2a: Pelipper|def|1
|move|p2a: Pelipper|U-turn|p1a: Yoink!
|-damage|p1a: Yoink!|73/100
|
|t:|1758956860
|switch|p2a: Corviknight|Corviknight, M|100/100|[from] U-turn
|-ability|p2a: Corviknight|Pressure
|
|-weather|RainDance|[upkeep]
|upkeep
|turn|11
|
|t:|1758956863
|switch|p1a: Ting-Lu|Ting-Lu|100/100
|-damage|p1a: Ting-Lu|94/100|[from] Stealth Rock
|-ability|p1a: Ting-Lu|Vessel of Ruin
|move|p2a: Corviknight|U-turn|p1a: Ting-Lu
|-supereffective|p1a: Ting-Lu
|-damage|p1a: Ting-Lu|83/100
|
|t:|1758956870
|switch|p2a: Barraskewda|Barraskewda, M|100/100|[from] U-turn
|
|-weather|RainDance|[upkeep]
|-heal|p1a: Ting-Lu|89/100|[from] item: Leftovers
|upkeep
|turn|12
|
|t:|1758956873
|switch|p1a: Mom|Vaporeon, F, shiny|100/100
|-damage|p1a: Mom|88/100|[from] Stealth Rock
|move|p2a: Barraskewda|Liquidation|p1a: Mom
|-heal|p1a: Mom|100/100|[from] ability: Water Absorb|[of] p2a: Barraskewda
|
|-weather|RainDance|[upkeep]
|upkeep
|turn|13
|
|t:|1758956883
|switch|p2a: Corviknight|Corviknight, M|100/100
|-ability|p2a: Corviknight|Pressure
|switch|p1a: Ting-Lu|Ting-Lu|89/100
|-damage|p1a: Ting-Lu|83/100|[from] Stealth Rock
|-ability|p1a: Ting-Lu|Vessel of Ruin
|
|-weather|RainDance|[upkeep]
|-heal|p1a: Ting-Lu|89/100|[from] item: Leftovers
|upkeep
|turn|14
|
|t:|1758956894
|move|p2a: Corviknight|Body Press|p1a: Ting-Lu
|-supereffective|p1a: Ting-Lu
|-damage|p1a: Ting-Lu|67/100
|move|p1a: Ting-Lu|Spikes|p2a: Corviknight
|-sidestart|p2: egoist1111|Spikes
|
|-weather|RainDance|[upkeep]
|-heal|p1a: Ting-Lu|73/100|[from] item: Leftovers
|upkeep
|turn|15
|
|t:|1758956898
|switch|p1a: Yoink!|Ditto, shiny|73/100
|-damage|p1a: Yoink!|60/100|[from] Stealth Rock
|-transform|p1a: Yoink!|p2a: Corviknight|[from] ability: Imposter
|-ability|p1a: Yoink!|Pressure
|move|p2a: Corviknight|Defog|p1a: Yoink!
|-unboost|p1a: Yoink!|evasion|1
|-sideend|p1: turbotoby95|Stealth Rock|[from] move: Defog|[of] p2a: Corviknight
|-sideend|p2: egoist1111|Spikes|[from] move: Defog|[of] p2a: Corviknight
|
|-weather|RainDance|[upkeep]
|upkeep
|turn|16
|
|t:|1758956912
|move|p2a: Corviknight|U-turn|p1a: Yoink!
|-resisted|p1a: Yoink!
|-damage|p1a: Yoink!|58/100
|
|t:|1758956923
|switch|p2a: Barraskewda|Barraskewda, M|100/100|[from] U-turn
|move|p1a: Yoink!|Roost|p1a: Yoink!
|-heal|p1a: Yoink!|100/100
|-singleturn|p1a: Yoink!|move: Roost
|
|-weather|none
|upkeep
|turn|17
|
|t:|1758956932
|move|p2a: Barraskewda|Flip Turn|p1a: Yoink!
|-damage|p1a: Yoink!|60/100
|
|t:|1758956935
|switch|p2a: Pelipper|Pelipper, F|46/100|[from] Flip Turn
|-weather|RainDance|[from] ability: Drizzle|[of] p2a: Pelipper
|move|p1a: Yoink!|Body Press|p2a: Pelipper
|-resisted|p2a: Pelipper
|-damage|p2a: Pelipper|36/100
|
|-weather|RainDance|[upkeep]
|upkeep
|turn|18
|
|t:|1758956941
|switch|p1a: Darkrai|Darkrai|65/100
|move|p2a: Pelipper|Roost|p2a: Pelipper
|-heal|p2a: Pelipper|87/100
|-singleturn|p2a: Pelipper|move: Roost
|
|-weather|RainDance|[upkeep]
|-heal|p1a: Darkrai|71/100|[from] item: Leftovers
|upkeep
|turn|19
|
|t:|1758956946
|switch|p2a: Clodsire|Clodsire, F|80/100
|move|p1a: Darkrai|Ice Beam|p2a: Clodsire
|-supereffective|p2a: Clodsire
|-damage|p2a: Clodsire|45/100
|-status|p2a: Clodsire|frz
|
|-weather|RainDance|[upkeep]
|-heal|p1a: Darkrai|77/100|[from] item: Leftovers
|-heal|p2a: Clodsire|51/100 frz|[from] item: Leftovers
|upkeep
|turn|20
|
|t:|1758956955
|switch|p2a: Corviknight|Corviknight, M|100/100
|-ability|p2a: Corviknight|Pressure
|move|p1a: Darkrai|Ice Beam|p2a: Corviknight
|-crit|p2a: Corviknight
|-damage|p2a: Corviknight|56/100
|
|-weather|RainDance|[upkeep]
|-heal|p1a: Darkrai|83/100|[from] item: Leftovers
|upkeep
|turn|21
|
|t:|1758956960
|switch|p2a: Clodsire|Clodsire, F|51/100 frz
|move|p1a: Darkrai|Thunder|p2a: Clodsire
|-immune|p2a: Clodsire
|
|-weather|RainDance|[upkeep]
|-heal|p1a: Darkrai|89/100|[from] item: Leftovers
|-heal|p2a: Clodsire|57/100 frz|[from] item: Leftovers
|upkeep
|turn|22
|
|t:|1758956968
|move|p1a: Darkrai|Ice Beam|p2a: Clodsire
|-supereffective|p2a: Clodsire
|-damage|p2a: Clodsire|20/100 frz
|cant|p2a: Clodsire|frz
|
|-weather|RainDance|[upkeep]
|-heal|p1a: Darkrai|96/100|[from] item: Leftovers
|-heal|p2a: Clodsire|26/100 frz|[from] item: Leftovers
|upkeep
|turn|23
|
|t:|1758956975
|move|p1a: Darkrai|Dark Pulse|p2a: Clodsire
|-damage|p2a: Clodsire|1/100 frz
|cant|p2a: Clodsire|frz
|
|-weather|RainDance|[upkeep]
|-heal|p1a: Darkrai|100/100|[from] item: Leftovers
|-heal|p2a: Clodsire|8/100 frz|[from] item: Leftovers
|upkeep
|turn|24
|
|t:|1758956994
|move|p1a: Darkrai|Dark Pulse|p2a: Clodsire
|-damage|p2a: Clodsire|0 fnt
|faint|p2a: Clodsire
|
|-weather|none
|upkeep
|
|t:|1758956996
|switch|p2a: Pelipper|Pelipper, F|87/100
|-weather|RainDance|[from] ability: Drizzle|[of] p2a: Pelipper
|turn|25
|
|t:|1758957003
|switch|p2a: Corviknight|Corviknight, M|56/100
|-ability|p2a: Corviknight|Pressure
|move|p1a: Darkrai|Thunder|p2a: Corviknight
|-supereffective|p2a: Corviknight
|-damage|p2a: Corviknight|0 fnt
|faint|p2a: Corviknight
|
|-weather|RainDance|[upkeep]
|upkeep
|
|t:|1758957009
|switch|p2a: Barraskewda|Barraskewda, M|100/100
|turn|26
|
|t:|1758957011
|switch|p1a: Mom|Vaporeon, F, shiny|100/100
|move|p2a: Barraskewda|Close Combat|p1a: Mom
|-damage|p1a: Mom|54/100
|-unboost|p2a: Barraskewda|def|1
|-unboost|p2a: Barraskewda|spd|1
|
|-weather|RainDance|[upkeep]
|-heal|p1a: Mom|60/100|[from] item: Leftovers
|upkeep
|turn|27
|
|t:|1758957019
|switch|p2a: Zapdos|Zapdos|100/100
|move|p1a: Mom|Ice Beam|p2a: Zapdos
|-supereffective|p2a: Zapdos
|-crit|p2a: Zapdos
|-damage|p2a: Zapdos|25/100
|
|-weather|RainDance|[upkeep]
|-heal|p1a: Mom|66/100|[from] item: Leftovers
|upkeep
|turn|28
|
|t:|1758957029
|switch|p1a: Ting-Lu|Ting-Lu|73/100
|-ability|p1a: Ting-Lu|Vessel of Ruin
|move|p2a: Zapdos|Thunder|p1a: Ting-Lu
|-immune|p1a: Ting-Lu
|
|-weather|RainDance|[upkeep]
|-heal|p1a: Ting-Lu|79/100|[from] item: Leftovers
|upkeep
|turn|29
|
|t:|1758957032
|move|p2a: Zapdos|Weather Ball|p1a: Ting-Lu
|-supereffective|p1a: Ting-Lu
|-damage|p1a: Ting-Lu|15/100
|move|p1a: Ting-Lu|Spikes|p2a: Zapdos
|-sidestart|p2: egoist1111|Spikes
|
|-weather|RainDance|[upkeep]
|-heal|p1a: Ting-Lu|21/100|[from] item: Leftovers
|upkeep
|turn|30
|
|t:|1758957040
|switch|p1a: Mom|Vaporeon, F, shiny|66/100
|move|p2a: Zapdos|Hurricane|p1a: Mom
|-damage|p1a: Mom|22/100
|
|-weather|RainDance|[upkeep]
|-heal|p1a: Mom|28/100|[from] item: Leftovers
|upkeep
|turn|31
|
|t:|1758957047
|move|p1a: Mom|Protect|p1a: Mom
|-singleturn|p1a: Mom|Protect
|move|p2a: Zapdos|Hurricane|p1a: Mom
|-activate|p1a: Mom|move: Protect
|
|-weather|RainDance|[upkeep]
|-heal|p1a: Mom|34/100|[from] item: Leftovers
|upkeep
|turn|32
|
|t:|1758957058
|switch|p1a: Yoink!|Ditto, shiny|60/100
|-transform|p1a: Yoink!|p2a: Zapdos|[from] ability: Imposter
|move|p2a: Zapdos|Weather Ball|p1a: Yoink!
|-damage|p1a: Yoink!|0 fnt
|faint|p1a: Yoink!
|
|-weather|none
|upkeep
|
|t:|1758957064
|switch|p1a: Darkrai|Darkrai|100/100
|turn|33
|
|t:|1758957067
|switch|p2a: Pelipper|Pelipper, F|87/100
|-weather|RainDance|[from] ability: Drizzle|[of] p2a: Pelipper
|move|p1a: Darkrai|Thunder|p2a: Pelipper
|-supereffective|p2a: Pelipper
|-damage|p2a: Pelipper|0 fnt
|faint|p2a: Pelipper
|
|-weather|RainDance|[upkeep]
|upkeep
|
|t:|1758957074
|switch|p2a: Barraskewda|Barraskewda, M|100/100
|-damage|p2a: Barraskewda|88/100|[from] Spikes
|turn|34
|
|t:|1758957078
|switch|p1a: Mom|Vaporeon, F, shiny|34/100
|move|p2a: Barraskewda|Close Combat|p1a: Mom
|-damage|p1a: Mom|0 fnt
|-unboost|p2a: Barraskewda|def|1
|-unboost|p2a: Barraskewda|spd|1
|faint|p1a: Mom
|
|-weather|RainDance|[upkeep]
|upkeep
|
|t:|1758957081
|switch|p1a: Swagonite|Dragonite, M|100/100
|turn|35
|
|t:|1758957088
|move|p2a: Barraskewda|Close Combat|p1a: Swagonite
|-resisted|p1a: Swagonite
|-damage|p1a: Swagonite|83/100
|-unboost|p2a: Barraskewda|def|1
|-unboost|p2a: Barraskewda|spd|1
|move|p1a: Swagonite|Dragon Dance|p1a: Swagonite
|-boost|p1a: Swagonite|atk|1
|-boost|p1a: Swagonite|spe|1
|
|-weather|RainDance|[upkeep]
|-heal|p1a: Swagonite|89/100|[from] item: Leftovers
|upkeep
|turn|36
|c|☆turbotoby95|gg
|
|t:|1758957097
|switch|p2a: Zapdos|Zapdos|25/100
|move|p1a: Swagonite|Roost|p1a: Swagonite
|-heal|p1a: Swagonite|100/100
|-singleturn|p1a: Swagonite|move: Roost
|
|-weather|RainDance|[upkeep]
|upkeep
|turn|37
|-message|egoist1111 forfeited.
|
|win|turbotoby95
|raw|turbotoby95's rating: 1445 &rarr; <strong>1462</strong><br />(+17 for winning)
|raw|egoist1111's rating: 1390 &rarr; <strong>1373</strong><br />(-17 for losing)
|l|‽egoist1111
|player|p2|
|l|☆turbotoby95
|player|p1|
