|badge|p1|silver|gen9uu|30-6
|uhtml|medal-msg|<div class="broadcast-blue">Curious what those medals under the avatar are? PS now has Ladder Seasons! For more information, check out the <a href="https://www.smogon.com/forums/threads/3740067/">thread on Smogon.</a></div>
|badge|p2|silver|gen9ou|30-6
|html|<div class="broadcast-red"><strong>This battle is required to be public due to one or more player having a season medal.</strong><br />During the public phase, you can discuss the state of the ladder <a href="/seasondiscussion">in a special chatroom.</a></div>
|uhtml|medal-msg|<div class="broadcast-blue">Curious what those medals under the avatar are? PS now has Ladder Seasons! For more information, check out the <a href="https://www.smogon.com/forums/threads/3740067/">thread on Smogon.</a></div>
|raw|<div class="broadcast-blue"><strong>This battle is required to be public due to a player having a name starting with 'medal'.</div>
|j|☆ulky
|j|☆LT124YH Ghoul
|t:|1758993024
|gametype|singles
|player|p1|ulky|rosa|1846
|player|p2|LT124YH Ghoul|#wcop2024asia|1965
|gen|9
|tier|[Gen 9] OU
|rated|
|rule|HP Percentage Mod: HP is shown in percentages
|rule|Endless Battle Clause: Forcing endless battles is banned
|rule|Species Clause: Limit one of each Pokémon
|rule|OHKO Clause: OHKO moves are banned
|rule|Evasion Items Clause: Evasion items are banned
|rule|Evasion Moves Clause: Evasion moves are banned
|rule|Evasion Abilities Clause: Evasion abilities are banned
|rule|Sleep Moves Clause: Sleep-inducing moves are banned
|clearpoke
|poke|p1|Kingambit, F|
|poke|p1|Deoxys-Speed|
|poke|p1|Great Tusk|
|poke|p1|Dragonite, F|
|poke|p1|Iron Moth|
|poke|p1|Primarina, M|
|poke|p2|Enamorus, F|
|poke|p2|Araquanid, F|
|poke|p2|Gholdengo|
|poke|p2|Iron Valiant|
|poke|p2|Kingambit, F|
|poke|p2|Great Tusk|
|teampreview
|inactive|Battle timer is ON: inactive players will automatically lose when time's up. (requested by LT124YH Ghoul)
|
|t:|1758993053
|teamsize|p1|6
|teamsize|p2|6
|start
|switch|p1a: Siren|Primarina, M|100/100
|switch|p2a: Doc Seismic|Araquanid, F, shiny|100/100
|turn|1
|
|t:|1758993055
|move|p1a: Siren|Moonblast|p2a: Doc Seismic
|-crit|p2a: Doc Seismic
|-damage|p2a: Doc Seismic|25/100
|move|p2a: Doc Seismic|Sticky Web|p1a: Siren
|-sidestart|p1: ulky|move: Sticky Web
|
|upkeep
|turn|2
|-enditem|p2a: Doc Seismic|Custap Berry|[eat]
|-activate|p2a: Doc Seismic|item: Custap Berry|[consumed]
|
|t:|1758993063
|move|p2a: Doc Seismic|Liquidation|p1a: Siren
|-resisted|p1a: Siren
|-damage|p1a: Siren|53/100
|move|p1a: Siren|Moonblast|p2a: Doc Seismic
|-damage|p2a: Doc Seismic|0 fnt
|faint|p2a: Doc Seismic
|
|upkeep
|j| larp legion
|
|t:|1758993086
|switch|p2a: Invincible|Great Tusk|100/100
|-enditem|p2a: Invincible|Booster Energy
|-activate|p2a: Invincible|ability: Protosynthesis|[fromitem]
|-start|p2a: Invincible|protosynthesisspe
|turn|3
|j| cynasaurus
|inactive|ulky has 120 seconds left.
|
|t:|1758993125
|move|p2a: Invincible|Headlong Rush|p1a: Siren
|-damage|p1a: Siren|0 fnt
|-unboost|p2a: Invincible|def|1
|-unboost|p2a: Invincible|spd|1
|faint|p1a: Siren
|
|upkeep
|
|t:|1758993135
|switch|p1a: Moebius|Deoxys-Speed|100/100
|-activate|p1a: Moebius|move: Sticky Web
|-unboost|p1a: Moebius|spe|1
|-ability|p1a: Moebius|Pressure
|turn|4
|
|t:|1758993151
|move|p2a: Invincible|Headlong Rush|p1a: Moebius
|-damage|p1a: Moebius|17/100
|-unboost|p2a: Invincible|def|1
|-unboost|p2a: Invincible|spd|1
|move|p1a: Moebius|Psycho Boost|p2a: Invincible
|-supereffective|p2a: Invincible
|-damage|p2a: Invincible|0 fnt
|-unboost|p1a: Moebius|spa|2
|faint|p2a: Invincible
|-end|p2a: Invincible|Protosynthesis|[silent]
|-damage|p1a: Moebius|7/100|[from] item: Life Orb
|
|upkeep
|
|t:|1758993156
|switch|p2a: Conquest|Enamorus, F|100/100
|turn|5
|
|t:|1758993162
|switch|p1a: Anomаly|Iron Moth|100/100
|-activate|p1a: Anomаly|move: Sticky Web
|-unboost|p1a: Anomаly|spe|1
|-enditem|p1a: Anomаly|Booster Energy
|-activate|p1a: Anomаly|ability: Quark Drive|[fromitem]
|-start|p1a: Anomаly|quarkdrivespa
|move|p2a: Conquest|Superpower|p1a: Anomаly
|-resisted|p1a: Anomаly
|-damage|p1a: Anomаly|72/100
|-boost|p2a: Conquest|atk|1
|-boost|p2a: Conquest|def|1
|
|upkeep
|turn|6
|
|t:|1758993166
|-terastallize|p1a: Anomаly|Ground
|move|p2a: Conquest|Superpower|p1a: Anomаly
|-damage|p1a: Anomаly|0 fnt
|-boost|p2a: Conquest|atk|1
|-boost|p2a: Conquest|def|1
|faint|p1a: Anomаly
|-end|p1a: Anomаly|Quark Drive|[silent]
|
|upkeep
|
|t:|1758993173
|switch|p1a: Yoshi|Dragonite, F, shiny|100/100
|turn|7
|
|t:|1758993178
|move|p2a: Conquest|Moonblast|p1a: Yoshi
|-supereffective|p1a: Yoshi
|-damage|p1a: Yoshi|57/100
|move|p1a: Yoshi|Ice Spinner|p2a: Conquest
|-supereffective|p2a: Conquest
|-damage|p2a: Conquest|17/100
|
|-heal|p2a: Conquest|24/100|[from] item: Leftovers
|upkeep
|turn|8
|j| 54 insane rats
|
|t:|1758993182
|move|p2a: Conquest|Moonblast|p1a: Yoshi
|-supereffective|p1a: Yoshi
|-damage|p1a: Yoshi|0 fnt
|faint|p1a: Yoshi
|
|-heal|p2a: Conquest|30/100|[from] item: Leftovers
|upkeep
|
|t:|1758993183
|switch|p1a: Meruem|Kingambit, F|100/100
|-activate|p1a: Meruem|move: Sticky Web
|-unboost|p1a: Meruem|spe|1
|-activate|p1a: Meruem|ability: Supreme Overlord
|-start|p1a: Meruem|fallen3|[silent]
|turn|9
|
|t:|1758993187
|move|p2a: Conquest|Superpower|p1a: Meruem
|-supereffective|p1a: Meruem
|-damage|p1a: Meruem|0 fnt
|-boost|p2a: Conquest|atk|1
|-boost|p2a: Conquest|def|1
|faint|p1a: Meruem
|-end|p1a: Meruem|fallen3|[silent]
|
|-heal|p2a: Conquest|36/100|[from] item: Leftovers
|upkeep
|-message|ulky forfeited.
|
|win|LT124YH Ghoul
|raw|ulky's rating: 1827 &rarr; <strong>1815</strong><br />(-12 for losing)
|raw|LT124YH Ghoul's rating: 1965 &rarr; <strong>1977</strong><br />(+12 for winning)
|l|☆ulky
|player|p1|
|l| 54 insane rats
|l|☆LT124YH Ghoul
|player|p2|
|j| 54 insane rats
|l| 54 insane rats
|l| larp legion
|l| cynasaurus
