|j|☆uberryumaru
|j|☆Twilights
|t:|1759032026
|gametype|singles
|player|p1|uberryumaru|102|1125
|player|p2|Twilights|2|1117
|gen|9
|tier|[Gen 9] OU
|rated|
|rule|HP Percentage Mod: HP is shown in percentages
|rule|Endless Battle Clause: Forcing endless battles is banned
|rule|Species Clause: Limit one of each Pokémon
|rule|OHKO Clause: OHKO moves are banned
|rule|Evasion Items Clause: Evasion items are banned
|rule|Evasion Moves Clause: Evasion moves are banned
|rule|Evasion Abilities Clause: Evasion abilities are banned
|rule|Sleep Moves Clause: Sleep-inducing moves are banned
|clearpoke
|poke|p1|Hoopa-Unbound|
|poke|p1|Metagross|
|poke|p1|Latios, M|
|poke|p1|Iron Boulder|
|poke|p1|Espeon, F|
|poke|p1|Bruxish, M|
|poke|p2|Hatterene, F|
|poke|p2|Quaquaval, F|
|poke|p2|Ceruledge, F|
|poke|p2|Serperior, F|
|poke|p2|Garganacl, F|
|poke|p2|Suicune|
|teampreview
|inactive|Battle timer is ON: inactive players will automatically lose when time's up. (requested by uberryumaru)
|
|t:|1759032056
|teamsize|p1|6
|teamsize|p2|6
|start
|switch|p1a: Bruxish|Bruxish, M, shiny|100/100
|switch|p2a: Hatterene|Hatterene, F|100/100
|turn|1
|
|t:|1759032072
|move|p1a: Bruxish|Crunch|p2a: Hatterene
|-damage|p2a: Hatterene|58/100
|move|p2a: Hatterene|Light Screen|p2a: Hatterene
|-sidestart|p2: Twilights|move: Light Screen
|
|upkeep
|turn|2
|
|t:|1759032083
|move|p1a: Bruxish|Crunch|p2a: Hatterene
|-damage|p2a: Hatterene|17/100
|move|p2a: Hatterene|Reflect|p2a: Hatterene
|-sidestart|p2: Twilights|Reflect
|
|upkeep
|turn|3
|
|t:|1759032090
|switch|p2a: Quaquaval|Quaquaval, F|100/100
|move|p1a: Bruxish|Psychic Fangs|p2a: Quaquaval
|-sideend|p2: Twilights|Reflect
|-sideend|p2: Twilights|move: Light Screen
|-supereffective|p2a: Quaquaval
|-damage|p2a: Quaquaval|0 fnt
|faint|p2a: Quaquaval
|
|upkeep
|
|t:|1759032092
|switch|p2a: Serperior|Serperior, F|100/100
|turn|4
|
|t:|1759032098
|move|p2a: Serperior|Leaf Storm|p1a: Bruxish
|-supereffective|p1a: Bruxish
|-damage|p1a: Bruxish|0 fnt
|-boost|p2a: Serperior|spa|2
|faint|p1a: Bruxish
|
|upkeep
|
|t:|1759032109
|switch|p1a: Metagross|Metagross, shiny|100/100
|turn|5
|
|t:|1759032112
|-terastallize|p2a: Serperior|Fire
|move|p2a: Serperior|Tera Blast|p1a: Metagross|[anim] Tera Blast Fire
|-supereffective|p1a: Metagross
|-damage|p1a: Metagross|0 fnt
|faint|p1a: Metagross
|
|upkeep
|
|t:|1759032118
|switch|p1a: Latios|Latios, M, shiny|100/100
|turn|6
|
|t:|1759032123
|-terastallize|p1a: Latios|Dragon
|move|p2a: Serperior|Leaf Storm|p1a: Latios|[miss]
|-miss|p2a: Serperior|p1a: Latios
|move|p1a: Latios|Dragon Pulse|p2a: Serperior
|-damage|p2a: Serperior|13/100
|
|-heal|p2a: Serperior|19/100|[from] item: Leftovers
|upkeep
|turn|7
|
|t:|1759032128
|move|p2a: Serperior|Leaf Storm|p1a: Latios
|-resisted|p1a: Latios
|-damage|p1a: Latios|51/100
|-boost|p2a: Serperior|spa|2
|move|p1a: Latios|Dragon Pulse|p2a: Serperior
|-damage|p2a: Serperior|0 fnt
|faint|p2a: Serperior
|
|upkeep
|
|t:|1759032152
|switch|p2a: Ceruledge|Ceruledge, F|100/100
|turn|8
|
|t:|1759032159
|move|p2a: Ceruledge|Endure|p2a: Ceruledge
|-singleturn|p2a: Ceruledge|move: Endure
|move|p1a: Latios|Dragon Pulse|p2a: Ceruledge
|-damage|p2a: Ceruledge|13/100
|
|upkeep
|turn|9
|
|t:|1759032163
|move|p2a: Ceruledge|Shadow Sneak|p1a: Latios
|-damage|p1a: Latios|24/100
|move|p1a: Latios|Dragon Pulse|p2a: Ceruledge
|-damage|p2a: Ceruledge|0 fnt
|faint|p2a: Ceruledge
|
|upkeep
|
|t:|1759032167
|switch|p2a: Garganacl|Garganacl, F|100/100
|turn|10
|
|t:|1759032192
|move|p1a: Latios|Aura Sphere|p2a: Garganacl
|-supereffective|p2a: Garganacl
|-damage|p2a: Garganacl|62/100
|move|p2a: Garganacl|Salt Cure|p1a: Latios
|-damage|p1a: Latios|4/100
|-start|p1a: Latios|Salt Cure
|
|-heal|p2a: Garganacl|68/100|[from] item: Leftovers
|-damage|p1a: Latios|0 fnt|[from] Salt Cure
|faint|p1a: Latios
|upkeep
|
|t:|1759032196
|switch|p1a: Hoopa|Hoopa-Unbound|100/100
|turn|11
|
|t:|1759032199
|move|p1a: Hoopa|Thunder Wave|p2a: Garganacl
|-immune|p2a: Garganacl|[from] ability: Purifying Salt
|move|p2a: Garganacl|Iron Defense|p2a: Garganacl
|-boost|p2a: Garganacl|def|2
|
|-heal|p2a: Garganacl|74/100|[from] item: Leftovers
|upkeep
|turn|12
|
|t:|1759032222
|move|p1a: Hoopa|Hyperspace Fury|p2a: Garganacl
|-damage|p2a: Garganacl|52/100
|-unboost|p1a: Hoopa|def|1
|move|p2a: Garganacl|Salt Cure|p1a: Hoopa
|-damage|p1a: Hoopa|66/100
|-start|p1a: Hoopa|Salt Cure
|
|-heal|p2a: Garganacl|59/100|[from] item: Leftovers
|-damage|p1a: Hoopa|53/100|[from] Salt Cure
|upkeep
|turn|13
|inactive|Twilights has 120 seconds left.
|
|t:|1759032256
|move|p1a: Hoopa|Hyperspace Fury|p2a: Garganacl
|-damage|p2a: Garganacl|37/100
|-unboost|p1a: Hoopa|def|1
|move|p2a: Garganacl|Iron Defense|p2a: Garganacl
|-boost|p2a: Garganacl|def|2
|
|-heal|p2a: Garganacl|43/100|[from] item: Leftovers
|-damage|p1a: Hoopa|41/100|[from] Salt Cure
|upkeep
|turn|14
|
|t:|1759032265
|move|p1a: Hoopa|Hyperspace Fury|p2a: Garganacl
|-damage|p2a: Garganacl|29/100
|-unboost|p1a: Hoopa|def|1
|move|p2a: Garganacl|Recover|p2a: Garganacl
|-heal|p2a: Garganacl|79/100
|
|-heal|p2a: Garganacl|85/100|[from] item: Leftovers
|-damage|p1a: Hoopa|29/100|[from] Salt Cure
|upkeep
|turn|15
|
|t:|1759032273
|move|p1a: Hoopa|Hyperspace Fury|p2a: Garganacl
|-damage|p2a: Garganacl|72/100
|-unboost|p1a: Hoopa|def|1
|move|p2a: Garganacl|Iron Defense|p2a: Garganacl
|-boost|p2a: Garganacl|def|2
|
|-heal|p2a: Garganacl|78/100|[from] item: Leftovers
|-damage|p1a: Hoopa|16/100|[from] Salt Cure
|upkeep
|turn|16
|
|t:|1759032287
|move|p1a: Hoopa|Hyperspace Fury|p2a: Garganacl
|-damage|p2a: Garganacl|68/100
|-unboost|p1a: Hoopa|def|1
|move|p2a: Garganacl|Recover|p2a: Garganacl
|-heal|p2a: Garganacl|100/100
|
|-damage|p1a: Hoopa|4/100|[from] Salt Cure
|upkeep
|turn|17
|
|t:|1759032292
|move|p1a: Hoopa|Hyperspace Fury|p2a: Garganacl
|-damage|p2a: Garganacl|90/100
|-unboost|p1a: Hoopa|def|1
|move|p2a: Garganacl|Salt Cure|p1a: Hoopa
|-damage|p1a: Hoopa|0 fnt
|faint|p1a: Hoopa
|
|-heal|p2a: Garganacl|96/100|[from] item: Leftovers
|upkeep
|
|t:|1759032301
|switch|p1a: Espeon|Espeon, F, shiny|100/100
|turn|18
|
|t:|1759032305
|move|p1a: Espeon|Psychic|p2a: Garganacl
|-damage|p2a: Garganacl|64/100
|move|p2a: Garganacl|Body Press|p1a: Espeon
|-resisted|p1a: Espeon
|-damage|p1a: Espeon|10/100
|
|-heal|p2a: Garganacl|70/100|[from] item: Leftovers
|upkeep
|turn|19
|-message|uberryumaru forfeited.
|
|win|Twilights
|raw|uberryumaru's rating: 1103 &rarr; <strong>1079</strong><br />(-24 for losing)
|raw|Twilights's rating: 1117 &rarr; <strong>1141</strong><br />(+24 for winning)
|l|☆uberryumaru
|player|p1|
|l|☆Twilights
|player|p2|
