|j|☆Blaziken666
|j|☆lucawk
|t:|1758965265
|gametype|singles
|player|p1|Blaziken666|265|1574
|player|p2|lucawk|scientist-gen4dp|1540
|gen|9
|tier|[Gen 9] OU
|rated|
|rule|HP Percentage Mod: HP is shown in percentages
|rule|Endless Battle Clause: Forcing endless battles is banned
|rule|Species Clause: Limit one of each Pokémon
|rule|OHKO Clause: OHKO moves are banned
|rule|Evasion Items Clause: Evasion items are banned
|rule|Evasion Moves Clause: Evasion moves are banned
|rule|Evasion Abilities Clause: Evasion abilities are banned
|rule|Sleep Moves Clause: Sleep-inducing moves are banned
|clearpoke
|poke|p1|Blaziken, F|
|poke|p1|Deoxys-Speed|
|poke|p1|Kyurem|
|poke|p1|Iron Valiant|
|poke|p1|Moltres-Galar|
|poke|p1|Ogerpon-Wellspring, F|
|poke|p2|Iron Valiant|
|poke|p2|Great Tusk|
|poke|p2|Scizor, M|
|poke|p2|Greninja-*, M|
|poke|p2|Kyurem|
|poke|p2|Polteageist|
|teampreview
|
|t:|1758965278
|teamsize|p1|6
|teamsize|p2|6
|start
|switch|p1a: Deoxys|Deoxys-Speed, shiny|100/100
|switch|p2a: Greninja|Greninja, M|100/100
|-ability|p1a: Deoxys|Pressure
|turn|1
|
|t:|1758965287
|switch|p1a: Moltres|Moltres-Galar, shiny|100/100
|move|p2a: Greninja|Swords Dance|p2a: Greninja
|-boost|p2a: Greninja|atk|2
|
|upkeep
|turn|2
|inactive|Battle timer is ON: inactive players will automatically lose when time's up. (requested by Blaziken666)
|
|t:|1758965294
|move|p2a: Greninja|Waterfall|p1a: Moltres
|-damage|p1a: Moltres|14/100
|-ability|p1a: Moltres|Berserk|boost
|-boost|p1a: Moltres|spa|1
|-enditem|p1a: Moltres|Sitrus Berry|[eat]
|-heal|p1a: Moltres|39/100|[from] item: Sitrus Berry
|move|p1a: Moltres|Agility|p1a: Moltres
|-boost|p1a: Moltres|spe|2
|
|upkeep
|turn|3
|
|t:|1758965303
|move|p1a: Moltres|Hurricane|p2a: Greninja|[miss]
|-miss|p1a: Moltres|p2a: Greninja
|move|p2a: Greninja|Waterfall|p1a: Moltres
|-damage|p1a: Moltres|0 fnt
|faint|p1a: Moltres
|-ability|p2a: Greninja|Battle Bond|boost
|-boost|p2a: Greninja|atk|1
|-boost|p2a: Greninja|spa|1
|-boost|p2a: Greninja|spe|1
|-activate|p2a: Greninja|ability: Battle Bond
|
|upkeep
|
|t:|1758965311
|switch|p1a: Iron Valiant|Iron Valiant|100/100
|-enditem|p1a: Iron Valiant|Booster Energy
|-activate|p1a: Iron Valiant|ability: Quark Drive|[fromitem]
|-start|p1a: Iron Valiant|quarkdrivespe
|turn|4
|
|t:|1758965314
|move|p1a: Iron Valiant|Moonblast|p2a: Greninja
|-supereffective|p2a: Greninja
|-enditem|p2a: Greninja|Focus Sash
|-damage|p2a: Greninja|1/100
|move|p2a: Greninja|Waterfall|p1a: Iron Valiant
|-damage|p1a: Iron Valiant|0 fnt
|faint|p1a: Iron Valiant
|-end|p1a: Iron Valiant|Quark Drive|[silent]
|
|upkeep
|
|t:|1758965321
|switch|p1a: Ogerpon|Ogerpon-Wellspring, F|100/100
|turn|5
|
|t:|1758965324
|move|p2a: Greninja|Acrobatics|p1a: Ogerpon
|-supereffective|p1a: Ogerpon
|-damage|p1a: Ogerpon|0 fnt
|faint|p1a: Ogerpon
|
|upkeep
|
|t:|1758965334
|switch|p1a: Kyurem|Kyurem|100/100
|-ability|p1a: Kyurem|Pressure
|turn|6
|
|t:|1758965340
|move|p2a: Greninja|Acrobatics|p1a: Kyurem
|-damage|p1a: Kyurem|21/100
|move|p1a: Kyurem|Scale Shot|p2a: Greninja
|-damage|p2a: Greninja|0 fnt
|faint|p2a: Greninja
|-hitcount|p2: Greninja|1
|-unboost|p1a: Kyurem|def|1
|-boost|p1a: Kyurem|spe|1
|
|upkeep
|
|t:|1758965346
|switch|p2a: Scizor|Scizor, M|100/100
|turn|7
|
|t:|1758965349
|switch|p1a: Blaziken|Blaziken, F|100/100
|move|p2a: Scizor|Bullet Punch|p1a: Blaziken
|-resisted|p1a: Blaziken
|-crit|p1a: Blaziken
|-damage|p1a: Blaziken|63/100
|
|-heal|p1a: Blaziken|69/100|[from] item: Leftovers
|upkeep
|turn|8
|
|t:|1758965356
|move|p1a: Blaziken|Swords Dance|p1a: Blaziken
|-boost|p1a: Blaziken|atk|2
|move|p2a: Scizor|Dual Wingbeat|p1a: Blaziken
|-supereffective|p1a: Blaziken
|-damage|p1a: Blaziken|2/100
|-supereffective|p1a: Blaziken
|-damage|p1a: Blaziken|0 fnt
|faint|p1a: Blaziken
|-hitcount|p1: Blaziken|2
|
|upkeep
|
|t:|1758965363
|switch|p1a: Deoxys|Deoxys-Speed, shiny|100/100
|-ability|p1a: Deoxys|Pressure
|turn|9
|
|t:|1758965368
|move|p1a: Deoxys|Reflect|p1a: Deoxys
|-sidestart|p1: Blaziken666|Reflect
|move|p2a: Scizor|Dual Wingbeat|p1a: Deoxys
|-damage|p1a: Deoxys|85/100
|-damage|p1a: Deoxys|70/100
|-hitcount|p1a: Deoxys|2
|
|upkeep
|turn|10
|
|t:|1758965373
|move|p2a: Scizor|Bullet Punch|p1a: Deoxys
|-damage|p1a: Deoxys|52/100
|move|p1a: Deoxys|Stealth Rock|p2a: Scizor
|-sidestart|p2: lucawk|move: Stealth Rock
|
|upkeep
|turn|11
|
|t:|1758965380
|move|p1a: Deoxys|Light Screen|p1a: Deoxys
|-sidestart|p1: Blaziken666|move: Light Screen
|move|p2a: Scizor|Swords Dance|p2a: Scizor
|-boost|p2a: Scizor|atk|2
|
|upkeep
|turn|12
|
|t:|1758965387
|move|p1a: Deoxys|Psycho Boost|p2a: Scizor
|-resisted|p2a: Scizor
|-damage|p2a: Scizor|72/100
|-unboost|p1a: Deoxys|spa|2
|move|p2a: Scizor|Swords Dance|p2a: Scizor
|-boost|p2a: Scizor|atk|2
|
|upkeep
|turn|13
|
|t:|1758965391
|move|p1a: Deoxys|Psycho Boost|p2a: Scizor
|-resisted|p2a: Scizor
|-damage|p2a: Scizor|58/100
|-unboost|p1a: Deoxys|spa|2
|move|p2a: Scizor|Swords Dance|p2a: Scizor
|-boost|p2a: Scizor|atk|2
|
|upkeep
|turn|14
|
|t:|1758965393
|move|p2a: Scizor|Bullet Punch|p1a: Deoxys
|-damage|p1a: Deoxys|0 fnt
|faint|p1a: Deoxys
|
|upkeep
|
|t:|1758965395
|switch|p1a: Kyurem|Kyurem|21/100
|-ability|p1a: Kyurem|Pressure
|turn|15
|
|t:|1758965398
|-terastallize|p1a: Kyurem|Fire
|move|p2a: Scizor|Bullet Punch|p1a: Kyurem
|-resisted|p1a: Kyurem
|-damage|p1a: Kyurem|0 fnt
|faint|p1a: Kyurem
|
|win|lucawk
|raw|Blaziken666's rating: 1574 &rarr; <strong>1552</strong><br />(-22 for losing)
|raw|lucawk's rating: 1540 &rarr; <strong>1562</strong><br />(+22 for winning)
|l|☆Blaziken666
|player|p1|
