|j|☆Ai Specialist 144
|j|☆Lolgasm
|t:|1759035207
|gametype|singles
|player|p1|Ai Specialist 144|marley|1378
|player|p2|Lolgasm|101|1431
|gen|9
|tier|[Gen 9] OU
|rated|
|rule|HP Percentage Mod: HP is shown in percentages
|rule|Endless Battle Clause: Forcing endless battles is banned
|rule|Species Clause: Limit one of each Pokémon
|rule|OHKO Clause: OHKO moves are banned
|rule|Evasion Items Clause: Evasion items are banned
|rule|Evasion Moves Clause: Evasion moves are banned
|rule|Evasion Abilities Clause: Evasion abilities are banned
|rule|Sleep Moves Clause: Sleep-inducing moves are banned
|clearpoke
|poke|p1|Iron Valiant|
|poke|p1|Dragonite, M|
|poke|p1|Gholdengo|
|poke|p1|Darkrai|
|poke|p1|Excadrill, M|
|poke|p1|Ogerpon-Wellspring, F|
|poke|p2|Ninetales, M|
|poke|p2|Walking Wake|
|poke|p2|Hatterene, F|
|poke|p2|Great Tusk|
|poke|p2|Blaziken, F|
|poke|p2|Ceruledge, F|
|teampreview
|inactive|Battle timer is ON: inactive players will automatically lose when time's up. (requested by Lolgasm)
|inactive|Ai Specialist 144 also wants the timer to be on.
|
|t:|1759035212
|teamsize|p1|6
|teamsize|p2|6
|start
|switch|p1a: G047 🐑|Excadrill, M, shiny|100/100
|switch|p2a: Daydream|Ninetales, M, shiny|100/100
|-weather|SunnyDay|[from] ability: Drought|[of] p2a: Daydream
|-ability|p1a: G047 🐑|Mold Breaker
|turn|1
|
|t:|1759035223
|move|p2a: Daydream|Weather Ball|p1a: G047 🐑
|-supereffective|p1a: G047 🐑
|-enditem|p1a: G047 🐑|Focus Sash
|-damage|p1a: G047 🐑|1/100
|move|p1a: G047 🐑|Earthquake|p2a: Daydream
|-supereffective|p2a: Daydream
|-damage|p2a: Daydream|0 fnt
|faint|p2a: Daydream
|
|-weather|SunnyDay|[upkeep]
|upkeep
|inactive|Lolgasm has 120 seconds left.
|
|t:|1759035254
|switch|p2a: Glass Shadows|Ceruledge, F, shiny|100/100
|turn|2
|inactive|Lolgasm has 120 seconds left.
|
|t:|1759035260
|move|p1a: G047 🐑|Stealth Rock|p2a: Glass Shadows
|-sidestart|p2: Lolgasm|move: Stealth Rock
|move|p2a: Glass Shadows|Bitter Blade|p1a: G047 🐑
|-supereffective|p1a: G047 🐑
|-damage|p1a: G047 🐑|0 fnt
|faint|p1a: G047 🐑
|
|-weather|SunnyDay|[upkeep]
|upkeep
|
|t:|1759035269
|switch|p1a: HUN73R🩸|Darkrai, shiny|100/100
|turn|3
|
|t:|1759035275
|move|p1a: HUN73R🩸|Dark Pulse|p2a: Glass Shadows
|-supereffective|p2a: Glass Shadows
|-damage|p2a: Glass Shadows|0 fnt
|faint|p2a: Glass Shadows
|-damage|p1a: HUN73R🩸|91/100|[from] item: Life Orb
|
|-weather|SunnyDay|[upkeep]
|upkeep
|
|t:|1759035286
|switch|p2a: Luisin|Great Tusk|100/100
|-damage|p2a: Luisin|98/100|[from] Stealth Rock
|-activate|p2a: Luisin|ability: Protosynthesis
|-start|p2a: Luisin|protosynthesisatk
|turn|4
|
|t:|1759035292
|switch|p1a: 401 K 💵|Gholdengo, shiny|100/100
|-item|p1a: 401 K 💵|Air Balloon
|move|p2a: Luisin|Headlong Rush|p1a: 401 K 💵
|-immune|p1a: 401 K 💵
|
|-weather|SunnyDay|[upkeep]
|upkeep
|turn|5
|
|t:|1759035301
|move|p2a: Luisin|Ice Spinner|p1a: 401 K 💵
|-resisted|p1a: 401 K 💵
|-damage|p1a: 401 K 💵|73/100
|-enditem|p1a: 401 K 💵|Air Balloon
|-damage|p2a: Luisin|88/100|[from] item: Life Orb
|move|p1a: 401 K 💵|Dazzling Gleam|p2a: Luisin
|-supereffective|p2a: Luisin
|-crit|p2a: Luisin
|-damage|p2a: Luisin|0 fnt
|faint|p2a: Luisin
|-end|p2a: Luisin|Protosynthesis|[silent]
|
|-weather|SunnyDay|[upkeep]
|upkeep
|
|t:|1759035307
|switch|p2a: Tenny|Blaziken, F, shiny|100/100
|-damage|p2a: Tenny|88/100|[from] Stealth Rock
|turn|6
|
|t:|1759035322
|move|p1a: 401 K 💵|Shadow Ball|p2a: Tenny
|-damage|p2a: Tenny|20/100
|-unboost|p2a: Tenny|spd|1
|move|p2a: Tenny|Focus Energy|p2a: Tenny
|-start|p2a: Tenny|move: Focus Energy
|
|-weather|SunnyDay|[upkeep]
|-ability|p2a: Tenny|Speed Boost|boost
|-boost|p2a: Tenny|spe|1
|upkeep
|turn|7
|
|t:|1759035334
|move|p2a: Tenny|Overheat|p1a: 401 K 💵
|-supereffective|p1a: 401 K 💵
|-crit|p1a: 401 K 💵
|-damage|p1a: 401 K 💵|0 fnt
|-unboost|p2a: Tenny|spa|2
|faint|p1a: 401 K 💵
|
|-weather|SunnyDay|[upkeep]
|-ability|p2a: Tenny|Speed Boost|boost
|-boost|p2a: Tenny|spe|1
|upkeep
|
|t:|1759035343
|switch|p1a: 0.G.👑|Dragonite, M, shiny|100/100
|turn|8
|
|t:|1759035352
|move|p2a: Tenny|Overheat|p1a: 0.G.👑
|-resisted|p1a: 0.G.👑
|-crit|p1a: 0.G.👑
|-damage|p1a: 0.G.👑|67/100
|-unboost|p2a: Tenny|spa|2
|move|p1a: 0.G.👑|Dragon Dance|p1a: 0.G.👑
|-boost|p1a: 0.G.👑|atk|1
|-boost|p1a: 0.G.👑|spe|1
|
|-weather|none
|-ability|p2a: Tenny|Speed Boost|boost
|-boost|p2a: Tenny|spe|1
|upkeep
|turn|9
|
|t:|1759035363
|move|p1a: 0.G.👑|Extreme Speed|p2a: Tenny
|-damage|p2a: Tenny|0 fnt
|faint|p2a: Tenny
|
|upkeep
|
|t:|1759035368
|switch|p2a: Duko|Hatterene, F, shiny|100/100
|-damage|p2a: Duko|88/100|[from] Stealth Rock
|turn|10
|
|t:|1759035376
|-terastallize|p1a: 0.G.👑|Normal
|move|p1a: 0.G.👑|Extreme Speed|p2a: Duko
|-damage|p2a: Duko|28/100
|-enditem|p2a: Duko|Eject Button
|
|t:|1759035389
|switch|p2a: Mr. Banana|Walking Wake|100/100
|-damage|p2a: Mr. Banana|88/100|[from] Stealth Rock
|
|upkeep
|turn|11
|
|t:|1759035395
|-terastallize|p2a: Mr. Banana|Water
|move|p1a: 0.G.👑|Extreme Speed|p2a: Mr. Banana
|-damage|p2a: Mr. Banana|8/100
|move|p2a: Mr. Banana|Hydro Steam|p1a: 0.G.👑
|-damage|p1a: 0.G.👑|0 fnt
|faint|p1a: 0.G.👑
|
|upkeep
|
|t:|1759035405
|switch|p1a: HUN73R🩸|Darkrai, shiny|91/100
|turn|12
|
|t:|1759035410
|move|p1a: HUN73R🩸|Sucker Punch|p2a: Mr. Banana
|-crit|p2a: Mr. Banana
|-damage|p2a: Mr. Banana|0 fnt
|faint|p2a: Mr. Banana
|-end|p2a: Mr. Banana|Protosynthesis|[silent]
|-damage|p1a: HUN73R🩸|81/100|[from] item: Life Orb
|
|upkeep
|-message|Lolgasm forfeited.
|
|win|Ai Specialist 144
|raw|Ai Specialist 144's rating: 1378 &rarr; <strong>1401</strong><br />(+23 for winning)
|raw|Lolgasm's rating: 1431 &rarr; <strong>1408</strong><br />(-23 for losing)
|l|☆Lolgasm
|player|p2|
