|j|☆Poke2Gen
|j|☆sacghr
|t:|1759042291
|gametype|singles
|player|p1|Poke2Gen|silver-gen2|1220
|player|p2|sacghr|bellelba|1296
|gen|9
|tier|[Gen 9] OU
|rated|
|rule|HP Percentage Mod: HP is shown in percentages
|rule|Endless Battle Clause: Forcing endless battles is banned
|rule|Species Clause: Limit one of each Pokémon
|rule|OHKO Clause: OHKO moves are banned
|rule|Evasion Items Clause: Evasion items are banned
|rule|Evasion Moves Clause: Evasion moves are banned
|rule|Evasion Abilities Clause: Evasion abilities are banned
|rule|Sleep Moves Clause: Sleep-inducing moves are banned
|clearpoke
|poke|p1|Feraligatr, F|
|poke|p1|Typhlosion, M|
|poke|p1|Meganium, F|
|poke|p1|Tyranitar, M|
|poke|p1|Porygon2|
|poke|p1|Donphan, M|
|poke|p2|Hatterene, F|
|poke|p2|Dragonite, M|
|poke|p2|Dragapult, M|
|poke|p2|Dondozo, F|
|poke|p2|Slowking-Galar, F|
|poke|p2|Kyurem|
|teampreview
|inactive|Battle timer is ON: inactive players will automatically lose when time's up. (requested by Poke2Gen)
|
|t:|1759042305
|teamsize|p1|6
|teamsize|p2|6
|start
|switch|p1a: Porygon2|Porygon2, shiny|100/100
|switch|p2a: Dragapult|Dragapult, M|100/100
|turn|1
|
|t:|1759042313
|move|p2a: Dragapult|Draco Meteor|p1a: Porygon2
|-damage|p1a: Porygon2|53/100
|-unboost|p2a: Dragapult|spa|2
|-damage|p2a: Dragapult|91/100|[from] item: Life Orb
|move|p1a: Porygon2|Ice Beam|p2a: Dragapult
|-supereffective|p2a: Dragapult
|-damage|p2a: Dragapult|0 fnt
|faint|p2a: Dragapult
|
|upkeep
|
|t:|1759042325
|switch|p2a: Dondozo|Dondozo, F|100/100
|turn|2
|
|t:|1759042329
|move|p1a: Porygon2|Recover|p1a: Porygon2
|-heal|p1a: Porygon2|100/100
|move|p2a: Dondozo|Body Press|p1a: Porygon2
|-supereffective|p1a: Porygon2
|-damage|p1a: Porygon2|64/100
|
|upkeep
|turn|3
|
|t:|1759042336
|move|p1a: Porygon2|Thunderbolt|p2a: Dondozo
|-supereffective|p2a: Dondozo
|-damage|p2a: Dondozo|42/100
|move|p2a: Dondozo|Curse|p2a: Dondozo
|-unboost|p2a: Dondozo|spe|1
|-boost|p2a: Dondozo|atk|1
|-boost|p2a: Dondozo|def|1
|
|-heal|p2a: Dondozo|48/100|[from] item: Leftovers
|upkeep
|turn|4
|
|t:|1759042347
|move|p1a: Porygon2|Thunderbolt|p2a: Dondozo
|-supereffective|p2a: Dondozo
|-damage|p2a: Dondozo|0 fnt
|faint|p2a: Dondozo
|
|upkeep
|
|t:|1759042352
|switch|p2a: Dragonite|Dragonite, M|100/100
|turn|5
|
|t:|1759042357
|move|p2a: Dragonite|Dragon Dance|p2a: Dragonite
|-boost|p2a: Dragonite|atk|1
|-boost|p2a: Dragonite|spe|1
|move|p1a: Porygon2|Ice Beam|p2a: Dragonite
|-supereffective|p2a: Dragonite
|-damage|p2a: Dragonite|21/100
|
|-heal|p2a: Dragonite|28/100|[from] item: Leftovers
|upkeep
|turn|6
|
|t:|1759042372
|-terastallize|p2a: Dragonite|Normal
|move|p2a: Dragonite|Extreme Speed|p1a: Porygon2
|-damage|p1a: Porygon2|18/100
|move|p1a: Porygon2|Ice Beam|p2a: Dragonite
|-damage|p2a: Dragonite|0 fnt
|faint|p2a: Dragonite
|
|upkeep
|
|t:|1759042382
|switch|p2a: Kyurem|Kyurem|100/100
|-ability|p2a: Kyurem|Pressure
|turn|7
|
|t:|1759042389
|move|p2a: Kyurem|Freeze-Dry|p1a: Porygon2
|-damage|p1a: Porygon2|0 fnt
|faint|p1a: Porygon2
|
|upkeep
|
|t:|1759042394
|switch|p1a: Tyranitar|Tyranitar, M, shiny|100/100
|-weather|Sandstorm|[from] ability: Sand Stream|[of] p1a: Tyranitar
|turn|8
|
|t:|1759042402
|switch|p2a: Hatterene|Hatterene, F|100/100
|move|p1a: Tyranitar|Thunder Wave|p2a: Hatterene
|move|p2a: Hatterene|Thunder Wave|p1a: Tyranitar|[from] ability: Magic Bounce
|-status|p1a: Tyranitar|par
|
|-weather|Sandstorm|[upkeep]
|-damage|p2a: Hatterene|95/100|[from] Sandstorm
|-heal|p2a: Hatterene|100/100|[from] item: Leftovers
|upkeep
|turn|9
|
|t:|1759042419
|move|p2a: Hatterene|Draining Kiss|p1a: Tyranitar
|-supereffective|p1a: Tyranitar
|-damage|p1a: Tyranitar|77/100 par
|cant|p1a: Tyranitar|par
|
|-weather|Sandstorm|[upkeep]
|-damage|p2a: Hatterene|95/100|[from] Sandstorm
|-heal|p2a: Hatterene|100/100|[from] item: Leftovers
|-heal|p1a: Tyranitar|83/100 par|[from] item: Leftovers
|upkeep
|turn|10
|
|t:|1759042429
|move|p2a: Hatterene|Draining Kiss|p1a: Tyranitar
|-supereffective|p1a: Tyranitar
|-damage|p1a: Tyranitar|59/100 par
|move|p1a: Tyranitar|Knock Off|p2a: Hatterene
|-damage|p2a: Hatterene|49/100
|-enditem|p2a: Hatterene|Leftovers|[from] move: Knock Off|[of] p1a: Tyranitar
|
|-weather|Sandstorm|[upkeep]
|-damage|p2a: Hatterene|43/100|[from] Sandstorm
|-heal|p1a: Tyranitar|65/100 par|[from] item: Leftovers
|upkeep
|turn|11
|
|t:|1759042440
|move|p2a: Hatterene|Draining Kiss|p1a: Tyranitar
|-supereffective|p1a: Tyranitar
|-damage|p1a: Tyranitar|41/100 par
|-heal|p2a: Hatterene|67/100|[from] drain|[of] p1a: Tyranitar
|move|p1a: Tyranitar|Stone Edge|p2a: Hatterene
|-damage|p2a: Hatterene|14/100
|
|-weather|Sandstorm|[upkeep]
|-damage|p2a: Hatterene|8/100|[from] Sandstorm
|-heal|p1a: Tyranitar|47/100 par|[from] item: Leftovers
|upkeep
|turn|12
|
|t:|1759042451
|move|p2a: Hatterene|Draining Kiss|p1a: Tyranitar
|-supereffective|p1a: Tyranitar
|-damage|p1a: Tyranitar|23/100 par
|-heal|p2a: Hatterene|32/100|[from] drain|[of] p1a: Tyranitar
|move|p1a: Tyranitar|Knock Off|p2a: Hatterene
|-damage|p2a: Hatterene|0 fnt
|faint|p2a: Hatterene
|
|-weather|none
|-heal|p1a: Tyranitar|29/100 par|[from] item: Leftovers
|upkeep
|
|t:|1759042463
|switch|p2a: Kyurem|Kyurem|100/100
|-ability|p2a: Kyurem|Pressure
|turn|13
|
|t:|1759042468
|move|p2a: Kyurem|Freeze-Dry|p1a: Tyranitar
|-damage|p1a: Tyranitar|0 fnt
|faint|p1a: Tyranitar
|
|upkeep
|
|t:|1759042474
|switch|p1a: Donphan|Donphan, M, shiny|100/100
|turn|14
|
|t:|1759042478
|move|p2a: Kyurem|Freeze-Dry|p1a: Donphan
|-supereffective|p1a: Donphan
|-ability|p1a: Donphan|Sturdy
|-damage|p1a: Donphan|1/100
|-status|p1a: Donphan|frz
|cant|p1a: Donphan|frz
|
|upkeep
|turn|15
|
|t:|1759042487
|cant|p1a: Donphan|frz
|move|p2a: Kyurem|Freeze-Dry|p1a: Donphan
|-supereffective|p1a: Donphan
|-damage|p1a: Donphan|0 fnt
|faint|p1a: Donphan
|
|upkeep
|
|t:|1759042498
|switch|p1a: Typhlosion|Typhlosion, M, shiny|100/100
|turn|16
|
|t:|1759042502
|switch|p2a: Slowking|Slowking-Galar, F|100/100
|move|p1a: Typhlosion|Eruption|p2a: Slowking
|-damage|p2a: Slowking|58/100
|
|-heal|p2a: Slowking|64/100|[from] item: Black Sludge
|upkeep
|turn|17
|
|t:|1759042513
|move|p1a: Typhlosion|Eruption|p2a: Slowking
|-damage|p2a: Slowking|22/100
|move|p2a: Slowking|Thunder Wave|p1a: Typhlosion
|-status|p1a: Typhlosion|par
|
|-heal|p2a: Slowking|28/100|[from] item: Black Sludge
|upkeep
|turn|18
|
|t:|1759042523
|move|p1a: Typhlosion|Eruption|p2a: Slowking
|-damage|p2a: Slowking|0 fnt
|faint|p2a: Slowking
|
|upkeep
|
|t:|1759042529
|switch|p2a: Kyurem|Kyurem|100/100
|-ability|p2a: Kyurem|Pressure
|turn|19
|
|t:|1759042538
|cant|p1a: Typhlosion|par
|move|p2a: Kyurem|Ancient Power|p1a: Typhlosion
|-supereffective|p1a: Typhlosion
|-damage|p1a: Typhlosion|10/100 par
|
|upkeep
|turn|20
|
|t:|1759042544
|cant|p1a: Typhlosion|par
|move|p2a: Kyurem|Ancient Power|p1a: Typhlosion
|-supereffective|p1a: Typhlosion
|-damage|p1a: Typhlosion|0 fnt
|-boost|p2a: Kyurem|atk|1
|-boost|p2a: Kyurem|def|1
|-boost|p2a: Kyurem|spa|1
|-boost|p2a: Kyurem|spd|1
|-boost|p2a: Kyurem|spe|1
|faint|p1a: Typhlosion
|
|upkeep
|
|t:|1759042557
|switch|p1a: Meganium|Meganium, F, shiny|100/100
|turn|21
|
|t:|1759042563
|move|p2a: Kyurem|Ancient Power|p1a: Meganium
|-damage|p1a: Meganium|49/100
|move|p1a: Meganium|Body Slam|p2a: Kyurem
|-damage|p2a: Kyurem|92/100
|
|upkeep
|turn|22
|
|t:|1759042569
|move|p2a: Kyurem|Ancient Power|p1a: Meganium
|-damage|p1a: Meganium|2/100
|move|p1a: Meganium|Body Slam|p2a: Kyurem
|-damage|p2a: Kyurem|83/100
|-status|p2a: Kyurem|par
|
|upkeep
|turn|23
|
|t:|1759042577
|move|p1a: Meganium|Leech Seed|p2a: Kyurem
|-start|p2a: Kyurem|move: Leech Seed
|move|p2a: Kyurem|Ancient Power|p1a: Meganium
|-damage|p1a: Meganium|0 fnt
|faint|p1a: Meganium
|
|upkeep
|
|t:|1759042582
|switch|p1a: Feraligatr|Feraligatr, F, shiny|100/100
|turn|24
|
|t:|1759042589
|move|p1a: Feraligatr|Ice Punch|p2a: Kyurem
|-damage|p2a: Kyurem|62/100 par
|move|p2a: Kyurem|Ancient Power|p1a: Feraligatr
|-damage|p1a: Feraligatr|30/100
|
|-damage|p2a: Kyurem|49/100 par|[from] Leech Seed|[of] p1a: Feraligatr
|-heal|p1a: Feraligatr|48/100|[silent]
|upkeep
|turn|25
|
|t:|1759042600
|move|p1a: Feraligatr|Ice Punch|p2a: Kyurem
|-damage|p2a: Kyurem|26/100 par
|move|p2a: Kyurem|Ancient Power|p1a: Feraligatr
|-damage|p1a: Feraligatr|0 fnt
|-boost|p2a: Kyurem|atk|1
|-boost|p2a: Kyurem|def|1
|-boost|p2a: Kyurem|spa|1
|-boost|p2a: Kyurem|spd|1
|-boost|p2a: Kyurem|spe|1
|faint|p1a: Feraligatr
|
|win|sacghr
|raw|Poke2Gen's rating: 1220 &rarr; <strong>1200</strong><br />(-20 for losing)
|raw|sacghr's rating: 1296 &rarr; <strong>1316</strong><br />(+20 for winning)
|l|☆Poke2Gen
|player|p1|
|l|☆sacghr
|player|p2|
