|j|☆MrTable00
|j|☆Gyatt_0
|t:|1759054338
|gametype|singles
|player|p1|MrTable00|pokemaniac|1033
|player|p2|Gyatt_0|170|1083
|gen|9
|tier|[Gen 9] OU
|rated|
|rule|HP Percentage Mod: HP is shown in percentages
|rule|Endless Battle Clause: Forcing endless battles is banned
|rule|Species Clause: Limit one of each Pokémon
|rule|OHKO Clause: OHKO moves are banned
|rule|Evasion Items Clause: Evasion items are banned
|rule|Evasion Moves Clause: Evasion moves are banned
|rule|Evasion Abilities Clause: Evasion abilities are banned
|rule|Sleep Moves Clause: Sleep-inducing moves are banned
|clearpoke
|poke|p1|Trapinch, F|
|poke|p1|Cinccino, M|
|poke|p1|Wooper, M|
|poke|p1|Talonflame, F|
|poke|p1|Scyther, F|
|poke|p1|Araquanid, F|
|poke|p2|Dragonite, F|
|poke|p2|Goodra-Hisui, F|
|poke|p2|Hatterene, F|
|poke|p2|Slowking-Galar, F|
|poke|p2|Cetitan, M|
|poke|p2|Ceruledge, F|
|teampreview
|j| infopro play392
|c|☆MrTable00|Hello
|
|t:|1759054357
|teamsize|p1|6
|teamsize|p2|6
|start
|switch|p1a: Trapinch|Trapinch, F|100/100
|switch|p2a: Slowking|Slowking-Galar, F|100/100
|turn|1
|
|t:|1759054364
|move|p2a: Slowking|Psychic Terrain|p2a: Slowking
|-fieldstart|move: Psychic Terrain
|move|p1a: Trapinch|Earthquake|p2a: Slowking
|-supereffective|p2a: Slowking
|-damage|p2a: Slowking|0 fnt
|faint|p2a: Slowking
|
|upkeep
|
|t:|1759054370
|switch|p2a: Hatterene|Hatterene, F|100/100
|turn|2
|
|t:|1759054376
|move|p2a: Hatterene|Expanding Force|p1a: Trapinch
|-damage|p1a: Trapinch|0 fnt
|faint|p1a: Trapinch
|
|upkeep
|
|t:|1759054400
|switch|p1a: Araquanid|Araquanid, F|100/100
|turn|3
|
|t:|1759054406
|move|p1a: Araquanid|Liquidation|p2a: Hatterene
|-damage|p2a: Hatterene|0 fnt
|faint|p2a: Hatterene
|
|upkeep
|
|t:|1759054418
|switch|p2a: Dragonite|Dragonite, F|100/100
|turn|4
|
|t:|1759054424
|switch|p1a: Wooper|Wooper, M|100/100
|move|p2a: Dragonite|Thunder Wave|p1a: Wooper
|-immune|p1a: Wooper
|
|upkeep
|turn|5
|
|t:|1759054441
|move|p2a: Dragonite|Extreme Speed|p1a: Wooper
|-activate|p1a: Wooper|move: Psychic Terrain
|move|p1a: Wooper|Toxic|p2a: Dragonite
|-status|p2a: Dragonite|tox
|
|-damage|p2a: Dragonite|94/100 tox|[from] psn
|-fieldend|move: Psychic Terrain
|upkeep
|turn|6
|c|☆MrTable00|Really
|
|t:|1759054455
|switch|p2a: Cetitan|Cetitan, M|100/100
|move|p1a: Wooper|Stealth Rock|p2a: Cetitan
|-sidestart|p2: Gyatt_0|move: Stealth Rock
|
|upkeep
|turn|7
|
|t:|1759054461
|move|p2a: Cetitan|Belly Drum|p2a: Cetitan
|-damage|p2a: Cetitan|50/100
|-setboost|p2a: Cetitan|atk|6|[from] move: Belly Drum
|move|p1a: Wooper|Toxic|p2a: Cetitan
|-status|p2a: Cetitan|tox
|
|-damage|p2a: Cetitan|44/100 tox|[from] psn
|upkeep
|turn|8
|
|t:|1759054471
|move|p2a: Cetitan|Icicle Spear|p1a: Wooper
|-crit|p1a: Wooper
|-damage|p1a: Wooper|87/100
|-damage|p1a: Wooper|77/100
|-damage|p1a: Wooper|67/100
|-damage|p1a: Wooper|58/100
|-hitcount|p1a: Wooper|4
|move|p1a: Wooper|Spikes|p2a: Cetitan
|-sidestart|p2: Gyatt_0|Spikes
|
|-damage|p2a: Cetitan|32/100 tox|[from] psn
|upkeep
|turn|9
|c|☆MrTable00|Wooper aboutta sweep
|
|t:|1759054487
|move|p2a: Cetitan|Icicle Spear|p1a: Wooper
|-damage|p1a: Wooper|48/100
|-damage|p1a: Wooper|38/100
|-damage|p1a: Wooper|29/100
|-damage|p1a: Wooper|19/100
|-damage|p1a: Wooper|10/100
|-hitcount|p1a: Wooper|5
|move|p1a: Wooper|Spikes|p2a: Cetitan
|-sidestart|p2: Gyatt_0|Spikes
|
|-damage|p2a: Cetitan|13/100 tox|[from] psn
|upkeep
|turn|10
|
|t:|1759054500
|move|p2a: Cetitan|Ice Shard|p1a: Wooper
|-damage|p1a: Wooper|0 fnt
|faint|p1a: Wooper
|
|-damage|p2a: Cetitan|0 fnt|[from] psn
|faint|p2a: Cetitan
|upkeep
|
|t:|1759054514
|switch|p2a: Goodra|Goodra-Hisui, F|100/100
|switch|p1a: Araquanid|Araquanid, F|100/100
|-damage|p2a: Goodra|94/100|[from] Stealth Rock
|-damage|p2a: Goodra|78/100|[from] Spikes
|turn|11
|
|t:|1759054527
|switch|p1a: Scyther|Scyther, F|100/100
|move|p2a: Goodra|Gyro Ball|p1a: Scyther
|-damage|p1a: Scyther|59/100
|
|upkeep
|turn|12
|
|t:|1759054541
|move|p1a: Scyther|Close Combat|p2a: Goodra
|-supereffective|p2a: Goodra
|-damage|p2a: Goodra|4/100
|-unboost|p1a: Scyther|def|1
|-unboost|p1a: Scyther|spd|1
|move|p2a: Goodra|Gyro Ball|p1a: Scyther
|-damage|p1a: Scyther|0 fnt
|faint|p1a: Scyther
|
|upkeep
|
|t:|1759054552
|switch|p1a: Talonflame|Talonflame, F|100/100
|turn|13
|
|t:|1759054563
|move|p1a: Talonflame|U-turn|p2a: Goodra
|-resisted|p2a: Goodra
|-damage|p2a: Goodra|0 fnt
|faint|p2a: Goodra
|
|t:|1759054571
|switch|p1a: Araquanid|Araquanid, F|100/100|[from] U-turn
|
|upkeep
|
|t:|1759054576
|switch|p2a: Dragonite|Dragonite, F|94/100 tox
|-damage|p2a: Dragonite|69/100 tox|[from] Stealth Rock
|turn|14
|
|t:|1759054582
|-terastallize|p1a: Araquanid|Water
|move|p2a: Dragonite|Thunder Wave|p1a: Araquanid
|-status|p1a: Araquanid|par
|cant|p1a: Araquanid|par
|
|-damage|p2a: Dragonite|63/100 tox|[from] psn
|upkeep
|turn|15
|
|t:|1759054593
|move|p2a: Dragonite|Giga Impact|p1a: Araquanid
|-damage|p1a: Araquanid|37/100 par
|-mustrecharge|p2a: Dragonite
|move|p1a: Araquanid|Liquidation|p2a: Dragonite
|-resisted|p2a: Dragonite
|-crit|p2a: Dragonite
|-damage|p2a: Dragonite|0 fnt
|faint|p2a: Dragonite
|
|upkeep
|
|t:|1759054601
|switch|p2a: Ceruledge|Ceruledge, F|100/100
|-damage|p2a: Ceruledge|75/100|[from] Stealth Rock
|-damage|p2a: Ceruledge|59/100|[from] Spikes
|turn|16
|
|t:|1759054617
|move|p2a: Ceruledge|Poltergeist|p1a: Araquanid
|-activate|p1a: Araquanid|move: Poltergeist|Choice Band
|-damage|p1a: Araquanid|0 fnt
|faint|p1a: Araquanid
|
|upkeep
|
|t:|1759054624
|switch|p1a: Talonflame|Talonflame, F|100/100
|turn|17
|
|t:|1759054629
|move|p1a: Talonflame|Acrobatics|p2a: Ceruledge
|-damage|p2a: Ceruledge|16/100
|move|p2a: Ceruledge|Poltergeist||[still]
|-fail|p2a: Ceruledge
|
|upkeep
|turn|18
|c|☆MrTable00|Clean
|
|t:|1759054640
|move|p1a: Talonflame|Acrobatics|p2a: Ceruledge
|-damage|p2a: Ceruledge|0 fnt
|faint|p2a: Ceruledge
|
|win|MrTable00
|raw|MrTable00's rating: 1033 &rarr; <strong>1073</strong><br />(+40 for winning)
|raw|Gyatt_0's rating: 1083 &rarr; <strong>1057</strong><br />(-26 for losing)
|c|☆MrTable00|Gg
|l|☆Gyatt_0
|player|p2|
