|j|‽Hunter_of_Keys
|j|☆vghhjg
|t:|1758931195
|gametype|singles
|player|p1|Hunter_of_Keys|veteran|1589
|player|p2|vghhjg|2|1531
|gen|9
|tier|[Gen 9] OU
|rated|
|rule|HP Percentage Mod: HP is shown in percentages
|rule|Endless Battle Clause: Forcing endless battles is banned
|rule|Species Clause: Limit one of each Pokémon
|rule|OHKO Clause: OHKO moves are banned
|rule|Evasion Items Clause: Evasion items are banned
|rule|Evasion Moves Clause: Evasion moves are banned
|rule|Evasion Abilities Clause: Evasion abilities are banned
|rule|Sleep Moves Clause: Sleep-inducing moves are banned
|clearpoke
|poke|p1|Espeon, F|
|poke|p1|Indeedee, M|
|poke|p1|Armarouge, F|
|poke|p1|Gallade, M|
|poke|p1|Cresselia, F|
|poke|p1|Rabsca, F|
|poke|p2|Gholdengo|
|poke|p2|Ribombee, F|
|poke|p2|Dragonite, M|
|poke|p2|Comfey, M|
|poke|p2|Primarina, F|
|poke|p2|Arcanine, M|
|teampreview
|inactive|Battle timer is ON: inactive players will automatically lose when time's up. (requested by Hunter_of_Keys)
|
|t:|1758931203
|teamsize|p1|6
|teamsize|p2|6
|start
|switch|p1a: Espeon|Espeon, F|100/100
|switch|p2a: Ribombee|Ribombee, F|100/100
|turn|1
|
|t:|1758931229
|move|p2a: Ribombee|Skill Swap|p1a: Espeon
|-block|p1a: Espeon|item: Ability Shield
|move|p1a: Espeon|Thunder Wave|p2a: Ribombee
|-status|p2a: Ribombee|par
|
|upkeep
|turn|2
|c|☆vghhjg|lol
|c|☆vghhjg|cool
|inactive|vghhjg has 120 seconds left.
|
|t:|1758931249
|move|p1a: Espeon|Psychic Noise|p2a: Ribombee
|-damage|p2a: Ribombee|43/100 par
|move|p2a: Ribombee|Psychic Noise|p1a: Espeon
|-resisted|p1a: Espeon
|-damage|p1a: Espeon|90/100
|-start|p1a: Espeon|move: Heal Block
|
|upkeep
|turn|3
|
|t:|1758931258
|move|p1a: Espeon|Psychic Noise|p2a: Ribombee
|-damage|p2a: Ribombee|0 fnt
|faint|p2a: Ribombee
|
|-end|p1a: Espeon|move: Heal Block
|upkeep
|inactive|vghhjg has 120 seconds left.
|
|t:|1758931271
|switch|p2a: Gholdengo|Gholdengo|100/100
|-item|p2a: Gholdengo|Air Balloon
|turn|4
|inactive|Hunter_of_Keys has 120 seconds left.
|
|t:|1758931321
|move|p2a: Gholdengo|Shadow Ball|p1a: Espeon
|-supereffective|p1a: Espeon
|-damage|p1a: Espeon|4/100
|move|p1a: Espeon|Psychic Noise|p2a: Gholdengo
|-resisted|p2a: Gholdengo
|-damage|p2a: Gholdengo|81/100
|-start|p2a: Gholdengo|move: Heal Block
|-enditem|p2a: Gholdengo|Air Balloon
|
|upkeep
|turn|5
|
|t:|1758931327
|switch|p1a: Indeedee|Indeedee, M|100/100
|-fieldstart|move: Psychic Terrain|[from] ability: Psychic Surge|[of] p1a: Indeedee
|move|p2a: Gholdengo|Dazzling Gleam|p1a: Indeedee
|-damage|p1a: Indeedee|60/100
|
|-end|p2a: Gholdengo|move: Heal Block
|upkeep
|turn|6
|inactive|Hunter_of_Keys has 120 seconds left.
|
|t:|1758931333
|move|p1a: Indeedee|Shadow Ball|p2a: Gholdengo
|-supereffective|p2a: Gholdengo
|-damage|p2a: Gholdengo|25/100
|move|p2a: Gholdengo|Dazzling Gleam|p1a: Indeedee
|-damage|p1a: Indeedee|18/100
|
|upkeep
|turn|7
|
|t:|1758931342
|move|p1a: Indeedee|Expanding Force|p2a: Gholdengo
|-resisted|p2a: Gholdengo
|-damage|p2a: Gholdengo|0 fnt
|faint|p2a: Gholdengo
|
|upkeep
|
|t:|1758931357
|switch|p2a: Dragonite|Dragonite, M|100/100
|turn|8
|
|t:|1758931361
|switch|p1a: Cresselia|Cresselia, F|100/100
|move|p2a: Dragonite|Dragon Dance|p2a: Dragonite
|-boost|p2a: Dragonite|atk|1
|-boost|p2a: Dragonite|spe|1
|
|upkeep
|turn|9
|
|t:|1758931373
|switch|p2a: Arcanine|Arcanine, M|100/100
|-ability|p2a: Arcanine|Intimidate|boost
|-unboost|p1a: Cresselia|atk|1
|move|p1a: Cresselia|Thunder Wave|p2a: Arcanine
|-status|p2a: Arcanine|par
|
|upkeep
|turn|10
|
|t:|1758931381
|switch|p1a: Armarouge|Armarouge, F|100/100
|move|p2a: Arcanine|Curse|p2a: Arcanine
|-unboost|p2a: Arcanine|spe|1
|-boost|p2a: Arcanine|atk|1
|-boost|p2a: Arcanine|def|1
|
|upkeep
|turn|11
|
|t:|1758931388
|move|p1a: Armarouge|Expanding Force|p2a: Arcanine
|-damage|p2a: Arcanine|4/100 par
|move|p2a: Arcanine|Crunch|p1a: Armarouge
|-supereffective|p1a: Armarouge
|-crit|p1a: Armarouge
|-damage|p1a: Armarouge|0 fnt
|faint|p1a: Armarouge
|
|-heal|p2a: Arcanine|10/100 par|[from] item: Leftovers
|upkeep
|
|t:|1758931400
|switch|p1a: Espeon|Espeon, F|4/100
|turn|12
|
|t:|1758931404
|move|p1a: Espeon|Psychic Noise|p2a: Arcanine
|-damage|p2a: Arcanine|0 fnt
|faint|p2a: Arcanine
|
|-fieldend|move: Psychic Terrain
|upkeep
|
|t:|1758931419
|switch|p2a: Dragonite|Dragonite, M|100/100
|turn|13
|
|t:|1758931421
|move|p2a: Dragonite|Tera Blast|p1a: Espeon
|-damage|p1a: Espeon|0 fnt
|faint|p1a: Espeon
|
|upkeep
|
|t:|1758931425
|switch|p1a: Cresselia|Cresselia, F|100/100
|turn|14
|
|t:|1758931451
|switch|p2a: Primarina|Primarina, F|100/100
|move|p1a: Cresselia|Thunder Wave|p2a: Primarina
|-status|p2a: Primarina|par
|
|upkeep
|turn|15
|
|t:|1758931456
|switch|p1a: Indeedee|Indeedee, M|18/100
|-fieldstart|move: Psychic Terrain|[from] ability: Psychic Surge|[of] p1a: Indeedee
|move|p2a: Primarina|Moonblast|p1a: Indeedee
|-crit|p1a: Indeedee
|-damage|p1a: Indeedee|0 fnt
|faint|p1a: Indeedee
|
|upkeep
|
|t:|1758931458
|switch|p1a: Gallade|Gallade, M|100/100
|turn|16
|
|t:|1758931467
|move|p1a: Gallade|Psycho Cut|p2a: Primarina
|-damage|p2a: Primarina|0 fnt
|faint|p2a: Primarina
|
|upkeep
|
|t:|1758931474
|switch|p2a: Dragonite|Dragonite, M|100/100
|turn|17
|
|t:|1758931479
|move|p2a: Dragonite|Dragon Dance|p2a: Dragonite
|-boost|p2a: Dragonite|atk|1
|-boost|p2a: Dragonite|spe|1
|move|p1a: Gallade|Ice Punch|p2a: Dragonite
|-supereffective|p2a: Dragonite
|-damage|p2a: Dragonite|42/100
|
|upkeep
|turn|18
|
|t:|1758931499
|move|p2a: Dragonite|Encore|p1a: Gallade
|-start|p1a: Gallade|Encore
|move|p1a: Gallade|Ice Punch|p2a: Dragonite
|-supereffective|p2a: Dragonite
|-damage|p2a: Dragonite|0 fnt
|faint|p2a: Dragonite
|
|upkeep
|
|t:|1758931503
|switch|p2a: Comfey|Comfey, M|100/100
|turn|19
|
|t:|1758931508
|move|p1a: Gallade|Ice Punch|p2a: Comfey
|-damage|p2a: Comfey|68/100
|move|p2a: Comfey|Calm Mind|p2a: Comfey
|-boost|p2a: Comfey|spa|1
|-boost|p2a: Comfey|spd|1
|
|upkeep
|turn|20
|
|t:|1758931524
|-terastallize|p2a: Comfey|Ground
|move|p1a: Gallade|Ice Punch|p2a: Comfey
|-supereffective|p2a: Comfey
|-damage|p2a: Comfey|4/100
|move|p2a: Comfey|Tera Blast|p1a: Gallade|[anim] Tera Blast Ground
|-damage|p1a: Gallade|27/100
|-damage|p2a: Comfey|0 fnt|[from] item: Life Orb
|faint|p2a: Comfey
|
|win|Hunter_of_Keys
|raw|Hunter_of_Keys's rating: 1589 &rarr; <strong>1606</strong><br />(+17 for winning)
|raw|vghhjg's rating: 1531 &rarr; <strong>1514</strong><br />(-17 for losing)
|l|‽Hunter_of_Keys
|player|p1|
|l|☆vghhjg
|player|p2|
