|badge|p1|bronze|gen9uu|100-6
|uhtml|medal-msg|<div class="broadcast-blue">Curious what those medals under the avatar are? PS now has Ladder Seasons! For more information, check out the <a href="https://www.smogon.com/forums/threads/3740067/">thread on Smogon.</a></div>
|badge|p2|bronze|gen9ou|100-6
|html|<div class="broadcast-red"><strong>This battle is required to be public due to one or more player having a season medal.</strong><br />During the public phase, you can discuss the state of the ladder <a href="/seasondiscussion">in a special chatroom.</a></div>
|uhtml|medal-msg|<div class="broadcast-blue">Curious what those medals under the avatar are? PS now has Ladder Seasons! For more information, check out the <a href="https://www.smogon.com/forums/threads/3740067/">thread on Smogon.</a></div>
|j|☆mooch99
|j|☆WogerHater
|t:|1758934629
|gametype|singles
|player|p1|mooch99|unknown|1661
|player|p2|WogerHater|dawn-gen4pt|1838
|gen|9
|tier|[Gen 9] OU
|rated|
|rule|HP Percentage Mod: HP is shown in percentages
|rule|Endless Battle Clause: Forcing endless battles is banned
|rule|Species Clause: Limit one of each Pokémon
|rule|OHKO Clause: OHKO moves are banned
|rule|Evasion Items Clause: Evasion items are banned
|rule|Evasion Moves Clause: Evasion moves are banned
|rule|Evasion Abilities Clause: Evasion abilities are banned
|rule|Sleep Moves Clause: Sleep-inducing moves are banned
|clearpoke
|poke|p1|Toucannon, F|
|poke|p1|Dragonite, F|
|poke|p1|Zamazenta-*|
|poke|p1|Iron Treads|
|poke|p1|Zapdos|
|poke|p1|Primarina, F|
|poke|p2|Weezing-Galar, F|
|poke|p2|Ting-Lu|
|poke|p2|Corviknight, F|
|poke|p2|Skeledirge, F|
|poke|p2|Dragapult, F|
|poke|p2|Ogerpon-Wellspring, F|
|teampreview
|inactive|Battle timer is ON: inactive players will automatically lose when time's up. (requested by WogerHater)
|inactive|mooch99 also wants the timer to be on.
|
|t:|1758934652
|teamsize|p1|6
|teamsize|p2|6
|start
|switch|p1a: Zapdos|Zapdos|100/100
|switch|p2a: GAS.|Weezing-Galar, F|100/100
|-ability|p2a: GAS.|Neutralizing Gas
|turn|1
|
|t:|1758934658
|-end|p2a: GAS.|ability: Neutralizing Gas
|switch|p2a: Ting-Lu|Ting-Lu, shiny|100/100
|-ability|p2a: Ting-Lu|Vessel of Ruin
|move|p1a: Zapdos|Hurricane|p2a: Ting-Lu
|-damage|p2a: Ting-Lu|64/100
|
|-heal|p2a: Ting-Lu|70/100|[from] item: Leftovers
|upkeep
|turn|2
|
|t:|1758934678
|switch|p1a: Toucannon|Toucannon, F|100/100
|move|p2a: Ting-Lu|Stealth Rock|p1a: Toucannon
|-sidestart|p1: mooch99|move: Stealth Rock
|
|-heal|p2a: Ting-Lu|76/100|[from] item: Leftovers
|upkeep
|turn|3
|
|t:|1758934685
|switch|p2a: GAS.|Weezing-Galar, F|100/100
|-ability|p2a: GAS.|Neutralizing Gas
|move|p1a: Toucannon|Knock Off|p2a: GAS.
|-resisted|p2a: GAS.
|-damage|p2a: GAS.|90/100
|-enditem|p2a: GAS.|Heavy-Duty Boots|[from] move: Knock Off|[of] p1a: Toucannon
|
|upkeep
|turn|4
|
|t:|1758934697
|switch|p1a: Zapdos|Zapdos|100/100
|-damage|p1a: Zapdos|76/100|[from] Stealth Rock
|move|p2a: GAS.|Will-O-Wisp|p1a: Zapdos
|-status|p1a: Zapdos|brn
|
|-damage|p1a: Zapdos|69/100 brn|[from] brn
|upkeep
|turn|5
|
|t:|1758934705
|-end|p2a: GAS.|ability: Neutralizing Gas
|switch|p2a: Ting-Lu|Ting-Lu, shiny|76/100
|-ability|p2a: Ting-Lu|Vessel of Ruin
|move|p1a: Zapdos|Hurricane|p2a: Ting-Lu|[miss]
|-miss|p1a: Zapdos|p2a: Ting-Lu
|
|-heal|p2a: Ting-Lu|82/100|[from] item: Leftovers
|-damage|p1a: Zapdos|63/100 brn|[from] brn
|upkeep
|turn|6
|
|t:|1758934728
|switch|p1a: Iron Treads|Iron Treads|100/100
|-damage|p1a: Iron Treads|98/100|[from] Stealth Rock
|-item|p1a: Iron Treads|Air Balloon
|move|p2a: Ting-Lu|Earthquake|p1a: Iron Treads
|-immune|p1a: Iron Treads
|
|-heal|p2a: Ting-Lu|89/100|[from] item: Leftovers
|upkeep
|turn|7
|
|t:|1758934742
|move|p1a: Iron Treads|Ice Spinner|p2a: Ting-Lu
|-supereffective|p2a: Ting-Lu
|-damage|p2a: Ting-Lu|62/100
|move|p2a: Ting-Lu|Heavy Slam|p1a: Iron Treads
|-resisted|p1a: Iron Treads
|-damage|p1a: Iron Treads|91/100
|-enditem|p1a: Iron Treads|Air Balloon
|
|-heal|p2a: Ting-Lu|69/100|[from] item: Leftovers
|upkeep
|turn|8
|
|t:|1758934753
|move|p1a: Iron Treads|Rapid Spin|p2a: Ting-Lu
|-damage|p2a: Ting-Lu|61/100
|-boost|p1a: Iron Treads|spe|1
|-sideend|p1: mooch99|Stealth Rock|[from] move: Rapid Spin|[of] p1a: Iron Treads
|move|p2a: Ting-Lu|Earthquake|p1a: Iron Treads
|-supereffective|p1a: Iron Treads
|-damage|p1a: Iron Treads|32/100
|
|-heal|p2a: Ting-Lu|67/100|[from] item: Leftovers
|upkeep
|turn|9
|
|t:|1758934757
|move|p1a: Iron Treads|Knock Off|p2a: Ting-Lu
|-resisted|p2a: Ting-Lu
|-damage|p2a: Ting-Lu|59/100
|-enditem|p2a: Ting-Lu|Leftovers|[from] move: Knock Off|[of] p1a: Iron Treads
|move|p2a: Ting-Lu|Stealth Rock|p1a: Iron Treads
|-sidestart|p1: mooch99|move: Stealth Rock
|
|upkeep
|turn|10
|
|t:|1758934761
|move|p1a: Iron Treads|Rapid Spin|p2a: Ting-Lu
|-damage|p2a: Ting-Lu|50/100
|-boost|p1a: Iron Treads|spe|1
|-sideend|p1: mooch99|Stealth Rock|[from] move: Rapid Spin|[of] p1a: Iron Treads
|move|p2a: Ting-Lu|Earthquake|p1a: Iron Treads
|-supereffective|p1a: Iron Treads
|-damage|p1a: Iron Treads|0 fnt
|faint|p1a: Iron Treads
|-end|p1a: Iron Treads|Quark Drive|[silent]
|
|upkeep
|
|t:|1758934771
|switch|p1a: Primarina|Primarina, F|100/100
|turn|11
|
|t:|1758934783
|switch|p2a: Ogerpon|Ogerpon-Wellspring, F|100/100
|move|p1a: Primarina|Psychic Noise|p2a: Ogerpon
|-immune|p2a: Ogerpon|[from] ability: Water Absorb
|
|upkeep
|turn|12
|
|t:|1758934810
|switch|p1a: Zapdos|Zapdos|63/100 brn
|move|p2a: Ogerpon|Synthesis|p2a: Ogerpon
|-fail|p2a: Ogerpon|heal
|
|-damage|p1a: Zapdos|57/100 brn|[from] brn
|upkeep
|turn|13
|inactive|mooch99 has 120 seconds left.
|
|t:|1758934832
|switch|p2a: Skeledirge|Skeledirge, F|100/100
|move|p1a: Zapdos|Hurricane|p2a: Skeledirge
|-damage|p2a: Skeledirge|43/100
|-start|p2a: Skeledirge|confusion
|
|-damage|p1a: Zapdos|51/100 brn|[from] brn
|upkeep
|turn|14
|inactive|mooch99 has 120 seconds left.
|
|t:|1758934839
|move|p1a: Zapdos|Hurricane|p2a: Skeledirge
|-damage|p2a: Skeledirge|0 fnt
|faint|p2a: Skeledirge
|
|-damage|p1a: Zapdos|44/100 brn|[from] brn
|upkeep
|
|t:|1758934841
|switch|p2a: Ting-Lu|Ting-Lu, shiny|50/100
|-ability|p2a: Ting-Lu|Vessel of Ruin
|turn|15
|
|t:|1758934851
|switch|p1a: Dragonite|Dragonite, F|100/100
|move|p2a: Ting-Lu|Stealth Rock|p1a: Dragonite
|-sidestart|p1: mooch99|move: Stealth Rock
|
|upkeep
|turn|16
|
|t:|1758934858
|switch|p2a: GAS.|Weezing-Galar, F|90/100
|-ability|p2a: GAS.|Neutralizing Gas
|move|p1a: Dragonite|Dragon Dance|p1a: Dragonite
|-boost|p1a: Dragonite|atk|1
|-boost|p1a: Dragonite|spe|1
|
|upkeep
|turn|17
|
|t:|1758934870
|-terastallize|p1a: Dragonite|Fire
|move|p1a: Dragonite|Dragon Dance|p1a: Dragonite
|-boost|p1a: Dragonite|atk|1
|-boost|p1a: Dragonite|spe|1
|move|p2a: GAS.|Will-O-Wisp|p1a: Dragonite
|-immune|p1a: Dragonite
|
|upkeep
|turn|18
|
|t:|1758934883
|-end|p2a: GAS.|ability: Neutralizing Gas
|switch|p2a: Ting-Lu|Ting-Lu, shiny|50/100
|-ability|p2a: Ting-Lu|Vessel of Ruin
|move|p1a: Dragonite|Dragon Dance|p1a: Dragonite
|-boost|p1a: Dragonite|atk|1
|-boost|p1a: Dragonite|spe|1
|
|upkeep
|turn|19
|inactive|mooch99 has 120 seconds left.
|
|t:|1758934915
|move|p1a: Dragonite|Scale Shot|p2a: Ting-Lu
|-damage|p2a: Ting-Lu|31/100
|-damage|p2a: Ting-Lu|12/100
|-damage|p2a: Ting-Lu|0 fnt
|faint|p2a: Ting-Lu
|-hitcount|p2: Ting-Lu|3
|-unboost|p1a: Dragonite|def|1
|-boost|p1a: Dragonite|spe|1
|
|upkeep
|
|t:|1758934917
|switch|p2a: GAS.|Weezing-Galar, F|90/100
|-ability|p2a: GAS.|Neutralizing Gas
|turn|20
|
|t:|1758934921
|move|p1a: Dragonite|Fire Punch|p2a: GAS.
|-damage|p2a: GAS.|22/100
|move|p2a: GAS.|Sludge Bomb|p1a: Dragonite
|-damage|p1a: Dragonite|72/100
|
|upkeep
|turn|21
|
|t:|1758934925
|move|p1a: Dragonite|Fire Punch|p2a: GAS.
|-damage|p2a: GAS.|0 fnt
|faint|p2a: GAS.
|-end|p2a: GAS.|ability: Neutralizing Gas
|
|upkeep
|
|t:|1758934930
|switch|p2a: Dragapult|Dragapult, F|100/100
|turn|22
|
|t:|1758934934
|move|p1a: Dragonite|Scale Shot|p2a: Dragapult
|-supereffective|p2a: Dragapult
|-damage|p2a: Dragapult|6/100
|-supereffective|p2a: Dragapult
|-damage|p2a: Dragapult|0 fnt
|faint|p2a: Dragapult
|-hitcount|p2: Dragapult|2
|-unboost|p1a: Dragonite|def|1
|-boost|p1a: Dragonite|spe|1
|
|upkeep
|-message|WogerHater forfeited.
|
|win|mooch99
|raw|mooch99's rating: 1661 &rarr; <strong>1690</strong><br />(+29 for winning)
|raw|WogerHater's rating: 1838 &rarr; <strong>1809</strong><br />(-29 for losing)
|j| Poltzor
|l|☆WogerHater
|player|p2|
|l|☆mooch99
|player|p1|
