|j|☆lpdfwfwfw
|j|☆zg4h11
|t:|1758950759
|gametype|singles
|player|p1|lpdfwfwfw|dawn-gen4pt|1365
|player|p2|zg4h11|170|1450
|gen|9
|tier|[Gen 9] OU
|rated|
|rule|HP Percentage Mod: HP is shown in percentages
|rule|Endless Battle Clause: Forcing endless battles is banned
|rule|Species Clause: Limit one of each Pokémon
|rule|OHKO Clause: OHKO moves are banned
|rule|Evasion Items Clause: Evasion items are banned
|rule|Evasion Moves Clause: Evasion moves are banned
|rule|Evasion Abilities Clause: Evasion abilities are banned
|rule|Sleep Moves Clause: Sleep-inducing moves are banned
|clearpoke
|poke|p1|Zapdos|
|poke|p1|Basculegion, M|
|poke|p1|Pelipper, M|
|poke|p1|Greninja-*, M|
|poke|p1|Sandy Shocks|
|poke|p1|Scizor, F|
|poke|p2|Hatterene, F|
|poke|p2|Darkrai|
|poke|p2|Ogerpon-Wellspring, F|
|poke|p2|Thundurus-Therian, M|
|poke|p2|Tyranitar, F|
|poke|p2|Corviknight, M|
|teampreview
|inactive|Battle timer is ON: inactive players will automatically lose when time's up. (requested by lpdfwfwfw)
|
|t:|1758950781
|teamsize|p1|6
|teamsize|p2|6
|start
|switch|p1a: Sandy Shocks|Sandy Shocks|100/100
|switch|p2a: Ogerpon|Ogerpon-Wellspring, F|100/100
|-enditem|p1a: Sandy Shocks|Booster Energy
|-activate|p1a: Sandy Shocks|ability: Protosynthesis|[fromitem]
|-start|p1a: Sandy Shocks|protosynthesisspe
|turn|1
|
|t:|1758950801
|switch|p2a: Tyranitar|Tyranitar, F|100/100
|-weather|Sandstorm|[from] ability: Sand Stream|[of] p2a: Tyranitar
|move|p1a: Sandy Shocks|Thunderbolt|p2a: Tyranitar
|-damage|p2a: Tyranitar|85/100
|
|-weather|Sandstorm|[upkeep]
|upkeep
|turn|2
|
|t:|1758950814
|move|p1a: Sandy Shocks|Stealth Rock|p2a: Tyranitar
|-sidestart|p2: zg4h11|move: Stealth Rock
|move|p2a: Tyranitar|Ice Beam|p1a: Sandy Shocks
|-supereffective|p1a: Sandy Shocks
|-damage|p1a: Sandy Shocks|55/100
|
|-weather|Sandstorm|[upkeep]
|upkeep
|turn|3
|
|t:|1758950825
|move|p1a: Sandy Shocks|Earth Power|p2a: Tyranitar
|-supereffective|p2a: Tyranitar
|-damage|p2a: Tyranitar|50/100
|move|p2a: Tyranitar|Knock Off|p1a: Sandy Shocks
|-damage|p1a: Sandy Shocks|14/100
|
|-weather|Sandstorm|[upkeep]
|upkeep
|turn|4
|
|t:|1758950841
|move|p1a: Sandy Shocks|Earth Power|p2a: Tyranitar
|-supereffective|p2a: Tyranitar
|-damage|p2a: Tyranitar|16/100
|move|p2a: Tyranitar|Knock Off|p1a: Sandy Shocks
|-damage|p1a: Sandy Shocks|0 fnt
|faint|p1a: Sandy Shocks
|-end|p1a: Sandy Shocks|Protosynthesis|[silent]
|
|-weather|Sandstorm|[upkeep]
|upkeep
|
|t:|1758950850
|switch|p1a: Greninja|Greninja, M|100/100
|turn|5
|
|t:|1758950857
|switch|p2a: Ogerpon|Ogerpon-Wellspring, F|100/100
|-damage|p2a: Ogerpon|88/100|[from] Stealth Rock
|move|p1a: Greninja|Surf|p2a: Ogerpon
|-heal|p2a: Ogerpon|100/100|[from] ability: Water Absorb|[of] p1a: Greninja
|
|-weather|none
|upkeep
|turn|6
|
|t:|1758950871
|-terastallize|p1a: Greninja|Dragon
|move|p2a: Ogerpon|Ivy Cudgel|p1a: Greninja|[anim] Ivy Cudgel Water
|-resisted|p1a: Greninja
|-crit|p1a: Greninja
|-damage|p1a: Greninja|30/100
|move|p1a: Greninja|Ice Beam|p2a: Ogerpon
|-damage|p2a: Ogerpon|57/100
|-damage|p1a: Greninja|20/100|[from] item: Life Orb
|
|upkeep
|turn|7
|
|t:|1758950883
|move|p2a: Ogerpon|Ivy Cudgel|p1a: Greninja|[anim] Ivy Cudgel Water
|-resisted|p1a: Greninja
|-damage|p1a: Greninja|0 fnt
|faint|p1a: Greninja
|
|upkeep
|
|t:|1758950889
|switch|p1a: Zapdos|Zapdos|100/100
|turn|8
|
|t:|1758950897
|switch|p2a: Thundurus|Thundurus-Therian, M|100/100
|-damage|p2a: Thundurus|75/100|[from] Stealth Rock
|move|p1a: Zapdos|Thunder|p2a: Thundurus
|-heal|p2a: Thundurus|100/100|[from] ability: Volt Absorb|[of] p1a: Zapdos
|
|upkeep
|turn|9
|-message|lpdfwfwfw forfeited.
|
|win|zg4h11
|raw|lpdfwfwfw's rating: 1365 &rarr; <strong>1350</strong><br />(-15 for losing)
|raw|zg4h11's rating: 1450 &rarr; <strong>1465</strong><br />(+15 for winning)
|l|☆lpdfwfwfw
|player|p1|
