|j|☆LocalMetagross
|j|☆melonscarada
|t:|1758944585
|gametype|singles
|player|p1|LocalMetagross|akari|1165
|player|p2|melonscarada|steven|1200
|gen|9
|tier|[Gen 9] OU
|rated|
|rule|HP Percentage Mod: HP is shown in percentages
|rule|Endless Battle Clause: Forcing endless battles is banned
|rule|Species Clause: Limit one of each Pokémon
|rule|OHKO Clause: OHKO moves are banned
|rule|Evasion Items Clause: Evasion items are banned
|rule|Evasion Moves Clause: Evasion moves are banned
|rule|Evasion Abilities Clause: Evasion abilities are banned
|rule|Sleep Moves Clause: Sleep-inducing moves are banned
|clearpoke
|poke|p1|Kyurem|
|poke|p1|Slowking-Galar, F|
|poke|p1|Great Tusk|
|poke|p1|Kingambit, F|
|poke|p1|Rillaboom, M|
|poke|p1|Tornadus-Therian, M|
|poke|p2|Garganacl, F|
|poke|p2|Gholdengo|
|poke|p2|Great Tusk|
|poke|p2|Ogerpon-Wellspring, F|
|poke|p2|Weezing-Galar, F|
|poke|p2|Dragonite, M|
|teampreview
|inactive|Battle timer is ON: inactive players will automatically lose when time's up. (requested by LocalMetagross)
|
|t:|1758944609
|teamsize|p1|6
|teamsize|p2|6
|start
|switch|p1a: Kyurem|Kyurem|100/100
|switch|p2a: Weezing|Weezing-Galar, F|100/100
|-ability|p2a: Weezing|Neutralizing Gas
|turn|1
|
|t:|1758944619
|move|p1a: Kyurem|Blizzard|p2a: Weezing
|-damage|p2a: Weezing|0 fnt
|faint|p2a: Weezing
|-end|p2a: Weezing|ability: Neutralizing Gas
|-ability|p1a: Kyurem|Pressure
|
|upkeep
|
|t:|1758944639
|switch|p2a: Garganacl|Garganacl, F|100/100
|turn|2
|
|t:|1758944660
|move|p1a: Kyurem|Blizzard|p2a: Garganacl
|-damage|p2a: Garganacl|7/100
|-enditem|p2a: Garganacl|Red Card|[of] p1a: Kyurem
|drag|p1a: Great Tusk|Great Tusk|100/100
|move|p2a: Garganacl|Salt Cure|p1a: Great Tusk
|-resisted|p1a: Great Tusk
|-damage|p1a: Great Tusk|98/100
|-start|p1a: Great Tusk|Salt Cure
|
|-heal|p1a: Great Tusk|100/100|[from] item: Leftovers
|-damage|p1a: Great Tusk|88/100|[from] Salt Cure
|upkeep
|turn|3
|
|t:|1758944671
|move|p2a: Garganacl|Protect|p2a: Garganacl
|-singleturn|p2a: Garganacl|Protect
|move|p1a: Great Tusk|Knock Off|p2a: Garganacl
|-activate|p2a: Garganacl|move: Protect
|
|-heal|p1a: Great Tusk|94/100|[from] item: Leftovers
|-damage|p1a: Great Tusk|82/100|[from] Salt Cure
|upkeep
|turn|4
|
|t:|1758944679
|move|p1a: Great Tusk|Knock Off|p2a: Garganacl
|-damage|p2a: Garganacl|0 fnt
|faint|p2a: Garganacl
|
|-heal|p1a: Great Tusk|88/100|[from] item: Leftovers
|-damage|p1a: Great Tusk|76/100|[from] Salt Cure
|upkeep
|
|t:|1758944685
|switch|p2a: Ogerpon|Ogerpon-Wellspring, F|100/100
|turn|5
|
|t:|1758944689
|-end|p1a: Great Tusk|Protosynthesis|[silent]
|switch|p1a: Rillaboom|Rillaboom, M|100/100
|-fieldstart|move: Grassy Terrain|[from] ability: Grassy Surge|[of] p1a: Rillaboom
|move|p2a: Ogerpon|Horn Leech|p1a: Rillaboom
|-resisted|p1a: Rillaboom
|-damage|p1a: Rillaboom|73/100
|
|-heal|p1a: Rillaboom|79/100|[from] Grassy Terrain
|upkeep
|turn|6
|
|t:|1758944698
|move|p2a: Ogerpon|Spiky Shield|p2a: Ogerpon
|-singleturn|p2a: Ogerpon|move: Protect
|move|p1a: Rillaboom|U-turn|p2a: Ogerpon
|-activate|p2a: Ogerpon|move: Protect
|-damage|p1a: Rillaboom|67/100|[from] Spiky Shield|[of] p2a: Ogerpon
|
|-heal|p1a: Rillaboom|73/100|[from] Grassy Terrain
|upkeep
|turn|7
|
|t:|1758944727
|-terastallize|p2a: Ogerpon|Water
|detailschange|p2a: Ogerpon|Ogerpon-Wellspring-Tera, F, tera:Water
|-ability|p2a: Ogerpon|Embody Aspect (Wellspring)|boost
|-boost|p2a: Ogerpon|spd|1
|move|p2a: Ogerpon|Swords Dance|p2a: Ogerpon
|-boost|p2a: Ogerpon|atk|2
|move|p1a: Rillaboom|U-turn|p2a: Ogerpon
|-damage|p2a: Ogerpon|59/100
|
|t:|1758944735
|switch|p1a: Tornadus|Tornadus-Therian, M|100/100|[from] U-turn
|
|-heal|p2a: Ogerpon|65/100|[from] Grassy Terrain
|upkeep
|turn|8
|
|t:|1758944740
|move|p1a: Tornadus|Hurricane|p2a: Ogerpon
|-damage|p2a: Ogerpon|40/100
|move|p2a: Ogerpon|Leech Seed|p1a: Tornadus
|-start|p1a: Tornadus|move: Leech Seed
|
|-heal|p2a: Ogerpon|46/100|[from] Grassy Terrain
|-damage|p1a: Tornadus|88/100|[from] Leech Seed|[of] p2a: Ogerpon
|-heal|p2a: Ogerpon|59/100|[silent]
|upkeep
|turn|9
|
|t:|1758944754
|move|p1a: Tornadus|U-turn|p2a: Ogerpon
|-damage|p2a: Ogerpon|43/100
|
|t:|1758944757
|switch|p1a: Kyurem|Kyurem|100/100|[from] U-turn
|-ability|p1a: Kyurem|Pressure
|move|p2a: Ogerpon|Swords Dance|p2a: Ogerpon
|-boost|p2a: Ogerpon|atk|2
|
|-heal|p2a: Ogerpon|49/100|[from] Grassy Terrain
|-fieldend|move: Grassy Terrain
|upkeep
|turn|10
|
|t:|1758944768
|move|p2a: Ogerpon|Horn Leech|p1a: Kyurem
|-resisted|p1a: Kyurem
|-damage|p1a: Kyurem|50/100
|-heal|p2a: Ogerpon|77/100|[from] drain|[of] p1a: Kyurem
|move|p1a: Kyurem|Freeze-Dry|p2a: Ogerpon
|-supereffective|p2a: Ogerpon
|-damage|p2a: Ogerpon|4/100
|
|upkeep
|turn|11
|
|t:|1758944776
|move|p2a: Ogerpon|Horn Leech|p1a: Kyurem
|-resisted|p1a: Kyurem
|-damage|p1a: Kyurem|0 fnt
|-heal|p2a: Ogerpon|30/100|[from] drain|[of] p1a: Kyurem
|faint|p1a: Kyurem
|
|upkeep
|
|t:|1758944782
|switch|p1a: Tornadus|Tornadus-Therian, M|100/100
|turn|12
|
|t:|1758944786
|move|p2a: Ogerpon|Spiky Shield|p2a: Ogerpon
|-singleturn|p2a: Ogerpon|move: Protect
|move|p1a: Tornadus|Hurricane|p2a: Ogerpon
|-activate|p2a: Ogerpon|move: Protect
|
|upkeep
|turn|13
|
|t:|1758944810
|move|p1a: Tornadus|Hurricane|p2a: Ogerpon
|-damage|p2a: Ogerpon|5/100
|move|p2a: Ogerpon|Horn Leech|p1a: Tornadus
|-resisted|p1a: Tornadus
|-damage|p1a: Tornadus|42/100
|-heal|p2a: Ogerpon|33/100|[from] drain|[of] p1a: Tornadus
|
|upkeep
|turn|14
|
|t:|1758944818
|move|p1a: Tornadus|Hurricane|p2a: Ogerpon|[miss]
|-miss|p1a: Tornadus|p2a: Ogerpon
|move|p2a: Ogerpon|Horn Leech|p1a: Tornadus
|-resisted|p1a: Tornadus
|-damage|p1a: Tornadus|0 fnt
|-heal|p2a: Ogerpon|54/100|[from] drain|[of] p1a: Tornadus
|faint|p1a: Tornadus
|
|upkeep
|
|t:|1758944820
|switch|p1a: Rillaboom|Rillaboom, M|73/100
|-fieldstart|move: Grassy Terrain|[from] ability: Grassy Surge|[of] p1a: Rillaboom
|turn|15
|
|t:|1758944831
|switch|p2a: Dragonite|Dragonite, M|100/100
|move|p1a: Rillaboom|Grassy Glide|p2a: Dragonite
|-resisted|p2a: Dragonite
|-damage|p2a: Dragonite|89/100
|
|-heal|p1a: Rillaboom|79/100|[from] Grassy Terrain
|upkeep
|turn|16
|inactive|LocalMetagross has 120 seconds left.
|
|t:|1758944866
|switch|p1a: Kingambit|Kingambit, F|100/100
|-activate|p1a: Kingambit|ability: Supreme Overlord
|-start|p1a: Kingambit|fallen2|[silent]
|move|p2a: Dragonite|Thunder Wave|p1a: Kingambit
|-status|p1a: Kingambit|par
|
|upkeep
|turn|17
|
|t:|1758944880
|move|p1a: Kingambit|Kowtow Cleave|p2a: Dragonite
|-damage|p2a: Dragonite|37/100
|move|p2a: Dragonite|Dragon Tail|p1a: Kingambit
|-resisted|p1a: Kingambit
|-damage|p1a: Kingambit|87/100 par
|-end|p1a: Kingambit|fallen2|[silent]
|drag|p1a: Great Tusk|Great Tusk|76/100
|
|-heal|p1a: Great Tusk|82/100|[from] Grassy Terrain
|-heal|p1a: Great Tusk|88/100|[from] item: Leftovers
|upkeep
|turn|18
|
|t:|1758944891
|move|p2a: Dragonite|Extreme Speed|p1a: Great Tusk
|-damage|p1a: Great Tusk|69/100
|move|p1a: Great Tusk|Rapid Spin|p2a: Dragonite
|-damage|p2a: Dragonite|24/100
|-boost|p1a: Great Tusk|spe|1
|
|-heal|p1a: Great Tusk|75/100|[from] Grassy Terrain
|-heal|p1a: Great Tusk|82/100|[from] item: Leftovers
|upkeep
|turn|19
|
|t:|1758944905
|move|p2a: Dragonite|Extreme Speed|p1a: Great Tusk
|-damage|p1a: Great Tusk|66/100
|move|p1a: Great Tusk|Knock Off|p2a: Dragonite
|-damage|p2a: Dragonite|0 fnt
|-enditem|p2a: Dragonite|Heavy-Duty Boots|[from] move: Knock Off|[of] p1a: Great Tusk
|faint|p2a: Dragonite
|
|-heal|p1a: Great Tusk|72/100|[from] Grassy Terrain
|-heal|p1a: Great Tusk|78/100|[from] item: Leftovers
|-fieldend|move: Grassy Terrain
|upkeep
|
|t:|1758944926
|switch|p2a: Ogerpon|Ogerpon-Wellspring-Tera, F, tera:Water|54/100
|-ability|p2a: Ogerpon|Embody Aspect (Wellspring)|boost
|-boost|p2a: Ogerpon|spd|1
|turn|20
|
|t:|1758944939
|-end|p1a: Great Tusk|Protosynthesis|[silent]
|switch|p1a: Slowking|Slowking-Galar, F|100/100
|move|p2a: Ogerpon|Horn Leech|p1a: Slowking
|-resisted|p1a: Slowking
|-damage|p1a: Slowking|82/100
|-heal|p2a: Ogerpon|65/100|[from] drain|[of] p1a: Slowking
|
|upkeep
|turn|21
|
|t:|1758944946
|move|p2a: Ogerpon|Leech Seed|p1a: Slowking
|-start|p1a: Slowking|move: Leech Seed
|move|p1a: Slowking|Future Sight|p2a: Ogerpon
|-start|p1a: Slowking|move: Future Sight
|
|-damage|p1a: Slowking|70/100|[from] Leech Seed|[of] p2a: Ogerpon
|-heal|p2a: Ogerpon|78/100|[silent]
|upkeep
|turn|22
|
|t:|1758944951
|switch|p1a: Rillaboom|Rillaboom, M|79/100
|-fieldstart|move: Grassy Terrain|[from] ability: Grassy Surge|[of] p1a: Rillaboom
|move|p2a: Ogerpon|Swords Dance|p2a: Ogerpon
|-boost|p2a: Ogerpon|atk|2
|
|-heal|p2a: Ogerpon|84/100|[from] Grassy Terrain
|-heal|p1a: Rillaboom|85/100|[from] Grassy Terrain
|upkeep
|turn|23
|
|t:|1758944962
|move|p2a: Ogerpon|Spiky Shield|p2a: Ogerpon
|-singleturn|p2a: Ogerpon|move: Protect
|move|p1a: Rillaboom|Grassy Glide|p2a: Ogerpon
|-activate|p2a: Ogerpon|move: Protect
|-damage|p1a: Rillaboom|73/100|[from] Spiky Shield|[of] p2a: Ogerpon
|
|-end|p2a: Ogerpon|move: Future Sight
|-damage|p2a: Ogerpon|56/100
|-heal|p2a: Ogerpon|62/100|[from] Grassy Terrain
|-heal|p1a: Rillaboom|79/100|[from] Grassy Terrain
|upkeep
|turn|24
|
|t:|1758944983
|switch|p2a: Gholdengo|Gholdengo|100/100
|-item|p2a: Gholdengo|Air Balloon
|move|p1a: Rillaboom|Grassy Glide|p2a: Gholdengo
|-resisted|p2a: Gholdengo
|-damage|p2a: Gholdengo|69/100
|-enditem|p2a: Gholdengo|Air Balloon
|
|-heal|p1a: Rillaboom|85/100|[from] Grassy Terrain
|-heal|p2a: Gholdengo|75/100|[from] Grassy Terrain
|upkeep
|turn|25
|
|t:|1758944994
|switch|p1a: Kingambit|Kingambit, F|87/100 par
|-activate|p1a: Kingambit|ability: Supreme Overlord
|-start|p1a: Kingambit|fallen2|[silent]
|move|p2a: Gholdengo|Thunder Wave|p1a: Kingambit
|-fail|p1a: Kingambit|par
|
|-heal|p2a: Gholdengo|81/100|[from] Grassy Terrain
|-heal|p1a: Kingambit|94/100 par|[from] Grassy Terrain
|-heal|p1a: Kingambit|99/100 par|[from] item: Leftovers
|upkeep
|turn|26
|inactive|melonscarada has 120 seconds left.
|
|t:|1758945028
|switch|p2a: Ogerpon|Ogerpon-Wellspring-Tera, F, tera:Water|62/100
|-ability|p2a: Ogerpon|Embody Aspect (Wellspring)|boost
|-boost|p2a: Ogerpon|spd|1
|cant|p1a: Kingambit|par
|
|-heal|p2a: Ogerpon|68/100|[from] Grassy Terrain
|-heal|p1a: Kingambit|100/100 par|[from] Grassy Terrain
|-fieldend|move: Grassy Terrain
|upkeep
|turn|27
|inactive|melonscarada has 120 seconds left.
|
|t:|1758945038
|move|p2a: Ogerpon|Horn Leech|p1a: Kingambit
|-resisted|p1a: Kingambit
|-damage|p1a: Kingambit|88/100 par
|-heal|p2a: Ogerpon|75/100|[from] drain|[of] p1a: Kingambit
|move|p1a: Kingambit|Kowtow Cleave|p2a: Ogerpon
|-damage|p2a: Ogerpon|10/100
|
|-heal|p1a: Kingambit|95/100 par|[from] item: Leftovers
|upkeep
|turn|28
|inactive|melonscarada has 120 seconds left.
|
|t:|1758945052
|move|p2a: Ogerpon|Leech Seed|p1a: Kingambit
|-start|p1a: Kingambit|move: Leech Seed
|move|p1a: Kingambit|Swords Dance|p1a: Kingambit
|-boost|p1a: Kingambit|atk|2
|
|-heal|p1a: Kingambit|100/100 par|[from] item: Leftovers
|-damage|p1a: Kingambit|88/100 par|[from] Leech Seed|[of] p2a: Ogerpon
|-heal|p2a: Ogerpon|24/100|[silent]
|upkeep
|turn|29
|inactive|melonscarada has 120 seconds left.
|
|t:|1758945064
|move|p2a: Ogerpon|Spiky Shield|p2a: Ogerpon
|-singleturn|p2a: Ogerpon|move: Protect
|move|p1a: Kingambit|Iron Head|p2a: Ogerpon
|-activate|p2a: Ogerpon|move: Protect
|-damage|p1a: Kingambit|76/100 par|[from] Spiky Shield|[of] p2a: Ogerpon
|
|-heal|p1a: Kingambit|82/100 par|[from] item: Leftovers
|-damage|p1a: Kingambit|69/100 par|[from] Leech Seed|[of] p2a: Ogerpon
|-heal|p2a: Ogerpon|37/100|[silent]
|upkeep
|turn|30
|
|t:|1758945073
|move|p2a: Ogerpon|Swords Dance|p2a: Ogerpon
|-boost|p2a: Ogerpon|atk|2
|move|p1a: Kingambit|Iron Head|p2a: Ogerpon
|-resisted|p2a: Ogerpon
|-damage|p2a: Ogerpon|0 fnt
|faint|p2a: Ogerpon
|detailschange|p2: Ogerpon|Ogerpon-Wellspring, F|[silent]
|
|-heal|p1a: Kingambit|76/100 par|[from] item: Leftovers
|upkeep
|
|t:|1758945080
|switch|p2a: Great Tusk|Great Tusk|100/100
|-enditem|p2a: Great Tusk|Booster Energy
|-activate|p2a: Great Tusk|ability: Protosynthesis|[fromitem]
|-start|p2a: Great Tusk|protosynthesisspe
|turn|31
|
|t:|1758945094
|-end|p1a: Kingambit|fallen2|[silent]
|switch|p1a: Great Tusk|Great Tusk|78/100
|move|p2a: Great Tusk|Bulk Up|p2a: Great Tusk
|-boost|p2a: Great Tusk|atk|1
|-boost|p2a: Great Tusk|def|1
|
|-heal|p1a: Great Tusk|84/100|[from] item: Leftovers
|upkeep
|turn|32
|
|t:|1758945117
|move|p2a: Great Tusk|Ice Spinner|p1a: Great Tusk
|-supereffective|p1a: Great Tusk
|-damage|p1a: Great Tusk|43/100
|move|p1a: Great Tusk|Rapid Spin|p2a: Great Tusk
|-damage|p2a: Great Tusk|95/100
|-boost|p1a: Great Tusk|spe|1
|
|-heal|p1a: Great Tusk|50/100|[from] item: Leftovers
|upkeep
|turn|33
|inactive|melonscarada has 120 seconds left.
|
|t:|1758945135
|move|p2a: Great Tusk|Headlong Rush|p1a: Great Tusk
|-damage|p1a: Great Tusk|8/100
|-unboost|p2a: Great Tusk|def|1
|-unboost|p2a: Great Tusk|spd|1
|move|p1a: Great Tusk|Earthquake|p2a: Great Tusk
|-damage|p2a: Great Tusk|65/100
|
|-heal|p1a: Great Tusk|14/100|[from] item: Leftovers
|upkeep
|turn|34
|inactive|melonscarada has 120 seconds left.
|
|t:|1758945146
|move|p2a: Great Tusk|Ice Spinner|p1a: Great Tusk
|-supereffective|p1a: Great Tusk
|-damage|p1a: Great Tusk|0 fnt
|faint|p1a: Great Tusk
|-end|p1a: Great Tusk|Protosynthesis|[silent]
|
|upkeep
|
|t:|1758945148
|switch|p1a: Rillaboom|Rillaboom, M|85/100
|-fieldstart|move: Grassy Terrain|[from] ability: Grassy Surge|[of] p1a: Rillaboom
|turn|35
|
|t:|1758945153
|-terastallize|p1a: Rillaboom|Grass
|move|p1a: Rillaboom|Grassy Glide|p2a: Great Tusk
|-supereffective|p2a: Great Tusk
|-damage|p2a: Great Tusk|0 fnt
|faint|p2a: Great Tusk
|-end|p2a: Great Tusk|Protosynthesis|[silent]
|
|-heal|p1a: Rillaboom|91/100|[from] Grassy Terrain
|upkeep
|
|t:|1758945161
|switch|p2a: Gholdengo|Gholdengo|81/100
|turn|36
|
|t:|1758945172
|move|p1a: Rillaboom|Grassy Glide|p2a: Gholdengo
|-resisted|p2a: Gholdengo
|-damage|p2a: Gholdengo|42/100
|move|p2a: Gholdengo|Thunder Wave|p1a: Rillaboom
|-status|p1a: Rillaboom|par
|
|-heal|p2a: Gholdengo|48/100|[from] Grassy Terrain
|-heal|p1a: Rillaboom|98/100 par|[from] Grassy Terrain
|upkeep
|turn|37
|
|t:|1758945180
|switch|p1a: Slowking|Slowking-Galar, F|100/100
|move|p2a: Gholdengo|Nasty Plot|p2a: Gholdengo
|-boost|p2a: Gholdengo|spa|2
|
|-heal|p2a: Gholdengo|54/100|[from] Grassy Terrain
|upkeep
|turn|38
|
|t:|1758945187
|move|p2a: Gholdengo|Shadow Ball|p1a: Slowking
|-supereffective|p1a: Slowking
|-damage|p1a: Slowking|0 fnt
|faint|p1a: Slowking
|
|-heal|p2a: Gholdengo|60/100|[from] Grassy Terrain
|upkeep
|
|t:|1758945190
|switch|p1a: Rillaboom|Rillaboom, M, tera:Grass|98/100 par
|turn|39
|inactive|melonscarada has 120 seconds left.
|
|t:|1758945225
|move|p2a: Gholdengo|Make It Rain|p1a: Rillaboom
|-damage|p1a: Rillaboom|0 fnt
|-unboost|p2a: Gholdengo|spa|1
|faint|p1a: Rillaboom
|
|-heal|p2a: Gholdengo|66/100|[from] Grassy Terrain
|-fieldend|move: Grassy Terrain
|upkeep
|
|t:|1758945237
|switch|p1a: Kingambit|Kingambit, F|76/100 par
|-activate|p1a: Kingambit|ability: Supreme Overlord
|-start|p1a: Kingambit|fallen5|[silent]
|turn|40
|
|t:|1758945246
|move|p2a: Gholdengo|Make It Rain|p1a: Kingambit
|-resisted|p1a: Kingambit
|-damage|p1a: Kingambit|34/100 par
|-unboost|p2a: Gholdengo|spa|1
|move|p1a: Kingambit|Kowtow Cleave|p2a: Gholdengo
|-supereffective|p2a: Gholdengo
|-damage|p2a: Gholdengo|0 fnt
|faint|p2a: Gholdengo
|
|win|LocalMetagross
|raw|LocalMetagross's rating: 1165 &rarr; <strong>1193</strong><br />(+28 for winning)
|raw|melonscarada's rating: 1200 &rarr; <strong>1172</strong><br />(-28 for losing)
