|badge|p1|bronze|gen9ou|100-6
|html|<div class="broadcast-red"><strong>This battle is required to be public due to one or more player having a season medal.</strong><br />During the public phase, you can discuss the state of the ladder <a href="/seasondiscussion">in a special chatroom.</a></div>
|uhtml|medal-msg|<div class="broadcast-blue">Curious what those medals under the avatar are? PS now has Ladder Seasons! For more information, check out the <a href="https://www.smogon.com/forums/threads/3740067/">thread on Smogon.</a></div>
|badge|p2|bronze|gen9ou|100-6
|uhtml|medal-msg|<div class="broadcast-blue">Curious what those medals under the avatar are? PS now has Ladder Seasons! For more information, check out the <a href="https://www.smogon.com/forums/threads/3740067/">thread on Smogon.</a></div>
|raw|<div class="broadcast-blue"><strong>This battle is required to be public due to a player having a name starting with 'medal'.</div>
|j|☆Ladder historian
|j|‽JackRG1
|t:|1759014561
|gametype|singles
|player|p1|Ladder historian|lucas-gen4pt|1838
|player|p2|JackRG1|dawn-gen4pt|1947
|gen|9
|tier|[Gen 9] OU
|rated|
|rule|HP Percentage Mod: HP is shown in percentages
|rule|Endless Battle Clause: Forcing endless battles is banned
|rule|Species Clause: Limit one of each Pokémon
|rule|OHKO Clause: OHKO moves are banned
|rule|Evasion Items Clause: Evasion items are banned
|rule|Evasion Moves Clause: Evasion moves are banned
|rule|Evasion Abilities Clause: Evasion abilities are banned
|rule|Sleep Moves Clause: Sleep-inducing moves are banned
|clearpoke
|poke|p1|Ogerpon-Wellspring, F|
|poke|p1|Kyurem|
|poke|p1|Weezing-Galar, F|
|poke|p1|Landorus-Therian, M|
|poke|p1|Kingambit, M|
|poke|p1|Enamorus, F|
|poke|p2|Weezing-Galar, F|
|poke|p2|Ting-Lu|
|poke|p2|Corviknight, F|
|poke|p2|Skeledirge, F|
|poke|p2|Dragapult, F|
|poke|p2|Ogerpon-Wellspring, F|
|teampreview
|inactive|Battle timer is ON: inactive players will automatically lose when time's up. (requested by JackRG1)
|
|t:|1759014580
|teamsize|p1|6
|teamsize|p2|6
|start
|switch|p1a: Landorus|Landorus-Therian, M|100/100
|switch|p2a: Dragapult|Dragapult, F|100/100
|-ability|p1a: Landorus|Intimidate|boost
|-fail|p2a: Dragapult|unboost|[from] ability: Clear Body|[of] p2a: Dragapult
|turn|1
|j| amefurikoneko
|
|t:|1759014585
|move|p2a: Dragapult|Shadow Ball|p1a: Landorus
|-damage|p1a: Landorus|45/100
|move|p1a: Landorus|Earthquake|p2a: Dragapult
|-damage|p2a: Dragapult|34/100
|
|upkeep
|turn|2
|
|t:|1759014589
|switch|p1a: Kingambit|Kingambit, M|100/100
|move|p2a: Dragapult|Shadow Ball|p1a: Kingambit
|-resisted|p1a: Kingambit
|-damage|p1a: Kingambit|69/100
|
|upkeep
|turn|3
|
|t:|1759014597
|switch|p2a: Ting-Lu|Ting-Lu, shiny|100/100
|-ability|p2a: Ting-Lu|Vessel of Ruin
|move|p1a: Kingambit|Sucker Punch||[still]
|-fail|p1a: Kingambit
|
|upkeep
|turn|4
|
|t:|1759014602
|move|p1a: Kingambit|Low Kick|p2a: Ting-Lu
|-supereffective|p2a: Ting-Lu
|-damage|p2a: Ting-Lu|36/100
|move|p2a: Ting-Lu|Stealth Rock|p1a: Kingambit
|-sidestart|p1: Ladder historian|move: Stealth Rock
|
|-heal|p2a: Ting-Lu|42/100|[from] item: Leftovers
|upkeep
|turn|5
|
|t:|1759014606
|-end|p1a: Kingambit|fallenundefined|[silent]
|switch|p1a: Landorus|Landorus-Therian, M|45/100
|-damage|p1a: Landorus|32/100|[from] Stealth Rock
|-ability|p1a: Landorus|Intimidate|boost
|-unboost|p2a: Ting-Lu|atk|1
|switch|p2a: Corviknight|Corviknight, F|100/100
|-ability|p2a: Corviknight|Pressure
|
|upkeep
|turn|6
|
|t:|1759014608
|switch|p2a: Ogerpon|Ogerpon-Wellspring, F|100/100
|move|p1a: Landorus|Stealth Rock|p2a: Ogerpon
|-sidestart|p2: JackRG1|move: Stealth Rock
|
|upkeep
|turn|7
|
|t:|1759014613
|move|p2a: Ogerpon|Knock Off|p1a: Landorus
|-damage|p1a: Landorus|1/100
|-damage|p2a: Ogerpon|84/100|[from] item: Rocky Helmet|[of] p1a: Landorus
|-enditem|p1a: Landorus|Rocky Helmet|[from] move: Knock Off|[of] p2a: Ogerpon
|move|p1a: Landorus|U-turn|p2a: Ogerpon
|-supereffective|p2a: Ogerpon
|-damage|p2a: Ogerpon|39/100
|
|t:|1759014619
|switch|p1a: Enamorus|Enamorus, F|100/100|[from] U-turn
|-damage|p1a: Enamorus|76/100|[from] Stealth Rock
|
|upkeep
|turn|8
|
|t:|1759014627
|switch|p2a: Skeledirge|Skeledirge, F|100/100
|move|p1a: Enamorus|Moonblast|p2a: Skeledirge
|-resisted|p2a: Skeledirge
|-damage|p2a: Skeledirge|80/100
|-unboost|p2a: Skeledirge|spa|1
|
|upkeep
|turn|9
|
|t:|1759014632
|switch|p1a: Landorus|Landorus-Therian, M|1/100
|-damage|p1a: Landorus|0 fnt|[from] Stealth Rock
|faint|p1a: Landorus
|move|p2a: Skeledirge|Will-O-Wisp|p1: Landorus|[notarget]
|-fail|p2a: Skeledirge
|
|upkeep
|
|t:|1759014637
|switch|p1a: Ogerpon|Ogerpon-Wellspring, F|100/100
|-damage|p1a: Ogerpon|88/100|[from] Stealth Rock
|turn|10
|
|t:|1759014643
|switch|p2a: Ogerpon|Ogerpon-Wellspring, F|39/100
|-damage|p2a: Ogerpon|27/100|[from] Stealth Rock
|move|p1a: Ogerpon|Swords Dance|p1a: Ogerpon
|-boost|p1a: Ogerpon|atk|2
|
|upkeep
|turn|11
|
|t:|1759014646
|move|p2a: Ogerpon|Knock Off|p1a: Ogerpon
|-damage|p1a: Ogerpon|57/100
|move|p1a: Ogerpon|Horn Leech|p2a: Ogerpon
|-damage|p2a: Ogerpon|0 fnt
|-heal|p1a: Ogerpon|73/100|[from] drain|[of] p2a: Ogerpon
|faint|p2a: Ogerpon
|
|upkeep
|
|t:|1759014649
|switch|p2a: Dragapult|Dragapult, F|34/100
|-damage|p2a: Dragapult|22/100|[from] Stealth Rock
|turn|12
|
|t:|1759014658
|-terastallize|p1a: Ogerpon|Water
|detailschange|p1a: Ogerpon|Ogerpon-Wellspring-Tera, F, tera:Water
|-ability|p1a: Ogerpon|Embody Aspect (Wellspring)|boost
|-boost|p1a: Ogerpon|spd|1
|move|p2a: Dragapult|Draco Meteor|p1a: Ogerpon
|-damage|p1a: Ogerpon|5/100
|-unboost|p2a: Dragapult|spa|2
|move|p1a: Ogerpon|Ivy Cudgel|p2a: Dragapult|[anim] Ivy Cudgel Water
|-resisted|p2a: Dragapult
|-damage|p2a: Dragapult|0 fnt
|faint|p2a: Dragapult
|
|upkeep
|
|t:|1759014661
|switch|p2a: Weezing|Weezing-Galar, F|100/100
|-ability|p2a: Weezing|Neutralizing Gas
|turn|13
|
|t:|1759014673
|switch|p1a: Weezing|Weezing-Galar, F|100/100
|-ability|p1a: Weezing|Neutralizing Gas
|-terastallize|p2a: Weezing|Grass
|move|p2a: Weezing|Sludge Bomb|p1a: Weezing
|-damage|p1a: Weezing|66/100
|
|upkeep
|turn|14
|
|t:|1759014679
|move|p2a: Weezing|Sludge Bomb|p1a: Weezing
|-damage|p1a: Weezing|30/100
|move|p1a: Weezing|Sludge Bomb|p2a: Weezing
|-supereffective|p2a: Weezing
|-damage|p2a: Weezing|30/100
|
|upkeep
|turn|15
|
|t:|1759014683
|move|p1a: Weezing|Sludge Bomb|p2a: Weezing
|-supereffective|p2a: Weezing
|-damage|p2a: Weezing|0 fnt
|faint|p2a: Weezing
|
|upkeep
|
|t:|1759014685
|switch|p2a: Skeledirge|Skeledirge, F|80/100
|turn|16
|
|t:|1759014689
|move|p2a: Skeledirge|Torch Song|p1a: Weezing
|-damage|p1a: Weezing|0 fnt
|-boost|p2a: Skeledirge|spa|1
|faint|p1a: Weezing
|-end|p1a: Weezing|ability: Neutralizing Gas
|
|upkeep
|
|t:|1759014698
|switch|p1a: Enamorus|Enamorus, F|76/100
|-damage|p1a: Enamorus|51/100|[from] Stealth Rock
|turn|17
|
|t:|1759014701
|move|p1a: Enamorus|Healing Wish|p1a: Enamorus
|faint|p1a: Enamorus
|move|p2a: Skeledirge|Slack Off|p2a: Skeledirge
|-heal|p2a: Skeledirge|100/100
|
|upkeep
|
|t:|1759014703
|switch|p1a: Ogerpon|Ogerpon-Wellspring-Tera, F, tera:Water|5/100
|-heal|p1a: Ogerpon|100/100|[from] move: Healing Wish
|-damage|p1a: Ogerpon|88/100|[from] Stealth Rock
|-ability|p1a: Ogerpon|Embody Aspect (Wellspring)|boost
|-boost|p1a: Ogerpon|spd|1
|turn|18
|
|t:|1759014706
|move|p1a: Ogerpon|Ivy Cudgel|p2a: Skeledirge|[anim] Ivy Cudgel Water
|-supereffective|p2a: Skeledirge
|-damage|p2a: Skeledirge|0 fnt
|faint|p2a: Skeledirge
|
|upkeep
|
|t:|1759014707
|switch|p2a: Corviknight|Corviknight, F|100/100
|-damage|p2a: Corviknight|88/100|[from] Stealth Rock
|-ability|p2a: Corviknight|Pressure
|turn|19
|
|t:|1759014713
|move|p1a: Ogerpon|Ivy Cudgel|p2a: Corviknight|[anim] Ivy Cudgel Water
|-damage|p2a: Corviknight|25/100
|move|p2a: Corviknight|Iron Defense|p2a: Corviknight
|-boost|p2a: Corviknight|def|2
|
|upkeep
|turn|20
|
|t:|1759014718
|move|p1a: Ogerpon|Ivy Cudgel|p2a: Corviknight|[anim] Ivy Cudgel Water
|-damage|p2a: Corviknight|0 fnt
|faint|p2a: Corviknight
|
|upkeep
|-message|JackRG1 forfeited.
|
|win|Ladder historian
|raw|Ladder historian's rating: 1838 &rarr; <strong>1864</strong><br />(+26 for winning)
|raw|JackRG1's rating: 1947 &rarr; <strong>1921</strong><br />(-26 for losing)
|l|‽JackRG1
|player|p2|
|l|☆Ladder historian
|player|p1|
