|j|☆Shcooter
|j|☆A_M1001
|t:|1758919414
|gametype|singles
|player|p1|Shcooter|266|1089
|player|p2|A_M1001|unknown|1089
|gen|9
|tier|[Gen 9] OU
|rated|
|rule|HP Percentage Mod: HP is shown in percentages
|rule|Endless Battle Clause: Forcing endless battles is banned
|rule|Species Clause: Limit one of each Pokémon
|rule|OHKO Clause: OHKO moves are banned
|rule|Evasion Items Clause: Evasion items are banned
|rule|Evasion Moves Clause: Evasion moves are banned
|rule|Evasion Abilities Clause: Evasion abilities are banned
|rule|Sleep Moves Clause: Sleep-inducing moves are banned
|clearpoke
|poke|p1|Manaphy|
|poke|p1|Bastiodon, M|
|poke|p1|Darkrai|
|poke|p1|Maushold|
|poke|p1|Azumarill, M|
|poke|p1|Pikachu-Hoenn, M|
|poke|p2|Araquanid, M|
|poke|p2|Cinderace, M|
|poke|p2|Serperior, F|
|poke|p2|Milotic, F|
|poke|p2|Kingambit, F|
|poke|p2|Latios, M|
|teampreview
|inactive|Battle timer is ON: inactive players will automatically lose when time's up. (requested by Shcooter)
|c|☆Shcooter|gl hf
|
|t:|1758919424
|teamsize|p1|6
|teamsize|p2|6
|start
|switch|p1a: Pikachu|Pikachu-Hoenn, M|100/100
|switch|p2a: Araquanid|Araquanid, M|100/100
|turn|1
|
|t:|1758919432
|move|p1a: Pikachu|Nuzzle|p2a: Araquanid
|-supereffective|p2a: Araquanid
|-damage|p2a: Araquanid|80/100
|-status|p2a: Araquanid|par
|move|p2a: Araquanid|Sticky Web|p1a: Pikachu
|-sidestart|p1: Shcooter|move: Sticky Web
|
|upkeep
|turn|2
|
|t:|1758919440
|move|p1a: Pikachu|Wild Charge|p2a: Araquanid
|-supereffective|p2a: Araquanid
|-damage|p2a: Araquanid|4/100 par
|-damage|p1a: Pikachu|70/100|[from] Recoil
|move|p2a: Araquanid|Liquidation|p1a: Pikachu
|-damage|p1a: Pikachu|0 fnt
|faint|p1a: Pikachu
|
|upkeep
|
|t:|1758919449
|switch|p1a: Maushold|Maushold|100/100
|-activate|p1a: Maushold|move: Sticky Web
|-unboost|p1a: Maushold|spe|1
|turn|3
|
|t:|1758919463
|move|p1a: Maushold|Tidy Up|p1a: Maushold
|-sideend|p1: Shcooter|Sticky Web
|-activate|p1a: Maushold|move: Tidy Up
|-boost|p1a: Maushold|atk|1
|-boost|p1a: Maushold|spe|1
|cant|p2a: Araquanid|par
|
|upkeep
|turn|4
|
|t:|1758919470
|move|p1a: Maushold|Bullet Seed|p2a: Araquanid
|-damage|p2a: Araquanid|0 fnt
|faint|p2a: Araquanid
|-hitcount|p2: Araquanid|1
|
|upkeep
|
|t:|1758919480
|switch|p2a: Cinderace|Cinderace, M|100/100
|turn|5
|l|☆Shcooter
|inactive|Shcooter disconnected and has a minute to reconnect!
|player|p1|
|j|☆Shcooter
|inactive|Shcooter reconnected and has 115 seconds left.
|player|p1|Shcooter|266|
|
|t:|1758919521
|move|p2a: Cinderace|Pyro Ball|p1a: Maushold
|-damage|p1a: Maushold|15/100
|move|p1a: Maushold|Substitute|p1a: Maushold
|-fail|p1a: Maushold|move: Substitute|[weak]
|
|upkeep
|turn|6
|
|t:|1758919534
|move|p2a: Cinderace|Pyro Ball|p1a: Maushold
|-crit|p1a: Maushold
|-damage|p1a: Maushold|0 fnt
|faint|p1a: Maushold
|
|upkeep
|inactive|Shcooter has 120 seconds left.
|
|t:|1758919539
|switch|p1a: Manaphy|Manaphy|100/100
|turn|7
|
|t:|1758919553
|move|p2a: Cinderace|Sucker Punch||[still]
|-fail|p2a: Cinderace
|move|p1a: Manaphy|Tail Glow|p1a: Manaphy
|-boost|p1a: Manaphy|spa|3
|
|upkeep
|turn|8
|
|t:|1758919560
|move|p2a: Cinderace|U-turn|p1a: Manaphy
|-start|p2a: Cinderace|typechange|Bug|[from] ability: Libero
|-damage|p1a: Manaphy|69/100
|
|t:|1758919566
|switch|p2a: Serperior|Serperior, F|100/100|[from] U-turn
|move|p1a: Manaphy|Scald|p2a: Serperior
|-resisted|p2a: Serperior
|-damage|p2a: Serperior|38/100
|
|-heal|p1a: Manaphy|75/100|[from] item: Leftovers
|upkeep
|turn|9
|
|t:|1758919586
|move|p2a: Serperior|Dragon Pulse|p1a: Manaphy
|-damage|p1a: Manaphy|49/100
|move|p1a: Manaphy|Ice Beam|p2a: Serperior
|-supereffective|p2a: Serperior
|-damage|p2a: Serperior|0 fnt
|faint|p2a: Serperior
|
|-heal|p1a: Manaphy|55/100|[from] item: Leftovers
|upkeep
|c|☆A_M1001|Damn
|c|☆Shcooter|rip
|c|☆A_M1001|I misclicked
|inactive|A_M1001 has 120 seconds left.
|c|☆Shcooter|hate to see it homie
|c|☆A_M1001|Ment to leaf storm
|
|t:|1758919618
|switch|p2a: Kingambit|Kingambit, F|100/100
|turn|10
|
|t:|1758919625
|move|p2a: Kingambit|Sucker Punch|p1a: Manaphy
|-damage|p1a: Manaphy|22/100
|move|p1a: Manaphy|Scald|p2a: Kingambit
|-damage|p2a: Kingambit|29/100
|
|-heal|p1a: Manaphy|28/100|[from] item: Leftovers
|upkeep
|turn|11
|inactive|A_M1001 has 120 seconds left.
|
|t:|1758919635
|move|p2a: Kingambit|Sucker Punch|p1a: Manaphy
|-damage|p1a: Manaphy|0 fnt
|faint|p1a: Manaphy
|
|upkeep
|
|t:|1758919647
|switch|p1a: Bastiodon|Bastiodon, M|100/100
|turn|12
|
|t:|1758919656
|move|p2a: Kingambit|Iron Head|p1a: Bastiodon
|-damage|p1a: Bastiodon|77/100
|cant|p1a: Bastiodon|flinch
|
|upkeep
|turn|13
|
|t:|1758919663
|move|p2a: Kingambit|Iron Head|p1a: Bastiodon
|-damage|p1a: Bastiodon|53/100
|cant|p1a: Bastiodon|flinch
|
|upkeep
|turn|14
|c|☆Shcooter|bruh
|c|☆A_M1001|Yess
|
|t:|1758919676
|move|p2a: Kingambit|Iron Head|p1a: Bastiodon
|-damage|p1a: Bastiodon|31/100
|move|p1a: Bastiodon|Iron Defense|p1a: Bastiodon
|-boost|p1a: Bastiodon|def|2
|
|upkeep
|turn|15
|c|☆Shcooter|thank god lol
|
|t:|1758919686
|move|p2a: Kingambit|Iron Head|p1a: Bastiodon
|-damage|p1a: Bastiodon|18/100
|move|p1a: Bastiodon|Rest|p1a: Bastiodon
|-status|p1a: Bastiodon|slp|[from] move: Rest
|-heal|p1a: Bastiodon|100/100 slp|[silent]
|-enditem|p1a: Bastiodon|Chesto Berry|[eat]
|-curestatus|p1a: Bastiodon|slp|[msg]
|
|upkeep
|turn|16
|
|t:|1758919702
|move|p2a: Kingambit|Iron Head|p1a: Bastiodon
|-damage|p1a: Bastiodon|88/100
|move|p1a: Bastiodon|Substitute|p1a: Bastiodon
|-start|p1a: Bastiodon|Substitute
|-damage|p1a: Bastiodon|63/100
|
|upkeep
|turn|17
|
|t:|1758919711
|move|p2a: Kingambit|Sucker Punch||[still]
|-fail|p2a: Kingambit
|move|p1a: Bastiodon|Iron Defense|p1a: Bastiodon
|-boost|p1a: Bastiodon|def|2
|
|upkeep
|turn|18
|
|t:|1758919719
|switch|p2a: Cinderace|Cinderace, M|100/100
|move|p1a: Bastiodon|Iron Defense|p1a: Bastiodon
|-boost|p1a: Bastiodon|def|2
|
|upkeep
|turn|19
|
|t:|1758919730
|-terastallize|p1a: Bastiodon|Rock
|move|p2a: Cinderace|Pyro Ball|p1a: Bastiodon
|-resisted|p1a: Bastiodon
|-activate|p1a: Bastiodon|move: Substitute|[damage]
|move|p1a: Bastiodon|Body Press|p2a: Cinderace
|-damage|p2a: Cinderace|0 fnt
|faint|p2a: Cinderace
|
|upkeep
|
|t:|1758919742
|switch|p2a: Kingambit|Kingambit, F|29/100
|turn|20
|
|t:|1758919749
|move|p2a: Kingambit|Iron Head|p1a: Bastiodon
|-supereffective|p1a: Bastiodon
|-activate|p1a: Bastiodon|move: Substitute|[damage]
|move|p1a: Bastiodon|Body Press|p2a: Kingambit
|-supereffective|p2a: Kingambit
|-enditem|p2a: Kingambit|Chople Berry|[eat]
|-enditem|p2a: Kingambit|Chople Berry|[weaken]
|-damage|p2a: Kingambit|0 fnt
|faint|p2a: Kingambit
|
|upkeep
|c|☆A_M1001|Man
|c|☆A_M1001|I’m not breaking that
|c|☆Shcooter|gg
|
|t:|1758919768
|switch|p2a: Milotic|Milotic, F|100/100
|turn|21
|c|☆Shcooter|you might, who knows
|
|t:|1758919777
|move|p2a: Milotic|Scald|p1a: Bastiodon
|-supereffective|p1a: Bastiodon
|-end|p1a: Bastiodon|Substitute
|move|p1a: Bastiodon|Body Press|p2a: Milotic
|-damage|p2a: Milotic|0 fnt
|faint|p2a: Milotic
|
|upkeep
|
|t:|1758919785
|switch|p2a: Latios|Latios, M|100/100
|turn|22
|
|t:|1758919789
|move|p2a: Latios|Aura Sphere|p1a: Bastiodon
|-supereffective|p1a: Bastiodon
|-damage|p1a: Bastiodon|21/100
|move|p1a: Bastiodon|Body Press|p2a: Latios
|-resisted|p2a: Latios
|-damage|p2a: Latios|0 fnt
|faint|p2a: Latios
|
|win|Shcooter
|raw|Shcooter's rating: 1089 &rarr; <strong>1116</strong><br />(+27 for winning)
|raw|A_M1001's rating: 1089 &rarr; <strong>1066</strong><br />(-23 for losing)
|c|☆A_M1001|See?
|c|☆Shcooter|gg dawg
|c|☆A_M1001|gg
|l|☆Shcooter
|player|p1|
|l|☆A_M1001
|player|p2|
