|j|☆Djdjdjdbd
|j|☆tap choi vgc
|t:|1759032236
|gametype|singles
|player|p1|Djdjdjdbd|265|1261
|player|p2|tap choi vgc|unknown|1277
|gen|9
|tier|[Gen 9] OU
|rated|
|rule|HP Percentage Mod: HP is shown in percentages
|rule|Endless Battle Clause: Forcing endless battles is banned
|rule|Species Clause: Limit one of each Pokémon
|rule|OHKO Clause: OHKO moves are banned
|rule|Evasion Items Clause: Evasion items are banned
|rule|Evasion Moves Clause: Evasion moves are banned
|rule|Evasion Abilities Clause: Evasion abilities are banned
|rule|Sleep Moves Clause: Sleep-inducing moves are banned
|clearpoke
|poke|p1|Alomomola, F|
|poke|p1|Greninja-*, M|
|poke|p1|Lokix, F|
|poke|p1|Gliscor, M|
|poke|p1|Pecharunt|
|poke|p1|Corviknight, F|
|poke|p2|Enamorus, F|
|poke|p2|Kyurem|
|poke|p2|Landorus-Therian, M|
|poke|p2|Kingambit, F|
|poke|p2|Ogerpon-Wellspring, F|
|poke|p2|Glimmora, F|
|teampreview
|
|t:|1759032244
|teamsize|p1|6
|teamsize|p2|6
|start
|switch|p1a: Alomomola|Alomomola, F|100/100
|switch|p2a: Glimmora|Glimmora, F|100/100
|turn|1
|
|t:|1759032251
|move|p2a: Glimmora|Spikes|p1a: Alomomola
|-sidestart|p1: Djdjdjdbd|Spikes
|move|p1a: Alomomola|Flip Turn|p2a: Glimmora
|-supereffective|p2a: Glimmora
|-damage|p2a: Glimmora|74/100
|-activate|p2a: Glimmora|ability: Toxic Debris
|-sidestart|p1: Djdjdjdbd|move: Toxic Spikes
|-enditem|p2a: Glimmora|Red Card|[of] p1a: Alomomola
|drag|p1a: Pecharunt|Pecharunt|100/100
|-sideend|p1: Djdjdjdbd|move: Toxic Spikes|[of] p1a: Pecharunt
|
|upkeep
|turn|2
|
|t:|1759032268
|switch|p1a: Gliscor|Gliscor, M|100/100
|move|p2a: Glimmora|Spikes|p1a: Gliscor
|-sidestart|p1: Djdjdjdbd|Spikes
|
|-status|p1a: Gliscor|tox|[from] item: Toxic Orb
|upkeep
|turn|3
|
|t:|1759032277
|switch|p2a: Landorus|Landorus-Therian, M|100/100
|-ability|p2a: Landorus|Intimidate|boost
|-unboost|p1a: Gliscor|atk|1
|move|p1a: Gliscor|Stealth Rock|p2a: Landorus
|-sidestart|p2: tap choi vgc|move: Stealth Rock
|
|upkeep
|turn|4
|
|t:|1759032284
|move|p2a: Landorus|Stealth Rock|p1a: Gliscor
|-sidestart|p1: Djdjdjdbd|move: Stealth Rock
|move|p1a: Gliscor|Toxic|p2a: Landorus|[miss]
|-miss|p1a: Gliscor|p2a: Landorus
|
|upkeep
|turn|5
|
|t:|1759032292
|move|p2a: Landorus|Taunt|p1a: Gliscor
|-start|p1a: Gliscor|move: Taunt
|cant|p1a: Gliscor|move: Taunt|Toxic
|
|upkeep
|turn|6
|
|t:|1759032300
|move|p2a: Landorus|U-turn|p1a: Gliscor
|-resisted|p1a: Gliscor
|-damage|p1a: Gliscor|94/100 tox
|
|t:|1759032303
|switch|p2a: Ogerpon|Ogerpon-Wellspring, F|100/100|[from] U-turn
|-damage|p2a: Ogerpon|88/100|[from] Stealth Rock
|move|p1a: Gliscor|Earthquake|p2a: Ogerpon
|-resisted|p2a: Ogerpon
|-damage|p2a: Ogerpon|73/100
|
|-heal|p1a: Gliscor|100/100 tox|[from] ability: Poison Heal
|upkeep
|turn|7
|
|t:|1759032314
|switch|p1a: Corviknight|Corviknight, F|100/100
|-damage|p1a: Corviknight|88/100|[from] Stealth Rock
|-ability|p1a: Corviknight|Pressure
|move|p2a: Ogerpon|Ivy Cudgel|p1a: Corviknight|[anim] Ivy Cudgel Water
|-damage|p1a: Corviknight|50/100
|
|upkeep
|turn|8
|
|t:|1759032324
|move|p2a: Ogerpon|Taunt|p1a: Corviknight
|-start|p1a: Corviknight|move: Taunt
|cant|p1a: Corviknight|move: Taunt|Roost
|
|upkeep
|turn|9
|
|t:|1759032336
|switch|p2a: Glimmora|Glimmora, F|74/100
|-damage|p2a: Glimmora|62/100|[from] Stealth Rock
|move|p1a: Corviknight|Brave Bird|p2a: Glimmora
|-resisted|p2a: Glimmora
|-damage|p2a: Glimmora|47/100
|-activate|p2a: Glimmora|ability: Toxic Debris
|-sidestart|p1: Djdjdjdbd|move: Toxic Spikes
|-damage|p1a: Corviknight|46/100|[from] Recoil
|
|upkeep
|turn|10
|
|t:|1759032352
|move|p2a: Glimmora|Spikes|p1a: Corviknight
|-sidestart|p1: Djdjdjdbd|Spikes
|move|p1a: Corviknight|U-turn|p2a: Glimmora
|-resisted|p2a: Glimmora
|-damage|p2a: Glimmora|42/100
|-activate|p2a: Glimmora|ability: Toxic Debris
|-sidestart|p1: Djdjdjdbd|move: Toxic Spikes
|
|t:|1759032361
|switch|p1a: Pecharunt|Pecharunt|100/100|[from] U-turn
|-sideend|p1: Djdjdjdbd|move: Toxic Spikes|[of] p1a: Pecharunt
|
|upkeep
|turn|11
|
|t:|1759032370
|switch|p1a: Corviknight|Corviknight, F|46/100
|-damage|p1a: Corviknight|33/100|[from] Stealth Rock
|-ability|p1a: Corviknight|Pressure
|move|p2a: Glimmora|Mortal Spin|p1a: Corviknight
|-immune|p1a: Corviknight
|
|upkeep
|turn|12
|
|t:|1759032381
|move|p2a: Glimmora|Power Gem|p1a: Corviknight
|-damage|p1a: Corviknight|0 fnt
|faint|p1a: Corviknight
|
|upkeep
|
|t:|1759032393
|switch|p1a: Greninja|Greninja, M|100/100
|-damage|p1a: Greninja|76/100|[from] Spikes
|-damage|p1a: Greninja|63/100|[from] Stealth Rock
|turn|13
|
|t:|1759032398
|move|p1a: Greninja|Dark Pulse|p2a: Glimmora
|-damage|p2a: Glimmora|0 fnt
|faint|p2a: Glimmora
|-ability|p1a: Greninja|Battle Bond|boost
|-boost|p1a: Greninja|atk|1
|-boost|p1a: Greninja|spa|1
|-boost|p1a: Greninja|spe|1
|-activate|p1a: Greninja|ability: Battle Bond
|-damage|p1a: Greninja|53/100|[from] item: Life Orb
|
|upkeep
|
|t:|1759032407
|switch|p2a: Ogerpon|Ogerpon-Wellspring, F|73/100
|-damage|p2a: Ogerpon|61/100|[from] Stealth Rock
|turn|14
|
|t:|1759032416
|move|p1a: Greninja|Dark Pulse|p2a: Ogerpon
|-damage|p2a: Ogerpon|0 fnt
|faint|p2a: Ogerpon
|-damage|p1a: Greninja|44/100|[from] item: Life Orb
|
|upkeep
|
|t:|1759032422
|switch|p2a: Kyurem|Kyurem|100/100
|-damage|p2a: Kyurem|76/100|[from] Stealth Rock
|-ability|p2a: Kyurem|Pressure
|turn|15
|
|t:|1759032428
|move|p1a: Greninja|Dark Pulse|p2a: Kyurem
|-damage|p2a: Kyurem|6/100
|-damage|p1a: Greninja|34/100|[from] item: Life Orb
|move|p2a: Kyurem|Freeze-Dry|p1a: Greninja
|-supereffective|p1a: Greninja
|-damage|p1a: Greninja|0 fnt
|faint|p1a: Greninja
|
|upkeep
|
|t:|1759032444
|switch|p1a: Pecharunt|Pecharunt|100/100
|turn|16
|
|t:|1759032449
|move|p2a: Kyurem|Freeze-Dry|p1a: Pecharunt
|-damage|p1a: Pecharunt|58/100
|-status|p1a: Pecharunt|frz
|-curestatus|p1a: Pecharunt|frz|[msg]
|move|p1a: Pecharunt|Malignant Chain|p2a: Kyurem
|-damage|p2a: Kyurem|0 fnt
|faint|p2a: Kyurem
|
|upkeep
|
|t:|1759032455
|switch|p2a: Landorus|Landorus-Therian, M|100/100
|-damage|p2a: Landorus|88/100|[from] Stealth Rock
|-ability|p2a: Landorus|Intimidate|boost
|-unboost|p1a: Pecharunt|atk|1
|turn|17
|
|t:|1759032466
|switch|p1a: Gliscor|Gliscor, M|100/100 tox
|-damage|p1a: Gliscor|88/100 tox|[from] Stealth Rock
|move|p2a: Landorus|Taunt|p1a: Gliscor
|-start|p1a: Gliscor|move: Taunt
|
|-heal|p1a: Gliscor|100/100 tox|[from] ability: Poison Heal
|upkeep
|turn|18
|
|t:|1759032477
|move|p2a: Landorus|U-turn|p1a: Gliscor
|-resisted|p1a: Gliscor
|-damage|p1a: Gliscor|94/100 tox
|
|t:|1759032481
|switch|p2a: Enamorus|Enamorus, F|100/100|[from] U-turn
|move|p1a: Gliscor|Earthquake|p2a: Enamorus
|-immune|p2a: Enamorus
|
|-heal|p1a: Gliscor|100/100 tox|[from] ability: Poison Heal
|upkeep
|turn|19
|
|t:|1759032492
|switch|p1a: Alomomola|Alomomola, F|100/100
|-damage|p1a: Alomomola|76/100|[from] Spikes
|-damage|p1a: Alomomola|63/100|[from] Stealth Rock
|move|p2a: Enamorus|Superpower|p1a: Alomomola
|-damage|p1a: Alomomola|41/100
|-boost|p2a: Enamorus|atk|1
|-boost|p2a: Enamorus|def|1
|
|upkeep
|turn|20
|
|t:|1759032512
|-terastallize|p2a: Enamorus|Stellar
|move|p2a: Enamorus|Tera Blast|p1a: Alomomola|[anim] Tera Blast Stellar
|-damage|p1a: Alomomola|8/100
|-boost|p2a: Enamorus|atk|1
|-boost|p2a: Enamorus|spa|1
|move|p1a: Alomomola|Flip Turn|p2a: Enamorus
|-damage|p2a: Enamorus|82/100
|
|t:|1759032544
|switch|p1a: Pecharunt|Pecharunt|58/100|[from] Flip Turn
|
|upkeep
|turn|21
|
|t:|1759032562
|move|p2a: Enamorus|Earth Power|p1a: Pecharunt
|-supereffective|p1a: Pecharunt
|-damage|p1a: Pecharunt|0 fnt
|faint|p1a: Pecharunt
|
|upkeep
|
|t:|1759032568
|switch|p1a: Lokix|Lokix, F|100/100
|-damage|p1a: Lokix|76/100|[from] Spikes
|-damage|p1a: Lokix|51/100|[from] Stealth Rock
|turn|22
|
|t:|1759032576
|-terastallize|p1a: Lokix|Bug
|move|p1a: Lokix|First Impression|p2a: Enamorus
|-resisted|p2a: Enamorus
|-damage|p2a: Enamorus|42/100
|move|p2a: Enamorus|Tera Blast|p1a: Lokix|[anim] Tera Blast Stellar
|-supereffective|p1a: Lokix
|-damage|p1a: Lokix|0 fnt
|-boost|p2a: Enamorus|atk|1
|-boost|p2a: Enamorus|spa|1
|faint|p1a: Lokix
|
|upkeep
|-message|Djdjdjdbd forfeited.
|
|win|tap choi vgc
|raw|Djdjdjdbd's rating: 1261 &rarr; <strong>1237</strong><br />(-24 for losing)
|raw|tap choi vgc's rating: 1277 &rarr; <strong>1301</strong><br />(+24 for winning)
|l|☆Djdjdjdbd
|player|p1|
|l|☆tap choi vgc
|player|p2|
