|j|☆Lelouch1304
|j|☆Kippenfluisteraar
|t:|1759064961
|gametype|singles
|player|p1|Lelouch1304|169|1082
|player|p2|Kippenfluisteraar|170|1157
|gen|9
|tier|[Gen 9] OU
|rated|
|rule|HP Percentage Mod: HP is shown in percentages
|rule|Endless Battle Clause: Forcing endless battles is banned
|rule|Species Clause: Limit one of each Pokémon
|rule|OHKO Clause: OHKO moves are banned
|rule|Evasion Items Clause: Evasion items are banned
|rule|Evasion Moves Clause: Evasion moves are banned
|rule|Evasion Abilities Clause: Evasion abilities are banned
|rule|Sleep Moves Clause: Sleep-inducing moves are banned
|clearpoke
|poke|p1|Orthworm, F|
|poke|p1|Lycanroc-Dusk, F|
|poke|p1|Banette, F|
|poke|p1|Quaquaval, M|
|poke|p1|Brambleghast, F|
|poke|p1|Talonflame, M|
|poke|p2|Barraskewda, M|
|poke|p2|Pelipper, M|
|poke|p2|Iron Treads|
|poke|p2|Volcanion|
|poke|p2|Lokix, F|
|poke|p2|Overqwil, M|
|teampreview
|inactive|Battle timer is ON: inactive players will automatically lose when time's up. (requested by Kippenfluisteraar)
|
|t:|1759064974
|teamsize|p1|6
|teamsize|p2|6
|start
|switch|p1a: Banette|Banette, F|100/100
|switch|p2a: Lokix|Lokix, F|100/100
|turn|1
|
|t:|1759064981
|move|p2a: Lokix|Knock Off|p1a: Banette
|-supereffective|p1a: Banette
|-damage|p1a: Banette|0 fnt
|-enditem|p1a: Banette|Custap Berry|[from] move: Knock Off|[of] p2a: Lokix
|faint|p1a: Banette
|
|upkeep
|c|☆Lelouch1304|well damn
|
|t:|1759064990
|switch|p1a: Lycanroc|Lycanroc-Dusk, F|100/100
|turn|2
|
|t:|1759064993
|move|p1a: Lycanroc|Accelerock|p2a: Lokix
|-supereffective|p2a: Lokix
|-damage|p2a: Lokix|28/100
|move|p2a: Lokix|Knock Off|p1a: Lycanroc
|-damage|p1a: Lycanroc|23/100
|-enditem|p1a: Lycanroc|Focus Sash|[from] move: Knock Off|[of] p2a: Lokix
|
|upkeep
|turn|3
|
|t:|1759065000
|switch|p2a: Roly poly|Iron Treads|100/100
|-enditem|p2a: Roly poly|Booster Energy
|-activate|p2a: Roly poly|ability: Quark Drive|[fromitem]
|-start|p2a: Roly poly|quarkdrivespe
|move|p1a: Lycanroc|Accelerock|p2a: Roly poly
|-resisted|p2a: Roly poly
|-damage|p2a: Roly poly|95/100
|
|upkeep
|turn|4
|
|t:|1759065026
|move|p2a: Roly poly|Stealth Rock|p1a: Lycanroc
|-sidestart|p1: Lelouch1304|move: Stealth Rock
|move|p1a: Lycanroc|Stealth Rock|p2a: Roly poly
|-sidestart|p2: Kippenfluisteraar|move: Stealth Rock
|
|upkeep
|turn|5
|
|t:|1759065031
|move|p2a: Roly poly|Rapid Spin|p1a: Lycanroc
|-resisted|p1a: Lycanroc
|-damage|p1a: Lycanroc|10/100
|-boost|p2a: Roly poly|spe|1
|-sideend|p2: Kippenfluisteraar|Stealth Rock|[from] move: Rapid Spin|[of] p2a: Roly poly
|move|p1a: Lycanroc|Endeavor|p2a: Roly poly
|-damage|p2a: Roly poly|9/100
|
|upkeep
|turn|6
|
|t:|1759065039
|move|p1a: Lycanroc|Accelerock|p2a: Roly poly
|-resisted|p2a: Roly poly
|-damage|p2a: Roly poly|3/100
|move|p2a: Roly poly|Earthquake|p1a: Lycanroc
|-supereffective|p1a: Lycanroc
|-damage|p1a: Lycanroc|0 fnt
|faint|p1a: Lycanroc
|
|upkeep
|
|t:|1759065043
|switch|p1a: Quaquaval|Quaquaval, M|100/100
|-damage|p1a: Quaquaval|94/100|[from] Stealth Rock
|turn|7
|
|t:|1759065049
|move|p1a: Quaquaval|Aqua Jet|p2a: Roly poly
|-supereffective|p2a: Roly poly
|-damage|p2a: Roly poly|0 fnt
|faint|p2a: Roly poly
|-end|p2a: Roly poly|Quark Drive|[silent]
|-ability|p1a: Quaquaval|Moxie|boost
|-boost|p1a: Quaquaval|atk|1
|
|upkeep
|
|t:|1759065056
|switch|p2a: Bird|Pelipper, M|100/100
|turn|8
|l|☆Kippenfluisteraar
|inactive|Kippenfluisteraar disconnected and has a minute to reconnect!
|player|p2|
|j|☆Kippenfluisteraar
|inactive|Kippenfluisteraar reconnected.
|player|p2|Kippenfluisteraar|170|
|c|☆Kippenfluisteraar|Omg
|c|☆Kippenfluisteraar|this dumb bird has keen eye
|
|t:|1759065086
|move|p1a: Quaquaval|Rapid Spin|p2a: Bird
|-damage|p2a: Bird|82/100
|-boost|p1a: Quaquaval|spe|1
|-sideend|p1: Lelouch1304|Stealth Rock|[from] move: Rapid Spin|[of] p1a: Quaquaval
|move|p2a: Bird|Hurricane|p1a: Quaquaval
|-supereffective|p1a: Quaquaval
|-damage|p1a: Quaquaval|28/100
|
|upkeep
|turn|9
|c|☆Kippenfluisteraar|What in the misclick
|
|t:|1759065097
|move|p1a: Quaquaval|Aqua Step|p2a: Bird
|-resisted|p2a: Bird
|-crit|p2a: Bird
|-damage|p2a: Bird|49/100
|-boost|p1a: Quaquaval|spe|1
|move|p2a: Bird|Hurricane|p1a: Quaquaval
|-supereffective|p1a: Quaquaval
|-damage|p1a: Quaquaval|0 fnt
|faint|p1a: Quaquaval
|
|upkeep
|
|t:|1759065102
|switch|p1a: Orthworm|Orthworm, F|100/100
|turn|10
|
|t:|1759065110
|move|p2a: Bird|Roost|p2a: Bird
|-heal|p2a: Bird|99/100
|-singleturn|p2a: Bird|move: Roost
|move|p1a: Orthworm|Iron Defense|p1a: Orthworm
|-boost|p1a: Orthworm|def|2
|
|upkeep
|turn|11
|
|t:|1759065117
|move|p1a: Orthworm|Iron Defense|p1a: Orthworm
|-boost|p1a: Orthworm|def|2
|move|p2a: Bird|U-turn|p1a: Orthworm
|-resisted|p1a: Orthworm
|-damage|p1a: Orthworm|99/100
|
|t:|1759065122
|switch|p2a: Sum dude|Volcanion|100/100|[from] U-turn
|
|-heal|p1a: Orthworm|100/100|[from] item: Leftovers
|upkeep
|turn|12
|
|t:|1759065128
|-terastallize|p1a: Orthworm|Electric
|move|p2a: Sum dude|Flamethrower|p1a: Orthworm
|-damage|p1a: Orthworm|21/100
|-status|p1a: Orthworm|brn
|move|p1a: Orthworm|Body Press|p2a: Sum dude
|-damage|p2a: Sum dude|63/100
|
|-heal|p1a: Orthworm|27/100 brn|[from] item: Leftovers
|-damage|p1a: Orthworm|21/100 brn|[from] brn
|upkeep
|turn|13
|
|t:|1759065139
|move|p2a: Sum dude|Flamethrower|p1a: Orthworm
|-damage|p1a: Orthworm|0 fnt
|faint|p1a: Orthworm
|
|upkeep
|c|☆Lelouch1304|bruh, that's an unlucky burn
|
|t:|1759065145
|switch|p1a: Talonflame|Talonflame, M|100/100
|turn|14
|
|t:|1759065149
|switch|p2a: Bird|Pelipper, M|99/100
|move|p1a: Talonflame|Tailwind|p1a: Talonflame
|-sidestart|p1: Lelouch1304|move: Tailwind
|
|upkeep
|turn|15
|
|t:|1759065155
|move|p1a: Talonflame|Will-O-Wisp|p2a: Bird
|-status|p2a: Bird|brn
|move|p2a: Bird|U-turn|p1a: Talonflame
|-resisted|p1a: Talonflame
|-damage|p1a: Talonflame|99/100
|
|t:|1759065169
|switch|p2a: Sum dude|Volcanion|63/100|[from] U-turn
|
|upkeep
|turn|16
|
|t:|1759065177
|move|p1a: Talonflame|U-turn|p2a: Sum dude
|-resisted|p2a: Sum dude
|-damage|p2a: Sum dude|58/100
|
|t:|1759065179
|switch|p1a: Brambleghast|Brambleghast, F|100/100|[from] U-turn
|-ability|p1a: Brambleghast|Wind Rider|boost
|-boost|p1a: Brambleghast|atk|1
|move|p2a: Sum dude|Sludge Wave|p1a: Brambleghast
|-damage|p1a: Brambleghast|10/100
|
|upkeep
|turn|17
|
|t:|1759065186
|move|p1a: Brambleghast|Strength Sap|p2a: Sum dude
|-unboost|p2a: Sum dude|atk|1
|-heal|p1a: Brambleghast|91/100
|move|p2a: Sum dude|Sludge Wave|p1a: Brambleghast
|-damage|p1a: Brambleghast|0 fnt
|faint|p1a: Brambleghast
|
|-sideend|p1: Lelouch1304|move: Tailwind
|upkeep
|-message|Lelouch1304 forfeited.
|
|win|Kippenfluisteraar
|raw|Lelouch1304's rating: 1082 &rarr; <strong>1064</strong><br />(-18 for losing)
|raw|Kippenfluisteraar's rating: 1157 &rarr; <strong>1177</strong><br />(+20 for winning)
|l|☆Lelouch1304
|player|p1|
|l|☆Kippenfluisteraar
|player|p2|
