|j|☆Usbsns
|j|☆Jonathanocapabc123
|t:|1758925437
|gametype|singles
|player|p1|Usbsns|170|1064
|player|p2|Jonathanocapabc123|266|1060
|gen|9
|tier|[Gen 9] OU
|rated|
|rule|HP Percentage Mod: HP is shown in percentages
|rule|Endless Battle Clause: Forcing endless battles is banned
|rule|Species Clause: Limit one of each Pokémon
|rule|OHKO Clause: OHKO moves are banned
|rule|Evasion Items Clause: Evasion items are banned
|rule|Evasion Moves Clause: Evasion moves are banned
|rule|Evasion Abilities Clause: Evasion abilities are banned
|rule|Sleep Moves Clause: Sleep-inducing moves are banned
|clearpoke
|poke|p1|Venonat, M|
|poke|p1|Rhydon, F|
|poke|p1|Staraptor, M|
|poke|p1|Scizor, F|
|poke|p1|Blaziken, M|
|poke|p1|Ninetales-Alola, F|
|poke|p2|Whimsicott, M|
|poke|p2|Ditto|
|poke|p2|Cloyster, M|
|poke|p2|Gyarados, M|
|poke|p2|Glimmora, F|
|poke|p2|Cinderace, M|
|teampreview
|inactive|Battle timer is ON: inactive players will automatically lose when time's up. (requested by Usbsns)
|
|t:|1758925452
|teamsize|p1|6
|teamsize|p2|6
|start
|switch|p1a: Venonat|Venonat, M, shiny|100/100
|switch|p2a: Whimsicott|Whimsicott, M, shiny|100/100
|turn|1
|
|t:|1758925461
|move|p2a: Whimsicott|Stun Spore|p1a: Venonat|[miss]
|-miss|p2a: Whimsicott|p1a: Venonat
|move|p1a: Venonat|Stun Spore|p2a: Whimsicott
|-immune|p2a: Whimsicott
|
|upkeep
|turn|2
|
|t:|1758925476
|move|p2a: Whimsicott|Stun Spore|p1a: Venonat
|-status|p1a: Venonat|par
|move|p1a: Venonat|Toxic|p2a: Whimsicott
|-status|p2a: Whimsicott|tox
|
|-damage|p2a: Whimsicott|94/100 tox|[from] psn
|upkeep
|turn|3
|
|t:|1758925485
|move|p2a: Whimsicott|Leech Seed|p1a: Venonat
|-start|p1a: Venonat|move: Leech Seed
|move|p1a: Venonat|Confuse Ray|p2a: Whimsicott
|-start|p2a: Whimsicott|confusion
|
|-damage|p1a: Venonat|88/100 par|[from] Leech Seed|[of] p2a: Whimsicott
|-heal|p2a: Whimsicott|100/100 tox|[silent]
|-damage|p2a: Whimsicott|88/100 tox|[from] psn
|upkeep
|turn|4
|
|t:|1758925499
|switch|p2a: Cloyster|Cloyster, M, shiny|100/100
|move|p1a: Venonat|Toxic Spikes|p2a: Cloyster
|-sidestart|p2: Jonathanocapabc123|move: Toxic Spikes
|
|-damage|p1a: Venonat|76/100 par|[from] Leech Seed|[of] p2a: Cloyster
|upkeep
|turn|5
|
|t:|1758925509
|move|p2a: Cloyster|Substitute|p2a: Cloyster
|-start|p2a: Cloyster|Substitute
|-damage|p2a: Cloyster|76/100
|cant|p1a: Venonat|par
|
|-damage|p1a: Venonat|63/100 par|[from] Leech Seed|[of] p2a: Cloyster
|-heal|p2a: Cloyster|92/100|[silent]
|upkeep
|turn|6
|
|t:|1758925519
|switch|p1a: Scizor|Scizor, F|100/100
|move|p2a: Cloyster|Shell Smash|p2a: Cloyster
|-unboost|p2a: Cloyster|def|1
|-unboost|p2a: Cloyster|spd|1
|-boost|p2a: Cloyster|atk|2
|-boost|p2a: Cloyster|spa|2
|-boost|p2a: Cloyster|spe|2
|-enditem|p2a: Cloyster|White Herb
|-clearnegativeboost|p2a: Cloyster|[silent]
|
|upkeep
|turn|7
|
|t:|1758925534
|move|p1a: Scizor|Bullet Punch|p2a: Cloyster
|-end|p2a: Cloyster|Substitute
|move|p2a: Cloyster|Rock Blast|p1a: Scizor
|-damage|p1a: Scizor|86/100
|-damage|p1a: Scizor|70/100
|-damage|p1a: Scizor|55/100
|-damage|p1a: Scizor|38/100
|-damage|p1a: Scizor|23/100
|-hitcount|p1a: Scizor|5
|
|upkeep
|turn|8
|
|t:|1758925552
|-terastallize|p2a: Cloyster|Ghost
|move|p1a: Scizor|Bullet Punch|p2a: Cloyster
|-damage|p2a: Cloyster|64/100
|move|p2a: Cloyster|Rock Blast|p1a: Scizor|[miss]
|-miss|p2a: Cloyster|p1a: Scizor
|
|upkeep
|turn|9
|
|t:|1758925562
|move|p2a: Cloyster|Rock Blast|p1a: Scizor
|-damage|p1a: Scizor|6/100
|-damage|p1a: Scizor|0 fnt
|faint|p1a: Scizor
|-hitcount|p1: Scizor|2
|
|upkeep
|
|t:|1758925576
|switch|p1a: Rhydon|Rhydon, F|100/100
|turn|10
|
|t:|1758925585
|-terastallize|p1a: Rhydon|Fighting
|move|p2a: Cloyster|Icicle Spear|p1a: Rhydon
|-damage|p1a: Rhydon|88/100
|-damage|p1a: Rhydon|77/100
|-damage|p1a: Rhydon|65/100
|-damage|p1a: Rhydon|55/100
|-damage|p1a: Rhydon|44/100
|-hitcount|p1a: Rhydon|5
|move|p1a: Rhydon|Earthquake|p2a: Cloyster
|-damage|p2a: Cloyster|15/100
|
|upkeep
|turn|11
|
|t:|1758925603
|move|p2a: Cloyster|Rock Blast|p1a: Rhydon
|-resisted|p1a: Rhydon
|-damage|p1a: Rhydon|41/100
|-resisted|p1a: Rhydon
|-damage|p1a: Rhydon|37/100
|-resisted|p1a: Rhydon
|-damage|p1a: Rhydon|33/100
|-resisted|p1a: Rhydon
|-damage|p1a: Rhydon|30/100
|-resisted|p1a: Rhydon
|-damage|p1a: Rhydon|26/100
|-hitcount|p1a: Rhydon|5
|move|p1a: Rhydon|Earthquake|p2a: Cloyster
|-damage|p2a: Cloyster|0 fnt
|faint|p2a: Cloyster
|
|upkeep
|
|t:|1758925618
|switch|p2a: Glimmora|Glimmora, F|100/100
|-sideend|p2: Jonathanocapabc123|move: Toxic Spikes|[of] p2a: Glimmora
|turn|12
|
|t:|1758925625
|move|p2a: Glimmora|Spikes|p1a: Rhydon
|-sidestart|p1: Usbsns|Spikes
|move|p1a: Rhydon|Earthquake|p2a: Glimmora
|-supereffective|p2a: Glimmora
|-enditem|p2a: Glimmora|Focus Sash
|-damage|p2a: Glimmora|1/100
|-activate|p2a: Glimmora|ability: Toxic Debris
|-sidestart|p1: Usbsns|move: Toxic Spikes
|
|upkeep
|turn|13
|
|t:|1758925637
|move|p2a: Glimmora|Sludge Bomb|p1a: Rhydon
|-damage|p1a: Rhydon|0 fnt
|faint|p1a: Rhydon
|
|upkeep
|
|t:|1758925643
|switch|p1a: Venonat|Venonat, M, shiny|63/100 par
|-damage|p1a: Venonat|51/100 par|[from] Spikes
|-sideend|p1: Usbsns|move: Toxic Spikes|[of] p1a: Venonat
|turn|14
|
|t:|1758925656
|switch|p1a: Staraptor|Staraptor, M|100/100
|move|p2a: Glimmora|Spiky Shield||[still]
|-fail|p2a: Glimmora
|
|upkeep
|turn|15
|
|t:|1758925663
|move|p1a: Staraptor|Quick Attack|p2a: Glimmora
|-resisted|p2a: Glimmora
|-damage|p2a: Glimmora|0 fnt
|-activate|p2a: Glimmora|ability: Toxic Debris
|-sidestart|p1: Usbsns|move: Toxic Spikes
|faint|p2a: Glimmora
|
|upkeep
|
|t:|1758925685
|switch|p2a: Cinderace|Cinderace, M, shiny|100/100
|turn|16
|
|t:|1758925694
|move|p2a: Cinderace|Pyro Ball|p1a: Staraptor
|-damage|p1a: Staraptor|19/100
|-enditem|p1a: Staraptor|Aguav Berry|[eat]
|-heal|p1a: Staraptor|52/100|[from] item: Aguav Berry
|move|p1a: Staraptor|Brave Bird|p2a: Cinderace
|-enditem|p2a: Cinderace|Focus Sash
|-damage|p2a: Cinderace|1/100
|-damage|p1a: Staraptor|20/100|[from] Recoil
|
|upkeep
|turn|17
|
|t:|1758925704
|move|p1a: Staraptor|Quick Attack|p2a: Cinderace
|-damage|p2a: Cinderace|0 fnt
|faint|p2a: Cinderace
|
|upkeep
|
|t:|1758925711
|switch|p2a: Gyarados|Gyarados, M|100/100
|-ability|p2a: Gyarados|Intimidate|boost
|-unboost|p1a: Staraptor|atk|1
|turn|18
|
|t:|1758925725
|move|p1a: Staraptor|Brave Bird|p2a: Gyarados
|-damage|p2a: Gyarados|45/100
|-damage|p1a: Staraptor|1/100|[from] Recoil
|move|p2a: Gyarados|Dragon Dance|p2a: Gyarados
|-boost|p2a: Gyarados|atk|1
|-boost|p2a: Gyarados|spe|1
|
|upkeep
|turn|19
|
|t:|1758925740
|move|p1a: Staraptor|Quick Attack|p2a: Gyarados
|-damage|p2a: Gyarados|30/100
|move|p2a: Gyarados|Aqua Tail|p1a: Staraptor
|-damage|p1a: Staraptor|0 fnt
|faint|p1a: Staraptor
|-damage|p2a: Gyarados|20/100|[from] item: Life Orb
|
|upkeep
|
|t:|1758925749
|switch|p1a: Venonat|Venonat, M, shiny|51/100 par
|-damage|p1a: Venonat|39/100 par|[from] Spikes
|-sideend|p1: Usbsns|move: Toxic Spikes|[of] p1a: Venonat
|turn|20
|
|t:|1758925759
|move|p2a: Gyarados|Earthquake|p1a: Venonat
|-damage|p1a: Venonat|0 fnt
|faint|p1a: Venonat
|-damage|p2a: Gyarados|10/100|[from] item: Life Orb
|
|upkeep
|
|t:|1758925765
|switch|p1a: Ninetales|Ninetales-Alola, F|100/100
|-damage|p1a: Ninetales|88/100|[from] Spikes
|-weather|Snowscape|[from] ability: Snow Warning|[of] p1a: Ninetales
|turn|21
|
|t:|1758925777
|move|p2a: Gyarados|Aqua Tail|p1a: Ninetales
|-damage|p1a: Ninetales|4/100
|-damage|p2a: Gyarados|0 fnt|[from] item: Life Orb
|faint|p2a: Gyarados
|move|p1a: Ninetales|Ice Beam|p2: Gyarados|[notarget]
|-fail|p1a: Ninetales
|
|-weather|Snowscape|[upkeep]
|-heal|p1a: Ninetales|10/100|[from] item: Leftovers
|upkeep
|
|t:|1758925787
|switch|p2a: Whimsicott|Whimsicott, M, shiny|88/100 tox
|turn|22
|
|t:|1758925792
|move|p2a: Whimsicott|Stun Spore|p1a: Ninetales
|-status|p1a: Ninetales|par
|cant|p1a: Ninetales|par
|
|-weather|Snowscape|[upkeep]
|-heal|p1a: Ninetales|16/100 par|[from] item: Leftovers
|-damage|p2a: Whimsicott|82/100 tox|[from] psn
|upkeep
|turn|23
|
|t:|1758925802
|move|p2a: Whimsicott|Substitute|p2a: Whimsicott
|-start|p2a: Whimsicott|Substitute
|-damage|p2a: Whimsicott|57/100 tox
|move|p1a: Ninetales|Aurora Veil|p1a: Ninetales
|-sidestart|p1: Usbsns|move: Aurora Veil
|
|-weather|Snowscape|[upkeep]
|-heal|p1a: Ninetales|22/100 par|[from] item: Leftovers
|-damage|p2a: Whimsicott|45/100 tox|[from] psn
|upkeep
|turn|24
|
|t:|1758925811
|move|p2a: Whimsicott|Leech Seed|p1a: Ninetales
|-start|p1a: Ninetales|move: Leech Seed
|move|p1a: Ninetales|Ice Beam|p2a: Whimsicott
|-supereffective|p2a: Whimsicott
|-end|p2a: Whimsicott|Substitute
|
|-weather|Snowscape|[upkeep]
|-heal|p1a: Ninetales|28/100 par|[from] item: Leftovers
|-damage|p1a: Ninetales|15/100 par|[from] Leech Seed|[of] p2a: Whimsicott
|-heal|p2a: Whimsicott|59/100 tox|[silent]
|-damage|p2a: Whimsicott|40/100 tox|[from] psn
|upkeep
|turn|25
|
|t:|1758925822
|move|p2a: Whimsicott|Substitute|p2a: Whimsicott
|-start|p2a: Whimsicott|Substitute
|-damage|p2a: Whimsicott|15/100 tox
|move|p1a: Ninetales|Ice Beam|p2a: Whimsicott
|-supereffective|p2a: Whimsicott
|-end|p2a: Whimsicott|Substitute
|
|-weather|none
|-heal|p1a: Ninetales|21/100 par|[from] item: Leftovers
|-damage|p1a: Ninetales|9/100 par|[from] Leech Seed|[of] p2a: Whimsicott
|-heal|p2a: Whimsicott|29/100 tox|[silent]
|-damage|p2a: Whimsicott|4/100 tox|[from] psn
|upkeep
|turn|26
|
|t:|1758925834
|move|p2a: Whimsicott|Moonblast|p1a: Ninetales
|-damage|p1a: Ninetales|0 fnt
|faint|p1a: Ninetales
|
|-damage|p2a: Whimsicott|0 fnt|[from] psn
|faint|p2a: Whimsicott
|upkeep
|
|t:|1758925843
|switch|p2a: Ditto|Ditto, shiny|100/100
|switch|p1a: Blaziken|Blaziken, M|100/100
|-damage|p1a: Blaziken|88/100|[from] Spikes
|-transform|p2a: Ditto|p1a: Blaziken|[from] ability: Imposter
|turn|27
|
|t:|1758925857
|move|p1a: Blaziken|Swords Dance|p1a: Blaziken
|-boost|p1a: Blaziken|atk|2
|move|p2a: Ditto|Close Combat|p1a: Blaziken
|-damage|p1a: Blaziken|37/100
|-unboost|p2a: Ditto|def|1
|-unboost|p2a: Ditto|spd|1
|
|-heal|p1a: Blaziken|43/100|[from] item: Leftovers
|-sideend|p1: Usbsns|move: Aurora Veil
|-ability|p1a: Blaziken|Speed Boost|boost
|-boost|p1a: Blaziken|spe|1
|-ability|p2a: Ditto|Speed Boost|boost
|-boost|p2a: Ditto|spe|1
|upkeep
|turn|28
|
|t:|1758925870
|move|p1a: Blaziken|Protect|p1a: Blaziken
|-singleturn|p1a: Blaziken|Protect
|move|p2a: Ditto|Close Combat|p1a: Blaziken
|-activate|p1a: Blaziken|move: Protect
|
|-heal|p1a: Blaziken|49/100|[from] item: Leftovers
|-ability|p2a: Ditto|Speed Boost|boost
|-boost|p2a: Ditto|spe|1
|-ability|p1a: Blaziken|Speed Boost|boost
|-boost|p1a: Blaziken|spe|1
|upkeep
|turn|29
|
|t:|1758925882
|move|p2a: Ditto|Close Combat|p1a: Blaziken
|-damage|p1a: Blaziken|0 fnt
|-unboost|p2a: Ditto|def|1
|-unboost|p2a: Ditto|spd|1
|faint|p1a: Blaziken
|
|win|Jonathanocapabc123
|raw|Usbsns's rating: 1064 &rarr; <strong>1044</strong><br />(-20 for losing)
|raw|Jonathanocapabc123's rating: 1060 &rarr; <strong>1091</strong><br />(+31 for winning)
|l|☆Jonathanocapabc123
|player|p2|
|l|☆Usbsns
|player|p1|
