|j|☆thhrtg探头‘ ^ ’
|j|☆Team BBIO 38
|t:|1758945689
|gametype|singles
|player|p1|thhrtg探头‘ ^ ’|acetrainerf|1447
|player|p2|Team BBIO 38|dragontamer|1341
|gen|9
|tier|[Gen 9] OU
|rated|
|rule|HP Percentage Mod: HP is shown in percentages
|rule|Endless Battle Clause: Forcing endless battles is banned
|rule|Species Clause: Limit one of each Pokémon
|rule|OHKO Clause: OHKO moves are banned
|rule|Evasion Items Clause: Evasion items are banned
|rule|Evasion Moves Clause: Evasion moves are banned
|rule|Evasion Abilities Clause: Evasion abilities are banned
|rule|Sleep Moves Clause: Sleep-inducing moves are banned
|clearpoke
|poke|p1|Abomasnow, M|
|poke|p1|Iron Treads|
|poke|p1|Moltres|
|poke|p1|Dragapult, M|
|poke|p1|Ogerpon-Wellspring, F|
|poke|p1|Iron Valiant|
|poke|p2|Dusclops, M|
|poke|p2|Blissey, F|
|poke|p2|Flamigo, M|
|poke|p2|Latias, F|
|poke|p2|Darkrai|
|poke|p2|Rotom|
|teampreview
|inactive|Battle timer is ON: inactive players will automatically lose when time's up. (requested by Team BBIO 38)
|
|t:|1758945699
|teamsize|p1|6
|teamsize|p2|6
|start
|switch|p1a: Moltres|Moltres|100/100
|switch|p2a: Flamigo|Flamigo, M|100/100
|turn|1
|
|t:|1758945704
|switch|p2a: Blissey|Blissey, F|100/100
|move|p1a: Moltres|Will-O-Wisp|p2a: Blissey
|-status|p2a: Blissey|brn
|
|-damage|p2a: Blissey|94/100 brn|[from] brn
|upkeep
|turn|2
|
|t:|1758945719
|switch|p1a: Abomasnow|Abomasnow, M|100/100
|-weather|Snowscape|[from] ability: Snow Warning|[of] p1a: Abomasnow
|move|p2a: Blissey|Thunder Wave|p1a: Abomasnow|[miss]
|-miss|p2a: Blissey|p1a: Abomasnow
|
|-weather|Snowscape|[upkeep]
|-heal|p2a: Blissey|100/100 brn|[from] item: Leftovers
|-damage|p2a: Blissey|94/100 brn|[from] brn
|upkeep
|turn|3
|
|t:|1758945729
|-curestatus|p2a: Blissey|brn|[from] ability: Natural Cure
|switch|p2a: Dusclops|Dusclops, M|100/100
|-item|p1a: Abomasnow|Assault Vest|[from] ability: Frisk|[of] p2a: Dusclops
|move|p1a: Abomasnow|Body Press|p2a: Dusclops
|-immune|p2a: Dusclops
|
|-weather|Snowscape|[upkeep]
|upkeep
|turn|4
|
|t:|1758945737
|switch|p1a: Moltres|Moltres|100/100
|move|p2a: Dusclops|Will-O-Wisp|p1a: Moltres
|-immune|p1a: Moltres
|
|-weather|Snowscape|[upkeep]
|upkeep
|turn|5
|
|t:|1758945746
|switch|p2a: Blissey|Blissey, F|94/100
|move|p1a: Moltres|Will-O-Wisp|p2a: Blissey
|-status|p2a: Blissey|brn
|
|-weather|Snowscape|[upkeep]
|-heal|p2a: Blissey|100/100 brn|[from] item: Leftovers
|-damage|p2a: Blissey|94/100 brn|[from] brn
|upkeep
|turn|6
|
|t:|1758945754
|switch|p1a: Iron Treads|Iron Treads|100/100
|move|p2a: Blissey|Thunder Wave|p1a: Iron Treads
|-immune|p1a: Iron Treads
|
|-weather|none
|-heal|p2a: Blissey|100/100 brn|[from] item: Leftovers
|-damage|p2a: Blissey|94/100 brn|[from] brn
|upkeep
|turn|7
|
|t:|1758945763
|move|p1a: Iron Treads|Stealth Rock|p2a: Blissey
|-sidestart|p2: Team BBIO 38|move: Stealth Rock
|move|p2a: Blissey|Seismic Toss|p1a: Iron Treads
|-damage|p1a: Iron Treads|73/100
|
|-heal|p1a: Iron Treads|79/100|[from] item: Leftovers
|-heal|p2a: Blissey|100/100 brn|[from] item: Leftovers
|-damage|p2a: Blissey|94/100 brn|[from] brn
|upkeep
|turn|8
|
|t:|1758945771
|move|p1a: Iron Treads|Earthquake|p2a: Blissey
|-damage|p2a: Blissey|56/100 brn
|move|p2a: Blissey|Seismic Toss|p1a: Iron Treads
|-damage|p1a: Iron Treads|52/100
|
|-heal|p1a: Iron Treads|58/100|[from] item: Leftovers
|-heal|p2a: Blissey|62/100 brn|[from] item: Leftovers
|-damage|p2a: Blissey|56/100 brn|[from] brn
|upkeep
|turn|9
|
|t:|1758945779
|move|p1a: Iron Treads|Knock Off|p2a: Blissey
|-damage|p2a: Blissey|31/100 brn
|-enditem|p2a: Blissey|Leftovers|[from] move: Knock Off|[of] p1a: Iron Treads
|move|p2a: Blissey|Soft-Boiled|p2a: Blissey
|-heal|p2a: Blissey|81/100 brn
|
|-heal|p1a: Iron Treads|64/100|[from] item: Leftovers
|-damage|p2a: Blissey|75/100 brn|[from] brn
|upkeep
|turn|10
|
|t:|1758945787
|move|p1a: Iron Treads|Knock Off|p2a: Blissey
|-damage|p2a: Blissey|60/100 brn
|move|p2a: Blissey|Soft-Boiled|p2a: Blissey
|-heal|p2a: Blissey|100/100 brn
|
|-heal|p1a: Iron Treads|70/100|[from] item: Leftovers
|-damage|p2a: Blissey|94/100 brn|[from] brn
|upkeep
|turn|11
|
|t:|1758945795
|move|p1a: Iron Treads|Knock Off|p2a: Blissey
|-damage|p2a: Blissey|79/100 brn
|move|p2a: Blissey|Seismic Toss|p1a: Iron Treads
|-damage|p1a: Iron Treads|43/100
|
|-heal|p1a: Iron Treads|49/100|[from] item: Leftovers
|-damage|p2a: Blissey|73/100 brn|[from] brn
|upkeep
|turn|12
|
|t:|1758945802
|move|p1a: Iron Treads|Earthquake|p2a: Blissey
|-damage|p2a: Blissey|38/100 brn
|move|p2a: Blissey|Seismic Toss|p1a: Iron Treads
|-damage|p1a: Iron Treads|21/100
|
|-heal|p1a: Iron Treads|27/100|[from] item: Leftovers
|-damage|p2a: Blissey|32/100 brn|[from] brn
|upkeep
|turn|13
|
|t:|1758945811
|-curestatus|p2a: Blissey|brn|[from] ability: Natural Cure
|switch|p2a: Flamigo|Flamigo, M|100/100
|-damage|p2a: Flamigo|88/100|[from] Stealth Rock
|move|p1a: Iron Treads|Earthquake|p2a: Flamigo
|-immune|p2a: Flamigo
|
|-heal|p1a: Iron Treads|33/100|[from] item: Leftovers
|upkeep
|turn|14
|
|t:|1758945820
|-end|p1a: Iron Treads|Quark Drive|[silent]
|switch|p1a: Moltres|Moltres|100/100
|move|p2a: Flamigo|Close Combat|p1a: Moltres
|-resisted|p1a: Moltres
|-damage|p1a: Moltres|81/100
|-unboost|p2a: Flamigo|def|1
|-unboost|p2a: Flamigo|spd|1
|
|upkeep
|turn|15
|
|t:|1758945827
|switch|p2a: Blissey|Blissey, F|32/100
|-damage|p2a: Blissey|19/100|[from] Stealth Rock
|move|p1a: Moltres|Flamethrower|p2a: Blissey
|-damage|p2a: Blissey|5/100
|-status|p2a: Blissey|brn
|
|-damage|p2a: Blissey|0 fnt|[from] brn
|faint|p2a: Blissey
|upkeep
|
|t:|1758945838
|switch|p2a: Darkrai|Darkrai|100/100
|-damage|p2a: Darkrai|88/100|[from] Stealth Rock
|turn|16
|
|t:|1758945848
|switch|p1a: Iron Treads|Iron Treads|33/100
|move|p2a: Darkrai|Thunder|p1a: Iron Treads
|-immune|p1a: Iron Treads
|
|-heal|p1a: Iron Treads|39/100|[from] item: Leftovers
|upkeep
|turn|17
|
|t:|1758945858
|switch|p2a: Dusclops|Dusclops, M|100/100
|-damage|p2a: Dusclops|88/100|[from] Stealth Rock
|-item|p1a: Iron Treads|Leftovers|[from] ability: Frisk|[of] p2a: Dusclops
|move|p1a: Iron Treads|Rapid Spin|p2a: Dusclops
|-immune|p2a: Dusclops
|
|-heal|p1a: Iron Treads|45/100|[from] item: Leftovers
|upkeep
|turn|18
|
|t:|1758945867
|-end|p1a: Iron Treads|Quark Drive|[silent]
|switch|p1a: Moltres|Moltres|81/100
|move|p2a: Dusclops|Night Shade|p1a: Moltres
|-damage|p1a: Moltres|55/100
|
|upkeep
|turn|19
|
|t:|1758945874
|move|p1a: Moltres|Roost|p1a: Moltres
|-heal|p1a: Moltres|100/100
|-singleturn|p1a: Moltres|move: Roost
|move|p2a: Dusclops|Night Shade|p1a: Moltres
|-damage|p1a: Moltres|74/100
|
|upkeep
|turn|20
|
|t:|1758945882
|move|p1a: Moltres|Will-O-Wisp|p2a: Dusclops
|-status|p2a: Dusclops|brn
|move|p2a: Dusclops|Night Shade|p1a: Moltres
|-damage|p1a: Moltres|48/100
|
|-damage|p2a: Dusclops|82/100 brn|[from] brn
|upkeep
|turn|21
|
|t:|1758945890
|move|p1a: Moltres|Roost|p1a: Moltres
|-heal|p1a: Moltres|98/100
|-singleturn|p1a: Moltres|move: Roost
|move|p2a: Dusclops|Pain Split|p1a: Moltres
|-sethp|p1a: Moltres|80/100|[from] move: Pain Split|[silent]
|-sethp|p2a: Dusclops|100/100 brn|[from] move: Pain Split
|
|-damage|p2a: Dusclops|95/100 brn|[from] brn
|upkeep
|turn|22
|
|t:|1758945899
|switch|p1a: Dragapult|Dragapult, M|100/100
|move|p2a: Dusclops|Night Shade|p1a: Dragapult
|-damage|p1a: Dragapult|69/100
|
|-damage|p2a: Dusclops|89/100 brn|[from] brn
|upkeep
|turn|23
|
|t:|1758945908
|move|p1a: Dragapult|U-turn|p2a: Dusclops
|-resisted|p2a: Dusclops
|-damage|p2a: Dusclops|84/100 brn
|
|t:|1758945910
|switch|p1a: Moltres|Moltres|80/100|[from] U-turn
|move|p2a: Dusclops|Will-O-Wisp|p1a: Moltres
|-immune|p1a: Moltres
|
|-damage|p2a: Dusclops|78/100 brn|[from] brn
|upkeep
|turn|24
|
|t:|1758945923
|switch|p1a: Dragapult|Dragapult, M|69/100
|move|p2a: Dusclops|Night Shade|p1a: Dragapult
|-damage|p1a: Dragapult|37/100
|
|-damage|p2a: Dusclops|72/100 brn|[from] brn
|upkeep
|turn|25
|
|t:|1758945931
|move|p1a: Dragapult|Hex|p2a: Dusclops
|-supereffective|p2a: Dusclops
|-damage|p2a: Dusclops|0 fnt
|faint|p2a: Dusclops
|
|upkeep
|
|t:|1758945944
|switch|p2a: Rotom|Rotom|100/100
|-damage|p2a: Rotom|88/100|[from] Stealth Rock
|turn|26
|
|t:|1758945950
|move|p2a: Rotom|Hex|p1a: Dragapult
|-supereffective|p1a: Dragapult
|-damage|p1a: Dragapult|0 fnt
|faint|p1a: Dragapult
|
|upkeep
|
|t:|1758945959
|switch|p1a: Ogerpon|Ogerpon-Wellspring, F|100/100
|turn|27
|
|t:|1758945969
|switch|p2a: Flamigo|Flamigo, M|88/100
|-damage|p2a: Flamigo|76/100|[from] Stealth Rock
|move|p1a: Ogerpon|Swords Dance|p1a: Ogerpon
|-boost|p1a: Ogerpon|atk|2
|
|upkeep
|turn|28
|
|t:|1758945979
|switch|p1a: Iron Treads|Iron Treads|45/100
|move|p2a: Flamigo|Brave Bird|p1a: Iron Treads
|-resisted|p1a: Iron Treads
|-damage|p1a: Iron Treads|22/100
|-damage|p2a: Flamigo|67/100|[from] Recoil
|
|-heal|p1a: Iron Treads|28/100|[from] item: Leftovers
|upkeep
|turn|29
|
|t:|1758945989
|switch|p2a: Rotom|Rotom|88/100
|-damage|p2a: Rotom|76/100|[from] Stealth Rock
|move|p1a: Iron Treads|Knock Off|p2a: Rotom
|-supereffective|p2a: Rotom
|-damage|p2a: Rotom|0 fnt
|-enditem|p2a: Rotom|Choice Scarf|[from] move: Knock Off|[of] p1a: Iron Treads
|faint|p2a: Rotom
|
|-heal|p1a: Iron Treads|34/100|[from] item: Leftovers
|upkeep
|
|t:|1758946000
|switch|p2a: Darkrai|Darkrai|88/100
|-damage|p2a: Darkrai|76/100|[from] Stealth Rock
|turn|30
|
|t:|1758946008
|move|p2a: Darkrai|Dark Pulse|p1a: Iron Treads
|-damage|p1a: Iron Treads|0 fnt
|faint|p1a: Iron Treads
|-end|p1a: Iron Treads|Quark Drive|[silent]
|
|upkeep
|
|t:|1758946014
|switch|p1a: Abomasnow|Abomasnow, M|100/100
|-weather|Snowscape|[from] ability: Snow Warning|[of] p1a: Abomasnow
|turn|31
|
|t:|1758946019
|move|p2a: Darkrai|Dark Pulse|p1a: Abomasnow
|-damage|p1a: Abomasnow|62/100
|move|p1a: Abomasnow|Blizzard|p2a: Darkrai
|-damage|p2a: Darkrai|32/100
|
|-weather|Snowscape|[upkeep]
|upkeep
|turn|32
|
|t:|1758946025
|move|p2a: Darkrai|Dark Pulse|p1a: Abomasnow
|-damage|p1a: Abomasnow|26/100
|move|p1a: Abomasnow|Blizzard|p2a: Darkrai
|-damage|p2a: Darkrai|0 fnt
|faint|p2a: Darkrai
|
|-weather|Snowscape|[upkeep]
|upkeep
|
|t:|1758946033
|switch|p2a: Flamigo|Flamigo, M|67/100
|-damage|p2a: Flamigo|55/100|[from] Stealth Rock
|turn|33
|
|t:|1758946038
|switch|p1a: Moltres|Moltres|80/100
|move|p2a: Flamigo|Brave Bird|p1a: Moltres
|-damage|p1a: Moltres|35/100
|-status|p2a: Flamigo|brn|[from] ability: Flame Body|[of] p1a: Moltres
|-damage|p2a: Flamigo|37/100 brn|[from] Recoil
|
|-weather|Snowscape|[upkeep]
|-damage|p2a: Flamigo|31/100 brn|[from] brn
|upkeep
|turn|34
|
|t:|1758946047
|move|p2a: Flamigo|Brave Bird|p1a: Moltres
|-damage|p1a: Moltres|13/100
|-damage|p2a: Flamigo|22/100 brn|[from] Recoil
|move|p1a: Moltres|Roost|p1a: Moltres
|-heal|p1a: Moltres|63/100
|-singleturn|p1a: Moltres|move: Roost
|
|-weather|Snowscape|[upkeep]
|-damage|p2a: Flamigo|16/100 brn|[from] brn
|upkeep
|turn|35
|
|t:|1758946057
|switch|p1a: Abomasnow|Abomasnow, M|26/100
|move|p2a: Flamigo|Brave Bird|p1a: Abomasnow
|-supereffective|p1a: Abomasnow
|-damage|p1a: Abomasnow|0 fnt
|faint|p1a: Abomasnow
|-damage|p2a: Flamigo|5/100 brn|[from] Recoil
|
|-weather|none
|-damage|p2a: Flamigo|0 fnt|[from] brn
|faint|p2a: Flamigo
|upkeep
|
|t:|1758946066
|switch|p2a: Alaric|Latias, F|100/100
|switch|p1a: Iron Valiant|Iron Valiant|100/100
|-damage|p2a: Alaric|88/100|[from] Stealth Rock
|-enditem|p1a: Iron Valiant|Booster Energy
|-activate|p1a: Iron Valiant|ability: Quark Drive|[fromitem]
|-start|p1a: Iron Valiant|quarkdrivespe
|turn|36
|
|t:|1758946074
|-terastallize|p1a: Iron Valiant|Ghost
|-terastallize|p2a: Alaric|Steel
|move|p1a: Iron Valiant|Knock Off|p2a: Alaric
|-damage|p2a: Alaric|48/100
|-enditem|p2a: Alaric|Covert Cloak|[from] move: Knock Off|[of] p1a: Iron Valiant
|move|p2a: Alaric|Calm Mind|p2a: Alaric
|-boost|p2a: Alaric|spa|1
|-boost|p2a: Alaric|spd|1
|
|upkeep
|turn|37
|
|t:|1758946084
|move|p1a: Iron Valiant|Close Combat|p2a: Alaric
|-supereffective|p2a: Alaric
|-damage|p2a: Alaric|0 fnt
|-unboost|p1a: Iron Valiant|def|1
|-unboost|p1a: Iron Valiant|spd|1
|faint|p2a: Alaric
|
|win|thhrtg探头‘ ^ ’
|raw|thhrtg探头‘ ^ ’'s rating: 1447 &rarr; <strong>1461</strong><br />(+14 for winning)
|raw|Team BBIO 38's rating: 1341 &rarr; <strong>1327</strong><br />(-14 for losing)
|l|☆Team BBIO 38
|player|p2|
|l|☆thhrtg探头‘ ^ ’
|player|p1|
|j|☆thhrtg探头‘ ^ ’
|player|p1|thhrtg探头‘ ^ ’|acetrainerf|
