|j|☆StarDio
|j|☆SmallKuza1888
|t:|1759041692
|gametype|singles
|player|p1|StarDio|lance|1546
|player|p2|SmallKuza1888|cyclist-gen4|1678
|gen|9
|tier|[Gen 9] OU
|rated|
|rule|HP Percentage Mod: HP is shown in percentages
|rule|Endless Battle Clause: Forcing endless battles is banned
|rule|Species Clause: Limit one of each Pokémon
|rule|OHKO Clause: OHKO moves are banned
|rule|Evasion Items Clause: Evasion items are banned
|rule|Evasion Moves Clause: Evasion moves are banned
|rule|Evasion Abilities Clause: Evasion abilities are banned
|rule|Sleep Moves Clause: Sleep-inducing moves are banned
|clearpoke
|poke|p1|Lokix, F|
|poke|p1|Iron Crown|
|poke|p1|Gliscor, F|
|poke|p1|Garganacl, M|
|poke|p1|Pecharunt|
|poke|p1|Cinderace, F|
|poke|p2|Tinkaton, F|
|poke|p2|Gliscor, F|
|poke|p2|Hydrapple, F|
|poke|p2|Moltres|
|poke|p2|Great Tusk|
|poke|p2|Darkrai|
|teampreview
|inactive|Battle timer is ON: inactive players will automatically lose when time's up. (requested by StarDio)
|inactive|SmallKuza1888 has 120 seconds left.
|
|t:|1759041732
|teamsize|p1|6
|teamsize|p2|6
|start
|switch|p1a: Lokix|Lokix, F|100/100
|switch|p2a: Moltres|Moltres, shiny|100/100
|turn|1
|
|t:|1759041738
|switch|p1a: Garganacl|Garganacl, M|100/100
|move|p2a: Moltres|Roost||[still]
|-fail|p2a: Moltres|heal
|
|upkeep
|turn|2
|
|t:|1759041742
|switch|p2a: Hydrapple|Hydrapple, F, shiny|100/100
|move|p1a: Garganacl|Stealth Rock|p2a: Hydrapple
|-sidestart|p2: SmallKuza1888|move: Stealth Rock
|
|upkeep
|turn|3
|
|t:|1759041749
|switch|p1a: Iron Crown|Iron Crown|100/100
|move|p2a: Hydrapple|Earth Power|p1a: Iron Crown
|-supereffective|p1a: Iron Crown
|-damage|p1a: Iron Crown|34/100
|
|upkeep
|turn|4
|
|t:|1759041758
|switch|p2a: Moltres|Moltres, shiny|100/100
|-terastallize|p1a: Iron Crown|Steel
|move|p1a: Iron Crown|Tachyon Cutter|p2a: Moltres
|-resisted|p2a: Moltres
|-damage|p2a: Moltres|83/100
|-resisted|p2a: Moltres
|-damage|p2a: Moltres|66/100
|-hitcount|p2a: Moltres|2
|
|upkeep
|turn|5
|
|t:|1759041768
|-end|p1a: Iron Crown|Quark Drive|[silent]
|switch|p1a: Garganacl|Garganacl, M|100/100
|move|p2a: Moltres|Roost|p2a: Moltres
|-heal|p2a: Moltres|100/100
|-singleturn|p2a: Moltres|move: Roost
|
|upkeep
|turn|6
|
|t:|1759041772
|switch|p2a: Gliscor|Gliscor, F, shiny|100/100
|-damage|p2a: Gliscor|88/100|[from] Stealth Rock
|move|p1a: Garganacl|Salt Cure|p2a: Gliscor
|-damage|p2a: Gliscor|77/100
|-start|p2a: Gliscor|Salt Cure
|
|-damage|p2a: Gliscor|64/100|[from] Salt Cure
|-status|p2a: Gliscor|tox|[from] item: Toxic Orb
|upkeep
|turn|7
|
|t:|1759041778
|switch|p1a: Gliscor|Gliscor, F|100/100
|move|p2a: Gliscor|Knock Off|p1a: Gliscor
|-damage|p1a: Gliscor|82/100
|-enditem|p1a: Gliscor|Toxic Orb|[from] move: Knock Off|[of] p2a: Gliscor
|
|-heal|p2a: Gliscor|77/100 tox|[from] ability: Poison Heal
|-damage|p2a: Gliscor|64/100 tox|[from] Salt Cure
|upkeep
|turn|8
|-message|StarDio forfeited.
|
|win|SmallKuza1888
|raw|StarDio's rating: 1546 &rarr; <strong>1533</strong><br />(-13 for losing)
|raw|SmallKuza1888's rating: 1678 &rarr; <strong>1691</strong><br />(+13 for winning)
|l|☆StarDio
|player|p1|
