|j|☆SamiFawad
|j|☆Partynparadise
|t:|1758993058
|gametype|singles
|player|p1|SamiFawad|1|1625
|player|p2|Partynparadise|brock|1544
|gen|9
|tier|[Gen 9] OU
|rated|
|rule|HP Percentage Mod: HP is shown in percentages
|rule|Endless Battle Clause: Forcing endless battles is banned
|rule|Species Clause: Limit one of each Pokémon
|rule|OHKO Clause: OHKO moves are banned
|rule|Evasion Items Clause: Evasion items are banned
|rule|Evasion Moves Clause: Evasion moves are banned
|rule|Evasion Abilities Clause: Evasion abilities are banned
|rule|Sleep Moves Clause: Sleep-inducing moves are banned
|clearpoke
|poke|p1|Landorus-Therian, M|
|poke|p1|Samurott-Hisui, M|
|poke|p1|Great Tusk|
|poke|p1|Grimmsnarl, M|
|poke|p1|Slowking-Galar, F|
|poke|p1|Zamazenta-*|
|poke|p2|Great Tusk|
|poke|p2|Kyurem|
|poke|p2|Slowking-Galar, M|
|poke|p2|Moltres|
|poke|p2|Iron Valiant|
|poke|p2|Ogerpon-Wellspring, F|
|teampreview
|inactive|Battle timer is ON: inactive players will automatically lose when time's up. (requested by Partynparadise)
|
|t:|1758993063
|teamsize|p1|6
|teamsize|p2|6
|start
|switch|p1a: Grimmsnarl|Grimmsnarl, M|100/100
|switch|p2a: Ogerpon|Ogerpon-Wellspring, F|100/100
|turn|1
|
|t:|1758993070
|move|p1a: Grimmsnarl|Bulk Up|p1a: Grimmsnarl
|-boost|p1a: Grimmsnarl|atk|1
|-boost|p1a: Grimmsnarl|def|1
|move|p2a: Ogerpon|Encore|p1a: Grimmsnarl
|-start|p1a: Grimmsnarl|Encore
|
|upkeep
|turn|2
|
|t:|1758993075
|move|p1a: Grimmsnarl|Bulk Up|p1a: Grimmsnarl
|-boost|p1a: Grimmsnarl|atk|1
|-boost|p1a: Grimmsnarl|def|1
|move|p2a: Ogerpon|U-turn|p1a: Grimmsnarl
|-damage|p1a: Grimmsnarl|85/100
|
|t:|1758993077
|switch|p2a: Slowking|Slowking-Galar, M|100/100|[from] U-turn
|
|-heal|p1a: Grimmsnarl|91/100|[from] item: Leftovers
|upkeep
|turn|3
|
|t:|1758993086
|switch|p1a: Samurott|Samurott-Hisui, M|100/100
|-prepare|p2a: Slowking|Chilly Reception|[premajor]
|move|p2a: Slowking|Chilly Reception|p2a: Slowking
|-weather|Snowscape
|
|t:|1758993093
|switch|p2a: Ogerpon|Ogerpon-Wellspring, F|100/100|[from] Chilly Reception
|
|-weather|Snowscape|[upkeep]
|upkeep
|turn|4
|
|t:|1758993096
|move|p2a: Ogerpon|U-turn|p1a: Samurott
|-supereffective|p1a: Samurott
|-damage|p1a: Samurott|26/100
|
|t:|1758993099
|switch|p2a: Great Tusk|Great Tusk|100/100|[from] U-turn
|move|p1a: Samurott|Ceaseless Edge|p2a: Great Tusk
|-resisted|p2a: Great Tusk
|-damage|p2a: Great Tusk|88/100
|-damage|p1a: Samurott|9/100|[from] item: Rocky Helmet|[of] p2a: Great Tusk
|-sidestart|p2: Partynparadise|Spikes
|
|-weather|Snowscape|[upkeep]
|upkeep
|turn|5
|
|t:|1758993104
|switch|p1a: Great Tusk|Great Tusk|100/100
|move|p2a: Great Tusk|Rapid Spin|p1a: Great Tusk
|-damage|p1a: Great Tusk|94/100
|-boost|p2a: Great Tusk|spe|1
|-damage|p2a: Great Tusk|71/100|[from] item: Rocky Helmet|[of] p1a: Great Tusk
|-sideend|p2: Partynparadise|Spikes|[from] move: Rapid Spin|[of] p2a: Great Tusk
|
|-weather|Snowscape|[upkeep]
|upkeep
|turn|6
|
|t:|1758993108
|-end|p2a: Great Tusk|Protosynthesis|[silent]
|switch|p2a: Moltres|Moltres|100/100
|move|p1a: Great Tusk|Knock Off|p2a: Moltres
|-damage|p2a: Moltres|83/100
|-enditem|p2a: Moltres|Heavy-Duty Boots|[from] move: Knock Off|[of] p1a: Great Tusk
|
|-weather|Snowscape|[upkeep]
|upkeep
|turn|7
|
|t:|1758993113
|-end|p1a: Great Tusk|Protosynthesis|[silent]
|switch|p1a: Slowking|Slowking-Galar, F|100/100
|move|p2a: Moltres|U-turn|p1a: Slowking
|-damage|p1a: Slowking|85/100
|
|t:|1758993117
|switch|p2a: Kyurem|Kyurem, shiny|100/100|[from] U-turn
|-ability|p2a: Kyurem|Pressure
|
|-weather|none
|upkeep
|turn|8
|
|t:|1758993121
|move|p2a: Kyurem|Substitute|p2a: Kyurem
|-start|p2a: Kyurem|Substitute
|-damage|p2a: Kyurem|76/100
|move|p1a: Slowking|Future Sight|p2a: Kyurem
|-start|p1a: Slowking|move: Future Sight
|
|-heal|p2a: Kyurem|82/100|[from] item: Leftovers
|upkeep
|turn|9
|
|t:|1758993125
|move|p2a: Kyurem|Earth Power|p1a: Slowking
|-supereffective|p1a: Slowking
|-damage|p1a: Slowking|50/100
|move|p1a: Slowking|Sludge Bomb|p2a: Kyurem
|-end|p2a: Kyurem|Substitute
|
|-heal|p2a: Kyurem|88/100|[from] item: Leftovers
|upkeep
|turn|10
|
|t:|1758993131
|switch|p2a: Slowking|Slowking-Galar, M|100/100
|move|p1a: Slowking|Acid Spray|p2a: Slowking
|-resisted|p2a: Slowking
|-damage|p2a: Slowking|94/100
|-unboost|p2a: Slowking|spd|2
|
|-end|p2a: Slowking|move: Future Sight
|-damage|p2a: Slowking|24/100
|upkeep
|turn|11
|
|t:|1758993135
|move|p1a: Slowking|Future Sight|p2a: Slowking
|-start|p1a: Slowking|move: Future Sight
|-prepare|p2a: Slowking|Chilly Reception|[premajor]
|move|p2a: Slowking|Chilly Reception|p2a: Slowking
|-weather|Snowscape
|
|t:|1758993139
|switch|p2a: Ogerpon|Ogerpon-Wellspring, F|100/100|[from] Chilly Reception
|
|-weather|Snowscape|[upkeep]
|upkeep
|turn|12
|
|t:|1758993145
|switch|p1a: Zamazenta|Zamazenta|100/100
|-ability|p1a: Zamazenta|Dauntless Shield|boost
|-boost|p1a: Zamazenta|def|1
|move|p2a: Ogerpon|Knock Off|p1a: Zamazenta
|-resisted|p1a: Zamazenta
|-damage|p1a: Zamazenta|90/100
|-enditem|p1a: Zamazenta|Assault Vest|[from] move: Knock Off|[of] p2a: Ogerpon
|
|-weather|Snowscape|[upkeep]
|upkeep
|turn|13
|
|t:|1758993149
|switch|p2a: Slowking|Slowking-Galar, M|57/100
|move|p1a: Zamazenta|Stone Edge|p2a: Slowking
|-damage|p2a: Slowking|22/100
|
|-weather|Snowscape|[upkeep]
|-end|p2a: Slowking|move: Future Sight
|-damage|p2a: Slowking|0 fnt
|faint|p2a: Slowking
|upkeep
|
|t:|1758993157
|switch|p2a: Iron Valiant|Iron Valiant|100/100
|-enditem|p2a: Iron Valiant|Booster Energy
|-activate|p2a: Iron Valiant|ability: Quark Drive|[fromitem]
|-start|p2a: Iron Valiant|quarkdrivespe
|turn|14
|
|t:|1758993164
|-terastallize|p1a: Zamazenta|Steel
|move|p2a: Iron Valiant|Close Combat|p1a: Zamazenta
|-supereffective|p1a: Zamazenta
|-damage|p1a: Zamazenta|35/100
|-unboost|p2a: Iron Valiant|def|1
|-unboost|p2a: Iron Valiant|spd|1
|move|p1a: Zamazenta|Heavy Slam|p2a: Iron Valiant
|-supereffective|p2a: Iron Valiant
|-damage|p2a: Iron Valiant|0 fnt
|faint|p2a: Iron Valiant
|-end|p2a: Iron Valiant|Quark Drive|[silent]
|
|-weather|Snowscape|[upkeep]
|upkeep
|
|t:|1758993173
|switch|p2a: Moltres|Moltres|83/100
|turn|15
|
|t:|1758993177
|-terastallize|p2a: Moltres|Fairy
|move|p1a: Zamazenta|Stone Edge|p2a: Moltres
|-damage|p2a: Moltres|57/100
|move|p2a: Moltres|Flamethrower|p1a: Zamazenta
|-supereffective|p1a: Zamazenta
|-damage|p1a: Zamazenta|0 fnt
|faint|p1a: Zamazenta
|
|-weather|none
|upkeep
|
|t:|1758993191
|switch|p1a: Samurott|Samurott-Hisui, M|9/100
|turn|16
|
|t:|1758993194
|move|p1a: Samurott|Ceaseless Edge|p2a: Moltres
|-resisted|p2a: Moltres
|-damage|p2a: Moltres|42/100
|-sidestart|p2: Partynparadise|Spikes
|move|p2a: Moltres|Roost|p2a: Moltres
|-heal|p2a: Moltres|92/100
|
|upkeep
|turn|17
|
|t:|1758993198
|move|p1a: Samurott|Razor Shell|p2a: Moltres
|-damage|p2a: Moltres|60/100
|-unboost|p2a: Moltres|def|1
|move|p2a: Moltres|U-turn|p1a: Samurott
|-supereffective|p1a: Samurott
|-damage|p1a: Samurott|0 fnt
|faint|p1a: Samurott
|
|t:|1758993207
|switch|p2a: Ogerpon|Ogerpon-Wellspring, F|100/100|[from] U-turn
|-damage|p2a: Ogerpon|88/100|[from] Spikes
|
|upkeep
|
|t:|1758993210
|switch|p1a: Landorus|Landorus-Therian, M|100/100
|-ability|p1a: Landorus|Intimidate|boost
|-unboost|p2a: Ogerpon|atk|1
|turn|18
|
|t:|1758993220
|move|p1a: Landorus|U-turn|p2a: Ogerpon
|-supereffective|p2a: Ogerpon
|-damage|p2a: Ogerpon|6/100
|
|t:|1758993224
|switch|p1a: Grimmsnarl|Grimmsnarl, M|91/100|[from] U-turn
|move|p2a: Ogerpon|U-turn|p1a: Grimmsnarl
|-damage|p1a: Grimmsnarl|66/100
|
|t:|1758993227
|switch|p2a: Great Tusk|Great Tusk|71/100|[from] U-turn
|-damage|p2a: Great Tusk|59/100|[from] Spikes
|
|-heal|p1a: Grimmsnarl|72/100|[from] item: Leftovers
|upkeep
|turn|19
|
|t:|1758993231
|move|p1a: Grimmsnarl|Bulk Up|p1a: Grimmsnarl
|-boost|p1a: Grimmsnarl|atk|1
|-boost|p1a: Grimmsnarl|def|1
|move|p2a: Great Tusk|Rapid Spin|p1a: Grimmsnarl
|-damage|p1a: Grimmsnarl|60/100
|-boost|p2a: Great Tusk|spe|1
|-sideend|p2: Partynparadise|Spikes|[from] move: Rapid Spin|[of] p2a: Great Tusk
|
|-heal|p1a: Grimmsnarl|66/100|[from] item: Leftovers
|upkeep
|turn|20
|
|t:|1758993234
|move|p1a: Grimmsnarl|Bulk Up|p1a: Grimmsnarl
|-boost|p1a: Grimmsnarl|atk|1
|-boost|p1a: Grimmsnarl|def|1
|move|p2a: Great Tusk|Knock Off|p1a: Grimmsnarl
|-resisted|p1a: Grimmsnarl
|-damage|p1a: Grimmsnarl|62/100
|-enditem|p1a: Grimmsnarl|Leftovers|[from] move: Knock Off|[of] p2a: Great Tusk
|
|upkeep
|turn|21
|
|t:|1758993239
|-end|p2a: Great Tusk|Protosynthesis|[silent]
|switch|p2a: Moltres|Moltres, tera:Fairy|60/100
|move|p1a: Grimmsnarl|Spirit Break|p2a: Moltres
|-damage|p2a: Moltres|0 fnt
|faint|p2a: Moltres
|
|upkeep
|
|t:|1758993244
|switch|p2a: Ogerpon|Ogerpon-Wellspring, F|6/100
|turn|22
|
|t:|1758993253
|move|p2a: Ogerpon|Ivy Cudgel|p1a: Grimmsnarl|[anim] Ivy Cudgel Water
|-damage|p1a: Grimmsnarl|28/100
|move|p1a: Grimmsnarl|Drain Punch|p2a: Ogerpon
|-damage|p2a: Ogerpon|0 fnt
|-heal|p1a: Grimmsnarl|30/100|[from] drain|[of] p2a: Ogerpon
|faint|p2a: Ogerpon
|
|upkeep
|
|t:|1758993256
|switch|p2a: Kyurem|Kyurem, shiny|88/100
|-ability|p2a: Kyurem|Pressure
|turn|23
|
|t:|1758993259
|move|p1a: Grimmsnarl|Sucker Punch|p2a: Kyurem
|-damage|p2a: Kyurem|23/100
|move|p2a: Kyurem|Freeze-Dry|p1a: Grimmsnarl
|-damage|p1a: Grimmsnarl|0 fnt
|faint|p1a: Grimmsnarl
|
|-heal|p2a: Kyurem|29/100|[from] item: Leftovers
|upkeep
|
|t:|1758993265
|switch|p1a: Landorus|Landorus-Therian, M|100/100
|-ability|p1a: Landorus|Intimidate|boost
|-unboost|p2a: Kyurem|atk|1
|turn|24
|
|t:|1758993267
|move|p2a: Kyurem|Protect|p2a: Kyurem
|-singleturn|p2a: Kyurem|Protect
|move|p1a: Landorus|Earthquake|p2a: Kyurem
|-activate|p2a: Kyurem|move: Protect
|
|-heal|p2a: Kyurem|35/100|[from] item: Leftovers
|upkeep
|turn|25
|
|t:|1758993274
|move|p1a: Landorus|Earthquake|p2a: Kyurem
|-damage|p2a: Kyurem|0 fnt
|faint|p2a: Kyurem
|
|upkeep
|
|t:|1758993276
|switch|p2a: Great Tusk|Great Tusk|59/100
|turn|26
|
|t:|1758993279
|move|p1a: Landorus|Earthquake|p2a: Great Tusk
|-damage|p2a: Great Tusk|26/100
|move|p2a: Great Tusk|Rapid Spin|p1a: Landorus
|-damage|p1a: Landorus|82/100
|-boost|p2a: Great Tusk|spe|1
|
|upkeep
|turn|27
|
|t:|1758993284
|move|p1a: Landorus|Earthquake|p2a: Great Tusk
|-damage|p2a: Great Tusk|0 fnt
|faint|p2a: Great Tusk
|-end|p2a: Great Tusk|Protosynthesis|[silent]
|
|win|SamiFawad
|raw|SamiFawad's rating: 1625 &rarr; <strong>1640</strong><br />(+15 for winning)
|raw|Partynparadise's rating: 1544 &rarr; <strong>1529</strong><br />(-15 for losing)
|l|☆Partynparadise
|player|p2|
|l|☆SamiFawad
|player|p1|
