|j|☆ggzbroski
|j|☆gedagideegeda
|t:|1759049804
|gametype|singles
|player|p1|ggzbroski|265|1157
|player|p2|gedagideegeda|blackbelt|1176
|gen|9
|tier|[Gen 9] OU
|rated|
|rule|HP Percentage Mod: HP is shown in percentages
|rule|Endless Battle Clause: Forcing endless battles is banned
|rule|Species Clause: Limit one of each Pokémon
|rule|OHKO Clause: OHKO moves are banned
|rule|Evasion Items Clause: Evasion items are banned
|rule|Evasion Moves Clause: Evasion moves are banned
|rule|Evasion Abilities Clause: Evasion abilities are banned
|rule|Sleep Moves Clause: Sleep-inducing moves are banned
|clearpoke
|poke|p1|Darkrai|
|poke|p1|Raging Bolt|
|poke|p1|Corviknight, M|
|poke|p1|Gyarados, F|
|poke|p1|Dragapult, F|
|poke|p1|Garchomp, M|
|poke|p2|Alomomola, F|
|poke|p2|Pawmot, M|
|poke|p2|Cinderace, F|
|poke|p2|Heatran, M|
|poke|p2|Regidrago|
|poke|p2|Gholdengo|
|teampreview
|
|t:|1759049814
|teamsize|p1|6
|teamsize|p2|6
|start
|switch|p1a: Gyarados|Gyarados, F|100/100
|switch|p2a: Cinderace|Cinderace, F|100/100
|turn|1
|j| infopro play392
|
|t:|1759049820
|move|p2a: Cinderace|U-turn|p1a: Gyarados
|-start|p2a: Cinderace|typechange|Bug|[from] ability: Libero
|-resisted|p1a: Gyarados
|-damage|p1a: Gyarados|78/100
|
|t:|1759049825
|switch|p2a: Pawmot|Pawmot, M|100/100|[from] U-turn
|move|p1a: Gyarados|Dragon Dance|p1a: Gyarados
|-boost|p1a: Gyarados|atk|1
|-boost|p1a: Gyarados|spe|1
|
|upkeep
|turn|2
|
|t:|1759049835
|move|p2a: Pawmot|Fake Out|p1a: Gyarados
|-damage|p1a: Gyarados|63/100
|cant|p1a: Gyarados|flinch
|
|upkeep
|turn|3
|
|t:|1759049842
|move|p1a: Gyarados|Earthquake|p2a: Pawmot
|-supereffective|p2a: Pawmot
|-enditem|p2a: Pawmot|Focus Sash
|-damage|p2a: Pawmot|1/100
|move|p2a: Pawmot|Supercell Slam|p1a: Gyarados
|-supereffective|p1a: Gyarados
|-damage|p1a: Gyarados|0 fnt
|faint|p1a: Gyarados
|
|upkeep
|
|t:|1759049847
|switch|p1a: Darkrai|Darkrai|100/100
|-item|p1a: Darkrai|Air Balloon
|turn|4
|
|t:|1759049866
|switch|p2a: Cinderace|Cinderace, F|100/100
|-terastallize|p1a: Darkrai|Electric
|move|p1a: Darkrai|Charge Beam|p2a: Cinderace
|-damage|p2a: Cinderace|50/100
|-boost|p1a: Darkrai|spa|1
|
|upkeep
|turn|5
|
|t:|1759049879
|move|p1a: Darkrai|Charge Beam|p2a: Cinderace
|-damage|p2a: Cinderace|0 fnt
|faint|p2a: Cinderace
|
|upkeep
|
|t:|1759049884
|switch|p2a: Heatran|Heatran, M|100/100
|turn|6
|
|t:|1759049887
|move|p1a: Darkrai|Charge Beam|p2a: Heatran
|-damage|p2a: Heatran|60/100
|move|p2a: Heatran|Magma Storm|p1a: Darkrai
|-damage|p1a: Darkrai|30/100
|-activate|p1a: Darkrai|move: Magma Storm|[of] p2a: Heatran
|-enditem|p1a: Darkrai|Air Balloon
|
|-damage|p1a: Darkrai|18/100|[from] move: Magma Storm|[partiallytrapped]
|upkeep
|turn|7
|
|t:|1759049897
|move|p1a: Darkrai|Dark Pulse|p2a: Heatran
|-damage|p2a: Heatran|3/100
|cant|p2a: Heatran|flinch
|
|-damage|p1a: Darkrai|5/100|[from] move: Magma Storm|[partiallytrapped]
|upkeep
|turn|8
|l| infopro play392
|
|t:|1759049907
|move|p1a: Darkrai|Dark Pulse|p2a: Heatran
|-damage|p2a: Heatran|0 fnt
|faint|p2a: Heatran
|
|-end|p1a: Darkrai|Magma Storm|[partiallytrapped]|[silent]
|upkeep
|
|t:|1759049914
|switch|p2a: Pawmot|Pawmot, M|1/100
|turn|9
|
|t:|1759049917
|move|p2a: Pawmot|Fake Out|p1a: Darkrai
|-damage|p1a: Darkrai|0 fnt
|faint|p1a: Darkrai
|
|upkeep
|
|t:|1759049920
|switch|p1a: Garchomp|Garchomp, M|100/100
|turn|10
|
|t:|1759049928
|switch|p2a: Alomomola|Alomomola, F|100/100
|move|p1a: Garchomp|Dragon Tail|p2a: Alomomola
|-damage|p2a: Alomomola|80/100
|drag|p2a: Gholdengo|Gholdengo|100/100
|-item|p2a: Gholdengo|Air Balloon
|
|upkeep
|turn|11
|
|t:|1759049937
|move|p2a: Gholdengo|Make It Rain|p1a: Garchomp
|-damage|p1a: Garchomp|60/100
|-unboost|p2a: Gholdengo|spa|1
|move|p1a: Garchomp|Liquidation|p2a: Gholdengo
|-damage|p2a: Gholdengo|64/100
|-enditem|p2a: Gholdengo|Air Balloon
|
|upkeep
|turn|12
|-message|gedagideegeda forfeited.
|
|win|ggzbroski
|raw|ggzbroski's rating: 1157 &rarr; <strong>1183</strong><br />(+26 for winning)
|raw|gedagideegeda's rating: 1176 &rarr; <strong>1150</strong><br />(-26 for losing)
|l|☆gedagideegeda
|player|p2|
|l|☆ggzbroski
|player|p1|
