|j|‽theonlydork
|j|☆thhrtg探头‘ ^ ’
|t:|1758949896
|gametype|singles
|player|p1|theonlydork|266|1482
|player|p2|thhrtg探头‘ ^ ’|acetrainerf|1462
|gen|9
|tier|[Gen 9] OU
|rated|
|rule|HP Percentage Mod: HP is shown in percentages
|rule|Endless Battle Clause: Forcing endless battles is banned
|rule|Species Clause: Limit one of each Pokémon
|rule|OHKO Clause: OHKO moves are banned
|rule|Evasion Items Clause: Evasion items are banned
|rule|Evasion Moves Clause: Evasion moves are banned
|rule|Evasion Abilities Clause: Evasion abilities are banned
|rule|Sleep Moves Clause: Sleep-inducing moves are banned
|clearpoke
|poke|p1|Ursaluna, M|
|poke|p1|Cresselia, F|
|poke|p1|Iron Valiant|
|poke|p1|Hatterene, F|
|poke|p1|Keldeo-Resolute|
|poke|p1|Ogerpon, F|
|poke|p2|Abomasnow, M|
|poke|p2|Iron Treads|
|poke|p2|Moltres|
|poke|p2|Dragapult, F|
|poke|p2|Primarina, F|
|poke|p2|Iron Valiant|
|teampreview
|inactive|Battle timer is ON: inactive players will automatically lose when time's up. (requested by thhrtg探头‘ ^ ’)
|
|t:|1758949913
|teamsize|p1|6
|teamsize|p2|6
|start
|switch|p1a: Keldeo|Keldeo-Resolute|100/100
|switch|p2a: Moltres|Moltres|100/100
|turn|1
|
|t:|1758949919
|switch|p2a: Abomasnow|Abomasnow, M|100/100
|-weather|Snowscape|[from] ability: Snow Warning|[of] p2a: Abomasnow
|move|p1a: Keldeo|Secret Sword|p2a: Abomasnow
|-supereffective|p2a: Abomasnow
|-damage|p2a: Abomasnow|8/100
|
|-weather|Snowscape|[upkeep]
|upkeep
|turn|2
|
|t:|1758949928
|switch|p1a: Cresselia|Cresselia, F, shiny|100/100
|move|p2a: Abomasnow|Leaf Storm|p1a: Cresselia|[miss]
|-miss|p2a: Abomasnow|p1a: Cresselia
|
|-weather|Snowscape|[upkeep]
|upkeep
|turn|3
|
|t:|1758949935
|move|p2a: Abomasnow|Blizzard|p1a: Cresselia
|-damage|p1a: Cresselia|81/100
|move|p1a: Cresselia|Trick Room|p1a: Cresselia
|-fieldstart|move: Trick Room|[of] p1a: Cresselia
|
|-weather|Snowscape|[upkeep]
|upkeep
|turn|4
|
|t:|1758949956
|move|p2a: Abomasnow|Blizzard|p1a: Cresselia
|-damage|p1a: Cresselia|60/100
|move|p1a: Cresselia|Psychic|p2a: Abomasnow
|-damage|p2a: Abomasnow|0 fnt
|faint|p2a: Abomasnow
|
|-weather|Snowscape|[upkeep]
|upkeep
|
|t:|1758949969
|switch|p2a: Primarina|Primarina, F|100/100
|turn|5
|
|t:|1758949986
|move|p1a: Cresselia|Lunar Dance|p1a: Cresselia
|faint|p1a: Cresselia
|move|p2a: Primarina|Psychic Noise|p1: Cresselia|[notarget]
|-fail|p2a: Primarina
|
|-weather|none
|upkeep
|
|t:|1758949990
|switch|p1a: Ursaluna|Ursaluna, M, shiny|100/100
|turn|6
|
|t:|1758949996
|-terastallize|p1a: Ursaluna|Normal
|move|p1a: Ursaluna|Facade|p2a: Primarina
|-damage|p2a: Primarina|23/100
|move|p2a: Primarina|Surf|p1a: Ursaluna
|-damage|p1a: Ursaluna|32/100
|
|-status|p1a: Ursaluna|brn|[from] item: Flame Orb
|upkeep
|turn|7
|
|t:|1758950007
|move|p1a: Ursaluna|Headlong Rush|p2a: Primarina
|-damage|p2a: Primarina|0 fnt
|-unboost|p1a: Ursaluna|def|1
|-unboost|p1a: Ursaluna|spd|1
|faint|p2a: Primarina
|
|-damage|p1a: Ursaluna|26/100 brn|[from] brn
|-fieldend|move: Trick Room
|upkeep
|
|t:|1758950029
|switch|p2a: Dragapult|Dragapult, F|100/100
|turn|8
|
|t:|1758950050
|switch|p1a: Hatterene|Hatterene, F, shiny|100/100
|move|p2a: Dragapult|Hex|p1a: Hatterene
|-supereffective|p1a: Hatterene
|-damage|p1a: Hatterene|32/100
|
|upkeep
|turn|9
|
|t:|1758950059
|switch|p1a: Iron Valiant|Iron Valiant|100/100
|-enditem|p1a: Iron Valiant|Booster Energy
|-activate|p1a: Iron Valiant|ability: Quark Drive|[fromitem]
|-start|p1a: Iron Valiant|quarkdrivespe
|move|p2a: Dragapult|Hex|p1a: Iron Valiant
|-damage|p1a: Iron Valiant|41/100
|
|upkeep
|turn|10
|
|t:|1758950064
|switch|p2a: Moltres|Moltres|100/100
|move|p1a: Iron Valiant|Moonblast|p2a: Moltres
|-resisted|p2a: Moltres
|-damage|p2a: Moltres|77/100
|
|upkeep
|turn|11
|
|t:|1758950068
|move|p1a: Iron Valiant|Destiny Bond|p1a: Iron Valiant
|-singlemove|p1a: Iron Valiant|Destiny Bond
|move|p2a: Moltres|Flamethrower|p1a: Iron Valiant
|-damage|p1a: Iron Valiant|0 fnt
|faint|p1a: Iron Valiant
|-activate|p1a: Iron Valiant|move: Destiny Bond
|-end|p1a: Iron Valiant|Quark Drive|[silent]
|faint|p2a: Moltres
|
|upkeep
|
|t:|1758950079
|switch|p1a: Ogerpon|Ogerpon, F|100/100
|switch|p2a: Iron Valiant|Iron Valiant|100/100
|-enditem|p2a: Iron Valiant|Booster Energy
|-activate|p2a: Iron Valiant|ability: Quark Drive|[fromitem]
|-start|p2a: Iron Valiant|quarkdrivespe
|turn|12
|inactive|thhrtg探头‘ ^ ’ has 120 seconds left.
|
|t:|1758950120
|move|p2a: Iron Valiant|Close Combat|p1a: Ogerpon
|-damage|p1a: Ogerpon|13/100
|-unboost|p2a: Iron Valiant|def|1
|-unboost|p2a: Iron Valiant|spd|1
|move|p1a: Ogerpon|Ivy Cudgel|p2a: Iron Valiant
|-damage|p2a: Iron Valiant|0 fnt
|faint|p2a: Iron Valiant
|-end|p2a: Iron Valiant|Quark Drive|[silent]
|
|upkeep
|
|t:|1758950130
|switch|p2a: Iron Treads|Iron Treads|100/100
|turn|13
|
|t:|1758950135
|move|p1a: Ogerpon|Ivy Cudgel|p2a: Iron Treads
|-damage|p2a: Iron Treads|39/100
|move|p2a: Iron Treads|Rapid Spin|p1a: Ogerpon
|-damage|p1a: Ogerpon|0 fnt
|-boost|p2a: Iron Treads|spe|1
|faint|p1a: Ogerpon
|
|-heal|p2a: Iron Treads|45/100|[from] item: Leftovers
|upkeep
|
|t:|1758950149
|switch|p1a: Hatterene|Hatterene, F, shiny|32/100
|-heal|p1a: Hatterene|100/100|[from] move: Lunar Dance
|turn|14
|
|t:|1758950154
|move|p2a: Iron Treads|Earthquake|p1a: Hatterene
|-damage|p1a: Hatterene|52/100
|move|p1a: Hatterene|Trick Room|p1a: Hatterene
|-fieldstart|move: Trick Room|[of] p1a: Hatterene
|
|-heal|p2a: Iron Treads|51/100|[from] item: Leftovers
|upkeep
|turn|15
|
|t:|1758950163
|move|p1a: Hatterene|Healing Wish|p1a: Hatterene
|faint|p1a: Hatterene
|move|p2a: Iron Treads|Earthquake|p1: Hatterene|[notarget]
|-fail|p2a: Iron Treads
|
|-heal|p2a: Iron Treads|57/100|[from] item: Leftovers
|upkeep
|
|t:|1758950166
|switch|p1a: Ursaluna|Ursaluna, M, shiny, tera:Normal|26/100 brn
|-heal|p1a: Ursaluna|100/100|[from] move: Healing Wish
|turn|16
|
|t:|1758950175
|move|p1a: Ursaluna|Headlong Rush|p2a: Iron Treads
|-supereffective|p2a: Iron Treads
|-crit|p2a: Iron Treads
|-damage|p2a: Iron Treads|0 fnt
|-unboost|p1a: Ursaluna|def|1
|-unboost|p1a: Ursaluna|spd|1
|faint|p2a: Iron Treads
|-end|p2a: Iron Treads|Quark Drive|[silent]
|
|-status|p1a: Ursaluna|brn|[from] item: Flame Orb
|upkeep
|
|t:|1758950179
|switch|p2a: Dragapult|Dragapult, F|100/100
|turn|17
|
|t:|1758950184
|move|p1a: Ursaluna|Headlong Rush|p2a: Dragapult
|-damage|p2a: Dragapult|0 fnt
|-unboost|p1a: Ursaluna|def|1
|-unboost|p1a: Ursaluna|spd|1
|faint|p2a: Dragapult
|
|win|theonlydork
|raw|theonlydork's rating: 1482 &rarr; <strong>1501</strong><br />(+19 for winning)
|raw|thhrtg探头‘ ^ ’'s rating: 1462 &rarr; <strong>1443</strong><br />(-19 for losing)
|l|‽theonlydork
|player|p1|
|l|☆thhrtg探头‘ ^ ’
|player|p2|
