|j|☆arkeis
|j|☆duckycrater
|inactive|Battle timer is ON: inactive players will automatically lose when time's up.
|t:|1758915926
|gametype|singles
|player|p1|arkeis|drayden|
|player|p2|duckycrater|2|
|gen|9
|tier|[Gen 9] OU
|rated|Tournament battle
|rule|HP Percentage Mod: HP is shown in percentages
|rule|Endless Battle Clause: Forcing endless battles is banned
|rule|Species Clause: Limit one of each Pokémon
|rule|OHKO Clause: OHKO moves are banned
|rule|Evasion Items Clause: Evasion items are banned
|rule|Evasion Moves Clause: Evasion moves are banned
|rule|Evasion Abilities Clause: Evasion abilities are banned
|rule|Sleep Moves Clause: Sleep-inducing moves are banned
|rule|Force of the Fallen Mod: Pok&émon pass the move in their last moveslot to their allies when they're KOed
|rule|Terastal Clause: You cannot Terastallize
|raw|<div class="infobox"><details class="readmore"><summary><strong>18 custom rules:</strong></summary> Force of the Fallen Mod, Standard OMs, Terastal Clause, -Enamorus, -Falinks, -Komala, -Kommo-o, -Lilligant-Hisui, -Rage Fist, *Belly Drum, *Extreme Speed, *Population Bomb, *Quiver Dance, *Revival Blessing, *Shell Smash, -Booster Energy, *Tail Glow, -Smeargle</details></div>
|clearpoke
|poke|p1|Dondozo, M|
|poke|p1|Cresselia, F|
|poke|p1|Glimmora, F|
|poke|p1|Toedscruel, F|
|poke|p1|Garganacl, M|
|poke|p1|Gholdengo|
|poke|p2|Raging Bolt|
|poke|p2|Walking Wake|
|poke|p2|Ninetales, F|
|poke|p2|Iron Moth|
|poke|p2|Great Tusk|
|poke|p2|Hatterene, F|
|teampreview
|j|*Lady Monita ☀
|c|☆duckycrater|glhf
|
|t:|1758915939
|teamsize|p1|6
|teamsize|p2|6
|start
|switch|p1a: Garganacl|Garganacl, M, shiny|100/100
|switch|p2a: Ninetales|Ninetales, F|100/100
|-weather|SunnyDay|[from] ability: Drought|[of] p2a: Ninetales
|turn|1
|
|t:|1758915956
|switch|p2a: Hatterene|Hatterene, F|100/100
|move|p1a: Garganacl|Salt Cure|p2a: Hatterene
|-damage|p2a: Hatterene|88/100
|-start|p2a: Hatterene|Salt Cure
|-enditem|p2a: Hatterene|Eject Button
|
|t:|1758915959
|switch|p2a: Walking Wake|Walking Wake|100/100
|-activate|p2a: Walking Wake|ability: Protosynthesis
|-start|p2a: Walking Wake|protosynthesisspe
|
|-weather|SunnyDay|[upkeep]
|upkeep
|turn|2
|
|t:|1758915968
|switch|p1a: Cresselia|Cresselia, F|100/100
|move|p2a: Walking Wake|Hydro Steam|p1a: Cresselia
|-damage|p1a: Cresselia|60/100
|
|-weather|SunnyDay|[upkeep]
|-heal|p1a: Cresselia|66/100|[from] item: Leftovers
|upkeep
|turn|3
|
|t:|1758915988
|move|p2a: Walking Wake|Hydro Steam|p1a: Cresselia
|-damage|p1a: Cresselia|21/100
|move|p1a: Cresselia|Moonlight|p1a: Cresselia
|-heal|p1a: Cresselia|87/100
|
|-weather|SunnyDay|[upkeep]
|-heal|p1a: Cresselia|94/100|[from] item: Leftovers
|upkeep
|turn|4
|
|t:|1758915993
|move|p2a: Walking Wake|Hydro Steam|p1a: Cresselia
|-damage|p1a: Cresselia|46/100
|move|p1a: Cresselia|Moonblast|p2a: Walking Wake
|-supereffective|p2a: Walking Wake
|-damage|p2a: Walking Wake|58/100
|
|-weather|SunnyDay|[upkeep]
|-heal|p1a: Cresselia|52/100|[from] item: Leftovers
|upkeep
|turn|5
|
|t:|1758915999
|move|p2a: Walking Wake|Hydro Steam|p1a: Cresselia
|-damage|p1a: Cresselia|11/100
|move|p1a: Cresselia|Moonlight|p1a: Cresselia
|-heal|p1a: Cresselia|78/100
|
|-weather|SunnyDay|[upkeep]
|-heal|p1a: Cresselia|84/100|[from] item: Leftovers
|upkeep
|turn|6
|
|t:|1758916002
|-end|p2a: Walking Wake|Protosynthesis|[silent]
|switch|p2a: Ninetales|Ninetales, F|100/100
|move|p1a: Cresselia|Moonblast|p2a: Ninetales
|-resisted|p2a: Ninetales
|-damage|p2a: Ninetales|91/100
|-unboost|p2a: Ninetales|spa|1
|
|-weather|SunnyDay|[upkeep]
|-heal|p1a: Cresselia|90/100|[from] item: Leftovers
|upkeep
|turn|7
|
|t:|1758916017
|switch|p2a: Hatterene|Hatterene, F|88/100
|switch|p1a: Garganacl|Garganacl, M, shiny|100/100
|
|-weather|SunnyDay|[upkeep]
|upkeep
|turn|8
|
|t:|1758916025
|switch|p2a: Great Tusk|Great Tusk|100/100
|-activate|p2a: Great Tusk|ability: Protosynthesis
|-start|p2a: Great Tusk|protosynthesisatk
|move|p1a: Garganacl|Salt Cure|p2a: Great Tusk
|-resisted|p2a: Great Tusk
|-damage|p2a: Great Tusk|98/100
|-start|p2a: Great Tusk|Salt Cure
|
|-weather|none
|-end|p2a: Great Tusk|Protosynthesis
|-damage|p2a: Great Tusk|86/100|[from] Salt Cure
|upkeep
|turn|9
|
|t:|1758916030
|switch|p1a: Glimmora|Glimmora, F|100/100
|move|p2a: Great Tusk|Stealth Rock|p1a: Glimmora
|-sidestart|p1: arkeis|move: Stealth Rock
|
|-damage|p2a: Great Tusk|73/100|[from] Salt Cure
|upkeep
|turn|10
|
|t:|1758916033
|move|p2a: Great Tusk|Headlong Rush|p1a: Glimmora
|-supereffective|p1a: Glimmora
|-enditem|p1a: Glimmora|Focus Sash
|-damage|p1a: Glimmora|1/100
|-unboost|p2a: Great Tusk|def|1
|-unboost|p2a: Great Tusk|spd|1
|-activate|p1a: Glimmora|ability: Toxic Debris
|-sidestart|p2: duckycrater|move: Toxic Spikes
|move|p1a: Glimmora|Mortal Spin|p2a: Great Tusk
|-resisted|p2a: Great Tusk
|-damage|p2a: Great Tusk|70/100
|-status|p2a: Great Tusk|psn
|-sideend|p1: arkeis|Stealth Rock|[from] move: Mortal Spin|[of] p1a: Glimmora
|
|-damage|p2a: Great Tusk|57/100 psn|[from] psn
|-damage|p2a: Great Tusk|45/100 psn|[from] Salt Cure
|upkeep
|turn|11
|
|t:|1758916039
|move|p1a: Glimmora|Spiky Shield|p1a: Glimmora
|-singleturn|p1a: Glimmora|move: Protect
|move|p2a: Great Tusk|Ice Spinner|p1a: Glimmora
|-activate|p1a: Glimmora|move: Protect
|-damage|p2a: Great Tusk|33/100 psn|[from] Spiky Shield|[of] p1a: Glimmora
|
|-damage|p2a: Great Tusk|20/100 psn|[from] psn
|-damage|p2a: Great Tusk|8/100 psn|[from] Salt Cure
|upkeep
|turn|12
|
|t:|1758916043
|switch|p1a: Gholdengo|Gholdengo|100/100
|move|p2a: Great Tusk|Stealth Rock|p1a: Gholdengo
|-sidestart|p1: arkeis|move: Stealth Rock
|
|-damage|p2a: Great Tusk|0 fnt|[from] psn
|faint|p2a: Great Tusk
|-end|p2a: Great Tusk|Protosynthesis|[silent]
|upkeep
|
|t:|1758916045
|switch|p2a: Iron Moth|Iron Moth|100/100
|-sideend|p2: duckycrater|move: Toxic Spikes|[of] p2a: Iron Moth
|turn|13
|
|t:|1758916056
|switch|p1a: Glimmora|Glimmora, F|1/100
|-damage|p1a: Glimmora|0 fnt|[from] Stealth Rock
|faint|p1a: Glimmora
|-end|p2a: Iron Moth|Quark Drive|[silent]
|switch|p2a: Ninetales|Ninetales, F|91/100
|-weather|SunnyDay|[from] ability: Drought|[of] p2a: Ninetales
|
|-weather|SunnyDay|[upkeep]
|upkeep
|
|t:|1758916059
|switch|p1a: Garganacl|Garganacl, M, shiny|100/100
|-damage|p1a: Garganacl|88/100|[from] Stealth Rock
|turn|14
|
|t:|1758916066
|switch|p2a: Hatterene|Hatterene, F|88/100
|move|p1a: Garganacl|Salt Cure|p2a: Hatterene
|-damage|p2a: Hatterene|76/100
|-start|p2a: Hatterene|Salt Cure
|
|-weather|SunnyDay|[upkeep]
|-heal|p1a: Garganacl|94/100|[from] item: Leftovers
|-damage|p2a: Hatterene|64/100|[from] Salt Cure
|upkeep
|turn|15
|
|t:|1758916070
|move|p2a: Hatterene|Psychic Noise|p1a: Garganacl
|-damage|p1a: Garganacl|71/100
|-start|p1a: Garganacl|move: Heal Block
|move|p1a: Garganacl|Mortal Spin|p2a: Hatterene
|-supereffective|p2a: Hatterene
|-damage|p2a: Hatterene|52/100
|-status|p2a: Hatterene|psn
|-sideend|p1: arkeis|Stealth Rock|[from] move: Mortal Spin|[of] p1a: Garganacl
|
|-weather|SunnyDay|[upkeep]
|-damage|p2a: Hatterene|39/100 psn|[from] psn
|-damage|p2a: Hatterene|27/100 psn|[from] Salt Cure
|upkeep
|turn|16
|
|t:|1758916076
|move|p2a: Hatterene|Healing Wish|p2a: Hatterene
|faint|p2a: Hatterene
|move|p1a: Garganacl|Salt Cure|p2: Hatterene|[notarget]
|-fail|p1a: Garganacl
|
|-weather|SunnyDay|[upkeep]
|-end|p1a: Garganacl|move: Heal Block
|upkeep
|
|t:|1758916091
|switch|p2a: Walking Wake|Walking Wake|58/100
|-heal|p2a: Walking Wake|100/100|[from] move: Healing Wish
|-activate|p2a: Walking Wake|ability: Protosynthesis
|-start|p2a: Walking Wake|protosynthesisspe
|turn|17
|
|t:|1758916097
|switch|p1a: Cresselia|Cresselia, F|90/100
|move|p2a: Walking Wake|Hydro Steam|p1a: Cresselia
|-damage|p1a: Cresselia|49/100
|
|-weather|SunnyDay|[upkeep]
|-heal|p1a: Cresselia|55/100|[from] item: Leftovers
|upkeep
|turn|18
|
|t:|1758916102
|move|p2a: Walking Wake|Hydro Steam|p1a: Cresselia
|-damage|p1a: Cresselia|13/100
|move|p1a: Cresselia|Moonlight|p1a: Cresselia
|-heal|p1a: Cresselia|80/100
|
|-weather|SunnyDay|[upkeep]
|-heal|p1a: Cresselia|86/100|[from] item: Leftovers
|upkeep
|turn|19
|
|t:|1758916106
|-end|p2a: Walking Wake|Protosynthesis|[silent]
|switch|p2a: Ninetales|Ninetales, F|91/100
|move|p1a: Cresselia|Moonblast|p2a: Ninetales
|-resisted|p2a: Ninetales
|-damage|p2a: Ninetales|81/100
|-unboost|p2a: Ninetales|spa|1
|
|-weather|SunnyDay|[upkeep]
|-heal|p1a: Cresselia|92/100|[from] item: Leftovers
|upkeep
|turn|20
|
|t:|1758916111
|switch|p1a: Garganacl|Garganacl, M, shiny|71/100
|move|p2a: Ninetales|Stealth Rock|p1a: Garganacl
|-sidestart|p1: arkeis|move: Stealth Rock
|
|-weather|none
|-heal|p1a: Garganacl|77/100|[from] item: Leftovers
|upkeep
|turn|21
|
|t:|1758916115
|switch|p2a: Iron Moth|Iron Moth|100/100
|move|p1a: Garganacl|Stealth Rock|p2a: Iron Moth
|-sidestart|p2: duckycrater|move: Stealth Rock
|
|-heal|p1a: Garganacl|83/100|[from] item: Leftovers
|upkeep
|turn|22
|
|t:|1758916128
|-end|p2a: Iron Moth|Quark Drive|[silent]
|switch|p2a: Ninetales|Ninetales, F|81/100
|-damage|p2a: Ninetales|56/100|[from] Stealth Rock
|-weather|SunnyDay|[from] ability: Drought|[of] p2a: Ninetales
|move|p1a: Garganacl|Salt Cure|p2a: Ninetales
|-supereffective|p2a: Ninetales
|-damage|p2a: Ninetales|13/100
|-start|p2a: Ninetales|Salt Cure
|
|-weather|SunnyDay|[upkeep]
|-heal|p1a: Garganacl|90/100|[from] item: Leftovers
|-damage|p2a: Ninetales|1/100|[from] Salt Cure
|upkeep
|turn|23
|
|t:|1758916135
|move|p2a: Ninetales|Encore|p1a: Garganacl
|-start|p1a: Garganacl|Encore
|move|p1a: Garganacl|Salt Cure|p2a: Ninetales
|-supereffective|p2a: Ninetales
|-damage|p2a: Ninetales|0 fnt
|faint|p2a: Ninetales
|
|-weather|SunnyDay|[upkeep]
|-heal|p1a: Garganacl|96/100|[from] item: Leftovers
|upkeep
|
|t:|1758916137
|switch|p2a: Walking Wake|Walking Wake|100/100
|-damage|p2a: Walking Wake|88/100|[from] Stealth Rock
|-activate|p2a: Walking Wake|ability: Protosynthesis
|-start|p2a: Walking Wake|protosynthesisspe
|turn|24
|
|t:|1758916147
|move|p2a: Walking Wake|Hydro Steam|p1a: Garganacl
|-supereffective|p1a: Garganacl
|-damage|p1a: Garganacl|0 fnt
|faint|p1a: Garganacl
|
|-weather|SunnyDay|[upkeep]
|upkeep
|
|t:|1758916152
|switch|p1a: Cresselia|Cresselia, F|92/100
|-damage|p1a: Cresselia|79/100|[from] Stealth Rock
|turn|25
|
|t:|1758916158
|move|p2a: Walking Wake|Hydro Steam|p1a: Cresselia
|-damage|p1a: Cresselia|32/100
|move|p1a: Cresselia|Moonlight|p1a: Cresselia
|-heal|p1a: Cresselia|99/100
|
|-weather|SunnyDay|[upkeep]
|-heal|p1a: Cresselia|100/100|[from] item: Leftovers
|upkeep
|turn|26
|
|t:|1758916164
|move|p2a: Walking Wake|Hydro Steam|p1a: Cresselia
|-damage|p1a: Cresselia|58/100
|move|p1a: Cresselia|Mortal Spin|p2a: Walking Wake
|-damage|p2a: Walking Wake|84/100
|-status|p2a: Walking Wake|psn
|-sideend|p1: arkeis|Stealth Rock|[from] move: Mortal Spin|[of] p1a: Cresselia
|
|-weather|SunnyDay|[upkeep]
|-heal|p1a: Cresselia|64/100|[from] item: Leftovers
|-damage|p2a: Walking Wake|72/100 psn|[from] psn
|upkeep
|turn|27
|
|t:|1758916168
|move|p2a: Walking Wake|Hydro Steam|p1a: Cresselia
|-damage|p1a: Cresselia|17/100
|move|p1a: Cresselia|Moonlight|p1a: Cresselia
|-heal|p1a: Cresselia|83/100
|
|-weather|SunnyDay|[upkeep]
|-heal|p1a: Cresselia|89/100|[from] item: Leftovers
|-damage|p2a: Walking Wake|59/100 psn|[from] psn
|upkeep
|turn|28
|
|t:|1758916173
|move|p2a: Walking Wake|Hydro Steam|p1a: Cresselia
|-damage|p1a: Cresselia|48/100
|move|p1a: Cresselia|Salt Cure|p2a: Walking Wake
|-crit|p2a: Walking Wake
|-damage|p2a: Walking Wake|50/100 psn
|-start|p2a: Walking Wake|Salt Cure
|
|-weather|SunnyDay|[upkeep]
|-heal|p1a: Cresselia|54/100|[from] item: Leftovers
|-damage|p2a: Walking Wake|38/100 psn|[from] psn
|-damage|p2a: Walking Wake|13/100 psn|[from] Salt Cure
|upkeep
|turn|29
|
|t:|1758916176
|move|p2a: Walking Wake|Hydro Steam|p1a: Cresselia
|-damage|p1a: Cresselia|13/100
|move|p1a: Cresselia|Moonlight|p1a: Cresselia
|-heal|p1a: Cresselia|80/100
|
|-weather|none
|-end|p2a: Walking Wake|Protosynthesis
|-heal|p1a: Cresselia|86/100|[from] item: Leftovers
|-damage|p2a: Walking Wake|1/100 psn|[from] psn
|-damage|p2a: Walking Wake|0 fnt|[from] Salt Cure
|faint|p2a: Walking Wake
|-end|p2a: Walking Wake|Protosynthesis|[silent]
|upkeep
|
|t:|1758916180
|switch|p2a: Iron Moth|Iron Moth|100/100
|-damage|p2a: Iron Moth|76/100|[from] Stealth Rock
|turn|30
|
|t:|1758916185
|move|p2a: Iron Moth|Fiery Dance|p1a: Cresselia
|-damage|p1a: Cresselia|57/100
|-boost|p2a: Iron Moth|spa|1
|-damage|p2a: Iron Moth|66/100|[from] item: Life Orb
|move|p1a: Cresselia|Salt Cure|p2a: Iron Moth
|-supereffective|p2a: Iron Moth
|-damage|p2a: Iron Moth|48/100
|-start|p2a: Iron Moth|Salt Cure
|
|-heal|p1a: Cresselia|64/100|[from] item: Leftovers
|-damage|p2a: Iron Moth|36/100|[from] Salt Cure
|upkeep
|turn|31
|
|t:|1758916196
|switch|p1a: Toedscruel|Toedscruel, F|100/100
|move|p2a: Iron Moth|Fiery Dance|p1a: Toedscruel
|-supereffective|p1a: Toedscruel
|-damage|p1a: Toedscruel|0 fnt
|-boost|p2a: Iron Moth|spa|1
|faint|p1a: Toedscruel
|-damage|p2a: Iron Moth|26/100|[from] item: Life Orb
|
|-damage|p2a: Iron Moth|14/100|[from] Salt Cure
|upkeep
|
|t:|1758916203
|switch|p1a: Gholdengo|Gholdengo|100/100
|turn|32
|
|t:|1758916209
|move|p1a: Gholdengo|Salt Cure|p2a: Iron Moth
|-supereffective|p2a: Iron Moth
|-damage|p2a: Iron Moth|0 fnt
|faint|p2a: Iron Moth
|-end|p2a: Iron Moth|Quark Drive|[silent]
|
|upkeep
|
|t:|1758916212
|switch|p2a: Raging Bolt|Raging Bolt|100/100
|-damage|p2a: Raging Bolt|88/100|[from] Stealth Rock
|turn|33
|
|t:|1758916214
|move|p1a: Gholdengo|Salt Cure|p2a: Raging Bolt
|-damage|p2a: Raging Bolt|84/100
|-start|p2a: Raging Bolt|Salt Cure
|move|p2a: Raging Bolt|Calm Mind|p2a: Raging Bolt
|-boost|p2a: Raging Bolt|spa|1
|-boost|p2a: Raging Bolt|spd|1
|
|-heal|p2a: Raging Bolt|90/100|[from] item: Leftovers
|-damage|p2a: Raging Bolt|78/100|[from] Salt Cure
|upkeep
|turn|34
|
|t:|1758916222
|switch|p1a: Cresselia|Cresselia, F|64/100
|move|p2a: Raging Bolt|Calm Mind|p2a: Raging Bolt
|-boost|p2a: Raging Bolt|spa|1
|-boost|p2a: Raging Bolt|spd|1
|
|-heal|p2a: Raging Bolt|84/100|[from] item: Leftovers
|-heal|p1a: Cresselia|70/100|[from] item: Leftovers
|-damage|p2a: Raging Bolt|72/100|[from] Salt Cure
|upkeep
|turn|35
|
|t:|1758916232
|move|p2a: Raging Bolt|Morning Sun|p2a: Raging Bolt
|-heal|p2a: Raging Bolt|100/100
|move|p1a: Cresselia|Leech Seed|p2a: Raging Bolt
|-start|p2a: Raging Bolt|move: Leech Seed
|
|-heal|p1a: Cresselia|76/100|[from] item: Leftovers
|-damage|p2a: Raging Bolt|88/100|[from] Leech Seed|[of] p1a: Cresselia
|-heal|p1a: Cresselia|87/100|[silent]
|-damage|p2a: Raging Bolt|76/100|[from] Salt Cure
|upkeep
|turn|36
|
|t:|1758916237
|move|p2a: Raging Bolt|Calm Mind|p2a: Raging Bolt
|-boost|p2a: Raging Bolt|spa|1
|-boost|p2a: Raging Bolt|spd|1
|move|p1a: Cresselia|Mortal Spin|p2a: Raging Bolt
|-damage|p2a: Raging Bolt|72/100
|-status|p2a: Raging Bolt|psn
|
|-heal|p2a: Raging Bolt|78/100 psn|[from] item: Leftovers
|-heal|p1a: Cresselia|93/100|[from] item: Leftovers
|-damage|p2a: Raging Bolt|66/100 psn|[from] Leech Seed|[of] p1a: Cresselia
|-heal|p1a: Cresselia|100/100|[silent]
|-damage|p2a: Raging Bolt|54/100 psn|[from] psn
|-damage|p2a: Raging Bolt|41/100 psn|[from] Salt Cure
|upkeep
|turn|37
|
|t:|1758916241
|move|p2a: Raging Bolt|Morning Sun|p2a: Raging Bolt
|-heal|p2a: Raging Bolt|91/100 psn
|move|p1a: Cresselia|Calm Mind|p1a: Cresselia
|-boost|p1a: Cresselia|spa|1
|-boost|p1a: Cresselia|spd|1
|
|-heal|p2a: Raging Bolt|97/100 psn|[from] item: Leftovers
|-damage|p2a: Raging Bolt|85/100 psn|[from] Leech Seed|[of] p1a: Cresselia
|-damage|p2a: Raging Bolt|73/100 psn|[from] psn
|-damage|p2a: Raging Bolt|61/100 psn|[from] Salt Cure
|upkeep
|turn|38
|
|t:|1758916246
|move|p2a: Raging Bolt|Thunderbolt|p1a: Cresselia
|-damage|p1a: Cresselia|55/100
|move|p1a: Cresselia|Calm Mind|p1a: Cresselia
|-boost|p1a: Cresselia|spa|1
|-boost|p1a: Cresselia|spd|1
|
|-heal|p2a: Raging Bolt|67/100 psn|[from] item: Leftovers
|-heal|p1a: Cresselia|61/100|[from] item: Leftovers
|-damage|p2a: Raging Bolt|54/100 psn|[from] Leech Seed|[of] p1a: Cresselia
|-heal|p1a: Cresselia|72/100|[silent]
|-damage|p2a: Raging Bolt|42/100 psn|[from] psn
|-damage|p2a: Raging Bolt|30/100 psn|[from] Salt Cure
|upkeep
|turn|39
|
|t:|1758916251
|move|p2a: Raging Bolt|Thunderbolt|p1a: Cresselia
|-damage|p1a: Cresselia|37/100
|move|p1a: Cresselia|Moonblast|p2a: Raging Bolt
|-supereffective|p2a: Raging Bolt
|-damage|p2a: Raging Bolt|3/100 psn
|-unboost|p2a: Raging Bolt|spa|1
|
|-heal|p2a: Raging Bolt|9/100 psn|[from] item: Leftovers
|-heal|p1a: Cresselia|43/100|[from] item: Leftovers
|-damage|p2a: Raging Bolt|0 fnt|[from] Leech Seed|[of] p1a: Cresselia
|-heal|p1a: Cresselia|51/100|[silent]
|faint|p2a: Raging Bolt
|-end|p2a: Raging Bolt|Protosynthesis|[silent]
|
|win|arkeis
|n|☆arkeis|arkeis
|n|☆duckycrater|duckycrater
|n|*Lady Monita ☀|ladymonita
