|j|☆maxbiatch
|j|☆Free6lackpanther
|t:|1759033098
|gametype|singles
|player|p1|maxbiatch|101|1243
|player|p2|Free6lackpanther|170|1210
|gen|9
|tier|[Gen 9] OU
|rated|
|rule|HP Percentage Mod: HP is shown in percentages
|rule|Endless Battle Clause: Forcing endless battles is banned
|rule|Species Clause: Limit one of each Pokémon
|rule|OHKO Clause: OHKO moves are banned
|rule|Evasion Items Clause: Evasion items are banned
|rule|Evasion Moves Clause: Evasion moves are banned
|rule|Evasion Abilities Clause: Evasion abilities are banned
|rule|Sleep Moves Clause: Sleep-inducing moves are banned
|clearpoke
|poke|p1|Heatran, F|
|poke|p1|Ogerpon-Wellspring, F|
|poke|p1|Rillaboom, M|
|poke|p1|Dragapult, F|
|poke|p1|Clefable, F|
|poke|p1|Great Tusk|
|poke|p2|Exeggutor-Alola, M|
|poke|p2|Rotom-Wash|
|poke|p2|Scizor, F|
|poke|p2|Ninetales-Alola, M|
|poke|p2|Skeledirge, M|
|poke|p2|Zapdos|
|teampreview
|inactive|Battle timer is ON: inactive players will automatically lose when time's up. (requested by Free6lackpanther)
|
|t:|1759033108
|teamsize|p1|6
|teamsize|p2|6
|start
|switch|p1a: Heatran|Heatran, F, shiny|100/100
|switch|p2a: Rotom|Rotom-Wash|100/100
|-item|p1a: Heatran|Air Balloon
|turn|1
|
|t:|1759033115
|switch|p1a: Ogerpon|Ogerpon-Wellspring, F|100/100
|move|p2a: Rotom|Hydro Pump|p1a: Ogerpon
|-immune|p1a: Ogerpon|[from] ability: Water Absorb
|
|upkeep
|turn|2
|
|t:|1759033124
|move|p1a: Ogerpon|Swords Dance|p1a: Ogerpon
|-boost|p1a: Ogerpon|atk|2
|move|p2a: Rotom|Volt Switch|p1a: Ogerpon
|-damage|p1a: Ogerpon|62/100
|
|t:|1759033130
|switch|p2a: Skeledirge|Skeledirge, M|100/100|[from] Volt Switch
|
|upkeep
|turn|3
|
|t:|1759033139
|switch|p1a: Heatran|Heatran, F, shiny|100/100
|-item|p1a: Heatran|Air Balloon
|-terastallize|p2a: Skeledirge|Flying
|move|p2a: Skeledirge|Will-O-Wisp|p1a: Heatran
|-start|p1a: Heatran|ability: Flash Fire
|
|upkeep
|turn|4
|
|t:|1759033151
|switch|p2a: Rotom|Rotom-Wash|100/100
|move|p1a: Heatran|Stealth Rock|p2a: Rotom
|-sidestart|p2: Free6lackpanther|move: Stealth Rock
|
|upkeep
|turn|5
|
|t:|1759033158
|move|p2a: Rotom|Thunder Wave|p1a: Heatran
|-status|p1a: Heatran|par
|move|p1a: Heatran|Lava Plume|p2a: Rotom
|-resisted|p2a: Rotom
|-damage|p2a: Rotom|74/100
|
|-heal|p2a: Rotom|80/100|[from] item: Leftovers
|upkeep
|turn|6
|
|t:|1759033167
|move|p2a: Rotom|Hydro Pump|p1a: Heatran
|-supereffective|p1a: Heatran
|-damage|p1a: Heatran|36/100 par
|-enditem|p1a: Heatran|Air Balloon
|cant|p1a: Heatran|par
|
|-heal|p2a: Rotom|86/100|[from] item: Leftovers
|upkeep
|turn|7
|
|t:|1759033176
|-end|p1a: Heatran|ability: Flash Fire|[silent]
|switch|p1a: Ogerpon|Ogerpon-Wellspring, F|62/100
|move|p2a: Rotom|Hydro Pump|p1a: Ogerpon
|-heal|p1a: Ogerpon|87/100|[from] ability: Water Absorb|[of] p2a: Rotom
|
|-heal|p2a: Rotom|92/100|[from] item: Leftovers
|upkeep
|turn|8
|
|t:|1759033190
|move|p1a: Ogerpon|Power Whip|p2a: Rotom
|-supereffective|p2a: Rotom
|-damage|p2a: Rotom|0 fnt
|faint|p2a: Rotom
|
|upkeep
|
|t:|1759033196
|switch|p2a: Scizor|Scizor, F|100/100
|-damage|p2a: Scizor|88/100|[from] Stealth Rock
|turn|9
|
|t:|1759033201
|switch|p1a: Heatran|Heatran, F, shiny|36/100 par
|move|p2a: Scizor|Dual Wingbeat|p1a: Heatran|[miss]
|-miss|p2a: Scizor|p1a: Heatran
|
|-heal|p2a: Scizor|94/100|[from] item: Leftovers
|upkeep
|turn|10
|
|t:|1759033212
|switch|p2a: Zapdos|Zapdos|100/100
|-damage|p2a: Zapdos|75/100|[from] Stealth Rock
|cant|p1a: Heatran|par
|
|-heal|p2a: Zapdos|82/100|[from] item: Leftovers
|upkeep
|turn|11
|
|t:|1759033222
|move|p2a: Zapdos|Volt Switch|p1a: Heatran
|-damage|p1a: Heatran|10/100 par
|
|t:|1759033236
|switch|p2a: Ninetales|Ninetales-Alola, M|100/100|[from] Volt Switch
|-damage|p2a: Ninetales|76/100|[from] Stealth Rock
|-weather|Snowscape|[from] ability: Snow Warning|[of] p2a: Ninetales
|move|p1a: Heatran|Lava Plume|p2a: Ninetales
|-supereffective|p2a: Ninetales
|-damage|p2a: Ninetales|0 fnt
|faint|p2a: Ninetales
|
|-weather|Snowscape|[upkeep]
|upkeep
|
|t:|1759033250
|switch|p2a: Scizor|Scizor, F|94/100
|-damage|p2a: Scizor|82/100|[from] Stealth Rock
|turn|12
|
|t:|1759033259
|move|p2a: Scizor|Defog|p1a: Heatran
|-unboost|p1a: Heatran|evasion|1
|-sideend|p2: Free6lackpanther|Stealth Rock|[from] move: Defog|[of] p2a: Scizor
|move|p1a: Heatran|Lava Plume|p2a: Scizor
|-supereffective|p2a: Scizor
|-damage|p2a: Scizor|0 fnt
|faint|p2a: Scizor
|
|-weather|Snowscape|[upkeep]
|upkeep
|
|t:|1759033269
|switch|p2a: Zapdos|Zapdos|82/100
|turn|13
|
|t:|1759033276
|move|p2a: Zapdos|Volt Switch|p1a: Heatran
|-damage|p1a: Heatran|0 fnt
|faint|p1a: Heatran
|
|t:|1759033283
|switch|p2a: Exeggutor|Exeggutor-Alola, M|100/100|[from] Volt Switch
|
|-weather|Snowscape|[upkeep]
|upkeep
|
|t:|1759033293
|switch|p1a: Clefable|Clefable, F, shiny|100/100
|turn|14
|-message|Free6lackpanther forfeited.
|
|win|maxbiatch
|raw|maxbiatch's rating: 1243 &rarr; <strong>1266</strong><br />(+23 for winning)
|raw|Free6lackpanther's rating: 1210 &rarr; <strong>1187</strong><br />(-23 for losing)
|l|☆Free6lackpanther
|player|p2|
|l|☆maxbiatch
|player|p1|
