|badge|p1|gold|gen9ou|3-6
|html|<div class="broadcast-red"><strong>This battle is required to be public due to one or more player having a season medal.</strong><br />During the public phase, you can discuss the state of the ladder <a href="/seasondiscussion">in a special chatroom.</a></div>
|uhtml|medal-msg|<div class="broadcast-blue">Curious what those medals under the avatar are? PS now has Ladder Seasons! For more information, check out the <a href="https://www.smogon.com/forums/threads/3740067/">thread on Smogon.</a></div>
|badge|p2|silver|gen9ou|30-6
|uhtml|medal-msg|<div class="broadcast-blue">Curious what those medals under the avatar are? PS now has Ladder Seasons! For more information, check out the <a href="https://www.smogon.com/forums/threads/3740067/">thread on Smogon.</a></div>
|raw|<div class="broadcast-blue"><strong>This battle is required to be public due to a player having a name starting with 'medal'.</div>
|j|☆143forever
|j|☆LT124YH Ghoul
|t:|1758972189
|gametype|singles
|player|p1|143forever|red|1999
|player|p2|LT124YH Ghoul|#wcop2024asia|1981
|gen|9
|tier|[Gen 9] OU
|rated|
|rule|HP Percentage Mod: HP is shown in percentages
|rule|Endless Battle Clause: Forcing endless battles is banned
|rule|Species Clause: Limit one of each Pokémon
|rule|OHKO Clause: OHKO moves are banned
|rule|Evasion Items Clause: Evasion items are banned
|rule|Evasion Moves Clause: Evasion moves are banned
|rule|Evasion Abilities Clause: Evasion abilities are banned
|rule|Sleep Moves Clause: Sleep-inducing moves are banned
|clearpoke
|poke|p1|Dondozo, M|
|poke|p1|Blissey, F|
|poke|p1|Corviknight, F|
|poke|p1|Weezing-Galar, M|
|poke|p1|Gliscor, F|
|poke|p1|Toxapex, M|
|poke|p2|Enamorus, F|
|poke|p2|Araquanid, F|
|poke|p2|Gholdengo|
|poke|p2|Iron Valiant|
|poke|p2|Kingambit, M|
|poke|p2|Great Tusk|
|teampreview
|inactive|Battle timer is ON: inactive players will automatically lose when time's up. (requested by LT124YH Ghoul)
|j| PIDGEY GORDITO
|j| Heatranator
|inactive|LT124YH Ghoul has 120 seconds left.
|c|☆LT124YH Ghoul|a cruel world
|j| Rizzofreko
|inactive|LT124YH Ghoul has 90 seconds left.
|
|t:|1758972273
|teamsize|p1|6
|teamsize|p2|6
|start
|switch|p1a: Gliscor|Gliscor, F|100/100
|switch|p2a: Doc Seismic|Araquanid, F|100/100
|turn|1
|
|t:|1758972286
|move|p1a: Gliscor|Protect|p1a: Gliscor
|-singleturn|p1a: Gliscor|Protect
|move|p2a: Doc Seismic|Liquidation|p1a: Gliscor
|-activate|p1a: Gliscor|move: Protect
|
|-status|p1a: Gliscor|tox|[from] item: Toxic Orb
|upkeep
|turn|2
|
|t:|1758972290
|switch|p1a: Toxapex|Toxapex, M|100/100
|move|p2a: Doc Seismic|Liquidation|p1a: Toxapex
|-resisted|p1a: Toxapex
|-damage|p1a: Toxapex|77/100
|
|-heal|p1a: Toxapex|83/100|[from] item: Leftovers
|upkeep
|turn|3
|
|t:|1758972295
|switch|p2a: Invincible|Great Tusk|100/100
|-enditem|p2a: Invincible|Booster Energy
|-activate|p2a: Invincible|ability: Protosynthesis|[fromitem]
|-start|p2a: Invincible|protosynthesisspe
|move|p1a: Toxapex|Toxic Spikes|p2a: Invincible
|-sidestart|p2: LT124YH Ghoul|move: Toxic Spikes
|
|-heal|p1a: Toxapex|89/100|[from] item: Leftovers
|upkeep
|turn|4
|
|t:|1758972301
|move|p2a: Invincible|Headlong Rush|p1a: Toxapex
|-supereffective|p1a: Toxapex
|-damage|p1a: Toxapex|6/100
|-unboost|p2a: Invincible|def|1
|-unboost|p2a: Invincible|spd|1
|move|p1a: Toxapex|Toxic|p2a: Invincible
|-status|p2a: Invincible|tox
|
|-heal|p1a: Toxapex|12/100|[from] item: Leftovers
|-damage|p2a: Invincible|94/100 tox|[from] psn
|upkeep
|turn|5
|
|t:|1758972305
|switch|p1a: Corviknight|Corviknight, F|100/100
|-ability|p1a: Corviknight|Pressure
|move|p2a: Invincible|Rapid Spin|p1a: Corviknight
|-resisted|p1a: Corviknight
|-damage|p1a: Corviknight|96/100
|-boost|p2a: Invincible|spe|1
|-sideend|p2: LT124YH Ghoul|Toxic Spikes|[from] move: Rapid Spin|[of] p2a: Invincible
|
|-heal|p1a: Corviknight|100/100|[from] item: Leftovers
|-damage|p2a: Invincible|82/100 tox|[from] psn
|upkeep
|turn|6
|
|t:|1758972311
|switch|p1a: Toxapex|Toxapex, M|45/100
|move|p2a: Invincible|Knock Off|p1a: Toxapex
|-damage|p1a: Toxapex|24/100
|-enditem|p1a: Toxapex|Leftovers|[from] move: Knock Off|[of] p2a: Invincible
|
|-damage|p2a: Invincible|63/100 tox|[from] psn
|upkeep
|turn|7
|j| gdhzy
|
|t:|1758972317
|switch|p1a: Corviknight|Corviknight, F|100/100
|-ability|p1a: Corviknight|Pressure
|move|p2a: Invincible|Head Smash|p1a: Corviknight
|-damage|p1a: Corviknight|75/100
|-damage|p2a: Invincible|51/100 tox|[from] Recoil
|
|-heal|p1a: Corviknight|81/100|[from] item: Leftovers
|-damage|p2a: Invincible|26/100 tox|[from] psn
|upkeep
|turn|8
|
|t:|1758972326
|move|p2a: Invincible|Knock Off|p1a: Corviknight
|-damage|p1a: Corviknight|63/100
|-enditem|p1a: Corviknight|Leftovers|[from] move: Knock Off|[of] p2a: Invincible
|move|p1a: Corviknight|Roost|p1a: Corviknight
|-heal|p1a: Corviknight|100/100
|-singleturn|p1a: Corviknight|move: Roost
|
|-damage|p2a: Invincible|0 fnt|[from] psn
|faint|p2a: Invincible
|-end|p2a: Invincible|Protosynthesis|[silent]
|upkeep
|
|t:|1758972339
|switch|p2a: Robot|Gholdengo|100/100
|turn|9
|
|t:|1758972345
|switch|p2a: Omni-Man|Kingambit, M|100/100
|-activate|p2a: Omni-Man|ability: Supreme Overlord
|-start|p2a: Omni-Man|fallen1|[silent]
|-item|p2a: Omni-Man|Air Balloon
|switch|p1a: Gliscor|Gliscor, F|100/100 tox
|
|upkeep
|turn|10
|
|t:|1758972357
|move|p1a: Gliscor|Knock Off|p2a: Omni-Man
|-resisted|p2a: Omni-Man
|-damage|p2a: Omni-Man|91/100
|-enditem|p2a: Omni-Man|Air Balloon
|move|p2a: Omni-Man|Iron Head|p1a: Gliscor
|-damage|p1a: Gliscor|62/100 tox
|
|-heal|p1a: Gliscor|74/100 tox|[from] ability: Poison Heal
|upkeep
|turn|11
|
|t:|1758972363
|-end|p2a: Omni-Man|fallen1|[silent]
|switch|p2a: Doc Seismic|Araquanid, F|100/100
|move|p1a: Gliscor|Earthquake|p2a: Doc Seismic
|-resisted|p2a: Doc Seismic
|-damage|p2a: Doc Seismic|82/100
|
|-heal|p1a: Gliscor|87/100 tox|[from] ability: Poison Heal
|upkeep
|turn|12
|
|t:|1758972367
|move|p1a: Gliscor|Protect|p1a: Gliscor
|-singleturn|p1a: Gliscor|Protect
|move|p2a: Doc Seismic|Liquidation|p1a: Gliscor
|-activate|p1a: Gliscor|move: Protect
|
|-heal|p1a: Gliscor|99/100 tox|[from] ability: Poison Heal
|upkeep
|turn|13
|
|t:|1758972370
|switch|p1a: Toxapex|Toxapex, M|57/100
|move|p2a: Doc Seismic|Liquidation|p1a: Toxapex
|-resisted|p1a: Toxapex
|-damage|p1a: Toxapex|35/100
|
|upkeep
|turn|14
|j| larp legion
|
|t:|1758972375
|move|p2a: Doc Seismic|Liquidation|p1a: Toxapex
|-resisted|p1a: Toxapex
|-damage|p1a: Toxapex|13/100
|move|p1a: Toxapex|Toxic Spikes|p2a: Doc Seismic
|-sidestart|p2: LT124YH Ghoul|move: Toxic Spikes
|
|upkeep
|turn|15
|l| Heatranator
|inactive|LT124YH Ghoul has 120 seconds left.
|inactive|LT124YH Ghoul has 90 seconds left.
|inactive|LT124YH Ghoul has 60 seconds left.
|
|t:|1758972489
|switch|p1a: Weezing|Weezing-Galar, M|100/100
|-ability|p1a: Weezing|Neutralizing Gas
|move|p2a: Doc Seismic|Liquidation|p1a: Weezing
|-damage|p1a: Weezing|82/100
|
|upkeep
|turn|16
|j| amefurikoneko
|
|t:|1758972503
|move|p1a: Weezing|Will-O-Wisp|p2a: Doc Seismic
|-status|p2a: Doc Seismic|brn
|move|p2a: Doc Seismic|Liquidation|p1a: Weezing
|-damage|p1a: Weezing|72/100
|
|-damage|p2a: Doc Seismic|76/100 brn|[from] brn
|upkeep
|turn|17
|
|t:|1758972508
|-end|p1a: Weezing|ability: Neutralizing Gas
|switch|p1a: Toxapex|Toxapex, M|47/100
|-activate|p2a: Doc Seismic|ability: Water Bubble
|-curestatus|p2a: Doc Seismic|brn|[msg]
|move|p2a: Doc Seismic|Liquidation|p1a: Toxapex
|-resisted|p1a: Toxapex
|-damage|p1a: Toxapex|23/100
|-unboost|p1a: Toxapex|def|1
|
|upkeep
|turn|18
|
|t:|1758972513
|switch|p1a: Dondozo|Dondozo, M|100/100
|move|p2a: Doc Seismic|Liquidation|p1a: Dondozo
|-resisted|p1a: Dondozo
|-damage|p1a: Dondozo|87/100
|
|-heal|p1a: Dondozo|93/100|[from] item: Leftovers
|upkeep
|turn|19
|inactive|LT124YH Ghoul has 60 seconds left.
|
|t:|1758972523
|switch|p2a: Robot|Gholdengo|100/100
|switch|p1a: Toxapex|Toxapex, M|56/100
|
|upkeep
|turn|20
|
|t:|1758972529
|switch|p1a: Gliscor|Gliscor, F|99/100 tox
|move|p2a: Robot|Nasty Plot|p2a: Robot
|-boost|p2a: Robot|spa|2
|
|-heal|p1a: Gliscor|100/100 tox|[from] ability: Poison Heal
|upkeep
|turn|21
|j| locked in bro
|inactive|LT124YH Ghoul has 60 seconds left.
|
|t:|1758972561
|-terastallize|p1a: Gliscor|Water
|move|p1a: Gliscor|Earthquake|p2a: Robot
|-supereffective|p2a: Robot
|-damage|p2a: Robot|42/100
|move|p2a: Robot|Make It Rain|p1a: Gliscor
|-resisted|p1a: Gliscor
|-damage|p1a: Gliscor|37/100 tox
|-unboost|p2a: Robot|spa|1
|
|-heal|p1a: Gliscor|49/100 tox|[from] ability: Poison Heal
|upkeep
|turn|22
|inactive|LT124YH Ghoul has 30 seconds left.
|inactive|LT124YH Ghoul has 20 seconds left.
|inactive|LT124YH Ghoul has 15 seconds left.
|l| gdhzy
|
|t:|1758972606
|-terastallize|p2a: Robot|Flying
|move|p1a: Gliscor|Earthquake|p2a: Robot
|-immune|p2a: Robot
|move|p2a: Robot|Nasty Plot|p2a: Robot
|-boost|p2a: Robot|spa|2
|
|-heal|p1a: Gliscor|62/100 tox|[from] ability: Poison Heal
|upkeep
|turn|23
|inactive|LT124YH Ghoul has 25 seconds left this turn.
|inactive|LT124YH Ghoul has 20 seconds left.
|inactive|LT124YH Ghoul has 15 seconds left.
|
|t:|1758972616
|move|p1a: Gliscor|Knock Off|p2a: Robot
|-damage|p2a: Robot|22/100
|-enditem|p2a: Robot|Covert Cloak|[from] move: Knock Off|[of] p1a: Gliscor
|move|p2a: Robot|Recover|p2a: Robot
|-heal|p2a: Robot|72/100
|
|-heal|p1a: Gliscor|74/100 tox|[from] ability: Poison Heal
|upkeep
|turn|24
|inactive|LT124YH Ghoul has 25 seconds left this turn.
|
|t:|1758972624
|switch|p1a: Toxapex|Toxapex, M|89/100
|move|p2a: Robot|Nasty Plot|p2a: Robot
|-boost|p2a: Robot|spa|2
|
|upkeep
|turn|25
|
|t:|1758972635
|move|p2a: Robot|Shadow Ball|p1a: Toxapex
|-damage|p1a: Toxapex|3/100
|move|p1a: Toxapex|Haze|p1a: Toxapex
|-clearallboost
|
|upkeep
|turn|26
|j| gdhzy
|l| gdhzy
|
|t:|1758972645
|switch|p1a: Blissey|Blissey, F|100/100
|move|p2a: Robot|Nasty Plot|p2a: Robot
|-boost|p2a: Robot|spa|2
|
|upkeep
|turn|27
|
|t:|1758972649
|move|p2a: Robot|Nasty Plot|p2a: Robot
|-boost|p2a: Robot|spa|2
|move|p1a: Blissey|Calm Mind|p1a: Blissey
|-boost|p1a: Blissey|spa|1
|-boost|p1a: Blissey|spd|1
|
|upkeep
|turn|28
|
|t:|1758972652
|move|p2a: Robot|Nasty Plot|p2a: Robot
|-boost|p2a: Robot|spa|2
|move|p1a: Blissey|Calm Mind|p1a: Blissey
|-boost|p1a: Blissey|spa|1
|-boost|p1a: Blissey|spd|1
|
|upkeep
|turn|29
|j| gdhzy
|
|t:|1758972655
|move|p2a: Robot|Make It Rain|p1a: Blissey
|-damage|p1a: Blissey|62/100
|-unboost|p2a: Robot|spa|1
|move|p1a: Blissey|Seismic Toss|p2a: Robot
|-damage|p2a: Robot|46/100
|
|-heal|p1a: Blissey|68/100|[from] item: Leftovers
|upkeep
|turn|30
|
|t:|1758972658
|move|p2a: Robot|Recover|p2a: Robot
|-heal|p2a: Robot|96/100
|move|p1a: Blissey|Seismic Toss|p2a: Robot
|-damage|p2a: Robot|70/100
|
|-heal|p1a: Blissey|74/100|[from] item: Leftovers
|upkeep
|turn|31
|l| gdhzy
|
|t:|1758972664
|switch|p2a: Doc Seismic|Araquanid, F|76/100
|-status|p2a: Doc Seismic|psn
|move|p1a: Blissey|Calm Mind|p1a: Blissey
|-boost|p1a: Blissey|spa|1
|-boost|p1a: Blissey|spd|1
|
|-heal|p1a: Blissey|81/100|[from] item: Leftovers
|-damage|p2a: Doc Seismic|64/100 psn|[from] psn
|upkeep
|turn|32
|
|t:|1758972666
|switch|p1a: Toxapex|Toxapex, M|36/100
|move|p2a: Doc Seismic|Liquidation|p1a: Toxapex
|-resisted|p1a: Toxapex
|-damage|p1a: Toxapex|13/100
|
|-damage|p2a: Doc Seismic|51/100 psn|[from] psn
|upkeep
|turn|33
|
|t:|1758972672
|switch|p1a: Weezing|Weezing-Galar, M|72/100
|-ability|p1a: Weezing|Neutralizing Gas
|move|p2a: Doc Seismic|Liquidation|p1a: Weezing
|-damage|p1a: Weezing|52/100
|
|-damage|p2a: Doc Seismic|39/100 psn|[from] psn
|upkeep
|turn|34
|j| GravityDestroyer23
|
|t:|1758972676
|-end|p1a: Weezing|ability: Neutralizing Gas
|switch|p1a: Toxapex|Toxapex, M|46/100
|move|p2a: Doc Seismic|Liquidation|p1a: Toxapex
|-resisted|p1a: Toxapex
|-damage|p1a: Toxapex|23/100
|
|-damage|p2a: Doc Seismic|26/100 psn|[from] psn
|upkeep
|turn|35
|j| gdhzy
|
|t:|1758972681
|switch|p1a: Weezing|Weezing-Galar, M|52/100
|-ability|p1a: Weezing|Neutralizing Gas
|move|p2a: Doc Seismic|Liquidation|p1a: Weezing
|-damage|p1a: Weezing|31/100
|
|-damage|p2a: Doc Seismic|14/100 psn|[from] psn
|upkeep
|turn|36
|l| gdhzy
|-enditem|p2a: Doc Seismic|Custap Berry|[eat]
|-activate|p2a: Doc Seismic|item: Custap Berry|[consumed]
|
|t:|1758972683
|move|p2a: Doc Seismic|Liquidation|p1a: Weezing
|-damage|p1a: Weezing|11/100
|move|p1a: Weezing|Sludge Bomb|p2a: Doc Seismic
|-damage|p2a: Doc Seismic|0 fnt
|faint|p2a: Doc Seismic
|
|upkeep
|inactive|LT124YH Ghoul has 120 seconds left.
|
|t:|1758972715
|switch|p2a: Conquest|Enamorus, F|100/100
|turn|37
|
|t:|1758972718
|move|p2a: Conquest|Moonblast|p1a: Weezing
|-resisted|p1a: Weezing
|-damage|p1a: Weezing|0 fnt
|faint|p1a: Weezing
|-end|p1a: Weezing|ability: Neutralizing Gas
|
|upkeep
|
|t:|1758972720
|switch|p1a: Toxapex|Toxapex, M|56/100
|turn|38
|
|t:|1758972723
|move|p2a: Conquest|Substitute|p2a: Conquest
|-start|p2a: Conquest|Substitute
|-damage|p2a: Conquest|76/100
|move|p1a: Toxapex|Toxic||[still]
|-fail|p1a: Toxapex
|
|-heal|p2a: Conquest|82/100|[from] item: Leftovers
|upkeep
|turn|39
|
|t:|1758972726
|move|p2a: Conquest|Moonblast|p1a: Toxapex
|-resisted|p1a: Toxapex
|-damage|p1a: Toxapex|42/100
|move|p1a: Toxapex|Recover|p1a: Toxapex
|-heal|p1a: Toxapex|92/100
|
|-heal|p2a: Conquest|88/100|[from] item: Leftovers
|upkeep
|turn|40
|
|t:|1758972735
|move|p2a: Conquest|Moonblast|p1a: Toxapex
|-resisted|p1a: Toxapex
|-damage|p1a: Toxapex|79/100
|move|p1a: Toxapex|Haze|p1a: Toxapex
|-clearallboost
|
|-heal|p2a: Conquest|94/100|[from] item: Leftovers
|upkeep
|turn|41
|
|t:|1758972738
|move|p2a: Conquest|Moonblast|p1a: Toxapex
|-resisted|p1a: Toxapex
|-damage|p1a: Toxapex|66/100
|-unboost|p1a: Toxapex|spa|1
|move|p1a: Toxapex|Haze|p1a: Toxapex
|-clearallboost
|
|-heal|p2a: Conquest|100/100|[from] item: Leftovers
|upkeep
|turn|42
|inactive|LT124YH Ghoul has 120 seconds left.
|
|t:|1758972786
|move|p2a: Conquest|Moonblast|p1a: Toxapex
|-resisted|p1a: Toxapex
|-damage|p1a: Toxapex|53/100
|-unboost|p1a: Toxapex|spa|1
|move|p1a: Toxapex|Recover|p1a: Toxapex
|-heal|p1a: Toxapex|100/100
|
|upkeep
|turn|43
|j| Heatranator
|
|t:|1758972796
|switch|p2a: Robot|Gholdengo, tera:Flying|70/100
|move|p1a: Toxapex|Haze|p1a: Toxapex
|-clearallboost
|
|upkeep
|turn|44
|
|t:|1758972801
|move|p2a: Robot|Nasty Plot|p2a: Robot
|-boost|p2a: Robot|spa|2
|move|p1a: Toxapex|Haze|p1a: Toxapex
|-clearallboost
|
|upkeep
|turn|45
|
|t:|1758972804
|switch|p1a: Blissey|Blissey, F|81/100
|move|p2a: Robot|Recover|p2a: Robot
|-heal|p2a: Robot|100/100
|
|-heal|p1a: Blissey|87/100|[from] item: Leftovers
|upkeep
|turn|46
|
|t:|1758972815
|move|p2a: Robot|Make It Rain|p1a: Blissey
|-damage|p1a: Blissey|68/100
|-unboost|p2a: Robot|spa|1
|move|p1a: Blissey|Stealth Rock|p2a: Robot
|-sidestart|p2: LT124YH Ghoul|move: Stealth Rock
|
|-heal|p1a: Blissey|74/100|[from] item: Leftovers
|upkeep
|turn|47
|
|t:|1758972820
|switch|p2a: Omni-Man|Kingambit, M|91/100
|-damage|p2a: Omni-Man|85/100|[from] Stealth Rock
|-activate|p2a: Omni-Man|ability: Supreme Overlord
|-start|p2a: Omni-Man|fallen2|[silent]
|move|p1a: Blissey|Calm Mind|p1a: Blissey
|-boost|p1a: Blissey|spa|1
|-boost|p1a: Blissey|spd|1
|
|-heal|p1a: Blissey|81/100|[from] item: Leftovers
|upkeep
|turn|48
|c| larp legion|worlds best mir
|l| Heatranator
|j| ybah
|
|t:|1758972836
|-end|p2a: Omni-Man|fallen2|[silent]
|switch|p2a: Atom Eve|Iron Valiant|100/100
|-status|p2a: Atom Eve|psn
|-damage|p2a: Atom Eve|94/100 psn|[from] Stealth Rock
|-enditem|p2a: Atom Eve|Booster Energy
|-activate|p2a: Atom Eve|ability: Quark Drive|[fromitem]
|-start|p2a: Atom Eve|quarkdrivespa
|switch|p1a: Corviknight|Corviknight, F|100/100
|-ability|p1a: Corviknight|Pressure
|
|-damage|p2a: Atom Eve|82/100 psn|[from] psn
|upkeep
|turn|49
|
|t:|1758972841
|switch|p1a: Toxapex|Toxapex, M|100/100
|move|p2a: Atom Eve|Thunderbolt|p1a: Toxapex
|-supereffective|p1a: Toxapex
|-damage|p1a: Toxapex|45/100
|
|-damage|p2a: Atom Eve|69/100 psn|[from] psn
|upkeep
|turn|50
|
|t:|1758972860
|switch|p1a: Gliscor|Gliscor, F, tera:Water|74/100 tox
|move|p2a: Atom Eve|Calm Mind|p2a: Atom Eve
|-boost|p2a: Atom Eve|spa|1
|-boost|p2a: Atom Eve|spd|1
|
|-damage|p2a: Atom Eve|57/100 psn|[from] psn
|-heal|p1a: Gliscor|87/100 tox|[from] ability: Poison Heal
|upkeep
|turn|51
|
|t:|1758972869
|move|p1a: Gliscor|Protect|p1a: Gliscor
|-singleturn|p1a: Gliscor|Protect
|move|p2a: Atom Eve|Thunderbolt|p1a: Gliscor
|-activate|p1a: Gliscor|move: Protect
|
|-damage|p2a: Atom Eve|44/100 psn|[from] psn
|-heal|p1a: Gliscor|99/100 tox|[from] ability: Poison Heal
|upkeep
|turn|52
|
|t:|1758972879
|switch|p1a: Corviknight|Corviknight, F|100/100
|-ability|p1a: Corviknight|Pressure
|move|p2a: Atom Eve|Thunderbolt|p1a: Corviknight
|-supereffective|p1a: Corviknight
|-damage|p1a: Corviknight|0 fnt
|faint|p1a: Corviknight
|
|-damage|p2a: Atom Eve|32/100 psn|[from] psn
|upkeep
|
|t:|1758972881
|switch|p1a: Gliscor|Gliscor, F, tera:Water|99/100 tox
|turn|53
|
|t:|1758972884
|move|p1a: Gliscor|Protect|p1a: Gliscor
|-singleturn|p1a: Gliscor|Protect
|move|p2a: Atom Eve|Calm Mind|p2a: Atom Eve
|-boost|p2a: Atom Eve|spa|1
|-boost|p2a: Atom Eve|spd|1
|
|-damage|p2a: Atom Eve|20/100 psn|[from] psn
|-heal|p1a: Gliscor|100/100 tox|[from] ability: Poison Heal
|upkeep
|turn|54
|
|t:|1758972891
|move|p1a: Gliscor|Protect||[still]
|-fail|p1a: Gliscor
|move|p2a: Atom Eve|Moonblast|p1a: Gliscor
|-damage|p1a: Gliscor|0 fnt
|faint|p1a: Gliscor
|
|-damage|p2a: Atom Eve|7/100 psn|[from] psn
|upkeep
|
|t:|1758972894
|switch|p1a: Blissey|Blissey, F|81/100
|turn|55
|
|t:|1758972900
|switch|p1a: Toxapex|Toxapex, M|78/100
|move|p2a: Atom Eve|Moonblast|p1a: Toxapex
|-resisted|p1a: Toxapex
|-damage|p1a: Toxapex|34/100
|-unboost|p1a: Toxapex|spa|1
|
|-damage|p2a: Atom Eve|0 fnt|[from] psn
|faint|p2a: Atom Eve
|-end|p2a: Atom Eve|Quark Drive|[silent]
|upkeep
|inactive|LT124YH Ghoul has 120 seconds left.
|inactive|LT124YH Ghoul has 90 seconds left.
|
|t:|1758972975
|switch|p2a: Omni-Man|Kingambit, M|85/100
|-damage|p2a: Omni-Man|79/100|[from] Stealth Rock
|-activate|p2a: Omni-Man|ability: Supreme Overlord
|-start|p2a: Omni-Man|fallen3|[silent]
|turn|56
|
|t:|1758973000
|switch|p1a: Dondozo|Dondozo, M|93/100
|move|p2a: Omni-Man|Low Kick|p1a: Dondozo
|-damage|p1a: Dondozo|67/100
|
|-heal|p1a: Dondozo|73/100|[from] item: Leftovers
|upkeep
|turn|57
|
|t:|1758973005
|-end|p2a: Omni-Man|fallen3|[silent]
|switch|p2a: Conquest|Enamorus, F|100/100
|-damage|p2a: Conquest|76/100|[from] Stealth Rock
|move|p1a: Dondozo|Body Press|p2a: Conquest
|-resisted|p2a: Conquest
|-crit|p2a: Conquest
|-damage|p2a: Conquest|56/100
|
|-heal|p2a: Conquest|62/100|[from] item: Leftovers
|-heal|p1a: Dondozo|79/100|[from] item: Leftovers
|upkeep
|turn|58
|
|t:|1758973011
|switch|p1a: Toxapex|Toxapex, M|67/100
|move|p2a: Conquest|Moonblast|p1a: Toxapex
|-resisted|p1a: Toxapex
|-damage|p1a: Toxapex|54/100
|
|-heal|p2a: Conquest|69/100|[from] item: Leftovers
|upkeep
|turn|59
|
|t:|1758973016
|move|p2a: Conquest|Substitute|p2a: Conquest
|-start|p2a: Conquest|Substitute
|-damage|p2a: Conquest|44/100
|move|p1a: Toxapex|Recover|p1a: Toxapex
|-heal|p1a: Toxapex|100/100
|
|-heal|p2a: Conquest|50/100|[from] item: Leftovers
|upkeep
|turn|60
|
|t:|1758973020
|move|p2a: Conquest|Tera Blast|p1a: Toxapex
|-damage|p1a: Toxapex|86/100
|move|p1a: Toxapex|Haze|p1a: Toxapex
|-clearallboost
|
|-heal|p2a: Conquest|56/100|[from] item: Leftovers
|upkeep
|turn|61
|
|t:|1758973024
|move|p2a: Conquest|Tera Blast|p1a: Toxapex
|-damage|p1a: Toxapex|70/100
|move|p1a: Toxapex|Haze|p1a: Toxapex
|-clearallboost
|
|-heal|p2a: Conquest|62/100|[from] item: Leftovers
|upkeep
|turn|62
|
|t:|1758973026
|move|p2a: Conquest|Tera Blast|p1a: Toxapex
|-damage|p1a: Toxapex|54/100
|move|p1a: Toxapex|Haze|p1a: Toxapex
|-clearallboost
|
|-heal|p2a: Conquest|69/100|[from] item: Leftovers
|upkeep
|turn|63
|
|t:|1758973030
|move|p2a: Conquest|Tera Blast|p1a: Toxapex
|-damage|p1a: Toxapex|37/100
|move|p1a: Toxapex|Recover|p1a: Toxapex
|-heal|p1a: Toxapex|87/100
|
|-heal|p2a: Conquest|75/100|[from] item: Leftovers
|upkeep
|turn|64
|
|t:|1758973034
|move|p2a: Conquest|Tera Blast|p1a: Toxapex
|-damage|p1a: Toxapex|71/100
|move|p1a: Toxapex|Toxic Spikes|p2a: Conquest
|-sidestart|p2: LT124YH Ghoul|move: Toxic Spikes
|
|-heal|p2a: Conquest|81/100|[from] item: Leftovers
|upkeep
|turn|65
|
|t:|1758973036
|move|p2a: Conquest|Tera Blast|p1a: Toxapex
|-damage|p1a: Toxapex|55/100
|move|p1a: Toxapex|Toxic Spikes||[still]
|-fail|p1a: Toxapex
|
|-heal|p2a: Conquest|87/100|[from] item: Leftovers
|upkeep
|turn|66
|
|t:|1758973040
|move|p2a: Conquest|Tera Blast|p1a: Toxapex
|-damage|p1a: Toxapex|40/100
|move|p1a: Toxapex|Recover|p1a: Toxapex
|-heal|p1a: Toxapex|90/100
|
|-heal|p2a: Conquest|94/100|[from] item: Leftovers
|upkeep
|turn|67
|
|t:|1758973042
|switch|p1a: Blissey|Blissey, F|81/100
|move|p2a: Conquest|Tera Blast|p1a: Blissey
|-damage|p1a: Blissey|73/100
|
|-heal|p2a: Conquest|99/100|[from] item: Leftovers
|-heal|p1a: Blissey|79/100|[from] item: Leftovers
|upkeep
|turn|68
|
|t:|1758973055
|switch|p1a: Toxapex|Toxapex, M|100/100
|move|p2a: Conquest|Moonblast|p1a: Toxapex
|-resisted|p1a: Toxapex
|-damage|p1a: Toxapex|87/100
|
|-heal|p2a: Conquest|100/100|[from] item: Leftovers
|upkeep
|turn|69
|
|t:|1758973070
|move|p2a: Conquest|Tera Blast|p1a: Toxapex
|-damage|p1a: Toxapex|73/100
|move|p1a: Toxapex|Toxic Spikes||[still]
|-fail|p1a: Toxapex
|
|upkeep
|turn|70
|
|t:|1758973074
|move|p2a: Conquest|Tera Blast|p1a: Toxapex
|-damage|p1a: Toxapex|57/100
|move|p1a: Toxapex|Toxic Spikes||[still]
|-fail|p1a: Toxapex
|
|upkeep
|turn|71
|
|t:|1758973078
|move|p2a: Conquest|Moonblast|p1a: Toxapex
|-resisted|p1a: Toxapex
|-damage|p1a: Toxapex|44/100
|-unboost|p1a: Toxapex|spa|1
|move|p1a: Toxapex|Recover|p1a: Toxapex
|-heal|p1a: Toxapex|94/100
|
|upkeep
|turn|72
|
|t:|1758973080
|move|p2a: Conquest|Moonblast|p1a: Toxapex
|-resisted|p1a: Toxapex
|-crit|p1a: Toxapex
|-damage|p1a: Toxapex|73/100
|-unboost|p1a: Toxapex|spa|1
|move|p1a: Toxapex|Haze|p1a: Toxapex
|-clearallboost
|
|upkeep
|turn|73
|
|t:|1758973082
|move|p2a: Conquest|Moonblast|p1a: Toxapex
|-resisted|p1a: Toxapex
|-damage|p1a: Toxapex|59/100
|-unboost|p1a: Toxapex|spa|1
|move|p1a: Toxapex|Toxic Spikes||[still]
|-fail|p1a: Toxapex
|
|upkeep
|turn|74
|
|t:|1758973084
|switch|p1a: Blissey|Blissey, F|79/100
|move|p2a: Conquest|Moonblast|p1a: Blissey
|-damage|p1a: Blissey|66/100
|
|-heal|p1a: Blissey|73/100|[from] item: Leftovers
|upkeep
|turn|75
|c| larp legion|critical spa drop
|
|t:|1758973094
|switch|p1a: Toxapex|Toxapex, M|92/100
|move|p2a: Conquest|Moonblast|p1a: Toxapex
|-resisted|p1a: Toxapex
|-damage|p1a: Toxapex|79/100
|-unboost|p1a: Toxapex|spa|1
|
|upkeep
|turn|76
|
|t:|1758973099
|move|p2a: Conquest|Moonblast|p1a: Toxapex
|-resisted|p1a: Toxapex
|-damage|p1a: Toxapex|66/100
|move|p1a: Toxapex|Haze|p1a: Toxapex
|-clearallboost
|
|upkeep
|turn|77
|
|t:|1758973103
|switch|p1a: Blissey|Blissey, F|73/100
|move|p2a: Conquest|Moonblast|p1a: Blissey
|-damage|p1a: Blissey|60/100
|
|-heal|p1a: Blissey|66/100|[from] item: Leftovers
|upkeep
|turn|78
|
|t:|1758973107
|move|p2a: Conquest|Superpower|p1a: Blissey
|-supereffective|p1a: Blissey
|-damage|p1a: Blissey|0 fnt
|-boost|p2a: Conquest|atk|1
|-boost|p2a: Conquest|def|1
|faint|p1a: Blissey
|
|upkeep
|
|t:|1758973111
|switch|p1a: Toxapex|Toxapex, M|99/100
|turn|79
|c|☆143forever|😭
|-message|143forever forfeited.
|
|win|LT124YH Ghoul
|raw|143forever's rating: 1999 &rarr; <strong>1978</strong><br />(-21 for losing)
|raw|LT124YH Ghoul's rating: 1981 &rarr; <strong>2002</strong><br />(+21 for winning)
|l|☆143forever
|player|p1|
|c| larp legion|YOURE SO GOOOD
|c| larp legion|btw
|c|☆LT124YH Ghoul|STAND READY FOR MY ARRIVAL
|c| larp legion|u could still hav e lost that
|c| larp legion|but like
|c| larp legion|save this replay
|c| larp legion|pin it
