|j|☆zsu-twink
|j|☆boboloboss
|t:|1759064835
|gametype|singles
|player|p1|zsu-twink|skyla|1170
|player|p2|boboloboss|pokefan-gen4|1204
|gen|9
|tier|[Gen 9] OU
|rated|
|rule|HP Percentage Mod: HP is shown in percentages
|rule|Endless Battle Clause: Forcing endless battles is banned
|rule|Species Clause: Limit one of each Pokémon
|rule|OHKO Clause: OHKO moves are banned
|rule|Evasion Items Clause: Evasion items are banned
|rule|Evasion Moves Clause: Evasion moves are banned
|rule|Evasion Abilities Clause: Evasion abilities are banned
|rule|Sleep Moves Clause: Sleep-inducing moves are banned
|clearpoke
|poke|p1|Munkidori, M|
|poke|p1|Raging Bolt|
|poke|p1|Iron Valiant|
|poke|p1|Hitmontop, M|
|poke|p1|Corviknight, M|
|poke|p1|Dondozo, M|
|poke|p2|Typhlosion, F|
|poke|p2|Goodra-Hisui, M|
|poke|p2|Ninetales, F|
|poke|p2|Venusaur, F|
|poke|p2|Walking Wake|
|poke|p2|Torkoal, M|
|teampreview
|
|t:|1759064847
|teamsize|p1|6
|teamsize|p2|6
|start
|switch|p1a: Munkidori|Munkidori, M|100/100
|switch|p2a: SUN !!!|Ninetales, F|100/100
|-item|p2a: SUN !!!|Heat Rock|[from] ability: Frisk|[of] p1a: Munkidori
|-weather|SunnyDay|[from] ability: Drought|[of] p2a: SUN !!!
|turn|1
|
|t:|1759064861
|switch|p2a: a steel wall|Goodra-Hisui, M|100/100
|move|p1a: Munkidori|U-turn|p2a: a steel wall
|-resisted|p2a: a steel wall
|-damage|p2a: a steel wall|95/100
|-ability|p2a: a steel wall|Gooey
|-unboost|p1a: Munkidori|spe|1
|
|t:|1759064883
|switch|p1a: Corviknight|Corviknight, M|100/100|[from] U-turn
|
|-weather|SunnyDay|[upkeep]
|upkeep
|turn|2
|
|t:|1759064894
|move|p1a: Corviknight|Bulk Up|p1a: Corviknight
|-boost|p1a: Corviknight|atk|1
|-boost|p1a: Corviknight|def|1
|move|p2a: a steel wall|Weather Ball|p1a: Corviknight
|-supereffective|p1a: Corviknight
|-damage|p1a: Corviknight|34/100
|
|-weather|SunnyDay|[upkeep]
|upkeep
|turn|3
|
|t:|1759064909
|move|p1a: Corviknight|Body Press|p2a: a steel wall
|-supereffective|p2a: a steel wall
|-damage|p2a: a steel wall|21/100
|-ability|p2a: a steel wall|Gooey
|-ability|p1a: Corviknight|Mirror Armor
|-unboost|p2a: a steel wall|spe|1
|move|p2a: a steel wall|Knock Off|p1a: Corviknight
|-damage|p1a: Corviknight|25/100
|-damage|p2a: a steel wall|5/100|[from] item: Rocky Helmet|[of] p1a: Corviknight
|-enditem|p1a: Corviknight|Rocky Helmet|[from] move: Knock Off|[of] p2a: a steel wall
|
|-weather|SunnyDay|[upkeep]
|upkeep
|turn|4
|
|t:|1759064923
|switch|p1a: Raging Bolt|Raging Bolt|100/100
|-activate|p1a: Raging Bolt|ability: Protosynthesis
|-start|p1a: Raging Bolt|protosynthesisspa
|move|p2a: a steel wall|Weather Ball|p1a: Raging Bolt
|-resisted|p1a: Raging Bolt
|-damage|p1a: Raging Bolt|86/100
|
|-weather|SunnyDay|[upkeep]
|-heal|p1a: Raging Bolt|92/100|[from] item: Leftovers
|upkeep
|turn|5
|
|t:|1759064937
|move|p1a: Raging Bolt|Thunderclap|p2a: a steel wall
|-resisted|p2a: a steel wall
|-damage|p2a: a steel wall|0 fnt
|faint|p2a: a steel wall
|
|-weather|SunnyDay|[upkeep]
|-heal|p1a: Raging Bolt|99/100|[from] item: Leftovers
|upkeep
|
|t:|1759064944
|switch|p2a: Walking Wake|Walking Wake|100/100
|-activate|p2a: Walking Wake|ability: Protosynthesis
|-start|p2a: Walking Wake|protosynthesisspa
|turn|6
|
|t:|1759064953
|-terastallize|p1a: Raging Bolt|Grass
|move|p2a: Walking Wake|Draco Meteor|p1a: Raging Bolt
|-damage|p1a: Raging Bolt|0 fnt
|-unboost|p2a: Walking Wake|spa|2
|faint|p1a: Raging Bolt
|-end|p1a: Raging Bolt|Protosynthesis|[silent]
|
|-weather|SunnyDay|[upkeep]
|upkeep
|
|t:|1759064961
|switch|p1a: Iron Valiant|Iron Valiant|100/100
|-enditem|p1a: Iron Valiant|Booster Energy
|-activate|p1a: Iron Valiant|ability: Quark Drive|[fromitem]
|-start|p1a: Iron Valiant|quarkdrivespe
|turn|7
|
|t:|1759064972
|-end|p2a: Walking Wake|Protosynthesis|[silent]
|switch|p2a: SUN !!!|Ninetales, F|100/100
|move|p1a: Iron Valiant|Encore||[still]
|-fail|p1a: Iron Valiant
|
|-weather|SunnyDay|[upkeep]
|upkeep
|turn|8
|
|t:|1759064985
|move|p1a: Iron Valiant|Aura Sphere|p2a: SUN !!!
|-damage|p2a: SUN !!!|65/100
|move|p2a: SUN !!!|Will-O-Wisp|p1a: Iron Valiant|[miss]
|-miss|p2a: SUN !!!|p1a: Iron Valiant
|
|-weather|none
|upkeep
|turn|9
|
|t:|1759064997
|-end|p1a: Iron Valiant|Quark Drive|[silent]
|switch|p1a: Munkidori|Munkidori, M|100/100
|-item|p2a: SUN !!!|Heat Rock|[from] ability: Frisk|[of] p1a: Munkidori
|switch|p2a: a wall|Torkoal, M|100/100
|-weather|SunnyDay|[from] ability: Drought|[of] p2a: a wall
|
|-weather|SunnyDay|[upkeep]
|upkeep
|turn|10
|
|t:|1759065016
|move|p1a: Munkidori|Sludge Wave|p2a: a wall
|-damage|p2a: a wall|29/100
|move|p2a: a wall|Gyro Ball|p1a: Munkidori
|-damage|p1a: Munkidori|58/100
|
|-weather|SunnyDay|[upkeep]
|-heal|p2a: a wall|35/100|[from] item: Leftovers
|upkeep
|turn|11
|
|t:|1759065023
|move|p1a: Munkidori|Sludge Wave|p2a: a wall
|-damage|p2a: a wall|0 fnt
|faint|p2a: a wall
|
|-weather|SunnyDay|[upkeep]
|upkeep
|
|t:|1759065029
|switch|p2a: sun operator|Venusaur, F|100/100
|turn|12
|
|t:|1759065038
|switch|p1a: Corviknight|Corviknight, M|25/100
|move|p2a: sun operator|Weather Ball|p1a: Corviknight
|-supereffective|p1a: Corviknight
|-damage|p1a: Corviknight|0 fnt
|faint|p1a: Corviknight
|-damage|p2a: sun operator|91/100|[from] item: Life Orb
|
|-weather|SunnyDay|[upkeep]
|upkeep
|
|t:|1759065044
|switch|p1a: Hitmontop|Hitmontop, M|100/100
|-ability|p1a: Hitmontop|Intimidate|boost
|-unboost|p2a: sun operator|atk|1
|turn|13
|
|t:|1759065051
|move|p2a: sun operator|Growth|p2a: sun operator
|-boost|p2a: sun operator|atk|2
|-boost|p2a: sun operator|spa|2
|move|p1a: Hitmontop|Triple Axel|p2a: sun operator
|-supereffective|p2a: sun operator
|-damage|p2a: sun operator|77/100
|-supereffective|p2a: sun operator
|-damage|p2a: sun operator|52/100
|-supereffective|p2a: sun operator
|-damage|p2a: sun operator|8/100
|-hitcount|p2a: sun operator|3
|
|-weather|none
|upkeep
|turn|14
|
|t:|1759065062
|move|p2a: sun operator|Giga Drain|p1a: Hitmontop
|-damage|p1a: Hitmontop|40/100
|-heal|p2a: sun operator|39/100|[from] drain|[of] p1a: Hitmontop
|-damage|p2a: sun operator|29/100|[from] item: Life Orb
|move|p1a: Hitmontop|Rapid Spin|p2a: sun operator
|-crit|p2a: sun operator
|-damage|p2a: sun operator|3/100
|-boost|p1a: Hitmontop|spe|1
|
|upkeep
|turn|15
|
|t:|1759065073
|move|p1a: Hitmontop|Rapid Spin|p2a: sun operator
|-damage|p2a: sun operator|0 fnt
|-boost|p1a: Hitmontop|spe|1
|faint|p2a: sun operator
|
|upkeep
|
|t:|1759065081
|switch|p2a: SUN !!!|Ninetales, F|65/100
|-weather|SunnyDay|[from] ability: Drought|[of] p2a: SUN !!!
|turn|16
|
|t:|1759065088
|move|p1a: Hitmontop|Earthquake|p2a: SUN !!!
|-supereffective|p2a: SUN !!!
|-damage|p2a: SUN !!!|0 fnt
|faint|p2a: SUN !!!
|
|-weather|SunnyDay|[upkeep]
|upkeep
|
|t:|1759065099
|switch|p2a: Walking Wake|Walking Wake|100/100
|-activate|p2a: Walking Wake|ability: Protosynthesis
|-start|p2a: Walking Wake|protosynthesisspa
|turn|17
|
|t:|1759065107
|move|p1a: Hitmontop|High Jump Kick|p2a: Walking Wake
|-damage|p2a: Walking Wake|52/100
|move|p2a: Walking Wake|Hydro Steam|p1a: Hitmontop
|-damage|p1a: Hitmontop|0 fnt
|faint|p1a: Hitmontop
|
|-weather|SunnyDay|[upkeep]
|upkeep
|
|t:|1759065115
|switch|p1a: Munkidori|Munkidori, M|58/100
|-item|p2a: Walking Wake|Choice Specs|[from] ability: Frisk|[of] p1a: Munkidori
|turn|18
|
|t:|1759065119
|move|p1a: Munkidori|Sludge Wave|p2a: Walking Wake
|-damage|p2a: Walking Wake|0 fnt
|faint|p2a: Walking Wake
|-end|p2a: Walking Wake|Protosynthesis|[silent]
|
|-weather|SunnyDay|[upkeep]
|upkeep
|
|t:|1759065125
|switch|p2a: Eruption !!!|Typhlosion, F|100/100
|turn|19
|
|t:|1759065129
|switch|p1a: Iron Valiant|Iron Valiant|100/100
|move|p2a: Eruption !!!|Eruption|p1a: Iron Valiant
|-damage|p1a: Iron Valiant|0 fnt
|faint|p1a: Iron Valiant
|-end|p1a: Iron Valiant|Quark Drive|[silent]
|
|-weather|SunnyDay|[upkeep]
|upkeep
|
|t:|1759065131
|switch|p1a: Dondozo|Dondozo, M|100/100
|turn|20
|
|t:|1759065140
|move|p2a: Eruption !!!|Eruption|p1a: Dondozo
|-resisted|p1a: Dondozo
|-damage|p1a: Dondozo|41/100
|move|p1a: Dondozo|Liquidation|p2a: Eruption !!!
|-supereffective|p2a: Eruption !!!
|-damage|p2a: Eruption !!!|59/100
|
|-weather|SunnyDay|[upkeep]
|upkeep
|turn|21
|
|t:|1759065148
|move|p2a: Eruption !!!|Eruption|p1a: Dondozo
|-resisted|p1a: Dondozo
|-damage|p1a: Dondozo|5/100
|move|p1a: Dondozo|Rest|p1a: Dondozo
|-status|p1a: Dondozo|slp|[from] move: Rest
|-heal|p1a: Dondozo|100/100 slp|[silent]
|-enditem|p1a: Dondozo|Chesto Berry|[eat]
|-curestatus|p1a: Dondozo|slp|[msg]
|
|-weather|SunnyDay|[upkeep]
|upkeep
|turn|22
|
|t:|1759065160
|move|p2a: Eruption !!!|Eruption|p1a: Dondozo
|-resisted|p1a: Dondozo
|-damage|p1a: Dondozo|66/100
|move|p1a: Dondozo|Liquidation|p2a: Eruption !!!
|-supereffective|p2a: Eruption !!!
|-damage|p2a: Eruption !!!|12/100
|
|-weather|SunnyDay|[upkeep]
|upkeep
|turn|23
|
|t:|1759065170
|move|p2a: Eruption !!!|Eruption|p1a: Dondozo
|-resisted|p1a: Dondozo
|-damage|p1a: Dondozo|59/100
|move|p1a: Dondozo|Liquidation|p2a: Eruption !!!
|-supereffective|p2a: Eruption !!!
|-crit|p2a: Eruption !!!
|-damage|p2a: Eruption !!!|0 fnt
|faint|p2a: Eruption !!!
|
|win|zsu-twink
|raw|zsu-twink's rating: 1170 &rarr; <strong>1197</strong><br />(+27 for winning)
|raw|boboloboss's rating: 1204 &rarr; <strong>1177</strong><br />(-27 for losing)
|c|☆zsu-twink|Gg
|l|☆zsu-twink
|player|p1|
|c|☆boboloboss|gg
|l|☆boboloboss
|player|p2|
