|j|☆xiaochoubushiwo
|j|☆Why Dusk
|t:|1758961547
|gametype|singles
|player|p1|xiaochoubushiwo|pokemaniac|1138
|player|p2|Why Dusk|collector|1154
|gen|9
|tier|[Gen 9] OU
|rated|
|rule|HP Percentage Mod: HP is shown in percentages
|rule|Endless Battle Clause: Forcing endless battles is banned
|rule|Species Clause: Limit one of each Pokémon
|rule|OHKO Clause: OHKO moves are banned
|rule|Evasion Items Clause: Evasion items are banned
|rule|Evasion Moves Clause: Evasion moves are banned
|rule|Evasion Abilities Clause: Evasion abilities are banned
|rule|Sleep Moves Clause: Sleep-inducing moves are banned
|clearpoke
|poke|p1|Pelipper, F|
|poke|p1|Barraskewda, F|
|poke|p1|Kingdra, F|
|poke|p1|Zapdos|
|poke|p1|Swampert, F|
|poke|p1|Corviknight, M|
|poke|p2|Mimikyu, M|
|poke|p2|Dragonite, F|
|poke|p2|Porygon2|
|poke|p2|Kingambit, F|
|poke|p2|Conkeldurr, M|
|poke|p2|Crawdaunt, M|
|teampreview
|inactive|Battle timer is ON: inactive players will automatically lose when time's up. (requested by Why Dusk)
|
|t:|1758961565
|teamsize|p1|6
|teamsize|p2|6
|start
|switch|p1a: Pelipper|Pelipper, F|100/100
|switch|p2a: Kingambit|Kingambit, F|100/100
|-weather|RainDance|[from] ability: Drizzle|[of] p1a: Pelipper
|-item|p2a: Kingambit|Air Balloon
|turn|1
|
|t:|1758961577
|-end|p2a: Kingambit|fallenundefined|[silent]
|switch|p2a: Conkeldurr|Conkeldurr, M|100/100
|move|p1a: Pelipper|U-turn|p2a: Conkeldurr
|-resisted|p2a: Conkeldurr
|-damage|p2a: Conkeldurr|97/100
|
|t:|1758961585
|switch|p1a: Zapdos|Zapdos|100/100|[from] U-turn
|
|-weather|RainDance|[upkeep]
|-status|p2a: Conkeldurr|brn|[from] item: Flame Orb
|upkeep
|turn|2
|
|t:|1758961594
|switch|p2a: Mimikyu|Mimikyu, M|100/100
|move|p1a: Zapdos|Hurricane|p2a: Mimikyu
|-activate|p2a: Mimikyu|ability: Disguise
|-damage|p2a: Mimikyu|100/100
|detailschange|p2a: Mimikyu|Mimikyu-Busted, M
|-damage|p2a: Mimikyu|88/100|[from] pokemon: Mimikyu-Busted
|
|-weather|RainDance|[upkeep]
|upkeep
|turn|3
|
|t:|1758961607
|move|p1a: Zapdos|Thunder|p2a: Mimikyu
|-damage|p2a: Mimikyu|29/100
|-status|p2a: Mimikyu|par
|move|p2a: Mimikyu|Trick Room|p2a: Mimikyu
|-fieldstart|move: Trick Room|[of] p2a: Mimikyu
|
|-weather|RainDance|[upkeep]
|upkeep
|turn|4
|
|t:|1758961615
|move|p2a: Mimikyu|Destiny Bond|p2a: Mimikyu
|-singlemove|p2a: Mimikyu|Destiny Bond
|move|p1a: Zapdos|Hurricane|p2a: Mimikyu
|-damage|p2a: Mimikyu|0 fnt
|faint|p2a: Mimikyu
|-activate|p2a: Mimikyu|move: Destiny Bond
|faint|p1a: Zapdos
|
|-weather|RainDance|[upkeep]
|upkeep
|
|t:|1758961631
|switch|p2a: Conkeldurr|Conkeldurr, M|97/100 brn
|switch|p1a: Swampert|Swampert, F|100/100
|turn|5
|
|t:|1758961647
|move|p2a: Conkeldurr|Close Combat|p1a: Swampert
|-damage|p1a: Swampert|0 fnt
|-unboost|p2a: Conkeldurr|def|1
|-unboost|p2a: Conkeldurr|spd|1
|faint|p1a: Swampert
|
|-weather|RainDance|[upkeep]
|-damage|p2a: Conkeldurr|91/100 brn|[from] brn
|upkeep
|
|t:|1758961662
|switch|p1a: Corviknight|Corviknight, M|100/100
|turn|6
|
|t:|1758961669
|move|p2a: Conkeldurr|Thunder Punch|p1a: Corviknight
|-supereffective|p1a: Corviknight
|-damage|p1a: Corviknight|31/100
|move|p1a: Corviknight|Roost|p1a: Corviknight
|-heal|p1a: Corviknight|81/100
|-singleturn|p1a: Corviknight|move: Roost
|
|-weather|RainDance|[upkeep]
|-heal|p1a: Corviknight|88/100|[from] item: Leftovers
|-damage|p2a: Conkeldurr|85/100 brn|[from] brn
|upkeep
|turn|7
|
|t:|1758961683
|switch|p2a: Crawdaunt|Crawdaunt, M|100/100
|move|p1a: Corviknight|U-turn|p2a: Crawdaunt
|-supereffective|p2a: Crawdaunt
|-damage|p2a: Crawdaunt|68/100
|
|t:|1758961693
|switch|p1a: Barraskewda|Barraskewda, F|100/100|[from] U-turn
|
|-weather|RainDance|[upkeep]
|-fieldend|move: Trick Room
|upkeep
|turn|8
|
|t:|1758961706
|move|p1a: Barraskewda|Close Combat|p2a: Crawdaunt
|-supereffective|p2a: Crawdaunt
|-damage|p2a: Crawdaunt|0 fnt
|-unboost|p1a: Barraskewda|def|1
|-unboost|p1a: Barraskewda|spd|1
|faint|p2a: Crawdaunt
|
|-weather|none
|upkeep
|
|t:|1758961715
|switch|p2a: Porygon2|Porygon2|100/100
|-ability|p2a: Porygon2|Swift Swim|Trace|[from] ability: Trace|[of] p1a: Barraskewda
|turn|9
|
|t:|1758961723
|switch|p1a: Pelipper|Pelipper, F|100/100
|-weather|RainDance|[from] ability: Drizzle|[of] p1a: Pelipper
|move|p2a: Porygon2|Trick Room|p2a: Porygon2
|-fieldstart|move: Trick Room|[of] p2a: Porygon2
|
|-weather|RainDance|[upkeep]
|upkeep
|turn|10
|
|t:|1758961740
|switch|p2a: Kingambit|Kingambit, F|100/100
|-activate|p2a: Kingambit|ability: Supreme Overlord
|-start|p2a: Kingambit|fallen2|[silent]
|-item|p2a: Kingambit|Air Balloon
|move|p1a: Pelipper|Hurricane|p2a: Kingambit
|-resisted|p2a: Kingambit
|-damage|p2a: Kingambit|84/100
|-enditem|p2a: Kingambit|Air Balloon
|
|-weather|RainDance|[upkeep]
|upkeep
|turn|11
|
|t:|1758961762
|move|p2a: Kingambit|Kowtow Cleave|p1a: Pelipper
|-damage|p1a: Pelipper|57/100
|move|p1a: Pelipper|Hurricane|p2a: Kingambit
|-resisted|p2a: Kingambit
|-damage|p2a: Kingambit|68/100
|-start|p2a: Kingambit|confusion
|
|-weather|RainDance|[upkeep]
|upkeep
|turn|12
|
|t:|1758961772
|-activate|p2a: Kingambit|confusion
|move|p2a: Kingambit|Kowtow Cleave|p1a: Pelipper
|-damage|p1a: Pelipper|10/100
|move|p1a: Pelipper|Roost|p1a: Pelipper
|-heal|p1a: Pelipper|60/100
|-singleturn|p1a: Pelipper|move: Roost
|
|-weather|RainDance|[upkeep]
|upkeep
|turn|13
|
|t:|1758961782
|-activate|p2a: Kingambit|confusion
|-damage|p2a: Kingambit|57/100|[from] confusion
|move|p1a: Pelipper|U-turn|p2a: Kingambit
|-damage|p2a: Kingambit|51/100
|
|t:|1758961785
|switch|p1a: Barraskewda|Barraskewda, F|100/100|[from] U-turn
|
|-weather|RainDance|[upkeep]
|-fieldend|move: Trick Room
|upkeep
|turn|14
|
|t:|1758961798
|-activate|p2a: Kingambit|confusion
|-damage|p2a: Kingambit|39/100|[from] confusion
|move|p1a: Barraskewda|Close Combat|p2a: Kingambit
|-supereffective|p2a: Kingambit
|-damage|p2a: Kingambit|0 fnt
|-unboost|p1a: Barraskewda|def|1
|-unboost|p1a: Barraskewda|spd|1
|faint|p2a: Kingambit
|-end|p2a: Kingambit|fallen2|[silent]
|
|-weather|RainDance|[upkeep]
|upkeep
|
|t:|1758961810
|switch|p2a: Dragonite|Dragonite, F|100/100
|turn|15
|
|t:|1758961816
|switch|p1a: Corviknight|Corviknight, M|88/100
|move|p2a: Dragonite|Dragon Dance|p2a: Dragonite
|-boost|p2a: Dragonite|atk|1
|-boost|p2a: Dragonite|spe|1
|
|-weather|RainDance|[upkeep]
|-heal|p1a: Corviknight|94/100|[from] item: Leftovers
|upkeep
|turn|16
|
|t:|1758961833
|move|p2a: Dragonite|Dragon Dance|p2a: Dragonite
|-boost|p2a: Dragonite|atk|1
|-boost|p2a: Dragonite|spe|1
|move|p1a: Corviknight|U-turn|p2a: Dragonite
|-resisted|p2a: Dragonite
|-damage|p2a: Dragonite|97/100
|
|t:|1758961835
|switch|p1a: Kingdra|Kingdra, F|100/100|[from] U-turn
|
|-weather|none
|upkeep
|turn|17
|
|t:|1758961846
|-terastallize|p1a: Kingdra|Ice
|move|p2a: Dragonite|Dragon Claw|p1a: Kingdra
|-damage|p1a: Kingdra|0 fnt
|faint|p1a: Kingdra
|
|upkeep
|-message|xiaochoubushiwo forfeited.
|
|win|Why Dusk
|raw|xiaochoubushiwo's rating: 1138 &rarr; <strong>1114</strong><br />(-24 for losing)
|raw|Why Dusk's rating: 1154 &rarr; <strong>1178</strong><br />(+24 for winning)
|l|☆xiaochoubushiwo
|player|p1|
|l|☆Why Dusk
|player|p2|
