|j|☆roadtoladderdawg
|j|☆prowl84
|t:|1759001457
|gametype|singles
|player|p1|roadtoladderdawg|volkner|1166
|player|p2|prowl84|cheren|1222
|gen|9
|tier|[Gen 9] OU
|rated|
|rule|HP Percentage Mod: HP is shown in percentages
|rule|Endless Battle Clause: Forcing endless battles is banned
|rule|Species Clause: Limit one of each Pokémon
|rule|OHKO Clause: OHKO moves are banned
|rule|Evasion Items Clause: Evasion items are banned
|rule|Evasion Moves Clause: Evasion moves are banned
|rule|Evasion Abilities Clause: Evasion abilities are banned
|rule|Sleep Moves Clause: Sleep-inducing moves are banned
|clearpoke
|poke|p1|Lycanroc-Dusk, F|
|poke|p1|Volcanion|
|poke|p1|Corviknight, M|
|poke|p1|Great Tusk|
|poke|p1|Slowking-Galar, M|
|poke|p1|Darkrai|
|poke|p2|Kyurem|
|poke|p2|Blissey, F|
|poke|p2|Dondozo, M|
|poke|p2|Gliscor, M|
|poke|p2|Clefable, F|
|poke|p2|Alomomola, M|
|teampreview
|inactive|Battle timer is ON: inactive players will automatically lose when time's up. (requested by prowl84)
|
|t:|1759001470
|teamsize|p1|6
|teamsize|p2|6
|start
|switch|p1a: Volcanion|Volcanion|100/100
|switch|p2a: Alomomola|Alomomola, M, shiny|100/100
|turn|1
|
|t:|1759001480
|move|p1a: Volcanion|Taunt|p2a: Alomomola
|-start|p2a: Alomomola|move: Taunt
|cant|p2a: Alomomola|move: Taunt|Light Screen
|
|upkeep
|turn|2
|
|t:|1759001491
|switch|p2a: Blissey|Blissey, F|100/100
|move|p1a: Volcanion|Fire Spin|p2a: Blissey
|-damage|p2a: Blissey|92/100
|-activate|p2a: Blissey|move: Fire Spin|[of] p1a: Volcanion
|
|-damage|p2a: Blissey|80/100|[from] move: Fire Spin|[partiallytrapped]
|upkeep
|turn|3
|
|t:|1759001499
|move|p1a: Volcanion|Taunt|p2a: Blissey
|-start|p2a: Blissey|move: Taunt
|cant|p2a: Blissey|move: Taunt|Calm Mind
|
|-damage|p2a: Blissey|67/100|[from] move: Fire Spin|[partiallytrapped]
|upkeep
|turn|4
|
|t:|1759001505
|move|p1a: Volcanion|Flamethrower|p2a: Blissey
|-damage|p2a: Blissey|49/100
|move|p2a: Blissey|Seismic Toss|p1a: Volcanion
|-damage|p1a: Volcanion|73/100
|
|-damage|p2a: Blissey|36/100|[from] move: Fire Spin|[partiallytrapped]
|upkeep
|turn|5
|
|t:|1759001513
|move|p1a: Volcanion|Flamethrower|p2a: Blissey
|-damage|p2a: Blissey|16/100
|-status|p2a: Blissey|brn
|move|p2a: Blissey|Seismic Toss|p1a: Volcanion
|-damage|p1a: Volcanion|45/100
|
|-damage|p2a: Blissey|10/100 brn|[from] brn
|-damage|p2a: Blissey|0 fnt|[from] move: Fire Spin|[partiallytrapped]
|faint|p2a: Blissey
|upkeep
|
|t:|1759001525
|switch|p2a: Kyurem|Kyurem, shiny|100/100
|-ability|p2a: Kyurem|Pressure
|turn|6
|
|t:|1759001535
|switch|p1a: Slowking|Slowking-Galar, M|100/100
|move|p2a: Kyurem|Substitute|p2a: Kyurem
|-start|p2a: Kyurem|Substitute
|-damage|p2a: Kyurem|76/100
|
|-heal|p2a: Kyurem|82/100|[from] item: Leftovers
|upkeep
|turn|7
|
|t:|1759001544
|move|p2a: Kyurem|Protect|p2a: Kyurem
|-singleturn|p2a: Kyurem|Protect
|move|p1a: Slowking|Psychic Noise|p2a: Kyurem
|-activate|p2a: Kyurem|move: Protect
|
|-heal|p2a: Kyurem|88/100|[from] item: Leftovers
|upkeep
|turn|8
|
|t:|1759001552
|move|p2a: Kyurem|Earth Power|p1a: Slowking
|-supereffective|p1a: Slowking
|-damage|p1a: Slowking|64/100
|move|p1a: Slowking|Psychic Noise|p2a: Kyurem
|-damage|p2a: Kyurem|64/100
|-start|p2a: Kyurem|move: Heal Block
|
|upkeep
|turn|9
|
|t:|1759001562
|switch|p1a: Darkrai|Darkrai|100/100
|move|p2a: Kyurem|Protect||[still]
|-fail|p2a: Kyurem
|
|-end|p2a: Kyurem|move: Heal Block
|upkeep
|turn|10
|
|t:|1759001570
|move|p1a: Darkrai|Trick||[still]
|-fail|p1a: Darkrai
|move|p2a: Kyurem|Freeze-Dry|p1a: Darkrai
|-damage|p1a: Darkrai|45/100
|
|-heal|p2a: Kyurem|70/100|[from] item: Leftovers
|upkeep
|turn|11
|
|t:|1759001575
|switch|p1a: Corviknight|Corviknight, M|100/100
|-ability|p1a: Corviknight|Pressure
|move|p2a: Kyurem|Protect||[still]
|-fail|p2a: Kyurem
|
|-heal|p2a: Kyurem|76/100|[from] item: Leftovers
|upkeep
|turn|12
|
|t:|1759001581
|move|p2a: Kyurem|Freeze-Dry|p1a: Corviknight
|-damage|p1a: Corviknight|62/100
|move|p1a: Corviknight|Body Press|p2a: Kyurem
|-supereffective|p2a: Kyurem
|-end|p2a: Kyurem|Substitute
|
|-heal|p2a: Kyurem|83/100|[from] item: Leftovers
|upkeep
|turn|13
|
|t:|1759001589
|move|p2a: Kyurem|Substitute|p2a: Kyurem
|-start|p2a: Kyurem|Substitute
|-damage|p2a: Kyurem|58/100
|move|p1a: Corviknight|U-turn|p2a: Kyurem
|-activate|p2a: Kyurem|move: Substitute|[damage]
|inactive|roadtoladderdawg has 120 seconds left.
|
|t:|1759001620
|switch|p1a: Darkrai|Darkrai|45/100|[from] U-turn
|
|-heal|p2a: Kyurem|64/100|[from] item: Leftovers
|upkeep
|turn|14
|
|t:|1759001628
|move|p2a: Kyurem|Protect|p2a: Kyurem
|-singleturn|p2a: Kyurem|Protect
|move|p1a: Darkrai|Dark Pulse|p2a: Kyurem
|-activate|p2a: Kyurem|move: Protect
|
|-heal|p2a: Kyurem|70/100|[from] item: Leftovers
|upkeep
|turn|15
|
|t:|1759001633
|move|p1a: Darkrai|Dark Pulse|p2a: Kyurem
|-end|p2a: Kyurem|Substitute
|move|p2a: Kyurem|Freeze-Dry|p1a: Darkrai
|-damage|p1a: Darkrai|0 fnt
|faint|p1a: Darkrai
|
|-heal|p2a: Kyurem|76/100|[from] item: Leftovers
|upkeep
|
|t:|1759001643
|switch|p1a: Lycanroc|Lycanroc-Dusk, F|100/100
|turn|16
|
|t:|1759001650
|switch|p2a: Gliscor|Gliscor, M, shiny|100/100
|move|p1a: Lycanroc|Close Combat|p2a: Gliscor
|-resisted|p2a: Gliscor
|-damage|p2a: Gliscor|76/100
|-unboost|p1a: Lycanroc|def|1
|-unboost|p1a: Lycanroc|spd|1
|
|-status|p2a: Gliscor|tox|[from] item: Toxic Orb
|upkeep
|turn|17
|
|t:|1759001657
|switch|p1a: Great Tusk|Great Tusk|100/100
|move|p2a: Gliscor|Spikes|p1a: Great Tusk
|-sidestart|p1: roadtoladderdawg|Spikes
|
|-heal|p2a: Gliscor|88/100 tox|[from] ability: Poison Heal
|upkeep
|turn|18
|
|t:|1759001662
|move|p1a: Great Tusk|Stealth Rock|p2a: Gliscor
|-sidestart|p2: prowl84|move: Stealth Rock
|move|p2a: Gliscor|Knock Off|p1a: Great Tusk
|-resisted|p1a: Great Tusk
|-damage|p1a: Great Tusk|92/100
|-enditem|p1a: Great Tusk|Heavy-Duty Boots|[from] move: Knock Off|[of] p2a: Gliscor
|
|-heal|p2a: Gliscor|100/100 tox|[from] ability: Poison Heal
|upkeep
|turn|19
|
|t:|1759001666
|move|p1a: Great Tusk|Rapid Spin|p2a: Gliscor
|-damage|p2a: Gliscor|89/100 tox
|-boost|p1a: Great Tusk|spe|1
|-sideend|p1: roadtoladderdawg|Spikes|[from] move: Rapid Spin|[of] p1a: Great Tusk
|move|p2a: Gliscor|Spikes|p1a: Great Tusk
|-sidestart|p1: roadtoladderdawg|Spikes
|
|-heal|p2a: Gliscor|100/100 tox|[from] ability: Poison Heal
|upkeep
|turn|20
|inactive|prowl84 has 120 seconds left.
|
|t:|1759001723
|move|p1a: Great Tusk|Ice Spinner|p2a: Gliscor
|-supereffective|p2a: Gliscor
|-damage|p2a: Gliscor|24/100 tox
|move|p2a: Gliscor|Spikes|p1a: Great Tusk
|-sidestart|p1: roadtoladderdawg|Spikes
|
|-heal|p2a: Gliscor|36/100 tox|[from] ability: Poison Heal
|upkeep
|turn|21
|
|t:|1759001735
|switch|p2a: Dondozo|Dondozo, M|100/100
|move|p1a: Great Tusk|Rapid Spin|p2a: Dondozo
|-damage|p2a: Dondozo|92/100
|-boost|p1a: Great Tusk|spe|1
|-sideend|p1: roadtoladderdawg|Spikes|[from] move: Rapid Spin|[of] p1a: Great Tusk
|
|upkeep
|turn|22
|
|t:|1759001745
|-end|p1a: Great Tusk|Protosynthesis|[silent]
|switch|p1a: Volcanion|Volcanion|45/100
|switch|p2a: Alomomola|Alomomola, M, shiny|100/100
|
|upkeep
|turn|23
|
|t:|1759001751
|switch|p2a: Clefable|Clefable, F|100/100
|-damage|p2a: Clefable|88/100|[from] Stealth Rock
|move|p1a: Volcanion|Taunt|p2a: Clefable
|-start|p2a: Clefable|move: Taunt
|
|-heal|p2a: Clefable|94/100|[from] item: Leftovers
|upkeep
|turn|24
|inactive|prowl84 has 90 seconds left.
|
|t:|1759001779
|move|p1a: Volcanion|Fire Spin|p2a: Clefable
|-damage|p2a: Clefable|81/100
|-activate|p2a: Clefable|move: Fire Spin|[of] p1a: Volcanion
|move|p2a: Clefable|Knock Off|p1a: Volcanion
|-damage|p1a: Volcanion|32/100
|-enditem|p1a: Volcanion|Heavy-Duty Boots|[from] move: Knock Off|[of] p2a: Clefable
|
|-heal|p2a: Clefable|87/100|[from] item: Leftovers
|-damage|p2a: Clefable|75/100|[from] move: Fire Spin|[partiallytrapped]
|upkeep
|turn|25
|
|t:|1759001791
|move|p1a: Volcanion|Steam Eruption|p2a: Clefable
|-damage|p2a: Clefable|31/100
|-status|p2a: Clefable|brn
|move|p2a: Clefable|Moonblast|p1a: Volcanion
|-resisted|p1a: Volcanion
|-damage|p1a: Volcanion|16/100
|
|-heal|p2a: Clefable|37/100 brn|[from] item: Leftovers
|-damage|p2a: Clefable|31/100 brn|[from] brn
|-damage|p2a: Clefable|19/100 brn|[from] move: Fire Spin|[partiallytrapped]
|-end|p2a: Clefable|move: Taunt
|upkeep
|turn|26
|inactive|prowl84 has 90 seconds left.
|-message|prowl84 forfeited.
|
|win|roadtoladderdawg
|raw|roadtoladderdawg's rating: 1166 &rarr; <strong>1195</strong><br />(+29 for winning)
|raw|prowl84's rating: 1222 &rarr; <strong>1193</strong><br />(-29 for losing)
|l|☆prowl84
|player|p2|
