|j|☆Pig Perfect
|j|☆dbcool
|t:|1758933022
|gametype|singles
|player|p1|Pig Perfect|workerice|1420
|player|p2|dbcool|dahlia|1412
|gen|9
|tier|[Gen 9] OU
|rated|
|rule|HP Percentage Mod: HP is shown in percentages
|rule|Endless Battle Clause: Forcing endless battles is banned
|rule|Species Clause: Limit one of each Pokémon
|rule|OHKO Clause: OHKO moves are banned
|rule|Evasion Items Clause: Evasion items are banned
|rule|Evasion Moves Clause: Evasion moves are banned
|rule|Evasion Abilities Clause: Evasion abilities are banned
|rule|Sleep Moves Clause: Sleep-inducing moves are banned
|clearpoke
|poke|p1|Azelf|
|poke|p1|Great Tusk|
|poke|p1|Hatterene, F|
|poke|p1|Lilligant-Hisui, F|
|poke|p1|Torkoal, F|
|poke|p1|Walking Wake|
|poke|p2|Tyranitar, M|
|poke|p2|Glimmora, F|
|poke|p2|Hydrapple, M|
|poke|p2|Garganacl, M|
|poke|p2|Corviknight, F|
|poke|p2|Rillaboom, M|
|teampreview
|inactive|Battle timer is ON: inactive players will automatically lose when time's up. (requested by dbcool)
|
|t:|1758933038
|teamsize|p1|6
|teamsize|p2|6
|start
|switch|p1a: Walking Wake|Walking Wake|100/100
|switch|p2a: Hydrapple|Hydrapple, M, shiny|100/100
|turn|1
|
|t:|1758933061
|-terastallize|p2a: Hydrapple|Steel
|move|p1a: Walking Wake|Flip Turn|p2a: Hydrapple
|-damage|p2a: Hydrapple|87/100
|
|t:|1758933072
|-end|p1a: Walking Wake|Protosynthesis|[silent]
|switch|p1a: Hatterene|Hatterene, F|100/100|[from] Flip Turn
|move|p2a: Hydrapple|Fickle Beam|p1a: Hatterene
|-immune|p1a: Hatterene
|
|upkeep
|turn|2
|
|t:|1758933081
|switch|p2a: Corviknight|Corviknight, F, shiny|100/100
|move|p1a: Hatterene|Mystical Fire|p2a: Corviknight
|-supereffective|p2a: Corviknight
|-damage|p2a: Corviknight|58/100
|-ability|p2a: Corviknight|Mirror Armor
|-unboost|p1a: Hatterene|spa|1
|
|upkeep
|turn|3
|
|t:|1758933089
|switch|p1a: Torkoal|Torkoal, F|100/100
|-weather|SunnyDay|[from] ability: Drought|[of] p1a: Torkoal
|move|p2a: Corviknight|U-turn|p1a: Torkoal
|-resisted|p1a: Torkoal
|-damage|p1a: Torkoal|96/100
|
|t:|1758933091
|switch|p2a: Tyranitar|Tyranitar, M, shiny|100/100|[from] U-turn
|-weather|Sandstorm|[from] ability: Sand Stream|[of] p2a: Tyranitar
|
|-weather|Sandstorm|[upkeep]
|-damage|p1a: Torkoal|89/100|[from] Sandstorm
|upkeep
|turn|4
|
|t:|1758933094
|switch|p1a: Great Tusk|Great Tusk|100/100
|move|p2a: Tyranitar|Knock Off|p1a: Great Tusk
|-resisted|p1a: Great Tusk
|-damage|p1a: Great Tusk|83/100
|-enditem|p1a: Great Tusk|Protective Pads|[from] move: Knock Off|[of] p2a: Tyranitar
|
|-weather|Sandstorm|[upkeep]
|upkeep
|turn|5
|
|t:|1758933099
|switch|p2a: Glimmora|Glimmora, F, shiny|100/100
|-item|p2a: Glimmora|Air Balloon
|move|p1a: Great Tusk|Knock Off|p2a: Glimmora
|-damage|p2a: Glimmora|67/100
|-enditem|p2a: Glimmora|Air Balloon
|
|-weather|Sandstorm|[upkeep]
|upkeep
|turn|6
|
|t:|1758933113
|move|p2a: Glimmora|Spiky Shield|p2a: Glimmora
|-singleturn|p2a: Glimmora|move: Protect
|move|p1a: Great Tusk|Headlong Rush|p2a: Glimmora
|-activate|p2a: Glimmora|move: Protect
|-damage|p1a: Great Tusk|71/100|[from] Spiky Shield|[of] p2a: Glimmora
|
|-weather|Sandstorm|[upkeep]
|upkeep
|turn|7
|
|t:|1758933118
|switch|p2a: Corviknight|Corviknight, F, shiny|58/100
|move|p1a: Great Tusk|Headlong Rush|p2a: Corviknight
|-immune|p2a: Corviknight
|
|-weather|Sandstorm|[upkeep]
|upkeep
|turn|8
|
|t:|1758933124
|-end|p1a: Great Tusk|Protosynthesis|[silent]
|switch|p1a: Torkoal|Torkoal, F|89/100
|-weather|SunnyDay|[from] ability: Drought|[of] p1a: Torkoal
|move|p2a: Corviknight|Roost|p2a: Corviknight
|-heal|p2a: Corviknight|100/100
|-singleturn|p2a: Corviknight|move: Roost
|
|-weather|SunnyDay|[upkeep]
|upkeep
|turn|9
|
|t:|1758933126
|move|p2a: Corviknight|U-turn|p1a: Torkoal
|-resisted|p1a: Torkoal
|-crit|p1a: Torkoal
|-damage|p1a: Torkoal|82/100
|
|t:|1758933127
|switch|p2a: Tyranitar|Tyranitar, M, shiny|100/100|[from] U-turn
|-weather|Sandstorm|[from] ability: Sand Stream|[of] p2a: Tyranitar
|move|p1a: Torkoal|Stealth Rock|p2a: Tyranitar
|-sidestart|p2: dbcool|move: Stealth Rock
|
|-weather|Sandstorm|[upkeep]
|-damage|p1a: Torkoal|76/100|[from] Sandstorm
|upkeep
|turn|10
|
|t:|1758933133
|switch|p1a: Hatterene|Hatterene, F|100/100
|move|p2a: Tyranitar|Low Kick|p1a: Hatterene
|-resisted|p1a: Hatterene
|-damage|p1a: Hatterene|99/100
|-enditem|p1a: Hatterene|Eject Button
|
|t:|1758933137
|switch|p1a: Lilligant|Lilligant-Hisui, F|100/100
|
|-weather|Sandstorm|[upkeep]
|-damage|p1a: Lilligant|95/100|[from] Sandstorm
|upkeep
|turn|11
|
|t:|1758933141
|switch|p2a: Corviknight|Corviknight, F, shiny|100/100
|-damage|p2a: Corviknight|88/100|[from] Stealth Rock
|move|p1a: Lilligant|Close Combat|p2a: Corviknight
|-damage|p2a: Corviknight|54/100
|-unboost|p1a: Lilligant|def|1
|-unboost|p1a: Lilligant|spd|1
|-damage|p1a: Lilligant|78/100|[from] item: Rocky Helmet|[of] p2a: Corviknight
|
|-weather|Sandstorm|[upkeep]
|-damage|p1a: Lilligant|72/100|[from] Sandstorm
|upkeep
|turn|12
|
|t:|1758933153
|switch|p1a: Azelf|Azelf|100/100
|move|p2a: Corviknight|Roost|p2a: Corviknight
|-heal|p2a: Corviknight|100/100
|-singleturn|p2a: Corviknight|move: Roost
|
|-weather|Sandstorm|[upkeep]
|-damage|p1a: Azelf|94/100|[from] Sandstorm
|upkeep
|turn|13
|
|t:|1758933160
|switch|p2a: Garganacl|Garganacl, M, shiny|100/100
|-damage|p2a: Garganacl|88/100|[from] Stealth Rock
|move|p1a: Azelf|Flamethrower|p2a: Garganacl
|-resisted|p2a: Garganacl
|-damage|p2a: Garganacl|81/100
|
|-weather|Sandstorm|[upkeep]
|-damage|p1a: Azelf|88/100|[from] Sandstorm
|-heal|p2a: Garganacl|87/100|[from] item: Leftovers
|upkeep
|turn|14
|
|t:|1758933164
|move|p1a: Azelf|Taunt|p2a: Garganacl
|-start|p2a: Garganacl|move: Taunt
|move|p2a: Garganacl|Salt Cure|p1a: Azelf
|-damage|p1a: Azelf|62/100
|-start|p1a: Azelf|Salt Cure
|
|-weather|Sandstorm|[upkeep]
|-damage|p1a: Azelf|56/100|[from] Sandstorm
|-heal|p2a: Garganacl|93/100|[from] item: Leftovers
|-damage|p1a: Azelf|43/100|[from] Salt Cure
|upkeep
|turn|15
|
|t:|1758933167
|move|p1a: Azelf|Knock Off|p2a: Garganacl
|-damage|p2a: Garganacl|77/100
|-enditem|p2a: Garganacl|Leftovers|[from] move: Knock Off|[of] p1a: Azelf
|move|p2a: Garganacl|Salt Cure|p1a: Azelf
|-damage|p1a: Azelf|18/100
|
|-weather|Sandstorm|[upkeep]
|-damage|p1a: Azelf|11/100|[from] Sandstorm
|-damage|p1a: Azelf|0 fnt|[from] Salt Cure
|faint|p1a: Azelf
|upkeep
|
|t:|1758933174
|switch|p1a: Torkoal|Torkoal, F|76/100
|-weather|SunnyDay|[from] ability: Drought|[of] p1a: Torkoal
|turn|16
|
|t:|1758933177
|switch|p1a: Hatterene|Hatterene, F|99/100
|move|p2a: Garganacl|Salt Cure|p1a: Hatterene
|-damage|p1a: Hatterene|87/100
|-start|p1a: Hatterene|Salt Cure
|
|-weather|SunnyDay|[upkeep]
|-damage|p1a: Hatterene|74/100|[from] Salt Cure
|-end|p2a: Garganacl|move: Taunt
|upkeep
|turn|17
|
|t:|1758933183
|switch|p2a: Glimmora|Glimmora, F, shiny|67/100
|-damage|p2a: Glimmora|54/100|[from] Stealth Rock
|move|p1a: Hatterene|Draining Kiss|p2a: Glimmora
|-resisted|p2a: Glimmora
|-damage|p2a: Glimmora|40/100
|-heal|p1a: Hatterene|86/100|[from] drain|[of] p2a: Glimmora
|
|-weather|SunnyDay|[upkeep]
|-damage|p1a: Hatterene|74/100|[from] Salt Cure
|upkeep
|turn|18
|
|t:|1758933191
|switch|p1a: Walking Wake|Walking Wake|100/100
|-activate|p1a: Walking Wake|ability: Protosynthesis
|-start|p1a: Walking Wake|protosynthesisspe
|move|p2a: Glimmora|Mortal Spin|p1a: Walking Wake
|-crit|p1a: Walking Wake
|-damage|p1a: Walking Wake|89/100
|-status|p1a: Walking Wake|psn
|-sideend|p2: dbcool|Stealth Rock|[from] move: Mortal Spin|[of] p2a: Glimmora
|
|-weather|SunnyDay|[upkeep]
|-damage|p1a: Walking Wake|77/100 psn|[from] psn
|upkeep
|turn|19
|
|t:|1758933201
|switch|p2a: Rillaboom|Rillaboom, M, shiny|100/100
|-fieldstart|move: Grassy Terrain|[from] ability: Grassy Surge|[of] p2a: Rillaboom
|move|p1a: Walking Wake|Hydro Steam|p2a: Rillaboom
|-resisted|p2a: Rillaboom
|-damage|p2a: Rillaboom|42/100
|
|-weather|SunnyDay|[upkeep]
|-heal|p1a: Walking Wake|83/100 psn|[from] Grassy Terrain
|-heal|p2a: Rillaboom|48/100|[from] Grassy Terrain
|-damage|p1a: Walking Wake|70/100 psn|[from] psn
|upkeep
|turn|20
|
|t:|1758933208
|-end|p1a: Walking Wake|Protosynthesis|[silent]
|switch|p1a: Torkoal|Torkoal, F|76/100
|move|p2a: Rillaboom|U-turn|p1a: Torkoal
|-resisted|p1a: Torkoal
|-damage|p1a: Torkoal|61/100
|
|t:|1758933210
|switch|p2a: Tyranitar|Tyranitar, M, shiny|100/100|[from] U-turn
|-weather|Sandstorm|[from] ability: Sand Stream|[of] p2a: Tyranitar
|
|-weather|Sandstorm|[upkeep]
|-damage|p1a: Torkoal|55/100|[from] Sandstorm
|-heal|p1a: Torkoal|61/100|[from] Grassy Terrain
|upkeep
|turn|21
|
|t:|1758933220
|move|p2a: Tyranitar|Stone Edge|p1a: Torkoal
|-supereffective|p1a: Torkoal
|-damage|p1a: Torkoal|0 fnt
|faint|p1a: Torkoal
|
|-weather|Sandstorm|[upkeep]
|upkeep
|
|t:|1758933223
|switch|p1a: Lilligant|Lilligant-Hisui, F|72/100
|turn|22
|
|t:|1758933225
|switch|p2a: Corviknight|Corviknight, F, shiny|100/100
|move|p1a: Lilligant|Swords Dance|p1a: Lilligant
|-boost|p1a: Lilligant|atk|2
|
|-weather|Sandstorm|[upkeep]
|-damage|p1a: Lilligant|66/100|[from] Sandstorm
|-heal|p1a: Lilligant|72/100|[from] Grassy Terrain
|upkeep
|turn|23
|
|t:|1758933236
|move|p1a: Lilligant|Close Combat|p2a: Corviknight
|-damage|p2a: Corviknight|29/100
|-unboost|p1a: Lilligant|def|1
|-unboost|p1a: Lilligant|spd|1
|-damage|p1a: Lilligant|56/100|[from] item: Rocky Helmet|[of] p2a: Corviknight
|move|p2a: Corviknight|Brave Bird|p1a: Lilligant
|-supereffective|p1a: Lilligant
|-damage|p1a: Lilligant|0 fnt
|faint|p1a: Lilligant
|-damage|p2a: Corviknight|16/100|[from] Recoil
|
|-weather|Sandstorm|[upkeep]
|-fieldend|move: Grassy Terrain
|upkeep
|
|t:|1758933240
|switch|p1a: Walking Wake|Walking Wake|70/100 psn
|turn|24
|
|t:|1758933247
|move|p1a: Walking Wake|Hydro Steam|p2a: Corviknight
|-damage|p2a: Corviknight|0 fnt
|faint|p2a: Corviknight
|
|-weather|Sandstorm|[upkeep]
|-damage|p1a: Walking Wake|64/100 psn|[from] Sandstorm
|-damage|p1a: Walking Wake|52/100 psn|[from] psn
|upkeep
|
|t:|1758933265
|switch|p2a: Hydrapple|Hydrapple, M, shiny, tera:Steel|100/100
|turn|25
|
|t:|1758933272
|-end|p1a: Walking Wake|Protosynthesis|[silent]
|switch|p1a: Hatterene|Hatterene, F|74/100
|move|p2a: Hydrapple|Earth Power|p1a: Hatterene
|-damage|p1a: Hatterene|23/100
|
|-weather|Sandstorm|[upkeep]
|-damage|p1a: Hatterene|17/100|[from] Sandstorm
|upkeep
|turn|26
|
|t:|1758933274
|move|p2a: Hydrapple|Earth Power|p1a: Hatterene
|-damage|p1a: Hatterene|0 fnt
|faint|p1a: Hatterene
|
|-weather|Sandstorm|[upkeep]
|upkeep
|
|t:|1758933278
|switch|p1a: Great Tusk|Great Tusk|71/100
|turn|27
|
|t:|1758933281
|move|p1a: Great Tusk|Headlong Rush|p2a: Hydrapple
|-supereffective|p2a: Hydrapple
|-damage|p2a: Hydrapple|0 fnt
|-unboost|p1a: Great Tusk|def|1
|-unboost|p1a: Great Tusk|spd|1
|faint|p2a: Hydrapple
|
|-weather|none
|upkeep
|
|t:|1758933284
|switch|p2a: Rillaboom|Rillaboom, M, shiny|48/100
|-fieldstart|move: Grassy Terrain|[from] ability: Grassy Surge|[of] p2a: Rillaboom
|turn|28
|
|t:|1758933290
|-terastallize|p1a: Great Tusk|Steel
|move|p2a: Rillaboom|Grassy Glide|p1a: Great Tusk
|-resisted|p1a: Great Tusk
|-damage|p1a: Great Tusk|39/100
|move|p1a: Great Tusk|Ice Spinner|p2a: Rillaboom
|-supereffective|p2a: Rillaboom
|-damage|p2a: Rillaboom|0 fnt
|-fieldend|move: Grassy Terrain
|faint|p2a: Rillaboom
|
|upkeep
|
|t:|1758933304
|switch|p2a: Tyranitar|Tyranitar, M, shiny|100/100
|-weather|Sandstorm|[from] ability: Sand Stream|[of] p2a: Tyranitar
|turn|29
|
|t:|1758933307
|switch|p2a: Glimmora|Glimmora, F, shiny|40/100
|move|p1a: Great Tusk|Headlong Rush|p2a: Glimmora
|-supereffective|p2a: Glimmora
|-damage|p2a: Glimmora|0 fnt
|-unboost|p1a: Great Tusk|def|1
|-unboost|p1a: Great Tusk|spd|1
|faint|p2a: Glimmora
|
|-weather|Sandstorm|[upkeep]
|upkeep
|
|t:|1758933308
|switch|p2a: Garganacl|Garganacl, M, shiny|77/100
|turn|30
|
|t:|1758933312
|move|p1a: Great Tusk|Headlong Rush|p2a: Garganacl
|-supereffective|p2a: Garganacl
|-damage|p2a: Garganacl|0 fnt
|-unboost|p1a: Great Tusk|def|1
|-unboost|p1a: Great Tusk|spd|1
|faint|p2a: Garganacl
|
|-weather|Sandstorm|[upkeep]
|upkeep
|
|t:|1758933315
|switch|p2a: Tyranitar|Tyranitar, M, shiny|100/100
|turn|31
|
|t:|1758933316
|move|p1a: Great Tusk|Headlong Rush|p2a: Tyranitar
|-supereffective|p2a: Tyranitar
|-damage|p2a: Tyranitar|0 fnt
|-unboost|p1a: Great Tusk|def|1
|-unboost|p1a: Great Tusk|spd|1
|faint|p2a: Tyranitar
|
|win|Pig Perfect
|raw|Pig Perfect's rating: 1420 &rarr; <strong>1440</strong><br />(+20 for winning)
|raw|dbcool's rating: 1412 &rarr; <strong>1392</strong><br />(-20 for losing)
|l|☆dbcool
|player|p2|
|c|☆Pig Perfect|gg
|l|☆Pig Perfect
|player|p1|
