|j|☆bzukanarf
|j|☆junetuned
|t:|1759024128
|gametype|singles
|player|p1|bzukanarf|doubleteam|1295
|player|p2|junetuned|silver|1289
|gen|9
|tier|[Gen 9] OU
|rated|
|rule|HP Percentage Mod: HP is shown in percentages
|rule|Endless Battle Clause: Forcing endless battles is banned
|rule|Species Clause: Limit one of each Pokémon
|rule|OHKO Clause: OHKO moves are banned
|rule|Evasion Items Clause: Evasion items are banned
|rule|Evasion Moves Clause: Evasion moves are banned
|rule|Evasion Abilities Clause: Evasion abilities are banned
|rule|Sleep Moves Clause: Sleep-inducing moves are banned
|clearpoke
|poke|p1|Spidops, F|
|poke|p1|Glimmora, F|
|poke|p1|Landorus-Therian, M|
|poke|p1|Kingambit, M|
|poke|p1|Ogerpon, F|
|poke|p1|Primarina, M|
|poke|p2|Meowscarada, F|
|poke|p2|Primarina, F|
|poke|p2|Iron Treads|
|poke|p2|Latios, M|
|poke|p2|Kyurem|
|poke|p2|Moltres|
|teampreview
|
|t:|1759024189
|teamsize|p1|6
|teamsize|p2|6
|start
|switch|p1a: Landorus|Landorus-Therian, M|100/100
|switch|p2a: Iron Treads|Iron Treads|100/100
|-ability|p1a: Landorus|Intimidate|boost
|-unboost|p2a: Iron Treads|atk|1
|-item|p2a: Iron Treads|Air Balloon
|turn|1
|
|t:|1759024203
|-end|p2a: Iron Treads|Quark Drive|[silent]
|switch|p2a: Moltres|Moltres, shiny|100/100
|move|p1a: Landorus|Taunt|p2a: Moltres
|-start|p2a: Moltres|move: Taunt
|
|upkeep
|turn|2
|
|t:|1759024219
|switch|p1a: Glimmora|Glimmora, F|100/100
|move|p2a: Moltres|Flamethrower|p1a: Glimmora
|-resisted|p1a: Glimmora
|-damage|p1a: Glimmora|77/100
|
|upkeep
|turn|3
|
|t:|1759024255
|switch|p2a: Meowscarada|Meowscarada, F|100/100
|move|p1a: Glimmora|Mortal Spin|p2a: Meowscarada
|-supereffective|p2a: Meowscarada
|-damage|p2a: Meowscarada|81/100
|-status|p2a: Meowscarada|psn
|
|-damage|p2a: Meowscarada|69/100 psn|[from] psn
|upkeep
|turn|4
|
|t:|1759024317
|switch|p1a: Landorus|Landorus-Therian, M|100/100
|-ability|p1a: Landorus|Intimidate|boost
|-unboost|p2a: Meowscarada|atk|1
|move|p2a: Meowscarada|Flower Trick|p1a: Landorus
|-start|p2a: Meowscarada|typechange|Grass|[from] ability: Protean
|-crit|p1a: Landorus
|-damage|p1a: Landorus|25/100
|
|-damage|p2a: Meowscarada|57/100 psn|[from] psn
|upkeep
|turn|5
|
|t:|1759024338
|switch|p2a: Moltres|Moltres, shiny|100/100
|switch|p1a: Spidops|Spidops, F|100/100
|
|upkeep
|turn|6
|
|t:|1759024355
|switch|p2a: Iron Treads|Iron Treads|100/100
|-item|p2a: Iron Treads|Air Balloon
|switch|p1a: Glimmora|Glimmora, F|77/100
|
|upkeep
|turn|7
|
|t:|1759024375
|switch|p1a: Landorus|Landorus-Therian, M|25/100
|-ability|p1a: Landorus|Intimidate|boost
|-unboost|p2a: Iron Treads|atk|1
|move|p2a: Iron Treads|Stealth Rock|p1a: Landorus
|-sidestart|p1: bzukanarf|move: Stealth Rock
|
|upkeep
|turn|8
|
|t:|1759024387
|-end|p2a: Iron Treads|Quark Drive|[silent]
|switch|p2a: Moltres|Moltres, shiny|100/100
|move|p1a: Landorus|Stealth Rock|p2a: Moltres
|-sidestart|p2: junetuned|move: Stealth Rock
|
|upkeep
|turn|9
|
|t:|1759024403
|switch|p1a: Glimmora|Glimmora, F|77/100
|-damage|p1a: Glimmora|65/100|[from] Stealth Rock
|move|p2a: Moltres|Flamethrower|p1a: Glimmora
|-resisted|p1a: Glimmora
|-damage|p1a: Glimmora|40/100
|-status|p1a: Glimmora|brn
|
|-damage|p1a: Glimmora|33/100 brn|[from] brn
|upkeep
|turn|10
|
|t:|1759024417
|switch|p2a: Meowscarada|Meowscarada, F|57/100 psn
|-damage|p2a: Meowscarada|45/100 psn|[from] Stealth Rock
|move|p1a: Glimmora|Meteor Beam||[still]
|-prepare|p1a: Glimmora|Meteor Beam
|-boost|p1a: Glimmora|spa|1
|-enditem|p1a: Glimmora|Power Herb
|-anim|p1a: Glimmora|Meteor Beam|p2a: Meowscarada
|-damage|p2a: Meowscarada|0 fnt
|faint|p2a: Meowscarada
|
|-damage|p1a: Glimmora|27/100 brn|[from] brn
|upkeep
|
|t:|1759024425
|switch|p2a: Kyurem|Kyurem|100/100
|-damage|p2a: Kyurem|76/100|[from] Stealth Rock
|-ability|p2a: Kyurem|Pressure
|turn|11
|
|t:|1759024446
|move|p2a: Kyurem|Freeze-Dry|p1a: Glimmora
|-damage|p1a: Glimmora|0 fnt
|faint|p1a: Glimmora
|
|upkeep
|
|t:|1759024453
|switch|p1a: Kingambit|Kingambit, M|100/100
|-damage|p1a: Kingambit|94/100|[from] Stealth Rock
|-activate|p1a: Kingambit|ability: Supreme Overlord
|-start|p1a: Kingambit|fallen1|[silent]
|turn|12
|
|t:|1759024464
|-terastallize|p2a: Kyurem|Ground
|move|p2a: Kyurem|Earth Power|p1a: Kingambit
|-supereffective|p1a: Kingambit
|-crit|p1a: Kingambit
|-damage|p1a: Kingambit|0 fnt
|faint|p1a: Kingambit
|-end|p1a: Kingambit|fallen1|[silent]
|
|upkeep
|
|t:|1759024472
|switch|p1a: Ogerpon|Ogerpon, F|100/100
|-damage|p1a: Ogerpon|88/100|[from] Stealth Rock
|turn|13
|
|t:|1759024478
|switch|p2a: Moltres|Moltres, shiny|100/100
|move|p1a: Ogerpon|Rock Tomb|p2a: Moltres
|-supereffective|p2a: Moltres
|-damage|p2a: Moltres|15/100
|-unboost|p2a: Moltres|spe|1
|
|upkeep
|turn|14
|
|t:|1759024503
|move|p1a: Ogerpon|Rock Tomb|p2a: Moltres
|-supereffective|p2a: Moltres
|-damage|p2a: Moltres|0 fnt
|faint|p2a: Moltres
|
|upkeep
|
|t:|1759024506
|switch|p2a: Latios|Latios, M|100/100
|-damage|p2a: Latios|88/100|[from] Stealth Rock
|turn|15
|
|t:|1759024522
|switch|p1a: Spidops|Spidops, F|100/100
|-damage|p1a: Spidops|76/100|[from] Stealth Rock
|move|p2a: Latios|Calm Mind|p2a: Latios
|-boost|p2a: Latios|spa|1
|-boost|p2a: Latios|spd|1
|
|upkeep
|turn|16
|
|t:|1759024534
|move|p1a: Spidops|First Impression|p2a: Latios
|-supereffective|p2a: Latios
|-damage|p2a: Latios|0 fnt
|faint|p2a: Latios
|
|upkeep
|
|t:|1759024539
|switch|p2a: Iron Treads|Iron Treads|100/100
|-damage|p2a: Iron Treads|98/100|[from] Stealth Rock
|-item|p2a: Iron Treads|Air Balloon
|turn|17
|
|t:|1759024547
|move|p2a: Iron Treads|Rapid Spin|p1a: Spidops
|-damage|p1a: Spidops|61/100
|-boost|p2a: Iron Treads|spe|1
|-sideend|p2: junetuned|Stealth Rock|[from] move: Rapid Spin|[of] p2a: Iron Treads
|move|p1a: Spidops|Knock Off|p2a: Iron Treads
|-damage|p2a: Iron Treads|77/100
|-enditem|p2a: Iron Treads|Air Balloon
|
|upkeep
|turn|18
|
|t:|1759024556
|move|p2a: Iron Treads|Iron Head|p1a: Spidops
|-damage|p1a: Spidops|29/100
|move|p1a: Spidops|Sticky Web|p2a: Iron Treads
|-sidestart|p2: junetuned|move: Sticky Web
|
|upkeep
|turn|19
|
|t:|1759024570
|-terastallize|p1a: Spidops|Ghost
|move|p2a: Iron Treads|Iron Head|p1a: Spidops
|-damage|p1a: Spidops|0 fnt
|faint|p1a: Spidops
|
|upkeep
|
|t:|1759024579
|switch|p1a: Primarina|Primarina, M|100/100
|-damage|p1a: Primarina|88/100|[from] Stealth Rock
|turn|20
|
|t:|1759024594
|move|p2a: Iron Treads|Rapid Spin|p1a: Primarina
|-damage|p1a: Primarina|71/100
|-boost|p2a: Iron Treads|spe|1
|-sideend|p2: junetuned|Sticky Web|[from] move: Rapid Spin|[of] p2a: Iron Treads
|move|p1a: Primarina|Calm Mind|p1a: Primarina
|-boost|p1a: Primarina|spa|1
|-boost|p1a: Primarina|spd|1
|
|-heal|p1a: Primarina|77/100|[from] item: Leftovers
|upkeep
|turn|21
|
|t:|1759024602
|move|p2a: Iron Treads|Iron Head|p1a: Primarina
|-damage|p1a: Primarina|37/100
|move|p1a: Primarina|Psychic Noise|p2a: Iron Treads
|-supereffective|p2a: Iron Treads
|-damage|p2a: Iron Treads|0 fnt
|faint|p2a: Iron Treads
|-end|p2a: Iron Treads|Quark Drive|[silent]
|
|-heal|p1a: Primarina|43/100|[from] item: Leftovers
|upkeep
|
|t:|1759024616
|switch|p2a: Primarina|Primarina, F|100/100
|turn|22
|
|t:|1759024630
|switch|p1a: Landorus|Landorus-Therian, M|25/100
|-damage|p1a: Landorus|13/100|[from] Stealth Rock
|-ability|p1a: Landorus|Intimidate|boost
|-unboost|p2a: Primarina|atk|1
|move|p2a: Primarina|Encore||[still]
|-fail|p2a: Primarina
|
|upkeep
|turn|23
|
|t:|1759024641
|move|p1a: Landorus|Stealth Rock|p2a: Primarina
|-sidestart|p2: junetuned|move: Stealth Rock
|move|p2a: Primarina|Moonblast|p1a: Landorus
|-damage|p1a: Landorus|0 fnt
|faint|p1a: Landorus
|
|upkeep
|
|t:|1759024646
|switch|p1a: Ogerpon|Ogerpon, F|88/100
|-damage|p1a: Ogerpon|76/100|[from] Stealth Rock
|turn|24
|
|t:|1759024655
|move|p1a: Ogerpon|Ivy Cudgel|p2a: Primarina
|-supereffective|p2a: Primarina
|-damage|p2a: Primarina|0 fnt
|faint|p2a: Primarina
|
|upkeep
|
|t:|1759024657
|switch|p2a: Kyurem|Kyurem, tera:Ground|76/100
|-damage|p2a: Kyurem|70/100|[from] Stealth Rock
|-ability|p2a: Kyurem|Pressure
|turn|25
|
|t:|1759024664
|move|p1a: Ogerpon|Ivy Cudgel|p2a: Kyurem
|-supereffective|p2a: Kyurem
|-damage|p2a: Kyurem|0 fnt
|faint|p2a: Kyurem
|
|win|bzukanarf
|raw|bzukanarf's rating: 1295 &rarr; <strong>1320</strong><br />(+25 for winning)
|raw|junetuned's rating: 1289 &rarr; <strong>1264</strong><br />(-25 for losing)
|l|☆junetuned
|player|p2|
