|badge|p1|bronze|gen9ou|100-6
|html|<div class="broadcast-red"><strong>This battle is required to be public due to one or more player having a season medal.</strong><br />During the public phase, you can discuss the state of the ladder <a href="/seasondiscussion">in a special chatroom.</a></div>
|uhtml|medal-msg|<div class="broadcast-blue">Curious what those medals under the avatar are? PS now has Ladder Seasons! For more information, check out the <a href="https://www.smogon.com/forums/threads/3740067/">thread on Smogon.</a></div>
|raw|<div class="broadcast-blue"><strong>This battle is required to be public due to a player having a name starting with 'medal'.</div>
|j|☆shuinifengB
|j|☆LT123VB 87
|t:|1759043842
|gametype|singles
|player|p1|shuinifengB|bugcatcher-gen4dp|1866
|player|p2|LT123VB 87|dawn|1804
|gen|9
|tier|[Gen 9] OU
|rated|
|rule|HP Percentage Mod: HP is shown in percentages
|rule|Endless Battle Clause: Forcing endless battles is banned
|rule|Species Clause: Limit one of each Pokémon
|rule|OHKO Clause: OHKO moves are banned
|rule|Evasion Items Clause: Evasion items are banned
|rule|Evasion Moves Clause: Evasion moves are banned
|rule|Evasion Abilities Clause: Evasion abilities are banned
|rule|Sleep Moves Clause: Sleep-inducing moves are banned
|clearpoke
|poke|p1|Ting-Lu|
|poke|p1|Alomomola, F|
|poke|p1|Dondozo, F|
|poke|p1|Gliscor, M|
|poke|p1|Blissey, F|
|poke|p1|Weezing-Galar, F|
|poke|p2|Dragapult, M|
|poke|p2|Ursaluna, F|
|poke|p2|Ogerpon-Wellspring, F|
|poke|p2|Kingambit, F|
|poke|p2|Glimmora, F|
|poke|p2|Iron Moth|
|teampreview
|inactive|Battle timer is ON: inactive players will automatically lose when time's up. (requested by LT123VB 87)
|j| catarina valentine
|
|t:|1759043859
|teamsize|p1|6
|teamsize|p2|6
|start
|switch|p1a: Gliscor|Gliscor, M|100/100
|switch|p2a: Glimmora|Glimmora, F|100/100
|turn|1
|j| heatraniac
|
|t:|1759043868
|move|p1a: Gliscor|Protect|p1a: Gliscor
|-singleturn|p1a: Gliscor|Protect
|move|p2a: Glimmora|Meteor Beam||[still]
|-prepare|p2a: Glimmora|Meteor Beam
|-boost|p2a: Glimmora|spa|1
|-enditem|p2a: Glimmora|Power Herb
|-anim|p2a: Glimmora|Meteor Beam|p1a: Gliscor
|-activate|p1a: Gliscor|move: Protect
|
|-status|p1a: Gliscor|tox|[from] item: Toxic Orb
|upkeep
|turn|2
|
|t:|1759043880
|switch|p2a: Dragapult|Dragapult, M|100/100
|switch|p1a: Blissey|Blissey, F|100/100
|
|upkeep
|turn|3
|j| PrincessGardevoir
|
|t:|1759043893
|switch|p1a: Alomomola|Alomomola, F|100/100
|move|p2a: Dragapult|Reflect|p2a: Dragapult
|-sidestart|p2: LT123VB 87|Reflect
|
|upkeep
|turn|4
|
|t:|1759043899
|switch|p2a: Ogerpon|Ogerpon-Wellspring, F|100/100
|move|p1a: Alomomola|Flip Turn|p2a: Ogerpon
|-immune|p2a: Ogerpon|[from] ability: Water Absorb
|
|upkeep
|turn|5
|j| Dr Greg H
|
|t:|1759043908
|switch|p2a: Ursaluna|Ursaluna, F|100/100
|switch|p1a: Weezing|Weezing-Galar, F|100/100
|-ability|p1a: Weezing|Neutralizing Gas
|
|-status|p2a: Ursaluna|brn|[from] item: Flame Orb
|upkeep
|turn|6
|
|t:|1759043925
|-terastallize|p1a: Weezing|Ghost
|move|p1a: Weezing|Sludge Bomb|p2a: Ursaluna
|-resisted|p2a: Ursaluna
|-damage|p2a: Ursaluna|89/100 brn
|move|p2a: Ursaluna|Swords Dance|p2a: Ursaluna
|-boost|p2a: Ursaluna|atk|2
|
|-damage|p2a: Ursaluna|83/100 brn|[from] brn
|upkeep
|turn|7
|
|t:|1759043935
|move|p1a: Weezing|Sludge Bomb|p2a: Ursaluna
|-resisted|p2a: Ursaluna
|-damage|p2a: Ursaluna|71/100 brn
|move|p2a: Ursaluna|Earthquake|p1a: Weezing
|-damage|p1a: Weezing|64/100
|
|-damage|p2a: Ursaluna|65/100 brn|[from] brn
|upkeep
|turn|8
|
|t:|1759043942
|move|p1a: Weezing|Sludge Bomb|p2a: Ursaluna
|-resisted|p2a: Ursaluna
|-damage|p2a: Ursaluna|53/100 brn
|move|p2a: Ursaluna|Earthquake|p1a: Weezing
|-damage|p1a: Weezing|24/100
|
|-damage|p2a: Ursaluna|47/100 brn|[from] brn
|upkeep
|turn|9
|
|t:|1759043950
|move|p1a: Weezing|Pain Split|p2a: Ursaluna
|-sethp|p2a: Ursaluna|32/100 brn|[from] move: Pain Split|[silent]
|-sethp|p1a: Weezing|45/100|[from] move: Pain Split
|move|p2a: Ursaluna|Earthquake|p1a: Weezing
|-damage|p1a: Weezing|6/100
|
|-damage|p2a: Ursaluna|26/100 brn|[from] brn
|upkeep
|turn|10
|j| alligator1673
|
|t:|1759043961
|move|p1a: Weezing|Pain Split|p2a: Ursaluna
|-sethp|p2a: Ursaluna|15/100 brn|[from] move: Pain Split|[silent]
|-sethp|p1a: Weezing|21/100|[from] move: Pain Split
|move|p2a: Ursaluna|Earthquake|p1a: Weezing
|-damage|p1a: Weezing|0 fnt
|faint|p1a: Weezing
|-end|p1a: Weezing|ability: Neutralizing Gas
|
|-damage|p2a: Ursaluna|9/100 brn|[from] brn
|-sideend|p2: LT123VB 87|Reflect
|upkeep
|l| catarina valentine
|inactive|shuinifengB has 120 seconds left.
|
|t:|1759043988
|switch|p1a: Gliscor|Gliscor, M|100/100 tox
|turn|11
|inactive|shuinifengB has 120 seconds left.
|
|t:|1759044008
|switch|p2a: Dragapult|Dragapult, M|100/100
|move|p1a: Gliscor|Knock Off|p2a: Dragapult
|-supereffective|p2a: Dragapult
|-damage|p2a: Dragapult|53/100
|-start|p1a: Gliscor|Disable|Knock Off|[from] ability: Cursed Body|[of] p2a: Dragapult
|-enditem|p2a: Dragapult|Light Clay|[from] move: Knock Off|[of] p1a: Gliscor
|
|upkeep
|turn|12
|inactive|shuinifengB has 120 seconds left.
|
|t:|1759044025
|move|p2a: Dragapult|Reflect|p2a: Dragapult
|-sidestart|p2: LT123VB 87|Reflect
|move|p1a: Gliscor|Spikes|p2a: Dragapult
|-sidestart|p2: LT123VB 87|Spikes
|
|upkeep
|turn|13
|
|t:|1759044034
|switch|p2a: Glimmora|Glimmora, F|100/100
|-damage|p2a: Glimmora|88/100|[from] Spikes
|switch|p1a: Alomomola|Alomomola, F|100/100
|
|upkeep
|turn|14
|inactive|shuinifengB has 120 seconds left.
|
|t:|1759044052
|move|p2a: Glimmora|Stealth Rock|p1a: Alomomola
|-sidestart|p1: shuinifengB|move: Stealth Rock
|move|p1a: Alomomola|Flip Turn|p2a: Glimmora
|-supereffective|p2a: Glimmora
|-damage|p2a: Glimmora|68/100
|-activate|p2a: Glimmora|ability: Toxic Debris
|-sidestart|p1: shuinifengB|move: Toxic Spikes
|
|t:|1759044071
|switch|p1a: Blissey|Blissey, F|100/100|[from] Flip Turn
|
|upkeep
|turn|15
|
|t:|1759044076
|move|p2a: Glimmora|Mortal Spin|p1a: Blissey
|-damage|p1a: Blissey|94/100
|-status|p1a: Blissey|psn
|-sideend|p2: LT123VB 87|Spikes|[from] move: Mortal Spin|[of] p2a: Glimmora
|move|p1a: Blissey|Seismic Toss|p2a: Glimmora
|-damage|p2a: Glimmora|36/100
|-activate|p2a: Glimmora|ability: Toxic Debris
|-sidestart|p1: shuinifengB|move: Toxic Spikes
|
|-damage|p1a: Blissey|82/100 psn|[from] psn
|upkeep
|turn|16
|l| heatraniac
|
|t:|1759044087
|switch|p2a: Kingambit|Kingambit, F|100/100
|move|p1a: Blissey|Seismic Toss|p2a: Kingambit
|-damage|p2a: Kingambit|75/100
|
|-heal|p2a: Kingambit|81/100|[from] item: Leftovers
|-damage|p1a: Blissey|70/100 psn|[from] psn
|-sideend|p2: LT123VB 87|Reflect
|upkeep
|turn|17
|
|t:|1759044099
|-curestatus|p1a: Blissey|psn|[from] ability: Natural Cure
|switch|p1a: Gliscor|Gliscor, M|100/100 tox
|-damage|p1a: Gliscor|88/100 tox|[from] Stealth Rock
|move|p2a: Kingambit|Swords Dance|p2a: Kingambit
|-boost|p2a: Kingambit|atk|2
|
|-heal|p2a: Kingambit|87/100|[from] item: Leftovers
|-heal|p1a: Gliscor|100/100 tox|[from] ability: Poison Heal
|upkeep
|turn|18
|
|t:|1759044118
|switch|p1a: Dondozo|Dondozo, F|100/100
|move|p2a: Kingambit|Kowtow Cleave|p1a: Dondozo
|-damage|p1a: Dondozo|77/100
|
|-heal|p2a: Kingambit|93/100|[from] item: Leftovers
|upkeep
|turn|19
|
|t:|1759044128
|-terastallize|p2a: Kingambit|Fairy
|move|p2a: Kingambit|Kowtow Cleave|p1a: Dondozo
|-damage|p1a: Dondozo|53/100
|move|p1a: Dondozo|Body Press|p2a: Kingambit
|-resisted|p2a: Kingambit
|-damage|p2a: Kingambit|83/100
|
|-heal|p2a: Kingambit|89/100|[from] item: Leftovers
|upkeep
|turn|20
|
|t:|1759044134
|-end|p2a: Kingambit|fallenundefined|[silent]
|switch|p2a: Ogerpon|Ogerpon-Wellspring, F|100/100
|move|p1a: Dondozo|Rest|p1a: Dondozo
|-status|p1a: Dondozo|slp|[from] move: Rest
|-heal|p1a: Dondozo|100/100 slp|[silent]
|
|upkeep
|turn|21
|
|t:|1759044147
|switch|p1a: Gliscor|Gliscor, M|100/100 tox
|-damage|p1a: Gliscor|88/100 tox|[from] Stealth Rock
|move|p2a: Ogerpon|Horn Leech|p1a: Gliscor
|-damage|p1a: Gliscor|60/100 tox
|
|-heal|p1a: Gliscor|72/100 tox|[from] ability: Poison Heal
|upkeep
|turn|22
|j| locked in bro
|inactive|shuinifengB has 120 seconds left.
|inactive|LT123VB 87 has 120 seconds left.
|
|t:|1759044181
|move|p1a: Gliscor|Protect|p1a: Gliscor
|-singleturn|p1a: Gliscor|Protect
|move|p2a: Ogerpon|Ivy Cudgel|p1a: Gliscor|[anim] Ivy Cudgel Water
|-activate|p1a: Gliscor|move: Protect
|
|-heal|p1a: Gliscor|85/100 tox|[from] ability: Poison Heal
|upkeep
|turn|23
|
|t:|1759044205
|switch|p2a: Dragapult|Dragapult, M|53/100
|switch|p1a: Dondozo|Dondozo, F|100/100 slp
|
|upkeep
|turn|24
|inactive|shuinifengB has 90 seconds left.
|
|t:|1759044229
|switch|p1a: Gliscor|Gliscor, M|85/100 tox
|-damage|p1a: Gliscor|72/100 tox|[from] Stealth Rock
|move|p2a: Dragapult|Curse|p1a: Gliscor
|-start|p1a: Gliscor|Curse|[of] p2a: Dragapult
|-damage|p2a: Dragapult|3/100
|
|-heal|p1a: Gliscor|85/100 tox|[from] ability: Poison Heal
|-damage|p1a: Gliscor|60/100 tox|[from] Curse
|upkeep
|turn|25
|
|t:|1759044237
|switch|p1a: Alomomola|Alomomola, F|100/100
|move|p2a: Dragapult|Curse|p1a: Alomomola
|-start|p1a: Alomomola|Curse|[of] p2a: Dragapult
|-damage|p2a: Dragapult|0 fnt
|faint|p2a: Dragapult
|
|-damage|p1a: Alomomola|75/100|[from] Curse
|upkeep
|
|t:|1759044239
|switch|p2a: Ogerpon|Ogerpon-Wellspring, F|100/100
|turn|26
|
|t:|1759044257
|switch|p1a: Dondozo|Dondozo, F|100/100 slp
|move|p2a: Ogerpon|Swords Dance|p2a: Ogerpon
|-boost|p2a: Ogerpon|atk|2
|
|upkeep
|turn|27
|
|t:|1759044260
|move|p2a: Ogerpon|Horn Leech|p1a: Dondozo
|-supereffective|p1a: Dondozo
|-damage|p1a: Dondozo|64/100 slp
|cant|p1a: Dondozo|slp
|move|p1a: Dondozo|Sleep Talk|p1a: Dondozo
|move|p1a: Dondozo|Avalanche|p2a: Ogerpon|[from] move: Sleep Talk
|-damage|p2a: Ogerpon|62/100
|
|upkeep
|turn|28
|
|t:|1759044269
|move|p2a: Ogerpon|Horn Leech|p1a: Dondozo
|-supereffective|p1a: Dondozo
|-damage|p1a: Dondozo|25/100 slp
|-heal|p2a: Ogerpon|96/100|[from] drain|[of] p1a: Dondozo
|cant|p1a: Dondozo|slp
|move|p1a: Dondozo|Sleep Talk|p1a: Dondozo
|move|p1a: Dondozo|Rest||[from] move: Sleep Talk|[still]
|-fail|p1a: Dondozo
|
|upkeep
|turn|29
|-message|shuinifengB forfeited.
|
|win|LT123VB 87
|raw|shuinifengB's rating: 1866 &rarr; <strong>1842</strong><br />(-24 for losing)
|raw|LT123VB 87's rating: 1804 &rarr; <strong>1828</strong><br />(+24 for winning)
|l|☆shuinifengB
|player|p1|
|l| locked in bro
