|j|☆thraxxedout!
|j|☆Yaoshi
|t:|1759010423
|gametype|singles
|player|p1|thraxxedout!|2|1389
|player|p2|Yaoshi|aetherfoundation2|1361
|gen|9
|tier|[Gen 9] OU
|rated|
|rule|HP Percentage Mod: HP is shown in percentages
|rule|Endless Battle Clause: Forcing endless battles is banned
|rule|Species Clause: Limit one of each Pokémon
|rule|OHKO Clause: OHKO moves are banned
|rule|Evasion Items Clause: Evasion items are banned
|rule|Evasion Moves Clause: Evasion moves are banned
|rule|Evasion Abilities Clause: Evasion abilities are banned
|rule|Sleep Moves Clause: Sleep-inducing moves are banned
|clearpoke
|poke|p1|Ting-Lu|
|poke|p1|Metagross|
|poke|p1|Weezing-Galar, M|
|poke|p1|Kommo-o, F|
|poke|p1|Araquanid, F|
|poke|p1|Brambleghast, F|
|poke|p2|Alomomola, M|
|poke|p2|Arcanine-Hisui, F|
|poke|p2|Corviknight, F|
|poke|p2|Haxorus, F|
|poke|p2|Darkrai|
|poke|p2|Pecharunt|
|teampreview
|inactive|Battle timer is ON: inactive players will automatically lose when time's up. (requested by Yaoshi)
|
|t:|1759010443
|teamsize|p1|6
|teamsize|p2|6
|start
|switch|p1a: Dover 🎣|Araquanid, F|100/100
|switch|p2a: Darkrai|Darkrai, shiny|100/100
|turn|1
|
|t:|1759010456
|move|p2a: Darkrai|Psyshock|p1a: Dover 🎣
|-damage|p1a: Dover 🎣|68/100
|move|p1a: Dover 🎣|Sticky Web|p2a: Darkrai
|-sidestart|p2: Yaoshi|move: Sticky Web
|
|upkeep
|turn|2
|
|t:|1759010467
|move|p2a: Darkrai|Psyshock|p1a: Dover 🎣
|-crit|p1a: Dover 🎣
|-damage|p1a: Dover 🎣|25/100
|move|p1a: Dover 🎣|Lunge|p2a: Darkrai
|-supereffective|p2a: Darkrai
|-damage|p2a: Darkrai|25/100
|-unboost|p2a: Darkrai|atk|1
|
|-heal|p2a: Darkrai|32/100|[from] item: Leftovers
|upkeep
|turn|3
|
|t:|1759010483
|switch|p1a: Mai-Tai 🥡|Ting-Lu|100/100
|-ability|p1a: Mai-Tai 🥡|Vessel of Ruin
|move|p2a: Darkrai|Dark Pulse|p1a: Mai-Tai 🥡
|-resisted|p1a: Mai-Tai 🥡
|-damage|p1a: Mai-Tai 🥡|92/100
|
|-heal|p2a: Darkrai|38/100|[from] item: Leftovers
|-heal|p1a: Mai-Tai 🥡|98/100|[from] item: Leftovers
|upkeep
|turn|4
|
|t:|1759010507
|move|p2a: Darkrai|Will-O-Wisp|p1a: Mai-Tai 🥡
|-status|p1a: Mai-Tai 🥡|brn
|move|p1a: Mai-Tai 🥡|Stealth Rock|p2a: Darkrai
|-sidestart|p2: Yaoshi|move: Stealth Rock
|
|-heal|p2a: Darkrai|44/100|[from] item: Leftovers
|-heal|p1a: Mai-Tai 🥡|100/100 brn|[from] item: Leftovers
|-damage|p1a: Mai-Tai 🥡|94/100 brn|[from] brn
|upkeep
|turn|5
|
|t:|1759010512
|switch|p2a: Corviknight|Corviknight, F, shiny|100/100
|-damage|p2a: Corviknight|88/100|[from] Stealth Rock
|move|p1a: Mai-Tai 🥡|Earthquake|p2a: Corviknight
|-immune|p2a: Corviknight
|
|-heal|p1a: Mai-Tai 🥡|100/100 brn|[from] item: Leftovers
|-damage|p1a: Mai-Tai 🥡|94/100 brn|[from] brn
|upkeep
|turn|6
|
|t:|1759010518
|switch|p1a: Mob 🤖|Metagross|100/100
|move|p2a: Corviknight|Defog|p1a: Mob 🤖
|-fail|p1a: Mob 🤖|unboost|[from] ability: Clear Body|[of] p1a: Mob 🤖
|-sideend|p2: Yaoshi|Stealth Rock|[from] move: Defog|[of] p2a: Corviknight
|-sideend|p2: Yaoshi|Sticky Web|[from] move: Defog|[of] p2a: Corviknight
|
|upkeep
|turn|7
|
|t:|1759010534
|switch|p2a: Pecharunt|Pecharunt|100/100
|move|p1a: Mob 🤖|Knock Off|p2a: Pecharunt
|-supereffective|p2a: Pecharunt
|-damage|p2a: Pecharunt|50/100
|-enditem|p2a: Pecharunt|Leftovers|[from] move: Knock Off|[of] p1a: Mob 🤖
|-damage|p1a: Mob 🤖|91/100|[from] item: Life Orb
|
|upkeep
|turn|8
|
|t:|1759010545
|switch|p2a: Alomomola|Alomomola, M|100/100
|move|p1a: Mob 🤖|Knock Off|p2a: Alomomola
|-damage|p2a: Alomomola|73/100
|-enditem|p2a: Alomomola|Heavy-Duty Boots|[from] move: Knock Off|[of] p1a: Mob 🤖
|-damage|p1a: Mob 🤖|81/100|[from] item: Life Orb
|
|upkeep
|turn|9
|
|t:|1759010551
|move|p1a: Mob 🤖|Hammer Arm|p2a: Alomomola
|-damage|p2a: Alomomola|48/100
|-unboost|p1a: Mob 🤖|spe|1
|-damage|p1a: Mob 🤖|71/100|[from] item: Life Orb
|move|p2a: Alomomola|Wish|p2a: Alomomola
|
|upkeep
|turn|10
|
|t:|1759010563
|move|p2a: Alomomola|Flip Turn|p1a: Mob 🤖
|-damage|p1a: Mob 🤖|58/100
|
|t:|1759010569
|switch|p2a: Pecharunt|Pecharunt|50/100|[from] Flip Turn
|move|p1a: Mob 🤖|Knock Off|p2a: Pecharunt
|-supereffective|p2a: Pecharunt
|-damage|p2a: Pecharunt|15/100
|-damage|p1a: Mob 🤖|48/100|[from] item: Life Orb
|
|-heal|p2a: Pecharunt|89/100|[from] move: Wish|[wisher] Alomomola
|upkeep
|turn|11
|
|t:|1759010577
|switch|p1a: Mai-Tai 🥡|Ting-Lu|94/100 brn
|-ability|p1a: Mai-Tai 🥡|Vessel of Ruin
|move|p2a: Pecharunt|Shadow Ball|p1a: Mai-Tai 🥡
|-resisted|p1a: Mai-Tai 🥡
|-damage|p1a: Mai-Tai 🥡|88/100 brn
|
|-heal|p1a: Mai-Tai 🥡|95/100 brn|[from] item: Leftovers
|-damage|p1a: Mai-Tai 🥡|88/100 brn|[from] brn
|upkeep
|turn|12
|
|t:|1759010585
|switch|p2a: Haxorus|Haxorus, F, shiny|100/100
|-ability|p2a: Haxorus|Mold Breaker
|move|p1a: Mai-Tai 🥡|Ruination|p2a: Haxorus
|-damage|p2a: Haxorus|51/100
|
|-heal|p1a: Mai-Tai 🥡|95/100 brn|[from] item: Leftovers
|-damage|p1a: Mai-Tai 🥡|88/100 brn|[from] brn
|upkeep
|turn|13
|
|t:|1759010593
|move|p2a: Haxorus|Iron Head|p1a: Mai-Tai 🥡
|-damage|p1a: Mai-Tai 🥡|64/100 brn
|cant|p1a: Mai-Tai 🥡|flinch
|
|-heal|p1a: Mai-Tai 🥡|71/100 brn|[from] item: Leftovers
|-damage|p1a: Mai-Tai 🥡|64/100 brn|[from] brn
|upkeep
|turn|14
|
|t:|1759010601
|switch|p2a: Alomomola|Alomomola, M|82/100
|move|p1a: Mai-Tai 🥡|Whirlwind|p2a: Alomomola
|drag|p2a: Haxorus|Haxorus, F, shiny|51/100
|-ability|p2a: Haxorus|Mold Breaker
|
|-heal|p1a: Mai-Tai 🥡|71/100 brn|[from] item: Leftovers
|-damage|p1a: Mai-Tai 🥡|64/100 brn|[from] brn
|upkeep
|turn|15
|
|t:|1759010622
|switch|p2a: Alomomola|Alomomola, M|100/100
|move|p1a: Mai-Tai 🥡|Ruination|p2a: Alomomola
|-damage|p2a: Alomomola|50/100
|
|-heal|p1a: Mai-Tai 🥡|71/100 brn|[from] item: Leftovers
|-damage|p1a: Mai-Tai 🥡|64/100 brn|[from] brn
|upkeep
|turn|16
|
|t:|1759010629
|switch|p1a: Jewel 🍃|Brambleghast, F|100/100
|move|p2a: Alomomola|Wish|p2a: Alomomola
|
|upkeep
|turn|17
|
|t:|1759010634
|switch|p2a: Pecharunt|Pecharunt|89/100
|move|p1a: Jewel 🍃|Leech Seed|p2a: Pecharunt
|-start|p2a: Pecharunt|move: Leech Seed
|
|-heal|p2a: Pecharunt|100/100|[from] move: Wish|[wisher] Alomomola
|-damage|p2a: Pecharunt|88/100|[from] Leech Seed|[of] p1a: Jewel 🍃
|upkeep
|turn|18
|
|t:|1759010652
|switch|p1a: Mai-Tai 🥡|Ting-Lu|64/100 brn
|-ability|p1a: Mai-Tai 🥡|Vessel of Ruin
|switch|p2a: Alomomola|Alomomola, M|84/100
|
|-heal|p1a: Mai-Tai 🥡|71/100 brn|[from] item: Leftovers
|-damage|p1a: Mai-Tai 🥡|64/100 brn|[from] brn
|upkeep
|turn|19
|
|t:|1759010663
|move|p2a: Alomomola|Wish|p2a: Alomomola
|move|p1a: Mai-Tai 🥡|Ruination|p2a: Alomomola
|-damage|p2a: Alomomola|42/100
|
|-heal|p1a: Mai-Tai 🥡|71/100 brn|[from] item: Leftovers
|-damage|p1a: Mai-Tai 🥡|64/100 brn|[from] brn
|upkeep
|turn|20
|
|t:|1759010667
|move|p2a: Alomomola|Flip Turn|p1a: Mai-Tai 🥡
|-supereffective|p1a: Mai-Tai 🥡
|-damage|p1a: Mai-Tai 🥡|45/100 brn
|
|t:|1759010671
|switch|p2a: Haxorus|Haxorus, F, shiny|51/100|[from] Flip Turn
|-ability|p2a: Haxorus|Mold Breaker
|move|p1a: Mai-Tai 🥡|Whirlwind|p2a: Haxorus
|drag|p2a: Pecharunt|Pecharunt|88/100
|
|-heal|p2a: Pecharunt|100/100|[from] move: Wish|[wisher] Alomomola
|-heal|p1a: Mai-Tai 🥡|51/100 brn|[from] item: Leftovers
|-damage|p1a: Mai-Tai 🥡|45/100 brn|[from] brn
|upkeep
|turn|21
|
|t:|1759010681
|move|p2a: Pecharunt|Defense Curl|p2a: Pecharunt
|-boost|p2a: Pecharunt|def|1
|move|p1a: Mai-Tai 🥡|Ruination|p2a: Pecharunt
|-damage|p2a: Pecharunt|51/100
|
|-heal|p1a: Mai-Tai 🥡|51/100 brn|[from] item: Leftovers
|-damage|p1a: Mai-Tai 🥡|45/100 brn|[from] brn
|upkeep
|turn|22
|
|t:|1759010686
|move|p2a: Pecharunt|Defense Curl|p2a: Pecharunt
|-boost|p2a: Pecharunt|def|1
|move|p1a: Mai-Tai 🥡|Whirlwind|p2a: Pecharunt
|drag|p2a: Darkrai|Darkrai, shiny|44/100
|
|-heal|p2a: Darkrai|50/100|[from] item: Leftovers
|-heal|p1a: Mai-Tai 🥡|51/100 brn|[from] item: Leftovers
|-damage|p1a: Mai-Tai 🥡|45/100 brn|[from] brn
|upkeep
|turn|23
|
|t:|1759010689
|move|p2a: Darkrai|Focus Blast|p1a: Mai-Tai 🥡
|-supereffective|p1a: Mai-Tai 🥡
|-damage|p1a: Mai-Tai 🥡|11/100 brn
|move|p1a: Mai-Tai 🥡|Ruination|p2a: Darkrai
|-damage|p2a: Darkrai|25/100
|
|-heal|p2a: Darkrai|32/100|[from] item: Leftovers
|-heal|p1a: Mai-Tai 🥡|17/100 brn|[from] item: Leftovers
|-damage|p1a: Mai-Tai 🥡|11/100 brn|[from] brn
|upkeep
|turn|24
|
|t:|1759010706
|move|p2a: Darkrai|Focus Blast|p1a: Mai-Tai 🥡
|-supereffective|p1a: Mai-Tai 🥡
|-damage|p1a: Mai-Tai 🥡|0 fnt
|faint|p1a: Mai-Tai 🥡
|
|-heal|p2a: Darkrai|38/100|[from] item: Leftovers
|upkeep
|
|t:|1759010722
|switch|p1a: Dover 🎣|Araquanid, F|25/100
|turn|25
|-enditem|p1a: Dover 🎣|Custap Berry|[eat]
|-activate|p1a: Dover 🎣|item: Custap Berry|[consumed]
|
|t:|1759010743
|move|p1a: Dover 🎣|Sticky Web|p2a: Darkrai
|-sidestart|p2: Yaoshi|move: Sticky Web
|move|p2a: Darkrai|Dark Pulse|p1a: Dover 🎣
|-damage|p1a: Dover 🎣|0 fnt
|faint|p1a: Dover 🎣
|
|-heal|p2a: Darkrai|44/100|[from] item: Leftovers
|upkeep
|
|t:|1759010750
|switch|p1a: Mob 🤖|Metagross|48/100
|turn|26
|
|t:|1759010758
|switch|p2a: Alomomola|Alomomola, M|76/100
|-activate|p2a: Alomomola|move: Sticky Web
|-unboost|p2a: Alomomola|spe|1
|move|p1a: Mob 🤖|Bullet Punch|p2a: Alomomola
|-resisted|p2a: Alomomola
|-damage|p2a: Alomomola|68/100
|-damage|p1a: Mob 🤖|38/100|[from] item: Life Orb
|
|upkeep
|turn|27
|
|t:|1759010766
|switch|p1a: Valeria 🗡️|Kommo-o, F|100/100
|move|p2a: Alomomola|Wish|p2a: Alomomola
|
|upkeep
|turn|28
|
|t:|1759010775
|switch|p2a: Corviknight|Corviknight, F, shiny|88/100
|move|p1a: Valeria 🗡️|Clangorous Soul|p1a: Valeria 🗡️
|-boost|p1a: Valeria 🗡️|atk|1
|-boost|p1a: Valeria 🗡️|def|1
|-boost|p1a: Valeria 🗡️|spa|1
|-boost|p1a: Valeria 🗡️|spd|1
|-boost|p1a: Valeria 🗡️|spe|1
|-damage|p1a: Valeria 🗡️|68/100
|-enditem|p1a: Valeria 🗡️|Throat Spray
|-boost|p1a: Valeria 🗡️|spa|1|[from] item: Throat Spray
|
|-heal|p2a: Corviknight|100/100|[from] move: Wish|[wisher] Alomomola
|upkeep
|turn|29
|
|t:|1759010796
|-terastallize|p1a: Valeria 🗡️|Fire
|move|p1a: Valeria 🗡️|Flamethrower|p2a: Corviknight
|-supereffective|p2a: Corviknight
|-damage|p2a: Corviknight|0 fnt
|faint|p2a: Corviknight
|
|upkeep
|
|t:|1759010810
|switch|p2a: Alomomola|Alomomola, M|100/100
|-activate|p2a: Alomomola|move: Sticky Web
|-unboost|p2a: Alomomola|spe|1
|turn|30
|
|t:|1759010815
|move|p1a: Valeria 🗡️|Boomburst|p2a: Alomomola
|-damage|p2a: Alomomola|0 fnt
|faint|p2a: Alomomola
|
|upkeep
|-message|Yaoshi forfeited.
|
|win|thraxxedout!
|raw|thraxxedout!'s rating: 1389 &rarr; <strong>1407</strong><br />(+18 for winning)
|raw|Yaoshi's rating: 1361 &rarr; <strong>1343</strong><br />(-18 for losing)
|l|☆Yaoshi
|player|p2|
|l|☆thraxxedout!
|player|p1|
