|j|☆Evannnnnn
|j|☆Mixster23
|t:|1759051281
|gametype|singles
|player|p1|Evannnnnn|veteran|1469
|player|p2|Mixster23|266|1457
|gen|9
|tier|[Gen 9] OU
|rated|
|rule|HP Percentage Mod: HP is shown in percentages
|rule|Endless Battle Clause: Forcing endless battles is banned
|rule|Species Clause: Limit one of each Pokémon
|rule|OHKO Clause: OHKO moves are banned
|rule|Evasion Items Clause: Evasion items are banned
|rule|Evasion Moves Clause: Evasion moves are banned
|rule|Evasion Abilities Clause: Evasion abilities are banned
|rule|Sleep Moves Clause: Sleep-inducing moves are banned
|clearpoke
|poke|p1|Iron Crown|
|poke|p1|Samurott-Hisui, M|
|poke|p1|Zapdos|
|poke|p1|Dragapult, M|
|poke|p1|Great Tusk|
|poke|p1|Iron Boulder|
|poke|p2|Hippowdon, F|
|poke|p2|Garganacl, F|
|poke|p2|Ogerpon-Wellspring, F|
|poke|p2|Dragapult, M|
|poke|p2|Corviknight, M|
|poke|p2|Gastrodon-East, M|
|teampreview
|inactive|Battle timer is ON: inactive players will automatically lose when time's up. (requested by Evannnnnn)
|
|t:|1759051294
|teamsize|p1|6
|teamsize|p2|6
|start
|switch|p1a: Everytime We Touch|Samurott-Hisui, M|100/100
|switch|p2a: Ogerpon|Ogerpon-Wellspring, F|100/100
|turn|1
|
|t:|1759051304
|switch|p1a: Hurikan|Zapdos|100/100
|move|p2a: Ogerpon|Horn Leech|p1a: Hurikan
|-resisted|p1a: Hurikan
|-damage|p1a: Hurikan|85/100
|
|upkeep
|turn|2
|
|t:|1759051310
|switch|p2a: Garganacl|Garganacl, F, shiny|100/100
|move|p1a: Hurikan|U-turn|p2a: Garganacl
|-damage|p2a: Garganacl|92/100
|
|t:|1759051322
|switch|p1a: Mindreader|Iron Crown|100/100|[from] U-turn
|
|-heal|p2a: Garganacl|98/100|[from] item: Leftovers
|upkeep
|turn|3
|
|t:|1759051328
|switch|p2a: Gastrodon|Gastrodon-East, M, shiny|100/100
|move|p1a: Mindreader|Volt Switch|p2a: Gastrodon
|-immune|p2a: Gastrodon
|
|upkeep
|turn|4
|
|t:|1759051336
|-end|p1a: Mindreader|Quark Drive|[silent]
|switch|p1a: Everytime We Touch|Samurott-Hisui, M|100/100
|move|p2a: Gastrodon|Earthquake|p1a: Everytime We Touch
|-damage|p1a: Everytime We Touch|63/100
|
|upkeep
|turn|5
|
|t:|1759051342
|switch|p2a: Corviknight|Corviknight, M, shiny|100/100
|-ability|p2a: Corviknight|Pressure
|move|p1a: Everytime We Touch|Ceaseless Edge|p2a: Corviknight|[miss]
|-miss|p1a: Everytime We Touch|p2a: Corviknight
|
|upkeep
|turn|6
|
|t:|1759051350
|switch|p1a: Hurikan|Zapdos|85/100
|move|p2a: Corviknight|Body Press|p1a: Hurikan
|-resisted|p1a: Hurikan
|-damage|p1a: Hurikan|75/100
|-status|p2a: Corviknight|par|[from] ability: Static|[of] p1a: Hurikan
|
|upkeep
|turn|7
|
|t:|1759051357
|switch|p2a: Garganacl|Garganacl, F, shiny|98/100
|move|p1a: Hurikan|U-turn|p2a: Garganacl
|-damage|p2a: Garganacl|88/100
|
|t:|1759051366
|switch|p1a: Mindreader|Iron Crown|100/100|[from] U-turn
|
|-heal|p2a: Garganacl|94/100|[from] item: Leftovers
|upkeep
|turn|8
|
|t:|1759051373
|switch|p2a: Gastrodon|Gastrodon-East, M, shiny|100/100
|move|p1a: Mindreader|Focus Blast|p2a: Gastrodon|[miss]
|-miss|p1a: Mindreader|p2a: Gastrodon
|
|upkeep
|turn|9
|
|t:|1759051380
|-end|p1a: Mindreader|Quark Drive|[silent]
|switch|p1a: Parasite|Dragapult, M|100/100
|move|p2a: Gastrodon|Spikes|p1a: Parasite
|-sidestart|p1: Evannnnnn|Spikes
|
|upkeep
|turn|10
|
|t:|1759051386
|switch|p2a: Garganacl|Garganacl, F, shiny|94/100
|-terastallize|p1a: Parasite|Ghost
|move|p1a: Parasite|Tera Blast|p2a: Garganacl|[anim] Tera Blast Ghost
|-damage|p2a: Garganacl|66/100
|
|-heal|p2a: Garganacl|72/100|[from] item: Leftovers
|upkeep
|turn|11
|
|t:|1759051398
|switch|p1a: Everytime We Touch|Samurott-Hisui, M|63/100
|-damage|p1a: Everytime We Touch|51/100|[from] Spikes
|move|p2a: Garganacl|Salt Cure|p1a: Everytime We Touch
|-damage|p1a: Everytime We Touch|31/100
|-start|p1a: Everytime We Touch|Salt Cure
|
|-heal|p2a: Garganacl|79/100|[from] item: Leftovers
|-damage|p1a: Everytime We Touch|6/100|[from] Salt Cure
|upkeep
|turn|12
|
|t:|1759051402
|switch|p2a: Corviknight|Corviknight, M, shiny|100/100 par
|-ability|p2a: Corviknight|Pressure
|move|p1a: Everytime We Touch|Ceaseless Edge|p2a: Corviknight
|-damage|p2a: Corviknight|71/100 par
|-damage|p1a: Everytime We Touch|0 fnt|[from] item: Rocky Helmet|[of] p2a: Corviknight
|faint|p1a: Everytime We Touch
|
|upkeep
|
|t:|1759051409
|switch|p1a: Mindreader|Iron Crown|100/100
|-damage|p1a: Mindreader|88/100|[from] Spikes
|turn|13
|
|t:|1759051414
|switch|p2a: Gastrodon|Gastrodon-East, M, shiny|100/100
|move|p1a: Mindreader|Tachyon Cutter|p2a: Gastrodon
|-resisted|p2a: Gastrodon
|-damage|p2a: Gastrodon|89/100
|-resisted|p2a: Gastrodon
|-damage|p2a: Gastrodon|77/100
|-hitcount|p2a: Gastrodon|2
|
|upkeep
|turn|14
|
|t:|1759051424
|-end|p1a: Mindreader|Quark Drive|[silent]
|switch|p1a: Parasite|Dragapult, M, tera:Ghost|100/100
|-damage|p1a: Parasite|88/100|[from] Spikes
|move|p2a: Gastrodon|Spikes|p1a: Parasite
|-sidestart|p1: Evannnnnn|Spikes
|
|upkeep
|turn|15
|
|t:|1759051430
|switch|p2a: Garganacl|Garganacl, F, shiny|79/100
|move|p1a: Parasite|Dragon Darts|p2a: Garganacl
|-damage|p2a: Garganacl|55/100
|-anim|p1a: Parasite|Dragon Darts|p2a: Garganacl
|-damage|p2a: Garganacl|29/100
|
|-heal|p2a: Garganacl|35/100|[from] item: Leftovers
|upkeep
|turn|16
|
|t:|1759051439
|switch|p2a: Corviknight|Corviknight, M, shiny|71/100 par
|-ability|p2a: Corviknight|Pressure
|move|p1a: Parasite|Dragon Darts|p2a: Corviknight
|-resisted|p2a: Corviknight
|-damage|p2a: Corviknight|60/100 par
|-anim|p1a: Parasite|Dragon Darts|p2a: Corviknight
|-resisted|p2a: Corviknight
|-damage|p2a: Corviknight|48/100 par
|
|upkeep
|turn|17
|
|t:|1759051461
|switch|p1a: Mindreader|Iron Crown|88/100
|-damage|p1a: Mindreader|72/100|[from] Spikes
|move|p2a: Corviknight|Roost|p2a: Corviknight
|-heal|p2a: Corviknight|98/100 par
|-singleturn|p2a: Corviknight|move: Roost
|
|upkeep
|turn|18
|
|t:|1759051477
|switch|p2a: Gastrodon|Gastrodon-East, M, shiny|77/100
|move|p1a: Mindreader|Psyshock|p2a: Gastrodon
|-damage|p2a: Gastrodon|12/100
|
|upkeep
|turn|19
|
|t:|1759051490
|-end|p1a: Mindreader|Quark Drive|[silent]
|switch|p1a: Parasite|Dragapult, M, tera:Ghost|88/100
|-damage|p1a: Parasite|72/100|[from] Spikes
|move|p2a: Gastrodon|Earthquake|p1a: Parasite
|-damage|p1a: Parasite|32/100
|
|upkeep
|turn|20
|
|t:|1759051499
|move|p1a: Parasite|Tera Blast|p2a: Gastrodon|[anim] Tera Blast Ghost
|-damage|p2a: Gastrodon|0 fnt
|faint|p2a: Gastrodon
|
|upkeep
|
|t:|1759051507
|switch|p2a: Hippowdon|Hippowdon, F|100/100
|-weather|Sandstorm|[from] ability: Sand Stream|[of] p2a: Hippowdon
|turn|21
|
|t:|1759051515
|switch|p1a: Pump It|Great Tusk|100/100
|switch|p2a: Garganacl|Garganacl, F, shiny|35/100
|
|-weather|Sandstorm|[upkeep]
|-heal|p2a: Garganacl|41/100|[from] item: Leftovers
|upkeep
|turn|22
|
|t:|1759051519
|switch|p2a: Corviknight|Corviknight, M, shiny|98/100 par
|-ability|p2a: Corviknight|Pressure
|move|p1a: Pump It|Rapid Spin|p2a: Corviknight
|-resisted|p2a: Corviknight
|-damage|p2a: Corviknight|92/100 par
|-boost|p1a: Pump It|spe|1
|-damage|p1a: Pump It|84/100|[from] item: Rocky Helmet|[of] p2a: Corviknight
|-sideend|p1: Evannnnnn|Spikes|[from] move: Rapid Spin|[of] p1a: Pump It
|
|-weather|Sandstorm|[upkeep]
|upkeep
|turn|23
|
|t:|1759051524
|switch|p2a: Garganacl|Garganacl, F, shiny|41/100
|move|p1a: Pump It|Stealth Rock|p2a: Garganacl
|-sidestart|p2: Mixster23|move: Stealth Rock
|
|-weather|Sandstorm|[upkeep]
|-heal|p2a: Garganacl|48/100|[from] item: Leftovers
|upkeep
|turn|24
|
|t:|1759051532
|switch|p2a: Corviknight|Corviknight, M, shiny|92/100 par
|-damage|p2a: Corviknight|80/100 par|[from] Stealth Rock
|-ability|p2a: Corviknight|Pressure
|move|p1a: Pump It|Headlong Rush|p2a: Corviknight
|-immune|p2a: Corviknight
|
|-weather|Sandstorm|[upkeep]
|upkeep
|turn|25
|
|t:|1759051537
|-end|p1a: Pump It|Protosynthesis|[silent]
|switch|p1a: Mindreader|Iron Crown|72/100
|move|p2a: Corviknight|Defog|p1a: Mindreader
|-unboost|p1a: Mindreader|evasion|1
|-sideend|p2: Mixster23|Stealth Rock|[from] move: Defog|[of] p2a: Corviknight
|
|-weather|none
|upkeep
|turn|26
|
|t:|1759051549
|move|p1a: Mindreader|Tachyon Cutter|p2a: Corviknight
|-resisted|p2a: Corviknight
|-damage|p2a: Corviknight|62/100 par
|-resisted|p2a: Corviknight
|-damage|p2a: Corviknight|43/100 par
|-hitcount|p2a: Corviknight|2
|cant|p2a: Corviknight|par
|
|upkeep
|turn|27
|
|t:|1759051560
|move|p1a: Mindreader|Tachyon Cutter|p2a: Corviknight
|-resisted|p2a: Corviknight
|-damage|p2a: Corviknight|25/100 par
|-resisted|p2a: Corviknight
|-damage|p2a: Corviknight|5/100 par
|-hitcount|p2a: Corviknight|2
|move|p2a: Corviknight|Brave Bird|p1a: Mindreader
|-resisted|p1a: Mindreader
|-damage|p1a: Mindreader|53/100
|-damage|p2a: Corviknight|0 fnt|[from] Recoil
|faint|p2a: Corviknight
|
|upkeep
|
|t:|1759051564
|switch|p2a: Ogerpon|Ogerpon-Wellspring, F|100/100
|turn|28
|
|t:|1759051570
|-end|p1a: Mindreader|Quark Drive|[silent]
|switch|p1a: Hurikan|Zapdos|75/100
|move|p2a: Ogerpon|Knock Off|p1a: Hurikan
|-damage|p1a: Hurikan|45/100
|-enditem|p1a: Hurikan|Heavy-Duty Boots|[from] move: Knock Off|[of] p2a: Ogerpon
|
|upkeep
|turn|29
|
|t:|1759051577
|move|p2a: Ogerpon|Ivy Cudgel|p1a: Hurikan|[anim] Ivy Cudgel Water
|-damage|p1a: Hurikan|0 fnt
|faint|p1a: Hurikan
|
|upkeep
|
|t:|1759051584
|switch|p1a: Parasite|Dragapult, M, tera:Ghost|32/100
|turn|30
|
|t:|1759051599
|move|p1a: Parasite|Dragon Darts|p2a: Ogerpon
|-damage|p2a: Ogerpon|48/100
|-anim|p1a: Parasite|Dragon Darts|p2a: Ogerpon
|-damage|p2a: Ogerpon|0 fnt
|faint|p2a: Ogerpon
|
|upkeep
|
|t:|1759051608
|switch|p2a: Hippowdon|Hippowdon, F|100/100
|-weather|Sandstorm|[from] ability: Sand Stream|[of] p2a: Hippowdon
|turn|31
|
|t:|1759051615
|switch|p1a: Pump It|Great Tusk|84/100
|move|p2a: Hippowdon|Earthquake|p1a: Pump It
|-damage|p1a: Pump It|56/100
|
|-weather|Sandstorm|[upkeep]
|upkeep
|turn|32
|
|t:|1759051619
|move|p1a: Pump It|Stealth Rock|p2a: Hippowdon
|-sidestart|p2: Mixster23|move: Stealth Rock
|move|p2a: Hippowdon|Stealth Rock|p1a: Pump It
|-sidestart|p1: Evannnnnn|move: Stealth Rock
|
|-weather|Sandstorm|[upkeep]
|upkeep
|turn|33
|
|t:|1759051628
|move|p1a: Pump It|Ice Spinner|p2a: Hippowdon
|-supereffective|p2a: Hippowdon
|-damage|p2a: Hippowdon|72/100
|move|p2a: Hippowdon|Earthquake|p1a: Pump It
|-damage|p1a: Pump It|29/100
|
|-weather|Sandstorm|[upkeep]
|upkeep
|turn|34
|
|t:|1759051632
|move|p1a: Pump It|Rapid Spin|p2a: Hippowdon
|-damage|p2a: Hippowdon|63/100
|-boost|p1a: Pump It|spe|1
|-sideend|p1: Evannnnnn|Stealth Rock|[from] move: Rapid Spin|[of] p1a: Pump It
|move|p2a: Hippowdon|Slack Off|p2a: Hippowdon
|-heal|p2a: Hippowdon|100/100
|
|-weather|Sandstorm|[upkeep]
|upkeep
|turn|35
|
|t:|1759051637
|-end|p1a: Pump It|Protosynthesis|[silent]
|switch|p1a: Mindreader|Iron Crown|53/100
|move|p2a: Hippowdon|Stealth Rock|p1a: Mindreader
|-sidestart|p1: Evannnnnn|move: Stealth Rock
|
|-weather|none
|upkeep
|turn|36
|
|t:|1759051640
|move|p1a: Mindreader|Tachyon Cutter|p2a: Hippowdon
|-damage|p2a: Hippowdon|59/100
|-damage|p2a: Hippowdon|17/100
|-hitcount|p2a: Hippowdon|2
|move|p2a: Hippowdon|Earthquake|p1a: Mindreader
|-supereffective|p1a: Mindreader
|-damage|p1a: Mindreader|0 fnt
|faint|p1a: Mindreader
|-end|p1a: Mindreader|Quark Drive|[silent]
|
|upkeep
|
|t:|1759051656
|switch|p1a: Parasite|Dragapult, M, tera:Ghost|32/100
|-damage|p1a: Parasite|20/100|[from] Stealth Rock
|turn|37
|
|t:|1759051660
|move|p1a: Parasite|Dragon Darts|p2a: Hippowdon
|-damage|p2a: Hippowdon|0 fnt
|faint|p2a: Hippowdon
|
|upkeep
|
|t:|1759051662
|switch|p2a: Dragapult|Dragapult, M, shiny|100/100
|turn|38
|
|t:|1759051670
|move|p2a: Dragapult|Dragon Darts|p1a: Parasite
|-damage|p1a: Parasite|0 fnt
|faint|p1a: Parasite
|
|upkeep
|
|t:|1759051672
|switch|p1a: Revery|Iron Boulder|100/100
|-damage|p1a: Revery|88/100|[from] Stealth Rock
|-enditem|p1a: Revery|Booster Energy
|-activate|p1a: Revery|ability: Quark Drive|[fromitem]
|-start|p1a: Revery|quarkdrivespe
|turn|39
|
|t:|1759051681
|-terastallize|p2a: Dragapult|Steel
|move|p1a: Revery|Swords Dance|p1a: Revery
|-boost|p1a: Revery|atk|2
|move|p2a: Dragapult|Will-O-Wisp|p1a: Revery
|-status|p1a: Revery|brn
|
|-damage|p1a: Revery|82/100 brn|[from] brn
|upkeep
|turn|40
|
|t:|1759051690
|move|p1a: Revery|Close Combat|p2a: Dragapult
|-supereffective|p2a: Dragapult
|-damage|p2a: Dragapult|0 fnt
|-unboost|p1a: Revery|def|1
|-unboost|p1a: Revery|spd|1
|faint|p2a: Dragapult
|
|-damage|p1a: Revery|76/100 brn|[from] brn
|upkeep
|
|t:|1759051694
|switch|p2a: Garganacl|Garganacl, F, shiny|48/100
|-damage|p2a: Garganacl|35/100|[from] Stealth Rock
|turn|41
|-message|Mixster23 forfeited.
|
|win|Evannnnnn
|raw|Evannnnnn's rating: 1469 &rarr; <strong>1488</strong><br />(+19 for winning)
|raw|Mixster23's rating: 1457 &rarr; <strong>1438</strong><br />(-19 for losing)
|l|☆Mixster23
|player|p2|
|l|☆Evannnnnn
|player|p1|
