|j|☆mattlap2
|j|☆GenKenobi212
|t:|1759000621
|gametype|singles
|player|p1|mattlap2|102|1145
|player|p2|GenKenobi212|170|1189
|gen|9
|tier|[Gen 9] OU
|rated|
|rule|HP Percentage Mod: HP is shown in percentages
|rule|Endless Battle Clause: Forcing endless battles is banned
|rule|Species Clause: Limit one of each Pokémon
|rule|OHKO Clause: OHKO moves are banned
|rule|Evasion Items Clause: Evasion items are banned
|rule|Evasion Moves Clause: Evasion moves are banned
|rule|Evasion Abilities Clause: Evasion abilities are banned
|rule|Sleep Moves Clause: Sleep-inducing moves are banned
|clearpoke
|poke|p1|Dodrio, F|
|poke|p1|Revavroom, M|
|poke|p1|Dondozo, M|
|poke|p1|Thundurus-Therian, M|
|poke|p1|Gliscor, M|
|poke|p1|Comfey, M|
|poke|p2|Dragonite, M|
|poke|p2|Gholdengo|
|poke|p2|Iron Treads|
|poke|p2|Quaquaval, F|
|poke|p2|Slowking-Galar, M|
|poke|p2|Ting-Lu|
|teampreview
|inactive|Battle timer is ON: inactive players will automatically lose when time's up. (requested by GenKenobi212)
|inactive|GenKenobi212 has 120 seconds left.
|c|☆mattlap2|hello i am on my lunch break can you pick your pokemon
|inactive|GenKenobi212 has 90 seconds left.
|c|☆mattlap2|thank you in advance
|
|t:|1759000684
|teamsize|p1|6
|teamsize|p2|6
|start
|switch|p1a: Gliscor|Gliscor, M|100/100
|switch|p2a: Ting-Lu|Ting-Lu|100/100
|-ability|p2a: Ting-Lu|Vessel of Ruin
|turn|1
|
|t:|1759000689
|move|p1a: Gliscor|Toxic|p2a: Ting-Lu
|-status|p2a: Ting-Lu|tox
|move|p2a: Ting-Lu|Whirlwind|p1a: Gliscor
|drag|p1a: Thundurus|Thundurus-Therian, M|100/100
|
|-damage|p2a: Ting-Lu|94/100 tox|[from] psn
|upkeep
|turn|2
|
|t:|1759000695
|move|p1a: Thundurus|Grass Knot|p2a: Ting-Lu
|-supereffective|p2a: Ting-Lu
|-damage|p2a: Ting-Lu|38/100 tox
|move|p2a: Ting-Lu|Spikes|p1a: Thundurus
|-sidestart|p1: mattlap2|Spikes
|
|-heal|p2a: Ting-Lu|44/100 tox|[from] item: Leftovers
|-damage|p2a: Ting-Lu|32/100 tox|[from] psn
|upkeep
|turn|3
|
|t:|1759000713
|switch|p2a: Dragonite|Dragonite, M|100/100
|move|p1a: Thundurus|Grass Knot|p2a: Dragonite
|-resisted|p2a: Dragonite
|-crit|p2a: Dragonite
|-damage|p2a: Dragonite|89/100
|
|upkeep
|turn|4
|
|t:|1759000727
|switch|p1a: Dondozo|Dondozo, M|100/100
|-damage|p1a: Dondozo|88/100|[from] Spikes
|move|p2a: Dragonite|Dragon Dance|p2a: Dragonite
|-boost|p2a: Dragonite|atk|1
|-boost|p2a: Dragonite|spe|1
|
|-heal|p1a: Dondozo|94/100|[from] item: Leftovers
|upkeep
|turn|5
|
|t:|1759000731
|move|p2a: Dragonite|Earthquake|p1a: Dondozo
|-damage|p1a: Dondozo|77/100
|move|p1a: Dondozo|Curse|p1a: Dondozo
|-unboost|p1a: Dondozo|spe|1
|-boost|p1a: Dondozo|atk|1
|-boost|p1a: Dondozo|def|1
|
|-heal|p1a: Dondozo|83/100|[from] item: Leftovers
|upkeep
|turn|6
|
|t:|1759000735
|switch|p2a: Slowking|Slowking-Galar, M|100/100
|move|p1a: Dondozo|Curse|p1a: Dondozo
|-unboost|p1a: Dondozo|spe|1
|-boost|p1a: Dondozo|atk|1
|-boost|p1a: Dondozo|def|1
|
|-heal|p1a: Dondozo|90/100|[from] item: Leftovers
|upkeep
|turn|7
|
|t:|1759000740
|move|p2a: Slowking|Future Sight|p1a: Dondozo
|-start|p2a: Slowking|move: Future Sight
|move|p1a: Dondozo|Waterfall|p2a: Slowking
|-crit|p2a: Slowking
|-damage|p2a: Slowking|41/100
|
|-heal|p1a: Dondozo|96/100|[from] item: Leftovers
|upkeep
|turn|8
|
|t:|1759000747
|move|p2a: Slowking|Sludge Bomb|p1a: Dondozo
|-damage|p1a: Dondozo|66/100
|move|p1a: Dondozo|Waterfall|p2a: Slowking
|-damage|p2a: Slowking|4/100
|
|-heal|p1a: Dondozo|72/100|[from] item: Leftovers
|upkeep
|turn|9
|
|t:|1759000753
|-prepare|p2a: Slowking|Chilly Reception|[premajor]
|move|p2a: Slowking|Chilly Reception|p2a: Slowking
|-weather|Snowscape
|
|t:|1759000758
|switch|p2a: Quaquaval|Quaquaval, F|100/100|[from] Chilly Reception
|move|p1a: Dondozo|Waterfall|p2a: Quaquaval
|-resisted|p2a: Quaquaval
|-crit|p2a: Quaquaval
|-damage|p2a: Quaquaval|51/100
|
|-weather|Snowscape|[upkeep]
|-end|p1a: Dondozo|move: Future Sight
|-damage|p1a: Dondozo|33/100
|-heal|p1a: Dondozo|39/100|[from] item: Leftovers
|upkeep
|turn|10
|
|t:|1759000781
|switch|p2a: Ting-Lu|Ting-Lu|32/100 tox
|-ability|p2a: Ting-Lu|Vessel of Ruin
|move|p1a: Dondozo|Rest|p1a: Dondozo
|-status|p1a: Dondozo|slp|[from] move: Rest
|-heal|p1a: Dondozo|100/100 slp|[silent]
|
|-weather|Snowscape|[upkeep]
|-heal|p2a: Ting-Lu|38/100 tox|[from] item: Leftovers
|-damage|p2a: Ting-Lu|32/100 tox|[from] psn
|upkeep
|turn|11
|
|t:|1759000786
|move|p2a: Ting-Lu|Spikes|p1a: Dondozo
|-sidestart|p1: mattlap2|Spikes
|cant|p1a: Dondozo|slp
|move|p1a: Dondozo|Sleep Talk|p1a: Dondozo
|move|p1a: Dondozo|Rest||[from] move: Sleep Talk|[still]
|-fail|p1a: Dondozo
|
|-weather|Snowscape|[upkeep]
|-heal|p2a: Ting-Lu|38/100 tox|[from] item: Leftovers
|-damage|p2a: Ting-Lu|26/100 tox|[from] psn
|upkeep
|turn|12
|
|t:|1759000789
|cant|p1a: Dondozo|slp
|move|p1a: Dondozo|Sleep Talk|p1a: Dondozo
|move|p1a: Dondozo|Waterfall|p2a: Ting-Lu|[from] move: Sleep Talk
|-supereffective|p2a: Ting-Lu
|-damage|p2a: Ting-Lu|0 fnt
|faint|p2a: Ting-Lu
|
|-weather|Snowscape|[upkeep]
|upkeep
|
|t:|1759000797
|switch|p2a: Gholdengo|Gholdengo|100/100
|turn|13
|
|t:|1759000802
|move|p2a: Gholdengo|Trick|p1a: Dondozo
|-activate|p2a: Gholdengo|move: Trick|[of] p1a: Dondozo
|-item|p1a: Dondozo|Choice Scarf|[from] move: Trick
|-item|p2a: Gholdengo|Leftovers|[from] move: Trick
|-curestatus|p1a: Dondozo|slp|[msg]
|move|p1a: Dondozo|Sleep Talk||[still]
|-fail|p1a: Dondozo
|
|-weather|none
|upkeep
|turn|14
|
|t:|1759000822
|switch|p1a: Revavroom|Revavroom, M|100/100
|-item|p1a: Revavroom|Air Balloon
|move|p2a: Gholdengo|Shadow Ball|p1a: Revavroom
|-damage|p1a: Revavroom|30/100
|-enditem|p1a: Revavroom|Air Balloon
|
|upkeep
|turn|15
|
|t:|1759000838
|move|p2a: Gholdengo|Shadow Ball|p1a: Revavroom
|-damage|p1a: Revavroom|0 fnt
|faint|p1a: Revavroom
|
|upkeep
|
|t:|1759000851
|switch|p1a: Dodrio|Dodrio, F|100/100
|turn|16
|
|t:|1759000864
|switch|p2a: Iron Treads|Iron Treads|100/100
|move|p1a: Dodrio|Swords Dance|p1a: Dodrio
|-boost|p1a: Dodrio|atk|2
|
|upkeep
|turn|17
|
|t:|1759000877
|move|p1a: Dodrio|Brave Bird|p2a: Iron Treads
|-resisted|p2a: Iron Treads
|-damage|p2a: Iron Treads|39/100
|-damage|p1a: Dodrio|75/100|[from] Recoil
|-damage|p1a: Dodrio|65/100|[from] item: Life Orb
|move|p2a: Iron Treads|Knock Off|p1a: Dodrio
|-damage|p1a: Dodrio|10/100
|-enditem|p1a: Dodrio|Life Orb|[from] move: Knock Off|[of] p2a: Iron Treads
|
|-heal|p2a: Iron Treads|45/100|[from] item: Leftovers
|upkeep
|turn|18
|
|t:|1759000903
|-end|p2a: Iron Treads|Quark Drive|[silent]
|switch|p2a: Dragonite|Dragonite, M|89/100
|move|p1a: Dodrio|Brave Bird|p2a: Dragonite
|-damage|p2a: Dragonite|0 fnt
|faint|p2a: Dragonite
|-damage|p1a: Dodrio|0 fnt|[from] Recoil
|faint|p1a: Dodrio
|
|upkeep
|inactive|GenKenobi212 has 120 seconds left.
|
|t:|1759000919
|switch|p1a: Comfey|Comfey, M|100/100
|switch|p2a: Gholdengo|Gholdengo|100/100
|-damage|p1a: Comfey|84/100|[from] Spikes
|turn|19
|inactive|GenKenobi212 has 120 seconds left.
|
|t:|1759000931
|move|p1a: Comfey|Calm Mind|p1a: Comfey
|-boost|p1a: Comfey|spa|1
|-boost|p1a: Comfey|spd|1
|move|p2a: Gholdengo|Make It Rain|p1a: Comfey
|-supereffective|p1a: Comfey
|-damage|p1a: Comfey|0 fnt
|-unboost|p2a: Gholdengo|spa|1
|faint|p1a: Comfey
|
|upkeep
|
|t:|1759000940
|switch|p1a: Thundurus|Thundurus-Therian, M|100/100
|turn|20
|
|t:|1759000950
|switch|p2a: Iron Treads|Iron Treads|45/100
|-terastallize|p1a: Thundurus|Fairy
|move|p1a: Thundurus|Tera Blast|p2a: Iron Treads|[anim] Tera Blast Fairy
|-resisted|p2a: Iron Treads
|-damage|p2a: Iron Treads|0 fnt
|faint|p2a: Iron Treads
|-end|p2a: Iron Treads|Quark Drive|[silent]
|
|upkeep
|
|t:|1759000961
|switch|p2a: Gholdengo|Gholdengo|100/100
|turn|21
|
|t:|1759000963
|move|p1a: Thundurus|Tera Blast|p2a: Gholdengo|[anim] Tera Blast Fairy
|-resisted|p2a: Gholdengo
|-damage|p2a: Gholdengo|61/100
|move|p2a: Gholdengo|Make It Rain|p1a: Thundurus
|-supereffective|p1a: Thundurus
|-damage|p1a: Thundurus|0 fnt
|-unboost|p2a: Gholdengo|spa|1
|faint|p1a: Thundurus
|
|-heal|p2a: Gholdengo|67/100|[from] item: Leftovers
|upkeep
|
|t:|1759000971
|switch|p1a: Gliscor|Gliscor, M|100/100
|turn|22
|
|t:|1759000977
|move|p2a: Gholdengo|Trick|p1a: Gliscor
|-activate|p2a: Gholdengo|move: Trick|[of] p1a: Gliscor
|-item|p1a: Gliscor|Leftovers|[from] move: Trick
|-item|p2a: Gholdengo|Toxic Orb|[from] move: Trick
|move|p1a: Gliscor|Knock Off|p2a: Gholdengo
|-supereffective|p2a: Gholdengo
|-damage|p2a: Gholdengo|15/100
|-enditem|p2a: Gholdengo|Toxic Orb|[from] move: Knock Off|[of] p1a: Gliscor
|
|upkeep
|turn|23
|
|t:|1759000989
|move|p2a: Gholdengo|Make It Rain|p1a: Gliscor
|-crit|p1a: Gliscor
|-damage|p1a: Gliscor|14/100
|-unboost|p2a: Gholdengo|spa|1
|move|p1a: Gliscor|Knock Off|p2a: Gholdengo
|-supereffective|p2a: Gholdengo
|-damage|p2a: Gholdengo|0 fnt
|faint|p2a: Gholdengo
|
|-heal|p1a: Gliscor|20/100|[from] item: Leftovers
|upkeep
|
|t:|1759000992
|switch|p2a: Quaquaval|Quaquaval, F|51/100
|turn|24
|
|t:|1759000995
|move|p1a: Gliscor|Protect|p1a: Gliscor
|-singleturn|p1a: Gliscor|Protect
|move|p2a: Quaquaval|Aqua Step|p1a: Gliscor
|-activate|p1a: Gliscor|move: Protect
|
|-heal|p1a: Gliscor|27/100|[from] item: Leftovers
|upkeep
|turn|25
|
|t:|1759001003
|move|p2a: Quaquaval|Aqua Step|p1a: Gliscor
|-supereffective|p1a: Gliscor
|-damage|p1a: Gliscor|0 fnt
|-boost|p2a: Quaquaval|spe|1
|faint|p1a: Gliscor
|-ability|p2a: Quaquaval|Moxie|boost
|-boost|p2a: Quaquaval|atk|1
|
|upkeep
|
|t:|1759001005
|switch|p1a: Dondozo|Dondozo, M|100/100
|-damage|p1a: Dondozo|84/100|[from] Spikes
|turn|26
|
|t:|1759001010
|move|p2a: Quaquaval|Aqua Step|p1a: Dondozo
|-resisted|p1a: Dondozo
|-damage|p1a: Dondozo|71/100
|-boost|p2a: Quaquaval|spe|1
|move|p1a: Dondozo|Curse|p1a: Dondozo
|-unboost|p1a: Dondozo|spe|1
|-boost|p1a: Dondozo|atk|1
|-boost|p1a: Dondozo|def|1
|
|upkeep
|turn|27
|
|t:|1759001012
|move|p2a: Quaquaval|Aqua Step|p1a: Dondozo
|-resisted|p1a: Dondozo
|-damage|p1a: Dondozo|62/100
|-boost|p2a: Quaquaval|spe|1
|move|p1a: Dondozo|Curse|p1a: Dondozo
|-unboost|p1a: Dondozo|spe|1
|-boost|p1a: Dondozo|atk|1
|-boost|p1a: Dondozo|def|1
|
|upkeep
|turn|28
|-message|mattlap2 forfeited.
|
|win|GenKenobi212
|raw|mattlap2's rating: 1145 &rarr; <strong>1123</strong><br />(-22 for losing)
|raw|GenKenobi212's rating: 1189 &rarr; <strong>1211</strong><br />(+22 for winning)
|l|☆mattlap2
|player|p1|
|l|☆GenKenobi212
|player|p2|
