|j|☆YumeKasumi76
|j|☆BZR Osiris
|t:|1759053344
|gametype|singles
|player|p1|YumeKasumi76|265|1389
|player|p2|BZR Osiris|red|1329
|gen|9
|tier|[Gen 9] OU
|rated|
|rule|HP Percentage Mod: HP is shown in percentages
|rule|Endless Battle Clause: Forcing endless battles is banned
|rule|Species Clause: Limit one of each Pokémon
|rule|OHKO Clause: OHKO moves are banned
|rule|Evasion Items Clause: Evasion items are banned
|rule|Evasion Moves Clause: Evasion moves are banned
|rule|Evasion Abilities Clause: Evasion abilities are banned
|rule|Sleep Moves Clause: Sleep-inducing moves are banned
|clearpoke
|poke|p1|Cobalion|
|poke|p1|Weezing-Galar, M|
|poke|p1|Lokix, F|
|poke|p1|Arboliva, M|
|poke|p1|Ceruledge, F|
|poke|p1|Latios, M|
|poke|p2|Iron Moth|
|poke|p2|Ogerpon-Wellspring, F|
|poke|p2|Iron Treads|
|poke|p2|Kyurem|
|poke|p2|Dragonite, M|
|poke|p2|Iron Valiant|
|teampreview
|inactive|Battle timer is ON: inactive players will automatically lose when time's up. (requested by BZR Osiris)
|
|t:|1759053360
|teamsize|p1|6
|teamsize|p2|6
|start
|switch|p1a: Ironhyde|Cobalion|100/100
|switch|p2a: Sunfyre|Iron Moth, shiny|100/100
|-enditem|p2a: Sunfyre|Booster Energy
|-activate|p2a: Sunfyre|ability: Quark Drive|[fromitem]
|-start|p2a: Sunfyre|quarkdrivespa
|turn|1
|
|t:|1759053366
|switch|p1a: Jalter|Ceruledge, F|100/100
|move|p2a: Sunfyre|Fiery Dance|p1a: Jalter
|-start|p1a: Jalter|ability: Flash Fire
|
|upkeep
|turn|2
|
|t:|1759053378
|-end|p2a: Sunfyre|Quark Drive|[silent]
|switch|p2a: Colossus|Iron Treads, shiny|100/100
|-enditem|p2a: Colossus|Booster Energy
|-activate|p2a: Colossus|ability: Quark Drive|[fromitem]
|-start|p2a: Colossus|quarkdrivespe
|move|p1a: Jalter|Bitter Blade|p2a: Colossus
|-supereffective|p2a: Colossus
|-damage|p2a: Colossus|0 fnt
|faint|p2a: Colossus
|-end|p2a: Colossus|Quark Drive|[silent]
|
|upkeep
|
|t:|1759053382
|switch|p2a: Haku|Ogerpon-Wellspring, F|100/100
|turn|3
|
|t:|1759053388
|-end|p1a: Jalter|ability: Flash Fire|[silent]
|switch|p1a: Pantheon|Arboliva, M|100/100
|-terastallize|p2a: Haku|Water
|detailschange|p2a: Haku|Ogerpon-Wellspring-Tera, F, tera:Water
|-ability|p2a: Haku|Embody Aspect (Wellspring)|boost
|-boost|p2a: Haku|spd|1
|move|p2a: Haku|Ivy Cudgel|p1a: Pantheon|[anim] Ivy Cudgel Water
|-resisted|p1a: Pantheon
|-damage|p1a: Pantheon|63/100
|-fieldstart|move: Grassy Terrain|[from] ability: Seed Sower|[of] p1a: Pantheon
|
|-heal|p1a: Pantheon|69/100|[from] Grassy Terrain
|upkeep
|turn|4
|
|t:|1759053397
|switch|p2a: Sunfyre|Iron Moth, shiny|100/100
|move|p1a: Pantheon|Earth Power|p2a: Sunfyre
|-supereffective|p2a: Sunfyre
|-damage|p2a: Sunfyre|0 fnt
|faint|p2a: Sunfyre
|-end|p2a: Sunfyre|Quark Drive|[silent]
|
|-heal|p1a: Pantheon|75/100|[from] Grassy Terrain
|upkeep
|c|☆BZR Osiris|nice reads
|
|t:|1759053404
|switch|p2a: Nova|Iron Valiant, shiny|100/100
|-enditem|p2a: Nova|Booster Energy
|-activate|p2a: Nova|ability: Quark Drive|[fromitem]
|-start|p2a: Nova|quarkdrivespe
|turn|5
|
|t:|1759053408
|move|p2a: Nova|Aura Sphere|p1a: Pantheon
|-supereffective|p1a: Pantheon
|-damage|p1a: Pantheon|31/100
|move|p1a: Pantheon|Mirror Coat|p2a: Nova
|-damage|p2a: Nova|0 fnt
|faint|p2a: Nova
|-end|p2a: Nova|Quark Drive|[silent]
|
|-heal|p1a: Pantheon|37/100|[from] Grassy Terrain
|upkeep
|
|t:|1759053413
|switch|p2a: Rhaegar|Kyurem, shiny|100/100
|-ability|p2a: Rhaegar|Pressure
|turn|6
|
|t:|1759053417
|switch|p1a: M'affald|Weezing-Galar, M|100/100
|-ability|p1a: M'affald|Neutralizing Gas
|move|p2a: Rhaegar|Dragon Dance|p2a: Rhaegar
|-boost|p2a: Rhaegar|atk|1
|-boost|p2a: Rhaegar|spe|1
|
|upkeep
|turn|7
|
|t:|1759053425
|move|p2a: Rhaegar|Icicle Spear|p1a: M'affald
|-crit|p1a: M'affald
|-damage|p1a: M'affald|79/100
|-damage|p1a: M'affald|64/100
|-damage|p1a: M'affald|50/100
|-damage|p1a: M'affald|36/100
|-damage|p1a: M'affald|22/100
|-hitcount|p1a: M'affald|5
|move|p1a: M'affald|Sludge Bomb|p2a: Rhaegar
|-damage|p2a: Rhaegar|76/100
|
|-heal|p2a: Rhaegar|83/100|[from] Grassy Terrain
|-heal|p1a: M'affald|28/100|[from] Grassy Terrain
|-fieldend|move: Grassy Terrain
|upkeep
|turn|8
|
|t:|1759053433
|-end|p1a: M'affald|ability: Neutralizing Gas
|-ability|p2a: Rhaegar|Pressure
|switch|p1a: Ironhyde|Cobalion|100/100
|move|p2a: Rhaegar|Icicle Spear|p1a: Ironhyde
|-resisted|p1a: Ironhyde
|-damage|p1a: Ironhyde|93/100
|-resisted|p1a: Ironhyde
|-damage|p1a: Ironhyde|86/100
|-resisted|p1a: Ironhyde
|-damage|p1a: Ironhyde|79/100
|-resisted|p1a: Ironhyde
|-damage|p1a: Ironhyde|72/100
|-resisted|p1a: Ironhyde
|-damage|p1a: Ironhyde|65/100
|-hitcount|p1a: Ironhyde|5
|
|upkeep
|turn|9
|
|t:|1759053442
|move|p2a: Rhaegar|Scale Shot|p1a: Ironhyde
|-resisted|p1a: Ironhyde
|-damage|p1a: Ironhyde|58/100
|-resisted|p1a: Ironhyde
|-damage|p1a: Ironhyde|51/100
|-resisted|p1a: Ironhyde
|-damage|p1a: Ironhyde|44/100
|-resisted|p1a: Ironhyde
|-damage|p1a: Ironhyde|36/100
|-resisted|p1a: Ironhyde
|-damage|p1a: Ironhyde|28/100
|-hitcount|p1a: Ironhyde|5
|-unboost|p2a: Rhaegar|def|1
|-boost|p2a: Rhaegar|spe|1
|move|p1a: Ironhyde|Body Press|p2a: Rhaegar
|-supereffective|p2a: Rhaegar
|-damage|p2a: Rhaegar|0 fnt
|faint|p2a: Rhaegar
|
|upkeep
|
|t:|1759053445
|switch|p2a: Haku|Ogerpon-Wellspring-Tera, F, tera:Water|100/100
|-ability|p2a: Haku|Embody Aspect (Wellspring)|boost
|-boost|p2a: Haku|spd|1
|turn|10
|
|t:|1759053454
|switch|p1a: Pantheon|Arboliva, M|37/100
|move|p2a: Haku|Swords Dance|p2a: Haku
|-boost|p2a: Haku|atk|2
|
|upkeep
|turn|11
|
|t:|1759053458
|move|p2a: Haku|Play Rough|p1a: Pantheon
|-damage|p1a: Pantheon|0 fnt
|-fieldstart|move: Grassy Terrain|[from] ability: Seed Sower|[of] p1a: Pantheon
|faint|p1a: Pantheon
|
|upkeep
|
|t:|1759053466
|switch|p1a: Satsuki|Lokix, F, shiny|100/100
|turn|12
|
|t:|1759053473
|-terastallize|p1a: Satsuki|Bug
|move|p1a: Satsuki|First Impression|p2a: Haku
|-damage|p2a: Haku|0 fnt
|faint|p2a: Haku
|detailschange|p2: Haku|Ogerpon-Wellspring, F|[silent]
|
|upkeep
|
|t:|1759053477
|switch|p2a: Ryze|Dragonite, M|100/100
|turn|13
|
|t:|1759053479
|switch|p1a: Iverson|Latios, M|100/100
|move|p2a: Ryze|Dragon Dance|p2a: Ryze
|-boost|p2a: Ryze|atk|1
|-boost|p2a: Ryze|spe|1
|
|upkeep
|turn|14
|
|t:|1759053483
|move|p1a: Iverson|Trick|p2a: Ryze
|-activate|p1a: Iverson|move: Trick|[of] p2a: Ryze
|-item|p2a: Ryze|Choice Scarf|[from] move: Trick
|-item|p1a: Iverson|Weakness Policy|[from] move: Trick
|move|p2a: Ryze|Ice Spinner|p1a: Iverson
|-supereffective|p1a: Iverson
|-damage|p1a: Iverson|0 fnt
|-fieldend|move: Grassy Terrain
|faint|p1a: Iverson
|
|upkeep
|
|t:|1759053488
|switch|p1a: Ironhyde|Cobalion|28/100
|turn|15
|c|☆BZR Osiris|gg
|
|t:|1759053492
|move|p2a: Ryze|Ice Spinner|p1a: Ironhyde
|-resisted|p1a: Ironhyde
|-damage|p1a: Ironhyde|13/100
|-damage|p2a: Ryze|84/100|[from] item: Rocky Helmet|[of] p1a: Ironhyde
|move|p1a: Ironhyde|Volt Switch|p2a: Ryze
|-damage|p2a: Ryze|68/100
|
|t:|1759053494
|switch|p1a: Jalter|Ceruledge, F|100/100|[from] Volt Switch
|
|upkeep
|turn|16
|-message|BZR Osiris forfeited.
|
|win|YumeKasumi76
|raw|YumeKasumi76's rating: 1389 &rarr; <strong>1406</strong><br />(+17 for winning)
|raw|BZR Osiris's rating: 1329 &rarr; <strong>1312</strong><br />(-17 for losing)
|l|☆BZR Osiris
|player|p2|
|l|☆YumeKasumi76
|player|p1|
