|j|☆ztranform
|j|☆kkonka
|t:|1759027805
|gametype|singles
|player|p1|ztranform|1|1413
|player|p2|kkonka|parasollady|1344
|gen|9
|tier|[Gen 9] OU
|rated|
|rule|HP Percentage Mod: HP is shown in percentages
|rule|Endless Battle Clause: Forcing endless battles is banned
|rule|Species Clause: Limit one of each Pokémon
|rule|OHKO Clause: OHKO moves are banned
|rule|Evasion Items Clause: Evasion items are banned
|rule|Evasion Moves Clause: Evasion moves are banned
|rule|Evasion Abilities Clause: Evasion abilities are banned
|rule|Sleep Moves Clause: Sleep-inducing moves are banned
|clearpoke
|poke|p1|Landorus-Therian, M|
|poke|p1|Deoxys-Speed|
|poke|p1|Iron Treads|
|poke|p1|Samurott-Hisui, F|
|poke|p1|Sinistcha|
|poke|p1|Kyurem|
|poke|p2|Eelektross, F|
|poke|p2|Probopass, M|
|poke|p2|Bellossom, F|
|poke|p2|Poliwrath, M|
|poke|p2|Illumise, F|
|poke|p2|Regigigas|
|teampreview
|inactive|Battle timer is ON: inactive players will automatically lose when time's up. (requested by kkonka)
|
|t:|1759027823
|teamsize|p1|6
|teamsize|p2|6
|start
|switch|p1a: Samurott|Samurott-Hisui, F|100/100
|switch|p2a: Eelektross|Eelektross, F|100/100
|turn|1
|
|t:|1759027832
|move|p1a: Samurott|Ceaseless Edge|p2a: Eelektross|[miss]
|-miss|p1a: Samurott|p2a: Eelektross
|move|p2a: Eelektross|Zap Cannon|p1a: Samurott
|-supereffective|p1a: Samurott
|-damage|p1a: Samurott|0 fnt
|faint|p1a: Samurott
|
|upkeep
|
|t:|1759027840
|switch|p1a: Landorus|Landorus-Therian, M|100/100
|-ability|p1a: Landorus|Intimidate|boost
|-unboost|p2a: Eelektross|atk|1
|turn|2
|
|t:|1759027845
|move|p1a: Landorus|Stealth Rock|p2a: Eelektross
|-sidestart|p2: kkonka|move: Stealth Rock
|move|p2a: Eelektross|U-turn|p1a: Landorus
|-resisted|p1a: Landorus
|-damage|p1a: Landorus|93/100
|-damage|p2a: Eelektross|84/100|[from] item: Rocky Helmet|[of] p1a: Landorus
|
|t:|1759027851
|switch|p2a: Regigigas|Regigigas|100/100|[from] U-turn
|-damage|p2a: Regigigas|88/100|[from] Stealth Rock
|-start|p2a: Regigigas|ability: Slow Start
|
|-heal|p2a: Regigigas|94/100|[from] item: Leftovers
|upkeep
|turn|3
|
|t:|1759027858
|move|p1a: Landorus|Earthquake|p2a: Regigigas
|-damage|p2a: Regigigas|53/100
|move|p2a: Regigigas|Substitute|p2a: Regigigas
|-start|p2a: Regigigas|Substitute
|-damage|p2a: Regigigas|28/100
|
|-heal|p2a: Regigigas|34/100|[from] item: Leftovers
|upkeep
|turn|4
|
|t:|1759027871
|move|p1a: Landorus|Earthquake|p2a: Regigigas
|-end|p2a: Regigigas|Substitute
|move|p2a: Regigigas|Knock Off|p1a: Landorus
|-damage|p1a: Landorus|71/100
|-damage|p2a: Regigigas|17/100|[from] item: Rocky Helmet|[of] p1a: Landorus
|-enditem|p1a: Landorus|Rocky Helmet|[from] move: Knock Off|[of] p2a: Regigigas
|
|-heal|p2a: Regigigas|23/100|[from] item: Leftovers
|upkeep
|turn|5
|
|t:|1759027879
|move|p1a: Landorus|Earthquake|p2a: Regigigas
|-damage|p2a: Regigigas|0 fnt
|faint|p2a: Regigigas
|
|upkeep
|
|t:|1759027885
|switch|p2a: Illumise|Illumise, F|100/100
|-damage|p2a: Illumise|76/100|[from] Stealth Rock
|turn|6
|
|t:|1759027889
|move|p2a: Illumise|Encore|p1a: Landorus
|-start|p1a: Landorus|Encore
|move|p1a: Landorus|Earthquake|p2a: Illumise
|-resisted|p2a: Illumise
|-damage|p2a: Illumise|50/100
|
|upkeep
|turn|7
|
|t:|1759027896
|switch|p1a: Iron Treads|Iron Treads|100/100
|move|p2a: Illumise|Rain Dance|p2a: Illumise
|-weather|RainDance
|
|-weather|RainDance|[upkeep]
|upkeep
|turn|8
|
|t:|1759027904
|move|p1a: Iron Treads|Volt Switch|p2a: Illumise
|-damage|p2a: Illumise|38/100
|
|t:|1759027907
|-end|p1a: Iron Treads|Quark Drive|[silent]
|switch|p1a: Sinistcha|Sinistcha|100/100|[from] Volt Switch
|move|p2a: Illumise|U-turn|p1a: Sinistcha
|-damage|p1a: Sinistcha|92/100
|
|t:|1759027915
|switch|p2a: Poliwrath|Poliwrath, M|100/100|[from] U-turn
|-damage|p2a: Poliwrath|94/100|[from] Stealth Rock
|
|-weather|RainDance|[upkeep]
|upkeep
|turn|9
|
|t:|1759027922
|-terastallize|p2a: Poliwrath|Steel
|move|p2a: Poliwrath|Belly Drum|p2a: Poliwrath
|-damage|p2a: Poliwrath|44/100
|-setboost|p2a: Poliwrath|atk|6|[from] move: Belly Drum
|-enditem|p2a: Poliwrath|Sitrus Berry|[eat]
|-heal|p2a: Poliwrath|69/100|[from] item: Sitrus Berry
|move|p1a: Sinistcha|Strength Sap|p2a: Poliwrath
|-unboost|p2a: Poliwrath|atk|1
|-heal|p1a: Sinistcha|100/100
|
|-weather|RainDance|[upkeep]
|upkeep
|turn|10
|
|t:|1759027936
|switch|p1a: Landorus|Landorus-Therian, M|71/100
|-ability|p1a: Landorus|Intimidate|boost
|-unboost|p2a: Poliwrath|atk|1
|move|p2a: Poliwrath|Knock Off|p1a: Landorus
|-damage|p1a: Landorus|0 fnt
|faint|p1a: Landorus
|
|-weather|RainDance|[upkeep]
|upkeep
|inactive|ztranform has 120 seconds left.
|l|☆kkonka
|inactive|kkonka disconnected and has a minute to reconnect!
|player|p2|
|
|t:|1759027979
|switch|p1a: Kyurem|Kyurem|100/100
|-ability|p1a: Kyurem|Pressure
|turn|11
|inactive|kkonka has 30 seconds to reconnect!
|inactive|kkonka has 20 seconds to reconnect!
|inactive|kkonka has 15 seconds to reconnect!
|inactive|kkonka has 10 seconds to reconnect!
|inactive|kkonka has 5 seconds to reconnect!
|-message|kkonka lost due to inactivity.
|
|win|ztranform
|raw|ztranform's rating: 1413 &rarr; <strong>1429</strong><br />(+16 for winning)
|raw|kkonka's rating: 1344 &rarr; <strong>1328</strong><br />(-16 for losing)
|l|☆ztranform
|player|p1|
|j|☆kkonka
|player|p2|kkonka|parasollady|
|l|☆kkonka
|player|p2|
