|j|☆Dio Made In Heaven
|j|☆meganub123
|t:|1758919160
|gametype|singles
|player|p1|Dio Made In Heaven|101|1162
|player|p2|meganub123|roark|1181
|gen|9
|tier|[Gen 9] OU
|rated|
|rule|HP Percentage Mod: HP is shown in percentages
|rule|Endless Battle Clause: Forcing endless battles is banned
|rule|Species Clause: Limit one of each Pokémon
|rule|OHKO Clause: OHKO moves are banned
|rule|Evasion Items Clause: Evasion items are banned
|rule|Evasion Moves Clause: Evasion moves are banned
|rule|Evasion Abilities Clause: Evasion abilities are banned
|rule|Sleep Moves Clause: Sleep-inducing moves are banned
|clearpoke
|poke|p1|Alomomola, M|
|poke|p1|Kyurem|
|poke|p1|Weavile, F|
|poke|p1|Great Tusk|
|poke|p1|Maushold|
|poke|p1|Gholdengo|
|poke|p2|Slither Wing|
|poke|p2|Great Tusk|
|poke|p2|Trevenant, M|
|poke|p2|Torkoal, F|
|poke|p2|Walking Wake|
|poke|p2|Ninetales, M|
|teampreview
|
|t:|1758919170
|teamsize|p1|6
|teamsize|p2|6
|start
|switch|p1a: Kyurem|Kyurem|100/100
|switch|p2a: Torkoal|Torkoal, F|100/100
|-ability|p1a: Kyurem|Pressure
|-weather|SunnyDay|[from] ability: Drought|[of] p2a: Torkoal
|turn|1
|
|t:|1758919176
|move|p1a: Kyurem|Earth Power|p2a: Torkoal
|-supereffective|p2a: Torkoal
|-damage|p2a: Torkoal|15/100
|move|p2a: Torkoal|Eruption|p1a: Kyurem
|-damage|p1a: Kyurem|91/100
|
|-weather|SunnyDay|[upkeep]
|upkeep
|turn|2
|
|t:|1758919184
|move|p1a: Kyurem|Earth Power|p2a: Torkoal
|-supereffective|p2a: Torkoal
|-damage|p2a: Torkoal|0 fnt
|faint|p2a: Torkoal
|
|-weather|SunnyDay|[upkeep]
|upkeep
|
|t:|1758919188
|switch|p2a: Slither Wing|Slither Wing|100/100
|-activate|p2a: Slither Wing|ability: Protosynthesis
|-start|p2a: Slither Wing|protosynthesisatk
|turn|3
|
|t:|1758919193
|switch|p1a: Alomomola|Alomomola, M|100/100
|move|p2a: Slither Wing|Close Combat|p1a: Alomomola
|-damage|p1a: Alomomola|30/100
|-unboost|p2a: Slither Wing|def|1
|-unboost|p2a: Slither Wing|spd|1
|-damage|p2a: Slither Wing|84/100|[from] item: Rocky Helmet|[of] p1a: Alomomola
|
|-weather|SunnyDay|[upkeep]
|upkeep
|turn|4
|
|t:|1758919217
|-end|p2a: Slither Wing|Protosynthesis|[silent]
|switch|p2a: Walking Wake|Walking Wake|100/100
|-activate|p2a: Walking Wake|ability: Protosynthesis
|-start|p2a: Walking Wake|protosynthesisspa
|switch|p1a: Gholdengo|Gholdengo|100/100
|
|-weather|SunnyDay|[upkeep]
|upkeep
|turn|5
|inactive|Battle timer is ON: inactive players will automatically lose when time's up. (requested by Dio Made In Heaven)
|
|t:|1758919224
|move|p1a: Gholdengo|Dazzling Gleam|p2a: Walking Wake
|-supereffective|p2a: Walking Wake
|-damage|p2a: Walking Wake|54/100
|move|p2a: Walking Wake|Flamethrower|p1a: Gholdengo
|-supereffective|p1a: Gholdengo
|-damage|p1a: Gholdengo|0 fnt
|faint|p1a: Gholdengo
|
|-weather|SunnyDay|[upkeep]
|upkeep
|
|t:|1758919229
|switch|p1a: Maushold|Maushold|100/100
|turn|6
|
|t:|1758919248
|move|p1a: Maushold|Tidy Up|p1a: Maushold
|-boost|p1a: Maushold|atk|1
|-boost|p1a: Maushold|spe|1
|move|p2a: Walking Wake|Hydro Steam|p1a: Maushold
|-damage|p1a: Maushold|0 fnt
|faint|p1a: Maushold
|
|-weather|SunnyDay|[upkeep]
|upkeep
|
|t:|1758919255
|switch|p1a: Weavile|Weavile, F|100/100
|-ability|p1a: Weavile|Pressure
|turn|7
|
|t:|1758919258
|move|p1a: Weavile|Triple Axel|p2a: Walking Wake
|-damage|p2a: Walking Wake|40/100
|-damage|p2a: Walking Wake|15/100
|-damage|p2a: Walking Wake|0 fnt
|faint|p2a: Walking Wake
|-end|p2a: Walking Wake|Protosynthesis|[silent]
|-hitcount|p2: Walking Wake|3
|-damage|p1a: Weavile|91/100|[from] item: Life Orb
|
|-weather|SunnyDay|[upkeep]
|upkeep
|
|t:|1758919269
|switch|p2a: Slither Wing|Slither Wing|84/100
|-activate|p2a: Slither Wing|ability: Protosynthesis
|-start|p2a: Slither Wing|protosynthesisatk
|turn|8
|
|t:|1758919274
|switch|p1a: Alomomola|Alomomola, M|63/100
|move|p2a: Slither Wing|First Impression|p1a: Alomomola
|-damage|p1a: Alomomola|17/100
|-damage|p2a: Slither Wing|68/100|[from] item: Rocky Helmet|[of] p1a: Alomomola
|
|-weather|none
|-end|p2a: Slither Wing|Protosynthesis
|upkeep
|turn|9
|
|t:|1758919280
|-end|p2a: Slither Wing|Protosynthesis|[silent]
|switch|p2a: Ninetales|Ninetales, M|100/100
|-weather|SunnyDay|[from] ability: Drought|[of] p2a: Ninetales
|move|p1a: Alomomola|Wish|p1a: Alomomola
|
|-weather|SunnyDay|[upkeep]
|upkeep
|turn|10
|
|t:|1758919292
|move|p1a: Alomomola|Protect|p1a: Alomomola
|-singleturn|p1a: Alomomola|Protect
|move|p2a: Ninetales|Weather Ball|p1a: Alomomola
|-activate|p1a: Alomomola|move: Protect
|
|-weather|SunnyDay|[upkeep]
|-heal|p1a: Alomomola|67/100|[from] move: Wish|[wisher] Alomomola
|upkeep
|turn|11
|
|t:|1758919300
|move|p2a: Ninetales|Solar Beam||[still]
|-prepare|p2a: Ninetales|Solar Beam
|-anim|p2a: Ninetales|Solar Beam|p1a: Alomomola
|-supereffective|p1a: Alomomola
|-damage|p1a: Alomomola|0 fnt
|faint|p1a: Alomomola
|
|-weather|SunnyDay|[upkeep]
|upkeep
|
|t:|1758919309
|switch|p1a: Kyurem|Kyurem|91/100
|-ability|p1a: Kyurem|Pressure
|turn|12
|
|t:|1758919315
|move|p2a: Ninetales|Weather Ball|p1a: Kyurem
|-damage|p1a: Kyurem|40/100
|move|p1a: Kyurem|Earth Power|p2a: Ninetales
|-supereffective|p2a: Ninetales
|-damage|p2a: Ninetales|0 fnt
|faint|p2a: Ninetales
|
|-weather|SunnyDay|[upkeep]
|upkeep
|
|t:|1758919322
|switch|p2a: Great Tusk|Great Tusk|100/100
|-activate|p2a: Great Tusk|ability: Protosynthesis
|-start|p2a: Great Tusk|protosynthesisatk
|turn|13
|
|t:|1758919326
|move|p1a: Kyurem|Earth Power|p2a: Great Tusk
|-damage|p2a: Great Tusk|27/100
|move|p2a: Great Tusk|Close Combat|p1a: Kyurem
|-supereffective|p1a: Kyurem
|-damage|p1a: Kyurem|0 fnt
|-unboost|p2a: Great Tusk|def|1
|-unboost|p2a: Great Tusk|spd|1
|faint|p1a: Kyurem
|
|-weather|SunnyDay|[upkeep]
|upkeep
|
|t:|1758919332
|switch|p1a: Weavile|Weavile, F|91/100
|-ability|p1a: Weavile|Pressure
|turn|14
|
|t:|1758919346
|-end|p2a: Great Tusk|Protosynthesis|[silent]
|switch|p2a: Trevenant|Trevenant, M|100/100
|move|p1a: Weavile|Triple Axel|p2a: Trevenant
|-supereffective|p2a: Trevenant
|-damage|p2a: Trevenant|75/100
|-supereffective|p2a: Trevenant
|-damage|p2a: Trevenant|21/100
|-enditem|p2a: Trevenant|Sitrus Berry|[eat]
|-heal|p2a: Trevenant|46/100|[from] item: Sitrus Berry
|-supereffective|p2a: Trevenant
|-damage|p2a: Trevenant|0 fnt
|faint|p2a: Trevenant
|-hitcount|p2: Trevenant|3
|-damage|p1a: Weavile|81/100|[from] item: Life Orb
|
|-weather|SunnyDay|[upkeep]
|upkeep
|
|t:|1758919361
|switch|p2a: Slither Wing|Slither Wing|68/100
|-activate|p2a: Slither Wing|ability: Protosynthesis
|-start|p2a: Slither Wing|protosynthesisatk
|turn|15
|
|t:|1758919372
|switch|p1a: Great Tusk|Great Tusk|100/100
|-activate|p1a: Great Tusk|ability: Protosynthesis
|-start|p1a: Great Tusk|protosynthesisatk
|-terastallize|p2a: Slither Wing|Fire
|move|p2a: Slither Wing|Flare Blitz|p1a: Great Tusk
|-damage|p1a: Great Tusk|0 fnt
|faint|p1a: Great Tusk
|-end|p1a: Great Tusk|Protosynthesis|[silent]
|-damage|p2a: Slither Wing|28/100|[from] Recoil
|
|-weather|SunnyDay|[upkeep]
|upkeep
|
|t:|1758919375
|switch|p1a: Weavile|Weavile, F|81/100
|-ability|p1a: Weavile|Pressure
|turn|16
|
|t:|1758919384
|-end|p2a: Slither Wing|Protosynthesis|[silent]
|switch|p2a: Great Tusk|Great Tusk|27/100
|-activate|p2a: Great Tusk|ability: Protosynthesis
|-start|p2a: Great Tusk|protosynthesisatk
|move|p1a: Weavile|Knock Off|p2a: Great Tusk
|-resisted|p2a: Great Tusk
|-damage|p2a: Great Tusk|3/100
|-enditem|p2a: Great Tusk|Heavy-Duty Boots|[from] move: Knock Off|[of] p1a: Weavile
|-damage|p1a: Weavile|71/100|[from] item: Life Orb
|
|-weather|none
|-end|p2a: Great Tusk|Protosynthesis
|upkeep
|turn|17
|
|t:|1758919389
|move|p1a: Weavile|Knock Off|p2a: Great Tusk
|-resisted|p2a: Great Tusk
|-damage|p2a: Great Tusk|0 fnt
|faint|p2a: Great Tusk
|-end|p2a: Great Tusk|Protosynthesis|[silent]
|-damage|p1a: Weavile|61/100|[from] item: Life Orb
|
|upkeep
|
|t:|1758919391
|switch|p2a: Slither Wing|Slither Wing, tera:Fire|28/100
|turn|18
|
|t:|1758919393
|-terastallize|p1a: Weavile|Ice
|move|p2a: Slither Wing|First Impression|p1a: Weavile
|-damage|p1a: Weavile|0 fnt
|faint|p1a: Weavile
|
|win|meganub123
|raw|Dio Made In Heaven's rating: 1162 &rarr; <strong>1138</strong><br />(-24 for losing)
|raw|meganub123's rating: 1181 &rarr; <strong>1205</strong><br />(+24 for winning)
|c|☆meganub123|gg
