|j|☆Reukra671
|j|☆xxnb
|t:|1758955655
|gametype|singles
|player|p1|Reukra671|winona|1390
|player|p2|xxnb|caitlin|1416
|gen|9
|tier|[Gen 9] OU
|rated|
|rule|HP Percentage Mod: HP is shown in percentages
|rule|Endless Battle Clause: Forcing endless battles is banned
|rule|Species Clause: Limit one of each Pokémon
|rule|OHKO Clause: OHKO moves are banned
|rule|Evasion Items Clause: Evasion items are banned
|rule|Evasion Moves Clause: Evasion moves are banned
|rule|Evasion Abilities Clause: Evasion abilities are banned
|rule|Sleep Moves Clause: Sleep-inducing moves are banned
|clearpoke
|poke|p1|Ogerpon, F|
|poke|p1|Ting-Lu|
|poke|p1|Alomomola, F|
|poke|p1|Moltres|
|poke|p1|Clefable, M|
|poke|p1|Weezing-Galar, M|
|poke|p2|Espeon, M|
|poke|p2|Ting-Lu|
|poke|p2|Glimmora, M|
|poke|p2|Dragonite, M|
|poke|p2|Dondozo, M|
|poke|p2|Gholdengo|
|teampreview
|inactive|Battle timer is ON: inactive players will automatically lose when time's up. (requested by xxnb)
|
|t:|1758955671
|teamsize|p1|6
|teamsize|p2|6
|start
|switch|p1a: Ogerpon|Ogerpon, F|100/100
|switch|p2a: Glimmora|Glimmora, M, shiny|100/100
|turn|1
|
|t:|1758955695
|move|p1a: Ogerpon|U-turn|p2a: Glimmora
|-resisted|p2a: Glimmora
|-damage|p2a: Glimmora|80/100
|-activate|p2a: Glimmora|ability: Toxic Debris
|-sidestart|p1: Reukra671|move: Toxic Spikes
|
|t:|1758955715
|switch|p1a: Alomomola|Alomomola, F|100/100|[from] U-turn
|move|p2a: Glimmora|Stealth Rock|p1a: Alomomola
|-sidestart|p1: Reukra671|move: Stealth Rock
|
|upkeep
|turn|2
|
|t:|1758955727
|switch|p2a: Gholdengo|Gholdengo|100/100
|move|p1a: Alomomola|Flip Turn|p2a: Gholdengo
|-damage|p2a: Gholdengo|80/100
|
|t:|1758955735
|switch|p1a: Moltres|Moltres, shiny|100/100|[from] Flip Turn
|
|upkeep
|turn|3
|
|t:|1758955751
|switch|p2a: Espeon|Espeon, M, shiny|100/100
|move|p1a: Moltres|Scorching Sands|p2a: Espeon
|-damage|p2a: Espeon|79/100
|
|upkeep
|turn|4
|
|t:|1758955765
|switch|p2a: Dondozo|Dondozo, M, shiny|100/100
|move|p1a: Moltres|Flamethrower|p2a: Dondozo
|-resisted|p2a: Dondozo
|-damage|p2a: Dondozo|83/100
|
|upkeep
|turn|5
|
|t:|1758955773
|switch|p1a: Weezing|Weezing-Galar, M|100/100
|-ability|p1a: Weezing|Neutralizing Gas
|-sideend|p1: Reukra671|move: Toxic Spikes|[of] p1a: Weezing
|move|p2a: Dondozo|Avalanche|p1a: Weezing
|-damage|p1a: Weezing|90/100
|
|upkeep
|turn|6
|
|t:|1758955782
|move|p1a: Weezing|Defog|p2a: Dondozo
|-unboost|p2a: Dondozo|evasion|1
|-sideend|p1: Reukra671|Stealth Rock|[from] move: Defog|[of] p1a: Weezing
|move|p2a: Dondozo|Earthquake|p1a: Weezing
|-supereffective|p1a: Weezing
|-damage|p1a: Weezing|62/100
|
|upkeep
|turn|7
|
|t:|1758955794
|move|p1a: Weezing|Sludge Bomb|p2a: Dondozo
|-damage|p2a: Dondozo|55/100
|move|p2a: Dondozo|Earthquake|p1a: Weezing
|-supereffective|p1a: Weezing
|-damage|p1a: Weezing|30/100
|
|upkeep
|turn|8
|
|t:|1758955804
|move|p1a: Weezing|Pain Split|p2a: Dondozo
|-sethp|p2a: Dondozo|38/100|[from] move: Pain Split|[silent]
|-sethp|p1a: Weezing|56/100|[from] move: Pain Split
|move|p2a: Dondozo|Earthquake|p1a: Weezing
|-supereffective|p1a: Weezing
|-damage|p1a: Weezing|24/100
|
|upkeep
|turn|9
|
|t:|1758955819
|-end|p1a: Weezing|ability: Neutralizing Gas
|switch|p1a: Ogerpon|Ogerpon, F|100/100
|switch|p2a: Gholdengo|Gholdengo|80/100
|
|upkeep
|turn|10
|
|t:|1758955842
|switch|p2a: Glimmora|Glimmora, M, shiny|80/100
|switch|p1a: Moltres|Moltres, shiny|100/100
|
|upkeep
|turn|11
|
|t:|1758955856
|switch|p1a: Alomomola|Alomomola, F|100/100
|move|p2a: Glimmora|Stealth Rock|p1a: Alomomola
|-sidestart|p1: Reukra671|move: Stealth Rock
|
|upkeep
|turn|12
|inactive|xxnb has 120 seconds left.
|
|t:|1758955887
|switch|p2a: Espeon|Espeon, M, shiny|79/100
|move|p1a: Alomomola|Wish|p1a: Alomomola
|
|upkeep
|turn|13
|inactive|xxnb has 120 seconds left.
|
|t:|1758955894
|move|p2a: Espeon|Calm Mind|p2a: Espeon
|-boost|p2a: Espeon|spa|1
|-boost|p2a: Espeon|spd|1
|move|p1a: Alomomola|Flip Turn|p2a: Espeon
|-crit|p2a: Espeon
|-damage|p2a: Espeon|52/100
|
|t:|1758955916
|switch|p1a: Ogerpon|Ogerpon, F|100/100|[from] Flip Turn
|-damage|p1a: Ogerpon|88/100|[from] Stealth Rock
|
|-heal|p1a: Ogerpon|100/100|[from] move: Wish|[wisher] Alomomola
|upkeep
|turn|14
|inactive|xxnb has 120 seconds left.
|
|t:|1758955940
|switch|p2a: Glimmora|Glimmora, M, shiny|80/100
|move|p1a: Ogerpon|U-turn|p2a: Glimmora
|-resisted|p2a: Glimmora
|-damage|p2a: Glimmora|58/100
|-activate|p2a: Glimmora|ability: Toxic Debris
|-sidestart|p1: Reukra671|move: Toxic Spikes
|
|t:|1758955942
|switch|p1a: Weezing|Weezing-Galar, M|24/100|[from] U-turn
|-ability|p1a: Weezing|Neutralizing Gas
|-sideend|p1: Reukra671|move: Toxic Spikes|[of] p1a: Weezing
|
|upkeep
|turn|15
|
|t:|1758955952
|-end|p1a: Weezing|ability: Neutralizing Gas
|switch|p1a: Alomomola|Alomomola, F|100/100
|move|p2a: Glimmora|Mud Shot|p1a: Alomomola
|-crit|p1a: Alomomola
|-damage|p1a: Alomomola|66/100
|-unboost|p1a: Alomomola|spe|1
|
|upkeep
|turn|16
|
|t:|1758955962
|switch|p2a: Gholdengo|Gholdengo|80/100
|move|p1a: Alomomola|Wish|p1a: Alomomola
|
|upkeep
|turn|17
|
|t:|1758955968
|move|p1a: Alomomola|Protect|p1a: Alomomola
|-singleturn|p1a: Alomomola|Protect
|move|p2a: Gholdengo|Trick|p1a: Alomomola
|-activate|p1a: Alomomola|move: Protect
|
|-heal|p1a: Alomomola|100/100|[from] move: Wish|[wisher] Alomomola
|upkeep
|turn|18
|inactive|xxnb has 120 seconds left.
|inactive|Reukra671 has 120 seconds left.
|inactive|xxnb has 90 seconds left.
|
|t:|1758956018
|switch|p1a: Ogerpon|Ogerpon, F|100/100
|-damage|p1a: Ogerpon|88/100|[from] Stealth Rock
|move|p2a: Gholdengo|Trick|p1a: Ogerpon
|-activate|p2a: Gholdengo|move: Trick|[of] p1a: Ogerpon
|-item|p1a: Ogerpon|Choice Scarf|[from] move: Trick
|-item|p2a: Gholdengo|Choice Band|[from] move: Trick
|
|upkeep
|turn|19
|inactive|Reukra671 has 120 seconds left.
|inactive|xxnb has 90 seconds left.
|
|t:|1758956041
|switch|p2a: Glimmora|Glimmora, M, shiny|58/100
|move|p1a: Ogerpon|Stomping Tantrum|p2a: Glimmora
|-supereffective|p2a: Glimmora
|-damage|p2a: Glimmora|0 fnt
|-activate|p2a: Glimmora|ability: Toxic Debris
|-sidestart|p1: Reukra671|move: Toxic Spikes
|faint|p2a: Glimmora
|
|upkeep
|inactive|xxnb has 60 seconds left.
|
|t:|1758956067
|switch|p2a: Dragonite|Dragonite, M, shiny|100/100
|turn|20
|inactive|Reukra671 has 120 seconds left.
|inactive|xxnb has 60 seconds left.
|
|t:|1758956078
|switch|p1a: Clefable|Clefable, M|100/100
|move|p2a: Dragonite|Outrage|p1a: Clefable
|-immune|p1a: Clefable
|
|upkeep
|turn|21
|
|t:|1758956086
|switch|p2a: Ting-Lu|Ting-Lu|100/100
|-ability|p2a: Ting-Lu|Vessel of Ruin
|move|p1a: Clefable|Calm Mind|p1a: Clefable
|-boost|p1a: Clefable|spa|1
|-boost|p1a: Clefable|spd|1
|
|upkeep
|turn|22
|
|t:|1758956099
|switch|p1a: Weezing|Weezing-Galar, M|24/100
|-ability|p1a: Weezing|Neutralizing Gas
|-sideend|p1: Reukra671|move: Toxic Spikes|[of] p1a: Weezing
|move|p2a: Ting-Lu|Heavy Slam|p1a: Weezing
|-supereffective|p1a: Weezing
|-damage|p1a: Weezing|0 fnt
|faint|p1a: Weezing
|-end|p1a: Weezing|ability: Neutralizing Gas
|-ability|p2a: Ting-Lu|Vessel of Ruin
|
|upkeep
|
|t:|1758956107
|switch|p1a: Ogerpon|Ogerpon, F|88/100
|-damage|p1a: Ogerpon|76/100|[from] Stealth Rock
|turn|23
|
|t:|1758956127
|-terastallize|p2a: Ting-Lu|Steel
|move|p1a: Ogerpon|Knock Off|p2a: Ting-Lu
|-damage|p2a: Ting-Lu|79/100
|-enditem|p2a: Ting-Lu|Assault Vest|[from] move: Knock Off|[of] p1a: Ogerpon
|move|p2a: Ting-Lu|Payback|p1a: Ogerpon
|-damage|p1a: Ogerpon|10/100
|
|upkeep
|turn|24
|
|t:|1758956138
|move|p1a: Ogerpon|Knock Off|p2a: Ting-Lu
|-crit|p2a: Ting-Lu
|-damage|p2a: Ting-Lu|60/100
|move|p2a: Ting-Lu|Payback|p1a: Ogerpon
|-damage|p1a: Ogerpon|0 fnt
|faint|p1a: Ogerpon
|
|upkeep
|
|t:|1758956148
|switch|p1a: Ting-Lu|Ting-Lu|100/100
|-damage|p1a: Ting-Lu|94/100|[from] Stealth Rock
|-ability|p1a: Ting-Lu|Vessel of Ruin
|turn|25
|
|t:|1758956154
|switch|p2a: Dragonite|Dragonite, M, shiny|100/100
|move|p1a: Ting-Lu|Earthquake|p2a: Dragonite
|-immune|p2a: Dragonite
|
|-heal|p1a: Ting-Lu|100/100|[from] item: Leftovers
|upkeep
|turn|26
|
|t:|1758956163
|move|p2a: Dragonite|Low Kick|p1a: Ting-Lu
|-supereffective|p1a: Ting-Lu
|-damage|p1a: Ting-Lu|22/100
|move|p1a: Ting-Lu|Stealth Rock|p2a: Dragonite
|-sidestart|p2: xxnb|move: Stealth Rock
|
|-heal|p1a: Ting-Lu|29/100|[from] item: Leftovers
|upkeep
|turn|27
|inactive|xxnb has 90 seconds left.
|
|t:|1758956171
|switch|p1a: Moltres|Moltres, shiny|100/100
|move|p2a: Dragonite|Low Kick|p1a: Moltres
|-resisted|p1a: Moltres
|-damage|p1a: Moltres|79/100
|-status|p2a: Dragonite|brn|[from] ability: Flame Body|[of] p1a: Moltres
|
|-damage|p2a: Dragonite|94/100 brn|[from] brn
|upkeep
|turn|28
|inactive|xxnb has 90 seconds left.
|
|t:|1758956183
|switch|p2a: Ting-Lu|Ting-Lu, tera:Steel|60/100
|-damage|p2a: Ting-Lu|54/100|[from] Stealth Rock
|-ability|p2a: Ting-Lu|Vessel of Ruin
|move|p1a: Moltres|Flamethrower|p2a: Ting-Lu
|-supereffective|p2a: Ting-Lu
|-damage|p2a: Ting-Lu|12/100
|
|upkeep
|turn|29
|inactive|xxnb has 90 seconds left.
|
|t:|1758956194
|move|p1a: Moltres|Flamethrower|p2a: Ting-Lu
|-supereffective|p2a: Ting-Lu
|-damage|p2a: Ting-Lu|0 fnt
|faint|p2a: Ting-Lu
|
|upkeep
|inactive|xxnb has 90 seconds left.
|
|t:|1758956217
|switch|p2a: Dondozo|Dondozo, M, shiny|38/100
|-damage|p2a: Dondozo|25/100|[from] Stealth Rock
|turn|30
|
|t:|1758956223
|move|p1a: Moltres|Scorching Sands|p2a: Dondozo
|-damage|p2a: Dondozo|7/100
|-status|p2a: Dondozo|brn
|move|p2a: Dondozo|Rest|p2a: Dondozo
|-status|p2a: Dondozo|slp|[from] move: Rest
|-heal|p2a: Dondozo|100/100 slp|[silent]
|
|upkeep
|turn|31
|inactive|xxnb has 90 seconds left.
|
|t:|1758956236
|switch|p1a: Clefable|Clefable, M|100/100
|cant|p2a: Dondozo|slp
|move|p2a: Dondozo|Sleep Talk|p2a: Dondozo
|move|p2a: Dondozo|Avalanche|p1a: Clefable|[from] move: Sleep Talk
|-damage|p1a: Clefable|89/100
|
|upkeep
|turn|32
|inactive|xxnb has 90 seconds left.
|
|t:|1758956246
|switch|p2a: Gholdengo|Gholdengo|80/100
|-damage|p2a: Gholdengo|74/100|[from] Stealth Rock
|move|p1a: Clefable|Moonblast|p2a: Gholdengo
|-resisted|p2a: Gholdengo
|-damage|p2a: Gholdengo|57/100
|
|upkeep
|turn|33
|inactive|xxnb has 90 seconds left.
|
|t:|1758956262
|switch|p1a: Alomomola|Alomomola, F|100/100
|move|p2a: Gholdengo|Focus Blast|p1a: Alomomola|[miss]
|-miss|p2a: Gholdengo|p1a: Alomomola
|
|upkeep
|turn|34
|inactive|xxnb has 90 seconds left.
|
|t:|1758956272
|switch|p2a: Espeon|Espeon, M, shiny|52/100
|-damage|p2a: Espeon|40/100|[from] Stealth Rock
|move|p1a: Alomomola|Flip Turn|p2a: Espeon
|-damage|p2a: Espeon|22/100
|
|t:|1758956285
|switch|p1a: Moltres|Moltres, shiny|79/100|[from] Flip Turn
|
|upkeep
|turn|35
|
|t:|1758956296
|switch|p2a: Dondozo|Dondozo, M, shiny|100/100 slp
|-damage|p2a: Dondozo|88/100 slp|[from] Stealth Rock
|move|p1a: Moltres|Flamethrower|p2a: Dondozo
|-resisted|p2a: Dondozo
|-damage|p2a: Dondozo|69/100 slp
|
|upkeep
|turn|36
|
|t:|1758956303
|cant|p2a: Dondozo|slp
|move|p2a: Dondozo|Sleep Talk|p2a: Dondozo
|move|p2a: Dondozo|Rest||[from] move: Sleep Talk|[still]
|-fail|p2a: Dondozo
|move|p1a: Moltres|Roar|p2a: Dondozo
|drag|p2a: Espeon|Espeon, M, shiny|22/100
|-damage|p2a: Espeon|9/100|[from] Stealth Rock
|
|upkeep
|turn|37
|
|t:|1758956321
|move|p2a: Espeon|Morning Sun|p2a: Espeon
|-heal|p2a: Espeon|59/100
|move|p1a: Moltres|Roost|p1a: Moltres
|-heal|p1a: Moltres|100/100
|-singleturn|p1a: Moltres|move: Roost
|
|upkeep
|turn|38
|
|t:|1758956329
|move|p2a: Espeon|Morning Sun|p2a: Espeon
|-heal|p2a: Espeon|100/100
|move|p1a: Moltres|Flamethrower|p2a: Espeon
|-damage|p2a: Espeon|57/100
|
|upkeep
|turn|39
|
|t:|1758956342
|switch|p2a: Dragonite|Dragonite, M, shiny|94/100 brn
|-damage|p2a: Dragonite|69/100 brn|[from] Stealth Rock
|move|p1a: Moltres|Flamethrower|p2a: Dragonite
|-resisted|p2a: Dragonite
|-damage|p2a: Dragonite|49/100 brn
|
|-damage|p2a: Dragonite|43/100 brn|[from] brn
|upkeep
|turn|40
|
|t:|1758956356
|move|p2a: Dragonite|Outrage|p1a: Moltres
|-damage|p1a: Moltres|50/100
|move|p1a: Moltres|Flamethrower|p2a: Dragonite
|-resisted|p2a: Dragonite
|-damage|p2a: Dragonite|22/100 brn
|
|-damage|p2a: Dragonite|16/100 brn|[from] brn
|upkeep
|turn|41
|
|t:|1758956378
|switch|p1a: Alomomola|Alomomola, F|100/100
|move|p2a: Dragonite|Outrage|p1a: Alomomola|[from] lockedmove
|-damage|p1a: Alomomola|74/100
|-start|p2a: Dragonite|confusion|[fatigue]
|
|-damage|p2a: Dragonite|10/100 brn|[from] brn
|upkeep
|turn|42
|
|t:|1758956389
|-activate|p2a: Dragonite|confusion
|move|p2a: Dragonite|Outrage|p1a: Alomomola
|-damage|p1a: Alomomola|47/100
|move|p1a: Alomomola|Wish|p1a: Alomomola
|
|-damage|p2a: Dragonite|4/100 brn|[from] brn
|upkeep
|turn|43
|
|t:|1758956397
|move|p1a: Alomomola|Protect|p1a: Alomomola
|-singleturn|p1a: Alomomola|Protect
|-end|p2a: Dragonite|confusion
|move|p2a: Dragonite|Outrage|p1a: Alomomola|[from] lockedmove
|-activate|p1a: Alomomola|move: Protect
|-start|p2a: Dragonite|confusion|[fatigue]
|
|-heal|p1a: Alomomola|97/100|[from] move: Wish|[wisher] Alomomola
|-damage|p2a: Dragonite|0 fnt|[from] brn
|faint|p2a: Dragonite
|upkeep
|
|t:|1758956410
|switch|p2a: Gholdengo|Gholdengo|57/100
|-damage|p2a: Gholdengo|51/100|[from] Stealth Rock
|turn|44
|
|t:|1758956420
|move|p2a: Gholdengo|Trick|p1a: Alomomola
|-activate|p2a: Gholdengo|move: Trick|[of] p1a: Alomomola
|-item|p1a: Alomomola|Choice Band|[from] move: Trick
|-item|p2a: Gholdengo|Heavy-Duty Boots|[from] move: Trick
|move|p1a: Alomomola|Flip Turn|p2a: Gholdengo
|-damage|p2a: Gholdengo|22/100
|
|t:|1758956439
|switch|p1a: Moltres|Moltres, shiny|50/100|[from] Flip Turn
|
|upkeep
|turn|45
|
|t:|1758956446
|switch|p2a: Dondozo|Dondozo, M, shiny|69/100 slp
|-damage|p2a: Dondozo|56/100 slp|[from] Stealth Rock
|move|p1a: Moltres|Roost|p1a: Moltres
|-heal|p1a: Moltres|100/100
|-singleturn|p1a: Moltres|move: Roost
|
|upkeep
|turn|46
|
|t:|1758956456
|-curestatus|p2a: Dondozo|slp|[msg]
|move|p2a: Dondozo|Sleep Talk||[still]
|-fail|p2a: Dondozo
|move|p1a: Moltres|Roar|p2a: Dondozo
|drag|p2a: Gholdengo|Gholdengo|22/100
|
|upkeep
|turn|47
|
|t:|1758956465
|switch|p2a: Dondozo|Dondozo, M, shiny|56/100
|-damage|p2a: Dondozo|44/100|[from] Stealth Rock
|move|p1a: Moltres|Scorching Sands|p2a: Dondozo
|-damage|p2a: Dondozo|25/100
|-status|p2a: Dondozo|brn
|
|-damage|p2a: Dondozo|19/100 brn|[from] brn
|upkeep
|turn|48
|
|t:|1758956475
|switch|p1a: Clefable|Clefable, M|89/100
|move|p2a: Dondozo|Rest|p2a: Dondozo
|-status|p2a: Dondozo|slp|[from] move: Rest
|-heal|p2a: Dondozo|100/100 slp|[silent]
|
|upkeep
|turn|49
|
|t:|1758956484
|switch|p2a: Gholdengo|Gholdengo|22/100
|move|p1a: Clefable|Moonblast|p2a: Gholdengo
|-resisted|p2a: Gholdengo
|-damage|p2a: Gholdengo|3/100
|
|upkeep
|turn|50
|
|t:|1758956491
|switch|p1a: Moltres|Moltres, shiny|100/100
|move|p2a: Gholdengo|Make It Rain|p1a: Moltres
|-resisted|p1a: Moltres
|-damage|p1a: Moltres|76/100
|-unboost|p2a: Gholdengo|spa|1
|
|upkeep
|turn|51
|
|t:|1758956500
|switch|p2a: Dondozo|Dondozo, M, shiny|100/100 slp
|-damage|p2a: Dondozo|88/100 slp|[from] Stealth Rock
|move|p1a: Moltres|Scorching Sands|p2a: Dondozo
|-damage|p2a: Dondozo|70/100 slp
|
|upkeep
|turn|52
|
|t:|1758956508
|switch|p1a: Clefable|Clefable, M|89/100
|cant|p2a: Dondozo|slp
|move|p2a: Dondozo|Sleep Talk|p2a: Dondozo
|move|p2a: Dondozo|Avalanche|p1a: Clefable|[from] move: Sleep Talk
|-damage|p1a: Clefable|79/100
|
|upkeep
|turn|53
|
|t:|1758956518
|move|p1a: Clefable|Moonblast|p2a: Dondozo
|-damage|p2a: Dondozo|37/100 slp
|-unboost|p2a: Dondozo|spa|1
|cant|p2a: Dondozo|slp
|move|p2a: Dondozo|Sleep Talk|p2a: Dondozo
|move|p2a: Dondozo|Avalanche|p1a: Clefable|[from] move: Sleep Talk
|-damage|p1a: Clefable|58/100
|
|upkeep
|turn|54
|
|t:|1758956531
|move|p1a: Clefable|Moonlight|p1a: Clefable
|-heal|p1a: Clefable|100/100
|-curestatus|p2a: Dondozo|slp|[msg]
|move|p2a: Dondozo|Avalanche|p1a: Clefable
|-damage|p1a: Clefable|90/100
|
|upkeep
|turn|55
|
|t:|1758956540
|move|p1a: Clefable|Moonblast|p2a: Dondozo
|-damage|p2a: Dondozo|9/100
|move|p2a: Dondozo|Rest|p2a: Dondozo
|-status|p2a: Dondozo|slp|[from] move: Rest
|-heal|p2a: Dondozo|100/100 slp|[silent]
|
|upkeep
|turn|56
|
|t:|1758956553
|switch|p2a: Gholdengo|Gholdengo|3/100
|move|p1a: Clefable|Moonblast|p2a: Gholdengo
|-resisted|p2a: Gholdengo
|-damage|p2a: Gholdengo|0 fnt
|faint|p2a: Gholdengo
|
|upkeep
|
|t:|1758956563
|switch|p2a: Espeon|Espeon, M, shiny|57/100
|-damage|p2a: Espeon|45/100|[from] Stealth Rock
|turn|57
|
|t:|1758956567
|move|p2a: Espeon|Morning Sun|p2a: Espeon
|-heal|p2a: Espeon|95/100
|move|p1a: Clefable|Calm Mind|p1a: Clefable
|-boost|p1a: Clefable|spa|1
|-boost|p1a: Clefable|spd|1
|
|upkeep
|turn|58
|
|t:|1758956578
|move|p2a: Espeon|Calm Mind|p2a: Espeon
|-boost|p2a: Espeon|spa|1
|-boost|p2a: Espeon|spd|1
|move|p1a: Clefable|Calm Mind|p1a: Clefable
|-boost|p1a: Clefable|spa|1
|-boost|p1a: Clefable|spd|1
|
|upkeep
|turn|59
|
|t:|1758956585
|move|p2a: Espeon|Calm Mind|p2a: Espeon
|-boost|p2a: Espeon|spa|1
|-boost|p2a: Espeon|spd|1
|move|p1a: Clefable|Calm Mind|p1a: Clefable
|-boost|p1a: Clefable|spa|1
|-boost|p1a: Clefable|spd|1
|
|upkeep
|turn|60
|
|t:|1758956595
|move|p2a: Espeon|Calm Mind|p2a: Espeon
|-boost|p2a: Espeon|spa|1
|-boost|p2a: Espeon|spd|1
|move|p1a: Clefable|Calm Mind|p1a: Clefable
|-boost|p1a: Clefable|spa|1
|-boost|p1a: Clefable|spd|1
|
|upkeep
|turn|61
|
|t:|1758956602
|move|p2a: Espeon|Calm Mind|p2a: Espeon
|-boost|p2a: Espeon|spa|1
|-boost|p2a: Espeon|spd|1
|move|p1a: Clefable|Calm Mind|p1a: Clefable
|-boost|p1a: Clefable|spa|1
|-boost|p1a: Clefable|spd|1
|
|upkeep
|turn|62
|
|t:|1758956611
|move|p2a: Espeon|Stored Power|p1a: Clefable
|-damage|p1a: Clefable|70/100
|move|p1a: Clefable|Moonblast|p2a: Espeon
|-damage|p2a: Espeon|0 fnt
|faint|p2a: Espeon
|
|upkeep
|-message|xxnb forfeited.
|
|win|Reukra671
|raw|Reukra671's rating: 1390 &rarr; <strong>1411</strong><br />(+21 for winning)
|raw|xxnb's rating: 1416 &rarr; <strong>1395</strong><br />(-21 for losing)
|l|☆xxnb
|player|p2|
