|j|☆Tuan Pham
|j|‽cacao1
|t:|1759050165
|gametype|singles
|player|p1|Tuan Pham|youngster-gen4dp|1205
|player|p2|cacao1|170|1208
|gen|9
|tier|[Gen 9] OU
|rated|
|rule|HP Percentage Mod: HP is shown in percentages
|rule|Endless Battle Clause: Forcing endless battles is banned
|rule|Species Clause: Limit one of each Pokémon
|rule|OHKO Clause: OHKO moves are banned
|rule|Evasion Items Clause: Evasion items are banned
|rule|Evasion Moves Clause: Evasion moves are banned
|rule|Evasion Abilities Clause: Evasion abilities are banned
|rule|Sleep Moves Clause: Sleep-inducing moves are banned
|clearpoke
|poke|p1|Gliscor, F|
|poke|p1|Garganacl, M|
|poke|p1|Quagsire, F|
|poke|p1|Wo-Chien|
|poke|p1|Corviknight, F|
|poke|p1|Toxapex, F|
|poke|p2|Cinderace, F|
|poke|p2|Rillaboom, M|
|poke|p2|Greninja-*, M|
|poke|p2|Meowscarada, F|
|poke|p2|Primarina, M|
|poke|p2|Infernape, M|
|teampreview
|inactive|Battle timer is ON: inactive players will automatically lose when time's up. (requested by cacao1)
|
|t:|1759050179
|teamsize|p1|6
|teamsize|p2|6
|start
|switch|p1a: Gliscor|Gliscor, F|100/100
|switch|p2a: Greninja|Greninja, M|100/100
|turn|1
|
|t:|1759050193
|switch|p1a: Wo-Chien|Wo-Chien|100/100
|-ability|p1a: Wo-Chien|Tablets of Ruin
|move|p2a: Greninja|Dark Pulse|p1a: Wo-Chien
|-resisted|p1a: Wo-Chien
|-damage|p1a: Wo-Chien|83/100
|
|-heal|p1a: Wo-Chien|89/100|[from] item: Leftovers
|upkeep
|turn|2
|
|t:|1759050201
|switch|p2a: Meowscarada|Meowscarada, F|100/100
|move|p1a: Wo-Chien|Stun Spore|p2a: Meowscarada
|-immune|p2a: Meowscarada
|
|-heal|p1a: Wo-Chien|95/100|[from] item: Leftovers
|upkeep
|turn|3
|
|t:|1759050207
|switch|p1a: Corviknight|Corviknight, F|100/100
|move|p2a: Meowscarada|U-turn|p1a: Corviknight
|-start|p2a: Meowscarada|typechange|Bug|[from] ability: Protean
|-resisted|p1a: Corviknight
|-damage|p1a: Corviknight|94/100
|-damage|p2a: Meowscarada|84/100|[from] item: Rocky Helmet|[of] p1a: Corviknight
|
|t:|1759050217
|switch|p2a: Infernape|Infernape, M|100/100|[from] U-turn
|
|upkeep
|turn|4
|
|t:|1759050229
|switch|p1a: Gliscor|Gliscor, F|100/100
|move|p2a: Infernape|Fire Blast|p1a: Gliscor
|-damage|p1a: Gliscor|28/100
|-damage|p2a: Infernape|91/100|[from] item: Life Orb
|
|-status|p1a: Gliscor|tox|[from] item: Toxic Orb
|upkeep
|turn|5
|
|t:|1759050237
|move|p1a: Gliscor|Protect|p1a: Gliscor
|-singleturn|p1a: Gliscor|Protect
|move|p2a: Infernape|Fire Blast|p1a: Gliscor
|-activate|p1a: Gliscor|move: Protect
|
|-heal|p1a: Gliscor|40/100 tox|[from] ability: Poison Heal
|upkeep
|turn|6
|
|t:|1759050246
|switch|p1a: Quagsire|Quagsire, F|100/100
|move|p2a: Infernape|Nasty Plot|p2a: Infernape
|-boost|p2a: Infernape|spa|2
|
|upkeep
|turn|7
|
|t:|1759050253
|move|p2a: Infernape|Focus Blast|p1a: Quagsire
|-damage|p1a: Quagsire|38/100
|-damage|p2a: Infernape|81/100|[from] item: Life Orb
|move|p1a: Quagsire|Earthquake|p2a: Infernape
|-supereffective|p2a: Infernape
|-damage|p2a: Infernape|0 fnt
|faint|p2a: Infernape
|
|-heal|p1a: Quagsire|44/100|[from] item: Leftovers
|upkeep
|
|t:|1759050278
|switch|p2a: Greninja|Greninja, M|100/100
|turn|8
|
|t:|1759050282
|move|p2a: Greninja|Dark Pulse|p1a: Quagsire
|-damage|p1a: Quagsire|0 fnt
|faint|p1a: Quagsire
|-ability|p2a: Greninja|Battle Bond|boost
|-boost|p2a: Greninja|atk|1
|-boost|p2a: Greninja|spa|1
|-boost|p2a: Greninja|spe|1
|-activate|p2a: Greninja|ability: Battle Bond
|
|upkeep
|
|t:|1759050293
|switch|p1a: Toxapex|Toxapex, F|100/100
|turn|9
|
|t:|1759050297
|move|p2a: Greninja|Dark Pulse|p1a: Toxapex
|-damage|p1a: Toxapex|45/100
|move|p1a: Toxapex|Toxic|p2a: Greninja
|-status|p2a: Greninja|tox
|
|-heal|p1a: Toxapex|51/100|[from] item: Leftovers
|-damage|p2a: Greninja|95/100 tox|[from] psn
|upkeep
|turn|10
|
|t:|1759050309
|switch|p2a: Meowscarada|Meowscarada, F|84/100
|switch|p1a: Wo-Chien|Wo-Chien|95/100
|-ability|p1a: Wo-Chien|Tablets of Ruin
|
|-heal|p1a: Wo-Chien|100/100|[from] item: Leftovers
|upkeep
|turn|11
|
|t:|1759050317
|switch|p1a: Corviknight|Corviknight, F|94/100
|move|p2a: Meowscarada|U-turn|p1a: Corviknight
|-start|p2a: Meowscarada|typechange|Bug|[from] ability: Protean
|-resisted|p1a: Corviknight
|-damage|p1a: Corviknight|88/100
|-damage|p2a: Meowscarada|68/100|[from] item: Rocky Helmet|[of] p1a: Corviknight
|
|t:|1759050320
|switch|p2a: Cinderace|Cinderace, F|100/100|[from] U-turn
|
|upkeep
|turn|12
|
|t:|1759050335
|switch|p1a: Gliscor|Gliscor, F|40/100 tox
|move|p2a: Cinderace|Pyro Ball|p1a: Gliscor
|-damage|p1a: Gliscor|0 fnt
|faint|p1a: Gliscor
|
|upkeep
|
|t:|1759050342
|switch|p1a: Toxapex|Toxapex, F|84/100
|turn|13
|
|t:|1759050349
|switch|p2a: Greninja|Greninja, M|95/100 tox
|move|p1a: Toxapex|Liquidation|p2a: Greninja
|-resisted|p2a: Greninja
|-damage|p2a: Greninja|78/100 tox
|
|-heal|p1a: Toxapex|91/100|[from] item: Leftovers
|-damage|p2a: Greninja|72/100 tox|[from] psn
|upkeep
|turn|14
|
|t:|1759050358
|move|p2a: Greninja|Dark Pulse|p1a: Toxapex
|-damage|p1a: Toxapex|48/100
|move|p1a: Toxapex|Liquidation|p2a: Greninja
|-resisted|p2a: Greninja
|-damage|p2a: Greninja|54/100 tox
|
|-heal|p1a: Toxapex|54/100|[from] item: Leftovers
|-damage|p2a: Greninja|42/100 tox|[from] psn
|upkeep
|turn|15
|
|t:|1759050367
|switch|p2a: Meowscarada|Meowscarada, F|68/100
|move|p1a: Toxapex|Recover|p1a: Toxapex
|-heal|p1a: Toxapex|100/100
|
|upkeep
|turn|16
|
|t:|1759050372
|switch|p1a: Corviknight|Corviknight, F|88/100
|move|p2a: Meowscarada|Knock Off|p1a: Corviknight
|-start|p2a: Meowscarada|typechange|Dark|[from] ability: Protean
|-damage|p1a: Corviknight|57/100
|-damage|p2a: Meowscarada|51/100|[from] item: Rocky Helmet|[of] p1a: Corviknight
|-enditem|p1a: Corviknight|Rocky Helmet|[from] move: Knock Off|[of] p2a: Meowscarada
|
|upkeep
|turn|17
|
|t:|1759050383
|switch|p2a: Cinderace|Cinderace, F|100/100
|move|p1a: Corviknight|Roost|p1a: Corviknight
|-heal|p1a: Corviknight|100/100
|-singleturn|p1a: Corviknight|move: Roost
|
|upkeep
|turn|18
|
|t:|1759050388
|-terastallize|p1a: Corviknight|Fighting
|move|p2a: Cinderace|U-turn|p1a: Corviknight
|-start|p2a: Cinderace|typechange|Bug|[from] ability: Libero
|-resisted|p1a: Corviknight
|-damage|p1a: Corviknight|89/100
|
|t:|1759050396
|switch|p2a: Primarina|Primarina, M|100/100|[from] U-turn
|move|p1a: Corviknight|Brave Bird|p2a: Primarina
|-damage|p2a: Primarina|57/100
|-damage|p1a: Corviknight|73/100|[from] Recoil
|
|upkeep
|turn|19
|
|t:|1759050405
|switch|p1a: Toxapex|Toxapex, F|100/100
|move|p2a: Primarina|Flip Turn|p1a: Toxapex
|-resisted|p1a: Toxapex
|-damage|p1a: Toxapex|96/100
|
|t:|1759050407
|switch|p2a: Rillaboom|Rillaboom, M|100/100|[from] Flip Turn
|-fieldstart|move: Grassy Terrain|[from] ability: Grassy Surge|[of] p2a: Rillaboom
|
|-heal|p1a: Toxapex|100/100|[from] Grassy Terrain
|upkeep
|turn|20
|
|t:|1759050414
|move|p2a: Rillaboom|Wood Hammer|p1a: Toxapex
|-damage|p1a: Toxapex|10/100
|-damage|p2a: Rillaboom|74/100|[from] Recoil
|move|p1a: Toxapex|Toxic|p2a: Rillaboom
|-status|p2a: Rillaboom|tox
|
|-heal|p2a: Rillaboom|80/100 tox|[from] Grassy Terrain
|-heal|p1a: Toxapex|16/100|[from] Grassy Terrain
|-heal|p1a: Toxapex|22/100|[from] item: Leftovers
|-damage|p2a: Rillaboom|74/100 tox|[from] psn
|upkeep
|turn|21
|
|t:|1759050421
|switch|p1a: Wo-Chien|Wo-Chien|100/100
|-ability|p1a: Wo-Chien|Tablets of Ruin
|move|p2a: Rillaboom|Wood Hammer|p1a: Wo-Chien
|-resisted|p1a: Wo-Chien
|-damage|p1a: Wo-Chien|58/100
|-damage|p2a: Rillaboom|61/100 tox|[from] Recoil
|
|-heal|p2a: Rillaboom|67/100 tox|[from] Grassy Terrain
|-heal|p1a: Wo-Chien|64/100|[from] Grassy Terrain
|-heal|p1a: Wo-Chien|70/100|[from] item: Leftovers
|-damage|p2a: Rillaboom|55/100 tox|[from] psn
|upkeep
|turn|22
|
|t:|1759050432
|switch|p2a: Meowscarada|Meowscarada, F|51/100
|switch|p1a: Corviknight|Corviknight, F, tera:Fighting|73/100
|
|-heal|p2a: Meowscarada|57/100|[from] Grassy Terrain
|-heal|p1a: Corviknight|79/100|[from] Grassy Terrain
|upkeep
|turn|23
|
|t:|1759050438
|move|p2a: Meowscarada|Flower Trick|p1a: Corviknight
|-start|p2a: Meowscarada|typechange|Grass|[from] ability: Protean
|-crit|p1a: Corviknight
|-damage|p1a: Corviknight|38/100
|move|p1a: Corviknight|Brave Bird|p2a: Meowscarada
|-supereffective|p2a: Meowscarada
|-damage|p2a: Meowscarada|0 fnt
|faint|p2a: Meowscarada
|-damage|p1a: Corviknight|22/100|[from] Recoil
|
|-heal|p1a: Corviknight|28/100|[from] Grassy Terrain
|-fieldend|move: Grassy Terrain
|upkeep
|
|t:|1759050452
|switch|p2a: Rillaboom|Rillaboom, M|55/100 tox
|-fieldstart|move: Grassy Terrain|[from] ability: Grassy Surge|[of] p2a: Rillaboom
|turn|24
|
|t:|1759050470
|move|p2a: Rillaboom|Wood Hammer|p1a: Corviknight
|-damage|p1a: Corviknight|0 fnt
|faint|p1a: Corviknight
|-damage|p2a: Rillaboom|46/100 tox|[from] Recoil
|
|-heal|p2a: Rillaboom|52/100 tox|[from] Grassy Terrain
|-damage|p2a: Rillaboom|46/100 tox|[from] psn
|upkeep
|
|t:|1759050479
|switch|p1a: Garganacl|Garganacl, M|100/100
|turn|25
|
|t:|1759050486
|switch|p2a: Primarina|Primarina, M|57/100
|move|p1a: Garganacl|Iron Defense|p1a: Garganacl
|-boost|p1a: Garganacl|def|2
|
|-heal|p2a: Primarina|63/100|[from] Grassy Terrain
|upkeep
|turn|26
|
|t:|1759050494
|switch|p1a: Toxapex|Toxapex, F|55/100
|move|p2a: Primarina|Surf|p1a: Toxapex
|-resisted|p1a: Toxapex
|-damage|p1a: Toxapex|38/100
|
|-heal|p2a: Primarina|69/100|[from] Grassy Terrain
|-heal|p1a: Toxapex|44/100|[from] Grassy Terrain
|-heal|p1a: Toxapex|50/100|[from] item: Leftovers
|upkeep
|turn|27
|
|t:|1759050503
|move|p2a: Primarina|Flip Turn|p1a: Toxapex
|-resisted|p1a: Toxapex
|-damage|p1a: Toxapex|46/100
|
|t:|1759050506
|switch|p2a: Rillaboom|Rillaboom, M|46/100 tox|[from] Flip Turn
|move|p1a: Toxapex|Toxic|p2a: Rillaboom
|-fail|p2a: Rillaboom|tox
|
|-heal|p2a: Rillaboom|52/100 tox|[from] Grassy Terrain
|-heal|p1a: Toxapex|52/100|[from] Grassy Terrain
|-heal|p1a: Toxapex|58/100|[from] item: Leftovers
|-damage|p2a: Rillaboom|46/100 tox|[from] psn
|upkeep
|turn|28
|
|t:|1759050511
|switch|p1a: Wo-Chien|Wo-Chien|70/100
|-ability|p1a: Wo-Chien|Tablets of Ruin
|move|p2a: Rillaboom|Wood Hammer|p1a: Wo-Chien
|-resisted|p1a: Wo-Chien
|-damage|p1a: Wo-Chien|31/100
|-damage|p2a: Rillaboom|34/100 tox|[from] Recoil
|
|-heal|p2a: Rillaboom|40/100 tox|[from] Grassy Terrain
|-heal|p1a: Wo-Chien|37/100|[from] Grassy Terrain
|-heal|p1a: Wo-Chien|43/100|[from] item: Leftovers
|-damage|p2a: Rillaboom|28/100 tox|[from] psn
|-fieldend|move: Grassy Terrain
|upkeep
|turn|29
|
|t:|1759050518
|switch|p2a: Cinderace|Cinderace, F|100/100
|move|p1a: Wo-Chien|Giga Drain|p2a: Cinderace
|-resisted|p2a: Cinderace
|-damage|p2a: Cinderace|81/100
|-heal|p1a: Wo-Chien|53/100|[from] drain|[of] p2a: Cinderace
|
|-heal|p1a: Wo-Chien|59/100|[from] item: Leftovers
|upkeep
|turn|30
|
|t:|1759050524
|switch|p1a: Toxapex|Toxapex, F|91/100
|move|p2a: Cinderace|U-turn|p1a: Toxapex
|-start|p2a: Cinderace|typechange|Bug|[from] ability: Libero
|-resisted|p1a: Toxapex
|-damage|p1a: Toxapex|80/100
|
|t:|1759050529
|switch|p2a: Rillaboom|Rillaboom, M|28/100 tox|[from] U-turn
|-fieldstart|move: Grassy Terrain|[from] ability: Grassy Surge|[of] p2a: Rillaboom
|
|-heal|p2a: Rillaboom|34/100 tox|[from] Grassy Terrain
|-heal|p1a: Toxapex|87/100|[from] Grassy Terrain
|-heal|p1a: Toxapex|93/100|[from] item: Leftovers
|-damage|p2a: Rillaboom|28/100 tox|[from] psn
|upkeep
|turn|31
|
|t:|1759050557
|switch|p1a: Wo-Chien|Wo-Chien|59/100
|-ability|p1a: Wo-Chien|Tablets of Ruin
|-terastallize|p2a: Rillaboom|Grass
|move|p2a: Rillaboom|Wood Hammer|p1a: Wo-Chien
|-resisted|p1a: Wo-Chien
|-damage|p1a: Wo-Chien|7/100
|-damage|p2a: Rillaboom|12/100 tox|[from] Recoil
|
|-heal|p2a: Rillaboom|18/100 tox|[from] Grassy Terrain
|-heal|p1a: Wo-Chien|13/100|[from] Grassy Terrain
|-heal|p1a: Wo-Chien|19/100|[from] item: Leftovers
|-damage|p2a: Rillaboom|6/100 tox|[from] psn
|upkeep
|turn|32
|inactive|Tuan Pham has 120 seconds left.
|
|t:|1759050584
|switch|p2a: Cinderace|Cinderace, F|81/100
|switch|p1a: Toxapex|Toxapex, F|100/100
|
|-heal|p2a: Cinderace|87/100|[from] Grassy Terrain
|upkeep
|turn|33
|
|t:|1759050593
|move|p2a: Cinderace|U-turn|p1a: Toxapex
|-start|p2a: Cinderace|typechange|Bug|[from] ability: Libero
|-resisted|p1a: Toxapex
|-damage|p1a: Toxapex|90/100
|
|t:|1759050595
|switch|p2a: Greninja|Greninja, M|42/100 tox|[from] U-turn
|move|p1a: Toxapex|Liquidation|p2a: Greninja
|-resisted|p2a: Greninja
|-damage|p2a: Greninja|25/100 tox
|
|-heal|p2a: Greninja|31/100 tox|[from] Grassy Terrain
|-heal|p1a: Toxapex|96/100|[from] Grassy Terrain
|-heal|p1a: Toxapex|100/100|[from] item: Leftovers
|-damage|p2a: Greninja|25/100 tox|[from] psn
|upkeep
|turn|34
|inactive|Tuan Pham has 120 seconds left.
|
|t:|1759050616
|move|p2a: Greninja|Dark Pulse|p1a: Toxapex
|-damage|p1a: Toxapex|58/100
|cant|p1a: Toxapex|flinch
|
|-heal|p2a: Greninja|31/100 tox|[from] Grassy Terrain
|-heal|p1a: Toxapex|64/100|[from] Grassy Terrain
|-heal|p1a: Toxapex|70/100|[from] item: Leftovers
|-damage|p2a: Greninja|19/100 tox|[from] psn
|-fieldend|move: Grassy Terrain
|upkeep
|turn|35
|
|t:|1759050623
|move|p2a: Greninja|Dark Pulse|p1a: Toxapex
|-damage|p1a: Toxapex|32/100
|move|p1a: Toxapex|Recover|p1a: Toxapex
|-heal|p1a: Toxapex|82/100
|
|-heal|p1a: Toxapex|89/100|[from] item: Leftovers
|-damage|p2a: Greninja|1/100 tox|[from] psn
|upkeep
|turn|36
|inactive|Tuan Pham has 120 seconds left.
|
|t:|1759050639
|switch|p2a: Primarina|Primarina, M|69/100
|switch|p1a: Wo-Chien|Wo-Chien|19/100
|-ability|p1a: Wo-Chien|Tablets of Ruin
|
|-heal|p1a: Wo-Chien|25/100|[from] item: Leftovers
|upkeep
|turn|37
|
|t:|1759050644
|move|p1a: Wo-Chien|Stun Spore|p2a: Primarina
|-status|p2a: Primarina|par
|move|p2a: Primarina|Moonblast|p1a: Wo-Chien
|-supereffective|p1a: Wo-Chien
|-damage|p1a: Wo-Chien|0 fnt
|faint|p1a: Wo-Chien
|
|upkeep
|
|t:|1759050648
|switch|p1a: Garganacl|Garganacl, M|100/100
|turn|38
|
|t:|1759050657
|move|p1a: Garganacl|Salt Cure|p2a: Primarina
|-damage|p2a: Primarina|51/100 par
|-start|p2a: Primarina|Salt Cure
|move|p2a: Primarina|Flip Turn|p1a: Garganacl
|-supereffective|p1a: Garganacl
|-damage|p1a: Garganacl|79/100
|
|t:|1759050668
|switch|p2a: Cinderace|Cinderace, F|87/100|[from] Flip Turn
|
|-heal|p1a: Garganacl|85/100|[from] item: Leftovers
|upkeep
|turn|39
|
|t:|1759050683
|switch|p1a: Toxapex|Toxapex, F|100/100
|move|p2a: Cinderace|High Jump Kick|p1a: Toxapex
|-start|p2a: Cinderace|typechange|Fighting|[from] ability: Libero
|-resisted|p1a: Toxapex
|-damage|p1a: Toxapex|82/100
|
|-heal|p1a: Toxapex|88/100|[from] item: Leftovers
|upkeep
|turn|40
|
|t:|1759050690
|move|p2a: Cinderace|U-turn|p1a: Toxapex
|-resisted|p1a: Toxapex
|-damage|p1a: Toxapex|81/100
|
|t:|1759050692
|switch|p2a: Primarina|Primarina, M|51/100 par|[from] U-turn
|move|p1a: Toxapex|Toxic||[still]
|-fail|p1a: Toxapex
|
|-heal|p1a: Toxapex|87/100|[from] item: Leftovers
|upkeep
|turn|41
|
|t:|1759050699
|switch|p1a: Garganacl|Garganacl, M|85/100
|move|p2a: Primarina|Flip Turn|p1a: Garganacl
|-supereffective|p1a: Garganacl
|-damage|p1a: Garganacl|64/100
|
|t:|1759050703
|switch|p2a: Rillaboom|Rillaboom, M, tera:Grass|6/100 tox|[from] Flip Turn
|-fieldstart|move: Grassy Terrain|[from] ability: Grassy Surge|[of] p2a: Rillaboom
|
|-heal|p2a: Rillaboom|12/100 tox|[from] Grassy Terrain
|-heal|p1a: Garganacl|70/100|[from] Grassy Terrain
|-heal|p1a: Garganacl|76/100|[from] item: Leftovers
|-damage|p2a: Rillaboom|6/100 tox|[from] psn
|upkeep
|turn|42
|
|t:|1759050719
|move|p2a: Rillaboom|Wood Hammer|p1a: Garganacl
|-supereffective|p1a: Garganacl
|-damage|p1a: Garganacl|0 fnt
|faint|p1a: Garganacl
|-damage|p2a: Rillaboom|0 fnt|[from] Recoil
|faint|p2a: Rillaboom
|
|upkeep
|
|t:|1759050735
|switch|p2a: Greninja|Greninja, M|1/100 tox
|switch|p1a: Toxapex|Toxapex, F|100/100
|turn|43
|
|t:|1759050750
|move|p2a: Greninja|Dark Pulse|p1a: Toxapex
|-damage|p1a: Toxapex|60/100
|move|p1a: Toxapex|Recover|p1a: Toxapex
|-heal|p1a: Toxapex|100/100
|
|-heal|p2a: Greninja|7/100 tox|[from] Grassy Terrain
|-damage|p2a: Greninja|1/100 tox|[from] psn
|upkeep
|turn|44
|
|t:|1759050756
|move|p2a: Greninja|Dark Pulse|p1a: Toxapex
|-damage|p1a: Toxapex|64/100
|move|p1a: Toxapex|Recover|p1a: Toxapex
|-heal|p1a: Toxapex|100/100
|
|-heal|p2a: Greninja|7/100 tox|[from] Grassy Terrain
|-damage|p2a: Greninja|0 fnt|[from] psn
|faint|p2a: Greninja
|upkeep
|
|t:|1759050765
|switch|p2a: Cinderace|Cinderace, F|87/100
|turn|45
|
|t:|1759050772
|move|p2a: Cinderace|Pyro Ball|p1a: Toxapex
|-resisted|p1a: Toxapex
|-damage|p1a: Toxapex|80/100
|move|p1a: Toxapex|Toxic|p2a: Cinderace
|-status|p2a: Cinderace|tox
|
|-heal|p2a: Cinderace|93/100 tox|[from] Grassy Terrain
|-heal|p1a: Toxapex|87/100|[from] Grassy Terrain
|-heal|p1a: Toxapex|93/100|[from] item: Leftovers
|-damage|p2a: Cinderace|87/100 tox|[from] psn
|-fieldend|move: Grassy Terrain
|upkeep
|turn|46
|
|t:|1759050777
|move|p2a: Cinderace|Pyro Ball|p1a: Toxapex
|-resisted|p1a: Toxapex
|-damage|p1a: Toxapex|73/100
|move|p1a: Toxapex|Liquidation|p2a: Cinderace
|-supereffective|p2a: Cinderace
|-damage|p2a: Cinderace|27/100 tox
|
|-heal|p1a: Toxapex|79/100|[from] item: Leftovers
|-damage|p2a: Cinderace|15/100 tox|[from] psn
|upkeep
|turn|47
|
|t:|1759050784
|move|p2a: Cinderace|Pyro Ball|p1a: Toxapex|[miss]
|-miss|p2a: Cinderace|p1a: Toxapex
|move|p1a: Toxapex|Liquidation|p2a: Cinderace
|-supereffective|p2a: Cinderace
|-damage|p2a: Cinderace|0 fnt
|faint|p2a: Cinderace
|
|-heal|p1a: Toxapex|85/100|[from] item: Leftovers
|upkeep
|
|t:|1759050786
|switch|p2a: Primarina|Primarina, M|51/100 par
|turn|48
|
|t:|1759050804
|move|p1a: Toxapex|Liquidation|p2a: Primarina
|-resisted|p2a: Primarina
|-damage|p2a: Primarina|39/100 par
|move|p2a: Primarina|Energy Ball|p1a: Toxapex
|-damage|p1a: Toxapex|61/100
|
|-heal|p1a: Toxapex|68/100|[from] item: Leftovers
|upkeep
|turn|49
|-message|cacao1 forfeited.
|
|win|Tuan Pham
|raw|Tuan Pham's rating: 1205 &rarr; <strong>1230</strong><br />(+25 for winning)
|raw|cacao1's rating: 1208 &rarr; <strong>1183</strong><br />(-25 for losing)
|l|‽cacao1
|player|p2|
|l|☆Tuan Pham
|player|p1|
