|j|☆afnkm
|j|☆jpkeeks
|t:|1758949927
|gametype|singles
|player|p1|afnkm|red|1520
|player|p2|jpkeeks|101|1484
|gen|9
|tier|[Gen 9] OU
|rated|
|rule|HP Percentage Mod: HP is shown in percentages
|rule|Endless Battle Clause: Forcing endless battles is banned
|rule|Species Clause: Limit one of each Pokémon
|rule|OHKO Clause: OHKO moves are banned
|rule|Evasion Items Clause: Evasion items are banned
|rule|Evasion Moves Clause: Evasion moves are banned
|rule|Evasion Abilities Clause: Evasion abilities are banned
|rule|Sleep Moves Clause: Sleep-inducing moves are banned
|clearpoke
|poke|p1|Torkoal, F|
|poke|p1|Charizard, F|
|poke|p1|Hatterene, F|
|poke|p1|Great Tusk|
|poke|p1|Walking Wake|
|poke|p1|Lilligant-Hisui, F|
|poke|p2|Meowscarada, M|
|poke|p2|Cinderace, F|
|poke|p2|Great Tusk|
|poke|p2|Ting-Lu|
|poke|p2|Latios, M|
|poke|p2|Pecharunt|
|teampreview
|inactive|Battle timer is ON: inactive players will automatically lose when time's up. (requested by afnkm)
|
|t:|1758949936
|teamsize|p1|6
|teamsize|p2|6
|start
|switch|p1a: Torkoal|Torkoal, F|100/100
|switch|p2a: Latios|Latios, M|100/100
|-weather|SunnyDay|[from] ability: Drought|[of] p1a: Torkoal
|turn|1
|
|t:|1758949938
|move|p2a: Latios|Luster Purge|p1a: Torkoal
|-damage|p1a: Torkoal|0 fnt
|faint|p1a: Torkoal
|
|-weather|SunnyDay|[upkeep]
|upkeep
|
|t:|1758949945
|switch|p1a: Walking Wake|Walking Wake|100/100
|-activate|p1a: Walking Wake|ability: Protosynthesis
|-start|p1a: Walking Wake|protosynthesisspe
|turn|2
|
|t:|1758949951
|-terastallize|p2a: Latios|Steel
|move|p1a: Walking Wake|Dragon Pulse|p2a: Latios
|-resisted|p2a: Latios
|-damage|p2a: Latios|69/100
|-damage|p1a: Walking Wake|91/100|[from] item: Life Orb
|move|p2a: Latios|Luster Purge|p1a: Walking Wake
|-damage|p1a: Walking Wake|0 fnt
|faint|p1a: Walking Wake
|-end|p1a: Walking Wake|Protosynthesis|[silent]
|
|-weather|SunnyDay|[upkeep]
|upkeep
|
|t:|1758949960
|switch|p1a: Charizard|Charizard, F|100/100
|turn|3
|
|t:|1758949962
|move|p2a: Latios|Luster Purge|p1a: Charizard
|-damage|p1a: Charizard|9/100
|-unboost|p1a: Charizard|spd|1
|move|p1a: Charizard|Flamethrower|p2a: Latios
|-supereffective|p2a: Latios
|-damage|p2a: Latios|0 fnt
|faint|p2a: Latios
|
|-weather|SunnyDay|[upkeep]
|-damage|p1a: Charizard|0 fnt|[from] ability: Solar Power|[of] p1a: Charizard
|faint|p1a: Charizard
|upkeep
|
|t:|1758949969
|switch|p2a: Pecharunt|Pecharunt|100/100
|switch|p1a: Great Tusk|Great Tusk|100/100
|-item|p2a: Pecharunt|Air Balloon
|-activate|p1a: Great Tusk|ability: Protosynthesis
|-start|p1a: Great Tusk|protosynthesisatk
|turn|4
|
|t:|1758949973
|move|p1a: Great Tusk|Knock Off|p2a: Pecharunt
|-supereffective|p2a: Pecharunt
|-damage|p2a: Pecharunt|44/100
|-enditem|p2a: Pecharunt|Air Balloon
|move|p2a: Pecharunt|Malignant Chain|p1a: Great Tusk
|-resisted|p1a: Great Tusk
|-damage|p1a: Great Tusk|77/100
|-status|p1a: Great Tusk|tox
|-start|p1a: Great Tusk|confusion|[from] ability: Poison Puppeteer|[of] p2a: Pecharunt
|
|-weather|SunnyDay|[upkeep]
|-damage|p1a: Great Tusk|71/100 tox|[from] psn
|upkeep
|turn|5
|
|t:|1758949978
|switch|p2a: Great Tusk|Great Tusk|100/100
|-activate|p2a: Great Tusk|ability: Protosynthesis
|-start|p2a: Great Tusk|protosynthesisatk
|-activate|p1a: Great Tusk|confusion
|-damage|p1a: Great Tusk|60/100 tox|[from] confusion
|
|-weather|SunnyDay|[upkeep]
|-damage|p1a: Great Tusk|47/100 tox|[from] psn
|upkeep
|turn|6
|
|t:|1758949983
|-end|p1a: Great Tusk|Protosynthesis|[silent]
|switch|p1a: Hatterene|Hatterene, F|100/100
|move|p2a: Great Tusk|Rapid Spin|p1a: Hatterene
|-damage|p1a: Hatterene|75/100
|-boost|p2a: Great Tusk|spe|1
|-enditem|p1a: Hatterene|Eject Button
|
|t:|1758949986
|switch|p1a: Lilligant|Lilligant-Hisui, F|100/100
|
|-weather|SunnyDay|[upkeep]
|upkeep
|turn|7
|
|t:|1758949990
|move|p1a: Lilligant|Victory Dance|p1a: Lilligant
|-boost|p1a: Lilligant|atk|1
|-boost|p1a: Lilligant|def|1
|-boost|p1a: Lilligant|spe|1
|move|p2a: Great Tusk|Ice Spinner|p1a: Lilligant
|-supereffective|p1a: Lilligant
|-damage|p1a: Lilligant|31/100
|
|-weather|SunnyDay|[upkeep]
|upkeep
|turn|8
|
|t:|1758949995
|move|p1a: Lilligant|Close Combat|p2a: Great Tusk
|-damage|p2a: Great Tusk|21/100
|-unboost|p1a: Lilligant|def|1
|-unboost|p1a: Lilligant|spd|1
|-damage|p1a: Lilligant|14/100|[from] item: Rocky Helmet|[of] p2a: Great Tusk
|-damage|p1a: Lilligant|4/100|[from] item: Life Orb
|move|p2a: Great Tusk|Ice Spinner|p1a: Lilligant
|-supereffective|p1a: Lilligant
|-damage|p1a: Lilligant|0 fnt
|faint|p1a: Lilligant
|
|-weather|none
|-end|p2a: Great Tusk|Protosynthesis
|upkeep
|
|t:|1758950002
|switch|p1a: Hatterene|Hatterene, F|75/100
|turn|9
|
|t:|1758950005
|move|p2a: Great Tusk|Headlong Rush|p1a: Hatterene
|-damage|p1a: Hatterene|3/100
|-unboost|p2a: Great Tusk|def|1
|-unboost|p2a: Great Tusk|spd|1
|move|p1a: Hatterene|Healing Wish|p1a: Hatterene
|faint|p1a: Hatterene
|
|upkeep
|
|t:|1758950008
|switch|p1a: Great Tusk|Great Tusk|47/100 tox
|-heal|p1a: Great Tusk|100/100|[from] move: Healing Wish
|turn|10
|
|t:|1758950010
|move|p2a: Great Tusk|Ice Spinner|p1a: Great Tusk
|-supereffective|p1a: Great Tusk
|-damage|p1a: Great Tusk|57/100
|move|p1a: Great Tusk|Headlong Rush|p2a: Great Tusk
|-damage|p2a: Great Tusk|0 fnt
|-unboost|p1a: Great Tusk|def|1
|-unboost|p1a: Great Tusk|spd|1
|-damage|p1a: Great Tusk|41/100|[from] item: Rocky Helmet|[of] p2a: Great Tusk
|faint|p2a: Great Tusk
|-end|p2a: Great Tusk|Protosynthesis|[silent]
|
|upkeep
|
|t:|1758950015
|switch|p2a: Pecharunt|Pecharunt|44/100
|turn|11
|
|t:|1758950017
|move|p1a: Great Tusk|Headlong Rush|p2a: Pecharunt
|-supereffective|p2a: Pecharunt
|-damage|p2a: Pecharunt|0 fnt
|-unboost|p1a: Great Tusk|def|1
|-unboost|p1a: Great Tusk|spd|1
|faint|p2a: Pecharunt
|
|upkeep
|
|t:|1758950022
|switch|p2a: Meowscarada|Meowscarada, M|100/100
|turn|12
|-message|afnkm forfeited.
|
|win|jpkeeks
|raw|afnkm's rating: 1520 &rarr; <strong>1498</strong><br />(-22 for losing)
|raw|jpkeeks's rating: 1484 &rarr; <strong>1506</strong><br />(+22 for winning)
|l|☆afnkm
|player|p1|
