|j|☆lerendezvous
|j|☆Auburn Hills
|t:|1758986567
|gametype|singles
|player|p1|lerendezvous|101|1724
|player|p2|Auburn Hills|alder|1706
|gen|9
|tier|[Gen 9] OU
|rated|
|rule|HP Percentage Mod: HP is shown in percentages
|rule|Endless Battle Clause: Forcing endless battles is banned
|rule|Species Clause: Limit one of each Pokémon
|rule|OHKO Clause: OHKO moves are banned
|rule|Evasion Items Clause: Evasion items are banned
|rule|Evasion Moves Clause: Evasion moves are banned
|rule|Evasion Abilities Clause: Evasion abilities are banned
|rule|Sleep Moves Clause: Sleep-inducing moves are banned
|clearpoke
|poke|p1|Ogerpon-Wellspring, F|
|poke|p1|Slowking-Galar, F|
|poke|p1|Great Tusk|
|poke|p1|Moltres|
|poke|p1|Dragapult, F|
|poke|p1|Kingambit, M|
|poke|p2|Iron Moth|
|poke|p2|Umbreon, M|
|poke|p2|Garchomp, F|
|poke|p2|Glimmora, F|
|poke|p2|Gholdengo|
|poke|p2|Dragonite, F|
|teampreview
|
|t:|1758986575
|teamsize|p1|6
|teamsize|p2|6
|start
|switch|p1a: Great Tusk|Great Tusk|100/100
|switch|p2a: Julia Jacklin|Glimmora, F|100/100
|turn|1
|inactive|Battle timer is ON: inactive players will automatically lose when time's up. (requested by lerendezvous)
|
|t:|1758986580
|move|p1a: Great Tusk|Headlong Rush|p2a: Julia Jacklin
|-supereffective|p2a: Julia Jacklin
|-enditem|p2a: Julia Jacklin|Focus Sash
|-damage|p2a: Julia Jacklin|1/100
|-unboost|p1a: Great Tusk|def|1
|-unboost|p1a: Great Tusk|spd|1
|-activate|p2a: Julia Jacklin|ability: Toxic Debris
|-sidestart|p1: lerendezvous|move: Toxic Spikes
|move|p2a: Julia Jacklin|Mortal Spin|p1a: Great Tusk
|-resisted|p1a: Great Tusk
|-damage|p1a: Great Tusk|98/100
|-status|p1a: Great Tusk|psn
|-damage|p2a: Julia Jacklin|0 fnt|[from] item: Rocky Helmet|[of] p1a: Great Tusk
|faint|p2a: Julia Jacklin
|
|-damage|p1a: Great Tusk|85/100 psn|[from] psn
|upkeep
|
|t:|1758986585
|switch|p2a: Smino|Gholdengo|100/100
|turn|2
|
|t:|1758986589
|-end|p1a: Great Tusk|Protosynthesis|[silent]
|switch|p1a: Slowking|Slowking-Galar, F|100/100
|-sideend|p1: lerendezvous|move: Toxic Spikes|[of] p1a: Slowking
|move|p2a: Smino|Shadow Ball|p1a: Slowking
|-supereffective|p1a: Slowking
|-damage|p1a: Slowking|60/100
|
|upkeep
|turn|3
|
|t:|1758986595
|move|p2a: Smino|Shadow Ball|p1a: Slowking
|-supereffective|p1a: Slowking
|-crit|p1a: Slowking
|-damage|p1a: Slowking|0 fnt
|faint|p1a: Slowking
|
|upkeep
|
|t:|1758986601
|switch|p1a: Ogerpon|Ogerpon-Wellspring, F|100/100
|turn|4
|
|t:|1758986605
|move|p2a: Smino|Shadow Ball|p1a: Ogerpon
|-damage|p1a: Ogerpon|54/100
|move|p1a: Ogerpon|Knock Off|p2a: Smino
|-supereffective|p2a: Smino
|-damage|p2a: Smino|25/100
|-enditem|p2a: Smino|Choice Scarf|[from] move: Knock Off|[of] p1a: Ogerpon
|
|upkeep
|turn|5
|
|t:|1758986612
|switch|p2a: Elucid|Dragonite, F|100/100
|move|p1a: Ogerpon|Knock Off|p2a: Elucid
|-damage|p2a: Elucid|79/100
|-enditem|p2a: Elucid|Heavy-Duty Boots|[from] move: Knock Off|[of] p1a: Ogerpon
|
|upkeep
|turn|6
|
|t:|1758986620
|move|p1a: Ogerpon|U-turn|p2a: Elucid
|-resisted|p2a: Elucid
|-damage|p2a: Elucid|65/100
|
|t:|1758986626
|switch|p1a: Moltres|Moltres|100/100|[from] U-turn
|move|p2a: Elucid|Ice Spinner|p1a: Moltres
|-damage|p1a: Moltres|81/100
|
|upkeep
|turn|7
|
|t:|1758986632
|switch|p2a: Smino|Gholdengo|25/100
|move|p1a: Moltres|U-turn|p2a: Smino
|-resisted|p2a: Smino
|-damage|p2a: Smino|21/100
|
|t:|1758986637
|switch|p1a: Dragapult|Dragapult, F|100/100|[from] U-turn
|
|upkeep
|turn|8
|
|t:|1758986641
|move|p1a: Dragapult|Dragon Darts|p2a: Smino
|-resisted|p2a: Smino
|-crit|p2a: Smino
|-damage|p2a: Smino|5/100
|-anim|p1a: Dragapult|Dragon Darts|p2a: Smino
|-resisted|p2a: Smino
|-damage|p2a: Smino|0 fnt
|faint|p2a: Smino
|
|upkeep
|
|t:|1758986645
|switch|p2a: Carly Rae|Iron Moth|100/100
|-enditem|p2a: Carly Rae|Booster Energy
|-activate|p2a: Carly Rae|ability: Quark Drive|[fromitem]
|-start|p2a: Carly Rae|quarkdrivespe
|turn|9
|
|t:|1758986650
|-terastallize|p2a: Carly Rae|Fairy
|move|p2a: Carly Rae|Fiery Dance|p1a: Dragapult
|-resisted|p1a: Dragapult
|-damage|p1a: Dragapult|70/100
|move|p1a: Dragapult|Dragon Darts|p2a: Carly Rae
|-immune|p2a: Carly Rae
|
|upkeep
|turn|10
|
|t:|1758986656
|move|p2a: Carly Rae|Fiery Dance|p1a: Dragapult
|-resisted|p1a: Dragapult
|-damage|p1a: Dragapult|41/100
|move|p1a: Dragapult|Dragon Darts|p2a: Carly Rae
|-immune|p2a: Carly Rae
|
|upkeep
|turn|11
|
|t:|1758986662
|move|p2a: Carly Rae|Fiery Dance|p1a: Dragapult
|-resisted|p1a: Dragapult
|-damage|p1a: Dragapult|9/100
|-boost|p2a: Carly Rae|spa|1
|move|p1a: Dragapult|Dragon Darts|p2a: Carly Rae
|-immune|p2a: Carly Rae
|
|upkeep
|turn|12
|
|t:|1758986668
|move|p2a: Carly Rae|Fiery Dance|p1a: Dragapult
|-resisted|p1a: Dragapult
|-damage|p1a: Dragapult|0 fnt
|faint|p1a: Dragapult
|
|upkeep
|
|t:|1758986673
|switch|p1a: Kingambit|Kingambit, M|100/100
|-activate|p1a: Kingambit|ability: Supreme Overlord
|-start|p1a: Kingambit|fallen2|[silent]
|turn|13
|
|t:|1758986678
|-terastallize|p1a: Kingambit|Ghost
|move|p1a: Kingambit|Sucker Punch|p2a: Carly Rae
|-resisted|p2a: Carly Rae
|-damage|p2a: Carly Rae|69/100
|move|p2a: Carly Rae|Fiery Dance|p1a: Kingambit
|-damage|p1a: Kingambit|34/100
|
|-heal|p1a: Kingambit|40/100|[from] item: Leftovers
|upkeep
|turn|14
|
|t:|1758986684
|-end|p1a: Kingambit|fallen2|[silent]
|switch|p1a: Moltres|Moltres|81/100
|move|p2a: Carly Rae|Fiery Dance|p1a: Moltres
|-resisted|p1a: Moltres
|-damage|p1a: Moltres|52/100
|
|upkeep
|turn|15
|
|t:|1758986689
|move|p2a: Carly Rae|Discharge|p1a: Moltres
|-supereffective|p1a: Moltres
|-damage|p1a: Moltres|0 fnt
|faint|p1a: Moltres
|
|upkeep
|
|t:|1758986694
|switch|p1a: Great Tusk|Great Tusk|85/100 psn
|turn|16
|c|☆Auburn Hills|why tera to not iron head
|
|t:|1758986701
|move|p2a: Carly Rae|Dazzling Gleam|p1a: Great Tusk
|-supereffective|p1a: Great Tusk
|-damage|p1a: Great Tusk|0 fnt
|faint|p1a: Great Tusk
|-end|p1a: Great Tusk|Protosynthesis|[silent]
|
|upkeep
|
|t:|1758986706
|switch|p1a: Kingambit|Kingambit, M, tera:Ghost|40/100
|-activate|p1a: Kingambit|ability: Supreme Overlord
|-start|p1a: Kingambit|fallen4|[silent]
|turn|17
|
|t:|1758986710
|move|p2a: Carly Rae|Fiery Dance|p1a: Kingambit
|-damage|p1a: Kingambit|0 fnt
|faint|p1a: Kingambit
|-end|p1a: Kingambit|fallen4|[silent]
|
|upkeep
|
|t:|1758986715
|switch|p1a: Ogerpon|Ogerpon-Wellspring, F|54/100
|turn|18
|
|t:|1758986718
|move|p2a: Carly Rae|Fiery Dance|p1a: Ogerpon
|-damage|p1a: Ogerpon|0 fnt
|faint|p1a: Ogerpon
|
|win|Auburn Hills
|raw|lerendezvous's rating: 1724 &rarr; <strong>1703</strong><br />(-21 for losing)
|raw|Auburn Hills's rating: 1706 &rarr; <strong>1727</strong><br />(+21 for winning)
