|j|☆gobblebot88
|j|☆cruisinjoelist
|t:|1759032122
|gametype|singles
|player|p1|gobblebot88|brock|1279
|player|p2|cruisinjoelist|1|1310
|gen|9
|tier|[Gen 9] OU
|rated|
|rule|HP Percentage Mod: HP is shown in percentages
|rule|Endless Battle Clause: Forcing endless battles is banned
|rule|Species Clause: Limit one of each Pokémon
|rule|OHKO Clause: OHKO moves are banned
|rule|Evasion Items Clause: Evasion items are banned
|rule|Evasion Moves Clause: Evasion moves are banned
|rule|Evasion Abilities Clause: Evasion abilities are banned
|rule|Sleep Moves Clause: Sleep-inducing moves are banned
|clearpoke
|poke|p1|Serperior, M|
|poke|p1|Glimmora, F|
|poke|p1|Scizor, F|
|poke|p1|Ursaluna, M|
|poke|p1|Moltres-Galar|
|poke|p1|Kyurem|
|poke|p2|Zapdos|
|poke|p2|Hydrapple, M|
|poke|p2|Zamazenta-*|
|poke|p2|Slowking-Galar, M|
|poke|p2|Tinkaton, F|
|poke|p2|Ting-Lu|
|teampreview
|inactive|Battle timer is ON: inactive players will automatically lose when time's up. (requested by cruisinjoelist)
|inactive|gobblebot88 also wants the timer to be on.
|
|t:|1759032132
|teamsize|p1|6
|teamsize|p2|6
|start
|switch|p1a: Magellan|Glimmora, F, shiny|100/100
|switch|p2a: Hydrapple|Hydrapple, M|100/100
|turn|1
|
|t:|1759032143
|move|p1a: Magellan|Stealth Rock|p2a: Hydrapple
|-sidestart|p2: cruisinjoelist|move: Stealth Rock
|move|p2a: Hydrapple|Earth Power|p1a: Magellan
|-supereffective|p1a: Magellan
|-enditem|p1a: Magellan|Focus Sash
|-damage|p1a: Magellan|1/100
|
|upkeep
|turn|2
|
|t:|1759032153
|-terastallize|p2a: Hydrapple|Steel
|move|p1a: Magellan|Mortal Spin|p2a: Hydrapple
|-immune|p2a: Hydrapple
|move|p2a: Hydrapple|Earth Power|p1a: Magellan
|-supereffective|p1a: Magellan
|-damage|p1a: Magellan|0 fnt
|faint|p1a: Magellan
|
|upkeep
|
|t:|1759032163
|switch|p1a: Kuma|Ursaluna, M, shiny|100/100
|turn|3
|
|t:|1759032168
|switch|p2a: Tinkaton|Tinkaton, F|100/100
|-damage|p2a: Tinkaton|94/100|[from] Stealth Rock
|-ability|p2a: Tinkaton|Mold Breaker
|-item|p2a: Tinkaton|Air Balloon
|-terastallize|p1a: Kuma|Normal
|move|p1a: Kuma|Swords Dance|p1a: Kuma
|-boost|p1a: Kuma|atk|2
|
|-status|p1a: Kuma|brn|[from] item: Flame Orb
|upkeep
|turn|4
|
|t:|1759032182
|move|p2a: Tinkaton|Encore|p1a: Kuma
|-start|p1a: Kuma|Encore
|move|p1a: Kuma|Swords Dance|p1a: Kuma
|-boost|p1a: Kuma|atk|2
|
|-damage|p1a: Kuma|94/100 brn|[from] brn
|upkeep
|turn|5
|
|t:|1759032192
|move|p2a: Tinkaton|Stealth Rock|p1a: Kuma
|-sidestart|p1: gobblebot88|move: Stealth Rock
|move|p1a: Kuma|Swords Dance|p1a: Kuma
|-boost|p1a: Kuma|atk|2
|
|-damage|p1a: Kuma|88/100 brn|[from] brn
|upkeep
|turn|6
|
|t:|1759032198
|move|p2a: Tinkaton|Gigaton Hammer|p1a: Kuma
|-damage|p1a: Kuma|53/100 brn
|move|p1a: Kuma|Swords Dance|p1a: Kuma
|-boost|p1a: Kuma|atk|0
|
|-damage|p1a: Kuma|47/100 brn|[from] brn
|-end|p1a: Kuma|Encore
|upkeep
|turn|7
|
|t:|1759032206
|move|p2a: Tinkaton|Encore|p1a: Kuma
|-start|p1a: Kuma|Encore
|move|p1a: Kuma|Swords Dance|p1a: Kuma
|-boost|p1a: Kuma|atk|0
|
|-damage|p1a: Kuma|41/100 brn|[from] brn
|upkeep
|turn|8
|
|t:|1759032208
|switch|p1a: Boa|Serperior, M, shiny|100/100
|-damage|p1a: Boa|88/100|[from] Stealth Rock
|move|p2a: Tinkaton|Gigaton Hammer|p1a: Boa
|-damage|p1a: Boa|34/100
|
|-heal|p1a: Boa|41/100|[from] item: Leftovers
|upkeep
|turn|9
|
|t:|1759032217
|move|p1a: Boa|Glare|p2a: Tinkaton
|-status|p2a: Tinkaton|par
|move|p2a: Tinkaton|Encore|p1a: Boa
|-start|p1a: Boa|Encore
|
|-heal|p1a: Boa|47/100|[from] item: Leftovers
|upkeep
|turn|10
|
|t:|1759032221
|switch|p1a: Kuma|Ursaluna, M, shiny, tera:Normal|41/100 brn
|-damage|p1a: Kuma|28/100 brn|[from] Stealth Rock
|cant|p2a: Tinkaton|par
|
|-damage|p1a: Kuma|22/100 brn|[from] brn
|upkeep
|turn|11
|
|t:|1759032233
|move|p1a: Kuma|Facade|p2a: Tinkaton
|-resisted|p2a: Tinkaton
|-damage|p2a: Tinkaton|0 fnt
|-enditem|p2a: Tinkaton|Air Balloon
|faint|p2a: Tinkaton
|
|-damage|p1a: Kuma|16/100 brn|[from] brn
|upkeep
|
|t:|1759032243
|switch|p2a: Zapdos|Zapdos|100/100
|turn|12
|
|t:|1759032248
|move|p2a: Zapdos|Volt Switch|p1a: Kuma
|-damage|p1a: Kuma|0 fnt
|faint|p1a: Kuma
|
|t:|1759032252
|switch|p2a: Hydrapple|Hydrapple, M, tera:Steel|100/100|[from] Volt Switch
|
|upkeep
|
|t:|1759032260
|switch|p1a: Kidd|Scizor, F, shiny|100/100
|-damage|p1a: Kidd|88/100|[from] Stealth Rock
|turn|13
|
|t:|1759032271
|switch|p2a: Zapdos|Zapdos|100/100
|move|p1a: Kidd|Swords Dance|p1a: Kidd
|-boost|p1a: Kidd|atk|2
|
|upkeep
|turn|14
|
|t:|1759032279
|move|p1a: Kidd|Bullet Punch|p2a: Zapdos
|-resisted|p2a: Zapdos
|-damage|p2a: Zapdos|56/100
|-damage|p1a: Kidd|78/100|[from] item: Life Orb
|move|p2a: Zapdos|Hurricane|p1a: Kidd
|-damage|p1a: Kidd|17/100
|
|upkeep
|turn|15
|
|t:|1759032290
|move|p1a: Kidd|Bullet Punch|p2a: Zapdos
|-resisted|p2a: Zapdos
|-damage|p2a: Zapdos|12/100
|-damage|p1a: Kidd|7/100|[from] item: Life Orb
|move|p2a: Zapdos|Roost|p2a: Zapdos
|-heal|p2a: Zapdos|62/100
|-singleturn|p2a: Zapdos|move: Roost
|
|upkeep
|turn|16
|
|t:|1759032298
|move|p2a: Zapdos|Roost|p2a: Zapdos
|-heal|p2a: Zapdos|100/100
|-singleturn|p2a: Zapdos|move: Roost
|move|p1a: Kidd|Close Combat|p2a: Zapdos
|-damage|p2a: Zapdos|0 fnt
|-unboost|p1a: Kidd|def|1
|-unboost|p1a: Kidd|spd|1
|faint|p2a: Zapdos
|-damage|p1a: Kidd|0 fnt|[from] item: Life Orb
|faint|p1a: Kidd
|
|upkeep
|
|t:|1759032321
|switch|p2a: Zamazenta|Zamazenta|100/100
|switch|p1a: Kaido|Kyurem|100/100
|-ability|p2a: Zamazenta|Dauntless Shield|boost
|-boost|p2a: Zamazenta|def|1
|-ability|p1a: Kaido|Pressure
|turn|17
|
|t:|1759032329
|move|p2a: Zamazenta|Close Combat|p1a: Kaido
|-supereffective|p1a: Kaido
|-damage|p1a: Kaido|0 fnt
|-unboost|p2a: Zamazenta|def|1
|-unboost|p2a: Zamazenta|spd|1
|faint|p1a: Kaido
|
|upkeep
|
|t:|1759032332
|switch|p1a: Marco|Moltres-Galar, shiny|100/100
|-damage|p1a: Marco|76/100|[from] Stealth Rock
|turn|18
|
|t:|1759032345
|move|p2a: Zamazenta|Stone Edge|p1a: Marco
|-supereffective|p1a: Marco
|-damage|p1a: Marco|0 fnt
|faint|p1a: Marco
|
|upkeep
|
|t:|1759032348
|switch|p1a: Boa|Serperior, M, shiny|47/100
|-damage|p1a: Boa|34/100|[from] Stealth Rock
|turn|19
|
|t:|1759032351
|move|p2a: Zamazenta|Close Combat|p1a: Boa
|-damage|p1a: Boa|0 fnt
|-unboost|p2a: Zamazenta|def|1
|-unboost|p2a: Zamazenta|spd|1
|faint|p1a: Boa
|
|win|cruisinjoelist
|raw|gobblebot88's rating: 1279 &rarr; <strong>1256</strong><br />(-23 for losing)
|raw|cruisinjoelist's rating: 1310 &rarr; <strong>1328</strong><br />(+18 for winning)
|l|☆cruisinjoelist
|player|p2|
|l|☆gobblebot88
|player|p1|
