|j|☆GraphLegion
|j|☆digiwayne003
|t:|1759033627
|gametype|singles
|player|p1|GraphLegion|266|1545
|player|p2|digiwayne003|beauty|1542
|gen|9
|tier|[Gen 9] OU
|rated|
|rule|HP Percentage Mod: HP is shown in percentages
|rule|Endless Battle Clause: Forcing endless battles is banned
|rule|Species Clause: Limit one of each Pokémon
|rule|OHKO Clause: OHKO moves are banned
|rule|Evasion Items Clause: Evasion items are banned
|rule|Evasion Moves Clause: Evasion moves are banned
|rule|Evasion Abilities Clause: Evasion abilities are banned
|rule|Sleep Moves Clause: Sleep-inducing moves are banned
|clearpoke
|poke|p1|Corviknight, M|
|poke|p1|Cinderace, M|
|poke|p1|Ogerpon-Wellspring, F|
|poke|p1|Kyurem|
|poke|p1|Pecharunt|
|poke|p1|Ting-Lu|
|poke|p2|Armarouge, F|
|poke|p2|Indeedee, M|
|poke|p2|Deoxys-Speed|
|poke|p2|Volcanion|
|poke|p2|Ting-Lu|
|poke|p2|Great Tusk|
|teampreview
|inactive|Battle timer is ON: inactive players will automatically lose when time's up. (requested by GraphLegion)
|
|t:|1759033643
|teamsize|p1|6
|teamsize|p2|6
|start
|switch|p1a: GetOffMySwamp|Ogerpon-Wellspring, F|100/100
|switch|p2a: Ting-Lu|Ting-Lu|100/100
|-ability|p2a: Ting-Lu|Vessel of Ruin
|turn|1
|
|t:|1759033647
|switch|p2a: Volcanion|Volcanion|100/100
|move|p1a: GetOffMySwamp|Ivy Cudgel|p2a: Volcanion|[anim] Ivy Cudgel Water
|-immune|p2a: Volcanion|[from] ability: Water Absorb
|
|upkeep
|turn|2
|
|t:|1759033651
|move|p1a: GetOffMySwamp|U-turn|p2a: Volcanion
|-resisted|p2a: Volcanion
|-damage|p2a: Volcanion|91/100
|
|t:|1759033655
|switch|p1a: BossMusic|Kyurem|100/100|[from] U-turn
|-ability|p1a: BossMusic|Pressure
|move|p2a: Volcanion|Flamethrower|p1a: BossMusic
|-damage|p1a: BossMusic|57/100
|
|-heal|p1a: BossMusic|64/100|[from] item: Leftovers
|upkeep
|turn|3
|
|t:|1759033663
|move|p1a: BossMusic|Freeze-Dry|p2a: Volcanion
|-damage|p2a: Volcanion|60/100
|move|p2a: Volcanion|Body Press|p1a: BossMusic
|-supereffective|p1a: BossMusic
|-damage|p1a: BossMusic|10/100
|
|-heal|p1a: BossMusic|16/100|[from] item: Leftovers
|upkeep
|turn|4
|
|t:|1759033669
|move|p1a: BossMusic|Earth Power|p2a: Volcanion
|-supereffective|p2a: Volcanion
|-damage|p2a: Volcanion|11/100
|move|p2a: Volcanion|Flamethrower|p1a: BossMusic
|-damage|p1a: BossMusic|0 fnt
|faint|p1a: BossMusic
|
|upkeep
|
|t:|1759033674
|switch|p1a: GetOffMySwamp|Ogerpon-Wellspring, F|100/100
|turn|5
|
|t:|1759033680
|move|p1a: GetOffMySwamp|Knock Off|p2a: Volcanion
|-damage|p2a: Volcanion|0 fnt
|-enditem|p2a: Volcanion|Assault Vest|[from] move: Knock Off|[of] p1a: GetOffMySwamp
|faint|p2a: Volcanion
|
|upkeep
|
|t:|1759033688
|switch|p2a: Indeedee|Indeedee, M|100/100
|-fieldstart|move: Psychic Terrain|[from] ability: Psychic Surge|[of] p2a: Indeedee
|turn|6
|
|t:|1759033694
|switch|p2a: Ting-Lu|Ting-Lu|100/100
|-ability|p2a: Ting-Lu|Vessel of Ruin
|move|p1a: GetOffMySwamp|U-turn|p2a: Ting-Lu
|-supereffective|p2a: Ting-Lu
|-damage|p2a: Ting-Lu|73/100
|
|t:|1759033704
|switch|p1a: Neymar|Cinderace, M|100/100|[from] U-turn
|
|-heal|p2a: Ting-Lu|79/100|[from] item: Leftovers
|upkeep
|turn|7
|
|t:|1759033708
|move|p1a: Neymar|U-turn|p2a: Ting-Lu
|-start|p1a: Neymar|typechange|Bug|[from] ability: Libero
|-supereffective|p2a: Ting-Lu
|-damage|p2a: Ting-Lu|45/100
|
|t:|1759033712
|switch|p1a: GetOffMySwamp|Ogerpon-Wellspring, F|100/100|[from] U-turn
|move|p2a: Ting-Lu|Earthquake|p1a: GetOffMySwamp
|-resisted|p1a: GetOffMySwamp
|-damage|p1a: GetOffMySwamp|75/100
|
|-heal|p2a: Ting-Lu|51/100|[from] item: Leftovers
|upkeep
|turn|8
|
|t:|1759033717
|move|p1a: GetOffMySwamp|Ivy Cudgel|p2a: Ting-Lu|[anim] Ivy Cudgel Water
|-supereffective|p2a: Ting-Lu
|-damage|p2a: Ting-Lu|0 fnt
|faint|p2a: Ting-Lu
|
|upkeep
|
|t:|1759033724
|switch|p2a: Armarouge|Armarouge, F|100/100
|turn|9
|
|t:|1759033728
|switch|p1a: Ting-Tong|Ting-Lu|100/100
|-ability|p1a: Ting-Tong|Vessel of Ruin
|move|p2a: Armarouge|Calm Mind|p2a: Armarouge
|-boost|p2a: Armarouge|spa|1
|-boost|p2a: Armarouge|spd|1
|
|upkeep
|turn|10
|
|t:|1759033735
|move|p2a: Armarouge|Armor Cannon|p1a: Ting-Tong
|-damage|p1a: Ting-Tong|61/100
|-unboost|p2a: Armarouge|def|1
|-unboost|p2a: Armarouge|spd|1
|move|p1a: Ting-Tong|Whirlwind|p2a: Armarouge
|drag|p2a: Indeedee|Indeedee, M|100/100
|
|-heal|p1a: Ting-Tong|67/100|[from] item: Leftovers
|upkeep
|turn|11
|
|t:|1759033751
|switch|p2a: Armarouge|Armarouge, F|100/100
|move|p1a: Ting-Tong|Earthquake|p2a: Armarouge
|-supereffective|p2a: Armarouge
|-damage|p2a: Armarouge|17/100
|-ability|p2a: Armarouge|Weak Armor|boost
|-unboost|p2a: Armarouge|def|1
|-boost|p2a: Armarouge|spe|2
|
|-heal|p1a: Ting-Tong|74/100|[from] item: Leftovers
|upkeep
|turn|12
|
|t:|1759033755
|move|p2a: Armarouge|Armor Cannon|p1a: Ting-Tong
|-damage|p1a: Ting-Tong|50/100
|-unboost|p2a: Armarouge|def|1
|-unboost|p2a: Armarouge|spd|1
|move|p1a: Ting-Tong|Earthquake|p2a: Armarouge
|-supereffective|p2a: Armarouge
|-damage|p2a: Armarouge|0 fnt
|faint|p2a: Armarouge
|
|-heal|p1a: Ting-Tong|56/100|[from] item: Leftovers
|upkeep
|
|t:|1759033760
|switch|p2a: Deoxys|Deoxys-Speed|100/100
|-ability|p2a: Deoxys|Pressure
|turn|13
|
|t:|1759033767
|move|p2a: Deoxys|Nasty Plot|p2a: Deoxys
|-boost|p2a: Deoxys|spa|2
|move|p1a: Ting-Tong|Whirlwind|p2a: Deoxys
|drag|p2a: Indeedee|Indeedee, M|100/100
|
|-heal|p1a: Ting-Tong|62/100|[from] item: Leftovers
|-fieldend|move: Psychic Terrain
|upkeep
|turn|14
|
|t:|1759033772
|switch|p2a: Great Tusk|Great Tusk|100/100
|-enditem|p2a: Great Tusk|Booster Energy
|-activate|p2a: Great Tusk|ability: Protosynthesis|[fromitem]
|-start|p2a: Great Tusk|protosynthesisspe
|move|p1a: Ting-Tong|Earthquake|p2a: Great Tusk
|-damage|p2a: Great Tusk|74/100
|
|-heal|p1a: Ting-Tong|68/100|[from] item: Leftovers
|upkeep
|turn|15
|
|t:|1759033776
|switch|p1a: Sir Bird III|Corviknight, M|100/100
|-ability|p1a: Sir Bird III|Pressure
|move|p2a: Great Tusk|Ice Spinner|p1a: Sir Bird III
|-damage|p1a: Sir Bird III|88/100
|-damage|p2a: Great Tusk|58/100|[from] item: Rocky Helmet|[of] p1a: Sir Bird III
|
|upkeep
|turn|16
|
|t:|1759033783
|move|p2a: Great Tusk|Bulk Up|p2a: Great Tusk
|-boost|p2a: Great Tusk|atk|1
|-boost|p2a: Great Tusk|def|1
|move|p1a: Sir Bird III|U-turn|p2a: Great Tusk
|-resisted|p2a: Great Tusk
|-damage|p2a: Great Tusk|55/100
|
|t:|1759033799
|switch|p1a: Yum Fruit|Pecharunt|100/100|[from] U-turn
|
|upkeep
|turn|17
|
|t:|1759033803
|-terastallize|p1a: Yum Fruit|Dark
|move|p2a: Great Tusk|Headlong Rush|p1a: Yum Fruit
|-damage|p1a: Yum Fruit|66/100
|-unboost|p2a: Great Tusk|def|1
|-unboost|p2a: Great Tusk|spd|1
|move|p1a: Yum Fruit|Malignant Chain|p2a: Great Tusk
|-resisted|p2a: Great Tusk
|-damage|p2a: Great Tusk|28/100
|
|upkeep
|turn|18
|
|t:|1759033816
|-end|p2a: Great Tusk|Protosynthesis|[silent]
|switch|p2a: Indeedee|Indeedee, M|100/100
|-fieldstart|move: Psychic Terrain|[from] ability: Psychic Surge|[of] p2a: Indeedee
|move|p1a: Yum Fruit|Malignant Chain|p2a: Indeedee
|-damage|p2a: Indeedee|60/100
|
|upkeep
|turn|19
|
|t:|1759033820
|switch|p1a: Sir Bird III|Corviknight, M|88/100
|-ability|p1a: Sir Bird III|Pressure
|move|p2a: Indeedee|Healing Wish|p2a: Indeedee
|faint|p2a: Indeedee
|
|upkeep
|
|t:|1759033826
|switch|p2a: Deoxys|Deoxys-Speed|100/100
|-ability|p2a: Deoxys|Pressure
|turn|20
|
|t:|1759033829
|move|p2a: Deoxys|Nasty Plot|p2a: Deoxys
|-boost|p2a: Deoxys|spa|2
|move|p1a: Sir Bird III|U-turn|p2a: Deoxys
|-supereffective|p2a: Deoxys
|-damage|p2a: Deoxys|54/100
|
|t:|1759033834
|switch|p1a: Ting-Tong|Ting-Lu|68/100|[from] U-turn
|-ability|p1a: Ting-Tong|Vessel of Ruin
|
|-heal|p1a: Ting-Tong|74/100|[from] item: Leftovers
|upkeep
|turn|21
|
|t:|1759033837
|move|p2a: Deoxys|Ice Beam|p1a: Ting-Tong
|-supereffective|p1a: Ting-Tong
|-crit|p1a: Ting-Tong
|-damage|p1a: Ting-Tong|8/100
|move|p1a: Ting-Tong|Earthquake|p2a: Deoxys
|-damage|p2a: Deoxys|0 fnt
|faint|p2a: Deoxys
|
|-heal|p1a: Ting-Tong|14/100|[from] item: Leftovers
|upkeep
|
|t:|1759033843
|switch|p2a: Great Tusk|Great Tusk|28/100
|-heal|p2a: Great Tusk|100/100|[from] move: Healing Wish
|turn|22
|
|t:|1759033847
|switch|p1a: Sir Bird III|Corviknight, M|88/100
|-ability|p1a: Sir Bird III|Pressure
|move|p2a: Great Tusk|Bulk Up|p2a: Great Tusk
|-boost|p2a: Great Tusk|atk|1
|-boost|p2a: Great Tusk|def|1
|
|upkeep
|turn|23
|
|t:|1759033855
|move|p2a: Great Tusk|Rapid Spin|p1a: Sir Bird III
|-resisted|p1a: Sir Bird III
|-damage|p1a: Sir Bird III|82/100
|-boost|p2a: Great Tusk|spe|1
|-damage|p2a: Great Tusk|84/100|[from] item: Rocky Helmet|[of] p1a: Sir Bird III
|move|p1a: Sir Bird III|U-turn|p2a: Great Tusk
|-resisted|p2a: Great Tusk
|-damage|p2a: Great Tusk|81/100
|
|t:|1759033858
|switch|p1a: Yum Fruit|Pecharunt, tera:Dark|66/100|[from] U-turn
|
|upkeep
|turn|24
|
|t:|1759033863
|move|p2a: Great Tusk|Bulk Up|p2a: Great Tusk
|-boost|p2a: Great Tusk|atk|1
|-boost|p2a: Great Tusk|def|1
|move|p1a: Yum Fruit|Malignant Chain|p2a: Great Tusk
|-resisted|p2a: Great Tusk
|-damage|p2a: Great Tusk|63/100
|-status|p2a: Great Tusk|tox
|-start|p2a: Great Tusk|confusion|[from] ability: Poison Puppeteer|[of] p1a: Yum Fruit
|
|-damage|p2a: Great Tusk|57/100 tox|[from] psn
|upkeep
|turn|25
|
|t:|1759033874
|-activate|p2a: Great Tusk|confusion
|move|p2a: Great Tusk|Bulk Up|p2a: Great Tusk
|-boost|p2a: Great Tusk|atk|1
|-boost|p2a: Great Tusk|def|1
|move|p1a: Yum Fruit|Foul Play|p2a: Great Tusk
|-resisted|p2a: Great Tusk
|-damage|p2a: Great Tusk|44/100 tox
|
|-damage|p2a: Great Tusk|32/100 tox|[from] psn
|-fieldend|move: Psychic Terrain
|upkeep
|turn|26
|-message|digiwayne003 forfeited.
|
|win|GraphLegion
|raw|GraphLegion's rating: 1545 &rarr; <strong>1565</strong><br />(+20 for winning)
|raw|digiwayne003's rating: 1542 &rarr; <strong>1522</strong><br />(-20 for losing)
|l|☆digiwayne003
|player|p2|
|l|☆GraphLegion
|player|p1|
