|j|☆nate_feli
|j|☆Metal belico
|t:|1759016194
|gametype|singles
|player|p1|nate_feli|drayden|1273
|player|p2|Metal belico|drayden|1256
|gen|9
|tier|[Gen 9] OU
|rated|
|rule|HP Percentage Mod: HP is shown in percentages
|rule|Endless Battle Clause: Forcing endless battles is banned
|rule|Species Clause: Limit one of each Pokémon
|rule|OHKO Clause: OHKO moves are banned
|rule|Evasion Items Clause: Evasion items are banned
|rule|Evasion Moves Clause: Evasion moves are banned
|rule|Evasion Abilities Clause: Evasion abilities are banned
|rule|Sleep Moves Clause: Sleep-inducing moves are banned
|clearpoke
|poke|p1|Ninetales, F|
|poke|p1|Ceruledge, M|
|poke|p1|Venusaur, M|
|poke|p1|Hatterene, F|
|poke|p1|Great Tusk|
|poke|p1|Walking Wake|
|poke|p2|Blastoise, M|
|poke|p2|Cinderace, M|
|poke|p2|Dragonite, F|
|poke|p2|Haxorus, F|
|poke|p2|Gallade, M|
|poke|p2|Bronzong|
|teampreview
|
|t:|1759016204
|teamsize|p1|6
|teamsize|p2|6
|start
|switch|p1a: Had a dream|Hatterene, F|100/100
|switch|p2a: Bronzong|Bronzong|100/100
|turn|1
|
|t:|1759016216
|switch|p2a: Cinderace|Cinderace, M|100/100
|move|p1a: Had a dream|Nuzzle|p2a: Cinderace
|-damage|p2a: Cinderace|95/100
|-status|p2a: Cinderace|par
|
|upkeep
|turn|2
|
|t:|1759016228
|move|p2a: Cinderace|Pyro Ball|p1a: Had a dream
|-damage|p1a: Had a dream|54/100
|-enditem|p1a: Had a dream|Eject Button
|
|t:|1759016235
|switch|p1a: Mozilla|Ninetales, F|100/100
|-weather|SunnyDay|[from] ability: Drought|[of] p1a: Mozilla
|
|-weather|SunnyDay|[upkeep]
|upkeep
|turn|3
|
|t:|1759016248
|switch|p1a: Water-Dragon|Walking Wake|100/100
|-activate|p1a: Water-Dragon|ability: Protosynthesis
|-start|p1a: Water-Dragon|protosynthesisspa
|move|p2a: Cinderace|U-turn|p1a: Water-Dragon
|-start|p2a: Cinderace|typechange|Bug|[from] ability: Libero
|-damage|p1a: Water-Dragon|62/100
|
|t:|1759016252
|switch|p2a: Dragonite|Dragonite, F|100/100|[from] U-turn
|
|-weather|SunnyDay|[upkeep]
|upkeep
|turn|4
|
|t:|1759016263
|-terastallize|p2a: Dragonite|Normal
|move|p2a: Dragonite|Extreme Speed|p1a: Water-Dragon
|-damage|p1a: Water-Dragon|0 fnt
|faint|p1a: Water-Dragon
|-end|p1a: Water-Dragon|Protosynthesis|[silent]
|
|-weather|SunnyDay|[upkeep]
|upkeep
|
|t:|1759016281
|switch|p1a: Johnny Blaze|Ceruledge, M|100/100
|turn|5
|
|t:|1759016294
|switch|p2a: Cinderace|Cinderace, M|95/100 par
|move|p1a: Johnny Blaze|Swords Dance|p1a: Johnny Blaze
|-boost|p1a: Johnny Blaze|atk|2
|
|-weather|SunnyDay|[upkeep]
|upkeep
|turn|6
|
|t:|1759016303
|move|p2a: Cinderace|Sucker Punch||[still]
|-fail|p2a: Cinderace
|move|p1a: Johnny Blaze|Swords Dance|p1a: Johnny Blaze
|-boost|p1a: Johnny Blaze|atk|2
|
|-weather|SunnyDay|[upkeep]
|upkeep
|turn|7
|
|t:|1759016317
|-terastallize|p1a: Johnny Blaze|Fairy
|move|p2a: Cinderace|Sucker Punch|p1a: Johnny Blaze
|-start|p2a: Cinderace|typechange|Dark|[from] ability: Libero
|-resisted|p1a: Johnny Blaze
|-damage|p1a: Johnny Blaze|79/100
|-ability|p1a: Johnny Blaze|Weak Armor|boost
|-unboost|p1a: Johnny Blaze|def|1
|-boost|p1a: Johnny Blaze|spe|2
|move|p1a: Johnny Blaze|Bitter Blade|p2a: Cinderace
|-damage|p2a: Cinderace|0 fnt
|-heal|p1a: Johnny Blaze|100/100|[from] drain|[of] p2a: Cinderace
|faint|p2a: Cinderace
|
|-weather|SunnyDay|[upkeep]
|upkeep
|
|t:|1759016324
|switch|p2a: Dragonite|Dragonite, F, tera:Normal|100/100
|turn|8
|
|t:|1759016332
|move|p2a: Dragonite|Extreme Speed|p1a: Johnny Blaze
|-enditem|p1a: Johnny Blaze|Focus Sash
|-damage|p1a: Johnny Blaze|1/100
|-ability|p1a: Johnny Blaze|Weak Armor|boost
|-unboost|p1a: Johnny Blaze|def|1
|-boost|p1a: Johnny Blaze|spe|2
|move|p1a: Johnny Blaze|Bitter Blade|p2a: Dragonite
|-damage|p2a: Dragonite|0 fnt
|-heal|p1a: Johnny Blaze|67/100|[from] drain|[of] p2a: Dragonite
|faint|p2a: Dragonite
|
|-weather|SunnyDay|[upkeep]
|upkeep
|-message|Metal belico forfeited.
|
|win|nate_feli
|raw|nate_feli's rating: 1273 &rarr; <strong>1297</strong><br />(+24 for winning)
|raw|Metal belico's rating: 1256 &rarr; <strong>1232</strong><br />(-24 for losing)
|l|☆Metal belico
|player|p2|
