|j|☆clouddaearth
|j|☆Griffin_MX
|t:|1759062582
|gametype|singles
|player|p1|clouddaearth|265|1292
|player|p2|Griffin_MX|iris-gen5bw2|1253
|gen|9
|tier|[Gen 9] OU
|rated|
|rule|HP Percentage Mod: HP is shown in percentages
|rule|Endless Battle Clause: Forcing endless battles is banned
|rule|Species Clause: Limit one of each Pokémon
|rule|OHKO Clause: OHKO moves are banned
|rule|Evasion Items Clause: Evasion items are banned
|rule|Evasion Moves Clause: Evasion moves are banned
|rule|Evasion Abilities Clause: Evasion abilities are banned
|rule|Sleep Moves Clause: Sleep-inducing moves are banned
|clearpoke
|poke|p1|Dragonite, M|
|poke|p1|Weavile, F|
|poke|p1|Gengar, M|
|poke|p1|Azumarill, F|
|poke|p1|Iron Treads|
|poke|p1|Blaziken, F|
|poke|p2|Mimikyu, F|
|poke|p2|Ambipom, M|
|poke|p2|Serperior, M|
|poke|p2|Moltres|
|poke|p2|Great Tusk|
|poke|p2|Goodra-Hisui, M|
|teampreview
|
|t:|1759062588
|teamsize|p1|6
|teamsize|p2|6
|start
|switch|p1a: Weavile|Weavile, F|100/100
|switch|p2a: Mimikyu|Mimikyu, F, shiny|100/100
|turn|1
|inactive|Battle timer is ON: inactive players will automatically lose when time's up. (requested by Griffin_MX)
|
|t:|1759062593
|move|p1a: Weavile|Knock Off|p2a: Mimikyu
|-activate|p2a: Mimikyu|ability: Disguise
|-damage|p2a: Mimikyu|100/100
|-enditem|p2a: Mimikyu|Red Card|[from] move: Knock Off|[of] p1a: Weavile
|detailschange|p2a: Mimikyu|Mimikyu-Busted, F, shiny
|-damage|p2a: Mimikyu|88/100|[from] pokemon: Mimikyu-Busted
|move|p2a: Mimikyu|Swords Dance|p2a: Mimikyu
|-boost|p2a: Mimikyu|atk|2
|
|upkeep
|turn|2
|
|t:|1759062603
|-terastallize|p2a: Mimikyu|Fighting
|move|p1a: Weavile|Triple Axel|p2a: Mimikyu
|-crit|p2a: Mimikyu
|-damage|p2a: Mimikyu|65/100
|-damage|p2a: Mimikyu|35/100
|-damage|p2a: Mimikyu|0 fnt
|faint|p2a: Mimikyu
|-hitcount|p2: Mimikyu|3
|
|upkeep
|
|t:|1759062612
|switch|p2a: Moltres|Moltres, shiny|100/100
|turn|3
|c|☆clouddaearth|Lmal
|
|t:|1759062628
|move|p1a: Weavile|Knock Off|p2a: Moltres
|-damage|p2a: Moltres|70/100
|-enditem|p2a: Moltres|Heavy-Duty Boots|[from] move: Knock Off|[of] p1a: Weavile
|move|p2a: Moltres|Will-O-Wisp|p1a: Weavile|[miss]
|-miss|p2a: Moltres|p1a: Weavile
|
|upkeep
|turn|4
|
|t:|1759062641
|switch|p1a: Gengar|Gengar, M|100/100
|move|p2a: Moltres|Will-O-Wisp|p1a: Gengar
|-status|p1a: Gengar|brn
|
|-damage|p1a: Gengar|94/100 brn|[from] brn
|upkeep
|turn|5
|
|t:|1759062656
|switch|p2a: Goodra|Goodra-Hisui, M|100/100
|move|p1a: Gengar|Encore||[still]
|-fail|p1a: Gengar
|
|-damage|p1a: Gengar|88/100 brn|[from] brn
|upkeep
|turn|6
|
|t:|1759062679
|switch|p1a: Iron Treads|Iron Treads|100/100
|-enditem|p1a: Iron Treads|Booster Energy
|-activate|p1a: Iron Treads|ability: Quark Drive|[fromitem]
|-start|p1a: Iron Treads|quarkdrivespe
|switch|p2a: Serperior|Serperior, M, shiny|100/100
|
|upkeep
|turn|7
|
|t:|1759062689
|move|p1a: Iron Treads|Iron Head|p2a: Serperior
|-damage|p2a: Serperior|66/100
|move|p2a: Serperior|Glare|p1a: Iron Treads
|-status|p1a: Iron Treads|par
|
|-heal|p2a: Serperior|73/100|[from] item: Leftovers
|upkeep
|turn|8
|
|t:|1759062697
|move|p2a: Serperior|Substitute|p2a: Serperior
|-start|p2a: Serperior|Substitute
|-damage|p2a: Serperior|48/100
|move|p1a: Iron Treads|Volt Switch|p2a: Serperior
|-resisted|p2a: Serperior
|-activate|p2a: Serperior|move: Substitute|[damage]
|
|t:|1759062708
|-end|p1a: Iron Treads|Quark Drive|[silent]
|switch|p1a: Weavile|Weavile, F|100/100|[from] Volt Switch
|
|-heal|p2a: Serperior|54/100|[from] item: Leftovers
|upkeep
|turn|9
|
|t:|1759062715
|move|p1a: Weavile|Knock Off|p2a: Serperior
|-end|p2a: Serperior|Substitute
|move|p2a: Serperior|Glare|p1a: Weavile
|-status|p1a: Weavile|par
|
|-heal|p2a: Serperior|60/100|[from] item: Leftovers
|upkeep
|turn|10
|
|t:|1759062719
|move|p1a: Weavile|Ice Shard|p2a: Serperior
|-supereffective|p2a: Serperior
|-damage|p2a: Serperior|22/100
|move|p2a: Serperior|Substitute|p2a: Serperior
|-fail|p2a: Serperior|move: Substitute|[weak]
|
|-heal|p2a: Serperior|29/100|[from] item: Leftovers
|upkeep
|turn|11
|
|t:|1759062731
|switch|p2a: Moltres|Moltres, shiny|70/100
|switch|p1a: Gengar|Gengar, M|88/100 brn
|
|-damage|p1a: Gengar|82/100 brn|[from] brn
|upkeep
|turn|12
|
|t:|1759062744
|switch|p1a: Dragonite|Dragonite, M|100/100
|move|p2a: Moltres|Roost|p2a: Moltres
|-heal|p2a: Moltres|100/100
|-singleturn|p2a: Moltres|move: Roost
|
|upkeep
|turn|13
|
|t:|1759062750
|move|p1a: Dragonite|Dragon Dance|p1a: Dragonite
|-boost|p1a: Dragonite|atk|1
|-boost|p1a: Dragonite|spe|1
|move|p2a: Moltres|Will-O-Wisp|p1a: Dragonite
|-status|p1a: Dragonite|brn
|-enditem|p1a: Dragonite|Lum Berry|[eat]
|-curestatus|p1a: Dragonite|brn|[msg]
|
|upkeep
|turn|14
|
|t:|1759062760
|-terastallize|p1a: Dragonite|Normal
|move|p1a: Dragonite|Extreme Speed|p2a: Moltres
|-damage|p2a: Moltres|49/100
|move|p2a: Moltres|Will-O-Wisp|p1a: Dragonite
|-status|p1a: Dragonite|brn
|
|-damage|p1a: Dragonite|94/100 brn|[from] brn
|upkeep
|turn|15
|
|t:|1759062768
|move|p1a: Dragonite|Dragon Dance|p1a: Dragonite
|-boost|p1a: Dragonite|atk|1
|-boost|p1a: Dragonite|spe|1
|move|p2a: Moltres|Roost|p2a: Moltres
|-heal|p2a: Moltres|99/100
|-singleturn|p2a: Moltres|move: Roost
|
|-damage|p1a: Dragonite|88/100 brn|[from] brn
|upkeep
|turn|16
|
|t:|1759062778
|move|p1a: Dragonite|Dragon Dance|p1a: Dragonite
|-boost|p1a: Dragonite|atk|1
|-boost|p1a: Dragonite|spe|1
|move|p2a: Moltres|Flamethrower|p1a: Dragonite
|-damage|p1a: Dragonite|52/100 brn
|
|-damage|p1a: Dragonite|45/100 brn|[from] brn
|upkeep
|turn|17
|
|t:|1759062781
|move|p1a: Dragonite|Dragon Dance|p1a: Dragonite
|-boost|p1a: Dragonite|atk|1
|-boost|p1a: Dragonite|spe|1
|move|p2a: Moltres|Flamethrower|p1a: Dragonite
|-damage|p1a: Dragonite|5/100 brn
|
|-damage|p1a: Dragonite|0 fnt|[from] brn
|faint|p1a: Dragonite
|upkeep
|
|t:|1759062788
|switch|p1a: Gengar|Gengar, M|82/100 brn
|turn|18
|
|t:|1759062803
|move|p1a: Gengar|Thunderbolt|p2a: Moltres
|-supereffective|p2a: Moltres
|-damage|p2a: Moltres|40/100
|-status|p2a: Moltres|par
|move|p2a: Moltres|Flamethrower|p1a: Gengar
|-damage|p1a: Gengar|15/100 brn
|
|-damage|p1a: Gengar|9/100 brn|[from] brn
|upkeep
|turn|19
|
|t:|1759062814
|switch|p1a: Azumarill|Azumarill, F|100/100
|move|p2a: Moltres|Flamethrower|p1a: Azumarill
|-resisted|p1a: Azumarill
|-damage|p1a: Azumarill|80/100
|
|upkeep
|turn|20
|
|t:|1759062819
|move|p1a: Azumarill|Aqua Jet|p2a: Moltres
|-supereffective|p2a: Moltres
|-damage|p2a: Moltres|4/100 par
|move|p2a: Moltres|Will-O-Wisp|p1a: Azumarill
|-status|p1a: Azumarill|brn
|
|-damage|p1a: Azumarill|74/100 brn|[from] brn
|upkeep
|turn|21
|
|t:|1759062828
|move|p1a: Azumarill|Aqua Jet|p2a: Moltres
|-supereffective|p2a: Moltres
|-damage|p2a: Moltres|0 fnt
|faint|p2a: Moltres
|
|-damage|p1a: Azumarill|68/100 brn|[from] brn
|upkeep
|c|☆clouddaearth|Moltres a beast
|
|t:|1759062835
|switch|p2a: Ambipom|Ambipom, M, shiny|100/100
|turn|22
|c|☆clouddaearth|Fr
|
|t:|1759062839
|move|p2a: Ambipom|Fake Out|p1a: Azumarill
|-damage|p1a: Azumarill|35/100 brn
|-enditem|p1a: Azumarill|Sitrus Berry|[eat]
|-heal|p1a: Azumarill|60/100 brn|[from] item: Sitrus Berry
|cant|p1a: Azumarill|flinch
|
|-damage|p1a: Azumarill|53/100 brn|[from] brn
|upkeep
|turn|23
|
|t:|1759062846
|move|p2a: Ambipom|Double Hit|p1a: Azumarill
|-damage|p1a: Azumarill|22/100 brn
|-damage|p1a: Azumarill|0 fnt
|faint|p1a: Azumarill
|-hitcount|p1: Azumarill|2
|
|upkeep
|
|t:|1759062855
|switch|p1a: Blaziken|Blaziken, F|100/100
|turn|24
|
|t:|1759062863
|switch|p2a: Great Tusk|Great Tusk|100/100
|move|p1a: Blaziken|Close Combat|p2a: Great Tusk
|-crit|p2a: Great Tusk
|-damage|p2a: Great Tusk|25/100
|-unboost|p1a: Blaziken|def|1
|-unboost|p1a: Blaziken|spd|1
|-damage|p1a: Blaziken|91/100|[from] item: Life Orb
|
|-ability|p1a: Blaziken|Speed Boost|boost
|-boost|p1a: Blaziken|spe|1
|upkeep
|turn|25
|
|t:|1759062874
|move|p1a: Blaziken|Protect|p1a: Blaziken
|-singleturn|p1a: Blaziken|Protect
|move|p2a: Great Tusk|Headlong Rush|p1a: Blaziken
|-activate|p1a: Blaziken|move: Protect
|
|-ability|p1a: Blaziken|Speed Boost|boost
|-boost|p1a: Blaziken|spe|1
|upkeep
|turn|26
|
|t:|1759062885
|move|p1a: Blaziken|Close Combat|p2a: Great Tusk
|-damage|p2a: Great Tusk|0 fnt
|-unboost|p1a: Blaziken|def|1
|-unboost|p1a: Blaziken|spd|1
|faint|p2a: Great Tusk
|-end|p2a: Great Tusk|Protosynthesis|[silent]
|-damage|p1a: Blaziken|81/100|[from] item: Life Orb
|
|-ability|p1a: Blaziken|Speed Boost|boost
|-boost|p1a: Blaziken|spe|1
|upkeep
|
|t:|1759062891
|switch|p2a: Ambipom|Ambipom, M, shiny|100/100
|turn|27
|
|t:|1759062894
|move|p1a: Blaziken|Protect|p1a: Blaziken
|-singleturn|p1a: Blaziken|Protect
|move|p2a: Ambipom|Fake Out|p1a: Blaziken
|-activate|p1a: Blaziken|move: Protect
|
|-ability|p1a: Blaziken|Speed Boost|boost
|-boost|p1a: Blaziken|spe|1
|upkeep
|turn|28
|
|t:|1759062902
|move|p1a: Blaziken|Close Combat|p2a: Ambipom
|-supereffective|p2a: Ambipom
|-damage|p2a: Ambipom|0 fnt
|-unboost|p1a: Blaziken|def|1
|-unboost|p1a: Blaziken|spd|1
|faint|p2a: Ambipom
|-damage|p1a: Blaziken|71/100|[from] item: Life Orb
|
|-ability|p1a: Blaziken|Speed Boost|boost
|-boost|p1a: Blaziken|spe|1
|upkeep
|
|t:|1759062907
|switch|p2a: Serperior|Serperior, M, shiny|29/100
|turn|29
|
|t:|1759062912
|move|p1a: Blaziken|Close Combat|p2a: Serperior
|-damage|p2a: Serperior|0 fnt
|-unboost|p1a: Blaziken|def|1
|-unboost|p1a: Blaziken|spd|1
|faint|p2a: Serperior
|-damage|p1a: Blaziken|61/100|[from] item: Life Orb
|
|-ability|p1a: Blaziken|Speed Boost|boost
|-boost|p1a: Blaziken|spe|1
|upkeep
|
|t:|1759062915
|switch|p2a: Goodra|Goodra-Hisui, M|100/100
|turn|30
|
|t:|1759062921
|move|p1a: Blaziken|Close Combat|p2a: Goodra
|-supereffective|p2a: Goodra
|-damage|p2a: Goodra|0 fnt
|-unboost|p1a: Blaziken|def|1
|-unboost|p1a: Blaziken|spd|1
|faint|p2a: Goodra
|-damage|p1a: Blaziken|51/100|[from] item: Life Orb
|
|win|clouddaearth
|raw|clouddaearth's rating: 1292 &rarr; <strong>1314</strong><br />(+22 for winning)
|raw|Griffin_MX's rating: 1253 &rarr; <strong>1231</strong><br />(-22 for losing)
|c|☆clouddaearth|Gg
|c|☆Griffin_MX|菜的一笔，也不知道在装什么
|l|☆Griffin_MX
|player|p2|
