|j|☆wiggilydiggily
|j|☆vghhjg
|t:|1758918987
|gametype|singles
|player|p1|wiggilydiggily|1|1594
|player|p2|vghhjg|2|1541
|gen|9
|tier|[Gen 9] OU
|rated|
|rule|HP Percentage Mod: HP is shown in percentages
|rule|Endless Battle Clause: Forcing endless battles is banned
|rule|Species Clause: Limit one of each Pokémon
|rule|OHKO Clause: OHKO moves are banned
|rule|Evasion Items Clause: Evasion items are banned
|rule|Evasion Moves Clause: Evasion moves are banned
|rule|Evasion Abilities Clause: Evasion abilities are banned
|rule|Sleep Moves Clause: Sleep-inducing moves are banned
|clearpoke
|poke|p1|Zamazenta-*|
|poke|p1|Pecharunt|
|poke|p1|Tyranitar, F|
|poke|p1|Corviknight, M|
|poke|p1|Excadrill, F|
|poke|p1|Hydrapple, M|
|poke|p2|Gholdengo|
|poke|p2|Ribombee, F|
|poke|p2|Dragonite, M|
|poke|p2|Comfey, F|
|poke|p2|Primarina, M|
|poke|p2|Scrafty, M|
|teampreview
|inactive|Battle timer is ON: inactive players will automatically lose when time's up. (requested by vghhjg)
|
|t:|1758919016
|teamsize|p1|6
|teamsize|p2|6
|start
|switch|p1a: Zamazenta|Zamazenta|100/100
|switch|p2a: Ribombee|Ribombee, F|100/100
|-ability|p1a: Zamazenta|Dauntless Shield|boost
|-boost|p1a: Zamazenta|def|1
|turn|1
|
|t:|1758919021
|move|p1a: Zamazenta|Heavy Slam|p2a: Ribombee
|-supereffective|p2a: Ribombee
|-enditem|p2a: Ribombee|Focus Sash
|-damage|p2a: Ribombee|1/100
|-damage|p1a: Zamazenta|91/100|[from] item: Life Orb
|move|p2a: Ribombee|Stun Spore|p1a: Zamazenta|[miss]
|-miss|p2a: Ribombee|p1a: Zamazenta
|
|upkeep
|turn|2
|
|t:|1758919028
|switch|p2a: Scrafty|Scrafty, M|100/100
|move|p1a: Zamazenta|Crunch|p2a: Scrafty
|-resisted|p2a: Scrafty
|-damage|p2a: Scrafty|92/100
|-damage|p1a: Zamazenta|81/100|[from] item: Life Orb
|
|upkeep
|turn|3
|
|t:|1758919043
|move|p1a: Zamazenta|Close Combat|p2a: Scrafty
|-supereffective|p2a: Scrafty
|-damage|p2a: Scrafty|0 fnt
|-unboost|p1a: Zamazenta|def|1
|-unboost|p1a: Zamazenta|spd|1
|faint|p2a: Scrafty
|-damage|p1a: Zamazenta|71/100|[from] item: Life Orb
|
|upkeep
|
|t:|1758919047
|switch|p2a: Comfey|Comfey, F|100/100
|turn|4
|
|t:|1758919054
|switch|p1a: Pecharunt|Pecharunt|100/100
|-item|p1a: Pecharunt|Air Balloon
|-terastallize|p2a: Comfey|Ground
|move|p2a: Comfey|Calm Mind|p2a: Comfey
|-boost|p2a: Comfey|spa|1
|-boost|p2a: Comfey|spd|1
|
|upkeep
|turn|5
|
|t:|1758919065
|move|p2a: Comfey|Draining Kiss|p1a: Pecharunt
|-resisted|p1a: Pecharunt
|-damage|p1a: Pecharunt|81/100
|-enditem|p1a: Pecharunt|Air Balloon
|-damage|p2a: Comfey|91/100|[from] item: Life Orb
|move|p1a: Pecharunt|Malignant Chain|p2a: Comfey
|-resisted|p2a: Comfey
|-damage|p2a: Comfey|80/100
|
|upkeep
|turn|6
|inactive|vghhjg has 120 seconds left.
|
|t:|1758919098
|move|p2a: Comfey|Tera Blast|p1a: Pecharunt|[anim] Tera Blast Ground
|-supereffective|p1a: Pecharunt
|-damage|p1a: Pecharunt|0 fnt
|faint|p1a: Pecharunt
|-damage|p2a: Comfey|70/100|[from] item: Life Orb
|
|upkeep
|
|t:|1758919101
|switch|p1a: Hydrapple|Hydrapple, M|100/100
|turn|7
|
|t:|1758919107
|-terastallize|p1a: Hydrapple|Poison
|move|p2a: Comfey|Draining Kiss|p1a: Hydrapple
|-resisted|p1a: Hydrapple
|-damage|p1a: Hydrapple|78/100
|-heal|p2a: Comfey|91/100|[from] drain|[of] p1a: Hydrapple
|-damage|p2a: Comfey|81/100|[from] item: Life Orb
|move|p1a: Hydrapple|Leaf Storm|p2a: Comfey
|-supereffective|p2a: Comfey
|-damage|p2a: Comfey|0 fnt
|-unboost|p1a: Hydrapple|spa|2
|faint|p2a: Comfey
|-damage|p1a: Hydrapple|68/100|[from] item: Life Orb
|
|upkeep
|
|t:|1758919110
|switch|p2a: Ribombee|Ribombee, F|1/100
|turn|8
|
|t:|1758919132
|switch|p1a: Zamazenta|Zamazenta|71/100
|move|p2a: Ribombee|Sticky Web|p1a: Zamazenta
|-sidestart|p1: wiggilydiggily|move: Sticky Web
|
|upkeep
|turn|9
|
|t:|1758919139
|move|p1a: Zamazenta|Heavy Slam|p2a: Ribombee
|-supereffective|p2a: Ribombee
|-damage|p2a: Ribombee|0 fnt
|faint|p2a: Ribombee
|-damage|p1a: Zamazenta|61/100|[from] item: Life Orb
|
|upkeep
|
|t:|1758919147
|switch|p2a: Primarina|Primarina, M|100/100
|turn|10
|
|t:|1758919171
|move|p1a: Zamazenta|Heavy Slam|p2a: Primarina
|-damage|p2a: Primarina|43/100
|-damage|p1a: Zamazenta|51/100|[from] item: Life Orb
|move|p2a: Primarina|Moonblast|p1a: Zamazenta
|-supereffective|p1a: Zamazenta
|-damage|p1a: Zamazenta|0 fnt
|faint|p1a: Zamazenta
|
|-heal|p2a: Primarina|49/100|[from] item: Leftovers
|upkeep
|inactive|wiggilydiggily has 120 seconds left.
|
|t:|1758919194
|switch|p1a: Hydrapple|Hydrapple, M, tera:Poison|100/100
|-activate|p1a: Hydrapple|move: Sticky Web
|-unboost|p1a: Hydrapple|spe|1
|turn|11
|inactive|wiggilydiggily has 120 seconds left.
|
|t:|1758919204
|move|p2a: Primarina|Substitute|p2a: Primarina
|-start|p2a: Primarina|Substitute
|-damage|p2a: Primarina|24/100
|move|p1a: Hydrapple|Leaf Storm|p2a: Primarina
|-supereffective|p2a: Primarina
|-end|p2a: Primarina|Substitute
|-unboost|p1a: Hydrapple|spa|2
|-damage|p1a: Hydrapple|91/100|[from] item: Life Orb
|
|-heal|p2a: Primarina|30/100|[from] item: Leftovers
|upkeep
|turn|12
|
|t:|1758919218
|move|p2a: Primarina|Substitute|p2a: Primarina
|-start|p2a: Primarina|Substitute
|-damage|p2a: Primarina|5/100
|move|p1a: Hydrapple|Leaf Storm|p2a: Primarina
|-supereffective|p2a: Primarina
|-end|p2a: Primarina|Substitute
|-unboost|p1a: Hydrapple|spa|2
|-damage|p1a: Hydrapple|81/100|[from] item: Life Orb
|
|-heal|p2a: Primarina|11/100|[from] item: Leftovers
|upkeep
|turn|13
|
|t:|1758919227
|switch|p1a: Corviknight|Corviknight, M|100/100
|-ability|p1a: Corviknight|Pressure
|move|p2a: Primarina|Surf|p1a: Corviknight
|-damage|p1a: Corviknight|33/100
|
|-heal|p2a: Primarina|17/100|[from] item: Leftovers
|upkeep
|turn|14
|inactive|vghhjg has 120 seconds left.
|
|t:|1758919268
|move|p2a: Primarina|Surf|p1a: Corviknight
|-damage|p1a: Corviknight|0 fnt
|faint|p1a: Corviknight
|
|-heal|p2a: Primarina|23/100|[from] item: Leftovers
|upkeep
|inactive|wiggilydiggily has 120 seconds left.
|
|t:|1758919292
|switch|p1a: Hydrapple|Hydrapple, M, tera:Poison|100/100
|-activate|p1a: Hydrapple|move: Sticky Web
|-unboost|p1a: Hydrapple|spe|1
|turn|15
|inactive|vghhjg has 120 seconds left.
|
|t:|1758919300
|move|p2a: Primarina|Surf|p1a: Hydrapple
|-damage|p1a: Hydrapple|23/100
|move|p1a: Hydrapple|Earth Power|p2a: Primarina
|-crit|p2a: Primarina
|-damage|p2a: Primarina|0 fnt
|faint|p2a: Primarina
|-damage|p1a: Hydrapple|13/100|[from] item: Life Orb
|
|upkeep
|inactive|vghhjg has 120 seconds left.
|
|t:|1758919306
|switch|p2a: Dragonite|Dragonite, M|100/100
|turn|16
|
|t:|1758919309
|move|p2a: Dragonite|Encore|p1a: Hydrapple
|-start|p1a: Hydrapple|Encore
|move|p1a: Hydrapple|Earth Power|p2a: Dragonite
|-immune|p2a: Dragonite
|
|upkeep
|turn|17
|
|t:|1758919325
|switch|p1a: Tyranitar|Tyranitar, F|100/100
|-activate|p1a: Tyranitar|move: Sticky Web
|-unboost|p1a: Tyranitar|spe|1
|-weather|Sandstorm|[from] ability: Sand Stream|[of] p1a: Tyranitar
|move|p2a: Dragonite|Dragon Dance|p2a: Dragonite
|-boost|p2a: Dragonite|atk|1
|-boost|p2a: Dragonite|spe|1
|
|-weather|Sandstorm|[upkeep]
|-damage|p2a: Dragonite|94/100|[from] Sandstorm
|upkeep
|turn|18
|
|t:|1758919328
|move|p2a: Dragonite|Earthquake|p1a: Tyranitar
|-supereffective|p1a: Tyranitar
|-damage|p1a: Tyranitar|0 fnt
|faint|p1a: Tyranitar
|
|-weather|Sandstorm|[upkeep]
|-damage|p2a: Dragonite|88/100|[from] Sandstorm
|upkeep
|
|t:|1758919331
|switch|p1a: Excadrill|Excadrill, F|100/100
|-activate|p1a: Excadrill|move: Sticky Web
|-unboost|p1a: Excadrill|spe|1
|turn|19
|
|t:|1758919341
|move|p2a: Dragonite|Earthquake|p1a: Excadrill
|-supereffective|p1a: Excadrill
|-damage|p1a: Excadrill|0 fnt
|faint|p1a: Excadrill
|
|-weather|Sandstorm|[upkeep]
|-damage|p2a: Dragonite|82/100|[from] Sandstorm
|upkeep
|
|t:|1758919344
|switch|p1a: Hydrapple|Hydrapple, M, tera:Poison|46/100
|-activate|p1a: Hydrapple|move: Sticky Web
|-unboost|p1a: Hydrapple|spe|1
|turn|20
|
|t:|1758919349
|move|p2a: Dragonite|Earthquake|p1a: Hydrapple
|-supereffective|p1a: Hydrapple
|-damage|p1a: Hydrapple|0 fnt
|faint|p1a: Hydrapple
|
|win|vghhjg
|raw|wiggilydiggily's rating: 1594 &rarr; <strong>1571</strong><br />(-23 for losing)
|raw|vghhjg's rating: 1538 &rarr; <strong>1561</strong><br />(+23 for winning)
|l|☆vghhjg
|player|p2|
|l|☆wiggilydiggily
|player|p1|
