|j|☆Hyundai sim pour
|j|☆xernn_
|t:|1759008885
|gametype|singles
|player|p1|Hyundai sim pour|170|1251
|player|p2|xernn_|cynthia|1264
|gen|9
|tier|[Gen 9] OU
|rated|
|rule|HP Percentage Mod: HP is shown in percentages
|rule|Endless Battle Clause: Forcing endless battles is banned
|rule|Species Clause: Limit one of each Pokémon
|rule|OHKO Clause: OHKO moves are banned
|rule|Evasion Items Clause: Evasion items are banned
|rule|Evasion Moves Clause: Evasion moves are banned
|rule|Evasion Abilities Clause: Evasion abilities are banned
|rule|Sleep Moves Clause: Sleep-inducing moves are banned
|clearpoke
|poke|p1|Garganacl, M|
|poke|p1|Dragapult, F|
|poke|p1|Great Tusk|
|poke|p1|Corviknight, M|
|poke|p1|Tyranitar, F|
|poke|p1|Kingambit, M|
|poke|p2|Arcanine-Hisui, F|
|poke|p2|Glastrier|
|poke|p2|Hatterene, F|
|poke|p2|Cinderace, F|
|poke|p2|Sawsbuck-Autumn, M|
|poke|p2|Brambleghast, M|
|teampreview
|inactive|Battle timer is ON: inactive players will automatically lose when time's up. (requested by xernn_)
|
|t:|1759008896
|teamsize|p1|6
|teamsize|p2|6
|start
|switch|p1a: Tyranitar|Tyranitar, F|100/100
|switch|p2a: Glastrier|Glastrier|100/100
|-weather|Sandstorm|[from] ability: Sand Stream|[of] p1a: Tyranitar
|turn|1
|
|t:|1759008904
|move|p1a: Tyranitar|Brick Break|p2a: Glastrier
|-supereffective|p2a: Glastrier
|-damage|p2a: Glastrier|64/100
|move|p2a: Glastrier|Close Combat|p1a: Tyranitar
|-supereffective|p1a: Tyranitar
|-damage|p1a: Tyranitar|0 fnt
|-unboost|p2a: Glastrier|def|1
|-unboost|p2a: Glastrier|spd|1
|faint|p1a: Tyranitar
|-ability|p2a: Glastrier|Chilling Neigh|boost
|-boost|p2a: Glastrier|atk|1
|
|-weather|Sandstorm|[upkeep]
|-damage|p2a: Glastrier|58/100|[from] Sandstorm
|upkeep
|
|t:|1759008917
|switch|p1a: Dragapult|Dragapult, F|100/100
|turn|2
|
|t:|1759008934
|move|p1a: Dragapult|Flamethrower|p2a: Glastrier
|-supereffective|p2a: Glastrier
|-damage|p2a: Glastrier|0 fnt
|faint|p2a: Glastrier
|
|-weather|Sandstorm|[upkeep]
|-damage|p1a: Dragapult|95/100|[from] Sandstorm
|upkeep
|
|t:|1759008946
|switch|p2a: Hatterene|Hatterene, F|100/100
|turn|3
|
|t:|1759008952
|switch|p1a: Great Tusk|Great Tusk|100/100
|move|p2a: Hatterene|Calm Mind|p2a: Hatterene
|-boost|p2a: Hatterene|spa|1
|-boost|p2a: Hatterene|spd|1
|
|-weather|Sandstorm|[upkeep]
|-damage|p2a: Hatterene|94/100|[from] Sandstorm
|-heal|p2a: Hatterene|100/100|[from] item: Leftovers
|upkeep
|turn|4
|
|t:|1759008963
|move|p1a: Great Tusk|Headlong Rush|p2a: Hatterene
|-damage|p2a: Hatterene|26/100
|-unboost|p1a: Great Tusk|def|1
|-unboost|p1a: Great Tusk|spd|1
|move|p2a: Hatterene|Trick Room|p2a: Hatterene
|-fieldstart|move: Trick Room|[of] p2a: Hatterene
|
|-weather|Sandstorm|[upkeep]
|-damage|p2a: Hatterene|20/100|[from] Sandstorm
|-heal|p2a: Hatterene|26/100|[from] item: Leftovers
|upkeep
|turn|5
|
|t:|1759008973
|move|p2a: Hatterene|Draining Kiss|p1a: Great Tusk
|-supereffective|p1a: Great Tusk
|-damage|p1a: Great Tusk|0 fnt
|-heal|p2a: Hatterene|100/100|[from] drain|[of] p1a: Great Tusk
|faint|p1a: Great Tusk
|-end|p1a: Great Tusk|Protosynthesis|[silent]
|
|-weather|none
|upkeep
|
|t:|1759008981
|switch|p1a: Kingambit|Kingambit, M|100/100
|-activate|p1a: Kingambit|ability: Supreme Overlord
|-start|p1a: Kingambit|fallen2|[silent]
|turn|6
|
|t:|1759008986
|move|p2a: Hatterene|Draining Kiss|p1a: Kingambit
|-damage|p1a: Kingambit|58/100
|move|p1a: Kingambit|Iron Head|p2a: Hatterene
|-supereffective|p2a: Hatterene
|-damage|p2a: Hatterene|0 fnt
|faint|p2a: Hatterene
|
|-heal|p1a: Kingambit|64/100|[from] item: Leftovers
|upkeep
|
|t:|1759008999
|switch|p2a: Cinderace|Cinderace, F|100/100
|turn|7
|
|t:|1759009003
|move|p1a: Kingambit|Iron Head|p2a: Cinderace
|-resisted|p2a: Cinderace
|-damage|p2a: Cinderace|63/100
|move|p2a: Cinderace|Will-O-Wisp|p1a: Kingambit|[miss]
|-miss|p2a: Cinderace|p1a: Kingambit
|
|-heal|p1a: Kingambit|70/100|[from] item: Leftovers
|upkeep
|turn|8
|
|t:|1759009015
|move|p1a: Kingambit|Sucker Punch|p2a: Cinderace
|-damage|p2a: Cinderace|0 fnt
|faint|p2a: Cinderace
|
|-heal|p1a: Kingambit|76/100|[from] item: Leftovers
|-fieldend|move: Trick Room
|upkeep
|
|t:|1759009027
|switch|p2a: Arcanine|Arcanine-Hisui, F|100/100
|turn|9
|
|t:|1759009032
|-end|p1a: Kingambit|fallen2|[silent]
|switch|p1a: Garganacl|Garganacl, M|100/100
|move|p2a: Arcanine|Flare Blitz|p1a: Garganacl
|-resisted|p1a: Garganacl
|-damage|p1a: Garganacl|77/100
|
|-heal|p1a: Garganacl|83/100|[from] item: Leftovers
|upkeep
|turn|10
|
|t:|1759009041
|switch|p2a: Brambleghast|Brambleghast, M|100/100
|move|p1a: Garganacl|Salt Cure|p2a: Brambleghast
|-damage|p2a: Brambleghast|73/100
|-start|p2a: Brambleghast|Salt Cure
|
|-heal|p1a: Garganacl|89/100|[from] item: Leftovers
|-damage|p2a: Brambleghast|60/100|[from] Salt Cure
|upkeep
|turn|11
|
|t:|1759009053
|move|p2a: Brambleghast|Spikes|p1a: Garganacl
|-sidestart|p1: Hyundai sim pour|Spikes
|move|p1a: Garganacl|Iron Defense|p1a: Garganacl
|-boost|p1a: Garganacl|def|2
|
|-heal|p1a: Garganacl|96/100|[from] item: Leftovers
|-damage|p2a: Brambleghast|48/100|[from] Salt Cure
|upkeep
|turn|12
|
|t:|1759009062
|move|p2a: Brambleghast|Power Whip|p1a: Garganacl
|-supereffective|p1a: Garganacl
|-damage|p1a: Garganacl|66/100
|move|p1a: Garganacl|Iron Defense|p1a: Garganacl
|-boost|p1a: Garganacl|def|2
|
|-heal|p1a: Garganacl|72/100|[from] item: Leftovers
|-damage|p2a: Brambleghast|36/100|[from] Salt Cure
|upkeep
|turn|13
|
|t:|1759009072
|move|p2a: Brambleghast|Spikes|p1a: Garganacl
|-sidestart|p1: Hyundai sim pour|Spikes
|move|p1a: Garganacl|Salt Cure|p2a: Brambleghast
|-damage|p2a: Brambleghast|9/100
|
|-heal|p1a: Garganacl|78/100|[from] item: Leftovers
|-damage|p2a: Brambleghast|0 fnt|[from] Salt Cure
|faint|p2a: Brambleghast
|upkeep
|
|t:|1759009081
|switch|p2a: Sawsbuck|Sawsbuck-Autumn, M|100/100
|turn|14
|
|t:|1759009085
|move|p2a: Sawsbuck|Swords Dance|p2a: Sawsbuck
|-boost|p2a: Sawsbuck|atk|2
|move|p1a: Garganacl|Body Press|p2a: Sawsbuck
|-supereffective|p2a: Sawsbuck
|-damage|p2a: Sawsbuck|0 fnt
|faint|p2a: Sawsbuck
|
|-heal|p1a: Garganacl|84/100|[from] item: Leftovers
|upkeep
|
|t:|1759009089
|switch|p2a: Arcanine|Arcanine-Hisui, F|100/100
|turn|15
|
|t:|1759009097
|move|p2a: Arcanine|Head Smash|p1a: Garganacl
|-damage|p1a: Garganacl|65/100
|move|p1a: Garganacl|Body Press|p2a: Arcanine
|-supereffective|p2a: Arcanine
|-damage|p2a: Arcanine|0 fnt
|faint|p2a: Arcanine
|
|win|Hyundai sim pour
|raw|Hyundai sim pour's rating: 1251 &rarr; <strong>1277</strong><br />(+26 for winning)
|raw|xernn_'s rating: 1264 &rarr; <strong>1238</strong><br />(-26 for losing)
|l|☆xernn_
|player|p2|
|l|☆Hyundai sim pour
|player|p1|
