|j|☆kyoujic
|j|☆gardenGnostic
|t:|1759011248
|gametype|singles
|player|p1|kyoujic|169|1558
|player|p2|gardenGnostic|1|1551
|gen|9
|tier|[Gen 9] OU
|rated|
|rule|HP Percentage Mod: HP is shown in percentages
|rule|Endless Battle Clause: Forcing endless battles is banned
|rule|Species Clause: Limit one of each Pokémon
|rule|OHKO Clause: OHKO moves are banned
|rule|Evasion Items Clause: Evasion items are banned
|rule|Evasion Moves Clause: Evasion moves are banned
|rule|Evasion Abilities Clause: Evasion abilities are banned
|rule|Sleep Moves Clause: Sleep-inducing moves are banned
|clearpoke
|poke|p1|Glimmora, F|
|poke|p1|Ogerpon-Wellspring, F|
|poke|p1|Hatterene, F|
|poke|p1|Iron Moth|
|poke|p1|Dragonite, F|
|poke|p1|Kingambit, F|
|poke|p2|Hatterene, F|
|poke|p2|Ninetales-Alola, M|
|poke|p2|Jirachi|
|poke|p2|Moltres-Galar|
|poke|p2|Glimmora, M|
|poke|p2|Kyurem|
|teampreview
|
|t:|1759011255
|teamsize|p1|6
|teamsize|p2|6
|start
|switch|p1a: Kingambit|Kingambit, F|100/100
|switch|p2a: Jirachi|Jirachi|100/100
|turn|1
|
|t:|1759011259
|switch|p2a: Ninetales|Ninetales-Alola, M|100/100
|-weather|Snowscape|[from] ability: Snow Warning|[of] p2a: Ninetales
|move|p1a: Kingambit|Kowtow Cleave|p2a: Ninetales
|-resisted|p2a: Ninetales
|-damage|p2a: Ninetales|76/100
|
|-weather|Snowscape|[upkeep]
|upkeep
|turn|2
|
|t:|1759011261
|move|p2a: Ninetales|Aurora Veil|p2a: Ninetales
|-sidestart|p2: gardenGnostic|move: Aurora Veil
|move|p1a: Kingambit|Swords Dance|p1a: Kingambit
|-boost|p1a: Kingambit|atk|2
|
|-weather|Snowscape|[upkeep]
|upkeep
|turn|3
|
|t:|1759011263
|move|p2a: Ninetales|Encore|p1a: Kingambit
|-start|p1a: Kingambit|Encore
|move|p1a: Kingambit|Swords Dance|p1a: Kingambit
|-boost|p1a: Kingambit|atk|2
|
|-weather|Snowscape|[upkeep]
|upkeep
|turn|4
|
|t:|1759011276
|switch|p2a: Jirachi|Jirachi|100/100
|-end|p1a: Kingambit|fallenundefined|[silent]
|switch|p1a: Glimmora|Glimmora, F|100/100
|
|-weather|Snowscape|[upkeep]
|upkeep
|turn|5
|
|t:|1759011281
|move|p2a: Jirachi|Iron Head|p1a: Glimmora
|-supereffective|p1a: Glimmora
|-damage|p1a: Glimmora|11/100
|-activate|p1a: Glimmora|ability: Toxic Debris
|-sidestart|p2: gardenGnostic|move: Toxic Spikes
|cant|p1a: Glimmora|flinch
|
|-weather|none
|upkeep
|turn|6
|
|t:|1759011284
|move|p2a: Jirachi|Iron Head|p1a: Glimmora
|-supereffective|p1a: Glimmora
|-damage|p1a: Glimmora|0 fnt
|-activate|p1a: Glimmora|ability: Toxic Debris
|-sidestart|p2: gardenGnostic|move: Toxic Spikes
|faint|p1a: Glimmora
|
|upkeep
|
|t:|1759011288
|switch|p1a: Kingambit|Kingambit, F|100/100
|-activate|p1a: Kingambit|ability: Supreme Overlord
|-start|p1a: Kingambit|fallen1|[silent]
|turn|7
|
|t:|1759011293
|switch|p2a: Glimmora|Glimmora, M|100/100
|-sideend|p2: gardenGnostic|move: Toxic Spikes|[of] p2a: Glimmora
|move|p1a: Kingambit|Kowtow Cleave|p2a: Glimmora
|-damage|p2a: Glimmora|63/100
|-activate|p2a: Glimmora|ability: Toxic Debris
|-sidestart|p1: kyoujic|move: Toxic Spikes
|
|upkeep
|turn|8
|
|t:|1759011296
|move|p2a: Glimmora|Stealth Rock|p1a: Kingambit
|-sidestart|p1: kyoujic|move: Stealth Rock
|move|p1a: Kingambit|Swords Dance|p1a: Kingambit
|-boost|p1a: Kingambit|atk|2
|
|upkeep
|turn|9
|
|t:|1759011299
|move|p2a: Glimmora|Earth Power|p1a: Kingambit
|-supereffective|p1a: Kingambit
|-damage|p1a: Kingambit|31/100
|move|p1a: Kingambit|Iron Head|p2a: Glimmora
|-supereffective|p2a: Glimmora
|-damage|p2a: Glimmora|0 fnt
|-activate|p2a: Glimmora|ability: Toxic Debris
|-sidestart|p1: kyoujic|move: Toxic Spikes
|faint|p2a: Glimmora
|
|-sideend|p2: gardenGnostic|move: Aurora Veil
|upkeep
|
|t:|1759011302
|switch|p2a: Ninetales|Ninetales-Alola, M|76/100
|-weather|Snowscape|[from] ability: Snow Warning|[of] p2a: Ninetales
|turn|10
|
|t:|1759011304
|move|p2a: Ninetales|Aurora Veil|p2a: Ninetales
|-sidestart|p2: gardenGnostic|move: Aurora Veil
|move|p1a: Kingambit|Iron Head|p2a: Ninetales
|-supereffective|p2a: Ninetales
|-damage|p2a: Ninetales|0 fnt
|faint|p2a: Ninetales
|
|-weather|Snowscape|[upkeep]
|upkeep
|
|t:|1759011311
|switch|p2a: Kyurem|Kyurem|100/100
|-ability|p2a: Kyurem|Pressure
|turn|11
|
|t:|1759011313
|move|p2a: Kyurem|Earth Power|p1a: Kingambit
|-supereffective|p1a: Kingambit
|-damage|p1a: Kingambit|0 fnt
|faint|p1a: Kingambit
|-end|p1a: Kingambit|fallen1|[silent]
|
|-weather|Snowscape|[upkeep]
|upkeep
|
|t:|1759011317
|switch|p1a: Iron Moth|Iron Moth|100/100
|-sideend|p1: kyoujic|move: Toxic Spikes|[of] p1a: Iron Moth
|-damage|p1a: Iron Moth|76/100|[from] Stealth Rock
|-enditem|p1a: Iron Moth|Booster Energy
|-activate|p1a: Iron Moth|ability: Quark Drive|[fromitem]
|-start|p1a: Iron Moth|quarkdrivespe
|turn|12
|
|t:|1759011322
|-terastallize|p1a: Iron Moth|Fairy
|move|p1a: Iron Moth|Substitute|p1a: Iron Moth
|-start|p1a: Iron Moth|Substitute
|-damage|p1a: Iron Moth|51/100
|move|p2a: Kyurem|Dragon Dance|p2a: Kyurem
|-boost|p2a: Kyurem|atk|1
|-boost|p2a: Kyurem|spe|1
|
|-weather|Snowscape|[upkeep]
|upkeep
|turn|13
|
|t:|1759011327
|move|p1a: Iron Moth|Dazzling Gleam|p2a: Kyurem
|-supereffective|p2a: Kyurem
|-damage|p2a: Kyurem|65/100
|move|p2a: Kyurem|Icicle Spear|p1a: Iron Moth
|-activate|p1a: Iron Moth|move: Substitute|[damage]
|-end|p1a: Iron Moth|Substitute
|-damage|p1a: Iron Moth|24/100
|-damage|p1a: Iron Moth|0 fnt
|faint|p1a: Iron Moth
|-end|p1a: Iron Moth|Quark Drive|[silent]
|-hitcount|p1: Iron Moth|4
|
|-weather|Snowscape|[upkeep]
|upkeep
|
|t:|1759011330
|switch|p1a: The Witch|Hatterene, F|100/100
|-damage|p1a: The Witch|88/100|[from] Stealth Rock
|turn|14
|
|t:|1759011332
|-terastallize|p2a: Kyurem|Ice
|move|p2a: Kyurem|Icicle Spear|p1a: The Witch
|-damage|p1a: The Witch|70/100
|-damage|p1a: The Witch|49/100
|-damage|p1a: The Witch|27/100
|-damage|p1a: The Witch|5/100
|-damage|p1a: The Witch|0 fnt
|faint|p1a: The Witch
|-hitcount|p1: The Witch|5
|
|-weather|none
|upkeep
|
|t:|1759011336
|switch|p1a: Ogerpon|Ogerpon-Wellspring, F|100/100
|-damage|p1a: Ogerpon|88/100|[from] Stealth Rock
|turn|15
|-message|kyoujic forfeited.
|
|win|gardenGnostic
|raw|kyoujic's rating: 1558 &rarr; <strong>1538</strong><br />(-20 for losing)
|raw|gardenGnostic's rating: 1551 &rarr; <strong>1571</strong><br />(+20 for winning)
|l|☆kyoujic
|player|p1|
|l|☆gardenGnostic
|player|p2|
