|j|☆jibreel69
|j|☆Ruben2345
|t:|1759068308
|gametype|singles
|player|p1|jibreel69|265|1507
|player|p2|Ruben2345|iris-gen5bw2|1493
|gen|9
|tier|[Gen 9] OU
|rated|
|rule|HP Percentage Mod: HP is shown in percentages
|rule|Endless Battle Clause: Forcing endless battles is banned
|rule|Species Clause: Limit one of each Pokémon
|rule|OHKO Clause: OHKO moves are banned
|rule|Evasion Items Clause: Evasion items are banned
|rule|Evasion Moves Clause: Evasion moves are banned
|rule|Evasion Abilities Clause: Evasion abilities are banned
|rule|Sleep Moves Clause: Sleep-inducing moves are banned
|clearpoke
|poke|p1|Kyurem|
|poke|p1|Ting-Lu|
|poke|p1|Corviknight, M|
|poke|p1|Weezing-Galar, M|
|poke|p1|Zamazenta-*|
|poke|p1|Toxapex, M|
|poke|p2|Ogerpon-Wellspring, F|
|poke|p2|Kingambit, F|
|poke|p2|Landorus-Therian, M|
|poke|p2|Glimmora, M|
|poke|p2|Dragapult, F|
|poke|p2|Iron Valiant|
|teampreview
|inactive|Battle timer is ON: inactive players will automatically lose when time's up. (requested by Ruben2345)
|
|t:|1759068327
|teamsize|p1|6
|teamsize|p2|6
|start
|switch|p1a: Kyotaro|Kyurem, shiny|100/100
|switch|p2a: Glimmora|Glimmora, M|100/100
|-ability|p1a: Kyotaro|Pressure
|turn|1
|inactive|Ruben2345 has 120 seconds left.
|
|t:|1759068361
|move|p1a: Kyotaro|Substitute|p1a: Kyotaro
|-start|p1a: Kyotaro|Substitute
|-damage|p1a: Kyotaro|76/100
|move|p2a: Glimmora|Meteor Beam||[still]
|-prepare|p2a: Glimmora|Meteor Beam
|-boost|p2a: Glimmora|spa|1
|-enditem|p2a: Glimmora|Power Herb
|-anim|p2a: Glimmora|Meteor Beam|p1a: Kyotaro
|-supereffective|p1a: Kyotaro
|-end|p1a: Kyotaro|Substitute
|
|-heal|p1a: Kyotaro|82/100|[from] item: Leftovers
|upkeep
|turn|2
|inactive|Ruben2345 has 120 seconds left.
|
|t:|1759068371
|move|p1a: Kyotaro|Earth Power|p2a: Glimmora
|-supereffective|p2a: Glimmora
|-damage|p2a: Glimmora|0 fnt
|faint|p2a: Glimmora
|
|-heal|p1a: Kyotaro|88/100|[from] item: Leftovers
|upkeep
|inactive|Ruben2345 has 120 seconds left.
|
|t:|1759068398
|switch|p2a: Iron Valiant|Iron Valiant|100/100
|-enditem|p2a: Iron Valiant|Booster Energy
|-activate|p2a: Iron Valiant|ability: Quark Drive|[fromitem]
|-start|p2a: Iron Valiant|quarkdrivespe
|turn|3
|
|t:|1759068417
|switch|p1a: Serpentine|Toxapex, M, shiny|100/100
|move|p2a: Iron Valiant|Swords Dance|p2a: Iron Valiant
|-boost|p2a: Iron Valiant|atk|2
|
|upkeep
|turn|4
|
|t:|1759068428
|move|p2a: Iron Valiant|Knock Off|p1a: Serpentine
|-damage|p1a: Serpentine|50/100
|-enditem|p1a: Serpentine|Assault Vest|[from] move: Knock Off|[of] p2a: Iron Valiant
|move|p1a: Serpentine|Sludge Bomb|p2a: Iron Valiant
|-supereffective|p2a: Iron Valiant
|-damage|p2a: Iron Valiant|4/100
|-status|p2a: Iron Valiant|psn
|
|-damage|p2a: Iron Valiant|0 fnt|[from] psn
|faint|p2a: Iron Valiant
|-end|p2a: Iron Valiant|Quark Drive|[silent]
|upkeep
|c|☆jibreel69|mb
|
|t:|1759068443
|switch|p2a: Landorus|Landorus-Therian, M|100/100
|-ability|p2a: Landorus|Intimidate|boost
|-unboost|p1a: Serpentine|atk|1
|turn|5
|
|t:|1759068448
|switch|p1a: Yami|Corviknight, M, shiny|100/100
|-ability|p1a: Yami|Pressure
|move|p2a: Landorus|Stealth Rock|p1a: Yami
|-sidestart|p1: jibreel69|move: Stealth Rock
|
|upkeep
|turn|6
|
|t:|1759068454
|move|p2a: Landorus|Taunt|p1a: Yami
|-start|p1a: Yami|move: Taunt
|move|p1a: Yami|U-turn|p2a: Landorus
|-resisted|p2a: Landorus
|-damage|p2a: Landorus|94/100
|-damage|p1a: Yami|84/100|[from] item: Rocky Helmet|[of] p2a: Landorus
|
|t:|1759068459
|switch|p1a: Kyotaro|Kyurem, shiny|88/100|[from] U-turn
|-damage|p1a: Kyotaro|63/100|[from] Stealth Rock
|-ability|p1a: Kyotaro|Pressure
|
|-heal|p1a: Kyotaro|69/100|[from] item: Leftovers
|upkeep
|turn|7
|
|t:|1759068473
|move|p1a: Kyotaro|Substitute|p1a: Kyotaro
|-start|p1a: Kyotaro|Substitute
|-damage|p1a: Kyotaro|44/100
|move|p2a: Landorus|U-turn|p1a: Kyotaro
|-activate|p1a: Kyotaro|move: Substitute|[damage]
|inactive|Ruben2345 has 120 seconds left.
|
|t:|1759068503
|switch|p2a: Dragapult|Dragapult, F|100/100|[from] U-turn
|
|-heal|p1a: Kyotaro|50/100|[from] item: Leftovers
|upkeep
|turn|8
|inactive|Ruben2345 has 120 seconds left.
|
|t:|1759068522
|move|p1a: Kyotaro|Protect|p1a: Kyotaro
|-singleturn|p1a: Kyotaro|Protect
|move|p2a: Dragapult|U-turn|p1a: Kyotaro
|-activate|p1a: Kyotaro|move: Protect
|
|-heal|p1a: Kyotaro|57/100|[from] item: Leftovers
|upkeep
|turn|9
|
|t:|1759068531
|move|p2a: Dragapult|U-turn|p1a: Kyotaro
|-end|p1a: Kyotaro|Substitute
|
|t:|1759068536
|switch|p2a: Kingambit|Kingambit, F|100/100|[from] U-turn
|-activate|p2a: Kingambit|ability: Supreme Overlord
|-start|p2a: Kingambit|fallen2|[silent]
|move|p1a: Kyotaro|Freeze-Dry|p2a: Kingambit
|-resisted|p2a: Kingambit
|-damage|p2a: Kingambit|83/100
|
|-heal|p1a: Kyotaro|63/100|[from] item: Leftovers
|-heal|p2a: Kingambit|90/100|[from] item: Leftovers
|upkeep
|turn|10
|inactive|Ruben2345 has 120 seconds left.
|
|t:|1759068556
|switch|p1a: Yami|Corviknight, M, shiny|84/100
|-damage|p1a: Yami|72/100|[from] Stealth Rock
|-ability|p1a: Yami|Pressure
|move|p2a: Kingambit|Kowtow Cleave|p1a: Yami
|-damage|p1a: Yami|38/100
|-damage|p2a: Kingambit|73/100|[from] item: Rocky Helmet|[of] p1a: Yami
|
|-heal|p2a: Kingambit|79/100|[from] item: Leftovers
|upkeep
|turn|11
|
|t:|1759068569
|-end|p2a: Kingambit|fallen2|[silent]
|switch|p2a: Dragapult|Dragapult, F|100/100
|move|p1a: Yami|Roost|p1a: Yami
|-heal|p1a: Yami|88/100
|-singleturn|p1a: Yami|move: Roost
|
|upkeep
|turn|12
|
|t:|1759068596
|move|p2a: Dragapult|Shadow Ball|p1a: Yami
|-damage|p1a: Yami|36/100
|move|p1a: Yami|U-turn|p2a: Dragapult
|-resisted|p2a: Dragapult
|-damage|p2a: Dragapult|91/100
|
|t:|1759068601
|switch|p1a: Goliath|Ting-Lu|100/100|[from] U-turn
|-damage|p1a: Goliath|94/100|[from] Stealth Rock
|-ability|p1a: Goliath|Vessel of Ruin
|
|-heal|p1a: Goliath|100/100|[from] item: Leftovers
|upkeep
|turn|13
|
|t:|1759068614
|switch|p2a: Ogerpon|Ogerpon-Wellspring, F|100/100
|move|p1a: Goliath|Ruination|p2a: Ogerpon
|-damage|p2a: Ogerpon|51/100
|
|upkeep
|turn|14
|inactive|Ruben2345 has 90 seconds left.
|
|t:|1759068638
|switch|p1a: Serpentine|Toxapex, M, shiny|84/100
|-damage|p1a: Serpentine|71/100|[from] Stealth Rock
|move|p2a: Ogerpon|Ivy Cudgel|p1a: Serpentine|[anim] Ivy Cudgel Water
|-resisted|p1a: Serpentine
|-crit|p1a: Serpentine
|-damage|p1a: Serpentine|36/100
|
|upkeep
|turn|15
|inactive|Ruben2345 has 90 seconds left.
|
|t:|1759068655
|switch|p2a: Kingambit|Kingambit, F|79/100
|-activate|p2a: Kingambit|ability: Supreme Overlord
|-start|p2a: Kingambit|fallen2|[silent]
|switch|p1a: Yami|Corviknight, M, shiny|36/100
|-damage|p1a: Yami|23/100|[from] Stealth Rock
|-ability|p1a: Yami|Pressure
|
|-heal|p2a: Kingambit|86/100|[from] item: Leftovers
|upkeep
|turn|16
|inactive|Ruben2345 has 90 seconds left.
|
|t:|1759068676
|move|p2a: Kingambit|Swords Dance|p2a: Kingambit
|-boost|p2a: Kingambit|atk|2
|move|p1a: Yami|Roost|p1a: Yami
|-heal|p1a: Yami|73/100
|-singleturn|p1a: Yami|move: Roost
|
|-heal|p2a: Kingambit|92/100|[from] item: Leftovers
|upkeep
|turn|17
|
|t:|1759068689
|move|p2a: Kingambit|Kowtow Cleave|p1a: Yami
|-damage|p1a: Yami|3/100
|-damage|p2a: Kingambit|75/100|[from] item: Rocky Helmet|[of] p1a: Yami
|move|p1a: Yami|Iron Defense|p1a: Yami
|-boost|p1a: Yami|def|2
|
|-heal|p2a: Kingambit|82/100|[from] item: Leftovers
|upkeep
|turn|18
|
|t:|1759068707
|move|p2a: Kingambit|Iron Head|p1a: Yami
|-resisted|p1a: Yami
|-damage|p1a: Yami|0 fnt
|-damage|p2a: Kingambit|65/100|[from] item: Rocky Helmet|[of] p1a: Yami
|faint|p1a: Yami
|
|-heal|p2a: Kingambit|71/100|[from] item: Leftovers
|upkeep
|
|t:|1759068715
|switch|p1a: Trojan|Zamazenta, shiny|100/100
|-damage|p1a: Trojan|94/100|[from] Stealth Rock
|-ability|p1a: Trojan|Dauntless Shield|boost
|-boost|p1a: Trojan|def|1
|turn|19
|inactive|jibreel69 has 120 seconds left.
|inactive|Ruben2345 has 60 seconds left.
|
|t:|1759068769
|-terastallize|p2a: Kingambit|Ghost
|move|p1a: Trojan|Crunch|p2a: Kingambit
|-supereffective|p2a: Kingambit
|-damage|p2a: Kingambit|11/100
|-unboost|p2a: Kingambit|def|1
|move|p2a: Kingambit|Iron Head|p1a: Trojan
|-damage|p1a: Trojan|28/100
|
|-heal|p2a: Kingambit|18/100|[from] item: Leftovers
|upkeep
|turn|20
|
|t:|1759068783
|-end|p2a: Kingambit|fallen2|[silent]
|switch|p2a: Landorus|Landorus-Therian, M|94/100
|-ability|p2a: Landorus|Intimidate|boost
|-unboost|p1a: Trojan|atk|1
|move|p1a: Trojan|Crunch|p2a: Landorus
|-damage|p2a: Landorus|67/100
|-unboost|p2a: Landorus|def|1
|-damage|p1a: Trojan|12/100|[from] item: Rocky Helmet|[of] p2a: Landorus
|
|upkeep
|turn|21
|inactive|jibreel69 has 90 seconds left.
|
|t:|1759068815
|switch|p1a: Goliath|Ting-Lu|100/100
|-damage|p1a: Goliath|94/100|[from] Stealth Rock
|-ability|p1a: Goliath|Vessel of Ruin
|move|p2a: Landorus|U-turn|p1a: Goliath
|-supereffective|p1a: Goliath
|-damage|p1a: Goliath|70/100
|inactive|Ruben2345 has 30 seconds left.
|inactive|Ruben2345 has 20 seconds left.
|
|t:|1759068838
|switch|p2a: Ogerpon|Ogerpon-Wellspring, F|51/100|[from] U-turn
|
|-heal|p1a: Goliath|76/100|[from] item: Leftovers
|upkeep
|turn|22
|inactive|Ruben2345 has 30 seconds left this turn.
|inactive|Ruben2345 has 20 seconds left.
|
|t:|1759068850
|switch|p1a: Sentinel|Weezing-Galar, M, shiny|100/100
|-ability|p1a: Sentinel|Neutralizing Gas
|move|p2a: Ogerpon|Horn Leech|p1a: Sentinel
|-resisted|p1a: Sentinel
|-damage|p1a: Sentinel|86/100
|-heal|p2a: Ogerpon|59/100|[from] drain|[of] p1a: Sentinel
|
|upkeep
|turn|23
|inactive|Ruben2345 has 30 seconds left this turn.
|inactive|Ruben2345 has 20 seconds left.
|
|t:|1759068864
|switch|p2a: Landorus|Landorus-Therian, M|67/100
|move|p1a: Sentinel|Will-O-Wisp|p2a: Landorus
|-status|p2a: Landorus|brn
|
|-damage|p2a: Landorus|61/100 brn|[from] brn
|upkeep
|turn|24
|inactive|Ruben2345 has 30 seconds left this turn.
|inactive|Ruben2345 has 20 seconds left.
|
|t:|1759068881
|-end|p1a: Sentinel|ability: Neutralizing Gas
|-ability|p2a: Landorus|Intimidate|boost
|-unboost|p1a: Sentinel|atk|1
|switch|p1a: Goliath|Ting-Lu|76/100
|-damage|p1a: Goliath|70/100|[from] Stealth Rock
|-ability|p1a: Goliath|Vessel of Ruin
|move|p2a: Landorus|Earthquake|p1a: Goliath
|-damage|p1a: Goliath|57/100
|
|-heal|p1a: Goliath|63/100|[from] item: Leftovers
|-damage|p2a: Landorus|55/100 brn|[from] brn
|upkeep
|turn|25
|inactive|Ruben2345 has 30 seconds left this turn.
|inactive|Ruben2345 has 20 seconds left.
|
|t:|1759068893
|move|p2a: Landorus|U-turn|p1a: Goliath
|-supereffective|p1a: Goliath
|-damage|p1a: Goliath|51/100
|inactive|Ruben2345 has 25 seconds left this turn.
|
|t:|1759068896
|switch|p2a: Ogerpon|Ogerpon-Wellspring, F|59/100|[from] U-turn
|move|p1a: Goliath|Ruination|p2a: Ogerpon
|-damage|p2a: Ogerpon|30/100
|
|-heal|p1a: Goliath|57/100|[from] item: Leftovers
|upkeep
|turn|26
|inactive|Ruben2345 has 30 seconds left.
|
|t:|1759068911
|switch|p1a: Sentinel|Weezing-Galar, M, shiny|86/100
|-ability|p1a: Sentinel|Neutralizing Gas
|move|p2a: Ogerpon|Ivy Cudgel|p1a: Sentinel|[anim] Ivy Cudgel Water
|-damage|p1a: Sentinel|46/100
|
|upkeep
|turn|27
|inactive|jibreel69 has 120 seconds left.
|inactive|Ruben2345 has 30 seconds left.
|
|t:|1759068926
|switch|p2a: Landorus|Landorus-Therian, M|55/100 brn
|move|p1a: Sentinel|Defog|p2a: Landorus
|-unboost|p2a: Landorus|evasion|1
|-sideend|p1: jibreel69|Stealth Rock|[from] move: Defog|[of] p1a: Sentinel
|
|-damage|p2a: Landorus|49/100 brn|[from] brn
|upkeep
|turn|28
|inactive|jibreel69 has 120 seconds left.
|inactive|Ruben2345 has 30 seconds left.
|
|t:|1759068934
|move|p2a: Landorus|Stealth Rock|p1a: Sentinel
|-sidestart|p1: jibreel69|move: Stealth Rock
|move|p1a: Sentinel|Strange Steam|p2a: Landorus
|-damage|p2a: Landorus|18/100 brn
|-start|p2a: Landorus|confusion
|
|-damage|p2a: Landorus|12/100 brn|[from] brn
|upkeep
|turn|29
|
|t:|1759068943
|switch|p2a: Dragapult|Dragapult, F|91/100
|move|p1a: Sentinel|Defog|p2a: Dragapult
|-unboost|p2a: Dragapult|evasion|1
|-sideend|p1: jibreel69|Stealth Rock|[from] move: Defog|[of] p1a: Sentinel
|
|upkeep
|turn|30
|
|t:|1759068956
|move|p2a: Dragapult|Shadow Ball|p1a: Sentinel
|-damage|p1a: Sentinel|0 fnt
|faint|p1a: Sentinel
|-end|p1a: Sentinel|ability: Neutralizing Gas
|
|upkeep
|
|t:|1759068959
|switch|p1a: Goliath|Ting-Lu|57/100
|-ability|p1a: Goliath|Vessel of Ruin
|turn|31
|
|t:|1759068965
|switch|p2a: Ogerpon|Ogerpon-Wellspring, F|30/100
|switch|p1a: Kyotaro|Kyurem, shiny|63/100
|-ability|p1a: Kyotaro|Pressure
|
|-heal|p1a: Kyotaro|69/100|[from] item: Leftovers
|upkeep
|turn|32
|
|t:|1759068976
|move|p1a: Kyotaro|Protect|p1a: Kyotaro
|-singleturn|p1a: Kyotaro|Protect
|move|p2a: Ogerpon|Play Rough|p1a: Kyotaro
|-activate|p1a: Kyotaro|move: Protect
|
|-heal|p1a: Kyotaro|75/100|[from] item: Leftovers
|upkeep
|turn|33
|
|t:|1759068989
|switch|p1a: Serpentine|Toxapex, M, shiny|69/100
|move|p2a: Ogerpon|Play Rough|p1a: Serpentine
|-resisted|p1a: Serpentine
|-damage|p1a: Serpentine|57/100
|
|upkeep
|turn|34
|
|t:|1759069018
|switch|p2a: Kingambit|Kingambit, F, tera:Ghost|18/100
|-activate|p2a: Kingambit|ability: Supreme Overlord
|-start|p2a: Kingambit|fallen2|[silent]
|move|p1a: Serpentine|Sludge Bomb|p2a: Kingambit
|-resisted|p2a: Kingambit
|-damage|p2a: Kingambit|3/100
|
|-heal|p2a: Kingambit|9/100|[from] item: Leftovers
|upkeep
|turn|35
|
|t:|1759069030
|move|p2a: Kingambit|Kowtow Cleave|p1a: Serpentine
|-damage|p1a: Serpentine|12/100
|move|p1a: Serpentine|Surf|p2a: Kingambit
|-damage|p2a: Kingambit|0 fnt
|faint|p2a: Kingambit
|-end|p2a: Kingambit|fallen2|[silent]
|
|upkeep
|inactive|Ruben2345 has 30 seconds left.
|
|t:|1759069041
|switch|p2a: Landorus|Landorus-Therian, M|12/100 brn
|-ability|p2a: Landorus|Intimidate|boost
|-unboost|p1a: Serpentine|atk|1
|turn|36
|inactive|Ruben2345 has 30 seconds left.
|
|t:|1759069058
|move|p2a: Landorus|U-turn|p1a: Serpentine
|-resisted|p1a: Serpentine
|-crit|p1a: Serpentine
|-damage|p1a: Serpentine|5/100
|
|t:|1759069062
|switch|p2a: Dragapult|Dragapult, F|91/100|[from] U-turn
|move|p1a: Serpentine|Surf|p2a: Dragapult
|-resisted|p2a: Dragapult
|-damage|p2a: Dragapult|71/100
|
|upkeep
|turn|37
|
|t:|1759069078
|move|p2a: Dragapult|U-turn|p1a: Serpentine
|-resisted|p1a: Serpentine
|-damage|p1a: Serpentine|0 fnt
|faint|p1a: Serpentine
|inactive|Ruben2345 has 30 seconds left.
|
|t:|1759069096
|switch|p2a: Ogerpon|Ogerpon-Wellspring, F|30/100|[from] U-turn
|
|upkeep
|
|t:|1759069105
|switch|p1a: Trojan|Zamazenta, shiny|12/100
|turn|38
|inactive|Ruben2345 has 30 seconds left.
|
|t:|1759069127
|switch|p1a: Kyotaro|Kyurem, shiny|75/100
|-ability|p1a: Kyotaro|Pressure
|switch|p2a: Landorus|Landorus-Therian, M|12/100 brn
|-ability|p2a: Landorus|Intimidate|boost
|-unboost|p1a: Kyotaro|atk|1
|
|-heal|p1a: Kyotaro|81/100|[from] item: Leftovers
|-damage|p2a: Landorus|5/100 brn|[from] brn
|upkeep
|turn|39
|inactive|Ruben2345 has 30 seconds left.
|
|t:|1759069141
|move|p1a: Kyotaro|Freeze-Dry|p2a: Landorus
|-supereffective|p2a: Landorus
|-damage|p2a: Landorus|0 fnt
|faint|p2a: Landorus
|
|-heal|p1a: Kyotaro|87/100|[from] item: Leftovers
|upkeep
|inactive|Ruben2345 has 30 seconds left this turn.
|
|t:|1759069149
|switch|p2a: Dragapult|Dragapult, F|71/100
|turn|40
|inactive|Ruben2345 has 30 seconds left.
|
|t:|1759069156
|move|p1a: Kyotaro|Protect|p1a: Kyotaro
|-singleturn|p1a: Kyotaro|Protect
|move|p2a: Dragapult|Draco Meteor|p1a: Kyotaro
|-activate|p1a: Kyotaro|move: Protect
|
|-heal|p1a: Kyotaro|94/100|[from] item: Leftovers
|upkeep
|turn|41
|inactive|jibreel69 has 120 seconds left.
|inactive|jibreel69 has 90 seconds left.
|
|t:|1759069223
|switch|p1a: Goliath|Ting-Lu|57/100
|-ability|p1a: Goliath|Vessel of Ruin
|move|p2a: Dragapult|Draco Meteor|p1a: Goliath
|-damage|p1a: Goliath|24/100
|-unboost|p2a: Dragapult|spa|2
|
|-heal|p1a: Goliath|30/100|[from] item: Leftovers
|upkeep
|turn|42
|inactive|jibreel69 has 90 seconds left.
|inactive|Ruben2345 has 30 seconds left.
|
|t:|1759069240
|switch|p2a: Ogerpon|Ogerpon-Wellspring, F|30/100
|move|p1a: Goliath|Earthquake|p2a: Ogerpon
|-resisted|p2a: Ogerpon
|-damage|p2a: Ogerpon|6/100
|
|-heal|p1a: Goliath|36/100|[from] item: Leftovers
|upkeep
|turn|43
|inactive|jibreel69 has 90 seconds left.
|inactive|Ruben2345 has 30 seconds left.
|
|t:|1759069259
|move|p2a: Ogerpon|Horn Leech|p1a: Goliath
|-supereffective|p1a: Goliath
|-damage|p1a: Goliath|0 fnt
|-heal|p2a: Ogerpon|36/100|[from] drain|[of] p1a: Goliath
|faint|p1a: Goliath
|
|upkeep
|
|t:|1759069262
|switch|p1a: Trojan|Zamazenta, shiny|12/100
|turn|44
|
|t:|1759069270
|move|p1a: Trojan|Crunch|p2a: Ogerpon
|-damage|p2a: Ogerpon|0 fnt
|faint|p2a: Ogerpon
|
|upkeep
|
|t:|1759069274
|switch|p2a: Dragapult|Dragapult, F|71/100
|turn|45
|
|t:|1759069278
|move|p2a: Dragapult|Draco Meteor|p1a: Trojan
|-damage|p1a: Trojan|0 fnt
|-unboost|p2a: Dragapult|spa|2
|faint|p1a: Trojan
|
|upkeep
|
|t:|1759069280
|switch|p1a: Kyotaro|Kyurem, shiny|94/100
|-ability|p1a: Kyotaro|Pressure
|turn|46
|inactive|Ruben2345 has 60 seconds left.
|
|t:|1759069287
|move|p1a: Kyotaro|Protect|p1a: Kyotaro
|-singleturn|p1a: Kyotaro|Protect
|move|p2a: Dragapult|Draco Meteor|p1a: Kyotaro
|-activate|p1a: Kyotaro|move: Protect
|
|-heal|p1a: Kyotaro|99/100|[from] item: Leftovers
|upkeep
|turn|47
|
|t:|1759069293
|-terastallize|p1a: Kyotaro|Ground
|move|p2a: Dragapult|Draco Meteor|p1a: Kyotaro
|-damage|p1a: Kyotaro|60/100
|-unboost|p2a: Dragapult|spa|2
|move|p1a: Kyotaro|Freeze-Dry|p2a: Dragapult
|-supereffective|p2a: Dragapult
|-damage|p2a: Dragapult|0 fnt
|faint|p2a: Dragapult
|
|win|jibreel69
|raw|jibreel69's rating: 1507 &rarr; <strong>1526</strong><br />(+19 for winning)
|raw|Ruben2345's rating: 1493 &rarr; <strong>1474</strong><br />(-19 for losing)
|l|☆Ruben2345
|player|p2|
