|j|☆crumbs247
|j|☆iougb08hg80h
|t:|1758917311
|gametype|singles
|player|p1|crumbs247|lass-gen4dp|1166
|player|p2|iougb08hg80h|169|1217
|gen|9
|tier|[Gen 9] OU
|rated|
|rule|HP Percentage Mod: HP is shown in percentages
|rule|Endless Battle Clause: Forcing endless battles is banned
|rule|Species Clause: Limit one of each Pokémon
|rule|OHKO Clause: OHKO moves are banned
|rule|Evasion Items Clause: Evasion items are banned
|rule|Evasion Moves Clause: Evasion moves are banned
|rule|Evasion Abilities Clause: Evasion abilities are banned
|rule|Sleep Moves Clause: Sleep-inducing moves are banned
|clearpoke
|poke|p1|Weezing-Galar, M|
|poke|p1|Araquanid, M|
|poke|p1|Zapdos|
|poke|p1|Walking Wake|
|poke|p1|Pelipper, F|
|poke|p1|Blaziken, F|
|poke|p2|Sableye, F|
|poke|p2|Frosmoth, F|
|poke|p2|Moltres|
|poke|p2|Meowscarada, F|
|poke|p2|Blastoise, F|
|poke|p2|Gulpin, F|
|teampreview
|j| luqui21
|
|t:|1758917327
|teamsize|p1|6
|teamsize|p2|6
|start
|switch|p1a: Zapdos|Zapdos|100/100
|switch|p2a: Meowscarada|Meowscarada, F|100/100
|turn|1
|
|t:|1758917339
|switch|p2a: Moltres|Moltres|100/100
|move|p1a: Zapdos|Heat Wave|p2a: Moltres
|-resisted|p2a: Moltres
|-crit|p2a: Moltres
|-damage|p2a: Moltres|63/100
|-damage|p1a: Zapdos|91/100|[from] item: Life Orb
|
|upkeep
|turn|2
|
|t:|1758917347
|switch|p2a: Meowscarada|Meowscarada, F|100/100
|move|p1a: Zapdos|Thunderbolt|p2a: Meowscarada
|-resisted|p2a: Meowscarada
|-damage|p2a: Meowscarada|53/100
|-damage|p1a: Zapdos|81/100|[from] item: Life Orb
|
|upkeep
|turn|3
|l| luqui21
|
|t:|1758917354
|move|p2a: Meowscarada|Triple Axel|p1a: Zapdos|[miss]
|-start|p2a: Meowscarada|typechange|Ice|[from] ability: Protean
|-miss|p2a: Meowscarada|p1a: Zapdos
|move|p1a: Zapdos|Thunderbolt|p2a: Meowscarada
|-damage|p2a: Meowscarada|0 fnt
|faint|p2a: Meowscarada
|-damage|p1a: Zapdos|71/100|[from] item: Life Orb
|
|upkeep
|
|t:|1758917370
|switch|p2a: Gulpin|Gulpin, F|100/100
|turn|4
|inactive|Battle timer is ON: inactive players will automatically lose when time's up. (requested by crumbs247)
|
|t:|1758917376
|move|p1a: Zapdos|Volt Switch|p2a: Gulpin
|-damage|p2a: Gulpin|56/100
|-damage|p1a: Zapdos|61/100|[from] item: Life Orb
|
|t:|1758917391
|switch|p1a: Araquanid|Araquanid, M|100/100|[from] Volt Switch
|move|p2a: Gulpin|Toxic|p1a: Araquanid
|-status|p1a: Araquanid|tox
|
|-damage|p1a: Araquanid|94/100 tox|[from] psn
|upkeep
|turn|5
|
|t:|1758917398
|move|p1a: Araquanid|Surf|p2a: Gulpin
|-damage|p2a: Gulpin|4/100
|move|p2a: Gulpin|Pain Split|p1a: Araquanid
|-sethp|p1a: Araquanid|49/100 tox|[from] move: Pain Split|[silent]
|-sethp|p2a: Gulpin|59/100|[from] move: Pain Split
|
|-damage|p1a: Araquanid|36/100 tox|[from] psn
|upkeep
|turn|6
|
|t:|1758917409
|switch|p2a: Blastoise|Blastoise, F|100/100
|move|p1a: Araquanid|Sticky Web|p2a: Blastoise
|-sidestart|p2: iougb08hg80h|move: Sticky Web
|
|-damage|p1a: Araquanid|18/100 tox|[from] psn
|upkeep
|turn|7
|-enditem|p1a: Araquanid|Custap Berry|[eat]
|-activate|p1a: Araquanid|item: Custap Berry|[consumed]
|
|t:|1758917417
|move|p1a: Araquanid|Endeavor|p2a: Blastoise
|-damage|p2a: Blastoise|17/100
|move|p2a: Blastoise|Rapid Spin|p1a: Araquanid
|-damage|p1a: Araquanid|5/100 tox
|-boost|p2a: Blastoise|spe|1
|-sideend|p2: iougb08hg80h|Sticky Web|[from] move: Rapid Spin|[of] p2a: Blastoise
|
|-damage|p1a: Araquanid|0 fnt|[from] psn
|faint|p1a: Araquanid
|upkeep
|
|t:|1758917427
|switch|p1a: Zapdos|Zapdos|61/100
|turn|8
|
|t:|1758917432
|move|p2a: Blastoise|Wave Crash|p1a: Zapdos
|-damage|p1a: Zapdos|0 fnt
|-status|p2a: Blastoise|par|[from] ability: Static|[of] p1a: Zapdos
|faint|p1a: Zapdos
|-damage|p2a: Blastoise|0 fnt|[from] Recoil
|faint|p2a: Blastoise
|
|upkeep
|
|t:|1758917441
|switch|p1a: Weezing|Weezing-Galar, M|100/100
|switch|p2a: Gulpin|Gulpin, F|59/100
|-ability|p1a: Weezing|Neutralizing Gas
|turn|9
|
|t:|1758917451
|move|p1a: Weezing|Will-O-Wisp|p2a: Gulpin
|-status|p2a: Gulpin|brn
|move|p2a: Gulpin|Pain Split|p1a: Weezing
|-sethp|p1a: Weezing|75/100|[from] move: Pain Split|[silent]
|-sethp|p2a: Gulpin|89/100 brn|[from] move: Pain Split
|
|-damage|p2a: Gulpin|83/100 brn|[from] brn
|upkeep
|turn|10
|
|t:|1758917464
|move|p1a: Weezing|Sludge Bomb|p2a: Gulpin
|-resisted|p2a: Gulpin
|-damage|p2a: Gulpin|71/100 brn
|move|p2a: Gulpin|Toxic|p1a: Weezing
|-immune|p1a: Weezing
|
|-damage|p2a: Gulpin|65/100 brn|[from] brn
|upkeep
|turn|11
|
|t:|1758917471
|move|p1a: Weezing|Sludge Bomb|p2a: Gulpin
|-resisted|p2a: Gulpin
|-crit|p2a: Gulpin
|-damage|p2a: Gulpin|47/100 brn
|move|p2a: Gulpin|Encore|p1a: Weezing
|-start|p1a: Weezing|Encore
|
|-damage|p2a: Gulpin|41/100 brn|[from] brn
|upkeep
|turn|12
|
|t:|1758917478
|move|p1a: Weezing|Sludge Bomb|p2a: Gulpin
|-resisted|p2a: Gulpin
|-damage|p2a: Gulpin|29/100 brn
|move|p2a: Gulpin|Pain Split|p1a: Weezing
|-sethp|p1a: Weezing|50/100|[from] move: Pain Split|[silent]
|-sethp|p2a: Gulpin|59/100 brn|[from] move: Pain Split
|
|-damage|p2a: Gulpin|53/100 brn|[from] brn
|upkeep
|turn|13
|
|t:|1758917487
|move|p1a: Weezing|Sludge Bomb|p2a: Gulpin
|-resisted|p2a: Gulpin
|-damage|p2a: Gulpin|41/100 brn
|move|p2a: Gulpin|Pain Split|p1a: Weezing
|-sethp|p1a: Weezing|42/100|[from] move: Pain Split|[silent]
|-sethp|p2a: Gulpin|50/100 brn|[from] move: Pain Split
|
|-damage|p2a: Gulpin|44/100 brn|[from] brn
|upkeep
|turn|14
|
|t:|1758917496
|move|p1a: Weezing|Sludge Bomb|p2a: Gulpin
|-resisted|p2a: Gulpin
|-damage|p2a: Gulpin|32/100 brn
|move|p2a: Gulpin|Pain Split|p1a: Weezing
|-sethp|p1a: Weezing|35/100|[from] move: Pain Split|[silent]
|-sethp|p2a: Gulpin|41/100 brn|[from] move: Pain Split
|
|-damage|p2a: Gulpin|35/100 brn|[from] brn
|-end|p1a: Weezing|Encore
|upkeep
|turn|15
|
|t:|1758917512
|move|p1a: Weezing|Pain Split|p2a: Gulpin
|-sethp|p2a: Gulpin|38/100 brn|[from] move: Pain Split|[silent]
|-sethp|p1a: Weezing|32/100|[from] move: Pain Split
|move|p2a: Gulpin|Gastro Acid|p1a: Weezing
|-endability|p1a: Weezing
|-end|p1a: Weezing|ability: Neutralizing Gas
|
|-damage|p2a: Gulpin|32/100 brn|[from] brn
|upkeep
|turn|16
|
|t:|1758917523
|-end|p1a: Weezing|ability: Neutralizing Gas
|switch|p1a: Blaziken|Blaziken, F|100/100
|move|p2a: Gulpin|Toxic|p1a: Blaziken
|-status|p1a: Blaziken|tox
|
|-damage|p1a: Blaziken|95/100 tox|[from] psn
|-damage|p2a: Gulpin|26/100 brn|[from] brn
|upkeep
|turn|17
|
|t:|1758917534
|switch|p2a: Sableye|Sableye, F|100/100
|move|p1a: Blaziken|Focus Energy|p1a: Blaziken
|-start|p1a: Blaziken|move: Focus Energy
|
|-damage|p1a: Blaziken|83/100 tox|[from] psn
|-ability|p1a: Blaziken|Speed Boost|boost
|-boost|p1a: Blaziken|spe|1
|upkeep
|turn|18
|
|t:|1758917544
|move|p2a: Sableye|Encore|p1a: Blaziken
|-start|p1a: Blaziken|Encore
|move|p1a: Blaziken|Focus Energy||[still]
|-fail|p1a: Blaziken
|
|-damage|p1a: Blaziken|65/100 tox|[from] psn
|-ability|p1a: Blaziken|Speed Boost|boost
|-boost|p1a: Blaziken|spe|1
|upkeep
|turn|19
|
|t:|1758917552
|switch|p1a: Walking Wake|Walking Wake|100/100
|-enditem|p1a: Walking Wake|Booster Energy
|-activate|p1a: Walking Wake|ability: Protosynthesis|[fromitem]
|-start|p1a: Walking Wake|protosynthesisatk
|move|p2a: Sableye|Substitute|p2a: Sableye
|-start|p2a: Sableye|Substitute
|-damage|p2a: Sableye|76/100
|
|-heal|p2a: Sableye|82/100|[from] item: Leftovers
|upkeep
|turn|20
|
|t:|1758917561
|move|p1a: Walking Wake|Waterfall|p2a: Sableye
|-end|p2a: Sableye|Substitute
|move|p2a: Sableye|Night Shade|p1a: Walking Wake
|-damage|p1a: Walking Wake|73/100
|
|-heal|p2a: Sableye|88/100|[from] item: Leftovers
|upkeep
|turn|21
|
|t:|1758917568
|move|p2a: Sableye|Disable|p1a: Walking Wake
|-start|p1a: Walking Wake|Disable|Waterfall
|move|p1a: Walking Wake|Dragon Dance|p1a: Walking Wake
|-boost|p1a: Walking Wake|atk|1
|-boost|p1a: Walking Wake|spe|1
|
|-heal|p2a: Sableye|94/100|[from] item: Leftovers
|upkeep
|turn|22
|
|t:|1758917588
|-end|p1a: Walking Wake|Protosynthesis|[silent]
|switch|p1a: Weezing|Weezing-Galar, M|32/100
|-ability|p1a: Weezing|Neutralizing Gas
|move|p2a: Sableye|Encore||[still]
|-fail|p2a: Sableye
|
|-heal|p2a: Sableye|99/100|[from] item: Leftovers
|upkeep
|turn|23
|
|t:|1758917596
|move|p1a: Weezing|Pain Split|p2a: Sableye
|-sethp|p2a: Sableye|67/100|[from] move: Pain Split|[silent]
|-sethp|p1a: Weezing|61/100|[from] move: Pain Split
|move|p2a: Sableye|Night Shade|p1a: Weezing
|-damage|p1a: Weezing|31/100
|
|-heal|p2a: Sableye|73/100|[from] item: Leftovers
|upkeep
|turn|24
|
|t:|1758917607
|move|p1a: Weezing|Will-O-Wisp|p2a: Sableye
|-status|p2a: Sableye|brn
|move|p2a: Sableye|Disable|p1a: Weezing
|-start|p1a: Weezing|Disable|Will-O-Wisp
|
|-heal|p2a: Sableye|79/100 brn|[from] item: Leftovers
|-damage|p2a: Sableye|73/100 brn|[from] brn
|upkeep
|turn|25
|
|t:|1758917617
|move|p1a: Weezing|Pain Split|p2a: Sableye
|-sethp|p2a: Sableye|54/100 brn|[from] move: Pain Split|[silent]
|-sethp|p1a: Weezing|49/100|[from] move: Pain Split
|move|p2a: Sableye|Encore|p1a: Weezing
|-start|p1a: Weezing|Encore
|
|-heal|p2a: Sableye|60/100 brn|[from] item: Leftovers
|-damage|p2a: Sableye|54/100 brn|[from] brn
|upkeep
|turn|26
|
|t:|1758917625
|-end|p1a: Weezing|ability: Neutralizing Gas
|switch|p1a: Pelipper|Pelipper, F|100/100
|-weather|RainDance|[from] ability: Drizzle|[of] p1a: Pelipper
|switch|p2a: Gulpin|Gulpin, F|26/100 brn
|
|-weather|RainDance|[upkeep]
|-damage|p2a: Gulpin|20/100 brn|[from] brn
|upkeep
|turn|27
|
|t:|1758917635
|move|p1a: Pelipper|Weather Ball|p2a: Gulpin
|-damage|p2a: Gulpin|0 fnt
|faint|p2a: Gulpin
|
|-weather|RainDance|[upkeep]
|upkeep
|
|t:|1758917643
|switch|p2a: Frosmoth|Frosmoth, F|100/100
|turn|28
|
|t:|1758917657
|switch|p1a: Weezing|Weezing-Galar, M|49/100
|-ability|p1a: Weezing|Neutralizing Gas
|move|p2a: Frosmoth|Quiver Dance|p2a: Frosmoth
|-boost|p2a: Frosmoth|spa|1
|-boost|p2a: Frosmoth|spd|1
|-boost|p2a: Frosmoth|spe|1
|
|-weather|RainDance|[upkeep]
|upkeep
|turn|29
|
|t:|1758917666
|move|p2a: Frosmoth|Ice Beam|p1a: Weezing
|-damage|p1a: Weezing|0 fnt
|faint|p1a: Weezing
|-end|p1a: Weezing|ability: Neutralizing Gas
|
|-weather|RainDance|[upkeep]
|upkeep
|
|t:|1758917675
|switch|p1a: Walking Wake|Walking Wake|73/100
|turn|30
|
|t:|1758917695
|-terastallize|p1a: Walking Wake|Normal
|move|p2a: Frosmoth|Ice Beam|p1a: Walking Wake
|-damage|p1a: Walking Wake|0 fnt
|faint|p1a: Walking Wake
|-end|p1a: Walking Wake|Protosynthesis|[silent]
|
|-weather|RainDance|[upkeep]
|upkeep
|
|t:|1758917704
|switch|p1a: Blaziken|Blaziken, F|65/100 tox
|turn|31
|
|t:|1758917712
|switch|p2a: Sableye|Sableye, F|54/100 brn
|move|p1a: Blaziken|Focus Energy|p1a: Blaziken
|-start|p1a: Blaziken|move: Focus Energy
|
|-weather|RainDance|[upkeep]
|-heal|p2a: Sableye|60/100 brn|[from] item: Leftovers
|-damage|p1a: Blaziken|59/100 tox|[from] psn
|-damage|p2a: Sableye|54/100 brn|[from] brn
|-ability|p1a: Blaziken|Speed Boost|boost
|-boost|p1a: Blaziken|spe|1
|upkeep
|turn|32
|
|t:|1758917722
|switch|p1a: Pelipper|Pelipper, F|100/100
|move|p2a: Sableye|Encore||[still]
|-fail|p2a: Sableye
|
|-weather|RainDance|[upkeep]
|-heal|p2a: Sableye|60/100 brn|[from] item: Leftovers
|-damage|p2a: Sableye|54/100 brn|[from] brn
|upkeep
|turn|33
|
|t:|1758917730
|move|p2a: Sableye|Substitute|p2a: Sableye
|-start|p2a: Sableye|Substitute
|-damage|p2a: Sableye|29/100 brn
|move|p1a: Pelipper|Weather Ball|p2a: Sableye
|-end|p2a: Sableye|Substitute
|
|-weather|none
|-heal|p2a: Sableye|35/100 brn|[from] item: Leftovers
|-damage|p2a: Sableye|29/100 brn|[from] brn
|upkeep
|turn|34
|
|t:|1758917739
|move|p2a: Sableye|Encore|p1a: Pelipper
|-start|p1a: Pelipper|Encore
|move|p1a: Pelipper|Weather Ball|p2a: Sableye
|-immune|p2a: Sableye
|
|-heal|p2a: Sableye|35/100 brn|[from] item: Leftovers
|-damage|p2a: Sableye|29/100 brn|[from] brn
|upkeep
|turn|35
|
|t:|1758917747
|switch|p1a: Blaziken|Blaziken, F|59/100 tox
|move|p2a: Sableye|Substitute|p2a: Sableye
|-start|p2a: Sableye|Substitute
|-damage|p2a: Sableye|4/100 brn
|
|-heal|p2a: Sableye|10/100 brn|[from] item: Leftovers
|-damage|p1a: Blaziken|53/100 tox|[from] psn
|-damage|p2a: Sableye|4/100 brn|[from] brn
|upkeep
|turn|36
|
|t:|1758917756
|move|p1a: Blaziken|Overheat|p2a: Sableye
|-end|p2a: Sableye|Substitute
|-unboost|p1a: Blaziken|spa|2
|move|p2a: Sableye|Night Shade|p1a: Blaziken
|-damage|p1a: Blaziken|19/100 tox
|
|-heal|p2a: Sableye|10/100 brn|[from] item: Leftovers
|-damage|p1a: Blaziken|7/100 tox|[from] psn
|-damage|p2a: Sableye|4/100 brn|[from] brn
|-ability|p1a: Blaziken|Speed Boost|boost
|-boost|p1a: Blaziken|spe|1
|upkeep
|turn|37
|
|t:|1758917769
|move|p2a: Sableye|Disable|p1a: Blaziken
|-start|p1a: Blaziken|Disable|Overheat
|cant|p1a: Blaziken|Disable|Overheat
|
|-heal|p2a: Sableye|10/100 brn|[from] item: Leftovers
|-damage|p1a: Blaziken|0 fnt|[from] psn
|faint|p1a: Blaziken
|-damage|p2a: Sableye|4/100 brn|[from] brn
|upkeep
|-message|crumbs247 forfeited.
|
|win|iougb08hg80h
|raw|crumbs247's rating: 1166 &rarr; <strong>1145</strong><br />(-21 for losing)
|raw|iougb08hg80h's rating: 1217 &rarr; <strong>1238</strong><br />(+21 for winning)
|l|☆crumbs247
|player|p1|
