|j|☆lolimdabeast
|j|☆Sonzaisonder
|t:|1758949562
|gametype|singles
|player|p1|lolimdabeast|lady-gen4|1369
|player|p2|Sonzaisonder|steven|1340
|gen|9
|tier|[Gen 9] OU
|rated|
|rule|HP Percentage Mod: HP is shown in percentages
|rule|Endless Battle Clause: Forcing endless battles is banned
|rule|Species Clause: Limit one of each Pokémon
|rule|OHKO Clause: OHKO moves are banned
|rule|Evasion Items Clause: Evasion items are banned
|rule|Evasion Moves Clause: Evasion moves are banned
|rule|Evasion Abilities Clause: Evasion abilities are banned
|rule|Sleep Moves Clause: Sleep-inducing moves are banned
|clearpoke
|poke|p1|Landorus-Therian, M|
|poke|p1|Ogerpon-Wellspring, F|
|poke|p1|Ribombee, F|
|poke|p1|Serperior, F|
|poke|p1|Weavile, F|
|poke|p1|Iron Moth|
|poke|p2|Hoopa-Unbound|
|poke|p2|Slowking-Galar, F|
|poke|p2|Great Tusk|
|poke|p2|Moltres|
|poke|p2|Kingambit, F|
|poke|p2|Keldeo-Resolute|
|teampreview
|inactive|Battle timer is ON: inactive players will automatically lose when time's up. (requested by lolimdabeast)
|
|t:|1758949591
|teamsize|p1|6
|teamsize|p2|6
|start
|switch|p1a: Ribombee|Ribombee, F|100/100
|switch|p2a: Moltres|Moltres|100/100
|turn|1
|
|t:|1758949597
|move|p1a: Ribombee|Sticky Web|p2a: Moltres
|-sidestart|p2: Sonzaisonder|move: Sticky Web
|move|p2a: Moltres|Flamethrower|p1a: Ribombee
|-supereffective|p1a: Ribombee
|-enditem|p1a: Ribombee|Focus Sash
|-damage|p1a: Ribombee|1/100
|
|upkeep
|turn|2
|
|t:|1758949604
|move|p1a: Ribombee|Stun Spore|p2a: Moltres|[miss]
|-miss|p1a: Ribombee|p2a: Moltres
|move|p2a: Moltres|Flamethrower|p1a: Ribombee
|-supereffective|p1a: Ribombee
|-damage|p1a: Ribombee|0 fnt
|faint|p1a: Ribombee
|
|upkeep
|
|t:|1758949610
|switch|p1a: Ogerpon|Ogerpon-Wellspring, F|100/100
|turn|3
|
|t:|1758949625
|-terastallize|p2a: Moltres|Fairy
|move|p1a: Ogerpon|Swords Dance|p1a: Ogerpon
|-boost|p1a: Ogerpon|atk|2
|move|p2a: Moltres|Will-O-Wisp|p1a: Ogerpon
|-status|p1a: Ogerpon|brn
|
|-damage|p1a: Ogerpon|95/100 brn|[from] brn
|upkeep
|turn|4
|
|t:|1758949632
|move|p1a: Ogerpon|Encore|p2a: Moltres
|-start|p2a: Moltres|Encore
|move|p2a: Moltres|Will-O-Wisp|p1a: Ogerpon
|-fail|p1a: Ogerpon|brn
|
|-damage|p1a: Ogerpon|89/100 brn|[from] brn
|upkeep
|turn|5
|
|t:|1758949640
|switch|p2a: Keldeo|Keldeo-Resolute|100/100
|-activate|p2a: Keldeo|move: Sticky Web
|-unboost|p2a: Keldeo|spe|1
|move|p1a: Ogerpon|Swords Dance|p1a: Ogerpon
|-boost|p1a: Ogerpon|atk|2
|
|-damage|p1a: Ogerpon|83/100 brn|[from] brn
|upkeep
|turn|6
|
|t:|1758949662
|move|p2a: Keldeo|Vacuum Wave|p1a: Ogerpon
|-damage|p1a: Ogerpon|45/100 brn
|move|p1a: Ogerpon|Power Whip|p2a: Keldeo
|-supereffective|p2a: Keldeo
|-damage|p2a: Keldeo|0 fnt
|faint|p2a: Keldeo
|
|-damage|p1a: Ogerpon|39/100 brn|[from] brn
|upkeep
|
|t:|1758949671
|switch|p2a: Moltres|Moltres, tera:Fairy|100/100
|turn|7
|
|t:|1758949675
|move|p1a: Ogerpon|Ivy Cudgel|p2a: Moltres|[anim] Ivy Cudgel Water
|-damage|p2a: Moltres|42/100
|move|p2a: Moltres|Flamethrower|p1a: Ogerpon
|-damage|p1a: Ogerpon|0 fnt
|faint|p1a: Ogerpon
|
|upkeep
|
|t:|1758949684
|switch|p1a: Iron Moth|Iron Moth|100/100
|-enditem|p1a: Iron Moth|Booster Energy
|-activate|p1a: Iron Moth|ability: Quark Drive|[fromitem]
|-start|p1a: Iron Moth|quarkdrivespa
|turn|8
|
|t:|1758949689
|switch|p2a: Slowking|Slowking-Galar, F|100/100
|move|p1a: Iron Moth|Fiery Dance|p2a: Slowking
|-damage|p2a: Slowking|65/100
|
|upkeep
|turn|9
|
|t:|1758949696
|move|p1a: Iron Moth|Fiery Dance|p2a: Slowking
|-damage|p2a: Slowking|33/100
|move|p2a: Slowking|Thunder Wave|p1a: Iron Moth
|-status|p1a: Iron Moth|par
|
|upkeep
|turn|10
|
|t:|1758949704
|move|p1a: Iron Moth|Fiery Dance|p2a: Slowking
|-damage|p2a: Slowking|0 fnt
|-boost|p1a: Iron Moth|spa|1
|faint|p2a: Slowking
|
|upkeep
|
|t:|1758949708
|switch|p2a: Hoopa|Hoopa-Unbound|100/100
|-activate|p2a: Hoopa|move: Sticky Web
|-unboost|p2a: Hoopa|spe|1
|turn|11
|
|t:|1758949712
|move|p1a: Iron Moth|Dazzling Gleam|p2a: Hoopa
|-supereffective|p2a: Hoopa
|-damage|p2a: Hoopa|0 fnt
|faint|p2a: Hoopa
|
|upkeep
|
|t:|1758949723
|switch|p2a: Great Tusk|Great Tusk|100/100
|turn|12
|
|t:|1758949728
|move|p2a: Great Tusk|Headlong Rush|p1a: Iron Moth
|-supereffective|p1a: Iron Moth
|-damage|p1a: Iron Moth|0 fnt
|-unboost|p2a: Great Tusk|def|1
|-unboost|p2a: Great Tusk|spd|1
|faint|p1a: Iron Moth
|-end|p1a: Iron Moth|Quark Drive|[silent]
|
|upkeep
|
|t:|1758949731
|switch|p1a: Serperior|Serperior, F|100/100
|turn|13
|
|t:|1758949742
|move|p1a: Serperior|Leaf Storm|p2a: Great Tusk
|-supereffective|p2a: Great Tusk
|-damage|p2a: Great Tusk|0 fnt
|-boost|p1a: Serperior|spa|2
|faint|p2a: Great Tusk
|-end|p2a: Great Tusk|Protosynthesis|[silent]
|
|upkeep
|
|t:|1758949745
|switch|p2a: Kingambit|Kingambit, F|100/100
|-activate|p2a: Kingambit|move: Sticky Web
|-unboost|p2a: Kingambit|spe|1
|-activate|p2a: Kingambit|ability: Supreme Overlord
|-start|p2a: Kingambit|fallen4|[silent]
|turn|14
|
|t:|1758949750
|move|p1a: Serperior|Leaf Storm|p2a: Kingambit
|-resisted|p2a: Kingambit
|-damage|p2a: Kingambit|49/100
|-boost|p1a: Serperior|spa|2
|move|p2a: Kingambit|Kowtow Cleave|p1a: Serperior
|-damage|p1a: Serperior|20/100
|
|-heal|p1a: Serperior|26/100|[from] item: Leftovers
|-heal|p2a: Kingambit|55/100|[from] item: Leftovers
|upkeep
|turn|15
|
|t:|1758949758
|move|p2a: Kingambit|Sucker Punch||[still]
|-fail|p2a: Kingambit
|move|p1a: Serperior|Glare|p2a: Kingambit
|-status|p2a: Kingambit|par
|
|-heal|p1a: Serperior|32/100|[from] item: Leftovers
|-heal|p2a: Kingambit|61/100 par|[from] item: Leftovers
|upkeep
|turn|16
|
|t:|1758949764
|move|p2a: Kingambit|Sucker Punch||[still]
|-fail|p2a: Kingambit
|move|p1a: Serperior|Substitute|p1a: Serperior
|-start|p1a: Serperior|Substitute
|-damage|p1a: Serperior|7/100
|
|-heal|p1a: Serperior|14/100|[from] item: Leftovers
|-heal|p2a: Kingambit|67/100 par|[from] item: Leftovers
|upkeep
|turn|17
|
|t:|1758949771
|move|p2a: Kingambit|Sucker Punch|p1a: Serperior
|-end|p1a: Serperior|Substitute
|move|p1a: Serperior|Leaf Storm|p2a: Kingambit|[miss]
|-miss|p1a: Serperior|p2a: Kingambit
|
|-heal|p1a: Serperior|20/100|[from] item: Leftovers
|-heal|p2a: Kingambit|74/100 par|[from] item: Leftovers
|upkeep
|turn|18
|
|t:|1758949777
|move|p1a: Serperior|Substitute|p1a: Serperior
|-fail|p1a: Serperior|move: Substitute|[weak]
|move|p2a: Kingambit|Kowtow Cleave|p1a: Serperior
|-damage|p1a: Serperior|0 fnt
|faint|p1a: Serperior
|
|-heal|p2a: Kingambit|80/100 par|[from] item: Leftovers
|upkeep
|
|t:|1758949787
|switch|p1a: Weavile|Weavile, F|100/100
|-ability|p1a: Weavile|Pressure
|turn|19
|
|t:|1758949794
|move|p1a: Weavile|Knock Off|p2a: Kingambit
|-resisted|p2a: Kingambit
|-damage|p2a: Kingambit|54/100 par
|-enditem|p2a: Kingambit|Leftovers|[from] move: Knock Off|[of] p1a: Weavile
|-damage|p1a: Weavile|91/100|[from] item: Life Orb
|cant|p2a: Kingambit|par
|
|upkeep
|turn|20
|
|t:|1758949802
|move|p1a: Weavile|Triple Axel|p2a: Kingambit
|-resisted|p2a: Kingambit
|-damage|p2a: Kingambit|49/100 par
|-resisted|p2a: Kingambit
|-damage|p2a: Kingambit|37/100 par
|-resisted|p2a: Kingambit
|-damage|p2a: Kingambit|20/100 par
|-hitcount|p2a: Kingambit|3
|-damage|p1a: Weavile|81/100|[from] item: Life Orb
|move|p2a: Kingambit|Iron Head|p1a: Weavile
|-supereffective|p1a: Weavile
|-damage|p1a: Weavile|0 fnt
|faint|p1a: Weavile
|
|upkeep
|
|t:|1758949812
|switch|p1a: Landorus|Landorus-Therian, M|100/100
|-ability|p1a: Landorus|Intimidate|boost
|-unboost|p2a: Kingambit|atk|1
|turn|21
|
|t:|1758949831
|cant|p2a: Kingambit|par
|move|p1a: Landorus|Swords Dance|p1a: Landorus
|-boost|p1a: Landorus|atk|2
|
|upkeep
|turn|22
|
|t:|1758949839
|cant|p2a: Kingambit|par
|move|p1a: Landorus|Earthquake|p2a: Kingambit
|-supereffective|p2a: Kingambit
|-damage|p2a: Kingambit|0 fnt
|faint|p2a: Kingambit
|-end|p2a: Kingambit|fallen4|[silent]
|
|upkeep
|-message|Sonzaisonder forfeited.
|
|win|lolimdabeast
|raw|lolimdabeast's rating: 1369 &rarr; <strong>1387</strong><br />(+18 for winning)
|raw|Sonzaisonder's rating: 1340 &rarr; <strong>1322</strong><br />(-18 for losing)
|l|☆Sonzaisonder
|player|p2|
|l|☆lolimdabeast
|player|p1|
