|j|☆123ebolaman
|j|☆Rigid123456
|t:|1758976737
|gametype|singles
|player|p1|123ebolaman|blackbelt-gen4dp|1429
|player|p2|Rigid123456|red|1405
|gen|9
|tier|[Gen 9] OU
|rated|
|rule|HP Percentage Mod: HP is shown in percentages
|rule|Endless Battle Clause: Forcing endless battles is banned
|rule|Species Clause: Limit one of each Pokémon
|rule|OHKO Clause: OHKO moves are banned
|rule|Evasion Items Clause: Evasion items are banned
|rule|Evasion Moves Clause: Evasion moves are banned
|rule|Evasion Abilities Clause: Evasion abilities are banned
|rule|Sleep Moves Clause: Sleep-inducing moves are banned
|clearpoke
|poke|p1|Ceruledge, M|
|poke|p1|Araquanid, F|
|poke|p1|Gholdengo|
|poke|p1|Great Tusk|
|poke|p1|Enamorus, F|
|poke|p1|Ursaluna, M|
|poke|p2|Blaziken, M|
|poke|p2|Corviknight, M|
|poke|p2|Rillaboom, M|
|poke|p2|Porygon-Z|
|poke|p2|Gliscor, F|
|poke|p2|Clefable, F|
|teampreview
|inactive|Battle timer is ON: inactive players will automatically lose when time's up. (requested by Rigid123456)
|
|t:|1758976745
|teamsize|p1|6
|teamsize|p2|6
|start
|switch|p1a: Araquanid|Araquanid, F|100/100
|switch|p2a: Corviknight|Corviknight, M|100/100
|turn|1
|
|t:|1758976753
|switch|p1a: Ceruledge|Ceruledge, M|100/100
|move|p2a: Corviknight|Brave Bird|p1a: Ceruledge
|-damage|p1a: Ceruledge|48/100
|-ability|p1a: Ceruledge|Weak Armor|boost
|-unboost|p1a: Ceruledge|def|1
|-boost|p1a: Ceruledge|spe|2
|-damage|p2a: Corviknight|88/100|[from] Recoil
|
|upkeep
|turn|2
|
|t:|1758976765
|-terastallize|p2a: Corviknight|Dragon
|move|p1a: Ceruledge|Bitter Blade|p2a: Corviknight
|-resisted|p2a: Corviknight
|-damage|p2a: Corviknight|68/100
|-heal|p1a: Ceruledge|62/100|[from] drain|[of] p2a: Corviknight
|-damage|p1a: Ceruledge|46/100|[from] item: Rocky Helmet|[of] p2a: Corviknight
|move|p2a: Corviknight|Brave Bird|p1a: Ceruledge
|-damage|p1a: Ceruledge|0 fnt
|faint|p1a: Ceruledge
|-damage|p2a: Corviknight|57/100|[from] Recoil
|
|upkeep
|
|t:|1758976780
|switch|p1a: Enamorus|Enamorus, F|100/100
|turn|3
|
|t:|1758976787
|switch|p2a: Clefable|Clefable, F|100/100
|move|p1a: Enamorus|Moonblast|p2a: Clefable
|-damage|p2a: Clefable|59/100
|-unboost|p2a: Clefable|spa|1
|
|-heal|p2a: Clefable|65/100|[from] item: Leftovers
|upkeep
|turn|4
|
|t:|1758976797
|switch|p1a: Gholdengo|Gholdengo|100/100
|move|p2a: Clefable|Cosmic Power|p2a: Clefable
|-boost|p2a: Clefable|def|1
|-boost|p2a: Clefable|spd|1
|
|-heal|p2a: Clefable|71/100|[from] item: Leftovers
|upkeep
|turn|5
|
|t:|1758976805
|switch|p2a: Gliscor|Gliscor, F|100/100
|move|p1a: Gholdengo|Nasty Plot|p1a: Gholdengo
|-boost|p1a: Gholdengo|spa|2
|
|-status|p2a: Gliscor|tox|[from] item: Toxic Orb
|upkeep
|turn|6
|inactive|123ebolaman has 120 seconds left.
|
|t:|1758976851
|move|p1a: Gholdengo|Shadow Ball|p2a: Gliscor
|-damage|p2a: Gliscor|0 fnt
|faint|p2a: Gliscor
|
|upkeep
|
|t:|1758976856
|switch|p2a: Porygon-Z|Porygon-Z|100/100
|turn|7
|
|t:|1758976869
|move|p2a: Porygon-Z|Shadow Ball|p1a: Gholdengo
|-supereffective|p1a: Gholdengo
|-damage|p1a: Gholdengo|0 fnt
|faint|p1a: Gholdengo
|
|upkeep
|
|t:|1758976876
|switch|p1a: Araquanid|Araquanid, F|100/100
|turn|8
|
|t:|1758976880
|switch|p2a: Corviknight|Corviknight, M, tera:Dragon|57/100
|move|p1a: Araquanid|Sticky Web|p2a: Corviknight
|-sidestart|p2: Rigid123456|move: Sticky Web
|
|upkeep
|turn|9
|
|t:|1758976888
|switch|p1a: Enamorus|Enamorus, F|100/100
|move|p2a: Corviknight|Defog|p1a: Enamorus
|-unboost|p1a: Enamorus|evasion|1
|-sideend|p2: Rigid123456|Sticky Web|[from] move: Defog|[of] p2a: Corviknight
|
|upkeep
|turn|10
|
|t:|1758976899
|move|p1a: Enamorus|Moonblast|p2a: Corviknight
|-supereffective|p2a: Corviknight
|-damage|p2a: Corviknight|0 fnt
|faint|p2a: Corviknight
|
|upkeep
|
|t:|1758976901
|switch|p2a: Clefable|Clefable, F|71/100
|turn|11
|
|t:|1758976909
|switch|p1a: Araquanid|Araquanid, F|100/100
|move|p2a: Clefable|Wish|p2a: Clefable
|
|-heal|p2a: Clefable|77/100|[from] item: Leftovers
|upkeep
|turn|12
|
|t:|1758976917
|switch|p2a: Rillaboom|Rillaboom, M|100/100
|-fieldstart|move: Grassy Terrain|[from] ability: Grassy Surge|[of] p2a: Rillaboom
|move|p1a: Araquanid|Sticky Web|p2a: Rillaboom
|-sidestart|p2: Rigid123456|move: Sticky Web
|
|upkeep
|turn|13
|
|t:|1758976924
|move|p2a: Rillaboom|Wood Hammer|p1a: Araquanid
|-damage|p1a: Araquanid|0 fnt
|faint|p1a: Araquanid
|-damage|p2a: Rillaboom|68/100|[from] Recoil
|
|-heal|p2a: Rillaboom|74/100|[from] Grassy Terrain
|upkeep
|
|t:|1758976936
|switch|p1a: Enamorus|Enamorus, F|100/100
|turn|14
|
|t:|1758976941
|switch|p2a: Clefable|Clefable, F|77/100
|-activate|p2a: Clefable|move: Sticky Web
|-unboost|p2a: Clefable|spe|1
|move|p1a: Enamorus|Sludge Bomb|p2a: Clefable
|-supereffective|p2a: Clefable
|-damage|p2a: Clefable|19/100
|-status|p2a: Clefable|psn
|
|-heal|p2a: Clefable|25/100 psn|[from] Grassy Terrain
|-heal|p2a: Clefable|31/100 psn|[from] item: Leftovers
|-damage|p2a: Clefable|19/100 psn|[from] psn
|upkeep
|turn|15
|
|t:|1758976953
|move|p1a: Enamorus|Sludge Bomb|p2a: Clefable
|-supereffective|p2a: Clefable
|-damage|p2a: Clefable|0 fnt
|faint|p2a: Clefable
|
|upkeep
|
|t:|1758976957
|switch|p2a: Porygon-Z|Porygon-Z|100/100
|-activate|p2a: Porygon-Z|move: Sticky Web
|-unboost|p2a: Porygon-Z|spe|1
|turn|16
|
|t:|1758976962
|switch|p1a: Great Tusk|Great Tusk|100/100
|move|p2a: Porygon-Z|Hyper Beam|p1a: Great Tusk
|-damage|p1a: Great Tusk|0 fnt
|-mustrecharge|p2a: Porygon-Z
|faint|p1a: Great Tusk
|-end|p1a: Great Tusk|Protosynthesis|[silent]
|
|-fieldend|move: Grassy Terrain
|upkeep
|
|t:|1758976970
|switch|p1a: Ursaluna|Ursaluna, M|100/100
|turn|17
|
|t:|1758976974
|move|p1a: Ursaluna|Trailblaze|p2a: Porygon-Z
|-damage|p2a: Porygon-Z|72/100
|-boost|p1a: Ursaluna|spe|1
|cant|p2a: Porygon-Z|recharge
|
|-status|p1a: Ursaluna|brn|[from] item: Flame Orb
|upkeep
|turn|18
|
|t:|1758976986
|switch|p2a: Blaziken|Blaziken, M|100/100
|-activate|p2a: Blaziken|move: Sticky Web
|-unboost|p2a: Blaziken|spe|1
|move|p1a: Ursaluna|Facade|p2a: Blaziken
|-damage|p2a: Blaziken|0 fnt
|faint|p2a: Blaziken
|
|-damage|p1a: Ursaluna|94/100 brn|[from] brn
|upkeep
|
|t:|1758976993
|switch|p2a: Rillaboom|Rillaboom, M|74/100
|-activate|p2a: Rillaboom|move: Sticky Web
|-unboost|p2a: Rillaboom|spe|1
|-fieldstart|move: Grassy Terrain|[from] ability: Grassy Surge|[of] p2a: Rillaboom
|turn|19
|
|t:|1758977004
|-terastallize|p1a: Ursaluna|Normal
|move|p2a: Rillaboom|Grassy Glide|p1a: Ursaluna
|-damage|p1a: Ursaluna|52/100 brn
|move|p1a: Ursaluna|Facade|p2a: Rillaboom
|-damage|p2a: Rillaboom|0 fnt
|faint|p2a: Rillaboom
|
|-heal|p1a: Ursaluna|58/100 brn|[from] Grassy Terrain
|-damage|p1a: Ursaluna|52/100 brn|[from] brn
|upkeep
|
|t:|1758977011
|switch|p2a: Porygon-Z|Porygon-Z|72/100
|-activate|p2a: Porygon-Z|move: Sticky Web
|-unboost|p2a: Porygon-Z|spe|1
|turn|20
|
|t:|1758977017
|move|p1a: Ursaluna|Facade|p2a: Porygon-Z
|-damage|p2a: Porygon-Z|0 fnt
|faint|p2a: Porygon-Z
|
|win|123ebolaman
|raw|123ebolaman's rating: 1429 &rarr; <strong>1448</strong><br />(+19 for winning)
|raw|Rigid123456's rating: 1405 &rarr; <strong>1386</strong><br />(-19 for losing)
|l|☆Rigid123456
|player|p2|
|l|☆123ebolaman
|player|p1|
