|j|☆ivon_neeeeeee
|j|☆Abribus
|t:|1758976840
|gametype|singles
|player|p1|ivon_neeeeeee|n|1661
|player|p2|Abribus|volkner|1626
|gen|9
|tier|[Gen 9] OU
|rated|
|rule|HP Percentage Mod: HP is shown in percentages
|rule|Endless Battle Clause: Forcing endless battles is banned
|rule|Species Clause: Limit one of each Pokémon
|rule|OHKO Clause: OHKO moves are banned
|rule|Evasion Items Clause: Evasion items are banned
|rule|Evasion Moves Clause: Evasion moves are banned
|rule|Evasion Abilities Clause: Evasion abilities are banned
|rule|Sleep Moves Clause: Sleep-inducing moves are banned
|clearpoke
|poke|p1|Latios, M|
|poke|p1|Ting-Lu|
|poke|p1|Gholdengo|
|poke|p1|Moltres|
|poke|p1|Great Tusk|
|poke|p1|Ogerpon-Wellspring, F|
|poke|p2|Iron Crown|
|poke|p2|Samurott-Hisui, M|
|poke|p2|Zapdos|
|poke|p2|Dragapult, F|
|poke|p2|Great Tusk|
|poke|p2|Iron Boulder|
|teampreview
|inactive|Battle timer is ON: inactive players will automatically lose when time's up. (requested by Abribus)
|
|t:|1758976860
|teamsize|p1|6
|teamsize|p2|6
|start
|switch|p1a: Gholdengo|Gholdengo|100/100
|switch|p2a: Almeida|Great Tusk|100/100
|turn|1
|
|t:|1758976868
|switch|p1a: Great Tusk|Great Tusk|100/100
|move|p2a: Almeida|Stealth Rock|p1a: Great Tusk
|-sidestart|p1: ivon_neeeeeee|move: Stealth Rock
|
|upkeep
|turn|2
|
|t:|1758976872
|-end|p2a: Almeida|Protosynthesis|[silent]
|switch|p2a: Cronus|Zapdos|100/100
|move|p1a: Great Tusk|Stealth Rock|p2a: Cronus
|-sidestart|p2: Abribus|move: Stealth Rock
|
|upkeep
|turn|3
|
|t:|1758976878
|-end|p1a: Great Tusk|Protosynthesis|[silent]
|switch|p1a: Ting-Lu|Ting-Lu|100/100
|-damage|p1a: Ting-Lu|94/100|[from] Stealth Rock
|-ability|p1a: Ting-Lu|Vessel of Ruin
|move|p2a: Cronus|U-turn|p1a: Ting-Lu
|-supereffective|p1a: Ting-Lu
|-damage|p1a: Ting-Lu|80/100
|
|t:|1758976881
|switch|p2a: Almeida|Great Tusk|100/100|[from] U-turn
|-damage|p2a: Almeida|98/100|[from] Stealth Rock
|
|-heal|p1a: Ting-Lu|86/100|[from] item: Leftovers
|upkeep
|turn|4
|
|t:|1758976891
|move|p2a: Almeida|Rapid Spin|p1a: Ting-Lu
|-damage|p1a: Ting-Lu|77/100
|-boost|p2a: Almeida|spe|1
|-sideend|p2: Abribus|Stealth Rock|[from] move: Rapid Spin|[of] p2a: Almeida
|move|p1a: Ting-Lu|Ruination|p2a: Almeida
|-damage|p2a: Almeida|49/100
|
|-heal|p1a: Ting-Lu|83/100|[from] item: Leftovers
|upkeep
|turn|5
|
|t:|1758976900
|move|p2a: Almeida|Headlong Rush|p1a: Ting-Lu
|-damage|p1a: Ting-Lu|51/100
|-unboost|p2a: Almeida|def|1
|-unboost|p2a: Almeida|spd|1
|move|p1a: Ting-Lu|Spikes|p2a: Almeida
|-sidestart|p2: Abribus|Spikes
|
|-heal|p1a: Ting-Lu|57/100|[from] item: Leftovers
|upkeep
|turn|6
|
|t:|1758976908
|switch|p1a: Moltres|Moltres|100/100
|move|p2a: Almeida|Rapid Spin|p1a: Moltres
|-damage|p1a: Moltres|88/100
|-boost|p2a: Almeida|spe|1
|-status|p2a: Almeida|brn|[from] ability: Flame Body|[of] p1a: Moltres
|-sideend|p2: Abribus|Spikes|[from] move: Rapid Spin|[of] p2a: Almeida
|
|-damage|p2a: Almeida|43/100 brn|[from] brn
|upkeep
|turn|7
|
|t:|1758976918
|-end|p2a: Almeida|Protosynthesis|[silent]
|switch|p2a: Cronus|Zapdos|100/100
|switch|p1a: Great Tusk|Great Tusk|100/100
|
|upkeep
|turn|8
|
|t:|1758976924
|move|p1a: Great Tusk|Stealth Rock|p2a: Cronus
|-sidestart|p2: Abribus|move: Stealth Rock
|move|p2a: Cronus|Hurricane|p1a: Great Tusk
|-supereffective|p1a: Great Tusk
|-crit|p1a: Great Tusk
|-damage|p1a: Great Tusk|0 fnt
|faint|p1a: Great Tusk
|-end|p1a: Great Tusk|Protosynthesis|[silent]
|
|upkeep
|
|t:|1758976931
|switch|p1a: Latios|Latios, M|100/100
|-damage|p1a: Latios|88/100|[from] Stealth Rock
|turn|9
|
|t:|1758976934
|move|p1a: Latios|Flip Turn|p2a: Cronus
|-damage|p2a: Cronus|92/100
|-status|p1a: Latios|par|[from] ability: Static|[of] p2a: Cronus
|
|t:|1758976938
|switch|p1a: Ting-Lu|Ting-Lu|57/100|[from] Flip Turn
|-damage|p1a: Ting-Lu|51/100|[from] Stealth Rock
|-ability|p1a: Ting-Lu|Vessel of Ruin
|move|p2a: Cronus|U-turn|p1a: Ting-Lu
|-supereffective|p1a: Ting-Lu
|-damage|p1a: Ting-Lu|35/100
|
|t:|1758976949
|switch|p2a: Droll|Samurott-Hisui, M|100/100|[from] U-turn
|-damage|p2a: Droll|88/100|[from] Stealth Rock
|
|-heal|p1a: Ting-Lu|41/100|[from] item: Leftovers
|upkeep
|turn|10
|
|t:|1758976968
|switch|p2a: Cronus|Zapdos|92/100
|move|p1a: Ting-Lu|Earthquake|p2a: Cronus
|-immune|p2a: Cronus
|
|-heal|p1a: Ting-Lu|47/100|[from] item: Leftovers
|upkeep
|turn|11
|
|t:|1758976975
|move|p2a: Cronus|U-turn|p1a: Ting-Lu
|-supereffective|p1a: Ting-Lu
|-damage|p1a: Ting-Lu|32/100
|
|t:|1758976977
|switch|p2a: Almeida|Great Tusk|43/100 brn|[from] U-turn
|-damage|p2a: Almeida|40/100 brn|[from] Stealth Rock
|move|p1a: Ting-Lu|Spikes|p2a: Almeida
|-sidestart|p2: Abribus|Spikes
|
|-heal|p1a: Ting-Lu|39/100|[from] item: Leftovers
|-damage|p2a: Almeida|34/100 brn|[from] brn
|upkeep
|turn|12
|
|t:|1758976988
|switch|p1a: Gholdengo|Gholdengo|100/100
|-damage|p1a: Gholdengo|94/100|[from] Stealth Rock
|move|p2a: Almeida|Rapid Spin|p1a: Gholdengo
|-immune|p1a: Gholdengo
|
|-damage|p2a: Almeida|27/100 brn|[from] brn
|upkeep
|turn|13
|
|t:|1758977001
|move|p1a: Gholdengo|Shadow Ball|p2a: Almeida
|-damage|p2a: Almeida|0 fnt
|faint|p2a: Almeida
|-end|p2a: Almeida|Protosynthesis|[silent]
|
|upkeep
|
|t:|1758977004
|switch|p2a: Droll|Samurott-Hisui, M|88/100
|-damage|p2a: Droll|76/100|[from] Stealth Rock
|-damage|p2a: Droll|63/100|[from] Spikes
|turn|14
|
|t:|1758977010
|switch|p1a: Moltres|Moltres|88/100
|move|p2a: Droll|Ceaseless Edge|p1a: Moltres
|-damage|p1a: Moltres|59/100
|-sidestart|p1: ivon_neeeeeee|Spikes
|
|upkeep
|turn|15
|
|t:|1758977019
|switch|p2a: Cronus|Zapdos|92/100
|move|p1a: Moltres|U-turn|p2a: Cronus
|-resisted|p2a: Cronus
|-damage|p2a: Cronus|87/100
|
|t:|1758977024
|switch|p1a: Latios|Latios, M|88/100 par|[from] U-turn
|-damage|p1a: Latios|76/100 par|[from] Stealth Rock
|
|upkeep
|turn|16
|
|t:|1758977029
|move|p2a: Cronus|U-turn|p1a: Latios
|-supereffective|p1a: Latios
|-damage|p1a: Latios|42/100 par
|
|t:|1758977032
|switch|p2a: Hattori|Iron Crown|100/100|[from] U-turn
|-damage|p2a: Hattori|94/100|[from] Stealth Rock
|-damage|p2a: Hattori|82/100|[from] Spikes
|move|p1a: Latios|Flip Turn|p2a: Hattori
|-damage|p2a: Hattori|69/100
|
|t:|1758977040
|switch|p1a: Ogerpon|Ogerpon-Wellspring, F|100/100|[from] Flip Turn
|-damage|p1a: Ogerpon|88/100|[from] Stealth Rock
|-damage|p1a: Ogerpon|76/100|[from] Spikes
|
|upkeep
|turn|17
|
|t:|1758977047
|move|p1a: Ogerpon|Ivy Cudgel|p2a: Hattori|[anim] Ivy Cudgel Water
|-damage|p2a: Hattori|11/100
|move|p2a: Hattori|Tachyon Cutter|p1a: Ogerpon
|-resisted|p1a: Ogerpon
|-damage|p1a: Ogerpon|54/100
|-resisted|p1a: Ogerpon
|-damage|p1a: Ogerpon|32/100
|-hitcount|p1a: Ogerpon|2
|
|upkeep
|turn|18
|
|t:|1758977054
|move|p1a: Ogerpon|Synthesis|p1a: Ogerpon
|-heal|p1a: Ogerpon|82/100
|move|p2a: Hattori|Tachyon Cutter|p1a: Ogerpon
|-resisted|p1a: Ogerpon
|-damage|p1a: Ogerpon|59/100
|-resisted|p1a: Ogerpon
|-damage|p1a: Ogerpon|38/100
|-hitcount|p1a: Ogerpon|2
|
|upkeep
|turn|19
|
|t:|1758977061
|move|p1a: Ogerpon|Play Rough|p2a: Hattori
|-resisted|p2a: Hattori
|-damage|p2a: Hattori|0 fnt
|faint|p2a: Hattori
|-end|p2a: Hattori|Quark Drive|[silent]
|
|upkeep
|
|t:|1758977064
|switch|p2a: Droll|Samurott-Hisui, M|63/100
|-damage|p2a: Droll|51/100|[from] Stealth Rock
|-damage|p2a: Droll|38/100|[from] Spikes
|turn|20
|
|t:|1758977072
|switch|p1a: Moltres|Moltres|59/100
|move|p2a: Droll|Ceaseless Edge|p1a: Moltres
|-damage|p1a: Moltres|27/100
|-status|p2a: Droll|brn|[from] ability: Flame Body|[of] p1a: Moltres
|-sidestart|p1: ivon_neeeeeee|Spikes
|
|-damage|p2a: Droll|32/100 brn|[from] brn
|upkeep
|turn|21
|
|t:|1758977080
|move|p2a: Droll|Ceaseless Edge|p1a: Moltres
|-damage|p1a: Moltres|10/100
|-sidestart|p1: ivon_neeeeeee|Spikes
|move|p1a: Moltres|Roost|p1a: Moltres
|-heal|p1a: Moltres|60/100
|-singleturn|p1a: Moltres|move: Roost
|
|-damage|p2a: Droll|26/100 brn|[from] brn
|upkeep
|turn|22
|
|t:|1758977089
|switch|p2a: Cronus|Zapdos|87/100
|move|p1a: Moltres|U-turn|p2a: Cronus
|-resisted|p2a: Cronus
|-damage|p2a: Cronus|81/100
|
|t:|1758977096
|switch|p1a: Latios|Latios, M|42/100 par|[from] U-turn
|-damage|p1a: Latios|30/100 par|[from] Stealth Rock
|
|upkeep
|turn|23
|
|t:|1758977102
|move|p2a: Cronus|Hurricane|p1a: Latios
|-damage|p1a: Latios|0 fnt
|faint|p1a: Latios
|
|upkeep
|
|t:|1758977110
|switch|p1a: Ogerpon|Ogerpon-Wellspring, F|38/100
|-damage|p1a: Ogerpon|26/100|[from] Stealth Rock
|-damage|p1a: Ogerpon|1/100|[from] Spikes
|turn|24
|
|t:|1758977117
|switch|p2a: Droll|Samurott-Hisui, M|26/100 brn
|-damage|p2a: Droll|13/100 brn|[from] Stealth Rock
|-damage|p2a: Droll|1/100 brn|[from] Spikes
|move|p1a: Ogerpon|Ivy Cudgel|p2a: Droll|[anim] Ivy Cudgel Water
|-resisted|p2a: Droll
|-damage|p2a: Droll|0 fnt
|faint|p2a: Droll
|
|upkeep
|
|t:|1758977121
|switch|p2a: Robingo|Dragapult, F|100/100
|-damage|p2a: Robingo|88/100|[from] Stealth Rock
|-damage|p2a: Robingo|76/100|[from] Spikes
|turn|25
|
|t:|1758977131
|move|p2a: Robingo|Dragon Darts|p1a: Ogerpon
|-damage|p1a: Ogerpon|0 fnt
|faint|p1a: Ogerpon
|
|upkeep
|
|t:|1758977135
|switch|p1a: Gholdengo|Gholdengo|94/100
|-damage|p1a: Gholdengo|88/100|[from] Stealth Rock
|-damage|p1a: Gholdengo|64/100|[from] Spikes
|turn|26
|
|t:|1758977157
|switch|p2a: Cronus|Zapdos|81/100
|move|p1a: Gholdengo|Shadow Ball|p2a: Cronus
|-damage|p2a: Cronus|40/100
|
|upkeep
|turn|27
|
|t:|1758977169
|move|p1a: Gholdengo|Shadow Ball|p2a: Cronus
|-damage|p2a: Cronus|0 fnt
|faint|p2a: Cronus
|
|upkeep
|
|t:|1758977177
|switch|p2a: Robingo|Dragapult, F|76/100
|-damage|p2a: Robingo|64/100|[from] Stealth Rock
|-damage|p2a: Robingo|51/100|[from] Spikes
|turn|28
|
|t:|1758977182
|switch|p1a: Ting-Lu|Ting-Lu|39/100
|-damage|p1a: Ting-Lu|32/100|[from] Stealth Rock
|-damage|p1a: Ting-Lu|8/100|[from] Spikes
|-ability|p1a: Ting-Lu|Vessel of Ruin
|move|p2a: Robingo|Sucker Punch||[still]
|-fail|p2a: Robingo
|
|-heal|p1a: Ting-Lu|14/100|[from] item: Leftovers
|upkeep
|turn|29
|
|t:|1758977192
|switch|p2a: Nakata|Iron Boulder|100/100
|-damage|p2a: Nakata|88/100|[from] Stealth Rock
|-damage|p2a: Nakata|76/100|[from] Spikes
|-enditem|p2a: Nakata|Booster Energy
|-activate|p2a: Nakata|ability: Quark Drive|[fromitem]
|-start|p2a: Nakata|quarkdrivespe
|move|p1a: Ting-Lu|Whirlwind|p2a: Nakata
|-end|p2a: Nakata|Quark Drive|[silent]
|drag|p2a: Robingo|Dragapult, F|51/100
|-damage|p2a: Robingo|39/100|[from] Stealth Rock
|-damage|p2a: Robingo|27/100|[from] Spikes
|
|-heal|p1a: Ting-Lu|20/100|[from] item: Leftovers
|upkeep
|turn|30
|
|t:|1758977210
|move|p2a: Robingo|U-turn|p1a: Ting-Lu
|-supereffective|p1a: Ting-Lu
|-damage|p1a: Ting-Lu|0 fnt
|faint|p1a: Ting-Lu
|
|t:|1758977213
|switch|p2a: Nakata|Iron Boulder|76/100|[from] U-turn
|-damage|p2a: Nakata|63/100|[from] Stealth Rock
|-damage|p2a: Nakata|51/100|[from] Spikes
|
|upkeep
|
|t:|1758977222
|switch|p1a: Gholdengo|Gholdengo|64/100
|-damage|p1a: Gholdengo|58/100|[from] Stealth Rock
|-damage|p1a: Gholdengo|33/100|[from] Spikes
|turn|31
|
|t:|1758977227
|move|p1a: Gholdengo|Shadow Ball|p2a: Nakata
|-supereffective|p2a: Nakata
|-damage|p2a: Nakata|0 fnt
|faint|p2a: Nakata
|-end|p2a: Nakata|Quark Drive|[silent]
|
|upkeep
|
|t:|1758977229
|switch|p2a: Robingo|Dragapult, F|27/100
|-damage|p2a: Robingo|14/100|[from] Stealth Rock
|-damage|p2a: Robingo|2/100|[from] Spikes
|turn|32
|
|t:|1758977240
|-terastallize|p1a: Gholdengo|Dark
|move|p1a: Gholdengo|Shadow Ball|p2a: Robingo
|-supereffective|p2a: Robingo
|-damage|p2a: Robingo|0 fnt
|faint|p2a: Robingo
|
|win|ivon_neeeeeee
|raw|ivon_neeeeeee's rating: 1661 &rarr; <strong>1679</strong><br />(+18 for winning)
|raw|Abribus's rating: 1626 &rarr; <strong>1608</strong><br />(-18 for losing)
|l|☆Abribus
|player|p2|
|l|☆ivon_neeeeeee
|player|p1|
