|j|☆Zeke_Attention
|j|☆CJWDQ
|t:|1759077445
|gametype|singles
|player|p1|Zeke_Attention|102|1159
|player|p2|CJWDQ|cynthia-gen4|1163
|gen|9
|tier|[Gen 9] OU
|rated|
|rule|HP Percentage Mod: HP is shown in percentages
|rule|Endless Battle Clause: Forcing endless battles is banned
|rule|Species Clause: Limit one of each Pokémon
|rule|OHKO Clause: OHKO moves are banned
|rule|Evasion Items Clause: Evasion items are banned
|rule|Evasion Moves Clause: Evasion moves are banned
|rule|Evasion Abilities Clause: Evasion abilities are banned
|rule|Sleep Moves Clause: Sleep-inducing moves are banned
|clearpoke
|poke|p1|Greninja-*, M|
|poke|p1|Staraptor, M|
|poke|p1|Hydrapple, M|
|poke|p1|Diancie|
|poke|p1|Lycanroc-Dusk, M|
|poke|p1|Delphox, F|
|poke|p2|Zapdos|
|poke|p2|Corviknight, F|
|poke|p2|Primarina, M|
|poke|p2|Samurott-Hisui, M|
|poke|p2|Dragapult, M|
|poke|p2|Iron Treads|
|teampreview
|
|t:|1759077451
|teamsize|p1|6
|teamsize|p2|6
|start
|switch|p1a: Lycanroc|Lycanroc-Dusk, M|100/100
|switch|p2a: Iron Treads|Iron Treads|100/100
|turn|1
|inactive|Battle timer is ON: inactive players will automatically lose when time's up. (requested by Zeke_Attention)
|
|t:|1759077459
|move|p1a: Lycanroc|Stealth Rock|p2a: Iron Treads
|-sidestart|p2: CJWDQ|move: Stealth Rock
|move|p2a: Iron Treads|Stealth Rock|p1a: Lycanroc
|-sidestart|p1: Zeke_Attention|move: Stealth Rock
|
|upkeep
|turn|2
|
|t:|1759077467
|move|p1a: Lycanroc|Close Combat|p2a: Iron Treads
|-supereffective|p2a: Iron Treads
|-damage|p2a: Iron Treads|12/100
|-unboost|p1a: Lycanroc|def|1
|-unboost|p1a: Lycanroc|spd|1
|-damage|p1a: Lycanroc|84/100|[from] item: Rocky Helmet|[of] p2a: Iron Treads
|move|p2a: Iron Treads|Earth Power|p1a: Lycanroc
|-supereffective|p1a: Lycanroc
|-damage|p1a: Lycanroc|0 fnt
|faint|p1a: Lycanroc
|
|upkeep
|
|t:|1759077482
|switch|p1a: Greninja|Greninja, M|100/100
|-damage|p1a: Greninja|88/100|[from] Stealth Rock
|turn|3
|
|t:|1759077492
|-end|p2a: Iron Treads|Quark Drive|[silent]
|switch|p2a: Zapdos|Zapdos, shiny|100/100
|-damage|p2a: Zapdos|76/100|[from] Stealth Rock
|move|p1a: Greninja|Surf|p2a: Zapdos
|-damage|p2a: Zapdos|25/100
|-damage|p1a: Greninja|78/100|[from] item: Life Orb
|
|upkeep
|turn|4
|
|t:|1759077502
|move|p1a: Greninja|Ice Beam|p2a: Zapdos
|-supereffective|p2a: Zapdos
|-damage|p2a: Zapdos|0 fnt
|faint|p2a: Zapdos
|-ability|p1a: Greninja|Battle Bond|boost
|-boost|p1a: Greninja|atk|1
|-boost|p1a: Greninja|spa|1
|-boost|p1a: Greninja|spe|1
|-activate|p1a: Greninja|ability: Battle Bond
|-damage|p1a: Greninja|69/100|[from] item: Life Orb
|
|upkeep
|
|t:|1759077515
|switch|p2a: Primarina|Primarina, M, shiny|100/100
|-damage|p2a: Primarina|88/100|[from] Stealth Rock
|turn|5
|
|t:|1759077523
|move|p1a: Greninja|Sludge Wave|p2a: Primarina
|-supereffective|p2a: Primarina
|-damage|p2a: Primarina|27/100
|-status|p2a: Primarina|psn
|-damage|p1a: Greninja|59/100|[from] item: Life Orb
|move|p2a: Primarina|Moonblast|p1a: Greninja
|-supereffective|p1a: Greninja
|-damage|p1a: Greninja|0 fnt
|faint|p1a: Greninja
|
|-damage|p2a: Primarina|15/100 psn|[from] psn
|upkeep
|
|t:|1759077538
|switch|p1a: Diancie|Diancie|100/100
|-damage|p1a: Diancie|88/100|[from] Stealth Rock
|turn|6
|
|t:|1759077547
|-terastallize|p1a: Diancie|Water
|move|p2a: Primarina|Hydro Pump|p1a: Diancie
|-resisted|p1a: Diancie
|-damage|p1a: Diancie|56/100
|move|p1a: Diancie|Diamond Storm|p2a: Primarina
|-damage|p2a: Primarina|0 fnt
|-boost|p1a: Diancie|def|2
|faint|p2a: Primarina
|
|-heal|p1a: Diancie|62/100|[from] item: Leftovers
|upkeep
|
|t:|1759077560
|switch|p2a: Iron Treads|Iron Treads|12/100
|-damage|p2a: Iron Treads|9/100|[from] Stealth Rock
|turn|7
|
|t:|1759077565
|move|p2a: Iron Treads|Rapid Spin|p1a: Diancie
|-damage|p1a: Diancie|59/100
|-boost|p2a: Iron Treads|spe|1
|-sideend|p2: CJWDQ|Stealth Rock|[from] move: Rapid Spin|[of] p2a: Iron Treads
|move|p1a: Diancie|Diamond Storm|p2a: Iron Treads
|-resisted|p2a: Iron Treads
|-damage|p2a: Iron Treads|1/100
|-boost|p1a: Diancie|def|2
|
|-heal|p1a: Diancie|65/100|[from] item: Leftovers
|upkeep
|turn|8
|
|t:|1759077578
|move|p2a: Iron Treads|Volt Switch|p1a: Diancie
|-supereffective|p1a: Diancie
|-damage|p1a: Diancie|43/100
|
|t:|1759077585
|-end|p2a: Iron Treads|Quark Drive|[silent]
|switch|p2a: Samurott|Samurott-Hisui, M, shiny|100/100|[from] Volt Switch
|move|p1a: Diancie|Diamond Storm|p2a: Samurott
|-damage|p2a: Samurott|60/100
|-boost|p1a: Diancie|def|2
|
|-heal|p1a: Diancie|49/100|[from] item: Leftovers
|upkeep
|turn|9
|
|t:|1759077596
|move|p2a: Samurott|Sacred Sword|p1a: Diancie
|-damage|p1a: Diancie|22/100
|move|p1a: Diancie|Body Press|p2a: Samurott
|-supereffective|p2a: Samurott
|-damage|p2a: Samurott|0 fnt
|faint|p2a: Samurott
|
|-heal|p1a: Diancie|28/100|[from] item: Leftovers
|upkeep
|l|☆CJWDQ
|inactive|CJWDQ disconnected and has a minute to reconnect!
|player|p2|
|j|☆CJWDQ
|inactive|CJWDQ reconnected and has 125 seconds left.
|player|p2|CJWDQ|cynthia-gen4|
|inactive|CJWDQ has 120 seconds left.
|
|t:|1759077622
|switch|p2a: Iron Treads|Iron Treads|1/100
|turn|10
|
|t:|1759077627
|move|p2a: Iron Treads|Earth Power|p1a: Diancie
|-damage|p1a: Diancie|6/100
|move|p1a: Diancie|Body Press|p2a: Iron Treads
|-supereffective|p2a: Iron Treads
|-damage|p2a: Iron Treads|0 fnt
|-damage|p1a: Diancie|0 fnt|[from] item: Rocky Helmet|[of] p2a: Iron Treads
|faint|p2a: Iron Treads
|-end|p2a: Iron Treads|Quark Drive|[silent]
|faint|p1a: Diancie
|
|upkeep
|
|t:|1759077644
|switch|p2a: Dragapult|Dragapult, M, shiny|100/100
|switch|p1a: Delphox|Delphox, F|100/100
|-damage|p1a: Delphox|76/100|[from] Stealth Rock
|turn|11
|
|t:|1759077657
|switch|p1a: Hydrapple|Hydrapple, M|100/100
|-damage|p1a: Hydrapple|88/100|[from] Stealth Rock
|move|p2a: Dragapult|U-turn|p1a: Hydrapple
|-supereffective|p1a: Hydrapple
|-damage|p1a: Hydrapple|31/100
|
|t:|1759077663
|switch|p2a: Corviknight|Corviknight, F, shiny|100/100|[from] U-turn
|
|upkeep
|turn|12
|
|t:|1759077672
|move|p2a: Corviknight|Brave Bird|p1a: Hydrapple
|-supereffective|p1a: Hydrapple
|-damage|p1a: Hydrapple|0 fnt
|faint|p1a: Hydrapple
|-damage|p2a: Corviknight|89/100|[from] Recoil
|
|upkeep
|
|t:|1759077678
|switch|p1a: Delphox|Delphox, F|76/100
|-damage|p1a: Delphox|51/100|[from] Stealth Rock
|turn|13
|
|t:|1759077684
|-terastallize|p2a: Corviknight|Ground
|move|p1a: Delphox|Flamethrower|p2a: Corviknight
|-damage|p2a: Corviknight|47/100
|move|p2a: Corviknight|Brave Bird|p1a: Delphox
|-damage|p1a: Delphox|0 fnt
|faint|p1a: Delphox
|-damage|p2a: Corviknight|34/100|[from] Recoil
|
|upkeep
|
|t:|1759077694
|switch|p1a: Staraptor|Staraptor, M|100/100
|-damage|p1a: Staraptor|75/100|[from] Stealth Rock
|turn|14
|
|t:|1759077699
|move|p1a: Staraptor|Brave Bird|p2a: Corviknight
|-damage|p2a: Corviknight|0 fnt
|-damage|p1a: Staraptor|59/100|[from] item: Rocky Helmet|[of] p2a: Corviknight
|faint|p2a: Corviknight
|-damage|p1a: Staraptor|46/100|[from] Recoil
|
|upkeep
|
|t:|1759077706
|switch|p2a: Dragapult|Dragapult, M, shiny|100/100
|turn|15
|
|t:|1759077710
|move|p1a: Staraptor|Brave Bird|p2a: Dragapult
|-damage|p2a: Dragapult|0 fnt
|faint|p2a: Dragapult
|-damage|p1a: Staraptor|12/100|[from] Recoil
|
|win|Zeke_Attention
|raw|Zeke_Attention's rating: 1159 &rarr; <strong>1184</strong><br />(+25 for winning)
|raw|CJWDQ's rating: 1163 &rarr; <strong>1138</strong><br />(-25 for losing)
|l|☆CJWDQ
|player|p2|
|l|☆Zeke_Attention
|player|p1|
