|j|☆thejester3995
|j|☆onardragon
|t:|1759062452
|gametype|singles
|player|p1|thejester3995|101|1096
|player|p2|onardragon|skyla|1201
|gen|9
|tier|[Gen 9] OU
|rated|
|rule|HP Percentage Mod: HP is shown in percentages
|rule|Endless Battle Clause: Forcing endless battles is banned
|rule|Species Clause: Limit one of each Pokémon
|rule|OHKO Clause: OHKO moves are banned
|rule|Evasion Items Clause: Evasion items are banned
|rule|Evasion Moves Clause: Evasion moves are banned
|rule|Evasion Abilities Clause: Evasion abilities are banned
|rule|Sleep Moves Clause: Sleep-inducing moves are banned
|clearpoke
|poke|p1|Landorus-Therian, M|
|poke|p1|Samurott-Hisui, F|
|poke|p1|Gholdengo|
|poke|p1|Thundurus-Therian, M|
|poke|p1|Scizor, M|
|poke|p1|Zamazenta-*|
|poke|p2|Toxapex, F|
|poke|p2|Garganacl, M|
|poke|p2|Blissey, F|
|poke|p2|Dondozo, F|
|poke|p2|Ting-Lu|
|poke|p2|Corviknight, F|
|teampreview
|
|t:|1759062490
|teamsize|p1|6
|teamsize|p2|6
|start
|switch|p1a: Samurott|Samurott-Hisui, F|100/100
|switch|p2a: Toxapex|Toxapex, F|100/100
|turn|1
|
|t:|1759062499
|move|p1a: Samurott|Ceaseless Edge|p2a: Toxapex
|-damage|p2a: Toxapex|63/100
|-sidestart|p2: onardragon|Spikes
|move|p2a: Toxapex|Infestation|p1a: Samurott
|-supereffective|p1a: Samurott
|-damage|p1a: Samurott|92/100
|-activate|p1a: Samurott|move: Infestation|[of] p2a: Toxapex
|
|-heal|p2a: Toxapex|69/100|[from] item: Leftovers
|-damage|p1a: Samurott|80/100|[from] move: Infestation|[partiallytrapped]
|upkeep
|turn|2
|
|t:|1759062511
|move|p1a: Samurott|Knock Off|p2a: Toxapex
|-damage|p2a: Toxapex|33/100
|-enditem|p2a: Toxapex|Leftovers|[from] move: Knock Off|[of] p1a: Samurott
|move|p2a: Toxapex|Recover|p2a: Toxapex
|-heal|p2a: Toxapex|83/100
|
|-damage|p1a: Samurott|67/100|[from] move: Infestation|[partiallytrapped]
|upkeep
|turn|3
|
|t:|1759062519
|move|p1a: Samurott|Ceaseless Edge|p2a: Toxapex
|-damage|p2a: Toxapex|47/100
|-sidestart|p2: onardragon|Spikes
|move|p2a: Toxapex|Toxic|p1a: Samurott
|-status|p1a: Samurott|tox
|
|-damage|p1a: Samurott|61/100 tox|[from] psn
|-damage|p1a: Samurott|49/100 tox|[from] move: Infestation|[partiallytrapped]
|upkeep
|turn|4
|
|t:|1759062529
|move|p2a: Toxapex|Baneful Bunker|p2a: Toxapex
|-singleturn|p2a: Toxapex|move: Protect
|move|p1a: Samurott|Ceaseless Edge|p2a: Toxapex
|-activate|p2a: Toxapex|move: Protect
|
|-damage|p1a: Samurott|36/100 tox|[from] psn
|-damage|p1a: Samurott|24/100 tox|[from] move: Infestation|[partiallytrapped]
|upkeep
|turn|5
|
|t:|1759062538
|switch|p2a: Corviknight|Corviknight, F|100/100
|-ability|p2a: Corviknight|Pressure
|move|p1a: Samurott|Ceaseless Edge|p2a: Corviknight
|-damage|p2a: Corviknight|70/100
|-damage|p1a: Samurott|8/100 tox|[from] item: Rocky Helmet|[of] p2a: Corviknight
|-sidestart|p2: onardragon|Spikes
|
|-damage|p1a: Samurott|0 fnt|[from] psn
|faint|p1a: Samurott
|upkeep
|inactive|Battle timer is ON: inactive players will automatically lose when time's up. (requested by onardragon)
|
|t:|1759062548
|switch|p1a: Gholdengo|Gholdengo|100/100
|turn|6
|
|t:|1759062556
|move|p1a: Gholdengo|Shadow Ball|p2a: Corviknight
|-crit|p2a: Corviknight
|-damage|p2a: Corviknight|4/100
|move|p2a: Corviknight|U-turn|p1a: Gholdengo
|-resisted|p1a: Gholdengo
|-damage|p1a: Gholdengo|97/100
|
|t:|1759062562
|switch|p2a: Garganacl|Garganacl, M|100/100|[from] U-turn
|-damage|p2a: Garganacl|75/100|[from] Spikes
|
|-heal|p2a: Garganacl|82/100|[from] item: Leftovers
|upkeep
|turn|7
|
|t:|1759062569
|switch|p1a: Zamazenta|Zamazenta|100/100
|-ability|p1a: Zamazenta|Dauntless Shield|boost
|-boost|p1a: Zamazenta|def|1
|move|p2a: Garganacl|Salt Cure|p1a: Zamazenta
|-resisted|p1a: Zamazenta
|-damage|p1a: Zamazenta|97/100
|-start|p1a: Zamazenta|Salt Cure
|
|-heal|p1a: Zamazenta|100/100|[from] item: Leftovers
|-heal|p2a: Garganacl|88/100|[from] item: Leftovers
|-damage|p1a: Zamazenta|88/100|[from] Salt Cure
|upkeep
|turn|8
|
|t:|1759062582
|move|p2a: Garganacl|Protect|p2a: Garganacl
|-singleturn|p2a: Garganacl|Protect
|move|p1a: Zamazenta|Body Press|p2a: Garganacl
|-activate|p2a: Garganacl|move: Protect
|
|-heal|p1a: Zamazenta|94/100|[from] item: Leftovers
|-heal|p2a: Garganacl|94/100|[from] item: Leftovers
|-damage|p1a: Zamazenta|82/100|[from] Salt Cure
|upkeep
|turn|9
|
|t:|1759062597
|switch|p2a: Toxapex|Toxapex, F|80/100
|-damage|p2a: Toxapex|55/100|[from] Spikes
|move|p1a: Zamazenta|Iron Defense|p1a: Zamazenta
|-boost|p1a: Zamazenta|def|2
|
|-heal|p1a: Zamazenta|88/100|[from] item: Leftovers
|-damage|p1a: Zamazenta|75/100|[from] Salt Cure
|upkeep
|turn|10
|
|t:|1759062606
|switch|p1a: Gholdengo|Gholdengo|97/100
|move|p2a: Toxapex|Toxic|p1a: Gholdengo
|-immune|p1a: Gholdengo|[from] ability: Good as Gold
|
|upkeep
|turn|11
|
|t:|1759062621
|move|p1a: Gholdengo|Make It Rain|p2a: Toxapex
|-resisted|p2a: Toxapex
|-damage|p2a: Toxapex|31/100
|-unboost|p1a: Gholdengo|spa|1
|move|p2a: Toxapex|Recover|p2a: Toxapex
|-heal|p2a: Toxapex|81/100
|
|upkeep
|turn|12
|
|t:|1759062631
|switch|p1a: Scizor|Scizor, M|100/100
|move|p2a: Toxapex|Infestation|p1a: Scizor
|-resisted|p1a: Scizor
|-damage|p1a: Scizor|98/100
|-activate|p1a: Scizor|move: Infestation|[of] p2a: Toxapex
|
|-damage|p1a: Scizor|86/100|[from] move: Infestation|[partiallytrapped]
|upkeep
|turn|13
|
|t:|1759062642
|move|p2a: Toxapex|Baneful Bunker|p2a: Toxapex
|-singleturn|p2a: Toxapex|move: Protect
|move|p1a: Scizor|Swords Dance|p1a: Scizor
|-boost|p1a: Scizor|atk|2
|
|-damage|p1a: Scizor|73/100|[from] move: Infestation|[partiallytrapped]
|upkeep
|turn|14
|
|t:|1759062650
|move|p1a: Scizor|Swords Dance|p1a: Scizor
|-boost|p1a: Scizor|atk|2
|move|p2a: Toxapex|Recover|p2a: Toxapex
|-heal|p2a: Toxapex|100/100
|
|-damage|p1a: Scizor|61/100|[from] move: Infestation|[partiallytrapped]
|upkeep
|turn|15
|
|t:|1759062657
|move|p1a: Scizor|Swords Dance|p1a: Scizor
|-boost|p1a: Scizor|atk|2
|move|p2a: Toxapex|Infestation|p1a: Scizor
|-resisted|p1a: Scizor
|-damage|p1a: Scizor|59/100
|
|-damage|p1a: Scizor|46/100|[from] move: Infestation|[partiallytrapped]
|upkeep
|turn|16
|
|t:|1759062665
|switch|p2a: Dondozo|Dondozo, F|100/100
|-damage|p2a: Dondozo|76/100|[from] Spikes
|move|p1a: Scizor|Bullet Punch|p2a: Dondozo
|-resisted|p2a: Dondozo
|-damage|p2a: Dondozo|65/100
|-damage|p1a: Scizor|30/100|[from] item: Rocky Helmet|[of] p2a: Dondozo
|
|-end|p1a: Scizor|Infestation|[partiallytrapped]|[silent]
|upkeep
|turn|17
|
|t:|1759062678
|move|p1a: Scizor|U-turn|p2a: Dondozo
|-damage|p2a: Dondozo|41/100
|-damage|p1a: Scizor|13/100|[from] item: Rocky Helmet|[of] p2a: Dondozo
|
|t:|1759062683
|switch|p1a: Thundurus|Thundurus-Therian, M|100/100|[from] U-turn
|move|p2a: Dondozo|Rest|p2a: Dondozo
|-status|p2a: Dondozo|slp|[from] move: Rest
|-heal|p2a: Dondozo|100/100 slp|[silent]
|
|upkeep
|turn|18
|
|t:|1759062696
|switch|p2a: Blissey|Blissey, F|100/100
|-damage|p2a: Blissey|76/100|[from] Spikes
|move|p1a: Thundurus|Grass Knot|p2a: Blissey
|-damage|p2a: Blissey|67/100
|
|-heal|p2a: Blissey|73/100|[from] item: Leftovers
|upkeep
|turn|19
|
|t:|1759062705
|move|p1a: Thundurus|Volt Switch|p2a: Blissey
|-damage|p2a: Blissey|58/100
|
|t:|1759062709
|switch|p1a: Landorus|Landorus-Therian, M|100/100|[from] Volt Switch
|-ability|p1a: Landorus|Intimidate|boost
|-unboost|p2a: Blissey|atk|1
|move|p2a: Blissey|Seismic Toss|p1a: Landorus
|-damage|p1a: Landorus|74/100
|-damage|p2a: Blissey|42/100|[from] item: Rocky Helmet|[of] p1a: Landorus
|
|-heal|p2a: Blissey|48/100|[from] item: Leftovers
|upkeep
|turn|20
|
|t:|1759062721
|switch|p2a: Corviknight|Corviknight, F|4/100
|-ability|p2a: Corviknight|Pressure
|move|p1a: Landorus|Taunt|p2a: Corviknight
|-start|p2a: Corviknight|move: Taunt
|
|upkeep
|turn|21
|
|t:|1759062728
|move|p1a: Landorus|Stealth Rock|p2a: Corviknight
|-sidestart|p2: onardragon|move: Stealth Rock
|move|p2a: Corviknight|Brave Bird|p1a: Landorus
|-damage|p1a: Landorus|35/100
|-damage|p2a: Corviknight|0 fnt|[from] item: Rocky Helmet|[of] p1a: Landorus
|faint|p2a: Corviknight
|
|upkeep
|
|t:|1759062739
|switch|p2a: Ting-Lu|Ting-Lu|100/100
|-damage|p2a: Ting-Lu|76/100|[from] Spikes
|-damage|p2a: Ting-Lu|69/100|[from] Stealth Rock
|-ability|p2a: Ting-Lu|Vessel of Ruin
|turn|22
|
|t:|1759062751
|move|p1a: Landorus|Taunt|p2a: Ting-Lu
|-start|p2a: Ting-Lu|move: Taunt
|move|p2a: Ting-Lu|Heavy Slam|p1a: Landorus
|-damage|p1a: Landorus|5/100
|-damage|p2a: Ting-Lu|53/100|[from] item: Rocky Helmet|[of] p1a: Landorus
|
|upkeep
|turn|23
|
|t:|1759062759
|move|p1a: Landorus|Earthquake|p2a: Ting-Lu
|-damage|p2a: Ting-Lu|33/100
|move|p2a: Ting-Lu|Heavy Slam|p1a: Landorus
|-damage|p1a: Landorus|0 fnt
|-damage|p2a: Ting-Lu|16/100|[from] item: Rocky Helmet|[of] p1a: Landorus
|faint|p1a: Landorus
|
|upkeep
|
|t:|1759062769
|switch|p1a: Scizor|Scizor, M|13/100
|turn|24
|
|t:|1759062774
|move|p1a: Scizor|Bullet Punch|p2a: Ting-Lu
|-damage|p2a: Ting-Lu|1/100
|move|p2a: Ting-Lu|Sand Tomb|p1a: Scizor
|-damage|p1a: Scizor|0 fnt
|faint|p1a: Scizor
|
|-end|p2a: Ting-Lu|move: Taunt
|upkeep
|
|t:|1759062785
|switch|p1a: Zamazenta|Zamazenta|75/100
|turn|25
|
|t:|1759062790
|move|p1a: Zamazenta|Crunch|p2a: Ting-Lu
|-resisted|p2a: Ting-Lu
|-damage|p2a: Ting-Lu|0 fnt
|faint|p2a: Ting-Lu
|
|-heal|p1a: Zamazenta|81/100|[from] item: Leftovers
|upkeep
|
|t:|1759062793
|switch|p2a: Toxapex|Toxapex, F|100/100
|-damage|p2a: Toxapex|75/100|[from] Spikes
|-damage|p2a: Toxapex|63/100|[from] Stealth Rock
|turn|26
|
|t:|1759062801
|switch|p1a: Gholdengo|Gholdengo|97/100
|move|p2a: Toxapex|Infestation|p1a: Gholdengo
|-resisted|p1a: Gholdengo
|-damage|p1a: Gholdengo|96/100
|-activate|p1a: Gholdengo|move: Infestation|[of] p2a: Toxapex
|
|-damage|p1a: Gholdengo|84/100|[from] move: Infestation|[partiallytrapped]
|upkeep
|turn|27
|
|t:|1759062812
|move|p1a: Gholdengo|Trick|p2a: Toxapex
|-activate|p1a: Gholdengo|move: Trick|[of] p2a: Toxapex
|-item|p2a: Toxapex|Choice Scarf|[from] move: Trick
|-enditem|p1a: Gholdengo|Choice Scarf|[silent]|[from] move: Trick
|move|p2a: Toxapex|Recover|p2a: Toxapex
|-heal|p2a: Toxapex|100/100
|
|-damage|p1a: Gholdengo|71/100|[from] move: Infestation|[partiallytrapped]
|upkeep
|turn|28
|
|t:|1759062826
|switch|p2a: Dondozo|Dondozo, F|100/100 slp
|-damage|p2a: Dondozo|76/100 slp|[from] Spikes
|-damage|p2a: Dondozo|63/100 slp|[from] Stealth Rock
|move|p1a: Gholdengo|Shadow Ball|p2a: Dondozo
|-damage|p2a: Dondozo|23/100 slp
|
|-end|p1a: Gholdengo|Infestation|[partiallytrapped]|[silent]
|upkeep
|turn|29
|
|t:|1759062841
|move|p1a: Gholdengo|Make It Rain|p2a: Dondozo
|-resisted|p2a: Dondozo
|-damage|p2a: Dondozo|0 fnt
|-unboost|p1a: Gholdengo|spa|1
|faint|p2a: Dondozo
|
|upkeep
|
|t:|1759062847
|switch|p2a: Garganacl|Garganacl, M|94/100
|-damage|p2a: Garganacl|69/100|[from] Spikes
|-damage|p2a: Garganacl|57/100|[from] Stealth Rock
|turn|30
|
|t:|1759062862
|switch|p1a: Zamazenta|Zamazenta|81/100
|-terastallize|p2a: Garganacl|Ghost
|move|p2a: Garganacl|Salt Cure|p1a: Zamazenta
|-resisted|p1a: Zamazenta
|-damage|p1a: Zamazenta|76/100
|-start|p1a: Zamazenta|Salt Cure
|
|-heal|p1a: Zamazenta|82/100|[from] item: Leftovers
|-heal|p2a: Garganacl|63/100|[from] item: Leftovers
|-damage|p1a: Zamazenta|70/100|[from] Salt Cure
|upkeep
|turn|31
|
|t:|1759062878
|move|p1a: Zamazenta|Crunch|p2a: Garganacl
|-supereffective|p2a: Garganacl
|-crit|p2a: Garganacl
|-damage|p2a: Garganacl|27/100
|move|p2a: Garganacl|Recover|p2a: Garganacl
|-heal|p2a: Garganacl|77/100
|
|-heal|p1a: Zamazenta|76/100|[from] item: Leftovers
|-heal|p2a: Garganacl|83/100|[from] item: Leftovers
|-damage|p1a: Zamazenta|63/100|[from] Salt Cure
|upkeep
|turn|32
|
|t:|1759062887
|move|p2a: Garganacl|Protect|p2a: Garganacl
|-singleturn|p2a: Garganacl|Protect
|move|p1a: Zamazenta|Iron Defense|p1a: Zamazenta
|-boost|p1a: Zamazenta|def|2
|
|-heal|p1a: Zamazenta|69/100|[from] item: Leftovers
|-heal|p2a: Garganacl|90/100|[from] item: Leftovers
|-damage|p1a: Zamazenta|57/100|[from] Salt Cure
|upkeep
|turn|33
|
|t:|1759062895
|move|p1a: Zamazenta|Crunch|p2a: Garganacl
|-supereffective|p2a: Garganacl
|-damage|p2a: Garganacl|67/100
|move|p2a: Garganacl|Stealth Rock|p1a: Zamazenta
|-sidestart|p1: thejester3995|move: Stealth Rock
|
|-heal|p1a: Zamazenta|63/100|[from] item: Leftovers
|-heal|p2a: Garganacl|73/100|[from] item: Leftovers
|-damage|p1a: Zamazenta|50/100|[from] Salt Cure
|upkeep
|turn|34
|
|t:|1759062907
|move|p2a: Garganacl|Protect|p2a: Garganacl
|-singleturn|p2a: Garganacl|Protect
|move|p1a: Zamazenta|Roar|p2a: Garganacl
|drag|p2a: Toxapex|Toxapex, F|100/100
|-damage|p2a: Toxapex|75/100|[from] Spikes
|-damage|p2a: Toxapex|63/100|[from] Stealth Rock
|
|-heal|p1a: Zamazenta|57/100|[from] item: Leftovers
|-damage|p1a: Zamazenta|44/100|[from] Salt Cure
|upkeep
|turn|35
|
|t:|1759062920
|move|p2a: Toxapex|Infestation|p1a: Zamazenta
|-resisted|p1a: Zamazenta
|-damage|p1a: Zamazenta|43/100
|-activate|p1a: Zamazenta|move: Infestation|[of] p2a: Toxapex
|move|p1a: Zamazenta|Roar|p2a: Toxapex
|drag|p2a: Blissey|Blissey, F|48/100
|-damage|p2a: Blissey|23/100|[from] Spikes
|-damage|p2a: Blissey|10/100|[from] Stealth Rock
|
|-heal|p1a: Zamazenta|49/100|[from] item: Leftovers
|-heal|p2a: Blissey|17/100|[from] item: Leftovers
|-end|p1a: Zamazenta|Infestation|[partiallytrapped]|[silent]
|-damage|p1a: Zamazenta|37/100|[from] Salt Cure
|upkeep
|turn|36
|
|t:|1759062934
|move|p1a: Zamazenta|Crunch|p2a: Blissey
|-damage|p2a: Blissey|0 fnt
|faint|p2a: Blissey
|
|-heal|p1a: Zamazenta|43/100|[from] item: Leftovers
|-damage|p1a: Zamazenta|30/100|[from] Salt Cure
|upkeep
|
|t:|1759062937
|switch|p2a: Toxapex|Toxapex, F|96/100
|-damage|p2a: Toxapex|71/100|[from] Spikes
|-damage|p2a: Toxapex|59/100|[from] Stealth Rock
|turn|37
|
|t:|1759062944
|move|p2a: Toxapex|Infestation|p1a: Zamazenta
|-resisted|p1a: Zamazenta
|-damage|p1a: Zamazenta|29/100
|-activate|p1a: Zamazenta|move: Infestation|[of] p2a: Toxapex
|move|p1a: Zamazenta|Roar|p2a: Toxapex
|drag|p2a: Garganacl|Garganacl, M, tera:Ghost|73/100
|-damage|p2a: Garganacl|48/100|[from] Spikes
|-damage|p2a: Garganacl|36/100|[from] Stealth Rock
|
|-heal|p1a: Zamazenta|35/100|[from] item: Leftovers
|-heal|p2a: Garganacl|42/100|[from] item: Leftovers
|-end|p1a: Zamazenta|Infestation|[partiallytrapped]|[silent]
|-damage|p1a: Zamazenta|23/100|[from] Salt Cure
|upkeep
|turn|38
|
|t:|1759062957
|move|p1a: Zamazenta|Crunch|p2a: Garganacl
|-supereffective|p2a: Garganacl
|-damage|p2a: Garganacl|18/100
|-unboost|p2a: Garganacl|def|1
|move|p2a: Garganacl|Recover|p2a: Garganacl
|-heal|p2a: Garganacl|68/100
|
|-heal|p1a: Zamazenta|29/100|[from] item: Leftovers
|-heal|p2a: Garganacl|74/100|[from] item: Leftovers
|-damage|p1a: Zamazenta|16/100|[from] Salt Cure
|upkeep
|turn|39
|
|t:|1759062973
|switch|p1a: Thundurus|Thundurus-Therian, M|100/100
|move|p2a: Garganacl|Protect||[still]
|-fail|p2a: Garganacl
|
|-heal|p2a: Garganacl|80/100|[from] item: Leftovers
|upkeep
|turn|40
|
|t:|1759062987
|move|p1a: Thundurus|Knock Off|p2a: Garganacl
|-supereffective|p2a: Garganacl
|-damage|p2a: Garganacl|49/100
|-enditem|p2a: Garganacl|Leftovers|[from] move: Knock Off|[of] p1a: Thundurus
|move|p2a: Garganacl|Salt Cure|p1a: Thundurus
|-supereffective|p1a: Thundurus
|-damage|p1a: Thundurus|62/100
|-start|p1a: Thundurus|Salt Cure
|
|-damage|p1a: Thundurus|49/100|[from] Salt Cure
|upkeep
|turn|41
|
|t:|1759063002
|move|p1a: Thundurus|Grass Knot|p2a: Garganacl
|-damage|p2a: Garganacl|9/100
|move|p2a: Garganacl|Recover|p2a: Garganacl
|-heal|p2a: Garganacl|59/100
|
|-damage|p1a: Thundurus|37/100|[from] Salt Cure
|upkeep
|turn|42
|
|t:|1759063015
|switch|p2a: Toxapex|Toxapex, F|92/100
|-damage|p2a: Toxapex|67/100|[from] Spikes
|-damage|p2a: Toxapex|54/100|[from] Stealth Rock
|move|p1a: Thundurus|Thunderbolt|p2a: Toxapex
|-supereffective|p2a: Toxapex
|-damage|p2a: Toxapex|0 fnt
|faint|p2a: Toxapex
|
|-damage|p1a: Thundurus|25/100|[from] Salt Cure
|upkeep
|
|t:|1759063022
|switch|p2a: Garganacl|Garganacl, M, tera:Ghost|59/100
|-damage|p2a: Garganacl|34/100|[from] Spikes
|-damage|p2a: Garganacl|22/100|[from] Stealth Rock
|turn|43
|
|t:|1759063030
|switch|p1a: Gholdengo|Gholdengo|71/100
|-damage|p1a: Gholdengo|65/100|[from] Stealth Rock
|move|p2a: Garganacl|Recover|p2a: Garganacl
|-heal|p2a: Garganacl|72/100
|
|upkeep
|turn|44
|
|t:|1759063043
|move|p1a: Gholdengo|Make It Rain|p2a: Garganacl
|-damage|p2a: Garganacl|18/100
|-unboost|p1a: Gholdengo|spa|1
|move|p2a: Garganacl|Salt Cure|p1a: Gholdengo
|-resisted|p1a: Gholdengo
|-damage|p1a: Gholdengo|58/100
|-start|p1a: Gholdengo|Salt Cure
|
|-damage|p1a: Gholdengo|33/100|[from] Salt Cure
|upkeep
|turn|45
|
|t:|1759063054
|move|p2a: Garganacl|Protect|p2a: Garganacl
|-singleturn|p2a: Garganacl|Protect
|move|p1a: Gholdengo|Recover|p1a: Gholdengo
|-heal|p1a: Gholdengo|83/100
|
|-damage|p1a: Gholdengo|58/100|[from] Salt Cure
|upkeep
|turn|46
|
|t:|1759063062
|move|p1a: Gholdengo|Shadow Ball|p2a: Garganacl
|-supereffective|p2a: Garganacl
|-crit|p2a: Garganacl
|-damage|p2a: Garganacl|0 fnt
|faint|p2a: Garganacl
|
|win|thejester3995
|raw|thejester3995's rating: 1096 &rarr; <strong>1129</strong><br />(+33 for winning)
|raw|onardragon's rating: 1201 &rarr; <strong>1169</strong><br />(-32 for losing)
|c|☆onardragon|gg
|l|☆onardragon
|player|p2|
|c|☆thejester3995|gg
