|j|☆loganfam
|j|☆jean-neymar jr. XD
|t:|1759049535
|gametype|singles
|player|p1|loganfam|koga|1153
|player|p2|jean-neymar jr. XD|170|1172
|gen|9
|tier|[Gen 9] OU
|rated|
|rule|HP Percentage Mod: HP is shown in percentages
|rule|Endless Battle Clause: Forcing endless battles is banned
|rule|Species Clause: Limit one of each Pokémon
|rule|OHKO Clause: OHKO moves are banned
|rule|Evasion Items Clause: Evasion items are banned
|rule|Evasion Moves Clause: Evasion moves are banned
|rule|Evasion Abilities Clause: Evasion abilities are banned
|rule|Sleep Moves Clause: Sleep-inducing moves are banned
|clearpoke
|poke|p1|Chesnaught, F|
|poke|p1|Arboliva, F|
|poke|p1|Avalugg-Hisui, M|
|poke|p1|Galvantula, M|
|poke|p1|Clawitzer, M|
|poke|p1|Manaphy|
|poke|p2|Glimmora, F|
|poke|p2|Gliscor, M|
|poke|p2|Dragapult, F|
|poke|p2|Cinderace, F|
|poke|p2|Garchomp, M|
|poke|p2|Darkrai|
|teampreview
|inactive|Battle timer is ON: inactive players will automatically lose when time's up. (requested by loganfam)
|
|t:|1759049545
|teamsize|p1|6
|teamsize|p2|6
|start
|switch|p1a: Galvantula|Galvantula, M|100/100
|switch|p2a: Darkrai|Darkrai|100/100
|turn|1
|
|t:|1759049559
|move|p2a: Darkrai|Ice Beam|p1a: Galvantula
|-damage|p1a: Galvantula|42/100
|move|p1a: Galvantula|Sticky Web|p2a: Darkrai
|-sidestart|p2: jean-neymar jr. XD|move: Sticky Web
|
|upkeep
|turn|2
|
|t:|1759049564
|move|p2a: Darkrai|Ice Beam|p1a: Galvantula
|-damage|p1a: Galvantula|0 fnt
|faint|p1a: Galvantula
|
|upkeep
|
|t:|1759049578
|switch|p1a: Avalugg|Avalugg-Hisui, M|100/100
|turn|3
|
|t:|1759049584
|move|p2a: Darkrai|Dark Pulse|p1a: Avalugg
|-damage|p1a: Avalugg|18/100
|move|p1a: Avalugg|Body Press|p2a: Darkrai
|-supereffective|p2a: Darkrai
|-damage|p2a: Darkrai|7/100
|
|-heal|p2a: Darkrai|13/100|[from] item: Leftovers
|upkeep
|turn|4
|-enditem|p1a: Avalugg|Custap Berry|[eat]
|-activate|p1a: Avalugg|item: Custap Berry|[consumed]
|
|t:|1759049593
|move|p1a: Avalugg|Body Press|p2a: Darkrai
|-supereffective|p2a: Darkrai
|-damage|p2a: Darkrai|0 fnt
|faint|p2a: Darkrai
|
|upkeep
|
|t:|1759049608
|switch|p2a: Cinderace|Cinderace, F|100/100
|turn|5
|
|t:|1759049616
|move|p2a: Cinderace|Pyro Ball|p1a: Avalugg
|-damage|p1a: Avalugg|0 fnt
|faint|p1a: Avalugg
|
|upkeep
|
|t:|1759049621
|switch|p1a: Arboliva|Arboliva, F|100/100
|turn|6
|
|t:|1759049627
|move|p2a: Cinderace|Gunk Shot|p1a: Arboliva
|-start|p2a: Cinderace|typechange|Poison|[from] ability: Libero
|-supereffective|p1a: Arboliva
|-damage|p1a: Arboliva|0 fnt
|-fieldstart|move: Grassy Terrain|[from] ability: Seed Sower|[of] p1a: Arboliva
|faint|p1a: Arboliva
|
|upkeep
|
|t:|1759049631
|switch|p1a: Chesnaught|Chesnaught, F|100/100
|turn|7
|
|t:|1759049641
|-terastallize|p1a: Chesnaught|Water
|move|p2a: Cinderace|Pyro Ball|p1a: Chesnaught
|-resisted|p1a: Chesnaught
|-damage|p1a: Chesnaught|86/100
|move|p1a: Chesnaught|Belly Drum|p1a: Chesnaught
|-damage|p1a: Chesnaught|36/100
|-setboost|p1a: Chesnaught|atk|6|[from] move: Belly Drum
|-enditem|p1a: Chesnaught|Sitrus Berry|[eat]
|-heal|p1a: Chesnaught|60/100|[from] item: Sitrus Berry
|
|-heal|p1a: Chesnaught|67/100|[from] Grassy Terrain
|upkeep
|turn|8
|
|t:|1759049656
|move|p2a: Cinderace|Court Change|p2a: Cinderace
|-swapsideconditions
|-activate|p2a: Cinderace|move: Court Change
|move|p1a: Chesnaught|Drain Punch|p2a: Cinderace
|-resisted|p2a: Cinderace
|-damage|p2a: Cinderace|0 fnt
|-heal|p1a: Chesnaught|100/100|[from] drain|[of] p2a: Cinderace
|faint|p2a: Cinderace
|
|upkeep
|
|t:|1759049668
|switch|p2a: Glimmora|Glimmora, F|100/100
|turn|9
|
|t:|1759049675
|move|p2a: Glimmora|Spiky Shield|p2a: Glimmora
|-singleturn|p2a: Glimmora|move: Protect
|move|p1a: Chesnaught|Drain Punch|p2a: Glimmora
|-activate|p2a: Glimmora|move: Protect
|-damage|p1a: Chesnaught|88/100|[from] Spiky Shield|[of] p2a: Glimmora
|
|-heal|p1a: Chesnaught|94/100|[from] Grassy Terrain
|upkeep
|turn|10
|
|t:|1759049689
|move|p2a: Glimmora|Spikes|p1a: Chesnaught
|-sidestart|p1: loganfam|Spikes
|move|p1a: Chesnaught|Drain Punch|p2a: Glimmora
|-enditem|p2a: Glimmora|Focus Sash
|-damage|p2a: Glimmora|1/100
|-heal|p1a: Chesnaught|100/100|[from] drain|[of] p2a: Glimmora
|-activate|p2a: Glimmora|ability: Toxic Debris
|-sidestart|p1: loganfam|move: Toxic Spikes
|
|-heal|p2a: Glimmora|7/100|[from] Grassy Terrain
|upkeep
|turn|11
|
|t:|1759049703
|move|p1a: Chesnaught|Grassy Glide|p2a: Glimmora
|-damage|p2a: Glimmora|0 fnt
|-activate|p2a: Glimmora|ability: Toxic Debris
|-sidestart|p1: loganfam|move: Toxic Spikes
|faint|p2a: Glimmora
|
|upkeep
|
|t:|1759049722
|switch|p2a: Garchomp|Garchomp, M|100/100
|turn|12
|
|t:|1759049727
|move|p1a: Chesnaught|Grassy Glide|p2a: Garchomp
|-damage|p2a: Garchomp|0 fnt
|-damage|p1a: Chesnaught|88/100|[from] ability: Rough Skin|[of] p2a: Garchomp
|-damage|p1a: Chesnaught|71/100|[from] item: Rocky Helmet|[of] p2a: Garchomp
|faint|p2a: Garchomp
|
|-heal|p1a: Chesnaught|77/100|[from] Grassy Terrain
|upkeep
|
|t:|1759049737
|switch|p2a: Gliscor|Gliscor, M|100/100
|turn|13
|
|t:|1759049741
|move|p2a: Gliscor|Protect|p2a: Gliscor
|-singleturn|p2a: Gliscor|Protect
|move|p1a: Chesnaught|Grassy Glide|p2a: Gliscor
|-activate|p2a: Gliscor|move: Protect
|
|-heal|p1a: Chesnaught|84/100|[from] Grassy Terrain
|-fieldend|move: Grassy Terrain
|-status|p2a: Gliscor|tox|[from] item: Toxic Orb
|upkeep
|turn|14
|
|t:|1759049756
|move|p2a: Gliscor|Substitute|p2a: Gliscor
|-start|p2a: Gliscor|Substitute
|-damage|p2a: Gliscor|75/100 tox
|move|p1a: Chesnaught|Grassy Terrain|p1a: Chesnaught
|-fieldstart|move: Grassy Terrain
|
|-heal|p1a: Chesnaught|90/100|[from] Grassy Terrain
|-heal|p2a: Gliscor|88/100 tox|[from] ability: Poison Heal
|upkeep
|turn|15
|
|t:|1759049764
|move|p1a: Chesnaught|Grassy Glide|p2a: Gliscor
|-end|p2a: Gliscor|Substitute
|move|p2a: Gliscor|Toxic|p1a: Chesnaught
|-status|p1a: Chesnaught|tox
|
|-heal|p1a: Chesnaught|96/100 tox|[from] Grassy Terrain
|-heal|p2a: Gliscor|100/100 tox|[from] ability: Poison Heal
|-damage|p1a: Chesnaught|90/100 tox|[from] psn
|upkeep
|turn|16
|
|t:|1759049777
|move|p2a: Gliscor|Protect|p2a: Gliscor
|-singleturn|p2a: Gliscor|Protect
|move|p1a: Chesnaught|Grassy Glide|p2a: Gliscor
|-activate|p2a: Gliscor|move: Protect
|
|-heal|p1a: Chesnaught|96/100 tox|[from] Grassy Terrain
|-damage|p1a: Chesnaught|84/100 tox|[from] psn
|upkeep
|turn|17
|
|t:|1759049786
|move|p1a: Chesnaught|Grassy Glide|p2a: Gliscor
|-damage|p2a: Gliscor|0 fnt
|faint|p2a: Gliscor
|
|-heal|p1a: Chesnaught|90/100 tox|[from] Grassy Terrain
|-damage|p1a: Chesnaught|71/100 tox|[from] psn
|upkeep
|
|t:|1759049793
|switch|p2a: Dragapult|Dragapult, F|100/100
|turn|18
|
|t:|1759049806
|move|p1a: Chesnaught|Grassy Glide|p2a: Dragapult
|-resisted|p2a: Dragapult
|-crit|p2a: Dragapult
|-damage|p2a: Dragapult|0 fnt
|faint|p2a: Dragapult
|
|win|loganfam
|raw|loganfam's rating: 1153 &rarr; <strong>1179</strong><br />(+26 for winning)
|raw|jean-neymar jr. XD's rating: 1172 &rarr; <strong>1146</strong><br />(-26 for losing)
|l|☆jean-neymar jr. XD
|player|p2|
|l|☆loganfam
|player|p1|
