|j|☆PurnaTuccari
|j|☆JD Doggin'
|t:|1758940866
|gametype|singles
|player|p1|PurnaTuccari|hiker-gen4|1226
|player|p2|JD Doggin'|1|1280
|gen|9
|tier|[Gen 9] OU
|rated|
|rule|HP Percentage Mod: HP is shown in percentages
|rule|Endless Battle Clause: Forcing endless battles is banned
|rule|Species Clause: Limit one of each Pokémon
|rule|OHKO Clause: OHKO moves are banned
|rule|Evasion Items Clause: Evasion items are banned
|rule|Evasion Moves Clause: Evasion moves are banned
|rule|Evasion Abilities Clause: Evasion abilities are banned
|rule|Sleep Moves Clause: Sleep-inducing moves are banned
|clearpoke
|poke|p1|Kommo-o, M|
|poke|p1|Gholdengo|
|poke|p1|Ninetales-Alola, F|
|poke|p1|Hatterene, F|
|poke|p1|Zamazenta-*|
|poke|p1|Kingambit, M|
|poke|p2|Keldeo-Resolute|
|poke|p2|Iron Crown|
|poke|p2|Dragonite, M|
|poke|p2|Slowbro-Galar, M|
|poke|p2|Meloetta|
|poke|p2|Landorus-Therian, M|
|teampreview
|
|t:|1758940879
|teamsize|p1|6
|teamsize|p2|6
|start
|switch|p1a: Veiling Veronica|Ninetales-Alola, F|100/100
|switch|p2a: Iron Crown|Iron Crown|100/100
|-weather|Snowscape|[from] ability: Snow Warning|[of] p1a: Veiling Veronica
|turn|1
|
|t:|1758940887
|move|p1a: Veiling Veronica|Aurora Veil|p1a: Veiling Veronica
|-sidestart|p1: PurnaTuccari|move: Aurora Veil
|move|p2a: Iron Crown|Tachyon Cutter|p1a: Veiling Veronica
|-supereffective|p1a: Veiling Veronica
|-damage|p1a: Veiling Veronica|49/100
|-supereffective|p1a: Veiling Veronica
|-damage|p1a: Veiling Veronica|0 fnt
|faint|p1a: Veiling Veronica
|-hitcount|p1: Veiling Veronica|2
|
|-weather|Snowscape|[upkeep]
|upkeep
|
|t:|1758940899
|switch|p1a: Clanging Clark|Kommo-o, M|100/100
|turn|2
|
|t:|1758940903
|move|p2a: Iron Crown|Future Sight|p1a: Clanging Clark
|-start|p2a: Iron Crown|move: Future Sight
|move|p1a: Clanging Clark|Clangorous Soul|p1a: Clanging Clark
|-boost|p1a: Clanging Clark|atk|1
|-boost|p1a: Clanging Clark|def|1
|-boost|p1a: Clanging Clark|spa|1
|-boost|p1a: Clanging Clark|spd|1
|-boost|p1a: Clanging Clark|spe|1
|-damage|p1a: Clanging Clark|68/100
|-enditem|p1a: Clanging Clark|Throat Spray
|-boost|p1a: Clanging Clark|spa|1|[from] item: Throat Spray
|
|-weather|Snowscape|[upkeep]
|upkeep
|turn|3
|
|t:|1758940920
|move|p1a: Clanging Clark|Flamethrower|p2a: Iron Crown
|-supereffective|p2a: Iron Crown
|-damage|p2a: Iron Crown|37/100
|move|p2a: Iron Crown|Volt Switch|p1a: Clanging Clark
|-resisted|p1a: Clanging Clark
|-damage|p1a: Clanging Clark|63/100
|
|t:|1758940927
|-end|p2a: Iron Crown|Quark Drive|[silent]
|switch|p2a: Meloetta|Meloetta|100/100|[from] Volt Switch
|
|-weather|Snowscape|[upkeep]
|upkeep
|turn|4
|
|t:|1758940954
|-terastallize|p1a: Clanging Clark|Normal
|move|p1a: Clanging Clark|Boomburst|p2a: Meloetta
|-damage|p2a: Meloetta|60/100
|move|p2a: Meloetta|Shadow Ball|p1a: Clanging Clark
|-immune|p1a: Clanging Clark
|
|-weather|Snowscape|[upkeep]
|-end|p1a: Clanging Clark|move: Future Sight
|-damage|p1a: Clanging Clark|39/100
|upkeep
|turn|5
|
|t:|1758940966
|move|p1a: Clanging Clark|Boomburst|p2a: Meloetta
|-damage|p2a: Meloetta|19/100
|move|p2a: Meloetta|Focus Blast|p1a: Clanging Clark
|-supereffective|p1a: Clanging Clark
|-damage|p1a: Clanging Clark|12/100
|-unboost|p1a: Clanging Clark|spd|1
|
|-weather|none
|upkeep
|turn|6
|
|t:|1758940978
|switch|p2a: Iron Crown|Iron Crown|37/100
|move|p1a: Clanging Clark|Flamethrower|p2a: Iron Crown
|-supereffective|p2a: Iron Crown
|-damage|p2a: Iron Crown|0 fnt
|faint|p2a: Iron Crown
|-end|p2a: Iron Crown|Quark Drive|[silent]
|
|upkeep
|
|t:|1758940997
|switch|p2a: Dragonite|Dragonite, M|100/100
|turn|7
|
|t:|1758941000
|switch|p2a: Meloetta|Meloetta|19/100
|move|p1a: Clanging Clark|Clanging Scales|p2a: Meloetta
|-damage|p2a: Meloetta|0 fnt
|faint|p2a: Meloetta
|-unboost|p1a: Clanging Clark|def|1
|
|upkeep
|
|t:|1758941006
|switch|p2a: Dragonite|Dragonite, M|100/100
|turn|8
|
|t:|1758941009
|move|p2a: Dragonite|Extreme Speed|p1a: Clanging Clark
|-damage|p1a: Clanging Clark|0 fnt
|faint|p1a: Clanging Clark
|
|-sideend|p1: PurnaTuccari|move: Aurora Veil
|upkeep
|
|t:|1758941019
|switch|p1a: Magic Mary|Hatterene, F|100/100
|turn|9
|
|t:|1758941029
|switch|p2a: Landorus|Landorus-Therian, M|100/100
|-ability|p2a: Landorus|Intimidate|boost
|-unboost|p1a: Magic Mary|atk|1
|move|p1a: Magic Mary|Nuzzle|p2a: Landorus
|-immune|p2a: Landorus
|
|upkeep
|turn|10
|
|t:|1758941036
|move|p2a: Landorus|Earthquake|p1a: Magic Mary
|-damage|p1a: Magic Mary|30/100
|move|p1a: Magic Mary|Calm Mind|p1a: Magic Mary
|-boost|p1a: Magic Mary|spa|1
|-boost|p1a: Magic Mary|spd|1
|
|upkeep
|turn|11
|
|t:|1758941042
|move|p2a: Landorus|Earthquake|p1a: Magic Mary
|-damage|p1a: Magic Mary|0 fnt
|faint|p1a: Magic Mary
|
|upkeep
|
|t:|1758941047
|switch|p1a: Kowing Kimchi|Kingambit, M|100/100
|-activate|p1a: Kowing Kimchi|ability: Supreme Overlord
|-start|p1a: Kowing Kimchi|fallen3|[silent]
|-item|p1a: Kowing Kimchi|Air Balloon
|turn|12
|
|t:|1758941057
|switch|p2a: Keldeo|Keldeo-Resolute|100/100
|move|p1a: Kowing Kimchi|Kowtow Cleave|p2a: Keldeo
|-resisted|p2a: Keldeo
|-damage|p2a: Keldeo|71/100
|-ability|p2a: Keldeo|Justified|boost
|-boost|p2a: Keldeo|atk|1
|
|upkeep
|turn|13
|
|t:|1758941075
|move|p2a: Keldeo|Calm Mind|p2a: Keldeo
|-boost|p2a: Keldeo|spa|1
|-boost|p2a: Keldeo|spd|1
|move|p1a: Kowing Kimchi|Iron Head|p2a: Keldeo
|-resisted|p2a: Keldeo
|-damage|p2a: Keldeo|43/100
|
|upkeep
|turn|14
|
|t:|1758941083
|move|p1a: Kowing Kimchi|Sucker Punch|p2a: Keldeo
|-resisted|p2a: Keldeo
|-damage|p2a: Keldeo|17/100
|-ability|p2a: Keldeo|Justified|boost
|-boost|p2a: Keldeo|atk|1
|move|p2a: Keldeo|Secret Sword|p1a: Kowing Kimchi
|-supereffective|p1a: Kowing Kimchi
|-damage|p1a: Kowing Kimchi|0 fnt
|-enditem|p1a: Kowing Kimchi|Air Balloon
|faint|p1a: Kowing Kimchi
|-end|p1a: Kowing Kimchi|fallen3|[silent]
|
|upkeep
|
|t:|1758941095
|switch|p1a: Shadow Slick|Gholdengo|100/100
|turn|15
|
|t:|1758941104
|move|p2a: Keldeo|Surf|p1a: Shadow Slick
|-damage|p1a: Shadow Slick|36/100
|move|p1a: Shadow Slick|Shadow Ball|p2a: Keldeo
|-damage|p2a: Keldeo|0 fnt
|faint|p2a: Keldeo
|
|upkeep
|inactive|Battle timer is ON: inactive players will automatically lose when time's up. (requested by PurnaTuccari)
|
|t:|1758941133
|switch|p2a: Dragonite|Dragonite, M|100/100
|turn|16
|
|t:|1758941137
|move|p1a: Shadow Slick|Psyshock|p2a: Dragonite
|-damage|p2a: Dragonite|84/100
|move|p2a: Dragonite|Dragon Dance|p2a: Dragonite
|-boost|p2a: Dragonite|atk|1
|-boost|p2a: Dragonite|spe|1
|
|upkeep
|turn|17
|
|t:|1758941148
|move|p2a: Dragonite|Dragon Dance|p2a: Dragonite
|-boost|p2a: Dragonite|atk|1
|-boost|p2a: Dragonite|spe|1
|move|p1a: Shadow Slick|Shadow Ball|p2a: Dragonite
|-damage|p2a: Dragonite|37/100
|
|upkeep
|turn|18
|
|t:|1758941154
|move|p2a: Dragonite|Earthquake|p1a: Shadow Slick
|-supereffective|p1a: Shadow Slick
|-damage|p1a: Shadow Slick|0 fnt
|faint|p1a: Shadow Slick
|
|upkeep
|
|t:|1758941158
|switch|p1a: Pressing Pedro|Zamazenta|100/100
|-ability|p1a: Pressing Pedro|Dauntless Shield|boost
|-boost|p1a: Pressing Pedro|def|1
|turn|19
|
|t:|1758941164
|move|p2a: Dragonite|Dragon Claw|p1a: Pressing Pedro
|-damage|p1a: Pressing Pedro|47/100
|move|p1a: Pressing Pedro|Stone Edge|p2a: Dragonite
|-supereffective|p2a: Dragonite
|-damage|p2a: Dragonite|0 fnt
|faint|p2a: Dragonite
|-damage|p1a: Pressing Pedro|37/100|[from] item: Life Orb
|
|upkeep
|
|t:|1758941171
|switch|p2a: Landorus|Landorus-Therian, M|100/100
|-ability|p2a: Landorus|Intimidate|boost
|-unboost|p1a: Pressing Pedro|atk|1
|turn|20
|
|t:|1758941176
|move|p1a: Pressing Pedro|Stone Edge|p2a: Landorus
|-crit|p2a: Landorus
|-damage|p2a: Landorus|23/100
|-damage|p1a: Pressing Pedro|27/100|[from] item: Life Orb
|move|p2a: Landorus|Earthquake|p1a: Pressing Pedro
|-damage|p1a: Pressing Pedro|0 fnt
|faint|p1a: Pressing Pedro
|
|win|JD Doggin'
|raw|PurnaTuccari's rating: 1226 &rarr; <strong>1205</strong><br />(-21 for losing)
|raw|JD Doggin&apos;'s rating: 1280 &rarr; <strong>1301</strong><br />(+21 for winning)
|c|☆JD Doggin'|gg
|l|☆PurnaTuccari
|player|p1|
