|j|☆jyvon12811
|j|☆Alisyem
|t:|1758927091
|gametype|singles
|player|p1|jyvon12811|102|1520
|player|p2|Alisyem|170|1566
|gen|9
|tier|[Gen 9] OU
|rated|
|rule|HP Percentage Mod: HP is shown in percentages
|rule|Endless Battle Clause: Forcing endless battles is banned
|rule|Species Clause: Limit one of each Pokémon
|rule|OHKO Clause: OHKO moves are banned
|rule|Evasion Items Clause: Evasion items are banned
|rule|Evasion Moves Clause: Evasion moves are banned
|rule|Evasion Abilities Clause: Evasion abilities are banned
|rule|Sleep Moves Clause: Sleep-inducing moves are banned
|clearpoke
|poke|p1|Rillaboom, M|
|poke|p1|Dragapult, F|
|poke|p1|Hatterene, F|
|poke|p1|Great Tusk|
|poke|p1|Darkrai|
|poke|p1|Cinderace, F|
|poke|p2|Greninja-*, M|
|poke|p2|Pelipper, F|
|poke|p2|Iron Treads|
|poke|p2|Clefable, F|
|poke|p2|Kyurem|
|poke|p2|Cinderace, M|
|teampreview
|inactive|Battle timer is ON: inactive players will automatically lose when time's up. (requested by jyvon12811)
|
|t:|1758927114
|teamsize|p1|6
|teamsize|p2|6
|start
|switch|p1a: Dragapult|Dragapult, F|100/100
|switch|p2a: Pelipper|Pelipper, F|100/100
|-weather|RainDance|[from] ability: Drizzle|[of] p2a: Pelipper
|turn|1
|
|t:|1758927119
|switch|p2a: Clefable|Clefable, F|100/100
|move|p1a: Dragapult|Light Screen|p1a: Dragapult
|-sidestart|p1: jyvon12811|move: Light Screen
|
|-weather|RainDance|[upkeep]
|upkeep
|turn|2
|
|t:|1758927130
|switch|p1a: Hatterene|Hatterene, F|100/100
|move|p2a: Clefable|Thunder Wave|p1a: Hatterene
|move|p1a: Hatterene|Thunder Wave|p2a: Clefable|[from] ability: Magic Bounce
|-status|p2a: Clefable|par
|
|-weather|RainDance|[upkeep]
|upkeep
|turn|3
|
|t:|1758927142
|switch|p1a: Dragapult|Dragapult, F|100/100
|move|p2a: Clefable|Calm Mind|p2a: Clefable
|-boost|p2a: Clefable|spa|1
|-boost|p2a: Clefable|spd|1
|
|-weather|RainDance|[upkeep]
|upkeep
|turn|4
|
|t:|1758927146
|move|p1a: Dragapult|Reflect|p1a: Dragapult
|-sidestart|p1: jyvon12811|Reflect
|move|p2a: Clefable|Thunder Wave|p1a: Dragapult
|-status|p1a: Dragapult|par
|
|-weather|RainDance|[upkeep]
|upkeep
|turn|5
|
|t:|1758927152
|switch|p1a: Cinderace|Cinderace, F|100/100
|move|p2a: Clefable|Moonblast|p1a: Cinderace
|-resisted|p1a: Cinderace
|-damage|p1a: Cinderace|84/100
|
|-weather|none
|upkeep
|turn|6
|
|t:|1758927160
|switch|p2a: Pelipper|Pelipper, F|100/100
|-weather|RainDance|[from] ability: Drizzle|[of] p2a: Pelipper
|move|p1a: Cinderace|Gunk Shot|p2a: Pelipper
|-start|p1a: Cinderace|typechange|Poison|[from] ability: Libero
|-crit|p2a: Pelipper
|-damage|p2a: Pelipper|0 fnt
|faint|p2a: Pelipper
|
|-weather|RainDance|[upkeep]
|upkeep
|
|t:|1758927174
|switch|p2a: Cinderace|Cinderace, M|100/100
|turn|7
|
|t:|1758927181
|move|p2a: Cinderace|U-turn|p1a: Cinderace
|-resisted|p1a: Cinderace
|-damage|p1a: Cinderace|77/100
|
|t:|1758927185
|switch|p2a: Clefable|Clefable, F|100/100 par|[from] U-turn
|move|p1a: Cinderace|Gunk Shot|p2a: Clefable
|-supereffective|p2a: Clefable
|-damage|p2a: Clefable|5/100 par
|
|-weather|RainDance|[upkeep]
|upkeep
|turn|8
|inactive|Alisyem has 120 seconds left.
|
|t:|1758927236
|move|p1a: Cinderace|Pyro Ball|p2a: Clefable
|-damage|p2a: Clefable|0 fnt
|faint|p2a: Clefable
|
|-weather|RainDance|[upkeep]
|-sideend|p1: jyvon12811|move: Light Screen
|upkeep
|
|t:|1758927242
|switch|p2a: Kyurem|Kyurem, shiny|100/100
|-ability|p2a: Kyurem|Pressure
|turn|9
|inactive|jyvon12811 has 120 seconds left.
|
|t:|1758927274
|move|p1a: Cinderace|Double-Edge|p2a: Kyurem
|-damage|p2a: Kyurem|65/100
|-damage|p1a: Cinderace|62/100|[from] Recoil
|move|p2a: Kyurem|Dragon Dance|p2a: Kyurem
|-boost|p2a: Kyurem|atk|1
|-boost|p2a: Kyurem|spe|1
|
|-weather|RainDance|[upkeep]
|-heal|p2a: Kyurem|71/100|[from] item: Leftovers
|upkeep
|turn|10
|
|t:|1758927285
|move|p2a: Kyurem|Substitute|p2a: Kyurem
|-start|p2a: Kyurem|Substitute
|-damage|p2a: Kyurem|46/100
|move|p1a: Cinderace|Double-Edge|p2a: Kyurem
|-end|p2a: Kyurem|Substitute
|-damage|p1a: Cinderace|51/100|[from] Recoil|[of] p2a: Kyurem
|
|-weather|none
|-heal|p2a: Kyurem|52/100|[from] item: Leftovers
|upkeep
|turn|11
|
|t:|1758927294
|move|p2a: Kyurem|Substitute|p2a: Kyurem
|-start|p2a: Kyurem|Substitute
|-damage|p2a: Kyurem|28/100
|move|p1a: Cinderace|Double-Edge|p2a: Kyurem
|-end|p2a: Kyurem|Substitute
|-damage|p1a: Cinderace|41/100|[from] Recoil|[of] p2a: Kyurem
|
|-heal|p2a: Kyurem|34/100|[from] item: Leftovers
|-sideend|p1: jyvon12811|Reflect
|upkeep
|turn|12
|
|t:|1758927299
|move|p2a: Kyurem|Icicle Spear|p1a: Cinderace
|-damage|p1a: Cinderace|13/100
|-damage|p1a: Cinderace|0 fnt
|faint|p1a: Cinderace
|-hitcount|p1: Cinderace|2
|
|-heal|p2a: Kyurem|40/100|[from] item: Leftovers
|upkeep
|
|t:|1758927309
|switch|p1a: Great Tusk|Great Tusk|100/100
|-enditem|p1a: Great Tusk|Booster Energy
|-activate|p1a: Great Tusk|ability: Protosynthesis|[fromitem]
|-start|p1a: Great Tusk|protosynthesisspe
|turn|13
|inactive|Alisyem has 120 seconds left.
|
|t:|1758927321
|-terastallize|p1a: Great Tusk|Fire
|move|p2a: Kyurem|Substitute|p2a: Kyurem
|-start|p2a: Kyurem|Substitute
|-damage|p2a: Kyurem|15/100
|move|p1a: Great Tusk|Rapid Spin|p2a: Kyurem
|-activate|p2a: Kyurem|move: Substitute|[damage]
|-boost|p1a: Great Tusk|spe|1
|
|-heal|p2a: Kyurem|21/100|[from] item: Leftovers
|upkeep
|turn|14
|inactive|Alisyem has 120 seconds left.
|
|t:|1758927351
|move|p1a: Great Tusk|Rapid Spin|p2a: Kyurem
|-end|p2a: Kyurem|Substitute
|-boost|p1a: Great Tusk|spe|1
|move|p2a: Kyurem|Icicle Spear|p1a: Great Tusk
|-resisted|p1a: Great Tusk
|-damage|p1a: Great Tusk|95/100
|-resisted|p1a: Great Tusk
|-damage|p1a: Great Tusk|89/100
|-resisted|p1a: Great Tusk
|-damage|p1a: Great Tusk|83/100
|-resisted|p1a: Great Tusk
|-damage|p1a: Great Tusk|77/100
|-hitcount|p1a: Great Tusk|4
|
|-heal|p2a: Kyurem|27/100|[from] item: Leftovers
|upkeep
|turn|15
|
|t:|1758927365
|move|p1a: Great Tusk|Bulk Up|p1a: Great Tusk
|-boost|p1a: Great Tusk|atk|1
|-boost|p1a: Great Tusk|def|1
|move|p2a: Kyurem|Tera Blast|p1a: Great Tusk
|-damage|p1a: Great Tusk|49/100
|
|-heal|p2a: Kyurem|33/100|[from] item: Leftovers
|upkeep
|turn|16
|
|t:|1758927381
|move|p1a: Great Tusk|Headlong Rush|p2a: Kyurem
|-damage|p2a: Kyurem|0 fnt
|-unboost|p1a: Great Tusk|def|1
|-unboost|p1a: Great Tusk|spd|1
|faint|p2a: Kyurem
|
|upkeep
|
|t:|1758927395
|switch|p2a: Greninja|Greninja, M|100/100
|turn|17
|
|t:|1758927399
|-end|p1a: Great Tusk|Protosynthesis|[silent]
|switch|p1a: Rillaboom|Rillaboom, M|100/100
|-fieldstart|move: Grassy Terrain|[from] ability: Grassy Surge|[of] p1a: Rillaboom
|move|p2a: Greninja|Water Shuriken|p1a: Rillaboom
|-resisted|p1a: Rillaboom
|-damage|p1a: Rillaboom|96/100
|-resisted|p1a: Rillaboom
|-damage|p1a: Rillaboom|91/100
|-hitcount|p1a: Rillaboom|2
|
|-heal|p1a: Rillaboom|97/100|[from] Grassy Terrain
|-heal|p1a: Rillaboom|100/100|[from] item: Leftovers
|upkeep
|turn|18
|
|t:|1758927407
|switch|p2a: Iron Treads|Iron Treads|100/100
|-enditem|p2a: Iron Treads|Booster Energy
|-activate|p2a: Iron Treads|ability: Quark Drive|[fromitem]
|-start|p2a: Iron Treads|quarkdrivespe
|move|p1a: Rillaboom|Knock Off|p2a: Iron Treads
|-damage|p2a: Iron Treads|78/100
|
|-heal|p2a: Iron Treads|84/100|[from] Grassy Terrain
|upkeep
|turn|19
|
|t:|1758927410
|move|p2a: Iron Treads|Stealth Rock|p1a: Rillaboom
|-sidestart|p1: jyvon12811|move: Stealth Rock
|move|p1a: Rillaboom|Swords Dance|p1a: Rillaboom
|-boost|p1a: Rillaboom|atk|2
|
|-heal|p2a: Iron Treads|91/100|[from] Grassy Terrain
|upkeep
|turn|20
|
|t:|1758927414
|move|p2a: Iron Treads|Ice Spinner|p1a: Rillaboom
|-supereffective|p1a: Rillaboom
|-damage|p1a: Rillaboom|52/100
|-fieldend|move: Grassy Terrain
|move|p1a: Rillaboom|Wood Hammer|p2a: Iron Treads
|-damage|p2a: Iron Treads|0 fnt
|faint|p2a: Iron Treads
|-end|p2a: Iron Treads|Quark Drive|[silent]
|-damage|p1a: Rillaboom|28/100|[from] Recoil
|
|-heal|p1a: Rillaboom|34/100|[from] item: Leftovers
|upkeep
|
|t:|1758927425
|switch|p2a: Greninja|Greninja, M|100/100
|turn|21
|
|t:|1758927433
|switch|p1a: Hatterene|Hatterene, F|100/100
|-damage|p1a: Hatterene|88/100|[from] Stealth Rock
|move|p2a: Greninja|Dark Pulse|p1a: Hatterene
|-damage|p1a: Hatterene|48/100
|
|-heal|p1a: Hatterene|54/100|[from] item: Leftovers
|upkeep
|turn|22
|
|t:|1758927437
|move|p2a: Greninja|Sludge Wave|p1a: Hatterene
|-supereffective|p1a: Hatterene
|-damage|p1a: Hatterene|0 fnt
|faint|p1a: Hatterene
|-ability|p2a: Greninja|Battle Bond|boost
|-boost|p2a: Greninja|atk|1
|-boost|p2a: Greninja|spa|1
|-boost|p2a: Greninja|spe|1
|-activate|p2a: Greninja|ability: Battle Bond
|
|upkeep
|
|t:|1758927440
|switch|p1a: Rillaboom|Rillaboom, M|34/100
|-damage|p1a: Rillaboom|22/100|[from] Stealth Rock
|-fieldstart|move: Grassy Terrain|[from] ability: Grassy Surge|[of] p1a: Rillaboom
|turn|23
|
|t:|1758927459
|-terastallize|p2a: Greninja|Water
|move|p2a: Greninja|Water Shuriken|p1a: Rillaboom
|-resisted|p1a: Rillaboom
|-damage|p1a: Rillaboom|11/100
|-resisted|p1a: Rillaboom
|-damage|p1a: Rillaboom|0 fnt
|faint|p1a: Rillaboom
|-hitcount|p1: Rillaboom|2
|
|upkeep
|
|t:|1758927469
|switch|p1a: Darkrai|Darkrai|100/100
|-damage|p1a: Darkrai|88/100|[from] Stealth Rock
|turn|24
|
|t:|1758927474
|move|p2a: Greninja|Surf|p1a: Darkrai
|-damage|p1a: Darkrai|0 fnt
|faint|p1a: Darkrai
|
|upkeep
|-message|jyvon12811 forfeited.
|
|win|Alisyem
|raw|jyvon12811's rating: 1520 &rarr; <strong>1503</strong><br />(-17 for losing)
|raw|Alisyem's rating: 1566 &rarr; <strong>1583</strong><br />(+17 for winning)
|l|☆jyvon12811
|player|p1|
