|j|☆splogop
|j|☆clausura
|t:|1759022694
|gametype|singles
|player|p1|splogop|1|1533
|player|p2|clausura|cynthia-gen4|1574
|gen|9
|tier|[Gen 9] OU
|rated|
|rule|HP Percentage Mod: HP is shown in percentages
|rule|Endless Battle Clause: Forcing endless battles is banned
|rule|Species Clause: Limit one of each Pokémon
|rule|OHKO Clause: OHKO moves are banned
|rule|Evasion Items Clause: Evasion items are banned
|rule|Evasion Moves Clause: Evasion moves are banned
|rule|Evasion Abilities Clause: Evasion abilities are banned
|rule|Sleep Moves Clause: Sleep-inducing moves are banned
|clearpoke
|poke|p1|Moltres|
|poke|p1|Garchomp, M|
|poke|p1|Rillaboom, M|
|poke|p1|Pecharunt|
|poke|p1|Slowking-Galar, M|
|poke|p1|Iron Valiant|
|poke|p2|Sinistcha|
|poke|p2|Deoxys-Speed|
|poke|p2|Kingambit, M|
|poke|p2|Iron Valiant|
|poke|p2|Landorus-Therian, M|
|poke|p2|Iron Moth|
|teampreview
|inactive|Battle timer is ON: inactive players will automatically lose when time's up. (requested by clausura)
|
|t:|1759022709
|teamsize|p1|6
|teamsize|p2|6
|start
|switch|p1a: Moltres|Moltres|100/100
|switch|p2a: Deoxys|Deoxys-Speed|100/100
|-ability|p2a: Deoxys|Pressure
|turn|1
|
|t:|1759022716
|move|p2a: Deoxys|Psycho Boost|p1a: Moltres
|-damage|p1a: Moltres|42/100
|-unboost|p2a: Deoxys|spa|2
|-damage|p2a: Deoxys|91/100|[from] item: Life Orb
|move|p1a: Moltres|Will-O-Wisp|p2a: Deoxys
|-status|p2a: Deoxys|brn
|
|-damage|p2a: Deoxys|84/100 brn|[from] brn
|upkeep
|turn|2
|
|t:|1759022723
|switch|p2a: Iron Moth|Iron Moth|100/100
|-enditem|p2a: Iron Moth|Booster Energy
|-activate|p2a: Iron Moth|ability: Quark Drive|[fromitem]
|-start|p2a: Iron Moth|quarkdrivespe
|move|p1a: Moltres|Roost|p1a: Moltres
|-heal|p1a: Moltres|92/100
|-singleturn|p1a: Moltres|move: Roost
|
|upkeep
|turn|3
|
|t:|1759022726
|move|p2a: Iron Moth|Substitute|p2a: Iron Moth
|-start|p2a: Iron Moth|Substitute
|-damage|p2a: Iron Moth|76/100
|move|p1a: Moltres|Brave Bird|p2a: Iron Moth
|-end|p2a: Iron Moth|Substitute
|-damage|p1a: Moltres|86/100|[from] Recoil|[of] p2a: Iron Moth
|
|upkeep
|turn|4
|
|t:|1759022729
|move|p2a: Iron Moth|Fiery Dance|p1a: Moltres
|-resisted|p1a: Moltres
|-damage|p1a: Moltres|71/100
|-boost|p2a: Iron Moth|spa|1
|move|p1a: Moltres|Brave Bird|p2a: Iron Moth
|-damage|p2a: Iron Moth|14/100
|-damage|p1a: Moltres|55/100|[from] Recoil
|
|upkeep
|turn|5
|
|t:|1759022732
|move|p2a: Iron Moth|Sludge Wave|p1a: Moltres
|-damage|p1a: Moltres|0 fnt
|faint|p1a: Moltres
|
|upkeep
|
|t:|1759022738
|switch|p1a: Rillaboom|Rillaboom, M|100/100
|-fieldstart|move: Grassy Terrain|[from] ability: Grassy Surge|[of] p1a: Rillaboom
|turn|6
|
|t:|1759022741
|move|p1a: Rillaboom|Grassy Glide|p2a: Iron Moth
|-resisted|p2a: Iron Moth
|-damage|p2a: Iron Moth|0 fnt
|faint|p2a: Iron Moth
|-end|p2a: Iron Moth|Quark Drive|[silent]
|-damage|p1a: Rillaboom|91/100|[from] item: Life Orb
|
|-heal|p1a: Rillaboom|97/100|[from] Grassy Terrain
|upkeep
|
|t:|1759022743
|switch|p2a: Sinistcha|Sinistcha|100/100
|turn|7
|
|t:|1759022748
|move|p1a: Rillaboom|Swords Dance|p1a: Rillaboom
|-boost|p1a: Rillaboom|atk|2
|move|p2a: Sinistcha|Shadow Ball|p1a: Rillaboom
|-damage|p1a: Rillaboom|53/100
|
|-heal|p1a: Rillaboom|59/100|[from] Grassy Terrain
|upkeep
|turn|8
|
|t:|1759022754
|-terastallize|p2a: Sinistcha|Poison
|move|p1a: Rillaboom|Knock Off|p2a: Sinistcha
|-damage|p2a: Sinistcha|28/100
|-enditem|p2a: Sinistcha|Leftovers|[from] move: Knock Off|[of] p1a: Rillaboom
|-damage|p1a: Rillaboom|49/100|[from] item: Life Orb
|move|p2a: Sinistcha|Calm Mind|p2a: Sinistcha
|-boost|p2a: Sinistcha|spa|1
|-boost|p2a: Sinistcha|spd|1
|
|-heal|p1a: Rillaboom|55/100|[from] Grassy Terrain
|-heal|p2a: Sinistcha|34/100|[from] Grassy Terrain
|upkeep
|turn|9
|
|t:|1759022762
|switch|p2a: Landorus|Landorus-Therian, M|100/100
|-ability|p2a: Landorus|Intimidate|boost
|-unboost|p1a: Rillaboom|atk|1
|move|p1a: Rillaboom|Knock Off|p2a: Landorus
|-damage|p2a: Landorus|27/100
|-damage|p1a: Rillaboom|39/100|[from] item: Rocky Helmet|[of] p2a: Landorus
|-enditem|p2a: Landorus|Rocky Helmet|[from] move: Knock Off|[of] p1a: Rillaboom
|-damage|p1a: Rillaboom|29/100|[from] item: Life Orb
|
|-heal|p1a: Rillaboom|35/100|[from] Grassy Terrain
|upkeep
|turn|10
|
|t:|1759022767
|move|p1a: Rillaboom|Grassy Glide|p2a: Landorus
|-damage|p2a: Landorus|0 fnt
|faint|p2a: Landorus
|-damage|p1a: Rillaboom|25/100|[from] item: Life Orb
|
|-heal|p1a: Rillaboom|31/100|[from] Grassy Terrain
|-fieldend|move: Grassy Terrain
|upkeep
|
|t:|1759022769
|switch|p2a: Iron Valiant|Iron Valiant|100/100
|-enditem|p2a: Iron Valiant|Booster Energy
|-activate|p2a: Iron Valiant|ability: Quark Drive|[fromitem]
|-start|p2a: Iron Valiant|quarkdrivespe
|turn|11
|
|t:|1759022780
|switch|p1a: Pecharunt|Pecharunt|100/100
|move|p2a: Iron Valiant|Knock Off|p1a: Pecharunt
|-supereffective|p1a: Pecharunt
|-damage|p1a: Pecharunt|71/100
|-enditem|p1a: Pecharunt|Heavy-Duty Boots|[from] move: Knock Off|[of] p2a: Iron Valiant
|
|upkeep
|turn|12
|
|t:|1759022783
|-end|p2a: Iron Valiant|Quark Drive|[silent]
|switch|p2a: Kingambit|Kingambit, M|100/100
|-activate|p2a: Kingambit|ability: Supreme Overlord
|-start|p2a: Kingambit|fallen2|[silent]
|move|p1a: Pecharunt|Malignant Chain|p2a: Kingambit
|-immune|p2a: Kingambit
|
|upkeep
|turn|13
|
|t:|1759022787
|move|p1a: Pecharunt|Parting Shot|p2a: Kingambit
|-unboost|p2a: Kingambit|atk|1
|-unboost|p2a: Kingambit|spa|1
|
|t:|1759022796
|switch|p1a: Garchomp|Garchomp, M|100/100|[from] Parting Shot
|move|p2a: Kingambit|Iron Head|p1a: Garchomp
|-crit|p1a: Garchomp
|-damage|p1a: Garchomp|17/100
|-damage|p2a: Kingambit|88/100|[from] ability: Rough Skin|[of] p1a: Garchomp
|
|-heal|p2a: Kingambit|94/100|[from] item: Leftovers
|upkeep
|turn|14
|
|t:|1759022816
|switch|p1a: Iron Valiant|Iron Valiant|100/100
|-enditem|p1a: Iron Valiant|Booster Energy
|-activate|p1a: Iron Valiant|ability: Quark Drive|[fromitem]
|-start|p1a: Iron Valiant|quarkdrivespe
|move|p2a: Kingambit|Sucker Punch||[still]
|-fail|p2a: Kingambit
|
|-heal|p2a: Kingambit|99/100|[from] item: Leftovers
|upkeep
|turn|15
|
|t:|1759022820
|move|p1a: Iron Valiant|Close Combat|p2a: Kingambit
|-supereffective|p2a: Kingambit
|-damage|p2a: Kingambit|0 fnt
|-unboost|p1a: Iron Valiant|def|1
|-unboost|p1a: Iron Valiant|spd|1
|faint|p2a: Kingambit
|-end|p2a: Kingambit|fallen2|[silent]
|
|upkeep
|
|t:|1759022823
|switch|p2a: Deoxys|Deoxys-Speed|84/100 brn
|-ability|p2a: Deoxys|Pressure
|turn|16
|
|t:|1759022827
|move|p1a: Iron Valiant|Knock Off|p2a: Deoxys
|-supereffective|p2a: Deoxys
|-damage|p2a: Deoxys|2/100 brn
|-enditem|p2a: Deoxys|Life Orb|[from] move: Knock Off|[of] p1a: Iron Valiant
|move|p2a: Deoxys|Psycho Boost|p1a: Iron Valiant
|-supereffective|p1a: Iron Valiant
|-damage|p1a: Iron Valiant|0 fnt
|-unboost|p2a: Deoxys|spa|2
|faint|p1a: Iron Valiant
|-end|p1a: Iron Valiant|Quark Drive|[silent]
|
|-damage|p2a: Deoxys|0 fnt|[from] brn
|faint|p2a: Deoxys
|upkeep
|
|t:|1759022842
|switch|p2a: Iron Valiant|Iron Valiant|100/100
|switch|p1a: Garchomp|Garchomp, M|17/100
|turn|17
|
|t:|1759022854
|switch|p1a: Pecharunt|Pecharunt|71/100
|move|p2a: Iron Valiant|Swords Dance|p2a: Iron Valiant
|-boost|p2a: Iron Valiant|atk|2
|
|upkeep
|turn|18
|
|t:|1759022864
|move|p2a: Iron Valiant|Knock Off|p1a: Pecharunt
|-supereffective|p1a: Pecharunt
|-damage|p1a: Pecharunt|32/100
|move|p1a: Pecharunt|Malignant Chain|p2a: Iron Valiant
|-supereffective|p2a: Iron Valiant
|-damage|p2a: Iron Valiant|0 fnt
|faint|p2a: Iron Valiant
|-end|p2a: Iron Valiant|Quark Drive|[silent]
|
|upkeep
|
|t:|1759022867
|switch|p2a: Sinistcha|Sinistcha, tera:Poison|34/100
|turn|19
|
|t:|1759022874
|move|p1a: Pecharunt|Parting Shot|p2a: Sinistcha
|-unboost|p2a: Sinistcha|atk|1
|-unboost|p2a: Sinistcha|spa|1
|
|t:|1759022878
|switch|p1a: Slowking|Slowking-Galar, M|100/100|[from] Parting Shot
|move|p2a: Sinistcha|Strength Sap|p1a: Slowking
|-unboost|p1a: Slowking|atk|1
|-heal|p2a: Sinistcha|82/100
|
|upkeep
|turn|20
|
|t:|1759022886
|move|p2a: Sinistcha|Calm Mind|p2a: Sinistcha
|-boost|p2a: Sinistcha|spa|1
|-boost|p2a: Sinistcha|spd|1
|-prepare|p1a: Slowking|Chilly Reception|[premajor]
|move|p1a: Slowking|Chilly Reception|p1a: Slowking
|-weather|Snowscape
|
|t:|1759022887
|switch|p1a: Garchomp|Garchomp, M|17/100|[from] Chilly Reception
|
|-weather|Snowscape|[upkeep]
|upkeep
|turn|21
|
|t:|1759022891
|move|p1a: Garchomp|Earthquake|p2a: Sinistcha
|-supereffective|p2a: Sinistcha
|-damage|p2a: Sinistcha|6/100
|move|p2a: Sinistcha|Strength Sap|p1a: Garchomp
|-unboost|p1a: Garchomp|atk|1
|-heal|p2a: Sinistcha|100/100
|
|-weather|Snowscape|[upkeep]
|upkeep
|turn|22
|
|t:|1759022917
|move|p1a: Garchomp|Swords Dance|p1a: Garchomp
|-boost|p1a: Garchomp|atk|2
|move|p2a: Sinistcha|Shadow Ball|p1a: Garchomp
|-damage|p1a: Garchomp|0 fnt
|faint|p1a: Garchomp
|
|-weather|Snowscape|[upkeep]
|upkeep
|
|t:|1759022919
|switch|p1a: Slowking|Slowking-Galar, M|100/100
|turn|23
|
|t:|1759022924
|move|p2a: Sinistcha|Calm Mind|p2a: Sinistcha
|-boost|p2a: Sinistcha|spa|1
|-boost|p2a: Sinistcha|spd|1
|move|p1a: Slowking|Future Sight|p2a: Sinistcha
|-start|p1a: Slowking|move: Future Sight
|
|-weather|Snowscape|[upkeep]
|upkeep
|turn|24
|
|t:|1759022926
|move|p2a: Sinistcha|Shadow Ball|p1a: Slowking
|-supereffective|p1a: Slowking
|-damage|p1a: Slowking|42/100
|move|p1a: Slowking|Thunder Wave|p2a: Sinistcha
|-status|p2a: Sinistcha|par
|
|-weather|none
|upkeep
|turn|25
|
|t:|1759022940
|switch|p1a: Rillaboom|Rillaboom, M|31/100
|-fieldstart|move: Grassy Terrain|[from] ability: Grassy Surge|[of] p1a: Rillaboom
|cant|p2a: Sinistcha|par
|
|-end|p2a: Sinistcha|move: Future Sight
|-supereffective|p2a: Sinistcha
|-damage|p2a: Sinistcha|50/100 par
|-heal|p1a: Rillaboom|37/100|[from] Grassy Terrain
|-heal|p2a: Sinistcha|56/100 par|[from] Grassy Terrain
|upkeep
|turn|26
|
|t:|1759022951
|move|p1a: Rillaboom|Wood Hammer|p2a: Sinistcha
|-resisted|p2a: Sinistcha
|-damage|p2a: Sinistcha|17/100 par
|-damage|p1a: Rillaboom|24/100|[from] Recoil
|-damage|p1a: Rillaboom|14/100|[from] item: Life Orb
|move|p2a: Sinistcha|Strength Sap|p1a: Rillaboom
|-unboost|p1a: Rillaboom|atk|1
|-heal|p2a: Sinistcha|100/100 par
|
|-heal|p1a: Rillaboom|20/100|[from] Grassy Terrain
|upkeep
|turn|27
|
|t:|1759022973
|move|p1a: Rillaboom|Swords Dance|p1a: Rillaboom
|-boost|p1a: Rillaboom|atk|2
|move|p2a: Sinistcha|Shadow Ball|p1a: Rillaboom
|-damage|p1a: Rillaboom|0 fnt
|faint|p1a: Rillaboom
|
|upkeep
|
|t:|1759022976
|switch|p1a: Slowking|Slowking-Galar, M|75/100
|turn|28
|
|t:|1759022979
|move|p2a: Sinistcha|Shadow Ball|p1a: Slowking
|-supereffective|p1a: Slowking
|-damage|p1a: Slowking|20/100
|move|p1a: Slowking|Future Sight|p2a: Sinistcha
|-start|p1a: Slowking|move: Future Sight
|
|-heal|p1a: Slowking|26/100|[from] Grassy Terrain
|upkeep
|turn|29
|
|t:|1759022987
|switch|p1a: Pecharunt|Pecharunt|32/100
|move|p2a: Sinistcha|Shadow Ball|p1a: Pecharunt
|-supereffective|p1a: Pecharunt
|-damage|p1a: Pecharunt|0 fnt
|faint|p1a: Pecharunt
|
|-fieldend|move: Grassy Terrain
|upkeep
|
|t:|1759022991
|switch|p1a: Slowking|Slowking-Galar, M|59/100
|turn|30
|c|☆clausura|ggs
|c|☆splogop|gg
|
|t:|1759023002
|-terastallize|p1a: Slowking|Water
|move|p2a: Sinistcha|Shadow Ball|p1a: Slowking
|-damage|p1a: Slowking|29/100
|-unboost|p1a: Slowking|spd|1
|move|p1a: Slowking|Sludge Bomb|p2a: Sinistcha
|-resisted|p2a: Sinistcha
|-damage|p2a: Sinistcha|91/100 par
|
|-end|p2a: Sinistcha|move: Future Sight
|-supereffective|p2a: Sinistcha
|-damage|p2a: Sinistcha|35/100 par
|upkeep
|turn|31
|
|t:|1759023009
|move|p2a: Sinistcha|Matcha Gotcha|p1a: Slowking
|-supereffective|p1a: Slowking
|-damage|p1a: Slowking|0 fnt
|-heal|p2a: Sinistcha|51/100 par|[from] drain|[of] p1a: Slowking
|faint|p1a: Slowking
|
|win|clausura
|raw|splogop's rating: 1533 &rarr; <strong>1515</strong><br />(-18 for losing)
|raw|clausura's rating: 1574 &rarr; <strong>1592</strong><br />(+18 for winning)
|l|☆splogop
|player|p1|
|c|☆clausura|had to play sin perfectly to win
