|j|☆lobtian
|j|☆Plata251
|t:|1758983961
|gametype|singles
|player|p1|lobtian|266|1087
|player|p2|Plata251|pokefan-gen2|1077
|gen|9
|tier|[Gen 9] OU
|rated|
|rule|HP Percentage Mod: HP is shown in percentages
|rule|Endless Battle Clause: Forcing endless battles is banned
|rule|Species Clause: Limit one of each Pokémon
|rule|OHKO Clause: OHKO moves are banned
|rule|Evasion Items Clause: Evasion items are banned
|rule|Evasion Moves Clause: Evasion moves are banned
|rule|Evasion Abilities Clause: Evasion abilities are banned
|rule|Sleep Moves Clause: Sleep-inducing moves are banned
|clearpoke
|poke|p1|Sylveon, M|
|poke|p1|Dragapult, M|
|poke|p1|Cinderace, M|
|poke|p1|Gholdengo|
|poke|p1|Garganacl, F|
|poke|p1|Rillaboom, M|
|poke|p2|Naclstack, F|
|poke|p2|Ninetales-Alola, M|
|poke|p2|Zapdos|
|poke|p2|Fezandipiti, M|
|poke|p2|Rotom-Heat|
|poke|p2|Moltres-Galar|
|teampreview
|
|t:|1758984017
|teamsize|p1|6
|teamsize|p2|6
|start
|switch|p1a: Sylveon|Sylveon, M|100/100
|switch|p2a: Fezandipiti|Fezandipiti, M|100/100
|turn|1
|
|t:|1758984029
|switch|p1a: Gholdengo|Gholdengo|100/100
|move|p2a: Fezandipiti|Beat Up|p1a: Gholdengo
|-supereffective|p1a: Gholdengo
|-damage|p1a: Gholdengo|94/100
|-supereffective|p1a: Gholdengo
|-damage|p1a: Gholdengo|88/100
|-supereffective|p1a: Gholdengo
|-damage|p1a: Gholdengo|81/100
|-supereffective|p1a: Gholdengo
|-damage|p1a: Gholdengo|76/100
|-supereffective|p1a: Gholdengo
|-damage|p1a: Gholdengo|70/100
|-supereffective|p1a: Gholdengo
|-damage|p1a: Gholdengo|64/100
|-hitcount|p1a: Gholdengo|6
|
|upkeep
|turn|2
|
|t:|1758984062
|switch|p2a: Rotom|Rotom-Heat|100/100
|move|p1a: Gholdengo|Make It Rain|p2a: Rotom
|-resisted|p2a: Rotom
|-damage|p2a: Rotom|79/100
|-unboost|p1a: Gholdengo|spa|1
|-damage|p1a: Gholdengo|54/100|[from] item: Life Orb
|
|-heal|p2a: Rotom|85/100|[from] item: Leftovers
|upkeep
|turn|3
|
|t:|1758984075
|switch|p1a: Garganacl|Garganacl, F|100/100
|move|p2a: Rotom|Volt Switch|p1a: Garganacl
|-damage|p1a: Garganacl|77/100
|
|t:|1758984079
|switch|p2a: Naclstack|Naclstack, F|100/100|[from] Volt Switch
|
|upkeep
|turn|4
|
|t:|1758984088
|move|p1a: Garganacl|Iron Defense|p1a: Garganacl
|-boost|p1a: Garganacl|def|2
|move|p2a: Naclstack|Salt Cure|p1a: Garganacl
|-damage|p1a: Garganacl|75/100
|-start|p1a: Garganacl|Salt Cure
|
|-damage|p1a: Garganacl|62/100|[from] Salt Cure
|upkeep
|turn|5
|inactive|Battle timer is ON: inactive players will automatically lose when time's up. (requested by Plata251)
|
|t:|1758984099
|move|p1a: Garganacl|Iron Defense|p1a: Garganacl
|-boost|p1a: Garganacl|def|2
|move|p2a: Naclstack|Stealth Rock|p1a: Garganacl
|-sidestart|p1: lobtian|move: Stealth Rock
|
|-damage|p1a: Garganacl|50/100|[from] Salt Cure
|upkeep
|turn|6
|
|t:|1758984107
|switch|p2a: Ninetales|Ninetales-Alola, M|100/100
|-weather|Snowscape|[from] ability: Snow Warning|[of] p2a: Ninetales
|move|p1a: Garganacl|Earthquake|p2a: Ninetales
|-damage|p2a: Ninetales|82/100
|
|-weather|Snowscape|[upkeep]
|-damage|p1a: Garganacl|37/100|[from] Salt Cure
|upkeep
|turn|7
|
|t:|1758984122
|switch|p1a: Cinderace|Cinderace, M|100/100
|-damage|p1a: Cinderace|76/100|[from] Stealth Rock
|move|p2a: Ninetales|Encore||[still]
|-fail|p2a: Ninetales
|
|-weather|Snowscape|[upkeep]
|upkeep
|turn|8
|
|t:|1758984141
|switch|p2a: Rotom|Rotom-Heat|85/100
|move|p1a: Cinderace|U-turn|p2a: Rotom
|-start|p1a: Cinderace|typechange|Bug|[from] ability: Libero
|-resisted|p2a: Rotom
|-damage|p2a: Rotom|68/100
|
|t:|1758984156
|switch|p1a: Dragapult|Dragapult, M|100/100|[from] U-turn
|-damage|p1a: Dragapult|88/100|[from] Stealth Rock
|
|-weather|Snowscape|[upkeep]
|-heal|p2a: Rotom|74/100|[from] item: Leftovers
|-status|p1a: Dragapult|brn|[from] item: Flame Orb
|upkeep
|turn|9
|
|t:|1758984166
|move|p1a: Dragapult|Dragon Dance|p1a: Dragapult
|-boost|p1a: Dragapult|atk|1
|-boost|p1a: Dragapult|spe|1
|move|p2a: Rotom|Pain Split|p1a: Dragapult
|-sethp|p1a: Dragapult|79/100 brn|[from] move: Pain Split|[silent]
|-sethp|p2a: Rotom|83/100|[from] move: Pain Split
|
|-weather|Snowscape|[upkeep]
|-heal|p2a: Rotom|89/100|[from] item: Leftovers
|-damage|p1a: Dragapult|73/100 brn|[from] brn
|upkeep
|turn|10
|
|t:|1758984176
|move|p1a: Dragapult|Dragon Dance|p1a: Dragapult
|-boost|p1a: Dragapult|atk|1
|-boost|p1a: Dragapult|spe|1
|move|p2a: Rotom|Overheat|p1a: Dragapult
|-resisted|p1a: Dragapult
|-damage|p1a: Dragapult|43/100 brn
|-unboost|p2a: Rotom|spa|2
|
|-weather|none
|-heal|p2a: Rotom|95/100|[from] item: Leftovers
|-damage|p1a: Dragapult|37/100 brn|[from] brn
|upkeep
|turn|11
|
|t:|1758984190
|move|p1a: Dragapult|Facade|p2a: Rotom
|-damage|p2a: Rotom|0 fnt
|faint|p2a: Rotom
|
|-damage|p1a: Dragapult|31/100 brn|[from] brn
|upkeep
|
|t:|1758984196
|switch|p2a: Naclstack|Naclstack, F|100/100
|turn|12
|
|t:|1758984201
|move|p1a: Dragapult|Facade|p2a: Naclstack
|-resisted|p2a: Naclstack
|-damage|p2a: Naclstack|67/100
|move|p2a: Naclstack|Salt Cure|p1a: Dragapult
|-damage|p1a: Dragapult|18/100 brn
|-start|p1a: Dragapult|Salt Cure
|
|-damage|p1a: Dragapult|12/100 brn|[from] brn
|-damage|p1a: Dragapult|0 fnt|[from] Salt Cure
|faint|p1a: Dragapult
|upkeep
|
|t:|1758984213
|switch|p1a: Rillaboom|Rillaboom, M|100/100
|-damage|p1a: Rillaboom|88/100|[from] Stealth Rock
|-fieldstart|move: Grassy Terrain|[from] ability: Grassy Surge|[of] p1a: Rillaboom
|turn|13
|
|t:|1758984234
|switch|p2a: Zapdos|Zapdos|100/100
|move|p1a: Rillaboom|Body Press|p2a: Zapdos
|-resisted|p2a: Zapdos
|-damage|p2a: Zapdos|92/100
|-status|p1a: Rillaboom|par|[from] ability: Static|[of] p2a: Zapdos
|
|-heal|p1a: Rillaboom|94/100 par|[from] Grassy Terrain
|upkeep
|turn|14
|
|t:|1758984246
|switch|p1a: Gholdengo|Gholdengo|54/100
|-damage|p1a: Gholdengo|48/100|[from] Stealth Rock
|move|p2a: Zapdos|Hurricane|p1a: Gholdengo|[miss]
|-miss|p2a: Zapdos|p1a: Gholdengo
|
|-heal|p1a: Gholdengo|54/100|[from] Grassy Terrain
|upkeep
|turn|15
|
|t:|1758984259
|move|p2a: Zapdos|Hurricane|p1a: Gholdengo
|-resisted|p1a: Gholdengo
|-damage|p1a: Gholdengo|29/100
|move|p1a: Gholdengo|Recover|p1a: Gholdengo
|-heal|p1a: Gholdengo|79/100
|
|-heal|p1a: Gholdengo|85/100|[from] Grassy Terrain
|upkeep
|turn|16
|
|t:|1758984278
|switch|p1a: Garganacl|Garganacl, F|37/100
|-damage|p1a: Garganacl|25/100|[from] Stealth Rock
|move|p2a: Zapdos|Hurricane|p1a: Garganacl|[miss]
|-miss|p2a: Zapdos|p1a: Garganacl
|
|-heal|p1a: Garganacl|31/100|[from] Grassy Terrain
|upkeep
|turn|17
|
|t:|1758984290
|move|p2a: Zapdos|Volt Switch|p1a: Garganacl
|-damage|p1a: Garganacl|5/100
|
|t:|1758984293
|switch|p2a: Ninetales|Ninetales-Alola, M|82/100|[from] Volt Switch
|-weather|Snowscape|[from] ability: Snow Warning|[of] p2a: Ninetales
|move|p1a: Garganacl|Salt Cure|p2a: Ninetales
|-supereffective|p2a: Ninetales
|-damage|p2a: Ninetales|59/100
|-start|p2a: Ninetales|Salt Cure
|
|-weather|Snowscape|[upkeep]
|-heal|p2a: Ninetales|65/100|[from] Grassy Terrain
|-heal|p1a: Garganacl|11/100|[from] Grassy Terrain
|-damage|p2a: Ninetales|52/100|[from] Salt Cure
|-fieldend|move: Grassy Terrain
|upkeep
|turn|18
|
|t:|1758984310
|move|p2a: Ninetales|Moonblast|p1a: Garganacl
|-damage|p1a: Garganacl|0 fnt
|faint|p1a: Garganacl
|
|-weather|Snowscape|[upkeep]
|-damage|p2a: Ninetales|40/100|[from] Salt Cure
|upkeep
|
|t:|1758984320
|switch|p1a: Sylveon|Sylveon, M|100/100
|-damage|p1a: Sylveon|88/100|[from] Stealth Rock
|turn|19
|
|t:|1758984328
|switch|p2a: Fezandipiti|Fezandipiti, M|100/100
|move|p1a: Sylveon|Calm Mind|p1a: Sylveon
|-boost|p1a: Sylveon|spa|1
|-boost|p1a: Sylveon|spd|1
|
|-weather|Snowscape|[upkeep]
|-heal|p1a: Sylveon|94/100|[from] item: Leftovers
|upkeep
|turn|20
|
|t:|1758984358
|move|p2a: Fezandipiti|Beat Up|p1a: Sylveon
|-resisted|p1a: Sylveon
|-damage|p1a: Sylveon|92/100
|-status|p1a: Sylveon|tox|[from] ability: Toxic Chain|[of] p2a: Fezandipiti
|-resisted|p1a: Sylveon
|-damage|p1a: Sylveon|90/100 tox
|-resisted|p1a: Sylveon
|-damage|p1a: Sylveon|88/100 tox
|-resisted|p1a: Sylveon
|-damage|p1a: Sylveon|86/100 tox
|-resisted|p1a: Sylveon
|-damage|p1a: Sylveon|84/100 tox
|-hitcount|p1a: Sylveon|5
|move|p1a: Sylveon|Light Screen|p1a: Sylveon
|-sidestart|p1: lobtian|move: Light Screen
|
|-weather|Snowscape|[upkeep]
|-heal|p1a: Sylveon|90/100 tox|[from] item: Leftovers
|-damage|p1a: Sylveon|84/100 tox|[from] psn
|upkeep
|turn|21
|inactive|lobtian has 120 seconds left.
|
|t:|1758984380
|move|p2a: Fezandipiti|U-turn|p1a: Sylveon
|-resisted|p1a: Sylveon
|-damage|p1a: Sylveon|74/100 tox
|
|t:|1758984384
|switch|p2a: Naclstack|Naclstack, F|67/100|[from] U-turn
|move|p1a: Sylveon|Calm Mind|p1a: Sylveon
|-boost|p1a: Sylveon|spa|1
|-boost|p1a: Sylveon|spd|1
|
|-weather|none
|-heal|p1a: Sylveon|80/100 tox|[from] item: Leftovers
|-damage|p1a: Sylveon|68/100 tox|[from] psn
|upkeep
|turn|22
|inactive|lobtian has 120 seconds left.
|
|t:|1758984396
|move|p1a: Sylveon|Moonblast|p2a: Naclstack
|-crit|p2a: Naclstack
|-damage|p2a: Naclstack|0 fnt
|faint|p2a: Naclstack
|
|-heal|p1a: Sylveon|74/100 tox|[from] item: Leftovers
|-damage|p1a: Sylveon|56/100 tox|[from] psn
|upkeep
|
|t:|1758984401
|switch|p2a: Ninetales|Ninetales-Alola, M|40/100
|-weather|Snowscape|[from] ability: Snow Warning|[of] p2a: Ninetales
|turn|23
|inactive|lobtian has 120 seconds left.
|
|t:|1758984416
|move|p2a: Ninetales|Aurora Veil|p2a: Ninetales
|-sidestart|p2: Plata251|move: Aurora Veil
|move|p1a: Sylveon|Moonblast|p2a: Ninetales
|-damage|p2a: Ninetales|0 fnt
|faint|p2a: Ninetales
|
|-weather|Snowscape|[upkeep]
|-heal|p1a: Sylveon|62/100 tox|[from] item: Leftovers
|-damage|p1a: Sylveon|38/100 tox|[from] psn
|upkeep
|
|t:|1758984424
|switch|p2a: Fezandipiti|Fezandipiti, M|100/100
|turn|24
|
|t:|1758984428
|move|p2a: Fezandipiti|Play Rough|p1a: Sylveon
|-crit|p1a: Sylveon
|-damage|p1a: Sylveon|0 fnt
|faint|p1a: Sylveon
|
|-weather|Snowscape|[upkeep]
|-sideend|p1: lobtian|move: Light Screen
|upkeep
|inactive|lobtian has 120 seconds left.
|
|t:|1758984451
|switch|p1a: Gholdengo|Gholdengo|85/100
|-damage|p1a: Gholdengo|79/100|[from] Stealth Rock
|turn|25
|inactive|lobtian has 120 seconds left.
|
|t:|1758984461
|move|p2a: Fezandipiti|Beat Up|p1a: Gholdengo
|-supereffective|p1a: Gholdengo
|-damage|p1a: Gholdengo|72/100
|-supereffective|p1a: Gholdengo
|-damage|p1a: Gholdengo|65/100
|-supereffective|p1a: Gholdengo
|-damage|p1a: Gholdengo|59/100
|-hitcount|p1a: Gholdengo|3
|move|p1a: Gholdengo|Poltergeist|p2a: Fezandipiti
|-activate|p2a: Fezandipiti|move: Poltergeist|Heavy-Duty Boots
|-damage|p2a: Fezandipiti|82/100
|-damage|p1a: Gholdengo|49/100|[from] item: Life Orb
|
|-weather|Snowscape|[upkeep]
|upkeep
|turn|26
|inactive|lobtian has 120 seconds left.
|inactive|Plata251 has 120 seconds left.
|
|t:|1758984516
|move|p2a: Fezandipiti|Beat Up|p1a: Gholdengo
|-supereffective|p1a: Gholdengo
|-damage|p1a: Gholdengo|43/100
|-supereffective|p1a: Gholdengo
|-damage|p1a: Gholdengo|36/100
|-supereffective|p1a: Gholdengo
|-damage|p1a: Gholdengo|30/100
|-hitcount|p1a: Gholdengo|3
|move|p1a: Gholdengo|Recover|p1a: Gholdengo
|-heal|p1a: Gholdengo|80/100
|
|-weather|Snowscape|[upkeep]
|upkeep
|turn|27
|inactive|lobtian has 120 seconds left.
|
|t:|1758984529
|move|p2a: Fezandipiti|U-turn|p1a: Gholdengo
|-resisted|p1a: Gholdengo
|-damage|p1a: Gholdengo|76/100
|
|t:|1758984531
|switch|p2a: Moltres|Moltres-Galar|100/100|[from] U-turn
|move|p1a: Gholdengo|Make It Rain|p2a: Moltres
|-damage|p2a: Moltres|62/100
|-unboost|p1a: Gholdengo|spa|1
|-damage|p1a: Gholdengo|66/100|[from] item: Life Orb
|
|-weather|none
|upkeep
|turn|28
|inactive|lobtian has 120 seconds left.
|
|t:|1758984546
|move|p1a: Gholdengo|Protect|p1a: Gholdengo
|-singleturn|p1a: Gholdengo|Protect
|move|p2a: Moltres|Agility|p2a: Moltres
|-boost|p2a: Moltres|spe|2
|
|upkeep
|turn|29
|inactive|Plata251 has 120 seconds left.
|inactive|lobtian has 120 seconds left.
|
|t:|1758984565
|switch|p1a: Cinderace|Cinderace, M|76/100
|-damage|p1a: Cinderace|51/100|[from] Stealth Rock
|move|p2a: Moltres|Nasty Plot|p2a: Moltres
|-boost|p2a: Moltres|spa|2
|
|upkeep
|turn|30
|inactive|lobtian has 120 seconds left.
|inactive|Plata251 has 120 seconds left.
|
|t:|1758984585
|move|p2a: Moltres|Fiery Wrath|p1a: Cinderace
|-damage|p1a: Cinderace|0 fnt
|faint|p1a: Cinderace
|
|-sideend|p2: Plata251|move: Aurora Veil
|upkeep
|
|t:|1758984593
|switch|p1a: Gholdengo|Gholdengo|66/100
|-damage|p1a: Gholdengo|60/100|[from] Stealth Rock
|turn|31
|
|t:|1758984608
|-terastallize|p1a: Gholdengo|Steel
|move|p2a: Moltres|Fiery Wrath|p1a: Gholdengo
|-damage|p1a: Gholdengo|0 fnt
|faint|p1a: Gholdengo
|
|upkeep
|
|t:|1758984614
|switch|p1a: Rillaboom|Rillaboom, M|94/100 par
|-damage|p1a: Rillaboom|82/100 par|[from] Stealth Rock
|-fieldstart|move: Grassy Terrain|[from] ability: Grassy Surge|[of] p1a: Rillaboom
|turn|32
|
|t:|1758984625
|-terastallize|p2a: Moltres|Ghost
|move|p2a: Moltres|Hex|p1a: Rillaboom
|-damage|p1a: Rillaboom|0 fnt
|faint|p1a: Rillaboom
|
|win|Plata251
|raw|lobtian's rating: 1087 &rarr; <strong>1063</strong><br />(-24 for losing)
|raw|Plata251's rating: 1077 &rarr; <strong>1106</strong><br />(+29 for winning)
|l|☆lobtian
|player|p1|
|l|☆Plata251
|player|p2|
