|badge|p1|bronze|gen9ou|100-6
|uhtml|medal-msg|<div class="broadcast-blue">Curious what those medals under the avatar are? PS now has Ladder Seasons! For more information, check out the <a href="https://www.smogon.com/forums/threads/3740067/">thread on Smogon.</a></div>
|j|☆winslowyoudog
|j|☆lerendezvous
|t:|1758915956
|gametype|singles
|player|p1|winslowyoudog|102|1817
|player|p2|lerendezvous|101|1745
|gen|9
|tier|[Gen 9] OU
|rated|
|rule|HP Percentage Mod: HP is shown in percentages
|rule|Endless Battle Clause: Forcing endless battles is banned
|rule|Species Clause: Limit one of each Pokémon
|rule|OHKO Clause: OHKO moves are banned
|rule|Evasion Items Clause: Evasion items are banned
|rule|Evasion Moves Clause: Evasion moves are banned
|rule|Evasion Abilities Clause: Evasion abilities are banned
|rule|Sleep Moves Clause: Sleep-inducing moves are banned
|clearpoke
|poke|p1|Darkrai|
|poke|p1|Enamorus, F|
|poke|p1|Cinderace, F|
|poke|p1|Great Tusk|
|poke|p1|Alomomola, M|
|poke|p1|Amoonguss, F|
|poke|p2|Ogerpon-Wellspring, F|
|poke|p2|Slowking-Galar, M|
|poke|p2|Great Tusk|
|poke|p2|Moltres|
|poke|p2|Dragapult, M|
|poke|p2|Kingambit, M|
|teampreview
|inactive|Battle timer is ON: inactive players will automatically lose when time's up. (requested by lerendezvous)
|
|t:|1758915966
|teamsize|p1|6
|teamsize|p2|6
|start
|switch|p1a: Darkrai|Darkrai|100/100
|switch|p2a: Slowking|Slowking-Galar, M|100/100
|turn|1
|
|t:|1758915972
|-terastallize|p2a: Slowking|Water
|move|p1a: Darkrai|Knock Off|p2a: Slowking
|-crit|p2a: Slowking
|-damage|p2a: Slowking|57/100
|-enditem|p2a: Slowking|Assault Vest|[from] move: Knock Off|[of] p1a: Darkrai
|move|p2a: Slowking|Sludge Bomb|p1a: Darkrai
|-damage|p1a: Darkrai|48/100
|-status|p1a: Darkrai|psn
|
|-damage|p1a: Darkrai|35/100 psn|[from] psn
|upkeep
|turn|2
|j| Swagboss123456789
|
|t:|1758915992
|switch|p1a: Amoonguss|Amoonguss, F|100/100
|switch|p2a: Kingambit|Kingambit, M|100/100
|
|upkeep
|turn|3
|
|t:|1758916004
|switch|p1a: Great Tusk|Great Tusk|100/100
|move|p2a: Kingambit|Iron Head|p1a: Great Tusk
|-crit|p1a: Great Tusk
|-damage|p1a: Great Tusk|50/100
|
|upkeep
|turn|4
|
|t:|1758916015
|-end|p2a: Kingambit|fallenundefined|[silent]
|switch|p2a: Moltres|Moltres|100/100
|move|p1a: Great Tusk|Knock Off|p2a: Moltres
|-damage|p2a: Moltres|78/100
|-enditem|p2a: Moltres|Heavy-Duty Boots|[from] move: Knock Off|[of] p1a: Great Tusk
|
|upkeep
|turn|5
|
|t:|1758916022
|-end|p1a: Great Tusk|Protosynthesis|[silent]
|switch|p1a: Alomomola|Alomomola, M|100/100
|move|p2a: Moltres|Roost|p2a: Moltres
|-heal|p2a: Moltres|100/100
|-singleturn|p2a: Moltres|move: Roost
|
|upkeep
|turn|6
|
|t:|1758916028
|switch|p2a: Slowking|Slowking-Galar, M, tera:Water|90/100
|move|p1a: Alomomola|Body Slam|p2a: Slowking
|-damage|p2a: Slowking|74/100
|
|upkeep
|turn|7
|
|t:|1758916038
|move|p2a: Slowking|Sludge Bomb|p1a: Alomomola
|-damage|p1a: Alomomola|80/100
|move|p1a: Alomomola|Mirror Coat|p2a: Slowking
|-damage|p2a: Slowking|17/100
|
|upkeep
|turn|8
|
|t:|1758916047
|switch|p2a: Moltres|Moltres|100/100
|move|p1a: Alomomola|Flip Turn|p2a: Moltres
|-supereffective|p2a: Moltres
|-damage|p2a: Moltres|78/100
|
|t:|1758916076
|switch|p1a: Darkrai|Darkrai|35/100 psn|[from] Flip Turn
|
|-damage|p1a: Darkrai|23/100 psn|[from] psn
|upkeep
|turn|9
|
|t:|1758916081
|move|p1a: Darkrai|Dark Pulse|p2a: Moltres
|-damage|p2a: Moltres|37/100
|cant|p2a: Moltres|flinch
|
|-damage|p1a: Darkrai|10/100 psn|[from] psn
|upkeep
|turn|10
|
|t:|1758916090
|switch|p2a: Kingambit|Kingambit, M|100/100
|move|p1a: Darkrai|Will-O-Wisp|p2a: Kingambit
|-status|p2a: Kingambit|brn
|
|-damage|p1a: Darkrai|0 fnt|[from] psn
|faint|p1a: Darkrai
|-damage|p2a: Kingambit|94/100 brn|[from] brn
|upkeep
|inactive|winslowyoudog has 120 seconds left.
|
|t:|1758916130
|switch|p1a: Enamorus|Enamorus, F|100/100
|turn|11
|inactive|winslowyoudog has 120 seconds left.
|
|t:|1758916144
|-terastallize|p1a: Enamorus|Stellar
|move|p1a: Enamorus|Moonblast|p2a: Kingambit
|-damage|p2a: Kingambit|0 fnt
|faint|p2a: Kingambit
|-end|p2a: Kingambit|fallenundefined|[silent]
|
|upkeep
|
|t:|1758916153
|switch|p2a: Ogerpon|Ogerpon-Wellspring, F|100/100
|turn|12
|
|t:|1758916158
|switch|p1a: Amoonguss|Amoonguss, F|100/100
|move|p2a: Ogerpon|Knock Off|p1a: Amoonguss
|-damage|p1a: Amoonguss|73/100
|-enditem|p1a: Amoonguss|Eject Pack|[from] move: Knock Off|[of] p2a: Ogerpon
|
|upkeep
|turn|13
|
|t:|1758916167
|move|p2a: Ogerpon|U-turn|p1a: Amoonguss
|-damage|p1a: Amoonguss|53/100
|
|t:|1758916173
|switch|p2a: Slowking|Slowking-Galar, M, tera:Water|50/100|[from] U-turn
|move|p1a: Amoonguss|Toxic|p2a: Slowking
|-status|p2a: Slowking|tox
|
|-damage|p2a: Slowking|44/100 tox|[from] psn
|upkeep
|turn|14
|
|t:|1758916179
|move|p1a: Amoonguss|Protect|p1a: Amoonguss
|-singleturn|p1a: Amoonguss|Protect
|move|p2a: Slowking|Sludge Bomb|p1a: Amoonguss
|-activate|p1a: Amoonguss|move: Protect
|
|-damage|p2a: Slowking|32/100 tox|[from] psn
|upkeep
|turn|15
|
|t:|1758916185
|switch|p1a: Alomomola|Alomomola, M|100/100
|move|p2a: Slowking|Sludge Bomb|p1a: Alomomola
|-damage|p1a: Alomomola|80/100
|
|-damage|p2a: Slowking|14/100 tox|[from] psn
|upkeep
|turn|16
|
|t:|1758916191
|switch|p1a: Amoonguss|Amoonguss, F|86/100
|move|p2a: Slowking|Psyshock|p1a: Amoonguss
|-supereffective|p1a: Amoonguss
|-damage|p1a: Amoonguss|30/100
|
|-damage|p2a: Slowking|0 fnt|[from] psn
|faint|p2a: Slowking
|upkeep
|
|t:|1758916198
|switch|p2a: Ogerpon|Ogerpon-Wellspring, F|100/100
|turn|17
|
|t:|1758916205
|move|p2a: Ogerpon|Ivy Cudgel|p1a: Amoonguss|[anim] Ivy Cudgel Water
|-resisted|p1a: Amoonguss
|-damage|p1a: Amoonguss|10/100
|move|p1a: Amoonguss|Toxic|p2a: Ogerpon
|-status|p2a: Ogerpon|tox
|
|-damage|p2a: Ogerpon|95/100 tox|[from] psn
|upkeep
|turn|18
|
|t:|1758916212
|switch|p1a: Alomomola|Alomomola, M|100/100
|move|p2a: Ogerpon|Power Whip|p1a: Alomomola
|-supereffective|p1a: Alomomola
|-damage|p1a: Alomomola|0 fnt
|faint|p1a: Alomomola
|
|-damage|p2a: Ogerpon|83/100 tox|[from] psn
|upkeep
|
|t:|1758916216
|switch|p1a: Cinderace|Cinderace, F|100/100
|turn|19
|
|t:|1758916222
|switch|p2a: Moltres|Moltres|37/100
|move|p1a: Cinderace|U-turn|p2a: Moltres
|-start|p1a: Cinderace|typechange|Bug|[from] ability: Libero
|-resisted|p2a: Moltres
|-damage|p2a: Moltres|32/100
|
|t:|1758916224
|switch|p1a: Enamorus|Enamorus, F, tera:Stellar|100/100|[from] U-turn
|
|upkeep
|turn|20
|
|t:|1758916230
|move|p1a: Enamorus|Moonblast|p2a: Moltres
|-resisted|p2a: Moltres
|-damage|p2a: Moltres|0 fnt
|faint|p2a: Moltres
|
|upkeep
|
|t:|1758916236
|switch|p2a: Ogerpon|Ogerpon-Wellspring, F|83/100 tox
|turn|21
|
|t:|1758916244
|switch|p1a: Amoonguss|Amoonguss, F|43/100
|move|p2a: Ogerpon|Ivy Cudgel|p1a: Amoonguss|[anim] Ivy Cudgel Water
|-resisted|p1a: Amoonguss
|-damage|p1a: Amoonguss|23/100
|
|-damage|p2a: Ogerpon|77/100 tox|[from] psn
|upkeep
|turn|22
|
|t:|1758916251
|move|p1a: Amoonguss|Protect|p1a: Amoonguss
|-singleturn|p1a: Amoonguss|Protect
|move|p2a: Ogerpon|U-turn|p1a: Amoonguss
|-activate|p1a: Amoonguss|move: Protect
|
|-damage|p2a: Ogerpon|65/100 tox|[from] psn
|upkeep
|turn|23
|
|t:|1758916257
|move|p2a: Ogerpon|U-turn|p1a: Amoonguss
|-damage|p1a: Amoonguss|2/100
|
|t:|1758916264
|switch|p2a: Great Tusk|Great Tusk|100/100|[from] U-turn
|move|p1a: Amoonguss|Toxic|p2a: Great Tusk
|-status|p2a: Great Tusk|tox
|
|-damage|p2a: Great Tusk|94/100 tox|[from] psn
|upkeep
|turn|24
|l| Swagboss123456789
|inactive|winslowyoudog has 120 seconds left.
|
|t:|1758916297
|switch|p1a: Great Tusk|Great Tusk|50/100
|move|p2a: Great Tusk|Rapid Spin|p1a: Great Tusk
|-damage|p1a: Great Tusk|36/100
|-boost|p2a: Great Tusk|spe|1
|
|-damage|p2a: Great Tusk|82/100 tox|[from] psn
|upkeep
|turn|25
|inactive|winslowyoudog has 120 seconds left.
|inactive|winslowyoudog has 90 seconds left.
|
|t:|1758916341
|-end|p1a: Great Tusk|Protosynthesis|[silent]
|switch|p1a: Amoonguss|Amoonguss, F|35/100
|move|p2a: Great Tusk|Headlong Rush|p1a: Amoonguss
|-damage|p1a: Amoonguss|0 fnt
|-unboost|p2a: Great Tusk|def|1
|-unboost|p2a: Great Tusk|spd|1
|faint|p1a: Amoonguss
|
|-damage|p2a: Great Tusk|63/100 tox|[from] psn
|upkeep
|inactive|winslowyoudog has 90 seconds left.
|
|t:|1758916346
|switch|p1a: Enamorus|Enamorus, F, tera:Stellar|100/100
|turn|26
|
|t:|1758916351
|move|p2a: Great Tusk|Headlong Rush|p1a: Enamorus
|-immune|p1a: Enamorus
|move|p1a: Enamorus|Moonblast|p2a: Great Tusk
|-supereffective|p2a: Great Tusk
|-crit|p2a: Great Tusk
|-damage|p2a: Great Tusk|0 fnt
|faint|p2a: Great Tusk
|-end|p2a: Great Tusk|Protosynthesis|[silent]
|
|upkeep
|
|t:|1758916357
|switch|p2a: Ogerpon|Ogerpon-Wellspring, F|65/100 tox
|turn|27
|
|t:|1758916362
|move|p2a: Ogerpon|Ivy Cudgel|p1a: Enamorus|[anim] Ivy Cudgel Water
|-crit|p1a: Enamorus
|-damage|p1a: Enamorus|0 fnt
|faint|p1a: Enamorus
|
|-damage|p2a: Ogerpon|59/100 tox|[from] psn
|upkeep
|
|t:|1758916365
|switch|p1a: Cinderace|Cinderace, F|100/100
|turn|28
|
|t:|1758916370
|move|p1a: Cinderace|U-turn|p2a: Ogerpon
|-start|p1a: Cinderace|typechange|Bug|[from] ability: Libero
|-supereffective|p2a: Ogerpon
|-damage|p2a: Ogerpon|0 fnt
|faint|p2a: Ogerpon
|
|t:|1758916372
|switch|p1a: Great Tusk|Great Tusk|36/100|[from] U-turn
|
|upkeep
|
|t:|1758916378
|switch|p2a: Dragapult|Dragapult, M|100/100
|turn|29
|
|t:|1758916383
|move|p1a: Great Tusk|Knock Off|p2a: Dragapult
|-supereffective|p2a: Dragapult
|-damage|p2a: Dragapult|15/100
|-enditem|p2a: Dragapult|Heavy-Duty Boots|[from] move: Knock Off|[of] p1a: Great Tusk
|move|p2a: Dragapult|Hex|p1a: Great Tusk
|-damage|p1a: Great Tusk|0 fnt
|faint|p1a: Great Tusk
|-end|p1a: Great Tusk|Protosynthesis|[silent]
|
|upkeep
|
|t:|1758916385
|switch|p1a: Cinderace|Cinderace, F|100/100
|turn|30
|
|t:|1758916402
|move|p2a: Dragapult|Will-O-Wisp|p1a: Cinderace
|-immune|p1a: Cinderace
|move|p1a: Cinderace|Pyro Ball|p2a: Dragapult
|-resisted|p2a: Dragapult
|-damage|p2a: Dragapult|0 fnt
|faint|p2a: Dragapult
|
|win|winslowyoudog
|raw|winslowyoudog's rating: 1817 &rarr; <strong>1833</strong><br />(+16 for winning)
|raw|lerendezvous's rating: 1745 &rarr; <strong>1729</strong><br />(-16 for losing)
