|j|☆zonix14
|j|☆chessontop
|t:|1759015757
|gametype|singles
|player|p1|zonix14|102|1372
|player|p2|chessontop|unknownf|1428
|gen|9
|tier|[Gen 9] OU
|rated|
|rule|HP Percentage Mod: HP is shown in percentages
|rule|Endless Battle Clause: Forcing endless battles is banned
|rule|Species Clause: Limit one of each Pokémon
|rule|OHKO Clause: OHKO moves are banned
|rule|Evasion Items Clause: Evasion items are banned
|rule|Evasion Moves Clause: Evasion moves are banned
|rule|Evasion Abilities Clause: Evasion abilities are banned
|rule|Sleep Moves Clause: Sleep-inducing moves are banned
|clearpoke
|poke|p1|Masquerain, M|
|poke|p1|Cinderace, M|
|poke|p1|Serperior, M|
|poke|p1|Gholdengo|
|poke|p1|Iron Moth|
|poke|p1|Hawlucha, F|
|poke|p2|Gliscor, F|
|poke|p2|Gholdengo|
|poke|p2|Kingambit, M|
|poke|p2|Zamazenta-*|
|poke|p2|Kyurem|
|poke|p2|Slowking-Galar, F|
|teampreview
|inactive|Battle timer is ON: inactive players will automatically lose when time's up. (requested by chessontop)
|inactive|zonix14 also wants the timer to be on.
|
|t:|1759015765
|teamsize|p1|6
|teamsize|p2|6
|start
|switch|p1a: Masquerain|Masquerain, M|100/100
|switch|p2a: Gliscor|Gliscor, F|100/100
|-ability|p1a: Masquerain|Intimidate|boost
|-unboost|p2a: Gliscor|atk|1
|turn|1
|
|t:|1759015776
|move|p1a: Masquerain|Sticky Web|p2a: Gliscor
|-sidestart|p2: chessontop|move: Sticky Web
|move|p2a: Gliscor|Spikes|p1a: Masquerain
|-sidestart|p1: zonix14|Spikes
|
|-status|p2a: Gliscor|tox|[from] item: Toxic Orb
|upkeep
|turn|2
|
|t:|1759015782
|move|p1a: Masquerain|Ice Beam|p2a: Gliscor
|-supereffective|p2a: Gliscor
|-damage|p2a: Gliscor|11/100 tox
|move|p2a: Gliscor|Knock Off|p1a: Masquerain
|-damage|p1a: Masquerain|73/100
|-enditem|p1a: Masquerain|Focus Sash|[from] move: Knock Off|[of] p2a: Gliscor
|
|-heal|p2a: Gliscor|23/100 tox|[from] ability: Poison Heal
|upkeep
|turn|3
|
|t:|1759015794
|move|p2a: Gliscor|Protect|p2a: Gliscor
|-singleturn|p2a: Gliscor|Protect
|move|p1a: Masquerain|Ice Beam|p2a: Gliscor
|-activate|p2a: Gliscor|move: Protect
|
|-heal|p2a: Gliscor|36/100 tox|[from] ability: Poison Heal
|upkeep
|turn|4
|
|t:|1759015802
|switch|p2a: Slowking|Slowking-Galar, F|100/100
|move|p1a: Masquerain|Surf|p2a: Slowking
|-damage|p2a: Slowking|86/100
|
|upkeep
|turn|5
|
|t:|1759015809
|switch|p1a: Cinderace|Cinderace, M|100/100
|-damage|p1a: Cinderace|88/100|[from] Spikes
|-prepare|p2a: Slowking|Chilly Reception|[premajor]
|move|p2a: Slowking|Chilly Reception|p2a: Slowking
|-weather|Snowscape
|
|t:|1759015817
|switch|p2a: Gliscor|Gliscor, F|36/100 tox|[from] Chilly Reception
|
|-weather|Snowscape|[upkeep]
|-heal|p2a: Gliscor|48/100 tox|[from] ability: Poison Heal
|upkeep
|turn|6
|
|t:|1759015824
|move|p2a: Gliscor|Protect|p2a: Gliscor
|-singleturn|p2a: Gliscor|Protect
|move|p1a: Cinderace|Court Change|p1a: Cinderace
|-swapsideconditions
|-activate|p1a: Cinderace|move: Court Change
|
|-weather|Snowscape|[upkeep]
|-heal|p2a: Gliscor|61/100 tox|[from] ability: Poison Heal
|upkeep
|turn|7
|
|t:|1759015834
|move|p1a: Cinderace|Pyro Ball|p2a: Gliscor
|-damage|p2a: Gliscor|15/100 tox
|move|p2a: Gliscor|Toxic|p1a: Cinderace
|-status|p1a: Cinderace|tox
|
|-weather|Snowscape|[upkeep]
|-damage|p1a: Cinderace|82/100 tox|[from] psn
|-heal|p2a: Gliscor|27/100 tox|[from] ability: Poison Heal
|upkeep
|turn|8
|
|t:|1759015843
|move|p2a: Gliscor|Protect|p2a: Gliscor
|-singleturn|p2a: Gliscor|Protect
|move|p1a: Cinderace|Pyro Ball|p2a: Gliscor
|-activate|p2a: Gliscor|move: Protect
|
|-weather|Snowscape|[upkeep]
|-damage|p1a: Cinderace|70/100 tox|[from] psn
|-heal|p2a: Gliscor|40/100 tox|[from] ability: Poison Heal
|upkeep
|turn|9
|
|t:|1759015853
|switch|p2a: Kyurem|Kyurem|100/100
|-ability|p2a: Kyurem|Pressure
|move|p1a: Cinderace|Pyro Ball|p2a: Kyurem|[miss]
|-miss|p1a: Cinderace|p2a: Kyurem
|
|-weather|none
|-damage|p1a: Cinderace|52/100 tox|[from] psn
|upkeep
|turn|10
|
|t:|1759015863
|move|p1a: Cinderace|High Jump Kick|p2a: Kyurem
|-supereffective|p2a: Kyurem
|-damage|p2a: Kyurem|22/100
|move|p2a: Kyurem|Draco Meteor|p1a: Cinderace
|-damage|p1a: Cinderace|0 fnt
|-unboost|p2a: Kyurem|spa|2
|faint|p1a: Cinderace
|
|upkeep
|
|t:|1759015892
|switch|p1a: Gholdengo|Gholdengo|100/100
|-item|p1a: Gholdengo|Air Balloon
|turn|11
|
|t:|1759015906
|move|p2a: Kyurem|Ice Beam|p1a: Gholdengo
|-resisted|p1a: Gholdengo
|-damage|p1a: Gholdengo|86/100
|-enditem|p1a: Gholdengo|Air Balloon
|move|p1a: Gholdengo|Shadow Ball|p2a: Kyurem
|-damage|p2a: Kyurem|0 fnt
|faint|p2a: Kyurem
|
|upkeep
|
|t:|1759015916
|switch|p2a: Slowking|Slowking-Galar, F|100/100
|turn|12
|
|t:|1759015928
|move|p1a: Gholdengo|Shadow Ball|p2a: Slowking
|-supereffective|p2a: Slowking
|-damage|p2a: Slowking|54/100
|-prepare|p2a: Slowking|Chilly Reception|[premajor]
|move|p2a: Slowking|Chilly Reception|p2a: Slowking
|-weather|Snowscape
|
|t:|1759015936
|switch|p2a: Gliscor|Gliscor, F|40/100 tox|[from] Chilly Reception
|
|-weather|Snowscape|[upkeep]
|-heal|p2a: Gliscor|52/100 tox|[from] ability: Poison Heal
|upkeep
|turn|13
|
|t:|1759015942
|switch|p1a: Masquerain|Masquerain, M|73/100
|-ability|p1a: Masquerain|Intimidate|boost
|-unboost|p2a: Gliscor|atk|1
|move|p2a: Gliscor|Spikes|p1a: Masquerain
|-sidestart|p1: zonix14|Spikes
|
|-weather|Snowscape|[upkeep]
|-heal|p2a: Gliscor|65/100 tox|[from] ability: Poison Heal
|upkeep
|turn|14
|
|t:|1759015951
|move|p2a: Gliscor|Protect|p2a: Gliscor
|-singleturn|p2a: Gliscor|Protect
|move|p1a: Masquerain|Sticky Web|p2a: Gliscor
|-sidestart|p2: chessontop|move: Sticky Web
|
|-weather|Snowscape|[upkeep]
|-heal|p2a: Gliscor|77/100 tox|[from] ability: Poison Heal
|upkeep
|turn|15
|
|t:|1759015959
|switch|p2a: Slowking|Slowking-Galar, F|88/100
|move|p1a: Masquerain|Ice Beam|p2a: Slowking
|-damage|p2a: Slowking|72/100
|
|-weather|Snowscape|[upkeep]
|upkeep
|turn|16
|
|t:|1759015968
|move|p1a: Masquerain|Bug Buzz|p2a: Slowking
|-damage|p2a: Slowking|49/100
|-unboost|p2a: Slowking|spd|1
|-prepare|p2a: Slowking|Chilly Reception|[premajor]
|move|p2a: Slowking|Chilly Reception|p2a: Slowking
|
|t:|1759015977
|switch|p2a: Gliscor|Gliscor, F|77/100 tox|[from] Chilly Reception
|
|-weather|none
|-heal|p2a: Gliscor|90/100 tox|[from] ability: Poison Heal
|upkeep
|turn|17
|
|t:|1759015991
|-terastallize|p2a: Gliscor|Water
|move|p1a: Masquerain|Ice Beam|p2a: Gliscor
|-resisted|p2a: Gliscor
|-damage|p2a: Gliscor|79/100 tox
|move|p2a: Gliscor|Spikes|p1a: Masquerain
|-sidestart|p1: zonix14|Spikes
|
|-heal|p2a: Gliscor|92/100 tox|[from] ability: Poison Heal
|upkeep
|turn|18
|
|t:|1759016003
|move|p1a: Masquerain|Bug Buzz|p2a: Gliscor
|-damage|p2a: Gliscor|58/100 tox
|move|p2a: Gliscor|Spikes|p1a: Masquerain
|-sidestart|p1: zonix14|Spikes
|
|-heal|p2a: Gliscor|71/100 tox|[from] ability: Poison Heal
|upkeep
|turn|19
|c|☆zonix14|Gliscor  and kingambit  really deserves a lose
|
|t:|1759016028
|move|p2a: Gliscor|Protect|p2a: Gliscor
|-singleturn|p2a: Gliscor|Protect
|move|p1a: Masquerain|Bug Buzz|p2a: Gliscor
|-activate|p2a: Gliscor|move: Protect
|
|-heal|p2a: Gliscor|83/100 tox|[from] ability: Poison Heal
|upkeep
|turn|20
|c|☆chessontop|a ban*
|c|☆chessontop|and i agree
|
|t:|1759016044
|move|p1a: Masquerain|Bug Buzz|p2a: Gliscor
|-damage|p2a: Gliscor|47/100 tox
|move|p2a: Gliscor|Toxic|p1a: Masquerain
|-status|p1a: Masquerain|tox
|
|-damage|p1a: Masquerain|67/100 tox|[from] psn
|-heal|p2a: Gliscor|60/100 tox|[from] ability: Poison Heal
|upkeep
|turn|21
|c|☆zonix14|U guys abuse this mon like hell
|
|t:|1759016055
|move|p2a: Gliscor|Protect|p2a: Gliscor
|-singleturn|p2a: Gliscor|Protect
|move|p1a: Masquerain|Bug Buzz|p2a: Gliscor
|-activate|p2a: Gliscor|move: Protect
|
|-damage|p1a: Masquerain|55/100 tox|[from] psn
|-heal|p2a: Gliscor|72/100 tox|[from] ability: Poison Heal
|upkeep
|turn|22
|c|☆chessontop|i usually play fun teams
|c|☆chessontop|but ui want to climb ladder
|
|t:|1759016084
|move|p1a: Masquerain|Bug Buzz|p2a: Gliscor
|-damage|p2a: Gliscor|41/100 tox
|move|p2a: Gliscor|Knock Off|p1a: Masquerain
|-damage|p1a: Masquerain|27/100 tox
|
|-damage|p1a: Masquerain|9/100 tox|[from] psn
|-heal|p2a: Gliscor|53/100 tox|[from] ability: Poison Heal
|upkeep
|turn|23
|
|t:|1759016092
|move|p2a: Gliscor|Protect|p2a: Gliscor
|-singleturn|p2a: Gliscor|Protect
|move|p1a: Masquerain|Bug Buzz|p2a: Gliscor
|-activate|p2a: Gliscor|move: Protect
|
|-damage|p1a: Masquerain|0 fnt|[from] psn
|faint|p1a: Masquerain
|-heal|p2a: Gliscor|66/100 tox|[from] ability: Poison Heal
|upkeep
|
|t:|1759016094
|switch|p1a: Gholdengo|Gholdengo|86/100
|-activate|p1a: Gholdengo|move: Sticky Web
|-unboost|p1a: Gholdengo|spe|1
|-damage|p1a: Gholdengo|61/100|[from] Spikes
|turn|24
|
|t:|1759016108
|move|p2a: Gliscor|Knock Off|p1a: Gholdengo
|-supereffective|p1a: Gholdengo
|-damage|p1a: Gholdengo|31/100
|move|p1a: Gholdengo|Shadow Ball|p2a: Gliscor
|-damage|p2a: Gliscor|26/100 tox
|
|-heal|p2a: Gliscor|39/100 tox|[from] ability: Poison Heal
|upkeep
|turn|25
|
|t:|1759016118
|switch|p1a: Serperior|Serperior, M|100/100
|-activate|p1a: Serperior|move: Sticky Web
|-boost|p1a: Serperior|spe|1
|-damage|p1a: Serperior|75/100|[from] Spikes
|move|p2a: Gliscor|Knock Off|p1a: Serperior
|-damage|p1a: Serperior|52/100
|-enditem|p1a: Serperior|Wide Lens|[from] move: Knock Off|[of] p2a: Gliscor
|
|-heal|p2a: Gliscor|51/100 tox|[from] ability: Poison Heal
|upkeep
|turn|26
|
|t:|1759016131
|switch|p2a: Slowking|Slowking-Galar, F|82/100
|move|p1a: Serperior|Substitute|p1a: Serperior
|-start|p1a: Serperior|Substitute
|-damage|p1a: Serperior|27/100
|
|upkeep
|turn|27
|
|t:|1759016138
|move|p1a: Serperior|Leaf Storm|p2a: Slowking
|-resisted|p2a: Slowking
|-damage|p2a: Slowking|68/100
|-boost|p1a: Serperior|spa|2
|move|p2a: Slowking|Sludge Bomb|p1a: Serperior
|-supereffective|p1a: Serperior
|-end|p1a: Serperior|Substitute
|
|upkeep
|turn|28
|
|t:|1759016147
|-terastallize|p1a: Serperior|Ghost
|move|p1a: Serperior|Tera Blast|p2a: Slowking|[anim] Tera Blast Ghost
|-supereffective|p2a: Slowking
|-damage|p2a: Slowking|0 fnt
|faint|p2a: Slowking
|
|upkeep
|
|t:|1759016161
|switch|p2a: Zamazenta|Zamazenta|100/100
|-ability|p2a: Zamazenta|Dauntless Shield|boost
|-boost|p2a: Zamazenta|def|1
|turn|29
|
|t:|1759016166
|move|p1a: Serperior|Leaf Storm|p2a: Zamazenta
|-damage|p2a: Zamazenta|23/100
|-boost|p1a: Serperior|spa|2
|move|p2a: Zamazenta|Crunch|p1a: Serperior
|-supereffective|p1a: Serperior
|-damage|p1a: Serperior|0 fnt
|faint|p1a: Serperior
|
|upkeep
|
|t:|1759016175
|switch|p1a: Iron Moth|Iron Moth|100/100
|turn|30
|
|t:|1759016185
|move|p1a: Iron Moth|Fiery Dance|p2a: Zamazenta
|-damage|p2a: Zamazenta|0 fnt
|faint|p2a: Zamazenta
|
|upkeep
|
|t:|1759016193
|switch|p2a: Kingambit|Kingambit, M|100/100
|-activate|p2a: Kingambit|ability: Supreme Overlord
|-start|p2a: Kingambit|fallen3|[silent]
|turn|31
|
|t:|1759016200
|move|p1a: Iron Moth|Fiery Dance|p2a: Kingambit
|-supereffective|p2a: Kingambit
|-damage|p2a: Kingambit|0 fnt
|faint|p2a: Kingambit
|-end|p2a: Kingambit|fallen3|[silent]
|
|upkeep
|-message|chessontop forfeited.
|
|win|zonix14
|raw|zonix14's rating: 1372 &rarr; <strong>1395</strong><br />(+23 for winning)
|raw|chessontop's rating: 1428 &rarr; <strong>1405</strong><br />(-23 for losing)
|l|☆chessontop
|player|p2|
|l|☆zonix14
|player|p1|
