|j|☆thrillhouse88
|j|☆CertifiedDumbass1
|t:|1759033722
|gametype|singles
|player|p1|thrillhouse88|ghetsis|1218
|player|p2|CertifiedDumbass1|hilbert-wonderlauncher|1265
|gen|9
|tier|[Gen 9] OU
|rated|
|rule|HP Percentage Mod: HP is shown in percentages
|rule|Endless Battle Clause: Forcing endless battles is banned
|rule|Species Clause: Limit one of each Pokémon
|rule|OHKO Clause: OHKO moves are banned
|rule|Evasion Items Clause: Evasion items are banned
|rule|Evasion Moves Clause: Evasion moves are banned
|rule|Evasion Abilities Clause: Evasion abilities are banned
|rule|Sleep Moves Clause: Sleep-inducing moves are banned
|clearpoke
|poke|p1|Quaquaval, M|
|poke|p1|Ceruledge, F|
|poke|p1|Araquanid, F|
|poke|p1|Ninetales-Alola, M|
|poke|p1|Gliscor, M|
|poke|p1|Slowking-Galar, F|
|poke|p2|Ogerpon-Wellspring, F|
|poke|p2|Arcanine-Hisui, F|
|poke|p2|Ninetales-Alola, F|
|poke|p2|Okidogi, M|
|poke|p2|Necrozma|
|poke|p2|Hitmontop, M|
|teampreview
|
|t:|1759033769
|teamsize|p1|6
|teamsize|p2|6
|start
|switch|p1a: Slowking|Slowking-Galar, F|100/100
|switch|p2a: Okidogi|Okidogi, M|100/100
|turn|1
|inactive|Battle timer is ON: inactive players will automatically lose when time's up. (requested by CertifiedDumbass1)
|
|t:|1759033783
|move|p2a: Okidogi|Knock Off|p1a: Slowking
|-supereffective|p1a: Slowking
|-damage|p1a: Slowking|32/100
|-enditem|p1a: Slowking|Expert Belt|[from] move: Knock Off|[of] p2a: Okidogi
|move|p1a: Slowking|Future Sight|p2a: Okidogi
|-start|p1a: Slowking|move: Future Sight
|
|upkeep
|turn|2
|
|t:|1759033792
|switch|p1a: Quaquaval|Quaquaval, M|100/100
|move|p2a: Okidogi|Knock Off|p1a: Quaquaval
|-resisted|p1a: Quaquaval
|-damage|p1a: Quaquaval|81/100
|-enditem|p1a: Quaquaval|Heavy-Duty Boots|[from] move: Knock Off|[of] p2a: Okidogi
|
|upkeep
|turn|3
|
|t:|1759033810
|switch|p2a: Ogerpon|Ogerpon-Wellspring, F|100/100
|move|p1a: Quaquaval|Aqua Step|p2a: Ogerpon
|-immune|p2a: Ogerpon|[from] ability: Water Absorb
|
|-end|p2a: Ogerpon|move: Future Sight
|-damage|p2a: Ogerpon|44/100
|upkeep
|turn|4
|
|t:|1759033825
|switch|p1a: Araquanid|Araquanid, F|100/100
|move|p2a: Ogerpon|U-turn|p1a: Araquanid
|-damage|p1a: Araquanid|73/100
|-damage|p2a: Ogerpon|28/100|[from] item: Rocky Helmet|[of] p1a: Araquanid
|
|t:|1759033829
|switch|p2a: Arcanine|Arcanine-Hisui, F|100/100|[from] U-turn
|
|upkeep
|turn|5
|
|t:|1759033838
|move|p2a: Arcanine|Head Smash|p1a: Araquanid
|-supereffective|p1a: Araquanid
|-damage|p1a: Araquanid|0 fnt
|-damage|p2a: Arcanine|84/100|[from] item: Rocky Helmet|[of] p1a: Araquanid
|faint|p1a: Araquanid
|
|upkeep
|
|t:|1759033847
|switch|p1a: Quaquaval|Quaquaval, M|81/100
|turn|6
|
|t:|1759033861
|switch|p2a: Ogerpon|Ogerpon-Wellspring, F|28/100
|switch|p1a: Slowking|Slowking-Galar, F|65/100
|
|upkeep
|turn|7
|
|t:|1759033869
|move|p2a: Ogerpon|Taunt|p1a: Slowking
|-start|p1a: Slowking|move: Taunt
|move|p1a: Slowking|Sludge Wave|p2a: Ogerpon
|-supereffective|p2a: Ogerpon
|-damage|p2a: Ogerpon|0 fnt
|faint|p2a: Ogerpon
|
|upkeep
|
|t:|1759033881
|switch|p2a: Necrozma|Necrozma|100/100
|turn|8
|
|t:|1759033894
|switch|p1a: Ninetales|Ninetales-Alola, M|100/100
|-weather|Snowscape|[from] ability: Snow Warning|[of] p1a: Ninetales
|move|p2a: Necrozma|Dragon Dance|p2a: Necrozma
|-boost|p2a: Necrozma|atk|1
|-boost|p2a: Necrozma|spe|1
|
|-weather|Snowscape|[upkeep]
|upkeep
|turn|9
|
|t:|1759033911
|move|p2a: Necrozma|Dragon Dance|p2a: Necrozma
|-boost|p2a: Necrozma|atk|1
|-boost|p2a: Necrozma|spe|1
|move|p1a: Ninetales|Aurora Veil|p1a: Ninetales
|-sidestart|p1: thrillhouse88|move: Aurora Veil
|
|-weather|Snowscape|[upkeep]
|upkeep
|turn|10
|
|t:|1759033916
|move|p2a: Necrozma|Psychic Fangs|p1a: Ninetales
|-sideend|p1: thrillhouse88|move: Aurora Veil
|-damage|p1a: Ninetales|0 fnt
|faint|p1a: Ninetales
|-damage|p2a: Necrozma|91/100|[from] item: Life Orb
|
|-weather|Snowscape|[upkeep]
|upkeep
|
|t:|1759033931
|switch|p1a: Ceruledge|Ceruledge, F|100/100
|turn|11
|
|t:|1759033948
|move|p2a: Necrozma|Psychic Fangs|p1a: Ceruledge
|-damage|p1a: Ceruledge|0 fnt
|faint|p1a: Ceruledge
|-damage|p2a: Necrozma|81/100|[from] item: Life Orb
|
|-weather|Snowscape|[upkeep]
|upkeep
|
|t:|1759033952
|switch|p1a: Slowking|Slowking-Galar, F|98/100
|turn|12
|
|t:|1759033964
|move|p2a: Necrozma|Shadow Claw|p1a: Slowking
|-supereffective|p1a: Slowking
|-damage|p1a: Slowking|0 fnt
|faint|p1a: Slowking
|-damage|p2a: Necrozma|71/100|[from] item: Life Orb
|
|-weather|none
|upkeep
|-message|thrillhouse88 forfeited.
|
|win|CertifiedDumbass1
|raw|thrillhouse88's rating: 1218 &rarr; <strong>1196</strong><br />(-22 for losing)
|raw|CertifiedDumbass1's rating: 1265 &rarr; <strong>1287</strong><br />(+22 for winning)
|l|☆thrillhouse88
|player|p1|
|l|☆CertifiedDumbass1
|player|p2|
