|j|☆vghhjg
|j|☆drenom
|t:|1758934044
|gametype|singles
|player|p1|vghhjg|2|1601
|player|p2|drenom|102|1653
|gen|9
|tier|[Gen 9] OU
|rated|
|rule|HP Percentage Mod: HP is shown in percentages
|rule|Endless Battle Clause: Forcing endless battles is banned
|rule|Species Clause: Limit one of each Pokémon
|rule|OHKO Clause: OHKO moves are banned
|rule|Evasion Items Clause: Evasion items are banned
|rule|Evasion Moves Clause: Evasion moves are banned
|rule|Evasion Abilities Clause: Evasion abilities are banned
|rule|Sleep Moves Clause: Sleep-inducing moves are banned
|clearpoke
|poke|p1|Gholdengo|
|poke|p1|Ribombee, F|
|poke|p1|Dragonite, M|
|poke|p1|Comfey, F|
|poke|p1|Primarina, M|
|poke|p1|Salamence, M|
|poke|p2|Corviknight, M|
|poke|p2|Sinistcha|
|poke|p2|Muk-Alola, F|
|poke|p2|Kyurem|
|poke|p2|Dondozo, M|
|poke|p2|Clodsire, M|
|teampreview
|
|t:|1758934048
|teamsize|p1|6
|teamsize|p2|6
|start
|switch|p1a: Ribombee|Ribombee, F|100/100
|switch|p2a: Muk|Muk-Alola, F|100/100
|turn|1
|inactive|Battle timer is ON: inactive players will automatically lose when time's up. (requested by drenom)
|
|t:|1758934052
|move|p1a: Ribombee|Stun Spore|p2a: Muk
|-status|p2a: Muk|par
|move|p2a: Muk|Poison Jab|p1a: Ribombee
|-supereffective|p1a: Ribombee
|-enditem|p1a: Ribombee|Focus Sash
|-damage|p1a: Ribombee|1/100
|
|upkeep
|turn|2
|
|t:|1758934055
|cant|p2a: Muk|par
|move|p1a: Ribombee|Sticky Web|p2a: Muk
|-sidestart|p2: drenom|move: Sticky Web
|
|upkeep
|turn|3
|
|t:|1758934059
|move|p2a: Muk|Shadow Sneak|p1a: Ribombee
|-damage|p1a: Ribombee|0 fnt
|faint|p1a: Ribombee
|
|upkeep
|
|t:|1758934065
|switch|p1a: Salamence|Salamence, M|100/100
|turn|4
|
|t:|1758934068
|switch|p2a: Corviknight|Corviknight, M|100/100
|-ability|p2a: Corviknight|Pressure
|move|p1a: Salamence|Earthquake|p2a: Corviknight
|-immune|p2a: Corviknight
|
|upkeep
|turn|5
|
|t:|1758934072
|move|p1a: Salamence|Dragon Dance|p1a: Salamence
|-boost|p1a: Salamence|atk|1
|-boost|p1a: Salamence|spe|1
|move|p2a: Corviknight|Defog|p1a: Salamence
|-unboost|p1a: Salamence|evasion|1
|-sideend|p2: drenom|Sticky Web|[from] move: Defog|[of] p2a: Corviknight
|
|upkeep
|turn|6
|
|t:|1758934078
|move|p1a: Salamence|Dragon Dance|p1a: Salamence
|-boost|p1a: Salamence|atk|1
|-boost|p1a: Salamence|spe|1
|move|p2a: Corviknight|U-turn|p1a: Salamence
|-resisted|p1a: Salamence
|-damage|p1a: Salamence|93/100
|
|t:|1758934086
|switch|p2a: Dondozo|Dondozo, M|100/100|[from] U-turn
|
|upkeep
|turn|7
|
|t:|1758934089
|move|p1a: Salamence|Earthquake|p2a: Dondozo
|-damage|p2a: Dondozo|77/100
|move|p2a: Dondozo|Curse|p2a: Dondozo
|-unboost|p2a: Dondozo|spe|1
|-boost|p2a: Dondozo|atk|1
|-boost|p2a: Dondozo|def|1
|
|-heal|p2a: Dondozo|83/100|[from] item: Leftovers
|upkeep
|turn|8
|
|t:|1758934092
|move|p1a: Salamence|Earthquake|p2a: Dondozo
|-damage|p2a: Dondozo|66/100
|move|p2a: Dondozo|Curse|p2a: Dondozo
|-unboost|p2a: Dondozo|spe|1
|-boost|p2a: Dondozo|atk|1
|-boost|p2a: Dondozo|def|1
|
|-heal|p2a: Dondozo|72/100|[from] item: Leftovers
|upkeep
|turn|9
|
|t:|1758934098
|switch|p1a: Comfey|Comfey, F|100/100
|move|p2a: Dondozo|Liquidation|p1a: Comfey
|-damage|p1a: Comfey|31/100
|
|-heal|p2a: Dondozo|78/100|[from] item: Leftovers
|upkeep
|turn|10
|
|t:|1758934108
|move|p1a: Comfey|Encore|p2a: Dondozo
|-start|p2a: Dondozo|Encore
|move|p2a: Dondozo|Liquidation|p1a: Comfey
|-damage|p1a: Comfey|0 fnt
|faint|p1a: Comfey
|
|-heal|p2a: Dondozo|85/100|[from] item: Leftovers
|upkeep
|
|t:|1758934117
|switch|p1a: Primarina|Primarina, M|100/100
|turn|11
|
|t:|1758934120
|switch|p2a: Clodsire|Clodsire, M|100/100
|move|p1a: Primarina|Calm Mind|p1a: Primarina
|-boost|p1a: Primarina|spa|1
|-boost|p1a: Primarina|spd|1
|
|upkeep
|turn|12
|
|t:|1758934124
|switch|p1a: Gholdengo|Gholdengo|100/100
|-item|p1a: Gholdengo|Air Balloon
|move|p2a: Clodsire|Toxic|p1a: Gholdengo
|-immune|p1a: Gholdengo|[from] ability: Good as Gold
|
|upkeep
|turn|13
|
|t:|1758934126
|switch|p2a: Muk|Muk-Alola, F|100/100 par
|move|p1a: Gholdengo|Nasty Plot|p1a: Gholdengo
|-boost|p1a: Gholdengo|spa|2
|
|upkeep
|turn|14
|
|t:|1758934132
|move|p1a: Gholdengo|Dazzling Gleam|p2a: Muk
|-damage|p2a: Muk|78/100 par
|move|p2a: Muk|Knock Off|p1a: Gholdengo
|-supereffective|p1a: Gholdengo
|-crit|p1a: Gholdengo
|-damage|p1a: Gholdengo|0 fnt
|-enditem|p1a: Gholdengo|Air Balloon
|faint|p1a: Gholdengo
|
|upkeep
|-message|vghhjg forfeited.
|
|win|drenom
|raw|vghhjg's rating: 1601 &rarr; <strong>1584</strong><br />(-17 for losing)
|raw|drenom's rating: 1653 &rarr; <strong>1670</strong><br />(+17 for winning)
|l|☆vghhjg
|player|p1|
|l|☆drenom
|player|p2|
