|j|☆cowboykale
|j|☆Spyro190 testing
|t:|1759075123
|gametype|singles
|player|p1|cowboykale|170|1493
|player|p2|Spyro190 testing|bugcatcher-gen4dp|1546
|gen|9
|tier|[Gen 9] OU
|rated|
|rule|HP Percentage Mod: HP is shown in percentages
|rule|Endless Battle Clause: Forcing endless battles is banned
|rule|Species Clause: Limit one of each Pokémon
|rule|OHKO Clause: OHKO moves are banned
|rule|Evasion Items Clause: Evasion items are banned
|rule|Evasion Moves Clause: Evasion moves are banned
|rule|Evasion Abilities Clause: Evasion abilities are banned
|rule|Sleep Moves Clause: Sleep-inducing moves are banned
|clearpoke
|poke|p1|Raging Bolt|
|poke|p1|Lokix, M|
|poke|p1|Okidogi, M|
|poke|p1|Keldeo-Resolute|
|poke|p1|Sinistcha|
|poke|p1|Glimmora, F|
|poke|p2|Enamorus, F|
|poke|p2|Slowking-Galar, M|
|poke|p2|Cinderace, M|
|poke|p2|Alomomola, M|
|poke|p2|Lokix, F|
|poke|p2|Great Tusk|
|teampreview
|inactive|Battle timer is ON: inactive players will automatically lose when time's up. (requested by cowboykale)
|
|t:|1759075151
|teamsize|p1|6
|teamsize|p2|6
|start
|switch|p1a: Glimmora|Glimmora, F|100/100
|switch|p2a: Alomomola|Alomomola, M|100/100
|turn|1
|
|t:|1759075160
|-terastallize|p1a: Glimmora|Grass
|move|p1a: Glimmora|Energy Ball|p2a: Alomomola
|-supereffective|p2a: Alomomola
|-crit|p2a: Alomomola
|-damage|p2a: Alomomola|26/100
|move|p2a: Alomomola|Body Slam|p1a: Glimmora
|-crit|p1a: Glimmora
|-damage|p1a: Glimmora|72/100
|-activate|p1a: Glimmora|ability: Toxic Debris
|-sidestart|p2: Spyro190 testing|move: Toxic Spikes
|
|upkeep
|turn|2
|
|t:|1759075174
|switch|p2a: Slowking|Slowking-Galar, M|100/100
|-sideend|p2: Spyro190 testing|move: Toxic Spikes|[of] p2a: Slowking
|move|p1a: Glimmora|Stealth Rock|p2a: Slowking
|-sidestart|p2: Spyro190 testing|move: Stealth Rock
|
|upkeep
|turn|3
|
|t:|1759075185
|switch|p1a: Okidogi|Okidogi, M|100/100
|-prepare|p2a: Slowking|Chilly Reception|[premajor]
|move|p2a: Slowking|Chilly Reception|p2a: Slowking
|-weather|Snowscape
|
|t:|1759075191
|switch|p2a: Cinderace|Cinderace, M|100/100|[from] Chilly Reception
|
|-weather|Snowscape|[upkeep]
|upkeep
|turn|4
|
|t:|1759075193
|move|p2a: Cinderace|Will-O-Wisp|p1a: Okidogi
|-status|p1a: Okidogi|brn
|move|p1a: Okidogi|Drain Punch|p2a: Cinderace
|-damage|p2a: Cinderace|77/100
|
|-weather|Snowscape|[upkeep]
|-damage|p1a: Okidogi|94/100 brn|[from] brn
|upkeep
|turn|5
|
|t:|1759075203
|move|p2a: Cinderace|Court Change|p2a: Cinderace
|-swapsideconditions
|-activate|p2a: Cinderace|move: Court Change
|move|p1a: Okidogi|Knock Off|p2a: Cinderace
|-damage|p2a: Cinderace|55/100
|-enditem|p2a: Cinderace|Heavy-Duty Boots|[from] move: Knock Off|[of] p1a: Okidogi
|
|-weather|Snowscape|[upkeep]
|-damage|p1a: Okidogi|88/100 brn|[from] brn
|upkeep
|turn|6
|
|t:|1759075210
|move|p2a: Cinderace|Pyro Ball|p1a: Okidogi
|-damage|p1a: Okidogi|48/100 brn
|move|p1a: Okidogi|Drain Punch|p2a: Cinderace
|-damage|p2a: Cinderace|29/100
|-heal|p1a: Okidogi|60/100 brn|[from] drain|[of] p2a: Cinderace
|-status|p2a: Cinderace|tox|[from] ability: Toxic Chain|[of] p1a: Okidogi
|
|-weather|Snowscape|[upkeep]
|-damage|p2a: Cinderace|22/100 tox|[from] psn
|-damage|p1a: Okidogi|54/100 brn|[from] brn
|upkeep
|turn|7
|
|t:|1759075216
|switch|p1a: Glimmora|Glimmora, F, tera:Grass|72/100
|-damage|p1a: Glimmora|59/100|[from] Stealth Rock
|move|p2a: Cinderace|U-turn|p1a: Glimmora
|-supereffective|p1a: Glimmora
|-damage|p1a: Glimmora|14/100
|-activate|p1a: Glimmora|ability: Toxic Debris
|-sidestart|p2: Spyro190 testing|move: Toxic Spikes
|
|t:|1759075225
|switch|p2a: Slowking|Slowking-Galar, M|100/100|[from] U-turn
|-sideend|p2: Spyro190 testing|move: Toxic Spikes|[of] p2a: Slowking
|
|-weather|none
|upkeep
|turn|8
|
|t:|1759075242
|move|p1a: Glimmora|Stealth Rock|p2a: Slowking
|-sidestart|p2: Spyro190 testing|move: Stealth Rock
|-prepare|p2a: Slowking|Chilly Reception|[premajor]
|move|p2a: Slowking|Chilly Reception|p2a: Slowking
|-weather|Snowscape
|
|t:|1759075248
|switch|p2a: Alomomola|Alomomola, M|59/100|[from] Chilly Reception
|-damage|p2a: Alomomola|47/100|[from] Stealth Rock
|
|-weather|Snowscape|[upkeep]
|upkeep
|turn|9
|
|t:|1759075251
|switch|p2a: Slowking|Slowking-Galar, M|100/100
|-damage|p2a: Slowking|88/100|[from] Stealth Rock
|move|p1a: Glimmora|Energy Ball|p2a: Slowking
|-resisted|p2a: Slowking
|-damage|p2a: Slowking|70/100
|
|-weather|Snowscape|[upkeep]
|upkeep
|turn|10
|
|t:|1759075257
|move|p1a: Glimmora|Earth Power|p2a: Slowking
|-supereffective|p2a: Slowking
|-crit|p2a: Slowking
|-enditem|p2a: Slowking|Shuca Berry|[eat]
|-enditem|p2a: Slowking|Shuca Berry|[weaken]
|-damage|p2a: Slowking|35/100
|-prepare|p2a: Slowking|Chilly Reception|[premajor]
|move|p2a: Slowking|Chilly Reception|p2a: Slowking
|
|t:|1759075270
|switch|p2a: Alomomola|Alomomola, M|80/100|[from] Chilly Reception
|-damage|p2a: Alomomola|68/100|[from] Stealth Rock
|
|-weather|Snowscape|[upkeep]
|upkeep
|turn|11
|
|t:|1759075289
|move|p1a: Glimmora|Energy Ball|p2a: Alomomola
|-supereffective|p2a: Alomomola
|-damage|p2a: Alomomola|21/100
|move|p2a: Alomomola|Flip Turn|p1a: Glimmora
|-resisted|p1a: Glimmora
|-damage|p1a: Glimmora|4/100
|-activate|p1a: Glimmora|ability: Toxic Debris
|-sidestart|p2: Spyro190 testing|move: Toxic Spikes
|
|t:|1759075297
|switch|p2a: Slowking|Slowking-Galar, M|68/100|[from] Flip Turn
|-damage|p2a: Slowking|55/100|[from] Stealth Rock
|-sideend|p2: Spyro190 testing|move: Toxic Spikes|[of] p2a: Slowking
|
|-weather|Snowscape|[upkeep]
|upkeep
|turn|12
|inactive|cowboykale has 120 seconds left.
|
|t:|1759075329
|switch|p2a: Enamorus|Enamorus, F|100/100
|-damage|p2a: Enamorus|76/100|[from] Stealth Rock
|move|p1a: Glimmora|Earth Power|p2a: Enamorus
|-immune|p2a: Enamorus
|
|-weather|none
|upkeep
|turn|13
|
|t:|1759075335
|move|p2a: Enamorus|Moonblast|p1a: Glimmora
|-damage|p1a: Glimmora|0 fnt
|faint|p1a: Glimmora
|
|upkeep
|
|t:|1759075339
|switch|p1a: Raging Bolt|Raging Bolt|100/100
|-damage|p1a: Raging Bolt|88/100|[from] Stealth Rock
|turn|14
|
|t:|1759075345
|move|p2a: Enamorus|Moonblast|p1a: Raging Bolt
|-supereffective|p1a: Raging Bolt
|-damage|p1a: Raging Bolt|0 fnt
|faint|p1a: Raging Bolt
|-end|p1a: Raging Bolt|Protosynthesis|[silent]
|
|upkeep
|
|t:|1759075351
|switch|p1a: Okidogi|Okidogi, M|54/100 brn
|-damage|p1a: Okidogi|48/100 brn|[from] Stealth Rock
|turn|15
|
|t:|1759075374
|switch|p2a: Cinderace|Cinderace, M|22/100 tox
|-damage|p2a: Cinderace|0 fnt|[from] Stealth Rock
|faint|p2a: Cinderace
|move|p1a: Okidogi|Ice Punch|p2: Cinderace|[notarget]
|-fail|p1a: Okidogi
|
|-damage|p1a: Okidogi|42/100 brn|[from] brn
|upkeep
|
|t:|1759075386
|switch|p2a: Great Tusk|Great Tusk|100/100
|-damage|p2a: Great Tusk|98/100|[from] Stealth Rock
|turn|16
|
|t:|1759075392
|switch|p1a: Sinistcha|Sinistcha|100/100
|move|p2a: Great Tusk|Rapid Spin|p1a: Sinistcha
|-immune|p1a: Sinistcha
|
|-heal|p2a: Great Tusk|100/100|[from] item: Leftovers
|upkeep
|turn|17
|
|t:|1759075399
|-end|p2a: Great Tusk|Protosynthesis|[silent]
|switch|p2a: Slowking|Slowking-Galar, M|89/100
|-damage|p2a: Slowking|76/100|[from] Stealth Rock
|move|p1a: Sinistcha|Calm Mind|p1a: Sinistcha
|-boost|p1a: Sinistcha|spa|1
|-boost|p1a: Sinistcha|spd|1
|
|upkeep
|turn|18
|
|t:|1759075407
|move|p1a: Sinistcha|Calm Mind|p1a: Sinistcha
|-boost|p1a: Sinistcha|spa|1
|-boost|p1a: Sinistcha|spd|1
|move|p2a: Slowking|Sludge Bomb|p1a: Sinistcha
|-damage|p1a: Sinistcha|79/100
|
|upkeep
|turn|19
|
|t:|1759075430
|move|p1a: Sinistcha|Shadow Ball|p2a: Slowking
|-supereffective|p2a: Slowking
|-damage|p2a: Slowking|0 fnt
|faint|p2a: Slowking
|
|upkeep
|
|t:|1759075434
|switch|p2a: Lokix|Lokix, F|100/100
|-damage|p2a: Lokix|76/100|[from] Stealth Rock
|turn|20
|
|t:|1759075437
|move|p2a: Lokix|Knock Off|p1a: Sinistcha
|-supereffective|p1a: Sinistcha
|-damage|p1a: Sinistcha|0 fnt
|-enditem|p1a: Sinistcha|Heavy-Duty Boots|[from] move: Knock Off|[of] p2a: Lokix
|faint|p1a: Sinistcha
|
|upkeep
|
|t:|1759075441
|switch|p1a: Lokix|Lokix, M|100/100
|turn|21
|
|t:|1759075445
|switch|p2a: Enamorus|Enamorus, F|76/100
|-damage|p2a: Enamorus|51/100|[from] Stealth Rock
|move|p1a: Lokix|U-turn|p2a: Enamorus
|-resisted|p2a: Enamorus
|-damage|p2a: Enamorus|26/100
|
|t:|1759075461
|switch|p1a: Okidogi|Okidogi, M|42/100 brn|[from] U-turn
|-damage|p1a: Okidogi|36/100 brn|[from] Stealth Rock
|
|-damage|p1a: Okidogi|30/100 brn|[from] brn
|upkeep
|turn|22
|
|t:|1759075466
|move|p2a: Enamorus|Moonblast|p1a: Okidogi
|-damage|p1a: Okidogi|0 fnt
|faint|p1a: Okidogi
|
|upkeep
|
|t:|1759075471
|switch|p1a: Lokix|Lokix, M|100/100
|turn|23
|
|t:|1759075476
|switch|p2a: Great Tusk|Great Tusk|100/100
|-damage|p2a: Great Tusk|98/100|[from] Stealth Rock
|move|p1a: Lokix|First Impression|p2a: Great Tusk
|-resisted|p2a: Great Tusk
|-damage|p2a: Great Tusk|78/100
|
|-heal|p2a: Great Tusk|84/100|[from] item: Leftovers
|upkeep
|turn|24
|inactive|cowboykale has 120 seconds left.
|
|t:|1759075527
|move|p1a: Lokix|Knock Off|p2a: Great Tusk
|-resisted|p2a: Great Tusk
|-damage|p2a: Great Tusk|60/100
|-enditem|p2a: Great Tusk|Leftovers|[from] move: Knock Off|[of] p1a: Lokix
|move|p2a: Great Tusk|Rapid Spin|p1a: Lokix
|-damage|p1a: Lokix|80/100
|-boost|p2a: Great Tusk|spe|1
|-sideend|p2: Spyro190 testing|Stealth Rock|[from] move: Rapid Spin|[of] p2a: Great Tusk
|
|upkeep
|turn|25
|
|t:|1759075539
|move|p1a: Lokix|Sucker Punch||[still]
|-fail|p1a: Lokix
|move|p2a: Great Tusk|Bulk Up|p2a: Great Tusk
|-boost|p2a: Great Tusk|atk|1
|-boost|p2a: Great Tusk|def|1
|
|upkeep
|turn|26
|
|t:|1759075543
|move|p2a: Great Tusk|Bulk Up|p2a: Great Tusk
|-boost|p2a: Great Tusk|atk|1
|-boost|p2a: Great Tusk|def|1
|move|p1a: Lokix|U-turn|p2a: Great Tusk
|-resisted|p2a: Great Tusk
|-damage|p2a: Great Tusk|52/100
|
|t:|1759075545
|switch|p1a: Keldeo|Keldeo-Resolute|100/100|[from] U-turn
|
|upkeep
|turn|27
|
|t:|1759075553
|move|p2a: Great Tusk|Earthquake|p1a: Keldeo
|-damage|p1a: Keldeo|1/100
|move|p1a: Keldeo|Surf|p2a: Great Tusk
|-supereffective|p2a: Great Tusk
|-damage|p2a: Great Tusk|0 fnt
|faint|p2a: Great Tusk
|-end|p2a: Great Tusk|Protosynthesis|[silent]
|
|upkeep
|
|t:|1759075563
|switch|p2a: Alomomola|Alomomola, M|54/100
|turn|28
|inactive|cowboykale has 120 seconds left.
|
|t:|1759075598
|move|p2a: Alomomola|Aqua Jet|p1a: Keldeo
|-resisted|p1a: Keldeo
|-damage|p1a: Keldeo|0 fnt
|faint|p1a: Keldeo
|
|upkeep
|
|t:|1759075600
|switch|p1a: Lokix|Lokix, M|80/100
|turn|29
|
|t:|1759075604
|move|p1a: Lokix|First Impression|p2a: Alomomola
|-damage|p2a: Alomomola|22/100
|move|p2a: Alomomola|Flip Turn|p1a: Lokix
|-damage|p1a: Lokix|57/100
|
|t:|1759075607
|switch|p2a: Lokix|Lokix, F|76/100|[from] Flip Turn
|
|upkeep
|turn|30
|
|t:|1759075610
|move|p2a: Lokix|First Impression|p1a: Lokix
|-supereffective|p1a: Lokix
|-damage|p1a: Lokix|0 fnt
|faint|p1a: Lokix
|
|win|Spyro190 testing
|raw|cowboykale's rating: 1516 &rarr; <strong>1498</strong><br />(-18 for losing)
|raw|Spyro190 testing's rating: 1546 &rarr; <strong>1564</strong><br />(+18 for winning)
