|j|☆stuckontoilet2072
|j|☆Leleketchupsbf
|t:|1758946736
|gametype|singles
|player|p1|stuckontoilet2072|hilda|1278
|player|p2|Leleketchupsbf|interviewers|1314
|gen|9
|tier|[Gen 9] OU
|rated|
|rule|HP Percentage Mod: HP is shown in percentages
|rule|Endless Battle Clause: Forcing endless battles is banned
|rule|Species Clause: Limit one of each Pokémon
|rule|OHKO Clause: OHKO moves are banned
|rule|Evasion Items Clause: Evasion items are banned
|rule|Evasion Moves Clause: Evasion moves are banned
|rule|Evasion Abilities Clause: Evasion abilities are banned
|rule|Sleep Moves Clause: Sleep-inducing moves are banned
|clearpoke
|poke|p1|Tyranitar, M|
|poke|p1|Alomomola, M|
|poke|p1|Skeledirge, F|
|poke|p1|Grimmsnarl, M|
|poke|p1|Gholdengo|
|poke|p1|Glimmora, F|
|poke|p2|Gardevoir, F|
|poke|p2|Landorus-Therian, M|
|poke|p2|Meowscarada, F|
|poke|p2|Heatran, F|
|poke|p2|Quaquaval, F|
|poke|p2|Lokix, M|
|teampreview
|
|t:|1758946750
|teamsize|p1|6
|teamsize|p2|6
|start
|switch|p1a: Glimmora|Glimmora, F|100/100
|switch|p2a: Gardevoir|Gardevoir, F|100/100
|-ability|p2a: Gardevoir|Toxic Debris|Trace|[from] ability: Trace|[of] p1a: Glimmora
|turn|1
|
|t:|1758946757
|switch|p1a: Tyranitar|Tyranitar, M|100/100
|-weather|Sandstorm|[from] ability: Sand Stream|[of] p1a: Tyranitar
|move|p2a: Gardevoir|Psychic Noise|p1a: Tyranitar
|-immune|p1a: Tyranitar
|
|-weather|Sandstorm|[upkeep]
|-damage|p2a: Gardevoir|94/100|[from] Sandstorm
|upkeep
|turn|2
|
|t:|1758946764
|move|p2a: Gardevoir|Psychic Noise|p1a: Tyranitar
|-immune|p1a: Tyranitar
|move|p1a: Tyranitar|Knock Off|p2a: Gardevoir
|-damage|p2a: Gardevoir|2/100
|-activate|p2a: Gardevoir|ability: Toxic Debris
|-sidestart|p1: stuckontoilet2072|move: Toxic Spikes
|-enditem|p2a: Gardevoir|Choice Specs|[from] move: Knock Off|[of] p1a: Tyranitar
|
|-weather|Sandstorm|[upkeep]
|-damage|p2a: Gardevoir|0 fnt|[from] Sandstorm
|faint|p2a: Gardevoir
|upkeep
|
|t:|1758946773
|switch|p2a: Heatran|Heatran, F|100/100
|turn|3
|
|t:|1758946782
|switch|p2a: Landorus|Landorus-Therian, M|100/100
|-ability|p2a: Landorus|Intimidate|boost
|-unboost|p1a: Tyranitar|atk|1
|move|p1a: Tyranitar|Earthquake|p2a: Landorus
|-immune|p2a: Landorus
|
|-weather|Sandstorm|[upkeep]
|upkeep
|turn|4
|
|t:|1758946799
|switch|p2a: Quaquaval|Quaquaval, F|100/100
|move|p1a: Tyranitar|Stealth Rock|p2a: Quaquaval
|-sidestart|p2: Leleketchupsbf|move: Stealth Rock
|
|-weather|Sandstorm|[upkeep]
|-damage|p2a: Quaquaval|94/100|[from] Sandstorm
|-heal|p2a: Quaquaval|100/100|[from] item: Leftovers
|upkeep
|turn|5
|
|t:|1758946807
|switch|p1a: Alomomola|Alomomola, M|100/100
|move|p2a: Quaquaval|Aqua Step|p1a: Alomomola
|-resisted|p1a: Alomomola
|-damage|p1a: Alomomola|90/100
|-boost|p2a: Quaquaval|spe|1
|
|-weather|none
|upkeep
|turn|6
|
|t:|1758946832
|switch|p2a: Heatran|Heatran, F|100/100
|-damage|p2a: Heatran|88/100|[from] Stealth Rock
|move|p1a: Alomomola|Flip Turn|p2a: Heatran
|-supereffective|p2a: Heatran
|-damage|p2a: Heatran|60/100
|
|t:|1758946840
|switch|p1a: Tyranitar|Tyranitar, M|100/100|[from] Flip Turn
|-weather|Sandstorm|[from] ability: Sand Stream|[of] p1a: Tyranitar
|
|-weather|Sandstorm|[upkeep]
|-heal|p2a: Heatran|66/100|[from] item: Leftovers
|upkeep
|turn|7
|
|t:|1758946844
|switch|p2a: Landorus|Landorus-Therian, M|100/100
|-damage|p2a: Landorus|88/100|[from] Stealth Rock
|-ability|p2a: Landorus|Intimidate|boost
|-unboost|p1a: Tyranitar|atk|1
|move|p1a: Tyranitar|Knock Off|p2a: Landorus
|-damage|p2a: Landorus|47/100
|-enditem|p2a: Landorus|Assault Vest|[from] move: Knock Off|[of] p1a: Tyranitar
|
|-weather|Sandstorm|[upkeep]
|upkeep
|turn|8
|
|t:|1758946854
|switch|p1a: Alomomola|Alomomola, M|100/100
|move|p2a: Landorus|U-turn|p1a: Alomomola
|-damage|p1a: Alomomola|86/100
|
|t:|1758946859
|switch|p2a: Meowscarada|Meowscarada, F|100/100|[from] U-turn
|-damage|p2a: Meowscarada|88/100|[from] Stealth Rock
|
|-weather|Sandstorm|[upkeep]
|-damage|p2a: Meowscarada|82/100|[from] Sandstorm
|-damage|p1a: Alomomola|79/100|[from] Sandstorm
|upkeep
|turn|9
|
|t:|1758946863
|move|p1a: Alomomola|Protect|p1a: Alomomola
|-singleturn|p1a: Alomomola|Protect
|move|p2a: Meowscarada|Flower Trick|p1a: Alomomola
|-activate|p1a: Alomomola|move: Protect
|
|-weather|Sandstorm|[upkeep]
|-damage|p2a: Meowscarada|76/100|[from] Sandstorm
|-damage|p1a: Alomomola|73/100|[from] Sandstorm
|upkeep
|turn|10
|
|t:|1758946875
|switch|p1a: Skeledirge|Skeledirge, F|100/100
|move|p2a: Meowscarada|Knock Off|p1a: Skeledirge
|-supereffective|p1a: Skeledirge
|-damage|p1a: Skeledirge|29/100
|-enditem|p1a: Skeledirge|Heavy-Duty Boots|[from] move: Knock Off|[of] p2a: Meowscarada
|-damage|p2a: Meowscarada|66/100|[from] item: Life Orb
|
|-weather|none
|upkeep
|turn|11
|
|t:|1758946885
|switch|p1a: Glimmora|Glimmora, F|100/100
|-sideend|p1: stuckontoilet2072|move: Toxic Spikes|[of] p1a: Glimmora
|move|p2a: Meowscarada|Knock Off|p1a: Glimmora
|-damage|p1a: Glimmora|41/100
|-activate|p1a: Glimmora|ability: Toxic Debris
|-sidestart|p2: Leleketchupsbf|move: Toxic Spikes
|-enditem|p1a: Glimmora|Power Herb|[from] move: Knock Off|[of] p2a: Meowscarada
|-damage|p2a: Meowscarada|56/100|[from] item: Life Orb
|
|upkeep
|turn|12
|
|t:|1758946889
|move|p2a: Meowscarada|Knock Off|p1a: Glimmora
|-damage|p1a: Glimmora|3/100
|-activate|p1a: Glimmora|ability: Toxic Debris
|-sidestart|p2: Leleketchupsbf|move: Toxic Spikes
|-damage|p2a: Meowscarada|46/100|[from] item: Life Orb
|move|p1a: Glimmora|Power Gem|p2a: Meowscarada
|-damage|p2a: Meowscarada|0 fnt
|faint|p2a: Meowscarada
|
|upkeep
|
|t:|1758946897
|switch|p2a: Landorus|Landorus-Therian, M|47/100
|-damage|p2a: Landorus|34/100|[from] Stealth Rock
|-ability|p2a: Landorus|Intimidate|boost
|-unboost|p1a: Glimmora|atk|1
|turn|13
|
|t:|1758946901
|move|p2a: Landorus|Earthquake|p1a: Glimmora
|-supereffective|p1a: Glimmora
|-damage|p1a: Glimmora|0 fnt
|faint|p1a: Glimmora
|
|upkeep
|
|t:|1758946904
|switch|p1a: Alomomola|Alomomola, M|100/100
|turn|14
|
|t:|1758946906
|move|p2a: Landorus|U-turn|p1a: Alomomola
|-damage|p1a: Alomomola|85/100
|
|t:|1758946909
|switch|p2a: Heatran|Heatran, F|66/100|[from] U-turn
|-damage|p2a: Heatran|53/100|[from] Stealth Rock
|move|p1a: Alomomola|Wish|p1a: Alomomola
|
|-heal|p2a: Heatran|60/100|[from] item: Leftovers
|upkeep
|turn|15
|
|t:|1758946914
|move|p2a: Heatran|Stealth Rock|p1a: Alomomola
|-sidestart|p1: stuckontoilet2072|move: Stealth Rock
|move|p1a: Alomomola|Flip Turn|p2a: Heatran
|-supereffective|p2a: Heatran
|-damage|p2a: Heatran|34/100
|
|t:|1758946918
|switch|p1a: Skeledirge|Skeledirge, F|29/100|[from] Flip Turn
|-damage|p1a: Skeledirge|4/100|[from] Stealth Rock
|
|-heal|p1a: Skeledirge|68/100|[from] move: Wish|[wisher] Alomomola
|-heal|p2a: Heatran|40/100|[from] item: Leftovers
|upkeep
|turn|16
|
|t:|1758946941
|switch|p1a: Tyranitar|Tyranitar, M|100/100
|-weather|Sandstorm|[from] ability: Sand Stream|[of] p1a: Tyranitar
|move|p2a: Heatran|Earthquake|p1a: Tyranitar
|-supereffective|p1a: Tyranitar
|-damage|p1a: Tyranitar|64/100
|
|-weather|Sandstorm|[upkeep]
|-heal|p2a: Heatran|47/100|[from] item: Leftovers
|upkeep
|turn|17
|
|t:|1758946946
|switch|p2a: Landorus|Landorus-Therian, M|34/100
|-damage|p2a: Landorus|22/100|[from] Stealth Rock
|-ability|p2a: Landorus|Intimidate|boost
|-unboost|p1a: Tyranitar|atk|1
|move|p1a: Tyranitar|Knock Off|p2a: Landorus
|-damage|p2a: Landorus|0 fnt
|faint|p2a: Landorus
|
|-weather|Sandstorm|[upkeep]
|upkeep
|
|t:|1758946948
|switch|p2a: Quaquaval|Quaquaval, F|100/100
|-damage|p2a: Quaquaval|94/100|[from] Stealth Rock
|-status|p2a: Quaquaval|tox
|turn|18
|
|t:|1758946968
|switch|p1a: Alomomola|Alomomola, M|100/100
|move|p2a: Quaquaval|Close Combat|p1a: Alomomola
|-damage|p1a: Alomomola|67/100
|-unboost|p2a: Quaquaval|def|1
|-unboost|p2a: Quaquaval|spd|1
|
|-weather|Sandstorm|[upkeep]
|-damage|p2a: Quaquaval|88/100 tox|[from] Sandstorm
|-damage|p1a: Alomomola|61/100|[from] Sandstorm
|-heal|p2a: Quaquaval|94/100 tox|[from] item: Leftovers
|-damage|p2a: Quaquaval|88/100 tox|[from] psn
|upkeep
|turn|19
|
|t:|1758946975
|move|p2a: Quaquaval|Knock Off|p1a: Alomomola
|-damage|p1a: Alomomola|45/100
|-enditem|p1a: Alomomola|Heavy-Duty Boots|[from] move: Knock Off|[of] p2a: Quaquaval
|move|p1a: Alomomola|Wish|p1a: Alomomola
|
|-weather|Sandstorm|[upkeep]
|-damage|p2a: Quaquaval|82/100 tox|[from] Sandstorm
|-damage|p1a: Alomomola|39/100|[from] Sandstorm
|-heal|p2a: Quaquaval|88/100 tox|[from] item: Leftovers
|-damage|p2a: Quaquaval|76/100 tox|[from] psn
|upkeep
|turn|20
|
|t:|1758946983
|move|p1a: Alomomola|Protect|p1a: Alomomola
|-singleturn|p1a: Alomomola|Protect
|move|p2a: Quaquaval|Aqua Step|p1a: Alomomola
|-activate|p1a: Alomomola|move: Protect
|
|-weather|none
|-heal|p1a: Alomomola|89/100|[from] move: Wish|[wisher] Alomomola
|-heal|p2a: Quaquaval|82/100 tox|[from] item: Leftovers
|-damage|p2a: Quaquaval|64/100 tox|[from] psn
|upkeep
|turn|21
|
|t:|1758946988
|switch|p2a: Heatran|Heatran, F|47/100
|-damage|p2a: Heatran|34/100|[from] Stealth Rock
|move|p1a: Alomomola|Wish|p1a: Alomomola
|
|-heal|p2a: Heatran|40/100|[from] item: Leftovers
|upkeep
|turn|22
|
|t:|1758946992
|move|p2a: Heatran|Magma Storm|p1a: Alomomola|[miss]
|-miss|p2a: Heatran|p1a: Alomomola
|move|p1a: Alomomola|Flip Turn|p2a: Heatran
|-supereffective|p2a: Heatran
|-damage|p2a: Heatran|14/100
|
|t:|1758947004
|switch|p1a: Tyranitar|Tyranitar, M|64/100|[from] Flip Turn
|-weather|Sandstorm|[from] ability: Sand Stream|[of] p1a: Tyranitar
|
|-weather|Sandstorm|[upkeep]
|-heal|p1a: Tyranitar|100/100|[from] move: Wish|[wisher] Alomomola
|-heal|p2a: Heatran|20/100|[from] item: Leftovers
|upkeep
|turn|23
|
|t:|1758947010
|move|p2a: Heatran|Magma Storm|p1a: Tyranitar
|-resisted|p1a: Tyranitar
|-damage|p1a: Tyranitar|86/100
|-activate|p1a: Tyranitar|move: Magma Storm|[of] p2a: Heatran
|move|p1a: Tyranitar|Knock Off|p2a: Heatran
|-damage|p2a: Heatran|0 fnt
|-enditem|p2a: Heatran|Leftovers|[from] move: Knock Off|[of] p1a: Tyranitar
|faint|p2a: Heatran
|
|-weather|Sandstorm|[upkeep]
|-end|p1a: Tyranitar|Magma Storm|[partiallytrapped]|[silent]
|upkeep
|
|t:|1758947015
|switch|p2a: Lokix|Lokix, M|100/100
|-damage|p2a: Lokix|76/100|[from] Stealth Rock
|-status|p2a: Lokix|tox
|turn|24
|
|t:|1758947021
|move|p2a: Lokix|First Impression|p1a: Tyranitar
|-supereffective|p1a: Tyranitar
|-damage|p1a: Tyranitar|0 fnt
|faint|p1a: Tyranitar
|-damage|p2a: Lokix|66/100 tox|[from] item: Life Orb
|
|-weather|Sandstorm|[upkeep]
|-damage|p2a: Lokix|60/100 tox|[from] Sandstorm
|-damage|p2a: Lokix|54/100 tox|[from] psn
|upkeep
|
|t:|1758947030
|switch|p1a: Grimmsnarl|Grimmsnarl, M|100/100
|turn|25
|
|t:|1758947034
|move|p1a: Grimmsnarl|Fake Out|p2a: Lokix
|-damage|p2a: Lokix|33/100 tox
|cant|p2a: Lokix|flinch
|
|-weather|Sandstorm|[upkeep]
|-damage|p2a: Lokix|27/100 tox|[from] Sandstorm
|-damage|p1a: Grimmsnarl|94/100|[from] Sandstorm
|-damage|p2a: Lokix|15/100 tox|[from] psn
|upkeep
|turn|26
|
|t:|1758947041
|move|p1a: Grimmsnarl|Sucker Punch|p2a: Lokix
|-resisted|p2a: Lokix
|-damage|p2a: Lokix|0 fnt
|faint|p2a: Lokix
|
|-weather|none
|upkeep
|
|t:|1758947045
|switch|p2a: Quaquaval|Quaquaval, F|64/100 tox
|-damage|p2a: Quaquaval|58/100 tox|[from] Stealth Rock
|turn|27
|
|t:|1758947047
|move|p2a: Quaquaval|Aqua Step|p1a: Grimmsnarl
|-damage|p1a: Grimmsnarl|36/100
|-boost|p2a: Quaquaval|spe|1
|move|p1a: Grimmsnarl|Play Rough|p2a: Quaquaval
|-supereffective|p2a: Quaquaval
|-damage|p2a: Quaquaval|0 fnt
|faint|p2a: Quaquaval
|
|win|stuckontoilet2072
|raw|stuckontoilet2072's rating: 1278 &rarr; <strong>1306</strong><br />(+28 for winning)
|raw|Leleketchupsbf's rating: 1314 &rarr; <strong>1292</strong><br />(-22 for losing)
|l|☆Leleketchupsbf
|player|p2|
|l|☆stuckontoilet2072
|player|p1|
