|j|☆tactiqualz
|j|☆kickyaall
|t:|1758970929
|gametype|singles
|player|p1|tactiqualz|265|1266
|player|p2|kickyaall|alder|1282
|gen|9
|tier|[Gen 9] OU
|rated|
|rule|HP Percentage Mod: HP is shown in percentages
|rule|Endless Battle Clause: Forcing endless battles is banned
|rule|Species Clause: Limit one of each Pokémon
|rule|OHKO Clause: OHKO moves are banned
|rule|Evasion Items Clause: Evasion items are banned
|rule|Evasion Moves Clause: Evasion moves are banned
|rule|Evasion Abilities Clause: Evasion abilities are banned
|rule|Sleep Moves Clause: Sleep-inducing moves are banned
|clearpoke
|poke|p1|Tentacruel, F|
|poke|p1|Whimsicott, M|
|poke|p1|Gliscor, F|
|poke|p1|Kingambit, M|
|poke|p1|Enamorus-Therian, F|
|poke|p1|Blaziken, M|
|poke|p2|Typhlosion-Hisui, M|
|poke|p2|Kingambit, M|
|poke|p2|Darkrai|
|poke|p2|Milotic, F|
|poke|p2|Garchomp, M|
|poke|p2|Tyranitar, M|
|teampreview
|inactive|Battle timer is ON: inactive players will automatically lose when time's up. (requested by tactiqualz)
|inactive|kickyaall has 120 seconds left.
|
|t:|1758970960
|teamsize|p1|6
|teamsize|p2|6
|start
|switch|p1a: Enamorus|Enamorus-Therian, F|100/100
|switch|p2a: Typhlosion|Typhlosion-Hisui, M, shiny|100/100
|-item|p1a: Enamorus|Weakness Policy|[from] ability: Frisk|[of] p2a: Typhlosion
|turn|1
|
|t:|1758970974
|move|p2a: Typhlosion|Eruption|p1a: Enamorus
|-damage|p1a: Enamorus|35/100
|-damage|p2a: Typhlosion|91/100|[from] item: Life Orb
|move|p1a: Enamorus|Agility|p1a: Enamorus
|-boost|p1a: Enamorus|spe|2
|
|upkeep
|turn|2
|
|t:|1758970983
|move|p2a: Typhlosion|Eruption|p1a: Enamorus
|-damage|p1a: Enamorus|0 fnt
|faint|p1a: Enamorus
|-damage|p2a: Typhlosion|81/100|[from] item: Life Orb
|
|upkeep
|
|t:|1758970995
|switch|p1a: Gliscor|Gliscor, F|100/100
|turn|3
|
|t:|1758971010
|move|p2a: Typhlosion|Will-O-Wisp|p1a: Gliscor
|-status|p1a: Gliscor|brn
|move|p1a: Gliscor|Stealth Rock|p2a: Typhlosion
|-sidestart|p2: kickyaall|move: Stealth Rock
|
|-damage|p1a: Gliscor|94/100 brn|[from] brn
|upkeep
|turn|4
|
|t:|1758971023
|switch|p2a: Tyranitar|Tyranitar, M, shiny|100/100
|-damage|p2a: Tyranitar|88/100|[from] Stealth Rock
|-weather|Sandstorm|[from] ability: Sand Stream|[of] p2a: Tyranitar
|move|p1a: Gliscor|Toxic|p2a: Tyranitar
|-status|p2a: Tyranitar|tox
|
|-weather|Sandstorm|[upkeep]
|-heal|p2a: Tyranitar|94/100 tox|[from] item: Leftovers
|-damage|p2a: Tyranitar|88/100 tox|[from] psn
|-damage|p1a: Gliscor|88/100 brn|[from] brn
|upkeep
|turn|5
|
|t:|1758971038
|move|p1a: Gliscor|Earthquake|p2a: Tyranitar
|-supereffective|p2a: Tyranitar
|-damage|p2a: Tyranitar|61/100 tox
|move|p2a: Tyranitar|Dragon Dance|p2a: Tyranitar
|-boost|p2a: Tyranitar|atk|1
|-boost|p2a: Tyranitar|spe|1
|
|-weather|Sandstorm|[upkeep]
|-heal|p2a: Tyranitar|67/100 tox|[from] item: Leftovers
|-damage|p2a: Tyranitar|55/100 tox|[from] psn
|-damage|p1a: Gliscor|82/100 brn|[from] brn
|upkeep
|turn|6
|inactive|kickyaall has 120 seconds left.
|
|t:|1758971068
|move|p2a: Tyranitar|Ice Punch|p1a: Gliscor
|-supereffective|p1a: Gliscor
|-damage|p1a: Gliscor|0 fnt
|faint|p1a: Gliscor
|
|-weather|Sandstorm|[upkeep]
|-heal|p2a: Tyranitar|61/100 tox|[from] item: Leftovers
|-damage|p2a: Tyranitar|42/100 tox|[from] psn
|upkeep
|
|t:|1758971080
|switch|p1a: Whimsicott|Whimsicott, M, shiny|100/100
|turn|7
|
|t:|1758971091
|-terastallize|p1a: Whimsicott|Steel
|move|p1a: Whimsicott|Leech Seed|p2a: Tyranitar
|-hint|Since gen 7, Dark is immune to Prankster moves.
|-immune|p2a: Tyranitar
|move|p2a: Tyranitar|Ice Punch|p1a: Whimsicott
|-resisted|p1a: Whimsicott
|-damage|p1a: Whimsicott|86/100
|
|-weather|Sandstorm|[upkeep]
|-heal|p2a: Tyranitar|48/100 tox|[from] item: Leftovers
|-heal|p1a: Whimsicott|92/100|[from] item: Leftovers
|-damage|p2a: Tyranitar|24/100 tox|[from] psn
|upkeep
|turn|8
|
|t:|1758971110
|move|p2a: Tyranitar|Earthquake|p1a: Whimsicott
|-supereffective|p1a: Whimsicott
|-damage|p1a: Whimsicott|16/100
|move|p1a: Whimsicott|Moonblast|p2a: Tyranitar
|-supereffective|p2a: Tyranitar
|-damage|p2a: Tyranitar|0 fnt
|faint|p2a: Tyranitar
|
|-weather|none
|-heal|p1a: Whimsicott|22/100|[from] item: Leftovers
|upkeep
|inactive|kickyaall has 120 seconds left.
|
|t:|1758971133
|switch|p2a: Darkrai|Darkrai, shiny|100/100
|-damage|p2a: Darkrai|88/100|[from] Stealth Rock
|turn|9
|
|t:|1758971140
|switch|p1a: Tentacruel|Tentacruel, F|100/100
|move|p2a: Darkrai|Dark Pulse|p1a: Tentacruel
|-damage|p1a: Tentacruel|72/100
|
|-heal|p1a: Tentacruel|78/100|[from] item: Black Sludge
|upkeep
|turn|10
|
|t:|1758971153
|switch|p2a: Garchomp|Garchomp, M|100/100
|-damage|p2a: Garchomp|94/100|[from] Stealth Rock
|move|p1a: Tentacruel|Toxic|p2a: Garchomp
|-status|p2a: Garchomp|tox
|
|-heal|p1a: Tentacruel|84/100|[from] item: Black Sludge
|-damage|p2a: Garchomp|88/100 tox|[from] psn
|upkeep
|turn|11
|
|t:|1758971181
|move|p2a: Garchomp|Swords Dance|p2a: Garchomp
|-boost|p2a: Garchomp|atk|2
|move|p1a: Tentacruel|Chilling Water|p2a: Garchomp
|-damage|p2a: Garchomp|74/100 tox
|-unboost|p2a: Garchomp|atk|1
|
|-heal|p1a: Tentacruel|90/100|[from] item: Black Sludge
|-damage|p2a: Garchomp|62/100 tox|[from] psn
|upkeep
|turn|12
|inactive|tactiqualz has 120 seconds left.
|
|t:|1758971196
|move|p2a: Garchomp|Earthquake|p1a: Tentacruel
|-supereffective|p1a: Tentacruel
|-damage|p1a: Tentacruel|0 fnt
|faint|p1a: Tentacruel
|
|-damage|p2a: Garchomp|43/100 tox|[from] psn
|upkeep
|inactive|tactiqualz has 120 seconds left.
|
|t:|1758971207
|switch|p1a: Blaziken|Blaziken, M, shiny|100/100
|turn|13
|
|t:|1758971219
|move|p1a: Blaziken|Protect|p1a: Blaziken
|-singleturn|p1a: Blaziken|Protect
|move|p2a: Garchomp|Stealth Rock|p1a: Blaziken
|-sidestart|p1: tactiqualz|move: Stealth Rock
|
|-damage|p2a: Garchomp|19/100 tox|[from] psn
|-ability|p1a: Blaziken|Speed Boost|boost
|-boost|p1a: Blaziken|spe|1
|upkeep
|turn|14
|inactive|tactiqualz has 120 seconds left.
|
|t:|1758971241
|move|p1a: Blaziken|Close Combat|p2a: Garchomp
|-damage|p2a: Garchomp|0 fnt
|-unboost|p1a: Blaziken|def|1
|-unboost|p1a: Blaziken|spd|1
|-damage|p1a: Blaziken|88/100|[from] ability: Rough Skin|[of] p2a: Garchomp
|-damage|p1a: Blaziken|72/100|[from] item: Rocky Helmet|[of] p2a: Garchomp
|faint|p2a: Garchomp
|
|-ability|p1a: Blaziken|Speed Boost|boost
|-boost|p1a: Blaziken|spe|1
|upkeep
|
|t:|1758971268
|switch|p2a: Milotic|Milotic, F, shiny|100/100
|-damage|p2a: Milotic|88/100|[from] Stealth Rock
|turn|15
|
|t:|1758971272
|move|p1a: Blaziken|U-turn|p2a: Milotic
|-damage|p2a: Milotic|68/100
|
|t:|1758971276
|switch|p1a: Kingambit|Kingambit, M|100/100|[from] U-turn
|-damage|p1a: Kingambit|94/100|[from] Stealth Rock
|-activate|p1a: Kingambit|ability: Supreme Overlord
|-start|p1a: Kingambit|fallen3|[silent]
|move|p2a: Milotic|Surf|p1a: Kingambit
|-crit|p1a: Kingambit
|-damage|p1a: Kingambit|50/100
|
|-heal|p1a: Kingambit|56/100|[from] item: Leftovers
|-status|p2a: Milotic|brn|[from] item: Flame Orb
|upkeep
|turn|16
|
|t:|1758971291
|switch|p2a: Typhlosion|Typhlosion-Hisui, M, shiny|81/100
|-damage|p2a: Typhlosion|56/100|[from] Stealth Rock
|-item|p1a: Kingambit|Leftovers|[from] ability: Frisk|[of] p2a: Typhlosion
|move|p1a: Kingambit|Swords Dance|p1a: Kingambit
|-boost|p1a: Kingambit|atk|2
|
|-heal|p1a: Kingambit|62/100|[from] item: Leftovers
|upkeep
|turn|17
|
|t:|1758971300
|move|p2a: Typhlosion|Will-O-Wisp|p1a: Kingambit
|-status|p1a: Kingambit|brn
|move|p1a: Kingambit|Kowtow Cleave|p2a: Typhlosion
|-supereffective|p2a: Typhlosion
|-damage|p2a: Typhlosion|0 fnt
|faint|p2a: Typhlosion
|
|-heal|p1a: Kingambit|68/100 brn|[from] item: Leftovers
|-damage|p1a: Kingambit|62/100 brn|[from] brn
|upkeep
|
|t:|1758971314
|switch|p2a: Kingambit|Kingambit, M, shiny|100/100
|-damage|p2a: Kingambit|94/100|[from] Stealth Rock
|-activate|p2a: Kingambit|ability: Supreme Overlord
|-start|p2a: Kingambit|fallen3|[silent]
|turn|18
|
|t:|1758971327
|move|p2a: Kingambit|Low Kick|p1a: Kingambit
|-supereffective|p1a: Kingambit
|-damage|p1a: Kingambit|0 fnt
|faint|p1a: Kingambit
|-end|p1a: Kingambit|fallen3|[silent]
|
|upkeep
|
|t:|1758971332
|switch|p1a: Blaziken|Blaziken, M, shiny|72/100
|turn|19
|
|t:|1758971358
|-terastallize|p2a: Kingambit|Dark
|move|p1a: Blaziken|Protect|p1a: Blaziken
|-singleturn|p1a: Blaziken|Protect
|move|p2a: Kingambit|Low Kick|p1a: Blaziken
|-activate|p1a: Blaziken|move: Protect
|
|-ability|p1a: Blaziken|Speed Boost|boost
|-boost|p1a: Blaziken|spe|1
|upkeep
|turn|20
|
|t:|1758971369
|move|p1a: Blaziken|Close Combat|p2a: Kingambit
|-supereffective|p2a: Kingambit
|-damage|p2a: Kingambit|0 fnt
|-unboost|p1a: Blaziken|def|1
|-unboost|p1a: Blaziken|spd|1
|faint|p2a: Kingambit
|-end|p2a: Kingambit|fallen3|[silent]
|
|-ability|p1a: Blaziken|Speed Boost|boost
|-boost|p1a: Blaziken|spe|1
|upkeep
|
|t:|1758971375
|switch|p2a: Darkrai|Darkrai, shiny|88/100
|-damage|p2a: Darkrai|76/100|[from] Stealth Rock
|turn|21
|
|t:|1758971383
|move|p2a: Darkrai|Dark Pulse|p1a: Blaziken
|-resisted|p1a: Blaziken
|-damage|p1a: Blaziken|18/100
|move|p1a: Blaziken|Close Combat|p2a: Darkrai
|-supereffective|p2a: Darkrai
|-damage|p2a: Darkrai|0 fnt
|-unboost|p1a: Blaziken|def|1
|-unboost|p1a: Blaziken|spd|1
|faint|p2a: Darkrai
|
|-ability|p1a: Blaziken|Speed Boost|boost
|-boost|p1a: Blaziken|spe|1
|upkeep
|
|t:|1758971386
|switch|p2a: Milotic|Milotic, F, shiny|68/100 brn
|-damage|p2a: Milotic|55/100 brn|[from] Stealth Rock
|turn|22
|
|t:|1758971396
|move|p1a: Blaziken|Close Combat|p2a: Milotic
|-damage|p2a: Milotic|17/100 brn
|-unboost|p1a: Blaziken|def|1
|-unboost|p1a: Blaziken|spd|1
|move|p2a: Milotic|Surf|p1a: Blaziken
|-supereffective|p1a: Blaziken
|-damage|p1a: Blaziken|0 fnt
|faint|p1a: Blaziken
|
|-damage|p2a: Milotic|11/100 brn|[from] brn
|upkeep
|
|t:|1758971406
|switch|p1a: Whimsicott|Whimsicott, M, shiny, tera:Steel|22/100
|-damage|p1a: Whimsicott|16/100|[from] Stealth Rock
|turn|23
|
|t:|1758971417
|move|p1a: Whimsicott|Moonblast|p2a: Milotic
|-damage|p2a: Milotic|0 fnt
|faint|p2a: Milotic
|
|win|tactiqualz
|raw|tactiqualz's rating: 1266 &rarr; <strong>1292</strong><br />(+26 for winning)
|raw|kickyaall's rating: 1282 &rarr; <strong>1256</strong><br />(-26 for losing)
|l|☆kickyaall
|player|p2|
|l|☆tactiqualz
|player|p1|
