|j|☆lordnanerpus
|j|☆Karisoll
|t:|1759070048
|gametype|singles
|player|p1|lordnanerpus|101|1305
|player|p2|Karisoll|clerkf|1255
|gen|9
|tier|[Gen 9] OU
|rated|
|rule|HP Percentage Mod: HP is shown in percentages
|rule|Endless Battle Clause: Forcing endless battles is banned
|rule|Species Clause: Limit one of each Pokémon
|rule|OHKO Clause: OHKO moves are banned
|rule|Evasion Items Clause: Evasion items are banned
|rule|Evasion Moves Clause: Evasion moves are banned
|rule|Evasion Abilities Clause: Evasion abilities are banned
|rule|Sleep Moves Clause: Sleep-inducing moves are banned
|clearpoke
|poke|p1|Ceruledge, F|
|poke|p1|Raging Bolt|
|poke|p1|Latias, F|
|poke|p1|Kyurem|
|poke|p1|Ninetales-Alola, F|
|poke|p1|Iron Moth|
|poke|p2|Arcanine, M|
|poke|p2|Milotic, F|
|poke|p2|Rotom-Wash|
|poke|p2|Staraptor, F|
|poke|p2|Torkoal, M|
|poke|p2|Trevenant, F|
|teampreview
|
|t:|1759070055
|teamsize|p1|6
|teamsize|p2|6
|start
|switch|p1a: Ceruledge|Ceruledge, F|100/100
|switch|p2a: Rotom|Rotom-Wash|100/100
|turn|1
|
|t:|1759070065
|move|p2a: Rotom|Hydro Pump|p1a: Ceruledge
|-supereffective|p1a: Ceruledge
|-enditem|p1a: Ceruledge|Focus Sash
|-damage|p1a: Ceruledge|1/100
|move|p1a: Ceruledge|Swords Dance|p1a: Ceruledge
|-boost|p1a: Ceruledge|atk|2
|
|upkeep
|turn|2
|
|t:|1759070079
|switch|p1a: Ninetales|Ninetales-Alola, F|100/100
|-weather|Snowscape|[from] ability: Snow Warning|[of] p1a: Ninetales
|move|p2a: Rotom|Hydro Pump|p1a: Ninetales|[miss]
|-miss|p2a: Rotom|p1a: Ninetales
|
|-weather|Snowscape|[upkeep]
|upkeep
|turn|3
|
|t:|1759070095
|switch|p2a: Torkoal|Torkoal, M|100/100
|-weather|SunnyDay|[from] ability: Drought|[of] p2a: Torkoal
|switch|p1a: Ceruledge|Ceruledge, F|1/100
|
|-weather|SunnyDay|[upkeep]
|upkeep
|turn|4
|
|t:|1759070103
|move|p1a: Ceruledge|Bitter Blade|p2a: Torkoal
|-resisted|p2a: Torkoal
|-damage|p2a: Torkoal|81/100
|-heal|p1a: Ceruledge|12/100|[from] drain|[of] p2a: Torkoal
|move|p2a: Torkoal|Earth Power|p1a: Ceruledge
|-supereffective|p1a: Ceruledge
|-damage|p1a: Ceruledge|0 fnt
|faint|p1a: Ceruledge
|
|-weather|SunnyDay|[upkeep]
|-heal|p2a: Torkoal|87/100|[from] item: Leftovers
|upkeep
|
|t:|1759070113
|switch|p1a: Ninetales|Ninetales-Alola, F|100/100
|-weather|Snowscape|[from] ability: Snow Warning|[of] p1a: Ninetales
|turn|5
|
|t:|1759070138
|switch|p1a: Raging Bolt|Raging Bolt|100/100
|-enditem|p1a: Raging Bolt|Booster Energy
|-activate|p1a: Raging Bolt|ability: Protosynthesis|[fromitem]
|-start|p1a: Raging Bolt|protosynthesisspa
|switch|p2a: Rotom|Rotom-Wash|100/100
|
|-weather|Snowscape|[upkeep]
|upkeep
|turn|6
|
|t:|1759070150
|move|p2a: Rotom|Volt Switch|p1a: Raging Bolt
|-resisted|p1a: Raging Bolt
|-damage|p1a: Raging Bolt|94/100
|
|t:|1759070154
|switch|p2a: Trevenant|Trevenant, F|100/100|[from] Volt Switch
|move|p1a: Raging Bolt|Calm Mind|p1a: Raging Bolt
|-boost|p1a: Raging Bolt|spa|1
|-boost|p1a: Raging Bolt|spd|1
|
|-weather|Snowscape|[upkeep]
|upkeep
|turn|7
|
|t:|1759070162
|move|p1a: Raging Bolt|Dragon Pulse|p2a: Trevenant
|-damage|p2a: Trevenant|0 fnt
|faint|p2a: Trevenant
|
|-weather|Snowscape|[upkeep]
|upkeep
|
|t:|1759070167
|switch|p2a: Milotic|Milotic, F|100/100
|turn|8
|
|t:|1759070171
|move|p1a: Raging Bolt|Thunderclap|p2a: Milotic
|-supereffective|p2a: Milotic
|-damage|p2a: Milotic|15/100
|move|p2a: Milotic|Mirror Coat|p1a: Raging Bolt
|-damage|p1a: Raging Bolt|0 fnt
|faint|p1a: Raging Bolt
|-end|p1a: Raging Bolt|Protosynthesis|[silent]
|
|-weather|Snowscape|[upkeep]
|-heal|p2a: Milotic|21/100|[from] item: Leftovers
|upkeep
|
|t:|1759070195
|switch|p1a: Ninetales|Ninetales-Alola, F|100/100
|turn|9
|
|t:|1759070199
|move|p1a: Ninetales|Freeze-Dry|p2a: Milotic
|-supereffective|p2a: Milotic
|-damage|p2a: Milotic|0 fnt
|faint|p2a: Milotic
|
|-weather|none
|upkeep
|
|t:|1759070208
|switch|p2a: Torkoal|Torkoal, M|87/100
|-weather|SunnyDay|[from] ability: Drought|[of] p2a: Torkoal
|turn|10
|
|t:|1759070214
|switch|p1a: Latias|Latias, F|100/100
|move|p2a: Torkoal|Stealth Rock|p1a: Latias
|-sidestart|p1: lordnanerpus|move: Stealth Rock
|
|-weather|SunnyDay|[upkeep]
|-heal|p2a: Torkoal|94/100|[from] item: Leftovers
|upkeep
|turn|11
|
|t:|1759070223
|switch|p2a: Rotom|Rotom-Wash|100/100
|move|p1a: Latias|Calm Mind|p1a: Latias
|-boost|p1a: Latias|spa|1
|-boost|p1a: Latias|spd|1
|
|-weather|SunnyDay|[upkeep]
|upkeep
|turn|12
|
|t:|1759070229
|move|p2a: Rotom|Trick|p1a: Latias
|-activate|p2a: Rotom|move: Trick|[of] p1a: Latias
|-item|p1a: Latias|Choice Scarf|[from] move: Trick
|-item|p2a: Rotom|Leftovers|[from] move: Trick
|move|p1a: Latias|Calm Mind|p1a: Latias
|-boost|p1a: Latias|spa|1
|-boost|p1a: Latias|spd|1
|
|-weather|SunnyDay|[upkeep]
|upkeep
|turn|13
|
|t:|1759070240
|switch|p1a: Ninetales|Ninetales-Alola, F|100/100
|-damage|p1a: Ninetales|76/100|[from] Stealth Rock
|-weather|Snowscape|[from] ability: Snow Warning|[of] p1a: Ninetales
|move|p2a: Rotom|Will-O-Wisp|p1a: Ninetales
|-status|p1a: Ninetales|brn
|
|-weather|Snowscape|[upkeep]
|-damage|p1a: Ninetales|70/100 brn|[from] brn
|upkeep
|turn|14
|
|t:|1759070252
|move|p1a: Ninetales|Moonblast|p2a: Rotom
|-damage|p2a: Rotom|53/100
|move|p2a: Rotom|Volt Switch|p1a: Ninetales
|-damage|p1a: Ninetales|34/100 brn
|
|t:|1759070271
|switch|p2a: Arcanine|Arcanine, M|100/100|[from] Volt Switch
|-ability|p2a: Arcanine|Intimidate|boost
|-unboost|p1a: Ninetales|atk|1
|
|-weather|Snowscape|[upkeep]
|-damage|p1a: Ninetales|28/100 brn|[from] brn
|upkeep
|turn|15
|
|t:|1759070279
|switch|p1a: Latias|Latias, F|100/100
|-damage|p1a: Latias|88/100|[from] Stealth Rock
|move|p2a: Arcanine|Extreme Speed|p1a: Latias
|-damage|p1a: Latias|48/100
|-damage|p2a: Arcanine|91/100|[from] item: Life Orb
|
|-weather|Snowscape|[upkeep]
|upkeep
|turn|16
|
|t:|1759070292
|switch|p2a: Torkoal|Torkoal, M|94/100
|-weather|SunnyDay|[from] ability: Drought|[of] p2a: Torkoal
|move|p1a: Latias|Aura Sphere|p2a: Torkoal
|-damage|p2a: Torkoal|60/100
|
|-weather|SunnyDay|[upkeep]
|-heal|p2a: Torkoal|66/100|[from] item: Leftovers
|upkeep
|turn|17
|
|t:|1759070304
|move|p1a: Latias|Aura Sphere|p2a: Torkoal
|-damage|p2a: Torkoal|32/100
|move|p2a: Torkoal|Lava Plume|p1a: Latias
|-resisted|p1a: Latias
|-damage|p1a: Latias|32/100
|
|-weather|SunnyDay|[upkeep]
|-heal|p2a: Torkoal|38/100|[from] item: Leftovers
|upkeep
|turn|18
|
|t:|1759070321
|switch|p2a: Arcanine|Arcanine, M|91/100
|-ability|p2a: Arcanine|Intimidate|boost
|-unboost|p1a: Latias|atk|1
|move|p1a: Latias|Aura Sphere|p2a: Arcanine
|-damage|p2a: Arcanine|58/100
|
|-weather|SunnyDay|[upkeep]
|upkeep
|turn|19
|
|t:|1759070329
|move|p2a: Arcanine|Extreme Speed|p1a: Latias
|-damage|p1a: Latias|0 fnt
|faint|p1a: Latias
|-damage|p2a: Arcanine|48/100|[from] item: Life Orb
|
|-weather|SunnyDay|[upkeep]
|upkeep
|
|t:|1759070346
|switch|p1a: Iron Moth|Iron Moth|100/100
|-damage|p1a: Iron Moth|76/100|[from] Stealth Rock
|-enditem|p1a: Iron Moth|Booster Energy
|-activate|p1a: Iron Moth|ability: Quark Drive|[fromitem]
|-start|p1a: Iron Moth|quarkdrivespe
|turn|20
|
|t:|1759070357
|move|p2a: Arcanine|Extreme Speed|p1a: Iron Moth
|-damage|p1a: Iron Moth|16/100
|-damage|p2a: Arcanine|38/100|[from] item: Life Orb
|move|p1a: Iron Moth|Sludge Wave|p2a: Arcanine
|-damage|p2a: Arcanine|0 fnt
|faint|p2a: Arcanine
|
|-weather|none
|upkeep
|
|t:|1759070369
|switch|p2a: Rotom|Rotom-Wash|53/100
|turn|21
|
|t:|1759070375
|move|p1a: Iron Moth|Energy Ball|p2a: Rotom
|-supereffective|p2a: Rotom
|-damage|p2a: Rotom|0 fnt
|faint|p2a: Rotom
|
|upkeep
|
|t:|1759070379
|switch|p2a: Staraptor|Staraptor, F|100/100
|turn|22
|
|t:|1759070388
|move|p1a: Iron Moth|Fiery Dance|p2a: Staraptor
|-damage|p2a: Staraptor|31/100
|move|p2a: Staraptor|Brave Bird|p1a: Iron Moth
|-damage|p1a: Iron Moth|0 fnt
|faint|p1a: Iron Moth
|-end|p1a: Iron Moth|Quark Drive|[silent]
|-damage|p2a: Staraptor|26/100|[from] Recoil
|
|upkeep
|
|t:|1759070403
|switch|p1a: Ninetales|Ninetales-Alola, F|28/100 brn
|-damage|p1a: Ninetales|4/100 brn|[from] Stealth Rock
|-weather|Snowscape|[from] ability: Snow Warning|[of] p1a: Ninetales
|turn|23
|
|t:|1759070412
|switch|p2a: Torkoal|Torkoal, M|38/100
|-weather|SunnyDay|[from] ability: Drought|[of] p2a: Torkoal
|move|p1a: Ninetales|Freeze-Dry|p2a: Torkoal
|-resisted|p2a: Torkoal
|-damage|p2a: Torkoal|20/100
|
|-weather|SunnyDay|[upkeep]
|-heal|p2a: Torkoal|26/100|[from] item: Leftovers
|-damage|p1a: Ninetales|0 fnt|[from] brn
|faint|p1a: Ninetales
|upkeep
|
|t:|1759070422
|switch|p1a: Kyurem|Kyurem|100/100
|-damage|p1a: Kyurem|76/100|[from] Stealth Rock
|-ability|p1a: Kyurem|Pressure
|turn|24
|
|t:|1759070438
|-terastallize|p1a: Kyurem|Fire
|move|p1a: Kyurem|Scale Shot|p2a: Torkoal
|-damage|p2a: Torkoal|18/100
|-damage|p2a: Torkoal|10/100
|-damage|p2a: Torkoal|2/100
|-damage|p2a: Torkoal|0 fnt
|faint|p2a: Torkoal
|-hitcount|p2: Torkoal|4
|-unboost|p1a: Kyurem|def|1
|-boost|p1a: Kyurem|spe|1
|
|-weather|SunnyDay|[upkeep]
|upkeep
|
|t:|1759070449
|switch|p2a: Staraptor|Staraptor, F|26/100
|turn|25
|
|t:|1759070453
|-terastallize|p2a: Staraptor|Normal
|move|p2a: Staraptor|Double-Edge|p1a: Kyurem
|-crit|p1a: Kyurem
|-damage|p1a: Kyurem|0 fnt
|faint|p1a: Kyurem
|-damage|p2a: Staraptor|0 fnt|[from] Recoil
|faint|p2a: Staraptor
|
|win|Karisoll
|raw|lordnanerpus's rating: 1305 &rarr; <strong>1282</strong><br />(-23 for losing)
|raw|Karisoll's rating: 1255 &rarr; <strong>1284</strong><br />(+29 for winning)
|l|☆lordnanerpus
|player|p1|
|l|☆Karisoll
|player|p2|
