|inactive|Battle timer is ON: inactive players will automatically lose when time's up.
|t:|1759021424
|gametype|singles
|player|p1|leng loi|#scl4machines2|
|player|p2|MRH1106|miku-ghost|
|gen|9
|tier|[Gen 9] OU
|rule|HP Percentage Mod: HP is shown in percentages
|rule|Endless Battle Clause: Forcing endless battles is banned
|rule|Species Clause: Limit one of each Pokémon
|rule|OHKO Clause: OHKO moves are banned
|rule|Evasion Items Clause: Evasion items are banned
|rule|Evasion Moves Clause: Evasion moves are banned
|rule|Evasion Abilities Clause: Evasion abilities are banned
|rule|Sleep Moves Clause: Sleep-inducing moves are banned
|clearpoke
|poke|p1|Tyranitar, F|
|poke|p1|Excadrill, F|
|poke|p1|Heatran, F|
|poke|p1|Pecharunt|
|poke|p1|Ogerpon-Wellspring, F|
|poke|p1|Zamazenta-*|
|poke|p2|Great Tusk|
|poke|p2|Kingambit, M|
|poke|p2|Raging Bolt|
|poke|p2|Walking Wake|
|poke|p2|Ninetales, F|
|poke|p2|Ceruledge, F|
|teampreview
|inactive|leng loi has 270 seconds left.
|
|t:|1759021461
|teamsize|p1|6
|teamsize|p2|6
|start
|switch|p1a: Summit|Heatran, F|100/100
|switch|p2a: Ninetales|Ninetales, F|100/100
|-weather|SunnyDay|[from] ability: Drought|[of] p2a: Ninetales
|turn|1
|
|t:|1759021476
|move|p2a: Ninetales|Scorching Sands|p1a: Summit
|-supereffective|p1a: Summit
|-damage|p1a: Summit|52/100
|move|p1a: Summit|Magma Storm|p2a: Ninetales|[miss]
|-miss|p1a: Summit|p2a: Ninetales
|
|-weather|SunnyDay|[upkeep]
|-heal|p1a: Summit|58/100|[from] item: Leftovers
|upkeep
|turn|2
|c|☆MRH1106|tough
|
|t:|1759021492
|switch|p2a: Walking Wake|Walking Wake|100/100
|-activate|p2a: Walking Wake|ability: Protosynthesis
|-start|p2a: Walking Wake|protosynthesisspe
|move|p1a: Summit|Protect||[still]
|-fail|p1a: Summit
|
|-weather|SunnyDay|[upkeep]
|-heal|p1a: Summit|64/100|[from] item: Leftovers
|upkeep
|turn|3
|c|+mala☆huju|hf 2 both
|
|t:|1759021495
|move|p1a: Summit|Protect|p1a: Summit
|-singleturn|p1a: Summit|Protect
|move|p2a: Walking Wake|Hydro Steam|p1a: Summit
|-activate|p1a: Summit|move: Protect
|
|-weather|SunnyDay|[upkeep]
|-heal|p1a: Summit|70/100|[from] item: Leftovers
|upkeep
|turn|4
|c|☆MRH1106|i will
|
|t:|1759021503
|switch|p1a: Catacombs|Tyranitar, F|100/100
|-weather|Sandstorm|[from] ability: Sand Stream|[of] p1a: Catacombs
|-end|p2a: Walking Wake|Protosynthesis
|move|p2a: Walking Wake|Weather Ball|p1a: Catacombs
|-damage|p1a: Catacombs|84/100
|
|-weather|Sandstorm|[upkeep]
|-damage|p2a: Walking Wake|94/100|[from] Sandstorm
|upkeep
|turn|5
|
|t:|1759021514
|move|p2a: Walking Wake|Flip Turn|p1a: Catacombs
|-supereffective|p1a: Catacombs
|-damage|p1a: Catacombs|58/100
|
|t:|1759021516
|-end|p2a: Walking Wake|Protosynthesis|[silent]
|switch|p2a: Great Tusk|Great Tusk|100/100|[from] Flip Turn
|move|p1a: Catacombs|Ice Beam|p2a: Great Tusk
|-supereffective|p2a: Great Tusk
|-damage|p2a: Great Tusk|62/100
|
|-weather|Sandstorm|[upkeep]
|upkeep
|turn|6
|
|t:|1759021529
|switch|p1a: Expanse|Pecharunt|100/100
|-item|p1a: Expanse|Air Balloon
|move|p2a: Great Tusk|Temper Flare|p1a: Expanse
|-damage|p1a: Expanse|87/100
|-enditem|p1a: Expanse|Air Balloon
|
|-weather|Sandstorm|[upkeep]
|-damage|p1a: Expanse|80/100|[from] Sandstorm
|upkeep
|turn|7
|
|t:|1759021537
|-end|p2a: Great Tusk|Protosynthesis|[silent]
|switch|p2a: Ninetales|Ninetales, F|100/100
|-weather|SunnyDay|[from] ability: Drought|[of] p2a: Ninetales
|switch|p1a: Yavimaya|Ogerpon-Wellspring, F|100/100
|
|-weather|SunnyDay|[upkeep]
|upkeep
|turn|8
|
|t:|1759021561
|switch|p2a: Walking Wake|Walking Wake|94/100
|-activate|p2a: Walking Wake|ability: Protosynthesis
|-start|p2a: Walking Wake|protosynthesisspe
|switch|p1a: Catacombs|Tyranitar, F|58/100
|-weather|Sandstorm|[from] ability: Sand Stream|[of] p1a: Catacombs
|-end|p2a: Walking Wake|Protosynthesis
|
|-weather|Sandstorm|[upkeep]
|-damage|p2a: Walking Wake|88/100|[from] Sandstorm
|upkeep
|turn|9
|inactive|leng loi has 270 seconds left.
|
|t:|1759021601
|switch|p1a: Expanse|Pecharunt|80/100
|move|p2a: Walking Wake|Weather Ball|p1a: Expanse
|-damage|p1a: Expanse|44/100
|
|-weather|Sandstorm|[upkeep]
|-damage|p2a: Walking Wake|82/100|[from] Sandstorm
|-damage|p1a: Expanse|38/100|[from] Sandstorm
|upkeep
|turn|10
|
|t:|1759021610
|switch|p1a: Yavimaya|Ogerpon-Wellspring, F|100/100
|move|p2a: Walking Wake|Weather Ball|p1a: Yavimaya
|-damage|p1a: Yavimaya|58/100
|
|-weather|Sandstorm|[upkeep]
|-damage|p2a: Walking Wake|76/100|[from] Sandstorm
|-damage|p1a: Yavimaya|52/100|[from] Sandstorm
|upkeep
|turn|11
|inactive|leng loi has 270 seconds left.
|
|t:|1759021617
|-end|p2a: Walking Wake|Protosynthesis|[silent]
|switch|p2a: Ceruledge|Ceruledge, F|100/100
|-terastallize|p1a: Yavimaya|Water
|detailschange|p1a: Yavimaya|Ogerpon-Wellspring-Tera, F, tera:Water
|-ability|p1a: Yavimaya|Embody Aspect (Wellspring)|boost
|-boost|p1a: Yavimaya|spd|1
|move|p1a: Yavimaya|Play Rough|p2a: Ceruledge
|-resisted|p2a: Ceruledge
|-damage|p2a: Ceruledge|77/100
|-ability|p2a: Ceruledge|Weak Armor|boost
|-unboost|p2a: Ceruledge|def|1
|-boost|p2a: Ceruledge|spe|2
|
|-weather|Sandstorm|[upkeep]
|-damage|p2a: Ceruledge|71/100|[from] Sandstorm
|-damage|p1a: Yavimaya|46/100|[from] Sandstorm
|upkeep
|turn|12
|
|t:|1759021625
|switch|p1a: Tarn|Zamazenta|100/100
|-ability|p1a: Tarn|Dauntless Shield|boost
|-boost|p1a: Tarn|def|1
|move|p2a: Ceruledge|Poltergeist|p1a: Tarn
|-activate|p1a: Tarn|move: Poltergeist|Leftovers
|-damage|p1a: Tarn|71/100
|
|-weather|Sandstorm|[upkeep]
|-damage|p2a: Ceruledge|65/100|[from] Sandstorm
|-damage|p1a: Tarn|64/100|[from] Sandstorm
|-heal|p1a: Tarn|71/100|[from] item: Leftovers
|upkeep
|turn|13
|
|t:|1759021629
|switch|p2a: Ninetales|Ninetales, F|100/100
|-weather|SunnyDay|[from] ability: Drought|[of] p2a: Ninetales
|move|p1a: Tarn|Iron Defense|p1a: Tarn
|-boost|p1a: Tarn|def|2
|
|-weather|SunnyDay|[upkeep]
|-heal|p1a: Tarn|77/100|[from] item: Leftovers
|upkeep
|turn|14
|
|t:|1759021633
|-terastallize|p2a: Ninetales|Ghost
|move|p1a: Tarn|Body Press|p2a: Ninetales
|-immune|p2a: Ninetales
|move|p2a: Ninetales|Encore|p1a: Tarn
|-start|p1a: Tarn|Encore
|
|-weather|SunnyDay|[upkeep]
|-heal|p1a: Tarn|83/100|[from] item: Leftovers
|upkeep
|turn|15
|
|t:|1759021646
|switch|p2a: Walking Wake|Walking Wake|76/100
|-activate|p2a: Walking Wake|ability: Protosynthesis
|-start|p2a: Walking Wake|protosynthesisspe
|move|p1a: Tarn|Body Press|p2a: Walking Wake
|-damage|p2a: Walking Wake|0 fnt
|faint|p2a: Walking Wake
|-end|p2a: Walking Wake|Protosynthesis|[silent]
|
|-weather|SunnyDay|[upkeep]
|-heal|p1a: Tarn|89/100|[from] item: Leftovers
|upkeep
|c|☆MRH1106|wow 
|c|☆MRH1106|really?
|
|t:|1759021653
|switch|p2a: Ceruledge|Ceruledge, F|65/100
|turn|16
|
|t:|1759021663
|switch|p1a: Catacombs|Tyranitar, F|58/100
|-weather|Sandstorm|[from] ability: Sand Stream|[of] p1a: Catacombs
|move|p2a: Ceruledge|Swords Dance|p2a: Ceruledge
|-boost|p2a: Ceruledge|atk|2
|
|-weather|Sandstorm|[upkeep]
|-damage|p2a: Ceruledge|59/100|[from] Sandstorm
|upkeep
|turn|17
|
|t:|1759021665
|switch|p1a: Expanse|Pecharunt|38/100
|move|p2a: Ceruledge|Bitter Blade|p1a: Expanse
|-damage|p1a: Expanse|0 fnt
|-heal|p2a: Ceruledge|80/100|[from] drain|[of] p1a: Expanse
|faint|p1a: Expanse
|
|-weather|Sandstorm|[upkeep]
|-damage|p2a: Ceruledge|74/100|[from] Sandstorm
|upkeep
|
|t:|1759021668
|switch|p1a: Passage|Excadrill, F|100/100
|turn|18
|
|t:|1759021672
|switch|p2a: Kingambit|Kingambit, M|100/100
|-activate|p2a: Kingambit|ability: Supreme Overlord
|-start|p2a: Kingambit|fallen1|[silent]
|-item|p2a: Kingambit|Air Balloon
|move|p1a: Passage|Earthquake|p2a: Kingambit
|-immune|p2a: Kingambit
|
|-weather|Sandstorm|[upkeep]
|upkeep
|turn|19
|
|t:|1759021679
|move|p1a: Passage|Rock Slide|p2a: Kingambit
|-resisted|p2a: Kingambit
|-damage|p2a: Kingambit|89/100
|-enditem|p2a: Kingambit|Air Balloon
|move|p2a: Kingambit|Low Kick|p1a: Passage
|-supereffective|p1a: Passage
|-damage|p1a: Passage|26/100
|
|-weather|Sandstorm|[upkeep]
|-heal|p1a: Passage|32/100|[from] item: Leftovers
|upkeep
|turn|20
|
|t:|1759021682
|move|p2a: Kingambit|Sucker Punch||[still]
|-fail|p2a: Kingambit
|move|p1a: Passage|Substitute|p1a: Passage
|-start|p1a: Passage|Substitute
|-damage|p1a: Passage|7/100
|
|-weather|Sandstorm|[upkeep]
|-heal|p1a: Passage|14/100|[from] item: Leftovers
|upkeep
|turn|21
|
|t:|1759021689
|-end|p2a: Kingambit|fallen1|[silent]
|switch|p2a: Great Tusk|Great Tusk|62/100
|move|p1a: Passage|Earthquake|p2a: Great Tusk
|-damage|p2a: Great Tusk|22/100
|
|-weather|Sandstorm|[upkeep]
|-heal|p1a: Passage|20/100|[from] item: Leftovers
|upkeep
|turn|22
|
|t:|1759021693
|move|p1a: Passage|Earthquake|p2a: Great Tusk
|-damage|p2a: Great Tusk|0 fnt
|faint|p2a: Great Tusk
|-end|p2a: Great Tusk|Protosynthesis|[silent]
|
|-weather|Sandstorm|[upkeep]
|-heal|p1a: Passage|26/100|[from] item: Leftovers
|upkeep
|
|t:|1759021698
|switch|p2a: Ceruledge|Ceruledge, F|74/100
|turn|23
|
|t:|1759021702
|move|p2a: Ceruledge|Shadow Sneak|p1a: Passage
|-end|p1a: Passage|Substitute
|move|p1a: Passage|Earthquake|p2a: Ceruledge
|-supereffective|p2a: Ceruledge
|-damage|p2a: Ceruledge|0 fnt
|faint|p2a: Ceruledge
|
|-weather|none
|-heal|p1a: Passage|32/100|[from] item: Leftovers
|upkeep
|
|t:|1759021709
|switch|p2a: Ninetales|Ninetales, F, tera:Ghost|100/100
|-weather|SunnyDay|[from] ability: Drought|[of] p2a: Ninetales
|turn|24
|
|t:|1759021714
|switch|p1a: Catacombs|Tyranitar, F|58/100
|-weather|Sandstorm|[from] ability: Sand Stream|[of] p1a: Catacombs
|move|p2a: Ninetales|Scorching Sands|p1a: Catacombs
|-supereffective|p1a: Catacombs
|-damage|p1a: Catacombs|43/100
|-status|p1a: Catacombs|brn
|
|-weather|Sandstorm|[upkeep]
|-damage|p2a: Ninetales|94/100|[from] Sandstorm
|-damage|p1a: Catacombs|37/100 brn|[from] brn
|upkeep
|turn|25
|
|t:|1759021726
|move|p2a: Ninetales|Scorching Sands|p1a: Catacombs
|-supereffective|p1a: Catacombs
|-damage|p1a: Catacombs|21/100 brn
|move|p1a: Catacombs|Knock Off|p2a: Ninetales
|-supereffective|p2a: Ninetales
|-damage|p2a: Ninetales|32/100
|-enditem|p2a: Ninetales|Heat Rock|[from] move: Knock Off|[of] p1a: Catacombs
|
|-weather|Sandstorm|[upkeep]
|-damage|p2a: Ninetales|26/100|[from] Sandstorm
|-damage|p1a: Catacombs|15/100 brn|[from] brn
|upkeep
|turn|26
|
|t:|1759021743
|switch|p2a: Kingambit|Kingambit, M|89/100
|-activate|p2a: Kingambit|ability: Supreme Overlord
|-start|p2a: Kingambit|fallen3|[silent]
|switch|p1a: Yavimaya|Ogerpon-Wellspring-Tera, F, tera:Water|46/100
|-ability|p1a: Yavimaya|Embody Aspect (Wellspring)|boost
|-boost|p1a: Yavimaya|spd|1
|
|-weather|Sandstorm|[upkeep]
|-damage|p1a: Yavimaya|40/100|[from] Sandstorm
|upkeep
|turn|27
|
|t:|1759021765
|move|p1a: Yavimaya|Ivy Cudgel|p2a: Kingambit|[anim] Ivy Cudgel Water
|-damage|p2a: Kingambit|17/100
|move|p2a: Kingambit|Low Kick|p1a: Yavimaya
|-damage|p1a: Yavimaya|3/100
|
|-weather|Sandstorm|[upkeep]
|-damage|p1a: Yavimaya|0 fnt|[from] Sandstorm
|faint|p1a: Yavimaya
|detailschange|p1: Yavimaya|Ogerpon-Wellspring, F|[silent]
|upkeep
|
|t:|1759021772
|switch|p1a: Tarn|Zamazenta|89/100
|turn|28
|
|t:|1759021782
|-end|p2a: Kingambit|fallen3|[silent]
|switch|p2a: Ninetales|Ninetales, F, tera:Ghost|26/100
|-weather|SunnyDay|[from] ability: Drought|[of] p2a: Ninetales
|move|p1a: Tarn|Crunch|p2a: Ninetales
|-supereffective|p2a: Ninetales
|-damage|p2a: Ninetales|0 fnt
|faint|p2a: Ninetales
|
|-weather|SunnyDay|[upkeep]
|-heal|p1a: Tarn|95/100|[from] item: Leftovers
|upkeep
|
|t:|1759021785
|switch|p2a: Raging Bolt|Raging Bolt|100/100
|-activate|p2a: Raging Bolt|ability: Protosynthesis
|-start|p2a: Raging Bolt|protosynthesisspa
|turn|29
|
|t:|1759021794
|switch|p1a: Catacombs|Tyranitar, F|15/100 brn
|-weather|Sandstorm|[from] ability: Sand Stream|[of] p1a: Catacombs
|-end|p2a: Raging Bolt|Protosynthesis
|move|p2a: Raging Bolt|Weather Ball|p1a: Catacombs
|-damage|p1a: Catacombs|0 fnt
|faint|p1a: Catacombs
|-damage|p2a: Raging Bolt|91/100|[from] item: Life Orb
|
|-weather|Sandstorm|[upkeep]
|-damage|p2a: Raging Bolt|84/100|[from] Sandstorm
|upkeep
|c|☆MRH1106|ggs
|
|t:|1759021800
|switch|p1a: Passage|Excadrill, F|32/100
|turn|30
|c|+glass shadows|Mr poop
|
|t:|1759021803
|-end|p2a: Raging Bolt|Protosynthesis|[silent]
|switch|p2a: Kingambit|Kingambit, M|17/100
|-activate|p2a: Kingambit|ability: Supreme Overlord
|-start|p2a: Kingambit|fallen4|[silent]
|move|p1a: Passage|Earthquake|p2a: Kingambit
|-supereffective|p2a: Kingambit
|-damage|p2a: Kingambit|0 fnt
|faint|p2a: Kingambit
|-end|p2a: Kingambit|fallen4|[silent]
|
|-weather|Sandstorm|[upkeep]
|-heal|p1a: Passage|38/100|[from] item: Leftovers
|upkeep
|
|t:|1759021805
|switch|p2a: Raging Bolt|Raging Bolt|84/100
|turn|31
|
|t:|1759021808
|move|p1a: Passage|Earthquake|p2a: Raging Bolt
|-supereffective|p2a: Raging Bolt
|-damage|p2a: Raging Bolt|0 fnt
|faint|p2a: Raging Bolt
|-end|p2a: Raging Bolt|Protosynthesis|[silent]
|
|win|leng loi
|player|p1|
