|j|☆Grimsley961116
|j|☆monkeyzooland
|t:|1758987151
|gametype|singles
|player|p1|Grimsley961116|grimsley|1323
|player|p2|monkeyzooland|169|1396
|gen|9
|tier|[Gen 9] OU
|rated|
|rule|HP Percentage Mod: HP is shown in percentages
|rule|Endless Battle Clause: Forcing endless battles is banned
|rule|Species Clause: Limit one of each Pokémon
|rule|OHKO Clause: OHKO moves are banned
|rule|Evasion Items Clause: Evasion items are banned
|rule|Evasion Moves Clause: Evasion moves are banned
|rule|Evasion Abilities Clause: Evasion abilities are banned
|rule|Sleep Moves Clause: Sleep-inducing moves are banned
|clearpoke
|poke|p1|Rotom-Wash|
|poke|p1|Torkoal, M|
|poke|p1|Garganacl, F|
|poke|p1|Arboliva, F|
|poke|p1|Ceruledge, F|
|poke|p1|Dragonite, M|
|poke|p2|Ogerpon-Wellspring, F|
|poke|p2|Weezing-Galar, M|
|poke|p2|Garganacl, F|
|poke|p2|Iron Valiant|
|poke|p2|Gliscor, M|
|poke|p2|Alomomola, F|
|teampreview
|inactive|Battle timer is ON: inactive players will automatically lose when time's up. (requested by Grimsley961116)
|
|t:|1758987171
|teamsize|p1|6
|teamsize|p2|6
|start
|switch|p1a: Rotom|Rotom-Wash|100/100
|switch|p2a: Garganacl|Garganacl, F|100/100
|turn|1
|
|t:|1758987176
|move|p1a: Rotom|Trick|p2a: Garganacl
|-activate|p1a: Rotom|move: Trick|[of] p2a: Garganacl
|-item|p2a: Garganacl|Choice Scarf|[from] move: Trick
|-item|p1a: Rotom|Leftovers|[from] move: Trick
|move|p2a: Garganacl|Salt Cure|p1a: Rotom
|-damage|p1a: Rotom|81/100
|-start|p1a: Rotom|Salt Cure
|
|-heal|p1a: Rotom|88/100|[from] item: Leftovers
|-damage|p1a: Rotom|63/100|[from] Salt Cure
|upkeep
|turn|2
|
|t:|1758987186
|switch|p2a: Ogerpon|Ogerpon-Wellspring, F|100/100
|move|p1a: Rotom|Hydro Pump|p2a: Ogerpon
|-immune|p2a: Ogerpon|[from] ability: Water Absorb
|
|-heal|p1a: Rotom|69/100|[from] item: Leftovers
|-damage|p1a: Rotom|44/100|[from] Salt Cure
|upkeep
|turn|3
|
|t:|1758987194
|switch|p1a: Ceruledge|Ceruledge, F, shiny|100/100
|move|p2a: Ogerpon|Swords Dance|p2a: Ogerpon
|-boost|p2a: Ogerpon|atk|2
|
|upkeep
|turn|4
|
|t:|1758987208
|switch|p2a: Weezing|Weezing-Galar, M|100/100
|-ability|p2a: Weezing|Neutralizing Gas
|move|p1a: Ceruledge|Bitter Blade|p2a: Weezing
|-damage|p2a: Weezing|68/100
|
|upkeep
|turn|5
|
|t:|1758987215
|move|p1a: Ceruledge|Swords Dance|p1a: Ceruledge
|-boost|p1a: Ceruledge|atk|2
|move|p2a: Weezing|Toxic|p1a: Ceruledge
|-status|p1a: Ceruledge|tox
|
|-damage|p1a: Ceruledge|94/100 tox|[from] psn
|upkeep
|turn|6
|
|t:|1758987222
|-end|p2a: Weezing|ability: Neutralizing Gas
|switch|p2a: Alomomola|Alomomola, F|100/100
|move|p1a: Ceruledge|Swords Dance|p1a: Ceruledge
|-boost|p1a: Ceruledge|atk|2
|
|-damage|p1a: Ceruledge|82/100 tox|[from] psn
|upkeep
|turn|7
|
|t:|1758987228
|move|p1a: Ceruledge|Bitter Blade|p2a: Alomomola
|-resisted|p2a: Alomomola
|-damage|p2a: Alomomola|50/100
|-heal|p1a: Ceruledge|100/100 tox|[from] drain|[of] p2a: Alomomola
|-damage|p1a: Ceruledge|84/100 tox|[from] item: Rocky Helmet|[of] p2a: Alomomola
|move|p2a: Alomomola|Wish|p2a: Alomomola
|
|-damage|p1a: Ceruledge|66/100 tox|[from] psn
|upkeep
|turn|8
|
|t:|1758987237
|move|p2a: Alomomola|Protect|p2a: Alomomola
|-singleturn|p2a: Alomomola|Protect
|move|p1a: Ceruledge|Bitter Blade|p2a: Alomomola
|-activate|p2a: Alomomola|move: Protect
|
|-heal|p2a: Alomomola|99/100|[from] move: Wish|[wisher] Alomomola
|-damage|p1a: Ceruledge|41/100 tox|[from] psn
|upkeep
|turn|9
|
|t:|1758987251
|move|p1a: Ceruledge|Bitter Blade|p2a: Alomomola
|-resisted|p2a: Alomomola
|-damage|p2a: Alomomola|51/100
|-heal|p1a: Ceruledge|80/100 tox|[from] drain|[of] p2a: Alomomola
|-damage|p1a: Ceruledge|64/100 tox|[from] item: Rocky Helmet|[of] p2a: Alomomola
|move|p2a: Alomomola|Wish|p2a: Alomomola
|
|-damage|p1a: Ceruledge|33/100 tox|[from] psn
|upkeep
|turn|10
|
|t:|1758987261
|switch|p1a: Garganacl|Garganacl, F|100/100
|move|p2a: Alomomola|Protect||[still]
|-fail|p2a: Alomomola
|
|-heal|p2a: Alomomola|100/100|[from] move: Wish|[wisher] Alomomola
|upkeep
|turn|11
|
|t:|1758987269
|move|p2a: Alomomola|Flip Turn|p1a: Garganacl
|-supereffective|p1a: Garganacl
|-damage|p1a: Garganacl|82/100
|
|t:|1758987276
|switch|p2a: Weezing|Weezing-Galar, M|68/100|[from] Flip Turn
|-ability|p2a: Weezing|Neutralizing Gas
|move|p1a: Garganacl|Salt Cure|p2a: Weezing
|-damage|p2a: Weezing|59/100
|-start|p2a: Weezing|Salt Cure
|
|-heal|p1a: Garganacl|88/100|[from] item: Leftovers
|-damage|p2a: Weezing|47/100|[from] Salt Cure
|upkeep
|turn|12
|
|t:|1758987282
|switch|p1a: Ceruledge|Ceruledge, F, shiny|33/100 tox
|move|p2a: Weezing|Toxic|p1a: Ceruledge
|-fail|p1a: Ceruledge|tox
|
|-damage|p1a: Ceruledge|27/100 tox|[from] psn
|-damage|p2a: Weezing|35/100|[from] Salt Cure
|upkeep
|turn|13
|
|t:|1758987285
|-end|p2a: Weezing|ability: Neutralizing Gas
|switch|p2a: Gliscor|Gliscor, M|100/100
|move|p1a: Ceruledge|Destiny Bond|p1a: Ceruledge
|-singlemove|p1a: Ceruledge|Destiny Bond
|
|-damage|p1a: Ceruledge|15/100 tox|[from] psn
|-status|p2a: Gliscor|tox|[from] item: Toxic Orb
|upkeep
|turn|14
|
|t:|1758987291
|move|p1a: Ceruledge|Bitter Blade|p2a: Gliscor
|-damage|p2a: Gliscor|68/100 tox
|-heal|p1a: Ceruledge|34/100 tox|[from] drain|[of] p2a: Gliscor
|move|p2a: Gliscor|Spikes|p1a: Ceruledge
|-sidestart|p1: Grimsley961116|Spikes
|
|-damage|p1a: Ceruledge|16/100 tox|[from] psn
|-heal|p2a: Gliscor|81/100 tox|[from] ability: Poison Heal
|upkeep
|turn|15
|
|t:|1758987302
|switch|p1a: Rotom|Rotom-Wash|44/100
|move|p2a: Gliscor|Spikes|p1a: Rotom
|-sidestart|p1: Grimsley961116|Spikes
|
|-heal|p1a: Rotom|50/100|[from] item: Leftovers
|-heal|p2a: Gliscor|93/100 tox|[from] ability: Poison Heal
|upkeep
|turn|16
|
|t:|1758987305
|switch|p2a: Ogerpon|Ogerpon-Wellspring, F|100/100
|move|p1a: Rotom|Hydro Pump|p2a: Ogerpon
|-immune|p2a: Ogerpon|[from] ability: Water Absorb
|
|-heal|p1a: Rotom|57/100|[from] item: Leftovers
|upkeep
|turn|17
|
|t:|1758987316
|move|p2a: Ogerpon|Swords Dance|p2a: Ogerpon
|-boost|p2a: Ogerpon|atk|2
|move|p1a: Rotom|Volt Switch|p2a: Ogerpon
|-damage|p2a: Ogerpon|59/100
|
|t:|1758987318
|switch|p1a: Dragonite|Dragonite, M, shiny|100/100|[from] Volt Switch
|
|upkeep
|turn|18
|
|t:|1758987337
|switch|p2a: Garganacl|Garganacl, F|100/100
|move|p1a: Dragonite|Dragon Dance|p1a: Dragonite
|-boost|p1a: Dragonite|atk|1
|-boost|p1a: Dragonite|spe|1
|
|upkeep
|turn|19
|
|t:|1758987342
|move|p1a: Dragonite|Dragon Dance|p1a: Dragonite
|-boost|p1a: Dragonite|atk|1
|-boost|p1a: Dragonite|spe|1
|move|p2a: Garganacl|Salt Cure|p1a: Dragonite
|-supereffective|p1a: Dragonite
|-damage|p1a: Dragonite|86/100
|-start|p1a: Dragonite|Salt Cure
|-enditem|p1a: Dragonite|Weakness Policy
|-boost|p1a: Dragonite|atk|2|[from] item: Weakness Policy
|-boost|p1a: Dragonite|spa|2|[from] item: Weakness Policy
|
|-damage|p1a: Dragonite|73/100|[from] Salt Cure
|upkeep
|turn|20
|
|t:|1758987352
|switch|p2a: Gliscor|Gliscor, M|93/100 tox
|move|p1a: Dragonite|Dragon Claw|p2a: Gliscor
|-damage|p2a: Gliscor|9/100 tox
|
|-heal|p2a: Gliscor|21/100 tox|[from] ability: Poison Heal
|-damage|p1a: Dragonite|61/100|[from] Salt Cure
|upkeep
|turn|21
|
|t:|1758987359
|move|p2a: Gliscor|Protect|p2a: Gliscor
|-singleturn|p2a: Gliscor|Protect
|move|p1a: Dragonite|Dragon Claw|p2a: Gliscor
|-activate|p2a: Gliscor|move: Protect
|
|-heal|p2a: Gliscor|34/100 tox|[from] ability: Poison Heal
|-damage|p1a: Dragonite|49/100|[from] Salt Cure
|upkeep
|turn|22
|
|t:|1758987364
|switch|p2a: Alomomola|Alomomola, F|100/100
|move|p1a: Dragonite|Dragon Claw|p2a: Alomomola
|-damage|p2a: Alomomola|6/100
|-damage|p1a: Dragonite|32/100|[from] item: Rocky Helmet|[of] p2a: Alomomola
|
|-damage|p1a: Dragonite|20/100|[from] Salt Cure
|upkeep
|turn|23
|
|t:|1758987377
|move|p2a: Alomomola|Protect|p2a: Alomomola
|-singleturn|p2a: Alomomola|Protect
|move|p1a: Dragonite|Extreme Speed|p2a: Alomomola
|-activate|p2a: Alomomola|move: Protect
|
|-damage|p1a: Dragonite|7/100|[from] Salt Cure
|upkeep
|turn|24
|
|t:|1758987397
|switch|p2a: Gliscor|Gliscor, M|34/100 tox
|move|p1a: Dragonite|Earthquake|p2a: Gliscor
|-immune|p2a: Gliscor
|
|-heal|p2a: Gliscor|46/100 tox|[from] ability: Poison Heal
|-damage|p1a: Dragonite|0 fnt|[from] Salt Cure
|faint|p1a: Dragonite
|upkeep
|
|t:|1758987404
|switch|p1a: Rotom|Rotom-Wash|57/100
|turn|25
|
|t:|1758987407
|move|p2a: Gliscor|Protect|p2a: Gliscor
|-singleturn|p2a: Gliscor|Protect
|move|p1a: Rotom|Hydro Pump|p2a: Gliscor
|-activate|p2a: Gliscor|move: Protect
|
|-heal|p1a: Rotom|63/100|[from] item: Leftovers
|-heal|p2a: Gliscor|59/100 tox|[from] ability: Poison Heal
|upkeep
|turn|26
|
|t:|1758987414
|switch|p2a: Garganacl|Garganacl, F|100/100
|move|p1a: Rotom|Hydro Pump|p2a: Garganacl|[miss]
|-miss|p1a: Rotom|p2a: Garganacl
|
|-heal|p1a: Rotom|69/100|[from] item: Leftovers
|upkeep
|turn|27
|
|t:|1758987419
|move|p1a: Rotom|Hydro Pump|p2a: Garganacl
|-supereffective|p2a: Garganacl
|-damage|p2a: Garganacl|24/100
|move|p2a: Garganacl|Stealth Rock|p1a: Rotom
|-sidestart|p1: Grimsley961116|move: Stealth Rock
|
|-heal|p1a: Rotom|75/100|[from] item: Leftovers
|upkeep
|turn|28
|
|t:|1758987424
|switch|p2a: Ogerpon|Ogerpon-Wellspring, F|59/100
|move|p1a: Rotom|Volt Switch|p2a: Ogerpon
|-damage|p2a: Ogerpon|14/100
|
|t:|1758987425
|switch|p1a: Torkoal|Torkoal, M|100/100|[from] Volt Switch
|
|upkeep
|turn|29
|
|t:|1758987440
|-terastallize|p2a: Ogerpon|Water
|detailschange|p2a: Ogerpon|Ogerpon-Wellspring-Tera, F, tera:Water
|-ability|p2a: Ogerpon|Embody Aspect (Wellspring)|boost
|-boost|p2a: Ogerpon|spd|1
|move|p2a: Ogerpon|Ivy Cudgel|p1a: Torkoal|[anim] Ivy Cudgel Water
|-supereffective|p1a: Torkoal
|-damage|p1a: Torkoal|2/100
|move|p1a: Torkoal|Rapid Spin|p2a: Ogerpon
|-damage|p2a: Ogerpon|1/100
|-boost|p1a: Torkoal|spe|1
|-sideend|p1: Grimsley961116|Spikes|[from] move: Rapid Spin|[of] p1a: Torkoal
|-sideend|p1: Grimsley961116|Stealth Rock|[from] move: Rapid Spin|[of] p1a: Torkoal
|
|upkeep
|turn|30
|
|t:|1758987451
|move|p2a: Ogerpon|Trailblaze|p1a: Torkoal
|-resisted|p1a: Torkoal
|-damage|p1a: Torkoal|0 fnt
|-boost|p2a: Ogerpon|spe|1
|faint|p1a: Torkoal
|
|upkeep
|
|t:|1758987454
|switch|p1a: Ceruledge|Ceruledge, F, shiny|16/100 tox
|turn|31
|
|t:|1758987463
|switch|p2a: Alomomola|Alomomola, F|40/100
|move|p1a: Ceruledge|Shadow Sneak|p2a: Alomomola
|-damage|p2a: Alomomola|25/100
|-damage|p1a: Ceruledge|0 fnt|[from] item: Rocky Helmet|[of] p2a: Alomomola
|faint|p1a: Ceruledge
|
|upkeep
|
|t:|1758987466
|switch|p1a: Arboliva|Arboliva, F|100/100
|turn|32
|
|t:|1758987475
|move|p2a: Alomomola|Flip Turn|p1a: Arboliva
|-resisted|p1a: Arboliva
|-damage|p1a: Arboliva|93/100
|-fieldstart|move: Grassy Terrain|[from] ability: Seed Sower|[of] p1a: Arboliva
|
|t:|1758987481
|switch|p2a: Weezing|Weezing-Galar, M|35/100|[from] Flip Turn
|-ability|p2a: Weezing|Neutralizing Gas
|move|p1a: Arboliva|Giga Drain|p2a: Weezing
|-resisted|p2a: Weezing
|-damage|p2a: Weezing|0 fnt
|-heal|p1a: Arboliva|100/100|[from] drain|[of] p2a: Weezing
|faint|p2a: Weezing
|-end|p2a: Weezing|ability: Neutralizing Gas
|
|upkeep
|
|t:|1758987501
|switch|p2a: Garganacl|Garganacl, F|24/100
|turn|33
|
|t:|1758987506
|move|p2a: Garganacl|Salt Cure|p1a: Arboliva
|-damage|p1a: Arboliva|88/100
|-start|p1a: Arboliva|Salt Cure
|move|p1a: Arboliva|Giga Drain|p2a: Garganacl
|-supereffective|p2a: Garganacl
|-damage|p2a: Garganacl|0 fnt
|-heal|p1a: Arboliva|100/100|[from] drain|[of] p2a: Garganacl
|faint|p2a: Garganacl
|
|-damage|p1a: Arboliva|88/100|[from] Salt Cure
|upkeep
|
|t:|1758987517
|switch|p2a: Iron Valiant|Iron Valiant|100/100
|turn|34
|
|t:|1758987524
|-terastallize|p1a: Arboliva|Ghost
|move|p2a: Iron Valiant|Moonblast|p1a: Arboliva
|-damage|p1a: Arboliva|45/100
|move|p1a: Arboliva|Alluring Voice|p2a: Iron Valiant
|-supereffective|p2a: Iron Valiant
|-damage|p2a: Iron Valiant|2/100
|
|-heal|p2a: Iron Valiant|8/100|[from] Grassy Terrain
|-heal|p1a: Arboliva|52/100|[from] Grassy Terrain
|-damage|p1a: Arboliva|39/100|[from] Salt Cure
|upkeep
|turn|35
|
|t:|1758987534
|switch|p1a: Garganacl|Garganacl, F|88/100
|move|p2a: Iron Valiant|Moonblast|p1a: Garganacl
|-damage|p1a: Garganacl|35/100
|
|-heal|p2a: Iron Valiant|15/100|[from] Grassy Terrain
|-heal|p1a: Garganacl|41/100|[from] Grassy Terrain
|-heal|p1a: Garganacl|47/100|[from] item: Leftovers
|upkeep
|turn|36
|
|t:|1758987543
|move|p2a: Iron Valiant|Moonblast|p1a: Garganacl
|-damage|p1a: Garganacl|0 fnt
|faint|p1a: Garganacl
|
|-heal|p2a: Iron Valiant|21/100|[from] Grassy Terrain
|-fieldend|move: Grassy Terrain
|upkeep
|
|t:|1758987544
|switch|p1a: Rotom|Rotom-Wash|75/100
|turn|37
|
|t:|1758987550
|move|p2a: Iron Valiant|Moonblast|p1a: Rotom
|-damage|p1a: Rotom|0 fnt
|faint|p1a: Rotom
|
|upkeep
|
|t:|1758987553
|switch|p1a: Arboliva|Arboliva, F, tera:Ghost|39/100
|turn|38
|
|t:|1758987555
|move|p2a: Iron Valiant|Moonblast|p1a: Arboliva
|-damage|p1a: Arboliva|0 fnt
|-fieldstart|move: Grassy Terrain|[from] ability: Seed Sower|[of] p1a: Arboliva
|faint|p1a: Arboliva
|
|win|monkeyzooland
|raw|Grimsley961116's rating: 1323 &rarr; <strong>1307</strong><br />(-16 for losing)
|raw|monkeyzooland's rating: 1396 &rarr; <strong>1412</strong><br />(+16 for winning)
|l|☆Grimsley961116
|player|p1|
|l|☆monkeyzooland
|player|p2|
