|j|☆Naz-sama
|j|☆mysunshine
|t:|1759035496
|gametype|singles
|player|p1|Naz-sama|lady|1547
|player|p2|mysunshine|waitress|1462
|gen|9
|tier|[Gen 9] OU
|rated|
|rule|HP Percentage Mod: HP is shown in percentages
|rule|Endless Battle Clause: Forcing endless battles is banned
|rule|Species Clause: Limit one of each Pokémon
|rule|OHKO Clause: OHKO moves are banned
|rule|Evasion Items Clause: Evasion items are banned
|rule|Evasion Moves Clause: Evasion moves are banned
|rule|Evasion Abilities Clause: Evasion abilities are banned
|rule|Sleep Moves Clause: Sleep-inducing moves are banned
|clearpoke
|poke|p1|Pelipper, F|
|poke|p1|Iron Treads|
|poke|p1|Hatterene, F|
|poke|p1|Toxicroak, M|
|poke|p1|Barraskewda, M|
|poke|p1|Talonflame, F|
|poke|p2|Dragapult, F|
|poke|p2|Slowking-Galar, F|
|poke|p2|Moltres|
|poke|p2|Iron Treads|
|poke|p2|Gliscor, F|
|poke|p2|Ogerpon-Wellspring, F|
|teampreview
|inactive|Battle timer is ON: inactive players will automatically lose when time's up. (requested by mysunshine)
|inactive|Naz-sama also wants the timer to be on.
|
|t:|1759035505
|teamsize|p1|6
|teamsize|p2|6
|start
|switch|p1a: Toxicroak|Toxicroak, M|100/100
|switch|p2a: Dragapult|Dragapult, F, shiny|100/100
|turn|1
|
|t:|1759035518
|switch|p1a: Hatterene|Hatterene, F|100/100
|move|p2a: Dragapult|Draco Meteor|p1a: Hatterene
|-immune|p1a: Hatterene
|
|upkeep
|turn|2
|
|t:|1759035534
|switch|p2a: Slowking|Slowking-Galar, F|100/100
|move|p1a: Hatterene|Psychic Noise|p2a: Slowking
|-damage|p2a: Slowking|72/100
|-start|p2a: Slowking|move: Heal Block
|
|upkeep
|turn|3
|
|t:|1759035545
|move|p1a: Hatterene|Nuzzle|p2a: Slowking
|-damage|p2a: Slowking|69/100
|-status|p2a: Slowking|par
|move|p2a: Slowking|Acid Spray|p1a: Hatterene
|-supereffective|p1a: Hatterene
|-damage|p1a: Hatterene|68/100
|-unboost|p1a: Hatterene|spd|2
|-enditem|p1a: Hatterene|Eject Button
|
|t:|1759035553
|switch|p1a: Pelipper|Pelipper, F|100/100
|-weather|RainDance|[from] ability: Drizzle|[of] p1a: Pelipper
|
|-weather|RainDance|[upkeep]
|-end|p2a: Slowking|move: Heal Block
|upkeep
|turn|4
|
|t:|1759035560
|move|p1a: Pelipper|U-turn|p2a: Slowking
|-damage|p2a: Slowking|62/100 par
|
|t:|1759035564
|switch|p1a: Iron Treads|Iron Treads|100/100|[from] U-turn
|cant|p2a: Slowking|par
|
|-weather|RainDance|[upkeep]
|-heal|p2a: Slowking|68/100 par|[from] item: Black Sludge
|upkeep
|turn|5
|
|t:|1759035576
|switch|p2a: Gliscor|Gliscor, F, shiny|100/100
|move|p1a: Iron Treads|Stealth Rock|p2a: Gliscor
|-sidestart|p2: mysunshine|move: Stealth Rock
|
|-weather|RainDance|[upkeep]
|-status|p2a: Gliscor|tox|[from] item: Toxic Orb
|upkeep
|turn|6
|
|t:|1759035588
|-end|p1a: Iron Treads|Quark Drive|[silent]
|switch|p1a: Pelipper|Pelipper, F|100/100
|move|p2a: Gliscor|Stealth Rock|p1a: Pelipper
|-sidestart|p1: Naz-sama|move: Stealth Rock
|
|-weather|RainDance|[upkeep]
|upkeep
|turn|7
|
|t:|1759035593
|move|p2a: Gliscor|U-turn|p1a: Pelipper
|-resisted|p1a: Pelipper
|-damage|p1a: Pelipper|93/100
|
|t:|1759035610
|switch|p2a: Iron Treads|Iron Treads|100/100|[from] U-turn
|move|p1a: Pelipper|Surf|p2a: Iron Treads
|-supereffective|p2a: Iron Treads
|-damage|p2a: Iron Treads|0 fnt
|faint|p2a: Iron Treads
|-end|p2a: Iron Treads|Quark Drive|[silent]
|
|-weather|RainDance|[upkeep]
|upkeep
|
|t:|1759035619
|switch|p2a: Slowking|Slowking-Galar, F|100/100 par
|-damage|p2a: Slowking|88/100 par|[from] Stealth Rock
|turn|8
|
|t:|1759035632
|move|p1a: Pelipper|U-turn|p2a: Slowking
|-damage|p2a: Slowking|81/100 par
|
|t:|1759035635
|switch|p1a: Iron Treads|Iron Treads|100/100|[from] U-turn
|-damage|p1a: Iron Treads|97/100|[from] Stealth Rock
|move|p2a: Slowking|Psychic Noise|p1a: Iron Treads
|-resisted|p1a: Iron Treads
|-damage|p1a: Iron Treads|85/100
|-start|p1a: Iron Treads|move: Heal Block
|
|-weather|RainDance|[upkeep]
|-heal|p2a: Slowking|87/100 par|[from] item: Black Sludge
|upkeep
|turn|9
|
|t:|1759035646
|switch|p2a: Ogerpon|Ogerpon-Wellspring, F|100/100
|-damage|p2a: Ogerpon|88/100|[from] Stealth Rock
|move|p1a: Iron Treads|Earthquake|p2a: Ogerpon
|-resisted|p2a: Ogerpon
|-damage|p2a: Ogerpon|65/100
|
|-weather|RainDance|[upkeep]
|-end|p1a: Iron Treads|move: Heal Block
|upkeep
|turn|10
|
|t:|1759035666
|-end|p1a: Iron Treads|Quark Drive|[silent]
|switch|p1a: Toxicroak|Toxicroak, M|100/100
|-damage|p1a: Toxicroak|94/100|[from] Stealth Rock
|move|p2a: Ogerpon|Horn Leech|p1a: Toxicroak
|-resisted|p1a: Toxicroak
|-damage|p1a: Toxicroak|76/100
|-heal|p2a: Ogerpon|77/100|[from] drain|[of] p1a: Toxicroak
|-damage|p2a: Ogerpon|60/100|[from] item: Rocky Helmet|[of] p1a: Toxicroak
|
|-weather|none
|upkeep
|turn|11
|
|t:|1759035681
|switch|p2a: Moltres|Moltres|100/100
|move|p1a: Toxicroak|Knock Off|p2a: Moltres
|-damage|p2a: Moltres|83/100
|-enditem|p2a: Moltres|Heavy-Duty Boots|[from] move: Knock Off|[of] p1a: Toxicroak
|
|upkeep
|turn|12
|
|t:|1759035693
|switch|p1a: Hatterene|Hatterene, F|68/100
|-damage|p1a: Hatterene|56/100|[from] Stealth Rock
|move|p2a: Moltres|Flamethrower|p1a: Hatterene
|-damage|p1a: Hatterene|18/100
|
|upkeep
|turn|13
|
|t:|1759035715
|move|p2a: Moltres|Flamethrower|p1a: Hatterene
|-damage|p1a: Hatterene|0 fnt
|faint|p1a: Hatterene
|
|upkeep
|
|t:|1759035720
|switch|p1a: Pelipper|Pelipper, F|93/100
|-damage|p1a: Pelipper|69/100|[from] Stealth Rock
|-weather|RainDance|[from] ability: Drizzle|[of] p1a: Pelipper
|turn|14
|
|t:|1759035728
|move|p2a: Moltres|U-turn|p1a: Pelipper
|-resisted|p1a: Pelipper
|-damage|p1a: Pelipper|62/100
|
|t:|1759035730
|switch|p2a: Ogerpon|Ogerpon-Wellspring, F|60/100|[from] U-turn
|-damage|p2a: Ogerpon|48/100|[from] Stealth Rock
|move|p1a: Pelipper|Hurricane|p2a: Ogerpon
|-supereffective|p2a: Ogerpon
|-damage|p2a: Ogerpon|0 fnt
|faint|p2a: Ogerpon
|
|-weather|RainDance|[upkeep]
|upkeep
|
|t:|1759035735
|switch|p2a: Dragapult|Dragapult, F, shiny|100/100
|-damage|p2a: Dragapult|88/100|[from] Stealth Rock
|turn|15
|
|t:|1759035745
|switch|p1a: Iron Treads|Iron Treads|85/100
|-damage|p1a: Iron Treads|82/100|[from] Stealth Rock
|move|p2a: Dragapult|Shadow Ball|p1a: Iron Treads
|-damage|p1a: Iron Treads|40/100
|
|-weather|RainDance|[upkeep]
|-heal|p1a: Iron Treads|46/100|[from] item: Leftovers
|upkeep
|turn|16
|inactive|mysunshine has 120 seconds left.
|inactive|mysunshine has 90 seconds left.
|
|t:|1759035830
|-end|p1a: Iron Treads|Quark Drive|[silent]
|switch|p1a: Toxicroak|Toxicroak, M|76/100
|-damage|p1a: Toxicroak|70/100|[from] Stealth Rock
|move|p2a: Dragapult|Shadow Ball|p1a: Toxicroak
|-damage|p1a: Toxicroak|3/100
|
|-weather|RainDance|[upkeep]
|-heal|p1a: Toxicroak|16/100|[from] ability: Dry Skin
|upkeep
|turn|17
|
|t:|1759035838
|move|p2a: Dragapult|Shadow Ball|p1a: Toxicroak
|-damage|p1a: Toxicroak|0 fnt
|faint|p1a: Toxicroak
|
|-weather|RainDance|[upkeep]
|upkeep
|
|t:|1759035847
|switch|p1a: Barraskewda|Barraskewda, M|100/100
|-damage|p1a: Barraskewda|88/100|[from] Stealth Rock
|turn|18
|
|t:|1759035851
|switch|p2a: Moltres|Moltres|83/100
|-damage|p2a: Moltres|33/100|[from] Stealth Rock
|-terastallize|p1a: Barraskewda|Water
|move|p1a: Barraskewda|Liquidation|p2a: Moltres
|-supereffective|p2a: Moltres
|-damage|p2a: Moltres|0 fnt
|faint|p2a: Moltres
|
|-weather|RainDance|[upkeep]
|upkeep
|inactive|mysunshine has 90 seconds left.
|
|t:|1759035862
|switch|p2a: Gliscor|Gliscor, F, shiny|100/100 tox
|-damage|p2a: Gliscor|88/100 tox|[from] Stealth Rock
|turn|19
|
|t:|1759035865
|-terastallize|p2a: Gliscor|Steel
|move|p1a: Barraskewda|Liquidation|p2a: Gliscor
|-damage|p2a: Gliscor|0 fnt
|faint|p2a: Gliscor
|
|-weather|RainDance|[upkeep]
|upkeep
|
|t:|1759035871
|switch|p2a: Slowking|Slowking-Galar, F|100/100 par
|-damage|p2a: Slowking|88/100 par|[from] Stealth Rock
|turn|20
|
|t:|1759035883
|move|p1a: Barraskewda|Liquidation|p2a: Slowking
|-damage|p2a: Slowking|0 fnt
|faint|p2a: Slowking
|
|-weather|RainDance|[upkeep]
|upkeep
|
|t:|1759035886
|switch|p2a: Dragapult|Dragapult, F, shiny|88/100
|-damage|p2a: Dragapult|76/100|[from] Stealth Rock
|turn|21
|
|t:|1759035888
|move|p1a: Barraskewda|Liquidation|p2a: Dragapult
|-resisted|p2a: Dragapult
|-damage|p2a: Dragapult|0 fnt
|faint|p2a: Dragapult
|
|win|Naz-sama
|raw|Naz-sama's rating: 1547 &rarr; <strong>1562</strong><br />(+15 for winning)
|raw|mysunshine's rating: 1462 &rarr; <strong>1447</strong><br />(-15 for losing)
|l|☆mysunshine
|player|p2|
|l|☆Naz-sama
|player|p1|
