|j|☆WeStanCacnea
|j|☆YungWiiconnect24
|t:|1759021164
|gametype|singles
|player|p1|WeStanCacnea|ethan|1146
|player|p2|YungWiiconnect24|lusamine-nihilego|1120
|gen|9
|tier|[Gen 9] OU
|rated|
|rule|HP Percentage Mod: HP is shown in percentages
|rule|Endless Battle Clause: Forcing endless battles is banned
|rule|Species Clause: Limit one of each Pokémon
|rule|OHKO Clause: OHKO moves are banned
|rule|Evasion Items Clause: Evasion items are banned
|rule|Evasion Moves Clause: Evasion moves are banned
|rule|Evasion Abilities Clause: Evasion abilities are banned
|rule|Sleep Moves Clause: Sleep-inducing moves are banned
|clearpoke
|poke|p1|Quaquaval, M|
|poke|p1|Kyurem|
|poke|p1|Garganacl, M|
|poke|p1|Iron Moth|
|poke|p1|Galvantula, F|
|poke|p1|Ogerpon-Wellspring, F|
|poke|p2|Deoxys-Defense|
|poke|p2|Riolu, M|
|poke|p2|Forretress, M|
|poke|p2|Galvantula, M|
|poke|p2|Ditto|
|poke|p2|Revavroom, F|
|teampreview
|
|t:|1759021177
|teamsize|p1|6
|teamsize|p2|6
|start
|switch|p1a: Ogerpon|Ogerpon-Wellspring, F|100/100
|switch|p2a: SSJ Revavroom|Revavroom, F, shiny|100/100
|turn|1
|
|t:|1759021183
|move|p1a: Ogerpon|Knock Off|p2a: SSJ Revavroom
|-damage|p2a: SSJ Revavroom|54/100
|-enditem|p2a: SSJ Revavroom|Focus Sash|[from] move: Knock Off|[of] p1a: Ogerpon
|move|p2a: SSJ Revavroom|Shift Gear|p2a: SSJ Revavroom
|-boost|p2a: SSJ Revavroom|spe|2
|-boost|p2a: SSJ Revavroom|atk|1
|
|upkeep
|turn|2
|
|t:|1759021206
|-terastallize|p1a: Ogerpon|Water
|detailschange|p1a: Ogerpon|Ogerpon-Wellspring-Tera, F, tera:Water
|-ability|p1a: Ogerpon|Embody Aspect (Wellspring)|boost
|-boost|p1a: Ogerpon|spd|1
|move|p2a: SSJ Revavroom|Gunk Shot|p1a: Ogerpon
|-damage|p1a: Ogerpon|0 fnt
|faint|p1a: Ogerpon
|detailschange|p1: Ogerpon|Ogerpon-Wellspring, F|[silent]
|
|upkeep
|
|t:|1759021217
|switch|p1a: Galvantula|Galvantula, F|100/100
|turn|3
|
|t:|1759021222
|move|p2a: SSJ Revavroom|High Horsepower|p1a: Galvantula
|-damage|p1a: Galvantula|9/100
|move|p1a: Galvantula|Thunder Wave|p2a: SSJ Revavroom
|-status|p2a: SSJ Revavroom|par
|
|upkeep
|turn|4
|
|t:|1759021227
|move|p1a: Galvantula|Sticky Web|p2a: SSJ Revavroom
|-sidestart|p2: YungWiiconnect24|move: Sticky Web
|move|p2a: SSJ Revavroom|Temper Flare|p1a: Galvantula
|-supereffective|p1a: Galvantula
|-damage|p1a: Galvantula|0 fnt
|faint|p1a: Galvantula
|
|upkeep
|
|t:|1759021231
|switch|p1a: Iron Moth|Iron Moth|100/100
|turn|5
|
|t:|1759021238
|move|p1a: Iron Moth|Flamethrower|p2a: SSJ Revavroom
|-supereffective|p2a: SSJ Revavroom
|-crit|p2a: SSJ Revavroom
|-damage|p2a: SSJ Revavroom|0 fnt
|faint|p2a: SSJ Revavroom
|
|upkeep
|
|t:|1759021242
|switch|p2a: Cell|Ditto|100/100
|-activate|p2a: Cell|move: Sticky Web
|-unboost|p2a: Cell|spe|1
|-transform|p2a: Cell|p1a: Iron Moth|[from] ability: Imposter
|turn|6
|
|t:|1759021248
|move|p2a: Cell|Meteor Beam||[still]
|-prepare|p2a: Cell|Meteor Beam
|-boost|p2a: Cell|spa|1
|move|p1a: Iron Moth|Meteor Beam||[still]
|-prepare|p1a: Iron Moth|Meteor Beam
|-boost|p1a: Iron Moth|spa|1
|-enditem|p1a: Iron Moth|Power Herb
|-anim|p1a: Iron Moth|Meteor Beam|p2a: Cell
|-supereffective|p2a: Cell
|-damage|p2a: Cell|0 fnt
|faint|p2a: Cell
|-end|p2a: Cell|Quark Drive|[silent]
|
|upkeep
|inactive|Battle timer is ON: inactive players will automatically lose when time's up. (requested by WeStanCacnea)
|inactive|YungWiiconnect24 has 120 seconds left.
|
|t:|1759021318
|switch|p2a: MissMe=UvoteTrump|Riolu, M, shiny|100/100
|-activate|p2a: MissMe=UvoteTrump|move: Sticky Web
|-unboost|p2a: MissMe=UvoteTrump|spe|1
|turn|7
|
|t:|1759021322
|move|p2a: MissMe=UvoteTrump|Endure|p2a: MissMe=UvoteTrump
|-singleturn|p2a: MissMe=UvoteTrump|move: Endure
|move|p1a: Iron Moth|Sludge Wave|p2a: MissMe=UvoteTrump
|-activate|p2a: MissMe=UvoteTrump|move: Endure
|-damage|p2a: MissMe=UvoteTrump|1/100
|
|upkeep
|turn|8
|-enditem|p2a: MissMe=UvoteTrump|Custap Berry|[eat]
|-activate|p2a: MissMe=UvoteTrump|item: Custap Berry|[consumed]
|
|t:|1759021340
|-terastallize|p2a: MissMe=UvoteTrump|Flying
|move|p2a: MissMe=UvoteTrump|Dig||[still]
|-prepare|p2a: MissMe=UvoteTrump|Dig
|move|p1a: Iron Moth|Flamethrower|p2a: MissMe=UvoteTrump|[miss]
|-miss|p1a: Iron Moth|p2a: MissMe=UvoteTrump
|
|upkeep
|turn|9
|
|t:|1759021351
|-end|p1a: Iron Moth|Quark Drive|[silent]
|switch|p1a: Garganacl|Garganacl, M|100/100
|move|p2a: MissMe=UvoteTrump|Dig|p1a: Garganacl|[from] lockedmove
|-supereffective|p1a: Garganacl
|-damage|p1a: Garganacl|80/100
|
|-heal|p1a: Garganacl|86/100|[from] item: Leftovers
|upkeep
|turn|10
|
|t:|1759021363
|move|p2a: MissMe=UvoteTrump|Copycat|p2a: MissMe=UvoteTrump
|move|p2a: MissMe=UvoteTrump|Dig||[from] move: Copycat|[still]
|-prepare|p2a: MissMe=UvoteTrump|Dig
|move|p1a: Garganacl|Curse|p1a: Garganacl
|-unboost|p1a: Garganacl|spe|1
|-boost|p1a: Garganacl|atk|1
|-boost|p1a: Garganacl|def|1
|
|-heal|p1a: Garganacl|93/100|[from] item: Leftovers
|upkeep
|turn|11
|
|t:|1759021377
|move|p2a: MissMe=UvoteTrump|Dig|p1a: Garganacl|[from] lockedmove
|-supereffective|p1a: Garganacl
|-damage|p1a: Garganacl|80/100
|move|p1a: Garganacl|Curse|p1a: Garganacl
|-unboost|p1a: Garganacl|spe|1
|-boost|p1a: Garganacl|atk|1
|-boost|p1a: Garganacl|def|1
|
|-heal|p1a: Garganacl|86/100|[from] item: Leftovers
|upkeep
|turn|12
|l|☆YungWiiconnect24
|inactive|YungWiiconnect24 disconnected and has a minute to reconnect!
|player|p2|
|inactive|YungWiiconnect24 has 30 seconds to reconnect!
|inactive|YungWiiconnect24 has 20 seconds to reconnect!
|inactive|YungWiiconnect24 has 15 seconds to reconnect!
|inactive|YungWiiconnect24 has 10 seconds to reconnect!
|inactive|YungWiiconnect24 has 5 seconds to reconnect!
|-message|YungWiiconnect24 lost due to inactivity.
|
|win|WeStanCacnea
|raw|WeStanCacnea's rating: 1146 &rarr; <strong>1169</strong><br />(+23 for winning)
|raw|YungWiiconnect24's rating: 1120 &rarr; <strong>1097</strong><br />(-23 for losing)
|l|☆WeStanCacnea
|player|p1|
