|j|☆Syaklin
|j|☆big clif
|t:|1758991499
|gametype|singles
|player|p1|Syaklin|acetrainer-gen4dp|1507
|player|p2|big clif|102|1501
|gen|9
|tier|[Gen 9] OU
|rated|
|rule|HP Percentage Mod: HP is shown in percentages
|rule|Endless Battle Clause: Forcing endless battles is banned
|rule|Species Clause: Limit one of each Pokémon
|rule|OHKO Clause: OHKO moves are banned
|rule|Evasion Items Clause: Evasion items are banned
|rule|Evasion Moves Clause: Evasion moves are banned
|rule|Evasion Abilities Clause: Evasion abilities are banned
|rule|Sleep Moves Clause: Sleep-inducing moves are banned
|clearpoke
|poke|p1|Pelipper, M|
|poke|p1|Barraskewda, F|
|poke|p1|Ludicolo, F|
|poke|p1|Scizor, M|
|poke|p1|Weezing-Galar, F|
|poke|p1|Blissey, F|
|poke|p2|Arcanine-Hisui, F|
|poke|p2|Landorus-Therian, M|
|poke|p2|Zapdos|
|poke|p2|Rillaboom, F|
|poke|p2|Iron Crown|
|poke|p2|Quaquaval, M|
|teampreview
|c|☆big clif|glhf
|inactive|Battle timer is ON: inactive players will automatically lose when time's up. (requested by Syaklin)
|
|t:|1758991516
|teamsize|p1|6
|teamsize|p2|6
|start
|switch|p1a: Pelipper|Pelipper, M|100/100
|switch|p2a: Zapdos|Zapdos|100/100
|-weather|RainDance|[from] ability: Drizzle|[of] p1a: Pelipper
|turn|1
|
|t:|1758991521
|switch|p1a: Blissey|Blissey, F|100/100
|move|p2a: Zapdos|Volt Switch|p1a: Blissey
|-damage|p1a: Blissey|92/100
|
|t:|1758991523
|switch|p2a: Arcanine|Arcanine-Hisui, F|100/100|[from] Volt Switch
|
|-weather|RainDance|[upkeep]
|-heal|p1a: Blissey|98/100|[from] item: Leftovers
|upkeep
|turn|2
|
|t:|1758991532
|switch|p1a: Barraskewda|Barraskewda, F|100/100
|move|p2a: Arcanine|Head Smash|p1a: Barraskewda
|-crit|p1a: Barraskewda
|-damage|p1a: Barraskewda|0 fnt
|faint|p1a: Barraskewda
|
|-weather|RainDance|[upkeep]
|upkeep
|
|t:|1758991535
|switch|p1a: Ludicolo|Ludicolo, F|100/100
|turn|3
|
|t:|1758991545
|switch|p2a: Zapdos|Zapdos|100/100
|move|p1a: Ludicolo|Surf|p2a: Zapdos
|-damage|p2a: Zapdos|29/100
|-damage|p1a: Ludicolo|91/100|[from] item: Life Orb
|
|-weather|RainDance|[upkeep]
|upkeep
|turn|4
|
|t:|1758991555
|move|p1a: Ludicolo|Ice Beam|p2a: Zapdos
|-supereffective|p2a: Zapdos
|-damage|p2a: Zapdos|0 fnt
|faint|p2a: Zapdos
|-damage|p1a: Ludicolo|81/100|[from] item: Life Orb
|
|-weather|RainDance|[upkeep]
|upkeep
|inactive|big clif has 120 seconds left.
|
|t:|1758991582
|switch|p2a: Rillaboom|Rillaboom, F|100/100
|-fieldstart|move: Grassy Terrain|[from] ability: Grassy Surge|[of] p2a: Rillaboom
|turn|5
|
|t:|1758991586
|move|p1a: Ludicolo|Ice Beam|p2a: Rillaboom
|-supereffective|p2a: Rillaboom
|-damage|p2a: Rillaboom|44/100
|-damage|p1a: Ludicolo|71/100|[from] item: Life Orb
|move|p2a: Rillaboom|U-turn|p1a: Ludicolo
|-supereffective|p1a: Ludicolo
|-damage|p1a: Ludicolo|0 fnt
|faint|p1a: Ludicolo
|-message|Syaklin forfeited.
|
|win|big clif
|raw|Syaklin's rating: 1507 &rarr; <strong>1487</strong><br />(-20 for losing)
|raw|big clif's rating: 1501 &rarr; <strong>1521</strong><br />(+20 for winning)
|l|☆Syaklin
|player|p1|
|l|☆big clif
|player|p2|
