|badge|p1|silver|gen9ou|30-6
|html|<div class="broadcast-red"><strong>This battle is required to be public due to one or more player having a season medal.</strong><br />During the public phase, you can discuss the state of the ladder <a href="/seasondiscussion">in a special chatroom.</a></div>
|uhtml|medal-msg|<div class="broadcast-blue">Curious what those medals under the avatar are? PS now has Ladder Seasons! For more information, check out the <a href="https://www.smogon.com/forums/threads/3740067/">thread on Smogon.</a></div>
|badge|p2|bronze|gen9ou|100-6
|uhtml|medal-msg|<div class="broadcast-blue">Curious what those medals under the avatar are? PS now has Ladder Seasons! For more information, check out the <a href="https://www.smogon.com/forums/threads/3740067/">thread on Smogon.</a></div>
|raw|<div class="broadcast-blue"><strong>This battle is required to be public due to a player having a name starting with 'medal'.</div>
|j|☆chusei20
|j|☆JackRG1
|t:|1759076426
|gametype|singles
|player|p1|chusei20|265|1908
|player|p2|JackRG1|dawn-gen4pt|1872
|gen|9
|tier|[Gen 9] OU
|rated|
|rule|HP Percentage Mod: HP is shown in percentages
|rule|Endless Battle Clause: Forcing endless battles is banned
|rule|Species Clause: Limit one of each Pokémon
|rule|OHKO Clause: OHKO moves are banned
|rule|Evasion Items Clause: Evasion items are banned
|rule|Evasion Moves Clause: Evasion moves are banned
|rule|Evasion Abilities Clause: Evasion abilities are banned
|rule|Sleep Moves Clause: Sleep-inducing moves are banned
|clearpoke
|poke|p1|Kyurem|
|poke|p1|Ting-Lu|
|poke|p1|Iron Valiant|
|poke|p1|Glimmora, M|
|poke|p1|Moltres|
|poke|p1|Raging Bolt|
|poke|p2|Weezing-Galar, F|
|poke|p2|Ting-Lu|
|poke|p2|Corviknight, F|
|poke|p2|Skeledirge, M|
|poke|p2|Dragapult, M|
|poke|p2|Ogerpon-Wellspring, F|
|teampreview
|inactive|Battle timer is ON: inactive players will automatically lose when time's up. (requested by JackRG1)
|j| tapu moxo
|
|t:|1759076433
|teamsize|p1|6
|teamsize|p2|6
|start
|switch|p1a: Iron Valiant|Iron Valiant|100/100
|switch|p2a: Dragapult|Dragapult, M|100/100
|-enditem|p1a: Iron Valiant|Booster Energy
|-activate|p1a: Iron Valiant|ability: Quark Drive|[fromitem]
|-start|p1a: Iron Valiant|quarkdrivespe
|turn|1
|
|t:|1759076436
|switch|p2a: GAS.|Weezing-Galar, F|100/100
|-ability|p2a: GAS.|Neutralizing Gas
|move|p1a: Iron Valiant|Moonblast|p2a: GAS.
|-resisted|p2a: GAS.
|-damage|p2a: GAS.|76/100
|
|upkeep
|turn|2
|j| IM AT MY LIMIT!
|
|t:|1759076438
|move|p1a: Iron Valiant|Moonblast|p2a: GAS.
|-resisted|p2a: GAS.
|-damage|p2a: GAS.|51/100
|move|p2a: GAS.|Sludge Bomb|p1a: Iron Valiant
|-supereffective|p1a: Iron Valiant
|-crit|p1a: Iron Valiant
|-damage|p1a: Iron Valiant|0 fnt
|faint|p1a: Iron Valiant
|-end|p1a: Iron Valiant|Quark Drive|[silent]
|
|upkeep
|
|t:|1759076440
|switch|p1a: Glimmora|Glimmora, M|100/100
|turn|3
|
|t:|1759076442
|-end|p2a: GAS.|ability: Neutralizing Gas
|switch|p2a: Ting-Lu|Ting-Lu, shiny|100/100
|-ability|p2a: Ting-Lu|Vessel of Ruin
|move|p1a: Glimmora|Mortal Spin|p2a: Ting-Lu
|-resisted|p2a: Ting-Lu
|-damage|p2a: Ting-Lu|99/100
|-status|p2a: Ting-Lu|psn
|
|-heal|p2a: Ting-Lu|100/100 psn|[from] item: Leftovers
|-damage|p2a: Ting-Lu|88/100 psn|[from] psn
|upkeep
|turn|4
|
|t:|1759076445
|move|p1a: Glimmora|Earth Power|p2a: Ting-Lu
|-damage|p2a: Ting-Lu|74/100 psn
|move|p2a: Ting-Lu|Earthquake|p1a: Glimmora
|-supereffective|p1a: Glimmora
|-enditem|p1a: Glimmora|Focus Sash
|-damage|p1a: Glimmora|1/100
|-activate|p1a: Glimmora|ability: Toxic Debris
|-sidestart|p2: JackRG1|move: Toxic Spikes
|
|-heal|p2a: Ting-Lu|81/100 psn|[from] item: Leftovers
|-damage|p2a: Ting-Lu|68/100 psn|[from] psn
|upkeep
|turn|5
|j| l53re
|
|t:|1759076449
|move|p1a: Glimmora|Earth Power|p2a: Ting-Lu
|-damage|p2a: Ting-Lu|54/100 psn
|move|p2a: Ting-Lu|Stealth Rock|p1a: Glimmora
|-sidestart|p1: chusei20|move: Stealth Rock
|
|-heal|p2a: Ting-Lu|60/100 psn|[from] item: Leftovers
|-damage|p2a: Ting-Lu|48/100 psn|[from] psn
|upkeep
|turn|6
|
|t:|1759076451
|switch|p2a: Corviknight|Corviknight, F|100/100
|-ability|p2a: Corviknight|Pressure
|move|p1a: Glimmora|Mortal Spin|p2a: Corviknight
|-immune|p2a: Corviknight
|
|upkeep
|turn|7
|
|t:|1759076454
|move|p1a: Glimmora|Power Gem|p2a: Corviknight
|-damage|p2a: Corviknight|56/100
|move|p2a: Corviknight|U-turn|p1a: Glimmora
|-resisted|p1a: Glimmora
|-damage|p1a: Glimmora|0 fnt
|-activate|p1a: Glimmora|ability: Toxic Debris
|-sidestart|p2: JackRG1|move: Toxic Spikes
|faint|p1a: Glimmora
|j| LT124YH Ghoul
|
|t:|1759076456
|switch|p2a: GAS.|Weezing-Galar, F|51/100|[from] U-turn
|-ability|p2a: GAS.|Neutralizing Gas
|-sideend|p2: JackRG1|move: Toxic Spikes|[of] p2a: GAS.
|
|upkeep
|
|t:|1759076458
|switch|p1a: Kyurem|Kyurem|100/100
|-damage|p1a: Kyurem|76/100|[from] Stealth Rock
|turn|8
|
|t:|1759076463
|-end|p2a: GAS.|ability: Neutralizing Gas
|-ability|p1a: Kyurem|Pressure
|switch|p2a: Skeledirge|Skeledirge, M|100/100
|move|p1a: Kyurem|Earth Power|p2a: Skeledirge
|-supereffective|p2a: Skeledirge
|-damage|p2a: Skeledirge|57/100
|
|-heal|p1a: Kyurem|82/100|[from] item: Leftovers
|upkeep
|turn|9
|
|t:|1759076467
|move|p1a: Kyurem|Earth Power|p2a: Skeledirge
|-supereffective|p2a: Skeledirge
|-damage|p2a: Skeledirge|9/100
|move|p2a: Skeledirge|Slack Off|p2a: Skeledirge
|-heal|p2a: Skeledirge|59/100
|
|-heal|p1a: Kyurem|88/100|[from] item: Leftovers
|upkeep
|turn|10
|
|t:|1759076471
|switch|p2a: Ogerpon|Ogerpon-Wellspring, F|100/100
|move|p1a: Kyurem|Earth Power|p2a: Ogerpon
|-resisted|p2a: Ogerpon
|-damage|p2a: Ogerpon|86/100
|-unboost|p2a: Ogerpon|spd|1
|
|-heal|p1a: Kyurem|94/100|[from] item: Leftovers
|upkeep
|turn|11
|
|t:|1759076474
|move|p2a: Ogerpon|Knock Off|p1a: Kyurem
|-damage|p1a: Kyurem|60/100
|-enditem|p1a: Kyurem|Leftovers|[from] move: Knock Off|[of] p2a: Ogerpon
|move|p1a: Kyurem|Freeze-Dry|p2a: Ogerpon
|-supereffective|p2a: Ogerpon
|-damage|p2a: Ogerpon|0 fnt
|faint|p2a: Ogerpon
|
|upkeep
|
|t:|1759076477
|switch|p2a: Dragapult|Dragapult, M|100/100
|turn|12
|
|t:|1759076479
|move|p1a: Kyurem|Protect|p1a: Kyurem
|-singleturn|p1a: Kyurem|Protect
|move|p2a: Dragapult|Draco Meteor|p1a: Kyurem
|-activate|p1a: Kyurem|move: Protect
|
|upkeep
|turn|13
|
|t:|1759076483
|move|p1a: Kyurem|Protect|p1a: Kyurem
|-singleturn|p1a: Kyurem|Protect
|move|p2a: Dragapult|Draco Meteor|p1a: Kyurem
|-activate|p1a: Kyurem|move: Protect
|
|upkeep
|turn|14
|
|t:|1759076485
|move|p2a: Dragapult|Draco Meteor|p1a: Kyurem
|-supereffective|p1a: Kyurem
|-damage|p1a: Kyurem|0 fnt
|-unboost|p2a: Dragapult|spa|2
|faint|p1a: Kyurem
|
|upkeep
|
|t:|1759076488
|switch|p1a: Moltres|Moltres|100/100
|turn|15
|
|t:|1759076491
|switch|p2a: Skeledirge|Skeledirge, M|59/100
|move|p1a: Moltres|U-turn|p2a: Skeledirge
|-resisted|p2a: Skeledirge
|-damage|p2a: Skeledirge|56/100
|
|t:|1759076493
|switch|p1a: Ting-Lu|Ting-Lu|100/100|[from] U-turn
|-damage|p1a: Ting-Lu|94/100|[from] Stealth Rock
|-ability|p1a: Ting-Lu|Vessel of Ruin
|
|-heal|p1a: Ting-Lu|100/100|[from] item: Leftovers
|upkeep
|turn|16
|
|t:|1759076495
|move|p2a: Skeledirge|Will-O-Wisp|p1a: Ting-Lu
|-status|p1a: Ting-Lu|brn
|move|p1a: Ting-Lu|Earthquake|p2a: Skeledirge
|-supereffective|p2a: Skeledirge
|-damage|p2a: Skeledirge|28/100
|
|-damage|p1a: Ting-Lu|94/100 brn|[from] brn
|upkeep
|turn|17
|
|t:|1759076498
|move|p2a: Skeledirge|Slack Off|p2a: Skeledirge
|-heal|p2a: Skeledirge|78/100
|move|p1a: Ting-Lu|Stealth Rock|p2a: Skeledirge
|-sidestart|p2: JackRG1|move: Stealth Rock
|
|-heal|p1a: Ting-Lu|100/100 brn|[from] item: Leftovers
|-damage|p1a: Ting-Lu|94/100 brn|[from] brn
|upkeep
|turn|18
|
|t:|1759076500
|move|p2a: Skeledirge|Torch Song|p1a: Ting-Lu
|-crit|p1a: Ting-Lu
|-damage|p1a: Ting-Lu|76/100 brn
|-boost|p2a: Skeledirge|spa|1
|move|p1a: Ting-Lu|Spikes|p2a: Skeledirge
|-sidestart|p2: JackRG1|Spikes
|
|-heal|p1a: Ting-Lu|82/100 brn|[from] item: Leftovers
|-damage|p1a: Ting-Lu|76/100 brn|[from] brn
|upkeep
|turn|19
|
|t:|1759076503
|move|p2a: Skeledirge|Torch Song|p1a: Ting-Lu
|-damage|p1a: Ting-Lu|58/100 brn
|-boost|p2a: Skeledirge|spa|1
|move|p1a: Ting-Lu|Whirlwind|p2a: Skeledirge
|drag|p2a: Ting-Lu|Ting-Lu, shiny|48/100 psn
|-damage|p2a: Ting-Lu|42/100 psn|[from] Stealth Rock
|-damage|p2a: Ting-Lu|29/100 psn|[from] Spikes
|-ability|p2a: Ting-Lu|Vessel of Ruin
|
|-heal|p1a: Ting-Lu|64/100 brn|[from] item: Leftovers
|-heal|p2a: Ting-Lu|35/100 psn|[from] item: Leftovers
|-damage|p2a: Ting-Lu|23/100 psn|[from] psn
|-damage|p1a: Ting-Lu|58/100 brn|[from] brn
|upkeep
|turn|20
|
|t:|1759076507
|move|p1a: Ting-Lu|Spikes|p2a: Ting-Lu
|-sidestart|p2: JackRG1|Spikes
|move|p2a: Ting-Lu|Rest|p2a: Ting-Lu
|-status|p2a: Ting-Lu|slp|[from] move: Rest
|-heal|p2a: Ting-Lu|100/100 slp|[silent]
|
|-heal|p1a: Ting-Lu|64/100 brn|[from] item: Leftovers
|-damage|p1a: Ting-Lu|58/100 brn|[from] brn
|upkeep
|turn|21
|
|t:|1759076511
|switch|p1a: Moltres|Moltres|100/100
|switch|p2a: GAS.|Weezing-Galar, F|51/100
|-ability|p2a: GAS.|Neutralizing Gas
|
|upkeep
|turn|22
|
|t:|1759076513
|-end|p2a: GAS.|ability: Neutralizing Gas
|switch|p2a: Skeledirge|Skeledirge, M|78/100
|move|p1a: Moltres|Flamethrower|p2a: Skeledirge
|-resisted|p2a: Skeledirge
|-damage|p2a: Skeledirge|65/100
|
|upkeep
|turn|23
|
|t:|1759076517
|move|p2a: Skeledirge|Slack Off|p2a: Skeledirge
|-heal|p2a: Skeledirge|100/100
|move|p1a: Moltres|Roar|p2a: Skeledirge
|drag|p2a: Dragapult|Dragapult, M|100/100
|-damage|p2a: Dragapult|88/100|[from] Stealth Rock
|-damage|p2a: Dragapult|72/100|[from] Spikes
|
|upkeep
|turn|24
|
|t:|1759076520
|switch|p1a: Ting-Lu|Ting-Lu|58/100 brn
|-damage|p1a: Ting-Lu|51/100 brn|[from] Stealth Rock
|-ability|p1a: Ting-Lu|Vessel of Ruin
|move|p2a: Dragapult|Shadow Ball|p1a: Ting-Lu
|-resisted|p1a: Ting-Lu
|-damage|p1a: Ting-Lu|41/100 brn
|
|-heal|p1a: Ting-Lu|47/100 brn|[from] item: Leftovers
|-damage|p1a: Ting-Lu|41/100 brn|[from] brn
|upkeep
|turn|25
|j| wgw2333
|
|t:|1759076523
|switch|p2a: GAS.|Weezing-Galar, F|51/100
|-ability|p2a: GAS.|Neutralizing Gas
|switch|p1a: Moltres|Moltres|100/100
|
|upkeep
|turn|26
|j| SirLsalot
|
|t:|1759076526
|-end|p2a: GAS.|ability: Neutralizing Gas
|switch|p2a: Skeledirge|Skeledirge, M|100/100
|move|p1a: Moltres|U-turn|p2a: Skeledirge
|-resisted|p2a: Skeledirge
|-damage|p2a: Skeledirge|98/100
|
|t:|1759076528
|switch|p1a: Raging Bolt|Raging Bolt|100/100|[from] U-turn
|-damage|p1a: Raging Bolt|88/100|[from] Stealth Rock
|-enditem|p1a: Raging Bolt|Booster Energy
|-activate|p1a: Raging Bolt|ability: Protosynthesis|[fromitem]
|-start|p1a: Raging Bolt|protosynthesisspa
|
|upkeep
|turn|27
|
|t:|1759076531
|move|p1a: Raging Bolt|Thunderbolt|p2a: Skeledirge
|-damage|p2a: Skeledirge|43/100
|move|p2a: Skeledirge|Earth Power|p1a: Raging Bolt
|-supereffective|p1a: Raging Bolt
|-damage|p1a: Raging Bolt|42/100
|
|upkeep
|turn|28
|
|t:|1759076539
|switch|p2a: Corviknight|Corviknight, F|56/100
|-damage|p2a: Corviknight|44/100|[from] Stealth Rock
|-ability|p2a: Corviknight|Pressure
|move|p1a: Raging Bolt|Dragon Pulse|p2a: Corviknight
|-resisted|p2a: Corviknight
|-damage|p2a: Corviknight|11/100
|
|upkeep
|turn|29
|
|t:|1759076541
|move|p1a: Raging Bolt|Dragon Pulse|p2a: Corviknight
|-resisted|p2a: Corviknight
|-damage|p2a: Corviknight|0 fnt
|faint|p2a: Corviknight
|
|upkeep
|
|t:|1759076543
|switch|p2a: Dragapult|Dragapult, M|72/100
|-damage|p2a: Dragapult|59/100|[from] Stealth Rock
|-damage|p2a: Dragapult|43/100|[from] Spikes
|turn|30
|
|t:|1759076547
|-end|p1a: Raging Bolt|Protosynthesis|[silent]
|switch|p1a: Ting-Lu|Ting-Lu|41/100 brn
|-damage|p1a: Ting-Lu|34/100 brn|[from] Stealth Rock
|-ability|p1a: Ting-Lu|Vessel of Ruin
|move|p2a: Dragapult|Shadow Ball|p1a: Ting-Lu
|-resisted|p1a: Ting-Lu
|-damage|p1a: Ting-Lu|24/100 brn
|
|-heal|p1a: Ting-Lu|30/100 brn|[from] item: Leftovers
|-damage|p1a: Ting-Lu|24/100 brn|[from] brn
|upkeep
|turn|31
|
|t:|1759076550
|switch|p1a: Moltres|Moltres|100/100
|move|p2a: Dragapult|Shadow Ball|p1a: Moltres
|-damage|p1a: Moltres|49/100
|
|upkeep
|turn|32
|
|t:|1759076553
|move|p2a: Dragapult|Shadow Ball|p1a: Moltres
|-damage|p1a: Moltres|0 fnt
|faint|p1a: Moltres
|
|upkeep
|
|t:|1759076554
|switch|p1a: Ting-Lu|Ting-Lu|24/100 brn
|-damage|p1a: Ting-Lu|18/100 brn|[from] Stealth Rock
|-ability|p1a: Ting-Lu|Vessel of Ruin
|turn|33
|
|t:|1759076556
|move|p2a: Dragapult|Shadow Ball|p1a: Ting-Lu
|-resisted|p1a: Ting-Lu
|-damage|p1a: Ting-Lu|6/100 brn
|move|p1a: Ting-Lu|Whirlwind|p2a: Dragapult
|drag|p2a: GAS.|Weezing-Galar, F|51/100
|-ability|p2a: GAS.|Neutralizing Gas
|
|-heal|p1a: Ting-Lu|12/100 brn|[from] item: Leftovers
|-damage|p1a: Ting-Lu|6/100 brn|[from] brn
|upkeep
|turn|34
|
|t:|1759076560
|move|p2a: GAS.|Sludge Bomb|p1a: Ting-Lu
|-resisted|p1a: Ting-Lu
|-damage|p1a: Ting-Lu|0 fnt
|faint|p1a: Ting-Lu
|
|upkeep
|
|t:|1759076563
|switch|p1a: Raging Bolt|Raging Bolt|42/100
|-damage|p1a: Raging Bolt|30/100|[from] Stealth Rock
|turn|35
|
|t:|1759076565
|move|p1a: Raging Bolt|Thunderbolt|p2a: GAS.
|-damage|p2a: GAS.|0 fnt
|faint|p2a: GAS.
|-end|p2a: GAS.|ability: Neutralizing Gas
|
|upkeep
|
|t:|1759076568
|switch|p2a: Skeledirge|Skeledirge, M|43/100
|turn|36
|
|t:|1759076572
|move|p1a: Raging Bolt|Thunderbolt|p2a: Skeledirge
|-damage|p2a: Skeledirge|4/100
|move|p2a: Skeledirge|Slack Off|p2a: Skeledirge
|-heal|p2a: Skeledirge|54/100
|
|upkeep
|turn|37
|
|t:|1759076575
|move|p1a: Raging Bolt|Thunderbolt|p2a: Skeledirge
|-crit|p2a: Skeledirge
|-damage|p2a: Skeledirge|0 fnt
|faint|p2a: Skeledirge
|
|upkeep
|
|t:|1759076577
|switch|p2a: Ting-Lu|Ting-Lu, shiny|100/100 slp
|-damage|p2a: Ting-Lu|94/100 slp|[from] Stealth Rock
|-damage|p2a: Ting-Lu|78/100 slp|[from] Spikes
|-ability|p2a: Ting-Lu|Vessel of Ruin
|turn|38
|
|t:|1759076579
|-terastallize|p1a: Raging Bolt|Flying
|move|p1a: Raging Bolt|Calm Mind|p1a: Raging Bolt
|-boost|p1a: Raging Bolt|spa|1
|-boost|p1a: Raging Bolt|spd|1
|cant|p2a: Ting-Lu|slp
|
|-heal|p2a: Ting-Lu|84/100 slp|[from] item: Leftovers
|upkeep
|turn|39
|
|t:|1759076581
|move|p1a: Raging Bolt|Dragon Pulse|p2a: Ting-Lu
|-damage|p2a: Ting-Lu|54/100 slp
|cant|p2a: Ting-Lu|slp
|
|-heal|p2a: Ting-Lu|60/100 slp|[from] item: Leftovers
|upkeep
|turn|40
|
|t:|1759076583
|move|p1a: Raging Bolt|Dragon Pulse|p2a: Ting-Lu
|-damage|p2a: Ting-Lu|28/100 slp
|-curestatus|p2a: Ting-Lu|slp|[msg]
|move|p2a: Ting-Lu|Heavy Slam|p1a: Raging Bolt
|-damage|p1a: Raging Bolt|19/100
|
|-heal|p2a: Ting-Lu|34/100|[from] item: Leftovers
|upkeep
|turn|41
|
|t:|1759076587
|-terastallize|p2a: Ting-Lu|Fairy
|move|p1a: Raging Bolt|Dragon Pulse|p2a: Ting-Lu
|-immune|p2a: Ting-Lu
|move|p2a: Ting-Lu|Heavy Slam|p1a: Raging Bolt
|-damage|p1a: Raging Bolt|10/100
|
|-heal|p2a: Ting-Lu|40/100|[from] item: Leftovers
|upkeep
|turn|42
|
|t:|1759076591
|move|p1a: Raging Bolt|Thunderbolt|p2a: Ting-Lu
|-damage|p2a: Ting-Lu|4/100
|move|p2a: Ting-Lu|Heavy Slam|p1a: Raging Bolt
|-damage|p1a: Raging Bolt|1/100
|
|-heal|p2a: Ting-Lu|10/100|[from] item: Leftovers
|upkeep
|turn|43
|-message|JackRG1 forfeited.
|
|win|chusei20
|raw|chusei20's rating: 1908 &rarr; <strong>1926</strong><br />(+18 for winning)
|raw|JackRG1's rating: 1872 &rarr; <strong>1854</strong><br />(-18 for losing)
|l|☆JackRG1
|player|p2|
|l|☆chusei20
|player|p1|
|l| l53re
|l| SirLsalot
|l| IM AT MY LIMIT!
|l| tapu moxo
