|j|☆silverfalcom
|j|☆thodoras edition
|t:|1758974599
|gametype|singles
|player|p1|silverfalcom|170|1638
|player|p2|thodoras edition|265|1695
|gen|9
|tier|[Gen 9] OU
|rated|
|rule|HP Percentage Mod: HP is shown in percentages
|rule|Endless Battle Clause: Forcing endless battles is banned
|rule|Species Clause: Limit one of each Pokémon
|rule|OHKO Clause: OHKO moves are banned
|rule|Evasion Items Clause: Evasion items are banned
|rule|Evasion Moves Clause: Evasion moves are banned
|rule|Evasion Abilities Clause: Evasion abilities are banned
|rule|Sleep Moves Clause: Sleep-inducing moves are banned
|clearpoke
|poke|p1|Iron Valiant|
|poke|p1|Ogerpon-Wellspring, F|
|poke|p1|Clefable, F|
|poke|p1|Iron Treads|
|poke|p1|Kingambit, M|
|poke|p1|Dragapult, M|
|poke|p2|Alomomola, M|
|poke|p2|Moltres|
|poke|p2|Lokix, M|
|poke|p2|Great Tusk|
|poke|p2|Dragalge, M|
|poke|p2|Gholdengo|
|teampreview
|inactive|Battle timer is ON: inactive players will automatically lose when time's up. (requested by thodoras edition)
|j| MirthaLegrand
|l| MirthaLegrand
|
|t:|1758974633
|teamsize|p1|6
|teamsize|p2|6
|start
|switch|p1a: Iron Valiant|Iron Valiant|100/100
|switch|p2a: Lokix|Lokix, M|100/100
|turn|1
|
|t:|1758974647
|switch|p2a: Moltres|Moltres|100/100
|move|p1a: Iron Valiant|Moonblast|p2a: Moltres
|-resisted|p2a: Moltres
|-damage|p2a: Moltres|83/100
|
|upkeep
|turn|2
|inactive|silverfalcom has 120 seconds left.
|
|t:|1758974686
|-end|p1a: Iron Valiant|Quark Drive|[silent]
|switch|p1a: Clefable|Clefable, F|100/100
|move|p2a: Moltres|U-turn|p1a: Clefable
|-resisted|p1a: Clefable
|-damage|p1a: Clefable|95/100
|
|t:|1758974691
|switch|p2a: Dragalge|Dragalge, M|100/100|[from] U-turn
|
|upkeep
|turn|3
|
|t:|1758974699
|switch|p1a: Iron Treads|Iron Treads|100/100
|move|p2a: Dragalge|Flip Turn|p1a: Iron Treads
|-supereffective|p1a: Iron Treads
|-damage|p1a: Iron Treads|84/100
|
|t:|1758974705
|switch|p2a: Moltres|Moltres|83/100|[from] Flip Turn
|
|-heal|p1a: Iron Treads|90/100|[from] item: Leftovers
|upkeep
|turn|4
|
|t:|1758974711
|move|p1a: Iron Treads|Stealth Rock|p2a: Moltres
|-sidestart|p2: thodoras edition|move: Stealth Rock
|move|p2a: Moltres|Flamethrower|p1a: Iron Treads
|-supereffective|p1a: Iron Treads
|-damage|p1a: Iron Treads|34/100
|
|-heal|p1a: Iron Treads|40/100|[from] item: Leftovers
|upkeep
|turn|5
|
|t:|1758974720
|-end|p1a: Iron Treads|Quark Drive|[silent]
|switch|p1a: Clefable|Clefable, F|95/100
|move|p2a: Moltres|Flamethrower|p1a: Clefable
|-damage|p1a: Clefable|60/100
|
|upkeep
|turn|6
|
|t:|1758974728
|move|p2a: Moltres|U-turn|p1a: Clefable
|-resisted|p1a: Clefable
|-damage|p1a: Clefable|55/100
|
|t:|1758974730
|switch|p2a: Dragalge|Dragalge, M|100/100|[from] U-turn
|-damage|p2a: Dragalge|88/100|[from] Stealth Rock
|move|p1a: Clefable|Thunder Wave|p2a: Dragalge
|-status|p2a: Dragalge|par
|
|upkeep
|turn|7
|inactive|silverfalcom has 120 seconds left.
|
|t:|1758974762
|switch|p1a: Dragapult|Dragapult, M|100/100
|move|p2a: Dragalge|Flip Turn|p1a: Dragapult
|-resisted|p1a: Dragapult
|-damage|p1a: Dragapult|94/100
|
|t:|1758974771
|switch|p2a: Gholdengo|Gholdengo|100/100|[from] Flip Turn
|-damage|p2a: Gholdengo|94/100|[from] Stealth Rock
|
|upkeep
|turn|8
|inactive|silverfalcom has 120 seconds left.
|inactive|silverfalcom has 90 seconds left.
|
|t:|1758974822
|switch|p1a: Kingambit|Kingambit, M|100/100
|move|p2a: Gholdengo|Shadow Ball|p1a: Kingambit
|-resisted|p1a: Kingambit
|-damage|p1a: Kingambit|82/100
|
|-heal|p1a: Kingambit|88/100|[from] item: Leftovers
|upkeep
|turn|9
|inactive|silverfalcom has 90 seconds left.
|
|t:|1758974837
|switch|p2a: Moltres|Moltres|83/100
|-end|p1a: Kingambit|fallenundefined|[silent]
|switch|p1a: Ogerpon|Ogerpon-Wellspring, F|100/100
|
|upkeep
|turn|10
|inactive|silverfalcom has 90 seconds left.
|
|t:|1758974844
|move|p1a: Ogerpon|Ivy Cudgel|p2a: Moltres|[anim] Ivy Cudgel Water
|-supereffective|p2a: Moltres
|-damage|p2a: Moltres|0 fnt
|faint|p2a: Moltres
|
|upkeep
|
|t:|1758974851
|switch|p2a: Lokix|Lokix, M|100/100
|-damage|p2a: Lokix|76/100|[from] Stealth Rock
|turn|11
|l|☆silverfalcom
|inactive|silverfalcom disconnected and has a minute to reconnect!
|player|p1|
|j|☆silverfalcom
|inactive|silverfalcom reconnected and has 85 seconds left.
|player|p1|silverfalcom|170|
|
|t:|1758974882
|switch|p1a: Clefable|Clefable, F|55/100
|move|p2a: Lokix|First Impression|p1a: Clefable
|-resisted|p1a: Clefable
|-damage|p1a: Clefable|5/100
|
|upkeep
|turn|12
|inactive|thodoras edition has 120 seconds left.
|inactive|thodoras edition has 90 seconds left.
|
|t:|1758974945
|switch|p2a: Gholdengo|Gholdengo|94/100
|-damage|p2a: Gholdengo|88/100|[from] Stealth Rock
|move|p1a: Clefable|Moonlight|p1a: Clefable
|-heal|p1a: Clefable|55/100
|
|upkeep
|turn|13
|j| Dionysos
|l| Dionysos
|inactive|silverfalcom has 60 seconds left.
|
|t:|1758974993
|switch|p1a: Ogerpon|Ogerpon-Wellspring, F|100/100
|move|p2a: Gholdengo|Make It Rain|p1a: Ogerpon
|-resisted|p1a: Ogerpon
|-crit|p1a: Ogerpon
|-damage|p1a: Ogerpon|43/100
|-unboost|p2a: Gholdengo|spa|1
|
|upkeep
|turn|14
|
|t:|1758975008
|switch|p2a: Dragalge|Dragalge, M|88/100 par
|-damage|p2a: Dragalge|76/100 par|[from] Stealth Rock
|move|p1a: Ogerpon|Ivy Cudgel|p2a: Dragalge|[anim] Ivy Cudgel Water
|-resisted|p2a: Dragalge
|-damage|p2a: Dragalge|40/100 par
|
|upkeep
|turn|15
|inactive|thodoras edition has 90 seconds left.
|
|t:|1758975037
|switch|p1a: Kingambit|Kingambit, M|88/100
|move|p2a: Dragalge|Toxic Spikes|p1a: Kingambit
|-sidestart|p1: silverfalcom|move: Toxic Spikes
|
|-heal|p1a: Kingambit|94/100|[from] item: Leftovers
|upkeep
|turn|16
|
|t:|1758975051
|switch|p2a: Great Tusk|Great Tusk|100/100
|move|p1a: Kingambit|Iron Head|p2a: Great Tusk
|-damage|p2a: Great Tusk|67/100
|
|-heal|p1a: Kingambit|99/100|[from] item: Leftovers
|upkeep
|turn|17
|
|t:|1758975073
|-end|p1a: Kingambit|fallenundefined|[silent]
|switch|p1a: Dragapult|Dragapult, M|94/100
|-status|p1a: Dragapult|psn
|move|p2a: Great Tusk|Ice Spinner|p1a: Dragapult
|-supereffective|p1a: Dragapult
|-damage|p1a: Dragapult|14/100 psn
|
|-damage|p1a: Dragapult|2/100 psn|[from] psn
|upkeep
|turn|18
|
|t:|1758975082
|-end|p2a: Great Tusk|Protosynthesis|[silent]
|switch|p2a: Dragalge|Dragalge, M|40/100 par
|-damage|p2a: Dragalge|28/100 par|[from] Stealth Rock
|move|p1a: Dragapult|Dragon Darts|p2a: Dragalge
|-supereffective|p2a: Dragalge
|-damage|p2a: Dragalge|0 fnt
|faint|p2a: Dragalge
|
|-damage|p1a: Dragapult|0 fnt|[from] psn
|faint|p1a: Dragapult
|upkeep
|
|t:|1758975094
|switch|p1a: Clefable|Clefable, F|55/100
|switch|p2a: Lokix|Lokix, M|76/100
|-damage|p2a: Lokix|51/100|[from] Stealth Rock
|turn|19
|
|t:|1758975105
|-terastallize|p2a: Lokix|Bug
|move|p2a: Lokix|U-turn|p1a: Clefable
|-resisted|p1a: Clefable
|-damage|p1a: Clefable|5/100
|
|t:|1758975108
|switch|p2a: Gholdengo|Gholdengo|88/100|[from] U-turn
|-damage|p2a: Gholdengo|82/100|[from] Stealth Rock
|move|p1a: Clefable|Moonlight|p1a: Clefable
|-heal|p1a: Clefable|55/100
|
|upkeep
|turn|20
|
|t:|1758975117
|switch|p1a: Kingambit|Kingambit, M|99/100
|-activate|p1a: Kingambit|ability: Supreme Overlord
|-start|p1a: Kingambit|fallen1|[silent]
|move|p2a: Gholdengo|Shadow Ball|p1a: Kingambit
|-resisted|p1a: Kingambit
|-damage|p1a: Kingambit|81/100
|
|-heal|p1a: Kingambit|87/100|[from] item: Leftovers
|upkeep
|turn|21
|inactive|thodoras edition has 120 seconds left.
|
|t:|1758975137
|switch|p2a: Great Tusk|Great Tusk|67/100
|move|p1a: Kingambit|Iron Head|p2a: Great Tusk
|-damage|p2a: Great Tusk|28/100
|
|-heal|p1a: Kingambit|94/100|[from] item: Leftovers
|upkeep
|turn|22
|
|t:|1758975162
|move|p2a: Great Tusk|Headlong Rush|p1a: Kingambit
|-supereffective|p1a: Kingambit
|-damage|p1a: Kingambit|0 fnt
|-unboost|p2a: Great Tusk|def|1
|-unboost|p2a: Great Tusk|spd|1
|faint|p1a: Kingambit
|-end|p1a: Kingambit|fallen1|[silent]
|
|upkeep
|inactive|silverfalcom has 30 seconds left.
|
|t:|1758975175
|switch|p1a: Iron Treads|Iron Treads|40/100
|turn|23
|
|t:|1758975178
|-end|p2a: Great Tusk|Protosynthesis|[silent]
|switch|p2a: Gholdengo|Gholdengo|82/100
|-damage|p2a: Gholdengo|76/100|[from] Stealth Rock
|move|p1a: Iron Treads|Earthquake|p2a: Gholdengo
|-supereffective|p2a: Gholdengo
|-damage|p2a: Gholdengo|0 fnt
|faint|p2a: Gholdengo
|
|-heal|p1a: Iron Treads|46/100|[from] item: Leftovers
|upkeep
|
|t:|1758975182
|switch|p2a: Lokix|Lokix, M, tera:Bug|51/100
|-damage|p2a: Lokix|26/100|[from] Stealth Rock
|turn|24
|
|t:|1758975187
|move|p2a: Lokix|First Impression|p1a: Iron Treads
|-resisted|p1a: Iron Treads
|-damage|p1a: Iron Treads|0 fnt
|faint|p1a: Iron Treads
|-end|p1a: Iron Treads|Quark Drive|[silent]
|
|upkeep
|inactive|silverfalcom has 30 seconds left.
|
|t:|1758975216
|switch|p1a: Clefable|Clefable, F|55/100
|turn|25
|
|t:|1758975219
|switch|p2a: Alomomola|Alomomola, M|100/100
|-damage|p2a: Alomomola|88/100|[from] Stealth Rock
|move|p1a: Clefable|Moonblast|p2a: Alomomola
|-damage|p2a: Alomomola|70/100
|
|upkeep
|turn|26
|
|t:|1758975222
|switch|p1a: Ogerpon|Ogerpon-Wellspring, F|43/100
|-status|p1a: Ogerpon|psn
|move|p2a: Alomomola|Body Slam|p1a: Ogerpon
|-damage|p1a: Ogerpon|22/100 psn
|
|-damage|p1a: Ogerpon|10/100 psn|[from] psn
|upkeep
|turn|27
|
|t:|1758975231
|move|p1a: Ogerpon|Horn Leech|p2a: Alomomola
|-supereffective|p2a: Alomomola
|-damage|p2a: Alomomola|9/100
|-heal|p1a: Ogerpon|58/100 psn|[from] drain|[of] p2a: Alomomola
|move|p2a: Alomomola|Body Slam|p1a: Ogerpon
|-damage|p1a: Ogerpon|36/100 psn
|
|-damage|p1a: Ogerpon|24/100 psn|[from] psn
|upkeep
|turn|28
|j| Dionysos
|
|t:|1758975240
|move|p1a: Ogerpon|Horn Leech|p2a: Alomomola
|-supereffective|p2a: Alomomola
|-damage|p2a: Alomomola|0 fnt
|-heal|p1a: Ogerpon|31/100 psn|[from] drain|[of] p2a: Alomomola
|faint|p2a: Alomomola
|
|-damage|p1a: Ogerpon|19/100 psn|[from] psn
|upkeep
|
|t:|1758975242
|switch|p2a: Lokix|Lokix, M, tera:Bug|26/100
|-damage|p2a: Lokix|2/100|[from] Stealth Rock
|turn|29
|l| Dionysos
|
|t:|1758975258
|move|p2a: Lokix|First Impression|p1a: Ogerpon
|-supereffective|p1a: Ogerpon
|-damage|p1a: Ogerpon|0 fnt
|faint|p1a: Ogerpon
|
|upkeep
|
|t:|1758975260
|switch|p1a: Iron Valiant|Iron Valiant|100/100
|-status|p1a: Iron Valiant|psn
|turn|30
|
|t:|1758975280
|move|p2a: Lokix|First Impression||[still]
|-hint|First Impression only works on your first turn out.
|-fail|p2a: Lokix
|move|p1a: Iron Valiant|Moonblast|p2a: Lokix
|-damage|p2a: Lokix|0 fnt
|faint|p2a: Lokix
|
|-damage|p1a: Iron Valiant|88/100 psn|[from] psn
|upkeep
|
|t:|1758975283
|switch|p2a: Great Tusk|Great Tusk|28/100
|turn|31
|inactive|silverfalcom has 90 seconds left.
|-message|thodoras edition forfeited.
|
|win|silverfalcom
|raw|silverfalcom's rating: 1638 &rarr; <strong>1661</strong><br />(+23 for winning)
|raw|thodoras edition's rating: 1695 &rarr; <strong>1672</strong><br />(-23 for losing)
|l|☆thodoras edition
|player|p2|
|l|☆silverfalcom
|player|p1|
