|j|☆The Poo Wrangler
|j|☆Nameless Moron
|t:|1759068915
|gametype|singles
|player|p1|The Poo Wrangler|266|1131
|player|p2|Nameless Moron|unknown|1177
|gen|9
|tier|[Gen 9] OU
|rated|
|rule|HP Percentage Mod: HP is shown in percentages
|rule|Endless Battle Clause: Forcing endless battles is banned
|rule|Species Clause: Limit one of each Pokémon
|rule|OHKO Clause: OHKO moves are banned
|rule|Evasion Items Clause: Evasion items are banned
|rule|Evasion Moves Clause: Evasion moves are banned
|rule|Evasion Abilities Clause: Evasion abilities are banned
|rule|Sleep Moves Clause: Sleep-inducing moves are banned
|clearpoke
|poke|p1|Indeedee, M|
|poke|p1|Quaquaval, M|
|poke|p1|Polteageist|
|poke|p1|Cloyster, F|
|poke|p1|Blaziken, F|
|poke|p1|Hatterene, F|
|poke|p2|Slowking-Galar, F|
|poke|p2|Zamazenta-*|
|poke|p2|Kyurem|
|poke|p2|Cinderace, M|
|poke|p2|Iron Valiant|
|poke|p2|Great Tusk|
|teampreview
|inactive|Battle timer is ON: inactive players will automatically lose when time's up. (requested by The Poo Wrangler)
|inactive|Nameless Moron also wants the timer to be on.
|c|☆The Poo Wrangler|Good luck! :)
|inactive|Nameless Moron has 120 seconds left.
|
|t:|1759068950
|teamsize|p1|6
|teamsize|p2|6
|start
|switch|p1a: Indeedee|Indeedee, M|100/100
|switch|p2a: Iron Valiant|Iron Valiant|100/100
|-fieldstart|move: Psychic Terrain|[from] ability: Psychic Surge|[of] p1a: Indeedee
|-enditem|p2a: Iron Valiant|Booster Energy
|-activate|p2a: Iron Valiant|ability: Quark Drive|[fromitem]
|-start|p2a: Iron Valiant|quarkdrivespe
|turn|1
|
|t:|1759068965
|move|p2a: Iron Valiant|Moonblast|p1a: Indeedee
|-damage|p1a: Indeedee|48/100
|-unboost|p1a: Indeedee|spa|1
|move|p1a: Indeedee|Encore|p2a: Iron Valiant
|-start|p2a: Iron Valiant|Encore
|
|upkeep
|turn|2
|
|t:|1759068977
|switch|p1a: An OwO moment|Hatterene, F|100/100
|move|p2a: Iron Valiant|Moonblast|p1a: An OwO moment
|-damage|p1a: An OwO moment|50/100
|
|-heal|p1a: An OwO moment|56/100|[from] item: Leftovers
|upkeep
|turn|3
|
|t:|1759068990
|-end|p2a: Iron Valiant|Quark Drive|[silent]
|switch|p2a: Slowking|Slowking-Galar, F|100/100
|move|p1a: An OwO moment|Mystical Fire|p2a: Slowking
|-damage|p2a: Slowking|86/100
|-unboost|p2a: Slowking|spa|1
|
|-heal|p1a: An OwO moment|62/100|[from] item: Leftovers
|upkeep
|turn|4
|
|t:|1759068999
|move|p1a: An OwO moment|Mystical Fire|p2a: Slowking
|-crit|p2a: Slowking
|-damage|p2a: Slowking|62/100
|-unboost|p2a: Slowking|spa|1
|move|p2a: Slowking|Future Sight|p1a: An OwO moment
|-start|p2a: Slowking|move: Future Sight
|
|-heal|p1a: An OwO moment|67/100|[from] item: Leftovers
|upkeep
|turn|5
|
|t:|1759069012
|switch|p1a: Blaziken|Blaziken, F|100/100
|move|p2a: Slowking|Sludge Bomb|p1a: Blaziken
|-damage|p1a: Blaziken|71/100
|
|upkeep
|turn|6
|
|t:|1759069020
|-terastallize|p1a: Blaziken|Dark
|move|p1a: Blaziken|Swords Dance|p1a: Blaziken
|-boost|p1a: Blaziken|atk|2
|-prepare|p2a: Slowking|Chilly Reception|[premajor]
|move|p2a: Slowking|Chilly Reception|p2a: Slowking
|-weather|Snowscape
|inactive|Nameless Moron has 120 seconds left.
|
|t:|1759069050
|switch|p2a: Zamazenta|Zamazenta|100/100|[from] Chilly Reception
|-ability|p2a: Zamazenta|Dauntless Shield|boost
|-boost|p2a: Zamazenta|def|1
|
|-weather|Snowscape|[upkeep]
|-end|p1a: Blaziken|move: Future Sight
|-immune|p1a: Blaziken
|-ability|p1a: Blaziken|Speed Boost|boost
|-boost|p1a: Blaziken|spe|1
|upkeep
|turn|7
|inactive|Nameless Moron has 120 seconds left.
|
|t:|1759069062
|move|p1a: Blaziken|Endure|p1a: Blaziken
|-singleturn|p1a: Blaziken|move: Endure
|move|p2a: Zamazenta|Iron Defense|p2a: Zamazenta
|-boost|p2a: Zamazenta|def|2
|
|-weather|Snowscape|[upkeep]
|-ability|p1a: Blaziken|Speed Boost|boost
|-boost|p1a: Blaziken|spe|1
|upkeep
|turn|8
|
|t:|1759069071
|move|p1a: Blaziken|Acrobatics|p2a: Zamazenta
|-supereffective|p2a: Zamazenta
|-damage|p2a: Zamazenta|76/100
|move|p2a: Zamazenta|Body Press|p1a: Blaziken
|-supereffective|p1a: Blaziken
|-damage|p1a: Blaziken|0 fnt
|faint|p1a: Blaziken
|
|-weather|Snowscape|[upkeep]
|-heal|p2a: Zamazenta|82/100|[from] item: Leftovers
|-fieldend|move: Psychic Terrain
|upkeep
|
|t:|1759069080
|switch|p1a: A Pot-Head|Polteageist|100/100
|turn|9
|
|t:|1759069083
|move|p1a: A Pot-Head|Shell Smash|p1a: A Pot-Head
|-unboost|p1a: A Pot-Head|def|1
|-unboost|p1a: A Pot-Head|spd|1
|-boost|p1a: A Pot-Head|atk|2
|-boost|p1a: A Pot-Head|spa|2
|-boost|p1a: A Pot-Head|spe|2
|move|p2a: Zamazenta|Roar|p1a: A Pot-Head
|drag|p1a: An OwO moment|Hatterene, F|67/100
|
|-weather|Snowscape|[upkeep]
|-heal|p2a: Zamazenta|88/100|[from] item: Leftovers
|-heal|p1a: An OwO moment|73/100|[from] item: Leftovers
|upkeep
|turn|10
|
|t:|1759069094
|move|p2a: Zamazenta|Crunch|p1a: An OwO moment
|-damage|p1a: An OwO moment|56/100
|move|p1a: An OwO moment|Psyshock|p2a: Zamazenta
|-supereffective|p2a: Zamazenta
|-damage|p2a: Zamazenta|66/100
|
|-weather|none
|-heal|p2a: Zamazenta|72/100|[from] item: Leftovers
|-heal|p1a: An OwO moment|62/100|[from] item: Leftovers
|upkeep
|turn|11
|
|t:|1759069103
|move|p2a: Zamazenta|Iron Defense|p2a: Zamazenta
|-boost|p2a: Zamazenta|def|2
|move|p1a: An OwO moment|Calm Mind|p1a: An OwO moment
|-boost|p1a: An OwO moment|spa|1
|-boost|p1a: An OwO moment|spd|1
|
|-heal|p2a: Zamazenta|78/100|[from] item: Leftovers
|-heal|p1a: An OwO moment|68/100|[from] item: Leftovers
|upkeep
|turn|12
|
|t:|1759069113
|move|p1a: An OwO moment|Mystical Fire|p2a: Zamazenta
|-damage|p2a: Zamazenta|51/100
|-unboost|p2a: Zamazenta|spa|1
|move|p2a: Zamazenta|Roar|p1a: An OwO moment
|move|p1a: An OwO moment|Roar|p2a: Zamazenta|[from] ability: Magic Bounce
|drag|p2a: Cinderace|Cinderace, M|100/100
|
|-heal|p1a: An OwO moment|74/100|[from] item: Leftovers
|upkeep
|turn|13
|
|t:|1759069126
|move|p2a: Cinderace|U-turn|p1a: An OwO moment
|-start|p2a: Cinderace|typechange|Bug|[from] ability: Libero
|-damage|p1a: An OwO moment|43/100
|
|t:|1759069131
|switch|p2a: Slowking|Slowking-Galar, F|95/100|[from] U-turn
|move|p1a: An OwO moment|Psyshock|p2a: Slowking
|-damage|p2a: Slowking|44/100
|
|-heal|p1a: An OwO moment|49/100|[from] item: Leftovers
|upkeep
|turn|14
|
|t:|1759069147
|move|p1a: An OwO moment|Mystical Fire|p2a: Slowking
|-damage|p2a: Slowking|22/100
|-unboost|p2a: Slowking|spa|1
|move|p2a: Slowking|Sludge Bomb|p1a: An OwO moment
|-supereffective|p1a: An OwO moment
|-damage|p1a: An OwO moment|12/100
|-status|p1a: An OwO moment|psn
|
|-heal|p1a: An OwO moment|17/100 psn|[from] item: Leftovers
|-damage|p1a: An OwO moment|5/100 psn|[from] psn
|upkeep
|turn|15
|
|t:|1759069169
|switch|p2a: Cinderace|Cinderace, M|100/100
|move|p1a: An OwO moment|Psyshock|p2a: Cinderace
|-damage|p2a: Cinderace|30/100
|
|-heal|p1a: An OwO moment|11/100 psn|[from] item: Leftovers
|-damage|p1a: An OwO moment|0 fnt|[from] psn
|faint|p1a: An OwO moment
|upkeep
|
|t:|1759069177
|switch|p1a: The Crips|Quaquaval, M|100/100
|turn|16
|
|t:|1759069181
|move|p2a: Cinderace|Trailblaze|p1a: The Crips
|-start|p2a: Cinderace|typechange|Grass|[from] ability: Libero
|-supereffective|p1a: The Crips
|-damage|p1a: The Crips|38/100
|-boost|p2a: Cinderace|spe|1
|-enditem|p1a: The Crips|Weakness Policy
|-boost|p1a: The Crips|atk|2|[from] item: Weakness Policy
|-boost|p1a: The Crips|spa|2|[from] item: Weakness Policy
|move|p1a: The Crips|Aqua Step|p2a: Cinderace
|-resisted|p2a: Cinderace
|-damage|p2a: Cinderace|0 fnt
|-boost|p1a: The Crips|spe|1
|faint|p2a: Cinderace
|-ability|p1a: The Crips|Moxie|boost
|-boost|p1a: The Crips|atk|1
|
|upkeep
|
|t:|1759069198
|switch|p2a: Kyurem|Kyurem, shiny|100/100
|-ability|p2a: Kyurem|Pressure
|turn|17
|
|t:|1759069210
|move|p1a: The Crips|Endure|p1a: The Crips
|-singleturn|p1a: The Crips|move: Endure
|move|p2a: Kyurem|Freeze-Dry|p1a: The Crips
|-supereffective|p1a: The Crips
|-activate|p1a: The Crips|move: Endure
|-damage|p1a: The Crips|1/100
|
|upkeep
|turn|18
|
|t:|1759069221
|switch|p2a: Zamazenta|Zamazenta|51/100
|move|p1a: The Crips|Reversal|p2a: Zamazenta
|-damage|p2a: Zamazenta|0 fnt
|faint|p2a: Zamazenta
|-ability|p1a: The Crips|Moxie|boost
|-boost|p1a: The Crips|atk|1
|
|upkeep
|
|t:|1759069231
|switch|p2a: Great Tusk|Great Tusk|100/100
|turn|19
|
|t:|1759069243
|-terastallize|p2a: Great Tusk|Ghost
|move|p1a: The Crips|Reversal|p2a: Great Tusk
|-immune|p2a: Great Tusk
|move|p2a: Great Tusk|Rapid Spin|p1a: The Crips
|-damage|p1a: The Crips|0 fnt
|-boost|p2a: Great Tusk|spe|1
|faint|p1a: The Crips
|
|upkeep
|
|t:|1759069253
|switch|p1a: A Pot-Head|Polteageist|100/100
|turn|20
|
|t:|1759069261
|move|p2a: Great Tusk|Headlong Rush|p1a: A Pot-Head
|-damage|p1a: A Pot-Head|5/100
|-unboost|p2a: Great Tusk|def|1
|-unboost|p2a: Great Tusk|spd|1
|-ability|p1a: A Pot-Head|Weak Armor|boost
|-unboost|p1a: A Pot-Head|def|1
|-boost|p1a: A Pot-Head|spe|2
|move|p1a: A Pot-Head|Shell Smash|p1a: A Pot-Head
|-unboost|p1a: A Pot-Head|def|1
|-unboost|p1a: A Pot-Head|spd|1
|-boost|p1a: A Pot-Head|atk|2
|-boost|p1a: A Pot-Head|spa|2
|-boost|p1a: A Pot-Head|spe|2
|
|upkeep
|turn|21
|
|t:|1759069274
|move|p1a: A Pot-Head|Strength Sap|p2a: Great Tusk
|-unboost|p2a: Great Tusk|atk|1
|-heal|p1a: A Pot-Head|100/100
|move|p2a: Great Tusk|Ice Spinner|p1a: A Pot-Head
|-damage|p1a: A Pot-Head|40/100
|-ability|p1a: A Pot-Head|Weak Armor|boost
|-unboost|p1a: A Pot-Head|def|1
|-boost|p1a: A Pot-Head|spe|2
|
|upkeep
|turn|22
|
|t:|1759069285
|move|p1a: A Pot-Head|Shadow Ball|p2a: Great Tusk
|-supereffective|p2a: Great Tusk
|-damage|p2a: Great Tusk|0 fnt
|faint|p2a: Great Tusk
|-end|p2a: Great Tusk|Protosynthesis|[silent]
|
|upkeep
|
|t:|1759069294
|switch|p2a: Kyurem|Kyurem, shiny|100/100
|-ability|p2a: Kyurem|Pressure
|turn|23
|
|t:|1759069304
|move|p1a: A Pot-Head|Stored Power|p2a: Kyurem
|-damage|p2a: Kyurem|0 fnt
|faint|p2a: Kyurem
|
|upkeep
|
|t:|1759069310
|switch|p2a: Slowking|Slowking-Galar, F|56/100
|turn|24
|
|t:|1759069316
|move|p1a: A Pot-Head|Shadow Ball|p2a: Slowking
|-supereffective|p2a: Slowking
|-damage|p2a: Slowking|0 fnt
|faint|p2a: Slowking
|
|upkeep
|
|t:|1759069321
|switch|p2a: Iron Valiant|Iron Valiant|100/100
|turn|25
|
|t:|1759069327
|move|p1a: A Pot-Head|Shadow Ball|p2a: Iron Valiant
|-crit|p2a: Iron Valiant
|-damage|p2a: Iron Valiant|0 fnt
|faint|p2a: Iron Valiant
|-end|p2a: Iron Valiant|Quark Drive|[silent]
|
|win|The Poo Wrangler
|raw|The Poo Wrangler's rating: 1131 &rarr; <strong>1159</strong><br />(+28 for winning)
|raw|Nameless Moron's rating: 1177 &rarr; <strong>1149</strong><br />(-28 for losing)
|c|☆The Poo Wrangler|Gg
|c|☆Nameless Moron|gg
