|j|☆barry1234zjy
|j|☆andrewm0n
|t:|1759052577
|gametype|singles
|player|p1|barry1234zjy|youngster-gen4dp|1421
|player|p2|andrewm0n|266|1432
|gen|9
|tier|[Gen 9] OU
|rated|
|rule|HP Percentage Mod: HP is shown in percentages
|rule|Endless Battle Clause: Forcing endless battles is banned
|rule|Species Clause: Limit one of each Pokémon
|rule|OHKO Clause: OHKO moves are banned
|rule|Evasion Items Clause: Evasion items are banned
|rule|Evasion Moves Clause: Evasion moves are banned
|rule|Evasion Abilities Clause: Evasion abilities are banned
|rule|Sleep Moves Clause: Sleep-inducing moves are banned
|clearpoke
|poke|p1|Comfey, F|
|poke|p1|Whimsicott, M|
|poke|p1|Iron Moth|
|poke|p1|Great Tusk|
|poke|p1|Walking Wake|
|poke|p1|Ninetales, F|
|poke|p2|Rillaboom, M|
|poke|p2|Alomomola, F|
|poke|p2|Glimmora, F|
|poke|p2|Skeledirge, M|
|poke|p2|Lokix, M|
|poke|p2|Swampert, M|
|teampreview
|
|t:|1759052595
|teamsize|p1|6
|teamsize|p2|6
|start
|switch|p1a: Ninetales|Ninetales, F|100/100
|switch|p2a: Glimmora|Glimmora, F, shiny|100/100
|-weather|SunnyDay|[from] ability: Drought|[of] p1a: Ninetales
|turn|1
|
|t:|1759052607
|switch|p1a: Great Tusk|Great Tusk|100/100
|-activate|p1a: Great Tusk|ability: Protosynthesis
|-start|p1a: Great Tusk|protosynthesisspe
|move|p2a: Glimmora|Power Gem|p1a: Great Tusk
|-resisted|p1a: Great Tusk
|-damage|p1a: Great Tusk|91/100
|
|-weather|SunnyDay|[upkeep]
|upkeep
|turn|2
|
|t:|1759052612
|-terastallize|p2a: Glimmora|Grass
|move|p1a: Great Tusk|Rapid Spin|p2a: Glimmora
|-damage|p2a: Glimmora|86/100
|-boost|p1a: Great Tusk|spe|1
|-activate|p2a: Glimmora|ability: Toxic Debris
|-sidestart|p1: barry1234zjy|move: Toxic Spikes
|-sideend|p1: barry1234zjy|Toxic Spikes|[from] move: Rapid Spin|[of] p1a: Great Tusk
|move|p2a: Glimmora|Energy Ball|p1a: Great Tusk
|-supereffective|p1a: Great Tusk
|-damage|p1a: Great Tusk|1/100
|
|-weather|SunnyDay|[upkeep]
|upkeep
|turn|3
|
|t:|1759052625
|-end|p1a: Great Tusk|Protosynthesis|[silent]
|switch|p1a: Iron Moth|Iron Moth|100/100
|-enditem|p1a: Iron Moth|Booster Energy
|-activate|p1a: Iron Moth|ability: Quark Drive|[fromitem]
|-start|p1a: Iron Moth|quarkdrivespa
|switch|p2a: Alomomola|Alomomola, F, shiny|100/100
|
|-weather|SunnyDay|[upkeep]
|upkeep
|turn|4
|
|t:|1759052629
|move|p1a: Iron Moth|Solar Beam||[still]
|-prepare|p1a: Iron Moth|Solar Beam
|-anim|p1a: Iron Moth|Solar Beam|p2a: Alomomola
|-supereffective|p2a: Alomomola
|-damage|p2a: Alomomola|8/100
|move|p2a: Alomomola|Mirror Coat|p1a: Iron Moth
|-damage|p1a: Iron Moth|0 fnt
|faint|p1a: Iron Moth
|-end|p1a: Iron Moth|Quark Drive|[silent]
|
|-weather|SunnyDay|[upkeep]
|upkeep
|
|t:|1759052636
|switch|p1a: Comfey|Comfey, F|100/100
|turn|5
|
|t:|1759052640
|switch|p2a: Skeledirge|Skeledirge, M, shiny|100/100
|move|p1a: Comfey|Growth|p1a: Comfey
|-boost|p1a: Comfey|atk|2
|-boost|p1a: Comfey|spa|2
|
|-weather|SunnyDay|[upkeep]
|upkeep
|turn|6
|
|t:|1759052643
|move|p1a: Comfey|Growth|p1a: Comfey
|-boost|p1a: Comfey|atk|2
|-boost|p1a: Comfey|spa|2
|move|p2a: Skeledirge|Torch Song|p1a: Comfey
|-damage|p1a: Comfey|57/100
|-boost|p2a: Skeledirge|spa|1
|
|-weather|SunnyDay|[upkeep]
|upkeep
|turn|7
|
|t:|1759052647
|move|p1a: Comfey|Stored Power|p2a: Skeledirge
|-damage|p2a: Skeledirge|31/100
|-damage|p1a: Comfey|47/100|[from] item: Life Orb
|move|p2a: Skeledirge|Torch Song|p1a: Comfey
|-damage|p1a: Comfey|0 fnt
|-boost|p2a: Skeledirge|spa|1
|faint|p1a: Comfey
|
|-weather|SunnyDay|[upkeep]
|upkeep
|
|t:|1759052658
|switch|p1a: Walking Wake|Walking Wake|100/100
|-activate|p1a: Walking Wake|ability: Protosynthesis
|-start|p1a: Walking Wake|protosynthesisspe
|turn|8
|
|t:|1759052676
|move|p1a: Walking Wake|Hydro Steam|p2a: Skeledirge
|-supereffective|p2a: Skeledirge
|-damage|p2a: Skeledirge|0 fnt
|faint|p2a: Skeledirge
|
|-weather|none
|-end|p1a: Walking Wake|Protosynthesis
|upkeep
|
|t:|1759052687
|switch|p2a: Rillaboom|Rillaboom, M, shiny|100/100
|-fieldstart|move: Grassy Terrain|[from] ability: Grassy Surge|[of] p2a: Rillaboom
|turn|9
|
|t:|1759052691
|-end|p1a: Walking Wake|Protosynthesis|[silent]
|switch|p1a: Ninetales|Ninetales, F|100/100
|-weather|SunnyDay|[from] ability: Drought|[of] p1a: Ninetales
|move|p2a: Rillaboom|Wood Hammer|p1a: Ninetales
|-resisted|p1a: Ninetales
|-damage|p1a: Ninetales|31/100
|-damage|p2a: Rillaboom|77/100|[from] Recoil
|-damage|p2a: Rillaboom|67/100|[from] item: Life Orb
|
|-weather|SunnyDay|[upkeep]
|-heal|p1a: Ninetales|37/100|[from] Grassy Terrain
|-heal|p2a: Rillaboom|73/100|[from] Grassy Terrain
|upkeep
|turn|10
|
|t:|1759052708
|switch|p1a: Whimsicott|Whimsicott, M|100/100
|move|p2a: Rillaboom|Grassy Glide|p1a: Whimsicott
|-resisted|p1a: Whimsicott
|-damage|p1a: Whimsicott|69/100
|-damage|p2a: Rillaboom|63/100|[from] item: Life Orb
|
|-weather|SunnyDay|[upkeep]
|-heal|p1a: Whimsicott|75/100|[from] Grassy Terrain
|-heal|p2a: Rillaboom|69/100|[from] Grassy Terrain
|upkeep
|turn|11
|l|☆barry1234zjy
|player|p1|
|inactive|Battle timer is ON: inactive players will automatically lose when time's up. (requested by andrewm0n)
|j|☆barry1234zjy
|inactive|barry1234zjy reconnected and has 130 seconds left.
|player|p1|barry1234zjy|youngster-gen4dp|
|
|t:|1759052786
|move|p1a: Whimsicott|Growth|p1a: Whimsicott
|-boost|p1a: Whimsicott|atk|2
|-boost|p1a: Whimsicott|spa|2
|move|p2a: Rillaboom|Wood Hammer|p1a: Whimsicott
|-resisted|p1a: Whimsicott
|-damage|p1a: Whimsicott|1/100
|-damage|p2a: Rillaboom|48/100|[from] Recoil
|-damage|p2a: Rillaboom|38/100|[from] item: Life Orb
|
|-weather|SunnyDay|[upkeep]
|-heal|p1a: Whimsicott|8/100|[from] Grassy Terrain
|-heal|p2a: Rillaboom|44/100|[from] Grassy Terrain
|upkeep
|turn|12
|
|t:|1759052799
|move|p2a: Rillaboom|Grassy Glide|p1a: Whimsicott
|-resisted|p1a: Whimsicott
|-damage|p1a: Whimsicott|0 fnt
|faint|p1a: Whimsicott
|-damage|p2a: Rillaboom|34/100|[from] item: Life Orb
|
|-weather|SunnyDay|[upkeep]
|-heal|p2a: Rillaboom|40/100|[from] Grassy Terrain
|upkeep
|
|t:|1759052807
|switch|p1a: Walking Wake|Walking Wake|100/100
|-activate|p1a: Walking Wake|ability: Protosynthesis
|-start|p1a: Walking Wake|protosynthesisspe
|turn|13
|
|t:|1759052815
|switch|p2a: Swampert|Swampert, M, shiny|100/100
|move|p1a: Walking Wake|Draco Meteor|p2a: Swampert
|-damage|p2a: Swampert|60/100
|-unboost|p1a: Walking Wake|spa|2
|
|-weather|SunnyDay|[upkeep]
|-heal|p2a: Swampert|67/100|[from] Grassy Terrain
|-heal|p2a: Swampert|73/100|[from] item: Leftovers
|-fieldend|move: Grassy Terrain
|upkeep
|turn|14
|-message|barry1234zjy forfeited.
|
|win|andrewm0n
|raw|barry1234zjy's rating: 1421 &rarr; <strong>1402</strong><br />(-19 for losing)
|raw|andrewm0n's rating: 1432 &rarr; <strong>1451</strong><br />(+19 for winning)
|l|☆barry1234zjy
|player|p1|
|l|☆andrewm0n
|player|p2|
