|j|☆hyperoffenseweasel
|j|☆SwiftLove
|t:|1759026578
|gametype|singles
|player|p1|hyperoffenseweasel|2|1301
|player|p2|SwiftLove|perrin|1247
|gen|9
|tier|[Gen 9] OU
|rated|
|rule|HP Percentage Mod: HP is shown in percentages
|rule|Endless Battle Clause: Forcing endless battles is banned
|rule|Species Clause: Limit one of each Pokémon
|rule|OHKO Clause: OHKO moves are banned
|rule|Evasion Items Clause: Evasion items are banned
|rule|Evasion Moves Clause: Evasion moves are banned
|rule|Evasion Abilities Clause: Evasion abilities are banned
|rule|Sleep Moves Clause: Sleep-inducing moves are banned
|clearpoke
|poke|p1|Zamazenta-*|
|poke|p1|Ninetales-Alola, M|
|poke|p1|Gliscor, M|
|poke|p1|Hatterene, F|
|poke|p1|Iron Valiant|
|poke|p1|Weavile, F|
|poke|p2|Hawlucha, M|
|poke|p2|Rillaboom, M|
|poke|p2|Iron Moth|
|poke|p2|Glimmora, F|
|poke|p2|Dragapult, M|
|poke|p2|Raging Bolt|
|teampreview
|inactive|Battle timer is ON: inactive players will automatically lose when time's up. (requested by hyperoffenseweasel)
|
|t:|1759026594
|teamsize|p1|6
|teamsize|p2|6
|start
|switch|p1a: Ninetales|Ninetales-Alola, M|100/100
|switch|p2a: Change Service|Glimmora, F|100/100
|-weather|Snowscape|[from] ability: Snow Warning|[of] p1a: Ninetales
|turn|1
|
|t:|1759026605
|move|p2a: Change Service|Stealth Rock|p1a: Ninetales
|-sidestart|p1: hyperoffenseweasel|move: Stealth Rock
|move|p1a: Ninetales|Roar|p2a: Change Service
|drag|p2a: MF Boom|Rillaboom, M|100/100
|-fieldstart|move: Grassy Terrain|[from] ability: Grassy Surge|[of] p2a: MF Boom
|
|-weather|Snowscape|[upkeep]
|upkeep
|turn|2
|
|t:|1759026616
|switch|p2a: Change Service|Glimmora, F|100/100
|move|p1a: Ninetales|Aurora Veil|p1a: Ninetales
|-sidestart|p1: hyperoffenseweasel|move: Aurora Veil
|
|-weather|Snowscape|[upkeep]
|upkeep
|turn|3
|
|t:|1759026625
|switch|p1a: Hatterene|Hatterene, F|100/100
|-damage|p1a: Hatterene|88/100|[from] Stealth Rock
|move|p2a: Change Service|Mortal Spin|p1a: Hatterene
|-supereffective|p1a: Hatterene
|-damage|p1a: Hatterene|82/100
|-status|p1a: Hatterene|psn
|
|-weather|Snowscape|[upkeep]
|-heal|p1a: Hatterene|88/100 psn|[from] Grassy Terrain
|-heal|p1a: Hatterene|94/100 psn|[from] item: Leftovers
|-damage|p1a: Hatterene|82/100 psn|[from] psn
|upkeep
|turn|4
|
|t:|1759026641
|move|p2a: Change Service|Power Gem|p1a: Hatterene
|-damage|p1a: Hatterene|58/100 psn
|move|p1a: Hatterene|Psyshock|p2a: Change Service
|-supereffective|p2a: Change Service
|-damage|p2a: Change Service|0 fnt
|faint|p2a: Change Service
|
|-weather|Snowscape|[upkeep]
|-heal|p1a: Hatterene|64/100 psn|[from] Grassy Terrain
|-heal|p1a: Hatterene|70/100 psn|[from] item: Leftovers
|-damage|p1a: Hatterene|58/100 psn|[from] psn
|upkeep
|inactive|SwiftLove has 120 seconds left.
|
|t:|1759026684
|switch|p2a: Frightfest 2019|Dragapult, M|100/100
|turn|5
|
|t:|1759026700
|move|p2a: Frightfest 2019|Hex|p1a: Hatterene
|-supereffective|p1a: Hatterene
|-damage|p1a: Hatterene|0 fnt
|faint|p1a: Hatterene
|
|-weather|none
|-fieldend|move: Grassy Terrain
|upkeep
|inactive|hyperoffenseweasel has 120 seconds left.
|
|t:|1759026727
|switch|p1a: Gliscor|Gliscor, M|100/100
|-damage|p1a: Gliscor|88/100|[from] Stealth Rock
|turn|6
|inactive|hyperoffenseweasel has 120 seconds left.
|
|t:|1759026734
|move|p2a: Frightfest 2019|Will-O-Wisp|p1a: Gliscor
|-status|p1a: Gliscor|brn
|move|p1a: Gliscor|Swords Dance|p1a: Gliscor
|-boost|p1a: Gliscor|atk|2
|
|-damage|p1a: Gliscor|82/100 brn|[from] brn
|upkeep
|turn|7
|
|t:|1759026747
|-terastallize|p2a: Frightfest 2019|Fairy
|move|p2a: Frightfest 2019|Hex|p1a: Gliscor
|-damage|p1a: Gliscor|22/100 brn
|move|p1a: Gliscor|Agility|p1a: Gliscor
|-boost|p1a: Gliscor|spe|2
|
|-damage|p1a: Gliscor|16/100 brn|[from] brn
|upkeep
|turn|8
|
|t:|1759026767
|move|p1a: Gliscor|Facade|p2a: Frightfest 2019
|-damage|p2a: Frightfest 2019|16/100
|move|p2a: Frightfest 2019|U-turn|p1a: Gliscor
|-resisted|p1a: Gliscor
|-damage|p1a: Gliscor|9/100 brn
|
|t:|1759026774
|switch|p2a: MF Boom|Rillaboom, M|100/100|[from] U-turn
|-fieldstart|move: Grassy Terrain|[from] ability: Grassy Surge|[of] p2a: MF Boom
|
|-damage|p1a: Gliscor|3/100 brn|[from] brn
|upkeep
|turn|9
|
|t:|1759026785
|move|p2a: MF Boom|Grassy Glide|p1a: Gliscor
|-damage|p1a: Gliscor|0 fnt
|faint|p1a: Gliscor
|
|-sideend|p1: hyperoffenseweasel|move: Aurora Veil
|upkeep
|
|t:|1759026790
|switch|p1a: Ninetales|Ninetales-Alola, M|100/100
|-damage|p1a: Ninetales|76/100|[from] Stealth Rock
|-weather|Snowscape|[from] ability: Snow Warning|[of] p1a: Ninetales
|turn|10
|
|t:|1759026795
|move|p2a: MF Boom|Grassy Glide|p1a: Ninetales
|-damage|p1a: Ninetales|27/100
|move|p1a: Ninetales|Aurora Veil|p1a: Ninetales
|-sidestart|p1: hyperoffenseweasel|move: Aurora Veil
|
|-weather|Snowscape|[upkeep]
|-heal|p1a: Ninetales|33/100|[from] Grassy Terrain
|upkeep
|turn|11
|
|t:|1759026802
|move|p2a: MF Boom|Grassy Glide|p1a: Ninetales
|-damage|p1a: Ninetales|8/100
|move|p1a: Ninetales|Freeze-Dry|p2a: MF Boom
|-supereffective|p2a: MF Boom
|-damage|p2a: MF Boom|44/100
|
|-weather|Snowscape|[upkeep]
|-heal|p1a: Ninetales|14/100|[from] Grassy Terrain
|-heal|p2a: MF Boom|50/100|[from] Grassy Terrain
|upkeep
|turn|12
|
|t:|1759026810
|move|p2a: MF Boom|Grassy Glide|p1a: Ninetales
|-damage|p1a: Ninetales|0 fnt
|faint|p1a: Ninetales
|
|-weather|Snowscape|[upkeep]
|-heal|p2a: MF Boom|57/100|[from] Grassy Terrain
|-fieldend|move: Grassy Terrain
|upkeep
|
|t:|1759026820
|switch|p1a: Weavile|Weavile, F|100/100
|-damage|p1a: Weavile|76/100|[from] Stealth Rock
|-ability|p1a: Weavile|Pressure
|turn|13
|
|t:|1759026827
|switch|p2a: Frightfest 2019|Dragapult, M, tera:Fairy|16/100
|move|p1a: Weavile|Icicle Spear|p2a: Frightfest 2019
|-damage|p2a: Frightfest 2019|0 fnt
|faint|p2a: Frightfest 2019
|-hitcount|p2: Frightfest 2019|1
|
|-weather|Snowscape|[upkeep]
|upkeep
|
|t:|1759026833
|switch|p2a: Iron Moth|Iron Moth|100/100
|-enditem|p2a: Iron Moth|Booster Energy
|-activate|p2a: Iron Moth|ability: Quark Drive|[fromitem]
|-start|p2a: Iron Moth|quarkdrivespe
|turn|14
|
|t:|1759026845
|-terastallize|p1a: Weavile|Dark
|move|p2a: Iron Moth|Fiery Dance|p1a: Weavile
|-damage|p1a: Weavile|47/100
|move|p1a: Weavile|Knock Off|p2a: Iron Moth
|-damage|p2a: Iron Moth|33/100
|
|-weather|none
|upkeep
|turn|15
|
|t:|1759026858
|move|p2a: Iron Moth|Sludge Wave|p1a: Weavile
|-damage|p1a: Weavile|14/100
|move|p1a: Weavile|Knock Off|p2a: Iron Moth
|-damage|p2a: Iron Moth|0 fnt
|faint|p2a: Iron Moth
|-end|p2a: Iron Moth|Quark Drive|[silent]
|
|upkeep
|
|t:|1759026864
|switch|p2a: MF Boom|Rillaboom, M|57/100
|-fieldstart|move: Grassy Terrain|[from] ability: Grassy Surge|[of] p2a: MF Boom
|turn|16
|
|t:|1759026874
|move|p1a: Weavile|Ice Shard|p2a: MF Boom
|-supereffective|p2a: MF Boom
|-damage|p2a: MF Boom|9/100
|move|p2a: MF Boom|Grassy Glide|p1a: Weavile
|-damage|p1a: Weavile|0 fnt
|faint|p1a: Weavile
|
|-heal|p2a: MF Boom|15/100|[from] Grassy Terrain
|upkeep
|
|t:|1759026882
|switch|p1a: Zamazenta|Zamazenta|100/100
|-damage|p1a: Zamazenta|94/100|[from] Stealth Rock
|-ability|p1a: Zamazenta|Dauntless Shield|boost
|-boost|p1a: Zamazenta|def|1
|turn|17
|
|t:|1759026890
|move|p2a: MF Boom|Grassy Glide|p1a: Zamazenta
|-damage|p1a: Zamazenta|78/100
|move|p1a: Zamazenta|Iron Defense|p1a: Zamazenta
|-boost|p1a: Zamazenta|def|2
|
|-heal|p1a: Zamazenta|84/100|[from] Grassy Terrain
|-heal|p2a: MF Boom|21/100|[from] Grassy Terrain
|-sideend|p1: hyperoffenseweasel|move: Aurora Veil
|upkeep
|turn|18
|
|t:|1759026898
|switch|p2a: Last Dinosaur|Raging Bolt|100/100
|-enditem|p2a: Last Dinosaur|Booster Energy
|-activate|p2a: Last Dinosaur|ability: Protosynthesis|[fromitem]
|-start|p2a: Last Dinosaur|protosynthesisspa
|move|p1a: Zamazenta|Iron Defense|p1a: Zamazenta
|-boost|p1a: Zamazenta|def|2
|
|-heal|p1a: Zamazenta|90/100|[from] Grassy Terrain
|upkeep
|turn|19
|
|t:|1759026911
|move|p1a: Zamazenta|Body Press|p2a: Last Dinosaur
|-damage|p2a: Last Dinosaur|0 fnt
|faint|p2a: Last Dinosaur
|-end|p2a: Last Dinosaur|Protosynthesis|[silent]
|
|-heal|p1a: Zamazenta|96/100|[from] Grassy Terrain
|upkeep
|
|t:|1759026914
|switch|p2a: Rusty Haze|Hawlucha, M|100/100
|-enditem|p2a: Rusty Haze|Grassy Seed
|-boost|p2a: Rusty Haze|def|1|[from] item: Grassy Seed
|turn|20
|
|t:|1759026931
|move|p2a: Rusty Haze|Swords Dance|p2a: Rusty Haze
|-boost|p2a: Rusty Haze|atk|2
|move|p1a: Zamazenta|Body Press|p2a: Rusty Haze
|-resisted|p2a: Rusty Haze
|-damage|p2a: Rusty Haze|36/100
|
|-heal|p1a: Zamazenta|100/100|[from] Grassy Terrain
|-fieldend|move: Grassy Terrain
|upkeep
|turn|21
|
|t:|1759026939
|move|p2a: Rusty Haze|Acrobatics|p1a: Zamazenta
|-supereffective|p1a: Zamazenta
|-damage|p1a: Zamazenta|54/100
|move|p1a: Zamazenta|Body Press|p2a: Rusty Haze
|-resisted|p2a: Rusty Haze
|-damage|p2a: Rusty Haze|0 fnt
|faint|p2a: Rusty Haze
|
|upkeep
|c|☆hyperoffenseweasel|gg
|
|t:|1759026944
|switch|p2a: MF Boom|Rillaboom, M|21/100
|-fieldstart|move: Grassy Terrain|[from] ability: Grassy Surge|[of] p2a: MF Boom
|turn|22
|
|t:|1759026949
|move|p1a: Zamazenta|Body Press|p2a: MF Boom
|-damage|p2a: MF Boom|0 fnt
|faint|p2a: MF Boom
|
|win|hyperoffenseweasel
|raw|hyperoffenseweasel's rating: 1301 &rarr; <strong>1318</strong><br />(+17 for winning)
|raw|SwiftLove's rating: 1247 &rarr; <strong>1226</strong><br />(-21 for losing)
|l|☆SwiftLove
|player|p2|
|c|☆hyperoffenseweasel|u got zentad
