|j|☆Noamm
|j|☆Crooksieee
|t:|1759032768
|gametype|singles
|player|p1|Noamm|gambler|1677
|player|p2|Crooksieee|170|1646
|gen|9
|tier|[Gen 9] OU
|rated|
|rule|HP Percentage Mod: HP is shown in percentages
|rule|Endless Battle Clause: Forcing endless battles is banned
|rule|Species Clause: Limit one of each Pokémon
|rule|OHKO Clause: OHKO moves are banned
|rule|Evasion Items Clause: Evasion items are banned
|rule|Evasion Moves Clause: Evasion moves are banned
|rule|Evasion Abilities Clause: Evasion abilities are banned
|rule|Sleep Moves Clause: Sleep-inducing moves are banned
|clearpoke
|poke|p1|Lokix, F|
|poke|p1|Ogerpon-Wellspring, F|
|poke|p1|Weezing-Galar, F|
|poke|p1|Ting-Lu|
|poke|p1|Moltres|
|poke|p1|Iron Crown|
|poke|p2|Scizor, F|
|poke|p2|Glimmora, F|
|poke|p2|Samurott-Hisui, F|
|poke|p2|Great Tusk|
|poke|p2|Gholdengo|
|poke|p2|Dragapult, M|
|teampreview
|
|t:|1759032786
|teamsize|p1|6
|teamsize|p2|6
|start
|switch|p1a: Nasty Vent|Weezing-Galar, F|100/100
|switch|p2a: Glimmora|Glimmora, F|100/100
|-ability|p1a: Nasty Vent|Neutralizing Gas
|turn|1
|
|t:|1759032796
|-end|p1a: Nasty Vent|ability: Neutralizing Gas
|switch|p1a: Sword Vent|Iron Crown|100/100
|move|p2a: Glimmora|Earth Power|p1a: Sword Vent
|-supereffective|p1a: Sword Vent
|-damage|p1a: Sword Vent|59/100
|
|upkeep
|turn|2
|
|t:|1759032814
|switch|p2a: Samurott|Samurott-Hisui, F|100/100
|move|p1a: Sword Vent|Tachyon Cutter|p2a: Samurott
|-resisted|p2a: Samurott
|-damage|p2a: Samurott|91/100
|-resisted|p2a: Samurott
|-damage|p2a: Samurott|82/100
|-hitcount|p2a: Samurott|2
|
|upkeep
|turn|3
|
|t:|1759032822
|move|p2a: Samurott|Sucker Punch|p1a: Sword Vent
|-supereffective|p1a: Sword Vent
|-damage|p1a: Sword Vent|0 fnt
|faint|p1a: Sword Vent
|-end|p1a: Sword Vent|Quark Drive|[silent]
|
|upkeep
|
|t:|1759032829
|switch|p1a: Survive Rekka|Lokix, F|100/100
|turn|4
|
|t:|1759032858
|switch|p2a: Scizor|Scizor, F|100/100
|move|p1a: Survive Rekka|U-turn|p2a: Scizor
|-resisted|p2a: Scizor
|-damage|p2a: Scizor|49/100
|
|t:|1759032862
|switch|p1a: Shoot Vent|Moltres|100/100|[from] U-turn
|
|upkeep
|turn|5
|
|t:|1759032868
|switch|p2a: Glimmora|Glimmora, F|100/100
|move|p1a: Shoot Vent|U-turn|p2a: Glimmora
|-resisted|p2a: Glimmora
|-crit|p2a: Glimmora
|-damage|p2a: Glimmora|91/100
|-activate|p2a: Glimmora|ability: Toxic Debris
|-sidestart|p1: Noamm|move: Toxic Spikes
|
|t:|1759032870
|switch|p1a: Nasty Vent|Weezing-Galar, F|100/100|[from] U-turn
|-ability|p1a: Nasty Vent|Neutralizing Gas
|-sideend|p1: Noamm|move: Toxic Spikes|[of] p1a: Nasty Vent
|
|upkeep
|turn|6
|
|t:|1759032884
|-end|p1a: Nasty Vent|ability: Neutralizing Gas
|switch|p1a: Strange Vent|Ting-Lu, shiny|100/100
|-ability|p1a: Strange Vent|Vessel of Ruin
|move|p2a: Glimmora|Sludge Wave|p1a: Strange Vent
|-resisted|p1a: Strange Vent
|-damage|p1a: Strange Vent|89/100
|
|-heal|p1a: Strange Vent|96/100|[from] item: Leftovers
|upkeep
|turn|7
|
|t:|1759032895
|switch|p2a: Great Tusk|Great Tusk|100/100
|move|p1a: Strange Vent|Earthquake|p2a: Great Tusk
|-damage|p2a: Great Tusk|74/100
|
|-heal|p2a: Great Tusk|80/100|[from] item: Leftovers
|-heal|p1a: Strange Vent|100/100|[from] item: Leftovers
|upkeep
|turn|8
|
|t:|1759032904
|switch|p1a: Shoot Vent|Moltres|100/100
|move|p2a: Great Tusk|Bulk Up|p2a: Great Tusk
|-boost|p2a: Great Tusk|atk|1
|-boost|p2a: Great Tusk|def|1
|
|-heal|p2a: Great Tusk|86/100|[from] item: Leftovers
|upkeep
|turn|9
|
|t:|1759032914
|-end|p2a: Great Tusk|Protosynthesis|[silent]
|switch|p2a: Glimmora|Glimmora, F|91/100
|move|p1a: Shoot Vent|Roar|p2a: Glimmora
|drag|p2a: Scizor|Scizor, F|49/100
|
|upkeep
|turn|10
|
|t:|1759032922
|switch|p2a: Glimmora|Glimmora, F|91/100
|move|p1a: Shoot Vent|U-turn|p2a: Glimmora
|-resisted|p2a: Glimmora
|-damage|p2a: Glimmora|85/100
|-activate|p2a: Glimmora|ability: Toxic Debris
|-sidestart|p1: Noamm|move: Toxic Spikes
|
|t:|1759032928
|switch|p1a: Nasty Vent|Weezing-Galar, F|100/100|[from] U-turn
|-ability|p1a: Nasty Vent|Neutralizing Gas
|-sideend|p1: Noamm|move: Toxic Spikes|[of] p1a: Nasty Vent
|
|upkeep
|turn|11
|
|t:|1759032935
|-end|p1a: Nasty Vent|ability: Neutralizing Gas
|switch|p1a: Strange Vent|Ting-Lu, shiny|100/100
|-ability|p1a: Strange Vent|Vessel of Ruin
|move|p2a: Glimmora|Energy Ball|p1a: Strange Vent
|-supereffective|p1a: Strange Vent
|-damage|p1a: Strange Vent|72/100
|
|-heal|p1a: Strange Vent|78/100|[from] item: Leftovers
|upkeep
|turn|12
|
|t:|1759032979
|-terastallize|p2a: Glimmora|Grass
|move|p2a: Glimmora|Energy Ball|p1a: Strange Vent
|-supereffective|p1a: Strange Vent
|-damage|p1a: Strange Vent|34/100
|move|p1a: Strange Vent|Ruination|p2a: Glimmora|[miss]
|-miss|p1a: Strange Vent|p2a: Glimmora
|
|-heal|p1a: Strange Vent|40/100|[from] item: Leftovers
|upkeep
|turn|13
|
|t:|1759032991
|move|p2a: Glimmora|Energy Ball|p1a: Strange Vent
|-supereffective|p1a: Strange Vent
|-damage|p1a: Strange Vent|0 fnt
|faint|p1a: Strange Vent
|
|upkeep
|
|t:|1759033006
|switch|p1a: Survive Rekka|Lokix, F|100/100
|turn|14
|
|t:|1759033012
|switch|p2a: Gholdengo|Gholdengo|100/100
|move|p1a: Survive Rekka|First Impression|p2a: Gholdengo
|-resisted|p2a: Gholdengo
|-damage|p2a: Gholdengo|69/100
|
|upkeep
|turn|15
|
|t:|1759033020
|switch|p1a: Shoot Vent|Moltres|100/100
|move|p2a: Gholdengo|Thunder Wave|p1a: Shoot Vent
|-status|p1a: Shoot Vent|par
|
|upkeep
|turn|16
|
|t:|1759033029
|switch|p2a: Samurott|Samurott-Hisui, F|82/100
|cant|p1a: Shoot Vent|par
|
|upkeep
|turn|17
|
|t:|1759033035
|switch|p1a: Nasty Vent|Weezing-Galar, F|100/100
|-ability|p1a: Nasty Vent|Neutralizing Gas
|move|p2a: Samurott|Ceaseless Edge|p1a: Nasty Vent
|-resisted|p1a: Nasty Vent
|-damage|p1a: Nasty Vent|90/100
|-sidestart|p1: Noamm|Spikes
|
|upkeep
|turn|18
|
|t:|1759033044
|move|p2a: Samurott|Ceaseless Edge|p1a: Nasty Vent
|-resisted|p1a: Nasty Vent
|-damage|p1a: Nasty Vent|80/100
|-sidestart|p1: Noamm|Spikes
|move|p1a: Nasty Vent|Sludge Bomb|p2a: Samurott
|-damage|p2a: Samurott|59/100
|
|upkeep
|turn|19
|
|t:|1759033052
|move|p2a: Samurott|Ceaseless Edge|p1a: Nasty Vent
|-resisted|p1a: Nasty Vent
|-damage|p1a: Nasty Vent|69/100
|-sidestart|p1: Noamm|Spikes
|move|p1a: Nasty Vent|Defog|p2a: Samurott
|-unboost|p2a: Samurott|evasion|1
|-sideend|p1: Noamm|Spikes|[from] move: Defog|[of] p1a: Nasty Vent
|
|upkeep
|turn|20
|
|t:|1759033065
|move|p2a: Samurott|Aqua Cutter|p1a: Nasty Vent
|-crit|p1a: Nasty Vent
|-damage|p1a: Nasty Vent|33/100
|move|p1a: Nasty Vent|Will-O-Wisp|p2a: Samurott
|-status|p2a: Samurott|brn
|
|-damage|p2a: Samurott|53/100 brn|[from] brn
|upkeep
|turn|21
|
|t:|1759033075
|move|p2a: Samurott|Aqua Cutter|p1a: Nasty Vent
|-damage|p1a: Nasty Vent|22/100
|move|p1a: Nasty Vent|Pain Split|p2a: Samurott
|-sethp|p2a: Samurott|37/100 brn|[from] move: Pain Split|[silent]
|-sethp|p1a: Nasty Vent|40/100|[from] move: Pain Split
|
|-damage|p2a: Samurott|31/100 brn|[from] brn
|upkeep
|turn|22
|
|t:|1759033085
|-end|p1a: Nasty Vent|ability: Neutralizing Gas
|switch|p1a: Strike Vent|Ogerpon-Wellspring, F|100/100
|move|p2a: Samurott|Ceaseless Edge|p1a: Strike Vent
|-damage|p1a: Strike Vent|71/100
|-sidestart|p1: Noamm|Spikes
|
|-damage|p2a: Samurott|25/100 brn|[from] brn
|upkeep
|turn|23
|
|t:|1759033094
|move|p2a: Samurott|Sucker Punch|p1a: Strike Vent
|-damage|p1a: Strike Vent|46/100
|move|p1a: Strike Vent|Horn Leech|p2a: Samurott
|-supereffective|p2a: Samurott
|-damage|p2a: Samurott|0 fnt
|-heal|p1a: Strike Vent|61/100|[from] drain|[of] p2a: Samurott
|faint|p2a: Samurott
|
|upkeep
|
|t:|1759033103
|switch|p2a: Dragapult|Dragapult, M|100/100
|turn|24
|
|t:|1759033109
|switch|p1a: Shoot Vent|Moltres|100/100 par
|move|p2a: Dragapult|Will-O-Wisp||[still]
|-fail|p2a: Dragapult
|
|upkeep
|turn|25
|
|t:|1759033116
|move|p2a: Dragapult|Hex|p1a: Shoot Vent
|-damage|p1a: Shoot Vent|44/100 par
|move|p1a: Shoot Vent|U-turn|p2a: Dragapult
|-resisted|p2a: Dragapult
|-damage|p2a: Dragapult|91/100
|
|t:|1759033118
|switch|p1a: Survive Rekka|Lokix, F|100/100|[from] U-turn
|-damage|p1a: Survive Rekka|88/100|[from] Spikes
|
|upkeep
|turn|26
|
|t:|1759033126
|move|p2a: Dragapult|Will-O-Wisp|p1a: Survive Rekka
|-status|p1a: Survive Rekka|brn
|move|p1a: Survive Rekka|Knock Off|p2a: Dragapult
|-supereffective|p2a: Dragapult
|-damage|p2a: Dragapult|0 fnt
|-enditem|p2a: Dragapult|Eject Pack|[from] move: Knock Off|[of] p1a: Survive Rekka
|faint|p2a: Dragapult
|
|-damage|p1a: Survive Rekka|82/100 brn|[from] brn
|upkeep
|
|t:|1759033142
|switch|p2a: Scizor|Scizor, F|49/100
|turn|27
|
|t:|1759033145
|move|p1a: Survive Rekka|Knock Off|p2a: Scizor
|-damage|p2a: Scizor|13/100
|-enditem|p2a: Scizor|Metal Coat|[from] move: Knock Off|[of] p1a: Survive Rekka
|move|p2a: Scizor|Swords Dance|p2a: Scizor
|-boost|p2a: Scizor|atk|2
|
|-damage|p1a: Survive Rekka|76/100 brn|[from] brn
|upkeep
|turn|28
|
|t:|1759033154
|move|p2a: Scizor|Bullet Punch|p1a: Survive Rekka
|-damage|p1a: Survive Rekka|0 fnt
|faint|p1a: Survive Rekka
|
|upkeep
|
|t:|1759033159
|switch|p1a: Shoot Vent|Moltres|44/100 par
|turn|29
|
|t:|1759033162
|move|p2a: Scizor|Bullet Punch|p1a: Shoot Vent
|-resisted|p1a: Shoot Vent
|-damage|p1a: Shoot Vent|19/100 par
|move|p1a: Shoot Vent|Flamethrower|p2a: Scizor
|-supereffective|p2a: Scizor
|-damage|p2a: Scizor|0 fnt
|faint|p2a: Scizor
|
|upkeep
|
|t:|1759033178
|switch|p2a: Glimmora|Glimmora, F, tera:Grass|85/100
|turn|30
|
|t:|1759033181
|move|p2a: Glimmora|Power Gem|p1a: Shoot Vent
|-supereffective|p1a: Shoot Vent
|-damage|p1a: Shoot Vent|0 fnt
|faint|p1a: Shoot Vent
|
|upkeep
|-message|Noamm forfeited.
|
|win|Crooksieee
|raw|Noamm's rating: 1677 &rarr; <strong>1655</strong><br />(-22 for losing)
|raw|Crooksieee's rating: 1646 &rarr; <strong>1668</strong><br />(+22 for winning)
|l|☆Noamm
|player|p1|
|l|☆Crooksieee
|player|p2|
