|j|☆s1t4
|j|☆longarmperrin
|t:|1758919427
|gametype|singles
|player|p1|s1t4|101|1065
|player|p2|longarmperrin|2|1119
|gen|9
|tier|[Gen 9] OU
|rated|
|rule|HP Percentage Mod: HP is shown in percentages
|rule|Endless Battle Clause: Forcing endless battles is banned
|rule|Species Clause: Limit one of each Pokémon
|rule|OHKO Clause: OHKO moves are banned
|rule|Evasion Items Clause: Evasion items are banned
|rule|Evasion Moves Clause: Evasion moves are banned
|rule|Evasion Abilities Clause: Evasion abilities are banned
|rule|Sleep Moves Clause: Sleep-inducing moves are banned
|clearpoke
|poke|p1|Kingdra, F|
|poke|p1|Pelipper, F|
|poke|p1|Dugtrio-Alola, F|
|poke|p1|Samurott-Hisui, M|
|poke|p1|Politoed, M|
|poke|p1|Weezing-Galar, M|
|poke|p2|Hatterene, F|
|poke|p2|Great Tusk|
|poke|p2|Zapdos|
|poke|p2|Gholdengo|
|poke|p2|Tyranitar, M|
|poke|p2|Dragonite, F|
|teampreview
|
|t:|1758919448
|teamsize|p1|6
|teamsize|p2|6
|start
|switch|p1a: Samurott|Samurott-Hisui, M|100/100
|switch|p2a: Hatterene|Hatterene, F|100/100
|turn|1
|
|t:|1758919453
|move|p1a: Samurott|Flip Turn|p2a: Hatterene
|-damage|p2a: Hatterene|68/100
|
|t:|1758919456
|switch|p1a: Politoed|Politoed, M|100/100|[from] Flip Turn
|-weather|RainDance|[from] ability: Drizzle|[of] p1a: Politoed
|move|p2a: Hatterene|Nuzzle|p1a: Politoed
|-supereffective|p1a: Politoed
|-damage|p1a: Politoed|91/100
|-status|p1a: Politoed|par
|
|-weather|RainDance|[upkeep]
|upkeep
|turn|2
|
|t:|1758919466
|switch|p1a: Dugtrio|Dugtrio-Alola, F|100/100
|move|p2a: Hatterene|Draining Kiss|p1a: Dugtrio
|-resisted|p1a: Dugtrio
|-damage|p1a: Dugtrio|75/100
|-heal|p2a: Hatterene|81/100|[from] drain|[of] p1a: Dugtrio
|-ability|p1a: Dugtrio|Tangling Hair
|-unboost|p2a: Hatterene|spe|1
|
|-weather|RainDance|[upkeep]
|upkeep
|turn|3
|
|t:|1758919479
|switch|p2a: Zapdos|Zapdos|100/100
|move|p1a: Dugtrio|Iron Head|p2a: Zapdos
|-resisted|p2a: Zapdos
|-damage|p2a: Zapdos|74/100
|
|-weather|RainDance|[upkeep]
|upkeep
|turn|4
|
|t:|1758919489
|switch|p1a: Kingdra|Kingdra, F|100/100
|move|p2a: Zapdos|Hurricane|p1a: Kingdra
|-damage|p1a: Kingdra|27/100
|-start|p1a: Kingdra|confusion
|
|-weather|RainDance|[upkeep]
|upkeep
|turn|5
|
|t:|1758919496
|-activate|p1a: Kingdra|confusion
|move|p1a: Kingdra|Draco Meteor|p2a: Zapdos
|-crit|p2a: Zapdos
|-damage|p2a: Zapdos|0 fnt
|-unboost|p1a: Kingdra|spa|2
|faint|p2a: Zapdos
|
|-weather|RainDance|[upkeep]
|upkeep
|
|t:|1758919504
|switch|p2a: Dragonite|Dragonite, F|100/100
|turn|6
|
|t:|1758919509
|switch|p1a: Weezing|Weezing-Galar, M|100/100
|-ability|p1a: Weezing|Neutralizing Gas
|move|p2a: Dragonite|Dragon Dance|p2a: Dragonite
|-boost|p2a: Dragonite|atk|1
|-boost|p2a: Dragonite|spe|1
|
|-weather|RainDance|[upkeep]
|upkeep
|turn|7
|
|t:|1758919521
|-terastallize|p2a: Dragonite|Fire
|move|p2a: Dragonite|Fire Punch|p1a: Weezing
|-damage|p1a: Weezing|80/100
|move|p1a: Weezing|Clear Smog|p2a: Dragonite
|-damage|p2a: Dragonite|85/100
|-clearboost|p2a: Dragonite
|
|-weather|RainDance|[upkeep]
|-heal|p1a: Weezing|86/100|[from] item: Leftovers
|upkeep
|turn|8
|
|t:|1758919530
|move|p2a: Dragonite|Fire Punch|p1a: Weezing
|-damage|p1a: Weezing|71/100
|move|p1a: Weezing|Thunder|p2a: Dragonite
|-crit|p2a: Dragonite
|-damage|p2a: Dragonite|52/100
|-status|p2a: Dragonite|par
|
|-weather|none
|-heal|p1a: Weezing|77/100|[from] item: Leftovers
|upkeep
|turn|9
|
|t:|1758919540
|-end|p1a: Weezing|ability: Neutralizing Gas
|switch|p1a: Pelipper|Pelipper, F|100/100
|-weather|RainDance|[from] ability: Drizzle|[of] p1a: Pelipper
|move|p2a: Dragonite|Fire Punch|p1a: Pelipper
|-resisted|p1a: Pelipper
|-damage|p1a: Pelipper|92/100
|
|-weather|RainDance|[upkeep]
|upkeep
|turn|10
|inactive|Battle timer is ON: inactive players will automatically lose when time's up. (requested by longarmperrin)
|
|t:|1758919575
|switch|p2a: Tyranitar|Tyranitar, M|100/100
|-weather|Sandstorm|[from] ability: Sand Stream|[of] p2a: Tyranitar
|move|p1a: Pelipper|U-turn|p2a: Tyranitar
|-supereffective|p2a: Tyranitar
|-damage|p2a: Tyranitar|87/100
|
|t:|1758919578
|switch|p1a: Politoed|Politoed, M|91/100 par|[from] U-turn
|-weather|RainDance|[from] ability: Drizzle|[of] p1a: Politoed
|
|-weather|RainDance|[upkeep]
|-heal|p2a: Tyranitar|93/100|[from] item: Leftovers
|upkeep
|turn|11
|
|t:|1758919600
|switch|p1a: Samurott|Samurott-Hisui, M|100/100
|move|p2a: Tyranitar|Knock Off|p1a: Samurott
|-resisted|p1a: Samurott
|-damage|p1a: Samurott|75/100
|-enditem|p1a: Samurott|Choice Scarf|[from] move: Knock Off|[of] p2a: Tyranitar
|
|-weather|RainDance|[upkeep]
|-heal|p2a: Tyranitar|99/100|[from] item: Leftovers
|upkeep
|turn|12
|inactive|s1t4 has 120 seconds left.
|
|t:|1758919633
|move|p1a: Samurott|Aqua Cutter|p2a: Tyranitar
|-supereffective|p2a: Tyranitar
|-damage|p2a: Tyranitar|0 fnt
|faint|p2a: Tyranitar
|
|-weather|RainDance|[upkeep]
|upkeep
|
|t:|1758919643
|switch|p2a: Hatterene|Hatterene, F|81/100
|turn|13
|inactive|s1t4 has 120 seconds left.
|
|t:|1758919649
|move|p1a: Samurott|Aqua Cutter|p2a: Hatterene
|-damage|p2a: Hatterene|5/100
|move|p2a: Hatterene|Nuzzle|p1a: Samurott
|-supereffective|p1a: Samurott
|-damage|p1a: Samurott|65/100
|-status|p1a: Samurott|par
|
|-weather|RainDance|[upkeep]
|upkeep
|turn|14
|
|t:|1758919657
|cant|p1a: Samurott|par
|move|p2a: Hatterene|Draining Kiss|p1a: Samurott
|-supereffective|p1a: Samurott
|-damage|p1a: Samurott|0 fnt
|-heal|p2a: Hatterene|54/100|[from] drain|[of] p1a: Samurott
|faint|p1a: Samurott
|
|-weather|RainDance|[upkeep]
|upkeep
|
|t:|1758919671
|switch|p1a: Dugtrio|Dugtrio-Alola, F|75/100
|turn|15
|
|t:|1758919680
|switch|p2a: Dragonite|Dragonite, F, tera:Fire|52/100 par
|move|p1a: Dugtrio|Earthquake|p2a: Dragonite
|-supereffective|p2a: Dragonite
|-damage|p2a: Dragonite|0 fnt
|faint|p2a: Dragonite
|
|-weather|RainDance|[upkeep]
|upkeep
|
|t:|1758919688
|switch|p2a: Great Tusk|Great Tusk|100/100
|-enditem|p2a: Great Tusk|Booster Energy
|-activate|p2a: Great Tusk|ability: Protosynthesis|[fromitem]
|-start|p2a: Great Tusk|protosynthesisatk
|turn|16
|
|t:|1758919696
|switch|p1a: Pelipper|Pelipper, F|92/100
|move|p2a: Great Tusk|Rapid Spin|p1a: Pelipper
|-damage|p1a: Pelipper|73/100
|-boost|p2a: Great Tusk|spe|1
|
|-weather|RainDance|[upkeep]
|upkeep
|turn|17
|
|t:|1758919703
|move|p2a: Great Tusk|Zen Headbutt|p1a: Pelipper
|-crit|p1a: Pelipper
|-damage|p1a: Pelipper|34/100
|move|p1a: Pelipper|Weather Ball|p2a: Great Tusk
|-supereffective|p2a: Great Tusk
|-damage|p2a: Great Tusk|0 fnt
|faint|p2a: Great Tusk
|-end|p2a: Great Tusk|Protosynthesis|[silent]
|
|-weather|none
|upkeep
|
|t:|1758919710
|switch|p2a: Gholdengo|Gholdengo|100/100
|turn|18
|
|t:|1758919719
|switch|p1a: Politoed|Politoed, M|91/100 par
|-weather|RainDance|[from] ability: Drizzle|[of] p1a: Politoed
|move|p2a: Gholdengo|Shadow Ball|p1a: Politoed
|-damage|p1a: Politoed|51/100 par
|
|-weather|RainDance|[upkeep]
|upkeep
|turn|19
|
|t:|1758919727
|move|p2a: Gholdengo|Shadow Ball|p1a: Politoed
|-damage|p1a: Politoed|14/100 par
|cant|p1a: Politoed|par
|
|-weather|RainDance|[upkeep]
|upkeep
|turn|20
|
|t:|1758919732
|move|p2a: Gholdengo|Shadow Ball|p1a: Politoed
|-damage|p1a: Politoed|0 fnt
|faint|p1a: Politoed
|
|-weather|RainDance|[upkeep]
|upkeep
|
|t:|1758919738
|switch|p1a: Dugtrio|Dugtrio-Alola, F|75/100
|turn|21
|
|t:|1758919742
|move|p1a: Dugtrio|Earthquake|p2a: Gholdengo
|-supereffective|p2a: Gholdengo
|-damage|p2a: Gholdengo|0 fnt
|faint|p2a: Gholdengo
|
|-weather|RainDance|[upkeep]
|upkeep
|
|t:|1758919747
|switch|p2a: Hatterene|Hatterene, F|54/100
|turn|22
|
|t:|1758919754
|move|p1a: Dugtrio|Earthquake|p2a: Hatterene
|-damage|p2a: Hatterene|0 fnt
|faint|p2a: Hatterene
|
|win|s1t4
|raw|s1t4's rating: 1065 &rarr; <strong>1100</strong><br />(+35 for winning)
|raw|longarmperrin's rating: 1119 &rarr; <strong>1090</strong><br />(-29 for losing)
|l|☆s1t4
|player|p1|
|c|☆longarmperrin|pretty stupid team but fun i gues
|l|☆longarmperrin
|player|p2|
