|j|☆Cameron 2007
|j|☆cuajada
|t:|1759037830
|gametype|singles
|player|p1|Cameron 2007|saturn|1218
|player|p2|cuajada|ltsurge|1167
|gen|9
|tier|[Gen 9] OU
|rated|
|rule|HP Percentage Mod: HP is shown in percentages
|rule|Endless Battle Clause: Forcing endless battles is banned
|rule|Species Clause: Limit one of each Pokémon
|rule|OHKO Clause: OHKO moves are banned
|rule|Evasion Items Clause: Evasion items are banned
|rule|Evasion Moves Clause: Evasion moves are banned
|rule|Evasion Abilities Clause: Evasion abilities are banned
|rule|Sleep Moves Clause: Sleep-inducing moves are banned
|clearpoke
|poke|p1|Lokix, F|
|poke|p1|Dragapult, F|
|poke|p1|Great Tusk|
|poke|p1|Alomomola, F|
|poke|p1|Enamorus, F|
|poke|p1|Slowking-Galar, F|
|poke|p2|Blaziken, M|
|poke|p2|Furret, M|
|poke|p2|Darkrai|
|poke|p2|Swampert, M|
|poke|p2|Zapdos|
|poke|p2|Grimmsnarl, M|
|teampreview
|
|t:|1759037854
|teamsize|p1|6
|teamsize|p2|6
|start
|switch|p1a: Lokix|Lokix, F, shiny|100/100
|switch|p2a: Swampert|Swampert, M|100/100
|turn|1
|
|t:|1759037864
|move|p1a: Lokix|First Impression|p2a: Swampert
|-damage|p2a: Swampert|56/100
|move|p2a: Swampert|Stealth Rock|p1a: Lokix
|-sidestart|p1: Cameron 2007|move: Stealth Rock
|
|-heal|p2a: Swampert|62/100|[from] item: Leftovers
|upkeep
|turn|2
|
|t:|1759037889
|switch|p1a: Alomomola|Alomomola, F|100/100
|-damage|p1a: Alomomola|88/100|[from] Stealth Rock
|switch|p2a: Zapdos|Zapdos|100/100
|
|upkeep
|turn|3
|
|t:|1759037903
|move|p2a: Zapdos|Thunderbolt|p1a: Alomomola
|-supereffective|p1a: Alomomola
|-damage|p1a: Alomomola|52/100
|move|p1a: Alomomola|Mirror Coat|p2a: Zapdos
|-damage|p2a: Zapdos|0 fnt
|faint|p2a: Zapdos
|
|upkeep
|
|t:|1759037917
|switch|p2a: Darkrai|Darkrai|100/100
|turn|4
|
|t:|1759037929
|move|p2a: Darkrai|Nasty Plot|p2a: Darkrai
|-boost|p2a: Darkrai|spa|2
|move|p1a: Alomomola|Flip Turn|p2a: Darkrai
|-damage|p2a: Darkrai|80/100
|
|t:|1759037932
|switch|p1a: Enamorus|Enamorus, F|100/100|[from] Flip Turn
|-damage|p1a: Enamorus|76/100|[from] Stealth Rock
|
|upkeep
|turn|5
|
|t:|1759037957
|-terastallize|p2a: Darkrai|Ghost
|move|p1a: Enamorus|Moonblast|p2a: Darkrai
|-damage|p2a: Darkrai|3/100
|move|p2a: Darkrai|Sludge Bomb|p1a: Enamorus
|-supereffective|p1a: Enamorus
|-damage|p1a: Enamorus|0 fnt
|faint|p1a: Enamorus
|-damage|p2a: Darkrai|0 fnt|[from] item: Life Orb
|faint|p2a: Darkrai
|
|upkeep
|
|t:|1759037978
|switch|p2a: Swampert|Swampert, M|62/100
|switch|p1a: Great Tusk|Great Tusk|100/100
|turn|6
|
|t:|1759037983
|move|p1a: Great Tusk|Close Combat|p2a: Swampert
|-damage|p2a: Swampert|25/100
|-unboost|p1a: Great Tusk|def|1
|-unboost|p1a: Great Tusk|spd|1
|move|p2a: Swampert|Ice Beam|p1a: Great Tusk
|-supereffective|p1a: Great Tusk
|-damage|p1a: Great Tusk|21/100
|
|-heal|p2a: Swampert|31/100|[from] item: Leftovers
|upkeep
|turn|7
|
|t:|1759037996
|-end|p1a: Great Tusk|Protosynthesis|[silent]
|switch|p1a: Alomomola|Alomomola, F|86/100
|-damage|p1a: Alomomola|73/100|[from] Stealth Rock
|move|p2a: Swampert|Earthquake|p1a: Alomomola
|-damage|p1a: Alomomola|43/100
|
|-heal|p2a: Swampert|37/100|[from] item: Leftovers
|upkeep
|turn|8
|
|t:|1759038010
|move|p1a: Alomomola|Aqua Jet|p2a: Swampert
|-damage|p2a: Swampert|29/100
|move|p2a: Swampert|Earthquake|p1a: Alomomola
|-damage|p1a: Alomomola|16/100
|
|-heal|p2a: Swampert|35/100|[from] item: Leftovers
|upkeep
|turn|9
|
|t:|1759038019
|move|p2a: Swampert|Earthquake|p1a: Alomomola
|-damage|p1a: Alomomola|0 fnt
|faint|p1a: Alomomola
|
|-heal|p2a: Swampert|41/100|[from] item: Leftovers
|upkeep
|
|t:|1759038031
|switch|p1a: Dragapult|Dragapult, F|100/100
|turn|10
|
|t:|1759038037
|switch|p2a: Grimmsnarl|Grimmsnarl, M|100/100
|move|p1a: Dragapult|Draco Meteor|p2a: Grimmsnarl
|-immune|p2a: Grimmsnarl
|
|upkeep
|turn|11
|
|t:|1759038054
|move|p2a: Grimmsnarl|Reflect|p2a: Grimmsnarl
|-sidestart|p2: cuajada|Reflect
|move|p1a: Dragapult|U-turn|p2a: Grimmsnarl
|-damage|p2a: Grimmsnarl|78/100
|
|t:|1759038061
|switch|p1a: Lokix|Lokix, F, shiny|100/100|[from] U-turn
|-damage|p1a: Lokix|76/100|[from] Stealth Rock
|
|upkeep
|turn|12
|
|t:|1759038078
|switch|p1a: Slowking|Slowking-Galar, F|100/100
|-damage|p1a: Slowking|88/100|[from] Stealth Rock
|switch|p2a: Blaziken|Blaziken, M|100/100
|
|upkeep
|turn|13
|
|t:|1759038092
|switch|p2a: Grimmsnarl|Grimmsnarl, M|78/100
|move|p1a: Slowking|Future Sight|p2a: Grimmsnarl
|-start|p1a: Slowking|move: Future Sight
|
|upkeep
|turn|14
|
|t:|1759038098
|move|p2a: Grimmsnarl|Light Screen|p2a: Grimmsnarl
|-sidestart|p2: cuajada|move: Light Screen
|move|p1a: Slowking|Sludge Bomb|p2a: Grimmsnarl
|-supereffective|p2a: Grimmsnarl
|-damage|p2a: Grimmsnarl|50/100
|
|upkeep
|turn|15
|
|t:|1759038104
|move|p2a: Grimmsnarl|Parting Shot|p1a: Slowking
|-unboost|p1a: Slowking|atk|1
|-unboost|p1a: Slowking|spa|1
|
|t:|1759038116
|switch|p2a: Swampert|Swampert, M|41/100|[from] Parting Shot
|move|p1a: Slowking|Sludge Bomb|p2a: Swampert
|-resisted|p2a: Swampert
|-crit|p2a: Swampert
|-damage|p2a: Swampert|17/100
|-status|p2a: Swampert|psn
|
|-end|p2a: Swampert|move: Future Sight
|-damage|p2a: Swampert|3/100 psn
|-heal|p2a: Swampert|9/100 psn|[from] item: Leftovers
|-damage|p2a: Swampert|0 fnt|[from] psn
|faint|p2a: Swampert
|upkeep
|
|t:|1759038131
|switch|p2a: Blaziken|Blaziken, M|100/100
|turn|16
|
|t:|1759038144
|move|p2a: Blaziken|Swords Dance|p2a: Blaziken
|-boost|p2a: Blaziken|atk|2
|move|p1a: Slowking|Future Sight|p2a: Blaziken
|-start|p1a: Slowking|move: Future Sight
|
|-ability|p2a: Blaziken|Speed Boost|boost
|-boost|p2a: Blaziken|spe|1
|upkeep
|turn|17
|
|t:|1759038152
|move|p2a: Blaziken|Flare Blitz|p1a: Slowking
|-crit|p1a: Slowking
|-damage|p1a: Slowking|0 fnt
|faint|p1a: Slowking
|-damage|p2a: Blaziken|63/100|[from] Recoil
|-damage|p2a: Blaziken|53/100|[from] item: Life Orb
|
|-ability|p2a: Blaziken|Speed Boost|boost
|-boost|p2a: Blaziken|spe|1
|upkeep
|
|t:|1759038156
|switch|p1a: Lokix|Lokix, F, shiny|76/100
|-damage|p1a: Lokix|51/100|[from] Stealth Rock
|turn|18
|
|t:|1759038169
|switch|p2a: Grimmsnarl|Grimmsnarl, M|50/100
|switch|p1a: Great Tusk|Great Tusk|21/100
|
|-end|p2a: Grimmsnarl|move: Future Sight
|-immune|p2a: Grimmsnarl
|-sideend|p2: cuajada|Reflect
|upkeep
|turn|19
|
|t:|1759038195
|move|p2a: Grimmsnarl|Reflect|p2a: Grimmsnarl
|-sidestart|p2: cuajada|Reflect
|move|p1a: Great Tusk|Headlong Rush|p2a: Grimmsnarl
|-damage|p2a: Grimmsnarl|16/100
|-unboost|p1a: Great Tusk|def|1
|-unboost|p1a: Great Tusk|spd|1
|
|upkeep
|turn|20
|
|t:|1759038203
|move|p2a: Grimmsnarl|Parting Shot|p1a: Great Tusk
|-unboost|p1a: Great Tusk|atk|1
|-unboost|p1a: Great Tusk|spa|1
|
|t:|1759038210
|switch|p2a: Furret|Furret, M|100/100|[from] Parting Shot
|-item|p1a: Great Tusk|Heavy-Duty Boots|[from] ability: Frisk|[of] p2a: Furret
|move|p1a: Great Tusk|Rapid Spin|p2a: Furret
|-damage|p2a: Furret|91/100
|-boost|p1a: Great Tusk|spe|1
|-sideend|p1: Cameron 2007|Stealth Rock|[from] move: Rapid Spin|[of] p1a: Great Tusk
|
|upkeep
|turn|21
|
|t:|1759038219
|move|p1a: Great Tusk|Close Combat|p2a: Furret
|-supereffective|p2a: Furret
|-damage|p2a: Furret|22/100
|-unboost|p1a: Great Tusk|def|1
|-unboost|p1a: Great Tusk|spd|1
|move|p2a: Furret|Tidy Up|p2a: Furret
|-boost|p2a: Furret|atk|1
|-boost|p2a: Furret|spe|1
|
|-sideend|p2: cuajada|move: Light Screen
|upkeep
|turn|22
|
|t:|1759038230
|move|p1a: Great Tusk|Close Combat|p2a: Furret
|-supereffective|p2a: Furret
|-damage|p2a: Furret|0 fnt
|-unboost|p1a: Great Tusk|def|1
|-unboost|p1a: Great Tusk|spd|1
|faint|p2a: Furret
|
|upkeep
|
|t:|1759038238
|switch|p2a: Blaziken|Blaziken, M|53/100
|turn|23
|
|t:|1759038241
|move|p2a: Blaziken|Protect|p2a: Blaziken
|-singleturn|p2a: Blaziken|Protect
|move|p1a: Great Tusk|Headlong Rush|p2a: Blaziken
|-activate|p2a: Blaziken|move: Protect
|
|-ability|p2a: Blaziken|Speed Boost|boost
|-boost|p2a: Blaziken|spe|1
|upkeep
|turn|24
|
|t:|1759038257
|move|p1a: Great Tusk|Headlong Rush|p2a: Blaziken
|-supereffective|p2a: Blaziken
|-damage|p2a: Blaziken|0 fnt
|-unboost|p1a: Great Tusk|def|1
|-unboost|p1a: Great Tusk|spd|1
|faint|p2a: Blaziken
|
|upkeep
|
|t:|1759038264
|switch|p2a: Grimmsnarl|Grimmsnarl, M|16/100
|turn|25
|
|t:|1759038269
|move|p2a: Grimmsnarl|Parting Shot|p1a: Great Tusk
|-unboost|p1a: Great Tusk|atk|1
|-unboost|p1a: Great Tusk|spa|1
|move|p1a: Great Tusk|Headlong Rush|p2a: Grimmsnarl
|-damage|p2a: Grimmsnarl|0 fnt
|-unboost|p1a: Great Tusk|def|1
|-unboost|p1a: Great Tusk|spd|1
|faint|p2a: Grimmsnarl
|
|win|Cameron 2007
|raw|Cameron 2007's rating: 1218 &rarr; <strong>1239</strong><br />(+21 for winning)
|raw|cuajada's rating: 1167 &rarr; <strong>1146</strong><br />(-21 for losing)
|l|☆Cameron 2007
|player|p1|
|l|☆cuajada
|player|p2|
