|j|☆Baby Key
|j|☆deusyancha
|t:|1758947295
|gametype|singles
|player|p1|Baby Key|2|1399
|player|p2|deusyancha|hiker|1486
|gen|9
|tier|[Gen 9] OU
|rated|
|rule|HP Percentage Mod: HP is shown in percentages
|rule|Endless Battle Clause: Forcing endless battles is banned
|rule|Species Clause: Limit one of each Pokémon
|rule|OHKO Clause: OHKO moves are banned
|rule|Evasion Items Clause: Evasion items are banned
|rule|Evasion Moves Clause: Evasion moves are banned
|rule|Evasion Abilities Clause: Evasion abilities are banned
|rule|Sleep Moves Clause: Sleep-inducing moves are banned
|clearpoke
|poke|p1|Heatran, M|
|poke|p1|Rillaboom, M|
|poke|p1|Ogerpon-Wellspring, F|
|poke|p1|Dragapult, M|
|poke|p1|Great Tusk|
|poke|p1|Bronzong|
|poke|p2|Alomomola, M|
|poke|p2|Slowking-Galar, F|
|poke|p2|Zamazenta-*|
|poke|p2|Landorus-Therian, M|
|poke|p2|Corviknight, F|
|poke|p2|Enamorus, F|
|teampreview
|
|t:|1758947321
|teamsize|p1|6
|teamsize|p2|6
|start
|switch|p1a: Starlink|Bronzong, shiny|100/100
|switch|p2a: Landorus|Landorus-Therian, M|100/100
|-ability|p2a: Landorus|Intimidate|boost
|-unboost|p1a: Starlink|atk|1
|turn|1
|
|t:|1758947332
|move|p2a: Landorus|Taunt|p1a: Starlink
|-start|p1a: Starlink|move: Taunt
|cant|p1a: Starlink|move: Taunt|Stealth Rock
|
|upkeep
|turn|2
|
|t:|1758947346
|move|p2a: Landorus|Stealth Rock|p1a: Starlink
|-sidestart|p1: Baby Key|move: Stealth Rock
|move|p1a: Starlink|Psychic Noise|p2a: Landorus
|-damage|p2a: Landorus|77/100
|-start|p2a: Landorus|move: Heal Block
|
|upkeep
|turn|3
|
|t:|1758947362
|move|p2a: Landorus|U-turn|p1a: Starlink
|-damage|p1a: Starlink|86/100
|
|t:|1758947370
|switch|p2a: Slowking|Slowking-Galar, F|100/100|[from] U-turn
|move|p1a: Starlink|Future Sight|p2a: Slowking
|-start|p1a: Starlink|move: Future Sight
|
|-end|p1a: Starlink|move: Taunt
|upkeep
|turn|4
|
|t:|1758947386
|switch|p1a: Stardrum|Rillaboom, M|100/100
|-damage|p1a: Stardrum|88/100|[from] Stealth Rock
|-fieldstart|move: Grassy Terrain|[from] ability: Grassy Surge|[of] p1a: Stardrum
|move|p2a: Slowking|Flamethrower|p1a: Stardrum
|-supereffective|p1a: Stardrum
|-damage|p1a: Stardrum|20/100
|
|-heal|p1a: Stardrum|26/100|[from] Grassy Terrain
|upkeep
|turn|5
|
|t:|1758947399
|switch|p2a: Corviknight|Corviknight, F|100/100
|-ability|p2a: Corviknight|Pressure
|move|p1a: Stardrum|U-turn|p2a: Corviknight
|-resisted|p2a: Corviknight
|-damage|p2a: Corviknight|96/100
|
|t:|1758947410
|switch|p1a: Starburst|Great Tusk|100/100|[from] U-turn
|
|-end|p2a: Corviknight|move: Future Sight
|-resisted|p2a: Corviknight
|-damage|p2a: Corviknight|80/100
|-heal|p2a: Corviknight|86/100|[from] item: Leftovers
|upkeep
|turn|6
|
|t:|1758947417
|move|p1a: Starburst|Rapid Spin|p2a: Corviknight
|-resisted|p2a: Corviknight
|-damage|p2a: Corviknight|80/100
|-boost|p1a: Starburst|spe|1
|-sideend|p1: Baby Key|Stealth Rock|[from] move: Rapid Spin|[of] p1a: Starburst
|move|p2a: Corviknight|Brave Bird|p1a: Starburst
|-supereffective|p1a: Starburst
|-damage|p1a: Starburst|47/100
|-damage|p2a: Corviknight|64/100|[from] Recoil
|
|-heal|p1a: Starburst|53/100|[from] Grassy Terrain
|-heal|p2a: Corviknight|70/100|[from] item: Leftovers
|upkeep
|turn|7
|
|t:|1758947430
|-end|p1a: Starburst|Protosynthesis|[silent]
|switch|p1a: Starlink|Bronzong, shiny|86/100
|move|p2a: Corviknight|U-turn|p1a: Starlink
|-damage|p1a: Starlink|76/100
|
|t:|1758947448
|switch|p2a: Slowking|Slowking-Galar, F|100/100|[from] U-turn
|
|upkeep
|turn|8
|
|t:|1758947455
|switch|p1a: Starblaze|Heatran, M|100/100
|move|p2a: Slowking|Flamethrower|p1a: Starblaze
|-start|p1a: Starblaze|ability: Flash Fire
|
|upkeep
|turn|9
|
|t:|1758947464
|switch|p2a: Alomomola|Alomomola, M|100/100
|move|p1a: Starblaze|Taunt|p2a: Alomomola
|-start|p2a: Alomomola|move: Taunt
|
|upkeep
|turn|10
|
|t:|1758947475
|-end|p1a: Starblaze|ability: Flash Fire|[silent]
|switch|p1a: Starforce|Ogerpon-Wellspring, F|100/100
|move|p2a: Alomomola|Flip Turn|p1a: Starforce
|-immune|p1a: Starforce|[from] ability: Water Absorb
|
|upkeep
|turn|11
|
|t:|1758947490
|switch|p2a: Zamazenta|Zamazenta|100/100
|-ability|p2a: Zamazenta|Dauntless Shield|boost
|-boost|p2a: Zamazenta|def|1
|move|p1a: Starforce|Swords Dance|p1a: Starforce
|-boost|p1a: Starforce|atk|2
|
|-fieldend|move: Grassy Terrain
|upkeep
|turn|12
|
|t:|1758947502
|switch|p1a: Starlink|Bronzong, shiny|76/100
|-terastallize|p2a: Zamazenta|Fighting
|move|p2a: Zamazenta|Close Combat|p1a: Starlink
|-damage|p1a: Starlink|1/100
|-unboost|p2a: Zamazenta|def|1
|-unboost|p2a: Zamazenta|spd|1
|
|upkeep
|turn|13
|
|t:|1758947518
|switch|p1a: Starscream|Dragapult, M|100/100
|move|p2a: Zamazenta|Close Combat|p1a: Starscream
|-immune|p1a: Starscream
|
|upkeep
|turn|14
|
|t:|1758947538
|switch|p2a: Landorus|Landorus-Therian, M|77/100
|-ability|p2a: Landorus|Intimidate|boost
|-fail|p1a: Starscream|unboost|[from] ability: Clear Body|[of] p1a: Starscream
|move|p1a: Starscream|Draco Meteor|p2a: Landorus
|-damage|p2a: Landorus|0 fnt
|-unboost|p1a: Starscream|spa|2
|faint|p2a: Landorus
|
|upkeep
|
|t:|1758947542
|switch|p2a: Slowking|Slowking-Galar, F|100/100
|turn|15
|
|t:|1758947549
|switch|p1a: Starblaze|Heatran, M|100/100
|switch|p2a: Zamazenta|Zamazenta, tera:Fighting|100/100
|
|upkeep
|turn|16
|
|t:|1758947572
|switch|p1a: Starlink|Bronzong, shiny|1/100
|move|p2a: Zamazenta|Crunch|p1a: Starlink
|-supereffective|p1a: Starlink
|-enditem|p1a: Starlink|Colbur Berry|[eat]
|-enditem|p1a: Starlink|Colbur Berry|[weaken]
|-damage|p1a: Starlink|0 fnt
|faint|p1a: Starlink
|
|upkeep
|
|t:|1758947597
|switch|p1a: Starburst|Great Tusk|53/100
|turn|17
|
|t:|1758947635
|switch|p2a: Corviknight|Corviknight, F|70/100
|-ability|p2a: Corviknight|Pressure
|move|p1a: Starburst|Close Combat|p2a: Corviknight
|-damage|p2a: Corviknight|31/100
|-unboost|p1a: Starburst|def|1
|-unboost|p1a: Starburst|spd|1
|
|-heal|p2a: Corviknight|37/100|[from] item: Leftovers
|upkeep
|turn|18
|
|t:|1758947659
|-end|p1a: Starburst|Protosynthesis|[silent]
|switch|p1a: Starblaze|Heatran, M|100/100
|move|p2a: Corviknight|Brave Bird|p1a: Starblaze
|-resisted|p1a: Starblaze
|-damage|p1a: Starblaze|84/100
|-damage|p2a: Corviknight|32/100|[from] Recoil
|
|-heal|p1a: Starblaze|91/100|[from] item: Leftovers
|-heal|p2a: Corviknight|38/100|[from] item: Leftovers
|upkeep
|turn|19
|
|t:|1758947671
|switch|p2a: Alomomola|Alomomola, M|100/100
|move|p1a: Starblaze|Taunt|p2a: Alomomola
|-start|p2a: Alomomola|move: Taunt
|
|-heal|p1a: Starblaze|97/100|[from] item: Leftovers
|upkeep
|turn|20
|
|t:|1758947697
|switch|p1a: Starforce|Ogerpon-Wellspring, F|100/100
|move|p2a: Alomomola|Flip Turn|p1a: Starforce
|-immune|p1a: Starforce|[from] ability: Water Absorb
|
|upkeep
|turn|21
|
|t:|1758947708
|switch|p2a: Zamazenta|Zamazenta, tera:Fighting|100/100
|move|p1a: Starforce|Play Rough|p2a: Zamazenta
|-supereffective|p2a: Zamazenta
|-damage|p2a: Zamazenta|25/100
|
|upkeep
|turn|22
|
|t:|1758947725
|switch|p1a: Starburst|Great Tusk|53/100
|move|p2a: Zamazenta|Close Combat|p1a: Starburst
|-damage|p1a: Starburst|0 fnt
|-unboost|p2a: Zamazenta|def|1
|-unboost|p2a: Zamazenta|spd|1
|faint|p1a: Starburst
|-end|p1a: Starburst|Protosynthesis|[silent]
|
|upkeep
|
|t:|1758947728
|switch|p1a: Stardrum|Rillaboom, M|26/100
|-fieldstart|move: Grassy Terrain|[from] ability: Grassy Surge|[of] p1a: Stardrum
|turn|23
|
|t:|1758947742
|switch|p2a: Corviknight|Corviknight, F|38/100
|-ability|p2a: Corviknight|Pressure
|move|p1a: Stardrum|Grassy Glide|p2a: Corviknight
|-resisted|p2a: Corviknight
|-damage|p2a: Corviknight|32/100
|
|-heal|p1a: Stardrum|32/100|[from] Grassy Terrain
|-heal|p2a: Corviknight|38/100|[from] item: Leftovers
|upkeep
|turn|24
|
|t:|1758947751
|move|p1a: Stardrum|U-turn|p2a: Corviknight
|-resisted|p2a: Corviknight
|-damage|p2a: Corviknight|35/100
|
|t:|1758947754
|switch|p1a: Starblaze|Heatran, M|97/100|[from] U-turn
|move|p2a: Corviknight|U-turn|p1a: Starblaze
|-resisted|p1a: Starblaze
|-damage|p1a: Starblaze|94/100
|
|t:|1758947759
|switch|p2a: Enamorus|Enamorus, F|100/100|[from] U-turn
|
|-heal|p1a: Starblaze|99/100|[from] Grassy Terrain
|-heal|p1a: Starblaze|100/100|[from] item: Leftovers
|upkeep
|turn|25
|
|t:|1758947770
|-terastallize|p1a: Starblaze|Grass
|move|p2a: Enamorus|Earth Power|p1a: Starblaze
|-resisted|p1a: Starblaze
|-crit|p1a: Starblaze
|-damage|p1a: Starblaze|84/100
|-unboost|p1a: Starblaze|spd|1
|move|p1a: Starblaze|Heavy Slam|p2a: Enamorus
|-supereffective|p2a: Enamorus
|-damage|p2a: Enamorus|0 fnt
|faint|p2a: Enamorus
|
|-heal|p1a: Starblaze|90/100|[from] Grassy Terrain
|-heal|p1a: Starblaze|96/100|[from] item: Leftovers
|upkeep
|
|t:|1758947783
|switch|p2a: Slowking|Slowking-Galar, F|100/100
|turn|26
|
|t:|1758947797
|move|p1a: Starblaze|Earth Power|p2a: Slowking
|-supereffective|p2a: Slowking
|-damage|p2a: Slowking|74/100
|move|p2a: Slowking|Sludge Bomb|p1a: Starblaze
|-supereffective|p1a: Starblaze
|-crit|p1a: Starblaze
|-damage|p1a: Starblaze|0 fnt
|faint|p1a: Starblaze
|
|-heal|p2a: Slowking|80/100|[from] Grassy Terrain
|upkeep
|
|t:|1758947806
|switch|p1a: Starscream|Dragapult, M|100/100
|turn|27
|
|t:|1758947816
|move|p1a: Starscream|Shadow Ball|p2a: Slowking
|-supereffective|p2a: Slowking
|-damage|p2a: Slowking|31/100
|move|p2a: Slowking|Ice Beam|p1a: Starscream
|-supereffective|p1a: Starscream
|-damage|p1a: Starscream|20/100
|
|-heal|p1a: Starscream|26/100|[from] Grassy Terrain
|-heal|p2a: Slowking|37/100|[from] Grassy Terrain
|upkeep
|turn|28
|
|t:|1758947836
|switch|p1a: Starforce|Ogerpon-Wellspring, F|100/100
|switch|p2a: Alomomola|Alomomola, M|100/100
|
|upkeep
|turn|29
|
|t:|1758947854
|switch|p2a: Corviknight|Corviknight, F|35/100
|-ability|p2a: Corviknight|Pressure
|move|p1a: Starforce|Swords Dance|p1a: Starforce
|-boost|p1a: Starforce|atk|2
|
|-heal|p2a: Corviknight|41/100|[from] item: Leftovers
|upkeep
|turn|30
|
|t:|1758947857
|move|p1a: Starforce|Ivy Cudgel|p2a: Corviknight|[anim] Ivy Cudgel Water
|-damage|p2a: Corviknight|0 fnt
|faint|p2a: Corviknight
|
|-fieldend|move: Grassy Terrain
|upkeep
|
|t:|1758947860
|switch|p2a: Zamazenta|Zamazenta, tera:Fighting|25/100
|turn|31
|
|t:|1758947888
|switch|p1a: Stardrum|Rillaboom, M|32/100
|-fieldstart|move: Grassy Terrain|[from] ability: Grassy Surge|[of] p1a: Stardrum
|move|p2a: Zamazenta|Close Combat|p1a: Stardrum
|-damage|p1a: Stardrum|0 fnt
|-unboost|p2a: Zamazenta|def|1
|-unboost|p2a: Zamazenta|spd|1
|faint|p1a: Stardrum
|
|-heal|p2a: Zamazenta|32/100|[from] Grassy Terrain
|upkeep
|
|t:|1758947902
|switch|p1a: Starforce|Ogerpon-Wellspring, F|100/100
|turn|32
|
|t:|1758947910
|move|p2a: Zamazenta|Close Combat|p1a: Starforce
|-crit|p1a: Starforce
|-damage|p1a: Starforce|0 fnt
|-unboost|p2a: Zamazenta|def|1
|-unboost|p2a: Zamazenta|spd|1
|faint|p1a: Starforce
|
|-heal|p2a: Zamazenta|38/100|[from] Grassy Terrain
|upkeep
|
|t:|1758947921
|switch|p1a: Starscream|Dragapult, M|26/100
|turn|33
|
|t:|1758947928
|switch|p2a: Alomomola|Alomomola, M|100/100
|move|p1a: Starscream|Shadow Ball|p2a: Alomomola
|-damage|p2a: Alomomola|44/100
|
|-heal|p1a: Starscream|32/100|[from] Grassy Terrain
|-heal|p2a: Alomomola|50/100|[from] Grassy Terrain
|upkeep
|turn|34
|
|t:|1758947931
|move|p1a: Starscream|Shadow Ball|p2a: Alomomola
|-damage|p2a: Alomomola|0 fnt
|faint|p2a: Alomomola
|
|-heal|p1a: Starscream|38/100|[from] Grassy Terrain
|upkeep
|
|t:|1758947934
|switch|p2a: Slowking|Slowking-Galar, F|70/100
|turn|35
|
|t:|1758947937
|move|p1a: Starscream|Shadow Ball|p2a: Slowking
|-supereffective|p2a: Slowking
|-damage|p2a: Slowking|18/100
|move|p2a: Slowking|Ice Beam|p1a: Starscream
|-supereffective|p1a: Starscream
|-damage|p1a: Starscream|0 fnt
|faint|p1a: Starscream
|
|win|deusyancha
|raw|Baby Key's rating: 1399 &rarr; <strong>1384</strong><br />(-15 for losing)
|raw|deusyancha's rating: 1486 &rarr; <strong>1501</strong><br />(+15 for winning)
|l|☆deusyancha
|player|p2|
|l|☆Baby Key
|player|p1|
