|j|☆Soft Wock
|j|☆lightcreater127
|t:|1759073989
|gametype|singles
|player|p1|Soft Wock|picnicker|1441
|player|p2|lightcreater127|roxie|1490
|gen|9
|tier|[Gen 9] OU
|rated|
|rule|HP Percentage Mod: HP is shown in percentages
|rule|Endless Battle Clause: Forcing endless battles is banned
|rule|Species Clause: Limit one of each Pokémon
|rule|OHKO Clause: OHKO moves are banned
|rule|Evasion Items Clause: Evasion items are banned
|rule|Evasion Moves Clause: Evasion moves are banned
|rule|Evasion Abilities Clause: Evasion abilities are banned
|rule|Sleep Moves Clause: Sleep-inducing moves are banned
|clearpoke
|poke|p1|Zapdos|
|poke|p1|Pelipper, M|
|poke|p1|Greninja-*, M|
|poke|p1|Barraskewda, M|
|poke|p1|Dragapult, F|
|poke|p1|Scizor, F|
|poke|p2|Dragonite, F|
|poke|p2|Kingambit, F|
|poke|p2|Iron Moth|
|poke|p2|Samurott-Hisui, M|
|poke|p2|Iron Valiant|
|poke|p2|Moltres-Galar|
|teampreview
|inactive|Battle timer is ON: inactive players will automatically lose when time's up. (requested by Soft Wock)
|
|t:|1759073999
|teamsize|p1|6
|teamsize|p2|6
|start
|switch|p1a: Pelipper|Pelipper, M|100/100
|switch|p2a: Samurott|Samurott-Hisui, M|100/100
|-weather|RainDance|[from] ability: Drizzle|[of] p1a: Pelipper
|turn|1
|l|☆Soft Wock
|inactive|Soft Wock disconnected and has a minute to reconnect!
|player|p1|
|inactive|Soft Wock has 30 seconds to reconnect!
|j|☆Soft Wock
|inactive|Soft Wock reconnected and has 100 seconds left.
|player|p1|Soft Wock|picnicker|
|
|t:|1759074057
|move|p2a: Samurott|Ceaseless Edge|p1a: Pelipper
|-damage|p1a: Pelipper|65/100
|-sidestart|p1: Soft Wock|Spikes
|move|p1a: Pelipper|U-turn|p2a: Samurott
|-supereffective|p2a: Samurott
|-damage|p2a: Samurott|76/100
|
|t:|1759074062
|switch|p1a: Zapdos|Zapdos|100/100|[from] U-turn
|
|-weather|RainDance|[upkeep]
|upkeep
|turn|2
|
|t:|1759074082
|move|p2a: Samurott|Sucker Punch|p1a: Zapdos
|-damage|p1a: Zapdos|59/100
|move|p1a: Zapdos|Thunder|p2a: Samurott
|-supereffective|p2a: Samurott
|-damage|p2a: Samurott|0 fnt
|faint|p2a: Samurott
|
|-weather|RainDance|[upkeep]
|upkeep
|inactive|lightcreater127 has 120 seconds left.
|
|t:|1759074112
|switch|p2a: metal-cooler|Iron Valiant, shiny|100/100
|-enditem|p2a: metal-cooler|Booster Energy
|-activate|p2a: metal-cooler|ability: Quark Drive|[fromitem]
|-start|p2a: metal-cooler|quarkdrivespe
|turn|3
|inactive|Soft Wock has 120 seconds left.
|
|t:|1759074124
|switch|p1a: Scizor|Scizor, F|100/100
|move|p2a: metal-cooler|Moonblast|p1a: Scizor
|-resisted|p1a: Scizor
|-damage|p1a: Scizor|73/100
|
|-weather|RainDance|[upkeep]
|upkeep
|turn|4
|inactive|Soft Wock has 120 seconds left.
|inactive|lightcreater127 has 120 seconds left.
|
|t:|1759074138
|-end|p2a: metal-cooler|Quark Drive|[silent]
|switch|p2a: Dragonite|Dragonite, F|100/100
|move|p1a: Scizor|U-turn|p2a: Dragonite
|-resisted|p2a: Dragonite
|-damage|p2a: Dragonite|91/100
|
|t:|1759074142
|switch|p1a: Zapdos|Zapdos|59/100|[from] U-turn
|
|-weather|RainDance|[upkeep]
|upkeep
|turn|5
|
|t:|1759074147
|move|p1a: Zapdos|Thunder|p2a: Dragonite
|-damage|p2a: Dragonite|10/100
|-status|p2a: Dragonite|par
|move|p2a: Dragonite|Outrage|p1a: Zapdos
|-damage|p1a: Zapdos|0 fnt
|faint|p1a: Zapdos
|
|-weather|RainDance|[upkeep]
|upkeep
|
|t:|1759074155
|switch|p1a: Greninja|Greninja, M|100/100
|-damage|p1a: Greninja|88/100|[from] Spikes
|turn|6
|
|t:|1759074159
|move|p1a: Greninja|Surf|p2a: Dragonite
|-resisted|p2a: Dragonite
|-damage|p2a: Dragonite|0 fnt
|faint|p2a: Dragonite
|-ability|p1a: Greninja|Battle Bond|boost
|-boost|p1a: Greninja|atk|1
|-boost|p1a: Greninja|spa|1
|-boost|p1a: Greninja|spe|1
|-activate|p1a: Greninja|ability: Battle Bond
|-damage|p1a: Greninja|78/100|[from] item: Life Orb
|
|-weather|RainDance|[upkeep]
|upkeep
|
|t:|1759074171
|switch|p2a: metal-cooler|Iron Valiant, shiny|100/100
|turn|7
|
|t:|1759074180
|move|p1a: Greninja|Surf|p2a: metal-cooler
|-damage|p2a: metal-cooler|0 fnt
|faint|p2a: metal-cooler
|-end|p2a: metal-cooler|Quark Drive|[silent]
|-damage|p1a: Greninja|69/100|[from] item: Life Orb
|
|-weather|RainDance|[upkeep]
|upkeep
|
|t:|1759074202
|switch|p2a: Moltres|Moltres-Galar|100/100
|turn|8
|
|t:|1759074209
|-terastallize|p2a: Moltres|Fairy
|move|p1a: Greninja|Surf|p2a: Moltres
|-damage|p2a: Moltres|0 fnt
|faint|p2a: Moltres
|-damage|p1a: Greninja|59/100|[from] item: Life Orb
|
|-weather|none
|upkeep
|
|t:|1759074214
|switch|p2a: Kingambit|Kingambit, F|100/100
|-activate|p2a: Kingambit|ability: Supreme Overlord
|-start|p2a: Kingambit|fallen4|[silent]
|-item|p2a: Kingambit|Air Balloon
|turn|9
|
|t:|1759074217
|-terastallize|p1a: Greninja|Water
|move|p1a: Greninja|Water Shuriken|p2a: Kingambit
|-damage|p2a: Kingambit|81/100
|-enditem|p2a: Kingambit|Air Balloon
|-damage|p2a: Kingambit|62/100
|-damage|p2a: Kingambit|44/100
|-hitcount|p2a: Kingambit|3
|-damage|p1a: Greninja|49/100|[from] item: Life Orb
|move|p2a: Kingambit|Sucker Punch||[still]
|-fail|p2a: Kingambit
|
|upkeep
|turn|10
|
|t:|1759074227
|move|p1a: Greninja|Water Shuriken|p2a: Kingambit
|-damage|p2a: Kingambit|28/100
|-damage|p2a: Kingambit|10/100
|-hitcount|p2a: Kingambit|2
|-damage|p1a: Greninja|39/100|[from] item: Life Orb
|move|p2a: Kingambit|Sucker Punch||[still]
|-fail|p2a: Kingambit
|
|upkeep
|turn|11
|-message|lightcreater127 forfeited.
|
|win|Soft Wock
|raw|Soft Wock's rating: 1441 &rarr; <strong>1464</strong><br />(+23 for winning)
|raw|lightcreater127's rating: 1490 &rarr; <strong>1467</strong><br />(-23 for losing)
|l|☆lightcreater127
|player|p2|
