|j|☆pikalyte3
|j|☆Tim and moby
|t:|1759066062
|gametype|singles
|player|p1|pikalyte3|dancer|1614
|player|p2|Tim and moby|smasher|1530
|gen|9
|tier|[Gen 9] OU
|rated|
|rule|HP Percentage Mod: HP is shown in percentages
|rule|Endless Battle Clause: Forcing endless battles is banned
|rule|Species Clause: Limit one of each Pokémon
|rule|OHKO Clause: OHKO moves are banned
|rule|Evasion Items Clause: Evasion items are banned
|rule|Evasion Moves Clause: Evasion moves are banned
|rule|Evasion Abilities Clause: Evasion abilities are banned
|rule|Sleep Moves Clause: Sleep-inducing moves are banned
|clearpoke
|poke|p1|Samurott-Hisui, M|
|poke|p1|Landorus-Therian, M|
|poke|p1|Iron Moth|
|poke|p1|Darkrai|
|poke|p1|Kingambit, F|
|poke|p1|Iron Valiant|
|poke|p2|Zapdos|
|poke|p2|Azumarill, F|
|poke|p2|Hydrapple, M|
|poke|p2|Excadrill, F|
|poke|p2|Tyranitar, F|
|poke|p2|Slowking-Galar, F|
|teampreview
|inactive|Battle timer is ON: inactive players will automatically lose when time's up. (requested by pikalyte3)
|
|t:|1759066089
|teamsize|p1|6
|teamsize|p2|6
|start
|switch|p1a: Samurott|Samurott-Hisui, M|100/100
|switch|p2a: Hydrapple|Hydrapple, M|100/100
|turn|1
|
|t:|1759066104
|move|p1a: Samurott|Ceaseless Edge|p2a: Hydrapple
|-damage|p2a: Hydrapple|68/100
|-sidestart|p2: Tim and moby|Spikes
|move|p2a: Hydrapple|Nasty Plot|p2a: Hydrapple
|-boost|p2a: Hydrapple|spa|2
|
|upkeep
|turn|2
|
|t:|1759066111
|move|p1a: Samurott|Ceaseless Edge|p2a: Hydrapple
|-damage|p2a: Hydrapple|31/100
|-sidestart|p2: Tim and moby|Spikes
|move|p2a: Hydrapple|Giga Drain|p1a: Samurott
|-supereffective|p1a: Samurott
|-enditem|p1a: Samurott|Focus Sash
|-damage|p1a: Samurott|1/100
|-heal|p2a: Hydrapple|69/100|[from] drain|[of] p1a: Samurott
|
|upkeep
|turn|3
|
|t:|1759066119
|move|p1a: Samurott|Ceaseless Edge|p2a: Hydrapple
|-damage|p2a: Hydrapple|37/100
|-sidestart|p2: Tim and moby|Spikes
|move|p2a: Hydrapple|Giga Drain|p1a: Samurott
|-supereffective|p1a: Samurott
|-damage|p1a: Samurott|0 fnt
|-heal|p2a: Hydrapple|37/100|[from] drain|[of] p1a: Samurott
|faint|p1a: Samurott
|
|upkeep
|
|t:|1759066136
|switch|p1a: Darkrai|Darkrai|100/100
|turn|4
|
|t:|1759066144
|switch|p2a: Slowking|Slowking-Galar, F|100/100
|move|p1a: Darkrai|Dark Pulse|p2a: Slowking
|-supereffective|p2a: Slowking
|-crit|p2a: Slowking
|-damage|p2a: Slowking|5/100
|-damage|p1a: Darkrai|91/100|[from] item: Life Orb
|
|upkeep
|turn|5
|
|t:|1759066156
|switch|p2a: Tyranitar|Tyranitar, F|100/100
|-damage|p2a: Tyranitar|75/100|[from] Spikes
|-weather|Sandstorm|[from] ability: Sand Stream|[of] p2a: Tyranitar
|move|p1a: Darkrai|Ice Beam|p2a: Tyranitar
|-damage|p2a: Tyranitar|60/100
|-damage|p1a: Darkrai|81/100|[from] item: Life Orb
|
|-weather|Sandstorm|[upkeep]
|-damage|p1a: Darkrai|75/100|[from] Sandstorm
|-heal|p2a: Tyranitar|66/100|[from] item: Leftovers
|upkeep
|turn|6
|
|t:|1759066168
|switch|p2a: Slowking|Slowking-Galar, F|38/100
|move|p1a: Darkrai|Will-O-Wisp|p2a: Slowking
|-status|p2a: Slowking|brn
|
|-weather|Sandstorm|[upkeep]
|-damage|p1a: Darkrai|68/100|[from] Sandstorm
|-damage|p2a: Slowking|32/100 brn|[from] Sandstorm
|-damage|p2a: Slowking|26/100 brn|[from] brn
|upkeep
|turn|7
|
|t:|1759066183
|switch|p2a: Azumarill|Azumarill, F|100/100
|-damage|p2a: Azumarill|75/100|[from] Spikes
|move|p1a: Darkrai|Ice Beam|p2a: Azumarill
|-resisted|p2a: Azumarill
|-damage|p2a: Azumarill|60/100
|-damage|p1a: Darkrai|59/100|[from] item: Life Orb
|
|-weather|Sandstorm|[upkeep]
|-damage|p1a: Darkrai|52/100|[from] Sandstorm
|-damage|p2a: Azumarill|54/100|[from] Sandstorm
|upkeep
|turn|8
|
|t:|1759066193
|move|p2a: Azumarill|Aqua Jet|p1a: Darkrai
|-damage|p1a: Darkrai|20/100
|move|p1a: Darkrai|Will-O-Wisp|p2a: Azumarill
|-status|p2a: Azumarill|brn
|
|-weather|Sandstorm|[upkeep]
|-damage|p1a: Darkrai|14/100|[from] Sandstorm
|-damage|p2a: Azumarill|48/100 brn|[from] Sandstorm
|-damage|p2a: Azumarill|42/100 brn|[from] brn
|upkeep
|turn|9
|
|t:|1759066203
|move|p2a: Azumarill|Aqua Jet|p1a: Darkrai
|-damage|p1a: Darkrai|0 fnt
|faint|p1a: Darkrai
|
|-weather|none
|-damage|p2a: Azumarill|36/100 brn|[from] brn
|upkeep
|
|t:|1759066216
|switch|p1a: land rover|Landorus-Therian, M|100/100
|-ability|p1a: land rover|Intimidate|boost
|-unboost|p2a: Azumarill|atk|1
|turn|10
|
|t:|1759066222
|move|p1a: land rover|U-turn|p2a: Azumarill
|-resisted|p2a: Azumarill
|-damage|p2a: Azumarill|25/100 brn
|
|t:|1759066229
|switch|p1a: Kingambit|Kingambit, F|100/100|[from] U-turn
|-activate|p1a: Kingambit|ability: Supreme Overlord
|-start|p1a: Kingambit|fallen2|[silent]
|-item|p1a: Kingambit|Air Balloon
|move|p2a: Azumarill|Liquidation|p1a: Kingambit
|-damage|p1a: Kingambit|88/100
|-unboost|p1a: Kingambit|def|1
|-enditem|p1a: Kingambit|Air Balloon
|
|-damage|p2a: Azumarill|19/100 brn|[from] brn
|upkeep
|turn|11
|
|t:|1759066240
|move|p1a: Kingambit|Swords Dance|p1a: Kingambit
|-boost|p1a: Kingambit|atk|2
|move|p2a: Azumarill|Superpower|p1a: Kingambit
|-supereffective|p1a: Kingambit
|-crit|p1a: Kingambit
|-damage|p1a: Kingambit|0 fnt
|-unboost|p2a: Azumarill|atk|1
|-unboost|p2a: Azumarill|def|1
|faint|p1a: Kingambit
|-end|p1a: Kingambit|fallen2|[silent]
|
|-damage|p2a: Azumarill|13/100 brn|[from] brn
|upkeep
|-message|pikalyte3 forfeited.
|
|win|Tim and moby
|raw|pikalyte3's rating: 1614 &rarr; <strong>1589</strong><br />(-25 for losing)
|raw|Tim and moby's rating: 1530 &rarr; <strong>1555</strong><br />(+25 for winning)
|l|☆pikalyte3
|player|p1|
|l|☆Tim and moby
|player|p2|
