|j|☆sly_sunflower
|j|☆cielolebogoss
|t:|1758998394
|gametype|singles
|player|p1|sly_sunflower|cilan|1067
|player|p2|cielolebogoss|1|1113
|gen|9
|tier|[Gen 9] OU
|rated|
|rule|HP Percentage Mod: HP is shown in percentages
|rule|Endless Battle Clause: Forcing endless battles is banned
|rule|Species Clause: Limit one of each Pokémon
|rule|OHKO Clause: OHKO moves are banned
|rule|Evasion Items Clause: Evasion items are banned
|rule|Evasion Moves Clause: Evasion moves are banned
|rule|Evasion Abilities Clause: Evasion abilities are banned
|rule|Sleep Moves Clause: Sleep-inducing moves are banned
|clearpoke
|poke|p1|Pikachu-Hoenn, M|
|poke|p1|Froslass, F|
|poke|p1|Zapdos-Galar|
|poke|p1|Empoleon, F|
|poke|p1|Scovillain, F|
|poke|p1|Spidops, M|
|poke|p2|Gliscor, F|
|poke|p2|Ninetales-Alola, F|
|poke|p2|Cinderace, M|
|poke|p2|Iron Crown|
|poke|p2|Walking Wake|
|poke|p2|Iron Valiant|
|teampreview
|inactive|Battle timer is ON: inactive players will automatically lose when time's up. (requested by sly_sunflower)
|
|t:|1758998401
|teamsize|p1|6
|teamsize|p2|6
|start
|switch|p1a: Empoleon|Empoleon, F|100/100
|switch|p2a: Ninetales|Ninetales-Alola, F, shiny|100/100
|-weather|Snowscape|[from] ability: Snow Warning|[of] p2a: Ninetales
|turn|1
|
|t:|1758998406
|move|p2a: Ninetales|Aurora Veil|p2a: Ninetales
|-sidestart|p2: cielolebogoss|move: Aurora Veil
|move|p1a: Empoleon|Stealth Rock|p2a: Ninetales
|-sidestart|p2: cielolebogoss|move: Stealth Rock
|
|-weather|Snowscape|[upkeep]
|upkeep
|turn|2
|
|t:|1758998418
|switch|p2a: Gliscor|Gliscor, F, shiny|100/100
|-damage|p2a: Gliscor|88/100|[from] Stealth Rock
|move|p1a: Empoleon|Flash Cannon|p2a: Gliscor
|-damage|p2a: Gliscor|59/100
|
|-weather|Snowscape|[upkeep]
|-status|p2a: Gliscor|tox|[from] item: Toxic Orb
|upkeep
|turn|3
|
|t:|1758998425
|move|p2a: Gliscor|Earthquake|p1a: Empoleon
|-supereffective|p1a: Empoleon
|-damage|p1a: Empoleon|0 fnt
|faint|p1a: Empoleon
|
|-weather|Snowscape|[upkeep]
|-heal|p2a: Gliscor|71/100 tox|[from] ability: Poison Heal
|upkeep
|
|t:|1758998432
|switch|p1a: Spidops|Spidops, M|100/100
|turn|4
|
|t:|1758998436
|move|p2a: Gliscor|Toxic|p1a: Spidops|[miss]
|-miss|p2a: Gliscor|p1a: Spidops
|move|p1a: Spidops|Sticky Web|p2a: Gliscor
|-sidestart|p2: cielolebogoss|move: Sticky Web
|
|-weather|Snowscape|[upkeep]
|-heal|p2a: Gliscor|84/100 tox|[from] ability: Poison Heal
|upkeep
|turn|5
|
|t:|1758998440
|move|p2a: Gliscor|Toxic|p1a: Spidops
|-status|p1a: Spidops|tox
|move|p1a: Spidops|Knock Off|p2a: Gliscor
|-damage|p2a: Gliscor|72/100 tox
|-enditem|p2a: Gliscor|Toxic Orb|[from] move: Knock Off|[of] p1a: Spidops
|
|-weather|none
|-heal|p2a: Gliscor|85/100 tox|[from] ability: Poison Heal
|-damage|p1a: Spidops|94/100 tox|[from] psn
|upkeep
|turn|6
|
|t:|1758998453
|move|p2a: Gliscor|Crabhammer|p1a: Spidops
|-damage|p1a: Spidops|62/100 tox
|move|p1a: Spidops|Knock Off|p2a: Gliscor
|-damage|p2a: Gliscor|78/100 tox
|
|-heal|p2a: Gliscor|91/100 tox|[from] ability: Poison Heal
|-damage|p1a: Spidops|50/100 tox|[from] psn
|upkeep
|turn|7
|
|t:|1758998460
|move|p2a: Gliscor|Crabhammer|p1a: Spidops
|-damage|p1a: Spidops|13/100 tox
|move|p1a: Spidops|Knock Off|p2a: Gliscor
|-damage|p2a: Gliscor|84/100 tox
|
|-heal|p2a: Gliscor|96/100 tox|[from] ability: Poison Heal
|-damage|p1a: Spidops|0 fnt|[from] psn
|faint|p1a: Spidops
|upkeep
|
|t:|1758998468
|switch|p1a: Froslass|Froslass, F|100/100
|turn|8
|
|t:|1758998473
|move|p1a: Froslass|Spikes|p2a: Gliscor
|-sidestart|p2: cielolebogoss|Spikes
|move|p2a: Gliscor|Earthquake|p1a: Froslass
|-damage|p1a: Froslass|31/100
|-start|p2a: Gliscor|Disable|Earthquake|[from] ability: Cursed Body|[of] p1a: Froslass
|
|-heal|p2a: Gliscor|100/100 tox|[from] ability: Poison Heal
|-sideend|p2: cielolebogoss|move: Aurora Veil
|upkeep
|turn|9
|
|t:|1758998481
|move|p1a: Froslass|Destiny Bond|p1a: Froslass
|-singlemove|p1a: Froslass|Destiny Bond
|move|p2a: Gliscor|Crabhammer|p1a: Froslass
|-damage|p1a: Froslass|0 fnt
|faint|p1a: Froslass
|-activate|p1a: Froslass|move: Destiny Bond
|faint|p2a: Gliscor
|
|upkeep
|
|t:|1758998493
|switch|p1a: Zapdos|Zapdos-Galar, shiny|100/100
|switch|p2a: Iron Valiant|Iron Valiant|100/100
|-damage|p2a: Iron Valiant|94/100|[from] Stealth Rock
|-activate|p2a: Iron Valiant|move: Sticky Web
|-unboost|p2a: Iron Valiant|spe|1
|-damage|p2a: Iron Valiant|82/100|[from] Spikes
|-enditem|p2a: Iron Valiant|Booster Energy
|-activate|p2a: Iron Valiant|ability: Quark Drive|[fromitem]
|-start|p2a: Iron Valiant|quarkdriveatk
|turn|10
|
|t:|1758998512
|move|p1a: Zapdos|Fly||[still]
|-prepare|p1a: Zapdos|Fly
|-enditem|p1a: Zapdos|Power Herb
|-anim|p1a: Zapdos|Fly|p2a: Iron Valiant
|-supereffective|p2a: Iron Valiant
|-damage|p2a: Iron Valiant|0 fnt
|faint|p2a: Iron Valiant
|-end|p2a: Iron Valiant|Quark Drive|[silent]
|
|upkeep
|
|t:|1758998519
|switch|p2a: Walking Wake|Walking Wake|100/100
|-damage|p2a: Walking Wake|88/100|[from] Stealth Rock
|-activate|p2a: Walking Wake|move: Sticky Web
|-unboost|p2a: Walking Wake|spe|1
|-damage|p2a: Walking Wake|76/100|[from] Spikes
|turn|11
|
|t:|1758998541
|move|p1a: Zapdos|Acrobatics|p2a: Walking Wake
|-crit|p2a: Walking Wake
|-damage|p2a: Walking Wake|0 fnt
|faint|p2a: Walking Wake
|-end|p2a: Walking Wake|Protosynthesis|[silent]
|
|upkeep
|
|t:|1758998557
|switch|p2a: Ninetales|Ninetales-Alola, F, shiny|100/100
|-damage|p2a: Ninetales|75/100|[from] Stealth Rock
|-activate|p2a: Ninetales|move: Sticky Web
|-unboost|p2a: Ninetales|spe|1
|-damage|p2a: Ninetales|63/100|[from] Spikes
|-weather|Snowscape|[from] ability: Snow Warning|[of] p2a: Ninetales
|turn|12
|inactive|sly_sunflower has 120 seconds left.
|
|t:|1758998582
|move|p1a: Zapdos|Acrobatics|p2a: Ninetales
|-damage|p2a: Ninetales|8/100
|move|p2a: Ninetales|Blizzard|p1a: Zapdos
|-supereffective|p1a: Zapdos
|-damage|p1a: Zapdos|8/100
|
|-weather|Snowscape|[upkeep]
|upkeep
|turn|13
|inactive|cielolebogoss has 120 seconds left.
|
|t:|1758998624
|move|p1a: Zapdos|Thunderous Kick|p2a: Ninetales
|-damage|p2a: Ninetales|0 fnt
|faint|p2a: Ninetales
|
|-weather|Snowscape|[upkeep]
|upkeep
|
|t:|1758998627
|switch|p2a: Iron Crown|Iron Crown|100/100
|-damage|p2a: Iron Crown|94/100|[from] Stealth Rock
|-activate|p2a: Iron Crown|move: Sticky Web
|-unboost|p2a: Iron Crown|spe|1
|-damage|p2a: Iron Crown|82/100|[from] Spikes
|turn|14
|inactive|cielolebogoss has 120 seconds left.
|
|t:|1758998636
|move|p1a: Zapdos|Knock Off|p2a: Iron Crown
|-supereffective|p2a: Iron Crown
|-damage|p2a: Iron Crown|15/100
|-enditem|p2a: Iron Crown|Choice Scarf|[from] move: Knock Off|[of] p1a: Zapdos
|move|p2a: Iron Crown|Expanding Force|p1a: Zapdos
|-supereffective|p1a: Zapdos
|-damage|p1a: Zapdos|0 fnt
|faint|p1a: Zapdos
|
|-weather|Snowscape|[upkeep]
|upkeep
|
|t:|1758998649
|switch|p1a: Pikachu|Pikachu-Hoenn, M|100/100
|turn|15
|
|t:|1758998660
|move|p1a: Pikachu|Volt Switch|p2a: Iron Crown
|-damage|p2a: Iron Crown|0 fnt
|faint|p2a: Iron Crown
|-end|p2a: Iron Crown|Quark Drive|[silent]
|
|t:|1758998670
|switch|p1a: Scovillain|Scovillain, F|100/100|[from] Volt Switch
|
|-weather|Snowscape|[upkeep]
|upkeep
|
|t:|1758998672
|switch|p2a: Cinderace|Cinderace, M|100/100
|-damage|p2a: Cinderace|76/100|[from] Stealth Rock
|-activate|p2a: Cinderace|move: Sticky Web
|-unboost|p2a: Cinderace|spe|1
|-damage|p2a: Cinderace|63/100|[from] Spikes
|turn|16
|
|t:|1758998681
|move|p1a: Scovillain|Stomping Tantrum|p2a: Cinderace
|-supereffective|p2a: Cinderace
|-damage|p2a: Cinderace|0 fnt
|faint|p2a: Cinderace
|
|win|sly_sunflower
|raw|sly_sunflower's rating: 1067 &rarr; <strong>1103</strong><br />(+36 for winning)
|raw|cielolebogoss's rating: 1134 &rarr; <strong>1104</strong><br />(-30 for losing)
|l|☆cielolebogoss
|player|p2|
|l|☆sly_sunflower
|player|p1|
