|j|☆ZariaLxss
|j|☆WetWaterTypes
|t:|1758977406
|gametype|singles
|player|p1|ZariaLxss|dawn|1359
|player|p2|WetWaterTypes|yellow|1342
|gen|9
|tier|[Gen 9] OU
|rated|
|rule|HP Percentage Mod: HP is shown in percentages
|rule|Endless Battle Clause: Forcing endless battles is banned
|rule|Species Clause: Limit one of each Pokémon
|rule|OHKO Clause: OHKO moves are banned
|rule|Evasion Items Clause: Evasion items are banned
|rule|Evasion Moves Clause: Evasion moves are banned
|rule|Evasion Abilities Clause: Evasion abilities are banned
|rule|Sleep Moves Clause: Sleep-inducing moves are banned
|clearpoke
|poke|p1|Braviary-Hisui, M|
|poke|p1|Ribombee, F|
|poke|p1|Gholdengo|
|poke|p1|Great Tusk|
|poke|p1|Ceruledge, F|
|poke|p1|Enamorus, F|
|poke|p2|Bruxish, F|
|poke|p2|Alomomola, F|
|poke|p2|Pecharunt|
|poke|p2|Iron Treads|
|poke|p2|Meowscarada, F|
|poke|p2|Darkrai|
|teampreview
|
|t:|1758977414
|teamsize|p1|6
|teamsize|p2|6
|start
|switch|p1a: Ribombee|Ribombee, F|100/100
|switch|p2a: Pecharunt|Pecharunt|100/100
|turn|1
|
|t:|1758977417
|move|p1a: Ribombee|Stun Spore|p2a: Pecharunt|[miss]
|-miss|p1a: Ribombee|p2a: Pecharunt
|move|p2a: Pecharunt|Malignant Chain|p1a: Ribombee
|-supereffective|p1a: Ribombee
|-enditem|p1a: Ribombee|Focus Sash
|-damage|p1a: Ribombee|1/100
|
|upkeep
|turn|2
|
|t:|1758977427
|switch|p2a: Meowscarada|Meowscarada, F|100/100
|move|p1a: Ribombee|Sticky Web|p2a: Meowscarada
|-sidestart|p2: WetWaterTypes|move: Sticky Web
|
|upkeep
|turn|3
|
|t:|1758977435
|switch|p2a: Iron Treads|Iron Treads|100/100
|-activate|p2a: Iron Treads|move: Sticky Web
|-unboost|p2a: Iron Treads|spe|1
|move|p1a: Ribombee|Moonblast|p2a: Iron Treads
|-resisted|p2a: Iron Treads
|-damage|p2a: Iron Treads|76/100
|-unboost|p2a: Iron Treads|spa|1
|
|-heal|p2a: Iron Treads|82/100|[from] item: Leftovers
|upkeep
|turn|4
|
|t:|1758977440
|switch|p1a: Gholdengo|Gholdengo|100/100
|-item|p1a: Gholdengo|Air Balloon
|move|p2a: Iron Treads|Knock Off|p1a: Gholdengo
|-supereffective|p1a: Gholdengo
|-damage|p1a: Gholdengo|40/100
|-enditem|p1a: Gholdengo|Air Balloon
|
|-heal|p2a: Iron Treads|88/100|[from] item: Leftovers
|upkeep
|turn|5
|
|t:|1758977452
|move|p1a: Gholdengo|Focus Blast|p2a: Iron Treads
|-supereffective|p2a: Iron Treads
|-damage|p2a: Iron Treads|0 fnt
|faint|p2a: Iron Treads
|-end|p2a: Iron Treads|Quark Drive|[silent]
|
|upkeep
|
|t:|1758977456
|switch|p2a: Pecharunt|Pecharunt|100/100
|turn|6
|
|t:|1758977463
|switch|p1a: Ribombee|Ribombee, F|1/100
|move|p2a: Pecharunt|Hex|p1a: Ribombee
|-damage|p1a: Ribombee|0 fnt
|faint|p1a: Ribombee
|
|upkeep
|
|t:|1758977467
|switch|p1a: Ceruledge|Ceruledge, F|100/100
|turn|7
|
|t:|1758977471
|move|p1a: Ceruledge|Swords Dance|p1a: Ceruledge
|-boost|p1a: Ceruledge|atk|2
|move|p2a: Pecharunt|Parting Shot|p1a: Ceruledge
|-unboost|p1a: Ceruledge|atk|1
|-unboost|p1a: Ceruledge|spa|1
|
|t:|1758977475
|switch|p2a: Alomomola|Alomomola, F|100/100|[from] Parting Shot
|-activate|p2a: Alomomola|move: Sticky Web
|-unboost|p2a: Alomomola|spe|1
|
|upkeep
|turn|8
|
|t:|1758977479
|move|p1a: Ceruledge|Swords Dance|p1a: Ceruledge
|-boost|p1a: Ceruledge|atk|2
|move|p2a: Alomomola|Scald|p1a: Ceruledge
|-supereffective|p1a: Ceruledge
|-damage|p1a: Ceruledge|71/100
|
|upkeep
|turn|9
|
|t:|1758977485
|move|p1a: Ceruledge|Swords Dance|p1a: Ceruledge
|-boost|p1a: Ceruledge|atk|2
|move|p2a: Alomomola|Scald|p1a: Ceruledge
|-supereffective|p1a: Ceruledge
|-damage|p1a: Ceruledge|40/100
|
|upkeep
|turn|10
|
|t:|1758977494
|switch|p2a: Pecharunt|Pecharunt|100/100
|move|p1a: Ceruledge|Poltergeist|p2a: Pecharunt
|-activate|p2a: Pecharunt|move: Poltergeist|Heavy-Duty Boots
|-supereffective|p2a: Pecharunt
|-damage|p2a: Pecharunt|0 fnt
|faint|p2a: Pecharunt
|
|upkeep
|
|t:|1758977496
|switch|p2a: Bruxish|Bruxish, F|100/100
|-activate|p2a: Bruxish|move: Sticky Web
|-unboost|p2a: Bruxish|spe|1
|turn|11
|
|t:|1758977500
|-terastallize|p2a: Bruxish|Water
|move|p2a: Bruxish|Aqua Jet|p1a: Ceruledge
|-supereffective|p1a: Ceruledge
|-damage|p1a: Ceruledge|0 fnt
|faint|p1a: Ceruledge
|
|upkeep
|
|t:|1758977511
|switch|p1a: Enamorus|Enamorus, F|100/100
|turn|12
|
|t:|1758977515
|switch|p2a: Alomomola|Alomomola, F|100/100
|-activate|p2a: Alomomola|move: Sticky Web
|-unboost|p2a: Alomomola|spe|1
|move|p1a: Enamorus|Moonblast|p2a: Alomomola
|-damage|p2a: Alomomola|58/100
|
|upkeep
|turn|13
|
|t:|1758977517
|move|p1a: Enamorus|Moonblast|p2a: Alomomola
|-damage|p2a: Alomomola|14/100
|move|p2a: Alomomola|Mirror Coat|p1a: Enamorus
|-damage|p1a: Enamorus|0 fnt
|faint|p1a: Enamorus
|
|upkeep
|
|t:|1758977531
|switch|p1a: Braviary|Braviary-Hisui, M, shiny|100/100
|turn|14
|
|t:|1758977536
|switch|p2a: Bruxish|Bruxish, F, tera:Water|100/100
|-activate|p2a: Bruxish|move: Sticky Web
|-unboost|p2a: Bruxish|spe|1
|move|p1a: Braviary|Psychic|p2a: Bruxish
|-damage|p2a: Bruxish|0 fnt
|faint|p2a: Bruxish
|
|upkeep
|
|t:|1758977540
|switch|p2a: Darkrai|Darkrai|100/100
|-activate|p2a: Darkrai|move: Sticky Web
|-unboost|p2a: Darkrai|spe|1
|turn|15
|
|t:|1758977546
|move|p2a: Darkrai|Ice Beam|p1a: Braviary
|-supereffective|p1a: Braviary
|-damage|p1a: Braviary|23/100
|move|p1a: Braviary|Hurricane|p2a: Darkrai
|-damage|p2a: Darkrai|0 fnt
|faint|p2a: Darkrai
|
|upkeep
|
|t:|1758977551
|switch|p2a: Meowscarada|Meowscarada, F|100/100
|-activate|p2a: Meowscarada|move: Sticky Web
|-unboost|p2a: Meowscarada|spe|1
|turn|16
|
|t:|1758977553
|move|p2a: Meowscarada|Triple Axel|p1a: Braviary
|-start|p2a: Meowscarada|typechange|Ice|[from] ability: Protean
|-supereffective|p1a: Braviary
|-damage|p1a: Braviary|0 fnt
|faint|p1a: Braviary
|-hitcount|p1: Braviary|1
|
|upkeep
|
|t:|1758977555
|switch|p1a: Great Tusk|Great Tusk|100/100
|turn|17
|
|t:|1758977558
|move|p1a: Great Tusk|Close Combat|p2a: Meowscarada
|-supereffective|p2a: Meowscarada
|-damage|p2a: Meowscarada|0 fnt
|-unboost|p1a: Great Tusk|def|1
|-unboost|p1a: Great Tusk|spd|1
|faint|p2a: Meowscarada
|
|upkeep
|
|t:|1758977560
|switch|p2a: Alomomola|Alomomola, F|47/100
|-activate|p2a: Alomomola|move: Sticky Web
|-unboost|p2a: Alomomola|spe|1
|turn|18
|
|t:|1758977561
|move|p1a: Great Tusk|Close Combat|p2a: Alomomola
|-damage|p2a: Alomomola|1/100
|-unboost|p1a: Great Tusk|def|1
|-unboost|p1a: Great Tusk|spd|1
|move|p2a: Alomomola|Scald|p1a: Great Tusk
|-supereffective|p1a: Great Tusk
|-damage|p1a: Great Tusk|13/100
|
|upkeep
|turn|19
|
|t:|1758977564
|move|p1a: Great Tusk|Close Combat|p2a: Alomomola
|-crit|p2a: Alomomola
|-damage|p2a: Alomomola|0 fnt
|-unboost|p1a: Great Tusk|def|1
|-unboost|p1a: Great Tusk|spd|1
|faint|p2a: Alomomola
|
|win|ZariaLxss
|raw|ZariaLxss's rating: 1359 &rarr; <strong>1378</strong><br />(+19 for winning)
|raw|WetWaterTypes's rating: 1342 &rarr; <strong>1323</strong><br />(-19 for losing)
