|badge|p1|silver|gen9ou|30-6
|html|<div class="broadcast-red"><strong>This battle is required to be public due to one or more player having a season medal.</strong><br />During the public phase, you can discuss the state of the ladder <a href="/seasondiscussion">in a special chatroom.</a></div>
|uhtml|medal-msg|<div class="broadcast-blue">Curious what those medals under the avatar are? PS now has Ladder Seasons! For more information, check out the <a href="https://www.smogon.com/forums/threads/3740067/">thread on Smogon.</a></div>
|raw|<div class="broadcast-blue"><strong>This battle is required to be public due to a player having a name starting with 'medal'.</div>
|j|☆ShinyLucarioXD
|j|☆patio fence
|t:|1758982033
|gametype|singles
|player|p1|ShinyLucarioXD|riley|1889
|player|p2|patio fence|fisherman-gen2jp|1806
|gen|9
|tier|[Gen 9] OU
|rated|
|rule|HP Percentage Mod: HP is shown in percentages
|rule|Endless Battle Clause: Forcing endless battles is banned
|rule|Species Clause: Limit one of each Pokémon
|rule|OHKO Clause: OHKO moves are banned
|rule|Evasion Items Clause: Evasion items are banned
|rule|Evasion Moves Clause: Evasion moves are banned
|rule|Evasion Abilities Clause: Evasion abilities are banned
|rule|Sleep Moves Clause: Sleep-inducing moves are banned
|clearpoke
|poke|p1|Raging Bolt|
|poke|p1|Samurott-Hisui, F|
|poke|p1|Dragonite, F|
|poke|p1|Gholdengo|
|poke|p1|Great Tusk|
|poke|p1|Enamorus, F|
|poke|p2|Tyranitar, F|
|poke|p2|Excadrill, F|
|poke|p2|Heatran, M|
|poke|p2|Pecharunt|
|poke|p2|Ogerpon-Wellspring, F|
|poke|p2|Zamazenta-*|
|teampreview
|inactive|Battle timer is ON: inactive players will automatically lose when time's up. (requested by patio fence)
|inactive|ShinyLucarioXD also wants the timer to be on.
|j| dsvdv
|l| dsvdv
|
|t:|1758982062
|teamsize|p1|6
|teamsize|p2|6
|start
|switch|p1a: Dragonite|Dragonite, F, shiny|100/100
|switch|p2a: Ogerpon|Ogerpon-Wellspring, F|100/100
|turn|1
|j| cryyysneasel
|
|t:|1758982086
|move|p1a: Dragonite|Extreme Speed|p2a: Ogerpon
|-damage|p2a: Ogerpon|48/100
|move|p2a: Ogerpon|Trailblaze|p1a: Dragonite
|-resisted|p1a: Dragonite
|-damage|p1a: Dragonite|96/100
|-boost|p2a: Ogerpon|spe|1
|
|upkeep
|turn|2
|
|t:|1758982100
|switch|p2a: Pecharunt|Pecharunt|100/100
|-item|p2a: Pecharunt|Air Balloon
|move|p1a: Dragonite|Ice Spinner|p2a: Pecharunt
|-damage|p2a: Pecharunt|85/100
|-enditem|p2a: Pecharunt|Air Balloon
|
|upkeep
|turn|3
|
|t:|1758982111
|switch|p1a: Gholdengo|Gholdengo|100/100
|move|p2a: Pecharunt|Malignant Chain|p1a: Gholdengo
|-immune|p1a: Gholdengo
|
|upkeep
|turn|4
|
|t:|1758982119
|switch|p2a: Heatran|Heatran, M|100/100
|move|p1a: Gholdengo|Focus Blast|p2a: Heatran
|-supereffective|p2a: Heatran
|-damage|p2a: Heatran|38/100
|
|-heal|p2a: Heatran|44/100|[from] item: Leftovers
|upkeep
|turn|5
|
|t:|1758982131
|switch|p1a: Samurott|Samurott-Hisui, F, shiny|100/100
|switch|p2a: Tyranitar|Tyranitar, F|100/100
|-weather|Sandstorm|[from] ability: Sand Stream|[of] p2a: Tyranitar
|
|-weather|Sandstorm|[upkeep]
|-damage|p1a: Samurott|94/100|[from] Sandstorm
|upkeep
|turn|6
|
|t:|1758982139
|switch|p1a: Great Tusk|Great Tusk|100/100
|move|p2a: Tyranitar|Stealth Rock|p1a: Great Tusk
|-sidestart|p1: ShinyLucarioXD|move: Stealth Rock
|
|-weather|Sandstorm|[upkeep]
|upkeep
|turn|7
|
|t:|1758982155
|move|p1a: Great Tusk|Stealth Rock|p2a: Tyranitar
|-sidestart|p2: patio fence|move: Stealth Rock
|move|p2a: Tyranitar|Ice Beam|p1a: Great Tusk
|-supereffective|p1a: Great Tusk
|-damage|p1a: Great Tusk|43/100
|
|-weather|Sandstorm|[upkeep]
|-heal|p1a: Great Tusk|49/100|[from] item: Leftovers
|upkeep
|turn|8
|
|t:|1758982161
|switch|p2a: Zamazenta|Zamazenta|100/100
|-damage|p2a: Zamazenta|94/100|[from] Stealth Rock
|-ability|p2a: Zamazenta|Dauntless Shield|boost
|-boost|p2a: Zamazenta|def|1
|move|p1a: Great Tusk|Knock Off|p2a: Zamazenta
|-resisted|p2a: Zamazenta
|-damage|p2a: Zamazenta|86/100
|-enditem|p2a: Zamazenta|Leftovers|[from] move: Knock Off|[of] p1a: Great Tusk
|
|-weather|Sandstorm|[upkeep]
|-damage|p2a: Zamazenta|80/100|[from] Sandstorm
|-heal|p1a: Great Tusk|55/100|[from] item: Leftovers
|upkeep
|turn|9
|
|t:|1758982176
|move|p2a: Zamazenta|Body Press|p1a: Great Tusk
|-damage|p1a: Great Tusk|28/100
|move|p1a: Great Tusk|Rapid Spin|p2a: Zamazenta
|-damage|p2a: Zamazenta|72/100
|-boost|p1a: Great Tusk|spe|1
|-sideend|p1: ShinyLucarioXD|Stealth Rock|[from] move: Rapid Spin|[of] p1a: Great Tusk
|
|-weather|Sandstorm|[upkeep]
|-damage|p2a: Zamazenta|65/100|[from] Sandstorm
|-heal|p1a: Great Tusk|34/100|[from] item: Leftovers
|upkeep
|turn|10
|
|t:|1758982188
|-end|p1a: Great Tusk|Protosynthesis|[silent]
|switch|p1a: Gholdengo|Gholdengo|100/100
|move|p2a: Zamazenta|Crunch|p1a: Gholdengo
|-supereffective|p1a: Gholdengo
|-damage|p1a: Gholdengo|44/100
|
|-weather|Sandstorm|[upkeep]
|-damage|p2a: Zamazenta|59/100|[from] Sandstorm
|upkeep
|turn|11
|
|t:|1758982192
|move|p1a: Gholdengo|Make It Rain|p2a: Zamazenta
|-damage|p2a: Zamazenta|4/100
|-unboost|p1a: Gholdengo|spa|1
|move|p2a: Zamazenta|Crunch|p1a: Gholdengo
|-supereffective|p1a: Gholdengo
|-damage|p1a: Gholdengo|0 fnt
|faint|p1a: Gholdengo
|
|-weather|Sandstorm|[upkeep]
|-damage|p2a: Zamazenta|0 fnt|[from] Sandstorm
|faint|p2a: Zamazenta
|upkeep
|
|t:|1758982207
|switch|p2a: Excadrill|Excadrill, F|100/100
|switch|p1a: Raging Bolt|Raging Bolt|100/100
|-damage|p2a: Excadrill|97/100|[from] Stealth Rock
|-enditem|p1a: Raging Bolt|Booster Energy
|-activate|p1a: Raging Bolt|ability: Protosynthesis|[fromitem]
|-start|p1a: Raging Bolt|protosynthesisspa
|turn|12
|
|t:|1758982212
|move|p2a: Excadrill|Rapid Spin|p1a: Raging Bolt
|-damage|p1a: Raging Bolt|85/100
|-boost|p2a: Excadrill|spe|1
|-sideend|p2: patio fence|Stealth Rock|[from] move: Rapid Spin|[of] p2a: Excadrill
|move|p1a: Raging Bolt|Dragon Pulse|p2a: Excadrill
|-resisted|p2a: Excadrill
|-damage|p2a: Excadrill|52/100
|
|-weather|none
|-heal|p2a: Excadrill|58/100|[from] item: Leftovers
|upkeep
|turn|13
|
|t:|1758982217
|move|p2a: Excadrill|Earthquake|p1a: Raging Bolt
|-supereffective|p1a: Raging Bolt
|-damage|p1a: Raging Bolt|0 fnt
|faint|p1a: Raging Bolt
|-end|p1a: Raging Bolt|Protosynthesis|[silent]
|
|-heal|p2a: Excadrill|64/100|[from] item: Leftovers
|upkeep
|
|t:|1758982220
|switch|p1a: Samurott|Samurott-Hisui, F, shiny|94/100
|turn|14
|
|t:|1758982224
|switch|p2a: Ogerpon|Ogerpon-Wellspring, F|48/100
|move|p1a: Samurott|Ceaseless Edge|p2a: Ogerpon|[miss]
|-miss|p1a: Samurott|p2a: Ogerpon
|
|upkeep
|turn|15
|
|t:|1758982228
|switch|p2a: Tyranitar|Tyranitar, F|100/100
|-weather|Sandstorm|[from] ability: Sand Stream|[of] p2a: Tyranitar
|move|p1a: Samurott|Ceaseless Edge|p2a: Tyranitar
|-resisted|p2a: Tyranitar
|-damage|p2a: Tyranitar|87/100
|-sidestart|p2: patio fence|Spikes
|
|-weather|Sandstorm|[upkeep]
|-damage|p1a: Samurott|88/100|[from] Sandstorm
|upkeep
|turn|16
|
|t:|1758982232
|move|p1a: Samurott|Sacred Sword|p2a: Tyranitar
|-supereffective|p2a: Tyranitar
|-damage|p2a: Tyranitar|0 fnt
|faint|p2a: Tyranitar
|
|-weather|Sandstorm|[upkeep]
|-damage|p1a: Samurott|82/100|[from] Sandstorm
|upkeep
|
|t:|1758982238
|switch|p2a: Excadrill|Excadrill, F|64/100
|-damage|p2a: Excadrill|52/100|[from] Spikes
|turn|17
|
|t:|1758982242
|-terastallize|p2a: Excadrill|Ground
|move|p2a: Excadrill|Earthquake|p1a: Samurott
|-damage|p1a: Samurott|0 fnt
|faint|p1a: Samurott
|
|-weather|Sandstorm|[upkeep]
|-heal|p2a: Excadrill|58/100|[from] item: Leftovers
|upkeep
|
|t:|1758982250
|switch|p1a: Dragonite|Dragonite, F, shiny|96/100
|turn|18
|
|t:|1758982256
|switch|p2a: Pecharunt|Pecharunt|85/100
|-damage|p2a: Pecharunt|73/100|[from] Spikes
|move|p1a: Dragonite|Ice Spinner|p2a: Pecharunt
|-damage|p2a: Pecharunt|56/100
|
|-weather|Sandstorm|[upkeep]
|-damage|p2a: Pecharunt|50/100|[from] Sandstorm
|-damage|p1a: Dragonite|90/100|[from] Sandstorm
|upkeep
|turn|19
|
|t:|1758982259
|switch|p1a: Great Tusk|Great Tusk|34/100
|move|p2a: Pecharunt|Malignant Chain|p1a: Great Tusk
|-resisted|p1a: Great Tusk
|-damage|p1a: Great Tusk|15/100
|
|-weather|Sandstorm|[upkeep]
|-damage|p2a: Pecharunt|44/100|[from] Sandstorm
|-heal|p1a: Great Tusk|21/100|[from] item: Leftovers
|upkeep
|turn|20
|
|t:|1758982265
|move|p2a: Pecharunt|Malignant Chain|p1a: Great Tusk
|-resisted|p1a: Great Tusk
|-damage|p1a: Great Tusk|1/100
|-status|p1a: Great Tusk|tox
|-start|p1a: Great Tusk|confusion|[from] ability: Poison Puppeteer|[of] p2a: Pecharunt
|-activate|p1a: Great Tusk|confusion
|move|p1a: Great Tusk|Stealth Rock|p2a: Pecharunt
|-sidestart|p2: patio fence|move: Stealth Rock
|
|-weather|Sandstorm|[upkeep]
|-damage|p2a: Pecharunt|38/100|[from] Sandstorm
|-heal|p1a: Great Tusk|7/100 tox|[from] item: Leftovers
|-damage|p1a: Great Tusk|1/100 tox|[from] psn
|upkeep
|turn|21
|
|t:|1758982269
|move|p2a: Pecharunt|Parting Shot|p1a: Great Tusk
|-unboost|p1a: Great Tusk|atk|1
|-unboost|p1a: Great Tusk|spa|1
|
|t:|1758982272
|switch|p2a: Excadrill|Excadrill, F, tera:Ground|58/100|[from] Parting Shot
|-damage|p2a: Excadrill|45/100|[from] Spikes
|-damage|p2a: Excadrill|39/100|[from] Stealth Rock
|-activate|p1a: Great Tusk|confusion
|move|p1a: Great Tusk|Knock Off|p2a: Excadrill
|-damage|p2a: Excadrill|13/100
|-enditem|p2a: Excadrill|Leftovers|[from] move: Knock Off|[of] p1a: Great Tusk
|
|-weather|Sandstorm|[upkeep]
|-heal|p1a: Great Tusk|7/100 tox|[from] item: Leftovers
|-damage|p1a: Great Tusk|0 fnt|[from] psn
|faint|p1a: Great Tusk
|-end|p1a: Great Tusk|Protosynthesis|[silent]
|upkeep
|
|t:|1758982274
|switch|p1a: Dragonite|Dragonite, F, shiny|90/100
|turn|22
|
|t:|1758982279
|switch|p2a: Heatran|Heatran, M|44/100
|-damage|p2a: Heatran|31/100|[from] Spikes
|-damage|p2a: Heatran|19/100|[from] Stealth Rock
|move|p1a: Dragonite|Extreme Speed|p2a: Heatran
|-resisted|p2a: Heatran
|-damage|p2a: Heatran|5/100
|
|-weather|none
|-heal|p2a: Heatran|11/100|[from] item: Leftovers
|upkeep
|turn|23
|-message|patio fence forfeited.
|
|win|ShinyLucarioXD
|raw|ShinyLucarioXD's rating: 1889 &rarr; <strong>1904</strong><br />(+15 for winning)
|raw|patio fence's rating: 1806 &rarr; <strong>1791</strong><br />(-15 for losing)
|l|☆patio fence
|player|p2|
|l|☆ShinyLucarioXD
|player|p1|
|l| cryyysneasel
|j| 365 party girl
|l| 365 party girl
