|j|☆gabrielxd1023
|j|☆will-i-am2
|t:|1758918246
|gametype|singles
|player|p1|gabrielxd1023|lucas|1599
|player|p2|will-i-am2|101|1562
|gen|9
|tier|[Gen 9] OU
|rated|
|rule|HP Percentage Mod: HP is shown in percentages
|rule|Endless Battle Clause: Forcing endless battles is banned
|rule|Species Clause: Limit one of each Pokémon
|rule|OHKO Clause: OHKO moves are banned
|rule|Evasion Items Clause: Evasion items are banned
|rule|Evasion Moves Clause: Evasion moves are banned
|rule|Evasion Abilities Clause: Evasion abilities are banned
|rule|Sleep Moves Clause: Sleep-inducing moves are banned
|clearpoke
|poke|p1|Corviknight, M|
|poke|p1|Lokix, M|
|poke|p1|Alomomola, M|
|poke|p1|Cinderace, M|
|poke|p1|Gliscor, F|
|poke|p1|Enamorus, F|
|poke|p2|Registeel|
|poke|p2|Mamoswine, M|
|poke|p2|Mimikyu, F|
|poke|p2|Hydreigon, M|
|poke|p2|Slowbro, M|
|poke|p2|Mandibuzz, F|
|teampreview
|inactive|Battle timer is ON: inactive players will automatically lose when time's up. (requested by will-i-am2)
|
|t:|1758918260
|teamsize|p1|6
|teamsize|p2|6
|start
|switch|p1a: Cinderace|Cinderace, M|100/100
|switch|p2a: Mamoswine|Mamoswine, M|100/100
|turn|1
|inactive|gabrielxd1023 has 120 seconds left.
|
|t:|1758918295
|switch|p2a: Mandibuzz|Mandibuzz, F|100/100
|move|p1a: Cinderace|Will-O-Wisp|p2a: Mandibuzz
|-status|p2a: Mandibuzz|brn
|
|-damage|p2a: Mandibuzz|94/100 brn|[from] brn
|upkeep
|turn|2
|
|t:|1758918300
|move|p1a: Cinderace|U-turn|p2a: Mandibuzz
|-damage|p2a: Mandibuzz|84/100 brn
|-damage|p1a: Cinderace|84/100|[from] item: Rocky Helmet|[of] p2a: Mandibuzz
|
|t:|1758918304
|switch|p1a: Enamorus|Enamorus, F|100/100|[from] U-turn
|move|p2a: Mandibuzz|Foul Play|p1a: Enamorus
|-resisted|p1a: Enamorus
|-damage|p1a: Enamorus|87/100
|
|-damage|p2a: Mandibuzz|78/100 brn|[from] brn
|upkeep
|turn|3
|inactive|gabrielxd1023 has 120 seconds left.
|
|t:|1758918337
|switch|p1a: Gliscor|Gliscor, F|100/100
|switch|p2a: Registeel|Registeel|100/100
|
|-status|p1a: Gliscor|tox|[from] item: Toxic Orb
|upkeep
|turn|4
|inactive|gabrielxd1023 has 120 seconds left.
|
|t:|1758918357
|switch|p2a: Slowbro|Slowbro, M|100/100
|move|p1a: Gliscor|Swords Dance|p1a: Gliscor
|-boost|p1a: Gliscor|atk|2
|
|upkeep
|turn|5
|inactive|gabrielxd1023 has 120 seconds left.
|
|t:|1758918374
|-terastallize|p1a: Gliscor|Normal
|move|p1a: Gliscor|Facade|p2a: Slowbro
|-damage|p2a: Slowbro|29/100
|move|p2a: Slowbro|Scald|p1a: Gliscor
|-damage|p1a: Gliscor|68/100 tox
|
|-heal|p2a: Slowbro|35/100|[from] item: Leftovers
|-heal|p1a: Gliscor|81/100 tox|[from] ability: Poison Heal
|upkeep
|turn|6
|
|t:|1758918384
|switch|p2a: Mandibuzz|Mandibuzz, F|78/100 brn
|move|p1a: Gliscor|Protect||[still]
|-fail|p1a: Gliscor
|
|-heal|p1a: Gliscor|93/100 tox|[from] ability: Poison Heal
|-damage|p2a: Mandibuzz|71/100 brn|[from] brn
|upkeep
|turn|7
|inactive|gabrielxd1023 has 120 seconds left.
|
|t:|1758918397
|move|p1a: Gliscor|Facade|p2a: Mandibuzz
|-damage|p2a: Mandibuzz|24/100 brn
|-damage|p1a: Gliscor|77/100 tox|[from] item: Rocky Helmet|[of] p2a: Mandibuzz
|move|p2a: Mandibuzz|Foul Play|p1a: Gliscor
|-damage|p1a: Gliscor|51/100 tox
|
|-heal|p1a: Gliscor|64/100 tox|[from] ability: Poison Heal
|-damage|p2a: Mandibuzz|18/100 brn|[from] brn
|upkeep
|turn|8
|inactive|gabrielxd1023 has 120 seconds left.
|
|t:|1758918406
|move|p1a: Gliscor|Facade|p2a: Mandibuzz
|-damage|p2a: Mandibuzz|0 fnt
|-damage|p1a: Gliscor|47/100 tox|[from] item: Rocky Helmet|[of] p2a: Mandibuzz
|faint|p2a: Mandibuzz
|
|-heal|p1a: Gliscor|60/100 tox|[from] ability: Poison Heal
|upkeep
|
|t:|1758918417
|switch|p2a: Registeel|Registeel|100/100
|turn|9
|inactive|gabrielxd1023 has 120 seconds left.
|c|☆will-i-am2|can we go faster. 30 secs every is insane
|
|t:|1758918444
|-terastallize|p2a: Registeel|Fighting
|move|p1a: Gliscor|Earthquake|p2a: Registeel
|-damage|p2a: Registeel|61/100
|move|p2a: Registeel|Body Press|p1a: Gliscor
|-supereffective|p1a: Gliscor
|-damage|p1a: Gliscor|0 fnt
|faint|p1a: Gliscor
|
|-heal|p2a: Registeel|67/100|[from] item: Leftovers
|upkeep
|
|t:|1758918452
|switch|p1a: Enamorus|Enamorus, F|87/100
|turn|10
|
|t:|1758918467
|move|p1a: Enamorus|Moonblast|p2a: Registeel
|-supereffective|p2a: Registeel
|-damage|p2a: Registeel|5/100
|move|p2a: Registeel|Thunder Wave|p1a: Enamorus
|-status|p1a: Enamorus|par
|
|-heal|p2a: Registeel|11/100|[from] item: Leftovers
|upkeep
|turn|11
|
|t:|1758918473
|move|p1a: Enamorus|Moonblast|p2a: Registeel
|-supereffective|p2a: Registeel
|-damage|p2a: Registeel|0 fnt
|faint|p2a: Registeel
|
|upkeep
|
|t:|1758918478
|switch|p2a: Mamoswine|Mamoswine, M|100/100
|turn|12
|
|t:|1758918483
|switch|p1a: Corviknight|Corviknight, M|100/100
|-ability|p1a: Corviknight|Pressure
|move|p2a: Mamoswine|Icicle Crash|p1a: Corviknight|[miss]
|-miss|p2a: Mamoswine|p1a: Corviknight
|
|upkeep
|turn|13
|
|t:|1758918497
|switch|p1a: Alomomola|Alomomola, M|100/100
|move|p2a: Mamoswine|Icicle Crash|p1a: Alomomola
|-resisted|p1a: Alomomola
|-damage|p1a: Alomomola|72/100
|
|upkeep
|turn|14
|
|t:|1758918504
|switch|p2a: Slowbro|Slowbro, M|68/100
|move|p1a: Alomomola|Flip Turn|p2a: Slowbro
|-resisted|p2a: Slowbro
|-damage|p2a: Slowbro|62/100
|
|t:|1758918509
|switch|p1a: Lokix|Lokix, M|100/100|[from] Flip Turn
|
|-heal|p2a: Slowbro|68/100|[from] item: Leftovers
|upkeep
|turn|15
|
|t:|1758918524
|switch|p2a: Mimikyu|Mimikyu, F|100/100
|move|p1a: Lokix|Knock Off|p2a: Mimikyu
|-activate|p2a: Mimikyu|ability: Disguise
|-damage|p2a: Mimikyu|100/100
|-enditem|p2a: Mimikyu|Life Orb|[from] move: Knock Off|[of] p1a: Lokix
|detailschange|p2a: Mimikyu|Mimikyu-Busted, F
|-damage|p2a: Mimikyu|88/100|[from] pokemon: Mimikyu-Busted
|
|upkeep
|turn|16
|
|t:|1758918537
|switch|p2a: Slowbro|Slowbro, M|100/100
|switch|p1a: Cinderace|Cinderace, M|84/100
|
|upkeep
|turn|17
|
|t:|1758918543
|move|p1a: Cinderace|U-turn|p2a: Slowbro
|-supereffective|p2a: Slowbro
|-damage|p2a: Slowbro|73/100
|
|t:|1758918549
|switch|p1a: Alomomola|Alomomola, M|100/100|[from] U-turn
|move|p2a: Slowbro|Scald|p1a: Alomomola
|-resisted|p1a: Alomomola
|-damage|p1a: Alomomola|91/100
|
|-heal|p2a: Slowbro|79/100|[from] item: Leftovers
|upkeep
|turn|18
|
|t:|1758918557
|move|p1a: Alomomola|Flip Turn|p2a: Slowbro
|-resisted|p2a: Slowbro
|-damage|p2a: Slowbro|73/100
|
|t:|1758918559
|switch|p1a: Lokix|Lokix, M|100/100|[from] Flip Turn
|move|p2a: Slowbro|Scald|p1a: Lokix
|-damage|p1a: Lokix|32/100
|-status|p1a: Lokix|brn
|
|-heal|p2a: Slowbro|79/100|[from] item: Leftovers
|-damage|p1a: Lokix|26/100 brn|[from] brn
|upkeep
|turn|19
|
|t:|1758918568
|move|p1a: Lokix|Knock Off|p2a: Slowbro
|-supereffective|p2a: Slowbro
|-damage|p2a: Slowbro|21/100
|-enditem|p2a: Slowbro|Leftovers|[from] move: Knock Off|[of] p1a: Lokix
|move|p2a: Slowbro|Scald|p1a: Lokix
|-damage|p1a: Lokix|0 fnt
|faint|p1a: Lokix
|
|upkeep
|
|t:|1758918571
|switch|p1a: Cinderace|Cinderace, M|84/100
|turn|20
|
|t:|1758918575
|switch|p2a: Hydreigon|Hydreigon, M|100/100
|move|p1a: Cinderace|U-turn|p2a: Hydreigon
|-supereffective|p2a: Hydreigon
|-damage|p2a: Hydreigon|56/100
|
|t:|1758918601
|switch|p1a: Alomomola|Alomomola, M|100/100|[from] U-turn
|
|upkeep
|turn|21
|
|t:|1758918617
|move|p2a: Hydreigon|Dark Pulse|p1a: Alomomola
|-damage|p1a: Alomomola|80/100
|move|p1a: Alomomola|Body Slam|p2a: Hydreigon
|-damage|p2a: Hydreigon|40/100
|-status|p2a: Hydreigon|par
|
|upkeep
|turn|22
|
|t:|1758918630
|move|p2a: Hydreigon|Dark Pulse|p1a: Alomomola
|-damage|p1a: Alomomola|58/100
|move|p1a: Alomomola|Flip Turn|p2a: Hydreigon
|-resisted|p2a: Hydreigon
|-damage|p2a: Hydreigon|30/100 par
|
|t:|1758918632
|switch|p1a: Cinderace|Cinderace, M|84/100|[from] Flip Turn
|
|upkeep
|turn|23
|
|t:|1758918647
|move|p1a: Cinderace|U-turn|p2a: Hydreigon
|-supereffective|p2a: Hydreigon
|-damage|p2a: Hydreigon|0 fnt
|faint|p2a: Hydreigon
|
|t:|1758918660
|switch|p1a: Corviknight|Corviknight, M|100/100|[from] U-turn
|-ability|p1a: Corviknight|Pressure
|
|upkeep
|
|t:|1758918664
|switch|p2a: Slowbro|Slowbro, M|54/100
|turn|24
|
|t:|1758918667
|move|p1a: Corviknight|U-turn|p2a: Slowbro
|-supereffective|p2a: Slowbro
|-damage|p2a: Slowbro|32/100
|
|t:|1758918678
|switch|p1a: Enamorus|Enamorus, F|87/100 par|[from] U-turn
|move|p2a: Slowbro|Scald|p1a: Enamorus
|-damage|p1a: Enamorus|35/100 par
|
|upkeep
|turn|25
|
|t:|1758918688
|switch|p2a: Mamoswine|Mamoswine, M|100/100
|move|p1a: Enamorus|Moonblast|p2a: Mamoswine
|-damage|p2a: Mamoswine|15/100
|
|upkeep
|turn|26
|
|t:|1758918705
|switch|p1a: Alomomola|Alomomola, M|91/100
|move|p2a: Mamoswine|Icicle Crash|p1a: Alomomola
|-resisted|p1a: Alomomola
|-damage|p1a: Alomomola|63/100
|
|upkeep
|turn|27
|
|t:|1758918712
|switch|p2a: Mimikyu|Mimikyu-Busted, F|88/100
|move|p1a: Alomomola|Flip Turn|p2a: Mimikyu
|-damage|p2a: Mimikyu|64/100
|
|t:|1758918736
|switch|p1a: Corviknight|Corviknight, M|100/100|[from] Flip Turn
|-ability|p1a: Corviknight|Pressure
|
|upkeep
|turn|28
|
|t:|1758918743
|switch|p2a: Slowbro|Slowbro, M|65/100
|move|p1a: Corviknight|Brave Bird|p2a: Slowbro
|-damage|p2a: Slowbro|35/100
|-damage|p1a: Corviknight|91/100|[from] Recoil
|
|upkeep
|turn|29
|
|t:|1758918760
|switch|p2a: Mamoswine|Mamoswine, M|15/100
|move|p1a: Corviknight|U-turn|p2a: Mamoswine
|-damage|p2a: Mamoswine|0 fnt
|faint|p2a: Mamoswine
|
|t:|1758918771
|switch|p1a: Cinderace|Cinderace, M|84/100|[from] U-turn
|
|upkeep
|
|t:|1758918774
|switch|p2a: Slowbro|Slowbro, M|68/100
|turn|30
|
|t:|1758918780
|move|p1a: Cinderace|U-turn|p2a: Slowbro
|-supereffective|p2a: Slowbro
|-damage|p2a: Slowbro|37/100
|
|t:|1758918783
|switch|p1a: Alomomola|Alomomola, M|96/100|[from] U-turn
|move|p2a: Slowbro|Trick Room|p2a: Slowbro
|-fieldstart|move: Trick Room|[of] p2a: Slowbro
|
|upkeep
|turn|31
|
|t:|1758918792
|move|p2a: Slowbro|Psychic|p1a: Alomomola
|-crit|p1a: Alomomola
|-damage|p1a: Alomomola|63/100
|move|p1a: Alomomola|Body Slam|p2a: Slowbro
|-damage|p2a: Slowbro|25/100
|
|upkeep
|turn|32
|
|t:|1758918800
|switch|p2a: Mimikyu|Mimikyu-Busted, F|64/100
|move|p1a: Alomomola|Mirror Coat||[still]
|-fail|p1a: Alomomola
|
|upkeep
|turn|33
|
|t:|1758918805
|move|p1a: Alomomola|Flip Turn|p2a: Mimikyu
|-damage|p2a: Mimikyu|37/100
|
|t:|1758918808
|switch|p1a: Corviknight|Corviknight, M|91/100|[from] Flip Turn
|-ability|p1a: Corviknight|Pressure
|move|p2a: Mimikyu|Swords Dance|p2a: Mimikyu
|-boost|p2a: Mimikyu|atk|2
|
|upkeep
|turn|34
|
|t:|1758918817
|move|p1a: Corviknight|Brave Bird|p2a: Mimikyu
|-damage|p2a: Mimikyu|0 fnt
|faint|p2a: Mimikyu
|-damage|p1a: Corviknight|83/100|[from] Recoil
|
|-fieldend|move: Trick Room
|upkeep
|l|☆will-i-am2
|inactive|will-i-am2 disconnected and has a minute to reconnect!
|player|p2|
|inactive|will-i-am2 has 30 seconds to reconnect!
|inactive|will-i-am2 has 20 seconds to reconnect!
|inactive|will-i-am2 has 15 seconds to reconnect!
|inactive|will-i-am2 has 10 seconds to reconnect!
|inactive|will-i-am2 has 5 seconds to reconnect!
|-message|will-i-am2 lost due to inactivity.
|
|win|gabrielxd1023
|raw|gabrielxd1023's rating: 1599 &rarr; <strong>1617</strong><br />(+18 for winning)
|raw|will-i-am2's rating: 1562 &rarr; <strong>1544</strong><br />(-18 for losing)
|l|☆gabrielxd1023
|player|p1|
