|j|☆Mimx2
|j|☆420Pimmelberger
|t:|1758963332
|gametype|singles
|player|p1|Mimx2|lucas|1224
|player|p2|420Pimmelberger|101|1210
|gen|9
|tier|[Gen 9] OU
|rated|
|rule|HP Percentage Mod: HP is shown in percentages
|rule|Endless Battle Clause: Forcing endless battles is banned
|rule|Species Clause: Limit one of each Pokémon
|rule|OHKO Clause: OHKO moves are banned
|rule|Evasion Items Clause: Evasion items are banned
|rule|Evasion Moves Clause: Evasion moves are banned
|rule|Evasion Abilities Clause: Evasion abilities are banned
|rule|Sleep Moves Clause: Sleep-inducing moves are banned
|clearpoke
|poke|p1|Greninja-*, M|
|poke|p1|Indeedee, M|
|poke|p1|Iron Crown|
|poke|p1|Primeape, M|
|poke|p1|Gholdengo|
|poke|p1|Weavile, F|
|poke|p2|Bastiodon, F|
|poke|p2|Salamence, M|
|poke|p2|Hoopa|
|poke|p2|Moltres|
|poke|p2|Abomasnow, F|
|poke|p2|Scrafty, M|
|teampreview
|
|t:|1758963368
|teamsize|p1|6
|teamsize|p2|6
|start
|switch|p1a: Weavile|Weavile, F, shiny|100/100
|switch|p2a: Lil Oatmeal|Scrafty, M|100/100
|-ability|p1a: Weavile|Pressure
|turn|1
|
|t:|1758963379
|move|p1a: Weavile|X-Scissor|p2a: Lil Oatmeal
|-damage|p2a: Lil Oatmeal|77/100
|move|p2a: Lil Oatmeal|Bulk Up|p2a: Lil Oatmeal
|-boost|p2a: Lil Oatmeal|atk|1
|-boost|p2a: Lil Oatmeal|def|1
|
|-heal|p2a: Lil Oatmeal|83/100|[from] item: Leftovers
|upkeep
|turn|2
|
|t:|1758963387
|move|p1a: Weavile|Knock Off|p2a: Lil Oatmeal
|-resisted|p2a: Lil Oatmeal
|-damage|p2a: Lil Oatmeal|76/100
|-enditem|p2a: Lil Oatmeal|Leftovers|[from] move: Knock Off|[of] p1a: Weavile
|move|p2a: Lil Oatmeal|Drain Punch|p1a: Weavile
|-supereffective|p1a: Weavile
|-crit|p1a: Weavile
|-damage|p1a: Weavile|0 fnt
|-heal|p2a: Lil Oatmeal|100/100|[from] drain|[of] p1a: Weavile
|faint|p1a: Weavile
|
|upkeep
|
|t:|1758963391
|switch|p1a: Primeape|Primeape, M, shiny|100/100
|turn|3
|
|t:|1758963399
|move|p1a: Primeape|Bulk Up|p1a: Primeape
|-boost|p1a: Primeape|atk|1
|-boost|p1a: Primeape|def|1
|move|p2a: Lil Oatmeal|Knock Off|p1a: Primeape
|-resisted|p1a: Primeape
|-damage|p1a: Primeape|85/100
|-enditem|p1a: Primeape|Eviolite|[from] move: Knock Off|[of] p2a: Lil Oatmeal
|
|upkeep
|turn|4
|
|t:|1758963409
|move|p1a: Primeape|Drain Punch|p2a: Lil Oatmeal
|-supereffective|p2a: Lil Oatmeal
|-crit|p2a: Lil Oatmeal
|-damage|p2a: Lil Oatmeal|0 fnt
|-heal|p1a: Primeape|100/100|[from] drain|[of] p2a: Lil Oatmeal
|faint|p2a: Lil Oatmeal
|
|upkeep
|
|t:|1758963416
|switch|p2a: Vanilla Shmoving|Salamence, M|100/100
|-ability|p2a: Vanilla Shmoving|Intimidate|boost
|-unboost|p1a: Primeape|atk|1
|-ability|p1a: Primeape|Defiant|boost
|-boost|p1a: Primeape|atk|2
|turn|5
|
|t:|1758963423
|move|p2a: Vanilla Shmoving|Dual Wingbeat|p1a: Primeape|[miss]
|-miss|p2a: Vanilla Shmoving|p1a: Primeape
|move|p1a: Primeape|Ice Punch|p2a: Vanilla Shmoving
|-supereffective|p2a: Vanilla Shmoving
|-damage|p2a: Vanilla Shmoving|0 fnt
|faint|p2a: Vanilla Shmoving
|
|upkeep
|-message|420Pimmelberger forfeited.
|
|win|Mimx2
|raw|Mimx2's rating: 1224 &rarr; <strong>1248</strong><br />(+24 for winning)
|raw|420Pimmelberger's rating: 1210 &rarr; <strong>1186</strong><br />(-24 for losing)
|l|☆420Pimmelberger
|player|p2|
|l|☆Mimx2
|player|p1|
