|j|☆Real Glim Shady
|j|☆dia90吧主甲的女粉
|t:|1759064454
|gametype|singles
|player|p1|Real Glim Shady|dragontamer|1580
|player|p2|dia90吧主甲的女粉|170|1699
|gen|9
|tier|[Gen 9] OU
|rated|
|rule|HP Percentage Mod: HP is shown in percentages
|rule|Endless Battle Clause: Forcing endless battles is banned
|rule|Species Clause: Limit one of each Pokémon
|rule|OHKO Clause: OHKO moves are banned
|rule|Evasion Items Clause: Evasion items are banned
|rule|Evasion Moves Clause: Evasion moves are banned
|rule|Evasion Abilities Clause: Evasion abilities are banned
|rule|Sleep Moves Clause: Sleep-inducing moves are banned
|clearpoke
|poke|p1|Ceruledge, F|
|poke|p1|Darkrai|
|poke|p1|Great Tusk|
|poke|p1|Deoxys-Speed|
|poke|p1|Ogerpon-Wellspring, F|
|poke|p1|Zamazenta-*|
|poke|p2|Slowbro-Galar, M|
|poke|p2|Quaquaval, F|
|poke|p2|Torterra, F|
|poke|p2|Rillaboom, F|
|poke|p2|Zapdos|
|poke|p2|Kingambit, F|
|teampreview
|inactive|Battle timer is ON: inactive players will automatically lose when time's up. (requested by Real Glim Shady)
|
|t:|1759064473
|teamsize|p1|6
|teamsize|p2|6
|start
|switch|p1a: Deoxys|Deoxys-Speed|100/100
|switch|p2a: Kingambit|Kingambit, F|100/100
|-ability|p1a: Deoxys|Pressure
|turn|1
|
|t:|1759064482
|move|p1a: Deoxys|Superpower|p2a: Kingambit
|-supereffective|p2a: Kingambit
|-damage|p2a: Kingambit|19/100
|-unboost|p1a: Deoxys|atk|1
|-unboost|p1a: Deoxys|def|1
|move|p2a: Kingambit|Kowtow Cleave|p1a: Deoxys
|-supereffective|p1a: Deoxys
|-enditem|p1a: Deoxys|Colbur Berry|[eat]
|-enditem|p1a: Deoxys|Colbur Berry|[weaken]
|-damage|p1a: Deoxys|0 fnt
|faint|p1a: Deoxys
|
|upkeep
|
|t:|1759064501
|switch|p1a: Ogerpon|Ogerpon-Wellspring, F|100/100
|turn|2
|
|t:|1759064508
|switch|p2a: Rillaboom|Rillaboom, F|100/100
|-fieldstart|move: Grassy Terrain|[from] ability: Grassy Surge|[of] p2a: Rillaboom
|move|p1a: Ogerpon|Ivy Cudgel|p2a: Rillaboom|[anim] Ivy Cudgel Water
|-resisted|p2a: Rillaboom
|-damage|p2a: Rillaboom|75/100
|
|-heal|p2a: Rillaboom|81/100|[from] Grassy Terrain
|upkeep
|turn|3
|
|t:|1759064523
|switch|p1a: Ceruledge|Ceruledge, F|100/100
|move|p2a: Rillaboom|Knock Off|p1a: Ceruledge
|-supereffective|p1a: Ceruledge
|-damage|p1a: Ceruledge|10/100
|-ability|p1a: Ceruledge|Weak Armor|boost
|-unboost|p1a: Ceruledge|def|1
|-boost|p1a: Ceruledge|spe|2
|-enditem|p1a: Ceruledge|Life Orb|[from] move: Knock Off|[of] p2a: Rillaboom
|
|-heal|p1a: Ceruledge|17/100|[from] Grassy Terrain
|-heal|p2a: Rillaboom|87/100|[from] Grassy Terrain
|upkeep
|turn|4
|
|t:|1759064536
|move|p2a: Rillaboom|Grassy Glide|p1a: Ceruledge
|-resisted|p1a: Ceruledge
|-damage|p1a: Ceruledge|0 fnt
|faint|p1a: Ceruledge
|
|-heal|p2a: Rillaboom|93/100|[from] Grassy Terrain
|upkeep
|
|t:|1759064556
|switch|p1a: Zamazenta|Zamazenta|100/100
|-ability|p1a: Zamazenta|Dauntless Shield|boost
|-boost|p1a: Zamazenta|def|1
|turn|5
|
|t:|1759064570
|switch|p2a: Zapdos|Zapdos|100/100
|move|p1a: Zamazenta|Stone Edge|p2a: Zapdos|[miss]
|-miss|p1a: Zamazenta|p2a: Zapdos
|
|upkeep
|turn|6
|
|t:|1759064587
|switch|p2a: Kingambit|Kingambit, F|19/100
|move|p1a: Zamazenta|Stone Edge|p2a: Kingambit
|-resisted|p2a: Kingambit
|-damage|p2a: Kingambit|7/100
|
|-heal|p2a: Kingambit|13/100|[from] Grassy Terrain
|upkeep
|turn|7
|
|t:|1759064596
|move|p1a: Zamazenta|Close Combat|p2a: Kingambit
|-supereffective|p2a: Kingambit
|-damage|p2a: Kingambit|0 fnt
|-unboost|p1a: Zamazenta|def|1
|-unboost|p1a: Zamazenta|spd|1
|faint|p2a: Kingambit
|
|upkeep
|
|t:|1759064608
|switch|p2a: Quaquaval|Quaquaval, F|100/100
|turn|8
|
|t:|1759064615
|move|p1a: Zamazenta|Psychic Fangs|p2a: Quaquaval
|-supereffective|p2a: Quaquaval
|-damage|p2a: Quaquaval|4/100
|move|p2a: Quaquaval|Aqua Step|p1a: Zamazenta
|-damage|p1a: Zamazenta|48/100
|-boost|p2a: Quaquaval|spe|1
|
|-heal|p1a: Zamazenta|54/100|[from] Grassy Terrain
|-heal|p2a: Quaquaval|10/100|[from] Grassy Terrain
|upkeep
|turn|9
|j| amefurikoneko
|l| amefurikoneko
|
|t:|1759064645
|move|p1a: Zamazenta|Psychic Fangs|p2a: Quaquaval
|-supereffective|p2a: Quaquaval
|-damage|p2a: Quaquaval|0 fnt
|faint|p2a: Quaquaval
|
|-heal|p1a: Zamazenta|60/100|[from] Grassy Terrain
|-fieldend|move: Grassy Terrain
|upkeep
|inactive|dia90吧主甲的女粉 has 120 seconds left.
|
|t:|1759064694
|switch|p2a: Rillaboom|Rillaboom, F|93/100
|-fieldstart|move: Grassy Terrain|[from] ability: Grassy Surge|[of] p2a: Rillaboom
|turn|10
|inactive|Real Glim Shady has 120 seconds left.
|inactive|Real Glim Shady has 90 seconds left.
|inactive|Real Glim Shady has 60 seconds left.
|inactive|Real Glim Shady has 30 seconds left.
|inactive|Real Glim Shady has 20 seconds left.
|
|t:|1759064817
|switch|p2a: Zapdos|Zapdos|100/100
|move|p1a: Zamazenta|Close Combat|p2a: Zapdos
|-resisted|p2a: Zapdos
|-damage|p2a: Zapdos|79/100
|-unboost|p1a: Zamazenta|def|1
|-unboost|p1a: Zamazenta|spd|1
|
|-heal|p1a: Zamazenta|66/100|[from] Grassy Terrain
|upkeep
|turn|11
|inactive|Real Glim Shady has 30 seconds left this turn.
|
|t:|1759064826
|move|p1a: Zamazenta|Stone Edge|p2a: Zapdos
|-supereffective|p2a: Zapdos
|-damage|p2a: Zapdos|20/100
|move|p2a: Zapdos|Volt Switch|p1a: Zamazenta
|-damage|p1a: Zamazenta|14/100
|
|t:|1759064832
|switch|p2a: Torterra|Torterra, F|100/100|[from] Volt Switch
|
|-heal|p1a: Zamazenta|20/100|[from] Grassy Terrain
|upkeep
|turn|12
|inactive|Real Glim Shady has 30 seconds left.
|inactive|Real Glim Shady has 20 seconds left.
|inactive|Real Glim Shady has 15 seconds left.
|inactive|Real Glim Shady has 10 seconds left.
|inactive|Real Glim Shady has 5 seconds left.
|
|t:|1759064875
|switch|p1a: Great Tusk|Great Tusk|100/100
|-enditem|p1a: Great Tusk|Booster Energy
|-activate|p1a: Great Tusk|ability: Protosynthesis|[fromitem]
|-start|p1a: Great Tusk|protosynthesisspe
|move|p2a: Torterra|Shell Smash|p2a: Torterra
|-unboost|p2a: Torterra|def|1
|-unboost|p2a: Torterra|spd|1
|-boost|p2a: Torterra|atk|2
|-boost|p2a: Torterra|spa|2
|-boost|p2a: Torterra|spe|2
|
|upkeep
|turn|13
|inactive|Real Glim Shady has 15 seconds left this turn.
|
|t:|1759064890
|-terastallize|p2a: Torterra|Grass
|move|p2a: Torterra|Grassy Glide|p1a: Great Tusk
|-supereffective|p1a: Great Tusk
|-damage|p1a: Great Tusk|0 fnt
|faint|p1a: Great Tusk
|-end|p1a: Great Tusk|Protosynthesis|[silent]
|-damage|p2a: Torterra|91/100|[from] item: Life Orb
|
|-heal|p2a: Torterra|97/100|[from] Grassy Terrain
|upkeep
|inactive|Real Glim Shady has 20 seconds left this turn.
|inactive|Real Glim Shady has 15 seconds left.
|
|t:|1759064900
|switch|p1a: Darkrai|Darkrai|100/100
|turn|14
|inactive|Real Glim Shady has 25 seconds left this turn.
|
|t:|1759064904
|-terastallize|p1a: Darkrai|Poison
|move|p2a: Torterra|Grassy Glide|p1a: Darkrai
|-resisted|p1a: Darkrai
|-damage|p1a: Darkrai|10/100
|-damage|p2a: Torterra|87/100|[from] item: Life Orb
|move|p1a: Darkrai|Sludge Bomb|p2a: Torterra
|-supereffective|p2a: Torterra
|-damage|p2a: Torterra|0 fnt
|faint|p2a: Torterra
|
|-heal|p1a: Darkrai|16/100|[from] Grassy Terrain
|upkeep
|inactive|dia90吧主甲的女粉 has 120 seconds left.
|
|t:|1759064919
|switch|p2a: Rillaboom|Rillaboom, F|93/100
|turn|15
|inactive|Real Glim Shady has 30 seconds left.
|
|t:|1759064931
|move|p2a: Rillaboom|Grassy Glide|p1a: Darkrai
|-resisted|p1a: Darkrai
|-damage|p1a: Darkrai|0 fnt
|faint|p1a: Darkrai
|
|-heal|p2a: Rillaboom|99/100|[from] Grassy Terrain
|upkeep
|
|t:|1759064935
|switch|p1a: Ogerpon|Ogerpon-Wellspring, F|100/100
|turn|16
|
|t:|1759064940
|move|p1a: Ogerpon|Synthesis|p1a: Ogerpon
|-fail|p1a: Ogerpon|heal
|move|p2a: Rillaboom|Wood Hammer|p1a: Ogerpon
|-damage|p1a: Ogerpon|0 fnt
|faint|p1a: Ogerpon
|-damage|p2a: Rillaboom|75/100|[from] Recoil
|
|-heal|p2a: Rillaboom|81/100|[from] Grassy Terrain
|upkeep
|j| XxSaito10
|
|t:|1759064950
|switch|p1a: Zamazenta|Zamazenta|20/100
|turn|17
|
|t:|1759064954
|move|p2a: Rillaboom|Grassy Glide|p1a: Zamazenta
|-damage|p1a: Zamazenta|0 fnt
|faint|p1a: Zamazenta
|
|win|dia90吧主甲的女粉
|raw|Real Glim Shady's rating: 1580 &rarr; <strong>1567</strong><br />(-13 for losing)
|raw|dia90吧主甲的女粉's rating: 1699 &rarr; <strong>1712</strong><br />(+13 for winning)
|l|☆dia90吧主甲的女粉
|player|p2|
|l|☆Real Glim Shady
|player|p1|
