|j|☆BrazyBray
|j|☆davistared
|t:|1758932429
|gametype|singles
|player|p1|BrazyBray|101|1194
|player|p2|davistared|artist-gen4|1184
|gen|9
|tier|[Gen 9] OU
|rated|
|rule|HP Percentage Mod: HP is shown in percentages
|rule|Endless Battle Clause: Forcing endless battles is banned
|rule|Species Clause: Limit one of each Pokémon
|rule|OHKO Clause: OHKO moves are banned
|rule|Evasion Items Clause: Evasion items are banned
|rule|Evasion Moves Clause: Evasion moves are banned
|rule|Evasion Abilities Clause: Evasion abilities are banned
|rule|Sleep Moves Clause: Sleep-inducing moves are banned
|clearpoke
|poke|p1|Indeedee, M|
|poke|p1|Hatterene, F|
|poke|p1|Iron Treads|
|poke|p1|Deoxys-Speed|
|poke|p1|Ceruledge, M|
|poke|p1|Walking Wake|
|poke|p2|Hoopa-Unbound|
|poke|p2|Slowking-Galar, M|
|poke|p2|Iron Treads|
|poke|p2|Dragonite, M|
|poke|p2|Alomomola, F|
|poke|p2|Moltres|
|teampreview
|inactive|Battle timer is ON: inactive players will automatically lose when time's up. (requested by BrazyBray)
|
|t:|1758932442
|teamsize|p1|6
|teamsize|p2|6
|start
|switch|p1a: Indeedee|Indeedee, M|100/100
|switch|p2a: Alomomola|Alomomola, F|100/100
|-fieldstart|move: Psychic Terrain|[from] ability: Psychic Surge|[of] p1a: Indeedee
|turn|1
|
|t:|1758932448
|move|p1a: Indeedee|Expanding Force|p2a: Alomomola
|-damage|p2a: Alomomola|18/100
|move|p2a: Alomomola|Flip Turn|p1a: Indeedee
|-damage|p1a: Indeedee|71/100
|
|t:|1758932453
|switch|p2a: Iron Treads|Iron Treads|100/100|[from] Flip Turn
|
|upkeep
|turn|2
|
|t:|1758932457
|switch|p1a: Hatterene|Hatterene, F|100/100
|move|p2a: Iron Treads|Stealth Rock|p1a: Hatterene
|move|p1a: Hatterene|Stealth Rock|p2a: Iron Treads|[from] ability: Magic Bounce
|-sidestart|p2: davistared|move: Stealth Rock
|
|upkeep
|turn|3
|
|t:|1758932463
|move|p2a: Iron Treads|Earthquake|p1a: Hatterene
|-damage|p1a: Hatterene|57/100
|move|p1a: Hatterene|Psychic Noise|p2a: Iron Treads
|-resisted|p2a: Iron Treads
|-damage|p2a: Iron Treads|65/100
|-start|p2a: Iron Treads|move: Heal Block
|
|upkeep
|turn|4
|
|t:|1758932469
|switch|p1a: Ceruledge|Ceruledge, M|100/100
|move|p2a: Iron Treads|Rapid Spin|p1a: Ceruledge
|-immune|p1a: Ceruledge
|
|-end|p2a: Iron Treads|move: Heal Block
|upkeep
|turn|5
|
|t:|1758932473
|-terastallize|p1a: Ceruledge|Bug
|move|p2a: Iron Treads|Earthquake|p1a: Ceruledge
|-resisted|p1a: Ceruledge
|-damage|p1a: Ceruledge|66/100
|-ability|p1a: Ceruledge|Weak Armor|boost
|-unboost|p1a: Ceruledge|def|1
|-boost|p1a: Ceruledge|spe|2
|move|p1a: Ceruledge|Swords Dance|p1a: Ceruledge
|-boost|p1a: Ceruledge|atk|2
|
|-heal|p2a: Iron Treads|71/100|[from] item: Leftovers
|upkeep
|turn|6
|
|t:|1758932481
|-end|p2a: Iron Treads|Quark Drive|[silent]
|switch|p2a: Moltres|Moltres|100/100
|move|p1a: Ceruledge|Bitter Blade|p2a: Moltres
|-resisted|p2a: Moltres
|-damage|p2a: Moltres|69/100
|-heal|p1a: Ceruledge|86/100|[from] drain|[of] p2a: Moltres
|
|upkeep
|turn|7
|
|t:|1758932488
|move|p1a: Ceruledge|Poltergeist|p2a: Moltres|[miss]
|-miss|p1a: Ceruledge|p2a: Moltres
|move|p2a: Moltres|Flamethrower|p1a: Ceruledge
|-supereffective|p1a: Ceruledge
|-damage|p1a: Ceruledge|0 fnt
|faint|p1a: Ceruledge
|
|upkeep
|c|☆BrazyBray|smh
|
|t:|1758932499
|switch|p1a: Deoxys|Deoxys-Speed|100/100
|-ability|p1a: Deoxys|Pressure
|turn|8
|
|t:|1758932506
|move|p1a: Deoxys|Expanding Force|p2a: Moltres
|-damage|p2a: Moltres|0 fnt
|faint|p2a: Moltres
|-damage|p1a: Deoxys|91/100|[from] item: Life Orb
|
|-fieldend|move: Psychic Terrain
|upkeep
|
|t:|1758932512
|switch|p2a: Iron Treads|Iron Treads|71/100
|-damage|p2a: Iron Treads|68/100|[from] Stealth Rock
|turn|9
|
|t:|1758932518
|move|p1a: Deoxys|Taunt|p2a: Iron Treads
|-start|p2a: Iron Treads|move: Taunt
|move|p2a: Iron Treads|Rapid Spin|p1a: Deoxys
|-damage|p1a: Deoxys|66/100
|-boost|p2a: Iron Treads|spe|1
|-sideend|p2: davistared|Stealth Rock|[from] move: Rapid Spin|[of] p2a: Iron Treads
|
|-heal|p2a: Iron Treads|74/100|[from] item: Leftovers
|upkeep
|turn|10
|
|t:|1758932522
|move|p2a: Iron Treads|Knock Off|p1a: Deoxys
|-supereffective|p1a: Deoxys
|-damage|p1a: Deoxys|0 fnt
|-enditem|p1a: Deoxys|Life Orb|[from] move: Knock Off|[of] p2a: Iron Treads
|faint|p1a: Deoxys
|
|-heal|p2a: Iron Treads|81/100|[from] item: Leftovers
|upkeep
|
|t:|1758932524
|switch|p1a: Indeedee|Indeedee, M|71/100
|-fieldstart|move: Psychic Terrain|[from] ability: Psychic Surge|[of] p1a: Indeedee
|turn|11
|
|t:|1758932534
|switch|p1a: Walking Wake|Walking Wake|100/100
|-enditem|p1a: Walking Wake|Booster Energy
|-activate|p1a: Walking Wake|ability: Protosynthesis|[fromitem]
|-start|p1a: Walking Wake|protosynthesisspa
|move|p2a: Iron Treads|Knock Off|p1a: Walking Wake
|-damage|p1a: Walking Wake|78/100
|
|-heal|p2a: Iron Treads|87/100|[from] item: Leftovers
|-end|p2a: Iron Treads|move: Taunt
|upkeep
|turn|12
|
|t:|1758932542
|-end|p2a: Iron Treads|Quark Drive|[silent]
|switch|p2a: Slowking|Slowking-Galar, M, shiny|100/100
|move|p1a: Walking Wake|Hydro Steam|p2a: Slowking
|-damage|p2a: Slowking|71/100
|
|-heal|p2a: Slowking|77/100|[from] item: Black Sludge
|upkeep
|turn|13
|
|t:|1758932550
|move|p1a: Walking Wake|Dragon Pulse|p2a: Slowking
|-damage|p2a: Slowking|44/100
|move|p2a: Slowking|Taunt|p1a: Walking Wake
|-start|p1a: Walking Wake|move: Taunt
|
|-heal|p2a: Slowking|50/100|[from] item: Black Sludge
|upkeep
|turn|14
|
|t:|1758932558
|-end|p1a: Walking Wake|Protosynthesis|[silent]
|switch|p1a: Hatterene|Hatterene, F|57/100
|move|p2a: Slowking|Future Sight|p1a: Hatterene
|-start|p2a: Slowking|move: Future Sight
|
|-heal|p2a: Slowking|56/100|[from] item: Black Sludge
|upkeep
|turn|15
|
|t:|1758932561
|move|p1a: Hatterene|Psychic Noise|p2a: Slowking
|-damage|p2a: Slowking|25/100
|-start|p2a: Slowking|move: Heal Block
|-prepare|p2a: Slowking|Chilly Reception|[premajor]
|move|p2a: Slowking|Chilly Reception|p2a: Slowking
|-weather|Snowscape
|
|t:|1758932573
|switch|p2a: Iron Treads|Iron Treads|87/100|[from] Chilly Reception
|
|-weather|Snowscape|[upkeep]
|-heal|p2a: Iron Treads|93/100|[from] item: Leftovers
|upkeep
|turn|16
|
|t:|1758932580
|move|p2a: Iron Treads|Rapid Spin|p1a: Hatterene
|-damage|p1a: Hatterene|42/100
|-boost|p2a: Iron Treads|spe|1
|move|p1a: Hatterene|Psychic Noise|p2a: Iron Treads
|-resisted|p2a: Iron Treads
|-damage|p2a: Iron Treads|58/100
|-start|p2a: Iron Treads|move: Heal Block
|
|-weather|Snowscape|[upkeep]
|-end|p1a: Hatterene|move: Future Sight
|-resisted|p1a: Hatterene
|-damage|p1a: Hatterene|12/100
|upkeep
|turn|17
|
|t:|1758932591
|switch|p1a: Walking Wake|Walking Wake|78/100
|move|p2a: Iron Treads|Rapid Spin|p1a: Walking Wake
|-damage|p1a: Walking Wake|62/100
|-boost|p2a: Iron Treads|spe|1
|
|-weather|Snowscape|[upkeep]
|-end|p2a: Iron Treads|move: Heal Block
|upkeep
|turn|18
|
|t:|1758932597
|-terastallize|p2a: Iron Treads|Ghost
|move|p2a: Iron Treads|Earthquake|p1a: Walking Wake
|-damage|p1a: Walking Wake|11/100
|move|p1a: Walking Wake|Hydro Steam|p2a: Iron Treads
|-damage|p2a: Iron Treads|0 fnt
|faint|p2a: Iron Treads
|-end|p2a: Iron Treads|Quark Drive|[silent]
|
|-weather|Snowscape|[upkeep]
|-fieldend|move: Psychic Terrain
|upkeep
|
|t:|1758932606
|switch|p2a: Dragonite|Dragonite, M|100/100
|turn|19
|
|t:|1758932609
|-end|p1a: Walking Wake|Protosynthesis|[silent]
|switch|p1a: Indeedee|Indeedee, M|71/100
|-fieldstart|move: Psychic Terrain|[from] ability: Psychic Surge|[of] p1a: Indeedee
|move|p2a: Dragonite|Dragon Dance|p2a: Dragonite
|-boost|p2a: Dragonite|atk|1
|-boost|p2a: Dragonite|spe|1
|
|-weather|none
|upkeep
|turn|20
|
|t:|1758932615
|move|p2a: Dragonite|Dragon Dance|p2a: Dragonite
|-boost|p2a: Dragonite|atk|1
|-boost|p2a: Dragonite|spe|1
|move|p1a: Indeedee|Encore|p2a: Dragonite
|-start|p2a: Dragonite|Encore
|
|upkeep
|turn|21
|
|t:|1758932622
|switch|p2a: Alomomola|Alomomola, F|51/100
|move|p1a: Indeedee|Dazzling Gleam|p2a: Alomomola
|-damage|p2a: Alomomola|24/100
|
|upkeep
|turn|22
|
|t:|1758932626
|switch|p2a: Slowking|Slowking-Galar, M, shiny|58/100
|move|p1a: Indeedee|Expanding Force|p2a: Slowking
|-damage|p2a: Slowking|17/100
|
|-heal|p2a: Slowking|23/100|[from] item: Black Sludge
|upkeep
|turn|23
|
|t:|1758932631
|switch|p2a: Hoopa|Hoopa-Unbound|100/100
|move|p1a: Indeedee|Dazzling Gleam|p2a: Hoopa
|-supereffective|p2a: Hoopa
|-damage|p2a: Hoopa|63/100
|
|upkeep
|turn|24
|
|t:|1758932644
|switch|p1a: Iron Treads|Iron Treads|100/100
|-enditem|p1a: Iron Treads|Booster Energy
|-activate|p1a: Iron Treads|ability: Quark Drive|[fromitem]
|-start|p1a: Iron Treads|quarkdrivespe
|move|p2a: Hoopa|Drain Punch|p1a: Iron Treads
|-supereffective|p1a: Iron Treads
|-damage|p1a: Iron Treads|6/100
|-heal|p2a: Hoopa|100/100|[from] drain|[of] p1a: Iron Treads
|
|upkeep
|turn|25
|
|t:|1758932656
|switch|p2a: Alomomola|Alomomola, F|58/100
|move|p1a: Iron Treads|Stealth Rock|p2a: Alomomola
|-sidestart|p2: davistared|move: Stealth Rock
|
|upkeep
|turn|26
|
|t:|1758932664
|move|p1a: Iron Treads|Steel Beam|p2a: Alomomola
|-resisted|p2a: Alomomola
|-damage|p2a: Alomomola|28/100
|-damage|p1a: Iron Treads|0 fnt|[from] steelbeam
|faint|p1a: Iron Treads
|-end|p1a: Iron Treads|Quark Drive|[silent]
|move|p2a: Alomomola|Flip Turn|p1: Iron Treads|[notarget]
|-fail|p2a: Alomomola
|
|-fieldend|move: Psychic Terrain
|upkeep
|
|t:|1758932669
|switch|p1a: Indeedee|Indeedee, M|71/100
|-fieldstart|move: Psychic Terrain|[from] ability: Psychic Surge|[of] p1a: Indeedee
|turn|27
|
|t:|1758932673
|move|p2a: Alomomola|Protect|p2a: Alomomola
|-singleturn|p2a: Alomomola|Protect
|move|p1a: Indeedee|Dazzling Gleam|p2a: Alomomola
|-activate|p2a: Alomomola|move: Protect
|
|upkeep
|turn|28
|
|t:|1758932678
|switch|p2a: Slowking|Slowking-Galar, M, shiny|57/100
|-damage|p2a: Slowking|44/100|[from] Stealth Rock
|move|p1a: Indeedee|Expanding Force|p2a: Slowking
|-damage|p2a: Slowking|7/100
|
|-heal|p2a: Slowking|13/100|[from] item: Black Sludge
|upkeep
|turn|29
|
|t:|1758932688
|move|p1a: Indeedee|Dazzling Gleam|p2a: Slowking
|-resisted|p2a: Slowking
|-damage|p2a: Slowking|6/100
|move|p2a: Slowking|Future Sight|p1a: Indeedee
|-start|p2a: Slowking|move: Future Sight
|
|-heal|p2a: Slowking|12/100|[from] item: Black Sludge
|upkeep
|turn|30
|
|t:|1758932694
|move|p1a: Indeedee|Expanding Force|p2a: Slowking
|-damage|p2a: Slowking|0 fnt
|faint|p2a: Slowking
|
|upkeep
|
|t:|1758932696
|switch|p2a: Hoopa|Hoopa-Unbound|100/100
|-damage|p2a: Hoopa|88/100|[from] Stealth Rock
|turn|31
|
|t:|1758932718
|move|p1a: Indeedee|Healing Wish|p1a: Indeedee
|faint|p1a: Indeedee
|move|p2a: Hoopa|Knock Off|p1: Indeedee|[notarget]
|-fail|p2a: Hoopa
|
|-hint|Future Sight did not hit because the target is fainted.
|upkeep
|
|t:|1758932723
|switch|p1a: Walking Wake|Walking Wake|11/100
|-heal|p1a: Walking Wake|100/100|[from] move: Healing Wish
|turn|32
|
|t:|1758932733
|switch|p2a: Alomomola|Alomomola, F|62/100
|-damage|p2a: Alomomola|49/100|[from] Stealth Rock
|move|p1a: Walking Wake|Dragon Pulse|p2a: Alomomola
|-crit|p2a: Alomomola
|-damage|p2a: Alomomola|0 fnt
|faint|p2a: Alomomola
|
|upkeep
|
|t:|1758932739
|switch|p2a: Hoopa|Hoopa-Unbound|88/100
|-damage|p2a: Hoopa|75/100|[from] Stealth Rock
|turn|33
|
|t:|1758932742
|move|p1a: Walking Wake|Dragon Pulse|p2a: Hoopa
|-damage|p2a: Hoopa|44/100
|move|p2a: Hoopa|Hyperspace Fury|p1a: Walking Wake
|-crit|p1a: Walking Wake
|-damage|p1a: Walking Wake|0 fnt
|-unboost|p2a: Hoopa|def|1
|faint|p1a: Walking Wake
|-end|p1a: Walking Wake|Protosynthesis|[silent]
|
|upkeep
|
|t:|1758932745
|switch|p1a: Hatterene|Hatterene, F|12/100
|turn|34
|-enditem|p1a: Hatterene|Custap Berry|[eat]
|-activate|p1a: Hatterene|item: Custap Berry|[consumed]
|
|t:|1758932749
|move|p1a: Hatterene|Nuzzle|p2a: Hoopa
|-damage|p2a: Hoopa|36/100
|-status|p2a: Hoopa|par
|cant|p2a: Hoopa|par
|
|-fieldend|move: Psychic Terrain
|upkeep
|turn|35
|
|t:|1758932755
|move|p1a: Hatterene|Draining Kiss|p2a: Hoopa
|-supereffective|p2a: Hoopa
|-damage|p2a: Hoopa|0 fnt
|-heal|p1a: Hatterene|40/100|[from] drain|[of] p2a: Hoopa
|faint|p2a: Hoopa
|
|upkeep
|
|t:|1758932757
|switch|p2a: Dragonite|Dragonite, M|100/100
|-damage|p2a: Dragonite|76/100|[from] Stealth Rock
|turn|36
|
|t:|1758932761
|move|p2a: Dragonite|Extreme Speed|p1a: Hatterene
|-damage|p1a: Hatterene|10/100
|move|p1a: Hatterene|Draining Kiss|p2a: Dragonite
|-supereffective|p2a: Dragonite
|-damage|p2a: Dragonite|29/100
|-heal|p1a: Hatterene|48/100|[from] drain|[of] p2a: Dragonite
|
|upkeep
|turn|37
|
|t:|1758932768
|move|p2a: Dragonite|Thunder Wave|p1a: Hatterene
|move|p1a: Hatterene|Thunder Wave|p2a: Dragonite|[from] ability: Magic Bounce
|-status|p2a: Dragonite|par
|-enditem|p2a: Dragonite|Lum Berry|[eat]
|-curestatus|p2a: Dragonite|par|[msg]
|move|p1a: Hatterene|Draining Kiss|p2a: Dragonite
|-supereffective|p2a: Dragonite
|-damage|p2a: Dragonite|0 fnt
|-heal|p1a: Hatterene|71/100|[from] drain|[of] p2a: Dragonite
|faint|p2a: Dragonite
|
|win|BrazyBray
|raw|BrazyBray's rating: 1194 &rarr; <strong>1218</strong><br />(+24 for winning)
|raw|davistared's rating: 1184 &rarr; <strong>1160</strong><br />(-24 for losing)
|c|☆BrazyBray|LOL GG
|c|☆davistared|gg
