|j|☆ImLosingFrFr
|j|☆klefki_did_it
|t:|1758983035
|gametype|singles
|player|p1|ImLosingFrFr|clair|1408
|player|p2|klefki_did_it|pokemonbreeder-gen4|1365
|gen|9
|tier|[Gen 9] OU
|rated|
|rule|HP Percentage Mod: HP is shown in percentages
|rule|Endless Battle Clause: Forcing endless battles is banned
|rule|Species Clause: Limit one of each Pokémon
|rule|OHKO Clause: OHKO moves are banned
|rule|Evasion Items Clause: Evasion items are banned
|rule|Evasion Moves Clause: Evasion moves are banned
|rule|Evasion Abilities Clause: Evasion abilities are banned
|rule|Sleep Moves Clause: Sleep-inducing moves are banned
|clearpoke
|poke|p1|Scizor, F|
|poke|p1|Weezing-Galar, F|
|poke|p1|Moltres|
|poke|p1|Dragonite, M|
|poke|p1|Greninja-*, M|
|poke|p1|Thundurus-Therian, M|
|poke|p2|Staraptor, M|
|poke|p2|Kingambit, M|
|poke|p2|Emboar, M|
|poke|p2|Thundurus, M|
|poke|p2|Mandibuzz, F|
|poke|p2|Gardevoir, F|
|teampreview
|inactive|Battle timer is ON: inactive players will automatically lose when time's up. (requested by klefki_did_it)
|
|t:|1758983049
|teamsize|p1|6
|teamsize|p2|6
|start
|switch|p1a: Scizor|Scizor, F|100/100
|switch|p2a: Staraptor|Staraptor, M|100/100
|turn|1
|
|t:|1758983057
|move|p2a: Staraptor|Final Gambit|p1a: Scizor
|-damage|p1a: Scizor|0 fnt
|faint|p2a: Staraptor
|faint|p1a: Scizor
|
|upkeep
|
|t:|1758983069
|switch|p2a: Emboar|Emboar, M, shiny|100/100
|switch|p1a: Thundurus|Thundurus-Therian, M|100/100
|turn|2
|
|t:|1758983074
|move|p1a: Thundurus|Volt Switch|p2a: Emboar
|-damage|p2a: Emboar|58/100
|
|t:|1758983077
|switch|p1a: Moltres|Moltres|100/100|[from] Volt Switch
|move|p2a: Emboar|Flare Blitz|p1a: Moltres
|-resisted|p1a: Moltres
|-damage|p1a: Moltres|39/100
|-damage|p2a: Emboar|40/100|[from] Recoil
|
|upkeep
|turn|3
|
|t:|1758983083
|move|p1a: Moltres|Flamethrower|p2a: Emboar
|-resisted|p2a: Emboar
|-damage|p2a: Emboar|20/100
|move|p2a: Emboar|Flare Blitz|p1a: Moltres
|-resisted|p1a: Moltres
|-damage|p1a: Moltres|0 fnt
|faint|p1a: Moltres
|-damage|p2a: Emboar|8/100|[from] Recoil
|
|upkeep
|
|t:|1758983087
|switch|p1a: Greninja|Greninja, M|100/100
|turn|4
|
|t:|1758983091
|switch|p2a: Gardevoir|Gardevoir, F|100/100
|move|p1a: Greninja|Dark Pulse|p2a: Gardevoir
|-damage|p2a: Gardevoir|54/100
|-damage|p1a: Greninja|91/100|[from] item: Life Orb
|
|upkeep
|turn|5
|
|t:|1758983099
|move|p2a: Gardevoir|Moonblast|p1a: Greninja
|-supereffective|p1a: Greninja
|-damage|p1a: Greninja|0 fnt
|faint|p1a: Greninja
|
|upkeep
|
|t:|1758983103
|switch|p1a: Thundurus|Thundurus-Therian, M|100/100
|-ability|p2a: Gardevoir|Volt Absorb|Trace|[from] ability: Trace|[of] p1a: Thundurus
|turn|6
|
|t:|1758983108
|move|p1a: Thundurus|Volt Switch|p2a: Gardevoir
|-heal|p2a: Gardevoir|78/100|[from] ability: Volt Absorb|[of] p1a: Thundurus
|move|p2a: Gardevoir|Moonblast|p1a: Thundurus
|-damage|p1a: Thundurus|29/100
|
|upkeep
|turn|7
|-message|ImLosingFrFr forfeited.
|
|win|klefki_did_it
|raw|ImLosingFrFr's rating: 1408 &rarr; <strong>1386</strong><br />(-22 for losing)
|raw|klefki_did_it's rating: 1365 &rarr; <strong>1387</strong><br />(+22 for winning)
|l|☆ImLosingFrFr
|player|p1|
|l|☆klefki_did_it
|player|p2|
