|badge|p2|bronze|gen9ou|100-6
|html|<div class="broadcast-red"><strong>This battle is required to be public due to one or more player having a season medal.</strong><br />During the public phase, you can discuss the state of the ladder <a href="/seasondiscussion">in a special chatroom.</a></div>
|uhtml|medal-msg|<div class="broadcast-blue">Curious what those medals under the avatar are? PS now has Ladder Seasons! For more information, check out the <a href="https://www.smogon.com/forums/threads/3740067/">thread on Smogon.</a></div>
|raw|<div class="broadcast-blue"><strong>This battle is required to be public due to a player having a name starting with 'medal'.</div>
|j|☆chall torvikk
|j|☆LT124 SPEEDRUNNING
|t:|1758980744
|gametype|singles
|player|p1|chall torvikk|gambler|1830
|player|p2|LT124 SPEEDRUNNING|hiker-gen4|1854
|gen|9
|tier|[Gen 9] OU
|rated|
|rule|HP Percentage Mod: HP is shown in percentages
|rule|Endless Battle Clause: Forcing endless battles is banned
|rule|Species Clause: Limit one of each Pokémon
|rule|OHKO Clause: OHKO moves are banned
|rule|Evasion Items Clause: Evasion items are banned
|rule|Evasion Moves Clause: Evasion moves are banned
|rule|Evasion Abilities Clause: Evasion abilities are banned
|rule|Sleep Moves Clause: Sleep-inducing moves are banned
|clearpoke
|poke|p1|Darkrai|
|poke|p1|Enamorus, F|
|poke|p1|Cinderace, F|
|poke|p1|Great Tusk|
|poke|p1|Alomomola, F|
|poke|p1|Amoonguss, F|
|poke|p2|Kingambit, M|
|poke|p2|Kyurem|
|poke|p2|Landorus-Therian, M|
|poke|p2|Great Tusk|
|poke|p2|Ogerpon-Wellspring, F|
|poke|p2|Moltres|
|teampreview
|j| dsvdv
|j| TheMysteriousBoy
|inactive|Battle timer is ON: inactive players will automatically lose when time's up. (requested by LT124 SPEEDRUNNING)
|j| nesnot
|inactive|chall torvikk has 120 seconds left.
|
|t:|1758980796
|teamsize|p1|6
|teamsize|p2|6
|start
|switch|p1a: Enamorus|Enamorus, F|100/100
|switch|p2a: Great Tusk|Great Tusk|100/100
|turn|1
|
|t:|1758980806
|-end|p2a: Great Tusk|Protosynthesis|[silent]
|switch|p2a: Moltres|Moltres|100/100
|move|p1a: Enamorus|Moonblast|p2a: Moltres
|-resisted|p2a: Moltres
|-damage|p2a: Moltres|72/100
|
|upkeep
|turn|2
|
|t:|1758980814
|switch|p1a: Alomomola|Alomomola, F|100/100
|move|p2a: Moltres|Roost|p2a: Moltres
|-heal|p2a: Moltres|100/100
|-singleturn|p2a: Moltres|move: Roost
|
|upkeep
|turn|3
|
|t:|1758980818
|move|p2a: Moltres|Flamethrower|p1a: Alomomola
|-resisted|p1a: Alomomola
|-damage|p1a: Alomomola|92/100
|move|p1a: Alomomola|Body Slam|p2a: Moltres
|-damage|p2a: Moltres|87/100
|
|upkeep
|turn|4
|
|t:|1758980825
|move|p2a: Moltres|U-turn|p1a: Alomomola
|-damage|p1a: Alomomola|81/100
|
|t:|1758980827
|switch|p2a: Ogerpon|Ogerpon-Wellspring, F|100/100|[from] U-turn
|move|p1a: Alomomola|Body Slam|p2a: Ogerpon
|-crit|p2a: Ogerpon
|-damage|p2a: Ogerpon|68/100
|
|upkeep
|turn|5
|
|t:|1758980833
|switch|p1a: Amoonguss|Amoonguss, F|100/100
|move|p2a: Ogerpon|Knock Off|p1a: Amoonguss
|-damage|p1a: Amoonguss|74/100
|-enditem|p1a: Amoonguss|Eject Pack|[from] move: Knock Off|[of] p2a: Ogerpon
|
|upkeep
|turn|6
|
|t:|1758980843
|switch|p2a: Landorus|Landorus-Therian, M|100/100
|-ability|p2a: Landorus|Intimidate|boost
|-unboost|p1a: Amoonguss|atk|1
|move|p1a: Amoonguss|Toxic|p2a: Landorus
|-status|p2a: Landorus|tox
|
|-damage|p2a: Landorus|94/100 tox|[from] psn
|upkeep
|turn|7
|
|t:|1758980855
|switch|p1a: Great Tusk|Great Tusk|100/100
|move|p2a: Landorus|Stealth Rock|p1a: Great Tusk
|-sidestart|p1: chall torvikk|move: Stealth Rock
|
|-damage|p2a: Landorus|82/100 tox|[from] psn
|upkeep
|turn|8
|
|t:|1758980864
|move|p1a: Great Tusk|Rapid Spin|p2a: Landorus
|-damage|p2a: Landorus|66/100 tox
|-boost|p1a: Great Tusk|spe|1
|-damage|p1a: Great Tusk|84/100|[from] item: Rocky Helmet|[of] p2a: Landorus
|-sideend|p1: chall torvikk|Stealth Rock|[from] move: Rapid Spin|[of] p1a: Great Tusk
|move|p2a: Landorus|Earth Power|p1a: Great Tusk
|-damage|p1a: Great Tusk|31/100
|
|-damage|p2a: Landorus|48/100 tox|[from] psn
|upkeep
|turn|9
|
|t:|1758980880
|-end|p1a: Great Tusk|Protosynthesis|[silent]
|switch|p1a: Alomomola|Alomomola, F|100/100
|move|p2a: Landorus|Stealth Rock|p1a: Alomomola
|-sidestart|p1: chall torvikk|move: Stealth Rock
|
|-damage|p2a: Landorus|24/100 tox|[from] psn
|upkeep
|turn|10
|
|t:|1758980889
|move|p2a: Landorus|U-turn|p1a: Alomomola
|-damage|p1a: Alomomola|86/100
|
|t:|1758980902
|switch|p2a: Kingambit|Kingambit, M|100/100|[from] U-turn
|move|p1a: Alomomola|Body Slam|p2a: Kingambit
|-resisted|p2a: Kingambit
|-damage|p2a: Kingambit|93/100
|
|-heal|p2a: Kingambit|99/100|[from] item: Leftovers
|upkeep
|turn|11
|
|t:|1758980905
|-end|p2a: Kingambit|fallenundefined|[silent]
|switch|p2a: Ogerpon|Ogerpon-Wellspring, F|68/100
|move|p1a: Alomomola|Flip Turn|p2a: Ogerpon
|-heal|p2a: Ogerpon|93/100|[from] ability: Water Absorb|[of] p1a: Alomomola
|
|upkeep
|turn|12
|
|t:|1758980911
|switch|p2a: Kyurem|Kyurem|100/100
|-ability|p2a: Kyurem|Pressure
|switch|p1a: Amoonguss|Amoonguss, F|100/100
|-damage|p1a: Amoonguss|88/100|[from] Stealth Rock
|
|upkeep
|turn|13
|
|t:|1758980915
|switch|p1a: Cinderace|Cinderace, F|100/100
|move|p2a: Kyurem|Substitute|p2a: Kyurem
|-start|p2a: Kyurem|Substitute
|-damage|p2a: Kyurem|76/100
|
|-heal|p2a: Kyurem|82/100|[from] item: Leftovers
|upkeep
|turn|14
|j| firecharmander004
|
|t:|1758980930
|-terastallize|p2a: Kyurem|Ground
|move|p1a: Cinderace|Pyro Ball|p2a: Kyurem|[miss]
|-miss|p1a: Cinderace|p2a: Kyurem
|move|p2a: Kyurem|Earth Power|p1a: Cinderace
|-supereffective|p1a: Cinderace
|-damage|p1a: Cinderace|0 fnt
|faint|p1a: Cinderace
|
|-heal|p2a: Kyurem|88/100|[from] item: Leftovers
|upkeep
|
|t:|1758980946
|switch|p1a: Alomomola|Alomomola, F|100/100
|-damage|p1a: Alomomola|88/100|[from] Stealth Rock
|turn|15
|j| yrmpa
|inactive|LT124 SPEEDRUNNING has 120 seconds left.
|
|t:|1758980987
|move|p2a: Kyurem|Freeze-Dry|p1a: Alomomola
|-supereffective|p1a: Alomomola
|-damage|p1a: Alomomola|47/100
|move|p1a: Alomomola|Flip Turn|p2a: Kyurem
|-supereffective|p2a: Kyurem
|-end|p2a: Kyurem|Substitute
|
|t:|1758980994
|switch|p1a: Darkrai|Darkrai|100/100|[from] Flip Turn
|-damage|p1a: Darkrai|88/100|[from] Stealth Rock
|
|-heal|p2a: Kyurem|94/100|[from] item: Leftovers
|upkeep
|turn|16
|inactive|LT124 SPEEDRUNNING has 120 seconds left.
|
|t:|1758981022
|move|p2a: Kyurem|Protect|p2a: Kyurem
|-singleturn|p2a: Kyurem|Protect
|move|p1a: Darkrai|Dark Pulse|p2a: Kyurem
|-activate|p2a: Kyurem|move: Protect
|
|-heal|p2a: Kyurem|99/100|[from] item: Leftovers
|upkeep
|turn|17
|l| nesnot
|j| cynasaurus
|
|t:|1758981029
|move|p1a: Darkrai|Dark Pulse|p2a: Kyurem
|-damage|p2a: Kyurem|61/100
|move|p2a: Kyurem|Earth Power|p1a: Darkrai
|-damage|p1a: Darkrai|17/100
|
|-heal|p2a: Kyurem|67/100|[from] item: Leftovers
|upkeep
|turn|18
|
|t:|1758981036
|move|p1a: Darkrai|Ice Beam|p2a: Kyurem
|-supereffective|p2a: Kyurem
|-damage|p2a: Kyurem|14/100
|move|p2a: Kyurem|Freeze-Dry|p1a: Darkrai
|-damage|p1a: Darkrai|0 fnt
|faint|p1a: Darkrai
|
|-heal|p2a: Kyurem|20/100|[from] item: Leftovers
|upkeep
|
|t:|1758981046
|switch|p1a: Great Tusk|Great Tusk|31/100
|-damage|p1a: Great Tusk|29/100|[from] Stealth Rock
|turn|19
|inactive|LT124 SPEEDRUNNING has 120 seconds left.
|inactive|LT124 SPEEDRUNNING has 90 seconds left.
|
|t:|1758981109
|move|p2a: Kyurem|Protect|p2a: Kyurem
|-singleturn|p2a: Kyurem|Protect
|move|p1a: Great Tusk|Rapid Spin|p2a: Kyurem
|-activate|p2a: Kyurem|move: Protect
|
|-heal|p2a: Kyurem|26/100|[from] item: Leftovers
|upkeep
|turn|20
|
|t:|1758981114
|switch|p2a: Landorus|Landorus-Therian, M|24/100 tox
|-ability|p2a: Landorus|Intimidate|boost
|-unboost|p1a: Great Tusk|atk|1
|move|p1a: Great Tusk|Rapid Spin|p2a: Landorus
|-damage|p2a: Landorus|12/100 tox
|-boost|p1a: Great Tusk|spe|1
|-damage|p1a: Great Tusk|12/100|[from] item: Rocky Helmet|[of] p2a: Landorus
|-sideend|p1: chall torvikk|Stealth Rock|[from] move: Rapid Spin|[of] p1a: Great Tusk
|
|-damage|p2a: Landorus|6/100 tox|[from] psn
|upkeep
|turn|21
|
|t:|1758981119
|move|p1a: Great Tusk|Rapid Spin|p2a: Landorus
|-damage|p2a: Landorus|0 fnt
|-boost|p1a: Great Tusk|spe|1
|-damage|p1a: Great Tusk|0 fnt|[from] item: Rocky Helmet|[of] p2a: Landorus
|faint|p2a: Landorus
|faint|p1a: Great Tusk
|-end|p1a: Great Tusk|Protosynthesis|[silent]
|
|upkeep
|j| Crogenius2
|
|t:|1758981127
|switch|p2a: Ogerpon|Ogerpon-Wellspring, F|93/100
|switch|p1a: Enamorus|Enamorus, F|100/100
|turn|22
|
|t:|1758981132
|switch|p1a: Amoonguss|Amoonguss, F|100/100
|move|p2a: Ogerpon|Knock Off|p1a: Amoonguss
|-damage|p1a: Amoonguss|84/100
|
|upkeep
|turn|23
|inactive|LT124 SPEEDRUNNING has 90 seconds left.
|
|t:|1758981162
|switch|p2a: Kingambit|Kingambit, M|99/100
|-activate|p2a: Kingambit|ability: Supreme Overlord
|-start|p2a: Kingambit|fallen1|[silent]
|switch|p1a: Enamorus|Enamorus, F|100/100
|
|-heal|p2a: Kingambit|100/100|[from] item: Leftovers
|upkeep
|turn|24
|
|t:|1758981166
|-end|p2a: Kingambit|fallen1|[silent]
|switch|p2a: Moltres|Moltres|87/100
|-terastallize|p1a: Enamorus|Fairy
|move|p1a: Enamorus|Moonblast|p2a: Moltres
|-resisted|p2a: Moltres
|-damage|p2a: Moltres|47/100
|-unboost|p2a: Moltres|spa|1
|
|upkeep
|turn|25
|
|t:|1758981172
|move|p1a: Enamorus|Moonblast|p2a: Moltres
|-resisted|p2a: Moltres
|-damage|p2a: Moltres|6/100
|move|p2a: Moltres|Roost|p2a: Moltres
|-heal|p2a: Moltres|56/100
|-singleturn|p2a: Moltres|move: Roost
|
|upkeep
|turn|26
|
|t:|1758981178
|move|p1a: Enamorus|Moonblast|p2a: Moltres
|-resisted|p2a: Moltres
|-damage|p2a: Moltres|16/100
|move|p2a: Moltres|Roost|p2a: Moltres
|-heal|p2a: Moltres|67/100
|-singleturn|p2a: Moltres|move: Roost
|
|upkeep
|turn|27
|
|t:|1758981182
|move|p1a: Enamorus|Moonblast|p2a: Moltres
|-resisted|p2a: Moltres
|-damage|p2a: Moltres|26/100
|-unboost|p2a: Moltres|spa|1
|move|p2a: Moltres|Roost|p2a: Moltres
|-heal|p2a: Moltres|76/100
|-singleturn|p2a: Moltres|move: Roost
|
|upkeep
|turn|28
|l| Crogenius2
|
|t:|1758981201
|move|p1a: Enamorus|Moonblast|p2a: Moltres
|-resisted|p2a: Moltres
|-damage|p2a: Moltres|39/100
|move|p2a: Moltres|Roost|p2a: Moltres
|-heal|p2a: Moltres|89/100
|-singleturn|p2a: Moltres|move: Roost
|
|upkeep
|turn|29
|
|t:|1758981205
|move|p1a: Enamorus|Moonblast|p2a: Moltres
|-resisted|p2a: Moltres
|-damage|p2a: Moltres|51/100
|-unboost|p2a: Moltres|spa|1
|move|p2a: Moltres|Flamethrower|p1a: Enamorus
|-damage|p1a: Enamorus|79/100
|
|upkeep
|turn|30
|l| cynasaurus
|inactive|LT124 SPEEDRUNNING has 120 seconds left.
|
|t:|1758981212
|move|p1a: Enamorus|Moonblast|p2a: Moltres
|-resisted|p2a: Moltres
|-damage|p2a: Moltres|11/100
|-unboost|p2a: Moltres|spa|1
|move|p2a: Moltres|Flamethrower|p1a: Enamorus
|-damage|p1a: Enamorus|60/100
|
|upkeep
|turn|31
|
|t:|1758981218
|move|p1a: Enamorus|Moonblast|p2a: Moltres
|-resisted|p2a: Moltres
|-damage|p2a: Moltres|0 fnt
|faint|p2a: Moltres
|
|upkeep
|
|t:|1758981220
|switch|p2a: Ogerpon|Ogerpon-Wellspring, F|93/100
|turn|32
|
|t:|1758981223
|switch|p1a: Amoonguss|Amoonguss, F|100/100
|move|p2a: Ogerpon|Knock Off|p1a: Amoonguss
|-damage|p1a: Amoonguss|83/100
|
|upkeep
|turn|33
|j| cryyysneasel
|
|t:|1758981232
|switch|p2a: Kingambit|Kingambit, M|100/100
|-activate|p2a: Kingambit|ability: Supreme Overlord
|-start|p2a: Kingambit|fallen2|[silent]
|move|p1a: Amoonguss|Leaf Storm|p2a: Kingambit
|-resisted|p2a: Kingambit
|-damage|p2a: Kingambit|79/100
|-unboost|p1a: Amoonguss|spa|2
|
|-heal|p2a: Kingambit|85/100|[from] item: Leftovers
|upkeep
|turn|34
|
|t:|1758981246
|switch|p1a: Alomomola|Alomomola, F|80/100
|move|p2a: Kingambit|Swords Dance|p2a: Kingambit
|-boost|p2a: Kingambit|atk|2
|
|-heal|p2a: Kingambit|91/100|[from] item: Leftovers
|upkeep
|turn|35
|
|t:|1758981274
|move|p2a: Kingambit|Swords Dance|p2a: Kingambit
|-boost|p2a: Kingambit|atk|2
|move|p1a: Alomomola|Flip Turn|p2a: Kingambit
|-damage|p2a: Kingambit|77/100
|
|t:|1758981281
|switch|p1a: Enamorus|Enamorus, F, tera:Fairy|60/100|[from] Flip Turn
|
|-heal|p2a: Kingambit|83/100|[from] item: Leftovers
|upkeep
|turn|36
|inactive|LT124 SPEEDRUNNING has 120 seconds left.
|
|t:|1758981306
|move|p2a: Kingambit|Sucker Punch|p1a: Enamorus
|-resisted|p1a: Enamorus
|-damage|p1a: Enamorus|0 fnt
|faint|p1a: Enamorus
|
|-heal|p2a: Kingambit|89/100|[from] item: Leftovers
|upkeep
|-message|chall torvikk forfeited.
|
|win|LT124 SPEEDRUNNING
|raw|chall torvikk's rating: 1830 &rarr; <strong>1811</strong><br />(-19 for losing)
|raw|LT124 SPEEDRUNNING's rating: 1854 &rarr; <strong>1873</strong><br />(+19 for winning)
|l|☆chall torvikk
|player|p1|
|l|☆LT124 SPEEDRUNNING
|player|p2|
|l| cryyysneasel
|j| cryyysneasel
|l| cryyysneasel
