|j|‽egoist1111
|j|☆YumeKasumi76
|t:|1758955645
|gametype|singles
|player|p1|egoist1111|pokemonrangerf-gen4|1396
|player|p2|YumeKasumi76|170|1342
|gen|9
|tier|[Gen 9] OU
|rated|
|rule|HP Percentage Mod: HP is shown in percentages
|rule|Endless Battle Clause: Forcing endless battles is banned
|rule|Species Clause: Limit one of each Pokémon
|rule|OHKO Clause: OHKO moves are banned
|rule|Evasion Items Clause: Evasion items are banned
|rule|Evasion Moves Clause: Evasion moves are banned
|rule|Evasion Abilities Clause: Evasion abilities are banned
|rule|Sleep Moves Clause: Sleep-inducing moves are banned
|clearpoke
|poke|p1|Clodsire, F|
|poke|p1|Pelipper, F|
|poke|p1|Barraskewda, F|
|poke|p1|Zapdos|
|poke|p1|Incineroar, M|
|poke|p1|Corviknight, F|
|poke|p2|Cobalion|
|poke|p2|Weezing-Galar, M|
|poke|p2|Lokix, F|
|poke|p2|Arboliva, M|
|poke|p2|Ceruledge, F|
|poke|p2|Latios, M|
|teampreview
|
|t:|1758955649
|teamsize|p1|6
|teamsize|p2|6
|start
|switch|p1a: Pelipper|Pelipper, F|100/100
|switch|p2a: M'affald|Weezing-Galar, M|100/100
|-ability|p2a: M'affald|Neutralizing Gas
|turn|1
|inactive|Battle timer is ON: inactive players will automatically lose when time's up. (requested by egoist1111)
|inactive|YumeKasumi76 also wants the timer to be on.
|
|t:|1758955657
|switch|p1a: Corviknight|Corviknight, F|100/100
|move|p2a: M'affald|Sludge Bomb|p1a: Corviknight
|-immune|p1a: Corviknight
|
|upkeep
|turn|2
|
|t:|1758955663
|move|p2a: M'affald|Will-O-Wisp|p1a: Corviknight
|-status|p1a: Corviknight|brn
|move|p1a: Corviknight|U-turn|p2a: M'affald
|-resisted|p2a: M'affald
|-damage|p2a: M'affald|99/100
|
|t:|1758955668
|switch|p1a: Clodsire|Clodsire, F|100/100|[from] U-turn
|
|upkeep
|turn|3
|
|t:|1758955672
|move|p2a: M'affald|Will-O-Wisp|p1a: Clodsire
|-status|p1a: Clodsire|brn
|move|p1a: Clodsire|Stealth Rock|p2a: M'affald
|-sidestart|p2: YumeKasumi76|move: Stealth Rock
|
|-damage|p1a: Clodsire|94/100 brn|[from] brn
|upkeep
|turn|4
|
|t:|1758955688
|move|p2a: M'affald|Defog|p1a: Clodsire
|-unboost|p1a: Clodsire|evasion|1
|-sideend|p2: YumeKasumi76|Stealth Rock|[from] move: Defog|[of] p2a: M'affald
|move|p1a: Clodsire|Earthquake|p2a: M'affald
|-supereffective|p2a: M'affald
|-damage|p2a: M'affald|82/100
|
|-heal|p1a: Clodsire|100/100 brn|[from] item: Leftovers
|-damage|p1a: Clodsire|94/100 brn|[from] brn
|upkeep
|turn|5
|
|t:|1758955694
|move|p2a: M'affald|Sludge Bomb|p1a: Clodsire
|-resisted|p1a: Clodsire
|-crit|p1a: Clodsire
|-damage|p1a: Clodsire|88/100 brn
|move|p1a: Clodsire|Stealth Rock|p2a: M'affald
|-sidestart|p2: YumeKasumi76|move: Stealth Rock
|
|-heal|p1a: Clodsire|94/100 brn|[from] item: Leftovers
|-damage|p1a: Clodsire|88/100 brn|[from] brn
|upkeep
|turn|6
|
|t:|1758955700
|move|p2a: M'affald|Defog|p1a: Clodsire
|-unboost|p1a: Clodsire|evasion|1
|-sideend|p2: YumeKasumi76|Stealth Rock|[from] move: Defog|[of] p2a: M'affald
|move|p1a: Clodsire|Earthquake|p2a: M'affald
|-supereffective|p2a: M'affald
|-damage|p2a: M'affald|64/100
|
|-heal|p1a: Clodsire|94/100 brn|[from] item: Leftovers
|-damage|p1a: Clodsire|88/100 brn|[from] brn
|upkeep
|turn|7
|
|t:|1758955705
|move|p2a: M'affald|Sludge Bomb|p1a: Clodsire
|-resisted|p1a: Clodsire
|-damage|p1a: Clodsire|84/100 brn
|move|p1a: Clodsire|Stealth Rock|p2a: M'affald
|-sidestart|p2: YumeKasumi76|move: Stealth Rock
|
|-heal|p1a: Clodsire|91/100 brn|[from] item: Leftovers
|-damage|p1a: Clodsire|84/100 brn|[from] brn
|upkeep
|turn|8
|
|t:|1758955710
|move|p2a: M'affald|Defog|p1a: Clodsire
|-unboost|p1a: Clodsire|evasion|1
|-sideend|p2: YumeKasumi76|Stealth Rock|[from] move: Defog|[of] p2a: M'affald
|move|p1a: Clodsire|Earthquake|p2a: M'affald
|-supereffective|p2a: M'affald
|-damage|p2a: M'affald|45/100
|
|-heal|p1a: Clodsire|91/100 brn|[from] item: Leftovers
|-damage|p1a: Clodsire|84/100 brn|[from] brn
|upkeep
|turn|9
|
|t:|1758955716
|move|p2a: M'affald|Sludge Bomb|p1a: Clodsire
|-resisted|p1a: Clodsire
|-damage|p1a: Clodsire|80/100 brn
|move|p1a: Clodsire|Earthquake|p2a: M'affald
|-supereffective|p2a: M'affald
|-damage|p2a: M'affald|26/100
|
|-heal|p1a: Clodsire|87/100 brn|[from] item: Leftovers
|-damage|p1a: Clodsire|80/100 brn|[from] brn
|upkeep
|turn|10
|
|t:|1758955723
|move|p2a: M'affald|Pain Split|p1a: Clodsire
|-sethp|p1a: Clodsire|50/100 brn|[from] move: Pain Split|[silent]
|-sethp|p2a: M'affald|69/100|[from] move: Pain Split
|move|p1a: Clodsire|Stealth Rock|p2a: M'affald
|-sidestart|p2: YumeKasumi76|move: Stealth Rock
|
|-heal|p1a: Clodsire|56/100 brn|[from] item: Leftovers
|-damage|p1a: Clodsire|50/100 brn|[from] brn
|upkeep
|turn|11
|
|t:|1758955729
|move|p2a: M'affald|Defog|p1a: Clodsire
|-unboost|p1a: Clodsire|evasion|1
|-sideend|p2: YumeKasumi76|Stealth Rock|[from] move: Defog|[of] p2a: M'affald
|move|p1a: Clodsire|Recover|p1a: Clodsire
|-heal|p1a: Clodsire|99/100 brn
|
|-heal|p1a: Clodsire|100/100 brn|[from] item: Leftovers
|-damage|p1a: Clodsire|94/100 brn|[from] brn
|upkeep
|turn|12
|
|t:|1758955737
|switch|p1a: Corviknight|Corviknight, F|100/100 brn
|move|p2a: M'affald|Sludge Bomb|p1a: Corviknight
|-immune|p1a: Corviknight
|
|-damage|p1a: Corviknight|94/100 brn|[from] brn
|upkeep
|turn|13
|
|t:|1758955742
|switch|p1a: Clodsire|Clodsire, F|94/100 brn
|move|p2a: M'affald|Pain Split|p1a: Clodsire
|-sethp|p1a: Clodsire|72/100 brn|[from] move: Pain Split|[silent]
|-sethp|p2a: M'affald|99/100|[from] move: Pain Split
|
|-heal|p1a: Clodsire|78/100 brn|[from] item: Leftovers
|-damage|p1a: Clodsire|72/100 brn|[from] brn
|upkeep
|turn|14
|
|t:|1758955748
|-end|p2a: M'affald|ability: Neutralizing Gas
|switch|p2a: Satsuki|Lokix, F, shiny|100/100
|move|p1a: Clodsire|Recover|p1a: Clodsire
|-heal|p1a: Clodsire|100/100 brn
|
|-damage|p1a: Clodsire|94/100 brn|[from] brn
|upkeep
|turn|15
|
|t:|1758955751
|switch|p1a: Pelipper|Pelipper, F|100/100
|-weather|RainDance|[from] ability: Drizzle|[of] p1a: Pelipper
|move|p2a: Satsuki|Knock Off|p1a: Pelipper
|-damage|p1a: Pelipper|46/100
|-enditem|p1a: Pelipper|Damp Rock|[from] move: Knock Off|[of] p2a: Satsuki
|
|-weather|RainDance|[upkeep]
|upkeep
|turn|16
|
|t:|1758955762
|switch|p2a: Iverson|Latios, M|100/100
|move|p1a: Pelipper|Roost|p1a: Pelipper
|-heal|p1a: Pelipper|96/100
|-singleturn|p1a: Pelipper|move: Roost
|
|-weather|RainDance|[upkeep]
|upkeep
|turn|17
|
|t:|1758955768
|move|p2a: Iverson|Draco Meteor|p1a: Pelipper
|-damage|p1a: Pelipper|0 fnt
|-unboost|p2a: Iverson|spa|2
|faint|p1a: Pelipper
|
|-weather|RainDance|[upkeep]
|upkeep
|
|t:|1758955777
|switch|p1a: Barraskewda|Barraskewda, F|100/100
|turn|18
|
|t:|1758955781
|switch|p2a: Pantheon|Arboliva, M|100/100
|-terastallize|p1a: Barraskewda|Water
|move|p1a: Barraskewda|Liquidation|p2a: Pantheon
|-resisted|p2a: Pantheon
|-damage|p2a: Pantheon|31/100
|-fieldstart|move: Grassy Terrain|[from] ability: Seed Sower|[of] p2a: Pantheon
|
|-weather|RainDance|[upkeep]
|-heal|p2a: Pantheon|37/100|[from] Grassy Terrain
|upkeep
|turn|19
|
|t:|1758955793
|move|p1a: Barraskewda|Liquidation|p2a: Pantheon
|-resisted|p2a: Pantheon
|-damage|p2a: Pantheon|0 fnt
|faint|p2a: Pantheon
|
|-weather|RainDance|[upkeep]
|upkeep
|
|t:|1758955795
|switch|p2a: Satsuki|Lokix, F, shiny|100/100
|turn|20
|
|t:|1758955799
|switch|p1a: Corviknight|Corviknight, F|94/100 brn
|-ability|p1a: Corviknight|Pressure
|move|p2a: Satsuki|First Impression|p1a: Corviknight
|-resisted|p1a: Corviknight
|-damage|p1a: Corviknight|74/100 brn
|-damage|p2a: Satsuki|84/100|[from] item: Rocky Helmet|[of] p1a: Corviknight
|
|-weather|RainDance|[upkeep]
|-heal|p2a: Satsuki|90/100|[from] Grassy Terrain
|-damage|p1a: Corviknight|68/100 brn|[from] brn
|upkeep
|turn|21
|
|t:|1758955805
|switch|p2a: Ironhyde|Cobalion|100/100
|move|p1a: Corviknight|U-turn|p2a: Ironhyde
|-resisted|p2a: Ironhyde
|-damage|p2a: Ironhyde|99/100
|-damage|p1a: Corviknight|52/100 brn|[from] item: Rocky Helmet|[of] p2a: Ironhyde
|
|t:|1758955815
|switch|p1a: Incineroar|Incineroar, M|100/100|[from] U-turn
|-ability|p1a: Incineroar|Intimidate|boost
|-unboost|p2a: Ironhyde|atk|1
|
|-weather|RainDance|[upkeep]
|-heal|p2a: Ironhyde|100/100|[from] Grassy Terrain
|upkeep
|turn|22
|
|t:|1758955819
|move|p2a: Ironhyde|Stealth Rock|p1a: Incineroar
|-sidestart|p1: egoist1111|move: Stealth Rock
|move|p1a: Incineroar|Knock Off|p2a: Ironhyde
|-resisted|p2a: Ironhyde
|-damage|p2a: Ironhyde|87/100
|-damage|p1a: Incineroar|84/100|[from] item: Rocky Helmet|[of] p2a: Ironhyde
|-ability|p2a: Ironhyde|Justified|boost
|-boost|p2a: Ironhyde|atk|1
|-enditem|p2a: Ironhyde|Rocky Helmet|[from] move: Knock Off|[of] p1a: Incineroar
|
|-weather|none
|-heal|p2a: Ironhyde|93/100|[from] Grassy Terrain
|-heal|p1a: Incineroar|90/100|[from] Grassy Terrain
|-fieldend|move: Grassy Terrain
|upkeep
|turn|23
|
|t:|1758955826
|move|p2a: Ironhyde|Body Press|p1a: Incineroar
|-supereffective|p1a: Incineroar
|-damage|p1a: Incineroar|38/100
|move|p1a: Incineroar|Will-O-Wisp|p2a: Ironhyde
|-status|p2a: Ironhyde|brn
|
|-damage|p2a: Ironhyde|87/100 brn|[from] brn
|upkeep
|turn|24
|
|t:|1758955831
|move|p2a: Ironhyde|Body Press|p1a: Incineroar
|-supereffective|p1a: Incineroar
|-damage|p1a: Incineroar|13/100
|move|p1a: Incineroar|Drain Punch|p2a: Ironhyde
|-supereffective|p2a: Ironhyde
|-damage|p2a: Ironhyde|58/100 brn
|-heal|p1a: Incineroar|26/100|[from] drain|[of] p2a: Ironhyde
|
|-damage|p2a: Ironhyde|52/100 brn|[from] brn
|upkeep
|turn|25
|
|t:|1758955843
|switch|p1a: Corviknight|Corviknight, F|52/100 brn
|-damage|p1a: Corviknight|40/100 brn|[from] Stealth Rock
|-ability|p1a: Corviknight|Pressure
|move|p2a: Ironhyde|Volt Switch|p1a: Corviknight
|-supereffective|p1a: Corviknight
|-damage|p1a: Corviknight|13/100 brn
|
|t:|1758955848
|switch|p2a: Satsuki|Lokix, F, shiny|90/100|[from] Volt Switch
|
|-damage|p1a: Corviknight|7/100 brn|[from] brn
|upkeep
|turn|26
|
|t:|1758955855
|move|p2a: Satsuki|Knock Off|p1a: Corviknight
|-damage|p1a: Corviknight|0 fnt
|-damage|p2a: Satsuki|73/100|[from] item: Rocky Helmet|[of] p1a: Corviknight
|-enditem|p1a: Corviknight|Rocky Helmet|[from] move: Knock Off|[of] p2a: Satsuki
|faint|p1a: Corviknight
|
|upkeep
|
|t:|1758955858
|switch|p1a: Barraskewda|Barraskewda, F, tera:Water|100/100
|-damage|p1a: Barraskewda|88/100|[from] Stealth Rock
|turn|27
|
|t:|1758955861
|switch|p2a: Ironhyde|Cobalion|52/100 brn
|move|p1a: Barraskewda|Liquidation|p2a: Ironhyde
|-damage|p2a: Ironhyde|0 fnt
|faint|p2a: Ironhyde
|
|upkeep
|
|t:|1758955866
|switch|p2a: Satsuki|Lokix, F, shiny|73/100
|turn|28
|
|t:|1758955870
|switch|p1a: Incineroar|Incineroar, M|26/100
|-ability|p1a: Incineroar|Intimidate|boost
|-unboost|p2a: Satsuki|atk|1
|move|p2a: Satsuki|U-turn|p1a: Incineroar
|-damage|p1a: Incineroar|4/100
|
|t:|1758955874
|switch|p2a: Iverson|Latios, M|100/100|[from] U-turn
|
|upkeep
|turn|29
|
|t:|1758955877
|move|p2a: Iverson|Flip Turn|p1a: Incineroar
|-supereffective|p1a: Incineroar
|-damage|p1a: Incineroar|0 fnt
|faint|p1a: Incineroar
|
|t:|1758955880
|switch|p2a: Satsuki|Lokix, F, shiny|73/100|[from] Flip Turn
|
|upkeep
|
|t:|1758955884
|switch|p1a: Zapdos|Zapdos|100/100
|turn|30
|
|t:|1758955887
|switch|p2a: Jalter|Ceruledge, F|100/100
|move|p1a: Zapdos|Volt Switch|p2a: Jalter
|-damage|p2a: Jalter|73/100
|
|t:|1758955892
|switch|p1a: Barraskewda|Barraskewda, F, tera:Water|88/100|[from] Volt Switch
|-damage|p1a: Barraskewda|76/100|[from] Stealth Rock
|
|-heal|p2a: Jalter|79/100|[from] item: Leftovers
|upkeep
|turn|31
|
|t:|1758955895
|move|p2a: Jalter|Shadow Sneak|p1a: Barraskewda
|-damage|p1a: Barraskewda|44/100
|move|p1a: Barraskewda|Flip Turn|p2a: Jalter
|-supereffective|p2a: Jalter
|-crit|p2a: Jalter
|-damage|p2a: Jalter|0 fnt
|faint|p2a: Jalter
|
|t:|1758955900
|switch|p1a: Zapdos|Zapdos|100/100|[from] Flip Turn
|
|upkeep
|
|t:|1758955903
|switch|p2a: Iverson|Latios, M|100/100
|turn|32
|
|t:|1758955905
|move|p2a: Iverson|Trick|p1a: Zapdos
|-activate|p2a: Iverson|move: Trick|[of] p1a: Zapdos
|-item|p1a: Zapdos|Choice Scarf|[from] move: Trick
|-item|p2a: Iverson|Heavy-Duty Boots|[from] move: Trick
|move|p1a: Zapdos|Volt Switch|p2a: Iverson
|-resisted|p2a: Iverson
|-damage|p2a: Iverson|82/100
|
|t:|1758955911
|switch|p1a: Clodsire|Clodsire, F|94/100 brn|[from] Volt Switch
|-damage|p1a: Clodsire|88/100 brn|[from] Stealth Rock
|
|-heal|p1a: Clodsire|94/100 brn|[from] item: Leftovers
|-damage|p1a: Clodsire|88/100 brn|[from] brn
|upkeep
|turn|33
|
|t:|1758955914
|move|p2a: Iverson|Luster Purge|p1a: Clodsire
|-supereffective|p1a: Clodsire
|-damage|p1a: Clodsire|30/100 brn
|-unboost|p1a: Clodsire|spd|1
|move|p1a: Clodsire|Stealth Rock|p2a: Iverson
|-sidestart|p2: YumeKasumi76|move: Stealth Rock
|
|-heal|p1a: Clodsire|36/100 brn|[from] item: Leftovers
|-damage|p1a: Clodsire|30/100 brn|[from] brn
|upkeep
|turn|34
|
|t:|1758955921
|move|p2a: Iverson|Luster Purge|p1a: Clodsire
|-supereffective|p1a: Clodsire
|-damage|p1a: Clodsire|0 fnt
|faint|p1a: Clodsire
|
|upkeep
|
|t:|1758955926
|switch|p1a: Barraskewda|Barraskewda, F, tera:Water|44/100
|-damage|p1a: Barraskewda|32/100|[from] Stealth Rock
|turn|35
|
|t:|1758955928
|move|p1a: Barraskewda|Liquidation|p2a: Iverson
|-resisted|p2a: Iverson
|-damage|p2a: Iverson|22/100
|move|p2a: Iverson|Luster Purge|p1a: Barraskewda
|-damage|p1a: Barraskewda|0 fnt
|faint|p1a: Barraskewda
|
|upkeep
|
|t:|1758955933
|switch|p1a: Zapdos|Zapdos|100/100
|-damage|p1a: Zapdos|76/100|[from] Stealth Rock
|turn|36
|
|t:|1758955936
|move|p1a: Zapdos|Hurricane|p2a: Iverson
|-damage|p2a: Iverson|0 fnt
|faint|p2a: Iverson
|
|upkeep
|
|t:|1758955939
|switch|p2a: Satsuki|Lokix, F, shiny|73/100
|-damage|p2a: Satsuki|49/100|[from] Stealth Rock
|turn|37
|
|t:|1758955942
|-terastallize|p2a: Satsuki|Bug
|move|p2a: Satsuki|First Impression|p1a: Zapdos
|-resisted|p1a: Zapdos
|-damage|p1a: Zapdos|0 fnt
|faint|p1a: Zapdos
|
|win|YumeKasumi76
|raw|egoist1111's rating: 1396 &rarr; <strong>1373</strong><br />(-23 for losing)
|raw|YumeKasumi76's rating: 1342 &rarr; <strong>1365</strong><br />(+23 for winning)
|l|‽egoist1111
|player|p1|
|l|☆YumeKasumi76
|player|p2|
