|badge|p1|bronze|gen9ou|100-6
|html|<div class="broadcast-red"><strong>This battle is required to be public due to one or more player having a season medal.</strong><br />During the public phase, you can discuss the state of the ladder <a href="/seasondiscussion">in a special chatroom.</a></div>
|uhtml|medal-msg|<div class="broadcast-blue">Curious what those medals under the avatar are? PS now has Ladder Seasons! For more information, check out the <a href="https://www.smogon.com/forums/threads/3740067/">thread on Smogon.</a></div>
|badge|p2|bronze|gen9ou|100-6
|badge|p2|silver|gen9ru|30-6
|badge|p2|silver|gen9uu|30-6
|uhtml|medal-msg|<div class="broadcast-blue">Curious what those medals under the avatar are? PS now has Ladder Seasons! For more information, check out the <a href="https://www.smogon.com/forums/threads/3740067/">thread on Smogon.</a></div>
|raw|<div class="broadcast-blue"><strong>This battle is required to be public due to a player having a name starting with 'medal'.</div>
|j|☆ilytrix
|j|☆Sirpeanutcronch
|t:|1759061256
|gametype|singles
|player|p1|ilytrix|n-masters|1839
|player|p2|Sirpeanutcronch|#wcop2025africa|1898
|gen|9
|tier|[Gen 9] OU
|rated|
|rule|HP Percentage Mod: HP is shown in percentages
|rule|Endless Battle Clause: Forcing endless battles is banned
|rule|Species Clause: Limit one of each Pokémon
|rule|OHKO Clause: OHKO moves are banned
|rule|Evasion Items Clause: Evasion items are banned
|rule|Evasion Moves Clause: Evasion moves are banned
|rule|Evasion Abilities Clause: Evasion abilities are banned
|rule|Sleep Moves Clause: Sleep-inducing moves are banned
|clearpoke
|poke|p1|Ceruledge, F|
|poke|p1|Raging Bolt|
|poke|p1|Latias, F|
|poke|p1|Kyurem|
|poke|p1|Ninetales-Alola, F|
|poke|p1|Iron Moth|
|poke|p2|Enamorus, F|
|poke|p2|Araquanid, F|
|poke|p2|Gholdengo|
|poke|p2|Iron Valiant|
|poke|p2|Kingambit, F|
|poke|p2|Great Tusk|
|teampreview
|inactive|Battle timer is ON: inactive players will automatically lose when time's up. (requested by Sirpeanutcronch)
|j| cryyysneasel
|
|t:|1759061264
|teamsize|p1|6
|teamsize|p2|6
|start
|switch|p1a: bury the light|Ceruledge, F|100/100
|switch|p2a: Doc Seismic|Araquanid, F|100/100
|turn|1
|
|t:|1759061282
|move|p1a: bury the light|Swords Dance|p1a: bury the light
|-boost|p1a: bury the light|atk|2
|move|p2a: Doc Seismic|Liquidation|p1a: bury the light
|-supereffective|p1a: bury the light
|-enditem|p1a: bury the light|Focus Sash
|-damage|p1a: bury the light|1/100
|-ability|p1a: bury the light|Weak Armor|boost
|-unboost|p1a: bury the light|def|1
|-boost|p1a: bury the light|spe|2
|
|upkeep
|turn|2
|
|t:|1759061286
|move|p1a: bury the light|Poltergeist|p2a: Doc Seismic|[miss]
|-miss|p1a: bury the light|p2a: Doc Seismic
|move|p2a: Doc Seismic|Liquidation|p1a: bury the light
|-supereffective|p1a: bury the light
|-damage|p1a: bury the light|0 fnt
|faint|p1a: bury the light
|
|upkeep
|j| wgw2333
|
|t:|1759061293
|switch|p1a: 50/50|Raging Bolt|100/100
|-enditem|p1a: 50/50|Booster Energy
|-activate|p1a: 50/50|ability: Protosynthesis|[fromitem]
|-start|p1a: 50/50|protosynthesisspa
|turn|3
|
|t:|1759061300
|switch|p2a: Invincible|Great Tusk|100/100
|-enditem|p2a: Invincible|Booster Energy
|-activate|p2a: Invincible|ability: Protosynthesis|[fromitem]
|-start|p2a: Invincible|protosynthesisspe
|move|p1a: 50/50|Thunderbolt|p2a: Invincible
|-immune|p2a: Invincible
|
|upkeep
|turn|4
|
|t:|1759061303
|move|p2a: Invincible|Headlong Rush|p1a: 50/50
|-supereffective|p1a: 50/50
|-damage|p1a: 50/50|18/100
|-unboost|p2a: Invincible|def|1
|-unboost|p2a: Invincible|spd|1
|move|p1a: 50/50|Dragon Pulse|p2a: Invincible
|-damage|p2a: Invincible|0 fnt
|faint|p2a: Invincible
|-end|p2a: Invincible|Protosynthesis|[silent]
|
|upkeep
|
|t:|1759061316
|switch|p2a: Robot|Gholdengo|100/100
|turn|5
|
|t:|1759061318
|move|p2a: Robot|Shadow Ball|p1a: 50/50
|-damage|p1a: 50/50|0 fnt
|faint|p1a: 50/50
|-end|p1a: 50/50|Protosynthesis|[silent]
|
|upkeep
|
|t:|1759061320
|switch|p1a: MoveMerchant|Iron Moth|100/100
|-enditem|p1a: MoveMerchant|Booster Energy
|-activate|p1a: MoveMerchant|ability: Quark Drive|[fromitem]
|-start|p1a: MoveMerchant|quarkdrivespe
|turn|6
|
|t:|1759061323
|switch|p2a: Doc Seismic|Araquanid, F|100/100
|move|p1a: MoveMerchant|Fiery Dance|p2a: Doc Seismic
|-damage|p2a: Doc Seismic|84/100
|-boost|p1a: MoveMerchant|spa|1
|
|upkeep
|turn|7
|
|t:|1759061345
|move|p1a: MoveMerchant|Sludge Wave|p2a: Doc Seismic
|-damage|p2a: Doc Seismic|16/100
|move|p2a: Doc Seismic|Liquidation|p1a: MoveMerchant
|-supereffective|p1a: MoveMerchant
|-damage|p1a: MoveMerchant|0 fnt
|faint|p1a: MoveMerchant
|-end|p1a: MoveMerchant|Quark Drive|[silent]
|
|upkeep
|
|t:|1759061349
|switch|p1a: snow bunny|Ninetales-Alola, F|100/100
|-weather|Snowscape|[from] ability: Snow Warning|[of] p1a: snow bunny
|turn|8
|-enditem|p2a: Doc Seismic|Custap Berry|[eat]
|-activate|p2a: Doc Seismic|item: Custap Berry|[consumed]
|
|t:|1759061354
|move|p2a: Doc Seismic|Sticky Web|p1a: snow bunny
|-sidestart|p1: ilytrix|move: Sticky Web
|move|p1a: snow bunny|Freeze-Dry|p2a: Doc Seismic
|-supereffective|p2a: Doc Seismic
|-damage|p2a: Doc Seismic|0 fnt
|faint|p2a: Doc Seismic
|
|-weather|Snowscape|[upkeep]
|upkeep
|
|t:|1759061359
|switch|p2a: Robot|Gholdengo|100/100
|turn|9
|
|t:|1759061361
|move|p1a: snow bunny|Aurora Veil|p1a: snow bunny
|-sidestart|p1: ilytrix|move: Aurora Veil
|move|p2a: Robot|Nasty Plot|p2a: Robot
|-boost|p2a: Robot|spa|2
|
|-weather|Snowscape|[upkeep]
|upkeep
|turn|10
|
|t:|1759061365
|switch|p1a: rng my ahh|Kyurem|100/100
|-activate|p1a: rng my ahh|move: Sticky Web
|-unboost|p1a: rng my ahh|spe|1
|-ability|p1a: rng my ahh|Pressure
|move|p2a: Robot|Nasty Plot|p2a: Robot
|-boost|p2a: Robot|spa|2
|
|-weather|Snowscape|[upkeep]
|upkeep
|turn|11
|
|t:|1759061369
|move|p2a: Robot|Make It Rain|p1a: rng my ahh
|-supereffective|p1a: rng my ahh
|-damage|p1a: rng my ahh|0 fnt
|-unboost|p2a: Robot|spa|1
|faint|p1a: rng my ahh
|
|-weather|Snowscape|[upkeep]
|upkeep
|
|t:|1759061371
|switch|p1a: realpsyspam|Latias, F|100/100
|turn|12
|
|t:|1759061374
|-terastallize|p1a: realpsyspam|Steel
|move|p1a: realpsyspam|Agility|p1a: realpsyspam
|-boost|p1a: realpsyspam|spe|2
|move|p2a: Robot|Shadow Ball|p1a: realpsyspam
|-damage|p1a: realpsyspam|60/100
|
|-weather|none
|-heal|p1a: realpsyspam|66/100|[from] item: Leftovers
|upkeep
|turn|13
|
|t:|1759061387
|switch|p2a: Conquest|Enamorus, F|100/100
|move|p1a: realpsyspam|Calm Mind|p1a: realpsyspam
|-boost|p1a: realpsyspam|spa|1
|-boost|p1a: realpsyspam|spd|1
|
|-heal|p1a: realpsyspam|72/100|[from] item: Leftovers
|upkeep
|turn|14
|
|t:|1759061392
|move|p1a: realpsyspam|Stored Power|p2a: Conquest
|-damage|p2a: Conquest|0 fnt
|faint|p2a: Conquest
|
|-heal|p1a: realpsyspam|78/100|[from] item: Leftovers
|upkeep
|
|t:|1759061400
|switch|p2a: Omni-Man|Kingambit, F|100/100
|-activate|p2a: Omni-Man|ability: Supreme Overlord
|-start|p2a: Omni-Man|fallen3|[silent]
|-item|p2a: Omni-Man|Air Balloon
|turn|15
|
|t:|1759061404
|-end|p2a: Omni-Man|fallen3|[silent]
|switch|p2a: Robot|Gholdengo|100/100
|move|p1a: realpsyspam|Aura Sphere|p2a: Robot
|-immune|p2a: Robot
|
|-heal|p1a: realpsyspam|84/100|[from] item: Leftovers
|upkeep
|turn|16
|
|t:|1759061408
|move|p1a: realpsyspam|Calm Mind|p1a: realpsyspam
|-boost|p1a: realpsyspam|spa|1
|-boost|p1a: realpsyspam|spd|1
|move|p2a: Robot|Nasty Plot|p2a: Robot
|-boost|p2a: Robot|spa|2
|
|-heal|p1a: realpsyspam|90/100|[from] item: Leftovers
|-sideend|p1: ilytrix|move: Aurora Veil
|upkeep
|turn|17
|
|t:|1759061411
|move|p1a: realpsyspam|Stored Power|p2a: Robot
|-resisted|p2a: Robot
|-crit|p2a: Robot
|-damage|p2a: Robot|0 fnt
|faint|p2a: Robot
|
|-heal|p1a: realpsyspam|96/100|[from] item: Leftovers
|upkeep
|
|t:|1759061418
|switch|p2a: Omni-Man|Kingambit, F|100/100
|-activate|p2a: Omni-Man|ability: Supreme Overlord
|-start|p2a: Omni-Man|fallen4|[silent]
|-item|p2a: Omni-Man|Air Balloon
|turn|18
|
|t:|1759061424
|-end|p2a: Omni-Man|fallen4|[silent]
|switch|p2a: Atom Eve|Iron Valiant|100/100
|-enditem|p2a: Atom Eve|Booster Energy
|-activate|p2a: Atom Eve|ability: Quark Drive|[fromitem]
|-start|p2a: Atom Eve|quarkdrivespa
|move|p1a: realpsyspam|Aura Sphere|p2a: Atom Eve
|-resisted|p2a: Atom Eve
|-damage|p2a: Atom Eve|50/100
|
|-heal|p1a: realpsyspam|100/100|[from] item: Leftovers
|upkeep
|turn|19
|
|t:|1759061428
|move|p2a: Atom Eve|Vacuum Wave|p1a: realpsyspam
|-supereffective|p1a: realpsyspam
|-damage|p1a: realpsyspam|75/100
|move|p1a: realpsyspam|Stored Power|p2a: Atom Eve
|-supereffective|p2a: Atom Eve
|-damage|p2a: Atom Eve|0 fnt
|faint|p2a: Atom Eve
|-end|p2a: Atom Eve|Quark Drive|[silent]
|
|-heal|p1a: realpsyspam|81/100|[from] item: Leftovers
|upkeep
|
|t:|1759061430
|switch|p2a: Omni-Man|Kingambit, F|100/100
|-activate|p2a: Omni-Man|ability: Supreme Overlord
|-start|p2a: Omni-Man|fallen5|[silent]
|-item|p2a: Omni-Man|Air Balloon
|turn|20
|
|t:|1759061433
|move|p1a: realpsyspam|Aura Sphere|p2a: Omni-Man
|-supereffective|p2a: Omni-Man
|-damage|p2a: Omni-Man|0 fnt
|-enditem|p2a: Omni-Man|Air Balloon
|faint|p2a: Omni-Man
|-end|p2a: Omni-Man|fallen5|[silent]
|
|win|ilytrix
|raw|ilytrix's rating: 1839 &rarr; <strong>1862</strong><br />(+23 for winning)
|raw|Sirpeanutcronch's rating: 1898 &rarr; <strong>1875</strong><br />(-23 for losing)
|l|☆ilytrix
|player|p1|
