|j|☆sama25
|j|☆kmater
|t:|1759058774
|gametype|singles
|player|p1|sama25|ghetsis|1216
|player|p2|kmater|steven|1251
|gen|9
|tier|[Gen 9] OU
|rated|
|rule|HP Percentage Mod: HP is shown in percentages
|rule|Endless Battle Clause: Forcing endless battles is banned
|rule|Species Clause: Limit one of each Pokémon
|rule|OHKO Clause: OHKO moves are banned
|rule|Evasion Items Clause: Evasion items are banned
|rule|Evasion Moves Clause: Evasion moves are banned
|rule|Evasion Abilities Clause: Evasion abilities are banned
|rule|Sleep Moves Clause: Sleep-inducing moves are banned
|clearpoke
|poke|p1|Tornadus, M|
|poke|p1|Toxtricity, M|
|poke|p1|Iron Valiant|
|poke|p1|Arcanine-Hisui, M|
|poke|p1|Brambleghast, M|
|poke|p1|Hydreigon, M|
|poke|p2|Cinderace, M|
|poke|p2|Greninja-*, M|
|poke|p2|Arboliva, F|
|poke|p2|Cloyster, F|
|poke|p2|Chandelure, M|
|poke|p2|Rabsca, F|
|teampreview
|inactive|Battle timer is ON: inactive players will automatically lose when time's up. (requested by sama25)
|
|t:|1759058784
|teamsize|p1|6
|teamsize|p2|6
|start
|switch|p1a: Brambleghast|Brambleghast, M, shiny|100/100
|switch|p2a: Arboliva|Arboliva, F, shiny|100/100
|turn|1
|
|t:|1759058801
|switch|p1a: Arcanine|Arcanine-Hisui, M, shiny|100/100
|switch|p2a: Rabsca|Rabsca, F, shiny|100/100
|
|upkeep
|turn|2
|
|t:|1759058810
|switch|p2a: Cloyster|Cloyster, F|100/100
|move|p1a: Arcanine|Flare Blitz|p2a: Cloyster
|-crit|p2a: Cloyster
|-damage|p2a: Cloyster|0 fnt
|faint|p2a: Cloyster
|
|upkeep
|
|t:|1759058819
|switch|p2a: Greninja|Greninja, M|100/100
|turn|3
|
|t:|1759058826
|switch|p1a: Brambleghast|Brambleghast, M, shiny|100/100
|move|p2a: Greninja|Surf|p1a: Brambleghast
|-resisted|p1a: Brambleghast
|-crit|p1a: Brambleghast
|-damage|p1a: Brambleghast|47/100
|
|upkeep
|turn|4
|
|t:|1759058835
|move|p2a: Greninja|Sludge Wave|p1a: Brambleghast
|-crit|p1a: Brambleghast
|-damage|p1a: Brambleghast|0 fnt
|faint|p1a: Brambleghast
|-ability|p2a: Greninja|Battle Bond|boost
|-boost|p2a: Greninja|atk|1
|-boost|p2a: Greninja|spa|1
|-boost|p2a: Greninja|spe|1
|-activate|p2a: Greninja|ability: Battle Bond
|
|upkeep
|
|t:|1759058842
|switch|p1a: Toxtricity|Toxtricity, M, shiny|100/100
|turn|5
|
|t:|1759058850
|move|p2a: Greninja|Surf|p1a: Toxtricity
|-damage|p1a: Toxtricity|3/100
|move|p1a: Toxtricity|Overdrive|p2a: Greninja
|-supereffective|p2a: Greninja
|-enditem|p2a: Greninja|Focus Sash
|-damage|p2a: Greninja|1/100
|
|upkeep
|turn|6
|
|t:|1759058859
|move|p2a: Greninja|Dark Pulse|p1a: Toxtricity
|-damage|p1a: Toxtricity|0 fnt
|faint|p1a: Toxtricity
|
|upkeep
|
|t:|1759058862
|switch|p1a: Arcanine|Arcanine-Hisui, M, shiny|100/100
|turn|7
|
|t:|1759058868
|-terastallize|p1a: Arcanine|Normal
|move|p1a: Arcanine|Extreme Speed|p2a: Greninja
|-damage|p2a: Greninja|0 fnt
|faint|p2a: Greninja
|
|upkeep
|
|t:|1759058875
|switch|p2a: Chandelure|Chandelure, M, shiny|100/100
|turn|8
|
|t:|1759058883
|switch|p1a: Hydreigon|Hydreigon, M, shiny|100/100
|move|p2a: Chandelure|Flamethrower|p1a: Hydreigon
|-resisted|p1a: Hydreigon
|-damage|p1a: Hydreigon|74/100
|
|upkeep
|turn|9
|
|t:|1759058891
|switch|p2a: Arboliva|Arboliva, F, shiny|100/100
|move|p1a: Hydreigon|Tailwind|p1a: Hydreigon
|-sidestart|p1: sama25|move: Tailwind
|
|upkeep
|turn|10
|
|t:|1759058897
|move|p1a: Hydreigon|Stealth Rock|p2a: Arboliva
|-sidestart|p2: kmater|move: Stealth Rock
|move|p2a: Arboliva|Leech Seed|p1a: Hydreigon
|-start|p1a: Hydreigon|move: Leech Seed
|
|-damage|p1a: Hydreigon|61/100|[from] Leech Seed|[of] p2a: Arboliva
|upkeep
|turn|11
|
|t:|1759058904
|move|p1a: Hydreigon|Draco Meteor|p2a: Arboliva|[miss]
|-miss|p1a: Hydreigon|p2a: Arboliva
|move|p2a: Arboliva|Alluring Voice|p1a: Hydreigon
|-supereffective|p1a: Hydreigon
|-damage|p1a: Hydreigon|0 fnt
|faint|p1a: Hydreigon
|
|upkeep
|
|t:|1759058908
|switch|p1a: Iron Valiant|Iron Valiant, shiny|100/100
|turn|12
|
|t:|1759058916
|move|p1a: Iron Valiant|Moonblast|p2a: Arboliva
|-damage|p2a: Arboliva|37/100
|-enditem|p2a: Arboliva|Sitrus Berry|[eat]
|-heal|p2a: Arboliva|62/100|[from] item: Sitrus Berry
|move|p2a: Arboliva|Leech Seed|p1a: Iron Valiant|[miss]
|-miss|p2a: Arboliva|p1a: Iron Valiant
|
|-sideend|p1: sama25|move: Tailwind
|upkeep
|turn|13
|
|t:|1759058927
|move|p1a: Iron Valiant|Moonblast|p2a: Arboliva
|-damage|p2a: Arboliva|0 fnt
|faint|p2a: Arboliva
|
|upkeep
|
|t:|1759058933
|switch|p2a: Cinderace|Cinderace, M|100/100
|turn|14
|
|t:|1759058937
|-end|p1a: Iron Valiant|Quark Drive|[silent]
|switch|p1a: Tornadus|Tornadus, M, shiny|100/100
|move|p2a: Cinderace|Court Change|p2a: Cinderace
|-start|p2a: Cinderace|typechange|Normal|[from] ability: Libero
|-swapsideconditions
|-activate|p2a: Cinderace|move: Court Change
|
|upkeep
|turn|15
|
|t:|1759058945
|move|p1a: Tornadus|Tailwind|p1a: Tornadus
|-sidestart|p1: sama25|move: Tailwind
|move|p2a: Cinderace|Pyro Ball|p1a: Tornadus
|-damage|p1a: Tornadus|35/100
|-enditem|p1a: Tornadus|Eject Button
|
|t:|1759058951
|switch|p1a: Iron Valiant|Iron Valiant, shiny|100/100
|-damage|p1a: Iron Valiant|94/100|[from] Stealth Rock
|
|upkeep
|turn|16
|
|t:|1759058957
|move|p1a: Iron Valiant|Moonblast|p2a: Cinderace
|-damage|p2a: Cinderace|0 fnt
|faint|p2a: Cinderace
|
|upkeep
|
|t:|1759058962
|switch|p2a: Rabsca|Rabsca, F, shiny|100/100
|turn|17
|
|t:|1759058966
|move|p1a: Iron Valiant|Moonblast|p2a: Rabsca
|-damage|p2a: Rabsca|41/100
|-unboost|p2a: Rabsca|spa|1
|move|p2a: Rabsca|Revival Blessing|p2a: Rabsca
|-enditem|p2a: Rabsca|Leppa Berry|[eat]
|-activate|p2a: Rabsca|item: Leppa Berry|Revival Blessing|[consumed]
|
|t:|1759058973
|-heal|p2: Arboliva|50/100|[from] move: Revival Blessing
|
|upkeep
|turn|18
|
|t:|1759058982
|move|p1a: Iron Valiant|Moonblast|p2a: Rabsca
|-damage|p2a: Rabsca|0 fnt
|faint|p2a: Rabsca
|
|-sideend|p1: sama25|move: Tailwind
|upkeep
|
|t:|1759058992
|switch|p2a: Chandelure|Chandelure, M, shiny|100/100
|turn|19
|
|t:|1759059000
|move|p2a: Chandelure|Flamethrower|p1a: Iron Valiant
|-damage|p1a: Iron Valiant|6/100
|move|p1a: Iron Valiant|Moonblast|p2a: Chandelure
|-resisted|p2a: Chandelure
|-damage|p2a: Chandelure|52/100
|
|upkeep
|turn|20
|
|t:|1759059006
|move|p2a: Chandelure|Flamethrower|p1a: Iron Valiant
|-damage|p1a: Iron Valiant|0 fnt
|faint|p1a: Iron Valiant
|-end|p1a: Iron Valiant|Quark Drive|[silent]
|
|upkeep
|
|t:|1759059010
|switch|p1a: Arcanine|Arcanine-Hisui, M, shiny, tera:Normal|100/100
|-damage|p1a: Arcanine|88/100|[from] Stealth Rock
|turn|21
|
|t:|1759059016
|move|p2a: Chandelure|Flamethrower|p1a: Arcanine
|-damage|p1a: Arcanine|21/100
|move|p1a: Arcanine|Head Smash|p2a: Chandelure|[miss]
|-miss|p1a: Arcanine|p2a: Chandelure
|
|upkeep
|turn|22
|
|t:|1759059022
|move|p2a: Chandelure|Flamethrower|p1a: Arcanine
|-damage|p1a: Arcanine|0 fnt
|faint|p1a: Arcanine
|
|upkeep
|c|☆sama25|aint no way
|
|t:|1759059028
|switch|p1a: Tornadus|Tornadus, M, shiny|35/100
|-damage|p1a: Tornadus|11/100|[from] Stealth Rock
|turn|23
|
|t:|1759059032
|move|p2a: Chandelure|Flamethrower|p1a: Tornadus
|-damage|p1a: Tornadus|0 fnt
|faint|p1a: Tornadus
|
|win|kmater
|raw|sama25's rating: 1216 &rarr; <strong>1194</strong><br />(-22 for losing)
|raw|kmater's rating: 1251 &rarr; <strong>1273</strong><br />(+22 for winning)
|l|☆kmater
|player|p2|
|l|☆sama25
|player|p1|
