|j|☆Vaincuodetomare
|j|☆RanSoFarAway
|t:|1759011991
|gametype|singles
|player|p1|Vaincuodetomare|102|1000
|player|p2|RanSoFarAway|cyrus|1000
|gen|9
|tier|[Gen 9] OU
|rated|
|rule|HP Percentage Mod: HP is shown in percentages
|rule|Endless Battle Clause: Forcing endless battles is banned
|rule|Species Clause: Limit one of each Pokémon
|rule|OHKO Clause: OHKO moves are banned
|rule|Evasion Items Clause: Evasion items are banned
|rule|Evasion Moves Clause: Evasion moves are banned
|rule|Evasion Abilities Clause: Evasion abilities are banned
|rule|Sleep Moves Clause: Sleep-inducing moves are banned
|clearpoke
|poke|p1|Tornadus, M|
|poke|p1|Scizor, M|
|poke|p1|Zapdos|
|poke|p1|Toxapex, M|
|poke|p1|Sylveon, F|
|poke|p2|Vivillon-Fancy, M|
|poke|p2|Swalot, F|
|poke|p2|Conkeldurr, M|
|poke|p2|Houndstone, F|
|poke|p2|Gliscor, M|
|poke|p2|Kingambit, M|
|teampreview
|inactive|Battle timer is ON: inactive players will automatically lose when time's up. (requested by Vaincuodetomare)
|
|t:|1759012005
|teamsize|p1|5
|teamsize|p2|6
|start
|switch|p1a: Tornadus|Tornadus, M|100/100
|switch|p2a: Vivillon|Vivillon-Fancy, M|100/100
|turn|1
|
|t:|1759012017
|move|p1a: Tornadus|Taunt|p2a: Vivillon
|-start|p2a: Vivillon|move: Taunt
|cant|p2a: Vivillon|move: Taunt|Stun Spore
|
|upkeep
|turn|2
|
|t:|1759012023
|move|p1a: Tornadus|Rain Dance|p1a: Tornadus
|-weather|RainDance
|move|p2a: Vivillon|Hurricane|p1a: Tornadus
|-damage|p1a: Tornadus|59/100
|
|-weather|RainDance|[upkeep]
|upkeep
|turn|3
|
|t:|1759012032
|move|p2a: Vivillon|Hurricane|p1a: Tornadus
|-damage|p1a: Tornadus|24/100
|move|p1a: Tornadus|Hurricane|p2a: Vivillon
|-supereffective|p2a: Vivillon
|-enditem|p2a: Vivillon|Focus Sash
|-damage|p2a: Vivillon|1/100
|
|-weather|RainDance|[upkeep]
|-end|p2a: Vivillon|move: Taunt
|upkeep
|turn|4
|
|t:|1759012044
|move|p1a: Tornadus|Protect|p1a: Tornadus
|-singleturn|p1a: Tornadus|Protect
|move|p2a: Vivillon|Hurricane|p1a: Tornadus
|-activate|p1a: Tornadus|move: Protect
|
|-weather|RainDance|[upkeep]
|upkeep
|turn|5
|
|t:|1759012057
|move|p1a: Tornadus|Taunt|p2a: Vivillon
|-start|p2a: Vivillon|move: Taunt
|move|p2a: Vivillon|Hurricane|p1a: Tornadus
|-damage|p1a: Tornadus|0 fnt
|faint|p1a: Tornadus
|
|-weather|RainDance|[upkeep]
|upkeep
|
|t:|1759012067
|switch|p1a: Scizor|Scizor, M|100/100
|turn|6
|
|t:|1759012071
|move|p1a: Scizor|Bullet Punch|p2a: Vivillon
|-damage|p2a: Vivillon|0 fnt
|faint|p2a: Vivillon
|
|-weather|none
|upkeep
|
|t:|1759012077
|switch|p2a: Conkeldurr|Conkeldurr, M|100/100
|turn|7
|
|t:|1759012089
|-terastallize|p1a: Scizor|Fire
|move|p2a: Conkeldurr|Bulk Up|p2a: Conkeldurr
|-boost|p2a: Conkeldurr|atk|1
|-boost|p2a: Conkeldurr|def|1
|move|p1a: Scizor|Dual Wingbeat|p2a: Conkeldurr
|-supereffective|p2a: Conkeldurr
|-damage|p2a: Conkeldurr|70/100
|-supereffective|p2a: Conkeldurr
|-damage|p2a: Conkeldurr|38/100
|-hitcount|p2a: Conkeldurr|2
|
|upkeep
|turn|8
|
|t:|1759012110
|move|p2a: Conkeldurr|Stomping Tantrum|p1a: Scizor
|-supereffective|p1a: Scizor
|-damage|p1a: Scizor|18/100
|move|p1a: Scizor|U-turn|p2a: Conkeldurr
|-resisted|p2a: Conkeldurr
|-damage|p2a: Conkeldurr|25/100
|
|t:|1759012118
|switch|p1a: Zapdos|Zapdos|100/100|[from] U-turn
|
|upkeep
|turn|9
|
|t:|1759012125
|move|p1a: Zapdos|Detect|p1a: Zapdos
|-singleturn|p1a: Zapdos|Protect
|move|p2a: Conkeldurr|Dynamic Punch|p1a: Zapdos
|-activate|p1a: Zapdos|move: Protect
|
|upkeep
|turn|10
|
|t:|1759012143
|-terastallize|p2a: Conkeldurr|Fairy
|move|p1a: Zapdos|Discharge|p2a: Conkeldurr
|-damage|p2a: Conkeldurr|0 fnt
|faint|p2a: Conkeldurr
|
|upkeep
|
|t:|1759012156
|switch|p2a: Houndstone|Houndstone, F|100/100
|turn|11
|
|t:|1759012178
|switch|p1a: Toxapex|Toxapex, M|100/100
|move|p2a: Houndstone|Ice Fang|p1a: Toxapex
|-resisted|p1a: Toxapex
|-damage|p1a: Toxapex|94/100
|
|-heal|p1a: Toxapex|100/100|[from] item: Leftovers
|upkeep
|turn|12
|
|t:|1759012193
|move|p1a: Toxapex|Baneful Bunker|p1a: Toxapex
|-singleturn|p1a: Toxapex|move: Protect
|move|p2a: Houndstone|Psychic Fangs|p1a: Toxapex
|-activate|p1a: Toxapex|move: Protect
|-status|p2a: Houndstone|psn
|
|-damage|p2a: Houndstone|88/100 psn|[from] psn
|upkeep
|turn|13
|
|t:|1759012210
|move|p2a: Houndstone|Psychic Fangs|p1a: Toxapex
|-supereffective|p1a: Toxapex
|-damage|p1a: Toxapex|66/100
|move|p1a: Toxapex|Liquidation|p2a: Houndstone
|-damage|p2a: Houndstone|76/100 psn
|
|-heal|p2a: Houndstone|82/100 psn|[from] item: Leftovers
|-heal|p1a: Toxapex|73/100|[from] item: Leftovers
|-damage|p2a: Houndstone|69/100 psn|[from] psn
|upkeep
|turn|14
|
|t:|1759012223
|move|p2a: Houndstone|Poltergeist|p1a: Toxapex
|-activate|p1a: Toxapex|move: Poltergeist|Leftovers
|-damage|p1a: Toxapex|39/100
|move|p1a: Toxapex|Liquidation|p2a: Houndstone
|-damage|p2a: Houndstone|57/100 psn
|
|-heal|p2a: Houndstone|63/100 psn|[from] item: Leftovers
|-heal|p1a: Toxapex|45/100|[from] item: Leftovers
|-damage|p2a: Houndstone|50/100 psn|[from] psn
|upkeep
|turn|15
|
|t:|1759012234
|move|p2a: Houndstone|Poltergeist|p1a: Toxapex
|-activate|p1a: Toxapex|move: Poltergeist|Leftovers
|-damage|p1a: Toxapex|14/100
|move|p1a: Toxapex|Recover|p1a: Toxapex
|-heal|p1a: Toxapex|64/100
|
|-heal|p2a: Houndstone|56/100 psn|[from] item: Leftovers
|-heal|p1a: Toxapex|71/100|[from] item: Leftovers
|-damage|p2a: Houndstone|44/100 psn|[from] psn
|upkeep
|turn|16
|
|t:|1759012249
|move|p2a: Houndstone|Poltergeist|p1a: Toxapex
|-activate|p1a: Toxapex|move: Poltergeist|Leftovers
|-damage|p1a: Toxapex|40/100
|move|p1a: Toxapex|Recover|p1a: Toxapex
|-heal|p1a: Toxapex|90/100
|
|-heal|p2a: Houndstone|50/100 psn|[from] item: Leftovers
|-heal|p1a: Toxapex|96/100|[from] item: Leftovers
|-damage|p2a: Houndstone|38/100 psn|[from] psn
|upkeep
|turn|17
|
|t:|1759012261
|switch|p2a: Gliscor|Gliscor, M|100/100
|move|p1a: Toxapex|Liquidation|p2a: Gliscor
|-supereffective|p2a: Gliscor
|-damage|p2a: Gliscor|76/100
|
|-heal|p1a: Toxapex|100/100|[from] item: Leftovers
|-status|p2a: Gliscor|tox|[from] item: Toxic Orb
|upkeep
|turn|18
|
|t:|1759012279
|move|p2a: Gliscor|Earthquake|p1a: Toxapex
|-supereffective|p1a: Toxapex
|-damage|p1a: Toxapex|62/100
|move|p1a: Toxapex|Toxic|p2a: Gliscor
|-fail|p2a: Gliscor|tox
|
|-heal|p1a: Toxapex|69/100|[from] item: Leftovers
|-heal|p2a: Gliscor|89/100 tox|[from] ability: Poison Heal
|upkeep
|turn|19
|
|t:|1759012293
|move|p2a: Gliscor|Earthquake|p1a: Toxapex
|-supereffective|p1a: Toxapex
|-damage|p1a: Toxapex|29/100
|move|p1a: Toxapex|Liquidation|p2a: Gliscor
|-supereffective|p2a: Gliscor
|-damage|p2a: Gliscor|63/100 tox
|
|-heal|p1a: Toxapex|35/100|[from] item: Leftovers
|-heal|p2a: Gliscor|76/100 tox|[from] ability: Poison Heal
|upkeep
|turn|20
|
|t:|1759012304
|move|p2a: Gliscor|Facade|p1a: Toxapex
|-crit|p1a: Toxapex
|-damage|p1a: Toxapex|5/100
|move|p1a: Toxapex|Recover|p1a: Toxapex
|-heal|p1a: Toxapex|55/100
|
|-heal|p1a: Toxapex|62/100|[from] item: Leftovers
|-heal|p2a: Gliscor|88/100 tox|[from] ability: Poison Heal
|upkeep
|turn|21
|
|t:|1759012315
|switch|p1a: Scizor|Scizor, M, tera:Fire|18/100
|move|p2a: Gliscor|Earthquake|p1a: Scizor
|-supereffective|p1a: Scizor
|-damage|p1a: Scizor|0 fnt
|faint|p1a: Scizor
|
|-heal|p2a: Gliscor|100/100 tox|[from] ability: Poison Heal
|upkeep
|
|t:|1759012325
|switch|p1a: Sylveon|Sylveon, F|100/100
|turn|22
|
|t:|1759012332
|move|p2a: Gliscor|Tailwind|p2a: Gliscor
|-sidestart|p2: RanSoFarAway|move: Tailwind
|move|p1a: Sylveon|Substitute|p1a: Sylveon
|-start|p1a: Sylveon|Substitute
|-damage|p1a: Sylveon|76/100
|
|upkeep
|turn|23
|
|t:|1759012338
|move|p2a: Gliscor|Facade|p1a: Sylveon
|-end|p1a: Sylveon|Substitute
|move|p1a: Sylveon|Calm Mind|p1a: Sylveon
|-boost|p1a: Sylveon|spa|1
|-boost|p1a: Sylveon|spd|1
|
|upkeep
|turn|24
|
|t:|1759012349
|move|p2a: Gliscor|Facade|p1a: Sylveon
|-damage|p1a: Sylveon|37/100
|move|p1a: Sylveon|Hyper Voice|p2a: Gliscor
|-damage|p2a: Gliscor|7/100 tox
|-enditem|p1a: Sylveon|Throat Spray
|-boost|p1a: Sylveon|spa|1|[from] item: Throat Spray
|
|-heal|p2a: Gliscor|19/100 tox|[from] ability: Poison Heal
|upkeep
|turn|25
|
|t:|1759012366
|move|p2a: Gliscor|Facade|p1a: Sylveon
|-damage|p1a: Sylveon|0 fnt
|faint|p1a: Sylveon
|
|-heal|p2a: Gliscor|32/100 tox|[from] ability: Poison Heal
|-sideend|p2: RanSoFarAway|move: Tailwind
|upkeep
|
|t:|1759012375
|switch|p1a: Zapdos|Zapdos|100/100
|turn|26
|
|t:|1759012380
|move|p2a: Gliscor|Protect|p2a: Gliscor
|-singleturn|p2a: Gliscor|Protect
|move|p1a: Zapdos|Hurricane|p2a: Gliscor
|-activate|p2a: Gliscor|move: Protect
|
|-heal|p2a: Gliscor|44/100 tox|[from] ability: Poison Heal
|upkeep
|turn|27
|
|t:|1759012389
|move|p1a: Zapdos|Hurricane|p2a: Gliscor
|-damage|p2a: Gliscor|0 fnt
|faint|p2a: Gliscor
|
|upkeep
|
|t:|1759012395
|switch|p2a: Houndstone|Houndstone, F|38/100 psn
|turn|28
|
|t:|1759012400
|move|p1a: Zapdos|Discharge|p2a: Houndstone
|-damage|p2a: Houndstone|0 fnt
|faint|p2a: Houndstone
|
|upkeep
|
|t:|1759012405
|switch|p2a: Swalot|Swalot, F, shiny|100/100
|turn|29
|
|t:|1759012408
|move|p1a: Zapdos|Thunder Wave|p2a: Swalot
|-status|p2a: Swalot|par
|cant|p2a: Swalot|par
|
|upkeep
|turn|30
|
|t:|1759012414
|move|p1a: Zapdos|Discharge|p2a: Swalot
|-damage|p2a: Swalot|72/100 par
|cant|p2a: Swalot|par
|
|upkeep
|turn|31
|
|t:|1759012420
|move|p1a: Zapdos|Discharge|p2a: Swalot
|-damage|p2a: Swalot|43/100 par
|move|p2a: Swalot|Stuff Cheeks|p2a: Swalot
|-boost|p2a: Swalot|def|2
|-enditem|p2a: Swalot|Starf Berry|[eat]
|-boost|p2a: Swalot|spd|2|[from] item: Starf Berry
|
|upkeep
|turn|32
|
|t:|1759012433
|move|p1a: Zapdos|Discharge|p2a: Swalot
|-damage|p2a: Swalot|29/100 par
|move|p2a: Swalot|Thief|p1a: Zapdos
|-damage|p1a: Zapdos|88/100
|-enditem|p1a: Zapdos|Sitrus Berry|[silent]|[from] move: Thief|[of] p2a: Swalot
|-item|p2a: Swalot|Sitrus Berry|[from] move: Thief|[of] p1a: Zapdos
|-enditem|p2a: Swalot|Sitrus Berry|[eat]
|-heal|p2a: Swalot|54/100 par|[from] item: Sitrus Berry
|
|upkeep
|turn|33
|
|t:|1759012443
|move|p1a: Zapdos|Hurricane|p2a: Swalot
|-damage|p2a: Swalot|36/100 par
|move|p2a: Swalot|Belch|p1a: Zapdos
|-damage|p1a: Zapdos|54/100
|
|upkeep
|turn|34
|
|t:|1759012450
|move|p1a: Zapdos|Hurricane|p2a: Swalot
|-damage|p2a: Swalot|17/100 par
|-start|p2a: Swalot|confusion
|-activate|p2a: Swalot|confusion
|move|p2a: Swalot|Belch|p1a: Zapdos
|-damage|p1a: Zapdos|19/100
|
|upkeep
|turn|35
|
|t:|1759012459
|move|p1a: Zapdos|Discharge|p2a: Swalot
|-damage|p2a: Swalot|4/100 par
|-activate|p2a: Swalot|confusion
|move|p2a: Swalot|Belch|p1a: Zapdos
|-damage|p1a: Zapdos|0 fnt
|faint|p1a: Zapdos
|
|upkeep
|
|t:|1759012467
|switch|p1a: Toxapex|Toxapex, M|95/100
|turn|36
|
|t:|1759012472
|move|p1a: Toxapex|Liquidation|p2a: Swalot
|-damage|p2a: Swalot|0 fnt
|faint|p2a: Swalot
|
|-heal|p1a: Toxapex|100/100|[from] item: Leftovers
|upkeep
|
|t:|1759012478
|switch|p2a: Kingambit|Kingambit, M|100/100
|-activate|p2a: Kingambit|ability: Supreme Overlord
|-start|p2a: Kingambit|fallen5|[silent]
|turn|37
|
|t:|1759012486
|move|p1a: Toxapex|Baneful Bunker|p1a: Toxapex
|-singleturn|p1a: Toxapex|move: Protect
|move|p2a: Kingambit|Iron Defense|p2a: Kingambit
|-boost|p2a: Kingambit|def|2
|
|upkeep
|turn|38
|l|☆Vaincuodetomare
|inactive|Vaincuodetomare disconnected and has a minute to reconnect!
|player|p1|
|inactive|Vaincuodetomare has 30 seconds to reconnect!
|inactive|Vaincuodetomare has 20 seconds to reconnect!
|inactive|Vaincuodetomare has 15 seconds to reconnect!
|inactive|Vaincuodetomare has 10 seconds to reconnect!
|c|☆RanSoFarAway|Last minute rage quick? Pathetic 🤣
|inactive|Vaincuodetomare has 5 seconds to reconnect!
|-message|Vaincuodetomare lost due to inactivity.
|
|win|RanSoFarAway
|raw|Vaincuodetomare's rating: 1000 &rarr; <strong>1000</strong><br />(+0 for losing)
|raw|RanSoFarAway's rating: 1000 &rarr; <strong>1040</strong><br />(+40 for winning)
