|j|☆atrainerfromakron
|j|☆Sonzaisonder
|t:|1759034878
|gametype|singles
|player|p1|atrainerfromakron|101|1435
|player|p2|Sonzaisonder|steven|1459
|gen|9
|tier|[Gen 9] OU
|rated|
|rule|HP Percentage Mod: HP is shown in percentages
|rule|Endless Battle Clause: Forcing endless battles is banned
|rule|Species Clause: Limit one of each Pokémon
|rule|OHKO Clause: OHKO moves are banned
|rule|Evasion Items Clause: Evasion items are banned
|rule|Evasion Moves Clause: Evasion moves are banned
|rule|Evasion Abilities Clause: Evasion abilities are banned
|rule|Sleep Moves Clause: Sleep-inducing moves are banned
|clearpoke
|poke|p1|Ninetales-Alola, F|
|poke|p1|Oricorio, M|
|poke|p1|Hatterene, F|
|poke|p1|Kyurem|
|poke|p1|Zamazenta-*|
|poke|p1|Iron Treads|
|poke|p2|Hoopa-Unbound|
|poke|p2|Slowking-Galar, F|
|poke|p2|Great Tusk|
|poke|p2|Moltres|
|poke|p2|Kingambit, M|
|poke|p2|Greninja-*, M|
|teampreview
|
|t:|1759034914
|teamsize|p1|6
|teamsize|p2|6
|start
|switch|p1a: Hatterene|Hatterene, F|100/100
|switch|p2a: Greninja|Greninja, M|100/100
|turn|1
|
|t:|1759034925
|move|p2a: Greninja|Sludge Wave|p1a: Hatterene
|-start|p2a: Greninja|typechange|Poison|[from] ability: Protean
|-supereffective|p1a: Hatterene
|-damage|p1a: Hatterene|0 fnt
|faint|p1a: Hatterene
|
|upkeep
|
|t:|1759034940
|switch|p1a: Iron Treads|Iron Treads|100/100
|-enditem|p1a: Iron Treads|Booster Energy
|-activate|p1a: Iron Treads|ability: Quark Drive|[fromitem]
|-start|p1a: Iron Treads|quarkdrivespe
|turn|2
|
|t:|1759034943
|switch|p2a: Moltres|Moltres|100/100
|move|p1a: Iron Treads|Stealth Rock|p2a: Moltres
|-sidestart|p2: Sonzaisonder|move: Stealth Rock
|
|upkeep
|turn|3
|
|t:|1759034949
|-end|p1a: Iron Treads|Quark Drive|[silent]
|switch|p1a: Ninetales|Ninetales-Alola, F|100/100
|-weather|Snowscape|[from] ability: Snow Warning|[of] p1a: Ninetales
|move|p2a: Moltres|Flamethrower|p1a: Ninetales
|-supereffective|p1a: Ninetales
|-damage|p1a: Ninetales|21/100
|-status|p1a: Ninetales|brn
|
|-weather|Snowscape|[upkeep]
|-damage|p1a: Ninetales|15/100 brn|[from] brn
|upkeep
|turn|4
|inactive|Battle timer is ON: inactive players will automatically lose when time's up. (requested by atrainerfromakron)
|
|t:|1759034987
|move|p1a: Ninetales|Aurora Veil|p1a: Ninetales
|-sidestart|p1: atrainerfromakron|move: Aurora Veil
|move|p2a: Moltres|Flamethrower|p1a: Ninetales
|-supereffective|p1a: Ninetales
|-damage|p1a: Ninetales|0 fnt
|faint|p1a: Ninetales
|
|-weather|Snowscape|[upkeep]
|upkeep
|
|t:|1759034994
|switch|p1a: Oricorio|Oricorio, M|100/100
|turn|5
|
|t:|1759035005
|move|p1a: Oricorio|Quiver Dance|p1a: Oricorio
|-boost|p1a: Oricorio|spa|1
|-boost|p1a: Oricorio|spd|1
|-boost|p1a: Oricorio|spe|1
|move|p2a: Moltres|U-turn|p1a: Oricorio
|-resisted|p1a: Oricorio
|-damage|p1a: Oricorio|98/100
|
|t:|1759035028
|switch|p2a: Kingambit|Kingambit, M|100/100|[from] U-turn
|-damage|p2a: Kingambit|94/100|[from] Stealth Rock
|
|-weather|Snowscape|[upkeep]
|-heal|p1a: Oricorio|100/100|[from] item: Leftovers
|-heal|p2a: Kingambit|100/100|[from] item: Leftovers
|upkeep
|turn|6
|
|t:|1759035033
|-terastallize|p2a: Kingambit|Fire
|move|p1a: Oricorio|Revelation Dance|p2a: Kingambit
|-resisted|p2a: Kingambit
|-damage|p2a: Kingambit|63/100
|move|p2a: Kingambit|Swords Dance|p2a: Kingambit
|-boost|p2a: Kingambit|atk|2
|-activate|p1a: Oricorio|ability: Dancer
|move|p1a: Oricorio|Swords Dance|p1a: Oricorio|[from] ability: Dancer
|-boost|p1a: Oricorio|atk|2
|
|-weather|Snowscape|[upkeep]
|-heal|p2a: Kingambit|69/100|[from] item: Leftovers
|upkeep
|turn|7
|
|t:|1759035063
|move|p1a: Oricorio|Revelation Dance|p2a: Kingambit
|-resisted|p2a: Kingambit
|-damage|p2a: Kingambit|30/100
|move|p2a: Kingambit|Kowtow Cleave|p1a: Oricorio
|-damage|p1a: Oricorio|33/100
|
|-weather|none
|-heal|p1a: Oricorio|39/100|[from] item: Leftovers
|-heal|p2a: Kingambit|36/100|[from] item: Leftovers
|upkeep
|turn|8
|inactive|atrainerfromakron has 120 seconds left.
|
|t:|1759035081
|move|p2a: Kingambit|Sucker Punch|p1a: Oricorio
|-damage|p1a: Oricorio|0 fnt
|faint|p1a: Oricorio
|
|-heal|p2a: Kingambit|42/100|[from] item: Leftovers
|upkeep
|
|t:|1759035082
|switch|p1a: Zamazenta|Zamazenta|100/100
|-ability|p1a: Zamazenta|Dauntless Shield|boost
|-boost|p1a: Zamazenta|def|1
|turn|9
|
|t:|1759035092
|-end|p2a: Kingambit|fallenundefined|[silent]
|switch|p2a: Moltres|Moltres|100/100
|move|p1a: Zamazenta|Iron Defense|p1a: Zamazenta
|-boost|p1a: Zamazenta|def|2
|
|upkeep
|turn|10
|
|t:|1759035097
|-terastallize|p1a: Zamazenta|Fire
|move|p1a: Zamazenta|Iron Defense|p1a: Zamazenta
|-boost|p1a: Zamazenta|def|2
|move|p2a: Moltres|Will-O-Wisp|p1a: Zamazenta
|-immune|p1a: Zamazenta
|
|upkeep
|turn|11
|
|t:|1759035108
|move|p1a: Zamazenta|Body Press|p2a: Moltres
|-resisted|p2a: Moltres
|-crit|p2a: Moltres
|-damage|p2a: Moltres|39/100
|move|p2a: Moltres|U-turn|p1a: Zamazenta
|-resisted|p1a: Zamazenta
|-damage|p1a: Zamazenta|99/100
|
|t:|1759035113
|switch|p2a: Slowking|Slowking-Galar, F|100/100|[from] U-turn
|
|-heal|p1a: Zamazenta|100/100|[from] item: Leftovers
|-sideend|p1: atrainerfromakron|move: Aurora Veil
|upkeep
|turn|12
|
|t:|1759035120
|move|p1a: Zamazenta|Crunch|p2a: Slowking
|-supereffective|p2a: Slowking
|-damage|p2a: Slowking|56/100
|move|p2a: Slowking|Thunder Wave|p1a: Zamazenta
|-status|p1a: Zamazenta|par
|
|upkeep
|turn|13
|
|t:|1759035126
|cant|p1a: Zamazenta|par
|move|p2a: Slowking|Sludge Bomb|p1a: Zamazenta
|-damage|p1a: Zamazenta|74/100 par
|
|-heal|p1a: Zamazenta|80/100 par|[from] item: Leftovers
|upkeep
|turn|14
|
|t:|1759035131
|move|p1a: Zamazenta|Crunch|p2a: Slowking
|-supereffective|p2a: Slowking
|-damage|p2a: Slowking|15/100
|move|p2a: Slowking|Sludge Bomb|p1a: Zamazenta
|-damage|p1a: Zamazenta|55/100 par
|
|-heal|p1a: Zamazenta|62/100 par|[from] item: Leftovers
|upkeep
|turn|15
|
|t:|1759035139
|cant|p1a: Zamazenta|par
|move|p2a: Slowking|Sludge Bomb|p1a: Zamazenta
|-damage|p1a: Zamazenta|34/100 par
|
|-heal|p1a: Zamazenta|40/100 par|[from] item: Leftovers
|upkeep
|turn|16
|
|t:|1759035147
|switch|p2a: Moltres|Moltres|39/100
|cant|p1a: Zamazenta|par
|
|-heal|p1a: Zamazenta|47/100 par|[from] item: Leftovers
|upkeep
|turn|17
|
|t:|1759035154
|move|p2a: Moltres|Flamethrower|p1a: Zamazenta
|-resisted|p1a: Zamazenta
|-damage|p1a: Zamazenta|33/100 par
|cant|p1a: Zamazenta|par
|
|-heal|p1a: Zamazenta|39/100 par|[from] item: Leftovers
|upkeep
|turn|18
|
|t:|1759035157
|move|p2a: Moltres|Flamethrower|p1a: Zamazenta
|-resisted|p1a: Zamazenta
|-damage|p1a: Zamazenta|24/100 par
|move|p1a: Zamazenta|Body Press|p2a: Moltres
|-resisted|p2a: Moltres
|-damage|p2a: Moltres|0 fnt
|faint|p2a: Moltres
|
|-heal|p1a: Zamazenta|30/100 par|[from] item: Leftovers
|upkeep
|
|t:|1759035161
|switch|p2a: Greninja|Greninja, M|100/100
|-damage|p2a: Greninja|88/100|[from] Stealth Rock
|turn|19
|
|t:|1759035165
|move|p2a: Greninja|Surf|p1a: Zamazenta
|-start|p2a: Greninja|typechange|Water|[from] ability: Protean
|-supereffective|p1a: Zamazenta
|-damage|p1a: Zamazenta|0 fnt
|faint|p1a: Zamazenta
|
|upkeep
|
|t:|1759035169
|switch|p1a: Kyurem|Kyurem|100/100
|-ability|p1a: Kyurem|Pressure
|turn|20
|
|t:|1759035176
|switch|p2a: Kingambit|Kingambit, M, tera:Fire|42/100
|-damage|p2a: Kingambit|18/100|[from] Stealth Rock
|-activate|p2a: Kingambit|ability: Supreme Overlord
|-start|p2a: Kingambit|fallen1|[silent]
|move|p1a: Kyurem|Dragon Dance|p1a: Kyurem
|-boost|p1a: Kyurem|atk|1
|-boost|p1a: Kyurem|spe|1
|
|-heal|p2a: Kingambit|24/100|[from] item: Leftovers
|upkeep
|turn|21
|
|t:|1759035180
|move|p2a: Kingambit|Sucker Punch|p1a: Kyurem
|-damage|p1a: Kyurem|55/100
|move|p1a: Kyurem|Scale Shot|p2a: Kingambit
|-damage|p2a: Kingambit|4/100
|-damage|p2a: Kingambit|0 fnt
|faint|p2a: Kingambit
|-end|p2a: Kingambit|fallen1|[silent]
|-hitcount|p2: Kingambit|2
|-unboost|p1a: Kyurem|def|1
|-boost|p1a: Kyurem|spe|1
|
|upkeep
|
|t:|1759035202
|switch|p2a: Great Tusk|Great Tusk|100/100
|turn|22
|
|t:|1759035210
|move|p1a: Kyurem|Icicle Spear|p2a: Great Tusk
|-supereffective|p2a: Great Tusk
|-damage|p2a: Great Tusk|71/100
|-supereffective|p2a: Great Tusk
|-damage|p2a: Great Tusk|40/100
|-supereffective|p2a: Great Tusk
|-damage|p2a: Great Tusk|6/100
|-supereffective|p2a: Great Tusk
|-crit|p2a: Great Tusk
|-damage|p2a: Great Tusk|0 fnt
|faint|p2a: Great Tusk
|-end|p2a: Great Tusk|Protosynthesis|[silent]
|-hitcount|p2: Great Tusk|4
|
|upkeep
|
|t:|1759035218
|switch|p2a: Greninja|Greninja, M|88/100
|-damage|p2a: Greninja|76/100|[from] Stealth Rock
|turn|23
|
|t:|1759035226
|move|p1a: Kyurem|Scale Shot|p2a: Greninja
|-damage|p2a: Greninja|39/100
|-damage|p2a: Greninja|0 fnt
|faint|p2a: Greninja
|-hitcount|p2: Greninja|2
|-unboost|p1a: Kyurem|def|1
|-boost|p1a: Kyurem|spe|1
|
|upkeep
|
|t:|1759035229
|switch|p2a: Slowking|Slowking-Galar, F|48/100
|turn|24
|
|t:|1759035233
|move|p1a: Kyurem|Icicle Spear|p2a: Slowking
|-damage|p2a: Slowking|24/100
|-damage|p2a: Slowking|1/100
|-damage|p2a: Slowking|0 fnt
|faint|p2a: Slowking
|-hitcount|p2: Slowking|3
|
|upkeep
|-message|Sonzaisonder forfeited.
|
|win|atrainerfromakron
|raw|atrainerfromakron's rating: 1435 &rarr; <strong>1456</strong><br />(+21 for winning)
|raw|Sonzaisonder's rating: 1459 &rarr; <strong>1438</strong><br />(-21 for losing)
|l|☆Sonzaisonder
|player|p2|
