|badge|p2|bronze|gen9monotype|100-6
|badge|p2|bronze|gen9uu|100-6
|uhtml|medal-msg|<div class="broadcast-blue">Curious what those medals under the avatar are? PS now has Ladder Seasons! For more information, check out the <a href="https://www.smogon.com/forums/threads/3740067/">thread on Smogon.</a></div>
|j|☆Sergiofd
|j|☆RedemptiveSketch
|t:|1758974501
|gametype|singles
|player|p1|Sergiofd|170|1405
|player|p2|RedemptiveSketch|alec-anime|1501
|gen|9
|tier|[Gen 9] OU
|rated|
|rule|HP Percentage Mod: HP is shown in percentages
|rule|Endless Battle Clause: Forcing endless battles is banned
|rule|Species Clause: Limit one of each Pokémon
|rule|OHKO Clause: OHKO moves are banned
|rule|Evasion Items Clause: Evasion items are banned
|rule|Evasion Moves Clause: Evasion moves are banned
|rule|Evasion Abilities Clause: Evasion abilities are banned
|rule|Sleep Moves Clause: Sleep-inducing moves are banned
|clearpoke
|poke|p1|Metagross|
|poke|p1|Dragapult, F|
|poke|p1|Corviknight, M|
|poke|p1|Sableye, F|
|poke|p1|Garchomp, M|
|poke|p1|Porygon2|
|poke|p2|Sandy Shocks|
|poke|p2|Samurott-Hisui, M|
|poke|p2|Zamazenta-*|
|poke|p2|Gholdengo|
|poke|p2|Ogerpon-Wellspring, F|
|poke|p2|Dragonite, F|
|teampreview
|inactive|Battle timer is ON: inactive players will automatically lose when time's up. (requested by RedemptiveSketch)
|j| Honourial
|
|t:|1758974522
|teamsize|p1|6
|teamsize|p2|6
|start
|switch|p1a: Sableye|Sableye, F, shiny|100/100
|switch|p2a: Samurott|Samurott-Hisui, M|100/100
|turn|1
|
|t:|1758974533
|switch|p2a: Gholdengo|Gholdengo|100/100
|-item|p2a: Gholdengo|Air Balloon
|move|p1a: Sableye|Reflect|p1a: Sableye
|-sidestart|p1: Sergiofd|Reflect
|
|upkeep
|turn|2
|
|t:|1758974546
|move|p1a: Sableye|Light Screen|p1a: Sableye
|-sidestart|p1: Sergiofd|move: Light Screen
|move|p2a: Gholdengo|Thunder Wave|p1a: Sableye
|-status|p1a: Sableye|par
|
|upkeep
|turn|3
|
|t:|1758974565
|switch|p1a: Garchomp|Garchomp, M, shiny|100/100
|move|p2a: Gholdengo|Hex|p1a: Garchomp
|-damage|p1a: Garchomp|86/100
|
|upkeep
|turn|4
|
|t:|1758974588
|switch|p2a: Samurott|Samurott-Hisui, M|100/100
|move|p1a: Garchomp|Rock Slide|p2a: Samurott
|-damage|p2a: Samurott|58/100
|-damage|p1a: Garchomp|76/100|[from] item: Life Orb
|
|upkeep
|turn|5
|
|t:|1758974595
|move|p2a: Samurott|Ceaseless Edge|p1a: Garchomp|[miss]
|-miss|p2a: Samurott|p1a: Garchomp
|move|p1a: Garchomp|Earthquake|p2a: Samurott
|-damage|p2a: Samurott|0 fnt
|faint|p2a: Samurott
|-damage|p1a: Garchomp|66/100|[from] item: Life Orb
|
|upkeep
|
|t:|1758974606
|switch|p2a: Dragonite|Dragonite, F|100/100
|turn|6
|
|t:|1758974614
|move|p1a: Garchomp|Rock Slide|p2a: Dragonite
|-supereffective|p2a: Dragonite
|-damage|p2a: Dragonite|66/100
|-damage|p1a: Garchomp|57/100|[from] item: Life Orb
|move|p2a: Dragonite|Ice Spinner|p1a: Garchomp
|-supereffective|p1a: Garchomp
|-damage|p1a: Garchomp|0 fnt
|-damage|p2a: Dragonite|53/100|[from] ability: Rough Skin|[of] p1a: Garchomp
|faint|p1a: Garchomp
|
|upkeep
|
|t:|1758974625
|switch|p1a: Metagross|Metagross, shiny|100/100
|turn|7
|
|t:|1758974632
|move|p2a: Dragonite|Dragon Dance|p2a: Dragonite
|-boost|p2a: Dragonite|atk|1
|-boost|p2a: Dragonite|spe|1
|move|p1a: Metagross|Agility|p1a: Metagross
|-boost|p1a: Metagross|spe|2
|
|upkeep
|turn|8
|
|t:|1758974639
|move|p1a: Metagross|Meteor Mash|p2a: Dragonite
|-damage|p2a: Dragonite|0 fnt
|faint|p2a: Dragonite
|
|-sideend|p1: Sergiofd|Reflect
|upkeep
|
|t:|1758974650
|switch|p2a: Ogerpon|Ogerpon-Wellspring, F|100/100
|turn|9
|
|t:|1758974655
|move|p1a: Metagross|Psychic Fangs|p2a: Ogerpon
|-damage|p2a: Ogerpon|32/100
|move|p2a: Ogerpon|Swords Dance|p2a: Ogerpon
|-boost|p2a: Ogerpon|atk|2
|
|-sideend|p1: Sergiofd|move: Light Screen
|upkeep
|turn|10
|
|t:|1758974661
|move|p1a: Metagross|Psychic Fangs|p2a: Ogerpon
|-damage|p2a: Ogerpon|0 fnt
|faint|p2a: Ogerpon
|
|upkeep
|
|t:|1758974666
|switch|p2a: Zamazenta|Zamazenta|100/100
|-ability|p2a: Zamazenta|Dauntless Shield|boost
|-boost|p2a: Zamazenta|def|1
|turn|11
|
|t:|1758974670
|-terastallize|p2a: Zamazenta|Dark
|move|p1a: Metagross|Psychic Fangs|p2a: Zamazenta
|-immune|p2a: Zamazenta
|move|p2a: Zamazenta|Crunch|p1a: Metagross
|-supereffective|p1a: Metagross
|-damage|p1a: Metagross|36/100
|-enditem|p1a: Metagross|Weakness Policy
|-boost|p1a: Metagross|atk|2|[from] item: Weakness Policy
|-boost|p1a: Metagross|spa|2|[from] item: Weakness Policy
|
|upkeep
|turn|12
|
|t:|1758974684
|switch|p2a: Gholdengo|Gholdengo|100/100
|-item|p2a: Gholdengo|Air Balloon
|-terastallize|p1a: Metagross|Ground
|move|p1a: Metagross|Earthquake|p2a: Gholdengo
|-immune|p2a: Gholdengo
|
|upkeep
|turn|13
|
|t:|1758974692
|move|p1a: Metagross|Psychic Fangs|p2a: Gholdengo
|-resisted|p2a: Gholdengo
|-damage|p2a: Gholdengo|68/100
|-enditem|p2a: Gholdengo|Air Balloon
|move|p2a: Gholdengo|Make It Rain|p1a: Metagross
|-damage|p1a: Metagross|0 fnt
|-unboost|p2a: Gholdengo|spa|1
|faint|p1a: Metagross
|
|upkeep
|
|t:|1758974703
|switch|p1a: Dragapult|Dragapult, F, shiny|100/100
|turn|14
|c|☆Sergiofd|GG
|inactive|RedemptiveSketch has 120 seconds left.
|c|☆RedemptiveSketch|??
|
|t:|1758974751
|move|p1a: Dragapult|Shadow Ball|p2a: Gholdengo
|-supereffective|p2a: Gholdengo
|-damage|p2a: Gholdengo|17/100
|move|p2a: Gholdengo|Thunder Wave|p1a: Dragapult
|-status|p1a: Dragapult|par
|
|upkeep
|turn|15
|
|t:|1758974763
|move|p2a: Gholdengo|Recover|p2a: Gholdengo
|-heal|p2a: Gholdengo|67/100
|move|p1a: Dragapult|Draco Meteor|p2a: Gholdengo
|-resisted|p2a: Gholdengo
|-crit|p2a: Gholdengo
|-damage|p2a: Gholdengo|33/100
|-unboost|p1a: Dragapult|spa|2
|
|upkeep
|turn|16
|
|t:|1758974774
|switch|p1a: Corviknight|Corviknight, M, shiny|100/100
|move|p2a: Gholdengo|Recover|p2a: Gholdengo
|-heal|p2a: Gholdengo|83/100
|
|upkeep
|turn|17
|
|t:|1758974782
|switch|p1a: Porygon2|Porygon2, shiny|100/100
|move|p2a: Gholdengo|Thunder Wave|p1a: Porygon2
|-status|p1a: Porygon2|par
|
|upkeep
|turn|18
|
|t:|1758974790
|switch|p2a: Zamazenta|Zamazenta, tera:Dark|100/100
|switch|p1a: Sableye|Sableye, F, shiny|100/100 par
|
|upkeep
|turn|19
|
|t:|1758974800
|switch|p2a: Sandy Shocks|Sandy Shocks|100/100
|switch|p1a: Corviknight|Corviknight, M, shiny|100/100
|
|upkeep
|turn|20
|
|t:|1758974811
|switch|p1a: Sableye|Sableye, F, shiny|100/100 par
|move|p2a: Sandy Shocks|Volt Switch|p1a: Sableye
|-damage|p1a: Sableye|30/100 par
|-damage|p2a: Sandy Shocks|91/100|[from] item: Life Orb
|
|t:|1758974817
|-end|p2a: Sandy Shocks|Protosynthesis|[silent]
|switch|p2a: Gholdengo|Gholdengo|83/100|[from] Volt Switch
|
|upkeep
|turn|21
|
|t:|1758974821
|move|p1a: Sableye|Light Screen|p1a: Sableye
|-sidestart|p1: Sergiofd|move: Light Screen
|move|p2a: Gholdengo|Hex|p1a: Sableye
|-damage|p1a: Sableye|0 fnt
|faint|p1a: Sableye
|
|upkeep
|
|t:|1758974827
|switch|p1a: Dragapult|Dragapult, F, shiny|100/100 par
|turn|22
|
|t:|1758974831
|move|p2a: Gholdengo|Hex|p1a: Dragapult
|-supereffective|p1a: Dragapult
|-damage|p1a: Dragapult|24/100 par
|cant|p1a: Dragapult|par
|
|upkeep
|turn|23
|
|t:|1758974838
|switch|p1a: Porygon2|Porygon2, shiny|100/100 par
|move|p2a: Gholdengo|Hex|p1a: Porygon2
|-immune|p1a: Porygon2
|
|upkeep
|turn|24
|c|☆Sergiofd|so slow bro
|c|☆Sergiofd|so so slow
|inactive|RedemptiveSketch has 120 seconds left.
|c|☆Sergiofd|im winning always
|c|☆Sergiofd|gg
|
|t:|1758974892
|switch|p2a: Sandy Shocks|Sandy Shocks|91/100
|move|p1a: Porygon2|Thunderbolt|p2a: Sandy Shocks
|-immune|p2a: Sandy Shocks
|
|upkeep
|turn|25
|-message|Sergiofd forfeited.
|
|win|RedemptiveSketch
|raw|Sergiofd's rating: 1405 &rarr; <strong>1390</strong><br />(-15 for losing)
|raw|RedemptiveSketch's rating: 1501 &rarr; <strong>1516</strong><br />(+15 for winning)
|l|☆Sergiofd
|player|p1|
|c|☆RedemptiveSketch|lmao
|l|☆RedemptiveSketch
|player|p2|
|l| Honourial
