|j|☆celestial_dubkun
|j|☆judicaelmangavideo
|t:|1758977753
|gametype|singles
|player|p1|celestial_dubkun|hiker-gen4|1552
|player|p2|judicaelmangavideo|steven|1620
|gen|9
|tier|[Gen 9] OU
|rated|
|rule|HP Percentage Mod: HP is shown in percentages
|rule|Endless Battle Clause: Forcing endless battles is banned
|rule|Species Clause: Limit one of each Pokémon
|rule|OHKO Clause: OHKO moves are banned
|rule|Evasion Items Clause: Evasion items are banned
|rule|Evasion Moves Clause: Evasion moves are banned
|rule|Evasion Abilities Clause: Evasion abilities are banned
|rule|Sleep Moves Clause: Sleep-inducing moves are banned
|clearpoke
|poke|p1|Dragapult, M|
|poke|p1|Alomomola, M|
|poke|p1|Weavile, M|
|poke|p1|Great Tusk|
|poke|p1|Clefable, M|
|poke|p1|Tornadus-Therian, M|
|poke|p2|Dragapult, M|
|poke|p2|Corviknight, F|
|poke|p2|Scizor, F|
|poke|p2|Great Tusk|
|poke|p2|Blaziken, M|
|poke|p2|Blissey, F|
|teampreview
|inactive|Battle timer is ON: inactive players will automatically lose when time's up. (requested by judicaelmangavideo)
|
|t:|1758977769
|teamsize|p1|6
|teamsize|p2|6
|start
|switch|p1a: Tornadus|Tornadus-Therian, M|100/100
|switch|p2a: Dragapute|Dragapult, M|100/100
|turn|1
|
|t:|1758977773
|move|p2a: Dragapute|U-turn|p1a: Tornadus
|-resisted|p1a: Tornadus
|-damage|p1a: Tornadus|87/100
|
|t:|1758977775
|switch|p2a: Blissey|Blissey, F, shiny|100/100|[from] U-turn
|move|p1a: Tornadus|Knock Off|p2a: Blissey
|-crit|p2a: Blissey
|-damage|p2a: Blissey|63/100
|-enditem|p2a: Blissey|Leftovers|[from] move: Knock Off|[of] p1a: Tornadus
|-damage|p1a: Tornadus|77/100|[from] item: Life Orb
|
|upkeep
|turn|2
|
|t:|1758977782
|move|p1a: Tornadus|U-turn|p2a: Blissey
|-damage|p2a: Blissey|47/100
|-damage|p1a: Tornadus|68/100|[from] item: Life Orb
|
|t:|1758977790
|switch|p1a: Dragapult|Dragapult, M|100/100|[from] U-turn
|move|p2a: Blissey|Stealth Rock|p1a: Dragapult
|-sidestart|p1: celestial_dubkun|move: Stealth Rock
|
|upkeep
|turn|3
|
|t:|1758977792
|move|p1a: Dragapult|Substitute|p1a: Dragapult
|-start|p1a: Dragapult|Substitute
|-damage|p1a: Dragapult|75/100
|move|p2a: Blissey|Thunder Wave||[still]
|-fail|p2a: Blissey
|
|-heal|p1a: Dragapult|82/100|[from] item: Leftovers
|upkeep
|turn|4
|
|t:|1758977799
|switch|p2a: Scizor|Scizor, F|100/100
|move|p1a: Dragapult|Dragon Dance|p1a: Dragapult
|-boost|p1a: Dragapult|atk|1
|-boost|p1a: Dragapult|spe|1
|
|-heal|p1a: Dragapult|88/100|[from] item: Leftovers
|upkeep
|turn|5
|
|t:|1758977807
|move|p2a: Scizor|Bullet Punch|p1a: Dragapult
|-end|p1a: Dragapult|Substitute
|move|p1a: Dragapult|Phantom Force||[still]
|-prepare|p1a: Dragapult|Phantom Force
|
|-heal|p1a: Dragapult|94/100|[from] item: Leftovers
|upkeep
|turn|6
|
|t:|1758977812
|move|p1a: Dragapult|Phantom Force|p2a: Scizor|[from] lockedmove
|-damage|p2a: Scizor|36/100
|move|p2a: Scizor|Knock Off|p1a: Dragapult
|-supereffective|p1a: Dragapult
|-damage|p1a: Dragapult|12/100
|-enditem|p1a: Dragapult|Leftovers|[from] move: Knock Off|[of] p2a: Scizor
|
|-heal|p2a: Scizor|42/100|[from] item: Leftovers
|upkeep
|turn|7
|
|t:|1758977823
|switch|p1a: Alomomola|Alomomola, M|100/100
|-damage|p1a: Alomomola|88/100|[from] Stealth Rock
|move|p2a: Scizor|Bullet Punch|p1a: Alomomola
|-resisted|p1a: Alomomola
|-damage|p1a: Alomomola|76/100
|
|-heal|p2a: Scizor|48/100|[from] item: Leftovers
|upkeep
|turn|8
|
|t:|1758977826
|move|p2a: Scizor|U-turn|p1a: Alomomola
|-damage|p1a: Alomomola|50/100
|
|t:|1758977829
|switch|p2a: Dragapute|Dragapult, M|100/100|[from] U-turn
|move|p1a: Alomomola|Flip Turn|p2a: Dragapute
|-resisted|p2a: Dragapute
|-damage|p2a: Dragapute|89/100
|
|t:|1758977842
|switch|p1a: Great Tusk|Great Tusk|100/100|[from] Flip Turn
|
|upkeep
|turn|9
|
|t:|1758977849
|-terastallize|p2a: Dragapute|Dragon
|move|p2a: Dragapute|Draco Meteor|p1a: Great Tusk
|-damage|p1a: Great Tusk|0 fnt
|-unboost|p2a: Dragapute|spa|2
|faint|p1a: Great Tusk
|-end|p1a: Great Tusk|Protosynthesis|[silent]
|
|upkeep
|
|t:|1758977861
|switch|p1a: Weavile|Weavile, M|100/100
|-damage|p1a: Weavile|76/100|[from] Stealth Rock
|-ability|p1a: Weavile|Pressure
|turn|10
|
|t:|1758977866
|switch|p2a: Corviknight|Corviknight, F, shiny|100/100
|-ability|p2a: Corviknight|Pressure
|move|p1a: Weavile|Swords Dance|p1a: Weavile
|-boost|p1a: Weavile|atk|2
|
|upkeep
|turn|11
|
|t:|1758977869
|-terastallize|p1a: Weavile|Ice
|move|p1a: Weavile|Triple Axel|p2a: Corviknight
|-damage|p2a: Corviknight|80/100
|-damage|p1a: Weavile|59/100|[from] item: Rocky Helmet|[of] p2a: Corviknight
|-damage|p2a: Corviknight|39/100
|-damage|p1a: Weavile|43/100|[from] item: Rocky Helmet|[of] p2a: Corviknight
|-damage|p2a: Corviknight|0 fnt
|-damage|p1a: Weavile|26/100|[from] item: Rocky Helmet|[of] p2a: Corviknight
|faint|p2a: Corviknight
|-hitcount|p2: Corviknight|3
|
|upkeep
|
|t:|1758977877
|switch|p2a: Scizor|Scizor, F|48/100
|turn|12
|
|t:|1758977893
|move|p1a: Weavile|Ice Shard|p2a: Scizor
|-resisted|p2a: Scizor
|-damage|p2a: Scizor|20/100
|move|p2a: Scizor|Bullet Punch|p1a: Weavile
|-supereffective|p1a: Weavile
|-crit|p1a: Weavile
|-damage|p1a: Weavile|0 fnt
|faint|p1a: Weavile
|
|-heal|p2a: Scizor|26/100|[from] item: Leftovers
|upkeep
|
|t:|1758977905
|switch|p1a: Alomomola|Alomomola, M|83/100
|-damage|p1a: Alomomola|71/100|[from] Stealth Rock
|turn|13
|
|t:|1758977908
|move|p2a: Scizor|Knock Off|p1a: Alomomola
|-damage|p1a: Alomomola|48/100
|-enditem|p1a: Alomomola|Assault Vest|[from] move: Knock Off|[of] p2a: Scizor
|move|p1a: Alomomola|Flip Turn|p2a: Scizor
|-damage|p2a: Scizor|9/100
|
|t:|1758977911
|switch|p1a: Tornadus|Tornadus-Therian, M|100/100|[from] Flip Turn
|-damage|p1a: Tornadus|76/100|[from] Stealth Rock
|
|-heal|p2a: Scizor|15/100|[from] item: Leftovers
|upkeep
|turn|14
|
|t:|1758977915
|move|p2a: Scizor|Bullet Punch|p1a: Tornadus
|-damage|p1a: Tornadus|24/100
|move|p1a: Tornadus|U-turn|p2a: Scizor
|-resisted|p2a: Scizor
|-crit|p2a: Scizor
|-damage|p2a: Scizor|0 fnt
|faint|p2a: Scizor
|-damage|p1a: Tornadus|14/100|[from] item: Life Orb
|
|t:|1758977925
|switch|p1a: Clefable|Clefable, M|100/100|[from] U-turn
|
|upkeep
|
|t:|1758977927
|switch|p2a: Blaziken|Blaziken, M, shiny|100/100
|turn|15
|
|t:|1758977935
|move|p2a: Blaziken|Flare Blitz|p1a: Clefable
|-damage|p1a: Clefable|25/100
|-damage|p2a: Blaziken|68/100|[from] Recoil
|move|p1a: Clefable|Thunder Wave|p2a: Blaziken
|-status|p2a: Blaziken|par
|
|-ability|p2a: Blaziken|Speed Boost|boost
|-boost|p2a: Blaziken|spe|1
|upkeep
|turn|16
|
|t:|1758977945
|switch|p1a: Alomomola|Alomomola, M|81/100
|-damage|p1a: Alomomola|69/100|[from] Stealth Rock
|move|p2a: Blaziken|Flare Blitz|p1a: Alomomola
|-resisted|p1a: Alomomola
|-damage|p1a: Alomomola|39/100
|-damage|p2a: Blaziken|52/100 par|[from] Recoil
|
|-ability|p2a: Blaziken|Speed Boost|boost
|-boost|p2a: Blaziken|spe|1
|upkeep
|turn|17
|
|t:|1758977962
|move|p2a: Blaziken|Flare Blitz|p1a: Alomomola
|-resisted|p1a: Alomomola
|-damage|p1a: Alomomola|11/100
|-damage|p2a: Blaziken|38/100 par|[from] Recoil
|move|p1a: Alomomola|Scald|p2a: Blaziken
|-supereffective|p2a: Blaziken
|-damage|p2a: Blaziken|0 fnt
|faint|p2a: Blaziken
|
|upkeep
|
|t:|1758977967
|switch|p2a: Great Tusk|Great Tusk|100/100
|turn|18
|
|t:|1758977975
|switch|p1a: Clefable|Clefable, M|25/100
|move|p2a: Great Tusk|Rapid Spin|p1a: Clefable
|-damage|p1a: Clefable|11/100
|-boost|p2a: Great Tusk|spe|1
|
|upkeep
|turn|19
|
|t:|1758977985
|move|p2a: Great Tusk|Rapid Spin|p1a: Clefable
|-damage|p1a: Clefable|0 fnt
|-boost|p2a: Great Tusk|spe|1
|faint|p1a: Clefable
|
|upkeep
|
|t:|1758977993
|switch|p1a: Alomomola|Alomomola, M|44/100
|-damage|p1a: Alomomola|32/100|[from] Stealth Rock
|turn|20
|
|t:|1758977995
|move|p2a: Great Tusk|Headlong Rush|p1a: Alomomola
|-damage|p1a: Alomomola|0 fnt
|-unboost|p2a: Great Tusk|def|1
|-unboost|p2a: Great Tusk|spd|1
|faint|p1a: Alomomola
|
|upkeep
|-message|celestial_dubkun forfeited.
|
|win|judicaelmangavideo
|raw|celestial_dubkun's rating: 1552 &rarr; <strong>1536</strong><br />(-16 for losing)
|raw|judicaelmangavideo's rating: 1620 &rarr; <strong>1636</strong><br />(+16 for winning)
|l|☆celestial_dubkun
|player|p1|
|l|☆judicaelmangavideo
|player|p2|
