|j|☆Scoobenvonduben
|j|☆Qazxcdewsf
|t:|1759053893
|gametype|singles
|player|p1|Scoobenvonduben|brawly|1379
|player|p2|Qazxcdewsf|170|1494
|gen|9
|tier|[Gen 9] OU
|rated|
|rule|HP Percentage Mod: HP is shown in percentages
|rule|Endless Battle Clause: Forcing endless battles is banned
|rule|Species Clause: Limit one of each Pokémon
|rule|OHKO Clause: OHKO moves are banned
|rule|Evasion Items Clause: Evasion items are banned
|rule|Evasion Moves Clause: Evasion moves are banned
|rule|Evasion Abilities Clause: Evasion abilities are banned
|rule|Sleep Moves Clause: Sleep-inducing moves are banned
|clearpoke
|poke|p1|Blissey, F|
|poke|p1|Gyarados, M|
|poke|p1|Gliscor, F|
|poke|p1|Corviknight, M|
|poke|p1|Skeledirge, M|
|poke|p1|Grafaiai, F|
|poke|p2|Gliscor, M|
|poke|p2|Moltres|
|poke|p2|Scizor, F|
|poke|p2|Darkrai|
|poke|p2|Latios, M|
|poke|p2|Alomomola, M|
|teampreview
|
|t:|1759053902
|teamsize|p1|6
|teamsize|p2|6
|start
|switch|p1a: Blissey|Blissey, F|100/100
|switch|p2a: Darkrai|Darkrai|100/100
|turn|1
|inactive|Battle timer is ON: inactive players will automatically lose when time's up. (requested by Qazxcdewsf)
|
|t:|1759053911
|switch|p2a: Gliscor|Gliscor, M|100/100
|move|p1a: Blissey|Thunder Wave|p2a: Gliscor
|-immune|p2a: Gliscor
|
|-status|p2a: Gliscor|tox|[from] item: Toxic Orb
|upkeep
|turn|2
|
|t:|1759053921
|move|p2a: Gliscor|Toxic Spikes|p1a: Blissey
|-sidestart|p1: Scoobenvonduben|move: Toxic Spikes
|move|p1a: Blissey|Stealth Rock|p2a: Gliscor
|-sidestart|p2: Qazxcdewsf|move: Stealth Rock
|
|upkeep
|turn|3
|
|t:|1759053933
|switch|p1a: Gyarados|Gyarados, M, shiny|100/100
|-ability|p1a: Gyarados|Intimidate|boost
|-unboost|p2a: Gliscor|atk|1
|move|p2a: Gliscor|Stealth Rock|p1a: Gyarados
|-sidestart|p1: Scoobenvonduben|move: Stealth Rock
|
|upkeep
|turn|4
|
|t:|1759053941
|switch|p2a: Latios|Latios, M|100/100
|-damage|p2a: Latios|88/100|[from] Stealth Rock
|move|p1a: Gyarados|Dragon Dance|p1a: Gyarados
|-boost|p1a: Gyarados|atk|1
|-boost|p1a: Gyarados|spe|1
|
|-heal|p2a: Latios|94/100|[from] item: Leftovers
|upkeep
|turn|5
|
|t:|1759053949
|-terastallize|p1a: Gyarados|Ground
|move|p1a: Gyarados|Dragon Dance|p1a: Gyarados
|-boost|p1a: Gyarados|atk|1
|-boost|p1a: Gyarados|spe|1
|move|p2a: Latios|Calm Mind|p2a: Latios
|-boost|p2a: Latios|spa|1
|-boost|p2a: Latios|spd|1
|
|-heal|p2a: Latios|99/100|[from] item: Leftovers
|upkeep
|turn|6
|
|t:|1759053958
|-terastallize|p2a: Latios|Steel
|move|p1a: Gyarados|Ice Fang|p2a: Latios
|-resisted|p2a: Latios
|-damage|p2a: Latios|84/100
|move|p2a: Latios|Calm Mind|p2a: Latios
|-boost|p2a: Latios|spa|1
|-boost|p2a: Latios|spd|1
|
|-heal|p2a: Latios|90/100|[from] item: Leftovers
|upkeep
|turn|7
|
|t:|1759053967
|move|p1a: Gyarados|Waterfall|p2a: Latios
|-crit|p2a: Latios
|-damage|p2a: Latios|0 fnt
|faint|p2a: Latios
|
|upkeep
|-message|Qazxcdewsf forfeited.
|
|win|Scoobenvonduben
|raw|Scoobenvonduben's rating: 1379 &rarr; <strong>1405</strong><br />(+26 for winning)
|raw|Qazxcdewsf's rating: 1494 &rarr; <strong>1468</strong><br />(-26 for losing)
|l|☆Qazxcdewsf
|player|p2|
