|j|☆RedSquiggles
|j|☆wuppygirl
|t:|1758998371
|gametype|singles
|player|p1|RedSquiggles|102|1455
|player|p2|wuppygirl|waitress|1446
|gen|9
|tier|[Gen 9] OU
|rated|
|rule|HP Percentage Mod: HP is shown in percentages
|rule|Endless Battle Clause: Forcing endless battles is banned
|rule|Species Clause: Limit one of each Pokémon
|rule|OHKO Clause: OHKO moves are banned
|rule|Evasion Items Clause: Evasion items are banned
|rule|Evasion Moves Clause: Evasion moves are banned
|rule|Evasion Abilities Clause: Evasion abilities are banned
|rule|Sleep Moves Clause: Sleep-inducing moves are banned
|clearpoke
|poke|p1|Zoroark-Hisui, F|
|poke|p1|Corviknight, M|
|poke|p1|Meowscarada, M|
|poke|p1|Dragonite, F|
|poke|p1|Samurott-Hisui, M|
|poke|p1|Clefable, M|
|poke|p2|Ogerpon-Wellspring, F|
|poke|p2|Kingambit, M|
|poke|p2|Landorus-Therian, M|
|poke|p2|Glimmora, M|
|poke|p2|Dragapult, F|
|poke|p2|Iron Valiant|
|teampreview
|
|t:|1758998394
|teamsize|p1|6
|teamsize|p2|6
|start
|switch|p1a: Samurott|Samurott-Hisui, M|100/100
|switch|p2a: Dragapult|Dragapult, F|100/100
|turn|1
|
|t:|1758998400
|move|p1a: Samurott|Ceaseless Edge|p2a: Dragapult
|-supereffective|p2a: Dragapult
|-damage|p2a: Dragapult|0 fnt
|-sidestart|p2: wuppygirl|Spikes
|faint|p2a: Dragapult
|
|upkeep
|
|t:|1758998406
|switch|p2a: Glimmora|Glimmora, M|100/100
|-damage|p2a: Glimmora|88/100|[from] Spikes
|turn|2
|
|t:|1758998415
|move|p1a: Samurott|Ceaseless Edge|p2a: Glimmora
|-damage|p2a: Glimmora|35/100
|-activate|p2a: Glimmora|ability: Toxic Debris
|-sidestart|p1: RedSquiggles|move: Toxic Spikes
|-sidestart|p2: wuppygirl|Spikes
|move|p2a: Glimmora|Mortal Spin|p1a: Samurott
|-damage|p1a: Samurott|93/100
|-status|p1a: Samurott|psn
|-sideend|p2: wuppygirl|Spikes|[from] move: Mortal Spin|[of] p2a: Glimmora
|
|-damage|p1a: Samurott|81/100 psn|[from] psn
|upkeep
|turn|3
|
|t:|1758998427
|move|p1a: Samurott|Ceaseless Edge|p2a: Glimmora
|-damage|p2a: Glimmora|0 fnt
|-activate|p2a: Glimmora|ability: Toxic Debris
|-sidestart|p1: RedSquiggles|move: Toxic Spikes
|-sidestart|p2: wuppygirl|Spikes
|faint|p2a: Glimmora
|
|-damage|p1a: Samurott|68/100 psn|[from] psn
|upkeep
|
|t:|1758998431
|switch|p2a: Ogerpon|Ogerpon-Wellspring, F|100/100
|-damage|p2a: Ogerpon|88/100|[from] Spikes
|turn|4
|
|t:|1758998437
|switch|p1a: Corviknight|Corviknight, M|100/100
|-ability|p1a: Corviknight|Pressure
|move|p2a: Ogerpon|Horn Leech|p1a: Corviknight
|-resisted|p1a: Corviknight
|-damage|p1a: Corviknight|92/100
|-heal|p2a: Ogerpon|94/100|[from] drain|[of] p1a: Corviknight
|-damage|p2a: Ogerpon|78/100|[from] item: Rocky Helmet|[of] p1a: Corviknight
|
|upkeep
|turn|5
|
|t:|1758998443
|switch|p2a: Landorus|Landorus-Therian, M|100/100
|-ability|p2a: Landorus|Intimidate|boost
|-unboost|p1a: Corviknight|atk|1
|move|p1a: Corviknight|Defog|p2a: Landorus
|-unboost|p2a: Landorus|evasion|1
|-sideend|p2: wuppygirl|Spikes|[from] move: Defog|[of] p1a: Corviknight
|-sideend|p1: RedSquiggles|Toxic Spikes|[from] move: Defog|[of] p1a: Corviknight
|
|upkeep
|turn|6
|
|t:|1758998451
|move|p2a: Landorus|Stealth Rock|p1a: Corviknight
|-sidestart|p1: RedSquiggles|move: Stealth Rock
|move|p1a: Corviknight|U-turn|p2a: Landorus
|-resisted|p2a: Landorus
|-damage|p2a: Landorus|96/100
|-damage|p1a: Corviknight|75/100|[from] item: Rocky Helmet|[of] p2a: Landorus
|
|t:|1758998454
|switch|p1a: Samurott|Samurott-Hisui, M|68/100 psn|[from] U-turn
|-damage|p1a: Samurott|56/100 psn|[from] Stealth Rock
|
|-damage|p1a: Samurott|43/100 psn|[from] psn
|upkeep
|turn|7
|
|t:|1758998461
|move|p1a: Samurott|X-Scissor|p2a: Landorus
|-resisted|p2a: Landorus
|-damage|p2a: Landorus|76/100
|-damage|p1a: Samurott|27/100 psn|[from] item: Rocky Helmet|[of] p2a: Landorus
|move|p2a: Landorus|U-turn|p1a: Samurott
|-supereffective|p1a: Samurott
|-damage|p1a: Samurott|0 fnt
|faint|p1a: Samurott
|
|t:|1758998472
|switch|p2a: Ogerpon|Ogerpon-Wellspring, F|78/100|[from] U-turn
|
|upkeep
|
|t:|1758998476
|switch|p1a: Corviknight|Corviknight, M|75/100
|-damage|p1a: Corviknight|63/100|[from] Stealth Rock
|-ability|p1a: Corviknight|Pressure
|turn|8
|
|t:|1758998484
|move|p2a: Ogerpon|Ivy Cudgel|p1a: Corviknight|[anim] Ivy Cudgel Water
|-crit|p1a: Corviknight
|-damage|p1a: Corviknight|0 fnt
|faint|p1a: Corviknight
|
|upkeep
|
|t:|1758998491
|switch|p1a: Meowscarada|Meowscarada, M|100/100
|-damage|p1a: Meowscarada|88/100|[from] Stealth Rock
|turn|9
|
|t:|1758998505
|switch|p2a: Landorus|Landorus-Therian, M|76/100
|-ability|p2a: Landorus|Intimidate|boost
|-unboost|p1a: Meowscarada|atk|1
|move|p1a: Meowscarada|U-turn|p2a: Landorus
|-start|p1a: Meowscarada|typechange|Bug|[from] ability: Protean
|-resisted|p2a: Landorus
|-damage|p2a: Landorus|61/100
|-damage|p1a: Meowscarada|72/100|[from] item: Rocky Helmet|[of] p2a: Landorus
|
|t:|1758998515
|switch|p1a: Meowscarada|Meowscarada, M|100/100|[from] U-turn
|-damage|p1a: Meowscarada|88/100|[from] Stealth Rock
|
|upkeep
|turn|10
|
|t:|1758998537
|switch|p2a: Kingambit|Kingambit, M|100/100
|-activate|p2a: Kingambit|ability: Supreme Overlord
|-start|p2a: Kingambit|fallen2|[silent]
|move|p1a: Meowscarada|Bitter Malice|p2a: Kingambit
|-resisted|p2a: Kingambit
|-damage|p2a: Kingambit|80/100
|-unboost|p2a: Kingambit|atk|1
|
|-heal|p2a: Kingambit|87/100|[from] item: Leftovers
|upkeep
|turn|11
|
|t:|1758998558
|-terastallize|p1a: Meowscarada|Fighting
|move|p2a: Kingambit|Sucker Punch|p1a: Meowscarada
|-resisted|p1a: Meowscarada
|-damage|p1a: Meowscarada|50/100
|replace|p1a: Zoroark|Zoroark-Hisui, F
|-end|p1a: Zoroark|Illusion
|move|p1a: Zoroark|Tera Blast|p2a: Kingambit|[anim] Tera Blast Fighting
|-supereffective|p2a: Kingambit
|-damage|p2a: Kingambit|0 fnt
|faint|p2a: Kingambit
|-end|p2a: Kingambit|fallen2|[silent]
|
|upkeep
|
|t:|1758998567
|switch|p2a: Iron Valiant|Iron Valiant|100/100
|-enditem|p2a: Iron Valiant|Booster Energy
|-activate|p2a: Iron Valiant|ability: Quark Drive|[fromitem]
|-start|p2a: Iron Valiant|quarkdrivespe
|turn|12
|
|t:|1758998579
|move|p2a: Iron Valiant|Encore|p1a: Zoroark
|-start|p1a: Zoroark|Encore
|move|p1a: Zoroark|Tera Blast|p2a: Iron Valiant|[anim] Tera Blast Fighting
|-resisted|p2a: Iron Valiant
|-damage|p2a: Iron Valiant|63/100
|
|upkeep
|turn|13
|
|t:|1758998590
|switch|p1a: Dragonite|Dragonite, F|100/100
|move|p2a: Iron Valiant|Spirit Break|p1a: Dragonite
|-supereffective|p1a: Dragonite
|-damage|p1a: Dragonite|60/100
|-unboost|p1a: Dragonite|spa|1
|
|upkeep
|turn|14
|
|t:|1758998595
|move|p1a: Dragonite|Extreme Speed|p2a: Iron Valiant
|-damage|p2a: Iron Valiant|20/100
|move|p2a: Iron Valiant|Spirit Break|p1a: Dragonite
|-supereffective|p1a: Dragonite
|-damage|p1a: Dragonite|0 fnt
|faint|p1a: Dragonite
|
|upkeep
|
|t:|1758998600
|switch|p1a: Clefable|Clefable, M|100/100
|-damage|p1a: Clefable|88/100|[from] Stealth Rock
|turn|15
|
|t:|1758998656
|-end|p2a: Iron Valiant|Quark Drive|[silent]
|switch|p2a: Ogerpon|Ogerpon-Wellspring, F|78/100
|move|p1a: Clefable|Moonblast|p2a: Ogerpon
|-damage|p2a: Ogerpon|44/100
|
|-heal|p1a: Clefable|94/100|[from] item: Leftovers
|upkeep
|turn|16
|
|t:|1758998665
|move|p2a: Ogerpon|Ivy Cudgel|p1a: Clefable|[anim] Ivy Cudgel Water
|-damage|p1a: Clefable|50/100
|move|p1a: Clefable|Moonblast|p2a: Ogerpon
|-damage|p2a: Ogerpon|10/100
|
|-heal|p1a: Clefable|57/100|[from] item: Leftovers
|upkeep
|turn|17
|
|t:|1758998670
|move|p2a: Ogerpon|Ivy Cudgel|p1a: Clefable|[anim] Ivy Cudgel Water
|-damage|p1a: Clefable|14/100
|move|p1a: Clefable|Moonlight|p1a: Clefable
|-heal|p1a: Clefable|64/100
|
|-heal|p1a: Clefable|70/100|[from] item: Leftovers
|upkeep
|turn|18
|
|t:|1758998685
|move|p2a: Ogerpon|Ivy Cudgel|p1a: Clefable|[anim] Ivy Cudgel Water
|-crit|p1a: Clefable
|-damage|p1a: Clefable|2/100
|move|p1a: Clefable|Moonblast|p2a: Ogerpon
|-damage|p2a: Ogerpon|0 fnt
|faint|p2a: Ogerpon
|
|-heal|p1a: Clefable|8/100|[from] item: Leftovers
|upkeep
|
|t:|1758998695
|switch|p2a: Landorus|Landorus-Therian, M|61/100
|-ability|p2a: Landorus|Intimidate|boost
|-unboost|p1a: Clefable|atk|1
|turn|19
|c|☆RedSquiggles|gg
|
|t:|1758998728
|move|p2a: Landorus|U-turn|p1a: Clefable
|-resisted|p1a: Clefable
|-damage|p1a: Clefable|0 fnt
|faint|p1a: Clefable
|
|t:|1758998731
|switch|p2a: Iron Valiant|Iron Valiant|20/100|[from] U-turn
|
|upkeep
|
|t:|1758998736
|switch|p1a: Meowscarada|Meowscarada, M|72/100
|-damage|p1a: Meowscarada|60/100|[from] Stealth Rock
|turn|20
|
|t:|1758998758
|-end|p2a: Iron Valiant|Quark Drive|[silent]
|switch|p2a: Landorus|Landorus-Therian, M|61/100
|-ability|p2a: Landorus|Intimidate|boost
|-unboost|p1a: Meowscarada|atk|1
|move|p1a: Meowscarada|Flower Trick|p2a: Landorus
|-start|p1a: Meowscarada|typechange|Grass|[from] ability: Protean
|-crit|p2a: Landorus
|-damage|p2a: Landorus|0 fnt
|faint|p2a: Landorus
|
|upkeep
|
|t:|1758998769
|switch|p2a: Iron Valiant|Iron Valiant|20/100
|turn|21
|-message|wuppygirl forfeited.
|
|win|RedSquiggles
|raw|RedSquiggles's rating: 1455 &rarr; <strong>1474</strong><br />(+19 for winning)
|raw|wuppygirl's rating: 1446 &rarr; <strong>1427</strong><br />(-19 for losing)
|l|☆wuppygirl
|player|p2|
|l|☆RedSquiggles
|player|p1|
