|j|☆whynotbtt
|j|☆acespec23
|t:|1759027033
|gametype|singles
|player|p1|whynotbtt|artist|1254
|player|p2|acespec23|2|1278
|gen|9
|tier|[Gen 9] OU
|rated|
|rule|HP Percentage Mod: HP is shown in percentages
|rule|Endless Battle Clause: Forcing endless battles is banned
|rule|Species Clause: Limit one of each Pokémon
|rule|OHKO Clause: OHKO moves are banned
|rule|Evasion Items Clause: Evasion items are banned
|rule|Evasion Moves Clause: Evasion moves are banned
|rule|Evasion Abilities Clause: Evasion abilities are banned
|rule|Sleep Moves Clause: Sleep-inducing moves are banned
|clearpoke
|poke|p1|Toucannon, M|
|poke|p1|Dragonite, M|
|poke|p1|Zamazenta-*|
|poke|p1|Iron Treads|
|poke|p1|Zapdos|
|poke|p1|Articuno-Galar|
|poke|p2|Torkoal, M|
|poke|p2|Hatterene, F|
|poke|p2|Raging Bolt|
|poke|p2|Slither Wing|
|poke|p2|Venusaur, F|
|poke|p2|Walking Wake|
|teampreview
|inactive|Battle timer is ON: inactive players will automatically lose when time's up. (requested by acespec23)
|inactive|whynotbtt has 120 seconds left.
|inactive|whynotbtt has 90 seconds left.
|
|t:|1759027136
|teamsize|p1|6
|teamsize|p2|6
|start
|switch|p1a: Zapdos|Zapdos|100/100
|switch|p2a: Torkoal|Torkoal, M|100/100
|-weather|SunnyDay|[from] ability: Drought|[of] p2a: Torkoal
|turn|1
|
|t:|1759027144
|move|p1a: Zapdos|Volt Switch|p2a: Torkoal
|-damage|p2a: Torkoal|37/100
|
|t:|1759027150
|switch|p1a: Iron Treads|Iron Treads|100/100|[from] Volt Switch
|-item|p1a: Iron Treads|Air Balloon
|move|p2a: Torkoal|Stealth Rock|p1a: Iron Treads
|-sidestart|p1: whynotbtt|move: Stealth Rock
|
|-weather|SunnyDay|[upkeep]
|upkeep
|turn|2
|
|t:|1759027179
|switch|p2a: Walking Wake|Walking Wake|100/100
|-activate|p2a: Walking Wake|ability: Protosynthesis
|-start|p2a: Walking Wake|protosynthesisspe
|move|p1a: Iron Treads|Earthquake|p2a: Walking Wake
|-damage|p2a: Walking Wake|50/100
|
|-weather|SunnyDay|[upkeep]
|upkeep
|turn|3
|inactive|acespec23 has 120 seconds left.
|inactive|whynotbtt has 120 seconds left.
|
|t:|1759027236
|move|p2a: Walking Wake|Hydro Steam|p1a: Iron Treads
|-supereffective|p1a: Iron Treads
|-damage|p1a: Iron Treads|0 fnt
|-enditem|p1a: Iron Treads|Air Balloon
|faint|p1a: Iron Treads
|-end|p1a: Iron Treads|Quark Drive|[silent]
|
|-weather|SunnyDay|[upkeep]
|upkeep
|
|t:|1759027240
|switch|p1a: Zapdos|Zapdos|100/100
|-damage|p1a: Zapdos|76/100|[from] Stealth Rock
|turn|4
|
|t:|1759027266
|-terastallize|p1a: Zapdos|Steel
|move|p2a: Walking Wake|Flip Turn|p1a: Zapdos
|-damage|p1a: Zapdos|65/100
|-status|p2a: Walking Wake|par|[from] ability: Static|[of] p1a: Zapdos
|inactive|acespec23 has 90 seconds left.
|
|t:|1759027277
|-end|p2a: Walking Wake|Protosynthesis|[silent]
|switch|p2a: Raging Bolt|Raging Bolt|100/100|[from] Flip Turn
|-activate|p2a: Raging Bolt|ability: Protosynthesis
|-start|p2a: Raging Bolt|protosynthesisspa
|move|p1a: Zapdos|Volt Switch|p2a: Raging Bolt
|-resisted|p2a: Raging Bolt
|-damage|p2a: Raging Bolt|87/100
|
|t:|1759027307
|switch|p1a: Dragonite|Dragonite, M|100/100|[from] Volt Switch
|-damage|p1a: Dragonite|76/100|[from] Stealth Rock
|
|-weather|SunnyDay|[upkeep]
|upkeep
|turn|5
|
|t:|1759027317
|move|p1a: Dragonite|Scale Shot|p2a: Raging Bolt
|-supereffective|p2a: Raging Bolt
|-damage|p2a: Raging Bolt|58/100
|-supereffective|p2a: Raging Bolt
|-damage|p2a: Raging Bolt|31/100
|-supereffective|p2a: Raging Bolt
|-damage|p2a: Raging Bolt|6/100
|-supereffective|p2a: Raging Bolt
|-damage|p2a: Raging Bolt|0 fnt
|faint|p2a: Raging Bolt
|-end|p2a: Raging Bolt|Protosynthesis|[silent]
|-hitcount|p2: Raging Bolt|4
|-unboost|p1a: Dragonite|def|1
|-boost|p1a: Dragonite|spe|1
|
|-weather|SunnyDay|[upkeep]
|upkeep
|inactive|acespec23 has 90 seconds left.
|
|t:|1759027339
|switch|p2a: Hatterene|Hatterene, F|100/100
|-item|p2a: Hatterene|Air Balloon
|turn|6
|inactive|acespec23 has 90 seconds left.
|
|t:|1759027349
|move|p1a: Dragonite|Dragon Dance|p1a: Dragonite
|-boost|p1a: Dragonite|atk|1
|-boost|p1a: Dragonite|spe|1
|move|p2a: Hatterene|Dazzling Gleam|p1a: Dragonite
|-supereffective|p1a: Dragonite
|-damage|p1a: Dragonite|1/100
|
|-weather|SunnyDay|[upkeep]
|upkeep
|turn|7
|inactive|acespec23 has 90 seconds left.
|
|t:|1759027365
|-terastallize|p2a: Hatterene|Ghost
|move|p1a: Dragonite|Fire Punch|p2a: Hatterene
|-damage|p2a: Hatterene|46/100
|-enditem|p2a: Hatterene|Air Balloon
|move|p2a: Hatterene|Psychic Noise|p1a: Dragonite
|-damage|p1a: Dragonite|0 fnt
|faint|p1a: Dragonite
|
|-weather|SunnyDay|[upkeep]
|upkeep
|
|t:|1759027371
|switch|p1a: Articuno|Articuno-Galar|100/100
|-damage|p1a: Articuno|76/100|[from] Stealth Rock
|turn|8
|inactive|whynotbtt has 120 seconds left.
|inactive|acespec23 has 90 seconds left.
|
|t:|1759027382
|move|p2a: Hatterene|Healing Wish|p2a: Hatterene
|faint|p2a: Hatterene
|move|p1a: Articuno|Trick Room|p1a: Articuno
|-fieldstart|move: Trick Room|[of] p1a: Articuno
|
|-weather|none
|upkeep
|inactive|acespec23 has 90 seconds left.
|
|t:|1759027407
|switch|p2a: Walking Wake|Walking Wake|50/100 par
|-heal|p2a: Walking Wake|100/100|[from] move: Healing Wish
|turn|9
|inactive|whynotbtt has 120 seconds left.
|
|t:|1759027423
|move|p1a: Articuno|Hurricane|p2a: Walking Wake
|-damage|p2a: Walking Wake|33/100
|-start|p2a: Walking Wake|confusion
|-activate|p2a: Walking Wake|confusion
|move|p2a: Walking Wake|Flip Turn|p1a: Articuno
|-damage|p1a: Articuno|59/100
|
|t:|1759027432
|-end|p2a: Walking Wake|Protosynthesis|[silent]
|switch|p2a: Torkoal|Torkoal, M|37/100|[from] Flip Turn
|-weather|SunnyDay|[from] ability: Drought|[of] p2a: Torkoal
|
|-weather|SunnyDay|[upkeep]
|upkeep
|turn|10
|
|t:|1759027447
|move|p2a: Torkoal|Overheat|p1a: Articuno
|-damage|p1a: Articuno|0 fnt
|-unboost|p2a: Torkoal|spa|2
|faint|p1a: Articuno
|
|-weather|SunnyDay|[upkeep]
|upkeep
|
|t:|1759027455
|switch|p1a: Zapdos|Zapdos, tera:Steel|65/100
|-damage|p1a: Zapdos|59/100|[from] Stealth Rock
|turn|11
|-message|whynotbtt forfeited.
|
|win|acespec23
|raw|whynotbtt's rating: 1254 &rarr; <strong>1231</strong><br />(-23 for losing)
|raw|acespec23's rating: 1278 &rarr; <strong>1301</strong><br />(+23 for winning)
|l|☆whynotbtt
|player|p1|
|l|☆acespec23
|player|p2|
