|j|☆meganub123
|j|☆satasfactor
|t:|1758920421
|gametype|singles
|player|p1|meganub123|roark|1262
|player|p2|satasfactor|lacey|1259
|gen|9
|tier|[Gen 9] OU
|rated|
|rule|HP Percentage Mod: HP is shown in percentages
|rule|Endless Battle Clause: Forcing endless battles is banned
|rule|Species Clause: Limit one of each Pokémon
|rule|OHKO Clause: OHKO moves are banned
|rule|Evasion Items Clause: Evasion items are banned
|rule|Evasion Moves Clause: Evasion moves are banned
|rule|Evasion Abilities Clause: Evasion abilities are banned
|rule|Sleep Moves Clause: Sleep-inducing moves are banned
|clearpoke
|poke|p1|Slither Wing|
|poke|p1|Great Tusk|
|poke|p1|Trevenant, F|
|poke|p1|Torkoal, M|
|poke|p1|Walking Wake|
|poke|p1|Ninetales, M|
|poke|p2|Dragonite, M|
|poke|p2|Ceruledge, F|
|poke|p2|Primarina, F|
|poke|p2|Great Tusk|
|poke|p2|Glimmora, M|
|poke|p2|Serperior, F|
|teampreview
|
|t:|1758920439
|teamsize|p1|6
|teamsize|p2|6
|start
|switch|p1a: Ninetales|Ninetales, M|100/100
|switch|p2a: Glimmora|Glimmora, M, shiny|100/100
|-weather|SunnyDay|[from] ability: Drought|[of] p1a: Ninetales
|turn|1
|
|t:|1758920451
|switch|p1a: Walking Wake|Walking Wake|100/100
|-activate|p1a: Walking Wake|ability: Protosynthesis
|-start|p1a: Walking Wake|protosynthesisspa
|move|p2a: Glimmora|Spikes|p1a: Walking Wake
|-sidestart|p1: meganub123|Spikes
|
|-weather|SunnyDay|[upkeep]
|upkeep
|turn|2
|
|t:|1758920461
|switch|p2a: Primarina|Primarina, F|100/100
|move|p1a: Walking Wake|Hydro Steam|p2a: Primarina
|-resisted|p2a: Primarina
|-damage|p2a: Primarina|79/100
|
|-weather|SunnyDay|[upkeep]
|upkeep
|turn|3
|
|t:|1758920472
|move|p1a: Walking Wake|Flip Turn|p2a: Primarina
|-resisted|p2a: Primarina
|-damage|p2a: Primarina|74/100
|
|t:|1758920479
|-end|p1a: Walking Wake|Protosynthesis|[silent]
|switch|p1a: Torkoal|Torkoal, M|100/100|[from] Flip Turn
|-damage|p1a: Torkoal|88/100|[from] Spikes
|move|p2a: Primarina|Moonblast|p1a: Torkoal
|-resisted|p1a: Torkoal
|-damage|p1a: Torkoal|62/100
|-unboost|p1a: Torkoal|spa|1
|
|-weather|SunnyDay|[upkeep]
|upkeep
|turn|4
|
|t:|1758920492
|move|p2a: Primarina|Surf|p1a: Torkoal
|-supereffective|p1a: Torkoal
|-damage|p1a: Torkoal|17/100
|move|p1a: Torkoal|Solar Beam||[still]
|-prepare|p1a: Torkoal|Solar Beam
|-anim|p1a: Torkoal|Solar Beam|p2a: Primarina
|-supereffective|p2a: Primarina
|-damage|p2a: Primarina|56/100
|
|-weather|SunnyDay|[upkeep]
|upkeep
|turn|5
|
|t:|1758920498
|move|p2a: Primarina|Surf|p1a: Torkoal
|-supereffective|p1a: Torkoal
|-damage|p1a: Torkoal|0 fnt
|faint|p1a: Torkoal
|
|-weather|SunnyDay|[upkeep]
|upkeep
|
|t:|1758920503
|switch|p1a: Great Tusk|Great Tusk|100/100
|-activate|p1a: Great Tusk|ability: Protosynthesis
|-start|p1a: Great Tusk|protosynthesisatk
|turn|6
|
|t:|1758920515
|move|p1a: Great Tusk|Supercell Slam|p2a: Primarina
|-supereffective|p2a: Primarina
|-damage|p2a: Primarina|0 fnt
|faint|p2a: Primarina
|
|-weather|SunnyDay|[upkeep]
|upkeep
|
|t:|1758920525
|switch|p2a: Serperior|Serperior, F|100/100
|turn|7
|
|t:|1758920533
|-end|p1a: Great Tusk|Protosynthesis|[silent]
|switch|p1a: Trevenant|Trevenant, F|100/100
|-damage|p1a: Trevenant|88/100|[from] Spikes
|move|p2a: Serperior|Leaf Storm|p1a: Trevenant
|-resisted|p1a: Trevenant
|-damage|p1a: Trevenant|64/100
|-boost|p2a: Serperior|spa|2
|
|-weather|SunnyDay|[upkeep]
|upkeep
|turn|8
|
|t:|1758920545
|move|p2a: Serperior|Glare|p1a: Trevenant
|-status|p1a: Trevenant|par
|move|p1a: Trevenant|Will-O-Wisp|p2a: Serperior
|-status|p2a: Serperior|brn
|
|-weather|none
|-damage|p2a: Serperior|94/100 brn|[from] brn
|upkeep
|turn|9
|
|t:|1758920550
|move|p2a: Serperior|Dragon Pulse|p1a: Trevenant
|-damage|p1a: Trevenant|22/100 par
|-enditem|p1a: Trevenant|Sitrus Berry|[eat]
|-heal|p1a: Trevenant|47/100 par|[from] item: Sitrus Berry
|move|p1a: Trevenant|Knock Off|p2a: Serperior
|-damage|p2a: Serperior|64/100 brn
|-enditem|p2a: Serperior|Leftovers|[from] move: Knock Off|[of] p1a: Trevenant
|
|-damage|p2a: Serperior|58/100 brn|[from] brn
|-item|p1a: Trevenant|Sitrus Berry|[from] ability: Harvest
|upkeep
|-enditem|p1a: Trevenant|Sitrus Berry|[eat]
|-heal|p1a: Trevenant|72/100 par|[from] item: Sitrus Berry
|turn|10
|
|t:|1758920561
|move|p2a: Serperior|Dragon Pulse|p1a: Trevenant
|-damage|p1a: Trevenant|32/100 par
|move|p1a: Trevenant|Knock Off|p2a: Serperior
|-damage|p2a: Serperior|38/100 brn
|
|-damage|p2a: Serperior|32/100 brn|[from] brn
|-item|p1a: Trevenant|Sitrus Berry|[from] ability: Harvest
|upkeep
|-enditem|p1a: Trevenant|Sitrus Berry|[eat]
|-heal|p1a: Trevenant|57/100 par|[from] item: Sitrus Berry
|turn|11
|
|t:|1758920570
|move|p2a: Serperior|Leaf Storm|p1a: Trevenant
|-resisted|p1a: Trevenant
|-damage|p1a: Trevenant|12/100 par
|-boost|p2a: Serperior|spa|2
|move|p1a: Trevenant|Growth|p1a: Trevenant
|-boost|p1a: Trevenant|atk|1
|-boost|p1a: Trevenant|spa|1
|
|-damage|p2a: Serperior|26/100 brn|[from] brn
|-item|p1a: Trevenant|Sitrus Berry|[from] ability: Harvest
|upkeep
|-enditem|p1a: Trevenant|Sitrus Berry|[eat]
|-heal|p1a: Trevenant|37/100 par|[from] item: Sitrus Berry
|turn|12
|
|t:|1758920582
|move|p2a: Serperior|Leaf Storm|p1a: Trevenant
|-resisted|p1a: Trevenant
|-damage|p1a: Trevenant|0 fnt
|-boost|p2a: Serperior|spa|2
|faint|p1a: Trevenant
|
|-damage|p2a: Serperior|19/100 brn|[from] brn
|upkeep
|
|t:|1758920593
|switch|p1a: Slither Wing|Slither Wing|100/100
|-damage|p1a: Slither Wing|88/100|[from] Spikes
|turn|13
|
|t:|1758920606
|move|p1a: Slither Wing|First Impression|p2a: Serperior
|-supereffective|p2a: Serperior
|-damage|p2a: Serperior|0 fnt
|faint|p2a: Serperior
|
|upkeep
|
|t:|1758920614
|switch|p2a: Ceruledge|Ceruledge, F|100/100
|turn|14
|
|t:|1758920618
|-end|p1a: Slither Wing|Protosynthesis|[silent]
|switch|p1a: Great Tusk|Great Tusk|100/100
|move|p2a: Ceruledge|Swords Dance|p2a: Ceruledge
|-boost|p2a: Ceruledge|atk|2
|
|upkeep
|turn|15
|
|t:|1758920625
|move|p1a: Great Tusk|Headlong Rush|p2a: Ceruledge
|-supereffective|p2a: Ceruledge
|-enditem|p2a: Ceruledge|Focus Sash
|-damage|p2a: Ceruledge|1/100
|-unboost|p1a: Great Tusk|def|1
|-unboost|p1a: Great Tusk|spd|1
|-ability|p2a: Ceruledge|Weak Armor|boost
|-unboost|p2a: Ceruledge|def|1
|-boost|p2a: Ceruledge|spe|2
|move|p2a: Ceruledge|Swords Dance|p2a: Ceruledge
|-boost|p2a: Ceruledge|atk|2
|
|upkeep
|turn|16
|
|t:|1758920635
|move|p2a: Ceruledge|Poltergeist|p1a: Great Tusk
|-activate|p1a: Great Tusk|move: Poltergeist|Heavy-Duty Boots
|-damage|p1a: Great Tusk|0 fnt
|faint|p1a: Great Tusk
|-end|p1a: Great Tusk|Protosynthesis|[silent]
|
|upkeep
|
|t:|1758920638
|switch|p1a: Slither Wing|Slither Wing|88/100
|-damage|p1a: Slither Wing|76/100|[from] Spikes
|turn|17
|
|t:|1758920641
|move|p1a: Slither Wing|First Impression|p2a: Ceruledge
|-resisted|p2a: Ceruledge
|-damage|p2a: Ceruledge|0 fnt
|faint|p2a: Ceruledge
|
|upkeep
|
|t:|1758920648
|switch|p2a: Glimmora|Glimmora, M, shiny|100/100
|turn|18
|
|t:|1758920652
|-end|p1a: Slither Wing|Protosynthesis|[silent]
|switch|p1a: Ninetales|Ninetales, M|100/100
|-damage|p1a: Ninetales|88/100|[from] Spikes
|-weather|SunnyDay|[from] ability: Drought|[of] p1a: Ninetales
|move|p2a: Glimmora|Mortal Spin|p1a: Ninetales
|-damage|p1a: Ninetales|80/100
|-status|p1a: Ninetales|psn
|
|-weather|SunnyDay|[upkeep]
|-damage|p1a: Ninetales|67/100 psn|[from] psn
|upkeep
|turn|19
|
|t:|1758920664
|move|p1a: Ninetales|Solar Beam||[still]
|-prepare|p1a: Ninetales|Solar Beam
|-anim|p1a: Ninetales|Solar Beam|p2a: Glimmora
|-damage|p2a: Glimmora|58/100
|move|p2a: Glimmora|Power Gem|p1a: Ninetales
|-supereffective|p1a: Ninetales
|-damage|p1a: Ninetales|0 fnt
|faint|p1a: Ninetales
|
|-weather|SunnyDay|[upkeep]
|upkeep
|
|t:|1758920670
|switch|p1a: Walking Wake|Walking Wake|100/100
|-damage|p1a: Walking Wake|88/100|[from] Spikes
|-activate|p1a: Walking Wake|ability: Protosynthesis
|-start|p1a: Walking Wake|protosynthesisspa
|turn|20
|
|t:|1758920677
|move|p1a: Walking Wake|Hydro Steam|p2a: Glimmora
|-supereffective|p2a: Glimmora
|-damage|p2a: Glimmora|0 fnt
|faint|p2a: Glimmora
|
|-weather|SunnyDay|[upkeep]
|upkeep
|
|t:|1758920682
|switch|p2a: Dragonite|Dragonite, M|100/100
|turn|21
|
|t:|1758920697
|-terastallize|p1a: Walking Wake|Steel
|move|p1a: Walking Wake|Hydro Steam|p2a: Dragonite
|-resisted|p2a: Dragonite
|-damage|p2a: Dragonite|81/100
|move|p2a: Dragonite|Dragon Dance|p2a: Dragonite
|-boost|p2a: Dragonite|atk|1
|-boost|p2a: Dragonite|spe|1
|
|-weather|SunnyDay|[upkeep]
|upkeep
|turn|22
|
|t:|1758920710
|-terastallize|p2a: Dragonite|Normal
|move|p2a: Dragonite|Waterfall|p1a: Walking Wake
|-damage|p1a: Walking Wake|64/100
|move|p1a: Walking Wake|Dragon Pulse|p2a: Dragonite
|-damage|p2a: Dragonite|22/100
|
|-weather|SunnyDay|[upkeep]
|upkeep
|turn|23
|
|t:|1758920717
|move|p2a: Dragonite|Waterfall|p1a: Walking Wake
|-damage|p1a: Walking Wake|38/100
|move|p1a: Walking Wake|Hydro Steam|p2a: Dragonite
|-damage|p2a: Dragonite|0 fnt
|faint|p2a: Dragonite
|
|-weather|SunnyDay|[upkeep]
|upkeep
|
|t:|1758920721
|switch|p2a: Great Tusk|Great Tusk|100/100
|-activate|p2a: Great Tusk|ability: Protosynthesis
|-start|p2a: Great Tusk|protosynthesisspe
|turn|24
|
|t:|1758920726
|move|p2a: Great Tusk|Headlong Rush|p1a: Walking Wake
|-supereffective|p1a: Walking Wake
|-damage|p1a: Walking Wake|0 fnt
|-unboost|p2a: Great Tusk|def|1
|-unboost|p2a: Great Tusk|spd|1
|faint|p1a: Walking Wake
|-end|p1a: Walking Wake|Protosynthesis|[silent]
|
|-weather|SunnyDay|[upkeep]
|upkeep
|
|t:|1758920733
|switch|p1a: Slither Wing|Slither Wing|76/100
|-damage|p1a: Slither Wing|64/100|[from] Spikes
|-activate|p1a: Slither Wing|ability: Protosynthesis
|-start|p1a: Slither Wing|protosynthesisatk
|turn|25
|
|t:|1758920749
|move|p2a: Great Tusk|Ice Spinner|p1a: Slither Wing
|-damage|p1a: Slither Wing|33/100
|move|p1a: Slither Wing|Close Combat|p2a: Great Tusk
|-damage|p2a: Great Tusk|0 fnt
|-unboost|p1a: Slither Wing|def|1
|-unboost|p1a: Slither Wing|spd|1
|-damage|p1a: Slither Wing|16/100|[from] item: Rocky Helmet|[of] p2a: Great Tusk
|faint|p2a: Great Tusk
|-end|p2a: Great Tusk|Protosynthesis|[silent]
|
|win|meganub123
|raw|meganub123's rating: 1262 &rarr; <strong>1287</strong><br />(+25 for winning)
|raw|satasfactor's rating: 1259 &rarr; <strong>1234</strong><br />(-25 for losing)
|l|☆satasfactor
|player|p2|
|l|☆meganub123
|player|p1|
