|j|☆LousiV
|j|☆ggzbroski
|t:|1759015052
|gametype|singles
|player|p1|LousiV|266|1191
|player|p2|ggzbroski|1|1186
|gen|9
|tier|[Gen 9] OU
|rated|
|rule|HP Percentage Mod: HP is shown in percentages
|rule|Endless Battle Clause: Forcing endless battles is banned
|rule|Species Clause: Limit one of each Pokémon
|rule|OHKO Clause: OHKO moves are banned
|rule|Evasion Items Clause: Evasion items are banned
|rule|Evasion Moves Clause: Evasion moves are banned
|rule|Evasion Abilities Clause: Evasion abilities are banned
|rule|Sleep Moves Clause: Sleep-inducing moves are banned
|clearpoke
|poke|p1|Reuniclus, M|
|poke|p1|Conkeldurr, F|
|poke|p1|Thundurus, M|
|poke|p1|Dusknoir, M|
|poke|p1|Forretress, M|
|poke|p1|Azumarill, F|
|poke|p2|Darkrai|
|poke|p2|Raging Bolt|
|poke|p2|Great Tusk|
|poke|p2|Heatran, F|
|poke|p2|Dragapult, F|
|poke|p2|Scizor, M|
|teampreview
|inactive|Battle timer is ON: inactive players will automatically lose when time's up. (requested by LousiV)
|inactive|ggzbroski has 120 seconds left.
|inactive|ggzbroski has 90 seconds left.
|
|t:|1759015122
|teamsize|p1|6
|teamsize|p2|6
|start
|switch|p1a: Dusknoir|Dusknoir, M|100/100
|switch|p2a: Dragapult|Dragapult, F|100/100
|-ability|p1a: Dusknoir|Pressure
|turn|1
|
|t:|1759015150
|-terastallize|p2a: Dragapult|Ghost
|move|p2a: Dragapult|Shadow Ball|p1a: Dusknoir
|-supereffective|p1a: Dusknoir
|-damage|p1a: Dusknoir|9/100
|move|p1a: Dusknoir|Trick Room|p1a: Dusknoir
|-fieldstart|move: Trick Room|[of] p1a: Dusknoir
|
|-heal|p1a: Dusknoir|15/100|[from] item: Leftovers
|upkeep
|turn|2
|
|t:|1759015158
|switch|p2a: Scizor|Scizor, M|100/100
|move|p1a: Dusknoir|Poltergeist|p2a: Scizor|[miss]
|-miss|p1a: Dusknoir|p2a: Scizor
|
|-heal|p1a: Dusknoir|22/100|[from] item: Leftovers
|upkeep
|turn|3
|
|t:|1759015161
|move|p2a: Scizor|Bullet Punch|p1a: Dusknoir
|-damage|p1a: Dusknoir|0 fnt
|faint|p1a: Dusknoir
|
|upkeep
|
|t:|1759015165
|switch|p1a: Azumarill|Azumarill, F|100/100
|turn|4
|
|t:|1759015167
|move|p2a: Scizor|Bullet Punch|p1a: Azumarill
|-damage|p1a: Azumarill|48/100
|move|p1a: Azumarill|Liquidation|p2a: Scizor
|-damage|p2a: Scizor|23/100
|
|upkeep
|turn|5
|
|t:|1759015171
|switch|p1a: Forretress|Forretress, M|100/100
|move|p2a: Scizor|Bullet Punch|p1a: Forretress
|-resisted|p1a: Forretress
|-damage|p1a: Forretress|88/100
|
|-heal|p1a: Forretress|94/100|[from] item: Leftovers
|-fieldend|move: Trick Room
|upkeep
|turn|6
|
|t:|1759015174
|move|p2a: Scizor|Bullet Punch|p1a: Forretress
|-resisted|p1a: Forretress
|-damage|p1a: Forretress|80/100
|move|p1a: Forretress|Stealth Rock|p2a: Scizor
|-sidestart|p2: ggzbroski|move: Stealth Rock
|
|-heal|p1a: Forretress|86/100|[from] item: Leftovers
|upkeep
|turn|7
|
|t:|1759015177
|move|p2a: Scizor|Bullet Punch|p1a: Forretress
|-resisted|p1a: Forretress
|-damage|p1a: Forretress|74/100
|move|p1a: Forretress|Body Press|p2a: Scizor
|-damage|p2a: Scizor|0 fnt
|faint|p2a: Scizor
|
|-heal|p1a: Forretress|80/100|[from] item: Leftovers
|upkeep
|
|t:|1759015182
|switch|p2a: Great Tusk|Great Tusk|100/100
|-damage|p2a: Great Tusk|98/100|[from] Stealth Rock
|turn|8
|
|t:|1759015185
|move|p2a: Great Tusk|Stealth Rock|p1a: Forretress
|-sidestart|p1: LousiV|move: Stealth Rock
|move|p1a: Forretress|Body Press|p2a: Great Tusk
|-damage|p2a: Great Tusk|83/100
|
|-heal|p2a: Great Tusk|89/100|[from] item: Leftovers
|-heal|p1a: Forretress|86/100|[from] item: Leftovers
|upkeep
|turn|9
|
|t:|1759015186
|move|p2a: Great Tusk|Rapid Spin|p1a: Forretress
|-resisted|p1a: Forretress
|-damage|p1a: Forretress|82/100
|-boost|p2a: Great Tusk|spe|1
|-sideend|p2: ggzbroski|Stealth Rock|[from] move: Rapid Spin|[of] p2a: Great Tusk
|move|p1a: Forretress|Rapid Spin|p2a: Great Tusk
|-damage|p2a: Great Tusk|84/100
|-boost|p1a: Forretress|spe|1
|-sideend|p1: LousiV|Stealth Rock|[from] move: Rapid Spin|[of] p1a: Forretress
|
|-heal|p2a: Great Tusk|90/100|[from] item: Leftovers
|-heal|p1a: Forretress|88/100|[from] item: Leftovers
|upkeep
|turn|10
|
|t:|1759015189
|move|p2a: Great Tusk|Knock Off|p1a: Forretress
|-damage|p1a: Forretress|71/100
|-enditem|p1a: Forretress|Leftovers|[from] move: Knock Off|[of] p2a: Great Tusk
|move|p1a: Forretress|Stealth Rock|p2a: Great Tusk
|-sidestart|p2: ggzbroski|move: Stealth Rock
|
|-heal|p2a: Great Tusk|96/100|[from] item: Leftovers
|upkeep
|turn|11
|
|t:|1759015195
|move|p2a: Great Tusk|Earthquake|p1a: Forretress
|-damage|p1a: Forretress|46/100
|move|p1a: Forretress|Body Press|p2a: Great Tusk
|-damage|p2a: Great Tusk|81/100
|
|-heal|p2a: Great Tusk|87/100|[from] item: Leftovers
|upkeep
|turn|12
|
|t:|1759015199
|switch|p1a: Thundurus|Thundurus, M|100/100
|move|p2a: Great Tusk|Earthquake|p1a: Thundurus
|-immune|p1a: Thundurus
|
|-heal|p2a: Great Tusk|93/100|[from] item: Leftovers
|upkeep
|turn|13
|
|t:|1759015203
|move|p1a: Thundurus|Substitute|p1a: Thundurus
|-start|p1a: Thundurus|Substitute
|-damage|p1a: Thundurus|76/100
|move|p2a: Great Tusk|Rapid Spin|p1a: Thundurus
|-activate|p1a: Thundurus|move: Substitute|[damage]
|-sideend|p2: ggzbroski|Stealth Rock|[from] move: Rapid Spin|[of] p2a: Great Tusk
|-boost|p2a: Great Tusk|spe|1
|
|-heal|p2a: Great Tusk|99/100|[from] item: Leftovers
|upkeep
|turn|14
|
|t:|1759015205
|move|p2a: Great Tusk|Knock Off|p1a: Thundurus
|-end|p1a: Thundurus|Substitute
|move|p1a: Thundurus|Flash Cannon|p2a: Great Tusk
|-damage|p2a: Great Tusk|67/100
|
|-heal|p2a: Great Tusk|73/100|[from] item: Leftovers
|upkeep
|turn|15
|
|t:|1759015208
|move|p2a: Great Tusk|Knock Off|p1a: Thundurus
|-damage|p1a: Thundurus|26/100
|-enditem|p1a: Thundurus|Heavy-Duty Boots|[from] move: Knock Off|[of] p2a: Great Tusk
|move|p1a: Thundurus|Flash Cannon|p2a: Great Tusk
|-damage|p2a: Great Tusk|39/100
|
|-heal|p2a: Great Tusk|45/100|[from] item: Leftovers
|upkeep
|turn|16
|
|t:|1759015212
|move|p1a: Thundurus|Substitute|p1a: Thundurus
|-start|p1a: Thundurus|Substitute
|-damage|p1a: Thundurus|2/100
|move|p2a: Great Tusk|Knock Off|p1a: Thundurus
|-end|p1a: Thundurus|Substitute
|
|-heal|p2a: Great Tusk|52/100|[from] item: Leftovers
|upkeep
|turn|17
|
|t:|1759015215
|move|p2a: Great Tusk|Rapid Spin|p1a: Thundurus
|-crit|p1a: Thundurus
|-damage|p1a: Thundurus|0 fnt
|-boost|p2a: Great Tusk|spe|1
|faint|p1a: Thundurus
|
|-heal|p2a: Great Tusk|58/100|[from] item: Leftovers
|upkeep
|
|t:|1759015219
|switch|p1a: Reuniclus|Reuniclus, M|100/100
|turn|18
|
|t:|1759015222
|move|p2a: Great Tusk|Knock Off|p1a: Reuniclus
|-supereffective|p1a: Reuniclus
|-damage|p1a: Reuniclus|40/100
|-enditem|p1a: Reuniclus|Life Orb|[from] move: Knock Off|[of] p2a: Great Tusk
|move|p1a: Reuniclus|Trick Room|p1a: Reuniclus
|-fieldstart|move: Trick Room|[of] p1a: Reuniclus
|
|-heal|p2a: Great Tusk|64/100|[from] item: Leftovers
|upkeep
|turn|19
|
|t:|1759015231
|move|p1a: Reuniclus|Psychic Noise|p2a: Great Tusk
|-supereffective|p2a: Great Tusk
|-damage|p2a: Great Tusk|0 fnt
|faint|p2a: Great Tusk
|-end|p2a: Great Tusk|Protosynthesis|[silent]
|
|upkeep
|
|t:|1759015248
|switch|p2a: Raging Bolt|Raging Bolt|100/100
|-enditem|p2a: Raging Bolt|Booster Energy
|-activate|p2a: Raging Bolt|ability: Protosynthesis|[fromitem]
|-start|p2a: Raging Bolt|protosynthesisspa
|turn|20
|
|t:|1759015253
|move|p1a: Reuniclus|Recover|p1a: Reuniclus
|-heal|p1a: Reuniclus|90/100
|move|p2a: Raging Bolt|Calm Mind|p2a: Raging Bolt
|-boost|p2a: Raging Bolt|spa|1
|-boost|p2a: Raging Bolt|spd|1
|
|upkeep
|turn|21
|
|t:|1759015260
|switch|p1a: Azumarill|Azumarill, F|48/100
|move|p2a: Raging Bolt|Calm Mind|p2a: Raging Bolt
|-boost|p2a: Raging Bolt|spa|1
|-boost|p2a: Raging Bolt|spd|1
|
|upkeep
|turn|22
|
|t:|1759015265
|move|p2a: Raging Bolt|Thunderclap|p1a: Azumarill
|-supereffective|p1a: Azumarill
|-damage|p1a: Azumarill|0 fnt
|faint|p1a: Azumarill
|
|-fieldend|move: Trick Room
|upkeep
|
|t:|1759015267
|switch|p1a: Conkeldurr|Conkeldurr, F|100/100
|turn|23
|
|t:|1759015270
|move|p2a: Raging Bolt|Discharge|p1a: Conkeldurr
|-damage|p1a: Conkeldurr|0 fnt
|faint|p1a: Conkeldurr
|
|upkeep
|c|☆ggzbroski|gg
|-message|LousiV forfeited.
|
|win|ggzbroski
|raw|LousiV's rating: 1191 &rarr; <strong>1166</strong><br />(-25 for losing)
|raw|ggzbroski's rating: 1186 &rarr; <strong>1211</strong><br />(+25 for winning)
|l|☆LousiV
|player|p1|
|l|☆ggzbroski
|player|p2|
