|j|☆kingCR0C
|j|☆Psycho16
|t:|1759072659
|gametype|singles
|player|p1|kingCR0C|101|1301
|player|p2|Psycho16|petrel|1259
|gen|9
|tier|[Gen 9] OU
|rated|
|rule|HP Percentage Mod: HP is shown in percentages
|rule|Endless Battle Clause: Forcing endless battles is banned
|rule|Species Clause: Limit one of each Pokémon
|rule|OHKO Clause: OHKO moves are banned
|rule|Evasion Items Clause: Evasion items are banned
|rule|Evasion Moves Clause: Evasion moves are banned
|rule|Evasion Abilities Clause: Evasion abilities are banned
|rule|Sleep Moves Clause: Sleep-inducing moves are banned
|clearpoke
|poke|p1|Quaquaval, F|
|poke|p1|Hoopa-Unbound|
|poke|p1|Houndstone, M|
|poke|p1|Kommo-o, F|
|poke|p1|Deoxys-Speed|
|poke|p1|Mandibuzz, F|
|poke|p2|Toxapex, F|
|poke|p2|Incineroar, M|
|poke|p2|Dragonite, M|
|poke|p2|Kilowattrel, F|
|poke|p2|Ditto|
|poke|p2|Cinderace, M|
|teampreview
|inactive|Battle timer is ON: inactive players will automatically lose when time's up. (requested by Psycho16)
|
|t:|1759072662
|teamsize|p1|6
|teamsize|p2|6
|start
|switch|p1a: Mandibuzz|Mandibuzz, F|100/100
|switch|p2a: Incineroar|Incineroar, M, shiny|100/100
|-ability|p2a: Incineroar|Intimidate|boost
|-unboost|p1a: Mandibuzz|atk|1
|-enditem|p1a: Mandibuzz|White Herb
|-clearnegativeboost|p1a: Mandibuzz|[silent]
|turn|1
|
|t:|1759072669
|switch|p2a: Toxapex|Toxapex, F|100/100
|move|p1a: Mandibuzz|Nasty Plot|p1a: Mandibuzz
|-boost|p1a: Mandibuzz|spa|2
|
|upkeep
|turn|2
|
|t:|1759072673
|move|p1a: Mandibuzz|Dark Pulse|p2a: Toxapex
|-damage|p2a: Toxapex|59/100
|move|p2a: Toxapex|Toxic|p1a: Mandibuzz
|-status|p1a: Mandibuzz|tox
|
|-heal|p2a: Toxapex|65/100|[from] item: Black Sludge
|-damage|p1a: Mandibuzz|94/100 tox|[from] psn
|upkeep
|turn|3
|
|t:|1759072678
|move|p1a: Mandibuzz|Nasty Plot|p1a: Mandibuzz
|-boost|p1a: Mandibuzz|spa|2
|move|p2a: Toxapex|Recover|p2a: Toxapex
|-heal|p2a: Toxapex|100/100
|
|-damage|p1a: Mandibuzz|82/100 tox|[from] psn
|upkeep
|turn|4
|
|t:|1759072682
|switch|p2a: Ditto|Ditto|100/100
|-transform|p2a: Ditto|p1a: Mandibuzz|[from] ability: Imposter
|move|p1a: Mandibuzz|Hurricane|p2a: Ditto|[miss]
|-miss|p1a: Mandibuzz|p2a: Ditto
|
|-damage|p1a: Mandibuzz|64/100 tox|[from] psn
|upkeep
|turn|5
|
|t:|1759072694
|move|p2a: Ditto|Hurricane|p1a: Mandibuzz
|-damage|p1a: Mandibuzz|0 fnt
|faint|p1a: Mandibuzz
|
|upkeep
|
|t:|1759072705
|switch|p1a: Frank lebœuf|Hoopa-Unbound|100/100
|turn|6
|
|t:|1759072709
|switch|p2a: Incineroar|Incineroar, M, shiny|100/100
|-ability|p2a: Incineroar|Intimidate|boost
|-unboost|p1a: Frank lebœuf|atk|1
|move|p1a: Frank lebœuf|Thunderbolt|p2a: Incineroar
|-damage|p2a: Incineroar|66/100
|-status|p2a: Incineroar|par
|
|upkeep
|turn|7
|
|t:|1759072716
|switch|p1a: Bombardinigosini|Quaquaval, F|100/100
|cant|p2a: Incineroar|par
|
|upkeep
|turn|8
|
|t:|1759072721
|switch|p2a: Toxapex|Toxapex, F|100/100
|move|p1a: Bombardinigosini|Aqua Step|p2a: Toxapex
|-resisted|p2a: Toxapex
|-damage|p2a: Toxapex|82/100
|-boost|p1a: Bombardinigosini|spe|1
|
|-heal|p2a: Toxapex|89/100|[from] item: Black Sludge
|upkeep
|turn|9
|
|t:|1759072725
|switch|p1a: Deoxys cringe|Deoxys-Speed|100/100
|-ability|p1a: Deoxys cringe|Pressure
|move|p2a: Toxapex|Toxic|p1a: Deoxys cringe
|-status|p1a: Deoxys cringe|tox
|
|-heal|p2a: Toxapex|95/100|[from] item: Black Sludge
|-damage|p1a: Deoxys cringe|94/100 tox|[from] psn
|upkeep
|turn|10
|
|t:|1759072728
|switch|p2a: Incineroar|Incineroar, M, shiny|66/100 par
|-ability|p2a: Incineroar|Intimidate|boost
|-unboost|p1a: Deoxys cringe|atk|1
|move|p1a: Deoxys cringe|Focus Blast|p2a: Incineroar
|-supereffective|p2a: Incineroar
|-crit|p2a: Incineroar
|-damage|p2a: Incineroar|0 fnt
|faint|p2a: Incineroar
|
|-damage|p1a: Deoxys cringe|82/100 tox|[from] psn
|upkeep
|c|☆Psycho16|Wow You so good
|
|t:|1759072746
|switch|p2a: Dragonite|Dragonite, M|100/100
|turn|11
|
|t:|1759072750
|switch|p1a: Bombardinigosini|Quaquaval, F|100/100
|switch|p2a: Toxapex|Toxapex, F|100/100
|
|upkeep
|turn|12
|
|t:|1759072754
|switch|p1a: Deoxys cringe|Deoxys-Speed|82/100 tox
|-ability|p1a: Deoxys cringe|Pressure
|move|p2a: Toxapex|Toxic|p1a: Deoxys cringe
|-fail|p1a: Deoxys cringe|tox
|
|-damage|p1a: Deoxys cringe|76/100 tox|[from] psn
|upkeep
|turn|13
|
|t:|1759072757
|switch|p2a: Dragonite|Dragonite, M|100/100
|move|p1a: Deoxys cringe|Psychic|p2a: Dragonite
|-damage|p2a: Dragonite|69/100
|
|-damage|p1a: Deoxys cringe|63/100 tox|[from] psn
|upkeep
|turn|14
|
|t:|1759072764
|move|p1a: Deoxys cringe|Psychic|p2a: Dragonite
|-damage|p2a: Dragonite|15/100
|move|p2a: Dragonite|Roost|p2a: Dragonite
|-heal|p2a: Dragonite|65/100
|-singleturn|p2a: Dragonite|move: Roost
|
|-damage|p1a: Deoxys cringe|45/100 tox|[from] psn
|upkeep
|turn|15
|
|t:|1759072770
|switch|p1a: Bombardinigosini|Quaquaval, F|100/100
|move|p2a: Dragonite|Roost|p2a: Dragonite
|-heal|p2a: Dragonite|100/100
|-singleturn|p2a: Dragonite|move: Roost
|
|upkeep
|turn|16
|
|t:|1759072777
|switch|p2a: Toxapex|Toxapex, F|100/100
|move|p1a: Bombardinigosini|Triple Axel|p2a: Toxapex
|-resisted|p2a: Toxapex
|-damage|p2a: Toxapex|98/100
|-resisted|p2a: Toxapex
|-damage|p2a: Toxapex|92/100
|-resisted|p2a: Toxapex
|-crit|p2a: Toxapex
|-damage|p2a: Toxapex|77/100
|-hitcount|p2a: Toxapex|3
|
|-heal|p2a: Toxapex|84/100|[from] item: Black Sludge
|upkeep
|turn|17
|
|t:|1759072785
|switch|p1a: Frank lebœuf|Hoopa-Unbound|100/100
|move|p2a: Toxapex|Surf|p1a: Frank lebœuf
|-crit|p1a: Frank lebœuf
|-damage|p1a: Frank lebœuf|82/100
|
|-heal|p2a: Toxapex|90/100|[from] item: Black Sludge
|upkeep
|turn|18
|
|t:|1759072801
|move|p1a: Frank lebœuf|Psychic|p2a: Toxapex
|-supereffective|p2a: Toxapex
|-damage|p2a: Toxapex|0 fnt
|faint|p2a: Toxapex
|
|upkeep
|
|t:|1759072806
|switch|p2a: Dragonite|Dragonite, M|100/100
|turn|19
|
|t:|1759072810
|move|p1a: Frank lebœuf|Psychic|p2a: Dragonite
|-damage|p2a: Dragonite|71/100
|move|p2a: Dragonite|Scale Shot|p1a: Frank lebœuf
|-damage|p1a: Frank lebœuf|59/100
|-damage|p1a: Frank lebœuf|33/100
|-damage|p1a: Frank lebœuf|6/100
|-damage|p1a: Frank lebœuf|0 fnt
|faint|p1a: Frank lebœuf
|-hitcount|p1: Frank lebœuf|4
|-unboost|p2a: Dragonite|def|1
|-boost|p2a: Dragonite|spe|1
|
|upkeep
|
|t:|1759072815
|switch|p1a: Go to sleeEEeEep|Houndstone, M|100/100
|turn|20
|
|t:|1759072827
|switch|p2a: Kilowattrel|Kilowattrel, F|100/100
|move|p1a: Go to sleeEEeEep|Play Rough|p2a: Kilowattrel|[miss]
|-miss|p1a: Go to sleeEEeEep|p2a: Kilowattrel
|
|upkeep
|turn|21
|
|t:|1759072834
|move|p2a: Kilowattrel|Thunderbolt|p1a: Go to sleeEEeEep
|-damage|p1a: Go to sleeEEeEep|38/100
|move|p1a: Go to sleeEEeEep|Poltergeist|p2a: Kilowattrel
|-activate|p2a: Kilowattrel|move: Poltergeist|Choice Specs
|-damage|p2a: Kilowattrel|5/100
|
|-heal|p1a: Go to sleeEEeEep|44/100|[from] item: Leftovers
|upkeep
|turn|22
|
|t:|1759072840
|move|p1a: Go to sleeEEeEep|Shadow Sneak|p2a: Kilowattrel
|-damage|p2a: Kilowattrel|0 fnt
|faint|p2a: Kilowattrel
|
|-heal|p1a: Go to sleeEEeEep|50/100|[from] item: Leftovers
|upkeep
|
|t:|1759072843
|switch|p2a: Ditto|Ditto|100/100
|-transform|p2a: Ditto|p1a: Go to sleeEEeEep|[from] ability: Imposter
|turn|23
|
|t:|1759072846
|-terastallize|p1a: Go to sleeEEeEep|Fairy
|move|p2a: Ditto|Shadow Sneak|p1a: Go to sleeEEeEep
|-damage|p1a: Go to sleeEEeEep|41/100
|move|p1a: Go to sleeEEeEep|Poltergeist|p2a: Ditto
|-activate|p2a: Ditto|move: Poltergeist|Choice Scarf
|-supereffective|p2a: Ditto
|-damage|p2a: Ditto|0 fnt
|faint|p2a: Ditto
|
|-heal|p1a: Go to sleeEEeEep|47/100|[from] item: Leftovers
|upkeep
|l|☆Psycho16
|inactive|Psycho16 disconnected and has a minute to reconnect!
|player|p2|
|inactive|Psycho16 has 30 seconds to reconnect!
|inactive|Psycho16 has 20 seconds to reconnect!
|inactive|Psycho16 has 15 seconds to reconnect!
|inactive|Psycho16 has 10 seconds to reconnect!
|inactive|Psycho16 has 5 seconds to reconnect!
|-message|Psycho16 lost due to inactivity.
|
|win|kingCR0C
|raw|kingCR0C's rating: 1301 &rarr; <strong>1319</strong><br />(+18 for winning)
|raw|Psycho16's rating: 1259 &rarr; <strong>1237</strong><br />(-22 for losing)
|l|☆kingCR0C
|player|p1|
