|j|☆M1ntyFr3sh2025
|j|☆katapuldrawr
|t:|1759041149
|gametype|singles
|player|p1|M1ntyFr3sh2025|veteranf|1283
|player|p2|katapuldrawr|2|1299
|gen|9
|tier|[Gen 9] OU
|rated|
|rule|HP Percentage Mod: HP is shown in percentages
|rule|Endless Battle Clause: Forcing endless battles is banned
|rule|Species Clause: Limit one of each Pokémon
|rule|OHKO Clause: OHKO moves are banned
|rule|Evasion Items Clause: Evasion items are banned
|rule|Evasion Moves Clause: Evasion moves are banned
|rule|Evasion Abilities Clause: Evasion abilities are banned
|rule|Sleep Moves Clause: Sleep-inducing moves are banned
|clearpoke
|poke|p1|Mamoswine, M|
|poke|p1|Scizor, F|
|poke|p1|Slowking-Galar, F|
|poke|p1|Alomomola, F|
|poke|p1|Great Tusk|
|poke|p1|Meowscarada, M|
|poke|p2|Pecharunt|
|poke|p2|Dragonite, M|
|poke|p2|Zamazenta-*|
|poke|p2|Samurott-Hisui, F|
|poke|p2|Great Tusk|
|poke|p2|Gholdengo|
|teampreview
|inactive|Battle timer is ON: inactive players will automatically lose when time's up. (requested by M1ntyFr3sh2025)
|inactive|katapuldrawr has 120 seconds left.
|
|t:|1759041211
|teamsize|p1|6
|teamsize|p2|6
|start
|switch|p1a: Meowscarada|Meowscarada, M|100/100
|switch|p2a: Samurott|Samurott-Hisui, F|100/100
|turn|1
|
|t:|1759041219
|switch|p2a: Pecharunt|Pecharunt|100/100
|move|p1a: Meowscarada|U-turn|p2a: Pecharunt
|-start|p1a: Meowscarada|typechange|Bug|[from] ability: Protean
|-resisted|p2a: Pecharunt
|-damage|p2a: Pecharunt|95/100
|
|t:|1759041232
|switch|p1a: Slowking|Slowking-Galar, F|100/100|[from] U-turn
|
|upkeep
|turn|2
|
|t:|1759041236
|move|p2a: Pecharunt|Shadow Ball|p1a: Slowking
|-supereffective|p1a: Slowking
|-damage|p1a: Slowking|71/100
|move|p1a: Slowking|Future Sight|p2a: Pecharunt
|-start|p1a: Slowking|move: Future Sight
|
|upkeep
|turn|3
|
|t:|1759041244
|move|p2a: Pecharunt|Parting Shot|p1a: Slowking
|-unboost|p1a: Slowking|atk|1
|-unboost|p1a: Slowking|spa|1
|
|t:|1759041256
|switch|p2a: Gholdengo|Gholdengo|100/100|[from] Parting Shot
|-prepare|p1a: Slowking|Chilly Reception|[premajor]
|move|p1a: Slowking|Chilly Reception|p1a: Slowking
|-weather|Snowscape
|
|t:|1759041264
|switch|p1a: Meowscarada|Meowscarada, M|100/100|[from] Chilly Reception
|
|-weather|Snowscape|[upkeep]
|upkeep
|turn|4
|
|t:|1759041276
|move|p1a: Meowscarada|Knock Off|p2a: Gholdengo
|-start|p1a: Meowscarada|typechange|Dark|[from] ability: Protean
|-supereffective|p2a: Gholdengo
|-damage|p2a: Gholdengo|0 fnt
|-enditem|p2a: Gholdengo|Choice Scarf|[from] move: Knock Off|[of] p1a: Meowscarada
|faint|p2a: Gholdengo
|
|-weather|Snowscape|[upkeep]
|-hint|Future Sight did not hit because the target is fainted.
|upkeep
|
|t:|1759041294
|switch|p2a: Zamazenta|Zamazenta|100/100
|-ability|p2a: Zamazenta|Dauntless Shield|boost
|-boost|p2a: Zamazenta|def|1
|turn|5
|
|t:|1759041314
|switch|p1a: Alomomola|Alomomola, F|100/100
|move|p2a: Zamazenta|Crunch|p1a: Alomomola
|-damage|p1a: Alomomola|79/100
|
|-weather|Snowscape|[upkeep]
|upkeep
|turn|6
|
|t:|1759041324
|switch|p2a: Samurott|Samurott-Hisui, F|100/100
|move|p1a: Alomomola|Scald|p2a: Samurott
|-resisted|p2a: Samurott
|-damage|p2a: Samurott|96/100
|-status|p2a: Samurott|brn
|
|-weather|Snowscape|[upkeep]
|-damage|p2a: Samurott|90/100 brn|[from] brn
|upkeep
|turn|7
|
|t:|1759041336
|move|p2a: Samurott|Knock Off|p1a: Alomomola
|-damage|p1a: Alomomola|68/100
|-enditem|p1a: Alomomola|Heavy-Duty Boots|[from] move: Knock Off|[of] p2a: Samurott
|move|p1a: Alomomola|Flip Turn|p2a: Samurott
|-resisted|p2a: Samurott
|-damage|p2a: Samurott|81/100 brn
|
|t:|1759041349
|switch|p1a: Meowscarada|Meowscarada, M|100/100|[from] Flip Turn
|
|-weather|none
|-damage|p2a: Samurott|75/100 brn|[from] brn
|upkeep
|turn|8
|
|t:|1759041362
|switch|p2a: Pecharunt|Pecharunt|95/100
|move|p1a: Meowscarada|U-turn|p2a: Pecharunt
|-start|p1a: Meowscarada|typechange|Bug|[from] ability: Protean
|-resisted|p2a: Pecharunt
|-damage|p2a: Pecharunt|90/100
|
|t:|1759041378
|switch|p1a: Great Tusk|Great Tusk|100/100|[from] U-turn
|
|upkeep
|turn|9
|
|t:|1759041383
|move|p2a: Pecharunt|Malignant Chain|p1a: Great Tusk
|-resisted|p1a: Great Tusk
|-damage|p1a: Great Tusk|77/100
|move|p1a: Great Tusk|Stealth Rock|p2a: Pecharunt
|-sidestart|p2: katapuldrawr|move: Stealth Rock
|
|upkeep
|turn|10
|
|t:|1759041401
|-end|p1a: Great Tusk|Protosynthesis|[silent]
|switch|p1a: Scizor|Scizor, F|100/100
|move|p2a: Pecharunt|Malignant Chain|p1a: Scizor
|-immune|p1a: Scizor
|
|upkeep
|turn|11
|
|t:|1759041406
|move|p2a: Pecharunt|Parting Shot|p1a: Scizor
|-unboost|p1a: Scizor|atk|1
|-unboost|p1a: Scizor|spa|1
|
|t:|1759041407
|switch|p2a: Great Tusk|Great Tusk|100/100|[from] Parting Shot
|move|p1a: Scizor|U-turn|p2a: Great Tusk
|-resisted|p2a: Great Tusk
|-damage|p2a: Great Tusk|86/100
|
|t:|1759041429
|switch|p1a: Alomomola|Alomomola, F|100/100|[from] U-turn
|
|upkeep
|turn|12
|
|t:|1759041438
|-end|p2a: Great Tusk|Protosynthesis|[silent]
|switch|p2a: Samurott|Samurott-Hisui, F|75/100 brn
|-damage|p2a: Samurott|62/100 brn|[from] Stealth Rock
|move|p1a: Alomomola|Scald|p2a: Samurott
|-resisted|p2a: Samurott
|-damage|p2a: Samurott|58/100 brn
|
|-damage|p2a: Samurott|52/100 brn|[from] brn
|upkeep
|turn|13
|
|t:|1759041448
|move|p2a: Samurott|Ceaseless Edge|p1a: Alomomola
|-damage|p1a: Alomomola|90/100
|-sidestart|p1: M1ntyFr3sh2025|Spikes
|move|p1a: Alomomola|Wish|p1a: Alomomola
|
|-damage|p2a: Samurott|46/100 brn|[from] brn
|upkeep
|turn|14
|
|t:|1759041455
|move|p2a: Samurott|Ceaseless Edge|p1a: Alomomola
|-damage|p1a: Alomomola|79/100
|-sidestart|p1: M1ntyFr3sh2025|Spikes
|move|p1a: Alomomola|Flip Turn|p2a: Samurott
|-resisted|p2a: Samurott
|-damage|p2a: Samurott|37/100 brn
|
|t:|1759041457
|switch|p1a: Great Tusk|Great Tusk|77/100|[from] Flip Turn
|
|-heal|p1a: Great Tusk|100/100|[from] move: Wish|[wisher] Alomomola
|-damage|p2a: Samurott|31/100 brn|[from] brn
|upkeep
|turn|15
|
|t:|1759041462
|switch|p2a: Pecharunt|Pecharunt|90/100
|move|p1a: Great Tusk|Rapid Spin|p2a: Pecharunt
|-immune|p2a: Pecharunt
|
|upkeep
|turn|16
|
|t:|1759041474
|-end|p1a: Great Tusk|Protosynthesis|[silent]
|switch|p1a: Slowking|Slowking-Galar, F|100/100
|move|p2a: Pecharunt|Shadow Ball|p1a: Slowking
|-supereffective|p1a: Slowking
|-damage|p1a: Slowking|69/100
|
|upkeep
|turn|17
|
|t:|1759041492
|move|p2a: Pecharunt|Parting Shot|p1a: Slowking
|-unboost|p1a: Slowking|atk|1
|-unboost|p1a: Slowking|spa|1
|
|t:|1759041493
|switch|p2a: Samurott|Samurott-Hisui, F|31/100 brn|[from] Parting Shot
|-damage|p2a: Samurott|18/100 brn|[from] Stealth Rock
|move|p1a: Slowking|Future Sight|p2a: Samurott
|-start|p1a: Slowking|move: Future Sight
|
|-damage|p2a: Samurott|12/100 brn|[from] brn
|upkeep
|turn|18
|
|t:|1759041513
|switch|p1a: Alomomola|Alomomola, F|100/100
|-damage|p1a: Alomomola|84/100|[from] Spikes
|move|p2a: Samurott|Knock Off|p1a: Alomomola
|-damage|p1a: Alomomola|77/100
|
|-damage|p2a: Samurott|6/100 brn|[from] brn
|upkeep
|turn|19
|
|t:|1759041522
|move|p2a: Samurott|Ceaseless Edge|p1a: Alomomola
|-damage|p1a: Alomomola|65/100
|-sidestart|p1: M1ntyFr3sh2025|Spikes
|move|p1a: Alomomola|Wish|p1a: Alomomola
|
|-end|p2a: Samurott|move: Future Sight
|-immune|p2a: Samurott
|-damage|p2a: Samurott|0 fnt|[from] brn
|faint|p2a: Samurott
|upkeep
|
|t:|1759041530
|switch|p2a: Dragonite|Dragonite, M|100/100
|turn|20
|
|t:|1759041535
|move|p2a: Dragonite|Dragon Dance|p2a: Dragonite
|-boost|p2a: Dragonite|atk|1
|-boost|p2a: Dragonite|spe|1
|move|p1a: Alomomola|Flip Turn|p2a: Dragonite
|-resisted|p2a: Dragonite
|-damage|p2a: Dragonite|96/100
|
|t:|1759041547
|switch|p1a: Mamoswine|Mamoswine, M|100/100|[from] Flip Turn
|-damage|p1a: Mamoswine|76/100|[from] Spikes
|
|-heal|p1a: Mamoswine|100/100|[from] move: Wish|[wisher] Alomomola
|upkeep
|turn|21
|
|t:|1759041572
|switch|p2a: Zamazenta|Zamazenta|100/100
|-damage|p2a: Zamazenta|94/100|[from] Stealth Rock
|move|p1a: Mamoswine|Icicle Crash|p2a: Zamazenta
|-damage|p2a: Zamazenta|29/100
|
|upkeep
|turn|22
|inactive|M1ntyFr3sh2025 has 120 seconds left.
|
|t:|1759041610
|switch|p1a: Alomomola|Alomomola, F|99/100
|-damage|p1a: Alomomola|74/100|[from] Spikes
|move|p2a: Zamazenta|Body Press|p1a: Alomomola
|-damage|p1a: Alomomola|51/100
|
|upkeep
|turn|23
|inactive|katapuldrawr has 120 seconds left.
|
|t:|1759041636
|move|p2a: Zamazenta|Body Press|p1a: Alomomola
|-damage|p1a: Alomomola|25/100
|move|p1a: Alomomola|Wish|p1a: Alomomola
|
|upkeep
|turn|24
|inactive|katapuldrawr has 120 seconds left.
|
|t:|1759041642
|move|p1a: Alomomola|Protect|p1a: Alomomola
|-singleturn|p1a: Alomomola|Protect
|move|p2a: Zamazenta|Body Press|p1a: Alomomola
|-activate|p1a: Alomomola|move: Protect
|
|-heal|p1a: Alomomola|75/100|[from] move: Wish|[wisher] Alomomola
|upkeep
|turn|25
|
|t:|1759041649
|move|p2a: Zamazenta|Body Press|p1a: Alomomola
|-damage|p1a: Alomomola|52/100
|move|p1a: Alomomola|Wish|p1a: Alomomola
|
|upkeep
|turn|26
|
|t:|1759041655
|switch|p2a: Pecharunt|Pecharunt|90/100
|move|p1a: Alomomola|Scald|p2a: Pecharunt
|-damage|p2a: Pecharunt|77/100
|-status|p2a: Pecharunt|brn
|
|-heal|p1a: Alomomola|100/100|[from] move: Wish|[wisher] Alomomola
|-damage|p2a: Pecharunt|71/100 brn|[from] brn
|upkeep
|turn|27
|
|t:|1759041674
|switch|p1a: Slowking|Slowking-Galar, F|100/100
|move|p2a: Pecharunt|Malignant Chain|p1a: Slowking
|-resisted|p1a: Slowking
|-damage|p1a: Slowking|91/100
|
|-damage|p2a: Pecharunt|65/100 brn|[from] brn
|upkeep
|turn|28
|
|t:|1759041679
|move|p2a: Pecharunt|Shadow Ball|p1a: Slowking
|-supereffective|p1a: Slowking
|-damage|p1a: Slowking|64/100
|move|p1a: Slowking|Future Sight|p2a: Pecharunt
|-start|p1a: Slowking|move: Future Sight
|
|-damage|p2a: Pecharunt|59/100 brn|[from] brn
|upkeep
|turn|29
|
|t:|1759041687
|move|p2a: Pecharunt|Recover|p2a: Pecharunt
|-heal|p2a: Pecharunt|100/100 brn
|-prepare|p1a: Slowking|Chilly Reception|[premajor]
|move|p1a: Slowking|Chilly Reception|p1a: Slowking
|-weather|Snowscape
|
|t:|1759041692
|switch|p1a: Meowscarada|Meowscarada, M|100/100|[from] Chilly Reception
|-damage|p1a: Meowscarada|76/100|[from] Spikes
|
|-weather|Snowscape|[upkeep]
|-damage|p2a: Pecharunt|94/100 brn|[from] brn
|upkeep
|turn|30
|
|t:|1759041700
|switch|p2a: Zamazenta|Zamazenta|29/100
|-damage|p2a: Zamazenta|23/100|[from] Stealth Rock
|move|p1a: Meowscarada|Knock Off|p2a: Zamazenta
|-start|p1a: Meowscarada|typechange|Dark|[from] ability: Protean
|-resisted|p2a: Zamazenta
|-damage|p2a: Zamazenta|2/100
|-enditem|p2a: Zamazenta|Choice Band|[from] move: Knock Off|[of] p1a: Meowscarada
|
|-weather|Snowscape|[upkeep]
|-end|p2a: Zamazenta|move: Future Sight
|-supereffective|p2a: Zamazenta
|-damage|p2a: Zamazenta|0 fnt
|faint|p2a: Zamazenta
|upkeep
|
|t:|1759041709
|switch|p2a: Great Tusk|Great Tusk|86/100
|turn|31
|
|t:|1759041721
|switch|p1a: Great Tusk|Great Tusk|100/100
|move|p2a: Great Tusk|Rapid Spin|p1a: Great Tusk
|-damage|p1a: Great Tusk|87/100
|-boost|p2a: Great Tusk|spe|1
|-sideend|p2: katapuldrawr|Stealth Rock|[from] move: Rapid Spin|[of] p2a: Great Tusk
|
|-weather|Snowscape|[upkeep]
|upkeep
|turn|32
|
|t:|1759041727
|-end|p2a: Great Tusk|Protosynthesis|[silent]
|switch|p2a: Pecharunt|Pecharunt|94/100 brn
|move|p1a: Great Tusk|Headlong Rush|p2a: Pecharunt
|-supereffective|p2a: Pecharunt
|-damage|p2a: Pecharunt|21/100 brn
|-unboost|p1a: Great Tusk|def|1
|-unboost|p1a: Great Tusk|spd|1
|
|-weather|Snowscape|[upkeep]
|-damage|p2a: Pecharunt|15/100 brn|[from] brn
|upkeep
|turn|33
|
|t:|1759041734
|move|p2a: Pecharunt|Shadow Ball|p1a: Great Tusk
|-damage|p1a: Great Tusk|27/100
|move|p1a: Great Tusk|Ice Spinner|p2a: Pecharunt
|-damage|p2a: Pecharunt|0 fnt
|faint|p2a: Pecharunt
|
|-weather|none
|upkeep
|
|t:|1759041757
|switch|p2a: Great Tusk|Great Tusk|86/100
|turn|34
|
|t:|1759041773
|move|p1a: Great Tusk|Rapid Spin|p2a: Great Tusk
|-damage|p2a: Great Tusk|73/100
|-boost|p1a: Great Tusk|spe|1
|-sideend|p1: M1ntyFr3sh2025|Spikes|[from] move: Rapid Spin|[of] p1a: Great Tusk
|move|p2a: Great Tusk|Headlong Rush|p1a: Great Tusk
|-damage|p1a: Great Tusk|0 fnt
|-unboost|p2a: Great Tusk|def|1
|-unboost|p2a: Great Tusk|spd|1
|faint|p1a: Great Tusk
|-end|p1a: Great Tusk|Protosynthesis|[silent]
|
|upkeep
|-message|katapuldrawr forfeited.
|
|win|M1ntyFr3sh2025
|raw|M1ntyFr3sh2025's rating: 1283 &rarr; <strong>1309</strong><br />(+26 for winning)
|raw|katapuldrawr's rating: 1299 &rarr; <strong>1273</strong><br />(-26 for losing)
|l|☆katapuldrawr
|player|p2|
|l|☆M1ntyFr3sh2025
|player|p1|
