|j|☆person_134
|j|☆snovv_flaked
|t:|1758918993
|gametype|singles
|player|p1|person_134|archer|1177
|player|p2|snovv_flaked|169|1146
|gen|9
|tier|[Gen 9] OU
|rated|
|rule|HP Percentage Mod: HP is shown in percentages
|rule|Endless Battle Clause: Forcing endless battles is banned
|rule|Species Clause: Limit one of each Pokémon
|rule|OHKO Clause: OHKO moves are banned
|rule|Evasion Items Clause: Evasion items are banned
|rule|Evasion Moves Clause: Evasion moves are banned
|rule|Evasion Abilities Clause: Evasion abilities are banned
|rule|Sleep Moves Clause: Sleep-inducing moves are banned
|clearpoke
|poke|p1|Kommo-o, F|
|poke|p1|Florges, F|
|poke|p1|Porygon-Z|
|poke|p1|Muk-Alola, M|
|poke|p1|Mudsdale, F|
|poke|p1|Magmortar, F|
|poke|p2|Gliscor, M|
|poke|p2|Conkeldurr, F|
|poke|p2|Clefable, M|
|poke|p2|Gholdengo|
|poke|p2|Ogerpon-Wellspring, F|
|poke|p2|Moltres|
|teampreview
|
|t:|1758918998
|teamsize|p1|6
|teamsize|p2|6
|start
|switch|p1a: Kommo-o|Kommo-o, F|100/100
|switch|p2a: Ogerpon|Ogerpon-Wellspring, F|100/100
|turn|1
|
|t:|1758919006
|switch|p2a: Moltres|Moltres|100/100
|move|p1a: Kommo-o|Poison Jab|p2a: Moltres
|-damage|p2a: Moltres|78/100
|
|upkeep
|turn|2
|
|t:|1758919021
|switch|p1a: Muk|Muk-Alola, M|100/100
|move|p2a: Moltres|Will-O-Wisp|p1a: Muk
|-status|p1a: Muk|brn
|
|-damage|p1a: Muk|94/100 brn|[from] brn
|upkeep
|turn|3
|
|t:|1758919034
|move|p2a: Moltres|U-turn|p1a: Muk
|-damage|p1a: Muk|75/100 brn
|
|t:|1758919036
|switch|p2a: Gliscor|Gliscor, M|100/100|[from] U-turn
|move|p1a: Muk|Knock Off|p2a: Gliscor
|-damage|p2a: Gliscor|76/100
|-enditem|p2a: Gliscor|Toxic Orb|[from] move: Knock Off|[of] p1a: Muk
|
|-heal|p1a: Muk|81/100 brn|[from] item: Black Sludge
|-damage|p1a: Muk|75/100 brn|[from] brn
|upkeep
|turn|4
|
|t:|1758919049
|move|p2a: Gliscor|Substitute|p2a: Gliscor
|-start|p2a: Gliscor|Substitute
|-damage|p2a: Gliscor|51/100
|move|p1a: Muk|Drain Punch|p2a: Gliscor
|-resisted|p2a: Gliscor
|-activate|p2a: Gliscor|move: Substitute|[damage]
|-heal|p1a: Muk|77/100 brn|[from] drain|[of] p2a: Gliscor
|
|-heal|p1a: Muk|83/100 brn|[from] item: Black Sludge
|-damage|p1a: Muk|77/100 brn|[from] brn
|upkeep
|turn|5
|
|t:|1758919061
|switch|p1a: Porygon-Z|Porygon-Z|100/100
|-ability|p1a: Porygon-Z|Download|boost
|-boost|p1a: Porygon-Z|spa|1
|move|p2a: Gliscor|Swords Dance|p2a: Gliscor
|-boost|p2a: Gliscor|atk|2
|
|upkeep
|turn|6
|
|t:|1758919069
|move|p2a: Gliscor|Earthquake|p1a: Porygon-Z
|-damage|p1a: Porygon-Z|0 fnt
|faint|p1a: Porygon-Z
|
|upkeep
|
|t:|1758919077
|switch|p1a: Florges|Florges, F|100/100
|turn|7
|
|t:|1758919083
|move|p2a: Gliscor|Earthquake|p1a: Florges
|-damage|p1a: Florges|17/100
|move|p1a: Florges|Moonblast|p2a: Gliscor
|-end|p2a: Gliscor|Substitute
|
|upkeep
|turn|8
|l|☆person_134
|player|p1|
|j|☆person_134
|player|p1|person_134|archer|
|inactive|Battle timer is ON: inactive players will automatically lose when time's up. (requested by snovv_flaked)
|
|t:|1758919116
|move|p2a: Gliscor|Earthquake|p1a: Florges
|-damage|p1a: Florges|0 fnt
|faint|p1a: Florges
|
|upkeep
|
|t:|1758919121
|switch|p1a: Mudsdale|Mudsdale, F|100/100
|turn|9
|
|t:|1758919127
|switch|p2a: Ogerpon|Ogerpon-Wellspring, F|100/100
|move|p1a: Mudsdale|Iron Defense|p1a: Mudsdale
|-boost|p1a: Mudsdale|def|2
|
|upkeep
|turn|10
|
|t:|1758919135
|move|p2a: Ogerpon|Encore|p1a: Mudsdale
|-start|p1a: Mudsdale|Encore
|move|p1a: Mudsdale|Iron Defense|p1a: Mudsdale
|-boost|p1a: Mudsdale|def|2
|
|upkeep
|turn|11
|
|t:|1758919141
|move|p2a: Ogerpon|Swords Dance|p2a: Ogerpon
|-boost|p2a: Ogerpon|atk|2
|move|p1a: Mudsdale|Iron Defense|p1a: Mudsdale
|-boost|p1a: Mudsdale|def|2
|
|upkeep
|turn|12
|
|t:|1758919147
|move|p2a: Ogerpon|Swords Dance|p2a: Ogerpon
|-boost|p2a: Ogerpon|atk|2
|move|p1a: Mudsdale|Iron Defense|p1a: Mudsdale
|-boost|p1a: Mudsdale|def|0
|
|-end|p1a: Mudsdale|Encore
|upkeep
|turn|13
|
|t:|1758919156
|move|p2a: Ogerpon|Encore|p1a: Mudsdale
|-start|p1a: Mudsdale|Encore
|move|p1a: Mudsdale|Iron Defense|p1a: Mudsdale
|-boost|p1a: Mudsdale|def|0
|
|upkeep
|turn|14
|
|t:|1758919165
|switch|p1a: Kommo-o|Kommo-o, F|100/100
|move|p2a: Ogerpon|Ivy Cudgel|p1a: Kommo-o|[anim] Ivy Cudgel Water
|-resisted|p1a: Kommo-o
|-damage|p1a: Kommo-o|20/100
|
|-heal|p1a: Kommo-o|26/100|[from] item: Leftovers
|upkeep
|turn|15
|
|t:|1758919174
|move|p2a: Ogerpon|Ivy Cudgel|p1a: Kommo-o|[anim] Ivy Cudgel Water
|-resisted|p1a: Kommo-o
|-damage|p1a: Kommo-o|0 fnt
|faint|p1a: Kommo-o
|
|upkeep
|
|t:|1758919180
|switch|p1a: Muk|Muk-Alola, M|77/100 brn
|turn|16
|
|t:|1758919183
|move|p2a: Ogerpon|Ivy Cudgel|p1a: Muk|[anim] Ivy Cudgel Water
|-damage|p1a: Muk|0 fnt
|faint|p1a: Muk
|
|upkeep
|
|t:|1758919188
|switch|p1a: Mudsdale|Mudsdale, F|100/100
|turn|17
|
|t:|1758919194
|-terastallize|p2a: Ogerpon|Water
|detailschange|p2a: Ogerpon|Ogerpon-Wellspring-Tera, F, tera:Water
|-ability|p2a: Ogerpon|Embody Aspect (Wellspring)|boost
|-boost|p2a: Ogerpon|spd|1
|move|p2a: Ogerpon|Ivy Cudgel|p1a: Mudsdale|[anim] Ivy Cudgel Water
|-supereffective|p1a: Mudsdale
|-damage|p1a: Mudsdale|0 fnt
|faint|p1a: Mudsdale
|
|upkeep
|
|t:|1758919204
|switch|p1a: Magmortar|Magmortar, F|100/100
|turn|18
|
|t:|1758919207
|-terastallize|p1a: Magmortar|Water
|move|p2a: Ogerpon|Ivy Cudgel|p1a: Magmortar|[anim] Ivy Cudgel Water
|-resisted|p1a: Magmortar
|-crit|p1a: Magmortar
|-damage|p1a: Magmortar|0 fnt
|faint|p1a: Magmortar
|
|win|snovv_flaked
|raw|person_134's rating: 1177 &rarr; <strong>1150</strong><br />(-27 for losing)
|raw|snovv_flaked's rating: 1146 &rarr; <strong>1173</strong><br />(+27 for winning)
|l|☆snovv_flaked
|player|p2|
|l|☆person_134
|player|p1|
