|j|☆mashuuuuu
|j|☆Doomingo
|t:|1759070187
|gametype|singles
|player|p1|mashuuuuu|nate|1282
|player|p2|Doomingo|1|1269
|gen|9
|tier|[Gen 9] OU
|rated|
|rule|HP Percentage Mod: HP is shown in percentages
|rule|Endless Battle Clause: Forcing endless battles is banned
|rule|Species Clause: Limit one of each Pokémon
|rule|OHKO Clause: OHKO moves are banned
|rule|Evasion Items Clause: Evasion items are banned
|rule|Evasion Moves Clause: Evasion moves are banned
|rule|Evasion Abilities Clause: Evasion abilities are banned
|rule|Sleep Moves Clause: Sleep-inducing moves are banned
|clearpoke
|poke|p1|Infernape, M|
|poke|p1|Ninetales-Alola, F|
|poke|p1|Sinistcha|
|poke|p1|Dragonite, M|
|poke|p1|Greninja-*, M|
|poke|p1|Corviknight, F|
|poke|p2|Tyranitar, M|
|poke|p2|Sinistcha|
|poke|p2|Comfey, F|
|poke|p2|Bellibolt, M|
|poke|p2|Mamoswine, M|
|poke|p2|Scizor, F|
|teampreview
|
|t:|1759070203
|teamsize|p1|6
|teamsize|p2|6
|start
|switch|p1a: Infernape|Infernape, M|100/100
|switch|p2a: Glut|Bellibolt, M|100/100
|turn|1
|
|t:|1759070217
|move|p1a: Infernape|Stealth Rock|p2a: Glut
|-sidestart|p2: Doomingo|move: Stealth Rock
|move|p2a: Glut|Parabolic Charge|p1a: Infernape
|-damage|p1a: Infernape|48/100
|
|upkeep
|turn|2
|
|t:|1759070229
|move|p1a: Infernape|Overheat|p2a: Glut
|-damage|p2a: Glut|37/100
|-unboost|p1a: Infernape|spa|2
|-start|p2a: Glut|Charge|Overheat|[from] ability: Electromorphosis
|-damage|p1a: Infernape|38/100|[from] item: Life Orb
|move|p2a: Glut|Parabolic Charge|p1a: Infernape
|-damage|p1a: Infernape|0 fnt
|-heal|p2a: Glut|51/100|[from] drain|[of] p1a: Infernape
|faint|p1a: Infernape
|-end|p2a: Glut|Charge|[silent]
|
|upkeep
|
|t:|1759070233
|switch|p1a: Ninetales|Ninetales-Alola, F|100/100
|-weather|Snowscape|[from] ability: Snow Warning|[of] p1a: Ninetales
|turn|3
|
|t:|1759070260
|move|p1a: Ninetales|Aurora Veil|p1a: Ninetales
|-sidestart|p1: mashuuuuu|move: Aurora Veil
|move|p2a: Glut|Toxic|p1a: Ninetales
|-status|p1a: Ninetales|tox
|
|-weather|Snowscape|[upkeep]
|-damage|p1a: Ninetales|94/100 tox|[from] psn
|upkeep
|turn|4
|
|t:|1759070272
|switch|p1a: Dragonite|Dragonite, M|100/100
|move|p2a: Glut|Soak|p1a: Dragonite
|-start|p1a: Dragonite|typechange|Water
|
|-weather|Snowscape|[upkeep]
|upkeep
|turn|5
|
|t:|1759070280
|switch|p1a: Greninja|Greninja, M|100/100
|move|p2a: Glut|Toxic|p1a: Greninja
|-status|p1a: Greninja|tox
|
|-weather|Snowscape|[upkeep]
|-damage|p1a: Greninja|95/100 tox|[from] psn
|upkeep
|turn|6
|
|t:|1759070291
|move|p1a: Greninja|Dark Pulse|p2a: Glut
|-damage|p2a: Glut|16/100
|-start|p2a: Glut|Charge|Dark Pulse|[from] ability: Electromorphosis
|move|p2a: Glut|Parabolic Charge|p1a: Greninja
|-supereffective|p1a: Greninja
|-damage|p1a: Greninja|0 fnt
|-heal|p2a: Glut|50/100|[from] drain|[of] p1a: Greninja
|faint|p1a: Greninja
|-end|p2a: Glut|Charge|[silent]
|
|-weather|Snowscape|[upkeep]
|upkeep
|-message|mashuuuuu forfeited.
|
|win|Doomingo
|raw|mashuuuuu's rating: 1282 &rarr; <strong>1256</strong><br />(-26 for losing)
|raw|Doomingo's rating: 1269 &rarr; <strong>1295</strong><br />(+26 for winning)
|l|☆mashuuuuu
|player|p1|
|l|☆Doomingo
|player|p2|
