|j|☆Shoerun
|j|☆Doomingo
|t:|1759068493
|gametype|singles
|player|p1|Shoerun|1|1240
|player|p2|Doomingo|1|1274
|gen|9
|tier|[Gen 9] OU
|rated|
|rule|HP Percentage Mod: HP is shown in percentages
|rule|Endless Battle Clause: Forcing endless battles is banned
|rule|Species Clause: Limit one of each Pokémon
|rule|OHKO Clause: OHKO moves are banned
|rule|Evasion Items Clause: Evasion items are banned
|rule|Evasion Moves Clause: Evasion moves are banned
|rule|Evasion Abilities Clause: Evasion abilities are banned
|rule|Sleep Moves Clause: Sleep-inducing moves are banned
|clearpoke
|poke|p1|Dragonite, M|
|poke|p1|Volcanion|
|poke|p1|Darkrai|
|poke|p1|Dragapult, M|
|poke|p1|Glimmora, F|
|poke|p1|Scream Tail|
|poke|p2|Tyranitar, M|
|poke|p2|Sinistcha|
|poke|p2|Comfey, M|
|poke|p2|Bellibolt, F|
|poke|p2|Mamoswine, M|
|poke|p2|Scizor, M|
|teampreview
|
|t:|1759068511
|teamsize|p1|6
|teamsize|p2|6
|start
|switch|p1a: Glimmora|Glimmora, F, shiny|100/100
|switch|p2a: Buzz|Scizor, M|100/100
|turn|1
|
|t:|1759068531
|move|p2a: Buzz|Bullet Punch|p1a: Glimmora
|-supereffective|p1a: Glimmora
|-damage|p1a: Glimmora|36/100
|-activate|p1a: Glimmora|ability: Toxic Debris
|-sidestart|p2: Doomingo|move: Toxic Spikes
|move|p1a: Glimmora|Spikes|p2a: Buzz
|-sidestart|p2: Doomingo|Spikes
|
|upkeep
|turn|2
|
|t:|1759068547
|switch|p1a: Volcanion|Volcanion|100/100
|move|p2a: Buzz|Bullet Punch|p1a: Volcanion
|-resisted|p1a: Volcanion
|-damage|p1a: Volcanion|95/100
|
|upkeep
|turn|3
|
|t:|1759068555
|move|p1a: Volcanion|Flamethrower|p2a: Buzz
|-supereffective|p2a: Buzz
|-damage|p2a: Buzz|0 fnt
|faint|p2a: Buzz
|
|upkeep
|
|t:|1759068566
|switch|p2a: Glut|Bellibolt, F|100/100
|-status|p2a: Glut|psn
|-damage|p2a: Glut|88/100 psn|[from] Spikes
|turn|4
|
|t:|1759068585
|switch|p1a: Glimmora|Glimmora, F, shiny|36/100
|move|p2a: Glut|Toxic|p1a: Glimmora
|-immune|p1a: Glimmora
|
|-damage|p2a: Glut|76/100 psn|[from] psn
|upkeep
|turn|5
|
|t:|1759068594
|move|p1a: Glimmora|Earth Power|p2a: Glut
|-supereffective|p2a: Glut
|-enditem|p2a: Glut|Shuca Berry|[eat]
|-enditem|p2a: Glut|Shuca Berry|[weaken]
|-damage|p2a: Glut|50/100 psn
|-start|p2a: Glut|Charge|Earth Power|[from] ability: Electromorphosis
|move|p2a: Glut|Soak|p1a: Glimmora
|-start|p1a: Glimmora|typechange|Water
|
|-damage|p2a: Glut|38/100 psn|[from] psn
|upkeep
|turn|6
|inactive|Battle timer is ON: inactive players will automatically lose when time's up. (requested by Doomingo)
|
|t:|1759068606
|move|p1a: Glimmora|Spikes|p2a: Glut
|-sidestart|p2: Doomingo|Spikes
|move|p2a: Glut|Parabolic Charge|p1a: Glimmora
|-supereffective|p1a: Glimmora
|-damage|p1a: Glimmora|0 fnt
|-heal|p2a: Glut|52/100 psn|[from] drain|[of] p1a: Glimmora
|faint|p1a: Glimmora
|-end|p2a: Glut|Charge|[silent]
|
|-damage|p2a: Glut|39/100 psn|[from] psn
|upkeep
|
|t:|1759068635
|switch|p1a: Dragonite|Dragonite, M|100/100
|turn|7
|
|t:|1759068650
|move|p1a: Dragonite|Extreme Speed|p2a: Glut
|-damage|p2a: Glut|0 fnt
|faint|p2a: Glut
|
|upkeep
|
|t:|1759068659
|switch|p2a: Mr. Big|Tyranitar, M|100/100
|-status|p2a: Mr. Big|psn
|-damage|p2a: Mr. Big|84/100 psn|[from] Spikes
|-weather|Sandstorm|[from] ability: Sand Stream|[of] p2a: Mr. Big
|turn|8
|
|t:|1759068682
|-terastallize|p1a: Dragonite|Normal
|move|p1a: Dragonite|Extreme Speed|p2a: Mr. Big
|-resisted|p2a: Mr. Big
|-damage|p2a: Mr. Big|57/100 psn
|move|p2a: Mr. Big|Ancient Power|p1a: Dragonite
|-damage|p1a: Dragonite|87/100
|
|-weather|Sandstorm|[upkeep]
|-damage|p1a: Dragonite|81/100|[from] Sandstorm
|-damage|p2a: Mr. Big|45/100 psn|[from] psn
|upkeep
|turn|9
|
|t:|1759068694
|move|p1a: Dragonite|Extreme Speed|p2a: Mr. Big
|-resisted|p2a: Mr. Big
|-damage|p2a: Mr. Big|17/100 psn
|move|p2a: Mr. Big|Knock Off|p1a: Dragonite
|-damage|p1a: Dragonite|33/100
|-enditem|p1a: Dragonite|Choice Band|[from] move: Knock Off|[of] p2a: Mr. Big
|
|-weather|Sandstorm|[upkeep]
|-damage|p1a: Dragonite|27/100|[from] Sandstorm
|-damage|p2a: Mr. Big|4/100 psn|[from] psn
|upkeep
|turn|10
|inactive|Shoerun has 120 seconds left.
|
|t:|1759068721
|move|p1a: Dragonite|Extreme Speed|p2a: Mr. Big
|-resisted|p2a: Mr. Big
|-damage|p2a: Mr. Big|0 fnt
|faint|p2a: Mr. Big
|
|-weather|Sandstorm|[upkeep]
|-damage|p1a: Dragonite|21/100|[from] Sandstorm
|upkeep
|
|t:|1759068736
|switch|p2a: Ring A Round|Comfey, M|100/100
|-status|p2a: Ring A Round|psn
|-damage|p2a: Ring A Round|84/100 psn|[from] Spikes
|turn|11
|inactive|Shoerun has 120 seconds left.
|
|t:|1759068772
|switch|p1a: Scream Tail|Scream Tail|100/100
|-enditem|p1a: Scream Tail|Booster Energy
|-activate|p1a: Scream Tail|ability: Protosynthesis|[fromitem]
|-start|p1a: Scream Tail|protosynthesisspe
|-terastallize|p2a: Ring A Round|Steel
|move|p2a: Ring A Round|Calm Mind|p2a: Ring A Round
|-boost|p2a: Ring A Round|spa|1
|-boost|p2a: Ring A Round|spd|1
|
|-weather|Sandstorm|[upkeep]
|-damage|p1a: Scream Tail|94/100|[from] Sandstorm
|-damage|p2a: Ring A Round|71/100 psn|[from] psn
|upkeep
|turn|12
|
|t:|1759068785
|move|p1a: Scream Tail|Flamethrower|p2a: Ring A Round
|-supereffective|p2a: Ring A Round
|-damage|p2a: Ring A Round|50/100 psn
|move|p2a: Ring A Round|Calm Mind|p2a: Ring A Round
|-boost|p2a: Ring A Round|spa|1
|-boost|p2a: Ring A Round|spd|1
|
|-weather|none
|-damage|p2a: Ring A Round|37/100 psn|[from] psn
|upkeep
|turn|13
|
|t:|1759068794
|move|p2a: Ring A Round|Draining Kiss|p1a: Scream Tail
|-damage|p1a: Scream Tail|64/100
|-heal|p2a: Ring A Round|70/100 psn|[from] drain|[of] p1a: Scream Tail
|move|p1a: Scream Tail|Flamethrower|p2a: Ring A Round
|-supereffective|p2a: Ring A Round
|-damage|p2a: Ring A Round|55/100 psn
|
|-damage|p2a: Ring A Round|42/100 psn|[from] psn
|upkeep
|turn|14
|inactive|Shoerun has 90 seconds left.
|
|t:|1759068816
|move|p2a: Ring A Round|Draining Kiss|p1a: Scream Tail
|-damage|p1a: Scream Tail|32/100
|-heal|p2a: Ring A Round|76/100 psn|[from] drain|[of] p1a: Scream Tail
|move|p1a: Scream Tail|Thunder Wave||[still]
|-fail|p1a: Scream Tail
|
|-damage|p2a: Ring A Round|63/100 psn|[from] psn
|upkeep
|turn|15
|
|t:|1759068824
|move|p1a: Scream Tail|Flamethrower|p2a: Ring A Round
|-supereffective|p2a: Ring A Round
|-damage|p2a: Ring A Round|47/100 psn
|move|p2a: Ring A Round|Calm Mind|p2a: Ring A Round
|-boost|p2a: Ring A Round|spa|1
|-boost|p2a: Ring A Round|spd|1
|
|-damage|p2a: Ring A Round|34/100 psn|[from] psn
|upkeep
|turn|16
|
|t:|1759068833
|move|p2a: Ring A Round|Draining Kiss|p1a: Scream Tail
|-damage|p1a: Scream Tail|0 fnt
|-heal|p2a: Ring A Round|67/100 psn|[from] drain|[of] p1a: Scream Tail
|faint|p1a: Scream Tail
|-end|p1a: Scream Tail|Protosynthesis|[silent]
|
|-damage|p2a: Ring A Round|55/100 psn|[from] psn
|upkeep
|
|t:|1759068846
|switch|p1a: Volcanion|Volcanion|95/100
|turn|17
|
|t:|1759068857
|move|p1a: Volcanion|Flamethrower|p2a: Ring A Round
|-supereffective|p2a: Ring A Round
|-damage|p2a: Ring A Round|18/100 psn
|move|p2a: Ring A Round|Stored Power|p1a: Volcanion
|-damage|p1a: Volcanion|0 fnt
|faint|p1a: Volcanion
|
|-damage|p2a: Ring A Round|5/100 psn|[from] psn
|upkeep
|
|t:|1759068872
|switch|p1a: Dragonite|Dragonite, M, tera:Normal|21/100
|turn|18
|
|t:|1759068875
|move|p2a: Ring A Round|Draining Kiss|p1a: Dragonite
|-damage|p1a: Dragonite|0 fnt
|-heal|p2a: Ring A Round|21/100 psn|[from] drain|[of] p1a: Dragonite
|faint|p1a: Dragonite
|
|-damage|p2a: Ring A Round|9/100 psn|[from] psn
|upkeep
|inactive|Shoerun has 90 seconds left.
|
|t:|1759068904
|switch|p1a: Dragapult|Dragapult, M, shiny|100/100
|turn|19
|inactive|Shoerun has 90 seconds left.
|
|t:|1759068923
|move|p2a: Ring A Round|Draining Kiss|p1a: Dragapult
|-supereffective|p1a: Dragapult
|-damage|p1a: Dragapult|0 fnt
|-heal|p2a: Ring A Round|87/100 psn|[from] drain|[of] p1a: Dragapult
|faint|p1a: Dragapult
|
|-damage|p2a: Ring A Round|74/100 psn|[from] psn
|upkeep
|
|t:|1759068944
|switch|p1a: Darkrai|Darkrai|100/100
|turn|20
|c|☆Doomingo|gg
|inactive|Shoerun has 60 seconds left.
|c|☆Shoerun|Scarf comfy?
|c|☆Doomingo|i used calm mind
|inactive|Shoerun has 30 seconds left.
|
|t:|1759068991
|move|p2a: Ring A Round|Draining Kiss|p1a: Darkrai
|-supereffective|p1a: Darkrai
|-damage|p1a: Darkrai|0 fnt
|-heal|p2a: Ring A Round|100/100 psn|[from] drain|[of] p1a: Darkrai
|faint|p1a: Darkrai
|
|win|Doomingo
|raw|Shoerun's rating: 1240 &rarr; <strong>1217</strong><br />(-23 for losing)
|raw|Doomingo's rating: 1274 &rarr; <strong>1297</strong><br />(+23 for winning)
|c|☆Doomingo|triage
|c|☆Shoerun|Gg
|l|☆Doomingo
|player|p2|
|l|☆Shoerun
|player|p1|
