|j|☆dwaugh2
|j|☆SmogonSmellsButts
|t:|1758934127
|gametype|singles
|player|p1|dwaugh2|266|1159
|player|p2|SmogonSmellsButts|maid|1162
|gen|9
|tier|[Gen 9] OU
|rated|
|rule|HP Percentage Mod: HP is shown in percentages
|rule|Endless Battle Clause: Forcing endless battles is banned
|rule|Species Clause: Limit one of each Pokémon
|rule|OHKO Clause: OHKO moves are banned
|rule|Evasion Items Clause: Evasion items are banned
|rule|Evasion Moves Clause: Evasion moves are banned
|rule|Evasion Abilities Clause: Evasion abilities are banned
|rule|Sleep Moves Clause: Sleep-inducing moves are banned
|clearpoke
|poke|p1|Ceruledge, M|
|poke|p1|Hoopa|
|poke|p1|Scrafty, F|
|poke|p1|Munkidori, M|
|poke|p1|Tsareena, F|
|poke|p1|Quagsire, M|
|poke|p2|Alomomola, M|
|poke|p2|Reuniclus, F|
|poke|p2|Hydrapple, M|
|poke|p2|Mienshao, F|
|poke|p2|Glimmora, M|
|poke|p2|Zangoose, F|
|teampreview
|inactive|Battle timer is ON: inactive players will automatically lose when time's up. (requested by dwaugh2)
|
|t:|1758934155
|teamsize|p1|6
|teamsize|p2|6
|start
|switch|p1a: Munkidori|Munkidori, M|100/100
|switch|p2a: Crange|Mienshao, F|100/100
|turn|1
|
|t:|1758934162
|move|p2a: Crange|Fake Out|p1a: Munkidori
|-damage|p1a: Munkidori|80/100
|cant|p1a: Munkidori|flinch
|
|-heal|p1a: Munkidori|86/100|[from] item: Leftovers
|upkeep
|turn|2
|
|t:|1758934169
|switch|p2a: Sphincter|Glimmora, M|100/100
|move|p1a: Munkidori|Psychic|p2a: Sphincter
|-supereffective|p2a: Sphincter
|-enditem|p2a: Sphincter|Focus Sash
|-damage|p2a: Sphincter|1/100
|
|-heal|p1a: Munkidori|92/100|[from] item: Leftovers
|upkeep
|turn|3
|
|t:|1758934178
|switch|p2a: Cringe|Alomomola, M|100/100
|move|p1a: Munkidori|U-turn|p2a: Cringe
|-damage|p2a: Cringe|93/100
|-status|p2a: Cringe|tox|[from] ability: Toxic Chain|[of] p1a: Munkidori
|
|t:|1758934185
|switch|p1a: Quagsire|Quagsire, M|100/100|[from] U-turn
|
|-damage|p2a: Cringe|87/100 tox|[from] psn
|upkeep
|turn|4
|
|t:|1758934188
|move|p2a: Cringe|Wish|p2a: Cringe
|move|p1a: Quagsire|Stealth Rock|p2a: Cringe
|-sidestart|p2: SmogonSmellsButts|move: Stealth Rock
|
|-damage|p2a: Cringe|75/100 tox|[from] psn
|upkeep
|turn|5
|
|t:|1758934193
|switch|p2a: Carl|Zangoose, F|100/100
|-damage|p2a: Carl|88/100|[from] Stealth Rock
|move|p1a: Quagsire|Spikes|p2a: Carl
|-sidestart|p2: SmogonSmellsButts|Spikes
|
|-heal|p2a: Carl|100/100|[from] move: Wish|[wisher] Cringe
|-status|p2a: Carl|tox|[from] item: Toxic Orb
|upkeep
|turn|6
|
|t:|1758934199
|move|p2a: Carl|Belly Drum|p2a: Carl
|-damage|p2a: Carl|50/100 tox
|-setboost|p2a: Carl|atk|6|[from] move: Belly Drum
|move|p1a: Quagsire|Spikes|p2a: Carl
|-sidestart|p2: SmogonSmellsButts|Spikes
|
|-damage|p2a: Carl|44/100 tox|[from] psn
|upkeep
|turn|7
|
|t:|1758934202
|move|p2a: Carl|Knock Off|p1a: Quagsire
|-damage|p1a: Quagsire|64/100
|-enditem|p1a: Quagsire|Leftovers|[from] move: Knock Off|[of] p2a: Carl
|move|p1a: Quagsire|Haze|p1a: Quagsire
|-clearallboost
|
|-damage|p2a: Carl|32/100 tox|[from] psn
|upkeep
|turn|8
|
|t:|1758934207
|-terastallize|p2a: Carl|Normal
|move|p2a: Carl|Quick Attack|p1a: Quagsire
|-damage|p1a: Quagsire|34/100
|move|p1a: Quagsire|Recover|p1a: Quagsire
|-heal|p1a: Quagsire|84/100
|
|-damage|p2a: Carl|14/100 tox|[from] psn
|upkeep
|turn|9
|
|t:|1758934213
|switch|p2a: Crynge|Hydrapple, M|100/100
|move|p1a: Quagsire|Recover|p1a: Quagsire
|-heal|p1a: Quagsire|100/100
|
|upkeep
|turn|10
|
|t:|1758934222
|switch|p1a: menace|Hoopa|100/100
|move|p2a: Crynge|Earth Power|p1a: menace
|-damage|p1a: menace|85/100
|
|upkeep
|turn|11
|
|t:|1758934228
|move|p1a: menace|Ice Punch|p2a: Crynge
|-supereffective|p2a: Crynge
|-damage|p2a: Crynge|29/100
|move|p2a: Crynge|Fickle Beam|p1a: menace
|-damage|p1a: menace|63/100
|
|upkeep
|turn|12
|-message|SmogonSmellsButts forfeited.
|
|win|dwaugh2
|raw|dwaugh2's rating: 1159 &rarr; <strong>1184</strong><br />(+25 for winning)
|raw|SmogonSmellsButts's rating: 1162 &rarr; <strong>1137</strong><br />(-25 for losing)
|l|☆SmogonSmellsButts
|player|p2|
|l|☆dwaugh2
|player|p1|
