|j|‽bd juju
|j|‽Beetleinthebox4713
|t:|1758915033
|gametype|singles
|player|p1|bd juju|170|1077
|player|p2|Beetleinthebox4713|2|1059
|gen|9
|tier|[Gen 9] OU
|rated|
|rule|HP Percentage Mod: HP is shown in percentages
|rule|Endless Battle Clause: Forcing endless battles is banned
|rule|Species Clause: Limit one of each Pokémon
|rule|OHKO Clause: OHKO moves are banned
|rule|Evasion Items Clause: Evasion items are banned
|rule|Evasion Moves Clause: Evasion moves are banned
|rule|Evasion Abilities Clause: Evasion abilities are banned
|rule|Sleep Moves Clause: Sleep-inducing moves are banned
|clearpoke
|poke|p1|Weezing-Galar, M|
|poke|p1|Scizor, M|
|poke|p1|Garganacl, M|
|poke|p1|Primarina, M|
|poke|p1|Darkrai|
|poke|p1|Landorus-Therian, M|
|poke|p2|Ninetales, F|
|poke|p2|Walking Wake|
|poke|p2|Raging Bolt|
|poke|p2|Iron Moth|
|poke|p2|Hatterene, F|
|poke|p2|Landorus-Therian, M|
|teampreview
|inactive|Battle timer is ON: inactive players will automatically lose when time's up. (requested by Beetleinthebox4713)
|
|t:|1758915046
|teamsize|p1|6
|teamsize|p2|6
|start
|switch|p1a: Landorus|Landorus-Therian, M|100/100
|switch|p2a: Ninetales|Ninetales, F, shiny|100/100
|-ability|p1a: Landorus|Intimidate|boost
|-unboost|p2a: Ninetales|atk|1
|-weather|SunnyDay|[from] ability: Drought|[of] p2a: Ninetales
|turn|1
|
|t:|1758915067
|switch|p2a: Landorus|Landorus-Therian, M|100/100
|-ability|p2a: Landorus|Intimidate|boost
|-unboost|p1a: Landorus|atk|1
|move|p1a: Landorus|Earthquake|p2a: Landorus
|-immune|p2a: Landorus
|
|-weather|SunnyDay|[upkeep]
|upkeep
|turn|2
|
|t:|1758915081
|switch|p1a: Primarina|Primarina, M|100/100
|move|p2a: Landorus|U-turn|p1a: Primarina
|-resisted|p1a: Primarina
|-damage|p1a: Primarina|93/100
|inactive|Beetleinthebox4713 has 120 seconds left.
|
|t:|1758915114
|switch|p2a: Raging Bolt|Raging Bolt|100/100|[from] U-turn
|-activate|p2a: Raging Bolt|ability: Protosynthesis
|-start|p2a: Raging Bolt|protosynthesisspa
|
|-weather|SunnyDay|[upkeep]
|-heal|p1a: Primarina|99/100|[from] item: Leftovers
|upkeep
|turn|3
|inactive|Beetleinthebox4713 has 120 seconds left.
|
|t:|1758915132
|switch|p1a: Landorus|Landorus-Therian, M|100/100
|-ability|p1a: Landorus|Intimidate|boost
|-unboost|p2a: Raging Bolt|atk|1
|move|p2a: Raging Bolt|Thunderclap||[still]
|-fail|p2a: Raging Bolt
|
|-weather|SunnyDay|[upkeep]
|upkeep
|turn|4
|inactive|Beetleinthebox4713 has 120 seconds left.
|
|t:|1758915164
|-terastallize|p2a: Raging Bolt|Grass
|move|p1a: Landorus|Stone Edge|p2a: Raging Bolt
|-damage|p2a: Raging Bolt|66/100
|move|p2a: Raging Bolt|Solar Beam||[still]
|-prepare|p2a: Raging Bolt|Solar Beam
|-anim|p2a: Raging Bolt|Solar Beam|p1a: Landorus
|-damage|p1a: Landorus|0 fnt
|faint|p1a: Landorus
|-damage|p2a: Raging Bolt|56/100|[from] item: Life Orb
|
|-weather|SunnyDay|[upkeep]
|upkeep
|
|t:|1758915179
|switch|p1a: Scizor|Scizor, M|100/100
|turn|5
|
|t:|1758915189
|move|p1a: Scizor|Bullet Punch|p2a: Raging Bolt
|-damage|p2a: Raging Bolt|8/100
|move|p2a: Raging Bolt|Weather Ball|p1a: Scizor
|-supereffective|p1a: Scizor
|-damage|p1a: Scizor|0 fnt
|faint|p1a: Scizor
|-damage|p2a: Raging Bolt|0 fnt|[from] item: Life Orb
|faint|p2a: Raging Bolt
|-end|p2a: Raging Bolt|Protosynthesis|[silent]
|
|-weather|SunnyDay|[upkeep]
|upkeep
|inactive|Beetleinthebox4713 has 90 seconds left.
|inactive|Beetleinthebox4713 has 60 seconds left.
|
|t:|1758915262
|switch|p2a: Walking Wake|Walking Wake|100/100
|switch|p1a: Darkrai|Darkrai|100/100
|-activate|p2a: Walking Wake|ability: Protosynthesis
|-start|p2a: Walking Wake|protosynthesisspe
|turn|6
|
|t:|1758915285
|switch|p1a: Primarina|Primarina, M|99/100
|move|p2a: Walking Wake|Hydro Steam|p1a: Primarina
|-resisted|p1a: Primarina
|-damage|p1a: Primarina|62/100
|
|-weather|SunnyDay|[upkeep]
|-heal|p1a: Primarina|68/100|[from] item: Leftovers
|upkeep
|turn|7
|
|t:|1758915289
|-end|p2a: Walking Wake|Protosynthesis|[silent]
|switch|p2a: Hatterene|Hatterene, F|100/100
|move|p1a: Primarina|Calm Mind|p1a: Primarina
|-boost|p1a: Primarina|spa|1
|-boost|p1a: Primarina|spd|1
|
|-weather|SunnyDay|[upkeep]
|-heal|p1a: Primarina|74/100|[from] item: Leftovers
|upkeep
|turn|8
|
|t:|1758915310
|move|p1a: Primarina|Substitute|p1a: Primarina
|-start|p1a: Primarina|Substitute
|-damage|p1a: Primarina|49/100
|move|p2a: Hatterene|Psychic Noise|p1a: Primarina
|-damage|p1a: Primarina|32/100
|-start|p1a: Primarina|move: Heal Block
|
|-weather|none
|upkeep
|turn|9
|
|t:|1758915340
|move|p1a: Primarina|Psychic Noise|p2a: Hatterene
|-damage|p2a: Hatterene|49/100
|-start|p2a: Hatterene|move: Heal Block
|-enditem|p2a: Hatterene|Eject Button
|inactive|Beetleinthebox4713 has 30 seconds left.
|inactive|Beetleinthebox4713 has 20 seconds left.
|inactive|Beetleinthebox4713 has 15 seconds left.
|
|t:|1758915365
|switch|p2a: Ninetales|Ninetales, F, shiny|100/100
|-weather|SunnyDay|[from] ability: Drought|[of] p2a: Ninetales
|
|-weather|SunnyDay|[upkeep]
|-end|p1a: Primarina|move: Heal Block
|upkeep
|turn|10
|inactive|Beetleinthebox4713 has 25 seconds left this turn.
|inactive|Beetleinthebox4713 has 20 seconds left.
|
|t:|1758915375
|move|p2a: Ninetales|Weather Ball|p1a: Primarina
|-resisted|p1a: Primarina
|-activate|p1a: Primarina|move: Substitute|[damage]
|move|p1a: Primarina|Psychic Noise|p2a: Ninetales
|-supereffective|p2a: Ninetales
|-damage|p2a: Ninetales|52/100
|-start|p2a: Ninetales|move: Heal Block
|
|-weather|SunnyDay|[upkeep]
|-heal|p1a: Primarina|38/100|[from] item: Leftovers
|upkeep
|turn|11
|inactive|Beetleinthebox4713 has 30 seconds left this turn.
|
|t:|1758915385
|move|p2a: Ninetales|Weather Ball|p1a: Primarina
|-resisted|p1a: Primarina
|-activate|p1a: Primarina|move: Substitute|[damage]
|move|p1a: Primarina|Calm Mind|p1a: Primarina
|-boost|p1a: Primarina|spa|1
|-boost|p1a: Primarina|spd|1
|
|-weather|SunnyDay|[upkeep]
|-heal|p1a: Primarina|44/100|[from] item: Leftovers
|-end|p2a: Ninetales|move: Heal Block
|upkeep
|turn|12
|
|t:|1758915390
|move|p2a: Ninetales|Encore|p1a: Primarina
|-start|p1a: Primarina|Encore
|move|p1a: Primarina|Calm Mind|p1a: Primarina
|-boost|p1a: Primarina|spa|1
|-boost|p1a: Primarina|spd|1
|
|-weather|SunnyDay|[upkeep]
|-heal|p1a: Primarina|50/100|[from] item: Leftovers
|upkeep
|turn|13
|inactive|Beetleinthebox4713 has 30 seconds left.
|inactive|Beetleinthebox4713 has 20 seconds left.
|
|t:|1758915415
|switch|p2a: Iron Moth|Iron Moth|100/100
|-enditem|p2a: Iron Moth|Booster Energy
|-activate|p2a: Iron Moth|ability: Quark Drive|[fromitem]
|-start|p2a: Iron Moth|quarkdrivespe
|switch|p1a: Garganacl|Garganacl, M|100/100
|
|-weather|SunnyDay|[upkeep]
|upkeep
|turn|14
|inactive|Beetleinthebox4713 has 30 seconds left this turn.
|inactive|Beetleinthebox4713 has 20 seconds left.
|inactive|Beetleinthebox4713 has 15 seconds left.
|inactive|Beetleinthebox4713 has 10 seconds left.
|
|t:|1758915436
|-end|p2a: Iron Moth|Quark Drive|[silent]
|switch|p2a: Landorus|Landorus-Therian, M|100/100
|-ability|p2a: Landorus|Intimidate|boost
|-unboost|p1a: Garganacl|atk|1
|move|p1a: Garganacl|Salt Cure|p2a: Landorus
|-damage|p2a: Landorus|90/100
|-start|p2a: Landorus|Salt Cure
|
|-weather|SunnyDay|[upkeep]
|-damage|p2a: Landorus|78/100|[from] Salt Cure
|upkeep
|turn|15
|inactive|Beetleinthebox4713 has 20 seconds left this turn.
|inactive|Beetleinthebox4713 has 15 seconds left.
|
|t:|1758915453
|move|p2a: Landorus|Stealth Rock|p1a: Garganacl
|-sidestart|p1: bd juju|move: Stealth Rock
|move|p1a: Garganacl|Stealth Rock|p2a: Landorus
|-sidestart|p2: Beetleinthebox4713|move: Stealth Rock
|
|-weather|SunnyDay|[upkeep]
|-damage|p2a: Landorus|66/100|[from] Salt Cure
|upkeep
|turn|16
|inactive|Beetleinthebox4713 has 25 seconds left this turn.
|inactive|Beetleinthebox4713 has 20 seconds left.
|
|t:|1758915459
|move|p1a: Garganacl|Protect|p1a: Garganacl
|-singleturn|p1a: Garganacl|Protect
|move|p2a: Landorus|Earth Power|p1a: Garganacl
|-activate|p1a: Garganacl|move: Protect
|
|-weather|none
|-damage|p2a: Landorus|53/100|[from] Salt Cure
|upkeep
|turn|17
|inactive|Beetleinthebox4713 has 30 seconds left this turn.
|
|t:|1758915466
|move|p2a: Landorus|Earth Power|p1a: Garganacl
|-supereffective|p1a: Garganacl
|-damage|p1a: Garganacl|56/100
|move|p1a: Garganacl|Recover|p1a: Garganacl
|-heal|p1a: Garganacl|100/100
|
|-damage|p2a: Landorus|41/100|[from] Salt Cure
|upkeep
|turn|18
|
|t:|1758915470
|move|p1a: Garganacl|Protect|p1a: Garganacl
|-singleturn|p1a: Garganacl|Protect
|move|p2a: Landorus|U-turn|p1a: Garganacl
|-activate|p1a: Garganacl|move: Protect
|
|-damage|p2a: Landorus|29/100|[from] Salt Cure
|upkeep
|turn|19
|
|t:|1758915480
|switch|p1a: Primarina|Primarina, M|50/100
|-damage|p1a: Primarina|37/100|[from] Stealth Rock
|move|p2a: Landorus|U-turn|p1a: Primarina
|-resisted|p1a: Primarina
|-damage|p1a: Primarina|30/100
|inactive|Beetleinthebox4713 has 30 seconds left.
|
|t:|1758915503
|switch|p2a: Iron Moth|Iron Moth|100/100|[from] U-turn
|-damage|p2a: Iron Moth|76/100|[from] Stealth Rock
|
|-heal|p1a: Primarina|36/100|[from] item: Leftovers
|upkeep
|turn|20
|
|t:|1758915523
|-terastallize|p1a: Primarina|Steel
|move|p2a: Iron Moth|Sludge Wave|p1a: Primarina
|-immune|p1a: Primarina
|move|p1a: Primarina|Psychic Noise|p2a: Iron Moth
|-supereffective|p2a: Iron Moth
|-damage|p2a: Iron Moth|14/100
|-start|p2a: Iron Moth|move: Heal Block
|
|-heal|p1a: Primarina|43/100|[from] item: Leftovers
|upkeep
|turn|21
|
|t:|1758915530
|switch|p1a: Garganacl|Garganacl, M|100/100
|-damage|p1a: Garganacl|88/100|[from] Stealth Rock
|move|p2a: Iron Moth|Fiery Dance|p1a: Garganacl
|-resisted|p1a: Garganacl
|-damage|p1a: Garganacl|74/100
|-boost|p2a: Iron Moth|spa|1
|
|-heal|p1a: Garganacl|80/100|[from] item: Leftovers
|-end|p2a: Iron Moth|move: Heal Block
|upkeep
|turn|22
|
|t:|1758915541
|move|p1a: Garganacl|Protect|p1a: Garganacl
|-singleturn|p1a: Garganacl|Protect
|move|p2a: Iron Moth|Psychic|p1a: Garganacl
|-activate|p1a: Garganacl|move: Protect
|
|-heal|p1a: Garganacl|86/100|[from] item: Leftovers
|upkeep
|turn|23
|
|t:|1758915547
|move|p2a: Iron Moth|Psychic|p1a: Garganacl
|-damage|p1a: Garganacl|54/100
|move|p1a: Garganacl|Salt Cure|p2a: Iron Moth
|-supereffective|p2a: Iron Moth
|-damage|p2a: Iron Moth|0 fnt
|faint|p2a: Iron Moth
|-end|p2a: Iron Moth|Quark Drive|[silent]
|
|-heal|p1a: Garganacl|60/100|[from] item: Leftovers
|upkeep
|inactive|Beetleinthebox4713 has 30 seconds left.
|
|t:|1758915571
|switch|p2a: Ninetales|Ninetales, F, shiny|52/100
|-damage|p2a: Ninetales|27/100|[from] Stealth Rock
|-weather|SunnyDay|[from] ability: Drought|[of] p2a: Ninetales
|turn|24
|
|t:|1758915590
|switch|p2a: Landorus|Landorus-Therian, M|29/100
|-damage|p2a: Landorus|16/100|[from] Stealth Rock
|-ability|p2a: Landorus|Intimidate|boost
|-unboost|p1a: Garganacl|atk|1
|move|p1a: Garganacl|Salt Cure|p2a: Landorus
|-damage|p2a: Landorus|6/100
|-start|p2a: Landorus|Salt Cure
|
|-weather|SunnyDay|[upkeep]
|-heal|p1a: Garganacl|66/100|[from] item: Leftovers
|-damage|p2a: Landorus|0 fnt|[from] Salt Cure
|faint|p2a: Landorus
|upkeep
|
|t:|1758915594
|switch|p2a: Walking Wake|Walking Wake|100/100
|-damage|p2a: Walking Wake|88/100|[from] Stealth Rock
|-activate|p2a: Walking Wake|ability: Protosynthesis
|-start|p2a: Walking Wake|protosynthesisspe
|turn|25
|
|t:|1758915601
|move|p1a: Garganacl|Protect|p1a: Garganacl
|-singleturn|p1a: Garganacl|Protect
|move|p2a: Walking Wake|Hydro Steam|p1a: Garganacl
|-activate|p1a: Garganacl|move: Protect
|
|-weather|SunnyDay|[upkeep]
|-heal|p1a: Garganacl|72/100|[from] item: Leftovers
|upkeep
|turn|26
|
|t:|1758915604
|switch|p1a: Weezing|Weezing-Galar, M|100/100
|-ability|p1a: Weezing|Neutralizing Gas
|move|p2a: Walking Wake|Hydro Steam|p1a: Weezing
|-damage|p1a: Weezing|0 fnt
|faint|p1a: Weezing
|-end|p1a: Weezing|ability: Neutralizing Gas
|
|-weather|SunnyDay|[upkeep]
|upkeep
|
|t:|1758915614
|switch|p1a: Garganacl|Garganacl, M|72/100
|-damage|p1a: Garganacl|60/100|[from] Stealth Rock
|turn|27
|
|t:|1758915618
|move|p2a: Walking Wake|Hydro Steam|p1a: Garganacl
|-supereffective|p1a: Garganacl
|-damage|p1a: Garganacl|0 fnt
|faint|p1a: Garganacl
|
|-weather|SunnyDay|[upkeep]
|upkeep
|
|t:|1758915620
|switch|p1a: Primarina|Primarina, M, tera:Steel|43/100
|-damage|p1a: Primarina|36/100|[from] Stealth Rock
|turn|28
|
|t:|1758915623
|move|p2a: Walking Wake|Hydro Steam|p1a: Primarina
|-damage|p1a: Primarina|0 fnt
|faint|p1a: Primarina
|
|-weather|SunnyDay|[upkeep]
|upkeep
|
|t:|1758915626
|switch|p1a: Darkrai|Darkrai|100/100
|-damage|p1a: Darkrai|88/100|[from] Stealth Rock
|turn|29
|
|t:|1758915630
|move|p2a: Walking Wake|Hydro Steam|p1a: Darkrai
|-damage|p1a: Darkrai|0 fnt
|faint|p1a: Darkrai
|
|win|Beetleinthebox4713
|raw|bd juju's rating: 1129 &rarr; <strong>1099</strong><br />(-30 for losing)
|raw|Beetleinthebox4713's rating: 1059 &rarr; <strong>1096</strong><br />(+37 for winning)
|l|‽bd juju
|player|p1|
