|badge|p2|bronze|gen9ou|100-6
|badge|p2|silver|gen9ru|30-6
|badge|p2|silver|gen9uu|30-6
|html|<div class="broadcast-red"><strong>This battle is required to be public due to one or more player having a season medal.</strong><br />During the public phase, you can discuss the state of the ladder <a href="/seasondiscussion">in a special chatroom.</a></div>
|uhtml|medal-msg|<div class="broadcast-blue">Curious what those medals under the avatar are? PS now has Ladder Seasons! For more information, check out the <a href="https://www.smogon.com/forums/threads/3740067/">thread on Smogon.</a></div>
|raw|<div class="broadcast-blue"><strong>This battle is required to be public due to a player having a name starting with 'medal'.</div>
|j|☆trunksdelfuturoo
|j|☆Sirpeanutcronch
|t:|1759062584
|gametype|singles
|player|p1|trunksdelfuturoo|102|1704
|player|p2|Sirpeanutcronch|#wcop2025africa|1888
|gen|9
|tier|[Gen 9] OU
|rated|
|rule|HP Percentage Mod: HP is shown in percentages
|rule|Endless Battle Clause: Forcing endless battles is banned
|rule|Species Clause: Limit one of each Pokémon
|rule|OHKO Clause: OHKO moves are banned
|rule|Evasion Items Clause: Evasion items are banned
|rule|Evasion Moves Clause: Evasion moves are banned
|rule|Evasion Abilities Clause: Evasion abilities are banned
|rule|Sleep Moves Clause: Sleep-inducing moves are banned
|clearpoke
|poke|p1|Samurott-Hisui, M|
|poke|p1|Zamazenta-*|
|poke|p1|Glimmora, M|
|poke|p1|Dragapult, F|
|poke|p1|Raging Bolt|
|poke|p1|Blissey, F|
|poke|p2|Primarina, M|
|poke|p2|Corviknight, M|
|poke|p2|Ogerpon, F|
|poke|p2|Ting-Lu|
|poke|p2|Cinderace, M|
|poke|p2|Pecharunt|
|teampreview
|inactive|Battle timer is ON: inactive players will automatically lose when time's up. (requested by Sirpeanutcronch)
|
|t:|1759062597
|teamsize|p1|6
|teamsize|p2|6
|start
|switch|p1a: Korabas|Dragapult, F|100/100
|switch|p2a: Primarina|Primarina, M|100/100
|turn|1
|
|t:|1759062600
|move|p1a: Korabas|U-turn|p2a: Primarina
|-resisted|p2a: Primarina
|-damage|p2a: Primarina|86/100
|
|t:|1759062602
|switch|p1a: Peccado|Blissey, F|100/100|[from] U-turn
|move|p2a: Primarina|Flip Turn|p1a: Peccado
|-damage|p1a: Peccado|71/100
|
|t:|1759062606
|switch|p2a: Cinderace|Cinderace, M|100/100|[from] Flip Turn
|
|upkeep
|turn|2
|
|t:|1759062611
|switch|p1a: Itkovian|Glimmora, M, shiny|100/100
|move|p2a: Cinderace|High Jump Kick|p1a: Itkovian
|-start|p2a: Cinderace|typechange|Fighting|[from] ability: Libero
|-damage|p1a: Itkovian|0 fnt
|-activate|p1a: Itkovian|ability: Toxic Debris
|-sidestart|p2: Sirpeanutcronch|move: Toxic Spikes
|faint|p1a: Itkovian
|
|upkeep
|
|t:|1759062615
|switch|p1a: Gesler|Zamazenta|100/100
|-ability|p1a: Gesler|Dauntless Shield|boost
|-boost|p1a: Gesler|def|1
|turn|3
|
|t:|1759062617
|switch|p2a: Pecharunt|Pecharunt|100/100
|-sideend|p2: Sirpeanutcronch|move: Toxic Spikes|[of] p2a: Pecharunt
|switch|p1a: Toc|Samurott-Hisui, M|100/100
|
|upkeep
|turn|4
|
|t:|1759062621
|switch|p2a: Corviknight|Corviknight, M|100/100
|-ability|p2a: Corviknight|Pressure
|move|p1a: Toc|Aqua Cutter|p2a: Corviknight
|-damage|p2a: Corviknight|52/100
|
|upkeep
|turn|5
|
|t:|1759062639
|move|p1a: Toc|Aqua Cutter|p2a: Corviknight
|-damage|p2a: Corviknight|4/100
|move|p2a: Corviknight|Roost|p2a: Corviknight
|-heal|p2a: Corviknight|54/100
|-singleturn|p2a: Corviknight|move: Roost
|
|upkeep
|turn|6
|
|t:|1759062646
|move|p1a: Toc|Aqua Cutter|p2a: Corviknight
|-damage|p2a: Corviknight|8/100
|move|p2a: Corviknight|Body Press|p1a: Toc
|-supereffective|p1a: Toc
|-damage|p1a: Toc|29/100
|
|upkeep
|turn|7
|
|t:|1759062650
|move|p1a: Toc|Aqua Cutter|p2a: Corviknight
|-damage|p2a: Corviknight|0 fnt
|faint|p2a: Corviknight
|
|upkeep
|
|t:|1759062652
|switch|p2a: Cinderace|Cinderace, M|100/100
|turn|8
|
|t:|1759062655
|switch|p1a: Gesler|Zamazenta|100/100
|move|p2a: Cinderace|U-turn|p1a: Gesler
|-start|p2a: Cinderace|typechange|Bug|[from] ability: Libero
|-resisted|p1a: Gesler
|-damage|p1a: Gesler|85/100
|
|t:|1759062657
|switch|p2a: Pecharunt|Pecharunt|100/100|[from] U-turn
|
|-heal|p1a: Gesler|91/100|[from] item: Leftovers
|upkeep
|turn|9
|
|t:|1759062661
|move|p1a: Gesler|Substitute|p1a: Gesler
|-start|p1a: Gesler|Substitute
|-damage|p1a: Gesler|66/100
|move|p2a: Pecharunt|Malignant Chain|p1a: Gesler
|-activate|p1a: Gesler|move: Substitute|[damage]
|
|-heal|p1a: Gesler|72/100|[from] item: Leftovers
|upkeep
|turn|10
|
|t:|1759062665
|move|p1a: Gesler|Crunch|p2a: Pecharunt
|-supereffective|p2a: Pecharunt
|-damage|p2a: Pecharunt|82/100
|-unboost|p2a: Pecharunt|def|1
|move|p2a: Pecharunt|Shadow Ball|p1a: Gesler
|-end|p1a: Gesler|Substitute
|
|-heal|p1a: Gesler|79/100|[from] item: Leftovers
|upkeep
|turn|11
|
|t:|1759062669
|move|p1a: Gesler|Crunch|p2a: Pecharunt
|-supereffective|p2a: Pecharunt
|-crit|p2a: Pecharunt
|-damage|p2a: Pecharunt|40/100
|move|p2a: Pecharunt|Parting Shot|p1a: Gesler
|-unboost|p1a: Gesler|atk|1
|-unboost|p1a: Gesler|spa|1
|
|t:|1759062672
|switch|p2a: Primarina|Primarina, M|86/100|[from] Parting Shot
|
|-heal|p1a: Gesler|85/100|[from] item: Leftovers
|upkeep
|turn|12
|
|t:|1759062676
|switch|p1a: Peccado|Blissey, F|71/100
|move|p2a: Primarina|Moonblast|p1a: Peccado
|-damage|p1a: Peccado|59/100
|
|upkeep
|turn|13
|
|t:|1759062680
|move|p2a: Primarina|Flip Turn|p1a: Peccado
|-damage|p1a: Peccado|28/100
|
|t:|1759062682
|switch|p2a: Cinderace|Cinderace, M|100/100|[from] Flip Turn
|move|p1a: Peccado|Thunder Wave|p2a: Cinderace
|-status|p2a: Cinderace|par
|
|upkeep
|turn|14
|
|t:|1759062695
|switch|p1a: Toc|Samurott-Hisui, M|29/100
|move|p2a: Cinderace|U-turn|p1a: Toc
|-start|p2a: Cinderace|typechange|Bug|[from] ability: Libero
|-supereffective|p1a: Toc
|-crit|p1a: Toc
|-damage|p1a: Toc|0 fnt
|faint|p1a: Toc
|
|t:|1759062702
|switch|p2a: Ogerpon|Ogerpon, F|100/100|[from] U-turn
|
|upkeep
|
|t:|1759062706
|switch|p1a: Gesler|Zamazenta|85/100
|turn|15
|
|t:|1759062713
|-terastallize|p2a: Ogerpon|Grass
|detailschange|p2a: Ogerpon|Ogerpon-Teal-Tera, F, tera:Grass
|-ability|p2a: Ogerpon|Embody Aspect (Teal)|boost
|-boost|p2a: Ogerpon|spe|1
|move|p2a: Ogerpon|Ivy Cudgel|p1a: Gesler
|-damage|p1a: Gesler|50/100
|move|p1a: Gesler|Iron Defense|p1a: Gesler
|-boost|p1a: Gesler|def|2
|
|-heal|p1a: Gesler|56/100|[from] item: Leftovers
|upkeep
|turn|16
|
|t:|1759062716
|move|p2a: Ogerpon|Encore|p1a: Gesler
|-start|p1a: Gesler|Encore
|move|p1a: Gesler|Iron Defense|p1a: Gesler
|-boost|p1a: Gesler|def|2
|
|-heal|p1a: Gesler|62/100|[from] item: Leftovers
|upkeep
|turn|17
|j| cynasaurus
|j| 0zorcNecropHades
|
|t:|1759062721
|move|p2a: Ogerpon|Knock Off|p1a: Gesler
|-resisted|p1a: Gesler
|-damage|p1a: Gesler|59/100
|-enditem|p1a: Gesler|Leftovers|[from] move: Knock Off|[of] p2a: Ogerpon
|move|p1a: Gesler|Iron Defense|p1a: Gesler
|-boost|p1a: Gesler|def|2
|
|upkeep
|turn|18
|
|t:|1759062726
|move|p2a: Ogerpon|Ivy Cudgel|p1a: Gesler
|-damage|p1a: Gesler|49/100
|move|p1a: Gesler|Iron Defense|p1a: Gesler
|-boost|p1a: Gesler|def|0
|
|-end|p1a: Gesler|Encore
|upkeep
|turn|19
|
|t:|1759062729
|move|p2a: Ogerpon|Encore|p1a: Gesler
|-start|p1a: Gesler|Encore
|move|p1a: Gesler|Iron Defense|p1a: Gesler
|-boost|p1a: Gesler|def|0
|
|upkeep
|turn|20
|
|t:|1759062731
|move|p2a: Ogerpon|Ivy Cudgel|p1a: Gesler
|-damage|p1a: Gesler|40/100
|move|p1a: Gesler|Iron Defense|p1a: Gesler
|-boost|p1a: Gesler|def|0
|
|upkeep
|turn|21
|-message|trunksdelfuturoo forfeited.
|
|win|Sirpeanutcronch
|raw|trunksdelfuturoo's rating: 1704 &rarr; <strong>1694</strong><br />(-10 for losing)
|raw|Sirpeanutcronch's rating: 1888 &rarr; <strong>1898</strong><br />(+10 for winning)
|l|☆trunksdelfuturoo
|player|p1|
