|j|☆kaspair
|j|☆vonia
|t:|1758968712
|gametype|singles
|player|p1|kaspair|hexmaniac-gen3|1380
|player|p2|vonia|170|1324
|gen|9
|tier|[Gen 9] OU
|rated|
|rule|HP Percentage Mod: HP is shown in percentages
|rule|Endless Battle Clause: Forcing endless battles is banned
|rule|Species Clause: Limit one of each Pokémon
|rule|OHKO Clause: OHKO moves are banned
|rule|Evasion Items Clause: Evasion items are banned
|rule|Evasion Moves Clause: Evasion moves are banned
|rule|Evasion Abilities Clause: Evasion abilities are banned
|rule|Sleep Moves Clause: Sleep-inducing moves are banned
|clearpoke
|poke|p1|Raikou|
|poke|p1|Slowking-Galar, F|
|poke|p1|Samurott-Hisui, F|
|poke|p1|Iron Treads|
|poke|p1|Hydrapple, F|
|poke|p1|Zamazenta-*|
|poke|p2|Gyarados, M|
|poke|p2|Incineroar, M|
|poke|p2|Corviknight, M|
|poke|p2|Umbreon, M|
|poke|p2|Clodsire, M|
|poke|p2|Hatterene, F|
|teampreview
|inactive|Battle timer is ON: inactive players will automatically lose when time's up. (requested by kaspair)
|
|t:|1758968718
|teamsize|p1|6
|teamsize|p2|6
|start
|switch|p1a: Die Sekiro|Samurott-Hisui, F|100/100
|switch|p2a: Incineroar|Incineroar, M|100/100
|-ability|p2a: Incineroar|Intimidate|boost
|-unboost|p1a: Die Sekiro|atk|1
|turn|1
|
|t:|1758968731
|move|p1a: Die Sekiro|Knock Off|p2a: Incineroar
|-resisted|p2a: Incineroar
|-damage|p2a: Incineroar|91/100
|-enditem|p2a: Incineroar|Heavy-Duty Boots|[from] move: Knock Off|[of] p1a: Die Sekiro
|move|p2a: Incineroar|Will-O-Wisp|p1a: Die Sekiro
|-status|p1a: Die Sekiro|brn
|
|-damage|p1a: Die Sekiro|94/100 brn|[from] brn
|upkeep
|turn|2
|
|t:|1758968740
|move|p1a: Die Sekiro|Ceaseless Edge|p2a: Incineroar
|-resisted|p2a: Incineroar
|-damage|p2a: Incineroar|86/100
|-sidestart|p2: vonia|Spikes
|move|p2a: Incineroar|Drain Punch|p1a: Die Sekiro
|-supereffective|p1a: Die Sekiro
|-damage|p1a: Die Sekiro|43/100 brn
|-heal|p2a: Incineroar|100/100|[from] drain|[of] p1a: Die Sekiro
|
|-damage|p1a: Die Sekiro|36/100 brn|[from] brn
|upkeep
|turn|3
|
|t:|1758968761
|switch|p1a: Fighting Master|Zamazenta|100/100
|-ability|p1a: Fighting Master|Dauntless Shield|boost
|-boost|p1a: Fighting Master|def|1
|switch|p2a: Corviknight|Corviknight, M|100/100
|-ability|p2a: Corviknight|Pressure
|
|upkeep
|turn|4
|
|t:|1758968779
|switch|p1a: Rai Charles|Raikou|100/100
|-ability|p1a: Rai Charles|Pressure
|switch|p2a: Gyarados|Gyarados, M, shiny|100/100
|-ability|p2a: Gyarados|Intimidate|boost
|-unboost|p1a: Rai Charles|atk|1
|
|upkeep
|turn|5
|
|t:|1758968788
|switch|p2a: Clodsire|Clodsire, M, shiny|100/100
|-damage|p2a: Clodsire|88/100|[from] Spikes
|move|p1a: Rai Charles|Volt Switch|p2a: Clodsire
|-immune|p2a: Clodsire
|
|-heal|p2a: Clodsire|94/100|[from] item: Leftovers
|upkeep
|turn|6
|inactive|kaspair has 120 seconds left.
|
|t:|1758968808
|switch|p1a: Treadmill Tungsten|Iron Treads|100/100
|move|p2a: Clodsire|Earthquake|p1a: Treadmill Tungsten
|-supereffective|p1a: Treadmill Tungsten
|-damage|p1a: Treadmill Tungsten|49/100
|
|-heal|p2a: Clodsire|100/100|[from] item: Leftovers
|upkeep
|turn|7
|
|t:|1758968818
|switch|p2a: Corviknight|Corviknight, M|100/100
|-ability|p2a: Corviknight|Pressure
|move|p1a: Treadmill Tungsten|Earthquake|p2a: Corviknight
|-immune|p2a: Corviknight
|
|upkeep
|turn|8
|
|t:|1758968824
|move|p1a: Treadmill Tungsten|Stealth Rock|p2a: Corviknight
|-sidestart|p2: vonia|move: Stealth Rock
|move|p2a: Corviknight|Defog|p1a: Treadmill Tungsten
|-unboost|p1a: Treadmill Tungsten|evasion|1
|-sideend|p2: vonia|Spikes|[from] move: Defog|[of] p2a: Corviknight
|-sideend|p2: vonia|Stealth Rock|[from] move: Defog|[of] p2a: Corviknight
|
|upkeep
|turn|9
|
|t:|1758968830
|switch|p2a: Hatterene|Hatterene, F, shiny|100/100
|move|p1a: Treadmill Tungsten|Stealth Rock|p2a: Hatterene
|move|p2a: Hatterene|Stealth Rock|p1a: Treadmill Tungsten|[from] ability: Magic Bounce
|-sidestart|p1: kaspair|move: Stealth Rock
|
|upkeep
|turn|10
|-message|kaspair forfeited.
|
|win|vonia
|raw|kaspair's rating: 1380 &rarr; <strong>1357</strong><br />(-23 for losing)
|raw|vonia's rating: 1324 &rarr; <strong>1347</strong><br />(+23 for winning)
|l|☆kaspair
|player|p1|
|l|☆vonia
|player|p2|
