|j|☆Arcangel666
|j|☆lerendezvous
|t:|1758922191
|gametype|singles
|player|p1|Arcangel666|steven|1704
|player|p2|lerendezvous|101|1709
|gen|9
|tier|[Gen 9] OU
|rated|
|rule|HP Percentage Mod: HP is shown in percentages
|rule|Endless Battle Clause: Forcing endless battles is banned
|rule|Species Clause: Limit one of each Pokémon
|rule|OHKO Clause: OHKO moves are banned
|rule|Evasion Items Clause: Evasion items are banned
|rule|Evasion Moves Clause: Evasion moves are banned
|rule|Evasion Abilities Clause: Evasion abilities are banned
|rule|Sleep Moves Clause: Sleep-inducing moves are banned
|clearpoke
|poke|p1|Ting-Lu|
|poke|p1|Kingambit, M|
|poke|p1|Dragapult, M|
|poke|p1|Skeledirge, F|
|poke|p1|Iron Valiant|
|poke|p1|Rotom-Wash|
|poke|p2|Ogerpon-Wellspring, F|
|poke|p2|Slowking-Galar, M|
|poke|p2|Great Tusk|
|poke|p2|Moltres|
|poke|p2|Dragapult, F|
|poke|p2|Kingambit, M|
|teampreview
|
|t:|1758922200
|teamsize|p1|6
|teamsize|p2|6
|start
|switch|p1a: Ting-Lu|Ting-Lu|100/100
|switch|p2a: Kingambit|Kingambit, M|100/100
|-ability|p1a: Ting-Lu|Vessel of Ruin
|turn|1
|inactive|Battle timer is ON: inactive players will automatically lose when time's up. (requested by lerendezvous)
|
|t:|1758922206
|-end|p2a: Kingambit|fallenundefined|[silent]
|switch|p2a: Ogerpon|Ogerpon-Wellspring, F|100/100
|move|p1a: Ting-Lu|Stealth Rock|p2a: Ogerpon
|-sidestart|p2: lerendezvous|move: Stealth Rock
|
|upkeep
|turn|2
|
|t:|1758922213
|switch|p1a: Dragapult|Dragapult, M, shiny|100/100
|move|p2a: Ogerpon|Ivy Cudgel|p1a: Dragapult|[anim] Ivy Cudgel Water
|-resisted|p1a: Dragapult
|-damage|p1a: Dragapult|53/100
|
|-heal|p1a: Dragapult|59/100|[from] item: Leftovers
|upkeep
|turn|3
|j| araquaniddle
|
|t:|1758922223
|move|p1a: Dragapult|Dragon Darts|p2a: Ogerpon
|-damage|p2a: Ogerpon|66/100
|-anim|p1a: Dragapult|Dragon Darts|p2a: Ogerpon
|-damage|p2a: Ogerpon|27/100
|move|p2a: Ogerpon|Knock Off|p1a: Dragapult
|-supereffective|p1a: Dragapult
|-damage|p1a: Dragapult|0 fnt
|-enditem|p1a: Dragapult|Leftovers|[from] move: Knock Off|[of] p2a: Ogerpon
|faint|p1a: Dragapult
|
|upkeep
|
|t:|1758922226
|switch|p1a: Iron Valiant|Iron Valiant, shiny|100/100
|turn|4
|
|t:|1758922232
|switch|p2a: Slowking|Slowking-Galar, M|100/100
|-damage|p2a: Slowking|88/100|[from] Stealth Rock
|move|p1a: Iron Valiant|Shadow Ball|p2a: Slowking
|-supereffective|p2a: Slowking
|-damage|p2a: Slowking|48/100
|-unboost|p2a: Slowking|spd|1
|
|upkeep
|turn|5
|
|t:|1758922239
|-end|p1a: Iron Valiant|Quark Drive|[silent]
|switch|p1a: Rotom|Rotom-Wash, shiny|100/100
|switch|p2a: Ogerpon|Ogerpon-Wellspring, F|27/100
|-damage|p2a: Ogerpon|15/100|[from] Stealth Rock
|
|upkeep
|turn|6
|
|t:|1758922245
|move|p2a: Ogerpon|Power Whip|p1a: Rotom|[miss]
|-miss|p2a: Ogerpon|p1a: Rotom
|move|p1a: Rotom|Thunderbolt|p2a: Ogerpon
|-damage|p2a: Ogerpon|0 fnt
|faint|p2a: Ogerpon
|
|upkeep
|
|t:|1758922252
|switch|p2a: Slowking|Slowking-Galar, M|81/100
|-damage|p2a: Slowking|69/100|[from] Stealth Rock
|turn|7
|
|t:|1758922257
|move|p1a: Rotom|Thunder Wave|p2a: Slowking
|-status|p2a: Slowking|par
|cant|p2a: Slowking|par
|
|upkeep
|turn|8
|
|t:|1758922263
|switch|p1a: Ting-Lu|Ting-Lu|100/100
|-ability|p1a: Ting-Lu|Vessel of Ruin
|switch|p2a: Great Tusk|Great Tusk|100/100
|-damage|p2a: Great Tusk|98/100|[from] Stealth Rock
|
|upkeep
|turn|9
|
|t:|1758922269
|move|p2a: Great Tusk|Stealth Rock|p1a: Ting-Lu
|-sidestart|p1: Arcangel666|move: Stealth Rock
|move|p1a: Ting-Lu|Ruination|p2a: Great Tusk
|-damage|p2a: Great Tusk|49/100
|
|upkeep
|turn|10
|
|t:|1758922276
|switch|p1a: Skeledirge|Skeledirge, F, shiny|100/100
|move|p2a: Great Tusk|Headlong Rush|p1a: Skeledirge
|-supereffective|p1a: Skeledirge
|-damage|p1a: Skeledirge|23/100
|-unboost|p2a: Great Tusk|def|1
|-unboost|p2a: Great Tusk|spd|1
|
|upkeep
|turn|11
|j| Lamp0821
|j| xmagic_77
|
|t:|1758922285
|move|p2a: Great Tusk|Headlong Rush|p1a: Skeledirge
|-supereffective|p1a: Skeledirge
|-damage|p1a: Skeledirge|0 fnt
|-unboost|p2a: Great Tusk|def|1
|-unboost|p2a: Great Tusk|spd|1
|faint|p1a: Skeledirge
|
|upkeep
|
|t:|1758922288
|switch|p1a: Rotom|Rotom-Wash, shiny|100/100
|-damage|p1a: Rotom|88/100|[from] Stealth Rock
|turn|12
|
|t:|1758922293
|-end|p2a: Great Tusk|Protosynthesis|[silent]
|switch|p2a: Slowking|Slowking-Galar, M|100/100 par
|-damage|p2a: Slowking|88/100 par|[from] Stealth Rock
|move|p1a: Rotom|Hydro Pump|p2a: Slowking
|-damage|p2a: Slowking|62/100 par
|
|-heal|p1a: Rotom|94/100|[from] item: Leftovers
|upkeep
|turn|13
|
|t:|1758922301
|switch|p2a: Great Tusk|Great Tusk|49/100
|-damage|p2a: Great Tusk|46/100|[from] Stealth Rock
|move|p1a: Rotom|Nasty Plot|p1a: Rotom
|-boost|p1a: Rotom|spa|2
|
|-heal|p1a: Rotom|100/100|[from] item: Leftovers
|upkeep
|turn|14
|l| Lamp0821
|
|t:|1758922306
|move|p2a: Great Tusk|Rapid Spin|p1a: Rotom
|-damage|p1a: Rotom|78/100
|-boost|p2a: Great Tusk|spe|1
|-sideend|p2: lerendezvous|Stealth Rock|[from] move: Rapid Spin|[of] p2a: Great Tusk
|move|p1a: Rotom|Hydro Pump|p2a: Great Tusk
|-supereffective|p2a: Great Tusk
|-damage|p2a: Great Tusk|0 fnt
|faint|p2a: Great Tusk
|-end|p2a: Great Tusk|Protosynthesis|[silent]
|
|-heal|p1a: Rotom|84/100|[from] item: Leftovers
|upkeep
|
|t:|1758922313
|switch|p2a: Dragapult|Dragapult, F|100/100
|turn|15
|
|t:|1758922318
|switch|p1a: Ting-Lu|Ting-Lu|100/100
|-damage|p1a: Ting-Lu|94/100|[from] Stealth Rock
|-ability|p1a: Ting-Lu|Vessel of Ruin
|move|p2a: Dragapult|Dragon Darts|p1a: Ting-Lu
|-damage|p1a: Ting-Lu|81/100
|-anim|p2a: Dragapult|Dragon Darts|p1a: Ting-Lu
|-damage|p1a: Ting-Lu|70/100
|
|-heal|p1a: Ting-Lu|76/100|[from] item: Leftovers
|upkeep
|turn|16
|
|t:|1758922326
|move|p2a: Dragapult|Will-O-Wisp|p1a: Ting-Lu|[miss]
|-miss|p2a: Dragapult|p1a: Ting-Lu
|move|p1a: Ting-Lu|Spikes|p2a: Dragapult
|-sidestart|p2: lerendezvous|Spikes
|
|-heal|p1a: Ting-Lu|82/100|[from] item: Leftovers
|upkeep
|turn|17
|
|t:|1758922332
|move|p2a: Dragapult|U-turn|p1a: Ting-Lu
|-supereffective|p1a: Ting-Lu
|-damage|p1a: Ting-Lu|59/100
|
|t:|1758922338
|switch|p2a: Kingambit|Kingambit, M|100/100|[from] U-turn
|-damage|p2a: Kingambit|88/100|[from] Spikes
|-activate|p2a: Kingambit|ability: Supreme Overlord
|-start|p2a: Kingambit|fallen2|[silent]
|move|p1a: Ting-Lu|Stealth Rock|p2a: Kingambit
|-sidestart|p2: lerendezvous|move: Stealth Rock
|
|-heal|p2a: Kingambit|94/100|[from] item: Leftovers
|-heal|p1a: Ting-Lu|65/100|[from] item: Leftovers
|upkeep
|turn|18
|
|t:|1758922344
|-end|p2a: Kingambit|fallen2|[silent]
|switch|p2a: Dragapult|Dragapult, F|100/100
|move|p1a: Ting-Lu|Ruination|p2a: Dragapult
|-damage|p2a: Dragapult|51/100
|
|-heal|p1a: Ting-Lu|71/100|[from] item: Leftovers
|upkeep
|turn|19
|
|t:|1758922351
|move|p2a: Dragapult|Dragon Darts|p1a: Ting-Lu
|-damage|p1a: Ting-Lu|59/100
|-anim|p2a: Dragapult|Dragon Darts|p1a: Ting-Lu
|-damage|p1a: Ting-Lu|47/100
|move|p1a: Ting-Lu|Spikes|p2a: Dragapult
|-sidestart|p2: lerendezvous|Spikes
|
|-heal|p1a: Ting-Lu|53/100|[from] item: Leftovers
|upkeep
|turn|20
|
|t:|1758922358
|move|p2a: Dragapult|Dragon Darts|p1a: Ting-Lu
|-damage|p1a: Ting-Lu|42/100
|-anim|p2a: Dragapult|Dragon Darts|p1a: Ting-Lu
|-damage|p1a: Ting-Lu|30/100
|move|p1a: Ting-Lu|Spikes|p2a: Dragapult
|-sidestart|p2: lerendezvous|Spikes
|
|-heal|p1a: Ting-Lu|36/100|[from] item: Leftovers
|upkeep
|turn|21
|j| PSand4Life
|
|t:|1758922364
|switch|p1a: Iron Valiant|Iron Valiant, shiny|100/100
|-damage|p1a: Iron Valiant|94/100|[from] Stealth Rock
|move|p2a: Dragapult|Dragon Darts|p1a: Iron Valiant
|-immune|p1a: Iron Valiant
|
|upkeep
|turn|22
|
|t:|1758922370
|move|p2a: Dragapult|U-turn|p1a: Iron Valiant
|-resisted|p1a: Iron Valiant
|-damage|p1a: Iron Valiant|88/100
|
|t:|1758922376
|switch|p2a: Slowking|Slowking-Galar, M|95/100 par|[from] U-turn
|-damage|p2a: Slowking|70/100 par|[from] Spikes
|-damage|p2a: Slowking|58/100 par|[from] Stealth Rock
|move|p1a: Iron Valiant|Trick|p2a: Slowking
|-activate|p1a: Iron Valiant|move: Trick|[of] p2a: Slowking
|-item|p2a: Slowking|Choice Specs|[from] move: Trick
|-item|p1a: Iron Valiant|Assault Vest|[from] move: Trick
|
|upkeep
|turn|23
|
|t:|1758922384
|-end|p1a: Iron Valiant|Quark Drive|[silent]
|switch|p1a: Kingambit|Kingambit, M, shiny|100/100
|-activate|p1a: Kingambit|ability: Supreme Overlord
|-start|p1a: Kingambit|fallen2|[silent]
|-terastallize|p2a: Slowking|Water
|move|p2a: Slowking|Psyshock|p1a: Kingambit
|-immune|p1a: Kingambit
|
|upkeep
|turn|24
|
|t:|1758922390
|-end|p1a: Kingambit|fallen2|[silent]
|switch|p1a: Rotom|Rotom-Wash, shiny|84/100
|-damage|p1a: Rotom|71/100|[from] Stealth Rock
|switch|p2a: Moltres|Moltres|100/100
|
|-heal|p1a: Rotom|78/100|[from] item: Leftovers
|upkeep
|turn|25
|
|t:|1758922396
|switch|p2a: Slowking|Slowking-Galar, M, tera:Water|91/100 par
|-damage|p2a: Slowking|66/100 par|[from] Spikes
|-damage|p2a: Slowking|54/100 par|[from] Stealth Rock
|move|p1a: Rotom|Thunder Wave|p2a: Slowking
|-fail|p2a: Slowking|par
|
|-heal|p1a: Rotom|84/100|[from] item: Leftovers
|upkeep
|turn|26
|
|t:|1758922401
|move|p1a: Rotom|Thunderbolt|p2a: Slowking
|-supereffective|p2a: Slowking
|-damage|p2a: Slowking|0 fnt
|faint|p2a: Slowking
|
|-heal|p1a: Rotom|90/100|[from] item: Leftovers
|upkeep
|
|t:|1758922407
|switch|p2a: Dragapult|Dragapult, F|51/100
|turn|27
|
|t:|1758922414
|move|p2a: Dragapult|Dragon Darts|p1a: Rotom
|-damage|p1a: Rotom|64/100
|-anim|p2a: Dragapult|Dragon Darts|p1a: Rotom
|-damage|p1a: Rotom|34/100
|move|p1a: Rotom|Thunder Wave|p2a: Dragapult
|-status|p2a: Dragapult|par
|
|-heal|p1a: Rotom|40/100|[from] item: Leftovers
|upkeep
|turn|28
|
|t:|1758922421
|switch|p1a: Ting-Lu|Ting-Lu|36/100
|-damage|p1a: Ting-Lu|30/100|[from] Stealth Rock
|-ability|p1a: Ting-Lu|Vessel of Ruin
|move|p2a: Dragapult|Dragon Darts|p1a: Ting-Lu
|-damage|p1a: Ting-Lu|19/100
|-anim|p2a: Dragapult|Dragon Darts|p1a: Ting-Lu
|-damage|p1a: Ting-Lu|7/100
|
|-heal|p1a: Ting-Lu|13/100|[from] item: Leftovers
|upkeep
|turn|29
|
|t:|1758922427
|move|p2a: Dragapult|Dragon Darts|p1a: Ting-Lu
|-damage|p1a: Ting-Lu|1/100
|-anim|p2a: Dragapult|Dragon Darts|p1a: Ting-Lu
|-damage|p1a: Ting-Lu|0 fnt
|faint|p1a: Ting-Lu
|
|upkeep
|
|t:|1758922429
|switch|p1a: Iron Valiant|Iron Valiant, shiny|88/100
|-damage|p1a: Iron Valiant|81/100|[from] Stealth Rock
|turn|30
|
|t:|1758922434
|switch|p2a: Moltres|Moltres|100/100
|move|p1a: Iron Valiant|Shadow Ball|p2a: Moltres
|-damage|p2a: Moltres|73/100
|
|upkeep
|turn|31
|
|t:|1758922440
|-end|p1a: Iron Valiant|Quark Drive|[silent]
|switch|p1a: Rotom|Rotom-Wash, shiny|40/100
|-damage|p1a: Rotom|27/100|[from] Stealth Rock
|move|p2a: Moltres|Roost|p2a: Moltres
|-heal|p2a: Moltres|100/100
|-singleturn|p2a: Moltres|move: Roost
|
|-heal|p1a: Rotom|34/100|[from] item: Leftovers
|upkeep
|turn|32
|l| PSand4Life
|
|t:|1758922446
|switch|p2a: Kingambit|Kingambit, M|94/100
|-damage|p2a: Kingambit|70/100|[from] Spikes
|-damage|p2a: Kingambit|63/100|[from] Stealth Rock
|-activate|p2a: Kingambit|ability: Supreme Overlord
|-start|p2a: Kingambit|fallen3|[silent]
|move|p1a: Rotom|Hydro Pump|p2a: Kingambit
|-damage|p2a: Kingambit|12/100
|
|-heal|p1a: Rotom|40/100|[from] item: Leftovers
|-heal|p2a: Kingambit|18/100|[from] item: Leftovers
|upkeep
|turn|33
|
|t:|1758922452
|switch|p1a: Kingambit|Kingambit, M, shiny|100/100
|-activate|p1a: Kingambit|ability: Supreme Overlord
|-start|p1a: Kingambit|fallen3|[silent]
|move|p2a: Kingambit|Swords Dance|p2a: Kingambit
|-boost|p2a: Kingambit|atk|2
|
|-heal|p2a: Kingambit|24/100|[from] item: Leftovers
|upkeep
|turn|34
|
|t:|1758922458
|move|p2a: Kingambit|Iron Head|p1a: Kingambit
|-resisted|p1a: Kingambit
|-damage|p1a: Kingambit|52/100
|cant|p1a: Kingambit|flinch
|
|-heal|p2a: Kingambit|30/100|[from] item: Leftovers
|upkeep
|turn|35
|
|t:|1758922469
|move|p2a: Kingambit|Iron Head|p1a: Kingambit
|-resisted|p1a: Kingambit
|-damage|p1a: Kingambit|8/100
|cant|p1a: Kingambit|flinch
|
|-heal|p2a: Kingambit|36/100|[from] item: Leftovers
|upkeep
|turn|36
|
|t:|1758922477
|-end|p1a: Kingambit|fallen3|[silent]
|switch|p1a: Iron Valiant|Iron Valiant, shiny|81/100
|-damage|p1a: Iron Valiant|75/100|[from] Stealth Rock
|move|p2a: Kingambit|Iron Head|p1a: Iron Valiant
|-supereffective|p1a: Iron Valiant
|-damage|p1a: Iron Valiant|0 fnt
|faint|p1a: Iron Valiant
|-end|p1a: Iron Valiant|Quark Drive|[silent]
|
|-heal|p2a: Kingambit|43/100|[from] item: Leftovers
|upkeep
|
|t:|1758922480
|switch|p1a: Rotom|Rotom-Wash, shiny|40/100
|-damage|p1a: Rotom|27/100|[from] Stealth Rock
|turn|37
|
|t:|1758922485
|move|p1a: Rotom|Thunder Wave|p2a: Kingambit
|-status|p2a: Kingambit|par
|move|p2a: Kingambit|Iron Head|p1a: Rotom
|-resisted|p1a: Rotom
|-damage|p1a: Rotom|0 fnt
|faint|p1a: Rotom
|
|-heal|p2a: Kingambit|49/100 par|[from] item: Leftovers
|upkeep
|
|t:|1758922488
|switch|p1a: Kingambit|Kingambit, M, shiny|8/100
|-activate|p1a: Kingambit|ability: Supreme Overlord
|-start|p1a: Kingambit|fallen5|[silent]
|turn|38
|
|t:|1758922493
|-end|p2a: Kingambit|fallen3|[silent]
|switch|p2a: Moltres|Moltres|100/100
|move|p1a: Kingambit|Swords Dance|p1a: Kingambit
|-boost|p1a: Kingambit|atk|2
|
|upkeep
|turn|39
|
|t:|1758922498
|move|p1a: Kingambit|Sucker Punch|p2a: Moltres
|-damage|p2a: Moltres|13/100
|move|p2a: Moltres|Flamethrower|p1a: Kingambit
|-supereffective|p1a: Kingambit
|-crit|p1a: Kingambit
|-damage|p1a: Kingambit|0 fnt
|faint|p1a: Kingambit
|-end|p1a: Kingambit|fallen5|[silent]
|
|win|lerendezvous
|raw|Arcangel666's rating: 1704 &rarr; <strong>1684</strong><br />(-20 for losing)
|raw|lerendezvous's rating: 1709 &rarr; <strong>1729</strong><br />(+20 for winning)
|l|☆lerendezvous
|player|p2|
|l|☆Arcangel666
|player|p1|
|l| xmagic_77
|l| araquaniddle
