|j|☆clearnote01
|j|☆thenameofafish
|t:|1759009627
|gametype|singles
|player|p1|clearnote01|169|1205
|player|p2|thenameofafish|policeman-gen4|1256
|gen|9
|tier|[Gen 9] OU
|rated|
|rule|HP Percentage Mod: HP is shown in percentages
|rule|Endless Battle Clause: Forcing endless battles is banned
|rule|Species Clause: Limit one of each Pokémon
|rule|OHKO Clause: OHKO moves are banned
|rule|Evasion Items Clause: Evasion items are banned
|rule|Evasion Moves Clause: Evasion moves are banned
|rule|Evasion Abilities Clause: Evasion abilities are banned
|rule|Sleep Moves Clause: Sleep-inducing moves are banned
|clearpoke
|poke|p1|Ting-Lu|
|poke|p1|Alomomola, M|
|poke|p1|Slowking-Galar, M|
|poke|p1|Gholdengo|
|poke|p1|Great Tusk|
|poke|p1|Enamorus, F|
|poke|p2|Hatterene, F|
|poke|p2|Torkoal, F|
|poke|p2|Iron Hands|
|poke|p2|Ursaluna, M|
|poke|p2|Deoxys-Defense|
|poke|p2|Dragapult, M|
|teampreview
|inactive|Battle timer is ON: inactive players will automatically lose when time's up. (requested by clearnote01)
|
|t:|1759009637
|teamsize|p1|6
|teamsize|p2|6
|start
|switch|p1a: Slowking|Slowking-Galar, M|100/100
|switch|p2a: Deoxys|Deoxys-Defense|100/100
|-ability|p2a: Deoxys|Pressure
|turn|1
|
|t:|1759009653
|move|p1a: Slowking|Thunder Wave|p2a: Deoxys
|-status|p2a: Deoxys|par
|cant|p2a: Deoxys|par
|
|upkeep
|turn|2
|
|t:|1759009660
|move|p1a: Slowking|Hex|p2a: Deoxys
|-supereffective|p2a: Deoxys
|-damage|p2a: Deoxys|66/100 par
|move|p2a: Deoxys|Trick Room|p2a: Deoxys
|-fieldstart|move: Trick Room|[of] p2a: Deoxys
|
|-heal|p2a: Deoxys|72/100 par|[from] item: Leftovers
|upkeep
|turn|3
|
|t:|1759009667
|move|p1a: Slowking|Future Sight|p2a: Deoxys
|-start|p1a: Slowking|move: Future Sight
|move|p2a: Deoxys|Teleport|p2a: Deoxys
|
|t:|1759009673
|switch|p2a: no rocks|Torkoal, F|100/100|[from] Teleport
|-weather|SunnyDay|[from] ability: Drought|[of] p2a: no rocks
|
|-weather|SunnyDay|[upkeep]
|upkeep
|turn|4
|
|t:|1759009684
|-terastallize|p2a: no rocks|Fire
|move|p2a: no rocks|Eruption|p1a: Slowking
|-damage|p1a: Slowking|0 fnt
|faint|p1a: Slowking
|
|-weather|SunnyDay|[upkeep]
|upkeep
|
|t:|1759009691
|switch|p1a: Alomomola|Alomomola, M|100/100
|turn|5
|
|t:|1759009703
|switch|p2a: Deoxys|Deoxys-Defense|72/100 par
|-ability|p2a: Deoxys|Pressure
|move|p1a: Alomomola|Scald|p2a: Deoxys
|-damage|p2a: Deoxys|68/100 par
|
|-weather|SunnyDay|[upkeep]
|-end|p2a: Deoxys|move: Future Sight
|-resisted|p2a: Deoxys
|-damage|p2a: Deoxys|54/100 par
|-heal|p2a: Deoxys|60/100 par|[from] item: Leftovers
|upkeep
|turn|6
|
|t:|1759009717
|move|p2a: Deoxys|Recover|p2a: Deoxys
|-heal|p2a: Deoxys|100/100 par
|move|p1a: Alomomola|Wish|p1a: Alomomola
|
|-weather|SunnyDay|[upkeep]
|-fieldend|move: Trick Room
|upkeep
|turn|7
|
|t:|1759009725
|switch|p1a: Gholdengo|Gholdengo|100/100
|cant|p2a: Deoxys|par
|
|-weather|none
|upkeep
|turn|8
|
|t:|1759009739
|switch|p1a: Great Tusk|Great Tusk|100/100
|move|p2a: Deoxys|Trick Room|p2a: Deoxys
|-fieldstart|move: Trick Room|[of] p2a: Deoxys
|
|upkeep
|turn|9
|
|t:|1759009746
|move|p1a: Great Tusk|Knock Off|p2a: Deoxys
|-supereffective|p2a: Deoxys
|-damage|p2a: Deoxys|62/100 par
|-enditem|p2a: Deoxys|Leftovers|[from] move: Knock Off|[of] p1a: Great Tusk
|move|p2a: Deoxys|Teleport|p2a: Deoxys
|
|t:|1759009753
|switch|p2a: no rocks|Torkoal, F, tera:Fire|100/100|[from] Teleport
|-weather|SunnyDay|[from] ability: Drought|[of] p2a: no rocks
|-activate|p1a: Great Tusk|ability: Protosynthesis
|-start|p1a: Great Tusk|protosynthesisdef
|
|-weather|SunnyDay|[upkeep]
|upkeep
|turn|10
|
|t:|1759009763
|move|p2a: no rocks|Eruption|p1a: Great Tusk
|-damage|p1a: Great Tusk|0 fnt
|faint|p1a: Great Tusk
|-end|p1a: Great Tusk|Protosynthesis|[silent]
|
|-weather|SunnyDay|[upkeep]
|upkeep
|
|t:|1759009770
|switch|p1a: Ting-Lu|Ting-Lu|100/100
|-ability|p1a: Ting-Lu|Vessel of Ruin
|turn|11
|
|t:|1759009776
|move|p2a: no rocks|Eruption|p1a: Ting-Lu
|-damage|p1a: Ting-Lu|0 fnt
|faint|p1a: Ting-Lu
|
|-weather|SunnyDay|[upkeep]
|upkeep
|
|t:|1759009781
|switch|p1a: Alomomola|Alomomola, M|100/100
|turn|12
|
|t:|1759009785
|move|p1a: Alomomola|Protect|p1a: Alomomola
|-singleturn|p1a: Alomomola|Protect
|move|p2a: no rocks|Eruption|p1a: Alomomola
|-activate|p1a: Alomomola|move: Protect
|
|-weather|SunnyDay|[upkeep]
|-fieldend|move: Trick Room
|upkeep
|turn|13
|
|t:|1759009793
|switch|p2a: Hatterene|Hatterene, F|100/100
|move|p1a: Alomomola|Flip Turn|p2a: Hatterene
|-damage|p2a: Hatterene|92/100
|
|t:|1759009799
|switch|p1a: Enamorus|Enamorus, F|100/100|[from] Flip Turn
|
|-weather|none
|-heal|p2a: Hatterene|98/100|[from] item: Leftovers
|upkeep
|turn|14
|
|t:|1759009805
|move|p1a: Enamorus|Sludge Bomb|p2a: Hatterene
|-supereffective|p2a: Hatterene
|-damage|p2a: Hatterene|26/100
|-status|p2a: Hatterene|psn
|move|p2a: Hatterene|Trick Room|p2a: Hatterene
|-fieldstart|move: Trick Room|[of] p2a: Hatterene
|
|-heal|p2a: Hatterene|32/100 psn|[from] item: Leftovers
|-damage|p2a: Hatterene|20/100 psn|[from] psn
|upkeep
|turn|15
|
|t:|1759009813
|switch|p1a: Gholdengo|Gholdengo|100/100
|move|p2a: Hatterene|Healing Wish|p2a: Hatterene
|faint|p2a: Hatterene
|
|upkeep
|
|t:|1759009816
|switch|p2a: no rocks|Torkoal, F, tera:Fire|100/100
|-weather|SunnyDay|[from] ability: Drought|[of] p2a: no rocks
|turn|16
|c|☆thenameofafish|certified torkoal moment
|
|t:|1759009834
|move|p2a: no rocks|Eruption|p1a: Gholdengo
|-supereffective|p1a: Gholdengo
|-damage|p1a: Gholdengo|0 fnt
|faint|p1a: Gholdengo
|
|-weather|SunnyDay|[upkeep]
|upkeep
|
|t:|1759009840
|switch|p1a: Alomomola|Alomomola, M|100/100
|turn|17
|
|t:|1759009843
|move|p2a: no rocks|Eruption|p1a: Alomomola
|-resisted|p1a: Alomomola
|-damage|p1a: Alomomola|0 fnt
|faint|p1a: Alomomola
|
|-weather|SunnyDay|[upkeep]
|upkeep
|
|t:|1759009848
|switch|p1a: Enamorus|Enamorus, F|100/100
|turn|18
|
|t:|1759009851
|move|p2a: no rocks|Eruption|p1a: Enamorus
|-damage|p1a: Enamorus|0 fnt
|faint|p1a: Enamorus
|
|win|thenameofafish
|raw|clearnote01's rating: 1205 &rarr; <strong>1184</strong><br />(-21 for losing)
|raw|thenameofafish's rating: 1256 &rarr; <strong>1277</strong><br />(+21 for winning)
