|j|☆Srgtcobra
|j|☆Callooee
|t:|1758927441
|gametype|singles
|player|p1|Srgtcobra|2|1238
|player|p2|Callooee|wallace|1232
|gen|9
|tier|[Gen 9] OU
|rated|
|rule|HP Percentage Mod: HP is shown in percentages
|rule|Endless Battle Clause: Forcing endless battles is banned
|rule|Species Clause: Limit one of each Pokémon
|rule|OHKO Clause: OHKO moves are banned
|rule|Evasion Items Clause: Evasion items are banned
|rule|Evasion Moves Clause: Evasion moves are banned
|rule|Evasion Abilities Clause: Evasion abilities are banned
|rule|Sleep Moves Clause: Sleep-inducing moves are banned
|clearpoke
|poke|p1|Noivern, F|
|poke|p1|Gholdengo|
|poke|p1|Kingambit, F|
|poke|p1|Golduck, F|
|poke|p1|Scizor, F|
|poke|p1|Articuno-Galar|
|poke|p2|Landorus-Therian, M|
|poke|p2|Slowking-Galar, M|
|poke|p2|Iron Crown|
|poke|p2|Great Tusk|
|poke|p2|Ogerpon-Wellspring, F|
|poke|p2|Kingambit, F|
|teampreview
|inactive|Battle timer is ON: inactive players will automatically lose when time's up. (requested by Callooee)
|
|t:|1758927450
|teamsize|p1|6
|teamsize|p2|6
|start
|switch|p1a: Noivern|Noivern, F|100/100
|switch|p2a: Landorus|Landorus-Therian, M|100/100
|-item|p2a: Landorus|Leftovers|[from] ability: Frisk|[of] p1a: Noivern
|-ability|p2a: Landorus|Intimidate|boost
|-unboost|p1a: Noivern|atk|1
|turn|1
|
|t:|1758927456
|move|p1a: Noivern|Boomburst|p2a: Landorus
|-damage|p2a: Landorus|57/100
|-enditem|p1a: Noivern|Throat Spray
|-boost|p1a: Noivern|spa|1|[from] item: Throat Spray
|move|p2a: Landorus|Stealth Rock|p1a: Noivern
|-sidestart|p1: Srgtcobra|move: Stealth Rock
|
|-heal|p2a: Landorus|64/100|[from] item: Leftovers
|upkeep
|turn|2
|
|t:|1758927461
|switch|p2a: Slowking|Slowking-Galar, M|100/100
|move|p1a: Noivern|Boomburst|p2a: Slowking
|-damage|p2a: Slowking|77/100
|
|upkeep
|turn|3
|
|t:|1758927466
|move|p1a: Noivern|Hurricane|p2a: Slowking
|-damage|p2a: Slowking|52/100
|move|p2a: Slowking|Ice Beam|p1a: Noivern
|-supereffective|p1a: Noivern
|-damage|p1a: Noivern|0 fnt
|faint|p1a: Noivern
|
|upkeep
|
|t:|1758927481
|switch|p1a: Kingambit|Kingambit, F|100/100
|-damage|p1a: Kingambit|94/100|[from] Stealth Rock
|-activate|p1a: Kingambit|ability: Supreme Overlord
|-start|p1a: Kingambit|fallen1|[silent]
|turn|4
|
|t:|1758927484
|move|p1a: Kingambit|Kowtow Cleave|p2a: Slowking
|-supereffective|p2a: Slowking
|-damage|p2a: Slowking|0 fnt
|faint|p2a: Slowking
|
|-heal|p1a: Kingambit|100/100|[from] item: Leftovers
|upkeep
|
|t:|1758927488
|switch|p2a: Great Tusk|Great Tusk|100/100
|-enditem|p2a: Great Tusk|Booster Energy
|-activate|p2a: Great Tusk|ability: Protosynthesis|[fromitem]
|-start|p2a: Great Tusk|protosynthesisspe
|turn|5
|
|t:|1758927495
|-end|p1a: Kingambit|fallen1|[silent]
|switch|p1a: Golduck|Golduck, F|100/100
|-damage|p1a: Golduck|88/100|[from] Stealth Rock
|-ability|p1a: Golduck|Cloud Nine
|move|p2a: Great Tusk|Bulk Up|p2a: Great Tusk
|-boost|p2a: Great Tusk|atk|1
|-boost|p2a: Great Tusk|def|1
|
|upkeep
|turn|6
|
|t:|1758927503
|-terastallize|p2a: Great Tusk|Ground
|move|p2a: Great Tusk|Earthquake|p1a: Golduck
|-damage|p1a: Golduck|0 fnt
|faint|p1a: Golduck
|
|upkeep
|
|t:|1758927511
|switch|p1a: Articuno|Articuno-Galar|100/100
|-damage|p1a: Articuno|76/100|[from] Stealth Rock
|turn|7
|
|t:|1758927514
|move|p2a: Great Tusk|Ice Spinner|p1a: Articuno
|-supereffective|p1a: Articuno
|-damage|p1a: Articuno|1/100
|-enditem|p1a: Articuno|Weakness Policy
|-boost|p1a: Articuno|atk|2|[from] item: Weakness Policy
|-boost|p1a: Articuno|spa|2|[from] item: Weakness Policy
|move|p1a: Articuno|Agility|p1a: Articuno
|-boost|p1a: Articuno|spe|2
|
|upkeep
|turn|8
|
|t:|1758927524
|move|p1a: Articuno|Freezing Glare|p2a: Great Tusk
|-damage|p2a: Great Tusk|8/100
|move|p2a: Great Tusk|Ice Spinner|p1a: Articuno
|-supereffective|p1a: Articuno
|-damage|p1a: Articuno|0 fnt
|faint|p1a: Articuno
|
|upkeep
|
|t:|1758927529
|switch|p1a: Scizor|Scizor, F|100/100
|-damage|p1a: Scizor|88/100|[from] Stealth Rock
|turn|9
|
|t:|1758927532
|-end|p2a: Great Tusk|Protosynthesis|[silent]
|switch|p2a: Landorus|Landorus-Therian, M|64/100
|-ability|p2a: Landorus|Intimidate|boost
|-unboost|p1a: Scizor|atk|1
|move|p1a: Scizor|Bullet Punch|p2a: Landorus
|-damage|p2a: Landorus|42/100
|
|-heal|p2a: Landorus|49/100|[from] item: Leftovers
|-heal|p1a: Scizor|94/100|[from] item: Leftovers
|upkeep
|turn|10
|
|t:|1758927540
|move|p2a: Landorus|Earth Power|p1a: Scizor
|-damage|p1a: Scizor|42/100
|move|p1a: Scizor|Swords Dance|p1a: Scizor
|-boost|p1a: Scizor|atk|2
|
|-heal|p2a: Landorus|55/100|[from] item: Leftovers
|-heal|p1a: Scizor|49/100|[from] item: Leftovers
|upkeep
|turn|11
|
|t:|1758927552
|-terastallize|p1a: Scizor|Steel
|move|p1a: Scizor|Bullet Punch|p2a: Landorus
|-damage|p2a: Landorus|0 fnt
|faint|p2a: Landorus
|
|-heal|p1a: Scizor|55/100|[from] item: Leftovers
|upkeep
|
|t:|1758927562
|switch|p2a: Ogerpon|Ogerpon-Wellspring, F|100/100
|turn|12
|
|t:|1758927566
|move|p1a: Scizor|Bullet Punch|p2a: Ogerpon
|-resisted|p2a: Ogerpon
|-damage|p2a: Ogerpon|57/100
|move|p2a: Ogerpon|Ivy Cudgel|p1a: Scizor|[anim] Ivy Cudgel Water
|-damage|p1a: Scizor|0 fnt
|faint|p1a: Scizor
|
|upkeep
|
|t:|1758927570
|switch|p1a: Gholdengo|Gholdengo|100/100
|-damage|p1a: Gholdengo|94/100|[from] Stealth Rock
|turn|13
|
|t:|1758927574
|move|p2a: Ogerpon|Ivy Cudgel|p1a: Gholdengo|[anim] Ivy Cudgel Water
|-damage|p1a: Gholdengo|52/100
|move|p1a: Gholdengo|Thunder Wave|p2a: Ogerpon
|-status|p2a: Ogerpon|par
|
|upkeep
|turn|14
|
|t:|1758927579
|move|p1a: Gholdengo|Nasty Plot|p1a: Gholdengo
|-boost|p1a: Gholdengo|spa|2
|move|p2a: Ogerpon|Encore|p1a: Gholdengo
|-immune|p1a: Gholdengo|[from] ability: Good as Gold
|
|upkeep
|turn|15
|
|t:|1758927585
|move|p1a: Gholdengo|Recover|p1a: Gholdengo
|-heal|p1a: Gholdengo|100/100
|cant|p2a: Ogerpon|par
|
|upkeep
|turn|16
|
|t:|1758927589
|move|p1a: Gholdengo|Make It Rain|p2a: Ogerpon
|-resisted|p2a: Ogerpon
|-damage|p2a: Ogerpon|0 fnt
|-unboost|p1a: Gholdengo|spa|1
|faint|p2a: Ogerpon
|
|upkeep
|
|t:|1758927595
|switch|p2a: Great Tusk|Great Tusk, tera:Ground|8/100
|turn|17
|
|t:|1758927597
|move|p2a: Great Tusk|Earthquake|p1a: Gholdengo
|-supereffective|p1a: Gholdengo
|-damage|p1a: Gholdengo|19/100
|move|p1a: Gholdengo|Make It Rain|p2a: Great Tusk
|-damage|p2a: Great Tusk|0 fnt
|-unboost|p1a: Gholdengo|spa|1
|faint|p2a: Great Tusk
|-end|p2a: Great Tusk|Protosynthesis|[silent]
|
|upkeep
|
|t:|1758927602
|switch|p2a: Iron Crown|Iron Crown|100/100
|turn|18
|
|t:|1758927605
|move|p2a: Iron Crown|Volt Switch|p1a: Gholdengo
|-damage|p1a: Gholdengo|0 fnt
|faint|p1a: Gholdengo
|
|t:|1758927608
|-end|p2a: Iron Crown|Quark Drive|[silent]
|switch|p2a: Kingambit|Kingambit, F|100/100|[from] Volt Switch
|
|upkeep
|
|t:|1758927609
|switch|p1a: Kingambit|Kingambit, F|100/100
|-damage|p1a: Kingambit|94/100|[from] Stealth Rock
|-activate|p1a: Kingambit|ability: Supreme Overlord
|-start|p1a: Kingambit|fallen5|[silent]
|turn|19
|
|t:|1758927615
|move|p1a: Kingambit|Low Kick|p2a: Kingambit
|-supereffective|p2a: Kingambit
|-damage|p2a: Kingambit|0 fnt
|faint|p2a: Kingambit
|
|-heal|p1a: Kingambit|100/100|[from] item: Leftovers
|upkeep
|
|t:|1758927617
|switch|p2a: Iron Crown|Iron Crown|100/100
|turn|20
|
|t:|1758927621
|move|p2a: Iron Crown|Tera Blast|p1a: Kingambit
|-resisted|p1a: Kingambit
|-damage|p1a: Kingambit|83/100
|move|p1a: Kingambit|Kowtow Cleave|p2a: Iron Crown
|-supereffective|p2a: Iron Crown
|-damage|p2a: Iron Crown|0 fnt
|faint|p2a: Iron Crown
|-end|p2a: Iron Crown|Quark Drive|[silent]
|
|win|Srgtcobra
|raw|Srgtcobra's rating: 1238 &rarr; <strong>1263</strong><br />(+25 for winning)
|raw|Callooee's rating: 1232 &rarr; <strong>1207</strong><br />(-25 for losing)
|l|☆Callooee
|player|p2|
|l|☆Srgtcobra
|player|p1|
