|j|☆ssss umeno
|j|☆coinysleftarm
|t:|1759066709
|gametype|singles
|player|p1|ssss umeno|102|1160
|player|p2|coinysleftarm|cilan|1164
|gen|9
|tier|[Gen 9] OU
|rated|
|rule|HP Percentage Mod: HP is shown in percentages
|rule|Endless Battle Clause: Forcing endless battles is banned
|rule|Species Clause: Limit one of each Pokémon
|rule|OHKO Clause: OHKO moves are banned
|rule|Evasion Items Clause: Evasion items are banned
|rule|Evasion Moves Clause: Evasion moves are banned
|rule|Evasion Abilities Clause: Evasion abilities are banned
|rule|Sleep Moves Clause: Sleep-inducing moves are banned
|clearpoke
|poke|p1|Pelipper, F|
|poke|p1|Greninja-*, M|
|poke|p1|Basculegion, M|
|poke|p1|Zapdos|
|poke|p1|Sandy Shocks|
|poke|p1|Scizor, F|
|poke|p2|Greninja-*, M|
|poke|p2|Falinks|
|poke|p2|Mimikyu, M|
|poke|p2|Arcanine, M|
|poke|p2|Latios, M|
|poke|p2|Scizor, M|
|teampreview
|inactive|Battle timer is ON: inactive players will automatically lose when time's up. (requested by ssss umeno)
|
|t:|1759066715
|teamsize|p1|6
|teamsize|p2|6
|start
|switch|p1a: Sandy Shocks|Sandy Shocks|100/100
|switch|p2a: Scizor|Scizor, M|100/100
|-enditem|p1a: Sandy Shocks|Booster Energy
|-activate|p1a: Sandy Shocks|ability: Protosynthesis|[fromitem]
|-start|p1a: Sandy Shocks|protosynthesisspe
|turn|1
|
|t:|1759066724
|move|p1a: Sandy Shocks|Stealth Rock|p2a: Scizor
|-sidestart|p2: coinysleftarm|move: Stealth Rock
|move|p2a: Scizor|Swords Dance|p2a: Scizor
|-boost|p2a: Scizor|atk|2
|
|upkeep
|turn|2
|
|t:|1759066747
|move|p1a: Sandy Shocks|Earth Power|p2a: Scizor
|-damage|p2a: Scizor|44/100
|move|p2a: Scizor|Swords Dance|p2a: Scizor
|-boost|p2a: Scizor|atk|2
|
|upkeep
|turn|3
|
|t:|1759066754
|move|p2a: Scizor|Bullet Punch|p1a: Sandy Shocks
|-resisted|p1a: Sandy Shocks
|-damage|p1a: Sandy Shocks|48/100
|move|p1a: Sandy Shocks|Earth Power|p2a: Scizor
|-damage|p2a: Scizor|0 fnt
|faint|p2a: Scizor
|
|upkeep
|
|t:|1759066765
|switch|p2a: Latios|Latios, M|100/100
|-damage|p2a: Latios|88/100|[from] Stealth Rock
|turn|4
|
|t:|1759066771
|-terastallize|p1a: Sandy Shocks|Ice
|-terastallize|p2a: Latios|Electric
|move|p1a: Sandy Shocks|Tera Blast|p2a: Latios|[anim] Tera Blast Ice
|-damage|p2a: Latios|47/100
|-enditem|p2a: Latios|Sitrus Berry|[eat]
|-heal|p2a: Latios|72/100|[from] item: Sitrus Berry
|move|p2a: Latios|Luster Purge|p1a: Sandy Shocks
|-damage|p1a: Sandy Shocks|0 fnt
|faint|p1a: Sandy Shocks
|-end|p1a: Sandy Shocks|Protosynthesis|[silent]
|
|upkeep
|inactive|ssss umeno has 120 seconds left.
|
|t:|1759066808
|switch|p1a: Scizor|Scizor, F|100/100
|turn|5
|inactive|ssss umeno has 120 seconds left.
|
|t:|1759066816
|move|p2a: Latios|Thunderbolt|p1a: Scizor
|-damage|p1a: Scizor|49/100
|move|p1a: Scizor|U-turn|p2a: Latios
|-damage|p2a: Latios|21/100
|inactive|ssss umeno has 120 seconds left.
|
|t:|1759066825
|switch|p1a: Greninja|Greninja, M|100/100|[from] U-turn
|
|upkeep
|turn|6
|
|t:|1759066832
|move|p1a: Greninja|Dark Pulse|p2a: Latios
|-damage|p2a: Latios|0 fnt
|faint|p2a: Latios
|-ability|p1a: Greninja|Battle Bond|boost
|-boost|p1a: Greninja|atk|1
|-boost|p1a: Greninja|spa|1
|-boost|p1a: Greninja|spe|1
|-activate|p1a: Greninja|ability: Battle Bond
|-damage|p1a: Greninja|91/100|[from] item: Life Orb
|
|upkeep
|
|t:|1759066843
|switch|p2a: Falinks|Falinks, shiny|100/100
|-damage|p2a: Falinks|94/100|[from] Stealth Rock
|turn|7
|
|t:|1759066848
|move|p1a: Greninja|Surf|p2a: Falinks
|-damage|p2a: Falinks|0 fnt
|faint|p2a: Falinks
|-damage|p1a: Greninja|81/100|[from] item: Life Orb
|
|upkeep
|
|t:|1759066855
|switch|p2a: Greninja|Greninja, M|100/100
|-damage|p2a: Greninja|88/100|[from] Stealth Rock
|turn|8
|
|t:|1759066863
|move|p1a: Greninja|Surf|p2a: Greninja
|-resisted|p2a: Greninja
|-damage|p2a: Greninja|23/100
|-damage|p1a: Greninja|71/100|[from] item: Life Orb
|move|p2a: Greninja|Grass Knot|p1a: Greninja
|-start|p2a: Greninja|typechange|Grass|[from] ability: Protean
|-supereffective|p1a: Greninja
|-damage|p1a: Greninja|0 fnt
|faint|p1a: Greninja
|
|upkeep
|
|t:|1759066875
|switch|p1a: Pelipper|Pelipper, F|100/100
|-weather|RainDance|[from] ability: Drizzle|[of] p1a: Pelipper
|turn|9
|
|t:|1759066880
|move|p2a: Greninja|Dark Pulse|p1a: Pelipper
|-damage|p1a: Pelipper|68/100
|move|p1a: Pelipper|U-turn|p2a: Greninja
|-supereffective|p2a: Greninja
|-damage|p2a: Greninja|0 fnt
|faint|p2a: Greninja
|
|t:|1759066887
|switch|p1a: Basculegion|Basculegion, M|100/100|[from] U-turn
|
|-weather|RainDance|[upkeep]
|upkeep
|
|t:|1759066893
|switch|p2a: Mimikyu|Mimikyu, M, shiny|100/100
|-damage|p2a: Mimikyu|88/100|[from] Stealth Rock
|turn|10
|
|t:|1759066898
|move|p1a: Basculegion|Wave Crash|p2a: Mimikyu
|-activate|p2a: Mimikyu|ability: Disguise
|-damage|p2a: Mimikyu|88/100
|detailschange|p2a: Mimikyu|Mimikyu-Busted, M, shiny
|-damage|p2a: Mimikyu|76/100|[from] pokemon: Mimikyu-Busted
|move|p2a: Mimikyu|Shadow Claw|p1a: Basculegion
|-supereffective|p1a: Basculegion
|-crit|p1a: Basculegion
|-damage|p1a: Basculegion|0 fnt
|faint|p1a: Basculegion
|
|-weather|RainDance|[upkeep]
|-heal|p2a: Mimikyu|82/100|[from] item: Leftovers
|upkeep
|
|t:|1759066910
|switch|p1a: Zapdos|Zapdos|100/100
|turn|11
|
|t:|1759066915
|move|p2a: Mimikyu|Play Rough|p1a: Zapdos
|-crit|p1a: Zapdos
|-damage|p1a: Zapdos|51/100
|-status|p2a: Mimikyu|par|[from] ability: Static|[of] p1a: Zapdos
|move|p1a: Zapdos|Thunder|p2a: Mimikyu
|-damage|p2a: Mimikyu|25/100 par
|
|-weather|RainDance|[upkeep]
|-heal|p2a: Mimikyu|31/100 par|[from] item: Leftovers
|upkeep
|turn|12
|
|t:|1759066927
|move|p1a: Zapdos|Thunder|p2a: Mimikyu
|-damage|p2a: Mimikyu|0 fnt
|faint|p2a: Mimikyu
|
|-weather|RainDance|[upkeep]
|upkeep
|
|t:|1759066934
|switch|p2a: Arcanine|Arcanine, M|100/100
|-damage|p2a: Arcanine|76/100|[from] Stealth Rock
|-ability|p2a: Arcanine|Intimidate|boost
|-unboost|p1a: Zapdos|atk|1
|turn|13
|
|t:|1759066942
|move|p2a: Arcanine|Extreme Speed|p1a: Zapdos
|-damage|p1a: Zapdos|28/100
|-damage|p2a: Arcanine|66/100|[from] item: Life Orb
|move|p1a: Zapdos|Thunder|p2a: Arcanine
|-crit|p2a: Arcanine
|-damage|p2a: Arcanine|0 fnt
|faint|p2a: Arcanine
|
|win|ssss umeno
|raw|ssss umeno's rating: 1160 &rarr; <strong>1185</strong><br />(+25 for winning)
|raw|coinysleftarm's rating: 1164 &rarr; <strong>1139</strong><br />(-25 for losing)
|l|☆ssss umeno
|player|p1|
|l|☆coinysleftarm
|player|p2|
