|j|☆YoungChimp
|j|☆Prav33n
|t:|1759004468
|gametype|singles
|player|p1|YoungChimp|supernerd|1747
|player|p2|Prav33n|koga|1830
|gen|9
|tier|[Gen 9] OU
|rated|
|rule|HP Percentage Mod: HP is shown in percentages
|rule|Endless Battle Clause: Forcing endless battles is banned
|rule|Species Clause: Limit one of each Pokémon
|rule|OHKO Clause: OHKO moves are banned
|rule|Evasion Items Clause: Evasion items are banned
|rule|Evasion Moves Clause: Evasion moves are banned
|rule|Evasion Abilities Clause: Evasion abilities are banned
|rule|Sleep Moves Clause: Sleep-inducing moves are banned
|clearpoke
|poke|p1|Glimmora, F|
|poke|p1|Rillaboom, F|
|poke|p1|Dragapult, F|
|poke|p1|Great Tusk|
|poke|p1|Kingambit, F|
|poke|p1|Moltres|
|poke|p2|Samurott-Hisui, M|
|poke|p2|Zamazenta-*|
|poke|p2|Tornadus-Therian, M|
|poke|p2|Iron Treads|
|poke|p2|Latios, M|
|poke|p2|Sinistcha-Masterpiece|
|teampreview
|inactive|Battle timer is ON: inactive players will automatically lose when time's up. (requested by Prav33n)
|
|t:|1759004494
|teamsize|p1|6
|teamsize|p2|6
|start
|switch|p1a: Boom Bringer|Rillaboom, F|100/100
|switch|p2a: Latios|Latios, M, shiny|100/100
|-fieldstart|move: Grassy Terrain|[from] ability: Grassy Surge|[of] p1a: Boom Bringer
|turn|1
|
|t:|1759004504
|switch|p1a: Kingambit|Kingambit, F|100/100
|move|p2a: Latios|Draco Meteor|p1a: Kingambit
|-resisted|p1a: Kingambit
|-damage|p1a: Kingambit|49/100
|-unboost|p2a: Latios|spa|2
|
|-heal|p1a: Kingambit|55/100|[from] Grassy Terrain
|-heal|p1a: Kingambit|61/100|[from] item: Leftovers
|upkeep
|turn|2
|
|t:|1759004516
|switch|p2a: Zamazenta|Zamazenta|100/100
|-ability|p2a: Zamazenta|Dauntless Shield|boost
|-boost|p2a: Zamazenta|def|1
|move|p1a: Kingambit|Iron Head|p2a: Zamazenta
|-damage|p2a: Zamazenta|70/100
|
|-heal|p2a: Zamazenta|76/100|[from] Grassy Terrain
|-heal|p1a: Kingambit|67/100|[from] Grassy Terrain
|-heal|p1a: Kingambit|74/100|[from] item: Leftovers
|upkeep
|turn|3
|
|t:|1759004531
|switch|p2a: Latios|Latios, M, shiny|100/100
|-end|p1a: Kingambit|fallenundefined|[silent]
|switch|p1a: Usain Pult|Dragapult, F|100/100
|
|upkeep
|turn|4
|inactive|YoungChimp has 120 seconds left.
|
|t:|1759004565
|switch|p2a: Tornadus|Tornadus-Therian, M|100/100
|move|p1a: Usain Pult|U-turn|p2a: Tornadus
|-resisted|p2a: Tornadus
|-damage|p2a: Tornadus|91/100
|inactive|YoungChimp has 120 seconds left.
|
|t:|1759004574
|switch|p1a: Glimmora|Glimmora, F|100/100|[from] U-turn
|
|upkeep
|turn|5
|inactive|YoungChimp has 120 seconds left.
|
|t:|1759004584
|switch|p2a: Iron Treads|Iron Treads|100/100
|move|p1a: Glimmora|Meteor Beam||[still]
|-prepare|p1a: Glimmora|Meteor Beam
|-boost|p1a: Glimmora|spa|1
|-enditem|p1a: Glimmora|Power Herb
|-anim|p1a: Glimmora|Meteor Beam|p2a: Iron Treads
|-resisted|p2a: Iron Treads
|-damage|p2a: Iron Treads|72/100
|
|-heal|p2a: Iron Treads|79/100|[from] Grassy Terrain
|-fieldend|move: Grassy Terrain
|upkeep
|turn|6
|
|t:|1759004592
|-terastallize|p1a: Glimmora|Grass
|move|p2a: Iron Treads|Earthquake|p1a: Glimmora
|-resisted|p1a: Glimmora
|-damage|p1a: Glimmora|75/100
|-activate|p1a: Glimmora|ability: Toxic Debris
|-sidestart|p2: Prav33n|move: Toxic Spikes
|move|p1a: Glimmora|Earth Power|p2a: Iron Treads
|-supereffective|p2a: Iron Treads
|-damage|p2a: Iron Treads|0 fnt
|faint|p2a: Iron Treads
|-end|p2a: Iron Treads|Quark Drive|[silent]
|
|upkeep
|
|t:|1759004598
|switch|p2a: Tornadus|Tornadus-Therian, M|100/100
|turn|7
|
|t:|1759004615
|switch|p1a: Kingambit|Kingambit, F|74/100
|move|p2a: Tornadus|Bleakwind Storm|p1a: Kingambit
|-resisted|p1a: Kingambit
|-damage|p1a: Kingambit|56/100
|-unboost|p1a: Kingambit|spe|1
|
|-heal|p1a: Kingambit|63/100|[from] item: Leftovers
|upkeep
|turn|8
|
|t:|1759004634
|-end|p1a: Kingambit|fallenundefined|[silent]
|switch|p1a: Swoletres|Moltres|100/100
|move|p2a: Tornadus|Heat Wave|p1a: Swoletres
|-resisted|p1a: Swoletres
|-damage|p1a: Swoletres|88/100
|
|upkeep
|turn|9
|
|t:|1759004638
|move|p2a: Tornadus|Knock Off|p1a: Swoletres
|-damage|p1a: Swoletres|76/100
|-enditem|p1a: Swoletres|Heavy-Duty Boots|[from] move: Knock Off|[of] p2a: Tornadus
|move|p1a: Swoletres|Flamethrower|p2a: Tornadus
|-damage|p2a: Tornadus|76/100
|
|upkeep
|turn|10
|
|t:|1759004649
|move|p2a: Tornadus|Bleakwind Storm|p1a: Swoletres
|-damage|p1a: Swoletres|35/100
|move|p1a: Swoletres|U-turn|p2a: Tornadus
|-resisted|p2a: Tornadus
|-damage|p2a: Tornadus|68/100
|
|t:|1759004655
|switch|p1a: Usain Pult|Dragapult, F|100/100|[from] U-turn
|
|upkeep
|turn|11
|
|t:|1759004673
|move|p1a: Usain Pult|Draco Meteor|p2a: Tornadus
|-damage|p2a: Tornadus|31/100
|-unboost|p1a: Usain Pult|spa|2
|move|p2a: Tornadus|Knock Off|p1a: Usain Pult
|-supereffective|p1a: Usain Pult
|-damage|p1a: Usain Pult|50/100
|-enditem|p1a: Usain Pult|Heavy-Duty Boots|[from] move: Knock Off|[of] p2a: Tornadus
|
|upkeep
|turn|12
|
|t:|1759004679
|move|p1a: Usain Pult|Thunder Wave|p2a: Tornadus
|-status|p2a: Tornadus|par
|move|p2a: Tornadus|U-turn|p1a: Usain Pult
|-resisted|p1a: Usain Pult
|-damage|p1a: Usain Pult|39/100
|
|t:|1759004683
|switch|p2a: Samurott|Samurott-Hisui, M, shiny|100/100|[from] U-turn
|
|upkeep
|turn|13
|
|t:|1759004688
|switch|p1a: Top Don|Great Tusk|100/100
|move|p2a: Samurott|Ceaseless Edge|p1a: Top Don|[miss]
|-miss|p2a: Samurott|p1a: Top Don
|
|upkeep
|turn|14
|
|t:|1759004695
|move|p1a: Top Don|Rapid Spin|p2a: Samurott
|-damage|p2a: Samurott|78/100
|-boost|p1a: Top Don|spe|1
|move|p2a: Samurott|Razor Shell|p1a: Top Don
|-supereffective|p1a: Top Don
|-damage|p1a: Top Don|26/100
|-unboost|p1a: Top Don|def|1
|
|upkeep
|turn|15
|
|t:|1759004702
|switch|p2a: Sinistcha|Sinistcha-Masterpiece|100/100
|move|p1a: Top Don|Stealth Rock|p2a: Sinistcha
|-sidestart|p2: Prav33n|move: Stealth Rock
|
|upkeep
|turn|16
|
|t:|1759004711
|move|p1a: Top Don|Ice Spinner|p2a: Sinistcha
|-supereffective|p2a: Sinistcha
|-damage|p2a: Sinistcha|57/100
|move|p2a: Sinistcha|Matcha Gotcha|p1a: Top Don
|-supereffective|p1a: Top Don
|-damage|p1a: Top Don|0 fnt
|-heal|p2a: Sinistcha|70/100|[from] drain|[of] p1a: Top Don
|faint|p1a: Top Don
|-end|p1a: Top Don|Protosynthesis|[silent]
|
|upkeep
|
|t:|1759004728
|switch|p1a: Kingambit|Kingambit, F|63/100
|-activate|p1a: Kingambit|ability: Supreme Overlord
|-start|p1a: Kingambit|fallen1|[silent]
|turn|17
|
|t:|1759004735
|switch|p2a: Zamazenta|Zamazenta|76/100
|move|p1a: Kingambit|Iron Head|p2a: Zamazenta
|-damage|p2a: Zamazenta|29/100
|
|-heal|p1a: Kingambit|69/100|[from] item: Leftovers
|upkeep
|turn|18
|
|t:|1759004752
|-end|p1a: Kingambit|fallen1|[silent]
|switch|p1a: Swoletres|Moltres|35/100
|move|p2a: Zamazenta|Stone Edge|p1a: Swoletres
|-supereffective|p1a: Swoletres
|-damage|p1a: Swoletres|0 fnt
|faint|p1a: Swoletres
|
|upkeep
|
|t:|1759004756
|switch|p1a: Usain Pult|Dragapult, F|39/100
|turn|19
|
|t:|1759004762
|switch|p2a: Tornadus|Tornadus-Therian, M|64/100 par
|-damage|p2a: Tornadus|39/100 par|[from] Stealth Rock
|move|p1a: Usain Pult|Draco Meteor|p2a: Tornadus|[miss]
|-miss|p1a: Usain Pult|p2a: Tornadus
|
|upkeep
|turn|20
|
|t:|1759004768
|move|p1a: Usain Pult|Hex|p2a: Tornadus
|-damage|p2a: Tornadus|3/100 par
|move|p2a: Tornadus|Bleakwind Storm|p1a: Usain Pult
|-damage|p1a: Usain Pult|0 fnt
|faint|p1a: Usain Pult
|
|upkeep
|
|t:|1759004780
|switch|p1a: Glimmora|Glimmora, F, tera:Grass|75/100
|turn|21
|
|t:|1759004784
|move|p1a: Glimmora|Energy Ball|p2a: Tornadus
|-resisted|p2a: Tornadus
|-damage|p2a: Tornadus|0 fnt
|faint|p2a: Tornadus
|
|upkeep
|
|t:|1759004785
|switch|p2a: Latios|Latios, M, shiny|100/100
|-damage|p2a: Latios|88/100|[from] Stealth Rock
|turn|22
|
|t:|1759004788
|move|p2a: Latios|Draco Meteor|p1a: Glimmora
|-crit|p1a: Glimmora
|-damage|p1a: Glimmora|0 fnt
|-unboost|p2a: Latios|spa|2
|faint|p1a: Glimmora
|
|upkeep
|
|t:|1759004795
|switch|p1a: Kingambit|Kingambit, F|69/100
|-activate|p1a: Kingambit|ability: Supreme Overlord
|-start|p1a: Kingambit|fallen4|[silent]
|turn|23
|
|t:|1759004800
|switch|p2a: Samurott|Samurott-Hisui, M, shiny|78/100
|move|p1a: Kingambit|Swords Dance|p1a: Kingambit
|-boost|p1a: Kingambit|atk|2
|
|-heal|p1a: Kingambit|75/100|[from] item: Leftovers
|upkeep
|turn|24
|
|t:|1759004808
|-end|p1a: Kingambit|fallen4|[silent]
|switch|p1a: Boom Bringer|Rillaboom, F|100/100
|-fieldstart|move: Grassy Terrain|[from] ability: Grassy Surge|[of] p1a: Boom Bringer
|move|p2a: Samurott|Encore||[still]
|-fail|p2a: Samurott
|
|-heal|p2a: Samurott|85/100|[from] Grassy Terrain
|upkeep
|turn|25
|j| Le Bouquetin
|
|t:|1759004825
|switch|p2a: Zamazenta|Zamazenta|29/100
|move|p1a: Boom Bringer|U-turn|p2a: Zamazenta
|-resisted|p2a: Zamazenta
|-damage|p2a: Zamazenta|13/100
|
|t:|1759004827
|switch|p1a: Kingambit|Kingambit, F|75/100|[from] U-turn
|-activate|p1a: Kingambit|ability: Supreme Overlord
|-start|p1a: Kingambit|fallen4|[silent]
|
|-heal|p2a: Zamazenta|20/100|[from] Grassy Terrain
|-heal|p1a: Kingambit|81/100|[from] Grassy Terrain
|-heal|p1a: Kingambit|87/100|[from] item: Leftovers
|upkeep
|turn|26
|l| Le Bouquetin
|
|t:|1759004845
|-end|p1a: Kingambit|fallen4|[silent]
|switch|p1a: Boom Bringer|Rillaboom, F|100/100
|move|p2a: Zamazenta|Close Combat|p1a: Boom Bringer
|-damage|p1a: Boom Bringer|31/100
|-unboost|p2a: Zamazenta|def|1
|-unboost|p2a: Zamazenta|spd|1
|
|-heal|p2a: Zamazenta|26/100|[from] Grassy Terrain
|-heal|p1a: Boom Bringer|37/100|[from] Grassy Terrain
|upkeep
|turn|27
|
|t:|1759004854
|switch|p2a: Sinistcha|Sinistcha-Masterpiece|70/100
|move|p1a: Boom Bringer|Grassy Glide|p2a: Sinistcha
|-resisted|p2a: Sinistcha
|-damage|p2a: Sinistcha|50/100
|
|-heal|p1a: Boom Bringer|43/100|[from] Grassy Terrain
|-heal|p2a: Sinistcha|57/100|[from] Grassy Terrain
|upkeep
|turn|28
|
|t:|1759004874
|switch|p1a: Kingambit|Kingambit, F|87/100
|-activate|p1a: Kingambit|ability: Supreme Overlord
|-start|p1a: Kingambit|fallen4|[silent]
|move|p2a: Sinistcha|Strength Sap|p1a: Kingambit
|-unboost|p1a: Kingambit|atk|1
|-heal|p2a: Sinistcha|100/100
|
|-heal|p1a: Kingambit|94/100|[from] Grassy Terrain
|-heal|p1a: Kingambit|99/100|[from] item: Leftovers
|-fieldend|move: Grassy Terrain
|upkeep
|turn|29
|
|t:|1759004881
|switch|p2a: Samurott|Samurott-Hisui, M, shiny|85/100
|move|p1a: Kingambit|Swords Dance|p1a: Kingambit
|-boost|p1a: Kingambit|atk|2
|
|-heal|p1a: Kingambit|100/100|[from] item: Leftovers
|upkeep
|turn|30
|
|t:|1759004887
|-end|p1a: Kingambit|fallen4|[silent]
|switch|p1a: Boom Bringer|Rillaboom, F|43/100
|-fieldstart|move: Grassy Terrain|[from] ability: Grassy Surge|[of] p1a: Boom Bringer
|move|p2a: Samurott|Ceaseless Edge|p1a: Boom Bringer
|-damage|p1a: Boom Bringer|0 fnt
|-sidestart|p1: YoungChimp|Spikes
|faint|p1a: Boom Bringer
|
|-heal|p2a: Samurott|91/100|[from] Grassy Terrain
|upkeep
|
|t:|1759004889
|switch|p1a: Kingambit|Kingambit, F|100/100
|-damage|p1a: Kingambit|88/100|[from] Spikes
|-activate|p1a: Kingambit|ability: Supreme Overlord
|-start|p1a: Kingambit|fallen5|[silent]
|turn|31
|
|t:|1759004891
|move|p2a: Samurott|Razor Shell|p1a: Kingambit
|-damage|p1a: Kingambit|49/100
|move|p1a: Kingambit|Kowtow Cleave|p2a: Samurott
|-resisted|p2a: Samurott
|-damage|p2a: Samurott|43/100
|
|-heal|p2a: Samurott|49/100|[from] Grassy Terrain
|-heal|p1a: Kingambit|55/100|[from] Grassy Terrain
|-heal|p1a: Kingambit|62/100|[from] item: Leftovers
|upkeep
|turn|32
|
|t:|1759004897
|move|p2a: Samurott|Encore|p1a: Kingambit
|-start|p1a: Kingambit|Encore
|move|p1a: Kingambit|Kowtow Cleave|p2a: Samurott
|-resisted|p2a: Samurott
|-damage|p2a: Samurott|2/100
|
|-heal|p2a: Samurott|8/100|[from] Grassy Terrain
|-heal|p1a: Kingambit|68/100|[from] Grassy Terrain
|-heal|p1a: Kingambit|74/100|[from] item: Leftovers
|upkeep
|turn|33
|
|t:|1759004904
|move|p2a: Samurott|Razor Shell|p1a: Kingambit
|-damage|p1a: Kingambit|36/100
|move|p1a: Kingambit|Kowtow Cleave|p2a: Samurott
|-resisted|p2a: Samurott
|-damage|p2a: Samurott|0 fnt
|faint|p2a: Samurott
|
|-heal|p1a: Kingambit|42/100|[from] Grassy Terrain
|-heal|p1a: Kingambit|48/100|[from] item: Leftovers
|upkeep
|
|t:|1759004906
|switch|p2a: Zamazenta|Zamazenta|26/100
|turn|34
|c|☆YoungChimp|gg
|
|t:|1759004910
|move|p2a: Zamazenta|Close Combat|p1a: Kingambit
|-supereffective|p1a: Kingambit
|-damage|p1a: Kingambit|0 fnt
|-unboost|p2a: Zamazenta|def|1
|-unboost|p2a: Zamazenta|spd|1
|faint|p1a: Kingambit
|-end|p1a: Kingambit|fallen5|[silent]
|
|win|Prav33n
|raw|YoungChimp's rating: 1747 &rarr; <strong>1732</strong><br />(-15 for losing)
|raw|Prav33n's rating: 1830 &rarr; <strong>1845</strong><br />(+15 for winning)
|l|☆YoungChimp
|player|p1|
