|j|☆The Power of Spam
|j|☆Princessjosie1001!
|t:|1759012793
|gametype|singles
|player|p1|The Power of Spam|worker|1392
|player|p2|Princessjosie1001!|nurse|1434
|gen|9
|tier|[Gen 9] OU
|rated|
|rule|HP Percentage Mod: HP is shown in percentages
|rule|Endless Battle Clause: Forcing endless battles is banned
|rule|Species Clause: Limit one of each Pokémon
|rule|OHKO Clause: OHKO moves are banned
|rule|Evasion Items Clause: Evasion items are banned
|rule|Evasion Moves Clause: Evasion moves are banned
|rule|Evasion Abilities Clause: Evasion abilities are banned
|rule|Sleep Moves Clause: Sleep-inducing moves are banned
|clearpoke
|poke|p1|Landorus-Therian, M|
|poke|p1|Greninja-*, M|
|poke|p1|Tsareena, F|
|poke|p1|Deoxys-Speed|
|poke|p1|Iron Hands|
|poke|p1|Heatran, F|
|poke|p2|Yanmega, M|
|poke|p2|Cloyster, M|
|poke|p2|Salazzle, F|
|poke|p2|Espeon, M|
|poke|p2|Jirachi|
|poke|p2|Maushold-Four|
|teampreview
|
|t:|1759012807
|teamsize|p1|6
|teamsize|p2|6
|start
|switch|p1a: Deoxys|Deoxys-Speed|100/100
|switch|p2a: Yanmega|Yanmega, M|100/100
|-ability|p1a: Deoxys|Pressure
|turn|1
|
|t:|1759012816
|switch|p2a: No hazard allowed|Espeon, M|100/100
|move|p1a: Deoxys|Psycho Boost|p2a: No hazard allowed
|-resisted|p2a: No hazard allowed
|-damage|p2a: No hazard allowed|60/100
|-unboost|p1a: Deoxys|spa|2
|-enditem|p1a: Deoxys|Eject Pack
|
|t:|1759012823
|switch|p1a: Greninja|Greninja, M|100/100
|
|upkeep
|turn|2
|
|t:|1759012828
|move|p2a: No hazard allowed|Thunder Wave|p1a: Greninja
|-status|p1a: Greninja|par
|move|p1a: Greninja|U-turn|p2a: No hazard allowed
|-supereffective|p2a: No hazard allowed
|-damage|p2a: No hazard allowed|11/100
|
|t:|1759012836
|switch|p1a: Landorus|Landorus-Therian, M|100/100|[from] U-turn
|-ability|p1a: Landorus|Intimidate|boost
|-unboost|p2a: No hazard allowed|atk|1
|
|upkeep
|turn|3
|
|t:|1759012842
|switch|p2a: Yanmega|Yanmega, M|100/100
|move|p1a: Landorus|U-turn|p2a: Yanmega
|-resisted|p2a: Yanmega
|-damage|p2a: Yanmega|82/100
|
|t:|1759012848
|switch|p1a: Greninja|Greninja, M|100/100 par|[from] U-turn
|
|upkeep
|turn|4
|
|t:|1759012853
|cant|p1a: Greninja|par
|move|p2a: Yanmega|Bug Buzz|p1a: Greninja
|-supereffective|p1a: Greninja
|-damage|p1a: Greninja|0 fnt
|faint|p1a: Greninja
|-damage|p2a: Yanmega|72/100|[from] item: Life Orb
|
|-ability|p2a: Yanmega|Speed Boost|boost
|-boost|p2a: Yanmega|spe|1
|upkeep
|
|t:|1759012866
|switch|p1a: Heatran|Heatran, F|100/100
|turn|5
|
|t:|1759012869
|switch|p2a: No hazard allowed|Espeon, M|11/100
|move|p1a: Heatran|Magma Storm|p2a: No hazard allowed
|-damage|p2a: No hazard allowed|0 fnt
|faint|p2a: No hazard allowed
|
|upkeep
|
|t:|1759012876
|switch|p2a: Salazzle|Salazzle, F|100/100
|turn|6
|
|t:|1759012879
|move|p2a: Salazzle|Toxic|p1a: Heatran
|-status|p1a: Heatran|tox
|move|p1a: Heatran|Earth Power|p2a: Salazzle
|-supereffective|p2a: Salazzle
|-enditem|p2a: Salazzle|Focus Sash
|-damage|p2a: Salazzle|1/100
|
|-damage|p1a: Heatran|94/100 tox|[from] psn
|upkeep
|turn|7
|
|t:|1759012890
|move|p2a: Salazzle|Flamethrower|p1a: Heatran
|-start|p1a: Heatran|ability: Flash Fire
|move|p1a: Heatran|Magma Storm|p2a: Salazzle
|-resisted|p2a: Salazzle
|-damage|p2a: Salazzle|0 fnt
|faint|p2a: Salazzle
|
|-heal|p1a: Heatran|100/100 tox|[from] item: Leftovers
|-damage|p1a: Heatran|88/100 tox|[from] psn
|upkeep
|
|t:|1759012899
|switch|p2a: Yanmega|Yanmega, M|72/100
|turn|8
|
|t:|1759012903
|move|p2a: Yanmega|Protect|p2a: Yanmega
|-singleturn|p2a: Yanmega|Protect
|move|p1a: Heatran|Magma Storm|p2a: Yanmega
|-activate|p2a: Yanmega|move: Protect
|
|-heal|p1a: Heatran|94/100 tox|[from] item: Leftovers
|-damage|p1a: Heatran|76/100 tox|[from] psn
|-ability|p2a: Yanmega|Speed Boost|boost
|-boost|p2a: Yanmega|spe|1
|upkeep
|turn|9
|
|t:|1759012913
|move|p2a: Yanmega|Air Slash|p1a: Heatran
|-resisted|p1a: Heatran
|-damage|p1a: Heatran|53/100 tox
|-damage|p2a: Yanmega|62/100|[from] item: Life Orb
|move|p1a: Heatran|Magma Storm|p2a: Yanmega
|-supereffective|p2a: Yanmega
|-damage|p2a: Yanmega|0 fnt
|faint|p2a: Yanmega
|
|-heal|p1a: Heatran|59/100 tox|[from] item: Leftovers
|-damage|p1a: Heatran|35/100 tox|[from] psn
|upkeep
|
|t:|1759012923
|switch|p2a: Jirachi|Jirachi|100/100
|turn|10
|
|t:|1759012931
|-end|p1a: Heatran|ability: Flash Fire|[silent]
|switch|p1a: Landorus|Landorus-Therian, M|100/100
|-ability|p1a: Landorus|Intimidate|boost
|-unboost|p2a: Jirachi|atk|1
|move|p2a: Jirachi|Iron Head|p1a: Landorus
|-damage|p1a: Landorus|72/100
|
|upkeep
|turn|11
|
|t:|1759012938
|move|p2a: Jirachi|Iron Head|p1a: Landorus
|-damage|p1a: Landorus|41/100
|cant|p1a: Landorus|flinch
|
|upkeep
|turn|12
|
|t:|1759012945
|switch|p1a: Iron Hands|Iron Hands|100/100
|move|p2a: Jirachi|Iron Head|p1a: Iron Hands
|-resisted|p1a: Iron Hands
|-damage|p1a: Iron Hands|93/100
|
|upkeep
|turn|13
|
|t:|1759012952
|switch|p2a: Maushold|Maushold-Four|100/100
|move|p1a: Iron Hands|Drain Punch|p2a: Maushold
|-supereffective|p2a: Maushold
|-damage|p2a: Maushold|0 fnt
|-heal|p1a: Iron Hands|100/100|[from] drain|[of] p2a: Maushold
|faint|p2a: Maushold
|
|upkeep
|
|t:|1759012960
|switch|p2a: Jirachi|Jirachi|100/100
|turn|14
|
|t:|1759012967
|-end|p1a: Iron Hands|Quark Drive|[silent]
|switch|p1a: Tsareena|Tsareena, F, shiny|100/100
|move|p2a: Jirachi|Zen Headbutt|p1a: Tsareena
|-damage|p1a: Tsareena|73/100
|
|upkeep
|turn|15
|
|t:|1759012973
|move|p2a: Jirachi|Zen Headbutt|p1a: Tsareena
|-damage|p1a: Tsareena|45/100
|move|p1a: Tsareena|Trop Kick|p2a: Jirachi
|-resisted|p2a: Jirachi
|-damage|p2a: Jirachi|86/100
|-unboost|p2a: Jirachi|atk|1
|
|upkeep
|turn|16
|
|t:|1759012981
|move|p2a: Jirachi|Zen Headbutt|p1a: Tsareena
|-damage|p1a: Tsareena|28/100
|move|p1a: Tsareena|Synthesis|p1a: Tsareena
|-heal|p1a: Tsareena|78/100
|
|upkeep
|turn|17
|
|t:|1759012988
|move|p2a: Jirachi|Zen Headbutt|p1a: Tsareena
|-damage|p1a: Tsareena|59/100
|move|p1a: Tsareena|Trop Kick|p2a: Jirachi
|-resisted|p2a: Jirachi
|-damage|p2a: Jirachi|73/100
|-unboost|p2a: Jirachi|atk|1
|
|upkeep
|turn|18
|
|t:|1759012996
|move|p2a: Jirachi|Zen Headbutt|p1a: Tsareena
|-damage|p1a: Tsareena|46/100
|move|p1a: Tsareena|Knock Off|p2a: Jirachi
|-supereffective|p2a: Jirachi
|-damage|p2a: Jirachi|21/100
|-enditem|p2a: Jirachi|Choice Scarf|[from] move: Knock Off|[of] p1a: Tsareena
|
|upkeep
|turn|19
|
|t:|1759013003
|move|p2a: Jirachi|Body Slam|p1a: Tsareena
|-damage|p1a: Tsareena|37/100
|move|p1a: Tsareena|Knock Off|p2a: Jirachi
|-supereffective|p2a: Jirachi
|-damage|p2a: Jirachi|0 fnt
|faint|p2a: Jirachi
|
|upkeep
|
|t:|1759013009
|switch|p2a: Cloyster|Cloyster, M|100/100
|turn|20
|
|t:|1759013013
|-terastallize|p2a: Cloyster|Ice
|move|p2a: Cloyster|Shell Smash|p2a: Cloyster
|-unboost|p2a: Cloyster|def|1
|-unboost|p2a: Cloyster|spd|1
|-boost|p2a: Cloyster|atk|2
|-boost|p2a: Cloyster|spa|2
|-boost|p2a: Cloyster|spe|2
|move|p1a: Tsareena|Knock Off|p2a: Cloyster
|-damage|p2a: Cloyster|70/100
|-enditem|p2a: Cloyster|Focus Sash|[from] move: Knock Off|[of] p1a: Tsareena
|
|upkeep
|turn|21
|
|t:|1759013024
|move|p2a: Cloyster|Icicle Spear|p1a: Tsareena
|-supereffective|p1a: Tsareena
|-damage|p1a: Tsareena|0 fnt
|faint|p1a: Tsareena
|-hitcount|p1: Tsareena|1
|
|upkeep
|
|t:|1759013030
|switch|p1a: Landorus|Landorus-Therian, M|41/100
|-ability|p1a: Landorus|Intimidate|boost
|-unboost|p2a: Cloyster|atk|1
|turn|22
|
|t:|1759013034
|move|p2a: Cloyster|Shell Smash|p2a: Cloyster
|-unboost|p2a: Cloyster|def|1
|-unboost|p2a: Cloyster|spd|1
|-boost|p2a: Cloyster|atk|2
|-boost|p2a: Cloyster|spa|2
|-boost|p2a: Cloyster|spe|2
|move|p1a: Landorus|Earthquake|p2a: Cloyster
|-damage|p2a: Cloyster|0 fnt
|faint|p2a: Cloyster
|
|win|The Power of Spam
|raw|The Power of Spam's rating: 1392 &rarr; <strong>1414</strong><br />(+22 for winning)
|raw|Princessjosie1001!'s rating: 1434 &rarr; <strong>1412</strong><br />(-22 for losing)
|l|☆Princessjosie1001!
|player|p2|
|l|☆The Power of Spam
|player|p1|
