|j|☆sudks
|j|☆Obito 2001
|t:|1758918101
|gametype|singles
|player|p1|sudks|102|1575
|player|p2|Obito 2001|blue-gen3two|1732
|gen|9
|tier|[Gen 9] OU
|rated|
|rule|HP Percentage Mod: HP is shown in percentages
|rule|Endless Battle Clause: Forcing endless battles is banned
|rule|Species Clause: Limit one of each Pokémon
|rule|OHKO Clause: OHKO moves are banned
|rule|Evasion Items Clause: Evasion items are banned
|rule|Evasion Moves Clause: Evasion moves are banned
|rule|Evasion Abilities Clause: Evasion abilities are banned
|rule|Sleep Moves Clause: Sleep-inducing moves are banned
|clearpoke
|poke|p1|Gholdengo|
|poke|p1|Great Tusk|
|poke|p1|Toxapex, F|
|poke|p1|Zapdos|
|poke|p1|Kingambit, M|
|poke|p1|Kyurem|
|poke|p2|Alcremie-Salted-Cream, F|
|poke|p2|Tornadus-Therian, M|
|poke|p2|Ursaluna, M|
|poke|p2|Weezing-Galar, F|
|poke|p2|Dragapult, F|
|poke|p2|Dragonite, F|
|teampreview
|inactive|Battle timer is ON: inactive players will automatically lose when time's up. (requested by Obito 2001)
|
|t:|1758918123
|teamsize|p1|6
|teamsize|p2|6
|start
|switch|p1a: Great Tusk|Great Tusk|100/100
|switch|p2a: Tornadus|Tornadus-Therian, M|100/100
|turn|1
|
|t:|1758918131
|move|p2a: Tornadus|Knock Off|p1a: Great Tusk
|-resisted|p1a: Great Tusk
|-damage|p1a: Great Tusk|95/100
|-enditem|p1a: Great Tusk|Assault Vest|[from] move: Knock Off|[of] p2a: Tornadus
|move|p1a: Great Tusk|Ice Spinner|p2a: Tornadus
|-supereffective|p2a: Tornadus
|-damage|p2a: Tornadus|35/100
|
|upkeep
|turn|2
|
|t:|1758918141
|-end|p1a: Great Tusk|Protosynthesis|[silent]
|switch|p1a: Zapdos|Zapdos|100/100
|move|p2a: Tornadus|Bleakwind Storm|p1a: Zapdos
|-resisted|p1a: Zapdos
|-damage|p1a: Zapdos|79/100
|
|-heal|p1a: Zapdos|86/100|[from] item: Leftovers
|upkeep
|turn|3
|
|t:|1758918149
|switch|p2a: Brock Lesnar|Ursaluna, M|100/100
|move|p1a: Zapdos|Hurricane|p2a: Brock Lesnar
|-damage|p2a: Brock Lesnar|43/100
|
|-heal|p1a: Zapdos|92/100|[from] item: Leftovers
|-status|p2a: Brock Lesnar|brn|[from] item: Flame Orb
|upkeep
|turn|4
|
|t:|1758918158
|move|p1a: Zapdos|Hurricane|p2a: Brock Lesnar
|-damage|p2a: Brock Lesnar|0 fnt
|faint|p2a: Brock Lesnar
|
|-heal|p1a: Zapdos|98/100|[from] item: Leftovers
|upkeep
|
|t:|1758918179
|switch|p2a: Tornadus|Tornadus-Therian, M|68/100
|turn|5
|
|t:|1758918184
|move|p2a: Tornadus|Knock Off|p1a: Zapdos
|-damage|p1a: Zapdos|72/100
|-status|p2a: Tornadus|par|[from] ability: Static|[of] p1a: Zapdos
|-enditem|p1a: Zapdos|Leftovers|[from] move: Knock Off|[of] p2a: Tornadus
|move|p1a: Zapdos|Volt Switch|p2a: Tornadus
|-supereffective|p2a: Tornadus
|-damage|p2a: Tornadus|0 fnt
|faint|p2a: Tornadus
|
|t:|1758918203
|switch|p1a: Toxapex|Toxapex, F|100/100|[from] Volt Switch
|
|upkeep
|
|t:|1758918209
|switch|p2a: 👻DraGhost🐉|Dragapult, F|100/100
|turn|6
|
|t:|1758918213
|move|p2a: 👻DraGhost🐉|Dragon Darts|p1a: Toxapex
|-damage|p1a: Toxapex|87/100
|-anim|p2a: 👻DraGhost🐉|Dragon Darts|p1a: Toxapex
|-damage|p1a: Toxapex|73/100
|move|p1a: Toxapex|Toxic Spikes|p2a: 👻DraGhost🐉
|-sidestart|p2: Obito 2001|move: Toxic Spikes
|
|upkeep
|turn|7
|
|t:|1758918221
|move|p2a: 👻DraGhost🐉|Curse|p1a: Toxapex
|-start|p1a: Toxapex|Curse|[of] p2a: 👻DraGhost🐉
|-damage|p2a: 👻DraGhost🐉|50/100
|move|p1a: Toxapex|Toxic Spikes|p2a: 👻DraGhost🐉
|-sidestart|p2: Obito 2001|move: Toxic Spikes
|
|-damage|p1a: Toxapex|48/100|[from] Curse
|upkeep
|turn|8
|
|t:|1758918235
|move|p2a: 👻DraGhost🐉|Reflect|p2a: 👻DraGhost🐉
|-sidestart|p2: Obito 2001|Reflect
|move|p1a: Toxapex|Surf|p2a: 👻DraGhost🐉
|-resisted|p2a: 👻DraGhost🐉
|-damage|p2a: 👻DraGhost🐉|39/100
|
|-damage|p1a: Toxapex|23/100|[from] Curse
|upkeep
|turn|9
|
|t:|1758918245
|switch|p1a: Gholdengo|Gholdengo|100/100
|move|p2a: 👻DraGhost🐉|Dragon Darts|p1a: Gholdengo
|-resisted|p1a: Gholdengo
|-damage|p1a: Gholdengo|89/100
|-anim|p2a: 👻DraGhost🐉|Dragon Darts|p1a: Gholdengo
|-resisted|p1a: Gholdengo
|-damage|p1a: Gholdengo|79/100
|
|-heal|p1a: Gholdengo|85/100|[from] item: Leftovers
|upkeep
|turn|10
|
|t:|1758918257
|move|p2a: 👻DraGhost🐉|Light Screen|p2a: 👻DraGhost🐉
|-sidestart|p2: Obito 2001|move: Light Screen
|move|p1a: Gholdengo|Shadow Ball|p2a: 👻DraGhost🐉
|-supereffective|p2a: 👻DraGhost🐉
|-damage|p2a: 👻DraGhost🐉|0 fnt
|faint|p2a: 👻DraGhost🐉
|
|-heal|p1a: Gholdengo|92/100|[from] item: Leftovers
|upkeep
|
|t:|1758918265
|switch|p2a: OG👑|Dragonite, F|100/100
|turn|11
|
|t:|1758918276
|move|p2a: OG👑|Dragon Dance|p2a: OG👑
|-boost|p2a: OG👑|atk|1
|-boost|p2a: OG👑|spe|1
|move|p1a: Gholdengo|Nasty Plot|p1a: Gholdengo
|-boost|p1a: Gholdengo|spa|2
|
|-heal|p1a: Gholdengo|98/100|[from] item: Leftovers
|upkeep
|turn|12
|
|t:|1758918288
|-terastallize|p1a: Gholdengo|Flying
|move|p2a: OG👑|Dragon Dance|p2a: OG👑
|-boost|p2a: OG👑|atk|1
|-boost|p2a: OG👑|spe|1
|move|p1a: Gholdengo|Shadow Ball|p2a: OG👑
|-damage|p2a: OG👑|75/100
|
|-heal|p2a: OG👑|81/100|[from] item: Leftovers
|-heal|p1a: Gholdengo|100/100|[from] item: Leftovers
|upkeep
|turn|13
|
|t:|1758918301
|-terastallize|p2a: OG👑|Flying
|move|p2a: OG👑|Tera Blast|p1a: Gholdengo|[anim] Tera Blast Flying
|-damage|p1a: Gholdengo|0 fnt
|faint|p1a: Gholdengo
|
|-heal|p2a: OG👑|87/100|[from] item: Leftovers
|upkeep
|
|t:|1758918318
|switch|p1a: Toxapex|Toxapex, F|56/100
|turn|14
|
|t:|1758918323
|move|p2a: OG👑|Earthquake|p1a: Toxapex
|-supereffective|p1a: Toxapex
|-damage|p1a: Toxapex|0 fnt
|faint|p1a: Toxapex
|
|-heal|p2a: OG👑|93/100|[from] item: Leftovers
|upkeep
|
|t:|1758918337
|switch|p1a: Great Tusk|Great Tusk|95/100
|turn|15
|
|t:|1758918343
|move|p2a: OG👑|Tera Blast|p1a: Great Tusk|[anim] Tera Blast Flying
|-supereffective|p1a: Great Tusk
|-crit|p1a: Great Tusk
|-damage|p1a: Great Tusk|0 fnt
|faint|p1a: Great Tusk
|-end|p1a: Great Tusk|Protosynthesis|[silent]
|
|-heal|p2a: OG👑|99/100|[from] item: Leftovers
|-sideend|p2: Obito 2001|Reflect
|upkeep
|
|t:|1758918364
|switch|p1a: Zapdos|Zapdos|72/100
|turn|16
|
|t:|1758918370
|move|p2a: OG👑|Tera Blast|p1a: Zapdos|[anim] Tera Blast Flying
|-resisted|p1a: Zapdos
|-damage|p1a: Zapdos|1/100
|move|p1a: Zapdos|Volt Switch|p2a: OG👑
|-supereffective|p2a: OG👑
|-damage|p2a: OG👑|56/100
|
|t:|1758918380
|switch|p1a: Kyurem|Kyurem|100/100|[from] Volt Switch
|-ability|p1a: Kyurem|Pressure
|
|-heal|p2a: OG👑|62/100|[from] item: Leftovers
|upkeep
|turn|17
|
|t:|1758918388
|move|p2a: OG👑|Tera Blast|p1a: Kyurem|[anim] Tera Blast Flying
|-damage|p1a: Kyurem|0 fnt
|faint|p1a: Kyurem
|
|-heal|p2a: OG👑|68/100|[from] item: Leftovers
|-sideend|p2: Obito 2001|move: Light Screen
|upkeep
|
|t:|1758918404
|switch|p1a: Zapdos|Zapdos|1/100
|turn|18
|
|t:|1758918409
|move|p2a: OG👑|Tera Blast|p1a: Zapdos|[anim] Tera Blast Flying
|-resisted|p1a: Zapdos
|-damage|p1a: Zapdos|0 fnt
|faint|p1a: Zapdos
|
|-heal|p2a: OG👑|74/100|[from] item: Leftovers
|upkeep
|
|t:|1758918415
|switch|p1a: Kingambit|Kingambit, M|100/100
|-activate|p1a: Kingambit|ability: Supreme Overlord
|-start|p1a: Kingambit|fallen5|[silent]
|turn|19
|
|t:|1758918420
|move|p1a: Kingambit|Sucker Punch||[still]
|-fail|p1a: Kingambit
|move|p2a: OG👑|Substitute|p2a: OG👑
|-start|p2a: OG👑|Substitute
|-damage|p2a: OG👑|50/100
|
|-heal|p2a: OG👑|56/100|[from] item: Leftovers
|upkeep
|turn|20
|-message|sudks forfeited.
|
|win|Obito 2001
|raw|sudks's rating: 1575 &rarr; <strong>1563</strong><br />(-12 for losing)
|raw|Obito 2001's rating: 1732 &rarr; <strong>1744</strong><br />(+12 for winning)
|l|☆sudks
|player|p1|
