|j|☆4DEF+4SPD=GG
|j|☆raditzisthebest
|t:|1758933663
|gametype|singles
|player|p1|4DEF+4SPD=GG|preschooler|1577
|player|p2|raditzisthebest|bruno|1519
|gen|9
|tier|[Gen 9] OU
|rated|
|rule|HP Percentage Mod: HP is shown in percentages
|rule|Endless Battle Clause: Forcing endless battles is banned
|rule|Species Clause: Limit one of each Pokémon
|rule|OHKO Clause: OHKO moves are banned
|rule|Evasion Items Clause: Evasion items are banned
|rule|Evasion Moves Clause: Evasion moves are banned
|rule|Evasion Abilities Clause: Evasion abilities are banned
|rule|Sleep Moves Clause: Sleep-inducing moves are banned
|clearpoke
|poke|p1|Tyranitar, M|
|poke|p1|Excadrill, M|
|poke|p1|Corviknight, M|
|poke|p1|Glimmora, M|
|poke|p1|Hippowdon, M|
|poke|p1|Scizor, M|
|poke|p2|Dragapult, M|
|poke|p2|Glimmora, M|
|poke|p2|Comfey, F|
|poke|p2|Kingambit, M|
|poke|p2|Ogerpon-Wellspring, F|
|poke|p2|Blaziken, M|
|teampreview
|inactive|Battle timer is ON: inactive players will automatically lose when time's up. (requested by 4DEF+4SPD=GG)
|
|t:|1758933675
|teamsize|p1|6
|teamsize|p2|6
|start
|switch|p1a: Scizor|Scizor, M|100/100
|switch|p2a: Ogerpon|Ogerpon-Wellspring, F|100/100
|turn|1
|
|t:|1758933679
|move|p2a: Ogerpon|U-turn|p1a: Scizor
|-resisted|p1a: Scizor
|-damage|p1a: Scizor|87/100
|
|t:|1758933681
|switch|p2a: Glimmora|Glimmora, M, shiny|100/100|[from] U-turn
|move|p1a: Scizor|U-turn|p2a: Glimmora
|-resisted|p2a: Glimmora
|-damage|p2a: Glimmora|80/100
|-activate|p2a: Glimmora|ability: Toxic Debris
|-sidestart|p1: 4DEF+4SPD=GG|move: Toxic Spikes
|-enditem|p2a: Glimmora|Red Card|[of] p1a: Scizor
|drag|p1a: Glimmora|Glimmora, M|100/100
|-sideend|p1: 4DEF+4SPD=GG|move: Toxic Spikes|[of] p1a: Glimmora
|
|upkeep
|turn|2
|
|t:|1758933692
|switch|p1a: Scizor|Scizor, M|87/100
|move|p2a: Glimmora|Earth Power|p1a: Scizor
|-damage|p1a: Scizor|54/100
|
|upkeep
|turn|3
|
|t:|1758933701
|move|p1a: Scizor|Bullet Punch|p2a: Glimmora
|-supereffective|p2a: Glimmora
|-damage|p2a: Glimmora|9/100
|-activate|p2a: Glimmora|ability: Toxic Debris
|-sidestart|p1: 4DEF+4SPD=GG|move: Toxic Spikes
|move|p2a: Glimmora|Stealth Rock|p1a: Scizor
|-sidestart|p1: 4DEF+4SPD=GG|move: Stealth Rock
|
|upkeep
|turn|4
|
|t:|1758933705
|move|p1a: Scizor|Bullet Punch|p2a: Glimmora
|-supereffective|p2a: Glimmora
|-damage|p2a: Glimmora|0 fnt
|-activate|p2a: Glimmora|ability: Toxic Debris
|-sidestart|p1: 4DEF+4SPD=GG|move: Toxic Spikes
|faint|p2a: Glimmora
|
|upkeep
|
|t:|1758933710
|switch|p2a: Blaziken|Blaziken, M, shiny|100/100
|turn|5
|
|t:|1758933715
|switch|p1a: Glimmora|Glimmora, M|100/100
|-sideend|p1: 4DEF+4SPD=GG|move: Toxic Spikes|[of] p1a: Glimmora
|-damage|p1a: Glimmora|88/100|[from] Stealth Rock
|move|p2a: Blaziken|Flare Blitz|p1a: Glimmora
|-resisted|p1a: Glimmora
|-damage|p1a: Glimmora|35/100
|-activate|p1a: Glimmora|ability: Toxic Debris
|-sidestart|p2: raditzisthebest|move: Toxic Spikes
|-damage|p2a: Blaziken|83/100|[from] Recoil
|-damage|p2a: Blaziken|73/100|[from] item: Life Orb
|
|-ability|p2a: Blaziken|Speed Boost|boost
|-boost|p2a: Blaziken|spe|1
|upkeep
|turn|6
|
|t:|1758933727
|move|p2a: Blaziken|Close Combat|p1a: Glimmora
|-damage|p1a: Glimmora|0 fnt
|-unboost|p2a: Blaziken|def|1
|-unboost|p2a: Blaziken|spd|1
|-activate|p1a: Glimmora|ability: Toxic Debris
|-sidestart|p2: raditzisthebest|move: Toxic Spikes
|faint|p1a: Glimmora
|-damage|p2a: Blaziken|63/100|[from] item: Life Orb
|
|-ability|p2a: Blaziken|Speed Boost|boost
|-boost|p2a: Blaziken|spe|1
|upkeep
|
|t:|1758933734
|switch|p1a: Hippowdon|Hippowdon, M|100/100
|-damage|p1a: Hippowdon|94/100|[from] Stealth Rock
|-weather|Sandstorm|[from] ability: Sand Stream|[of] p1a: Hippowdon
|turn|7
|
|t:|1758933756
|move|p2a: Blaziken|Flare Blitz|p1a: Hippowdon
|-damage|p1a: Hippowdon|48/100
|-damage|p2a: Blaziken|41/100|[from] Recoil
|-damage|p2a: Blaziken|31/100|[from] item: Life Orb
|move|p1a: Hippowdon|Bulldoze|p2a: Blaziken
|-supereffective|p2a: Blaziken
|-damage|p2a: Blaziken|0 fnt
|faint|p2a: Blaziken
|
|-weather|Sandstorm|[upkeep]
|upkeep
|
|t:|1758933765
|switch|p2a: Dragapult|Dragapult, M, shiny|100/100
|-status|p2a: Dragapult|tox
|turn|8
|
|t:|1758933769
|switch|p1a: Tyranitar|Tyranitar, M|100/100
|-damage|p1a: Tyranitar|88/100|[from] Stealth Rock
|move|p2a: Dragapult|Draco Meteor|p1a: Tyranitar
|-damage|p1a: Tyranitar|52/100
|-unboost|p2a: Dragapult|spa|2
|-damage|p2a: Dragapult|91/100 tox|[from] item: Life Orb
|
|-weather|Sandstorm|[upkeep]
|-damage|p2a: Dragapult|85/100 tox|[from] Sandstorm
|-damage|p2a: Dragapult|79/100 tox|[from] psn
|upkeep
|turn|9
|
|t:|1758933776
|move|p2a: Dragapult|Dragon Darts|p1a: Tyranitar
|-damage|p1a: Tyranitar|33/100
|-anim|p2a: Dragapult|Dragon Darts|p1a: Tyranitar
|-damage|p1a: Tyranitar|16/100
|-damage|p2a: Dragapult|69/100 tox|[from] item: Life Orb
|move|p1a: Tyranitar|Knock Off|p2a: Dragapult
|-supereffective|p2a: Dragapult
|-damage|p2a: Dragapult|0 fnt
|-enditem|p2a: Dragapult|Life Orb|[from] move: Knock Off|[of] p1a: Tyranitar
|faint|p2a: Dragapult
|
|-weather|Sandstorm|[upkeep]
|upkeep
|
|t:|1758933783
|switch|p2a: Ogerpon|Ogerpon-Wellspring, F|100/100
|-status|p2a: Ogerpon|tox
|turn|10
|
|t:|1758933788
|move|p2a: Ogerpon|Spikes|p1a: Tyranitar
|-sidestart|p1: 4DEF+4SPD=GG|Spikes
|move|p1a: Tyranitar|Knock Off|p2a: Ogerpon
|-damage|p2a: Ogerpon|66/100 tox
|
|-weather|Sandstorm|[upkeep]
|-damage|p2a: Ogerpon|60/100 tox|[from] Sandstorm
|-damage|p2a: Ogerpon|54/100 tox|[from] psn
|upkeep
|turn|11
|
|t:|1758933794
|move|p2a: Ogerpon|Ivy Cudgel|p1a: Tyranitar|[anim] Ivy Cudgel Water
|-supereffective|p1a: Tyranitar
|-damage|p1a: Tyranitar|0 fnt
|faint|p1a: Tyranitar
|
|-weather|Sandstorm|[upkeep]
|-damage|p2a: Ogerpon|48/100 tox|[from] Sandstorm
|-damage|p2a: Ogerpon|36/100 tox|[from] psn
|upkeep
|
|t:|1758933796
|switch|p1a: Corviknight|Corviknight, M|100/100
|-damage|p1a: Corviknight|88/100|[from] Stealth Rock
|turn|12
|
|t:|1758933802
|move|p2a: Ogerpon|Taunt|p1a: Corviknight
|-start|p1a: Corviknight|move: Taunt
|cant|p1a: Corviknight|move: Taunt|Defog
|
|-weather|Sandstorm|[upkeep]
|-damage|p2a: Ogerpon|30/100 tox|[from] Sandstorm
|-damage|p2a: Ogerpon|12/100 tox|[from] psn
|upkeep
|turn|13
|
|t:|1758933815
|switch|p1a: Hippowdon|Hippowdon, M|48/100
|-damage|p1a: Hippowdon|41/100|[from] Stealth Rock
|-damage|p1a: Hippowdon|29/100|[from] Spikes
|move|p2a: Ogerpon|Ivy Cudgel|p1a: Hippowdon|[anim] Ivy Cudgel Water
|-supereffective|p1a: Hippowdon
|-damage|p1a: Hippowdon|0 fnt
|faint|p1a: Hippowdon
|
|-weather|Sandstorm|[upkeep]
|-damage|p2a: Ogerpon|6/100 tox|[from] Sandstorm
|-damage|p2a: Ogerpon|0 fnt|[from] psn
|faint|p2a: Ogerpon
|upkeep
|
|t:|1758933824
|switch|p2a: Kingambit|Kingambit, M|100/100
|switch|p1a: Corviknight|Corviknight, M|88/100
|-activate|p2a: Kingambit|ability: Supreme Overlord
|-start|p2a: Kingambit|fallen4|[silent]
|-damage|p1a: Corviknight|75/100|[from] Stealth Rock
|turn|14
|
|t:|1758933829
|-terastallize|p2a: Kingambit|Fire
|move|p2a: Kingambit|Swords Dance|p2a: Kingambit
|-boost|p2a: Kingambit|atk|2
|move|p1a: Corviknight|Defog|p2a: Kingambit
|-unboost|p2a: Kingambit|evasion|1
|-sideend|p2: raditzisthebest|Toxic Spikes|[from] move: Defog|[of] p1a: Corviknight
|-sideend|p1: 4DEF+4SPD=GG|Spikes|[from] move: Defog|[of] p1a: Corviknight
|-sideend|p1: 4DEF+4SPD=GG|Stealth Rock|[from] move: Defog|[of] p1a: Corviknight
|
|-weather|none
|upkeep
|turn|15
|
|t:|1758933836
|move|p2a: Kingambit|Swords Dance|p2a: Kingambit
|-boost|p2a: Kingambit|atk|2
|move|p1a: Corviknight|Brave Bird|p2a: Kingambit
|-damage|p2a: Kingambit|72/100
|-damage|p1a: Corviknight|66/100|[from] Recoil
|
|-heal|p2a: Kingambit|78/100|[from] item: Leftovers
|upkeep
|turn|16
|
|t:|1758933841
|move|p2a: Kingambit|Kowtow Cleave|p1a: Corviknight
|-damage|p1a: Corviknight|0 fnt
|-damage|p2a: Kingambit|61/100|[from] item: Rocky Helmet|[of] p1a: Corviknight
|faint|p1a: Corviknight
|
|-heal|p2a: Kingambit|67/100|[from] item: Leftovers
|upkeep
|
|t:|1758933842
|switch|p1a: Excadrill|Excadrill, M|100/100
|turn|17
|
|t:|1758933846
|move|p2a: Kingambit|Sucker Punch|p1a: Excadrill
|-enditem|p1a: Excadrill|Focus Sash
|-damage|p1a: Excadrill|1/100
|move|p1a: Excadrill|Earthquake|p2a: Kingambit
|-supereffective|p2a: Kingambit
|-damage|p2a: Kingambit|0 fnt
|faint|p2a: Kingambit
|-end|p2a: Kingambit|fallen4|[silent]
|
|upkeep
|
|t:|1758933852
|switch|p2a: Comfey|Comfey, F, shiny|100/100
|turn|18
|-message|raditzisthebest forfeited.
|
|win|4DEF+4SPD=GG
|raw|4DEF+4SPD=GG's rating: 1577 &rarr; <strong>1594</strong><br />(+17 for winning)
|raw|raditzisthebest's rating: 1519 &rarr; <strong>1502</strong><br />(-17 for losing)
|l|☆raditzisthebest
|player|p2|
