|j|☆hnhgjmmkn
|j|☆lanarey
|t:|1758961292
|gametype|singles
|player|p1|hnhgjmmkn|1|1637
|player|p2|lanarey|lady-gen4|1683
|gen|9
|tier|[Gen 9] OU
|rated|
|rule|HP Percentage Mod: HP is shown in percentages
|rule|Endless Battle Clause: Forcing endless battles is banned
|rule|Species Clause: Limit one of each Pokémon
|rule|OHKO Clause: OHKO moves are banned
|rule|Evasion Items Clause: Evasion items are banned
|rule|Evasion Moves Clause: Evasion moves are banned
|rule|Evasion Abilities Clause: Evasion abilities are banned
|rule|Sleep Moves Clause: Sleep-inducing moves are banned
|clearpoke
|poke|p1|Raging Bolt|
|poke|p1|Torkoal, F|
|poke|p1|Gliscor, F|
|poke|p1|Walking Wake|
|poke|p1|Scizor, F|
|poke|p1|Hatterene, F|
|poke|p2|Kyurem|
|poke|p2|Landorus-Therian, M|
|poke|p2|Ogerpon-Wellspring, F|
|poke|p2|Hatterene, F|
|poke|p2|Zamazenta-*|
|poke|p2|Kingambit, F|
|teampreview
|inactive|Battle timer is ON: inactive players will automatically lose when time's up. (requested by lanarey)
|
|t:|1758961319
|teamsize|p1|6
|teamsize|p2|6
|start
|switch|p1a: Scizor|Scizor, F|100/100
|switch|p2a: Landorus|Landorus-Therian, M|100/100
|-ability|p2a: Landorus|Intimidate|boost
|-unboost|p1a: Scizor|atk|1
|turn|1
|
|t:|1758961327
|switch|p1a: Hatterene|Hatterene, F|100/100
|move|p2a: Landorus|Earth Power|p1a: Hatterene
|-damage|p1a: Hatterene|80/100
|
|upkeep
|turn|2
|
|t:|1758961334
|move|p2a: Landorus|U-turn|p1a: Hatterene
|-damage|p1a: Hatterene|64/100
|
|t:|1758961339
|switch|p2a: Hatterene|Hatterene, F|100/100|[from] U-turn
|move|p1a: Hatterene|Nuzzle|p2a: Hatterene
|-damage|p2a: Hatterene|97/100
|-status|p2a: Hatterene|par
|-damage|p1a: Hatterene|47/100|[from] item: Rocky Helmet|[of] p2a: Hatterene
|
|upkeep
|turn|3
|
|t:|1758961348
|move|p1a: Hatterene|Psychic Noise|p2a: Hatterene
|-resisted|p2a: Hatterene
|-damage|p2a: Hatterene|78/100 par
|-start|p2a: Hatterene|move: Heal Block
|move|p2a: Hatterene|Psychic Noise|p1a: Hatterene
|-resisted|p1a: Hatterene
|-damage|p1a: Hatterene|36/100
|-start|p1a: Hatterene|move: Heal Block
|
|upkeep
|turn|4
|
|t:|1758961359
|move|p1a: Hatterene|Mystical Fire|p2a: Hatterene
|-damage|p2a: Hatterene|56/100 par
|-unboost|p2a: Hatterene|spa|1
|move|p2a: Hatterene|Psychic Noise|p1a: Hatterene
|-resisted|p1a: Hatterene
|-damage|p1a: Hatterene|28/100
|
|-end|p1a: Hatterene|move: Heal Block
|-end|p2a: Hatterene|move: Heal Block
|upkeep
|turn|5
|
|t:|1758961371
|move|p1a: Hatterene|Draining Kiss|p2a: Hatterene
|-damage|p2a: Hatterene|33/100 par
|-heal|p1a: Hatterene|46/100|[from] drain|[of] p2a: Hatterene
|-damage|p1a: Hatterene|29/100|[from] item: Rocky Helmet|[of] p2a: Hatterene
|move|p2a: Hatterene|Psychic Noise|p1a: Hatterene
|-resisted|p1a: Hatterene
|-damage|p1a: Hatterene|22/100
|-start|p1a: Hatterene|move: Heal Block
|
|upkeep
|turn|6
|
|t:|1758961382
|move|p1a: Hatterene|Psychic Noise|p2a: Hatterene
|-resisted|p2a: Hatterene
|-damage|p2a: Hatterene|13/100 par
|-start|p2a: Hatterene|move: Heal Block
|cant|p2a: Hatterene|par
|
|-end|p1a: Hatterene|move: Heal Block
|upkeep
|turn|7
|
|t:|1758961399
|move|p1a: Hatterene|Mystical Fire|p2a: Hatterene
|-damage|p2a: Hatterene|0 fnt
|faint|p2a: Hatterene
|
|upkeep
|
|t:|1758961406
|switch|p2a: Ogerpon|Ogerpon-Wellspring, F|100/100
|turn|8
|
|t:|1758961409
|switch|p1a: Torkoal|Torkoal, F|100/100
|-weather|SunnyDay|[from] ability: Drought|[of] p1a: Torkoal
|move|p2a: Ogerpon|Ivy Cudgel|p1a: Torkoal|[anim] Ivy Cudgel Water
|-supereffective|p1a: Torkoal
|-damage|p1a: Torkoal|64/100
|
|-weather|SunnyDay|[upkeep]
|upkeep
|turn|9
|
|t:|1758961420
|move|p2a: Ogerpon|Ivy Cudgel|p1a: Torkoal|[anim] Ivy Cudgel Water
|-supereffective|p1a: Torkoal
|-damage|p1a: Torkoal|32/100
|move|p1a: Torkoal|Stealth Rock|p2a: Ogerpon
|-sidestart|p2: lanarey|move: Stealth Rock
|
|-weather|SunnyDay|[upkeep]
|upkeep
|turn|10
|
|t:|1758961429
|switch|p1a: Raging Bolt|Raging Bolt|100/100
|-activate|p1a: Raging Bolt|ability: Protosynthesis
|-start|p1a: Raging Bolt|protosynthesisspa
|move|p2a: Ogerpon|U-turn|p1a: Raging Bolt
|-damage|p1a: Raging Bolt|77/100
|
|t:|1758961431
|switch|p2a: Landorus|Landorus-Therian, M|100/100|[from] U-turn
|-damage|p2a: Landorus|88/100|[from] Stealth Rock
|-ability|p2a: Landorus|Intimidate|boost
|-unboost|p1a: Raging Bolt|atk|1
|
|-weather|SunnyDay|[upkeep]
|upkeep
|turn|11
|
|t:|1758961443
|-end|p1a: Raging Bolt|Protosynthesis|[silent]
|switch|p1a: Hatterene|Hatterene, F|22/100
|move|p2a: Landorus|Earth Power|p1a: Hatterene
|-damage|p1a: Hatterene|1/100
|
|-weather|SunnyDay|[upkeep]
|upkeep
|turn|12
|
|t:|1758961451
|move|p2a: Landorus|Earth Power|p1a: Hatterene
|-damage|p1a: Hatterene|0 fnt
|faint|p1a: Hatterene
|
|-weather|SunnyDay|[upkeep]
|upkeep
|
|t:|1758961457
|switch|p1a: Walking Wake|Walking Wake|100/100
|-activate|p1a: Walking Wake|ability: Protosynthesis
|-start|p1a: Walking Wake|protosynthesisspe
|turn|13
|j| larp legion
|
|t:|1758961466
|move|p1a: Walking Wake|Flamethrower|p2a: Landorus
|-damage|p2a: Landorus|18/100
|-status|p2a: Landorus|brn
|move|p2a: Landorus|Stealth Rock|p1a: Walking Wake
|-sidestart|p1: hnhgjmmkn|move: Stealth Rock
|
|-weather|SunnyDay|[upkeep]
|-damage|p2a: Landorus|12/100 brn|[from] brn
|upkeep
|turn|14
|
|t:|1758961475
|move|p1a: Walking Wake|Flamethrower|p2a: Landorus
|-damage|p2a: Landorus|0 fnt
|faint|p2a: Landorus
|
|-weather|SunnyDay|[upkeep]
|upkeep
|
|t:|1758961491
|switch|p2a: Ogerpon|Ogerpon-Wellspring, F|100/100
|-damage|p2a: Ogerpon|88/100|[from] Stealth Rock
|turn|15
|
|t:|1758961495
|move|p1a: Walking Wake|Flamethrower|p2a: Ogerpon
|-damage|p2a: Ogerpon|3/100
|move|p2a: Ogerpon|Power Whip|p1a: Walking Wake
|-damage|p1a: Walking Wake|22/100
|
|-weather|none
|-end|p1a: Walking Wake|Protosynthesis
|upkeep
|turn|16
|
|t:|1758961508
|-end|p1a: Walking Wake|Protosynthesis|[silent]
|switch|p1a: Torkoal|Torkoal, F|32/100
|-damage|p1a: Torkoal|7/100|[from] Stealth Rock
|-weather|SunnyDay|[from] ability: Drought|[of] p1a: Torkoal
|move|p2a: Ogerpon|Power Whip|p1a: Torkoal
|-resisted|p1a: Torkoal
|-damage|p1a: Torkoal|0 fnt
|faint|p1a: Torkoal
|
|-weather|SunnyDay|[upkeep]
|upkeep
|
|t:|1758961519
|switch|p1a: Walking Wake|Walking Wake|22/100
|-damage|p1a: Walking Wake|10/100|[from] Stealth Rock
|-activate|p1a: Walking Wake|ability: Protosynthesis
|-start|p1a: Walking Wake|protosynthesisspe
|turn|17
|
|t:|1758961525
|move|p1a: Walking Wake|Flamethrower|p2a: Ogerpon
|-damage|p2a: Ogerpon|0 fnt
|faint|p2a: Ogerpon
|
|-weather|SunnyDay|[upkeep]
|upkeep
|
|t:|1758961527
|switch|p2a: Kingambit|Kingambit, F|100/100
|-damage|p2a: Kingambit|94/100|[from] Stealth Rock
|-activate|p2a: Kingambit|ability: Supreme Overlord
|-start|p2a: Kingambit|fallen3|[silent]
|turn|18
|
|t:|1758961536
|-end|p1a: Walking Wake|Protosynthesis|[silent]
|switch|p1a: Scizor|Scizor, F|100/100
|-damage|p1a: Scizor|88/100|[from] Stealth Rock
|move|p2a: Kingambit|Sucker Punch||[still]
|-fail|p2a: Kingambit
|
|-weather|SunnyDay|[upkeep]
|-heal|p2a: Kingambit|100/100|[from] item: Leftovers
|upkeep
|turn|19
|l| larp legion
|
|t:|1758961555
|-terastallize|p2a: Kingambit|Ghost
|move|p1a: Scizor|U-turn|p2a: Kingambit
|-resisted|p2a: Kingambit
|-damage|p2a: Kingambit|76/100
|
|t:|1758961561
|switch|p1a: Walking Wake|Walking Wake|10/100|[from] U-turn
|-damage|p1a: Walking Wake|0 fnt|[from] Stealth Rock
|faint|p1a: Walking Wake
|-end|p1a: Walking Wake|Protosynthesis|[silent]
|move|p2a: Kingambit|Swords Dance|p2a: Kingambit
|-boost|p2a: Kingambit|atk|2
|
|-weather|SunnyDay|[upkeep]
|-heal|p2a: Kingambit|82/100|[from] item: Leftovers
|upkeep
|
|t:|1758961573
|switch|p1a: Scizor|Scizor, F|88/100
|-damage|p1a: Scizor|76/100|[from] Stealth Rock
|turn|20
|
|t:|1758961586
|move|p1a: Scizor|Knock Off|p2a: Kingambit
|-supereffective|p2a: Kingambit
|-damage|p2a: Kingambit|0 fnt
|-enditem|p2a: Kingambit|Leftovers|[from] move: Knock Off|[of] p1a: Scizor
|faint|p2a: Kingambit
|-end|p2a: Kingambit|fallen3|[silent]
|
|-weather|SunnyDay|[upkeep]
|upkeep
|
|t:|1758961604
|switch|p2a: Kyurem|Kyurem|100/100
|-damage|p2a: Kyurem|76/100|[from] Stealth Rock
|-ability|p2a: Kyurem|Pressure
|turn|21
|
|t:|1758961610
|move|p2a: Kyurem|Icicle Spear|p1a: Scizor
|-resisted|p1a: Scizor
|-damage|p1a: Scizor|70/100
|-resisted|p1a: Scizor
|-damage|p1a: Scizor|63/100
|-resisted|p1a: Scizor
|-damage|p1a: Scizor|57/100
|-resisted|p1a: Scizor
|-damage|p1a: Scizor|50/100
|-resisted|p1a: Scizor
|-damage|p1a: Scizor|43/100
|-hitcount|p1a: Scizor|5
|move|p1a: Scizor|Knock Off|p2a: Kyurem
|-damage|p2a: Kyurem|20/100
|-enditem|p2a: Kyurem|Loaded Dice|[from] move: Knock Off|[of] p1a: Scizor
|
|-weather|SunnyDay|[upkeep]
|upkeep
|turn|22
|
|t:|1758961625
|move|p2a: Kyurem|Icicle Spear|p1a: Scizor
|-resisted|p1a: Scizor
|-damage|p1a: Scizor|37/100
|-resisted|p1a: Scizor
|-crit|p1a: Scizor
|-damage|p1a: Scizor|27/100
|-resisted|p1a: Scizor
|-damage|p1a: Scizor|21/100
|-resisted|p1a: Scizor
|-crit|p1a: Scizor
|-damage|p1a: Scizor|11/100
|-resisted|p1a: Scizor
|-damage|p1a: Scizor|4/100
|-hitcount|p1a: Scizor|5
|move|p1a: Scizor|Knock Off|p2a: Kyurem
|-damage|p2a: Kyurem|0 fnt
|faint|p2a: Kyurem
|
|-weather|SunnyDay|[upkeep]
|upkeep
|
|t:|1758961635
|switch|p2a: Zamazenta|Zamazenta|100/100
|-damage|p2a: Zamazenta|94/100|[from] Stealth Rock
|-ability|p2a: Zamazenta|Dauntless Shield|boost
|-boost|p2a: Zamazenta|def|1
|turn|23
|
|t:|1758961644
|move|p2a: Zamazenta|Crunch|p1a: Scizor
|-damage|p1a: Scizor|0 fnt
|faint|p1a: Scizor
|
|-weather|none
|upkeep
|
|t:|1758961650
|switch|p1a: Raging Bolt|Raging Bolt|77/100
|-damage|p1a: Raging Bolt|65/100|[from] Stealth Rock
|turn|24
|
|t:|1758961673
|-terastallize|p1a: Raging Bolt|Fairy
|move|p2a: Zamazenta|Crunch|p1a: Raging Bolt
|-resisted|p1a: Raging Bolt
|-damage|p1a: Raging Bolt|54/100
|-unboost|p1a: Raging Bolt|def|1
|move|p1a: Raging Bolt|Dragon Pulse|p2a: Zamazenta
|-damage|p2a: Zamazenta|60/100
|
|upkeep
|turn|25
|
|t:|1758961683
|move|p2a: Zamazenta|Heavy Slam|p1a: Raging Bolt
|-supereffective|p1a: Raging Bolt
|-damage|p1a: Raging Bolt|20/100
|move|p1a: Raging Bolt|Volt Switch|p2a: Zamazenta
|-damage|p2a: Zamazenta|36/100
|
|t:|1758961689
|-end|p1a: Raging Bolt|Protosynthesis|[silent]
|switch|p1a: Gliscor|Gliscor, F|100/100|[from] Volt Switch
|-damage|p1a: Gliscor|88/100|[from] Stealth Rock
|
|-status|p1a: Gliscor|tox|[from] item: Toxic Orb
|upkeep
|turn|26
|
|t:|1758961696
|move|p2a: Zamazenta|Ice Fang|p1a: Gliscor
|-supereffective|p1a: Gliscor
|-damage|p1a: Gliscor|16/100 tox
|move|p1a: Gliscor|Knock Off|p2a: Zamazenta
|-resisted|p2a: Zamazenta
|-damage|p2a: Zamazenta|29/100
|-enditem|p2a: Zamazenta|Assault Vest|[from] move: Knock Off|[of] p1a: Gliscor
|
|-heal|p1a: Gliscor|29/100 tox|[from] ability: Poison Heal
|upkeep
|turn|27
|
|t:|1758961707
|move|p2a: Zamazenta|Ice Fang|p1a: Gliscor
|-supereffective|p1a: Gliscor
|-damage|p1a: Gliscor|0 fnt
|faint|p1a: Gliscor
|
|upkeep
|
|t:|1758961712
|switch|p1a: Raging Bolt|Raging Bolt, tera:Fairy|20/100
|-damage|p1a: Raging Bolt|7/100|[from] Stealth Rock
|turn|28
|
|t:|1758961717
|move|p1a: Raging Bolt|Thunderclap|p2a: Zamazenta
|-damage|p2a: Zamazenta|0 fnt
|faint|p2a: Zamazenta
|
|win|hnhgjmmkn
|raw|hnhgjmmkn's rating: 1637 &rarr; <strong>1660</strong><br />(+23 for winning)
|raw|lanarey's rating: 1683 &rarr; <strong>1660</strong><br />(-23 for losing)
|c|☆hnhgjmmkn|Gg
|l|☆hnhgjmmkn
|player|p1|
