|j|☆Tyusworg
|j|☆thevoard3333
|t:|1758997627
|gametype|singles
|player|p1|Tyusworg|acetrainersnow|1311
|player|p2|thevoard3333|266|1334
|gen|9
|tier|[Gen 9] OU
|rated|
|rule|HP Percentage Mod: HP is shown in percentages
|rule|Endless Battle Clause: Forcing endless battles is banned
|rule|Species Clause: Limit one of each Pokémon
|rule|OHKO Clause: OHKO moves are banned
|rule|Evasion Items Clause: Evasion items are banned
|rule|Evasion Moves Clause: Evasion moves are banned
|rule|Evasion Abilities Clause: Evasion abilities are banned
|rule|Sleep Moves Clause: Sleep-inducing moves are banned
|clearpoke
|poke|p1|Iron Valiant|
|poke|p1|Slither Wing|
|poke|p1|Heatran, M|
|poke|p1|Glimmora, F|
|poke|p1|Rotom-Wash|
|poke|p1|Corviknight, M|
|poke|p2|Mismagius, F|
|poke|p2|Cobalion|
|poke|p2|Walking Wake|
|poke|p2|Blissey, F|
|poke|p2|Landorus-Therian, M|
|poke|p2|Cinderace, M|
|teampreview
|
|t:|1758997635
|teamsize|p1|6
|teamsize|p2|6
|start
|switch|p1a: Mr. Propre|Rotom-Wash|100/100
|switch|p2a: Landorus|Landorus-Therian, M|100/100
|-ability|p2a: Landorus|Intimidate|boost
|-unboost|p1a: Mr. Propre|atk|1
|turn|1
|
|t:|1758997674
|move|p2a: Landorus|U-turn|p1a: Mr. Propre
|-damage|p1a: Mr. Propre|73/100
|
|t:|1758997677
|switch|p2a: Blissey|Blissey, F|100/100|[from] U-turn
|move|p1a: Mr. Propre|Hydro Pump|p2a: Blissey|[miss]
|-miss|p1a: Mr. Propre|p2a: Blissey
|
|-heal|p1a: Mr. Propre|79/100|[from] item: Leftovers
|upkeep
|turn|2
|
|t:|1758997711
|move|p1a: Mr. Propre|Volt Switch|p2a: Blissey
|-crit|p2a: Blissey
|-damage|p2a: Blissey|88/100
|
|t:|1758997715
|switch|p1a: Slither Wing|Slither Wing|100/100|[from] Volt Switch
|move|p2a: Blissey|Seismic Toss|p1a: Slither Wing
|-damage|p1a: Slither Wing|70/100
|
|upkeep
|turn|3
|
|t:|1758997722
|switch|p2a: Mismagius|Mismagius, F|100/100
|move|p1a: Slither Wing|U-turn|p2a: Mismagius
|-resisted|p2a: Mismagius
|-damage|p2a: Mismagius|78/100
|-damage|p1a: Slither Wing|53/100|[from] item: Rocky Helmet|[of] p2a: Mismagius
|
|t:|1758997731
|-end|p1a: Slither Wing|Protosynthesis|[silent]
|switch|p1a: Saint-Graal|Glimmora, F, shiny|100/100|[from] U-turn
|
|upkeep
|turn|4
|
|t:|1758997741
|move|p1a: Saint-Graal|Power Gem|p2a: Mismagius
|-damage|p2a: Mismagius|11/100
|move|p2a: Mismagius|Taunt|p1a: Saint-Graal
|-start|p1a: Saint-Graal|move: Taunt
|
|upkeep
|turn|5
|
|t:|1758997746
|switch|p2a: Blissey|Blissey, F|88/100
|move|p1a: Saint-Graal|Power Gem|p2a: Blissey
|-damage|p2a: Blissey|70/100
|
|upkeep
|turn|6
|
|t:|1758997756
|switch|p1a: Corviknight|Corviknight, M|100/100
|move|p2a: Blissey|Soft-Boiled|p2a: Blissey
|-heal|p2a: Blissey|100/100
|
|upkeep
|turn|7
|
|t:|1758997764
|move|p2a: Blissey|Thunder Wave|p1a: Corviknight
|-status|p1a: Corviknight|par
|move|p1a: Corviknight|U-turn|p2a: Blissey
|-damage|p2a: Blissey|74/100
|
|t:|1758997778
|switch|p1a: Slither Wing|Slither Wing|53/100|[from] U-turn
|
|upkeep
|turn|8
|
|t:|1758997788
|switch|p2a: Mismagius|Mismagius, F|11/100
|move|p1a: Slither Wing|U-turn|p2a: Mismagius
|-resisted|p2a: Mismagius
|-damage|p2a: Mismagius|0 fnt
|-damage|p1a: Slither Wing|37/100|[from] item: Rocky Helmet|[of] p2a: Mismagius
|faint|p2a: Mismagius
|
|t:|1758997808
|-end|p1a: Slither Wing|Protosynthesis|[silent]
|switch|p1a: Mr. Propre|Rotom-Wash|79/100|[from] U-turn
|
|-heal|p1a: Mr. Propre|84/100|[from] item: Leftovers
|upkeep
|
|t:|1758997843
|switch|p2a: Blissey|Blissey, F|74/100
|turn|9
|
|t:|1758997854
|move|p1a: Mr. Propre|Hydro Pump|p2a: Blissey
|-damage|p2a: Blissey|60/100
|move|p2a: Blissey|Seismic Toss|p1a: Mr. Propre
|-damage|p1a: Mr. Propre|45/100
|
|-heal|p1a: Mr. Propre|51/100|[from] item: Leftovers
|upkeep
|turn|10
|
|t:|1758997867
|move|p1a: Mr. Propre|Pain Split|p2a: Blissey
|-sethp|p2a: Blissey|39/100|[from] move: Pain Split|[silent]
|-sethp|p1a: Mr. Propre|100/100|[from] move: Pain Split
|move|p2a: Blissey|Soft-Boiled|p2a: Blissey
|-heal|p2a: Blissey|89/100
|
|upkeep
|turn|11
|
|t:|1758997877
|switch|p2a: Walking Wake|Walking Wake|100/100
|-enditem|p2a: Walking Wake|Booster Energy
|-activate|p2a: Walking Wake|ability: Protosynthesis|[fromitem]
|-start|p2a: Walking Wake|protosynthesisspa
|move|p1a: Mr. Propre|Volt Switch|p2a: Walking Wake
|-damage|p2a: Walking Wake|67/100
|
|t:|1758997891
|switch|p1a: Iron Valiant|Iron Valiant|100/100|[from] Volt Switch
|-enditem|p1a: Iron Valiant|Booster Energy
|-activate|p1a: Iron Valiant|ability: Quark Drive|[fromitem]
|-start|p1a: Iron Valiant|quarkdrivespe
|
|upkeep
|turn|12
|
|t:|1758997896
|-terastallize|p2a: Walking Wake|Fairy
|move|p1a: Iron Valiant|Moonblast|p2a: Walking Wake
|-damage|p2a: Walking Wake|16/100
|-unboost|p2a: Walking Wake|spa|1
|move|p2a: Walking Wake|Hydro Pump|p1a: Iron Valiant
|-damage|p1a: Iron Valiant|3/100
|
|upkeep
|turn|13
|
|t:|1758997908
|-end|p2a: Walking Wake|Protosynthesis|[silent]
|switch|p2a: Blissey|Blissey, F|89/100
|move|p1a: Iron Valiant|Moonblast|p2a: Blissey
|-damage|p2a: Blissey|76/100
|
|upkeep
|turn|14
|
|t:|1758997913
|move|p1a: Iron Valiant|Close Combat|p2a: Blissey
|-supereffective|p2a: Blissey
|-damage|p2a: Blissey|0 fnt
|-unboost|p1a: Iron Valiant|def|1
|-unboost|p1a: Iron Valiant|spd|1
|faint|p2a: Blissey
|
|upkeep
|
|t:|1758997922
|switch|p2a: Cobalion|Cobalion|100/100
|turn|15
|
|t:|1758997928
|move|p1a: Iron Valiant|Close Combat|p2a: Cobalion
|-supereffective|p2a: Cobalion
|-damage|p2a: Cobalion|46/100
|-unboost|p1a: Iron Valiant|def|1
|-unboost|p1a: Iron Valiant|spd|1
|move|p2a: Cobalion|Heavy Slam|p1a: Iron Valiant
|-supereffective|p1a: Iron Valiant
|-damage|p1a: Iron Valiant|0 fnt
|faint|p1a: Iron Valiant
|-end|p1a: Iron Valiant|Quark Drive|[silent]
|
|-heal|p2a: Cobalion|52/100|[from] item: Leftovers
|upkeep
|
|t:|1758997941
|switch|p1a: Magmacier|Heatran, M|100/100
|turn|16
|
|t:|1758997950
|move|p2a: Cobalion|Body Press|p1a: Magmacier
|-supereffective|p1a: Magmacier
|-damage|p1a: Magmacier|19/100
|move|p1a: Magmacier|Flamethrower|p2a: Cobalion
|-supereffective|p2a: Cobalion
|-damage|p2a: Cobalion|0 fnt
|faint|p2a: Cobalion
|
|upkeep
|
|t:|1758997965
|switch|p2a: Landorus|Landorus-Therian, M|100/100
|-ability|p2a: Landorus|Intimidate|boost
|-unboost|p1a: Magmacier|atk|1
|turn|17
|
|t:|1758997970
|move|p2a: Landorus|Earthquake|p1a: Magmacier
|-supereffective|p1a: Magmacier
|-damage|p1a: Magmacier|0 fnt
|faint|p1a: Magmacier
|
|upkeep
|
|t:|1758997975
|switch|p1a: Mr. Propre|Rotom-Wash|100/100
|turn|18
|
|t:|1758997992
|switch|p2a: Cinderace|Cinderace, M|100/100
|move|p1a: Mr. Propre|Volt Switch|p2a: Cinderace
|-crit|p2a: Cinderace
|-damage|p2a: Cinderace|40/100
|
|t:|1758998000
|switch|p1a: Saint-Graal|Glimmora, F, shiny|100/100|[from] Volt Switch
|
|upkeep
|turn|19
|
|t:|1758998008
|move|p2a: Cinderace|Pyro Ball|p1a: Saint-Graal
|-resisted|p1a: Saint-Graal
|-damage|p1a: Saint-Graal|67/100
|-activate|p1a: Saint-Graal|ability: Toxic Debris
|-sidestart|p2: thevoard3333|move: Toxic Spikes
|move|p1a: Saint-Graal|Power Gem|p2a: Cinderace
|-supereffective|p2a: Cinderace
|-damage|p2a: Cinderace|0 fnt
|faint|p2a: Cinderace
|
|upkeep
|
|t:|1758998036
|switch|p2a: Landorus|Landorus-Therian, M|100/100
|-ability|p2a: Landorus|Intimidate|boost
|-unboost|p1a: Saint-Graal|atk|1
|turn|20
|
|t:|1758998041
|switch|p1a: Corviknight|Corviknight, M|100/100 par
|move|p2a: Landorus|Earthquake|p1a: Corviknight
|-immune|p1a: Corviknight
|
|upkeep
|turn|21
|-message|thevoard3333 forfeited.
|
|win|Tyusworg
|raw|Tyusworg's rating: 1311 &rarr; <strong>1332</strong><br />(+21 for winning)
|raw|thevoard3333's rating: 1334 &rarr; <strong>1313</strong><br />(-21 for losing)
|l|☆thevoard3333
|player|p2|
|l|☆Tyusworg
|player|p1|
