|j|☆LetsgoBrandonJ
|j|☆v1n001
|t:|1759028619
|gametype|singles
|player|p1|LetsgoBrandonJ|265|1683
|player|p2|v1n001|1|1674
|gen|9
|tier|[Gen 9] OU
|rated|
|rule|HP Percentage Mod: HP is shown in percentages
|rule|Endless Battle Clause: Forcing endless battles is banned
|rule|Species Clause: Limit one of each Pokémon
|rule|OHKO Clause: OHKO moves are banned
|rule|Evasion Items Clause: Evasion items are banned
|rule|Evasion Moves Clause: Evasion moves are banned
|rule|Evasion Abilities Clause: Evasion abilities are banned
|rule|Sleep Moves Clause: Sleep-inducing moves are banned
|clearpoke
|poke|p1|Araquanid, M|
|poke|p1|Gholdengo|
|poke|p1|Iron Moth|
|poke|p1|Iron Valiant|
|poke|p1|Raging Bolt|
|poke|p1|Kingambit, M|
|poke|p2|Rillaboom, F|
|poke|p2|Hawlucha, F|
|poke|p2|Gholdengo|
|poke|p2|Heatran, F|
|poke|p2|Glimmora, F|
|poke|p2|Ogerpon-Wellspring, F|
|teampreview
|inactive|Battle timer is ON: inactive players will automatically lose when time's up. (requested by v1n001)
|inactive|LetsgoBrandonJ also wants the timer to be on.
|
|t:|1759028624
|teamsize|p1|6
|teamsize|p2|6
|start
|switch|p1a: Araquanid|Araquanid, M, shiny|100/100
|switch|p2a: Hawlucha|Hawlucha, F, shiny|100/100
|turn|1
|
|t:|1759028642
|move|p2a: Hawlucha|Acrobatics|p1a: Araquanid
|-supereffective|p1a: Araquanid
|-damage|p1a: Araquanid|53/100
|move|p1a: Araquanid|Sticky Web|p2a: Hawlucha
|-sidestart|p2: v1n001|move: Sticky Web
|
|upkeep
|turn|2
|
|t:|1759028648
|move|p2a: Hawlucha|Encore|p1a: Araquanid
|-start|p1a: Araquanid|Encore
|move|p1a: Araquanid|Sticky Web||[still]
|-fail|p1a: Araquanid
|
|upkeep
|turn|3
|
|t:|1759028654
|switch|p2a: Heatran|Heatran, F, shiny|100/100
|-activate|p2a: Heatran|move: Sticky Web
|-unboost|p2a: Heatran|spe|1
|switch|p1a: Raging Bolt|Raging Bolt|100/100
|-enditem|p1a: Raging Bolt|Booster Energy
|-activate|p1a: Raging Bolt|ability: Protosynthesis|[fromitem]
|-start|p1a: Raging Bolt|protosynthesisspa
|
|upkeep
|turn|4
|
|t:|1759028665
|move|p1a: Raging Bolt|Calm Mind|p1a: Raging Bolt
|-boost|p1a: Raging Bolt|spa|1
|-boost|p1a: Raging Bolt|spd|1
|move|p2a: Heatran|Stealth Rock|p1a: Raging Bolt
|-sidestart|p1: LetsgoBrandonJ|move: Stealth Rock
|
|upkeep
|turn|5
|
|t:|1759028671
|move|p1a: Raging Bolt|Thunderbolt|p2a: Heatran
|-damage|p2a: Heatran|30/100
|move|p2a: Heatran|Earth Power|p1a: Raging Bolt
|-supereffective|p1a: Raging Bolt
|-damage|p1a: Raging Bolt|65/100
|
|-heal|p2a: Heatran|36/100|[from] item: Leftovers
|upkeep
|turn|6
|j| freezing juice
|
|t:|1759028680
|move|p1a: Raging Bolt|Thunderbolt|p2a: Heatran
|-damage|p2a: Heatran|0 fnt
|faint|p2a: Heatran
|
|upkeep
|
|t:|1759028682
|switch|p2a: Hawlucha|Hawlucha, F, shiny|100/100
|turn|7
|
|t:|1759028692
|-terastallize|p2a: Hawlucha|Ground
|move|p2a: Hawlucha|Close Combat|p1a: Raging Bolt
|-damage|p1a: Raging Bolt|12/100
|-unboost|p2a: Hawlucha|def|1
|-unboost|p2a: Hawlucha|spd|1
|move|p1a: Raging Bolt|Thunderbolt|p2a: Hawlucha
|-immune|p2a: Hawlucha
|
|upkeep
|turn|8
|
|t:|1759028710
|move|p2a: Hawlucha|Acrobatics|p1a: Raging Bolt
|-resisted|p1a: Raging Bolt
|-damage|p1a: Raging Bolt|0 fnt
|faint|p1a: Raging Bolt
|-end|p1a: Raging Bolt|Protosynthesis|[silent]
|
|upkeep
|
|t:|1759028723
|switch|p1a: Gholdengo|Gholdengo|100/100
|-damage|p1a: Gholdengo|94/100|[from] Stealth Rock
|-item|p1a: Gholdengo|Air Balloon
|turn|9
|
|t:|1759028728
|switch|p2a: Rillaboom|Rillaboom, F, shiny|100/100
|-activate|p2a: Rillaboom|move: Sticky Web
|-unboost|p2a: Rillaboom|spe|1
|-fieldstart|move: Grassy Terrain|[from] ability: Grassy Surge|[of] p2a: Rillaboom
|move|p1a: Gholdengo|Shadow Ball|p2a: Rillaboom
|-damage|p2a: Rillaboom|45/100
|-unboost|p2a: Rillaboom|spd|1
|
|-heal|p2a: Rillaboom|51/100|[from] Grassy Terrain
|upkeep
|turn|10
|
|t:|1759028740
|move|p2a: Rillaboom|Grassy Glide|p1a: Gholdengo
|-resisted|p1a: Gholdengo
|-damage|p1a: Gholdengo|65/100
|-enditem|p1a: Gholdengo|Air Balloon
|-damage|p2a: Rillaboom|41/100|[from] item: Life Orb
|move|p1a: Gholdengo|Shadow Ball|p2a: Rillaboom
|-damage|p2a: Rillaboom|0 fnt
|faint|p2a: Rillaboom
|
|-heal|p1a: Gholdengo|71/100|[from] Grassy Terrain
|upkeep
|
|t:|1759028745
|switch|p2a: Ogerpon|Ogerpon-Wellspring, F|100/100
|-activate|p2a: Ogerpon|move: Sticky Web
|-unboost|p2a: Ogerpon|spe|1
|turn|11
|
|t:|1759028757
|move|p1a: Gholdengo|Shadow Ball|p2a: Ogerpon
|-damage|p2a: Ogerpon|53/100
|move|p2a: Ogerpon|Trailblaze|p1a: Gholdengo
|-resisted|p1a: Gholdengo
|-damage|p1a: Gholdengo|47/100
|-boost|p2a: Ogerpon|spe|1
|
|-heal|p2a: Ogerpon|59/100|[from] Grassy Terrain
|-heal|p1a: Gholdengo|53/100|[from] Grassy Terrain
|upkeep
|turn|12
|
|t:|1759028772
|switch|p1a: Araquanid|Araquanid, M, shiny|53/100
|-damage|p1a: Araquanid|28/100|[from] Stealth Rock
|move|p2a: Ogerpon|Ivy Cudgel|p1a: Araquanid|[anim] Ivy Cudgel Water
|-resisted|p1a: Araquanid
|-damage|p1a: Araquanid|0 fnt
|faint|p1a: Araquanid
|
|-heal|p2a: Ogerpon|65/100|[from] Grassy Terrain
|upkeep
|
|t:|1759028787
|switch|p1a: Iron Moth|Iron Moth|100/100
|-damage|p1a: Iron Moth|76/100|[from] Stealth Rock
|-enditem|p1a: Iron Moth|Booster Energy
|-activate|p1a: Iron Moth|ability: Quark Drive|[fromitem]
|-start|p1a: Iron Moth|quarkdrivespa
|turn|13
|
|t:|1759028796
|-terastallize|p1a: Iron Moth|Grass
|move|p1a: Iron Moth|Energy Ball|p2a: Ogerpon
|-damage|p2a: Ogerpon|0 fnt
|faint|p2a: Ogerpon
|
|-heal|p1a: Iron Moth|82/100|[from] Grassy Terrain
|-fieldend|move: Grassy Terrain
|upkeep
|
|t:|1759028800
|switch|p2a: Glimmora|Glimmora, F, shiny|100/100
|-activate|p2a: Glimmora|move: Sticky Web
|-unboost|p2a: Glimmora|spe|1
|turn|14
|
|t:|1759028813
|move|p1a: Iron Moth|Energy Ball|p2a: Glimmora
|-damage|p2a: Glimmora|20/100
|move|p2a: Glimmora|Mortal Spin|p1a: Iron Moth
|-supereffective|p1a: Iron Moth
|-damage|p1a: Iron Moth|63/100
|-status|p1a: Iron Moth|psn
|-sideend|p2: v1n001|Sticky Web|[from] move: Mortal Spin|[of] p2a: Glimmora
|
|-damage|p1a: Iron Moth|51/100 psn|[from] psn
|upkeep
|turn|15
|
|t:|1759028824
|switch|p2a: Gholdengo|Gholdengo|100/100
|move|p1a: Iron Moth|Fiery Dance|p2a: Gholdengo
|-supereffective|p2a: Gholdengo
|-damage|p2a: Gholdengo|0 fnt
|-boost|p1a: Iron Moth|spa|1
|faint|p2a: Gholdengo
|
|-damage|p1a: Iron Moth|38/100 psn|[from] psn
|upkeep
|-message|v1n001 forfeited.
|
|win|LetsgoBrandonJ
|raw|LetsgoBrandonJ's rating: 1683 &rarr; <strong>1702</strong><br />(+19 for winning)
|raw|v1n001's rating: 1674 &rarr; <strong>1655</strong><br />(-19 for losing)
|l|☆v1n001
|player|p2|
|l| freezing juice
|l|☆LetsgoBrandonJ
|player|p1|
