|j|☆ohjeebus
|j|☆mcwherterer
|t:|1758951984
|gametype|singles
|player|p1|ohjeebus|koga|1481
|player|p2|mcwherterer|clair|1479
|gen|9
|tier|[Gen 9] OU
|rated|
|rule|HP Percentage Mod: HP is shown in percentages
|rule|Endless Battle Clause: Forcing endless battles is banned
|rule|Species Clause: Limit one of each Pokémon
|rule|OHKO Clause: OHKO moves are banned
|rule|Evasion Items Clause: Evasion items are banned
|rule|Evasion Moves Clause: Evasion moves are banned
|rule|Evasion Abilities Clause: Evasion abilities are banned
|rule|Sleep Moves Clause: Sleep-inducing moves are banned
|clearpoke
|poke|p1|Darkrai|
|poke|p1|Araquanid, M|
|poke|p1|Gliscor, M|
|poke|p1|Hatterene, F|
|poke|p1|Moltres|
|poke|p1|Kingambit, F|
|poke|p2|Garchomp, F|
|poke|p2|Primarina, F|
|poke|p2|Corviknight, F|
|poke|p2|Iron Valiant|
|poke|p2|Heatran, F|
|poke|p2|Scizor, F|
|teampreview
|inactive|Battle timer is ON: inactive players will automatically lose when time's up. (requested by mcwherterer)
|inactive|ohjeebus also wants the timer to be on.
|c|☆mcwherterer|glhf :)
|
|t:|1758952002
|teamsize|p1|6
|teamsize|p2|6
|start
|switch|p1a: Gliscor|Gliscor, M|100/100
|switch|p2a: Heatran|Heatran, F|100/100
|turn|1
|
|t:|1758952007
|move|p1a: Gliscor|Protect|p1a: Gliscor
|-singleturn|p1a: Gliscor|Protect
|move|p2a: Heatran|Taunt|p1a: Gliscor
|-activate|p1a: Gliscor|move: Protect
|
|-status|p1a: Gliscor|tox|[from] item: Toxic Orb
|upkeep
|turn|2
|
|t:|1758952027
|move|p1a: Gliscor|Earthquake|p2a: Heatran
|-supereffective|p2a: Heatran
|-damage|p2a: Heatran|0 fnt
|faint|p2a: Heatran
|
|upkeep
|
|t:|1758952030
|switch|p2a: Primarina|Primarina, F|100/100
|turn|3
|
|t:|1758952036
|-terastallize|p1a: Gliscor|Water
|move|p1a: Gliscor|Toxic|p2a: Primarina
|-status|p2a: Primarina|tox
|move|p2a: Primarina|Flip Turn|p1a: Gliscor
|-resisted|p1a: Gliscor
|-damage|p1a: Gliscor|96/100 tox
|
|t:|1758952042
|switch|p2a: Iron Valiant|Iron Valiant|100/100|[from] Flip Turn
|
|-heal|p1a: Gliscor|100/100 tox|[from] ability: Poison Heal
|upkeep
|turn|4
|
|t:|1758952044
|move|p1a: Gliscor|Protect|p1a: Gliscor
|-singleturn|p1a: Gliscor|Protect
|move|p2a: Iron Valiant|Thunderbolt|p1a: Gliscor
|-activate|p1a: Gliscor|move: Protect
|
|upkeep
|turn|5
|
|t:|1758952050
|switch|p1a: Araquanid|Araquanid, M|100/100
|move|p2a: Iron Valiant|Thunderbolt|p1a: Araquanid
|-supereffective|p1a: Araquanid
|-crit|p1a: Araquanid
|-damage|p1a: Araquanid|0 fnt
|faint|p1a: Araquanid
|
|upkeep
|
|t:|1758952054
|switch|p1a: Hatterene|Hatterene, F|100/100
|turn|6
|
|t:|1758952058
|-end|p2a: Iron Valiant|Quark Drive|[silent]
|switch|p2a: Primarina|Primarina, F|100/100 tox
|move|p1a: Hatterene|Nuzzle|p2a: Primarina
|-supereffective|p2a: Primarina
|-damage|p2a: Primarina|91/100 tox
|
|-damage|p2a: Primarina|84/100 tox|[from] psn
|upkeep
|turn|7
|
|t:|1758952067
|move|p2a: Primarina|Moonblast|p1a: Hatterene
|-damage|p1a: Hatterene|43/100
|move|p1a: Hatterene|Calm Mind|p1a: Hatterene
|-boost|p1a: Hatterene|spa|1
|-boost|p1a: Hatterene|spd|1
|
|-damage|p2a: Primarina|72/100 tox|[from] psn
|upkeep
|turn|8
|
|t:|1758952073
|move|p2a: Primarina|Psychic Noise|p1a: Hatterene
|-resisted|p1a: Hatterene
|-damage|p1a: Hatterene|33/100
|-start|p1a: Hatterene|move: Heal Block
|cant|p1a: Hatterene|move: Heal Block|Draining Kiss
|
|-damage|p2a: Primarina|53/100 tox|[from] psn
|upkeep
|turn|9
|
|t:|1758952080
|move|p2a: Primarina|Moonblast|p1a: Hatterene
|-damage|p1a: Hatterene|0 fnt
|faint|p1a: Hatterene
|
|-damage|p2a: Primarina|28/100 tox|[from] psn
|upkeep
|
|t:|1758952083
|switch|p1a: Gliscor|Gliscor, M, tera:Water|100/100 tox
|turn|10
|
|t:|1758952085
|move|p1a: Gliscor|Earthquake|p2a: Primarina
|-damage|p2a: Primarina|0 fnt
|faint|p2a: Primarina
|
|upkeep
|
|t:|1758952087
|switch|p2a: Iron Valiant|Iron Valiant|100/100
|turn|11
|
|t:|1758952093
|switch|p1a: Darkrai|Darkrai|100/100
|move|p2a: Iron Valiant|Thunderbolt|p1a: Darkrai
|-damage|p1a: Darkrai|38/100
|
|upkeep
|turn|12
|
|t:|1758952097
|-end|p2a: Iron Valiant|Quark Drive|[silent]
|switch|p2a: Corviknight|Corviknight, F|100/100
|-ability|p2a: Corviknight|Pressure
|move|p1a: Darkrai|Ice Beam|p2a: Corviknight
|-damage|p2a: Corviknight|68/100
|
|upkeep
|turn|13
|
|t:|1758952118
|move|p1a: Darkrai|Dark Pulse|p2a: Corviknight
|-damage|p2a: Corviknight|21/100
|move|p2a: Corviknight|Roost|p2a: Corviknight
|-heal|p2a: Corviknight|71/100
|-singleturn|p2a: Corviknight|move: Roost
|
|upkeep
|turn|14
|
|t:|1758952122
|move|p1a: Darkrai|Dark Pulse|p2a: Corviknight
|-damage|p2a: Corviknight|27/100
|move|p2a: Corviknight|Body Press|p1a: Darkrai
|-supereffective|p1a: Darkrai
|-damage|p1a: Darkrai|0 fnt
|faint|p1a: Darkrai
|
|upkeep
|
|t:|1758952125
|switch|p1a: Kingambit|Kingambit, F|100/100
|-activate|p1a: Kingambit|ability: Supreme Overlord
|-start|p1a: Kingambit|fallen3|[silent]
|turn|15
|
|t:|1758952131
|move|p1a: Kingambit|Kowtow Cleave|p2a: Corviknight
|-damage|p2a: Corviknight|0 fnt
|-damage|p1a: Kingambit|84/100|[from] item: Rocky Helmet|[of] p2a: Corviknight
|faint|p2a: Corviknight
|
|upkeep
|
|t:|1758952146
|switch|p2a: Iron Valiant|Iron Valiant|100/100
|turn|16
|
|t:|1758952150
|-end|p1a: Kingambit|fallen3|[silent]
|switch|p1a: Moltres|Moltres|100/100
|move|p2a: Iron Valiant|Vacuum Wave|p1a: Moltres
|-resisted|p1a: Moltres
|-damage|p1a: Moltres|87/100
|
|upkeep
|turn|17
|
|t:|1758952156
|-end|p2a: Iron Valiant|Quark Drive|[silent]
|switch|p2a: Scizor|Scizor, F|100/100
|move|p1a: Moltres|Flamethrower|p2a: Scizor
|-supereffective|p2a: Scizor
|-crit|p2a: Scizor
|-damage|p2a: Scizor|0 fnt
|faint|p2a: Scizor
|
|upkeep
|
|t:|1758952158
|switch|p2a: Garchomp|Garchomp, F|100/100
|turn|18
|
|t:|1758952166
|switch|p1a: Gliscor|Gliscor, M, tera:Water|100/100 tox
|-terastallize|p2a: Garchomp|Fire
|move|p2a: Garchomp|Swords Dance|p2a: Garchomp
|-boost|p2a: Garchomp|atk|2
|
|upkeep
|turn|19
|inactive|mcwherterer has 120 seconds left.
|inactive|mcwherterer has 90 seconds left.
|
|t:|1758952231
|move|p2a: Garchomp|Earthquake|p1a: Gliscor
|-damage|p1a: Gliscor|38/100 tox
|move|p1a: Gliscor|Earthquake|p2a: Garchomp
|-supereffective|p2a: Garchomp
|-damage|p2a: Garchomp|31/100
|
|-heal|p1a: Gliscor|50/100 tox|[from] ability: Poison Heal
|upkeep
|turn|20
|
|t:|1758952239
|move|p2a: Garchomp|Earthquake|p1a: Gliscor
|-damage|p1a: Gliscor|0 fnt
|faint|p1a: Gliscor
|
|upkeep
|
|t:|1758952241
|switch|p1a: Kingambit|Kingambit, F|84/100
|-activate|p1a: Kingambit|ability: Supreme Overlord
|-start|p1a: Kingambit|fallen4|[silent]
|turn|21
|
|t:|1758952247
|move|p1a: Kingambit|Sucker Punch|p2a: Garchomp
|-damage|p2a: Garchomp|0 fnt
|-damage|p1a: Kingambit|72/100|[from] ability: Rough Skin|[of] p2a: Garchomp
|faint|p2a: Garchomp
|
|upkeep
|
|t:|1758952250
|switch|p2a: Iron Valiant|Iron Valiant|100/100
|turn|22
|inactive|mcwherterer has 120 seconds left.
|
|t:|1758952257
|move|p2a: Iron Valiant|Thunderbolt|p1a: Kingambit
|-damage|p1a: Kingambit|23/100
|move|p1a: Kingambit|Iron Head|p2a: Iron Valiant
|-supereffective|p2a: Iron Valiant
|-damage|p2a: Iron Valiant|0 fnt
|faint|p2a: Iron Valiant
|-end|p2a: Iron Valiant|Quark Drive|[silent]
|
|win|ohjeebus
|raw|ohjeebus's rating: 1481 &rarr; <strong>1501</strong><br />(+20 for winning)
|raw|mcwherterer's rating: 1479 &rarr; <strong>1459</strong><br />(-20 for losing)
|c|☆mcwherterer|ggwp
|l|☆mcwherterer
|player|p2|
|l|☆ohjeebus
|player|p1|
