|j|☆CheetosD
|j|☆St.Peewee
|t:|1758933416
|gametype|singles
|player|p1|CheetosD|veteranf|1183
|player|p2|St.Peewee|clair|1200
|gen|9
|tier|[Gen 9] OU
|rated|
|rule|HP Percentage Mod: HP is shown in percentages
|rule|Endless Battle Clause: Forcing endless battles is banned
|rule|Species Clause: Limit one of each Pokémon
|rule|OHKO Clause: OHKO moves are banned
|rule|Evasion Items Clause: Evasion items are banned
|rule|Evasion Moves Clause: Evasion moves are banned
|rule|Evasion Abilities Clause: Evasion abilities are banned
|rule|Sleep Moves Clause: Sleep-inducing moves are banned
|clearpoke
|poke|p1|Gastrodon, M|
|poke|p1|Toxapex, F|
|poke|p1|Alomomola, F|
|poke|p1|Suicune|
|poke|p1|Greninja-*, F|
|poke|p1|Empoleon, M|
|poke|p2|Zamazenta-*|
|poke|p2|Gholdengo|
|poke|p2|Zapdos|
|poke|p2|Garganacl, F|
|poke|p2|Mandibuzz, F|
|poke|p2|Volcanion|
|teampreview
|inactive|Battle timer is ON: inactive players will automatically lose when time's up. (requested by CheetosD)
|
|t:|1758933421
|teamsize|p1|6
|teamsize|p2|6
|start
|switch|p1a: Suicune|Suicune|100/100
|switch|p2a: Zapdos|Zapdos, shiny|100/100
|-ability|p1a: Suicune|Pressure
|turn|1
|
|t:|1758933427
|switch|p1a: Gastrodon|Gastrodon, M|100/100
|move|p2a: Zapdos|Volt Switch|p1a: Gastrodon
|-immune|p1a: Gastrodon
|
|upkeep
|turn|2
|
|t:|1758933442
|switch|p2a: Garganacl|Garganacl, F, shiny|100/100
|move|p1a: Gastrodon|Hydro Pump|p2a: Garganacl
|-supereffective|p2a: Garganacl
|-damage|p2a: Garganacl|50/100
|
|-heal|p2a: Garganacl|56/100|[from] item: Leftovers
|upkeep
|turn|3
|
|t:|1758933451
|move|p1a: Gastrodon|Hydro Pump|p2a: Garganacl|[miss]
|-miss|p1a: Gastrodon|p2a: Garganacl
|move|p2a: Garganacl|Stealth Rock|p1a: Gastrodon
|-sidestart|p1: CheetosD|move: Stealth Rock
|
|-heal|p2a: Garganacl|62/100|[from] item: Leftovers
|upkeep
|turn|4
|
|t:|1758933454
|move|p2a: Garganacl|Protect|p2a: Garganacl
|-singleturn|p2a: Garganacl|Protect
|move|p1a: Gastrodon|Earth Power|p2a: Garganacl
|-activate|p2a: Garganacl|move: Protect
|
|-heal|p2a: Garganacl|69/100|[from] item: Leftovers
|upkeep
|turn|5
|
|t:|1758933460
|switch|p2a: Mandibuzz|Mandibuzz, F, shiny|100/100
|move|p1a: Gastrodon|Hydro Pump|p2a: Mandibuzz
|-damage|p2a: Mandibuzz|76/100
|
|upkeep
|turn|6
|
|t:|1758933467
|switch|p1a: Empoleon|Empoleon, M|100/100
|move|p2a: Mandibuzz|Toxic|p1a: Empoleon
|-immune|p1a: Empoleon
|
|upkeep
|turn|7
|
|t:|1758933475
|switch|p2a: Volcanion|Volcanion|100/100
|move|p1a: Empoleon|Stealth Rock|p2a: Volcanion
|-sidestart|p2: St.Peewee|move: Stealth Rock
|
|upkeep
|turn|8
|
|t:|1758933483
|switch|p1a: Toxapex|Toxapex, F|100/100
|-damage|p1a: Toxapex|88/100|[from] Stealth Rock
|move|p2a: Volcanion|Earth Power|p1a: Toxapex
|-supereffective|p1a: Toxapex
|-damage|p1a: Toxapex|31/100
|
|-heal|p1a: Toxapex|37/100|[from] item: Black Sludge
|upkeep
|turn|9
|
|t:|1758933493
|switch|p1a: Alomomola|Alomomola, F|100/100
|-damage|p1a: Alomomola|88/100|[from] Stealth Rock
|move|p2a: Volcanion|Earth Power|p1a: Alomomola
|-damage|p1a: Alomomola|50/100
|-unboost|p1a: Alomomola|spd|1
|
|upkeep
|turn|10
|
|t:|1758933520
|-terastallize|p2a: Volcanion|Ground
|move|p1a: Alomomola|Protect|p1a: Alomomola
|-singleturn|p1a: Alomomola|Protect
|move|p2a: Volcanion|Earth Power|p1a: Alomomola
|-activate|p1a: Alomomola|move: Protect
|
|upkeep
|turn|11
|
|t:|1758933530
|switch|p1a: Gastrodon|Gastrodon, M|100/100
|-damage|p1a: Gastrodon|94/100|[from] Stealth Rock
|move|p2a: Volcanion|Earth Power|p1a: Gastrodon
|-damage|p1a: Gastrodon|58/100
|
|upkeep
|turn|12
|
|t:|1758933539
|move|p2a: Volcanion|Sludge Bomb|p1a: Gastrodon
|-resisted|p1a: Gastrodon
|-damage|p1a: Gastrodon|48/100
|-status|p1a: Gastrodon|psn
|move|p1a: Gastrodon|Earth Power|p2a: Volcanion
|-crit|p2a: Volcanion
|-damage|p2a: Volcanion|71/100
|
|-damage|p1a: Gastrodon|35/100 psn|[from] psn
|upkeep
|turn|13
|
|t:|1758933545
|switch|p1a: Toxapex|Toxapex, F|70/100
|-damage|p1a: Toxapex|58/100|[from] Stealth Rock
|move|p2a: Volcanion|Earth Power|p1a: Toxapex
|-supereffective|p1a: Toxapex
|-damage|p1a: Toxapex|0 fnt
|faint|p1a: Toxapex
|
|upkeep
|
|t:|1758933548
|switch|p1a: Suicune|Suicune|100/100
|-damage|p1a: Suicune|88/100|[from] Stealth Rock
|-ability|p1a: Suicune|Pressure
|turn|14
|
|t:|1758933558
|move|p1a: Suicune|Calm Mind|p1a: Suicune
|-boost|p1a: Suicune|spa|1
|-boost|p1a: Suicune|spd|1
|move|p2a: Volcanion|Sludge Bomb|p1a: Suicune
|-damage|p1a: Suicune|71/100
|
|-heal|p1a: Suicune|77/100|[from] item: Leftovers
|upkeep
|turn|15
|inactive|St.Peewee has 120 seconds left.
|
|t:|1758933599
|switch|p2a: Gholdengo|Gholdengo, shiny|100/100
|-damage|p2a: Gholdengo|94/100|[from] Stealth Rock
|move|p1a: Suicune|Substitute|p1a: Suicune
|-start|p1a: Suicune|Substitute
|-damage|p1a: Suicune|52/100
|
|-heal|p1a: Suicune|59/100|[from] item: Leftovers
|upkeep
|turn|16
|
|t:|1758933607
|switch|p2a: Garganacl|Garganacl, F, shiny|69/100
|-damage|p2a: Garganacl|56/100|[from] Stealth Rock
|move|p1a: Suicune|Calm Mind|p1a: Suicune
|-boost|p1a: Suicune|spa|1
|-boost|p1a: Suicune|spd|1
|
|-heal|p1a: Suicune|65/100|[from] item: Leftovers
|-heal|p2a: Garganacl|62/100|[from] item: Leftovers
|upkeep
|turn|17
|
|t:|1758933625
|move|p1a: Suicune|Surf|p2a: Garganacl
|-supereffective|p2a: Garganacl
|-damage|p2a: Garganacl|0 fnt
|faint|p2a: Garganacl
|
|-heal|p1a: Suicune|71/100|[from] item: Leftovers
|upkeep
|inactive|St.Peewee has 120 seconds left.
|
|t:|1758933635
|switch|p2a: Zapdos|Zapdos, shiny|100/100
|turn|18
|
|t:|1758933640
|move|p2a: Zapdos|Discharge|p1a: Suicune
|-supereffective|p1a: Suicune
|-end|p1a: Suicune|Substitute
|move|p1a: Suicune|Surf|p2a: Zapdos
|-damage|p2a: Zapdos|41/100
|
|-heal|p1a: Suicune|77/100|[from] item: Leftovers
|upkeep
|turn|19
|
|t:|1758933647
|move|p2a: Zapdos|Discharge|p1a: Suicune
|-supereffective|p1a: Suicune
|-damage|p1a: Suicune|49/100
|move|p1a: Suicune|Surf|p2a: Zapdos
|-damage|p2a: Zapdos|0 fnt
|faint|p2a: Zapdos
|
|-heal|p1a: Suicune|55/100|[from] item: Leftovers
|upkeep
|
|t:|1758933650
|switch|p2a: Gholdengo|Gholdengo, shiny|94/100
|-damage|p2a: Gholdengo|88/100|[from] Stealth Rock
|turn|20
|
|t:|1758933653
|move|p1a: Suicune|Substitute|p1a: Suicune
|-start|p1a: Suicune|Substitute
|-damage|p1a: Suicune|30/100
|move|p2a: Gholdengo|Trick||[still]
|-fail|p2a: Gholdengo
|
|-heal|p1a: Suicune|36/100|[from] item: Leftovers
|upkeep
|turn|21
|
|t:|1758933676
|switch|p2a: Volcanion|Volcanion, tera:Ground|71/100
|-damage|p2a: Volcanion|65/100|[from] Stealth Rock
|move|p1a: Suicune|Calm Mind|p1a: Suicune
|-boost|p1a: Suicune|spa|1
|-boost|p1a: Suicune|spd|1
|
|-heal|p1a: Suicune|43/100|[from] item: Leftovers
|upkeep
|turn|22
|
|t:|1758933686
|move|p1a: Suicune|Calm Mind|p1a: Suicune
|-boost|p1a: Suicune|spa|1
|-boost|p1a: Suicune|spd|1
|move|p2a: Volcanion|Earth Power|p1a: Suicune
|-activate|p1a: Suicune|move: Substitute|[damage]
|
|-heal|p1a: Suicune|49/100|[from] item: Leftovers
|upkeep
|turn|23
|
|t:|1758933691
|move|p1a: Suicune|Calm Mind|p1a: Suicune
|-boost|p1a: Suicune|spa|1
|-boost|p1a: Suicune|spd|1
|move|p2a: Volcanion|Earth Power|p1a: Suicune
|-end|p1a: Suicune|Substitute
|
|-heal|p1a: Suicune|55/100|[from] item: Leftovers
|upkeep
|turn|24
|
|t:|1758933695
|move|p1a: Suicune|Substitute|p1a: Suicune
|-start|p1a: Suicune|Substitute
|-damage|p1a: Suicune|30/100
|move|p2a: Volcanion|Fire Blast|p1a: Suicune
|-resisted|p1a: Suicune
|-activate|p1a: Suicune|move: Substitute|[damage]
|
|-heal|p1a: Suicune|36/100|[from] item: Leftovers
|upkeep
|turn|25
|
|t:|1758933702
|move|p1a: Suicune|Calm Mind|p1a: Suicune
|-boost|p1a: Suicune|spa|1
|-boost|p1a: Suicune|spd|1
|move|p2a: Volcanion|Sludge Bomb|p1a: Suicune
|-activate|p1a: Suicune|move: Substitute|[damage]
|
|-heal|p1a: Suicune|42/100|[from] item: Leftovers
|upkeep
|turn|26
|
|t:|1758933714
|move|p1a: Suicune|Calm Mind|p1a: Suicune
|-boost|p1a: Suicune|spa|0
|-boost|p1a: Suicune|spd|0
|move|p2a: Volcanion|Sludge Bomb|p1a: Suicune
|-activate|p1a: Suicune|move: Substitute|[damage]
|
|-heal|p1a: Suicune|49/100|[from] item: Leftovers
|upkeep
|turn|27
|
|t:|1758933721
|switch|p2a: Mandibuzz|Mandibuzz, F, shiny|76/100
|move|p1a: Suicune|Calm Mind|p1a: Suicune
|-boost|p1a: Suicune|spa|0
|-boost|p1a: Suicune|spd|0
|
|-heal|p1a: Suicune|55/100|[from] item: Leftovers
|upkeep
|turn|28
|
|t:|1758933726
|switch|p2a: Volcanion|Volcanion, tera:Ground|65/100
|-damage|p2a: Volcanion|59/100|[from] Stealth Rock
|move|p1a: Suicune|Surf|p2a: Volcanion
|-heal|p2a: Volcanion|84/100|[from] ability: Water Absorb|[of] p1a: Suicune
|
|-heal|p1a: Suicune|61/100|[from] item: Leftovers
|upkeep
|turn|29
|
|t:|1758933733
|move|p1a: Suicune|Calm Mind|p1a: Suicune
|-boost|p1a: Suicune|spa|0
|-boost|p1a: Suicune|spd|0
|move|p2a: Volcanion|Earth Power|p1a: Suicune
|-end|p1a: Suicune|Substitute
|
|-heal|p1a: Suicune|67/100|[from] item: Leftovers
|upkeep
|turn|30
|
|t:|1758933738
|move|p1a: Suicune|Substitute|p1a: Suicune
|-start|p1a: Suicune|Substitute
|-damage|p1a: Suicune|42/100
|move|p2a: Volcanion|Earth Power|p1a: Suicune
|-activate|p1a: Suicune|move: Substitute|[damage]
|
|-heal|p1a: Suicune|48/100|[from] item: Leftovers
|upkeep
|turn|31
|
|t:|1758933742
|move|p1a: Suicune|Calm Mind|p1a: Suicune
|-boost|p1a: Suicune|spa|0
|-boost|p1a: Suicune|spd|0
|move|p2a: Volcanion|Steam Eruption|p1a: Suicune
|-resisted|p1a: Suicune
|-activate|p1a: Suicune|move: Substitute|[damage]
|
|-heal|p1a: Suicune|54/100|[from] item: Leftovers
|upkeep
|turn|32
|
|t:|1758933750
|switch|p2a: Gholdengo|Gholdengo, shiny|88/100
|-damage|p2a: Gholdengo|82/100|[from] Stealth Rock
|move|p1a: Suicune|Calm Mind|p1a: Suicune
|-boost|p1a: Suicune|spa|0
|-boost|p1a: Suicune|spd|0
|
|-heal|p1a: Suicune|61/100|[from] item: Leftovers
|upkeep
|turn|33
|
|t:|1758933754
|switch|p2a: Volcanion|Volcanion, tera:Ground|84/100
|-damage|p2a: Volcanion|78/100|[from] Stealth Rock
|move|p1a: Suicune|Surf|p2a: Volcanion
|-heal|p2a: Volcanion|100/100|[from] ability: Water Absorb|[of] p1a: Suicune
|
|-heal|p1a: Suicune|67/100|[from] item: Leftovers
|upkeep
|turn|34
|
|t:|1758933760
|switch|p2a: Gholdengo|Gholdengo, shiny|82/100
|-damage|p2a: Gholdengo|76/100|[from] Stealth Rock
|move|p1a: Suicune|Calm Mind|p1a: Suicune
|-boost|p1a: Suicune|spa|0
|-boost|p1a: Suicune|spd|0
|
|-heal|p1a: Suicune|73/100|[from] item: Leftovers
|upkeep
|turn|35
|
|t:|1758933762
|switch|p2a: Volcanion|Volcanion, tera:Ground|100/100
|-damage|p2a: Volcanion|94/100|[from] Stealth Rock
|move|p1a: Suicune|Calm Mind|p1a: Suicune
|-boost|p1a: Suicune|spa|0
|-boost|p1a: Suicune|spd|0
|
|-heal|p1a: Suicune|79/100|[from] item: Leftovers
|upkeep
|turn|36
|
|t:|1758933768
|switch|p2a: Gholdengo|Gholdengo, shiny|76/100
|-damage|p2a: Gholdengo|70/100|[from] Stealth Rock
|move|p1a: Suicune|Calm Mind|p1a: Suicune
|-boost|p1a: Suicune|spa|0
|-boost|p1a: Suicune|spd|0
|
|-heal|p1a: Suicune|85/100|[from] item: Leftovers
|upkeep
|turn|37
|
|t:|1758933773
|switch|p2a: Volcanion|Volcanion, tera:Ground|94/100
|-damage|p2a: Volcanion|88/100|[from] Stealth Rock
|move|p1a: Suicune|Calm Mind|p1a: Suicune
|-boost|p1a: Suicune|spa|0
|-boost|p1a: Suicune|spd|0
|
|-heal|p1a: Suicune|92/100|[from] item: Leftovers
|upkeep
|turn|38
|
|t:|1758933779
|move|p1a: Suicune|Calm Mind|p1a: Suicune
|-boost|p1a: Suicune|spa|0
|-boost|p1a: Suicune|spd|0
|move|p2a: Volcanion|Earth Power|p1a: Suicune
|-activate|p1a: Suicune|move: Substitute|[damage]
|
|-heal|p1a: Suicune|98/100|[from] item: Leftovers
|upkeep
|turn|39
|
|t:|1758933783
|move|p1a: Suicune|Calm Mind|p1a: Suicune
|-boost|p1a: Suicune|spa|0
|-boost|p1a: Suicune|spd|0
|move|p2a: Volcanion|Earth Power|p1a: Suicune
|-end|p1a: Suicune|Substitute
|
|-heal|p1a: Suicune|100/100|[from] item: Leftovers
|upkeep
|turn|40
|
|t:|1758933794
|move|p1a: Suicune|Calm Mind|p1a: Suicune
|-boost|p1a: Suicune|spa|0
|-boost|p1a: Suicune|spd|0
|move|p2a: Volcanion|Sludge Bomb|p1a: Suicune
|-crit|p1a: Suicune
|-damage|p1a: Suicune|60/100
|
|-heal|p1a: Suicune|66/100|[from] item: Leftovers
|upkeep
|turn|41
|
|t:|1758933801
|move|p1a: Suicune|Substitute|p1a: Suicune
|-start|p1a: Suicune|Substitute
|-damage|p1a: Suicune|41/100
|move|p2a: Volcanion|Sludge Bomb|p1a: Suicune
|-activate|p1a: Suicune|move: Substitute|[damage]
|
|-heal|p1a: Suicune|48/100|[from] item: Leftovers
|upkeep
|turn|42
|
|t:|1758933806
|move|p1a: Suicune|Calm Mind|p1a: Suicune
|-boost|p1a: Suicune|spa|0
|-boost|p1a: Suicune|spd|0
|move|p2a: Volcanion|Fire Blast|p1a: Suicune
|-resisted|p1a: Suicune
|-activate|p1a: Suicune|move: Substitute|[damage]
|
|-heal|p1a: Suicune|54/100|[from] item: Leftovers
|upkeep
|turn|43
|
|t:|1758933812
|move|p1a: Suicune|Calm Mind|p1a: Suicune
|-boost|p1a: Suicune|spa|0
|-boost|p1a: Suicune|spd|0
|move|p2a: Volcanion|Fire Blast|p1a: Suicune|[miss]
|-miss|p2a: Volcanion|p1a: Suicune
|
|-heal|p1a: Suicune|60/100|[from] item: Leftovers
|upkeep
|turn|44
|
|t:|1758933817
|switch|p2a: Mandibuzz|Mandibuzz, F, shiny|76/100
|move|p1a: Suicune|Calm Mind|p1a: Suicune
|-boost|p1a: Suicune|spa|0
|-boost|p1a: Suicune|spd|0
|
|-heal|p1a: Suicune|66/100|[from] item: Leftovers
|upkeep
|turn|45
|
|t:|1758933822
|move|p1a: Suicune|Surf|p2a: Mandibuzz
|-damage|p2a: Mandibuzz|5/100
|move|p2a: Mandibuzz|Roost|p2a: Mandibuzz
|-heal|p2a: Mandibuzz|55/100
|-singleturn|p2a: Mandibuzz|move: Roost
|
|-heal|p1a: Suicune|72/100|[from] item: Leftovers
|upkeep
|turn|46
|
|t:|1758933827
|switch|p2a: Volcanion|Volcanion, tera:Ground|88/100
|-damage|p2a: Volcanion|82/100|[from] Stealth Rock
|move|p1a: Suicune|Surf|p2a: Volcanion
|-heal|p2a: Volcanion|100/100|[from] ability: Water Absorb|[of] p1a: Suicune
|
|-heal|p1a: Suicune|78/100|[from] item: Leftovers
|upkeep
|turn|47
|
|t:|1758933834
|switch|p2a: Mandibuzz|Mandibuzz, F, shiny|55/100
|move|p1a: Suicune|Calm Mind|p1a: Suicune
|-boost|p1a: Suicune|spa|0
|-boost|p1a: Suicune|spd|0
|
|-heal|p1a: Suicune|85/100|[from] item: Leftovers
|upkeep
|turn|48
|
|t:|1758933839
|switch|p2a: Volcanion|Volcanion, tera:Ground|100/100
|-damage|p2a: Volcanion|94/100|[from] Stealth Rock
|move|p1a: Suicune|Surf|p2a: Volcanion
|-heal|p2a: Volcanion|100/100|[from] ability: Water Absorb|[of] p1a: Suicune
|
|-heal|p1a: Suicune|91/100|[from] item: Leftovers
|upkeep
|turn|49
|
|t:|1758933847
|move|p1a: Suicune|Calm Mind|p1a: Suicune
|-boost|p1a: Suicune|spa|0
|-boost|p1a: Suicune|spd|0
|move|p2a: Volcanion|Fire Blast|p1a: Suicune
|-resisted|p1a: Suicune
|-activate|p1a: Suicune|move: Substitute|[damage]
|
|-heal|p1a: Suicune|97/100|[from] item: Leftovers
|upkeep
|turn|50
|
|t:|1758933853
|switch|p2a: Mandibuzz|Mandibuzz, F, shiny|55/100
|move|p1a: Suicune|Calm Mind|p1a: Suicune
|-boost|p1a: Suicune|spa|0
|-boost|p1a: Suicune|spd|0
|
|-heal|p1a: Suicune|100/100|[from] item: Leftovers
|upkeep
|turn|51
|
|t:|1758933857
|move|p1a: Suicune|Calm Mind|p1a: Suicune
|-boost|p1a: Suicune|spa|0
|-boost|p1a: Suicune|spd|0
|move|p2a: Mandibuzz|Roost|p2a: Mandibuzz
|-heal|p2a: Mandibuzz|100/100
|-singleturn|p2a: Mandibuzz|move: Roost
|
|upkeep
|turn|52
|
|t:|1758933861
|move|p1a: Suicune|Calm Mind|p1a: Suicune
|-boost|p1a: Suicune|spa|0
|-boost|p1a: Suicune|spd|0
|move|p2a: Mandibuzz|Foul Play|p1a: Suicune
|-end|p1a: Suicune|Substitute
|
|upkeep
|turn|53
|
|t:|1758933867
|move|p1a: Suicune|Substitute|p1a: Suicune
|-start|p1a: Suicune|Substitute
|-damage|p1a: Suicune|75/100
|move|p2a: Mandibuzz|Foul Play|p1a: Suicune
|-activate|p1a: Suicune|move: Substitute|[damage]
|
|-heal|p1a: Suicune|82/100|[from] item: Leftovers
|upkeep
|turn|54
|
|t:|1758933873
|move|p1a: Suicune|Surf|p2a: Mandibuzz
|-damage|p2a: Mandibuzz|28/100
|move|p2a: Mandibuzz|Foul Play|p1a: Suicune
|-end|p1a: Suicune|Substitute
|
|-heal|p1a: Suicune|88/100|[from] item: Leftovers
|upkeep
|turn|55
|
|t:|1758933877
|switch|p2a: Volcanion|Volcanion, tera:Ground|100/100
|-damage|p2a: Volcanion|94/100|[from] Stealth Rock
|move|p1a: Suicune|Surf|p2a: Volcanion
|-heal|p2a: Volcanion|100/100|[from] ability: Water Absorb|[of] p1a: Suicune
|
|-heal|p1a: Suicune|94/100|[from] item: Leftovers
|upkeep
|turn|56
|
|t:|1758933883
|move|p1a: Suicune|Substitute|p1a: Suicune
|-start|p1a: Suicune|Substitute
|-damage|p1a: Suicune|69/100
|move|p2a: Volcanion|Steam Eruption|p1a: Suicune
|-resisted|p1a: Suicune
|-activate|p1a: Suicune|move: Substitute|[damage]
|
|-heal|p1a: Suicune|75/100|[from] item: Leftovers
|upkeep
|turn|57
|
|t:|1758933891
|switch|p2a: Mandibuzz|Mandibuzz, F, shiny|28/100
|move|p1a: Suicune|Calm Mind|p1a: Suicune
|-boost|p1a: Suicune|spa|0
|-boost|p1a: Suicune|spd|0
|
|-heal|p1a: Suicune|81/100|[from] item: Leftovers
|upkeep
|turn|58
|
|t:|1758933895
|switch|p2a: Volcanion|Volcanion, tera:Ground|100/100
|-damage|p2a: Volcanion|94/100|[from] Stealth Rock
|move|p1a: Suicune|Surf|p2a: Volcanion
|-heal|p2a: Volcanion|100/100|[from] ability: Water Absorb|[of] p1a: Suicune
|
|-heal|p1a: Suicune|88/100|[from] item: Leftovers
|upkeep
|turn|59
|
|t:|1758933904
|move|p1a: Suicune|Calm Mind|p1a: Suicune
|-boost|p1a: Suicune|spa|0
|-boost|p1a: Suicune|spd|0
|move|p2a: Volcanion|Sludge Bomb|p1a: Suicune
|-activate|p1a: Suicune|move: Substitute|[damage]
|
|-heal|p1a: Suicune|94/100|[from] item: Leftovers
|upkeep
|turn|60
|
|t:|1758933911
|move|p1a: Suicune|Calm Mind|p1a: Suicune
|-boost|p1a: Suicune|spa|0
|-boost|p1a: Suicune|spd|0
|move|p2a: Volcanion|Sludge Bomb|p1a: Suicune
|-activate|p1a: Suicune|move: Substitute|[damage]
|
|-heal|p1a: Suicune|99/100|[from] item: Leftovers
|upkeep
|turn|61
|
|t:|1758933915
|switch|p2a: Mandibuzz|Mandibuzz, F, shiny|28/100
|move|p1a: Suicune|Calm Mind|p1a: Suicune
|-boost|p1a: Suicune|spa|0
|-boost|p1a: Suicune|spd|0
|
|-heal|p1a: Suicune|100/100|[from] item: Leftovers
|upkeep
|turn|62
|
|t:|1758933920
|move|p1a: Suicune|Surf|p2a: Mandibuzz
|-damage|p2a: Mandibuzz|0 fnt
|faint|p2a: Mandibuzz
|
|upkeep
|
|t:|1758933928
|switch|p2a: Volcanion|Volcanion, tera:Ground|100/100
|-damage|p2a: Volcanion|94/100|[from] Stealth Rock
|turn|63
|
|t:|1758933936
|move|p1a: Suicune|Calm Mind|p1a: Suicune
|-boost|p1a: Suicune|spa|0
|-boost|p1a: Suicune|spd|0
|move|p2a: Volcanion|Sludge Bomb|p1a: Suicune
|-activate|p1a: Suicune|move: Substitute|[damage]
|
|upkeep
|turn|64
|
|t:|1758933946
|move|p1a: Suicune|Calm Mind|p1a: Suicune
|-boost|p1a: Suicune|spa|0
|-boost|p1a: Suicune|spd|0
|move|p2a: Volcanion|Steam Eruption|p1a: Suicune
|-resisted|p1a: Suicune
|-end|p1a: Suicune|Substitute
|
|upkeep
|turn|65
|
|t:|1758933951
|move|p1a: Suicune|Substitute|p1a: Suicune
|-start|p1a: Suicune|Substitute
|-damage|p1a: Suicune|75/100
|move|p2a: Volcanion|Steam Eruption|p1a: Suicune
|-resisted|p1a: Suicune
|-activate|p1a: Suicune|move: Substitute|[damage]
|
|-heal|p1a: Suicune|82/100|[from] item: Leftovers
|upkeep
|turn|66
|
|t:|1758933958
|move|p1a: Suicune|Substitute|p1a: Suicune
|-fail|p1a: Suicune|move: Substitute
|-activate|p2a: Volcanion|move: Struggle
|move|p2a: Volcanion|Struggle|p1a: Suicune
|-activate|p1a: Suicune|move: Substitute|[damage]
|-damage|p2a: Volcanion|69/100|[from] recoil
|
|-heal|p1a: Suicune|88/100|[from] item: Leftovers
|upkeep
|turn|67
|
|t:|1758933966
|move|p1a: Suicune|Substitute|p1a: Suicune
|-fail|p1a: Suicune|move: Substitute
|-activate|p2a: Volcanion|move: Struggle
|move|p2a: Volcanion|Struggle|p1a: Suicune
|-activate|p1a: Suicune|move: Substitute|[damage]
|-damage|p2a: Volcanion|44/100|[from] recoil
|
|-heal|p1a: Suicune|94/100|[from] item: Leftovers
|upkeep
|turn|68
|
|t:|1758933976
|switch|p2a: Zamazenta|Zamazenta, shiny|100/100
|-damage|p2a: Zamazenta|94/100|[from] Stealth Rock
|-ability|p2a: Zamazenta|Dauntless Shield|boost
|-boost|p2a: Zamazenta|def|1
|move|p1a: Suicune|Substitute|p1a: Suicune
|-fail|p1a: Suicune|move: Substitute
|
|-heal|p2a: Zamazenta|100/100|[from] item: Leftovers
|-heal|p1a: Suicune|99/100|[from] item: Leftovers
|upkeep
|turn|69
|
|t:|1758933978
|move|p2a: Zamazenta|Substitute|p2a: Zamazenta
|-start|p2a: Zamazenta|Substitute
|-damage|p2a: Zamazenta|76/100
|move|p1a: Suicune|Surf|p2a: Zamazenta
|-crit|p2a: Zamazenta
|-end|p2a: Zamazenta|Substitute
|
|-heal|p2a: Zamazenta|82/100|[from] item: Leftovers
|-heal|p1a: Suicune|100/100|[from] item: Leftovers
|upkeep
|turn|70
|
|t:|1758933984
|switch|p2a: Volcanion|Volcanion, tera:Ground|44/100
|-damage|p2a: Volcanion|38/100|[from] Stealth Rock
|move|p1a: Suicune|Surf|p2a: Volcanion
|-heal|p2a: Volcanion|63/100|[from] ability: Water Absorb|[of] p1a: Suicune
|
|upkeep
|turn|71
|
|t:|1758933991
|move|p1a: Suicune|Substitute|p1a: Suicune
|-fail|p1a: Suicune|move: Substitute
|-activate|p2a: Volcanion|move: Struggle
|move|p2a: Volcanion|Struggle|p1a: Suicune
|-end|p1a: Suicune|Substitute
|-damage|p2a: Volcanion|38/100|[from] recoil
|
|upkeep
|turn|72
|
|t:|1758933995
|switch|p2a: Zamazenta|Zamazenta, shiny|82/100
|-damage|p2a: Zamazenta|76/100|[from] Stealth Rock
|move|p1a: Suicune|Substitute|p1a: Suicune
|-start|p1a: Suicune|Substitute
|-damage|p1a: Suicune|75/100
|
|-heal|p2a: Zamazenta|82/100|[from] item: Leftovers
|-heal|p1a: Suicune|82/100|[from] item: Leftovers
|upkeep
|turn|73
|
|t:|1758934001
|move|p2a: Zamazenta|Substitute|p2a: Zamazenta
|-start|p2a: Zamazenta|Substitute
|-damage|p2a: Zamazenta|57/100
|move|p1a: Suicune|Substitute|p1a: Suicune
|-fail|p1a: Suicune|move: Substitute
|
|-heal|p2a: Zamazenta|63/100|[from] item: Leftovers
|-heal|p1a: Suicune|88/100|[from] item: Leftovers
|upkeep
|turn|74
|
|t:|1758934008
|move|p2a: Zamazenta|Heavy Slam|p1a: Suicune
|-resisted|p1a: Suicune
|-activate|p1a: Suicune|move: Substitute|[damage]
|move|p1a: Suicune|Surf|p2a: Zamazenta
|-end|p2a: Zamazenta|Substitute
|
|-heal|p2a: Zamazenta|69/100|[from] item: Leftovers
|-heal|p1a: Suicune|94/100|[from] item: Leftovers
|upkeep
|turn|75
|
|t:|1758934014
|switch|p2a: Volcanion|Volcanion, tera:Ground|38/100
|-damage|p2a: Volcanion|32/100|[from] Stealth Rock
|move|p1a: Suicune|Surf|p2a: Volcanion
|-heal|p2a: Volcanion|57/100|[from] ability: Water Absorb|[of] p1a: Suicune
|
|-heal|p1a: Suicune|99/100|[from] item: Leftovers
|upkeep
|turn|76
|
|t:|1758934020
|switch|p2a: Zamazenta|Zamazenta, shiny|69/100
|-damage|p2a: Zamazenta|63/100|[from] Stealth Rock
|move|p1a: Suicune|Substitute|p1a: Suicune
|-fail|p1a: Suicune|move: Substitute
|
|-heal|p2a: Zamazenta|69/100|[from] item: Leftovers
|-heal|p1a: Suicune|100/100|[from] item: Leftovers
|upkeep
|turn|77
|
|t:|1758934025
|move|p2a: Zamazenta|Substitute|p2a: Zamazenta
|-start|p2a: Zamazenta|Substitute
|-damage|p2a: Zamazenta|45/100
|move|p1a: Suicune|Surf|p2a: Zamazenta
|-end|p2a: Zamazenta|Substitute
|
|-heal|p2a: Zamazenta|51/100|[from] item: Leftovers
|upkeep
|turn|78
|c|☆CheetosD|u know i have healing wish, right?
|
|t:|1758934037
|switch|p2a: Volcanion|Volcanion, tera:Ground|57/100
|-damage|p2a: Volcanion|51/100|[from] Stealth Rock
|move|p1a: Suicune|Surf|p2a: Volcanion
|-heal|p2a: Volcanion|75/100|[from] ability: Water Absorb|[of] p1a: Suicune
|
|upkeep
|turn|79
|
|t:|1758934047
|switch|p2a: Zamazenta|Zamazenta, shiny|51/100
|-damage|p2a: Zamazenta|45/100|[from] Stealth Rock
|move|p1a: Suicune|Substitute|p1a: Suicune
|-fail|p1a: Suicune|move: Substitute
|
|-heal|p2a: Zamazenta|51/100|[from] item: Leftovers
|upkeep
|turn|80
|
|t:|1758934052
|switch|p2a: Volcanion|Volcanion, tera:Ground|75/100
|-damage|p2a: Volcanion|69/100|[from] Stealth Rock
|move|p1a: Suicune|Surf|p2a: Volcanion
|-heal|p2a: Volcanion|94/100|[from] ability: Water Absorb|[of] p1a: Suicune
|
|upkeep
|turn|81
|
|t:|1758934063
|switch|p1a: Alomomola|Alomomola, F|84/100
|-damage|p1a: Alomomola|71/100|[from] Stealth Rock
|-activate|p2a: Volcanion|move: Struggle
|move|p2a: Volcanion|Struggle|p1a: Alomomola
|-damage|p1a: Alomomola|66/100
|-damage|p2a: Volcanion|78/100|[from] item: Rocky Helmet|[of] p1a: Alomomola
|-damage|p2a: Volcanion|53/100|[from] recoil
|
|upkeep
|turn|82
|
|t:|1758934079
|switch|p2a: Zamazenta|Zamazenta, shiny|51/100
|-damage|p2a: Zamazenta|45/100|[from] Stealth Rock
|move|p1a: Alomomola|Healing Wish|p1a: Alomomola
|faint|p1a: Alomomola
|
|-heal|p2a: Zamazenta|51/100|[from] item: Leftovers
|upkeep
|
|t:|1758934082
|switch|p1a: Suicune|Suicune|100/100
|-damage|p1a: Suicune|88/100|[from] Stealth Rock
|-ability|p1a: Suicune|Pressure
|turn|83
|
|t:|1758934092
|move|p2a: Zamazenta|Substitute|p2a: Zamazenta
|-start|p2a: Zamazenta|Substitute
|-damage|p2a: Zamazenta|26/100
|move|p1a: Suicune|Surf|p2a: Zamazenta
|-activate|p2a: Zamazenta|move: Substitute|[damage]
|
|-heal|p2a: Zamazenta|32/100|[from] item: Leftovers
|-heal|p1a: Suicune|94/100|[from] item: Leftovers
|upkeep
|turn|84
|
|t:|1758934097
|move|p2a: Zamazenta|Iron Defense|p2a: Zamazenta
|-boost|p2a: Zamazenta|def|2
|move|p1a: Suicune|Surf|p2a: Zamazenta
|-end|p2a: Zamazenta|Substitute
|
|-heal|p2a: Zamazenta|38/100|[from] item: Leftovers
|-heal|p1a: Suicune|100/100|[from] item: Leftovers
|upkeep
|turn|85
|
|t:|1758934103
|move|p2a: Zamazenta|Substitute|p2a: Zamazenta
|-start|p2a: Zamazenta|Substitute
|-damage|p2a: Zamazenta|14/100
|move|p1a: Suicune|Surf|p2a: Zamazenta
|-activate|p2a: Zamazenta|move: Substitute|[damage]
|
|-heal|p2a: Zamazenta|20/100|[from] item: Leftovers
|upkeep
|turn|86
|
|t:|1758934107
|move|p2a: Zamazenta|Iron Defense|p2a: Zamazenta
|-boost|p2a: Zamazenta|def|2
|move|p1a: Suicune|Surf|p2a: Zamazenta
|-end|p2a: Zamazenta|Substitute
|
|-heal|p2a: Zamazenta|26/100|[from] item: Leftovers
|upkeep
|turn|87
|
|t:|1758934115
|move|p2a: Zamazenta|Substitute|p2a: Zamazenta
|-start|p2a: Zamazenta|Substitute
|-damage|p2a: Zamazenta|1/100
|move|p1a: Suicune|Surf|p2a: Zamazenta
|-activate|p2a: Zamazenta|move: Substitute|[damage]
|
|-heal|p2a: Zamazenta|7/100|[from] item: Leftovers
|upkeep
|turn|88
|
|t:|1758934122
|switch|p1a: Gastrodon|Gastrodon, M|35/100 psn
|-heal|p1a: Gastrodon|100/100|[from] move: Healing Wish
|-damage|p1a: Gastrodon|94/100|[from] Stealth Rock
|move|p2a: Zamazenta|Iron Defense|p2a: Zamazenta
|-boost|p2a: Zamazenta|def|2
|
|-heal|p2a: Zamazenta|14/100|[from] item: Leftovers
|upkeep
|turn|89
|
|t:|1758934128
|move|p2a: Zamazenta|Body Press|p1a: Gastrodon
|-damage|p1a: Gastrodon|0 fnt
|-damage|p2a: Zamazenta|0 fnt|[from] item: Rocky Helmet|[of] p1a: Gastrodon
|faint|p1a: Gastrodon
|faint|p2a: Zamazenta
|
|upkeep
|
|t:|1758934133
|switch|p2a: Gholdengo|Gholdengo, shiny|70/100
|switch|p1a: Greninja|Greninja, F|100/100
|-damage|p1a: Greninja|88/100|[from] Stealth Rock
|-damage|p2a: Gholdengo|64/100|[from] Stealth Rock
|turn|90
|
|t:|1758934139
|move|p1a: Greninja|Dark Pulse|p2a: Gholdengo
|-start|p1a: Greninja|typechange|Dark|[from] ability: Protean
|-supereffective|p2a: Gholdengo
|-damage|p2a: Gholdengo|0 fnt
|faint|p2a: Gholdengo
|
|upkeep
|
|t:|1758934142
|switch|p2a: Volcanion|Volcanion, tera:Ground|53/100
|-damage|p2a: Volcanion|47/100|[from] Stealth Rock
|turn|91
|
|t:|1758934145
|move|p1a: Greninja|Dark Pulse|p2a: Volcanion
|-damage|p2a: Volcanion|9/100
|-activate|p2a: Volcanion|move: Struggle
|move|p2a: Volcanion|Struggle|p1a: Greninja
|-damage|p1a: Greninja|71/100
|-damage|p2a: Volcanion|0 fnt|[from] recoil
|faint|p2a: Volcanion
|
|win|CheetosD
|raw|CheetosD's rating: 1183 &rarr; <strong>1209</strong><br />(+26 for winning)
|raw|St.Peewee's rating: 1200 &rarr; <strong>1174</strong><br />(-26 for losing)
|c|☆CheetosD|ez
