|badge|p1|silver|gen9ou|30-6
|html|<div class="broadcast-red"><strong>This battle is required to be public due to one or more player having a season medal.</strong><br />During the public phase, you can discuss the state of the ladder <a href="/seasondiscussion">in a special chatroom.</a></div>
|uhtml|medal-msg|<div class="broadcast-blue">Curious what those medals under the avatar are? PS now has Ladder Seasons! For more information, check out the <a href="https://www.smogon.com/forums/threads/3740067/">thread on Smogon.</a></div>
|badge|p2|bronze|gen9ou|100-6
|uhtml|medal-msg|<div class="broadcast-blue">Curious what those medals under the avatar are? PS now has Ladder Seasons! For more information, check out the <a href="https://www.smogon.com/forums/threads/3740067/">thread on Smogon.</a></div>
|raw|<div class="broadcast-blue"><strong>This battle is required to be public due to a player having a name starting with 'medal'.</div>
|j|☆MunchlaxTheGodKing
|j|☆shuinifengB
|t:|1758981473
|gametype|singles
|player|p1|MunchlaxTheGodKing|furisodegirl-black|1854
|player|p2|shuinifengB|phoebe-masters|1846
|gen|9
|tier|[Gen 9] OU
|rated|
|rule|HP Percentage Mod: HP is shown in percentages
|rule|Endless Battle Clause: Forcing endless battles is banned
|rule|Species Clause: Limit one of each Pokémon
|rule|OHKO Clause: OHKO moves are banned
|rule|Evasion Items Clause: Evasion items are banned
|rule|Evasion Moves Clause: Evasion moves are banned
|rule|Evasion Abilities Clause: Evasion abilities are banned
|rule|Sleep Moves Clause: Sleep-inducing moves are banned
|clearpoke
|poke|p1|Zamazenta-*|
|poke|p1|Dragapult, M|
|poke|p1|Raging Bolt|
|poke|p1|Moltres|
|poke|p1|Iron Treads|
|poke|p1|Samurott-Hisui, M|
|poke|p2|Dondozo, F|
|poke|p2|Blissey, F|
|poke|p2|Corviknight, M|
|poke|p2|Weezing-Galar, M|
|poke|p2|Gliscor, M|
|poke|p2|Toxapex, F|
|teampreview
|inactive|Battle timer is ON: inactive players will automatically lose when time's up. (requested by MunchlaxTheGodKing)
|j| cryyysneasel
|
|t:|1758981482
|teamsize|p1|6
|teamsize|p2|6
|start
|switch|p1a: 90%≠don't blunder|Samurott-Hisui, M|100/100
|switch|p2a: Gliscor|Gliscor, M|100/100
|turn|1
|
|t:|1758981493
|move|p2a: Gliscor|Protect|p2a: Gliscor
|-singleturn|p2a: Gliscor|Protect
|move|p1a: 90%≠don't blunder|Razor Shell|p2a: Gliscor
|-activate|p2a: Gliscor|move: Protect
|
|-status|p2a: Gliscor|tox|[from] item: Toxic Orb
|upkeep
|turn|2
|
|t:|1758981497
|switch|p2a: BLACKPINK|Toxapex, F|100/100
|move|p1a: 90%≠don't blunder|Razor Shell|p2a: BLACKPINK
|-resisted|p2a: BLACKPINK
|-damage|p2a: BLACKPINK|69/100
|
|-heal|p2a: BLACKPINK|75/100|[from] item: Black Sludge
|upkeep
|turn|3
|
|t:|1758981517
|switch|p1a: 踩踩背|Iron Treads|100/100
|move|p2a: BLACKPINK|Toxic Spikes|p1a: 踩踩背
|-sidestart|p1: MunchlaxTheGodKing|move: Toxic Spikes
|
|-heal|p2a: BLACKPINK|81/100|[from] item: Black Sludge
|upkeep
|turn|4
|
|t:|1758981525
|switch|p2a: Gliscor|Gliscor, M|100/100 tox
|move|p1a: 踩踩背|Knock Off|p2a: Gliscor
|-damage|p2a: Gliscor|81/100 tox
|-enditem|p2a: Gliscor|Toxic Orb|[from] move: Knock Off|[of] p1a: 踩踩背
|
|-heal|p2a: Gliscor|93/100 tox|[from] ability: Poison Heal
|upkeep
|turn|5
|
|t:|1758981540
|move|p1a: 踩踩背|Stealth Rock|p2a: Gliscor
|-sidestart|p2: shuinifengB|move: Stealth Rock
|move|p2a: Gliscor|Knock Off|p1a: 踩踩背
|-damage|p1a: 踩踩背|83/100
|-enditem|p1a: 踩踩背|Leftovers|[from] move: Knock Off|[of] p2a: Gliscor
|
|-heal|p2a: Gliscor|100/100 tox|[from] ability: Poison Heal
|upkeep
|turn|6
|
|t:|1758981554
|move|p1a: 踩踩背|Rapid Spin|p2a: Gliscor
|-damage|p2a: Gliscor|91/100 tox
|-boost|p1a: 踩踩背|spe|1
|-sideend|p1: MunchlaxTheGodKing|Toxic Spikes|[from] move: Rapid Spin|[of] p1a: 踩踩背
|move|p2a: Gliscor|Earthquake|p1a: 踩踩背
|-supereffective|p1a: 踩踩背
|-damage|p1a: 踩踩背|34/100
|
|-heal|p2a: Gliscor|100/100 tox|[from] ability: Poison Heal
|upkeep
|turn|7
|
|t:|1758981560
|-end|p1a: 踩踩背|Quark Drive|[silent]
|switch|p1a: 脑袋尖尖的|Zamazenta|100/100
|-ability|p1a: 脑袋尖尖的|Dauntless Shield|boost
|-boost|p1a: 脑袋尖尖的|def|1
|move|p2a: Gliscor|Knock Off|p1a: 脑袋尖尖的
|-resisted|p1a: 脑袋尖尖的
|-damage|p1a: 脑袋尖尖的|95/100
|-enditem|p1a: 脑袋尖尖的|Life Orb|[from] move: Knock Off|[of] p2a: Gliscor
|
|upkeep
|turn|8
|
|t:|1758981582
|switch|p2a: BLACKPINK|Toxapex, F|100/100
|-damage|p2a: BLACKPINK|88/100|[from] Stealth Rock
|move|p1a: 脑袋尖尖的|Ice Fang|p2a: BLACKPINK
|-resisted|p2a: BLACKPINK
|-damage|p2a: BLACKPINK|79/100
|
|-heal|p2a: BLACKPINK|85/100|[from] item: Black Sludge
|upkeep
|turn|9
|
|t:|1758981598
|switch|p1a: 90%≠don't blunder|Samurott-Hisui, M|100/100
|move|p2a: BLACKPINK|Toxic Spikes|p1a: 90%≠don't blunder
|-sidestart|p1: MunchlaxTheGodKing|move: Toxic Spikes
|
|-heal|p2a: BLACKPINK|92/100|[from] item: Black Sludge
|upkeep
|turn|10
|inactive|shuinifengB has 120 seconds left.
|
|t:|1758981614
|-terastallize|p1a: 90%≠don't blunder|Dark
|move|p1a: 90%≠don't blunder|Ceaseless Edge|p2a: BLACKPINK
|-damage|p2a: BLACKPINK|17/100
|-sidestart|p2: shuinifengB|Spikes
|move|p2a: BLACKPINK|Toxic|p1a: 90%≠don't blunder
|-status|p1a: 90%≠don't blunder|tox
|
|-heal|p2a: BLACKPINK|23/100|[from] item: Black Sludge
|-damage|p1a: 90%≠don't blunder|94/100 tox|[from] psn
|upkeep
|turn|11
|inactive|shuinifengB has 120 seconds left.
|
|t:|1758981625
|switch|p2a: Weezing|Weezing-Galar, M|100/100
|-ability|p2a: Weezing|Neutralizing Gas
|move|p1a: 90%≠don't blunder|Ceaseless Edge|p2a: Weezing
|-resisted|p2a: Weezing
|-damage|p2a: Weezing|79/100
|-sidestart|p2: shuinifengB|Spikes
|
|-damage|p1a: 90%≠don't blunder|82/100 tox|[from] psn
|upkeep
|turn|12
|inactive|shuinifengB has 120 seconds left.
|
|t:|1758981649
|switch|p1a: Moltres|Moltres|100/100
|move|p2a: Weezing|Strange Steam|p1a: Moltres
|-resisted|p1a: Moltres
|-damage|p1a: Moltres|86/100
|-start|p1a: Moltres|confusion
|
|upkeep
|turn|13
|
|t:|1758981657
|-end|p2a: Weezing|ability: Neutralizing Gas
|switch|p2a: Blissey|Blissey, F|100/100
|-activate|p1a: Moltres|confusion
|move|p1a: Moltres|Hurricane|p2a: Blissey
|-damage|p2a: Blissey|83/100
|
|upkeep
|turn|14
|inactive|shuinifengB has 120 seconds left.
|
|t:|1758981669
|switch|p2a: Gliscor|Gliscor, M|100/100 tox
|-damage|p2a: Gliscor|88/100 tox|[from] Stealth Rock
|-activate|p1a: Moltres|confusion
|-damage|p1a: Moltres|77/100|[from] confusion
|
|-heal|p2a: Gliscor|100/100 tox|[from] ability: Poison Heal
|upkeep
|turn|15
|inactive|shuinifengB has 120 seconds left.
|
|t:|1758981682
|-activate|p1a: Moltres|confusion
|move|p1a: Moltres|Hurricane|p2a: Gliscor|[miss]
|-miss|p1a: Moltres|p2a: Gliscor
|move|p2a: Gliscor|Knock Off|p1a: Moltres
|-damage|p1a: Moltres|55/100
|-enditem|p1a: Moltres|Heavy-Duty Boots|[from] move: Knock Off|[of] p2a: Gliscor
|
|upkeep
|turn|16
|l| cryyysneasel
|inactive|shuinifengB has 120 seconds left.
|
|t:|1758981701
|-activate|p1a: Moltres|confusion
|move|p1a: Moltres|Hurricane|p2a: Gliscor
|-damage|p2a: Gliscor|50/100 tox
|move|p2a: Gliscor|Spikes|p1a: Moltres
|-sidestart|p1: MunchlaxTheGodKing|Spikes
|
|-heal|p2a: Gliscor|63/100 tox|[from] ability: Poison Heal
|upkeep
|turn|17
|inactive|shuinifengB has 120 seconds left.
|
|t:|1758981707
|move|p2a: Gliscor|Protect|p2a: Gliscor
|-singleturn|p2a: Gliscor|Protect
|-end|p1a: Moltres|confusion
|move|p1a: Moltres|Scorching Sands|p2a: Gliscor
|-activate|p2a: Gliscor|move: Protect
|
|-heal|p2a: Gliscor|75/100 tox|[from] ability: Poison Heal
|upkeep
|turn|18
|
|t:|1758981716
|switch|p2a: Blissey|Blissey, F|83/100
|move|p1a: Moltres|Hurricane|p2a: Blissey
|-damage|p2a: Blissey|65/100
|-start|p2a: Blissey|confusion
|
|upkeep
|turn|19
|
|t:|1758981721
|move|p1a: Moltres|U-turn|p2a: Blissey
|-damage|p2a: Blissey|50/100
|
|t:|1758981724
|switch|p1a: 90%≠don't blunder|Samurott-Hisui, M, tera:Dark|82/100 tox|[from] U-turn
|-damage|p1a: 90%≠don't blunder|69/100 tox|[from] Spikes
|-activate|p2a: Blissey|confusion
|-damage|p2a: Blissey|49/100|[from] confusion
|
|-damage|p1a: 90%≠don't blunder|63/100 tox|[from] psn
|upkeep
|turn|20
|inactive|shuinifengB has 120 seconds left.
|
|t:|1758981761
|switch|p2a: Weezing|Weezing-Galar, M|79/100
|-ability|p2a: Weezing|Neutralizing Gas
|move|p1a: 90%≠don't blunder|Razor Shell|p2a: Weezing
|-damage|p2a: Weezing|40/100
|-unboost|p2a: Weezing|def|1
|
|-damage|p1a: 90%≠don't blunder|51/100 tox|[from] psn
|upkeep
|turn|21
|j| cryyysneasel
|inactive|shuinifengB has 120 seconds left.
|
|t:|1758981768
|switch|p1a: 长脖奶龙|Raging Bolt|100/100
|-end|p2a: Weezing|ability: Neutralizing Gas
|switch|p2a: Dondozo|Dondozo, F|100/100
|-damage|p2a: Dondozo|88/100|[from] Stealth Rock
|-damage|p2a: Dondozo|71/100|[from] Spikes
|
|-heal|p2a: Dondozo|77/100|[from] item: Leftovers
|upkeep
|turn|22
|
|t:|1758981777
|switch|p2a: Blissey|Blissey, F|49/100
|move|p1a: 长脖奶龙|Volt Switch|p2a: Blissey
|-crit|p2a: Blissey
|-damage|p2a: Blissey|30/100
|
|t:|1758981795
|-end|p1a: 长脖奶龙|Protosynthesis|[silent]
|switch|p1a: 90%≠don't blunder|Samurott-Hisui, M, tera:Dark|51/100 tox|[from] Volt Switch
|-damage|p1a: 90%≠don't blunder|38/100 tox|[from] Spikes
|
|-damage|p1a: 90%≠don't blunder|32/100 tox|[from] psn
|upkeep
|turn|23
|
|t:|1758981803
|switch|p2a: Corviknight|Corviknight, M|100/100
|-damage|p2a: Corviknight|88/100|[from] Stealth Rock
|-ability|p2a: Corviknight|Pressure
|move|p1a: 90%≠don't blunder|Ceaseless Edge|p2a: Corviknight
|-damage|p2a: Corviknight|31/100
|-sidestart|p2: shuinifengB|Spikes
|
|-heal|p2a: Corviknight|37/100|[from] item: Leftovers
|-damage|p1a: 90%≠don't blunder|20/100 tox|[from] psn
|upkeep
|turn|24
|inactive|shuinifengB has 120 seconds left.
|
|t:|1758981833
|-terastallize|p2a: Corviknight|Fighting
|move|p1a: 90%≠don't blunder|Ceaseless Edge|p2a: Corviknight
|-resisted|p2a: Corviknight
|-damage|p2a: Corviknight|6/100
|move|p2a: Corviknight|Roost|p2a: Corviknight
|-heal|p2a: Corviknight|56/100
|
|-heal|p2a: Corviknight|63/100|[from] item: Leftovers
|-damage|p1a: 90%≠don't blunder|1/100 tox|[from] psn
|upkeep
|turn|25
|
|t:|1758981839
|switch|p1a: Moltres|Moltres|55/100
|move|p2a: Corviknight|Defog|p1a: Moltres
|-unboost|p1a: Moltres|evasion|1
|-sideend|p1: MunchlaxTheGodKing|Spikes|[from] move: Defog|[of] p2a: Corviknight
|-sideend|p1: MunchlaxTheGodKing|Toxic Spikes|[from] move: Defog|[of] p2a: Corviknight
|-sideend|p2: shuinifengB|Spikes|[from] move: Defog|[of] p2a: Corviknight
|-sideend|p2: shuinifengB|Stealth Rock|[from] move: Defog|[of] p2a: Corviknight
|
|-heal|p2a: Corviknight|69/100|[from] item: Leftovers
|upkeep
|turn|26
|
|t:|1758981847
|switch|p2a: BLACKPINK|Toxapex, F|56/100
|move|p1a: Moltres|Hurricane|p2a: BLACKPINK
|-damage|p2a: BLACKPINK|21/100
|
|-heal|p2a: BLACKPINK|27/100|[from] item: Black Sludge
|upkeep
|turn|27
|inactive|shuinifengB has 120 seconds left.
|
|t:|1758981873
|switch|p2a: Gliscor|Gliscor, M|75/100 tox
|move|p1a: Moltres|Hurricane|p2a: Gliscor|[miss]
|-miss|p1a: Moltres|p2a: Gliscor
|
|-heal|p2a: Gliscor|88/100 tox|[from] ability: Poison Heal
|upkeep
|turn|28
|
|t:|1758981882
|switch|p1a: 踩踩背|Iron Treads|34/100
|move|p2a: Gliscor|Protect||[still]
|-fail|p2a: Gliscor
|
|-heal|p2a: Gliscor|99/100 tox|[from] ability: Poison Heal
|upkeep
|turn|29
|
|t:|1758981887
|move|p1a: 踩踩背|Stealth Rock|p2a: Gliscor
|-sidestart|p2: shuinifengB|move: Stealth Rock
|move|p2a: Gliscor|Earthquake|p1a: 踩踩背
|-supereffective|p1a: 踩踩背
|-damage|p1a: 踩踩背|0 fnt
|faint|p1a: 踩踩背
|-end|p1a: 踩踩背|Quark Drive|[silent]
|
|-heal|p2a: Gliscor|100/100 tox|[from] ability: Poison Heal
|upkeep
|j| Disscratch
|
|t:|1758981901
|switch|p1a: 脑袋尖尖的|Zamazenta|95/100
|turn|30
|
|t:|1758981909
|switch|p2a: Dondozo|Dondozo, F|77/100
|-damage|p2a: Dondozo|65/100|[from] Stealth Rock
|move|p1a: 脑袋尖尖的|Ice Fang|p2a: Dondozo
|-resisted|p2a: Dondozo
|-damage|p2a: Dondozo|60/100
|
|-heal|p2a: Dondozo|67/100|[from] item: Leftovers
|upkeep
|turn|31
|
|t:|1758981925
|move|p1a: 脑袋尖尖的|Close Combat|p2a: Dondozo
|-damage|p2a: Dondozo|43/100
|-unboost|p1a: 脑袋尖尖的|def|1
|-unboost|p1a: 脑袋尖尖的|spd|1
|move|p2a: Dondozo|Rest|p2a: Dondozo
|-status|p2a: Dondozo|slp|[from] move: Rest
|-heal|p2a: Dondozo|100/100 slp|[silent]
|
|upkeep
|turn|32
|
|t:|1758981931
|switch|p1a: 长脖奶龙|Raging Bolt|100/100
|cant|p2a: Dondozo|slp
|move|p2a: Dondozo|Sleep Talk|p2a: Dondozo
|move|p2a: Dondozo|Body Press|p1a: 长脖奶龙|[from] move: Sleep Talk
|-damage|p1a: 长脖奶龙|76/100
|
|upkeep
|turn|33
|
|t:|1758981958
|-end|p1a: 长脖奶龙|Protosynthesis|[silent]
|switch|p1a: 脑袋尖尖的|Zamazenta|95/100
|switch|p2a: Weezing|Weezing-Galar, M|40/100
|-ability|p2a: Weezing|Neutralizing Gas
|
|upkeep
|turn|34
|
|t:|1758981971
|move|p1a: 脑袋尖尖的|Psychic Fangs|p2a: Weezing
|-supereffective|p2a: Weezing
|-crit|p2a: Weezing
|-damage|p2a: Weezing|0 fnt
|faint|p2a: Weezing
|-end|p2a: Weezing|ability: Neutralizing Gas
|
|upkeep
|
|t:|1758981980
|switch|p2a: Corviknight|Corviknight, M, tera:Fighting|69/100
|-damage|p2a: Corviknight|63/100|[from] Stealth Rock
|-ability|p2a: Corviknight|Pressure
|turn|35
|inactive|shuinifengB has 120 seconds left.
|
|t:|1758981998
|switch|p1a: Moltres|Moltres|55/100
|move|p2a: Corviknight|Defog|p1a: Moltres
|-unboost|p1a: Moltres|evasion|1
|-sideend|p2: shuinifengB|Stealth Rock|[from] move: Defog|[of] p2a: Corviknight
|
|-heal|p2a: Corviknight|69/100|[from] item: Leftovers
|upkeep
|turn|36
|inactive|shuinifengB has 120 seconds left.
|
|t:|1758982016
|switch|p2a: Gliscor|Gliscor, M|100/100 tox
|move|p1a: Moltres|U-turn|p2a: Gliscor
|-resisted|p2a: Gliscor
|-damage|p2a: Gliscor|95/100 tox
|
|t:|1758982025
|switch|p1a: 脑袋尖尖的|Zamazenta|95/100|[from] U-turn
|
|-heal|p2a: Gliscor|100/100 tox|[from] ability: Poison Heal
|upkeep
|turn|37
|inactive|shuinifengB has 120 seconds left.
|
|t:|1758982036
|move|p2a: Gliscor|Protect|p2a: Gliscor
|-singleturn|p2a: Gliscor|Protect
|move|p1a: 脑袋尖尖的|Ice Fang|p2a: Gliscor
|-activate|p2a: Gliscor|move: Protect
|
|upkeep
|turn|38
|inactive|shuinifengB has 120 seconds left.
|
|t:|1758982058
|switch|p1a: 长脖奶龙|Raging Bolt|76/100
|switch|p2a: Dondozo|Dondozo, F|100/100 slp
|
|upkeep
|turn|39
|
|t:|1758982069
|switch|p2a: Gliscor|Gliscor, M|100/100 tox
|move|p1a: 长脖奶龙|Draco Meteor|p2a: Gliscor
|-damage|p2a: Gliscor|39/100 tox
|-unboost|p1a: 长脖奶龙|spa|2
|
|-heal|p2a: Gliscor|51/100 tox|[from] ability: Poison Heal
|upkeep
|turn|40
|
|t:|1758982084
|-end|p1a: 长脖奶龙|Protosynthesis|[silent]
|switch|p1a: Moltres|Moltres|55/100
|move|p2a: Gliscor|Spikes|p1a: Moltres
|-sidestart|p1: MunchlaxTheGodKing|Spikes
|
|-heal|p2a: Gliscor|63/100 tox|[from] ability: Poison Heal
|upkeep
|turn|41
|j| seiko leich
|
|t:|1758982101
|move|p2a: Gliscor|Protect|p2a: Gliscor
|-singleturn|p2a: Gliscor|Protect
|move|p1a: Moltres|Hurricane|p2a: Gliscor
|-activate|p2a: Gliscor|move: Protect
|
|-heal|p2a: Gliscor|76/100 tox|[from] ability: Poison Heal
|upkeep
|turn|42
|
|t:|1758982106
|switch|p2a: BLACKPINK|Toxapex, F|60/100
|move|p1a: Moltres|Hurricane|p2a: BLACKPINK
|-damage|p2a: BLACKPINK|25/100
|
|-heal|p2a: BLACKPINK|31/100|[from] item: Black Sludge
|upkeep
|turn|43
|
|t:|1758982118
|switch|p2a: Gliscor|Gliscor, M|76/100 tox
|move|p1a: Moltres|Hurricane|p2a: Gliscor
|-damage|p2a: Gliscor|27/100 tox
|-start|p2a: Gliscor|confusion
|
|-heal|p2a: Gliscor|40/100 tox|[from] ability: Poison Heal
|upkeep
|turn|44
|
|t:|1758982147
|-activate|p2a: Gliscor|confusion
|-damage|p2a: Gliscor|33/100 tox|[from] confusion
|move|p1a: Moltres|Hurricane|p2a: Gliscor
|-damage|p2a: Gliscor|0 fnt
|faint|p2a: Gliscor
|
|upkeep
|
|t:|1758982151
|switch|p2a: Blissey|Blissey, F|30/100
|turn|45
|
|t:|1758982156
|move|p1a: Moltres|U-turn|p2a: Blissey
|-damage|p2a: Blissey|16/100
|
|t:|1758982158
|switch|p1a: 90%≠don't blunder|Samurott-Hisui, M, tera:Dark|1/100 tox|[from] U-turn
|-damage|p1a: 90%≠don't blunder|0 fnt|[from] Spikes
|faint|p1a: 90%≠don't blunder
|move|p2a: Blissey|Soft-Boiled|p2a: Blissey
|-heal|p2a: Blissey|66/100
|
|upkeep
|
|t:|1758982164
|switch|p1a: 脑袋尖尖的|Zamazenta|95/100
|-damage|p1a: 脑袋尖尖的|82/100|[from] Spikes
|turn|46
|
|t:|1758982179
|switch|p1a: 长脖奶龙|Raging Bolt|76/100
|switch|p2a: Dondozo|Dondozo, F|100/100 slp
|
|upkeep
|turn|47
|
|t:|1758982184
|switch|p2a: Blissey|Blissey, F|66/100
|move|p1a: 长脖奶龙|Volt Switch|p2a: Blissey
|-damage|p2a: Blissey|53/100
|
|t:|1758982188
|-end|p1a: 长脖奶龙|Protosynthesis|[silent]
|switch|p1a: 脑袋尖尖的|Zamazenta|82/100|[from] Volt Switch
|-damage|p1a: 脑袋尖尖的|70/100|[from] Spikes
|
|upkeep
|turn|48
|
|t:|1758982197
|switch|p2a: BLACKPINK|Toxapex, F|64/100
|move|p1a: 脑袋尖尖的|Close Combat|p2a: BLACKPINK
|-resisted|p2a: BLACKPINK
|-damage|p2a: BLACKPINK|42/100
|-unboost|p1a: 脑袋尖尖的|def|1
|-unboost|p1a: 脑袋尖尖的|spd|1
|
|-heal|p2a: BLACKPINK|48/100|[from] item: Black Sludge
|upkeep
|turn|49
|
|t:|1758982206
|move|p1a: 脑袋尖尖的|Close Combat|p2a: BLACKPINK
|-resisted|p2a: BLACKPINK
|-crit|p2a: BLACKPINK
|-damage|p2a: BLACKPINK|11/100
|-unboost|p1a: 脑袋尖尖的|def|1
|-unboost|p1a: 脑袋尖尖的|spd|1
|move|p2a: BLACKPINK|Recover|p2a: BLACKPINK
|-heal|p2a: BLACKPINK|61/100
|
|-heal|p2a: BLACKPINK|67/100|[from] item: Black Sludge
|upkeep
|turn|50
|
|t:|1758982229
|move|p1a: 脑袋尖尖的|Psychic Fangs|p2a: BLACKPINK
|-supereffective|p2a: BLACKPINK
|-damage|p2a: BLACKPINK|22/100
|move|p2a: BLACKPINK|Toxic Spikes|p1a: 脑袋尖尖的
|-sidestart|p1: MunchlaxTheGodKing|move: Toxic Spikes
|
|-heal|p2a: BLACKPINK|28/100|[from] item: Black Sludge
|upkeep
|turn|51
|
|t:|1758982238
|switch|p2a: Dondozo|Dondozo, F|100/100 slp
|move|p1a: 脑袋尖尖的|Close Combat|p2a: Dondozo
|-crit|p2a: Dondozo
|-damage|p2a: Dondozo|59/100 slp
|-unboost|p1a: 脑袋尖尖的|def|1
|-unboost|p1a: 脑袋尖尖的|spd|1
|
|-heal|p2a: Dondozo|65/100 slp|[from] item: Leftovers
|upkeep
|turn|52
|
|t:|1758982245
|move|p1a: 脑袋尖尖的|Close Combat|p2a: Dondozo
|-damage|p2a: Dondozo|38/100 slp
|-unboost|p1a: 脑袋尖尖的|def|1
|-unboost|p1a: 脑袋尖尖的|spd|1
|cant|p2a: Dondozo|slp
|move|p2a: Dondozo|Sleep Talk|p2a: Dondozo
|move|p2a: Dondozo|Rest||[from] move: Sleep Talk|[still]
|-fail|p2a: Dondozo
|
|-heal|p2a: Dondozo|44/100 slp|[from] item: Leftovers
|upkeep
|turn|53
|
|t:|1758982252
|switch|p1a: 长脖奶龙|Raging Bolt|76/100
|-curestatus|p2a: Dondozo|slp|[msg]
|move|p2a: Dondozo|Rest|p2a: Dondozo
|-status|p2a: Dondozo|slp|[from] move: Rest
|-heal|p2a: Dondozo|100/100 slp|[silent]
|
|upkeep
|turn|54
|j| cynasaurus
|
|t:|1758982260
|switch|p2a: Blissey|Blissey, F|53/100
|move|p1a: 长脖奶龙|Volt Switch|p2a: Blissey
|-damage|p2a: Blissey|41/100
|
|t:|1758982262
|-end|p1a: 长脖奶龙|Protosynthesis|[silent]
|switch|p1a: 脑袋尖尖的|Zamazenta|70/100|[from] Volt Switch
|-damage|p1a: 脑袋尖尖的|58/100|[from] Spikes
|-status|p1a: 脑袋尖尖的|psn
|
|-damage|p1a: 脑袋尖尖的|45/100 psn|[from] psn
|upkeep
|turn|55
|l| cynasaurus
|
|t:|1758982269
|switch|p1a: 长脖奶龙|Raging Bolt|76/100
|switch|p2a: Corviknight|Corviknight, M, tera:Fighting|69/100
|-ability|p2a: Corviknight|Pressure
|
|-heal|p2a: Corviknight|75/100|[from] item: Leftovers
|upkeep
|turn|56
|
|t:|1758982286
|switch|p2a: Blissey|Blissey, F|41/100
|move|p1a: 长脖奶龙|Thunderbolt|p2a: Blissey
|-damage|p2a: Blissey|23/100
|
|upkeep
|turn|57
|
|t:|1758982309
|switch|p2a: BLACKPINK|Toxapex, F|61/100
|move|p1a: 长脖奶龙|Draco Meteor|p2a: BLACKPINK
|-damage|p2a: BLACKPINK|16/100
|-unboost|p1a: 长脖奶龙|spa|2
|
|-heal|p2a: BLACKPINK|22/100|[from] item: Black Sludge
|upkeep
|turn|58
|
|t:|1758982323
|switch|p2a: Corviknight|Corviknight, M, tera:Fighting|75/100
|-ability|p2a: Corviknight|Pressure
|move|p1a: 长脖奶龙|Volt Switch|p2a: Corviknight
|-damage|p2a: Corviknight|55/100
|
|t:|1758982328
|-end|p1a: 长脖奶龙|Protosynthesis|[silent]
|switch|p1a: Moltres|Moltres|55/100|[from] Volt Switch
|
|-heal|p2a: Corviknight|61/100|[from] item: Leftovers
|upkeep
|turn|59
|inactive|shuinifengB has 120 seconds left.
|
|t:|1758982356
|switch|p2a: BLACKPINK|Toxapex, F|55/100
|move|p1a: Moltres|Hurricane|p2a: BLACKPINK
|-damage|p2a: BLACKPINK|18/100
|
|-heal|p2a: BLACKPINK|25/100|[from] item: Black Sludge
|upkeep
|turn|60
|inactive|shuinifengB has 120 seconds left.
|
|t:|1758982373
|switch|p2a: Corviknight|Corviknight, M, tera:Fighting|61/100
|-ability|p2a: Corviknight|Pressure
|move|p1a: Moltres|Scorching Sands|p2a: Corviknight
|-damage|p2a: Corviknight|36/100
|
|-heal|p2a: Corviknight|43/100|[from] item: Leftovers
|upkeep
|turn|61
|inactive|MunchlaxTheGodKing has 120 seconds left.
|inactive|shuinifengB has 90 seconds left.
|
|t:|1758982409
|move|p1a: Moltres|Hurricane|p2a: Corviknight
|-supereffective|p2a: Corviknight
|-damage|p2a: Corviknight|0 fnt
|faint|p2a: Corviknight
|
|upkeep
|
|t:|1758982414
|switch|p2a: Blissey|Blissey, F|23/100
|turn|62
|
|t:|1758982428
|move|p1a: Moltres|U-turn|p2a: Blissey
|-damage|p2a: Blissey|9/100
|
|t:|1758982432
|switch|p1a: 脑袋尖尖的|Zamazenta|45/100 psn|[from] U-turn
|-damage|p1a: 脑袋尖尖的|33/100 psn|[from] Spikes
|move|p2a: Blissey|Soft-Boiled|p2a: Blissey
|-heal|p2a: Blissey|59/100
|
|-damage|p1a: 脑袋尖尖的|20/100 psn|[from] psn
|upkeep
|turn|63
|
|t:|1758982446
|switch|p2a: BLACKPINK|Toxapex, F|58/100
|move|p1a: 脑袋尖尖的|Psychic Fangs|p2a: BLACKPINK
|-supereffective|p2a: BLACKPINK
|-damage|p2a: BLACKPINK|14/100
|
|-heal|p2a: BLACKPINK|21/100|[from] item: Black Sludge
|-damage|p1a: 脑袋尖尖的|8/100 psn|[from] psn
|upkeep
|turn|64
|
|t:|1758982459
|switch|p2a: Dondozo|Dondozo, F|100/100 slp
|move|p1a: 脑袋尖尖的|Close Combat|p2a: Dondozo
|-damage|p2a: Dondozo|74/100 slp
|-unboost|p1a: 脑袋尖尖的|def|1
|-unboost|p1a: 脑袋尖尖的|spd|1
|
|-heal|p2a: Dondozo|80/100 slp|[from] item: Leftovers
|-damage|p1a: 脑袋尖尖的|0 fnt|[from] psn
|faint|p1a: 脑袋尖尖的
|upkeep
|
|t:|1758982463
|switch|p1a: Moltres|Moltres|55/100
|turn|65
|inactive|shuinifengB has 120 seconds left.
|
|t:|1758982475
|move|p1a: Moltres|Hurricane|p2a: Dondozo|[miss]
|-miss|p1a: Moltres|p2a: Dondozo
|cant|p2a: Dondozo|slp
|move|p2a: Dondozo|Sleep Talk|p2a: Dondozo
|move|p2a: Dondozo|Rest||[from] move: Sleep Talk|[still]
|-fail|p2a: Dondozo
|
|-heal|p2a: Dondozo|86/100 slp|[from] item: Leftovers
|upkeep
|turn|66
|
|t:|1758982486
|move|p1a: Moltres|Hurricane|p2a: Dondozo
|-damage|p2a: Dondozo|30/100 slp
|cant|p2a: Dondozo|slp
|move|p2a: Dondozo|Sleep Talk|p2a: Dondozo
|move|p2a: Dondozo|Body Press|p1a: Moltres|[from] move: Sleep Talk
|-resisted|p1a: Moltres
|-damage|p1a: Moltres|39/100
|
|-heal|p2a: Dondozo|36/100 slp|[from] item: Leftovers
|upkeep
|turn|67
|
|t:|1758982491
|move|p1a: Moltres|Hurricane|p2a: Dondozo
|-damage|p2a: Dondozo|0 fnt
|faint|p2a: Dondozo
|
|upkeep
|
|t:|1758982499
|switch|p2a: BLACKPINK|Toxapex, F|54/100
|turn|68
|
|t:|1758982507
|move|p1a: Moltres|Scorching Sands|p2a: BLACKPINK
|-supereffective|p2a: BLACKPINK
|-crit|p2a: BLACKPINK
|-damage|p2a: BLACKPINK|7/100
|move|p2a: BLACKPINK|Recover|p2a: BLACKPINK
|-heal|p2a: BLACKPINK|57/100
|
|-heal|p2a: BLACKPINK|63/100|[from] item: Black Sludge
|upkeep
|turn|69
|
|t:|1758982512
|move|p1a: Moltres|Scorching Sands|p2a: BLACKPINK
|-supereffective|p2a: BLACKPINK
|-damage|p2a: BLACKPINK|28/100
|move|p2a: BLACKPINK|Recover|p2a: BLACKPINK
|-heal|p2a: BLACKPINK|78/100
|
|-heal|p2a: BLACKPINK|85/100|[from] item: Black Sludge
|upkeep
|turn|70
|
|t:|1758982516
|move|p1a: Moltres|Scorching Sands|p2a: BLACKPINK
|-supereffective|p2a: BLACKPINK
|-damage|p2a: BLACKPINK|53/100
|-status|p2a: BLACKPINK|brn
|move|p2a: BLACKPINK|Toxic|p1a: Moltres
|-status|p1a: Moltres|tox
|
|-heal|p2a: BLACKPINK|59/100 brn|[from] item: Black Sludge
|-damage|p1a: Moltres|33/100 tox|[from] psn
|-damage|p2a: BLACKPINK|53/100 brn|[from] brn
|upkeep
|turn|71
|
|t:|1758982521
|move|p1a: Moltres|Scorching Sands|p2a: BLACKPINK
|-supereffective|p2a: BLACKPINK
|-damage|p2a: BLACKPINK|20/100 brn
|move|p2a: BLACKPINK|Recover|p2a: BLACKPINK
|-heal|p2a: BLACKPINK|70/100 brn
|
|-heal|p2a: BLACKPINK|76/100 brn|[from] item: Black Sludge
|-damage|p1a: Moltres|21/100 tox|[from] psn
|-damage|p2a: BLACKPINK|70/100 brn|[from] brn
|upkeep
|turn|72
|
|t:|1758982525
|move|p1a: Moltres|Scorching Sands|p2a: BLACKPINK
|-supereffective|p2a: BLACKPINK
|-damage|p2a: BLACKPINK|39/100 brn
|move|p2a: BLACKPINK|Recover|p2a: BLACKPINK
|-heal|p2a: BLACKPINK|89/100 brn
|
|-heal|p2a: BLACKPINK|96/100 brn|[from] item: Black Sludge
|-damage|p1a: Moltres|3/100 tox|[from] psn
|-damage|p2a: BLACKPINK|89/100 brn|[from] brn
|upkeep
|turn|73
|
|t:|1758982531
|switch|p2a: Blissey|Blissey, F|59/100
|move|p1a: Moltres|Scorching Sands|p2a: Blissey
|-damage|p2a: Blissey|52/100
|
|-damage|p1a: Moltres|0 fnt|[from] psn
|faint|p1a: Moltres
|upkeep
|
|t:|1758982541
|switch|p1a: 长脖奶龙|Raging Bolt|76/100
|turn|74
|
|t:|1758982544
|move|p1a: 长脖奶龙|Thunderbolt|p2a: Blissey
|-damage|p2a: Blissey|36/100
|move|p2a: Blissey|Soft-Boiled|p2a: Blissey
|-heal|p2a: Blissey|86/100
|
|upkeep
|turn|75
|
|t:|1758982555
|move|p1a: 长脖奶龙|Thunderbolt|p2a: Blissey
|-damage|p2a: Blissey|69/100
|move|p2a: Blissey|Calm Mind|p2a: Blissey
|-boost|p2a: Blissey|spa|1
|-boost|p2a: Blissey|spd|1
|
|upkeep
|turn|76
|
|t:|1758982563
|move|p1a: 长脖奶龙|Thunderbolt|p2a: Blissey
|-damage|p2a: Blissey|58/100
|move|p2a: Blissey|Calm Mind|p2a: Blissey
|-boost|p2a: Blissey|spa|1
|-boost|p2a: Blissey|spd|1
|
|upkeep
|turn|77
|
|t:|1758982565
|move|p1a: 长脖奶龙|Thunderbolt|p2a: Blissey
|-damage|p2a: Blissey|50/100
|move|p2a: Blissey|Soft-Boiled|p2a: Blissey
|-heal|p2a: Blissey|99/100
|
|upkeep
|turn|78
|
|t:|1758982577
|move|p1a: 长脖奶龙|Thunderbolt|p2a: Blissey
|-damage|p2a: Blissey|92/100
|move|p2a: Blissey|Calm Mind|p2a: Blissey
|-boost|p2a: Blissey|spa|1
|-boost|p2a: Blissey|spd|1
|
|upkeep
|turn|79
|
|t:|1758982603
|move|p1a: 长脖奶龙|Thunderbolt|p2a: Blissey
|-damage|p2a: Blissey|85/100
|move|p2a: Blissey|Calm Mind|p2a: Blissey
|-boost|p2a: Blissey|spa|1
|-boost|p2a: Blissey|spd|1
|
|upkeep
|turn|80
|
|t:|1758982609
|move|p1a: 长脖奶龙|Thunderbolt|p2a: Blissey
|-damage|p2a: Blissey|79/100
|move|p2a: Blissey|Shadow Ball|p1a: 长脖奶龙
|-damage|p1a: 长脖奶龙|35/100
|
|upkeep
|turn|81
|
|t:|1758982633
|move|p1a: 长脖奶龙|Thunderbolt|p2a: Blissey
|-damage|p2a: Blissey|74/100
|move|p2a: Blissey|Soft-Boiled|p2a: Blissey
|-heal|p2a: Blissey|100/100
|
|upkeep
|turn|82
|
|t:|1758982636
|move|p1a: 长脖奶龙|Thunderbolt|p2a: Blissey
|-damage|p2a: Blissey|95/100
|move|p2a: Blissey|Shadow Ball|p1a: 长脖奶龙
|-damage|p1a: 长脖奶龙|0 fnt
|faint|p1a: 长脖奶龙
|-end|p1a: 长脖奶龙|Protosynthesis|[silent]
|
|upkeep
|
|t:|1758982648
|switch|p1a: 24岁 喜欢发射孩子|Dragapult, M|100/100
|-damage|p1a: 24岁 喜欢发射孩子|88/100|[from] Spikes
|-status|p1a: 24岁 喜欢发射孩子|psn
|turn|83
|
|t:|1758982652
|move|p1a: 24岁 喜欢发射孩子|U-turn|p2a: Blissey
|-damage|p2a: Blissey|78/100
|move|p2a: Blissey|Shadow Ball|p1a: 24岁 喜欢发射孩子
|-supereffective|p1a: 24岁 喜欢发射孩子
|-damage|p1a: 24岁 喜欢发射孩子|0 fnt
|faint|p1a: 24岁 喜欢发射孩子
|
|win|shuinifengB
|raw|MunchlaxTheGodKing's rating: 1861 &rarr; <strong>1840</strong><br />(-21 for losing)
|raw|shuinifengB's rating: 1846 &rarr; <strong>1867</strong><br />(+21 for winning)
