|j|☆mikael350k
|j|☆FoongusVGC
|t:|1759075772
|gametype|singles
|player|p1|mikael350k|265|1108
|player|p2|FoongusVGC|doubleteam|1093
|gen|9
|tier|[Gen 9] OU
|rated|
|rule|HP Percentage Mod: HP is shown in percentages
|rule|Endless Battle Clause: Forcing endless battles is banned
|rule|Species Clause: Limit one of each Pokémon
|rule|OHKO Clause: OHKO moves are banned
|rule|Evasion Items Clause: Evasion items are banned
|rule|Evasion Moves Clause: Evasion moves are banned
|rule|Evasion Abilities Clause: Evasion abilities are banned
|rule|Sleep Moves Clause: Sleep-inducing moves are banned
|clearpoke
|poke|p1|Darkrai|
|poke|p1|Meowscarada, F|
|poke|p1|Garchomp, F|
|poke|p1|Metagross|
|poke|p1|Gardevoir, F|
|poke|p1|Toxapex, M|
|poke|p2|Palossand, M|
|poke|p2|Braviary-Hisui, M|
|poke|p2|Skuntank, M|
|poke|p2|Mudsdale, F|
|poke|p2|Espeon, M|
|poke|p2|Decidueye-Hisui, F|
|teampreview
|
|t:|1759075780
|teamsize|p1|6
|teamsize|p2|6
|start
|switch|p1a: Meowscarada|Meowscarada, F, shiny|100/100
|switch|p2a: sand fellow|Palossand, M|100/100
|turn|1
|inactive|Battle timer is ON: inactive players will automatically lose when time's up. (requested by FoongusVGC)
|
|t:|1759075791
|move|p1a: Meowscarada|Flower Trick|p2a: sand fellow
|-start|p1a: Meowscarada|typechange|Grass|[from] ability: Protean
|-supereffective|p2a: sand fellow
|-crit|p2a: sand fellow
|-damage|p2a: sand fellow|5/100
|move|p2a: sand fellow|Stealth Rock|p1a: Meowscarada
|-sidestart|p1: mikael350k|move: Stealth Rock
|
|upkeep
|turn|2
|
|t:|1759075801
|move|p1a: Meowscarada|Flower Trick|p2a: sand fellow
|-supereffective|p2a: sand fellow
|-crit|p2a: sand fellow
|-damage|p2a: sand fellow|0 fnt
|faint|p2a: sand fellow
|
|upkeep
|
|t:|1759075810
|switch|p2a: afro birrd|Braviary-Hisui, M|100/100
|turn|3
|
|t:|1759075815
|-terastallize|p1a: Meowscarada|Grass
|move|p1a: Meowscarada|Flower Trick|p2a: afro birrd
|-resisted|p2a: afro birrd
|-crit|p2a: afro birrd
|-damage|p2a: afro birrd|41/100
|move|p2a: afro birrd|Agility|p2a: afro birrd
|-boost|p2a: afro birrd|spe|2
|
|upkeep
|turn|4
|
|t:|1759075831
|move|p2a: afro birrd|Heat Wave|p1a: Meowscarada
|-supereffective|p1a: Meowscarada
|-damage|p1a: Meowscarada|0 fnt
|faint|p1a: Meowscarada
|
|upkeep
|
|t:|1759075835
|switch|p1a: Metagross|Metagross, shiny|100/100
|-damage|p1a: Metagross|94/100|[from] Stealth Rock
|turn|5
|
|t:|1759075842
|move|p1a: Metagross|Bullet Punch|p2a: afro birrd
|-damage|p2a: afro birrd|10/100
|move|p2a: afro birrd|Heat Wave|p1a: Metagross
|-supereffective|p1a: Metagross
|-damage|p1a: Metagross|27/100
|
|upkeep
|turn|6
|
|t:|1759075849
|move|p1a: Metagross|Bullet Punch|p2a: afro birrd
|-damage|p2a: afro birrd|0 fnt
|faint|p2a: afro birrd
|
|upkeep
|
|t:|1759075858
|switch|p2a: Arceus-Groudn|Mudsdale, F|100/100
|turn|7
|
|t:|1759075865
|move|p1a: Metagross|Earthquake|p2a: Arceus-Groudn
|-damage|p2a: Arceus-Groudn|75/100
|-ability|p2a: Arceus-Groudn|Stamina|boost
|-boost|p2a: Arceus-Groudn|def|1
|move|p2a: Arceus-Groudn|Body Press|p1a: Metagross
|-damage|p1a: Metagross|0 fnt
|faint|p1a: Metagross
|
|-heal|p2a: Arceus-Groudn|81/100|[from] item: Leftovers
|upkeep
|
|t:|1759075870
|switch|p1a: Toxapex|Toxapex, M, shiny|100/100
|-damage|p1a: Toxapex|88/100|[from] Stealth Rock
|turn|8
|
|t:|1759075877
|switch|p2a: car|Espeon, M|100/100
|move|p1a: Toxapex|Toxic Spikes|p2a: car
|move|p2a: car|Toxic Spikes|p1a: Toxapex|[from] ability: Magic Bounce
|-sidestart|p1: mikael350k|move: Toxic Spikes
|
|-heal|p1a: Toxapex|94/100|[from] item: Black Sludge
|upkeep
|turn|9
|
|t:|1759075887
|move|p2a: car|Psyshock|p1a: Toxapex
|-supereffective|p1a: Toxapex
|-damage|p1a: Toxapex|34/100
|-damage|p2a: car|91/100|[from] item: Life Orb
|move|p1a: Toxapex|Haze|p1a: Toxapex
|-clearallboost
|
|-heal|p1a: Toxapex|41/100|[from] item: Black Sludge
|upkeep
|turn|10
|
|t:|1759075897
|move|p2a: car|Psyshock|p1a: Toxapex
|-supereffective|p1a: Toxapex
|-damage|p1a: Toxapex|0 fnt
|faint|p1a: Toxapex
|-damage|p2a: car|81/100|[from] item: Life Orb
|
|upkeep
|
|t:|1759075901
|switch|p1a: Garchomp|Garchomp, F, shiny|100/100
|-damage|p1a: Garchomp|94/100|[from] Stealth Rock
|-status|p1a: Garchomp|psn
|turn|11
|
|t:|1759075913
|move|p2a: car|Alluring Voice|p1a: Garchomp
|-supereffective|p1a: Garchomp
|-damage|p1a: Garchomp|11/100 psn
|-damage|p2a: car|71/100|[from] item: Life Orb
|move|p1a: Garchomp|Earthquake|p2a: car
|-damage|p2a: car|0 fnt
|faint|p2a: car
|
|-damage|p1a: Garchomp|0 fnt|[from] psn
|faint|p1a: Garchomp
|upkeep
|
|t:|1759075927
|switch|p2a: mow hawk skukn|Skuntank, M|100/100
|switch|p1a: Darkrai|Darkrai, shiny|100/100
|-damage|p1a: Darkrai|88/100|[from] Stealth Rock
|-status|p1a: Darkrai|psn
|turn|12
|
|t:|1759075932
|move|p1a: Darkrai|Nasty Plot|p1a: Darkrai
|-boost|p1a: Darkrai|spa|2
|move|p2a: mow hawk skukn|Knock Off|p1a: Darkrai
|-resisted|p1a: Darkrai
|-damage|p1a: Darkrai|61/100 psn
|-enditem|p1a: Darkrai|Focus Sash|[from] move: Knock Off|[of] p2a: mow hawk skukn
|
|-damage|p1a: Darkrai|49/100 psn|[from] psn
|upkeep
|turn|13
|
|t:|1759075939
|move|p1a: Darkrai|Dark Pulse|p2a: mow hawk skukn
|-resisted|p2a: mow hawk skukn
|-damage|p2a: mow hawk skukn|41/100
|move|p2a: mow hawk skukn|Knock Off|p1a: Darkrai
|-resisted|p1a: Darkrai
|-damage|p1a: Darkrai|30/100 psn
|
|-damage|p1a: Darkrai|18/100 psn|[from] psn
|upkeep
|turn|14
|
|t:|1759075942
|move|p2a: mow hawk skukn|Sucker Punch|p1a: Darkrai
|-resisted|p1a: Darkrai
|-damage|p1a: Darkrai|0 fnt
|faint|p1a: Darkrai
|
|upkeep
|
|t:|1759075946
|switch|p1a: Gardevoir|Gardevoir, F, shiny|100/100
|-damage|p1a: Gardevoir|88/100|[from] Stealth Rock
|-status|p1a: Gardevoir|psn
|-ability|p1a: Gardevoir|Aftermath|Trace|[from] ability: Trace|[of] p2a: mow hawk skukn
|turn|15
|
|t:|1759075950
|move|p2a: mow hawk skukn|Sucker Punch|p1a: Gardevoir
|-damage|p1a: Gardevoir|39/100 psn
|move|p1a: Gardevoir|Moonblast|p2a: mow hawk skukn
|-damage|p2a: mow hawk skukn|0 fnt
|faint|p2a: mow hawk skukn
|
|-damage|p1a: Gardevoir|27/100 psn|[from] psn
|upkeep
|
|t:|1759075956
|switch|p2a: Arceus-Groudn|Mudsdale, F|81/100
|turn|16
|
|t:|1759075960
|move|p1a: Gardevoir|Moonblast|p2a: Arceus-Groudn
|-damage|p2a: Arceus-Groudn|38/100
|-ability|p2a: Arceus-Groudn|Stamina|boost
|-boost|p2a: Arceus-Groudn|def|1
|move|p2a: Arceus-Groudn|Earthquake|p1a: Gardevoir
|-damage|p1a: Gardevoir|0 fnt
|faint|p1a: Gardevoir
|
|win|FoongusVGC
|raw|mikael350k's rating: 1108 &rarr; <strong>1082</strong><br />(-26 for losing)
|raw|FoongusVGC's rating: 1093 &rarr; <strong>1120</strong><br />(+27 for winning)
|l|☆FoongusVGC
|player|p2|
|l|☆mikael350k
|player|p1|
