|j|☆shax6725
|j|☆alfvaz
|t:|1759047854
|gametype|singles
|player|p1|shax6725|miku-flying|1194
|player|p2|alfvaz|hiker-gen4|1196
|gen|9
|tier|[Gen 9] OU
|rated|
|rule|HP Percentage Mod: HP is shown in percentages
|rule|Endless Battle Clause: Forcing endless battles is banned
|rule|Species Clause: Limit one of each Pokémon
|rule|OHKO Clause: OHKO moves are banned
|rule|Evasion Items Clause: Evasion items are banned
|rule|Evasion Moves Clause: Evasion moves are banned
|rule|Evasion Abilities Clause: Evasion abilities are banned
|rule|Sleep Moves Clause: Sleep-inducing moves are banned
|clearpoke
|poke|p1|Ogerpon-Wellspring, F|
|poke|p1|Kingambit, F|
|poke|p1|Landorus-Therian, M|
|poke|p1|Glimmora, M|
|poke|p1|Dragapult, F|
|poke|p1|Iron Valiant|
|poke|p2|Emboar, M|
|poke|p2|Deoxys-Speed|
|poke|p2|Electivire, F|
|poke|p2|Araquanid, M|
|poke|p2|Iron Treads|
|poke|p2|Gardevoir, F|
|teampreview
|
|t:|1759047888
|teamsize|p1|6
|teamsize|p2|6
|start
|switch|p1a: Glimmora|Glimmora, M|100/100
|switch|p2a: Deoxys|Deoxys-Speed|100/100
|-ability|p2a: Deoxys|Pressure
|turn|1
|
|t:|1759047904
|switch|p1a: Kingambit|Kingambit, F|100/100
|move|p2a: Deoxys|Psycho Boost|p1a: Kingambit
|-immune|p1a: Kingambit
|
|upkeep
|turn|2
|
|t:|1759047916
|move|p2a: Deoxys|Superpower|p1a: Kingambit
|-supereffective|p1a: Kingambit
|-damage|p1a: Kingambit|13/100
|-unboost|p2a: Deoxys|atk|1
|-unboost|p2a: Deoxys|def|1
|-enditem|p2a: Deoxys|Eject Pack
|
|t:|1759047935
|switch|p2a: Emboar|Emboar, M, shiny|100/100
|move|p1a: Kingambit|Kowtow Cleave|p2a: Emboar
|-resisted|p2a: Emboar
|-damage|p2a: Emboar|65/100
|
|-heal|p1a: Kingambit|19/100|[from] item: Leftovers
|upkeep
|turn|3
|
|t:|1759047957
|-end|p1a: Kingambit|fallenundefined|[silent]
|switch|p1a: Landorus|Landorus-Therian, M|100/100
|-ability|p1a: Landorus|Intimidate|boost
|-unboost|p2a: Emboar|atk|1
|move|p2a: Emboar|Knock Off|p1a: Landorus
|-damage|p1a: Landorus|71/100
|-damage|p2a: Emboar|49/100|[from] item: Rocky Helmet|[of] p1a: Landorus
|-enditem|p1a: Landorus|Rocky Helmet|[from] move: Knock Off|[of] p2a: Emboar
|
|upkeep
|turn|4
|
|t:|1759047979
|switch|p2a: Araquanid|Araquanid, M, shiny|100/100
|move|p1a: Landorus|Earthquake|p2a: Araquanid
|-resisted|p2a: Araquanid
|-damage|p2a: Araquanid|76/100
|
|upkeep
|turn|5
|
|t:|1759047990
|move|p1a: Landorus|U-turn|p2a: Araquanid
|-damage|p2a: Araquanid|51/100
|
|t:|1759048000
|switch|p1a: Dragapult|Dragapult, F|100/100|[from] U-turn
|move|p2a: Araquanid|Sticky Web|p1a: Dragapult
|-sidestart|p1: shax6725|move: Sticky Web
|
|upkeep
|turn|6
|
|t:|1759048020
|move|p1a: Dragapult|Draco Meteor|p2a: Araquanid
|-damage|p2a: Araquanid|0 fnt
|-unboost|p1a: Dragapult|spa|2
|faint|p2a: Araquanid
|
|upkeep
|
|t:|1759048030
|switch|p2a: Deoxys|Deoxys-Speed|100/100
|-ability|p2a: Deoxys|Pressure
|turn|7
|
|t:|1759048046
|switch|p1a: Kingambit|Kingambit, F|19/100
|-activate|p1a: Kingambit|move: Sticky Web
|-unboost|p1a: Kingambit|spe|1
|move|p2a: Deoxys|Knock Off|p1a: Kingambit
|-resisted|p1a: Kingambit
|-damage|p1a: Kingambit|10/100
|-enditem|p1a: Kingambit|Leftovers|[from] move: Knock Off|[of] p2a: Deoxys
|
|upkeep
|turn|8
|
|t:|1759048058
|switch|p2a: Iron Treads|Iron Treads|100/100
|move|p1a: Kingambit|Sucker Punch||[still]
|-fail|p1a: Kingambit
|
|upkeep
|turn|9
|
|t:|1759048075
|-end|p1a: Kingambit|fallenundefined|[silent]
|switch|p1a: Ogerpon|Ogerpon-Wellspring, F|100/100
|-activate|p1a: Ogerpon|move: Sticky Web
|-unboost|p1a: Ogerpon|spe|1
|move|p2a: Iron Treads|Stealth Rock|p1a: Ogerpon
|-sidestart|p1: shax6725|move: Stealth Rock
|
|upkeep
|turn|10
|
|t:|1759048095
|move|p2a: Iron Treads|Volt Switch|p1a: Ogerpon
|-damage|p1a: Ogerpon|87/100
|
|t:|1759048098
|-end|p2a: Iron Treads|Quark Drive|[silent]
|switch|p2a: Electivire|Electivire, F|100/100|[from] Volt Switch
|move|p1a: Ogerpon|Ivy Cudgel|p2a: Electivire|[anim] Ivy Cudgel Water
|-damage|p2a: Electivire|2/100
|
|upkeep
|turn|11
|
|t:|1759048119
|switch|p1a: Landorus|Landorus-Therian, M|71/100
|-damage|p1a: Landorus|58/100|[from] Stealth Rock
|-ability|p1a: Landorus|Intimidate|boost
|-unboost|p2a: Electivire|atk|1
|move|p2a: Electivire|Ice Punch|p1a: Landorus
|-supereffective|p1a: Landorus
|-damage|p1a: Landorus|2/100
|
|upkeep
|turn|12
|
|t:|1759048132
|move|p1a: Landorus|Earthquake|p2a: Electivire
|-supereffective|p2a: Electivire
|-damage|p2a: Electivire|0 fnt
|faint|p2a: Electivire
|
|upkeep
|
|t:|1759048140
|switch|p2a: Deoxys|Deoxys-Speed|100/100
|-ability|p2a: Deoxys|Pressure
|turn|13
|
|t:|1759048156
|move|p2a: Deoxys|Knock Off|p1a: Landorus
|-damage|p1a: Landorus|0 fnt
|faint|p1a: Landorus
|
|upkeep
|
|t:|1759048167
|switch|p1a: Kingambit|Kingambit, F|10/100
|-activate|p1a: Kingambit|move: Sticky Web
|-unboost|p1a: Kingambit|spe|1
|-damage|p1a: Kingambit|4/100|[from] Stealth Rock
|-activate|p1a: Kingambit|ability: Supreme Overlord
|-start|p1a: Kingambit|fallen1|[silent]
|turn|14
|
|t:|1759048177
|switch|p2a: Iron Treads|Iron Treads|100/100
|move|p1a: Kingambit|Sucker Punch||[still]
|-fail|p1a: Kingambit
|
|upkeep
|turn|15
|
|t:|1759048190
|move|p2a: Iron Treads|Volt Switch|p1a: Kingambit
|-damage|p1a: Kingambit|0 fnt
|faint|p1a: Kingambit
|-end|p1a: Kingambit|fallen1|[silent]
|
|t:|1759048203
|-end|p2a: Iron Treads|Quark Drive|[silent]
|switch|p2a: Deoxys|Deoxys-Speed|100/100|[from] Volt Switch
|-ability|p2a: Deoxys|Pressure
|
|upkeep
|
|t:|1759048215
|switch|p1a: Dragapult|Dragapult, F|100/100
|-activate|p1a: Dragapult|move: Sticky Web
|-fail|p1a: Dragapult|unboost|[from] ability: Clear Body|[of] p1a: Dragapult
|-damage|p1a: Dragapult|88/100|[from] Stealth Rock
|turn|16
|
|t:|1759048225
|switch|p2a: Gardevoir|Gardevoir, F, shiny|100/100
|-ability|p2a: Gardevoir|Clear Body|Trace|[from] ability: Trace|[of] p1a: Dragapult
|move|p1a: Dragapult|Shadow Ball|p2a: Gardevoir
|-supereffective|p2a: Gardevoir
|-damage|p2a: Gardevoir|37/100
|
|-heal|p2a: Gardevoir|43/100|[from] item: Leftovers
|upkeep
|turn|17
|
|t:|1759048239
|move|p1a: Dragapult|Shadow Ball|p2a: Gardevoir
|-supereffective|p2a: Gardevoir
|-damage|p2a: Gardevoir|0 fnt
|faint|p2a: Gardevoir
|
|upkeep
|
|t:|1759048248
|switch|p2a: Emboar|Emboar, M, shiny|49/100
|turn|18
|
|t:|1759048254
|move|p1a: Dragapult|Shadow Ball|p2a: Emboar
|-damage|p2a: Emboar|0 fnt
|faint|p2a: Emboar
|
|upkeep
|
|t:|1759048260
|switch|p2a: Deoxys|Deoxys-Speed|100/100
|-ability|p2a: Deoxys|Pressure
|turn|19
|
|t:|1759048265
|-terastallize|p2a: Deoxys|Fighting
|move|p2a: Deoxys|Knock Off|p1a: Dragapult
|-supereffective|p1a: Dragapult
|-damage|p1a: Dragapult|16/100
|-enditem|p1a: Dragapult|Choice Specs|[from] move: Knock Off|[of] p2a: Deoxys
|move|p1a: Dragapult|Shadow Ball|p2a: Deoxys
|-damage|p2a: Deoxys|43/100
|
|upkeep
|turn|20
|
|t:|1759048286
|move|p2a: Deoxys|Knock Off|p1a: Dragapult
|-supereffective|p1a: Dragapult
|-damage|p1a: Dragapult|0 fnt
|faint|p1a: Dragapult
|
|upkeep
|
|t:|1759048309
|switch|p1a: Ogerpon|Ogerpon-Wellspring, F|87/100
|-activate|p1a: Ogerpon|move: Sticky Web
|-unboost|p1a: Ogerpon|spe|1
|-damage|p1a: Ogerpon|75/100|[from] Stealth Rock
|turn|21
|
|t:|1759048326
|move|p2a: Deoxys|Superpower|p1a: Ogerpon
|-damage|p1a: Ogerpon|8/100
|-unboost|p2a: Deoxys|atk|1
|-unboost|p2a: Deoxys|def|1
|move|p1a: Ogerpon|Ivy Cudgel|p2a: Deoxys|[anim] Ivy Cudgel Water
|-damage|p2a: Deoxys|0 fnt
|faint|p2a: Deoxys
|
|upkeep
|
|t:|1759048335
|switch|p2a: Iron Treads|Iron Treads|100/100
|turn|22
|
|t:|1759048346
|move|p2a: Iron Treads|Iron Head|p1a: Ogerpon
|-resisted|p1a: Ogerpon
|-damage|p1a: Ogerpon|0 fnt
|faint|p1a: Ogerpon
|
|upkeep
|
|t:|1759048386
|switch|p1a: Iron Valiant|Iron Valiant|100/100
|-activate|p1a: Iron Valiant|move: Sticky Web
|-unboost|p1a: Iron Valiant|spe|1
|-damage|p1a: Iron Valiant|94/100|[from] Stealth Rock
|-enditem|p1a: Iron Valiant|Booster Energy
|-activate|p1a: Iron Valiant|ability: Quark Drive|[fromitem]
|-start|p1a: Iron Valiant|quarkdriveatk
|turn|23
|
|t:|1759048410
|move|p2a: Iron Treads|Iron Head|p1a: Iron Valiant
|-supereffective|p1a: Iron Valiant
|-damage|p1a: Iron Valiant|21/100
|move|p1a: Iron Valiant|Knock Off|p2a: Iron Treads
|-damage|p2a: Iron Treads|74/100
|-enditem|p2a: Iron Treads|Leftovers|[from] move: Knock Off|[of] p1a: Iron Valiant
|
|upkeep
|turn|24
|
|t:|1759048418
|move|p2a: Iron Treads|Iron Head|p1a: Iron Valiant
|-supereffective|p1a: Iron Valiant
|-damage|p1a: Iron Valiant|0 fnt
|faint|p1a: Iron Valiant
|-end|p1a: Iron Valiant|Quark Drive|[silent]
|
|upkeep
|
|t:|1759048423
|switch|p1a: Glimmora|Glimmora, M|100/100
|-activate|p1a: Glimmora|move: Sticky Web
|-unboost|p1a: Glimmora|spe|1
|-damage|p1a: Glimmora|88/100|[from] Stealth Rock
|turn|25
|
|t:|1759048431
|move|p2a: Iron Treads|Iron Head|p1a: Glimmora
|-supereffective|p1a: Glimmora
|-damage|p1a: Glimmora|12/100
|-activate|p1a: Glimmora|ability: Toxic Debris
|-sidestart|p2: alfvaz|move: Toxic Spikes
|cant|p1a: Glimmora|flinch
|
|upkeep
|turn|26
|
|t:|1759048452
|move|p2a: Iron Treads|Iron Head|p1a: Glimmora
|-supereffective|p1a: Glimmora
|-damage|p1a: Glimmora|0 fnt
|-activate|p1a: Glimmora|ability: Toxic Debris
|-sidestart|p2: alfvaz|move: Toxic Spikes
|faint|p1a: Glimmora
|
|win|alfvaz
|raw|shax6725's rating: 1194 &rarr; <strong>1169</strong><br />(-25 for losing)
|raw|alfvaz's rating: 1196 &rarr; <strong>1221</strong><br />(+25 for winning)
|l|☆shax6725
|player|p1|
|l|☆alfvaz
|player|p2|
