|j|☆kinsword
|j|☆wuppygirl
|t:|1758950466
|gametype|singles
|player|p1|kinsword|266|1382
|player|p2|wuppygirl|miku-fire|1382
|gen|9
|tier|[Gen 9] OU
|rated|
|rule|HP Percentage Mod: HP is shown in percentages
|rule|Endless Battle Clause: Forcing endless battles is banned
|rule|Species Clause: Limit one of each Pokémon
|rule|OHKO Clause: OHKO moves are banned
|rule|Evasion Items Clause: Evasion items are banned
|rule|Evasion Moves Clause: Evasion moves are banned
|rule|Evasion Abilities Clause: Evasion abilities are banned
|rule|Sleep Moves Clause: Sleep-inducing moves are banned
|clearpoke
|poke|p1|Pyroar, F|
|poke|p1|Mamoswine, M|
|poke|p1|Araquanid, M|
|poke|p1|Electivire, F|
|poke|p1|Mandibuzz, F|
|poke|p1|Latios, M|
|poke|p2|Dragonite, F|
|poke|p2|Zamazenta-*|
|poke|p2|Landorus-Therian, M|
|poke|p2|Gholdengo|
|poke|p2|Darkrai|
|poke|p2|Hatterene, F|
|teampreview
|inactive|Battle timer is ON: inactive players will automatically lose when time's up. (requested by kinsword)
|
|t:|1758950485
|teamsize|p1|6
|teamsize|p2|6
|start
|switch|p1a: Araquanid|Araquanid, M|100/100
|switch|p2a: Hatterene|Hatterene, F|100/100
|turn|1
|
|t:|1758950497
|move|p1a: Araquanid|Liquidation|p2a: Hatterene
|-damage|p2a: Hatterene|24/100
|move|p2a: Hatterene|Draining Kiss|p1a: Araquanid
|-damage|p1a: Araquanid|78/100
|-heal|p2a: Hatterene|42/100|[from] drain|[of] p1a: Araquanid
|
|upkeep
|turn|2
|-activate|p1a: Araquanid|item: Quick Claw
|
|t:|1758950519
|move|p1a: Araquanid|Liquidation|p2a: Hatterene
|-damage|p2a: Hatterene|0 fnt
|faint|p2a: Hatterene
|
|upkeep
|inactive|wuppygirl has 120 seconds left.
|
|t:|1758950536
|switch|p2a: Dragonite|Dragonite, F|100/100
|turn|3
|-activate|p1a: Araquanid|item: Quick Claw
|
|t:|1758950551
|-terastallize|p2a: Dragonite|Flying
|move|p1a: Araquanid|Sticky Web|p2a: Dragonite
|-sidestart|p2: wuppygirl|move: Sticky Web
|move|p2a: Dragonite|Tera Blast|p1a: Araquanid|[anim] Tera Blast Flying
|-supereffective|p1a: Araquanid
|-damage|p1a: Araquanid|0 fnt
|faint|p1a: Araquanid
|
|upkeep
|c|☆wuppygirl|thats
|c|☆wuppygirl|awesome
|
|t:|1758950563
|switch|p1a: Mamoswine|Mamoswine, M|100/100
|turn|4
|l|☆kinsword
|inactive|kinsword disconnected and has a minute to reconnect!
|player|p1|
|j|☆kinsword
|inactive|kinsword reconnected.
|player|p1|kinsword|266|
|inactive|wuppygirl has 120 seconds left.
|
|t:|1758950603
|switch|p2a: Zamazenta|Zamazenta|100/100
|-activate|p2a: Zamazenta|move: Sticky Web
|-unboost|p2a: Zamazenta|spe|1
|-ability|p2a: Zamazenta|Dauntless Shield|boost
|-boost|p2a: Zamazenta|def|1
|move|p1a: Mamoswine|Icicle Spear|p2a: Zamazenta
|-damage|p2a: Zamazenta|94/100
|-crit|p2a: Zamazenta
|-damage|p2a: Zamazenta|80/100
|-hitcount|p2a: Zamazenta|2
|
|-heal|p2a: Zamazenta|86/100|[from] item: Leftovers
|upkeep
|turn|5
|
|t:|1758950622
|switch|p1a: Mandibuzz|Mandibuzz, F|100/100
|switch|p2a: Darkrai|Darkrai|100/100
|
|upkeep
|turn|6
|
|t:|1758950631
|move|p2a: Darkrai|Taunt|p1a: Mandibuzz
|-start|p1a: Mandibuzz|move: Taunt
|cant|p1a: Mandibuzz|move: Taunt|Toxic
|
|upkeep
|turn|7
|inactive|wuppygirl has 120 seconds left.
|
|t:|1758950646
|switch|p1a: Electivire|Electivire, F|100/100
|move|p2a: Darkrai|Will-O-Wisp|p1a: Electivire
|-status|p1a: Electivire|brn
|
|-damage|p1a: Electivire|94/100 brn|[from] brn
|upkeep
|turn|8
|
|t:|1758950655
|switch|p2a: Landorus|Landorus-Therian, M|100/100
|-ability|p2a: Landorus|Intimidate|boost
|-unboost|p1a: Electivire|atk|1
|move|p1a: Electivire|Substitute|p1a: Electivire
|-start|p1a: Electivire|Substitute
|-damage|p1a: Electivire|70/100 brn
|
|-heal|p1a: Electivire|76/100 brn|[from] item: Leftovers
|-damage|p1a: Electivire|70/100 brn|[from] brn
|upkeep
|turn|9
|
|t:|1758950672
|switch|p2a: Gholdengo|Gholdengo|100/100
|-activate|p2a: Gholdengo|move: Sticky Web
|-unboost|p2a: Gholdengo|spe|1
|move|p1a: Electivire|Ice Punch|p2a: Gholdengo
|-resisted|p2a: Gholdengo
|-damage|p2a: Gholdengo|96/100
|
|-heal|p1a: Electivire|76/100 brn|[from] item: Leftovers
|-damage|p1a: Electivire|70/100 brn|[from] brn
|upkeep
|turn|10
|
|t:|1758950693
|move|p1a: Electivire|Supercell Slam|p2a: Gholdengo
|-damage|p2a: Gholdengo|78/100
|move|p2a: Gholdengo|Nasty Plot|p2a: Gholdengo
|-boost|p2a: Gholdengo|spa|2
|
|-heal|p1a: Electivire|76/100 brn|[from] item: Leftovers
|-damage|p1a: Electivire|70/100 brn|[from] brn
|upkeep
|turn|11
|
|t:|1758950706
|move|p1a: Electivire|Supercell Slam|p2a: Gholdengo
|-damage|p2a: Gholdengo|60/100
|move|p2a: Gholdengo|Make It Rain|p1a: Electivire
|-resisted|p1a: Electivire
|-end|p1a: Electivire|Substitute
|-unboost|p2a: Gholdengo|spa|1
|
|-heal|p1a: Electivire|76/100 brn|[from] item: Leftovers
|-damage|p1a: Electivire|70/100 brn|[from] brn
|upkeep
|turn|12
|
|t:|1758950719
|switch|p1a: Pyroar|Pyroar, F|100/100
|move|p2a: Gholdengo|Make It Rain|p1a: Pyroar
|-resisted|p1a: Pyroar
|-damage|p1a: Pyroar|8/100
|-unboost|p2a: Gholdengo|spa|1
|
|upkeep
|turn|13
|
|t:|1758950746
|move|p1a: Pyroar|Overheat|p2a: Gholdengo
|-supereffective|p2a: Gholdengo
|-damage|p2a: Gholdengo|0 fnt
|-unboost|p1a: Pyroar|spa|2
|faint|p2a: Gholdengo
|
|upkeep
|
|t:|1758950748
|switch|p2a: Dragonite|Dragonite, F, tera:Flying|100/100
|turn|14
|
|t:|1758950756
|switch|p1a: Mandibuzz|Mandibuzz, F|100/100
|move|p2a: Dragonite|Dragon Dance|p2a: Dragonite
|-boost|p2a: Dragonite|atk|1
|-boost|p2a: Dragonite|spe|1
|
|upkeep
|turn|15
|
|t:|1758950767
|move|p2a: Dragonite|Dragon Dance|p2a: Dragonite
|-boost|p2a: Dragonite|atk|1
|-boost|p2a: Dragonite|spe|1
|move|p1a: Mandibuzz|Foul Play|p2a: Dragonite
|-damage|p2a: Dragonite|49/100
|
|upkeep
|turn|16
|
|t:|1758950787
|move|p2a: Dragonite|Tera Blast|p1a: Mandibuzz|[anim] Tera Blast Flying
|-damage|p1a: Mandibuzz|41/100
|move|p1a: Mandibuzz|Foul Play|p2a: Dragonite
|-damage|p2a: Dragonite|0 fnt
|faint|p2a: Dragonite
|
|upkeep
|
|t:|1758950794
|switch|p2a: Darkrai|Darkrai|100/100
|turn|17
|
|t:|1758950800
|move|p2a: Darkrai|Ice Beam|p1a: Mandibuzz
|-supereffective|p1a: Mandibuzz
|-damage|p1a: Mandibuzz|0 fnt
|faint|p1a: Mandibuzz
|
|upkeep
|
|t:|1758950810
|switch|p1a: Latios|Latios, M|100/100
|turn|18
|
|t:|1758950828
|-terastallize|p1a: Latios|Steel
|move|p1a: Latios|Draco Meteor|p2a: Darkrai
|-damage|p2a: Darkrai|14/100
|-unboost|p1a: Latios|spa|2
|move|p2a: Darkrai|Dark Pulse|p1a: Latios
|-damage|p1a: Latios|63/100
|
|upkeep
|turn|19
|inactive|wuppygirl has 120 seconds left.
|
|t:|1758950853
|switch|p2a: Landorus|Landorus-Therian, M|100/100
|-ability|p2a: Landorus|Intimidate|boost
|-unboost|p1a: Latios|atk|1
|move|p1a: Latios|Draco Meteor|p2a: Landorus|[miss]
|-miss|p1a: Latios|p2a: Landorus
|
|upkeep
|turn|20
|inactive|wuppygirl has 120 seconds left.
|
|t:|1758950863
|switch|p1a: Electivire|Electivire, F|70/100 brn
|move|p2a: Landorus|U-turn|p1a: Electivire
|-damage|p1a: Electivire|33/100 brn
|inactive|wuppygirl has 120 seconds left.
|
|t:|1758950876
|switch|p2a: Zamazenta|Zamazenta|86/100|[from] U-turn
|-activate|p2a: Zamazenta|move: Sticky Web
|-unboost|p2a: Zamazenta|spe|1
|
|-heal|p1a: Electivire|39/100 brn|[from] item: Leftovers
|-heal|p2a: Zamazenta|92/100|[from] item: Leftovers
|-damage|p1a: Electivire|33/100 brn|[from] brn
|upkeep
|turn|21
|inactive|wuppygirl has 120 seconds left.
|
|t:|1758950887
|-singleturn|p1a: Electivire|move: Focus Punch
|move|p2a: Zamazenta|Body Press|p1a: Electivire
|-damage|p1a: Electivire|0 fnt
|faint|p1a: Electivire
|
|-heal|p2a: Zamazenta|98/100|[from] item: Leftovers
|upkeep
|
|t:|1758950896
|switch|p1a: Pyroar|Pyroar, F|8/100
|turn|22
|
|t:|1758950901
|switch|p2a: Landorus|Landorus-Therian, M|100/100
|-ability|p2a: Landorus|Intimidate|boost
|-unboost|p1a: Pyroar|atk|1
|move|p1a: Pyroar|Overheat|p2a: Landorus
|-damage|p2a: Landorus|45/100
|-unboost|p1a: Pyroar|spa|2
|
|upkeep
|turn|23
|
|t:|1758950912
|switch|p1a: Latios|Latios, M, tera:Steel|63/100
|move|p2a: Landorus|Stealth Rock|p1a: Latios
|-sidestart|p1: kinsword|move: Stealth Rock
|
|upkeep
|turn|24
|
|t:|1758950920
|move|p1a: Latios|Draco Meteor|p2a: Landorus
|-damage|p2a: Landorus|0 fnt
|-unboost|p1a: Latios|spa|2
|faint|p2a: Landorus
|
|upkeep
|
|t:|1758950923
|switch|p2a: Zamazenta|Zamazenta|98/100
|-activate|p2a: Zamazenta|move: Sticky Web
|-unboost|p2a: Zamazenta|spe|1
|turn|25
|
|t:|1758950930
|switch|p1a: Pyroar|Pyroar, F|8/100
|-damage|p1a: Pyroar|0 fnt|[from] Stealth Rock
|faint|p1a: Pyroar
|move|p2a: Zamazenta|Body Press|p1: Pyroar|[notarget]
|-fail|p2a: Zamazenta
|
|-heal|p2a: Zamazenta|100/100|[from] item: Leftovers
|upkeep
|
|t:|1758950939
|switch|p1a: Latios|Latios, M, tera:Steel|63/100
|-damage|p1a: Latios|57/100|[from] Stealth Rock
|turn|26
|
|t:|1758950944
|move|p1a: Latios|Luster Purge|p2a: Zamazenta
|-supereffective|p2a: Zamazenta
|-damage|p2a: Zamazenta|4/100
|-unboost|p2a: Zamazenta|spd|1
|move|p2a: Zamazenta|Body Press|p1a: Latios
|-supereffective|p1a: Latios
|-damage|p1a: Latios|0 fnt
|faint|p1a: Latios
|
|-heal|p2a: Zamazenta|10/100|[from] item: Leftovers
|upkeep
|
|t:|1758950956
|switch|p1a: Mamoswine|Mamoswine, M|100/100
|-damage|p1a: Mamoswine|88/100|[from] Stealth Rock
|turn|27
|
|t:|1758950961
|move|p1a: Mamoswine|Earthquake|p2a: Zamazenta
|-damage|p2a: Zamazenta|0 fnt
|faint|p2a: Zamazenta
|
|upkeep
|
|t:|1758950964
|switch|p2a: Darkrai|Darkrai|14/100
|turn|28
|
|t:|1758950968
|move|p1a: Mamoswine|Ice Shard|p2a: Darkrai
|-damage|p2a: Darkrai|0 fnt
|faint|p2a: Darkrai
|
|win|kinsword
|raw|kinsword's rating: 1382 &rarr; <strong>1402</strong><br />(+20 for winning)
|raw|wuppygirl's rating: 1382 &rarr; <strong>1362</strong><br />(-20 for losing)
|l|☆kinsword
|player|p1|
|l|☆wuppygirl
|player|p2|
