|j|☆Disfki
|j|☆Gattuso74
|t:|1758953297
|gametype|singles
|player|p1|Disfki|266|1143
|player|p2|Gattuso74|silver-gen2kanto|1164
|gen|9
|tier|[Gen 9] OU
|rated|
|rule|HP Percentage Mod: HP is shown in percentages
|rule|Endless Battle Clause: Forcing endless battles is banned
|rule|Species Clause: Limit one of each Pokémon
|rule|OHKO Clause: OHKO moves are banned
|rule|Evasion Items Clause: Evasion items are banned
|rule|Evasion Moves Clause: Evasion moves are banned
|rule|Evasion Abilities Clause: Evasion abilities are banned
|rule|Sleep Moves Clause: Sleep-inducing moves are banned
|clearpoke
|poke|p1|Blaziken, F|
|poke|p1|Umbreon, M|
|poke|p1|Avalugg, F|
|poke|p1|Manaphy|
|poke|p1|Gholdengo|
|poke|p1|Latios, M|
|poke|p2|Dragonite, M|
|poke|p2|Toxicroak, M|
|poke|p2|Umbreon, F|
|poke|p2|Quagsire, M|
|poke|p2|Infernape, M|
|poke|p2|Mienshao, M|
|teampreview
|inactive|Battle timer is ON: inactive players will automatically lose when time's up. (requested by Gattuso74)
|
|t:|1758953307
|teamsize|p1|6
|teamsize|p2|6
|start
|switch|p1a: Blaziken|Blaziken, F|100/100
|switch|p2a: Mienshao|Mienshao, M|100/100
|turn|1
|
|t:|1758953313
|move|p2a: Mienshao|High Jump Kick|p1a: Blaziken
|-damage|p1a: Blaziken|0 fnt
|faint|p1a: Blaziken
|
|upkeep
|
|t:|1758953324
|switch|p1a: Latios|Latios, M|100/100
|turn|2
|
|t:|1758953327
|switch|p2a: Umbreon|Umbreon, F|100/100
|move|p1a: Latios|Luster Purge|p2a: Umbreon
|-immune|p2a: Umbreon
|
|upkeep
|turn|3
|
|t:|1758953334
|move|p1a: Latios|Draco Meteor|p2a: Umbreon
|-damage|p2a: Umbreon|47/100
|-unboost|p1a: Latios|spa|2
|move|p2a: Umbreon|Foul Play|p1a: Latios
|-supereffective|p1a: Latios
|-damage|p1a: Latios|21/100
|
|-heal|p2a: Umbreon|53/100|[from] item: Leftovers
|upkeep
|turn|4
|
|t:|1758953350
|switch|p1a: Umbreon|Umbreon, M|100/100
|move|p2a: Umbreon|Wish|p2a: Umbreon
|
|-heal|p2a: Umbreon|59/100|[from] item: Leftovers
|upkeep
|turn|5
|
|t:|1758953357
|move|p2a: Umbreon|Toxic|p1a: Umbreon
|-status|p1a: Umbreon|tox
|-activate|p1a: Umbreon|ability: Synchronize
|-status|p2a: Umbreon|tox
|-activate|p2a: Umbreon|ability: Synchronize
|-fail|p1a: Umbreon|tox
|move|p1a: Umbreon|Toxic|p2a: Umbreon|[miss]
|-miss|p1a: Umbreon|p2a: Umbreon
|
|-heal|p2a: Umbreon|100/100 tox|[from] move: Wish|[wisher] Umbreon
|-damage|p2a: Umbreon|94/100 tox|[from] psn
|-damage|p1a: Umbreon|94/100 tox|[from] psn
|upkeep
|turn|6
|
|t:|1758953372
|switch|p2a: Mienshao|Mienshao, M|100/100
|move|p1a: Umbreon|Wish|p1a: Umbreon
|
|-heal|p1a: Umbreon|100/100 tox|[from] item: Leftovers
|-damage|p1a: Umbreon|88/100 tox|[from] psn
|upkeep
|turn|7
|
|t:|1758953382
|move|p1a: Umbreon|Protect|p1a: Umbreon
|-singleturn|p1a: Umbreon|Protect
|move|p2a: Mienshao|U-turn|p1a: Umbreon
|-activate|p1a: Umbreon|move: Protect
|
|-heal|p1a: Umbreon|100/100 tox|[from] move: Wish|[wisher] Umbreon
|-damage|p1a: Umbreon|82/100 tox|[from] psn
|upkeep
|turn|8
|
|t:|1758953391
|move|p2a: Mienshao|U-turn|p1a: Umbreon
|-supereffective|p1a: Umbreon
|-damage|p1a: Umbreon|43/100 tox
|
|t:|1758953394
|switch|p2a: Quagsire|Quagsire, M|100/100|[from] U-turn
|move|p1a: Umbreon|Toxic|p2a: Quagsire
|-status|p2a: Quagsire|tox
|
|-heal|p1a: Umbreon|49/100 tox|[from] item: Leftovers
|-damage|p1a: Umbreon|24/100 tox|[from] psn
|-damage|p2a: Quagsire|94/100 tox|[from] psn
|upkeep
|turn|9
|
|t:|1758953405
|switch|p1a: Manaphy|Manaphy|100/100
|move|p2a: Quagsire|Stealth Rock|p1a: Manaphy
|-sidestart|p1: Disfki|move: Stealth Rock
|
|-damage|p2a: Quagsire|82/100 tox|[from] psn
|upkeep
|turn|10
|
|t:|1758953416
|switch|p2a: Dragonite|Dragonite, M|100/100
|move|p1a: Manaphy|Tail Glow|p1a: Manaphy
|-boost|p1a: Manaphy|spa|3
|
|upkeep
|turn|11
|
|t:|1758953425
|-terastallize|p2a: Dragonite|Steel
|move|p1a: Manaphy|Ice Beam|p2a: Dragonite
|-resisted|p2a: Dragonite
|-damage|p2a: Dragonite|84/100
|move|p2a: Dragonite|Dragon Dance|p2a: Dragonite
|-boost|p2a: Dragonite|atk|1
|-boost|p2a: Dragonite|spe|1
|
|upkeep
|turn|12
|
|t:|1758953434
|move|p2a: Dragonite|Outrage|p1a: Manaphy
|-damage|p1a: Manaphy|0 fnt
|faint|p1a: Manaphy
|
|upkeep
|-message|Disfki forfeited.
|
|win|Gattuso74
|raw|Disfki's rating: 1143 &rarr; <strong>1120</strong><br />(-23 for losing)
|raw|Gattuso74's rating: 1164 &rarr; <strong>1187</strong><br />(+23 for winning)
|l|☆Disfki
|player|p1|
|l|☆Gattuso74
|player|p2|
