|j|☆ilytrix
|j|☆suhui_
|t:|1759033934
|gametype|singles
|player|p1|ilytrix|n-masters|1695
|player|p2|suhui_|170|1684
|gen|9
|tier|[Gen 9] OU
|rated|
|rule|HP Percentage Mod: HP is shown in percentages
|rule|Endless Battle Clause: Forcing endless battles is banned
|rule|Species Clause: Limit one of each Pokémon
|rule|OHKO Clause: OHKO moves are banned
|rule|Evasion Items Clause: Evasion items are banned
|rule|Evasion Moves Clause: Evasion moves are banned
|rule|Evasion Abilities Clause: Evasion abilities are banned
|rule|Sleep Moves Clause: Sleep-inducing moves are banned
|clearpoke
|poke|p1|Ogerpon-Wellspring, F|
|poke|p1|Raging Bolt|
|poke|p1|Latias, F|
|poke|p1|Kyurem|
|poke|p1|Ninetales-Alola, F|
|poke|p1|Iron Moth|
|poke|p2|Glimmora, M|
|poke|p2|Darkrai|
|poke|p2|Raging Bolt|
|poke|p2|Kingambit, F|
|poke|p2|Primarina, F|
|poke|p2|Iron Valiant|
|teampreview
|inactive|Battle timer is ON: inactive players will automatically lose when time's up. (requested by suhui_)
|
|t:|1759033944
|teamsize|p1|6
|teamsize|p2|6
|start
|switch|p1a: rng my ahh|Kyurem|100/100
|switch|p2a: Glimmora|Glimmora, M|100/100
|-ability|p1a: rng my ahh|Pressure
|turn|1
|
|t:|1759033965
|move|p2a: Glimmora|Stealth Rock|p1a: rng my ahh
|-sidestart|p1: ilytrix|move: Stealth Rock
|move|p1a: rng my ahh|Dragon Dance|p1a: rng my ahh
|-boost|p1a: rng my ahh|atk|1
|-boost|p1a: rng my ahh|spe|1
|
|upkeep
|turn|2
|
|t:|1759033970
|move|p1a: rng my ahh|Dragon Dance|p1a: rng my ahh
|-boost|p1a: rng my ahh|atk|1
|-boost|p1a: rng my ahh|spe|1
|move|p2a: Glimmora|Power Gem|p1a: rng my ahh
|-supereffective|p1a: rng my ahh
|-damage|p1a: rng my ahh|22/100
|
|upkeep
|turn|3
|
|t:|1759033978
|move|p1a: rng my ahh|Icicle Spear|p2a: Glimmora
|-damage|p2a: Glimmora|67/100
|-activate|p2a: Glimmora|ability: Toxic Debris
|-sidestart|p1: ilytrix|move: Toxic Spikes
|-damage|p2a: Glimmora|32/100
|-activate|p2a: Glimmora|ability: Toxic Debris
|-sidestart|p1: ilytrix|move: Toxic Spikes
|-damage|p2a: Glimmora|0 fnt
|faint|p2a: Glimmora
|-hitcount|p2: Glimmora|3
|
|upkeep
|
|t:|1759033982
|switch|p2a: Kingambit|Kingambit, F|100/100
|-activate|p2a: Kingambit|ability: Supreme Overlord
|-start|p2a: Kingambit|fallen1|[silent]
|turn|4
|
|t:|1759033986
|move|p1a: rng my ahh|Dragon Dance|p1a: rng my ahh
|-boost|p1a: rng my ahh|atk|1
|-boost|p1a: rng my ahh|spe|1
|move|p2a: Kingambit|Low Kick|p1a: rng my ahh
|-supereffective|p1a: rng my ahh
|-damage|p1a: rng my ahh|0 fnt
|faint|p1a: rng my ahh
|
|upkeep
|
|t:|1759033987
|switch|p1a: MoveMerchant|Iron Moth|100/100
|-damage|p1a: MoveMerchant|76/100|[from] Stealth Rock
|-sideend|p1: ilytrix|move: Toxic Spikes|[of] p1a: MoveMerchant
|-enditem|p1a: MoveMerchant|Booster Energy
|-activate|p1a: MoveMerchant|ability: Quark Drive|[fromitem]
|-start|p1a: MoveMerchant|quarkdrivespe
|turn|5
|
|t:|1759033995
|move|p2a: Kingambit|Sucker Punch|p1a: MoveMerchant
|-damage|p1a: MoveMerchant|0 fnt
|faint|p1a: MoveMerchant
|-end|p1a: MoveMerchant|Quark Drive|[silent]
|
|upkeep
|
|t:|1759033997
|switch|p1a: snow bunny|Ninetales-Alola, F|100/100
|-damage|p1a: snow bunny|76/100|[from] Stealth Rock
|-weather|Snowscape|[from] ability: Snow Warning|[of] p1a: snow bunny
|turn|6
|
|t:|1759034007
|move|p1a: snow bunny|Encore|p2a: Kingambit
|-start|p2a: Kingambit|Encore
|move|p2a: Kingambit|Sucker Punch||[still]
|-fail|p2a: Kingambit
|
|-weather|Snowscape|[upkeep]
|upkeep
|turn|7
|
|t:|1759034014
|-end|p2a: Kingambit|fallen1|[silent]
|switch|p2a: Primarina|Primarina, F|100/100
|move|p1a: snow bunny|Aurora Veil|p1a: snow bunny
|-sidestart|p1: ilytrix|move: Aurora Veil
|
|-weather|Snowscape|[upkeep]
|upkeep
|turn|8
|
|t:|1759034016
|switch|p1a: 50/50|Raging Bolt|100/100
|-damage|p1a: 50/50|88/100|[from] Stealth Rock
|-enditem|p1a: 50/50|Booster Energy
|-activate|p1a: 50/50|ability: Protosynthesis|[fromitem]
|-start|p1a: 50/50|protosynthesisspa
|move|p2a: Primarina|Moonblast|p1a: 50/50
|-supereffective|p1a: 50/50
|-damage|p1a: 50/50|49/100
|
|-weather|Snowscape|[upkeep]
|upkeep
|turn|9
|
|t:|1759034019
|move|p1a: 50/50|Thunderbolt|p2a: Primarina
|-supereffective|p2a: Primarina
|-damage|p2a: Primarina|0 fnt
|faint|p2a: Primarina
|
|-weather|Snowscape|[upkeep]
|upkeep
|
|t:|1759034030
|switch|p2a: Raging Bolt|Raging Bolt|100/100
|-enditem|p2a: Raging Bolt|Booster Energy
|-activate|p2a: Raging Bolt|ability: Protosynthesis|[fromitem]
|-start|p2a: Raging Bolt|protosynthesisspa
|turn|10
|
|t:|1759034032
|move|p2a: Raging Bolt|Dragon Pulse|p1a: 50/50
|-supereffective|p1a: 50/50
|-damage|p1a: 50/50|0 fnt
|faint|p1a: 50/50
|-end|p1a: 50/50|Protosynthesis|[silent]
|
|-weather|none
|upkeep
|
|t:|1759034038
|switch|p1a: Latias|Latias, F|100/100
|-damage|p1a: Latias|88/100|[from] Stealth Rock
|turn|11
|
|t:|1759034053
|-terastallize|p1a: Latias|Steel
|move|p1a: Latias|Agility|p1a: Latias
|-boost|p1a: Latias|spe|2
|move|p2a: Raging Bolt|Calm Mind|p2a: Raging Bolt
|-boost|p2a: Raging Bolt|spa|1
|-boost|p2a: Raging Bolt|spd|1
|
|-heal|p1a: Latias|94/100|[from] item: Leftovers
|upkeep
|turn|12
|
|t:|1759034065
|move|p1a: Latias|Calm Mind|p1a: Latias
|-boost|p1a: Latias|spa|1
|-boost|p1a: Latias|spd|1
|move|p2a: Raging Bolt|Thunderbolt|p1a: Latias
|-damage|p1a: Latias|61/100
|
|-heal|p1a: Latias|67/100|[from] item: Leftovers
|upkeep
|turn|13
|
|t:|1759034074
|move|p1a: Latias|Calm Mind|p1a: Latias
|-boost|p1a: Latias|spa|1
|-boost|p1a: Latias|spd|1
|move|p2a: Raging Bolt|Thunderbolt|p1a: Latias
|-damage|p1a: Latias|45/100
|
|-heal|p1a: Latias|51/100|[from] item: Leftovers
|upkeep
|turn|14
|
|t:|1759034079
|move|p1a: Latias|Stored Power|p2a: Raging Bolt
|-damage|p2a: Raging Bolt|9/100
|move|p2a: Raging Bolt|Thunderbolt|p1a: Latias
|-damage|p1a: Latias|25/100
|
|-heal|p1a: Latias|31/100|[from] item: Leftovers
|-sideend|p1: ilytrix|move: Aurora Veil
|upkeep
|turn|15
|
|t:|1759034082
|move|p1a: Latias|Stored Power|p2a: Raging Bolt
|-damage|p2a: Raging Bolt|0 fnt
|faint|p2a: Raging Bolt
|-end|p2a: Raging Bolt|Protosynthesis|[silent]
|
|-heal|p1a: Latias|37/100|[from] item: Leftovers
|upkeep
|j| rookie Jonathan
|inactive|suhui_ has 120 seconds left.
|
|t:|1759034113
|switch|p2a: Kingambit|Kingambit, F|100/100
|-activate|p2a: Kingambit|ability: Supreme Overlord
|-start|p2a: Kingambit|fallen3|[silent]
|turn|16
|l| rookie Jonathan
|
|t:|1759034126
|move|p1a: Latias|Aura Sphere|p2a: Kingambit
|-supereffective|p2a: Kingambit
|-damage|p2a: Kingambit|0 fnt
|faint|p2a: Kingambit
|-end|p2a: Kingambit|fallen3|[silent]
|
|-heal|p1a: Latias|43/100|[from] item: Leftovers
|upkeep
|inactive|suhui_ has 120 seconds left.
|
|t:|1759034142
|switch|p2a: Darkrai|Darkrai|100/100
|turn|17
|inactive|suhui_ has 120 seconds left.
|
|t:|1759034159
|-terastallize|p2a: Darkrai|Ghost
|move|p1a: Latias|Aura Sphere|p2a: Darkrai
|-immune|p2a: Darkrai
|move|p2a: Darkrai|Focus Blast|p1a: Latias|[miss]
|-miss|p2a: Darkrai|p1a: Latias
|
|-heal|p1a: Latias|49/100|[from] item: Leftovers
|upkeep
|turn|18
|
|t:|1759034166
|move|p1a: Latias|Stored Power|p2a: Darkrai
|-damage|p2a: Darkrai|0 fnt
|faint|p2a: Darkrai
|
|-heal|p1a: Latias|55/100|[from] item: Leftovers
|upkeep
|
|t:|1759034169
|switch|p2a: Iron Valiant|Iron Valiant|100/100
|-enditem|p2a: Iron Valiant|Booster Energy
|-activate|p2a: Iron Valiant|ability: Quark Drive|[fromitem]
|-start|p2a: Iron Valiant|quarkdrivespe
|turn|19
|-message|suhui_ forfeited.
|
|win|ilytrix
|raw|ilytrix's rating: 1695 &rarr; <strong>1714</strong><br />(+19 for winning)
|raw|suhui_'s rating: 1684 &rarr; <strong>1665</strong><br />(-19 for losing)
|l|☆suhui_
|player|p2|
|l|☆ilytrix
|player|p1|
