|j|☆Evilmantube
|j|☆AnatiosTheHungry
|t:|1758955458
|gametype|singles
|player|p1|Evilmantube|blackbelt|1133
|player|p2|AnatiosTheHungry|alder|1152
|gen|9
|tier|[Gen 9] OU
|rated|
|rule|HP Percentage Mod: HP is shown in percentages
|rule|Endless Battle Clause: Forcing endless battles is banned
|rule|Species Clause: Limit one of each Pokémon
|rule|OHKO Clause: OHKO moves are banned
|rule|Evasion Items Clause: Evasion items are banned
|rule|Evasion Moves Clause: Evasion moves are banned
|rule|Evasion Abilities Clause: Evasion abilities are banned
|rule|Sleep Moves Clause: Sleep-inducing moves are banned
|clearpoke
|poke|p1|Dragapult, M|
|poke|p1|Gliscor, M|
|poke|p1|Glimmora, F|
|poke|p1|Ninetales-Alola, F|
|poke|p1|Houndstone, M|
|poke|p1|Scyther, M|
|poke|p2|Goodra-Hisui, F|
|poke|p2|Torterra, M|
|poke|p2|Kingambit, F|
|poke|p2|Garchomp, M|
|poke|p2|Dragapult, M|
|poke|p2|Hawlucha, M|
|teampreview
|inactive|Battle timer is ON: inactive players will automatically lose when time's up. (requested by AnatiosTheHungry)
|
|t:|1758955473
|teamsize|p1|6
|teamsize|p2|6
|start
|switch|p1a: Gliscor|Gliscor, M|100/100
|switch|p2a: Goodra|Goodra-Hisui, F|100/100
|turn|1
|
|t:|1758955480
|move|p1a: Gliscor|Protect|p1a: Gliscor
|-singleturn|p1a: Gliscor|Protect
|move|p2a: Goodra|Surf|p1a: Gliscor
|-activate|p1a: Gliscor|move: Protect
|
|-status|p1a: Gliscor|tox|[from] item: Toxic Orb
|upkeep
|turn|2
|
|t:|1758955502
|switch|p1a: Ninetales|Ninetales-Alola, F|100/100
|-weather|Snowscape|[from] ability: Snow Warning|[of] p1a: Ninetales
|move|p2a: Goodra|Surf|p1a: Ninetales
|-damage|p1a: Ninetales|69/100
|
|-weather|Snowscape|[upkeep]
|upkeep
|turn|3
|
|t:|1758955511
|move|p1a: Ninetales|Aurora Veil|p1a: Ninetales
|-sidestart|p1: Evilmantube|move: Aurora Veil
|move|p2a: Goodra|Flamethrower|p1a: Ninetales
|-supereffective|p1a: Ninetales
|-damage|p1a: Ninetales|40/100
|
|-weather|Snowscape|[upkeep]
|upkeep
|turn|4
|
|t:|1758955519
|switch|p2a: Hawlucha|Hawlucha, M|100/100
|-ability|p2a: Hawlucha|Mold Breaker
|move|p1a: Ninetales|Disable||[still]
|-fail|p1a: Ninetales
|
|-weather|Snowscape|[upkeep]
|upkeep
|turn|5
|
|t:|1758955529
|move|p2a: Hawlucha|Swords Dance|p2a: Hawlucha
|-boost|p2a: Hawlucha|atk|2
|move|p1a: Ninetales|Roar|p2a: Hawlucha
|drag|p2a: Kingambit|Kingambit, F|100/100
|
|-weather|Snowscape|[upkeep]
|upkeep
|turn|6
|
|t:|1758955542
|switch|p1a: Glimmora|Glimmora, F|100/100
|move|p2a: Kingambit|Kowtow Cleave|p1a: Glimmora
|-damage|p1a: Glimmora|73/100
|-activate|p1a: Glimmora|ability: Toxic Debris
|-sidestart|p2: AnatiosTheHungry|move: Toxic Spikes
|
|-weather|none
|upkeep
|turn|7
|
|t:|1758955552
|move|p1a: Glimmora|Stealth Rock|p2a: Kingambit
|-sidestart|p2: AnatiosTheHungry|move: Stealth Rock
|move|p2a: Kingambit|Swords Dance|p2a: Kingambit
|-boost|p2a: Kingambit|atk|2
|
|upkeep
|turn|8
|
|t:|1758955559
|move|p1a: Glimmora|Earth Power|p2a: Kingambit
|-supereffective|p2a: Kingambit
|-damage|p2a: Kingambit|41/100
|move|p2a: Kingambit|Swords Dance|p2a: Kingambit
|-boost|p2a: Kingambit|atk|2
|
|upkeep
|turn|9
|
|t:|1758955569
|move|p2a: Kingambit|Sucker Punch|p1a: Glimmora
|-damage|p1a: Glimmora|3/100
|-activate|p1a: Glimmora|ability: Toxic Debris
|-sidestart|p2: AnatiosTheHungry|move: Toxic Spikes
|move|p1a: Glimmora|Earth Power|p2a: Kingambit
|-supereffective|p2a: Kingambit
|-damage|p2a: Kingambit|0 fnt
|faint|p2a: Kingambit
|-end|p2a: Kingambit|fallenundefined|[silent]
|
|upkeep
|
|t:|1758955580
|switch|p2a: Hawlucha|Hawlucha, M|100/100
|-damage|p2a: Hawlucha|88/100|[from] Stealth Rock
|-ability|p2a: Hawlucha|Mold Breaker
|turn|10
|
|t:|1758955587
|move|p2a: Hawlucha|Drain Punch|p1a: Glimmora
|-damage|p1a: Glimmora|0 fnt
|-heal|p2a: Hawlucha|90/100|[from] drain|[of] p1a: Glimmora
|faint|p1a: Glimmora
|
|-sideend|p1: Evilmantube|move: Aurora Veil
|upkeep
|
|t:|1758955608
|switch|p1a: Gliscor|Gliscor, M|100/100 tox
|turn|11
|
|t:|1758955621
|move|p2a: Hawlucha|Defog|p1a: Gliscor
|-unboost|p1a: Gliscor|evasion|1
|-sideend|p2: AnatiosTheHungry|Toxic Spikes|[from] move: Defog|[of] p2a: Hawlucha
|-sideend|p2: AnatiosTheHungry|Stealth Rock|[from] move: Defog|[of] p2a: Hawlucha
|move|p1a: Gliscor|Fling|p2a: Hawlucha
|-resisted|p2a: Hawlucha
|-damage|p2a: Hawlucha|85/100
|-status|p2a: Hawlucha|tox
|-enditem|p1a: Gliscor|Toxic Orb|[from] move: Fling
|
|-damage|p2a: Hawlucha|79/100 tox|[from] psn
|upkeep
|turn|12
|
|t:|1758955632
|move|p2a: Hawlucha|Swords Dance|p2a: Hawlucha
|-boost|p2a: Hawlucha|atk|2
|move|p1a: Gliscor|Thief|p2a: Hawlucha
|-resisted|p2a: Hawlucha
|-damage|p2a: Hawlucha|70/100 tox
|-enditem|p2a: Hawlucha|Black Belt|[silent]|[from] move: Thief|[of] p1a: Gliscor
|-item|p1a: Gliscor|Black Belt|[from] move: Thief|[of] p2a: Hawlucha
|
|-damage|p2a: Hawlucha|58/100 tox|[from] psn
|upkeep
|turn|13
|
|t:|1758955642
|switch|p1a: Houndstone|Houndstone, M|100/100
|move|p2a: Hawlucha|Swords Dance|p2a: Hawlucha
|-boost|p2a: Hawlucha|atk|2
|
|-damage|p2a: Hawlucha|40/100 tox|[from] psn
|upkeep
|turn|14
|inactive|AnatiosTheHungry has 120 seconds left.
|
|t:|1758955680
|move|p2a: Hawlucha|High Jump Kick|p1a: Houndstone
|-immune|p1a: Houndstone
|-damage|p2a: Hawlucha|0 fnt|[from] highjumpkick
|faint|p2a: Hawlucha
|move|p1a: Houndstone|Night Shade|p2: Hawlucha|[notarget]
|-fail|p1a: Houndstone
|
|upkeep
|
|t:|1758955691
|switch|p2a: Torterra|Torterra, M|100/100
|turn|15
|
|t:|1758955709
|-terastallize|p2a: Torterra|Bug
|move|p2a: Torterra|Shell Smash|p2a: Torterra
|-unboost|p2a: Torterra|def|1
|-unboost|p2a: Torterra|spd|1
|-boost|p2a: Torterra|atk|2
|-boost|p2a: Torterra|spa|2
|-boost|p2a: Torterra|spe|2
|-enditem|p2a: Torterra|White Herb
|-clearnegativeboost|p2a: Torterra|[silent]
|move|p1a: Houndstone|Will-O-Wisp|p2a: Torterra
|-status|p2a: Torterra|brn
|
|-damage|p2a: Torterra|94/100 brn|[from] brn
|upkeep
|turn|16
|inactive|AnatiosTheHungry has 120 seconds left.
|
|t:|1758955724
|move|p2a: Torterra|Headlong Rush|p1a: Houndstone
|-damage|p1a: Houndstone|75/100
|-unboost|p2a: Torterra|def|1
|-unboost|p2a: Torterra|spd|1
|move|p1a: Houndstone|Roar|p2a: Torterra
|drag|p2a: Garchomp|Garchomp, M|100/100
|
|-heal|p1a: Houndstone|81/100|[from] item: Leftovers
|upkeep
|turn|17
|inactive|AnatiosTheHungry has 120 seconds left.
|inactive|AnatiosTheHungry has 90 seconds left.
|
|t:|1758955773
|move|p2a: Garchomp|Earthquake|p1a: Houndstone
|-damage|p1a: Houndstone|12/100
|move|p1a: Houndstone|Will-O-Wisp|p2a: Garchomp
|-status|p2a: Garchomp|brn
|
|-heal|p1a: Houndstone|18/100|[from] item: Leftovers
|-damage|p2a: Garchomp|94/100 brn|[from] brn
|upkeep
|turn|18
|
|t:|1758955785
|switch|p2a: Goodra|Goodra-Hisui, F|100/100
|move|p1a: Houndstone|Protect||[still]
|-fail|p1a: Houndstone
|
|-heal|p1a: Houndstone|24/100|[from] item: Leftovers
|upkeep
|turn|19
|
|t:|1758955806
|move|p1a: Houndstone|Night Shade|p2a: Goodra
|-damage|p2a: Goodra|67/100
|move|p2a: Goodra|Surf|p1a: Houndstone
|-damage|p1a: Houndstone|0 fnt
|faint|p1a: Houndstone
|
|upkeep
|
|t:|1758955815
|switch|p1a: Ninetales|Ninetales-Alola, F|40/100
|-weather|Snowscape|[from] ability: Snow Warning|[of] p1a: Ninetales
|turn|20
|l|☆AnatiosTheHungry
|inactive|AnatiosTheHungry disconnected and has a minute to reconnect!
|player|p2|
|inactive|AnatiosTheHungry has 30 seconds to reconnect!
|inactive|AnatiosTheHungry has 20 seconds to reconnect!
|inactive|AnatiosTheHungry has 15 seconds to reconnect!
|inactive|AnatiosTheHungry has 10 seconds to reconnect!
|inactive|AnatiosTheHungry has 5 seconds to reconnect!
|-message|AnatiosTheHungry lost due to inactivity.
|
|win|Evilmantube
|raw|Evilmantube's rating: 1133 &rarr; <strong>1159</strong><br />(+26 for winning)
|raw|AnatiosTheHungry's rating: 1152 &rarr; <strong>1126</strong><br />(-26 for losing)
|l|☆Evilmantube
|player|p1|
