|j|☆poketrep
|j|‽zeep vs zoop
|t:|1759022174
|gametype|singles
|player|p1|poketrep|swimmerf|1648
|player|p2|zeep vs zoop|iris-gen5bw2|1700
|gen|9
|tier|[Gen 9] OU
|rated|
|rule|HP Percentage Mod: HP is shown in percentages
|rule|Endless Battle Clause: Forcing endless battles is banned
|rule|Species Clause: Limit one of each Pokémon
|rule|OHKO Clause: OHKO moves are banned
|rule|Evasion Items Clause: Evasion items are banned
|rule|Evasion Moves Clause: Evasion moves are banned
|rule|Evasion Abilities Clause: Evasion abilities are banned
|rule|Sleep Moves Clause: Sleep-inducing moves are banned
|clearpoke
|poke|p1|Heatran, M|
|poke|p1|Mandibuzz, F|
|poke|p1|Iron Valiant|
|poke|p1|Latios, M|
|poke|p1|Conkeldurr, M|
|poke|p1|Garchomp, M|
|poke|p2|Dragapult, F|
|poke|p2|Iron Crown|
|poke|p2|Ogerpon-Wellspring, F|
|poke|p2|Corviknight, F|
|poke|p2|Iron Valiant|
|poke|p2|Ting-Lu|
|teampreview
|
|t:|1759022190
|teamsize|p1|6
|teamsize|p2|6
|start
|switch|p1a: Brrrrrrrr|Latios, M|100/100
|switch|p2a: Ogerpon|Ogerpon-Wellspring, F|100/100
|turn|1
|inactive|Battle timer is ON: inactive players will automatically lose when time's up. (requested by zeep vs zoop)
|
|t:|1759022193
|switch|p2a: Ting-Lu|Ting-Lu|100/100
|-ability|p2a: Ting-Lu|Vessel of Ruin
|move|p1a: Brrrrrrrr|Draco Meteor|p2a: Ting-Lu
|-damage|p2a: Ting-Lu|60/100
|-unboost|p1a: Brrrrrrrr|spa|2
|
|upkeep
|turn|2
|
|t:|1759022198
|switch|p1a: Cronk|Conkeldurr, M|100/100
|move|p2a: Ting-Lu|Ruination|p1a: Cronk|[miss]
|-miss|p2a: Ting-Lu|p1a: Cronk
|
|upkeep
|turn|3
|
|t:|1759022203
|move|p1a: Cronk|Knock Off|p2a: Ting-Lu
|-resisted|p2a: Ting-Lu
|-damage|p2a: Ting-Lu|49/100
|-damage|p1a: Cronk|84/100|[from] item: Rocky Helmet|[of] p2a: Ting-Lu
|-enditem|p2a: Ting-Lu|Rocky Helmet|[from] move: Knock Off|[of] p1a: Cronk
|move|p2a: Ting-Lu|Stealth Rock|p1a: Cronk
|-sidestart|p1: poketrep|move: Stealth Rock
|
|upkeep
|turn|4
|
|t:|1759022206
|switch|p2a: Corviknight|Corviknight, F|100/100
|-ability|p2a: Corviknight|Pressure
|move|p1a: Cronk|Knock Off|p2a: Corviknight
|-damage|p2a: Corviknight|76/100
|-damage|p1a: Cronk|68/100|[from] item: Rocky Helmet|[of] p2a: Corviknight
|-enditem|p2a: Corviknight|Rocky Helmet|[from] move: Knock Off|[of] p1a: Cronk
|
|upkeep
|turn|5
|
|t:|1759022209
|move|p2a: Corviknight|Roost|p2a: Corviknight
|-heal|p2a: Corviknight|100/100
|-singleturn|p2a: Corviknight|move: Roost
|move|p1a: Cronk|Drain Punch|p2a: Corviknight
|-supereffective|p2a: Corviknight
|-damage|p2a: Corviknight|49/100
|-heal|p1a: Cronk|92/100|[from] drain|[of] p2a: Corviknight
|
|upkeep
|turn|6
|
|t:|1759022213
|switch|p1a: Turd|Heatran, M|100/100
|-damage|p1a: Turd|88/100|[from] Stealth Rock
|move|p2a: Corviknight|Roost|p2a: Corviknight
|-heal|p2a: Corviknight|99/100
|-singleturn|p2a: Corviknight|move: Roost
|
|-heal|p1a: Turd|94/100|[from] item: Leftovers
|upkeep
|turn|7
|
|t:|1759022218
|switch|p2a: Ting-Lu|Ting-Lu|49/100
|-ability|p2a: Ting-Lu|Vessel of Ruin
|move|p1a: Turd|Magma Storm|p2a: Ting-Lu
|-damage|p2a: Ting-Lu|31/100
|-activate|p2a: Ting-Lu|move: Magma Storm|[of] p1a: Turd
|
|-heal|p1a: Turd|100/100|[from] item: Leftovers
|-damage|p2a: Ting-Lu|19/100|[from] move: Magma Storm|[partiallytrapped]
|upkeep
|turn|8
|
|t:|1759022220
|move|p1a: Turd|Substitute|p1a: Turd
|-start|p1a: Turd|Substitute
|-damage|p1a: Turd|76/100
|move|p2a: Ting-Lu|Earthquake|p1a: Turd
|-supereffective|p1a: Turd
|-end|p1a: Turd|Substitute
|
|-heal|p1a: Turd|82/100|[from] item: Leftovers
|-damage|p2a: Ting-Lu|6/100|[from] move: Magma Storm|[partiallytrapped]
|upkeep
|turn|9
|
|t:|1759022222
|move|p1a: Turd|Earth Power|p2a: Ting-Lu
|-damage|p2a: Ting-Lu|0 fnt
|faint|p2a: Ting-Lu
|
|-heal|p1a: Turd|88/100|[from] item: Leftovers
|upkeep
|
|t:|1759022224
|switch|p2a: Ogerpon|Ogerpon-Wellspring, F|100/100
|turn|10
|
|t:|1759022226
|switch|p1a: Mandby|Mandibuzz, F|100/100
|move|p2a: Ogerpon|Ivy Cudgel|p1a: Mandby|[anim] Ivy Cudgel Water
|-damage|p1a: Mandby|66/100
|
|upkeep
|turn|11
|
|t:|1759022229
|move|p2a: Ogerpon|Taunt|p1a: Mandby
|-start|p1a: Mandby|move: Taunt
|cant|p1a: Mandby|move: Taunt|Roost
|
|upkeep
|turn|12
|
|t:|1759022231
|move|p2a: Ogerpon|Knock Off|p1a: Mandby
|-resisted|p1a: Mandby
|-damage|p1a: Mandby|55/100
|-enditem|p1a: Mandby|Heavy-Duty Boots|[from] move: Knock Off|[of] p2a: Ogerpon
|move|p1a: Mandby|Foul Play|p2a: Ogerpon
|-damage|p2a: Ogerpon|38/100
|
|upkeep
|turn|13
|
|t:|1759022235
|move|p2a: Ogerpon|Ivy Cudgel|p1a: Mandby|[anim] Ivy Cudgel Water
|-crit|p1a: Mandby
|-damage|p1a: Mandby|2/100
|move|p1a: Mandby|U-turn|p2a: Ogerpon
|-supereffective|p2a: Ogerpon
|-damage|p2a: Ogerpon|11/100
|
|t:|1759022250
|switch|p1a: Brrrrrrrr|Latios, M|100/100|[from] U-turn
|-damage|p1a: Brrrrrrrr|88/100|[from] Stealth Rock
|
|upkeep
|turn|14
|
|t:|1759022259
|switch|p2a: Iron Crown|Iron Crown|100/100
|move|p1a: Brrrrrrrr|Shadow Ball|p2a: Iron Crown
|-supereffective|p2a: Iron Crown
|-damage|p2a: Iron Crown|46/100
|
|upkeep
|turn|15
|
|t:|1759022273
|switch|p1a: Mandby|Mandibuzz, F|2/100
|-damage|p1a: Mandby|0 fnt|[from] Stealth Rock
|faint|p1a: Mandby
|-end|p2a: Iron Crown|Quark Drive|[silent]
|switch|p2a: Ogerpon|Ogerpon-Wellspring, F|11/100
|
|upkeep
|
|t:|1759022281
|switch|p1a: Justice|Iron Valiant|100/100
|-damage|p1a: Justice|94/100|[from] Stealth Rock
|-enditem|p1a: Justice|Booster Energy
|-activate|p1a: Justice|ability: Quark Drive|[fromitem]
|-start|p1a: Justice|quarkdrivespe
|turn|16
|inactive|zeep vs zoop has 120 seconds left.
|
|t:|1759022317
|move|p1a: Justice|Close Combat|p2a: Ogerpon
|-damage|p2a: Ogerpon|0 fnt
|-unboost|p1a: Justice|def|1
|-unboost|p1a: Justice|spd|1
|faint|p2a: Ogerpon
|
|upkeep
|
|t:|1759022324
|switch|p2a: Iron Crown|Iron Crown|46/100
|turn|17
|inactive|zeep vs zoop has 120 seconds left.
|
|t:|1759022330
|-terastallize|p2a: Iron Crown|Fairy
|move|p1a: Justice|Knock Off|p2a: Iron Crown
|-resisted|p2a: Iron Crown
|-damage|p2a: Iron Crown|28/100
|-enditem|p2a: Iron Crown|Assault Vest|[from] move: Knock Off|[of] p1a: Justice
|move|p2a: Iron Crown|Tachyon Cutter|p1a: Justice
|-supereffective|p1a: Justice
|-damage|p1a: Justice|0 fnt
|faint|p1a: Justice
|-end|p1a: Justice|Quark Drive|[silent]
|-hitcount|p1: Justice|1
|
|upkeep
|
|t:|1759022337
|switch|p1a: Brrrrrrrr|Latios, M|88/100
|-damage|p1a: Brrrrrrrr|76/100|[from] Stealth Rock
|turn|18
|inactive|zeep vs zoop has 120 seconds left.
|
|t:|1759022359
|-end|p2a: Iron Crown|Quark Drive|[silent]
|switch|p2a: Corviknight|Corviknight, F|99/100
|-ability|p2a: Corviknight|Pressure
|move|p1a: Brrrrrrrr|Luster Purge|p2a: Corviknight
|-resisted|p2a: Corviknight
|-damage|p2a: Corviknight|60/100
|-unboost|p2a: Corviknight|spd|1
|
|upkeep
|turn|19
|
|t:|1759022368
|move|p1a: Brrrrrrrr|Luster Purge|p2a: Corviknight
|-resisted|p2a: Corviknight
|-damage|p2a: Corviknight|5/100
|move|p2a: Corviknight|U-turn|p1a: Brrrrrrrr
|-supereffective|p1a: Brrrrrrrr
|-damage|p1a: Brrrrrrrr|37/100
|
|t:|1759022370
|switch|p2a: Dragapult|Dragapult, F|100/100|[from] U-turn
|
|upkeep
|turn|20
|
|t:|1759022374
|switch|p1a: Turd|Heatran, M|88/100
|-damage|p1a: Turd|76/100|[from] Stealth Rock
|move|p2a: Dragapult|Dragon Darts|p1a: Turd
|-resisted|p1a: Turd
|-damage|p1a: Turd|60/100
|-anim|p2a: Dragapult|Dragon Darts|p1a: Turd
|-resisted|p1a: Turd
|-damage|p1a: Turd|45/100
|
|-heal|p1a: Turd|52/100|[from] item: Leftovers
|upkeep
|turn|21
|
|t:|1759022381
|move|p2a: Dragapult|Dragon Darts|p1a: Turd
|-resisted|p1a: Turd
|-damage|p1a: Turd|37/100
|-anim|p2a: Dragapult|Dragon Darts|p1a: Turd
|-resisted|p1a: Turd
|-damage|p1a: Turd|20/100
|move|p1a: Turd|Magma Storm|p2a: Dragapult
|-resisted|p2a: Dragapult
|-damage|p2a: Dragapult|70/100
|-activate|p2a: Dragapult|move: Magma Storm|[of] p1a: Turd
|
|-heal|p1a: Turd|27/100|[from] item: Leftovers
|-damage|p2a: Dragapult|58/100|[from] move: Magma Storm|[partiallytrapped]
|upkeep
|turn|22
|
|t:|1759022387
|move|p2a: Dragapult|Dragon Darts|p1a: Turd
|-resisted|p1a: Turd
|-damage|p1a: Turd|12/100
|-anim|p2a: Dragapult|Dragon Darts|p1a: Turd
|-resisted|p1a: Turd
|-damage|p1a: Turd|0 fnt
|faint|p1a: Turd
|
|-end|p2a: Dragapult|Magma Storm|[partiallytrapped]|[silent]
|upkeep
|
|t:|1759022393
|switch|p1a: Cronk|Conkeldurr, M|92/100
|-damage|p1a: Cronk|86/100|[from] Stealth Rock
|turn|23
|
|t:|1759022403
|switch|p2a: Corviknight|Corviknight, F|5/100
|-ability|p2a: Corviknight|Pressure
|move|p1a: Cronk|Ice Punch|p2a: Corviknight
|-damage|p2a: Corviknight|0 fnt
|faint|p2a: Corviknight
|
|upkeep
|
|t:|1759022405
|switch|p2a: Iron Crown|Iron Crown, tera:Fairy|28/100
|turn|24
|
|t:|1759022416
|move|p2a: Iron Crown|Psychic Noise|p1a: Cronk
|-supereffective|p1a: Cronk
|-damage|p1a: Cronk|26/100
|-start|p1a: Cronk|move: Heal Block
|move|p1a: Cronk|Poison Jab|p2a: Iron Crown
|-supereffective|p2a: Iron Crown
|-damage|p2a: Iron Crown|0 fnt
|faint|p2a: Iron Crown
|-end|p2a: Iron Crown|Quark Drive|[silent]
|
|upkeep
|
|t:|1759022442
|switch|p2a: Dragapult|Dragapult, F|58/100
|turn|25
|
|t:|1759022453
|switch|p1a: Brrrrrrrr|Latios, M|37/100
|-damage|p1a: Brrrrrrrr|25/100|[from] Stealth Rock
|move|p2a: Dragapult|Dragon Darts|p1a: Brrrrrrrr
|-supereffective|p1a: Brrrrrrrr
|-damage|p1a: Brrrrrrrr|0 fnt
|faint|p1a: Brrrrrrrr
|
|upkeep
|
|t:|1759022457
|switch|p1a: Spike|Garchomp, M|100/100
|-damage|p1a: Spike|94/100|[from] Stealth Rock
|turn|26
|inactive|zeep vs zoop has 120 seconds left.
|
|t:|1759022487
|move|p2a: Dragapult|Dragon Darts|p1a: Spike
|-supereffective|p1a: Spike
|-damage|p1a: Spike|48/100
|-anim|p2a: Dragapult|Dragon Darts|p1a: Spike
|-supereffective|p1a: Spike
|-damage|p1a: Spike|0 fnt
|faint|p1a: Spike
|
|upkeep
|l|☆poketrep
|inactive|poketrep disconnected and has a minute to reconnect!
|player|p1|
|inactive|poketrep has 30 seconds to reconnect!
|inactive|poketrep has 20 seconds to reconnect!
|inactive|poketrep has 15 seconds to reconnect!
|inactive|poketrep has 10 seconds to reconnect!
|inactive|poketrep has 5 seconds to reconnect!
|-message|poketrep lost due to inactivity.
|
|win|zeep vs zoop
|raw|poketrep's rating: 1648 &rarr; <strong>1632</strong><br />(-16 for losing)
|raw|zeep vs zoop's rating: 1719 &rarr; <strong>1735</strong><br />(+16 for winning)
