|j|☆vendivugi
|j|☆stunna_dave
|t:|1759034971
|gametype|singles
|player|p1|vendivugi|1|1136
|player|p2|stunna_dave|swimmer-gen4|1142
|gen|9
|tier|[Gen 9] OU
|rated|
|rule|HP Percentage Mod: HP is shown in percentages
|rule|Endless Battle Clause: Forcing endless battles is banned
|rule|Species Clause: Limit one of each Pokémon
|rule|OHKO Clause: OHKO moves are banned
|rule|Evasion Items Clause: Evasion items are banned
|rule|Evasion Moves Clause: Evasion moves are banned
|rule|Evasion Abilities Clause: Evasion abilities are banned
|rule|Sleep Moves Clause: Sleep-inducing moves are banned
|clearpoke
|poke|p1|Quaquaval, F|
|poke|p1|Tsareena, F|
|poke|p1|Primarina, M|
|poke|p1|Drifblim, F|
|poke|p1|Blastoise, F|
|poke|p1|Flygon, F|
|poke|p2|Corviknight, F|
|poke|p2|Ceruledge, M|
|poke|p2|Samurott-Hisui, M|
|poke|p2|Glimmora, F|
|poke|p2|Garganacl, F|
|poke|p2|Weavile, M|
|teampreview
|inactive|Battle timer is ON: inactive players will automatically lose when time's up. (requested by stunna_dave)
|
|t:|1759034982
|teamsize|p1|6
|teamsize|p2|6
|start
|switch|p1a: Drifblim|Drifblim, F|100/100
|switch|p2a: Glimmora|Glimmora, F|100/100
|turn|1
|
|t:|1759034990
|move|p2a: Glimmora|Power Gem|p1a: Drifblim
|-supereffective|p1a: Drifblim
|-damage|p1a: Drifblim|31/100
|move|p1a: Drifblim|Will-O-Wisp|p2a: Glimmora|[miss]
|-miss|p1a: Drifblim|p2a: Glimmora
|
|-heal|p1a: Drifblim|38/100|[from] item: Leftovers
|upkeep
|turn|2
|
|t:|1759034997
|move|p2a: Glimmora|Power Gem|p1a: Drifblim
|-supereffective|p1a: Drifblim
|-damage|p1a: Drifblim|0 fnt
|faint|p1a: Drifblim
|
|upkeep
|
|t:|1759035026
|switch|p1a: Blastoise|Blastoise, F|100/100
|turn|3
|
|t:|1759035029
|move|p1a: Blastoise|Fake Out|p2a: Glimmora
|-resisted|p2a: Glimmora
|-damage|p2a: Glimmora|96/100
|-activate|p2a: Glimmora|ability: Toxic Debris
|-sidestart|p1: vendivugi|move: Toxic Spikes
|cant|p2a: Glimmora|flinch
|
|upkeep
|turn|4
|
|t:|1759035035
|move|p2a: Glimmora|Energy Ball|p1a: Blastoise
|-supereffective|p1a: Blastoise
|-damage|p1a: Blastoise|42/100
|move|p1a: Blastoise|Water Spout|p2a: Glimmora
|-supereffective|p2a: Glimmora
|-crit|p2a: Glimmora
|-damage|p2a: Glimmora|18/100
|
|upkeep
|turn|5
|
|t:|1759035048
|move|p2a: Glimmora|Energy Ball|p1a: Blastoise
|-supereffective|p1a: Blastoise
|-damage|p1a: Blastoise|0 fnt
|faint|p1a: Blastoise
|
|upkeep
|
|t:|1759035057
|switch|p1a: Flygon|Flygon, F|100/100
|turn|6
|
|t:|1759035067
|move|p1a: Flygon|Dragon Dance|p1a: Flygon
|-boost|p1a: Flygon|atk|1
|-boost|p1a: Flygon|spe|1
|move|p2a: Glimmora|Sludge Wave|p1a: Flygon
|-resisted|p1a: Flygon
|-damage|p1a: Flygon|67/100
|
|upkeep
|turn|7
|
|t:|1759035073
|move|p1a: Flygon|Earthquake|p2a: Glimmora
|-supereffective|p2a: Glimmora
|-damage|p2a: Glimmora|0 fnt
|-activate|p2a: Glimmora|ability: Toxic Debris
|-sidestart|p1: vendivugi|move: Toxic Spikes
|faint|p2a: Glimmora
|
|upkeep
|
|t:|1759035085
|switch|p2a: Ceruledge|Ceruledge, M|100/100
|turn|8
|
|t:|1759035089
|move|p1a: Flygon|Earthquake|p2a: Ceruledge
|-supereffective|p2a: Ceruledge
|-enditem|p2a: Ceruledge|Focus Sash
|-damage|p2a: Ceruledge|1/100
|-ability|p2a: Ceruledge|Weak Armor|boost
|-unboost|p2a: Ceruledge|def|1
|-boost|p2a: Ceruledge|spe|2
|move|p2a: Ceruledge|Swords Dance|p2a: Ceruledge
|-boost|p2a: Ceruledge|atk|2
|
|upkeep
|turn|9
|
|t:|1759035098
|move|p2a: Ceruledge|Shadow Sneak|p1a: Flygon
|-crit|p1a: Flygon
|-damage|p1a: Flygon|0 fnt
|faint|p1a: Flygon
|
|upkeep
|
|t:|1759035107
|switch|p1a: Tsareena|Tsareena, F|100/100
|-status|p1a: Tsareena|tox
|turn|10
|
|t:|1759035111
|move|p2a: Ceruledge|Bitter Blade|p1a: Tsareena
|-supereffective|p1a: Tsareena
|-damage|p1a: Tsareena|0 fnt
|-heal|p2a: Ceruledge|51/100|[from] drain|[of] p1a: Tsareena
|faint|p1a: Tsareena
|
|upkeep
|
|t:|1759035116
|switch|p1a: Quaquaval|Quaquaval, F|100/100
|-status|p1a: Quaquaval|tox
|turn|11
|
|t:|1759035120
|-terastallize|p2a: Ceruledge|Fighting
|move|p1a: Quaquaval|Aqua Jet|p2a: Ceruledge
|-damage|p2a: Ceruledge|0 fnt
|faint|p2a: Ceruledge
|-ability|p1a: Quaquaval|Moxie|boost
|-boost|p1a: Quaquaval|atk|1
|
|-damage|p1a: Quaquaval|94/100 tox|[from] psn
|upkeep
|
|t:|1759035133
|switch|p2a: Corviknight|Corviknight, F|100/100
|-ability|p2a: Corviknight|Pressure
|turn|12
|
|t:|1759035147
|switch|p1a: Primarina|Primarina, M|100/100
|-status|p1a: Primarina|tox
|move|p2a: Corviknight|Body Press|p1a: Primarina
|-resisted|p1a: Primarina
|-damage|p1a: Primarina|87/100 tox
|
|-damage|p1a: Primarina|81/100 tox|[from] psn
|upkeep
|turn|13
|
|t:|1759035157
|move|p2a: Corviknight|U-turn|p1a: Primarina
|-resisted|p1a: Primarina
|-damage|p1a: Primarina|72/100 tox
|
|t:|1759035160
|switch|p2a: Garganacl|Garganacl, F|100/100|[from] U-turn
|move|p1a: Primarina|Psychic Noise|p2a: Garganacl
|-supereffective|p2a: Garganacl
|-damage|p2a: Garganacl|45/100
|-start|p2a: Garganacl|move: Heal Block
|
|-damage|p1a: Primarina|60/100 tox|[from] psn
|upkeep
|turn|14
|
|t:|1759035169
|move|p1a: Primarina|Psychic Noise|p2a: Garganacl
|-supereffective|p2a: Garganacl
|-damage|p2a: Garganacl|0 fnt
|faint|p2a: Garganacl
|
|-damage|p1a: Primarina|42/100 tox|[from] psn
|upkeep
|
|t:|1759035175
|switch|p2a: Weavile|Weavile, M|100/100
|turn|15
|
|t:|1759035178
|move|p2a: Weavile|Fake Out|p1a: Primarina
|-damage|p1a: Primarina|26/100 tox
|cant|p1a: Primarina|flinch
|
|-damage|p1a: Primarina|2/100 tox|[from] psn
|upkeep
|turn|16
|
|t:|1759035185
|move|p2a: Weavile|Ice Shard|p1a: Primarina
|-resisted|p1a: Primarina
|-damage|p1a: Primarina|0 fnt
|faint|p1a: Primarina
|
|upkeep
|
|t:|1759035196
|switch|p1a: Quaquaval|Quaquaval, F|94/100 tox
|turn|17
|
|t:|1759035201
|move|p1a: Quaquaval|Close Combat|p2a: Weavile
|-supereffective|p2a: Weavile
|-damage|p2a: Weavile|0 fnt
|-unboost|p1a: Quaquaval|def|1
|-unboost|p1a: Quaquaval|spd|1
|faint|p2a: Weavile
|-ability|p1a: Quaquaval|Moxie|boost
|-boost|p1a: Quaquaval|atk|1
|
|-damage|p1a: Quaquaval|88/100 tox|[from] psn
|upkeep
|
|t:|1759035212
|switch|p2a: Samurott|Samurott-Hisui, M, shiny|100/100
|turn|18
|
|t:|1759035219
|move|p2a: Samurott|Sacred Sword|p1a: Quaquaval
|-damage|p1a: Quaquaval|24/100 tox
|-damage|p2a: Samurott|91/100|[from] item: Life Orb
|move|p1a: Quaquaval|Close Combat|p2a: Samurott
|-supereffective|p2a: Samurott
|-damage|p2a: Samurott|0 fnt
|-unboost|p1a: Quaquaval|def|1
|-unboost|p1a: Quaquaval|spd|1
|faint|p2a: Samurott
|-ability|p1a: Quaquaval|Moxie|boost
|-boost|p1a: Quaquaval|atk|1
|
|-damage|p1a: Quaquaval|12/100 tox|[from] psn
|upkeep
|
|t:|1759035231
|switch|p2a: Corviknight|Corviknight, F|100/100
|-ability|p2a: Corviknight|Pressure
|turn|19
|
|t:|1759035236
|move|p1a: Quaquaval|Close Combat|p2a: Corviknight
|-damage|p2a: Corviknight|0 fnt
|-unboost|p1a: Quaquaval|def|1
|-unboost|p1a: Quaquaval|spd|1
|-damage|p1a: Quaquaval|0 fnt|[from] item: Rocky Helmet|[of] p2a: Corviknight
|faint|p2a: Corviknight
|faint|p1a: Quaquaval
|
|win|vendivugi
|raw|vendivugi's rating: 1136 &rarr; <strong>1161</strong><br />(+25 for winning)
|raw|stunna_dave's rating: 1142 &rarr; <strong>1117</strong><br />(-25 for losing)
|c|☆vendivugi|lol
|l|☆vendivugi
|player|p1|
|c|☆stunna_dave|wow
|l|☆stunna_dave
|player|p2|
