|j|☆snoosy chan
|j|☆spotifytweaks
|t:|1759070482
|gametype|singles
|player|p1|snoosy chan|roxie|
|player|p2|spotifytweaks|firebreather|
|gen|9
|tier|[Gen 9] OU
|rule|HP Percentage Mod: HP is shown in percentages
|rule|Endless Battle Clause: Forcing endless battles is banned
|rule|Species Clause: Limit one of each Pokémon
|rule|OHKO Clause: OHKO moves are banned
|rule|Evasion Items Clause: Evasion items are banned
|rule|Evasion Moves Clause: Evasion moves are banned
|rule|Evasion Abilities Clause: Evasion abilities are banned
|rule|Sleep Moves Clause: Sleep-inducing moves are banned
|clearpoke
|poke|p1|Ogerpon-Wellspring, F|
|poke|p1|Garganacl, F|
|poke|p1|Great Tusk|
|poke|p1|Dragonite, F|
|poke|p1|Moltres|
|poke|p1|Darkrai|
|poke|p2|Samurott-Hisui, F|
|poke|p2|Gholdengo|
|poke|p2|Kingambit, F|
|poke|p2|Iron Treads|
|poke|p2|Iron Valiant|
|poke|p2|Ogerpon-Wellspring, F|
|teampreview
|inactive|Battle timer is ON: inactive players will automatically lose when time's up. (requested by snoosy chan)
|inactive|spotifytweaks also wants the timer to be on.
|
|t:|1759070496
|teamsize|p1|6
|teamsize|p2|6
|start
|switch|p1a: Ogerpon|Ogerpon-Wellspring, F|100/100
|switch|p2a: Samurott|Samurott-Hisui, F|100/100
|turn|1
|
|t:|1759070510
|move|p1a: Ogerpon|U-turn|p2a: Samurott
|-supereffective|p2a: Samurott
|-damage|p2a: Samurott|25/100
|
|t:|1759070520
|switch|p1a: Darkrai|Darkrai|100/100|[from] U-turn
|move|p2a: Samurott|Ceaseless Edge|p1a: Darkrai
|-resisted|p1a: Darkrai
|-damage|p1a: Darkrai|66/100
|-sidestart|p1: snoosy chan|Spikes
|
|upkeep
|turn|2
|
|t:|1759070537
|switch|p2a: Iron Valiant|Iron Valiant|100/100
|-enditem|p2a: Iron Valiant|Booster Energy
|-activate|p2a: Iron Valiant|ability: Quark Drive|[fromitem]
|-start|p2a: Iron Valiant|quarkdrivespe
|move|p1a: Darkrai|Trick|p2a: Iron Valiant
|-activate|p1a: Darkrai|move: Trick|[of] p2a: Iron Valiant
|-item|p2a: Iron Valiant|Choice Scarf|[from] move: Trick
|-enditem|p1a: Darkrai|Choice Scarf|[silent]|[from] move: Trick
|
|upkeep
|turn|3
|
|t:|1759070547
|switch|p1a: Moltres|Moltres|100/100
|move|p2a: Iron Valiant|Moonblast|p1a: Moltres
|-resisted|p1a: Moltres
|-damage|p1a: Moltres|77/100
|
|upkeep
|turn|4
|
|t:|1759070556
|-end|p2a: Iron Valiant|Quark Drive|[silent]
|switch|p2a: Ogerpon|Ogerpon-Wellspring, F|100/100
|move|p1a: Moltres|Will-O-Wisp|p2a: Ogerpon
|-status|p2a: Ogerpon|brn
|
|-damage|p2a: Ogerpon|95/100 brn|[from] brn
|upkeep
|turn|5
|
|t:|1759070574
|switch|p1a: Dragonite|Dragonite, F|100/100
|move|p2a: Ogerpon|Swords Dance|p2a: Ogerpon
|-boost|p2a: Ogerpon|atk|2
|
|-damage|p2a: Ogerpon|89/100 brn|[from] brn
|upkeep
|turn|6
|
|t:|1759070583
|move|p2a: Ogerpon|Play Rough|p1a: Dragonite
|-supereffective|p1a: Dragonite
|-damage|p1a: Dragonite|64/100
|-unboost|p1a: Dragonite|atk|1
|move|p1a: Dragonite|Dragon Dance|p1a: Dragonite
|-boost|p1a: Dragonite|atk|1
|-boost|p1a: Dragonite|spe|1
|
|-damage|p2a: Ogerpon|83/100 brn|[from] brn
|upkeep
|turn|7
|
|t:|1759070590
|-terastallize|p1a: Dragonite|Normal
|move|p1a: Dragonite|Extreme Speed|p2a: Ogerpon
|-damage|p2a: Ogerpon|23/100 brn
|move|p2a: Ogerpon|Play Rough|p1a: Dragonite
|-damage|p1a: Dragonite|21/100
|
|-damage|p2a: Ogerpon|17/100 brn|[from] brn
|upkeep
|turn|8
|
|t:|1759070598
|switch|p2a: Gholdengo|Gholdengo|100/100
|-item|p2a: Gholdengo|Air Balloon
|move|p1a: Dragonite|Extreme Speed|p2a: Gholdengo
|-immune|p2a: Gholdengo
|
|upkeep
|turn|9
|
|t:|1759070617
|switch|p1a: Moltres|Moltres|77/100
|move|p2a: Gholdengo|Focus Blast|p1a: Moltres
|-resisted|p1a: Moltres
|-damage|p1a: Moltres|53/100
|-unboost|p1a: Moltres|spd|1
|
|upkeep
|turn|10
|
|t:|1759070634
|switch|p1a: Darkrai|Darkrai|66/100
|-damage|p1a: Darkrai|54/100|[from] Spikes
|-terastallize|p2a: Gholdengo|Fighting
|move|p2a: Gholdengo|Psyshock|p1a: Darkrai
|-immune|p1a: Darkrai
|
|upkeep
|turn|11
|
|t:|1759070648
|move|p1a: Darkrai|Sludge Bomb|p2a: Gholdengo
|-damage|p2a: Gholdengo|65/100
|-enditem|p2a: Gholdengo|Air Balloon
|move|p2a: Gholdengo|Focus Blast|p1a: Darkrai
|-supereffective|p1a: Darkrai
|-damage|p1a: Darkrai|0 fnt
|faint|p1a: Darkrai
|
|upkeep
|
|t:|1759070665
|switch|p1a: Dragonite|Dragonite, F, tera:Normal|21/100
|turn|12
|
|t:|1759070669
|move|p1a: Dragonite|Extreme Speed|p2a: Gholdengo
|-damage|p2a: Gholdengo|15/100
|move|p2a: Gholdengo|Psyshock|p1a: Dragonite
|-damage|p1a: Dragonite|0 fnt
|faint|p1a: Dragonite
|
|upkeep
|inactive|snoosy chan has 270 seconds left.
|inactive|snoosy chan has 240 seconds left.
|
|t:|1759070736
|switch|p1a: Great Tusk|Great Tusk|100/100
|turn|13
|
|t:|1759070741
|switch|p2a: Iron Treads|Iron Treads|100/100
|-enditem|p2a: Iron Treads|Booster Energy
|-activate|p2a: Iron Treads|ability: Quark Drive|[fromitem]
|-start|p2a: Iron Treads|quarkdrivespe
|move|p1a: Great Tusk|Rapid Spin|p2a: Iron Treads
|-resisted|p2a: Iron Treads
|-damage|p2a: Iron Treads|92/100
|-boost|p1a: Great Tusk|spe|1
|-sideend|p1: snoosy chan|Spikes|[from] move: Rapid Spin|[of] p1a: Great Tusk
|
|upkeep
|turn|14
|inactive|snoosy chan has 240 seconds left.
|
|t:|1759070755
|move|p2a: Iron Treads|Steel Beam|p1a: Great Tusk
|-damage|p1a: Great Tusk|24/100
|-damage|p2a: Iron Treads|42/100|[from] steelbeam
|move|p1a: Great Tusk|Headlong Rush|p2a: Iron Treads
|-supereffective|p2a: Iron Treads
|-damage|p2a: Iron Treads|0 fnt
|-unboost|p1a: Great Tusk|def|1
|-unboost|p1a: Great Tusk|spd|1
|faint|p2a: Iron Treads
|-end|p2a: Iron Treads|Quark Drive|[silent]
|
|upkeep
|
|t:|1759070762
|switch|p2a: Iron Valiant|Iron Valiant|100/100
|turn|15
|
|t:|1759070766
|-end|p1a: Great Tusk|Protosynthesis|[silent]
|switch|p1a: Garganacl|Garganacl, F|100/100
|move|p2a: Iron Valiant|Shadow Ball|p1a: Garganacl
|-damage|p1a: Garganacl|92/100
|
|-heal|p1a: Garganacl|98/100|[from] item: Leftovers
|upkeep
|turn|16
|
|t:|1759070774
|-end|p2a: Iron Valiant|Quark Drive|[silent]
|switch|p2a: Ogerpon|Ogerpon-Wellspring, F|17/100 brn
|move|p1a: Garganacl|Salt Cure|p2a: Ogerpon
|-damage|p2a: Ogerpon|0 fnt
|faint|p2a: Ogerpon
|
|-heal|p1a: Garganacl|100/100|[from] item: Leftovers
|upkeep
|
|t:|1759070777
|switch|p2a: Kingambit|Kingambit, F|100/100
|-activate|p2a: Kingambit|ability: Supreme Overlord
|-start|p2a: Kingambit|fallen2|[silent]
|turn|17
|
|t:|1759070785
|move|p2a: Kingambit|Kowtow Cleave|p1a: Garganacl
|-damage|p1a: Garganacl|57/100
|move|p1a: Garganacl|Salt Cure|p2a: Kingambit
|-resisted|p2a: Kingambit
|-crit|p2a: Kingambit
|-damage|p2a: Kingambit|92/100
|-start|p2a: Kingambit|Salt Cure
|
|-heal|p1a: Garganacl|64/100|[from] item: Leftovers
|-damage|p2a: Kingambit|67/100|[from] Salt Cure
|upkeep
|turn|18
|
|t:|1759070791
|move|p1a: Garganacl|Protect|p1a: Garganacl
|-singleturn|p1a: Garganacl|Protect
|move|p2a: Kingambit|Kowtow Cleave|p1a: Garganacl
|-activate|p1a: Garganacl|move: Protect
|
|-heal|p1a: Garganacl|70/100|[from] item: Leftovers
|-damage|p2a: Kingambit|42/100|[from] Salt Cure
|upkeep
|turn|19
|
|t:|1759070796
|move|p2a: Kingambit|Iron Head|p1a: Garganacl
|-supereffective|p1a: Garganacl
|-damage|p1a: Garganacl|0 fnt
|faint|p1a: Garganacl
|
|-damage|p2a: Kingambit|17/100|[from] Salt Cure
|upkeep
|inactive|snoosy chan has 270 seconds left.
|
|t:|1759070821
|switch|p1a: Ogerpon|Ogerpon-Wellspring, F|100/100
|turn|20
|
|t:|1759070826
|switch|p1a: Great Tusk|Great Tusk|24/100
|-end|p2a: Kingambit|fallen2|[silent]
|switch|p2a: Gholdengo|Gholdengo, tera:Fighting|15/100
|
|upkeep
|turn|21
|
|t:|1759070832
|move|p1a: Great Tusk|Rapid Spin|p2a: Gholdengo
|-damage|p2a: Gholdengo|0 fnt
|-boost|p1a: Great Tusk|spe|1
|faint|p2a: Gholdengo
|
|upkeep
|
|t:|1759070835
|switch|p2a: Iron Valiant|Iron Valiant|100/100
|turn|22
|
|t:|1759070844
|move|p2a: Iron Valiant|Shadow Ball|p1a: Great Tusk
|-damage|p1a: Great Tusk|0 fnt
|faint|p1a: Great Tusk
|-end|p1a: Great Tusk|Protosynthesis|[silent]
|
|upkeep
|
|t:|1759070855
|switch|p1a: Moltres|Moltres|53/100
|turn|23
|
|t:|1759070860
|move|p2a: Iron Valiant|Shadow Ball|p1a: Moltres
|-damage|p1a: Moltres|28/100
|move|p1a: Moltres|Brave Bird|p2a: Iron Valiant
|-supereffective|p2a: Iron Valiant
|-damage|p2a: Iron Valiant|0 fnt
|faint|p2a: Iron Valiant
|-end|p2a: Iron Valiant|Quark Drive|[silent]
|-damage|p1a: Moltres|3/100|[from] Recoil
|
|upkeep
|
|t:|1759070864
|switch|p2a: Kingambit|Kingambit, F|17/100
|-activate|p2a: Kingambit|ability: Supreme Overlord
|-start|p2a: Kingambit|fallen4|[silent]
|turn|24
|
|t:|1759070868
|move|p1a: Moltres|Will-O-Wisp|p2a: Kingambit
|-status|p2a: Kingambit|brn
|move|p2a: Kingambit|Swords Dance|p2a: Kingambit
|-boost|p2a: Kingambit|atk|2
|
|-damage|p2a: Kingambit|11/100 brn|[from] brn
|upkeep
|turn|25
|
|t:|1759070872
|move|p2a: Kingambit|Sucker Punch||[still]
|-fail|p2a: Kingambit
|move|p1a: Moltres|Roost|p1a: Moltres
|-heal|p1a: Moltres|53/100
|-singleturn|p1a: Moltres|move: Roost
|
|-damage|p2a: Kingambit|5/100 brn|[from] brn
|upkeep
|turn|26
|
|t:|1759070876
|move|p2a: Kingambit|Sucker Punch||[still]
|-fail|p2a: Kingambit
|move|p1a: Moltres|Roost|p1a: Moltres
|-heal|p1a: Moltres|100/100
|-singleturn|p1a: Moltres|move: Roost
|
|-damage|p2a: Kingambit|0 fnt|[from] brn
|faint|p2a: Kingambit
|-end|p2a: Kingambit|fallen4|[silent]
|upkeep
|c|☆spotifytweaks|ggs
|-message|spotifytweaks forfeited.
|
|win|snoosy chan
|c|☆snoosy chan|Gg
