|j|☆GermanDude5
|j|☆drenom
|t:|1758963843
|gametype|singles
|player|p1|GermanDude5|170|1665
|player|p2|drenom|169|1661
|gen|9
|tier|[Gen 9] OU
|rated|
|rule|HP Percentage Mod: HP is shown in percentages
|rule|Endless Battle Clause: Forcing endless battles is banned
|rule|Species Clause: Limit one of each Pokémon
|rule|OHKO Clause: OHKO moves are banned
|rule|Evasion Items Clause: Evasion items are banned
|rule|Evasion Moves Clause: Evasion moves are banned
|rule|Evasion Abilities Clause: Evasion abilities are banned
|rule|Sleep Moves Clause: Sleep-inducing moves are banned
|clearpoke
|poke|p1|Enamorus, F|
|poke|p1|Great Tusk|
|poke|p1|Dragapult, F|
|poke|p1|Alomomola, M|
|poke|p1|Iron Crown|
|poke|p1|Kingambit, M|
|poke|p2|Corviknight, F|
|poke|p2|Sinistcha|
|poke|p2|Muk-Alola, F|
|poke|p2|Kyurem|
|poke|p2|Dondozo, F|
|poke|p2|Clodsire, F|
|teampreview
|inactive|Battle timer is ON: inactive players will automatically lose when time's up. (requested by drenom)
|
|t:|1758963870
|teamsize|p1|6
|teamsize|p2|6
|start
|switch|p1a: Alomomola|Alomomola, M|100/100
|switch|p2a: Kyurem|Kyurem|100/100
|-ability|p2a: Kyurem|Pressure
|turn|1
|
|t:|1758963874
|move|p1a: Alomomola|Protect|p1a: Alomomola
|-singleturn|p1a: Alomomola|Protect
|move|p2a: Kyurem|Substitute|p2a: Kyurem
|-start|p2a: Kyurem|Substitute
|-damage|p2a: Kyurem|76/100
|
|-heal|p2a: Kyurem|82/100|[from] item: Leftovers
|upkeep
|turn|2
|
|t:|1758963879
|move|p2a: Kyurem|Freeze-Dry|p1a: Alomomola
|-supereffective|p1a: Alomomola
|-damage|p1a: Alomomola|41/100
|-status|p1a: Alomomola|frz
|cant|p1a: Alomomola|frz
|
|-heal|p2a: Kyurem|88/100|[from] item: Leftovers
|upkeep
|turn|3
|
|t:|1758963885
|switch|p1a: Iron Crown|Iron Crown|100/100
|move|p2a: Kyurem|Freeze-Dry|p1a: Iron Crown
|-resisted|p1a: Iron Crown
|-damage|p1a: Iron Crown|90/100
|
|-heal|p2a: Kyurem|94/100|[from] item: Leftovers
|upkeep
|turn|4
|
|t:|1758963888
|move|p2a: Kyurem|Protect|p2a: Kyurem
|-singleturn|p2a: Kyurem|Protect
|move|p1a: Iron Crown|Tachyon Cutter|p2a: Kyurem
|-activate|p2a: Kyurem|move: Protect
|
|-heal|p2a: Kyurem|99/100|[from] item: Leftovers
|upkeep
|turn|5
|
|t:|1758963898
|switch|p2a: Corviknight|Corviknight, F|100/100
|-ability|p2a: Corviknight|Pressure
|move|p1a: Iron Crown|Tachyon Cutter|p2a: Corviknight
|-resisted|p2a: Corviknight
|-damage|p2a: Corviknight|87/100
|-resisted|p2a: Corviknight
|-damage|p2a: Corviknight|76/100
|-hitcount|p2a: Corviknight|2
|
|upkeep
|turn|6
|
|t:|1758963910
|move|p1a: Iron Crown|Volt Switch|p2a: Corviknight
|-supereffective|p2a: Corviknight
|-damage|p2a: Corviknight|30/100
|
|t:|1758963913
|-end|p1a: Iron Crown|Quark Drive|[silent]
|switch|p1a: Alomomola|Alomomola, M|74/100 frz|[from] Volt Switch
|move|p2a: Corviknight|U-turn|p1a: Alomomola
|-damage|p1a: Alomomola|66/100 frz
|
|t:|1758963918
|switch|p2a: Clodsire|Clodsire, F|100/100|[from] U-turn
|
|upkeep
|turn|7
|
|t:|1758963924
|-curestatus|p1a: Alomomola|frz|[msg]
|move|p1a: Alomomola|Wish|p1a: Alomomola
|move|p2a: Clodsire|Stealth Rock|p1a: Alomomola
|-sidestart|p1: GermanDude5|move: Stealth Rock
|
|upkeep
|turn|8
|
|t:|1758963940
|move|p1a: Alomomola|Flip Turn|p2a: Clodsire
|-immune|p2a: Clodsire|[from] ability: Water Absorb
|move|p2a: Clodsire|Toxic|p1a: Alomomola
|-status|p1a: Alomomola|tox
|
|-heal|p1a: Alomomola|100/100 tox|[from] move: Wish|[wisher] Alomomola
|-damage|p1a: Alomomola|94/100 tox|[from] psn
|upkeep
|turn|9
|
|t:|1758963946
|switch|p2a: Kyurem|Kyurem|99/100
|-ability|p2a: Kyurem|Pressure
|move|p1a: Alomomola|Wish|p1a: Alomomola
|
|-heal|p2a: Kyurem|100/100|[from] item: Leftovers
|-damage|p1a: Alomomola|82/100 tox|[from] psn
|upkeep
|turn|10
|
|t:|1758963950
|switch|p1a: Iron Crown|Iron Crown|90/100
|-damage|p1a: Iron Crown|84/100|[from] Stealth Rock
|move|p2a: Kyurem|Substitute|p2a: Kyurem
|-start|p2a: Kyurem|Substitute
|-damage|p2a: Kyurem|76/100
|
|-heal|p1a: Iron Crown|100/100|[from] move: Wish|[wisher] Alomomola
|-heal|p2a: Kyurem|82/100|[from] item: Leftovers
|upkeep
|turn|11
|
|t:|1758963953
|move|p2a: Kyurem|Protect|p2a: Kyurem
|-singleturn|p2a: Kyurem|Protect
|move|p1a: Iron Crown|Tachyon Cutter|p2a: Kyurem
|-activate|p2a: Kyurem|move: Protect
|
|-heal|p2a: Kyurem|88/100|[from] item: Leftovers
|upkeep
|turn|12
|
|t:|1758963963
|move|p2a: Kyurem|Protect|p2a: Kyurem
|-singleturn|p2a: Kyurem|Protect
|move|p1a: Iron Crown|Tachyon Cutter|p2a: Kyurem
|-activate|p2a: Kyurem|move: Protect
|
|-heal|p2a: Kyurem|94/100|[from] item: Leftovers
|upkeep
|turn|13
|
|t:|1758963976
|move|p1a: Iron Crown|Tachyon Cutter|p2a: Kyurem
|-supereffective|p2a: Kyurem
|-end|p2a: Kyurem|Substitute
|-supereffective|p2a: Kyurem
|-damage|p2a: Kyurem|47/100
|-hitcount|p2a: Kyurem|2
|move|p2a: Kyurem|Substitute|p2a: Kyurem
|-start|p2a: Kyurem|Substitute
|-damage|p2a: Kyurem|22/100
|
|-heal|p2a: Kyurem|28/100|[from] item: Leftovers
|upkeep
|turn|14
|
|t:|1758963987
|move|p2a: Kyurem|Protect|p2a: Kyurem
|-singleturn|p2a: Kyurem|Protect
|move|p1a: Iron Crown|Psychic Noise|p2a: Kyurem
|-activate|p2a: Kyurem|move: Protect
|
|-heal|p2a: Kyurem|34/100|[from] item: Leftovers
|upkeep
|turn|15
|
|t:|1758964000
|switch|p2a: Clodsire|Clodsire, F|100/100
|move|p1a: Iron Crown|Psychic Noise|p2a: Clodsire
|-supereffective|p2a: Clodsire
|-damage|p2a: Clodsire|60/100
|-start|p2a: Clodsire|move: Heal Block
|
|upkeep
|turn|16
|
|t:|1758964016
|-end|p1a: Iron Crown|Quark Drive|[silent]
|switch|p1a: Great Tusk|Great Tusk|100/100
|switch|p2a: Muk|Muk-Alola, F|100/100
|
|upkeep
|turn|17
|
|t:|1758964025
|switch|p2a: Sinistcha|Sinistcha|100/100
|move|p1a: Great Tusk|Stealth Rock|p2a: Sinistcha
|-sidestart|p2: drenom|move: Stealth Rock
|
|upkeep
|turn|18
|
|t:|1758964043
|-end|p1a: Great Tusk|Protosynthesis|[silent]
|switch|p1a: Dragapult|Dragapult, F|100/100
|-damage|p1a: Dragapult|88/100|[from] Stealth Rock
|move|p2a: Sinistcha|Shadow Ball|p1a: Dragapult
|-supereffective|p1a: Dragapult
|-damage|p1a: Dragapult|8/100
|
|upkeep
|turn|19
|
|t:|1758964052
|switch|p2a: Dondozo|Dondozo, F|100/100
|-damage|p2a: Dondozo|88/100|[from] Stealth Rock
|move|p1a: Dragapult|Draco Meteor|p2a: Dondozo
|-damage|p2a: Dondozo|31/100
|-unboost|p1a: Dragapult|spa|2
|
|-heal|p2a: Dondozo|38/100|[from] item: Leftovers
|upkeep
|turn|20
|
|t:|1758964055
|move|p1a: Dragapult|Draco Meteor|p2a: Dondozo
|-damage|p2a: Dondozo|0 fnt
|-unboost|p1a: Dragapult|spa|2
|faint|p2a: Dondozo
|
|upkeep
|
|t:|1758964061
|switch|p2a: Corviknight|Corviknight, F|30/100
|-damage|p2a: Corviknight|18/100|[from] Stealth Rock
|-ability|p2a: Corviknight|Pressure
|turn|21
|
|t:|1758964077
|switch|p1a: Iron Crown|Iron Crown|100/100
|-damage|p1a: Iron Crown|94/100|[from] Stealth Rock
|move|p2a: Corviknight|Roost|p2a: Corviknight
|-heal|p2a: Corviknight|68/100
|-singleturn|p2a: Corviknight|move: Roost
|
|upkeep
|turn|22
|
|t:|1758964084
|switch|p2a: Muk|Muk-Alola, F|100/100
|-damage|p2a: Muk|88/100|[from] Stealth Rock
|move|p1a: Iron Crown|Future Sight|p2a: Muk
|-start|p1a: Iron Crown|move: Future Sight
|
|upkeep
|turn|23
|
|t:|1758964087
|move|p1a: Iron Crown|Volt Switch|p2a: Muk
|-damage|p2a: Muk|79/100
|
|t:|1758964092
|-end|p1a: Iron Crown|Quark Drive|[silent]
|switch|p1a: Enamorus|Enamorus, F|100/100|[from] Volt Switch
|-damage|p1a: Enamorus|76/100|[from] Stealth Rock
|move|p2a: Muk|Knock Off|p1a: Enamorus
|-resisted|p1a: Enamorus
|-damage|p1a: Enamorus|47/100
|-status|p1a: Enamorus|psn|[from] ability: Poison Touch|[of] p2a: Muk
|-enditem|p1a: Enamorus|Choice Specs|[from] move: Knock Off|[of] p2a: Muk
|
|-damage|p1a: Enamorus|34/100 psn|[from] psn
|upkeep
|turn|24
|
|t:|1758964096
|move|p1a: Enamorus|Earth Power|p2a: Muk
|-supereffective|p2a: Muk
|-damage|p2a: Muk|52/100
|-unboost|p2a: Muk|spd|1
|move|p2a: Muk|Poison Jab|p1a: Enamorus
|-supereffective|p1a: Enamorus
|-damage|p1a: Enamorus|0 fnt
|faint|p1a: Enamorus
|
|-end|p2a: Muk|move: Future Sight
|-immune|p2a: Muk
|upkeep
|
|t:|1758964102
|switch|p1a: Great Tusk|Great Tusk|100/100
|turn|25
|
|t:|1758964108
|switch|p2a: Sinistcha|Sinistcha|100/100
|-damage|p2a: Sinistcha|88/100|[from] Stealth Rock
|move|p1a: Great Tusk|Ice Spinner|p2a: Sinistcha
|-supereffective|p2a: Sinistcha
|-damage|p2a: Sinistcha|48/100
|-enditem|p2a: Sinistcha|Weakness Policy
|-boost|p2a: Sinistcha|atk|2|[from] item: Weakness Policy
|-boost|p2a: Sinistcha|spa|2|[from] item: Weakness Policy
|
|upkeep
|turn|26
|
|t:|1758964113
|-terastallize|p1a: Great Tusk|Ice
|move|p1a: Great Tusk|Ice Spinner|p2a: Sinistcha
|-supereffective|p2a: Sinistcha
|-damage|p2a: Sinistcha|0 fnt
|faint|p2a: Sinistcha
|
|upkeep
|
|t:|1758964120
|switch|p2a: Corviknight|Corviknight, F|68/100
|-damage|p2a: Corviknight|55/100|[from] Stealth Rock
|-ability|p2a: Corviknight|Pressure
|turn|27
|
|t:|1758964125
|-end|p1a: Great Tusk|Protosynthesis|[silent]
|switch|p1a: Alomomola|Alomomola, M|100/100 tox
|move|p2a: Corviknight|Roost|p2a: Corviknight
|-heal|p2a: Corviknight|100/100
|-singleturn|p2a: Corviknight|move: Roost
|
|-damage|p1a: Alomomola|94/100 tox|[from] psn
|upkeep
|turn|28
|
|t:|1758964130
|switch|p2a: Clodsire|Clodsire, F|60/100
|-damage|p2a: Clodsire|54/100|[from] Stealth Rock
|move|p1a: Alomomola|Flip Turn|p2a: Clodsire
|-heal|p2a: Clodsire|79/100|[from] ability: Water Absorb|[of] p1a: Alomomola
|
|-heal|p2a: Clodsire|85/100|[from] item: Black Sludge
|-damage|p1a: Alomomola|82/100 tox|[from] psn
|upkeep
|turn|29
|
|t:|1758964136
|switch|p2a: Corviknight|Corviknight, F|100/100
|-damage|p2a: Corviknight|88/100|[from] Stealth Rock
|-ability|p2a: Corviknight|Pressure
|move|p1a: Alomomola|Wish|p1a: Alomomola
|
|-damage|p1a: Alomomola|64/100 tox|[from] psn
|upkeep
|turn|30
|
|t:|1758964140
|switch|p2a: Clodsire|Clodsire, F|85/100
|-damage|p2a: Clodsire|79/100|[from] Stealth Rock
|switch|p1a: Iron Crown|Iron Crown|94/100
|-damage|p1a: Iron Crown|88/100|[from] Stealth Rock
|
|-heal|p1a: Iron Crown|100/100|[from] move: Wish|[wisher] Alomomola
|-heal|p2a: Clodsire|85/100|[from] item: Black Sludge
|upkeep
|turn|31
|
|t:|1758964148
|move|p1a: Iron Crown|Future Sight|p2a: Clodsire
|-start|p1a: Iron Crown|move: Future Sight
|move|p2a: Clodsire|Earthquake|p1a: Iron Crown
|-supereffective|p1a: Iron Crown
|-damage|p1a: Iron Crown|43/100
|
|-heal|p2a: Clodsire|92/100|[from] item: Black Sludge
|upkeep
|turn|32
|
|t:|1758964156
|-end|p1a: Iron Crown|Quark Drive|[silent]
|switch|p1a: Great Tusk|Great Tusk, tera:Ice|100/100
|switch|p2a: Muk|Muk-Alola, F|52/100
|-damage|p2a: Muk|40/100|[from] Stealth Rock
|
|upkeep
|turn|33
|
|t:|1758964165
|switch|p2a: Corviknight|Corviknight, F|88/100
|-damage|p2a: Corviknight|75/100|[from] Stealth Rock
|-ability|p2a: Corviknight|Pressure
|move|p1a: Great Tusk|Ice Spinner|p2a: Corviknight
|-damage|p2a: Corviknight|51/100
|-damage|p1a: Great Tusk|84/100|[from] item: Rocky Helmet|[of] p2a: Corviknight
|
|-end|p2a: Corviknight|move: Future Sight
|-resisted|p2a: Corviknight
|-damage|p2a: Corviknight|22/100
|upkeep
|turn|34
|
|t:|1758964169
|move|p1a: Great Tusk|Ice Spinner|p2a: Corviknight
|-damage|p2a: Corviknight|0 fnt
|-damage|p1a: Great Tusk|68/100|[from] item: Rocky Helmet|[of] p2a: Corviknight
|faint|p2a: Corviknight
|
|upkeep
|
|t:|1758964175
|switch|p2a: Kyurem|Kyurem|34/100
|-damage|p2a: Kyurem|9/100|[from] Stealth Rock
|-ability|p2a: Kyurem|Pressure
|turn|35
|
|t:|1758964179
|-end|p1a: Great Tusk|Protosynthesis|[silent]
|switch|p1a: Dragapult|Dragapult, F|8/100
|-damage|p1a: Dragapult|0 fnt|[from] Stealth Rock
|faint|p1a: Dragapult
|move|p2a: Kyurem|Protect||[still]
|-fail|p2a: Kyurem
|
|-heal|p2a: Kyurem|15/100|[from] item: Leftovers
|upkeep
|
|t:|1758964184
|switch|p1a: Iron Crown|Iron Crown|43/100
|-damage|p1a: Iron Crown|36/100|[from] Stealth Rock
|turn|36
|
|t:|1758964193
|move|p2a: Kyurem|Protect|p2a: Kyurem
|-singleturn|p2a: Kyurem|Protect
|move|p1a: Iron Crown|Tachyon Cutter|p2a: Kyurem
|-activate|p2a: Kyurem|move: Protect
|
|-heal|p2a: Kyurem|21/100|[from] item: Leftovers
|upkeep
|turn|37
|
|t:|1758964201
|move|p2a: Kyurem|Protect|p2a: Kyurem
|-singleturn|p2a: Kyurem|Protect
|move|p1a: Iron Crown|Psychic Noise|p2a: Kyurem
|-activate|p2a: Kyurem|move: Protect
|
|-heal|p2a: Kyurem|28/100|[from] item: Leftovers
|upkeep
|turn|38
|
|t:|1758964219
|move|p2a: Kyurem|Protect||[still]
|-fail|p2a: Kyurem
|move|p1a: Iron Crown|Tachyon Cutter|p2a: Kyurem
|-supereffective|p2a: Kyurem
|-damage|p2a: Kyurem|0 fnt
|faint|p2a: Kyurem
|-hitcount|p2: Kyurem|1
|
|upkeep
|
|t:|1758964225
|switch|p2a: Clodsire|Clodsire, F|92/100
|-damage|p2a: Clodsire|85/100|[from] Stealth Rock
|turn|39
|
|t:|1758964232
|-end|p1a: Iron Crown|Quark Drive|[silent]
|switch|p1a: Alomomola|Alomomola, M|97/100 tox
|move|p2a: Clodsire|Earthquake|p1a: Alomomola
|-damage|p1a: Alomomola|80/100 tox
|
|-heal|p2a: Clodsire|92/100|[from] item: Black Sludge
|-damage|p1a: Alomomola|73/100 tox|[from] psn
|upkeep
|turn|40
|
|t:|1758964239
|move|p1a: Alomomola|Wish|p1a: Alomomola
|move|p2a: Clodsire|Earthquake|p1a: Alomomola
|-damage|p1a: Alomomola|56/100 tox
|
|-heal|p2a: Clodsire|98/100|[from] item: Black Sludge
|-damage|p1a: Alomomola|44/100 tox|[from] psn
|upkeep
|turn|41
|
|t:|1758964242
|switch|p1a: Great Tusk|Great Tusk, tera:Ice|68/100
|move|p2a: Clodsire|Earthquake|p1a: Great Tusk
|-damage|p1a: Great Tusk|48/100
|
|-heal|p1a: Great Tusk|100/100|[from] move: Wish|[wisher] Alomomola
|-heal|p2a: Clodsire|100/100|[from] item: Black Sludge
|upkeep
|turn|42
|
|t:|1758964246
|-terastallize|p2a: Clodsire|Flying
|move|p1a: Great Tusk|Headlong Rush|p2a: Clodsire
|-immune|p2a: Clodsire
|move|p2a: Clodsire|Toxic|p1a: Great Tusk
|-status|p1a: Great Tusk|tox
|
|-damage|p2a: Clodsire|88/100|[from] item: Black Sludge
|-damage|p1a: Great Tusk|94/100 tox|[from] psn
|upkeep
|turn|43
|
|t:|1758964256
|move|p1a: Great Tusk|Ice Spinner|p2a: Clodsire
|-supereffective|p2a: Clodsire
|-damage|p2a: Clodsire|0 fnt
|faint|p2a: Clodsire
|
|-damage|p1a: Great Tusk|82/100 tox|[from] psn
|upkeep
|-message|drenom forfeited.
|
|win|GermanDude5
|raw|GermanDude5's rating: 1665 &rarr; <strong>1685</strong><br />(+20 for winning)
|raw|drenom's rating: 1661 &rarr; <strong>1641</strong><br />(-20 for losing)
|l|☆drenom
|player|p2|
|c|☆GermanDude5|gg
|l|☆GermanDude5
|player|p1|
