|j|☆pankake69
|j|☆ohjeebus
|t:|1758964485
|gametype|singles
|player|p1|pankake69|hiker-gen4|1455
|player|p2|ohjeebus|koga|1537
|gen|9
|tier|[Gen 9] OU
|rated|
|rule|HP Percentage Mod: HP is shown in percentages
|rule|Endless Battle Clause: Forcing endless battles is banned
|rule|Species Clause: Limit one of each Pokémon
|rule|OHKO Clause: OHKO moves are banned
|rule|Evasion Items Clause: Evasion items are banned
|rule|Evasion Moves Clause: Evasion moves are banned
|rule|Evasion Abilities Clause: Evasion abilities are banned
|rule|Sleep Moves Clause: Sleep-inducing moves are banned
|clearpoke
|poke|p1|Clodsire, F|
|poke|p1|Alomomola, F|
|poke|p1|Dragapult, F|
|poke|p1|Samurott-Hisui, M|
|poke|p1|Scizor, F|
|poke|p1|Darkrai|
|poke|p2|Zamazenta-*|
|poke|p2|Weezing-Galar, M|
|poke|p2|Kingambit, M|
|poke|p2|Weavile, M|
|poke|p2|Ceruledge, M|
|poke|p2|Ting-Lu|
|teampreview
|inactive|Battle timer is ON: inactive players will automatically lose when time's up. (requested by pankake69)
|inactive|ohjeebus also wants the timer to be on.
|
|t:|1758964500
|teamsize|p1|6
|teamsize|p2|6
|start
|switch|p1a: Samurott|Samurott-Hisui, M|100/100
|switch|p2a: Weavile|Weavile, M|100/100
|-ability|p2a: Weavile|Pressure
|turn|1
|
|t:|1758964510
|move|p2a: Weavile|Knock Off|p1a: Samurott
|-resisted|p1a: Samurott
|-damage|p1a: Samurott|70/100
|-enditem|p1a: Samurott|Heavy-Duty Boots|[from] move: Knock Off|[of] p2a: Weavile
|move|p1a: Samurott|Ceaseless Edge|p2a: Weavile
|-resisted|p2a: Weavile
|-damage|p2a: Weavile|64/100
|-sidestart|p2: ohjeebus|Spikes
|
|upkeep
|turn|2
|
|t:|1758964519
|switch|p1a: Alomomola|Alomomola, F|100/100
|move|p2a: Weavile|Swords Dance|p2a: Weavile
|-boost|p2a: Weavile|atk|2
|
|upkeep
|turn|3
|
|t:|1758964524
|move|p2a: Weavile|Knock Off|p1a: Alomomola
|-damage|p1a: Alomomola|53/100
|-enditem|p1a: Alomomola|Heavy-Duty Boots|[from] move: Knock Off|[of] p2a: Weavile
|move|p1a: Alomomola|Flip Turn|p2a: Weavile
|-damage|p2a: Weavile|36/100
|
|t:|1758964532
|switch|p1a: Scizor|Scizor, F|100/100|[from] Flip Turn
|
|upkeep
|turn|4
|
|t:|1758964538
|switch|p2a: Zamazenta|Zamazenta|100/100
|-ability|p2a: Zamazenta|Dauntless Shield|boost
|-boost|p2a: Zamazenta|def|1
|move|p1a: Scizor|Bullet Punch|p2a: Zamazenta
|-damage|p2a: Zamazenta|67/100
|
|upkeep
|turn|5
|
|t:|1758964541
|switch|p1a: Dragapult|Dragapult, F|100/100
|move|p2a: Zamazenta|Close Combat|p1a: Dragapult
|-immune|p1a: Dragapult
|
|upkeep
|turn|6
|
|t:|1758964546
|move|p1a: Dragapult|Will-O-Wisp|p2a: Zamazenta
|-status|p2a: Zamazenta|brn
|move|p2a: Zamazenta|Crunch|p1a: Dragapult
|-supereffective|p1a: Dragapult
|-damage|p1a: Dragapult|66/100
|-unboost|p1a: Dragapult|def|1
|
|-damage|p2a: Zamazenta|61/100 brn|[from] brn
|upkeep
|turn|7
|
|t:|1758964553
|move|p1a: Dragapult|U-turn|p2a: Zamazenta
|-resisted|p2a: Zamazenta
|-damage|p2a: Zamazenta|55/100 brn
|
|t:|1758964557
|switch|p1a: Alomomola|Alomomola, F|87/100|[from] U-turn
|move|p2a: Zamazenta|Crunch|p1a: Alomomola
|-damage|p1a: Alomomola|79/100
|
|-damage|p2a: Zamazenta|49/100 brn|[from] brn
|upkeep
|turn|8
|
|t:|1758964559
|move|p2a: Zamazenta|Close Combat|p1a: Alomomola
|-damage|p1a: Alomomola|63/100
|-unboost|p2a: Zamazenta|def|1
|-unboost|p2a: Zamazenta|spd|1
|move|p1a: Alomomola|Flip Turn|p2a: Zamazenta
|-damage|p2a: Zamazenta|33/100 brn
|
|t:|1758964563
|switch|p1a: Dragapult|Dragapult, F|66/100|[from] Flip Turn
|
|-damage|p2a: Zamazenta|27/100 brn|[from] brn
|upkeep
|turn|9
|
|t:|1758964565
|move|p1a: Dragapult|Hex|p2a: Zamazenta
|-damage|p2a: Zamazenta|0 fnt
|faint|p2a: Zamazenta
|
|upkeep
|
|t:|1758964572
|switch|p2a: Weezing|Weezing-Galar, M|100/100
|-ability|p2a: Weezing|Neutralizing Gas
|-damage|p2a: Weezing|88/100|[from] Spikes
|turn|10
|
|t:|1758964576
|move|p1a: Dragapult|U-turn|p2a: Weezing
|-resisted|p2a: Weezing
|-damage|p2a: Weezing|85/100
|-damage|p1a: Dragapult|49/100|[from] item: Rocky Helmet|[of] p2a: Weezing
|
|t:|1758964583
|switch|p1a: Clodsire|Clodsire, F|100/100|[from] U-turn
|move|p2a: Weezing|Will-O-Wisp|p1a: Clodsire|[miss]
|-miss|p2a: Weezing|p1a: Clodsire
|
|upkeep
|turn|11
|
|t:|1758964587
|move|p2a: Weezing|Will-O-Wisp|p1a: Clodsire|[miss]
|-miss|p2a: Weezing|p1a: Clodsire
|move|p1a: Clodsire|Stealth Rock|p2a: Weezing
|-sidestart|p2: ohjeebus|move: Stealth Rock
|
|upkeep
|turn|12
|
|t:|1758964591
|move|p2a: Weezing|Will-O-Wisp|p1a: Clodsire
|-status|p1a: Clodsire|brn
|move|p1a: Clodsire|Earthquake|p2a: Weezing
|-supereffective|p2a: Weezing
|-damage|p2a: Weezing|67/100
|
|-damage|p1a: Clodsire|94/100 brn|[from] brn
|upkeep
|turn|13
|
|t:|1758964598
|move|p2a: Weezing|Defog|p1a: Clodsire
|-unboost|p1a: Clodsire|evasion|1
|-sideend|p2: ohjeebus|Spikes|[from] move: Defog|[of] p2a: Weezing
|-sideend|p2: ohjeebus|Stealth Rock|[from] move: Defog|[of] p2a: Weezing
|move|p1a: Clodsire|Earthquake|p2a: Weezing
|-supereffective|p2a: Weezing
|-crit|p2a: Weezing
|-damage|p2a: Weezing|39/100
|
|-damage|p1a: Clodsire|88/100 brn|[from] brn
|upkeep
|turn|14
|
|t:|1758964603
|move|p2a: Weezing|Strange Steam|p1a: Clodsire
|-resisted|p1a: Clodsire
|-damage|p1a: Clodsire|81/100 brn
|move|p1a: Clodsire|Stealth Rock|p2a: Weezing
|-sidestart|p2: ohjeebus|move: Stealth Rock
|
|-damage|p1a: Clodsire|75/100 brn|[from] brn
|upkeep
|turn|15
|
|t:|1758964609
|move|p2a: Weezing|Defog|p1a: Clodsire
|-unboost|p1a: Clodsire|evasion|1
|-sideend|p2: ohjeebus|Stealth Rock|[from] move: Defog|[of] p2a: Weezing
|move|p1a: Clodsire|Earthquake|p2a: Weezing
|-supereffective|p2a: Weezing
|-damage|p2a: Weezing|20/100
|
|-damage|p1a: Clodsire|69/100 brn|[from] brn
|upkeep
|turn|16
|
|t:|1758964611
|move|p2a: Weezing|Pain Split|p1a: Clodsire
|-sethp|p1a: Clodsire|42/100 brn|[from] move: Pain Split|[silent]
|-sethp|p2a: Weezing|58/100|[from] move: Pain Split
|move|p1a: Clodsire|Stealth Rock|p2a: Weezing
|-sidestart|p2: ohjeebus|move: Stealth Rock
|
|-damage|p1a: Clodsire|36/100 brn|[from] brn
|upkeep
|turn|17
|
|t:|1758964615
|switch|p1a: Scizor|Scizor, F|100/100
|move|p2a: Weezing|Defog|p1a: Scizor
|-unboost|p1a: Scizor|evasion|1
|-sideend|p2: ohjeebus|Stealth Rock|[from] move: Defog|[of] p2a: Weezing
|
|upkeep
|turn|18
|
|t:|1758964625
|-end|p2a: Weezing|ability: Neutralizing Gas
|switch|p2a: Ting-Lu|Ting-Lu|100/100
|-ability|p2a: Ting-Lu|Vessel of Ruin
|-terastallize|p1a: Scizor|Steel
|move|p1a: Scizor|Bullet Punch|p2a: Ting-Lu
|-damage|p2a: Ting-Lu|66/100
|
|-heal|p2a: Ting-Lu|73/100|[from] item: Leftovers
|upkeep
|turn|19
|
|t:|1758964635
|switch|p1a: Alomomola|Alomomola, F|96/100
|move|p2a: Ting-Lu|Earthquake|p1a: Alomomola
|-damage|p1a: Alomomola|77/100
|
|-heal|p2a: Ting-Lu|79/100|[from] item: Leftovers
|upkeep
|turn|20
|
|t:|1758964639
|move|p2a: Ting-Lu|Earthquake|p1a: Alomomola
|-damage|p1a: Alomomola|56/100
|move|p1a: Alomomola|Flip Turn|p2a: Ting-Lu
|-supereffective|p2a: Ting-Lu
|-damage|p2a: Ting-Lu|60/100
|
|t:|1758964642
|switch|p1a: Scizor|Scizor, F, tera:Steel|100/100|[from] Flip Turn
|
|-heal|p2a: Ting-Lu|66/100|[from] item: Leftovers
|upkeep
|turn|21
|
|t:|1758964647
|switch|p2a: Weezing|Weezing-Galar, M|58/100
|-ability|p2a: Weezing|Neutralizing Gas
|move|p1a: Scizor|U-turn|p2a: Weezing
|-resisted|p2a: Weezing
|-damage|p2a: Weezing|48/100
|-damage|p1a: Scizor|84/100|[from] item: Rocky Helmet|[of] p2a: Weezing
|
|t:|1758964657
|switch|p1a: Samurott|Samurott-Hisui, M|70/100|[from] U-turn
|
|upkeep
|turn|22
|
|t:|1758964661
|move|p1a: Samurott|Razor Shell|p2a: Weezing|[miss]
|-miss|p1a: Samurott|p2a: Weezing
|move|p2a: Weezing|Strange Steam|p1a: Samurott
|-supereffective|p1a: Samurott
|-damage|p1a: Samurott|0 fnt
|faint|p1a: Samurott
|
|upkeep
|
|t:|1758964665
|switch|p1a: Scizor|Scizor, F, tera:Steel|84/100
|turn|23
|
|t:|1758964667
|-end|p2a: Weezing|ability: Neutralizing Gas
|switch|p2a: Ting-Lu|Ting-Lu|66/100
|-ability|p2a: Ting-Lu|Vessel of Ruin
|move|p1a: Scizor|Bullet Punch|p2a: Ting-Lu
|-damage|p2a: Ting-Lu|29/100
|
|-heal|p2a: Ting-Lu|36/100|[from] item: Leftovers
|upkeep
|turn|24
|
|t:|1758964674
|move|p1a: Scizor|Bullet Punch|p2a: Ting-Lu
|-damage|p2a: Ting-Lu|1/100
|move|p2a: Ting-Lu|Earthquake|p1a: Scizor
|-supereffective|p1a: Scizor
|-damage|p1a: Scizor|6/100
|
|-heal|p2a: Ting-Lu|7/100|[from] item: Leftovers
|upkeep
|turn|25
|
|t:|1758964681
|move|p1a: Scizor|Bullet Punch|p2a: Ting-Lu
|-damage|p2a: Ting-Lu|0 fnt
|faint|p2a: Ting-Lu
|
|upkeep
|
|t:|1758964685
|switch|p2a: Ceruledge|Ceruledge, M|100/100
|turn|26
|
|t:|1758964689
|switch|p1a: Alomomola|Alomomola, F|89/100
|move|p2a: Ceruledge|Swords Dance|p2a: Ceruledge
|-boost|p2a: Ceruledge|atk|2
|
|upkeep
|turn|27
|
|t:|1758964694
|move|p2a: Ceruledge|Swords Dance|p2a: Ceruledge
|-boost|p2a: Ceruledge|atk|2
|move|p1a: Alomomola|Flip Turn|p2a: Ceruledge
|-supereffective|p2a: Ceruledge
|-damage|p2a: Ceruledge|46/100
|-ability|p2a: Ceruledge|Weak Armor|boost
|-unboost|p2a: Ceruledge|def|1
|-boost|p2a: Ceruledge|spe|2
|
|t:|1758964709
|switch|p1a: Clodsire|Clodsire, F|36/100 brn|[from] Flip Turn
|
|-damage|p1a: Clodsire|30/100 brn|[from] brn
|upkeep
|turn|28
|
|t:|1758964714
|move|p2a: Ceruledge|Bitter Blade|p1a: Clodsire
|-damage|p1a: Clodsire|0 fnt
|-heal|p2a: Ceruledge|70/100|[from] drain|[of] p1a: Clodsire
|faint|p1a: Clodsire
|
|upkeep
|
|t:|1758964721
|switch|p1a: Alomomola|Alomomola, F|100/100
|turn|29
|
|t:|1758964728
|-terastallize|p2a: Ceruledge|Fairy
|move|p2a: Ceruledge|Tera Blast|p1a: Alomomola|[anim] Tera Blast Fairy
|-damage|p1a: Alomomola|33/100
|move|p1a: Alomomola|Flip Turn|p2a: Ceruledge
|-damage|p2a: Ceruledge|28/100
|-ability|p2a: Ceruledge|Weak Armor|boost
|-unboost|p2a: Ceruledge|def|1
|-boost|p2a: Ceruledge|spe|2
|
|t:|1758964736
|switch|p1a: Scizor|Scizor, F, tera:Steel|6/100|[from] Flip Turn
|
|upkeep
|turn|30
|
|t:|1758964737
|move|p2a: Ceruledge|Shadow Sneak|p1a: Scizor
|-damage|p1a: Scizor|0 fnt
|faint|p1a: Scizor
|
|upkeep
|
|t:|1758964743
|switch|p1a: Alomomola|Alomomola, F|66/100
|turn|31
|
|t:|1758964748
|switch|p1a: Dragapult|Dragapult, F|49/100
|move|p2a: Ceruledge|Bitter Blade|p1a: Dragapult
|-resisted|p1a: Dragapult
|-damage|p1a: Dragapult|0 fnt
|-heal|p2a: Ceruledge|55/100|[from] drain|[of] p1a: Dragapult
|faint|p1a: Dragapult
|
|upkeep
|
|t:|1758964750
|switch|p1a: Alomomola|Alomomola, F|99/100
|turn|32
|
|t:|1758964753
|move|p2a: Ceruledge|Bitter Blade|p1a: Alomomola
|-resisted|p1a: Alomomola
|-damage|p1a: Alomomola|63/100
|-heal|p2a: Ceruledge|88/100|[from] drain|[of] p1a: Alomomola
|move|p1a: Alomomola|Flip Turn|p2a: Ceruledge
|-damage|p2a: Ceruledge|37/100
|-ability|p2a: Ceruledge|Weak Armor|boost
|-unboost|p2a: Ceruledge|def|1
|-boost|p2a: Ceruledge|spe|2
|
|t:|1758964761
|switch|p1a: Darkrai|Darkrai|100/100|[from] Flip Turn
|
|upkeep
|turn|33
|
|t:|1758964763
|switch|p1a: Alomomola|Alomomola, F|96/100
|move|p2a: Ceruledge|Bitter Blade|p1a: Alomomola
|-resisted|p1a: Alomomola
|-damage|p1a: Alomomola|60/100
|-heal|p2a: Ceruledge|70/100|[from] drain|[of] p1a: Alomomola
|
|upkeep
|turn|34
|
|t:|1758964766
|move|p2a: Ceruledge|Tera Blast|p1a: Alomomola|[anim] Tera Blast Fairy
|-damage|p1a: Alomomola|0 fnt
|faint|p1a: Alomomola
|
|upkeep
|-message|pankake69 forfeited.
|
|win|ohjeebus
|raw|pankake69's rating: 1455 &rarr; <strong>1440</strong><br />(-15 for losing)
|raw|ohjeebus's rating: 1537 &rarr; <strong>1552</strong><br />(+15 for winning)
|l|☆pankake69
|player|p1|
