|badge|p1|silver|gen9ou|30-6
|html|<div class="broadcast-red"><strong>This battle is required to be public due to one or more player having a season medal.</strong><br />During the public phase, you can discuss the state of the ladder <a href="/seasondiscussion">in a special chatroom.</a></div>
|uhtml|medal-msg|<div class="broadcast-blue">Curious what those medals under the avatar are? PS now has Ladder Seasons! For more information, check out the <a href="https://www.smogon.com/forums/threads/3740067/">thread on Smogon.</a></div>
|raw|<div class="broadcast-blue"><strong>This battle is required to be public due to a player having a name starting with 'medal'.</div>
|j|☆143forever
|j|☆Light SV
|t:|1758977243
|gametype|singles
|player|p1|143forever|red|1972
|player|p2|Light SV|blue-gen7|1771
|gen|9
|tier|[Gen 9] OU
|rated|
|rule|HP Percentage Mod: HP is shown in percentages
|rule|Endless Battle Clause: Forcing endless battles is banned
|rule|Species Clause: Limit one of each Pokémon
|rule|OHKO Clause: OHKO moves are banned
|rule|Evasion Items Clause: Evasion items are banned
|rule|Evasion Moves Clause: Evasion moves are banned
|rule|Evasion Abilities Clause: Evasion abilities are banned
|rule|Sleep Moves Clause: Sleep-inducing moves are banned
|clearpoke
|poke|p1|Dondozo, F|
|poke|p1|Blissey, F|
|poke|p1|Corviknight, M|
|poke|p1|Weezing-Galar, M|
|poke|p1|Gliscor, M|
|poke|p1|Toxapex, M|
|poke|p2|Kingambit, M|
|poke|p2|Deoxys-Speed|
|poke|p2|Great Tusk|
|poke|p2|Dragonite, M|
|poke|p2|Iron Moth|
|poke|p2|Primarina, M|
|teampreview
|inactive|Battle timer is ON: inactive players will automatically lose when time's up. (requested by Light SV)
|
|t:|1758977264
|teamsize|p1|6
|teamsize|p2|6
|start
|switch|p1a: Gliscor|Gliscor, M|100/100
|switch|p2a: Yoshi|Dragonite, M, shiny|100/100
|turn|1
|j| amefurikoneko
|j| cryyysneasel
|
|t:|1758977270
|move|p1a: Gliscor|Protect|p1a: Gliscor
|-singleturn|p1a: Gliscor|Protect
|move|p2a: Yoshi|Ice Spinner|p1a: Gliscor
|-activate|p1a: Gliscor|move: Protect
|
|-status|p1a: Gliscor|tox|[from] item: Toxic Orb
|upkeep
|turn|2
|
|t:|1758977275
|switch|p1a: Toxapex|Toxapex, M|100/100
|move|p2a: Yoshi|Ice Spinner|p1a: Toxapex
|-resisted|p1a: Toxapex
|-damage|p1a: Toxapex|81/100
|
|-heal|p1a: Toxapex|88/100|[from] item: Leftovers
|upkeep
|turn|3
|
|t:|1758977280
|switch|p2a: Anomаly|Iron Moth|100/100
|-enditem|p2a: Anomаly|Booster Energy
|-activate|p2a: Anomаly|ability: Quark Drive|[fromitem]
|-start|p2a: Anomаly|quarkdrivespe
|move|p1a: Toxapex|Toxic Spikes|p2a: Anomаly
|-sidestart|p2: Light SV|move: Toxic Spikes
|
|-heal|p1a: Toxapex|94/100|[from] item: Leftovers
|upkeep
|turn|4
|
|t:|1758977284
|switch|p1a: Blissey|Blissey, F|100/100
|move|p2a: Anomаly|Fiery Dance|p1a: Blissey
|-damage|p1a: Blissey|89/100
|-boost|p2a: Anomаly|spa|1
|
|-heal|p1a: Blissey|95/100|[from] item: Leftovers
|upkeep
|turn|5
|
|t:|1758977286
|move|p2a: Anomаly|Toxic Spikes|p1a: Blissey
|-sidestart|p1: 143forever|move: Toxic Spikes
|move|p1a: Blissey|Seismic Toss|p2a: Anomаly
|-damage|p2a: Anomаly|67/100
|
|-heal|p1a: Blissey|100/100|[from] item: Leftovers
|upkeep
|turn|6
|j| Haqlifbrax
|
|t:|1758977291
|-end|p2a: Anomаly|Quark Drive|[silent]
|switch|p2a: Yoshi|Dragonite, M, shiny|100/100
|move|p1a: Blissey|Seismic Toss|p2a: Yoshi
|-damage|p2a: Yoshi|70/100
|
|upkeep
|turn|7
|
|t:|1758977296
|switch|p1a: Weezing|Weezing-Galar, M|100/100
|-ability|p1a: Weezing|Neutralizing Gas
|-sideend|p1: 143forever|move: Toxic Spikes|[of] p1a: Weezing
|move|p2a: Yoshi|Outrage|p1a: Weezing
|-immune|p1a: Weezing
|
|upkeep
|turn|8
|
|t:|1758977305
|switch|p2a: Anomаly|Iron Moth|67/100
|-sideend|p2: Light SV|move: Toxic Spikes|[of] p2a: Anomаly
|move|p1a: Weezing|Sludge Bomb|p2a: Anomаly
|-resisted|p2a: Anomаly
|-damage|p2a: Anomаly|53/100
|
|upkeep
|turn|9
|
|t:|1758977309
|-end|p2a: Anomаly|Quark Drive|[silent]
|switch|p2a: Siren|Primarina, M|100/100
|-end|p1a: Weezing|ability: Neutralizing Gas
|switch|p1a: Toxapex|Toxapex, M|100/100
|
|upkeep
|turn|10
|
|t:|1758977315
|-terastallize|p2a: Siren|Poison
|move|p2a: Siren|Whirlpool|p1a: Toxapex
|-resisted|p1a: Toxapex
|-damage|p1a: Toxapex|94/100
|-activate|p1a: Toxapex|move: Whirlpool|[of] p2a: Siren
|move|p1a: Toxapex|Toxic|p2a: Siren
|-immune|p2a: Siren
|
|-heal|p1a: Toxapex|100/100|[from] item: Leftovers
|-damage|p1a: Toxapex|88/100|[from] move: Whirlpool|[partiallytrapped]
|upkeep
|turn|11
|j| TheMysteriousBoy
|
|t:|1758977324
|move|p2a: Siren|Psychic Noise|p1a: Toxapex
|-supereffective|p1a: Toxapex
|-damage|p1a: Toxapex|52/100
|-start|p1a: Toxapex|move: Heal Block
|move|p1a: Toxapex|Toxic Spikes|p2a: Siren
|-sidestart|p2: Light SV|move: Toxic Spikes
|
|-damage|p1a: Toxapex|40/100|[from] move: Whirlpool|[partiallytrapped]
|upkeep
|turn|12
|
|t:|1758977328
|move|p2a: Siren|Psychic Noise|p1a: Toxapex
|-supereffective|p1a: Toxapex
|-damage|p1a: Toxapex|6/100
|move|p1a: Toxapex|Toxic|p2a: Siren
|-immune|p2a: Siren
|
|-damage|p1a: Toxapex|0 fnt|[from] move: Whirlpool|[partiallytrapped]
|faint|p1a: Toxapex
|upkeep
|
|t:|1758977335
|switch|p1a: Blissey|Blissey, F|100/100
|turn|13
|
|t:|1758977338
|move|p2a: Siren|Whirlpool|p1a: Blissey
|-damage|p1a: Blissey|94/100
|-activate|p1a: Blissey|move: Whirlpool|[of] p2a: Siren
|move|p1a: Blissey|Seismic Toss|p2a: Siren
|-damage|p2a: Siren|69/100
|
|-heal|p1a: Blissey|100/100|[from] item: Leftovers
|-damage|p1a: Blissey|88/100|[from] move: Whirlpool|[partiallytrapped]
|upkeep
|turn|14
|j| firecharmander004
|j| seer boy
|
|t:|1758977346
|move|p2a: Siren|Psychic Noise|p1a: Blissey
|-damage|p1a: Blissey|79/100
|-start|p1a: Blissey|move: Heal Block
|move|p1a: Blissey|Seismic Toss|p2a: Siren
|-damage|p2a: Siren|38/100
|
|-damage|p1a: Blissey|66/100|[from] move: Whirlpool|[partiallytrapped]
|upkeep
|turn|15
|
|t:|1758977350
|move|p2a: Siren|Moonblast|p1a: Blissey
|-crit|p1a: Blissey
|-damage|p1a: Blissey|39/100
|move|p1a: Blissey|Seismic Toss|p2a: Siren
|-damage|p2a: Siren|7/100
|
|-damage|p1a: Blissey|27/100|[from] move: Whirlpool|[partiallytrapped]
|-end|p1a: Blissey|move: Heal Block
|upkeep
|turn|16
|
|t:|1758977354
|move|p2a: Siren|Psychic Noise|p1a: Blissey
|-damage|p1a: Blissey|18/100
|-start|p1a: Blissey|move: Heal Block
|move|p1a: Blissey|Seismic Toss|p2a: Siren
|-damage|p2a: Siren|0 fnt
|faint|p2a: Siren
|
|-end|p1a: Blissey|Whirlpool|[partiallytrapped]|[silent]
|upkeep
|
|t:|1758977359
|switch|p2a: Anomаly|Iron Moth|53/100
|-sideend|p2: Light SV|move: Toxic Spikes|[of] p2a: Anomаly
|turn|17
|
|t:|1758977367
|switch|p1a: Gliscor|Gliscor, M|100/100 tox
|move|p2a: Anomаly|Fiery Dance|p1a: Gliscor
|-damage|p1a: Gliscor|59/100 tox
|-boost|p2a: Anomаly|spa|1
|
|-heal|p1a: Gliscor|72/100 tox|[from] ability: Poison Heal
|upkeep
|turn|18
|
|t:|1758977372
|move|p1a: Gliscor|Protect|p1a: Gliscor
|-singleturn|p1a: Gliscor|Protect
|move|p2a: Anomаly|Fiery Dance|p1a: Gliscor
|-activate|p1a: Gliscor|move: Protect
|
|-heal|p1a: Gliscor|84/100 tox|[from] ability: Poison Heal
|upkeep
|turn|19
|
|t:|1758977374
|move|p2a: Anomаly|Fiery Dance|p1a: Gliscor
|-damage|p1a: Gliscor|18/100 tox
|move|p1a: Gliscor|Earthquake|p2a: Anomаly
|-supereffective|p2a: Anomаly
|-damage|p2a: Anomаly|0 fnt
|faint|p2a: Anomаly
|-end|p2a: Anomаly|Quark Drive|[silent]
|
|-heal|p1a: Gliscor|30/100 tox|[from] ability: Poison Heal
|upkeep
|j| wgw2333
|
|t:|1758977396
|switch|p2a: Anomaly|Great Tusk|100/100
|-enditem|p2a: Anomaly|Booster Energy
|-activate|p2a: Anomaly|ability: Protosynthesis|[fromitem]
|-start|p2a: Anomaly|protosynthesisatk
|turn|20
|
|t:|1758977403
|move|p1a: Gliscor|Protect|p1a: Gliscor
|-singleturn|p1a: Gliscor|Protect
|move|p2a: Anomaly|Ice Spinner|p1a: Gliscor
|-activate|p1a: Gliscor|move: Protect
|
|-heal|p1a: Gliscor|43/100 tox|[from] ability: Poison Heal
|upkeep
|turn|21
|j| seiko leich
|
|t:|1758977409
|switch|p1a: Corviknight|Corviknight, M|100/100
|-ability|p1a: Corviknight|Pressure
|move|p2a: Anomaly|Ice Spinner|p1a: Corviknight
|-damage|p1a: Corviknight|80/100
|
|-heal|p1a: Corviknight|86/100|[from] item: Leftovers
|upkeep
|turn|22
|
|t:|1758977412
|move|p2a: Anomaly|Close Combat|p1a: Corviknight
|-damage|p1a: Corviknight|39/100
|-unboost|p2a: Anomaly|def|1
|-unboost|p2a: Anomaly|spd|1
|move|p1a: Corviknight|Iron Defense|p1a: Corviknight
|-boost|p1a: Corviknight|def|2
|
|-heal|p1a: Corviknight|45/100|[from] item: Leftovers
|upkeep
|turn|23
|
|t:|1758977415
|-end|p2a: Anomaly|Protosynthesis|[silent]
|switch|p2a: Moebius|Deoxys-Speed|100/100
|-ability|p2a: Moebius|Pressure
|move|p1a: Corviknight|Roost|p1a: Corviknight
|-heal|p1a: Corviknight|95/100
|-singleturn|p1a: Corviknight|move: Roost
|
|-heal|p1a: Corviknight|100/100|[from] item: Leftovers
|upkeep
|turn|24
|
|t:|1758977418
|move|p2a: Moebius|Nasty Plot|p2a: Moebius
|-boost|p2a: Moebius|spa|2
|move|p1a: Corviknight|Body Press|p2a: Moebius
|-resisted|p2a: Moebius
|-damage|p2a: Moebius|59/100
|
|upkeep
|turn|25
|
|t:|1758977420
|switch|p1a: Weezing|Weezing-Galar, M|100/100
|-ability|p1a: Weezing|Neutralizing Gas
|move|p2a: Moebius|Shadow Ball|p1a: Weezing
|-damage|p1a: Weezing|17/100
|-unboost|p1a: Weezing|spd|1
|-damage|p2a: Moebius|50/100|[from] item: Life Orb
|
|upkeep
|turn|26
|
|t:|1758977428
|-end|p1a: Weezing|ability: Neutralizing Gas
|-ability|p2a: Moebius|Pressure
|switch|p1a: Blissey|Blissey, F|18/100
|move|p2a: Moebius|Shadow Ball|p1a: Blissey
|-immune|p1a: Blissey
|
|-heal|p1a: Blissey|24/100|[from] item: Leftovers
|upkeep
|turn|27
|
|t:|1758977435
|switch|p1a: Weezing|Weezing-Galar, M|17/100
|-ability|p1a: Weezing|Neutralizing Gas
|move|p2a: Moebius|Focus Blast|p1a: Weezing
|-resisted|p1a: Weezing
|-damage|p1a: Weezing|0 fnt
|faint|p1a: Weezing
|-end|p1a: Weezing|ability: Neutralizing Gas
|-ability|p2a: Moebius|Pressure
|-damage|p2a: Moebius|40/100|[from] item: Life Orb
|
|upkeep
|
|t:|1758977439
|switch|p1a: Dondozo|Dondozo, F|100/100
|turn|28
|
|t:|1758977441
|move|p2a: Moebius|Psycho Boost|p1a: Dondozo
|-damage|p1a: Dondozo|17/100
|-unboost|p2a: Moebius|spa|2
|-damage|p2a: Moebius|30/100|[from] item: Life Orb
|move|p1a: Dondozo|Avalanche|p2a: Moebius
|-damage|p2a: Moebius|0 fnt
|faint|p2a: Moebius
|
|-heal|p1a: Dondozo|23/100|[from] item: Leftovers
|upkeep
|
|t:|1758977462
|switch|p2a: Meruem|Kingambit, M|100/100
|-activate|p2a: Meruem|ability: Supreme Overlord
|-start|p2a: Meruem|fallen3|[silent]
|turn|29
|
|t:|1758977470
|move|p2a: Meruem|Swords Dance|p2a: Meruem
|-boost|p2a: Meruem|atk|2
|move|p1a: Dondozo|Rest|p1a: Dondozo
|-status|p1a: Dondozo|slp|[from] move: Rest
|-heal|p1a: Dondozo|100/100 slp|[silent]
|
|upkeep
|turn|30
|
|t:|1758977473
|move|p2a: Meruem|Kowtow Cleave|p1a: Dondozo
|-damage|p1a: Dondozo|73/100 slp
|cant|p1a: Dondozo|slp
|move|p1a: Dondozo|Sleep Talk|p1a: Dondozo
|move|p1a: Dondozo|Rest||[from] move: Sleep Talk|[still]
|-fail|p1a: Dondozo
|
|-heal|p1a: Dondozo|79/100 slp|[from] item: Leftovers
|upkeep
|turn|31
|
|t:|1758977477
|move|p2a: Meruem|Kowtow Cleave|p1a: Dondozo
|-damage|p1a: Dondozo|50/100 slp
|cant|p1a: Dondozo|slp
|move|p1a: Dondozo|Sleep Talk|p1a: Dondozo
|move|p1a: Dondozo|Body Press|p2a: Meruem|[from] move: Sleep Talk
|-supereffective|p2a: Meruem
|-damage|p2a: Meruem|17/100
|
|-heal|p2a: Meruem|23/100|[from] item: Leftovers
|-heal|p1a: Dondozo|56/100 slp|[from] item: Leftovers
|upkeep
|turn|32
|
|t:|1758977481
|-end|p2a: Meruem|fallen3|[silent]
|switch|p2a: Yoshi|Dragonite, M, shiny|70/100
|-curestatus|p1a: Dondozo|slp|[msg]
|move|p1a: Dondozo|Body Press|p2a: Yoshi
|-resisted|p2a: Yoshi
|-damage|p2a: Yoshi|54/100
|
|-heal|p1a: Dondozo|62/100|[from] item: Leftovers
|upkeep
|turn|33
|
|t:|1758977484
|move|p2a: Yoshi|Outrage|p1a: Dondozo
|-damage|p1a: Dondozo|12/100
|move|p1a: Dondozo|Avalanche|p2a: Yoshi
|-supereffective|p2a: Yoshi
|-damage|p2a: Yoshi|0 fnt
|faint|p2a: Yoshi
|
|-heal|p1a: Dondozo|18/100|[from] item: Leftovers
|upkeep
|
|t:|1758977487
|switch|p2a: Anomaly|Great Tusk|100/100
|turn|34
|
|t:|1758977491
|move|p2a: Anomaly|Headlong Rush|p1a: Dondozo
|-damage|p1a: Dondozo|0 fnt
|-unboost|p2a: Anomaly|def|1
|-unboost|p2a: Anomaly|spd|1
|faint|p1a: Dondozo
|
|upkeep
|
|t:|1758977492
|switch|p1a: Corviknight|Corviknight, M|100/100
|-ability|p1a: Corviknight|Pressure
|turn|35
|
|t:|1758977496
|move|p2a: Anomaly|Close Combat|p1a: Corviknight
|-damage|p1a: Corviknight|63/100
|-unboost|p2a: Anomaly|def|1
|-unboost|p2a: Anomaly|spd|1
|move|p1a: Corviknight|Iron Defense|p1a: Corviknight
|-boost|p1a: Corviknight|def|2
|
|-heal|p1a: Corviknight|69/100|[from] item: Leftovers
|upkeep
|turn|36
|
|t:|1758977501
|move|p2a: Anomaly|Close Combat|p1a: Corviknight
|-damage|p1a: Corviknight|49/100
|-unboost|p2a: Anomaly|def|1
|-unboost|p2a: Anomaly|spd|1
|move|p1a: Corviknight|Roost|p1a: Corviknight
|-heal|p1a: Corviknight|99/100
|-singleturn|p1a: Corviknight|move: Roost
|
|-heal|p1a: Corviknight|100/100|[from] item: Leftovers
|upkeep
|turn|37
|
|t:|1758977504
|move|p2a: Anomaly|Close Combat|p1a: Corviknight
|-damage|p1a: Corviknight|82/100
|-unboost|p2a: Anomaly|def|1
|-unboost|p2a: Anomaly|spd|1
|move|p1a: Corviknight|Iron Defense|p1a: Corviknight
|-boost|p1a: Corviknight|def|2
|
|-heal|p1a: Corviknight|88/100|[from] item: Leftovers
|upkeep
|turn|38
|-message|Light SV forfeited.
|
|win|143forever
|raw|143forever's rating: 1972 &rarr; <strong>1982</strong><br />(+10 for winning)
|raw|Light SV's rating: 1771 &rarr; <strong>1761</strong><br />(-10 for losing)
|l|☆Light SV
|player|p2|
|l| TheMysteriousBoy
|l|☆143forever
|player|p1|
|l| cryyysneasel
|j| ninjamage67
|l| amefurikoneko
|j| waffle04
|l| ninjamage67
|l| seer boy
|l| wgw2333
|l| seiko leich
