|j|☆Salmonboyo
|j|☆CadenG18
|t:|1758922090
|gametype|singles
|player|p1|Salmonboyo|adaman|1118
|player|p2|CadenG18|hilbert|1137
|gen|9
|tier|[Gen 9] OU
|rated|
|rule|HP Percentage Mod: HP is shown in percentages
|rule|Endless Battle Clause: Forcing endless battles is banned
|rule|Species Clause: Limit one of each Pokémon
|rule|OHKO Clause: OHKO moves are banned
|rule|Evasion Items Clause: Evasion items are banned
|rule|Evasion Moves Clause: Evasion moves are banned
|rule|Evasion Abilities Clause: Evasion abilities are banned
|rule|Sleep Moves Clause: Sleep-inducing moves are banned
|clearpoke
|poke|p1|Talonflame, F|
|poke|p1|Golem-Alola, F|
|poke|p1|Ambipom, M|
|poke|p1|Ting-Lu|
|poke|p1|Tauros-Paldea-Combat, M|
|poke|p1|Chandelure, F|
|poke|p2|Greninja-*, M|
|poke|p2|Armarouge, F|
|poke|p2|Hydreigon, F|
|poke|p2|Kommo-o, M|
|poke|p2|Ceruledge, F|
|poke|p2|Tsareena, F|
|teampreview
|inactive|Battle timer is ON: inactive players will automatically lose when time's up. (requested by CadenG18)
|
|t:|1758922097
|teamsize|p1|6
|teamsize|p2|6
|start
|switch|p1a: Tauros|Tauros-Paldea-Combat, M|100/100
|switch|p2a: Megumi|Greninja, M, shiny|100/100
|turn|1
|
|t:|1758922113
|move|p2a: Megumi|Sludge Wave|p1a: Tauros
|-start|p2a: Megumi|typechange|Poison|[from] ability: Protean
|-damage|p1a: Tauros|31/100
|-enditem|p1a: Tauros|Sitrus Berry|[eat]
|-heal|p1a: Tauros|56/100|[from] item: Sitrus Berry
|-damage|p2a: Megumi|91/100|[from] item: Life Orb
|move|p1a: Tauros|Trailblaze|p2a: Megumi
|-resisted|p2a: Megumi
|-damage|p2a: Megumi|79/100
|-boost|p1a: Tauros|spe|1
|
|upkeep
|turn|2
|
|t:|1758922128
|move|p2a: Megumi|Sludge Wave|p1a: Tauros
|-damage|p1a: Tauros|0 fnt
|faint|p1a: Tauros
|-damage|p2a: Megumi|69/100|[from] item: Life Orb
|
|upkeep
|
|t:|1758922132
|switch|p1a: Ambipom|Ambipom, M|100/100
|turn|3
|
|t:|1758922140
|move|p1a: Ambipom|Fake Out|p2a: Megumi
|-enditem|p1a: Ambipom|Normal Gem|[from] gem
|-crit|p2a: Megumi
|-damage|p2a: Megumi|0 fnt
|faint|p2a: Megumi
|
|upkeep
|
|t:|1758922157
|switch|p2a: Soleia|Armarouge, F, shiny|100/100
|turn|4
|
|t:|1758922161
|move|p1a: Ambipom|Last Resort|p2a: Soleia
|-damage|p2a: Soleia|36/100
|-ability|p2a: Soleia|Weak Armor|boost
|-unboost|p2a: Soleia|def|1
|-boost|p2a: Soleia|spe|2
|move|p2a: Soleia|Aura Sphere|p1a: Ambipom
|-supereffective|p1a: Ambipom
|-damage|p1a: Ambipom|0 fnt
|faint|p1a: Ambipom
|
|upkeep
|
|t:|1758922171
|switch|p1a: Talonflame|Talonflame, F|100/100
|turn|5
|
|t:|1758922184
|move|p1a: Talonflame|Brave Bird|p2a: Soleia
|-damage|p2a: Soleia|0 fnt
|faint|p2a: Soleia
|-damage|p1a: Talonflame|86/100|[from] Recoil
|
|upkeep
|
|t:|1758922202
|switch|p2a: Yamata|Hydreigon, F|100/100
|turn|6
|
|t:|1758922219
|move|p1a: Talonflame|Brave Bird|p2a: Yamata
|-damage|p2a: Yamata|45/100
|-damage|p1a: Talonflame|66/100|[from] Recoil
|move|p2a: Yamata|Draco Meteor|p1a: Talonflame
|-damage|p1a: Talonflame|0 fnt
|-unboost|p2a: Yamata|spa|2
|faint|p1a: Talonflame
|
|upkeep
|
|t:|1758922226
|switch|p1a: Chandelure|Chandelure, F|100/100
|turn|7
|
|t:|1758922245
|move|p2a: Yamata|Draco Meteor|p1a: Chandelure
|-damage|p1a: Chandelure|30/100
|-unboost|p2a: Yamata|spa|2
|move|p1a: Chandelure|Inferno|p2a: Yamata|[miss]
|-miss|p1a: Chandelure|p2a: Yamata
|-enditem|p1a: Chandelure|Blunder Policy
|-boost|p1a: Chandelure|spe|2
|
|upkeep
|turn|8
|
|t:|1758922257
|move|p1a: Chandelure|Heat Wave|p2a: Yamata
|-resisted|p2a: Yamata
|-damage|p2a: Yamata|9/100
|move|p2a: Yamata|Draco Meteor|p1a: Chandelure|[miss]
|-miss|p2a: Yamata|p1a: Chandelure
|
|upkeep
|turn|9
|
|t:|1758922264
|move|p1a: Chandelure|Heat Wave|p2a: Yamata
|-resisted|p2a: Yamata
|-damage|p2a: Yamata|0 fnt
|faint|p2a: Yamata
|
|upkeep
|
|t:|1758922270
|switch|p2a: Cieri|Ceruledge, F, shiny|100/100
|turn|10
|
|t:|1758922274
|move|p2a: Cieri|Shadow Sneak|p1a: Chandelure
|-supereffective|p1a: Chandelure
|-damage|p1a: Chandelure|0 fnt
|faint|p1a: Chandelure
|
|upkeep
|
|t:|1758922277
|switch|p1a: Golem|Golem-Alola, F|100/100
|turn|11
|
|t:|1758922287
|move|p2a: Cieri|Swords Dance|p2a: Cieri
|-boost|p2a: Cieri|atk|2
|move|p1a: Golem|Rock Slide|p2a: Cieri
|-supereffective|p2a: Cieri
|-enditem|p2a: Cieri|Focus Sash
|-damage|p2a: Cieri|1/100
|
|upkeep
|turn|12
|
|t:|1758922295
|move|p2a: Cieri|Close Combat|p1a: Golem
|-supereffective|p1a: Golem
|-ability|p1a: Golem|Sturdy
|-damage|p1a: Golem|1/100
|-unboost|p2a: Cieri|def|1
|-unboost|p2a: Cieri|spd|1
|move|p1a: Golem|Rock Slide|p2a: Cieri
|-supereffective|p2a: Cieri
|-damage|p2a: Cieri|0 fnt
|faint|p2a: Cieri
|
|upkeep
|
|t:|1758922309
|switch|p2a: Tsuyo-sa|Kommo-o, M|100/100
|turn|13
|-enditem|p1a: Golem|Custap Berry|[eat]
|-activate|p1a: Golem|item: Custap Berry|[consumed]
|
|t:|1758922314
|-terastallize|p2a: Tsuyo-sa|Steel
|move|p1a: Golem|Explosion|p2a: Tsuyo-sa
|-resisted|p2a: Tsuyo-sa
|-damage|p2a: Tsuyo-sa|53/100
|faint|p1a: Golem
|move|p2a: Tsuyo-sa|Iron Head|p1: Golem|[notarget]
|-fail|p2a: Tsuyo-sa
|
|-heal|p2a: Tsuyo-sa|60/100|[from] item: Leftovers
|upkeep
|
|t:|1758922323
|switch|p1a: Ting-Lu|Ting-Lu|100/100
|-ability|p1a: Ting-Lu|Vessel of Ruin
|turn|14
|
|t:|1758922330
|-terastallize|p1a: Ting-Lu|Poison
|move|p2a: Tsuyo-sa|Brick Break|p1a: Ting-Lu
|-resisted|p1a: Ting-Lu
|-damage|p1a: Ting-Lu|93/100
|move|p1a: Ting-Lu|Earthquake|p2a: Tsuyo-sa
|-supereffective|p2a: Tsuyo-sa
|-damage|p2a: Tsuyo-sa|0 fnt
|faint|p2a: Tsuyo-sa
|
|upkeep
|
|t:|1758922347
|switch|p2a: Cybele|Tsareena, F|100/100
|turn|15
|
|t:|1758922361
|move|p2a: Cybele|Knock Off|p1a: Ting-Lu
|-damage|p1a: Ting-Lu|77/100
|-enditem|p1a: Ting-Lu|Assault Vest|[from] move: Knock Off|[of] p2a: Cybele
|move|p1a: Ting-Lu|Throat Chop|p2a: Cybele
|-damage|p2a: Cybele|71/100
|-start|p2a: Cybele|Throat Chop|[silent]
|
|upkeep
|turn|16
|
|t:|1758922373
|move|p2a: Cybele|Power Whip|p1a: Ting-Lu
|-resisted|p1a: Ting-Lu
|-damage|p1a: Ting-Lu|63/100
|move|p1a: Ting-Lu|Heavy Slam|p2a: Cybele
|-damage|p2a: Cybele|39/100
|
|-end|p2a: Cybele|Throat Chop|[silent]
|upkeep
|turn|17
|
|t:|1758922393
|move|p2a: Cybele|Power Whip|p1a: Ting-Lu
|-resisted|p1a: Ting-Lu
|-damage|p1a: Ting-Lu|48/100
|move|p1a: Ting-Lu|Heavy Slam|p2a: Cybele
|-damage|p2a: Cybele|7/100
|
|upkeep
|turn|18
|
|t:|1758922408
|move|p2a: Cybele|Power Whip|p1a: Ting-Lu
|-resisted|p1a: Ting-Lu
|-damage|p1a: Ting-Lu|33/100
|move|p1a: Ting-Lu|Heavy Slam|p2a: Cybele
|-damage|p2a: Cybele|0 fnt
|faint|p2a: Cybele
|
|win|Salmonboyo
|raw|Salmonboyo's rating: 1118 &rarr; <strong>1144</strong><br />(+26 for winning)
|raw|CadenG18's rating: 1137 &rarr; <strong>1111</strong><br />(-26 for losing)
|l|☆Salmonboyo
|player|p1|
|l|☆CadenG18
|player|p2|
