|j|☆TouchedByJoey
|j|☆ayayaphone
|t:|1758952936
|gametype|singles
|player|p1|TouchedByJoey|n|1309
|player|p2|ayayaphone|102|1377
|gen|9
|tier|[Gen 9] OU
|rated|
|rule|HP Percentage Mod: HP is shown in percentages
|rule|Endless Battle Clause: Forcing endless battles is banned
|rule|Species Clause: Limit one of each Pokémon
|rule|OHKO Clause: OHKO moves are banned
|rule|Evasion Items Clause: Evasion items are banned
|rule|Evasion Moves Clause: Evasion moves are banned
|rule|Evasion Abilities Clause: Evasion abilities are banned
|rule|Sleep Moves Clause: Sleep-inducing moves are banned
|clearpoke
|poke|p1|Gliscor, F|
|poke|p1|Tyranitar, F|
|poke|p1|Rillaboom, F|
|poke|p1|Dragapult, M|
|poke|p1|Zamazenta-*|
|poke|p1|Darkrai|
|poke|p2|Raging Bolt|
|poke|p2|Pincurchin, F|
|poke|p2|Hawlucha, F|
|poke|p2|Iron Treads|
|poke|p2|Meloetta|
|poke|p2|Rotom-Wash|
|teampreview
|inactive|Battle timer is ON: inactive players will automatically lose when time's up. (requested by TouchedByJoey)
|inactive|ayayaphone also wants the timer to be on.
|
|t:|1758952952
|teamsize|p1|6
|teamsize|p2|6
|start
|switch|p1a: Tyranitar|Tyranitar, F|100/100
|switch|p2a: Meloetta|Meloetta|100/100
|-weather|Sandstorm|[from] ability: Sand Stream|[of] p1a: Tyranitar
|turn|1
|
|t:|1758952957
|move|p2a: Meloetta|Relic Song|p1a: Tyranitar
|-resisted|p1a: Tyranitar
|-damage|p1a: Tyranitar|92/100
|-formechange|p2a: Meloetta|Meloetta-Pirouette|[msg]
|move|p1a: Tyranitar|Knock Off|p2a: Meloetta
|-resisted|p2a: Meloetta
|-damage|p2a: Meloetta|82/100
|-enditem|p2a: Meloetta|Assault Vest|[from] move: Knock Off|[of] p1a: Tyranitar
|
|-weather|Sandstorm|[upkeep]
|-damage|p2a: Meloetta|76/100|[from] Sandstorm
|-heal|p1a: Tyranitar|99/100|[from] item: Leftovers
|upkeep
|turn|2
|
|t:|1758952965
|move|p2a: Meloetta|Drain Punch|p1a: Tyranitar
|-supereffective|p1a: Tyranitar
|-crit|p1a: Tyranitar
|-damage|p1a: Tyranitar|0 fnt
|-heal|p2a: Meloetta|100/100|[from] drain|[of] p1a: Tyranitar
|faint|p1a: Tyranitar
|
|-weather|Sandstorm|[upkeep]
|-damage|p2a: Meloetta|94/100|[from] Sandstorm
|upkeep
|
|t:|1758952971
|switch|p1a: Gliscor|Gliscor, F|100/100
|turn|3
|
|t:|1758952979
|move|p2a: Meloetta|Relic Song|p1a: Gliscor
|-damage|p1a: Gliscor|61/100
|-formechange|p2a: Meloetta|Meloetta|[msg]
|move|p1a: Gliscor|Spikes|p2a: Meloetta
|-sidestart|p2: ayayaphone|Spikes
|
|-weather|Sandstorm|[upkeep]
|-damage|p2a: Meloetta|88/100|[from] Sandstorm
|-status|p1a: Gliscor|tox|[from] item: Toxic Orb
|upkeep
|turn|4
|
|t:|1758952985
|move|p1a: Gliscor|Protect|p1a: Gliscor
|-singleturn|p1a: Gliscor|Protect
|move|p2a: Meloetta|Psychic|p1a: Gliscor
|-activate|p1a: Gliscor|move: Protect
|
|-weather|Sandstorm|[upkeep]
|-damage|p2a: Meloetta|82/100|[from] Sandstorm
|-heal|p1a: Gliscor|74/100 tox|[from] ability: Poison Heal
|upkeep
|turn|5
|
|t:|1758952994
|switch|p1a: Darkrai|Darkrai|100/100
|move|p2a: Meloetta|Psychic|p1a: Darkrai
|-immune|p1a: Darkrai
|
|-weather|none
|upkeep
|turn|6
|
|t:|1758953000
|switch|p2a: Pincurchin|Pincurchin, F|100/100
|-damage|p2a: Pincurchin|88/100|[from] Spikes
|-fieldstart|move: Electric Terrain|[from] ability: Electric Surge|[of] p2a: Pincurchin
|move|p1a: Darkrai|Dark Pulse|p2a: Pincurchin
|-damage|p2a: Pincurchin|32/100
|
|upkeep
|turn|7
|
|t:|1758953008
|switch|p1a: Gliscor|Gliscor, F|74/100 tox
|move|p2a: Pincurchin|Thunder Wave|p1a: Gliscor
|-immune|p1a: Gliscor
|
|-heal|p1a: Gliscor|86/100 tox|[from] ability: Poison Heal
|upkeep
|turn|8
|
|t:|1758953011
|move|p1a: Gliscor|Spikes|p2a: Pincurchin
|-sidestart|p2: ayayaphone|Spikes
|move|p2a: Pincurchin|Spikes|p1a: Gliscor
|-sidestart|p1: TouchedByJoey|Spikes
|
|-heal|p1a: Gliscor|99/100 tox|[from] ability: Poison Heal
|upkeep
|turn|9
|
|t:|1758953017
|move|p1a: Gliscor|Spikes|p2a: Pincurchin
|-sidestart|p2: ayayaphone|Spikes
|move|p2a: Pincurchin|Spikes|p1a: Gliscor
|-sidestart|p1: TouchedByJoey|Spikes
|
|-heal|p1a: Gliscor|100/100 tox|[from] ability: Poison Heal
|upkeep
|turn|10
|
|t:|1758953020
|move|p1a: Gliscor|Earthquake|p2a: Pincurchin
|-supereffective|p2a: Pincurchin
|-damage|p2a: Pincurchin|0 fnt
|faint|p2a: Pincurchin
|
|upkeep
|
|t:|1758953026
|switch|p2a: Hawlucha|Hawlucha, F|100/100
|-enditem|p2a: Hawlucha|Electric Seed
|-boost|p2a: Hawlucha|def|1|[from] item: Electric Seed
|turn|11
|
|t:|1758953030
|move|p2a: Hawlucha|Taunt|p1a: Gliscor
|-start|p1a: Gliscor|move: Taunt
|cant|p1a: Gliscor|move: Taunt|Toxic
|
|upkeep
|turn|12
|
|t:|1758953044
|switch|p1a: Zamazenta|Zamazenta|100/100
|-damage|p1a: Zamazenta|84/100|[from] Spikes
|-ability|p1a: Zamazenta|Dauntless Shield|boost
|-boost|p1a: Zamazenta|def|1
|move|p2a: Hawlucha|Swords Dance|p2a: Hawlucha
|-boost|p2a: Hawlucha|atk|2
|
|-heal|p1a: Zamazenta|90/100|[from] item: Leftovers
|upkeep
|turn|13
|
|t:|1758953052
|-terastallize|p1a: Zamazenta|Fire
|move|p2a: Hawlucha|Acrobatics|p1a: Zamazenta
|-damage|p1a: Zamazenta|43/100
|move|p1a: Zamazenta|Roar|p2a: Hawlucha
|drag|p2a: Rotom|Rotom-Wash|100/100
|
|-heal|p1a: Zamazenta|49/100|[from] item: Leftovers
|-fieldend|move: Electric Terrain
|upkeep
|turn|14
|
|t:|1758953061
|switch|p1a: Rillaboom|Rillaboom, F|100/100
|-damage|p1a: Rillaboom|84/100|[from] Spikes
|-fieldstart|move: Grassy Terrain|[from] ability: Grassy Surge|[of] p1a: Rillaboom
|move|p2a: Rotom|Volt Switch|p1a: Rillaboom
|-resisted|p1a: Rillaboom
|-damage|p1a: Rillaboom|68/100
|
|t:|1758953065
|switch|p2a: Iron Treads|Iron Treads|100/100|[from] Volt Switch
|-damage|p2a: Iron Treads|76/100|[from] Spikes
|
|-heal|p2a: Iron Treads|82/100|[from] Grassy Terrain
|-heal|p2a: Iron Treads|88/100|[from] item: Leftovers
|-heal|p1a: Rillaboom|74/100|[from] Grassy Terrain
|upkeep
|turn|15
|
|t:|1758953076
|move|p2a: Iron Treads|Steel Roller|p1a: Rillaboom
|-damage|p1a: Rillaboom|9/100
|-fieldend|move: Grassy Terrain
|move|p1a: Rillaboom|Wood Hammer|p2a: Iron Treads
|-damage|p2a: Iron Treads|4/100
|-damage|p1a: Rillaboom|0 fnt|[from] Recoil
|faint|p1a: Rillaboom
|
|-heal|p2a: Iron Treads|11/100|[from] item: Leftovers
|upkeep
|
|t:|1758953084
|switch|p1a: Darkrai|Darkrai|100/100
|turn|16
|
|t:|1758953099
|move|p1a: Darkrai|Ice Beam|p2a: Iron Treads
|-damage|p2a: Iron Treads|0 fnt
|faint|p2a: Iron Treads
|-end|p2a: Iron Treads|Quark Drive|[silent]
|
|upkeep
|
|t:|1758953114
|switch|p2a: Rotom|Rotom-Wash|100/100
|turn|17
|
|t:|1758953125
|move|p1a: Darkrai|Dark Pulse|p2a: Rotom
|-damage|p2a: Rotom|66/100
|move|p2a: Rotom|Hydro Pump|p1a: Darkrai
|-damage|p1a: Darkrai|44/100
|
|upkeep
|turn|18
|
|t:|1758953136
|move|p1a: Darkrai|Dark Pulse|p2a: Rotom
|-damage|p2a: Rotom|31/100
|move|p2a: Rotom|Hydro Pump|p1a: Darkrai
|-damage|p1a: Darkrai|0 fnt
|faint|p1a: Darkrai
|
|upkeep
|
|t:|1758953143
|switch|p1a: Dragapult|Dragapult, M|100/100
|turn|19
|
|t:|1758953149
|move|p1a: Dragapult|Dragon Darts|p2a: Rotom
|-damage|p2a: Rotom|7/100
|-anim|p1a: Dragapult|Dragon Darts|p2a: Rotom
|-damage|p2a: Rotom|0 fnt
|faint|p2a: Rotom
|
|upkeep
|
|t:|1758953154
|switch|p2a: Hawlucha|Hawlucha, F|100/100
|turn|20
|
|t:|1758953157
|move|p1a: Dragapult|Will-O-Wisp|p2a: Hawlucha
|-status|p2a: Hawlucha|brn
|move|p2a: Hawlucha|Acrobatics|p1a: Dragapult
|-damage|p1a: Dragapult|68/100
|
|-damage|p2a: Hawlucha|94/100 brn|[from] brn
|upkeep
|turn|21
|
|t:|1758953162
|move|p1a: Dragapult|Hex|p2a: Hawlucha
|-damage|p2a: Hawlucha|20/100 brn
|move|p2a: Hawlucha|Acrobatics|p1a: Dragapult
|-damage|p1a: Dragapult|32/100
|
|-damage|p2a: Hawlucha|14/100 brn|[from] brn
|upkeep
|turn|22
|
|t:|1758953169
|move|p1a: Dragapult|Hex|p2a: Hawlucha
|-damage|p2a: Hawlucha|0 fnt
|faint|p2a: Hawlucha
|
|upkeep
|
|t:|1758953172
|switch|p2a: Meloetta|Meloetta|82/100
|-damage|p2a: Meloetta|57/100|[from] Spikes
|turn|23
|
|t:|1758953179
|move|p1a: Dragapult|Dragon Darts|p2a: Meloetta
|-damage|p2a: Meloetta|36/100
|-anim|p1a: Dragapult|Dragon Darts|p2a: Meloetta
|-damage|p2a: Meloetta|15/100
|move|p2a: Meloetta|Psychic|p1a: Dragapult
|-damage|p1a: Dragapult|0 fnt
|faint|p1a: Dragapult
|
|upkeep
|
|t:|1758953183
|switch|p1a: Gliscor|Gliscor, F|100/100 tox
|turn|24
|
|t:|1758953189
|move|p1a: Gliscor|Earthquake|p2a: Meloetta
|-damage|p2a: Meloetta|0 fnt
|faint|p2a: Meloetta
|
|upkeep
|-message|ayayaphone forfeited.
|
|win|TouchedByJoey
|raw|TouchedByJoey's rating: 1309 &rarr; <strong>1333</strong><br />(+24 for winning)
|raw|ayayaphone's rating: 1377 &rarr; <strong>1353</strong><br />(-24 for losing)
|l|☆ayayaphone
|player|p2|
|l|☆TouchedByJoey
|player|p1|
