|j|☆nglimfaded
|j|☆Gulptubus
|t:|1758975573
|gametype|singles
|player|p1|nglimfaded|miku-grass|1477
|player|p2|Gulptubus|pokemonranger-gen4|1454
|gen|9
|tier|[Gen 9] OU
|rated|
|rule|HP Percentage Mod: HP is shown in percentages
|rule|Endless Battle Clause: Forcing endless battles is banned
|rule|Species Clause: Limit one of each Pokémon
|rule|OHKO Clause: OHKO moves are banned
|rule|Evasion Items Clause: Evasion items are banned
|rule|Evasion Moves Clause: Evasion moves are banned
|rule|Evasion Abilities Clause: Evasion abilities are banned
|rule|Sleep Moves Clause: Sleep-inducing moves are banned
|clearpoke
|poke|p1|Skeledirge, M|
|poke|p1|Ogerpon, F|
|poke|p1|Corviknight, M|
|poke|p1|Weezing-Galar, M|
|poke|p1|Keldeo-Resolute|
|poke|p1|Ting-Lu|
|poke|p2|Garganacl, F|
|poke|p2|Gliscor, F|
|poke|p2|Heatran, F|
|poke|p2|Clodsire, F|
|poke|p2|Dragapult, F|
|poke|p2|Darkrai|
|teampreview
|l|☆nglimfaded
|player|p1|
|inactive|Battle timer is ON: inactive players will automatically lose when time's up. (requested by Gulptubus)
|j|☆nglimfaded
|inactive|nglimfaded reconnected and has 150 seconds left.
|player|p1|nglimfaded|miku-grass|
|
|t:|1758975604
|teamsize|p1|6
|teamsize|p2|6
|start
|switch|p1a: Keldeo|Keldeo-Resolute|100/100
|switch|p2a: Clodsire|Clodsire, F|100/100
|turn|1
|
|t:|1758975610
|switch|p1a: Corviknight|Corviknight, M|100/100
|-ability|p1a: Corviknight|Pressure
|move|p2a: Clodsire|Toxic Spikes|p1a: Corviknight
|-sidestart|p1: nglimfaded|move: Toxic Spikes
|
|upkeep
|turn|2
|
|t:|1758975616
|switch|p2a: Heatran|Heatran, F|100/100
|-item|p2a: Heatran|Air Balloon
|move|p1a: Corviknight|Bulk Up|p1a: Corviknight
|-boost|p1a: Corviknight|atk|1
|-boost|p1a: Corviknight|def|1
|
|upkeep
|turn|3
|
|t:|1758975623
|switch|p1a: Ting-Lu|Ting-Lu|100/100
|-status|p1a: Ting-Lu|psn
|-ability|p1a: Ting-Lu|Vessel of Ruin
|move|p2a: Heatran|Magma Storm|p1a: Ting-Lu|[miss]
|-miss|p2a: Heatran|p1a: Ting-Lu
|
|-damage|p1a: Ting-Lu|88/100 psn|[from] psn
|upkeep
|turn|4
|
|t:|1758975634
|switch|p2a: Gliscor|Gliscor, F|100/100
|move|p1a: Ting-Lu|Stealth Rock|p2a: Gliscor
|-sidestart|p2: Gulptubus|move: Stealth Rock
|
|-heal|p1a: Ting-Lu|94/100 psn|[from] item: Leftovers
|-damage|p1a: Ting-Lu|82/100 psn|[from] psn
|-status|p2a: Gliscor|tox|[from] item: Toxic Orb
|upkeep
|turn|5
|
|t:|1758975638
|switch|p1a: Corviknight|Corviknight, M|100/100
|-ability|p1a: Corviknight|Pressure
|move|p2a: Gliscor|Spikes|p1a: Corviknight
|-sidestart|p1: nglimfaded|Spikes
|
|upkeep
|turn|6
|
|t:|1758975643
|move|p2a: Gliscor|U-turn|p1a: Corviknight
|-resisted|p1a: Corviknight
|-damage|p1a: Corviknight|97/100
|
|t:|1758975646
|switch|p2a: Salty Snack|Garganacl, F|100/100|[from] U-turn
|-damage|p2a: Salty Snack|88/100|[from] Stealth Rock
|move|p1a: Corviknight|U-turn|p2a: Salty Snack
|-damage|p2a: Salty Snack|78/100
|
|t:|1758975651
|switch|p1a: Weezing|Weezing-Galar, M|100/100|[from] U-turn
|-ability|p1a: Weezing|Neutralizing Gas
|-sideend|p1: nglimfaded|move: Toxic Spikes|[of] p1a: Weezing
|
|-heal|p2a: Salty Snack|85/100|[from] item: Leftovers
|upkeep
|turn|7
|
|t:|1758975655
|move|p1a: Weezing|Defog|p2a: Salty Snack
|-unboost|p2a: Salty Snack|evasion|1
|-sideend|p2: Gulptubus|Stealth Rock|[from] move: Defog|[of] p1a: Weezing
|-sideend|p1: nglimfaded|Spikes|[from] move: Defog|[of] p1a: Weezing
|move|p2a: Salty Snack|Salt Cure|p1a: Weezing
|-damage|p1a: Weezing|91/100
|-start|p1a: Weezing|Salt Cure
|
|-heal|p2a: Salty Snack|91/100|[from] item: Leftovers
|-damage|p1a: Weezing|79/100|[from] Salt Cure
|upkeep
|turn|8
|
|t:|1758975659
|-end|p1a: Weezing|ability: Neutralizing Gas
|switch|p1a: Corviknight|Corviknight, M|97/100
|-ability|p1a: Corviknight|Pressure
|move|p2a: Salty Snack|Stealth Rock|p1a: Corviknight
|-sidestart|p1: nglimfaded|move: Stealth Rock
|
|-heal|p2a: Salty Snack|97/100|[from] item: Leftovers
|upkeep
|turn|9
|
|t:|1758975671
|move|p1a: Corviknight|Bulk Up|p1a: Corviknight
|-boost|p1a: Corviknight|atk|1
|-boost|p1a: Corviknight|def|1
|move|p2a: Salty Snack|Salt Cure|p1a: Corviknight
|-damage|p1a: Corviknight|90/100
|
|-heal|p2a: Salty Snack|100/100|[from] item: Leftovers
|upkeep
|turn|10
|
|t:|1758975679
|switch|p2a: Heatran|Heatran, F|100/100
|-item|p2a: Heatran|Air Balloon
|move|p1a: Corviknight|U-turn|p2a: Heatran
|-resisted|p2a: Heatran
|-damage|p2a: Heatran|96/100
|-enditem|p2a: Heatran|Air Balloon
|
|t:|1758975682
|switch|p1a: Keldeo|Keldeo-Resolute|100/100|[from] U-turn
|-damage|p1a: Keldeo|94/100|[from] Stealth Rock
|
|upkeep
|turn|11
|
|t:|1758975684
|switch|p2a: Clodsire|Clodsire, F|100/100
|move|p1a: Keldeo|Surf|p2a: Clodsire
|-immune|p2a: Clodsire|[from] ability: Water Absorb
|
|upkeep
|turn|12
|
|t:|1758975688
|switch|p1a: Corviknight|Corviknight, M|90/100
|-damage|p1a: Corviknight|77/100|[from] Stealth Rock
|-ability|p1a: Corviknight|Pressure
|move|p2a: Clodsire|Toxic Spikes|p1a: Corviknight
|-sidestart|p1: nglimfaded|move: Toxic Spikes
|
|upkeep
|turn|13
|
|t:|1758975699
|switch|p2a: Heatran|Heatran, F|96/100
|move|p1a: Corviknight|Bulk Up|p1a: Corviknight
|-boost|p1a: Corviknight|atk|1
|-boost|p1a: Corviknight|def|1
|
|upkeep
|turn|14
|
|t:|1758975705
|switch|p1a: Skeledirge|Skeledirge, M|100/100
|move|p2a: Heatran|Magma Storm|p1a: Skeledirge
|-resisted|p1a: Skeledirge
|-damage|p1a: Skeledirge|84/100
|-activate|p1a: Skeledirge|move: Magma Storm|[of] p2a: Heatran
|
|-damage|p1a: Skeledirge|72/100|[from] move: Magma Storm|[partiallytrapped]
|upkeep
|turn|15
|
|t:|1758975712
|move|p2a: Heatran|Protect|p2a: Heatran
|-singleturn|p2a: Heatran|Protect
|move|p1a: Skeledirge|Torch Song|p2a: Heatran
|-activate|p2a: Heatran|move: Protect
|
|-damage|p1a: Skeledirge|59/100|[from] move: Magma Storm|[partiallytrapped]
|upkeep
|turn|16
|
|t:|1758975718
|move|p2a: Heatran|Earth Power|p1a: Skeledirge
|-supereffective|p1a: Skeledirge
|-damage|p1a: Skeledirge|17/100
|move|p1a: Skeledirge|Torch Song|p2a: Heatran
|-start|p2a: Heatran|ability: Flash Fire
|
|-damage|p1a: Skeledirge|5/100|[from] move: Magma Storm|[partiallytrapped]
|upkeep
|turn|17
|c|☆nglimfaded|nasty team
|c|☆Gulptubus|thank you
|-message|nglimfaded forfeited.
|
|win|Gulptubus
|raw|nglimfaded's rating: 1477 &rarr; <strong>1456</strong><br />(-21 for losing)
|raw|Gulptubus's rating: 1454 &rarr; <strong>1475</strong><br />(+21 for winning)
|l|☆nglimfaded
|player|p1|
