|j|☆Kxkeis
|j|☆fusionboltspeed
|t:|1758994535
|gametype|singles
|player|p1|Kxkeis|265|1116
|player|p2|fusionboltspeed|265|1128
|gen|9
|tier|[Gen 9] OU
|rated|
|rule|HP Percentage Mod: HP is shown in percentages
|rule|Endless Battle Clause: Forcing endless battles is banned
|rule|Species Clause: Limit one of each Pokémon
|rule|OHKO Clause: OHKO moves are banned
|rule|Evasion Items Clause: Evasion items are banned
|rule|Evasion Moves Clause: Evasion moves are banned
|rule|Evasion Abilities Clause: Evasion abilities are banned
|rule|Sleep Moves Clause: Sleep-inducing moves are banned
|clearpoke
|poke|p1|Glimmora, M|
|poke|p1|Alomomola, M|
|poke|p1|Garganacl, F|
|poke|p1|Trevenant, M|
|poke|p1|Ting-Lu|
|poke|p1|Weezing-Galar, F|
|poke|p2|Muk-Alola, F|
|poke|p2|Porygon-Z|
|poke|p2|Squawkabilly, M|
|poke|p2|Medicham, F|
|poke|p2|Masquerain, F|
|poke|p2|Comfey, M|
|teampreview
|
|t:|1758994543
|teamsize|p1|6
|teamsize|p2|6
|start
|switch|p1a: Glimmora|Glimmora, M|100/100
|switch|p2a: Squawkabilly|Squawkabilly, M|100/100
|-ability|p2a: Squawkabilly|Intimidate|boost
|-unboost|p1a: Glimmora|atk|1
|turn|1
|inactive|Battle timer is ON: inactive players will automatically lose when time's up. (requested by fusionboltspeed)
|
|t:|1758994565
|-terastallize|p1a: Glimmora|Flying
|move|p2a: Squawkabilly|Final Gambit|p1a: Glimmora
|-damage|p1a: Glimmora|1/100
|faint|p2a: Squawkabilly
|move|p1a: Glimmora|Toxic|p2: Squawkabilly|[notarget]
|-fail|p1a: Glimmora
|
|-heal|p1a: Glimmora|7/100|[from] item: Leftovers
|upkeep
|
|t:|1758994583
|switch|p2a: Masquerain|Masquerain, F|100/100
|-ability|p2a: Masquerain|Intimidate|boost
|-unboost|p1a: Glimmora|atk|1
|turn|2
|
|t:|1758994592
|move|p1a: Glimmora|Spiky Shield|p1a: Glimmora
|-singleturn|p1a: Glimmora|move: Protect
|move|p2a: Masquerain|Sticky Web|p1a: Glimmora
|-sidestart|p1: Kxkeis|move: Sticky Web
|
|-heal|p1a: Glimmora|13/100|[from] item: Leftovers
|upkeep
|turn|3
|
|t:|1758994602
|switch|p1a: Alomomola|Alomomola, M|100/100
|-activate|p1a: Alomomola|move: Sticky Web
|-unboost|p1a: Alomomola|spe|1
|move|p2a: Masquerain|Bug Buzz|p1a: Alomomola
|-damage|p1a: Alomomola|51/100
|
|-heal|p1a: Alomomola|58/100|[from] item: Leftovers
|upkeep
|turn|4
|
|t:|1758994608
|move|p1a: Alomomola|Protect|p1a: Alomomola
|-singleturn|p1a: Alomomola|Protect
|move|p2a: Masquerain|Giga Drain|p1a: Alomomola
|-activate|p1a: Alomomola|move: Protect
|
|-heal|p1a: Alomomola|64/100|[from] item: Leftovers
|upkeep
|turn|5
|
|t:|1758994617
|switch|p1a: Trevenant|Trevenant, M|100/100
|-activate|p1a: Trevenant|move: Sticky Web
|-unboost|p1a: Trevenant|spe|1
|move|p2a: Masquerain|Giga Drain|p1a: Trevenant
|-resisted|p1a: Trevenant
|-damage|p1a: Trevenant|92/100
|
|upkeep
|turn|6
|
|t:|1758994623
|move|p2a: Masquerain|Hurricane|p1a: Trevenant|[miss]
|-miss|p2a: Masquerain|p1a: Trevenant
|move|p1a: Trevenant|Leech Seed|p2a: Masquerain
|-start|p2a: Masquerain|move: Leech Seed
|
|-damage|p2a: Masquerain|88/100|[from] Leech Seed|[of] p1a: Trevenant
|-heal|p1a: Trevenant|100/100|[silent]
|upkeep
|turn|7
|
|t:|1758994630
|move|p2a: Masquerain|Hurricane|p1a: Trevenant
|-supereffective|p1a: Trevenant
|-damage|p1a: Trevenant|31/100
|-start|p1a: Trevenant|confusion
|-enditem|p1a: Trevenant|Sitrus Berry|[eat]
|-heal|p1a: Trevenant|56/100|[from] item: Sitrus Berry
|-activate|p1a: Trevenant|confusion
|move|p1a: Trevenant|Substitute|p1a: Trevenant
|-start|p1a: Trevenant|Substitute
|-damage|p1a: Trevenant|31/100
|
|-damage|p2a: Masquerain|76/100|[from] Leech Seed|[of] p1a: Trevenant
|-heal|p1a: Trevenant|40/100|[silent]
|upkeep
|turn|8
|
|t:|1758994642
|-activate|p1a: Trevenant|confusion
|move|p1a: Trevenant|Protect|p1a: Trevenant
|-singleturn|p1a: Trevenant|Protect
|move|p2a: Masquerain|Bug Buzz|p1a: Trevenant
|-activate|p1a: Trevenant|move: Protect
|
|-damage|p2a: Masquerain|63/100|[from] Leech Seed|[of] p1a: Trevenant
|-heal|p1a: Trevenant|49/100|[silent]
|upkeep
|turn|9
|
|t:|1758994655
|-end|p1a: Trevenant|confusion
|move|p1a: Trevenant|Protect|p1a: Trevenant
|-singleturn|p1a: Trevenant|Protect
|move|p2a: Masquerain|Bug Buzz|p1a: Trevenant
|-activate|p1a: Trevenant|move: Protect
|
|-damage|p2a: Masquerain|51/100|[from] Leech Seed|[of] p1a: Trevenant
|-heal|p1a: Trevenant|59/100|[silent]
|upkeep
|turn|10
|
|t:|1758994674
|-terastallize|p2a: Masquerain|Bug
|move|p2a: Masquerain|Bug Buzz|p1a: Trevenant
|-damage|p1a: Trevenant|18/100
|move|p1a: Trevenant|Curse|p2a: Masquerain
|-start|p2a: Masquerain|Curse|[of] p1a: Trevenant
|-damage|p1a: Trevenant|0 fnt
|faint|p1a: Trevenant
|
|-damage|p2a: Masquerain|26/100|[from] Curse
|upkeep
|
|t:|1758994686
|switch|p1a: Alomomola|Alomomola, M|97/100
|-activate|p1a: Alomomola|move: Sticky Web
|-unboost|p1a: Alomomola|spe|1
|turn|11
|
|t:|1758994689
|move|p2a: Masquerain|Giga Drain|p1a: Alomomola
|-supereffective|p1a: Alomomola
|-damage|p1a: Alomomola|41/100
|-heal|p2a: Masquerain|79/100|[from] drain|[of] p1a: Alomomola
|move|p1a: Alomomola|Wish|p1a: Alomomola
|
|-heal|p1a: Alomomola|47/100|[from] item: Leftovers
|-damage|p2a: Masquerain|67/100|[from] Leech Seed|[of] p1a: Alomomola
|-heal|p1a: Alomomola|54/100|[silent]
|-damage|p2a: Masquerain|42/100|[from] Curse
|upkeep
|turn|12
|
|t:|1758994702
|move|p1a: Alomomola|Protect|p1a: Alomomola
|-singleturn|p1a: Alomomola|Protect
|move|p2a: Masquerain|Giga Drain|p1a: Alomomola
|-activate|p1a: Alomomola|move: Protect
|
|-heal|p1a: Alomomola|100/100|[from] move: Wish|[wisher] Alomomola
|-damage|p2a: Masquerain|29/100|[from] Leech Seed|[of] p1a: Alomomola
|-damage|p2a: Masquerain|4/100|[from] Curse
|upkeep
|turn|13
|
|t:|1758994714
|switch|p1a: Ting-Lu|Ting-Lu|100/100
|-activate|p1a: Ting-Lu|move: Sticky Web
|-unboost|p1a: Ting-Lu|spe|1
|-ability|p1a: Ting-Lu|Vessel of Ruin
|move|p2a: Masquerain|Giga Drain|p1a: Ting-Lu
|-supereffective|p1a: Ting-Lu
|-damage|p1a: Ting-Lu|72/100
|-heal|p2a: Masquerain|30/100|[from] drain|[of] p1a: Ting-Lu
|-enditem|p1a: Ting-Lu|Maranga Berry|[eat]
|-boost|p1a: Ting-Lu|spd|1|[from] item: Maranga Berry
|
|-damage|p2a: Masquerain|18/100|[from] Leech Seed|[of] p1a: Ting-Lu
|-heal|p1a: Ting-Lu|79/100|[silent]
|-damage|p2a: Masquerain|0 fnt|[from] Curse
|faint|p2a: Masquerain
|upkeep
|
|t:|1758994725
|switch|p2a: Medicham|Medicham, F|100/100
|turn|14
|
|t:|1758994729
|move|p2a: Medicham|Drain Punch|p1a: Ting-Lu
|-supereffective|p1a: Ting-Lu
|-damage|p1a: Ting-Lu|39/100
|move|p1a: Ting-Lu|Stealth Rock|p2a: Medicham
|-sidestart|p2: fusionboltspeed|move: Stealth Rock
|
|upkeep
|turn|15
|
|t:|1758994736
|move|p2a: Medicham|Drain Punch|p1a: Ting-Lu
|-supereffective|p1a: Ting-Lu
|-damage|p1a: Ting-Lu|1/100
|move|p1a: Ting-Lu|Spikes|p2a: Medicham
|-sidestart|p2: fusionboltspeed|Spikes
|
|upkeep
|turn|16
|
|t:|1758994746
|move|p2a: Medicham|Drain Punch|p1a: Ting-Lu
|-supereffective|p1a: Ting-Lu
|-damage|p1a: Ting-Lu|0 fnt
|faint|p1a: Ting-Lu
|
|upkeep
|
|t:|1758994753
|switch|p1a: Garganacl|Garganacl, F|100/100
|-activate|p1a: Garganacl|move: Sticky Web
|-unboost|p1a: Garganacl|spe|1
|turn|17
|
|t:|1758994771
|move|p2a: Medicham|Drain Punch|p1a: Garganacl
|-supereffective|p1a: Garganacl
|-damage|p1a: Garganacl|35/100
|move|p1a: Garganacl|Iron Defense|p1a: Garganacl
|-boost|p1a: Garganacl|def|2
|
|-heal|p1a: Garganacl|41/100|[from] item: Leftovers
|upkeep
|turn|18
|
|t:|1758994781
|move|p2a: Medicham|Drain Punch|p1a: Garganacl
|-supereffective|p1a: Garganacl
|-damage|p1a: Garganacl|7/100
|move|p1a: Garganacl|Recover|p1a: Garganacl
|-heal|p1a: Garganacl|57/100
|
|-heal|p1a: Garganacl|63/100|[from] item: Leftovers
|upkeep
|turn|19
|
|t:|1758994790
|switch|p2a: Comfey|Comfey, M|100/100
|-damage|p2a: Comfey|88/100|[from] Stealth Rock
|-damage|p2a: Comfey|76/100|[from] Spikes
|move|p1a: Garganacl|Recover|p1a: Garganacl
|-heal|p1a: Garganacl|100/100
|
|upkeep
|turn|20
|
|t:|1758994797
|move|p2a: Comfey|Grass Knot|p1a: Garganacl
|-supereffective|p1a: Garganacl
|-damage|p1a: Garganacl|40/100
|move|p1a: Garganacl|Salt Cure|p2a: Comfey
|-damage|p2a: Comfey|56/100
|-start|p2a: Comfey|Salt Cure
|
|-heal|p1a: Garganacl|46/100|[from] item: Leftovers
|-damage|p2a: Comfey|44/100|[from] Salt Cure
|upkeep
|turn|21
|
|t:|1758994811
|switch|p1a: Weezing|Weezing-Galar, F|100/100
|-ability|p1a: Weezing|Neutralizing Gas
|-activate|p1a: Weezing|move: Sticky Web
|-unboost|p1a: Weezing|spe|1
|move|p2a: Comfey|Grass Knot|p1a: Weezing
|-resisted|p1a: Weezing
|-damage|p1a: Weezing|90/100
|
|-heal|p1a: Weezing|96/100|[from] item: Black Sludge
|-damage|p2a: Comfey|31/100|[from] Salt Cure
|upkeep
|turn|22
|
|t:|1758994819
|switch|p2a: Medicham|Medicham, F|100/100
|-damage|p2a: Medicham|94/100|[from] Stealth Rock
|-damage|p2a: Medicham|82/100|[from] Spikes
|move|p1a: Weezing|Toxic|p2a: Medicham
|-status|p2a: Medicham|tox
|
|-heal|p1a: Weezing|100/100|[from] item: Black Sludge
|-damage|p2a: Medicham|76/100 tox|[from] psn
|upkeep
|turn|23
|
|t:|1758994827
|-end|p1a: Weezing|ability: Neutralizing Gas
|switch|p1a: Alomomola|Alomomola, M|100/100
|-activate|p1a: Alomomola|move: Sticky Web
|-unboost|p1a: Alomomola|spe|1
|move|p2a: Medicham|Psycho Cut|p1a: Alomomola
|-damage|p1a: Alomomola|77/100
|
|-heal|p1a: Alomomola|83/100|[from] item: Leftovers
|-damage|p2a: Medicham|64/100 tox|[from] psn
|upkeep
|turn|24
|
|t:|1758994833
|move|p2a: Medicham|Psycho Cut|p1a: Alomomola
|-damage|p1a: Alomomola|57/100
|move|p1a: Alomomola|Wish|p1a: Alomomola
|
|-heal|p1a: Alomomola|63/100|[from] item: Leftovers
|-damage|p2a: Medicham|45/100 tox|[from] psn
|upkeep
|turn|25
|
|t:|1758994839
|move|p2a: Medicham|Psycho Cut|p1a: Alomomola
|-damage|p1a: Alomomola|39/100
|move|p1a: Alomomola|Flip Turn|p2a: Medicham
|-damage|p2a: Medicham|19/100 tox
|
|t:|1758994842
|switch|p1a: Garganacl|Garganacl, F|46/100|[from] Flip Turn
|-activate|p1a: Garganacl|move: Sticky Web
|-unboost|p1a: Garganacl|spe|1
|
|-heal|p1a: Garganacl|100/100|[from] move: Wish|[wisher] Alomomola
|-damage|p2a: Medicham|0 fnt|[from] psn
|faint|p2a: Medicham
|upkeep
|
|t:|1758994848
|switch|p2a: Muk|Muk-Alola, F|100/100
|-damage|p2a: Muk|88/100|[from] Stealth Rock
|-damage|p2a: Muk|76/100|[from] Spikes
|turn|26
|
|t:|1758994856
|move|p2a: Muk|Knock Off|p1a: Garganacl
|-damage|p1a: Garganacl|71/100
|-enditem|p1a: Garganacl|Leftovers|[from] move: Knock Off|[of] p2a: Muk
|move|p1a: Garganacl|Salt Cure|p2a: Muk
|-damage|p2a: Muk|60/100
|-start|p2a: Muk|Salt Cure
|
|-damage|p2a: Muk|48/100|[from] Salt Cure
|upkeep
|turn|27
|
|t:|1758994864
|move|p2a: Muk|Drain Punch|p1a: Garganacl
|-supereffective|p1a: Garganacl
|-damage|p1a: Garganacl|38/100
|-heal|p2a: Muk|65/100|[from] drain|[of] p1a: Garganacl
|move|p1a: Garganacl|Iron Defense|p1a: Garganacl
|-boost|p1a: Garganacl|def|2
|
|-damage|p2a: Muk|53/100|[from] Salt Cure
|upkeep
|turn|28
|
|t:|1758994867
|move|p2a: Muk|Drain Punch|p1a: Garganacl
|-supereffective|p1a: Garganacl
|-damage|p1a: Garganacl|23/100
|-heal|p2a: Muk|61/100|[from] drain|[of] p1a: Garganacl
|move|p1a: Garganacl|Recover|p1a: Garganacl
|-heal|p1a: Garganacl|73/100
|
|-damage|p2a: Muk|49/100|[from] Salt Cure
|upkeep
|turn|29
|
|t:|1758994882
|switch|p2a: Porygon-Z|Porygon-Z|100/100
|-damage|p2a: Porygon-Z|88/100|[from] Stealth Rock
|-damage|p2a: Porygon-Z|76/100|[from] Spikes
|move|p1a: Garganacl|Recover|p1a: Garganacl
|-heal|p1a: Garganacl|100/100
|
|upkeep
|turn|30
|
|t:|1758994887
|move|p2a: Porygon-Z|Thunderbolt|p1a: Garganacl
|-damage|p1a: Garganacl|70/100
|move|p1a: Garganacl|Body Press|p2a: Porygon-Z
|-supereffective|p2a: Porygon-Z
|-damage|p2a: Porygon-Z|0 fnt
|faint|p2a: Porygon-Z
|
|upkeep
|
|t:|1758994892
|switch|p2a: Comfey|Comfey, M|31/100
|-damage|p2a: Comfey|19/100|[from] Stealth Rock
|-damage|p2a: Comfey|7/100|[from] Spikes
|turn|31
|
|t:|1758994900
|move|p2a: Comfey|Giga Drain|p1a: Garganacl
|-supereffective|p1a: Garganacl
|-damage|p1a: Garganacl|35/100
|-heal|p2a: Comfey|35/100|[from] drain|[of] p1a: Garganacl
|move|p1a: Garganacl|Body Press|p2a: Comfey
|-resisted|p2a: Comfey
|-damage|p2a: Comfey|2/100
|
|upkeep
|turn|32
|
|t:|1758994910
|move|p2a: Comfey|Giga Drain|p1a: Garganacl
|-supereffective|p1a: Garganacl
|-crit|p1a: Garganacl
|-damage|p1a: Garganacl|0 fnt
|-heal|p2a: Comfey|31/100|[from] drain|[of] p1a: Garganacl
|faint|p1a: Garganacl
|
|upkeep
|
|t:|1758994917
|switch|p1a: Weezing|Weezing-Galar, F|100/100
|-ability|p1a: Weezing|Neutralizing Gas
|-activate|p1a: Weezing|move: Sticky Web
|-unboost|p1a: Weezing|spe|1
|turn|33
|
|t:|1758994923
|move|p2a: Comfey|Giga Drain|p1a: Weezing
|-resisted|p1a: Weezing
|-damage|p1a: Weezing|80/100
|-heal|p2a: Comfey|45/100|[from] drain|[of] p1a: Weezing
|move|p1a: Weezing|Toxic|p2a: Comfey
|-status|p2a: Comfey|tox
|
|-heal|p1a: Weezing|86/100|[from] item: Black Sludge
|-damage|p2a: Comfey|39/100 tox|[from] psn
|upkeep
|turn|34
|
|t:|1758994927
|move|p2a: Comfey|Giga Drain|p1a: Weezing
|-resisted|p1a: Weezing
|-damage|p1a: Weezing|65/100
|-heal|p2a: Comfey|54/100 tox|[from] drain|[of] p1a: Weezing
|move|p1a: Weezing|Overheat|p2a: Comfey
|-damage|p2a: Comfey|22/100 tox
|-unboost|p1a: Weezing|spa|2
|
|-heal|p1a: Weezing|71/100|[from] item: Black Sludge
|-damage|p2a: Comfey|10/100 tox|[from] psn
|upkeep
|turn|35
|
|t:|1758994935
|move|p2a: Comfey|Giga Drain|p1a: Weezing
|-resisted|p1a: Weezing
|-damage|p1a: Weezing|52/100
|-heal|p2a: Comfey|22/100 tox|[from] drain|[of] p1a: Weezing
|move|p1a: Weezing|Strange Steam|p2a: Comfey
|-damage|p2a: Comfey|5/100 tox
|
|-heal|p1a: Weezing|58/100|[from] item: Black Sludge
|-damage|p2a: Comfey|0 fnt|[from] psn
|faint|p2a: Comfey
|upkeep
|
|t:|1758994938
|switch|p2a: Muk|Muk-Alola, F|49/100
|-damage|p2a: Muk|36/100|[from] Stealth Rock
|-damage|p2a: Muk|24/100|[from] Spikes
|turn|36
|
|t:|1758994942
|move|p2a: Muk|Knock Off|p1a: Weezing
|-resisted|p1a: Weezing
|-damage|p1a: Weezing|45/100
|-enditem|p1a: Weezing|Black Sludge|[from] move: Knock Off|[of] p2a: Muk
|move|p1a: Weezing|Overheat|p2a: Muk|[miss]
|-miss|p1a: Weezing|p2a: Muk
|
|upkeep
|turn|37
|
|t:|1758994949
|-end|p1a: Weezing|ability: Neutralizing Gas
|switch|p1a: Alomomola|Alomomola, M|72/100
|-activate|p1a: Alomomola|move: Sticky Web
|-unboost|p1a: Alomomola|spe|1
|move|p2a: Muk|Knock Off|p1a: Alomomola
|-damage|p1a: Alomomola|48/100
|-enditem|p1a: Alomomola|Leftovers|[from] move: Knock Off|[of] p2a: Muk
|
|upkeep
|turn|38
|
|t:|1758994953
|move|p2a: Muk|Gunk Shot|p1a: Alomomola
|-damage|p1a: Alomomola|22/100
|-status|p1a: Alomomola|psn
|move|p1a: Alomomola|Flip Turn|p2a: Muk
|-damage|p2a: Muk|5/100
|
|t:|1758994956
|switch|p1a: Glimmora|Glimmora, M, tera:Flying|13/100|[from] Flip Turn
|
|-heal|p1a: Glimmora|20/100|[from] item: Leftovers
|upkeep
|turn|39
|
|t:|1758994960
|move|p2a: Muk|Shadow Sneak|p1a: Glimmora
|-crit|p1a: Glimmora
|-damage|p1a: Glimmora|6/100
|move|p1a: Glimmora|Mortal Spin|p2a: Muk
|-resisted|p2a: Muk
|-damage|p2a: Muk|2/100
|-status|p2a: Muk|psn
|-sideend|p1: Kxkeis|Sticky Web|[from] move: Mortal Spin|[of] p1a: Glimmora
|
|-heal|p1a: Glimmora|13/100|[from] item: Leftovers
|-damage|p2a: Muk|0 fnt|[from] psn
|faint|p2a: Muk
|
|win|Kxkeis
|raw|Kxkeis's rating: 1116 &rarr; <strong>1142</strong><br />(+26 for winning)
|raw|fusionboltspeed's rating: 1128 &rarr; <strong>1102</strong><br />(-26 for losing)
|l|☆Kxkeis
|player|p1|
|l|☆fusionboltspeed
|player|p2|
