|j|☆brutalshaman
|j|☆pigcattef
|t:|1758948712
|gametype|singles
|player|p1|brutalshaman|1|1336
|player|p2|pigcattef|102|1328
|gen|9
|tier|[Gen 9] OU
|rated|
|rule|HP Percentage Mod: HP is shown in percentages
|rule|Endless Battle Clause: Forcing endless battles is banned
|rule|Species Clause: Limit one of each Pokémon
|rule|OHKO Clause: OHKO moves are banned
|rule|Evasion Items Clause: Evasion items are banned
|rule|Evasion Moves Clause: Evasion moves are banned
|rule|Evasion Abilities Clause: Evasion abilities are banned
|rule|Sleep Moves Clause: Sleep-inducing moves are banned
|clearpoke
|poke|p1|Ting-Lu|
|poke|p1|Corviknight, M|
|poke|p1|Cinderace, M|
|poke|p1|Raging Bolt|
|poke|p1|Rillaboom, M|
|poke|p1|Dondozo, F|
|poke|p2|Garganacl, F|
|poke|p2|Cloyster, F|
|poke|p2|Polteageist|
|poke|p2|Weezing-Galar, F|
|poke|p2|Blaziken, F|
|poke|p2|Donphan, L1, F|
|teampreview
|inactive|Battle timer is ON: inactive players will automatically lose when time's up. (requested by brutalshaman)
|
|t:|1758948762
|teamsize|p1|6
|teamsize|p2|6
|start
|switch|p1a: Cinderace|Cinderace, M|100/100
|switch|p2a: Cloyster|Cloyster, F, shiny|100/100
|turn|1
|
|t:|1758948775
|move|p1a: Cinderace|U-turn|p2a: Cloyster
|-damage|p2a: Cloyster|84/100
|
|t:|1758948793
|switch|p1a: Dondozo|Dondozo, F|100/100|[from] U-turn
|move|p2a: Cloyster|Shell Smash|p2a: Cloyster
|-unboost|p2a: Cloyster|def|1
|-unboost|p2a: Cloyster|spd|1
|-boost|p2a: Cloyster|atk|2
|-boost|p2a: Cloyster|spa|2
|-boost|p2a: Cloyster|spe|2
|
|upkeep
|turn|2
|
|t:|1758948805
|switch|p2a: Weezing|Weezing-Galar, F, shiny|100/100
|-ability|p2a: Weezing|Neutralizing Gas
|move|p1a: Dondozo|Curse|p1a: Dondozo
|-unboost|p1a: Dondozo|spe|1
|-boost|p1a: Dondozo|atk|1
|-boost|p1a: Dondozo|def|1
|
|upkeep
|turn|3
|
|t:|1758948814
|switch|p1a: Corviknight|Corviknight, M|100/100
|move|p2a: Weezing|Will-O-Wisp|p1a: Corviknight
|-status|p1a: Corviknight|brn
|
|-damage|p1a: Corviknight|94/100 brn|[from] brn
|upkeep
|turn|4
|
|t:|1758948825
|switch|p1a: Cinderace|Cinderace, M|100/100
|move|p2a: Weezing|Strange Steam|p1a: Cinderace
|-resisted|p1a: Cinderace
|-damage|p1a: Cinderace|85/100
|-start|p1a: Cinderace|confusion
|
|upkeep
|turn|5
|
|t:|1758948835
|-activate|p1a: Cinderace|confusion
|move|p1a: Cinderace|U-turn|p2a: Weezing
|-resisted|p2a: Weezing
|-damage|p2a: Weezing|98/100
|
|t:|1758948841
|switch|p1a: Raging Bolt|Raging Bolt|100/100|[from] U-turn
|move|p2a: Weezing|Will-O-Wisp|p1a: Raging Bolt
|-status|p1a: Raging Bolt|brn
|
|-damage|p1a: Raging Bolt|94/100 brn|[from] brn
|upkeep
|turn|6
|
|t:|1758948852
|-terastallize|p1a: Raging Bolt|Fairy
|move|p1a: Raging Bolt|Tera Blast|p2a: Weezing|[anim] Tera Blast Fairy
|-resisted|p2a: Weezing
|-damage|p2a: Weezing|52/100
|move|p2a: Weezing|Pain Split|p1a: Raging Bolt
|-sethp|p1a: Raging Bolt|68/100 brn|[from] move: Pain Split|[silent]
|-sethp|p2a: Weezing|85/100|[from] move: Pain Split
|
|-damage|p1a: Raging Bolt|62/100 brn|[from] brn
|upkeep
|turn|7
|
|t:|1758948868
|-end|p1a: Raging Bolt|Protosynthesis|[silent]
|switch|p1a: Cinderace|Cinderace, M|85/100
|move|p2a: Weezing|Pain Split|p1a: Cinderace
|-sethp|p1a: Cinderace|82/100|[from] move: Pain Split|[silent]
|-sethp|p2a: Weezing|87/100|[from] move: Pain Split
|
|upkeep
|turn|8
|
|t:|1758948876
|move|p1a: Cinderace|Will-O-Wisp|p2a: Weezing
|-status|p2a: Weezing|brn
|move|p2a: Weezing|Strange Steam|p1a: Cinderace
|-resisted|p1a: Cinderace
|-damage|p1a: Cinderace|67/100
|
|-damage|p2a: Weezing|81/100 brn|[from] brn
|upkeep
|turn|9
|
|t:|1758948881
|move|p1a: Cinderace|Pyro Ball|p2a: Weezing
|-damage|p2a: Weezing|50/100 brn
|move|p2a: Weezing|Will-O-Wisp|p1a: Cinderace
|-immune|p1a: Cinderace
|
|-damage|p2a: Weezing|44/100 brn|[from] brn
|upkeep
|turn|10
|
|t:|1758948885
|move|p1a: Cinderace|Pyro Ball|p2a: Weezing
|-damage|p2a: Weezing|13/100 brn
|move|p2a: Weezing|Pain Split|p1a: Cinderace
|-sethp|p1a: Cinderace|39/100|[from] move: Pain Split|[silent]
|-sethp|p2a: Weezing|42/100 brn|[from] move: Pain Split
|
|-damage|p2a: Weezing|36/100 brn|[from] brn
|upkeep
|turn|11
|
|t:|1758948891
|move|p1a: Cinderace|Pyro Ball|p2a: Weezing
|-crit|p2a: Weezing
|-damage|p2a: Weezing|0 fnt
|faint|p2a: Weezing
|-end|p2a: Weezing|ability: Neutralizing Gas
|
|upkeep
|
|t:|1758948906
|switch|p2a: Garganacl|Garganacl, F, shiny|100/100
|turn|12
|
|t:|1758948909
|move|p1a: Cinderace|U-turn|p2a: Garganacl
|-damage|p2a: Garganacl|88/100
|
|t:|1758948913
|switch|p1a: Rillaboom|Rillaboom, M, shiny|100/100|[from] U-turn
|-fieldstart|move: Grassy Terrain|[from] ability: Grassy Surge|[of] p1a: Rillaboom
|move|p2a: Garganacl|Salt Cure|p1a: Rillaboom
|-damage|p1a: Rillaboom|86/100
|-start|p1a: Rillaboom|Salt Cure
|
|-heal|p1a: Rillaboom|92/100|[from] Grassy Terrain
|-heal|p2a: Garganacl|94/100|[from] Grassy Terrain
|-heal|p2a: Garganacl|100/100|[from] item: Leftovers
|-damage|p1a: Rillaboom|79/100|[from] Salt Cure
|upkeep
|turn|13
|
|t:|1758948929
|switch|p2a: Cloyster|Cloyster, F, shiny|84/100
|move|p1a: Rillaboom|U-turn|p2a: Cloyster
|-damage|p2a: Cloyster|49/100
|
|t:|1758948936
|switch|p1a: Raging Bolt|Raging Bolt, tera:Fairy|62/100 brn|[from] U-turn
|
|-heal|p2a: Cloyster|56/100|[from] Grassy Terrain
|-heal|p1a: Raging Bolt|68/100 brn|[from] Grassy Terrain
|-damage|p1a: Raging Bolt|62/100 brn|[from] brn
|upkeep
|turn|14
|l|☆brutalshaman
|inactive|brutalshaman disconnected and has a minute to reconnect!
|player|p1|
|j|☆brutalshaman
|inactive|brutalshaman reconnected and has 115 seconds left.
|player|p1|brutalshaman|1|
|
|t:|1758948976
|move|p2a: Cloyster|Icicle Spear|p1a: Raging Bolt
|-damage|p1a: Raging Bolt|52/100 brn
|-damage|p1a: Raging Bolt|43/100 brn
|-damage|p1a: Raging Bolt|34/100 brn
|-damage|p1a: Raging Bolt|24/100 brn
|-damage|p1a: Raging Bolt|16/100 brn
|-hitcount|p1a: Raging Bolt|5
|move|p1a: Raging Bolt|Volt Switch|p2a: Cloyster
|-supereffective|p2a: Cloyster
|-damage|p2a: Cloyster|0 fnt
|faint|p2a: Cloyster
|
|t:|1758948985
|-end|p1a: Raging Bolt|Protosynthesis|[silent]
|switch|p1a: Cinderace|Cinderace, M|39/100|[from] Volt Switch
|
|-heal|p1a: Cinderace|45/100|[from] Grassy Terrain
|upkeep
|
|t:|1758948992
|switch|p2a: Blaziken|Blaziken, F, shiny|100/100
|turn|15
|
|t:|1758948996
|switch|p1a: Dondozo|Dondozo, F|100/100
|move|p2a: Blaziken|Swords Dance|p2a: Blaziken
|-boost|p2a: Blaziken|atk|2
|
|-ability|p2a: Blaziken|Speed Boost|boost
|-boost|p2a: Blaziken|spe|1
|upkeep
|turn|16
|
|t:|1758949003
|-terastallize|p2a: Blaziken|Fighting
|move|p2a: Blaziken|Close Combat|p1a: Dondozo
|-damage|p1a: Dondozo|41/100
|-unboost|p2a: Blaziken|def|1
|-unboost|p2a: Blaziken|spd|1
|move|p1a: Dondozo|Curse|p1a: Dondozo
|-unboost|p1a: Dondozo|spe|1
|-boost|p1a: Dondozo|atk|1
|-boost|p1a: Dondozo|def|1
|
|-heal|p1a: Dondozo|48/100|[from] Grassy Terrain
|-heal|p1a: Dondozo|54/100|[from] item: Leftovers
|-fieldend|move: Grassy Terrain
|-ability|p2a: Blaziken|Speed Boost|boost
|-boost|p2a: Blaziken|spe|1
|upkeep
|turn|17
|
|t:|1758949018
|move|p2a: Blaziken|Close Combat|p1a: Dondozo
|-damage|p1a: Dondozo|14/100
|-unboost|p2a: Blaziken|def|1
|-unboost|p2a: Blaziken|spd|1
|move|p1a: Dondozo|Liquidation|p2a: Blaziken
|-damage|p2a: Blaziken|30/100
|
|-heal|p1a: Dondozo|20/100|[from] item: Leftovers
|-ability|p2a: Blaziken|Speed Boost|boost
|-boost|p2a: Blaziken|spe|1
|upkeep
|turn|18
|
|t:|1758949025
|switch|p1a: Corviknight|Corviknight, M|94/100 brn
|-ability|p1a: Corviknight|Pressure
|move|p2a: Blaziken|Close Combat|p1a: Corviknight
|-damage|p1a: Corviknight|0 fnt
|-unboost|p2a: Blaziken|def|1
|-unboost|p2a: Blaziken|spd|1
|-damage|p2a: Blaziken|13/100|[from] item: Rocky Helmet|[of] p1a: Corviknight
|faint|p1a: Corviknight
|
|-ability|p2a: Blaziken|Speed Boost|boost
|-boost|p2a: Blaziken|spe|1
|upkeep
|
|t:|1758949033
|switch|p1a: Rillaboom|Rillaboom, M, shiny|79/100
|-fieldstart|move: Grassy Terrain|[from] ability: Grassy Surge|[of] p1a: Rillaboom
|turn|19
|
|t:|1758949035
|move|p2a: Blaziken|Upper Hand|p1a: Rillaboom
|-damage|p1a: Rillaboom|0 fnt
|faint|p1a: Rillaboom
|
|-heal|p2a: Blaziken|19/100|[from] Grassy Terrain
|-ability|p2a: Blaziken|Speed Boost|boost
|-boost|p2a: Blaziken|spe|1
|upkeep
|
|t:|1758949037
|switch|p1a: Raging Bolt|Raging Bolt, tera:Fairy|16/100 brn
|turn|20
|
|t:|1758949053
|-end|p1a: Raging Bolt|Protosynthesis|[silent]
|switch|p1a: Cinderace|Cinderace, M|45/100
|move|p2a: Blaziken|Upper Hand||[still]
|-fail|p2a: Blaziken
|
|-heal|p2a: Blaziken|25/100|[from] Grassy Terrain
|-heal|p1a: Cinderace|51/100|[from] Grassy Terrain
|-ability|p2a: Blaziken|Speed Boost|boost
|-boost|p2a: Blaziken|spe|1
|upkeep
|turn|21
|
|t:|1758949070
|switch|p1a: Raging Bolt|Raging Bolt, tera:Fairy|16/100 brn
|move|p2a: Blaziken|Close Combat|p1a: Raging Bolt
|-resisted|p1a: Raging Bolt
|-damage|p1a: Raging Bolt|0 fnt
|-unboost|p2a: Blaziken|def|1
|-unboost|p2a: Blaziken|spd|1
|faint|p1a: Raging Bolt
|-end|p1a: Raging Bolt|Protosynthesis|[silent]
|
|-heal|p2a: Blaziken|31/100|[from] Grassy Terrain
|upkeep
|
|t:|1758949076
|switch|p1a: Dondozo|Dondozo, F|20/100
|turn|22
|
|t:|1758949080
|move|p2a: Blaziken|Close Combat|p1a: Dondozo
|-damage|p1a: Dondozo|0 fnt
|-unboost|p2a: Blaziken|def|1
|-unboost|p2a: Blaziken|spd|1
|faint|p1a: Dondozo
|
|-heal|p2a: Blaziken|37/100|[from] Grassy Terrain
|upkeep
|
|t:|1758949083
|switch|p1a: Cinderace|Cinderace, M|51/100
|turn|23
|
|t:|1758949085
|move|p2a: Blaziken|Close Combat|p1a: Cinderace
|-damage|p1a: Cinderace|0 fnt
|-unboost|p2a: Blaziken|def|1
|-unboost|p2a: Blaziken|spd|1
|faint|p1a: Cinderace
|
|-heal|p2a: Blaziken|43/100|[from] Grassy Terrain
|-fieldend|move: Grassy Terrain
|upkeep
|
|t:|1758949087
|switch|p1a: Ting-Lu|Ting-Lu|100/100
|-ability|p1a: Ting-Lu|Vessel of Ruin
|turn|24
|
|t:|1758949089
|move|p2a: Blaziken|Close Combat|p1a: Ting-Lu
|-supereffective|p1a: Ting-Lu
|-damage|p1a: Ting-Lu|0 fnt
|faint|p1a: Ting-Lu
|
|win|pigcattef
|raw|brutalshaman's rating: 1336 &rarr; <strong>1316</strong><br />(-20 for losing)
|raw|pigcattef's rating: 1328 &rarr; <strong>1348</strong><br />(+20 for winning)
|l|☆brutalshaman
|player|p1|
|l|☆pigcattef
|player|p2|
