|inactive|Battle timer is ON: inactive players will automatically lose when time's up.
|t:|1758990290
|gametype|singles
|player|p1|Baddy|#scl5shoguns2|
|player|p2|pop smoke|#wcop2025uswest2|
|gen|9
|tier|[Gen 9] OU
|rule|HP Percentage Mod: HP is shown in percentages
|rule|Endless Battle Clause: Forcing endless battles is banned
|rule|Species Clause: Limit one of each Pokémon
|rule|OHKO Clause: OHKO moves are banned
|rule|Evasion Items Clause: Evasion items are banned
|rule|Evasion Moves Clause: Evasion moves are banned
|rule|Evasion Abilities Clause: Evasion abilities are banned
|rule|Sleep Moves Clause: Sleep-inducing moves are banned
|clearpoke
|poke|p1|Zamazenta-*|
|poke|p1|Corviknight, M|
|poke|p1|Ting-Lu|
|poke|p1|Pecharunt|
|poke|p1|Cinderace, M|
|poke|p1|Latios, M|
|poke|p2|Kingambit, M|
|poke|p2|Zamazenta-*|
|poke|p2|Rillaboom, M|
|poke|p2|Iron Treads|
|poke|p2|Slowking-Galar, F|
|poke|p2|Rotom-Wash|
|teampreview
|c|☆Baddy|hf
|c|☆pop smoke|hf
|inactive|Baddy has 270 seconds left.
|inactive|pop smoke has 270 seconds left.
|c|+Isza|Oh na
|inactive|Baddy has 240 seconds left.
|rated|Smogon Champions League
|inactive|Baddy has 210 seconds left.
|inactive|Baddy has 180 seconds left.
|
|t:|1758990426
|teamsize|p1|6
|teamsize|p2|6
|start
|switch|p1a: Latios|Latios, M|100/100
|switch|p2a: Slowking|Slowking-Galar, F|100/100
|turn|1
|
|t:|1758990442
|switch|p2a: Iron Treads|Iron Treads|100/100
|move|p1a: Latios|Flip Turn|p2a: Iron Treads
|-supereffective|p2a: Iron Treads
|-damage|p2a: Iron Treads|81/100
|inactive|Baddy has 210 seconds left.
|
|t:|1758990463
|switch|p1a: Cinderace|Cinderace, M|100/100|[from] Flip Turn
|
|-heal|p2a: Iron Treads|87/100|[from] item: Leftovers
|upkeep
|turn|2
|
|t:|1758990469
|-end|p2a: Iron Treads|Quark Drive|[silent]
|switch|p2a: Rotom|Rotom-Wash|100/100
|move|p1a: Cinderace|Will-O-Wisp|p2a: Rotom
|-status|p2a: Rotom|brn
|
|-damage|p2a: Rotom|94/100 brn|[from] brn
|upkeep
|turn|3
|inactive|Baddy has 210 seconds left.
|
|t:|1758990487
|switch|p1a: Pecharunt|Pecharunt|100/100
|move|p2a: Rotom|Will-O-Wisp|p1a: Pecharunt
|-status|p1a: Pecharunt|brn
|
|-heal|p2a: Rotom|100/100 brn|[from] item: Leftovers
|-damage|p1a: Pecharunt|94/100 brn|[from] brn
|-damage|p2a: Rotom|94/100 brn|[from] brn
|upkeep
|turn|4
|inactive|Baddy has 210 seconds left.
|inactive|pop smoke has 270 seconds left.
|inactive|Baddy has 180 seconds left.
|
|t:|1758990531
|switch|p2a: Slowking|Slowking-Galar, F|100/100
|move|p1a: Pecharunt|Malignant Chain|p2a: Slowking
|-resisted|p2a: Slowking
|-damage|p2a: Slowking|92/100
|
|-damage|p1a: Pecharunt|88/100 brn|[from] brn
|upkeep
|turn|5
|inactive|pop smoke has 270 seconds left.
|inactive|Baddy has 180 seconds left.
|
|t:|1758990545
|switch|p1a: Ting-Lu|Ting-Lu|100/100
|-ability|p1a: Ting-Lu|Vessel of Ruin
|-prepare|p2a: Slowking|Chilly Reception|[premajor]
|move|p2a: Slowking|Chilly Reception|p2a: Slowking
|-weather|Snowscape
|inactive|pop smoke has 270 seconds left.
|
|t:|1758990568
|switch|p2a: Rillaboom|Rillaboom, M|100/100|[from] Chilly Reception
|-fieldstart|move: Grassy Terrain|[from] ability: Grassy Surge|[of] p2a: Rillaboom
|
|-weather|Snowscape|[upkeep]
|upkeep
|turn|6
|
|t:|1758990577
|switch|p1a: Corviknight|Corviknight, M|100/100
|-ability|p1a: Corviknight|Pressure
|move|p2a: Rillaboom|Knock Off|p1a: Corviknight
|-damage|p1a: Corviknight|71/100
|-enditem|p1a: Corviknight|Leftovers|[from] move: Knock Off|[of] p2a: Rillaboom
|
|-weather|Snowscape|[upkeep]
|upkeep
|turn|7
|inactive|pop smoke has 240 seconds left.
|
|t:|1758990609
|move|p2a: Rillaboom|U-turn|p1a: Corviknight
|-resisted|p1a: Corviknight
|-damage|p1a: Corviknight|66/100
|inactive|pop smoke has 240 seconds left.
|
|t:|1758990616
|switch|p2a: Slowking|Slowking-Galar, F|100/100|[from] U-turn
|move|p1a: Corviknight|U-turn|p2a: Slowking
|-damage|p2a: Slowking|86/100
|
|t:|1758990619
|switch|p1a: Ting-Lu|Ting-Lu|100/100|[from] U-turn
|-ability|p1a: Ting-Lu|Vessel of Ruin
|
|-weather|Snowscape|[upkeep]
|-heal|p2a: Slowking|92/100|[from] Grassy Terrain
|upkeep
|turn|8
|
|t:|1758990622
|move|p1a: Ting-Lu|Stealth Rock|p2a: Slowking
|-sidestart|p2: pop smoke|move: Stealth Rock
|move|p2a: Slowking|Toxic|p1a: Ting-Lu
|-status|p1a: Ting-Lu|tox
|
|-weather|Snowscape|[upkeep]
|-heal|p2a: Slowking|98/100|[from] Grassy Terrain
|-damage|p1a: Ting-Lu|94/100 tox|[from] psn
|upkeep
|turn|9
|
|t:|1758990630
|move|p1a: Ting-Lu|Ruination|p2a: Slowking
|-damage|p2a: Slowking|49/100
|-prepare|p2a: Slowking|Chilly Reception|[premajor]
|move|p2a: Slowking|Chilly Reception|p2a: Slowking
|inactive|pop smoke has 240 seconds left.
|inactive|pop smoke has 210 seconds left.
|
|t:|1758990710
|switch|p2a: Zamazenta|Zamazenta|100/100|[from] Chilly Reception
|-damage|p2a: Zamazenta|94/100|[from] Stealth Rock
|-ability|p2a: Zamazenta|Dauntless Shield|boost
|-boost|p2a: Zamazenta|def|1
|
|-weather|none
|-heal|p2a: Zamazenta|100/100|[from] Grassy Terrain
|-heal|p1a: Ting-Lu|100/100 tox|[from] Grassy Terrain
|-damage|p1a: Ting-Lu|88/100 tox|[from] psn
|-fieldend|move: Grassy Terrain
|upkeep
|turn|10
|inactive|pop smoke has 180 seconds left.
|inactive|Baddy has 210 seconds left.
|inactive|Baddy has 180 seconds left.
|
|t:|1758990789
|switch|p1a: Pecharunt|Pecharunt|88/100 brn
|move|p2a: Zamazenta|Close Combat|p1a: Pecharunt
|-immune|p1a: Pecharunt
|
|-damage|p1a: Pecharunt|82/100 brn|[from] brn
|upkeep
|turn|11
|inactive|Baddy has 150 seconds left.
|
|t:|1758990827
|move|p2a: Zamazenta|Crunch|p1a: Pecharunt
|-supereffective|p1a: Pecharunt
|-damage|p1a: Pecharunt|43/100 brn
|-damage|p2a: Zamazenta|91/100|[from] item: Life Orb
|move|p1a: Pecharunt|Shadow Ball|p2a: Zamazenta
|-damage|p2a: Zamazenta|70/100
|-unboost|p2a: Zamazenta|spd|1
|
|-damage|p1a: Pecharunt|37/100 brn|[from] brn
|upkeep
|turn|12
|inactive|pop smoke has 150 seconds left.
|inactive|Baddy has 120 seconds left.
|
|t:|1758990877
|move|p2a: Zamazenta|Crunch|p1a: Pecharunt
|-supereffective|p1a: Pecharunt
|-damage|p1a: Pecharunt|0 fnt
|faint|p1a: Pecharunt
|-damage|p2a: Zamazenta|60/100|[from] item: Life Orb
|
|upkeep
|
|t:|1758990895
|switch|p1a: Latios|Latios, M|100/100
|turn|13
|
|t:|1758990904
|switch|p2a: Iron Treads|Iron Treads|87/100
|-damage|p2a: Iron Treads|84/100|[from] Stealth Rock
|move|p1a: Latios|Flip Turn|p2a: Iron Treads
|-supereffective|p2a: Iron Treads
|-damage|p2a: Iron Treads|64/100
|
|t:|1758990907
|switch|p1a: Cinderace|Cinderace, M|100/100|[from] Flip Turn
|
|-heal|p2a: Iron Treads|70/100|[from] item: Leftovers
|upkeep
|turn|14
|inactive|Baddy has 120 seconds left.
|inactive|pop smoke has 150 seconds left.
|
|t:|1758990917
|-end|p2a: Iron Treads|Quark Drive|[silent]
|switch|p2a: Rotom|Rotom-Wash|94/100 brn
|-damage|p2a: Rotom|82/100 brn|[from] Stealth Rock
|move|p1a: Cinderace|U-turn|p2a: Rotom
|-damage|p2a: Rotom|67/100 brn
|
|t:|1758990927
|switch|p1a: Latios|Latios, M|100/100|[from] U-turn
|
|-heal|p2a: Rotom|74/100 brn|[from] item: Leftovers
|-damage|p2a: Rotom|67/100 brn|[from] brn
|upkeep
|turn|15
|inactive|Baddy has 120 seconds left.
|
|t:|1758990942
|switch|p2a: Slowking|Slowking-Galar, F|82/100
|move|p1a: Latios|Flip Turn|p2a: Slowking
|-damage|p2a: Slowking|72/100
|inactive|Baddy has 120 seconds left.
|
|t:|1758990974
|switch|p1a: Ting-Lu|Ting-Lu|88/100 tox|[from] Flip Turn
|-ability|p1a: Ting-Lu|Vessel of Ruin
|
|-damage|p1a: Ting-Lu|82/100 tox|[from] psn
|upkeep
|turn|16
|inactive|Baddy has 90 seconds left.
|
|t:|1758990990
|switch|p2a: Rillaboom|Rillaboom, M|100/100
|-fieldstart|move: Grassy Terrain|[from] ability: Grassy Surge|[of] p2a: Rillaboom
|move|p1a: Ting-Lu|Spikes|p2a: Rillaboom
|-sidestart|p2: pop smoke|Spikes
|
|-heal|p1a: Ting-Lu|88/100 tox|[from] Grassy Terrain
|-damage|p1a: Ting-Lu|76/100 tox|[from] psn
|upkeep
|turn|17
|inactive|Baddy has 90 seconds left.
|
|t:|1758991006
|switch|p1a: Cinderace|Cinderace, M|100/100
|move|p2a: Rillaboom|U-turn|p1a: Cinderace
|-resisted|p1a: Cinderace
|-damage|p1a: Cinderace|84/100
|
|t:|1758991017
|switch|p2a: Slowking|Slowking-Galar, F|100/100|[from] U-turn
|
|-heal|p1a: Cinderace|90/100|[from] Grassy Terrain
|upkeep
|turn|18
|inactive|Baddy has 90 seconds left.
|
|t:|1758991039
|move|p1a: Cinderace|Pyro Ball|p2a: Slowking
|-damage|p2a: Slowking|48/100
|move|p2a: Slowking|Toxic|p1a: Cinderace
|-status|p1a: Cinderace|tox
|
|-heal|p1a: Cinderace|96/100 tox|[from] Grassy Terrain
|-heal|p2a: Slowking|54/100|[from] Grassy Terrain
|-damage|p1a: Cinderace|90/100 tox|[from] psn
|upkeep
|turn|19
|inactive|pop smoke has 150 seconds left.
|
|t:|1758991097
|move|p1a: Cinderace|U-turn|p2a: Slowking
|-damage|p2a: Slowking|34/100
|inactive|Baddy has 60 seconds left.
|
|t:|1758991130
|switch|p1a: Zamazenta|Zamazenta|100/100|[from] U-turn
|-ability|p1a: Zamazenta|Dauntless Shield|boost
|-boost|p1a: Zamazenta|def|1
|-prepare|p2a: Slowking|Chilly Reception|[premajor]
|move|p2a: Slowking|Chilly Reception|p2a: Slowking
|-weather|Snowscape
|inactive|pop smoke has 120 seconds left.
|
|t:|1758991158
|switch|p2a: Rillaboom|Rillaboom, M|100/100|[from] Chilly Reception
|
|-weather|Snowscape|[upkeep]
|upkeep
|turn|20
|inactive|Baddy has 60 seconds left.
|
|t:|1758991177
|move|p1a: Zamazenta|Ice Fang|p2a: Rillaboom
|-supereffective|p2a: Rillaboom
|-damage|p2a: Rillaboom|58/100
|move|p2a: Rillaboom|U-turn|p1a: Zamazenta
|-resisted|p1a: Zamazenta
|-damage|p1a: Zamazenta|92/100
|inactive|pop smoke has 90 seconds left.
|inactive|pop smoke has 60 seconds left.
|
|t:|1758991246
|switch|p2a: Kingambit|Kingambit, M|100/100|[from] U-turn
|-damage|p2a: Kingambit|94/100|[from] Stealth Rock
|-damage|p2a: Kingambit|82/100|[from] Spikes
|
|-weather|Snowscape|[upkeep]
|-heal|p1a: Zamazenta|99/100|[from] Grassy Terrain
|-heal|p2a: Kingambit|88/100|[from] Grassy Terrain
|-heal|p2a: Kingambit|94/100|[from] item: Leftovers
|-fieldend|move: Grassy Terrain
|upkeep
|turn|21
|inactive|pop smoke has 60 seconds left.
|inactive|Baddy has 60 seconds left.
|
|t:|1758991260
|switch|p1a: Cinderace|Cinderace, M|90/100 tox
|-terastallize|p2a: Kingambit|Fairy
|move|p2a: Kingambit|Kowtow Cleave|p1a: Cinderace
|-damage|p1a: Cinderace|26/100 tox
|
|-weather|Snowscape|[upkeep]
|-heal|p2a: Kingambit|100/100|[from] item: Leftovers
|-damage|p1a: Cinderace|20/100 tox|[from] psn
|upkeep
|turn|22
|inactive|pop smoke has 60 seconds left.
|
|t:|1758991283
|-end|p2a: Kingambit|fallenundefined|[silent]
|switch|p2a: Rotom|Rotom-Wash|67/100 brn
|-damage|p2a: Rotom|55/100 brn|[from] Stealth Rock
|move|p1a: Cinderace|U-turn|p2a: Rotom
|-damage|p2a: Rotom|39/100 brn
|
|t:|1758991295
|switch|p1a: Zamazenta|Zamazenta|99/100|[from] U-turn
|
|-weather|Snowscape|[upkeep]
|-heal|p2a: Rotom|45/100 brn|[from] item: Leftovers
|-damage|p2a: Rotom|39/100 brn|[from] brn
|upkeep
|turn|23
|
|t:|1758991303
|switch|p2a: Kingambit|Kingambit, M, tera:Fairy|100/100
|-damage|p2a: Kingambit|88/100|[from] Stealth Rock
|-damage|p2a: Kingambit|76/100|[from] Spikes
|move|p1a: Zamazenta|Close Combat|p2a: Kingambit
|-resisted|p2a: Kingambit
|-damage|p2a: Kingambit|53/100
|-unboost|p1a: Zamazenta|def|1
|-unboost|p1a: Zamazenta|spd|1
|
|-weather|none
|-heal|p2a: Kingambit|59/100|[from] item: Leftovers
|upkeep
|turn|24
|inactive|pop smoke has 60 seconds left.
|
|t:|1758991324
|switch|p1a: Corviknight|Corviknight, M|66/100
|-ability|p1a: Corviknight|Pressure
|move|p2a: Kingambit|Kowtow Cleave|p1a: Corviknight
|-crit|p1a: Corviknight
|-damage|p1a: Corviknight|7/100
|
|-heal|p2a: Kingambit|65/100|[from] item: Leftovers
|upkeep
|turn|25
|inactive|pop smoke has 60 seconds left.
|inactive|Baddy has 60 seconds left.
|
|t:|1758991341
|move|p1a: Corviknight|Brave Bird|p2a: Kingambit
|-damage|p2a: Kingambit|40/100
|-damage|p1a: Corviknight|0 fnt|[from] Recoil
|faint|p1a: Corviknight
|move|p2a: Kingambit|Swords Dance|p2a: Kingambit
|-boost|p2a: Kingambit|atk|2
|
|-heal|p2a: Kingambit|47/100|[from] item: Leftovers
|upkeep
|inactive|Baddy has 60 seconds left.
|
|t:|1758991374
|switch|p1a: Latios|Latios, M|100/100
|turn|26
|inactive|pop smoke has 60 seconds left.
|inactive|Baddy has 30 seconds left.
|
|t:|1758991396
|-end|p2a: Kingambit|fallenundefined|[silent]
|switch|p2a: Slowking|Slowking-Galar, F|68/100
|move|p1a: Latios|Trick|p2a: Slowking
|-activate|p1a: Latios|move: Trick|[of] p2a: Slowking
|-item|p2a: Slowking|Choice Scarf|[from] move: Trick
|-item|p1a: Latios|Heavy-Duty Boots|[from] move: Trick
|
|upkeep
|turn|27
|inactive|Baddy has 30 seconds left.
|
|t:|1758991408
|move|p1a: Latios|Luster Purge|p2a: Slowking
|-crit|p2a: Slowking
|-damage|p2a: Slowking|19/100
|-prepare|p2a: Slowking|Chilly Reception|[premajor]
|move|p2a: Slowking|Chilly Reception|p2a: Slowking
|-weather|Snowscape
|
|t:|1758991412
|switch|p2a: Iron Treads|Iron Treads|70/100|[from] Chilly Reception
|-damage|p2a: Iron Treads|67/100|[from] Stealth Rock
|-damage|p2a: Iron Treads|55/100|[from] Spikes
|
|-weather|Snowscape|[upkeep]
|-heal|p2a: Iron Treads|61/100|[from] item: Leftovers
|upkeep
|turn|28
|inactive|Baddy has 30 seconds left.
|
|t:|1758991430
|move|p2a: Iron Treads|Rapid Spin|p1a: Latios
|-damage|p1a: Latios|83/100
|-boost|p2a: Iron Treads|spe|1
|-sideend|p2: pop smoke|Spikes|[from] move: Rapid Spin|[of] p2a: Iron Treads
|-sideend|p2: pop smoke|Stealth Rock|[from] move: Rapid Spin|[of] p2a: Iron Treads
|move|p1a: Latios|Flip Turn|p2a: Iron Treads
|-supereffective|p2a: Iron Treads
|-damage|p2a: Iron Treads|43/100
|inactive|Baddy has 30 seconds left this turn.
|inactive|Baddy has 20 seconds left.
|
|t:|1758991443
|switch|p1a: Zamazenta|Zamazenta|99/100|[from] Flip Turn
|
|-weather|Snowscape|[upkeep]
|-heal|p2a: Iron Treads|49/100|[from] item: Leftovers
|upkeep
|turn|29
|inactive|Baddy has 30 seconds left this turn.
|inactive|pop smoke has 90 seconds left.
|
|t:|1758991466
|-end|p2a: Iron Treads|Quark Drive|[silent]
|switch|p2a: Rotom|Rotom-Wash|39/100 brn
|move|p1a: Zamazenta|Close Combat|p2a: Rotom
|-damage|p2a: Rotom|0 fnt
|-unboost|p1a: Zamazenta|def|1
|-unboost|p1a: Zamazenta|spd|1
|faint|p2a: Rotom
|
|-weather|Snowscape|[upkeep]
|upkeep
|
|t:|1758991472
|switch|p2a: Kingambit|Kingambit, M, tera:Fairy|47/100
|-activate|p2a: Kingambit|ability: Supreme Overlord
|-start|p2a: Kingambit|fallen1|[silent]
|turn|30
|inactive|Baddy has 30 seconds left.
|
|t:|1758991491
|switch|p1a: Ting-Lu|Ting-Lu|76/100 tox
|-ability|p1a: Ting-Lu|Vessel of Ruin
|move|p2a: Kingambit|Tera Blast|p1a: Ting-Lu|[anim] Tera Blast Fairy
|-supereffective|p1a: Ting-Lu
|-damage|p1a: Ting-Lu|24/100 tox
|
|-weather|Snowscape|[upkeep]
|-heal|p2a: Kingambit|53/100|[from] item: Leftovers
|-damage|p1a: Ting-Lu|18/100 tox|[from] psn
|upkeep
|turn|31
|
|t:|1758991496
|move|p2a: Kingambit|Tera Blast|p1a: Ting-Lu|[anim] Tera Blast Fairy
|-supereffective|p1a: Ting-Lu
|-damage|p1a: Ting-Lu|0 fnt
|faint|p1a: Ting-Lu
|
|-weather|none
|-heal|p2a: Kingambit|59/100|[from] item: Leftovers
|upkeep
|
|t:|1758991502
|switch|p1a: Cinderace|Cinderace, M|20/100 tox
|turn|32
|
|t:|1758991514
|-end|p2a: Kingambit|fallen1|[silent]
|switch|p2a: Slowking|Slowking-Galar, F|52/100
|move|p1a: Cinderace|Pyro Ball|p2a: Slowking
|-damage|p2a: Slowking|0 fnt
|faint|p2a: Slowking
|
|-damage|p1a: Cinderace|14/100 tox|[from] psn
|upkeep
|
|t:|1758991523
|switch|p2a: Zamazenta|Zamazenta|60/100
|turn|33
|
|t:|1758991529
|switch|p1a: Zamazenta|Zamazenta|99/100
|move|p2a: Zamazenta|Close Combat|p1a: Zamazenta
|-damage|p1a: Zamazenta|32/100
|-unboost|p2a: Zamazenta|def|1
|-unboost|p2a: Zamazenta|spd|1
|-damage|p2a: Zamazenta|50/100|[from] item: Life Orb
|
|upkeep
|turn|34
|
|t:|1758991538
|move|p1a: Zamazenta|Close Combat|p2a: Zamazenta
|-damage|p2a: Zamazenta|0 fnt
|-unboost|p1a: Zamazenta|def|1
|-unboost|p1a: Zamazenta|spd|1
|faint|p2a: Zamazenta
|
|upkeep
|
|t:|1758991546
|switch|p2a: Kingambit|Kingambit, M, tera:Fairy|59/100
|-activate|p2a: Kingambit|ability: Supreme Overlord
|-start|p2a: Kingambit|fallen3|[silent]
|turn|35
|
|t:|1758991550
|move|p1a: Zamazenta|Ice Fang|p2a: Kingambit
|-damage|p2a: Kingambit|42/100
|move|p2a: Kingambit|Tera Blast|p1a: Zamazenta|[anim] Tera Blast Fairy
|-supereffective|p1a: Zamazenta
|-damage|p1a: Zamazenta|0 fnt
|faint|p1a: Zamazenta
|
|-heal|p2a: Kingambit|48/100|[from] item: Leftovers
|upkeep
|
|t:|1758991555
|switch|p1a: Cinderace|Cinderace, M|14/100 tox
|turn|36
|inactive|pop smoke has 120 seconds left.
|inactive|pop smoke has 90 seconds left.
|inactive|pop smoke has 60 seconds left.
|inactive|pop smoke has 30 seconds left.
|
|t:|1758991668
|-end|p2a: Kingambit|fallen3|[silent]
|switch|p2a: Iron Treads|Iron Treads|49/100
|move|p1a: Cinderace|Will-O-Wisp|p2a: Iron Treads
|-status|p2a: Iron Treads|brn
|
|-heal|p2a: Iron Treads|55/100 brn|[from] item: Leftovers
|-damage|p1a: Cinderace|8/100 tox|[from] psn
|-damage|p2a: Iron Treads|49/100 brn|[from] brn
|upkeep
|turn|37
|inactive|pop smoke has 30 seconds left.
|
|t:|1758991683
|move|p1a: Cinderace|U-turn|p2a: Iron Treads
|-resisted|p2a: Iron Treads
|-damage|p2a: Iron Treads|42/100 brn
|
|t:|1758991685
|switch|p1a: Latios|Latios, M|83/100|[from] U-turn
|move|p2a: Iron Treads|Ice Spinner|p1a: Latios
|-supereffective|p1a: Latios
|-damage|p1a: Latios|50/100
|
|-heal|p2a: Iron Treads|48/100 brn|[from] item: Leftovers
|-damage|p2a: Iron Treads|42/100 brn|[from] brn
|upkeep
|turn|38
|
|t:|1758991697
|move|p1a: Latios|Draco Meteor|p2a: Iron Treads
|-resisted|p2a: Iron Treads
|-damage|p2a: Iron Treads|0 fnt
|-unboost|p1a: Latios|spa|2
|faint|p2a: Iron Treads
|-end|p2a: Iron Treads|Quark Drive|[silent]
|
|upkeep
|inactive|pop smoke has 30 seconds left.
|
|t:|1758991715
|switch|p2a: Kingambit|Kingambit, M, tera:Fairy|48/100
|-activate|p2a: Kingambit|ability: Supreme Overlord
|-start|p2a: Kingambit|fallen4|[silent]
|turn|39
|
|t:|1758991721
|switch|p1a: Cinderace|Cinderace, M|8/100 tox
|move|p2a: Kingambit|Kowtow Cleave|p1a: Cinderace
|-damage|p1a: Cinderace|0 fnt
|faint|p1a: Cinderace
|
|-heal|p2a: Kingambit|54/100|[from] item: Leftovers
|upkeep
|
|t:|1758991723
|switch|p1a: Latios|Latios, M|50/100
|turn|40
|
|t:|1758991739
|-end|p2a: Kingambit|fallen4|[silent]
|switch|p2a: Rillaboom|Rillaboom, M|58/100
|-fieldstart|move: Grassy Terrain|[from] ability: Grassy Surge|[of] p2a: Rillaboom
|move|p1a: Latios|Trick|p2a: Rillaboom
|-activate|p1a: Latios|move: Trick|[of] p2a: Rillaboom
|-item|p2a: Rillaboom|Heavy-Duty Boots|[from] move: Trick
|-item|p1a: Latios|Heavy-Duty Boots|[from] move: Trick
|
|-heal|p2a: Rillaboom|64/100|[from] Grassy Terrain
|upkeep
|turn|41
|
|t:|1758991748
|move|p1a: Latios|Luster Purge|p2a: Rillaboom
|-damage|p2a: Rillaboom|1/100
|move|p2a: Rillaboom|Knock Off|p1a: Latios
|-supereffective|p1a: Latios
|-damage|p1a: Latios|0 fnt
|-enditem|p1a: Latios|Heavy-Duty Boots|[from] move: Knock Off|[of] p2a: Rillaboom
|faint|p1a: Latios
|
|win|pop smoke
|c|☆pop smoke|gg
|c|☆Baddy|gg
