|j|☆Bigballingboi
|j|☆you should now
|t:|1758953473
|gametype|singles
|player|p1|Bigballingboi|170|1482
|player|p2|you should now|170|1474
|gen|9
|tier|[Gen 9] OU
|rated|
|rule|HP Percentage Mod: HP is shown in percentages
|rule|Endless Battle Clause: Forcing endless battles is banned
|rule|Species Clause: Limit one of each Pokémon
|rule|OHKO Clause: OHKO moves are banned
|rule|Evasion Items Clause: Evasion items are banned
|rule|Evasion Moves Clause: Evasion moves are banned
|rule|Evasion Abilities Clause: Evasion abilities are banned
|rule|Sleep Moves Clause: Sleep-inducing moves are banned
|clearpoke
|poke|p1|Kyurem|
|poke|p1|Slowking-Galar, M|
|poke|p1|Cinderace, F|
|poke|p1|Raging Bolt|
|poke|p1|Great Tusk|
|poke|p1|Meowscarada, M|
|poke|p2|Meloetta|
|poke|p2|Iron Moth|
|poke|p2|Corviknight, M|
|poke|p2|Slowking-Galar, F|
|poke|p2|Great Tusk|
|poke|p2|Lokix, F|
|teampreview
|inactive|Battle timer is ON: inactive players will automatically lose when time's up. (requested by Bigballingboi)
|
|t:|1758953491
|teamsize|p1|6
|teamsize|p2|6
|start
|switch|p1a: Meowscarada|Meowscarada, M|100/100
|switch|p2a: Meloetta|Meloetta|100/100
|turn|1
|
|t:|1758953499
|switch|p2a: Corviknight|Corviknight, M|100/100
|-ability|p2a: Corviknight|Pressure
|move|p1a: Meowscarada|Knock Off|p2a: Corviknight
|-start|p1a: Meowscarada|typechange|Dark|[from] ability: Protean
|-damage|p2a: Corviknight|58/100
|-damage|p1a: Meowscarada|84/100|[from] item: Rocky Helmet|[of] p2a: Corviknight
|-enditem|p2a: Corviknight|Rocky Helmet|[from] move: Knock Off|[of] p1a: Meowscarada
|
|upkeep
|turn|2
|
|t:|1758953510
|move|p1a: Meowscarada|Knock Off|p2a: Corviknight
|-damage|p2a: Corviknight|30/100
|move|p2a: Corviknight|U-turn|p1a: Meowscarada
|-supereffective|p1a: Meowscarada
|-damage|p1a: Meowscarada|39/100
|
|t:|1758953523
|switch|p2a: Great Tusk|Great Tusk|100/100|[from] U-turn
|
|upkeep
|turn|3
|
|t:|1758953538
|switch|p1a: Great Tusk|Great Tusk|100/100
|move|p2a: Great Tusk|Headlong Rush|p1a: Great Tusk
|-damage|p1a: Great Tusk|59/100
|-unboost|p2a: Great Tusk|def|1
|-unboost|p2a: Great Tusk|spd|1
|
|upkeep
|turn|4
|
|t:|1758953560
|-end|p2a: Great Tusk|Protosynthesis|[silent]
|switch|p2a: Meloetta|Meloetta|100/100
|move|p1a: Great Tusk|Stealth Rock|p2a: Meloetta
|-sidestart|p2: you should now|move: Stealth Rock
|
|upkeep
|turn|5
|
|t:|1758953566
|move|p2a: Meloetta|Knock Off|p1a: Great Tusk
|-resisted|p1a: Great Tusk
|-damage|p1a: Great Tusk|53/100
|-enditem|p1a: Great Tusk|Heavy-Duty Boots|[from] move: Knock Off|[of] p2a: Meloetta
|move|p1a: Great Tusk|Headlong Rush|p2a: Meloetta
|-damage|p2a: Meloetta|25/100
|-unboost|p1a: Great Tusk|def|1
|-unboost|p1a: Great Tusk|spd|1
|
|upkeep
|turn|6
|
|t:|1758953576
|move|p2a: Meloetta|Knock Off|p1a: Great Tusk
|-resisted|p1a: Great Tusk
|-damage|p1a: Great Tusk|47/100
|move|p1a: Great Tusk|Rapid Spin|p2a: Meloetta
|-damage|p2a: Meloetta|4/100
|-boost|p1a: Great Tusk|spe|1
|
|upkeep
|turn|7
|-message|you should now forfeited.
|
|win|Bigballingboi
|raw|Bigballingboi's rating: 1482 &rarr; <strong>1502</strong><br />(+20 for winning)
|raw|you should now's rating: 1474 &rarr; <strong>1454</strong><br />(-20 for losing)
|l|☆you should now
|player|p2|
|j| T1CKLEWISH
|l| T1CKLEWISH
|l|☆Bigballingboi
|player|p1|
