|j|☆wszzl
|j|☆Icky_Icky(0w0)
|t:|1759035491
|gametype|singles
|player|p1|wszzl|101|1254
|player|p2|Icky_Icky(0w0)|102|1325
|gen|9
|tier|[Gen 9] OU
|rated|
|rule|HP Percentage Mod: HP is shown in percentages
|rule|Endless Battle Clause: Forcing endless battles is banned
|rule|Species Clause: Limit one of each Pokémon
|rule|OHKO Clause: OHKO moves are banned
|rule|Evasion Items Clause: Evasion items are banned
|rule|Evasion Moves Clause: Evasion moves are banned
|rule|Evasion Abilities Clause: Evasion abilities are banned
|rule|Sleep Moves Clause: Sleep-inducing moves are banned
|clearpoke
|poke|p1|Samurott-Hisui, M|
|poke|p1|Mamoswine, F|
|poke|p1|Volcanion|
|poke|p1|Hydrapple, M|
|poke|p1|Gholdengo|
|poke|p1|Landorus-Therian, M|
|poke|p2|Iron Crown|
|poke|p2|Great Tusk|
|poke|p2|Pecharunt|
|poke|p2|Ogerpon-Wellspring, F|
|poke|p2|Gliscor, F|
|poke|p2|Kyurem|
|teampreview
|
|t:|1759035505
|teamsize|p1|6
|teamsize|p2|6
|start
|switch|p1a: Landorus|Landorus-Therian, M|100/100
|switch|p2a: Ogerpon|Ogerpon-Wellspring, F|100/100
|-ability|p1a: Landorus|Intimidate|boost
|-unboost|p2a: Ogerpon|atk|1
|turn|1
|
|t:|1759035510
|move|p1a: Landorus|U-turn|p2a: Ogerpon
|-supereffective|p2a: Ogerpon
|-damage|p2a: Ogerpon|43/100
|
|t:|1759035512
|switch|p1a: Hydrapple|Hydrapple, M|100/100|[from] U-turn
|move|p2a: Ogerpon|Swords Dance|p2a: Ogerpon
|-boost|p2a: Ogerpon|atk|2
|
|upkeep
|turn|2
|
|t:|1759035522
|switch|p2a: Iron Crown|Iron Crown|100/100
|move|p1a: Hydrapple|Giga Drain|p2a: Iron Crown
|-resisted|p2a: Iron Crown
|-damage|p2a: Iron Crown|88/100
|
|upkeep
|turn|3
|
|t:|1759035532
|move|p2a: Iron Crown|Agility|p2a: Iron Crown
|-boost|p2a: Iron Crown|spe|2
|move|p1a: Hydrapple|Earth Power|p2a: Iron Crown
|-supereffective|p2a: Iron Crown
|-damage|p2a: Iron Crown|47/100
|-unboost|p2a: Iron Crown|spd|1
|-enditem|p2a: Iron Crown|Weakness Policy
|-boost|p2a: Iron Crown|atk|2|[from] item: Weakness Policy
|-boost|p2a: Iron Crown|spa|2|[from] item: Weakness Policy
|
|upkeep
|turn|4
|
|t:|1759035540
|move|p2a: Iron Crown|Stored Power|p1a: Hydrapple
|-damage|p1a: Hydrapple|0 fnt
|faint|p1a: Hydrapple
|
|upkeep
|
|t:|1759035546
|switch|p1a: Samurott|Samurott-Hisui, M|100/100
|turn|5
|
|t:|1759035551
|move|p2a: Iron Crown|Iron Defense|p2a: Iron Crown
|-boost|p2a: Iron Crown|def|2
|move|p1a: Samurott|Sacred Sword|p2a: Iron Crown
|-damage|p2a: Iron Crown|1/100
|
|upkeep
|turn|6
|
|t:|1759035556
|move|p1a: Samurott|Aqua Jet|p2a: Iron Crown
|-damage|p2a: Iron Crown|0 fnt
|faint|p2a: Iron Crown
|-end|p2a: Iron Crown|Quark Drive|[silent]
|
|upkeep
|
|t:|1759035567
|switch|p2a: Ogerpon|Ogerpon-Wellspring, F|43/100
|turn|7
|
|t:|1759035577
|switch|p1a: Volcanion|Volcanion|100/100
|move|p2a: Ogerpon|Horn Leech|p1a: Volcanion
|-damage|p1a: Volcanion|71/100
|-heal|p2a: Ogerpon|61/100|[from] drain|[of] p1a: Volcanion
|
|upkeep
|turn|8
|
|t:|1759035591
|-terastallize|p2a: Ogerpon|Water
|detailschange|p2a: Ogerpon|Ogerpon-Wellspring-Tera, F, tera:Water
|-ability|p2a: Ogerpon|Embody Aspect (Wellspring)|boost
|-boost|p2a: Ogerpon|spd|1
|move|p2a: Ogerpon|Horn Leech|p1a: Volcanion
|-damage|p1a: Volcanion|39/100
|-heal|p2a: Ogerpon|80/100|[from] drain|[of] p1a: Volcanion
|move|p1a: Volcanion|Will-O-Wisp|p2a: Ogerpon
|-status|p2a: Ogerpon|brn
|
|-damage|p2a: Ogerpon|74/100 brn|[from] brn
|upkeep
|turn|9
|
|t:|1759035601
|move|p2a: Ogerpon|Swords Dance|p2a: Ogerpon
|-boost|p2a: Ogerpon|atk|2
|move|p1a: Volcanion|Earth Power|p2a: Ogerpon
|-damage|p2a: Ogerpon|53/100 brn
|-unboost|p2a: Ogerpon|spd|1
|
|-damage|p2a: Ogerpon|47/100 brn|[from] brn
|upkeep
|turn|10
|
|t:|1759035610
|move|p2a: Ogerpon|Knock Off|p1a: Volcanion
|-damage|p1a: Volcanion|16/100
|-enditem|p1a: Volcanion|Heavy-Duty Boots|[from] move: Knock Off|[of] p2a: Ogerpon
|move|p1a: Volcanion|Earth Power|p2a: Ogerpon
|-damage|p2a: Ogerpon|15/100 brn
|-unboost|p2a: Ogerpon|spd|1
|
|-damage|p2a: Ogerpon|9/100 brn|[from] brn
|upkeep
|turn|11
|
|t:|1759035615
|move|p2a: Ogerpon|Horn Leech|p1a: Volcanion
|-damage|p1a: Volcanion|0 fnt
|-heal|p2a: Ogerpon|18/100 brn|[from] drain|[of] p1a: Volcanion
|faint|p1a: Volcanion
|
|-damage|p2a: Ogerpon|12/100 brn|[from] brn
|upkeep
|
|t:|1759035641
|switch|p1a: Landorus|Landorus-Therian, M|100/100
|-ability|p1a: Landorus|Intimidate|boost
|-unboost|p2a: Ogerpon|atk|1
|turn|12
|
|t:|1759035648
|move|p1a: Landorus|U-turn|p2a: Ogerpon
|-damage|p2a: Ogerpon|0 fnt
|faint|p2a: Ogerpon
|detailschange|p2: Ogerpon|Ogerpon-Wellspring, F|[silent]
|
|t:|1759035651
|switch|p1a: Samurott|Samurott-Hisui, M|100/100|[from] U-turn
|
|upkeep
|
|t:|1759035657
|switch|p2a: Great Tusk|Great Tusk|100/100
|turn|13
|
|t:|1759035661
|-terastallize|p1a: Samurott|Fairy
|move|p2a: Great Tusk|Close Combat|p1a: Samurott
|-resisted|p1a: Samurott
|-damage|p1a: Samurott|74/100
|-unboost|p2a: Great Tusk|def|1
|-unboost|p2a: Great Tusk|spd|1
|move|p1a: Samurott|Razor Shell|p2a: Great Tusk
|-supereffective|p2a: Great Tusk
|-damage|p2a: Great Tusk|0 fnt
|faint|p2a: Great Tusk
|-end|p2a: Great Tusk|Protosynthesis|[silent]
|
|upkeep
|
|t:|1759035674
|switch|p2a: Kyurem|Kyurem|100/100
|-ability|p2a: Kyurem|Pressure
|turn|14
|
|t:|1759035683
|move|p2a: Kyurem|Icicle Spear|p1a: Samurott
|-damage|p1a: Samurott|61/100
|-damage|p1a: Samurott|49/100
|-damage|p1a: Samurott|38/100
|-damage|p1a: Samurott|26/100
|-damage|p1a: Samurott|13/100
|-hitcount|p1a: Samurott|5
|move|p1a: Samurott|Sacred Sword|p2a: Kyurem
|-supereffective|p2a: Kyurem
|-damage|p2a: Kyurem|30/100
|
|upkeep
|turn|15
|
|t:|1759035692
|move|p1a: Samurott|Aqua Jet|p2a: Kyurem
|-resisted|p2a: Kyurem
|-damage|p2a: Kyurem|22/100
|move|p2a: Kyurem|Icicle Spear|p1a: Samurott
|-damage|p1a: Samurott|2/100
|-damage|p1a: Samurott|0 fnt
|faint|p1a: Samurott
|-hitcount|p1: Samurott|2
|
|upkeep
|
|t:|1759035696
|switch|p1a: Landorus|Landorus-Therian, M|100/100
|-ability|p1a: Landorus|Intimidate|boost
|-unboost|p2a: Kyurem|atk|1
|turn|16
|
|t:|1759035703
|move|p2a: Kyurem|Protect|p2a: Kyurem
|-singleturn|p2a: Kyurem|Protect
|move|p1a: Landorus|U-turn|p2a: Kyurem
|-activate|p2a: Kyurem|move: Protect
|
|upkeep
|turn|17
|
|t:|1759035716
|switch|p1a: Mamoswine|Mamoswine, F|100/100
|switch|p2a: Pecharunt|Pecharunt|100/100
|
|upkeep
|turn|18
|
|t:|1759035722
|move|p1a: Mamoswine|Stealth Rock|p2a: Pecharunt
|-sidestart|p2: Icky_Icky(0w0)|move: Stealth Rock
|move|p2a: Pecharunt|Malignant Chain|p1a: Mamoswine
|-resisted|p1a: Mamoswine
|-damage|p1a: Mamoswine|69/100
|-status|p1a: Mamoswine|tox
|-start|p1a: Mamoswine|confusion|[from] ability: Poison Puppeteer|[of] p2a: Pecharunt
|
|-damage|p1a: Mamoswine|63/100 tox|[from] psn
|upkeep
|turn|19
|
|t:|1759035732
|-activate|p1a: Mamoswine|confusion
|move|p1a: Mamoswine|Earthquake|p2a: Pecharunt
|-supereffective|p2a: Pecharunt
|-damage|p2a: Pecharunt|0 fnt
|faint|p2a: Pecharunt
|-damage|p1a: Mamoswine|53/100 tox|[from] item: Life Orb
|
|-damage|p1a: Mamoswine|41/100 tox|[from] psn
|upkeep
|inactive|Battle timer is ON: inactive players will automatically lose when time's up. (requested by wszzl)
|
|t:|1759035748
|switch|p2a: Kyurem|Kyurem|22/100
|-damage|p2a: Kyurem|0 fnt|[from] Stealth Rock
|faint|p2a: Kyurem
|
|t:|1759035753
|switch|p2a: Gliscor|Gliscor, F|100/100
|-damage|p2a: Gliscor|88/100|[from] Stealth Rock
|turn|20
|
|t:|1759035757
|switch|p1a: Landorus|Landorus-Therian, M|100/100
|-ability|p1a: Landorus|Intimidate|boost
|-unboost|p2a: Gliscor|atk|1
|move|p2a: Gliscor|Protect||[still]
|-fail|p2a: Gliscor
|
|-status|p2a: Gliscor|tox|[from] item: Toxic Orb
|upkeep
|turn|21
|
|t:|1759035761
|move|p1a: Landorus|Stone Edge|p2a: Gliscor
|-damage|p2a: Gliscor|57/100 tox
|move|p2a: Gliscor|Stealth Rock|p1a: Landorus
|-sidestart|p1: wszzl|move: Stealth Rock
|
|-heal|p2a: Gliscor|69/100 tox|[from] ability: Poison Heal
|upkeep
|turn|22
|
|t:|1759035767
|switch|p1a: Gholdengo|Gholdengo|100/100
|-damage|p1a: Gholdengo|94/100|[from] Stealth Rock
|-item|p1a: Gholdengo|Air Balloon
|move|p2a: Gliscor|Protect||[still]
|-fail|p2a: Gliscor
|
|-heal|p2a: Gliscor|81/100 tox|[from] ability: Poison Heal
|upkeep
|turn|23
|
|t:|1759035771
|move|p2a: Gliscor|Knock Off|p1a: Gholdengo
|-supereffective|p1a: Gholdengo
|-damage|p1a: Gholdengo|62/100
|-enditem|p1a: Gholdengo|Air Balloon
|move|p1a: Gholdengo|Hex|p2a: Gliscor
|-damage|p2a: Gliscor|31/100 tox
|
|-heal|p2a: Gliscor|43/100 tox|[from] ability: Poison Heal
|upkeep
|turn|24
|
|t:|1759035776
|move|p2a: Gliscor|Protect|p2a: Gliscor
|-singleturn|p2a: Gliscor|Protect
|move|p1a: Gholdengo|Hex|p2a: Gliscor
|-activate|p2a: Gliscor|move: Protect
|
|-heal|p2a: Gliscor|56/100 tox|[from] ability: Poison Heal
|upkeep
|turn|25
|l|☆wszzl
|inactive|wszzl disconnected and has a minute to reconnect!
|player|p1|
|j|☆wszzl
|inactive|wszzl reconnected and has 110 seconds left.
|player|p1|wszzl|101|
|
|t:|1759035822
|move|p2a: Gliscor|Earthquake|p1a: Gholdengo
|-supereffective|p1a: Gholdengo
|-damage|p1a: Gholdengo|17/100
|move|p1a: Gholdengo|Hex|p2a: Gliscor
|-damage|p2a: Gliscor|5/100 tox
|
|-heal|p2a: Gliscor|17/100 tox|[from] ability: Poison Heal
|upkeep
|turn|26
|
|t:|1759035848
|move|p2a: Gliscor|Protect|p2a: Gliscor
|-singleturn|p2a: Gliscor|Protect
|move|p1a: Gholdengo|Recover|p1a: Gholdengo
|-heal|p1a: Gholdengo|67/100
|
|-heal|p2a: Gliscor|30/100 tox|[from] ability: Poison Heal
|upkeep
|turn|27
|
|t:|1759035854
|move|p2a: Gliscor|Earthquake|p1a: Gholdengo
|-supereffective|p1a: Gholdengo
|-damage|p1a: Gholdengo|22/100
|move|p1a: Gholdengo|Hex|p2a: Gliscor
|-damage|p2a: Gliscor|0 fnt
|faint|p2a: Gliscor
|
|win|wszzl
|raw|wszzl's rating: 1254 &rarr; <strong>1284</strong><br />(+30 for winning)
|raw|Icky_Icky(0w0)'s rating: 1325 &rarr; <strong>1301</strong><br />(-24 for losing)
|c|☆wszzl|gg
|c|☆Icky_Icky(0w0)|gg
|l|☆wszzl
|player|p1|
|l|☆Icky_Icky(0w0)
|player|p2|
