|j|☆agc member
|j|☆apersonorsomething
|t:|1759057349
|gametype|singles
|player|p1|agc member|brendan-e|1590
|player|p2|apersonorsomething|266|1561
|gen|9
|tier|[Gen 9] OU
|rated|
|rule|HP Percentage Mod: HP is shown in percentages
|rule|Endless Battle Clause: Forcing endless battles is banned
|rule|Species Clause: Limit one of each Pokémon
|rule|OHKO Clause: OHKO moves are banned
|rule|Evasion Items Clause: Evasion items are banned
|rule|Evasion Moves Clause: Evasion moves are banned
|rule|Evasion Abilities Clause: Evasion abilities are banned
|rule|Sleep Moves Clause: Sleep-inducing moves are banned
|clearpoke
|poke|p1|Iron Treads|
|poke|p1|Zapdos|
|poke|p1|Samurott-Hisui, M|
|poke|p1|Latios, M|
|poke|p1|Rillaboom, M|
|poke|p1|Sandy Shocks|
|poke|p2|Tornadus-Therian, M|
|poke|p2|Gholdengo|
|poke|p2|Zamazenta-*|
|poke|p2|Iron Treads|
|poke|p2|Ting-Lu|
|poke|p2|Raging Bolt|
|teampreview
|inactive|Battle timer is ON: inactive players will automatically lose when time's up. (requested by apersonorsomething)
|inactive|agc member also wants the timer to be on.
|j| pika2333
|
|t:|1759057378
|teamsize|p1|6
|teamsize|p2|6
|start
|switch|p1a: Samurott|Samurott-Hisui, M, shiny|100/100
|switch|p2a: Ting-Lu|Ting-Lu|100/100
|-ability|p2a: Ting-Lu|Vessel of Ruin
|turn|1
|
|t:|1759057384
|move|p1a: Samurott|Razor Shell|p2a: Ting-Lu
|-supereffective|p2a: Ting-Lu
|-damage|p2a: Ting-Lu|50/100
|-unboost|p2a: Ting-Lu|def|1
|-enditem|p2a: Ting-Lu|Weakness Policy
|-boost|p2a: Ting-Lu|atk|2|[from] item: Weakness Policy
|-boost|p2a: Ting-Lu|spa|2|[from] item: Weakness Policy
|move|p2a: Ting-Lu|Earthquake|p1a: Samurott
|-damage|p1a: Samurott|0 fnt
|faint|p1a: Samurott
|
|upkeep
|
|t:|1759057398
|switch|p1a: Rillaboom|Rillaboom, M, shiny|100/100
|-fieldstart|move: Grassy Terrain|[from] ability: Grassy Surge|[of] p1a: Rillaboom
|turn|2
|j| wgw2333
|
|t:|1759057405
|switch|p2a: Tornadus|Tornadus-Therian, M|100/100
|move|p1a: Rillaboom|Wood Hammer|p2a: Tornadus
|-resisted|p2a: Tornadus
|-damage|p2a: Tornadus|20/100
|-damage|p1a: Rillaboom|77/100|[from] Recoil
|
|-heal|p1a: Rillaboom|83/100|[from] Grassy Terrain
|upkeep
|turn|3
|
|t:|1759057419
|switch|p1a: Sandy Shocks|Sandy Shocks|100/100
|-enditem|p1a: Sandy Shocks|Booster Energy
|-activate|p1a: Sandy Shocks|ability: Protosynthesis|[fromitem]
|-start|p1a: Sandy Shocks|protosynthesisspe
|move|p2a: Tornadus|Bleakwind Storm|p1a: Sandy Shocks
|-resisted|p1a: Sandy Shocks
|-damage|p1a: Sandy Shocks|66/100
|-unboost|p1a: Sandy Shocks|spe|1
|-damage|p2a: Tornadus|11/100|[from] item: Life Orb
|
|-heal|p1a: Sandy Shocks|73/100|[from] Grassy Terrain
|upkeep
|turn|4
|
|t:|1759057441
|switch|p2a: Ting-Lu|Ting-Lu|50/100
|-ability|p2a: Ting-Lu|Vessel of Ruin
|move|p1a: Sandy Shocks|Stealth Rock|p2a: Ting-Lu
|-sidestart|p2: apersonorsomething|move: Stealth Rock
|
|-heal|p1a: Sandy Shocks|79/100|[from] Grassy Terrain
|-heal|p2a: Ting-Lu|56/100|[from] Grassy Terrain
|upkeep
|turn|5
|j| LuLuNaNaRaRa
|
|t:|1759057454
|-end|p1a: Sandy Shocks|Protosynthesis|[silent]
|switch|p1a: Rillaboom|Rillaboom, M, shiny|83/100
|move|p2a: Ting-Lu|Payback|p1a: Rillaboom
|-damage|p1a: Rillaboom|58/100
|
|-heal|p1a: Rillaboom|64/100|[from] Grassy Terrain
|-heal|p2a: Ting-Lu|63/100|[from] Grassy Terrain
|upkeep
|turn|6
|inactive|apersonorsomething has 120 seconds left.
|
|t:|1759057489
|switch|p2a: Raging Bolt|Raging Bolt|100/100
|-damage|p2a: Raging Bolt|88/100|[from] Stealth Rock
|-enditem|p2a: Raging Bolt|Booster Energy
|-activate|p2a: Raging Bolt|ability: Protosynthesis|[fromitem]
|-start|p2a: Raging Bolt|protosynthesisspa
|move|p1a: Rillaboom|Wood Hammer|p2a: Raging Bolt
|-resisted|p2a: Raging Bolt
|-damage|p2a: Raging Bolt|37/100
|-damage|p1a: Rillaboom|42/100|[from] Recoil
|
|-heal|p1a: Rillaboom|48/100|[from] Grassy Terrain
|-heal|p2a: Raging Bolt|43/100|[from] Grassy Terrain
|-fieldend|move: Grassy Terrain
|upkeep
|turn|7
|
|t:|1759057503
|switch|p1a: mecha dumbo|Iron Treads, shiny|100/100
|move|p2a: Raging Bolt|Dragon Pulse|p1a: mecha dumbo
|-resisted|p1a: mecha dumbo
|-damage|p1a: mecha dumbo|72/100
|
|upkeep
|turn|8
|
|t:|1759057523
|-end|p2a: Raging Bolt|Protosynthesis|[silent]
|switch|p2a: Ting-Lu|Ting-Lu|63/100
|-damage|p2a: Ting-Lu|56/100|[from] Stealth Rock
|-ability|p2a: Ting-Lu|Vessel of Ruin
|move|p1a: mecha dumbo|High Horsepower|p2a: Ting-Lu
|-damage|p2a: Ting-Lu|32/100
|
|upkeep
|turn|9
|
|t:|1759057532
|switch|p2a: Gholdengo|Gholdengo|100/100
|-damage|p2a: Gholdengo|94/100|[from] Stealth Rock
|-item|p2a: Gholdengo|Air Balloon
|move|p1a: mecha dumbo|Ice Spinner|p2a: Gholdengo
|-resisted|p2a: Gholdengo
|-crit|p2a: Gholdengo
|-damage|p2a: Gholdengo|78/100
|-enditem|p2a: Gholdengo|Air Balloon
|
|upkeep
|turn|10
|l| pika2333
|
|t:|1759057548
|switch|p2a: Ting-Lu|Ting-Lu|32/100
|-damage|p2a: Ting-Lu|26/100|[from] Stealth Rock
|-ability|p2a: Ting-Lu|Vessel of Ruin
|move|p1a: mecha dumbo|High Horsepower|p2a: Ting-Lu|[miss]
|-miss|p1a: mecha dumbo|p2a: Ting-Lu
|
|upkeep
|turn|11
|
|t:|1759057556
|move|p1a: mecha dumbo|Ice Spinner|p2a: Ting-Lu
|-supereffective|p2a: Ting-Lu
|-damage|p2a: Ting-Lu|0 fnt
|faint|p2a: Ting-Lu
|
|upkeep
|inactive|apersonorsomething has 90 seconds left.
|
|t:|1759057582
|switch|p2a: Tornadus|Tornadus-Therian, M|44/100
|-damage|p2a: Tornadus|19/100|[from] Stealth Rock
|turn|12
|
|t:|1759057589
|move|p2a: Tornadus|Focus Blast|p1a: mecha dumbo
|-supereffective|p1a: mecha dumbo
|-damage|p1a: mecha dumbo|0 fnt
|faint|p1a: mecha dumbo
|-end|p1a: mecha dumbo|Quark Drive|[silent]
|-damage|p2a: Tornadus|9/100|[from] item: Life Orb
|
|upkeep
|inactive|agc member has 120 seconds left.
|
|t:|1759057621
|switch|p1a: Latios|Latios, M, shiny|100/100
|turn|13
|
|t:|1759057628
|switch|p2a: Iron Treads|Iron Treads|100/100
|-damage|p2a: Iron Treads|98/100|[from] Stealth Rock
|-enditem|p2a: Iron Treads|Booster Energy
|-activate|p2a: Iron Treads|ability: Quark Drive|[fromitem]
|-start|p2a: Iron Treads|quarkdrivespe
|move|p1a: Latios|Luster Purge|p2a: Iron Treads
|-resisted|p2a: Iron Treads
|-damage|p2a: Iron Treads|62/100
|-unboost|p2a: Iron Treads|spd|1
|
|upkeep
|turn|14
|
|t:|1759057639
|move|p2a: Iron Treads|Rapid Spin|p1a: Latios
|-damage|p1a: Latios|78/100
|-boost|p2a: Iron Treads|spe|1
|-sideend|p2: apersonorsomething|Stealth Rock|[from] move: Rapid Spin|[of] p2a: Iron Treads
|move|p1a: Latios|Luster Purge|p2a: Iron Treads
|-resisted|p2a: Iron Treads
|-damage|p2a: Iron Treads|8/100
|
|upkeep
|turn|15
|
|t:|1759057650
|move|p2a: Iron Treads|Ice Spinner|p1a: Latios
|-supereffective|p1a: Latios
|-damage|p1a: Latios|11/100
|move|p1a: Latios|Luster Purge|p2a: Iron Treads
|-resisted|p2a: Iron Treads
|-damage|p2a: Iron Treads|0 fnt
|faint|p2a: Iron Treads
|-end|p2a: Iron Treads|Quark Drive|[silent]
|
|upkeep
|inactive|apersonorsomething has 120 seconds left.
|
|t:|1759057659
|switch|p2a: Gholdengo|Gholdengo|78/100
|turn|16
|
|t:|1759057665
|switch|p1a: Sandy Shocks|Sandy Shocks|79/100
|move|p2a: Gholdengo|Shadow Ball|p1a: Sandy Shocks
|-damage|p1a: Sandy Shocks|28/100
|
|upkeep
|turn|17
|
|t:|1759057672
|switch|p2a: Tornadus|Tornadus-Therian, M|42/100
|move|p1a: Sandy Shocks|Earth Power|p2a: Tornadus
|-immune|p2a: Tornadus
|
|upkeep
|turn|18
|
|t:|1759057679
|-end|p1a: Sandy Shocks|Protosynthesis|[silent]
|switch|p1a: electro|Zapdos, shiny|100/100
|move|p2a: Tornadus|Dark Pulse|p1a: electro
|-damage|p1a: electro|64/100
|-damage|p2a: Tornadus|33/100|[from] item: Life Orb
|
|upkeep
|turn|19
|
|t:|1759057686
|switch|p2a: Raging Bolt|Raging Bolt|43/100
|move|p1a: electro|Roost|p1a: electro
|-heal|p1a: electro|100/100
|-singleturn|p1a: electro|move: Roost
|
|upkeep
|turn|20
|
|t:|1759057694
|move|p1a: electro|Volt Switch|p2a: Raging Bolt
|-resisted|p2a: Raging Bolt
|-damage|p2a: Raging Bolt|36/100
|
|t:|1759057707
|switch|p1a: Latios|Latios, M, shiny|11/100|[from] Volt Switch
|move|p2a: Raging Bolt|Dragon Pulse|p1a: Latios
|-supereffective|p1a: Latios
|-crit|p1a: Latios
|-damage|p1a: Latios|0 fnt
|faint|p1a: Latios
|
|upkeep
|
|t:|1759057714
|switch|p1a: Rillaboom|Rillaboom, M, shiny|48/100
|-fieldstart|move: Grassy Terrain|[from] ability: Grassy Surge|[of] p1a: Rillaboom
|turn|21
|
|t:|1759057733
|move|p1a: Rillaboom|Wood Hammer|p2a: Raging Bolt
|-resisted|p2a: Raging Bolt
|-damage|p2a: Raging Bolt|0 fnt
|faint|p2a: Raging Bolt
|-end|p2a: Raging Bolt|Protosynthesis|[silent]
|-damage|p1a: Rillaboom|32/100|[from] Recoil
|
|-heal|p1a: Rillaboom|38/100|[from] Grassy Terrain
|upkeep
|inactive|apersonorsomething has 120 seconds left.
|inactive|apersonorsomething has 90 seconds left.
|
|t:|1759057797
|switch|p2a: Gholdengo|Gholdengo|78/100
|turn|22
|
|t:|1759057809
|move|p1a: Rillaboom|Wood Hammer|p2a: Gholdengo
|-resisted|p2a: Gholdengo
|-damage|p2a: Gholdengo|20/100
|-damage|p1a: Rillaboom|17/100|[from] Recoil
|move|p2a: Gholdengo|Shadow Ball|p1a: Rillaboom
|-damage|p1a: Rillaboom|0 fnt
|faint|p1a: Rillaboom
|
|-heal|p2a: Gholdengo|26/100|[from] Grassy Terrain
|upkeep
|
|t:|1759057819
|switch|p1a: Sandy Shocks|Sandy Shocks|28/100
|turn|23
|
|t:|1759057824
|switch|p2a: Zamazenta|Zamazenta|100/100
|-ability|p2a: Zamazenta|Dauntless Shield|boost
|-boost|p2a: Zamazenta|def|1
|move|p1a: Sandy Shocks|Thunderbolt|p2a: Zamazenta
|-damage|p2a: Zamazenta|59/100
|
|-heal|p2a: Zamazenta|65/100|[from] Grassy Terrain
|-heal|p2a: Zamazenta|71/100|[from] item: Leftovers
|-heal|p1a: Sandy Shocks|35/100|[from] Grassy Terrain
|upkeep
|turn|24
|
|t:|1759057834
|switch|p2a: Tornadus|Tornadus-Therian, M|66/100
|-end|p1a: Sandy Shocks|Protosynthesis|[silent]
|switch|p1a: electro|Zapdos, shiny|100/100
|
|upkeep
|turn|25
|
|t:|1759057840
|move|p2a: Tornadus|Dark Pulse|p1a: electro
|-damage|p1a: electro|68/100
|-damage|p2a: Tornadus|56/100|[from] item: Life Orb
|move|p1a: electro|Volt Switch|p2a: Tornadus
|-supereffective|p2a: Tornadus
|-damage|p2a: Tornadus|0 fnt
|faint|p2a: Tornadus
|
|t:|1759057848
|switch|p1a: Sandy Shocks|Sandy Shocks|35/100|[from] Volt Switch
|
|-heal|p1a: Sandy Shocks|41/100|[from] Grassy Terrain
|-fieldend|move: Grassy Terrain
|upkeep
|
|t:|1759057854
|switch|p2a: Zamazenta|Zamazenta|71/100
|turn|26
|inactive|apersonorsomething has 120 seconds left.
|
|t:|1759057861
|-end|p1a: Sandy Shocks|Protosynthesis|[silent]
|switch|p1a: electro|Zapdos, shiny|68/100
|move|p2a: Zamazenta|Iron Defense|p2a: Zamazenta
|-boost|p2a: Zamazenta|def|2
|
|-heal|p2a: Zamazenta|77/100|[from] item: Leftovers
|upkeep
|turn|27
|j| mcribs
|inactive|apersonorsomething has 120 seconds left.
|
|t:|1759057886
|switch|p2a: Gholdengo|Gholdengo|26/100
|move|p1a: electro|Hurricane|p2a: Gholdengo
|-resisted|p2a: Gholdengo
|-damage|p2a: Gholdengo|0 fnt
|faint|p2a: Gholdengo
|
|upkeep
|
|t:|1759057893
|switch|p2a: Zamazenta|Zamazenta|77/100
|turn|28
|
|t:|1759057901
|-terastallize|p2a: Zamazenta|Fire
|move|p2a: Zamazenta|Iron Defense|p2a: Zamazenta
|-boost|p2a: Zamazenta|def|2
|move|p1a: electro|Hurricane|p2a: Zamazenta
|-damage|p2a: Zamazenta|28/100
|
|-heal|p2a: Zamazenta|34/100|[from] item: Leftovers
|upkeep
|turn|29
|
|t:|1759057909
|move|p2a: Zamazenta|Body Press|p1a: electro
|-resisted|p1a: electro
|-damage|p1a: electro|33/100
|move|p1a: electro|Hurricane|p2a: Zamazenta|[miss]
|-miss|p1a: electro|p2a: Zamazenta
|
|-heal|p2a: Zamazenta|40/100|[from] item: Leftovers
|upkeep
|turn|30
|
|t:|1759057918
|move|p2a: Zamazenta|Body Press|p1a: electro
|-resisted|p1a: electro
|-damage|p1a: electro|0 fnt
|faint|p1a: electro
|
|-heal|p2a: Zamazenta|46/100|[from] item: Leftovers
|upkeep
|c|☆agc member|gg
|c|☆apersonorsomething|gg
|
|t:|1759057927
|switch|p1a: Sandy Shocks|Sandy Shocks|41/100
|turn|31
|
|t:|1759057933
|move|p2a: Zamazenta|Body Press|p1a: Sandy Shocks
|-damage|p1a: Sandy Shocks|0 fnt
|faint|p1a: Sandy Shocks
|-end|p1a: Sandy Shocks|Protosynthesis|[silent]
|
|win|apersonorsomething
|raw|agc member's rating: 1590 &rarr; <strong>1568</strong><br />(-22 for losing)
|raw|apersonorsomething's rating: 1561 &rarr; <strong>1583</strong><br />(+22 for winning)
|l|☆apersonorsomething
|player|p2|
|l|☆agc member
|player|p1|
|l| mcribs
|l| wgw2333
