|j|☆KingKaido107
|j|☆IJustLostMyDuck
|t:|1758949118
|gametype|singles
|player|p1|KingKaido107|dragontamer-gen6|1634
|player|p2|IJustLostMyDuck|youngster-gen6xy|1575
|gen|9
|tier|[Gen 9] OU
|rated|
|rule|HP Percentage Mod: HP is shown in percentages
|rule|Endless Battle Clause: Forcing endless battles is banned
|rule|Species Clause: Limit one of each Pokémon
|rule|OHKO Clause: OHKO moves are banned
|rule|Evasion Items Clause: Evasion items are banned
|rule|Evasion Moves Clause: Evasion moves are banned
|rule|Evasion Abilities Clause: Evasion abilities are banned
|rule|Sleep Moves Clause: Sleep-inducing moves are banned
|clearpoke
|poke|p1|Slowking-Galar, F|
|poke|p1|Kyurem|
|poke|p1|Cinderace, F|
|poke|p1|Tornadus-Therian, M|
|poke|p1|Hydrapple, F|
|poke|p1|Kingambit, F|
|poke|p2|Dragapult, M|
|poke|p2|Pelipper, M|
|poke|p2|Hatterene, F|
|poke|p2|Tornadus-Therian, M|
|poke|p2|Iron Treads|
|poke|p2|Overqwil, F|
|teampreview
|inactive|Battle timer is ON: inactive players will automatically lose when time's up. (requested by KingKaido107)
|
|t:|1758949134
|teamsize|p1|6
|teamsize|p2|6
|start
|switch|p1a: Thieving Drunk|Tornadus-Therian, M|100/100
|switch|p2a: Tornadus|Tornadus-Therian, M|100/100
|turn|1
|
|t:|1758949138
|move|p2a: Tornadus|Hurricane|p1a: Thieving Drunk|[miss]
|-miss|p2a: Tornadus|p1a: Thieving Drunk
|move|p1a: Thieving Drunk|Knock Off|p2a: Tornadus
|-damage|p2a: Tornadus|74/100
|-enditem|p2a: Tornadus|Choice Specs|[from] move: Knock Off|[of] p1a: Thieving Drunk
|
|upkeep
|turn|2
|
|t:|1758949142
|move|p2a: Tornadus|Hurricane|p1a: Thieving Drunk|[miss]
|-miss|p2a: Tornadus|p1a: Thieving Drunk
|move|p1a: Thieving Drunk|Bleakwind Storm|p2a: Tornadus|[miss]
|-miss|p1a: Thieving Drunk|p2a: Tornadus
|
|upkeep
|turn|3
|
|t:|1758949146
|move|p2a: Tornadus|Hurricane|p1a: Thieving Drunk|[miss]
|-miss|p2a: Tornadus|p1a: Thieving Drunk
|move|p1a: Thieving Drunk|Bleakwind Storm|p2a: Tornadus
|-damage|p2a: Tornadus|27/100
|
|upkeep
|turn|4
|
|t:|1758949148
|move|p2a: Tornadus|U-turn|p1a: Thieving Drunk
|-resisted|p1a: Thieving Drunk
|-damage|p1a: Thieving Drunk|92/100
|
|t:|1758949150
|switch|p2a: Iron Treads|Iron Treads|100/100|[from] U-turn
|move|p1a: Thieving Drunk|Bleakwind Storm|p2a: Iron Treads
|-resisted|p2a: Iron Treads
|-damage|p2a: Iron Treads|84/100
|
|-heal|p2a: Iron Treads|90/100|[from] item: Leftovers
|upkeep
|turn|5
|
|t:|1758949154
|move|p1a: Thieving Drunk|Knock Off|p2a: Iron Treads
|-damage|p2a: Iron Treads|74/100
|-enditem|p2a: Iron Treads|Leftovers|[from] move: Knock Off|[of] p1a: Thieving Drunk
|move|p2a: Iron Treads|Volt Switch|p1a: Thieving Drunk
|-supereffective|p1a: Thieving Drunk
|-damage|p1a: Thieving Drunk|68/100
|
|t:|1758949156
|-end|p2a: Iron Treads|Quark Drive|[silent]
|switch|p2a: Dragapult|Dragapult, M|100/100|[from] Volt Switch
|
|upkeep
|turn|6
|
|t:|1758949159
|switch|p1a: Depressed Drunk|Slowking-Galar, F|100/100
|move|p2a: Dragapult|Dragon Darts|p1a: Depressed Drunk
|-damage|p1a: Depressed Drunk|79/100
|-anim|p2a: Dragapult|Dragon Darts|p1a: Depressed Drunk
|-damage|p1a: Depressed Drunk|58/100
|-damage|p2a: Dragapult|91/100|[from] item: Life Orb
|
|upkeep
|turn|7
|
|t:|1758949169
|switch|p2a: Iron Treads|Iron Treads|74/100
|switch|p1a: Thieving Drunk|Tornadus-Therian, M|100/100
|
|upkeep
|turn|8
|
|t:|1758949171
|move|p1a: Thieving Drunk|U-turn|p2a: Iron Treads
|-resisted|p2a: Iron Treads
|-damage|p2a: Iron Treads|69/100
|
|t:|1758949175
|switch|p1a: Boro Breath|Cinderace, F|100/100|[from] U-turn
|move|p2a: Iron Treads|Stealth Rock|p1a: Boro Breath
|-sidestart|p1: KingKaido107|move: Stealth Rock
|
|upkeep
|turn|9
|
|t:|1758949178
|-end|p2a: Iron Treads|Quark Drive|[silent]
|switch|p2a: Pelipper|Pelipper, M|100/100
|-weather|RainDance|[from] ability: Drizzle|[of] p2a: Pelipper
|move|p1a: Boro Breath|Pyro Ball|p2a: Pelipper
|-resisted|p2a: Pelipper
|-damage|p2a: Pelipper|90/100
|
|-weather|RainDance|[upkeep]
|upkeep
|turn|10
|
|t:|1758949185
|move|p1a: Boro Breath|Court Change|p1a: Boro Breath
|-start|p1a: Boro Breath|typechange|Normal|[from] ability: Libero
|-swapsideconditions
|-activate|p1a: Boro Breath|move: Court Change
|move|p2a: Pelipper|U-turn|p1a: Boro Breath
|-damage|p1a: Boro Breath|88/100
|
|t:|1758949190
|switch|p2a: Iron Treads|Iron Treads|69/100|[from] U-turn
|-damage|p2a: Iron Treads|66/100|[from] Stealth Rock
|
|-weather|RainDance|[upkeep]
|upkeep
|turn|11
|
|t:|1758949194
|move|p1a: Boro Breath|Will-O-Wisp|p2a: Iron Treads
|-status|p2a: Iron Treads|brn
|move|p2a: Iron Treads|Rapid Spin|p1a: Boro Breath
|-damage|p1a: Boro Breath|78/100
|-boost|p2a: Iron Treads|spe|1
|-sideend|p2: IJustLostMyDuck|Stealth Rock|[from] move: Rapid Spin|[of] p2a: Iron Treads
|
|-weather|RainDance|[upkeep]
|-damage|p2a: Iron Treads|59/100 brn|[from] brn
|upkeep
|turn|12
|
|t:|1758949201
|move|p2a: Iron Treads|Volt Switch|p1a: Boro Breath
|-damage|p1a: Boro Breath|62/100
|
|t:|1758949203
|-end|p2a: Iron Treads|Quark Drive|[silent]
|switch|p2a: Dragapult|Dragapult, M|91/100|[from] Volt Switch
|move|p1a: Boro Breath|Pyro Ball|p2a: Dragapult
|-resisted|p2a: Dragapult
|-damage|p2a: Dragapult|77/100
|
|-weather|RainDance|[upkeep]
|upkeep
|turn|13
|
|t:|1758949206
|switch|p1a: Depressed Drunk|Slowking-Galar, F|91/100
|move|p2a: Dragapult|Surf|p1a: Depressed Drunk
|-damage|p1a: Depressed Drunk|51/100
|-damage|p2a: Dragapult|68/100|[from] item: Life Orb
|
|-weather|RainDance|[upkeep]
|upkeep
|turn|14
|
|t:|1758949209
|switch|p1a: Laughing Drunk|Hydrapple, F|100/100
|move|p2a: Dragapult|Draco Meteor|p1a: Laughing Drunk
|-supereffective|p1a: Laughing Drunk
|-damage|p1a: Laughing Drunk|0 fnt
|-unboost|p2a: Dragapult|spa|2
|faint|p1a: Laughing Drunk
|-damage|p2a: Dragapult|58/100|[from] item: Life Orb
|
|-weather|RainDance|[upkeep]
|upkeep
|
|t:|1758949212
|switch|p1a: Thieving Drunk|Tornadus-Therian, M|100/100
|turn|15
|
|t:|1758949218
|switch|p2a: Iron Treads|Iron Treads|59/100 brn
|move|p1a: Thieving Drunk|Bleakwind Storm|p2a: Iron Treads
|-resisted|p2a: Iron Treads
|-damage|p2a: Iron Treads|43/100 brn
|-unboost|p2a: Iron Treads|spe|1
|
|-weather|RainDance|[upkeep]
|-damage|p2a: Iron Treads|37/100 brn|[from] brn
|upkeep
|turn|16
|
|t:|1758949222
|move|p1a: Thieving Drunk|Taunt|p2a: Iron Treads
|-start|p2a: Iron Treads|move: Taunt
|move|p2a: Iron Treads|Volt Switch|p1a: Thieving Drunk
|-supereffective|p1a: Thieving Drunk
|-damage|p1a: Thieving Drunk|79/100
|
|t:|1758949229
|-end|p2a: Iron Treads|Quark Drive|[silent]
|switch|p2a: Dragapult|Dragapult, M|58/100|[from] Volt Switch
|
|-weather|none
|upkeep
|turn|17
|
|t:|1758949231
|switch|p1a: Depressed Drunk|Slowking-Galar, F|85/100
|move|p2a: Dragapult|Thunder|p1a: Depressed Drunk|[miss]
|-miss|p2a: Dragapult|p1a: Depressed Drunk
|
|upkeep
|turn|18
|
|t:|1758949236
|switch|p2a: Iron Treads|Iron Treads|37/100 brn
|move|p1a: Depressed Drunk|Ice Beam|p2a: Iron Treads
|-damage|p2a: Iron Treads|19/100 brn
|
|-damage|p2a: Iron Treads|13/100 brn|[from] brn
|upkeep
|turn|19
|
|t:|1758949239
|move|p2a: Iron Treads|Volt Switch|p1a: Depressed Drunk
|-damage|p1a: Depressed Drunk|76/100
|
|t:|1758949242
|-end|p2a: Iron Treads|Quark Drive|[silent]
|switch|p2a: Pelipper|Pelipper, M|90/100|[from] Volt Switch
|-weather|RainDance|[from] ability: Drizzle|[of] p2a: Pelipper
|-prepare|p1a: Depressed Drunk|Chilly Reception|[premajor]
|move|p1a: Depressed Drunk|Chilly Reception|p1a: Depressed Drunk
|-weather|Snowscape
|
|t:|1758949244
|switch|p1a: Ragnaraku|Kyurem|100/100|[from] Chilly Reception
|-ability|p1a: Ragnaraku|Pressure
|
|-weather|Snowscape|[upkeep]
|upkeep
|turn|20
|
|t:|1758949246
|switch|p2a: Iron Treads|Iron Treads|13/100 brn
|move|p1a: Ragnaraku|Freeze-Dry|p2a: Iron Treads
|-crit|p2a: Iron Treads
|-damage|p2a: Iron Treads|0 fnt
|faint|p2a: Iron Treads
|-end|p2a: Iron Treads|Quark Drive|[silent]
|
|-weather|Snowscape|[upkeep]
|upkeep
|
|t:|1758949248
|switch|p2a: Pelipper|Pelipper, M|90/100
|-weather|RainDance|[from] ability: Drizzle|[of] p2a: Pelipper
|turn|21
|
|t:|1758949250
|switch|p2a: Hatterene|Hatterene, F|100/100
|move|p1a: Ragnaraku|Freeze-Dry|p2a: Hatterene
|-damage|p2a: Hatterene|34/100
|-enditem|p2a: Hatterene|Eject Button
|
|t:|1758949260
|switch|p2a: Dragapult|Dragapult, M|58/100
|
|-weather|RainDance|[upkeep]
|upkeep
|turn|22
|
|t:|1758949266
|switch|p1a: Depressed Drunk|Slowking-Galar, F|100/100
|move|p2a: Dragapult|Dragon Darts|p1a: Depressed Drunk
|-damage|p1a: Depressed Drunk|82/100
|-anim|p2a: Dragapult|Dragon Darts|p1a: Depressed Drunk
|-damage|p1a: Depressed Drunk|61/100
|-damage|p2a: Dragapult|48/100|[from] item: Life Orb
|
|-weather|RainDance|[upkeep]
|upkeep
|turn|23
|
|t:|1758949271
|switch|p1a: Thieving Drunk|Tornadus-Therian, M|100/100
|move|p2a: Dragapult|Draco Meteor|p1a: Thieving Drunk
|-damage|p1a: Thieving Drunk|19/100
|-unboost|p2a: Dragapult|spa|2
|-damage|p2a: Dragapult|38/100|[from] item: Life Orb
|
|-weather|RainDance|[upkeep]
|upkeep
|turn|24
|
|t:|1758949276
|switch|p1a: Depressed Drunk|Slowking-Galar, F|94/100
|move|p2a: Dragapult|Dragon Darts|p1a: Depressed Drunk
|-crit|p1a: Depressed Drunk
|-damage|p1a: Depressed Drunk|62/100
|-anim|p2a: Dragapult|Dragon Darts|p1a: Depressed Drunk
|-damage|p1a: Depressed Drunk|42/100
|-damage|p2a: Dragapult|29/100|[from] item: Life Orb
|
|-weather|RainDance|[upkeep]
|upkeep
|turn|25
|
|t:|1758949282
|move|p2a: Dragapult|Dragon Darts|p1a: Depressed Drunk
|-damage|p1a: Depressed Drunk|22/100
|-anim|p2a: Dragapult|Dragon Darts|p1a: Depressed Drunk
|-damage|p1a: Depressed Drunk|4/100
|-damage|p2a: Dragapult|19/100|[from] item: Life Orb
|move|p1a: Depressed Drunk|Ice Beam|p2a: Dragapult
|-supereffective|p2a: Dragapult
|-damage|p2a: Dragapult|0 fnt
|faint|p2a: Dragapult
|
|-weather|RainDance|[upkeep]
|upkeep
|
|t:|1758949287
|switch|p2a: Tornadus|Tornadus-Therian, M|60/100
|turn|26
|
|t:|1758949290
|switch|p1a: Thieving Drunk|Tornadus-Therian, M|52/100
|move|p2a: Tornadus|Hurricane|p1a: Thieving Drunk
|-damage|p1a: Thieving Drunk|0 fnt
|faint|p1a: Thieving Drunk
|
|-weather|RainDance|[upkeep]
|upkeep
|
|t:|1758949292
|switch|p1a: Ragnaraku|Kyurem|100/100
|-ability|p1a: Ragnaraku|Pressure
|turn|27
|
|t:|1758949297
|-terastallize|p2a: Tornadus|Steel
|move|p2a: Tornadus|Hurricane|p1a: Ragnaraku
|-damage|p1a: Ragnaraku|51/100
|-start|p1a: Ragnaraku|confusion
|-activate|p1a: Ragnaraku|confusion
|-damage|p1a: Ragnaraku|42/100|[from] confusion
|
|-weather|RainDance|[upkeep]
|upkeep
|turn|28
|
|t:|1758949303
|switch|p1a: Depressed Drunk|Slowking-Galar, F|37/100
|move|p2a: Tornadus|Hurricane|p1a: Depressed Drunk
|-damage|p1a: Depressed Drunk|0 fnt
|faint|p1a: Depressed Drunk
|
|-weather|none
|upkeep
|
|t:|1758949304
|switch|p1a: Boro Breath|Cinderace, F|62/100
|turn|29
|
|t:|1758949306
|switch|p2a: Pelipper|Pelipper, M|90/100
|-weather|RainDance|[from] ability: Drizzle|[of] p2a: Pelipper
|move|p1a: Boro Breath|Pyro Ball|p2a: Pelipper
|-resisted|p2a: Pelipper
|-damage|p2a: Pelipper|79/100
|
|-weather|RainDance|[upkeep]
|upkeep
|turn|30
|
|t:|1758949308
|move|p1a: Boro Breath|Pyro Ball|p2a: Pelipper
|-resisted|p2a: Pelipper
|-damage|p2a: Pelipper|68/100
|move|p2a: Pelipper|U-turn|p1a: Boro Breath
|-resisted|p1a: Boro Breath
|-crit|p1a: Boro Breath
|-damage|p1a: Boro Breath|52/100
|
|t:|1758949311
|switch|p2a: Tornadus|Tornadus-Therian, M, tera:Steel|93/100|[from] U-turn
|
|-weather|RainDance|[upkeep]
|upkeep
|turn|31
|
|t:|1758949316
|move|p2a: Tornadus|Weather Ball|p1a: Boro Breath
|-supereffective|p1a: Boro Breath
|-damage|p1a: Boro Breath|0 fnt
|faint|p1a: Boro Breath
|
|-weather|RainDance|[upkeep]
|upkeep
|
|t:|1758949319
|switch|p1a: Ragnaraku|Kyurem|42/100
|-ability|p1a: Ragnaraku|Pressure
|turn|32
|
|t:|1758949322
|switch|p2a: Hatterene|Hatterene, F|34/100
|move|p1a: Ragnaraku|Earth Power|p2a: Hatterene
|-damage|p2a: Hatterene|0 fnt
|faint|p2a: Hatterene
|
|-weather|RainDance|[upkeep]
|upkeep
|
|t:|1758949324
|switch|p2a: Overqwil|Overqwil, F|100/100
|turn|33
|
|t:|1758949327
|move|p2a: Overqwil|Gunk Shot|p1a: Ragnaraku
|-damage|p1a: Ragnaraku|0 fnt
|faint|p1a: Ragnaraku
|
|-weather|RainDance|[upkeep]
|upkeep
|
|t:|1758949328
|switch|p1a: Raging Drunk|Kingambit, F|100/100
|-activate|p1a: Raging Drunk|ability: Supreme Overlord
|-start|p1a: Raging Drunk|fallen5|[silent]
|turn|34
|
|t:|1758949332
|move|p2a: Overqwil|Liquidation|p1a: Raging Drunk
|-damage|p1a: Raging Drunk|70/100
|move|p1a: Raging Drunk|Swords Dance|p1a: Raging Drunk
|-boost|p1a: Raging Drunk|atk|2
|
|-weather|RainDance|[upkeep]
|upkeep
|turn|35
|
|t:|1758949346
|move|p2a: Overqwil|Liquidation|p1a: Raging Drunk
|-damage|p1a: Raging Drunk|39/100
|move|p1a: Raging Drunk|Low Kick|p2a: Overqwil
|-damage|p2a: Overqwil|0 fnt
|faint|p2a: Overqwil
|
|-weather|RainDance|[upkeep]
|upkeep
|
|t:|1758949353
|switch|p2a: Tornadus|Tornadus-Therian, M, tera:Steel|100/100
|turn|36
|
|t:|1758949358
|-terastallize|p1a: Raging Drunk|Dark
|move|p1a: Raging Drunk|Sucker Punch|p2a: Tornadus
|-damage|p2a: Tornadus|0 fnt
|faint|p2a: Tornadus
|
|-weather|none
|upkeep
|-message|IJustLostMyDuck forfeited.
|
|win|KingKaido107
|raw|KingKaido107's rating: 1634 &rarr; <strong>1651</strong><br />(+17 for winning)
|raw|IJustLostMyDuck's rating: 1575 &rarr; <strong>1558</strong><br />(-17 for losing)
|l|☆IJustLostMyDuck
|player|p2|
