|j|☆bokunikusuki
|j|☆pollalarganolosigu
|t:|1758972417
|gametype|singles
|player|p1|bokunikusuki|266|1147
|player|p2|pollalarganolosigu|roughneck|1142
|gen|9
|tier|[Gen 9] OU
|rated|
|rule|HP Percentage Mod: HP is shown in percentages
|rule|Endless Battle Clause: Forcing endless battles is banned
|rule|Species Clause: Limit one of each Pokémon
|rule|OHKO Clause: OHKO moves are banned
|rule|Evasion Items Clause: Evasion items are banned
|rule|Evasion Moves Clause: Evasion moves are banned
|rule|Evasion Abilities Clause: Evasion abilities are banned
|rule|Sleep Moves Clause: Sleep-inducing moves are banned
|clearpoke
|poke|p1|Chansey, F|
|poke|p1|Blissey, F|
|poke|p1|Gliscor, M|
|poke|p1|Ting-Lu|
|poke|p1|Dragonite, F|
|poke|p1|Corviknight, M|
|poke|p2|Ribombee, F|
|poke|p2|Gholdengo|
|poke|p2|Great Tusk|
|poke|p2|Greninja-*, M|
|poke|p2|Iron Moth|
|poke|p2|Ting-Lu|
|teampreview
|
|t:|1758972431
|teamsize|p1|6
|teamsize|p2|6
|start
|switch|p1a: Dragonite|Dragonite, F|100/100
|switch|p2a: Ribombee|Ribombee, F|100/100
|turn|1
|
|t:|1758972439
|move|p2a: Ribombee|Sticky Web|p1a: Dragonite
|-sidestart|p1: bokunikusuki|move: Sticky Web
|move|p1a: Dragonite|Thunder Wave|p2a: Ribombee
|-status|p2a: Ribombee|par
|
|upkeep
|turn|2
|
|t:|1758972445
|move|p1a: Dragonite|Encore|p2a: Ribombee
|-start|p2a: Ribombee|Encore
|cant|p2a: Ribombee|par
|
|upkeep
|turn|3
|
|t:|1758972454
|switch|p1a: Gliscor|Gliscor, M|100/100
|switch|p2a: Ting-Lu|Ting-Lu|100/100
|-ability|p2a: Ting-Lu|Vessel of Ruin
|
|-status|p1a: Gliscor|tox|[from] item: Toxic Orb
|upkeep
|turn|4
|
|t:|1758972468
|move|p1a: Gliscor|Toxic|p2a: Ting-Lu
|-status|p2a: Ting-Lu|tox
|move|p2a: Ting-Lu|Stealth Rock|p1a: Gliscor
|-sidestart|p1: bokunikusuki|move: Stealth Rock
|
|-damage|p2a: Ting-Lu|94/100 tox|[from] psn
|upkeep
|turn|5
|
|t:|1758972477
|move|p1a: Gliscor|Substitute|p1a: Gliscor
|-start|p1a: Gliscor|Substitute
|-damage|p1a: Gliscor|76/100 tox
|move|p2a: Ting-Lu|Spikes|p1a: Gliscor
|-sidestart|p1: bokunikusuki|Spikes
|
|-heal|p2a: Ting-Lu|100/100 tox|[from] item: Leftovers
|-heal|p1a: Gliscor|88/100 tox|[from] ability: Poison Heal
|-damage|p2a: Ting-Lu|88/100 tox|[from] psn
|upkeep
|turn|6
|
|t:|1758972488
|move|p1a: Gliscor|Earthquake|p2a: Ting-Lu
|-damage|p2a: Ting-Lu|69/100 tox
|move|p2a: Ting-Lu|Whirlwind|p1a: Gliscor
|drag|p1a: Ting-Lu|Ting-Lu|100/100
|-activate|p1a: Ting-Lu|move: Sticky Web
|-unboost|p1a: Ting-Lu|spe|1
|-damage|p1a: Ting-Lu|94/100|[from] Stealth Rock
|-damage|p1a: Ting-Lu|82/100|[from] Spikes
|-ability|p1a: Ting-Lu|Vessel of Ruin
|
|-heal|p2a: Ting-Lu|75/100 tox|[from] item: Leftovers
|-heal|p1a: Ting-Lu|88/100|[from] item: Leftovers
|-damage|p2a: Ting-Lu|56/100 tox|[from] psn
|upkeep
|turn|7
|
|t:|1758972506
|move|p2a: Ting-Lu|Spikes|p1a: Ting-Lu
|-sidestart|p1: bokunikusuki|Spikes
|move|p1a: Ting-Lu|Taunt|p2a: Ting-Lu
|-start|p2a: Ting-Lu|move: Taunt
|
|-heal|p2a: Ting-Lu|62/100 tox|[from] item: Leftovers
|-heal|p1a: Ting-Lu|94/100|[from] item: Leftovers
|-damage|p2a: Ting-Lu|38/100 tox|[from] psn
|upkeep
|turn|8
|
|t:|1758972516
|switch|p2a: Greninja|Greninja, M|100/100
|move|p1a: Ting-Lu|Spikes|p2a: Greninja
|-sidestart|p2: pollalarganolosigu|Spikes
|
|-heal|p1a: Ting-Lu|100/100|[from] item: Leftovers
|upkeep
|turn|9
|
|t:|1758972528
|move|p2a: Greninja|Hydro Pump|p1a: Ting-Lu|[miss]
|-miss|p2a: Greninja|p1a: Ting-Lu
|move|p1a: Ting-Lu|Whirlwind|p2a: Greninja
|drag|p2a: Gholdengo|Gholdengo|100/100
|-item|p2a: Gholdengo|Air Balloon
|
|upkeep
|turn|10
|
|t:|1758972540
|move|p2a: Gholdengo|Make It Rain|p1a: Ting-Lu
|-damage|p1a: Ting-Lu|67/100
|-unboost|p2a: Gholdengo|spa|1
|move|p1a: Ting-Lu|Spikes|p2a: Gholdengo
|-sidestart|p2: pollalarganolosigu|Spikes
|
|-heal|p1a: Ting-Lu|73/100|[from] item: Leftovers
|upkeep
|turn|11
|
|t:|1758972550
|switch|p2a: Greninja|Greninja, M|100/100
|-damage|p2a: Greninja|84/100|[from] Spikes
|move|p1a: Ting-Lu|Spikes|p2a: Greninja
|-sidestart|p2: pollalarganolosigu|Spikes
|
|-heal|p1a: Ting-Lu|80/100|[from] item: Leftovers
|upkeep
|turn|12
|
|t:|1758972560
|move|p2a: Greninja|Hydro Pump|p1a: Ting-Lu
|-supereffective|p1a: Ting-Lu
|-damage|p1a: Ting-Lu|5/100
|-damage|p2a: Greninja|74/100|[from] item: Life Orb
|move|p1a: Ting-Lu|Ruination|p2a: Greninja
|-damage|p2a: Greninja|38/100
|
|-heal|p1a: Ting-Lu|11/100|[from] item: Leftovers
|upkeep
|turn|13
|
|t:|1758972571
|move|p2a: Greninja|Hydro Pump|p1a: Ting-Lu
|-supereffective|p1a: Ting-Lu
|-damage|p1a: Ting-Lu|0 fnt
|faint|p1a: Ting-Lu
|-ability|p2a: Greninja|Battle Bond|boost
|-boost|p2a: Greninja|atk|1
|-boost|p2a: Greninja|spa|1
|-boost|p2a: Greninja|spe|1
|-activate|p2a: Greninja|ability: Battle Bond
|-damage|p2a: Greninja|28/100|[from] item: Life Orb
|
|upkeep
|
|t:|1758972590
|switch|p1a: Chansey|Chansey, F|100/100
|-activate|p1a: Chansey|move: Sticky Web
|-unboost|p1a: Chansey|spe|1
|-damage|p1a: Chansey|88/100|[from] Stealth Rock
|-damage|p1a: Chansey|71/100|[from] Spikes
|turn|14
|
|t:|1758972599
|move|p2a: Greninja|Dark Pulse|p1a: Chansey
|-damage|p1a: Chansey|54/100
|-damage|p2a: Greninja|18/100|[from] item: Life Orb
|move|p1a: Chansey|Stealth Rock|p2a: Greninja
|-sidestart|p2: pollalarganolosigu|move: Stealth Rock
|
|upkeep
|turn|15
|
|t:|1758972608
|move|p2a: Greninja|Dark Pulse|p1a: Chansey
|-damage|p1a: Chansey|34/100
|-damage|p2a: Greninja|8/100|[from] item: Life Orb
|move|p1a: Chansey|Soft-Boiled|p1a: Chansey
|-heal|p1a: Chansey|84/100
|
|upkeep
|turn|16
|
|t:|1758972618
|move|p2a: Greninja|Hydro Pump|p1a: Chansey|[miss]
|-miss|p2a: Greninja|p1a: Chansey
|move|p1a: Chansey|Rock Slide|p2a: Greninja|[miss]
|-miss|p1a: Chansey|p2a: Greninja
|
|upkeep
|turn|17
|
|t:|1758972627
|move|p2a: Greninja|Hydro Pump|p1a: Chansey
|-damage|p1a: Chansey|56/100
|-damage|p2a: Greninja|0 fnt|[from] item: Life Orb
|faint|p2a: Greninja
|move|p1a: Chansey|Rock Slide|p2: Greninja|[notarget]
|-fail|p1a: Chansey
|
|upkeep
|
|t:|1758972629
|switch|p2a: Great Tusk|Great Tusk|100/100
|turn|18
|
|t:|1758972649
|move|p2a: Great Tusk|Rapid Spin|p1a: Chansey
|-damage|p1a: Chansey|44/100
|-boost|p2a: Great Tusk|spe|1
|-sideend|p2: pollalarganolosigu|Spikes|[from] move: Rapid Spin|[of] p2a: Great Tusk
|-sideend|p2: pollalarganolosigu|Stealth Rock|[from] move: Rapid Spin|[of] p2a: Great Tusk
|move|p1a: Chansey|Soft-Boiled|p1a: Chansey
|-heal|p1a: Chansey|94/100
|
|upkeep
|turn|19
|
|t:|1758972659
|move|p2a: Great Tusk|Knock Off|p1a: Chansey
|-damage|p1a: Chansey|71/100
|-enditem|p1a: Chansey|Eviolite|[from] move: Knock Off|[of] p2a: Great Tusk
|move|p1a: Chansey|Rock Slide|p2a: Great Tusk
|-resisted|p2a: Great Tusk
|-damage|p2a: Great Tusk|99/100
|
|upkeep
|turn|20
|
|t:|1758972677
|switch|p1a: Corviknight|Corviknight, M|100/100
|-damage|p1a: Corviknight|88/100|[from] Stealth Rock
|-ability|p1a: Corviknight|Pressure
|move|p2a: Great Tusk|Headlong Rush|p1a: Corviknight
|-immune|p1a: Corviknight
|
|upkeep
|turn|21
|
|t:|1758972691
|-end|p2a: Great Tusk|Protosynthesis|[silent]
|switch|p2a: Gholdengo|Gholdengo|100/100
|-item|p2a: Gholdengo|Air Balloon
|move|p1a: Corviknight|Defog|p2a: Gholdengo
|-immune|p2a: Gholdengo|[from] ability: Good as Gold
|
|upkeep
|turn|22
|
|t:|1758972709
|switch|p1a: Gliscor|Gliscor, M|88/100 tox
|-damage|p1a: Gliscor|76/100 tox|[from] Stealth Rock
|move|p2a: Gholdengo|Nasty Plot|p2a: Gholdengo
|-boost|p2a: Gholdengo|spa|2
|
|-heal|p1a: Gliscor|88/100 tox|[from] ability: Poison Heal
|upkeep
|turn|23
|
|t:|1758972734
|move|p1a: Gliscor|Protect|p1a: Gliscor
|-singleturn|p1a: Gliscor|Protect
|move|p2a: Gholdengo|Shadow Ball|p1a: Gliscor
|-activate|p1a: Gliscor|move: Protect
|
|-heal|p1a: Gliscor|100/100 tox|[from] ability: Poison Heal
|upkeep
|turn|24
|
|t:|1758972743
|switch|p1a: Blissey|Blissey, F|100/100
|-activate|p1a: Blissey|move: Sticky Web
|-unboost|p1a: Blissey|spe|1
|-damage|p1a: Blissey|88/100|[from] Stealth Rock
|-damage|p1a: Blissey|71/100|[from] Spikes
|move|p2a: Gholdengo|Shadow Ball|p1a: Blissey
|-immune|p1a: Blissey
|
|upkeep
|turn|25
|
|t:|1758972756
|move|p2a: Gholdengo|Nasty Plot|p2a: Gholdengo
|-boost|p2a: Gholdengo|spa|2
|move|p1a: Blissey|Shadow Ball|p2a: Gholdengo
|-supereffective|p2a: Gholdengo
|-damage|p2a: Gholdengo|68/100
|-unboost|p2a: Gholdengo|spd|1
|-enditem|p2a: Gholdengo|Air Balloon
|
|upkeep
|turn|26
|
|t:|1758972768
|move|p2a: Gholdengo|Nasty Plot|p2a: Gholdengo
|-boost|p2a: Gholdengo|spa|2
|move|p1a: Blissey|Shadow Ball|p2a: Gholdengo
|-supereffective|p2a: Gholdengo
|-damage|p2a: Gholdengo|16/100
|
|upkeep
|turn|27
|
|t:|1758972777
|move|p2a: Gholdengo|Psychic|p1a: Blissey
|-damage|p1a: Blissey|42/100
|move|p1a: Blissey|Shadow Ball|p2a: Gholdengo
|-supereffective|p2a: Gholdengo
|-damage|p2a: Gholdengo|0 fnt
|faint|p2a: Gholdengo
|
|upkeep
|-message|pollalarganolosigu forfeited.
|
|win|bokunikusuki
|raw|bokunikusuki's rating: 1147 &rarr; <strong>1172</strong><br />(+25 for winning)
|raw|pollalarganolosigu's rating: 1142 &rarr; <strong>1117</strong><br />(-25 for losing)
|l|☆pollalarganolosigu
|player|p2|
|l|☆bokunikusuki
|player|p1|
