|j|☆Azumeme
|j|☆ravi007rs
|t:|1759061245
|gametype|singles
|player|p1|Azumeme|miku-ghost|1329
|player|p2|ravi007rs|cynthia|1247
|gen|9
|tier|[Gen 9] OU
|rated|
|rule|HP Percentage Mod: HP is shown in percentages
|rule|Endless Battle Clause: Forcing endless battles is banned
|rule|Species Clause: Limit one of each Pokémon
|rule|OHKO Clause: OHKO moves are banned
|rule|Evasion Items Clause: Evasion items are banned
|rule|Evasion Moves Clause: Evasion moves are banned
|rule|Evasion Abilities Clause: Evasion abilities are banned
|rule|Sleep Moves Clause: Sleep-inducing moves are banned
|clearpoke
|poke|p1|Regidrago|
|poke|p1|Kingambit, M|
|poke|p1|Great Tusk|
|poke|p1|Samurott-Hisui, M|
|poke|p1|Iron Moth|
|poke|p1|Iron Valiant|
|poke|p2|Thundurus-Therian, M|
|poke|p2|Corviknight, M|
|poke|p2|Pincurchin, F|
|poke|p2|Kingambit, F|
|poke|p2|Iron Valiant|
|poke|p2|Darkrai|
|teampreview
|inactive|Battle timer is ON: inactive players will automatically lose when time's up. (requested by ravi007rs)
|
|t:|1759061261
|teamsize|p1|6
|teamsize|p2|6
|start
|switch|p1a: Samurott|Samurott-Hisui, M|100/100
|switch|p2a: let him cook|Darkrai, shiny|100/100
|turn|1
|
|t:|1759061269
|move|p2a: let him cook|Focus Blast|p1a: Samurott
|-supereffective|p1a: Samurott
|-enditem|p1a: Samurott|Focus Sash
|-damage|p1a: Samurott|1/100
|move|p1a: Samurott|Ceaseless Edge|p2a: let him cook
|-resisted|p2a: let him cook
|-damage|p2a: let him cook|70/100
|-sidestart|p2: ravi007rs|Spikes
|
|upkeep
|turn|2
|
|t:|1759061294
|switch|p1a: Iron Valiant|Iron Valiant, shiny|100/100
|-enditem|p1a: Iron Valiant|Booster Energy
|-activate|p1a: Iron Valiant|ability: Quark Drive|[fromitem]
|-start|p1a: Iron Valiant|quarkdrivespe
|move|p2a: let him cook|Dark Pulse|p1a: Iron Valiant
|-resisted|p1a: Iron Valiant
|-damage|p1a: Iron Valiant|83/100
|
|upkeep
|turn|3
|
|t:|1759061305
|-terastallize|p2a: let him cook|Poison
|move|p1a: Iron Valiant|Moonblast|p2a: let him cook
|-resisted|p2a: let him cook
|-damage|p2a: let him cook|38/100
|move|p2a: let him cook|Sludge Bomb|p1a: Iron Valiant
|-supereffective|p1a: Iron Valiant
|-damage|p1a: Iron Valiant|0 fnt
|faint|p1a: Iron Valiant
|-end|p1a: Iron Valiant|Quark Drive|[silent]
|
|upkeep
|
|t:|1759061313
|switch|p1a: Regidrago|Regidrago|100/100
|turn|4
|
|t:|1759061324
|-terastallize|p1a: Regidrago|Steel
|move|p1a: Regidrago|Tera Blast|p2a: let him cook|[anim] Tera Blast Steel
|-damage|p2a: let him cook|0 fnt
|faint|p2a: let him cook
|
|upkeep
|
|t:|1759061333
|switch|p2a: Corviknight|Corviknight, M|100/100
|-ability|p2a: Corviknight|Pressure
|turn|5
|
|t:|1759061337
|switch|p1a: Iron Moth|Iron Moth|100/100
|-enditem|p1a: Iron Moth|Booster Energy
|-activate|p1a: Iron Moth|ability: Quark Drive|[fromitem]
|-start|p1a: Iron Moth|quarkdrivespa
|move|p2a: Corviknight|Iron Defense|p2a: Corviknight
|-boost|p2a: Corviknight|def|2
|
|upkeep
|turn|6
|
|t:|1759061340
|move|p1a: Iron Moth|Substitute|p1a: Iron Moth
|-start|p1a: Iron Moth|Substitute
|-damage|p1a: Iron Moth|76/100
|move|p2a: Corviknight|Defog|p1a: Iron Moth
|-sideend|p2: ravi007rs|Spikes|[from] move: Defog|[of] p2a: Corviknight
|
|upkeep
|turn|7
|
|t:|1759061343
|move|p1a: Iron Moth|Fiery Dance|p2a: Corviknight
|-supereffective|p2a: Corviknight
|-damage|p2a: Corviknight|21/100
|-boost|p1a: Iron Moth|spa|1
|move|p2a: Corviknight|Body Press|p1a: Iron Moth
|-resisted|p1a: Iron Moth
|-end|p1a: Iron Moth|Substitute
|
|upkeep
|turn|8
|
|t:|1759061348
|move|p1a: Iron Moth|Fiery Dance|p2a: Corviknight
|-supereffective|p2a: Corviknight
|-damage|p2a: Corviknight|0 fnt
|-boost|p1a: Iron Moth|spa|1
|faint|p2a: Corviknight
|
|upkeep
|
|t:|1759061365
|switch|p2a: ur prince|Iron Valiant|100/100
|-enditem|p2a: ur prince|Booster Energy
|-activate|p2a: ur prince|ability: Quark Drive|[fromitem]
|-start|p2a: ur prince|quarkdrivespe
|turn|9
|
|t:|1759061374
|move|p2a: ur prince|Psychic|p1a: Iron Moth
|-supereffective|p1a: Iron Moth
|-damage|p1a: Iron Moth|10/100
|move|p1a: Iron Moth|Fiery Dance|p2a: ur prince
|-damage|p2a: ur prince|0 fnt
|faint|p2a: ur prince
|-end|p2a: ur prince|Quark Drive|[silent]
|
|upkeep
|
|t:|1759061381
|switch|p2a: Pincurchin|Pincurchin, F|100/100
|-fieldstart|move: Electric Terrain|[from] ability: Electric Surge|[of] p2a: Pincurchin
|turn|10
|
|t:|1759061385
|move|p1a: Iron Moth|Fiery Dance|p2a: Pincurchin
|-damage|p2a: Pincurchin|0 fnt
|faint|p2a: Pincurchin
|
|upkeep
|
|t:|1759061390
|switch|p2a: Thundurus|Thundurus-Therian, M|100/100
|turn|11
|
|t:|1759061395
|move|p1a: Iron Moth|Fiery Dance|p2a: Thundurus
|-damage|p2a: Thundurus|0 fnt
|-boost|p1a: Iron Moth|spa|1
|faint|p2a: Thundurus
|
|upkeep
|
|t:|1759061397
|switch|p2a: nah i'd win|Kingambit, F, shiny|100/100
|-activate|p2a: nah i'd win|ability: Supreme Overlord
|-start|p2a: nah i'd win|fallen5|[silent]
|turn|12
|-message|ravi007rs forfeited.
|
|win|Azumeme
|raw|Azumeme's rating: 1329 &rarr; <strong>1344</strong><br />(+15 for winning)
|raw|ravi007rs's rating: 1247 &rarr; <strong>1228</strong><br />(-19 for losing)
|l|☆ravi007rs
|player|p2|
