|badge|p2|silver|gen9ou|30-6
|badge|p2|bronze|gen9doublesou|100-6
|html|<div class="broadcast-red"><strong>This battle is required to be public due to one or more player having a season medal.</strong><br />During the public phase, you can discuss the state of the ladder <a href="/seasondiscussion">in a special chatroom.</a></div>
|uhtml|medal-msg|<div class="broadcast-blue">Curious what those medals under the avatar are? PS now has Ladder Seasons! For more information, check out the <a href="https://www.smogon.com/forums/threads/3740067/">thread on Smogon.</a></div>
|raw|<div class="broadcast-blue"><strong>This battle is required to be public due to a player having a name starting with 'medal'.</div>
|j|☆UChiKing
|j|☆lvBreakfast
|t:|1759026539
|gametype|singles
|player|p1|UChiKing|gentleman-gen1rb|1828
|player|p2|lvBreakfast|psychic-gen4|1898
|gen|9
|tier|[Gen 9] OU
|rated|
|rule|HP Percentage Mod: HP is shown in percentages
|rule|Endless Battle Clause: Forcing endless battles is banned
|rule|Species Clause: Limit one of each Pokémon
|rule|OHKO Clause: OHKO moves are banned
|rule|Evasion Items Clause: Evasion items are banned
|rule|Evasion Moves Clause: Evasion moves are banned
|rule|Evasion Abilities Clause: Evasion abilities are banned
|rule|Sleep Moves Clause: Sleep-inducing moves are banned
|clearpoke
|poke|p1|Arcanine-Hisui, F|
|poke|p1|Serperior, M|
|poke|p1|Slowking-Galar, M|
|poke|p1|Zapdos|
|poke|p1|Kingambit, F|
|poke|p1|Great Tusk|
|poke|p2|Zapdos|
|poke|p2|Sinistcha|
|poke|p2|Weavile, F|
|poke|p2|Keldeo|
|poke|p2|Goodra-Hisui, F|
|poke|p2|Ting-Lu|
|teampreview
|inactive|Battle timer is ON: inactive players will automatically lose when time's up. (requested by UChiKing)
|c|☆lvBreakfast|gl hf :)
|inactive|UChiKing has 120 seconds left.
|inactive|lvBreakfast has 120 seconds left.
|c|☆UChiKing|u2
|
|t:|1759026579
|teamsize|p1|6
|teamsize|p2|6
|start
|switch|p1a: Great Tusk|Great Tusk|100/100
|switch|p2a: Glue eater|Keldeo, shiny|100/100
|turn|1
|
|t:|1759026584
|-end|p1a: Great Tusk|Protosynthesis|[silent]
|switch|p1a: Slowking|Slowking-Galar, M|100/100
|move|p2a: Glue eater|Surf|p1a: Slowking
|-damage|p1a: Slowking|71/100
|
|upkeep
|turn|2
|
|t:|1759026594
|move|p2a: Glue eater|Flip Turn|p1a: Slowking
|-damage|p1a: Slowking|56/100
|
|t:|1759026597
|switch|p2a: Ting-Loui|Ting-Lu|100/100|[from] Flip Turn
|-ability|p2a: Ting-Loui|Vessel of Ruin
|-prepare|p1a: Slowking|Chilly Reception|[premajor]
|move|p1a: Slowking|Chilly Reception|p1a: Slowking
|-weather|Snowscape
|
|t:|1759026601
|switch|p1a: Serperior|Serperior, M|100/100|[from] Chilly Reception
|
|-weather|Snowscape|[upkeep]
|upkeep
|turn|3
|
|t:|1759026606
|move|p1a: Serperior|Glare|p2a: Ting-Loui
|-status|p2a: Ting-Loui|par
|cant|p2a: Ting-Loui|par
|
|-weather|Snowscape|[upkeep]
|upkeep
|turn|4
|
|t:|1759026610
|switch|p2a: Goodra|Goodra-Hisui, F|100/100
|move|p1a: Serperior|Leaf Storm|p2a: Goodra
|-ability|p2a: Goodra|Sap Sipper|boost
|-boost|p2a: Goodra|atk|1
|
|-weather|Snowscape|[upkeep]
|upkeep
|turn|5
|
|t:|1759026614
|move|p1a: Serperior|Glare|p2a: Goodra
|-status|p2a: Goodra|par
|move|p2a: Goodra|Knock Off|p1a: Serperior
|-damage|p1a: Serperior|69/100
|-enditem|p1a: Serperior|Leftovers|[from] move: Knock Off|[of] p2a: Goodra
|
|-weather|Snowscape|[upkeep]
|upkeep
|turn|6
|
|t:|1759026631
|switch|p1a: Arcanine|Arcanine-Hisui, F|100/100
|move|p2a: Goodra|Knock Off|p1a: Arcanine
|-damage|p1a: Arcanine|66/100
|-enditem|p1a: Arcanine|Choice Band|[from] move: Knock Off|[of] p2a: Goodra
|
|-weather|none
|upkeep
|turn|7
|
|t:|1759026643
|switch|p2a: Ting-Loui|Ting-Lu|100/100 par
|-ability|p2a: Ting-Loui|Vessel of Ruin
|move|p1a: Arcanine|Stealth Rock|p2a: Ting-Loui
|-sidestart|p2: lvBreakfast|move: Stealth Rock
|
|upkeep
|turn|8
|
|t:|1759026646
|switch|p1a: Great Tusk|Great Tusk|100/100
|move|p2a: Ting-Loui|Stealth Rock|p1a: Great Tusk
|-sidestart|p1: UChiKing|move: Stealth Rock
|
|upkeep
|turn|9
|
|t:|1759026650
|move|p1a: Great Tusk|Rapid Spin|p2a: Ting-Loui
|-damage|p2a: Ting-Loui|93/100 par
|-boost|p1a: Great Tusk|spe|1
|-sideend|p1: UChiKing|Stealth Rock|[from] move: Rapid Spin|[of] p1a: Great Tusk
|move|p2a: Ting-Loui|Spikes|p1a: Great Tusk
|-sidestart|p1: UChiKing|Spikes
|
|-heal|p2a: Ting-Loui|99/100 par|[from] item: Leftovers
|upkeep
|turn|10
|
|t:|1759026653
|move|p1a: Great Tusk|Knock Off|p2a: Ting-Loui
|-resisted|p2a: Ting-Loui
|-damage|p2a: Ting-Loui|91/100 par
|-enditem|p2a: Ting-Loui|Leftovers|[from] move: Knock Off|[of] p1a: Great Tusk
|move|p2a: Ting-Loui|Stealth Rock|p1a: Great Tusk
|-sidestart|p1: UChiKing|move: Stealth Rock
|
|upkeep
|turn|11
|
|t:|1759026656
|switch|p2a: Sinister Tea ;)|Sinistcha|100/100
|move|p1a: Great Tusk|Ice Spinner|p2a: Sinister Tea ;)
|-supereffective|p2a: Sinister Tea ;)
|-damage|p2a: Sinister Tea ;)|61/100
|
|upkeep
|turn|12
|
|t:|1759026662
|-end|p1a: Great Tusk|Protosynthesis|[silent]
|switch|p1a: Slowking|Slowking-Galar, M|89/100
|move|p2a: Sinister Tea ;)|Strength Sap|p1a: Slowking
|-unboost|p1a: Slowking|atk|1
|-heal|p2a: Sinister Tea ;)|99/100
|
|upkeep
|turn|13
|
|t:|1759026667
|switch|p2a: Weavile|Weavile, F|100/100
|-prepare|p1a: Slowking|Chilly Reception|[premajor]
|move|p1a: Slowking|Chilly Reception|p1a: Slowking
|-weather|Snowscape
|
|t:|1759026673
|switch|p1a: Kingambit|Kingambit, F|100/100|[from] Chilly Reception
|-damage|p1a: Kingambit|88/100|[from] Spikes
|-damage|p1a: Kingambit|82/100|[from] Stealth Rock
|
|-weather|Snowscape|[upkeep]
|-heal|p1a: Kingambit|88/100|[from] item: Leftovers
|upkeep
|turn|14
|
|t:|1759026677
|move|p2a: Weavile|Low Kick|p1a: Kingambit
|-supereffective|p1a: Kingambit
|-damage|p1a: Kingambit|0 fnt
|faint|p1a: Kingambit
|-end|p1a: Kingambit|fallenundefined|[silent]
|
|-weather|Snowscape|[upkeep]
|upkeep
|-message|UChiKing forfeited.
|
|win|lvBreakfast
|raw|UChiKing's rating: 1807 &rarr; <strong>1792</strong><br />(-15 for losing)
|raw|lvBreakfast's rating: 1898 &rarr; <strong>1913</strong><br />(+15 for winning)
|l|☆UChiKing
|player|p1|
|j| Giragono
|l| Giragono
