|j|☆IJustLostMyDuck
|j|☆vivek1245s
|t:|1758948031
|gametype|singles
|player|p1|IJustLostMyDuck|youngster-gen6xy|1554
|player|p2|vivek1245s|aromalady|1537
|gen|9
|tier|[Gen 9] OU
|rated|
|rule|HP Percentage Mod: HP is shown in percentages
|rule|Endless Battle Clause: Forcing endless battles is banned
|rule|Species Clause: Limit one of each Pokémon
|rule|OHKO Clause: OHKO moves are banned
|rule|Evasion Items Clause: Evasion items are banned
|rule|Evasion Moves Clause: Evasion moves are banned
|rule|Evasion Abilities Clause: Evasion abilities are banned
|rule|Sleep Moves Clause: Sleep-inducing moves are banned
|clearpoke
|poke|p1|Dragapult, F|
|poke|p1|Pelipper, M|
|poke|p1|Hatterene, F|
|poke|p1|Tornadus-Therian, M|
|poke|p1|Iron Treads|
|poke|p1|Overqwil, F|
|poke|p2|Rillaboom, F|
|poke|p2|Ursaluna, F|
|poke|p2|Raging Bolt|
|poke|p2|Enamorus, F|
|poke|p2|Great Tusk|
|poke|p2|Iron Crown|
|teampreview
|
|t:|1758948044
|teamsize|p1|6
|teamsize|p2|6
|start
|switch|p1a: Pelipper|Pelipper, M|100/100
|switch|p2a: Rillaboom|Rillaboom, F|100/100
|-fieldstart|move: Grassy Terrain|[from] ability: Grassy Surge|[of] p2a: Rillaboom
|-weather|RainDance|[from] ability: Drizzle|[of] p1a: Pelipper
|turn|1
|
|t:|1758948050
|switch|p1a: Hatterene|Hatterene, F|100/100
|move|p2a: Rillaboom|Wood Hammer|p1a: Hatterene
|-damage|p1a: Hatterene|0 fnt
|faint|p1a: Hatterene
|-damage|p2a: Rillaboom|70/100|[from] Recoil
|
|-weather|RainDance|[upkeep]
|-heal|p2a: Rillaboom|76/100|[from] Grassy Terrain
|upkeep
|
|t:|1758948054
|switch|p1a: Dragapult|Dragapult, F|100/100
|turn|2
|
|t:|1758948060
|move|p1a: Dragapult|Draco Meteor|p2a: Rillaboom
|-damage|p2a: Rillaboom|0 fnt
|-unboost|p1a: Dragapult|spa|2
|faint|p2a: Rillaboom
|-damage|p1a: Dragapult|91/100|[from] item: Life Orb
|
|-weather|RainDance|[upkeep]
|-heal|p1a: Dragapult|97/100|[from] Grassy Terrain
|upkeep
|
|t:|1758948065
|switch|p2a: Iron Crown|Iron Crown|100/100
|turn|3
|
|t:|1758948076
|switch|p1a: Iron Treads|Iron Treads|100/100
|-end|p2a: Iron Crown|Quark Drive|[silent]
|switch|p2a: Ursaluna|Ursaluna, F|100/100
|
|-weather|RainDance|[upkeep]
|upkeep
|turn|4
|
|t:|1758948096
|-end|p1a: Iron Treads|Quark Drive|[silent]
|switch|p1a: Tornadus|Tornadus-Therian, M|100/100
|move|p2a: Ursaluna|Bulk Up|p2a: Ursaluna
|-boost|p2a: Ursaluna|atk|1
|-boost|p2a: Ursaluna|def|1
|
|-weather|RainDance|[upkeep]
|upkeep
|turn|5
|
|t:|1758948102
|move|p2a: Ursaluna|Protect|p2a: Ursaluna
|-singleturn|p2a: Ursaluna|Protect
|move|p1a: Tornadus|Weather Ball|p2a: Ursaluna
|-activate|p2a: Ursaluna|move: Protect
|
|-weather|RainDance|[upkeep]
|-fieldend|move: Grassy Terrain
|upkeep
|turn|6
|
|t:|1758948107
|-terastallize|p2a: Ursaluna|Poison
|move|p1a: Tornadus|Weather Ball|p2a: Ursaluna
|-damage|p2a: Ursaluna|59/100
|move|p2a: Ursaluna|Body Slam|p1a: Tornadus
|-damage|p1a: Tornadus|19/100
|
|-weather|RainDance|[upkeep]
|-heal|p2a: Ursaluna|65/100|[from] item: Leftovers
|upkeep
|turn|7
|
|t:|1758948115
|switch|p1a: Dragapult|Dragapult, F|97/100
|move|p2a: Ursaluna|Earthquake|p1a: Dragapult
|-damage|p1a: Dragapult|1/100
|
|-weather|RainDance|[upkeep]
|-heal|p2a: Ursaluna|71/100|[from] item: Leftovers
|upkeep
|turn|8
|
|t:|1758948123
|move|p2a: Ursaluna|Protect|p2a: Ursaluna
|-singleturn|p2a: Ursaluna|Protect
|move|p1a: Dragapult|Surf|p2a: Ursaluna
|-activate|p2a: Ursaluna|move: Protect
|
|-weather|none
|-heal|p2a: Ursaluna|77/100|[from] item: Leftovers
|upkeep
|turn|9
|
|t:|1758948129
|move|p1a: Dragapult|Draco Meteor|p2a: Ursaluna
|-damage|p2a: Ursaluna|31/100
|-unboost|p1a: Dragapult|spa|2
|-damage|p1a: Dragapult|0 fnt|[from] item: Life Orb
|faint|p1a: Dragapult
|move|p2a: Ursaluna|Bulk Up|p2a: Ursaluna
|-boost|p2a: Ursaluna|atk|1
|-boost|p2a: Ursaluna|def|1
|
|-heal|p2a: Ursaluna|37/100|[from] item: Leftovers
|upkeep
|
|t:|1758948136
|switch|p1a: Tornadus|Tornadus-Therian, M|52/100
|turn|10
|
|t:|1758948138
|move|p2a: Ursaluna|Protect|p2a: Ursaluna
|-singleturn|p2a: Ursaluna|Protect
|move|p1a: Tornadus|Hurricane|p2a: Ursaluna
|-activate|p2a: Ursaluna|move: Protect
|
|-heal|p2a: Ursaluna|43/100|[from] item: Leftovers
|upkeep
|turn|11
|
|t:|1758948146
|move|p1a: Tornadus|Hurricane|p2a: Ursaluna|[miss]
|-miss|p1a: Tornadus|p2a: Ursaluna
|move|p2a: Ursaluna|Body Slam|p1a: Tornadus
|-damage|p1a: Tornadus|0 fnt
|faint|p1a: Tornadus
|
|-heal|p2a: Ursaluna|49/100|[from] item: Leftovers
|upkeep
|-message|IJustLostMyDuck forfeited.
|
|win|vivek1245s
|raw|IJustLostMyDuck's rating: 1554 &rarr; <strong>1533</strong><br />(-21 for losing)
|raw|vivek1245s's rating: 1537 &rarr; <strong>1558</strong><br />(+21 for winning)
|l|☆IJustLostMyDuck
|player|p1|
|l|☆vivek1245s
|player|p2|
