|j|☆Shibuya Arc
|j|☆SirLsalot
|t:|1758959617
|gametype|singles
|player|p1|Shibuya Arc|265|1685
|player|p2|SirLsalot|266|1715
|gen|9
|tier|[Gen 9] OU
|rated|
|rule|HP Percentage Mod: HP is shown in percentages
|rule|Endless Battle Clause: Forcing endless battles is banned
|rule|Species Clause: Limit one of each Pokémon
|rule|OHKO Clause: OHKO moves are banned
|rule|Evasion Items Clause: Evasion items are banned
|rule|Evasion Moves Clause: Evasion moves are banned
|rule|Evasion Abilities Clause: Evasion abilities are banned
|rule|Sleep Moves Clause: Sleep-inducing moves are banned
|clearpoke
|poke|p1|Dragapult, M|
|poke|p1|Dragonite, F|
|poke|p1|Ting-Lu|
|poke|p1|Weezing-Galar, F|
|poke|p1|Iron Crown|
|poke|p1|Zapdos|
|poke|p2|Ogerpon-Wellspring, F|
|poke|p2|Great Tusk|
|poke|p2|Moltres|
|poke|p2|Dragapult, F|
|poke|p2|Kingambit, F|
|poke|p2|Slowking-Galar, F|
|teampreview
|inactive|Battle timer is ON: inactive players will automatically lose when time's up. (requested by SirLsalot)
|inactive|Shibuya Arc also wants the timer to be on.
|
|t:|1758959631
|teamsize|p1|6
|teamsize|p2|6
|start
|switch|p1a: Dragapult|Dragapult, M|100/100
|switch|p2a: Slowking|Slowking-Galar, F|100/100
|turn|1
|
|t:|1758959638
|move|p1a: Dragapult|U-turn|p2a: Slowking
|-damage|p2a: Slowking|81/100
|
|t:|1758959648
|switch|p1a: Iron Crown|Iron Crown|100/100|[from] U-turn
|move|p2a: Slowking|Sludge Bomb|p1a: Iron Crown
|-immune|p1a: Iron Crown
|
|upkeep
|turn|2
|
|t:|1758959655
|move|p1a: Iron Crown|Volt Switch|p2a: Slowking
|-damage|p2a: Slowking|65/100
|
|t:|1758959664
|-end|p1a: Iron Crown|Quark Drive|[silent]
|switch|p1a: Ting-Lu|Ting-Lu|100/100|[from] Volt Switch
|-ability|p1a: Ting-Lu|Vessel of Ruin
|move|p2a: Slowking|Flamethrower|p1a: Ting-Lu
|-damage|p1a: Ting-Lu|89/100
|
|-heal|p1a: Ting-Lu|95/100|[from] item: Leftovers
|upkeep
|turn|3
|j| Squallskip
|
|t:|1758959671
|switch|p2a: Ogerpon|Ogerpon-Wellspring, F|100/100
|move|p1a: Ting-Lu|Ruination|p2a: Ogerpon|[miss]
|-miss|p1a: Ting-Lu|p2a: Ogerpon
|
|-heal|p1a: Ting-Lu|100/100|[from] item: Leftovers
|upkeep
|turn|4
|l| Squallskip
|
|t:|1758959682
|switch|p1a: Dragonite|Dragonite, F|100/100
|move|p2a: Ogerpon|U-turn|p1a: Dragonite
|-resisted|p1a: Dragonite
|-damage|p1a: Dragonite|94/100
|
|t:|1758959686
|switch|p2a: Great Tusk|Great Tusk|100/100|[from] U-turn
|
|upkeep
|turn|5
|j| dilf huntr
|
|t:|1758959693
|move|p2a: Great Tusk|Stealth Rock|p1a: Dragonite
|-sidestart|p1: Shibuya Arc|move: Stealth Rock
|move|p1a: Dragonite|Dragon Dance|p1a: Dragonite
|-boost|p1a: Dragonite|atk|1
|-boost|p1a: Dragonite|spe|1
|
|upkeep
|turn|6
|
|t:|1758959699
|-end|p2a: Great Tusk|Protosynthesis|[silent]
|switch|p2a: Moltres|Moltres|100/100
|-terastallize|p1a: Dragonite|Normal
|move|p1a: Dragonite|Extreme Speed|p2a: Moltres
|-damage|p2a: Moltres|45/100
|-status|p1a: Dragonite|brn|[from] ability: Flame Body|[of] p2a: Moltres
|
|-damage|p1a: Dragonite|88/100 brn|[from] brn
|upkeep
|turn|7
|
|t:|1758959708
|move|p1a: Dragonite|Dragon Dance|p1a: Dragonite
|-boost|p1a: Dragonite|atk|1
|-boost|p1a: Dragonite|spe|1
|move|p2a: Moltres|Roost|p2a: Moltres
|-heal|p2a: Moltres|96/100
|-singleturn|p2a: Moltres|move: Roost
|
|-damage|p1a: Dragonite|82/100 brn|[from] brn
|upkeep
|turn|8
|
|t:|1758959715
|move|p1a: Dragonite|Extreme Speed|p2a: Moltres
|-damage|p2a: Moltres|58/100
|move|p2a: Moltres|Roar|p1a: Dragonite
|drag|p1a: Dragapult|Dragapult, M|100/100
|
|upkeep
|turn|9
|
|t:|1758959723
|switch|p2a: Slowking|Slowking-Galar, F|98/100
|move|p1a: Dragapult|Dragon Darts|p2a: Slowking
|-damage|p2a: Slowking|76/100
|-anim|p1a: Dragapult|Dragon Darts|p2a: Slowking
|-damage|p2a: Slowking|53/100
|
|upkeep
|turn|10
|
|t:|1758959733
|move|p1a: Dragapult|U-turn|p2a: Slowking
|-damage|p2a: Slowking|33/100
|
|t:|1758959740
|switch|p1a: Ting-Lu|Ting-Lu|100/100|[from] U-turn
|-damage|p1a: Ting-Lu|94/100|[from] Stealth Rock
|-ability|p1a: Ting-Lu|Vessel of Ruin
|move|p2a: Slowking|Psyshock|p1a: Ting-Lu
|-immune|p1a: Ting-Lu
|
|-heal|p1a: Ting-Lu|100/100|[from] item: Leftovers
|upkeep
|turn|11
|
|t:|1758959747
|switch|p1a: Weezing|Weezing-Galar, F|100/100
|-ability|p1a: Weezing|Neutralizing Gas
|switch|p2a: Ogerpon|Ogerpon-Wellspring, F|100/100
|
|upkeep
|turn|12
|
|t:|1758959753
|move|p2a: Ogerpon|U-turn|p1a: Weezing
|-resisted|p1a: Weezing
|-crit|p1a: Weezing
|-damage|p1a: Weezing|94/100
|
|t:|1758959756
|switch|p2a: Slowking|Slowking-Galar, F|33/100|[from] U-turn
|move|p1a: Weezing|Toxic Spikes|p2a: Slowking
|-sidestart|p2: SirLsalot|move: Toxic Spikes
|
|upkeep
|turn|13
|l| dilf huntr
|
|t:|1758959765
|-end|p1a: Weezing|ability: Neutralizing Gas
|switch|p1a: Ting-Lu|Ting-Lu|100/100
|-damage|p1a: Ting-Lu|94/100|[from] Stealth Rock
|-ability|p1a: Ting-Lu|Vessel of Ruin
|move|p2a: Slowking|Surf|p1a: Ting-Lu
|-supereffective|p1a: Ting-Lu
|-damage|p1a: Ting-Lu|72/100
|
|-heal|p1a: Ting-Lu|78/100|[from] item: Leftovers
|upkeep
|turn|14
|
|t:|1758959777
|switch|p2a: Moltres|Moltres|58/100
|move|p1a: Ting-Lu|Ruination|p2a: Moltres
|-damage|p2a: Moltres|29/100
|
|-heal|p1a: Ting-Lu|84/100|[from] item: Leftovers
|upkeep
|turn|15
|
|t:|1758959784
|switch|p2a: Slowking|Slowking-Galar, F|67/100
|-sideend|p2: SirLsalot|move: Toxic Spikes|[of] p2a: Slowking
|move|p1a: Ting-Lu|Stealth Rock|p2a: Slowking
|-sidestart|p2: SirLsalot|move: Stealth Rock
|
|-heal|p1a: Ting-Lu|90/100|[from] item: Leftovers
|upkeep
|turn|16
|
|t:|1758959791
|switch|p2a: Moltres|Moltres|29/100
|move|p1a: Ting-Lu|Ruination|p2a: Moltres
|-damage|p2a: Moltres|15/100
|
|-heal|p1a: Ting-Lu|97/100|[from] item: Leftovers
|upkeep
|turn|17
|
|t:|1758959799
|move|p2a: Moltres|Roost|p2a: Moltres
|-heal|p2a: Moltres|65/100
|-singleturn|p2a: Moltres|move: Roost
|move|p1a: Ting-Lu|Whirlwind|p2a: Moltres
|drag|p2a: Dragapult|Dragapult, F|100/100
|
|-heal|p1a: Ting-Lu|100/100|[from] item: Leftovers
|upkeep
|turn|18
|
|t:|1758959806
|move|p2a: Dragapult|U-turn|p1a: Ting-Lu
|-supereffective|p1a: Ting-Lu
|-damage|p1a: Ting-Lu|82/100
|
|t:|1758959808
|switch|p2a: Ogerpon|Ogerpon-Wellspring, F|100/100|[from] U-turn
|-damage|p2a: Ogerpon|88/100|[from] Stealth Rock
|move|p1a: Ting-Lu|Whirlwind|p2a: Ogerpon
|drag|p2a: Moltres|Moltres|65/100
|
|-heal|p1a: Ting-Lu|88/100|[from] item: Leftovers
|upkeep
|turn|19
|
|t:|1758959815
|move|p2a: Moltres|Will-O-Wisp|p1a: Ting-Lu
|-status|p1a: Ting-Lu|brn
|move|p1a: Ting-Lu|Ruination|p2a: Moltres
|-damage|p2a: Moltres|33/100
|
|-heal|p1a: Ting-Lu|95/100 brn|[from] item: Leftovers
|-damage|p1a: Ting-Lu|88/100 brn|[from] brn
|upkeep
|turn|20
|j| iamfrhaan007
|
|t:|1758959822
|move|p2a: Moltres|Roost|p2a: Moltres
|-heal|p2a: Moltres|83/100
|-singleturn|p2a: Moltres|move: Roost
|move|p1a: Ting-Lu|Ruination|p2a: Moltres
|-damage|p2a: Moltres|42/100
|
|-heal|p1a: Ting-Lu|95/100 brn|[from] item: Leftovers
|-damage|p1a: Ting-Lu|88/100 brn|[from] brn
|upkeep
|turn|21
|
|t:|1758959830
|move|p1a: Ting-Lu|Ruination|p2a: Moltres
|-damage|p2a: Moltres|21/100
|move|p2a: Moltres|Roar|p1a: Ting-Lu
|drag|p1a: Weezing|Weezing-Galar, F|94/100
|-ability|p1a: Weezing|Neutralizing Gas
|
|upkeep
|turn|22
|
|t:|1758959837
|-end|p1a: Weezing|ability: Neutralizing Gas
|switch|p1a: Zapdos|Zapdos|100/100
|move|p2a: Moltres|Will-O-Wisp|p1a: Zapdos
|-status|p1a: Zapdos|brn
|
|-damage|p1a: Zapdos|94/100 brn|[from] brn
|upkeep
|turn|23
|
|t:|1758959844
|switch|p2a: Slowking|Slowking-Galar, F|99/100
|-damage|p2a: Slowking|88/100|[from] Stealth Rock
|move|p1a: Zapdos|Volt Switch|p2a: Slowking
|-damage|p2a: Slowking|71/100
|
|t:|1758959851
|switch|p1a: Dragapult|Dragapult, M|100/100|[from] Volt Switch
|
|upkeep
|turn|24
|
|t:|1758959859
|move|p1a: Dragapult|U-turn|p2a: Slowking
|-damage|p2a: Slowking|50/100
|
|t:|1758959866
|switch|p1a: Ting-Lu|Ting-Lu|88/100 brn|[from] U-turn
|-damage|p1a: Ting-Lu|82/100 brn|[from] Stealth Rock
|-ability|p1a: Ting-Lu|Vessel of Ruin
|move|p2a: Slowking|Sludge Bomb|p1a: Ting-Lu
|-resisted|p1a: Ting-Lu
|-damage|p1a: Ting-Lu|73/100 brn
|
|-heal|p1a: Ting-Lu|79/100 brn|[from] item: Leftovers
|-damage|p1a: Ting-Lu|73/100 brn|[from] brn
|upkeep
|turn|25
|
|t:|1758959873
|switch|p2a: Moltres|Moltres|21/100
|move|p1a: Ting-Lu|Ruination|p2a: Moltres
|-damage|p2a: Moltres|11/100
|
|-heal|p1a: Ting-Lu|79/100 brn|[from] item: Leftovers
|-damage|p1a: Ting-Lu|73/100 brn|[from] brn
|upkeep
|turn|26
|
|t:|1758959880
|switch|p1a: Iron Crown|Iron Crown|100/100
|-damage|p1a: Iron Crown|94/100|[from] Stealth Rock
|move|p2a: Moltres|Roost|p2a: Moltres
|-heal|p2a: Moltres|61/100
|-singleturn|p2a: Moltres|move: Roost
|
|upkeep
|turn|27
|
|t:|1758959890
|switch|p2a: Slowking|Slowking-Galar, F|83/100
|-damage|p2a: Slowking|71/100|[from] Stealth Rock
|move|p1a: Iron Crown|Volt Switch|p2a: Slowking
|-damage|p2a: Slowking|54/100
|l| iamfrhaan007
|
|t:|1758959897
|-end|p1a: Iron Crown|Quark Drive|[silent]
|switch|p1a: Dragapult|Dragapult, M|100/100|[from] Volt Switch
|
|upkeep
|turn|28
|
|t:|1758959904
|move|p1a: Dragapult|U-turn|p2a: Slowking
|-damage|p2a: Slowking|33/100
|
|t:|1758959911
|switch|p1a: Ting-Lu|Ting-Lu|73/100 brn|[from] U-turn
|-damage|p1a: Ting-Lu|67/100 brn|[from] Stealth Rock
|-ability|p1a: Ting-Lu|Vessel of Ruin
|move|p2a: Slowking|Psyshock|p1a: Ting-Lu
|-immune|p1a: Ting-Lu
|
|-heal|p1a: Ting-Lu|73/100 brn|[from] item: Leftovers
|-damage|p1a: Ting-Lu|67/100 brn|[from] brn
|upkeep
|turn|29
|
|t:|1758959918
|switch|p2a: Moltres|Moltres|61/100
|move|p1a: Ting-Lu|Ruination|p2a: Moltres
|-damage|p2a: Moltres|31/100
|
|-heal|p1a: Ting-Lu|73/100 brn|[from] item: Leftovers
|-damage|p1a: Ting-Lu|67/100 brn|[from] brn
|upkeep
|turn|30
|
|t:|1758959925
|move|p2a: Moltres|Roost|p2a: Moltres
|-heal|p2a: Moltres|81/100
|-singleturn|p2a: Moltres|move: Roost
|move|p1a: Ting-Lu|Ruination|p2a: Moltres|[miss]
|-miss|p1a: Ting-Lu|p2a: Moltres
|
|-heal|p1a: Ting-Lu|73/100 brn|[from] item: Leftovers
|-damage|p1a: Ting-Lu|67/100 brn|[from] brn
|upkeep
|turn|31
|
|t:|1758959935
|move|p2a: Moltres|Flamethrower|p1a: Ting-Lu
|-damage|p1a: Ting-Lu|52/100 brn
|move|p1a: Ting-Lu|Ruination|p2a: Moltres
|-damage|p2a: Moltres|41/100
|
|-heal|p1a: Ting-Lu|58/100 brn|[from] item: Leftovers
|-damage|p1a: Ting-Lu|52/100 brn|[from] brn
|upkeep
|turn|32
|
|t:|1758959944
|switch|p1a: Zapdos|Zapdos|94/100 brn
|move|p2a: Moltres|Flamethrower|p1a: Zapdos
|-damage|p1a: Zapdos|48/100 brn
|
|-damage|p1a: Zapdos|42/100 brn|[from] brn
|upkeep
|turn|33
|
|t:|1758959952
|switch|p2a: Slowking|Slowking-Galar, F|66/100
|-damage|p2a: Slowking|54/100|[from] Stealth Rock
|move|p1a: Zapdos|Volt Switch|p2a: Slowking
|-damage|p2a: Slowking|37/100
|
|t:|1758959959
|switch|p1a: Dragapult|Dragapult, M|100/100|[from] Volt Switch
|
|upkeep
|turn|34
|
|t:|1758959967
|switch|p2a: Kingambit|Kingambit, F|100/100
|-damage|p2a: Kingambit|94/100|[from] Stealth Rock
|move|p1a: Dragapult|Will-O-Wisp|p2a: Kingambit
|-status|p2a: Kingambit|brn
|
|-heal|p2a: Kingambit|100/100 brn|[from] item: Leftovers
|-damage|p2a: Kingambit|94/100 brn|[from] brn
|upkeep
|turn|35
|
|t:|1758959973
|move|p1a: Dragapult|U-turn|p2a: Kingambit
|-damage|p2a: Kingambit|79/100 brn
|
|t:|1758959984
|switch|p1a: Ting-Lu|Ting-Lu|52/100 brn|[from] U-turn
|-damage|p1a: Ting-Lu|46/100 brn|[from] Stealth Rock
|-ability|p1a: Ting-Lu|Vessel of Ruin
|move|p2a: Kingambit|Kowtow Cleave|p1a: Ting-Lu
|-resisted|p1a: Ting-Lu
|-damage|p1a: Ting-Lu|39/100 brn
|
|-heal|p2a: Kingambit|85/100 brn|[from] item: Leftovers
|-heal|p1a: Ting-Lu|45/100 brn|[from] item: Leftovers
|-damage|p2a: Kingambit|79/100 brn|[from] brn
|-damage|p1a: Ting-Lu|39/100 brn|[from] brn
|upkeep
|turn|36
|
|t:|1758959999
|-end|p2a: Kingambit|fallenundefined|[silent]
|switch|p2a: Moltres|Moltres|41/100
|move|p1a: Ting-Lu|Whirlwind|p2a: Moltres
|drag|p2a: Ogerpon|Ogerpon-Wellspring, F|88/100
|-damage|p2a: Ogerpon|76/100|[from] Stealth Rock
|
|-heal|p1a: Ting-Lu|45/100 brn|[from] item: Leftovers
|-damage|p1a: Ting-Lu|39/100 brn|[from] brn
|upkeep
|turn|37
|
|t:|1758960014
|move|p2a: Ogerpon|Ivy Cudgel|p1a: Ting-Lu|[anim] Ivy Cudgel Water
|-supereffective|p1a: Ting-Lu
|-damage|p1a: Ting-Lu|0 fnt
|faint|p1a: Ting-Lu
|
|upkeep
|
|t:|1758960020
|switch|p1a: Dragapult|Dragapult, M|100/100
|turn|38
|
|t:|1758960027
|switch|p2a: Kingambit|Kingambit, F|79/100 brn
|-damage|p2a: Kingambit|73/100 brn|[from] Stealth Rock
|move|p1a: Dragapult|U-turn|p2a: Kingambit
|-damage|p2a: Kingambit|57/100 brn
|
|t:|1758960038
|switch|p1a: Zapdos|Zapdos|42/100 brn|[from] U-turn
|
|-heal|p2a: Kingambit|63/100 brn|[from] item: Leftovers
|-damage|p1a: Zapdos|36/100 brn|[from] brn
|-damage|p2a: Kingambit|57/100 brn|[from] brn
|upkeep
|turn|39
|
|t:|1758960047
|move|p1a: Zapdos|Roost|p1a: Zapdos
|-heal|p1a: Zapdos|86/100 brn
|-singleturn|p1a: Zapdos|move: Roost
|move|p2a: Kingambit|Swords Dance|p2a: Kingambit
|-boost|p2a: Kingambit|atk|2
|
|-heal|p2a: Kingambit|63/100 brn|[from] item: Leftovers
|-damage|p1a: Zapdos|80/100 brn|[from] brn
|-damage|p2a: Kingambit|57/100 brn|[from] brn
|upkeep
|turn|40
|
|t:|1758960053
|move|p1a: Zapdos|Roost|p1a: Zapdos
|-heal|p1a: Zapdos|100/100 brn
|-singleturn|p1a: Zapdos|move: Roost
|move|p2a: Kingambit|Kowtow Cleave|p1a: Zapdos
|-damage|p1a: Zapdos|42/100 brn
|
|-heal|p2a: Kingambit|63/100 brn|[from] item: Leftovers
|-damage|p1a: Zapdos|36/100 brn|[from] brn
|-damage|p2a: Kingambit|57/100 brn|[from] brn
|upkeep
|turn|41
|
|t:|1758960065
|move|p1a: Zapdos|Heat Wave|p2a: Kingambit
|-supereffective|p2a: Kingambit
|-crit|p2a: Kingambit
|-damage|p2a: Kingambit|0 fnt
|faint|p2a: Kingambit
|-end|p2a: Kingambit|fallenundefined|[silent]
|
|-damage|p1a: Zapdos|30/100 brn|[from] brn
|upkeep
|j| Disscratch
|
|t:|1758960076
|switch|p2a: Ogerpon|Ogerpon-Wellspring, F|76/100
|-damage|p2a: Ogerpon|64/100|[from] Stealth Rock
|turn|42
|
|t:|1758960083
|switch|p1a: Dragonite|Dragonite, F, tera:Normal|82/100 brn
|move|p2a: Ogerpon|Ivy Cudgel|p1a: Dragonite|[anim] Ivy Cudgel Water
|-damage|p1a: Dragonite|26/100 brn
|
|-damage|p1a: Dragonite|20/100 brn|[from] brn
|upkeep
|turn|43
|
|t:|1758960093
|switch|p2a: Great Tusk|Great Tusk|100/100
|-damage|p2a: Great Tusk|98/100|[from] Stealth Rock
|switch|p1a: Zapdos|Zapdos|30/100 brn
|
|-damage|p1a: Zapdos|24/100 brn|[from] brn
|upkeep
|turn|44
|
|t:|1758960100
|-end|p2a: Great Tusk|Protosynthesis|[silent]
|switch|p2a: Dragapult|Dragapult, F|100/100
|move|p1a: Zapdos|Hurricane|p2a: Dragapult
|-damage|p2a: Dragapult|30/100
|
|-damage|p1a: Zapdos|18/100 brn|[from] brn
|upkeep
|turn|45
|
|t:|1758960110
|switch|p1a: Dragonite|Dragonite, F, tera:Normal|20/100 brn
|move|p2a: Dragapult|Hex|p1a: Dragonite
|-immune|p1a: Dragonite
|
|-damage|p1a: Dragonite|14/100 brn|[from] brn
|upkeep
|turn|46
|
|t:|1758960122
|move|p2a: Dragapult|U-turn|p1a: Dragonite
|-damage|p1a: Dragonite|0 fnt
|faint|p1a: Dragonite
|j|+Disorient
|
|t:|1758960143
|switch|p2a: Ogerpon|Ogerpon-Wellspring, F|64/100|[from] U-turn
|-damage|p2a: Ogerpon|51/100|[from] Stealth Rock
|
|upkeep
|l|+Disorient
|
|t:|1758960150
|switch|p1a: Dragapult|Dragapult, M|100/100
|turn|47
|
|t:|1758960164
|switch|p2a: Moltres|Moltres|41/100
|move|p1a: Dragapult|Dragon Darts|p2a: Moltres
|-damage|p2a: Moltres|25/100
|-anim|p1a: Dragapult|Dragon Darts|p2a: Moltres
|-damage|p2a: Moltres|8/100
|
|upkeep
|turn|48
|
|t:|1758960171
|move|p1a: Dragapult|Hex|p2a: Moltres
|-damage|p2a: Moltres|0 fnt
|faint|p2a: Moltres
|
|upkeep
|
|t:|1758960183
|switch|p2a: Great Tusk|Great Tusk|98/100
|-damage|p2a: Great Tusk|95/100|[from] Stealth Rock
|turn|49
|j| heatraniac
|
|t:|1758960190
|switch|p1a: Iron Crown|Iron Crown|94/100
|-damage|p1a: Iron Crown|88/100|[from] Stealth Rock
|move|p2a: Great Tusk|Knock Off|p1a: Iron Crown
|-supereffective|p1a: Iron Crown
|-damage|p1a: Iron Crown|21/100
|-enditem|p1a: Iron Crown|Choice Specs|[from] move: Knock Off|[of] p2a: Great Tusk
|
|upkeep
|turn|50
|j| kimigoya
|inactive|SirLsalot has 120 seconds left.
|inactive|SirLsalot has 90 seconds left.
|l| heatraniac
|inactive|SirLsalot has 60 seconds left.
|
|t:|1758960296
|-end|p2a: Great Tusk|Protosynthesis|[silent]
|switch|p2a: Slowking|Slowking-Galar, F|70/100
|-damage|p2a: Slowking|57/100|[from] Stealth Rock
|move|p1a: Iron Crown|Tachyon Cutter|p2a: Slowking
|-damage|p2a: Slowking|46/100
|-damage|p2a: Slowking|33/100
|-hitcount|p2a: Slowking|2
|
|upkeep
|turn|51
|
|t:|1758960303
|move|p1a: Iron Crown|Psyshock|p2a: Slowking
|-damage|p2a: Slowking|0 fnt
|faint|p2a: Slowking
|
|upkeep
|
|t:|1758960316
|switch|p2a: Ogerpon|Ogerpon-Wellspring, F|51/100
|-damage|p2a: Ogerpon|39/100|[from] Stealth Rock
|turn|52
|
|t:|1758960323
|move|p2a: Ogerpon|Knock Off|p1a: Iron Crown
|-supereffective|p1a: Iron Crown
|-damage|p1a: Iron Crown|0 fnt
|faint|p1a: Iron Crown
|-end|p1a: Iron Crown|Quark Drive|[silent]
|
|upkeep
|
|t:|1758960330
|switch|p1a: Dragapult|Dragapult, M|100/100
|turn|53
|inactive|SirLsalot has 60 seconds left.
|
|t:|1758960363
|-terastallize|p2a: Ogerpon|Water
|detailschange|p2a: Ogerpon|Ogerpon-Wellspring-Tera, F, tera:Water
|-ability|p2a: Ogerpon|Embody Aspect (Wellspring)|boost
|-boost|p2a: Ogerpon|spd|1
|move|p1a: Dragapult|Dragon Darts|p2a: Ogerpon
|-damage|p2a: Ogerpon|11/100
|-anim|p1a: Dragapult|Dragon Darts|p2a: Ogerpon
|-damage|p2a: Ogerpon|0 fnt
|faint|p2a: Ogerpon
|detailschange|p2: Ogerpon|Ogerpon-Wellspring, F|[silent]
|
|upkeep
|
|t:|1758960370
|switch|p2a: Great Tusk|Great Tusk|95/100
|-damage|p2a: Great Tusk|92/100|[from] Stealth Rock
|turn|54
|
|t:|1758960377
|move|p1a: Dragapult|Will-O-Wisp|p2a: Great Tusk
|-status|p2a: Great Tusk|brn
|move|p2a: Great Tusk|Knock Off|p1a: Dragapult
|-supereffective|p1a: Dragapult
|-damage|p1a: Dragapult|56/100
|-start|p2a: Great Tusk|Disable|Knock Off|[from] ability: Cursed Body|[of] p1a: Dragapult
|-enditem|p1a: Dragapult|Heavy-Duty Boots|[from] move: Knock Off|[of] p2a: Great Tusk
|
|-damage|p2a: Great Tusk|85/100 brn|[from] brn
|upkeep
|turn|55
|
|t:|1758960384
|move|p1a: Dragapult|Hex|p2a: Great Tusk
|-damage|p2a: Great Tusk|6/100 brn
|move|p2a: Great Tusk|Headlong Rush|p1a: Dragapult
|-damage|p1a: Dragapult|16/100
|-unboost|p2a: Great Tusk|def|1
|-unboost|p2a: Great Tusk|spd|1
|
|-damage|p2a: Great Tusk|0 fnt|[from] brn
|faint|p2a: Great Tusk
|-end|p2a: Great Tusk|Protosynthesis|[silent]
|upkeep
|
|t:|1758960386
|switch|p2a: Dragapult|Dragapult, F|30/100
|turn|56
|
|t:|1758960393
|move|p2a: Dragapult|Hex|p1a: Dragapult
|-supereffective|p1a: Dragapult
|-damage|p1a: Dragapult|0 fnt
|-start|p2a: Dragapult|Disable|Hex|[from] ability: Cursed Body|[of] p1a: Dragapult
|faint|p1a: Dragapult
|
|upkeep
|
|t:|1758960402
|switch|p1a: Weezing|Weezing-Galar, F|94/100
|-ability|p1a: Weezing|Neutralizing Gas
|turn|57
|
|t:|1758960408
|move|p2a: Dragapult|Thunder Wave|p1a: Weezing
|-status|p1a: Weezing|par
|move|p1a: Weezing|Will-O-Wisp|p2a: Dragapult
|-status|p2a: Dragapult|brn
|
|-damage|p2a: Dragapult|24/100 brn|[from] brn
|upkeep
|turn|58
|l| Disscratch
|
|t:|1758960414
|-end|p1a: Weezing|ability: Neutralizing Gas
|switch|p1a: Zapdos|Zapdos|18/100 brn
|move|p2a: Dragapult|U-turn|p1a: Zapdos
|-resisted|p1a: Zapdos
|-damage|p1a: Zapdos|13/100 brn
|
|-damage|p2a: Dragapult|18/100 brn|[from] brn
|-damage|p1a: Zapdos|7/100 brn|[from] brn
|upkeep
|turn|59
|inactive|SirLsalot has 90 seconds left.
|
|t:|1758960426
|move|p2a: Dragapult|Draco Meteor|p1a: Zapdos
|-damage|p1a: Zapdos|0 fnt
|-unboost|p2a: Dragapult|spa|2
|faint|p1a: Zapdos
|
|-damage|p2a: Dragapult|12/100 brn|[from] brn
|-end|p2a: Dragapult|Disable
|upkeep
|
|t:|1758960434
|switch|p1a: Weezing|Weezing-Galar, F|94/100 par
|-ability|p1a: Weezing|Neutralizing Gas
|turn|60
|
|t:|1758960440
|move|p2a: Dragapult|Hex|p1a: Weezing
|-damage|p1a: Weezing|59/100 par
|move|p1a: Weezing|Toxic Spikes|p2a: Dragapult
|-sidestart|p2: SirLsalot|move: Toxic Spikes
|
|-damage|p2a: Dragapult|6/100 brn|[from] brn
|upkeep
|turn|61
|
|t:|1758960445
|move|p2a: Dragapult|Hex|p1a: Weezing
|-damage|p1a: Weezing|23/100 par
|move|p1a: Weezing|Will-O-Wisp|p2a: Dragapult
|-fail|p2a: Dragapult|brn
|
|-damage|p2a: Dragapult|0 fnt|[from] brn
|faint|p2a: Dragapult
|
|win|Shibuya Arc
|raw|Shibuya Arc's rating: 1685 &rarr; <strong>1707</strong><br />(+22 for winning)
|raw|SirLsalot's rating: 1715 &rarr; <strong>1693</strong><br />(-22 for losing)
|l|☆Shibuya Arc
|player|p1|
|l|☆SirLsalot
|player|p2|
|l| kimigoya
