|j|☆DeimosDemon
|j|☆MerekBG
|t:|1759029668
|gametype|singles
|player|p1|DeimosDemon|lance|1449
|player|p2|MerekBG|juan|1567
|gen|9
|tier|[Gen 9] OU
|rated|
|rule|HP Percentage Mod: HP is shown in percentages
|rule|Endless Battle Clause: Forcing endless battles is banned
|rule|Species Clause: Limit one of each Pokémon
|rule|OHKO Clause: OHKO moves are banned
|rule|Evasion Items Clause: Evasion items are banned
|rule|Evasion Moves Clause: Evasion moves are banned
|rule|Evasion Abilities Clause: Evasion abilities are banned
|rule|Sleep Moves Clause: Sleep-inducing moves are banned
|clearpoke
|poke|p1|Primarina, M|
|poke|p1|Armarouge, F|
|poke|p1|Indeedee-F, F|
|poke|p1|Great Tusk|
|poke|p1|Landorus-Therian, M|
|poke|p1|Alomomola, M|
|poke|p2|Kingambit, M|
|poke|p2|Deoxys-Speed|
|poke|p2|Great Tusk|
|poke|p2|Dragonite, M|
|poke|p2|Iron Moth|
|poke|p2|Primarina, M|
|teampreview
|
|t:|1759029689
|teamsize|p1|6
|teamsize|p2|6
|start
|switch|p1a: Primarina|Primarina, M|100/100
|switch|p2a: Primarina|Primarina, M|100/100
|turn|1
|
|t:|1759029696
|switch|p1a: Alomomola|Alomomola, M|100/100
|move|p2a: Primarina|Whirlpool|p1a: Alomomola
|-resisted|p1a: Alomomola
|-damage|p1a: Alomomola|96/100
|-activate|p1a: Alomomola|move: Whirlpool|[of] p2a: Primarina
|
|-damage|p1a: Alomomola|84/100|[from] move: Whirlpool|[partiallytrapped]
|upkeep
|turn|2
|
|t:|1759029701
|move|p2a: Primarina|Psychic Noise|p1a: Alomomola
|-damage|p1a: Alomomola|70/100
|-start|p1a: Alomomola|move: Heal Block
|move|p1a: Alomomola|Flip Turn|p2a: Primarina
|-resisted|p2a: Primarina
|-damage|p2a: Primarina|89/100
|
|t:|1759029722
|switch|p1a: Indeedee|Indeedee-F, F|100/100|[from] Flip Turn
|-fieldstart|move: Psychic Terrain|[from] ability: Psychic Surge|[of] p1a: Indeedee
|
|upkeep
|turn|3
|
|t:|1759029737
|switch|p1a: Alomomola|Alomomola, M|100/100
|move|p2a: Primarina|Moonblast|p1a: Alomomola
|-damage|p1a: Alomomola|77/100
|
|upkeep
|turn|4
|
|t:|1759029744
|move|p2a: Primarina|Psychic Noise|p1a: Alomomola
|-damage|p1a: Alomomola|58/100
|-start|p1a: Alomomola|move: Heal Block
|move|p1a: Alomomola|Flip Turn|p2a: Primarina
|-resisted|p2a: Primarina
|-crit|p2a: Primarina
|-damage|p2a: Primarina|72/100
|
|t:|1759029749
|switch|p1a: Armarouge|Armarouge, F|100/100|[from] Flip Turn
|
|upkeep
|turn|5
|
|t:|1759029755
|move|p1a: Armarouge|Expanding Force|p2a: Primarina
|-crit|p2a: Primarina
|-damage|p2a: Primarina|0 fnt
|faint|p2a: Primarina
|
|upkeep
|
|t:|1759029764
|switch|p2a: Deoxys|Deoxys-Speed|100/100
|-ability|p2a: Deoxys|Pressure
|turn|6
|
|t:|1759029774
|move|p2a: Deoxys|Nasty Plot|p2a: Deoxys
|-boost|p2a: Deoxys|spa|2
|move|p1a: Armarouge|Armor Cannon|p2a: Deoxys
|-damage|p2a: Deoxys|7/100
|-unboost|p1a: Armarouge|def|1
|-unboost|p1a: Armarouge|spd|1
|
|upkeep
|turn|7
|
|t:|1759029777
|switch|p1a: Alomomola|Alomomola, M|91/100
|move|p2a: Deoxys|Shadow Ball|p1a: Alomomola
|-damage|p1a: Alomomola|59/100
|-damage|p2a: Deoxys|0 fnt|[from] item: Life Orb
|faint|p2a: Deoxys
|
|upkeep
|
|t:|1759029789
|switch|p2a: Iron Moth|Iron Moth|100/100
|-enditem|p2a: Iron Moth|Booster Energy
|-activate|p2a: Iron Moth|ability: Quark Drive|[fromitem]
|-start|p2a: Iron Moth|quarkdrivespe
|turn|8
|
|t:|1759029796
|move|p2a: Iron Moth|Sludge Wave|p1a: Alomomola
|-damage|p1a: Alomomola|36/100
|move|p1a: Alomomola|Mirror Coat|p2a: Iron Moth
|-damage|p2a: Iron Moth|17/100
|
|upkeep
|turn|9
|
|t:|1759029801
|move|p2a: Iron Moth|Sludge Wave|p1a: Alomomola
|-damage|p1a: Alomomola|12/100
|move|p1a: Alomomola|Flip Turn|p2a: Iron Moth
|-supereffective|p2a: Iron Moth
|-damage|p2a: Iron Moth|0 fnt
|faint|p2a: Iron Moth
|-end|p2a: Iron Moth|Quark Drive|[silent]
|-message|MerekBG forfeited.
|
|win|DeimosDemon
|raw|DeimosDemon's rating: 1449 &rarr; <strong>1476</strong><br />(+27 for winning)
|raw|MerekBG's rating: 1567 &rarr; <strong>1540</strong><br />(-27 for losing)
|l|☆MerekBG
|player|p2|
|l|☆DeimosDemon
|player|p1|
