|j|☆axunyu
|j|☆jellyjojoz
|t:|1758960931
|gametype|singles
|player|p1|axunyu|benga|1192
|player|p2|jellyjojoz|lance-masters|1147
|gen|9
|tier|[Gen 9] OU
|rated|
|rule|HP Percentage Mod: HP is shown in percentages
|rule|Endless Battle Clause: Forcing endless battles is banned
|rule|Species Clause: Limit one of each Pokémon
|rule|OHKO Clause: OHKO moves are banned
|rule|Evasion Items Clause: Evasion items are banned
|rule|Evasion Moves Clause: Evasion moves are banned
|rule|Evasion Abilities Clause: Evasion abilities are banned
|rule|Sleep Moves Clause: Sleep-inducing moves are banned
|clearpoke
|poke|p1|Hatterene, F|
|poke|p1|Cresselia, F|
|poke|p1|Torkoal, F|
|poke|p1|Glastrier|
|poke|p1|Slowking-Galar, M|
|poke|p1|Ursaluna, F|
|poke|p2|Dragapult, M|
|poke|p2|Dragonite, F|
|poke|p2|Garchomp, M|
|poke|p2|Salamence, F|
|poke|p2|Cyclizar, F|
|poke|p2|Goodra-Hisui, F|
|teampreview
|inactive|Battle timer is ON: inactive players will automatically lose when time's up. (requested by axunyu)
|
|t:|1758960951
|teamsize|p1|6
|teamsize|p2|6
|start
|switch|p1a: Hatterene|Hatterene, F|100/100
|switch|p2a: TankChomp|Garchomp, M|100/100
|turn|1
|
|t:|1758960954
|move|p2a: TankChomp|Dragon Tail|p1a: Hatterene
|-immune|p1a: Hatterene
|move|p1a: Hatterene|Trick Room|p1a: Hatterene
|-fieldstart|move: Trick Room|[of] p1a: Hatterene
|
|upkeep
|turn|2
|
|t:|1758960961
|move|p1a: Hatterene|Misty Explosion|p2a: TankChomp
|-supereffective|p2a: TankChomp
|-damage|p2a: TankChomp|0 fnt
|faint|p1a: Hatterene
|faint|p2a: TankChomp
|
|upkeep
|c|☆jellyjojoz|bruh
|
|t:|1758960970
|switch|p1a: Ursaluna|Ursaluna, F, shiny|100/100
|switch|p2a: Big Betty|Goodra-Hisui, F|100/100
|turn|3
|
|t:|1758960976
|-terastallize|p2a: Big Betty|Fairy
|move|p1a: Ursaluna|Swords Dance|p1a: Ursaluna
|-boost|p1a: Ursaluna|atk|2
|move|p2a: Big Betty|Acid Armor|p2a: Big Betty
|-boost|p2a: Big Betty|def|2
|
|-status|p1a: Ursaluna|brn|[from] item: Flame Orb
|upkeep
|turn|4
|
|t:|1758960985
|move|p1a: Ursaluna|Facade|p2a: Big Betty
|-damage|p2a: Big Betty|5/100
|move|p2a: Big Betty|Body Press|p1a: Ursaluna
|-supereffective|p1a: Ursaluna
|-damage|p1a: Ursaluna|38/100 brn
|
|-heal|p2a: Big Betty|11/100|[from] item: Leftovers
|-damage|p1a: Ursaluna|31/100 brn|[from] brn
|upkeep
|turn|5
|
|t:|1758960990
|move|p1a: Ursaluna|Facade|p2a: Big Betty
|-damage|p2a: Big Betty|0 fnt
|faint|p2a: Big Betty
|
|-damage|p1a: Ursaluna|25/100 brn|[from] brn
|-fieldend|move: Trick Room
|upkeep
|
|t:|1758960997
|switch|p2a: Nicole|Dragonite, F|100/100
|turn|6
|
|t:|1758961002
|move|p2a: Nicole|Ice Spinner|p1a: Ursaluna
|-supereffective|p1a: Ursaluna
|-damage|p1a: Ursaluna|0 fnt
|faint|p1a: Ursaluna
|
|upkeep
|
|t:|1758961010
|switch|p1a: Slowking|Slowking-Galar, M|100/100
|turn|7
|
|t:|1758961030
|move|p2a: Nicole|Earthquake|p1a: Slowking
|-supereffective|p1a: Slowking
|-damage|p1a: Slowking|15/100
|move|p1a: Slowking|Trick Room|p1a: Slowking
|-fieldstart|move: Trick Room|[of] p1a: Slowking
|
|upkeep
|turn|8
|
|t:|1758961035
|move|p2a: Nicole|Extreme Speed|p1a: Slowking
|-damage|p1a: Slowking|0 fnt
|faint|p1a: Slowking
|
|upkeep
|
|t:|1758961038
|switch|p1a: Glastrier|Glastrier|100/100
|turn|9
|
|t:|1758961047
|move|p2a: Nicole|Extreme Speed|p1a: Glastrier
|-damage|p1a: Glastrier|81/100
|move|p1a: Glastrier|Icicle Crash|p2a: Nicole
|-supereffective|p2a: Nicole
|-damage|p2a: Nicole|0 fnt
|faint|p2a: Nicole
|-ability|p1a: Glastrier|Chilling Neigh|boost
|-boost|p1a: Glastrier|atk|1
|
|upkeep
|
|t:|1758961058
|switch|p2a: HimHon|Cyclizar, F, shiny|100/100
|turn|10
|
|t:|1758961063
|move|p1a: Glastrier|Icicle Crash|p2a: HimHon
|-supereffective|p2a: HimHon
|-damage|p2a: HimHon|0 fnt
|faint|p2a: HimHon
|-ability|p1a: Glastrier|Chilling Neigh|boost
|-boost|p1a: Glastrier|atk|1
|
|upkeep
|
|t:|1758961068
|switch|p2a: Wagon|Salamence, F, shiny|100/100
|turn|11
|
|t:|1758961072
|move|p1a: Glastrier|Icicle Crash|p2a: Wagon
|-supereffective|p2a: Wagon
|-damage|p2a: Wagon|0 fnt
|faint|p2a: Wagon
|-ability|p1a: Glastrier|Chilling Neigh|boost
|-boost|p1a: Glastrier|atk|1
|
|-fieldend|move: Trick Room
|upkeep
|
|t:|1758961074
|switch|p2a: McQueen|Dragapult, M, shiny|100/100
|turn|12
|
|t:|1758961091
|move|p2a: McQueen|Shadow Ball|p1a: Glastrier
|-damage|p1a: Glastrier|47/100
|move|p1a: Glastrier|Icicle Crash|p2a: McQueen
|-supereffective|p2a: McQueen
|-damage|p2a: McQueen|0 fnt
|faint|p2a: McQueen
|
|win|axunyu
|raw|axunyu's rating: 1192 &rarr; <strong>1214</strong><br />(+22 for winning)
|raw|jellyjojoz's rating: 1147 &rarr; <strong>1125</strong><br />(-22 for losing)
|l|☆jellyjojoz
|player|p2|
|l|☆axunyu
|player|p1|
