|j|☆Havestol
|j|☆kenjihibiki
|t:|1758939774
|gametype|singles
|player|p1|Havestol|mars|1422
|player|p2|kenjihibiki|hilbert|1441
|gen|9
|tier|[Gen 9] OU
|rated|
|rule|HP Percentage Mod: HP is shown in percentages
|rule|Endless Battle Clause: Forcing endless battles is banned
|rule|Species Clause: Limit one of each Pokémon
|rule|OHKO Clause: OHKO moves are banned
|rule|Evasion Items Clause: Evasion items are banned
|rule|Evasion Moves Clause: Evasion moves are banned
|rule|Evasion Abilities Clause: Evasion abilities are banned
|rule|Sleep Moves Clause: Sleep-inducing moves are banned
|clearpoke
|poke|p1|Cinderace, M|
|poke|p1|Lucario, F|
|poke|p1|Deoxys-Speed|
|poke|p1|Rotom-Wash|
|poke|p1|Donphan, M|
|poke|p1|Kyurem|
|poke|p2|Torkoal, M|
|poke|p2|Venusaur, M|
|poke|p2|Ceruledge, M|
|poke|p2|Garchomp, M|
|poke|p2|Mandibuzz, F|
|poke|p2|Alomomola, F|
|teampreview
|inactive|Battle timer is ON: inactive players will automatically lose when time's up. (requested by kenjihibiki)
|
|t:|1758939812
|teamsize|p1|6
|teamsize|p2|6
|start
|switch|p1a: Deoxys|Deoxys-Speed|100/100
|switch|p2a: Garchomp|Garchomp, M|100/100
|-ability|p1a: Deoxys|Pressure
|turn|1
|
|t:|1758939821
|move|p1a: Deoxys|Ice Beam|p2a: Garchomp
|-supereffective|p2a: Garchomp
|-damage|p2a: Garchomp|0 fnt
|faint|p2a: Garchomp
|
|upkeep
|
|t:|1758939828
|switch|p2a: Ceruledge|Ceruledge, M|100/100
|turn|2
|
|t:|1758939850
|move|p1a: Deoxys|Ice Beam|p2a: Ceruledge
|-resisted|p2a: Ceruledge
|-damage|p2a: Ceruledge|85/100
|move|p2a: Ceruledge|Poltergeist|p1a: Deoxys
|-activate|p1a: Deoxys|move: Poltergeist|Focus Sash
|-supereffective|p1a: Deoxys
|-enditem|p1a: Deoxys|Focus Sash
|-damage|p1a: Deoxys|1/100
|
|upkeep
|turn|3
|
|t:|1758939859
|move|p2a: Ceruledge|Shadow Sneak|p1a: Deoxys
|-supereffective|p1a: Deoxys
|-damage|p1a: Deoxys|0 fnt
|faint|p1a: Deoxys
|
|upkeep
|
|t:|1758939863
|switch|p1a: Donphan|Donphan, M|100/100
|turn|4
|
|t:|1758939870
|switch|p2a: Mandibuzz|Mandibuzz, F|100/100
|move|p1a: Donphan|Earthquake|p2a: Mandibuzz
|-immune|p2a: Mandibuzz
|
|upkeep
|turn|5
|
|t:|1758939878
|switch|p1a: Kyurem|Kyurem|100/100
|-ability|p1a: Kyurem|Pressure
|move|p2a: Mandibuzz|Taunt|p1a: Kyurem
|-start|p1a: Kyurem|move: Taunt
|
|upkeep
|turn|6
|
|t:|1758939886
|switch|p2a: Torkoal|Torkoal, M|100/100
|-weather|SunnyDay|[from] ability: Drought|[of] p2a: Torkoal
|move|p1a: Kyurem|Freeze-Dry|p2a: Torkoal
|-resisted|p2a: Torkoal
|-damage|p2a: Torkoal|77/100
|
|-weather|SunnyDay|[upkeep]
|upkeep
|turn|7
|
|t:|1758939902
|move|p1a: Kyurem|Earth Power|p2a: Torkoal
|-supereffective|p2a: Torkoal
|-damage|p2a: Torkoal|0 fnt
|faint|p2a: Torkoal
|
|-weather|SunnyDay|[upkeep]
|-end|p1a: Kyurem|move: Taunt
|upkeep
|
|t:|1758939909
|switch|p2a: Venusaur|Venusaur, M|100/100
|turn|8
|
|t:|1758939915
|-terastallize|p2a: Venusaur|Fire
|move|p2a: Venusaur|Growth|p2a: Venusaur
|-boost|p2a: Venusaur|atk|2
|-boost|p2a: Venusaur|spa|2
|move|p1a: Kyurem|Substitute|p1a: Kyurem
|-start|p1a: Kyurem|Substitute
|-damage|p1a: Kyurem|76/100
|
|-weather|SunnyDay|[upkeep]
|-heal|p1a: Kyurem|82/100|[from] item: Leftovers
|upkeep
|turn|9
|
|t:|1758939925
|move|p1a: Kyurem|Protect|p1a: Kyurem
|-singleturn|p1a: Kyurem|Protect
|move|p2a: Venusaur|Sludge Bomb|p1a: Kyurem
|-activate|p1a: Kyurem|move: Protect
|
|-weather|SunnyDay|[upkeep]
|-heal|p1a: Kyurem|88/100|[from] item: Leftovers
|upkeep
|turn|10
|
|t:|1758939936
|move|p2a: Venusaur|Weather Ball|p1a: Kyurem
|-end|p1a: Kyurem|Substitute
|-damage|p2a: Venusaur|91/100|[from] item: Life Orb
|move|p1a: Kyurem|Substitute|p1a: Kyurem
|-start|p1a: Kyurem|Substitute
|-damage|p1a: Kyurem|63/100
|
|-weather|SunnyDay|[upkeep]
|-heal|p1a: Kyurem|69/100|[from] item: Leftovers
|upkeep
|turn|11
|-message|kenjihibiki forfeited.
|
|win|Havestol
|raw|Havestol's rating: 1422 &rarr; <strong>1443</strong><br />(+21 for winning)
|raw|kenjihibiki's rating: 1441 &rarr; <strong>1420</strong><br />(-21 for losing)
|l|☆kenjihibiki
|player|p2|
