|j|☆fallenplayer123
|j|☆1shy9
|t:|1758971323
|gametype|singles
|player|p1|fallenplayer123|lucas|1724
|player|p2|1shy9|acetrainerf-gen4|1756
|gen|9
|tier|[Gen 9] OU
|rated|
|rule|HP Percentage Mod: HP is shown in percentages
|rule|Endless Battle Clause: Forcing endless battles is banned
|rule|Species Clause: Limit one of each Pokémon
|rule|OHKO Clause: OHKO moves are banned
|rule|Evasion Items Clause: Evasion items are banned
|rule|Evasion Moves Clause: Evasion moves are banned
|rule|Evasion Abilities Clause: Evasion abilities are banned
|rule|Sleep Moves Clause: Sleep-inducing moves are banned
|clearpoke
|poke|p1|Latias, F|
|poke|p1|Ribombee, M|
|poke|p1|Sinistcha|
|poke|p1|Kingambit, M|
|poke|p1|Iron Moth|
|poke|p1|Raging Bolt|
|poke|p2|Iron Moth|
|poke|p2|Gholdengo|
|poke|p2|Great Tusk|
|poke|p2|Kyurem|
|poke|p2|Zamazenta-*|
|poke|p2|Dragonite, M|
|teampreview
|
|t:|1758971331
|teamsize|p1|6
|teamsize|p2|6
|start
|switch|p1a: Ribombee|Ribombee, M, shiny|100/100
|switch|p2a: Kyurem|Kyurem|100/100
|-ability|p2a: Kyurem|Pressure
|turn|1
|
|t:|1758971347
|move|p1a: Ribombee|Stun Spore|p2a: Kyurem|[miss]
|-miss|p1a: Ribombee|p2a: Kyurem
|move|p2a: Kyurem|Dragon Dance|p2a: Kyurem
|-boost|p2a: Kyurem|atk|1
|-boost|p2a: Kyurem|spe|1
|
|upkeep
|turn|2
|
|t:|1758971365
|switch|p1a: Kingambit|Kingambit, M|100/100
|-item|p1a: Kingambit|Air Balloon
|move|p2a: Kyurem|Icicle Spear|p1a: Kingambit
|-resisted|p1a: Kingambit
|-damage|p1a: Kingambit|93/100
|-enditem|p1a: Kingambit|Air Balloon
|-resisted|p1a: Kingambit
|-damage|p1a: Kingambit|85/100
|-resisted|p1a: Kingambit
|-damage|p1a: Kingambit|77/100
|-resisted|p1a: Kingambit
|-damage|p1a: Kingambit|69/100
|-resisted|p1a: Kingambit
|-damage|p1a: Kingambit|61/100
|-hitcount|p1a: Kingambit|5
|
|upkeep
|turn|3
|
|t:|1758971373
|-terastallize|p2a: Kyurem|Fire
|move|p1a: Kingambit|Sucker Punch|p2a: Kyurem
|-damage|p2a: Kyurem|62/100
|move|p2a: Kyurem|Tera Blast|p1a: Kingambit|[anim] Tera Blast Fire
|-supereffective|p1a: Kingambit
|-damage|p1a: Kingambit|0 fnt
|faint|p1a: Kingambit
|-end|p1a: Kingambit|fallenundefined|[silent]
|
|upkeep
|j| Rizzofreko
|
|t:|1758971387
|switch|p1a: Raging Bolt|Raging Bolt|100/100
|-enditem|p1a: Raging Bolt|Booster Energy
|-activate|p1a: Raging Bolt|ability: Protosynthesis|[fromitem]
|-start|p1a: Raging Bolt|protosynthesisspa
|turn|4
|
|t:|1758971394
|-terastallize|p1a: Raging Bolt|Ice
|move|p2a: Kyurem|Icicle Spear|p1a: Raging Bolt
|-resisted|p1a: Raging Bolt
|-damage|p1a: Raging Bolt|92/100
|-resisted|p1a: Raging Bolt
|-damage|p1a: Raging Bolt|83/100
|-resisted|p1a: Raging Bolt
|-damage|p1a: Raging Bolt|74/100
|-resisted|p1a: Raging Bolt
|-damage|p1a: Raging Bolt|64/100
|-resisted|p1a: Raging Bolt
|-damage|p1a: Raging Bolt|55/100
|-hitcount|p1a: Raging Bolt|5
|move|p1a: Raging Bolt|Thunderbolt|p2a: Kyurem
|-damage|p2a: Kyurem|0 fnt
|faint|p2a: Kyurem
|
|upkeep
|
|t:|1758971401
|switch|p2a: Iron Moth|Iron Moth|100/100
|-enditem|p2a: Iron Moth|Booster Energy
|-activate|p2a: Iron Moth|ability: Quark Drive|[fromitem]
|-start|p2a: Iron Moth|quarkdrivespe
|turn|5
|
|t:|1758971408
|-end|p1a: Raging Bolt|Protosynthesis|[silent]
|switch|p1a: Iron Moth|Iron Moth|100/100
|-enditem|p1a: Iron Moth|Booster Energy
|-activate|p1a: Iron Moth|ability: Quark Drive|[fromitem]
|-start|p1a: Iron Moth|quarkdrivespa
|move|p2a: Iron Moth|Fiery Dance|p1a: Iron Moth
|-resisted|p1a: Iron Moth
|-damage|p1a: Iron Moth|79/100
|-boost|p2a: Iron Moth|spa|1
|
|upkeep
|turn|6
|
|t:|1758971417
|move|p2a: Iron Moth|Psychic|p1a: Iron Moth
|-supereffective|p1a: Iron Moth
|-damage|p1a: Iron Moth|0 fnt
|faint|p1a: Iron Moth
|-end|p1a: Iron Moth|Quark Drive|[silent]
|
|upkeep
|
|t:|1758971423
|switch|p1a: Ribombee|Ribombee, M, shiny|100/100
|turn|7
|
|t:|1758971427
|move|p2a: Iron Moth|Fiery Dance|p1a: Ribombee
|-supereffective|p1a: Ribombee
|-enditem|p1a: Ribombee|Focus Sash
|-damage|p1a: Ribombee|1/100
|-boost|p2a: Iron Moth|spa|1
|move|p1a: Ribombee|Stun Spore|p2a: Iron Moth
|-status|p2a: Iron Moth|par
|
|upkeep
|turn|8
|
|t:|1758971430
|move|p1a: Ribombee|Sticky Web|p2a: Iron Moth
|-sidestart|p2: 1shy9|move: Sticky Web
|move|p2a: Iron Moth|Fiery Dance|p1a: Ribombee
|-supereffective|p1a: Ribombee
|-damage|p1a: Ribombee|0 fnt
|-boost|p2a: Iron Moth|spa|1
|faint|p1a: Ribombee
|
|upkeep
|
|t:|1758971451
|switch|p1a: Latias|Latias, F|100/100
|turn|9
|
|t:|1758971457
|move|p1a: Latias|Calm Mind|p1a: Latias
|-boost|p1a: Latias|spa|1
|-boost|p1a: Latias|spd|1
|move|p2a: Iron Moth|Fiery Dance|p1a: Latias
|-resisted|p1a: Latias
|-damage|p1a: Latias|74/100
|-boost|p2a: Iron Moth|spa|1
|
|upkeep
|turn|10
|
|t:|1758971463
|move|p1a: Latias|Calm Mind|p1a: Latias
|-boost|p1a: Latias|spa|1
|-boost|p1a: Latias|spd|1
|cant|p2a: Iron Moth|par
|
|upkeep
|turn|11
|
|t:|1758971467
|move|p1a: Latias|Calm Mind|p1a: Latias
|-boost|p1a: Latias|spa|1
|-boost|p1a: Latias|spd|1
|move|p2a: Iron Moth|Sludge Wave|p1a: Latias
|-damage|p1a: Latias|29/100
|
|upkeep
|turn|12
|
|t:|1758971473
|move|p1a: Latias|Recover|p1a: Latias
|-heal|p1a: Latias|79/100
|move|p2a: Iron Moth|Sludge Wave|p1a: Latias
|-damage|p1a: Latias|37/100
|
|upkeep
|turn|13
|
|t:|1758971479
|move|p1a: Latias|Recover|p1a: Latias
|-heal|p1a: Latias|87/100
|cant|p2a: Iron Moth|par
|
|upkeep
|turn|14
|
|t:|1758971483
|move|p1a: Latias|Calm Mind|p1a: Latias
|-boost|p1a: Latias|spa|1
|-boost|p1a: Latias|spd|1
|move|p2a: Iron Moth|Sludge Wave|p1a: Latias
|-damage|p1a: Latias|50/100
|
|upkeep
|turn|15
|l| Rizzofreko
|
|t:|1758971494
|move|p1a: Latias|Recover|p1a: Latias
|-heal|p1a: Latias|99/100
|cant|p2a: Iron Moth|par
|
|upkeep
|turn|16
|
|t:|1758971501
|move|p1a: Latias|Calm Mind|p1a: Latias
|-boost|p1a: Latias|spa|1
|-boost|p1a: Latias|spd|1
|move|p2a: Iron Moth|Sludge Wave|p1a: Latias
|-damage|p1a: Latias|69/100
|
|upkeep
|turn|17
|
|t:|1758971508
|move|p1a: Latias|Calm Mind|p1a: Latias
|-boost|p1a: Latias|spa|1
|-boost|p1a: Latias|spd|1
|cant|p2a: Iron Moth|par
|
|upkeep
|turn|18
|
|t:|1758971514
|move|p1a: Latias|Recover|p1a: Latias
|-heal|p1a: Latias|100/100
|move|p2a: Iron Moth|Sludge Wave|p1a: Latias
|-damage|p1a: Latias|72/100
|
|upkeep
|turn|19
|
|t:|1758971547
|move|p1a: Latias|Recover|p1a: Latias
|-heal|p1a: Latias|100/100
|cant|p2a: Iron Moth|par
|
|upkeep
|turn|20
|c|☆1shy9|insane
|
|t:|1758971551
|move|p1a: Latias|Stored Power|p2a: Iron Moth
|-supereffective|p2a: Iron Moth
|-damage|p2a: Iron Moth|0 fnt
|faint|p2a: Iron Moth
|-end|p2a: Iron Moth|Quark Drive|[silent]
|
|upkeep
|c|☆1shy9|how bad my luck is
|c|☆fallenplayer123|u literally dodged stun spore
|c|☆fallenplayer123|t 1
|c|☆fallenplayer123|but ok
|
|t:|1758971569
|switch|p2a: Gholdengo|Gholdengo|100/100
|-activate|p2a: Gholdengo|move: Sticky Web
|-unboost|p2a: Gholdengo|spe|1
|turn|21
|
|t:|1758971574
|move|p1a: Latias|Stored Power|p2a: Gholdengo
|-resisted|p2a: Gholdengo
|-damage|p2a: Gholdengo|0 fnt
|faint|p2a: Gholdengo
|
|upkeep
|-message|1shy9 forfeited.
|
|win|fallenplayer123
|raw|fallenplayer123's rating: 1724 &rarr; <strong>1746</strong><br />(+22 for winning)
|raw|1shy9's rating: 1756 &rarr; <strong>1734</strong><br />(-22 for losing)
|l|☆1shy9
|player|p2|
|c|☆fallenplayer123|maybe the problem is skill issue
|l|☆fallenplayer123
|player|p1|
