|j|☆pablo honey
|j|☆Nultiprise
|t:|1759049264
|gametype|singles
|player|p1|pablo honey|lucas|1418
|player|p2|Nultiprise|preschooler|1439
|gen|9
|tier|[Gen 9] OU
|rated|
|rule|HP Percentage Mod: HP is shown in percentages
|rule|Endless Battle Clause: Forcing endless battles is banned
|rule|Species Clause: Limit one of each Pokémon
|rule|OHKO Clause: OHKO moves are banned
|rule|Evasion Items Clause: Evasion items are banned
|rule|Evasion Moves Clause: Evasion moves are banned
|rule|Evasion Abilities Clause: Evasion abilities are banned
|rule|Sleep Moves Clause: Sleep-inducing moves are banned
|clearpoke
|poke|p1|Scizor, M|
|poke|p1|Kyurem|
|poke|p1|Great Tusk|
|poke|p1|Pecharunt|
|poke|p1|Alomomola, F|
|poke|p1|Gliscor, F|
|poke|p2|Greninja-*, M|
|poke|p2|Zoroark-Hisui, F|
|poke|p2|Great Tusk|
|poke|p2|Deoxys-Speed|
|poke|p2|Yanmega, M|
|poke|p2|Toxicroak, M|
|teampreview
|
|t:|1759049280
|teamsize|p1|6
|teamsize|p2|6
|start
|switch|p1a: Scizor|Scizor, M|100/100
|switch|p2a: Toxicroak|Toxicroak, M|100/100
|turn|1
|
|t:|1759049284
|move|p2a: Toxicroak|Shadow Ball|p1a: Scizor
|-damage|p1a: Scizor|31/100
|-damage|p2a: Toxicroak|91/100|[from] item: Life Orb
|move|p1a: Scizor|U-turn|p2a: Toxicroak
|-resisted|p2a: Toxicroak
|-damage|p2a: Toxicroak|34/100
|replace|p2a: Feur|Zoroark-Hisui, F
|-end|p2a: Feur|Illusion
|
|t:|1759049294
|switch|p1a: Alomomola|Alomomola, F|100/100|[from] U-turn
|
|upkeep
|turn|2
|
|t:|1759049300
|switch|p2a: Toxicroak|Toxicroak, M|100/100
|switch|p1a: Gliscor|Gliscor, F|100/100
|
|-status|p1a: Gliscor|tox|[from] item: Toxic Orb
|upkeep
|turn|3
|
|t:|1759049304
|move|p2a: Toxicroak|Ice Punch|p1a: Gliscor
|-supereffective|p1a: Gliscor
|-damage|p1a: Gliscor|12/100 tox
|-damage|p2a: Toxicroak|91/100|[from] item: Life Orb
|move|p1a: Gliscor|Knock Off|p2a: Toxicroak
|-resisted|p2a: Toxicroak
|-damage|p2a: Toxicroak|74/100
|-enditem|p2a: Toxicroak|Life Orb|[from] move: Knock Off|[of] p1a: Gliscor
|
|-heal|p1a: Gliscor|24/100 tox|[from] ability: Poison Heal
|upkeep
|turn|4
|
|t:|1759049314
|switch|p2a: Toxicroak|Toxicroak, M|34/100
|move|p1a: Gliscor|Protect||[still]
|-fail|p1a: Gliscor
|
|-heal|p1a: Gliscor|37/100 tox|[from] ability: Poison Heal
|upkeep
|turn|5
|
|t:|1759049316
|move|p1a: Gliscor|Protect|p1a: Gliscor
|-singleturn|p1a: Gliscor|Protect
|move|p2a: Toxicroak|Shadow Ball|p1a: Gliscor
|-activate|p1a: Gliscor|move: Protect
|
|-heal|p1a: Gliscor|49/100 tox|[from] ability: Poison Heal
|upkeep
|turn|6
|
|t:|1759049320
|switch|p1a: Alomomola|Alomomola, F|100/100
|move|p2a: Toxicroak|Shadow Ball|p1a: Alomomola
|-damage|p1a: Alomomola|71/100
|-unboost|p1a: Alomomola|spd|1
|-damage|p2a: Toxicroak|24/100|[from] item: Life Orb
|
|upkeep
|turn|7
|
|t:|1759049326
|move|p2a: Toxicroak|Hyper Voice|p1a: Alomomola
|-damage|p1a: Alomomola|26/100
|-damage|p2a: Toxicroak|14/100|[from] item: Life Orb
|move|p1a: Alomomola|Flip Turn|p2a: Toxicroak
|-damage|p2a: Toxicroak|0 fnt
|replace|p2a: Feur|Zoroark-Hisui, F
|-end|p2a: Feur|Illusion
|faint|p2a: Feur
|
|t:|1759049330
|switch|p1a: Gliscor|Gliscor, F|49/100 tox|[from] Flip Turn
|
|-heal|p1a: Gliscor|62/100 tox|[from] ability: Poison Heal
|upkeep
|
|t:|1759049334
|switch|p2a: Toxicroak|Toxicroak, M|74/100
|turn|8
|
|t:|1759049339
|switch|p1a: Pecharunt|Pecharunt|100/100
|move|p2a: Toxicroak|Swords Dance|p2a: Toxicroak
|-boost|p2a: Toxicroak|atk|2
|
|upkeep
|turn|9
|
|t:|1759049343
|move|p2a: Toxicroak|Sucker Punch||[still]
|-fail|p2a: Toxicroak
|move|p1a: Pecharunt|Parting Shot|p2a: Toxicroak
|-unboost|p2a: Toxicroak|atk|1
|-unboost|p2a: Toxicroak|spa|1
|
|t:|1759049346
|switch|p1a: Kyurem|Kyurem|100/100|[from] Parting Shot
|-ability|p1a: Kyurem|Pressure
|
|upkeep
|turn|10
|
|t:|1759049348
|move|p1a: Kyurem|Earth Power|p2a: Toxicroak
|-supereffective|p2a: Toxicroak
|-damage|p2a: Toxicroak|0 fnt
|faint|p2a: Toxicroak
|
|upkeep
|
|t:|1759049354
|switch|p2a: Quoi ?|Greninja, M|100/100
|turn|11
|
|t:|1759049357
|move|p2a: Quoi ?|Dark Pulse|p1a: Kyurem
|-damage|p1a: Kyurem|64/100
|move|p1a: Kyurem|Draco Meteor|p2a: Quoi ?
|-enditem|p2a: Quoi ?|Focus Sash
|-damage|p2a: Quoi ?|1/100
|-unboost|p1a: Kyurem|spa|2
|
|upkeep
|turn|12
|
|t:|1759049361
|switch|p1a: Alomomola|Alomomola, F|59/100
|move|p2a: Quoi ?|Dark Pulse|p1a: Alomomola
|-damage|p1a: Alomomola|41/100
|
|upkeep
|turn|13
|
|t:|1759049364
|move|p2a: Quoi ?|Dark Pulse|p1a: Alomomola
|-crit|p1a: Alomomola
|-damage|p1a: Alomomola|13/100
|move|p1a: Alomomola|Flip Turn|p2a: Quoi ?
|-resisted|p2a: Quoi ?
|-damage|p2a: Quoi ?|0 fnt
|faint|p2a: Quoi ?
|
|t:|1759049366
|switch|p1a: Gliscor|Gliscor, F|62/100 tox|[from] Flip Turn
|
|-heal|p1a: Gliscor|74/100 tox|[from] ability: Poison Heal
|upkeep
|
|t:|1759049370
|switch|p2a: Deoxys|Deoxys-Speed|100/100
|-ability|p2a: Deoxys|Pressure
|turn|14
|
|t:|1759049374
|move|p2a: Deoxys|Stealth Rock|p1a: Gliscor
|-sidestart|p1: pablo honey|move: Stealth Rock
|move|p1a: Gliscor|Knock Off|p2a: Deoxys
|-supereffective|p2a: Deoxys
|-damage|p2a: Deoxys|36/100
|-enditem|p2a: Deoxys|Focus Sash|[from] move: Knock Off|[of] p1a: Gliscor
|
|-heal|p1a: Gliscor|87/100 tox|[from] ability: Poison Heal
|upkeep
|turn|15
|
|t:|1759049377
|move|p2a: Deoxys|Ice Beam|p1a: Gliscor
|-supereffective|p1a: Gliscor
|-damage|p1a: Gliscor|12/100 tox
|move|p1a: Gliscor|Knock Off|p2a: Deoxys
|-supereffective|p2a: Deoxys
|-damage|p2a: Deoxys|0 fnt
|faint|p2a: Deoxys
|
|-heal|p1a: Gliscor|24/100 tox|[from] ability: Poison Heal
|upkeep
|
|t:|1759049382
|switch|p2a: Great Tusk|Great Tusk|100/100
|-enditem|p2a: Great Tusk|Booster Energy
|-activate|p2a: Great Tusk|ability: Protosynthesis|[fromitem]
|-start|p2a: Great Tusk|protosynthesisspe
|turn|16
|
|t:|1759049385
|-terastallize|p2a: Great Tusk|Poison
|move|p1a: Gliscor|Protect|p1a: Gliscor
|-singleturn|p1a: Gliscor|Protect
|move|p2a: Great Tusk|Bulk Up|p2a: Great Tusk
|-boost|p2a: Great Tusk|atk|1
|-boost|p2a: Great Tusk|def|1
|
|-heal|p1a: Gliscor|37/100 tox|[from] ability: Poison Heal
|upkeep
|turn|17
|
|t:|1759049393
|switch|p1a: Pecharunt|Pecharunt|100/100
|move|p2a: Great Tusk|Bulk Up|p2a: Great Tusk
|-boost|p2a: Great Tusk|atk|1
|-boost|p2a: Great Tusk|def|1
|
|upkeep
|turn|18
|
|t:|1759049401
|move|p2a: Great Tusk|Bulk Up|p2a: Great Tusk
|-boost|p2a: Great Tusk|atk|1
|-boost|p2a: Great Tusk|def|1
|move|p1a: Pecharunt|Parting Shot|p2a: Great Tusk
|-unboost|p2a: Great Tusk|atk|1
|-unboost|p2a: Great Tusk|spa|1
|
|t:|1759049418
|switch|p1a: Great Tusk|Great Tusk|100/100|[from] Parting Shot
|-damage|p1a: Great Tusk|98/100|[from] Stealth Rock
|
|upkeep
|turn|19
|
|t:|1759049422
|move|p2a: Great Tusk|Bulk Up|p2a: Great Tusk
|-boost|p2a: Great Tusk|atk|1
|-boost|p2a: Great Tusk|def|1
|move|p1a: Great Tusk|Headlong Rush|p2a: Great Tusk
|-supereffective|p2a: Great Tusk
|-damage|p2a: Great Tusk|78/100
|-unboost|p1a: Great Tusk|def|1
|-unboost|p1a: Great Tusk|spd|1
|
|upkeep
|turn|20
|
|t:|1759049424
|move|p2a: Great Tusk|Ice Spinner|p1a: Great Tusk
|-supereffective|p1a: Great Tusk
|-damage|p1a: Great Tusk|0 fnt
|-damage|p2a: Great Tusk|62/100|[from] item: Rocky Helmet|[of] p1a: Great Tusk
|faint|p1a: Great Tusk
|-end|p1a: Great Tusk|Protosynthesis|[silent]
|
|upkeep
|
|t:|1759049440
|switch|p1a: Kyurem|Kyurem|64/100
|-ability|p1a: Kyurem|Pressure
|turn|21
|
|t:|1759049442
|move|p2a: Great Tusk|Ice Spinner|p1a: Kyurem
|-damage|p1a: Kyurem|5/100
|move|p1a: Kyurem|Ice Beam|p2a: Great Tusk
|-damage|p2a: Great Tusk|1/100
|
|upkeep
|turn|22
|
|t:|1759049448
|switch|p1a: Gliscor|Gliscor, F|37/100 tox
|-damage|p1a: Gliscor|24/100 tox|[from] Stealth Rock
|move|p2a: Great Tusk|Rapid Spin|p1a: Gliscor
|-damage|p1a: Gliscor|0 fnt
|-boost|p2a: Great Tusk|spe|1
|faint|p1a: Gliscor
|
|upkeep
|
|t:|1759049451
|switch|p1a: Scizor|Scizor, M|31/100
|-damage|p1a: Scizor|19/100|[from] Stealth Rock
|turn|23
|
|t:|1759049454
|move|p1a: Scizor|Bullet Punch|p2a: Great Tusk
|-damage|p2a: Great Tusk|0 fnt
|faint|p2a: Great Tusk
|-end|p2a: Great Tusk|Protosynthesis|[silent]
|
|upkeep
|
|t:|1759049456
|switch|p2a: Yanmega|Yanmega, M|100/100
|turn|24
|
|t:|1759049458
|-terastallize|p1a: Scizor|Steel
|move|p1a: Scizor|Bullet Punch|p2a: Yanmega
|-damage|p2a: Yanmega|17/100
|move|p2a: Yanmega|Bug Buzz|p1a: Scizor
|-resisted|p1a: Scizor
|-damage|p1a: Scizor|0 fnt
|faint|p1a: Scizor
|-enditem|p2a: Yanmega|Throat Spray
|-boost|p2a: Yanmega|spa|1|[from] item: Throat Spray
|
|-ability|p2a: Yanmega|Speed Boost|boost
|-boost|p2a: Yanmega|spe|1
|upkeep
|
|t:|1759049463
|switch|p1a: Pecharunt|Pecharunt|100/100
|turn|25
|
|t:|1759049474
|move|p2a: Yanmega|Air Slash|p1a: Pecharunt
|-damage|p1a: Pecharunt|37/100
|move|p1a: Pecharunt|Malignant Chain|p2a: Yanmega
|-damage|p2a: Yanmega|0 fnt
|faint|p2a: Yanmega
|
|win|pablo honey
|raw|pablo honey's rating: 1418 &rarr; <strong>1439</strong><br />(+21 for winning)
|raw|Nultiprise's rating: 1439 &rarr; <strong>1418</strong><br />(-21 for losing)
|l|☆Nultiprise
|player|p2|
