|inactive|Battle timer is ON: inactive players will automatically lose when time's up.
|t:|1759066817
|gametype|singles
|player|p1|leng loi|#scl4machines2|
|player|p2|Separation|#scl5spartans2|
|gen|9
|tier|[Gen 9] OU
|rule|HP Percentage Mod: HP is shown in percentages
|rule|Endless Battle Clause: Forcing endless battles is banned
|rule|Species Clause: Limit one of each Pokémon
|rule|OHKO Clause: OHKO moves are banned
|rule|Evasion Items Clause: Evasion items are banned
|rule|Evasion Moves Clause: Evasion moves are banned
|rule|Evasion Abilities Clause: Evasion abilities are banned
|rule|Sleep Moves Clause: Sleep-inducing moves are banned
|clearpoke
|poke|p1|Amoonguss, F|
|poke|p1|Alomomola, F|
|poke|p1|Great Tusk|
|poke|p1|Darkrai|
|poke|p1|Dragonite, M|
|poke|p1|Gholdengo|
|poke|p2|Gliscor, M|
|poke|p2|Blissey, F|
|poke|p2|Clodsire, M|
|poke|p2|Clefable, F|
|poke|p2|Pecharunt|
|poke|p2|Skarmory, F|
|teampreview
|inactive|leng loi has 270 seconds left.
|inactive|Separation has 270 seconds left.
|
|t:|1759066862
|teamsize|p1|6
|teamsize|p2|6
|start
|switch|p1a: Gholdengo|Gholdengo|100/100
|switch|p2a: Gliscor|Gliscor, M|100/100
|turn|1
|rated|Smogon Champions League
|
|t:|1759066881
|switch|p2a: Blissey|Blissey, F|100/100
|move|p1a: Gholdengo|Trick|p2a: Blissey
|-activate|p1a: Gholdengo|move: Trick|[of] p2a: Blissey
|-item|p2a: Blissey|Choice Scarf|[from] move: Trick
|-item|p1a: Gholdengo|Heavy-Duty Boots|[from] move: Trick
|
|upkeep
|turn|2
|
|t:|1759066903
|move|p1a: Gholdengo|Make It Rain|p2a: Blissey
|-damage|p2a: Blissey|82/100
|-unboost|p1a: Gholdengo|spa|1
|move|p2a: Blissey|Stealth Rock|p1a: Gholdengo
|-sidestart|p1: leng loi|move: Stealth Rock
|
|upkeep
|turn|3
|
|t:|1759066921
|switch|p2a: Clodsire|Clodsire, M|100/100
|move|p1a: Gholdengo|Make It Rain|p2a: Clodsire
|-damage|p2a: Clodsire|68/100
|-unboost|p1a: Gholdengo|spa|1
|
|upkeep
|turn|4
|inactive|Separation has 270 seconds left.
|
|t:|1759066954
|switch|p1a: Great Tusk|Great Tusk|100/100
|move|p2a: Clodsire|Recover|p2a: Clodsire
|-heal|p2a: Clodsire|100/100
|
|upkeep
|turn|5
|
|t:|1759066960
|switch|p2a: Skarmory|Skarmory, F|100/100
|move|p1a: Great Tusk|Stealth Rock|p2a: Skarmory
|-sidestart|p2: Separation|move: Stealth Rock
|
|upkeep
|turn|6
|inactive|leng loi has 270 seconds left.
|
|t:|1759066984
|-end|p1a: Great Tusk|Protosynthesis|[silent]
|switch|p1a: Alomomola|Alomomola, F|100/100
|-damage|p1a: Alomomola|88/100|[from] Stealth Rock
|move|p2a: Skarmory|Spikes|p1a: Alomomola
|-sidestart|p1: leng loi|Spikes
|
|upkeep
|turn|7
|
|t:|1759066999
|switch|p2a: Clefable|Clefable, F|100/100
|move|p1a: Alomomola|Body Slam|p2a: Clefable
|-damage|p2a: Clefable|88/100
|-damage|p1a: Alomomola|72/100|[from] item: Rocky Helmet|[of] p2a: Clefable
|
|upkeep
|turn|8
|
|t:|1759067009
|switch|p2a: Pecharunt|Pecharunt|100/100
|move|p1a: Alomomola|Body Slam|p2a: Pecharunt
|-immune|p2a: Pecharunt
|
|upkeep
|turn|9
|
|t:|1759067022
|move|p2a: Pecharunt|Parting Shot|p1a: Alomomola
|-unboost|p1a: Alomomola|atk|1
|-unboost|p1a: Alomomola|spa|1
|
|t:|1759067024
|switch|p2a: Gliscor|Gliscor, M|100/100|[from] Parting Shot
|-damage|p2a: Gliscor|88/100|[from] Stealth Rock
|move|p1a: Alomomola|Body Slam|p2a: Gliscor
|-damage|p2a: Gliscor|80/100
|-status|p2a: Gliscor|par
|
|upkeep
|turn|10
|
|t:|1759067039
|move|p1a: Alomomola|Flip Turn|p2a: Gliscor
|-supereffective|p2a: Gliscor
|-damage|p2a: Gliscor|62/100 par
|
|t:|1759067042
|switch|p1a: Great Tusk|Great Tusk|100/100|[from] Flip Turn
|move|p2a: Gliscor|Knock Off|p1a: Great Tusk
|-resisted|p1a: Great Tusk
|-damage|p1a: Great Tusk|93/100
|-enditem|p1a: Great Tusk|Heavy-Duty Boots|[from] move: Knock Off|[of] p2a: Gliscor
|
|upkeep
|turn|11
|
|t:|1759067049
|switch|p2a: Skarmory|Skarmory, F|100/100
|-damage|p2a: Skarmory|88/100|[from] Stealth Rock
|move|p1a: Great Tusk|Rapid Spin|p2a: Skarmory
|-resisted|p2a: Skarmory
|-damage|p2a: Skarmory|83/100
|-boost|p1a: Great Tusk|spe|1
|-damage|p1a: Great Tusk|77/100|[from] item: Rocky Helmet|[of] p2a: Skarmory
|-sideend|p1: leng loi|Spikes|[from] move: Rapid Spin|[of] p1a: Great Tusk
|-sideend|p1: leng loi|Stealth Rock|[from] move: Rapid Spin|[of] p1a: Great Tusk
|
|upkeep
|turn|12
|
|t:|1759067058
|-end|p1a: Great Tusk|Protosynthesis|[silent]
|switch|p1a: Gholdengo|Gholdengo|100/100
|move|p2a: Skarmory|Spikes|p1a: Gholdengo
|-sidestart|p1: leng loi|Spikes
|
|upkeep
|turn|13
|
|t:|1759067062
|switch|p2a: Blissey|Blissey, F|82/100
|-damage|p2a: Blissey|70/100|[from] Stealth Rock
|move|p1a: Gholdengo|Shadow Ball|p2a: Blissey
|-immune|p2a: Blissey
|
|upkeep
|turn|14
|
|t:|1759067067
|switch|p1a: Great Tusk|Great Tusk|77/100
|-damage|p1a: Great Tusk|64/100|[from] Spikes
|move|p2a: Blissey|Flamethrower|p1a: Great Tusk
|-damage|p1a: Great Tusk|43/100
|
|upkeep
|turn|15
|inactive|leng loi has 270 seconds left.
|
|t:|1759067125
|-end|p1a: Great Tusk|Protosynthesis|[silent]
|switch|p1a: Gholdengo|Gholdengo|100/100
|switch|p2a: Skarmory|Skarmory, F|83/100
|-damage|p2a: Skarmory|71/100|[from] Stealth Rock
|
|upkeep
|turn|16
|
|t:|1759067131
|switch|p2a: Blissey|Blissey, F|70/100
|-damage|p2a: Blissey|57/100|[from] Stealth Rock
|move|p1a: Gholdengo|Shadow Ball|p2a: Blissey
|-immune|p2a: Blissey
|
|upkeep
|turn|17
|
|t:|1759067137
|switch|p1a: Alomomola|Alomomola, F|100/100
|-damage|p1a: Alomomola|88/100|[from] Spikes
|move|p2a: Blissey|Soft-Boiled|p2a: Blissey
|-heal|p2a: Blissey|100/100
|
|upkeep
|turn|18
|
|t:|1759067150
|switch|p2a: Pecharunt|Pecharunt|100/100
|move|p1a: Alomomola|Flip Turn|p2a: Pecharunt
|-crit|p2a: Pecharunt
|-damage|p2a: Pecharunt|88/100
|inactive|leng loi has 270 seconds left.
|
|t:|1759067157
|switch|p1a: Gholdengo|Gholdengo|100/100|[from] Flip Turn
|
|upkeep
|turn|19
|inactive|leng loi has 270 seconds left.
|inactive|Separation has 270 seconds left.
|
|t:|1759067192
|switch|p1a: Alomomola|Alomomola, F|100/100
|-damage|p1a: Alomomola|88/100|[from] Spikes
|switch|p2a: Blissey|Blissey, F|100/100
|-damage|p2a: Blissey|88/100|[from] Stealth Rock
|
|upkeep
|turn|20
|
|t:|1759067195
|move|p2a: Blissey|Stealth Rock|p1a: Alomomola
|-sidestart|p1: leng loi|move: Stealth Rock
|move|p1a: Alomomola|Flip Turn|p2a: Blissey
|-damage|p2a: Blissey|70/100
|
|t:|1759067198
|switch|p1a: Great Tusk|Great Tusk|43/100|[from] Flip Turn
|-damage|p1a: Great Tusk|30/100|[from] Spikes
|-damage|p1a: Great Tusk|27/100|[from] Stealth Rock
|
|upkeep
|turn|21
|
|t:|1759067201
|switch|p2a: Skarmory|Skarmory, F|71/100
|-damage|p2a: Skarmory|59/100|[from] Stealth Rock
|move|p1a: Great Tusk|Rapid Spin|p2a: Skarmory
|-resisted|p2a: Skarmory
|-damage|p2a: Skarmory|53/100
|-boost|p1a: Great Tusk|spe|1
|-damage|p1a: Great Tusk|11/100|[from] item: Rocky Helmet|[of] p2a: Skarmory
|-sideend|p1: leng loi|Spikes|[from] move: Rapid Spin|[of] p1a: Great Tusk
|-sideend|p1: leng loi|Stealth Rock|[from] move: Rapid Spin|[of] p1a: Great Tusk
|
|upkeep
|turn|22
|
|t:|1759067206
|-end|p1a: Great Tusk|Protosynthesis|[silent]
|switch|p1a: Darkrai|Darkrai|100/100
|move|p2a: Skarmory|Spikes|p1a: Darkrai
|-sidestart|p1: leng loi|Spikes
|
|upkeep
|turn|23
|
|t:|1759067231
|switch|p2a: Blissey|Blissey, F|70/100
|-damage|p2a: Blissey|58/100|[from] Stealth Rock
|move|p1a: Darkrai|Nasty Plot|p1a: Darkrai
|-boost|p1a: Darkrai|spa|2
|
|upkeep
|turn|24
|
|t:|1759067246
|move|p1a: Darkrai|Dark Pulse|p2a: Blissey
|-damage|p2a: Blissey|34/100
|cant|p2a: Blissey|flinch
|
|upkeep
|turn|25
|
|t:|1759067252
|move|p1a: Darkrai|Dark Pulse|p2a: Blissey
|-damage|p2a: Blissey|9/100
|move|p2a: Blissey|Soft-Boiled|p2a: Blissey
|-heal|p2a: Blissey|59/100
|
|upkeep
|turn|26
|
|t:|1759067257
|move|p1a: Darkrai|Nasty Plot|p1a: Darkrai
|-boost|p1a: Darkrai|spa|2
|move|p2a: Blissey|Soft-Boiled|p2a: Blissey
|-heal|p2a: Blissey|100/100
|
|upkeep
|turn|27
|
|t:|1759067260
|switch|p2a: Clodsire|Clodsire, M|100/100
|move|p1a: Darkrai|Ice Beam|p2a: Clodsire
|-supereffective|p2a: Clodsire
|-damage|p2a: Clodsire|69/100
|
|upkeep
|turn|28
|
|t:|1759067295
|switch|p1a: Amoonguss|Amoonguss, F|100/100
|-damage|p1a: Amoonguss|88/100|[from] Spikes
|move|p2a: Clodsire|Recover|p2a: Clodsire
|-heal|p2a: Clodsire|100/100
|
|upkeep
|turn|29
|
|t:|1759067303
|switch|p2a: Blissey|Blissey, F|100/100
|-damage|p2a: Blissey|88/100|[from] Stealth Rock
|move|p1a: Amoonguss|Grass Knot|p2a: Blissey
|-damage|p2a: Blissey|82/100
|
|upkeep
|turn|30
|
|t:|1759067308
|move|p2a: Blissey|Stealth Rock|p1a: Amoonguss
|-sidestart|p1: leng loi|move: Stealth Rock
|move|p1a: Amoonguss|Toxic|p2a: Blissey
|-status|p2a: Blissey|tox
|
|-damage|p2a: Blissey|76/100 tox|[from] psn
|upkeep
|turn|31
|
|t:|1759067319
|-curestatus|p2a: Blissey|tox|[from] ability: Natural Cure
|switch|p2a: Pecharunt|Pecharunt|88/100
|switch|p1a: Gholdengo|Gholdengo|100/100
|
|upkeep
|turn|32
|inactive|leng loi has 270 seconds left.
|
|t:|1759067353
|switch|p2a: Blissey|Blissey, F|76/100
|-damage|p2a: Blissey|64/100|[from] Stealth Rock
|move|p1a: Gholdengo|Shadow Ball|p2a: Blissey
|-immune|p2a: Blissey
|
|upkeep
|turn|33
|inactive|leng loi has 270 seconds left.
|
|t:|1759067372
|switch|p1a: Alomomola|Alomomola, F|100/100
|-damage|p1a: Alomomola|88/100|[from] Spikes
|-damage|p1a: Alomomola|76/100|[from] Stealth Rock
|move|p2a: Blissey|Flamethrower|p1a: Alomomola
|-resisted|p1a: Alomomola
|-damage|p1a: Alomomola|71/100
|
|upkeep
|turn|34
|
|t:|1759067380
|switch|p2a: Clefable|Clefable, F|88/100
|move|p1a: Alomomola|Flip Turn|p2a: Clefable
|-damage|p2a: Clefable|76/100
|-damage|p1a: Alomomola|55/100|[from] item: Rocky Helmet|[of] p2a: Clefable
|
|t:|1759067383
|switch|p1a: Gholdengo|Gholdengo|100/100|[from] Flip Turn
|
|upkeep
|turn|35
|
|t:|1759067395
|switch|p1a: Dragonite|Dragonite, M|100/100
|switch|p2a: Blissey|Blissey, F|64/100
|-damage|p2a: Blissey|51/100|[from] Stealth Rock
|
|upkeep
|turn|36
|inactive|leng loi has 270 seconds left.
|
|t:|1759067416
|move|p1a: Dragonite|Dragon Dance|p1a: Dragonite
|-boost|p1a: Dragonite|atk|1
|-boost|p1a: Dragonite|spe|1
|move|p2a: Blissey|Soft-Boiled|p2a: Blissey
|-heal|p2a: Blissey|100/100
|
|upkeep
|turn|37
|
|t:|1759067438
|switch|p1a: Gholdengo|Gholdengo|100/100
|switch|p2a: Gliscor|Gliscor, M|62/100 par
|-damage|p2a: Gliscor|50/100 par|[from] Stealth Rock
|
|upkeep
|turn|38
|inactive|Separation has 270 seconds left.
|
|t:|1759067464
|switch|p2a: Blissey|Blissey, F|100/100
|-damage|p2a: Blissey|88/100|[from] Stealth Rock
|move|p1a: Gholdengo|Make It Rain|p2a: Blissey
|-damage|p2a: Blissey|68/100
|-unboost|p1a: Gholdengo|spa|1
|
|upkeep
|turn|39
|inactive|leng loi has 270 seconds left.
|
|t:|1759067497
|move|p1a: Gholdengo|Thunder Wave|p2a: Blissey|[miss]
|-miss|p1a: Gholdengo|p2a: Blissey
|move|p2a: Blissey|Flamethrower|p1a: Gholdengo
|-supereffective|p1a: Gholdengo
|-damage|p1a: Gholdengo|64/100
|
|upkeep
|turn|40
|inactive|Separation has 270 seconds left.
|
|t:|1759067508
|switch|p1a: Alomomola|Alomomola, F|88/100
|-damage|p1a: Alomomola|76/100|[from] Spikes
|-damage|p1a: Alomomola|64/100|[from] Stealth Rock
|move|p2a: Blissey|Flamethrower|p1a: Alomomola
|-resisted|p1a: Alomomola
|-damage|p1a: Alomomola|59/100
|
|upkeep
|turn|41
|inactive|leng loi has 270 seconds left.
|inactive|Separation has 270 seconds left.
|
|t:|1759067519
|switch|p2a: Clefable|Clefable, F|76/100
|move|p1a: Alomomola|Flip Turn|p2a: Clefable
|-damage|p2a: Clefable|62/100
|-damage|p1a: Alomomola|43/100|[from] item: Rocky Helmet|[of] p2a: Clefable
|
|t:|1759067522
|switch|p1a: Gholdengo|Gholdengo|64/100|[from] Flip Turn
|
|upkeep
|turn|42
|
|t:|1759067533
|switch|p1a: Dragonite|Dragonite, M|100/100
|switch|p2a: Clodsire|Clodsire, M|100/100
|
|upkeep
|turn|43
|inactive|leng loi has 270 seconds left.
|inactive|Separation has 270 seconds left.
|inactive|leng loi has 240 seconds left.
|inactive|Separation has 240 seconds left.
|
|t:|1759067606
|switch|p1a: Gholdengo|Gholdengo|64/100
|-terastallize|p2a: Clodsire|Dark
|move|p2a: Clodsire|Toxic|p1a: Gholdengo
|-immune|p1a: Gholdengo|[from] ability: Good as Gold
|
|upkeep
|turn|44
|
|t:|1759067620
|switch|p1a: Amoonguss|Amoonguss, F|100/100
|-damage|p1a: Amoonguss|88/100|[from] Spikes
|-damage|p1a: Amoonguss|76/100|[from] Stealth Rock
|move|p2a: Clodsire|Earthquake|p1a: Amoonguss
|-damage|p1a: Amoonguss|55/100
|-enditem|p1a: Amoonguss|Red Card|[of] p2a: Clodsire
|drag|p2a: Clefable|Clefable, F|62/100
|
|upkeep
|turn|45
|
|t:|1759067632
|move|p2a: Clefable|Moonlight|p2a: Clefable
|-heal|p2a: Clefable|100/100
|move|p1a: Amoonguss|Sludge Bomb|p2a: Clefable
|-supereffective|p2a: Clefable
|-damage|p2a: Clefable|47/100
|
|upkeep
|turn|46
|
|t:|1759067639
|switch|p1a: Gholdengo|Gholdengo|64/100
|move|p2a: Clefable|Moonlight|p2a: Clefable
|-heal|p2a: Clefable|97/100
|
|upkeep
|turn|47
|inactive|leng loi has 240 seconds left.
|inactive|Separation has 240 seconds left.
|
|t:|1759067659
|switch|p2a: Blissey|Blissey, F|68/100
|-damage|p2a: Blissey|56/100|[from] Stealth Rock
|move|p1a: Gholdengo|Make It Rain|p2a: Blissey
|-damage|p2a: Blissey|36/100
|-unboost|p1a: Gholdengo|spa|1
|
|upkeep
|turn|48
|
|t:|1759067668
|switch|p1a: Dragonite|Dragonite, M|100/100
|move|p2a: Blissey|Soft-Boiled|p2a: Blissey
|-heal|p2a: Blissey|86/100
|
|upkeep
|turn|49
|inactive|Separation has 240 seconds left.
|
|t:|1759067675
|switch|p1a: Gholdengo|Gholdengo|64/100
|switch|p2a: Clefable|Clefable, F|97/100
|
|upkeep
|turn|50
|inactive|Separation has 240 seconds left.
|
|t:|1759067691
|switch|p1a: Alomomola|Alomomola, F|76/100
|-damage|p1a: Alomomola|64/100|[from] Spikes
|-damage|p1a: Alomomola|51/100|[from] Stealth Rock
|switch|p2a: Blissey|Blissey, F|86/100
|-damage|p2a: Blissey|74/100|[from] Stealth Rock
|
|upkeep
|turn|51
|inactive|Separation has 240 seconds left.
|
|t:|1759067697
|switch|p2a: Clefable|Clefable, F|97/100
|move|p1a: Alomomola|Body Slam|p2a: Clefable
|-damage|p2a: Clefable|86/100
|-damage|p1a: Alomomola|35/100|[from] item: Rocky Helmet|[of] p2a: Clefable
|
|upkeep
|turn|52
|
|t:|1759067703
|switch|p1a: Amoonguss|Amoonguss, F|89/100
|-damage|p1a: Amoonguss|76/100|[from] Spikes
|-damage|p1a: Amoonguss|64/100|[from] Stealth Rock
|move|p2a: Clefable|Moonblast|p1a: Amoonguss
|-resisted|p1a: Amoonguss
|-damage|p1a: Amoonguss|50/100
|
|upkeep
|turn|53
|
|t:|1759067709
|move|p2a: Clefable|Thunder Wave|p1a: Amoonguss
|-status|p1a: Amoonguss|par
|cant|p1a: Amoonguss|par
|
|upkeep
|turn|54
|
|t:|1759067717
|move|p2a: Clefable|Calm Mind|p2a: Clefable
|-boost|p2a: Clefable|spa|1
|-boost|p2a: Clefable|spd|1
|cant|p1a: Amoonguss|par
|
|upkeep
|turn|55
|
|t:|1759067726
|move|p2a: Clefable|Moonblast|p1a: Amoonguss
|-resisted|p1a: Amoonguss
|-damage|p1a: Amoonguss|29/100 par
|cant|p1a: Amoonguss|par
|
|upkeep
|turn|56
|
|t:|1759067734
|move|p2a: Clefable|Moonblast|p1a: Amoonguss
|-resisted|p1a: Amoonguss
|-damage|p1a: Amoonguss|8/100 par
|move|p1a: Amoonguss|Sludge Bomb|p2a: Clefable
|-supereffective|p2a: Clefable
|-damage|p2a: Clefable|52/100
|
|upkeep
|turn|57
|
|t:|1759067740
|switch|p1a: Gholdengo|Gholdengo|64/100
|move|p2a: Clefable|Moonlight|p2a: Clefable
|-heal|p2a: Clefable|100/100
|
|upkeep
|turn|58
|inactive|Separation has 270 seconds left.
|inactive|leng loi has 270 seconds left.
|
|t:|1759067779
|switch|p2a: Blissey|Blissey, F|74/100
|-damage|p2a: Blissey|61/100|[from] Stealth Rock
|move|p1a: Gholdengo|Make It Rain|p2a: Blissey
|-damage|p2a: Blissey|42/100
|-unboost|p1a: Gholdengo|spa|1
|
|upkeep
|turn|59
|inactive|leng loi has 270 seconds left.
|inactive|Separation has 270 seconds left.
|
|t:|1759067791
|switch|p1a: Darkrai|Darkrai|100/100
|-damage|p1a: Darkrai|88/100|[from] Spikes
|-damage|p1a: Darkrai|76/100|[from] Stealth Rock
|move|p2a: Blissey|Soft-Boiled|p2a: Blissey
|-heal|p2a: Blissey|92/100
|
|-heal|p1a: Darkrai|82/100|[from] item: Leftovers
|upkeep
|turn|60
|inactive|leng loi has 270 seconds left.
|
|t:|1759067799
|switch|p2a: Clodsire|Clodsire, M, tera:Dark|100/100
|move|p1a: Darkrai|Sludge Bomb|p2a: Clodsire
|-damage|p2a: Clodsire|84/100
|
|-heal|p1a: Darkrai|88/100|[from] item: Leftovers
|upkeep
|turn|61
|inactive|leng loi has 270 seconds left.
|
|t:|1759067824
|-terastallize|p1a: Darkrai|Poison
|move|p1a: Darkrai|Sludge Bomb|p2a: Clodsire
|-damage|p2a: Clodsire|62/100
|move|p2a: Clodsire|Earthquake|p1a: Darkrai
|-supereffective|p1a: Darkrai
|-damage|p1a: Darkrai|25/100
|
|-heal|p1a: Darkrai|31/100|[from] item: Leftovers
|upkeep
|turn|62
|
|t:|1759067836
|switch|p1a: Dragonite|Dragonite, M|100/100
|move|p2a: Clodsire|Earthquake|p1a: Dragonite
|-immune|p1a: Dragonite
|
|upkeep
|turn|63
|
|t:|1759067843
|move|p1a: Dragonite|Earthquake|p2a: Clodsire
|-damage|p2a: Clodsire|21/100
|move|p2a: Clodsire|Recover|p2a: Clodsire
|-heal|p2a: Clodsire|71/100
|
|upkeep
|turn|64
|
|t:|1759067850
|switch|p1a: Amoonguss|Amoonguss, F|41/100 par
|-damage|p1a: Amoonguss|29/100 par|[from] Spikes
|-damage|p1a: Amoonguss|17/100 par|[from] Stealth Rock
|switch|p2a: Skarmory|Skarmory, F|53/100
|-damage|p2a: Skarmory|41/100|[from] Stealth Rock
|
|upkeep
|turn|65
|inactive|leng loi has 270 seconds left.
|
|t:|1759067856
|switch|p1a: Gholdengo|Gholdengo|64/100
|move|p2a: Skarmory|Roost|p2a: Skarmory
|-heal|p2a: Skarmory|91/100
|-singleturn|p2a: Skarmory|move: Roost
|
|upkeep
|turn|66
|
|t:|1759067864
|switch|p2a: Blissey|Blissey, F|92/100
|-damage|p2a: Blissey|79/100|[from] Stealth Rock
|move|p1a: Gholdengo|Make It Rain|p2a: Blissey
|-damage|p2a: Blissey|59/100
|-unboost|p1a: Gholdengo|spa|1
|
|upkeep
|turn|67
|
|t:|1759067871
|switch|p1a: Alomomola|Alomomola, F|68/100
|-damage|p1a: Alomomola|56/100|[from] Spikes
|-damage|p1a: Alomomola|43/100|[from] Stealth Rock
|move|p2a: Blissey|Flamethrower|p1a: Alomomola
|-resisted|p1a: Alomomola
|-damage|p1a: Alomomola|39/100
|-status|p1a: Alomomola|brn
|
|-damage|p1a: Alomomola|33/100 brn|[from] brn
|upkeep
|turn|68
|
|t:|1759067885
|switch|p2a: Clefable|Clefable, F|100/100
|move|p1a: Alomomola|Flip Turn|p2a: Clefable
|-damage|p2a: Clefable|94/100
|-damage|p1a: Alomomola|16/100 brn|[from] item: Rocky Helmet|[of] p2a: Clefable
|
|t:|1759067887
|switch|p1a: Gholdengo|Gholdengo|64/100|[from] Flip Turn
|
|upkeep
|turn|69
|
|t:|1759067904
|switch|p1a: Dragonite|Dragonite, M|100/100
|switch|p2a: Blissey|Blissey, F|59/100
|-damage|p2a: Blissey|47/100|[from] Stealth Rock
|
|upkeep
|turn|70
|
|t:|1759067911
|switch|p1a: Gholdengo|Gholdengo|64/100
|switch|p2a: Clefable|Clefable, F|94/100
|
|upkeep
|turn|71
|
|t:|1759067928
|switch|p2a: Blissey|Blissey, F|47/100
|-damage|p2a: Blissey|34/100|[from] Stealth Rock
|move|p1a: Gholdengo|Thunder Wave|p2a: Blissey
|-status|p2a: Blissey|par
|
|upkeep
|turn|72
|
|t:|1759067936
|switch|p1a: Dragonite|Dragonite, M|100/100
|move|p2a: Blissey|Soft-Boiled|p2a: Blissey
|-heal|p2a: Blissey|84/100 par
|
|upkeep
|turn|73
|
|t:|1759067944
|switch|p1a: Gholdengo|Gholdengo|64/100
|-curestatus|p2a: Blissey|par|[from] ability: Natural Cure
|switch|p2a: Clefable|Clefable, F|94/100
|
|upkeep
|turn|74
|
|t:|1759067953
|switch|p1a: Dragonite|Dragonite, M|100/100
|switch|p2a: Blissey|Blissey, F|84/100
|-damage|p2a: Blissey|72/100|[from] Stealth Rock
|
|upkeep
|turn|75
|
|t:|1759067979
|move|p1a: Dragonite|Dragon Dance|p1a: Dragonite
|-boost|p1a: Dragonite|atk|1
|-boost|p1a: Dragonite|spe|1
|move|p2a: Blissey|Flamethrower|p1a: Dragonite
|-resisted|p1a: Dragonite
|-damage|p1a: Dragonite|97/100
|
|upkeep
|turn|76
|
|t:|1759067988
|switch|p2a: Skarmory|Skarmory, F|91/100
|-damage|p2a: Skarmory|79/100|[from] Stealth Rock
|move|p1a: Dragonite|Earthquake|p2a: Skarmory
|-immune|p2a: Skarmory
|
|upkeep
|turn|77
|
|t:|1759068000
|switch|p1a: Gholdengo|Gholdengo|64/100
|move|p2a: Skarmory|Spikes|p1a: Gholdengo
|-sidestart|p1: leng loi|Spikes
|
|upkeep
|turn|78
|
|t:|1759068010
|switch|p2a: Blissey|Blissey, F|72/100
|-damage|p2a: Blissey|59/100|[from] Stealth Rock
|move|p1a: Gholdengo|Thunder Wave|p2a: Blissey
|-status|p2a: Blissey|par
|
|upkeep
|turn|79
|
|t:|1759068017
|switch|p1a: Dragonite|Dragonite, M|97/100
|move|p2a: Blissey|Flamethrower|p1a: Dragonite
|-resisted|p1a: Dragonite
|-damage|p1a: Dragonite|89/100
|
|upkeep
|turn|80
|
|t:|1759068028
|switch|p1a: Gholdengo|Gholdengo|64/100
|-curestatus|p2a: Blissey|par|[from] ability: Natural Cure
|switch|p2a: Clefable|Clefable, F|94/100
|
|upkeep
|turn|81
|
|t:|1759068052
|switch|p2a: Gliscor|Gliscor, M|50/100 par
|-damage|p2a: Gliscor|37/100 par|[from] Stealth Rock
|move|p1a: Gholdengo|Make It Rain|p2a: Gliscor
|-damage|p2a: Gliscor|0 fnt
|-unboost|p1a: Gholdengo|spa|1
|faint|p2a: Gliscor
|
|upkeep
|
|t:|1759068059
|switch|p2a: Clodsire|Clodsire, M, tera:Dark|71/100
|turn|82
|inactive|leng loi has 270 seconds left.
|inactive|Separation has 270 seconds left.
|inactive|leng loi has 240 seconds left.
|inactive|leng loi has 210 seconds left.
|
|t:|1759068160
|move|p1a: Gholdengo|Thunder Wave|p2a: Clodsire
|-status|p2a: Clodsire|par
|move|p2a: Clodsire|Recover|p2a: Clodsire
|-heal|p2a: Clodsire|100/100 par
|
|upkeep
|turn|83
|
|t:|1759068179
|switch|p1a: Dragonite|Dragonite, M|89/100
|move|p2a: Clodsire|Earthquake|p1a: Dragonite
|-immune|p1a: Dragonite
|
|upkeep
|turn|84
|
|t:|1759068193
|move|p1a: Dragonite|Earthquake|p2a: Clodsire
|-damage|p2a: Clodsire|57/100 par
|move|p2a: Clodsire|Toxic|p1a: Dragonite
|-status|p1a: Dragonite|tox
|
|-damage|p1a: Dragonite|83/100 tox|[from] psn
|upkeep
|turn|85
|
|t:|1759068199
|switch|p2a: Skarmory|Skarmory, F|79/100
|-damage|p2a: Skarmory|66/100|[from] Stealth Rock
|move|p1a: Dragonite|Earthquake|p2a: Skarmory
|-immune|p2a: Skarmory
|
|-damage|p1a: Dragonite|71/100 tox|[from] psn
|upkeep
|turn|86
|inactive|leng loi has 210 seconds left.
|
|t:|1759068208
|switch|p1a: Gholdengo|Gholdengo|64/100
|move|p2a: Skarmory|Spikes|p1a: Gholdengo
|-sidestart|p1: leng loi|Spikes
|
|upkeep
|turn|87
|
|t:|1759068225
|switch|p2a: Clodsire|Clodsire, M, tera:Dark|57/100 par
|move|p1a: Gholdengo|Shadow Ball|p2a: Clodsire
|-resisted|p2a: Clodsire
|-damage|p2a: Clodsire|47/100 par
|
|upkeep
|turn|88
|
|t:|1759068232
|move|p1a: Gholdengo|Shadow Ball|p2a: Clodsire
|-resisted|p2a: Clodsire
|-damage|p2a: Clodsire|37/100 par
|-unboost|p2a: Clodsire|spd|1
|move|p2a: Clodsire|Recover|p2a: Clodsire
|-heal|p2a: Clodsire|87/100 par
|
|upkeep
|turn|89
|
|t:|1759068240
|switch|p1a: Dragonite|Dragonite, M|71/100 tox
|move|p2a: Clodsire|Earthquake|p1a: Dragonite
|-immune|p1a: Dragonite
|
|-damage|p1a: Dragonite|65/100 tox|[from] psn
|upkeep
|turn|90
|
|t:|1759068250
|switch|p1a: Gholdengo|Gholdengo|64/100
|switch|p2a: Clefable|Clefable, F|94/100
|
|upkeep
|turn|91
|
|t:|1759068255
|switch|p2a: Clodsire|Clodsire, M, tera:Dark|87/100 par
|move|p1a: Gholdengo|Shadow Ball|p2a: Clodsire
|-resisted|p2a: Clodsire
|-damage|p2a: Clodsire|76/100 par
|
|upkeep
|turn|92
|
|t:|1759068259
|switch|p1a: Dragonite|Dragonite, M|65/100 tox
|move|p2a: Clodsire|Poison Jab|p1a: Dragonite
|-damage|p1a: Dragonite|41/100 tox
|
|-damage|p1a: Dragonite|35/100 tox|[from] psn
|upkeep
|turn|93
|
|t:|1759068266
|switch|p2a: Clefable|Clefable, F|94/100
|move|p1a: Dragonite|Roost|p1a: Dragonite
|-heal|p1a: Dragonite|86/100 tox
|-singleturn|p1a: Dragonite|move: Roost
|
|-damage|p1a: Dragonite|74/100 tox|[from] psn
|upkeep
|turn|94
|inactive|leng loi has 270 seconds left.
|
|t:|1759068273
|switch|p1a: Great Tusk|Great Tusk|11/100
|-damage|p1a: Great Tusk|0 fnt|[from] Spikes
|faint|p1a: Great Tusk
|-end|p1a: Great Tusk|Protosynthesis|[silent]
|move|p2a: Clefable|Calm Mind|p2a: Clefable
|-boost|p2a: Clefable|spa|1
|-boost|p2a: Clefable|spd|1
|
|upkeep
|
|t:|1759068276
|switch|p1a: Gholdengo|Gholdengo|64/100
|turn|95
|
|t:|1759068289
|switch|p2a: Blissey|Blissey, F|59/100
|-damage|p2a: Blissey|47/100|[from] Stealth Rock
|move|p1a: Gholdengo|Thunder Wave|p2a: Blissey
|-status|p2a: Blissey|par
|
|upkeep
|turn|96
|
|t:|1759068294
|switch|p1a: Dragonite|Dragonite, M|74/100 tox
|cant|p2a: Blissey|par
|
|-damage|p1a: Dragonite|68/100 tox|[from] psn
|upkeep
|turn|97
|
|t:|1759068300
|-curestatus|p2a: Blissey|par|[from] ability: Natural Cure
|switch|p2a: Clefable|Clefable, F|94/100
|move|p1a: Dragonite|Earthquake|p2a: Clefable
|-damage|p2a: Clefable|64/100
|
|-damage|p1a: Dragonite|56/100 tox|[from] psn
|upkeep
|turn|98
|
|t:|1759068305
|switch|p1a: Gholdengo|Gholdengo|64/100
|move|p2a: Clefable|Moonlight|p2a: Clefable
|-heal|p2a: Clefable|100/100
|
|upkeep
|turn|99
|
|t:|1759068309
|switch|p2a: Blissey|Blissey, F|47/100
|-damage|p2a: Blissey|35/100|[from] Stealth Rock
|move|p1a: Gholdengo|Thunder Wave|p2a: Blissey
|-status|p2a: Blissey|par
|
|upkeep
|turn|100
|
|t:|1759068316
|switch|p1a: Dragonite|Dragonite, M|56/100 tox
|move|p2a: Blissey|Soft-Boiled|p2a: Blissey
|-heal|p2a: Blissey|85/100 par
|
|-damage|p1a: Dragonite|49/100 tox|[from] psn
|upkeep
|turn|101
|
|t:|1759068323
|switch|p1a: Gholdengo|Gholdengo|64/100
|-curestatus|p2a: Blissey|par|[from] ability: Natural Cure
|switch|p2a: Clefable|Clefable, F|100/100
|
|upkeep
|turn|102
|
|t:|1759068337
|switch|p2a: Clodsire|Clodsire, M, tera:Dark|76/100 par
|move|p1a: Gholdengo|Thunder Wave|p2a: Clodsire
|-fail|p2a: Clodsire|par
|
|upkeep
|turn|103
|
|t:|1759068358
|switch|p1a: Alomomola|Alomomola, F|50/100 brn
|-damage|p1a: Alomomola|25/100 brn|[from] Spikes
|-damage|p1a: Alomomola|13/100 brn|[from] Stealth Rock
|move|p2a: Clodsire|Earthquake|p1a: Alomomola
|-damage|p1a: Alomomola|0 fnt
|faint|p1a: Alomomola
|
|upkeep
|
|t:|1759068361
|switch|p1a: Dragonite|Dragonite, M|49/100 tox
|turn|104
|
|t:|1759068368
|switch|p1a: Gholdengo|Gholdengo|64/100
|switch|p2a: Clefable|Clefable, F|100/100
|
|upkeep
|turn|105
|
|t:|1759068371
|switch|p2a: Clodsire|Clodsire, M, tera:Dark|76/100 par
|move|p1a: Gholdengo|Shadow Ball|p2a: Clodsire
|-resisted|p2a: Clodsire
|-damage|p2a: Clodsire|65/100 par
|
|upkeep
|turn|106
|
|t:|1759068381
|switch|p1a: Dragonite|Dragonite, M|49/100 tox
|cant|p2a: Clodsire|par
|
|-damage|p1a: Dragonite|43/100 tox|[from] psn
|upkeep
|turn|107
|
|t:|1759068393
|switch|p1a: Gholdengo|Gholdengo|64/100
|switch|p2a: Blissey|Blissey, F|85/100
|-damage|p2a: Blissey|72/100|[from] Stealth Rock
|
|upkeep
|turn|108
|
|t:|1759068405
|switch|p1a: Dragonite|Dragonite, M|43/100 tox
|move|p2a: Blissey|Flamethrower|p1a: Dragonite
|-resisted|p1a: Dragonite
|-damage|p1a: Dragonite|36/100 tox
|
|-damage|p1a: Dragonite|30/100 tox|[from] psn
|upkeep
|turn|109
|
|t:|1759068414
|move|p1a: Dragonite|Roost|p1a: Dragonite
|-heal|p1a: Dragonite|80/100 tox
|-singleturn|p1a: Dragonite|move: Roost
|move|p2a: Blissey|Flamethrower|p1a: Dragonite
|-resisted|p1a: Dragonite
|-damage|p1a: Dragonite|72/100 tox
|
|-damage|p1a: Dragonite|60/100 tox|[from] psn
|upkeep
|turn|110
|
|t:|1759068419
|move|p1a: Dragonite|Earthquake|p2a: Blissey
|-damage|p2a: Blissey|30/100
|move|p2a: Blissey|Flamethrower|p1a: Dragonite
|-resisted|p1a: Dragonite
|-damage|p1a: Dragonite|52/100 tox
|
|-damage|p1a: Dragonite|34/100 tox|[from] psn
|upkeep
|turn|111
|
|t:|1759068430
|switch|p1a: Darkrai|Darkrai, tera:Poison|31/100
|-damage|p1a: Darkrai|6/100|[from] Spikes
|-damage|p1a: Darkrai|0 fnt|[from] Stealth Rock
|faint|p1a: Darkrai
|switch|p2a: Clefable|Clefable, F|100/100
|
|upkeep
|
|t:|1759068433
|switch|p1a: Gholdengo|Gholdengo|64/100
|turn|112
|
|t:|1759068438
|switch|p2a: Clodsire|Clodsire, M, tera:Dark|65/100 par
|move|p1a: Gholdengo|Shadow Ball|p2a: Clodsire
|-resisted|p2a: Clodsire
|-damage|p2a: Clodsire|54/100 par
|
|upkeep
|turn|113
|inactive|leng loi has 270 seconds left.
|
|t:|1759068482
|move|p1a: Gholdengo|Shadow Ball|p2a: Clodsire
|-resisted|p2a: Clodsire
|-damage|p2a: Clodsire|43/100 par
|move|p2a: Clodsire|Recover|p2a: Clodsire
|-heal|p2a: Clodsire|93/100 par
|
|upkeep
|turn|114
|
|t:|1759068509
|switch|p1a: Amoonguss|Amoonguss, F|50/100 par
|-damage|p1a: Amoonguss|25/100 par|[from] Spikes
|-damage|p1a: Amoonguss|13/100 par|[from] Stealth Rock
|move|p2a: Clodsire|Poison Jab|p1a: Amoonguss
|-damage|p1a: Amoonguss|0 fnt
|faint|p1a: Amoonguss
|
|upkeep
|
|t:|1759068512
|switch|p1a: Dragonite|Dragonite, M|34/100 tox
|turn|115
|
|t:|1759068522
|switch|p1a: Gholdengo|Gholdengo|64/100
|switch|p2a: Pecharunt|Pecharunt|88/100
|
|upkeep
|turn|116
|
|t:|1759068526
|switch|p2a: Clodsire|Clodsire, M, tera:Dark|93/100 par
|move|p1a: Gholdengo|Shadow Ball|p2a: Clodsire
|-resisted|p2a: Clodsire
|-damage|p2a: Clodsire|81/100 par
|
|upkeep
|turn|117
|inactive|leng loi has 270 seconds left.
|
|t:|1759068532
|move|p1a: Gholdengo|Shadow Ball|p2a: Clodsire
|-resisted|p2a: Clodsire
|-damage|p2a: Clodsire|70/100 par
|-unboost|p2a: Clodsire|spd|1
|move|p2a: Clodsire|Earthquake|p1a: Gholdengo
|-supereffective|p1a: Gholdengo
|-damage|p1a: Gholdengo|1/100
|
|upkeep
|turn|118
|
|t:|1759068542
|move|p1a: Gholdengo|Shadow Ball|p2a: Clodsire
|-resisted|p2a: Clodsire
|-damage|p2a: Clodsire|52/100 par
|cant|p2a: Clodsire|par
|
|upkeep
|turn|119
|inactive|leng loi has 270 seconds left.
|
|t:|1759068564
|move|p1a: Gholdengo|Shadow Ball|p2a: Clodsire
|-resisted|p2a: Clodsire
|-damage|p2a: Clodsire|34/100 par
|move|p2a: Clodsire|Recover|p2a: Clodsire
|-heal|p2a: Clodsire|84/100 par
|
|upkeep
|turn|120
|inactive|leng loi has 270 seconds left.
|
|t:|1759068571
|move|p1a: Gholdengo|Shadow Ball|p2a: Clodsire
|-resisted|p2a: Clodsire
|-damage|p2a: Clodsire|68/100 par
|cant|p2a: Clodsire|par
|
|upkeep
|turn|121
|
|t:|1759068579
|move|p1a: Gholdengo|Shadow Ball|p2a: Clodsire
|-resisted|p2a: Clodsire
|-damage|p2a: Clodsire|51/100 par
|cant|p2a: Clodsire|par
|
|upkeep
|turn|122
|
|t:|1759068588
|move|p1a: Gholdengo|Make It Rain|p2a: Clodsire
|-damage|p2a: Clodsire|0 fnt
|-unboost|p1a: Gholdengo|spa|1
|faint|p2a: Clodsire
|
|upkeep
|
|t:|1759068599
|switch|p2a: Pecharunt|Pecharunt|88/100
|turn|123
|
|t:|1759068605
|move|p1a: Gholdengo|Shadow Ball|p2a: Pecharunt
|-supereffective|p2a: Pecharunt
|-damage|p2a: Pecharunt|34/100
|move|p2a: Pecharunt|Foul Play|p1a: Gholdengo
|-supereffective|p1a: Gholdengo
|-damage|p1a: Gholdengo|0 fnt
|faint|p1a: Gholdengo
|
|upkeep
|
|t:|1759068607
|switch|p1a: Dragonite|Dragonite, M|34/100 tox
|turn|124
|c|☆leng loi|gg
|
|t:|1759068610
|move|p1a: Dragonite|Earthquake|p2a: Pecharunt
|-supereffective|p2a: Pecharunt
|-damage|p2a: Pecharunt|0 fnt
|faint|p2a: Pecharunt
|
|-damage|p1a: Dragonite|28/100 tox|[from] psn
|upkeep
|c|☆Separation|gg
|
|t:|1759068615
|switch|p2a: Clefable|Clefable, F|100/100
|turn|125
|
|t:|1759068618
|move|p1a: Dragonite|Earthquake|p2a: Clefable
|-damage|p2a: Clefable|73/100
|move|p2a: Clefable|Moonblast|p1a: Dragonite
|-supereffective|p1a: Dragonite
|-crit|p1a: Dragonite
|-damage|p1a: Dragonite|0 fnt
|faint|p1a: Dragonite
|
|win|Separation
|player|p1|
