|j|☆Shibuya Arc
|j|☆akijuen
|t:|1758924859
|gametype|singles
|player|p1|Shibuya Arc|265|1574
|player|p2|akijuen|giovanni|1524
|gen|9
|tier|[Gen 9] OU
|rated|
|rule|HP Percentage Mod: HP is shown in percentages
|rule|Endless Battle Clause: Forcing endless battles is banned
|rule|Species Clause: Limit one of each Pokémon
|rule|OHKO Clause: OHKO moves are banned
|rule|Evasion Items Clause: Evasion items are banned
|rule|Evasion Moves Clause: Evasion moves are banned
|rule|Evasion Abilities Clause: Evasion abilities are banned
|rule|Sleep Moves Clause: Sleep-inducing moves are banned
|clearpoke
|poke|p1|Dragapult, M|
|poke|p1|Dragonite, F|
|poke|p1|Ting-Lu|
|poke|p1|Weezing-Galar, F|
|poke|p1|Iron Crown|
|poke|p1|Zapdos|
|poke|p2|Pelipper, F|
|poke|p2|Hatterene, F|
|poke|p2|Iron Treads|
|poke|p2|Toxicroak, F|
|poke|p2|Barraskewda, F|
|poke|p2|Zapdos|
|teampreview
|inactive|Battle timer is ON: inactive players will automatically lose when time's up. (requested by Shibuya Arc)
|inactive|akijuen has 120 seconds left.
|
|t:|1758924902
|teamsize|p1|6
|teamsize|p2|6
|start
|switch|p1a: Dragonite|Dragonite, F|100/100
|switch|p2a: Barraskewda|Barraskewda, F|100/100
|turn|1
|
|t:|1758924908
|switch|p2a: Pelipper|Pelipper, F|100/100
|-weather|RainDance|[from] ability: Drizzle|[of] p2a: Pelipper
|move|p1a: Dragonite|Dragon Dance|p1a: Dragonite
|-boost|p1a: Dragonite|atk|1
|-boost|p1a: Dragonite|spe|1
|
|-weather|RainDance|[upkeep]
|upkeep
|turn|2
|
|t:|1758924914
|-terastallize|p1a: Dragonite|Normal
|move|p1a: Dragonite|Extreme Speed|p2a: Pelipper
|-damage|p2a: Pelipper|22/100
|move|p2a: Pelipper|Hurricane|p1a: Dragonite
|-damage|p1a: Dragonite|83/100
|
|-weather|RainDance|[upkeep]
|upkeep
|turn|3
|
|t:|1758924924
|switch|p2a: Toxicroak|Toxicroak, F|100/100
|move|p1a: Dragonite|Extreme Speed|p2a: Toxicroak
|-damage|p2a: Toxicroak|35/100
|-damage|p1a: Dragonite|67/100|[from] item: Rocky Helmet|[of] p2a: Toxicroak
|
|-weather|RainDance|[upkeep]
|-heal|p2a: Toxicroak|48/100|[from] ability: Dry Skin
|upkeep
|turn|4
|
|t:|1758924934
|-terastallize|p2a: Toxicroak|Ghost
|move|p1a: Dragonite|Extreme Speed|p2a: Toxicroak
|-immune|p2a: Toxicroak
|move|p2a: Toxicroak|Drain Punch|p1a: Dragonite
|-supereffective|p1a: Dragonite
|-damage|p1a: Dragonite|13/100
|-heal|p2a: Toxicroak|73/100|[from] drain|[of] p1a: Dragonite
|
|-weather|RainDance|[upkeep]
|-heal|p2a: Toxicroak|85/100|[from] ability: Dry Skin
|upkeep
|turn|5
|
|t:|1758924941
|move|p1a: Dragonite|Earthquake|p2a: Toxicroak
|-crit|p2a: Toxicroak
|-damage|p2a: Toxicroak|8/100
|move|p2a: Toxicroak|Knock Off|p1a: Dragonite
|-damage|p1a: Dragonite|0 fnt
|-enditem|p1a: Dragonite|Heavy-Duty Boots|[from] move: Knock Off|[of] p2a: Toxicroak
|faint|p1a: Dragonite
|
|-weather|RainDance|[upkeep]
|-heal|p2a: Toxicroak|20/100|[from] ability: Dry Skin
|upkeep
|
|t:|1758924947
|switch|p1a: Dragapult|Dragapult, M|100/100
|turn|6
|j| Sp00ky_Isn'tIt?
|
|t:|1758924953
|switch|p2a: Iron Treads|Iron Treads|100/100
|move|p1a: Dragapult|Hex|p2a: Iron Treads
|-damage|p2a: Iron Treads|79/100
|
|-weather|RainDance|[upkeep]
|-heal|p2a: Iron Treads|85/100|[from] item: Leftovers
|upkeep
|turn|7
|
|t:|1758924960
|move|p1a: Dragapult|U-turn|p2a: Iron Treads
|-resisted|p2a: Iron Treads
|-damage|p2a: Iron Treads|77/100
|
|t:|1758924966
|switch|p1a: Ting-Lu|Ting-Lu|100/100|[from] U-turn
|-ability|p1a: Ting-Lu|Vessel of Ruin
|move|p2a: Iron Treads|Volt Switch|p1a: Ting-Lu
|-immune|p1a: Ting-Lu
|
|-weather|RainDance|[upkeep]
|-heal|p2a: Iron Treads|83/100|[from] item: Leftovers
|upkeep
|turn|8
|inactive|akijuen has 120 seconds left.
|
|t:|1758925008
|-end|p2a: Iron Treads|Quark Drive|[silent]
|switch|p2a: Hatterene|Hatterene, F|100/100
|move|p1a: Ting-Lu|Ruination|p2a: Hatterene
|-damage|p2a: Hatterene|51/100
|-enditem|p2a: Hatterene|Eject Button
|
|t:|1758925011
|switch|p2a: Barraskewda|Barraskewda, F|100/100
|
|-weather|none
|upkeep
|turn|9
|
|t:|1758925017
|switch|p1a: Dragapult|Dragapult, M|100/100
|move|p2a: Barraskewda|Flip Turn|p1a: Dragapult
|-resisted|p1a: Dragapult
|-damage|p1a: Dragapult|65/100
|-start|p2a: Barraskewda|Disable|Flip Turn|[from] ability: Cursed Body|[of] p1a: Dragapult
|
|t:|1758925022
|switch|p2a: Pelipper|Pelipper, F|22/100|[from] Flip Turn
|-weather|RainDance|[from] ability: Drizzle|[of] p2a: Pelipper
|
|-weather|RainDance|[upkeep]
|upkeep
|turn|10
|
|t:|1758925028
|switch|p2a: Toxicroak|Toxicroak, F, tera:Ghost|20/100
|move|p1a: Dragapult|U-turn|p2a: Toxicroak
|-resisted|p2a: Toxicroak
|-damage|p2a: Toxicroak|12/100
|-damage|p1a: Dragapult|49/100|[from] item: Rocky Helmet|[of] p2a: Toxicroak
|
|t:|1758925034
|switch|p1a: Weezing|Weezing-Galar, F|100/100|[from] U-turn
|-ability|p1a: Weezing|Neutralizing Gas
|
|-weather|RainDance|[upkeep]
|upkeep
|turn|11
|
|t:|1758925040
|move|p2a: Toxicroak|Knock Off|p1a: Weezing
|-resisted|p1a: Weezing
|-damage|p1a: Weezing|93/100
|-enditem|p1a: Weezing|Heavy-Duty Boots|[from] move: Knock Off|[of] p2a: Toxicroak
|move|p1a: Weezing|Will-O-Wisp|p2a: Toxicroak
|-status|p2a: Toxicroak|brn
|
|-weather|RainDance|[upkeep]
|-damage|p2a: Toxicroak|5/100 brn|[from] brn
|upkeep
|turn|12
|
|t:|1758925047
|move|p2a: Toxicroak|Encore|p1a: Weezing
|-start|p1a: Weezing|Encore
|move|p1a: Weezing|Will-O-Wisp|p2a: Toxicroak
|-fail|p2a: Toxicroak|brn
|
|-weather|RainDance|[upkeep]
|-damage|p2a: Toxicroak|0 fnt|[from] brn
|faint|p2a: Toxicroak
|upkeep
|
|t:|1758925065
|switch|p2a: Zapdos|Zapdos|100/100
|turn|13
|l| Sp00ky_Isn'tIt?
|
|t:|1758925071
|move|p2a: Zapdos|Weather Ball|p1a: Weezing
|-damage|p1a: Weezing|0 fnt
|faint|p1a: Weezing
|-end|p1a: Weezing|ability: Neutralizing Gas
|
|-weather|RainDance|[upkeep]
|upkeep
|
|t:|1758925079
|switch|p1a: Iron Crown|Iron Crown|100/100
|turn|14
|inactive|akijuen has 120 seconds left.
|
|t:|1758925115
|switch|p2a: Iron Treads|Iron Treads|83/100
|move|p1a: Iron Crown|Psyshock|p2a: Iron Treads
|-resisted|p2a: Iron Treads
|-damage|p2a: Iron Treads|62/100
|
|-weather|RainDance|[upkeep]
|-heal|p2a: Iron Treads|68/100|[from] item: Leftovers
|upkeep
|turn|15
|
|t:|1758925121
|-end|p1a: Iron Crown|Quark Drive|[silent]
|switch|p1a: Ting-Lu|Ting-Lu|100/100
|-ability|p1a: Ting-Lu|Vessel of Ruin
|move|p2a: Iron Treads|Stealth Rock|p1a: Ting-Lu
|-sidestart|p1: Shibuya Arc|move: Stealth Rock
|
|-weather|RainDance|[upkeep]
|-heal|p2a: Iron Treads|74/100|[from] item: Leftovers
|upkeep
|turn|16
|
|t:|1758925134
|-end|p2a: Iron Treads|Quark Drive|[silent]
|switch|p2a: Pelipper|Pelipper, F|22/100
|move|p1a: Ting-Lu|Stealth Rock|p2a: Pelipper
|-sidestart|p2: akijuen|move: Stealth Rock
|
|-weather|none
|upkeep
|turn|17
|
|t:|1758925140
|switch|p1a: Zapdos|Zapdos|100/100
|move|p2a: Pelipper|Roost|p2a: Pelipper
|-heal|p2a: Pelipper|72/100
|-singleturn|p2a: Pelipper|move: Roost
|
|upkeep
|turn|18
|
|t:|1758925146
|switch|p2a: Iron Treads|Iron Treads|74/100
|-damage|p2a: Iron Treads|72/100|[from] Stealth Rock
|move|p1a: Zapdos|Heat Wave|p2a: Iron Treads
|-supereffective|p2a: Iron Treads
|-damage|p2a: Iron Treads|18/100
|
|-heal|p2a: Iron Treads|24/100|[from] item: Leftovers
|upkeep
|turn|19
|
|t:|1758925152
|move|p1a: Zapdos|Heat Wave|p2a: Iron Treads
|-supereffective|p2a: Iron Treads
|-crit|p2a: Iron Treads
|-damage|p2a: Iron Treads|0 fnt
|faint|p2a: Iron Treads
|-end|p2a: Iron Treads|Quark Drive|[silent]
|
|upkeep
|
|t:|1758925167
|switch|p2a: Pelipper|Pelipper, F|72/100
|-damage|p2a: Pelipper|47/100|[from] Stealth Rock
|-weather|RainDance|[from] ability: Drizzle|[of] p2a: Pelipper
|turn|20
|
|t:|1758925173
|switch|p1a: Ting-Lu|Ting-Lu|100/100
|-damage|p1a: Ting-Lu|94/100|[from] Stealth Rock
|-ability|p1a: Ting-Lu|Vessel of Ruin
|move|p2a: Pelipper|Knock Off|p1a: Ting-Lu
|-resisted|p1a: Ting-Lu
|-damage|p1a: Ting-Lu|91/100
|-enditem|p1a: Ting-Lu|Leftovers|[from] move: Knock Off|[of] p2a: Pelipper
|
|-weather|RainDance|[upkeep]
|upkeep
|turn|21
|
|t:|1758925179
|move|p2a: Pelipper|U-turn|p1a: Ting-Lu
|-supereffective|p1a: Ting-Lu
|-damage|p1a: Ting-Lu|80/100
|
|t:|1758925182
|switch|p2a: Hatterene|Hatterene, F|51/100|[from] U-turn
|-damage|p2a: Hatterene|38/100|[from] Stealth Rock
|move|p1a: Ting-Lu|Whirlwind|p2a: Hatterene
|move|p2a: Hatterene|Whirlwind|p1a: Ting-Lu|[from] ability: Magic Bounce
|drag|p1a: Zapdos|Zapdos|100/100
|
|-weather|RainDance|[upkeep]
|upkeep
|turn|22
|
|t:|1758925188
|move|p1a: Zapdos|Volt Switch|p2a: Hatterene
|-damage|p2a: Hatterene|0 fnt
|faint|p2a: Hatterene
|
|t:|1758925198
|switch|p1a: Dragapult|Dragapult, M|49/100|[from] Volt Switch
|
|-weather|RainDance|[upkeep]
|upkeep
|
|t:|1758925202
|switch|p2a: Barraskewda|Barraskewda, F|100/100
|-damage|p2a: Barraskewda|88/100|[from] Stealth Rock
|turn|23
|
|t:|1758925207
|switch|p1a: Zapdos|Zapdos|100/100
|move|p2a: Barraskewda|Liquidation|p1a: Zapdos
|-damage|p1a: Zapdos|0 fnt
|-status|p2a: Barraskewda|par|[from] ability: Static|[of] p1a: Zapdos
|faint|p1a: Zapdos
|
|-weather|RainDance|[upkeep]
|upkeep
|c|☆akijuen|damn
|c|☆akijuen|unfort
|
|t:|1758925216
|switch|p1a: Dragapult|Dragapult, M|49/100
|turn|24
|
|t:|1758925221
|move|p1a: Dragapult|Hex|p2a: Barraskewda
|-damage|p2a: Barraskewda|0 fnt
|faint|p2a: Barraskewda
|
|-weather|RainDance|[upkeep]
|upkeep
|
|t:|1758925225
|switch|p2a: Zapdos|Zapdos|100/100
|-damage|p2a: Zapdos|76/100|[from] Stealth Rock
|turn|25
|
|t:|1758925230
|move|p1a: Dragapult|Dragon Darts|p2a: Zapdos
|-damage|p2a: Zapdos|51/100
|-anim|p1a: Dragapult|Dragon Darts|p2a: Zapdos
|-damage|p2a: Zapdos|25/100
|move|p2a: Zapdos|Hurricane|p1a: Dragapult
|-damage|p1a: Dragapult|0 fnt
|faint|p1a: Dragapult
|
|-weather|RainDance|[upkeep]
|upkeep
|
|t:|1758925236
|switch|p1a: Iron Crown|Iron Crown|100/100
|-damage|p1a: Iron Crown|94/100|[from] Stealth Rock
|turn|26
|-message|akijuen forfeited.
|
|win|Shibuya Arc
|raw|Shibuya Arc's rating: 1574 &rarr; <strong>1591</strong><br />(+17 for winning)
|raw|akijuen's rating: 1524 &rarr; <strong>1507</strong><br />(-17 for losing)
