|j|☆mid0na/vaaty
|j|☆vanoscity
|t:|1759018019
|gametype|singles
|player|p1|mid0na/vaaty|cynthia|1145
|player|p2|vanoscity|unknown|1122
|gen|9
|tier|[Gen 9] OU
|rated|
|rule|HP Percentage Mod: HP is shown in percentages
|rule|Endless Battle Clause: Forcing endless battles is banned
|rule|Species Clause: Limit one of each Pokémon
|rule|OHKO Clause: OHKO moves are banned
|rule|Evasion Items Clause: Evasion items are banned
|rule|Evasion Moves Clause: Evasion moves are banned
|rule|Evasion Abilities Clause: Evasion abilities are banned
|rule|Sleep Moves Clause: Sleep-inducing moves are banned
|clearpoke
|poke|p1|Garchomp, F|
|poke|p1|Deoxys-Speed|
|poke|p1|Scizor, M|
|poke|p1|Quaquaval, M|
|poke|p1|Dragapult, M|
|poke|p1|Sinistcha-Masterpiece|
|poke|p2|Infernape, M|
|poke|p2|Gliscor, M|
|poke|p2|Serperior, F|
|poke|p2|Iron Valiant|
|poke|p2|Dragapult, F|
|poke|p2|Greninja-*, M|
|teampreview
|inactive|Battle timer is ON: inactive players will automatically lose when time's up. (requested by vanoscity)
|
|t:|1759018034
|teamsize|p1|6
|teamsize|p2|6
|start
|switch|p1a: Deoxys|Deoxys-Speed, shiny|100/100
|switch|p2a: Serperior|Serperior, F|100/100
|-ability|p1a: Deoxys|Pressure
|turn|1
|
|t:|1759018041
|move|p1a: Deoxys|Trick|p2a: Serperior
|-activate|p1a: Deoxys|move: Trick|[of] p2a: Serperior
|-item|p2a: Serperior|Choice Band|[from] move: Trick
|-item|p1a: Deoxys|Chesto Berry|[from] move: Trick
|move|p2a: Serperior|Leaf Storm|p1a: Deoxys|[miss]
|-miss|p2a: Serperior|p1a: Deoxys
|
|upkeep
|turn|2
|
|t:|1759018054
|switch|p1a: Sinistcha|Sinistcha-Masterpiece|100/100
|move|p2a: Serperior|Leaf Storm|p1a: Sinistcha|[miss]
|-miss|p2a: Serperior|p1a: Sinistcha
|
|upkeep
|turn|3
|
|t:|1759018060
|move|p2a: Serperior|Leaf Storm|p1a: Sinistcha
|-resisted|p1a: Sinistcha
|-damage|p1a: Sinistcha|80/100
|-boost|p2a: Serperior|spa|2
|move|p1a: Sinistcha|Calm Mind|p1a: Sinistcha
|-boost|p1a: Sinistcha|spa|1
|-boost|p1a: Sinistcha|spd|1
|
|-heal|p1a: Sinistcha|86/100|[from] item: Leftovers
|upkeep
|turn|4
|
|t:|1759018071
|move|p2a: Serperior|Leaf Storm|p1a: Sinistcha
|-resisted|p1a: Sinistcha
|-damage|p1a: Sinistcha|59/100
|-boost|p2a: Serperior|spa|2
|move|p1a: Sinistcha|Calm Mind|p1a: Sinistcha
|-boost|p1a: Sinistcha|spa|1
|-boost|p1a: Sinistcha|spd|1
|
|-heal|p1a: Sinistcha|65/100|[from] item: Leftovers
|upkeep
|turn|5
|
|t:|1759018081
|move|p2a: Serperior|Leaf Storm|p1a: Sinistcha
|-resisted|p1a: Sinistcha
|-damage|p1a: Sinistcha|31/100
|-boost|p2a: Serperior|spa|2
|move|p1a: Sinistcha|Strength Sap|p2a: Serperior
|-boost|p2a: Serperior|atk|1
|-heal|p1a: Sinistcha|82/100
|
|-heal|p1a: Sinistcha|88/100|[from] item: Leftovers
|upkeep
|turn|6
|
|t:|1759018091
|move|p2a: Serperior|Leaf Storm|p1a: Sinistcha
|-resisted|p1a: Sinistcha
|-damage|p1a: Sinistcha|48/100
|move|p1a: Sinistcha|Calm Mind|p1a: Sinistcha
|-boost|p1a: Sinistcha|spa|1
|-boost|p1a: Sinistcha|spd|1
|
|-heal|p1a: Sinistcha|54/100|[from] item: Leftovers
|upkeep
|turn|7
|
|t:|1759018098
|move|p2a: Serperior|Leaf Storm|p1a: Sinistcha
|-resisted|p1a: Sinistcha
|-damage|p1a: Sinistcha|18/100
|move|p1a: Sinistcha|Matcha Gotcha|p2a: Serperior
|-resisted|p2a: Serperior
|-damage|p2a: Serperior|50/100
|-heal|p1a: Sinistcha|42/100|[from] drain|[of] p2a: Serperior
|
|-heal|p1a: Sinistcha|48/100|[from] item: Leftovers
|upkeep
|turn|8
|
|t:|1759018108
|switch|p2a: Gliscor|Gliscor, M|100/100
|move|p1a: Sinistcha|Matcha Gotcha|p2a: Gliscor
|-damage|p2a: Gliscor|0 fnt
|-heal|p1a: Sinistcha|100/100|[from] drain|[of] p2a: Gliscor
|faint|p2a: Gliscor
|
|upkeep
|
|t:|1759018113
|switch|p2a: Infernape|Infernape, M|100/100
|turn|9
|
|t:|1759018122
|-terastallize|p1a: Sinistcha|Fire
|move|p2a: Infernape|Flare Blitz|p1a: Sinistcha
|-resisted|p1a: Sinistcha
|-damage|p1a: Sinistcha|85/100
|-damage|p2a: Infernape|95/100|[from] Recoil
|move|p1a: Sinistcha|Matcha Gotcha|p2a: Infernape
|-resisted|p2a: Infernape
|-damage|p2a: Infernape|24/100
|-heal|p1a: Sinistcha|100/100|[from] drain|[of] p2a: Infernape
|
|upkeep
|turn|10
|
|t:|1759018133
|move|p2a: Infernape|Close Combat|p1a: Sinistcha
|-damage|p1a: Sinistcha|48/100
|-unboost|p2a: Infernape|def|1
|-unboost|p2a: Infernape|spd|1
|move|p1a: Sinistcha|Matcha Gotcha|p2a: Infernape|[miss]
|-miss|p1a: Sinistcha|p2a: Infernape
|
|-heal|p1a: Sinistcha|54/100|[from] item: Leftovers
|upkeep
|turn|11
|
|t:|1759018144
|move|p2a: Infernape|Close Combat|p1a: Sinistcha
|-damage|p1a: Sinistcha|0 fnt
|-unboost|p2a: Infernape|def|1
|-unboost|p2a: Infernape|spd|1
|faint|p1a: Sinistcha
|
|upkeep
|
|t:|1759018150
|switch|p1a: Dragapult|Dragapult, M|100/100
|turn|12
|
|t:|1759018160
|switch|p2a: Greninja|Greninja, M|100/100
|move|p1a: Dragapult|Acrobatics|p2a: Greninja
|-damage|p2a: Greninja|63/100
|
|-heal|p2a: Greninja|69/100|[from] item: Leftovers
|upkeep
|turn|13
|
|t:|1759018168
|move|p1a: Dragapult|Dragon Darts|p2a: Greninja
|-damage|p2a: Greninja|17/100
|-anim|p1a: Dragapult|Dragon Darts|p2a: Greninja
|-damage|p2a: Greninja|0 fnt
|faint|p2a: Greninja
|
|upkeep
|
|t:|1759018172
|switch|p2a: Iron Valiant|Iron Valiant|100/100
|-enditem|p2a: Iron Valiant|Booster Energy
|-activate|p2a: Iron Valiant|ability: Quark Drive|[fromitem]
|-start|p2a: Iron Valiant|quarkdrivespe
|turn|14
|
|t:|1759018184
|move|p2a: Iron Valiant|Moonblast|p1a: Dragapult
|-supereffective|p1a: Dragapult
|-damage|p1a: Dragapult|4/100
|move|p1a: Dragapult|Phantom Force||[still]
|-prepare|p1a: Dragapult|Phantom Force
|-enditem|p1a: Dragapult|Power Herb
|-anim|p1a: Dragapult|Phantom Force|p2a: Iron Valiant
|-damage|p2a: Iron Valiant|40/100
|
|upkeep
|turn|15
|
|t:|1759018191
|move|p1a: Dragapult|Sucker Punch|p2a: Iron Valiant
|-resisted|p2a: Iron Valiant
|-damage|p2a: Iron Valiant|32/100
|move|p2a: Iron Valiant|Moonblast|p1a: Dragapult
|-supereffective|p1a: Dragapult
|-damage|p1a: Dragapult|0 fnt
|faint|p1a: Dragapult
|
|upkeep
|
|t:|1759018199
|switch|p1a: Scizor|Scizor, M, shiny|100/100
|turn|16
|
|t:|1759018214
|-end|p2a: Iron Valiant|Quark Drive|[silent]
|switch|p2a: Serperior|Serperior, F|50/100
|move|p1a: Scizor|Thief|p2a: Serperior
|-damage|p2a: Serperior|4/100
|-enditem|p2a: Serperior|Choice Band|[silent]|[from] move: Thief|[of] p1a: Scizor
|-item|p1a: Scizor|Choice Band|[from] move: Thief|[of] p2a: Serperior
|
|upkeep
|turn|17
|
|t:|1759018231
|move|p1a: Scizor|Bullet Punch|p2a: Serperior
|-damage|p2a: Serperior|0 fnt
|faint|p2a: Serperior
|
|upkeep
|
|t:|1759018238
|switch|p2a: Infernape|Infernape, M|24/100
|turn|18
|
|t:|1759018241
|move|p1a: Scizor|Bullet Punch|p2a: Infernape
|-resisted|p2a: Infernape
|-damage|p2a: Infernape|0 fnt
|faint|p2a: Infernape
|
|upkeep
|l|☆vanoscity
|inactive|vanoscity disconnected and has a minute to reconnect!
|player|p2|
|j|☆vanoscity
|inactive|vanoscity reconnected and has 120 seconds left.
|player|p2|vanoscity|unknown|
|
|t:|1759018277
|switch|p2a: Iron Valiant|Iron Valiant|32/100
|turn|19
|
|t:|1759018282
|-terastallize|p2a: Iron Valiant|Steel
|move|p1a: Scizor|Bullet Punch|p2a: Iron Valiant
|-resisted|p2a: Iron Valiant
|-damage|p2a: Iron Valiant|0 fnt
|faint|p2a: Iron Valiant
|-end|p2a: Iron Valiant|Quark Drive|[silent]
|
|upkeep
|
|t:|1759018286
|switch|p2a: Dragapult|Dragapult, F|100/100
|turn|20
|
|t:|1759018289
|move|p1a: Scizor|Bullet Punch|p2a: Dragapult
|-damage|p2a: Dragapult|19/100
|move|p2a: Dragapult|Dragon Dance|p2a: Dragapult
|-boost|p2a: Dragapult|atk|1
|-boost|p2a: Dragapult|spe|1
|
|-heal|p2a: Dragapult|25/100|[from] item: Leftovers
|upkeep
|turn|21
|
|t:|1759018296
|move|p2a: Dragapult|Sucker Punch|p1a: Scizor
|-damage|p1a: Scizor|56/100
|move|p1a: Scizor|Bullet Punch|p2a: Dragapult
|-damage|p2a: Dragapult|0 fnt
|faint|p2a: Dragapult
|
|win|mid0na/vaaty
|raw|mid0na&#x2f;vaaty's rating: 1145 &rarr; <strong>1168</strong><br />(+23 for winning)
|raw|vanoscity's rating: 1122 &rarr; <strong>1099</strong><br />(-23 for losing)
|l|☆vanoscity
|player|p2|
