|j|☆Syaklin
|j|☆Just Icicle
|t:|1758990184
|gametype|singles
|player|p1|Syaklin|acetrainer-gen4dp|1604
|player|p2|Just Icicle|wattson|1641
|gen|9
|tier|[Gen 9] OU
|rated|
|rule|HP Percentage Mod: HP is shown in percentages
|rule|Endless Battle Clause: Forcing endless battles is banned
|rule|Species Clause: Limit one of each Pokémon
|rule|OHKO Clause: OHKO moves are banned
|rule|Evasion Items Clause: Evasion items are banned
|rule|Evasion Moves Clause: Evasion moves are banned
|rule|Evasion Abilities Clause: Evasion abilities are banned
|rule|Sleep Moves Clause: Sleep-inducing moves are banned
|clearpoke
|poke|p1|Alomomola, F|
|poke|p1|Moltres|
|poke|p1|Slowking-Galar, F|
|poke|p1|Landorus-Therian, M|
|poke|p1|Kyurem|
|poke|p1|Dragapult, M|
|poke|p2|Gliscor, F|
|poke|p2|Slowking-Galar, M|
|poke|p2|Garchomp, F|
|poke|p2|Weavile, F|
|poke|p2|Zamazenta-*|
|poke|p2|Rotom-Wash|
|teampreview
|c|☆Just Icicle|hf
|inactive|Battle timer is ON: inactive players will automatically lose when time's up. (requested by Syaklin)
|inactive|Just Icicle also wants the timer to be on.
|
|t:|1758990212
|teamsize|p1|6
|teamsize|p2|6
|start
|switch|p1a: Dragapult|Dragapult, M|100/100
|switch|p2a: Weavile|Weavile, F, shiny|100/100
|-ability|p2a: Weavile|Pressure
|turn|1
|
|t:|1758990240
|switch|p1a: Moltres|Moltres|100/100
|-terastallize|p2a: Weavile|Fire
|move|p2a: Weavile|Knock Off|p1a: Moltres
|-damage|p1a: Moltres|67/100
|-enditem|p1a: Moltres|Heavy-Duty Boots|[from] move: Knock Off|[of] p2a: Weavile
|
|upkeep
|turn|2
|
|t:|1758990247
|move|p2a: Weavile|Triple Axel|p1a: Moltres|[miss]
|-miss|p2a: Weavile|p1a: Moltres
|move|p1a: Moltres|U-turn|p2a: Weavile
|-resisted|p2a: Weavile
|-damage|p2a: Weavile|89/100
|
|t:|1758990251
|switch|p1a: Alomomola|Alomomola, F|100/100|[from] U-turn
|
|upkeep
|turn|3
|
|t:|1758990255
|switch|p2a: Rotom|Rotom-Wash, shiny|100/100
|move|p1a: Alomomola|Flip Turn|p2a: Rotom
|-resisted|p2a: Rotom
|-damage|p2a: Rotom|95/100
|
|t:|1758990265
|switch|p1a: Kyurem|Kyurem|100/100|[from] Flip Turn
|-ability|p1a: Kyurem|Pressure
|
|-heal|p2a: Rotom|100/100|[from] item: Leftovers
|upkeep
|turn|4
|
|t:|1758990269
|switch|p2a: Slowking|Slowking-Galar, M, shiny|100/100
|move|p1a: Kyurem|Freeze-Dry|p2a: Slowking
|-damage|p2a: Slowking|69/100
|
|upkeep
|turn|5
|
|t:|1758990279
|switch|p1a: Landorus|Landorus-Therian, M|100/100
|-ability|p1a: Landorus|Intimidate|boost
|-unboost|p2a: Slowking|atk|1
|-prepare|p2a: Slowking|Chilly Reception|[premajor]
|move|p2a: Slowking|Chilly Reception|p2a: Slowking
|-weather|Snowscape
|
|t:|1758990286
|switch|p2a: Garchomp|Garchomp, F|100/100|[from] Chilly Reception
|
|-weather|Snowscape|[upkeep]
|upkeep
|turn|6
|
|t:|1758990290
|move|p1a: Landorus|Taunt|p2a: Garchomp
|-start|p2a: Garchomp|move: Taunt
|cant|p2a: Garchomp|move: Taunt|Stealth Rock
|
|-weather|Snowscape|[upkeep]
|upkeep
|turn|7
|
|t:|1758990293
|switch|p2a: Gliscor|Gliscor, F|100/100
|move|p1a: Landorus|Stealth Rock|p2a: Gliscor
|-sidestart|p2: Just Icicle|move: Stealth Rock
|
|-weather|Snowscape|[upkeep]
|-status|p2a: Gliscor|tox|[from] item: Toxic Orb
|upkeep
|turn|8
|
|t:|1758990296
|move|p1a: Landorus|Taunt|p2a: Gliscor
|-start|p2a: Gliscor|move: Taunt
|cant|p2a: Gliscor|move: Taunt|Swords Dance
|
|-weather|Snowscape|[upkeep]
|upkeep
|turn|9
|
|t:|1758990299
|move|p1a: Landorus|U-turn|p2a: Gliscor
|-resisted|p2a: Gliscor
|-damage|p2a: Gliscor|93/100 tox
|
|t:|1758990305
|switch|p1a: Moltres|Moltres|67/100|[from] U-turn
|move|p2a: Gliscor|Facade|p1a: Moltres
|-damage|p1a: Moltres|43/100
|
|-weather|none
|-heal|p2a: Gliscor|100/100 tox|[from] ability: Poison Heal
|upkeep
|turn|10
|
|t:|1758990309
|switch|p2a: Garchomp|Garchomp, F|100/100
|-damage|p2a: Garchomp|94/100|[from] Stealth Rock
|move|p1a: Moltres|Roost|p1a: Moltres
|-heal|p1a: Moltres|93/100
|-singleturn|p1a: Moltres|move: Roost
|
|upkeep
|turn|11
|
|t:|1758990312
|move|p2a: Garchomp|Stealth Rock|p1a: Moltres
|-sidestart|p1: Syaklin|move: Stealth Rock
|move|p1a: Moltres|Will-O-Wisp|p2a: Garchomp
|-status|p2a: Garchomp|brn
|
|-damage|p2a: Garchomp|88/100 brn|[from] brn
|upkeep
|turn|12
|
|t:|1758990322
|move|p2a: Garchomp|Spikes|p1a: Moltres
|-sidestart|p1: Syaklin|Spikes
|move|p1a: Moltres|Flamethrower|p2a: Garchomp
|-resisted|p2a: Garchomp
|-damage|p2a: Garchomp|69/100 brn
|
|-damage|p2a: Garchomp|63/100 brn|[from] brn
|upkeep
|turn|13
|
|t:|1758990325
|switch|p2a: Rotom|Rotom-Wash, shiny|100/100
|-damage|p2a: Rotom|88/100|[from] Stealth Rock
|move|p1a: Moltres|Flamethrower|p2a: Rotom
|-resisted|p2a: Rotom
|-damage|p2a: Rotom|68/100
|-status|p2a: Rotom|brn
|
|-heal|p2a: Rotom|74/100 brn|[from] item: Leftovers
|-damage|p2a: Rotom|68/100 brn|[from] brn
|upkeep
|turn|14
|
|t:|1758990329
|switch|p1a: Slowking|Slowking-Galar, F|100/100
|-damage|p1a: Slowking|88/100|[from] Stealth Rock
|-damage|p1a: Slowking|76/100|[from] Spikes
|move|p2a: Rotom|Volt Switch|p1a: Slowking
|-damage|p1a: Slowking|63/100
|
|t:|1758990332
|switch|p2a: Slowking|Slowking-Galar, M, shiny|100/100|[from] Volt Switch
|
|upkeep
|turn|15
|
|t:|1758990335
|move|p1a: Slowking|Psyshock|p2a: Slowking
|-damage|p2a: Slowking|63/100
|move|p2a: Slowking|Future Sight|p1a: Slowking
|-start|p2a: Slowking|move: Future Sight
|
|upkeep
|turn|16
|
|t:|1758990338
|move|p1a: Slowking|Psyshock|p2a: Slowking
|-damage|p2a: Slowking|26/100
|-prepare|p2a: Slowking|Chilly Reception|[premajor]
|move|p2a: Slowking|Chilly Reception|p2a: Slowking
|-weather|Snowscape
|
|t:|1758990341
|switch|p2a: Weavile|Weavile, F, shiny, tera:Fire|89/100|[from] Chilly Reception
|-ability|p2a: Weavile|Pressure
|
|-weather|Snowscape|[upkeep]
|upkeep
|turn|17
|
|t:|1758990349
|switch|p1a: Moltres|Moltres|93/100
|-damage|p1a: Moltres|43/100|[from] Stealth Rock
|move|p2a: Weavile|Knock Off|p1a: Moltres
|-damage|p1a: Moltres|19/100
|
|-weather|Snowscape|[upkeep]
|-end|p1a: Moltres|move: Future Sight
|-damage|p1a: Moltres|0 fnt
|faint|p1a: Moltres
|upkeep
|
|t:|1758990354
|switch|p1a: Landorus|Landorus-Therian, M|100/100
|-damage|p1a: Landorus|88/100|[from] Stealth Rock
|-ability|p1a: Landorus|Intimidate|boost
|-unboost|p2a: Weavile|atk|1
|turn|18
|
|t:|1758990358
|switch|p2a: Rotom|Rotom-Wash, shiny|68/100 brn
|-damage|p2a: Rotom|55/100 brn|[from] Stealth Rock
|-terastallize|p1a: Landorus|Water
|move|p1a: Landorus|Earth Power|p2a: Rotom
|-immune|p2a: Rotom|[from] ability: Levitate
|
|-weather|Snowscape|[upkeep]
|-heal|p2a: Rotom|62/100 brn|[from] item: Leftovers
|-damage|p2a: Rotom|55/100 brn|[from] brn
|upkeep
|turn|19
|
|t:|1758990364
|switch|p1a: Slowking|Slowking-Galar, F|96/100
|-damage|p1a: Slowking|83/100|[from] Stealth Rock
|-damage|p1a: Slowking|71/100|[from] Spikes
|move|p2a: Rotom|Volt Switch|p1a: Slowking
|-damage|p1a: Slowking|60/100
|
|t:|1758990366
|switch|p2a: Weavile|Weavile, F, shiny, tera:Fire|89/100|[from] Volt Switch
|-ability|p2a: Weavile|Pressure
|
|-weather|Snowscape|[upkeep]
|upkeep
|turn|20
|
|t:|1758990369
|switch|p1a: Landorus|Landorus-Therian, M, tera:Water|88/100
|-damage|p1a: Landorus|76/100|[from] Stealth Rock
|-damage|p1a: Landorus|64/100|[from] Spikes
|-ability|p1a: Landorus|Intimidate|boost
|-unboost|p2a: Weavile|atk|1
|move|p2a: Weavile|Knock Off|p1a: Landorus
|-damage|p1a: Landorus|35/100
|-damage|p2a: Weavile|73/100|[from] item: Rocky Helmet|[of] p1a: Landorus
|-enditem|p1a: Landorus|Rocky Helmet|[from] move: Knock Off|[of] p2a: Weavile
|
|-weather|none
|upkeep
|turn|21
|
|t:|1758990383
|switch|p2a: Garchomp|Garchomp, F|63/100 brn
|-damage|p2a: Garchomp|57/100 brn|[from] Stealth Rock
|move|p1a: Landorus|Earth Power|p2a: Garchomp
|-damage|p2a: Garchomp|25/100 brn
|
|-damage|p2a: Garchomp|19/100 brn|[from] brn
|upkeep
|turn|22
|
|t:|1758990387
|switch|p2a: Rotom|Rotom-Wash, shiny|55/100 brn
|-damage|p2a: Rotom|43/100 brn|[from] Stealth Rock
|move|p1a: Landorus|Earth Power|p2a: Rotom
|-immune|p2a: Rotom|[from] ability: Levitate
|
|-heal|p2a: Rotom|49/100 brn|[from] item: Leftovers
|-damage|p2a: Rotom|43/100 brn|[from] brn
|upkeep
|turn|23
|
|t:|1758990392
|move|p1a: Landorus|U-turn|p2a: Rotom
|-damage|p2a: Rotom|28/100 brn
|
|t:|1758990394
|switch|p1a: Slowking|Slowking-Galar, F|93/100|[from] U-turn
|-damage|p1a: Slowking|80/100|[from] Stealth Rock
|-damage|p1a: Slowking|68/100|[from] Spikes
|move|p2a: Rotom|Volt Switch|p1a: Slowking
|-damage|p1a: Slowking|55/100
|
|t:|1758990404
|switch|p2a: Weavile|Weavile, F, shiny, tera:Fire|73/100|[from] Volt Switch
|-ability|p2a: Weavile|Pressure
|
|upkeep
|turn|24
|
|t:|1758990407
|move|p2a: Weavile|Knock Off|p1a: Slowking
|-supereffective|p1a: Slowking
|-damage|p1a: Slowking|0 fnt
|-enditem|p1a: Slowking|Assault Vest|[from] move: Knock Off|[of] p2a: Weavile
|faint|p1a: Slowking
|
|upkeep
|
|t:|1758990410
|switch|p1a: Kyurem|Kyurem|100/100
|-damage|p1a: Kyurem|76/100|[from] Stealth Rock
|-damage|p1a: Kyurem|63/100|[from] Spikes
|-ability|p1a: Kyurem|Pressure
|turn|25
|-message|Syaklin forfeited.
|
|win|Just Icicle
|raw|Syaklin's rating: 1604 &rarr; <strong>1586</strong><br />(-18 for losing)
|raw|Just Icicle's rating: 1641 &rarr; <strong>1659</strong><br />(+18 for winning)
|l|☆Syaklin
|player|p1|
|c|☆Just Icicle|gg
