|j|☆pokechamp13
|j|☆Showdown GOAT
|t:|1759077175
|gametype|singles
|player|p1|pokechamp13|170|1601
|player|p2|Showdown GOAT|crispin|1576
|gen|9
|tier|[Gen 9] OU
|rated|
|rule|HP Percentage Mod: HP is shown in percentages
|rule|Endless Battle Clause: Forcing endless battles is banned
|rule|Species Clause: Limit one of each Pokémon
|rule|OHKO Clause: OHKO moves are banned
|rule|Evasion Items Clause: Evasion items are banned
|rule|Evasion Moves Clause: Evasion moves are banned
|rule|Evasion Abilities Clause: Evasion abilities are banned
|rule|Sleep Moves Clause: Sleep-inducing moves are banned
|clearpoke
|poke|p1|Ogerpon-Wellspring, F|
|poke|p1|Greninja-*, M|
|poke|p1|Weezing-Galar, F|
|poke|p1|Dragonite, M|
|poke|p1|Hoopa-Unbound|
|poke|p1|Gliscor, M|
|poke|p2|Klefki, M|
|poke|p2|Ogerpon-Wellspring, F|
|poke|p2|Dragonite, M|
|poke|p2|Raging Bolt|
|poke|p2|Hatterene, F|
|poke|p2|Ceruledge, M|
|teampreview
|inactive|Battle timer is ON: inactive players will automatically lose when time's up. (requested by Showdown GOAT)
|c|☆Showdown GOAT|gl hf
|j| JD Doggin'
|c|☆Showdown GOAT|cool team
|c|☆pokechamp13|thx u too
|
|t:|1759077193
|teamsize|p1|6
|teamsize|p2|6
|start
|switch|p1a: Hoopa|Hoopa-Unbound|100/100
|switch|p2a: Klefking|Klefki, M, shiny|100/100
|turn|1
|
|t:|1759077200
|move|p1a: Hoopa|Knock Off|p2a: Klefking
|-resisted|p2a: Klefking
|-crit|p2a: Klefking
|-damage|p2a: Klefking|64/100
|-enditem|p2a: Klefking|Light Clay|[from] move: Knock Off|[of] p1a: Hoopa
|move|p2a: Klefking|Dazzling Gleam|p1a: Hoopa
|-supereffective|p1a: Hoopa
|-crit|p1a: Hoopa
|-damage|p1a: Hoopa|71/100
|
|upkeep
|turn|2
|
|t:|1759077206
|move|p2a: Klefking|Reflect|p2a: Klefking
|-sidestart|p2: Showdown GOAT|Reflect
|move|p1a: Hoopa|Drain Punch|p2a: Klefking
|-damage|p2a: Klefking|51/100
|-heal|p1a: Hoopa|78/100|[from] drain|[of] p2a: Klefking
|
|upkeep
|turn|3
|
|t:|1759077213
|move|p2a: Klefking|Light Screen|p2a: Klefking
|-sidestart|p2: Showdown GOAT|move: Light Screen
|move|p1a: Hoopa|Future Sight|p2a: Klefking
|-start|p1a: Hoopa|move: Future Sight
|
|upkeep
|turn|4
|
|t:|1759077220
|switch|p2a: Hatterene|Hatterene, F|100/100
|move|p1a: Hoopa|Knock Off|p2a: Hatterene
|-damage|p2a: Hatterene|66/100
|-enditem|p2a: Hatterene|Eject Button|[from] move: Knock Off|[of] p1a: Hoopa
|
|upkeep
|turn|5
|
|t:|1759077229
|move|p1a: Hoopa|Knock Off|p2a: Hatterene
|-damage|p2a: Hatterene|44/100
|move|p2a: Hatterene|Calm Mind|p2a: Hatterene
|-boost|p2a: Hatterene|spa|1
|-boost|p2a: Hatterene|spd|1
|
|-end|p2a: Hatterene|move: Future Sight
|-resisted|p2a: Hatterene
|-damage|p2a: Hatterene|32/100
|upkeep
|turn|6
|
|t:|1759077236
|move|p1a: Hoopa|Psychic Noise|p2a: Hatterene
|-resisted|p2a: Hatterene
|-damage|p2a: Hatterene|24/100
|-start|p2a: Hatterene|move: Heal Block
|cant|p2a: Hatterene|move: Heal Block|Draining Kiss
|
|-sideend|p2: Showdown GOAT|Reflect
|upkeep
|turn|7
|
|t:|1759077241
|move|p1a: Hoopa|Knock Off|p2a: Hatterene
|-damage|p2a: Hatterene|0 fnt
|faint|p2a: Hatterene
|
|-sideend|p2: Showdown GOAT|move: Light Screen
|upkeep
|
|t:|1759077244
|switch|p2a: Dragonite|Dragonite, M|100/100
|turn|8
|
|t:|1759077252
|switch|p1a: Gliscor|Gliscor, M|100/100
|move|p2a: Dragonite|Dragon Dance|p2a: Dragonite
|-boost|p2a: Dragonite|atk|1
|-boost|p2a: Dragonite|spe|1
|
|-status|p1a: Gliscor|tox|[from] item: Toxic Orb
|upkeep
|turn|9
|
|t:|1759077258
|switch|p2a: Ogerpon|Ogerpon-Wellspring, F|100/100
|move|p1a: Gliscor|Toxic|p2a: Ogerpon
|-status|p2a: Ogerpon|tox
|
|-damage|p2a: Ogerpon|95/100 tox|[from] psn
|upkeep
|turn|10
|
|t:|1759077263
|move|p1a: Gliscor|Protect|p1a: Gliscor
|-singleturn|p1a: Gliscor|Protect
|move|p2a: Ogerpon|Trailblaze|p1a: Gliscor
|-activate|p1a: Gliscor|move: Protect
|
|-damage|p2a: Ogerpon|83/100 tox|[from] psn
|upkeep
|turn|11
|
|t:|1759077268
|move|p2a: Ogerpon|Trailblaze|p1a: Gliscor
|-damage|p1a: Gliscor|80/100 tox
|-boost|p2a: Ogerpon|spe|1
|move|p1a: Gliscor|U-turn|p2a: Ogerpon
|-supereffective|p2a: Ogerpon
|-damage|p2a: Ogerpon|41/100 tox
|
|t:|1759077272
|switch|p1a: Weezing|Weezing-Galar, F|100/100|[from] U-turn
|-ability|p1a: Weezing|Neutralizing Gas
|
|-damage|p2a: Ogerpon|23/100 tox|[from] psn
|upkeep
|turn|12
|
|t:|1759077275
|move|p2a: Ogerpon|Ivy Cudgel|p1a: Weezing|[anim] Ivy Cudgel Water
|-damage|p1a: Weezing|55/100
|move|p1a: Weezing|Strange Steam|p2a: Ogerpon
|-damage|p2a: Ogerpon|0 fnt
|faint|p2a: Ogerpon
|
|upkeep
|
|t:|1759077281
|switch|p2a: Ceruledge|Ceruledge, M|100/100
|turn|13
|
|t:|1759077288
|-end|p1a: Weezing|ability: Neutralizing Gas
|switch|p1a: Gliscor|Gliscor, M|80/100 tox
|move|p2a: Ceruledge|Bulk Up|p2a: Ceruledge
|-boost|p2a: Ceruledge|atk|1
|-boost|p2a: Ceruledge|def|1
|
|-heal|p1a: Gliscor|92/100 tox|[from] ability: Poison Heal
|upkeep
|turn|14
|
|t:|1759077293
|move|p2a: Ceruledge|Bulk Up|p2a: Ceruledge
|-boost|p2a: Ceruledge|atk|1
|-boost|p2a: Ceruledge|def|1
|move|p1a: Gliscor|Toxic|p2a: Ceruledge
|-status|p2a: Ceruledge|tox
|
|-damage|p2a: Ceruledge|94/100 tox|[from] psn
|-heal|p1a: Gliscor|100/100 tox|[from] ability: Poison Heal
|upkeep
|turn|15
|
|t:|1759077298
|-terastallize|p2a: Ceruledge|Grass
|move|p2a: Ceruledge|Bulk Up|p2a: Ceruledge
|-boost|p2a: Ceruledge|atk|1
|-boost|p2a: Ceruledge|def|1
|move|p1a: Gliscor|Earthquake|p2a: Ceruledge
|-resisted|p2a: Ceruledge
|-damage|p2a: Ceruledge|85/100 tox
|
|-damage|p2a: Ceruledge|73/100 tox|[from] psn
|upkeep
|turn|16
|
|t:|1759077305
|move|p2a: Ceruledge|Bulk Up|p2a: Ceruledge
|-boost|p2a: Ceruledge|atk|1
|-boost|p2a: Ceruledge|def|1
|move|p1a: Gliscor|U-turn|p2a: Ceruledge
|-supereffective|p2a: Ceruledge
|-damage|p2a: Ceruledge|56/100 tox
|
|t:|1759077311
|switch|p1a: Ogerpon|Ogerpon-Wellspring, F|100/100|[from] U-turn
|
|-damage|p2a: Ceruledge|38/100 tox|[from] psn
|upkeep
|turn|17
|
|t:|1759077315
|switch|p2a: Dragonite|Dragonite, M|100/100
|move|p1a: Ogerpon|Spiky Shield||[still]
|-fail|p1a: Ogerpon
|
|upkeep
|turn|18
|
|t:|1759077320
|move|p1a: Ogerpon|Knock Off|p2a: Dragonite
|-damage|p2a: Dragonite|80/100
|-enditem|p2a: Dragonite|Heavy-Duty Boots|[from] move: Knock Off|[of] p1a: Ogerpon
|move|p2a: Dragonite|Dragon Dance|p2a: Dragonite
|-boost|p2a: Dragonite|atk|1
|-boost|p2a: Dragonite|spe|1
|
|upkeep
|turn|19
|
|t:|1759077324
|switch|p1a: Gliscor|Gliscor, M|100/100 tox
|move|p2a: Dragonite|Extreme Speed|p1a: Gliscor
|-damage|p1a: Gliscor|65/100 tox
|
|-heal|p1a: Gliscor|77/100 tox|[from] ability: Poison Heal
|upkeep
|turn|20
|
|t:|1759077327
|switch|p2a: Klefking|Klefki, M, shiny|51/100
|move|p1a: Gliscor|Toxic|p2a: Klefking|[miss]
|-miss|p1a: Gliscor|p2a: Klefking
|
|-heal|p1a: Gliscor|90/100 tox|[from] ability: Poison Heal
|upkeep
|turn|21
|
|t:|1759077332
|move|p2a: Klefking|Reflect|p2a: Klefking
|-sidestart|p2: Showdown GOAT|Reflect
|move|p1a: Gliscor|Earthquake|p2a: Klefking
|-supereffective|p2a: Klefking
|-damage|p2a: Klefking|23/100
|
|-heal|p1a: Gliscor|100/100 tox|[from] ability: Poison Heal
|upkeep
|turn|22
|
|t:|1759077334
|move|p2a: Klefking|Light Screen|p2a: Klefking
|-sidestart|p2: Showdown GOAT|move: Light Screen
|move|p1a: Gliscor|Earthquake|p2a: Klefking
|-supereffective|p2a: Klefking
|-damage|p2a: Klefking|0 fnt
|faint|p2a: Klefking
|
|upkeep
|
|t:|1759077337
|switch|p2a: Raging Bolt|Raging Bolt|100/100
|-enditem|p2a: Raging Bolt|Booster Energy
|-activate|p2a: Raging Bolt|ability: Protosynthesis|[fromitem]
|-start|p2a: Raging Bolt|protosynthesisspa
|turn|23
|
|t:|1759077341
|move|p1a: Gliscor|Toxic|p2a: Raging Bolt
|-status|p2a: Raging Bolt|tox
|move|p2a: Raging Bolt|Dragon Pulse|p1a: Gliscor
|-damage|p1a: Gliscor|18/100 tox
|
|-heal|p1a: Gliscor|30/100 tox|[from] ability: Poison Heal
|-damage|p2a: Raging Bolt|94/100 tox|[from] psn
|upkeep
|turn|24
|
|t:|1759077345
|move|p1a: Gliscor|Protect|p1a: Gliscor
|-singleturn|p1a: Gliscor|Protect
|move|p2a: Raging Bolt|Calm Mind|p2a: Raging Bolt
|-boost|p2a: Raging Bolt|spa|1
|-boost|p2a: Raging Bolt|spd|1
|
|-heal|p1a: Gliscor|43/100 tox|[from] ability: Poison Heal
|-damage|p2a: Raging Bolt|82/100 tox|[from] psn
|upkeep
|turn|25
|
|t:|1759077349
|move|p1a: Gliscor|U-turn|p2a: Raging Bolt
|-damage|p2a: Raging Bolt|76/100 tox
|
|t:|1759077352
|switch|p1a: Hoopa|Hoopa-Unbound|78/100|[from] U-turn
|move|p2a: Raging Bolt|Dragon Pulse|p1a: Hoopa
|-damage|p1a: Hoopa|34/100
|
|-damage|p2a: Raging Bolt|57/100 tox|[from] psn
|-sideend|p2: Showdown GOAT|Reflect
|upkeep
|turn|26
|
|t:|1759077356
|move|p2a: Raging Bolt|Dragon Pulse|p1a: Hoopa
|-damage|p1a: Hoopa|0 fnt
|faint|p1a: Hoopa
|
|-damage|p2a: Raging Bolt|33/100 tox|[from] psn
|-sideend|p2: Showdown GOAT|move: Light Screen
|upkeep
|
|t:|1759077359
|switch|p1a: Gliscor|Gliscor, M|43/100 tox
|turn|27
|
|t:|1759077362
|move|p1a: Gliscor|Earthquake|p2a: Raging Bolt
|-supereffective|p2a: Raging Bolt
|-damage|p2a: Raging Bolt|0 fnt
|faint|p2a: Raging Bolt
|-end|p2a: Raging Bolt|Protosynthesis|[silent]
|
|-heal|p1a: Gliscor|55/100 tox|[from] ability: Poison Heal
|upkeep
|
|t:|1759077366
|switch|p2a: Ceruledge|Ceruledge, M, tera:Grass|38/100 tox
|turn|28
|
|t:|1759077371
|move|p2a: Ceruledge|Bulk Up|p2a: Ceruledge
|-boost|p2a: Ceruledge|atk|1
|-boost|p2a: Ceruledge|def|1
|move|p1a: Gliscor|U-turn|p2a: Ceruledge
|-supereffective|p2a: Ceruledge
|-damage|p2a: Ceruledge|7/100 tox
|c|☆Showdown GOAT|gg
|
|t:|1759077375
|switch|p1a: Ogerpon|Ogerpon-Wellspring, F|100/100|[from] U-turn
|
|-damage|p2a: Ceruledge|1/100 tox|[from] psn
|upkeep
|turn|29
|c|☆pokechamp13|gg
|
|t:|1759077380
|move|p1a: Ogerpon|U-turn|p2a: Ceruledge
|-supereffective|p2a: Ceruledge
|-damage|p2a: Ceruledge|0 fnt
|faint|p2a: Ceruledge
|
|t:|1759077387
|switch|p1a: Weezing|Weezing-Galar, F|55/100|[from] U-turn
|-ability|p1a: Weezing|Neutralizing Gas
|
|upkeep
|
|t:|1759077389
|switch|p2a: Dragonite|Dragonite, M|80/100
|turn|30
|
|t:|1759077391
|move|p2a: Dragonite|Roost|p2a: Dragonite
|-heal|p2a: Dragonite|100/100
|-singleturn|p2a: Dragonite|move: Roost
|move|p1a: Weezing|Strange Steam|p2a: Dragonite
|-supereffective|p2a: Dragonite
|-damage|p2a: Dragonite|39/100
|
|upkeep
|turn|31
|
|t:|1759077396
|move|p2a: Dragonite|Earthquake|p1a: Weezing
|-supereffective|p1a: Weezing
|-damage|p1a: Weezing|0 fnt
|faint|p1a: Weezing
|-end|p1a: Weezing|ability: Neutralizing Gas
|
|upkeep
|
|t:|1759077402
|switch|p1a: Dragonite|Dragonite, M|100/100
|turn|32
|
|t:|1759077404
|-terastallize|p1a: Dragonite|Fairy
|move|p2a: Dragonite|Roost|p2a: Dragonite
|-heal|p2a: Dragonite|89/100
|-singleturn|p2a: Dragonite|move: Roost
|move|p1a: Dragonite|Tera Blast|p2a: Dragonite|[anim] Tera Blast Fairy
|-supereffective|p2a: Dragonite
|-damage|p2a: Dragonite|0 fnt
|faint|p2a: Dragonite
|
|win|pokechamp13
|raw|pokechamp13's rating: 1601 &rarr; <strong>1620</strong><br />(+19 for winning)
|raw|Showdown GOAT's rating: 1576 &rarr; <strong>1557</strong><br />(-19 for losing)
|c|☆Showdown GOAT|gg w
|c|☆Showdown GOAT|p
|l|☆Showdown GOAT
|player|p2|
|c|☆pokechamp13|gg wp
|l|☆pokechamp13
|player|p1|
