|badge|p2|bronze|gen9ou|100-6
|html|<div class="broadcast-red"><strong>This battle is required to be public due to one or more player having a season medal.</strong><br />During the public phase, you can discuss the state of the ladder <a href="/seasondiscussion">in a special chatroom.</a></div>
|uhtml|medal-msg|<div class="broadcast-blue">Curious what those medals under the avatar are? PS now has Ladder Seasons! For more information, check out the <a href="https://www.smogon.com/forums/threads/3740067/">thread on Smogon.</a></div>
|raw|<div class="broadcast-blue"><strong>This battle is required to be public due to a player having a name starting with 'medal'.</div>
|j|‽zeep vs zoop
|j|☆snuggypooh
|t:|1759020988
|gametype|singles
|player|p1|zeep vs zoop|iris-gen5bw2|1756
|player|p2|snuggypooh|2|1855
|gen|9
|tier|[Gen 9] OU
|rated|
|rule|HP Percentage Mod: HP is shown in percentages
|rule|Endless Battle Clause: Forcing endless battles is banned
|rule|Species Clause: Limit one of each Pokémon
|rule|OHKO Clause: OHKO moves are banned
|rule|Evasion Items Clause: Evasion items are banned
|rule|Evasion Moves Clause: Evasion moves are banned
|rule|Evasion Abilities Clause: Evasion abilities are banned
|rule|Sleep Moves Clause: Sleep-inducing moves are banned
|clearpoke
|poke|p1|Zamazenta-*|
|poke|p1|Latios, M|
|poke|p1|Weezing-Galar, F|
|poke|p1|Moltres|
|poke|p1|Ting-Lu|
|poke|p1|Gholdengo|
|poke|p2|Hatterene, F|
|poke|p2|Cresselia, F|
|poke|p2|Ursaluna, F|
|poke|p2|Kingambit, M|
|poke|p2|Raging Bolt|
|poke|p2|Mimikyu, F|
|teampreview
|inactive|Battle timer is ON: inactive players will automatically lose when time's up. (requested by zeep vs zoop)
|j| jdkekkeekjeke
|inactive|snuggypooh has 120 seconds left.
|
|t:|1759021028
|teamsize|p1|6
|teamsize|p2|6
|start
|switch|p1a: Gholdengo|Gholdengo|100/100
|switch|p2a: Hatterene|Hatterene, F|100/100
|turn|1
|
|t:|1759021035
|move|p1a: Gholdengo|Trick|p2a: Hatterene
|-activate|p1a: Gholdengo|move: Trick|[of] p2a: Hatterene
|-item|p2a: Hatterene|Choice Scarf|[from] move: Trick
|-item|p1a: Gholdengo|Focus Sash|[from] move: Trick
|move|p2a: Hatterene|Trick Room|p2a: Hatterene
|-fieldstart|move: Trick Room|[of] p2a: Hatterene
|
|upkeep
|turn|2
|
|t:|1759021050
|switch|p2a: Kingambit|Kingambit, M|100/100
|switch|p1a: Ting-Lu|Ting-Lu|100/100
|-ability|p1a: Ting-Lu|Vessel of Ruin
|
|upkeep
|turn|3
|
|t:|1759021057
|switch|p1a: Moltres|Moltres|100/100
|move|p2a: Kingambit|Swords Dance|p2a: Kingambit
|-boost|p2a: Kingambit|atk|2
|
|upkeep
|turn|4
|
|t:|1759021067
|move|p2a: Kingambit|Kowtow Cleave|p1a: Moltres
|-damage|p1a: Moltres|16/100
|-status|p2a: Kingambit|brn|[from] ability: Flame Body|[of] p1a: Moltres
|move|p1a: Moltres|Roost|p1a: Moltres
|-heal|p1a: Moltres|66/100
|-singleturn|p1a: Moltres|move: Roost
|
|-damage|p2a: Kingambit|94/100 brn|[from] brn
|upkeep
|turn|5
|
|t:|1759021079
|-end|p2a: Kingambit|fallenundefined|[silent]
|switch|p2a: Ursaluna|Ursaluna, F|100/100
|move|p1a: Moltres|Roost|p1a: Moltres
|-heal|p1a: Moltres|100/100
|-singleturn|p1a: Moltres|move: Roost
|
|-fieldend|move: Trick Room
|-status|p2a: Ursaluna|brn|[from] item: Flame Orb
|upkeep
|turn|6
|
|t:|1759021104
|switch|p1a: Ting-Lu|Ting-Lu|100/100
|-ability|p1a: Ting-Lu|Vessel of Ruin
|move|p2a: Ursaluna|Headlong Rush|p1a: Ting-Lu
|-damage|p1a: Ting-Lu|41/100
|-unboost|p2a: Ursaluna|def|1
|-unboost|p2a: Ursaluna|spd|1
|-damage|p2a: Ursaluna|84/100 brn|[from] item: Rocky Helmet|[of] p1a: Ting-Lu
|
|-damage|p2a: Ursaluna|78/100 brn|[from] brn
|upkeep
|turn|7
|
|t:|1759021115
|move|p1a: Ting-Lu|Earthquake|p2a: Ursaluna
|-damage|p2a: Ursaluna|36/100 brn
|move|p2a: Ursaluna|Facade|p1a: Ting-Lu
|-damage|p1a: Ting-Lu|0 fnt
|-damage|p2a: Ursaluna|19/100 brn|[from] item: Rocky Helmet|[of] p1a: Ting-Lu
|faint|p1a: Ting-Lu
|
|-damage|p2a: Ursaluna|13/100 brn|[from] brn
|upkeep
|
|t:|1759021127
|switch|p1a: Zamazenta|Zamazenta|100/100
|-ability|p1a: Zamazenta|Dauntless Shield|boost
|-boost|p1a: Zamazenta|def|1
|turn|8
|
|t:|1759021133
|switch|p2a: Cresselia|Cresselia, F|100/100
|move|p1a: Zamazenta|Heavy Slam|p2a: Cresselia
|-damage|p2a: Cresselia|83/100
|
|upkeep
|turn|9
|
|t:|1759021142
|switch|p1a: Gholdengo|Gholdengo|100/100
|move|p2a: Cresselia|Trick Room|p2a: Cresselia
|-fieldstart|move: Trick Room|[of] p2a: Cresselia
|
|upkeep
|turn|10
|
|t:|1759021157
|switch|p2a: Raging Bolt|Raging Bolt|100/100
|-enditem|p2a: Raging Bolt|Booster Energy
|-activate|p2a: Raging Bolt|ability: Protosynthesis|[fromitem]
|-start|p2a: Raging Bolt|protosynthesisspa
|move|p1a: Gholdengo|Shadow Ball|p2a: Raging Bolt
|-damage|p2a: Raging Bolt|62/100
|
|upkeep
|turn|11
|
|t:|1759021167
|move|p2a: Raging Bolt|Thunderbolt|p1a: Gholdengo
|-damage|p1a: Gholdengo|13/100
|move|p1a: Gholdengo|Recover|p1a: Gholdengo
|-heal|p1a: Gholdengo|63/100
|
|upkeep
|turn|12
|
|t:|1759021174
|switch|p1a: Latios|Latios, M|100/100
|move|p2a: Raging Bolt|Thunderbolt|p1a: Latios
|-resisted|p1a: Latios
|-damage|p1a: Latios|67/100
|
|upkeep
|turn|13
|
|t:|1759021181
|switch|p1a: Weezing|Weezing-Galar, F|100/100
|-ability|p1a: Weezing|Neutralizing Gas
|move|p2a: Raging Bolt|Thunderbolt|p1a: Weezing
|-damage|p1a: Weezing|32/100
|
|-fieldend|move: Trick Room
|upkeep
|turn|14
|j| Itwasneroox
|
|t:|1759021190
|move|p2a: Raging Bolt|Thunderbolt|p1a: Weezing
|-damage|p1a: Weezing|0 fnt
|faint|p1a: Weezing
|-end|p1a: Weezing|ability: Neutralizing Gas
|
|upkeep
|
|t:|1759021194
|switch|p1a: Latios|Latios, M|67/100
|turn|15
|l| Itwasneroox
|
|t:|1759021201
|-end|p2a: Raging Bolt|Protosynthesis|[silent]
|switch|p2a: Hatterene|Hatterene, F|100/100
|move|p1a: Latios|Luster Purge|p2a: Hatterene
|-resisted|p2a: Hatterene
|-damage|p2a: Hatterene|59/100
|
|upkeep
|turn|16
|
|t:|1759021212
|switch|p1a: Gholdengo|Gholdengo|63/100
|move|p2a: Hatterene|Trick Room|p2a: Hatterene
|-fieldstart|move: Trick Room|[of] p2a: Hatterene
|
|upkeep
|turn|17
|
|t:|1759021228
|switch|p2a: Kingambit|Kingambit, M|94/100 brn
|move|p1a: Gholdengo|Recover|p1a: Gholdengo
|-heal|p1a: Gholdengo|100/100
|
|-damage|p2a: Kingambit|88/100 brn|[from] brn
|upkeep
|turn|18
|
|t:|1759021239
|move|p2a: Kingambit|Swords Dance|p2a: Kingambit
|-boost|p2a: Kingambit|atk|2
|move|p1a: Gholdengo|Shadow Ball|p2a: Kingambit
|-resisted|p2a: Kingambit
|-damage|p2a: Kingambit|69/100 brn
|
|-damage|p2a: Kingambit|63/100 brn|[from] brn
|upkeep
|turn|19
|
|t:|1759021247
|-end|p2a: Kingambit|fallenundefined|[silent]
|switch|p2a: Raging Bolt|Raging Bolt|62/100
|switch|p1a: Moltres|Moltres|100/100
|
|upkeep
|turn|20
|
|t:|1759021252
|switch|p1a: Latios|Latios, M|67/100
|move|p2a: Raging Bolt|Thunderbolt|p1a: Latios
|-resisted|p1a: Latios
|-damage|p1a: Latios|39/100
|
|-fieldend|move: Trick Room
|upkeep
|turn|21
|
|t:|1759021269
|-end|p2a: Raging Bolt|Protosynthesis|[silent]
|switch|p2a: Kingambit|Kingambit, M|63/100 brn
|move|p1a: Latios|Luster Purge|p2a: Kingambit
|-immune|p2a: Kingambit
|
|-damage|p2a: Kingambit|56/100 brn|[from] brn
|upkeep
|turn|22
|
|t:|1759021276
|switch|p1a: Moltres|Moltres|100/100
|move|p2a: Kingambit|Kowtow Cleave|p1a: Moltres
|-damage|p1a: Moltres|81/100
|
|-damage|p2a: Kingambit|50/100 brn|[from] brn
|upkeep
|turn|23
|
|t:|1759021283
|-end|p2a: Kingambit|fallenundefined|[silent]
|switch|p2a: Cresselia|Cresselia, F|83/100
|move|p1a: Moltres|Flamethrower|p2a: Cresselia
|-damage|p2a: Cresselia|62/100
|
|upkeep
|turn|24
|
|t:|1759021289
|move|p1a: Moltres|Roar|p2a: Cresselia
|drag|p2a: Mimikyu|Mimikyu, F|100/100
|
|upkeep
|turn|25
|
|t:|1759021299
|switch|p2a: Raging Bolt|Raging Bolt|62/100
|move|p1a: Moltres|Roar|p2a: Raging Bolt
|-end|p2a: Raging Bolt|Protosynthesis|[silent]
|drag|p2a: Cresselia|Cresselia, F|62/100
|
|upkeep
|turn|26
|
|t:|1759021306
|switch|p2a: Raging Bolt|Raging Bolt|62/100
|move|p1a: Moltres|Roar|p2a: Raging Bolt
|-end|p2a: Raging Bolt|Protosynthesis|[silent]
|drag|p2a: Kingambit|Kingambit, M|50/100 brn
|
|-damage|p2a: Kingambit|44/100 brn|[from] brn
|upkeep
|turn|27
|
|t:|1759021314
|-end|p2a: Kingambit|fallenundefined|[silent]
|switch|p2a: Raging Bolt|Raging Bolt|62/100
|move|p1a: Moltres|Flamethrower|p2a: Raging Bolt
|-resisted|p2a: Raging Bolt
|-damage|p2a: Raging Bolt|46/100
|
|upkeep
|turn|28
|
|t:|1759021325
|switch|p1a: Latios|Latios, M|39/100
|move|p2a: Raging Bolt|Thunderbolt|p1a: Latios
|-resisted|p1a: Latios
|-damage|p1a: Latios|9/100
|
|upkeep
|turn|29
|
|t:|1759021331
|move|p2a: Raging Bolt|Thunderclap||[still]
|-fail|p2a: Raging Bolt
|move|p1a: Latios|Trick|p2a: Raging Bolt
|-activate|p1a: Latios|move: Trick|[of] p2a: Raging Bolt
|-item|p2a: Raging Bolt|Choice Specs|[from] move: Trick
|-enditem|p1a: Latios|Choice Specs|[silent]|[from] move: Trick
|
|upkeep
|turn|30
|
|t:|1759021350
|switch|p1a: Moltres|Moltres|81/100
|-end|p2a: Raging Bolt|Protosynthesis|[silent]
|switch|p2a: Hatterene|Hatterene, F|59/100
|
|upkeep
|turn|31
|
|t:|1759021356
|move|p1a: Moltres|Flamethrower|p2a: Hatterene
|-damage|p2a: Hatterene|21/100
|move|p2a: Hatterene|Psychic|p1a: Moltres
|-damage|p1a: Moltres|25/100
|
|upkeep
|turn|32
|
|t:|1759021368
|move|p1a: Moltres|Flamethrower|p2a: Hatterene
|-crit|p2a: Hatterene
|-damage|p2a: Hatterene|0 fnt
|faint|p2a: Hatterene
|
|upkeep
|
|t:|1759021373
|switch|p2a: Raging Bolt|Raging Bolt|46/100
|turn|33
|
|t:|1759021381
|switch|p1a: Latios|Latios, M|9/100
|move|p2a: Raging Bolt|Thunderbolt|p1a: Latios
|-resisted|p1a: Latios
|-damage|p1a: Latios|0 fnt
|faint|p1a: Latios
|
|upkeep
|
|t:|1759021384
|switch|p1a: Zamazenta|Zamazenta|100/100
|turn|34
|
|t:|1759021400
|-end|p2a: Raging Bolt|Protosynthesis|[silent]
|switch|p2a: Cresselia|Cresselia, F|62/100
|move|p1a: Zamazenta|Close Combat|p2a: Cresselia
|-resisted|p2a: Cresselia
|-damage|p2a: Cresselia|37/100
|-unboost|p1a: Zamazenta|def|1
|-unboost|p1a: Zamazenta|spd|1
|
|upkeep
|turn|35
|
|t:|1759021414
|switch|p1a: Moltres|Moltres|25/100
|move|p2a: Cresselia|Trick Room|p2a: Cresselia
|-fieldstart|move: Trick Room|[of] p2a: Cresselia
|
|upkeep
|turn|36
|
|t:|1759021419
|move|p2a: Cresselia|Psychic|p1a: Moltres
|-damage|p1a: Moltres|0 fnt
|faint|p1a: Moltres
|
|upkeep
|
|t:|1759021424
|switch|p1a: Gholdengo|Gholdengo|100/100
|turn|37
|j| pacdan111
|
|t:|1759021428
|move|p2a: Cresselia|Lunar Dance|p2a: Cresselia
|faint|p2a: Cresselia
|move|p1a: Gholdengo|Shadow Ball|p2: Cresselia|[notarget]
|-fail|p1a: Gholdengo
|
|upkeep
|l| pacdan111
|
|t:|1759021449
|switch|p2a: Raging Bolt|Raging Bolt|46/100
|-heal|p2a: Raging Bolt|100/100|[from] move: Lunar Dance
|turn|38
|
|t:|1759021455
|move|p2a: Raging Bolt|Thunderbolt|p1a: Gholdengo
|-damage|p1a: Gholdengo|9/100
|move|p1a: Gholdengo|Recover|p1a: Gholdengo
|-heal|p1a: Gholdengo|59/100
|
|upkeep
|turn|39
|
|t:|1759021460
|move|p2a: Raging Bolt|Thunderbolt|p1a: Gholdengo
|-damage|p1a: Gholdengo|0 fnt
|faint|p1a: Gholdengo
|
|-fieldend|move: Trick Room
|upkeep
|
|t:|1759021463
|switch|p1a: Zamazenta|Zamazenta|100/100
|turn|40
|
|t:|1759021469
|-terastallize|p2a: Raging Bolt|Fairy
|move|p1a: Zamazenta|Crunch|p2a: Raging Bolt
|-resisted|p2a: Raging Bolt
|-damage|p2a: Raging Bolt|84/100
|move|p2a: Raging Bolt|Thunderbolt|p1a: Zamazenta
|-damage|p1a: Zamazenta|28/100
|-status|p1a: Zamazenta|par
|
|upkeep
|turn|41
|-message|zeep vs zoop forfeited.
|
|win|snuggypooh
|raw|zeep vs zoop's rating: 1756 &rarr; <strong>1742</strong><br />(-14 for losing)
|raw|snuggypooh's rating: 1855 &rarr; <strong>1869</strong><br />(+14 for winning)
|l|‽zeep vs zoop
|player|p1|
|l|☆snuggypooh
|player|p2|
