|j|‽boocat2
|j|☆kilobyt3
|t:|1758994610
|gametype|singles
|player|p1|boocat2|akari|1053
|player|p2|kilobyt3|lucas-gen4pt|1058
|gen|9
|tier|[Gen 9] OU
|rated|
|rule|HP Percentage Mod: HP is shown in percentages
|rule|Endless Battle Clause: Forcing endless battles is banned
|rule|Species Clause: Limit one of each Pokémon
|rule|OHKO Clause: OHKO moves are banned
|rule|Evasion Items Clause: Evasion items are banned
|rule|Evasion Moves Clause: Evasion moves are banned
|rule|Evasion Abilities Clause: Evasion abilities are banned
|rule|Sleep Moves Clause: Sleep-inducing moves are banned
|clearpoke
|poke|p1|Slither Wing|
|poke|p1|Alomomola, F|
|poke|p1|Ogerpon-Cornerstone, F|
|poke|p1|Weezing-Galar, F|
|poke|p1|Dragapult, M|
|poke|p1|Dragonite, F|
|poke|p2|Wooper, F|
|poke|p2|Cottonee, L1, M|
|poke|p2|Glimmet, M|
|poke|p2|Nosepass, L1, F|
|poke|p2|Salandit, F|
|poke|p2|Fletchling, F|
|teampreview
|
|t:|1758994614
|teamsize|p1|6
|teamsize|p2|6
|start
|switch|p1a: Slither Wing|Slither Wing|100/100
|switch|p2a: Glimmet|Glimmet, M|100/100
|turn|1
|
|t:|1758994619
|move|p1a: Slither Wing|U-turn|p2a: Glimmet
|-resisted|p2a: Glimmet
|-damage|p2a: Glimmet|18/100
|-activate|p2a: Glimmet|ability: Toxic Debris
|-sidestart|p1: boocat2|move: Toxic Spikes
|inactive|Battle timer is ON: inactive players will automatically lose when time's up. (requested by boocat2)
|
|t:|1758994624
|-end|p1a: Slither Wing|Protosynthesis|[silent]
|switch|p1a: Weezing|Weezing-Galar, F|100/100|[from] U-turn
|-ability|p1a: Weezing|Neutralizing Gas
|-sideend|p1: boocat2|move: Toxic Spikes|[of] p1a: Weezing
|move|p2a: Glimmet|Toxic Spikes|p1a: Weezing
|-sidestart|p1: boocat2|move: Toxic Spikes
|
|upkeep
|turn|2
|
|t:|1758994640
|move|p2a: Glimmet|Sludge Wave|p1a: Weezing
|-damage|p1a: Weezing|31/100
|move|p1a: Weezing|Sludge Bomb|p2a: Glimmet
|-resisted|p2a: Glimmet
|-damage|p2a: Glimmet|4/100
|
|upkeep
|turn|3
|
|t:|1758994646
|move|p2a: Glimmet|Sludge Wave|p1a: Weezing
|-damage|p1a: Weezing|0 fnt
|faint|p1a: Weezing
|-end|p1a: Weezing|ability: Neutralizing Gas
|
|upkeep
|
|t:|1758994648
|switch|p1a: Slither Wing|Slither Wing|100/100
|-status|p1a: Slither Wing|psn
|turn|4
|
|t:|1758994654
|move|p1a: Slither Wing|U-turn|p2a: Glimmet
|-resisted|p2a: Glimmet
|-crit|p2a: Glimmet
|-damage|p2a: Glimmet|0 fnt
|-activate|p2a: Glimmet|ability: Toxic Debris
|-sidestart|p1: boocat2|move: Toxic Spikes
|faint|p2a: Glimmet
|
|t:|1758994657
|-end|p1a: Slither Wing|Protosynthesis|[silent]
|switch|p1a: Dragonite|Dragonite, F|100/100|[from] U-turn
|
|upkeep
|
|t:|1758994662
|switch|p2a: Salandit|Salandit, F|100/100
|turn|5
|
|t:|1758994666
|move|p2a: Salandit|Toxic|p1a: Dragonite
|-status|p1a: Dragonite|tox
|move|p1a: Dragonite|Earthquake|p2a: Salandit
|-supereffective|p2a: Salandit
|-enditem|p2a: Salandit|Focus Sash
|-damage|p2a: Salandit|1/100
|
|-damage|p1a: Dragonite|94/100 tox|[from] psn
|upkeep
|turn|6
|
|t:|1758994675
|move|p2a: Salandit|Foul Play|p1a: Dragonite
|-damage|p1a: Dragonite|51/100 tox
|move|p1a: Dragonite|Dragon Dance|p1a: Dragonite
|-boost|p1a: Dragonite|atk|1
|-boost|p1a: Dragonite|spe|1
|
|-damage|p1a: Dragonite|38/100 tox|[from] psn
|upkeep
|turn|7
|
|t:|1758994684
|switch|p2a: Fletchling|Fletchling, F|100/100
|move|p1a: Dragonite|Extreme Speed|p2a: Fletchling
|-damage|p2a: Fletchling|39/100
|
|-damage|p1a: Dragonite|20/100 tox|[from] psn
|upkeep
|turn|8
|
|t:|1758994692
|move|p2a: Fletchling|Protect|p2a: Fletchling
|-singleturn|p2a: Fletchling|Protect
|move|p1a: Dragonite|Extreme Speed|p2a: Fletchling
|-activate|p2a: Fletchling|move: Protect
|
|-damage|p1a: Dragonite|0 fnt|[from] psn
|faint|p1a: Dragonite
|upkeep
|
|t:|1758994698
|switch|p1a: Dragapult|Dragapult, M|100/100
|turn|9
|
|t:|1758994711
|switch|p2a: my woopie boi|Wooper, F|100/100
|move|p1a: Dragapult|Shadow Ball|p2a: my woopie boi
|-damage|p2a: my woopie boi|43/100
|
|upkeep
|turn|10
|
|t:|1758994727
|move|p2a: my woopie boi|Protect|p2a: my woopie boi
|-singleturn|p2a: my woopie boi|Protect
|move|p1a: Dragapult|Shadow Ball|p2a: my woopie boi
|-activate|p2a: my woopie boi|move: Protect
|
|upkeep
|turn|11
|
|t:|1758994733
|switch|p2a: Fletchling|Fletchling, F|39/100
|move|p1a: Dragapult|Shadow Ball|p2a: Fletchling
|-immune|p2a: Fletchling
|
|upkeep
|turn|12
|
|t:|1758994742
|move|p1a: Dragapult|Dragon Darts|p2a: Fletchling
|-damage|p2a: Fletchling|6/100
|-anim|p1a: Dragapult|Dragon Darts|p2a: Fletchling
|-damage|p2a: Fletchling|0 fnt
|faint|p2a: Fletchling
|
|upkeep
|
|t:|1758994748
|switch|p2a: cotton ball|Cottonee, L1, M, shiny|100/100
|turn|13
|
|t:|1758994752
|move|p2a: cotton ball|Encore|p1a: Dragapult
|-start|p1a: Dragapult|Encore
|move|p1a: Dragapult|Dragon Darts|p2a: cotton ball
|-immune|p2a: cotton ball
|
|upkeep
|turn|14
|
|t:|1758994761
|switch|p1a: Ogerpon|Ogerpon-Cornerstone, F|100/100
|-status|p1a: Ogerpon|tox
|move|p2a: cotton ball|Leech Seed|p1a: Ogerpon
|-immune|p1a: Ogerpon
|
|-damage|p1a: Ogerpon|95/100 tox|[from] psn
|upkeep
|turn|15
|
|t:|1758994770
|move|p2a: cotton ball|Protect|p2a: cotton ball
|-singleturn|p2a: cotton ball|Protect
|move|p1a: Ogerpon|Ivy Cudgel|p2a: cotton ball|[anim] Ivy Cudgel Rock
|-activate|p2a: cotton ball|move: Protect
|
|-damage|p1a: Ogerpon|83/100 tox|[from] psn
|upkeep
|turn|16
|
|t:|1758994788
|switch|p2a: my woopie boi|Wooper, F|43/100
|move|p1a: Ogerpon|Ivy Cudgel|p2a: my woopie boi|[anim] Ivy Cudgel Rock
|-resisted|p2a: my woopie boi
|-damage|p2a: my woopie boi|18/100
|
|-damage|p1a: Ogerpon|65/100 tox|[from] psn
|upkeep
|turn|17
|
|t:|1758994798
|move|p2a: my woopie boi|Protect|p2a: my woopie boi
|-singleturn|p2a: my woopie boi|Protect
|move|p1a: Ogerpon|Ivy Cudgel|p2a: my woopie boi|[anim] Ivy Cudgel Rock
|-activate|p2a: my woopie boi|move: Protect
|
|-damage|p1a: Ogerpon|41/100 tox|[from] psn
|upkeep
|turn|18
|
|t:|1758994805
|move|p1a: Ogerpon|Ivy Cudgel|p2a: my woopie boi|[anim] Ivy Cudgel Rock
|-resisted|p2a: my woopie boi
|-damage|p2a: my woopie boi|0 fnt
|faint|p2a: my woopie boi
|
|-damage|p1a: Ogerpon|11/100 tox|[from] psn
|upkeep
|
|t:|1758994811
|switch|p2a: cotton ball|Cottonee, L1, M, shiny|100/100
|turn|19
|
|t:|1758994815
|move|p2a: cotton ball|Protect|p2a: cotton ball
|-singleturn|p2a: cotton ball|Protect
|move|p1a: Ogerpon|Knock Off|p2a: cotton ball
|-activate|p2a: cotton ball|move: Protect
|
|-damage|p1a: Ogerpon|0 fnt|[from] psn
|faint|p1a: Ogerpon
|upkeep
|
|t:|1758994821
|switch|p1a: Slither Wing|Slither Wing|100/100 psn
|turn|20
|
|t:|1758994825
|move|p2a: cotton ball|Protect||[still]
|-fail|p2a: cotton ball
|move|p1a: Slither Wing|U-turn|p2a: cotton ball
|-enditem|p2a: cotton ball|Focus Sash
|-damage|p2a: cotton ball|9/100
|
|t:|1758994831
|-end|p1a: Slither Wing|Protosynthesis|[silent]
|switch|p1a: Dragapult|Dragapult, M|100/100|[from] U-turn
|
|upkeep
|turn|21
|
|t:|1758994845
|move|p2a: cotton ball|Protect|p2a: cotton ball
|-singleturn|p2a: cotton ball|Protect
|move|p1a: Dragapult|U-turn|p2a: cotton ball
|-activate|p2a: cotton ball|move: Protect
|
|upkeep
|turn|22
|
|t:|1758994852
|move|p2a: cotton ball|Leech Seed|p1a: Dragapult
|-start|p1a: Dragapult|move: Leech Seed
|move|p1a: Dragapult|U-turn|p2a: cotton ball
|-crit|p2a: cotton ball
|-damage|p2a: cotton ball|0 fnt
|faint|p2a: cotton ball
|
|t:|1758994854
|switch|p1a: Slither Wing|Slither Wing|100/100 psn|[from] U-turn
|
|-damage|p1a: Slither Wing|88/100 psn|[from] psn
|upkeep
|
|t:|1758994860
|switch|p2a: sturdy #1|Nosepass, L1, F|100/100
|turn|23
|
|t:|1758994865
|move|p1a: Slither Wing|U-turn|p2a: sturdy #1
|-ability|p2a: sturdy #1|Sturdy
|-damage|p2a: sturdy #1|10/100
|-enditem|p2a: sturdy #1|Oran Berry|[eat]
|-heal|p2a: sturdy #1|100/100|[from] item: Oran Berry
|
|t:|1758994871
|-end|p1a: Slither Wing|Protosynthesis|[silent]
|switch|p1a: Dragapult|Dragapult, M|100/100|[from] U-turn
|move|p2a: sturdy #1|Pain Split|p1a: Dragapult
|-sethp|p1a: Dragapult|52/100|[from] move: Pain Split|[silent]
|-sethp|p2a: sturdy #1|100/100|[from] move: Pain Split
|
|upkeep
|turn|24
|inactive|kilobyt3 has 120 seconds left.
|inactive|kilobyt3 has 90 seconds left.
|inactive|kilobyt3 has 60 seconds left.
|inactive|kilobyt3 has 30 seconds left.
|inactive|kilobyt3 has 20 seconds left.
|inactive|kilobyt3 has 15 seconds left.
|inactive|kilobyt3 has 10 seconds left.
|inactive|kilobyt3 has 5 seconds left.
|-message|kilobyt3 lost due to inactivity.
|
|win|boocat2
|raw|boocat2's rating: 1053 &rarr; <strong>1086</strong><br />(+33 for winning)
|raw|kilobyt3's rating: 1058 &rarr; <strong>1039</strong><br />(-19 for losing)
|l|‽boocat2
|player|p1|
|l|☆kilobyt3
|player|p2|
