|j|☆EliteJay Xl
|j|☆CadenG18
|t:|1759032191
|gametype|singles
|player|p1|EliteJay Xl|101|1363
|player|p2|CadenG18|hilbert|1344
|gen|9
|tier|[Gen 9] OU
|rated|
|rule|HP Percentage Mod: HP is shown in percentages
|rule|Endless Battle Clause: Forcing endless battles is banned
|rule|Species Clause: Limit one of each Pokémon
|rule|OHKO Clause: OHKO moves are banned
|rule|Evasion Items Clause: Evasion items are banned
|rule|Evasion Moves Clause: Evasion moves are banned
|rule|Evasion Abilities Clause: Evasion abilities are banned
|rule|Sleep Moves Clause: Sleep-inducing moves are banned
|clearpoke
|poke|p1|Avalugg, M|
|poke|p1|Goodra-Hisui, M|
|poke|p1|Ursaluna, M|
|poke|p1|Ogerpon, F|
|poke|p1|Thundurus, M|
|poke|p1|Espeon, F|
|poke|p2|Greninja-*, M|
|poke|p2|Ceruledge, F|
|poke|p2|Armarouge, F|
|poke|p2|Hydreigon, F|
|poke|p2|Kommo-o, M|
|poke|p2|Tsareena, F|
|teampreview
|inactive|Battle timer is ON: inactive players will automatically lose when time's up. (requested by CadenG18)
|j| mutantfishhands
|c|☆CadenG18|glhf
|
|t:|1759032206
|teamsize|p1|6
|teamsize|p2|6
|start
|switch|p1a: Ogerpon|Ogerpon, F|100/100
|switch|p2a: Megumi|Greninja, M, shiny|100/100
|turn|1
|
|t:|1759032211
|-terastallize|p1a: Ogerpon|Grass
|detailschange|p1a: Ogerpon|Ogerpon-Teal-Tera, F, tera:Grass
|-ability|p1a: Ogerpon|Embody Aspect (Teal)|boost
|-boost|p1a: Ogerpon|spe|1
|move|p1a: Ogerpon|Ivy Cudgel|p2a: Megumi
|-supereffective|p2a: Megumi
|-damage|p2a: Megumi|0 fnt
|faint|p2a: Megumi
|
|upkeep
|
|t:|1759032223
|switch|p2a: Yamata|Hydreigon, F|100/100
|turn|2
|
|t:|1759032227
|switch|p1a: Goodra|Goodra-Hisui, M|100/100
|move|p2a: Yamata|Flamethrower|p1a: Goodra
|-damage|p1a: Goodra|80/100
|
|upkeep
|turn|3
|l| mutantfishhands
|
|t:|1759032251
|move|p2a: Yamata|Flamethrower|p1a: Goodra
|-damage|p1a: Goodra|61/100
|move|p1a: Goodra|Dragon Pulse|p2a: Yamata
|-supereffective|p2a: Yamata
|-damage|p2a: Yamata|0 fnt
|faint|p2a: Yamata
|
|upkeep
|
|t:|1759032265
|switch|p2a: Tsuyo-sa|Kommo-o, M|100/100
|turn|4
|
|t:|1759032270
|switch|p1a: Thundurus|Thundurus, M|100/100
|-terastallize|p2a: Tsuyo-sa|Steel
|move|p2a: Tsuyo-sa|Clangorous Soul|p2a: Tsuyo-sa
|-boost|p2a: Tsuyo-sa|atk|1
|-boost|p2a: Tsuyo-sa|def|1
|-boost|p2a: Tsuyo-sa|spa|1
|-boost|p2a: Tsuyo-sa|spd|1
|-boost|p2a: Tsuyo-sa|spe|1
|-damage|p2a: Tsuyo-sa|68/100
|
|-heal|p2a: Tsuyo-sa|74/100|[from] item: Leftovers
|upkeep
|turn|5
|inactive|CadenG18 has 120 seconds left.
|inactive|EliteJay Xl has 120 seconds left.
|inactive|EliteJay Xl has 90 seconds left.
|
|t:|1759032349
|move|p1a: Thundurus|Thunder Wave|p2a: Tsuyo-sa|[miss]
|-miss|p1a: Thundurus|p2a: Tsuyo-sa
|move|p2a: Tsuyo-sa|Dragon Claw|p1a: Thundurus
|-damage|p1a: Thundurus|12/100
|
|-heal|p2a: Tsuyo-sa|80/100|[from] item: Leftovers
|upkeep
|turn|6
|
|t:|1759032360
|move|p1a: Thundurus|Thunder Wave|p2a: Tsuyo-sa
|-status|p2a: Tsuyo-sa|par
|move|p2a: Tsuyo-sa|Dragon Claw|p1a: Thundurus
|-damage|p1a: Thundurus|0 fnt
|faint|p1a: Thundurus
|
|-heal|p2a: Tsuyo-sa|86/100 par|[from] item: Leftovers
|upkeep
|
|t:|1759032375
|switch|p1a: Ogerpon|Ogerpon-Teal-Tera, F, tera:Grass|100/100
|-ability|p1a: Ogerpon|Embody Aspect (Teal)|boost
|-boost|p1a: Ogerpon|spe|1
|turn|7
|
|t:|1759032382
|move|p1a: Ogerpon|Low Kick|p2a: Tsuyo-sa
|-supereffective|p2a: Tsuyo-sa
|-damage|p2a: Tsuyo-sa|37/100 par
|move|p2a: Tsuyo-sa|Iron Head|p1a: Ogerpon
|-damage|p1a: Ogerpon|21/100
|
|-heal|p2a: Tsuyo-sa|43/100 par|[from] item: Leftovers
|upkeep
|turn|8
|inactive|EliteJay Xl has 90 seconds left.
|
|t:|1759032396
|switch|p1a: Goodra|Goodra-Hisui, M|61/100
|move|p2a: Tsuyo-sa|Iron Head|p1a: Goodra
|-resisted|p1a: Goodra
|-damage|p1a: Goodra|33/100
|
|-heal|p2a: Tsuyo-sa|50/100 par|[from] item: Leftovers
|upkeep
|turn|9
|
|t:|1759032400
|move|p2a: Tsuyo-sa|Brick Break|p1a: Goodra
|-supereffective|p1a: Goodra
|-damage|p1a: Goodra|0 fnt
|faint|p1a: Goodra
|
|-heal|p2a: Tsuyo-sa|56/100 par|[from] item: Leftovers
|upkeep
|
|t:|1759032408
|switch|p1a: Avalugg|Avalugg, M|100/100
|turn|10
|
|t:|1759032411
|move|p2a: Tsuyo-sa|Brick Break|p1a: Avalugg
|-supereffective|p1a: Avalugg
|-damage|p1a: Avalugg|61/100
|move|p1a: Avalugg|Body Press|p2a: Tsuyo-sa
|-supereffective|p2a: Tsuyo-sa
|-damage|p2a: Tsuyo-sa|3/100 par
|
|-heal|p2a: Tsuyo-sa|9/100 par|[from] item: Leftovers
|upkeep
|turn|11
|
|t:|1759032418
|move|p2a: Tsuyo-sa|Brick Break|p1a: Avalugg
|-supereffective|p1a: Avalugg
|-damage|p1a: Avalugg|20/100
|move|p1a: Avalugg|Body Press|p2a: Tsuyo-sa
|-supereffective|p2a: Tsuyo-sa
|-damage|p2a: Tsuyo-sa|0 fnt
|faint|p2a: Tsuyo-sa
|
|upkeep
|
|t:|1759032429
|switch|p2a: Cieri|Ceruledge, F, shiny|100/100
|turn|12
|inactive|EliteJay Xl has 120 seconds left.
|
|t:|1759032436
|switch|p1a: Ursaluna|Ursaluna, M|100/100
|move|p2a: Cieri|Swords Dance|p2a: Cieri
|-boost|p2a: Cieri|atk|2
|
|upkeep
|turn|13
|
|t:|1759032442
|move|p2a: Cieri|Close Combat|p1a: Ursaluna
|-supereffective|p1a: Ursaluna
|-damage|p1a: Ursaluna|0 fnt
|-unboost|p2a: Cieri|def|1
|-unboost|p2a: Cieri|spd|1
|faint|p1a: Ursaluna
|
|upkeep
|
|t:|1759032446
|switch|p1a: Espeon|Espeon, F|100/100
|turn|14
|
|t:|1759032450
|move|p2a: Cieri|Shadow Sneak|p1a: Espeon
|-supereffective|p1a: Espeon
|-damage|p1a: Espeon|0 fnt
|faint|p1a: Espeon
|
|upkeep
|-message|EliteJay Xl forfeited.
|
|win|CadenG18
|raw|EliteJay Xl's rating: 1363 &rarr; <strong>1342</strong><br />(-21 for losing)
|raw|CadenG18's rating: 1344 &rarr; <strong>1365</strong><br />(+21 for winning)
|l|☆EliteJay Xl
|player|p1|
|l|☆CadenG18
|player|p2|
