|j|☆Am1sty
|j|☆Ycgzzz
|t:|1759058488
|gametype|singles
|player|p1|Am1sty|265|1115
|player|p2|Ycgzzz|169|1119
|gen|9
|tier|[Gen 9] OU
|rated|
|rule|HP Percentage Mod: HP is shown in percentages
|rule|Endless Battle Clause: Forcing endless battles is banned
|rule|Species Clause: Limit one of each Pokémon
|rule|OHKO Clause: OHKO moves are banned
|rule|Evasion Items Clause: Evasion items are banned
|rule|Evasion Moves Clause: Evasion moves are banned
|rule|Evasion Abilities Clause: Evasion abilities are banned
|rule|Sleep Moves Clause: Sleep-inducing moves are banned
|clearpoke
|poke|p1|Blissey, F|
|poke|p1|Toxapex, M|
|poke|p1|Sableye, F|
|poke|p1|Gliscor, M|
|poke|p1|Gastrodon, F|
|poke|p1|Weezing-Galar, F|
|poke|p2|Zamazenta-*|
|poke|p2|Great Tusk|
|poke|p2|Latios, M|
|poke|p2|Heatran, M|
|poke|p2|Pecharunt|
|poke|p2|Samurott-Hisui, M|
|teampreview
|inactive|Battle timer is ON: inactive players will automatically lose when time's up. (requested by Ycgzzz)
|inactive|Am1sty also wants the timer to be on.
|
|t:|1759058517
|teamsize|p1|6
|teamsize|p2|6
|start
|switch|p1a: Sableye|Sableye, F|100/100
|switch|p2a: Samurott|Samurott-Hisui, M|100/100
|turn|1
|
|t:|1759058525
|move|p1a: Sableye|Fake Out|p2a: Samurott
|-damage|p2a: Samurott|92/100
|cant|p2a: Samurott|flinch
|
|upkeep
|turn|2
|
|t:|1759058532
|switch|p1a: Toxapex|Toxapex, M|100/100
|move|p2a: Samurott|Ceaseless Edge|p1a: Toxapex
|-damage|p1a: Toxapex|69/100
|-damage|p2a: Samurott|75/100|[from] item: Rocky Helmet|[of] p1a: Toxapex
|-sidestart|p1: Am1sty|Spikes
|
|upkeep
|turn|3
|
|t:|1759058542
|move|p2a: Samurott|Knock Off|p1a: Toxapex
|-crit|p1a: Toxapex
|-damage|p1a: Toxapex|24/100
|-damage|p2a: Samurott|59/100|[from] item: Rocky Helmet|[of] p1a: Toxapex
|-enditem|p1a: Toxapex|Rocky Helmet|[from] move: Knock Off|[of] p2a: Samurott
|move|p1a: Toxapex|Toxic Spikes|p2a: Samurott
|-sidestart|p2: Ycgzzz|move: Toxic Spikes
|
|upkeep
|turn|4
|
|t:|1759058556
|switch|p1a: Weezing|Weezing-Galar, F|100/100
|-ability|p1a: Weezing|Neutralizing Gas
|-damage|p1a: Weezing|88/100|[from] Spikes
|move|p2a: Samurott|Ceaseless Edge|p1a: Weezing
|-resisted|p1a: Weezing
|-damage|p1a: Weezing|78/100
|-sidestart|p1: Am1sty|Spikes
|
|-heal|p1a: Weezing|84/100|[from] item: Leftovers
|upkeep
|turn|5
|
|t:|1759058574
|switch|p2a: Great Tusk|Great Tusk|100/100
|move|p1a: Weezing|Defog|p2a: Great Tusk
|-unboost|p2a: Great Tusk|evasion|1
|-sideend|p2: Ycgzzz|Toxic Spikes|[from] move: Defog|[of] p1a: Weezing
|-sideend|p1: Am1sty|Spikes|[from] move: Defog|[of] p1a: Weezing
|
|-heal|p1a: Weezing|90/100|[from] item: Leftovers
|upkeep
|turn|6
|
|t:|1759058585
|-end|p1a: Weezing|ability: Neutralizing Gas
|switch|p1a: Gliscor|Gliscor, M|100/100
|move|p2a: Great Tusk|Headlong Rush|p1a: Gliscor
|-immune|p1a: Gliscor
|
|-status|p1a: Gliscor|tox|[from] item: Toxic Orb
|upkeep
|turn|7
|
|t:|1759058596
|move|p2a: Great Tusk|Ice Spinner|p1a: Gliscor
|-supereffective|p1a: Gliscor
|-damage|p1a: Gliscor|16/100 tox
|move|p1a: Gliscor|Stealth Rock|p2a: Great Tusk
|-sidestart|p2: Ycgzzz|move: Stealth Rock
|
|-heal|p1a: Gliscor|28/100 tox|[from] ability: Poison Heal
|upkeep
|turn|8
|
|t:|1759058614
|-end|p2a: Great Tusk|Protosynthesis|[silent]
|switch|p2a: Samurott|Samurott-Hisui, M|59/100
|-damage|p2a: Samurott|46/100|[from] Stealth Rock
|move|p1a: Gliscor|Protect||[still]
|-fail|p1a: Gliscor
|
|-heal|p1a: Gliscor|40/100 tox|[from] ability: Poison Heal
|upkeep
|turn|9
|
|t:|1759058624
|move|p1a: Gliscor|Protect|p1a: Gliscor
|-singleturn|p1a: Gliscor|Protect
|move|p2a: Samurott|Ceaseless Edge|p1a: Gliscor
|-activate|p1a: Gliscor|move: Protect
|
|-heal|p1a: Gliscor|53/100 tox|[from] ability: Poison Heal
|upkeep
|turn|10
|
|t:|1759058635
|switch|p1a: Weezing|Weezing-Galar, F|90/100
|-ability|p1a: Weezing|Neutralizing Gas
|move|p2a: Samurott|Ceaseless Edge|p1a: Weezing
|-resisted|p1a: Weezing
|-damage|p1a: Weezing|80/100
|-sidestart|p1: Am1sty|Spikes
|
|-heal|p1a: Weezing|86/100|[from] item: Leftovers
|upkeep
|turn|11
|
|t:|1759058649
|switch|p2a: Heatran|Heatran, M|100/100
|-damage|p2a: Heatran|88/100|[from] Stealth Rock
|move|p1a: Weezing|Stockpile|p1a: Weezing
|-start|p1a: Weezing|stockpile1
|-boost|p1a: Weezing|def|1
|-boost|p1a: Weezing|spd|1
|
|-heal|p2a: Heatran|94/100|[from] item: Leftovers
|-heal|p1a: Weezing|92/100|[from] item: Leftovers
|upkeep
|turn|12
|
|t:|1759058665
|-end|p1a: Weezing|ability: Neutralizing Gas
|switch|p1a: Toxapex|Toxapex, M|57/100
|-damage|p1a: Toxapex|45/100|[from] Spikes
|move|p2a: Heatran|Earth Power|p1a: Toxapex
|-supereffective|p1a: Toxapex
|-damage|p1a: Toxapex|0 fnt
|faint|p1a: Toxapex
|
|-heal|p2a: Heatran|100/100|[from] item: Leftovers
|upkeep
|
|t:|1759058677
|switch|p1a: Sableye|Sableye, F|100/100
|-damage|p1a: Sableye|88/100|[from] Spikes
|turn|13
|
|t:|1759058706
|switch|p2a: Pecharunt|Pecharunt|100/100
|move|p1a: Sableye|Will-O-Wisp|p2a: Pecharunt
|-status|p2a: Pecharunt|brn
|
|-heal|p1a: Sableye|94/100|[from] item: Leftovers
|-damage|p2a: Pecharunt|94/100 brn|[from] brn
|upkeep
|turn|14
|
|t:|1759058717
|switch|p1a: Blissey|Blissey, F|100/100
|-damage|p1a: Blissey|88/100|[from] Spikes
|move|p2a: Pecharunt|Malignant Chain|p1a: Blissey
|-damage|p1a: Blissey|80/100
|-status|p1a: Blissey|tox
|-start|p1a: Blissey|confusion|[from] ability: Poison Puppeteer|[of] p2a: Pecharunt
|
|-heal|p1a: Blissey|86/100 tox|[from] item: Leftovers
|-damage|p1a: Blissey|80/100 tox|[from] psn
|-damage|p2a: Pecharunt|88/100 brn|[from] brn
|upkeep
|turn|15
|
|t:|1759058732
|-curestatus|p1a: Blissey|tox|[from] ability: Natural Cure
|switch|p1a: Gastrodon|Gastrodon, F|100/100
|-damage|p1a: Gastrodon|88/100|[from] Spikes
|move|p2a: Pecharunt|Parting Shot|p1a: Gastrodon
|-unboost|p1a: Gastrodon|atk|1
|-unboost|p1a: Gastrodon|spa|1
|
|t:|1759058739
|switch|p2a: Zamazenta|Zamazenta|100/100|[from] Parting Shot
|-damage|p2a: Zamazenta|94/100|[from] Stealth Rock
|-ability|p2a: Zamazenta|Dauntless Shield|boost
|-boost|p2a: Zamazenta|def|1
|
|-heal|p2a: Zamazenta|100/100|[from] item: Leftovers
|-heal|p1a: Gastrodon|94/100|[from] item: Leftovers
|upkeep
|turn|16
|
|t:|1759058749
|switch|p1a: Sableye|Sableye, F|94/100
|-damage|p1a: Sableye|82/100|[from] Spikes
|move|p2a: Zamazenta|Substitute|p2a: Zamazenta
|-start|p2a: Zamazenta|Substitute
|-damage|p2a: Zamazenta|76/100
|
|-heal|p2a: Zamazenta|82/100|[from] item: Leftovers
|-heal|p1a: Sableye|88/100|[from] item: Leftovers
|upkeep
|turn|17
|
|t:|1759058760
|move|p1a: Sableye|Fake Out|p2a: Zamazenta
|-activate|p2a: Zamazenta|move: Substitute|[damage]
|move|p2a: Zamazenta|Crunch|p1a: Sableye
|-damage|p1a: Sableye|62/100
|
|-heal|p2a: Zamazenta|88/100|[from] item: Leftovers
|-heal|p1a: Sableye|69/100|[from] item: Leftovers
|upkeep
|turn|18
|
|t:|1759058769
|move|p1a: Sableye|Fake Out||[still]
|-hint|Fake Out only works on your first turn out.
|-fail|p1a: Sableye
|move|p2a: Zamazenta|Iron Defense|p2a: Zamazenta
|-boost|p2a: Zamazenta|def|2
|
|-heal|p2a: Zamazenta|94/100|[from] item: Leftovers
|-heal|p1a: Sableye|75/100|[from] item: Leftovers
|upkeep
|turn|19
|
|t:|1759058780
|switch|p1a: Gliscor|Gliscor, M|53/100 tox
|move|p2a: Zamazenta|Crunch|p1a: Gliscor
|-damage|p1a: Gliscor|37/100 tox
|
|-heal|p2a: Zamazenta|99/100|[from] item: Leftovers
|-heal|p1a: Gliscor|49/100 tox|[from] ability: Poison Heal
|upkeep
|turn|20
|
|t:|1759058791
|move|p2a: Zamazenta|Body Press|p1a: Gliscor
|-resisted|p1a: Gliscor
|-damage|p1a: Gliscor|20/100 tox
|move|p1a: Gliscor|Earthquake|p2a: Zamazenta
|-activate|p2a: Zamazenta|move: Substitute|[damage]
|
|-heal|p2a: Zamazenta|100/100|[from] item: Leftovers
|-heal|p1a: Gliscor|32/100 tox|[from] ability: Poison Heal
|upkeep
|turn|21
|
|t:|1759058802
|move|p1a: Gliscor|Protect|p1a: Gliscor
|-singleturn|p1a: Gliscor|Protect
|move|p2a: Zamazenta|Iron Defense|p2a: Zamazenta
|-boost|p2a: Zamazenta|def|2
|
|-heal|p1a: Gliscor|44/100 tox|[from] ability: Poison Heal
|upkeep
|turn|22
|
|t:|1759058813
|move|p2a: Zamazenta|Body Press|p1a: Gliscor
|-resisted|p1a: Gliscor
|-damage|p1a: Gliscor|0 fnt
|faint|p1a: Gliscor
|
|upkeep
|-message|Am1sty forfeited.
|
|win|Ycgzzz
|raw|Am1sty's rating: 1115 &rarr; <strong>1090</strong><br />(-25 for losing)
|raw|Ycgzzz's rating: 1119 &rarr; <strong>1144</strong><br />(+25 for winning)
|l|☆Am1sty
|player|p1|
