|j|☆illuminati538
|j|☆PappaBarry
|t:|1758981840
|gametype|singles
|player|p1|illuminati538|rood|1179
|player|p2|PappaBarry|2|1143
|gen|9
|tier|[Gen 9] OU
|rated|
|rule|HP Percentage Mod: HP is shown in percentages
|rule|Endless Battle Clause: Forcing endless battles is banned
|rule|Species Clause: Limit one of each Pokémon
|rule|OHKO Clause: OHKO moves are banned
|rule|Evasion Items Clause: Evasion items are banned
|rule|Evasion Moves Clause: Evasion moves are banned
|rule|Evasion Abilities Clause: Evasion abilities are banned
|rule|Sleep Moves Clause: Sleep-inducing moves are banned
|clearpoke
|poke|p1|Great Tusk|
|poke|p1|Gholdengo|
|poke|p1|Ogerpon-Wellspring, F|
|poke|p1|Dragonite, F|
|poke|p1|Iron Valiant|
|poke|p1|Kingambit, F|
|poke|p2|Tyranitar, M|
|poke|p2|Excadrill, M|
|poke|p2|Tropius, F|
|poke|p2|Glimmora, F|
|poke|p2|Garchomp, F|
|poke|p2|Walking Wake|
|teampreview
|inactive|Battle timer is ON: inactive players will automatically lose when time's up. (requested by illuminati538)
|
|t:|1758981847
|teamsize|p1|6
|teamsize|p2|6
|start
|switch|p1a: Gholdengo|Gholdengo|100/100
|switch|p2a: Glimmora|Glimmora, F|100/100
|-item|p1a: Gholdengo|Air Balloon
|turn|1
|
|t:|1758981854
|move|p2a: Glimmora|Stealth Rock|p1a: Gholdengo
|-sidestart|p1: illuminati538|move: Stealth Rock
|move|p1a: Gholdengo|Make It Rain|p2a: Glimmora
|-supereffective|p2a: Glimmora
|-enditem|p2a: Glimmora|Focus Sash
|-damage|p2a: Glimmora|1/100
|-unboost|p1a: Gholdengo|spa|1
|
|upkeep
|turn|2
|
|t:|1758981864
|move|p2a: Glimmora|Mortal Spin|p1a: Gholdengo
|-immune|p1a: Gholdengo
|move|p1a: Gholdengo|Make It Rain|p2a: Glimmora
|-supereffective|p2a: Glimmora
|-damage|p2a: Glimmora|0 fnt
|-unboost|p1a: Gholdengo|spa|1
|faint|p2a: Glimmora
|
|upkeep
|
|t:|1758981893
|switch|p2a: Walking Wake|Walking Wake|100/100
|-enditem|p2a: Walking Wake|Booster Energy
|-activate|p2a: Walking Wake|ability: Protosynthesis|[fromitem]
|-start|p2a: Walking Wake|protosynthesisspe
|turn|3
|
|t:|1758981901
|-terastallize|p1a: Gholdengo|Fairy
|move|p2a: Walking Wake|Flamethrower|p1a: Gholdengo
|-damage|p1a: Gholdengo|72/100
|-enditem|p1a: Gholdengo|Air Balloon
|move|p1a: Gholdengo|Thunder Wave|p2a: Walking Wake
|-status|p2a: Walking Wake|par
|
|upkeep
|turn|4
|inactive|PappaBarry has 120 seconds left.
|
|t:|1758981929
|-end|p2a: Walking Wake|Protosynthesis|[silent]
|switch|p2a: Tropius|Tropius, F|100/100
|switch|p1a: Great Tusk|Great Tusk|100/100
|-damage|p1a: Great Tusk|98/100|[from] Stealth Rock
|
|-heal|p1a: Great Tusk|100/100|[from] item: Leftovers
|upkeep
|turn|5
|inactive|PappaBarry has 120 seconds left.
|
|t:|1758981941
|move|p1a: Great Tusk|Rapid Spin|p2a: Tropius
|-crit|p2a: Tropius
|-damage|p2a: Tropius|84/100
|-boost|p1a: Great Tusk|spe|1
|-sideend|p1: illuminati538|Stealth Rock|[from] move: Rapid Spin|[of] p1a: Great Tusk
|move|p2a: Tropius|Sunny Day|p2a: Tropius
|-weather|SunnyDay
|-activate|p1a: Great Tusk|ability: Protosynthesis
|-start|p1a: Great Tusk|protosynthesisdef
|
|-weather|SunnyDay|[upkeep]
|upkeep
|turn|6
|inactive|PappaBarry has 120 seconds left.
|
|t:|1758981954
|-end|p1a: Great Tusk|Protosynthesis|[silent]
|switch|p1a: Dragonite|Dragonite, F|100/100
|move|p2a: Tropius|Leech Seed|p1a: Dragonite|[miss]
|-miss|p2a: Tropius|p1a: Dragonite
|
|-weather|SunnyDay|[upkeep]
|upkeep
|turn|7
|inactive|PappaBarry has 120 seconds left.
|
|t:|1758981963
|move|p1a: Dragonite|Dragon Dance|p1a: Dragonite
|-boost|p1a: Dragonite|atk|1
|-boost|p1a: Dragonite|spe|1
|move|p2a: Tropius|Substitute|p2a: Tropius
|-start|p2a: Tropius|Substitute
|-damage|p2a: Tropius|59/100
|
|-weather|SunnyDay|[upkeep]
|upkeep
|turn|8
|
|t:|1758981970
|move|p1a: Dragonite|Extreme Speed|p2a: Tropius
|-end|p2a: Tropius|Substitute
|move|p2a: Tropius|Leech Seed|p1a: Dragonite
|-start|p1a: Dragonite|move: Leech Seed
|
|-weather|SunnyDay|[upkeep]
|-damage|p1a: Dragonite|88/100|[from] Leech Seed|[of] p2a: Tropius
|-heal|p2a: Tropius|69/100|[silent]
|upkeep
|turn|9
|
|t:|1758981978
|move|p1a: Dragonite|Extreme Speed|p2a: Tropius
|-damage|p2a: Tropius|32/100
|-enditem|p2a: Tropius|Sitrus Berry|[eat]
|-heal|p2a: Tropius|56/100|[from] item: Sitrus Berry
|move|p2a: Tropius|Substitute|p2a: Tropius
|-start|p2a: Tropius|Substitute
|-damage|p2a: Tropius|32/100
|
|-weather|none
|-damage|p1a: Dragonite|76/100|[from] Leech Seed|[of] p2a: Tropius
|-heal|p2a: Tropius|42/100|[silent]
|upkeep
|turn|10
|
|t:|1758981988
|move|p1a: Dragonite|Extreme Speed|p2a: Tropius
|-crit|p2a: Tropius
|-end|p2a: Tropius|Substitute
|move|p2a: Tropius|Sunny Day|p2a: Tropius
|-weather|SunnyDay
|
|-weather|SunnyDay|[upkeep]
|-damage|p1a: Dragonite|63/100|[from] Leech Seed|[of] p2a: Tropius
|-heal|p2a: Tropius|51/100|[silent]
|-item|p2a: Tropius|Sitrus Berry|[from] ability: Harvest
|upkeep
|turn|11
|
|t:|1758981998
|move|p1a: Dragonite|Fire Punch|p2a: Tropius
|-supereffective|p2a: Tropius
|-damage|p2a: Tropius|0 fnt
|faint|p2a: Tropius
|
|-weather|SunnyDay|[upkeep]
|upkeep
|
|t:|1758982008
|switch|p2a: Walking Wake|Walking Wake|100/100 par
|-activate|p2a: Walking Wake|ability: Protosynthesis
|-start|p2a: Walking Wake|protosynthesisspe
|turn|12
|
|t:|1758982024
|switch|p1a: Gholdengo|Gholdengo, tera:Fairy|72/100
|move|p2a: Walking Wake|Draco Meteor|p1a: Gholdengo
|-immune|p1a: Gholdengo
|
|-weather|SunnyDay|[upkeep]
|upkeep
|turn|13
|
|t:|1758982036
|-end|p2a: Walking Wake|Protosynthesis|[silent]
|switch|p2a: Garchomp|Garchomp, F|100/100
|move|p1a: Gholdengo|Hex|p2a: Garchomp
|-damage|p2a: Garchomp|72/100
|
|-weather|SunnyDay|[upkeep]
|upkeep
|turn|14
|
|t:|1758982044
|move|p2a: Garchomp|Swords Dance|p2a: Garchomp
|-boost|p2a: Garchomp|atk|2
|move|p1a: Gholdengo|Make It Rain|p2a: Garchomp
|-damage|p2a: Garchomp|20/100
|-unboost|p1a: Gholdengo|spa|1
|
|-weather|none
|upkeep
|turn|15
|
|t:|1758982057
|move|p2a: Garchomp|Earthquake|p1a: Gholdengo
|-damage|p1a: Gholdengo|0 fnt
|faint|p1a: Gholdengo
|-damage|p2a: Garchomp|10/100|[from] item: Life Orb
|
|upkeep
|
|t:|1758982070
|switch|p1a: Dragonite|Dragonite, F|63/100
|turn|16
|
|t:|1758982083
|move|p2a: Garchomp|Scale Shot|p1a: Dragonite|[miss]
|-miss|p2a: Garchomp|p1a: Dragonite
|move|p1a: Dragonite|Earthquake|p2a: Garchomp
|-damage|p2a: Garchomp|0 fnt
|faint|p2a: Garchomp
|
|upkeep
|
|t:|1758982093
|switch|p2a: Tyranitar|Tyranitar, M|100/100
|-weather|Sandstorm|[from] ability: Sand Stream|[of] p2a: Tyranitar
|turn|17
|
|t:|1758982109
|move|p1a: Dragonite|Earthquake|p2a: Tyranitar
|-supereffective|p2a: Tyranitar
|-damage|p2a: Tyranitar|42/100
|move|p2a: Tyranitar|Avalanche|p1a: Dragonite
|-supereffective|p1a: Dragonite
|-damage|p1a: Dragonite|0 fnt
|faint|p1a: Dragonite
|
|-weather|Sandstorm|[upkeep]
|-heal|p2a: Tyranitar|49/100|[from] item: Leftovers
|upkeep
|
|t:|1758982119
|switch|p1a: Great Tusk|Great Tusk|100/100
|turn|18
|
|t:|1758982130
|move|p1a: Great Tusk|Earthquake|p2a: Tyranitar
|-supereffective|p2a: Tyranitar
|-damage|p2a: Tyranitar|0 fnt
|faint|p2a: Tyranitar
|
|-weather|Sandstorm|[upkeep]
|upkeep
|
|t:|1758982136
|switch|p2a: Excadrill|Excadrill, M|100/100
|turn|19
|inactive|PappaBarry has 120 seconds left.
|
|t:|1758982176
|move|p2a: Excadrill|Swords Dance|p2a: Excadrill
|-boost|p2a: Excadrill|atk|2
|move|p1a: Great Tusk|Earthquake|p2a: Excadrill
|-supereffective|p2a: Excadrill
|-damage|p2a: Excadrill|0 fnt
|faint|p2a: Excadrill
|
|-weather|Sandstorm|[upkeep]
|upkeep
|-message|PappaBarry forfeited.
|
|win|illuminati538
|raw|illuminati538's rating: 1179 &rarr; <strong>1201</strong><br />(+22 for winning)
|raw|PappaBarry's rating: 1143 &rarr; <strong>1121</strong><br />(-22 for losing)
|l|☆PappaBarry
|player|p2|
|l|☆illuminati538
|player|p1|
