|badge|p1|bronze|gen9ou|100-6
|html|<div class="broadcast-red"><strong>This battle is required to be public due to one or more player having a season medal.</strong><br />During the public phase, you can discuss the state of the ladder <a href="/seasondiscussion">in a special chatroom.</a></div>
|uhtml|medal-msg|<div class="broadcast-blue">Curious what those medals under the avatar are? PS now has Ladder Seasons! For more information, check out the <a href="https://www.smogon.com/forums/threads/3740067/">thread on Smogon.</a></div>
|raw|<div class="broadcast-blue"><strong>This battle is required to be public due to a player having a name starting with 'medal'.</div>
|j|☆patio fence
|j|☆Ladder historian
|t:|1759012859
|gametype|singles
|player|p1|patio fence|fisherman-gen2jp|1816
|player|p2|Ladder historian|lucas-gen4pt|1801
|gen|9
|tier|[Gen 9] OU
|rated|
|rule|HP Percentage Mod: HP is shown in percentages
|rule|Endless Battle Clause: Forcing endless battles is banned
|rule|Species Clause: Limit one of each Pokémon
|rule|OHKO Clause: OHKO moves are banned
|rule|Evasion Items Clause: Evasion items are banned
|rule|Evasion Moves Clause: Evasion moves are banned
|rule|Evasion Abilities Clause: Evasion abilities are banned
|rule|Sleep Moves Clause: Sleep-inducing moves are banned
|clearpoke
|poke|p1|Tyranitar, F|
|poke|p1|Excadrill, M|
|poke|p1|Heatran, M|
|poke|p1|Pecharunt|
|poke|p1|Ogerpon-Wellspring, F|
|poke|p1|Zamazenta-*|
|poke|p2|Ogerpon-Wellspring, F|
|poke|p2|Kyurem|
|poke|p2|Weezing-Galar, M|
|poke|p2|Landorus-Therian, M|
|poke|p2|Kingambit, F|
|poke|p2|Enamorus, F|
|teampreview
|inactive|Battle timer is ON: inactive players will automatically lose when time's up. (requested by patio fence)
|
|t:|1759012871
|teamsize|p1|6
|teamsize|p2|6
|start
|switch|p1a: Tyranitar|Tyranitar, F|100/100
|switch|p2a: Ogerpon|Ogerpon-Wellspring, F|100/100
|-weather|Sandstorm|[from] ability: Sand Stream|[of] p1a: Tyranitar
|turn|1
|
|t:|1759012879
|switch|p1a: Ogerpon|Ogerpon-Wellspring, F|100/100
|move|p2a: Ogerpon|Swords Dance|p2a: Ogerpon
|-boost|p2a: Ogerpon|atk|2
|
|-weather|Sandstorm|[upkeep]
|-damage|p1a: Ogerpon|95/100|[from] Sandstorm
|-damage|p2a: Ogerpon|95/100|[from] Sandstorm
|upkeep
|turn|2
|
|t:|1759012885
|switch|p1a: Heatran|Heatran, M|100/100
|move|p2a: Ogerpon|Horn Leech|p1a: Heatran
|-resisted|p1a: Heatran
|-damage|p1a: Heatran|83/100
|-heal|p2a: Ogerpon|100/100|[from] drain|[of] p1a: Heatran
|
|-weather|Sandstorm|[upkeep]
|-damage|p2a: Ogerpon|95/100|[from] Sandstorm
|-heal|p1a: Heatran|89/100|[from] item: Leftovers
|upkeep
|turn|3
|j| Lamp0821
|
|t:|1759012892
|switch|p1a: Ogerpon|Ogerpon-Wellspring, F|95/100
|move|p2a: Ogerpon|Horn Leech|p1a: Ogerpon
|-damage|p1a: Ogerpon|0 fnt
|-heal|p2a: Ogerpon|100/100|[from] drain|[of] p1a: Ogerpon
|faint|p1a: Ogerpon
|
|-weather|Sandstorm|[upkeep]
|-damage|p2a: Ogerpon|95/100|[from] Sandstorm
|upkeep
|l| Lamp0821
|j| amefurikoneko
|
|t:|1759012898
|switch|p1a: Pecharunt|Pecharunt|100/100
|-item|p1a: Pecharunt|Air Balloon
|turn|4
|
|t:|1759012904
|-terastallize|p2a: Ogerpon|Water
|detailschange|p2a: Ogerpon|Ogerpon-Wellspring-Tera, F, tera:Water
|-ability|p2a: Ogerpon|Embody Aspect (Wellspring)|boost
|-boost|p2a: Ogerpon|spd|1
|-terastallize|p1a: Pecharunt|Dark
|move|p2a: Ogerpon|Ivy Cudgel|p1a: Pecharunt|[anim] Ivy Cudgel Water
|-damage|p1a: Pecharunt|21/100
|-enditem|p1a: Pecharunt|Air Balloon
|move|p1a: Pecharunt|Foul Play|p2a: Ogerpon
|-damage|p2a: Ogerpon|0 fnt
|faint|p2a: Ogerpon
|detailschange|p2: Ogerpon|Ogerpon-Wellspring, F|[silent]
|
|-weather|Sandstorm|[upkeep]
|-damage|p1a: Pecharunt|15/100|[from] Sandstorm
|upkeep
|
|t:|1759012913
|switch|p2a: Enamorus|Enamorus, F|100/100
|turn|5
|
|t:|1759012919
|move|p2a: Enamorus|Earth Power|p1a: Pecharunt
|-damage|p1a: Pecharunt|0 fnt
|faint|p1a: Pecharunt
|
|-weather|Sandstorm|[upkeep]
|-damage|p2a: Enamorus|94/100|[from] Sandstorm
|upkeep
|
|t:|1759012922
|switch|p1a: Excadrill|Excadrill, M|100/100
|turn|6
|
|t:|1759012925
|switch|p2a: Landorus|Landorus-Therian, M|100/100
|-ability|p2a: Landorus|Intimidate|boost
|-unboost|p1a: Excadrill|atk|1
|move|p1a: Excadrill|Rock Slide|p2a: Landorus
|-damage|p2a: Landorus|81/100
|
|-weather|Sandstorm|[upkeep]
|upkeep
|turn|7
|j| Ctannn
|
|t:|1759012938
|switch|p1a: Tyranitar|Tyranitar, F|100/100
|move|p2a: Landorus|Earthquake|p1a: Tyranitar
|-supereffective|p1a: Tyranitar
|-damage|p1a: Tyranitar|21/100
|
|-weather|Sandstorm|[upkeep]
|upkeep
|turn|8
|
|t:|1759012943
|switch|p1a: Zamazenta|Zamazenta|100/100
|-ability|p1a: Zamazenta|Dauntless Shield|boost
|-boost|p1a: Zamazenta|def|1
|move|p2a: Landorus|Earthquake|p1a: Zamazenta
|-damage|p1a: Zamazenta|77/100
|
|-weather|none
|-heal|p1a: Zamazenta|83/100|[from] item: Leftovers
|upkeep
|turn|9
|
|t:|1759012948
|switch|p2a: Weezing|Weezing-Galar, M|100/100
|-ability|p2a: Weezing|Neutralizing Gas
|move|p1a: Zamazenta|Heavy Slam|p2a: Weezing
|-supereffective|p2a: Weezing
|-damage|p2a: Weezing|50/100
|
|-heal|p1a: Zamazenta|89/100|[from] item: Leftovers
|upkeep
|turn|10
|
|t:|1759012958
|switch|p1a: Tyranitar|Tyranitar, F|21/100
|move|p2a: Weezing|Will-O-Wisp|p1a: Tyranitar
|-status|p1a: Tyranitar|brn
|
|-damage|p1a: Tyranitar|15/100 brn|[from] brn
|upkeep
|turn|11
|
|t:|1759012971
|move|p2a: Weezing|Pain Split|p1a: Tyranitar
|-sethp|p1a: Tyranitar|28/100 brn|[from] move: Pain Split|[silent]
|-sethp|p2a: Weezing|34/100|[from] move: Pain Split
|move|p1a: Tyranitar|Ice Beam|p2a: Weezing
|-damage|p2a: Weezing|6/100
|
|-damage|p1a: Tyranitar|22/100 brn|[from] brn
|upkeep
|turn|12
|
|t:|1759012980
|move|p2a: Weezing|Pain Split|p1a: Tyranitar
|-sethp|p1a: Tyranitar|13/100 brn|[from] move: Pain Split|[silent]
|-sethp|p2a: Weezing|16/100|[from] move: Pain Split
|move|p1a: Tyranitar|Ice Beam|p2a: Weezing
|-damage|p2a: Weezing|0 fnt
|faint|p2a: Weezing
|-end|p2a: Weezing|ability: Neutralizing Gas
|-weather|Sandstorm|[from] ability: Sand Stream|[of] p1a: Tyranitar
|
|-weather|Sandstorm|[upkeep]
|-damage|p1a: Tyranitar|7/100 brn|[from] brn
|upkeep
|
|t:|1759012983
|switch|p2a: Landorus|Landorus-Therian, M|81/100
|-ability|p2a: Landorus|Intimidate|boost
|-unboost|p1a: Tyranitar|atk|1
|turn|13
|
|t:|1759012987
|switch|p1a: Zamazenta|Zamazenta|89/100
|move|p2a: Landorus|Stealth Rock|p1a: Zamazenta
|-sidestart|p1: patio fence|move: Stealth Rock
|
|-weather|Sandstorm|[upkeep]
|-damage|p1a: Zamazenta|83/100|[from] Sandstorm
|-heal|p1a: Zamazenta|89/100|[from] item: Leftovers
|upkeep
|turn|14
|
|t:|1759013003
|switch|p2a: Kingambit|Kingambit, F|100/100
|-activate|p2a: Kingambit|ability: Supreme Overlord
|-start|p2a: Kingambit|fallen2|[silent]
|move|p1a: Zamazenta|Crunch|p2a: Kingambit
|-resisted|p2a: Kingambit
|-damage|p2a: Kingambit|91/100
|
|-weather|Sandstorm|[upkeep]
|-damage|p1a: Zamazenta|83/100|[from] Sandstorm
|-heal|p1a: Zamazenta|89/100|[from] item: Leftovers
|upkeep
|turn|15
|
|t:|1759013010
|move|p2a: Kingambit|Sucker Punch|p1a: Zamazenta
|-resisted|p1a: Zamazenta
|-crit|p1a: Zamazenta
|-damage|p1a: Zamazenta|62/100
|move|p1a: Zamazenta|Heavy Slam|p2a: Kingambit
|-resisted|p2a: Kingambit
|-damage|p2a: Kingambit|86/100
|
|-weather|Sandstorm|[upkeep]
|-damage|p1a: Zamazenta|56/100|[from] Sandstorm
|-heal|p1a: Zamazenta|62/100|[from] item: Leftovers
|upkeep
|turn|16
|
|t:|1759013014
|move|p2a: Kingambit|Sucker Punch||[still]
|-fail|p2a: Kingambit
|move|p1a: Zamazenta|Iron Defense|p1a: Zamazenta
|-boost|p1a: Zamazenta|def|2
|
|-weather|Sandstorm|[upkeep]
|-damage|p1a: Zamazenta|56/100|[from] Sandstorm
|-heal|p1a: Zamazenta|62/100|[from] item: Leftovers
|upkeep
|turn|17
|
|t:|1759013016
|move|p1a: Zamazenta|Body Press|p2a: Kingambit
|-supereffective|p2a: Kingambit
|-damage|p2a: Kingambit|0 fnt
|faint|p2a: Kingambit
|-end|p2a: Kingambit|fallen2|[silent]
|
|-weather|Sandstorm|[upkeep]
|-damage|p1a: Zamazenta|56/100|[from] Sandstorm
|-heal|p1a: Zamazenta|62/100|[from] item: Leftovers
|upkeep
|
|t:|1759013021
|switch|p2a: Enamorus|Enamorus, F|94/100
|turn|18
|
|t:|1759013031
|switch|p1a: Heatran|Heatran, M|89/100
|-damage|p1a: Heatran|77/100|[from] Stealth Rock
|move|p2a: Enamorus|Moonblast|p1a: Heatran
|-resisted|p1a: Heatran
|-damage|p1a: Heatran|67/100
|
|-weather|Sandstorm|[upkeep]
|-damage|p2a: Enamorus|88/100|[from] Sandstorm
|-heal|p1a: Heatran|73/100|[from] item: Leftovers
|upkeep
|turn|19
|
|t:|1759013046
|switch|p2a: Landorus|Landorus-Therian, M|81/100
|-ability|p2a: Landorus|Intimidate|boost
|-unboost|p1a: Heatran|atk|1
|move|p1a: Heatran|Magma Storm|p2a: Landorus
|-damage|p2a: Landorus|37/100
|-activate|p2a: Landorus|move: Magma Storm|[of] p1a: Heatran
|
|-weather|none
|-heal|p1a: Heatran|80/100|[from] item: Leftovers
|-damage|p2a: Landorus|25/100|[from] move: Magma Storm|[partiallytrapped]
|upkeep
|turn|20
|
|t:|1759013053
|move|p1a: Heatran|Protect|p1a: Heatran
|-singleturn|p1a: Heatran|Protect
|move|p2a: Landorus|Earthquake|p1a: Heatran
|-activate|p1a: Heatran|move: Protect
|
|-heal|p1a: Heatran|86/100|[from] item: Leftovers
|-damage|p2a: Landorus|12/100|[from] move: Magma Storm|[partiallytrapped]
|upkeep
|turn|21
|
|t:|1759013063
|move|p1a: Heatran|Protect|p1a: Heatran
|-singleturn|p1a: Heatran|Protect
|move|p2a: Landorus|Earthquake|p1a: Heatran
|-activate|p1a: Heatran|move: Protect
|
|-heal|p1a: Heatran|92/100|[from] item: Leftovers
|-damage|p2a: Landorus|0 fnt|[from] move: Magma Storm|[partiallytrapped]
|faint|p2a: Landorus
|upkeep
|j| Nikator98
|
|t:|1759013066
|switch|p2a: Kyurem|Kyurem|100/100
|-ability|p2a: Kyurem|Pressure
|turn|22
|l| Nikator98
|
|t:|1759013090
|move|p2a: Kyurem|Dragon Dance|p2a: Kyurem
|-boost|p2a: Kyurem|atk|1
|-boost|p2a: Kyurem|spe|1
|move|p1a: Heatran|Magma Storm|p2a: Kyurem|[miss]
|-miss|p1a: Heatran|p2a: Kyurem
|
|-heal|p1a: Heatran|98/100|[from] item: Leftovers
|upkeep
|turn|23
|
|t:|1759013096
|move|p2a: Kyurem|Earth Power|p1a: Heatran
|-supereffective|p1a: Heatran
|-damage|p1a: Heatran|16/100
|move|p1a: Heatran|Magma Storm|p2a: Kyurem
|-damage|p2a: Kyurem|52/100
|-activate|p2a: Kyurem|move: Magma Storm|[of] p1a: Heatran
|
|-heal|p1a: Heatran|23/100|[from] item: Leftovers
|-damage|p2a: Kyurem|40/100|[from] move: Magma Storm|[partiallytrapped]
|upkeep
|turn|24
|
|t:|1759013104
|move|p1a: Heatran|Protect|p1a: Heatran
|-singleturn|p1a: Heatran|Protect
|move|p2a: Kyurem|Earth Power|p1a: Heatran
|-activate|p1a: Heatran|move: Protect
|
|-heal|p1a: Heatran|29/100|[from] item: Leftovers
|-damage|p2a: Kyurem|27/100|[from] move: Magma Storm|[partiallytrapped]
|upkeep
|turn|25
|inactive|patio fence has 120 seconds left.
|
|t:|1759013150
|switch|p1a: Zamazenta|Zamazenta|62/100
|-damage|p1a: Zamazenta|56/100|[from] Stealth Rock
|move|p2a: Kyurem|Earth Power|p1a: Zamazenta
|-damage|p1a: Zamazenta|29/100
|
|-heal|p1a: Zamazenta|35/100|[from] item: Leftovers
|-end|p2a: Kyurem|Magma Storm|[partiallytrapped]|[silent]
|upkeep
|turn|26
|
|t:|1759013156
|move|p2a: Kyurem|Icicle Spear|p1a: Zamazenta
|-damage|p1a: Zamazenta|22/100
|-damage|p1a: Zamazenta|8/100
|-damage|p1a: Zamazenta|0 fnt
|faint|p1a: Zamazenta
|-hitcount|p1: Zamazenta|3
|
|upkeep
|
|t:|1759013158
|switch|p1a: Excadrill|Excadrill, M|100/100
|-damage|p1a: Excadrill|97/100|[from] Stealth Rock
|turn|27
|
|t:|1759013160
|move|p2a: Kyurem|Icicle Spear|p1a: Excadrill
|-damage|p1a: Excadrill|71/100
|-crit|p1a: Excadrill
|-damage|p1a: Excadrill|34/100
|-crit|p1a: Excadrill
|-damage|p1a: Excadrill|0 fnt
|faint|p1a: Excadrill
|-hitcount|p1: Excadrill|3
|
|upkeep
|-message|patio fence forfeited.
|
|win|Ladder historian
|raw|patio fence's rating: 1816 &rarr; <strong>1795</strong><br />(-21 for losing)
|raw|Ladder historian's rating: 1801 &rarr; <strong>1822</strong><br />(+21 for winning)
|l|☆patio fence
|player|p1|
|l|☆Ladder historian
|player|p2|
|j| larp legion
