|j|☆Guerrero105
|j|☆kingjot
|t:|1758940034
|gametype|singles
|player|p1|Guerrero105|lucas-gen4pt|1532
|player|p2|kingjot|caitlin|1498
|gen|9
|tier|[Gen 9] OU
|rated|
|rule|HP Percentage Mod: HP is shown in percentages
|rule|Endless Battle Clause: Forcing endless battles is banned
|rule|Species Clause: Limit one of each Pokémon
|rule|OHKO Clause: OHKO moves are banned
|rule|Evasion Items Clause: Evasion items are banned
|rule|Evasion Moves Clause: Evasion moves are banned
|rule|Evasion Abilities Clause: Evasion abilities are banned
|rule|Sleep Moves Clause: Sleep-inducing moves are banned
|clearpoke
|poke|p1|Garchomp, M|
|poke|p1|Corviknight, M|
|poke|p1|Clefable, F|
|poke|p1|Galvantula, M|
|poke|p1|Incineroar, M|
|poke|p1|Serperior, M|
|poke|p2|Dragapult, M|
|poke|p2|Thundurus-Therian, M|
|poke|p2|Zamazenta-*|
|poke|p2|Great Tusk|
|poke|p2|Corviknight, F|
|poke|p2|Slowking-Galar, M|
|teampreview
|inactive|Battle timer is ON: inactive players will automatically lose when time's up. (requested by Guerrero105)
|
|t:|1758940043
|teamsize|p1|6
|teamsize|p2|6
|start
|switch|p1a: Incineroar|Incineroar, M|100/100
|switch|p2a: Thundurus|Thundurus-Therian, M|100/100
|-ability|p1a: Incineroar|Intimidate|boost
|-unboost|p2a: Thundurus|atk|1
|turn|1
|
|t:|1758940050
|-terastallize|p2a: Thundurus|Flying
|move|p2a: Thundurus|Tera Blast|p1a: Incineroar|[anim] Tera Blast Flying
|-damage|p1a: Incineroar|24/100
|move|p1a: Incineroar|Knock Off|p2a: Thundurus
|-damage|p2a: Thundurus|46/100
|-enditem|p2a: Thundurus|Choice Specs|[from] move: Knock Off|[of] p1a: Incineroar
|
|-heal|p1a: Incineroar|30/100|[from] item: Leftovers
|upkeep
|turn|2
|
|t:|1758940060
|switch|p1a: Clefable|Clefable, F|100/100
|move|p2a: Thundurus|Tera Blast|p1a: Clefable|[anim] Tera Blast Flying
|-damage|p1a: Clefable|51/100
|
|-heal|p1a: Clefable|57/100|[from] item: Leftovers
|upkeep
|turn|3
|inactive|Guerrero105 has 120 seconds left.
|
|t:|1758940093
|move|p2a: Thundurus|Tera Blast|p1a: Clefable|[anim] Tera Blast Flying
|-damage|p1a: Clefable|10/100
|move|p1a: Clefable|Stealth Rock|p2a: Thundurus
|-sidestart|p2: kingjot|move: Stealth Rock
|
|-heal|p1a: Clefable|16/100|[from] item: Leftovers
|upkeep
|turn|4
|
|t:|1758940099
|move|p2a: Thundurus|Tera Blast|p1a: Clefable|[anim] Tera Blast Flying
|-damage|p1a: Clefable|0 fnt
|faint|p1a: Clefable
|
|upkeep
|
|t:|1758940105
|switch|p1a: Garchomp|Garchomp, M|100/100
|turn|5
|
|t:|1758940109
|move|p1a: Garchomp|Scale Shot|p2a: Thundurus
|-damage|p2a: Thundurus|25/100
|-damage|p2a: Thundurus|5/100
|-damage|p2a: Thundurus|0 fnt
|faint|p2a: Thundurus
|-hitcount|p2: Thundurus|3
|-unboost|p1a: Garchomp|def|1
|-boost|p1a: Garchomp|spe|1
|
|upkeep
|
|t:|1758940113
|switch|p2a: Zamazenta|Zamazenta|100/100
|-damage|p2a: Zamazenta|94/100|[from] Stealth Rock
|-ability|p2a: Zamazenta|Dauntless Shield|boost
|-boost|p2a: Zamazenta|def|1
|turn|6
|
|t:|1758940126
|switch|p1a: Incineroar|Incineroar, M|30/100
|-ability|p1a: Incineroar|Intimidate|boost
|-unboost|p2a: Zamazenta|atk|1
|move|p2a: Zamazenta|Iron Defense|p2a: Zamazenta
|-boost|p2a: Zamazenta|def|2
|
|-heal|p2a: Zamazenta|100/100|[from] item: Leftovers
|-heal|p1a: Incineroar|36/100|[from] item: Leftovers
|upkeep
|turn|7
|
|t:|1758940133
|-terastallize|p1a: Incineroar|Ghost
|move|p2a: Zamazenta|Body Press|p1a: Incineroar
|-immune|p1a: Incineroar
|move|p1a: Incineroar|Will-O-Wisp|p2a: Zamazenta
|-status|p2a: Zamazenta|brn
|
|-heal|p1a: Incineroar|42/100|[from] item: Leftovers
|-damage|p2a: Zamazenta|94/100 brn|[from] brn
|upkeep
|turn|8
|
|t:|1758940155
|move|p2a: Zamazenta|Iron Defense|p2a: Zamazenta
|-boost|p2a: Zamazenta|def|2
|move|p1a: Incineroar|Knock Off|p2a: Zamazenta
|-resisted|p2a: Zamazenta
|-damage|p2a: Zamazenta|90/100 brn
|-enditem|p2a: Zamazenta|Leftovers|[from] move: Knock Off|[of] p1a: Incineroar
|
|-heal|p1a: Incineroar|49/100|[from] item: Leftovers
|-damage|p2a: Zamazenta|84/100 brn|[from] brn
|upkeep
|turn|9
|
|t:|1758940158
|move|p2a: Zamazenta|Crunch|p1a: Incineroar
|-supereffective|p1a: Incineroar
|-damage|p1a: Incineroar|37/100
|move|p1a: Incineroar|Parting Shot|p2a: Zamazenta
|-unboost|p2a: Zamazenta|atk|1
|-unboost|p2a: Zamazenta|spa|1
|
|t:|1758940172
|switch|p1a: Galvantula|Galvantula, M|100/100|[from] Parting Shot
|
|-damage|p2a: Zamazenta|78/100 brn|[from] brn
|upkeep
|turn|10
|
|t:|1758940179
|move|p2a: Zamazenta|Body Press|p1a: Galvantula
|-resisted|p1a: Galvantula
|-damage|p1a: Galvantula|44/100
|move|p1a: Galvantula|Sticky Web|p2a: Zamazenta
|-sidestart|p2: kingjot|move: Sticky Web
|
|-damage|p2a: Zamazenta|72/100 brn|[from] brn
|upkeep
|turn|11
|
|t:|1758940182
|switch|p1a: Incineroar|Incineroar, M, tera:Ghost|37/100
|-ability|p1a: Incineroar|Intimidate|boost
|-unboost|p2a: Zamazenta|atk|1
|move|p2a: Zamazenta|Body Press|p1a: Incineroar
|-immune|p1a: Incineroar
|
|-heal|p1a: Incineroar|43/100|[from] item: Leftovers
|-damage|p2a: Zamazenta|65/100 brn|[from] brn
|upkeep
|turn|12
|
|t:|1758940191
|move|p2a: Zamazenta|Crunch|p1a: Incineroar
|-supereffective|p1a: Incineroar
|-damage|p1a: Incineroar|35/100
|move|p1a: Incineroar|Parting Shot|p2a: Zamazenta
|-unboost|p2a: Zamazenta|atk|1
|-unboost|p2a: Zamazenta|spa|1
|
|t:|1758940197
|switch|p1a: Serperior|Serperior, M|100/100|[from] Parting Shot
|
|-damage|p2a: Zamazenta|59/100 brn|[from] brn
|upkeep
|turn|13
|
|t:|1758940203
|switch|p1a: Incineroar|Incineroar, M, tera:Ghost|35/100
|-ability|p1a: Incineroar|Intimidate|boost
|-unboost|p2a: Zamazenta|atk|1
|move|p2a: Zamazenta|Body Press|p1a: Incineroar
|-immune|p1a: Incineroar
|
|-heal|p1a: Incineroar|41/100|[from] item: Leftovers
|-damage|p2a: Zamazenta|53/100 brn|[from] brn
|upkeep
|turn|14
|
|t:|1758940221
|move|p2a: Zamazenta|Crunch|p1a: Incineroar
|-supereffective|p1a: Incineroar
|-damage|p1a: Incineroar|36/100
|move|p1a: Incineroar|Parting Shot|p2a: Zamazenta
|-unboost|p2a: Zamazenta|atk|1
|-unboost|p2a: Zamazenta|spa|1
|
|t:|1758940233
|switch|p1a: Corviknight|Corviknight, M|100/100|[from] Parting Shot
|-ability|p1a: Corviknight|Pressure
|
|-damage|p2a: Zamazenta|47/100 brn|[from] brn
|upkeep
|turn|15
|
|t:|1758940237
|move|p2a: Zamazenta|Body Press|p1a: Corviknight
|-damage|p1a: Corviknight|58/100
|-damage|p2a: Zamazenta|30/100 brn|[from] item: Rocky Helmet|[of] p1a: Corviknight
|move|p1a: Corviknight|Iron Defense|p1a: Corviknight
|-boost|p1a: Corviknight|def|2
|
|-damage|p2a: Zamazenta|24/100 brn|[from] brn
|upkeep
|turn|16
|
|t:|1758940246
|move|p1a: Corviknight|Roost|p1a: Corviknight
|-heal|p1a: Corviknight|100/100
|-singleturn|p1a: Corviknight|move: Roost
|move|p2a: Zamazenta|Roar|p1a: Corviknight
|drag|p1a: Serperior|Serperior, M|100/100
|
|-damage|p2a: Zamazenta|18/100 brn|[from] brn
|upkeep
|turn|17
|
|t:|1758940261
|switch|p1a: Incineroar|Incineroar, M, tera:Ghost|36/100
|-ability|p1a: Incineroar|Intimidate|boost
|-unboost|p2a: Zamazenta|atk|0
|move|p2a: Zamazenta|Body Press|p1a: Incineroar
|-immune|p1a: Incineroar
|
|-heal|p1a: Incineroar|42/100|[from] item: Leftovers
|-damage|p2a: Zamazenta|12/100 brn|[from] brn
|upkeep
|turn|18
|
|t:|1758940267
|move|p2a: Zamazenta|Crunch|p1a: Incineroar
|-supereffective|p1a: Incineroar
|-damage|p1a: Incineroar|38/100
|move|p1a: Incineroar|Parting Shot|p2a: Zamazenta
|-unboost|p2a: Zamazenta|atk|0
|-unboost|p2a: Zamazenta|spa|1
|
|t:|1758940277
|switch|p1a: Corviknight|Corviknight, M|100/100|[from] Parting Shot
|-ability|p1a: Corviknight|Pressure
|
|-damage|p2a: Zamazenta|6/100 brn|[from] brn
|upkeep
|turn|19
|
|t:|1758940281
|move|p2a: Zamazenta|Body Press|p1a: Corviknight
|-damage|p1a: Corviknight|57/100
|-damage|p2a: Zamazenta|0 fnt|[from] item: Rocky Helmet|[of] p1a: Corviknight
|faint|p2a: Zamazenta
|move|p1a: Corviknight|Roost|p1a: Corviknight
|-heal|p1a: Corviknight|100/100
|-singleturn|p1a: Corviknight|move: Roost
|
|upkeep
|
|t:|1758940288
|switch|p2a: Great Tusk|Great Tusk|100/100
|-damage|p2a: Great Tusk|98/100|[from] Stealth Rock
|-activate|p2a: Great Tusk|move: Sticky Web
|-unboost|p2a: Great Tusk|spe|1
|turn|20
|
|t:|1758940293
|switch|p1a: Incineroar|Incineroar, M, tera:Ghost|38/100
|-ability|p1a: Incineroar|Intimidate|boost
|-unboost|p2a: Great Tusk|atk|1
|move|p2a: Great Tusk|Rapid Spin|p1a: Incineroar
|-immune|p1a: Incineroar
|
|-heal|p1a: Incineroar|44/100|[from] item: Leftovers
|-heal|p2a: Great Tusk|100/100|[from] item: Leftovers
|upkeep
|turn|21
|
|t:|1758940298
|move|p1a: Incineroar|Will-O-Wisp|p2a: Great Tusk
|-status|p2a: Great Tusk|brn
|move|p2a: Great Tusk|Knock Off|p1a: Incineroar
|-supereffective|p1a: Incineroar
|-damage|p1a: Incineroar|29/100
|-enditem|p1a: Incineroar|Leftovers|[from] move: Knock Off|[of] p2a: Great Tusk
|
|-damage|p2a: Great Tusk|94/100 brn|[from] brn
|upkeep
|turn|22
|
|t:|1758940306
|move|p1a: Incineroar|Knock Off|p2a: Great Tusk
|-resisted|p2a: Great Tusk
|-damage|p2a: Great Tusk|81/100 brn
|-enditem|p2a: Great Tusk|Leftovers|[from] move: Knock Off|[of] p1a: Incineroar
|move|p2a: Great Tusk|Stealth Rock|p1a: Incineroar
|-sidestart|p1: Guerrero105|move: Stealth Rock
|
|-damage|p2a: Great Tusk|75/100 brn|[from] brn
|upkeep
|turn|23
|
|t:|1758940314
|move|p1a: Incineroar|Flare Blitz|p2a: Great Tusk
|-damage|p2a: Great Tusk|46/100 brn
|-damage|p1a: Incineroar|17/100|[from] Recoil
|move|p2a: Great Tusk|Knock Off|p1a: Incineroar
|-supereffective|p1a: Incineroar
|-crit|p1a: Incineroar
|-damage|p1a: Incineroar|0 fnt
|faint|p1a: Incineroar
|
|-damage|p2a: Great Tusk|40/100 brn|[from] brn
|upkeep
|
|t:|1758940321
|switch|p1a: Serperior|Serperior, M|100/100
|-damage|p1a: Serperior|88/100|[from] Stealth Rock
|turn|24
|
|t:|1758940324
|move|p1a: Serperior|Leaf Storm|p2a: Great Tusk
|-supereffective|p2a: Great Tusk
|-damage|p2a: Great Tusk|0 fnt
|-boost|p1a: Serperior|spa|2
|faint|p2a: Great Tusk
|-end|p2a: Great Tusk|Protosynthesis|[silent]
|
|upkeep
|
|t:|1758940334
|switch|p2a: Dragapult|Dragapult, M|100/100
|-damage|p2a: Dragapult|88/100|[from] Stealth Rock
|-activate|p2a: Dragapult|move: Sticky Web
|-fail|p2a: Dragapult|unboost|[from] ability: Clear Body|[of] p2a: Dragapult
|turn|25
|
|t:|1758940338
|move|p2a: Dragapult|Dragon Darts|p1a: Serperior
|-damage|p1a: Serperior|47/100
|-anim|p2a: Dragapult|Dragon Darts|p1a: Serperior
|-damage|p1a: Serperior|3/100
|move|p1a: Serperior|Leaf Storm|p2a: Dragapult
|-resisted|p2a: Dragapult
|-damage|p2a: Dragapult|29/100
|-boost|p1a: Serperior|spa|2
|
|upkeep
|turn|26
|
|t:|1758940345
|move|p2a: Dragapult|Dragon Darts|p1a: Serperior
|-damage|p1a: Serperior|0 fnt
|faint|p1a: Serperior
|
|upkeep
|
|t:|1758940348
|switch|p1a: Corviknight|Corviknight, M|100/100
|-damage|p1a: Corviknight|88/100|[from] Stealth Rock
|-ability|p1a: Corviknight|Pressure
|turn|27
|
|t:|1758940354
|switch|p2a: Corviknight|Corviknight, F|100/100
|-damage|p2a: Corviknight|88/100|[from] Stealth Rock
|-ability|p2a: Corviknight|Pressure
|move|p1a: Corviknight|Roost|p1a: Corviknight
|-heal|p1a: Corviknight|100/100
|-singleturn|p1a: Corviknight|move: Roost
|
|-heal|p2a: Corviknight|94/100|[from] item: Leftovers
|upkeep
|turn|28
|
|t:|1758940359
|move|p1a: Corviknight|Defog|p2a: Corviknight
|-unboost|p2a: Corviknight|evasion|1
|-sideend|p2: kingjot|Stealth Rock|[from] move: Defog|[of] p1a: Corviknight
|-sideend|p2: kingjot|Sticky Web|[from] move: Defog|[of] p1a: Corviknight
|-sideend|p1: Guerrero105|Stealth Rock|[from] move: Defog|[of] p1a: Corviknight
|move|p2a: Corviknight|U-turn|p1a: Corviknight
|-resisted|p1a: Corviknight
|-damage|p1a: Corviknight|98/100
|-damage|p2a: Corviknight|78/100|[from] item: Rocky Helmet|[of] p1a: Corviknight
|
|t:|1758940370
|switch|p2a: Slowking|Slowking-Galar, M|100/100|[from] U-turn
|
|upkeep
|turn|29
|inactive|Guerrero105 has 120 seconds left.
|inactive|Guerrero105 has 90 seconds left.
|
|t:|1758940440
|move|p1a: Corviknight|Iron Defense|p1a: Corviknight
|-boost|p1a: Corviknight|def|2
|move|p2a: Slowking|Future Sight|p1a: Corviknight
|-start|p2a: Slowking|move: Future Sight
|
|upkeep
|turn|30
|
|t:|1758940446
|move|p1a: Corviknight|Iron Defense|p1a: Corviknight
|-boost|p1a: Corviknight|def|2
|move|p2a: Slowking|Thunder Wave|p1a: Corviknight
|-status|p1a: Corviknight|par
|
|upkeep
|turn|31
|inactive|Guerrero105 has 90 seconds left.
|
|t:|1758940462
|cant|p1a: Corviknight|par
|move|p2a: Slowking|Thunder Wave|p1a: Corviknight
|-fail|p1a: Corviknight|par
|
|-end|p1a: Corviknight|move: Future Sight
|-resisted|p1a: Corviknight
|-damage|p1a: Corviknight|73/100 par
|upkeep
|turn|32
|inactive|Guerrero105 has 90 seconds left.
|
|t:|1758940474
|move|p1a: Corviknight|Iron Defense|p1a: Corviknight
|-boost|p1a: Corviknight|def|2
|move|p2a: Slowking|Future Sight|p1a: Corviknight
|-start|p2a: Slowking|move: Future Sight
|
|upkeep
|turn|33
|inactive|Guerrero105 has 90 seconds left.
|
|t:|1758940497
|switch|p2a: Corviknight|Corviknight, F|78/100
|-ability|p2a: Corviknight|Pressure
|move|p1a: Corviknight|Defog|p2a: Corviknight
|-unboost|p2a: Corviknight|evasion|1
|
|-heal|p2a: Corviknight|84/100|[from] item: Leftovers
|upkeep
|turn|34
|
|t:|1758940513
|switch|p2a: Slowking|Slowking-Galar, M|100/100
|switch|p1a: Galvantula|Galvantula, M|44/100
|
|-end|p1a: Galvantula|move: Future Sight
|-damage|p1a: Galvantula|0 fnt
|faint|p1a: Galvantula
|upkeep
|
|t:|1758940528
|switch|p1a: Garchomp|Garchomp, M|100/100
|turn|35
|
|t:|1758940537
|switch|p2a: Corviknight|Corviknight, F|84/100
|-ability|p2a: Corviknight|Pressure
|move|p1a: Garchomp|Swords Dance|p1a: Garchomp
|-boost|p1a: Garchomp|atk|2
|
|-heal|p2a: Corviknight|90/100|[from] item: Leftovers
|upkeep
|turn|36
|
|t:|1758940541
|move|p1a: Garchomp|Liquidation|p2a: Corviknight
|-damage|p2a: Corviknight|52/100
|move|p2a: Corviknight|Brave Bird|p1a: Garchomp
|-damage|p1a: Garchomp|65/100
|-damage|p2a: Corviknight|40/100|[from] ability: Rough Skin|[of] p1a: Garchomp
|-damage|p2a: Corviknight|30/100|[from] Recoil
|
|-heal|p2a: Corviknight|36/100|[from] item: Leftovers
|upkeep
|turn|37
|inactive|Guerrero105 has 90 seconds left.
|
|t:|1758940563
|switch|p2a: Slowking|Slowking-Galar, M|100/100
|move|p1a: Garchomp|Scale Shot|p2a: Slowking
|-crit|p2a: Slowking
|-damage|p2a: Slowking|59/100
|-damage|p2a: Slowking|34/100
|-damage|p2a: Slowking|4/100
|-damage|p2a: Slowking|0 fnt
|faint|p2a: Slowking
|-hitcount|p2: Slowking|4
|-unboost|p1a: Garchomp|def|1
|-boost|p1a: Garchomp|spe|1
|
|upkeep
|
|t:|1758940577
|switch|p2a: Corviknight|Corviknight, F|36/100
|-ability|p2a: Corviknight|Pressure
|turn|38
|
|t:|1758940585
|move|p1a: Garchomp|Liquidation|p2a: Corviknight
|-damage|p2a: Corviknight|2/100
|move|p2a: Corviknight|Brave Bird|p1a: Garchomp
|-damage|p1a: Garchomp|11/100
|-damage|p2a: Corviknight|0 fnt|[from] ability: Rough Skin|[of] p1a: Garchomp
|faint|p2a: Corviknight
|
|upkeep
|
|t:|1758940588
|switch|p2a: Dragapult|Dragapult, M|29/100
|turn|39
|
|t:|1758940591
|move|p1a: Garchomp|Earthquake|p2a: Dragapult
|-damage|p2a: Dragapult|0 fnt
|faint|p2a: Dragapult
|
|win|Guerrero105
|raw|Guerrero105's rating: 1532 &rarr; <strong>1550</strong><br />(+18 for winning)
|raw|kingjot's rating: 1498 &rarr; <strong>1480</strong><br />(-18 for losing)
|l|☆kingjot
|player|p2|
|l|☆Guerrero105
|player|p1|
