|j|☆webigaza
|j|☆Markuss205
|t:|1758961400
|gametype|singles
|player|p1|webigaza|skierf-gen4dp|1155
|player|p2|Markuss205|volkner|1142
|gen|9
|tier|[Gen 9] OU
|rated|
|rule|HP Percentage Mod: HP is shown in percentages
|rule|Endless Battle Clause: Forcing endless battles is banned
|rule|Species Clause: Limit one of each Pokémon
|rule|OHKO Clause: OHKO moves are banned
|rule|Evasion Items Clause: Evasion items are banned
|rule|Evasion Moves Clause: Evasion moves are banned
|rule|Evasion Abilities Clause: Evasion abilities are banned
|rule|Sleep Moves Clause: Sleep-inducing moves are banned
|clearpoke
|poke|p1|Arcanine-Hisui, M|
|poke|p1|Vileplume, M|
|poke|p1|Ogerpon-Wellspring, F|
|poke|p1|Great Tusk|
|poke|p1|Gholdengo|
|poke|p1|Moltres-Galar|
|poke|p2|Infernape, M|
|poke|p2|Empoleon, M|
|poke|p2|Torterra, M|
|poke|p2|Staraptor, M|
|poke|p2|Weavile, M|
|poke|p2|Gastrodon, F|
|teampreview
|
|t:|1758961428
|teamsize|p1|6
|teamsize|p2|6
|start
|switch|p1a: Moltres|Moltres-Galar|100/100
|switch|p2a: Staraptor|Staraptor, M|100/100
|turn|1
|inactive|Battle timer is ON: inactive players will automatically lose when time's up. (requested by webigaza)
|
|t:|1758961477
|switch|p1a: Arcanine|Arcanine-Hisui, M|100/100
|-terastallize|p2a: Staraptor|Flying
|move|p2a: Staraptor|Brave Bird|p1a: Arcanine
|-resisted|p1a: Arcanine
|-damage|p1a: Arcanine|32/100
|-damage|p2a: Staraptor|76/100|[from] Recoil
|
|upkeep
|turn|2
|
|t:|1758961497
|switch|p2a: Empoleon|Empoleon, M|100/100
|-terastallize|p1a: Arcanine|Normal
|move|p1a: Arcanine|Extreme Speed|p2a: Empoleon
|-resisted|p2a: Empoleon
|-damage|p2a: Empoleon|82/100
|
|-heal|p2a: Empoleon|88/100|[from] item: Leftovers
|upkeep
|turn|3
|
|t:|1758961512
|switch|p1a: Gholdengo|Gholdengo|100/100
|move|p2a: Empoleon|Air Slash|p1a: Gholdengo
|-resisted|p1a: Gholdengo
|-damage|p1a: Gholdengo|90/100
|
|-heal|p2a: Empoleon|94/100|[from] item: Leftovers
|upkeep
|turn|4
|
|t:|1758961521
|move|p1a: Gholdengo|Focus Blast|p2a: Empoleon|[miss]
|-miss|p1a: Gholdengo|p2a: Empoleon
|move|p2a: Empoleon|Surf|p1a: Gholdengo
|-damage|p1a: Gholdengo|48/100
|
|-heal|p2a: Empoleon|100/100|[from] item: Leftovers
|upkeep
|turn|5
|
|t:|1758961528
|move|p1a: Gholdengo|Focus Blast|p2a: Empoleon
|-supereffective|p2a: Empoleon
|-damage|p2a: Empoleon|42/100
|move|p2a: Empoleon|Surf|p1a: Gholdengo
|-damage|p1a: Gholdengo|10/100
|
|-heal|p2a: Empoleon|48/100|[from] item: Leftovers
|upkeep
|turn|6
|
|t:|1758961535
|move|p1a: Gholdengo|Focus Blast|p2a: Empoleon|[miss]
|-miss|p1a: Gholdengo|p2a: Empoleon
|move|p2a: Empoleon|Surf|p1a: Gholdengo
|-damage|p1a: Gholdengo|0 fnt
|faint|p1a: Gholdengo
|
|-heal|p2a: Empoleon|54/100|[from] item: Leftovers
|upkeep
|
|t:|1758961540
|switch|p1a: Great Tusk|Great Tusk|100/100
|turn|7
|
|t:|1758961546
|move|p1a: Great Tusk|Headlong Rush|p2a: Empoleon
|-supereffective|p2a: Empoleon
|-damage|p2a: Empoleon|0 fnt
|-unboost|p1a: Great Tusk|def|1
|-unboost|p1a: Great Tusk|spd|1
|faint|p2a: Empoleon
|
|upkeep
|
|t:|1758961549
|switch|p2a: Staraptor|Staraptor, M, tera:Flying|76/100
|turn|8
|
|t:|1758961554
|move|p2a: Staraptor|Brave Bird|p1a: Great Tusk
|-supereffective|p1a: Great Tusk
|-damage|p1a: Great Tusk|0 fnt
|faint|p1a: Great Tusk
|-end|p1a: Great Tusk|Protosynthesis|[silent]
|-damage|p2a: Staraptor|31/100|[from] Recoil
|
|upkeep
|
|t:|1758961557
|switch|p1a: Arcanine|Arcanine-Hisui, M, tera:Normal|32/100
|turn|9
|
|t:|1758961562
|switch|p2a: Infernape|Infernape, M|100/100
|move|p1a: Arcanine|Head Smash|p2a: Infernape
|-damage|p2a: Infernape|0 fnt
|faint|p2a: Infernape
|
|upkeep
|
|t:|1758961568
|switch|p2a: Weavile|Weavile, M|100/100
|turn|10
|
|t:|1758961580
|switch|p1a: Moltres|Moltres-Galar|100/100
|move|p2a: Weavile|Knock Off|p1a: Moltres
|-resisted|p1a: Moltres
|-damage|p1a: Moltres|75/100
|-enditem|p1a: Moltres|Leftovers|[from] move: Knock Off|[of] p2a: Weavile
|
|upkeep
|turn|11
|
|t:|1758961609
|switch|p1a: Vileplume|Vileplume, M, shiny|100/100
|move|p2a: Weavile|Swords Dance|p2a: Weavile
|-boost|p2a: Weavile|atk|2
|
|upkeep
|turn|12
|
|t:|1758961616
|move|p2a: Weavile|Ice Punch|p1a: Vileplume
|-supereffective|p1a: Vileplume
|-damage|p1a: Vileplume|0 fnt
|-damage|p2a: Weavile|84/100|[from] item: Rocky Helmet|[of] p1a: Vileplume
|-status|p2a: Weavile|par|[from] ability: Effect Spore|[of] p1a: Vileplume
|faint|p1a: Vileplume
|
|upkeep
|
|t:|1758961628
|switch|p1a: Arcanine|Arcanine-Hisui, M, tera:Normal|32/100
|turn|13
|
|t:|1758961630
|cant|p2a: Weavile|par
|move|p1a: Arcanine|Flare Blitz|p2a: Weavile
|-supereffective|p2a: Weavile
|-damage|p2a: Weavile|0 fnt
|faint|p2a: Weavile
|
|upkeep
|
|t:|1758961638
|switch|p2a: Gastrodon|Gastrodon, F|100/100
|turn|14
|
|t:|1758961647
|switch|p1a: Ogerpon|Ogerpon-Wellspring, F|100/100
|move|p2a: Gastrodon|Ice Beam|p1a: Ogerpon
|-damage|p1a: Ogerpon|70/100
|
|upkeep
|turn|15
|
|t:|1758961660
|move|p1a: Ogerpon|U-turn|p2a: Gastrodon
|-damage|p2a: Gastrodon|71/100
|
|t:|1758961663
|switch|p1a: Moltres|Moltres-Galar|75/100|[from] U-turn
|move|p2a: Gastrodon|Ice Beam|p1a: Moltres
|-supereffective|p1a: Moltres
|-damage|p1a: Moltres|47/100
|-ability|p1a: Moltres|Berserk|boost
|-boost|p1a: Moltres|spa|1
|
|-heal|p2a: Gastrodon|77/100|[from] item: Leftovers
|upkeep
|turn|16
|
|t:|1758961671
|move|p1a: Moltres|Hurricane|p2a: Gastrodon
|-damage|p2a: Gastrodon|25/100
|move|p2a: Gastrodon|Ice Beam|p1a: Moltres
|-supereffective|p1a: Moltres
|-damage|p1a: Moltres|16/100
|
|-heal|p2a: Gastrodon|31/100|[from] item: Leftovers
|upkeep
|turn|17
|
|t:|1758961677
|move|p1a: Moltres|Fiery Wrath|p2a: Gastrodon
|-damage|p2a: Gastrodon|0 fnt
|faint|p2a: Gastrodon
|
|upkeep
|
|t:|1758961681
|switch|p2a: Torterra|Torterra, M|100/100
|turn|18
|
|t:|1758961684
|move|p1a: Moltres|Taunt|p2a: Torterra
|-start|p2a: Torterra|move: Taunt
|cant|p2a: Torterra|move: Taunt|Shell Smash
|
|upkeep
|turn|19
|
|t:|1758961689
|move|p1a: Moltres|Hurricane|p2a: Torterra
|-supereffective|p2a: Torterra
|-damage|p2a: Torterra|0 fnt
|faint|p2a: Torterra
|
|upkeep
|
|t:|1758961691
|switch|p2a: Staraptor|Staraptor, M, tera:Flying|31/100
|turn|20
|
|t:|1758961694
|move|p2a: Staraptor|Brave Bird|p1a: Moltres
|-damage|p1a: Moltres|0 fnt
|faint|p1a: Moltres
|-damage|p2a: Staraptor|24/100|[from] Recoil
|
|upkeep
|
|t:|1758961700
|switch|p1a: Ogerpon|Ogerpon-Wellspring, F|70/100
|turn|21
|
|t:|1758961701
|move|p2a: Staraptor|Brave Bird|p1a: Ogerpon
|-supereffective|p1a: Ogerpon
|-damage|p1a: Ogerpon|0 fnt
|faint|p1a: Ogerpon
|-damage|p2a: Staraptor|2/100|[from] Recoil
|
|upkeep
|
|t:|1758961705
|switch|p1a: Arcanine|Arcanine-Hisui, M, tera:Normal|32/100
|turn|22
|
|t:|1758961708
|move|p1a: Arcanine|Extreme Speed|p2a: Staraptor
|-damage|p2a: Staraptor|0 fnt
|faint|p2a: Staraptor
|
|win|webigaza
|raw|webigaza's rating: 1155 &rarr; <strong>1179</strong><br />(+24 for winning)
|raw|Markuss205's rating: 1142 &rarr; <strong>1118</strong><br />(-24 for losing)
|l|☆webigaza
|player|p1|
|l|☆Markuss205
|player|p2|
