|j|☆moodrandom
|j|☆Shibuya Arc
|t:|1758976749
|gametype|singles
|player|p1|moodrandom|pokemonbreeder-gen4|1645
|player|p2|Shibuya Arc|265|1776
|gen|9
|tier|[Gen 9] OU
|rated|
|rule|HP Percentage Mod: HP is shown in percentages
|rule|Endless Battle Clause: Forcing endless battles is banned
|rule|Species Clause: Limit one of each Pokémon
|rule|OHKO Clause: OHKO moves are banned
|rule|Evasion Items Clause: Evasion items are banned
|rule|Evasion Moves Clause: Evasion moves are banned
|rule|Evasion Abilities Clause: Evasion abilities are banned
|rule|Sleep Moves Clause: Sleep-inducing moves are banned
|clearpoke
|poke|p1|Ursaluna, F|
|poke|p1|Alomomola, M|
|poke|p1|Meowscarada, F|
|poke|p1|Slowking-Galar, M|
|poke|p1|Iron Treads|
|poke|p1|Comfey, F|
|poke|p2|Dragapult, M|
|poke|p2|Dragonite, F|
|poke|p2|Ting-Lu|
|poke|p2|Weezing-Galar, F|
|poke|p2|Iron Crown|
|poke|p2|Zapdos|
|teampreview
|inactive|Battle timer is ON: inactive players will automatically lose when time's up. (requested by Shibuya Arc)
|
|t:|1758976761
|teamsize|p1|6
|teamsize|p2|6
|start
|switch|p1a: Meowscarada|Meowscarada, F|100/100
|switch|p2a: Iron Crown|Iron Crown|100/100
|turn|1
|
|t:|1758976768
|-terastallize|p2a: Iron Crown|Steel
|move|p1a: Meowscarada|Knock Off|p2a: Iron Crown
|-start|p1a: Meowscarada|typechange|Dark|[from] ability: Protean
|-damage|p2a: Iron Crown|52/100
|-enditem|p2a: Iron Crown|Choice Specs|[from] move: Knock Off|[of] p1a: Meowscarada
|move|p2a: Iron Crown|Tachyon Cutter|p1a: Meowscarada
|-damage|p1a: Meowscarada|45/100
|-damage|p1a: Meowscarada|0 fnt
|faint|p1a: Meowscarada
|-hitcount|p1: Meowscarada|2
|
|upkeep
|
|t:|1758976778
|switch|p1a: Slowking|Slowking-Galar, M|100/100
|turn|2
|
|t:|1758976784
|move|p2a: Iron Crown|Volt Switch|p1a: Slowking
|-damage|p1a: Slowking|86/100
|
|t:|1758976795
|-end|p2a: Iron Crown|Quark Drive|[silent]
|switch|p2a: Ting-Lu|Ting-Lu|100/100|[from] Volt Switch
|-ability|p2a: Ting-Lu|Vessel of Ruin
|move|p1a: Slowking|Future Sight|p2a: Ting-Lu
|-start|p1a: Slowking|move: Future Sight
|
|upkeep
|turn|3
|
|t:|1758976802
|-prepare|p1a: Slowking|Chilly Reception|[premajor]
|move|p1a: Slowking|Chilly Reception|p1a: Slowking
|-weather|Snowscape
|
|t:|1758976808
|switch|p1a: Comfey|Comfey, F|100/100|[from] Chilly Reception
|move|p2a: Ting-Lu|Whirlwind|p1a: Comfey
|drag|p1a: Alomomola|Alomomola, M|100/100
|
|-weather|Snowscape|[upkeep]
|upkeep
|turn|4
|
|t:|1758976814
|move|p2a: Ting-Lu|Ruination|p1a: Alomomola
|-damage|p1a: Alomomola|50/100
|move|p1a: Alomomola|Body Slam|p2a: Ting-Lu
|-damage|p2a: Ting-Lu|93/100
|
|-weather|Snowscape|[upkeep]
|-end|p2a: Ting-Lu|move: Future Sight
|-immune|p2a: Ting-Lu
|-heal|p2a: Ting-Lu|99/100|[from] item: Leftovers
|upkeep
|turn|5
|
|t:|1758976829
|move|p2a: Ting-Lu|Ruination|p1a: Alomomola
|-damage|p1a: Alomomola|25/100
|move|p1a: Alomomola|Flip Turn|p2a: Ting-Lu
|-supereffective|p2a: Ting-Lu
|-damage|p2a: Ting-Lu|82/100
|
|t:|1758976834
|switch|p1a: Ursaluna|Ursaluna, F|100/100|[from] Flip Turn
|
|-weather|Snowscape|[upkeep]
|-heal|p2a: Ting-Lu|88/100|[from] item: Leftovers
|-status|p1a: Ursaluna|brn|[from] item: Flame Orb
|upkeep
|turn|6
|
|t:|1758976841
|move|p1a: Ursaluna|Facade|p2a: Ting-Lu
|-damage|p2a: Ting-Lu|23/100
|move|p2a: Ting-Lu|Ruination|p1a: Ursaluna
|-damage|p1a: Ursaluna|51/100 brn
|
|-weather|Snowscape|[upkeep]
|-heal|p2a: Ting-Lu|29/100|[from] item: Leftovers
|-damage|p1a: Ursaluna|44/100 brn|[from] brn
|upkeep
|turn|7
|
|t:|1758976853
|switch|p1a: Alomomola|Alomomola, M|59/100
|switch|p2a: Dragonite|Dragonite, F|100/100
|
|-weather|none
|upkeep
|turn|8
|
|t:|1758976859
|move|p2a: Dragonite|Dragon Dance|p2a: Dragonite
|-boost|p2a: Dragonite|atk|1
|-boost|p2a: Dragonite|spe|1
|move|p1a: Alomomola|Flip Turn|p2a: Dragonite
|-resisted|p2a: Dragonite
|-damage|p2a: Dragonite|96/100
|
|t:|1758976863
|switch|p1a: Comfey|Comfey, F|100/100|[from] Flip Turn
|
|upkeep
|turn|9
|
|t:|1758976869
|move|p1a: Comfey|Draining Kiss|p2a: Dragonite
|-supereffective|p2a: Dragonite
|-damage|p2a: Dragonite|44/100
|-damage|p1a: Comfey|91/100|[from] item: Life Orb
|move|p2a: Dragonite|Earthquake|p1a: Comfey
|-damage|p1a: Comfey|22/100
|
|upkeep
|turn|10
|
|t:|1758976885
|move|p1a: Comfey|Draining Kiss|p2a: Dragonite
|-supereffective|p2a: Dragonite
|-damage|p2a: Dragonite|0 fnt
|-heal|p1a: Comfey|59/100|[from] drain|[of] p2a: Dragonite
|faint|p2a: Dragonite
|-damage|p1a: Comfey|49/100|[from] item: Life Orb
|
|upkeep
|
|t:|1758976894
|switch|p2a: Iron Crown|Iron Crown, tera:Steel|52/100
|turn|11
|
|t:|1758976901
|switch|p1a: Slowking|Slowking-Galar, M|100/100
|move|p2a: Iron Crown|Tachyon Cutter|p1a: Slowking
|-damage|p1a: Slowking|79/100
|-damage|p1a: Slowking|59/100
|-hitcount|p1a: Slowking|2
|
|upkeep
|turn|12
|
|t:|1758976909
|move|p2a: Iron Crown|Tachyon Cutter|p1a: Slowking
|-damage|p1a: Slowking|38/100
|-damage|p1a: Slowking|20/100
|-hitcount|p1a: Slowking|2
|-prepare|p1a: Slowking|Chilly Reception|[premajor]
|move|p1a: Slowking|Chilly Reception|p1a: Slowking
|-weather|Snowscape
|
|t:|1758976913
|switch|p1a: Alomomola|Alomomola, M|92/100|[from] Chilly Reception
|
|-weather|Snowscape|[upkeep]
|upkeep
|turn|13
|
|t:|1758976920
|move|p2a: Iron Crown|Volt Switch|p1a: Alomomola
|-supereffective|p1a: Alomomola
|-damage|p1a: Alomomola|51/100
|
|t:|1758976930
|-end|p2a: Iron Crown|Quark Drive|[silent]
|switch|p2a: Weezing|Weezing-Galar, F|100/100|[from] Volt Switch
|-ability|p2a: Weezing|Neutralizing Gas
|move|p1a: Alomomola|Wish|p1a: Alomomola
|
|-weather|Snowscape|[upkeep]
|upkeep
|turn|14
|
|t:|1758976937
|move|p2a: Weezing|Toxic Spikes|p1a: Alomomola
|-sidestart|p1: moodrandom|move: Toxic Spikes
|move|p1a: Alomomola|Flip Turn|p2a: Weezing
|-damage|p2a: Weezing|90/100
|
|t:|1758976940
|switch|p1a: Ursaluna|Ursaluna, F|44/100 brn|[from] Flip Turn
|
|-weather|Snowscape|[upkeep]
|-heal|p1a: Ursaluna|99/100 brn|[from] move: Wish|[wisher] Alomomola
|-damage|p1a: Ursaluna|94/100 brn|[from] brn
|upkeep
|turn|15
|
|t:|1758976947
|move|p1a: Ursaluna|Swords Dance|p1a: Ursaluna
|-boost|p1a: Ursaluna|atk|2
|move|p2a: Weezing|Pain Split|p1a: Ursaluna
|-sethp|p1a: Ursaluna|83/100 brn|[from] move: Pain Split|[silent]
|-sethp|p2a: Weezing|100/100|[from] move: Pain Split
|
|-weather|Snowscape|[upkeep]
|-damage|p1a: Ursaluna|77/100 brn|[from] brn
|upkeep
|turn|16
|
|t:|1758976953
|-end|p2a: Weezing|ability: Neutralizing Gas
|switch|p2a: Ting-Lu|Ting-Lu|29/100
|-ability|p2a: Ting-Lu|Vessel of Ruin
|move|p1a: Ursaluna|Facade|p2a: Ting-Lu
|-damage|p2a: Ting-Lu|0 fnt
|faint|p2a: Ting-Lu
|
|-weather|none
|-damage|p1a: Ursaluna|70/100 brn|[from] brn
|upkeep
|
|t:|1758976961
|switch|p2a: Iron Crown|Iron Crown, tera:Steel|52/100
|turn|17
|
|t:|1758976976
|switch|p1a: Alomomola|Alomomola, M|51/100
|move|p2a: Iron Crown|Tachyon Cutter|p1a: Alomomola
|-resisted|p1a: Alomomola
|-damage|p1a: Alomomola|35/100
|-resisted|p1a: Alomomola
|-damage|p1a: Alomomola|21/100
|-hitcount|p1a: Alomomola|2
|
|upkeep
|turn|18
|
|t:|1758976984
|switch|p1a: Iron Treads|Iron Treads|100/100
|-item|p1a: Iron Treads|Air Balloon
|move|p2a: Iron Crown|Tachyon Cutter|p1a: Iron Treads
|-resisted|p1a: Iron Treads
|-damage|p1a: Iron Treads|76/100
|-enditem|p1a: Iron Treads|Air Balloon
|-resisted|p1a: Iron Treads
|-damage|p1a: Iron Treads|51/100
|-hitcount|p1a: Iron Treads|2
|
|upkeep
|turn|19
|
|t:|1758976996
|-end|p2a: Iron Crown|Quark Drive|[silent]
|switch|p2a: Zapdos|Zapdos|100/100
|move|p1a: Iron Treads|Stealth Rock|p2a: Zapdos
|-sidestart|p2: Shibuya Arc|move: Stealth Rock
|
|upkeep
|turn|20
|
|t:|1758977003
|-end|p1a: Iron Treads|Quark Drive|[silent]
|switch|p1a: Slowking|Slowking-Galar, M|53/100
|-sideend|p1: moodrandom|move: Toxic Spikes|[of] p1a: Slowking
|move|p2a: Zapdos|Heat Wave|p1a: Slowking
|-damage|p1a: Slowking|34/100
|-status|p1a: Slowking|brn
|
|-damage|p1a: Slowking|28/100 brn|[from] brn
|upkeep
|turn|21
|
|t:|1758977013
|switch|p1a: Iron Treads|Iron Treads|51/100
|move|p2a: Zapdos|Hurricane|p1a: Iron Treads|[miss]
|-miss|p2a: Zapdos|p1a: Iron Treads
|
|upkeep
|turn|22
|
|t:|1758977020
|-end|p1a: Iron Treads|Quark Drive|[silent]
|switch|p1a: Slowking|Slowking-Galar, M|62/100 brn
|move|p2a: Zapdos|Heat Wave|p1a: Slowking
|-damage|p1a: Slowking|44/100 brn
|
|-damage|p1a: Slowking|38/100 brn|[from] brn
|upkeep
|turn|23
|
|t:|1758977028
|move|p2a: Zapdos|Hurricane|p1a: Slowking
|-damage|p1a: Slowking|7/100 brn
|move|p1a: Slowking|Future Sight|p2a: Zapdos
|-start|p1a: Slowking|move: Future Sight
|
|-damage|p1a: Slowking|1/100 brn|[from] brn
|upkeep
|turn|24
|
|t:|1758977037
|move|p2a: Zapdos|Hurricane|p1a: Slowking
|-damage|p1a: Slowking|0 fnt
|faint|p1a: Slowking
|
|upkeep
|
|t:|1758977044
|switch|p1a: Ursaluna|Ursaluna, F|70/100 brn
|turn|25
|
|t:|1758977051
|move|p2a: Zapdos|Hurricane|p1a: Ursaluna
|-damage|p1a: Ursaluna|18/100 brn
|move|p1a: Ursaluna|Facade|p2a: Zapdos
|-damage|p2a: Zapdos|0 fnt
|faint|p2a: Zapdos
|
|-hint|Future Sight did not hit because the target is fainted.
|-damage|p1a: Ursaluna|12/100 brn|[from] brn
|upkeep
|
|t:|1758977060
|switch|p2a: Dragapult|Dragapult, M|100/100
|turn|26
|
|t:|1758977067
|move|p2a: Dragapult|Dragon Darts|p1a: Ursaluna
|-damage|p1a: Ursaluna|0 fnt
|faint|p1a: Ursaluna
|
|upkeep
|
|t:|1758977073
|switch|p1a: Comfey|Comfey, F|49/100
|turn|27
|
|t:|1758977082
|move|p1a: Comfey|Draining Kiss|p2a: Dragapult
|-supereffective|p2a: Dragapult
|-damage|p2a: Dragapult|11/100
|-heal|p1a: Comfey|100/100|[from] drain|[of] p2a: Dragapult
|-start|p1a: Comfey|Disable|Draining Kiss|[from] ability: Cursed Body|[of] p2a: Dragapult
|-damage|p1a: Comfey|91/100|[from] item: Life Orb
|move|p2a: Dragapult|U-turn|p1a: Comfey
|-resisted|p1a: Comfey
|-damage|p1a: Comfey|80/100
|
|t:|1758977092
|switch|p2a: Iron Crown|Iron Crown, tera:Steel|52/100|[from] U-turn
|-damage|p2a: Iron Crown|45/100|[from] Stealth Rock
|
|upkeep
|turn|28
|
|t:|1758977099
|-terastallize|p1a: Comfey|Fire
|move|p2a: Iron Crown|Focus Blast|p1a: Comfey
|-damage|p1a: Comfey|38/100
|move|p1a: Comfey|Tera Blast|p2a: Iron Crown|[anim] Tera Blast Fire
|-supereffective|p2a: Iron Crown
|-damage|p2a: Iron Crown|0 fnt
|faint|p2a: Iron Crown
|-end|p2a: Iron Crown|Quark Drive|[silent]
|-damage|p1a: Comfey|28/100|[from] item: Life Orb
|
|upkeep
|
|t:|1758977108
|switch|p2a: Dragapult|Dragapult, M|11/100
|turn|29
|
|t:|1758977114
|switch|p1a: Alomomola|Alomomola, M|54/100
|move|p2a: Dragapult|Dragon Darts|p1a: Alomomola
|-damage|p1a: Alomomola|41/100
|-anim|p2a: Dragapult|Dragon Darts|p1a: Alomomola
|-damage|p1a: Alomomola|27/100
|
|upkeep
|turn|30
|
|t:|1758977122
|move|p2a: Dragapult|Will-O-Wisp|p1a: Alomomola
|-status|p1a: Alomomola|brn
|move|p1a: Alomomola|Flip Turn|p2a: Dragapult
|-resisted|p2a: Dragapult
|-damage|p2a: Dragapult|6/100
|
|t:|1758977124
|switch|p1a: Comfey|Comfey, F, tera:Fire|28/100|[from] Flip Turn
|
|upkeep
|turn|31
|
|t:|1758977131
|move|p1a: Comfey|Draining Kiss|p2a: Dragapult
|-supereffective|p2a: Dragapult
|-damage|p2a: Dragapult|0 fnt
|-heal|p1a: Comfey|32/100|[from] drain|[of] p2a: Dragapult
|faint|p2a: Dragapult
|-damage|p1a: Comfey|22/100|[from] item: Life Orb
|
|upkeep
|
|t:|1758977138
|switch|p2a: Weezing|Weezing-Galar, F|100/100
|-ability|p2a: Weezing|Neutralizing Gas
|turn|32
|
|t:|1758977144
|switch|p1a: Iron Treads|Iron Treads|51/100
|move|p2a: Weezing|Defog|p1a: Iron Treads
|-unboost|p1a: Iron Treads|evasion|1
|-sideend|p2: Shibuya Arc|Stealth Rock|[from] move: Defog|[of] p2a: Weezing
|
|upkeep
|turn|33
|
|t:|1758977150
|move|p1a: Iron Treads|Earthquake|p2a: Weezing
|-supereffective|p2a: Weezing
|-damage|p2a: Weezing|35/100
|move|p2a: Weezing|Will-O-Wisp|p1a: Iron Treads
|-status|p1a: Iron Treads|brn
|
|-damage|p1a: Iron Treads|45/100 brn|[from] brn
|upkeep
|turn|34
|
|t:|1758977162
|-end|p1a: Iron Treads|Quark Drive|[silent]
|switch|p1a: Comfey|Comfey, F, tera:Fire|22/100
|move|p2a: Weezing|Defog|p1a: Comfey
|-unboost|p1a: Comfey|evasion|1
|
|upkeep
|turn|35
|
|t:|1758977172
|move|p1a: Comfey|Tera Blast|p2a: Weezing|[anim] Tera Blast Fire
|-damage|p2a: Weezing|0 fnt
|faint|p2a: Weezing
|-end|p2a: Weezing|ability: Neutralizing Gas
|-damage|p1a: Comfey|12/100|[from] item: Life Orb
|
|win|moodrandom
|raw|moodrandom's rating: 1645 &rarr; <strong>1672</strong><br />(+27 for winning)
|raw|Shibuya Arc's rating: 1776 &rarr; <strong>1749</strong><br />(-27 for losing)
|l|☆Shibuya Arc
|player|p2|
|l|☆moodrandom
|player|p1|
