|badge|p1|bronze|gen9ou|100-6
|html|<div class="broadcast-red"><strong>This battle is required to be public due to one or more player having a season medal.</strong><br />During the public phase, you can discuss the state of the ladder <a href="/seasondiscussion">in a special chatroom.</a></div>
|uhtml|medal-msg|<div class="broadcast-blue">Curious what those medals under the avatar are? PS now has Ladder Seasons! For more information, check out the <a href="https://www.smogon.com/forums/threads/3740067/">thread on Smogon.</a></div>
|badge|p2|bronze|gen9ou|100-6
|badge|p2|bronze|gen9ru|100-6
|badge|p2|bronze|gen9uu|100-6
|uhtml|medal-msg|<div class="broadcast-blue">Curious what those medals under the avatar are? PS now has Ladder Seasons! For more information, check out the <a href="https://www.smogon.com/forums/threads/3740067/">thread on Smogon.</a></div>
|raw|<div class="broadcast-blue"><strong>This battle is required to be public due to a player having a name starting with 'medal'.</div>
|j|☆MunchlaxTheGodKing
|j|☆SirPeanutCronch
|t:|1758982554
|gametype|singles
|player|p1|MunchlaxTheGodKing|furisodegirl-black|1861
|player|p2|SirPeanutCronch|#wcop2025africa|1854
|gen|9
|tier|[Gen 9] OU
|rated|
|rule|HP Percentage Mod: HP is shown in percentages
|rule|Endless Battle Clause: Forcing endless battles is banned
|rule|Species Clause: Limit one of each Pokémon
|rule|OHKO Clause: OHKO moves are banned
|rule|Evasion Items Clause: Evasion items are banned
|rule|Evasion Moves Clause: Evasion moves are banned
|rule|Evasion Abilities Clause: Evasion abilities are banned
|rule|Sleep Moves Clause: Sleep-inducing moves are banned
|clearpoke
|poke|p1|Zamazenta-*|
|poke|p1|Dragapult, F|
|poke|p1|Raging Bolt|
|poke|p1|Moltres|
|poke|p1|Iron Treads|
|poke|p1|Samurott-Hisui, M|
|poke|p2|Enamorus, F|
|poke|p2|Araquanid, F|
|poke|p2|Gholdengo|
|poke|p2|Iron Valiant|
|poke|p2|Kingambit, F|
|poke|p2|Great Tusk|
|teampreview
|inactive|Battle timer is ON: inactive players will automatically lose when time's up. (requested by MunchlaxTheGodKing)
|
|t:|1758982560
|teamsize|p1|6
|teamsize|p2|6
|start
|switch|p1a: 90%≠don't blunder|Samurott-Hisui, M|100/100
|switch|p2a: Doc Seismic|Araquanid, F|100/100
|turn|1
|
|t:|1758982567
|move|p1a: 90%≠don't blunder|Ceaseless Edge|p2a: Doc Seismic
|-damage|p2a: Doc Seismic|18/100
|-sidestart|p2: SirPeanutCronch|Spikes
|move|p2a: Doc Seismic|Lunge|p1a: 90%≠don't blunder
|-supereffective|p1a: 90%≠don't blunder
|-crit|p1a: 90%≠don't blunder
|-damage|p1a: 90%≠don't blunder|0 fnt
|faint|p1a: 90%≠don't blunder
|
|upkeep
|
|t:|1758982572
|switch|p1a: Moltres|Moltres|100/100
|turn|2
|-enditem|p2a: Doc Seismic|Custap Berry|[eat]
|-activate|p2a: Doc Seismic|item: Custap Berry|[consumed]
|
|t:|1758982580
|move|p2a: Doc Seismic|Liquidation|p1a: Moltres
|-supereffective|p1a: Moltres
|-damage|p1a: Moltres|0 fnt
|faint|p1a: Moltres
|
|upkeep
|
|t:|1758982587
|switch|p1a: 长脖奶龙|Raging Bolt|100/100
|turn|3
|
|t:|1758982593
|move|p1a: 长脖奶龙|Volt Switch|p2a: Doc Seismic
|-supereffective|p2a: Doc Seismic
|-crit|p2a: Doc Seismic
|-damage|p2a: Doc Seismic|0 fnt
|faint|p2a: Doc Seismic
|
|t:|1758982601
|-end|p1a: 长脖奶龙|Protosynthesis|[silent]
|switch|p1a: 脑袋尖尖的|Zamazenta|100/100|[from] Volt Switch
|-ability|p1a: 脑袋尖尖的|Dauntless Shield|boost
|-boost|p1a: 脑袋尖尖的|def|1
|
|upkeep
|
|t:|1758982606
|switch|p2a: Conquest|Enamorus, F|100/100
|turn|4
|
|t:|1758982611
|switch|p1a: 踩踩背|Iron Treads|100/100
|move|p2a: Conquest|Superpower|p1a: 踩踩背
|-supereffective|p1a: 踩踩背
|-damage|p1a: 踩踩背|39/100
|-boost|p2a: Conquest|atk|1
|-boost|p2a: Conquest|def|1
|
|-heal|p1a: 踩踩背|45/100|[from] item: Leftovers
|upkeep
|turn|5
|
|t:|1758982617
|-end|p1a: 踩踩背|Quark Drive|[silent]
|switch|p1a: 长脖奶龙|Raging Bolt|100/100
|move|p2a: Conquest|Superpower|p1a: 长脖奶龙
|-damage|p1a: 长脖奶龙|47/100
|-boost|p2a: Conquest|atk|1
|-boost|p2a: Conquest|def|1
|
|upkeep
|turn|6
|
|t:|1758982621
|move|p2a: Conquest|Substitute|p2a: Conquest
|-start|p2a: Conquest|Substitute
|-damage|p2a: Conquest|76/100
|move|p1a: 长脖奶龙|Draco Meteor|p2a: Conquest
|-immune|p2a: Conquest
|
|-heal|p2a: Conquest|82/100|[from] item: Leftovers
|upkeep
|turn|7
|
|t:|1758982625
|move|p1a: 长脖奶龙|Thunderclap|p2a: Conquest
|-supereffective|p2a: Conquest
|-end|p2a: Conquest|Substitute
|move|p2a: Conquest|Moonblast|p1a: 长脖奶龙
|-supereffective|p1a: 长脖奶龙
|-damage|p1a: 长脖奶龙|0 fnt
|faint|p1a: 长脖奶龙
|-end|p1a: 长脖奶龙|Protosynthesis|[silent]
|
|-heal|p2a: Conquest|88/100|[from] item: Leftovers
|upkeep
|
|t:|1758982627
|switch|p1a: 24岁 喜欢发射孩子|Dragapult, F|100/100
|turn|8
|
|t:|1758982630
|-terastallize|p1a: 24岁 喜欢发射孩子|Ghost
|move|p1a: 24岁 喜欢发射孩子|Shadow Ball|p2a: Conquest
|-damage|p2a: Conquest|0 fnt
|faint|p2a: Conquest
|
|upkeep
|
|t:|1758982635
|switch|p2a: Omni-Man|Kingambit, F|100/100
|-activate|p2a: Omni-Man|ability: Supreme Overlord
|-start|p2a: Omni-Man|fallen2|[silent]
|-item|p2a: Omni-Man|Air Balloon
|turn|9
|
|t:|1758982639
|switch|p1a: 脑袋尖尖的|Zamazenta|100/100
|move|p2a: Omni-Man|Low Kick|p1a: 脑袋尖尖的
|-damage|p1a: 脑袋尖尖的|54/100
|
|upkeep
|turn|10
|
|t:|1758982649
|-end|p2a: Omni-Man|fallen2|[silent]
|switch|p2a: Atom Eve|Iron Valiant|100/100
|-damage|p2a: Atom Eve|88/100|[from] Spikes
|-enditem|p2a: Atom Eve|Booster Energy
|-activate|p2a: Atom Eve|ability: Quark Drive|[fromitem]
|-start|p2a: Atom Eve|quarkdrivespa
|move|p1a: 脑袋尖尖的|Psychic Fangs|p2a: Atom Eve
|-supereffective|p2a: Atom Eve
|-crit|p2a: Atom Eve
|-damage|p2a: Atom Eve|0 fnt
|faint|p2a: Atom Eve
|-end|p2a: Atom Eve|Quark Drive|[silent]
|-damage|p1a: 脑袋尖尖的|45/100|[from] item: Life Orb
|
|upkeep
|
|t:|1758982655
|switch|p2a: Robot|Gholdengo|100/100
|-damage|p2a: Robot|88/100|[from] Spikes
|turn|11
|j| Almighty Sa'
|j| cryyysneasel
|
|t:|1758982662
|switch|p1a: 踩踩背|Iron Treads|45/100
|move|p2a: Robot|Shadow Ball|p1a: 踩踩背
|-damage|p1a: 踩踩背|15/100
|
|-heal|p1a: 踩踩背|21/100|[from] item: Leftovers
|upkeep
|turn|12
|
|t:|1758982664
|move|p2a: Robot|Shadow Ball|p1a: 踩踩背
|-damage|p1a: 踩踩背|0 fnt
|faint|p1a: 踩踩背
|-end|p1a: 踩踩背|Quark Drive|[silent]
|
|upkeep
|
|t:|1758982667
|switch|p1a: 24岁 喜欢发射孩子|Dragapult, F, tera:Ghost|100/100
|turn|13
|
|t:|1758982675
|-terastallize|p2a: Robot|Flying
|move|p1a: 24岁 喜欢发射孩子|Fire Blast|p2a: Robot
|-damage|p2a: Robot|43/100
|move|p2a: Robot|Shadow Ball|p1a: 24岁 喜欢发射孩子
|-supereffective|p1a: 24岁 喜欢发射孩子
|-damage|p1a: 24岁 喜欢发射孩子|0 fnt
|faint|p1a: 24岁 喜欢发射孩子
|
|upkeep
|
|t:|1758982678
|switch|p1a: 脑袋尖尖的|Zamazenta|45/100
|turn|14
|
|t:|1758982681
|move|p1a: 脑袋尖尖的|Ice Fang|p2a: Robot
|-supereffective|p2a: Robot
|-damage|p2a: Robot|0 fnt
|faint|p2a: Robot
|-damage|p1a: 脑袋尖尖的|35/100|[from] item: Life Orb
|
|upkeep
|
|t:|1758982683
|switch|p2a: Invincible|Great Tusk|100/100
|-damage|p2a: Invincible|88/100|[from] Spikes
|-enditem|p2a: Invincible|Booster Energy
|-activate|p2a: Invincible|ability: Protosynthesis|[fromitem]
|-start|p2a: Invincible|protosynthesisspe
|turn|15
|c| cryyysneasel|why is everyone running this webs
|
|t:|1758982686
|move|p2a: Invincible|Headlong Rush|p1a: 脑袋尖尖的
|-damage|p1a: 脑袋尖尖的|0 fnt
|-unboost|p2a: Invincible|def|1
|-unboost|p2a: Invincible|spd|1
|faint|p1a: 脑袋尖尖的
|
|win|SirPeanutCronch
|raw|MunchlaxTheGodKing's rating: 1840 &rarr; <strong>1821</strong><br />(-19 for losing)
|raw|SirPeanutCronch's rating: 1854 &rarr; <strong>1873</strong><br />(+19 for winning)
