|badge|p1|bronze|gen9ou|100-6
|html|<div class="broadcast-red"><strong>This battle is required to be public due to one or more player having a season medal.</strong><br />During the public phase, you can discuss the state of the ladder <a href="/seasondiscussion">in a special chatroom.</a></div>
|uhtml|medal-msg|<div class="broadcast-blue">Curious what those medals under the avatar are? PS now has Ladder Seasons! For more information, check out the <a href="https://www.smogon.com/forums/threads/3740067/">thread on Smogon.</a></div>
|raw|<div class="broadcast-blue"><strong>This battle is required to be public due to a player having a name starting with 'medal'.</div>
|j|☆shuinifengB
|j|☆lanarey
|t:|1758960771
|gametype|singles
|player|p1|shuinifengB|phoebe-masters|1808
|player|p2|lanarey|lady-gen4|1697
|gen|9
|tier|[Gen 9] OU
|rated|
|rule|HP Percentage Mod: HP is shown in percentages
|rule|Endless Battle Clause: Forcing endless battles is banned
|rule|Species Clause: Limit one of each Pokémon
|rule|OHKO Clause: OHKO moves are banned
|rule|Evasion Items Clause: Evasion items are banned
|rule|Evasion Moves Clause: Evasion moves are banned
|rule|Evasion Abilities Clause: Evasion abilities are banned
|rule|Sleep Moves Clause: Sleep-inducing moves are banned
|clearpoke
|poke|p1|Dondozo, M|
|poke|p1|Blissey, F|
|poke|p1|Corviknight, F|
|poke|p1|Weezing-Galar, F|
|poke|p1|Gliscor, M|
|poke|p1|Toxapex, M|
|poke|p2|Kyurem|
|poke|p2|Landorus-Therian, M|
|poke|p2|Ogerpon-Wellspring, F|
|poke|p2|Hatterene, F|
|poke|p2|Zamazenta-*|
|poke|p2|Kingambit, M|
|teampreview
|inactive|Battle timer is ON: inactive players will automatically lose when time's up. (requested by lanarey)
|
|t:|1758960788
|teamsize|p1|6
|teamsize|p2|6
|start
|switch|p1a: Weezing|Weezing-Galar, F|100/100
|switch|p2a: Kyurem|Kyurem|100/100
|-ability|p1a: Weezing|Neutralizing Gas
|turn|1
|
|t:|1758960796
|switch|p2a: Hatterene|Hatterene, F|100/100
|-end|p1a: Weezing|ability: Neutralizing Gas
|switch|p1a: Blissey|Blissey, F|100/100
|
|upkeep
|turn|2
|j| larp legion
|
|t:|1758960803
|switch|p1a: Gliscor|Gliscor, M|100/100
|move|p2a: Hatterene|Psychic Noise|p1a: Gliscor
|-damage|p1a: Gliscor|71/100
|-start|p1a: Gliscor|move: Heal Block
|
|-status|p1a: Gliscor|tox|[from] item: Toxic Orb
|upkeep
|turn|3
|
|t:|1758960815
|switch|p2a: Ogerpon|Ogerpon-Wellspring, F|100/100
|move|p1a: Gliscor|Protect||[still]
|-fail|p1a: Gliscor
|
|-end|p1a: Gliscor|move: Heal Block
|upkeep
|turn|4
|
|t:|1758960822
|switch|p1a: Weezing|Weezing-Galar, F|100/100
|-ability|p1a: Weezing|Neutralizing Gas
|move|p2a: Ogerpon|Ivy Cudgel|p1a: Weezing|[anim] Ivy Cudgel Water
|-damage|p1a: Weezing|59/100
|
|upkeep
|turn|5
|j| xinshou520
|
|t:|1758960830
|move|p2a: Ogerpon|Taunt|p1a: Weezing
|-start|p1a: Weezing|move: Taunt
|cant|p1a: Weezing|move: Taunt|Will-O-Wisp
|
|upkeep
|turn|6
|j| kimigoya
|j| heavenly delusion
|
|t:|1758960846
|-end|p1a: Weezing|ability: Neutralizing Gas
|switch|p1a: BLACKPINK|Toxapex, M|100/100
|move|p2a: Ogerpon|Power Whip|p1a: BLACKPINK
|-damage|p1a: BLACKPINK|48/100
|
|-heal|p1a: BLACKPINK|54/100|[from] item: Black Sludge
|upkeep
|turn|7
|l| heavenly delusion
|
|t:|1758960856
|switch|p1a: Corviknight|Corviknight, F|100/100
|-ability|p1a: Corviknight|Pressure
|move|p2a: Ogerpon|Taunt|p1a: Corviknight
|-start|p1a: Corviknight|move: Taunt
|
|upkeep
|turn|8
|
|t:|1758960867
|move|p2a: Ogerpon|Ivy Cudgel|p1a: Corviknight|[anim] Ivy Cudgel Water
|-damage|p1a: Corviknight|65/100
|move|p1a: Corviknight|Body Press|p2a: Ogerpon
|-damage|p2a: Ogerpon|64/100
|
|-heal|p1a: Corviknight|71/100|[from] item: Leftovers
|upkeep
|turn|9
|
|t:|1758960880
|move|p2a: Ogerpon|Ivy Cudgel|p1a: Corviknight|[anim] Ivy Cudgel Water
|-damage|p1a: Corviknight|37/100
|move|p1a: Corviknight|Body Press|p2a: Ogerpon
|-damage|p2a: Ogerpon|27/100
|
|-heal|p1a: Corviknight|43/100|[from] item: Leftovers
|-end|p1a: Corviknight|move: Taunt
|upkeep
|turn|10
|
|t:|1758960893
|switch|p1a: Dondozo|Dondozo, M|100/100
|move|p2a: Ogerpon|Taunt|p1a: Dondozo
|-start|p1a: Dondozo|move: Taunt
|
|upkeep
|turn|11
|
|t:|1758960899
|move|p2a: Ogerpon|Power Whip|p1a: Dondozo|[miss]
|-miss|p2a: Ogerpon|p1a: Dondozo
|move|p1a: Dondozo|Body Press|p2a: Ogerpon
|-damage|p2a: Ogerpon|0 fnt
|faint|p2a: Ogerpon
|
|upkeep
|
|t:|1758960908
|switch|p2a: Hatterene|Hatterene, F|100/100
|turn|12
|l| xinshou520
|
|t:|1758960923
|switch|p1a: Blissey|Blissey, F|100/100
|move|p2a: Hatterene|Psychic Noise|p1a: Blissey
|-damage|p1a: Blissey|89/100
|-start|p1a: Blissey|move: Heal Block
|
|upkeep
|turn|13
|
|t:|1758960935
|move|p1a: Blissey|Calm Mind|p1a: Blissey
|-boost|p1a: Blissey|spa|1
|-boost|p1a: Blissey|spd|1
|move|p2a: Hatterene|Nuzzle|p1a: Blissey
|-damage|p1a: Blissey|85/100
|-status|p1a: Blissey|par
|
|-end|p1a: Blissey|move: Heal Block
|upkeep
|turn|14
|
|t:|1758960945
|move|p2a: Hatterene|Psychic Noise|p1a: Blissey
|-damage|p1a: Blissey|78/100 par
|-start|p1a: Blissey|move: Heal Block
|move|p1a: Blissey|Calm Mind|p1a: Blissey
|-boost|p1a: Blissey|spa|1
|-boost|p1a: Blissey|spd|1
|
|upkeep
|turn|15
|
|t:|1758960952
|move|p2a: Hatterene|Draining Kiss|p1a: Blissey
|-damage|p1a: Blissey|74/100 par
|move|p1a: Blissey|Shadow Ball|p2a: Hatterene
|-supereffective|p2a: Hatterene
|-damage|p2a: Hatterene|45/100
|
|-end|p1a: Blissey|move: Heal Block
|upkeep
|turn|16
|
|t:|1758960961
|move|p2a: Hatterene|Pain Split|p1a: Blissey
|-sethp|p1a: Blissey|48/100 par|[from] move: Pain Split|[silent]
|-sethp|p2a: Hatterene|98/100|[from] move: Pain Split
|cant|p1a: Blissey|par
|
|upkeep
|turn|17
|
|t:|1758960966
|move|p2a: Hatterene|Psychic Noise|p1a: Blissey
|-damage|p1a: Blissey|42/100 par
|-start|p1a: Blissey|move: Heal Block
|move|p1a: Blissey|Shadow Ball|p2a: Hatterene
|-supereffective|p2a: Hatterene
|-damage|p2a: Hatterene|35/100
|
|upkeep
|turn|18
|
|t:|1758960975
|move|p2a: Hatterene|Draining Kiss|p1a: Blissey
|-damage|p1a: Blissey|38/100 par
|-heal|p2a: Hatterene|40/100|[from] drain|[of] p1a: Blissey
|move|p1a: Blissey|Shadow Ball|p2a: Hatterene
|-supereffective|p2a: Hatterene
|-damage|p2a: Hatterene|0 fnt
|faint|p2a: Hatterene
|
|-end|p1a: Blissey|move: Heal Block
|upkeep
|
|t:|1758960985
|switch|p2a: Kyurem|Kyurem|100/100
|-ability|p2a: Kyurem|Pressure
|turn|19
|
|t:|1758961004
|move|p2a: Kyurem|Dragon Dance|p2a: Kyurem
|-boost|p2a: Kyurem|atk|1
|-boost|p2a: Kyurem|spe|1
|move|p1a: Blissey|Soft-Boiled|p1a: Blissey
|-heal|p1a: Blissey|89/100 par
|
|upkeep
|turn|20
|
|t:|1758961028
|-curestatus|p1a: Blissey|par|[from] ability: Natural Cure
|switch|p1a: Corviknight|Corviknight, F|43/100
|-ability|p1a: Corviknight|Pressure
|move|p2a: Kyurem|Icicle Spear|p1a: Corviknight
|-damage|p1a: Corviknight|30/100
|-damage|p1a: Corviknight|18/100
|-damage|p1a: Corviknight|5/100
|-crit|p1a: Corviknight
|-damage|p1a: Corviknight|0 fnt
|faint|p1a: Corviknight
|-hitcount|p1: Corviknight|4
|
|upkeep
|
|t:|1758961031
|switch|p1a: BLACKPINK|Toxapex, M|88/100
|turn|21
|inactive|shuinifengB has 120 seconds left.
|
|t:|1758961078
|-terastallize|p2a: Kyurem|Electric
|move|p2a: Kyurem|Tera Blast|p1a: BLACKPINK|[anim] Tera Blast Electric
|-supereffective|p1a: BLACKPINK
|-damage|p1a: BLACKPINK|0 fnt
|faint|p1a: BLACKPINK
|
|upkeep
|inactive|shuinifengB has 90 seconds left.
|
|t:|1758961089
|switch|p1a: Weezing|Weezing-Galar, F|59/100
|-ability|p1a: Weezing|Neutralizing Gas
|turn|22
|
|t:|1758961106
|switch|p2a: Landorus|Landorus-Therian, M|100/100
|move|p1a: Weezing|Will-O-Wisp|p2a: Landorus
|-status|p2a: Landorus|brn
|
|-damage|p2a: Landorus|94/100 brn|[from] brn
|upkeep
|turn|23
|
|t:|1758961115
|move|p2a: Landorus|Taunt|p1a: Weezing
|-start|p1a: Weezing|move: Taunt
|cant|p1a: Weezing|move: Taunt|Pain Split
|
|-damage|p2a: Landorus|88/100 brn|[from] brn
|upkeep
|turn|24
|
|t:|1758961119
|-end|p1a: Weezing|ability: Neutralizing Gas
|-ability|p2a: Landorus|Intimidate|boost
|-unboost|p1a: Weezing|atk|1
|switch|p1a: Gliscor|Gliscor, M|71/100 tox
|move|p2a: Landorus|Earth Power|p1a: Gliscor
|-immune|p1a: Gliscor
|
|-heal|p1a: Gliscor|83/100 tox|[from] ability: Poison Heal
|-damage|p2a: Landorus|82/100 brn|[from] brn
|upkeep
|turn|25
|
|t:|1758961125
|move|p2a: Landorus|Taunt|p1a: Gliscor
|-start|p1a: Gliscor|move: Taunt
|move|p1a: Gliscor|Knock Off|p2a: Landorus
|-damage|p2a: Landorus|60/100 brn
|-damage|p1a: Gliscor|67/100 tox|[from] item: Rocky Helmet|[of] p2a: Landorus
|-enditem|p2a: Landorus|Rocky Helmet|[from] move: Knock Off|[of] p1a: Gliscor
|
|-heal|p1a: Gliscor|79/100 tox|[from] ability: Poison Heal
|-damage|p2a: Landorus|54/100 brn|[from] brn
|upkeep
|turn|26
|inactive|shuinifengB has 120 seconds left.
|
|t:|1758961139
|move|p2a: Landorus|U-turn|p1a: Gliscor
|-resisted|p1a: Gliscor
|-damage|p1a: Gliscor|75/100 tox
|l| kimigoya
|
|t:|1758961141
|switch|p2a: Kyurem|Kyurem, tera:Electric|100/100|[from] U-turn
|-ability|p2a: Kyurem|Pressure
|move|p1a: Gliscor|Knock Off|p2a: Kyurem
|-damage|p2a: Kyurem|79/100
|-enditem|p2a: Kyurem|Loaded Dice|[from] move: Knock Off|[of] p1a: Gliscor
|
|-heal|p1a: Gliscor|88/100 tox|[from] ability: Poison Heal
|upkeep
|turn|27
|j| LaNoisette
|inactive|shuinifengB has 120 seconds left.
|
|t:|1758961165
|switch|p1a: Dondozo|Dondozo, M|100/100
|move|p2a: Kyurem|Icicle Spear|p1a: Dondozo
|-resisted|p1a: Dondozo
|-damage|p1a: Dondozo|98/100
|-resisted|p1a: Dondozo
|-damage|p1a: Dondozo|95/100
|-resisted|p1a: Dondozo
|-damage|p1a: Dondozo|92/100
|-resisted|p1a: Dondozo
|-damage|p1a: Dondozo|89/100
|-hitcount|p1a: Dondozo|4
|
|-heal|p1a: Dondozo|95/100|[from] item: Leftovers
|upkeep
|turn|28
|inactive|shuinifengB has 120 seconds left.
|
|t:|1758961174
|-terastallize|p1a: Dondozo|Fighting
|move|p2a: Kyurem|Tera Blast|p1a: Dondozo|[anim] Tera Blast Electric
|-damage|p1a: Dondozo|77/100
|move|p1a: Dondozo|Body Press|p2a: Kyurem
|-damage|p2a: Kyurem|38/100
|
|-heal|p1a: Dondozo|83/100|[from] item: Leftovers
|upkeep
|turn|29
|
|t:|1758961180
|switch|p2a: Landorus|Landorus-Therian, M|54/100 brn
|-ability|p2a: Landorus|Intimidate|boost
|-unboost|p1a: Dondozo|atk|1
|move|p1a: Dondozo|Body Press|p2a: Landorus
|-resisted|p2a: Landorus
|-damage|p2a: Landorus|35/100 brn
|
|-heal|p1a: Dondozo|89/100|[from] item: Leftovers
|-damage|p2a: Landorus|29/100 brn|[from] brn
|upkeep
|turn|30
|
|t:|1758961190
|switch|p1a: Gliscor|Gliscor, M|88/100 tox
|move|p2a: Landorus|Earth Power|p1a: Gliscor
|-immune|p1a: Gliscor
|
|-heal|p1a: Gliscor|99/100 tox|[from] ability: Poison Heal
|-damage|p2a: Landorus|23/100 brn|[from] brn
|upkeep
|turn|31
|
|t:|1758961195
|move|p2a: Landorus|Taunt|p1a: Gliscor
|-start|p1a: Gliscor|move: Taunt
|move|p1a: Gliscor|Knock Off|p2a: Landorus
|-damage|p2a: Landorus|9/100 brn
|
|-heal|p1a: Gliscor|100/100 tox|[from] ability: Poison Heal
|-damage|p2a: Landorus|3/100 brn|[from] brn
|upkeep
|turn|32
|
|t:|1758961199
|move|p2a: Landorus|Stealth Rock|p1a: Gliscor
|-sidestart|p1: shuinifengB|move: Stealth Rock
|move|p1a: Gliscor|Knock Off|p2a: Landorus
|-damage|p2a: Landorus|0 fnt
|faint|p2a: Landorus
|
|upkeep
|
|t:|1758961203
|switch|p2a: Kyurem|Kyurem, tera:Electric|38/100
|-ability|p2a: Kyurem|Pressure
|turn|33
|
|t:|1758961208
|switch|p1a: Dondozo|Dondozo, M, tera:Fighting|89/100
|-damage|p1a: Dondozo|83/100|[from] Stealth Rock
|move|p2a: Kyurem|Icicle Spear|p1a: Dondozo
|-damage|p1a: Dondozo|76/100
|-damage|p1a: Dondozo|71/100
|-damage|p1a: Dondozo|65/100
|-hitcount|p1a: Dondozo|3
|
|-heal|p1a: Dondozo|71/100|[from] item: Leftovers
|upkeep
|turn|34
|
|t:|1758961224
|move|p2a: Kyurem|Tera Blast|p1a: Dondozo|[anim] Tera Blast Electric
|-damage|p1a: Dondozo|52/100
|move|p1a: Dondozo|Rest|p1a: Dondozo
|-status|p1a: Dondozo|slp|[from] move: Rest
|-heal|p1a: Dondozo|100/100 slp|[silent]
|
|upkeep
|turn|35
|
|t:|1758961239
|move|p2a: Kyurem|Scale Shot|p1a: Dondozo
|-damage|p1a: Dondozo|95/100 slp
|-damage|p1a: Dondozo|90/100 slp
|-hitcount|p1a: Dondozo|2
|-unboost|p2a: Kyurem|def|1
|-boost|p2a: Kyurem|spe|1
|cant|p1a: Dondozo|slp
|move|p1a: Dondozo|Sleep Talk|p1a: Dondozo
|move|p1a: Dondozo|Avalanche|p2a: Kyurem|[from] move: Sleep Talk
|-damage|p2a: Kyurem|11/100
|
|-heal|p1a: Dondozo|96/100 slp|[from] item: Leftovers
|upkeep
|turn|36
|
|t:|1758961244
|move|p2a: Kyurem|Icicle Spear|p1a: Dondozo
|-damage|p1a: Dondozo|90/100 slp
|-damage|p1a: Dondozo|84/100 slp
|-hitcount|p1a: Dondozo|2
|cant|p1a: Dondozo|slp
|move|p1a: Dondozo|Sleep Talk|p1a: Dondozo
|move|p1a: Dondozo|Body Press|p2a: Kyurem|[from] move: Sleep Talk
|-damage|p2a: Kyurem|0 fnt
|faint|p2a: Kyurem
|
|-heal|p1a: Dondozo|90/100 slp|[from] item: Leftovers
|upkeep
|
|t:|1758961247
|switch|p2a: Kingambit|Kingambit, M|100/100
|-activate|p2a: Kingambit|ability: Supreme Overlord
|-start|p2a: Kingambit|fallen4|[silent]
|turn|37
|
|t:|1758961253
|move|p2a: Kingambit|Iron Head|p1a: Dondozo
|-damage|p1a: Dondozo|63/100 slp
|-curestatus|p1a: Dondozo|slp|[msg]
|cant|p1a: Dondozo|flinch
|
|-heal|p1a: Dondozo|69/100|[from] item: Leftovers
|upkeep
|turn|38
|
|t:|1758961260
|move|p2a: Kingambit|Iron Head|p1a: Dondozo
|-damage|p1a: Dondozo|41/100
|move|p1a: Dondozo|Rest|p1a: Dondozo
|-status|p1a: Dondozo|slp|[from] move: Rest
|-heal|p1a: Dondozo|100/100 slp|[silent]
|
|upkeep
|turn|39
|
|t:|1758961265
|move|p2a: Kingambit|Iron Head|p1a: Dondozo
|-damage|p1a: Dondozo|72/100 slp
|cant|p1a: Dondozo|slp
|move|p1a: Dondozo|Sleep Talk|p1a: Dondozo
|move|p1a: Dondozo|Rest||[from] move: Sleep Talk|[still]
|-fail|p1a: Dondozo
|
|-heal|p1a: Dondozo|78/100 slp|[from] item: Leftovers
|upkeep
|turn|40
|
|t:|1758961269
|move|p2a: Kingambit|Iron Head|p1a: Dondozo
|-damage|p1a: Dondozo|49/100 slp
|cant|p1a: Dondozo|slp
|move|p1a: Dondozo|Sleep Talk|p1a: Dondozo
|move|p1a: Dondozo|Rest||[from] move: Sleep Talk|[still]
|-fail|p1a: Dondozo
|
|-heal|p1a: Dondozo|55/100 slp|[from] item: Leftovers
|upkeep
|turn|41
|
|t:|1758961274
|move|p2a: Kingambit|Iron Head|p1a: Dondozo
|-damage|p1a: Dondozo|28/100 slp
|-curestatus|p1a: Dondozo|slp|[msg]
|move|p1a: Dondozo|Rest|p1a: Dondozo
|-status|p1a: Dondozo|slp|[from] move: Rest
|-heal|p1a: Dondozo|100/100 slp|[silent]
|
|upkeep
|turn|42
|
|t:|1758961278
|move|p2a: Kingambit|Iron Head|p1a: Dondozo
|-damage|p1a: Dondozo|74/100 slp
|cant|p1a: Dondozo|slp
|move|p1a: Dondozo|Sleep Talk|p1a: Dondozo
|move|p1a: Dondozo|Body Press|p2a: Kingambit|[from] move: Sleep Talk
|-supereffective|p2a: Kingambit
|-damage|p2a: Kingambit|0 fnt
|faint|p2a: Kingambit
|-end|p2a: Kingambit|fallen4|[silent]
|
|-heal|p1a: Dondozo|80/100 slp|[from] item: Leftovers
|upkeep
|-message|lanarey forfeited.
|
|win|shuinifengB
|raw|shuinifengB's rating: 1808 &rarr; <strong>1822</strong><br />(+14 for winning)
|raw|lanarey's rating: 1697 &rarr; <strong>1683</strong><br />(-14 for losing)
|l|☆lanarey
|player|p2|
|l|☆shuinifengB
|player|p1|
|l| LaNoisette
