|badge|p2|silver|gen9ou|30-6
|badge|p2|silver|gen9uu|30-6
|badge|p2|bronze|gen9ru|100-6
|html|<div class="broadcast-red"><strong>This battle is required to be public due to one or more player having a season medal.</strong><br />During the public phase, you can discuss the state of the ladder <a href="/seasondiscussion">in a special chatroom.</a></div>
|uhtml|medal-msg|<div class="broadcast-blue">Curious what those medals under the avatar are? PS now has Ladder Seasons! For more information, check out the <a href="https://www.smogon.com/forums/threads/3740067/">thread on Smogon.</a></div>
|raw|<div class="broadcast-blue"><strong>This battle is required to be public due to a player having a name starting with 'medal'.</div>
|j|☆hyperpizza100
|j|☆Sirpeanutcronch
|t:|1759050853
|gametype|singles
|player|p1|hyperpizza100|pokemonranger-gen4|1835
|player|p2|Sirpeanutcronch|#wcop2025africa|1927
|gen|9
|tier|[Gen 9] OU
|rated|
|rule|HP Percentage Mod: HP is shown in percentages
|rule|Endless Battle Clause: Forcing endless battles is banned
|rule|Species Clause: Limit one of each Pokémon
|rule|OHKO Clause: OHKO moves are banned
|rule|Evasion Items Clause: Evasion items are banned
|rule|Evasion Moves Clause: Evasion moves are banned
|rule|Evasion Abilities Clause: Evasion abilities are banned
|rule|Sleep Moves Clause: Sleep-inducing moves are banned
|clearpoke
|poke|p1|Great Tusk|
|poke|p1|Garganacl, M|
|poke|p1|Clefable, F|
|poke|p1|Meowscarada, F|
|poke|p1|Slowking-Galar, F|
|poke|p1|Zamazenta-*|
|poke|p2|Garchomp, F|
|poke|p2|Hatterene, F|
|poke|p2|Kingambit, F|
|poke|p2|Kyurem|
|poke|p2|Zamazenta-*|
|poke|p2|Tornadus-Therian, M|
|teampreview
|inactive|Battle timer is ON: inactive players will automatically lose when time's up. (requested by Sirpeanutcronch)
|j| Itwasneroox
|j| cynasaurus
|l| Itwasneroox
|j| Nacht556
|j| wgw2333
|inactive|hyperpizza100 has 120 seconds left.
|j| Itwasneroox
|
|t:|1759050906
|teamsize|p1|6
|teamsize|p2|6
|start
|switch|p1a: Meowscarada|Meowscarada, F|100/100
|switch|p2a: Hatterene|Hatterene, F|100/100
|turn|1
|
|t:|1759050913
|move|p1a: Meowscarada|U-turn|p2a: Hatterene
|-start|p1a: Meowscarada|typechange|Bug|[from] ability: Protean
|-crit|p2a: Hatterene
|-damage|p2a: Hatterene|63/100
|-damage|p1a: Meowscarada|84/100|[from] item: Rocky Helmet|[of] p2a: Hatterene
|j| cybrumania
|
|t:|1759050920
|switch|p1a: Garganacl|Garganacl, M|100/100|[from] U-turn
|move|p2a: Hatterene|Nuzzle|p1a: Garganacl
|-damage|p1a: Garganacl|98/100
|
|-heal|p1a: Garganacl|100/100|[from] item: Leftovers
|upkeep
|turn|2
|
|t:|1759050927
|move|p2a: Hatterene|Psychic Noise|p1a: Garganacl
|-damage|p1a: Garganacl|80/100
|-start|p1a: Garganacl|move: Heal Block
|move|p1a: Garganacl|Iron Defense|p1a: Garganacl
|-boost|p1a: Garganacl|def|2
|
|upkeep
|turn|3
|
|t:|1759050934
|switch|p1a: Slowking|Slowking-Galar, F|100/100
|move|p2a: Hatterene|Psychic Noise|p1a: Slowking
|-damage|p1a: Slowking|85/100
|-start|p1a: Slowking|move: Heal Block
|
|upkeep
|turn|4
|
|t:|1759050939
|switch|p2a: Tornadus|Tornadus-Therian, M|100/100
|move|p1a: Slowking|Ice Beam|p2a: Tornadus
|-supereffective|p2a: Tornadus
|-damage|p2a: Tornadus|64/100
|
|-end|p1a: Slowking|move: Heal Block
|upkeep
|turn|5
|
|t:|1759050947
|switch|p1a: Clefable|Clefable, F|100/100
|move|p2a: Tornadus|Knock Off|p1a: Clefable
|-resisted|p1a: Clefable
|-damage|p1a: Clefable|93/100
|-damage|p2a: Tornadus|48/100|[from] item: Rocky Helmet|[of] p1a: Clefable
|-enditem|p1a: Clefable|Rocky Helmet|[from] move: Knock Off|[of] p2a: Tornadus
|
|upkeep
|turn|6
|
|t:|1759050952
|move|p2a: Tornadus|U-turn|p1a: Clefable
|-resisted|p1a: Clefable
|-damage|p1a: Clefable|87/100
|
|t:|1759050955
|switch|p2a: Hatterene|Hatterene, F|63/100|[from] U-turn
|move|p1a: Clefable|Moonblast|p2a: Hatterene
|-damage|p2a: Hatterene|31/100
|
|upkeep
|turn|7
|
|t:|1759050961
|move|p1a: Clefable|Moonblast|p2a: Hatterene
|-damage|p2a: Hatterene|0 fnt
|faint|p2a: Hatterene
|
|upkeep
|
|t:|1759050963
|switch|p2a: Kingambit|Kingambit, F|100/100
|-activate|p2a: Kingambit|ability: Supreme Overlord
|-start|p2a: Kingambit|fallen1|[silent]
|turn|8
|
|t:|1759050971
|switch|p1a: Great Tusk|Great Tusk|100/100
|move|p2a: Kingambit|Swords Dance|p2a: Kingambit
|-boost|p2a: Kingambit|atk|2
|
|upkeep
|turn|9
|
|t:|1759050977
|-terastallize|p2a: Kingambit|Flying
|move|p1a: Great Tusk|Headlong Rush|p2a: Kingambit
|-immune|p2a: Kingambit
|move|p2a: Kingambit|Tera Blast|p1a: Great Tusk|[anim] Tera Blast Flying
|-supereffective|p1a: Great Tusk
|-damage|p1a: Great Tusk|0 fnt
|faint|p1a: Great Tusk
|-end|p1a: Great Tusk|Protosynthesis|[silent]
|
|upkeep
|
|t:|1759050985
|switch|p1a: Meowscarada|Meowscarada, F|84/100
|turn|10
|
|t:|1759050998
|-end|p2a: Kingambit|fallen1|[silent]
|switch|p2a: Zamazenta|Zamazenta|100/100
|-ability|p2a: Zamazenta|Dauntless Shield|boost
|-boost|p2a: Zamazenta|def|1
|move|p1a: Meowscarada|Triple Axel|p2a: Zamazenta
|-start|p1a: Meowscarada|typechange|Ice|[from] ability: Protean
|-damage|p2a: Zamazenta|95/100
|-damage|p2a: Zamazenta|85/100
|-damage|p2a: Zamazenta|69/100
|-hitcount|p2a: Zamazenta|3
|
|upkeep
|turn|11
|
|t:|1759051008
|switch|p1a: Slowking|Slowking-Galar, F|100/100
|switch|p2a: Kyurem|Kyurem|100/100
|-ability|p2a: Kyurem|Pressure
|
|upkeep
|turn|12
|
|t:|1759051014
|switch|p2a: Tornadus|Tornadus-Therian, M|81/100
|move|p1a: Slowking|Sludge Bomb|p2a: Tornadus
|-damage|p2a: Tornadus|55/100
|-status|p2a: Tornadus|psn
|
|-damage|p2a: Tornadus|42/100 psn|[from] psn
|upkeep
|turn|13
|
|t:|1759051019
|switch|p1a: Clefable|Clefable, F|87/100
|move|p2a: Tornadus|U-turn|p1a: Clefable
|-resisted|p1a: Clefable
|-damage|p1a: Clefable|82/100
|
|t:|1759051023
|switch|p2a: Kyurem|Kyurem|100/100|[from] U-turn
|-ability|p2a: Kyurem|Pressure
|
|upkeep
|turn|14
|
|t:|1759051029
|switch|p2a: Tornadus|Tornadus-Therian, M|76/100 psn
|move|p1a: Clefable|Stealth Rock|p2a: Tornadus
|-sidestart|p2: Sirpeanutcronch|move: Stealth Rock
|
|-damage|p2a: Tornadus|63/100 psn|[from] psn
|upkeep
|turn|15
|
|t:|1759051034
|move|p2a: Tornadus|Bleakwind Storm|p1a: Clefable
|-damage|p1a: Clefable|45/100
|move|p1a: Clefable|Moonlight|p1a: Clefable
|-heal|p1a: Clefable|95/100
|
|-damage|p2a: Tornadus|51/100 psn|[from] psn
|upkeep
|turn|16
|
|t:|1759051038
|move|p2a: Tornadus|U-turn|p1a: Clefable
|-resisted|p1a: Clefable
|-damage|p1a: Clefable|90/100
|
|t:|1759051040
|switch|p2a: Kyurem|Kyurem|100/100|[from] U-turn
|-damage|p2a: Kyurem|76/100|[from] Stealth Rock
|-ability|p2a: Kyurem|Pressure
|move|p1a: Clefable|Moonblast|p2a: Kyurem
|-supereffective|p2a: Kyurem
|-damage|p2a: Kyurem|39/100
|-unboost|p2a: Kyurem|spa|1
|
|upkeep
|turn|17
|
|t:|1759051052
|switch|p1a: Garganacl|Garganacl, M|80/100
|move|p2a: Kyurem|Ice Beam|p1a: Garganacl
|-damage|p1a: Garganacl|58/100
|
|-heal|p1a: Garganacl|64/100|[from] item: Leftovers
|upkeep
|turn|18
|j| PokeJackxy
|
|t:|1759051058
|switch|p2a: Garchomp|Garchomp, F|100/100
|-damage|p2a: Garchomp|94/100|[from] Stealth Rock
|move|p1a: Garganacl|Recover|p1a: Garganacl
|-heal|p1a: Garganacl|100/100
|
|upkeep
|turn|19
|
|t:|1759051061
|switch|p1a: Clefable|Clefable, F|90/100
|move|p2a: Garchomp|Earthquake|p1a: Clefable
|-damage|p1a: Clefable|54/100
|
|upkeep
|turn|20
|
|t:|1759051066
|move|p2a: Garchomp|Earthquake|p1a: Clefable
|-damage|p1a: Clefable|19/100
|move|p1a: Clefable|Moonlight|p1a: Clefable
|-heal|p1a: Clefable|69/100
|
|upkeep
|turn|21
|
|t:|1759051068
|switch|p2a: Kingambit|Kingambit, F, tera:Flying|100/100
|-damage|p2a: Kingambit|76/100|[from] Stealth Rock
|-activate|p2a: Kingambit|ability: Supreme Overlord
|-start|p2a: Kingambit|fallen1|[silent]
|move|p1a: Clefable|Moonlight|p1a: Clefable
|-heal|p1a: Clefable|100/100
|
|-heal|p2a: Kingambit|82/100|[from] item: Leftovers
|upkeep
|turn|22
|j| dsvdv
|
|t:|1759051080
|switch|p1a: Zamazenta|Zamazenta|100/100
|-ability|p1a: Zamazenta|Dauntless Shield|boost
|-boost|p1a: Zamazenta|def|1
|move|p2a: Kingambit|Swords Dance|p2a: Kingambit
|-boost|p2a: Kingambit|atk|2
|
|-heal|p2a: Kingambit|88/100|[from] item: Leftovers
|upkeep
|turn|23
|
|t:|1759051086
|move|p1a: Zamazenta|Stone Edge|p2a: Kingambit
|-supereffective|p2a: Kingambit
|-damage|p2a: Kingambit|39/100
|move|p2a: Kingambit|Tera Blast|p1a: Zamazenta|[anim] Tera Blast Flying
|-supereffective|p1a: Zamazenta
|-damage|p1a: Zamazenta|0 fnt
|faint|p1a: Zamazenta
|
|-heal|p2a: Kingambit|45/100|[from] item: Leftovers
|upkeep
|
|t:|1759051091
|switch|p1a: Meowscarada|Meowscarada, F|84/100
|turn|24
|
|t:|1759051096
|-end|p2a: Kingambit|fallen1|[silent]
|switch|p2a: Kyurem|Kyurem|39/100
|-damage|p2a: Kyurem|14/100|[from] Stealth Rock
|-ability|p2a: Kyurem|Pressure
|move|p1a: Meowscarada|Triple Axel|p2a: Kyurem
|-start|p1a: Meowscarada|typechange|Ice|[from] ability: Protean
|-damage|p2a: Kyurem|6/100
|-damage|p2a: Kyurem|0 fnt
|faint|p2a: Kyurem
|-hitcount|p2: Kyurem|2
|
|upkeep
|
|t:|1759051099
|switch|p2a: Zamazenta|Zamazenta|69/100
|-damage|p2a: Zamazenta|63/100|[from] Stealth Rock
|turn|25
|
|t:|1759051106
|switch|p1a: Slowking|Slowking-Galar, F|100/100
|move|p2a: Zamazenta|Body Press|p1a: Slowking
|-resisted|p1a: Slowking
|-crit|p1a: Slowking
|-damage|p1a: Slowking|86/100
|
|upkeep
|turn|26
|
|t:|1759051109
|move|p2a: Zamazenta|Crunch|p1a: Slowking
|-supereffective|p1a: Slowking
|-damage|p1a: Slowking|39/100
|move|p1a: Slowking|Psychic Noise|p2a: Zamazenta
|-supereffective|p2a: Zamazenta
|-damage|p2a: Zamazenta|0 fnt
|faint|p2a: Zamazenta
|
|upkeep
|
|t:|1759051111
|switch|p2a: Garchomp|Garchomp, F|94/100
|-damage|p2a: Garchomp|88/100|[from] Stealth Rock
|turn|27
|
|t:|1759051114
|move|p2a: Garchomp|Earthquake|p1a: Slowking
|-supereffective|p1a: Slowking
|-damage|p1a: Slowking|0 fnt
|faint|p1a: Slowking
|
|upkeep
|
|t:|1759051121
|switch|p1a: Clefable|Clefable, F|100/100
|turn|28
|
|t:|1759051125
|move|p2a: Garchomp|Earthquake|p1a: Clefable
|-damage|p1a: Clefable|65/100
|move|p1a: Clefable|Moonblast|p2a: Garchomp
|-supereffective|p2a: Garchomp
|-damage|p2a: Garchomp|34/100
|
|upkeep
|turn|29
|
|t:|1759051130
|move|p2a: Garchomp|Earthquake|p1a: Clefable
|-crit|p1a: Clefable
|-damage|p1a: Clefable|14/100
|move|p1a: Clefable|Moonblast|p2a: Garchomp
|-supereffective|p2a: Garchomp
|-damage|p2a: Garchomp|0 fnt
|faint|p2a: Garchomp
|
|upkeep
|
|t:|1759051135
|switch|p2a: Kingambit|Kingambit, F, tera:Flying|45/100
|-damage|p2a: Kingambit|20/100|[from] Stealth Rock
|-activate|p2a: Kingambit|ability: Supreme Overlord
|-start|p2a: Kingambit|fallen4|[silent]
|turn|30
|
|t:|1759051141
|move|p2a: Kingambit|Sucker Punch|p1a: Clefable
|-resisted|p1a: Clefable
|-damage|p1a: Clefable|0 fnt
|faint|p1a: Clefable
|
|-heal|p2a: Kingambit|27/100|[from] item: Leftovers
|upkeep
|
|t:|1759051144
|switch|p1a: Meowscarada|Meowscarada, F|84/100
|turn|31
|
|t:|1759051149
|move|p1a: Meowscarada|Knock Off|p2a: Kingambit
|-start|p1a: Meowscarada|typechange|Dark|[from] ability: Protean
|-damage|p2a: Kingambit|0 fnt
|-enditem|p2a: Kingambit|Leftovers|[from] move: Knock Off|[of] p1a: Meowscarada
|faint|p2a: Kingambit
|-end|p2a: Kingambit|fallen4|[silent]
|
|upkeep
|-message|Sirpeanutcronch forfeited.
|
|win|hyperpizza100
|raw|hyperpizza100's rating: 1835 &rarr; <strong>1860</strong><br />(+25 for winning)
|raw|Sirpeanutcronch's rating: 1927 &rarr; <strong>1902</strong><br />(-25 for losing)
|l|☆Sirpeanutcronch
|player|p2|
|l| Nacht556
|l|☆hyperpizza100
|player|p1|
|l| wgw2333
|l| cynasaurus
|l| PokeJackxy
|l| dsvdv
|l| Itwasneroox
