|j|☆dadadadaxiji
|j|☆hungrymane
|t:|1758935315
|gametype|singles
|player|p1|dadadadaxiji|dawn|1698
|player|p2|hungrymane|169|1822
|gen|9
|tier|[Gen 9] OU
|rated|
|rule|HP Percentage Mod: HP is shown in percentages
|rule|Endless Battle Clause: Forcing endless battles is banned
|rule|Species Clause: Limit one of each Pokémon
|rule|OHKO Clause: OHKO moves are banned
|rule|Evasion Items Clause: Evasion items are banned
|rule|Evasion Moves Clause: Evasion moves are banned
|rule|Evasion Abilities Clause: Evasion abilities are banned
|rule|Sleep Moves Clause: Sleep-inducing moves are banned
|clearpoke
|poke|p1|Pelipper, M|
|poke|p1|Tyranitar, F|
|poke|p1|Ninetales-Alola, M|
|poke|p1|Torkoal, M|
|poke|p1|Hippowdon, F|
|poke|p1|Kingambit, F|
|poke|p2|Kommo-o, F|
|poke|p2|Gliscor, M|
|poke|p2|Cinderace, F|
|poke|p2|Araquanid, M|
|poke|p2|Great Tusk|
|poke|p2|Rillaboom, M|
|teampreview
|inactive|Battle timer is ON: inactive players will automatically lose when time's up. (requested by dadadadaxiji)
|
|t:|1758935328
|teamsize|p1|6
|teamsize|p2|6
|start
|switch|p1a: Pelipper|Pelipper, M|100/100
|switch|p2a: Araquanid|Araquanid, M|100/100
|-weather|RainDance|[from] ability: Drizzle|[of] p1a: Pelipper
|turn|1
|
|t:|1758935333
|move|p1a: Pelipper|Hurricane|p2a: Araquanid
|-supereffective|p2a: Araquanid
|-damage|p2a: Araquanid|19/100
|-enditem|p2a: Araquanid|Red Card|[of] p1a: Pelipper
|drag|p1a: Ninetales|Ninetales-Alola, M|100/100
|-weather|Snowscape|[from] ability: Snow Warning|[of] p1a: Ninetales
|move|p2a: Araquanid|Surf|p1a: Ninetales
|-damage|p1a: Ninetales|33/100
|
|-weather|Snowscape|[upkeep]
|upkeep
|turn|2
|
|t:|1758935344
|switch|p2a: Cinderace|Cinderace, F|100/100
|move|p1a: Ninetales|Blizzard|p2a: Cinderace
|-resisted|p2a: Cinderace
|-damage|p2a: Cinderace|61/100
|-damage|p1a: Ninetales|23/100|[from] item: Life Orb
|
|-weather|Snowscape|[upkeep]
|upkeep
|turn|3
|
|t:|1758935351
|switch|p2a: Araquanid|Araquanid, M|19/100
|switch|p1a: Hippowdon|Hippowdon, F|100/100
|-weather|Sandstorm|[from] ability: Sand Stream|[of] p1a: Hippowdon
|
|-weather|Sandstorm|[upkeep]
|-damage|p2a: Araquanid|13/100|[from] Sandstorm
|upkeep
|turn|4
|
|t:|1758935361
|move|p2a: Araquanid|Sticky Web|p1a: Hippowdon
|-sidestart|p1: dadadadaxiji|move: Sticky Web
|move|p1a: Hippowdon|Stealth Rock|p2a: Araquanid
|-sidestart|p2: hungrymane|move: Stealth Rock
|
|-weather|Sandstorm|[upkeep]
|-damage|p2a: Araquanid|7/100|[from] Sandstorm
|upkeep
|turn|5
|
|t:|1758935368
|switch|p1a: Ninetales|Ninetales-Alola, M|23/100
|-activate|p1a: Ninetales|move: Sticky Web
|-unboost|p1a: Ninetales|spe|1
|-weather|Snowscape|[from] ability: Snow Warning|[of] p1a: Ninetales
|move|p2a: Araquanid|Endeavor|p1a: Ninetales
|-damage|p1a: Ninetales|8/100
|
|-weather|Snowscape|[upkeep]
|upkeep
|turn|6
|
|t:|1758935373
|switch|p2a: Cinderace|Cinderace, F|61/100
|move|p1a: Ninetales|Blizzard|p2a: Cinderace
|-resisted|p2a: Cinderace
|-damage|p2a: Cinderace|24/100
|-damage|p1a: Ninetales|0 fnt|[from] item: Life Orb
|faint|p1a: Ninetales
|
|-weather|Snowscape|[upkeep]
|upkeep
|
|t:|1758935377
|switch|p1a: Pelipper|Pelipper, M|100/100
|-weather|RainDance|[from] ability: Drizzle|[of] p1a: Pelipper
|turn|7
|
|t:|1758935380
|switch|p2a: Araquanid|Araquanid, M|7/100
|-damage|p2a: Araquanid|0 fnt|[from] Stealth Rock
|faint|p2a: Araquanid
|move|p1a: Pelipper|Hurricane|p2: Araquanid|[notarget]
|-fail|p1a: Pelipper
|
|-weather|RainDance|[upkeep]
|upkeep
|
|t:|1758935386
|switch|p2a: Gliscor|Gliscor, M|100/100
|-damage|p2a: Gliscor|88/100|[from] Stealth Rock
|turn|8
|
|t:|1758935393
|move|p1a: Pelipper|Hurricane|p2a: Gliscor
|-damage|p2a: Gliscor|41/100
|move|p2a: Gliscor|Spikes|p1a: Pelipper
|-sidestart|p1: dadadadaxiji|Spikes
|
|-weather|RainDance|[upkeep]
|-status|p2a: Gliscor|tox|[from] item: Toxic Orb
|upkeep
|turn|9
|
|t:|1758935399
|move|p1a: Pelipper|Hurricane|p2a: Gliscor
|-damage|p2a: Gliscor|0 fnt
|faint|p2a: Gliscor
|
|-weather|RainDance|[upkeep]
|upkeep
|
|t:|1758935413
|switch|p2a: Great Tusk|Great Tusk|100/100
|-damage|p2a: Great Tusk|98/100|[from] Stealth Rock
|turn|10
|
|t:|1758935417
|-terastallize|p2a: Great Tusk|Ground
|move|p1a: Pelipper|Hurricane|p2a: Great Tusk
|-damage|p2a: Great Tusk|54/100
|-start|p2a: Great Tusk|confusion
|-activate|p2a: Great Tusk|confusion
|move|p2a: Great Tusk|Knock Off|p1a: Pelipper
|-damage|p1a: Pelipper|63/100
|-enditem|p1a: Pelipper|Choice Scarf|[from] move: Knock Off|[of] p2a: Great Tusk
|
|-weather|RainDance|[upkeep]
|upkeep
|turn|11
|
|t:|1758935425
|-activate|p2a: Great Tusk|confusion
|move|p2a: Great Tusk|Stealth Rock|p1a: Pelipper
|-sidestart|p1: dadadadaxiji|move: Stealth Rock
|move|p1a: Pelipper|Weather Ball|p2a: Great Tusk
|-supereffective|p2a: Great Tusk
|-damage|p2a: Great Tusk|0 fnt
|faint|p2a: Great Tusk
|-end|p2a: Great Tusk|Protosynthesis|[silent]
|
|-weather|none
|upkeep
|
|t:|1758935430
|switch|p2a: Rillaboom|Rillaboom, M|100/100
|-fieldstart|move: Grassy Terrain|[from] ability: Grassy Surge|[of] p2a: Rillaboom
|turn|12
|
|t:|1758935438
|move|p2a: Rillaboom|Grassy Glide|p1a: Pelipper
|-damage|p1a: Pelipper|7/100
|move|p1a: Pelipper|Hurricane|p2a: Rillaboom
|-supereffective|p2a: Rillaboom
|-damage|p2a: Rillaboom|0 fnt
|faint|p2a: Rillaboom
|
|upkeep
|
|t:|1758935442
|switch|p2a: Kommo-o|Kommo-o, F|100/100
|-damage|p2a: Kommo-o|94/100|[from] Stealth Rock
|turn|13
|
|t:|1758935452
|move|p2a: Kommo-o|Shadow Claw|p1a: Pelipper
|-damage|p1a: Pelipper|0 fnt
|faint|p1a: Pelipper
|
|-heal|p2a: Kommo-o|100/100|[from] Grassy Terrain
|upkeep
|
|t:|1758935464
|switch|p1a: Torkoal|Torkoal, M|100/100
|-weather|SunnyDay|[from] ability: Drought|[of] p1a: Torkoal
|turn|14
|
|t:|1758935468
|move|p2a: Kommo-o|Substitute|p2a: Kommo-o
|-start|p2a: Kommo-o|Substitute
|-damage|p2a: Kommo-o|76/100
|move|p1a: Torkoal|Rapid Spin|p2a: Kommo-o
|-activate|p2a: Kommo-o|move: Substitute|[damage]
|-sideend|p1: dadadadaxiji|Spikes|[from] move: Rapid Spin|[of] p1a: Torkoal
|-sideend|p1: dadadadaxiji|Stealth Rock|[from] move: Rapid Spin|[of] p1a: Torkoal
|-sideend|p1: dadadadaxiji|Sticky Web|[from] move: Rapid Spin|[of] p1a: Torkoal
|-boost|p1a: Torkoal|spe|1
|
|-weather|SunnyDay|[upkeep]
|-heal|p2a: Kommo-o|82/100|[from] Grassy Terrain
|upkeep
|turn|15
|
|t:|1758935474
|move|p2a: Kommo-o|Clangorous Soul|p2a: Kommo-o
|-boost|p2a: Kommo-o|atk|1
|-boost|p2a: Kommo-o|def|1
|-boost|p2a: Kommo-o|spa|1
|-boost|p2a: Kommo-o|spd|1
|-boost|p2a: Kommo-o|spe|1
|-damage|p2a: Kommo-o|49/100
|move|p1a: Torkoal|Earth Power|p2a: Kommo-o
|-activate|p2a: Kommo-o|move: Substitute|[damage]
|
|-weather|SunnyDay|[upkeep]
|-heal|p2a: Kommo-o|55/100|[from] Grassy Terrain
|upkeep
|turn|16
|
|t:|1758935483
|move|p2a: Kommo-o|Drain Punch|p1a: Torkoal
|-damage|p1a: Torkoal|66/100
|-heal|p2a: Kommo-o|76/100|[from] drain|[of] p1a: Torkoal
|move|p1a: Torkoal|Earth Power|p2a: Kommo-o
|-end|p2a: Kommo-o|Substitute
|
|-weather|SunnyDay|[upkeep]
|-heal|p2a: Kommo-o|82/100|[from] Grassy Terrain
|-heal|p1a: Torkoal|72/100|[from] Grassy Terrain
|-fieldend|move: Grassy Terrain
|upkeep
|turn|17
|
|t:|1758935490
|switch|p1a: Hippowdon|Hippowdon, F|100/100
|-weather|Sandstorm|[from] ability: Sand Stream|[of] p1a: Hippowdon
|move|p2a: Kommo-o|Clangorous Soul|p2a: Kommo-o
|-boost|p2a: Kommo-o|atk|1
|-boost|p2a: Kommo-o|def|1
|-boost|p2a: Kommo-o|spa|1
|-boost|p2a: Kommo-o|spd|1
|-boost|p2a: Kommo-o|spe|1
|-damage|p2a: Kommo-o|49/100
|
|-weather|Sandstorm|[upkeep]
|-damage|p2a: Kommo-o|43/100|[from] Sandstorm
|upkeep
|turn|18
|
|t:|1758935494
|move|p2a: Kommo-o|Drain Punch|p1a: Hippowdon
|-damage|p1a: Hippowdon|67/100
|-heal|p2a: Kommo-o|67/100|[from] drain|[of] p1a: Hippowdon
|-damage|p2a: Kommo-o|51/100|[from] item: Rocky Helmet|[of] p1a: Hippowdon
|move|p1a: Hippowdon|Whirlwind|p2a: Kommo-o
|drag|p2a: Cinderace|Cinderace, F|24/100
|
|-weather|Sandstorm|[upkeep]
|-damage|p2a: Cinderace|18/100|[from] Sandstorm
|upkeep
|turn|19
|
|t:|1758935506
|move|p2a: Cinderace|Pyro Ball|p1a: Hippowdon|[miss]
|-miss|p2a: Cinderace|p1a: Hippowdon
|move|p1a: Hippowdon|Slack Off|p1a: Hippowdon
|-heal|p1a: Hippowdon|100/100
|
|-weather|Sandstorm|[upkeep]
|-damage|p2a: Cinderace|12/100|[from] Sandstorm
|upkeep
|turn|20
|
|t:|1758935526
|move|p2a: Cinderace|Pyro Ball|p1a: Hippowdon
|-damage|p1a: Hippowdon|62/100
|move|p1a: Hippowdon|Whirlwind|p2a: Cinderace
|drag|p2a: Kommo-o|Kommo-o, F|51/100
|-damage|p2a: Kommo-o|44/100|[from] Stealth Rock
|
|-weather|Sandstorm|[upkeep]
|-damage|p2a: Kommo-o|38/100|[from] Sandstorm
|upkeep
|turn|21
|
|t:|1758935531
|switch|p2a: Cinderace|Cinderace, F|12/100
|move|p1a: Hippowdon|Slack Off|p1a: Hippowdon
|-heal|p1a: Hippowdon|100/100
|
|-weather|none
|upkeep
|turn|22
|
|t:|1758935536
|move|p2a: Cinderace|Court Change|p2a: Cinderace
|-swapsideconditions
|-activate|p2a: Cinderace|move: Court Change
|move|p1a: Hippowdon|Whirlwind|p2a: Cinderace
|drag|p2a: Kommo-o|Kommo-o, F|38/100
|
|upkeep
|turn|23
|
|t:|1758935541
|switch|p2a: Cinderace|Cinderace, F|12/100
|move|p1a: Hippowdon|Stealth Rock|p2a: Cinderace
|-sidestart|p2: hungrymane|move: Stealth Rock
|
|upkeep
|turn|24
|
|t:|1758935545
|move|p2a: Cinderace|Pyro Ball|p1a: Hippowdon
|-damage|p1a: Hippowdon|62/100
|move|p1a: Hippowdon|Whirlwind|p2a: Cinderace
|drag|p2a: Kommo-o|Kommo-o, F|38/100
|-damage|p2a: Kommo-o|32/100|[from] Stealth Rock
|
|upkeep
|turn|25
|
|t:|1758935551
|move|p2a: Kommo-o|Drain Punch|p1a: Hippowdon
|-damage|p1a: Hippowdon|42/100
|-heal|p2a: Kommo-o|46/100|[from] drain|[of] p1a: Hippowdon
|-damage|p2a: Kommo-o|30/100|[from] item: Rocky Helmet|[of] p1a: Hippowdon
|move|p1a: Hippowdon|Slack Off|p1a: Hippowdon
|-heal|p1a: Hippowdon|92/100
|
|upkeep
|turn|26
|
|t:|1758935557
|switch|p2a: Cinderace|Cinderace, F|12/100
|move|p1a: Hippowdon|Earthquake|p2a: Cinderace
|-supereffective|p2a: Cinderace
|-damage|p2a: Cinderace|0 fnt
|faint|p2a: Cinderace
|
|upkeep
|
|t:|1758935559
|switch|p2a: Kommo-o|Kommo-o, F|30/100
|-damage|p2a: Kommo-o|24/100|[from] Stealth Rock
|-enditem|p2a: Kommo-o|Lansat Berry|[eat]
|-start|p2a: Kommo-o|move: Focus Energy
|turn|27
|
|t:|1758935562
|move|p2a: Kommo-o|Drain Punch|p1a: Hippowdon
|-crit|p1a: Hippowdon
|-damage|p1a: Hippowdon|65/100
|-heal|p2a: Kommo-o|43/100|[from] drain|[of] p1a: Hippowdon
|-damage|p2a: Kommo-o|27/100|[from] item: Rocky Helmet|[of] p1a: Hippowdon
|move|p1a: Hippowdon|Earthquake|p2a: Kommo-o
|-damage|p2a: Kommo-o|0 fnt
|faint|p2a: Kommo-o
|
|win|dadadadaxiji
|raw|dadadadaxiji's rating: 1698 &rarr; <strong>1725</strong><br />(+27 for winning)
|raw|hungrymane's rating: 1822 &rarr; <strong>1795</strong><br />(-27 for losing)
|l|☆hungrymane
|player|p2|
|j| gungou
|l| gungou
|j| iq15967
|l| iq15967
|j| arandomenglishname
|l| arandomenglishname
|l|☆dadadadaxiji
|player|p1|
