|j|☆pkamash1
|j|☆steverogers87
|t:|1759020562
|gametype|singles
|player|p1|pkamash1|101|1328
|player|p2|steverogers87|265|1304
|gen|9
|tier|[Gen 9] OU
|rated|
|rule|HP Percentage Mod: HP is shown in percentages
|rule|Endless Battle Clause: Forcing endless battles is banned
|rule|Species Clause: Limit one of each Pokémon
|rule|OHKO Clause: OHKO moves are banned
|rule|Evasion Items Clause: Evasion items are banned
|rule|Evasion Moves Clause: Evasion moves are banned
|rule|Evasion Abilities Clause: Evasion abilities are banned
|rule|Sleep Moves Clause: Sleep-inducing moves are banned
|clearpoke
|poke|p1|Gliscor, F|
|poke|p1|Ogerpon-Wellspring, F|
|poke|p1|Ninetales-Alola, F|
|poke|p1|Moltres|
|poke|p1|Iron Treads|
|poke|p1|Kyurem|
|poke|p2|Zoroark-Hisui, M|
|poke|p2|Lucario, M|
|poke|p2|Goodra, F|
|poke|p2|Swampert, M|
|poke|p2|Weezing-Galar, M|
|poke|p2|Muk-Alola, F|
|teampreview
|inactive|Battle timer is ON: inactive players will automatically lose when time's up. (requested by pkamash1)
|
|t:|1759020582
|teamsize|p1|6
|teamsize|p2|6
|start
|switch|p1a: Ninetales|Ninetales-Alola, F|100/100
|switch|p2a: StatlrWaldorf|Weezing-Galar, M|100/100
|-weather|Snowscape|[from] ability: Snow Warning|[of] p1a: Ninetales
|turn|1
|
|t:|1759020590
|move|p1a: Ninetales|Aurora Veil|p1a: Ninetales
|-sidestart|p1: pkamash1|move: Aurora Veil
|move|p2a: StatlrWaldorf|Sludge Bomb|p1a: Ninetales
|-supereffective|p1a: Ninetales
|-damage|p1a: Ninetales|53/100
|
|-weather|Snowscape|[upkeep]
|upkeep
|turn|2
|
|t:|1759020599
|move|p1a: Ninetales|Blizzard|p2a: StatlrWaldorf
|-damage|p2a: StatlrWaldorf|45/100
|move|p2a: StatlrWaldorf|Toxic Spikes|p1a: Ninetales
|-sidestart|p1: pkamash1|move: Toxic Spikes
|
|-weather|Snowscape|[upkeep]
|-heal|p2a: StatlrWaldorf|52/100|[from] item: Black Sludge
|upkeep
|turn|3
|
|t:|1759020608
|move|p1a: Ninetales|Blizzard|p2a: StatlrWaldorf
|-crit|p2a: StatlrWaldorf
|-damage|p2a: StatlrWaldorf|0 fnt
|faint|p2a: StatlrWaldorf
|
|-weather|Snowscape|[upkeep]
|upkeep
|
|t:|1759020619
|switch|p2a: Dread Pirate|Lucario, M, shiny|100/100
|turn|4
|
|t:|1759020623
|move|p2a: Dread Pirate|Meteor Mash|p1a: Ninetales
|-supereffective|p1a: Ninetales
|-damage|p1a: Ninetales|0 fnt
|-boost|p2a: Dread Pirate|atk|1
|faint|p1a: Ninetales
|
|-weather|Snowscape|[upkeep]
|upkeep
|
|t:|1759020635
|switch|p1a: Iron Treads|Iron Treads|100/100
|turn|5
|
|t:|1759020640
|switch|p2a: Bruni|Swampert, M, shiny|100/100
|move|p1a: Iron Treads|Rapid Spin|p2a: Bruni
|-damage|p2a: Bruni|87/100
|-boost|p1a: Iron Treads|spe|1
|-damage|p1a: Iron Treads|84/100|[from] item: Rocky Helmet|[of] p2a: Bruni
|-sideend|p1: pkamash1|Toxic Spikes|[from] move: Rapid Spin|[of] p1a: Iron Treads
|
|-weather|none
|upkeep
|turn|6
|
|t:|1759020653
|-end|p1a: Iron Treads|Quark Drive|[silent]
|switch|p1a: Kyurem|Kyurem|100/100
|-ability|p1a: Kyurem|Pressure
|move|p2a: Bruni|Liquidation|p1a: Kyurem
|-resisted|p1a: Kyurem
|-damage|p1a: Kyurem|92/100
|
|upkeep
|turn|7
|
|t:|1759020669
|switch|p2a: Dread Pirate|Lucario, M, shiny|100/100
|move|p1a: Kyurem|Dragon Dance|p1a: Kyurem
|-boost|p1a: Kyurem|atk|1
|-boost|p1a: Kyurem|spe|1
|
|upkeep
|turn|8
|
|t:|1759020678
|-terastallize|p1a: Kyurem|Ground
|move|p2a: Dread Pirate|Meteor Mash|p1a: Kyurem|[miss]
|-miss|p2a: Dread Pirate|p1a: Kyurem
|move|p1a: Kyurem|Tera Blast|p2a: Dread Pirate|[anim] Tera Blast Ground
|-supereffective|p2a: Dread Pirate
|-damage|p2a: Dread Pirate|0 fnt
|faint|p2a: Dread Pirate
|
|-sideend|p1: pkamash1|move: Aurora Veil
|upkeep
|
|t:|1759020692
|switch|p2a: Sisu|Goodra, F|100/100
|turn|9
|
|t:|1759020696
|move|p1a: Kyurem|Icicle Spear|p2a: Sisu
|-supereffective|p2a: Sisu
|-damage|p2a: Sisu|53/100
|-supereffective|p2a: Sisu
|-damage|p2a: Sisu|8/100
|-supereffective|p2a: Sisu
|-crit|p2a: Sisu
|-damage|p2a: Sisu|0 fnt
|faint|p2a: Sisu
|-hitcount|p2: Sisu|3
|
|upkeep
|
|t:|1759020705
|switch|p2a: Bruni|Swampert, M, shiny|87/100
|turn|10
|
|t:|1759020714
|move|p1a: Kyurem|Icicle Spear|p2a: Bruni
|-damage|p2a: Bruni|68/100
|-damage|p2a: Bruni|49/100
|-damage|p2a: Bruni|33/100
|-damage|p2a: Bruni|15/100
|-hitcount|p2a: Bruni|4
|move|p2a: Bruni|Liquidation|p1a: Kyurem
|-supereffective|p1a: Kyurem
|-damage|p1a: Kyurem|24/100
|
|upkeep
|turn|11
|
|t:|1759020726
|move|p1a: Kyurem|Icicle Spear|p2a: Bruni
|-damage|p2a: Bruni|0 fnt
|faint|p2a: Bruni
|-hitcount|p2: Bruni|1
|
|upkeep
|
|t:|1759020735
|switch|p2a: Roz|Muk-Alola, F|100/100
|turn|12
|
|t:|1759020739
|-terastallize|p2a: Roz|Flying
|move|p1a: Kyurem|Tera Blast|p2a: Roz|[anim] Tera Blast Ground
|-immune|p2a: Roz
|move|p2a: Roz|Ice Punch|p1a: Kyurem
|-supereffective|p1a: Kyurem
|-damage|p1a: Kyurem|0 fnt
|faint|p1a: Kyurem
|
|upkeep
|
|t:|1759020753
|switch|p1a: Moltres|Moltres|100/100
|turn|13
|
|t:|1759020764
|move|p1a: Moltres|Flamethrower|p2a: Roz
|-damage|p2a: Roz|63/100
|move|p2a: Roz|Poison Jab|p1a: Moltres
|-damage|p1a: Moltres|65/100
|-status|p1a: Moltres|psn|[from] ability: Poison Touch|[of] p2a: Roz
|
|-heal|p2a: Roz|69/100|[from] item: Leftovers
|-damage|p1a: Moltres|53/100 psn|[from] psn
|upkeep
|turn|14
|
|t:|1759020775
|move|p1a: Moltres|Flamethrower|p2a: Roz
|-crit|p2a: Roz
|-damage|p2a: Roz|10/100
|move|p2a: Roz|Knock Off|p1a: Moltres
|-crit|p1a: Moltres
|-damage|p1a: Moltres|0 fnt
|-status|p2a: Roz|brn|[from] ability: Flame Body|[of] p1a: Moltres
|-enditem|p1a: Moltres|Heavy-Duty Boots|[from] move: Knock Off|[of] p2a: Roz
|faint|p1a: Moltres
|
|-heal|p2a: Roz|16/100 brn|[from] item: Leftovers
|-damage|p2a: Roz|10/100 brn|[from] brn
|upkeep
|
|t:|1759020790
|switch|p1a: Iron Treads|Iron Treads|84/100
|turn|15
|
|t:|1759020798
|move|p1a: Iron Treads|Rapid Spin|p2a: Roz
|-damage|p2a: Roz|0 fnt
|-boost|p1a: Iron Treads|spe|1
|faint|p2a: Roz
|
|upkeep
|
|t:|1759020803
|switch|p2a: Zero|Zoroark-Hisui, M|100/100
|turn|16
|
|t:|1759020808
|move|p1a: Iron Treads|Knock Off|p2a: Zero
|-supereffective|p2a: Zero
|-damage|p2a: Zero|0 fnt
|-enditem|p2a: Zero|Covert Cloak|[from] move: Knock Off|[of] p1a: Iron Treads
|faint|p2a: Zero
|
|win|pkamash1
|raw|pkamash1's rating: 1328 &rarr; <strong>1347</strong><br />(+19 for winning)
|raw|steverogers87's rating: 1304 &rarr; <strong>1285</strong><br />(-19 for losing)
|l|☆pkamash1
|player|p1|
|l|☆steverogers87
|player|p2|
