|j|☆belphegorr
|j|☆rkxks
|t:|1759042973
|gametype|singles
|player|p1|belphegorr|hoopster|1324
|player|p2|rkxks|2|1309
|gen|9
|tier|[Gen 9] OU
|rated|
|rule|HP Percentage Mod: HP is shown in percentages
|rule|Endless Battle Clause: Forcing endless battles is banned
|rule|Species Clause: Limit one of each Pokémon
|rule|OHKO Clause: OHKO moves are banned
|rule|Evasion Items Clause: Evasion items are banned
|rule|Evasion Moves Clause: Evasion moves are banned
|rule|Evasion Abilities Clause: Evasion abilities are banned
|rule|Sleep Moves Clause: Sleep-inducing moves are banned
|clearpoke
|poke|p1|Samurott-Hisui, M|
|poke|p1|Coalossal, F|
|poke|p1|Scyther, M|
|poke|p1|Ogerpon, F|
|poke|p1|Weavile, M|
|poke|p1|Gengar, M|
|poke|p2|Meowscarada, M|
|poke|p2|Alomomola, M|
|poke|p2|Gliscor, F|
|poke|p2|Glimmora, F|
|poke|p2|Dondozo, F|
|poke|p2|Kyurem|
|teampreview
|inactive|Battle timer is ON: inactive players will automatically lose when time's up. (requested by belphegorr)
|
|t:|1759042989
|teamsize|p1|6
|teamsize|p2|6
|start
|switch|p1a: Samurott|Samurott-Hisui, M, shiny|100/100
|switch|p2a: 맛칸|Meowscarada, M, shiny|100/100
|turn|1
|
|t:|1759042995
|switch|p1a: Coalossal|Coalossal, F|100/100
|move|p2a: 맛칸|Low Kick|p1a: Coalossal
|-start|p2a: 맛칸|typechange|Fighting|[from] ability: Protean
|-supereffective|p1a: Coalossal
|-damage|p1a: Coalossal|21/100
|-damage|p2a: 맛칸|84/100|[from] item: Rocky Helmet|[of] p1a: Coalossal
|
|upkeep
|turn|2
|
|t:|1759043005
|move|p2a: 맛칸|Low Kick|p1a: Coalossal
|-supereffective|p1a: Coalossal
|-damage|p1a: Coalossal|0 fnt
|-damage|p2a: 맛칸|68/100|[from] item: Rocky Helmet|[of] p1a: Coalossal
|faint|p1a: Coalossal
|
|upkeep
|
|t:|1759043011
|switch|p1a: Gengar|Gengar, M|100/100
|turn|3
|
|t:|1759043016
|switch|p2a: 글랑온|Gliscor, F, shiny|100/100
|move|p1a: Gengar|Nasty Plot|p1a: Gengar
|-boost|p1a: Gengar|spa|2
|
|-status|p2a: 글랑온|tox|[from] item: Toxic Orb
|upkeep
|turn|4
|
|t:|1759043022
|move|p1a: Gengar|Shadow Ball|p2a: 글랑온
|-damage|p2a: 글랑온|0 fnt
|faint|p2a: 글랑온
|
|upkeep
|
|t:|1759043026
|switch|p2a: 맛칸|Meowscarada, M, shiny|68/100
|turn|5
|
|t:|1759043030
|move|p2a: 맛칸|Knock Off|p1a: Gengar
|-start|p2a: 맛칸|typechange|Dark|[from] ability: Protean
|-supereffective|p1a: Gengar
|-enditem|p1a: Gengar|Focus Sash
|-damage|p1a: Gengar|1/100
|-start|p2a: 맛칸|Disable|Knock Off|[from] ability: Cursed Body|[of] p1a: Gengar
|move|p1a: Gengar|Sludge Wave|p2a: 맛칸
|-damage|p2a: 맛칸|0 fnt
|faint|p2a: 맛칸
|
|upkeep
|
|t:|1759043037
|switch|p2a: 맘복치|Alomomola, M, shiny|100/100
|turn|6
|
|t:|1759043043
|move|p2a: 맘복치|Aqua Jet|p1a: Gengar
|-damage|p1a: Gengar|0 fnt
|faint|p1a: Gengar
|
|upkeep
|
|t:|1759043045
|switch|p1a: Samurott|Samurott-Hisui, M, shiny|100/100
|turn|7
|
|t:|1759043050
|switch|p2a: 었럿|Dondozo, F, shiny|100/100
|move|p1a: Samurott|Ceaseless Edge|p2a: 었럿
|-damage|p2a: 었럿|80/100
|-sidestart|p2: rkxks|Spikes
|
|-heal|p2a: 었럿|86/100|[from] item: Leftovers
|upkeep
|turn|8
|
|t:|1759043055
|move|p1a: Samurott|Ceaseless Edge|p2a: 었럿
|-damage|p2a: 었럿|66/100
|-sidestart|p2: rkxks|Spikes
|move|p2a: 었럿|Body Press|p1a: Samurott
|-supereffective|p1a: Samurott
|-damage|p1a: Samurott|25/100
|
|-heal|p2a: 었럿|72/100|[from] item: Leftovers
|upkeep
|turn|9
|
|t:|1759043059
|move|p1a: Samurott|Ceaseless Edge|p2a: 었럿
|-damage|p2a: 었럿|51/100
|-sidestart|p2: rkxks|Spikes
|move|p2a: 었럿|Body Press|p1a: Samurott
|-supereffective|p1a: Samurott
|-damage|p1a: Samurott|0 fnt
|faint|p1a: Samurott
|
|-heal|p2a: 었럿|57/100|[from] item: Leftovers
|upkeep
|
|t:|1759043062
|switch|p1a: Ogerpon|Ogerpon, F|100/100
|turn|10
|
|t:|1759043071
|move|p1a: Ogerpon|Swords Dance|p1a: Ogerpon
|-boost|p1a: Ogerpon|atk|2
|move|p2a: 었럿|Body Press|p1a: Ogerpon
|-damage|p1a: Ogerpon|63/100
|
|-heal|p2a: 었럿|63/100|[from] item: Leftovers
|upkeep
|turn|11
|
|t:|1759043074
|move|p1a: Ogerpon|Ivy Cudgel|p2a: 었럿
|-supereffective|p2a: 었럿
|-damage|p2a: 었럿|20/100
|move|p2a: 었럿|Body Press|p1a: Ogerpon
|-damage|p1a: Ogerpon|26/100
|
|-heal|p2a: 었럿|26/100|[from] item: Leftovers
|upkeep
|turn|12
|
|t:|1759043083
|move|p1a: Ogerpon|Ivy Cudgel|p2a: 었럿
|-supereffective|p2a: 었럿
|-damage|p2a: 었럿|0 fnt
|faint|p2a: 었럿
|
|upkeep
|
|t:|1759043095
|switch|p2a: 킬랖롤|Glimmora, F, shiny|100/100
|-damage|p2a: 킬랖롤|75/100|[from] Spikes
|turn|13
|
|t:|1759043099
|move|p1a: Ogerpon|Ivy Cudgel|p2a: 킬랖롤
|-crit|p2a: 킬랖롤
|-damage|p2a: 킬랖롤|0 fnt
|-activate|p2a: 킬랖롤|ability: Toxic Debris
|-sidestart|p1: belphegorr|move: Toxic Spikes
|faint|p2a: 킬랖롤
|
|upkeep
|
|t:|1759043102
|switch|p2a: 큘무|Kyurem, shiny|100/100
|-damage|p2a: 큘무|75/100|[from] Spikes
|-ability|p2a: 큘무|Pressure
|turn|14
|
|t:|1759043112
|move|p1a: Ogerpon|Play Rough|p2a: 큘무
|-supereffective|p2a: 큘무
|-damage|p2a: 큘무|0 fnt
|faint|p2a: 큘무
|
|upkeep
|-message|rkxks forfeited.
|
|win|belphegorr
|raw|belphegorr's rating: 1324 &rarr; <strong>1343</strong><br />(+19 for winning)
|raw|rkxks's rating: 1309 &rarr; <strong>1290</strong><br />(-19 for losing)
|l|☆rkxks
|player|p2|
|l|☆belphegorr
|player|p1|
