|j|☆diginyobutttwin
|j|☆CadenG18
|t:|1759032467
|gametype|singles
|player|p1|diginyobutttwin|alder|1310
|player|p2|CadenG18|hilbert|1365
|gen|9
|tier|[Gen 9] OU
|rated|
|rule|HP Percentage Mod: HP is shown in percentages
|rule|Endless Battle Clause: Forcing endless battles is banned
|rule|Species Clause: Limit one of each Pokémon
|rule|OHKO Clause: OHKO moves are banned
|rule|Evasion Items Clause: Evasion items are banned
|rule|Evasion Moves Clause: Evasion moves are banned
|rule|Evasion Abilities Clause: Evasion abilities are banned
|rule|Sleep Moves Clause: Sleep-inducing moves are banned
|clearpoke
|poke|p1|Pelipper, F|
|poke|p1|Cinderace, F|
|poke|p1|Ogerpon-Cornerstone, F|
|poke|p1|Deoxys-Speed|
|poke|p1|Zapdos|
|poke|p1|Moltres-Galar|
|poke|p2|Greninja-*, M|
|poke|p2|Ceruledge, F|
|poke|p2|Armarouge, F|
|poke|p2|Hydreigon, F|
|poke|p2|Kommo-o, M|
|poke|p2|Tsareena, F|
|teampreview
|inactive|Battle timer is ON: inactive players will automatically lose when time's up. (requested by CadenG18)
|
|t:|1759032486
|teamsize|p1|6
|teamsize|p2|6
|start
|switch|p1a: Pelipper|Pelipper, F, shiny|100/100
|switch|p2a: Megumi|Greninja, M, shiny|100/100
|-weather|RainDance|[from] ability: Drizzle|[of] p1a: Pelipper
|turn|1
|inactive|diginyobutttwin has 120 seconds left.
|
|t:|1759032521
|switch|p1a: Zapdos|Zapdos|100/100
|move|p2a: Megumi|Sludge Wave|p1a: Zapdos
|-start|p2a: Megumi|typechange|Poison|[from] ability: Protean
|-damage|p1a: Zapdos|50/100
|-damage|p2a: Megumi|91/100|[from] item: Life Orb
|
|-weather|RainDance|[upkeep]
|upkeep
|turn|2
|inactive|diginyobutttwin has 120 seconds left.
|
|t:|1759032539
|move|p2a: Megumi|Sludge Wave|p1a: Zapdos
|-damage|p1a: Zapdos|0 fnt
|faint|p1a: Zapdos
|-damage|p2a: Megumi|81/100|[from] item: Life Orb
|
|-weather|RainDance|[upkeep]
|upkeep
|inactive|diginyobutttwin has 90 seconds left.
|
|t:|1759032565
|switch|p1a: Daddy|Deoxys-Speed|100/100
|-ability|p1a: Daddy|Pressure
|turn|3
|inactive|diginyobutttwin has 90 seconds left.
|
|t:|1759032578
|move|p1a: Daddy|Psycho Boost|p2a: Megumi
|-supereffective|p2a: Megumi
|-damage|p2a: Megumi|0 fnt
|-unboost|p1a: Daddy|spa|2
|faint|p2a: Megumi
|-enditem|p1a: Daddy|Eject Pack
|inactive|diginyobutttwin has 90 seconds left.
|
|t:|1759032588
|switch|p1a: Cindergayce|Cinderace, F|100/100
|
|-weather|RainDance|[upkeep]
|upkeep
|
|t:|1759032603
|switch|p2a: Tsuyo-sa|Kommo-o, M|100/100
|turn|4
|inactive|diginyobutttwin has 90 seconds left.
|inactive|diginyobutttwin has 60 seconds left.
|
|t:|1759032653
|move|p1a: Cindergayce|U-turn|p2a: Tsuyo-sa
|-start|p1a: Cindergayce|typechange|Bug|[from] ability: Libero
|-resisted|p2a: Tsuyo-sa
|-damage|p2a: Tsuyo-sa|85/100
|
|t:|1759032658
|switch|p1a: Pelipper|Pelipper, F, shiny|100/100|[from] U-turn
|move|p2a: Tsuyo-sa|Clangorous Soul|p2a: Tsuyo-sa
|-boost|p2a: Tsuyo-sa|atk|1
|-boost|p2a: Tsuyo-sa|def|1
|-boost|p2a: Tsuyo-sa|spa|1
|-boost|p2a: Tsuyo-sa|spd|1
|-boost|p2a: Tsuyo-sa|spe|1
|-damage|p2a: Tsuyo-sa|52/100
|
|-weather|RainDance|[upkeep]
|-heal|p2a: Tsuyo-sa|59/100|[from] item: Leftovers
|upkeep
|turn|5
|inactive|diginyobutttwin has 60 seconds left.
|inactive|diginyobutttwin has 30 seconds left.
|
|t:|1759032704
|-terastallize|p2a: Tsuyo-sa|Steel
|move|p2a: Tsuyo-sa|Dragon Claw|p1a: Pelipper
|-damage|p1a: Pelipper|49/100
|move|p1a: Pelipper|Hurricane|p2a: Tsuyo-sa
|-resisted|p2a: Tsuyo-sa
|-damage|p2a: Tsuyo-sa|44/100
|
|-weather|RainDance|[upkeep]
|-heal|p2a: Tsuyo-sa|50/100|[from] item: Leftovers
|upkeep
|turn|6
|inactive|diginyobutttwin has 30 seconds left.
|
|t:|1759032714
|move|p2a: Tsuyo-sa|Dragon Claw|p1a: Pelipper
|-damage|p1a: Pelipper|0 fnt
|faint|p1a: Pelipper
|
|-weather|RainDance|[upkeep]
|-heal|p2a: Tsuyo-sa|56/100|[from] item: Leftovers
|upkeep
|inactive|diginyobutttwin has 30 seconds left.
|inactive|diginyobutttwin has 20 seconds left.
|inactive|diginyobutttwin has 15 seconds left.
|
|t:|1759032735
|switch|p1a: Daddy|Deoxys-Speed|100/100
|-ability|p1a: Daddy|Pressure
|turn|7
|inactive|diginyobutttwin has 25 seconds left this turn.
|inactive|diginyobutttwin has 20 seconds left.
|inactive|diginyobutttwin has 15 seconds left.
|
|t:|1759032748
|-terastallize|p1a: Daddy|Fighting
|move|p1a: Daddy|Superpower|p2a: Tsuyo-sa
|-supereffective|p2a: Tsuyo-sa
|-damage|p2a: Tsuyo-sa|0 fnt
|-unboost|p1a: Daddy|atk|1
|-unboost|p1a: Daddy|def|1
|faint|p2a: Tsuyo-sa
|
|-weather|RainDance|[upkeep]
|upkeep
|
|t:|1759032756
|switch|p2a: Soleia|Armarouge, F, shiny|100/100
|turn|8
|inactive|diginyobutttwin has 30 seconds left this turn.
|
|t:|1759032766
|move|p1a: Daddy|Knock Off|p2a: Soleia
|-supereffective|p2a: Soleia
|-damage|p2a: Soleia|69/100
|-ability|p2a: Soleia|Weak Armor|boost
|-unboost|p2a: Soleia|def|1
|-boost|p2a: Soleia|spe|2
|-enditem|p2a: Soleia|Focus Sash|[from] move: Knock Off|[of] p1a: Daddy
|move|p2a: Soleia|Psychic|p1a: Daddy
|-supereffective|p1a: Daddy
|-damage|p1a: Daddy|0 fnt
|faint|p1a: Daddy
|
|-weather|none
|upkeep
|inactive|diginyobutttwin has 30 seconds left this turn.
|inactive|diginyobutttwin has 20 seconds left.
|
|t:|1759032780
|switch|p1a: Incineroer|Moltres-Galar|100/100
|turn|9
|inactive|diginyobutttwin has 30 seconds left this turn.
|c|☆CadenG18|*incineroar
|inactive|diginyobutttwin has 20 seconds left.
|inactive|diginyobutttwin has 15 seconds left.
|inactive|diginyobutttwin has 10 seconds left.
|
|t:|1759032809
|move|p2a: Soleia|Armor Cannon|p1a: Incineroer
|-damage|p1a: Incineroer|46/100
|-unboost|p2a: Soleia|def|1
|-unboost|p2a: Soleia|spd|1
|-ability|p1a: Incineroer|Berserk|boost
|-boost|p1a: Incineroer|spa|1
|-enditem|p1a: Incineroer|Sitrus Berry|[eat]
|-heal|p1a: Incineroer|71/100|[from] item: Sitrus Berry
|move|p1a: Incineroer|Agility|p1a: Incineroer
|-boost|p1a: Incineroer|spe|2
|
|upkeep
|turn|10
|inactive|diginyobutttwin has 20 seconds left this turn.
|inactive|diginyobutttwin has 15 seconds left.
|inactive|diginyobutttwin has 10 seconds left.
|inactive|diginyobutttwin has 5 seconds left.
|
|t:|1759032829
|move|p1a: Incineroer|Fiery Wrath|p2a: Soleia
|-supereffective|p2a: Soleia
|-damage|p2a: Soleia|0 fnt
|faint|p2a: Soleia
|
|upkeep
|
|t:|1759032835
|switch|p2a: Cybele|Tsareena, F|100/100
|turn|11
|inactive|diginyobutttwin has 20 seconds left this turn.
|inactive|diginyobutttwin has 15 seconds left.
|
|t:|1759032841
|move|p1a: Incineroer|Fiery Wrath|p2a: Cybele
|-damage|p2a: Cybele|40/100
|move|p2a: Cybele|Play Rough|p1a: Incineroer
|-supereffective|p1a: Incineroer
|-crit|p1a: Incineroer
|-damage|p1a: Incineroer|0 fnt
|faint|p1a: Incineroer
|
|upkeep
|inactive|diginyobutttwin has 20 seconds left this turn.
|inactive|diginyobutttwin has 15 seconds left.
|
|t:|1759032850
|switch|p1a: Cindergayce|Cinderace, F|100/100
|turn|12
|inactive|diginyobutttwin has 25 seconds left this turn.
|
|t:|1759032871
|move|p1a: Cindergayce|U-turn|p2a: Cybele
|-start|p1a: Cindergayce|typechange|Bug|[from] ability: Libero
|-supereffective|p2a: Cybele
|-damage|p2a: Cybele|0 fnt
|faint|p2a: Cybele
|inactive|diginyobutttwin has 30 seconds left this turn.
|inactive|diginyobutttwin has 20 seconds left.
|
|t:|1759032881
|switch|p1a: Big Booty Latinas|Ogerpon-Cornerstone, F|100/100|[from] U-turn
|
|upkeep
|
|t:|1759032896
|switch|p2a: Cieri|Ceruledge, F, shiny|100/100
|turn|13
|inactive|diginyobutttwin has 30 seconds left.
|
|t:|1759032910
|move|p1a: Big Booty Latinas|Swords Dance|p1a: Big Booty Latinas
|-boost|p1a: Big Booty Latinas|atk|2
|move|p2a: Cieri|Bitter Blade|p1a: Big Booty Latinas
|-damage|p1a: Big Booty Latinas|45/100
|
|upkeep
|turn|14
|inactive|diginyobutttwin has 30 seconds left.
|
|t:|1759032921
|move|p1a: Big Booty Latinas|Ivy Cudgel|p2a: Cieri|[anim] Ivy Cudgel Rock
|-supereffective|p2a: Cieri
|-enditem|p2a: Cieri|Focus Sash
|-damage|p2a: Cieri|1/100
|move|p2a: Cieri|Bitter Blade|p1a: Big Booty Latinas
|-damage|p1a: Big Booty Latinas|0 fnt
|-heal|p2a: Cieri|24/100|[from] drain|[of] p1a: Big Booty Latinas
|faint|p1a: Big Booty Latinas
|
|upkeep
|inactive|diginyobutttwin has 30 seconds left this turn.
|
|t:|1759032929
|switch|p1a: Cindergayce|Cinderace, F|100/100
|turn|15
|
|t:|1759032949
|move|p1a: Cindergayce|Sucker Punch|p2a: Cieri
|-start|p1a: Cindergayce|typechange|Dark|[from] ability: Libero
|-supereffective|p2a: Cieri
|-damage|p2a: Cieri|0 fnt
|faint|p2a: Cieri
|
|upkeep
|
|t:|1759032954
|switch|p2a: Yamata|Hydreigon, F|100/100
|turn|16
|
|t:|1759032963
|move|p1a: Cindergayce|U-turn|p2a: Yamata
|-supereffective|p2a: Yamata
|-damage|p2a: Yamata|47/100
|move|p2a: Yamata|Draco Meteor|p1a: Cindergayce
|-damage|p1a: Cindergayce|0 fnt
|-unboost|p2a: Yamata|spa|2
|faint|p1a: Cindergayce
|
|win|CadenG18
|raw|diginyobutttwin's rating: 1310 &rarr; <strong>1293</strong><br />(-17 for losing)
|raw|CadenG18's rating: 1365 &rarr; <strong>1382</strong><br />(+17 for winning)
|c|☆CadenG18|ggs
|c|☆diginyobutttwin|ggs
|l|☆CadenG18
|player|p2|
|l|☆diginyobutttwin
|player|p1|
