|j|☆baller salsa
|j|☆mistrz niemych
|t:|1758956033
|gametype|singles
|player|p1|baller salsa|gentleman-gen4|1108
|player|p2|mistrz niemych|veteran|1122
|gen|9
|tier|[Gen 9] OU
|rated|
|rule|HP Percentage Mod: HP is shown in percentages
|rule|Endless Battle Clause: Forcing endless battles is banned
|rule|Species Clause: Limit one of each Pokémon
|rule|OHKO Clause: OHKO moves are banned
|rule|Evasion Items Clause: Evasion items are banned
|rule|Evasion Moves Clause: Evasion moves are banned
|rule|Evasion Abilities Clause: Evasion abilities are banned
|rule|Sleep Moves Clause: Sleep-inducing moves are banned
|clearpoke
|poke|p1|Glimmora, M|
|poke|p1|Araquanid, F|
|poke|p1|Kingambit, M|
|poke|p1|Gholdengo|
|poke|p1|Ceruledge, M|
|poke|p1|Iron Valiant|
|poke|p2|Ceruledge, M|
|poke|p2|Hydreigon, F|
|poke|p2|Frosmoth, M|
|poke|p2|Oricorio-Pom-Pom, F|
|poke|p2|Hydrapple, F|
|poke|p2|Kleavor, M|
|teampreview
|
|t:|1758956046
|teamsize|p1|6
|teamsize|p2|6
|start
|switch|p1a: Gholdengo|Gholdengo|100/100
|switch|p2a: Oricorio|Oricorio-Pom-Pom, F|100/100
|turn|1
|
|t:|1758956056
|move|p1a: Gholdengo|Shadow Ball|p2a: Oricorio
|-damage|p2a: Oricorio|38/100
|-unboost|p2a: Oricorio|spd|1
|move|p2a: Oricorio|Quiver Dance|p2a: Oricorio
|-boost|p2a: Oricorio|spa|1
|-boost|p2a: Oricorio|spd|1
|-boost|p2a: Oricorio|spe|1
|
|upkeep
|turn|2
|inactive|Battle timer is ON: inactive players will automatically lose when time's up. (requested by mistrz niemych)
|
|t:|1758956119
|move|p2a: Oricorio|Revelation Dance|p1a: Gholdengo
|-damage|p1a: Gholdengo|63/100
|move|p1a: Gholdengo|Shadow Ball|p2a: Oricorio
|-damage|p2a: Oricorio|0 fnt
|faint|p2a: Oricorio
|
|upkeep
|inactiveoff|Battle timer is now OFF.
|
|t:|1758956129
|switch|p2a: Ceruledge|Ceruledge, M|100/100
|turn|3
|
|t:|1758956136
|move|p2a: Ceruledge|Swords Dance|p2a: Ceruledge
|-boost|p2a: Ceruledge|atk|2
|move|p1a: Gholdengo|Shadow Ball|p2a: Ceruledge
|-supereffective|p2a: Ceruledge
|-damage|p2a: Ceruledge|0 fnt
|faint|p2a: Ceruledge
|
|upkeep
|
|t:|1758956144
|switch|p2a: Hydreigon|Hydreigon, F|100/100
|turn|4
|c|☆baller salsa|bro waht did you think would happen
|
|t:|1758956154
|move|p2a: Hydreigon|Dark Pulse|p1a: Gholdengo
|-supereffective|p1a: Gholdengo
|-damage|p1a: Gholdengo|0 fnt
|faint|p1a: Gholdengo
|
|upkeep
|
|t:|1758956157
|switch|p1a: Iron Valiant|Iron Valiant|100/100
|turn|5
|
|t:|1758956168
|-terastallize|p2a: Hydreigon|Steel
|move|p1a: Iron Valiant|Moonblast|p2a: Hydreigon
|-resisted|p2a: Hydreigon
|-damage|p2a: Hydreigon|73/100
|move|p2a: Hydreigon|Flash Cannon|p1a: Iron Valiant
|-supereffective|p1a: Iron Valiant
|-damage|p1a: Iron Valiant|0 fnt
|faint|p1a: Iron Valiant
|-end|p1a: Iron Valiant|Quark Drive|[silent]
|
|-heal|p2a: Hydreigon|80/100|[from] item: Leftovers
|upkeep
|
|t:|1758956175
|switch|p1a: Ceruledge|Ceruledge, M|100/100
|turn|6
|c|☆mistrz niemych|i thought colbur berry made you resist the super effective move
|c|☆mistrz niemych|surprise it only works on dark type moves
|
|t:|1758956216
|move|p2a: Hydreigon|Dark Pulse|p1a: Ceruledge
|-supereffective|p1a: Ceruledge
|-damage|p1a: Ceruledge|14/100
|move|p1a: Ceruledge|Bitter Blade|p2a: Hydreigon
|-supereffective|p2a: Hydreigon
|-damage|p2a: Hydreigon|0 fnt
|-heal|p1a: Ceruledge|58/100|[from] drain|[of] p2a: Hydreigon
|faint|p2a: Hydreigon
|
|upkeep
|
|t:|1758956223
|switch|p2a: Kleavor|Kleavor, M|100/100
|turn|7
|
|t:|1758956239
|switch|p1a: Araquanid|Araquanid, F, shiny|100/100
|move|p2a: Kleavor|Stone Axe|p1a: Araquanid
|-supereffective|p1a: Araquanid
|-damage|p1a: Araquanid|0 fnt
|-sidestart|p1: baller salsa|move: Stealth Rock
|faint|p1a: Araquanid
|
|upkeep
|
|t:|1758956246
|switch|p1a: Kingambit|Kingambit, M|100/100
|-damage|p1a: Kingambit|94/100|[from] Stealth Rock
|-activate|p1a: Kingambit|ability: Supreme Overlord
|-start|p1a: Kingambit|fallen3|[silent]
|-item|p1a: Kingambit|Air Balloon
|turn|8
|
|t:|1758956252
|move|p2a: Kleavor|Close Combat|p1a: Kingambit
|-supereffective|p1a: Kingambit
|-damage|p1a: Kingambit|0 fnt
|-unboost|p2a: Kleavor|def|1
|-unboost|p2a: Kleavor|spd|1
|-enditem|p1a: Kingambit|Air Balloon
|faint|p1a: Kingambit
|-end|p1a: Kingambit|fallen3|[silent]
|
|upkeep
|
|t:|1758956258
|switch|p1a: starting|Glimmora, M|100/100
|-damage|p1a: starting|88/100|[from] Stealth Rock
|turn|9
|
|t:|1758956266
|switch|p2a: Frosmoth|Frosmoth, M|100/100
|-terastallize|p1a: starting|Flying
|move|p1a: starting|Mortal Spin|p2a: Frosmoth
|-damage|p2a: Frosmoth|89/100
|-status|p2a: Frosmoth|psn
|-sideend|p1: baller salsa|Stealth Rock|[from] move: Mortal Spin|[of] p1a: starting
|
|-damage|p2a: Frosmoth|76/100 psn|[from] psn
|upkeep
|turn|10
|
|t:|1758956273
|move|p1a: starting|Power Gem|p2a: Frosmoth
|-supereffective|p2a: Frosmoth
|-damage|p2a: Frosmoth|0 fnt
|faint|p2a: Frosmoth
|
|upkeep
|
|t:|1758956277
|switch|p2a: Hydrapple|Hydrapple, F|100/100
|turn|11
|
|t:|1758956283
|move|p1a: starting|Mortal Spin|p2a: Hydrapple
|-supereffective|p2a: Hydrapple
|-damage|p2a: Hydrapple|91/100
|-status|p2a: Hydrapple|psn
|move|p2a: Hydrapple|Fickle Beam|p1a: starting|[anim] Fickle Beam All Out
|-activate|p2a: Hydrapple|move: Fickle Beam
|-damage|p1a: starting|0 fnt
|faint|p1a: starting
|
|-damage|p2a: Hydrapple|79/100 psn|[from] psn
|upkeep
|
|t:|1758956286
|switch|p1a: Ceruledge|Ceruledge, M|58/100
|turn|12
|
|t:|1758956294
|move|p1a: Ceruledge|Bitter Blade|p2a: Hydrapple
|-damage|p2a: Hydrapple|40/100 psn
|-heal|p1a: Ceruledge|85/100|[from] drain|[of] p2a: Hydrapple
|move|p2a: Hydrapple|Earth Power|p1a: Ceruledge
|-supereffective|p1a: Ceruledge
|-damage|p1a: Ceruledge|12/100
|
|-damage|p2a: Hydrapple|28/100 psn|[from] psn
|upkeep
|turn|13
|
|t:|1758956303
|move|p1a: Ceruledge|Bitter Blade|p2a: Hydrapple
|-damage|p2a: Hydrapple|0 fnt
|-heal|p1a: Ceruledge|31/100|[from] drain|[of] p2a: Hydrapple
|faint|p2a: Hydrapple
|
|upkeep
|
|t:|1758956309
|switch|p2a: Kleavor|Kleavor, M|100/100
|turn|14
|c|☆mistrz niemych|gg
|
|t:|1758956329
|move|p1a: Ceruledge|Shadow Sneak|p2a: Kleavor
|-damage|p2a: Kleavor|70/100
|move|p2a: Kleavor|Stone Axe|p1a: Ceruledge
|-supereffective|p1a: Ceruledge
|-damage|p1a: Ceruledge|0 fnt
|-sidestart|p1: baller salsa|move: Stealth Rock
|faint|p1a: Ceruledge
|
|win|mistrz niemych
|raw|baller salsa's rating: 1108 &rarr; <strong>1084</strong><br />(-24 for losing)
|raw|mistrz niemych's rating: 1122 &rarr; <strong>1146</strong><br />(+24 for winning)
|l|☆baller salsa
|player|p1|
|l|☆mistrz niemych
|player|p2|
