|j|☆tillersaplant
|j|☆Neo_Nation
|t:|1758946866
|gametype|singles
|player|p1|tillersaplant|psychic-gen4|1206
|player|p2|Neo_Nation|caitlin|1156
|gen|9
|tier|[Gen 9] OU
|rated|
|rule|HP Percentage Mod: HP is shown in percentages
|rule|Endless Battle Clause: Forcing endless battles is banned
|rule|Species Clause: Limit one of each Pokémon
|rule|OHKO Clause: OHKO moves are banned
|rule|Evasion Items Clause: Evasion items are banned
|rule|Evasion Moves Clause: Evasion moves are banned
|rule|Evasion Abilities Clause: Evasion abilities are banned
|rule|Sleep Moves Clause: Sleep-inducing moves are banned
|clearpoke
|poke|p1|Haxorus, M|
|poke|p1|Cryogonal|
|poke|p1|Eelektross, M|
|poke|p1|Palossand, F|
|poke|p1|Scream Tail|
|poke|p1|Inteleon, M|
|poke|p2|Ogerpon-Wellspring, F|
|poke|p2|Blaziken, F|
|poke|p2|Zapdos|
|poke|p2|Kingambit, F|
|poke|p2|Hatterene, F|
|poke|p2|Great Tusk|
|teampreview
|
|t:|1758946896
|teamsize|p1|6
|teamsize|p2|6
|start
|switch|p1a: Palossand|Palossand, F|100/100
|switch|p2a: Zapdos|Zapdos|100/100
|turn|1
|
|t:|1758946906
|move|p2a: Zapdos|Hurricane|p1a: Palossand|[miss]
|-miss|p2a: Zapdos|p1a: Palossand
|move|p1a: Palossand|Shadow Ball|p2a: Zapdos
|-damage|p2a: Zapdos|61/100
|-unboost|p2a: Zapdos|spd|1
|
|upkeep
|turn|2
|inactive|Battle timer is ON: inactive players will automatically lose when time's up. (requested by tillersaplant)
|
|t:|1758946925
|switch|p2a: Ogerpon|Ogerpon-Wellspring, F|100/100
|move|p1a: Palossand|Shadow Ball|p2a: Ogerpon
|-damage|p2a: Ogerpon|54/100
|
|upkeep
|turn|3
|inactive|tillersaplant has 120 seconds left.
|inactive|Neo_Nation has 120 seconds left.
|
|t:|1758946972
|move|p2a: Ogerpon|Swords Dance|p2a: Ogerpon
|-boost|p2a: Ogerpon|atk|2
|move|p1a: Palossand|Shadow Ball|p2a: Ogerpon
|-damage|p2a: Ogerpon|11/100
|
|upkeep
|turn|4
|
|t:|1758946995
|move|p2a: Ogerpon|Horn Leech|p1a: Palossand
|-supereffective|p1a: Palossand
|-damage|p1a: Palossand|0 fnt
|-heal|p2a: Ogerpon|63/100|[from] drain|[of] p1a: Palossand
|faint|p1a: Palossand
|
|upkeep
|
|t:|1758947002
|switch|p1a: Inteleon|Inteleon, M|100/100
|turn|5
|
|t:|1758947010
|-terastallize|p2a: Ogerpon|Water
|detailschange|p2a: Ogerpon|Ogerpon-Wellspring-Tera, F, tera:Water
|-ability|p2a: Ogerpon|Embody Aspect (Wellspring)|boost
|-boost|p2a: Ogerpon|spd|1
|move|p1a: Inteleon|Air Cutter|p2a: Ogerpon
|-damage|p2a: Ogerpon|46/100
|move|p2a: Ogerpon|Horn Leech|p1a: Inteleon
|-supereffective|p1a: Inteleon
|-damage|p1a: Inteleon|0 fnt
|-heal|p2a: Ogerpon|93/100|[from] drain|[of] p1a: Inteleon
|faint|p1a: Inteleon
|
|upkeep
|
|t:|1758947028
|switch|p1a: Eelektross|Eelektross, M|100/100
|turn|6
|
|t:|1758947055
|move|p2a: Ogerpon|Horn Leech|p1a: Eelektross
|-damage|p1a: Eelektross|0 fnt
|-heal|p2a: Ogerpon|100/100|[from] drain|[of] p1a: Eelektross
|faint|p1a: Eelektross
|
|upkeep
|
|t:|1758947064
|switch|p1a: Tomato|Haxorus, M|100/100
|-ability|p1a: Tomato|Mold Breaker
|turn|7
|inactive|Neo_Nation has 90 seconds left.
|
|t:|1758947085
|move|p2a: Ogerpon|Knock Off|p1a: Tomato
|-damage|p1a: Tomato|8/100
|-enditem|p1a: Tomato|Loaded Dice|[from] move: Knock Off|[of] p2a: Ogerpon
|move|p1a: Tomato|Scale Shot|p2a: Ogerpon
|-damage|p2a: Ogerpon|81/100
|-damage|p2a: Ogerpon|59/100
|-damage|p2a: Ogerpon|37/100
|-hitcount|p2a: Ogerpon|3
|-unboost|p1a: Tomato|def|1
|-boost|p1a: Tomato|spe|1
|
|upkeep
|turn|8
|inactive|Neo_Nation has 90 seconds left.
|
|t:|1758947098
|switch|p2a: Hatterene|Hatterene, F|100/100
|move|p1a: Tomato|Scale Shot|p2a: Hatterene
|-immune|p2a: Hatterene
|
|upkeep
|turn|9
|
|t:|1758947107
|move|p1a: Tomato|Iron Head|p2a: Hatterene
|-supereffective|p2a: Hatterene
|-damage|p2a: Hatterene|42/100
|move|p2a: Hatterene|Draining Kiss|p1a: Tomato
|-supereffective|p1a: Tomato
|-damage|p1a: Tomato|0 fnt
|-heal|p2a: Hatterene|47/100|[from] drain|[of] p1a: Tomato
|faint|p1a: Tomato
|
|-heal|p2a: Hatterene|53/100|[from] item: Leftovers
|upkeep
|
|t:|1758947116
|switch|p1a: Jiren|Scream Tail|100/100
|turn|10
|inactive|Neo_Nation has 90 seconds left.
|
|t:|1758947143
|move|p1a: Jiren|Encore|p2a: Hatterene
|move|p2a: Hatterene|Encore||[from] ability: Magic Bounce|[still]
|-fail|p2a: Hatterene
|move|p2a: Hatterene|Calm Mind|p2a: Hatterene
|-boost|p2a: Hatterene|spa|1
|-boost|p2a: Hatterene|spd|1
|
|-heal|p2a: Hatterene|59/100|[from] item: Leftovers
|upkeep
|turn|11
|inactive|Neo_Nation has 90 seconds left.
|
|t:|1758947163
|move|p1a: Jiren|Calm Mind|p1a: Jiren
|-boost|p1a: Jiren|spa|1
|-boost|p1a: Jiren|spd|1
|move|p2a: Hatterene|Draining Kiss|p1a: Jiren
|-damage|p1a: Jiren|82/100
|-heal|p2a: Hatterene|76/100|[from] drain|[of] p1a: Jiren
|
|-heal|p1a: Jiren|88/100|[from] item: Leftovers
|-heal|p2a: Hatterene|82/100|[from] item: Leftovers
|upkeep
|turn|12
|inactive|Neo_Nation has 90 seconds left.
|
|t:|1758947172
|switch|p2a: Kingambit|Kingambit, F|100/100
|move|p1a: Jiren|Calm Mind|p1a: Jiren
|-boost|p1a: Jiren|spa|1
|-boost|p1a: Jiren|spd|1
|
|-heal|p1a: Jiren|94/100|[from] item: Leftovers
|upkeep
|turn|13
|
|t:|1758947189
|-terastallize|p1a: Jiren|Poison
|move|p1a: Jiren|Calm Mind|p1a: Jiren
|-boost|p1a: Jiren|spa|1
|-boost|p1a: Jiren|spd|1
|move|p2a: Kingambit|Iron Head|p1a: Jiren
|-damage|p1a: Jiren|51/100
|
|-heal|p1a: Jiren|57/100|[from] item: Leftovers
|upkeep
|turn|14
|inactive|Neo_Nation has 90 seconds left.
|
|t:|1758947215
|move|p1a: Jiren|Dazzling Gleam|p2a: Kingambit
|-damage|p2a: Kingambit|32/100
|move|p2a: Kingambit|Kowtow Cleave|p1a: Jiren
|-damage|p1a: Jiren|11/100
|
|-heal|p1a: Jiren|17/100|[from] item: Leftovers
|upkeep
|turn|15
|
|t:|1758947224
|move|p2a: Kingambit|Sucker Punch||[still]
|-fail|p2a: Kingambit
|move|p1a: Jiren|Encore|p2a: Kingambit
|-start|p2a: Kingambit|Encore
|
|-heal|p1a: Jiren|24/100|[from] item: Leftovers
|upkeep
|turn|16
|inactive|Neo_Nation has 90 seconds left.
|
|t:|1758947235
|move|p2a: Kingambit|Sucker Punch||[still]
|-fail|p2a: Kingambit
|move|p1a: Jiren|Calm Mind|p1a: Jiren
|-boost|p1a: Jiren|spa|1
|-boost|p1a: Jiren|spd|1
|
|-heal|p1a: Jiren|30/100|[from] item: Leftovers
|upkeep
|turn|17
|inactive|Neo_Nation has 90 seconds left.
|
|t:|1758947242
|-end|p2a: Kingambit|fallenundefined|[silent]
|switch|p2a: Blaziken|Blaziken, F|100/100
|move|p1a: Jiren|Calm Mind|p1a: Jiren
|-boost|p1a: Jiren|spa|1
|-boost|p1a: Jiren|spd|1
|
|-heal|p1a: Jiren|36/100|[from] item: Leftovers
|upkeep
|turn|18
|
|t:|1758947251
|move|p2a: Blaziken|Protect|p2a: Blaziken
|-singleturn|p2a: Blaziken|Protect
|move|p1a: Jiren|Stored Power|p2a: Blaziken
|-activate|p2a: Blaziken|move: Protect
|
|-heal|p1a: Jiren|42/100|[from] item: Leftovers
|-ability|p2a: Blaziken|Speed Boost|boost
|-boost|p2a: Blaziken|spe|1
|upkeep
|turn|19
|
|t:|1758947266
|move|p2a: Blaziken|Flare Blitz|p1a: Jiren
|-damage|p1a: Jiren|0 fnt
|faint|p1a: Jiren
|-end|p1a: Jiren|Protosynthesis|[silent]
|-damage|p2a: Blaziken|84/100|[from] Recoil
|-damage|p2a: Blaziken|74/100|[from] item: Life Orb
|
|-ability|p2a: Blaziken|Speed Boost|boost
|-boost|p2a: Blaziken|spe|1
|upkeep
|-message|tillersaplant forfeited.
|
|win|Neo_Nation
|raw|tillersaplant's rating: 1206 &rarr; <strong>1177</strong><br />(-29 for losing)
|raw|Neo_Nation's rating: 1156 &rarr; <strong>1185</strong><br />(+29 for winning)
|l|☆tillersaplant
|player|p1|
|l|☆Neo_Nation
|player|p2|
