|j|☆KingKaido107
|j|☆Padacitio
|t:|1758938010
|gametype|singles
|player|p1|KingKaido107|dragontamer-gen6|1625
|player|p2|Padacitio|170|1642
|gen|9
|tier|[Gen 9] OU
|rated|
|rule|HP Percentage Mod: HP is shown in percentages
|rule|Endless Battle Clause: Forcing endless battles is banned
|rule|Species Clause: Limit one of each Pokémon
|rule|OHKO Clause: OHKO moves are banned
|rule|Evasion Items Clause: Evasion items are banned
|rule|Evasion Moves Clause: Evasion moves are banned
|rule|Evasion Abilities Clause: Evasion abilities are banned
|rule|Sleep Moves Clause: Sleep-inducing moves are banned
|clearpoke
|poke|p1|Kingambit, M|
|poke|p1|Slowking-Galar, F|
|poke|p1|Magnezone|
|poke|p1|Ting-Lu|
|poke|p1|Kyurem|
|poke|p1|Corviknight, M|
|poke|p2|Dondozo, F|
|poke|p2|Blissey, F|
|poke|p2|Corviknight, F|
|poke|p2|Weezing-Galar, F|
|poke|p2|Gliscor, M|
|poke|p2|Toxapex, F|
|teampreview
|inactive|Battle timer is ON: inactive players will automatically lose when time's up. (requested by KingKaido107)
|
|t:|1758938023
|teamsize|p1|6
|teamsize|p2|6
|start
|switch|p1a: Slowking|Slowking-Galar, F|100/100
|switch|p2a: Gliscor|Gliscor, M|100/100
|turn|1
|j| pdpodwpjdwof
|l| pdpodwpjdwof
|inactive|KingKaido107 has 120 seconds left.
|inactive|KingKaido107 has 90 seconds left.
|inactive|KingKaido107 has 60 seconds left.
|l|☆Padacitio
|inactive|Padacitio disconnected and has a minute to reconnect!
|player|p2|
|j|☆Padacitio
|inactive|Padacitio reconnected.
|player|p2|Padacitio|170|
|inactive|KingKaido107 has 30 seconds left.
|
|t:|1758938144
|move|p2a: Gliscor|Substitute|p2a: Gliscor
|-start|p2a: Gliscor|Substitute
|-damage|p2a: Gliscor|75/100
|-prepare|p1a: Slowking|Chilly Reception|[premajor]
|move|p1a: Slowking|Chilly Reception|p1a: Slowking
|-weather|Snowscape
|
|t:|1758938148
|switch|p1a: Ting-Lu|Ting-Lu|100/100|[from] Chilly Reception
|-ability|p1a: Ting-Lu|Vessel of Ruin
|
|-weather|Snowscape|[upkeep]
|-status|p2a: Gliscor|tox|[from] item: Toxic Orb
|upkeep
|turn|2
|
|t:|1758938157
|move|p2a: Gliscor|Toxic|p1a: Ting-Lu
|-status|p1a: Ting-Lu|tox
|move|p1a: Ting-Lu|Stealth Rock|p2a: Gliscor
|-sidestart|p2: Padacitio|move: Stealth Rock
|
|-weather|Snowscape|[upkeep]
|-heal|p2a: Gliscor|88/100 tox|[from] ability: Poison Heal
|-damage|p1a: Ting-Lu|94/100 tox|[from] psn
|upkeep
|turn|3
|
|t:|1758938167
|move|p2a: Gliscor|Earthquake|p1a: Ting-Lu
|-damage|p1a: Ting-Lu|75/100 tox
|move|p1a: Ting-Lu|Whirlwind|p2a: Gliscor
|drag|p2a: Dondozo|Dondozo, F|100/100
|-damage|p2a: Dondozo|88/100|[from] Stealth Rock
|
|-weather|Snowscape|[upkeep]
|-heal|p1a: Ting-Lu|82/100 tox|[from] item: Leftovers
|-heal|p2a: Dondozo|94/100|[from] item: Leftovers
|-damage|p1a: Ting-Lu|69/100 tox|[from] psn
|upkeep
|turn|4
|
|t:|1758938181
|switch|p2a: Corviknight|Corviknight, F|100/100
|-damage|p2a: Corviknight|88/100|[from] Stealth Rock
|-ability|p2a: Corviknight|Pressure
|move|p1a: Ting-Lu|Ruination|p2a: Corviknight
|-damage|p2a: Corviknight|44/100
|
|-weather|Snowscape|[upkeep]
|-heal|p2a: Corviknight|50/100|[from] item: Leftovers
|-heal|p1a: Ting-Lu|75/100 tox|[from] item: Leftovers
|-damage|p1a: Ting-Lu|57/100 tox|[from] psn
|upkeep
|turn|5
|
|t:|1758938196
|switch|p1a: Magnezone|Magnezone|100/100
|-terastallize|p2a: Corviknight|Fighting
|move|p2a: Corviknight|Defog|p1a: Magnezone
|-unboost|p1a: Magnezone|evasion|1
|-sideend|p2: Padacitio|Stealth Rock|[from] move: Defog|[of] p2a: Corviknight
|
|-weather|none
|-heal|p2a: Corviknight|57/100|[from] item: Leftovers
|upkeep
|turn|6
|
|t:|1758938212
|switch|p1a: Ting-Lu|Ting-Lu|57/100 tox
|-ability|p1a: Ting-Lu|Vessel of Ruin
|switch|p2a: Gliscor|Gliscor, M|88/100 tox
|
|-heal|p1a: Ting-Lu|63/100 tox|[from] item: Leftovers
|-heal|p2a: Gliscor|100/100 tox|[from] ability: Poison Heal
|-damage|p1a: Ting-Lu|57/100 tox|[from] psn
|upkeep
|turn|7
|
|t:|1758938223
|switch|p2a: Corviknight|Corviknight, F, tera:Fighting|57/100
|-ability|p2a: Corviknight|Pressure
|move|p1a: Ting-Lu|Stealth Rock|p2a: Corviknight
|-sidestart|p2: Padacitio|move: Stealth Rock
|
|-heal|p2a: Corviknight|63/100|[from] item: Leftovers
|-heal|p1a: Ting-Lu|63/100 tox|[from] item: Leftovers
|-damage|p1a: Ting-Lu|50/100 tox|[from] psn
|upkeep
|turn|8
|inactive|KingKaido107 has 90 seconds left.
|
|t:|1758938234
|switch|p1a: Slowking|Slowking-Galar, F|100/100
|move|p2a: Corviknight|Defog|p1a: Slowking
|-unboost|p1a: Slowking|evasion|1
|-sideend|p2: Padacitio|Stealth Rock|[from] move: Defog|[of] p2a: Corviknight
|
|-heal|p2a: Corviknight|69/100|[from] item: Leftovers
|upkeep
|turn|9
|
|t:|1758938248
|switch|p2a: Blissey|Blissey, F|100/100
|-prepare|p1a: Slowking|Chilly Reception|[premajor]
|move|p1a: Slowking|Chilly Reception|p1a: Slowking
|-weather|Snowscape
|
|t:|1758938255
|switch|p1a: Kingambit|Kingambit, M|100/100|[from] Chilly Reception
|
|-weather|Snowscape|[upkeep]
|upkeep
|turn|10
|
|t:|1758938265
|-end|p1a: Kingambit|fallenundefined|[silent]
|switch|p1a: Kyurem|Kyurem|100/100
|-ability|p1a: Kyurem|Pressure
|switch|p2a: Corviknight|Corviknight, F, tera:Fighting|69/100
|-ability|p2a: Corviknight|Pressure
|
|-weather|Snowscape|[upkeep]
|-heal|p2a: Corviknight|75/100|[from] item: Leftovers
|upkeep
|turn|11
|
|t:|1758938275
|switch|p2a: Toxapex|Toxapex, F|100/100
|move|p1a: Kyurem|Freeze-Dry|p2a: Toxapex
|-supereffective|p2a: Toxapex
|-damage|p2a: Toxapex|24/100
|
|-weather|Snowscape|[upkeep]
|-heal|p2a: Toxapex|30/100|[from] item: Leftovers
|upkeep
|turn|12
|
|t:|1758938285
|switch|p2a: Blissey|Blissey, F|100/100
|move|p1a: Kyurem|Freeze-Dry|p2a: Blissey
|-damage|p2a: Blissey|81/100
|
|-weather|Snowscape|[upkeep]
|-heal|p2a: Blissey|88/100|[from] item: Leftovers
|upkeep
|turn|13
|
|t:|1758938294
|move|p1a: Kyurem|Freeze-Dry|p2a: Blissey
|-damage|p2a: Blissey|68/100
|move|p2a: Blissey|Stealth Rock|p1a: Kyurem
|-sidestart|p1: KingKaido107|move: Stealth Rock
|
|-weather|none
|-heal|p2a: Blissey|74/100|[from] item: Leftovers
|upkeep
|turn|14
|
|t:|1758938302
|move|p1a: Kyurem|Freeze-Dry|p2a: Blissey
|-damage|p2a: Blissey|56/100
|move|p2a: Blissey|Seismic Toss|p1a: Kyurem
|-damage|p1a: Kyurem|75/100
|
|-heal|p2a: Blissey|62/100|[from] item: Leftovers
|upkeep
|turn|15
|
|t:|1758938311
|move|p1a: Kyurem|Freeze-Dry|p2a: Blissey
|-damage|p2a: Blissey|42/100
|-status|p2a: Blissey|frz
|cant|p2a: Blissey|frz
|
|-heal|p2a: Blissey|48/100 frz|[from] item: Leftovers
|upkeep
|turn|16
|
|t:|1758938323
|-curestatus|p2a: Blissey|frz|[from] ability: Natural Cure
|switch|p2a: Corviknight|Corviknight, F, tera:Fighting|75/100
|-ability|p2a: Corviknight|Pressure
|move|p1a: Kyurem|Freeze-Dry|p2a: Corviknight
|-damage|p2a: Corviknight|14/100
|
|-heal|p2a: Corviknight|20/100|[from] item: Leftovers
|upkeep
|turn|17
|
|t:|1758938336
|switch|p2a: Blissey|Blissey, F|48/100
|move|p1a: Kyurem|Freeze-Dry|p2a: Blissey
|-damage|p2a: Blissey|30/100
|
|-heal|p2a: Blissey|36/100|[from] item: Leftovers
|upkeep
|turn|18
|
|t:|1758938344
|move|p1a: Kyurem|Freeze-Dry|p2a: Blissey
|-damage|p2a: Blissey|18/100
|move|p2a: Blissey|Soft-Boiled|p2a: Blissey
|-heal|p2a: Blissey|68/100
|
|-heal|p2a: Blissey|75/100|[from] item: Leftovers
|upkeep
|turn|19
|
|t:|1758938353
|switch|p1a: Corviknight|Corviknight, M|100/100
|-damage|p1a: Corviknight|88/100|[from] Stealth Rock
|-ability|p1a: Corviknight|Pressure
|move|p2a: Blissey|Calm Mind|p2a: Blissey
|-boost|p2a: Blissey|spa|1
|-boost|p2a: Blissey|spd|1
|
|-heal|p1a: Corviknight|94/100|[from] item: Leftovers
|-heal|p2a: Blissey|81/100|[from] item: Leftovers
|upkeep
|turn|20
|
|t:|1758938364
|switch|p2a: Corviknight|Corviknight, F, tera:Fighting|20/100
|-ability|p2a: Corviknight|Pressure
|move|p1a: Corviknight|Brave Bird|p2a: Corviknight
|-supereffective|p2a: Corviknight
|-damage|p2a: Corviknight|0 fnt
|faint|p2a: Corviknight
|-damage|p1a: Corviknight|88/100|[from] Recoil
|
|-heal|p1a: Corviknight|94/100|[from] item: Leftovers
|upkeep
|
|t:|1758938376
|switch|p2a: Weezing|Weezing-Galar, F|100/100
|-ability|p2a: Weezing|Neutralizing Gas
|turn|21
|
|t:|1758938382
|move|p1a: Corviknight|Defog|p2a: Weezing
|-unboost|p2a: Weezing|evasion|1
|-sideend|p1: KingKaido107|Stealth Rock|[from] move: Defog|[of] p1a: Corviknight
|move|p2a: Weezing|Will-O-Wisp|p1a: Corviknight
|-status|p1a: Corviknight|brn
|
|-heal|p1a: Corviknight|99/100 brn|[from] item: Leftovers
|-damage|p1a: Corviknight|94/100 brn|[from] brn
|upkeep
|turn|22
|
|t:|1758938392
|switch|p1a: Ting-Lu|Ting-Lu|50/100 tox
|move|p2a: Weezing|Will-O-Wisp||[still]
|-fail|p2a: Weezing
|
|-heal|p1a: Ting-Lu|57/100 tox|[from] item: Leftovers
|-damage|p1a: Ting-Lu|50/100 tox|[from] psn
|upkeep
|turn|23
|
|t:|1758938400
|move|p2a: Weezing|Strange Steam|p1a: Ting-Lu
|-supereffective|p1a: Ting-Lu
|-damage|p1a: Ting-Lu|18/100 tox
|-start|p1a: Ting-Lu|confusion
|-activate|p1a: Ting-Lu|confusion
|move|p1a: Ting-Lu|Stealth Rock|p2a: Weezing
|-sidestart|p2: Padacitio|move: Stealth Rock
|
|-heal|p1a: Ting-Lu|24/100 tox|[from] item: Leftovers
|-damage|p1a: Ting-Lu|12/100 tox|[from] psn
|upkeep
|turn|24
|
|t:|1758938411
|move|p2a: Weezing|Defog|p1a: Ting-Lu
|-unboost|p1a: Ting-Lu|evasion|1
|-sideend|p2: Padacitio|Stealth Rock|[from] move: Defog|[of] p2a: Weezing
|-end|p1a: Ting-Lu|confusion
|move|p1a: Ting-Lu|Earthquake|p2a: Weezing
|-supereffective|p2a: Weezing
|-damage|p2a: Weezing|48/100
|
|-heal|p1a: Ting-Lu|18/100 tox|[from] item: Leftovers
|-damage|p1a: Ting-Lu|0 fnt|[from] psn
|faint|p1a: Ting-Lu
|upkeep
|
|t:|1758938421
|switch|p1a: Kingambit|Kingambit, M|100/100
|turn|25
|
|t:|1758938426
|-end|p2a: Weezing|ability: Neutralizing Gas
|-activate|p1a: Kingambit|ability: Supreme Overlord
|-start|p1a: Kingambit|fallen1|[silent]
|switch|p2a: Dondozo|Dondozo, F|94/100
|move|p1a: Kingambit|Iron Head|p2a: Dondozo
|-resisted|p2a: Dondozo
|-damage|p2a: Dondozo|83/100
|
|-heal|p2a: Dondozo|89/100|[from] item: Leftovers
|upkeep
|turn|26
|
|t:|1758938440
|move|p1a: Kingambit|Iron Head|p2a: Dondozo
|-resisted|p2a: Dondozo
|-damage|p2a: Dondozo|79/100
|cant|p2a: Dondozo|flinch
|
|-heal|p2a: Dondozo|85/100|[from] item: Leftovers
|upkeep
|turn|27
|
|t:|1758938449
|-end|p1a: Kingambit|fallen1|[silent]
|switch|p1a: Slowking|Slowking-Galar, F|100/100
|move|p2a: Dondozo|Avalanche|p1a: Slowking
|-damage|p1a: Slowking|91/100
|
|-heal|p2a: Dondozo|91/100|[from] item: Leftovers
|upkeep
|turn|28
|
|t:|1758938468
|switch|p2a: Gliscor|Gliscor, M|100/100 tox
|-prepare|p1a: Slowking|Chilly Reception|[premajor]
|move|p1a: Slowking|Chilly Reception|p1a: Slowking
|-weather|Snowscape
|
|t:|1758938472
|switch|p1a: Kyurem|Kyurem|75/100|[from] Chilly Reception
|-ability|p1a: Kyurem|Pressure
|
|-weather|Snowscape|[upkeep]
|upkeep
|turn|29
|
|t:|1758938481
|switch|p2a: Blissey|Blissey, F|81/100
|move|p1a: Kyurem|Blizzard|p2a: Blissey
|-damage|p2a: Blissey|50/100
|
|-weather|Snowscape|[upkeep]
|-heal|p2a: Blissey|56/100|[from] item: Leftovers
|upkeep
|turn|30
|
|t:|1758938489
|move|p1a: Kyurem|Blizzard|p2a: Blissey
|-damage|p2a: Blissey|29/100
|move|p2a: Blissey|Soft-Boiled|p2a: Blissey
|-heal|p2a: Blissey|79/100
|
|-weather|Snowscape|[upkeep]
|-heal|p2a: Blissey|85/100|[from] item: Leftovers
|upkeep
|turn|31
|
|t:|1758938498
|move|p1a: Kyurem|Blizzard|p2a: Blissey
|-damage|p2a: Blissey|54/100
|move|p2a: Blissey|Calm Mind|p2a: Blissey
|-boost|p2a: Blissey|spa|1
|-boost|p2a: Blissey|spd|1
|
|-weather|Snowscape|[upkeep]
|-heal|p2a: Blissey|60/100|[from] item: Leftovers
|upkeep
|turn|32
|
|t:|1758938507
|switch|p1a: Slowking|Slowking-Galar, F|100/100
|move|p2a: Blissey|Seismic Toss|p1a: Slowking
|-damage|p1a: Slowking|75/100
|
|-weather|none
|-heal|p2a: Blissey|66/100|[from] item: Leftovers
|upkeep
|turn|33
|
|t:|1758938516
|move|p2a: Blissey|Stealth Rock|p1a: Slowking
|-sidestart|p1: KingKaido107|move: Stealth Rock
|move|p1a: Slowking|Toxic|p2a: Blissey
|-status|p2a: Blissey|tox
|
|-heal|p2a: Blissey|72/100 tox|[from] item: Leftovers
|-damage|p2a: Blissey|66/100 tox|[from] psn
|upkeep
|turn|34
|
|t:|1758938531
|-curestatus|p2a: Blissey|tox|[from] ability: Natural Cure
|switch|p2a: Toxapex|Toxapex, F|63/100
|-prepare|p1a: Slowking|Chilly Reception|[premajor]
|move|p1a: Slowking|Chilly Reception|p1a: Slowking
|-weather|Snowscape
|
|t:|1758938536
|switch|p1a: Corviknight|Corviknight, M|94/100 brn|[from] Chilly Reception
|-damage|p1a: Corviknight|81/100 brn|[from] Stealth Rock
|-ability|p1a: Corviknight|Pressure
|
|-weather|Snowscape|[upkeep]
|-heal|p1a: Corviknight|87/100 brn|[from] item: Leftovers
|-heal|p2a: Toxapex|69/100|[from] item: Leftovers
|-damage|p1a: Corviknight|81/100 brn|[from] brn
|upkeep
|turn|35
|
|t:|1758938548
|move|p1a: Corviknight|Defog|p2a: Toxapex
|-unboost|p2a: Toxapex|evasion|1
|-sideend|p1: KingKaido107|Stealth Rock|[from] move: Defog|[of] p1a: Corviknight
|move|p2a: Toxapex|Toxic Spikes|p1a: Corviknight
|-sidestart|p1: KingKaido107|move: Toxic Spikes
|
|-weather|Snowscape|[upkeep]
|-heal|p1a: Corviknight|87/100 brn|[from] item: Leftovers
|-heal|p2a: Toxapex|75/100|[from] item: Leftovers
|-damage|p1a: Corviknight|81/100 brn|[from] brn
|upkeep
|turn|36
|inactive|KingKaido107 has 120 seconds left.
|inactive|KingKaido107 has 90 seconds left.
|l|☆Padacitio
|inactive|Padacitio disconnected and has a minute to reconnect!
|player|p2|
|j|☆Padacitio
|inactive|Padacitio reconnected.
|player|p2|Padacitio|170|
|inactive|KingKaido107 has 60 seconds left.
|inactive|KingKaido107 has 30 seconds left.
|
|t:|1758938678
|move|p1a: Corviknight|Defog|p2a: Toxapex
|-unboost|p2a: Toxapex|evasion|1
|-sideend|p1: KingKaido107|Toxic Spikes|[from] move: Defog|[of] p1a: Corviknight
|move|p2a: Toxapex|Toxic Spikes|p1a: Corviknight
|-sidestart|p1: KingKaido107|move: Toxic Spikes
|
|-weather|Snowscape|[upkeep]
|-heal|p1a: Corviknight|87/100 brn|[from] item: Leftovers
|-heal|p2a: Toxapex|82/100|[from] item: Leftovers
|-damage|p1a: Corviknight|81/100 brn|[from] brn
|upkeep
|turn|37
|
|t:|1758938690
|switch|p2a: Weezing|Weezing-Galar, F|48/100
|-ability|p2a: Weezing|Neutralizing Gas
|move|p1a: Corviknight|Brave Bird|p2a: Weezing
|-damage|p2a: Weezing|37/100
|-damage|p1a: Corviknight|78/100 brn|[from] Recoil
|
|-weather|Snowscape|[upkeep]
|-heal|p1a: Corviknight|84/100 brn|[from] item: Leftovers
|-damage|p1a: Corviknight|78/100 brn|[from] brn
|upkeep
|turn|38
|
|t:|1758938702
|move|p1a: Corviknight|Defog|p2a: Weezing
|-unboost|p2a: Weezing|evasion|1
|-sideend|p1: KingKaido107|Toxic Spikes|[from] move: Defog|[of] p1a: Corviknight
|move|p2a: Weezing|Pain Split|p1a: Corviknight
|-sethp|p1a: Corviknight|54/100 brn|[from] move: Pain Split|[silent]
|-sethp|p2a: Weezing|65/100|[from] move: Pain Split
|
|-weather|none
|-heal|p1a: Corviknight|60/100 brn|[from] item: Leftovers
|-damage|p1a: Corviknight|54/100 brn|[from] brn
|upkeep
|turn|39
|
|t:|1758938715
|move|p1a: Corviknight|Brave Bird|p2a: Weezing
|-damage|p2a: Weezing|54/100
|-damage|p1a: Corviknight|51/100 brn|[from] Recoil
|move|p2a: Weezing|Pain Split|p1a: Corviknight
|-sethp|p1a: Corviknight|48/100 brn|[from] move: Pain Split|[silent]
|-sethp|p2a: Weezing|57/100|[from] move: Pain Split
|
|-heal|p1a: Corviknight|54/100 brn|[from] item: Leftovers
|-damage|p1a: Corviknight|48/100 brn|[from] brn
|upkeep
|turn|40
|
|t:|1758938729
|-end|p2a: Weezing|ability: Neutralizing Gas
|-ability|p1a: Corviknight|Pressure
|switch|p2a: Blissey|Blissey, F|66/100
|move|p1a: Corviknight|Brave Bird|p2a: Blissey
|-damage|p2a: Blissey|48/100
|-damage|p1a: Corviknight|38/100 brn|[from] Recoil
|
|-heal|p1a: Corviknight|44/100 brn|[from] item: Leftovers
|-heal|p2a: Blissey|54/100|[from] item: Leftovers
|-damage|p1a: Corviknight|38/100 brn|[from] brn
|upkeep
|turn|41
|
|t:|1758938742
|move|p1a: Corviknight|Roost|p1a: Corviknight
|-heal|p1a: Corviknight|88/100 brn
|-singleturn|p1a: Corviknight|move: Roost
|move|p2a: Blissey|Soft-Boiled|p2a: Blissey
|-heal|p2a: Blissey|100/100
|
|-heal|p1a: Corviknight|94/100 brn|[from] item: Leftovers
|-damage|p1a: Corviknight|88/100 brn|[from] brn
|upkeep
|turn|42
|
|t:|1758938752
|move|p1a: Corviknight|Body Press|p2a: Blissey
|-supereffective|p2a: Blissey
|-damage|p2a: Blissey|81/100
|move|p2a: Blissey|Seismic Toss|p1a: Corviknight
|-damage|p1a: Corviknight|63/100 brn
|
|-heal|p1a: Corviknight|69/100 brn|[from] item: Leftovers
|-heal|p2a: Blissey|88/100|[from] item: Leftovers
|-damage|p1a: Corviknight|63/100 brn|[from] brn
|upkeep
|turn|43
|
|t:|1758938763
|switch|p1a: Slowking|Slowking-Galar, F|100/100
|move|p2a: Blissey|Seismic Toss|p1a: Slowking
|-damage|p1a: Slowking|75/100
|
|-heal|p2a: Blissey|94/100|[from] item: Leftovers
|upkeep
|turn|44
|
|t:|1758938771
|switch|p1a: Corviknight|Corviknight, M|63/100 brn
|-ability|p1a: Corviknight|Pressure
|move|p2a: Blissey|Stealth Rock|p1a: Corviknight
|-sidestart|p1: KingKaido107|move: Stealth Rock
|
|-heal|p1a: Corviknight|69/100 brn|[from] item: Leftovers
|-heal|p2a: Blissey|99/100|[from] item: Leftovers
|-damage|p1a: Corviknight|63/100 brn|[from] brn
|upkeep
|turn|45
|
|t:|1758938781
|move|p1a: Corviknight|Defog|p2a: Blissey
|-unboost|p2a: Blissey|evasion|1
|-sideend|p1: KingKaido107|Stealth Rock|[from] move: Defog|[of] p1a: Corviknight
|move|p2a: Blissey|Seismic Toss|p1a: Corviknight
|-damage|p1a: Corviknight|38/100 brn
|
|-heal|p1a: Corviknight|44/100 brn|[from] item: Leftovers
|-heal|p2a: Blissey|100/100|[from] item: Leftovers
|-damage|p1a: Corviknight|38/100 brn|[from] brn
|upkeep
|turn|46
|
|t:|1758938792
|move|p1a: Corviknight|Roost|p1a: Corviknight
|-heal|p1a: Corviknight|88/100 brn
|-singleturn|p1a: Corviknight|move: Roost
|move|p2a: Blissey|Seismic Toss|p1a: Corviknight
|-damage|p1a: Corviknight|63/100 brn
|
|-heal|p1a: Corviknight|69/100 brn|[from] item: Leftovers
|-damage|p1a: Corviknight|63/100 brn|[from] brn
|upkeep
|turn|47
|
|t:|1758938802
|move|p1a: Corviknight|Body Press|p2a: Blissey
|-supereffective|p2a: Blissey
|-damage|p2a: Blissey|79/100
|move|p2a: Blissey|Stealth Rock|p1a: Corviknight
|-sidestart|p1: KingKaido107|move: Stealth Rock
|
|-heal|p1a: Corviknight|69/100 brn|[from] item: Leftovers
|-heal|p2a: Blissey|85/100|[from] item: Leftovers
|-damage|p1a: Corviknight|63/100 brn|[from] brn
|upkeep
|turn|48
|
|t:|1758938812
|move|p1a: Corviknight|Defog|p2a: Blissey
|-unboost|p2a: Blissey|evasion|1
|-sideend|p1: KingKaido107|Stealth Rock|[from] move: Defog|[of] p1a: Corviknight
|move|p2a: Blissey|Seismic Toss|p1a: Corviknight
|-damage|p1a: Corviknight|38/100 brn
|
|-heal|p1a: Corviknight|44/100 brn|[from] item: Leftovers
|-heal|p2a: Blissey|92/100|[from] item: Leftovers
|-damage|p1a: Corviknight|38/100 brn|[from] brn
|upkeep
|turn|49
|
|t:|1758938822
|move|p1a: Corviknight|Roost|p1a: Corviknight
|-heal|p1a: Corviknight|88/100 brn
|-singleturn|p1a: Corviknight|move: Roost
|move|p2a: Blissey|Seismic Toss|p1a: Corviknight
|-damage|p1a: Corviknight|63/100 brn
|
|-heal|p1a: Corviknight|69/100 brn|[from] item: Leftovers
|-heal|p2a: Blissey|98/100|[from] item: Leftovers
|-damage|p1a: Corviknight|63/100 brn|[from] brn
|upkeep
|turn|50
|
|t:|1758938833
|move|p1a: Corviknight|Body Press|p2a: Blissey
|-supereffective|p2a: Blissey
|-damage|p2a: Blissey|78/100
|move|p2a: Blissey|Stealth Rock|p1a: Corviknight
|-sidestart|p1: KingKaido107|move: Stealth Rock
|
|-heal|p1a: Corviknight|69/100 brn|[from] item: Leftovers
|-heal|p2a: Blissey|84/100|[from] item: Leftovers
|-damage|p1a: Corviknight|63/100 brn|[from] brn
|upkeep
|turn|51
|
|t:|1758938845
|move|p1a: Corviknight|Defog|p2a: Blissey
|-unboost|p2a: Blissey|evasion|1
|-sideend|p1: KingKaido107|Stealth Rock|[from] move: Defog|[of] p1a: Corviknight
|move|p2a: Blissey|Stealth Rock|p1a: Corviknight
|-sidestart|p1: KingKaido107|move: Stealth Rock
|
|-heal|p1a: Corviknight|69/100 brn|[from] item: Leftovers
|-heal|p2a: Blissey|90/100|[from] item: Leftovers
|-damage|p1a: Corviknight|63/100 brn|[from] brn
|upkeep
|turn|52
|
|t:|1758938855
|move|p1a: Corviknight|Defog|p2a: Blissey
|-unboost|p2a: Blissey|evasion|1
|-sideend|p1: KingKaido107|Stealth Rock|[from] move: Defog|[of] p1a: Corviknight
|move|p2a: Blissey|Stealth Rock|p1a: Corviknight
|-sidestart|p1: KingKaido107|move: Stealth Rock
|
|-heal|p1a: Corviknight|69/100 brn|[from] item: Leftovers
|-heal|p2a: Blissey|97/100|[from] item: Leftovers
|-damage|p1a: Corviknight|63/100 brn|[from] brn
|upkeep
|turn|53
|
|t:|1758938865
|move|p1a: Corviknight|Defog|p2a: Blissey
|-unboost|p2a: Blissey|evasion|1
|-sideend|p1: KingKaido107|Stealth Rock|[from] move: Defog|[of] p1a: Corviknight
|move|p2a: Blissey|Stealth Rock|p1a: Corviknight
|-sidestart|p1: KingKaido107|move: Stealth Rock
|
|-heal|p1a: Corviknight|69/100 brn|[from] item: Leftovers
|-heal|p2a: Blissey|100/100|[from] item: Leftovers
|-damage|p1a: Corviknight|63/100 brn|[from] brn
|upkeep
|turn|54
|
|t:|1758938874
|move|p1a: Corviknight|Body Press|p2a: Blissey
|-supereffective|p2a: Blissey
|-damage|p2a: Blissey|80/100
|move|p2a: Blissey|Seismic Toss|p1a: Corviknight
|-damage|p1a: Corviknight|38/100 brn
|
|-heal|p1a: Corviknight|44/100 brn|[from] item: Leftovers
|-heal|p2a: Blissey|86/100|[from] item: Leftovers
|-damage|p1a: Corviknight|38/100 brn|[from] brn
|upkeep
|turn|55
|
|t:|1758938886
|move|p1a: Corviknight|Roost|p1a: Corviknight
|-heal|p1a: Corviknight|88/100 brn
|-singleturn|p1a: Corviknight|move: Roost
|move|p2a: Blissey|Seismic Toss|p1a: Corviknight
|-damage|p1a: Corviknight|63/100 brn
|
|-heal|p1a: Corviknight|69/100 brn|[from] item: Leftovers
|-heal|p2a: Blissey|92/100|[from] item: Leftovers
|-damage|p1a: Corviknight|63/100 brn|[from] brn
|upkeep
|turn|56
|
|t:|1758938897
|move|p1a: Corviknight|Defog|p2a: Blissey
|-unboost|p2a: Blissey|evasion|1
|-sideend|p1: KingKaido107|Stealth Rock|[from] move: Defog|[of] p1a: Corviknight
|move|p2a: Blissey|Stealth Rock|p1a: Corviknight
|-sidestart|p1: KingKaido107|move: Stealth Rock
|
|-heal|p1a: Corviknight|69/100 brn|[from] item: Leftovers
|-heal|p2a: Blissey|99/100|[from] item: Leftovers
|-damage|p1a: Corviknight|63/100 brn|[from] brn
|upkeep
|turn|57
|
|t:|1758938910
|move|p1a: Corviknight|Defog|p2a: Blissey
|-unboost|p2a: Blissey|evasion|0
|-sideend|p1: KingKaido107|Stealth Rock|[from] move: Defog|[of] p1a: Corviknight
|move|p2a: Blissey|Seismic Toss|p1a: Corviknight
|-damage|p1a: Corviknight|38/100 brn
|
|-heal|p1a: Corviknight|44/100 brn|[from] item: Leftovers
|-heal|p2a: Blissey|100/100|[from] item: Leftovers
|-damage|p1a: Corviknight|38/100 brn|[from] brn
|upkeep
|turn|58
|
|t:|1758938920
|switch|p2a: Weezing|Weezing-Galar, F|57/100
|-ability|p2a: Weezing|Neutralizing Gas
|move|p1a: Corviknight|Roost|p1a: Corviknight
|-heal|p1a: Corviknight|88/100 brn
|-singleturn|p1a: Corviknight|move: Roost
|
|-heal|p1a: Corviknight|94/100 brn|[from] item: Leftovers
|-damage|p1a: Corviknight|88/100 brn|[from] brn
|upkeep
|turn|59
|
|t:|1758938932
|switch|p1a: Slowking|Slowking-Galar, F|100/100
|move|p2a: Weezing|Pain Split|p1a: Slowking
|-sethp|p1a: Slowking|75/100|[from] move: Pain Split|[silent]
|-sethp|p2a: Weezing|88/100|[from] move: Pain Split
|
|upkeep
|turn|60
|
|t:|1758938942
|move|p2a: Weezing|Will-O-Wisp|p1a: Slowking
|-status|p1a: Slowking|brn
|move|p1a: Slowking|Sludge Bomb|p2a: Weezing
|-damage|p2a: Weezing|41/100
|
|-damage|p1a: Slowking|69/100 brn|[from] brn
|upkeep
|turn|61
|
|t:|1758938958
|move|p2a: Weezing|Will-O-Wisp|p1a: Slowking
|-fail|p1a: Slowking|brn
|move|p1a: Slowking|Sludge Bomb|p2a: Weezing
|-damage|p2a: Weezing|0 fnt
|faint|p2a: Weezing
|-end|p2a: Weezing|ability: Neutralizing Gas
|
|-damage|p1a: Slowking|62/100 brn|[from] brn
|upkeep
|
|t:|1758938968
|switch|p2a: Gliscor|Gliscor, M|100/100 tox
|turn|62
|
|t:|1758938978
|switch|p2a: Dondozo|Dondozo, F|91/100
|move|p1a: Slowking|Ice Beam|p2a: Dondozo
|-resisted|p2a: Dondozo
|-damage|p2a: Dondozo|81/100
|
|-heal|p2a: Dondozo|87/100|[from] item: Leftovers
|-damage|p1a: Slowking|56/100 brn|[from] brn
|upkeep
|turn|63
|
|t:|1758938992
|switch|p2a: Blissey|Blissey, F|100/100
|-prepare|p1a: Slowking|Chilly Reception|[premajor]
|move|p1a: Slowking|Chilly Reception|p1a: Slowking
|-weather|Snowscape
|
|t:|1758938998
|switch|p1a: Kyurem|Kyurem|75/100|[from] Chilly Reception
|-ability|p1a: Kyurem|Pressure
|
|-weather|Snowscape|[upkeep]
|upkeep
|turn|64
|
|t:|1758939005
|switch|p1a: Corviknight|Corviknight, M|88/100 brn
|-ability|p1a: Corviknight|Pressure
|move|p2a: Blissey|Seismic Toss|p1a: Corviknight
|-damage|p1a: Corviknight|63/100 brn
|
|-weather|Snowscape|[upkeep]
|-heal|p1a: Corviknight|69/100 brn|[from] item: Leftovers
|-damage|p1a: Corviknight|63/100 brn|[from] brn
|upkeep
|turn|65
|
|t:|1758939023
|switch|p1a: Slowking|Slowking-Galar, F|90/100 brn
|move|p2a: Blissey|Stealth Rock|p1a: Slowking
|-sidestart|p1: KingKaido107|move: Stealth Rock
|
|-weather|Snowscape|[upkeep]
|-damage|p1a: Slowking|83/100 brn|[from] brn
|upkeep
|turn|66
|
|t:|1758939031
|switch|p2a: Toxapex|Toxapex, F|100/100
|-prepare|p1a: Slowking|Chilly Reception|[premajor]
|move|p1a: Slowking|Chilly Reception|p1a: Slowking
|
|t:|1758939032
|switch|p1a: Corviknight|Corviknight, M|63/100 brn|[from] Chilly Reception
|-damage|p1a: Corviknight|51/100 brn|[from] Stealth Rock
|-ability|p1a: Corviknight|Pressure
|
|-weather|Snowscape|[upkeep]
|-heal|p1a: Corviknight|57/100 brn|[from] item: Leftovers
|-damage|p1a: Corviknight|51/100 brn|[from] brn
|upkeep
|turn|67
|
|t:|1758939053
|switch|p2a: Blissey|Blissey, F|100/100
|move|p1a: Corviknight|Defog|p2a: Blissey
|-unboost|p2a: Blissey|evasion|1
|-sideend|p1: KingKaido107|Stealth Rock|[from] move: Defog|[of] p1a: Corviknight
|
|-weather|none
|-heal|p1a: Corviknight|57/100 brn|[from] item: Leftovers
|-damage|p1a: Corviknight|51/100 brn|[from] brn
|upkeep
|turn|68
|
|t:|1758939063
|move|p1a: Corviknight|Roost|p1a: Corviknight
|-heal|p1a: Corviknight|100/100 brn
|-singleturn|p1a: Corviknight|move: Roost
|move|p2a: Blissey|Stealth Rock|p1a: Corviknight
|-sidestart|p1: KingKaido107|move: Stealth Rock
|
|-damage|p1a: Corviknight|94/100 brn|[from] brn
|upkeep
|turn|69
|
|t:|1758939072
|move|p1a: Corviknight|Defog|p2a: Blissey
|-unboost|p2a: Blissey|evasion|1
|-sideend|p1: KingKaido107|Stealth Rock|[from] move: Defog|[of] p1a: Corviknight
|move|p2a: Blissey|Seismic Toss|p1a: Corviknight
|-damage|p1a: Corviknight|69/100 brn
|
|-heal|p1a: Corviknight|75/100 brn|[from] item: Leftovers
|-damage|p1a: Corviknight|69/100 brn|[from] brn
|upkeep
|turn|70
|inactive|KingKaido107 has 120 seconds left.
|inactive|KingKaido107 has 90 seconds left.
|inactive|KingKaido107 has 60 seconds left.
|inactive|KingKaido107 has 30 seconds left.
|
|t:|1758939200
|move|p1a: Corviknight|Body Press|p2a: Blissey
|-supereffective|p2a: Blissey
|-damage|p2a: Blissey|82/100
|move|p2a: Blissey|Stealth Rock|p1a: Corviknight
|-sidestart|p1: KingKaido107|move: Stealth Rock
|
|-heal|p1a: Corviknight|75/100 brn|[from] item: Leftovers
|-heal|p2a: Blissey|88/100|[from] item: Leftovers
|-damage|p1a: Corviknight|69/100 brn|[from] brn
|upkeep
|turn|71
|
|t:|1758939210
|move|p1a: Corviknight|Defog|p2a: Blissey
|-unboost|p2a: Blissey|evasion|1
|-sideend|p1: KingKaido107|Stealth Rock|[from] move: Defog|[of] p1a: Corviknight
|move|p2a: Blissey|Seismic Toss|p1a: Corviknight
|-damage|p1a: Corviknight|44/100 brn
|
|-heal|p1a: Corviknight|50/100 brn|[from] item: Leftovers
|-heal|p2a: Blissey|94/100|[from] item: Leftovers
|-damage|p1a: Corviknight|44/100 brn|[from] brn
|upkeep
|turn|72
|
|t:|1758939223
|move|p1a: Corviknight|Roost|p1a: Corviknight
|-heal|p1a: Corviknight|94/100 brn
|-singleturn|p1a: Corviknight|move: Roost
|move|p2a: Blissey|Seismic Toss|p1a: Corviknight
|-damage|p1a: Corviknight|69/100 brn
|
|-heal|p1a: Corviknight|75/100 brn|[from] item: Leftovers
|-heal|p2a: Blissey|99/100|[from] item: Leftovers
|-damage|p1a: Corviknight|69/100 brn|[from] brn
|upkeep
|turn|73
|
|t:|1758939239
|move|p1a: Corviknight|Body Press|p2a: Blissey
|-supereffective|p2a: Blissey
|-damage|p2a: Blissey|80/100
|move|p2a: Blissey|Stealth Rock|p1a: Corviknight
|-sidestart|p1: KingKaido107|move: Stealth Rock
|
|-heal|p1a: Corviknight|75/100 brn|[from] item: Leftovers
|-heal|p2a: Blissey|86/100|[from] item: Leftovers
|-damage|p1a: Corviknight|69/100 brn|[from] brn
|upkeep
|turn|74
|
|t:|1758939250
|move|p1a: Corviknight|Defog|p2a: Blissey
|-unboost|p2a: Blissey|evasion|1
|-sideend|p1: KingKaido107|Stealth Rock|[from] move: Defog|[of] p1a: Corviknight
|move|p2a: Blissey|Seismic Toss|p1a: Corviknight
|-damage|p1a: Corviknight|44/100 brn
|
|-heal|p1a: Corviknight|50/100 brn|[from] item: Leftovers
|-heal|p2a: Blissey|92/100|[from] item: Leftovers
|-damage|p1a: Corviknight|44/100 brn|[from] brn
|upkeep
|turn|75
|
|t:|1758939262
|move|p1a: Corviknight|Roost|p1a: Corviknight
|-heal|p1a: Corviknight|94/100 brn
|-singleturn|p1a: Corviknight|move: Roost
|move|p2a: Blissey|Stealth Rock|p1a: Corviknight
|-sidestart|p1: KingKaido107|move: Stealth Rock
|
|-heal|p1a: Corviknight|100/100 brn|[from] item: Leftovers
|-heal|p2a: Blissey|99/100|[from] item: Leftovers
|-damage|p1a: Corviknight|94/100 brn|[from] brn
|upkeep
|turn|76
|
|t:|1758939281
|move|p1a: Corviknight|Defog|p2a: Blissey
|-unboost|p2a: Blissey|evasion|1
|-sideend|p1: KingKaido107|Stealth Rock|[from] move: Defog|[of] p1a: Corviknight
|move|p2a: Blissey|Calm Mind|p2a: Blissey
|-boost|p2a: Blissey|spa|1
|-boost|p2a: Blissey|spd|1
|
|-heal|p1a: Corviknight|100/100 brn|[from] item: Leftovers
|-heal|p2a: Blissey|100/100|[from] item: Leftovers
|-damage|p1a: Corviknight|94/100 brn|[from] brn
|upkeep
|turn|77
|
|t:|1758939291
|move|p1a: Corviknight|Body Press|p2a: Blissey
|-supereffective|p2a: Blissey
|-damage|p2a: Blissey|82/100
|move|p2a: Blissey|Stealth Rock|p1a: Corviknight
|-sidestart|p1: KingKaido107|move: Stealth Rock
|
|-heal|p1a: Corviknight|100/100 brn|[from] item: Leftovers
|-heal|p2a: Blissey|89/100|[from] item: Leftovers
|-damage|p1a: Corviknight|94/100 brn|[from] brn
|upkeep
|turn|78
|inactive|Padacitio has 120 seconds left.
|
|t:|1758939322
|move|p1a: Corviknight|Defog|p2a: Blissey
|-unboost|p2a: Blissey|evasion|1
|-sideend|p1: KingKaido107|Stealth Rock|[from] move: Defog|[of] p1a: Corviknight
|move|p2a: Blissey|Calm Mind|p2a: Blissey
|-boost|p2a: Blissey|spa|1
|-boost|p2a: Blissey|spd|1
|
|-heal|p1a: Corviknight|100/100 brn|[from] item: Leftovers
|-heal|p2a: Blissey|95/100|[from] item: Leftovers
|-damage|p1a: Corviknight|94/100 brn|[from] brn
|upkeep
|turn|79
|
|t:|1758939334
|move|p1a: Corviknight|Body Press|p2a: Blissey
|-supereffective|p2a: Blissey
|-damage|p2a: Blissey|75/100
|move|p2a: Blissey|Stealth Rock|p1a: Corviknight
|-sidestart|p1: KingKaido107|move: Stealth Rock
|
|-heal|p1a: Corviknight|100/100 brn|[from] item: Leftovers
|-heal|p2a: Blissey|81/100|[from] item: Leftovers
|-damage|p1a: Corviknight|94/100 brn|[from] brn
|upkeep
|turn|80
|
|t:|1758939359
|switch|p2a: Toxapex|Toxapex, F|100/100
|move|p1a: Corviknight|Defog|p2a: Toxapex
|-unboost|p2a: Toxapex|evasion|1
|-sideend|p1: KingKaido107|Stealth Rock|[from] move: Defog|[of] p1a: Corviknight
|
|-heal|p1a: Corviknight|100/100 brn|[from] item: Leftovers
|-damage|p1a: Corviknight|94/100 brn|[from] brn
|upkeep
|turn|81
|
|t:|1758939368
|switch|p1a: Slowking|Slowking-Galar, F|100/100 brn
|switch|p2a: Blissey|Blissey, F|81/100
|
|-heal|p2a: Blissey|87/100|[from] item: Leftovers
|-damage|p1a: Slowking|94/100 brn|[from] brn
|upkeep
|turn|82
|
|t:|1758939379
|switch|p1a: Corviknight|Corviknight, M|94/100 brn
|-ability|p1a: Corviknight|Pressure
|move|p2a: Blissey|Stealth Rock|p1a: Corviknight
|-sidestart|p1: KingKaido107|move: Stealth Rock
|
|-heal|p1a: Corviknight|100/100 brn|[from] item: Leftovers
|-heal|p2a: Blissey|93/100|[from] item: Leftovers
|-damage|p1a: Corviknight|94/100 brn|[from] brn
|upkeep
|turn|83
|
|t:|1758939392
|move|p1a: Corviknight|Defog|p2a: Blissey
|-unboost|p2a: Blissey|evasion|1
|-sideend|p1: KingKaido107|Stealth Rock|[from] move: Defog|[of] p1a: Corviknight
|move|p2a: Blissey|Calm Mind|p2a: Blissey
|-boost|p2a: Blissey|spa|1
|-boost|p2a: Blissey|spd|1
|
|-heal|p1a: Corviknight|100/100 brn|[from] item: Leftovers
|-heal|p2a: Blissey|99/100|[from] item: Leftovers
|-damage|p1a: Corviknight|94/100 brn|[from] brn
|upkeep
|turn|84
|
|t:|1758939403
|switch|p1a: Slowking|Slowking-Galar, F|100/100 brn
|move|p2a: Blissey|Calm Mind|p2a: Blissey
|-boost|p2a: Blissey|spa|1
|-boost|p2a: Blissey|spd|1
|
|-heal|p2a: Blissey|100/100|[from] item: Leftovers
|-damage|p1a: Slowking|94/100 brn|[from] brn
|upkeep
|turn|85
|
|t:|1758939412
|switch|p2a: Toxapex|Toxapex, F|100/100
|-prepare|p1a: Slowking|Chilly Reception|[premajor]
|move|p1a: Slowking|Chilly Reception|p1a: Slowking
|-weather|Snowscape
|
|t:|1758939415
|switch|p1a: Magnezone|Magnezone|100/100|[from] Chilly Reception
|
|-weather|Snowscape|[upkeep]
|upkeep
|turn|86
|inactive|Padacitio has 120 seconds left.
|
|t:|1758939424
|switch|p1a: Kyurem|Kyurem|75/100
|-ability|p1a: Kyurem|Pressure
|switch|p2a: Gliscor|Gliscor, M|100/100 tox
|
|-weather|Snowscape|[upkeep]
|upkeep
|turn|87
|inactive|Padacitio has 120 seconds left.
|
|t:|1758939434
|move|p2a: Gliscor|Protect|p2a: Gliscor
|-singleturn|p2a: Gliscor|Protect
|move|p1a: Kyurem|Freeze-Dry|p2a: Gliscor
|-activate|p2a: Gliscor|move: Protect
|
|-weather|Snowscape|[upkeep]
|upkeep
|turn|88
|
|t:|1758939442
|switch|p2a: Blissey|Blissey, F|100/100
|move|p1a: Kyurem|Freeze-Dry|p2a: Blissey
|-damage|p2a: Blissey|82/100
|
|-weather|Snowscape|[upkeep]
|-heal|p2a: Blissey|88/100|[from] item: Leftovers
|upkeep
|turn|89
|
|t:|1758939450
|switch|p1a: Magnezone|Magnezone|100/100
|move|p2a: Blissey|Calm Mind|p2a: Blissey
|-boost|p2a: Blissey|spa|1
|-boost|p2a: Blissey|spd|1
|
|-weather|none
|-heal|p2a: Blissey|95/100|[from] item: Leftovers
|upkeep
|turn|90
|
|t:|1758939460
|switch|p1a: Kyurem|Kyurem|75/100
|-ability|p1a: Kyurem|Pressure
|switch|p2a: Gliscor|Gliscor, M|100/100 tox
|
|upkeep
|turn|91
|
|t:|1758939468
|switch|p1a: Slowking|Slowking-Galar, F|100/100 brn
|move|p2a: Gliscor|Protect||[still]
|-fail|p2a: Gliscor
|
|-damage|p1a: Slowking|94/100 brn|[from] brn
|upkeep
|turn|92
|
|t:|1758939476
|switch|p1a: Corviknight|Corviknight, M|94/100 brn
|-ability|p1a: Corviknight|Pressure
|move|p2a: Gliscor|Substitute|p2a: Gliscor
|-start|p2a: Gliscor|Substitute
|-damage|p2a: Gliscor|75/100 tox
|
|-heal|p1a: Corviknight|100/100 brn|[from] item: Leftovers
|-heal|p2a: Gliscor|88/100 tox|[from] ability: Poison Heal
|-damage|p1a: Corviknight|94/100 brn|[from] brn
|upkeep
|turn|93
|
|t:|1758939490
|switch|p2a: Toxapex|Toxapex, F|100/100
|switch|p1a: Slowking|Slowking-Galar, F|100/100 brn
|
|-damage|p1a: Slowking|94/100 brn|[from] brn
|upkeep
|turn|94
|
|t:|1758939499
|switch|p1a: Magnezone|Magnezone|100/100
|move|p2a: Toxapex|Toxic Spikes|p1a: Magnezone
|-sidestart|p1: KingKaido107|move: Toxic Spikes
|
|upkeep
|turn|95
|
|t:|1758939506
|move|p1a: Magnezone|Iron Defense|p1a: Magnezone
|-boost|p1a: Magnezone|def|2
|move|p2a: Toxapex|Toxic Spikes|p1a: Magnezone
|-sidestart|p1: KingKaido107|move: Toxic Spikes
|
|upkeep
|turn|96
|
|t:|1758939512
|switch|p2a: Gliscor|Gliscor, M|88/100 tox
|move|p1a: Magnezone|Thunderbolt|p2a: Gliscor
|-immune|p2a: Gliscor
|
|-heal|p2a: Gliscor|100/100 tox|[from] ability: Poison Heal
|upkeep
|turn|97
|
|t:|1758939523
|switch|p1a: Corviknight|Corviknight, M|94/100 brn
|-ability|p1a: Corviknight|Pressure
|move|p2a: Gliscor|Earthquake|p1a: Corviknight
|-immune|p1a: Corviknight
|
|-heal|p1a: Corviknight|100/100 brn|[from] item: Leftovers
|-damage|p1a: Corviknight|94/100 brn|[from] brn
|upkeep
|turn|98
|
|t:|1758939534
|switch|p2a: Toxapex|Toxapex, F|100/100
|switch|p1a: Slowking|Slowking-Galar, F|100/100 brn
|-sideend|p1: KingKaido107|move: Toxic Spikes|[of] p1a: Slowking
|
|-damage|p1a: Slowking|94/100 brn|[from] brn
|upkeep
|turn|99
|
|t:|1758939543
|switch|p1a: Magnezone|Magnezone|100/100
|move|p2a: Toxapex|Toxic Spikes|p1a: Magnezone
|-sidestart|p1: KingKaido107|move: Toxic Spikes
|
|upkeep
|turn|100
|
|t:|1758939552
|switch|p2a: Gliscor|Gliscor, M|100/100 tox
|move|p1a: Magnezone|Iron Defense|p1a: Magnezone
|-boost|p1a: Magnezone|def|2
|
|upkeep
|turn|101
|
|t:|1758939558
|switch|p2a: Toxapex|Toxapex, F|100/100
|switch|p1a: Slowking|Slowking-Galar, F|100/100 brn
|-sideend|p1: KingKaido107|move: Toxic Spikes|[of] p1a: Slowking
|
|-damage|p1a: Slowking|94/100 brn|[from] brn
|upkeep
|turn|102
|
|t:|1758939573
|switch|p1a: Magnezone|Magnezone|100/100
|move|p2a: Toxapex|Haze|p2a: Toxapex
|-clearallboost
|
|upkeep
|turn|103
|
|t:|1758939580
|switch|p1a: Corviknight|Corviknight, M|94/100 brn
|-ability|p1a: Corviknight|Pressure
|switch|p2a: Gliscor|Gliscor, M|100/100 tox
|
|-heal|p1a: Corviknight|100/100 brn|[from] item: Leftovers
|-damage|p1a: Corviknight|94/100 brn|[from] brn
|upkeep
|turn|104
|
|t:|1758939594
|switch|p2a: Toxapex|Toxapex, F|100/100
|switch|p1a: Slowking|Slowking-Galar, F|100/100 brn
|
|-damage|p1a: Slowking|94/100 brn|[from] brn
|upkeep
|turn|105
|
|t:|1758939604
|switch|p2a: Blissey|Blissey, F|95/100
|switch|p1a: Corviknight|Corviknight, M|94/100 brn
|-ability|p1a: Corviknight|Pressure
|
|-heal|p1a: Corviknight|100/100 brn|[from] item: Leftovers
|-heal|p2a: Blissey|100/100|[from] item: Leftovers
|-damage|p1a: Corviknight|94/100 brn|[from] brn
|upkeep
|turn|106
|
|t:|1758939612
|switch|p1a: Slowking|Slowking-Galar, F|100/100 brn
|switch|p2a: Toxapex|Toxapex, F|100/100
|
|-damage|p1a: Slowking|94/100 brn|[from] brn
|upkeep
|turn|107
|
|t:|1758939616
|switch|p2a: Blissey|Blissey, F|100/100
|-prepare|p1a: Slowking|Chilly Reception|[premajor]
|move|p1a: Slowking|Chilly Reception|p1a: Slowking
|-weather|Snowscape
|
|t:|1758939618
|switch|p1a: Kyurem|Kyurem|75/100|[from] Chilly Reception
|-ability|p1a: Kyurem|Pressure
|
|-weather|Snowscape|[upkeep]
|upkeep
|turn|108
|
|t:|1758939625
|switch|p1a: Slowking|Slowking-Galar, F|100/100 brn
|move|p2a: Blissey|Seismic Toss|p1a: Slowking
|-damage|p1a: Slowking|75/100 brn
|
|-weather|Snowscape|[upkeep]
|-damage|p1a: Slowking|69/100 brn|[from] brn
|upkeep
|turn|109
|
|t:|1758939636
|switch|p2a: Toxapex|Toxapex, F|100/100
|switch|p1a: Kyurem|Kyurem|75/100
|-ability|p1a: Kyurem|Pressure
|
|-weather|Snowscape|[upkeep]
|upkeep
|turn|110
|
|t:|1758939645
|switch|p1a: Corviknight|Corviknight, M|94/100 brn
|-ability|p1a: Corviknight|Pressure
|move|p2a: Toxapex|Toxic||[still]
|-fail|p2a: Toxapex
|
|-weather|Snowscape|[upkeep]
|-heal|p1a: Corviknight|100/100 brn|[from] item: Leftovers
|-damage|p1a: Corviknight|94/100 brn|[from] brn
|upkeep
|turn|111
|
|t:|1758939655
|switch|p1a: Magnezone|Magnezone|100/100
|move|p2a: Toxapex|Toxic|p1a: Magnezone
|-immune|p1a: Magnezone
|
|-weather|none
|upkeep
|turn|112
|
|t:|1758939663
|switch|p1a: Corviknight|Corviknight, M|94/100 brn
|-ability|p1a: Corviknight|Pressure
|move|p2a: Toxapex|Toxic||[still]
|-fail|p2a: Toxapex
|
|-heal|p1a: Corviknight|100/100 brn|[from] item: Leftovers
|-damage|p1a: Corviknight|94/100 brn|[from] brn
|upkeep
|turn|113
|
|t:|1758939674
|switch|p1a: Slowking|Slowking-Galar, F|100/100 brn
|move|p2a: Toxapex|Toxic Spikes|p1a: Slowking
|-sidestart|p1: KingKaido107|move: Toxic Spikes
|
|-damage|p1a: Slowking|94/100 brn|[from] brn
|upkeep
|turn|114
|
|t:|1758939682
|switch|p1a: Corviknight|Corviknight, M|94/100 brn
|-ability|p1a: Corviknight|Pressure
|move|p2a: Toxapex|Toxic||[still]
|-fail|p2a: Toxapex
|
|-heal|p1a: Corviknight|100/100 brn|[from] item: Leftovers
|-damage|p1a: Corviknight|94/100 brn|[from] brn
|upkeep
|turn|115
|inactive|Padacitio has 120 seconds left.
|
|t:|1758939693
|switch|p1a: Slowking|Slowking-Galar, F|100/100 brn
|-sideend|p1: KingKaido107|move: Toxic Spikes|[of] p1a: Slowking
|switch|p2a: Blissey|Blissey, F|100/100
|
|-damage|p1a: Slowking|94/100 brn|[from] brn
|upkeep
|turn|116
|inactive|Padacitio has 120 seconds left.
|
|t:|1758939702
|switch|p2a: Toxapex|Toxapex, F|100/100
|switch|p1a: Kyurem|Kyurem|75/100
|-ability|p1a: Kyurem|Pressure
|
|upkeep
|turn|117
|inactive|Padacitio has 120 seconds left.
|
|t:|1758939710
|switch|p1a: Corviknight|Corviknight, M|94/100 brn
|-ability|p1a: Corviknight|Pressure
|move|p2a: Toxapex|Toxic||[still]
|-fail|p2a: Toxapex
|
|-heal|p1a: Corviknight|100/100 brn|[from] item: Leftovers
|-damage|p1a: Corviknight|94/100 brn|[from] brn
|upkeep
|turn|118
|inactive|Padacitio has 120 seconds left.
|
|t:|1758939722
|switch|p1a: Slowking|Slowking-Galar, F|100/100 brn
|switch|p2a: Blissey|Blissey, F|100/100
|
|-damage|p1a: Slowking|94/100 brn|[from] brn
|upkeep
|turn|119
|
|t:|1758939730
|switch|p2a: Toxapex|Toxapex, F|100/100
|-prepare|p1a: Slowking|Chilly Reception|[premajor]
|move|p1a: Slowking|Chilly Reception|p1a: Slowking
|-weather|Snowscape
|
|t:|1758939733
|switch|p1a: Magnezone|Magnezone|100/100|[from] Chilly Reception
|
|-weather|Snowscape|[upkeep]
|upkeep
|turn|120
|inactive|Padacitio has 120 seconds left.
|
|t:|1758939742
|switch|p2a: Blissey|Blissey, F|100/100
|move|p1a: Magnezone|Thunderbolt|p2a: Blissey
|-damage|p2a: Blissey|88/100
|
|-weather|Snowscape|[upkeep]
|-heal|p2a: Blissey|94/100|[from] item: Leftovers
|upkeep
|turn|121
|inactive|Padacitio has 120 seconds left.
|
|t:|1758939751
|switch|p2a: Gliscor|Gliscor, M|100/100 tox
|move|p1a: Magnezone|Flash Cannon|p2a: Gliscor
|-crit|p2a: Gliscor
|-damage|p2a: Gliscor|58/100 tox
|-unboost|p2a: Gliscor|spd|1
|
|-weather|Snowscape|[upkeep]
|-heal|p2a: Gliscor|71/100 tox|[from] ability: Poison Heal
|upkeep
|turn|122
|inactive|Padacitio has 120 seconds left.
|
|t:|1758939763
|switch|p2a: Blissey|Blissey, F|94/100
|switch|p1a: Corviknight|Corviknight, M|94/100 brn
|-ability|p1a: Corviknight|Pressure
|
|-weather|Snowscape|[upkeep]
|-heal|p1a: Corviknight|100/100 brn|[from] item: Leftovers
|-heal|p2a: Blissey|100/100|[from] item: Leftovers
|-damage|p1a: Corviknight|94/100 brn|[from] brn
|upkeep
|turn|123
|
|t:|1758939775
|switch|p1a: Magnezone|Magnezone|100/100
|switch|p2a: Gliscor|Gliscor, M|71/100 tox
|
|-weather|none
|-heal|p2a: Gliscor|83/100 tox|[from] ability: Poison Heal
|upkeep
|turn|124
|
|t:|1758939783
|switch|p2a: Blissey|Blissey, F|100/100
|switch|p1a: Corviknight|Corviknight, M|94/100 brn
|-ability|p1a: Corviknight|Pressure
|
|-heal|p1a: Corviknight|100/100 brn|[from] item: Leftovers
|-damage|p1a: Corviknight|94/100 brn|[from] brn
|upkeep
|turn|125
|
|t:|1758939793
|switch|p1a: Slowking|Slowking-Galar, F|100/100 brn
|switch|p2a: Gliscor|Gliscor, M|83/100 tox
|
|-heal|p2a: Gliscor|96/100 tox|[from] ability: Poison Heal
|-damage|p1a: Slowking|94/100 brn|[from] brn
|upkeep
|turn|126
|
|t:|1758939797
|switch|p2a: Toxapex|Toxapex, F|100/100
|move|p1a: Slowking|Toxic|p2a: Toxapex
|-immune|p2a: Toxapex
|
|-damage|p1a: Slowking|88/100 brn|[from] brn
|upkeep
|turn|127
|
|t:|1758939804
|switch|p1a: Corviknight|Corviknight, M|94/100 brn
|-ability|p1a: Corviknight|Pressure
|move|p2a: Toxapex|Toxic||[still]
|-fail|p2a: Toxapex
|
|-heal|p1a: Corviknight|100/100 brn|[from] item: Leftovers
|-damage|p1a: Corviknight|94/100 brn|[from] brn
|upkeep
|turn|128
|
|t:|1758939816
|switch|p1a: Slowking|Slowking-Galar, F|100/100 brn
|switch|p2a: Gliscor|Gliscor, M|96/100 tox
|
|-heal|p2a: Gliscor|100/100 tox|[from] ability: Poison Heal
|-damage|p1a: Slowking|94/100 brn|[from] brn
|upkeep
|turn|129
|
|t:|1758939828
|switch|p2a: Toxapex|Toxapex, F|100/100
|move|p1a: Slowking|Ice Beam|p2a: Toxapex
|-resisted|p2a: Toxapex
|-damage|p2a: Toxapex|93/100
|
|-heal|p2a: Toxapex|99/100|[from] item: Leftovers
|-damage|p1a: Slowking|88/100 brn|[from] brn
|upkeep
|turn|130
|
|t:|1758939838
|switch|p2a: Blissey|Blissey, F|100/100
|move|p1a: Slowking|Sludge Bomb|p2a: Blissey
|-damage|p2a: Blissey|91/100
|
|-heal|p2a: Blissey|97/100|[from] item: Leftovers
|-damage|p1a: Slowking|82/100 brn|[from] brn
|upkeep
|turn|131
|
|t:|1758939848
|switch|p2a: Toxapex|Toxapex, F|100/100
|switch|p1a: Kingambit|Kingambit, M|100/100
|-activate|p1a: Kingambit|ability: Supreme Overlord
|-start|p1a: Kingambit|fallen1|[silent]
|
|upkeep
|turn|132
|
|t:|1758939855
|switch|p2a: Dondozo|Dondozo, F|87/100
|move|p1a: Kingambit|Low Kick|p2a: Dondozo
|-damage|p2a: Dondozo|58/100
|
|-heal|p2a: Dondozo|64/100|[from] item: Leftovers
|upkeep
|turn|133
|
|t:|1758939867
|-end|p1a: Kingambit|fallen1|[silent]
|switch|p1a: Magnezone|Magnezone|100/100
|move|p2a: Dondozo|Body Press|p1a: Magnezone
|-supereffective|p1a: Magnezone
|-damage|p1a: Magnezone|56/100
|
|-heal|p2a: Dondozo|70/100|[from] item: Leftovers
|upkeep
|turn|134
|
|t:|1758939878
|switch|p1a: Kyurem|Kyurem|75/100
|-ability|p1a: Kyurem|Pressure
|switch|p2a: Gliscor|Gliscor, M|100/100 tox
|
|upkeep
|turn|135
|
|t:|1758939886
|switch|p1a: Corviknight|Corviknight, M|94/100 brn
|-ability|p1a: Corviknight|Pressure
|switch|p2a: Blissey|Blissey, F|97/100
|
|-heal|p1a: Corviknight|100/100 brn|[from] item: Leftovers
|-heal|p2a: Blissey|100/100|[from] item: Leftovers
|-damage|p1a: Corviknight|94/100 brn|[from] brn
|upkeep
|turn|136
|
|t:|1758939901
|switch|p1a: Slowking|Slowking-Galar, F|100/100 brn
|switch|p2a: Dondozo|Dondozo, F|70/100
|
|-heal|p2a: Dondozo|76/100|[from] item: Leftovers
|-damage|p1a: Slowking|94/100 brn|[from] brn
|upkeep
|turn|137
|
|t:|1758939909
|switch|p2a: Blissey|Blissey, F|100/100
|-prepare|p1a: Slowking|Chilly Reception|[premajor]
|move|p1a: Slowking|Chilly Reception|p1a: Slowking
|-weather|Snowscape
|
|t:|1758939910
|switch|p1a: Kingambit|Kingambit, M|100/100|[from] Chilly Reception
|-activate|p1a: Kingambit|ability: Supreme Overlord
|-start|p1a: Kingambit|fallen1|[silent]
|
|-weather|Snowscape|[upkeep]
|upkeep
|turn|138
|
|t:|1758939919
|switch|p2a: Gliscor|Gliscor, M|100/100 tox
|move|p1a: Kingambit|Low Kick|p2a: Gliscor
|-resisted|p2a: Gliscor
|-damage|p2a: Gliscor|88/100 tox
|
|-weather|Snowscape|[upkeep]
|-heal|p2a: Gliscor|100/100 tox|[from] ability: Poison Heal
|upkeep
|turn|139
|
|t:|1758939929
|switch|p2a: Dondozo|Dondozo, F|76/100
|-end|p1a: Kingambit|fallen1|[silent]
|switch|p1a: Corviknight|Corviknight, M|94/100 brn
|-ability|p1a: Corviknight|Pressure
|
|-weather|Snowscape|[upkeep]
|-heal|p1a: Corviknight|100/100 brn|[from] item: Leftovers
|-heal|p2a: Dondozo|82/100|[from] item: Leftovers
|-damage|p1a: Corviknight|94/100 brn|[from] brn
|upkeep
|turn|140
|
|t:|1758939942
|switch|p1a: Slowking|Slowking-Galar, F|100/100 brn
|move|p2a: Dondozo|Avalanche|p1a: Slowking
|-crit|p1a: Slowking
|-damage|p1a: Slowking|86/100 brn
|
|-weather|Snowscape|[upkeep]
|-heal|p2a: Dondozo|89/100|[from] item: Leftovers
|-damage|p1a: Slowking|80/100 brn|[from] brn
|upkeep
|turn|141
|inactive|Padacitio has 90 seconds left.
|
|t:|1758939953
|switch|p2a: Blissey|Blissey, F|100/100
|-prepare|p1a: Slowking|Chilly Reception|[premajor]
|move|p1a: Slowking|Chilly Reception|p1a: Slowking
|
|t:|1758939955
|switch|p1a: Kingambit|Kingambit, M|100/100|[from] Chilly Reception
|-activate|p1a: Kingambit|ability: Supreme Overlord
|-start|p1a: Kingambit|fallen1|[silent]
|
|-weather|none
|upkeep
|turn|142
|inactive|Padacitio has 90 seconds left.
|
|t:|1758939965
|switch|p2a: Toxapex|Toxapex, F|100/100
|move|p1a: Kingambit|Swords Dance|p1a: Kingambit
|-boost|p1a: Kingambit|atk|2
|
|upkeep
|turn|143
|inactive|Padacitio has 90 seconds left.
|
|t:|1758939974
|switch|p2a: Dondozo|Dondozo, F|89/100
|move|p1a: Kingambit|Iron Head|p2a: Dondozo
|-resisted|p2a: Dondozo
|-damage|p2a: Dondozo|76/100
|
|-heal|p2a: Dondozo|82/100|[from] item: Leftovers
|upkeep
|turn|144
|inactive|Padacitio has 90 seconds left.
|
|t:|1758939988
|-end|p1a: Kingambit|fallen1|[silent]
|switch|p1a: Slowking|Slowking-Galar, F|100/100 brn
|switch|p2a: Toxapex|Toxapex, F|100/100
|
|-damage|p1a: Slowking|94/100 brn|[from] brn
|upkeep
|turn|145
|inactive|Padacitio has 90 seconds left.
|
|t:|1758939997
|switch|p2a: Blissey|Blissey, F|100/100
|-prepare|p1a: Slowking|Chilly Reception|[premajor]
|move|p1a: Slowking|Chilly Reception|p1a: Slowking
|-weather|Snowscape
|
|t:|1758940000
|switch|p1a: Kingambit|Kingambit, M|100/100|[from] Chilly Reception
|-activate|p1a: Kingambit|ability: Supreme Overlord
|-start|p1a: Kingambit|fallen1|[silent]
|
|-weather|Snowscape|[upkeep]
|upkeep
|turn|146
|
|t:|1758940009
|switch|p2a: Dondozo|Dondozo, F|82/100
|move|p1a: Kingambit|Swords Dance|p1a: Kingambit
|-boost|p1a: Kingambit|atk|2
|
|-weather|Snowscape|[upkeep]
|-heal|p2a: Dondozo|88/100|[from] item: Leftovers
|upkeep
|turn|147
|
|t:|1758940020
|-end|p1a: Kingambit|fallen1|[silent]
|switch|p1a: Slowking|Slowking-Galar, F|100/100 brn
|move|p2a: Dondozo|Body Press|p1a: Slowking
|-resisted|p1a: Slowking
|-crit|p1a: Slowking
|-damage|p1a: Slowking|93/100 brn
|
|-weather|Snowscape|[upkeep]
|-heal|p2a: Dondozo|95/100|[from] item: Leftovers
|-damage|p1a: Slowking|87/100 brn|[from] brn
|upkeep
|turn|148
|inactive|Padacitio has 90 seconds left.
|
|t:|1758940030
|switch|p2a: Toxapex|Toxapex, F|100/100
|move|p1a: Slowking|Toxic|p2a: Toxapex
|-immune|p2a: Toxapex
|
|-weather|Snowscape|[upkeep]
|-damage|p1a: Slowking|81/100 brn|[from] brn
|upkeep
|turn|149
|inactive|Padacitio has 90 seconds left.
|
|t:|1758940039
|switch|p2a: Blissey|Blissey, F|100/100
|move|p1a: Slowking|Ice Beam|p2a: Blissey
|-damage|p2a: Blissey|93/100
|
|-weather|none
|-heal|p2a: Blissey|99/100|[from] item: Leftovers
|-damage|p1a: Slowking|75/100 brn|[from] brn
|upkeep
|turn|150
|
|t:|1758940044
|switch|p2a: Toxapex|Toxapex, F|100/100
|-prepare|p1a: Slowking|Chilly Reception|[premajor]
|move|p1a: Slowking|Chilly Reception|p1a: Slowking
|-weather|Snowscape
|
|t:|1758940047
|switch|p1a: Kyurem|Kyurem|75/100|[from] Chilly Reception
|-ability|p1a: Kyurem|Pressure
|
|-weather|Snowscape|[upkeep]
|upkeep
|turn|151
|
|t:|1758940054
|switch|p1a: Corviknight|Corviknight, M|94/100 brn
|-ability|p1a: Corviknight|Pressure
|move|p2a: Toxapex|Toxic||[still]
|-fail|p2a: Toxapex
|
|-weather|Snowscape|[upkeep]
|-heal|p1a: Corviknight|100/100 brn|[from] item: Leftovers
|-damage|p1a: Corviknight|94/100 brn|[from] brn
|upkeep
|turn|152
|
|t:|1758940060
|switch|p1a: Slowking|Slowking-Galar, F|100/100 brn
|switch|p2a: Blissey|Blissey, F|99/100
|
|-weather|Snowscape|[upkeep]
|-heal|p2a: Blissey|100/100|[from] item: Leftovers
|-damage|p1a: Slowking|94/100 brn|[from] brn
|upkeep
|turn|153
|
|t:|1758940068
|switch|p2a: Toxapex|Toxapex, F|100/100
|switch|p1a: Kyurem|Kyurem|75/100
|-ability|p1a: Kyurem|Pressure
|
|-weather|Snowscape|[upkeep]
|upkeep
|turn|154
|
|t:|1758940073
|switch|p1a: Corviknight|Corviknight, M|94/100 brn
|-ability|p1a: Corviknight|Pressure
|switch|p2a: Blissey|Blissey, F|100/100
|
|-weather|none
|-heal|p1a: Corviknight|100/100 brn|[from] item: Leftovers
|-damage|p1a: Corviknight|94/100 brn|[from] brn
|upkeep
|turn|155
|
|t:|1758940076
|switch|p1a: Kyurem|Kyurem|75/100
|-ability|p1a: Kyurem|Pressure
|switch|p2a: Toxapex|Toxapex, F|100/100
|
|upkeep
|turn|156
|
|t:|1758940079
|switch|p1a: Corviknight|Corviknight, M|94/100 brn
|-ability|p1a: Corviknight|Pressure
|switch|p2a: Blissey|Blissey, F|100/100
|
|-heal|p1a: Corviknight|100/100 brn|[from] item: Leftovers
|-damage|p1a: Corviknight|94/100 brn|[from] brn
|upkeep
|turn|157
|
|t:|1758940082
|switch|p1a: Kyurem|Kyurem|75/100
|-ability|p1a: Kyurem|Pressure
|switch|p2a: Toxapex|Toxapex, F|100/100
|
|upkeep
|turn|158
|inactive|Padacitio has 120 seconds left.
|
|t:|1758940090
|switch|p1a: Corviknight|Corviknight, M|94/100 brn
|-ability|p1a: Corviknight|Pressure
|switch|p2a: Blissey|Blissey, F|100/100
|
|-heal|p1a: Corviknight|100/100 brn|[from] item: Leftovers
|-damage|p1a: Corviknight|94/100 brn|[from] brn
|upkeep
|turn|159
|
|t:|1758940095
|switch|p1a: Magnezone|Magnezone|56/100
|switch|p2a: Toxapex|Toxapex, F|100/100
|
|upkeep
|turn|160
|
|t:|1758940101
|switch|p1a: Kyurem|Kyurem|75/100
|-ability|p1a: Kyurem|Pressure
|switch|p2a: Blissey|Blissey, F|100/100
|
|upkeep
|turn|161
|inactive|Padacitio has 120 seconds left.
|
|t:|1758940113
|switch|p2a: Toxapex|Toxapex, F|100/100
|move|p1a: Kyurem|Earth Power|p2a: Toxapex
|-supereffective|p2a: Toxapex
|-damage|p2a: Toxapex|37/100
|
|-heal|p2a: Toxapex|44/100|[from] item: Leftovers
|upkeep
|turn|162
|inactive|Padacitio has 120 seconds left.
|
|t:|1758940121
|switch|p2a: Gliscor|Gliscor, M|100/100 tox
|move|p1a: Kyurem|Earth Power|p2a: Gliscor
|-immune|p2a: Gliscor
|
|upkeep
|turn|163
|inactive|Padacitio has 120 seconds left.
|
|t:|1758940127
|switch|p2a: Toxapex|Toxapex, F|77/100
|move|p1a: Kyurem|Earth Power|p2a: Toxapex
|-supereffective|p2a: Toxapex
|-damage|p2a: Toxapex|11/100
|
|-heal|p2a: Toxapex|17/100|[from] item: Leftovers
|upkeep
|turn|164
|inactive|Padacitio has 120 seconds left.
|
|t:|1758940138
|switch|p1a: Slowking|Slowking-Galar, F|100/100 brn
|switch|p2a: Gliscor|Gliscor, M|100/100 tox
|
|-damage|p1a: Slowking|94/100 brn|[from] brn
|upkeep
|turn|165
|
|t:|1758940145
|switch|p2a: Toxapex|Toxapex, F|50/100
|-prepare|p1a: Slowking|Chilly Reception|[premajor]
|move|p1a: Slowking|Chilly Reception|p1a: Slowking
|-weather|Snowscape
|
|t:|1758940147
|switch|p1a: Kyurem|Kyurem|75/100|[from] Chilly Reception
|-ability|p1a: Kyurem|Pressure
|
|-weather|Snowscape|[upkeep]
|-heal|p2a: Toxapex|57/100|[from] item: Leftovers
|upkeep
|turn|166
|inactive|Padacitio has 120 seconds left.
|
|t:|1758940160
|switch|p2a: Blissey|Blissey, F|100/100
|move|p1a: Kyurem|Freeze-Dry|p2a: Blissey
|-damage|p2a: Blissey|81/100
|-status|p2a: Blissey|frz
|
|-weather|Snowscape|[upkeep]
|-heal|p2a: Blissey|88/100 frz|[from] item: Leftovers
|upkeep
|turn|167
|
|t:|1758940171
|move|p1a: Kyurem|Freeze-Dry|p2a: Blissey
|-damage|p2a: Blissey|68/100 frz
|cant|p2a: Blissey|frz
|
|-weather|Snowscape|[upkeep]
|-heal|p2a: Blissey|75/100 frz|[from] item: Leftovers
|upkeep
|turn|168
|
|t:|1758940181
|move|p1a: Kyurem|Freeze-Dry|p2a: Blissey
|-damage|p2a: Blissey|56/100 frz
|cant|p2a: Blissey|frz
|
|-weather|Snowscape|[upkeep]
|-heal|p2a: Blissey|62/100 frz|[from] item: Leftovers
|upkeep
|turn|169
|
|t:|1758940190
|-curestatus|p2a: Blissey|frz|[from] ability: Natural Cure
|switch|p2a: Toxapex|Toxapex, F|90/100
|move|p1a: Kyurem|Freeze-Dry|p2a: Toxapex
|-supereffective|p2a: Toxapex
|-damage|p2a: Toxapex|8/100
|
|-weather|none
|-heal|p2a: Toxapex|15/100|[from] item: Leftovers
|upkeep
|turn|170
|
|t:|1758940200
|switch|p2a: Blissey|Blissey, F|62/100
|move|p1a: Kyurem|Freeze-Dry|p2a: Blissey
|-crit|p2a: Blissey
|-damage|p2a: Blissey|34/100
|
|-heal|p2a: Blissey|40/100|[from] item: Leftovers
|upkeep
|turn|171
|
|t:|1758940209
|move|p1a: Kyurem|Freeze-Dry|p2a: Blissey
|-damage|p2a: Blissey|22/100
|move|p2a: Blissey|Soft-Boiled|p2a: Blissey
|-heal|p2a: Blissey|72/100
|
|-heal|p2a: Blissey|78/100|[from] item: Leftovers
|upkeep
|turn|172
|
|t:|1758940218
|switch|p1a: Kingambit|Kingambit, M|100/100
|-activate|p1a: Kingambit|ability: Supreme Overlord
|-start|p1a: Kingambit|fallen1|[silent]
|move|p2a: Blissey|Seismic Toss|p1a: Kingambit
|-damage|p1a: Kingambit|71/100
|
|-heal|p2a: Blissey|84/100|[from] item: Leftovers
|upkeep
|turn|173
|
|t:|1758940228
|switch|p2a: Gliscor|Gliscor, M|100/100 tox
|move|p1a: Kingambit|Iron Head|p2a: Gliscor
|-damage|p2a: Gliscor|58/100 tox
|
|-heal|p2a: Gliscor|70/100 tox|[from] ability: Poison Heal
|upkeep
|turn|174
|
|t:|1758940236
|switch|p2a: Toxapex|Toxapex, F|48/100
|-end|p1a: Kingambit|fallen1|[silent]
|switch|p1a: Corviknight|Corviknight, M|94/100 brn
|-ability|p1a: Corviknight|Pressure
|
|-heal|p1a: Corviknight|100/100 brn|[from] item: Leftovers
|-heal|p2a: Toxapex|54/100|[from] item: Leftovers
|-damage|p1a: Corviknight|94/100 brn|[from] brn
|upkeep
|turn|175
|
|t:|1758940247
|switch|p1a: Slowking|Slowking-Galar, F|100/100 brn
|move|p2a: Toxapex|Toxic||[still]
|-fail|p2a: Toxapex
|
|-heal|p2a: Toxapex|60/100|[from] item: Leftovers
|-damage|p1a: Slowking|94/100 brn|[from] brn
|upkeep
|turn|176
|
|t:|1758940257
|move|p2a: Toxapex|Toxic Spikes|p1a: Slowking
|-sidestart|p1: KingKaido107|move: Toxic Spikes
|move|p1a: Slowking|Toxic|p2a: Toxapex
|-immune|p2a: Toxapex
|
|-heal|p2a: Toxapex|67/100|[from] item: Leftovers
|-damage|p1a: Slowking|88/100 brn|[from] brn
|upkeep
|turn|177
|
|t:|1758940272
|switch|p2a: Gliscor|Gliscor, M|70/100 tox
|move|p1a: Slowking|Toxic|p2a: Gliscor
|-fail|p2a: Gliscor|tox
|
|-heal|p2a: Gliscor|83/100 tox|[from] ability: Poison Heal
|-damage|p1a: Slowking|82/100 brn|[from] brn
|upkeep
|turn|178
|inactive|Padacitio has 90 seconds left.
|
|t:|1758940283
|switch|p2a: Toxapex|Toxapex, F|99/100
|switch|p1a: Corviknight|Corviknight, M|94/100 brn
|-ability|p1a: Corviknight|Pressure
|
|-heal|p1a: Corviknight|100/100 brn|[from] item: Leftovers
|-heal|p2a: Toxapex|100/100|[from] item: Leftovers
|-damage|p1a: Corviknight|94/100 brn|[from] brn
|upkeep
|turn|179
|inactive|Padacitio has 90 seconds left.
|
|t:|1758940288
|switch|p1a: Slowking|Slowking-Galar, F|100/100 brn
|-sideend|p1: KingKaido107|move: Toxic Spikes|[of] p1a: Slowking
|move|p2a: Toxapex|Toxic Spikes|p1a: Slowking
|-sidestart|p1: KingKaido107|move: Toxic Spikes
|
|-damage|p1a: Slowking|94/100 brn|[from] brn
|upkeep
|turn|180
|inactive|Padacitio has 90 seconds left.
|
|t:|1758940296
|switch|p2a: Blissey|Blissey, F|84/100
|switch|p1a: Corviknight|Corviknight, M|94/100 brn
|-ability|p1a: Corviknight|Pressure
|
|-heal|p1a: Corviknight|100/100 brn|[from] item: Leftovers
|-heal|p2a: Blissey|90/100|[from] item: Leftovers
|-damage|p1a: Corviknight|94/100 brn|[from] brn
|upkeep
|turn|181
|
|t:|1758940298
|switch|p1a: Slowking|Slowking-Galar, F|100/100 brn
|-sideend|p1: KingKaido107|move: Toxic Spikes|[of] p1a: Slowking
|switch|p2a: Toxapex|Toxapex, F|100/100
|
|-damage|p1a: Slowking|94/100 brn|[from] brn
|upkeep
|turn|182
|
|t:|1758940303
|switch|p1a: Corviknight|Corviknight, M|94/100 brn
|-ability|p1a: Corviknight|Pressure
|move|p2a: Toxapex|Toxic Spikes|p1a: Corviknight
|-sidestart|p1: KingKaido107|move: Toxic Spikes
|
|-heal|p1a: Corviknight|100/100 brn|[from] item: Leftovers
|-damage|p1a: Corviknight|94/100 brn|[from] brn
|upkeep
|turn|183
|
|t:|1758940307
|switch|p1a: Slowking|Slowking-Galar, F|100/100 brn
|-sideend|p1: KingKaido107|move: Toxic Spikes|[of] p1a: Slowking
|switch|p2a: Blissey|Blissey, F|90/100
|
|-heal|p2a: Blissey|97/100|[from] item: Leftovers
|-damage|p1a: Slowking|94/100 brn|[from] brn
|upkeep
|turn|184
|
|t:|1758940310
|switch|p2a: Toxapex|Toxapex, F|100/100
|switch|p1a: Corviknight|Corviknight, M|94/100 brn
|-ability|p1a: Corviknight|Pressure
|
|-heal|p1a: Corviknight|100/100 brn|[from] item: Leftovers
|-damage|p1a: Corviknight|94/100 brn|[from] brn
|upkeep
|turn|185
|
|t:|1758940313
|switch|p2a: Blissey|Blissey, F|97/100
|move|p1a: Corviknight|Body Press|p2a: Blissey
|-supereffective|p2a: Blissey
|-damage|p2a: Blissey|76/100
|
|-heal|p1a: Corviknight|100/100 brn|[from] item: Leftovers
|-heal|p2a: Blissey|83/100|[from] item: Leftovers
|-damage|p1a: Corviknight|94/100 brn|[from] brn
|upkeep
|turn|186
|
|t:|1758940315
|switch|p1a: Slowking|Slowking-Galar, F|100/100 brn
|switch|p2a: Toxapex|Toxapex, F|100/100
|
|-damage|p1a: Slowking|94/100 brn|[from] brn
|upkeep
|turn|187
|inactive|Padacitio has 120 seconds left.
|
|t:|1758940321
|switch|p2a: Blissey|Blissey, F|83/100
|switch|p1a: Kingambit|Kingambit, M|71/100
|-activate|p1a: Kingambit|ability: Supreme Overlord
|-start|p1a: Kingambit|fallen1|[silent]
|
|-heal|p2a: Blissey|89/100|[from] item: Leftovers
|upkeep
|turn|188
|inactive|Padacitio has 120 seconds left.
|
|t:|1758940327
|switch|p2a: Toxapex|Toxapex, F|100/100
|move|p1a: Kingambit|Swords Dance|p1a: Kingambit
|-boost|p1a: Kingambit|atk|2
|
|upkeep
|turn|189
|inactive|Padacitio has 120 seconds left.
|
|t:|1758940335
|switch|p2a: Dondozo|Dondozo, F|95/100
|-terastallize|p1a: Kingambit|Fighting
|move|p1a: Kingambit|Low Kick|p2a: Dondozo
|-damage|p2a: Dondozo|50/100
|
|-heal|p2a: Dondozo|56/100|[from] item: Leftovers
|upkeep
|turn|190
|j| reallyblue
|inactive|Padacitio has 120 seconds left.
|
|t:|1758940345
|move|p1a: Kingambit|Swords Dance|p1a: Kingambit
|-boost|p1a: Kingambit|atk|2
|move|p2a: Dondozo|Body Press|p1a: Kingambit
|-damage|p1a: Kingambit|46/100
|
|-heal|p2a: Dondozo|62/100|[from] item: Leftovers
|upkeep
|turn|191
|
|t:|1758940359
|move|p1a: Kingambit|Low Kick|p2a: Dondozo
|-damage|p2a: Dondozo|22/100
|move|p2a: Dondozo|Avalanche|p1a: Kingambit
|-damage|p1a: Kingambit|21/100
|
|-heal|p2a: Dondozo|28/100|[from] item: Leftovers
|upkeep
|turn|192
|
|t:|1758940369
|switch|p2a: Toxapex|Toxapex, F|100/100
|move|p1a: Kingambit|Iron Head|p2a: Toxapex
|-resisted|p2a: Toxapex
|-damage|p2a: Toxapex|43/100
|
|-heal|p2a: Toxapex|49/100|[from] item: Leftovers
|upkeep
|turn|193
|
|t:|1758940378
|switch|p2a: Dondozo|Dondozo, F|28/100
|move|p1a: Kingambit|Iron Head|p2a: Dondozo
|-resisted|p2a: Dondozo
|-crit|p2a: Dondozo
|-damage|p2a: Dondozo|11/100
|
|-heal|p2a: Dondozo|17/100|[from] item: Leftovers
|upkeep
|turn|194
|
|t:|1758940389
|switch|p2a: Toxapex|Toxapex, F|82/100
|move|p1a: Kingambit|Iron Head|p2a: Toxapex
|-resisted|p2a: Toxapex
|-damage|p2a: Toxapex|22/100
|
|-heal|p2a: Toxapex|28/100|[from] item: Leftovers
|upkeep
|turn|195
|
|t:|1758940399
|move|p1a: Kingambit|Iron Head|p2a: Toxapex
|-resisted|p2a: Toxapex
|-damage|p2a: Toxapex|0 fnt
|faint|p2a: Toxapex
|
|upkeep
|
|t:|1758940407
|switch|p2a: Gliscor|Gliscor, M|83/100 tox
|turn|196
|
|t:|1758940412
|move|p1a: Kingambit|Sucker Punch|p2a: Gliscor
|-damage|p2a: Gliscor|0 fnt
|faint|p2a: Gliscor
|
|upkeep
|-message|Padacitio forfeited.
|
|win|KingKaido107
|raw|KingKaido107's rating: 1625 &rarr; <strong>1646</strong><br />(+21 for winning)
|raw|Padacitio's rating: 1642 &rarr; <strong>1621</strong><br />(-21 for losing)
|l|☆Padacitio
|player|p2|
|l|☆KingKaido107
|player|p1|
|l| reallyblue
