|j|☆lzc123456
|j|☆UserJexx
|t:|1759030038
|gametype|singles
|player|p1|lzc123456|cynthia-gen4|1548
|player|p2|UserJexx|lusamine-nihilego|1487
|gen|9
|tier|[Gen 9] OU
|rated|
|rule|HP Percentage Mod: HP is shown in percentages
|rule|Endless Battle Clause: Forcing endless battles is banned
|rule|Species Clause: Limit one of each Pokémon
|rule|OHKO Clause: OHKO moves are banned
|rule|Evasion Items Clause: Evasion items are banned
|rule|Evasion Moves Clause: Evasion moves are banned
|rule|Evasion Abilities Clause: Evasion abilities are banned
|rule|Sleep Moves Clause: Sleep-inducing moves are banned
|clearpoke
|poke|p1|Iron Valiant|
|poke|p1|Gholdengo|
|poke|p1|Glimmora, M|
|poke|p1|Dragonite, F|
|poke|p1|Samurott-Hisui, F|
|poke|p1|Garchomp, M|
|poke|p2|Hatterene, F|
|poke|p2|Goodra-Hisui, M|
|poke|p2|Ditto|
|poke|p2|Gastrodon, M|
|poke|p2|Corviknight, F|
|poke|p2|Ceruledge, F|
|teampreview
|inactive|Battle timer is ON: inactive players will automatically lose when time's up. (requested by lzc123456)
|
|t:|1759030045
|teamsize|p1|6
|teamsize|p2|6
|start
|switch|p1a: Samurott|Samurott-Hisui, F|100/100
|switch|p2a: Looting II|Hatterene, F, shiny|100/100
|turn|1
|
|t:|1759030051
|move|p1a: Samurott|Ceaseless Edge|p2a: Looting II
|-damage|p2a: Looting II|49/100
|-sidestart|p2: UserJexx|Spikes
|move|p2a: Looting II|Draining Kiss|p1a: Samurott
|-supereffective|p1a: Samurott
|-damage|p1a: Samurott|6/100
|-heal|p2a: Looting II|100/100|[from] drain|[of] p1a: Samurott
|
|upkeep
|turn|2
|
|t:|1759030057
|switch|p1a: Glimmora|Glimmora, M|100/100
|switch|p2a: Feather Falling I|Corviknight, F|100/100
|-ability|p2a: Feather Falling I|Pressure
|
|upkeep
|turn|3
|
|t:|1759030063
|switch|p1a: Garchomp|Garchomp, M|100/100
|switch|p2a: Protection IV|Goodra-Hisui, M|100/100
|-damage|p2a: Protection IV|88/100|[from] Spikes
|
|upkeep
|turn|4
|
|t:|1759030082
|switch|p2a: Feather Falling I|Corviknight, F|100/100
|-ability|p2a: Feather Falling I|Pressure
|move|p1a: Garchomp|Earthquake|p2a: Feather Falling I
|-immune|p2a: Feather Falling I
|
|upkeep
|turn|5
|
|t:|1759030095
|switch|p2a: Gastrodon|Gastrodon, M|100/100
|-damage|p2a: Gastrodon|88/100|[from] Spikes
|move|p1a: Garchomp|Swords Dance|p1a: Garchomp
|-boost|p1a: Garchomp|atk|2
|
|-heal|p2a: Gastrodon|94/100|[from] item: Leftovers
|upkeep
|turn|6
|
|t:|1759030105
|switch|p2a: Feather Falling I|Corviknight, F|100/100
|-ability|p2a: Feather Falling I|Pressure
|move|p1a: Garchomp|Scale Shot|p2a: Feather Falling I
|-resisted|p2a: Feather Falling I
|-damage|p2a: Feather Falling I|91/100
|-resisted|p2a: Feather Falling I
|-damage|p2a: Feather Falling I|79/100
|-resisted|p2a: Feather Falling I
|-damage|p2a: Feather Falling I|69/100
|-resisted|p2a: Feather Falling I
|-damage|p2a: Feather Falling I|58/100
|-resisted|p2a: Feather Falling I
|-damage|p2a: Feather Falling I|49/100
|-hitcount|p2a: Feather Falling I|5
|-unboost|p1a: Garchomp|def|1
|-boost|p1a: Garchomp|spe|1
|
|upkeep
|turn|7
|
|t:|1759030115
|move|p1a: Garchomp|Scale Shot|p2a: Feather Falling I
|-resisted|p2a: Feather Falling I
|-damage|p2a: Feather Falling I|37/100
|-resisted|p2a: Feather Falling I
|-damage|p2a: Feather Falling I|27/100
|-resisted|p2a: Feather Falling I
|-damage|p2a: Feather Falling I|16/100
|-resisted|p2a: Feather Falling I
|-damage|p2a: Feather Falling I|6/100
|-resisted|p2a: Feather Falling I
|-damage|p2a: Feather Falling I|0 fnt
|faint|p2a: Feather Falling I
|-hitcount|p2: Feather Falling I|5
|-unboost|p1a: Garchomp|def|1
|-boost|p1a: Garchomp|spe|1
|
|upkeep
|
|t:|1759030117
|switch|p2a: Curse of Binding|Ditto|100/100
|-damage|p2a: Curse of Binding|88/100|[from] Spikes
|-transform|p2a: Curse of Binding|p1a: Garchomp|[from] ability: Imposter
|turn|8
|
|t:|1759030125
|switch|p1a: Iron Valiant|Iron Valiant|100/100
|-enditem|p1a: Iron Valiant|Booster Energy
|-activate|p1a: Iron Valiant|ability: Quark Drive|[fromitem]
|-start|p1a: Iron Valiant|quarkdrivespe
|move|p2a: Curse of Binding|Earthquake|p1a: Iron Valiant
|-damage|p1a: Iron Valiant|0 fnt
|faint|p1a: Iron Valiant
|-end|p1a: Iron Valiant|Quark Drive|[silent]
|
|upkeep
|
|t:|1759030133
|switch|p1a: Dragonite|Dragonite, F|100/100
|turn|9
|
|t:|1759030137
|switch|p2a: Looting II|Hatterene, F, shiny|100/100
|-damage|p2a: Looting II|88/100|[from] Spikes
|move|p1a: Dragonite|Dragon Dance|p1a: Dragonite
|-boost|p1a: Dragonite|atk|1
|-boost|p1a: Dragonite|spe|1
|
|upkeep
|turn|10
|
|t:|1759030152
|switch|p1a: Samurott|Samurott-Hisui, F|6/100
|move|p2a: Looting II|Draining Kiss|p1a: Samurott
|-supereffective|p1a: Samurott
|-damage|p1a: Samurott|0 fnt
|-heal|p2a: Looting II|94/100|[from] drain|[of] p1a: Samurott
|faint|p1a: Samurott
|
|upkeep
|
|t:|1759030156
|switch|p1a: Gholdengo|Gholdengo|100/100
|-item|p1a: Gholdengo|Air Balloon
|turn|11
|
|t:|1759030159
|switch|p2a: Protection IV|Goodra-Hisui, M|88/100
|-damage|p2a: Protection IV|76/100|[from] Spikes
|move|p1a: Gholdengo|Hex|p2a: Protection IV
|-damage|p2a: Protection IV|63/100
|
|upkeep
|turn|12
|
|t:|1759030161
|move|p1a: Gholdengo|Thunder Wave|p2a: Protection IV
|-status|p2a: Protection IV|par
|move|p2a: Protection IV|Draco Meteor|p1a: Gholdengo
|-resisted|p1a: Gholdengo
|-crit|p1a: Gholdengo
|-damage|p1a: Gholdengo|68/100
|-unboost|p2a: Protection IV|spa|2
|-enditem|p1a: Gholdengo|Air Balloon
|
|upkeep
|turn|13
|
|t:|1759030165
|move|p1a: Gholdengo|Hex|p2a: Protection IV
|-crit|p2a: Protection IV
|-damage|p2a: Protection IV|26/100 par
|move|p2a: Protection IV|Earthquake|p1a: Gholdengo
|-supereffective|p1a: Gholdengo
|-damage|p1a: Gholdengo|20/100
|
|upkeep
|turn|14
|
|t:|1759030171
|move|p1a: Gholdengo|Recover|p1a: Gholdengo
|-heal|p1a: Gholdengo|70/100
|cant|p2a: Protection IV|par
|
|upkeep
|turn|15
|
|t:|1759030174
|move|p1a: Gholdengo|Hex|p2a: Protection IV
|-damage|p2a: Protection IV|0 fnt
|faint|p2a: Protection IV
|
|upkeep
|
|t:|1759030180
|switch|p2a: Sharpness V|Ceruledge, F|100/100
|-damage|p2a: Sharpness V|88/100|[from] Spikes
|turn|16
|
|t:|1759030184
|move|p2a: Sharpness V|Bitter Blade|p1a: Gholdengo
|-supereffective|p1a: Gholdengo
|-damage|p1a: Gholdengo|2/100
|-heal|p2a: Sharpness V|100/100|[from] drain|[of] p1a: Gholdengo
|move|p1a: Gholdengo|Thunder Wave|p2a: Sharpness V
|-status|p2a: Sharpness V|par
|
|upkeep
|turn|17
|
|t:|1759030191
|switch|p1a: Glimmora|Glimmora, M|100/100
|move|p2a: Sharpness V|Bitter Blade|p1a: Glimmora
|-resisted|p1a: Glimmora
|-damage|p1a: Glimmora|84/100
|-activate|p1a: Glimmora|ability: Toxic Debris
|-sidestart|p2: UserJexx|move: Toxic Spikes
|-enditem|p1a: Glimmora|Red Card|[of] p2a: Sharpness V
|drag|p2a: Looting II|Hatterene, F, shiny|94/100
|-damage|p2a: Looting II|82/100|[from] Spikes
|-status|p2a: Looting II|psn
|
|-damage|p2a: Looting II|69/100 psn|[from] psn
|upkeep
|turn|18
|
|t:|1759030201
|switch|p2a: Gastrodon|Gastrodon, M|94/100
|-damage|p2a: Gastrodon|82/100|[from] Spikes
|-status|p2a: Gastrodon|psn
|move|p1a: Glimmora|Sludge Wave|p2a: Gastrodon
|-resisted|p2a: Gastrodon
|-damage|p2a: Gastrodon|63/100 psn
|
|-heal|p2a: Gastrodon|70/100 psn|[from] item: Leftovers
|-damage|p2a: Gastrodon|57/100 psn|[from] psn
|upkeep
|turn|19
|
|t:|1759030207
|switch|p1a: Gholdengo|Gholdengo|2/100
|move|p2a: Gastrodon|Earth Power|p1a: Gholdengo
|-supereffective|p1a: Gholdengo
|-damage|p1a: Gholdengo|0 fnt
|faint|p1a: Gholdengo
|
|-heal|p2a: Gastrodon|63/100 psn|[from] item: Leftovers
|-damage|p2a: Gastrodon|51/100 psn|[from] psn
|upkeep
|
|t:|1759030217
|switch|p1a: Garchomp|Garchomp, M|100/100
|turn|20
|
|t:|1759030221
|move|p1a: Garchomp|Earthquake|p2a: Gastrodon
|-damage|p2a: Gastrodon|0 fnt
|faint|p2a: Gastrodon
|
|upkeep
|
|t:|1759030224
|switch|p2a: Looting II|Hatterene, F, shiny|69/100 psn
|-damage|p2a: Looting II|57/100 psn|[from] Spikes
|turn|21
|
|t:|1759030229
|move|p1a: Garchomp|Earthquake|p2a: Looting II
|-damage|p2a: Looting II|0 fnt
|faint|p2a: Looting II
|
|upkeep
|
|t:|1759030233
|switch|p2a: Curse of Binding|Ditto|88/100
|-damage|p2a: Curse of Binding|76/100|[from] Spikes
|-status|p2a: Curse of Binding|psn
|-transform|p2a: Curse of Binding|p1a: Garchomp|[from] ability: Imposter
|turn|22
|
|t:|1759030238
|move|p2a: Curse of Binding|Scale Shot|p1a: Garchomp
|-supereffective|p1a: Garchomp
|-crit|p1a: Garchomp
|-damage|p1a: Garchomp|61/100
|-supereffective|p1a: Garchomp
|-damage|p1a: Garchomp|34/100
|-hitcount|p1a: Garchomp|2
|-unboost|p2a: Curse of Binding|def|1
|-boost|p2a: Curse of Binding|spe|1
|move|p1a: Garchomp|Scale Shot|p2a: Curse of Binding
|-supereffective|p2a: Curse of Binding
|-damage|p2a: Curse of Binding|31/100 psn
|-supereffective|p2a: Curse of Binding
|-damage|p2a: Curse of Binding|0 fnt
|faint|p2a: Curse of Binding
|-hitcount|p2: Curse of Binding|2
|-unboost|p1a: Garchomp|def|1
|-boost|p1a: Garchomp|spe|1
|
|upkeep
|
|t:|1759030240
|switch|p2a: Sharpness V|Ceruledge, F|100/100 par
|-damage|p2a: Sharpness V|88/100 par|[from] Spikes
|turn|23
|-message|UserJexx forfeited.
|
|win|lzc123456
|raw|lzc123456's rating: 1548 &rarr; <strong>1565</strong><br />(+17 for winning)
|raw|UserJexx's rating: 1487 &rarr; <strong>1470</strong><br />(-17 for losing)
|l|☆UserJexx
|player|p2|
|l|☆lzc123456
|player|p1|
