|j|☆witdflow
|j|☆Pikamon333
|t:|1758951662
|gametype|singles
|player|p1|witdflow|norman|1256
|player|p2|Pikamon333|266|1317
|gen|9
|tier|[Gen 9] OU
|rated|
|rule|HP Percentage Mod: HP is shown in percentages
|rule|Endless Battle Clause: Forcing endless battles is banned
|rule|Species Clause: Limit one of each Pokémon
|rule|OHKO Clause: OHKO moves are banned
|rule|Evasion Items Clause: Evasion items are banned
|rule|Evasion Moves Clause: Evasion moves are banned
|rule|Evasion Abilities Clause: Evasion abilities are banned
|rule|Sleep Moves Clause: Sleep-inducing moves are banned
|clearpoke
|poke|p1|Clefable, F|
|poke|p1|Weezing-Galar, M|
|poke|p1|Alomomola, F|
|poke|p1|Ting-Lu|
|poke|p1|Ditto|
|poke|p1|Vileplume, M|
|poke|p2|Iron Crown|
|poke|p2|Kyurem|
|poke|p2|Great Tusk|
|poke|p2|Pecharunt|
|poke|p2|Ting-Lu|
|poke|p2|Iron Valiant|
|teampreview
|
|t:|1758951668
|teamsize|p1|6
|teamsize|p2|6
|start
|switch|p1a: Ditto|Ditto, shiny|100/100
|switch|p2a: Kyurem|Kyurem|100/100
|-ability|p2a: Kyurem|Pressure
|-transform|p1a: Ditto|p2a: Kyurem|[from] ability: Imposter
|-ability|p1a: Ditto|Pressure
|turn|1
|
|t:|1758951697
|switch|p2a: Iron Crown|Iron Crown|100/100
|move|p1a: Ditto|Flash Cannon|p2a: Iron Crown
|-resisted|p2a: Iron Crown
|-damage|p2a: Iron Crown|88/100
|
|upkeep
|turn|2
|
|t:|1758951705
|switch|p1a: Ting-Lu|Ting-Lu, shiny|100/100
|-ability|p1a: Ting-Lu|Vessel of Ruin
|move|p2a: Iron Crown|Tachyon Cutter|p1a: Ting-Lu
|-crit|p1a: Ting-Lu
|-damage|p1a: Ting-Lu|78/100
|-damage|p1a: Ting-Lu|63/100
|-hitcount|p1a: Ting-Lu|2
|
|-heal|p1a: Ting-Lu|69/100|[from] item: Leftovers
|upkeep
|turn|3
|
|t:|1758951713
|-end|p2a: Iron Crown|Quark Drive|[silent]
|switch|p2a: Kyurem|Kyurem|100/100
|-ability|p2a: Kyurem|Pressure
|move|p1a: Ting-Lu|Ruination|p2a: Kyurem
|-damage|p2a: Kyurem|50/100
|
|-heal|p1a: Ting-Lu|75/100|[from] item: Leftovers
|upkeep
|turn|4
|
|t:|1758951733
|switch|p1a: Clefable|Clefable, F, shiny|100/100
|move|p2a: Kyurem|Freeze-Dry|p1a: Clefable
|-damage|p1a: Clefable|79/100
|-status|p1a: Clefable|frz
|
|-heal|p1a: Clefable|85/100 frz|[from] item: Leftovers
|upkeep
|turn|5
|c|☆witdflow|haha nice
|
|t:|1758951741
|move|p2a: Kyurem|Flash Cannon|p1a: Clefable
|-supereffective|p1a: Clefable
|-damage|p1a: Clefable|54/100 frz
|cant|p1a: Clefable|frz
|
|-heal|p1a: Clefable|60/100 frz|[from] item: Leftovers
|upkeep
|turn|6
|
|t:|1758951753
|switch|p2a: Iron Crown|Iron Crown|88/100
|switch|p1a: Ditto|Ditto, shiny|100/100
|-transform|p1a: Ditto|p2a: Iron Crown|[from] ability: Imposter
|
|upkeep
|turn|7
|
|t:|1758951759
|move|p1a: Ditto|Volt Switch|p2a: Iron Crown
|-damage|p2a: Iron Crown|67/100
|
|t:|1758951762
|-end|p1a: Ditto|Quark Drive|[silent]
|switch|p1a: Ting-Lu|Ting-Lu, shiny|75/100|[from] Volt Switch
|-ability|p1a: Ting-Lu|Vessel of Ruin
|move|p2a: Iron Crown|Volt Switch|p1a: Ting-Lu
|-immune|p1a: Ting-Lu
|
|-heal|p1a: Ting-Lu|81/100|[from] item: Leftovers
|upkeep
|turn|8
|
|t:|1758951767
|-end|p2a: Iron Crown|Quark Drive|[silent]
|switch|p2a: Kyurem|Kyurem|50/100
|-ability|p2a: Kyurem|Pressure
|move|p1a: Ting-Lu|Ruination|p2a: Kyurem
|-damage|p2a: Kyurem|26/100
|
|-heal|p1a: Ting-Lu|88/100|[from] item: Leftovers
|upkeep
|turn|9
|
|t:|1758951777
|-terastallize|p1a: Ting-Lu|Steel
|move|p2a: Kyurem|Freeze-Dry|p1a: Ting-Lu
|-resisted|p1a: Ting-Lu
|-damage|p1a: Ting-Lu|81/100
|move|p1a: Ting-Lu|Sand Tomb|p2a: Kyurem|[miss]
|-miss|p1a: Ting-Lu|p2a: Kyurem
|
|-heal|p1a: Ting-Lu|87/100|[from] item: Leftovers
|upkeep
|turn|10
|c|☆witdflow|epic
|
|t:|1758951786
|move|p2a: Kyurem|Earth Power|p1a: Ting-Lu
|-supereffective|p1a: Ting-Lu
|-damage|p1a: Ting-Lu|65/100
|move|p1a: Ting-Lu|Sand Tomb|p2a: Kyurem
|-damage|p2a: Kyurem|17/100
|-activate|p2a: Kyurem|move: Sand Tomb|[of] p1a: Ting-Lu
|
|-heal|p1a: Ting-Lu|71/100|[from] item: Leftovers
|-damage|p2a: Kyurem|5/100|[from] move: Sand Tomb|[partiallytrapped]
|upkeep
|turn|11
|
|t:|1758951792
|move|p2a: Kyurem|Earth Power|p1a: Ting-Lu
|-supereffective|p1a: Ting-Lu
|-damage|p1a: Ting-Lu|48/100
|move|p1a: Ting-Lu|Rest|p1a: Ting-Lu
|-status|p1a: Ting-Lu|slp|[from] move: Rest
|-heal|p1a: Ting-Lu|100/100 slp|[silent]
|
|-damage|p2a: Kyurem|0 fnt|[from] move: Sand Tomb|[partiallytrapped]
|faint|p2a: Kyurem
|upkeep
|
|t:|1758951797
|switch|p2a: Great Tusk|Great Tusk|100/100
|turn|12
|
|t:|1758951809
|switch|p1a: Alomomola|Alomomola, F, shiny|100/100
|move|p2a: Great Tusk|Headlong Rush|p1a: Alomomola
|-damage|p1a: Alomomola|74/100
|-unboost|p2a: Great Tusk|def|1
|-unboost|p2a: Great Tusk|spd|1
|-damage|p2a: Great Tusk|84/100|[from] item: Rocky Helmet|[of] p1a: Alomomola
|
|-heal|p2a: Great Tusk|90/100|[from] item: Leftovers
|upkeep
|turn|13
|
|t:|1758951816
|-end|p2a: Great Tusk|Protosynthesis|[silent]
|switch|p2a: Iron Valiant|Iron Valiant|100/100
|-enditem|p2a: Iron Valiant|Booster Energy
|-activate|p2a: Iron Valiant|ability: Quark Drive|[fromitem]
|-start|p2a: Iron Valiant|quarkdrivespe
|move|p1a: Alomomola|Wish|p1a: Alomomola
|
|upkeep
|turn|14
|
|t:|1758951825
|switch|p1a: Vileplume|Vileplume, M, shiny|100/100
|move|p2a: Iron Valiant|Calm Mind|p2a: Iron Valiant
|-boost|p2a: Iron Valiant|spa|1
|-boost|p2a: Iron Valiant|spd|1
|
|upkeep
|turn|15
|c|☆witdflow|okay let's see how this goes
|-message|Pikamon333 forfeited.
|
|win|witdflow
|raw|witdflow's rating: 1256 &rarr; <strong>1285</strong><br />(+29 for winning)
|raw|Pikamon333's rating: 1317 &rarr; <strong>1294</strong><br />(-23 for losing)
|l|☆Pikamon333
|player|p2|
|c|☆witdflow|i put this YESSS
|c|☆witdflow|I PUT THIS ON THE TEAM FOR IRON VALIANT AND APPARENTLY IT WORKED SO WELL ALL I HAD TO DO WAS SEND IT IN! XD
|l|☆witdflow
|player|p1|
