|j|☆capitolg
|j|☆Ahzaeth
|t:|1759015127
|gametype|singles
|player|p1|capitolg|bellelba|1177
|player|p2|Ahzaeth|fisherman-gen4|1170
|gen|9
|tier|[Gen 9] OU
|rated|
|rule|HP Percentage Mod: HP is shown in percentages
|rule|Endless Battle Clause: Forcing endless battles is banned
|rule|Species Clause: Limit one of each Pokémon
|rule|OHKO Clause: OHKO moves are banned
|rule|Evasion Items Clause: Evasion items are banned
|rule|Evasion Moves Clause: Evasion moves are banned
|rule|Evasion Abilities Clause: Evasion abilities are banned
|rule|Sleep Moves Clause: Sleep-inducing moves are banned
|clearpoke
|poke|p1|Masquerain, F|
|poke|p1|Articuno-Galar|
|poke|p1|Smeargle, F|
|poke|p1|Empoleon, F|
|poke|p1|Passimian, F|
|poke|p1|Chandelure, M|
|poke|p2|Meowscarada, F|
|poke|p2|Garchomp, F|
|poke|p2|Scizor, F|
|poke|p2|Thundurus-Therian, M|
|poke|p2|Heatran, F|
|poke|p2|Gengar, F|
|teampreview
|
|t:|1759015145
|teamsize|p1|6
|teamsize|p2|6
|start
|switch|p1a: Masquerain|Masquerain, F|100/100
|switch|p2a: Thundurus|Thundurus-Therian, M|100/100
|-ability|p1a: Masquerain|Intimidate|boost
|-unboost|p2a: Thundurus|atk|1
|turn|1
|
|t:|1759015151
|move|p2a: Thundurus|Thunderbolt|p1a: Masquerain
|-supereffective|p1a: Masquerain
|-enditem|p1a: Masquerain|Focus Sash
|-damage|p1a: Masquerain|1/100
|move|p1a: Masquerain|Sticky Web|p2a: Thundurus
|-sidestart|p2: Ahzaeth|move: Sticky Web
|
|upkeep
|turn|2
|
|t:|1759015160
|move|p2a: Thundurus|Thunderbolt|p1a: Masquerain
|-supereffective|p1a: Masquerain
|-damage|p1a: Masquerain|0 fnt
|faint|p1a: Masquerain
|
|upkeep
|
|t:|1759015163
|switch|p1a: Smeargle|Smeargle, F|100/100
|turn|3
|
|t:|1759015167
|move|p2a: Thundurus|Focus Blast|p1a: Smeargle
|-supereffective|p1a: Smeargle
|-enditem|p1a: Smeargle|Focus Sash
|-damage|p1a: Smeargle|1/100
|move|p1a: Smeargle|Trick Room|p1a: Smeargle
|-fieldstart|move: Trick Room|[of] p1a: Smeargle
|
|upkeep
|turn|4
|
|t:|1759015183
|move|p1a: Smeargle|Court Change|p1a: Smeargle
|-swapsideconditions
|-activate|p1a: Smeargle|move: Court Change
|move|p2a: Thundurus|Volt Switch|p1a: Smeargle
|-damage|p1a: Smeargle|0 fnt
|faint|p1a: Smeargle
|
|t:|1759015193
|switch|p2a: Gengar|Gengar, F|100/100|[from] Volt Switch
|
|upkeep
|
|t:|1759015202
|switch|p1a: Empoleon|Empoleon, F|100/100
|-activate|p1a: Empoleon|move: Sticky Web
|-unboost|p1a: Empoleon|spe|1
|-ability|p1a: Empoleon|Competitive|boost
|-boost|p1a: Empoleon|spa|2
|turn|5
|
|t:|1759015213
|move|p1a: Empoleon|Surf|p2a: Gengar
|-damage|p2a: Gengar|0 fnt
|faint|p2a: Gengar
|
|upkeep
|
|t:|1759015228
|switch|p2a: Meowscarada|Meowscarada, F|100/100
|turn|6
|
|t:|1759015234
|move|p1a: Empoleon|Ice Beam|p2a: Meowscarada
|-supereffective|p2a: Meowscarada
|-damage|p2a: Meowscarada|0 fnt
|faint|p2a: Meowscarada
|
|upkeep
|
|t:|1759015239
|switch|p2a: Thundurus|Thundurus-Therian, M|100/100
|turn|7
|
|t:|1759015249
|-terastallize|p2a: Thundurus|Ice
|move|p1a: Empoleon|Ice Beam|p2a: Thundurus
|-resisted|p2a: Thundurus
|-damage|p2a: Thundurus|55/100
|move|p2a: Thundurus|Thunderbolt|p1a: Empoleon
|-supereffective|p1a: Empoleon
|-damage|p1a: Empoleon|37/100
|
|-fieldend|move: Trick Room
|upkeep
|turn|8
|
|t:|1759015263
|move|p1a: Empoleon|Vacuum Wave|p2a: Thundurus
|-supereffective|p2a: Thundurus
|-damage|p2a: Thundurus|0 fnt
|faint|p2a: Thundurus
|
|upkeep
|
|t:|1759015278
|switch|p2a: Garchomp|Garchomp, F|100/100
|turn|9
|
|t:|1759015282
|move|p2a: Garchomp|Earthquake|p1a: Empoleon
|-supereffective|p1a: Empoleon
|-damage|p1a: Empoleon|0 fnt
|faint|p1a: Empoleon
|
|upkeep
|
|t:|1759015284
|switch|p1a: Chandelure|Chandelure, M|100/100
|-activate|p1a: Chandelure|move: Sticky Web
|-unboost|p1a: Chandelure|spe|1
|turn|10
|
|t:|1759015289
|move|p2a: Garchomp|Earthquake|p1a: Chandelure
|-supereffective|p1a: Chandelure
|-damage|p1a: Chandelure|7/100
|move|p1a: Chandelure|Trick Room|p1a: Chandelure
|-fieldstart|move: Trick Room|[of] p1a: Chandelure
|
|upkeep
|turn|11
|
|t:|1759015295
|move|p1a: Chandelure|Shadow Ball|p2a: Garchomp
|-damage|p2a: Garchomp|54/100
|move|p2a: Garchomp|Stealth Rock|p1a: Chandelure
|-sidestart|p1: capitolg|move: Stealth Rock
|
|upkeep
|turn|12
|
|t:|1759015302
|move|p1a: Chandelure|Shadow Ball|p2a: Garchomp
|-damage|p2a: Garchomp|7/100
|move|p2a: Garchomp|Spikes|p1a: Chandelure
|-sidestart|p1: capitolg|Spikes
|
|upkeep
|turn|13
|
|t:|1759015310
|switch|p2a: Heatran|Heatran, F|100/100
|move|p1a: Chandelure|Shadow Ball|p2a: Heatran
|-damage|p2a: Heatran|68/100
|
|upkeep
|turn|14
|
|t:|1759015322
|move|p1a: Chandelure|Shadow Ball|p2a: Heatran
|-damage|p2a: Heatran|37/100
|move|p2a: Heatran|Earth Power|p1a: Chandelure
|-supereffective|p1a: Chandelure
|-damage|p1a: Chandelure|0 fnt
|faint|p1a: Chandelure
|
|-fieldend|move: Trick Room
|upkeep
|
|t:|1759015329
|switch|p1a: Articuno|Articuno-Galar|100/100
|-activate|p1a: Articuno|move: Sticky Web
|-unboost|p1a: Articuno|spe|1
|-ability|p1a: Articuno|Competitive|boost
|-boost|p1a: Articuno|spa|2
|-damage|p1a: Articuno|76/100|[from] Stealth Rock
|-damage|p1a: Articuno|63/100|[from] Spikes
|turn|15
|
|t:|1759015344
|move|p2a: Heatran|Magma Storm|p1a: Articuno
|-damage|p1a: Articuno|11/100
|-activate|p1a: Articuno|move: Magma Storm|[of] p2a: Heatran
|move|p1a: Articuno|Trick Room|p1a: Articuno
|-fieldstart|move: Trick Room|[of] p1a: Articuno
|
|-damage|p1a: Articuno|0 fnt|[from] move: Magma Storm|[partiallytrapped]
|faint|p1a: Articuno
|upkeep
|
|t:|1759015347
|switch|p1a: Passimian|Passimian, F|100/100
|-activate|p1a: Passimian|move: Sticky Web
|-unboost|p1a: Passimian|spe|1
|-ability|p1a: Passimian|Defiant|boost
|-boost|p1a: Passimian|atk|2
|-damage|p1a: Passimian|94/100|[from] Stealth Rock
|-damage|p1a: Passimian|82/100|[from] Spikes
|turn|16
|
|t:|1759015360
|move|p1a: Passimian|Drain Punch|p2a: Heatran
|-supereffective|p2a: Heatran
|-damage|p2a: Heatran|0 fnt
|-heal|p1a: Passimian|97/100|[from] drain|[of] p2a: Heatran
|faint|p2a: Heatran
|
|upkeep
|
|t:|1759015368
|switch|p2a: Garchomp|Garchomp, F|7/100
|turn|17
|
|t:|1759015372
|move|p1a: Passimian|Drain Punch|p2a: Garchomp
|-damage|p2a: Garchomp|0 fnt
|-heal|p1a: Passimian|99/100|[from] drain|[of] p2a: Garchomp
|-damage|p1a: Passimian|88/100|[from] ability: Rough Skin|[of] p2a: Garchomp
|-damage|p1a: Passimian|71/100|[from] item: Rocky Helmet|[of] p2a: Garchomp
|faint|p2a: Garchomp
|
|upkeep
|
|t:|1759015379
|switch|p2a: Scizor|Scizor, F|100/100
|turn|18
|
|t:|1759015382
|move|p2a: Scizor|Bullet Punch|p1a: Passimian
|-damage|p1a: Passimian|39/100
|move|p1a: Passimian|Drain Punch|p2a: Scizor
|-damage|p2a: Scizor|14/100
|-heal|p1a: Passimian|69/100|[from] drain|[of] p2a: Scizor
|
|upkeep
|turn|19
|-message|Ahzaeth forfeited.
|
|win|capitolg
|raw|capitolg's rating: 1177 &rarr; <strong>1201</strong><br />(+24 for winning)
|raw|Ahzaeth's rating: 1170 &rarr; <strong>1146</strong><br />(-24 for losing)
|l|☆Ahzaeth
|player|p2|
|l|☆capitolg
|player|p1|
