|j|☆stinkyeric
|j|☆AubreyCC123
|t:|1759032353
|gametype|singles
|player|p1|stinkyeric|sailor|1417
|player|p2|AubreyCC123|nurse|1441
|gen|9
|tier|[Gen 9] OU
|rated|
|rule|HP Percentage Mod: HP is shown in percentages
|rule|Endless Battle Clause: Forcing endless battles is banned
|rule|Species Clause: Limit one of each Pokémon
|rule|OHKO Clause: OHKO moves are banned
|rule|Evasion Items Clause: Evasion items are banned
|rule|Evasion Moves Clause: Evasion moves are banned
|rule|Evasion Abilities Clause: Evasion abilities are banned
|rule|Sleep Moves Clause: Sleep-inducing moves are banned
|clearpoke
|poke|p1|Glimmora, F|
|poke|p1|Ogerpon-Wellspring, F|
|poke|p1|Hatterene, F|
|poke|p1|Iron Moth|
|poke|p1|Dragonite, F|
|poke|p1|Kingambit, F|
|poke|p2|Ribombee, F|
|poke|p2|Gholdengo|
|poke|p2|Great Tusk|
|poke|p2|Raging Bolt|
|poke|p2|Ogerpon-Cornerstone, F|
|poke|p2|Ceruledge, F|
|teampreview
|
|t:|1759032372
|teamsize|p1|6
|teamsize|p2|6
|start
|switch|p1a: The Advocate|Glimmora, F|100/100
|switch|p2a: haiiiii :3|Ribombee, F, shiny|100/100
|turn|1
|
|t:|1759032384
|switch|p1a: The Witch|Hatterene, F|100/100
|move|p2a: haiiiii :3|Sticky Web|p1a: The Witch
|move|p1a: The Witch|Sticky Web|p2a: haiiiii :3|[from] ability: Magic Bounce
|-sidestart|p2: AubreyCC123|move: Sticky Web
|
|upkeep
|turn|2
|
|t:|1759032398
|move|p2a: haiiiii :3|Skill Swap|p1a: The Witch
|-activate|p2a: haiiiii :3|move: Skill Swap|Magic Bounce|Shield Dust|[of] p1a: The Witch
|move|p1a: The Witch|Mystical Fire|p2a: haiiiii :3
|-supereffective|p2a: haiiiii :3
|-damage|p2a: haiiiii :3|28/100
|-unboost|p2a: haiiiii :3|spa|1
|
|upkeep
|turn|3
|
|t:|1759032406
|move|p2a: haiiiii :3|Sticky Web|p1a: The Witch
|-sidestart|p1: stinkyeric|move: Sticky Web
|move|p1a: The Witch|Mystical Fire|p2a: haiiiii :3
|-supereffective|p2a: haiiiii :3
|-damage|p2a: haiiiii :3|0 fnt
|faint|p2a: haiiiii :3
|
|upkeep
|
|t:|1759032447
|switch|p2a: oh Bananas..|Gholdengo, shiny|100/100
|-item|p2a: oh Bananas..|Air Balloon
|turn|4
|
|t:|1759032452
|move|p2a: oh Bananas..|Shadow Ball|p1a: The Witch
|-supereffective|p1a: The Witch
|-damage|p1a: The Witch|0 fnt
|faint|p1a: The Witch
|
|upkeep
|
|t:|1759032472
|switch|p1a: The Idol|Iron Moth|100/100
|-activate|p1a: The Idol|move: Sticky Web
|-unboost|p1a: The Idol|spe|1
|-enditem|p1a: The Idol|Booster Energy
|-activate|p1a: The Idol|ability: Quark Drive|[fromitem]
|-start|p1a: The Idol|quarkdrivespa
|turn|5
|
|t:|1759032488
|move|p2a: oh Bananas..|Psyshock|p1a: The Idol
|-supereffective|p1a: The Idol
|-damage|p1a: The Idol|5/100
|move|p1a: The Idol|Substitute|p1a: The Idol
|-fail|p1a: The Idol|move: Substitute|[weak]
|
|upkeep
|turn|6
|
|t:|1759032498
|move|p2a: oh Bananas..|Psyshock|p1a: The Idol
|-supereffective|p1a: The Idol
|-damage|p1a: The Idol|0 fnt
|faint|p1a: The Idol
|-end|p1a: The Idol|Quark Drive|[silent]
|
|upkeep
|-message|stinkyeric forfeited.
|
|win|AubreyCC123
|raw|stinkyeric's rating: 1417 &rarr; <strong>1398</strong><br />(-19 for losing)
|raw|AubreyCC123's rating: 1441 &rarr; <strong>1460</strong><br />(+19 for winning)
|l|☆stinkyeric
|player|p1|
|l|☆AubreyCC123
|player|p2|
