|j|☆venator
|j|☆dyarus
|t:|1758983649
|gametype|singles
|player|p1|venator|acetrainer-gen4dp|1127
|player|p2|dyarus|102|1096
|gen|9
|tier|[Gen 9] OU
|rated|
|rule|HP Percentage Mod: HP is shown in percentages
|rule|Endless Battle Clause: Forcing endless battles is banned
|rule|Species Clause: Limit one of each Pokémon
|rule|OHKO Clause: OHKO moves are banned
|rule|Evasion Items Clause: Evasion items are banned
|rule|Evasion Moves Clause: Evasion moves are banned
|rule|Evasion Abilities Clause: Evasion abilities are banned
|rule|Sleep Moves Clause: Sleep-inducing moves are banned
|clearpoke
|poke|p1|Magmortar, M|
|poke|p1|Azumarill, F|
|poke|p1|Vileplume, F|
|poke|p1|Clefable, F|
|poke|p1|Mightyena, F|
|poke|p1|Metagross|
|poke|p2|Ampharos, F|
|poke|p2|Cinderace, M|
|poke|p2|Registeel|
|poke|p2|Kingambit, M|
|poke|p2|Darkrai|
|poke|p2|Toxapex, F|
|teampreview
|inactive|Battle timer is ON: inactive players will automatically lose when time's up. (requested by dyarus)
|
|t:|1758983659
|teamsize|p1|6
|teamsize|p2|6
|start
|switch|p1a: Azumarill|Azumarill, F|100/100
|switch|p2a: Ampharos|Ampharos, F|100/100
|-item|p2a: Ampharos|Air Balloon
|turn|1
|
|t:|1758983667
|-terastallize|p1a: Azumarill|Ground
|move|p2a: Ampharos|Cotton Guard|p2a: Ampharos
|-boost|p2a: Ampharos|def|3
|move|p1a: Azumarill|Knock Off|p2a: Ampharos
|-damage|p2a: Ampharos|79/100
|-enditem|p2a: Ampharos|Air Balloon
|
|upkeep
|turn|2
|
|t:|1758983679
|switch|p1a: Vileplume|Vileplume, F|100/100
|move|p2a: Ampharos|Dragon Pulse|p1a: Vileplume
|-damage|p1a: Vileplume|67/100
|
|upkeep
|turn|3
|
|t:|1758983686
|move|p1a: Vileplume|Leech Seed|p2a: Ampharos
|-start|p2a: Ampharos|move: Leech Seed
|move|p2a: Ampharos|Thunder Wave|p1a: Vileplume
|-status|p1a: Vileplume|par
|
|-damage|p2a: Ampharos|66/100|[from] Leech Seed|[of] p1a: Vileplume
|-heal|p1a: Vileplume|78/100 par|[silent]
|upkeep
|turn|4
|
|t:|1758983694
|move|p2a: Ampharos|Dragon Pulse|p1a: Vileplume
|-damage|p1a: Vileplume|49/100 par
|move|p1a: Vileplume|Sludge Bomb|p2a: Ampharos
|-damage|p2a: Ampharos|24/100
|
|-damage|p2a: Ampharos|12/100|[from] Leech Seed|[of] p1a: Vileplume
|-heal|p1a: Vileplume|60/100 par|[silent]
|upkeep
|turn|5
|
|t:|1758983706
|switch|p2a: Darkrai|Darkrai, shiny|100/100
|switch|p1a: Azumarill|Azumarill, F, tera:Ground|100/100
|
|upkeep
|turn|6
|
|t:|1758983715
|move|p1a: Azumarill|Aqua Jet|p2a: Darkrai
|-damage|p2a: Darkrai|50/100
|move|p2a: Darkrai|Trick|p1a: Azumarill
|-activate|p2a: Darkrai|move: Trick|[of] p1a: Azumarill
|-item|p1a: Azumarill|Choice Scarf|[from] move: Trick
|-item|p2a: Darkrai|Choice Band|[from] move: Trick
|
|upkeep
|turn|7
|
|t:|1758983725
|switch|p2a: Registeel|Registeel|100/100
|move|p1a: Azumarill|Aqua Jet|p2a: Registeel
|-damage|p2a: Registeel|83/100
|
|-heal|p2a: Registeel|89/100|[from] item: Leftovers
|upkeep
|turn|8
|
|t:|1758983734
|switch|p1a: Vileplume|Vileplume, F|60/100 par
|move|p2a: Registeel|Iron Defense|p2a: Registeel
|-boost|p2a: Registeel|def|2
|
|-heal|p2a: Registeel|95/100|[from] item: Leftovers
|upkeep
|turn|9
|
|t:|1758983743
|move|p2a: Registeel|Body Press|p1a: Vileplume
|-resisted|p1a: Vileplume
|-damage|p1a: Vileplume|30/100 par
|-damage|p2a: Registeel|79/100|[from] item: Rocky Helmet|[of] p1a: Vileplume
|cant|p1a: Vileplume|par
|
|-heal|p2a: Registeel|85/100|[from] item: Leftovers
|upkeep
|turn|10
|
|t:|1758983752
|move|p2a: Registeel|Body Press|p1a: Vileplume
|-resisted|p1a: Vileplume
|-damage|p1a: Vileplume|2/100 par
|-damage|p2a: Registeel|68/100|[from] item: Rocky Helmet|[of] p1a: Vileplume
|move|p1a: Vileplume|Stun Spore|p2a: Registeel
|-status|p2a: Registeel|par
|
|-heal|p2a: Registeel|74/100 par|[from] item: Leftovers
|upkeep
|turn|11
|c|☆dyarus|congrats
|
|t:|1758983765
|move|p1a: Vileplume|Leech Seed|p2a: Registeel
|-start|p2a: Registeel|move: Leech Seed
|cant|p2a: Registeel|par
|
|-heal|p2a: Registeel|80/100 par|[from] item: Leftovers
|-damage|p2a: Registeel|68/100 par|[from] Leech Seed|[of] p1a: Vileplume
|-heal|p1a: Vileplume|15/100 par|[silent]
|upkeep
|turn|12
|
|t:|1758983773
|move|p1a: Vileplume|Strength Sap|p2a: Registeel
|-fail|p2a: Registeel|unboost|[from] ability: Clear Body|[of] p2a: Registeel
|-heal|p1a: Vileplume|58/100 par
|move|p2a: Registeel|Body Press|p1a: Vileplume
|-resisted|p1a: Vileplume
|-damage|p1a: Vileplume|32/100 par
|-damage|p2a: Registeel|52/100 par|[from] item: Rocky Helmet|[of] p1a: Vileplume
|
|-heal|p2a: Registeel|58/100 par|[from] item: Leftovers
|-damage|p2a: Registeel|45/100 par|[from] Leech Seed|[of] p1a: Vileplume
|-heal|p1a: Vileplume|44/100 par|[silent]
|upkeep
|turn|13
|
|t:|1758983789
|switch|p2a: Toxapex|Toxapex, F|100/100
|cant|p1a: Vileplume|par
|
|upkeep
|turn|14
|
|t:|1758983796
|move|p1a: Vileplume|Stun Spore|p2a: Toxapex
|-status|p2a: Toxapex|par
|move|p2a: Toxapex|Toxic Spikes|p1a: Vileplume
|-sidestart|p1: venator|move: Toxic Spikes
|
|upkeep
|turn|15
|
|t:|1758983804
|cant|p1a: Vileplume|par
|move|p2a: Toxapex|Poison Jab|p1a: Vileplume
|-damage|p1a: Vileplume|23/100 par
|-damage|p2a: Toxapex|84/100 par|[from] item: Rocky Helmet|[of] p1a: Vileplume
|
|-heal|p2a: Toxapex|90/100 par|[from] item: Leftovers
|upkeep
|turn|16
|
|t:|1758983813
|move|p1a: Vileplume|Leech Seed|p2a: Toxapex
|-start|p2a: Toxapex|move: Leech Seed
|cant|p2a: Toxapex|par
|
|-heal|p2a: Toxapex|96/100 par|[from] item: Leftovers
|-damage|p2a: Toxapex|84/100 par|[from] Leech Seed|[of] p1a: Vileplume
|-heal|p1a: Vileplume|31/100 par|[silent]
|upkeep
|turn|17
|
|t:|1758983822
|switch|p1a: Clefable|Clefable, F|100/100
|-status|p1a: Clefable|psn
|switch|p2a: Cinderace|Cinderace, M|100/100
|
|upkeep
|turn|18
|
|t:|1758983833
|move|p2a: Cinderace|Gunk Shot|p1a: Clefable
|-start|p2a: Cinderace|typechange|Poison|[from] ability: Libero
|-supereffective|p1a: Clefable
|-damage|p1a: Clefable|0 fnt
|faint|p1a: Clefable
|
|upkeep
|
|t:|1758983844
|switch|p1a: Vileplume|Vileplume, F|31/100 par
|-sideend|p1: venator|move: Toxic Spikes|[of] p1a: Vileplume
|turn|19
|
|t:|1758983855
|switch|p1a: Magmortar|Magmortar, M|100/100
|move|p2a: Cinderace|Pyro Ball|p1a: Magmortar|[miss]
|-miss|p2a: Cinderace|p1a: Magmortar
|
|upkeep
|turn|20
|
|t:|1758983868
|-terastallize|p2a: Cinderace|Dark
|move|p2a: Cinderace|Sucker Punch|p1a: Magmortar
|-damage|p1a: Magmortar|41/100
|-damage|p2a: Cinderace|84/100|[from] item: Rocky Helmet|[of] p1a: Magmortar
|move|p1a: Magmortar|Thunderbolt|p2a: Cinderace
|-damage|p2a: Cinderace|40/100
|
|upkeep
|turn|21
|
|t:|1758983877
|move|p1a: Magmortar|Endure|p1a: Magmortar
|-singleturn|p1a: Magmortar|move: Endure
|move|p2a: Cinderace|Sucker Punch||[still]
|-fail|p2a: Cinderace
|
|upkeep
|turn|22
|
|t:|1758983889
|move|p1a: Magmortar|Endure|p1a: Magmortar
|-singleturn|p1a: Magmortar|move: Endure
|move|p2a: Cinderace|Gunk Shot|p1a: Magmortar
|-activate|p1a: Magmortar|move: Endure
|-damage|p1a: Magmortar|1/100
|-status|p1a: Magmortar|psn
|
|-damage|p1a: Magmortar|0 fnt|[from] psn
|faint|p1a: Magmortar
|upkeep
|
|t:|1758983899
|switch|p1a: Vileplume|Vileplume, F|31/100 par
|turn|23
|
|t:|1758983912
|move|p2a: Cinderace|Zen Headbutt|p1a: Vileplume
|-supereffective|p1a: Vileplume
|-damage|p1a: Vileplume|0 fnt
|-damage|p2a: Cinderace|23/100|[from] item: Rocky Helmet|[of] p1a: Vileplume
|faint|p1a: Vileplume
|
|upkeep
|
|t:|1758983918
|switch|p1a: Azumarill|Azumarill, F, tera:Ground|100/100
|turn|24
|
|t:|1758983930
|move|p2a: Cinderace|Sucker Punch|p1a: Azumarill
|-damage|p1a: Azumarill|62/100
|move|p1a: Azumarill|Aqua Jet|p2a: Cinderace
|-damage|p2a: Cinderace|0 fnt
|faint|p2a: Cinderace
|
|upkeep
|
|t:|1758983940
|switch|p2a: Registeel|Registeel|45/100 par
|turn|25
|
|t:|1758983947
|switch|p1a: Metagross|Metagross|100/100
|move|p2a: Registeel|Rest|p2a: Registeel
|-status|p2a: Registeel|slp|[from] move: Rest
|-heal|p2a: Registeel|100/100 slp|[silent]
|
|upkeep
|turn|26
|
|t:|1758983955
|move|p1a: Metagross|Earthquake|p2a: Registeel
|-supereffective|p2a: Registeel
|-damage|p2a: Registeel|46/100 slp
|cant|p2a: Registeel|slp
|move|p2a: Registeel|Sleep Talk|p2a: Registeel
|move|p2a: Registeel|Rest||[from] move: Sleep Talk|[still]
|-fail|p2a: Registeel
|
|-heal|p2a: Registeel|52/100 slp|[from] item: Leftovers
|upkeep
|turn|27
|inactive|dyarus has 120 seconds left.
|
|t:|1758983991
|move|p1a: Metagross|Earthquake|p2a: Registeel
|-supereffective|p2a: Registeel
|-damage|p2a: Registeel|0 fnt
|faint|p2a: Registeel
|
|upkeep
|
|t:|1758983997
|switch|p2a: Darkrai|Darkrai, shiny|50/100
|turn|28
|inactive|dyarus has 120 seconds left.
|
|t:|1758984006
|switch|p1a: Azumarill|Azumarill, F, tera:Ground|62/100
|move|p2a: Darkrai|Dark Pulse|p1a: Azumarill
|-damage|p1a: Azumarill|14/100
|
|upkeep
|turn|29
|
|t:|1758984012
|move|p1a: Azumarill|Aqua Jet|p2a: Darkrai
|-damage|p2a: Darkrai|15/100
|move|p2a: Darkrai|Dark Pulse|p1a: Azumarill
|-damage|p1a: Azumarill|0 fnt
|faint|p1a: Azumarill
|
|upkeep
|
|t:|1758984022
|switch|p1a: Metagross|Metagross|100/100
|turn|30
|
|t:|1758984025
|move|p1a: Metagross|Bullet Punch|p2a: Darkrai
|-damage|p2a: Darkrai|0 fnt
|faint|p2a: Darkrai
|
|upkeep
|
|t:|1758984030
|switch|p2a: Kingambit|Kingambit, M|100/100
|turn|31
|
|t:|1758984036
|move|p1a: Metagross|Earthquake|p2a: Kingambit
|-supereffective|p2a: Kingambit
|-damage|p2a: Kingambit|44/100
|move|p2a: Kingambit|Swords Dance|p2a: Kingambit
|-boost|p2a: Kingambit|atk|2
|
|upkeep
|turn|32
|
|t:|1758984043
|move|p2a: Kingambit|Sucker Punch|p1a: Metagross
|-supereffective|p1a: Metagross
|-damage|p1a: Metagross|0 fnt
|faint|p1a: Metagross
|
|upkeep
|
|t:|1758984048
|switch|p1a: Mightyena|Mightyena, F|100/100
|-ability|p1a: Mightyena|Intimidate|boost
|-unboost|p2a: Kingambit|atk|1
|-ability|p2a: Kingambit|Defiant|boost
|-boost|p2a: Kingambit|atk|2
|turn|33
|
|t:|1758984056
|move|p1a: Mightyena|Taunt|p2a: Kingambit
|-start|p2a: Kingambit|move: Taunt
|move|p2a: Kingambit|X-Scissor|p1a: Mightyena
|-supereffective|p1a: Mightyena
|-enditem|p1a: Mightyena|Focus Sash
|-damage|p1a: Mightyena|1/100
|
|upkeep
|turn|34
|
|t:|1758984065
|move|p1a: Mightyena|Endeavor|p2a: Kingambit
|-damage|p2a: Kingambit|1/100
|move|p2a: Kingambit|X-Scissor|p1a: Mightyena
|-supereffective|p1a: Mightyena
|-damage|p1a: Mightyena|0 fnt
|faint|p1a: Mightyena
|
|win|dyarus
|raw|venator's rating: 1127 &rarr; <strong>1100</strong><br />(-27 for losing)
|raw|dyarus's rating: 1096 &rarr; <strong>1124</strong><br />(+28 for winning)
|c|☆dyarus|ez
|l|☆venator
|player|p1|
|c|☆dyarus|noob
|l|☆dyarus
|player|p2|
