|j|☆Denvertzzz
|j|☆adriicarrascoo
|t:|1759052628
|gametype|singles
|player|p1|Denvertzzz|102|1128
|player|p2|adriicarrascoo|drayden|1076
|gen|9
|tier|[Gen 9] OU
|rated|
|rule|HP Percentage Mod: HP is shown in percentages
|rule|Endless Battle Clause: Forcing endless battles is banned
|rule|Species Clause: Limit one of each Pokémon
|rule|OHKO Clause: OHKO moves are banned
|rule|Evasion Items Clause: Evasion items are banned
|rule|Evasion Moves Clause: Evasion moves are banned
|rule|Evasion Abilities Clause: Evasion abilities are banned
|rule|Sleep Moves Clause: Sleep-inducing moves are banned
|clearpoke
|poke|p1|Grimmsnarl, M|
|poke|p1|Pincurchin, M|
|poke|p1|Raichu-Alola, M|
|poke|p1|Drifblim, M|
|poke|p1|Corviknight, M|
|poke|p1|Rhyperior, M|
|poke|p2|Dragapult, M|
|poke|p2|Jolteon, F|
|poke|p2|Gliscor, F|
|poke|p2|Rillaboom, M|
|poke|p2|Torkoal, M|
|poke|p2|Bronzong|
|teampreview
|
|t:|1759052632
|teamsize|p1|6
|teamsize|p2|6
|start
|switch|p1a: Gringo|Grimmsnarl, M, shiny|100/100
|switch|p2a: Torkoal|Torkoal, M|100/100
|-weather|SunnyDay|[from] ability: Drought|[of] p2a: Torkoal
|turn|1
|
|t:|1759052643
|switch|p1a: Fuzzie|Pincurchin, M, shiny|100/100
|-fieldstart|move: Electric Terrain|[from] ability: Electric Surge|[of] p1a: Fuzzie
|move|p2a: Torkoal|Stealth Rock|p1a: Fuzzie
|-sidestart|p1: Denvertzzz|move: Stealth Rock
|
|-weather|SunnyDay|[upkeep]
|upkeep
|turn|2
|
|t:|1759052652
|move|p1a: Fuzzie|Thunder Wave|p2a: Torkoal
|-status|p2a: Torkoal|par
|move|p2a: Torkoal|Flamethrower|p1a: Fuzzie
|-damage|p1a: Fuzzie|10/100
|-status|p1a: Fuzzie|brn
|
|-weather|SunnyDay|[upkeep]
|-damage|p1a: Fuzzie|4/100 brn|[from] brn
|upkeep
|turn|3
|
|t:|1759052662
|move|p1a: Fuzzie|Zing Zap|p2a: Torkoal
|-damage|p2a: Torkoal|83/100 par
|cant|p2a: Torkoal|flinch
|
|-weather|SunnyDay|[upkeep]
|-heal|p2a: Torkoal|89/100 par|[from] item: Leftovers
|-damage|p1a: Fuzzie|0 fnt|[from] brn
|faint|p1a: Fuzzie
|upkeep
|
|t:|1759052680
|switch|p1a: Brownie|Raichu-Alola, M, shiny|100/100
|-damage|p1a: Brownie|88/100|[from] Stealth Rock
|turn|4
|
|t:|1759052692
|move|p1a: Brownie|Nasty Plot|p1a: Brownie
|-boost|p1a: Brownie|spa|2
|cant|p2a: Torkoal|par
|
|-weather|SunnyDay|[upkeep]
|-heal|p2a: Torkoal|96/100 par|[from] item: Leftovers
|upkeep
|turn|5
|
|t:|1759052701
|move|p1a: Brownie|Thunderbolt|p2a: Torkoal
|-damage|p2a: Torkoal|0 fnt
|faint|p2a: Torkoal
|
|-weather|none
|upkeep
|
|t:|1759052709
|switch|p2a: Gliscor|Gliscor, F|100/100
|turn|6
|
|t:|1759052713
|-terastallize|p1a: Brownie|Water
|move|p2a: Gliscor|Protect|p2a: Gliscor
|-singleturn|p2a: Gliscor|Protect
|move|p1a: Brownie|Surf|p2a: Gliscor
|-activate|p2a: Gliscor|move: Protect
|
|-status|p2a: Gliscor|tox|[from] item: Toxic Orb
|upkeep
|turn|7
|
|t:|1759052730
|switch|p2a: Bronzong|Bronzong|100/100
|move|p1a: Brownie|Psychic|p2a: Bronzong
|-resisted|p2a: Bronzong
|-damage|p2a: Bronzong|88/100
|
|-heal|p2a: Bronzong|94/100|[from] item: Leftovers
|upkeep
|turn|8
|
|t:|1759052739
|move|p1a: Brownie|Thunderbolt|p2a: Bronzong
|-damage|p2a: Bronzong|23/100
|move|p2a: Bronzong|Light Screen|p2a: Bronzong
|-sidestart|p2: adriicarrascoo|move: Light Screen
|
|-heal|p2a: Bronzong|29/100|[from] item: Leftovers
|-fieldend|move: Electric Terrain
|upkeep
|turn|9
|
|t:|1759052757
|switch|p2a: Jolteon|Jolteon, F|100/100
|move|p1a: Brownie|Surf|p2a: Jolteon
|-damage|p2a: Jolteon|50/100
|
|upkeep
|turn|10
|
|t:|1759052765
|move|p2a: Jolteon|Thunderbolt|p1a: Brownie
|-supereffective|p1a: Brownie
|-damage|p1a: Brownie|0 fnt
|faint|p1a: Brownie
|
|upkeep
|
|t:|1759052773
|switch|p1a: Gringo|Grimmsnarl, M, shiny|100/100
|-damage|p1a: Gringo|88/100|[from] Stealth Rock
|turn|11
|
|t:|1759052779
|move|p1a: Gringo|Bulk Up|p1a: Gringo
|-boost|p1a: Gringo|atk|1
|-boost|p1a: Gringo|def|1
|move|p2a: Jolteon|Volt Switch|p1a: Gringo
|-damage|p1a: Gringo|54/100
|
|t:|1759052794
|switch|p2a: Gliscor|Gliscor, F|100/100 tox|[from] Volt Switch
|
|upkeep
|turn|12
|
|t:|1759052799
|move|p1a: Gringo|Bulk Up|p1a: Gringo
|-boost|p1a: Gringo|atk|1
|-boost|p1a: Gringo|def|1
|move|p2a: Gliscor|Swords Dance|p2a: Gliscor
|-boost|p2a: Gliscor|atk|2
|
|-sideend|p2: adriicarrascoo|move: Light Screen
|upkeep
|turn|13
|
|t:|1759052815
|-terastallize|p2a: Gliscor|Normal
|move|p2a: Gliscor|Facade|p1a: Gringo
|-damage|p1a: Gringo|0 fnt
|faint|p1a: Gringo
|
|upkeep
|
|t:|1759052824
|switch|p1a: Boogie|Corviknight, M, shiny|100/100
|-damage|p1a: Boogie|88/100|[from] Stealth Rock
|turn|14
|
|t:|1759052833
|move|p2a: Gliscor|Knock Off|p1a: Boogie
|-damage|p1a: Boogie|50/100
|-damage|p2a: Gliscor|84/100 tox|[from] item: Rocky Helmet|[of] p1a: Boogie
|-enditem|p1a: Boogie|Rocky Helmet|[from] move: Knock Off|[of] p2a: Gliscor
|move|p1a: Boogie|Iron Defense|p1a: Boogie
|-boost|p1a: Boogie|def|2
|
|-heal|p2a: Gliscor|96/100 tox|[from] ability: Poison Heal
|upkeep
|turn|15
|
|t:|1759052843
|move|p2a: Gliscor|Facade|p1a: Boogie
|-resisted|p1a: Boogie
|-damage|p1a: Boogie|28/100
|move|p1a: Boogie|Roost|p1a: Boogie
|-heal|p1a: Boogie|78/100
|-singleturn|p1a: Boogie|move: Roost
|
|-heal|p2a: Gliscor|100/100 tox|[from] ability: Poison Heal
|upkeep
|turn|16
|
|t:|1759052853
|switch|p2a: Jolteon|Jolteon, F|50/100
|move|p1a: Boogie|Body Press|p2a: Jolteon
|-damage|p2a: Jolteon|0 fnt
|faint|p2a: Jolteon
|
|upkeep
|
|t:|1759052863
|switch|p2a: Dragapult|Dragapult, M|100/100
|turn|17
|
|t:|1759052867
|move|p2a: Dragapult|Will-O-Wisp|p1a: Boogie|[miss]
|-miss|p2a: Dragapult|p1a: Boogie
|move|p1a: Boogie|Brave Bird|p2a: Dragapult
|-damage|p2a: Dragapult|34/100
|-damage|p1a: Boogie|58/100|[from] Recoil
|
|upkeep
|turn|18
|
|t:|1759052876
|move|p2a: Dragapult|Will-O-Wisp|p1a: Boogie
|-status|p1a: Boogie|brn
|move|p1a: Boogie|Brave Bird|p2a: Dragapult
|-damage|p2a: Dragapult|0 fnt
|faint|p2a: Dragapult
|-damage|p1a: Boogie|47/100 brn|[from] Recoil
|
|-damage|p1a: Boogie|41/100 brn|[from] brn
|upkeep
|
|t:|1759052891
|switch|p2a: Rillaboom|Rillaboom, M|100/100
|-fieldstart|move: Grassy Terrain|[from] ability: Grassy Surge|[of] p2a: Rillaboom
|turn|19
|
|t:|1759052896
|move|p2a: Rillaboom|Leech Seed|p1a: Boogie|[miss]
|-miss|p2a: Rillaboom|p1a: Boogie
|move|p1a: Boogie|Roost|p1a: Boogie
|-heal|p1a: Boogie|91/100 brn
|-singleturn|p1a: Boogie|move: Roost
|
|-heal|p1a: Boogie|97/100 brn|[from] Grassy Terrain
|-damage|p1a: Boogie|91/100 brn|[from] brn
|upkeep
|turn|20
|
|t:|1759052907
|move|p2a: Rillaboom|Leech Seed|p1a: Boogie
|-start|p1a: Boogie|move: Leech Seed
|move|p1a: Boogie|Brave Bird|p2a: Rillaboom
|-supereffective|p2a: Rillaboom
|-damage|p2a: Rillaboom|49/100
|-damage|p1a: Boogie|74/100 brn|[from] Recoil
|
|-heal|p2a: Rillaboom|55/100|[from] Grassy Terrain
|-heal|p2a: Rillaboom|61/100|[from] item: Leftovers
|-damage|p1a: Boogie|61/100 brn|[from] Leech Seed|[of] p2a: Rillaboom
|-heal|p2a: Rillaboom|73/100|[silent]
|-damage|p1a: Boogie|55/100 brn|[from] brn
|upkeep
|turn|21
|
|t:|1759052924
|move|p2a: Rillaboom|Drum Beating|p1a: Boogie
|-resisted|p1a: Boogie
|-damage|p1a: Boogie|50/100 brn
|-ability|p1a: Boogie|Mirror Armor
|-unboost|p2a: Rillaboom|spe|1
|move|p1a: Boogie|Brave Bird|p2a: Rillaboom
|-supereffective|p2a: Rillaboom
|-damage|p2a: Rillaboom|22/100
|-damage|p1a: Boogie|34/100 brn|[from] Recoil
|
|-heal|p2a: Rillaboom|28/100|[from] Grassy Terrain
|-heal|p2a: Rillaboom|35/100|[from] item: Leftovers
|-damage|p1a: Boogie|21/100 brn|[from] Leech Seed|[of] p2a: Rillaboom
|-heal|p2a: Rillaboom|47/100|[silent]
|-damage|p1a: Boogie|15/100 brn|[from] brn
|upkeep
|turn|22
|
|t:|1759052940
|switch|p2a: Bronzong|Bronzong|29/100
|move|p1a: Boogie|Roost|p1a: Boogie
|-heal|p1a: Boogie|65/100 brn
|-singleturn|p1a: Boogie|move: Roost
|
|-heal|p1a: Boogie|71/100 brn|[from] Grassy Terrain
|-heal|p2a: Bronzong|36/100|[from] Grassy Terrain
|-heal|p2a: Bronzong|42/100|[from] item: Leftovers
|-damage|p1a: Boogie|59/100 brn|[from] Leech Seed|[of] p2a: Bronzong
|-heal|p2a: Bronzong|54/100|[silent]
|-damage|p1a: Boogie|53/100 brn|[from] brn
|upkeep
|turn|23
|
|t:|1759052953
|move|p1a: Boogie|Body Press|p2a: Bronzong
|-damage|p2a: Bronzong|32/100
|move|p2a: Bronzong|Reflect|p2a: Bronzong
|-sidestart|p2: adriicarrascoo|Reflect
|
|-heal|p2a: Bronzong|38/100|[from] Grassy Terrain
|-heal|p2a: Bronzong|45/100|[from] item: Leftovers
|-damage|p1a: Boogie|40/100 brn|[from] Leech Seed|[of] p2a: Bronzong
|-heal|p2a: Bronzong|57/100|[silent]
|-damage|p1a: Boogie|34/100 brn|[from] brn
|-fieldend|move: Grassy Terrain
|upkeep
|turn|24
|
|t:|1759052969
|move|p1a: Boogie|Iron Defense|p1a: Boogie
|-boost|p1a: Boogie|def|2
|move|p2a: Bronzong|Gyro Ball|p1a: Boogie
|-resisted|p1a: Boogie
|-damage|p1a: Boogie|31/100 brn
|
|-heal|p2a: Bronzong|63/100|[from] item: Leftovers
|-damage|p1a: Boogie|19/100 brn|[from] Leech Seed|[of] p2a: Bronzong
|-heal|p2a: Bronzong|76/100|[silent]
|-damage|p1a: Boogie|13/100 brn|[from] brn
|upkeep
|turn|25
|
|t:|1759052979
|switch|p2a: Rillaboom|Rillaboom, M|47/100
|-fieldstart|move: Grassy Terrain|[from] ability: Grassy Surge|[of] p2a: Rillaboom
|move|p1a: Boogie|Roost|p1a: Boogie
|-heal|p1a: Boogie|63/100 brn
|-singleturn|p1a: Boogie|move: Roost
|
|-heal|p2a: Rillaboom|53/100|[from] Grassy Terrain
|-heal|p2a: Rillaboom|59/100|[from] item: Leftovers
|-heal|p1a: Boogie|69/100 brn|[from] Grassy Terrain
|-damage|p1a: Boogie|56/100 brn|[from] Leech Seed|[of] p2a: Rillaboom
|-heal|p2a: Rillaboom|71/100|[silent]
|-damage|p1a: Boogie|50/100 brn|[from] brn
|upkeep
|turn|26
|
|t:|1759052994
|move|p2a: Rillaboom|Fake Out|p1a: Boogie
|-resisted|p1a: Boogie
|-damage|p1a: Boogie|48/100 brn
|cant|p1a: Boogie|flinch
|
|-heal|p2a: Rillaboom|78/100|[from] Grassy Terrain
|-heal|p2a: Rillaboom|84/100|[from] item: Leftovers
|-damage|p1a: Boogie|36/100 brn|[from] Leech Seed|[of] p2a: Rillaboom
|-heal|p2a: Rillaboom|96/100|[silent]
|-damage|p1a: Boogie|30/100 brn|[from] brn
|upkeep
|turn|27
|
|t:|1759053005
|switch|p2a: Bronzong|Bronzong|76/100
|move|p1a: Boogie|Roost|p1a: Boogie
|-heal|p1a: Boogie|80/100 brn
|-singleturn|p1a: Boogie|move: Roost
|
|-heal|p1a: Boogie|86/100 brn|[from] Grassy Terrain
|-heal|p2a: Bronzong|82/100|[from] Grassy Terrain
|-heal|p2a: Bronzong|88/100|[from] item: Leftovers
|-damage|p1a: Boogie|74/100 brn|[from] Leech Seed|[of] p2a: Bronzong
|-heal|p2a: Bronzong|100/100|[silent]
|-damage|p1a: Boogie|67/100 brn|[from] brn
|-sideend|p2: adriicarrascoo|Reflect
|upkeep
|turn|28
|
|t:|1759053020
|move|p1a: Boogie|Iron Defense|p1a: Boogie
|-boost|p1a: Boogie|def|2
|move|p2a: Bronzong|Reflect|p2a: Bronzong
|-sidestart|p2: adriicarrascoo|Reflect
|
|-damage|p1a: Boogie|55/100 brn|[from] Leech Seed|[of] p2a: Bronzong
|-damage|p1a: Boogie|49/100 brn|[from] brn
|upkeep
|turn|29
|
|t:|1759053029
|move|p1a: Boogie|Body Press|p2a: Bronzong
|-damage|p2a: Bronzong|76/100
|move|p2a: Bronzong|Gyro Ball|p1a: Boogie
|-resisted|p1a: Boogie
|-damage|p1a: Boogie|47/100 brn
|
|-heal|p2a: Bronzong|82/100|[from] Grassy Terrain
|-heal|p2a: Bronzong|88/100|[from] item: Leftovers
|-damage|p1a: Boogie|34/100 brn|[from] Leech Seed|[of] p2a: Bronzong
|-heal|p2a: Bronzong|100/100|[silent]
|-damage|p1a: Boogie|28/100 brn|[from] brn
|-fieldend|move: Grassy Terrain
|upkeep
|turn|30
|
|t:|1759053045
|switch|p1a: Coolie|Rhyperior, M, shiny|100/100
|-damage|p1a: Coolie|94/100|[from] Stealth Rock
|move|p2a: Bronzong|Gyro Ball|p1a: Coolie
|-supereffective|p1a: Coolie
|-damage|p1a: Coolie|70/100
|-enditem|p1a: Coolie|Weakness Policy
|-boost|p1a: Coolie|atk|2|[from] item: Weakness Policy
|-boost|p1a: Coolie|spa|2|[from] item: Weakness Policy
|
|upkeep
|turn|31
|
|t:|1759053068
|move|p1a: Coolie|Megahorn|p2a: Bronzong
|-damage|p2a: Bronzong|57/100
|move|p2a: Bronzong|Gyro Ball|p1a: Coolie
|-supereffective|p1a: Coolie
|-damage|p1a: Coolie|44/100
|
|-heal|p2a: Bronzong|64/100|[from] item: Leftovers
|upkeep
|turn|32
|
|t:|1759053091
|move|p2a: Bronzong|Protect|p2a: Bronzong
|-singleturn|p2a: Bronzong|Protect
|move|p1a: Coolie|Megahorn|p2a: Bronzong
|-activate|p2a: Bronzong|move: Protect
|
|-heal|p2a: Bronzong|70/100|[from] item: Leftovers
|-sideend|p2: adriicarrascoo|Reflect
|upkeep
|turn|33
|
|t:|1759053100
|move|p1a: Coolie|Megahorn|p2a: Bronzong
|-damage|p2a: Bronzong|0 fnt
|faint|p2a: Bronzong
|
|upkeep
|
|t:|1759053103
|switch|p2a: Rillaboom|Rillaboom, M|96/100
|-fieldstart|move: Grassy Terrain|[from] ability: Grassy Surge|[of] p2a: Rillaboom
|turn|34
|
|t:|1759053110
|move|p2a: Rillaboom|Drum Beating|p1a: Coolie
|-supereffective|p1a: Coolie
|-damage|p1a: Coolie|0 fnt
|faint|p1a: Coolie
|
|-heal|p2a: Rillaboom|100/100|[from] Grassy Terrain
|upkeep
|
|t:|1759053119
|switch|p1a: Boogie|Corviknight, M, shiny|28/100 brn
|-damage|p1a: Boogie|16/100 brn|[from] Stealth Rock
|turn|35
|
|t:|1759053123
|move|p2a: Rillaboom|Fake Out||[still]
|-hint|Fake Out only works on your first turn out.
|-fail|p2a: Rillaboom
|move|p1a: Boogie|Roost|p1a: Boogie
|-heal|p1a: Boogie|66/100 brn
|-singleturn|p1a: Boogie|move: Roost
|
|-heal|p1a: Boogie|72/100 brn|[from] Grassy Terrain
|-damage|p1a: Boogie|66/100 brn|[from] brn
|upkeep
|turn|36
|
|t:|1759053134
|move|p2a: Rillaboom|Leech Seed|p1a: Boogie
|-start|p1a: Boogie|move: Leech Seed
|move|p1a: Boogie|Brave Bird|p2a: Rillaboom
|-supereffective|p2a: Rillaboom
|-damage|p2a: Rillaboom|51/100
|-damage|p1a: Boogie|49/100 brn|[from] Recoil
|
|-heal|p2a: Rillaboom|57/100|[from] Grassy Terrain
|-heal|p2a: Rillaboom|64/100|[from] item: Leftovers
|-damage|p1a: Boogie|37/100 brn|[from] Leech Seed|[of] p2a: Rillaboom
|-heal|p2a: Rillaboom|76/100|[silent]
|-damage|p1a: Boogie|31/100 brn|[from] brn
|upkeep
|turn|37
|
|t:|1759053147
|move|p2a: Rillaboom|Hammer Arm|p1a: Boogie
|-crit|p1a: Boogie
|-damage|p1a: Boogie|0 fnt
|-unboost|p2a: Rillaboom|spe|1
|faint|p1a: Boogie
|
|-heal|p2a: Rillaboom|82/100|[from] Grassy Terrain
|-heal|p2a: Rillaboom|88/100|[from] item: Leftovers
|upkeep
|
|t:|1759053157
|switch|p1a: Glowie|Drifblim, M, shiny|100/100
|-damage|p1a: Glowie|75/100|[from] Stealth Rock
|turn|38
|
|t:|1759053162
|move|p1a: Glowie|Calm Mind|p1a: Glowie
|-boost|p1a: Glowie|spa|1
|-boost|p1a: Glowie|spd|1
|move|p2a: Rillaboom|Leech Seed|p1a: Glowie
|-start|p1a: Glowie|move: Leech Seed
|
|-heal|p2a: Rillaboom|94/100|[from] Grassy Terrain
|-heal|p2a: Rillaboom|100/100|[from] item: Leftovers
|-damage|p1a: Glowie|63/100|[from] Leech Seed|[of] p2a: Rillaboom
|-fieldend|move: Grassy Terrain
|upkeep
|turn|39
|
|t:|1759053178
|move|p1a: Glowie|Calm Mind|p1a: Glowie
|-boost|p1a: Glowie|spa|1
|-boost|p1a: Glowie|spd|1
|move|p2a: Rillaboom|Drum Beating|p1a: Glowie
|-resisted|p1a: Glowie
|-damage|p1a: Glowie|35/100
|-unboost|p1a: Glowie|spe|1
|
|-damage|p1a: Glowie|22/100|[from] Leech Seed|[of] p2a: Rillaboom
|upkeep
|turn|40
|
|t:|1759053188
|move|p2a: Rillaboom|Drum Beating|p1a: Glowie
|-resisted|p1a: Glowie
|-damage|p1a: Glowie|0 fnt
|faint|p1a: Glowie
|
|win|adriicarrascoo
|raw|Denvertzzz's rating: 1128 &rarr; <strong>1099</strong><br />(-29 for losing)
|raw|adriicarrascoo's rating: 1076 &rarr; <strong>1109</strong><br />(+33 for winning)
|l|☆adriicarrascoo
|player|p2|
|l|☆Denvertzzz
|player|p1|
