|j|☆A cereal sandwich
|j|☆MrTeddy15
|t:|1759038657
|gametype|singles
|player|p1|A cereal sandwich|aaron|1048
|player|p2|MrTeddy15|170|1072
|gen|9
|tier|[Gen 9] OU
|rated|
|rule|HP Percentage Mod: HP is shown in percentages
|rule|Endless Battle Clause: Forcing endless battles is banned
|rule|Species Clause: Limit one of each Pokémon
|rule|OHKO Clause: OHKO moves are banned
|rule|Evasion Items Clause: Evasion items are banned
|rule|Evasion Moves Clause: Evasion moves are banned
|rule|Evasion Abilities Clause: Evasion abilities are banned
|rule|Sleep Moves Clause: Sleep-inducing moves are banned
|clearpoke
|poke|p1|Dragapult, M|
|poke|p1|Iron Hands|
|poke|p1|Tinkaton, F|
|poke|p1|Rillaboom, F|
|poke|p1|Alomomola, M|
|poke|p1|Dragonite, F|
|poke|p2|Dragonite, F|
|poke|p2|Rotom-Wash|
|poke|p2|Entei|
|poke|p2|Clefable, F|
|poke|p2|Umbreon, M|
|poke|p2|Scizor, M|
|teampreview
|
|t:|1759038676
|teamsize|p1|6
|teamsize|p2|6
|start
|switch|p1a: Iron Hands|Iron Hands|100/100
|switch|p2a: Entei|Entei|100/100
|turn|1
|
|t:|1759038685
|move|p2a: Entei|Sacred Fire|p1a: Iron Hands
|-damage|p1a: Iron Hands|52/100
|move|p1a: Iron Hands|Supercell Slam|p2a: Entei
|-damage|p2a: Entei|50/100
|
|upkeep
|turn|2
|
|t:|1759038692
|move|p2a: Entei|Sacred Fire|p1a: Iron Hands
|-damage|p1a: Iron Hands|2/100
|-status|p1a: Iron Hands|brn
|move|p1a: Iron Hands|Volt Switch|p2a: Entei
|-damage|p2a: Entei|37/100
|
|t:|1759038702
|-end|p1a: Iron Hands|Quark Drive|[silent]
|switch|p1a: Dragapult|Dragapult, M|100/100|[from] Volt Switch
|
|upkeep
|turn|3
|
|t:|1759038711
|switch|p2a: Clefable|Clefable, F|100/100
|move|p1a: Dragapult|Shadow Ball|p2a: Clefable
|-damage|p2a: Clefable|55/100
|
|-heal|p2a: Clefable|61/100|[from] item: Leftovers
|upkeep
|turn|4
|
|t:|1759038722
|switch|p1a: Tinkaton|Tinkaton, F|100/100
|-ability|p1a: Tinkaton|Mold Breaker
|move|p2a: Clefable|Draining Kiss|p1a: Tinkaton
|-resisted|p1a: Tinkaton
|-damage|p1a: Tinkaton|93/100
|-heal|p2a: Clefable|66/100|[from] drain|[of] p1a: Tinkaton
|
|-heal|p1a: Tinkaton|99/100|[from] item: Leftovers
|-heal|p2a: Clefable|72/100|[from] item: Leftovers
|upkeep
|turn|5
|
|t:|1759038741
|switch|p2a: Rotom|Rotom-Wash|100/100
|move|p1a: Tinkaton|Stealth Rock|p2a: Rotom
|-sidestart|p2: MrTeddy15|move: Stealth Rock
|
|-heal|p1a: Tinkaton|100/100|[from] item: Leftovers
|upkeep
|turn|6
|
|t:|1759038749
|switch|p1a: Rillaboom|Rillaboom, F|100/100
|-fieldstart|move: Grassy Terrain|[from] ability: Grassy Surge|[of] p1a: Rillaboom
|move|p2a: Rotom|Will-O-Wisp|p1a: Rillaboom
|-status|p1a: Rillaboom|brn
|
|-damage|p1a: Rillaboom|94/100 brn|[from] brn
|upkeep
|turn|7
|
|t:|1759038760
|switch|p2a: Scizor|Scizor, M|100/100
|-damage|p2a: Scizor|88/100|[from] Stealth Rock
|move|p1a: Rillaboom|Wood Hammer|p2a: Scizor
|-resisted|p2a: Scizor
|-damage|p2a: Scizor|76/100
|-damage|p1a: Rillaboom|78/100 brn|[from] item: Rocky Helmet|[of] p2a: Scizor
|-damage|p1a: Rillaboom|74/100 brn|[from] Recoil
|-damage|p1a: Rillaboom|64/100 brn|[from] item: Life Orb
|
|-heal|p1a: Rillaboom|70/100 brn|[from] Grassy Terrain
|-heal|p2a: Scizor|82/100|[from] Grassy Terrain
|-damage|p1a: Rillaboom|64/100 brn|[from] brn
|upkeep
|turn|8
|
|t:|1759038773
|move|p1a: Rillaboom|U-turn|p2a: Scizor
|-resisted|p2a: Scizor
|-damage|p2a: Scizor|74/100
|-damage|p1a: Rillaboom|47/100 brn|[from] item: Rocky Helmet|[of] p2a: Scizor
|-damage|p1a: Rillaboom|37/100 brn|[from] item: Life Orb
|
|t:|1759038776
|switch|p1a: Alomomola|Alomomola, M|100/100|[from] U-turn
|move|p2a: Scizor|Defog|p1a: Alomomola
|-unboost|p1a: Alomomola|evasion|1
|-sideend|p2: MrTeddy15|Stealth Rock|[from] move: Defog|[of] p2a: Scizor
|-fieldend|move: Grassy Terrain
|
|upkeep
|turn|9
|
|t:|1759038794
|switch|p2a: Umbreon|Umbreon, M, shiny|100/100
|move|p1a: Alomomola|Flip Turn|p2a: Umbreon
|-damage|p2a: Umbreon|91/100
|
|t:|1759038798
|switch|p1a: Tinkaton|Tinkaton, F|100/100|[from] Flip Turn
|-ability|p1a: Tinkaton|Mold Breaker
|
|-heal|p2a: Umbreon|97/100|[from] item: Leftovers
|upkeep
|turn|10
|
|t:|1759038805
|move|p1a: Tinkaton|Stealth Rock|p2a: Umbreon
|-sidestart|p2: MrTeddy15|move: Stealth Rock
|move|p2a: Umbreon|Foul Play|p1a: Tinkaton
|-resisted|p1a: Tinkaton
|-damage|p1a: Tinkaton|85/100
|
|-heal|p1a: Tinkaton|91/100|[from] item: Leftovers
|-heal|p2a: Umbreon|100/100|[from] item: Leftovers
|upkeep
|turn|11
|
|t:|1759038813
|move|p1a: Tinkaton|Knock Off|p2a: Umbreon
|-resisted|p2a: Umbreon
|-damage|p2a: Umbreon|96/100
|-enditem|p2a: Umbreon|Leftovers|[from] move: Knock Off|[of] p1a: Tinkaton
|move|p2a: Umbreon|Wish|p2a: Umbreon
|
|-heal|p1a: Tinkaton|98/100|[from] item: Leftovers
|upkeep
|turn|12
|
|t:|1759038822
|switch|p2a: Scizor|Scizor, M|74/100
|-damage|p2a: Scizor|62/100|[from] Stealth Rock
|move|p1a: Tinkaton|Encore||[still]
|-fail|p1a: Tinkaton
|
|-heal|p2a: Scizor|100/100|[from] move: Wish|[wisher] Umbreon
|-heal|p1a: Tinkaton|100/100|[from] item: Leftovers
|upkeep
|turn|13
|
|t:|1759038832
|move|p1a: Tinkaton|Knock Off|p2a: Scizor
|-damage|p2a: Scizor|83/100
|-damage|p1a: Tinkaton|84/100|[from] item: Rocky Helmet|[of] p2a: Scizor
|-enditem|p2a: Scizor|Rocky Helmet|[from] move: Knock Off|[of] p1a: Tinkaton
|move|p2a: Scizor|Defog|p1a: Tinkaton
|-unboost|p1a: Tinkaton|evasion|1
|-sideend|p2: MrTeddy15|Stealth Rock|[from] move: Defog|[of] p2a: Scizor
|
|-heal|p1a: Tinkaton|90/100|[from] item: Leftovers
|upkeep
|turn|14
|
|t:|1759038846
|move|p1a: Tinkaton|Stealth Rock|p2a: Scizor
|-sidestart|p2: MrTeddy15|move: Stealth Rock
|move|p2a: Scizor|Swords Dance|p2a: Scizor
|-boost|p2a: Scizor|atk|2
|
|-heal|p1a: Tinkaton|96/100|[from] item: Leftovers
|upkeep
|turn|15
|
|t:|1759038852
|move|p1a: Tinkaton|Encore|p2a: Scizor
|-start|p2a: Scizor|Encore
|move|p2a: Scizor|Swords Dance|p2a: Scizor
|-boost|p2a: Scizor|atk|2
|
|-heal|p1a: Tinkaton|100/100|[from] item: Leftovers
|upkeep
|turn|16
|
|t:|1759038860
|switch|p1a: Dragapult|Dragapult, M|100/100
|move|p2a: Scizor|Swords Dance|p2a: Scizor
|-boost|p2a: Scizor|atk|2
|
|upkeep
|turn|17
|
|t:|1759038874
|switch|p2a: Umbreon|Umbreon, M, shiny|96/100
|-damage|p2a: Umbreon|83/100|[from] Stealth Rock
|move|p1a: Dragapult|Shadow Ball|p2a: Umbreon
|-resisted|p2a: Umbreon
|-damage|p2a: Umbreon|64/100
|
|upkeep
|turn|18
|
|t:|1759038900
|switch|p1a: Iron Hands|Iron Hands|2/100 brn
|move|p2a: Umbreon|Wish|p2a: Umbreon
|
|-damage|p1a: Iron Hands|0 fnt|[from] brn
|faint|p1a: Iron Hands
|-end|p1a: Iron Hands|Quark Drive|[silent]
|upkeep
|
|t:|1759038911
|switch|p1a: Dragonite|Dragonite, F|100/100
|turn|19
|
|t:|1759038919
|-terastallize|p1a: Dragonite|Normal
|move|p2a: Umbreon|Protect|p2a: Umbreon
|-singleturn|p2a: Umbreon|Protect
|move|p1a: Dragonite|Extreme Speed|p2a: Umbreon
|-activate|p2a: Umbreon|move: Protect
|
|-heal|p2a: Umbreon|100/100|[from] move: Wish|[wisher] Umbreon
|upkeep
|turn|20
|
|t:|1759038929
|move|p1a: Dragonite|Extreme Speed|p2a: Umbreon
|-damage|p2a: Umbreon|62/100
|move|p2a: Umbreon|Foul Play|p1a: Dragonite
|-damage|p1a: Dragonite|68/100
|
|upkeep
|turn|21
|
|t:|1759038943
|move|p1a: Dragonite|Extreme Speed|p2a: Umbreon
|-damage|p2a: Umbreon|20/100
|move|p2a: Umbreon|Wish|p2a: Umbreon
|
|upkeep
|turn|22
|
|t:|1759038950
|switch|p1a: Dragapult|Dragapult, M|100/100
|move|p2a: Umbreon|Protect||[still]
|-fail|p2a: Umbreon
|
|-heal|p2a: Umbreon|70/100|[from] move: Wish|[wisher] Umbreon
|upkeep
|turn|23
|
|t:|1759038960
|move|p1a: Dragapult|U-turn|p2a: Umbreon
|-supereffective|p2a: Umbreon
|-damage|p2a: Umbreon|51/100
|
|t:|1759038963
|switch|p1a: Tinkaton|Tinkaton, F|100/100|[from] U-turn
|-ability|p1a: Tinkaton|Mold Breaker
|move|p2a: Umbreon|Foul Play|p1a: Tinkaton
|-resisted|p1a: Tinkaton
|-damage|p1a: Tinkaton|86/100
|
|-heal|p1a: Tinkaton|92/100|[from] item: Leftovers
|upkeep
|turn|24
|
|t:|1759038973
|move|p2a: Umbreon|Protect|p2a: Umbreon
|-singleturn|p2a: Umbreon|Protect
|move|p1a: Tinkaton|Gigaton Hammer|p2a: Umbreon
|-activate|p2a: Umbreon|move: Protect
|
|-heal|p1a: Tinkaton|98/100|[from] item: Leftovers
|upkeep
|turn|25
|
|t:|1759038984
|switch|p2a: Rotom|Rotom-Wash|100/100
|-damage|p2a: Rotom|88/100|[from] Stealth Rock
|move|p1a: Tinkaton|Encore||[still]
|-fail|p1a: Tinkaton
|
|-heal|p1a: Tinkaton|100/100|[from] item: Leftovers
|-heal|p2a: Rotom|94/100|[from] item: Leftovers
|upkeep
|turn|26
|
|t:|1759038994
|move|p1a: Tinkaton|Knock Off|p2a: Rotom
|-damage|p2a: Rotom|76/100
|-enditem|p2a: Rotom|Leftovers|[from] move: Knock Off|[of] p1a: Tinkaton
|move|p2a: Rotom|Will-O-Wisp|p1a: Tinkaton
|-status|p1a: Tinkaton|brn
|
|-damage|p1a: Tinkaton|94/100 brn|[from] brn
|upkeep
|turn|27
|
|t:|1759039017
|switch|p1a: Rillaboom|Rillaboom, F|37/100 brn
|-fieldstart|move: Grassy Terrain|[from] ability: Grassy Surge|[of] p1a: Rillaboom
|move|p2a: Rotom|Volt Switch|p1a: Rillaboom
|-resisted|p1a: Rillaboom
|-damage|p1a: Rillaboom|22/100 brn
|
|t:|1759039025
|switch|p2a: Scizor|Scizor, M|83/100|[from] Volt Switch
|-damage|p2a: Scizor|71/100|[from] Stealth Rock
|
|-heal|p1a: Rillaboom|28/100 brn|[from] Grassy Terrain
|-heal|p2a: Scizor|77/100|[from] Grassy Terrain
|-damage|p1a: Rillaboom|22/100 brn|[from] brn
|upkeep
|turn|28
|
|t:|1759039038
|move|p1a: Rillaboom|Wood Hammer|p2a: Scizor
|-resisted|p2a: Scizor
|-damage|p2a: Scizor|64/100
|-damage|p1a: Rillaboom|18/100 brn|[from] Recoil
|-damage|p1a: Rillaboom|8/100 brn|[from] item: Life Orb
|move|p2a: Scizor|Defog|p1a: Rillaboom
|-unboost|p1a: Rillaboom|evasion|1
|-sideend|p2: MrTeddy15|Stealth Rock|[from] move: Defog|[of] p2a: Scizor
|-fieldend|move: Grassy Terrain
|
|-damage|p1a: Rillaboom|1/100 brn|[from] brn
|upkeep
|turn|29
|
|t:|1759039049
|move|p1a: Rillaboom|Wood Hammer|p2a: Scizor
|-resisted|p2a: Scizor
|-damage|p2a: Scizor|53/100
|-damage|p1a: Rillaboom|0 fnt|[from] Recoil
|faint|p1a: Rillaboom
|move|p2a: Scizor|Swords Dance|p2a: Scizor
|-boost|p2a: Scizor|atk|2
|
|upkeep
|
|t:|1759039055
|switch|p1a: Dragapult|Dragapult, M|100/100
|turn|30
|
|t:|1759039059
|move|p2a: Scizor|Bullet Punch|p1a: Dragapult
|-damage|p1a: Dragapult|11/100
|move|p1a: Dragapult|Shadow Ball|p2a: Scizor
|-damage|p2a: Scizor|0 fnt
|faint|p2a: Scizor
|
|upkeep
|
|t:|1759039071
|switch|p2a: Clefable|Clefable, F|72/100
|turn|31
|
|t:|1759039078
|switch|p1a: Tinkaton|Tinkaton, F|94/100 brn
|-ability|p1a: Tinkaton|Mold Breaker
|move|p2a: Clefable|Draining Kiss|p1a: Tinkaton
|-resisted|p1a: Tinkaton
|-damage|p1a: Tinkaton|87/100 brn
|-heal|p2a: Clefable|77/100|[from] drain|[of] p1a: Tinkaton
|
|-heal|p1a: Tinkaton|93/100 brn|[from] item: Leftovers
|-heal|p2a: Clefable|83/100|[from] item: Leftovers
|-damage|p1a: Tinkaton|87/100 brn|[from] brn
|upkeep
|turn|32
|
|t:|1759039089
|move|p1a: Tinkaton|Stealth Rock|p2a: Clefable
|-sidestart|p2: MrTeddy15|move: Stealth Rock
|move|p2a: Clefable|Flamethrower|p1a: Tinkaton
|-supereffective|p1a: Tinkaton
|-damage|p1a: Tinkaton|50/100 brn
|
|-heal|p1a: Tinkaton|56/100 brn|[from] item: Leftovers
|-heal|p2a: Clefable|90/100|[from] item: Leftovers
|-damage|p1a: Tinkaton|50/100 brn|[from] brn
|upkeep
|turn|33
|
|t:|1759039106
|-terastallize|p2a: Clefable|Steel
|move|p1a: Tinkaton|Gigaton Hammer|p2a: Clefable
|-resisted|p2a: Clefable
|-damage|p2a: Clefable|78/100
|move|p2a: Clefable|Flamethrower|p1a: Tinkaton
|-supereffective|p1a: Tinkaton
|-damage|p1a: Tinkaton|16/100 brn
|
|-heal|p1a: Tinkaton|22/100 brn|[from] item: Leftovers
|-heal|p2a: Clefable|85/100|[from] item: Leftovers
|-damage|p1a: Tinkaton|16/100 brn|[from] brn
|upkeep
|turn|34
|
|t:|1759039123
|move|p1a: Tinkaton|Knock Off|p2a: Clefable
|-damage|p2a: Clefable|74/100
|-enditem|p2a: Clefable|Leftovers|[from] move: Knock Off|[of] p1a: Tinkaton
|move|p2a: Clefable|Flamethrower|p1a: Tinkaton
|-supereffective|p1a: Tinkaton
|-damage|p1a: Tinkaton|0 fnt
|faint|p1a: Tinkaton
|
|upkeep
|
|t:|1759039128
|switch|p1a: Alomomola|Alomomola, M|100/100
|turn|35
|
|t:|1759039137
|switch|p2a: Umbreon|Umbreon, M, shiny|51/100
|-damage|p2a: Umbreon|38/100|[from] Stealth Rock
|move|p1a: Alomomola|Wish|p1a: Alomomola
|
|upkeep
|turn|36
|
|t:|1759039148
|move|p2a: Umbreon|Toxic|p1a: Alomomola
|-status|p1a: Alomomola|tox
|move|p1a: Alomomola|Flip Turn|p2a: Umbreon
|-damage|p2a: Umbreon|30/100
|
|t:|1759039154
|switch|p1a: Dragonite|Dragonite, F, tera:Normal|68/100|[from] Flip Turn
|
|-heal|p1a: Dragonite|100/100|[from] move: Wish|[wisher] Alomomola
|upkeep
|turn|37
|
|t:|1759039169
|move|p2a: Umbreon|Protect|p2a: Umbreon
|-singleturn|p2a: Umbreon|Protect
|move|p1a: Dragonite|Extreme Speed|p2a: Umbreon
|-activate|p2a: Umbreon|move: Protect
|
|upkeep
|turn|38
|
|t:|1759039179
|move|p1a: Dragonite|Extreme Speed|p2a: Umbreon
|-damage|p2a: Umbreon|0 fnt
|faint|p2a: Umbreon
|
|upkeep
|
|t:|1759039186
|switch|p2a: Rotom|Rotom-Wash|76/100
|-damage|p2a: Rotom|64/100|[from] Stealth Rock
|turn|39
|
|t:|1759039194
|switch|p1a: Alomomola|Alomomola, M|100/100 tox
|move|p2a: Rotom|Will-O-Wisp|p1a: Alomomola|[miss]
|-miss|p2a: Rotom|p1a: Alomomola
|
|-damage|p1a: Alomomola|94/100 tox|[from] psn
|upkeep
|turn|40
|
|t:|1759039215
|move|p2a: Rotom|Pain Split|p1a: Alomomola
|-sethp|p1a: Alomomola|65/100 tox|[from] move: Pain Split|[silent]
|-sethp|p2a: Rotom|100/100|[from] move: Pain Split
|move|p1a: Alomomola|Mirror Coat||[still]
|-fail|p1a: Alomomola
|
|-heal|p1a: Alomomola|71/100 tox|[from] item: Leftovers
|-damage|p1a: Alomomola|59/100 tox|[from] psn
|upkeep
|turn|41
|
|t:|1759039227
|move|p2a: Rotom|Volt Switch|p1a: Alomomola
|-supereffective|p1a: Alomomola
|-damage|p1a: Alomomola|1/100 tox
|
|t:|1759039234
|switch|p2a: Dragonite|Dragonite, F|100/100|[from] Volt Switch
|-damage|p2a: Dragonite|75/100|[from] Stealth Rock
|move|p1a: Alomomola|Flip Turn|p2a: Dragonite
|-resisted|p2a: Dragonite
|-damage|p2a: Dragonite|67/100
|
|t:|1759039247
|switch|p1a: Dragapult|Dragapult, M|11/100|[from] Flip Turn
|
|-heal|p2a: Dragonite|73/100|[from] item: Leftovers
|upkeep
|turn|42
|
|t:|1759039260
|move|p1a: Dragapult|Draco Meteor|p2a: Dragonite
|-supereffective|p2a: Dragonite
|-damage|p2a: Dragonite|0 fnt
|-unboost|p1a: Dragapult|spa|2
|faint|p2a: Dragonite
|
|upkeep
|
|t:|1759039283
|switch|p2a: Rotom|Rotom-Wash|100/100
|-damage|p2a: Rotom|88/100|[from] Stealth Rock
|turn|43
|
|t:|1759039290
|switch|p1a: Alomomola|Alomomola, M|34/100 tox
|move|p2a: Rotom|Hydro Pump|p1a: Alomomola|[miss]
|-miss|p2a: Rotom|p1a: Alomomola
|
|-heal|p1a: Alomomola|40/100 tox|[from] item: Leftovers
|-damage|p1a: Alomomola|34/100 tox|[from] psn
|upkeep
|turn|44
|
|t:|1759039301
|move|p2a: Rotom|Volt Switch|p1a: Alomomola
|-supereffective|p1a: Alomomola
|-damage|p1a: Alomomola|0 fnt
|faint|p1a: Alomomola
|
|t:|1759039311
|switch|p2a: Clefable|Clefable, F, tera:Steel|74/100|[from] Volt Switch
|-damage|p2a: Clefable|68/100|[from] Stealth Rock
|
|upkeep
|
|t:|1759039337
|switch|p1a: Dragapult|Dragapult, M|11/100
|turn|45
|
|t:|1759039352
|move|p1a: Dragapult|Flamethrower|p2a: Clefable
|-supereffective|p2a: Clefable
|-damage|p2a: Clefable|0 fnt
|faint|p2a: Clefable
|
|upkeep
|
|t:|1759039358
|switch|p2a: Rotom|Rotom-Wash|88/100
|-damage|p2a: Rotom|75/100|[from] Stealth Rock
|turn|46
|
|t:|1759039363
|move|p1a: Dragapult|Flamethrower|p2a: Rotom
|-resisted|p2a: Rotom
|-damage|p2a: Rotom|61/100
|move|p2a: Rotom|Hydro Pump|p1a: Dragapult
|-resisted|p1a: Dragapult
|-damage|p1a: Dragapult|0 fnt
|faint|p1a: Dragapult
|
|upkeep
|
|t:|1759039365
|switch|p1a: Dragonite|Dragonite, F, tera:Normal|100/100
|turn|47
|
|t:|1759039377
|move|p1a: Dragonite|Extreme Speed|p2a: Rotom
|-damage|p2a: Rotom|0 fnt
|faint|p2a: Rotom
|
|upkeep
|
|t:|1759039381
|switch|p2a: Entei|Entei|37/100
|-damage|p2a: Entei|12/100|[from] Stealth Rock
|turn|48
|
|t:|1759039386
|move|p1a: Dragonite|Extreme Speed|p2a: Entei
|-damage|p2a: Entei|0 fnt
|faint|p2a: Entei
|
|win|A cereal sandwich
|raw|A cereal sandwich's rating: 1048 &rarr; <strong>1083</strong><br />(+35 for winning)
|raw|MrTeddy15's rating: 1072 &rarr; <strong>1050</strong><br />(-22 for losing)
|l|☆MrTeddy15
|player|p2|
