|j|☆mysunshine
|j|☆mangoseedplant
|t:|1758981781
|gametype|singles
|player|p1|mysunshine|waitress|1404
|player|p2|mangoseedplant|emmet|1366
|gen|9
|tier|[Gen 9] OU
|rated|
|rule|HP Percentage Mod: HP is shown in percentages
|rule|Endless Battle Clause: Forcing endless battles is banned
|rule|Species Clause: Limit one of each Pokémon
|rule|OHKO Clause: OHKO moves are banned
|rule|Evasion Items Clause: Evasion items are banned
|rule|Evasion Moves Clause: Evasion moves are banned
|rule|Evasion Abilities Clause: Evasion abilities are banned
|rule|Sleep Moves Clause: Sleep-inducing moves are banned
|clearpoke
|poke|p1|Bellibolt, F|
|poke|p1|Pelipper, F|
|poke|p1|Iron Treads|
|poke|p1|Barraskewda, F|
|poke|p1|Dragonite, F|
|poke|p1|Iron Valiant|
|poke|p2|Gholdengo|
|poke|p2|Gliscor, F|
|poke|p2|Blissey, F|
|poke|p2|Dondozo, F|
|poke|p2|Weezing-Galar, F|
|poke|p2|Toxapex, M|
|teampreview
|inactive|Battle timer is ON: inactive players will automatically lose when time's up. (requested by mysunshine)
|
|t:|1758981804
|teamsize|p1|6
|teamsize|p2|6
|start
|switch|p1a: Pelipper|Pelipper, F|100/100
|switch|p2a: Blissey|Blissey, F|100/100
|-weather|RainDance|[from] ability: Drizzle|[of] p1a: Pelipper
|turn|1
|
|t:|1758981814
|move|p1a: Pelipper|U-turn|p2a: Blissey
|-damage|p2a: Blissey|87/100
|
|t:|1758981832
|switch|p1a: Barraskewda|Barraskewda, F, shiny|100/100|[from] U-turn
|move|p2a: Blissey|Stealth Rock|p1a: Barraskewda
|-sidestart|p1: mysunshine|move: Stealth Rock
|
|-weather|RainDance|[upkeep]
|upkeep
|turn|2
|
|t:|1758981852
|switch|p2a: Dondozo|Dondozo, F|100/100
|move|p1a: Barraskewda|Liquidation|p2a: Dondozo
|-resisted|p2a: Dondozo
|-crit|p2a: Dondozo
|-damage|p2a: Dondozo|66/100
|
|-weather|RainDance|[upkeep]
|upkeep
|turn|3
|inactive|mysunshine has 120 seconds left.
|inactive|mysunshine has 90 seconds left.
|
|t:|1758981915
|switch|p1a: Iron Treads|Iron Treads, shiny|100/100
|move|p2a: Dondozo|Rest|p2a: Dondozo
|-status|p2a: Dondozo|slp|[from] move: Rest
|-heal|p2a: Dondozo|100/100 slp|[silent]
|
|-weather|RainDance|[upkeep]
|upkeep
|turn|4
|
|t:|1758981930
|switch|p2a: Gholdengo|Gholdengo|100/100
|move|p1a: Iron Treads|Volt Switch|p2a: Gholdengo
|-damage|p2a: Gholdengo|88/100
|inactive|mysunshine has 90 seconds left.
|
|t:|1758981944
|-end|p1a: Iron Treads|Quark Drive|[silent]
|switch|p1a: Barraskewda|Barraskewda, F, shiny|100/100|[from] Volt Switch
|-damage|p1a: Barraskewda|88/100|[from] Stealth Rock
|
|-weather|RainDance|[upkeep]
|upkeep
|turn|5
|
|t:|1758981952
|switch|p2a: Dondozo|Dondozo, F|100/100 slp
|-terastallize|p1a: Barraskewda|Water
|move|p1a: Barraskewda|Flip Turn|p2a: Dondozo
|-resisted|p2a: Dondozo
|-damage|p2a: Dondozo|80/100 slp
|inactive|mysunshine has 90 seconds left.
|
|t:|1758981965
|switch|p1a: Iron Treads|Iron Treads, shiny|100/100|[from] Flip Turn
|
|-weather|RainDance|[upkeep]
|upkeep
|turn|6
|
|t:|1758981976
|switch|p2a: Gliscor|Gliscor, F|100/100
|move|p1a: Iron Treads|Stealth Rock|p2a: Gliscor
|-sidestart|p2: mangoseedplant|move: Stealth Rock
|
|-weather|RainDance|[upkeep]
|-status|p2a: Gliscor|tox|[from] item: Toxic Orb
|upkeep
|turn|7
|
|t:|1758981990
|move|p1a: Iron Treads|Rapid Spin|p2a: Gliscor
|-damage|p2a: Gliscor|93/100 tox
|-boost|p1a: Iron Treads|spe|1
|-sideend|p1: mysunshine|Stealth Rock|[from] move: Rapid Spin|[of] p1a: Iron Treads
|move|p2a: Gliscor|Knock Off|p1a: Iron Treads
|-damage|p1a: Iron Treads|86/100
|-enditem|p1a: Iron Treads|Heavy-Duty Boots|[from] move: Knock Off|[of] p2a: Gliscor
|
|-weather|RainDance|[upkeep]
|-heal|p2a: Gliscor|100/100 tox|[from] ability: Poison Heal
|upkeep
|turn|8
|
|t:|1758982001
|-end|p1a: Iron Treads|Quark Drive|[silent]
|switch|p1a: Barraskewda|Barraskewda, F, shiny, tera:Water|88/100
|move|p2a: Gliscor|Spikes|p1a: Barraskewda
|-sidestart|p1: mysunshine|Spikes
|
|-weather|none
|upkeep
|turn|9
|
|t:|1758982009
|-terastallize|p2a: Gliscor|Dragon
|move|p1a: Barraskewda|Flip Turn|p2a: Gliscor
|-resisted|p2a: Gliscor
|-damage|p2a: Gliscor|80/100 tox
|
|t:|1758982027
|switch|p1a: Dragonite|Dragonite, F|100/100|[from] Flip Turn
|move|p2a: Gliscor|Toxic|p1a: Dragonite
|-status|p1a: Dragonite|tox
|
|-damage|p1a: Dragonite|94/100 tox|[from] psn
|-heal|p2a: Gliscor|93/100 tox|[from] ability: Poison Heal
|upkeep
|turn|10
|inactive|mangoseedplant has 120 seconds left.
|
|t:|1758982066
|move|p1a: Dragonite|Draco Meteor|p2a: Gliscor
|-supereffective|p2a: Gliscor
|-damage|p2a: Gliscor|0 fnt
|-unboost|p1a: Dragonite|spa|2
|faint|p2a: Gliscor
|-enditem|p1a: Dragonite|Eject Pack
|
|t:|1758982087
|switch|p1a: Pelipper|Pelipper, F|100/100
|-weather|RainDance|[from] ability: Drizzle|[of] p1a: Pelipper
|
|-weather|RainDance|[upkeep]
|upkeep
|inactive|mangoseedplant has 120 seconds left.
|
|t:|1758982093
|switch|p2a: Toxapex|Toxapex, M|100/100
|turn|11
|inactive|mangoseedplant has 120 seconds left.
|
|t:|1758982104
|move|p1a: Pelipper|U-turn|p2a: Toxapex
|-resisted|p2a: Toxapex
|-damage|p2a: Toxapex|98/100
|
|t:|1758982114
|switch|p1a: Iron Treads|Iron Treads, shiny|86/100|[from] U-turn
|-damage|p1a: Iron Treads|73/100|[from] Spikes
|move|p2a: Toxapex|Toxic|p1a: Iron Treads
|-immune|p1a: Iron Treads
|
|-weather|RainDance|[upkeep]
|upkeep
|turn|12
|inactive|mangoseedplant has 120 seconds left.
|
|t:|1758982133
|move|p2a: Toxapex|Baneful Bunker|p2a: Toxapex
|-singleturn|p2a: Toxapex|move: Protect
|move|p1a: Iron Treads|Earth Power|p2a: Toxapex
|-activate|p2a: Toxapex|move: Protect
|
|-weather|RainDance|[upkeep]
|upkeep
|turn|13
|inactive|mangoseedplant has 120 seconds left.
|inactive|mysunshine has 90 seconds left.
|
|t:|1758982171
|switch|p2a: Blissey|Blissey, F|87/100
|move|p1a: Iron Treads|Rapid Spin|p2a: Blissey
|-damage|p2a: Blissey|63/100
|-boost|p1a: Iron Treads|spe|1
|-sideend|p1: mysunshine|Spikes|[from] move: Rapid Spin|[of] p1a: Iron Treads
|
|-weather|RainDance|[upkeep]
|upkeep
|turn|14
|
|t:|1758982181
|move|p1a: Iron Treads|Volt Switch|p2a: Blissey
|-damage|p2a: Blissey|59/100
|inactive|mysunshine has 90 seconds left.
|
|t:|1758982201
|-end|p1a: Iron Treads|Quark Drive|[silent]
|switch|p1a: Barraskewda|Barraskewda, F, shiny, tera:Water|88/100|[from] Volt Switch
|move|p2a: Blissey|Stealth Rock|p1a: Barraskewda
|-sidestart|p1: mysunshine|move: Stealth Rock
|
|-weather|RainDance|[upkeep]
|upkeep
|turn|15
|inactive|mysunshine has 90 seconds left.
|
|t:|1758982215
|switch|p2a: Toxapex|Toxapex, M|100/100
|move|p1a: Barraskewda|Flip Turn|p2a: Toxapex
|-resisted|p2a: Toxapex
|-damage|p2a: Toxapex|59/100
|inactive|mysunshine has 90 seconds left.
|
|t:|1758982227
|switch|p1a: Iron Treads|Iron Treads, shiny|73/100|[from] Flip Turn
|-damage|p1a: Iron Treads|70/100|[from] Stealth Rock
|
|-weather|RainDance|[upkeep]
|upkeep
|turn|16
|
|t:|1758982237
|move|p2a: Toxapex|Baneful Bunker|p2a: Toxapex
|-singleturn|p2a: Toxapex|move: Protect
|move|p1a: Iron Treads|Earth Power|p2a: Toxapex
|-activate|p2a: Toxapex|move: Protect
|
|-weather|RainDance|[upkeep]
|upkeep
|turn|17
|
|t:|1758982253
|switch|p2a: Blissey|Blissey, F|59/100
|move|p1a: Iron Treads|Rapid Spin|p2a: Blissey
|-damage|p2a: Blissey|36/100
|-boost|p1a: Iron Treads|spe|1
|-sideend|p1: mysunshine|Stealth Rock|[from] move: Rapid Spin|[of] p1a: Iron Treads
|
|-weather|none
|upkeep
|turn|18
|
|t:|1758982262
|move|p1a: Iron Treads|Volt Switch|p2a: Blissey
|-damage|p2a: Blissey|32/100
|
|t:|1758982267
|-end|p1a: Iron Treads|Quark Drive|[silent]
|switch|p1a: Pelipper|Pelipper, F|100/100|[from] Volt Switch
|-weather|RainDance|[from] ability: Drizzle|[of] p1a: Pelipper
|move|p2a: Blissey|Soft-Boiled|p2a: Blissey
|-heal|p2a: Blissey|82/100
|
|-weather|RainDance|[upkeep]
|upkeep
|turn|19
|
|t:|1758982277
|move|p1a: Pelipper|U-turn|p2a: Blissey
|-damage|p2a: Blissey|69/100
|
|t:|1758982283
|switch|p1a: Bellibolt|Bellibolt, F|100/100|[from] U-turn
|move|p2a: Blissey|Stealth Rock|p1a: Bellibolt
|-sidestart|p1: mysunshine|move: Stealth Rock
|
|-weather|RainDance|[upkeep]
|upkeep
|turn|20
|
|t:|1758982292
|move|p1a: Bellibolt|Thunder|p2a: Blissey
|-damage|p2a: Blissey|56/100
|-status|p2a: Blissey|par
|move|p2a: Blissey|Soft-Boiled|p2a: Blissey
|-heal|p2a: Blissey|100/100 par
|
|-weather|RainDance|[upkeep]
|upkeep
|turn|21
|
|t:|1758982302
|move|p1a: Bellibolt|Volt Switch|p2a: Blissey
|-damage|p2a: Blissey|92/100 par
|inactive|mysunshine has 120 seconds left.
|
|t:|1758982328
|switch|p1a: Iron Treads|Iron Treads, shiny|70/100|[from] Volt Switch
|-damage|p1a: Iron Treads|68/100|[from] Stealth Rock
|move|p2a: Blissey|Flamethrower|p1a: Iron Treads
|-supereffective|p1a: Iron Treads
|-damage|p1a: Iron Treads|48/100
|
|-weather|RainDance|[upkeep]
|upkeep
|turn|22
|
|t:|1758982339
|move|p1a: Iron Treads|Rapid Spin|p2a: Blissey
|-damage|p2a: Blissey|68/100 par
|-boost|p1a: Iron Treads|spe|1
|-sideend|p1: mysunshine|Stealth Rock|[from] move: Rapid Spin|[of] p1a: Iron Treads
|move|p2a: Blissey|Flamethrower|p1a: Iron Treads
|-supereffective|p1a: Iron Treads
|-damage|p1a: Iron Treads|29/100
|
|-weather|RainDance|[upkeep]
|upkeep
|turn|23
|
|t:|1758982348
|-end|p1a: Iron Treads|Quark Drive|[silent]
|switch|p1a: Barraskewda|Barraskewda, F, shiny, tera:Water|88/100
|move|p2a: Blissey|Soft-Boiled|p2a: Blissey
|-heal|p2a: Blissey|100/100 par
|
|-weather|RainDance|[upkeep]
|upkeep
|turn|24
|
|t:|1758982357
|-curestatus|p2a: Blissey|par|[from] ability: Natural Cure
|switch|p2a: Dondozo|Dondozo, F|80/100 slp
|move|p1a: Barraskewda|Liquidation|p2a: Dondozo
|-resisted|p2a: Dondozo
|-damage|p2a: Dondozo|50/100 slp
|-unboost|p2a: Dondozo|def|1
|
|-weather|RainDance|[upkeep]
|upkeep
|turn|25
|
|t:|1758982368
|switch|p2a: Toxapex|Toxapex, M|93/100
|move|p1a: Barraskewda|Liquidation|p2a: Toxapex
|-resisted|p2a: Toxapex
|-damage|p2a: Toxapex|36/100
|
|-weather|none
|upkeep
|turn|26
|
|t:|1758982377
|move|p1a: Barraskewda|Liquidation|p2a: Toxapex
|-resisted|p2a: Toxapex
|-damage|p2a: Toxapex|0 fnt
|faint|p2a: Toxapex
|
|upkeep
|
|t:|1758982387
|switch|p2a: Gholdengo|Gholdengo|88/100
|turn|27
|
|t:|1758982396
|move|p1a: Barraskewda|Liquidation|p2a: Gholdengo
|-damage|p2a: Gholdengo|20/100
|-unboost|p2a: Gholdengo|def|1
|move|p2a: Gholdengo|Nasty Plot|p2a: Gholdengo
|-boost|p2a: Gholdengo|spa|2
|
|upkeep
|turn|28
|-message|mangoseedplant forfeited.
|
|win|mysunshine
|raw|mysunshine's rating: 1404 &rarr; <strong>1422</strong><br />(+18 for winning)
|raw|mangoseedplant's rating: 1366 &rarr; <strong>1348</strong><br />(-18 for losing)
|l|☆mangoseedplant
|player|p2|
|l|☆mysunshine
|player|p1|
