|j|‽thatfroot
|j|☆darkassasinb2
|t:|1758963798
|gametype|singles
|player|p1|thatfroot|red|1168
|player|p2|darkassasinb2|169|1143
|gen|9
|tier|[Gen 9] OU
|rated|
|rule|HP Percentage Mod: HP is shown in percentages
|rule|Endless Battle Clause: Forcing endless battles is banned
|rule|Species Clause: Limit one of each Pokémon
|rule|OHKO Clause: OHKO moves are banned
|rule|Evasion Items Clause: Evasion items are banned
|rule|Evasion Moves Clause: Evasion moves are banned
|rule|Evasion Abilities Clause: Evasion abilities are banned
|rule|Sleep Moves Clause: Sleep-inducing moves are banned
|clearpoke
|poke|p1|Greninja-*, M|
|poke|p1|Salamence, F|
|poke|p1|Grimmsnarl, M|
|poke|p1|Carbink|
|poke|p1|Magmortar, F|
|poke|p1|Excadrill, F|
|poke|p2|Dragapult, F|
|poke|p2|Lucario, M|
|poke|p2|Greninja-*, M|
|poke|p2|Ceruledge, M|
|poke|p2|Gallade, M|
|poke|p2|Dragonite, M|
|teampreview
|
|t:|1758963819
|teamsize|p1|6
|teamsize|p2|6
|start
|switch|p1a: Carbink|Carbink|100/100
|switch|p2a: Dragonite|Dragonite, M|100/100
|turn|1
|
|t:|1758963827
|move|p2a: Dragonite|Dragon Dance|p2a: Dragonite
|-boost|p2a: Dragonite|atk|1
|-boost|p2a: Dragonite|spe|1
|move|p1a: Carbink|Reflect|p1a: Carbink
|-sidestart|p1: thatfroot|Reflect
|
|upkeep
|turn|2
|
|t:|1758963835
|move|p2a: Dragonite|Dragon Dance|p2a: Dragonite
|-boost|p2a: Dragonite|atk|1
|-boost|p2a: Dragonite|spe|1
|move|p1a: Carbink|Light Screen|p1a: Carbink
|-sidestart|p1: thatfroot|move: Light Screen
|
|upkeep
|turn|3
|
|t:|1758963844
|move|p2a: Dragonite|Dragon Dance|p2a: Dragonite
|-boost|p2a: Dragonite|atk|1
|-boost|p2a: Dragonite|spe|1
|move|p1a: Carbink|Moonblast|p2a: Dragonite
|-supereffective|p2a: Dragonite
|-damage|p2a: Dragonite|79/100
|-enditem|p2a: Dragonite|Weakness Policy
|-boost|p2a: Dragonite|atk|2|[from] item: Weakness Policy
|-boost|p2a: Dragonite|spa|2|[from] item: Weakness Policy
|
|upkeep
|turn|4
|
|t:|1758963854
|move|p2a: Dragonite|Earthquake|p1a: Carbink
|-supereffective|p1a: Carbink
|-ability|p1a: Carbink|Sturdy
|-damage|p1a: Carbink|1/100
|move|p1a: Carbink|Stealth Rock|p2a: Dragonite
|-sidestart|p2: darkassasinb2|move: Stealth Rock
|
|upkeep
|turn|5
|
|t:|1758963862
|move|p2a: Dragonite|Earthquake|p1a: Carbink
|-supereffective|p1a: Carbink
|-damage|p1a: Carbink|0 fnt
|faint|p1a: Carbink
|
|upkeep
|
|t:|1758963869
|switch|p1a: Salamence|Salamence, F|100/100
|-ability|p1a: Salamence|Intimidate|boost
|-unboost|p2a: Dragonite|atk|1
|turn|6
|
|t:|1758963875
|-terastallize|p1a: Salamence|Water
|move|p2a: Dragonite|Draco Meteor|p1a: Salamence
|-damage|p1a: Salamence|50/100
|-unboost|p2a: Dragonite|spa|2
|move|p1a: Salamence|Dragon Pulse|p2a: Dragonite
|-supereffective|p2a: Dragonite
|-damage|p2a: Dragonite|0 fnt
|faint|p2a: Dragonite
|
|upkeep
|
|t:|1758963911
|switch|p2a: Dragapult|Dragapult, F|100/100
|-damage|p2a: Dragapult|88/100|[from] Stealth Rock
|turn|7
|
|t:|1758963918
|-terastallize|p2a: Dragapult|Ghost
|move|p2a: Dragapult|Dragon Darts|p1a: Salamence
|-damage|p1a: Salamence|29/100
|-anim|p2a: Dragapult|Dragon Darts|p1a: Salamence
|-damage|p1a: Salamence|10/100
|-damage|p2a: Dragapult|78/100|[from] item: Life Orb
|move|p1a: Salamence|Dragon Pulse|p2a: Dragapult
|-damage|p2a: Dragapult|23/100
|
|upkeep
|turn|8
|
|t:|1758963930
|move|p2a: Dragapult|Dragon Darts|p1a: Salamence
|-damage|p1a: Salamence|0 fnt
|faint|p1a: Salamence
|-damage|p2a: Dragapult|14/100|[from] item: Life Orb
|
|-sideend|p1: thatfroot|Reflect
|upkeep
|
|t:|1758963937
|switch|p1a: Grimmsnarl|Grimmsnarl, M|100/100
|turn|9
|
|t:|1758963944
|move|p2a: Dragapult|Phantom Force||[still]
|-prepare|p2a: Dragapult|Phantom Force
|move|p1a: Grimmsnarl|Dark Pulse|p2a: Dragapult|[miss]
|-miss|p1a: Grimmsnarl|p2a: Dragapult
|
|-sideend|p1: thatfroot|move: Light Screen
|upkeep
|turn|10
|
|t:|1758963952
|move|p2a: Dragapult|Phantom Force|p1a: Grimmsnarl|[from] lockedmove
|-resisted|p1a: Grimmsnarl
|-damage|p1a: Grimmsnarl|53/100
|-damage|p2a: Dragapult|4/100|[from] item: Life Orb
|move|p1a: Grimmsnarl|Dark Pulse|p2a: Dragapult
|-supereffective|p2a: Dragapult
|-damage|p2a: Dragapult|0 fnt
|faint|p2a: Dragapult
|
|upkeep
|
|t:|1758963983
|switch|p2a: Lucario|Lucario, M, shiny|100/100
|-damage|p2a: Lucario|98/100|[from] Stealth Rock
|turn|11
|
|t:|1758963991
|move|p2a: Lucario|Steel Beam|p1a: Grimmsnarl
|-supereffective|p1a: Grimmsnarl
|-damage|p1a: Grimmsnarl|0 fnt
|-damage|p2a: Lucario|47/100|[from] steelbeam
|faint|p1a: Grimmsnarl
|
|upkeep
|
|t:|1758963997
|switch|p1a: Greninja|Greninja, M|100/100
|turn|12
|
|t:|1758964003
|move|p1a: Greninja|Surf|p2a: Lucario
|-damage|p2a: Lucario|0 fnt
|faint|p2a: Lucario
|-ability|p1a: Greninja|Battle Bond|boost
|-boost|p1a: Greninja|atk|1
|-boost|p1a: Greninja|spa|1
|-boost|p1a: Greninja|spe|1
|-activate|p1a: Greninja|ability: Battle Bond
|-damage|p1a: Greninja|91/100|[from] item: Life Orb
|
|upkeep
|
|t:|1758964015
|switch|p2a: Gallade|Gallade, M|100/100
|-damage|p2a: Gallade|94/100|[from] Stealth Rock
|turn|13
|
|t:|1758964020
|move|p1a: Greninja|Dark Pulse|p2a: Gallade
|-damage|p2a: Gallade|23/100
|-damage|p1a: Greninja|81/100|[from] item: Life Orb
|move|p2a: Gallade|Leaf Blade|p1a: Greninja
|-supereffective|p1a: Greninja
|-damage|p1a: Greninja|0 fnt
|faint|p1a: Greninja
|
|upkeep
|
|t:|1758964032
|switch|p1a: Excadrill|Excadrill, F|100/100
|-ability|p1a: Excadrill|Mold Breaker
|-item|p1a: Excadrill|Air Balloon
|turn|14
|
|t:|1758964038
|move|p1a: Excadrill|Earthquake|p2a: Gallade
|-damage|p2a: Gallade|0 fnt
|faint|p2a: Gallade
|
|upkeep
|
|t:|1758964043
|switch|p2a: Greninja|Greninja, M|100/100
|-damage|p2a: Greninja|88/100|[from] Stealth Rock
|turn|15
|
|t:|1758964052
|move|p2a: Greninja|Dark Pulse|p1a: Excadrill
|-crit|p1a: Excadrill
|-damage|p1a: Excadrill|26/100
|-enditem|p1a: Excadrill|Air Balloon
|move|p1a: Excadrill|Earthquake|p2a: Greninja
|-damage|p2a: Greninja|3/100
|
|upkeep
|turn|16
|
|t:|1758964063
|move|p2a: Greninja|Dark Pulse|p1a: Excadrill
|-damage|p1a: Excadrill|0 fnt
|faint|p1a: Excadrill
|-ability|p2a: Greninja|Battle Bond|boost
|-boost|p2a: Greninja|atk|1
|-boost|p2a: Greninja|spa|1
|-boost|p2a: Greninja|spe|1
|-activate|p2a: Greninja|ability: Battle Bond
|
|upkeep
|
|t:|1758964070
|switch|p1a: Magmortar|Magmortar, F|100/100
|turn|17
|
|t:|1758964074
|move|p2a: Greninja|Water Shuriken|p1a: Magmortar
|-supereffective|p1a: Magmortar
|-damage|p1a: Magmortar|74/100
|-supereffective|p1a: Magmortar
|-damage|p1a: Magmortar|49/100
|-supereffective|p1a: Magmortar
|-damage|p1a: Magmortar|22/100
|-supereffective|p1a: Magmortar
|-damage|p1a: Magmortar|0 fnt
|faint|p1a: Magmortar
|-hitcount|p1: Magmortar|4
|
|win|darkassasinb2
|raw|thatfroot's rating: 1168 &rarr; <strong>1141</strong><br />(-27 for losing)
|raw|darkassasinb2's rating: 1143 &rarr; <strong>1170</strong><br />(+27 for winning)
|l|‽thatfroot
|player|p1|
