|j|☆PokemonGT7
|j|☆Dr.Mome
|inactive|Battle timer is ON: inactive players will automatically lose when time's up.
|t:|1759065828
|gametype|singles
|player|p1|PokemonGT7|willow-casual|
|player|p2|Dr.Mome|scientist|
|gen|9
|tier|[Gen 9] OU
|rated|Tournament battle
|rule|HP Percentage Mod: HP is shown in percentages
|rule|Endless Battle Clause: Forcing endless battles is banned
|rule|Species Clause: Limit one of each Pokémon
|rule|OHKO Clause: OHKO moves are banned
|rule|Evasion Items Clause: Evasion items are banned
|rule|Evasion Moves Clause: Evasion moves are banned
|rule|Evasion Abilities Clause: Evasion abilities are banned
|rule|Sleep Moves Clause: Sleep-inducing moves are banned
|raw|<div class="infobox"><details class="readmore" open><summary><strong>3 custom rules:</strong></summary> -blissey, -wailord, -wobbuffet</details></div>
|clearpoke
|poke|p1|Volbeat, M|
|poke|p1|Vaporeon, F|
|poke|p1|Sawsbuck, M|
|poke|p1|Ludicolo, M|
|poke|p1|Leafeon, F|
|poke|p1|Dewgong, F|
|poke|p2|Volbeat, M|
|poke|p2|Vaporeon, M|
|poke|p2|Sawsbuck, F|
|poke|p2|Ludicolo, F|
|poke|p2|Leafeon, M|
|poke|p2|Dewgong, F|
|teampreview
|j|*Lady Monita ☀
|inactive|Dr.Mome also wants the timer to be on.
|c|☆PokemonGT7|glhf
|c|☆Dr.Mome|u2
|
|t:|1759065840
|teamsize|p1|6
|teamsize|p2|6
|start
|switch|p1a: lllumise|Volbeat, M, shiny|100/100
|switch|p2a: Volbeat|Volbeat, M|100/100
|turn|1
|
|t:|1759065854
|move|p1a: lllumise|Taunt|p2a: Volbeat
|-start|p2a: Volbeat|move: Taunt
|cant|p2a: Volbeat|move: Taunt|Tail Glow
|
|upkeep
|turn|2
|
|t:|1759065861
|-terastallize|p2a: Volbeat|Bug
|move|p1a: lllumise|Thunder Wave|p2a: Volbeat
|-status|p2a: Volbeat|par
|move|p2a: Volbeat|Bug Buzz|p1a: lllumise
|-damage|p1a: lllumise|50/100
|-enditem|p1a: lllumise|Sitrus Berry|[eat]
|-heal|p1a: lllumise|74/100|[from] item: Sitrus Berry
|
|upkeep
|turn|3
|
|t:|1759065871
|move|p1a: lllumise|Lunge|p2a: Volbeat
|-damage|p2a: Volbeat|52/100 par
|-unboost|p2a: Volbeat|atk|1
|move|p2a: Volbeat|Bug Buzz|p1a: lllumise
|-damage|p1a: lllumise|29/100
|
|-end|p2a: Volbeat|move: Taunt
|upkeep
|turn|4
|
|t:|1759065877
|move|p1a: lllumise|Lunge|p2a: Volbeat
|-damage|p2a: Volbeat|9/100 par
|-unboost|p2a: Volbeat|atk|1
|move|p2a: Volbeat|Bug Buzz|p1a: lllumise
|-damage|p1a: lllumise|0 fnt
|faint|p1a: lllumise
|
|upkeep
|
|t:|1759065887
|switch|p1a: Ludicolo|Ludicolo, M|100/100
|turn|5
|
|t:|1759065890
|move|p1a: Ludicolo|Fake Out|p2a: Volbeat
|-damage|p2a: Volbeat|0 fnt
|faint|p2a: Volbeat
|
|upkeep
|
|t:|1759065900
|switch|p2a: Sawsbuck|Sawsbuck, F|100/100
|turn|6
|c|☆PokemonGT7|Sorry I took ages btw
|c|☆PokemonGT7|Just had to make sure the team counters itself
|
|t:|1759065917
|move|p2a: Sawsbuck|Megahorn|p1a: Ludicolo
|-supereffective|p1a: Ludicolo
|-damage|p1a: Ludicolo|0 fnt
|faint|p1a: Ludicolo
|
|upkeep
|
|t:|1759065921
|switch|p1a: Sawsbuck|Sawsbuck, M|100/100
|turn|7
|
|t:|1759065928
|switch|p2a: Vaporeon|Vaporeon, M|100/100
|-terastallize|p1a: Sawsbuck|Poison
|move|p1a: Sawsbuck|Body Slam|p2a: Vaporeon
|-damage|p2a: Vaporeon|57/100
|-status|p2a: Vaporeon|par
|
|upkeep
|turn|8
|
|t:|1759065938
|switch|p2a: Sawsbuck|Sawsbuck, F|100/100
|move|p1a: Sawsbuck|Headbutt|p2a: Sawsbuck
|-damage|p2a: Sawsbuck|54/100
|
|upkeep
|turn|9
|
|t:|1759065942
|move|p1a: Sawsbuck|Body Slam|p2a: Sawsbuck
|-damage|p2a: Sawsbuck|0 fnt
|faint|p2a: Sawsbuck
|
|upkeep
|
|t:|1759065950
|switch|p2a: Dewgong|Dewgong, F|100/100
|turn|10
|
|t:|1759065956
|switch|p1a: Dewgong|Dewgong, F|100/100
|move|p2a: Dewgong|Ice Beam|p1a: Dewgong
|-resisted|p1a: Dewgong
|-damage|p1a: Dewgong|97/100
|
|upkeep
|turn|11
|
|t:|1759065960
|move|p2a: Dewgong|Aqua Ring|p2a: Dewgong
|-start|p2a: Dewgong|Aqua Ring
|move|p1a: Dewgong|Whirlpool|p2a: Dewgong
|-resisted|p2a: Dewgong
|-damage|p2a: Dewgong|95/100
|-activate|p2a: Dewgong|move: Whirlpool|[of] p1a: Dewgong
|
|-heal|p2a: Dewgong|100/100|[from] item: Leftovers
|-damage|p2a: Dewgong|88/100|[from] move: Whirlpool|[partiallytrapped]
|upkeep
|turn|12
|
|t:|1759065966
|move|p2a: Dewgong|Surf|p1a: Dewgong
|-resisted|p1a: Dewgong
|-damage|p1a: Dewgong|84/100
|move|p1a: Dewgong|Perish Song|p1a: Dewgong
|-start|p1a: Dewgong|perish3|[silent]
|-start|p2a: Dewgong|perish3|[silent]
|-fieldactivate|move: Perish Song
|
|-heal|p2a: Dewgong|94/100|[from] item: Leftovers
|-heal|p2a: Dewgong|100/100|[from] Aqua Ring
|-damage|p2a: Dewgong|88/100|[from] move: Whirlpool|[partiallytrapped]
|-start|p2a: Dewgong|perish3
|-start|p1a: Dewgong|perish3
|upkeep
|turn|13
|
|t:|1759065972
|move|p1a: Dewgong|Protect|p1a: Dewgong
|-singleturn|p1a: Dewgong|Protect
|move|p2a: Dewgong|Surf|p1a: Dewgong
|-activate|p1a: Dewgong|move: Protect
|
|-heal|p2a: Dewgong|94/100|[from] item: Leftovers
|-heal|p2a: Dewgong|100/100|[from] Aqua Ring
|-damage|p2a: Dewgong|88/100|[from] move: Whirlpool|[partiallytrapped]
|-start|p2a: Dewgong|perish2
|-start|p1a: Dewgong|perish2
|upkeep
|turn|14
|
|t:|1759065982
|move|p2a: Dewgong|Surf|p1a: Dewgong
|-resisted|p1a: Dewgong
|-crit|p1a: Dewgong
|-damage|p1a: Dewgong|64/100
|move|p1a: Dewgong|Whirlpool|p2a: Dewgong|[miss]
|-miss|p1a: Dewgong|p2a: Dewgong
|
|-heal|p2a: Dewgong|94/100|[from] item: Leftovers
|-heal|p2a: Dewgong|100/100|[from] Aqua Ring
|-damage|p2a: Dewgong|88/100|[from] move: Whirlpool|[partiallytrapped]
|-start|p2a: Dewgong|perish1
|-start|p1a: Dewgong|perish1
|upkeep
|turn|15
|
|t:|1759065989
|move|p2a: Dewgong|Surf|p1a: Dewgong
|-resisted|p1a: Dewgong
|-damage|p1a: Dewgong|50/100
|-enditem|p1a: Dewgong|Sitrus Berry|[eat]
|-heal|p1a: Dewgong|75/100|[from] item: Sitrus Berry
|move|p1a: Dewgong|Flip Turn|p2a: Dewgong
|-resisted|p2a: Dewgong
|-damage|p2a: Dewgong|77/100
|
|t:|1759065992
|switch|p1a: Sawsbuck|Sawsbuck, M, tera:Poison|100/100|[from] Flip Turn
|
|-heal|p2a: Dewgong|83/100|[from] item: Leftovers
|-heal|p2a: Dewgong|89/100|[from] Aqua Ring
|-end|p2a: Dewgong|Whirlpool|[partiallytrapped]
|-start|p2a: Dewgong|perish0
|upkeep
|faint|p2a: Dewgong
|
|t:|1759065997
|switch|p2a: Vaporeon|Vaporeon, M|57/100 par
|turn|16
|
|t:|1759066002
|move|p1a: Sawsbuck|Headbutt|p2a: Vaporeon
|-damage|p2a: Vaporeon|23/100 par
|cant|p2a: Vaporeon|flinch
|
|upkeep
|turn|17
|
|t:|1759066006
|move|p1a: Sawsbuck|Horn Leech|p2a: Vaporeon
|-supereffective|p2a: Vaporeon
|-enditem|p2a: Vaporeon|Rindo Berry|[eat]
|-enditem|p2a: Vaporeon|Rindo Berry|[weaken]
|-damage|p2a: Vaporeon|0 fnt
|faint|p2a: Vaporeon
|
|upkeep
|
|t:|1759066010
|switch|p2a: Leafeon|Leafeon, M|100/100
|turn|18
|
|t:|1759066015
|move|p1a: Sawsbuck|Body Slam|p2a: Leafeon
|-damage|p2a: Leafeon|79/100
|-status|p2a: Leafeon|par
|-damage|p1a: Sawsbuck|84/100|[from] item: Rocky Helmet|[of] p2a: Leafeon
|move|p2a: Leafeon|Leech Seed|p1a: Sawsbuck
|-start|p1a: Sawsbuck|move: Leech Seed
|
|-damage|p1a: Sawsbuck|72/100|[from] Leech Seed|[of] p2a: Leafeon
|-heal|p2a: Leafeon|90/100 par|[silent]
|upkeep
|turn|19
|
|t:|1759066023
|move|p2a: Leafeon|Protect|p2a: Leafeon
|-singleturn|p2a: Leafeon|Protect
|move|p1a: Sawsbuck|Swords Dance|p1a: Sawsbuck
|-boost|p1a: Sawsbuck|atk|2
|
|-damage|p1a: Sawsbuck|59/100|[from] Leech Seed|[of] p2a: Leafeon
|-heal|p2a: Leafeon|100/100 par|[silent]
|upkeep
|turn|20
|
|t:|1759066028
|move|p1a: Sawsbuck|Headbutt|p2a: Leafeon
|-damage|p2a: Leafeon|66/100 par
|-damage|p1a: Sawsbuck|43/100|[from] item: Rocky Helmet|[of] p2a: Leafeon
|cant|p2a: Leafeon|flinch
|
|-damage|p1a: Sawsbuck|30/100|[from] Leech Seed|[of] p2a: Leafeon
|-heal|p2a: Leafeon|77/100 par|[silent]
|upkeep
|turn|21
|
|t:|1759066033
|move|p1a: Sawsbuck|Headbutt|p2a: Leafeon
|-damage|p2a: Leafeon|41/100 par
|-damage|p1a: Sawsbuck|14/100|[from] item: Rocky Helmet|[of] p2a: Leafeon
|cant|p2a: Leafeon|par
|
|-damage|p1a: Sawsbuck|1/100|[from] Leech Seed|[of] p2a: Leafeon
|-heal|p2a: Leafeon|52/100 par|[silent]
|upkeep
|turn|22
|
|t:|1759066038
|move|p1a: Sawsbuck|Headbutt|p2a: Leafeon
|-damage|p2a: Leafeon|14/100 par
|-damage|p1a: Sawsbuck|0 fnt|[from] item: Rocky Helmet|[of] p2a: Leafeon
|faint|p1a: Sawsbuck
|move|p2a: Leafeon|Synthesis|p2a: Leafeon
|-heal|p2a: Leafeon|64/100 par
|
|upkeep
|
|t:|1759066040
|switch|p1a: Leafeon|Leafeon, F|100/100
|turn|23
|
|t:|1759066045
|move|p1a: Leafeon|Sunny Day|p1a: Leafeon
|-weather|SunnyDay
|move|p2a: Leafeon|Synthesis|p2a: Leafeon
|-heal|p2a: Leafeon|100/100 par
|
|-weather|SunnyDay|[upkeep]
|upkeep
|turn|24
|
|t:|1759066052
|switch|p2a: Ludicolo|Ludicolo, F|100/100
|move|p1a: Leafeon|Double-Edge|p2a: Ludicolo
|-damage|p2a: Ludicolo|52/100
|-damage|p1a: Leafeon|79/100|[from] Recoil
|
|-weather|SunnyDay|[upkeep]
|upkeep
|turn|25
|
|t:|1759066057
|move|p2a: Ludicolo|Fake Out|p1a: Leafeon
|-damage|p1a: Leafeon|67/100
|cant|p1a: Leafeon|flinch
|
|-weather|SunnyDay|[upkeep]
|upkeep
|turn|26
|
|t:|1759066061
|move|p1a: Leafeon|Solar Blade||[still]
|-prepare|p1a: Leafeon|Solar Blade
|-anim|p1a: Leafeon|Solar Blade|p2a: Ludicolo
|-damage|p2a: Ludicolo|0 fnt
|faint|p2a: Ludicolo
|
|-weather|SunnyDay|[upkeep]
|upkeep
|
|t:|1759066065
|switch|p2a: Leafeon|Leafeon, M|100/100 par
|turn|27
|
|t:|1759066075
|move|p1a: Leafeon|Double-Edge|p2a: Leafeon
|-damage|p2a: Leafeon|79/100 par
|-damage|p1a: Leafeon|51/100|[from] item: Rocky Helmet|[of] p2a: Leafeon
|-damage|p1a: Leafeon|42/100|[from] Recoil
|move|p2a: Leafeon|Leaf Blade|p1a: Leafeon
|-resisted|p1a: Leafeon
|-damage|p1a: Leafeon|24/100
|
|-weather|SunnyDay|[upkeep]
|upkeep
|turn|28
|
|t:|1759066084
|move|p1a: Leafeon|Synthesis|p1a: Leafeon
|-heal|p1a: Leafeon|91/100
|move|p2a: Leafeon|Leaf Blade|p1a: Leafeon
|-resisted|p1a: Leafeon
|-damage|p1a: Leafeon|74/100
|
|-weather|SunnyDay|[upkeep]
|upkeep
|turn|29
|
|t:|1759066092
|cant|p2a: Leafeon|par
|move|p1a: Leafeon|Double-Edge|p2a: Leafeon
|-damage|p2a: Leafeon|54/100 par
|-damage|p1a: Leafeon|57/100|[from] item: Rocky Helmet|[of] p2a: Leafeon
|-damage|p1a: Leafeon|47/100|[from] Recoil
|
|-weather|SunnyDay|[upkeep]
|upkeep
|turn|30
|
|t:|1759066096
|move|p2a: Leafeon|Protect|p2a: Leafeon
|-singleturn|p2a: Leafeon|Protect
|move|p1a: Leafeon|Synthesis|p1a: Leafeon
|-heal|p1a: Leafeon|100/100
|
|-weather|none
|upkeep
|turn|31
|
|t:|1759066102
|move|p1a: Leafeon|Sunny Day|p1a: Leafeon
|-weather|SunnyDay
|cant|p2a: Leafeon|par
|
|-weather|SunnyDay|[upkeep]
|upkeep
|turn|32
|
|t:|1759066105
|move|p1a: Leafeon|Solar Blade||[still]
|-prepare|p1a: Leafeon|Solar Blade
|-anim|p1a: Leafeon|Solar Blade|p2a: Leafeon
|-resisted|p2a: Leafeon
|-damage|p2a: Leafeon|37/100 par
|-damage|p1a: Leafeon|84/100|[from] item: Rocky Helmet|[of] p2a: Leafeon
|cant|p2a: Leafeon|par
|
|-weather|SunnyDay|[upkeep]
|upkeep
|turn|33
|
|t:|1759066112
|move|p1a: Leafeon|Solar Blade||[still]
|-prepare|p1a: Leafeon|Solar Blade
|-anim|p1a: Leafeon|Solar Blade|p2a: Leafeon
|-resisted|p2a: Leafeon
|-damage|p2a: Leafeon|19/100 par
|-damage|p1a: Leafeon|67/100|[from] item: Rocky Helmet|[of] p2a: Leafeon
|move|p2a: Leafeon|Synthesis|p2a: Leafeon
|-heal|p2a: Leafeon|86/100 par
|
|-weather|SunnyDay|[upkeep]
|upkeep
|turn|34
|
|t:|1759066120
|move|p2a: Leafeon|Protect|p2a: Leafeon
|-singleturn|p2a: Leafeon|Protect
|move|p1a: Leafeon|Solar Blade||[still]
|-prepare|p1a: Leafeon|Solar Blade
|-anim|p1a: Leafeon|Solar Blade|p2a: Leafeon
|-activate|p2a: Leafeon|move: Protect
|
|-weather|SunnyDay|[upkeep]
|upkeep
|turn|35
|
|t:|1759066126
|move|p1a: Leafeon|Solar Blade||[still]
|-prepare|p1a: Leafeon|Solar Blade
|-anim|p1a: Leafeon|Solar Blade|p2a: Leafeon
|-resisted|p2a: Leafeon
|-damage|p2a: Leafeon|69/100 par
|-damage|p1a: Leafeon|51/100|[from] item: Rocky Helmet|[of] p2a: Leafeon
|move|p2a: Leafeon|Leaf Blade|p1a: Leafeon
|-resisted|p1a: Leafeon
|-damage|p1a: Leafeon|35/100
|
|-weather|SunnyDay|[upkeep]
|upkeep
|turn|36
|
|t:|1759066136
|cant|p2a: Leafeon|par
|move|p1a: Leafeon|Synthesis|p1a: Leafeon
|-heal|p1a: Leafeon|100/100
|
|-weather|SunnyDay|[upkeep]
|upkeep
|turn|37
|
|t:|1759066147
|move|p1a: Leafeon|Solar Blade||[still]
|-prepare|p1a: Leafeon|Solar Blade
|-anim|p1a: Leafeon|Solar Blade|p2a: Leafeon
|-resisted|p2a: Leafeon
|-damage|p2a: Leafeon|52/100 par
|-damage|p1a: Leafeon|84/100|[from] item: Rocky Helmet|[of] p2a: Leafeon
|move|p2a: Leafeon|Leaf Blade|p1a: Leafeon
|-resisted|p1a: Leafeon
|-damage|p1a: Leafeon|67/100
|
|-weather|SunnyDay|[upkeep]
|upkeep
|turn|38
|
|t:|1759066150
|move|p2a: Leafeon|Protect|p2a: Leafeon
|-singleturn|p2a: Leafeon|Protect
|move|p1a: Leafeon|Solar Blade||[still]
|-prepare|p1a: Leafeon|Solar Blade
|-anim|p1a: Leafeon|Solar Blade|p2a: Leafeon
|-activate|p2a: Leafeon|move: Protect
|
|-weather|none
|upkeep
|turn|39
|
|t:|1759066159
|move|p1a: Leafeon|Solar Blade||[still]
|-prepare|p1a: Leafeon|Solar Blade
|move|p2a: Leafeon|Leaf Blade|p1a: Leafeon
|-resisted|p1a: Leafeon
|-damage|p1a: Leafeon|50/100
|
|upkeep
|turn|40
|
|t:|1759066163
|move|p2a: Leafeon|Protect|p2a: Leafeon
|-singleturn|p2a: Leafeon|Protect
|move|p1a: Leafeon|Solar Blade|p2a: Leafeon|[from] lockedmove
|-activate|p2a: Leafeon|move: Protect
|
|upkeep
|turn|41
|
|t:|1759066169
|move|p1a: Leafeon|Synthesis|p1a: Leafeon
|-heal|p1a: Leafeon|99/100
|cant|p2a: Leafeon|par
|
|upkeep
|turn|42
|
|t:|1759066173
|move|p2a: Leafeon|Protect|p2a: Leafeon
|-singleturn|p2a: Leafeon|Protect
|move|p1a: Leafeon|Solar Blade||[still]
|-prepare|p1a: Leafeon|Solar Blade
|
|upkeep
|turn|43
|
|t:|1759066177
|move|p1a: Leafeon|Solar Blade|p2a: Leafeon|[from] lockedmove
|-resisted|p2a: Leafeon
|-damage|p2a: Leafeon|34/100 par
|-damage|p1a: Leafeon|83/100|[from] item: Rocky Helmet|[of] p2a: Leafeon
|move|p2a: Leafeon|Synthesis|p2a: Leafeon
|-heal|p2a: Leafeon|84/100 par
|
|upkeep
|turn|44
|
|t:|1759066184
|move|p1a: Leafeon|Solar Blade||[still]
|-prepare|p1a: Leafeon|Solar Blade
|move|p2a: Leafeon|Leaf Blade|p1a: Leafeon
|-resisted|p1a: Leafeon
|-damage|p1a: Leafeon|65/100
|
|upkeep
|turn|45
|
|t:|1759066187
|move|p2a: Leafeon|Protect|p2a: Leafeon
|-singleturn|p2a: Leafeon|Protect
|move|p1a: Leafeon|Solar Blade|p2a: Leafeon|[from] lockedmove
|-activate|p2a: Leafeon|move: Protect
|
|upkeep
|turn|46
|
|t:|1759066194
|move|p1a: Leafeon|Solar Blade||[still]
|-prepare|p1a: Leafeon|Solar Blade
|cant|p2a: Leafeon|par
|
|upkeep
|turn|47
|
|t:|1759066197
|move|p2a: Leafeon|Protect|p2a: Leafeon
|-singleturn|p2a: Leafeon|Protect
|move|p1a: Leafeon|Solar Blade|p2a: Leafeon|[from] lockedmove
|-activate|p2a: Leafeon|move: Protect
|
|upkeep
|turn|48
|
|t:|1759066202
|move|p1a: Leafeon|Solar Blade||[still]
|-prepare|p1a: Leafeon|Solar Blade
|move|p2a: Leafeon|Leech Seed|p1a: Leafeon
|-immune|p1a: Leafeon
|
|upkeep
|turn|49
|
|t:|1759066205
|move|p2a: Leafeon|Protect|p2a: Leafeon
|-singleturn|p2a: Leafeon|Protect
|move|p1a: Leafeon|Solar Blade|p2a: Leafeon|[from] lockedmove
|-activate|p2a: Leafeon|move: Protect
|
|upkeep
|turn|50
|
|t:|1759066216
|move|p1a: Leafeon|Solar Blade||[still]
|-prepare|p1a: Leafeon|Solar Blade
|move|p2a: Leafeon|Leech Seed|p1a: Leafeon
|-immune|p1a: Leafeon
|
|upkeep
|turn|51
|
|t:|1759066220
|move|p1a: Leafeon|Solar Blade|p2a: Leafeon|[from] lockedmove
|-resisted|p2a: Leafeon
|-damage|p2a: Leafeon|65/100 par
|-damage|p1a: Leafeon|48/100|[from] item: Rocky Helmet|[of] p2a: Leafeon
|move|p2a: Leafeon|Leaf Blade|p1a: Leafeon
|-resisted|p1a: Leafeon
|-damage|p1a: Leafeon|33/100
|
|upkeep
|turn|52
|
|t:|1759066227
|move|p1a: Leafeon|Synthesis|p1a: Leafeon
|-heal|p1a: Leafeon|82/100
|move|p2a: Leafeon|Leaf Blade|p1a: Leafeon
|-resisted|p1a: Leafeon
|-damage|p1a: Leafeon|66/100
|
|upkeep
|turn|53
|
|t:|1759066232
|cant|p2a: Leafeon|par
|move|p1a: Leafeon|Solar Blade||[still]
|-prepare|p1a: Leafeon|Solar Blade
|
|upkeep
|turn|54
|
|t:|1759066236
|move|p1a: Leafeon|Solar Blade|p2a: Leafeon|[from] lockedmove
|-resisted|p2a: Leafeon
|-damage|p2a: Leafeon|49/100 par
|-damage|p1a: Leafeon|50/100|[from] item: Rocky Helmet|[of] p2a: Leafeon
|move|p2a: Leafeon|Leaf Blade|p1a: Leafeon
|-resisted|p1a: Leafeon
|-damage|p1a: Leafeon|33/100
|
|upkeep
|turn|55
|
|t:|1759066244
|move|p1a: Leafeon|Synthesis|p1a: Leafeon
|-heal|p1a: Leafeon|83/100
|move|p2a: Leafeon|Synthesis|p2a: Leafeon
|-heal|p2a: Leafeon|99/100 par
|
|upkeep
|turn|56
|
|t:|1759066249
|move|p1a: Leafeon|Solar Blade||[still]
|-prepare|p1a: Leafeon|Solar Blade
|move|p2a: Leafeon|Leaf Blade|p1a: Leafeon
|-resisted|p1a: Leafeon
|-damage|p1a: Leafeon|67/100
|
|upkeep
|turn|57
|
|t:|1759066252
|move|p1a: Leafeon|Solar Blade|p2a: Leafeon|[from] lockedmove
|-resisted|p2a: Leafeon
|-damage|p2a: Leafeon|81/100 par
|-damage|p1a: Leafeon|51/100|[from] item: Rocky Helmet|[of] p2a: Leafeon
|cant|p2a: Leafeon|par
|
|upkeep
|turn|58
|
|t:|1759066258
|move|p1a: Leafeon|Solar Blade||[still]
|-prepare|p1a: Leafeon|Solar Blade
|move|p2a: Leafeon|Leaf Blade|p1a: Leafeon
|-resisted|p1a: Leafeon
|-damage|p1a: Leafeon|35/100
|
|upkeep
|turn|59
|
|t:|1759066262
|move|p1a: Leafeon|Solar Blade|p2a: Leafeon|[from] lockedmove
|-resisted|p2a: Leafeon
|-damage|p2a: Leafeon|63/100 par
|-damage|p1a: Leafeon|19/100|[from] item: Rocky Helmet|[of] p2a: Leafeon
|cant|p2a: Leafeon|par
|
|upkeep
|turn|60
|
|t:|1759066270
|move|p1a: Leafeon|Sunny Day|p1a: Leafeon
|-weather|SunnyDay
|move|p2a: Leafeon|Leaf Blade|p1a: Leafeon
|-resisted|p1a: Leafeon
|-damage|p1a: Leafeon|3/100
|
|-weather|SunnyDay|[upkeep]
|upkeep
|turn|61
|
|t:|1759066274
|move|p1a: Leafeon|Synthesis|p1a: Leafeon
|-heal|p1a: Leafeon|70/100
|move|p2a: Leafeon|Leaf Blade|p1a: Leafeon
|-resisted|p1a: Leafeon
|-damage|p1a: Leafeon|53/100
|
|-weather|SunnyDay|[upkeep]
|upkeep
|turn|62
|
|t:|1759066284
|move|p2a: Leafeon|Protect|p2a: Leafeon
|-singleturn|p2a: Leafeon|Protect
|move|p1a: Leafeon|Double-Edge|p2a: Leafeon
|-activate|p2a: Leafeon|move: Protect
|
|-weather|SunnyDay|[upkeep]
|upkeep
|turn|63
|
|t:|1759066289
|move|p1a: Leafeon|Double-Edge|p2a: Leafeon
|-damage|p2a: Leafeon|39/100 par
|-damage|p1a: Leafeon|36/100|[from] item: Rocky Helmet|[of] p2a: Leafeon
|-damage|p1a: Leafeon|26/100|[from] Recoil
|cant|p2a: Leafeon|par
|
|-weather|SunnyDay|[upkeep]
|upkeep
|turn|64
|
|t:|1759066295
|move|p1a: Leafeon|Double-Edge|p2a: Leafeon
|-damage|p2a: Leafeon|16/100 par
|-damage|p1a: Leafeon|10/100|[from] item: Rocky Helmet|[of] p2a: Leafeon
|-damage|p1a: Leafeon|0 fnt|[from] Recoil
|faint|p1a: Leafeon
|move|p2a: Leafeon|Synthesis|p2a: Leafeon
|-heal|p2a: Leafeon|83/100 par
|
|-weather|SunnyDay|[upkeep]
|upkeep
|
|t:|1759066310
|switch|p1a: Vaporeon|Vaporeon, F|100/100
|turn|65
|
|t:|1759066313
|move|p1a: Vaporeon|Protect|p1a: Vaporeon
|-singleturn|p1a: Vaporeon|Protect
|move|p2a: Leafeon|Leech Seed|p1a: Vaporeon
|-activate|p1a: Vaporeon|move: Protect
|
|-weather|SunnyDay|[upkeep]
|upkeep
|turn|66
|
|t:|1759066317
|move|p1a: Vaporeon|Wish|p1a: Vaporeon
|move|p2a: Leafeon|Leech Seed|p1a: Vaporeon
|-start|p1a: Vaporeon|move: Leech Seed
|
|-weather|SunnyDay|[upkeep]
|-damage|p1a: Vaporeon|88/100|[from] Leech Seed|[of] p2a: Leafeon
|-heal|p2a: Leafeon|100/100 par|[silent]
|upkeep
|turn|67
|
|t:|1759066322
|move|p1a: Vaporeon|Protect|p1a: Vaporeon
|-singleturn|p1a: Vaporeon|Protect
|move|p2a: Leafeon|Leaf Blade|p1a: Vaporeon
|-activate|p1a: Vaporeon|move: Protect
|
|-weather|none
|-heal|p1a: Vaporeon|100/100|[from] move: Wish|[wisher] Vaporeon
|-damage|p1a: Vaporeon|88/100|[from] Leech Seed|[of] p2a: Leafeon
|upkeep
|turn|68
|
|t:|1759066327
|move|p1a: Vaporeon|Wish|p1a: Vaporeon
|move|p2a: Leafeon|Leaf Blade|p1a: Vaporeon
|-supereffective|p1a: Vaporeon
|-damage|p1a: Vaporeon|35/100
|-enditem|p1a: Vaporeon|Sitrus Berry|[eat]
|-heal|p1a: Vaporeon|60/100|[from] item: Sitrus Berry
|
|-damage|p1a: Vaporeon|47/100|[from] Leech Seed|[of] p2a: Leafeon
|upkeep
|turn|69
|
|t:|1759066333
|move|p1a: Vaporeon|Protect|p1a: Vaporeon
|-singleturn|p1a: Vaporeon|Protect
|move|p2a: Leafeon|Leaf Blade|p1a: Vaporeon
|-activate|p1a: Vaporeon|move: Protect
|
|-heal|p1a: Vaporeon|97/100|[from] move: Wish|[wisher] Vaporeon
|-damage|p1a: Vaporeon|85/100|[from] Leech Seed|[of] p2a: Leafeon
|upkeep
|turn|70
|
|t:|1759066336
|move|p1a: Vaporeon|Wish|p1a: Vaporeon
|move|p2a: Leafeon|Leaf Blade|p1a: Vaporeon
|-supereffective|p1a: Vaporeon
|-crit|p1a: Vaporeon
|-damage|p1a: Vaporeon|4/100
|
|-damage|p1a: Vaporeon|0 fnt|[from] Leech Seed|[of] p2a: Leafeon
|faint|p1a: Vaporeon
|upkeep
|
|t:|1759066340
|switch|p1a: Dewgong|Dewgong, F|75/100
|turn|71
|
|t:|1759066345
|move|p1a: Dewgong|Protect|p1a: Dewgong
|-singleturn|p1a: Dewgong|Protect
|move|p2a: Leafeon|Leaf Blade|p1a: Dewgong
|-activate|p1a: Dewgong|move: Protect
|
|-heal|p1a: Dewgong|100/100|[from] move: Wish|[wisher] Vaporeon
|upkeep
|turn|72
|c|☆PokemonGT7|I think u stalled for long enough to win gg
|j| Albrtix
|
|t:|1759066366
|move|p1a: Dewgong|Whirlpool|p2a: Leafeon
|-resisted|p2a: Leafeon
|-damage|p2a: Leafeon|94/100 par
|-activate|p2a: Leafeon|move: Whirlpool|[of] p1a: Dewgong
|move|p2a: Leafeon|Leaf Blade|p1a: Dewgong
|-supereffective|p1a: Dewgong
|-damage|p1a: Dewgong|47/100
|
|-damage|p2a: Leafeon|82/100 par|[from] move: Whirlpool|[partiallytrapped]
|upkeep
|turn|73
|
|t:|1759066372
|move|p1a: Dewgong|Protect|p1a: Dewgong
|-singleturn|p1a: Dewgong|Protect
|cant|p2a: Leafeon|par
|
|-damage|p2a: Leafeon|69/100 par|[from] move: Whirlpool|[partiallytrapped]
|upkeep
|turn|74
|
|t:|1759066376
|move|p1a: Dewgong|Protect|p1a: Dewgong
|-singleturn|p1a: Dewgong|Protect
|move|p2a: Leafeon|Leaf Blade|p1a: Dewgong
|-activate|p1a: Dewgong|move: Protect
|
|-damage|p2a: Leafeon|57/100 par|[from] move: Whirlpool|[partiallytrapped]
|upkeep
|turn|75
|
|t:|1759066387
|move|p1a: Dewgong|Protect||[still]
|-fail|p1a: Dewgong
|move|p2a: Leafeon|Leaf Blade|p1a: Dewgong
|-supereffective|p1a: Dewgong
|-damage|p1a: Dewgong|0 fnt
|faint|p1a: Dewgong
|
|win|Dr.Mome
|n|☆PokemonGT7|pokemongt7
|n|☆Dr.Mome|drmome
|n|*Lady Monita ☀|ladymonita
|n| Albrtix|albrtix
|l|*Lady Monita ☀
|c|☆PokemonGT7|gg
