|j|☆jumbolino
|j|☆dr.silvey
|t:|1759030150
|gametype|singles
|player|p1|jumbolino|102|1131
|player|p2|dr.silvey|n|1158
|gen|9
|tier|[Gen 9] OU
|rated|
|rule|HP Percentage Mod: HP is shown in percentages
|rule|Endless Battle Clause: Forcing endless battles is banned
|rule|Species Clause: Limit one of each Pokémon
|rule|OHKO Clause: OHKO moves are banned
|rule|Evasion Items Clause: Evasion items are banned
|rule|Evasion Moves Clause: Evasion moves are banned
|rule|Evasion Abilities Clause: Evasion abilities are banned
|rule|Sleep Moves Clause: Sleep-inducing moves are banned
|clearpoke
|poke|p1|Zapdos|
|poke|p1|Magnezone|
|poke|p1|Jolteon, M|
|poke|p1|Rotom-Wash|
|poke|p1|Lanturn, F|
|poke|p1|Golem-Alola, F|
|poke|p2|Darkrai|
|poke|p2|Great Tusk|
|poke|p2|Ogerpon-Wellspring, F|
|poke|p2|Gholdengo|
|poke|p2|Dragonite, F|
|poke|p2|Ting-Lu|
|teampreview
|
|t:|1759030184
|teamsize|p1|6
|teamsize|p2|6
|start
|switch|p1a: Lanturn|Lanturn, F|100/100
|switch|p2a: Ting-Lu|Ting-Lu|100/100
|-ability|p2a: Ting-Lu|Vessel of Ruin
|turn|1
|
|t:|1759030192
|move|p1a: Lanturn|Soak|p2a: Ting-Lu
|-start|p2a: Ting-Lu|typechange|Water
|move|p2a: Ting-Lu|Spikes|p1a: Lanturn
|-sidestart|p1: jumbolino|Spikes
|
|upkeep
|turn|2
|
|t:|1759030204
|move|p1a: Lanturn|Volt Switch|p2a: Ting-Lu
|-supereffective|p2a: Ting-Lu
|-damage|p2a: Ting-Lu|80/100
|
|t:|1759030209
|switch|p1a: Rotom|Rotom-Wash|100/100|[from] Volt Switch
|move|p2a: Ting-Lu|Spikes|p1a: Rotom
|-sidestart|p1: jumbolino|Spikes
|
|-heal|p2a: Ting-Lu|86/100|[from] item: Leftovers
|upkeep
|turn|3
|
|t:|1759030217
|move|p1a: Rotom|Discharge|p2a: Ting-Lu
|-supereffective|p2a: Ting-Lu
|-damage|p2a: Ting-Lu|56/100
|move|p2a: Ting-Lu|Spikes|p1a: Rotom
|-sidestart|p1: jumbolino|Spikes
|
|-heal|p2a: Ting-Lu|62/100|[from] item: Leftovers
|upkeep
|turn|4
|
|t:|1759030229
|move|p1a: Rotom|Discharge|p2a: Ting-Lu
|-supereffective|p2a: Ting-Lu
|-damage|p2a: Ting-Lu|33/100
|move|p2a: Ting-Lu|Whirlwind|p1a: Rotom
|drag|p1a: Magnezone|Magnezone|100/100
|-damage|p1a: Magnezone|75/100|[from] Spikes
|
|-heal|p1a: Magnezone|82/100|[from] item: Leftovers
|-heal|p2a: Ting-Lu|39/100|[from] item: Leftovers
|upkeep
|turn|5
|
|t:|1759030239
|move|p1a: Magnezone|Volt Switch|p2a: Ting-Lu
|-supereffective|p2a: Ting-Lu
|-damage|p2a: Ting-Lu|12/100
|
|t:|1759030245
|switch|p1a: Rotom|Rotom-Wash|100/100|[from] Volt Switch
|move|p2a: Ting-Lu|Whirlwind|p1a: Rotom
|drag|p1a: Lanturn|Lanturn, F|100/100
|-damage|p1a: Lanturn|76/100|[from] Spikes
|
|-heal|p1a: Lanturn|82/100|[from] item: Leftovers
|-heal|p2a: Ting-Lu|18/100|[from] item: Leftovers
|upkeep
|turn|6
|
|t:|1759030257
|switch|p2a: Great Tusk|Great Tusk|100/100
|move|p1a: Lanturn|Volt Switch|p2a: Great Tusk
|-immune|p2a: Great Tusk
|
|-heal|p1a: Lanturn|88/100|[from] item: Leftovers
|upkeep
|turn|7
|
|t:|1759030266
|-terastallize|p2a: Great Tusk|Steel
|move|p2a: Great Tusk|Stealth Rock|p1a: Lanturn
|-sidestart|p1: jumbolino|move: Stealth Rock
|move|p1a: Lanturn|Ice Beam|p2a: Great Tusk
|-resisted|p2a: Great Tusk
|-damage|p2a: Great Tusk|83/100
|
|-heal|p1a: Lanturn|94/100|[from] item: Leftovers
|upkeep
|turn|8
|
|t:|1759030277
|move|p2a: Great Tusk|Headlong Rush|p1a: Lanturn
|-supereffective|p1a: Lanturn
|-damage|p1a: Lanturn|0 fnt
|-unboost|p2a: Great Tusk|def|1
|-unboost|p2a: Great Tusk|spd|1
|faint|p1a: Lanturn
|
|upkeep
|-message|jumbolino forfeited.
|
|win|dr.silvey
|raw|jumbolino's rating: 1131 &rarr; <strong>1108</strong><br />(-23 for losing)
|raw|dr.silvey's rating: 1158 &rarr; <strong>1181</strong><br />(+23 for winning)
|l|☆jumbolino
|player|p1|
|l|☆dr.silvey
|player|p2|
