|j|☆Sangiesh-Pathak
|j|☆oxlerd11
|t:|1758954514
|gametype|singles
|player|p1|Sangiesh-Pathak|2|1146
|player|p2|oxlerd11|ingo|1136
|gen|9
|tier|[Gen 9] OU
|rated|
|rule|HP Percentage Mod: HP is shown in percentages
|rule|Endless Battle Clause: Forcing endless battles is banned
|rule|Species Clause: Limit one of each Pokémon
|rule|OHKO Clause: OHKO moves are banned
|rule|Evasion Items Clause: Evasion items are banned
|rule|Evasion Moves Clause: Evasion moves are banned
|rule|Evasion Abilities Clause: Evasion abilities are banned
|rule|Sleep Moves Clause: Sleep-inducing moves are banned
|clearpoke
|poke|p1|Toxapex, M|
|poke|p1|Rotom-Wash|
|poke|p1|Heatran, F|
|poke|p1|Excadrill, F|
|poke|p1|Blissey, F|
|poke|p1|Azumarill, M|
|poke|p2|Dondozo, M|
|poke|p2|Clefable, M|
|poke|p2|Gliscor, M|
|poke|p2|Pecharunt|
|poke|p2|Chansey, F|
|poke|p2|Alomomola, F|
|teampreview
|inactive|Battle timer is ON: inactive players will automatically lose when time's up. (requested by oxlerd11)
|
|t:|1758954549
|teamsize|p1|6
|teamsize|p2|6
|start
|switch|p1a: Rotom|Rotom-Wash|100/100
|switch|p2a: Pecharunt|Pecharunt|100/100
|turn|1
|
|t:|1758954564
|move|p2a: Pecharunt|Substitute|p2a: Pecharunt
|-start|p2a: Pecharunt|Substitute
|-damage|p2a: Pecharunt|75/100
|move|p1a: Rotom|Volt Switch|p2a: Pecharunt
|-activate|p2a: Pecharunt|move: Substitute|[damage]
|
|t:|1758954574
|switch|p1a: Excadrill|Excadrill, F|100/100|[from] Volt Switch
|-ability|p1a: Excadrill|Mold Breaker
|
|-heal|p2a: Pecharunt|82/100|[from] item: Leftovers
|upkeep
|turn|2
|
|t:|1758954583
|move|p1a: Excadrill|Earthquake|p2a: Pecharunt
|-supereffective|p2a: Pecharunt
|-end|p2a: Pecharunt|Substitute
|move|p2a: Pecharunt|Night Shade|p1a: Excadrill
|-damage|p1a: Excadrill|73/100
|
|-heal|p2a: Pecharunt|88/100|[from] item: Leftovers
|upkeep
|turn|3
|
|t:|1758954592
|switch|p2a: Gliscor|Gliscor, M|100/100
|move|p1a: Excadrill|Swords Dance|p1a: Excadrill
|-boost|p1a: Excadrill|atk|2
|
|-status|p2a: Gliscor|tox|[from] item: Toxic Orb
|upkeep
|turn|4
|
|t:|1758954610
|switch|p2a: Dondozo|Dondozo, M|100/100
|move|p1a: Excadrill|Iron Head|p2a: Dondozo
|-resisted|p2a: Dondozo
|-damage|p2a: Dondozo|78/100
|
|-heal|p2a: Dondozo|85/100|[from] item: Leftovers
|upkeep
|turn|5
|
|t:|1758954625
|switch|p1a: Toxapex|Toxapex, M|100/100
|move|p2a: Dondozo|Soak|p1a: Toxapex
|-start|p1a: Toxapex|typechange|Water
|
|-damage|p1a: Toxapex|88/100|[from] item: Black Sludge
|-heal|p2a: Dondozo|91/100|[from] item: Leftovers
|upkeep
|turn|6
|
|t:|1758954639
|switch|p1a: Rotom|Rotom-Wash|100/100
|move|p2a: Dondozo|Earthquake|p1a: Rotom
|-immune|p1a: Rotom|[from] ability: Levitate
|
|-heal|p2a: Dondozo|97/100|[from] item: Leftovers
|upkeep
|turn|7
|
|t:|1758954649
|-terastallize|p2a: Dondozo|Dragon
|move|p1a: Rotom|Volt Switch|p2a: Dondozo
|-resisted|p2a: Dondozo
|-damage|p2a: Dondozo|86/100
|
|t:|1758954654
|switch|p1a: Azumarill|Azumarill, M|100/100|[from] Volt Switch
|move|p2a: Dondozo|Soak|p1a: Azumarill
|-start|p1a: Azumarill|typechange|Water
|
|-heal|p2a: Dondozo|92/100|[from] item: Leftovers
|upkeep
|turn|8
|
|t:|1758954664
|move|p1a: Azumarill|Play Rough|p2a: Dondozo
|-supereffective|p2a: Dondozo
|-damage|p2a: Dondozo|58/100
|move|p2a: Dondozo|Earthquake|p1a: Azumarill
|-damage|p1a: Azumarill|76/100
|
|-heal|p2a: Dondozo|64/100|[from] item: Leftovers
|upkeep
|turn|9
|
|t:|1758954683
|switch|p2a: Pecharunt|Pecharunt|88/100
|move|p1a: Azumarill|Play Rough|p2a: Pecharunt|[miss]
|-miss|p1a: Azumarill|p2a: Pecharunt
|
|-heal|p2a: Pecharunt|94/100|[from] item: Leftovers
|upkeep
|turn|10
|
|t:|1758954701
|switch|p1a: Blissey|Blissey, F|100/100
|move|p2a: Pecharunt|Substitute|p2a: Pecharunt
|-start|p2a: Pecharunt|Substitute
|-damage|p2a: Pecharunt|69/100
|
|-heal|p2a: Pecharunt|75/100|[from] item: Leftovers
|upkeep
|turn|11
|
|t:|1758954723
|move|p2a: Pecharunt|Toxic|p1a: Blissey
|-status|p1a: Blissey|tox
|-start|p1a: Blissey|confusion|[from] ability: Poison Puppeteer|[of] p2a: Pecharunt
|-activate|p1a: Blissey|confusion
|move|p1a: Blissey|Thunder Wave||[still]
|-fail|p1a: Blissey
|
|-heal|p2a: Pecharunt|81/100|[from] item: Leftovers
|-damage|p1a: Blissey|94/100 tox|[from] psn
|upkeep
|turn|12
|
|t:|1758954734
|move|p2a: Pecharunt|Recover|p2a: Pecharunt
|-heal|p2a: Pecharunt|100/100
|-end|p1a: Blissey|confusion
|move|p1a: Blissey|Heal Bell|p1a: Blissey
|-activate|p1a: Blissey|move: Heal Bell
|-curestatus|p1a: Blissey|tox|[msg]
|
|-heal|p1a: Blissey|100/100|[from] item: Leftovers
|upkeep
|turn|13
|inactive|Sangiesh-Pathak has 120 seconds left.
|
|t:|1758954752
|switch|p1a: Heatran|Heatran, F|100/100
|move|p2a: Pecharunt|Toxic|p1a: Heatran
|-immune|p1a: Heatran
|
|upkeep
|turn|14
|
|t:|1758954762
|move|p2a: Pecharunt|Night Shade|p1a: Heatran
|-damage|p1a: Heatran|75/100
|move|p1a: Heatran|Stone Edge|p2a: Pecharunt
|-activate|p2a: Pecharunt|move: Substitute|[damage]
|
|-heal|p1a: Heatran|81/100|[from] item: Leftovers
|upkeep
|turn|15
|
|t:|1758954770
|move|p2a: Pecharunt|Night Shade|p1a: Heatran
|-damage|p1a: Heatran|55/100
|move|p1a: Heatran|Earth Power|p2a: Pecharunt
|-supereffective|p2a: Pecharunt
|-end|p2a: Pecharunt|Substitute
|
|-heal|p1a: Heatran|61/100|[from] item: Leftovers
|upkeep
|turn|16
|
|t:|1758954785
|switch|p2a: Alomomola|Alomomola, F|100/100
|switch|p1a: Excadrill|Excadrill, F|73/100
|-ability|p1a: Excadrill|Mold Breaker
|
|upkeep
|turn|17
|
|t:|1758954797
|switch|p1a: Rotom|Rotom-Wash|100/100
|move|p2a: Alomomola|Wish|p2a: Alomomola
|
|upkeep
|turn|18
|inactive|Sangiesh-Pathak has 120 seconds left.
|
|t:|1758954823
|move|p1a: Rotom|Volt Switch|p2a: Alomomola
|-supereffective|p2a: Alomomola
|-damage|p2a: Alomomola|39/100
|inactive|Sangiesh-Pathak has 120 seconds left.
|
|t:|1758954829
|switch|p1a: Blissey|Blissey, F|100/100|[from] Volt Switch
|move|p2a: Alomomola|Flip Turn|p1a: Blissey
|-damage|p1a: Blissey|66/100
|
|t:|1758954835
|switch|p2a: Dondozo|Dondozo, M, tera:Dragon|64/100|[from] Flip Turn
|
|-heal|p2a: Dondozo|100/100|[from] move: Wish|[wisher] Alomomola
|-heal|p1a: Blissey|72/100|[from] item: Leftovers
|upkeep
|turn|19
|
|t:|1758954849
|switch|p1a: Azumarill|Azumarill, M|76/100
|move|p2a: Dondozo|Liquidation|p1a: Azumarill
|-resisted|p1a: Azumarill
|-damage|p1a: Azumarill|60/100
|
|upkeep
|turn|20
|
|t:|1758954855
|move|p1a: Azumarill|Play Rough|p2a: Dondozo
|-supereffective|p2a: Dondozo
|-crit|p2a: Dondozo
|-damage|p2a: Dondozo|19/100
|move|p2a: Dondozo|Earthquake|p1a: Azumarill
|-damage|p1a: Azumarill|33/100
|
|-heal|p2a: Dondozo|26/100|[from] item: Leftovers
|upkeep
|turn|21
|
|t:|1758954865
|switch|p2a: Pecharunt|Pecharunt|100/100
|move|p1a: Azumarill|Knock Off|p2a: Pecharunt
|-supereffective|p2a: Pecharunt
|-damage|p2a: Pecharunt|62/100
|-enditem|p2a: Pecharunt|Leftovers|[from] move: Knock Off|[of] p1a: Azumarill
|
|upkeep
|turn|22
|
|t:|1758954882
|switch|p1a: Excadrill|Excadrill, F|73/100
|-ability|p1a: Excadrill|Mold Breaker
|move|p2a: Pecharunt|Night Shade|p1a: Excadrill
|-damage|p1a: Excadrill|45/100
|
|upkeep
|turn|23
|
|t:|1758954890
|switch|p2a: Gliscor|Gliscor, M|100/100 tox
|move|p1a: Excadrill|Iron Head|p2a: Gliscor
|-damage|p2a: Gliscor|77/100 tox
|
|-heal|p2a: Gliscor|89/100 tox|[from] ability: Poison Heal
|upkeep
|turn|24
|
|t:|1758954910
|switch|p1a: Rotom|Rotom-Wash|100/100
|move|p2a: Gliscor|Facade|p1a: Rotom
|-damage|p1a: Rotom|74/100
|
|-heal|p1a: Rotom|80/100|[from] item: Leftovers
|-heal|p2a: Gliscor|100/100 tox|[from] ability: Poison Heal
|upkeep
|turn|25
|
|t:|1758954932
|move|p2a: Gliscor|Facade|p1a: Rotom
|-damage|p1a: Rotom|53/100
|move|p1a: Rotom|Hydro Pump|p2a: Gliscor
|-supereffective|p2a: Gliscor
|-damage|p2a: Gliscor|2/100 tox
|
|-heal|p1a: Rotom|59/100|[from] item: Leftovers
|-heal|p2a: Gliscor|15/100 tox|[from] ability: Poison Heal
|upkeep
|turn|26
|
|t:|1758954947
|switch|p1a: Azumarill|Azumarill, M|33/100
|move|p2a: Gliscor|Protect||[still]
|-fail|p2a: Gliscor
|
|-heal|p2a: Gliscor|27/100 tox|[from] ability: Poison Heal
|upkeep
|turn|27
|
|t:|1758954954
|switch|p2a: Alomomola|Alomomola, F|72/100
|move|p1a: Azumarill|Aqua Jet|p2a: Alomomola
|-resisted|p2a: Alomomola
|-damage|p2a: Alomomola|65/100
|
|-heal|p2a: Alomomola|71/100|[from] item: Leftovers
|upkeep
|turn|28
|
|t:|1758954969
|switch|p1a: Rotom|Rotom-Wash|59/100
|move|p2a: Alomomola|Light Screen|p2a: Alomomola
|-sidestart|p2: oxlerd11|move: Light Screen
|
|-heal|p1a: Rotom|66/100|[from] item: Leftovers
|-heal|p2a: Alomomola|77/100|[from] item: Leftovers
|upkeep
|turn|29
|
|t:|1758954977
|move|p1a: Rotom|Volt Switch|p2a: Alomomola
|-supereffective|p2a: Alomomola
|-crit|p2a: Alomomola
|-damage|p2a: Alomomola|0 fnt
|faint|p2a: Alomomola
|inactive|Sangiesh-Pathak has 120 seconds left.
|
|t:|1758955010
|switch|p1a: Blissey|Blissey, F|72/100|[from] Volt Switch
|
|-heal|p1a: Blissey|78/100|[from] item: Leftovers
|upkeep
|
|t:|1758955019
|switch|p2a: Dondozo|Dondozo, M, tera:Dragon|26/100
|turn|30
|
|t:|1758955027
|move|p1a: Blissey|Seismic Toss|p2a: Dondozo
|-damage|p2a: Dondozo|4/100
|move|p2a: Dondozo|Rest|p2a: Dondozo
|-status|p2a: Dondozo|slp|[from] move: Rest
|-heal|p2a: Dondozo|100/100 slp|[silent]
|
|-heal|p1a: Blissey|84/100|[from] item: Leftovers
|upkeep
|turn|31
|
|t:|1758955050
|switch|p1a: Azumarill|Azumarill, M|33/100
|cant|p2a: Dondozo|slp
|
|upkeep
|turn|32
|
|t:|1758955061
|move|p1a: Azumarill|Play Rough|p2a: Dondozo
|-supereffective|p2a: Dondozo
|-damage|p2a: Dondozo|50/100 slp
|cant|p2a: Dondozo|slp
|
|-heal|p2a: Dondozo|56/100 slp|[from] item: Leftovers
|-sideend|p2: oxlerd11|move: Light Screen
|upkeep
|turn|33
|
|t:|1758955071
|switch|p2a: Pecharunt|Pecharunt|62/100
|move|p1a: Azumarill|Play Rough|p2a: Pecharunt
|-resisted|p2a: Pecharunt
|-damage|p2a: Pecharunt|49/100
|-unboost|p2a: Pecharunt|atk|1
|
|upkeep
|turn|34
|inactive|Sangiesh-Pathak has 120 seconds left.
|
|t:|1758955097
|switch|p1a: Blissey|Blissey, F|84/100
|move|p2a: Pecharunt|Recover|p2a: Pecharunt
|-heal|p2a: Pecharunt|99/100
|
|-heal|p1a: Blissey|90/100|[from] item: Leftovers
|upkeep
|turn|35
|
|t:|1758955113
|switch|p2a: Gliscor|Gliscor, M|27/100 tox
|move|p1a: Blissey|Thunder Wave|p2a: Gliscor
|-immune|p2a: Gliscor
|
|-heal|p1a: Blissey|96/100|[from] item: Leftovers
|-heal|p2a: Gliscor|39/100 tox|[from] ability: Poison Heal
|upkeep
|turn|36
|
|t:|1758955126
|move|p2a: Gliscor|Facade|p1a: Blissey
|-damage|p1a: Blissey|33/100
|move|p1a: Blissey|Seismic Toss|p2a: Gliscor
|-damage|p2a: Gliscor|11/100 tox
|
|-heal|p1a: Blissey|39/100|[from] item: Leftovers
|-heal|p2a: Gliscor|24/100 tox|[from] ability: Poison Heal
|upkeep
|turn|37
|
|t:|1758955138
|switch|p1a: Toxapex|Toxapex, M|100/100
|move|p2a: Gliscor|Protect||[still]
|-fail|p2a: Gliscor
|
|-heal|p2a: Gliscor|36/100 tox|[from] ability: Poison Heal
|upkeep
|turn|38
|
|t:|1758955148
|move|p2a: Gliscor|Earthquake|p1a: Toxapex
|-supereffective|p1a: Toxapex
|-damage|p1a: Toxapex|62/100
|move|p1a: Toxapex|Sludge Bomb|p2a: Gliscor
|-resisted|p2a: Gliscor
|-damage|p2a: Gliscor|25/100 tox
|
|-heal|p1a: Toxapex|69/100|[from] item: Black Sludge
|-heal|p2a: Gliscor|38/100 tox|[from] ability: Poison Heal
|upkeep
|turn|39
|
|t:|1758955162
|switch|p1a: Rotom|Rotom-Wash|66/100
|move|p2a: Gliscor|Protect||[still]
|-fail|p2a: Gliscor
|
|-heal|p1a: Rotom|72/100|[from] item: Leftovers
|-heal|p2a: Gliscor|50/100 tox|[from] ability: Poison Heal
|upkeep
|turn|40
|
|t:|1758955175
|switch|p2a: Chansey|Chansey, F|100/100
|move|p1a: Rotom|Hydro Pump|p2a: Chansey
|-damage|p2a: Chansey|91/100
|
|-heal|p1a: Rotom|78/100|[from] item: Leftovers
|upkeep
|turn|41
|
|t:|1758955194
|switch|p1a: Blissey|Blissey, F|39/100
|move|p2a: Chansey|Heal Bell|p2a: Chansey
|-activate|p2a: Chansey|move: Heal Bell
|-curestatus|p2: Dondozo|slp|[msg]
|-curestatus|p2: Gliscor|tox|[msg]
|
|-heal|p1a: Blissey|46/100|[from] item: Leftovers
|upkeep
|turn|42
|
|t:|1758955209
|move|p1a: Blissey|Soft-Boiled|p1a: Blissey
|-heal|p1a: Blissey|96/100
|move|p2a: Chansey|Light Screen|p2a: Chansey
|-sidestart|p2: oxlerd11|move: Light Screen
|
|-heal|p1a: Blissey|100/100|[from] item: Leftovers
|upkeep
|turn|43
|
|t:|1758955217
|move|p1a: Blissey|Seismic Toss|p2a: Chansey
|-damage|p2a: Chansey|76/100
|move|p2a: Chansey|Seismic Toss|p1a: Blissey
|-damage|p1a: Blissey|86/100
|
|-heal|p1a: Blissey|93/100|[from] item: Leftovers
|upkeep
|turn|44
|
|t:|1758955228
|switch|p2a: Pecharunt|Pecharunt|99/100
|move|p1a: Blissey|Seismic Toss|p2a: Pecharunt
|-immune|p2a: Pecharunt
|
|-heal|p1a: Blissey|99/100|[from] item: Leftovers
|upkeep
|turn|45
|
|t:|1758955238
|move|p2a: Pecharunt|Toxic|p1a: Blissey
|-status|p1a: Blissey|tox
|-start|p1a: Blissey|confusion|[from] ability: Poison Puppeteer|[of] p2a: Pecharunt
|-activate|p1a: Blissey|confusion
|move|p1a: Blissey|Thunder Wave|p2a: Pecharunt
|-status|p2a: Pecharunt|par
|
|-heal|p1a: Blissey|100/100 tox|[from] item: Leftovers
|-damage|p1a: Blissey|94/100 tox|[from] psn
|upkeep
|turn|46
|
|t:|1758955251
|-curestatus|p1a: Blissey|tox|[from] ability: Natural Cure
|switch|p1a: Azumarill|Azumarill, M|33/100
|switch|p2a: Chansey|Chansey, F|76/100
|
|-sideend|p2: oxlerd11|move: Light Screen
|upkeep
|turn|47
|
|t:|1758955273
|switch|p2a: Dondozo|Dondozo, M, tera:Dragon|56/100
|move|p1a: Azumarill|Liquidation|p2a: Dondozo
|-resisted|p2a: Dondozo
|-damage|p2a: Dondozo|44/100
|
|-heal|p2a: Dondozo|51/100|[from] item: Leftovers
|upkeep
|turn|48
|
|t:|1758955287
|switch|p2a: Pecharunt|Pecharunt|99/100 par
|move|p1a: Azumarill|Play Rough|p2a: Pecharunt
|-resisted|p2a: Pecharunt
|-damage|p2a: Pecharunt|87/100 par
|
|upkeep
|turn|49
|
|t:|1758955302
|move|p1a: Azumarill|Knock Off|p2a: Pecharunt
|-supereffective|p2a: Pecharunt
|-damage|p2a: Pecharunt|63/100 par
|move|p2a: Pecharunt|Substitute|p2a: Pecharunt
|-start|p2a: Pecharunt|Substitute
|-damage|p2a: Pecharunt|38/100 par
|
|upkeep
|turn|50
|
|t:|1758955317
|move|p1a: Azumarill|Knock Off|p2a: Pecharunt
|-supereffective|p2a: Pecharunt
|-end|p2a: Pecharunt|Substitute
|move|p2a: Pecharunt|Recover|p2a: Pecharunt
|-heal|p2a: Pecharunt|88/100 par
|
|upkeep
|turn|51
|-message|oxlerd11 forfeited.
|
|win|Sangiesh-Pathak
|raw|Sangiesh-Pathak's rating: 1146 &rarr; <strong>1170</strong><br />(+24 for winning)
|raw|oxlerd11's rating: 1136 &rarr; <strong>1112</strong><br />(-24 for losing)
|l|☆oxlerd11
|player|p2|
|l|☆Sangiesh-Pathak
|player|p1|
