|j|☆StarDio
|j|☆kalyeotcho
|t:|1758979092
|gametype|singles
|player|p1|StarDio|lance|1493
|player|p2|kalyeotcho|doctor|1476
|gen|9
|tier|[Gen 9] OU
|rated|
|rule|HP Percentage Mod: HP is shown in percentages
|rule|Endless Battle Clause: Forcing endless battles is banned
|rule|Species Clause: Limit one of each Pokémon
|rule|OHKO Clause: OHKO moves are banned
|rule|Evasion Items Clause: Evasion items are banned
|rule|Evasion Moves Clause: Evasion moves are banned
|rule|Evasion Abilities Clause: Evasion abilities are banned
|rule|Sleep Moves Clause: Sleep-inducing moves are banned
|clearpoke
|poke|p1|Lokix, M|
|poke|p1|Iron Crown|
|poke|p1|Gliscor, F|
|poke|p1|Garganacl, F|
|poke|p1|Pecharunt|
|poke|p1|Cinderace, F|
|poke|p2|Mimikyu, M|
|poke|p2|Cresselia, F|
|poke|p2|Enamorus-Therian, F|
|poke|p2|Tyranitar, F|
|poke|p2|Kingambit, M|
|poke|p2|Necrozma|
|teampreview
|inactive|Battle timer is ON: inactive players will automatically lose when time's up. (requested by StarDio)
|inactive|kalyeotcho has 120 seconds left.
|
|t:|1758979124
|teamsize|p1|6
|teamsize|p2|6
|start
|switch|p1a: Lokix|Lokix, M|100/100
|switch|p2a: Necrozma|Necrozma|100/100
|turn|1
|
|t:|1758979129
|move|p1a: Lokix|U-turn|p2a: Necrozma
|-supereffective|p2a: Necrozma
|-damage|p2a: Necrozma|53/100
|
|t:|1758979133
|switch|p1a: Garganacl|Garganacl, F|100/100|[from] U-turn
|move|p2a: Necrozma|Trick Room|p2a: Necrozma
|-fieldstart|move: Trick Room|[of] p2a: Necrozma
|
|upkeep
|turn|2
|
|t:|1758979138
|move|p1a: Garganacl|Stealth Rock|p2a: Necrozma
|-sidestart|p2: kalyeotcho|move: Stealth Rock
|move|p2a: Necrozma|Meteor Beam||[still]
|-prepare|p2a: Necrozma|Meteor Beam
|-boost|p2a: Necrozma|spa|1
|-enditem|p2a: Necrozma|Power Herb
|-anim|p2a: Necrozma|Meteor Beam|p1a: Garganacl
|-damage|p1a: Garganacl|50/100
|
|-heal|p1a: Garganacl|57/100|[from] item: Leftovers
|upkeep
|turn|3
|
|t:|1758979148
|move|p1a: Garganacl|Protect|p1a: Garganacl
|-singleturn|p1a: Garganacl|Protect
|move|p2a: Necrozma|Photon Geyser|p1a: Garganacl
|-activate|p1a: Garganacl|move: Protect
|
|-heal|p1a: Garganacl|63/100|[from] item: Leftovers
|upkeep
|turn|4
|
|t:|1758979157
|move|p1a: Garganacl|Recover|p1a: Garganacl
|-heal|p1a: Garganacl|100/100
|move|p2a: Necrozma|Photon Geyser|p1a: Garganacl
|-damage|p1a: Garganacl|45/100
|
|-heal|p1a: Garganacl|51/100|[from] item: Leftovers
|upkeep
|turn|5
|
|t:|1758979166
|move|p1a: Garganacl|Recover|p1a: Garganacl
|-heal|p1a: Garganacl|100/100
|move|p2a: Necrozma|Meteor Beam||[still]
|-prepare|p2a: Necrozma|Meteor Beam
|-boost|p2a: Necrozma|spa|1
|
|-fieldend|move: Trick Room
|upkeep
|turn|6
|
|t:|1758979175
|move|p2a: Necrozma|Meteor Beam|p1a: Garganacl|[from] lockedmove
|-damage|p1a: Garganacl|40/100
|move|p1a: Garganacl|Salt Cure|p2a: Necrozma
|-damage|p2a: Necrozma|40/100
|-start|p2a: Necrozma|Salt Cure
|
|-heal|p1a: Garganacl|47/100|[from] item: Leftovers
|-damage|p2a: Necrozma|28/100|[from] Salt Cure
|upkeep
|turn|7
|
|t:|1758979183
|move|p1a: Garganacl|Protect|p1a: Garganacl
|-singleturn|p1a: Garganacl|Protect
|move|p2a: Necrozma|Photon Geyser|p1a: Garganacl
|-activate|p1a: Garganacl|move: Protect
|
|-heal|p1a: Garganacl|53/100|[from] item: Leftovers
|-damage|p2a: Necrozma|16/100|[from] Salt Cure
|upkeep
|turn|8
|
|t:|1758979190
|switch|p1a: Iron Crown|Iron Crown|100/100
|move|p2a: Necrozma|Heat Wave|p1a: Iron Crown
|-supereffective|p1a: Iron Crown
|-damage|p1a: Iron Crown|0 fnt
|faint|p1a: Iron Crown
|-end|p1a: Iron Crown|Quark Drive|[silent]
|
|-damage|p2a: Necrozma|4/100|[from] Salt Cure
|upkeep
|c|☆StarDio|damn wo
|c|☆StarDio|wp
|
|t:|1758979209
|switch|p1a: Gliscor|Gliscor, F|100/100
|turn|9
|inactive|kalyeotcho has 120 seconds left.
|
|t:|1758979253
|switch|p2a: Cresselia|Cresselia, F, shiny|100/100
|-damage|p2a: Cresselia|88/100|[from] Stealth Rock
|move|p1a: Gliscor|Earthquake|p2a: Cresselia
|-immune|p2a: Cresselia|[from] ability: Levitate
|
|-heal|p2a: Cresselia|94/100|[from] item: Leftovers
|-status|p1a: Gliscor|tox|[from] item: Toxic Orb
|upkeep
|turn|10
|
|t:|1758979261
|switch|p1a: Lokix|Lokix, M|100/100
|move|p2a: Cresselia|Trick Room|p2a: Cresselia
|-fieldstart|move: Trick Room|[of] p2a: Cresselia
|
|-heal|p2a: Cresselia|99/100|[from] item: Leftovers
|upkeep
|turn|11
|
|t:|1758979266
|move|p2a: Cresselia|Moonblast|p1a: Lokix
|-supereffective|p1a: Lokix
|-damage|p1a: Lokix|31/100
|move|p1a: Lokix|Knock Off|p2a: Cresselia
|-supereffective|p2a: Cresselia
|-damage|p2a: Cresselia|33/100
|-enditem|p2a: Cresselia|Leftovers|[from] move: Knock Off|[of] p1a: Lokix
|
|upkeep
|turn|12
|
|t:|1758979273
|move|p1a: Lokix|Sucker Punch||[still]
|-fail|p1a: Lokix
|move|p2a: Cresselia|Lunar Dance|p2a: Cresselia
|faint|p2a: Cresselia
|
|upkeep
|inactive|kalyeotcho has 120 seconds left.
|
|t:|1758979303
|switch|p2a: Amunet|Tyranitar, F, shiny|100/100
|-damage|p2a: Amunet|88/100|[from] Stealth Rock
|-weather|Sandstorm|[from] ability: Sand Stream|[of] p2a: Amunet
|turn|13
|
|t:|1758979308
|switch|p1a: Pecharunt|Pecharunt|100/100
|move|p2a: Amunet|Knock Off|p1a: Pecharunt
|-supereffective|p1a: Pecharunt
|-damage|p1a: Pecharunt|37/100
|-enditem|p1a: Pecharunt|Heavy-Duty Boots|[from] move: Knock Off|[of] p2a: Amunet
|-damage|p2a: Amunet|78/100|[from] item: Life Orb
|
|-weather|Sandstorm|[upkeep]
|-damage|p1a: Pecharunt|31/100|[from] Sandstorm
|upkeep
|turn|14
|inactive|kalyeotcho has 120 seconds left.
|
|t:|1758979317
|switch|p1a: Gliscor|Gliscor, F|100/100 tox
|move|p2a: Amunet|Knock Off|p1a: Gliscor
|-damage|p1a: Gliscor|40/100 tox
|-enditem|p1a: Gliscor|Toxic Orb|[from] move: Knock Off|[of] p2a: Amunet
|-damage|p2a: Amunet|68/100|[from] item: Life Orb
|
|-weather|Sandstorm|[upkeep]
|-heal|p1a: Gliscor|53/100 tox|[from] ability: Poison Heal
|-fieldend|move: Trick Room
|upkeep
|turn|15
|
|t:|1758979325
|switch|p2a: Necrozma|Necrozma|4/100
|-heal|p2a: Necrozma|100/100|[from] move: Lunar Dance
|-damage|p2a: Necrozma|88/100|[from] Stealth Rock
|move|p1a: Gliscor|Facade|p2a: Necrozma
|-damage|p2a: Necrozma|58/100
|
|-weather|Sandstorm|[upkeep]
|-damage|p2a: Necrozma|52/100|[from] Sandstorm
|-heal|p1a: Gliscor|65/100 tox|[from] ability: Poison Heal
|upkeep
|turn|16
|
|t:|1758979337
|move|p1a: Gliscor|Earthquake|p2a: Necrozma
|-damage|p2a: Necrozma|18/100
|move|p2a: Necrozma|Trick Room|p2a: Necrozma
|-fieldstart|move: Trick Room|[of] p2a: Necrozma
|
|-weather|Sandstorm|[upkeep]
|-damage|p2a: Necrozma|12/100|[from] Sandstorm
|-heal|p1a: Gliscor|78/100 tox|[from] ability: Poison Heal
|upkeep
|turn|17
|
|t:|1758979345
|move|p2a: Necrozma|Photon Geyser|p1a: Gliscor
|-damage|p1a: Gliscor|5/100 tox
|move|p1a: Gliscor|Swords Dance|p1a: Gliscor
|-boost|p1a: Gliscor|atk|2
|
|-weather|none
|-heal|p1a: Gliscor|18/100 tox|[from] ability: Poison Heal
|upkeep
|turn|18
|
|t:|1758979357
|move|p1a: Gliscor|Protect|p1a: Gliscor
|-singleturn|p1a: Gliscor|Protect
|move|p2a: Necrozma|Photon Geyser|p1a: Gliscor
|-activate|p1a: Gliscor|move: Protect
|
|-heal|p1a: Gliscor|30/100 tox|[from] ability: Poison Heal
|upkeep
|turn|19
|
|t:|1758979362
|move|p2a: Necrozma|Heat Wave|p1a: Gliscor
|-damage|p1a: Gliscor|0 fnt
|faint|p1a: Gliscor
|
|upkeep
|
|t:|1758979365
|switch|p1a: Lokix|Lokix, M|31/100
|turn|20
|
|t:|1758979369
|move|p1a: Lokix|First Impression|p2a: Necrozma
|-supereffective|p2a: Necrozma
|-damage|p2a: Necrozma|0 fnt
|faint|p2a: Necrozma
|
|-fieldend|move: Trick Room
|upkeep
|
|t:|1758979372
|switch|p2a: Grey|Mimikyu, M, shiny|100/100
|-damage|p2a: Grey|88/100|[from] Stealth Rock
|turn|21
|
|t:|1758979378
|move|p1a: Lokix|Knock Off|p2a: Grey
|-activate|p2a: Grey|ability: Disguise
|-damage|p2a: Grey|88/100
|-enditem|p2a: Grey|Red Card|[from] move: Knock Off|[of] p1a: Lokix
|detailschange|p2a: Grey|Mimikyu-Busted, M, shiny
|-damage|p2a: Grey|76/100|[from] pokemon: Mimikyu-Busted
|move|p2a: Grey|Trick Room|p2a: Grey
|-fieldstart|move: Trick Room|[of] p2a: Grey
|
|upkeep
|turn|22
|
|t:|1758979386
|switch|p1a: Pecharunt|Pecharunt|31/100
|move|p2a: Grey|Curse|p1a: Pecharunt
|-start|p1a: Pecharunt|Curse|[of] p2a: Grey
|-damage|p2a: Grey|26/100
|
|-damage|p1a: Pecharunt|6/100|[from] Curse
|upkeep
|turn|23
|
|t:|1758979393
|move|p2a: Grey|Shadow Sneak|p1a: Pecharunt
|-supereffective|p1a: Pecharunt
|-damage|p1a: Pecharunt|0 fnt
|faint|p1a: Pecharunt
|
|upkeep
|
|t:|1758979396
|switch|p1a: Lokix|Lokix, M|31/100
|turn|24
|
|t:|1758979401
|move|p1a: Lokix|First Impression|p2a: Grey
|-resisted|p2a: Grey
|-damage|p2a: Grey|0 fnt
|faint|p2a: Grey
|
|upkeep
|
|t:|1758979413
|switch|p2a: Enamorus|Enamorus-Therian, F|100/100
|-damage|p2a: Enamorus|75/100|[from] Stealth Rock
|turn|25
|
|t:|1758979419
|switch|p1a: Cinderace|Cinderace, F|100/100
|move|p2a: Enamorus|Earth Power|p1a: Cinderace
|-supereffective|p1a: Cinderace
|-damage|p1a: Cinderace|0 fnt
|faint|p1a: Cinderace
|
|-fieldend|move: Trick Room
|upkeep
|
|t:|1758979421
|switch|p1a: Garganacl|Garganacl, F|53/100
|turn|26
|
|t:|1758979440
|-terastallize|p1a: Garganacl|Water
|-terastallize|p2a: Enamorus|Ground
|move|p1a: Garganacl|Recover|p1a: Garganacl
|-heal|p1a: Garganacl|100/100
|move|p2a: Enamorus|Calm Mind|p2a: Enamorus
|-boost|p2a: Enamorus|spa|1
|-boost|p2a: Enamorus|spd|1
|
|upkeep
|turn|27
|
|t:|1758979449
|move|p1a: Garganacl|Salt Cure|p2a: Enamorus
|-resisted|p2a: Enamorus
|-damage|p2a: Enamorus|70/100
|-start|p2a: Enamorus|Salt Cure
|move|p2a: Enamorus|Moonblast|p1a: Garganacl
|-damage|p1a: Garganacl|40/100
|
|-heal|p1a: Garganacl|46/100|[from] item: Leftovers
|-damage|p2a: Enamorus|57/100|[from] Salt Cure
|upkeep
|turn|28
|
|t:|1758979457
|move|p1a: Garganacl|Recover|p1a: Garganacl
|-heal|p1a: Garganacl|96/100
|move|p2a: Enamorus|Calm Mind|p2a: Enamorus
|-boost|p2a: Enamorus|spa|1
|-boost|p2a: Enamorus|spd|1
|
|-heal|p1a: Garganacl|100/100|[from] item: Leftovers
|-damage|p2a: Enamorus|45/100|[from] Salt Cure
|upkeep
|turn|29
|
|t:|1758979465
|move|p1a: Garganacl|Protect|p1a: Garganacl
|-singleturn|p1a: Garganacl|Protect
|move|p2a: Enamorus|Moonblast|p1a: Garganacl
|-activate|p1a: Garganacl|move: Protect
|
|-damage|p2a: Enamorus|32/100|[from] Salt Cure
|upkeep
|turn|30
|
|t:|1758979472
|move|p1a: Garganacl|Salt Cure|p2a: Enamorus
|-resisted|p2a: Enamorus
|-damage|p2a: Enamorus|25/100
|move|p2a: Enamorus|Moonblast|p1a: Garganacl
|-crit|p1a: Garganacl
|-damage|p1a: Garganacl|0 fnt
|faint|p1a: Garganacl
|
|-damage|p2a: Enamorus|13/100|[from] Salt Cure
|upkeep
|
|t:|1758979477
|switch|p1a: Lokix|Lokix, M|31/100
|turn|31
|
|t:|1758979484
|move|p1a: Lokix|First Impression|p2a: Enamorus
|-damage|p2a: Enamorus|0 fnt
|faint|p2a: Enamorus
|
|upkeep
|
|t:|1758979493
|switch|p2a: Amunet|Tyranitar, F, shiny|68/100
|-damage|p2a: Amunet|56/100|[from] Stealth Rock
|-weather|Sandstorm|[from] ability: Sand Stream|[of] p2a: Amunet
|turn|32
|
|t:|1758979498
|move|p1a: Lokix|U-turn|p2a: Amunet
|-supereffective|p2a: Amunet
|-damage|p2a: Amunet|0 fnt
|faint|p2a: Amunet
|
|-weather|Sandstorm|[upkeep]
|-damage|p1a: Lokix|25/100|[from] Sandstorm
|upkeep
|
|t:|1758979502
|switch|p2a: Jin|Kingambit, M, shiny|100/100
|-damage|p2a: Jin|94/100|[from] Stealth Rock
|-activate|p2a: Jin|ability: Supreme Overlord
|-start|p2a: Jin|fallen5|[silent]
|-item|p2a: Jin|Air Balloon
|turn|33
|
|t:|1758979510
|move|p1a: Lokix|Knock Off|p2a: Jin
|-resisted|p2a: Jin
|-damage|p2a: Jin|59/100
|-enditem|p2a: Jin|Air Balloon
|move|p2a: Jin|Kowtow Cleave|p1a: Lokix
|-resisted|p1a: Lokix
|-damage|p1a: Lokix|0 fnt
|faint|p1a: Lokix
|
|win|kalyeotcho
|raw|StarDio's rating: 1493 &rarr; <strong>1472</strong><br />(-21 for losing)
|raw|kalyeotcho's rating: 1476 &rarr; <strong>1497</strong><br />(+21 for winning)
|l|☆kalyeotcho
|player|p2|
|l|☆StarDio
|player|p1|
