|j|☆MCMorrone1998
|j|☆panzershock
|t:|1759014782
|gametype|singles
|player|p1|MCMorrone1998|102|1275
|player|p2|panzershock|170|1324
|gen|9
|tier|[Gen 9] OU
|rated|
|rule|HP Percentage Mod: HP is shown in percentages
|rule|Endless Battle Clause: Forcing endless battles is banned
|rule|Species Clause: Limit one of each Pokémon
|rule|OHKO Clause: OHKO moves are banned
|rule|Evasion Items Clause: Evasion items are banned
|rule|Evasion Moves Clause: Evasion moves are banned
|rule|Evasion Abilities Clause: Evasion abilities are banned
|rule|Sleep Moves Clause: Sleep-inducing moves are banned
|clearpoke
|poke|p1|Glimmora, F|
|poke|p1|Ogerpon-Wellspring, F|
|poke|p1|Hatterene, F|
|poke|p1|Iron Moth|
|poke|p1|Dragonite, F|
|poke|p1|Kingambit, F|
|poke|p2|Rillaboom, F|
|poke|p2|Fezandipiti, M|
|poke|p2|Magneton|
|poke|p2|Scrafty, F|
|poke|p2|Mimikyu, M|
|poke|p2|Maushold|
|teampreview
|inactive|Battle timer is ON: inactive players will automatically lose when time's up. (requested by MCMorrone1998)
|inactive|panzershock has 120 seconds left.
|
|t:|1759014815
|teamsize|p1|6
|teamsize|p2|6
|start
|switch|p1a: The Advocate|Glimmora, F|100/100
|switch|p2a: Maushold|Maushold|100/100
|turn|1
|
|t:|1759014827
|move|p2a: Maushold|Population Bomb|p1a: The Advocate
|-resisted|p1a: The Advocate
|-damage|p1a: The Advocate|94/100
|-activate|p1a: The Advocate|ability: Toxic Debris
|-sidestart|p2: panzershock|move: Toxic Spikes
|-resisted|p1a: The Advocate
|-damage|p1a: The Advocate|87/100
|-activate|p1a: The Advocate|ability: Toxic Debris
|-sidestart|p2: panzershock|move: Toxic Spikes
|-resisted|p1a: The Advocate
|-damage|p1a: The Advocate|81/100
|-hitcount|p1a: The Advocate|3
|move|p1a: The Advocate|Mud Shot|p2a: Maushold|[miss]
|-miss|p1a: The Advocate|p2a: Maushold
|
|upkeep
|turn|2
|
|t:|1759014839
|move|p2a: Maushold|Population Bomb|p1a: The Advocate
|-resisted|p1a: The Advocate
|-crit|p1a: The Advocate
|-damage|p1a: The Advocate|70/100
|-resisted|p1a: The Advocate
|-damage|p1a: The Advocate|63/100
|-hitcount|p1a: The Advocate|2
|move|p1a: The Advocate|Power Gem|p2a: Maushold
|-damage|p2a: Maushold|38/100
|
|upkeep
|turn|3
|
|t:|1759014848
|move|p2a: Maushold|Population Bomb|p1a: The Advocate
|-resisted|p1a: The Advocate
|-damage|p1a: The Advocate|57/100
|-resisted|p1a: The Advocate
|-damage|p1a: The Advocate|51/100
|-resisted|p1a: The Advocate
|-damage|p1a: The Advocate|44/100
|-resisted|p1a: The Advocate
|-damage|p1a: The Advocate|38/100
|-resisted|p1a: The Advocate
|-damage|p1a: The Advocate|31/100
|-resisted|p1a: The Advocate
|-damage|p1a: The Advocate|25/100
|-resisted|p1a: The Advocate
|-damage|p1a: The Advocate|18/100
|-resisted|p1a: The Advocate
|-damage|p1a: The Advocate|11/100
|-resisted|p1a: The Advocate
|-damage|p1a: The Advocate|5/100
|-resisted|p1a: The Advocate
|-damage|p1a: The Advocate|0 fnt
|faint|p1a: The Advocate
|-hitcount|p1: The Advocate|10
|
|upkeep
|
|t:|1759014857
|switch|p1a: The Idol|Iron Moth|100/100
|-enditem|p1a: The Idol|Booster Energy
|-activate|p1a: The Idol|ability: Quark Drive|[fromitem]
|-start|p1a: The Idol|quarkdrivespe
|turn|4
|
|t:|1759014866
|switch|p2a: Fezandipiti|Fezandipiti, M|100/100
|-sideend|p2: panzershock|move: Toxic Spikes|[of] p2a: Fezandipiti
|move|p1a: The Idol|Fiery Dance|p2a: Fezandipiti
|-damage|p2a: Fezandipiti|85/100
|-boost|p1a: The Idol|spa|1
|
|upkeep
|turn|5
|
|t:|1759014877
|move|p1a: The Idol|Fiery Dance|p2a: Fezandipiti
|-damage|p2a: Fezandipiti|61/100
|-boost|p1a: The Idol|spa|1
|move|p2a: Fezandipiti|U-turn|p1a: The Idol
|-resisted|p1a: The Idol
|-damage|p1a: The Idol|95/100
|
|t:|1759014883
|switch|p2a: Mimikyu|Mimikyu, M|100/100|[from] U-turn
|
|upkeep
|turn|6
|
|t:|1759014892
|move|p1a: The Idol|Substitute|p1a: The Idol
|-start|p1a: The Idol|Substitute
|-damage|p1a: The Idol|70/100
|move|p2a: Mimikyu|Swords Dance|p2a: Mimikyu
|-boost|p2a: Mimikyu|atk|2
|
|upkeep
|turn|7
|
|t:|1759014907
|move|p1a: The Idol|Fiery Dance|p2a: Mimikyu
|-activate|p2a: Mimikyu|ability: Disguise
|-damage|p2a: Mimikyu|100/100
|detailschange|p2a: Mimikyu|Mimikyu-Busted, M
|-damage|p2a: Mimikyu|88/100|[from] pokemon: Mimikyu-Busted
|-enditem|p2a: Mimikyu|Red Card|[of] p1a: The Idol
|-end|p1a: The Idol|Quark Drive|[silent]
|drag|p1a: The Ogerponzi|Ogerpon-Wellspring, F|100/100
|move|p2a: Mimikyu|Swords Dance|p2a: Mimikyu
|-boost|p2a: Mimikyu|atk|2
|
|upkeep
|turn|8
|inactive|MCMorrone1998 has 120 seconds left.
|
|t:|1759014939
|move|p2a: Mimikyu|Shadow Sneak|p1a: The Ogerponzi
|-damage|p1a: The Ogerponzi|37/100
|move|p1a: The Ogerponzi|Ivy Cudgel|p2a: Mimikyu|[anim] Ivy Cudgel Water
|-damage|p2a: Mimikyu|0 fnt
|faint|p2a: Mimikyu
|
|upkeep
|
|t:|1759014951
|switch|p2a: Maushold|Maushold|38/100
|turn|9
|inactive|MCMorrone1998 has 120 seconds left.
|
|t:|1759014983
|move|p2a: Maushold|Population Bomb|p1a: The Ogerponzi
|-damage|p1a: The Ogerponzi|21/100
|-damage|p1a: The Ogerponzi|6/100
|-damage|p1a: The Ogerponzi|0 fnt
|faint|p1a: The Ogerponzi
|-hitcount|p1: The Ogerponzi|3
|
|upkeep
|inactive|MCMorrone1998 has 90 seconds left.
|inactive|MCMorrone1998 has 60 seconds left.
|inactive|MCMorrone1998 has 30 seconds left.
|inactive|MCMorrone1998 has 20 seconds left.
|inactive|MCMorrone1998 has 15 seconds left.
|inactive|MCMorrone1998 has 10 seconds left.
|
|t:|1759015084
|switch|p1a: The Idol|Iron Moth|70/100
|turn|10
|inactive|MCMorrone1998 has 20 seconds left this turn.
|
|t:|1759015088
|move|p2a: Maushold|Population Bomb|p1a: The Idol
|-damage|p1a: The Idol|53/100
|-hitcount|p1a: The Idol|1
|move|p1a: The Idol|Fiery Dance|p2a: Maushold
|-damage|p2a: Maushold|0 fnt
|faint|p2a: Maushold
|
|upkeep
|
|t:|1759015102
|switch|p2a: Fezandipiti|Fezandipiti, M|61/100
|turn|11
|
|t:|1759015106
|move|p1a: The Idol|Fiery Dance|p2a: Fezandipiti
|-damage|p2a: Fezandipiti|45/100
|-boost|p1a: The Idol|spa|1
|move|p2a: Fezandipiti|Icy Wind|p1a: The Idol
|-resisted|p1a: The Idol
|-damage|p1a: The Idol|49/100
|-unboost|p1a: The Idol|spe|1
|
|upkeep
|turn|12
|
|t:|1759015120
|move|p2a: Fezandipiti|Cross Poison|p1a: The Idol
|-resisted|p1a: The Idol
|-damage|p1a: The Idol|33/100
|move|p1a: The Idol|Fiery Dance|p2a: Fezandipiti
|-damage|p2a: Fezandipiti|22/100
|-boost|p1a: The Idol|spa|1
|
|upkeep
|turn|13
|
|t:|1759015126
|move|p2a: Fezandipiti|Cross Poison|p1a: The Idol
|-resisted|p1a: The Idol
|-damage|p1a: The Idol|16/100
|move|p1a: The Idol|Fiery Dance|p2a: Fezandipiti
|-damage|p2a: Fezandipiti|0 fnt
|faint|p2a: Fezandipiti
|
|upkeep
|inactive|panzershock has 120 seconds left.
|
|t:|1759015167
|switch|p2a: Rillaboom|Rillaboom, F|100/100
|-fieldstart|move: Grassy Terrain|[from] ability: Grassy Surge|[of] p2a: Rillaboom
|turn|14
|inactive|MCMorrone1998 has 60 seconds left.
|
|t:|1759015181
|move|p2a: Rillaboom|Grassy Glide|p1a: The Idol
|-resisted|p1a: The Idol
|-damage|p1a: The Idol|1/100
|move|p1a: The Idol|Sludge Wave|p2a: Rillaboom
|-supereffective|p2a: Rillaboom
|-damage|p2a: Rillaboom|0 fnt
|faint|p2a: Rillaboom
|
|-heal|p1a: The Idol|7/100|[from] Grassy Terrain
|upkeep
|inactive|panzershock has 120 seconds left.
|
|t:|1759015191
|switch|p2a: Magneton|Magneton|100/100
|turn|15
|inactive|MCMorrone1998 has 60 seconds left.
|
|t:|1759015202
|move|p2a: Magneton|Thunderbolt|p1a: The Idol
|-damage|p1a: The Idol|0 fnt
|faint|p1a: The Idol
|-end|p1a: The Idol|Quark Drive|[silent]
|
|upkeep
|
|t:|1759015206
|switch|p1a: The Witch|Hatterene, F|100/100
|turn|16
|
|t:|1759015210
|move|p2a: Magneton|Flash Cannon|p1a: The Witch
|-supereffective|p1a: The Witch
|-damage|p1a: The Witch|7/100
|move|p1a: The Witch|Mystical Fire|p2a: Magneton
|-supereffective|p2a: Magneton
|-damage|p2a: Magneton|45/100
|-unboost|p2a: Magneton|spa|1
|
|-heal|p2a: Magneton|51/100|[from] Grassy Terrain
|-heal|p1a: The Witch|13/100|[from] Grassy Terrain
|-heal|p1a: The Witch|19/100|[from] item: Leftovers
|upkeep
|turn|17
|
|t:|1759015220
|switch|p1a: Satan|Dragonite, F|100/100
|move|p2a: Magneton|Volt Switch|p1a: Satan
|-damage|p1a: Satan|88/100
|
|t:|1759015225
|switch|p2a: Scrafty|Scrafty, F|100/100|[from] Volt Switch
|
|upkeep
|turn|18
|inactive|MCMorrone1998 has 90 seconds left.
|
|t:|1759015246
|-terastallize|p1a: Satan|Ghost
|move|p1a: Satan|Dragon Dance|p1a: Satan
|-boost|p1a: Satan|atk|1
|-boost|p1a: Satan|spe|1
|move|p2a: Scrafty|Super Fang|p1a: Satan
|-immune|p1a: Satan
|
|-heal|p1a: Satan|95/100|[from] Grassy Terrain
|-fieldend|move: Grassy Terrain
|upkeep
|turn|19
|
|t:|1759015255
|-terastallize|p2a: Scrafty|Dark
|move|p1a: Satan|Encore|p2a: Scrafty
|-start|p2a: Scrafty|Encore
|move|p2a: Scrafty|Super Fang|p1a: Satan
|-immune|p1a: Satan
|
|upkeep
|turn|20
|
|t:|1759015261
|switch|p2a: Magneton|Magneton|51/100
|move|p1a: Satan|Dragon Dance|p1a: Satan
|-boost|p1a: Satan|atk|1
|-boost|p1a: Satan|spe|1
|
|upkeep
|turn|21
|inactive|MCMorrone1998 has 90 seconds left.
|inactive|MCMorrone1998 has 60 seconds left.
|
|t:|1759015303
|move|p1a: Satan|Earthquake|p2a: Magneton
|-supereffective|p2a: Magneton
|-damage|p2a: Magneton|0 fnt
|faint|p2a: Magneton
|
|upkeep
|
|t:|1759015305
|switch|p2a: Scrafty|Scrafty, F, tera:Dark|100/100
|turn|22
|inactive|MCMorrone1998 has 60 seconds left.
|
|t:|1759015336
|move|p1a: Satan|Earthquake|p2a: Scrafty
|-damage|p2a: Scrafty|34/100
|move|p2a: Scrafty|Knock Off|p1a: Satan
|-supereffective|p1a: Satan
|-damage|p1a: Satan|0 fnt
|-enditem|p1a: Satan|Lum Berry|[from] move: Knock Off|[of] p2a: Scrafty
|faint|p1a: Satan
|-heal|p2a: Scrafty|48/100|[from] item: Shell Bell|[of] p1: Satan
|
|upkeep
|inactive|MCMorrone1998 has 30 seconds left.
|inactive|MCMorrone1998 has 20 seconds left.
|
|t:|1759015368
|switch|p1a: The Witch|Hatterene, F|19/100
|turn|23
|inactive|MCMorrone1998 has 30 seconds left this turn.
|
|t:|1759015373
|move|p2a: Scrafty|Knock Off|p1a: The Witch
|-damage|p1a: The Witch|0 fnt
|-enditem|p1a: The Witch|Leftovers|[from] move: Knock Off|[of] p2a: Scrafty
|faint|p1a: The Witch
|-heal|p2a: Scrafty|51/100|[from] item: Shell Bell|[of] p1: The Witch
|
|upkeep
|inactive|MCMorrone1998 has 30 seconds left.
|
|t:|1759015382
|switch|p1a: The Leader|Kingambit, F|100/100
|-activate|p1a: The Leader|ability: Supreme Overlord
|-start|p1a: The Leader|fallen5|[silent]
|turn|24
|
|t:|1759015386
|move|p1a: The Leader|Sucker Punch|p2a: Scrafty
|-resisted|p2a: Scrafty
|-damage|p2a: Scrafty|18/100
|move|p2a: Scrafty|Drain Punch|p1a: The Leader
|-supereffective|p1a: The Leader
|-damage|p1a: The Leader|25/100
|-heal|p2a: Scrafty|65/100|[from] drain|[of] p1a: The Leader
|-heal|p2a: Scrafty|77/100|[from] item: Shell Bell|[of] p1a: The Leader
|
|upkeep
|turn|25
|
|t:|1759015395
|move|p1a: The Leader|Iron Head|p2a: Scrafty
|-damage|p2a: Scrafty|11/100
|cant|p2a: Scrafty|flinch
|
|upkeep
|turn|26
|-message|panzershock forfeited.
|
|win|MCMorrone1998
|raw|MCMorrone1998's rating: 1275 &rarr; <strong>1304</strong><br />(+29 for winning)
|raw|panzershock's rating: 1324 &rarr; <strong>1301</strong><br />(-23 for losing)
|l|☆panzershock
|player|p2|
|l|☆MCMorrone1998
|player|p1|
