|j|☆isochrysis
|j|☆EzLegendKing
|t:|1758962724
|gametype|singles
|player|p1|isochrysis|psychic-gen4|1171
|player|p2|EzLegendKing|170|1102
|gen|9
|tier|[Gen 9] OU
|rated|
|rule|HP Percentage Mod: HP is shown in percentages
|rule|Endless Battle Clause: Forcing endless battles is banned
|rule|Species Clause: Limit one of each Pokémon
|rule|OHKO Clause: OHKO moves are banned
|rule|Evasion Items Clause: Evasion items are banned
|rule|Evasion Moves Clause: Evasion moves are banned
|rule|Evasion Abilities Clause: Evasion abilities are banned
|rule|Sleep Moves Clause: Sleep-inducing moves are banned
|clearpoke
|poke|p1|Thundurus, M|
|poke|p1|Weavile, M|
|poke|p1|Gyarados, F|
|poke|p1|Jirachi|
|poke|p1|Volbeat, M|
|poke|p1|Garchomp, F|
|poke|p2|Gliscor, F|
|poke|p2|Pawmot, M|
|poke|p2|Kingambit, M|
|poke|p2|Dragapult, M|
|poke|p2|Walking Wake|
|poke|p2|Iron Valiant|
|teampreview
|
|t:|1758962743
|teamsize|p1|6
|teamsize|p2|6
|start
|switch|p1a: Thundurus|Thundurus, M|100/100
|switch|p2a: Walking Wake|Walking Wake|100/100
|turn|1
|
|t:|1758962752
|move|p1a: Thundurus|Thunder Wave|p2a: Walking Wake
|-status|p2a: Walking Wake|par
|cant|p2a: Walking Wake|par
|
|upkeep
|turn|2
|
|t:|1758962771
|move|p1a: Thundurus|Volt Switch|p2a: Walking Wake
|-crit|p2a: Walking Wake
|-damage|p2a: Walking Wake|43/100 par
|-damage|p1a: Thundurus|91/100|[from] item: Life Orb
|
|t:|1758962777
|switch|p1a: Volbeat|Volbeat, M|100/100|[from] Volt Switch
|move|p2a: Walking Wake|Flamethrower|p1a: Volbeat
|-supereffective|p1a: Volbeat
|-crit|p1a: Volbeat
|-damage|p1a: Volbeat|14/100
|
|upkeep
|turn|3
|
|t:|1758962791
|switch|p1a: Garchomp|Garchomp, F|100/100
|move|p2a: Walking Wake|Flamethrower|p1a: Garchomp
|-resisted|p1a: Garchomp
|-crit|p1a: Garchomp
|-damage|p1a: Garchomp|69/100
|
|upkeep
|turn|4
|
|t:|1758962799
|-terastallize|p1a: Garchomp|Fairy
|move|p1a: Garchomp|Swords Dance|p1a: Garchomp
|-boost|p1a: Garchomp|atk|2
|move|p2a: Walking Wake|Flamethrower|p1a: Garchomp
|-damage|p1a: Garchomp|26/100
|
|upkeep
|turn|5
|
|t:|1758962808
|move|p1a: Garchomp|Tera Blast|p2a: Walking Wake|[anim] Tera Blast Fairy
|-supereffective|p2a: Walking Wake
|-damage|p2a: Walking Wake|0 fnt
|faint|p2a: Walking Wake
|-end|p2a: Walking Wake|Protosynthesis|[silent]
|
|upkeep
|
|t:|1758962811
|switch|p2a: Dragapult|Dragapult, M|100/100
|turn|6
|
|t:|1758962816
|move|p2a: Dragapult|Draco Meteor|p1a: Garchomp
|-immune|p1a: Garchomp
|move|p1a: Garchomp|Tera Blast|p2a: Dragapult|[anim] Tera Blast Fairy
|-supereffective|p2a: Dragapult
|-damage|p2a: Dragapult|0 fnt
|faint|p2a: Dragapult
|
|upkeep
|
|t:|1758962837
|switch|p2a: Iron Valiant|Iron Valiant|100/100
|-enditem|p2a: Iron Valiant|Booster Energy
|-activate|p2a: Iron Valiant|ability: Quark Drive|[fromitem]
|-start|p2a: Iron Valiant|quarkdrivespe
|turn|7
|
|t:|1758962843
|move|p2a: Iron Valiant|Destiny Bond|p2a: Iron Valiant
|-singlemove|p2a: Iron Valiant|Destiny Bond
|move|p1a: Garchomp|Tera Blast|p2a: Iron Valiant|[anim] Tera Blast Fairy
|-supereffective|p2a: Iron Valiant
|-damage|p2a: Iron Valiant|0 fnt
|faint|p2a: Iron Valiant
|-activate|p2a: Iron Valiant|move: Destiny Bond
|-end|p2a: Iron Valiant|Quark Drive|[silent]
|faint|p1a: Garchomp
|
|upkeep
|
|t:|1758962861
|switch|p2a: Gliscor|Gliscor, F, shiny|100/100
|switch|p1a: Weavile|Weavile, M|100/100
|turn|8
|
|t:|1758962883
|move|p1a: Weavile|Icicle Crash|p2a: Gliscor
|-supereffective|p2a: Gliscor
|-damage|p2a: Gliscor|0 fnt
|faint|p2a: Gliscor
|
|upkeep
|
|t:|1758962886
|switch|p2a: Pawmot|Pawmot, M, shiny|100/100
|turn|9
|
|t:|1758962902
|switch|p1a: Volbeat|Volbeat, M|14/100
|move|p2a: Pawmot|Double Shock|p1a: Volbeat
|-damage|p1a: Volbeat|0 fnt
|-start|p2a: Pawmot|typechange|???/Fighting|[from] move: Double Shock
|faint|p1a: Volbeat
|
|upkeep
|inactive|Battle timer is ON: inactive players will automatically lose when time's up. (requested by EzLegendKing)
|
|t:|1758962913
|switch|p1a: Jirachi|Jirachi|100/100
|turn|10
|
|t:|1758962919
|move|p1a: Jirachi|Zen Headbutt|p2a: Pawmot
|-supereffective|p2a: Pawmot
|-enditem|p2a: Pawmot|Focus Sash
|-damage|p2a: Pawmot|1/100
|cant|p2a: Pawmot|flinch
|
|upkeep
|turn|11
|
|t:|1758962931
|move|p1a: Jirachi|Zen Headbutt|p2a: Pawmot
|-supereffective|p2a: Pawmot
|-damage|p2a: Pawmot|0 fnt
|faint|p2a: Pawmot
|
|upkeep
|
|t:|1758962934
|switch|p2a: Kingambit|Kingambit, M|100/100
|-activate|p2a: Kingambit|ability: Supreme Overlord
|-start|p2a: Kingambit|fallen5|[silent]
|turn|12
|
|t:|1758962938
|switch|p1a: Gyarados|Gyarados, F|100/100
|-ability|p1a: Gyarados|Intimidate|boost
|-unboost|p2a: Kingambit|atk|1
|-terastallize|p2a: Kingambit|Dark
|move|p2a: Kingambit|Sucker Punch||[still]
|-fail|p2a: Kingambit
|
|upkeep
|turn|13
|
|t:|1758962949
|move|p2a: Kingambit|Sucker Punch|p1a: Gyarados
|-damage|p1a: Gyarados|21/100
|-damage|p2a: Kingambit|84/100|[from] item: Rocky Helmet|[of] p1a: Gyarados
|move|p1a: Gyarados|Iron Head|p2a: Kingambit
|-damage|p2a: Kingambit|56/100
|
|upkeep
|turn|14
|
|t:|1758962963
|switch|p1a: Thundurus|Thundurus, M|91/100
|move|p2a: Kingambit|Focus Blast|p1a: Thundurus
|-resisted|p1a: Thundurus
|-damage|p1a: Thundurus|81/100
|
|upkeep
|turn|15
|
|t:|1758962974
|move|p1a: Thundurus|Volt Switch|p2a: Kingambit
|-damage|p2a: Kingambit|14/100
|-damage|p1a: Thundurus|71/100|[from] item: Life Orb
|
|t:|1758962982
|switch|p1a: Gyarados|Gyarados, F|21/100|[from] Volt Switch
|-ability|p1a: Gyarados|Intimidate|boost
|-unboost|p2a: Kingambit|atk|1
|move|p2a: Kingambit|Steel Beam|p1a: Gyarados
|-resisted|p1a: Gyarados
|-damage|p1a: Gyarados|0 fnt
|-damage|p2a: Kingambit|0 fnt|[from] steelbeam
|faint|p2a: Kingambit
|-end|p2a: Kingambit|fallen5|[silent]
|faint|p1a: Gyarados
|
|win|isochrysis
|raw|isochrysis's rating: 1171 &rarr; <strong>1191</strong><br />(+20 for winning)
|raw|EzLegendKing's rating: 1102 &rarr; <strong>1082</strong><br />(-20 for losing)
|l|☆EzLegendKing
|player|p2|
|l|☆isochrysis
|player|p1|
