|j|☆Yogogo123456
|j|☆hbgjbhn
|t:|1758968188
|gametype|singles
|player|p1|Yogogo123456|265|1129
|player|p2|hbgjbhn|shauntal|1109
|gen|9
|tier|[Gen 9] OU
|rated|
|rule|HP Percentage Mod: HP is shown in percentages
|rule|Endless Battle Clause: Forcing endless battles is banned
|rule|Species Clause: Limit one of each Pokémon
|rule|OHKO Clause: OHKO moves are banned
|rule|Evasion Items Clause: Evasion items are banned
|rule|Evasion Moves Clause: Evasion moves are banned
|rule|Evasion Abilities Clause: Evasion abilities are banned
|rule|Sleep Moves Clause: Sleep-inducing moves are banned
|clearpoke
|poke|p1|Blaziken, M|
|poke|p1|Hatterene, F|
|poke|p1|Jirachi|
|poke|p1|Quaquaval, F|
|poke|p1|Ting-Lu|
|poke|p1|Zapdos|
|poke|p2|Garchomp, F|
|poke|p2|Weavile, M|
|poke|p2|Slowking-Galar, F|
|poke|p2|Alomomola, F|
|poke|p2|Scizor, M|
|poke|p2|Thundurus-Therian, M|
|teampreview
|inactive|Battle timer is ON: inactive players will automatically lose when time's up. (requested by hbgjbhn)
|
|t:|1758968196
|teamsize|p1|6
|teamsize|p2|6
|start
|switch|p1a: Quaquaval|Quaquaval, F|100/100
|switch|p2a: Garchomp|Garchomp, F|100/100
|turn|1
|
|t:|1758968209
|switch|p1a: Hatterene|Hatterene, F|100/100
|-terastallize|p2a: Garchomp|Water
|move|p2a: Garchomp|Scale Shot|p1a: Hatterene
|-immune|p1a: Hatterene
|
|upkeep
|turn|2
|
|t:|1758968222
|switch|p2a: Slowking|Slowking-Galar, F|100/100
|move|p1a: Hatterene|Nuzzle|p2a: Slowking
|-damage|p2a: Slowking|96/100
|-status|p2a: Slowking|par
|
|upkeep
|turn|3
|
|t:|1758968231
|move|p1a: Hatterene|Psyshock|p2a: Slowking
|-damage|p2a: Slowking|56/100 par
|-prepare|p2a: Slowking|Chilly Reception|[premajor]
|move|p2a: Slowking|Chilly Reception|p2a: Slowking
|-weather|Snowscape
|
|t:|1758968242
|switch|p2a: Scizor|Scizor, M, shiny|100/100|[from] Chilly Reception
|
|-weather|Snowscape|[upkeep]
|upkeep
|turn|4
|
|t:|1758968266
|switch|p1a: Zapdos|Zapdos|100/100
|move|p2a: Scizor|U-turn|p1a: Zapdos
|-resisted|p1a: Zapdos
|-damage|p1a: Zapdos|72/100
|
|t:|1758968276
|switch|p2a: Thundurus|Thundurus-Therian, M, shiny|100/100|[from] U-turn
|
|-weather|Snowscape|[upkeep]
|upkeep
|turn|5
|
|t:|1758968285
|move|p2a: Thundurus|Thunderbolt|p1a: Zapdos
|-damage|p1a: Zapdos|24/100
|move|p1a: Zapdos|Roost|p1a: Zapdos
|-heal|p1a: Zapdos|74/100
|-singleturn|p1a: Zapdos|move: Roost
|
|-weather|Snowscape|[upkeep]
|upkeep
|turn|6
|
|t:|1758968291
|switch|p1a: Ting-Lu|Ting-Lu|100/100
|-ability|p1a: Ting-Lu|Vessel of Ruin
|move|p2a: Thundurus|Thunderbolt|p1a: Ting-Lu
|-immune|p1a: Ting-Lu
|
|-weather|Snowscape|[upkeep]
|upkeep
|turn|7
|
|t:|1758968297
|switch|p2a: Alomomola|Alomomola, F|100/100
|move|p1a: Ting-Lu|Stealth Rock|p2a: Alomomola
|-sidestart|p2: hbgjbhn|move: Stealth Rock
|
|-weather|none
|upkeep
|turn|8
|
|t:|1758968302
|move|p2a: Alomomola|Scald|p1a: Ting-Lu
|-supereffective|p1a: Ting-Lu
|-damage|p1a: Ting-Lu|84/100
|move|p1a: Ting-Lu|Spikes|p2a: Alomomola
|-sidestart|p2: hbgjbhn|Spikes
|
|-heal|p1a: Ting-Lu|90/100|[from] item: Leftovers
|upkeep
|turn|9
|
|t:|1758968309
|move|p2a: Alomomola|Scald|p1a: Ting-Lu
|-supereffective|p1a: Ting-Lu
|-damage|p1a: Ting-Lu|75/100
|move|p1a: Ting-Lu|Spikes|p2a: Alomomola
|-sidestart|p2: hbgjbhn|Spikes
|
|-heal|p1a: Ting-Lu|81/100|[from] item: Leftovers
|upkeep
|turn|10
|
|t:|1758968314
|move|p2a: Alomomola|Scald|p1a: Ting-Lu
|-supereffective|p1a: Ting-Lu
|-damage|p1a: Ting-Lu|65/100
|move|p1a: Ting-Lu|Spikes|p2a: Alomomola
|-sidestart|p2: hbgjbhn|Spikes
|
|-heal|p1a: Ting-Lu|71/100|[from] item: Leftovers
|upkeep
|turn|11
|
|t:|1758968317
|move|p2a: Alomomola|Scald|p1a: Ting-Lu
|-supereffective|p1a: Ting-Lu
|-damage|p1a: Ting-Lu|53/100
|move|p1a: Ting-Lu|Whirlwind|p2a: Alomomola
|drag|p2a: Scizor|Scizor, M, shiny|100/100
|-damage|p2a: Scizor|88/100|[from] Stealth Rock
|-damage|p2a: Scizor|63/100|[from] Spikes
|
|-heal|p1a: Ting-Lu|59/100|[from] item: Leftovers
|upkeep
|turn|12
|
|t:|1758968325
|switch|p1a: Zapdos|Zapdos|74/100
|move|p2a: Scizor|U-turn|p1a: Zapdos
|-resisted|p1a: Zapdos
|-damage|p1a: Zapdos|43/100
|
|t:|1758968329
|switch|p2a: Thundurus|Thundurus-Therian, M, shiny|100/100|[from] U-turn
|-damage|p2a: Thundurus|76/100|[from] Stealth Rock
|
|upkeep
|turn|13
|
|t:|1758968333
|move|p2a: Thundurus|U-turn|p1a: Zapdos
|-resisted|p1a: Zapdos
|-damage|p1a: Zapdos|35/100
|
|t:|1758968337
|switch|p2a: Slowking|Slowking-Galar, F|90/100 par|[from] U-turn
|move|p1a: Zapdos|Roost|p1a: Zapdos
|-heal|p1a: Zapdos|85/100
|-singleturn|p1a: Zapdos|move: Roost
|
|upkeep
|turn|14
|
|t:|1758968342
|move|p1a: Zapdos|Volt Switch|p2a: Slowking
|-damage|p2a: Slowking|73/100 par
|
|t:|1758968346
|switch|p1a: Ting-Lu|Ting-Lu|59/100|[from] Volt Switch
|-ability|p1a: Ting-Lu|Vessel of Ruin
|cant|p2a: Slowking|par
|
|-heal|p1a: Ting-Lu|65/100|[from] item: Leftovers
|upkeep
|turn|15
|
|t:|1758968355
|switch|p2a: Thundurus|Thundurus-Therian, M, shiny|76/100
|-damage|p2a: Thundurus|51/100|[from] Stealth Rock
|move|p1a: Ting-Lu|Whirlwind|p2a: Thundurus
|drag|p2a: Slowking|Slowking-Galar, F|100/100 par
|
|-heal|p1a: Ting-Lu|72/100|[from] item: Leftovers
|upkeep
|turn|16
|
|t:|1758968363
|move|p1a: Ting-Lu|Earthquake|p2a: Slowking
|-supereffective|p2a: Slowking
|-crit|p2a: Slowking
|-damage|p2a: Slowking|0 fnt
|faint|p2a: Slowking
|
|-heal|p1a: Ting-Lu|78/100|[from] item: Leftovers
|upkeep
|
|t:|1758968368
|switch|p2a: Scizor|Scizor, M, shiny|63/100
|-damage|p2a: Scizor|51/100|[from] Stealth Rock
|-damage|p2a: Scizor|26/100|[from] Spikes
|turn|17
|
|t:|1758968375
|switch|p1a: Zapdos|Zapdos|85/100
|move|p2a: Scizor|Close Combat|p1a: Zapdos
|-resisted|p1a: Zapdos
|-damage|p1a: Zapdos|48/100
|-unboost|p2a: Scizor|def|1
|-unboost|p2a: Scizor|spd|1
|
|upkeep
|turn|18
|
|t:|1758968383
|move|p1a: Zapdos|Roost|p1a: Zapdos
|-heal|p1a: Zapdos|98/100
|-singleturn|p1a: Zapdos|move: Roost
|move|p2a: Scizor|Close Combat|p1a: Zapdos
|-damage|p1a: Zapdos|28/100
|-unboost|p2a: Scizor|def|1
|-unboost|p2a: Scizor|spd|1
|
|upkeep
|turn|19
|
|t:|1758968389
|move|p1a: Zapdos|Volt Switch|p2a: Scizor
|-damage|p2a: Scizor|0 fnt
|faint|p2a: Scizor
|
|t:|1758968393
|switch|p1a: Ting-Lu|Ting-Lu|78/100|[from] Volt Switch
|-ability|p1a: Ting-Lu|Vessel of Ruin
|
|-heal|p1a: Ting-Lu|84/100|[from] item: Leftovers
|upkeep
|
|t:|1758968395
|switch|p2a: Garchomp|Garchomp, F, tera:Water|100/100
|-damage|p2a: Garchomp|88/100|[from] Stealth Rock
|-damage|p2a: Garchomp|63/100|[from] Spikes
|turn|20
|
|t:|1758968402
|move|p2a: Garchomp|Swords Dance|p2a: Garchomp
|-boost|p2a: Garchomp|atk|2
|move|p1a: Ting-Lu|Whirlwind|p2a: Garchomp
|drag|p2a: Alomomola|Alomomola, F|100/100
|
|-heal|p1a: Ting-Lu|90/100|[from] item: Leftovers
|upkeep
|turn|21
|
|t:|1758968407
|move|p2a: Alomomola|Scald|p1a: Ting-Lu
|-supereffective|p1a: Ting-Lu
|-damage|p1a: Ting-Lu|75/100
|move|p1a: Ting-Lu|Whirlwind|p2a: Alomomola
|drag|p2a: Weavile|Weavile, M|100/100
|-ability|p2a: Weavile|Pressure
|
|-heal|p1a: Ting-Lu|81/100|[from] item: Leftovers
|upkeep
|turn|22
|
|t:|1758968414
|move|p2a: Weavile|Triple Axel|p1a: Ting-Lu|[miss]
|-miss|p2a: Weavile|p1a: Ting-Lu
|move|p1a: Ting-Lu|Earthquake|p2a: Weavile
|-damage|p2a: Weavile|36/100
|
|-heal|p1a: Ting-Lu|87/100|[from] item: Leftovers
|upkeep
|turn|23
|
|t:|1758968419
|move|p2a: Weavile|Triple Axel|p1a: Ting-Lu
|-supereffective|p1a: Ting-Lu
|-damage|p1a: Ting-Lu|78/100
|-supereffective|p1a: Ting-Lu
|-damage|p1a: Ting-Lu|60/100
|-hitcount|p1a: Ting-Lu|2
|move|p1a: Ting-Lu|Earthquake|p2a: Weavile
|-damage|p2a: Weavile|0 fnt
|faint|p2a: Weavile
|
|-heal|p1a: Ting-Lu|66/100|[from] item: Leftovers
|upkeep
|
|t:|1758968427
|switch|p2a: Alomomola|Alomomola, F|100/100
|turn|24
|
|t:|1758968430
|move|p2a: Alomomola|Scald|p1a: Ting-Lu
|-supereffective|p1a: Ting-Lu
|-damage|p1a: Ting-Lu|51/100
|move|p1a: Ting-Lu|Whirlwind|p2a: Alomomola
|drag|p2a: Thundurus|Thundurus-Therian, M, shiny|51/100
|-damage|p2a: Thundurus|26/100|[from] Stealth Rock
|
|-heal|p1a: Ting-Lu|57/100|[from] item: Leftovers
|upkeep
|turn|25
|
|t:|1758968436
|move|p2a: Thundurus|U-turn|p1a: Ting-Lu
|-supereffective|p1a: Ting-Lu
|-damage|p1a: Ting-Lu|43/100
|
|t:|1758968438
|switch|p2a: Alomomola|Alomomola, F|100/100|[from] U-turn
|move|p1a: Ting-Lu|Whirlwind|p2a: Alomomola
|drag|p2a: Garchomp|Garchomp, F, tera:Water|63/100
|-damage|p2a: Garchomp|51/100|[from] Stealth Rock
|-damage|p2a: Garchomp|26/100|[from] Spikes
|
|-heal|p1a: Ting-Lu|49/100|[from] item: Leftovers
|upkeep
|turn|26
|
|t:|1758968446
|move|p2a: Garchomp|Scale Shot|p1a: Ting-Lu
|-damage|p1a: Ting-Lu|43/100
|-damage|p1a: Ting-Lu|37/100
|-damage|p1a: Ting-Lu|31/100
|-damage|p1a: Ting-Lu|26/100
|-damage|p1a: Ting-Lu|20/100
|-hitcount|p1a: Ting-Lu|5
|-unboost|p2a: Garchomp|def|1
|-boost|p2a: Garchomp|spe|1
|move|p1a: Ting-Lu|Whirlwind|p2a: Garchomp
|drag|p2a: Thundurus|Thundurus-Therian, M, shiny|26/100
|-damage|p2a: Thundurus|2/100|[from] Stealth Rock
|
|-heal|p1a: Ting-Lu|26/100|[from] item: Leftovers
|upkeep
|turn|27
|
|t:|1758968460
|move|p2a: Thundurus|Tera Blast|p1a: Ting-Lu
|-damage|p1a: Ting-Lu|0 fnt
|faint|p1a: Ting-Lu
|
|upkeep
|
|t:|1758968477
|switch|p1a: Jirachi|Jirachi|100/100
|turn|28
|
|t:|1758968486
|move|p2a: Thundurus|Tera Blast|p1a: Jirachi
|-resisted|p1a: Jirachi
|-damage|p1a: Jirachi|76/100
|move|p1a: Jirachi|Iron Head|p2a: Thundurus
|-resisted|p2a: Thundurus
|-damage|p2a: Thundurus|0 fnt
|faint|p2a: Thundurus
|
|-heal|p1a: Jirachi|82/100|[from] item: Leftovers
|upkeep
|
|t:|1758968491
|switch|p2a: Alomomola|Alomomola, F|100/100
|turn|29
|
|t:|1758968494
|move|p1a: Jirachi|Body Slam|p2a: Alomomola
|-damage|p2a: Alomomola|87/100
|-status|p2a: Alomomola|par
|cant|p2a: Alomomola|par
|
|-heal|p1a: Jirachi|89/100|[from] item: Leftovers
|upkeep
|turn|30
|
|t:|1758968500
|move|p1a: Jirachi|Substitute|p1a: Jirachi
|-start|p1a: Jirachi|Substitute
|-damage|p1a: Jirachi|64/100
|cant|p2a: Alomomola|par
|
|-heal|p1a: Jirachi|70/100|[from] item: Leftovers
|upkeep
|turn|31
|
|t:|1758968505
|move|p1a: Jirachi|Iron Head|p2a: Alomomola
|-resisted|p2a: Alomomola
|-damage|p2a: Alomomola|77/100 par
|cant|p2a: Alomomola|flinch
|
|-heal|p1a: Jirachi|76/100|[from] item: Leftovers
|upkeep
|turn|32
|
|t:|1758968510
|move|p1a: Jirachi|Iron Head|p2a: Alomomola
|-resisted|p2a: Alomomola
|-damage|p2a: Alomomola|69/100 par
|cant|p2a: Alomomola|flinch
|
|-heal|p1a: Jirachi|82/100|[from] item: Leftovers
|upkeep
|turn|33
|
|t:|1758968515
|move|p1a: Jirachi|Iron Head|p2a: Alomomola
|-resisted|p2a: Alomomola
|-damage|p2a: Alomomola|59/100 par
|cant|p2a: Alomomola|flinch
|
|-heal|p1a: Jirachi|88/100|[from] item: Leftovers
|upkeep
|turn|34
|
|t:|1758968519
|move|p1a: Jirachi|Iron Head|p2a: Alomomola
|-resisted|p2a: Alomomola
|-damage|p2a: Alomomola|51/100 par
|cant|p2a: Alomomola|flinch
|
|-heal|p1a: Jirachi|94/100|[from] item: Leftovers
|upkeep
|turn|35
|
|t:|1758968525
|move|p1a: Jirachi|Iron Head|p2a: Alomomola
|-resisted|p2a: Alomomola
|-damage|p2a: Alomomola|42/100 par
|cant|p2a: Alomomola|flinch
|
|-heal|p1a: Jirachi|100/100|[from] item: Leftovers
|upkeep
|turn|36
|
|t:|1758968530
|move|p1a: Jirachi|Iron Head|p2a: Alomomola
|-resisted|p2a: Alomomola
|-damage|p2a: Alomomola|33/100 par
|cant|p2a: Alomomola|flinch
|
|upkeep
|turn|37
|
|t:|1758968534
|move|p1a: Jirachi|Iron Head|p2a: Alomomola
|-resisted|p2a: Alomomola
|-damage|p2a: Alomomola|24/100 par
|cant|p2a: Alomomola|flinch
|
|upkeep
|turn|38
|
|t:|1758968538
|move|p1a: Jirachi|Iron Head|p2a: Alomomola
|-resisted|p2a: Alomomola
|-crit|p2a: Alomomola
|-damage|p2a: Alomomola|9/100 par
|cant|p2a: Alomomola|flinch
|
|upkeep
|turn|39
|
|t:|1758968546
|switch|p2a: Garchomp|Garchomp, F, tera:Water|26/100
|-damage|p2a: Garchomp|14/100|[from] Stealth Rock
|-damage|p2a: Garchomp|0 fnt|[from] Spikes
|faint|p2a: Garchomp
|move|p1a: Jirachi|Iron Head|p2: Garchomp|[notarget]
|-fail|p1a: Jirachi
|
|upkeep
|
|t:|1758968552
|switch|p2a: Alomomola|Alomomola, F|43/100 par
|turn|40
|
|t:|1758968556
|move|p1a: Jirachi|Iron Head|p2a: Alomomola
|-resisted|p2a: Alomomola
|-damage|p2a: Alomomola|34/100 par
|cant|p2a: Alomomola|flinch
|
|upkeep
|turn|41
|
|t:|1758968561
|move|p1a: Jirachi|Iron Head|p2a: Alomomola
|-resisted|p2a: Alomomola
|-damage|p2a: Alomomola|26/100 par
|cant|p2a: Alomomola|flinch
|
|upkeep
|turn|42
|
|t:|1758968566
|move|p1a: Jirachi|Iron Head|p2a: Alomomola
|-resisted|p2a: Alomomola
|-damage|p2a: Alomomola|17/100 par
|cant|p2a: Alomomola|flinch
|
|upkeep
|turn|43
|
|t:|1758968570
|move|p1a: Jirachi|Iron Head|p2a: Alomomola
|-resisted|p2a: Alomomola
|-damage|p2a: Alomomola|7/100 par
|cant|p2a: Alomomola|flinch
|
|upkeep
|turn|44
|
|t:|1758968576
|move|p1a: Jirachi|Iron Head|p2a: Alomomola
|-resisted|p2a: Alomomola
|-damage|p2a: Alomomola|0 fnt
|faint|p2a: Alomomola
|
|win|Yogogo123456
|raw|Yogogo123456's rating: 1129 &rarr; <strong>1153</strong><br />(+24 for winning)
|raw|hbgjbhn's rating: 1109 &rarr; <strong>1085</strong><br />(-24 for losing)
