|j|☆wittyphoshop
|j|☆showdex_tester
|t:|1758955691
|gametype|singles
|player|p1|wittyphoshop|cyclist-gen4|1403
|player|p2|showdex_tester|2|1419
|gen|9
|tier|[Gen 9] OU
|rated|
|rule|HP Percentage Mod: HP is shown in percentages
|rule|Endless Battle Clause: Forcing endless battles is banned
|rule|Species Clause: Limit one of each Pokémon
|rule|OHKO Clause: OHKO moves are banned
|rule|Evasion Items Clause: Evasion items are banned
|rule|Evasion Moves Clause: Evasion moves are banned
|rule|Evasion Abilities Clause: Evasion abilities are banned
|rule|Sleep Moves Clause: Sleep-inducing moves are banned
|clearpoke
|poke|p1|Zapdos|
|poke|p1|Meowscarada, F|
|poke|p1|Latias, F|
|poke|p1|Okidogi, M|
|poke|p1|Slowking-Galar, M|
|poke|p1|Great Tusk|
|poke|p2|Metagross|
|poke|p2|Forretress, F|
|poke|p2|Weezing-Galar, M|
|poke|p2|Hatterene, F|
|poke|p2|Pecharunt|
|poke|p2|Dragapult, F|
|teampreview
|
|t:|1758955709
|teamsize|p1|6
|teamsize|p2|6
|start
|switch|p1a: Zapdos|Zapdos|100/100
|switch|p2a: Metagross|Metagross|100/100
|turn|1
|
|t:|1758955721
|move|p1a: Zapdos|Heat Wave|p2a: Metagross|[miss]
|-miss|p1a: Zapdos|p2a: Metagross
|move|p2a: Metagross|Explosion|p1a: Zapdos
|-damage|p1a: Zapdos|0 fnt
|faint|p2a: Metagross
|faint|p1a: Zapdos
|
|upkeep
|
|t:|1758955740
|switch|p1a: Dr Teeth|Great Tusk|100/100
|switch|p2a: Weezing|Weezing-Galar, M|100/100
|-fieldstart|move: Misty Terrain|[from] ability: Misty Surge|[of] p2a: Weezing
|turn|2
|
|t:|1758955748
|move|p1a: Dr Teeth|Knock Off|p2a: Weezing
|-resisted|p2a: Weezing
|-damage|p2a: Weezing|87/100
|-enditem|p2a: Weezing|Focus Sash|[from] move: Knock Off|[of] p1a: Dr Teeth
|move|p2a: Weezing|Misty Explosion|p1a: Dr Teeth
|-supereffective|p1a: Dr Teeth
|-damage|p1a: Dr Teeth|0 fnt
|faint|p2a: Weezing
|faint|p1a: Dr Teeth
|-end|p1a: Dr Teeth|Protosynthesis|[silent]
|
|upkeep
|
|t:|1758955760
|switch|p1a: Unnecessary Biped|Meowscarada, F, shiny|100/100
|switch|p2a: Hatterene|Hatterene, F|100/100
|turn|3
|
|t:|1758955764
|move|p1a: Unnecessary Biped|U-turn|p2a: Hatterene
|-start|p1a: Unnecessary Biped|typechange|Bug|[from] ability: Protean
|-damage|p2a: Hatterene|67/100
|
|t:|1758955769
|switch|p1a: Hail to the king!|Slowking-Galar, M|100/100|[from] U-turn
|move|p2a: Hatterene|Misty Explosion|p1a: Hail to the king!
|-resisted|p1a: Hail to the king!
|-damage|p1a: Hail to the king!|76/100
|faint|p2a: Hatterene
|
|upkeep
|
|t:|1758955782
|switch|p2a: Forretress|Forretress, F|100/100
|turn|4
|
|t:|1758955790
|switch|p1a: Bad Dog|Okidogi, M|100/100
|move|p2a: Forretress|Stealth Rock|p1a: Bad Dog
|-sidestart|p1: wittyphoshop|move: Stealth Rock
|
|upkeep
|turn|5
|
|t:|1758955798
|move|p1a: Bad Dog|Bulk Up|p1a: Bad Dog
|-boost|p1a: Bad Dog|atk|1
|-boost|p1a: Bad Dog|def|1
|move|p2a: Forretress|Spikes|p1a: Bad Dog
|-sidestart|p1: wittyphoshop|Spikes
|
|upkeep
|turn|6
|j| mustang Dijon
|
|t:|1758955816
|move|p1a: Bad Dog|Bulk Up|p1a: Bad Dog
|-boost|p1a: Bad Dog|atk|1
|-boost|p1a: Bad Dog|def|1
|move|p2a: Forretress|Explosion|p1a: Bad Dog
|-damage|p1a: Bad Dog|79/100
|faint|p2a: Forretress
|
|-heal|p1a: Bad Dog|85/100|[from] item: Leftovers
|-fieldend|Misty Terrain
|upkeep
|
|t:|1758955833
|switch|p2a: Pecharunt|Pecharunt|100/100
|turn|7
|
|t:|1758955852
|-terastallize|p2a: Pecharunt|Poison
|move|p1a: Bad Dog|Knock Off|p2a: Pecharunt
|-damage|p2a: Pecharunt|67/100
|-enditem|p2a: Pecharunt|Leftovers|[from] move: Knock Off|[of] p1a: Bad Dog
|move|p2a: Pecharunt|Hex|p1a: Bad Dog
|-damage|p1a: Bad Dog|63/100
|
|-heal|p1a: Bad Dog|69/100|[from] item: Leftovers
|upkeep
|turn|8
|
|t:|1758955870
|move|p1a: Bad Dog|Bulk Up|p1a: Bad Dog
|-boost|p1a: Bad Dog|atk|1
|-boost|p1a: Bad Dog|def|1
|move|p2a: Pecharunt|Memento|p1a: Bad Dog
|-unboost|p1a: Bad Dog|atk|2
|-unboost|p1a: Bad Dog|spa|2
|faint|p2a: Pecharunt
|
|-heal|p1a: Bad Dog|75/100|[from] item: Leftovers
|upkeep
|
|t:|1758955872
|switch|p2a: Dragapult|Dragapult, F|100/100
|turn|9
|c|☆showdex_tester|gg
|
|t:|1758955884
|move|p2a: Dragapult|Dragon Darts|p1a: Bad Dog
|-damage|p1a: Bad Dog|67/100
|-anim|p2a: Dragapult|Dragon Darts|p1a: Bad Dog
|-damage|p1a: Bad Dog|59/100
|move|p1a: Bad Dog|Ice Punch|p2a: Dragapult
|-supereffective|p2a: Dragapult
|-damage|p2a: Dragapult|8/100
|-status|p2a: Dragapult|tox|[from] ability: Toxic Chain|[of] p1a: Bad Dog
|-enditem|p2a: Dragapult|Liechi Berry|[eat]
|-boost|p2a: Dragapult|atk|1|[from] item: Liechi Berry
|
|-heal|p1a: Bad Dog|65/100|[from] item: Leftovers
|-damage|p2a: Dragapult|2/100 tox|[from] psn
|upkeep
|turn|10
|
|t:|1758955889
|move|p2a: Dragapult|Dragon Darts|p1a: Bad Dog
|-damage|p1a: Bad Dog|54/100
|-anim|p2a: Dragapult|Dragon Darts|p1a: Bad Dog
|-damage|p1a: Bad Dog|41/100
|move|p1a: Bad Dog|Knock Off|p2a: Dragapult
|-supereffective|p2a: Dragapult
|-damage|p2a: Dragapult|0 fnt
|faint|p2a: Dragapult
|
|win|wittyphoshop
|raw|wittyphoshop's rating: 1403 &rarr; <strong>1424</strong><br />(+21 for winning)
|raw|showdex_tester's rating: 1419 &rarr; <strong>1398</strong><br />(-21 for losing)
|l|☆wittyphoshop
|player|p1|
|l|☆showdex_tester
|player|p2|
|j|☆showdex_tester
|player|p2|showdex_tester|2|
|l|☆showdex_tester
|player|p2|
|l| mustang Dijon
