|badge|p1|silver|gen9ou|30-6
|html|<div class="broadcast-red"><strong>This battle is required to be public due to one or more player having a season medal.</strong><br />During the public phase, you can discuss the state of the ladder <a href="/seasondiscussion">in a special chatroom.</a></div>
|uhtml|medal-msg|<div class="broadcast-blue">Curious what those medals under the avatar are? PS now has Ladder Seasons! For more information, check out the <a href="https://www.smogon.com/forums/threads/3740067/">thread on Smogon.</a></div>
|raw|<div class="broadcast-blue"><strong>This battle is required to be public due to a player having a name starting with 'medal'.</div>
|j|☆shikuleo
|j|☆worstsetsever
|t:|1758965784
|gametype|singles
|player|p1|shikuleo|pokekid|1906
|player|p2|worstsetsever|1|1627
|gen|9
|tier|[Gen 9] OU
|rated|
|rule|HP Percentage Mod: HP is shown in percentages
|rule|Endless Battle Clause: Forcing endless battles is banned
|rule|Species Clause: Limit one of each Pokémon
|rule|OHKO Clause: OHKO moves are banned
|rule|Evasion Items Clause: Evasion items are banned
|rule|Evasion Moves Clause: Evasion moves are banned
|rule|Evasion Abilities Clause: Evasion abilities are banned
|rule|Sleep Moves Clause: Sleep-inducing moves are banned
|clearpoke
|poke|p1|Dondozo, M|
|poke|p1|Great Tusk|
|poke|p1|Hydrapple, M|
|poke|p1|Kingambit, M|
|poke|p1|Slowking-Galar, M|
|poke|p1|Enamorus, F|
|poke|p2|Pelipper, F|
|poke|p2|Kingdra, M|
|poke|p2|Rillaboom, F|
|poke|p2|Hawlucha, M|
|poke|p2|Corviknight, M|
|poke|p2|Iron Treads|
|teampreview
|inactive|Battle timer is ON: inactive players will automatically lose when time's up. (requested by worstsetsever)
|
|t:|1758965812
|teamsize|p1|6
|teamsize|p2|6
|start
|switch|p1a: Behemoth|Great Tusk, shiny|100/100
|switch|p2a: Rillaboom|Rillaboom, F|100/100
|-fieldstart|move: Grassy Terrain|[from] ability: Grassy Surge|[of] p2a: Rillaboom
|turn|1
|
|t:|1758965816
|move|p1a: Behemoth|Ice Spinner|p2a: Rillaboom
|-supereffective|p2a: Rillaboom
|-damage|p2a: Rillaboom|41/100
|-fieldend|move: Grassy Terrain
|move|p2a: Rillaboom|Wood Hammer|p1a: Behemoth
|-supereffective|p1a: Behemoth
|-damage|p1a: Behemoth|0 fnt
|faint|p1a: Behemoth
|-end|p1a: Behemoth|Protosynthesis|[silent]
|-damage|p2a: Rillaboom|5/100|[from] Recoil
|
|upkeep
|
|t:|1758965821
|switch|p1a: Gin|Enamorus, F, shiny|100/100
|turn|2
|
|t:|1758965825
|switch|p2a: Corviknight|Corviknight, M|100/100
|-ability|p2a: Corviknight|Pressure
|move|p1a: Gin|Mystical Fire|p2a: Corviknight
|-supereffective|p2a: Corviknight
|-damage|p2a: Corviknight|56/100
|-unboost|p2a: Corviknight|spa|1
|
|-heal|p2a: Corviknight|63/100|[from] item: Leftovers
|upkeep
|turn|3
|
|t:|1758965831
|move|p1a: Gin|Mystical Fire|p2a: Corviknight
|-supereffective|p2a: Corviknight
|-crit|p2a: Corviknight
|-damage|p2a: Corviknight|1/100
|-unboost|p2a: Corviknight|spa|1
|move|p2a: Corviknight|Roost|p2a: Corviknight
|-heal|p2a: Corviknight|51/100
|-singleturn|p2a: Corviknight|move: Roost
|
|-heal|p2a: Corviknight|57/100|[from] item: Leftovers
|upkeep
|turn|4
|
|t:|1758965834
|move|p1a: Gin|Mystical Fire|p2a: Corviknight
|-supereffective|p2a: Corviknight
|-damage|p2a: Corviknight|15/100
|-unboost|p2a: Corviknight|spa|1
|move|p2a: Corviknight|Roost|p2a: Corviknight
|-heal|p2a: Corviknight|65/100
|-singleturn|p2a: Corviknight|move: Roost
|
|-heal|p2a: Corviknight|72/100|[from] item: Leftovers
|upkeep
|turn|5
|
|t:|1758965838
|switch|p1a: Leviathan|Hydrapple, M, shiny|100/100
|move|p2a: Corviknight|Roost|p2a: Corviknight
|-heal|p2a: Corviknight|100/100
|-singleturn|p2a: Corviknight|move: Roost
|
|upkeep
|turn|6
|
|t:|1758965842
|switch|p2a: Pelipper|Pelipper, F|100/100
|-weather|RainDance|[from] ability: Drizzle|[of] p2a: Pelipper
|switch|p1a: Mantra|Slowking-Galar, M, shiny|100/100
|
|-weather|RainDance|[upkeep]
|upkeep
|turn|7
|
|t:|1758965847
|move|p2a: Pelipper|U-turn|p1a: Mantra
|-damage|p1a: Mantra|92/100
|
|t:|1758965849
|switch|p2a: Iron Treads|Iron Treads|100/100|[from] U-turn
|move|p1a: Mantra|Future Sight|p2a: Iron Treads
|-start|p1a: Mantra|move: Future Sight
|
|-weather|RainDance|[upkeep]
|upkeep
|turn|8
|
|t:|1758965853
|switch|p1a: WRLD|Dondozo, M, shiny|100/100
|move|p2a: Iron Treads|Stealth Rock|p1a: WRLD
|-sidestart|p1: shikuleo|move: Stealth Rock
|
|-weather|RainDance|[upkeep]
|upkeep
|turn|9
|
|t:|1758965861
|-end|p2a: Iron Treads|Quark Drive|[silent]
|switch|p2a: Kingdra|Kingdra, M|100/100
|move|p1a: WRLD|Wave Crash|p2a: Kingdra
|-resisted|p2a: Kingdra
|-damage|p2a: Kingdra|82/100
|-damage|p1a: WRLD|97/100|[from] Recoil
|
|-weather|RainDance|[upkeep]
|-end|p2a: Kingdra|move: Future Sight
|-damage|p2a: Kingdra|2/100
|-heal|p1a: WRLD|100/100|[from] item: Leftovers
|upkeep
|turn|10
|
|t:|1758965879
|switch|p2a: Rillaboom|Rillaboom, F|5/100
|-fieldstart|move: Grassy Terrain|[from] ability: Grassy Surge|[of] p2a: Rillaboom
|move|p1a: WRLD|Protect||[still]
|-fail|p1a: WRLD
|
|-weather|RainDance|[upkeep]
|-heal|p2a: Rillaboom|12/100|[from] Grassy Terrain
|upkeep
|turn|11
|
|t:|1758965883
|switch|p1a: Leviathan|Hydrapple, M, shiny|100/100
|move|p2a: Rillaboom|Wood Hammer|p1a: Leviathan
|-resisted|p1a: Leviathan
|-damage|p1a: Leviathan|74/100
|-damage|p2a: Rillaboom|1/100|[from] Recoil
|
|-weather|RainDance|[upkeep]
|-heal|p2a: Rillaboom|7/100|[from] Grassy Terrain
|-heal|p1a: Leviathan|80/100|[from] Grassy Terrain
|upkeep
|turn|12
|
|t:|1758965894
|switch|p2a: Corviknight|Corviknight, M|100/100
|-ability|p2a: Corviknight|Pressure
|move|p1a: Leviathan|Draco Meteor|p2a: Corviknight|[miss]
|-miss|p1a: Leviathan|p2a: Corviknight
|
|-weather|RainDance|[upkeep]
|-heal|p1a: Leviathan|86/100|[from] Grassy Terrain
|upkeep
|turn|13
|
|t:|1758965899
|move|p2a: Corviknight|Iron Defense|p2a: Corviknight
|-boost|p2a: Corviknight|def|2
|move|p1a: Leviathan|Giga Drain|p2a: Corviknight
|-resisted|p2a: Corviknight
|-damage|p2a: Corviknight|91/100
|-heal|p1a: Leviathan|91/100|[from] drain|[of] p2a: Corviknight
|
|-weather|none
|-heal|p2a: Corviknight|98/100|[from] item: Leftovers
|-heal|p1a: Leviathan|97/100|[from] Grassy Terrain
|upkeep
|turn|14
|
|t:|1758965905
|switch|p1a: Mantra|Slowking-Galar, M, shiny|100/100
|-damage|p1a: Mantra|88/100|[from] Stealth Rock
|move|p2a: Corviknight|Brave Bird|p1a: Mantra
|-damage|p1a: Mantra|47/100
|-damage|p2a: Corviknight|84/100|[from] Recoil
|
|-heal|p2a: Corviknight|91/100|[from] item: Leftovers
|-heal|p1a: Mantra|53/100|[from] Grassy Terrain
|-fieldend|move: Grassy Terrain
|upkeep
|turn|15
|
|t:|1758965911
|move|p2a: Corviknight|Brave Bird|p1a: Mantra
|-damage|p1a: Mantra|17/100
|-damage|p2a: Corviknight|79/100|[from] Recoil
|move|p1a: Mantra|Flamethrower|p2a: Corviknight
|-supereffective|p2a: Corviknight
|-damage|p2a: Corviknight|34/100
|
|-heal|p2a: Corviknight|41/100|[from] item: Leftovers
|upkeep
|turn|16
|
|t:|1758965917
|switch|p1a: WRLD|Dondozo, M, shiny|100/100
|-damage|p1a: WRLD|88/100|[from] Stealth Rock
|move|p2a: Corviknight|Roost|p2a: Corviknight
|-heal|p2a: Corviknight|91/100
|-singleturn|p2a: Corviknight|move: Roost
|
|-heal|p2a: Corviknight|97/100|[from] item: Leftovers
|-heal|p1a: WRLD|94/100|[from] item: Leftovers
|upkeep
|turn|17
|
|t:|1758965921
|switch|p2a: Pelipper|Pelipper, F|100/100
|-weather|RainDance|[from] ability: Drizzle|[of] p2a: Pelipper
|move|p1a: WRLD|Curse|p1a: WRLD
|-unboost|p1a: WRLD|spe|1
|-boost|p1a: WRLD|atk|1
|-boost|p1a: WRLD|def|1
|
|-weather|RainDance|[upkeep]
|-heal|p1a: WRLD|100/100|[from] item: Leftovers
|upkeep
|turn|18
|
|t:|1758965929
|move|p1a: WRLD|Protect|p1a: WRLD
|-singleturn|p1a: WRLD|Protect
|move|p2a: Pelipper|Hurricane|p1a: WRLD
|-activate|p1a: WRLD|move: Protect
|
|-weather|RainDance|[upkeep]
|upkeep
|turn|19
|
|t:|1758965932
|move|p2a: Pelipper|Hurricane|p1a: WRLD
|-damage|p1a: WRLD|76/100
|move|p1a: WRLD|Wave Crash|p2a: Pelipper
|-resisted|p2a: Pelipper
|-damage|p2a: Pelipper|65/100
|-damage|p1a: WRLD|68/100|[from] Recoil
|
|-weather|RainDance|[upkeep]
|-heal|p1a: WRLD|74/100|[from] item: Leftovers
|upkeep
|turn|20
|
|t:|1758965938
|move|p2a: Pelipper|Hurricane|p1a: WRLD
|-damage|p1a: WRLD|49/100
|move|p1a: WRLD|Wave Crash|p2a: Pelipper
|-resisted|p2a: Pelipper
|-damage|p2a: Pelipper|30/100
|-damage|p1a: WRLD|41/100|[from] Recoil
|
|-weather|RainDance|[upkeep]
|-heal|p1a: WRLD|47/100|[from] item: Leftovers
|upkeep
|turn|21
|
|t:|1758965943
|move|p2a: Pelipper|Roost|p2a: Pelipper
|-heal|p2a: Pelipper|80/100
|-singleturn|p2a: Pelipper|move: Roost
|move|p1a: WRLD|Wave Crash|p2a: Pelipper
|-resisted|p2a: Pelipper
|-damage|p2a: Pelipper|44/100
|-damage|p1a: WRLD|39/100|[from] Recoil
|
|-weather|RainDance|[upkeep]
|-heal|p1a: WRLD|46/100|[from] item: Leftovers
|upkeep
|turn|22
|
|t:|1758965947
|move|p2a: Pelipper|Hurricane|p1a: WRLD
|-damage|p1a: WRLD|22/100
|move|p1a: WRLD|Wave Crash|p2a: Pelipper
|-resisted|p2a: Pelipper
|-damage|p2a: Pelipper|7/100
|-damage|p1a: WRLD|14/100|[from] Recoil
|
|-weather|RainDance|[upkeep]
|-heal|p1a: WRLD|20/100|[from] item: Leftovers
|upkeep
|turn|23
|
|t:|1758965957
|switch|p1a: Overgod|Kingambit, M, shiny|100/100
|-damage|p1a: Overgod|94/100|[from] Stealth Rock
|-activate|p1a: Overgod|ability: Supreme Overlord
|-start|p1a: Overgod|fallen1|[silent]
|move|p2a: Pelipper|Hurricane|p1a: Overgod
|-resisted|p1a: Overgod
|-damage|p1a: Overgod|76/100
|
|-weather|RainDance|[upkeep]
|upkeep
|turn|24
|
|t:|1758965963
|move|p2a: Pelipper|Roost|p2a: Pelipper
|-heal|p2a: Pelipper|57/100
|-singleturn|p2a: Pelipper|move: Roost
|move|p1a: Overgod|Kowtow Cleave|p2a: Pelipper
|-damage|p2a: Pelipper|4/100
|
|-weather|none
|upkeep
|turn|25
|j| larp legion
|
|t:|1758965986
|move|p2a: Pelipper|Roost|p2a: Pelipper
|-heal|p2a: Pelipper|54/100
|-singleturn|p2a: Pelipper|move: Roost
|move|p1a: Overgod|Kowtow Cleave|p2a: Pelipper
|-damage|p2a: Pelipper|7/100
|
|upkeep
|turn|26
|
|t:|1758965995
|-terastallize|p1a: Overgod|Dark
|move|p2a: Pelipper|Surf|p1a: Overgod
|-damage|p1a: Overgod|45/100
|move|p1a: Overgod|Kowtow Cleave|p2a: Pelipper
|-damage|p2a: Pelipper|0 fnt
|faint|p2a: Pelipper
|
|upkeep
|
|t:|1758966007
|switch|p2a: Corviknight|Corviknight, M|97/100
|-ability|p2a: Corviknight|Pressure
|turn|27
|
|t:|1758966011
|move|p2a: Corviknight|Body Press|p1a: Overgod
|-supereffective|p1a: Overgod
|-damage|p1a: Overgod|20/100
|move|p1a: Overgod|Kowtow Cleave|p2a: Corviknight
|-damage|p2a: Corviknight|26/100
|
|-heal|p2a: Corviknight|33/100|[from] item: Leftovers
|upkeep
|turn|28
|
|t:|1758966029
|switch|p2a: Rillaboom|Rillaboom, F|7/100
|-fieldstart|move: Grassy Terrain|[from] ability: Grassy Surge|[of] p2a: Rillaboom
|move|p1a: Overgod|Kowtow Cleave|p2a: Rillaboom
|-damage|p2a: Rillaboom|0 fnt
|faint|p2a: Rillaboom
|
|-heal|p1a: Overgod|26/100|[from] Grassy Terrain
|upkeep
|
|t:|1758966032
|switch|p2a: Hawlucha|Hawlucha, M|100/100
|-enditem|p2a: Hawlucha|Grassy Seed
|-boost|p2a: Hawlucha|def|1|[from] item: Grassy Seed
|turn|29
|
|t:|1758966036
|move|p2a: Hawlucha|Swords Dance|p2a: Hawlucha
|-boost|p2a: Hawlucha|atk|2
|move|p1a: Overgod|Iron Head|p2a: Hawlucha
|-damage|p2a: Hawlucha|49/100
|
|-heal|p1a: Overgod|32/100|[from] Grassy Terrain
|upkeep
|turn|30
|
|t:|1758966049
|-end|p1a: Overgod|fallen1|[silent]
|switch|p1a: Mantra|Slowking-Galar, M, shiny|51/100
|-damage|p1a: Mantra|38/100|[from] Stealth Rock
|move|p2a: Hawlucha|Roost|p2a: Hawlucha
|-heal|p2a: Hawlucha|99/100
|-singleturn|p2a: Hawlucha|move: Roost
|
|-heal|p2a: Hawlucha|100/100|[from] Grassy Terrain
|-heal|p1a: Mantra|44/100|[from] Grassy Terrain
|upkeep
|turn|31
|
|t:|1758966053
|move|p2a: Hawlucha|Acrobatics|p1a: Mantra
|-damage|p1a: Mantra|0 fnt
|faint|p1a: Mantra
|
|upkeep
|
|t:|1758966055
|switch|p1a: WRLD|Dondozo, M, shiny|20/100
|-damage|p1a: WRLD|7/100|[from] Stealth Rock
|turn|32
|
|t:|1758966057
|move|p1a: WRLD|Protect|p1a: WRLD
|-singleturn|p1a: WRLD|Protect
|move|p2a: Hawlucha|Acrobatics|p1a: WRLD
|-activate|p1a: WRLD|move: Protect
|
|-heal|p1a: WRLD|14/100|[from] Grassy Terrain
|-heal|p1a: WRLD|20/100|[from] item: Leftovers
|-fieldend|move: Grassy Terrain
|upkeep
|turn|33
|
|t:|1758966061
|move|p1a: WRLD|Protect||[still]
|-fail|p1a: WRLD
|move|p2a: Hawlucha|Acrobatics|p1a: WRLD
|-damage|p1a: WRLD|0 fnt
|faint|p1a: WRLD
|
|upkeep
|
|t:|1758966064
|switch|p1a: Gin|Enamorus, F, shiny|100/100
|-damage|p1a: Gin|76/100|[from] Stealth Rock
|turn|34
|
|t:|1758966066
|move|p2a: Hawlucha|Acrobatics|p1a: Gin
|-damage|p1a: Gin|0 fnt
|faint|p1a: Gin
|
|upkeep
|-message|shikuleo forfeited.
|
|win|worstsetsever
|raw|shikuleo's rating: 1906 &rarr; <strong>1873</strong><br />(-33 for losing)
|raw|worstsetsever's rating: 1627 &rarr; <strong>1660</strong><br />(+33 for winning)
|l|☆shikuleo
|player|p1|
|l|☆worstsetsever
|player|p2|
|j| ough bliss
|l| ough bliss
|l| larp legion
