|j|☆Lucyboy808
|j|☆koudaimiZo
|t:|1758977942
|gametype|singles
|player|p1|Lucyboy808|1|1206
|player|p2|koudaimiZo|brendan|1164
|gen|9
|tier|[Gen 9] OU
|rated|
|rule|HP Percentage Mod: HP is shown in percentages
|rule|Endless Battle Clause: Forcing endless battles is banned
|rule|Species Clause: Limit one of each Pokémon
|rule|OHKO Clause: OHKO moves are banned
|rule|Evasion Items Clause: Evasion items are banned
|rule|Evasion Moves Clause: Evasion moves are banned
|rule|Evasion Abilities Clause: Evasion abilities are banned
|rule|Sleep Moves Clause: Sleep-inducing moves are banned
|clearpoke
|poke|p1|Ceruledge, F|
|poke|p1|Garchomp, F|
|poke|p1|Great Tusk|
|poke|p1|Rotom-Wash|
|poke|p1|Serperior, F|
|poke|p1|Galvantula, M|
|poke|p2|Dragapult, F|
|poke|p2|Great Tusk|
|poke|p2|Charizard, F|
|poke|p2|Corviknight, F|
|poke|p2|Raging Bolt|
|poke|p2|Landorus-Therian, M|
|teampreview
|inactive|Battle timer is ON: inactive players will automatically lose when time's up. (requested by Lucyboy808)
|
|t:|1758977956
|teamsize|p1|6
|teamsize|p2|6
|start
|switch|p1a: Garchomp|Garchomp, F|100/100
|switch|p2a: Charizard|Charizard, F, shiny|100/100
|turn|1
|
|t:|1758977965
|move|p1a: Garchomp|Stealth Rock|p2a: Charizard
|-sidestart|p2: koudaimiZo|move: Stealth Rock
|move|p2a: Charizard|Will-O-Wisp|p1a: Garchomp
|-status|p1a: Garchomp|brn
|
|-damage|p1a: Garchomp|94/100 brn|[from] brn
|upkeep
|turn|2
|
|t:|1758977977
|move|p1a: Garchomp|Poison Jab|p2a: Charizard
|-damage|p2a: Charizard|85/100
|-status|p2a: Charizard|psn
|move|p2a: Charizard|Sunny Day|p2a: Charizard
|-weather|SunnyDay
|
|-weather|SunnyDay|[upkeep]
|-damage|p2a: Charizard|73/100 psn|[from] psn
|-damage|p1a: Garchomp|88/100 brn|[from] brn
|upkeep
|turn|3
|
|t:|1758977987
|move|p1a: Garchomp|Poison Jab|p2a: Charizard
|-damage|p2a: Charizard|56/100 psn
|move|p2a: Charizard|Earthquake|p1a: Garchomp
|-damage|p1a: Garchomp|68/100 brn
|
|-weather|SunnyDay|[upkeep]
|-damage|p2a: Charizard|44/100 psn|[from] psn
|-damage|p1a: Garchomp|62/100 brn|[from] brn
|upkeep
|turn|4
|
|t:|1758977999
|switch|p2a: Corviknight|Corviknight, F, shiny|100/100
|-damage|p2a: Corviknight|88/100|[from] Stealth Rock
|-ability|p2a: Corviknight|Pressure
|move|p1a: Garchomp|Poison Jab|p2a: Corviknight
|-immune|p2a: Corviknight
|
|-weather|SunnyDay|[upkeep]
|-damage|p1a: Garchomp|56/100 brn|[from] brn
|upkeep
|turn|5
|
|t:|1758978019
|switch|p1a: Galvantula|Galvantula, M|100/100
|move|p2a: Corviknight|Defog|p1a: Galvantula
|-unboost|p1a: Galvantula|evasion|1
|-sideend|p2: koudaimiZo|Stealth Rock|[from] move: Defog|[of] p2a: Corviknight
|
|-weather|SunnyDay|[upkeep]
|upkeep
|turn|6
|
|t:|1758978035
|switch|p2a: Great Tusk|Great Tusk|100/100
|-activate|p2a: Great Tusk|ability: Protosynthesis
|-start|p2a: Great Tusk|protosynthesisspe
|-terastallize|p1a: Galvantula|Fire
|move|p1a: Galvantula|Tera Blast|p2a: Great Tusk|[anim] Tera Blast Fire
|-damage|p2a: Great Tusk|29/100
|
|-weather|none
|-end|p2a: Great Tusk|Protosynthesis
|-heal|p2a: Great Tusk|35/100|[from] item: Leftovers
|upkeep
|turn|7
|
|t:|1758978050
|move|p1a: Galvantula|Tera Blast|p2a: Great Tusk|[anim] Tera Blast Fire
|-damage|p2a: Great Tusk|0 fnt
|faint|p2a: Great Tusk
|-end|p2a: Great Tusk|Protosynthesis|[silent]
|
|upkeep
|
|t:|1758978057
|switch|p2a: Landorus|Landorus-Therian, M|100/100
|-ability|p2a: Landorus|Intimidate|boost
|-unboost|p1a: Galvantula|atk|1
|turn|8
|
|t:|1758978064
|move|p1a: Galvantula|Tera Blast|p2a: Landorus|[anim] Tera Blast Fire
|-damage|p2a: Landorus|64/100
|move|p2a: Landorus|Earthquake|p1a: Galvantula
|-supereffective|p1a: Galvantula
|-enditem|p1a: Galvantula|Focus Sash
|-damage|p1a: Galvantula|1/100
|
|upkeep
|turn|9
|
|t:|1758978087
|move|p1a: Galvantula|Tera Blast|p2a: Landorus|[anim] Tera Blast Fire
|-damage|p2a: Landorus|27/100
|move|p2a: Landorus|Stealth Rock|p1a: Galvantula
|-sidestart|p1: Lucyboy808|move: Stealth Rock
|
|upkeep
|turn|10
|
|t:|1758978095
|move|p1a: Galvantula|Tera Blast|p2a: Landorus|[anim] Tera Blast Fire
|-damage|p2a: Landorus|0 fnt
|faint|p2a: Landorus
|
|upkeep
|
|t:|1758978103
|switch|p2a: Charizard|Charizard, F, shiny|44/100 psn
|turn|11
|
|t:|1758978109
|move|p1a: Galvantula|Volt Switch|p2a: Charizard
|-supereffective|p2a: Charizard
|-damage|p2a: Charizard|0 fnt
|faint|p2a: Charizard
|
|t:|1758978115
|switch|p1a: Great Tusk|Great Tusk|100/100|[from] Volt Switch
|-damage|p1a: Great Tusk|98/100|[from] Stealth Rock
|-enditem|p1a: Great Tusk|Booster Energy
|-activate|p1a: Great Tusk|ability: Protosynthesis|[fromitem]
|-start|p1a: Great Tusk|protosynthesisatk
|
|upkeep
|
|t:|1758978124
|switch|p2a: Dragapult|Dragapult, F|100/100
|turn|12
|
|t:|1758978132
|-terastallize|p2a: Dragapult|Dragon
|move|p2a: Dragapult|Draco Meteor|p1a: Great Tusk
|-damage|p1a: Great Tusk|0 fnt
|-unboost|p2a: Dragapult|spa|2
|faint|p1a: Great Tusk
|-end|p1a: Great Tusk|Protosynthesis|[silent]
|
|upkeep
|
|t:|1758978141
|switch|p1a: Galvantula|Galvantula, M, tera:Fire|1/100
|-damage|p1a: Galvantula|0 fnt|[from] Stealth Rock
|faint|p1a: Galvantula
|c|☆koudaimiZo|我新手
|
|t:|1758978166
|switch|p1a: Garchomp|Garchomp, F|56/100 brn
|-damage|p1a: Garchomp|50/100 brn|[from] Stealth Rock
|turn|13
|
|t:|1758978180
|switch|p2a: Corviknight|Corviknight, F, shiny|88/100
|-ability|p2a: Corviknight|Pressure
|move|p1a: Garchomp|Earthquake|p2a: Corviknight
|-immune|p2a: Corviknight
|
|-damage|p1a: Garchomp|44/100 brn|[from] brn
|upkeep
|turn|14
|
|t:|1758978192
|move|p1a: Garchomp|Stealth Rock|p2a: Corviknight
|-sidestart|p2: koudaimiZo|move: Stealth Rock
|move|p2a: Corviknight|Body Press|p1a: Garchomp
|-damage|p1a: Garchomp|18/100 brn
|-damage|p2a: Corviknight|76/100|[from] ability: Rough Skin|[of] p1a: Garchomp
|-damage|p2a: Corviknight|59/100|[from] item: Rocky Helmet|[of] p1a: Garchomp
|
|-damage|p1a: Garchomp|12/100 brn|[from] brn
|upkeep
|turn|15
|
|t:|1758978209
|switch|p1a: Rotom|Rotom-Wash|100/100
|-damage|p1a: Rotom|88/100|[from] Stealth Rock
|move|p2a: Corviknight|Body Press|p1a: Rotom
|-damage|p1a: Rotom|58/100
|
|-heal|p1a: Rotom|64/100|[from] item: Leftovers
|upkeep
|turn|16
|
|t:|1758978222
|switch|p2a: Raging Bolt|Raging Bolt|100/100
|-damage|p2a: Raging Bolt|88/100|[from] Stealth Rock
|-enditem|p2a: Raging Bolt|Booster Energy
|-activate|p2a: Raging Bolt|ability: Protosynthesis|[fromitem]
|-start|p2a: Raging Bolt|protosynthesisspa
|move|p1a: Rotom|Will-O-Wisp|p2a: Raging Bolt
|-status|p2a: Raging Bolt|brn
|
|-heal|p1a: Rotom|70/100|[from] item: Leftovers
|-damage|p2a: Raging Bolt|82/100 brn|[from] brn
|upkeep
|turn|17
|
|t:|1758978240
|move|p1a: Rotom|Shadow Ball|p2a: Raging Bolt
|-damage|p2a: Raging Bolt|64/100 brn
|move|p2a: Raging Bolt|Calm Mind|p2a: Raging Bolt
|-boost|p2a: Raging Bolt|spa|1
|-boost|p2a: Raging Bolt|spd|1
|
|-heal|p1a: Rotom|76/100|[from] item: Leftovers
|-damage|p2a: Raging Bolt|58/100 brn|[from] brn
|upkeep
|turn|18
|inactive|Lucyboy808 has 120 seconds left.
|
|t:|1758978259
|move|p1a: Rotom|Volt Switch|p2a: Raging Bolt
|-resisted|p2a: Raging Bolt
|-damage|p2a: Raging Bolt|54/100 brn
|
|t:|1758978262
|switch|p1a: Garchomp|Garchomp, F|12/100 brn|[from] Volt Switch
|-damage|p1a: Garchomp|6/100 brn|[from] Stealth Rock
|move|p2a: Raging Bolt|Dragon Pulse|p1a: Garchomp
|-supereffective|p1a: Garchomp
|-damage|p1a: Garchomp|0 fnt
|faint|p1a: Garchomp
|
|-damage|p2a: Raging Bolt|48/100 brn|[from] brn
|upkeep
|inactive|Lucyboy808 has 120 seconds left.
|
|t:|1758978277
|switch|p1a: Serperior|Serperior, F|100/100
|-damage|p1a: Serperior|88/100|[from] Stealth Rock
|turn|19
|
|t:|1758978285
|move|p1a: Serperior|Dragon Pulse|p2a: Raging Bolt
|-supereffective|p2a: Raging Bolt
|-damage|p2a: Raging Bolt|27/100 brn
|move|p2a: Raging Bolt|Dragon Pulse|p1a: Serperior
|-damage|p1a: Serperior|0 fnt
|faint|p1a: Serperior
|
|-damage|p2a: Raging Bolt|21/100 brn|[from] brn
|upkeep
|inactive|Lucyboy808 has 120 seconds left.
|
|t:|1758978302
|switch|p1a: Ceruledge|Ceruledge, F|100/100
|-damage|p1a: Ceruledge|75/100|[from] Stealth Rock
|turn|20
|c|☆koudaimiZo|gg
|
|t:|1758978308
|move|p1a: Ceruledge|Shadow Sneak|p2a: Raging Bolt
|-damage|p2a: Raging Bolt|1/100 brn
|move|p2a: Raging Bolt|Thunderclap||[still]
|-fail|p2a: Raging Bolt
|
|-damage|p2a: Raging Bolt|0 fnt|[from] brn
|faint|p2a: Raging Bolt
|-end|p2a: Raging Bolt|Protosynthesis|[silent]
|upkeep
|
|t:|1758978317
|switch|p2a: Corviknight|Corviknight, F, shiny|59/100
|-damage|p2a: Corviknight|47/100|[from] Stealth Rock
|-ability|p2a: Corviknight|Pressure
|turn|21
|
|t:|1758978324
|move|p1a: Ceruledge|Bitter Blade|p2a: Corviknight
|-supereffective|p2a: Corviknight
|-damage|p2a: Corviknight|0 fnt
|-heal|p1a: Ceruledge|100/100|[from] drain|[of] p2a: Corviknight
|-damage|p1a: Ceruledge|84/100|[from] item: Rocky Helmet|[of] p2a: Corviknight
|faint|p2a: Corviknight
|
|upkeep
|
|t:|1758978332
|switch|p2a: Dragapult|Dragapult, F, tera:Dragon|100/100
|-damage|p2a: Dragapult|88/100|[from] Stealth Rock
|turn|22
|
|t:|1758978342
|move|p1a: Ceruledge|Shadow Sneak|p2a: Dragapult
|-damage|p2a: Dragapult|58/100
|move|p2a: Dragapult|Shadow Ball|p1a: Ceruledge
|-supereffective|p1a: Ceruledge
|-damage|p1a: Ceruledge|0 fnt
|faint|p1a: Ceruledge
|
|upkeep
|
|t:|1758978349
|switch|p1a: Rotom|Rotom-Wash|76/100
|-damage|p1a: Rotom|64/100|[from] Stealth Rock
|turn|23
|
|t:|1758978357
|move|p2a: Dragapult|Shadow Ball|p1a: Rotom
|-damage|p1a: Rotom|4/100
|move|p1a: Rotom|Hydro Pump|p2a: Dragapult|[miss]
|-miss|p1a: Rotom|p2a: Dragapult
|
|-heal|p1a: Rotom|10/100|[from] item: Leftovers
|upkeep
|turn|24
|-message|Lucyboy808 forfeited.
|
|win|koudaimiZo
|raw|Lucyboy808's rating: 1206 &rarr; <strong>1178</strong><br />(-28 for losing)
|raw|koudaimiZo's rating: 1164 &rarr; <strong>1192</strong><br />(+28 for winning)
|l|☆Lucyboy808
|player|p1|
