|j|☆WetWaterTypes
|j|☆sowola
|t:|1758981300
|gametype|singles
|player|p1|WetWaterTypes|yellow|1343
|player|p2|sowola|101|1282
|gen|9
|tier|[Gen 9] OU
|rated|
|rule|HP Percentage Mod: HP is shown in percentages
|rule|Endless Battle Clause: Forcing endless battles is banned
|rule|Species Clause: Limit one of each Pokémon
|rule|OHKO Clause: OHKO moves are banned
|rule|Evasion Items Clause: Evasion items are banned
|rule|Evasion Moves Clause: Evasion moves are banned
|rule|Evasion Abilities Clause: Evasion abilities are banned
|rule|Sleep Moves Clause: Sleep-inducing moves are banned
|clearpoke
|poke|p1|Bruxish, F|
|poke|p1|Alomomola, F|
|poke|p1|Pecharunt|
|poke|p1|Iron Treads|
|poke|p1|Meowscarada, F|
|poke|p1|Darkrai|
|poke|p2|Moltres-Galar|
|poke|p2|Skeledirge, F|
|poke|p2|Glimmora, M|
|poke|p2|Ursaring, M|
|poke|p2|Zamazenta-*|
|poke|p2|Blastoise, F|
|teampreview
|c|☆WetWaterTypes|Sick team
|inactive|Battle timer is ON: inactive players will automatically lose when time's up. (requested by WetWaterTypes)
|
|t:|1758981337
|teamsize|p1|6
|teamsize|p2|6
|start
|switch|p1a: Bruxish|Bruxish, F|100/100
|switch|p2a: Blastoise|Blastoise, F|100/100
|turn|1
|
|t:|1758981348
|move|p1a: Bruxish|Flip Turn|p2a: Blastoise
|-resisted|p2a: Blastoise
|-damage|p2a: Blastoise|85/100
|
|t:|1758981351
|switch|p1a: Alomomola|Alomomola, F|100/100|[from] Flip Turn
|move|p2a: Blastoise|Shell Smash|p2a: Blastoise
|-unboost|p2a: Blastoise|def|1
|-unboost|p2a: Blastoise|spd|1
|-boost|p2a: Blastoise|atk|2
|-boost|p2a: Blastoise|spa|2
|-boost|p2a: Blastoise|spe|2
|-enditem|p2a: Blastoise|White Herb
|-clearnegativeboost|p2a: Blastoise|[silent]
|
|upkeep
|turn|2
|
|t:|1758981364
|move|p2a: Blastoise|Aura Sphere|p1a: Alomomola
|-damage|p1a: Alomomola|85/100
|move|p1a: Alomomola|Mirror Coat|p2a: Blastoise
|-damage|p2a: Blastoise|39/100
|
|upkeep
|turn|3
|
|t:|1758981376
|switch|p2a: Ursaring|Ursaring, M, shiny|100/100
|move|p1a: Alomomola|Body Slam|p2a: Ursaring
|-damage|p2a: Ursaring|90/100
|
|upkeep
|turn|4
|
|t:|1758981384
|switch|p1a: Pecharunt|Pecharunt|100/100
|move|p2a: Ursaring|Bulk Up|p2a: Ursaring
|-boost|p2a: Ursaring|atk|1
|-boost|p2a: Ursaring|def|1
|
|upkeep
|turn|5
|
|t:|1758981390
|move|p1a: Pecharunt|Malignant Chain|p2a: Ursaring
|-damage|p2a: Ursaring|72/100
|-status|p2a: Ursaring|tox
|-start|p2a: Ursaring|confusion|[from] ability: Poison Puppeteer|[of] p1a: Pecharunt
|-activate|p2a: Ursaring|confusion
|move|p2a: Ursaring|Bulk Up|p2a: Ursaring
|-boost|p2a: Ursaring|atk|1
|-boost|p2a: Ursaring|def|1
|
|-damage|p2a: Ursaring|66/100 tox|[from] psn
|upkeep
|turn|6
|
|t:|1758981401
|move|p1a: Pecharunt|Parting Shot|p2a: Ursaring
|-unboost|p2a: Ursaring|atk|1
|-unboost|p2a: Ursaring|spa|1
|
|t:|1758981403
|switch|p1a: Meowscarada|Meowscarada, F|100/100|[from] Parting Shot
|-activate|p2a: Ursaring|confusion
|-damage|p2a: Ursaring|58/100 tox|[from] confusion
|
|-damage|p2a: Ursaring|45/100 tox|[from] psn
|upkeep
|turn|7
|
|t:|1758981410
|move|p1a: Meowscarada|U-turn|p2a: Ursaring
|-start|p1a: Meowscarada|typechange|Bug|[from] ability: Protean
|-damage|p2a: Ursaring|30/100 tox
|
|t:|1758981415
|switch|p1a: Pecharunt|Pecharunt|100/100|[from] U-turn
|-end|p2a: Ursaring|confusion
|move|p2a: Ursaring|Play Rough|p1a: Pecharunt
|-resisted|p1a: Pecharunt
|-damage|p1a: Pecharunt|87/100
|
|-damage|p2a: Ursaring|11/100 tox|[from] psn
|upkeep
|turn|8
|
|t:|1758981425
|move|p1a: Pecharunt|Malignant Chain|p2a: Ursaring
|-damage|p2a: Ursaring|0 fnt
|faint|p2a: Ursaring
|
|upkeep
|
|t:|1758981437
|switch|p2a: Moltres|Moltres-Galar, shiny|100/100
|turn|9
|
|t:|1758981443
|move|p1a: Pecharunt|Parting Shot|p2a: Moltres
|-unboost|p2a: Moltres|atk|1
|-unboost|p2a: Moltres|spa|1
|
|t:|1758981445
|switch|p1a: Alomomola|Alomomola, F|100/100|[from] Parting Shot
|move|p2a: Moltres|Nasty Plot|p2a: Moltres
|-boost|p2a: Moltres|spa|2
|
|upkeep
|turn|10
|
|t:|1758981451
|move|p2a: Moltres|Nasty Plot|p2a: Moltres
|-boost|p2a: Moltres|spa|2
|move|p1a: Alomomola|Flip Turn|p2a: Moltres
|-damage|p2a: Moltres|86/100
|
|t:|1758981459
|switch|p1a: Meowscarada|Meowscarada, F|100/100|[from] Flip Turn
|
|-heal|p2a: Moltres|93/100|[from] item: Leftovers
|upkeep
|turn|11
|
|t:|1758981464
|move|p1a: Meowscarada|Triple Axel|p2a: Moltres
|-start|p1a: Meowscarada|typechange|Ice|[from] ability: Protean
|-supereffective|p2a: Moltres
|-damage|p2a: Moltres|72/100
|-supereffective|p2a: Moltres
|-damage|p2a: Moltres|27/100
|-supereffective|p2a: Moltres
|-damage|p2a: Moltres|0 fnt
|faint|p2a: Moltres
|-hitcount|p2: Moltres|3
|
|upkeep
|
|t:|1758981474
|switch|p2a: Glimmora|Glimmora, M, shiny|100/100
|turn|12
|
|t:|1758981482
|switch|p1a: Iron Treads|Iron Treads|100/100
|switch|p2a: Zamazenta|Zamazenta, shiny|100/100
|-ability|p2a: Zamazenta|Dauntless Shield|boost
|-boost|p2a: Zamazenta|def|1
|
|upkeep
|turn|13
|
|t:|1758981488
|-end|p1a: Iron Treads|Quark Drive|[silent]
|switch|p1a: Pecharunt|Pecharunt|87/100
|move|p2a: Zamazenta|Iron Defense|p2a: Zamazenta
|-boost|p2a: Zamazenta|def|2
|
|upkeep
|turn|14
|
|t:|1758981494
|move|p2a: Zamazenta|Crunch|p1a: Pecharunt
|-supereffective|p1a: Pecharunt
|-damage|p1a: Pecharunt|58/100
|-unboost|p1a: Pecharunt|def|1
|move|p1a: Pecharunt|Malignant Chain|p2a: Zamazenta
|-damage|p2a: Zamazenta|75/100
|
|-heal|p2a: Zamazenta|82/100|[from] item: Leftovers
|upkeep
|turn|15
|
|t:|1758981502
|switch|p1a: Darkrai|Darkrai|100/100
|move|p2a: Zamazenta|Crunch|p1a: Darkrai
|-resisted|p1a: Darkrai
|-crit|p1a: Darkrai
|-damage|p1a: Darkrai|74/100
|
|-heal|p2a: Zamazenta|88/100|[from] item: Leftovers
|upkeep
|turn|16
|
|t:|1758981514
|switch|p1a: Pecharunt|Pecharunt|58/100
|-terastallize|p2a: Zamazenta|Electric
|move|p2a: Zamazenta|Body Press|p1a: Pecharunt
|-immune|p1a: Pecharunt
|
|-heal|p2a: Zamazenta|94/100|[from] item: Leftovers
|upkeep
|turn|17
|
|t:|1758981522
|move|p2a: Zamazenta|Crunch|p1a: Pecharunt
|-supereffective|p1a: Pecharunt
|-damage|p1a: Pecharunt|28/100
|move|p1a: Pecharunt|Recover|p1a: Pecharunt
|-heal|p1a: Pecharunt|78/100
|
|-heal|p2a: Zamazenta|99/100|[from] item: Leftovers
|upkeep
|turn|18
|
|t:|1758981529
|move|p2a: Zamazenta|Crunch|p1a: Pecharunt
|-supereffective|p1a: Pecharunt
|-damage|p1a: Pecharunt|53/100
|move|p1a: Pecharunt|Parting Shot|p2a: Zamazenta
|-unboost|p2a: Zamazenta|atk|1
|-unboost|p2a: Zamazenta|spa|1
|
|t:|1758981533
|switch|p1a: Meowscarada|Meowscarada, F|100/100|[from] Parting Shot
|
|-heal|p2a: Zamazenta|100/100|[from] item: Leftovers
|upkeep
|turn|19
|
|t:|1758981539
|switch|p1a: Pecharunt|Pecharunt|53/100
|move|p2a: Zamazenta|Crunch|p1a: Pecharunt
|-supereffective|p1a: Pecharunt
|-damage|p1a: Pecharunt|35/100
|
|upkeep
|turn|20
|
|t:|1758981545
|move|p2a: Zamazenta|Crunch|p1a: Pecharunt
|-supereffective|p1a: Pecharunt
|-damage|p1a: Pecharunt|15/100
|move|p1a: Pecharunt|Recover|p1a: Pecharunt
|-heal|p1a: Pecharunt|65/100
|
|upkeep
|turn|21
|
|t:|1758981552
|move|p2a: Zamazenta|Crunch|p1a: Pecharunt
|-supereffective|p1a: Pecharunt
|-damage|p1a: Pecharunt|48/100
|move|p1a: Pecharunt|Recover|p1a: Pecharunt
|-heal|p1a: Pecharunt|98/100
|
|upkeep
|turn|22
|
|t:|1758981562
|switch|p2a: Glimmora|Glimmora, M, shiny|100/100
|move|p1a: Pecharunt|Malignant Chain|p2a: Glimmora
|-resisted|p2a: Glimmora
|-damage|p2a: Glimmora|94/100
|
|-heal|p2a: Glimmora|99/100|[from] item: Black Sludge
|upkeep
|turn|23
|
|t:|1758981570
|switch|p1a: Bruxish|Bruxish, F|100/100
|move|p2a: Glimmora|Mortal Spin|p1a: Bruxish
|-damage|p1a: Bruxish|90/100
|-status|p1a: Bruxish|psn
|
|-heal|p2a: Glimmora|100/100|[from] item: Black Sludge
|-damage|p1a: Bruxish|77/100 psn|[from] psn
|upkeep
|turn|24
|
|t:|1758981579
|move|p2a: Glimmora|Spiky Shield|p2a: Glimmora
|-singleturn|p2a: Glimmora|move: Protect
|move|p1a: Bruxish|Flip Turn|p2a: Glimmora
|-activate|p2a: Glimmora|move: Protect
|-damage|p1a: Bruxish|65/100 psn|[from] Spiky Shield|[of] p2a: Glimmora
|
|-damage|p1a: Bruxish|53/100 psn|[from] psn
|upkeep
|turn|25
|
|t:|1758981588
|move|p1a: Bruxish|Flip Turn|p2a: Glimmora
|-supereffective|p2a: Glimmora
|-damage|p2a: Glimmora|29/100
|-activate|p2a: Glimmora|ability: Toxic Debris
|-sidestart|p1: WetWaterTypes|move: Toxic Spikes
|
|t:|1758981590
|switch|p1a: Pecharunt|Pecharunt|98/100|[from] Flip Turn
|-sideend|p1: WetWaterTypes|move: Toxic Spikes|[of] p1a: Pecharunt
|move|p2a: Glimmora|Mortal Spin|p1a: Pecharunt
|-resisted|p1a: Pecharunt
|-damage|p1a: Pecharunt|98/100
|
|-heal|p2a: Glimmora|35/100|[from] item: Black Sludge
|upkeep
|turn|26
|
|t:|1758981601
|move|p1a: Pecharunt|Parting Shot|p2a: Glimmora
|-unboost|p2a: Glimmora|atk|1
|-unboost|p2a: Glimmora|spa|1
|
|t:|1758981607
|switch|p1a: Iron Treads|Iron Treads|100/100|[from] Parting Shot
|move|p2a: Glimmora|Power Gem|p1a: Iron Treads
|-resisted|p1a: Iron Treads
|-damage|p1a: Iron Treads|94/100
|
|-heal|p1a: Iron Treads|99/100|[from] item: Leftovers
|-heal|p2a: Glimmora|41/100|[from] item: Black Sludge
|upkeep
|turn|27
|
|t:|1758981617
|move|p2a: Glimmora|Spiky Shield|p2a: Glimmora
|-singleturn|p2a: Glimmora|move: Protect
|move|p1a: Iron Treads|Earthquake|p2a: Glimmora
|-activate|p2a: Glimmora|move: Protect
|
|-heal|p1a: Iron Treads|100/100|[from] item: Leftovers
|-heal|p2a: Glimmora|47/100|[from] item: Black Sludge
|upkeep
|turn|28
|-message|sowola forfeited.
|
|win|WetWaterTypes
|raw|WetWaterTypes's rating: 1343 &rarr; <strong>1360</strong><br />(+17 for winning)
|raw|sowola's rating: 1282 &rarr; <strong>1261</strong><br />(-21 for losing)
|l|☆sowola
|player|p2|
|l|☆WetWaterTypes
|player|p1|
