|j|☆yuyufish54311
|j|☆Voidmonn
|t:|1759064920
|gametype|singles
|player|p1|yuyufish54311|hilbert-wonderlauncher|1086
|player|p2|Voidmonn|emmet|1076
|gen|9
|tier|[Gen 9] OU
|rated|
|rule|HP Percentage Mod: HP is shown in percentages
|rule|Endless Battle Clause: Forcing endless battles is banned
|rule|Species Clause: Limit one of each Pokémon
|rule|OHKO Clause: OHKO moves are banned
|rule|Evasion Items Clause: Evasion items are banned
|rule|Evasion Moves Clause: Evasion moves are banned
|rule|Evasion Abilities Clause: Evasion abilities are banned
|rule|Sleep Moves Clause: Sleep-inducing moves are banned
|clearpoke
|poke|p1|Glimmora, M|
|poke|p1|Incineroar, M|
|poke|p1|Samurott-Hisui, M|
|poke|p1|Scizor, F|
|poke|p1|Ceruledge, F|
|poke|p1|Gholdengo|
|poke|p2|Electrode|
|poke|p2|Diancie|
|poke|p2|Dudunsparce-*, M|
|poke|p2|Dragapult, F|
|poke|p2|Lilligant-Hisui, F|
|poke|p2|Raikou|
|teampreview
|
|t:|1759064924
|teamsize|p1|6
|teamsize|p2|6
|start
|switch|p1a: Glimmora|Glimmora, M|100/100
|switch|p2a: Electrode|Electrode|100/100
|turn|1
|j| mutantfishhands
|
|t:|1759064942
|move|p2a: Electrode|Thunder Wave|p1a: Glimmora|[miss]
|-miss|p2a: Electrode|p1a: Glimmora
|move|p1a: Glimmora|Earth Power|p2a: Electrode
|-supereffective|p2a: Electrode
|-crit|p2a: Electrode
|-enditem|p2a: Electrode|Focus Sash
|-damage|p2a: Electrode|1/100
|
|upkeep
|turn|2
|
|t:|1759064952
|move|p2a: Electrode|Thunder Wave|p1a: Glimmora
|-status|p1a: Glimmora|par
|move|p1a: Glimmora|Stealth Rock|p2a: Electrode
|-sidestart|p2: Voidmonn|move: Stealth Rock
|
|upkeep
|turn|3
|
|t:|1759064971
|move|p2a: Electrode|Thunder|p1a: Glimmora
|-damage|p1a: Glimmora|56/100 par
|move|p1a: Glimmora|Mortal Spin|p2a: Electrode
|-damage|p2a: Electrode|0 fnt
|-damage|p1a: Glimmora|31/100 par|[from] ability: Aftermath|[of] p2a: Electrode
|faint|p2a: Electrode
|
|upkeep
|
|t:|1759064983
|switch|p2a: Lilligant|Lilligant-Hisui, F|100/100
|-damage|p2a: Lilligant|94/100|[from] Stealth Rock
|turn|4
|
|t:|1759064989
|switch|p1a: Scizor|Scizor, F|100/100
|move|p2a: Lilligant|Leech Seed|p1a: Scizor|[miss]
|-miss|p2a: Lilligant|p1a: Scizor
|
|-heal|p2a: Lilligant|100/100|[from] item: Leftovers
|upkeep
|turn|5
|
|t:|1759065007
|-terastallize|p2a: Lilligant|Ghost
|move|p1a: Scizor|Bullet Punch|p2a: Lilligant
|-damage|p2a: Lilligant|24/100
|move|p2a: Lilligant|Defog|p1a: Scizor
|-unboost|p1a: Scizor|evasion|1
|-sideend|p2: Voidmonn|Stealth Rock|[from] move: Defog|[of] p2a: Lilligant
|
|-heal|p2a: Lilligant|30/100|[from] item: Leftovers
|upkeep
|turn|6
|
|t:|1759065028
|move|p1a: Scizor|Bullet Punch|p2a: Lilligant
|-damage|p2a: Lilligant|0 fnt
|faint|p2a: Lilligant
|
|upkeep
|
|t:|1759065040
|switch|p2a: Raikou|Raikou|100/100
|-ability|p2a: Raikou|Pressure
|turn|7
|
|t:|1759065044
|move|p1a: Scizor|Bullet Punch|p2a: Raikou
|-resisted|p2a: Raikou
|-crit|p2a: Raikou
|-damage|p2a: Raikou|49/100
|move|p2a: Raikou|Substitute|p2a: Raikou
|-start|p2a: Raikou|Substitute
|-damage|p2a: Raikou|24/100
|
|upkeep
|turn|8
|
|t:|1759065052
|move|p1a: Scizor|Bullet Punch|p2a: Raikou
|-resisted|p2a: Raikou
|-end|p2a: Raikou|Substitute
|move|p2a: Raikou|Thunderbolt|p1a: Scizor
|-crit|p1a: Scizor
|-damage|p1a: Scizor|1/100
|
|upkeep
|turn|9
|
|t:|1759065064
|move|p1a: Scizor|Bullet Punch|p2a: Raikou
|-resisted|p2a: Raikou
|-damage|p2a: Raikou|0 fnt
|faint|p2a: Raikou
|
|upkeep
|
|t:|1759065070
|switch|p2a: Dragapult|Dragapult, F|100/100
|turn|10
|
|t:|1759065077
|move|p1a: Scizor|Bullet Punch|p2a: Dragapult
|-damage|p2a: Dragapult|26/100
|move|p2a: Dragapult|Phantom Force||[still]
|-prepare|p2a: Dragapult|Phantom Force
|
|upkeep
|turn|11
|
|t:|1759065085
|switch|p1a: Samurott|Samurott-Hisui, M|100/100
|move|p2a: Dragapult|Phantom Force|p1a: Samurott|[from] lockedmove
|-resisted|p1a: Samurott
|-damage|p1a: Samurott|71/100
|
|upkeep
|turn|12
|-message|Voidmonn forfeited.
|
|win|yuyufish54311
|raw|yuyufish54311's rating: 1086 &rarr; <strong>1112</strong><br />(+26 for winning)
|raw|Voidmonn's rating: 1076 &rarr; <strong>1055</strong><br />(-21 for losing)
|l|☆Voidmonn
|player|p2|
|l| mutantfishhands
|l|☆yuyufish54311
|player|p1|
