|j|☆preppy dude
|j|☆Franco Icyyy
|t:|1759029011
|gametype|singles
|player|p1|preppy dude|169|1229
|player|p2|Franco Icyyy|266|1227
|gen|9
|tier|[Gen 9] OU
|rated|
|rule|HP Percentage Mod: HP is shown in percentages
|rule|Endless Battle Clause: Forcing endless battles is banned
|rule|Species Clause: Limit one of each Pokémon
|rule|OHKO Clause: OHKO moves are banned
|rule|Evasion Items Clause: Evasion items are banned
|rule|Evasion Moves Clause: Evasion moves are banned
|rule|Evasion Abilities Clause: Evasion abilities are banned
|rule|Sleep Moves Clause: Sleep-inducing moves are banned
|clearpoke
|poke|p1|Zapdos|
|poke|p1|Golem, F|
|poke|p1|Arbok, M|
|poke|p1|Rhydon, F|
|poke|p1|Magneton|
|poke|p1|Dodrio, M|
|poke|p2|Walking Wake|
|poke|p2|Torkoal, F|
|poke|p2|Venusaur, M|
|poke|p2|Raging Bolt|
|poke|p2|Tinkaton, F|
|poke|p2|Garchomp, M|
|teampreview
|inactive|Battle timer is ON: inactive players will automatically lose when time's up. (requested by Franco Icyyy)
|
|t:|1759029025
|teamsize|p1|6
|teamsize|p2|6
|start
|switch|p1a: Golem|Golem, F|100/100
|switch|p2a: Torkoal|Torkoal, F|100/100
|-weather|SunnyDay|[from] ability: Drought|[of] p2a: Torkoal
|turn|1
|
|t:|1759029033
|move|p1a: Golem|Stealth Rock|p2a: Torkoal
|-sidestart|p2: Franco Icyyy|move: Stealth Rock
|move|p2a: Torkoal|Will-O-Wisp|p1a: Golem
|-status|p1a: Golem|brn
|
|-weather|SunnyDay|[upkeep]
|-damage|p1a: Golem|95/100 brn|[from] brn
|upkeep
|turn|2
|
|t:|1759029041
|move|p1a: Golem|Explosion|p2a: Torkoal
|-damage|p2a: Torkoal|69/100
|faint|p1a: Golem
|move|p2a: Torkoal|Rapid Spin|p1: Golem|[notarget]
|-fail|p2a: Torkoal
|
|-weather|SunnyDay|[upkeep]
|upkeep
|
|t:|1759029048
|switch|p1a: Rhydon|Rhydon, F|100/100
|turn|3
|
|t:|1759029052
|-terastallize|p1a: Rhydon|Ghost
|move|p1a: Rhydon|Earthquake|p2a: Torkoal
|-supereffective|p2a: Torkoal
|-damage|p2a: Torkoal|0 fnt
|faint|p2a: Torkoal
|
|-weather|SunnyDay|[upkeep]
|upkeep
|
|t:|1759029063
|switch|p2a: Venusaur|Venusaur, M|100/100
|-damage|p2a: Venusaur|88/100|[from] Stealth Rock
|turn|4
|
|t:|1759029068
|move|p2a: Venusaur|Solar Beam||[still]
|-prepare|p2a: Venusaur|Solar Beam
|-anim|p2a: Venusaur|Solar Beam|p1a: Rhydon
|-damage|p1a: Rhydon|42/100
|move|p1a: Rhydon|Avalanche|p2a: Venusaur
|-supereffective|p2a: Venusaur
|-damage|p2a: Venusaur|2/100
|
|-weather|SunnyDay|[upkeep]
|-heal|p2a: Venusaur|8/100|[from] item: Leftovers
|upkeep
|turn|5
|
|t:|1759029078
|switch|p1a: Arbok|Arbok, M|100/100
|-ability|p1a: Arbok|Intimidate|boost
|-unboost|p2a: Venusaur|atk|1
|move|p2a: Venusaur|Solar Beam||[still]
|-prepare|p2a: Venusaur|Solar Beam
|-anim|p2a: Venusaur|Solar Beam|p1a: Arbok
|-resisted|p1a: Arbok
|-damage|p1a: Arbok|66/100
|
|-weather|SunnyDay|[upkeep]
|-heal|p2a: Venusaur|14/100|[from] item: Leftovers
|upkeep
|turn|6
|
|t:|1759029090
|move|p2a: Venusaur|Weather Ball|p1a: Arbok
|-damage|p1a: Arbok|4/100
|move|p1a: Arbok|Poison Fang|p2a: Venusaur
|-damage|p2a: Venusaur|0 fnt
|faint|p2a: Venusaur
|
|-weather|SunnyDay|[upkeep]
|upkeep
|
|t:|1759029102
|switch|p2a: Walking Wake|Walking Wake|100/100
|-damage|p2a: Walking Wake|88/100|[from] Stealth Rock
|-activate|p2a: Walking Wake|ability: Protosynthesis
|-start|p2a: Walking Wake|protosynthesisspa
|turn|7
|
|t:|1759029107
|move|p1a: Arbok|Poison Fang|p2a: Walking Wake
|-damage|p2a: Walking Wake|70/100
|-status|p2a: Walking Wake|tox
|move|p2a: Walking Wake|Hydro Steam|p1a: Arbok
|-damage|p1a: Arbok|0 fnt
|faint|p1a: Arbok
|-damage|p2a: Walking Wake|60/100 tox|[from] item: Life Orb
|
|-weather|SunnyDay|[upkeep]
|-damage|p2a: Walking Wake|54/100 tox|[from] psn
|upkeep
|
|t:|1759029127
|switch|p1a: Dodrio|Dodrio, M|100/100
|turn|8
|
|t:|1759029135
|-end|p2a: Walking Wake|Protosynthesis|[silent]
|switch|p2a: Garchomp|Garchomp, M|100/100
|-damage|p2a: Garchomp|94/100|[from] Stealth Rock
|move|p1a: Dodrio|Brave Bird|p2a: Garchomp
|-damage|p2a: Garchomp|52/100
|-damage|p1a: Dodrio|88/100|[from] ability: Rough Skin|[of] p2a: Garchomp
|-damage|p1a: Dodrio|72/100|[from] item: Rocky Helmet|[of] p2a: Garchomp
|-damage|p1a: Dodrio|49/100|[from] Recoil
|
|-weather|none
|upkeep
|turn|9
|
|t:|1759029148
|switch|p1a: Rhydon|Rhydon, F, tera:Ghost|42/100
|move|p2a: Garchomp|Stealth Rock|p1a: Rhydon
|-sidestart|p1: preppy dude|move: Stealth Rock
|
|upkeep
|turn|10
|
|t:|1759029154
|move|p1a: Rhydon|Earthquake|p2a: Garchomp
|-damage|p2a: Garchomp|17/100
|move|p2a: Garchomp|Dragon Tail|p1a: Rhydon
|-damage|p1a: Rhydon|31/100
|drag|p1a: Zapdos|Zapdos|100/100
|-damage|p1a: Zapdos|75/100|[from] Stealth Rock
|
|-heal|p1a: Zapdos|82/100|[from] item: Leftovers
|upkeep
|turn|11
|
|t:|1759029164
|move|p1a: Zapdos|Air Cutter|p2a: Garchomp
|-damage|p2a: Garchomp|0 fnt
|faint|p2a: Garchomp
|
|-heal|p1a: Zapdos|88/100|[from] item: Leftovers
|upkeep
|
|t:|1759029171
|switch|p2a: Raging Bolt|Raging Bolt|100/100
|turn|12
|
|t:|1759029198
|move|p2a: Raging Bolt|Thunderclap|p1a: Zapdos
|-damage|p1a: Zapdos|53/100
|move|p1a: Zapdos|Discharge|p2a: Raging Bolt
|-resisted|p2a: Raging Bolt
|-damage|p2a: Raging Bolt|93/100
|
|-heal|p1a: Zapdos|59/100|[from] item: Leftovers
|upkeep
|turn|13
|
|t:|1759029207
|move|p1a: Zapdos|Protect|p1a: Zapdos
|-singleturn|p1a: Zapdos|Protect
|move|p2a: Raging Bolt|Dragon Pulse|p1a: Zapdos
|-activate|p1a: Zapdos|move: Protect
|
|-heal|p1a: Zapdos|65/100|[from] item: Leftovers
|upkeep
|turn|14
|
|t:|1759029217
|move|p2a: Raging Bolt|Dragon Pulse|p1a: Zapdos
|-damage|p1a: Zapdos|28/100
|move|p1a: Zapdos|Discharge|p2a: Raging Bolt
|-resisted|p2a: Raging Bolt
|-damage|p2a: Raging Bolt|85/100
|
|-heal|p1a: Zapdos|34/100|[from] item: Leftovers
|upkeep
|turn|15
|
|t:|1759029230
|move|p1a: Zapdos|Protect|p1a: Zapdos
|-singleturn|p1a: Zapdos|Protect
|move|p2a: Raging Bolt|Dragon Pulse|p1a: Zapdos
|-activate|p1a: Zapdos|move: Protect
|
|-heal|p1a: Zapdos|40/100|[from] item: Leftovers
|upkeep
|turn|16
|
|t:|1759029238
|move|p2a: Raging Bolt|Dragon Pulse|p1a: Zapdos
|-damage|p1a: Zapdos|0 fnt
|faint|p1a: Zapdos
|
|upkeep
|
|t:|1759029245
|switch|p1a: Rhydon|Rhydon, F, tera:Ghost|31/100
|-damage|p1a: Rhydon|19/100|[from] Stealth Rock
|turn|17
|
|t:|1759029255
|move|p2a: Raging Bolt|Thunderclap|p1a: Rhydon
|-ability|p1a: Rhydon|Lightning Rod|boost
|-boost|p1a: Rhydon|spa|1
|move|p1a: Rhydon|Earthquake|p2a: Raging Bolt
|-supereffective|p2a: Raging Bolt
|-damage|p2a: Raging Bolt|0 fnt
|faint|p2a: Raging Bolt
|-end|p2a: Raging Bolt|Protosynthesis|[silent]
|
|upkeep
|
|t:|1759029260
|switch|p2a: Tinkaton|Tinkaton, F|100/100
|-damage|p2a: Tinkaton|94/100|[from] Stealth Rock
|-item|p2a: Tinkaton|Air Balloon
|turn|18
|
|t:|1759029269
|move|p2a: Tinkaton|Gigaton Hammer|p1a: Rhydon
|-damage|p1a: Rhydon|1/100
|move|p1a: Rhydon|Avalanche|p2a: Tinkaton
|-resisted|p2a: Tinkaton
|-damage|p2a: Tinkaton|72/100
|-enditem|p2a: Tinkaton|Air Balloon
|-enditem|p1a: Rhydon|Eviolite|[silent]|[from] ability: Pickpocket|[of] p1a: Rhydon
|-item|p2a: Tinkaton|Eviolite|[from] ability: Pickpocket|[of] p1a: Rhydon
|
|upkeep
|turn|19
|
|t:|1759029279
|move|p2a: Tinkaton|Play Rough|p1a: Rhydon
|-damage|p1a: Rhydon|0 fnt
|faint|p1a: Rhydon
|
|upkeep
|
|t:|1759029284
|switch|p1a: Magneton|Magneton|100/100
|-damage|p1a: Magneton|94/100|[from] Stealth Rock
|turn|20
|
|t:|1759029293
|move|p1a: Magneton|Discharge|p2a: Tinkaton
|-damage|p2a: Tinkaton|41/100
|move|p2a: Tinkaton|Encore|p1a: Magneton
|-start|p1a: Magneton|Encore
|
|upkeep
|turn|21
|
|t:|1759029299
|move|p1a: Magneton|Discharge|p2a: Tinkaton
|-damage|p2a: Tinkaton|8/100
|-status|p2a: Tinkaton|par
|move|p2a: Tinkaton|Gigaton Hammer|p1a: Magneton
|-resisted|p1a: Magneton
|-damage|p1a: Magneton|79/100
|
|upkeep
|turn|22
|
|t:|1759029307
|move|p1a: Magneton|Discharge|p2a: Tinkaton
|-damage|p2a: Tinkaton|0 fnt
|faint|p2a: Tinkaton
|
|upkeep
|
|t:|1759029309
|switch|p2a: Walking Wake|Walking Wake|54/100 tox
|-damage|p2a: Walking Wake|42/100 tox|[from] Stealth Rock
|turn|23
|
|t:|1759029315
|move|p1a: Magneton|Discharge|p2a: Walking Wake
|-damage|p2a: Walking Wake|0 fnt
|faint|p2a: Walking Wake
|-end|p2a: Walking Wake|Protosynthesis|[silent]
|
|win|preppy dude
|raw|preppy dude's rating: 1229 &rarr; <strong>1254</strong><br />(+25 for winning)
|raw|Franco Icyyy's rating: 1227 &rarr; <strong>1202</strong><br />(-25 for losing)
|l|☆Franco Icyyy
|player|p2|
|l|☆preppy dude
|player|p1|
