|j|☆Ominous vibes
|j|☆gabrielxd1023
|t:|1758919896
|gametype|singles
|player|p1|Ominous vibes|170|1693
|player|p2|gabrielxd1023|lucas|1677
|gen|9
|tier|[Gen 9] OU
|rated|
|rule|HP Percentage Mod: HP is shown in percentages
|rule|Endless Battle Clause: Forcing endless battles is banned
|rule|Species Clause: Limit one of each Pokémon
|rule|OHKO Clause: OHKO moves are banned
|rule|Evasion Items Clause: Evasion items are banned
|rule|Evasion Moves Clause: Evasion moves are banned
|rule|Evasion Abilities Clause: Evasion abilities are banned
|rule|Sleep Moves Clause: Sleep-inducing moves are banned
|clearpoke
|poke|p1|Zamazenta-*|
|poke|p1|Alomomola, M|
|poke|p1|Clodsire, F|
|poke|p1|Enamorus, F|
|poke|p1|Kingambit, F|
|poke|p1|Great Tusk|
|poke|p2|Lokix, F|
|poke|p2|Cinderace, M|
|poke|p2|Great Tusk|
|poke|p2|Alomomola, M|
|poke|p2|Enamorus, F|
|poke|p2|Slowking-Galar, M|
|teampreview
|inactive|Battle timer is ON: inactive players will automatically lose when time's up. (requested by Ominous vibes)
|
|t:|1758919917
|teamsize|p1|6
|teamsize|p2|6
|start
|switch|p1a: Alomomola|Alomomola, M|100/100
|switch|p2a: Slowking|Slowking-Galar, M|100/100
|turn|1
|
|t:|1758919922
|move|p1a: Alomomola|Flip Turn|p2a: Slowking
|-damage|p2a: Slowking|89/100
|
|t:|1758919924
|switch|p1a: Kingambit|Kingambit, F|100/100|[from] Flip Turn
|-item|p1a: Kingambit|Air Balloon
|move|p2a: Slowking|Future Sight|p1a: Kingambit
|-start|p2a: Slowking|move: Future Sight
|
|upkeep
|turn|2
|
|t:|1758919940
|switch|p2a: Great Tusk|Great Tusk|100/100
|move|p1a: Kingambit|Swords Dance|p1a: Kingambit
|-boost|p1a: Kingambit|atk|2
|
|upkeep
|turn|3
|
|t:|1758919968
|move|p2a: Great Tusk|Ice Spinner|p1a: Kingambit
|-resisted|p1a: Kingambit
|-damage|p1a: Kingambit|90/100
|-enditem|p1a: Kingambit|Air Balloon
|move|p1a: Kingambit|Swords Dance|p1a: Kingambit
|-boost|p1a: Kingambit|atk|2
|
|-end|p1a: Kingambit|move: Future Sight
|-immune|p1a: Kingambit
|upkeep
|turn|4
|
|t:|1758919974
|-terastallize|p1a: Kingambit|Flying
|move|p2a: Great Tusk|Earthquake|p1a: Kingambit
|-immune|p1a: Kingambit
|move|p1a: Kingambit|Tera Blast|p2a: Great Tusk|[anim] Tera Blast Flying
|-supereffective|p2a: Great Tusk
|-damage|p2a: Great Tusk|0 fnt
|faint|p2a: Great Tusk
|-end|p2a: Great Tusk|Protosynthesis|[silent]
|
|upkeep
|inactive|gabrielxd1023 has 120 seconds left.
|inactive|gabrielxd1023 has 90 seconds left.
|
|t:|1758920057
|switch|p2a: Cinderace|Cinderace, M|100/100
|turn|5
|
|t:|1758920068
|move|p2a: Cinderace|Will-O-Wisp|p1a: Kingambit
|-status|p1a: Kingambit|brn
|move|p1a: Kingambit|Kowtow Cleave|p2a: Cinderace
|-damage|p2a: Cinderace|20/100
|
|-damage|p1a: Kingambit|83/100 brn|[from] brn
|upkeep
|turn|6
|
|t:|1758920085
|move|p1a: Kingambit|Sucker Punch||[still]
|-fail|p1a: Kingambit
|move|p2a: Cinderace|Court Change||[still]
|-fail|p2a: Cinderace
|
|-damage|p1a: Kingambit|77/100 brn|[from] brn
|upkeep
|turn|7
|
|t:|1758920092
|move|p1a: Kingambit|Sucker Punch|p2a: Cinderace
|-damage|p2a: Cinderace|0 fnt
|faint|p2a: Cinderace
|
|-damage|p1a: Kingambit|71/100 brn|[from] brn
|upkeep
|
|t:|1758920100
|switch|p2a: Lokix|Lokix, F|100/100
|turn|8
|
|t:|1758920105
|-terastallize|p2a: Lokix|Stellar
|move|p2a: Lokix|First Impression|p1a: Kingambit
|-resisted|p1a: Kingambit
|-damage|p1a: Kingambit|0 fnt
|faint|p1a: Kingambit
|-end|p1a: Kingambit|fallenundefined|[silent]
|
|upkeep
|
|t:|1758920110
|switch|p1a: Alomomola|Alomomola, M|100/100
|turn|9
|
|t:|1758920115
|switch|p2a: Slowking|Slowking-Galar, M|100/100
|move|p1a: Alomomola|Flip Turn|p2a: Slowking
|-damage|p2a: Slowking|89/100
|
|t:|1758920134
|switch|p1a: Clodsire|Clodsire, F|100/100|[from] Flip Turn
|
|upkeep
|turn|10
|
|t:|1758920143
|move|p1a: Clodsire|Spikes|p2a: Slowking
|-sidestart|p2: gabrielxd1023|Spikes
|move|p2a: Slowking|Future Sight|p1a: Clodsire
|-start|p2a: Slowking|move: Future Sight
|
|upkeep
|turn|11
|
|t:|1758920148
|switch|p2a: Lokix|Lokix, F, tera:Stellar|100/100
|-damage|p2a: Lokix|88/100|[from] Spikes
|move|p1a: Clodsire|Earthquake|p2a: Lokix
|-resisted|p2a: Lokix
|-damage|p2a: Lokix|70/100
|
|upkeep
|turn|12
|
|t:|1758920176
|move|p2a: Lokix|Knock Off|p1a: Clodsire
|-damage|p1a: Clodsire|1/100
|-enditem|p1a: Clodsire|Leftovers|[from] move: Knock Off|[of] p2a: Lokix
|move|p1a: Clodsire|Spikes|p2a: Lokix
|-sidestart|p2: gabrielxd1023|Spikes
|
|-end|p1a: Clodsire|move: Future Sight
|-supereffective|p1a: Clodsire
|-damage|p1a: Clodsire|0 fnt
|faint|p1a: Clodsire
|upkeep
|inactive|Ominous vibes has 120 seconds left.
|
|t:|1758920193
|switch|p1a: Enamorus|Enamorus, F|100/100
|turn|13
|inactive|Ominous vibes has 120 seconds left.
|
|t:|1758920208
|switch|p2a: Alomomola|Alomomola, M|100/100
|-damage|p2a: Alomomola|84/100|[from] Spikes
|move|p1a: Enamorus|Earth Power|p2a: Alomomola
|-damage|p2a: Alomomola|67/100
|
|upkeep
|turn|14
|
|t:|1758920212
|move|p1a: Enamorus|Substitute|p1a: Enamorus
|-start|p1a: Enamorus|Substitute
|-damage|p1a: Enamorus|76/100
|move|p2a: Alomomola|Flip Turn|p1a: Enamorus
|-end|p1a: Enamorus|Substitute
|
|t:|1758920216
|switch|p2a: Slowking|Slowking-Galar, M|100/100|[from] Flip Turn
|-damage|p2a: Slowking|84/100|[from] Spikes
|
|-heal|p1a: Enamorus|82/100|[from] item: Leftovers
|upkeep
|turn|15
|
|t:|1758920221
|switch|p1a: Alomomola|Alomomola, M|100/100
|move|p2a: Slowking|Sludge Bomb|p1a: Alomomola
|-damage|p1a: Alomomola|75/100
|
|upkeep
|turn|16
|
|t:|1758920225
|move|p1a: Alomomola|Tickle|p2a: Slowking
|-unboost|p2a: Slowking|atk|1
|-unboost|p2a: Slowking|def|1
|move|p2a: Slowking|Future Sight|p1a: Alomomola
|-start|p2a: Slowking|move: Future Sight
|
|upkeep
|turn|17
|
|t:|1758920231
|move|p1a: Alomomola|Wish|p1a: Alomomola
|-prepare|p2a: Slowking|Chilly Reception|[premajor]
|move|p2a: Slowking|Chilly Reception|p2a: Slowking
|-weather|Snowscape
|
|t:|1758920236
|switch|p2a: Enamorus|Enamorus, F|100/100|[from] Chilly Reception
|
|-weather|Snowscape|[upkeep]
|upkeep
|turn|18
|
|t:|1758920246
|move|p1a: Alomomola|Protect|p1a: Alomomola
|-singleturn|p1a: Alomomola|Protect
|move|p2a: Enamorus|Moonblast|p1a: Alomomola
|-activate|p1a: Alomomola|move: Protect
|
|-weather|Snowscape|[upkeep]
|-end|p1a: Alomomola|move: Future Sight
|-damage|p1a: Alomomola|39/100
|-heal|p1a: Alomomola|89/100|[from] move: Wish|[wisher] Alomomola
|upkeep
|turn|19
|
|t:|1758920249
|move|p2a: Enamorus|Moonblast|p1a: Alomomola
|-damage|p1a: Alomomola|50/100
|move|p1a: Alomomola|Flip Turn|p2a: Enamorus
|-damage|p2a: Enamorus|73/100
|
|t:|1758920257
|switch|p1a: Zamazenta|Zamazenta|100/100|[from] Flip Turn
|-ability|p1a: Zamazenta|Dauntless Shield|boost
|-boost|p1a: Zamazenta|def|1
|
|-weather|Snowscape|[upkeep]
|upkeep
|turn|20
|
|t:|1758920261
|move|p2a: Enamorus|Moonblast|p1a: Zamazenta
|-supereffective|p1a: Zamazenta
|-damage|p1a: Zamazenta|38/100
|move|p1a: Zamazenta|Ice Fang|p2a: Enamorus
|-supereffective|p2a: Enamorus
|-damage|p2a: Enamorus|5/100
|
|-weather|Snowscape|[upkeep]
|upkeep
|turn|21
|
|t:|1758920268
|switch|p1a: Alomomola|Alomomola, M|84/100
|move|p2a: Enamorus|Moonblast|p1a: Alomomola
|-damage|p1a: Alomomola|39/100
|
|-weather|none
|upkeep
|turn|22
|
|t:|1758920274
|move|p1a: Alomomola|Protect|p1a: Alomomola
|-singleturn|p1a: Alomomola|Protect
|move|p2a: Enamorus|Moonblast|p1a: Alomomola
|-activate|p1a: Alomomola|move: Protect
|
|upkeep
|turn|23
|
|t:|1758920280
|switch|p1a: Zamazenta|Zamazenta|38/100
|move|p2a: Enamorus|Moonblast|p1a: Zamazenta
|-supereffective|p1a: Zamazenta
|-damage|p1a: Zamazenta|0 fnt
|faint|p1a: Zamazenta
|
|upkeep
|
|t:|1758920282
|switch|p1a: Alomomola|Alomomola, M|72/100
|turn|24
|
|t:|1758920293
|switch|p2a: Alomomola|Alomomola, M|99/100
|-damage|p2a: Alomomola|84/100|[from] Spikes
|move|p1a: Alomomola|Flip Turn|p2a: Alomomola
|-resisted|p2a: Alomomola
|-damage|p2a: Alomomola|78/100
|
|t:|1758920307
|switch|p1a: Enamorus|Enamorus, F|82/100|[from] Flip Turn
|
|-heal|p1a: Enamorus|88/100|[from] item: Leftovers
|upkeep
|turn|25
|
|t:|1758920310
|move|p1a: Enamorus|Superpower|p2a: Alomomola
|-damage|p2a: Alomomola|55/100
|-boost|p1a: Enamorus|atk|1
|-boost|p1a: Enamorus|def|1
|move|p2a: Alomomola|Flip Turn|p1a: Enamorus
|-damage|p1a: Enamorus|68/100
|
|t:|1758920314
|switch|p2a: Slowking|Slowking-Galar, M|100/100|[from] Flip Turn
|-damage|p2a: Slowking|84/100|[from] Spikes
|
|-heal|p1a: Enamorus|75/100|[from] item: Leftovers
|upkeep
|turn|26
|
|t:|1758920321
|switch|p1a: Great Tusk|Great Tusk|100/100
|move|p2a: Slowking|Sludge Bomb|p1a: Great Tusk
|-resisted|p1a: Great Tusk
|-damage|p1a: Great Tusk|77/100
|
|upkeep
|turn|27
|
|t:|1758920327
|move|p1a: Great Tusk|Knock Off|p2a: Slowking
|-supereffective|p2a: Slowking
|-damage|p2a: Slowking|38/100
|-enditem|p2a: Slowking|Shuca Berry|[from] move: Knock Off|[of] p1a: Great Tusk
|move|p2a: Slowking|Ice Beam|p1a: Great Tusk
|-supereffective|p1a: Great Tusk
|-damage|p1a: Great Tusk|6/100
|
|upkeep
|turn|28
|
|t:|1758920341
|switch|p2a: Lokix|Lokix, F, tera:Stellar|70/100
|-damage|p2a: Lokix|54/100|[from] Spikes
|move|p1a: Great Tusk|Headlong Rush|p2a: Lokix
|-resisted|p2a: Lokix
|-damage|p2a: Lokix|6/100
|-unboost|p1a: Great Tusk|def|1
|-unboost|p1a: Great Tusk|spd|1
|
|upkeep
|turn|29
|
|t:|1758920362
|-end|p1a: Great Tusk|Protosynthesis|[silent]
|switch|p1a: Alomomola|Alomomola, M|100/100
|move|p2a: Lokix|First Impression|p1a: Alomomola
|-damage|p1a: Alomomola|54/100
|
|upkeep
|turn|30
|
|t:|1758920371
|switch|p2a: Slowking|Slowking-Galar, M|72/100
|-damage|p2a: Slowking|55/100|[from] Spikes
|move|p1a: Alomomola|Flip Turn|p2a: Slowking
|-damage|p2a: Slowking|43/100
|
|t:|1758920384
|switch|p1a: Enamorus|Enamorus, F|75/100|[from] Flip Turn
|
|-heal|p1a: Enamorus|81/100|[from] item: Leftovers
|upkeep
|turn|31
|
|t:|1758920388
|move|p1a: Enamorus|Earth Power|p2a: Slowking
|-supereffective|p2a: Slowking
|-damage|p2a: Slowking|0 fnt
|faint|p2a: Slowking
|
|-heal|p1a: Enamorus|87/100|[from] item: Leftovers
|upkeep
|
|t:|1758920401
|switch|p2a: Enamorus|Enamorus, F|5/100
|turn|32
|
|t:|1758920423
|switch|p2a: Lokix|Lokix, F, tera:Stellar|6/100
|-damage|p2a: Lokix|0 fnt|[from] Spikes
|faint|p2a: Lokix
|switch|p1a: Great Tusk|Great Tusk|6/100
|
|upkeep
|
|t:|1758920428
|switch|p2a: Enamorus|Enamorus, F|5/100
|turn|33
|
|t:|1758920434
|move|p2a: Enamorus|Moonblast|p1a: Great Tusk
|-supereffective|p1a: Great Tusk
|-damage|p1a: Great Tusk|0 fnt
|faint|p1a: Great Tusk
|-end|p1a: Great Tusk|Protosynthesis|[silent]
|
|upkeep
|
|t:|1758920435
|switch|p1a: Alomomola|Alomomola, M|88/100
|turn|34
|
|t:|1758920443
|switch|p2a: Alomomola|Alomomola, M|88/100
|-damage|p2a: Alomomola|71/100|[from] Spikes
|move|p1a: Alomomola|Flip Turn|p2a: Alomomola
|-resisted|p2a: Alomomola
|-damage|p2a: Alomomola|65/100
|
|t:|1758920446
|switch|p1a: Enamorus|Enamorus, F|87/100|[from] Flip Turn
|
|-heal|p1a: Enamorus|93/100|[from] item: Leftovers
|upkeep
|turn|35
|
|t:|1758920451
|move|p1a: Enamorus|Substitute|p1a: Enamorus
|-start|p1a: Enamorus|Substitute
|-damage|p1a: Enamorus|68/100
|move|p2a: Alomomola|Scald|p1a: Enamorus
|-activate|p1a: Enamorus|move: Substitute|[damage]
|
|-heal|p1a: Enamorus|75/100|[from] item: Leftovers
|upkeep
|turn|36
|
|t:|1758920458
|move|p1a: Enamorus|Superpower|p2a: Alomomola
|-damage|p2a: Alomomola|40/100
|-boost|p1a: Enamorus|atk|1
|-boost|p1a: Enamorus|def|1
|move|p2a: Alomomola|Flip Turn|p1a: Enamorus
|-end|p1a: Enamorus|Substitute
|
|t:|1758920461
|switch|p2a: Enamorus|Enamorus, F|5/100|[from] Flip Turn
|
|-heal|p1a: Enamorus|81/100|[from] item: Leftovers
|upkeep
|turn|37
|
|t:|1758920464
|switch|p1a: Alomomola|Alomomola, M|100/100
|move|p2a: Enamorus|Moonblast|p1a: Alomomola
|-damage|p1a: Alomomola|62/100
|-unboost|p1a: Alomomola|spa|1
|
|upkeep
|turn|38
|
|t:|1758920467
|switch|p2a: Alomomola|Alomomola, M|73/100
|-damage|p2a: Alomomola|57/100|[from] Spikes
|move|p1a: Alomomola|Flip Turn|p2a: Alomomola
|-resisted|p2a: Alomomola
|-damage|p2a: Alomomola|50/100
|
|t:|1758920469
|switch|p1a: Enamorus|Enamorus, F|81/100|[from] Flip Turn
|
|-heal|p1a: Enamorus|87/100|[from] item: Leftovers
|upkeep
|turn|39
|
|t:|1758920472
|move|p1a: Enamorus|Superpower|p2a: Alomomola
|-damage|p2a: Alomomola|26/100
|-boost|p1a: Enamorus|atk|1
|-boost|p1a: Enamorus|def|1
|move|p2a: Alomomola|Flip Turn|p1a: Enamorus
|-damage|p1a: Enamorus|66/100
|
|t:|1758920474
|switch|p2a: Enamorus|Enamorus, F|5/100|[from] Flip Turn
|
|-heal|p1a: Enamorus|72/100|[from] item: Leftovers
|upkeep
|turn|40
|
|t:|1758920476
|switch|p1a: Alomomola|Alomomola, M|95/100
|move|p2a: Enamorus|Moonblast|p1a: Alomomola
|-damage|p1a: Alomomola|52/100
|
|upkeep
|turn|41
|
|t:|1758920482
|switch|p2a: Alomomola|Alomomola, M|60/100
|-damage|p2a: Alomomola|43/100|[from] Spikes
|move|p1a: Alomomola|Flip Turn|p2a: Alomomola
|-resisted|p2a: Alomomola
|-damage|p2a: Alomomola|37/100
|
|t:|1758920484
|switch|p1a: Enamorus|Enamorus, F|72/100|[from] Flip Turn
|
|-heal|p1a: Enamorus|79/100|[from] item: Leftovers
|upkeep
|turn|42
|
|t:|1758920487
|move|p1a: Enamorus|Superpower|p2a: Alomomola
|-damage|p2a: Alomomola|11/100
|-boost|p1a: Enamorus|atk|1
|-boost|p1a: Enamorus|def|1
|move|p2a: Alomomola|Flip Turn|p1a: Enamorus
|-damage|p1a: Enamorus|60/100
|
|t:|1758920490
|switch|p2a: Enamorus|Enamorus, F|5/100|[from] Flip Turn
|
|-heal|p1a: Enamorus|66/100|[from] item: Leftovers
|upkeep
|turn|43
|
|t:|1758920492
|switch|p1a: Alomomola|Alomomola, M|85/100
|move|p2a: Enamorus|Moonblast|p1a: Alomomola
|-damage|p1a: Alomomola|45/100
|
|upkeep
|turn|44
|
|t:|1758920514
|move|p2a: Enamorus|Moonblast|p1a: Alomomola
|-damage|p1a: Alomomola|2/100
|-unboost|p1a: Alomomola|spa|1
|move|p1a: Alomomola|Flip Turn|p2a: Enamorus
|-damage|p2a: Enamorus|0 fnt
|faint|p2a: Enamorus
|
|t:|1758920516
|switch|p1a: Enamorus|Enamorus, F|66/100|[from] Flip Turn
|
|-heal|p1a: Enamorus|72/100|[from] item: Leftovers
|upkeep
|-message|gabrielxd1023 forfeited.
|
|win|Ominous vibes
|raw|Ominous vibes's rating: 1693 &rarr; <strong>1712</strong><br />(+19 for winning)
|raw|gabrielxd1023's rating: 1677 &rarr; <strong>1658</strong><br />(-19 for losing)
|l|☆gabrielxd1023
|player|p2|
|l|☆Ominous vibes
|player|p1|
|j| PJpizza
|l| PJpizza
