|badge|p2|bronze|gen9ou|100-6
|html|<div class="broadcast-red"><strong>This battle is required to be public due to one or more player having a season medal.</strong><br />During the public phase, you can discuss the state of the ladder <a href="/seasondiscussion">in a special chatroom.</a></div>
|uhtml|medal-msg|<div class="broadcast-blue">Curious what those medals under the avatar are? PS now has Ladder Seasons! For more information, check out the <a href="https://www.smogon.com/forums/threads/3740067/">thread on Smogon.</a></div>
|raw|<div class="broadcast-blue"><strong>This battle is required to be public due to a player having a name starting with 'medal'.</div>
|j|☆Javi
|j|☆abravioustinkaton
|t:|1758969758
|gametype|singles
|player|p1|Javi|#wcop2023spain|1715
|player|p2|abravioustinkaton|miku-ice|1809
|gen|9
|tier|[Gen 9] OU
|rated|
|rule|HP Percentage Mod: HP is shown in percentages
|rule|Endless Battle Clause: Forcing endless battles is banned
|rule|Species Clause: Limit one of each Pokémon
|rule|OHKO Clause: OHKO moves are banned
|rule|Evasion Items Clause: Evasion items are banned
|rule|Evasion Moves Clause: Evasion moves are banned
|rule|Evasion Abilities Clause: Evasion abilities are banned
|rule|Sleep Moves Clause: Sleep-inducing moves are banned
|clearpoke
|poke|p1|Kyurem|
|poke|p1|Tornadus-Therian, M|
|poke|p1|Gholdengo|
|poke|p1|Great Tusk|
|poke|p1|Samurott-Hisui, M|
|poke|p1|Zamazenta-*|
|poke|p2|Zapdos|
|poke|p2|Iron Crown|
|poke|p2|Garganacl, M|
|poke|p2|Great Tusk|
|poke|p2|Samurott-Hisui, M|
|poke|p2|Dragapult, F|
|teampreview
|
|t:|1758969769
|teamsize|p1|6
|teamsize|p2|6
|start
|switch|p1a: Kyurem|Kyurem|100/100
|switch|p2a: Iron Crown|Iron Crown|100/100
|-ability|p1a: Kyurem|Pressure
|turn|1
|
|t:|1758969773
|switch|p1a: Samurott|Samurott-Hisui, M|100/100
|move|p2a: Iron Crown|Tachyon Cutter|p1a: Samurott
|-resisted|p1a: Samurott
|-damage|p1a: Samurott|87/100
|-resisted|p1a: Samurott
|-damage|p1a: Samurott|74/100
|-hitcount|p1a: Samurott|2
|
|upkeep
|turn|2
|
|t:|1758969777
|-end|p2a: Iron Crown|Quark Drive|[silent]
|switch|p2a: Great Tusk|Great Tusk|100/100
|move|p1a: Samurott|Ceaseless Edge|p2a: Great Tusk
|-resisted|p2a: Great Tusk
|-damage|p2a: Great Tusk|86/100
|-damage|p1a: Samurott|58/100|[from] item: Rocky Helmet|[of] p2a: Great Tusk
|-sidestart|p2: abravioustinkaton|Spikes
|
|upkeep
|turn|3
|
|t:|1758969782
|switch|p1a: Tornadus|Tornadus-Therian, M|100/100
|move|p2a: Great Tusk|Stealth Rock|p1a: Tornadus
|-sidestart|p1: Javi|move: Stealth Rock
|
|upkeep
|turn|4
|
|t:|1758969785
|-end|p2a: Great Tusk|Protosynthesis|[silent]
|switch|p2a: Club Paratwice|Zapdos|100/100
|move|p1a: Tornadus|Knock Off|p2a: Club Paratwice
|-damage|p2a: Club Paratwice|86/100
|-enditem|p2a: Club Paratwice|Heavy-Duty Boots|[from] move: Knock Off|[of] p1a: Tornadus
|
|upkeep
|turn|5
|
|t:|1758969796
|switch|p1a: Gholdengo|Gholdengo|100/100
|-damage|p1a: Gholdengo|94/100|[from] Stealth Rock
|-item|p1a: Gholdengo|Air Balloon
|move|p2a: Club Paratwice|Volt Switch|p1a: Gholdengo
|-damage|p1a: Gholdengo|65/100
|-enditem|p1a: Gholdengo|Air Balloon
|
|t:|1758969801
|switch|p2a: Samurott|Samurott-Hisui, M|100/100|[from] Volt Switch
|-damage|p2a: Samurott|88/100|[from] Spikes
|
|upkeep
|turn|6
|
|t:|1758969803
|switch|p1a: Great Tusk|Great Tusk|100/100
|move|p2a: Samurott|Razor Shell|p1a: Great Tusk
|-supereffective|p1a: Great Tusk
|-damage|p1a: Great Tusk|29/100
|-unboost|p1a: Great Tusk|def|1
|
|upkeep
|turn|7
|
|t:|1758969806
|move|p1a: Great Tusk|Stealth Rock|p2a: Samurott
|-sidestart|p2: abravioustinkaton|move: Stealth Rock
|move|p2a: Samurott|Razor Shell|p1a: Great Tusk
|-supereffective|p1a: Great Tusk
|-damage|p1a: Great Tusk|0 fnt
|faint|p1a: Great Tusk
|-end|p1a: Great Tusk|Protosynthesis|[silent]
|
|upkeep
|
|t:|1758969811
|switch|p1a: Kyurem|Kyurem|100/100
|-damage|p1a: Kyurem|76/100|[from] Stealth Rock
|-ability|p1a: Kyurem|Pressure
|turn|8
|
|t:|1758969815
|move|p1a: Kyurem|Earth Power|p2a: Samurott
|-damage|p2a: Samurott|50/100
|move|p2a: Samurott|Ceaseless Edge|p1a: Kyurem
|-damage|p1a: Kyurem|37/100
|-sidestart|p1: Javi|Spikes
|
|upkeep
|turn|9
|
|t:|1758969818
|move|p1a: Kyurem|Earth Power|p2a: Samurott
|-damage|p2a: Samurott|10/100
|move|p2a: Samurott|Ceaseless Edge|p1a: Kyurem|[miss]
|-miss|p2a: Samurott|p1a: Kyurem
|
|upkeep
|turn|10
|
|t:|1758969824
|switch|p2a: Club Paratwice|Zapdos|86/100
|-damage|p2a: Club Paratwice|61/100|[from] Stealth Rock
|move|p1a: Kyurem|Earth Power|p2a: Club Paratwice
|-immune|p2a: Club Paratwice
|
|upkeep
|turn|11
|
|t:|1758969828
|switch|p1a: Samurott|Samurott-Hisui, M|58/100
|-damage|p1a: Samurott|46/100|[from] Stealth Rock
|-damage|p1a: Samurott|33/100|[from] Spikes
|move|p2a: Club Paratwice|Roost|p2a: Club Paratwice
|-heal|p2a: Club Paratwice|100/100
|-singleturn|p2a: Club Paratwice|move: Roost
|
|upkeep
|turn|12
|j| wgw2333
|
|t:|1758969831
|move|p2a: Club Paratwice|Thunder Wave|p1a: Samurott
|-status|p1a: Samurott|par
|move|p1a: Samurott|Ceaseless Edge|p2a: Club Paratwice
|-damage|p2a: Club Paratwice|68/100
|-sidestart|p2: abravioustinkaton|Spikes
|
|upkeep
|turn|13
|
|t:|1758969836
|move|p1a: Samurott|Sucker Punch||[still]
|-fail|p1a: Samurott
|move|p2a: Club Paratwice|Roost|p2a: Club Paratwice
|-heal|p2a: Club Paratwice|100/100
|-singleturn|p2a: Club Paratwice|move: Roost
|
|upkeep
|turn|14
|
|t:|1758969839
|cant|p1a: Samurott|par
|move|p2a: Club Paratwice|Hurricane|p1a: Samurott
|-damage|p1a: Samurott|2/100 par
|
|upkeep
|turn|15
|
|t:|1758969841
|switch|p2a: Great Tusk|Great Tusk|86/100
|-damage|p2a: Great Tusk|70/100|[from] Spikes
|-damage|p2a: Great Tusk|67/100|[from] Stealth Rock
|move|p1a: Samurott|Sucker Punch||[still]
|-fail|p1a: Samurott
|
|upkeep
|turn|16
|
|t:|1758969846
|move|p1a: Samurott|Sucker Punch|p2a: Great Tusk
|-resisted|p2a: Great Tusk
|-damage|p2a: Great Tusk|55/100
|-damage|p1a: Samurott|0 fnt|[from] item: Rocky Helmet|[of] p2a: Great Tusk
|faint|p1a: Samurott
|move|p2a: Great Tusk|Headlong Rush|p1: Samurott|[notarget]
|-fail|p2a: Great Tusk
|
|upkeep
|
|t:|1758969850
|switch|p1a: Tornadus|Tornadus-Therian, M|100/100
|turn|17
|
|t:|1758969857
|-terastallize|p2a: Great Tusk|Steel
|move|p1a: Tornadus|Bleakwind Storm|p2a: Great Tusk
|-resisted|p2a: Great Tusk
|-damage|p2a: Great Tusk|27/100
|move|p2a: Great Tusk|Rapid Spin|p1a: Tornadus
|-damage|p1a: Tornadus|80/100
|-boost|p2a: Great Tusk|spe|1
|-sideend|p2: abravioustinkaton|Spikes|[from] move: Rapid Spin|[of] p2a: Great Tusk
|-sideend|p2: abravioustinkaton|Stealth Rock|[from] move: Rapid Spin|[of] p2a: Great Tusk
|
|upkeep
|turn|18
|-message|Javi forfeited.
|
|win|abravioustinkaton
|raw|Javi's rating: 1715 &rarr; <strong>1701</strong><br />(-14 for losing)
|raw|abravioustinkaton's rating: 1831 &rarr; <strong>1845</strong><br />(+14 for winning)
|l|☆Javi
|player|p1|
|j| ybah
|l|☆abravioustinkaton
|player|p2|
|l| wgw2333
|j| cryyysneasel
|l| cryyysneasel
|l| ybah
