|j|☆kian740800
|j|☆zeqiangtian
|t:|1759050475
|gametype|singles
|player|p1|kian740800|pokekid|1059
|player|p2|zeqiangtian|cynthia|1083
|gen|9
|tier|[Gen 9] OU
|rated|
|rule|HP Percentage Mod: HP is shown in percentages
|rule|Endless Battle Clause: Forcing endless battles is banned
|rule|Species Clause: Limit one of each Pokémon
|rule|OHKO Clause: OHKO moves are banned
|rule|Evasion Items Clause: Evasion items are banned
|rule|Evasion Moves Clause: Evasion moves are banned
|rule|Evasion Abilities Clause: Evasion abilities are banned
|rule|Sleep Moves Clause: Sleep-inducing moves are banned
|clearpoke
|poke|p1|Ursaluna, F|
|poke|p1|Dusclops, M|
|poke|p1|Skarmory, M|
|poke|p1|Araquanid, M|
|poke|p1|Gliscor, F|
|poke|p1|Ogerpon, F|
|poke|p2|Ambipom, F|
|poke|p2|Infernape, F|
|poke|p2|Alomomola, F|
|poke|p2|Gliscor, M|
|poke|p2|Grimmsnarl, M|
|poke|p2|Tentacruel, F|
|teampreview
|
|t:|1759050502
|teamsize|p1|6
|teamsize|p2|6
|start
|switch|p1a: Skarmory|Skarmory, M|100/100
|switch|p2a: Ambipom|Ambipom, F|100/100
|turn|1
|
|t:|1759050509
|move|p2a: Ambipom|Fake Out|p1a: Skarmory
|-resisted|p1a: Skarmory
|-damage|p1a: Skarmory|90/100
|-damage|p2a: Ambipom|84/100|[from] item: Rocky Helmet|[of] p1a: Skarmory
|cant|p1a: Skarmory|flinch
|
|upkeep
|turn|2
|
|t:|1759050526
|switch|p2a: Gliscor|Gliscor, M|100/100
|move|p1a: Skarmory|Spikes|p2a: Gliscor
|-sidestart|p2: zeqiangtian|Spikes
|
|-status|p2a: Gliscor|tox|[from] item: Toxic Orb
|upkeep
|turn|3
|
|t:|1759050536
|move|p2a: Gliscor|Knock Off|p1a: Skarmory
|-damage|p1a: Skarmory|77/100
|-damage|p2a: Gliscor|84/100 tox|[from] item: Rocky Helmet|[of] p1a: Skarmory
|-enditem|p1a: Skarmory|Rocky Helmet|[from] move: Knock Off|[of] p2a: Gliscor
|move|p1a: Skarmory|Tailwind|p1a: Skarmory
|-sidestart|p1: kian740800|move: Tailwind
|
|-heal|p2a: Gliscor|96/100 tox|[from] ability: Poison Heal
|upkeep
|turn|4
|
|t:|1759050548
|switch|p1a: Araquanid|Araquanid, M|100/100
|move|p2a: Gliscor|Stealth Rock|p1a: Araquanid
|-sidestart|p1: kian740800|move: Stealth Rock
|
|-heal|p2a: Gliscor|100/100 tox|[from] ability: Poison Heal
|upkeep
|turn|5
|
|t:|1759050557
|move|p1a: Araquanid|Liquidation|p2a: Gliscor
|-supereffective|p2a: Gliscor
|-damage|p2a: Gliscor|2/100 tox
|move|p2a: Gliscor|Knock Off|p1a: Araquanid
|-damage|p1a: Araquanid|77/100
|-enditem|p1a: Araquanid|Splash Plate|[from] move: Knock Off|[of] p2a: Gliscor
|
|-heal|p2a: Gliscor|15/100 tox|[from] ability: Poison Heal
|upkeep
|turn|6
|
|t:|1759050572
|move|p2a: Gliscor|Protect|p2a: Gliscor
|-singleturn|p2a: Gliscor|Protect
|move|p1a: Araquanid|Liquidation|p2a: Gliscor
|-activate|p2a: Gliscor|move: Protect
|
|-heal|p2a: Gliscor|27/100 tox|[from] ability: Poison Heal
|-sideend|p1: kian740800|move: Tailwind
|upkeep
|turn|7
|
|t:|1759050583
|switch|p2a: Alomomola|Alomomola, F|100/100
|-damage|p2a: Alomomola|88/100|[from] Spikes
|move|p1a: Araquanid|Liquidation|p2a: Alomomola
|-resisted|p2a: Alomomola
|-damage|p2a: Alomomola|67/100
|
|upkeep
|turn|8
|
|t:|1759050596
|switch|p1a: Skarmory|Skarmory, M|77/100
|-damage|p1a: Skarmory|65/100|[from] Stealth Rock
|move|p2a: Alomomola|Flip Turn|p1a: Skarmory
|-damage|p1a: Skarmory|56/100
|
|t:|1759050604
|switch|p2a: Tentacruel|Tentacruel, F|100/100|[from] Flip Turn
|-damage|p2a: Tentacruel|88/100|[from] Spikes
|
|-heal|p2a: Tentacruel|94/100|[from] item: Black Sludge
|upkeep
|turn|9
|
|t:|1759050614
|move|p2a: Tentacruel|Rapid Spin|p1a: Skarmory
|-resisted|p1a: Skarmory
|-damage|p1a: Skarmory|54/100
|-boost|p2a: Tentacruel|spe|1
|-sideend|p2: zeqiangtian|Spikes|[from] move: Rapid Spin|[of] p2a: Tentacruel
|move|p1a: Skarmory|Tailwind|p1a: Skarmory
|-sidestart|p1: kian740800|move: Tailwind
|
|-heal|p2a: Tentacruel|99/100|[from] item: Black Sludge
|upkeep
|turn|10
|
|t:|1759050627
|switch|p1a: Ursaluna|Ursaluna, F|100/100
|-damage|p1a: Ursaluna|94/100|[from] Stealth Rock
|move|p2a: Tentacruel|Flip Turn|p1a: Ursaluna
|-supereffective|p1a: Ursaluna
|-damage|p1a: Ursaluna|76/100
|
|t:|1759050639
|switch|p2a: Ambipom|Ambipom, F|84/100|[from] Flip Turn
|
|-status|p1a: Ursaluna|brn|[from] item: Flame Orb
|upkeep
|turn|11
|
|t:|1759050651
|-terastallize|p1a: Ursaluna|Normal
|move|p2a: Ambipom|Fake Out|p1a: Ursaluna
|-damage|p1a: Ursaluna|51/100 brn
|cant|p1a: Ursaluna|flinch
|
|-damage|p1a: Ursaluna|45/100 brn|[from] brn
|upkeep
|turn|12
|
|t:|1759050670
|switch|p2a: Gliscor|Gliscor, M|27/100 tox
|move|p1a: Ursaluna|Drain Punch|p2a: Gliscor
|-resisted|p2a: Gliscor
|-damage|p2a: Gliscor|13/100 tox
|-heal|p1a: Ursaluna|51/100 brn|[from] drain|[of] p2a: Gliscor
|
|-heal|p2a: Gliscor|26/100 tox|[from] ability: Poison Heal
|-damage|p1a: Ursaluna|45/100 brn|[from] brn
|-sideend|p1: kian740800|move: Tailwind
|upkeep
|turn|13
|
|t:|1759050683
|move|p2a: Gliscor|Protect|p2a: Gliscor
|-singleturn|p2a: Gliscor|Protect
|move|p1a: Ursaluna|Facade|p2a: Gliscor
|-activate|p2a: Gliscor|move: Protect
|
|-heal|p2a: Gliscor|38/100 tox|[from] ability: Poison Heal
|-damage|p1a: Ursaluna|39/100 brn|[from] brn
|upkeep
|turn|14
|
|t:|1759050700
|move|p2a: Gliscor|Knock Off|p1a: Ursaluna
|-damage|p1a: Ursaluna|24/100 brn
|-enditem|p1a: Ursaluna|Flame Orb|[from] move: Knock Off|[of] p2a: Gliscor
|move|p1a: Ursaluna|Facade|p2a: Gliscor
|-damage|p2a: Gliscor|0 fnt
|faint|p2a: Gliscor
|
|-damage|p1a: Ursaluna|18/100 brn|[from] brn
|upkeep
|
|t:|1759050712
|switch|p2a: Ambipom|Ambipom, F|84/100
|turn|15
|
|t:|1759050716
|move|p2a: Ambipom|Fake Out|p1a: Ursaluna
|-damage|p1a: Ursaluna|0 fnt
|faint|p1a: Ursaluna
|
|upkeep
|
|t:|1759050720
|switch|p1a: Gliscor|Gliscor, F|100/100
|-damage|p1a: Gliscor|88/100|[from] Stealth Rock
|turn|16
|
|t:|1759050728
|move|p2a: Ambipom|Triple Axel|p1a: Gliscor
|-supereffective|p1a: Gliscor
|-damage|p1a: Gliscor|58/100
|-supereffective|p1a: Gliscor
|-damage|p1a: Gliscor|0 fnt
|faint|p1a: Gliscor
|-hitcount|p1: Gliscor|2
|
|upkeep
|
|t:|1759050736
|switch|p1a: Ogerpon|Ogerpon, F|100/100
|turn|17
|
|t:|1759050752
|move|p2a: Ambipom|U-turn|p1a: Ogerpon
|-supereffective|p1a: Ogerpon
|-damage|p1a: Ogerpon|52/100
|
|t:|1759050757
|switch|p2a: Infernape|Infernape, F|100/100|[from] U-turn
|move|p1a: Ogerpon|Brick Break|p2a: Infernape
|-damage|p2a: Infernape|61/100
|
|upkeep
|turn|18
|
|t:|1759050769
|switch|p1a: Dusclops|Dusclops, M|100/100
|-damage|p1a: Dusclops|88/100|[from] Stealth Rock
|-ability|p1a: Dusclops|Pressure
|move|p2a: Infernape|Fake Out|p1a: Dusclops
|-immune|p1a: Dusclops
|
|upkeep
|turn|19
|
|t:|1759050779
|move|p2a: Infernape|U-turn|p1a: Dusclops
|-resisted|p1a: Dusclops
|-damage|p1a: Dusclops|83/100
|
|t:|1759050793
|switch|p2a: Tentacruel|Tentacruel, F|99/100|[from] U-turn
|move|p1a: Dusclops|Trick Room|p1a: Dusclops
|-fieldstart|move: Trick Room|[of] p1a: Dusclops
|
|-heal|p2a: Tentacruel|100/100|[from] item: Black Sludge
|upkeep
|turn|20
|
|t:|1759050805
|switch|p1a: Skarmory|Skarmory, M|54/100
|-damage|p1a: Skarmory|42/100|[from] Stealth Rock
|move|p2a: Tentacruel|Toxic Spikes|p1a: Skarmory
|-sidestart|p1: kian740800|move: Toxic Spikes
|
|upkeep
|turn|21
|
|t:|1759050816
|move|p1a: Skarmory|Drill Peck|p2a: Tentacruel
|-crit|p2a: Tentacruel
|-damage|p2a: Tentacruel|52/100
|move|p2a: Tentacruel|Flip Turn|p1a: Skarmory
|-damage|p1a: Skarmory|33/100
|
|t:|1759050824
|switch|p2a: Alomomola|Alomomola, F|99/100|[from] Flip Turn
|
|upkeep
|turn|22
|
|t:|1759050830
|move|p2a: Alomomola|Wish|p2a: Alomomola
|move|p1a: Skarmory|Tailwind|p1a: Skarmory
|-sidestart|p1: kian740800|move: Tailwind
|
|upkeep
|turn|23
|
|t:|1759050835
|move|p2a: Alomomola|Flip Turn|p1a: Skarmory
|-damage|p1a: Skarmory|23/100
|
|t:|1759050844
|switch|p2a: Tentacruel|Tentacruel, F|52/100|[from] Flip Turn
|move|p1a: Skarmory|Drill Peck|p2a: Tentacruel
|-damage|p2a: Tentacruel|22/100
|
|-heal|p2a: Tentacruel|95/100|[from] move: Wish|[wisher] Alomomola
|-heal|p2a: Tentacruel|100/100|[from] item: Black Sludge
|-fieldend|move: Trick Room
|upkeep
|turn|24
|
|t:|1759050855
|move|p1a: Skarmory|Drill Peck|p2a: Tentacruel
|-damage|p2a: Tentacruel|70/100
|move|p2a: Tentacruel|Toxic Spikes|p1a: Skarmory
|-sidestart|p1: kian740800|move: Toxic Spikes
|
|-heal|p2a: Tentacruel|76/100|[from] item: Black Sludge
|upkeep
|turn|25
|
|t:|1759050863
|move|p1a: Skarmory|Drill Peck|p2a: Tentacruel
|-damage|p2a: Tentacruel|44/100
|move|p2a: Tentacruel|Flip Turn|p1a: Skarmory
|-damage|p1a: Skarmory|13/100
|
|t:|1759050873
|switch|p2a: Ambipom|Ambipom, F|84/100|[from] Flip Turn
|
|-sideend|p1: kian740800|move: Tailwind
|upkeep
|turn|26
|
|t:|1759050884
|switch|p1a: Dusclops|Dusclops, M|83/100
|-damage|p1a: Dusclops|71/100|[from] Stealth Rock
|-status|p1a: Dusclops|tox
|-ability|p1a: Dusclops|Pressure
|move|p2a: Ambipom|Triple Axel|p1a: Dusclops
|-damage|p1a: Dusclops|65/100 tox
|-damage|p1a: Dusclops|54/100 tox
|-damage|p1a: Dusclops|35/100 tox
|-hitcount|p1a: Dusclops|3
|
|-damage|p1a: Dusclops|29/100 tox|[from] psn
|upkeep
|turn|27
|
|t:|1759050902
|move|p2a: Ambipom|Triple Axel|p1a: Dusclops|[miss]
|-miss|p2a: Ambipom|p1a: Dusclops
|move|p1a: Dusclops|Will-O-Wisp|p2a: Ambipom
|-status|p2a: Ambipom|brn
|
|-damage|p1a: Dusclops|17/100 tox|[from] psn
|-damage|p2a: Ambipom|78/100 brn|[from] brn
|upkeep
|turn|28
|
|t:|1759050919
|move|p2a: Ambipom|Triple Axel|p1a: Dusclops|[miss]
|-miss|p2a: Ambipom|p1a: Dusclops
|move|p1a: Dusclops|Trick Room|p1a: Dusclops
|-fieldstart|move: Trick Room|[of] p1a: Dusclops
|
|-damage|p1a: Dusclops|0 fnt|[from] psn
|faint|p1a: Dusclops
|-damage|p2a: Ambipom|72/100 brn|[from] brn
|upkeep
|
|t:|1759050928
|switch|p1a: Ogerpon|Ogerpon, F|52/100
|turn|29
|
|t:|1759050937
|move|p1a: Ogerpon|Brick Break|p2a: Ambipom
|-supereffective|p2a: Ambipom
|-damage|p2a: Ambipom|0 fnt
|faint|p2a: Ambipom
|
|upkeep
|
|t:|1759050943
|switch|p2a: Grimmsnarl|Grimmsnarl, M|100/100
|turn|30
|
|t:|1759050963
|move|p2a: Grimmsnarl|Fake Out|p1a: Ogerpon
|-damage|p1a: Ogerpon|35/100
|cant|p1a: Ogerpon|flinch
|
|upkeep
|turn|31
|
|t:|1759050976
|move|p2a: Grimmsnarl|Sucker Punch|p1a: Ogerpon
|-damage|p1a: Ogerpon|0 fnt
|faint|p1a: Ogerpon
|
|upkeep
|
|t:|1759050982
|switch|p1a: Skarmory|Skarmory, M|13/100
|-damage|p1a: Skarmory|1/100|[from] Stealth Rock
|turn|32
|
|t:|1759050990
|move|p2a: Grimmsnarl|Sucker Punch||[still]
|-fail|p2a: Grimmsnarl
|move|p1a: Skarmory|Tailwind|p1a: Skarmory
|-sidestart|p1: kian740800|move: Tailwind
|
|-fieldend|move: Trick Room
|upkeep
|turn|33
|
|t:|1759050998
|move|p2a: Grimmsnarl|Sucker Punch|p1a: Skarmory
|-damage|p1a: Skarmory|0 fnt
|faint|p1a: Skarmory
|
|upkeep
|
|t:|1759051002
|switch|p1a: Araquanid|Araquanid, M|77/100
|-damage|p1a: Araquanid|52/100|[from] Stealth Rock
|-status|p1a: Araquanid|tox
|turn|34
|
|t:|1759051008
|move|p2a: Grimmsnarl|Parting Shot|p1a: Araquanid
|-unboost|p1a: Araquanid|atk|1
|-unboost|p1a: Araquanid|spa|1
|
|t:|1759051012
|switch|p2a: Alomomola|Alomomola, F|100/100|[from] Parting Shot
|move|p1a: Araquanid|Leech Life|p2a: Alomomola
|-damage|p2a: Alomomola|87/100
|-heal|p1a: Araquanid|65/100 tox|[from] drain|[of] p2a: Alomomola
|
|-damage|p1a: Araquanid|59/100 tox|[from] psn
|upkeep
|turn|35
|
|t:|1759051023
|move|p1a: Araquanid|Leech Life|p2a: Alomomola
|-damage|p2a: Alomomola|73/100
|-heal|p1a: Araquanid|72/100 tox|[from] drain|[of] p2a: Alomomola
|move|p2a: Alomomola|Wish|p2a: Alomomola
|
|-damage|p1a: Araquanid|60/100 tox|[from] psn
|-sideend|p1: kian740800|move: Tailwind
|upkeep
|turn|36
|
|t:|1759051032
|move|p2a: Alomomola|Flip Turn|p1a: Araquanid
|-resisted|p1a: Araquanid
|-crit|p1a: Araquanid
|-damage|p1a: Araquanid|48/100 tox
|
|t:|1759051038
|switch|p2a: Tentacruel|Tentacruel, F|44/100|[from] Flip Turn
|move|p1a: Araquanid|Leech Life|p2a: Tentacruel
|-resisted|p2a: Tentacruel
|-damage|p2a: Tentacruel|31/100
|-damage|p1a: Araquanid|40/100 tox|[from] ability: Liquid Ooze|[of] p2a: Tentacruel
|
|-heal|p2a: Tentacruel|100/100|[from] move: Wish|[wisher] Alomomola
|-damage|p1a: Araquanid|22/100 tox|[from] psn
|upkeep
|turn|37
|
|t:|1759051053
|move|p2a: Tentacruel|Flip Turn|p1a: Araquanid
|-resisted|p1a: Araquanid
|-crit|p1a: Araquanid
|-damage|p1a: Araquanid|10/100 tox
|
|t:|1759051059
|switch|p2a: Alomomola|Alomomola, F|100/100|[from] Flip Turn
|move|p1a: Araquanid|Aqua Ring|p1a: Araquanid
|-start|p1a: Araquanid|Aqua Ring
|
|-heal|p1a: Araquanid|16/100 tox|[from] Aqua Ring
|-damage|p1a: Araquanid|0 fnt|[from] psn
|faint|p1a: Araquanid
|
|win|zeqiangtian
|raw|kian740800's rating: 1059 &rarr; <strong>1041</strong><br />(-18 for losing)
|raw|zeqiangtian's rating: 1083 &rarr; <strong>1109</strong><br />(+26 for winning)
|l|☆zeqiangtian
|player|p2|
