|j|☆overheat xyz
|j|☆Johnny tots
|t:|1758979715
|gametype|singles
|player|p1|overheat xyz|266|1617
|player|p2|Johnny tots|266|1636
|gen|9
|tier|[Gen 9] OU
|rated|
|rule|HP Percentage Mod: HP is shown in percentages
|rule|Endless Battle Clause: Forcing endless battles is banned
|rule|Species Clause: Limit one of each Pokémon
|rule|OHKO Clause: OHKO moves are banned
|rule|Evasion Items Clause: Evasion items are banned
|rule|Evasion Moves Clause: Evasion moves are banned
|rule|Evasion Abilities Clause: Evasion abilities are banned
|rule|Sleep Moves Clause: Sleep-inducing moves are banned
|clearpoke
|poke|p1|Kingambit, M|
|poke|p1|Garganacl, F|
|poke|p1|Rillaboom, F|
|poke|p1|Primarina, M|
|poke|p1|Dragapult, M|
|poke|p1|Corviknight, F|
|poke|p2|Rillaboom, F|
|poke|p2|Klefki, F|
|poke|p2|Manaphy|
|poke|p2|Ogerpon-Wellspring, F|
|poke|p2|Clefable, M|
|poke|p2|Dragapult, F|
|teampreview
|
|t:|1758979741
|teamsize|p1|6
|teamsize|p2|6
|start
|switch|p1a: Primarina|Primarina, M|100/100
|switch|p2a: Rillaboom|Rillaboom, F|100/100
|-fieldstart|move: Grassy Terrain|[from] ability: Grassy Surge|[of] p2a: Rillaboom
|turn|1
|
|t:|1758979754
|switch|p1a: Corviknight|Corviknight, F|100/100
|-ability|p1a: Corviknight|Pressure
|move|p2a: Rillaboom|Bulk Up|p2a: Rillaboom
|-boost|p2a: Rillaboom|atk|1
|-boost|p2a: Rillaboom|def|1
|
|upkeep
|turn|2
|
|t:|1758979758
|move|p2a: Rillaboom|Knock Off|p1a: Corviknight
|-damage|p1a: Corviknight|70/100
|-damage|p2a: Rillaboom|84/100|[from] item: Rocky Helmet|[of] p1a: Corviknight
|-enditem|p1a: Corviknight|Rocky Helmet|[from] move: Knock Off|[of] p2a: Rillaboom
|move|p1a: Corviknight|Iron Defense|p1a: Corviknight
|-boost|p1a: Corviknight|def|2
|
|-heal|p2a: Rillaboom|90/100|[from] Grassy Terrain
|upkeep
|turn|3
|
|t:|1758979766
|switch|p2a: Clefable|Clefable, M|100/100
|move|p1a: Corviknight|Roost|p1a: Corviknight
|-heal|p1a: Corviknight|100/100
|-singleturn|p1a: Corviknight|move: Roost
|
|upkeep
|turn|4
|inactive|Battle timer is ON: inactive players will automatically lose when time's up. (requested by Johnny tots)
|
|t:|1758979773
|switch|p1a: Primarina|Primarina, M|100/100
|switch|p2a: Klefki|Klefki, F|100/100
|
|upkeep
|turn|5
|
|t:|1758979778
|move|p2a: Klefki|Light Screen|p2a: Klefki
|-sidestart|p2: Johnny tots|move: Light Screen
|move|p1a: Primarina|Whirlpool|p2a: Klefki
|-crit|p2a: Klefki
|-damage|p2a: Klefki|65/100
|-activate|p2a: Klefki|move: Whirlpool|[of] p1a: Primarina
|
|-heal|p2a: Klefki|71/100|[from] Grassy Terrain
|-damage|p2a: Klefki|59/100|[from] move: Whirlpool|[partiallytrapped]
|upkeep
|turn|6
|
|t:|1758979787
|move|p2a: Klefki|Thunder Wave|p1a: Primarina
|-status|p1a: Primarina|par
|move|p1a: Primarina|Surf|p2a: Klefki
|-damage|p2a: Klefki|28/100
|
|-heal|p2a: Klefki|34/100|[from] Grassy Terrain
|-damage|p2a: Klefki|22/100|[from] move: Whirlpool|[partiallytrapped]
|upkeep
|turn|7
|
|t:|1758979794
|move|p2a: Klefki|Reflect|p2a: Klefki
|-sidestart|p2: Johnny tots|Reflect
|move|p1a: Primarina|Surf|p2a: Klefki
|-damage|p2a: Klefki|0 fnt
|faint|p2a: Klefki
|
|upkeep
|
|t:|1758979807
|switch|p2a: Clefable|Clefable, M|100/100
|turn|8
|
|t:|1758979819
|switch|p1a: Corviknight|Corviknight, F|100/100
|-ability|p1a: Corviknight|Pressure
|move|p2a: Clefable|Calm Mind|p2a: Clefable
|-boost|p2a: Clefable|spa|1
|-boost|p2a: Clefable|spd|1
|
|-fieldend|move: Grassy Terrain
|upkeep
|turn|9
|
|t:|1758979847
|move|p1a: Corviknight|Defog|p2a: Clefable
|-unboost|p2a: Clefable|evasion|1
|-sideend|p2: Johnny tots|Reflect
|-sideend|p2: Johnny tots|move: Light Screen
|move|p2a: Clefable|Fire Blast|p1a: Corviknight
|-supereffective|p1a: Corviknight
|-crit|p1a: Corviknight
|-damage|p1a: Corviknight|0 fnt
|faint|p1a: Corviknight
|
|upkeep
|
|t:|1758979852
|switch|p1a: Rillaboom|Rillaboom, F|100/100
|-fieldstart|move: Grassy Terrain|[from] ability: Grassy Surge|[of] p1a: Rillaboom
|turn|10
|inactive|Johnny tots has 120 seconds left.
|
|t:|1758979886
|switch|p2a: Cutmylifein2|Dragapult, F|100/100
|-terastallize|p1a: Rillaboom|Grass
|move|p1a: Rillaboom|Wood Hammer|p2a: Cutmylifein2
|-resisted|p2a: Cutmylifein2
|-crit|p2a: Cutmylifein2
|-damage|p2a: Cutmylifein2|0 fnt
|faint|p2a: Cutmylifein2
|-damage|p1a: Rillaboom|65/100|[from] Recoil
|
|-heal|p1a: Rillaboom|71/100|[from] Grassy Terrain
|upkeep
|
|t:|1758979892
|switch|p2a: Rillaboom|Rillaboom, F|90/100
|turn|11
|
|t:|1758979904
|move|p1a: Rillaboom|Wood Hammer|p2a: Rillaboom
|-resisted|p2a: Rillaboom
|-damage|p2a: Rillaboom|0 fnt
|faint|p2a: Rillaboom
|-damage|p1a: Rillaboom|39/100|[from] Recoil
|
|-heal|p1a: Rillaboom|45/100|[from] Grassy Terrain
|upkeep
|
|t:|1758979918
|switch|p2a: Ogerpon|Ogerpon-Wellspring, F|100/100
|turn|12
|
|t:|1758979929
|switch|p1a: Kingambit|Kingambit, M|100/100
|-activate|p1a: Kingambit|ability: Supreme Overlord
|-start|p1a: Kingambit|fallen1|[silent]
|-enditem|p1a: Kingambit|Grassy Seed
|-boost|p1a: Kingambit|def|1|[from] item: Grassy Seed
|move|p2a: Ogerpon|Power Whip|p1a: Kingambit
|-resisted|p1a: Kingambit
|-damage|p1a: Kingambit|76/100
|
|-heal|p1a: Kingambit|82/100|[from] Grassy Terrain
|upkeep
|turn|13
|inactive|Johnny tots has 120 seconds left.
|
|t:|1758979949
|move|p2a: Ogerpon|Ivy Cudgel|p1a: Kingambit|[anim] Ivy Cudgel Water
|-damage|p1a: Kingambit|54/100
|move|p1a: Kingambit|Swords Dance|p1a: Kingambit
|-boost|p1a: Kingambit|atk|2
|
|-heal|p1a: Kingambit|60/100|[from] Grassy Terrain
|upkeep
|turn|14
|inactive|Johnny tots has 120 seconds left.
|
|t:|1758979959
|move|p2a: Ogerpon|Ivy Cudgel|p1a: Kingambit|[anim] Ivy Cudgel Water
|-damage|p1a: Kingambit|31/100
|move|p1a: Kingambit|Kowtow Cleave|p2a: Ogerpon
|-damage|p2a: Ogerpon|0 fnt
|faint|p2a: Ogerpon
|
|-heal|p1a: Kingambit|37/100|[from] Grassy Terrain
|-fieldend|move: Grassy Terrain
|upkeep
|
|t:|1758979962
|switch|p2a: Manaphy|Manaphy|100/100
|turn|15
|
|t:|1758979973
|move|p2a: Manaphy|Scald|p1a: Kingambit
|-damage|p1a: Kingambit|0 fnt
|faint|p1a: Kingambit
|-end|p1a: Kingambit|fallen1|[silent]
|
|upkeep
|
|t:|1758979979
|switch|p1a: Garganacl|Garganacl, F|100/100
|turn|16
|
|t:|1758979983
|switch|p2a: Clefable|Clefable, M|100/100
|move|p1a: Garganacl|Salt Cure|p2a: Clefable
|-damage|p2a: Clefable|86/100
|-start|p2a: Clefable|Salt Cure
|
|-heal|p2a: Clefable|92/100|[from] item: Leftovers
|upkeep
|turn|17
|
|t:|1758979989
|switch|p1a: Dragapult|Dragapult, M|100/100
|move|p2a: Clefable|Moonblast|p1a: Dragapult
|-supereffective|p1a: Dragapult
|-damage|p1a: Dragapult|0 fnt
|faint|p1a: Dragapult
|
|-heal|p2a: Clefable|98/100|[from] item: Leftovers
|upkeep
|
|t:|1758979992
|switch|p1a: Rillaboom|Rillaboom, F, tera:Grass|45/100
|-fieldstart|move: Grassy Terrain|[from] ability: Grassy Surge|[of] p1a: Rillaboom
|turn|18
|
|t:|1758979999
|switch|p2a: Manaphy|Manaphy|100/100
|move|p1a: Rillaboom|Wood Hammer|p2a: Manaphy
|-supereffective|p2a: Manaphy
|-damage|p2a: Manaphy|0 fnt
|faint|p2a: Manaphy
|-damage|p1a: Rillaboom|9/100|[from] Recoil
|
|-heal|p1a: Rillaboom|15/100|[from] Grassy Terrain
|upkeep
|
|t:|1758980000
|switch|p2a: Clefable|Clefable, M|98/100
|turn|19
|
|t:|1758980002
|-terastallize|p2a: Clefable|Steel
|move|p1a: Rillaboom|Wood Hammer|p2a: Clefable
|-resisted|p2a: Clefable
|-damage|p2a: Clefable|18/100
|-damage|p1a: Rillaboom|0 fnt|[from] Recoil
|faint|p1a: Rillaboom
|move|p2a: Clefable|Calm Mind|p2a: Clefable
|-boost|p2a: Clefable|spa|1
|-boost|p2a: Clefable|spd|1
|
|-heal|p2a: Clefable|24/100|[from] Grassy Terrain
|-heal|p2a: Clefable|30/100|[from] item: Leftovers
|upkeep
|
|t:|1758980007
|switch|p1a: Garganacl|Garganacl, F|100/100
|turn|20
|
|t:|1758980010
|move|p2a: Clefable|Moonblast|p1a: Garganacl
|-damage|p1a: Garganacl|61/100
|move|p1a: Garganacl|Salt Cure|p2a: Clefable
|-resisted|p2a: Clefable
|-damage|p2a: Clefable|23/100
|-start|p2a: Clefable|Salt Cure
|
|-heal|p2a: Clefable|29/100|[from] Grassy Terrain
|-heal|p2a: Clefable|35/100|[from] item: Leftovers
|-heal|p1a: Garganacl|67/100|[from] Grassy Terrain
|-heal|p1a: Garganacl|74/100|[from] item: Leftovers
|upkeep
|turn|21
|
|t:|1758980019
|switch|p1a: Primarina|Primarina, M|100/100 par
|move|p2a: Clefable|Calm Mind|p2a: Clefable
|-boost|p2a: Clefable|spa|1
|-boost|p2a: Clefable|spd|1
|
|-heal|p2a: Clefable|41/100|[from] Grassy Terrain
|-heal|p2a: Clefable|47/100|[from] item: Leftovers
|upkeep
|turn|22
|
|t:|1758980023
|move|p2a: Clefable|Moonblast|p1a: Primarina
|-crit|p1a: Primarina
|-damage|p1a: Primarina|36/100 par
|-unboost|p1a: Primarina|spa|1
|cant|p1a: Primarina|par
|
|-heal|p2a: Clefable|54/100|[from] Grassy Terrain
|-heal|p2a: Clefable|60/100|[from] item: Leftovers
|-heal|p1a: Primarina|42/100 par|[from] Grassy Terrain
|-fieldend|move: Grassy Terrain
|upkeep
|turn|23
|-message|overheat xyz forfeited.
|
|win|Johnny tots
|raw|overheat xyz's rating: 1617 &rarr; <strong>1598</strong><br />(-19 for losing)
|raw|Johnny tots's rating: 1636 &rarr; <strong>1655</strong><br />(+19 for winning)
|l|☆overheat xyz
|player|p1|
|l|☆Johnny tots
|player|p2|
