|j|☆superbigmariofan1
|j|☆luxgia
|t:|1759014780
|gametype|singles
|player|p1|superbigmariofan1|iris-gen5bw2|1595
|player|p2|luxgia|byron|1589
|gen|9
|tier|[Gen 9] OU
|rated|
|rule|HP Percentage Mod: HP is shown in percentages
|rule|Endless Battle Clause: Forcing endless battles is banned
|rule|Species Clause: Limit one of each Pokémon
|rule|OHKO Clause: OHKO moves are banned
|rule|Evasion Items Clause: Evasion items are banned
|rule|Evasion Moves Clause: Evasion moves are banned
|rule|Evasion Abilities Clause: Evasion abilities are banned
|rule|Sleep Moves Clause: Sleep-inducing moves are banned
|clearpoke
|poke|p1|Dragonite, F|
|poke|p1|Clefable, M|
|poke|p1|Zamazenta-*|
|poke|p1|Iron Treads|
|poke|p1|Toxapex, F|
|poke|p1|Darkrai|
|poke|p2|Iron Crown|
|poke|p2|Samurott-Hisui, M|
|poke|p2|Zapdos|
|poke|p2|Dragapult, F|
|poke|p2|Great Tusk|
|poke|p2|Iron Boulder|
|teampreview
|inactive|Battle timer is ON: inactive players will automatically lose when time's up. (requested by superbigmariofan1)
|
|t:|1759014804
|teamsize|p1|6
|teamsize|p2|6
|start
|switch|p1a: Zamazenta|Zamazenta|100/100
|switch|p2a: Everytime We Touch|Samurott-Hisui, M|100/100
|-ability|p1a: Zamazenta|Dauntless Shield|boost
|-boost|p1a: Zamazenta|def|1
|turn|1
|
|t:|1759014808
|switch|p2a: Hurikan|Zapdos|100/100
|move|p1a: Zamazenta|Close Combat|p2a: Hurikan
|-resisted|p2a: Hurikan
|-damage|p2a: Hurikan|66/100
|-unboost|p1a: Zamazenta|def|1
|-unboost|p1a: Zamazenta|spd|1
|
|upkeep
|turn|2
|
|t:|1759014811
|switch|p1a: Iron Treads|Iron Treads|100/100
|move|p2a: Hurikan|U-turn|p1a: Iron Treads
|-resisted|p1a: Iron Treads
|-damage|p1a: Iron Treads|96/100
|
|t:|1759014818
|switch|p2a: Pump It|Great Tusk|100/100|[from] U-turn
|
|-heal|p1a: Iron Treads|100/100|[from] item: Leftovers
|upkeep
|turn|3
|
|t:|1759014821
|move|p2a: Pump It|Headlong Rush|p1a: Iron Treads
|-supereffective|p1a: Iron Treads
|-damage|p1a: Iron Treads|6/100
|-unboost|p2a: Pump It|def|1
|-unboost|p2a: Pump It|spd|1
|move|p1a: Iron Treads|Knock Off|p2a: Pump It
|-resisted|p2a: Pump It
|-damage|p2a: Pump It|88/100
|-enditem|p2a: Pump It|Heavy-Duty Boots|[from] move: Knock Off|[of] p1a: Iron Treads
|
|-heal|p1a: Iron Treads|12/100|[from] item: Leftovers
|upkeep
|turn|4
|
|t:|1759014827
|move|p2a: Pump It|Stealth Rock|p1a: Iron Treads
|-sidestart|p1: superbigmariofan1|move: Stealth Rock
|move|p1a: Iron Treads|Rapid Spin|p2a: Pump It
|-damage|p2a: Pump It|75/100
|-boost|p1a: Iron Treads|spe|1
|-sideend|p1: superbigmariofan1|Stealth Rock|[from] move: Rapid Spin|[of] p1a: Iron Treads
|
|-heal|p1a: Iron Treads|19/100|[from] item: Leftovers
|upkeep
|turn|5
|
|t:|1759014836
|-end|p1a: Iron Treads|Quark Drive|[silent]
|switch|p1a: Clefable|Clefable, M|100/100
|move|p2a: Pump It|Headlong Rush|p1a: Clefable
|-damage|p1a: Clefable|51/100
|-unboost|p2a: Pump It|def|1
|-unboost|p2a: Pump It|spd|1
|
|-damage|p2a: Pump It|62/100|[from] item: Sticky Barb
|upkeep
|turn|6
|
|t:|1759014842
|move|p2a: Pump It|Stealth Rock|p1a: Clefable
|-sidestart|p1: superbigmariofan1|move: Stealth Rock
|move|p1a: Clefable|Moonlight|p1a: Clefable
|-heal|p1a: Clefable|100/100
|
|-damage|p2a: Pump It|50/100|[from] item: Sticky Barb
|upkeep
|turn|7
|
|t:|1759014848
|-end|p2a: Pump It|Protosynthesis|[silent]
|switch|p2a: Mindreader|Iron Crown|100/100
|switch|p1a: Dragonite|Dragonite, F|100/100
|
|upkeep
|turn|8
|
|t:|1759014853
|move|p2a: Mindreader|Volt Switch|p1a: Dragonite
|-damage|p1a: Dragonite|83/100
|
|t:|1759014855
|-end|p2a: Mindreader|Quark Drive|[silent]
|switch|p2a: Hurikan|Zapdos|66/100|[from] Volt Switch
|move|p1a: Dragonite|Earthquake|p2a: Hurikan
|-immune|p2a: Hurikan
|
|upkeep
|turn|9
|
|t:|1759014861
|move|p2a: Hurikan|Hurricane|p1a: Dragonite|[miss]
|-miss|p2a: Hurikan|p1a: Dragonite
|move|p1a: Dragonite|Roost|p1a: Dragonite
|-heal|p1a: Dragonite|100/100
|-singleturn|p1a: Dragonite|move: Roost
|
|upkeep
|turn|10
|
|t:|1759014865
|switch|p1a: Toxapex|Toxapex, F|100/100
|-damage|p1a: Toxapex|88/100|[from] Stealth Rock
|move|p2a: Hurikan|Discharge|p1a: Toxapex
|-supereffective|p1a: Toxapex
|-damage|p1a: Toxapex|56/100
|
|upkeep
|turn|11
|
|t:|1759014878
|switch|p2a: Pump It|Great Tusk|50/100
|move|p1a: Toxapex|Sludge Bomb|p2a: Pump It
|-resisted|p2a: Pump It
|-damage|p2a: Pump It|30/100
|
|-damage|p2a: Pump It|17/100|[from] item: Sticky Barb
|upkeep
|turn|12
|
|t:|1759014886
|switch|p1a: Dragonite|Dragonite, F|100/100
|move|p2a: Pump It|Rapid Spin|p1a: Dragonite
|-damage|p1a: Dragonite|91/100
|-boost|p2a: Pump It|spe|1
|
|-damage|p2a: Pump It|5/100|[from] item: Sticky Barb
|upkeep
|turn|13
|
|t:|1759014890
|switch|p1a: Toxapex|Toxapex, F|89/100
|-damage|p1a: Toxapex|77/100|[from] Stealth Rock
|move|p2a: Pump It|Ice Spinner|p1a: Toxapex
|-resisted|p1a: Toxapex
|-damage|p1a: Toxapex|66/100
|
|-damage|p2a: Pump It|0 fnt|[from] item: Sticky Barb
|faint|p2a: Pump It
|-end|p2a: Pump It|Protosynthesis|[silent]
|upkeep
|
|t:|1759014896
|switch|p2a: Everytime We Touch|Samurott-Hisui, M|100/100
|turn|14
|
|t:|1759014898
|switch|p1a: Clefable|Clefable, M|100/100
|move|p2a: Everytime We Touch|Ceaseless Edge|p1a: Clefable|[miss]
|-miss|p2a: Everytime We Touch|p1a: Clefable
|
|upkeep
|turn|15
|
|t:|1759014905
|switch|p2a: Mindreader|Iron Crown|100/100
|move|p1a: Clefable|Stealth Rock|p2a: Mindreader
|-sidestart|p2: luxgia|move: Stealth Rock
|
|upkeep
|turn|16
|
|t:|1759014909
|switch|p1a: Toxapex|Toxapex, F|99/100
|-damage|p1a: Toxapex|87/100|[from] Stealth Rock
|move|p2a: Mindreader|Volt Switch|p1a: Toxapex
|-supereffective|p1a: Toxapex
|-damage|p1a: Toxapex|52/100
|
|t:|1759014913
|-end|p2a: Mindreader|Quark Drive|[silent]
|switch|p2a: Everytime We Touch|Samurott-Hisui, M|100/100|[from] Volt Switch
|-damage|p2a: Everytime We Touch|88/100|[from] Stealth Rock
|
|upkeep
|turn|17
|
|t:|1759014915
|switch|p1a: Clefable|Clefable, M|100/100
|move|p2a: Everytime We Touch|Ceaseless Edge|p1a: Clefable
|-resisted|p1a: Clefable
|-damage|p1a: Clefable|84/100
|-sidestart|p1: superbigmariofan1|Spikes
|
|upkeep
|turn|18
|
|t:|1759014923
|switch|p2a: Mindreader|Iron Crown|100/100
|-damage|p2a: Mindreader|94/100|[from] Stealth Rock
|move|p1a: Clefable|Moonblast|p2a: Mindreader
|-resisted|p2a: Mindreader
|-damage|p2a: Mindreader|80/100
|
|upkeep
|turn|19
|
|t:|1759014928
|switch|p1a: Iron Treads|Iron Treads|19/100
|-damage|p1a: Iron Treads|16/100|[from] Stealth Rock
|-damage|p1a: Iron Treads|3/100|[from] Spikes
|move|p2a: Mindreader|Tachyon Cutter|p1a: Iron Treads
|-resisted|p1a: Iron Treads
|-damage|p1a: Iron Treads|0 fnt
|faint|p1a: Iron Treads
|-end|p1a: Iron Treads|Quark Drive|[silent]
|-hitcount|p1: Iron Treads|1
|
|upkeep
|
|t:|1759014940
|switch|p1a: Zamazenta|Zamazenta|100/100
|-damage|p1a: Zamazenta|94/100|[from] Stealth Rock
|-damage|p1a: Zamazenta|82/100|[from] Spikes
|turn|20
|
|t:|1759014947
|-end|p2a: Mindreader|Quark Drive|[silent]
|switch|p2a: Hurikan|Zapdos|66/100
|move|p1a: Zamazenta|Close Combat|p2a: Hurikan
|-resisted|p2a: Hurikan
|-damage|p2a: Hurikan|28/100
|-unboost|p1a: Zamazenta|def|1
|-unboost|p1a: Zamazenta|spd|1
|-status|p1a: Zamazenta|par|[from] ability: Static|[of] p2a: Hurikan
|
|upkeep
|turn|21
|
|t:|1759014951
|move|p2a: Hurikan|Roost|p2a: Hurikan
|-heal|p2a: Hurikan|79/100
|-singleturn|p2a: Hurikan|move: Roost
|move|p1a: Zamazenta|Close Combat|p2a: Hurikan
|-damage|p2a: Hurikan|13/100
|-unboost|p1a: Zamazenta|def|1
|-unboost|p1a: Zamazenta|spd|1
|
|upkeep
|turn|22
|
|t:|1759014954
|move|p2a: Hurikan|Hurricane|p1a: Zamazenta
|-supereffective|p1a: Zamazenta
|-damage|p1a: Zamazenta|0 fnt
|faint|p1a: Zamazenta
|
|upkeep
|
|t:|1759014956
|switch|p1a: Darkrai|Darkrai|100/100
|-damage|p1a: Darkrai|88/100|[from] Stealth Rock
|-damage|p1a: Darkrai|76/100|[from] Spikes
|turn|23
|
|t:|1759014959
|move|p1a: Darkrai|Sludge Bomb|p2a: Hurikan
|-damage|p2a: Hurikan|0 fnt
|faint|p2a: Hurikan
|
|upkeep
|
|t:|1759014966
|switch|p2a: Revery|Iron Boulder|100/100
|-damage|p2a: Revery|88/100|[from] Stealth Rock
|-enditem|p2a: Revery|Booster Energy
|-activate|p2a: Revery|ability: Quark Drive|[fromitem]
|-start|p2a: Revery|quarkdrivespe
|turn|24
|
|t:|1759014970
|switch|p1a: Clefable|Clefable, M|84/100
|move|p2a: Revery|Swords Dance|p2a: Revery
|-boost|p2a: Revery|atk|2
|
|upkeep
|turn|25
|
|t:|1759014994
|move|p2a: Revery|Zen Headbutt|p1a: Clefable
|-damage|p1a: Clefable|19/100
|move|p1a: Clefable|Moonblast|p2a: Revery
|-damage|p2a: Revery|58/100
|
|upkeep
|turn|26
|
|t:|1759015000
|move|p2a: Revery|Mighty Cleave|p1a: Clefable
|-damage|p1a: Clefable|0 fnt
|faint|p1a: Clefable
|
|upkeep
|
|t:|1759015002
|switch|p1a: Darkrai|Darkrai|76/100
|-damage|p1a: Darkrai|63/100|[from] Stealth Rock
|-damage|p1a: Darkrai|51/100|[from] Spikes
|turn|27
|
|t:|1759015008
|-terastallize|p2a: Revery|Fighting
|move|p1a: Darkrai|Dark Pulse|p2a: Revery
|-resisted|p2a: Revery
|-damage|p2a: Revery|38/100
|move|p2a: Revery|Mighty Cleave|p1a: Darkrai
|-damage|p1a: Darkrai|0 fnt
|faint|p1a: Darkrai
|
|upkeep
|
|t:|1759015010
|switch|p1a: Dragonite|Dragonite, F|91/100
|turn|28
|
|t:|1759015016
|-terastallize|p1a: Dragonite|Normal
|move|p1a: Dragonite|Extreme Speed|p2a: Revery
|-damage|p2a: Revery|0 fnt
|faint|p2a: Revery
|-end|p2a: Revery|Quark Drive|[silent]
|
|upkeep
|
|t:|1759015023
|switch|p2a: Parasite|Dragapult, F|100/100
|-damage|p2a: Parasite|88/100|[from] Stealth Rock
|turn|29
|
|t:|1759015025
|move|p2a: Parasite|Dragon Darts|p1a: Dragonite
|-damage|p1a: Dragonite|53/100
|-anim|p2a: Parasite|Dragon Darts|p1a: Dragonite
|-damage|p1a: Dragonite|15/100
|move|p1a: Dragonite|Dragon Dance|p1a: Dragonite
|-boost|p1a: Dragonite|atk|1
|-boost|p1a: Dragonite|spe|1
|
|upkeep
|turn|30
|
|t:|1759015031
|move|p2a: Parasite|Dragon Darts|p1a: Dragonite
|-damage|p1a: Dragonite|0 fnt
|faint|p1a: Dragonite
|
|upkeep
|-message|superbigmariofan1 forfeited.
|
|win|luxgia
|raw|superbigmariofan1's rating: 1595 &rarr; <strong>1575</strong><br />(-20 for losing)
|raw|luxgia's rating: 1589 &rarr; <strong>1609</strong><br />(+20 for winning)
|l|☆superbigmariofan1
|player|p1|
