|j|☆segserino
|j|☆DREDENIA
|t:|1758978969
|gametype|singles
|player|p1|segserino|veteran|1352
|player|p2|DREDENIA|n|1341
|gen|9
|tier|[Gen 9] OU
|rated|
|rule|HP Percentage Mod: HP is shown in percentages
|rule|Endless Battle Clause: Forcing endless battles is banned
|rule|Species Clause: Limit one of each Pokémon
|rule|OHKO Clause: OHKO moves are banned
|rule|Evasion Items Clause: Evasion items are banned
|rule|Evasion Moves Clause: Evasion moves are banned
|rule|Evasion Abilities Clause: Evasion abilities are banned
|rule|Sleep Moves Clause: Sleep-inducing moves are banned
|clearpoke
|poke|p1|Gholdengo|
|poke|p1|Gengar, M|
|poke|p1|Sableye, M|
|poke|p1|Houndstone, F|
|poke|p1|Mimikyu, M|
|poke|p1|Skeledirge, F|
|poke|p2|Gliscor, M|
|poke|p2|Corviknight, M|
|poke|p2|Slowking-Galar, M|
|poke|p2|Clefable, F|
|poke|p2|Kyurem|
|poke|p2|Ogerpon-Wellspring, F|
|teampreview
|inactive|Battle timer is ON: inactive players will automatically lose when time's up. (requested by segserino)
|
|t:|1758978981
|teamsize|p1|6
|teamsize|p2|6
|start
|switch|p1a: Sableye|Sableye, M|100/100
|switch|p2a: Gliscor|Gliscor, M|100/100
|turn|1
|
|t:|1758978987
|move|p2a: Gliscor|Protect|p2a: Gliscor
|-singleturn|p2a: Gliscor|Protect
|move|p1a: Sableye|Knock Off|p2a: Gliscor
|-activate|p2a: Gliscor|move: Protect
|
|-status|p2a: Gliscor|tox|[from] item: Toxic Orb
|upkeep
|turn|2
|
|t:|1758978996
|move|p1a: Sableye|Taunt|p2a: Gliscor
|-start|p2a: Gliscor|move: Taunt
|cant|p2a: Gliscor|move: Taunt|Stealth Rock
|
|upkeep
|turn|3
|
|t:|1758979003
|move|p2a: Gliscor|Earthquake|p1a: Sableye
|-damage|p1a: Sableye|53/100
|move|p1a: Sableye|Knock Off|p2a: Gliscor
|-damage|p2a: Gliscor|82/100 tox
|-enditem|p2a: Gliscor|Toxic Orb|[from] move: Knock Off|[of] p1a: Sableye
|
|-heal|p2a: Gliscor|95/100 tox|[from] ability: Poison Heal
|upkeep
|turn|4
|
|t:|1758979008
|move|p1a: Sableye|Recover|p1a: Sableye
|-heal|p1a: Sableye|100/100
|move|p2a: Gliscor|Earthquake|p1a: Sableye
|-damage|p1a: Sableye|53/100
|
|-heal|p2a: Gliscor|100/100 tox|[from] ability: Poison Heal
|-end|p2a: Gliscor|move: Taunt
|upkeep
|turn|5
|
|t:|1758979011
|switch|p1a: Houndstone|Houndstone, F|100/100
|move|p2a: Gliscor|Earthquake|p1a: Houndstone
|-damage|p1a: Houndstone|76/100
|
|upkeep
|turn|6
|
|t:|1758979022
|move|p2a: Gliscor|Earthquake|p1a: Houndstone
|-damage|p1a: Houndstone|52/100
|move|p1a: Houndstone|Night Shade|p2a: Gliscor
|-damage|p2a: Gliscor|72/100 tox
|
|-heal|p2a: Gliscor|85/100 tox|[from] ability: Poison Heal
|upkeep
|turn|7
|
|t:|1758979030
|switch|p1a: Skeledirge|Skeledirge, F|100/100
|move|p2a: Gliscor|Protect||[still]
|-fail|p2a: Gliscor
|
|-heal|p2a: Gliscor|97/100 tox|[from] ability: Poison Heal
|upkeep
|turn|8
|
|t:|1758979032
|-terastallize|p1a: Skeledirge|Grass
|move|p2a: Gliscor|Earthquake|p1a: Skeledirge
|-resisted|p1a: Skeledirge
|-damage|p1a: Skeledirge|86/100
|move|p1a: Skeledirge|Torch Song|p2a: Gliscor
|-damage|p2a: Gliscor|69/100 tox
|-boost|p1a: Skeledirge|spa|1
|
|-heal|p2a: Gliscor|82/100 tox|[from] ability: Poison Heal
|upkeep
|turn|9
|
|t:|1758979035
|move|p2a: Gliscor|Toxic|p1a: Skeledirge
|-status|p1a: Skeledirge|tox
|move|p1a: Skeledirge|Torch Song|p2a: Gliscor
|-damage|p2a: Gliscor|43/100 tox
|-boost|p1a: Skeledirge|spa|1
|
|-heal|p2a: Gliscor|55/100 tox|[from] ability: Poison Heal
|-damage|p1a: Skeledirge|80/100 tox|[from] psn
|upkeep
|turn|10
|
|t:|1758979041
|move|p2a: Gliscor|Protect|p2a: Gliscor
|-singleturn|p2a: Gliscor|Protect
|move|p1a: Skeledirge|Slack Off|p1a: Skeledirge
|-heal|p1a: Skeledirge|100/100 tox
|
|-heal|p2a: Gliscor|67/100 tox|[from] ability: Poison Heal
|-damage|p1a: Skeledirge|88/100 tox|[from] psn
|upkeep
|turn|11
|
|t:|1758979046
|move|p2a: Gliscor|Stealth Rock|p1a: Skeledirge
|-sidestart|p1: segserino|move: Stealth Rock
|move|p1a: Skeledirge|Torch Song|p2a: Gliscor
|-damage|p2a: Gliscor|14/100 tox
|-boost|p1a: Skeledirge|spa|1
|
|-heal|p2a: Gliscor|26/100 tox|[from] ability: Poison Heal
|-damage|p1a: Skeledirge|70/100 tox|[from] psn
|upkeep
|turn|12
|
|t:|1758979055
|move|p2a: Gliscor|Protect|p2a: Gliscor
|-singleturn|p2a: Gliscor|Protect
|move|p1a: Skeledirge|Torch Song|p2a: Gliscor
|-activate|p2a: Gliscor|move: Protect
|
|-heal|p2a: Gliscor|39/100 tox|[from] ability: Poison Heal
|-damage|p1a: Skeledirge|46/100 tox|[from] psn
|upkeep
|turn|13
|
|t:|1758979062
|switch|p2a: Clefable|Clefable, F|100/100
|move|p1a: Skeledirge|Torch Song|p2a: Clefable
|-damage|p2a: Clefable|74/100
|-boost|p1a: Skeledirge|spa|1
|
|-heal|p2a: Clefable|80/100|[from] item: Leftovers
|-damage|p1a: Skeledirge|15/100 tox|[from] psn
|upkeep
|turn|14
|
|t:|1758979070
|move|p1a: Skeledirge|Slack Off|p1a: Skeledirge
|-heal|p1a: Skeledirge|65/100 tox
|move|p2a: Clefable|Moonblast|p1a: Skeledirge
|-damage|p1a: Skeledirge|44/100 tox
|-unboost|p1a: Skeledirge|spa|1
|
|-heal|p2a: Clefable|86/100|[from] item: Leftovers
|-damage|p1a: Skeledirge|8/100 tox|[from] psn
|upkeep
|turn|15
|
|t:|1758979075
|switch|p1a: Gholdengo|Gholdengo|100/100
|-damage|p1a: Gholdengo|94/100|[from] Stealth Rock
|move|p2a: Clefable|Moonblast|p1a: Gholdengo
|-resisted|p1a: Gholdengo
|-damage|p1a: Gholdengo|80/100
|
|-heal|p2a: Clefable|92/100|[from] item: Leftovers
|upkeep
|turn|16
|
|t:|1758979084
|switch|p2a: Slowking|Slowking-Galar, M|100/100
|move|p1a: Gholdengo|Nasty Plot|p1a: Gholdengo
|-boost|p1a: Gholdengo|spa|2
|
|upkeep
|turn|17
|
|t:|1758979089
|move|p1a: Gholdengo|Shadow Ball|p2a: Slowking
|-supereffective|p2a: Slowking
|-damage|p2a: Slowking|0 fnt
|faint|p2a: Slowking
|
|upkeep
|
|t:|1758979092
|switch|p2a: Kyurem|Kyurem, shiny|100/100
|-ability|p2a: Kyurem|Pressure
|turn|18
|
|t:|1758979096
|move|p2a: Kyurem|Earth Power|p1a: Gholdengo
|-supereffective|p1a: Gholdengo
|-damage|p1a: Gholdengo|0 fnt
|faint|p1a: Gholdengo
|
|upkeep
|
|t:|1758979102
|switch|p1a: Gengar|Gengar, M|100/100
|-damage|p1a: Gengar|88/100|[from] Stealth Rock
|turn|19
|
|t:|1758979117
|switch|p2a: Corviknight|Corviknight, M, shiny|100/100
|-ability|p2a: Corviknight|Pressure
|move|p1a: Gengar|Substitute|p1a: Gengar
|-start|p1a: Gengar|Substitute
|-damage|p1a: Gengar|63/100
|
|-heal|p1a: Gengar|69/100|[from] item: Leftovers
|upkeep
|turn|20
|
|t:|1758979120
|move|p1a: Gengar|Nasty Plot|p1a: Gengar
|-boost|p1a: Gengar|spa|2
|move|p2a: Corviknight|Brave Bird|p1a: Gengar
|-end|p1a: Gengar|Substitute
|-damage|p2a: Corviknight|95/100|[from] Recoil|[of] p1a: Gengar
|
|-heal|p1a: Gengar|76/100|[from] item: Leftovers
|-heal|p2a: Corviknight|100/100|[from] item: Leftovers
|upkeep
|turn|21
|
|t:|1758979143
|move|p1a: Gengar|Shadow Ball|p2a: Corviknight
|-damage|p2a: Corviknight|13/100
|move|p2a: Corviknight|Brave Bird|p1a: Gengar
|-damage|p1a: Gengar|2/100
|-damage|p2a: Corviknight|0 fnt|[from] Recoil
|faint|p2a: Corviknight
|
|-heal|p1a: Gengar|8/100|[from] item: Leftovers
|upkeep
|
|t:|1758979154
|switch|p2a: Clefable|Clefable, F|92/100
|turn|22
|
|t:|1758979157
|-terastallize|p2a: Clefable|Steel
|move|p1a: Gengar|Sludge Wave|p2a: Clefable
|-immune|p2a: Clefable
|move|p2a: Clefable|Moonblast|p1a: Gengar
|-resisted|p1a: Gengar
|-damage|p1a: Gengar|0 fnt
|faint|p1a: Gengar
|
|-heal|p2a: Clefable|98/100|[from] item: Leftovers
|upkeep
|
|t:|1758979160
|switch|p1a: Skeledirge|Skeledirge, F, tera:Grass|8/100 tox
|turn|23
|
|t:|1758979176
|switch|p2a: Gliscor|Gliscor, M|39/100 tox
|move|p1a: Skeledirge|Slack Off|p1a: Skeledirge
|-heal|p1a: Skeledirge|58/100 tox
|
|-heal|p2a: Gliscor|51/100 tox|[from] ability: Poison Heal
|-damage|p1a: Skeledirge|52/100 tox|[from] psn
|upkeep
|turn|24
|
|t:|1758979186
|move|p2a: Gliscor|Earthquake|p1a: Skeledirge
|-resisted|p1a: Skeledirge
|-damage|p1a: Skeledirge|37/100 tox
|move|p1a: Skeledirge|Slack Off|p1a: Skeledirge
|-heal|p1a: Skeledirge|87/100 tox
|
|-heal|p2a: Gliscor|64/100 tox|[from] ability: Poison Heal
|-damage|p1a: Skeledirge|75/100 tox|[from] psn
|upkeep
|turn|25
|
|t:|1758979195
|move|p2a: Gliscor|Earthquake|p1a: Skeledirge
|-resisted|p1a: Skeledirge
|-damage|p1a: Skeledirge|62/100 tox
|move|p1a: Skeledirge|Torch Song|p2a: Gliscor
|-damage|p2a: Gliscor|38/100 tox
|-boost|p1a: Skeledirge|spa|1
|
|-heal|p2a: Gliscor|50/100 tox|[from] ability: Poison Heal
|-damage|p1a: Skeledirge|44/100 tox|[from] psn
|upkeep
|turn|26
|
|t:|1758979204
|move|p2a: Gliscor|Protect|p2a: Gliscor
|-singleturn|p2a: Gliscor|Protect
|move|p1a: Skeledirge|Slack Off|p1a: Skeledirge
|-heal|p1a: Skeledirge|94/100 tox
|
|-heal|p2a: Gliscor|62/100 tox|[from] ability: Poison Heal
|-damage|p1a: Skeledirge|70/100 tox|[from] psn
|upkeep
|turn|27
|inactive|DREDENIA has 120 seconds left.
|
|t:|1758979246
|move|p2a: Gliscor|Earthquake|p1a: Skeledirge
|-resisted|p1a: Skeledirge
|-damage|p1a: Skeledirge|57/100 tox
|move|p1a: Skeledirge|Shadow Ball|p2a: Gliscor
|-damage|p2a: Gliscor|21/100 tox
|
|-heal|p2a: Gliscor|34/100 tox|[from] ability: Poison Heal
|-damage|p1a: Skeledirge|27/100 tox|[from] psn
|upkeep
|turn|28
|
|t:|1758979256
|move|p2a: Gliscor|Earthquake|p1a: Skeledirge
|-resisted|p1a: Skeledirge
|-damage|p1a: Skeledirge|13/100 tox
|move|p1a: Skeledirge|Slack Off|p1a: Skeledirge
|-heal|p1a: Skeledirge|64/100 tox
|
|-heal|p2a: Gliscor|46/100 tox|[from] ability: Poison Heal
|-damage|p1a: Skeledirge|27/100 tox|[from] psn
|upkeep
|turn|29
|inactive|DREDENIA has 120 seconds left.
|-message|segserino forfeited.
|
|win|DREDENIA
|raw|segserino's rating: 1352 &rarr; <strong>1331</strong><br />(-21 for losing)
|raw|DREDENIA's rating: 1341 &rarr; <strong>1362</strong><br />(+21 for winning)
|l|☆segserino
|player|p1|
|l|☆DREDENIA
|player|p2|
