|j|☆PMBaby
|j|☆kawaiizaki
|t:|1759013035
|gametype|singles
|player|p1|PMBaby|striker|1122
|player|p2|kawaiizaki|marnie|1082
|gen|9
|tier|[Gen 9] OU
|rated|
|rule|HP Percentage Mod: HP is shown in percentages
|rule|Endless Battle Clause: Forcing endless battles is banned
|rule|Species Clause: Limit one of each Pokémon
|rule|OHKO Clause: OHKO moves are banned
|rule|Evasion Items Clause: Evasion items are banned
|rule|Evasion Moves Clause: Evasion moves are banned
|rule|Evasion Abilities Clause: Evasion abilities are banned
|rule|Sleep Moves Clause: Sleep-inducing moves are banned
|clearpoke
|poke|p1|Poliwrath, F|
|poke|p1|Politoed, F|
|poke|p1|Pawmot, M|
|poke|p1|Pecharunt|
|poke|p1|Landorus-Therian, M|
|poke|p1|Incineroar, M|
|poke|p2|Lycanroc-Midnight, F|
|poke|p2|Goodra, F|
|poke|p2|Masquerain, F|
|poke|p2|Deoxys-Speed|
|poke|p2|Armarouge, F|
|poke|p2|Lokix, F|
|teampreview
|
|t:|1759013045
|teamsize|p1|6
|teamsize|p2|6
|start
|switch|p1a: Paulie D. Toad|Politoed, F|100/100
|switch|p2a: Masquerain|Masquerain, F|100/100
|-ability|p2a: Masquerain|Intimidate|boost
|-unboost|p1a: Paulie D. Toad|atk|1
|-weather|RainDance|[from] ability: Drizzle|[of] p1a: Paulie D. Toad
|turn|1
|inactive|Battle timer is ON: inactive players will automatically lose when time's up. (requested by PMBaby)
|
|t:|1759013054
|move|p2a: Masquerain|Sticky Web|p1a: Paulie D. Toad
|-sidestart|p1: PMBaby|move: Sticky Web
|move|p1a: Paulie D. Toad|Perish Song|p1a: Paulie D. Toad
|-start|p1a: Paulie D. Toad|perish3|[silent]
|-start|p2a: Masquerain|perish3|[silent]
|-fieldactivate|move: Perish Song
|
|-weather|RainDance|[upkeep]
|-start|p2a: Masquerain|perish3
|-start|p1a: Paulie D. Toad|perish3
|upkeep
|turn|2
|
|t:|1759013066
|switch|p2a: Goodra|Goodra, F|100/100
|move|p1a: Paulie D. Toad|Perish Song|p1a: Paulie D. Toad
|-start|p2a: Goodra|perish3|[silent]
|-fieldactivate|move: Perish Song
|
|-weather|RainDance|[upkeep]
|-start|p2a: Goodra|perish3
|-start|p1a: Paulie D. Toad|perish2
|upkeep
|turn|3
|
|t:|1759013085
|switch|p2a: Masquerain|Masquerain, F|100/100
|-ability|p2a: Masquerain|Intimidate|boost
|-unboost|p1a: Paulie D. Toad|atk|1
|switch|p1a: No snugglez|Pecharunt|100/100
|-activate|p1a: No snugglez|move: Sticky Web
|-unboost|p1a: No snugglez|spe|1
|
|-weather|RainDance|[upkeep]
|upkeep
|turn|4
|
|t:|1759013096
|move|p2a: Masquerain|Quiver Dance|p2a: Masquerain
|-boost|p2a: Masquerain|spa|1
|-boost|p2a: Masquerain|spd|1
|-boost|p2a: Masquerain|spe|1
|move|p1a: No snugglez|Malignant Chain|p2a: Masquerain
|-damage|p2a: Masquerain|64/100
|-status|p2a: Masquerain|tox
|-start|p2a: Masquerain|confusion|[from] ability: Poison Puppeteer|[of] p1a: No snugglez
|
|-weather|RainDance|[upkeep]
|-damage|p2a: Masquerain|58/100 tox|[from] psn
|upkeep
|turn|5
|
|t:|1759013116
|switch|p1a: Paulie D. Toad|Politoed, F|100/100
|-activate|p1a: Paulie D. Toad|move: Sticky Web
|-unboost|p1a: Paulie D. Toad|spe|1
|-activate|p2a: Masquerain|confusion
|-damage|p2a: Masquerain|50/100 tox|[from] confusion
|
|-weather|RainDance|[upkeep]
|-damage|p2a: Masquerain|38/100 tox|[from] psn
|upkeep
|turn|6
|
|t:|1759013130
|switch|p2a: Deoxys|Deoxys-Speed|100/100
|-ability|p2a: Deoxys|Pressure
|move|p1a: Paulie D. Toad|Protect||[still]
|-fail|p1a: Paulie D. Toad
|
|-weather|RainDance|[upkeep]
|upkeep
|turn|7
|
|t:|1759013139
|switch|p1a: Incinemeow|Incineroar, M|100/100
|-ability|p1a: Incinemeow|Intimidate|boost
|-unboost|p2a: Deoxys|atk|1
|move|p2a: Deoxys|Knock Off|p1a: Incinemeow
|-resisted|p1a: Incinemeow
|-damage|p1a: Incinemeow|90/100
|-enditem|p1a: Incinemeow|Heavy-Duty Boots|[from] move: Knock Off|[of] p2a: Deoxys
|-damage|p2a: Deoxys|91/100|[from] item: Life Orb
|
|-weather|RainDance|[upkeep]
|upkeep
|turn|8
|
|t:|1759013153
|switch|p2a: Masquerain|Masquerain, F|38/100 tox
|-ability|p2a: Masquerain|Intimidate|boost
|-unboost|p1a: Incinemeow|atk|1
|move|p1a: Incinemeow|Knock Off|p2a: Masquerain
|-damage|p2a: Masquerain|0 fnt
|-enditem|p2a: Masquerain|Heavy-Duty Boots|[from] move: Knock Off|[of] p1a: Incinemeow
|faint|p2a: Masquerain
|
|-weather|none
|upkeep
|
|t:|1759013164
|switch|p2a: Lycanroc|Lycanroc-Midnight, F|100/100
|turn|9
|
|t:|1759013174
|switch|p1a: Snugglez|Pawmot, M|100/100
|-item|p1a: Snugglez|Air Balloon
|move|p2a: Lycanroc|Swords Dance|p2a: Lycanroc
|-boost|p2a: Lycanroc|atk|2
|
|upkeep
|turn|10
|
|t:|1759013182
|move|p1a: Snugglez|Nuzzle|p2a: Lycanroc
|-damage|p2a: Lycanroc|90/100
|-status|p2a: Lycanroc|par
|move|p2a: Lycanroc|Stone Edge|p1a: Snugglez
|-resisted|p1a: Snugglez
|-damage|p1a: Snugglez|31/100
|-enditem|p1a: Snugglez|Air Balloon
|
|upkeep
|turn|11
|
|t:|1759013193
|move|p1a: Snugglez|Close Combat|p2a: Lycanroc
|-supereffective|p2a: Lycanroc
|-damage|p2a: Lycanroc|0 fnt
|-unboost|p1a: Snugglez|def|1
|-unboost|p1a: Snugglez|spd|1
|faint|p2a: Lycanroc
|
|upkeep
|
|t:|1759013200
|switch|p2a: Deoxys|Deoxys-Speed|91/100
|-ability|p2a: Deoxys|Pressure
|turn|12
|
|t:|1759013205
|switch|p1a: Incinemeow|Incineroar, M|90/100
|-activate|p1a: Incinemeow|move: Sticky Web
|-unboost|p1a: Incinemeow|spe|1
|-ability|p1a: Incinemeow|Intimidate|boost
|-unboost|p2a: Deoxys|atk|1
|move|p2a: Deoxys|Extreme Speed|p1a: Incinemeow
|-damage|p1a: Incinemeow|70/100
|-damage|p2a: Deoxys|81/100|[from] item: Life Orb
|
|upkeep
|turn|13
|
|t:|1759013218
|switch|p2a: Armarouge|Armarouge, F, shiny|100/100
|move|p1a: Incinemeow|Parting Shot|p2a: Armarouge
|-unboost|p2a: Armarouge|atk|1
|-unboost|p2a: Armarouge|spa|1
|
|t:|1759013222
|switch|p1a: Paulie D. Toad|Politoed, F|100/100|[from] Parting Shot
|-activate|p1a: Paulie D. Toad|move: Sticky Web
|-unboost|p1a: Paulie D. Toad|spe|1
|-weather|RainDance|[from] ability: Drizzle|[of] p1a: Paulie D. Toad
|
|-weather|RainDance|[upkeep]
|upkeep
|turn|14
|
|t:|1759013232
|switch|p2a: Goodra|Goodra, F|100/100
|switch|p1a: Paulie D. Wrath|Poliwrath, F|100/100
|-activate|p1a: Paulie D. Wrath|move: Sticky Web
|-unboost|p1a: Paulie D. Wrath|spe|1
|
|-weather|RainDance|[upkeep]
|upkeep
|turn|15
|
|t:|1759013244
|move|p1a: Paulie D. Wrath|Bulk Up|p1a: Paulie D. Wrath
|-boost|p1a: Paulie D. Wrath|atk|1
|-boost|p1a: Paulie D. Wrath|def|1
|move|p2a: Goodra|Dragon Pulse|p1a: Paulie D. Wrath
|-damage|p1a: Paulie D. Wrath|58/100
|
|-weather|RainDance|[upkeep]
|-heal|p1a: Paulie D. Wrath|64/100|[from] item: Leftovers
|upkeep
|turn|16
|
|t:|1759013256
|-terastallize|p1a: Paulie D. Wrath|Steel
|move|p1a: Paulie D. Wrath|Drain Punch|p2a: Goodra
|-damage|p2a: Goodra|53/100
|-heal|p1a: Paulie D. Wrath|88/100|[from] drain|[of] p2a: Goodra
|move|p2a: Goodra|Counter|p1a: Paulie D. Wrath
|-damage|p1a: Paulie D. Wrath|0 fnt
|faint|p1a: Paulie D. Wrath
|
|-weather|RainDance|[upkeep]
|upkeep
|
|t:|1759013270
|switch|p1a: Incinemeow|Incineroar, M|70/100
|-activate|p1a: Incinemeow|move: Sticky Web
|-unboost|p1a: Incinemeow|spe|1
|-ability|p1a: Incinemeow|Intimidate|boost
|-unboost|p2a: Goodra|atk|1
|turn|17
|
|t:|1759013277
|move|p1a: Incinemeow|Fake Out|p2a: Goodra
|-damage|p2a: Goodra|40/100
|cant|p2a: Goodra|flinch
|
|-weather|RainDance|[upkeep]
|upkeep
|turn|18
|
|t:|1759013286
|move|p2a: Goodra|Dragon Pulse|p1a: Incinemeow
|-damage|p1a: Incinemeow|38/100
|move|p1a: Incinemeow|Parting Shot|p2a: Goodra
|-unboost|p2a: Goodra|atk|1
|-unboost|p2a: Goodra|spa|1
|
|t:|1759013288
|switch|p1a: Snugglez|Pawmot, M|31/100|[from] Parting Shot
|-activate|p1a: Snugglez|move: Sticky Web
|-unboost|p1a: Snugglez|spe|1
|
|-weather|RainDance|[upkeep]
|upkeep
|turn|19
|
|t:|1759013299
|switch|p1a: Incinemeow|Incineroar, M|38/100
|-activate|p1a: Incinemeow|move: Sticky Web
|-unboost|p1a: Incinemeow|spe|1
|-ability|p1a: Incinemeow|Intimidate|boost
|-unboost|p2a: Goodra|atk|1
|move|p2a: Goodra|Dragon Pulse|p1a: Incinemeow
|-damage|p1a: Incinemeow|18/100
|
|-weather|RainDance|[upkeep]
|upkeep
|turn|20
|
|t:|1759013314
|switch|p2a: Armarouge|Armarouge, F, shiny|100/100
|move|p1a: Incinemeow|Fake Out|p2a: Armarouge
|-damage|p2a: Armarouge|88/100
|-ability|p2a: Armarouge|Weak Armor|boost
|-unboost|p2a: Armarouge|def|1
|-boost|p2a: Armarouge|spe|2
|
|-weather|none
|upkeep
|turn|21
|
|t:|1759013327
|switch|p2a: Lokix|Lokix, F|100/100
|move|p1a: Incinemeow|Knock Off|p2a: Lokix
|-resisted|p2a: Lokix
|-damage|p2a: Lokix|68/100
|-enditem|p2a: Lokix|Salac Berry|[from] move: Knock Off|[of] p1a: Incinemeow
|
|upkeep
|turn|22
|
|t:|1759013336
|switch|p1a: Landorus R Us|Landorus-Therian, M|100/100
|-ability|p1a: Landorus R Us|Intimidate|boost
|-unboost|p2a: Lokix|atk|1
|move|p2a: Lokix|Lunge|p1a: Landorus R Us
|-resisted|p1a: Landorus R Us
|-damage|p1a: Landorus R Us|89/100
|-unboost|p1a: Landorus R Us|atk|1
|
|upkeep
|turn|23
|
|t:|1759013350
|move|p2a: Lokix|Swords Dance|p2a: Lokix
|-boost|p2a: Lokix|atk|2
|move|p1a: Landorus R Us|Stealth Rock|p2a: Lokix
|-sidestart|p2: kawaiizaki|move: Stealth Rock
|
|upkeep
|turn|24
|
|t:|1759013357
|switch|p1a: Incinemeow|Incineroar, M|18/100
|-activate|p1a: Incinemeow|move: Sticky Web
|-unboost|p1a: Incinemeow|spe|1
|-ability|p1a: Incinemeow|Intimidate|boost
|-unboost|p2a: Lokix|atk|1
|move|p2a: Lokix|Swords Dance|p2a: Lokix
|-boost|p2a: Lokix|atk|2
|
|upkeep
|turn|25
|
|t:|1759013367
|move|p1a: Incinemeow|Fake Out|p2a: Lokix
|-crit|p2a: Lokix
|-damage|p2a: Lokix|41/100
|cant|p2a: Lokix|flinch
|
|upkeep
|turn|26
|
|t:|1759013374
|switch|p1a: Landorus R Us|Landorus-Therian, M|89/100
|-ability|p1a: Landorus R Us|Intimidate|boost
|-unboost|p2a: Lokix|atk|1
|move|p2a: Lokix|Lunge|p1a: Landorus R Us
|-resisted|p1a: Landorus R Us
|-damage|p1a: Landorus R Us|63/100
|-unboost|p1a: Landorus R Us|atk|1
|
|upkeep
|turn|27
|
|t:|1759013383
|move|p2a: Lokix|Lunge|p1a: Landorus R Us
|-resisted|p1a: Landorus R Us
|-damage|p1a: Landorus R Us|37/100
|-unboost|p1a: Landorus R Us|atk|1
|move|p1a: Landorus R Us|Smack Down|p2a: Lokix
|-supereffective|p2a: Lokix
|-damage|p2a: Lokix|15/100
|
|upkeep
|turn|28
|
|t:|1759013392
|move|p2a: Lokix|Lunge|p1a: Landorus R Us
|-resisted|p1a: Landorus R Us
|-damage|p1a: Landorus R Us|0 fnt
|faint|p1a: Landorus R Us
|
|upkeep
|
|t:|1759013394
|switch|p1a: Incinemeow|Incineroar, M|18/100
|-activate|p1a: Incinemeow|move: Sticky Web
|-unboost|p1a: Incinemeow|spe|1
|-ability|p1a: Incinemeow|Intimidate|boost
|-unboost|p2a: Lokix|atk|1
|turn|29
|
|t:|1759013403
|move|p2a: Lokix|Endure|p2a: Lokix
|-singleturn|p2a: Lokix|move: Endure
|move|p1a: Incinemeow|Fake Out|p2a: Lokix
|-activate|p2a: Lokix|move: Endure
|-damage|p2a: Lokix|1/100
|
|upkeep
|turn|30
|
|t:|1759013414
|move|p2a: Lokix|Lunge|p1a: Incinemeow
|-crit|p1a: Incinemeow
|-damage|p1a: Incinemeow|0 fnt
|faint|p1a: Incinemeow
|
|upkeep
|
|t:|1759013421
|switch|p1a: Snugglez|Pawmot, M|31/100
|-activate|p1a: Snugglez|move: Sticky Web
|-unboost|p1a: Snugglez|spe|1
|turn|31
|
|t:|1759013426
|move|p2a: Lokix|Lunge|p1a: Snugglez
|-resisted|p1a: Snugglez
|-damage|p1a: Snugglez|0 fnt
|faint|p1a: Snugglez
|
|upkeep
|
|t:|1759013430
|switch|p1a: Paulie D. Toad|Politoed, F|100/100
|-activate|p1a: Paulie D. Toad|move: Sticky Web
|-unboost|p1a: Paulie D. Toad|spe|1
|-weather|RainDance|[from] ability: Drizzle|[of] p1a: Paulie D. Toad
|turn|32
|
|t:|1759013446
|move|p2a: Lokix|Lunge|p1a: Paulie D. Toad
|-damage|p1a: Paulie D. Toad|44/100
|-unboost|p1a: Paulie D. Toad|atk|1
|move|p1a: Paulie D. Toad|Surf|p2a: Lokix
|-damage|p2a: Lokix|0 fnt
|faint|p2a: Lokix
|
|-weather|RainDance|[upkeep]
|upkeep
|
|t:|1759013456
|switch|p2a: Goodra|Goodra, F|40/100
|-damage|p2a: Goodra|28/100|[from] Stealth Rock
|turn|33
|
|t:|1759013462
|move|p2a: Goodra|Dragon Pulse|p1a: Paulie D. Toad
|-damage|p1a: Paulie D. Toad|16/100
|move|p1a: Paulie D. Toad|Perish Song|p1a: Paulie D. Toad
|-start|p1a: Paulie D. Toad|perish3|[silent]
|-start|p2a: Goodra|perish3|[silent]
|-fieldactivate|move: Perish Song
|
|-weather|RainDance|[upkeep]
|-start|p2a: Goodra|perish3
|-start|p1a: Paulie D. Toad|perish3
|upkeep
|turn|34
|
|t:|1759013472
|move|p2a: Goodra|Dragon Pulse|p1a: Paulie D. Toad
|-damage|p1a: Paulie D. Toad|0 fnt
|faint|p1a: Paulie D. Toad
|
|-weather|RainDance|[upkeep]
|-start|p2a: Goodra|perish2
|upkeep
|
|t:|1759013473
|switch|p1a: No snugglez|Pecharunt|100/100
|-activate|p1a: No snugglez|move: Sticky Web
|-unboost|p1a: No snugglez|spe|1
|turn|35
|
|t:|1759013489
|move|p1a: No snugglez|Malignant Chain|p2a: Goodra
|-damage|p2a: Goodra|12/100
|-status|p2a: Goodra|tox
|-start|p2a: Goodra|confusion|[from] ability: Poison Puppeteer|[of] p1a: No snugglez
|-activate|p2a: Goodra|confusion
|-damage|p2a: Goodra|4/100 tox|[from] confusion
|
|-weather|RainDance|[upkeep]
|-damage|p2a: Goodra|0 fnt|[from] psn
|faint|p2a: Goodra
|upkeep
|
|t:|1759013506
|switch|p2a: Deoxys|Deoxys-Speed|81/100
|-damage|p2a: Deoxys|68/100|[from] Stealth Rock
|-ability|p2a: Deoxys|Pressure
|turn|36
|
|t:|1759013515
|move|p2a: Deoxys|Psycho Boost|p1a: No snugglez
|-supereffective|p1a: No snugglez
|-damage|p1a: No snugglez|0 fnt
|-unboost|p2a: Deoxys|spa|2
|faint|p1a: No snugglez
|-damage|p2a: Deoxys|58/100|[from] item: Life Orb
|
|win|kawaiizaki
|raw|PMBaby's rating: 1122 &rarr; <strong>1094</strong><br />(-28 for losing)
|raw|kawaiizaki's rating: 1082 &rarr; <strong>1113</strong><br />(+31 for winning)
|c|☆PMBaby|Gg I lose
|l|☆PMBaby
|player|p1|
