|j|☆PinkyWinkyt
|j|☆boldenhauer
|t:|1758925143
|gametype|singles
|player|p1|PinkyWinkyt|dawn|1366
|player|p2|boldenhauer|102|1409
|gen|9
|tier|[Gen 9] OU
|rated|
|rule|HP Percentage Mod: HP is shown in percentages
|rule|Endless Battle Clause: Forcing endless battles is banned
|rule|Species Clause: Limit one of each Pokémon
|rule|OHKO Clause: OHKO moves are banned
|rule|Evasion Items Clause: Evasion items are banned
|rule|Evasion Moves Clause: Evasion moves are banned
|rule|Evasion Abilities Clause: Evasion abilities are banned
|rule|Sleep Moves Clause: Sleep-inducing moves are banned
|clearpoke
|poke|p1|Corviknight, M|
|poke|p1|Garganacl, M|
|poke|p1|Skeledirge, M|
|poke|p1|Ting-Lu|
|poke|p1|Ogerpon-Wellspring, F|
|poke|p1|Raging Bolt|
|poke|p2|Ogerpon, F|
|poke|p2|Moltres|
|poke|p2|Malamar, F|
|poke|p2|Dragapult, F|
|poke|p2|Spidops, M|
|poke|p2|Empoleon, M|
|teampreview
|inactive|Battle timer is ON: inactive players will automatically lose when time's up. (requested by PinkyWinkyt)
|
|t:|1758925156
|teamsize|p1|6
|teamsize|p2|6
|start
|switch|p1a: Ting-Lu|Ting-Lu|100/100
|switch|p2a: Ogerpon|Ogerpon, F|100/100
|-ability|p1a: Ting-Lu|Vessel of Ruin
|turn|1
|
|t:|1758925164
|move|p2a: Ogerpon|Swords Dance|p2a: Ogerpon
|-boost|p2a: Ogerpon|atk|2
|move|p1a: Ting-Lu|Stealth Rock|p2a: Ogerpon
|-sidestart|p2: boldenhauer|move: Stealth Rock
|
|upkeep
|turn|2
|
|t:|1758925167
|switch|p1a: Skeledirge|Skeledirge, M, shiny|100/100
|move|p2a: Ogerpon|Encore||[still]
|-fail|p2a: Ogerpon
|
|upkeep
|turn|3
|
|t:|1758925171
|move|p2a: Ogerpon|Knock Off|p1a: Skeledirge
|-supereffective|p1a: Skeledirge
|-damage|p1a: Skeledirge|61/100
|-enditem|p1a: Skeledirge|Heavy-Duty Boots|[from] move: Knock Off|[of] p2a: Ogerpon
|move|p1a: Skeledirge|Will-O-Wisp|p2a: Ogerpon
|-status|p2a: Ogerpon|brn
|
|-damage|p2a: Ogerpon|95/100 brn|[from] brn
|upkeep
|turn|4
|
|t:|1758925177
|move|p2a: Ogerpon|Knock Off|p1a: Skeledirge
|-supereffective|p1a: Skeledirge
|-damage|p1a: Skeledirge|49/100
|move|p1a: Skeledirge|Slack Off|p1a: Skeledirge
|-heal|p1a: Skeledirge|99/100
|
|-damage|p2a: Ogerpon|89/100 brn|[from] brn
|upkeep
|turn|5
|
|t:|1758925179
|move|p2a: Ogerpon|Encore|p1a: Skeledirge
|-start|p1a: Skeledirge|Encore
|move|p1a: Skeledirge|Slack Off|p1a: Skeledirge
|-heal|p1a: Skeledirge|100/100
|
|-damage|p2a: Ogerpon|83/100 brn|[from] brn
|upkeep
|turn|6
|
|t:|1758925189
|switch|p1a: Corviknight|Corviknight, M, shiny|100/100
|move|p2a: Ogerpon|Knock Off|p1a: Corviknight
|-crit|p1a: Corviknight
|-damage|p1a: Corviknight|64/100
|-damage|p2a: Ogerpon|66/100 brn|[from] item: Rocky Helmet|[of] p1a: Corviknight
|-enditem|p1a: Corviknight|Rocky Helmet|[from] move: Knock Off|[of] p2a: Ogerpon
|
|-damage|p2a: Ogerpon|60/100 brn|[from] brn
|upkeep
|turn|7
|
|t:|1758925195
|move|p2a: Ogerpon|Knock Off|p1a: Corviknight
|-damage|p1a: Corviknight|45/100
|move|p1a: Corviknight|U-turn|p2a: Ogerpon
|-supereffective|p2a: Ogerpon
|-damage|p2a: Ogerpon|21/100 brn
|
|t:|1758925198
|switch|p1a: Skeledirge|Skeledirge, M, shiny|100/100|[from] U-turn
|
|-damage|p2a: Ogerpon|15/100 brn|[from] brn
|upkeep
|turn|8
|
|t:|1758925202
|move|p2a: Ogerpon|Knock Off|p1a: Skeledirge
|-supereffective|p1a: Skeledirge
|-damage|p1a: Skeledirge|87/100
|move|p1a: Skeledirge|Torch Song|p2a: Ogerpon
|-supereffective|p2a: Ogerpon
|-damage|p2a: Ogerpon|0 fnt
|-boost|p1a: Skeledirge|spa|1
|faint|p2a: Ogerpon
|
|upkeep
|
|t:|1758925206
|switch|p2a: Empoleon|Empoleon, M|100/100
|-damage|p2a: Empoleon|94/100|[from] Stealth Rock
|turn|9
|
|t:|1758925213
|switch|p1a: Ogerpon|Ogerpon-Wellspring, F|100/100
|move|p2a: Empoleon|Stealth Rock|p1a: Ogerpon
|-sidestart|p1: PinkyWinkyt|move: Stealth Rock
|
|upkeep
|turn|10
|
|t:|1758925217
|switch|p2a: Spidops|Spidops, M|100/100
|-damage|p2a: Spidops|76/100|[from] Stealth Rock
|move|p1a: Ogerpon|Trailblaze|p2a: Spidops
|-resisted|p2a: Spidops
|-damage|p2a: Spidops|63/100
|-boost|p1a: Ogerpon|spe|1
|
|upkeep
|turn|11
|
|t:|1758925221
|move|p1a: Ogerpon|U-turn|p2a: Spidops
|-damage|p2a: Spidops|38/100
|
|t:|1758925223
|switch|p1a: Corviknight|Corviknight, M, shiny|45/100|[from] U-turn
|-damage|p1a: Corviknight|33/100|[from] Stealth Rock
|move|p2a: Spidops|Circle Throw|p1a: Corviknight
|-damage|p1a: Corviknight|15/100
|drag|p1a: Skeledirge|Skeledirge, M, shiny|87/100
|-damage|p1a: Skeledirge|62/100|[from] Stealth Rock
|
|upkeep
|turn|12
|
|t:|1758925228
|move|p1a: Skeledirge|Slack Off|p1a: Skeledirge
|-heal|p1a: Skeledirge|100/100
|move|p2a: Spidops|Sticky Web|p1a: Skeledirge
|-sidestart|p1: PinkyWinkyt|move: Sticky Web
|
|upkeep
|turn|13
|
|t:|1758925232
|switch|p2a: Empoleon|Empoleon, M|94/100
|-damage|p2a: Empoleon|88/100|[from] Stealth Rock
|move|p1a: Skeledirge|Will-O-Wisp|p2a: Empoleon
|-status|p2a: Empoleon|brn
|
|-damage|p2a: Empoleon|82/100 brn|[from] brn
|upkeep
|turn|14
|
|t:|1758925235
|switch|p1a: Corviknight|Corviknight, M, shiny|15/100
|-damage|p1a: Corviknight|3/100|[from] Stealth Rock
|move|p2a: Empoleon|Hydro Pump|p1a: Corviknight
|-damage|p1a: Corviknight|0 fnt
|faint|p1a: Corviknight
|
|-damage|p2a: Empoleon|76/100 brn|[from] brn
|upkeep
|
|t:|1758925249
|switch|p1a: Ogerpon|Ogerpon-Wellspring, F|100/100
|-damage|p1a: Ogerpon|88/100|[from] Stealth Rock
|-activate|p1a: Ogerpon|move: Sticky Web
|-unboost|p1a: Ogerpon|spe|1
|turn|15
|
|t:|1758925254
|switch|p2a: Moltres|Moltres|100/100
|move|p1a: Ogerpon|Trailblaze|p2a: Moltres
|-resisted|p2a: Moltres
|-damage|p2a: Moltres|95/100
|-boost|p1a: Ogerpon|spe|1
|
|upkeep
|turn|16
|
|t:|1758925270
|move|p1a: Ogerpon|Swords Dance|p1a: Ogerpon
|-boost|p1a: Ogerpon|atk|2
|move|p2a: Moltres|Hurricane|p1a: Ogerpon|[miss]
|-miss|p2a: Moltres|p1a: Ogerpon
|
|upkeep
|turn|17
|
|t:|1758925276
|-terastallize|p1a: Ogerpon|Water
|detailschange|p1a: Ogerpon|Ogerpon-Wellspring-Tera, F, tera:Water
|-ability|p1a: Ogerpon|Embody Aspect (Wellspring)|boost
|-boost|p1a: Ogerpon|spd|1
|move|p1a: Ogerpon|Ivy Cudgel|p2a: Moltres|[anim] Ivy Cudgel Water
|-supereffective|p2a: Moltres
|-crit|p2a: Moltres
|-damage|p2a: Moltres|0 fnt
|faint|p2a: Moltres
|
|upkeep
|
|t:|1758925279
|switch|p2a: Dragapult|Dragapult, F|100/100
|turn|18
|
|t:|1758925286
|move|p2a: Dragapult|Will-O-Wisp|p1a: Ogerpon
|-status|p1a: Ogerpon|brn
|move|p1a: Ogerpon|Ivy Cudgel|p2a: Dragapult|[anim] Ivy Cudgel Water
|-resisted|p2a: Dragapult
|-damage|p2a: Dragapult|40/100
|
|-damage|p1a: Ogerpon|82/100 brn|[from] brn
|upkeep
|turn|19
|
|t:|1758925290
|move|p2a: Dragapult|Dragon Darts|p1a: Ogerpon
|-damage|p1a: Ogerpon|51/100 brn
|-anim|p2a: Dragapult|Dragon Darts|p1a: Ogerpon
|-damage|p1a: Ogerpon|21/100 brn
|move|p1a: Ogerpon|Ivy Cudgel|p2a: Dragapult|[anim] Ivy Cudgel Water
|-resisted|p2a: Dragapult
|-damage|p2a: Dragapult|0 fnt
|faint|p2a: Dragapult
|
|-damage|p1a: Ogerpon|15/100 brn|[from] brn
|upkeep
|
|t:|1758925299
|switch|p2a: Empoleon|Empoleon, M|76/100 brn
|-damage|p2a: Empoleon|70/100 brn|[from] Stealth Rock
|turn|20
|
|t:|1758925305
|move|p1a: Ogerpon|Trailblaze|p2a: Empoleon
|-damage|p2a: Empoleon|41/100 brn
|-boost|p1a: Ogerpon|spe|1
|move|p2a: Empoleon|Flash Cannon|p1a: Ogerpon
|-resisted|p1a: Ogerpon
|-damage|p1a: Ogerpon|0 fnt
|faint|p1a: Ogerpon
|detailschange|p1: Ogerpon|Ogerpon-Wellspring, F|[silent]
|
|-damage|p2a: Empoleon|35/100 brn|[from] brn
|upkeep
|
|t:|1758925311
|switch|p1a: Raging Bolt|Raging Bolt|100/100
|-damage|p1a: Raging Bolt|88/100|[from] Stealth Rock
|-activate|p1a: Raging Bolt|move: Sticky Web
|-unboost|p1a: Raging Bolt|spe|1
|-enditem|p1a: Raging Bolt|Booster Energy
|-activate|p1a: Raging Bolt|ability: Protosynthesis|[fromitem]
|-start|p1a: Raging Bolt|protosynthesisspa
|turn|21
|
|t:|1758925320
|move|p1a: Raging Bolt|Thunderclap|p2a: Empoleon
|-supereffective|p2a: Empoleon
|-damage|p2a: Empoleon|0 fnt
|faint|p2a: Empoleon
|
|upkeep
|
|t:|1758925327
|switch|p2a: Spidops|Spidops, M|38/100
|-damage|p2a: Spidops|14/100|[from] Stealth Rock
|turn|22
|
|t:|1758925332
|move|p1a: Raging Bolt|Thunderclap|p2a: Spidops
|-damage|p2a: Spidops|0 fnt
|faint|p2a: Spidops
|
|upkeep
|
|t:|1758925334
|switch|p2a: Malamar|Malamar, F|100/100
|-damage|p2a: Malamar|88/100|[from] Stealth Rock
|turn|23
|
|t:|1758925337
|move|p1a: Raging Bolt|Thunderclap||[still]
|-fail|p1a: Raging Bolt
|move|p2a: Malamar|Substitute|p2a: Malamar
|-start|p2a: Malamar|Substitute
|-damage|p2a: Malamar|63/100
|
|-heal|p2a: Malamar|69/100|[from] item: Leftovers
|upkeep
|turn|24
|
|t:|1758925342
|move|p2a: Malamar|Superpower|p1a: Raging Bolt
|-damage|p1a: Raging Bolt|65/100
|-boost|p2a: Malamar|atk|1
|-boost|p2a: Malamar|def|1
|move|p1a: Raging Bolt|Thunderbolt|p2a: Malamar
|-end|p2a: Malamar|Substitute
|
|-heal|p2a: Malamar|75/100|[from] item: Leftovers
|upkeep
|turn|25
|
|t:|1758925346
|move|p2a: Malamar|Disable|p1a: Raging Bolt
|-start|p1a: Raging Bolt|Disable|Thunderbolt
|cant|p1a: Raging Bolt|Disable|Thunderbolt
|
|-heal|p2a: Malamar|81/100|[from] item: Leftovers
|upkeep
|turn|26
|
|t:|1758925350
|move|p2a: Malamar|Substitute|p2a: Malamar
|-start|p2a: Malamar|Substitute
|-damage|p2a: Malamar|56/100
|move|p1a: Raging Bolt|Calm Mind|p1a: Raging Bolt
|-boost|p1a: Raging Bolt|spa|1
|-boost|p1a: Raging Bolt|spd|1
|
|-heal|p2a: Malamar|62/100|[from] item: Leftovers
|upkeep
|turn|27
|
|t:|1758925353
|move|p2a: Malamar|Superpower|p1a: Raging Bolt
|-damage|p1a: Raging Bolt|33/100
|-boost|p2a: Malamar|atk|1
|-boost|p2a: Malamar|def|1
|move|p1a: Raging Bolt|Dragon Pulse|p2a: Malamar
|-end|p2a: Malamar|Substitute
|
|-heal|p2a: Malamar|69/100|[from] item: Leftovers
|upkeep
|turn|28
|
|t:|1758925359
|move|p2a: Malamar|Superpower|p1a: Raging Bolt
|-damage|p1a: Raging Bolt|0 fnt
|-boost|p2a: Malamar|atk|1
|-boost|p2a: Malamar|def|1
|faint|p1a: Raging Bolt
|-end|p1a: Raging Bolt|Protosynthesis|[silent]
|
|-heal|p2a: Malamar|75/100|[from] item: Leftovers
|upkeep
|
|t:|1758925361
|switch|p1a: Skeledirge|Skeledirge, M, shiny|100/100
|-damage|p1a: Skeledirge|75/100|[from] Stealth Rock
|-activate|p1a: Skeledirge|move: Sticky Web
|-unboost|p1a: Skeledirge|spe|1
|turn|29
|
|t:|1758925367
|move|p2a: Malamar|Substitute|p2a: Malamar
|-start|p2a: Malamar|Substitute
|-damage|p2a: Malamar|50/100
|move|p1a: Skeledirge|Will-O-Wisp||[still]
|-fail|p1a: Skeledirge
|
|-heal|p2a: Malamar|56/100|[from] item: Leftovers
|upkeep
|turn|30
|
|t:|1758925372
|move|p2a: Malamar|Knock Off|p1a: Skeledirge
|-supereffective|p1a: Skeledirge
|-damage|p1a: Skeledirge|52/100
|move|p1a: Skeledirge|Torch Song|p2a: Malamar
|-damage|p2a: Malamar|20/100
|-boost|p1a: Skeledirge|spa|1
|
|-heal|p2a: Malamar|26/100|[from] item: Leftovers
|upkeep
|turn|31
|
|t:|1758925376
|move|p2a: Malamar|Disable|p1a: Skeledirge
|-start|p1a: Skeledirge|Disable|Torch Song
|cant|p1a: Skeledirge|Disable|Torch Song
|
|-heal|p2a: Malamar|32/100|[from] item: Leftovers
|upkeep
|turn|32
|
|t:|1758925381
|move|p2a: Malamar|Knock Off|p1a: Skeledirge
|-supereffective|p1a: Skeledirge
|-crit|p1a: Skeledirge
|-damage|p1a: Skeledirge|16/100
|move|p1a: Skeledirge|Hex|p2a: Malamar
|-end|p2a: Malamar|Substitute
|
|-heal|p2a: Malamar|38/100|[from] item: Leftovers
|upkeep
|turn|33
|
|t:|1758925393
|move|p2a: Malamar|Knock Off|p1a: Skeledirge
|-supereffective|p1a: Skeledirge
|-damage|p1a: Skeledirge|0 fnt
|faint|p1a: Skeledirge
|
|-heal|p2a: Malamar|44/100|[from] item: Leftovers
|upkeep
|
|t:|1758925398
|switch|p1a: Garganacl|Garganacl, M|100/100
|-damage|p1a: Garganacl|88/100|[from] Stealth Rock
|-activate|p1a: Garganacl|move: Sticky Web
|-unboost|p1a: Garganacl|spe|1
|turn|34
|
|t:|1758925402
|move|p2a: Malamar|Substitute|p2a: Malamar
|-start|p2a: Malamar|Substitute
|-damage|p2a: Malamar|19/100
|move|p1a: Garganacl|Body Press|p2a: Malamar
|-activate|p2a: Malamar|move: Substitute|[damage]
|
|-heal|p2a: Malamar|25/100|[from] item: Leftovers
|-heal|p1a: Garganacl|94/100|[from] item: Leftovers
|upkeep
|turn|35
|
|t:|1758925407
|move|p2a: Malamar|Superpower|p1a: Garganacl
|-supereffective|p1a: Garganacl
|-damage|p1a: Garganacl|33/100
|-boost|p2a: Malamar|atk|1
|-boost|p2a: Malamar|def|1
|move|p1a: Garganacl|Iron Defense|p1a: Garganacl
|-boost|p1a: Garganacl|def|2
|
|-heal|p2a: Malamar|31/100|[from] item: Leftovers
|-heal|p1a: Garganacl|39/100|[from] item: Leftovers
|upkeep
|turn|36
|
|t:|1758925414
|move|p2a: Malamar|Superpower|p1a: Garganacl
|-supereffective|p1a: Garganacl
|-damage|p1a: Garganacl|2/100
|-boost|p2a: Malamar|atk|1
|-boost|p2a: Malamar|def|1
|move|p1a: Garganacl|Iron Defense|p1a: Garganacl
|-boost|p1a: Garganacl|def|2
|
|-heal|p2a: Malamar|37/100|[from] item: Leftovers
|-heal|p1a: Garganacl|9/100|[from] item: Leftovers
|upkeep
|turn|37
|
|t:|1758925420
|move|p2a: Malamar|Knock Off|p1a: Garganacl
|-damage|p1a: Garganacl|0 fnt
|-enditem|p1a: Garganacl|Leftovers|[from] move: Knock Off|[of] p2a: Malamar
|faint|p1a: Garganacl
|
|-heal|p2a: Malamar|44/100|[from] item: Leftovers
|upkeep
|
|t:|1758925422
|switch|p1a: Ting-Lu|Ting-Lu|100/100
|-damage|p1a: Ting-Lu|94/100|[from] Stealth Rock
|-activate|p1a: Ting-Lu|move: Sticky Web
|-unboost|p1a: Ting-Lu|spe|1
|-ability|p1a: Ting-Lu|Vessel of Ruin
|turn|38
|
|t:|1758925425
|move|p2a: Malamar|Superpower|p1a: Ting-Lu
|-supereffective|p1a: Ting-Lu
|-damage|p1a: Ting-Lu|14/100
|-boost|p2a: Malamar|atk|1
|-boost|p2a: Malamar|def|1
|move|p1a: Ting-Lu|Earthquake|p2a: Malamar
|-activate|p2a: Malamar|move: Substitute|[damage]
|
|-heal|p2a: Malamar|50/100|[from] item: Leftovers
|-heal|p1a: Ting-Lu|20/100|[from] item: Leftovers
|upkeep
|turn|39
|-message|PinkyWinkyt forfeited.
|
|win|boldenhauer
|raw|PinkyWinkyt's rating: 1366 &rarr; <strong>1348</strong><br />(-18 for losing)
|raw|boldenhauer's rating: 1409 &rarr; <strong>1427</strong><br />(+18 for winning)
|l|☆PinkyWinkyt
|player|p1|
|l|☆boldenhauer
|player|p2|
