|j|☆mrwinalot
|j|☆w86gwv868ywvev9yvy
|t:|1758946516
|gametype|singles
|player|p1|mrwinalot|bugcatcher-gen4dp|1139
|player|p2|w86gwv868ywvev9yvy|2|1154
|gen|9
|tier|[Gen 9] OU
|rated|
|rule|HP Percentage Mod: HP is shown in percentages
|rule|Endless Battle Clause: Forcing endless battles is banned
|rule|Species Clause: Limit one of each Pokémon
|rule|OHKO Clause: OHKO moves are banned
|rule|Evasion Items Clause: Evasion items are banned
|rule|Evasion Moves Clause: Evasion moves are banned
|rule|Evasion Abilities Clause: Evasion abilities are banned
|rule|Sleep Moves Clause: Sleep-inducing moves are banned
|clearpoke
|poke|p1|Hatterene, F|
|poke|p1|Greninja-*, M|
|poke|p1|Araquanid, F|
|poke|p1|Deoxys-Speed|
|poke|p1|Cinderace, M|
|poke|p1|Arcanine-Hisui, M|
|poke|p2|Ditto|
|poke|p2|Maushold-Four|
|poke|p2|Zoroark-Hisui, M|
|poke|p2|Gliscor, M|
|poke|p2|Garganacl, M|
|poke|p2|Clefable, F|
|teampreview
|inactive|Battle timer is ON: inactive players will automatically lose when time's up. (requested by w86gwv868ywvev9yvy)
|inactive|mrwinalot also wants the timer to be on.
|
|t:|1758946540
|teamsize|p1|6
|teamsize|p2|6
|start
|switch|p1a: Araquanid|Araquanid, F|100/100
|switch|p2a: Gliscor|Gliscor, M|100/100
|turn|1
|
|t:|1758946552
|move|p2a: Gliscor|Trick|p1a: Araquanid
|-activate|p2a: Gliscor|move: Trick|[of] p1a: Araquanid
|-item|p1a: Araquanid|Choice Scarf|[from] move: Trick
|-item|p2a: Gliscor|Focus Sash|[from] move: Trick
|move|p1a: Araquanid|Sticky Web|p2a: Gliscor
|-sidestart|p2: w86gwv868ywvev9yvy|move: Sticky Web
|
|upkeep
|turn|2
|c|☆mrwinalot|doh
|
|t:|1758946575
|switch|p1a: Greninja|Greninja, M|100/100
|move|p2a: Gliscor|Hyper Voice|p1a: Greninja
|-damage|p1a: Greninja|23/100
|
|upkeep
|turn|3
|
|t:|1758946582
|move|p1a: Greninja|Ice Beam|p2a: Gliscor
|-damage|p2a: Gliscor|24/100
|replace|p2a: Zoroark|Zoroark-Hisui, M
|-end|p2a: Zoroark|Illusion
|-damage|p1a: Greninja|13/100|[from] item: Life Orb
|move|p2a: Zoroark|Hyper Voice|p1a: Greninja
|-damage|p1a: Greninja|0 fnt
|faint|p1a: Greninja
|
|upkeep
|c|☆mrwinalot|nooooooo
|
|t:|1758946594
|switch|p1a: Cinderace|Cinderace, M|100/100
|turn|4
|
|t:|1758946598
|move|p1a: Cinderace|Sucker Punch|p2a: Zoroark
|-start|p1a: Cinderace|typechange|Dark|[from] ability: Libero
|-supereffective|p2a: Zoroark
|-damage|p2a: Zoroark|0 fnt
|faint|p2a: Zoroark
|
|upkeep
|
|t:|1758946605
|switch|p2a: Gliscor|Gliscor, M|100/100
|turn|5
|c|☆mrwinalot|me sweeper
|
|t:|1758946621
|move|p1a: Cinderace|U-turn|p2a: Gliscor
|-resisted|p2a: Gliscor
|-damage|p2a: Gliscor|92/100
|
|t:|1758946624
|switch|p1a: Araquanid|Araquanid, F|100/100|[from] U-turn
|move|p2a: Gliscor|Substitute|p2a: Gliscor
|-start|p2a: Gliscor|Substitute
|-damage|p2a: Gliscor|67/100
|
|-status|p2a: Gliscor|tox|[from] item: Toxic Orb
|upkeep
|turn|6
|
|t:|1758946634
|-terastallize|p1a: Araquanid|Water
|move|p2a: Gliscor|Toxic|p1a: Araquanid
|-status|p1a: Araquanid|tox
|move|p1a: Araquanid|Liquidation|p2a: Gliscor
|-supereffective|p2a: Gliscor
|-end|p2a: Gliscor|Substitute
|
|-heal|p2a: Gliscor|80/100 tox|[from] ability: Poison Heal
|-damage|p1a: Araquanid|94/100 tox|[from] psn
|upkeep
|turn|7
|
|t:|1758946647
|move|p2a: Gliscor|Protect|p2a: Gliscor
|-singleturn|p2a: Gliscor|Protect
|move|p1a: Araquanid|Liquidation|p2a: Gliscor
|-activate|p2a: Gliscor|move: Protect
|
|-heal|p2a: Gliscor|92/100 tox|[from] ability: Poison Heal
|-damage|p1a: Araquanid|82/100 tox|[from] psn
|upkeep
|turn|8
|
|t:|1758946658
|-terastallize|p2a: Gliscor|Water
|move|p2a: Gliscor|Substitute|p2a: Gliscor
|-start|p2a: Gliscor|Substitute
|-damage|p2a: Gliscor|67/100 tox
|move|p1a: Araquanid|Liquidation|p2a: Gliscor
|-resisted|p2a: Gliscor
|-end|p2a: Gliscor|Substitute
|
|-heal|p2a: Gliscor|80/100 tox|[from] ability: Poison Heal
|-damage|p1a: Araquanid|64/100 tox|[from] psn
|upkeep
|turn|9
|-message|mrwinalot forfeited.
|
|win|w86gwv868ywvev9yvy
|raw|mrwinalot's rating: 1139 &rarr; <strong>1115</strong><br />(-24 for losing)
|raw|w86gwv868ywvev9yvy's rating: 1154 &rarr; <strong>1178</strong><br />(+24 for winning)
|l|☆mrwinalot
|player|p1|
|l|☆w86gwv868ywvev9yvy
|player|p2|
