|j|☆I'm evil and spicy
|j|☆Catactual
|t:|1758966979
|gametype|singles
|player|p1|I'm evil and spicy|elesa|1551
|player|p2|Catactual|101|1572
|gen|9
|tier|[Gen 9] OU
|rated|
|rule|HP Percentage Mod: HP is shown in percentages
|rule|Endless Battle Clause: Forcing endless battles is banned
|rule|Species Clause: Limit one of each Pokémon
|rule|OHKO Clause: OHKO moves are banned
|rule|Evasion Items Clause: Evasion items are banned
|rule|Evasion Moves Clause: Evasion moves are banned
|rule|Evasion Abilities Clause: Evasion abilities are banned
|rule|Sleep Moves Clause: Sleep-inducing moves are banned
|clearpoke
|poke|p1|Slowking-Galar, M|
|poke|p1|Zamazenta-*|
|poke|p1|Iron Treads|
|poke|p1|Alomomola, M|
|poke|p1|Iron Valiant|
|poke|p1|Rillaboom, F|
|poke|p2|Indeedee, M|
|poke|p2|Deoxys-Speed|
|poke|p2|Great Tusk|
|poke|p2|Toxapex, F|
|poke|p2|Cinderace, F|
|poke|p2|Dragonite, M|
|teampreview
|
|t:|1758967015
|teamsize|p1|6
|teamsize|p2|6
|start
|switch|p1a: Alomomola|Alomomola, M|100/100
|switch|p2a: Cinderace|Cinderace, F|100/100
|turn|1
|
|t:|1758967021
|move|p2a: Cinderace|U-turn|p1a: Alomomola
|-damage|p1a: Alomomola|90/100
|
|t:|1758967025
|switch|p2a: Toxapex|Toxapex, F|100/100|[from] U-turn
|move|p1a: Alomomola|Flip Turn|p2a: Toxapex
|-resisted|p2a: Toxapex
|-damage|p2a: Toxapex|94/100
|-damage|p1a: Alomomola|73/100|[from] item: Rocky Helmet|[of] p2a: Toxapex
|
|t:|1758967034
|switch|p1a: Slowking|Slowking-Galar, M|100/100|[from] Flip Turn
|
|upkeep
|turn|2
|
|t:|1758967050
|switch|p2a: Indeedee|Indeedee, M|100/100
|-fieldstart|move: Psychic Terrain|[from] ability: Psychic Surge|[of] p2a: Indeedee
|move|p1a: Slowking|Psychic Noise|p2a: Indeedee
|-resisted|p2a: Indeedee
|-damage|p2a: Indeedee|66/100
|-start|p2a: Indeedee|move: Heal Block
|
|upkeep
|turn|3
|
|t:|1758967059
|move|p2a: Indeedee|Trick|p1a: Slowking
|-activate|p2a: Indeedee|move: Trick|[of] p1a: Slowking
|-item|p1a: Slowking|Choice Scarf|[from] move: Trick
|-item|p2a: Indeedee|Assault Vest|[from] move: Trick
|move|p1a: Slowking|Sludge Bomb|p2a: Indeedee
|-damage|p2a: Indeedee|26/100
|
|-end|p2a: Indeedee|move: Heal Block
|upkeep
|turn|4
|
|t:|1758967071
|switch|p2a: Dragonite|Dragonite, M|100/100
|move|p1a: Slowking|Sludge Bomb|p2a: Dragonite
|-damage|p2a: Dragonite|82/100
|
|upkeep
|turn|5
|
|t:|1758967087
|switch|p1a: Iron Valiant|Iron Valiant|100/100
|-enditem|p1a: Iron Valiant|Booster Energy
|-activate|p1a: Iron Valiant|ability: Quark Drive|[fromitem]
|-start|p1a: Iron Valiant|quarkdrivespe
|move|p2a: Dragonite|Roost|p2a: Dragonite
|-heal|p2a: Dragonite|100/100
|-singleturn|p2a: Dragonite|move: Roost
|
|upkeep
|turn|6
|
|t:|1758967094
|switch|p2a: Toxapex|Toxapex, F|100/100
|move|p1a: Iron Valiant|Calm Mind|p1a: Iron Valiant
|-boost|p1a: Iron Valiant|spa|1
|-boost|p1a: Iron Valiant|spd|1
|
|-fieldend|move: Psychic Terrain
|upkeep
|turn|7
|
|t:|1758967102
|-terastallize|p1a: Iron Valiant|Steel
|move|p1a: Iron Valiant|Psyshock|p2a: Toxapex
|-supereffective|p2a: Toxapex
|-damage|p2a: Toxapex|42/100
|move|p2a: Toxapex|Haze|p2a: Toxapex
|-clearallboost
|
|upkeep
|turn|8
|
|t:|1758967114
|switch|p2a: Cinderace|Cinderace, F|100/100
|move|p1a: Iron Valiant|Psyshock|p2a: Cinderace
|-damage|p2a: Cinderace|68/100
|
|upkeep
|turn|9
|
|t:|1758967129
|move|p1a: Iron Valiant|Close Combat|p2a: Cinderace
|-damage|p2a: Cinderace|5/100
|-unboost|p1a: Iron Valiant|def|1
|-unboost|p1a: Iron Valiant|spd|1
|move|p2a: Cinderace|Pyro Ball|p1a: Iron Valiant
|-supereffective|p1a: Iron Valiant
|-crit|p1a: Iron Valiant
|-damage|p1a: Iron Valiant|0 fnt
|faint|p1a: Iron Valiant
|-end|p1a: Iron Valiant|Quark Drive|[silent]
|
|upkeep
|
|t:|1758967133
|switch|p1a: Alomomola|Alomomola, M|100/100
|turn|10
|
|t:|1758967136
|move|p2a: Cinderace|U-turn|p1a: Alomomola
|-damage|p1a: Alomomola|89/100
|
|t:|1758967142
|switch|p2a: Toxapex|Toxapex, F|76/100|[from] U-turn
|move|p1a: Alomomola|Flip Turn|p2a: Toxapex
|-resisted|p2a: Toxapex
|-damage|p2a: Toxapex|70/100
|-damage|p1a: Alomomola|72/100|[from] item: Rocky Helmet|[of] p2a: Toxapex
|
|t:|1758967146
|switch|p1a: Slowking|Slowking-Galar, M|100/100|[from] Flip Turn
|
|upkeep
|turn|11
|
|t:|1758967155
|switch|p2a: Dragonite|Dragonite, M|100/100
|move|p1a: Slowking|Psychic Noise|p2a: Dragonite
|-damage|p2a: Dragonite|86/100
|-start|p2a: Dragonite|move: Heal Block
|
|upkeep
|turn|12
|
|t:|1758967160
|switch|p1a: Zamazenta|Zamazenta|100/100
|-ability|p1a: Zamazenta|Dauntless Shield|boost
|-boost|p1a: Zamazenta|def|1
|move|p2a: Dragonite|Dragon Dance|p2a: Dragonite
|-boost|p2a: Dragonite|atk|1
|-boost|p2a: Dragonite|spe|1
|
|-end|p2a: Dragonite|move: Heal Block
|upkeep
|turn|13
|
|t:|1758967165
|switch|p2a: Toxapex|Toxapex, F|100/100
|move|p1a: Zamazenta|Roar|p2a: Toxapex
|drag|p2a: Indeedee|Indeedee, M|26/100
|-fieldstart|move: Psychic Terrain|[from] ability: Psychic Surge|[of] p2a: Indeedee
|
|upkeep
|turn|14
|
|t:|1758967171
|move|p1a: Zamazenta|Body Press|p2a: Indeedee
|-damage|p2a: Indeedee|0 fnt
|faint|p2a: Indeedee
|
|upkeep
|
|t:|1758967176
|switch|p2a: Deoxys|Deoxys-Speed|100/100
|-ability|p2a: Deoxys|Pressure
|turn|15
|
|t:|1758967180
|switch|p1a: Slowking|Slowking-Galar, M|100/100
|move|p2a: Deoxys|Expanding Force|p1a: Slowking
|-damage|p1a: Slowking|29/100
|-damage|p2a: Deoxys|91/100|[from] item: Life Orb
|
|upkeep
|turn|16
|
|t:|1758967187
|move|p2a: Deoxys|Expanding Force|p1a: Slowking
|-damage|p1a: Slowking|0 fnt
|faint|p1a: Slowking
|-damage|p2a: Deoxys|81/100|[from] item: Life Orb
|
|upkeep
|
|t:|1758967189
|switch|p1a: Rillaboom|Rillaboom, F|100/100
|-fieldstart|move: Grassy Terrain|[from] ability: Grassy Surge|[of] p1a: Rillaboom
|turn|17
|
|t:|1758967199
|switch|p2a: Toxapex|Toxapex, F|100/100
|move|p1a: Rillaboom|Grassy Glide|p2a: Toxapex
|-damage|p2a: Toxapex|50/100
|-damage|p1a: Rillaboom|84/100|[from] item: Rocky Helmet|[of] p2a: Toxapex
|
|-heal|p1a: Rillaboom|90/100|[from] Grassy Terrain
|-heal|p2a: Toxapex|56/100|[from] Grassy Terrain
|upkeep
|turn|18
|
|t:|1758967215
|switch|p1a: Iron Treads|Iron Treads|100/100
|move|p2a: Toxapex|Recover|p2a: Toxapex
|-heal|p2a: Toxapex|100/100
|
|upkeep
|turn|19
|
|t:|1758967224
|move|p1a: Iron Treads|Earth Power|p2a: Toxapex
|-supereffective|p2a: Toxapex
|-crit|p2a: Toxapex
|-damage|p2a: Toxapex|44/100
|move|p2a: Toxapex|Liquidation|p1a: Iron Treads
|-supereffective|p1a: Iron Treads
|-damage|p1a: Iron Treads|66/100
|
|-heal|p1a: Iron Treads|72/100|[from] Grassy Terrain
|-heal|p2a: Toxapex|50/100|[from] Grassy Terrain
|upkeep
|turn|20
|
|t:|1758967236
|switch|p2a: Dragonite|Dragonite, M|86/100
|move|p1a: Iron Treads|Earth Power|p2a: Dragonite
|-immune|p2a: Dragonite
|
|-heal|p1a: Iron Treads|79/100|[from] Grassy Terrain
|upkeep
|turn|21
|
|t:|1758967245
|-end|p1a: Iron Treads|Quark Drive|[silent]
|switch|p1a: Zamazenta|Zamazenta|100/100
|switch|p2a: Toxapex|Toxapex, F|84/100
|
|-heal|p2a: Toxapex|90/100|[from] Grassy Terrain
|-fieldend|move: Grassy Terrain
|upkeep
|turn|22
|
|t:|1758967248
|switch|p1a: Iron Treads|Iron Treads|79/100
|move|p2a: Toxapex|Toxic|p1a: Iron Treads
|-immune|p1a: Iron Treads
|
|upkeep
|turn|23
|
|t:|1758967252
|move|p1a: Iron Treads|Flash Cannon|p2a: Toxapex
|-resisted|p2a: Toxapex
|-damage|p2a: Toxapex|81/100
|-unboost|p2a: Toxapex|spd|1
|move|p2a: Toxapex|Liquidation|p1a: Iron Treads
|-supereffective|p1a: Iron Treads
|-damage|p1a: Iron Treads|39/100
|
|upkeep
|turn|24
|
|t:|1758967256
|switch|p2a: Dragonite|Dragonite, M|86/100
|move|p1a: Iron Treads|Earth Power|p2a: Dragonite
|-immune|p2a: Dragonite
|
|upkeep
|turn|25
|
|t:|1758967263
|-end|p1a: Iron Treads|Quark Drive|[silent]
|switch|p1a: Zamazenta|Zamazenta|100/100
|move|p2a: Dragonite|Earthquake|p1a: Zamazenta
|-damage|p1a: Zamazenta|77/100
|
|-heal|p1a: Zamazenta|83/100|[from] item: Leftovers
|upkeep
|turn|26
|
|t:|1758967270
|switch|p1a: Rillaboom|Rillaboom, F|90/100
|-fieldstart|move: Grassy Terrain|[from] ability: Grassy Surge|[of] p1a: Rillaboom
|switch|p2a: Toxapex|Toxapex, F|100/100
|
|-heal|p1a: Rillaboom|96/100|[from] Grassy Terrain
|upkeep
|turn|27
|
|t:|1758967286
|switch|p2a: Dragonite|Dragonite, M|86/100
|move|p1a: Rillaboom|Wood Hammer|p2a: Dragonite
|-resisted|p2a: Dragonite
|-crit|p2a: Dragonite
|-damage|p2a: Dragonite|45/100
|-damage|p1a: Rillaboom|81/100|[from] Recoil
|
|-heal|p1a: Rillaboom|87/100|[from] Grassy Terrain
|upkeep
|turn|28
|
|t:|1758967300
|switch|p1a: Zamazenta|Zamazenta|83/100
|move|p2a: Dragonite|Roost|p2a: Dragonite
|-heal|p2a: Dragonite|95/100
|-singleturn|p2a: Dragonite|move: Roost
|
|-heal|p1a: Zamazenta|89/100|[from] Grassy Terrain
|-heal|p1a: Zamazenta|95/100|[from] item: Leftovers
|-heal|p2a: Dragonite|100/100|[from] Grassy Terrain
|upkeep
|turn|29
|
|t:|1758967309
|switch|p1a: Alomomola|Alomomola, M|100/100
|switch|p2a: Toxapex|Toxapex, F|100/100
|
|upkeep
|turn|30
|
|t:|1758967313
|switch|p1a: Iron Treads|Iron Treads|39/100
|move|p2a: Toxapex|Toxic|p1a: Iron Treads
|-immune|p1a: Iron Treads
|
|-heal|p1a: Iron Treads|46/100|[from] Grassy Terrain
|-fieldend|move: Grassy Terrain
|upkeep
|turn|31
|
|t:|1758967318
|move|p1a: Iron Treads|Stealth Rock|p2a: Toxapex
|-sidestart|p2: Catactual|move: Stealth Rock
|move|p2a: Toxapex|Liquidation|p1a: Iron Treads
|-supereffective|p1a: Iron Treads
|-damage|p1a: Iron Treads|6/100
|-unboost|p1a: Iron Treads|def|1
|
|upkeep
|turn|32
|
|t:|1758967323
|move|p1a: Iron Treads|Earth Power|p2a: Toxapex
|-supereffective|p2a: Toxapex
|-damage|p2a: Toxapex|59/100
|move|p2a: Toxapex|Liquidation|p1a: Iron Treads
|-supereffective|p1a: Iron Treads
|-damage|p1a: Iron Treads|0 fnt
|faint|p1a: Iron Treads
|-end|p1a: Iron Treads|Quark Drive|[silent]
|
|upkeep
|
|t:|1758967326
|switch|p1a: Rillaboom|Rillaboom, F|87/100
|-fieldstart|move: Grassy Terrain|[from] ability: Grassy Surge|[of] p1a: Rillaboom
|turn|33
|
|t:|1758967330
|switch|p2a: Dragonite|Dragonite, M|100/100
|move|p1a: Rillaboom|Knock Off|p2a: Dragonite
|-damage|p2a: Dragonite|76/100
|-enditem|p2a: Dragonite|Heavy-Duty Boots|[from] move: Knock Off|[of] p1a: Rillaboom
|
|-heal|p1a: Rillaboom|93/100|[from] Grassy Terrain
|upkeep
|turn|34
|
|t:|1758967338
|switch|p1a: Zamazenta|Zamazenta|95/100
|move|p2a: Dragonite|Roost|p2a: Dragonite
|-heal|p2a: Dragonite|100/100
|-singleturn|p2a: Dragonite|move: Roost
|
|-heal|p1a: Zamazenta|100/100|[from] Grassy Terrain
|upkeep
|turn|35
|
|t:|1758967342
|switch|p1a: Rillaboom|Rillaboom, F|93/100
|switch|p2a: Toxapex|Toxapex, F|92/100
|-damage|p2a: Toxapex|80/100|[from] Stealth Rock
|
|-heal|p1a: Rillaboom|99/100|[from] Grassy Terrain
|-heal|p2a: Toxapex|86/100|[from] Grassy Terrain
|upkeep
|turn|36
|
|t:|1758967345
|switch|p2a: Dragonite|Dragonite, M|100/100
|-damage|p2a: Dragonite|76/100|[from] Stealth Rock
|move|p1a: Rillaboom|Wood Hammer|p2a: Dragonite
|-resisted|p2a: Dragonite
|-damage|p2a: Dragonite|46/100
|-damage|p1a: Rillaboom|89/100|[from] Recoil
|
|-heal|p1a: Rillaboom|95/100|[from] Grassy Terrain
|upkeep
|turn|37
|
|t:|1758967352
|switch|p1a: Alomomola|Alomomola, M|100/100
|move|p2a: Dragonite|Roost|p2a: Dragonite
|-heal|p2a: Dragonite|97/100
|-singleturn|p2a: Dragonite|move: Roost
|
|-heal|p2a: Dragonite|100/100|[from] Grassy Terrain
|-fieldend|move: Grassy Terrain
|upkeep
|turn|38
|
|t:|1758967360
|switch|p2a: Toxapex|Toxapex, F|100/100
|-damage|p2a: Toxapex|88/100|[from] Stealth Rock
|move|p1a: Alomomola|Tickle|p2a: Toxapex
|-unboost|p2a: Toxapex|atk|1
|-unboost|p2a: Toxapex|def|1
|
|upkeep
|turn|39
|
|t:|1758967370
|move|p1a: Alomomola|Flip Turn|p2a: Toxapex
|-resisted|p2a: Toxapex
|-damage|p2a: Toxapex|79/100
|-damage|p1a: Alomomola|84/100|[from] item: Rocky Helmet|[of] p2a: Toxapex
|
|t:|1758967373
|switch|p1a: Zamazenta|Zamazenta|100/100|[from] Flip Turn
|move|p2a: Toxapex|Toxic|p1a: Zamazenta
|-status|p1a: Zamazenta|tox
|
|-damage|p1a: Zamazenta|94/100 tox|[from] psn
|upkeep
|turn|40
|
|t:|1758967379
|switch|p1a: Rillaboom|Rillaboom, F|95/100
|-fieldstart|move: Grassy Terrain|[from] ability: Grassy Surge|[of] p1a: Rillaboom
|switch|p2a: Cinderace|Cinderace, F|5/100
|
|-heal|p2a: Cinderace|11/100|[from] Grassy Terrain
|-heal|p1a: Rillaboom|100/100|[from] Grassy Terrain
|upkeep
|turn|41
|
|t:|1758967388
|switch|p2a: Dragonite|Dragonite, M|100/100
|-damage|p2a: Dragonite|76/100|[from] Stealth Rock
|move|p1a: Rillaboom|Grassy Glide|p2a: Dragonite
|-resisted|p2a: Dragonite
|-damage|p2a: Dragonite|62/100
|
|upkeep
|turn|42
|-message|I'm evil and spicy forfeited.
|
|win|Catactual
|raw|I&apos;m evil and spicy's rating: 1551 &rarr; <strong>1532</strong><br />(-19 for losing)
|raw|Catactual's rating: 1572 &rarr; <strong>1591</strong><br />(+19 for winning)
|l|☆I'm evil and spicy
|player|p1|
|l|☆Catactual
|player|p2|
