|j|☆mailmanmanman
|j|☆ancient faith
|t:|1758952765
|gametype|singles
|player|p1|mailmanmanman|169|1235
|player|p2|ancient faith|red-gen1main|1185
|gen|9
|tier|[Gen 9] OU
|rated|
|rule|HP Percentage Mod: HP is shown in percentages
|rule|Endless Battle Clause: Forcing endless battles is banned
|rule|Species Clause: Limit one of each Pokémon
|rule|OHKO Clause: OHKO moves are banned
|rule|Evasion Items Clause: Evasion items are banned
|rule|Evasion Moves Clause: Evasion moves are banned
|rule|Evasion Abilities Clause: Evasion abilities are banned
|rule|Sleep Moves Clause: Sleep-inducing moves are banned
|clearpoke
|poke|p1|Alomomola, F|
|poke|p1|Raging Bolt|
|poke|p1|Dragapult, M|
|poke|p1|Great Tusk|
|poke|p1|Cinderace, F|
|poke|p1|Clefable, F|
|poke|p2|Deoxys-Speed|
|poke|p2|Dragonite, M|
|poke|p2|Darkrai|
|poke|p2|Iron Moth|
|poke|p2|Scizor, M|
|poke|p2|Great Tusk|
|teampreview
|inactive|Battle timer is ON: inactive players will automatically lose when time's up. (requested by ancient faith)
|
|t:|1758952777
|teamsize|p1|6
|teamsize|p2|6
|start
|switch|p1a: Dragapult|Dragapult, M|100/100
|switch|p2a: Deoxys|Deoxys-Speed, shiny|100/100
|-ability|p2a: Deoxys|Pressure
|turn|1
|
|t:|1758952798
|switch|p1a: Clefable|Clefable, F|100/100
|move|p2a: Deoxys|Stealth Rock|p1a: Clefable
|-sidestart|p1: mailmanmanman|move: Stealth Rock
|
|upkeep
|turn|2
|
|t:|1758952806
|move|p2a: Deoxys|Taunt|p1a: Clefable
|-start|p1a: Clefable|move: Taunt
|move|p1a: Clefable|Moonblast|p2a: Deoxys
|-damage|p2a: Deoxys|63/100
|-unboost|p2a: Deoxys|spa|1
|
|upkeep
|turn|3
|
|t:|1758952814
|move|p2a: Deoxys|Psycho Boost|p1a: Clefable
|-damage|p1a: Clefable|73/100
|-unboost|p2a: Deoxys|spa|2
|move|p1a: Clefable|Moonblast|p2a: Deoxys
|-damage|p2a: Deoxys|24/100
|
|-heal|p1a: Clefable|79/100|[from] item: Leftovers
|upkeep
|turn|4
|
|t:|1758952820
|move|p2a: Deoxys|Ice Beam|p1a: Clefable
|-damage|p1a: Clefable|72/100
|move|p1a: Clefable|Moonblast|p2a: Deoxys
|-damage|p2a: Deoxys|0 fnt
|faint|p2a: Deoxys
|
|-heal|p1a: Clefable|78/100|[from] item: Leftovers
|-end|p1a: Clefable|move: Taunt
|upkeep
|
|t:|1758952825
|switch|p2a: Iron Moth|Iron Moth, shiny|100/100
|-enditem|p2a: Iron Moth|Booster Energy
|-activate|p2a: Iron Moth|ability: Quark Drive|[fromitem]
|-start|p2a: Iron Moth|quarkdrivespe
|turn|5
|
|t:|1758952840
|move|p2a: Iron Moth|Toxic Spikes|p1a: Clefable
|-sidestart|p1: mailmanmanman|move: Toxic Spikes
|move|p1a: Clefable|Thunder Wave|p2a: Iron Moth
|-status|p2a: Iron Moth|par
|
|-heal|p1a: Clefable|84/100|[from] item: Leftovers
|upkeep
|turn|6
|
|t:|1758952849
|switch|p1a: Raging Bolt|Raging Bolt|100/100
|move|p2a: Iron Moth|Sludge Wave|p1a: Raging Bolt
|-damage|p1a: Raging Bolt|58/100
|
|upkeep
|turn|7
|
|t:|1758952855
|cant|p2a: Iron Moth|par
|move|p1a: Raging Bolt|Volt Switch|p2a: Iron Moth
|-damage|p2a: Iron Moth|53/100 par
|
|t:|1758952863
|-end|p1a: Raging Bolt|Protosynthesis|[silent]
|switch|p1a: Great Tusk|Great Tusk|100/100|[from] Volt Switch
|-damage|p1a: Great Tusk|98/100|[from] Stealth Rock
|-status|p1a: Great Tusk|psn
|
|-heal|p1a: Great Tusk|100/100 psn|[from] item: Leftovers
|-damage|p1a: Great Tusk|88/100 psn|[from] psn
|upkeep
|turn|8
|
|t:|1758952871
|move|p1a: Great Tusk|Rapid Spin|p2a: Iron Moth
|-damage|p2a: Iron Moth|30/100 par
|-boost|p1a: Great Tusk|spe|1
|-sideend|p1: mailmanmanman|Toxic Spikes|[from] move: Rapid Spin|[of] p1a: Great Tusk
|-sideend|p1: mailmanmanman|Stealth Rock|[from] move: Rapid Spin|[of] p1a: Great Tusk
|cant|p2a: Iron Moth|par
|
|-heal|p1a: Great Tusk|94/100 psn|[from] item: Leftovers
|-damage|p1a: Great Tusk|82/100 psn|[from] psn
|upkeep
|turn|9
|
|t:|1758952886
|move|p1a: Great Tusk|Headlong Rush|p2a: Iron Moth
|-supereffective|p2a: Iron Moth
|-damage|p2a: Iron Moth|0 fnt
|-unboost|p1a: Great Tusk|def|1
|-unboost|p1a: Great Tusk|spd|1
|faint|p2a: Iron Moth
|-end|p2a: Iron Moth|Quark Drive|[silent]
|
|-heal|p1a: Great Tusk|88/100 psn|[from] item: Leftovers
|-damage|p1a: Great Tusk|76/100 psn|[from] psn
|upkeep
|
|t:|1758952904
|switch|p2a: Scizor|Scizor, M, shiny|100/100
|turn|10
|
|t:|1758952917
|-end|p1a: Great Tusk|Protosynthesis|[silent]
|switch|p1a: Alomomola|Alomomola, F|100/100
|move|p2a: Scizor|Knock Off|p1a: Alomomola
|-damage|p1a: Alomomola|69/100
|-enditem|p1a: Alomomola|Red Card|[from] move: Knock Off|[of] p2a: Scizor
|
|upkeep
|turn|11
|inactive|mailmanmanman has 120 seconds left.
|
|t:|1758952952
|move|p2a: Scizor|Knock Off|p1a: Alomomola
|-damage|p1a: Alomomola|49/100
|move|p1a: Alomomola|Scald|p2a: Scizor
|-damage|p2a: Scizor|82/100
|
|upkeep
|turn|12
|
|t:|1758952956
|switch|p2a: Darkrai|Darkrai, shiny|100/100
|move|p1a: Alomomola|Wish|p1a: Alomomola
|
|upkeep
|turn|13
|
|t:|1758952962
|move|p2a: Darkrai|Dark Pulse|p1a: Alomomola
|-damage|p1a: Alomomola|0 fnt
|faint|p1a: Alomomola
|-damage|p2a: Darkrai|91/100|[from] item: Life Orb
|
|upkeep
|
|t:|1758952969
|switch|p1a: Dragapult|Dragapult, M|100/100
|turn|14
|
|t:|1758952973
|move|p2a: Darkrai|Sucker Punch|p1a: Dragapult
|-supereffective|p1a: Dragapult
|-damage|p1a: Dragapult|28/100
|-damage|p2a: Darkrai|81/100|[from] item: Life Orb
|move|p1a: Dragapult|U-turn|p2a: Darkrai
|-supereffective|p2a: Darkrai
|-damage|p2a: Darkrai|19/100
|
|t:|1758952981
|switch|p1a: Clefable|Clefable, F|84/100|[from] U-turn
|
|-heal|p1a: Clefable|90/100|[from] item: Leftovers
|upkeep
|turn|15
|
|t:|1758952988
|move|p2a: Darkrai|Ice Beam|p1a: Clefable
|-damage|p1a: Clefable|60/100
|-damage|p2a: Darkrai|9/100|[from] item: Life Orb
|move|p1a: Clefable|Knock Off|p2a: Darkrai
|-resisted|p2a: Darkrai
|-damage|p2a: Darkrai|0 fnt
|-enditem|p2a: Darkrai|Life Orb|[from] move: Knock Off|[of] p1a: Clefable
|faint|p2a: Darkrai
|
|-heal|p1a: Clefable|66/100|[from] item: Leftovers
|upkeep
|
|t:|1758952998
|switch|p2a: Scizor|Scizor, M, shiny|82/100
|turn|16
|
|t:|1758953002
|switch|p1a: Great Tusk|Great Tusk|76/100 psn
|move|p2a: Scizor|Bullet Punch|p1a: Great Tusk
|-damage|p1a: Great Tusk|41/100 psn
|
|-heal|p1a: Great Tusk|48/100 psn|[from] item: Leftovers
|-damage|p1a: Great Tusk|35/100 psn|[from] psn
|upkeep
|turn|17
|
|t:|1758953021
|move|p2a: Scizor|Bullet Punch|p1a: Great Tusk
|-damage|p1a: Great Tusk|0 fnt
|faint|p1a: Great Tusk
|-end|p1a: Great Tusk|Protosynthesis|[silent]
|
|upkeep
|
|t:|1758953027
|switch|p1a: Cinderace|Cinderace, F|100/100
|turn|18
|
|t:|1758953033
|switch|p2a: Great Tusk|Great Tusk, shiny|100/100
|-enditem|p2a: Great Tusk|Booster Energy
|-activate|p2a: Great Tusk|ability: Protosynthesis|[fromitem]
|-start|p2a: Great Tusk|protosynthesisspe
|move|p1a: Cinderace|Pyro Ball|p2a: Great Tusk
|-damage|p2a: Great Tusk|72/100
|
|upkeep
|turn|19
|
|t:|1758953055
|switch|p1a: Clefable|Clefable, F|66/100
|move|p2a: Great Tusk|Headlong Rush|p1a: Clefable
|-damage|p1a: Clefable|4/100
|-unboost|p2a: Great Tusk|def|1
|-unboost|p2a: Great Tusk|spd|1
|
|-heal|p1a: Clefable|10/100|[from] item: Leftovers
|upkeep
|turn|20
|
|t:|1758953065
|move|p2a: Great Tusk|Rapid Spin|p1a: Clefable
|-crit|p1a: Clefable
|-damage|p1a: Clefable|0 fnt
|-boost|p2a: Great Tusk|spe|1
|faint|p1a: Clefable
|
|upkeep
|
|t:|1758953076
|switch|p1a: Cinderace|Cinderace, F|100/100
|turn|21
|
|t:|1758953091
|-terastallize|p1a: Cinderace|Water
|move|p2a: Great Tusk|Headlong Rush|p1a: Cinderace
|-damage|p1a: Cinderace|37/100
|-unboost|p2a: Great Tusk|def|1
|-unboost|p2a: Great Tusk|spd|1
|move|p1a: Cinderace|Pyro Ball|p2a: Great Tusk
|-crit|p2a: Great Tusk
|-damage|p2a: Great Tusk|0 fnt
|faint|p2a: Great Tusk
|-end|p2a: Great Tusk|Protosynthesis|[silent]
|
|upkeep
|
|t:|1758953109
|switch|p2a: Dragonite|Dragonite, M, shiny|100/100
|turn|22
|
|t:|1758953116
|move|p1a: Cinderace|U-turn|p2a: Dragonite
|-resisted|p2a: Dragonite
|-damage|p2a: Dragonite|96/100
|
|t:|1758953121
|switch|p1a: Raging Bolt|Raging Bolt|58/100|[from] U-turn
|move|p2a: Dragonite|Dragon Dance|p2a: Dragonite
|-boost|p2a: Dragonite|atk|1
|-boost|p2a: Dragonite|spe|1
|
|upkeep
|turn|23
|
|t:|1758953133
|-terastallize|p2a: Dragonite|Ghost
|move|p2a: Dragonite|Tera Blast|p1a: Raging Bolt|[anim] Tera Blast Ghost
|-damage|p1a: Raging Bolt|0 fnt
|faint|p1a: Raging Bolt
|-end|p1a: Raging Bolt|Protosynthesis|[silent]
|
|upkeep
|
|t:|1758953137
|switch|p1a: Dragapult|Dragapult, M|28/100
|turn|24
|
|t:|1758953143
|move|p2a: Dragonite|Tera Blast|p1a: Dragapult|[anim] Tera Blast Ghost
|-supereffective|p1a: Dragapult
|-damage|p1a: Dragapult|0 fnt
|faint|p1a: Dragapult
|
|upkeep
|-message|mailmanmanman forfeited.
|
|win|ancient faith
|raw|mailmanmanman's rating: 1235 &rarr; <strong>1204</strong><br />(-31 for losing)
|raw|ancient faith's rating: 1156 &rarr; <strong>1187</strong><br />(+31 for winning)
|l|☆mailmanmanman
|player|p1|
