|j|☆yourson3
|j|☆GamerBro07
|t:|1758914297
|gametype|singles
|player|p1|yourson3|preschooler|1066
|player|p2|GamerBro07|101|1052
|gen|9
|tier|[Gen 9] OU
|rated|
|rule|HP Percentage Mod: HP is shown in percentages
|rule|Endless Battle Clause: Forcing endless battles is banned
|rule|Species Clause: Limit one of each Pokémon
|rule|OHKO Clause: OHKO moves are banned
|rule|Evasion Items Clause: Evasion items are banned
|rule|Evasion Moves Clause: Evasion moves are banned
|rule|Evasion Abilities Clause: Evasion abilities are banned
|rule|Sleep Moves Clause: Sleep-inducing moves are banned
|clearpoke
|poke|p1|Great Tusk|
|poke|p1|Dragapult, F|
|poke|p1|Kingambit, M|
|poke|p1|Rotom-Wash|
|poke|p1|Iron Valiant|
|poke|p1|Corviknight, F|
|poke|p2|Perrserker, F|
|poke|p2|Malamar, F|
|poke|p2|Cinccino, F|
|poke|p2|Gothitelle, F|
|poke|p2|Rotom-Frost|
|poke|p2|Hitmonchan, M|
|teampreview
|
|t:|1758914305
|teamsize|p1|6
|teamsize|p2|6
|start
|switch|p1a: Dragapult|Dragapult, F|100/100
|switch|p2a: Perrserker|Perrserker, F|100/100
|turn|1
|
|t:|1758914315
|move|p1a: Dragapult|Flamethrower|p2a: Perrserker
|-supereffective|p2a: Perrserker
|-damage|p2a: Perrserker|0 fnt
|faint|p2a: Perrserker
|
|upkeep
|
|t:|1758914334
|switch|p2a: Malamar|Malamar, F|100/100
|turn|2
|
|t:|1758914346
|switch|p1a: Rotom|Rotom-Wash|100/100
|move|p2a: Malamar|Knock Off|p1a: Rotom
|-damage|p1a: Rotom|59/100
|-enditem|p1a: Rotom|Leftovers|[from] move: Knock Off|[of] p2a: Malamar
|
|upkeep
|turn|3
|
|t:|1758914366
|move|p2a: Malamar|Knock Off|p1a: Rotom
|-damage|p1a: Rotom|30/100
|move|p1a: Rotom|Pain Split|p2a: Malamar
|-sethp|p2a: Malamar|65/100|[from] move: Pain Split|[silent]
|-sethp|p1a: Rotom|67/100|[from] move: Pain Split
|
|upkeep
|turn|4
|
|t:|1758914375
|switch|p2a: Hitmonchan|Hitmonchan, M|100/100
|move|p1a: Rotom|Hydro Pump|p2a: Hitmonchan
|-damage|p2a: Hitmonchan|72/100
|
|upkeep
|turn|5
|
|t:|1758914384
|move|p1a: Rotom|Will-O-Wisp|p2a: Hitmonchan
|-status|p2a: Hitmonchan|brn
|move|p2a: Hitmonchan|Drain Punch|p1a: Rotom
|-crit|p1a: Rotom
|-damage|p1a: Rotom|28/100
|-heal|p2a: Hitmonchan|91/100 brn|[from] drain|[of] p1a: Rotom
|
|-damage|p2a: Hitmonchan|85/100 brn|[from] brn
|upkeep
|turn|6
|
|t:|1758914396
|move|p2a: Hitmonchan|Bullet Punch|p1a: Rotom
|-resisted|p1a: Rotom
|-damage|p1a: Rotom|26/100
|move|p1a: Rotom|Pain Split|p2a: Hitmonchan
|-sethp|p2a: Hitmonchan|56/100 brn|[from] move: Pain Split|[silent]
|-sethp|p1a: Rotom|55/100|[from] move: Pain Split
|
|-damage|p2a: Hitmonchan|50/100 brn|[from] brn
|upkeep
|turn|7
|
|t:|1758914406
|move|p1a: Rotom|Hydro Pump|p2a: Hitmonchan|[miss]
|-miss|p1a: Rotom|p2a: Hitmonchan
|move|p2a: Hitmonchan|Drain Punch|p1a: Rotom
|-damage|p1a: Rotom|32/100
|-heal|p2a: Hitmonchan|62/100 brn|[from] drain|[of] p1a: Rotom
|
|-damage|p2a: Hitmonchan|56/100 brn|[from] brn
|upkeep
|turn|8
|
|t:|1758914414
|move|p1a: Rotom|Pain Split|p2a: Hitmonchan
|-sethp|p2a: Hitmonchan|44/100 brn|[from] move: Pain Split|[silent]
|-sethp|p1a: Rotom|44/100|[from] move: Pain Split
|move|p2a: Hitmonchan|Drain Punch|p1a: Rotom
|-damage|p1a: Rotom|20/100
|-heal|p2a: Hitmonchan|56/100 brn|[from] drain|[of] p1a: Rotom
|
|-damage|p2a: Hitmonchan|50/100 brn|[from] brn
|upkeep
|turn|9
|
|t:|1758914426
|move|p1a: Rotom|Hydro Pump|p2a: Hitmonchan
|-damage|p2a: Hitmonchan|25/100 brn
|move|p2a: Hitmonchan|Knock Off|p1a: Rotom
|-damage|p1a: Rotom|8/100
|
|-damage|p2a: Hitmonchan|19/100 brn|[from] brn
|upkeep
|turn|10
|
|t:|1758914436
|move|p1a: Rotom|Volt Switch|p2a: Hitmonchan
|-damage|p2a: Hitmonchan|1/100 brn
|
|t:|1758914445
|switch|p1a: Corviknight|Corviknight, F|100/100|[from] Volt Switch
|-ability|p1a: Corviknight|Pressure
|move|p2a: Hitmonchan|Knock Off|p1a: Corviknight
|-damage|p1a: Corviknight|90/100
|-damage|p2a: Hitmonchan|0 fnt|[from] item: Rocky Helmet|[of] p1a: Corviknight
|faint|p2a: Hitmonchan
|
|upkeep
|
|t:|1758914459
|switch|p2a: Rotom|Rotom-Frost|100/100
|turn|11
|
|t:|1758914464
|move|p2a: Rotom|Volt Switch|p1a: Corviknight
|-supereffective|p1a: Corviknight
|-crit|p1a: Corviknight
|-damage|p1a: Corviknight|11/100
|
|t:|1758914474
|switch|p2a: Malamar|Malamar, F|65/100|[from] Volt Switch
|move|p1a: Corviknight|Body Press|p2a: Malamar
|-damage|p2a: Malamar|34/100
|
|upkeep
|turn|12
|
|t:|1758914484
|move|p2a: Malamar|Superpower|p1a: Corviknight
|-damage|p1a: Corviknight|0 fnt
|-boost|p2a: Malamar|atk|1
|-boost|p2a: Malamar|def|1
|-damage|p2a: Malamar|17/100|[from] item: Rocky Helmet|[of] p1a: Corviknight
|faint|p1a: Corviknight
|
|upkeep
|
|t:|1758914498
|switch|p1a: Dragapult|Dragapult, F|100/100
|turn|13
|
|t:|1758914509
|switch|p2a: Cinccino|Cinccino, F|100/100
|move|p1a: Dragapult|U-turn|p2a: Cinccino
|-crit|p2a: Cinccino
|-damage|p2a: Cinccino|58/100
|
|t:|1758914523
|switch|p1a: Rotom|Rotom-Wash|8/100|[from] U-turn
|
|upkeep
|turn|14
|
|t:|1758914532
|move|p2a: Cinccino|Bullet Seed|p1a: Rotom
|-supereffective|p1a: Rotom
|-damage|p1a: Rotom|0 fnt
|faint|p1a: Rotom
|-hitcount|p1: Rotom|1
|
|upkeep
|
|t:|1758914539
|switch|p1a: Kingambit|Kingambit, M|100/100
|-activate|p1a: Kingambit|ability: Supreme Overlord
|-start|p1a: Kingambit|fallen2|[silent]
|turn|15
|
|t:|1758914549
|move|p1a: Kingambit|Sucker Punch|p2a: Cinccino
|-damage|p2a: Cinccino|0 fnt
|faint|p2a: Cinccino
|
|upkeep
|
|t:|1758914553
|switch|p2a: Malamar|Malamar, F|17/100
|turn|16
|
|t:|1758914560
|move|p1a: Kingambit|Sucker Punch||[still]
|-fail|p1a: Kingambit
|move|p2a: Malamar|Switcheroo|p1a: Kingambit
|-activate|p2a: Malamar|move: Trick|[of] p1a: Kingambit
|-item|p1a: Kingambit|Choice Scarf|[from] move: Switcheroo
|-item|p2a: Malamar|Black Glasses|[from] move: Switcheroo
|
|upkeep
|turn|17
|
|t:|1758914577
|switch|p2a: Rotom|Rotom-Frost|100/100
|move|p1a: Kingambit|Sucker Punch||[still]
|-fail|p1a: Kingambit
|
|upkeep
|turn|18
|
|t:|1758914586
|move|p1a: Kingambit|Sucker Punch||[still]
|-fail|p1a: Kingambit
|move|p2a: Rotom|Nasty Plot|p2a: Rotom
|-boost|p2a: Rotom|spa|2
|
|upkeep
|turn|19
|
|t:|1758914597
|-end|p1a: Kingambit|fallen2|[silent]
|switch|p1a: Iron Valiant|Iron Valiant|100/100
|-enditem|p1a: Iron Valiant|Booster Energy
|-activate|p1a: Iron Valiant|ability: Quark Drive|[fromitem]
|-start|p1a: Iron Valiant|quarkdrivespe
|move|p2a: Rotom|Nasty Plot|p2a: Rotom
|-boost|p2a: Rotom|spa|2
|
|upkeep
|turn|20
|
|t:|1758914608
|move|p1a: Iron Valiant|Close Combat|p2a: Rotom
|-supereffective|p2a: Rotom
|-damage|p2a: Rotom|0 fnt
|-unboost|p1a: Iron Valiant|def|1
|-unboost|p1a: Iron Valiant|spd|1
|faint|p2a: Rotom
|
|upkeep
|
|t:|1758914618
|switch|p2a: Gothitelle|Gothitelle, F|100/100
|turn|21
|
|t:|1758914626
|move|p1a: Iron Valiant|Poison Jab|p2a: Gothitelle
|-damage|p2a: Gothitelle|66/100
|move|p2a: Gothitelle|Trick|p1a: Iron Valiant
|-activate|p2a: Gothitelle|move: Trick|[of] p1a: Iron Valiant
|-item|p1a: Iron Valiant|Choice Specs|[from] move: Trick
|-enditem|p2a: Gothitelle|Choice Specs|[silent]|[from] move: Trick
|
|upkeep
|turn|22
|
|t:|1758914647
|-end|p1a: Iron Valiant|Quark Drive|[silent]
|switch|p1a: Great Tusk|Great Tusk|100/100
|move|p2a: Gothitelle|Psychic|p1a: Great Tusk
|-supereffective|p1a: Great Tusk
|-damage|p1a: Great Tusk|0 fnt
|faint|p1a: Great Tusk
|-end|p1a: Great Tusk|Protosynthesis|[silent]
|
|upkeep
|
|t:|1758914656
|switch|p1a: Dragapult|Dragapult, F|100/100
|turn|23
|
|t:|1758914661
|move|p1a: Dragapult|Shadow Ball|p2a: Gothitelle
|-supereffective|p2a: Gothitelle
|-damage|p2a: Gothitelle|0 fnt
|faint|p2a: Gothitelle
|
|upkeep
|
|t:|1758914666
|switch|p2a: Malamar|Malamar, F|17/100
|turn|24
|
|t:|1758914684
|move|p1a: Dragapult|Shadow Ball|p2a: Malamar
|-damage|p2a: Malamar|0 fnt
|faint|p2a: Malamar
|
|win|yourson3
|raw|yourson3's rating: 1066 &rarr; <strong>1095</strong><br />(+29 for winning)
|raw|GamerBro07's rating: 1052 &rarr; <strong>1035</strong><br />(-17 for losing)
|l|☆GamerBro07
|player|p2|
|l|☆yourson3
|player|p1|
