|j|☆Pig Perfect
|j|☆amorphousslime1
|t:|1758931993
|gametype|singles
|player|p1|Pig Perfect|workerice|1441
|player|p2|amorphousslime1|scientist-gen4dp|1425
|gen|9
|tier|[Gen 9] OU
|rated|
|rule|HP Percentage Mod: HP is shown in percentages
|rule|Endless Battle Clause: Forcing endless battles is banned
|rule|Species Clause: Limit one of each Pokémon
|rule|OHKO Clause: OHKO moves are banned
|rule|Evasion Items Clause: Evasion items are banned
|rule|Evasion Moves Clause: Evasion moves are banned
|rule|Evasion Abilities Clause: Evasion abilities are banned
|rule|Sleep Moves Clause: Sleep-inducing moves are banned
|clearpoke
|poke|p1|Cinderace, F|
|poke|p1|Decidueye, F|
|poke|p1|Excadrill, F|
|poke|p1|Iron Boulder|
|poke|p1|Mandibuzz, F|
|poke|p1|Tyranitar, M|
|poke|p2|Dragonite, F|
|poke|p2|Gholdengo|
|poke|p2|Iron Treads|
|poke|p2|Slowking-Galar, M|
|poke|p2|Ting-Lu|
|poke|p2|Dondozo, M|
|teampreview
|
|t:|1758932008
|teamsize|p1|6
|teamsize|p2|6
|start
|switch|p1a: Mr. Owl|Decidueye, F|100/100
|switch|p2a: Iron Treads|Iron Treads|100/100
|turn|1
|
|t:|1758932015
|move|p2a: Iron Treads|Stealth Rock|p1a: Mr. Owl
|-sidestart|p1: Pig Perfect|move: Stealth Rock
|move|p1a: Mr. Owl|Grass Knot|p2a: Iron Treads
|-damage|p2a: Iron Treads|39/100
|
|-heal|p2a: Iron Treads|45/100|[from] item: Leftovers
|upkeep
|turn|2
|
|t:|1758932024
|-end|p2a: Iron Treads|Quark Drive|[silent]
|switch|p2a: Slowking|Slowking-Galar, M|100/100
|move|p1a: Mr. Owl|Knock Off|p2a: Slowking
|-supereffective|p2a: Slowking
|-damage|p2a: Slowking|64/100
|-enditem|p2a: Slowking|Shuca Berry|[from] move: Knock Off|[of] p1a: Mr. Owl
|
|upkeep
|turn|3
|
|t:|1758932034
|move|p1a: Mr. Owl|U-turn|p2a: Slowking
|-damage|p2a: Slowking|50/100
|
|t:|1758932037
|switch|p1a: Trix are for Kids!|Cinderace, F|100/100|[from] U-turn
|move|p2a: Slowking|Future Sight|p1a: Trix are for Kids!
|-start|p2a: Slowking|move: Future Sight
|
|upkeep
|turn|4
|
|t:|1758932043
|move|p1a: Trix are for Kids!|Court Change|p1a: Trix are for Kids!
|-start|p1a: Trix are for Kids!|typechange|Normal|[from] ability: Libero
|-swapsideconditions
|-activate|p1a: Trix are for Kids!|move: Court Change
|move|p2a: Slowking|Sludge Bomb|p1a: Trix are for Kids!
|-damage|p1a: Trix are for Kids!|45/100
|
|upkeep
|turn|5
|
|t:|1758932059
|move|p1a: Trix are for Kids!|U-turn|p2a: Slowking
|-damage|p2a: Slowking|35/100
|
|t:|1758932061
|switch|p1a: Thesaurus Rex|Tyranitar, M|100/100|[from] U-turn
|-weather|Sandstorm|[from] ability: Sand Stream|[of] p1a: Thesaurus Rex
|-prepare|p2a: Slowking|Chilly Reception|[premajor]
|move|p2a: Slowking|Chilly Reception|p2a: Slowking
|-weather|Snowscape
|inactive|Battle timer is ON: inactive players will automatically lose when time's up. (requested by Pig Perfect)
|
|t:|1758932113
|switch|p2a: Ting-Lu|Ting-Lu|100/100|[from] Chilly Reception
|-damage|p2a: Ting-Lu|94/100|[from] Stealth Rock
|-ability|p2a: Ting-Lu|Vessel of Ruin
|
|-weather|Snowscape|[upkeep]
|-end|p1a: Thesaurus Rex|move: Future Sight
|-immune|p1a: Thesaurus Rex
|-heal|p2a: Ting-Lu|100/100|[from] item: Leftovers
|upkeep
|turn|6
|
|t:|1758932119
|switch|p1a: Mr. Owl|Decidueye, F|100/100
|move|p2a: Ting-Lu|Earthquake|p1a: Mr. Owl
|-resisted|p1a: Mr. Owl
|-damage|p1a: Mr. Owl|85/100
|
|-weather|Snowscape|[upkeep]
|-heal|p1a: Mr. Owl|92/100|[from] item: Leftovers
|upkeep
|turn|7
|inactive|amorphousslime1 has 120 seconds left.
|
|t:|1758932164
|move|p1a: Mr. Owl|Grass Knot|p2a: Ting-Lu
|-supereffective|p2a: Ting-Lu
|-damage|p2a: Ting-Lu|69/100
|move|p2a: Ting-Lu|Spikes|p1a: Mr. Owl
|-sidestart|p1: Pig Perfect|Spikes
|
|-weather|Snowscape|[upkeep]
|-heal|p1a: Mr. Owl|98/100|[from] item: Leftovers
|-heal|p2a: Ting-Lu|75/100|[from] item: Leftovers
|upkeep
|turn|8
|
|t:|1758932177
|switch|p2a: Slowking|Slowking-Galar, M|68/100
|-damage|p2a: Slowking|55/100|[from] Stealth Rock
|move|p1a: Mr. Owl|Grass Knot|p2a: Slowking
|-resisted|p2a: Slowking
|-damage|p2a: Slowking|44/100
|
|-weather|Snowscape|[upkeep]
|-heal|p1a: Mr. Owl|100/100|[from] item: Leftovers
|upkeep
|turn|9
|inactive|amorphousslime1 has 120 seconds left.
|
|t:|1758932182
|move|p1a: Mr. Owl|Knock Off|p2a: Slowking
|-supereffective|p2a: Slowking
|-damage|p2a: Slowking|21/100
|-prepare|p2a: Slowking|Chilly Reception|[premajor]
|move|p2a: Slowking|Chilly Reception|p2a: Slowking
|
|t:|1758932187
|switch|p2a: Gholdengo|Gholdengo|100/100|[from] Chilly Reception
|-damage|p2a: Gholdengo|94/100|[from] Stealth Rock
|
|-weather|none
|upkeep
|turn|10
|
|t:|1758932194
|move|p2a: Gholdengo|Shadow Ball|p1a: Mr. Owl
|-supereffective|p1a: Mr. Owl
|-damage|p1a: Mr. Owl|17/100
|move|p1a: Mr. Owl|Knock Off|p2a: Gholdengo
|-supereffective|p2a: Gholdengo
|-damage|p2a: Gholdengo|44/100
|-enditem|p2a: Gholdengo|Choice Scarf|[from] move: Knock Off|[of] p1a: Mr. Owl
|
|-heal|p1a: Mr. Owl|23/100|[from] item: Leftovers
|upkeep
|turn|11
|
|t:|1758932202
|switch|p1a: Thesaurus Rex|Tyranitar, M|100/100
|-damage|p1a: Thesaurus Rex|88/100|[from] Spikes
|-weather|Sandstorm|[from] ability: Sand Stream|[of] p1a: Thesaurus Rex
|move|p2a: Gholdengo|Dazzling Gleam|p1a: Thesaurus Rex
|-supereffective|p1a: Thesaurus Rex
|-damage|p1a: Thesaurus Rex|66/100
|
|-weather|Sandstorm|[upkeep]
|upkeep
|turn|12
|
|t:|1758932212
|move|p2a: Gholdengo|Make It Rain|p1a: Thesaurus Rex
|-supereffective|p1a: Thesaurus Rex
|-damage|p1a: Thesaurus Rex|12/100
|-unboost|p2a: Gholdengo|spa|1
|move|p1a: Thesaurus Rex|Knock Off|p2a: Gholdengo
|-supereffective|p2a: Gholdengo
|-damage|p2a: Gholdengo|0 fnt
|faint|p2a: Gholdengo
|
|-weather|Sandstorm|[upkeep]
|upkeep
|inactive|amorphousslime1 has 120 seconds left.
|
|t:|1758932242
|switch|p2a: Iron Treads|Iron Treads|45/100
|-damage|p2a: Iron Treads|42/100|[from] Stealth Rock
|turn|13
|
|t:|1758932247
|switch|p1a: Mr. Owl|Decidueye, F|23/100
|-damage|p1a: Mr. Owl|11/100|[from] Spikes
|move|p2a: Iron Treads|Knock Off|p1a: Mr. Owl
|-supereffective|p1a: Mr. Owl
|-damage|p1a: Mr. Owl|0 fnt
|-enditem|p1a: Mr. Owl|Leftovers|[from] move: Knock Off|[of] p2a: Iron Treads
|faint|p1a: Mr. Owl
|
|-weather|Sandstorm|[upkeep]
|-heal|p2a: Iron Treads|48/100|[from] item: Leftovers
|upkeep
|
|t:|1758932249
|switch|p1a: Holy Moly|Excadrill, F|100/100
|-item|p1a: Holy Moly|Air Balloon
|turn|14
|
|t:|1758932255
|move|p1a: Holy Moly|Earthquake|p2a: Iron Treads
|-supereffective|p2a: Iron Treads
|-damage|p2a: Iron Treads|0 fnt
|faint|p2a: Iron Treads
|-end|p2a: Iron Treads|Quark Drive|[silent]
|
|-weather|Sandstorm|[upkeep]
|upkeep
|
|t:|1758932261
|switch|p2a: Dragonite|Dragonite, F|100/100
|turn|15
|
|t:|1758932267
|switch|p1a: Mandy + or - Billy|Mandibuzz, F|100/100
|move|p2a: Dragonite|Dragon Dance|p2a: Dragonite
|-boost|p2a: Dragonite|atk|1
|-boost|p2a: Dragonite|spe|1
|
|-weather|Sandstorm|[upkeep]
|-damage|p2a: Dragonite|94/100|[from] Sandstorm
|upkeep
|turn|16
|
|t:|1758932290
|switch|p2a: Slowking|Slowking-Galar, M|54/100
|-damage|p2a: Slowking|42/100|[from] Stealth Rock
|move|p1a: Mandy + or - Billy|Foul Play|p2a: Slowking
|-supereffective|p2a: Slowking
|-damage|p2a: Slowking|14/100
|
|-weather|Sandstorm|[upkeep]
|-damage|p2a: Slowking|8/100|[from] Sandstorm
|upkeep
|turn|17
|inactive|amorphousslime1 has 120 seconds left.
|
|t:|1758932311
|switch|p2a: Ting-Lu|Ting-Lu|75/100
|-damage|p2a: Ting-Lu|69/100|[from] Stealth Rock
|-ability|p2a: Ting-Lu|Vessel of Ruin
|move|p1a: Mandy + or - Billy|Toxic|p2a: Ting-Lu
|-status|p2a: Ting-Lu|tox
|
|-weather|Sandstorm|[upkeep]
|-heal|p2a: Ting-Lu|75/100 tox|[from] item: Leftovers
|-damage|p2a: Ting-Lu|69/100 tox|[from] psn
|upkeep
|turn|18
|inactive|amorphousslime1 has 120 seconds left.
|
|t:|1758932321
|switch|p1a: Holy Moly|Excadrill, F|100/100
|-item|p1a: Holy Moly|Air Balloon
|move|p2a: Ting-Lu|Spikes|p1a: Holy Moly
|-sidestart|p1: Pig Perfect|Spikes
|
|-weather|none
|-heal|p2a: Ting-Lu|75/100 tox|[from] item: Leftovers
|-damage|p2a: Ting-Lu|62/100 tox|[from] psn
|upkeep
|turn|19
|inactive|amorphousslime1 has 120 seconds left.
|
|t:|1758932338
|move|p1a: Holy Moly|Rapid Spin|p2a: Ting-Lu
|-damage|p2a: Ting-Lu|53/100 tox
|-boost|p1a: Holy Moly|spe|1
|-sideend|p1: Pig Perfect|Spikes|[from] move: Rapid Spin|[of] p1a: Holy Moly
|move|p2a: Ting-Lu|Ruination|p1a: Holy Moly
|-damage|p1a: Holy Moly|51/100
|-enditem|p1a: Holy Moly|Air Balloon
|
|-heal|p2a: Ting-Lu|59/100 tox|[from] item: Leftovers
|-damage|p2a: Ting-Lu|40/100 tox|[from] psn
|upkeep
|turn|20
|
|t:|1758932354
|switch|p1a: Thesaurus Rex|Tyranitar, M|12/100
|-weather|Sandstorm|[from] ability: Sand Stream|[of] p1a: Thesaurus Rex
|move|p2a: Ting-Lu|Earthquake|p1a: Thesaurus Rex
|-supereffective|p1a: Thesaurus Rex
|-damage|p1a: Thesaurus Rex|0 fnt
|faint|p1a: Thesaurus Rex
|
|-weather|Sandstorm|[upkeep]
|-heal|p2a: Ting-Lu|46/100 tox|[from] item: Leftovers
|-damage|p2a: Ting-Lu|21/100 tox|[from] psn
|upkeep
|
|t:|1758932360
|switch|p1a: Trix are for Kids!|Cinderace, F|45/100
|turn|21
|
|t:|1758932363
|move|p1a: Trix are for Kids!|U-turn|p2a: Ting-Lu
|-start|p1a: Trix are for Kids!|typechange|Bug|[from] ability: Libero
|-supereffective|p2a: Ting-Lu
|-damage|p2a: Ting-Lu|0 fnt
|faint|p2a: Ting-Lu
|
|t:|1758932366
|switch|p1a: iBoulder|Iron Boulder|100/100|[from] U-turn
|
|-weather|Sandstorm|[upkeep]
|upkeep
|
|t:|1758932372
|switch|p2a: Dondozo|Dondozo, M|100/100
|-damage|p2a: Dondozo|88/100|[from] Stealth Rock
|turn|22
|
|t:|1758932384
|-terastallize|p1a: iBoulder|Rock
|move|p1a: iBoulder|Mighty Cleave|p2a: Dondozo
|-damage|p2a: Dondozo|48/100
|move|p2a: Dondozo|Wave Crash|p1a: iBoulder
|-supereffective|p1a: iBoulder
|-damage|p1a: iBoulder|0 fnt
|faint|p1a: iBoulder
|-end|p1a: iBoulder|Quark Drive|[silent]
|-damage|p2a: Dondozo|26/100|[from] Recoil
|
|-weather|Sandstorm|[upkeep]
|-damage|p2a: Dondozo|20/100|[from] Sandstorm
|-heal|p2a: Dondozo|26/100|[from] item: Leftovers
|upkeep
|
|t:|1758932395
|switch|p1a: Holy Moly|Excadrill, F|51/100
|turn|23
|
|t:|1758932401
|move|p1a: Holy Moly|Earthquake|p2a: Dondozo
|-damage|p2a: Dondozo|4/100
|move|p2a: Dondozo|Rest|p2a: Dondozo
|-status|p2a: Dondozo|slp|[from] move: Rest
|-heal|p2a: Dondozo|100/100 slp|[silent]
|
|-weather|Sandstorm|[upkeep]
|-damage|p2a: Dondozo|94/100 slp|[from] Sandstorm
|-heal|p2a: Dondozo|100/100 slp|[from] item: Leftovers
|upkeep
|turn|24
|
|t:|1758932408
|switch|p1a: Trix are for Kids!|Cinderace, F|45/100
|cant|p2a: Dondozo|slp
|move|p2a: Dondozo|Sleep Talk|p2a: Dondozo
|move|p2a: Dondozo|Wave Crash|p1a: Trix are for Kids!|[from] move: Sleep Talk
|-supereffective|p1a: Trix are for Kids!
|-damage|p1a: Trix are for Kids!|0 fnt
|faint|p1a: Trix are for Kids!
|-damage|p2a: Dondozo|92/100 slp|[from] Recoil
|
|-weather|Sandstorm|[upkeep]
|-damage|p2a: Dondozo|86/100 slp|[from] Sandstorm
|-heal|p2a: Dondozo|92/100 slp|[from] item: Leftovers
|upkeep
|
|t:|1758932412
|switch|p1a: Mandy + or - Billy|Mandibuzz, F|100/100
|turn|25
|
|t:|1758932426
|move|p1a: Mandy + or - Billy|Foul Play|p2a: Dondozo
|-damage|p2a: Dondozo|76/100 slp
|cant|p2a: Dondozo|slp
|
|-weather|Sandstorm|[upkeep]
|-damage|p2a: Dondozo|70/100 slp|[from] Sandstorm
|-heal|p2a: Dondozo|76/100 slp|[from] item: Leftovers
|upkeep
|turn|26
|
|t:|1758932429
|move|p1a: Mandy + or - Billy|Foul Play|p2a: Dondozo
|-damage|p2a: Dondozo|62/100 slp
|-curestatus|p2a: Dondozo|slp|[msg]
|move|p2a: Dondozo|Curse|p2a: Dondozo
|-unboost|p2a: Dondozo|spe|1
|-boost|p2a: Dondozo|atk|1
|-boost|p2a: Dondozo|def|1
|
|-weather|Sandstorm|[upkeep]
|-damage|p2a: Dondozo|56/100|[from] Sandstorm
|-heal|p2a: Dondozo|62/100|[from] item: Leftovers
|upkeep
|turn|27
|
|t:|1758932431
|move|p1a: Mandy + or - Billy|Foul Play|p2a: Dondozo
|-damage|p2a: Dondozo|53/100
|move|p2a: Dondozo|Rest|p2a: Dondozo
|-status|p2a: Dondozo|slp|[from] move: Rest
|-heal|p2a: Dondozo|100/100 slp|[silent]
|
|-weather|none
|upkeep
|turn|28
|
|t:|1758932436
|move|p1a: Mandy + or - Billy|Foul Play|p2a: Dondozo
|-damage|p2a: Dondozo|92/100 slp
|cant|p2a: Dondozo|slp
|move|p2a: Dondozo|Sleep Talk|p2a: Dondozo
|move|p2a: Dondozo|Wave Crash|p1a: Mandy + or - Billy|[from] move: Sleep Talk
|-damage|p1a: Mandy + or - Billy|63/100
|-damage|p2a: Dondozo|81/100 slp|[from] Recoil
|
|-heal|p2a: Dondozo|87/100 slp|[from] item: Leftovers
|upkeep
|turn|29
|
|t:|1758932440
|move|p1a: Mandy + or - Billy|Foul Play|p2a: Dondozo
|-damage|p2a: Dondozo|78/100 slp
|cant|p2a: Dondozo|slp
|move|p2a: Dondozo|Sleep Talk|p2a: Dondozo
|move|p2a: Dondozo|Rest||[from] move: Sleep Talk|[still]
|-fail|p2a: Dondozo
|
|-heal|p2a: Dondozo|85/100 slp|[from] item: Leftovers
|upkeep
|turn|30
|
|t:|1758932447
|move|p1a: Mandy + or - Billy|Foul Play|p2a: Dondozo
|-damage|p2a: Dondozo|75/100 slp
|-curestatus|p2a: Dondozo|slp|[msg]
|move|p2a: Dondozo|Curse|p2a: Dondozo
|-unboost|p2a: Dondozo|spe|1
|-boost|p2a: Dondozo|atk|1
|-boost|p2a: Dondozo|def|1
|
|-heal|p2a: Dondozo|82/100|[from] item: Leftovers
|upkeep
|turn|31
|
|t:|1758932450
|move|p1a: Mandy + or - Billy|Roost|p1a: Mandy + or - Billy
|-heal|p1a: Mandy + or - Billy|100/100
|-singleturn|p1a: Mandy + or - Billy|move: Roost
|move|p2a: Dondozo|Curse|p2a: Dondozo
|-unboost|p2a: Dondozo|spe|1
|-boost|p2a: Dondozo|atk|1
|-boost|p2a: Dondozo|def|1
|
|-heal|p2a: Dondozo|88/100|[from] item: Leftovers
|upkeep
|turn|32
|
|t:|1758932453
|move|p1a: Mandy + or - Billy|Toxic|p2a: Dondozo
|-status|p2a: Dondozo|tox
|move|p2a: Dondozo|Curse|p2a: Dondozo
|-unboost|p2a: Dondozo|spe|1
|-boost|p2a: Dondozo|atk|1
|-boost|p2a: Dondozo|def|1
|
|-heal|p2a: Dondozo|94/100 tox|[from] item: Leftovers
|-damage|p2a: Dondozo|88/100 tox|[from] psn
|upkeep
|turn|33
|
|t:|1758932456
|move|p1a: Mandy + or - Billy|Foul Play|p2a: Dondozo
|-damage|p2a: Dondozo|83/100 tox
|move|p2a: Dondozo|Rest|p2a: Dondozo
|-status|p2a: Dondozo|slp|[from] move: Rest
|-heal|p2a: Dondozo|100/100 slp|[silent]
|
|upkeep
|turn|34
|
|t:|1758932461
|move|p1a: Mandy + or - Billy|Foul Play|p2a: Dondozo
|-damage|p2a: Dondozo|95/100 slp
|cant|p2a: Dondozo|slp
|move|p2a: Dondozo|Sleep Talk|p2a: Dondozo
|move|p2a: Dondozo|Rest||[from] move: Sleep Talk|[still]
|-fail|p2a: Dondozo
|
|-heal|p2a: Dondozo|100/100 slp|[from] item: Leftovers
|upkeep
|turn|35
|
|t:|1758932464
|move|p1a: Mandy + or - Billy|Foul Play|p2a: Dondozo
|-damage|p2a: Dondozo|96/100 slp
|cant|p2a: Dondozo|slp
|move|p2a: Dondozo|Sleep Talk|p2a: Dondozo
|move|p2a: Dondozo|Rest||[from] move: Sleep Talk|[still]
|-fail|p2a: Dondozo
|
|-heal|p2a: Dondozo|100/100 slp|[from] item: Leftovers
|upkeep
|turn|36
|
|t:|1758932467
|move|p1a: Mandy + or - Billy|Foul Play|p2a: Dondozo
|-damage|p2a: Dondozo|96/100 slp
|-curestatus|p2a: Dondozo|slp|[msg]
|move|p2a: Dondozo|Wave Crash|p1a: Mandy + or - Billy
|-damage|p1a: Mandy + or - Billy|26/100
|-damage|p2a: Dondozo|75/100|[from] Recoil
|
|-heal|p2a: Dondozo|81/100|[from] item: Leftovers
|upkeep
|turn|37
|
|t:|1758932471
|move|p1a: Mandy + or - Billy|Foul Play|p2a: Dondozo
|-damage|p2a: Dondozo|76/100
|move|p2a: Dondozo|Wave Crash|p1a: Mandy + or - Billy
|-damage|p1a: Mandy + or - Billy|0 fnt
|faint|p1a: Mandy + or - Billy
|-damage|p2a: Dondozo|69/100|[from] Recoil
|
|-heal|p2a: Dondozo|75/100|[from] item: Leftovers
|upkeep
|
|t:|1758932473
|switch|p1a: Holy Moly|Excadrill, F|51/100
|turn|38
|
|t:|1758932476
|move|p1a: Holy Moly|Shadow Claw|p2a: Dondozo
|-damage|p2a: Dondozo|71/100
|move|p2a: Dondozo|Wave Crash|p1a: Holy Moly
|-supereffective|p1a: Holy Moly
|-damage|p1a: Holy Moly|0 fnt
|faint|p1a: Holy Moly
|-damage|p2a: Dondozo|60/100|[from] Recoil
|
|win|amorphousslime1
|raw|Pig Perfect's rating: 1441 &rarr; <strong>1420</strong><br />(-21 for losing)
|raw|amorphousslime1's rating: 1425 &rarr; <strong>1446</strong><br />(+21 for winning)
|l|☆Pig Perfect
|player|p1|
|l|☆amorphousslime1
|player|p2|
