|badge|p1|bronze|gen9ou|100-6
|html|<div class="broadcast-red"><strong>This battle is required to be public due to one or more player having a season medal.</strong><br />During the public phase, you can discuss the state of the ladder <a href="/seasondiscussion">in a special chatroom.</a></div>
|uhtml|medal-msg|<div class="broadcast-blue">Curious what those medals under the avatar are? PS now has Ladder Seasons! For more information, check out the <a href="https://www.smogon.com/forums/threads/3740067/">thread on Smogon.</a></div>
|raw|<div class="broadcast-blue"><strong>This battle is required to be public due to a player having a name starting with 'medal'.</div>
|j|☆Ctannn
|j|☆light ladd v3
|t:|1759056215
|gametype|singles
|player|p1|Ctannn|101|1849
|player|p2|light ladd v3|blue-gen7|1719
|gen|9
|tier|[Gen 9] OU
|rated|
|rule|HP Percentage Mod: HP is shown in percentages
|rule|Endless Battle Clause: Forcing endless battles is banned
|rule|Species Clause: Limit one of each Pokémon
|rule|OHKO Clause: OHKO moves are banned
|rule|Evasion Items Clause: Evasion items are banned
|rule|Evasion Moves Clause: Evasion moves are banned
|rule|Evasion Abilities Clause: Evasion abilities are banned
|rule|Sleep Moves Clause: Sleep-inducing moves are banned
|clearpoke
|poke|p1|Rillaboom, M|
|poke|p1|Garganacl, F|
|poke|p1|Cinderace, M|
|poke|p1|Raging Bolt|
|poke|p1|Slowking-Galar, F|
|poke|p1|Landorus-Therian, M|
|poke|p2|Dragapult, M|
|poke|p2|Keldeo-Resolute|
|poke|p2|Kingambit, F|
|poke|p2|Slowking-Galar, F|
|poke|p2|Great Tusk|
|poke|p2|Zapdos|
|teampreview
|inactive|Battle timer is ON: inactive players will automatically lose when time's up. (requested by light ladd v3)
|inactive|light ladd v3 has 120 seconds left.
|
|t:|1759056259
|teamsize|p1|6
|teamsize|p2|6
|start
|switch|p1a: Rillaboom|Rillaboom, M|100/100
|switch|p2a: Dragapult|Dragapult, M|100/100
|-fieldstart|move: Grassy Terrain|[from] ability: Grassy Surge|[of] p1a: Rillaboom
|turn|1
|
|t:|1759056270
|switch|p1a: Garganacl|Garganacl, F|100/100
|move|p2a: Dragapult|U-turn|p1a: Garganacl
|-damage|p1a: Garganacl|76/100
|inactive|light ladd v3 has 120 seconds left.
|inactive|light ladd v3 has 90 seconds left.
|
|t:|1759056339
|switch|p2a: Keldeo|Keldeo-Resolute|100/100|[from] U-turn
|
|-heal|p1a: Garganacl|83/100|[from] Grassy Terrain
|-heal|p1a: Garganacl|89/100|[from] item: Leftovers
|upkeep
|turn|2
|
|t:|1759056344
|move|p1a: Garganacl|Protect|p1a: Garganacl
|-singleturn|p1a: Garganacl|Protect
|move|p2a: Keldeo|Substitute|p2a: Keldeo
|-start|p2a: Keldeo|Substitute
|-damage|p2a: Keldeo|76/100
|
|-heal|p2a: Keldeo|82/100|[from] Grassy Terrain
|-heal|p2a: Keldeo|88/100|[from] item: Leftovers
|-heal|p1a: Garganacl|95/100|[from] Grassy Terrain
|-heal|p1a: Garganacl|100/100|[from] item: Leftovers
|upkeep
|turn|3
|
|t:|1759056351
|switch|p1a: Slowking|Slowking-Galar, F|100/100
|move|p2a: Keldeo|Calm Mind|p2a: Keldeo
|-boost|p2a: Keldeo|spa|1
|-boost|p2a: Keldeo|spd|1
|
|-heal|p2a: Keldeo|94/100|[from] Grassy Terrain
|-heal|p2a: Keldeo|99/100|[from] item: Leftovers
|upkeep
|turn|4
|j| wgw2333
|
|t:|1759056356
|move|p2a: Keldeo|Calm Mind|p2a: Keldeo
|-boost|p2a: Keldeo|spa|1
|-boost|p2a: Keldeo|spd|1
|move|p1a: Slowking|Future Sight|p2a: Keldeo
|-start|p1a: Slowking|move: Future Sight
|
|-heal|p2a: Keldeo|100/100|[from] Grassy Terrain
|upkeep
|turn|5
|inactive|light ladd v3 has 120 seconds left.
|
|t:|1759056367
|move|p2a: Keldeo|Calm Mind|p2a: Keldeo
|-boost|p2a: Keldeo|spa|1
|-boost|p2a: Keldeo|spd|1
|-prepare|p1a: Slowking|Chilly Reception|[premajor]
|move|p1a: Slowking|Chilly Reception|p1a: Slowking
|-weather|Snowscape
|
|t:|1759056374
|switch|p1a: Cinderace|Cinderace, M|100/100|[from] Chilly Reception
|
|-weather|Snowscape|[upkeep]
|-fieldend|move: Grassy Terrain
|upkeep
|turn|6
|inactive|light ladd v3 has 120 seconds left.
|
|t:|1759056385
|move|p1a: Cinderace|U-turn|p2a: Keldeo
|-start|p1a: Cinderace|typechange|Bug|[from] ability: Libero
|-resisted|p2a: Keldeo
|-activate|p2a: Keldeo|move: Substitute|[damage]
|
|t:|1759056389
|switch|p1a: Rillaboom|Rillaboom, M|100/100|[from] U-turn
|-fieldstart|move: Grassy Terrain|[from] ability: Grassy Surge|[of] p1a: Rillaboom
|move|p2a: Keldeo|Surf|p1a: Rillaboom
|-resisted|p1a: Rillaboom
|-damage|p1a: Rillaboom|18/100
|
|-weather|Snowscape|[upkeep]
|-end|p2a: Keldeo|move: Future Sight
|-supereffective|p2a: Keldeo
|-end|p2a: Keldeo|Substitute
|-heal|p1a: Rillaboom|24/100|[from] Grassy Terrain
|upkeep
|turn|7
|
|t:|1759056398
|switch|p2a: Zapdos|Zapdos|100/100
|switch|p1a: Garganacl|Garganacl, F|100/100
|
|-weather|Snowscape|[upkeep]
|upkeep
|turn|8
|
|t:|1759056404
|move|p2a: Zapdos|U-turn|p1a: Garganacl
|-damage|p1a: Garganacl|91/100
|
|t:|1759056407
|switch|p2a: Slowking|Slowking-Galar, F|100/100|[from] U-turn
|move|p1a: Garganacl|Curse|p1a: Garganacl
|-unboost|p1a: Garganacl|spe|1
|-boost|p1a: Garganacl|atk|1
|-boost|p1a: Garganacl|def|1
|
|-weather|Snowscape|[upkeep]
|-heal|p1a: Garganacl|97/100|[from] Grassy Terrain
|-heal|p1a: Garganacl|100/100|[from] item: Leftovers
|upkeep
|turn|9
|
|t:|1759056411
|move|p1a: Garganacl|Curse|p1a: Garganacl
|-unboost|p1a: Garganacl|spe|1
|-boost|p1a: Garganacl|atk|1
|-boost|p1a: Garganacl|def|1
|-prepare|p2a: Slowking|Chilly Reception|[premajor]
|move|p2a: Slowking|Chilly Reception|p2a: Slowking
|
|t:|1759056420
|switch|p2a: Keldeo|Keldeo-Resolute|100/100|[from] Chilly Reception
|
|-weather|none
|upkeep
|turn|10
|
|t:|1759056427
|move|p2a: Keldeo|Surf|p1a: Garganacl
|-supereffective|p1a: Garganacl
|-damage|p1a: Garganacl|42/100
|move|p1a: Garganacl|Salt Cure|p2a: Keldeo
|-resisted|p2a: Keldeo
|-crit|p2a: Keldeo
|-damage|p2a: Keldeo|75/100
|-start|p2a: Keldeo|Salt Cure
|
|-heal|p2a: Keldeo|81/100|[from] Grassy Terrain
|-heal|p2a: Keldeo|87/100|[from] item: Leftovers
|-heal|p1a: Garganacl|48/100|[from] Grassy Terrain
|-heal|p1a: Garganacl|54/100|[from] item: Leftovers
|-damage|p2a: Keldeo|62/100|[from] Salt Cure
|-fieldend|move: Grassy Terrain
|upkeep
|turn|11
|
|t:|1759056435
|switch|p2a: Slowking|Slowking-Galar, F|100/100
|-terastallize|p1a: Garganacl|Fairy
|move|p1a: Garganacl|Recover|p1a: Garganacl
|-heal|p1a: Garganacl|100/100
|
|upkeep
|turn|12
|
|t:|1759056439
|move|p2a: Slowking|Sludge Bomb|p1a: Garganacl
|-supereffective|p1a: Garganacl
|-damage|p1a: Garganacl|52/100
|move|p1a: Garganacl|Salt Cure|p2a: Slowking
|-damage|p2a: Slowking|72/100
|-start|p2a: Slowking|Salt Cure
|
|-heal|p1a: Garganacl|59/100|[from] item: Leftovers
|-damage|p2a: Slowking|60/100|[from] Salt Cure
|upkeep
|turn|13
|
|t:|1759056446
|move|p1a: Garganacl|Protect|p1a: Garganacl
|-singleturn|p1a: Garganacl|Protect
|-prepare|p2a: Slowking|Chilly Reception|[premajor]
|move|p2a: Slowking|Chilly Reception|p2a: Slowking
|-weather|Snowscape
|
|t:|1759056450
|switch|p2a: Keldeo|Keldeo-Resolute|62/100|[from] Chilly Reception
|
|-weather|Snowscape|[upkeep]
|-heal|p2a: Keldeo|68/100|[from] item: Leftovers
|-heal|p1a: Garganacl|65/100|[from] item: Leftovers
|upkeep
|turn|14
|
|t:|1759056456
|move|p2a: Keldeo|Substitute|p2a: Keldeo
|-start|p2a: Keldeo|Substitute
|-damage|p2a: Keldeo|44/100
|move|p1a: Garganacl|Salt Cure|p2a: Keldeo
|-resisted|p2a: Keldeo
|-activate|p2a: Keldeo|move: Substitute|[damage]
|
|-weather|Snowscape|[upkeep]
|-heal|p2a: Keldeo|50/100|[from] item: Leftovers
|-heal|p1a: Garganacl|71/100|[from] item: Leftovers
|upkeep
|turn|15
|
|t:|1759056462
|move|p2a: Keldeo|Calm Mind|p2a: Keldeo
|-boost|p2a: Keldeo|spa|1
|-boost|p2a: Keldeo|spd|1
|move|p1a: Garganacl|Salt Cure|p2a: Keldeo
|-resisted|p2a: Keldeo
|-crit|p2a: Keldeo
|-end|p2a: Keldeo|Substitute
|
|-weather|Snowscape|[upkeep]
|-heal|p2a: Keldeo|56/100|[from] item: Leftovers
|-heal|p1a: Garganacl|77/100|[from] item: Leftovers
|upkeep
|turn|16
|
|t:|1759056466
|move|p2a: Keldeo|Substitute|p2a: Keldeo
|-start|p2a: Keldeo|Substitute
|-damage|p2a: Keldeo|31/100
|move|p1a: Garganacl|Salt Cure|p2a: Keldeo
|-resisted|p2a: Keldeo
|-activate|p2a: Keldeo|move: Substitute|[damage]
|
|-weather|Snowscape|[upkeep]
|-heal|p2a: Keldeo|37/100|[from] item: Leftovers
|-heal|p1a: Garganacl|83/100|[from] item: Leftovers
|upkeep
|turn|17
|
|t:|1759056475
|move|p2a: Keldeo|Calm Mind|p2a: Keldeo
|-boost|p2a: Keldeo|spa|1
|-boost|p2a: Keldeo|spd|1
|move|p1a: Garganacl|Salt Cure|p2a: Keldeo
|-resisted|p2a: Keldeo
|-end|p2a: Keldeo|Substitute
|
|-weather|none
|-heal|p2a: Keldeo|43/100|[from] item: Leftovers
|-heal|p1a: Garganacl|90/100|[from] item: Leftovers
|upkeep
|turn|18
|
|t:|1759056485
|switch|p1a: Slowking|Slowking-Galar, F|100/100
|move|p2a: Keldeo|Substitute|p2a: Keldeo
|-start|p2a: Keldeo|Substitute
|-damage|p2a: Keldeo|19/100
|
|-heal|p2a: Keldeo|25/100|[from] item: Leftovers
|upkeep
|turn|19
|
|t:|1759056489
|move|p2a: Keldeo|Surf|p1a: Slowking
|-damage|p1a: Slowking|31/100
|move|p1a: Slowking|Psychic|p2a: Keldeo
|-supereffective|p2a: Keldeo
|-end|p2a: Keldeo|Substitute
|
|-heal|p2a: Keldeo|31/100|[from] item: Leftovers
|upkeep
|turn|20
|
|t:|1759056493
|move|p2a: Keldeo|Surf|p1a: Slowking
|-damage|p1a: Slowking|0 fnt
|faint|p1a: Slowking
|
|-heal|p2a: Keldeo|37/100|[from] item: Leftovers
|upkeep
|
|t:|1759056495
|switch|p1a: Rillaboom|Rillaboom, M|24/100
|-fieldstart|move: Grassy Terrain|[from] ability: Grassy Surge|[of] p1a: Rillaboom
|turn|21
|
|t:|1759056500
|switch|p2a: Zapdos|Zapdos|100/100
|move|p1a: Rillaboom|Grassy Glide|p2a: Zapdos
|-resisted|p2a: Zapdos
|-damage|p2a: Zapdos|85/100
|-status|p1a: Rillaboom|par|[from] ability: Static|[of] p2a: Zapdos
|
|-heal|p1a: Rillaboom|30/100 par|[from] Grassy Terrain
|upkeep
|turn|22
|
|t:|1759056510
|switch|p1a: Raging Bolt|Raging Bolt|100/100
|move|p2a: Zapdos|Hurricane|p1a: Raging Bolt
|-resisted|p1a: Raging Bolt
|-damage|p1a: Raging Bolt|80/100
|
|-heal|p1a: Raging Bolt|86/100|[from] Grassy Terrain
|upkeep
|turn|23
|
|t:|1759056517
|switch|p2a: Slowking|Slowking-Galar, F|93/100
|move|p1a: Raging Bolt|Volt Switch|p2a: Slowking
|-damage|p2a: Slowking|54/100
|j| lakob
|
|t:|1759056526
|-end|p1a: Raging Bolt|Protosynthesis|[silent]
|switch|p1a: Cinderace|Cinderace, M|100/100|[from] Volt Switch
|
|-heal|p2a: Slowking|60/100|[from] Grassy Terrain
|upkeep
|turn|24
|
|t:|1759056541
|switch|p2a: Dragapult|Dragapult, M|100/100
|move|p1a: Cinderace|Pyro Ball|p2a: Dragapult
|-resisted|p2a: Dragapult
|-damage|p2a: Dragapult|65/100
|
|-heal|p2a: Dragapult|71/100|[from] Grassy Terrain
|upkeep
|turn|25
|
|t:|1759056551
|switch|p2a: Great Tusk|Great Tusk|100/100
|switch|p1a: Garganacl|Garganacl, F, tera:Fairy|90/100
|
|-heal|p1a: Garganacl|96/100|[from] Grassy Terrain
|-heal|p1a: Garganacl|100/100|[from] item: Leftovers
|-fieldend|move: Grassy Terrain
|upkeep
|turn|26
|
|t:|1759056558
|move|p2a: Great Tusk|Stealth Rock|p1a: Garganacl
|-sidestart|p1: Ctannn|move: Stealth Rock
|move|p1a: Garganacl|Curse|p1a: Garganacl
|-unboost|p1a: Garganacl|spe|1
|-boost|p1a: Garganacl|atk|1
|-boost|p1a: Garganacl|def|1
|
|upkeep
|turn|27
|
|t:|1759056562
|-end|p2a: Great Tusk|Protosynthesis|[silent]
|switch|p2a: Slowking|Slowking-Galar, F|93/100
|move|p1a: Garganacl|Curse|p1a: Garganacl
|-unboost|p1a: Garganacl|spe|1
|-boost|p1a: Garganacl|atk|1
|-boost|p1a: Garganacl|def|1
|
|upkeep
|turn|28
|
|t:|1759056567
|move|p2a: Slowking|Sludge Bomb|p1a: Garganacl
|-supereffective|p1a: Garganacl
|-damage|p1a: Garganacl|54/100
|move|p1a: Garganacl|Curse|p1a: Garganacl
|-unboost|p1a: Garganacl|spe|1
|-boost|p1a: Garganacl|atk|1
|-boost|p1a: Garganacl|def|1
|
|-heal|p1a: Garganacl|60/100|[from] item: Leftovers
|upkeep
|turn|29
|
|t:|1759056572
|move|p1a: Garganacl|Protect|p1a: Garganacl
|-singleturn|p1a: Garganacl|Protect
|move|p2a: Slowking|Sludge Bomb|p1a: Garganacl
|-activate|p1a: Garganacl|move: Protect
|
|-heal|p1a: Garganacl|66/100|[from] item: Leftovers
|upkeep
|turn|30
|
|t:|1759056574
|move|p2a: Slowking|Sludge Bomb|p1a: Garganacl
|-supereffective|p1a: Garganacl
|-damage|p1a: Garganacl|25/100
|move|p1a: Garganacl|Recover|p1a: Garganacl
|-heal|p1a: Garganacl|75/100
|
|-heal|p1a: Garganacl|81/100|[from] item: Leftovers
|upkeep
|turn|31
|
|t:|1759056579
|move|p1a: Garganacl|Protect|p1a: Garganacl
|-singleturn|p1a: Garganacl|Protect
|move|p2a: Slowking|Sludge Bomb|p1a: Garganacl
|-activate|p1a: Garganacl|move: Protect
|
|-heal|p1a: Garganacl|87/100|[from] item: Leftovers
|upkeep
|turn|32
|
|t:|1759056585
|move|p2a: Slowking|Sludge Bomb|p1a: Garganacl
|-supereffective|p1a: Garganacl
|-damage|p1a: Garganacl|45/100
|move|p1a: Garganacl|Curse|p1a: Garganacl
|-unboost|p1a: Garganacl|spe|1
|-boost|p1a: Garganacl|atk|1
|-boost|p1a: Garganacl|def|1
|
|-heal|p1a: Garganacl|51/100|[from] item: Leftovers
|upkeep
|turn|33
|
|t:|1759056590
|move|p2a: Slowking|Psyshock|p1a: Garganacl
|-damage|p1a: Garganacl|45/100
|move|p1a: Garganacl|Recover|p1a: Garganacl
|-heal|p1a: Garganacl|95/100
|
|-heal|p1a: Garganacl|100/100|[from] item: Leftovers
|upkeep
|turn|34
|
|t:|1759056597
|move|p1a: Garganacl|Protect|p1a: Garganacl
|-singleturn|p1a: Garganacl|Protect
|move|p2a: Slowking|Sludge Bomb|p1a: Garganacl
|-activate|p1a: Garganacl|move: Protect
|
|upkeep
|turn|35
|
|t:|1759056599
|move|p2a: Slowking|Sludge Bomb|p1a: Garganacl
|-supereffective|p1a: Garganacl
|-damage|p1a: Garganacl|54/100
|move|p1a: Garganacl|Curse|p1a: Garganacl
|-unboost|p1a: Garganacl|spe|1
|-boost|p1a: Garganacl|atk|1
|-boost|p1a: Garganacl|def|1
|
|-heal|p1a: Garganacl|60/100|[from] item: Leftovers
|upkeep
|turn|36
|
|t:|1759056604
|move|p1a: Garganacl|Protect|p1a: Garganacl
|-singleturn|p1a: Garganacl|Protect
|move|p2a: Slowking|Psyshock|p1a: Garganacl
|-activate|p1a: Garganacl|move: Protect
|
|-heal|p1a: Garganacl|66/100|[from] item: Leftovers
|upkeep
|turn|37
|
|t:|1759056606
|move|p2a: Slowking|Sludge Bomb|p1a: Garganacl
|-supereffective|p1a: Garganacl
|-damage|p1a: Garganacl|21/100
|move|p1a: Garganacl|Recover|p1a: Garganacl
|-heal|p1a: Garganacl|71/100
|
|-heal|p1a: Garganacl|77/100|[from] item: Leftovers
|upkeep
|turn|38
|
|t:|1759056610
|move|p1a: Garganacl|Protect|p1a: Garganacl
|-singleturn|p1a: Garganacl|Protect
|move|p2a: Slowking|Psyshock|p1a: Garganacl
|-activate|p1a: Garganacl|move: Protect
|
|-heal|p1a: Garganacl|84/100|[from] item: Leftovers
|upkeep
|turn|39
|
|t:|1759056612
|move|p2a: Slowking|Sludge Bomb|p1a: Garganacl
|-supereffective|p1a: Garganacl
|-damage|p1a: Garganacl|39/100
|move|p1a: Garganacl|Salt Cure|p2a: Slowking
|-damage|p2a: Slowking|45/100
|-start|p2a: Slowking|Salt Cure
|
|-heal|p1a: Garganacl|45/100|[from] item: Leftovers
|-damage|p2a: Slowking|33/100|[from] Salt Cure
|upkeep
|turn|40
|
|t:|1759056621
|move|p1a: Garganacl|Protect|p1a: Garganacl
|-singleturn|p1a: Garganacl|Protect
|-prepare|p2a: Slowking|Chilly Reception|[premajor]
|move|p2a: Slowking|Chilly Reception|p2a: Slowking
|-weather|Snowscape
|
|t:|1759056626
|switch|p2a: Keldeo|Keldeo-Resolute|37/100|[from] Chilly Reception
|
|-weather|Snowscape|[upkeep]
|-heal|p2a: Keldeo|43/100|[from] item: Leftovers
|-heal|p1a: Garganacl|51/100|[from] item: Leftovers
|upkeep
|turn|41
|
|t:|1759056631
|switch|p2a: Great Tusk|Great Tusk|100/100
|move|p1a: Garganacl|Salt Cure|p2a: Great Tusk
|-resisted|p2a: Great Tusk
|-damage|p2a: Great Tusk|92/100
|-start|p2a: Great Tusk|Salt Cure
|-enditem|p2a: Great Tusk|Red Card|[of] p1a: Garganacl
|drag|p1a: Landorus|Landorus-Therian, M|100/100
|-damage|p1a: Landorus|88/100|[from] Stealth Rock
|-ability|p1a: Landorus|Intimidate|boost
|-unboost|p2a: Great Tusk|atk|1
|
|-weather|Snowscape|[upkeep]
|-damage|p2a: Great Tusk|79/100|[from] Salt Cure
|upkeep
|turn|42
|
|t:|1759056636
|move|p2a: Great Tusk|Ice Spinner|p1a: Landorus
|-supereffective|p1a: Landorus
|-damage|p1a: Landorus|38/100
|-damage|p2a: Great Tusk|63/100|[from] item: Rocky Helmet|[of] p1a: Landorus
|move|p1a: Landorus|Weather Ball|p2a: Great Tusk
|-supereffective|p2a: Great Tusk
|-crit|p2a: Great Tusk
|-damage|p2a: Great Tusk|0 fnt
|faint|p2a: Great Tusk
|-end|p2a: Great Tusk|Protosynthesis|[silent]
|
|-weather|Snowscape|[upkeep]
|upkeep
|
|t:|1759056646
|switch|p2a: Keldeo|Keldeo-Resolute|43/100
|turn|43
|j| shuinifengB
|
|t:|1759056658
|switch|p1a: Raging Bolt|Raging Bolt|86/100
|-damage|p1a: Raging Bolt|74/100|[from] Stealth Rock
|move|p2a: Keldeo|Surf|p1a: Raging Bolt
|-resisted|p1a: Raging Bolt
|-damage|p1a: Raging Bolt|53/100
|
|-weather|Snowscape|[upkeep]
|-heal|p2a: Keldeo|49/100|[from] item: Leftovers
|upkeep
|turn|44
|
|t:|1759056665
|switch|p2a: Slowking|Slowking-Galar, F|66/100
|move|p1a: Raging Bolt|Thunderbolt|p2a: Slowking
|-damage|p2a: Slowking|19/100
|
|-weather|none
|upkeep
|turn|45
|
|t:|1759056685
|switch|p2a: Dragapult|Dragapult, M|71/100
|move|p1a: Raging Bolt|Thunderbolt|p2a: Dragapult
|-resisted|p2a: Dragapult
|-damage|p2a: Dragapult|13/100
|
|upkeep
|turn|46
|
|t:|1759056701
|move|p2a: Dragapult|Dragon Darts|p1a: Raging Bolt
|-supereffective|p1a: Raging Bolt
|-damage|p1a: Raging Bolt|0 fnt
|faint|p1a: Raging Bolt
|-end|p1a: Raging Bolt|Protosynthesis|[silent]
|
|upkeep
|
|t:|1759056705
|switch|p1a: Garganacl|Garganacl, F, tera:Fairy|51/100
|-damage|p1a: Garganacl|39/100|[from] Stealth Rock
|turn|47
|
|t:|1759056714
|switch|p2a: Kingambit|Kingambit, F|100/100
|-activate|p2a: Kingambit|ability: Supreme Overlord
|-start|p2a: Kingambit|fallen1|[silent]
|move|p1a: Garganacl|Salt Cure|p2a: Kingambit
|-resisted|p2a: Kingambit
|-damage|p2a: Kingambit|96/100
|-start|p2a: Kingambit|Salt Cure
|
|-heal|p2a: Kingambit|100/100|[from] item: Leftovers
|-heal|p1a: Garganacl|45/100|[from] item: Leftovers
|-damage|p2a: Kingambit|76/100|[from] Salt Cure
|upkeep
|turn|48
|
|t:|1759056721
|-end|p2a: Kingambit|fallen1|[silent]
|switch|p2a: Keldeo|Keldeo-Resolute|49/100
|move|p1a: Garganacl|Recover|p1a: Garganacl
|-heal|p1a: Garganacl|95/100
|
|-heal|p2a: Keldeo|55/100|[from] item: Leftovers
|-heal|p1a: Garganacl|100/100|[from] item: Leftovers
|upkeep
|turn|49
|
|t:|1759056726
|switch|p1a: Cinderace|Cinderace, M|100/100
|move|p2a: Keldeo|Substitute|p2a: Keldeo
|-start|p2a: Keldeo|Substitute
|-damage|p2a: Keldeo|30/100
|
|-heal|p2a: Keldeo|37/100|[from] item: Leftovers
|upkeep
|turn|50
|
|t:|1759056730
|move|p1a: Cinderace|High Jump Kick|p2a: Keldeo
|-start|p1a: Cinderace|typechange|Fighting|[from] ability: Libero
|-end|p2a: Keldeo|Substitute
|move|p2a: Keldeo|Surf|p1a: Cinderace
|-damage|p1a: Cinderace|30/100
|
|-heal|p2a: Keldeo|43/100|[from] item: Leftovers
|upkeep
|turn|51
|
|t:|1759056737
|switch|p2a: Zapdos|Zapdos|85/100
|move|p1a: Cinderace|Court Change|p1a: Cinderace
|-swapsideconditions
|-activate|p1a: Cinderace|move: Court Change
|
|upkeep
|turn|52
|
|t:|1759056744
|switch|p1a: Garganacl|Garganacl, F, tera:Fairy|100/100
|move|p2a: Zapdos|U-turn|p1a: Garganacl
|-resisted|p1a: Garganacl
|-damage|p1a: Garganacl|96/100
|
|t:|1759056755
|switch|p2a: Keldeo|Keldeo-Resolute|43/100|[from] U-turn
|-damage|p2a: Keldeo|37/100|[from] Stealth Rock
|
|-heal|p2a: Keldeo|43/100|[from] item: Leftovers
|-heal|p1a: Garganacl|100/100|[from] item: Leftovers
|upkeep
|turn|53
|
|t:|1759056768
|switch|p1a: Cinderace|Cinderace, M|30/100
|move|p2a: Keldeo|Substitute|p2a: Keldeo
|-start|p2a: Keldeo|Substitute
|-damage|p2a: Keldeo|18/100
|
|-heal|p2a: Keldeo|24/100|[from] item: Leftovers
|upkeep
|turn|54
|
|t:|1759056774
|move|p1a: Cinderace|High Jump Kick|p2a: Keldeo
|-start|p1a: Cinderace|typechange|Fighting|[from] ability: Libero
|-end|p2a: Keldeo|Substitute
|move|p2a: Keldeo|Surf|p1a: Cinderace
|-damage|p1a: Cinderace|0 fnt
|faint|p1a: Cinderace
|
|-heal|p2a: Keldeo|30/100|[from] item: Leftovers
|upkeep
|
|t:|1759056776
|switch|p1a: Rillaboom|Rillaboom, M|30/100 par
|-fieldstart|move: Grassy Terrain|[from] ability: Grassy Surge|[of] p1a: Rillaboom
|turn|55
|
|t:|1759056786
|switch|p2a: Zapdos|Zapdos|85/100
|cant|p1a: Rillaboom|par
|
|-heal|p1a: Rillaboom|36/100 par|[from] Grassy Terrain
|upkeep
|turn|56
|
|t:|1759056793
|move|p2a: Zapdos|U-turn|p1a: Rillaboom
|-supereffective|p1a: Rillaboom
|-crit|p1a: Rillaboom
|-damage|p1a: Rillaboom|0 fnt
|faint|p1a: Rillaboom
|
|t:|1759056796
|switch|p2a: Slowking|Slowking-Galar, F|52/100|[from] U-turn
|
|-heal|p2a: Slowking|58/100|[from] Grassy Terrain
|upkeep
|-message|Ctannn forfeited.
|
|win|light ladd v3
|raw|Ctannn's rating: 1849 &rarr; <strong>1822</strong><br />(-27 for losing)
|raw|light ladd v3's rating: 1719 &rarr; <strong>1746</strong><br />(+27 for winning)
|l|☆Ctannn
|player|p1|
|l|☆light ladd v3
|player|p2|
|l| wgw2333
|l| lakob
