|j|☆stinkyeric
|j|☆Df72
|t:|1758984921
|gametype|singles
|player|p1|stinkyeric|sailor|1415
|player|p2|Df72|102|1449
|gen|9
|tier|[Gen 9] OU
|rated|
|rule|HP Percentage Mod: HP is shown in percentages
|rule|Endless Battle Clause: Forcing endless battles is banned
|rule|Species Clause: Limit one of each Pokémon
|rule|OHKO Clause: OHKO moves are banned
|rule|Evasion Items Clause: Evasion items are banned
|rule|Evasion Moves Clause: Evasion moves are banned
|rule|Evasion Abilities Clause: Evasion abilities are banned
|rule|Sleep Moves Clause: Sleep-inducing moves are banned
|clearpoke
|poke|p1|Glimmora, F|
|poke|p1|Ogerpon-Wellspring, F|
|poke|p1|Hatterene, F|
|poke|p1|Iron Moth|
|poke|p1|Dragonite, F|
|poke|p1|Kingambit, F|
|poke|p2|Alomomola, M|
|poke|p2|Slowking-Galar, M|
|poke|p2|Great Tusk|
|poke|p2|Dragapult, F|
|poke|p2|Kingambit, M|
|poke|p2|Toucannon, M|
|teampreview
|inactive|Battle timer is ON: inactive players will automatically lose when time's up. (requested by stinkyeric)
|
|t:|1758984947
|teamsize|p1|6
|teamsize|p2|6
|start
|switch|p1a: The Advocate|Glimmora, F|100/100
|switch|p2a: Dragapult|Dragapult, F|100/100
|turn|1
|
|t:|1758984957
|move|p2a: Dragapult|Dragon Darts|p1a: The Advocate
|-damage|p1a: The Advocate|72/100
|-activate|p1a: The Advocate|ability: Toxic Debris
|-sidestart|p2: Df72|move: Toxic Spikes
|-anim|p2a: Dragapult|Dragon Darts|p1a: The Advocate
|-damage|p1a: The Advocate|46/100
|-activate|p1a: The Advocate|ability: Toxic Debris
|-sidestart|p2: Df72|move: Toxic Spikes
|move|p1a: The Advocate|Stealth Rock|p2a: Dragapult
|-sidestart|p2: Df72|move: Stealth Rock
|
|upkeep
|turn|2
|
|t:|1758984971
|switch|p1a: The Witch|Hatterene, F|100/100
|move|p2a: Dragapult|Dragon Darts|p1a: The Witch
|-immune|p1a: The Witch
|
|upkeep
|turn|3
|
|t:|1758984978
|move|p2a: Dragapult|U-turn|p1a: The Witch
|-damage|p1a: The Witch|85/100
|
|t:|1758984982
|switch|p2a: Slowking|Slowking-Galar, M|100/100|[from] U-turn
|-sideend|p2: Df72|move: Toxic Spikes|[of] p2a: Slowking
|move|p1a: The Witch|Psychic Noise|p2a: Slowking
|-damage|p2a: Slowking|80/100
|-start|p2a: Slowking|move: Heal Block
|
|-heal|p1a: The Witch|91/100|[from] item: Leftovers
|upkeep
|turn|4
|
|t:|1758984994
|move|p1a: The Witch|Mystical Fire|p2a: Slowking
|-damage|p2a: Slowking|66/100
|-unboost|p2a: Slowking|spa|1
|-prepare|p2a: Slowking|Chilly Reception|[premajor]
|move|p2a: Slowking|Chilly Reception|p2a: Slowking
|-weather|Snowscape
|
|t:|1758985005
|switch|p2a: Kingambit|Kingambit, M|100/100|[from] Chilly Reception
|-damage|p2a: Kingambit|94/100|[from] Stealth Rock
|
|-weather|Snowscape|[upkeep]
|-heal|p2a: Kingambit|100/100|[from] item: Leftovers
|-heal|p1a: The Witch|97/100|[from] item: Leftovers
|upkeep
|turn|5
|
|t:|1758985016
|move|p2a: Kingambit|Kowtow Cleave|p1a: The Witch
|-damage|p1a: The Witch|53/100
|move|p1a: The Witch|Mystical Fire|p2a: Kingambit
|-supereffective|p2a: Kingambit
|-crit|p2a: Kingambit
|-damage|p2a: Kingambit|20/100
|-unboost|p2a: Kingambit|spa|1
|
|-weather|Snowscape|[upkeep]
|-heal|p2a: Kingambit|26/100|[from] item: Leftovers
|-heal|p1a: The Witch|59/100|[from] item: Leftovers
|upkeep
|turn|6
|
|t:|1758985027
|move|p2a: Kingambit|Kowtow Cleave|p1a: The Witch
|-damage|p1a: The Witch|20/100
|move|p1a: The Witch|Mystical Fire|p2a: Kingambit
|-supereffective|p2a: Kingambit
|-damage|p2a: Kingambit|0 fnt
|faint|p2a: Kingambit
|-end|p2a: Kingambit|fallenundefined|[silent]
|
|-weather|Snowscape|[upkeep]
|-heal|p1a: The Witch|26/100|[from] item: Leftovers
|upkeep
|
|t:|1758985047
|switch|p2a: Dragapult|Dragapult, F|100/100
|turn|7
|
|t:|1758985064
|move|p2a: Dragapult|Hex|p1a: The Witch
|-supereffective|p1a: The Witch
|-damage|p1a: The Witch|0 fnt
|faint|p1a: The Witch
|
|-weather|Snowscape|[upkeep]
|upkeep
|
|t:|1758985080
|switch|p1a: The Leader|Kingambit, F|100/100
|-activate|p1a: The Leader|ability: Supreme Overlord
|-start|p1a: The Leader|fallen1|[silent]
|turn|8
|
|t:|1758985094
|move|p2a: Dragapult|Will-O-Wisp|p1a: The Leader
|-status|p1a: The Leader|brn
|move|p1a: The Leader|Kowtow Cleave|p2a: Dragapult
|-supereffective|p2a: Dragapult
|-damage|p2a: Dragapult|9/100
|
|-weather|none
|-damage|p1a: The Leader|94/100 brn|[from] brn
|upkeep
|turn|9
|inactive|stinkyeric has 120 seconds left.
|
|t:|1758985118
|switch|p2a: Alomomola|Alomomola, M|100/100
|move|p1a: The Leader|Kowtow Cleave|p2a: Alomomola
|-damage|p2a: Alomomola|82/100
|
|-damage|p1a: The Leader|88/100 brn|[from] brn
|upkeep
|turn|10
|inactive|stinkyeric has 120 seconds left.
|
|t:|1758985133
|-end|p1a: The Leader|fallen1|[silent]
|switch|p1a: The Ogerponzi|Ogerpon-Wellspring, F|100/100
|move|p2a: Alomomola|Wish|p2a: Alomomola
|
|upkeep
|turn|11
|inactive|stinkyeric has 120 seconds left.
|
|t:|1758985143
|switch|p2a: Toucannon|Toucannon, M|100/100
|-damage|p2a: Toucannon|76/100|[from] Stealth Rock
|move|p1a: The Ogerponzi|Knock Off|p2a: Toucannon
|-damage|p2a: Toucannon|23/100
|-enditem|p2a: Toucannon|Choice Band|[from] move: Knock Off|[of] p1a: The Ogerponzi
|
|-heal|p2a: Toucannon|100/100|[from] move: Wish|[wisher] Alomomola
|upkeep
|turn|12
|inactive|stinkyeric has 120 seconds left.
|l|☆Df72
|inactive|Df72 disconnected and has a minute to reconnect!
|player|p2|
|j|☆Df72
|inactive|Df72 reconnected and has 130 seconds left.
|player|p2|Df72|102|
|inactive|Df72 has 120 seconds left.
|
|t:|1758985176
|move|p1a: The Ogerponzi|Ivy Cudgel|p2a: Toucannon|[anim] Ivy Cudgel Water
|-crit|p2a: Toucannon
|-damage|p2a: Toucannon|0 fnt
|faint|p2a: Toucannon
|
|upkeep
|inactive|Df72 has 120 seconds left.
|
|t:|1758985192
|switch|p2a: Great Tusk|Great Tusk|100/100
|-damage|p2a: Great Tusk|98/100|[from] Stealth Rock
|-enditem|p2a: Great Tusk|Booster Energy
|-activate|p2a: Great Tusk|ability: Protosynthesis|[fromitem]
|-start|p2a: Great Tusk|protosynthesisspe
|turn|13
|inactive|stinkyeric has 120 seconds left.
|
|t:|1758985220
|switch|p1a: The Advocate|Glimmora, F|46/100
|-terastallize|p2a: Great Tusk|Poison
|move|p2a: Great Tusk|Ice Spinner|p1a: The Advocate
|-damage|p1a: The Advocate|16/100
|-activate|p1a: The Advocate|ability: Toxic Debris
|-sidestart|p2: Df72|move: Toxic Spikes
|
|upkeep
|turn|14
|
|t:|1758985234
|-terastallize|p1a: The Advocate|Ghost
|move|p2a: Great Tusk|Ice Spinner|p1a: The Advocate
|-damage|p1a: The Advocate|0 fnt
|-activate|p1a: The Advocate|ability: Toxic Debris
|-sidestart|p2: Df72|move: Toxic Spikes
|faint|p1a: The Advocate
|
|upkeep
|
|t:|1758985249
|switch|p1a: The Ogerponzi|Ogerpon-Wellspring, F|100/100
|turn|15
|
|t:|1758985258
|move|p2a: Great Tusk|Ice Spinner|p1a: The Ogerponzi
|-crit|p1a: The Ogerponzi
|-damage|p1a: The Ogerponzi|54/100
|move|p1a: The Ogerponzi|Ivy Cudgel|p2a: Great Tusk|[anim] Ivy Cudgel Water
|-damage|p2a: Great Tusk|63/100
|
|upkeep
|turn|16
|inactive|Df72 has 120 seconds left.
|
|t:|1758985265
|switch|p1a: The Leader|Kingambit, F|88/100 brn
|-activate|p1a: The Leader|ability: Supreme Overlord
|-start|p1a: The Leader|fallen2|[silent]
|move|p2a: Great Tusk|Ice Spinner|p1a: The Leader
|-resisted|p1a: The Leader
|-damage|p1a: The Leader|78/100 brn
|
|-damage|p1a: The Leader|72/100 brn|[from] brn
|upkeep
|turn|17
|inactive|Df72 has 120 seconds left.
|
|t:|1758985285
|move|p1a: The Leader|Sucker Punch|p2a: Great Tusk
|-damage|p2a: Great Tusk|44/100
|move|p2a: Great Tusk|Rapid Spin|p1a: The Leader
|-resisted|p1a: The Leader
|-damage|p1a: The Leader|66/100 brn
|-boost|p2a: Great Tusk|spe|1
|-sideend|p2: Df72|Toxic Spikes|[from] move: Rapid Spin|[of] p2a: Great Tusk
|-sideend|p2: Df72|Stealth Rock|[from] move: Rapid Spin|[of] p2a: Great Tusk
|
|-damage|p1a: The Leader|60/100 brn|[from] brn
|upkeep
|turn|18
|inactive|Df72 has 120 seconds left.
|
|t:|1758985295
|move|p2a: Great Tusk|Headlong Rush|p1a: The Leader
|-supereffective|p1a: The Leader
|-damage|p1a: The Leader|0 fnt
|-unboost|p2a: Great Tusk|def|1
|-unboost|p2a: Great Tusk|spd|1
|faint|p1a: The Leader
|-end|p1a: The Leader|fallen2|[silent]
|
|upkeep
|
|t:|1758985308
|switch|p1a: The Idol|Iron Moth|100/100
|-enditem|p1a: The Idol|Booster Energy
|-activate|p1a: The Idol|ability: Quark Drive|[fromitem]
|-start|p1a: The Idol|quarkdrivespe
|turn|19
|
|t:|1758985315
|move|p2a: Great Tusk|Headlong Rush|p1a: The Idol
|-supereffective|p1a: The Idol
|-crit|p1a: The Idol
|-damage|p1a: The Idol|0 fnt
|-unboost|p2a: Great Tusk|def|1
|-unboost|p2a: Great Tusk|spd|1
|faint|p1a: The Idol
|-end|p1a: The Idol|Quark Drive|[silent]
|
|upkeep
|
|t:|1758985321
|switch|p1a: The Ogerponzi|Ogerpon-Wellspring, F|54/100
|turn|20
|
|t:|1758985326
|move|p2a: Great Tusk|Ice Spinner|p1a: The Ogerponzi
|-damage|p1a: The Ogerponzi|26/100
|move|p1a: The Ogerponzi|Ivy Cudgel|p2a: Great Tusk|[anim] Ivy Cudgel Water
|-damage|p2a: Great Tusk|0 fnt
|faint|p2a: Great Tusk
|-end|p2a: Great Tusk|Protosynthesis|[silent]
|
|upkeep
|
|t:|1758985335
|switch|p2a: Dragapult|Dragapult, F|9/100
|turn|21
|
|t:|1758985342
|move|p2a: Dragapult|Dragon Darts|p1a: The Ogerponzi
|-damage|p1a: The Ogerponzi|0 fnt
|faint|p1a: The Ogerponzi
|
|upkeep
|
|t:|1758985345
|switch|p1a: Satan|Dragonite, F|100/100
|turn|22
|
|t:|1758985351
|move|p2a: Dragapult|Will-O-Wisp|p1a: Satan
|-status|p1a: Satan|brn
|-enditem|p1a: Satan|Lum Berry|[eat]
|-curestatus|p1a: Satan|brn|[msg]
|move|p1a: Satan|Dragon Dance|p1a: Satan
|-boost|p1a: Satan|atk|1
|-boost|p1a: Satan|spe|1
|
|upkeep
|turn|23
|
|t:|1758985363
|switch|p2a: Alomomola|Alomomola, M|100/100
|move|p1a: Satan|Dragon Dance|p1a: Satan
|-boost|p1a: Satan|atk|1
|-boost|p1a: Satan|spe|1
|
|upkeep
|turn|24
|
|t:|1758985370
|move|p1a: Satan|Dragon Dance|p1a: Satan
|-boost|p1a: Satan|atk|1
|-boost|p1a: Satan|spe|1
|move|p2a: Alomomola|Scald|p1a: Satan
|-resisted|p1a: Satan
|-damage|p1a: Satan|97/100
|
|upkeep
|turn|25
|
|t:|1758985378
|move|p1a: Satan|Dragon Dance|p1a: Satan
|-boost|p1a: Satan|atk|1
|-boost|p1a: Satan|spe|1
|move|p2a: Alomomola|Scald|p1a: Satan
|-resisted|p1a: Satan
|-damage|p1a: Satan|90/100
|
|upkeep
|turn|26
|
|t:|1758985389
|move|p1a: Satan|Dragon Dance|p1a: Satan
|-boost|p1a: Satan|atk|1
|-boost|p1a: Satan|spe|1
|move|p2a: Alomomola|Scald|p1a: Satan
|-resisted|p1a: Satan
|-damage|p1a: Satan|82/100
|
|upkeep
|turn|27
|
|t:|1758985396
|move|p1a: Satan|Earthquake|p2a: Alomomola
|-damage|p2a: Alomomola|26/100
|move|p2a: Alomomola|Scald|p1a: Satan
|-resisted|p1a: Satan
|-damage|p1a: Satan|75/100
|
|upkeep
|turn|28
|-message|Df72 forfeited.
|
|win|stinkyeric
|raw|stinkyeric's rating: 1415 &rarr; <strong>1437</strong><br />(+22 for winning)
|raw|Df72's rating: 1449 &rarr; <strong>1427</strong><br />(-22 for losing)
|l|☆Df72
|player|p2|
|c|☆stinkyeric|gg
|l|☆stinkyeric
|player|p1|
