|j|☆redxthebest1
|j|☆im on a car
|t:|1759061353
|gametype|singles
|player|p1|redxthebest1|lance|1204
|player|p2|im on a car|boarder|1173
|gen|9
|tier|[Gen 9] OU
|rated|
|rule|HP Percentage Mod: HP is shown in percentages
|rule|Endless Battle Clause: Forcing endless battles is banned
|rule|Species Clause: Limit one of each Pokémon
|rule|OHKO Clause: OHKO moves are banned
|rule|Evasion Items Clause: Evasion items are banned
|rule|Evasion Moves Clause: Evasion moves are banned
|rule|Evasion Abilities Clause: Evasion abilities are banned
|rule|Sleep Moves Clause: Sleep-inducing moves are banned
|clearpoke
|poke|p1|Dragonite, M|
|poke|p1|Blaziken, M|
|poke|p1|Landorus-Therian, M|
|poke|p1|Gholdengo|
|poke|p1|Darkrai|
|poke|p1|Hatterene, F|
|poke|p2|Darkrai|
|poke|p2|Ogerpon-Wellspring, F|
|poke|p2|Great Tusk|
|poke|p2|Gholdengo|
|poke|p2|Cinderace, F|
|poke|p2|Deoxys-Speed|
|teampreview
|inactive|Battle timer is ON: inactive players will automatically lose when time's up. (requested by im on a car)
|
|t:|1759061361
|teamsize|p1|6
|teamsize|p2|6
|start
|switch|p1a: Landorus|Landorus-Therian, M|100/100
|switch|p2a: Deoxys|Deoxys-Speed|100/100
|-ability|p2a: Deoxys|Pressure
|-ability|p1a: Landorus|Intimidate|boost
|-unboost|p2a: Deoxys|atk|1
|turn|1
|
|t:|1759061372
|move|p2a: Deoxys|Psycho Boost|p1a: Landorus
|-damage|p1a: Landorus|45/100
|-unboost|p2a: Deoxys|spa|2
|move|p1a: Landorus|Taunt|p2a: Deoxys
|-start|p2a: Deoxys|move: Taunt
|
|upkeep
|turn|2
|
|t:|1759061377
|switch|p1a: Hatterene|Hatterene, F|100/100
|move|p2a: Deoxys|Psycho Boost|p1a: Hatterene
|-resisted|p1a: Hatterene
|-damage|p1a: Hatterene|91/100
|-unboost|p2a: Deoxys|spa|2
|
|upkeep
|turn|3
|
|t:|1759061395
|switch|p2a: Cinderace|Cinderace, F|100/100
|move|p1a: Hatterene|Mystical Fire|p2a: Cinderace
|-resisted|p2a: Cinderace
|-damage|p2a: Cinderace|82/100
|-unboost|p2a: Cinderace|spa|1
|
|upkeep
|turn|4
|
|t:|1759061406
|move|p2a: Cinderace|Pyro Ball|p1a: Hatterene
|-damage|p1a: Hatterene|28/100
|move|p1a: Hatterene|Psychic Noise|p2a: Cinderace
|-damage|p2a: Cinderace|30/100
|-start|p2a: Cinderace|move: Heal Block
|
|upkeep
|turn|5
|
|t:|1759061414
|switch|p1a: Blaziken|Blaziken, M|100/100
|move|p2a: Cinderace|Pyro Ball|p1a: Blaziken
|-resisted|p1a: Blaziken
|-damage|p1a: Blaziken|60/100
|
|-end|p2a: Cinderace|move: Heal Block
|upkeep
|turn|6
|
|t:|1759061424
|move|p1a: Blaziken|Protect|p1a: Blaziken
|-singleturn|p1a: Blaziken|Protect
|move|p2a: Cinderace|U-turn|p1a: Blaziken
|-start|p2a: Cinderace|typechange|Bug|[from] ability: Libero
|-activate|p1a: Blaziken|move: Protect
|
|-ability|p1a: Blaziken|Speed Boost|boost
|-boost|p1a: Blaziken|spe|1
|upkeep
|turn|7
|
|t:|1759061447
|move|p2a: Cinderace|Sucker Punch||[still]
|-fail|p2a: Cinderace
|move|p1a: Blaziken|Swords Dance|p1a: Blaziken
|-boost|p1a: Blaziken|atk|2
|
|-ability|p1a: Blaziken|Speed Boost|boost
|-boost|p1a: Blaziken|spe|1
|upkeep
|turn|8
|
|t:|1759061456
|switch|p2a: Ogerpon|Ogerpon-Wellspring, F|100/100
|move|p1a: Blaziken|Close Combat|p2a: Ogerpon
|-damage|p2a: Ogerpon|0 fnt
|-unboost|p1a: Blaziken|def|1
|-unboost|p1a: Blaziken|spd|1
|faint|p2a: Ogerpon
|-damage|p1a: Blaziken|50/100|[from] item: Life Orb
|
|-ability|p1a: Blaziken|Speed Boost|boost
|-boost|p1a: Blaziken|spe|1
|upkeep
|
|t:|1759061459
|switch|p2a: Deoxys|Deoxys-Speed|100/100
|-ability|p2a: Deoxys|Pressure
|turn|9
|
|t:|1759061463
|move|p1a: Blaziken|Flare Blitz|p2a: Deoxys
|-enditem|p2a: Deoxys|Focus Sash
|-damage|p2a: Deoxys|1/100
|-damage|p1a: Blaziken|23/100|[from] Recoil
|-damage|p1a: Blaziken|13/100|[from] item: Life Orb
|move|p2a: Deoxys|Psycho Boost|p1a: Blaziken
|-supereffective|p1a: Blaziken
|-damage|p1a: Blaziken|0 fnt
|-unboost|p2a: Deoxys|spa|2
|faint|p1a: Blaziken
|
|upkeep
|
|t:|1759061470
|switch|p1a: Dragonite|Dragonite, M|100/100
|turn|10
|
|t:|1759061478
|switch|p2a: Gholdengo|Gholdengo|100/100
|-item|p2a: Gholdengo|Air Balloon
|move|p1a: Dragonite|Dragon Dance|p1a: Dragonite
|-boost|p1a: Dragonite|atk|1
|-boost|p1a: Dragonite|spe|1
|
|upkeep
|turn|11
|
|t:|1759061486
|-terastallize|p1a: Dragonite|Flying
|move|p1a: Dragonite|Tera Blast|p2a: Gholdengo|[anim] Tera Blast Flying
|-resisted|p2a: Gholdengo
|-damage|p2a: Gholdengo|53/100
|-enditem|p2a: Gholdengo|Air Balloon
|move|p2a: Gholdengo|Dazzling Gleam|p1a: Dragonite
|-damage|p1a: Dragonite|86/100
|
|upkeep
|turn|12
|
|t:|1759061498
|move|p1a: Dragonite|Earthquake|p2a: Gholdengo
|-supereffective|p2a: Gholdengo
|-damage|p2a: Gholdengo|0 fnt
|faint|p2a: Gholdengo
|
|upkeep
|
|t:|1759061505
|switch|p2a: Deoxys|Deoxys-Speed|1/100
|-ability|p2a: Deoxys|Pressure
|turn|13
|
|t:|1759061513
|move|p2a: Deoxys|Psycho Boost|p1a: Dragonite
|-damage|p1a: Dragonite|29/100
|-unboost|p2a: Deoxys|spa|2
|move|p1a: Dragonite|Dragon Dance|p1a: Dragonite
|-boost|p1a: Dragonite|atk|1
|-boost|p1a: Dragonite|spe|1
|
|upkeep
|turn|14
|
|t:|1759061521
|move|p1a: Dragonite|Earthquake|p2a: Deoxys
|-damage|p2a: Deoxys|0 fnt
|faint|p2a: Deoxys
|
|upkeep
|
|t:|1759061525
|switch|p2a: Cinderace|Cinderace, F|30/100
|turn|15
|
|t:|1759061534
|move|p2a: Cinderace|Sucker Punch||[still]
|-fail|p2a: Cinderace
|move|p1a: Dragonite|Dragon Dance|p1a: Dragonite
|-boost|p1a: Dragonite|atk|1
|-boost|p1a: Dragonite|spe|1
|
|upkeep
|turn|16
|
|t:|1759061543
|move|p2a: Cinderace|Sucker Punch|p1a: Dragonite
|-start|p2a: Cinderace|typechange|Dark|[from] ability: Libero
|-damage|p1a: Dragonite|0 fnt
|faint|p1a: Dragonite
|
|upkeep
|
|t:|1759061554
|switch|p1a: Darkrai|Darkrai|100/100
|turn|17
|
|t:|1759061563
|move|p1a: Darkrai|Will-O-Wisp|p2a: Cinderace
|-status|p2a: Cinderace|brn
|move|p2a: Cinderace|Pyro Ball|p1a: Darkrai|[miss]
|-miss|p2a: Cinderace|p1a: Darkrai
|
|-damage|p2a: Cinderace|24/100 brn|[from] brn
|upkeep
|turn|18
|
|t:|1759061569
|move|p1a: Darkrai|Dark Pulse|p2a: Cinderace
|-resisted|p2a: Cinderace
|-damage|p2a: Cinderace|0 fnt
|faint|p2a: Cinderace
|
|upkeep
|
|t:|1759061575
|switch|p2a: Great Tusk|Great Tusk|100/100
|turn|19
|
|t:|1759061587
|switch|p1a: Landorus|Landorus-Therian, M|45/100
|-ability|p1a: Landorus|Intimidate|boost
|-unboost|p2a: Great Tusk|atk|1
|move|p2a: Great Tusk|Close Combat|p1a: Landorus
|-resisted|p1a: Landorus
|-damage|p1a: Landorus|25/100
|-unboost|p2a: Great Tusk|def|1
|-unboost|p2a: Great Tusk|spd|1
|-damage|p2a: Great Tusk|84/100|[from] item: Rocky Helmet|[of] p1a: Landorus
|
|upkeep
|turn|20
|
|t:|1759061599
|move|p2a: Great Tusk|Knock Off|p1a: Landorus
|-damage|p1a: Landorus|2/100
|-damage|p2a: Great Tusk|68/100|[from] item: Rocky Helmet|[of] p1a: Landorus
|-enditem|p1a: Landorus|Rocky Helmet|[from] move: Knock Off|[of] p2a: Great Tusk
|move|p1a: Landorus|Stealth Rock|p2a: Great Tusk
|-sidestart|p2: im on a car|move: Stealth Rock
|
|upkeep
|turn|21
|
|t:|1759061607
|move|p2a: Great Tusk|Knock Off|p1a: Landorus
|-damage|p1a: Landorus|0 fnt
|faint|p1a: Landorus
|
|upkeep
|
|t:|1759061616
|switch|p1a: Darkrai|Darkrai|100/100
|turn|22
|
|t:|1759061619
|-end|p2a: Great Tusk|Protosynthesis|[silent]
|switch|p2a: Darkrai|Darkrai|100/100
|-damage|p2a: Darkrai|88/100|[from] Stealth Rock
|move|p1a: Darkrai|Ice Beam|p2a: Darkrai
|-damage|p2a: Darkrai|50/100
|
|upkeep
|turn|23
|
|t:|1759061648
|switch|p1a: Gholdengo|Gholdengo|100/100
|move|p2a: Darkrai|Sludge Bomb|p1a: Gholdengo
|-immune|p1a: Gholdengo
|
|upkeep
|turn|24
|
|t:|1759061652
|move|p2a: Darkrai|Dark Pulse|p1a: Gholdengo
|-supereffective|p1a: Gholdengo
|-damage|p1a: Gholdengo|0 fnt
|faint|p1a: Gholdengo
|-damage|p2a: Darkrai|40/100|[from] item: Life Orb
|
|upkeep
|
|t:|1759061656
|switch|p1a: Hatterene|Hatterene, F|28/100
|turn|25
|
|t:|1759061661
|move|p2a: Darkrai|Dark Pulse|p1a: Hatterene
|-damage|p1a: Hatterene|0 fnt
|faint|p1a: Hatterene
|-damage|p2a: Darkrai|30/100|[from] item: Life Orb
|
|upkeep
|
|t:|1759061664
|switch|p1a: Darkrai|Darkrai|100/100
|turn|26
|
|t:|1759061667
|move|p2a: Darkrai|Dark Pulse|p1a: Darkrai
|-resisted|p1a: Darkrai
|-damage|p1a: Darkrai|66/100
|-damage|p2a: Darkrai|20/100|[from] item: Life Orb
|move|p1a: Darkrai|Ice Beam|p2a: Darkrai
|-damage|p2a: Darkrai|0 fnt
|faint|p2a: Darkrai
|
|upkeep
|
|t:|1759061670
|switch|p2a: Great Tusk|Great Tusk|68/100
|turn|27
|
|t:|1759061675
|-terastallize|p2a: Great Tusk|Steel
|move|p1a: Darkrai|Ice Beam|p2a: Great Tusk
|-resisted|p2a: Great Tusk
|-damage|p2a: Great Tusk|47/100
|move|p2a: Great Tusk|Close Combat|p1a: Darkrai
|-supereffective|p1a: Darkrai
|-damage|p1a: Darkrai|0 fnt
|-unboost|p2a: Great Tusk|def|1
|-unboost|p2a: Great Tusk|spd|1
|faint|p1a: Darkrai
|
|win|im on a car
|raw|redxthebest1's rating: 1204 &rarr; <strong>1177</strong><br />(-27 for losing)
|raw|im on a car's rating: 1173 &rarr; <strong>1200</strong><br />(+27 for winning)
|l|☆redxthebest1
|player|p1|
