|j|☆Luleser
|j|☆Khahell
|t:|1759077680
|gametype|singles
|player|p1|Luleser|1|1116
|player|p2|Khahell|hoopster|1132
|gen|9
|tier|[Gen 9] OU
|rated|
|rule|HP Percentage Mod: HP is shown in percentages
|rule|Endless Battle Clause: Forcing endless battles is banned
|rule|Species Clause: Limit one of each Pokémon
|rule|OHKO Clause: OHKO moves are banned
|rule|Evasion Items Clause: Evasion items are banned
|rule|Evasion Moves Clause: Evasion moves are banned
|rule|Evasion Abilities Clause: Evasion abilities are banned
|rule|Sleep Moves Clause: Sleep-inducing moves are banned
|clearpoke
|poke|p1|Alomomola, M|
|poke|p1|Clefable, M|
|poke|p1|Sinistcha|
|poke|p1|Iron Valiant|
|poke|p1|Kingambit, F|
|poke|p1|Ting-Lu|
|poke|p2|Iron Moth|
|poke|p2|Meowscarada, M|
|poke|p2|Lycanroc-Dusk, F|
|poke|p2|Pawmot, M|
|poke|p2|Tornadus-Therian, M|
|poke|p2|Pincurchin, M|
|teampreview
|
|t:|1759077706
|teamsize|p1|6
|teamsize|p2|6
|start
|switch|p1a: Clefable|Clefable, M|100/100
|switch|p2a: Pincurchin|Pincurchin, M|100/100
|-fieldstart|move: Electric Terrain|[from] ability: Electric Surge|[of] p2a: Pincurchin
|turn|1
|inactive|Battle timer is ON: inactive players will automatically lose when time's up. (requested by Luleser)
|
|t:|1759077717
|move|p1a: Clefable|Light Screen|p1a: Clefable
|-sidestart|p1: Luleser|move: Light Screen
|move|p2a: Pincurchin|Toxic Spikes|p1a: Clefable
|-sidestart|p1: Luleser|move: Toxic Spikes
|
|upkeep
|turn|2
|
|t:|1759077728
|move|p1a: Clefable|Reflect|p1a: Clefable
|-sidestart|p1: Luleser|Reflect
|move|p2a: Pincurchin|Toxic Spikes|p1a: Clefable
|-sidestart|p1: Luleser|move: Toxic Spikes
|
|upkeep
|turn|3
|
|t:|1759077738
|switch|p1a: Kingambit|Kingambit, F|100/100
|move|p2a: Pincurchin|Spikes|p1a: Kingambit
|-sidestart|p1: Luleser|Spikes
|
|upkeep
|turn|4
|
|t:|1759077747
|move|p1a: Kingambit|Iron Head|p2a: Pincurchin
|-resisted|p2a: Pincurchin
|-damage|p2a: Pincurchin|83/100
|move|p2a: Pincurchin|Thunder Wave|p1a: Kingambit
|-status|p1a: Kingambit|par
|
|upkeep
|turn|5
|
|t:|1759077758
|-end|p1a: Kingambit|fallenundefined|[silent]
|switch|p1a: Ting-Lu|Ting-Lu|100/100
|-status|p1a: Ting-Lu|tox
|-damage|p1a: Ting-Lu|88/100 tox|[from] Spikes
|-ability|p1a: Ting-Lu|Vessel of Ruin
|move|p2a: Pincurchin|Spikes|p1a: Ting-Lu
|-sidestart|p1: Luleser|Spikes
|
|-heal|p1a: Ting-Lu|94/100 tox|[from] item: Leftovers
|-damage|p1a: Ting-Lu|88/100 tox|[from] psn
|upkeep
|turn|6
|
|t:|1759077770
|move|p1a: Ting-Lu|Stealth Rock|p2a: Pincurchin
|-sidestart|p2: Khahell|move: Stealth Rock
|move|p2a: Pincurchin|Spikes|p1a: Ting-Lu
|-sidestart|p1: Luleser|Spikes
|
|-heal|p1a: Ting-Lu|94/100 tox|[from] item: Leftovers
|-damage|p1a: Ting-Lu|82/100 tox|[from] psn
|upkeep
|turn|7
|
|t:|1759077781
|switch|p2a: Pawmot|Pawmot, M|100/100
|-damage|p2a: Pawmot|94/100|[from] Stealth Rock
|move|p1a: Ting-Lu|Spikes|p2a: Pawmot
|-sidestart|p2: Khahell|Spikes
|
|-heal|p1a: Ting-Lu|88/100 tox|[from] item: Leftovers
|-damage|p1a: Ting-Lu|69/100 tox|[from] psn
|upkeep
|turn|8
|
|t:|1759077790
|switch|p1a: Sinistcha|Sinistcha|100/100
|-status|p1a: Sinistcha|tox
|-damage|p1a: Sinistcha|76/100 tox|[from] Spikes
|move|p2a: Pawmot|Close Combat|p1a: Sinistcha
|-immune|p1a: Sinistcha
|
|-damage|p1a: Sinistcha|70/100 tox|[from] psn
|-sideend|p1: Luleser|move: Light Screen
|-fieldend|move: Electric Terrain
|upkeep
|turn|9
|
|t:|1759077800
|switch|p2a: Pincurchin|Pincurchin, M|83/100
|-damage|p2a: Pincurchin|71/100|[from] Stealth Rock
|-damage|p2a: Pincurchin|58/100|[from] Spikes
|-fieldstart|move: Electric Terrain|[from] ability: Electric Surge|[of] p2a: Pincurchin
|move|p1a: Sinistcha|Trick Room|p1a: Sinistcha
|-fieldstart|move: Trick Room|[of] p1a: Sinistcha
|
|-damage|p1a: Sinistcha|58/100 tox|[from] psn
|-sideend|p1: Luleser|Reflect
|upkeep
|turn|10
|
|t:|1759077812
|switch|p1a: Ting-Lu|Ting-Lu|69/100 tox
|-damage|p1a: Ting-Lu|44/100 tox|[from] Spikes
|-ability|p1a: Ting-Lu|Vessel of Ruin
|move|p2a: Pincurchin|Pain Split|p1a: Ting-Lu
|-sethp|p1a: Ting-Lu|39/100 tox|[from] move: Pain Split|[silent]
|-sethp|p2a: Pincurchin|67/100|[from] move: Pain Split
|
|-heal|p1a: Ting-Lu|46/100 tox|[from] item: Leftovers
|-damage|p1a: Ting-Lu|39/100 tox|[from] psn
|upkeep
|turn|11
|
|t:|1759077824
|move|p2a: Pincurchin|Pain Split|p1a: Ting-Lu
|-sethp|p1a: Ting-Lu|39/100 tox|[from] move: Pain Split|[silent]
|-sethp|p2a: Pincurchin|67/100|[from] move: Pain Split
|move|p1a: Ting-Lu|Whirlwind|p2a: Pincurchin
|drag|p2a: Tornadus|Tornadus-Therian, M|100/100
|-damage|p2a: Tornadus|76/100|[from] Stealth Rock
|
|-heal|p1a: Ting-Lu|46/100 tox|[from] item: Leftovers
|-damage|p1a: Ting-Lu|33/100 tox|[from] psn
|upkeep
|turn|12
|
|t:|1759077844
|switch|p2a: Pincurchin|Pincurchin, M|67/100
|-damage|p2a: Pincurchin|55/100|[from] Stealth Rock
|-damage|p2a: Pincurchin|42/100|[from] Spikes
|move|p1a: Ting-Lu|Rest||[still]
|-activate|p1a: Ting-Lu|move: Electric Terrain
|-fail|p1a: Ting-Lu
|
|-heal|p1a: Ting-Lu|39/100 tox|[from] item: Leftovers
|-damage|p1a: Ting-Lu|21/100 tox|[from] psn
|upkeep
|turn|13
|c|☆Luleser|o shit
|
|t:|1759077862
|move|p2a: Pincurchin|Pain Split|p1a: Ting-Lu
|-sethp|p1a: Ting-Lu|23/100 tox|[from] move: Pain Split|[silent]
|-sethp|p2a: Pincurchin|39/100|[from] move: Pain Split
|move|p1a: Ting-Lu|Whirlwind|p2a: Pincurchin
|drag|p2a: Tornadus|Tornadus-Therian, M|100/100
|-damage|p2a: Tornadus|76/100|[from] Stealth Rock
|
|-heal|p1a: Ting-Lu|29/100 tox|[from] item: Leftovers
|-damage|p1a: Ting-Lu|4/100 tox|[from] psn
|-fieldend|move: Trick Room
|upkeep
|turn|14
|
|t:|1759077877
|move|p2a: Tornadus|Bleakwind Storm|p1a: Ting-Lu
|-damage|p1a: Ting-Lu|0 fnt
|faint|p1a: Ting-Lu
|
|upkeep
|
|t:|1759077896
|switch|p1a: Iron Valiant|Iron Valiant|100/100
|-activate|p1a: Iron Valiant|ability: Quark Drive
|-start|p1a: Iron Valiant|quarkdrivespa
|turn|15
|
|t:|1759077904
|move|p2a: Tornadus|Bleakwind Storm|p1a: Iron Valiant
|-supereffective|p1a: Iron Valiant
|-damage|p1a: Iron Valiant|0 fnt
|faint|p1a: Iron Valiant
|-end|p1a: Iron Valiant|Quark Drive|[silent]
|
|upkeep
|
|t:|1759077912
|switch|p1a: Clefable|Clefable, M|100/100
|-status|p1a: Clefable|tox
|-damage|p1a: Clefable|76/100 tox|[from] Spikes
|turn|16
|
|t:|1759077918
|move|p2a: Tornadus|Bleakwind Storm|p1a: Clefable
|-damage|p1a: Clefable|31/100 tox
|move|p1a: Clefable|Light Screen|p1a: Clefable
|-sidestart|p1: Luleser|move: Light Screen
|
|-damage|p1a: Clefable|25/100 tox|[from] psn
|-fieldend|move: Electric Terrain
|upkeep
|turn|17
|
|t:|1759077924
|move|p2a: Tornadus|Bleakwind Storm|p1a: Clefable|[miss]
|-miss|p2a: Tornadus|p1a: Clefable
|move|p1a: Clefable|Reflect|p1a: Clefable
|-sidestart|p1: Luleser|Reflect
|
|-damage|p1a: Clefable|13/100 tox|[from] psn
|upkeep
|turn|18
|
|t:|1759077930
|move|p2a: Tornadus|Bleakwind Storm|p1a: Clefable
|-damage|p1a: Clefable|0 fnt
|faint|p1a: Clefable
|
|upkeep
|
|t:|1759077935
|switch|p1a: Sinistcha|Sinistcha|58/100 tox
|-damage|p1a: Sinistcha|33/100 tox|[from] Spikes
|turn|19
|
|t:|1759077939
|-terastallize|p1a: Sinistcha|Steel
|move|p2a: Tornadus|Bleakwind Storm|p1a: Sinistcha
|-resisted|p1a: Sinistcha
|-damage|p1a: Sinistcha|10/100 tox
|move|p1a: Sinistcha|Trick Room|p1a: Sinistcha
|-fieldstart|move: Trick Room|[of] p1a: Sinistcha
|
|-damage|p1a: Sinistcha|4/100 tox|[from] psn
|upkeep
|turn|20
|
|t:|1759077947
|move|p1a: Sinistcha|Strength Sap|p2a: Tornadus
|-unboost|p2a: Tornadus|atk|1
|-heal|p1a: Sinistcha|69/100 tox
|move|p2a: Tornadus|Bleakwind Storm|p1a: Sinistcha
|-resisted|p1a: Sinistcha
|-damage|p1a: Sinistcha|47/100 tox
|
|-damage|p1a: Sinistcha|35/100 tox|[from] psn
|upkeep
|turn|21
|
|t:|1759077958
|move|p1a: Sinistcha|Strength Sap|p2a: Tornadus
|-unboost|p2a: Tornadus|atk|1
|-heal|p1a: Sinistcha|78/100 tox
|move|p2a: Tornadus|Bleakwind Storm|p1a: Sinistcha
|-resisted|p1a: Sinistcha
|-damage|p1a: Sinistcha|57/100 tox
|
|-damage|p1a: Sinistcha|39/100 tox|[from] psn
|upkeep
|turn|22
|
|t:|1759077966
|move|p1a: Sinistcha|Shadow Ball|p2a: Tornadus
|-damage|p2a: Tornadus|10/100
|-damage|p1a: Sinistcha|29/100 tox|[from] item: Life Orb
|move|p2a: Tornadus|Bleakwind Storm|p1a: Sinistcha
|-resisted|p1a: Sinistcha
|-damage|p1a: Sinistcha|7/100 tox
|
|-damage|p1a: Sinistcha|0 fnt|[from] psn
|faint|p1a: Sinistcha
|upkeep
|c|☆Luleser|gg wp
|-message|Luleser forfeited.
|
|win|Khahell
|raw|Luleser's rating: 1116 &rarr; <strong>1092</strong><br />(-24 for losing)
|raw|Khahell's rating: 1132 &rarr; <strong>1156</strong><br />(+24 for winning)
|c|☆Khahell|wp
