|j|☆Natorito
|j|☆YumeKasumi76
|t:|1759003113
|gametype|singles
|player|p1|Natorito|169|1391
|player|p2|YumeKasumi76|170|1378
|gen|9
|tier|[Gen 9] OU
|rated|
|rule|HP Percentage Mod: HP is shown in percentages
|rule|Endless Battle Clause: Forcing endless battles is banned
|rule|Species Clause: Limit one of each Pokémon
|rule|OHKO Clause: OHKO moves are banned
|rule|Evasion Items Clause: Evasion items are banned
|rule|Evasion Moves Clause: Evasion moves are banned
|rule|Evasion Abilities Clause: Evasion abilities are banned
|rule|Sleep Moves Clause: Sleep-inducing moves are banned
|clearpoke
|poke|p1|Slowbro-Galar, F|
|poke|p1|Mudsdale, F|
|poke|p1|Malamar, F|
|poke|p1|Hitmonchan, M|
|poke|p1|Rotom-Heat|
|poke|p1|Milotic, F|
|poke|p2|Cobalion|
|poke|p2|Weezing-Galar, M|
|poke|p2|Lokix, F|
|poke|p2|Arboliva, M|
|poke|p2|Ceruledge, F|
|poke|p2|Latios, M|
|teampreview
|
|t:|1759003125
|teamsize|p1|6
|teamsize|p2|6
|start
|switch|p1a: Rotom|Rotom-Heat, shiny|100/100
|switch|p2a: Iverson|Latios, M|100/100
|turn|1
|inactive|Battle timer is ON: inactive players will automatically lose when time's up. (requested by YumeKasumi76)
|
|t:|1759003142
|move|p2a: Iverson|Draco Meteor|p1a: Rotom
|-damage|p1a: Rotom|1/100
|-unboost|p2a: Iverson|spa|2
|move|p1a: Rotom|Volt Switch|p2a: Iverson
|-resisted|p2a: Iverson
|-damage|p2a: Iverson|85/100
|inactive|Natorito has 120 seconds left.
|
|t:|1759003175
|switch|p1a: Malamar|Malamar, F|100/100|[from] Volt Switch
|
|upkeep
|turn|2
|
|t:|1759003184
|switch|p2a: M'affald|Weezing-Galar, M|100/100
|-ability|p2a: M'affald|Neutralizing Gas
|move|p1a: Malamar|Knock Off|p2a: M'affald
|-resisted|p2a: M'affald
|-damage|p2a: M'affald|87/100
|-enditem|p2a: M'affald|Heavy-Duty Boots|[from] move: Knock Off|[of] p1a: Malamar
|
|upkeep
|turn|3
|
|t:|1759003195
|switch|p1a: Rotom|Rotom-Heat, shiny|1/100
|move|p2a: M'affald|Sludge Bomb|p1a: Rotom
|-damage|p1a: Rotom|0 fnt
|faint|p1a: Rotom
|
|upkeep
|
|t:|1759003206
|switch|p1a: Malamar|Malamar, F|100/100
|turn|4
|
|t:|1759003212
|move|p1a: Malamar|Switcheroo|p2a: M'affald
|-activate|p1a: Malamar|move: Trick|[of] p2a: M'affald
|-item|p2a: M'affald|Choice Scarf|[from] move: Switcheroo
|-enditem|p1a: Malamar|Choice Scarf|[silent]|[from] move: Switcheroo
|move|p2a: M'affald|Will-O-Wisp|p1a: Malamar|[miss]
|-miss|p2a: M'affald|p1a: Malamar
|
|upkeep
|turn|5
|
|t:|1759003220
|switch|p1a: Milotic|Milotic, F|100/100
|move|p2a: M'affald|Will-O-Wisp|p1a: Milotic
|-status|p1a: Milotic|brn
|
|-damage|p1a: Milotic|94/100 brn|[from] brn
|upkeep
|turn|6
|
|t:|1759003229
|-end|p2a: M'affald|ability: Neutralizing Gas
|switch|p2a: Pantheon|Arboliva, M|100/100
|move|p1a: Milotic|Scald|p2a: Pantheon
|-resisted|p2a: Pantheon
|-damage|p2a: Pantheon|93/100
|-fieldstart|move: Grassy Terrain|[from] ability: Seed Sower|[of] p2a: Pantheon
|
|-heal|p1a: Milotic|100/100 brn|[from] Grassy Terrain
|-heal|p2a: Pantheon|99/100|[from] Grassy Terrain
|-damage|p1a: Milotic|94/100 brn|[from] brn
|upkeep
|turn|7
|
|t:|1759003247
|switch|p1a: Hitmonchan|Hitmonchan, M|100/100
|move|p2a: Pantheon|Giga Drain|p1a: Hitmonchan
|-damage|p1a: Hitmonchan|65/100
|-heal|p2a: Pantheon|100/100|[from] drain|[of] p1a: Hitmonchan
|
|-heal|p1a: Hitmonchan|71/100|[from] Grassy Terrain
|upkeep
|turn|8
|
|t:|1759003261
|switch|p2a: M'affald|Weezing-Galar, M|87/100
|-ability|p2a: M'affald|Neutralizing Gas
|move|p1a: Hitmonchan|Drain Punch|p2a: M'affald
|-resisted|p2a: M'affald
|-damage|p2a: M'affald|81/100
|-heal|p1a: Hitmonchan|75/100|[from] drain|[of] p2a: M'affald
|
|-heal|p2a: M'affald|87/100|[from] Grassy Terrain
|-heal|p1a: Hitmonchan|81/100|[from] Grassy Terrain
|upkeep
|turn|9
|
|t:|1759003275
|-end|p2a: M'affald|ability: Neutralizing Gas
|switch|p2a: Satsuki|Lokix, F, shiny|100/100
|switch|p1a: Milotic|Milotic, F|94/100 brn
|
|-heal|p1a: Milotic|100/100 brn|[from] Grassy Terrain
|-damage|p1a: Milotic|94/100 brn|[from] brn
|upkeep
|turn|10
|
|t:|1759003286
|move|p2a: Satsuki|U-turn|p1a: Milotic
|-damage|p1a: Milotic|71/100 brn
|
|t:|1759003292
|switch|p2a: Iverson|Latios, M|85/100|[from] U-turn
|move|p1a: Milotic|Scald|p2a: Iverson
|-resisted|p2a: Iverson
|-damage|p2a: Iverson|69/100
|
|-heal|p1a: Milotic|77/100 brn|[from] Grassy Terrain
|-heal|p1a: Milotic|83/100 brn|[from] item: Leftovers
|-damage|p1a: Milotic|77/100 brn|[from] brn
|-fieldend|move: Grassy Terrain
|upkeep
|turn|11
|
|t:|1759003317
|switch|p2a: Ironhyde|Cobalion|100/100
|move|p1a: Milotic|Mirror Coat||[still]
|-fail|p1a: Milotic
|
|-heal|p1a: Milotic|83/100 brn|[from] item: Leftovers
|-damage|p1a: Milotic|77/100 brn|[from] brn
|upkeep
|turn|12
|
|t:|1759003327
|move|p2a: Ironhyde|Stealth Rock|p1a: Milotic
|-sidestart|p1: Natorito|move: Stealth Rock
|move|p1a: Milotic|Scald|p2a: Ironhyde
|-damage|p2a: Ironhyde|68/100
|
|-heal|p1a: Milotic|83/100 brn|[from] item: Leftovers
|-damage|p1a: Milotic|77/100 brn|[from] brn
|upkeep
|turn|13
|
|t:|1759003336
|move|p2a: Ironhyde|Volt Switch|p1a: Milotic
|-supereffective|p1a: Milotic
|-damage|p1a: Milotic|57/100 brn
|
|t:|1759003341
|switch|p2a: Pantheon|Arboliva, M|100/100|[from] Volt Switch
|move|p1a: Milotic|Scald|p2a: Pantheon
|-resisted|p2a: Pantheon
|-damage|p2a: Pantheon|93/100
|-fieldstart|move: Grassy Terrain|[from] ability: Seed Sower|[of] p2a: Pantheon
|
|-heal|p1a: Milotic|63/100 brn|[from] Grassy Terrain
|-heal|p1a: Milotic|69/100 brn|[from] item: Leftovers
|-heal|p2a: Pantheon|99/100|[from] Grassy Terrain
|-damage|p1a: Milotic|63/100 brn|[from] brn
|upkeep
|turn|14
|
|t:|1759003360
|switch|p1a: Hitmonchan|Hitmonchan, M|81/100
|-damage|p1a: Hitmonchan|75/100|[from] Stealth Rock
|switch|p2a: Satsuki|Lokix, F, shiny|100/100
|
|-heal|p1a: Hitmonchan|81/100|[from] Grassy Terrain
|upkeep
|turn|15
|
|t:|1759003374
|move|p2a: Satsuki|Knock Off|p1a: Hitmonchan
|-resisted|p1a: Hitmonchan
|-damage|p1a: Hitmonchan|0 fnt
|-enditem|p1a: Hitmonchan|Assault Vest|[from] move: Knock Off|[of] p2a: Satsuki
|faint|p1a: Hitmonchan
|
|upkeep
|
|t:|1759003388
|switch|p1a: Mudsdale|Mudsdale, F|100/100
|-damage|p1a: Mudsdale|94/100|[from] Stealth Rock
|turn|16
|
|t:|1759003400
|move|p2a: Satsuki|Knock Off|p1a: Mudsdale
|-crit|p1a: Mudsdale
|-damage|p1a: Mudsdale|33/100
|-ability|p1a: Mudsdale|Stamina|boost
|-boost|p1a: Mudsdale|def|1
|-enditem|p1a: Mudsdale|Leftovers|[from] move: Knock Off|[of] p2a: Satsuki
|move|p1a: Mudsdale|Stealth Rock|p2a: Satsuki
|-sidestart|p2: YumeKasumi76|move: Stealth Rock
|
|-heal|p1a: Mudsdale|39/100|[from] Grassy Terrain
|upkeep
|turn|17
|
|t:|1759003411
|switch|p2a: M'affald|Weezing-Galar, M|87/100
|-ability|p2a: M'affald|Neutralizing Gas
|-damage|p2a: M'affald|75/100|[from] Stealth Rock
|move|p1a: Mudsdale|Body Press|p2a: M'affald
|-resisted|p2a: M'affald
|-damage|p2a: M'affald|69/100
|
|-heal|p2a: M'affald|75/100|[from] Grassy Terrain
|-heal|p1a: Mudsdale|45/100|[from] Grassy Terrain
|-fieldend|move: Grassy Terrain
|upkeep
|turn|18
|
|t:|1759003425
|move|p2a: M'affald|Will-O-Wisp|p1a: Mudsdale|[miss]
|-miss|p2a: M'affald|p1a: Mudsdale
|move|p1a: Mudsdale|Stealth Rock||[still]
|-fail|p1a: Mudsdale
|
|upkeep
|turn|19
|
|t:|1759003437
|-end|p2a: M'affald|ability: Neutralizing Gas
|switch|p2a: Satsuki|Lokix, F, shiny|100/100
|-damage|p2a: Satsuki|76/100|[from] Stealth Rock
|switch|p1a: Milotic|Milotic, F|63/100 brn
|-damage|p1a: Milotic|51/100 brn|[from] Stealth Rock
|
|-heal|p1a: Milotic|57/100 brn|[from] item: Leftovers
|-damage|p1a: Milotic|51/100 brn|[from] brn
|upkeep
|turn|20
|
|t:|1759003452
|move|p2a: Satsuki|Knock Off|p1a: Milotic
|-damage|p1a: Milotic|19/100 brn
|-enditem|p1a: Milotic|Leftovers|[from] move: Knock Off|[of] p2a: Satsuki
|move|p1a: Milotic|Rest|p1a: Milotic
|-status|p1a: Milotic|slp|[from] move: Rest
|-heal|p1a: Milotic|100/100 slp|[silent]
|
|upkeep
|turn|21
|
|t:|1759003461
|switch|p2a: Iverson|Latios, M|69/100
|-damage|p2a: Iverson|57/100|[from] Stealth Rock
|cant|p1a: Milotic|slp
|
|upkeep
|turn|22
|
|t:|1759003468
|move|p2a: Iverson|Trick|p1a: Milotic
|-activate|p2a: Iverson|move: Trick|[of] p1a: Milotic
|-item|p1a: Milotic|Choice Scarf|[from] move: Trick
|-enditem|p2a: Iverson|Choice Scarf|[silent]|[from] move: Trick
|cant|p1a: Milotic|slp
|
|upkeep
|turn|23
|
|t:|1759003475
|move|p2a: Iverson|Flip Turn|p1a: Milotic
|-resisted|p1a: Milotic
|-damage|p1a: Milotic|97/100 slp
|
|t:|1759003477
|switch|p2a: Pantheon|Arboliva, M|99/100|[from] Flip Turn
|-damage|p2a: Pantheon|86/100|[from] Stealth Rock
|-curestatus|p1a: Milotic|slp|[msg]
|move|p1a: Milotic|Dragon Tail|p2a: Pantheon
|-damage|p2a: Pantheon|77/100
|-fieldstart|move: Grassy Terrain|[from] ability: Seed Sower|[of] p2a: Pantheon
|drag|p2a: Satsuki|Lokix, F, shiny|76/100
|-damage|p2a: Satsuki|51/100|[from] Stealth Rock
|
|-heal|p2a: Satsuki|57/100|[from] Grassy Terrain
|-heal|p1a: Milotic|100/100|[from] Grassy Terrain
|upkeep
|turn|24
|
|t:|1759003492
|move|p2a: Satsuki|Leech Life|p1a: Milotic
|-damage|p1a: Milotic|58/100
|-heal|p2a: Satsuki|87/100|[from] drain|[of] p1a: Milotic
|move|p1a: Milotic|Dragon Tail|p2a: Satsuki
|-damage|p2a: Satsuki|73/100
|drag|p2a: M'affald|Weezing-Galar, M|75/100
|-ability|p2a: M'affald|Neutralizing Gas
|-damage|p2a: M'affald|63/100|[from] Stealth Rock
|
|-heal|p1a: Milotic|64/100|[from] Grassy Terrain
|-heal|p2a: M'affald|69/100|[from] Grassy Terrain
|upkeep
|turn|25
|inactive|Natorito has 120 seconds left.
|
|t:|1759003525
|-end|p2a: M'affald|ability: Neutralizing Gas
|switch|p2a: Satsuki|Lokix, F, shiny|73/100
|-damage|p2a: Satsuki|48/100|[from] Stealth Rock
|move|p1a: Milotic|Dragon Tail|p2a: Satsuki
|-damage|p2a: Satsuki|35/100
|drag|p2a: Ironhyde|Cobalion|68/100
|-damage|p2a: Ironhyde|65/100|[from] Stealth Rock
|
|-heal|p2a: Ironhyde|71/100|[from] Grassy Terrain
|-heal|p1a: Milotic|70/100|[from] Grassy Terrain
|upkeep
|turn|26
|inactive|Natorito has 120 seconds left.
|
|t:|1759003543
|switch|p1a: Malamar|Malamar, F|100/100
|-damage|p1a: Malamar|88/100|[from] Stealth Rock
|move|p2a: Ironhyde|Body Press|p1a: Malamar
|-damage|p1a: Malamar|42/100
|
|-heal|p2a: Ironhyde|77/100|[from] Grassy Terrain
|-heal|p1a: Malamar|48/100|[from] Grassy Terrain
|upkeep
|turn|27
|
|t:|1759003552
|move|p2a: Ironhyde|Body Press|p1a: Malamar
|-damage|p1a: Malamar|0 fnt
|faint|p1a: Malamar
|
|-heal|p2a: Ironhyde|83/100|[from] Grassy Terrain
|-fieldend|move: Grassy Terrain
|upkeep
|
|t:|1759003560
|switch|p1a: Slowbro|Slowbro-Galar, F|100/100
|-damage|p1a: Slowbro|88/100|[from] Stealth Rock
|turn|28
|
|t:|1759003565
|move|p2a: Ironhyde|Volt Switch|p1a: Slowbro
|-damage|p1a: Slowbro|72/100
|
|t:|1759003567
|switch|p2a: Jalter|Ceruledge, F|100/100|[from] Volt Switch
|-damage|p2a: Jalter|76/100|[from] Stealth Rock
|move|p1a: Slowbro|Belly Drum|p1a: Slowbro
|-damage|p1a: Slowbro|22/100
|-setboost|p1a: Slowbro|atk|6|[from] move: Belly Drum
|
|-heal|p2a: Jalter|82/100|[from] item: Leftovers
|upkeep
|turn|29
|
|t:|1759003579
|move|p2a: Jalter|Shadow Sneak|p1a: Slowbro
|-supereffective|p1a: Slowbro
|-damage|p1a: Slowbro|0 fnt
|faint|p1a: Slowbro
|
|-heal|p2a: Jalter|88/100|[from] item: Leftovers
|upkeep
|-message|Natorito forfeited.
|
|win|YumeKasumi76
|raw|Natorito's rating: 1391 &rarr; <strong>1370</strong><br />(-21 for losing)
|raw|YumeKasumi76's rating: 1378 &rarr; <strong>1399</strong><br />(+21 for winning)
|l|☆Natorito
|player|p1|
|l|☆YumeKasumi76
|player|p2|
