|j|☆CaiusPupus
|j|☆ColdWar001
|t:|1759052185
|gametype|singles
|player|p1|CaiusPupus|koga|1226
|player|p2|ColdWar001|drayden|1185
|gen|9
|tier|[Gen 9] OU
|rated|
|rule|HP Percentage Mod: HP is shown in percentages
|rule|Endless Battle Clause: Forcing endless battles is banned
|rule|Species Clause: Limit one of each Pokémon
|rule|OHKO Clause: OHKO moves are banned
|rule|Evasion Items Clause: Evasion items are banned
|rule|Evasion Moves Clause: Evasion moves are banned
|rule|Evasion Abilities Clause: Evasion abilities are banned
|rule|Sleep Moves Clause: Sleep-inducing moves are banned
|clearpoke
|poke|p1|Walking Wake|
|poke|p1|Raikou|
|poke|p1|Torkoal, M|
|poke|p1|Primarina, F|
|poke|p1|Corviknight, M|
|poke|p1|Great Tusk|
|poke|p2|Kyurem|
|poke|p2|Conkeldurr, F|
|poke|p2|Kleavor, F|
|poke|p2|Tentacruel, F|
|poke|p2|Skeledirge, M|
|poke|p2|Raikou|
|teampreview
|inactive|Battle timer is ON: inactive players will automatically lose when time's up. (requested by CaiusPupus)
|inactive|ColdWar001 also wants the timer to be on.
|
|t:|1759052193
|teamsize|p1|6
|teamsize|p2|6
|start
|switch|p1a: Oiseau de Fer|Corviknight, M|100/100
|switch|p2a: Kleavor|Kleavor, F|100/100
|turn|1
|
|t:|1759052202
|switch|p2a: Skeledirge|Skeledirge, M|100/100
|move|p1a: Oiseau de Fer|Defog|p2a: Skeledirge
|-unboost|p2a: Skeledirge|evasion|1
|
|upkeep
|turn|2
|
|t:|1759052208
|move|p1a: Oiseau de Fer|U-turn|p2a: Skeledirge
|-resisted|p2a: Skeledirge
|-damage|p2a: Skeledirge|97/100
|
|t:|1759052212
|switch|p1a: Suicune?|Walking Wake|100/100|[from] U-turn
|move|p2a: Skeledirge|Will-O-Wisp|p1a: Suicune?
|-status|p1a: Suicune?|brn
|
|-heal|p2a: Skeledirge|100/100|[from] item: Leftovers
|-damage|p1a: Suicune?|94/100 brn|[from] brn
|upkeep
|turn|3
|
|t:|1759052224
|-end|p1a: Suicune?|Protosynthesis|[silent]
|switch|p1a: tortue chaude|Torkoal, M|100/100
|-weather|SunnyDay|[from] ability: Drought|[of] p1a: tortue chaude
|switch|p2a: Tentacruel|Tentacruel, F|100/100
|
|-weather|SunnyDay|[upkeep]
|upkeep
|turn|4
|
|t:|1759052245
|switch|p2a: Kleavor|Kleavor, F|100/100
|switch|p1a: Raikou|Raikou|100/100
|
|-weather|SunnyDay|[upkeep]
|upkeep
|turn|5
|
|t:|1759052251
|move|p1a: Raikou|Thunderbolt|p2a: Kleavor
|-damage|p2a: Kleavor|48/100
|move|p2a: Kleavor|Stone Axe|p1a: Raikou
|-damage|p1a: Raikou|22/100
|-sidestart|p1: CaiusPupus|move: Stealth Rock
|
|-weather|SunnyDay|[upkeep]
|upkeep
|turn|6
|
|t:|1759052271
|switch|p2a: Raikou|Raikou|100/100
|move|p1a: Raikou|Thunderbolt|p2a: Raikou
|-resisted|p2a: Raikou
|-damage|p2a: Raikou|76/100
|
|-weather|SunnyDay|[upkeep]
|upkeep
|turn|7
|
|t:|1759052280
|move|p1a: Raikou|Thunderbolt|p2a: Raikou
|-resisted|p2a: Raikou
|-damage|p2a: Raikou|53/100
|move|p2a: Raikou|Calm Mind|p2a: Raikou
|-boost|p2a: Raikou|spa|1
|-boost|p2a: Raikou|spd|1
|
|-weather|SunnyDay|[upkeep]
|upkeep
|turn|8
|
|t:|1759052288
|move|p2a: Raikou|Calm Mind|p2a: Raikou
|-boost|p2a: Raikou|spa|1
|-boost|p2a: Raikou|spd|1
|move|p1a: Raikou|Aura Sphere|p2a: Raikou
|-damage|p2a: Raikou|41/100
|
|-weather|SunnyDay|[upkeep]
|upkeep
|turn|9
|
|t:|1759052296
|move|p2a: Raikou|Scald|p1a: Raikou
|-damage|p1a: Raikou|3/100
|move|p1a: Raikou|Thunderbolt|p2a: Raikou
|-resisted|p2a: Raikou
|-damage|p2a: Raikou|30/100
|
|-weather|SunnyDay|[upkeep]
|upkeep
|turn|10
|
|t:|1759052303
|move|p2a: Raikou|Scald|p1a: Raikou
|-damage|p1a: Raikou|0 fnt
|faint|p1a: Raikou
|
|-weather|none
|upkeep
|
|t:|1759052307
|switch|p1a: tortue chaude|Torkoal, M|100/100
|-damage|p1a: tortue chaude|75/100|[from] Stealth Rock
|-weather|SunnyDay|[from] ability: Drought|[of] p1a: tortue chaude
|turn|11
|
|t:|1759052313
|move|p2a: Raikou|Volt Switch|p1a: tortue chaude
|-damage|p1a: tortue chaude|0 fnt
|faint|p1a: tortue chaude
|
|t:|1759052324
|switch|p2a: Conkeldurr|Conkeldurr, F|100/100|[from] Volt Switch
|
|-weather|SunnyDay|[upkeep]
|upkeep
|
|t:|1759052327
|switch|p1a: dieu de l'OU|Great Tusk|100/100
|-damage|p1a: dieu de l'OU|98/100|[from] Stealth Rock
|-activate|p1a: dieu de l'OU|ability: Protosynthesis
|-start|p1a: dieu de l'OU|protosynthesisdef
|turn|12
|
|t:|1759052334
|move|p1a: dieu de l'OU|Knock Off|p2a: Conkeldurr
|-resisted|p2a: Conkeldurr
|-damage|p2a: Conkeldurr|87/100
|-enditem|p2a: Conkeldurr|Assault Vest|[from] move: Knock Off|[of] p1a: dieu de l'OU
|move|p2a: Conkeldurr|Knock Off|p1a: dieu de l'OU
|-resisted|p1a: dieu de l'OU
|-damage|p1a: dieu de l'OU|90/100
|-enditem|p1a: dieu de l'OU|Assault Vest|[from] move: Knock Off|[of] p2a: Conkeldurr
|
|-weather|SunnyDay|[upkeep]
|upkeep
|turn|13
|
|t:|1759052349
|switch|p2a: Kleavor|Kleavor, F|48/100
|move|p1a: dieu de l'OU|Rapid Spin|p2a: Kleavor
|-resisted|p2a: Kleavor
|-damage|p2a: Kleavor|40/100
|-boost|p1a: dieu de l'OU|spe|1
|-sideend|p1: CaiusPupus|Stealth Rock|[from] move: Rapid Spin|[of] p1a: dieu de l'OU
|
|-weather|SunnyDay|[upkeep]
|upkeep
|turn|14
|
|t:|1759052358
|move|p1a: dieu de l'OU|Body Press|p2a: Kleavor
|-damage|p2a: Kleavor|0 fnt
|faint|p2a: Kleavor
|
|-weather|SunnyDay|[upkeep]
|upkeep
|
|t:|1759052364
|switch|p2a: Raikou|Raikou|30/100
|turn|15
|
|t:|1759052369
|move|p1a: dieu de l'OU|Earthquake|p2a: Raikou
|-supereffective|p2a: Raikou
|-damage|p2a: Raikou|0 fnt
|faint|p2a: Raikou
|
|-weather|SunnyDay|[upkeep]
|upkeep
|
|t:|1759052377
|switch|p2a: Conkeldurr|Conkeldurr, F|87/100
|turn|16
|
|t:|1759052384
|move|p1a: dieu de l'OU|Earthquake|p2a: Conkeldurr
|-damage|p2a: Conkeldurr|47/100
|move|p2a: Conkeldurr|Ice Punch|p1a: dieu de l'OU
|-supereffective|p1a: dieu de l'OU
|-damage|p1a: dieu de l'OU|60/100
|
|-weather|SunnyDay|[upkeep]
|upkeep
|turn|17
|
|t:|1759052391
|move|p1a: dieu de l'OU|Earthquake|p2a: Conkeldurr
|-crit|p2a: Conkeldurr
|-damage|p2a: Conkeldurr|0 fnt
|faint|p2a: Conkeldurr
|
|-weather|SunnyDay|[upkeep]
|upkeep
|
|t:|1759052406
|switch|p2a: Kyurem|Kyurem|100/100
|-ability|p2a: Kyurem|Pressure
|turn|18
|
|t:|1759052411
|switch|p2a: Skeledirge|Skeledirge, M|100/100
|move|p1a: dieu de l'OU|Body Press|p2a: Skeledirge
|-immune|p2a: Skeledirge
|
|-weather|none
|-end|p1a: dieu de l'OU|Protosynthesis
|upkeep
|turn|19
|
|t:|1759052420
|move|p1a: dieu de l'OU|Knock Off|p2a: Skeledirge
|-supereffective|p2a: Skeledirge
|-damage|p2a: Skeledirge|54/100
|-enditem|p2a: Skeledirge|Leftovers|[from] move: Knock Off|[of] p1a: dieu de l'OU
|move|p2a: Skeledirge|Will-O-Wisp|p1a: dieu de l'OU
|-status|p1a: dieu de l'OU|brn
|
|-damage|p1a: dieu de l'OU|54/100 brn|[from] brn
|upkeep
|turn|20
|
|t:|1759052433
|-end|p1a: dieu de l'OU|Protosynthesis|[silent]
|switch|p1a: Primarina|Primarina, F|100/100
|move|p2a: Skeledirge|Hex|p1a: Primarina
|-damage|p1a: Primarina|80/100
|
|upkeep
|turn|21
|
|t:|1759052447
|switch|p2a: Tentacruel|Tentacruel, F|100/100
|move|p1a: Primarina|Calm Mind|p1a: Primarina
|-boost|p1a: Primarina|spa|1
|-boost|p1a: Primarina|spd|1
|
|upkeep
|turn|22
|
|t:|1759052455
|-terastallize|p1a: Primarina|Steel
|move|p2a: Tentacruel|Sludge Wave|p1a: Primarina
|-immune|p1a: Primarina
|move|p1a: Primarina|Encore|p2a: Tentacruel
|-start|p2a: Tentacruel|Encore
|
|upkeep
|turn|23
|
|t:|1759052469
|switch|p2a: Skeledirge|Skeledirge, M|54/100
|move|p1a: Primarina|Calm Mind|p1a: Primarina
|-boost|p1a: Primarina|spa|1
|-boost|p1a: Primarina|spd|1
|
|upkeep
|turn|24
|
|t:|1759052476
|move|p2a: Skeledirge|Torch Song|p1a: Primarina
|-supereffective|p1a: Primarina
|-damage|p1a: Primarina|29/100
|-boost|p2a: Skeledirge|spa|1
|move|p1a: Primarina|Surf|p2a: Skeledirge
|-supereffective|p2a: Skeledirge
|-damage|p2a: Skeledirge|0 fnt
|faint|p2a: Skeledirge
|
|upkeep
|
|t:|1759052484
|switch|p2a: Kyurem|Kyurem|100/100
|-ability|p2a: Kyurem|Pressure
|turn|25
|
|t:|1759052488
|move|p2a: Kyurem|Dragon Dance|p2a: Kyurem
|-boost|p2a: Kyurem|atk|1
|-boost|p2a: Kyurem|spe|1
|move|p1a: Primarina|Moonblast|p2a: Kyurem
|-supereffective|p2a: Kyurem
|-damage|p2a: Kyurem|0 fnt
|faint|p2a: Kyurem
|
|upkeep
|
|t:|1759052496
|switch|p2a: Tentacruel|Tentacruel, F|100/100
|turn|26
|
|t:|1759052503
|move|p2a: Tentacruel|Surf|p1a: Primarina
|-damage|p1a: Primarina|18/100
|move|p1a: Primarina|Moonblast|p2a: Tentacruel
|-resisted|p2a: Tentacruel
|-damage|p2a: Tentacruel|62/100
|
|-heal|p2a: Tentacruel|68/100|[from] item: Black Sludge
|upkeep
|turn|27
|-enditem|p1a: Primarina|Custap Berry|[eat]
|-activate|p1a: Primarina|item: Custap Berry|[consumed]
|
|t:|1759052510
|move|p1a: Primarina|Surf|p2a: Tentacruel
|-resisted|p2a: Tentacruel
|-crit|p2a: Tentacruel
|-damage|p2a: Tentacruel|0 fnt
|faint|p2a: Tentacruel
|
|win|CaiusPupus
|raw|CaiusPupus's rating: 1226 &rarr; <strong>1248</strong><br />(+22 for winning)
|raw|ColdWar001's rating: 1185 &rarr; <strong>1163</strong><br />(-22 for losing)
|l|☆ColdWar001
|player|p2|
|l|☆CaiusPupus
|player|p1|
