|badge|p2|silver|gen9ou|30-6
|html|<div class="broadcast-red"><strong>This battle is required to be public due to one or more player having a season medal.</strong><br />During the public phase, you can discuss the state of the ladder <a href="/seasondiscussion">in a special chatroom.</a></div>
|uhtml|medal-msg|<div class="broadcast-blue">Curious what those medals under the avatar are? PS now has Ladder Seasons! For more information, check out the <a href="https://www.smogon.com/forums/threads/3740067/">thread on Smogon.</a></div>
|raw|<div class="broadcast-blue"><strong>This battle is required to be public due to a player having a name starting with 'medal'.</div>
|j|☆hyperpizza100
|j|☆143forever
|t:|1758977362
|gametype|singles
|player|p1|hyperpizza100|pokemonranger-gen4|1669
|player|p2|143forever|red|1972
|gen|9
|tier|[Gen 9] OU
|rated|
|rule|HP Percentage Mod: HP is shown in percentages
|rule|Endless Battle Clause: Forcing endless battles is banned
|rule|Species Clause: Limit one of each Pokémon
|rule|OHKO Clause: OHKO moves are banned
|rule|Evasion Items Clause: Evasion items are banned
|rule|Evasion Moves Clause: Evasion moves are banned
|rule|Evasion Abilities Clause: Evasion abilities are banned
|rule|Sleep Moves Clause: Sleep-inducing moves are banned
|clearpoke
|poke|p1|Ting-Lu|
|poke|p1|Dragonite, M|
|poke|p1|Slowking-Galar, F|
|poke|p1|Zamazenta-*|
|poke|p1|Clefable, M|
|poke|p1|Great Tusk|
|poke|p2|Dondozo, F|
|poke|p2|Blissey, F|
|poke|p2|Corviknight, F|
|poke|p2|Weezing-Galar, M|
|poke|p2|Gliscor, M|
|poke|p2|Toxapex, F|
|teampreview
|
|t:|1758977372
|teamsize|p1|6
|teamsize|p2|6
|start
|switch|p1a: Clefable|Clefable, M|100/100
|switch|p2a: Gliscor|Gliscor, M|100/100
|turn|1
|j| amefurikoneko
|
|t:|1758977393
|move|p2a: Gliscor|Protect|p2a: Gliscor
|-singleturn|p2a: Gliscor|Protect
|move|p1a: Clefable|Stealth Rock|p2a: Gliscor
|-sidestart|p2: 143forever|move: Stealth Rock
|
|-status|p2a: Gliscor|tox|[from] item: Toxic Orb
|upkeep
|turn|2
|inactive|Battle timer is ON: inactive players will automatically lose when time's up. (requested by hyperpizza100)
|
|t:|1758977449
|switch|p1a: Slowking|Slowking-Galar, F|100/100
|move|p2a: Gliscor|Swords Dance|p2a: Gliscor
|-boost|p2a: Gliscor|atk|2
|
|upkeep
|turn|3
|
|t:|1758977458
|switch|p1a: Zamazenta|Zamazenta|100/100
|-ability|p1a: Zamazenta|Dauntless Shield|boost
|-boost|p1a: Zamazenta|def|1
|move|p2a: Gliscor|Earthquake|p1a: Zamazenta
|-damage|p1a: Zamazenta|67/100
|
|upkeep
|turn|4
|
|t:|1758977465
|move|p2a: Gliscor|Protect|p2a: Gliscor
|-singleturn|p2a: Gliscor|Protect
|move|p1a: Zamazenta|Iron Defense|p1a: Zamazenta
|-boost|p1a: Zamazenta|def|2
|
|upkeep
|turn|5
|
|t:|1758977469
|move|p1a: Zamazenta|Body Press|p2a: Gliscor
|-resisted|p2a: Gliscor
|-damage|p2a: Gliscor|60/100 tox
|move|p2a: Gliscor|Knock Off|p1a: Zamazenta
|-resisted|p1a: Zamazenta
|-damage|p1a: Zamazenta|61/100
|-enditem|p1a: Zamazenta|Chesto Berry|[from] move: Knock Off|[of] p2a: Gliscor
|
|-heal|p2a: Gliscor|72/100 tox|[from] ability: Poison Heal
|upkeep
|turn|6
|
|t:|1758977498
|move|p2a: Gliscor|Protect|p2a: Gliscor
|-singleturn|p2a: Gliscor|Protect
|move|p1a: Zamazenta|Body Press|p2a: Gliscor
|-activate|p2a: Gliscor|move: Protect
|
|-heal|p2a: Gliscor|85/100 tox|[from] ability: Poison Heal
|upkeep
|turn|7
|inactive|143forever has 120 seconds left.
|
|t:|1758977515
|switch|p2a: Toxapex|Toxapex, F|100/100
|-damage|p2a: Toxapex|88/100|[from] Stealth Rock
|move|p1a: Zamazenta|Body Press|p2a: Toxapex
|-resisted|p2a: Toxapex
|-damage|p2a: Toxapex|49/100
|
|-heal|p2a: Toxapex|55/100|[from] item: Leftovers
|upkeep
|turn|8
|
|t:|1758977521
|switch|p1a: Slowking|Slowking-Galar, F|100/100
|move|p2a: Toxapex|Toxic|p1a: Slowking
|-immune|p1a: Slowking
|
|-heal|p2a: Toxapex|62/100|[from] item: Leftovers
|upkeep
|turn|9
|
|t:|1758977542
|move|p2a: Toxapex|Toxic Spikes|p1a: Slowking
|-sidestart|p1: hyperpizza100|move: Toxic Spikes
|move|p1a: Slowking|Sludge Bomb|p2a: Toxapex
|-resisted|p2a: Toxapex
|-damage|p2a: Toxapex|49/100
|
|-heal|p2a: Toxapex|55/100|[from] item: Leftovers
|upkeep
|turn|10
|
|t:|1758977551
|switch|p2a: Blissey|Blissey, F|100/100
|-damage|p2a: Blissey|88/100|[from] Stealth Rock
|move|p1a: Slowking|Sludge Bomb|p2a: Blissey
|-damage|p2a: Blissey|76/100
|-status|p2a: Blissey|psn
|
|-heal|p2a: Blissey|82/100 psn|[from] item: Leftovers
|-damage|p2a: Blissey|69/100 psn|[from] psn
|upkeep
|turn|11
|
|t:|1758977557
|move|p2a: Blissey|Stealth Rock|p1a: Slowking
|-sidestart|p1: hyperpizza100|move: Stealth Rock
|move|p1a: Slowking|Psychic Noise|p2a: Blissey
|-damage|p2a: Blissey|58/100 psn
|-start|p2a: Blissey|move: Heal Block
|
|-damage|p2a: Blissey|46/100 psn|[from] psn
|upkeep
|turn|12
|
|t:|1758977572
|-curestatus|p2a: Blissey|psn|[from] ability: Natural Cure
|switch|p2a: Corviknight|Corviknight, F|100/100
|-damage|p2a: Corviknight|88/100|[from] Stealth Rock
|-ability|p2a: Corviknight|Pressure
|switch|p1a: Clefable|Clefable, M|100/100
|-status|p1a: Clefable|psn
|
|-heal|p2a: Corviknight|94/100|[from] item: Leftovers
|upkeep
|turn|13
|
|t:|1758977579
|switch|p2a: Gliscor|Gliscor, M|85/100 tox
|-damage|p2a: Gliscor|72/100 tox|[from] Stealth Rock
|move|p1a: Clefable|Knock Off|p2a: Gliscor
|-damage|p2a: Gliscor|60/100 tox
|-enditem|p2a: Gliscor|Toxic Orb|[from] move: Knock Off|[of] p1a: Clefable
|
|-heal|p2a: Gliscor|72/100 tox|[from] ability: Poison Heal
|upkeep
|turn|14
|
|t:|1758977585
|switch|p1a: Great Tusk|Great Tusk|100/100
|move|p2a: Gliscor|Earthquake|p1a: Great Tusk
|-damage|p1a: Great Tusk|75/100
|
|-heal|p2a: Gliscor|85/100 tox|[from] ability: Poison Heal
|upkeep
|turn|15
|
|t:|1758977590
|move|p2a: Gliscor|Protect|p2a: Gliscor
|-singleturn|p2a: Gliscor|Protect
|move|p1a: Great Tusk|Ice Spinner|p2a: Gliscor
|-activate|p2a: Gliscor|move: Protect
|
|-heal|p2a: Gliscor|97/100 tox|[from] ability: Poison Heal
|upkeep
|turn|16
|
|t:|1758977593
|switch|p2a: Corviknight|Corviknight, F|94/100
|-damage|p2a: Corviknight|82/100|[from] Stealth Rock
|-ability|p2a: Corviknight|Pressure
|move|p1a: Great Tusk|Ice Spinner|p2a: Corviknight
|-damage|p2a: Corviknight|66/100
|
|-heal|p2a: Corviknight|72/100|[from] item: Leftovers
|upkeep
|turn|17
|j| cryyysneasel
|
|t:|1758977600
|move|p1a: Great Tusk|Rapid Spin|p2a: Corviknight
|-resisted|p2a: Corviknight
|-damage|p2a: Corviknight|67/100
|-boost|p1a: Great Tusk|spe|1
|-sideend|p1: hyperpizza100|Toxic Spikes|[from] move: Rapid Spin|[of] p1a: Great Tusk
|-sideend|p1: hyperpizza100|Stealth Rock|[from] move: Rapid Spin|[of] p1a: Great Tusk
|move|p2a: Corviknight|Body Press|p1a: Great Tusk
|-crit|p1a: Great Tusk
|-damage|p1a: Great Tusk|47/100
|
|-heal|p2a: Corviknight|73/100|[from] item: Leftovers
|upkeep
|turn|18
|
|t:|1758977609
|-end|p1a: Great Tusk|Protosynthesis|[silent]
|switch|p1a: Slowking|Slowking-Galar, F|100/100
|move|p2a: Corviknight|Defog|p1a: Slowking
|-unboost|p1a: Slowking|evasion|1
|-sideend|p2: 143forever|Stealth Rock|[from] move: Defog|[of] p2a: Corviknight
|
|-heal|p2a: Corviknight|80/100|[from] item: Leftovers
|upkeep
|turn|19
|
|t:|1758977613
|switch|p2a: Blissey|Blissey, F|46/100
|move|p1a: Slowking|Psychic Noise|p2a: Blissey
|-damage|p2a: Blissey|35/100
|-start|p2a: Blissey|move: Heal Block
|
|upkeep
|turn|20
|
|t:|1758977616
|switch|p1a: Clefable|Clefable, M|100/100 psn
|move|p2a: Blissey|Calm Mind|p2a: Blissey
|-boost|p2a: Blissey|spa|1
|-boost|p2a: Blissey|spd|1
|
|-end|p2a: Blissey|move: Heal Block
|upkeep
|turn|21
|
|t:|1758977619
|switch|p2a: Weezing|Weezing-Galar, M|100/100
|-ability|p2a: Weezing|Neutralizing Gas
|move|p1a: Clefable|Knock Off|p2a: Weezing
|-resisted|p2a: Weezing
|-damage|p2a: Weezing|96/100
|-enditem|p2a: Weezing|Heavy-Duty Boots|[from] move: Knock Off|[of] p1a: Clefable
|
|-damage|p1a: Clefable|88/100 psn|[from] psn
|upkeep
|turn|22
|
|t:|1758977625
|move|p1a: Clefable|Stealth Rock|p2a: Weezing
|-sidestart|p2: 143forever|move: Stealth Rock
|move|p2a: Weezing|Will-O-Wisp|p1a: Clefable|[miss]
|-miss|p2a: Weezing|p1a: Clefable
|
|-damage|p1a: Clefable|76/100 psn|[from] psn
|upkeep
|turn|23
|j| gengar's style
|
|t:|1758977641
|switch|p1a: Slowking|Slowking-Galar, F|100/100
|move|p2a: Weezing|Defog|p1a: Slowking
|-unboost|p1a: Slowking|evasion|1
|-sideend|p2: 143forever|Stealth Rock|[from] move: Defog|[of] p2a: Weezing
|
|upkeep
|turn|24
|
|t:|1758977645
|-end|p2a: Weezing|ability: Neutralizing Gas
|switch|p2a: Corviknight|Corviknight, F|80/100
|-ability|p2a: Corviknight|Pressure
|move|p1a: Slowking|Psychic Noise|p2a: Corviknight
|-resisted|p2a: Corviknight
|-damage|p2a: Corviknight|62/100
|-start|p2a: Corviknight|move: Heal Block
|
|upkeep
|turn|25
|
|t:|1758977649
|switch|p2a: Blissey|Blissey, F|35/100
|move|p1a: Slowking|Psychic Noise|p2a: Blissey
|-damage|p2a: Blissey|23/100
|-start|p2a: Blissey|move: Heal Block
|
|upkeep
|turn|26
|
|t:|1758977653
|switch|p1a: Clefable|Clefable, M|76/100 psn
|move|p2a: Blissey|Stealth Rock|p1a: Clefable
|-sidestart|p1: hyperpizza100|move: Stealth Rock
|
|-end|p2a: Blissey|move: Heal Block
|upkeep
|turn|27
|
|t:|1758977658
|move|p1a: Clefable|Knock Off|p2a: Blissey
|-damage|p2a: Blissey|6/100
|-enditem|p2a: Blissey|Leftovers|[from] move: Knock Off|[of] p1a: Clefable
|move|p2a: Blissey|Soft-Boiled|p2a: Blissey
|-heal|p2a: Blissey|56/100
|
|upkeep
|turn|28
|
|t:|1758977662
|move|p1a: Clefable|Stealth Rock|p2a: Blissey
|-sidestart|p2: 143forever|move: Stealth Rock
|move|p2a: Blissey|Soft-Boiled|p2a: Blissey
|-heal|p2a: Blissey|100/100
|
|upkeep
|turn|29
|
|t:|1758977666
|move|p1a: Clefable|Moonblast|p2a: Blissey
|-damage|p2a: Blissey|91/100
|move|p2a: Blissey|Seismic Toss|p1a: Clefable
|-damage|p1a: Clefable|50/100 psn
|-damage|p2a: Blissey|75/100|[from] item: Rocky Helmet|[of] p1a: Clefable
|
|upkeep
|turn|30
|
|t:|1758977674
|move|p1a: Clefable|Moonblast|p2a: Blissey
|-damage|p2a: Blissey|65/100
|move|p2a: Blissey|Seismic Toss|p1a: Clefable
|-damage|p1a: Clefable|25/100 psn
|-damage|p2a: Blissey|49/100|[from] item: Rocky Helmet|[of] p1a: Clefable
|
|upkeep
|turn|31
|j| Lario
|
|t:|1758977677
|move|p1a: Clefable|Moonlight|p1a: Clefable
|-heal|p1a: Clefable|75/100 psn
|move|p2a: Blissey|Soft-Boiled|p2a: Blissey
|-heal|p2a: Blissey|99/100
|
|upkeep
|turn|32
|
|t:|1758977683
|switch|p2a: Gliscor|Gliscor, M|97/100 tox
|-damage|p2a: Gliscor|85/100 tox|[from] Stealth Rock
|move|p1a: Clefable|Moonblast|p2a: Gliscor
|-damage|p2a: Gliscor|51/100 tox
|
|-heal|p2a: Gliscor|63/100 tox|[from] ability: Poison Heal
|upkeep
|turn|33
|
|t:|1758977689
|switch|p1a: Great Tusk|Great Tusk|47/100
|move|p2a: Gliscor|Knock Off|p1a: Great Tusk
|-resisted|p1a: Great Tusk
|-damage|p1a: Great Tusk|40/100
|-enditem|p1a: Great Tusk|Heavy-Duty Boots|[from] move: Knock Off|[of] p2a: Gliscor
|
|-heal|p2a: Gliscor|76/100 tox|[from] ability: Poison Heal
|upkeep
|turn|34
|
|t:|1758977699
|move|p2a: Gliscor|Protect|p2a: Gliscor
|-singleturn|p2a: Gliscor|Protect
|move|p1a: Great Tusk|Bulk Up|p1a: Great Tusk
|-boost|p1a: Great Tusk|atk|1
|-boost|p1a: Great Tusk|def|1
|
|-heal|p2a: Gliscor|88/100 tox|[from] ability: Poison Heal
|upkeep
|turn|35
|
|t:|1758977705
|switch|p2a: Corviknight|Corviknight, F|62/100
|-damage|p2a: Corviknight|49/100|[from] Stealth Rock
|-ability|p2a: Corviknight|Pressure
|move|p1a: Great Tusk|Rapid Spin|p2a: Corviknight
|-resisted|p2a: Corviknight
|-damage|p2a: Corviknight|41/100
|-boost|p1a: Great Tusk|spe|1
|-sideend|p1: hyperpizza100|Stealth Rock|[from] move: Rapid Spin|[of] p1a: Great Tusk
|
|-heal|p2a: Corviknight|48/100|[from] item: Leftovers
|upkeep
|turn|36
|
|t:|1758977711
|-end|p1a: Great Tusk|Protosynthesis|[silent]
|switch|p1a: Slowking|Slowking-Galar, F|100/100
|move|p2a: Corviknight|Roost|p2a: Corviknight
|-heal|p2a: Corviknight|98/100
|-singleturn|p2a: Corviknight|move: Roost
|
|-heal|p2a: Corviknight|100/100|[from] item: Leftovers
|upkeep
|turn|37
|
|t:|1758977718
|move|p2a: Corviknight|Defog|p1a: Slowking
|-unboost|p1a: Slowking|evasion|1
|-sideend|p2: 143forever|Stealth Rock|[from] move: Defog|[of] p2a: Corviknight
|move|p1a: Slowking|Flamethrower|p2a: Corviknight
|-supereffective|p2a: Corviknight
|-damage|p2a: Corviknight|43/100
|
|-heal|p2a: Corviknight|50/100|[from] item: Leftovers
|upkeep
|turn|38
|
|t:|1758977723
|switch|p2a: Blissey|Blissey, F|99/100
|move|p1a: Slowking|Flamethrower|p2a: Blissey
|-damage|p2a: Blissey|89/100
|
|upkeep
|turn|39
|
|t:|1758977726
|move|p2a: Blissey|Stealth Rock|p1a: Slowking
|-sidestart|p1: hyperpizza100|move: Stealth Rock
|move|p1a: Slowking|Sludge Bomb|p2a: Blissey
|-damage|p2a: Blissey|77/100
|
|upkeep
|turn|40
|
|t:|1758977729
|move|p2a: Blissey|Seismic Toss|p1a: Slowking
|-damage|p1a: Slowking|75/100
|move|p1a: Slowking|Ice Beam|p2a: Blissey
|-damage|p2a: Blissey|68/100
|-status|p2a: Blissey|frz
|
|upkeep
|turn|41
|
|t:|1758977743
|-curestatus|p2a: Blissey|frz|[from] ability: Natural Cure
|switch|p2a: Toxapex|Toxapex, F|89/100
|move|p1a: Slowking|Psychic Noise|p2a: Toxapex
|-supereffective|p2a: Toxapex
|-damage|p2a: Toxapex|47/100
|-start|p2a: Toxapex|move: Heal Block
|
|upkeep
|turn|42
|
|t:|1758977747
|switch|p2a: Blissey|Blissey, F|68/100
|move|p1a: Slowking|Sludge Bomb|p2a: Blissey
|-damage|p2a: Blissey|55/100
|
|upkeep
|turn|43
|
|t:|1758977751
|move|p2a: Blissey|Soft-Boiled|p2a: Blissey
|-heal|p2a: Blissey|100/100
|move|p1a: Slowking|Sludge Bomb|p2a: Blissey
|-damage|p2a: Blissey|88/100
|
|upkeep
|turn|44
|l| gengar's style
|
|t:|1758977773
|move|p2a: Blissey|Seismic Toss|p1a: Slowking
|-damage|p1a: Slowking|50/100
|move|p1a: Slowking|Sludge Bomb|p2a: Blissey
|-damage|p2a: Blissey|75/100
|-status|p2a: Blissey|psn
|
|-damage|p2a: Blissey|62/100 psn|[from] psn
|upkeep
|turn|45
|
|t:|1758977778
|move|p2a: Blissey|Soft-Boiled|p2a: Blissey
|-heal|p2a: Blissey|100/100 psn
|move|p1a: Slowking|Flamethrower|p2a: Blissey
|-damage|p2a: Blissey|93/100 psn
|
|-damage|p2a: Blissey|80/100 psn|[from] psn
|upkeep
|turn|46
|
|t:|1758977788
|-curestatus|p2a: Blissey|psn|[from] ability: Natural Cure
|switch|p2a: Toxapex|Toxapex, F|80/100
|move|p1a: Slowking|Flamethrower|p2a: Toxapex
|-resisted|p2a: Toxapex
|-crit|p2a: Toxapex
|-damage|p2a: Toxapex|67/100
|
|-heal|p2a: Toxapex|74/100|[from] item: Leftovers
|upkeep
|turn|47
|
|t:|1758977803
|move|p2a: Toxapex|Recover|p2a: Toxapex
|-heal|p2a: Toxapex|100/100
|move|p1a: Slowking|Psychic Noise|p2a: Toxapex
|-supereffective|p2a: Toxapex
|-damage|p2a: Toxapex|54/100
|-start|p2a: Toxapex|move: Heal Block
|
|upkeep
|turn|48
|
|t:|1758977809
|switch|p2a: Blissey|Blissey, F|80/100
|switch|p1a: Clefable|Clefable, M|75/100 psn
|
|upkeep
|turn|49
|
|t:|1758977818
|switch|p2a: Gliscor|Gliscor, M|88/100 tox
|move|p1a: Clefable|Stealth Rock|p2a: Gliscor
|-sidestart|p2: 143forever|move: Stealth Rock
|
|-heal|p2a: Gliscor|100/100 tox|[from] ability: Poison Heal
|upkeep
|turn|50
|
|t:|1758977824
|switch|p1a: Ting-Lu|Ting-Lu|100/100
|-damage|p1a: Ting-Lu|94/100|[from] Stealth Rock
|-ability|p1a: Ting-Lu|Vessel of Ruin
|move|p2a: Gliscor|Swords Dance|p2a: Gliscor
|-boost|p2a: Gliscor|atk|2
|
|-heal|p1a: Ting-Lu|100/100|[from] item: Leftovers
|upkeep
|turn|51
|
|t:|1758977827
|move|p2a: Gliscor|Knock Off|p1a: Ting-Lu
|-resisted|p1a: Ting-Lu
|-damage|p1a: Ting-Lu|88/100
|-enditem|p1a: Ting-Lu|Leftovers|[from] move: Knock Off|[of] p2a: Gliscor
|move|p1a: Ting-Lu|Ruination|p2a: Gliscor
|-damage|p2a: Gliscor|50/100 tox
|
|-heal|p2a: Gliscor|63/100 tox|[from] ability: Poison Heal
|upkeep
|turn|52
|
|t:|1758977831
|move|p2a: Gliscor|Earthquake|p1a: Ting-Lu
|-damage|p1a: Ting-Lu|51/100
|move|p1a: Ting-Lu|Whirlwind|p2a: Gliscor
|drag|p2a: Dondozo|Dondozo, F|100/100
|-damage|p2a: Dondozo|88/100|[from] Stealth Rock
|
|-heal|p2a: Dondozo|94/100|[from] item: Leftovers
|upkeep
|turn|53
|
|t:|1758977838
|move|p2a: Dondozo|Body Press|p1a: Ting-Lu
|-supereffective|p1a: Ting-Lu
|-crit|p1a: Ting-Lu
|-damage|p1a: Ting-Lu|2/100
|move|p1a: Ting-Lu|Whirlwind|p2a: Dondozo
|drag|p2a: Toxapex|Toxapex, F|88/100
|-damage|p2a: Toxapex|75/100|[from] Stealth Rock
|
|-heal|p2a: Toxapex|81/100|[from] item: Leftovers
|upkeep
|turn|54
|
|t:|1758977843
|switch|p2a: Weezing|Weezing-Galar, M|96/100
|-ability|p2a: Weezing|Neutralizing Gas
|-damage|p2a: Weezing|84/100|[from] Stealth Rock
|move|p1a: Ting-Lu|Spikes|p2a: Weezing
|-sidestart|p2: 143forever|Spikes
|
|upkeep
|turn|55
|
|t:|1758977846
|move|p2a: Weezing|Defog|p1a: Ting-Lu
|-unboost|p1a: Ting-Lu|evasion|1
|-sideend|p1: hyperpizza100|Stealth Rock|[from] move: Defog|[of] p2a: Weezing
|-sideend|p2: 143forever|Spikes|[from] move: Defog|[of] p2a: Weezing
|-sideend|p2: 143forever|Stealth Rock|[from] move: Defog|[of] p2a: Weezing
|move|p1a: Ting-Lu|Earthquake|p2a: Weezing
|-supereffective|p2a: Weezing
|-damage|p2a: Weezing|33/100
|
|upkeep
|turn|56
|
|t:|1758977850
|switch|p1a: Slowking|Slowking-Galar, F|83/100
|move|p2a: Weezing|Sludge Bomb|p1a: Slowking
|-resisted|p1a: Slowking
|-damage|p1a: Slowking|76/100
|
|upkeep
|turn|57
|
|t:|1758977853
|-end|p2a: Weezing|ability: Neutralizing Gas
|switch|p2a: Blissey|Blissey, F|80/100
|switch|p1a: Ting-Lu|Ting-Lu|2/100
|-ability|p1a: Ting-Lu|Vessel of Ruin
|
|upkeep
|turn|58
|
|t:|1758977857
|switch|p1a: Clefable|Clefable, M|75/100 psn
|move|p2a: Blissey|Seismic Toss|p1a: Clefable
|-damage|p1a: Clefable|49/100 psn
|-damage|p2a: Blissey|64/100|[from] item: Rocky Helmet|[of] p1a: Clefable
|
|upkeep
|turn|59
|l| cryyysneasel
|
|t:|1758977864
|switch|p2a: Weezing|Weezing-Galar, M|33/100
|-ability|p2a: Weezing|Neutralizing Gas
|move|p1a: Clefable|Moonblast|p2a: Weezing
|-resisted|p2a: Weezing
|-damage|p2a: Weezing|10/100
|
|-damage|p1a: Clefable|37/100 psn|[from] psn
|upkeep
|turn|60
|
|t:|1758977868
|move|p1a: Clefable|Moonblast|p2a: Weezing
|-resisted|p2a: Weezing
|-damage|p2a: Weezing|0 fnt
|faint|p2a: Weezing
|-end|p2a: Weezing|ability: Neutralizing Gas
|
|upkeep
|
|t:|1758977872
|switch|p2a: Corviknight|Corviknight, F|50/100
|-ability|p2a: Corviknight|Pressure
|turn|61
|
|t:|1758977877
|move|p2a: Corviknight|Roost|p2a: Corviknight
|-heal|p2a: Corviknight|99/100
|-singleturn|p2a: Corviknight|move: Roost
|move|p1a: Clefable|Moonlight|p1a: Clefable
|-heal|p1a: Clefable|87/100 psn
|
|-heal|p2a: Corviknight|100/100|[from] item: Leftovers
|upkeep
|turn|62
|
|t:|1758977880
|move|p2a: Corviknight|Iron Defense|p2a: Corviknight
|-boost|p2a: Corviknight|def|2
|move|p1a: Clefable|Moonblast|p2a: Corviknight
|-resisted|p2a: Corviknight
|-damage|p2a: Corviknight|84/100
|
|-heal|p2a: Corviknight|90/100|[from] item: Leftovers
|upkeep
|turn|63
|
|t:|1758977885
|move|p2a: Corviknight|Iron Defense|p2a: Corviknight
|-boost|p2a: Corviknight|def|2
|move|p1a: Clefable|Moonblast|p2a: Corviknight
|-resisted|p2a: Corviknight
|-damage|p2a: Corviknight|75/100
|
|-heal|p2a: Corviknight|81/100|[from] item: Leftovers
|upkeep
|turn|64
|
|t:|1758977887
|move|p2a: Corviknight|Iron Defense|p2a: Corviknight
|-boost|p2a: Corviknight|def|2
|move|p1a: Clefable|Knock Off|p2a: Corviknight
|-damage|p2a: Corviknight|78/100
|-enditem|p2a: Corviknight|Leftovers|[from] move: Knock Off|[of] p1a: Clefable
|
|upkeep
|turn|65
|
|t:|1758977896
|move|p2a: Corviknight|Body Press|p1a: Clefable
|-resisted|p1a: Clefable
|-crit|p1a: Clefable
|-damage|p1a: Clefable|31/100 psn
|-damage|p2a: Corviknight|62/100|[from] item: Rocky Helmet|[of] p1a: Clefable
|move|p1a: Clefable|Moonblast|p2a: Corviknight
|-resisted|p2a: Corviknight
|-damage|p2a: Corviknight|46/100
|
|upkeep
|turn|66
|
|t:|1758977902
|move|p2a: Corviknight|Roost|p2a: Corviknight
|-heal|p2a: Corviknight|96/100
|-singleturn|p2a: Corviknight|move: Roost
|move|p1a: Clefable|Moonlight|p1a: Clefable
|-heal|p1a: Clefable|81/100 psn
|
|upkeep
|turn|67
|
|t:|1758977904
|switch|p1a: Slowking|Slowking-Galar, F|100/100
|move|p2a: Corviknight|Body Press|p1a: Slowking
|-resisted|p1a: Slowking
|-damage|p1a: Slowking|75/100
|
|upkeep
|turn|68
|
|t:|1758977910
|switch|p2a: Blissey|Blissey, F|64/100
|move|p1a: Slowking|Flamethrower|p2a: Blissey
|-damage|p2a: Blissey|55/100
|
|upkeep
|turn|69
|
|t:|1758977914
|move|p2a: Blissey|Soft-Boiled|p2a: Blissey
|-heal|p2a: Blissey|100/100
|move|p1a: Slowking|Sludge Bomb|p2a: Blissey
|-damage|p2a: Blissey|87/100
|
|upkeep
|turn|70
|
|t:|1758977918
|move|p2a: Blissey|Stealth Rock|p1a: Slowking
|-sidestart|p1: hyperpizza100|move: Stealth Rock
|move|p1a: Slowking|Ice Beam|p2a: Blissey
|-damage|p2a: Blissey|78/100
|
|upkeep
|turn|71
|
|t:|1758977925
|switch|p2a: Toxapex|Toxapex, F|100/100
|move|p1a: Slowking|Ice Beam|p2a: Toxapex
|-resisted|p2a: Toxapex
|-damage|p2a: Toxapex|92/100
|
|-heal|p2a: Toxapex|99/100|[from] item: Leftovers
|upkeep
|turn|72
|
|t:|1758977932
|move|p2a: Toxapex|Toxic Spikes|p1a: Slowking
|-sidestart|p1: hyperpizza100|move: Toxic Spikes
|move|p1a: Slowking|Ice Beam|p2a: Toxapex
|-resisted|p2a: Toxapex
|-damage|p2a: Toxapex|90/100
|
|-heal|p2a: Toxapex|96/100|[from] item: Leftovers
|upkeep
|turn|73
|
|t:|1758977935
|switch|p1a: Clefable|Clefable, M|81/100 psn
|move|p2a: Toxapex|Toxic Spikes|p1a: Clefable
|-sidestart|p1: hyperpizza100|move: Toxic Spikes
|
|-heal|p2a: Toxapex|100/100|[from] item: Leftovers
|upkeep
|turn|74
|
|t:|1758977938
|switch|p2a: Corviknight|Corviknight, F|96/100
|-ability|p2a: Corviknight|Pressure
|move|p1a: Clefable|Moonblast|p2a: Corviknight
|-resisted|p2a: Corviknight
|-damage|p2a: Corviknight|82/100
|-unboost|p2a: Corviknight|spa|1
|
|upkeep
|turn|75
|
|t:|1758977943
|move|p2a: Corviknight|Iron Defense|p2a: Corviknight
|-boost|p2a: Corviknight|def|2
|move|p1a: Clefable|Stealth Rock|p2a: Corviknight
|-sidestart|p2: 143forever|move: Stealth Rock
|
|upkeep
|turn|76
|
|t:|1758977946
|switch|p1a: Slowking|Slowking-Galar, F|100/100
|-damage|p1a: Slowking|88/100|[from] Stealth Rock
|-sideend|p1: hyperpizza100|move: Toxic Spikes|[of] p1a: Slowking
|move|p2a: Corviknight|Defog|p1a: Slowking
|-unboost|p1a: Slowking|evasion|1
|-sideend|p1: hyperpizza100|Stealth Rock|[from] move: Defog|[of] p2a: Corviknight
|-sideend|p2: 143forever|Stealth Rock|[from] move: Defog|[of] p2a: Corviknight
|
|upkeep
|turn|77
|
|t:|1758977957
|switch|p2a: Toxapex|Toxapex, F|100/100
|switch|p1a: Ting-Lu|Ting-Lu|2/100
|-ability|p1a: Ting-Lu|Vessel of Ruin
|
|upkeep
|turn|78
|
|t:|1758977962
|move|p1a: Ting-Lu|Spikes|p2a: Toxapex
|-sidestart|p2: 143forever|Spikes
|move|p2a: Toxapex|Toxic|p1a: Ting-Lu
|-status|p1a: Ting-Lu|tox
|
|-damage|p1a: Ting-Lu|0 fnt|[from] psn
|faint|p1a: Ting-Lu
|upkeep
|
|t:|1758977970
|switch|p1a: Slowking|Slowking-Galar, F|100/100
|turn|79
|
|t:|1758977975
|move|p2a: Toxapex|Toxic Spikes|p1a: Slowking
|-sidestart|p1: hyperpizza100|move: Toxic Spikes
|move|p1a: Slowking|Psychic Noise|p2a: Toxapex
|-supereffective|p2a: Toxapex
|-damage|p2a: Toxapex|57/100
|-start|p2a: Toxapex|move: Heal Block
|
|upkeep
|turn|80
|
|t:|1758977978
|switch|p2a: Blissey|Blissey, F|78/100
|-damage|p2a: Blissey|66/100|[from] Spikes
|move|p1a: Slowking|Flamethrower|p2a: Blissey
|-damage|p2a: Blissey|58/100
|
|upkeep
|turn|81
|
|t:|1758977984
|move|p2a: Blissey|Soft-Boiled|p2a: Blissey
|-heal|p2a: Blissey|100/100
|move|p1a: Slowking|Flamethrower|p2a: Blissey
|-damage|p2a: Blissey|91/100
|
|upkeep
|turn|82
|
|t:|1758977987
|move|p2a: Blissey|Stealth Rock|p1a: Slowking
|-sidestart|p1: hyperpizza100|move: Stealth Rock
|move|p1a: Slowking|Sludge Bomb|p2a: Blissey
|-damage|p2a: Blissey|80/100
|
|upkeep
|turn|83
|
|t:|1758977991
|move|p2a: Blissey|Seismic Toss|p1a: Slowking
|-damage|p1a: Slowking|75/100
|move|p1a: Slowking|Sludge Bomb|p2a: Blissey
|-damage|p2a: Blissey|68/100
|
|upkeep
|turn|84
|
|t:|1758977994
|switch|p1a: Clefable|Clefable, M|81/100 psn
|move|p2a: Blissey|Seismic Toss|p1a: Clefable
|-damage|p1a: Clefable|56/100 psn
|-damage|p2a: Blissey|52/100|[from] item: Rocky Helmet|[of] p1a: Clefable
|
|upkeep
|turn|85
|
|t:|1758977998
|switch|p1a: Slowking|Slowking-Galar, F|100/100
|-sideend|p1: hyperpizza100|move: Toxic Spikes|[of] p1a: Slowking
|-damage|p1a: Slowking|88/100|[from] Stealth Rock
|switch|p2a: Corviknight|Corviknight, F|82/100
|-ability|p2a: Corviknight|Pressure
|
|upkeep
|turn|86
|
|t:|1758978003
|move|p2a: Corviknight|Defog|p1a: Slowking
|-unboost|p1a: Slowking|evasion|1
|-sideend|p1: hyperpizza100|Stealth Rock|[from] move: Defog|[of] p2a: Corviknight
|-sideend|p2: 143forever|Spikes|[from] move: Defog|[of] p2a: Corviknight
|move|p1a: Slowking|Psychic Noise|p2a: Corviknight
|-resisted|p2a: Corviknight
|-damage|p2a: Corviknight|66/100
|-start|p2a: Corviknight|move: Heal Block
|
|upkeep
|turn|87
|
|t:|1758978007
|switch|p2a: Toxapex|Toxapex, F|90/100
|move|p1a: Slowking|Psychic Noise|p2a: Toxapex
|-supereffective|p2a: Toxapex
|-damage|p2a: Toxapex|41/100
|-start|p2a: Toxapex|move: Heal Block
|
|upkeep
|turn|88
|
|t:|1758978012
|switch|p2a: Blissey|Blissey, F|52/100
|move|p1a: Slowking|Sludge Bomb|p2a: Blissey
|-damage|p2a: Blissey|40/100
|-status|p2a: Blissey|psn
|
|-damage|p2a: Blissey|27/100 psn|[from] psn
|upkeep
|turn|89
|
|t:|1758978018
|move|p2a: Blissey|Soft-Boiled|p2a: Blissey
|-heal|p2a: Blissey|77/100 psn
|move|p1a: Slowking|Ice Beam|p2a: Blissey
|-crit|p2a: Blissey
|-damage|p2a: Blissey|64/100 psn
|
|-damage|p2a: Blissey|51/100 psn|[from] psn
|upkeep
|turn|90
|
|t:|1758978026
|-curestatus|p2a: Blissey|psn|[from] ability: Natural Cure
|switch|p2a: Toxapex|Toxapex, F|74/100
|move|p1a: Slowking|Psychic Noise|p2a: Toxapex
|-supereffective|p2a: Toxapex
|-damage|p2a: Toxapex|31/100
|-start|p2a: Toxapex|move: Heal Block
|
|upkeep
|turn|91
|
|t:|1758978031
|switch|p2a: Blissey|Blissey, F|51/100
|move|p1a: Slowking|Flamethrower|p2a: Blissey
|-damage|p2a: Blissey|43/100
|
|upkeep
|turn|92
|
|t:|1758978035
|switch|p2a: Toxapex|Toxapex, F|64/100
|move|p1a: Slowking|Ice Beam|p2a: Toxapex
|-resisted|p2a: Toxapex
|-damage|p2a: Toxapex|55/100
|
|-heal|p2a: Toxapex|61/100|[from] item: Leftovers
|upkeep
|turn|93
|
|t:|1758978040
|move|p2a: Toxapex|Recover|p2a: Toxapex
|-heal|p2a: Toxapex|100/100
|move|p1a: Slowking|Ice Beam|p2a: Toxapex
|-resisted|p2a: Toxapex
|-damage|p2a: Toxapex|91/100
|
|-heal|p2a: Toxapex|98/100|[from] item: Leftovers
|upkeep
|turn|94
|
|t:|1758978044
|move|p2a: Toxapex|Toxic Spikes|p1a: Slowking
|-sidestart|p1: hyperpizza100|move: Toxic Spikes
|move|p1a: Slowking|Ice Beam|p2a: Toxapex
|-resisted|p2a: Toxapex
|-damage|p2a: Toxapex|88/100
|
|-heal|p2a: Toxapex|95/100|[from] item: Leftovers
|upkeep
|turn|95
|l| Lario
|
|t:|1758978048
|move|p2a: Toxapex|Toxic Spikes|p1a: Slowking
|-sidestart|p1: hyperpizza100|move: Toxic Spikes
|move|p1a: Slowking|Flamethrower|p2a: Toxapex
|-resisted|p2a: Toxapex
|-damage|p2a: Toxapex|86/100
|
|-heal|p2a: Toxapex|92/100|[from] item: Leftovers
|upkeep
|turn|96
|
|t:|1758978051
|move|p2a: Toxapex|Toxic Spikes||[still]
|-fail|p2a: Toxapex
|move|p1a: Slowking|Flamethrower|p2a: Toxapex
|-resisted|p2a: Toxapex
|-damage|p2a: Toxapex|84/100
|
|-heal|p2a: Toxapex|90/100|[from] item: Leftovers
|upkeep
|turn|97
|
|t:|1758978056
|move|p2a: Toxapex|Toxic Spikes||[still]
|-fail|p2a: Toxapex
|move|p1a: Slowking|Flamethrower|p2a: Toxapex
|-resisted|p2a: Toxapex
|-damage|p2a: Toxapex|81/100
|-status|p2a: Toxapex|brn
|
|-heal|p2a: Toxapex|87/100 brn|[from] item: Leftovers
|-damage|p2a: Toxapex|81/100 brn|[from] brn
|upkeep
|turn|98
|
|t:|1758978069
|move|p2a: Toxapex|Recover|p2a: Toxapex
|-heal|p2a: Toxapex|100/100 brn
|move|p1a: Slowking|Flamethrower|p2a: Toxapex
|-resisted|p2a: Toxapex
|-damage|p2a: Toxapex|92/100 brn
|
|-heal|p2a: Toxapex|98/100 brn|[from] item: Leftovers
|-damage|p2a: Toxapex|92/100 brn|[from] brn
|upkeep
|turn|99
|j| gengar's style
|
|t:|1758978074
|switch|p1a: Clefable|Clefable, M|56/100 psn
|move|p2a: Toxapex|Toxic Spikes||[still]
|-fail|p2a: Toxapex
|
|-heal|p2a: Toxapex|98/100 brn|[from] item: Leftovers
|-damage|p2a: Toxapex|92/100 brn|[from] brn
|upkeep
|turn|100
|
|t:|1758978077
|switch|p2a: Corviknight|Corviknight, F|66/100
|-ability|p2a: Corviknight|Pressure
|move|p1a: Clefable|Moonlight|p1a: Clefable
|-heal|p1a: Clefable|100/100 psn
|
|upkeep
|turn|101
|
|t:|1758978080
|move|p2a: Corviknight|Roost|p2a: Corviknight
|-heal|p2a: Corviknight|100/100
|-singleturn|p2a: Corviknight|move: Roost
|move|p1a: Clefable|Stealth Rock|p2a: Corviknight
|-sidestart|p2: 143forever|move: Stealth Rock
|
|upkeep
|turn|102
|
|t:|1758978085
|switch|p1a: Slowking|Slowking-Galar, F|100/100
|-sideend|p1: hyperpizza100|move: Toxic Spikes|[of] p1a: Slowking
|move|p2a: Corviknight|Defog|p1a: Slowking
|-unboost|p1a: Slowking|evasion|1
|-sideend|p2: 143forever|Stealth Rock|[from] move: Defog|[of] p2a: Corviknight
|
|upkeep
|turn|103
|
|t:|1758978089
|switch|p2a: Toxapex|Toxapex, F|100/100 brn
|switch|p1a: Clefable|Clefable, M|100/100 psn
|
|-damage|p2a: Toxapex|94/100 brn|[from] brn
|upkeep
|turn|104
|
|t:|1758978094
|switch|p2a: Corviknight|Corviknight, F|100/100
|-ability|p2a: Corviknight|Pressure
|move|p1a: Clefable|Knock Off|p2a: Corviknight
|-damage|p2a: Corviknight|94/100
|
|upkeep
|turn|105
|
|t:|1758978097
|move|p2a: Corviknight|Iron Defense|p2a: Corviknight
|-boost|p2a: Corviknight|def|2
|move|p1a: Clefable|Stealth Rock|p2a: Corviknight
|-sidestart|p2: 143forever|move: Stealth Rock
|
|upkeep
|turn|106
|
|t:|1758978102
|move|p2a: Corviknight|Defog|p1a: Clefable
|-unboost|p1a: Clefable|evasion|1
|-sideend|p2: 143forever|Stealth Rock|[from] move: Defog|[of] p2a: Corviknight
|move|p1a: Clefable|Knock Off|p2a: Corviknight
|-damage|p2a: Corviknight|91/100
|
|upkeep
|turn|107
|
|t:|1758978109
|move|p2a: Corviknight|Iron Defense|p2a: Corviknight
|-boost|p2a: Corviknight|def|2
|move|p1a: Clefable|Knock Off|p2a: Corviknight
|-damage|p2a: Corviknight|89/100
|
|upkeep
|turn|108
|
|t:|1758978113
|move|p2a: Corviknight|Body Press|p1a: Clefable
|-resisted|p1a: Clefable
|-damage|p1a: Clefable|70/100 psn
|-damage|p2a: Corviknight|72/100|[from] item: Rocky Helmet|[of] p1a: Clefable
|move|p1a: Clefable|Stealth Rock|p2a: Corviknight
|-sidestart|p2: 143forever|move: Stealth Rock
|
|upkeep
|turn|109
|
|t:|1758978117
|switch|p1a: Slowking|Slowking-Galar, F|100/100
|move|p2a: Corviknight|Defog|p1a: Slowking
|-unboost|p1a: Slowking|evasion|1
|-sideend|p2: 143forever|Stealth Rock|[from] move: Defog|[of] p2a: Corviknight
|
|upkeep
|turn|110
|
|t:|1758978123
|switch|p2a: Toxapex|Toxapex, F|100/100 brn
|switch|p1a: Clefable|Clefable, M|70/100 psn
|
|-damage|p2a: Toxapex|94/100 brn|[from] brn
|upkeep
|turn|111
|
|t:|1758978126
|switch|p2a: Corviknight|Corviknight, F|72/100
|-ability|p2a: Corviknight|Pressure
|move|p1a: Clefable|Stealth Rock|p2a: Corviknight
|-sidestart|p2: 143forever|move: Stealth Rock
|
|upkeep
|turn|112
|
|t:|1758978129
|move|p2a: Corviknight|Defog|p1a: Clefable
|-unboost|p1a: Clefable|evasion|1
|-sideend|p2: 143forever|Stealth Rock|[from] move: Defog|[of] p2a: Corviknight
|move|p1a: Clefable|Knock Off|p2a: Corviknight
|-damage|p2a: Corviknight|66/100
|
|upkeep
|turn|113
|
|t:|1758978133
|move|p2a: Corviknight|Iron Defense|p2a: Corviknight
|-boost|p2a: Corviknight|def|2
|move|p1a: Clefable|Moonblast|p2a: Corviknight
|-resisted|p2a: Corviknight
|-crit|p2a: Corviknight
|-damage|p2a: Corviknight|44/100
|
|upkeep
|turn|114
|
|t:|1758978139
|move|p2a: Corviknight|Roost|p2a: Corviknight
|-heal|p2a: Corviknight|94/100
|-singleturn|p2a: Corviknight|move: Roost
|move|p1a: Clefable|Moonlight|p1a: Clefable
|-heal|p1a: Clefable|100/100 psn
|
|upkeep
|turn|115
|
|t:|1758978142
|move|p2a: Corviknight|Iron Defense|p2a: Corviknight
|-boost|p2a: Corviknight|def|2
|move|p1a: Clefable|Moonblast|p2a: Corviknight
|-resisted|p2a: Corviknight
|-damage|p2a: Corviknight|79/100
|
|upkeep
|turn|116
|
|t:|1758978146
|switch|p1a: Slowking|Slowking-Galar, F|100/100
|move|p2a: Corviknight|Body Press|p1a: Slowking
|-resisted|p1a: Slowking
|-damage|p1a: Slowking|81/100
|
|upkeep
|turn|117
|
|t:|1758978151
|switch|p2a: Toxapex|Toxapex, F|100/100 brn
|switch|p1a: Clefable|Clefable, M|100/100 psn
|
|-damage|p2a: Toxapex|94/100 brn|[from] brn
|upkeep
|turn|118
|
|t:|1758978166
|switch|p1a: Great Tusk|Great Tusk|40/100
|switch|p2a: Corviknight|Corviknight, F|79/100
|-ability|p2a: Corviknight|Pressure
|
|upkeep
|turn|119
|
|t:|1758978170
|switch|p2a: Dondozo|Dondozo, F|94/100
|move|p1a: Great Tusk|Bulk Up|p1a: Great Tusk
|-boost|p1a: Great Tusk|atk|1
|-boost|p1a: Great Tusk|def|1
|
|-heal|p2a: Dondozo|99/100|[from] item: Leftovers
|upkeep
|turn|120
|
|t:|1758978176
|-end|p1a: Great Tusk|Protosynthesis|[silent]
|switch|p1a: Clefable|Clefable, M|100/100 psn
|move|p2a: Dondozo|Avalanche|p1a: Clefable
|-crit|p1a: Clefable
|-damage|p1a: Clefable|85/100 psn
|-damage|p2a: Dondozo|84/100|[from] item: Rocky Helmet|[of] p1a: Clefable
|
|-heal|p2a: Dondozo|90/100|[from] item: Leftovers
|upkeep
|turn|121
|
|t:|1758978184
|switch|p2a: Corviknight|Corviknight, F|79/100
|-ability|p2a: Corviknight|Pressure
|move|p1a: Clefable|Knock Off|p2a: Corviknight
|-damage|p2a: Corviknight|73/100
|
|upkeep
|turn|122
|
|t:|1758978190
|switch|p2a: Gliscor|Gliscor, M|63/100 tox
|move|p1a: Clefable|Knock Off|p2a: Gliscor
|-damage|p2a: Gliscor|55/100 tox
|
|-heal|p2a: Gliscor|68/100 tox|[from] ability: Poison Heal
|upkeep
|turn|123
|
|t:|1758978198
|move|p2a: Gliscor|Swords Dance|p2a: Gliscor
|-boost|p2a: Gliscor|atk|2
|move|p1a: Clefable|Moonblast|p2a: Gliscor
|-damage|p2a: Gliscor|37/100 tox
|
|-heal|p2a: Gliscor|49/100 tox|[from] ability: Poison Heal
|upkeep
|turn|124
|
|t:|1758978201
|switch|p1a: Dragonite|Dragonite, M|100/100
|move|p2a: Gliscor|Earthquake|p1a: Dragonite
|-immune|p1a: Dragonite
|
|-heal|p2a: Gliscor|62/100 tox|[from] ability: Poison Heal
|upkeep
|turn|125
|
|t:|1758978206
|move|p2a: Gliscor|Protect|p2a: Gliscor
|-singleturn|p2a: Gliscor|Protect
|move|p1a: Dragonite|Dragon Dance|p1a: Dragonite
|-boost|p1a: Dragonite|atk|1
|-boost|p1a: Dragonite|spe|1
|
|-heal|p2a: Gliscor|74/100 tox|[from] ability: Poison Heal
|upkeep
|turn|126
|
|t:|1758978213
|-terastallize|p2a: Gliscor|Water
|move|p1a: Dragonite|Ice Spinner|p2a: Gliscor
|-resisted|p2a: Gliscor
|-damage|p2a: Gliscor|54/100 tox
|move|p2a: Gliscor|Knock Off|p1a: Dragonite
|-damage|p1a: Dragonite|75/100
|-enditem|p1a: Dragonite|Heavy-Duty Boots|[from] move: Knock Off|[of] p2a: Gliscor
|
|-heal|p2a: Gliscor|67/100 tox|[from] ability: Poison Heal
|upkeep
|turn|127
|
|t:|1758978221
|move|p2a: Gliscor|Protect|p2a: Gliscor
|-singleturn|p2a: Gliscor|Protect
|move|p1a: Dragonite|Earthquake|p2a: Gliscor
|-activate|p2a: Gliscor|move: Protect
|
|-heal|p2a: Gliscor|79/100 tox|[from] ability: Poison Heal
|upkeep
|turn|128
|
|t:|1758978225
|switch|p2a: Dondozo|Dondozo, F|90/100
|move|p1a: Dragonite|Earthquake|p2a: Dondozo
|-damage|p2a: Dondozo|73/100
|
|-heal|p2a: Dondozo|79/100|[from] item: Leftovers
|upkeep
|turn|129
|
|t:|1758978231
|switch|p2a: Gliscor|Gliscor, M, tera:Water|79/100 tox
|move|p1a: Dragonite|Earthquake|p2a: Gliscor
|-damage|p2a: Gliscor|35/100 tox
|
|-heal|p2a: Gliscor|47/100 tox|[from] ability: Poison Heal
|upkeep
|turn|130
|
|t:|1758978236
|move|p2a: Gliscor|Protect|p2a: Gliscor
|-singleturn|p2a: Gliscor|Protect
|move|p1a: Dragonite|Earthquake|p2a: Gliscor
|-activate|p2a: Gliscor|move: Protect
|
|-heal|p2a: Gliscor|60/100 tox|[from] ability: Poison Heal
|upkeep
|turn|131
|
|t:|1758978241
|switch|p1a: Slowking|Slowking-Galar, F|100/100
|switch|p2a: Dondozo|Dondozo, F|79/100
|
|-heal|p2a: Dondozo|86/100|[from] item: Leftovers
|upkeep
|turn|132
|
|t:|1758978246
|switch|p2a: Toxapex|Toxapex, F|100/100 brn
|move|p1a: Slowking|Psychic Noise|p2a: Toxapex
|-supereffective|p2a: Toxapex
|-damage|p2a: Toxapex|59/100 brn
|-start|p2a: Toxapex|move: Heal Block
|
|-damage|p2a: Toxapex|53/100 brn|[from] brn
|upkeep
|turn|133
|
|t:|1758978254
|switch|p2a: Dondozo|Dondozo, F|86/100
|move|p1a: Slowking|Flamethrower|p2a: Dondozo
|-resisted|p2a: Dondozo
|-damage|p2a: Dondozo|71/100
|
|-heal|p2a: Dondozo|77/100|[from] item: Leftovers
|upkeep
|turn|134
|
|t:|1758978266
|switch|p2a: Toxapex|Toxapex, F|86/100 brn
|move|p1a: Slowking|Flamethrower|p2a: Toxapex
|-resisted|p2a: Toxapex
|-damage|p2a: Toxapex|77/100 brn
|
|-heal|p2a: Toxapex|83/100 brn|[from] item: Leftovers
|-damage|p2a: Toxapex|77/100 brn|[from] brn
|upkeep
|turn|135
|
|t:|1758978271
|move|p2a: Toxapex|Recover|p2a: Toxapex
|-heal|p2a: Toxapex|100/100 brn
|move|p1a: Slowking|Sludge Bomb|p2a: Toxapex
|-resisted|p2a: Toxapex
|-damage|p2a: Toxapex|87/100 brn
|
|-heal|p2a: Toxapex|93/100 brn|[from] item: Leftovers
|-damage|p2a: Toxapex|87/100 brn|[from] brn
|upkeep
|turn|136
|
|t:|1758978275
|switch|p1a: Clefable|Clefable, M|85/100 psn
|move|p2a: Toxapex|Toxic Spikes|p1a: Clefable
|-sidestart|p1: hyperpizza100|move: Toxic Spikes
|
|-heal|p2a: Toxapex|93/100 brn|[from] item: Leftovers
|-damage|p2a: Toxapex|87/100 brn|[from] brn
|upkeep
|turn|137
|
|t:|1758978280
|switch|p2a: Corviknight|Corviknight, F|73/100
|-ability|p2a: Corviknight|Pressure
|move|p1a: Clefable|Stealth Rock|p2a: Corviknight
|-sidestart|p2: 143forever|move: Stealth Rock
|
|upkeep
|turn|138
|
|t:|1758978285
|switch|p1a: Slowking|Slowking-Galar, F|100/100
|-sideend|p1: hyperpizza100|move: Toxic Spikes|[of] p1a: Slowking
|move|p2a: Corviknight|Defog|p1a: Slowking
|-unboost|p1a: Slowking|evasion|1
|-sideend|p2: 143forever|Stealth Rock|[from] move: Defog|[of] p2a: Corviknight
|
|upkeep
|turn|139
|
|t:|1758978288
|switch|p2a: Toxapex|Toxapex, F|100/100 brn
|switch|p1a: Clefable|Clefable, M|85/100 psn
|
|-damage|p2a: Toxapex|94/100 brn|[from] brn
|upkeep
|turn|140
|
|t:|1758978298
|switch|p1a: Great Tusk|Great Tusk|40/100
|switch|p2a: Corviknight|Corviknight, F|73/100
|-ability|p2a: Corviknight|Pressure
|
|upkeep
|turn|141
|
|t:|1758978302
|switch|p2a: Gliscor|Gliscor, M, tera:Water|60/100 tox
|move|p1a: Great Tusk|Headlong Rush|p2a: Gliscor
|-damage|p2a: Gliscor|6/100 tox
|-unboost|p1a: Great Tusk|def|1
|-unboost|p1a: Great Tusk|spd|1
|
|-heal|p2a: Gliscor|18/100 tox|[from] ability: Poison Heal
|upkeep
|turn|142
|
|t:|1758978308
|move|p2a: Gliscor|Protect|p2a: Gliscor
|-singleturn|p2a: Gliscor|Protect
|move|p1a: Great Tusk|Bulk Up|p1a: Great Tusk
|-boost|p1a: Great Tusk|atk|1
|-boost|p1a: Great Tusk|def|1
|
|-heal|p2a: Gliscor|31/100 tox|[from] ability: Poison Heal
|upkeep
|turn|143
|
|t:|1758978313
|switch|p2a: Dondozo|Dondozo, F|77/100
|move|p1a: Great Tusk|Headlong Rush|p2a: Dondozo
|-damage|p2a: Dondozo|47/100
|-unboost|p1a: Great Tusk|def|1
|-unboost|p1a: Great Tusk|spd|1
|
|-heal|p2a: Dondozo|53/100|[from] item: Leftovers
|upkeep
|turn|144
|
|t:|1758978323
|move|p1a: Great Tusk|Headlong Rush|p2a: Dondozo
|-damage|p2a: Dondozo|26/100
|-unboost|p1a: Great Tusk|def|1
|-unboost|p1a: Great Tusk|spd|1
|move|p2a: Dondozo|Rest|p2a: Dondozo
|-status|p2a: Dondozo|slp|[from] move: Rest
|-heal|p2a: Dondozo|100/100 slp|[silent]
|
|upkeep
|turn|145
|
|t:|1758978330
|-end|p1a: Great Tusk|Protosynthesis|[silent]
|switch|p1a: Clefable|Clefable, M|85/100 psn
|cant|p2a: Dondozo|slp
|move|p2a: Dondozo|Sleep Talk|p2a: Dondozo
|move|p2a: Dondozo|Rest||[from] move: Sleep Talk|[still]
|-fail|p2a: Dondozo
|
|upkeep
|turn|146
|
|t:|1758978334
|switch|p2a: Corviknight|Corviknight, F|73/100
|-ability|p2a: Corviknight|Pressure
|move|p1a: Clefable|Moonblast|p2a: Corviknight
|-resisted|p2a: Corviknight
|-damage|p2a: Corviknight|58/100
|
|upkeep
|turn|147
|
|t:|1758978338
|move|p2a: Corviknight|Roost|p2a: Corviknight
|-heal|p2a: Corviknight|100/100
|-singleturn|p2a: Corviknight|move: Roost
|move|p1a: Clefable|Stealth Rock|p2a: Corviknight
|-sidestart|p2: 143forever|move: Stealth Rock
|
|upkeep
|turn|148
|
|t:|1758978344
|move|p2a: Corviknight|Defog|p1a: Clefable
|-unboost|p1a: Clefable|evasion|1
|-sideend|p2: 143forever|Stealth Rock|[from] move: Defog|[of] p2a: Corviknight
|move|p1a: Clefable|Knock Off|p2a: Corviknight
|-damage|p2a: Corviknight|94/100
|
|upkeep
|turn|149
|
|t:|1758978347
|move|p2a: Corviknight|Iron Defense|p2a: Corviknight
|-boost|p2a: Corviknight|def|2
|move|p1a: Clefable|Moonblast|p2a: Corviknight
|-resisted|p2a: Corviknight
|-damage|p2a: Corviknight|79/100
|-unboost|p2a: Corviknight|spa|1
|
|upkeep
|turn|150
|
|t:|1758978352
|move|p2a: Corviknight|Iron Defense|p2a: Corviknight
|-boost|p2a: Corviknight|def|2
|move|p1a: Clefable|Stealth Rock|p2a: Corviknight
|-sidestart|p2: 143forever|move: Stealth Rock
|
|upkeep
|turn|151
|
|t:|1758978355
|switch|p1a: Slowking|Slowking-Galar, F|100/100
|move|p2a: Corviknight|Defog|p1a: Slowking
|-unboost|p1a: Slowking|evasion|1
|-sideend|p2: 143forever|Stealth Rock|[from] move: Defog|[of] p2a: Corviknight
|
|upkeep
|turn|152
|
|t:|1758978361
|switch|p2a: Toxapex|Toxapex, F|100/100 brn
|move|p1a: Slowking|Flamethrower|p2a: Toxapex
|-resisted|p2a: Toxapex
|-damage|p2a: Toxapex|92/100 brn
|
|-heal|p2a: Toxapex|99/100 brn|[from] item: Leftovers
|-damage|p2a: Toxapex|92/100 brn|[from] brn
|upkeep
|turn|153
|
|t:|1758978365
|move|p2a: Toxapex|Toxic Spikes|p1a: Slowking
|-sidestart|p1: hyperpizza100|move: Toxic Spikes
|move|p1a: Slowking|Ice Beam|p2a: Toxapex
|-resisted|p2a: Toxapex
|-damage|p2a: Toxapex|84/100 brn
|
|-heal|p2a: Toxapex|90/100 brn|[from] item: Leftovers
|-damage|p2a: Toxapex|84/100 brn|[from] brn
|upkeep
|turn|154
|
|t:|1758978369
|move|p2a: Toxapex|Toxic Spikes|p1a: Slowking
|-sidestart|p1: hyperpizza100|move: Toxic Spikes
|move|p1a: Slowking|Ice Beam|p2a: Toxapex
|-resisted|p2a: Toxapex
|-damage|p2a: Toxapex|75/100 brn
|
|-heal|p2a: Toxapex|82/100 brn|[from] item: Leftovers
|-damage|p2a: Toxapex|75/100 brn|[from] brn
|upkeep
|turn|155
|
|t:|1758978374
|move|p2a: Toxapex|Toxic Spikes||[still]
|-fail|p2a: Toxapex
|move|p1a: Slowking|Ice Beam|p2a: Toxapex
|-resisted|p2a: Toxapex
|-damage|p2a: Toxapex|66/100 brn
|
|-heal|p2a: Toxapex|72/100 brn|[from] item: Leftovers
|-damage|p2a: Toxapex|66/100 brn|[from] brn
|upkeep
|turn|156
|
|t:|1758978379
|switch|p2a: Blissey|Blissey, F|43/100
|move|p1a: Slowking|Flamethrower|p2a: Blissey
|-damage|p2a: Blissey|35/100
|
|upkeep
|turn|157
|
|t:|1758978383
|move|p2a: Blissey|Stealth Rock|p1a: Slowking
|-sidestart|p1: hyperpizza100|move: Stealth Rock
|move|p1a: Slowking|Psychic Noise|p2a: Blissey
|-damage|p2a: Blissey|24/100
|-start|p2a: Blissey|move: Heal Block
|
|upkeep
|turn|158
|j| cryyysneasel
|
|t:|1758978387
|switch|p2a: Toxapex|Toxapex, F|99/100 brn
|switch|p1a: Clefable|Clefable, M|85/100 psn
|
|-heal|p2a: Toxapex|100/100 brn|[from] item: Leftovers
|-damage|p2a: Toxapex|94/100 brn|[from] brn
|upkeep
|turn|159
|
|t:|1758978392
|switch|p1a: Slowking|Slowking-Galar, F|100/100
|-sideend|p1: hyperpizza100|move: Toxic Spikes|[of] p1a: Slowking
|-damage|p1a: Slowking|88/100|[from] Stealth Rock
|switch|p2a: Corviknight|Corviknight, F|79/100
|-ability|p2a: Corviknight|Pressure
|
|upkeep
|turn|160
|j| Genesis9507
|
|t:|1758978402
|switch|p2a: Toxapex|Toxapex, F|100/100 brn
|switch|p1a: Great Tusk|Great Tusk|40/100
|-damage|p1a: Great Tusk|37/100|[from] Stealth Rock
|
|-damage|p2a: Toxapex|94/100 brn|[from] brn
|upkeep
|turn|161
|
|t:|1758978407
|switch|p2a: Corviknight|Corviknight, F|79/100
|-ability|p2a: Corviknight|Pressure
|move|p1a: Great Tusk|Headlong Rush|p2a: Corviknight
|-immune|p2a: Corviknight
|
|upkeep
|turn|162
|
|t:|1758978412
|move|p1a: Great Tusk|Rapid Spin|p2a: Corviknight
|-resisted|p2a: Corviknight
|-damage|p2a: Corviknight|74/100
|-boost|p1a: Great Tusk|spe|1
|-sideend|p1: hyperpizza100|Stealth Rock|[from] move: Rapid Spin|[of] p1a: Great Tusk
|move|p2a: Corviknight|Body Press|p1a: Great Tusk
|-damage|p1a: Great Tusk|17/100
|
|upkeep
|turn|163
|
|t:|1758978418
|switch|p2a: Dondozo|Dondozo, F|100/100 slp
|move|p1a: Great Tusk|Ice Spinner|p2a: Dondozo
|-resisted|p2a: Dondozo
|-damage|p2a: Dondozo|95/100 slp
|
|-heal|p2a: Dondozo|100/100 slp|[from] item: Leftovers
|upkeep
|turn|164
|
|t:|1758978425
|-end|p1a: Great Tusk|Protosynthesis|[silent]
|switch|p1a: Clefable|Clefable, M|85/100 psn
|cant|p2a: Dondozo|slp
|move|p2a: Dondozo|Sleep Talk|p2a: Dondozo
|move|p2a: Dondozo|Avalanche|p1a: Clefable|[from] move: Sleep Talk
|-damage|p1a: Clefable|75/100 psn
|-damage|p2a: Dondozo|84/100 slp|[from] item: Rocky Helmet|[of] p1a: Clefable
|
|-heal|p2a: Dondozo|90/100 slp|[from] item: Leftovers
|upkeep
|turn|165
|
|t:|1758978436
|switch|p2a: Corviknight|Corviknight, F|74/100
|-ability|p2a: Corviknight|Pressure
|move|p1a: Clefable|Knock Off|p2a: Corviknight
|-damage|p2a: Corviknight|68/100
|
|upkeep
|turn|166
|
|t:|1758978442
|move|p2a: Corviknight|Iron Defense|p2a: Corviknight
|-boost|p2a: Corviknight|def|2
|move|p1a: Clefable|Knock Off|p2a: Corviknight
|-damage|p2a: Corviknight|65/100
|
|upkeep
|turn|167
|
|t:|1758978445
|switch|p2a: Gliscor|Gliscor, M, tera:Water|31/100 tox
|switch|p1a: Slowking|Slowking-Galar, F|100/100
|
|-heal|p2a: Gliscor|43/100 tox|[from] ability: Poison Heal
|upkeep
|turn|168
|
|t:|1758978452
|move|p2a: Gliscor|Protect|p2a: Gliscor
|-singleturn|p2a: Gliscor|Protect
|move|p1a: Slowking|Sludge Bomb|p2a: Gliscor
|-activate|p2a: Gliscor|move: Protect
|
|-heal|p2a: Gliscor|56/100 tox|[from] ability: Poison Heal
|upkeep
|turn|169
|
|t:|1758978460
|switch|p2a: Toxapex|Toxapex, F|100/100 brn
|move|p1a: Slowking|Sludge Bomb|p2a: Toxapex
|-resisted|p2a: Toxapex
|-damage|p2a: Toxapex|86/100 brn
|
|-heal|p2a: Toxapex|92/100 brn|[from] item: Leftovers
|-damage|p2a: Toxapex|86/100 brn|[from] brn
|upkeep
|turn|170
|-message|hyperpizza100 forfeited.
|
|win|143forever
|raw|hyperpizza100's rating: 1669 &rarr; <strong>1664</strong><br />(-5 for losing)
|raw|143forever's rating: 1996 &rarr; <strong>2001</strong><br />(+5 for winning)
|l|☆hyperpizza100
|player|p1|
|l|☆143forever
|player|p2|
|l| amefurikoneko
|l| gengar's style
