|j|☆triplemence
|j|☆Sunshinne
|t:|1759069648
|gametype|singles
|player|p1|triplemence|265|1529
|player|p2|Sunshinne|lacey|1652
|gen|9
|tier|[Gen 9] OU
|rated|
|rule|HP Percentage Mod: HP is shown in percentages
|rule|Endless Battle Clause: Forcing endless battles is banned
|rule|Species Clause: Limit one of each Pokémon
|rule|OHKO Clause: OHKO moves are banned
|rule|Evasion Items Clause: Evasion items are banned
|rule|Evasion Moves Clause: Evasion moves are banned
|rule|Evasion Abilities Clause: Evasion abilities are banned
|rule|Sleep Moves Clause: Sleep-inducing moves are banned
|clearpoke
|poke|p1|Mienshao, M|
|poke|p1|Hydrapple, F|
|poke|p1|Corviknight, F|
|poke|p1|Alomomola, F|
|poke|p1|Skeledirge, F|
|poke|p1|Iron Treads|
|poke|p2|Ribombee, F|
|poke|p2|Glimmora, M|
|poke|p2|Manaphy|
|poke|p2|Zamazenta-*|
|poke|p2|Gholdengo|
|poke|p2|Kingambit, F|
|teampreview
|inactive|Battle timer is ON: inactive players will automatically lose when time's up. (requested by Sunshinne)
|inactive|triplemence has 120 seconds left.
|
|t:|1759069693
|teamsize|p1|6
|teamsize|p2|6
|start
|switch|p1a: Skeledirge|Skeledirge, F|100/100
|switch|p2a: Ribombee|Ribombee, F|100/100
|turn|1
|
|t:|1759069698
|move|p2a: Ribombee|Stun Spore|p1a: Skeledirge
|-status|p1a: Skeledirge|par
|cant|p1a: Skeledirge|par
|
|upkeep
|turn|2
|inactive|triplemence has 120 seconds left.
|
|t:|1759069730
|move|p2a: Ribombee|Sticky Web|p1a: Skeledirge
|-sidestart|p1: triplemence|move: Sticky Web
|move|p1a: Skeledirge|Torch Song|p2a: Ribombee
|-supereffective|p2a: Ribombee
|-enditem|p2a: Ribombee|Focus Sash
|-damage|p2a: Ribombee|1/100
|-boost|p1a: Skeledirge|spa|1
|
|upkeep
|turn|3
|
|t:|1759069734
|move|p2a: Ribombee|Psychic Noise|p1a: Skeledirge
|-damage|p1a: Skeledirge|77/100 par
|-start|p1a: Skeledirge|move: Heal Block
|cant|p1a: Skeledirge|par
|
|upkeep
|turn|4
|inactive|triplemence has 120 seconds left.
|
|t:|1759069755
|switch|p1a: Corviknight|Corviknight, F|100/100
|-ability|p1a: Corviknight|Pressure
|move|p2a: Ribombee|Moonblast|p1a: Corviknight
|-resisted|p1a: Corviknight
|-damage|p1a: Corviknight|83/100
|-unboost|p1a: Corviknight|spa|1
|
|upkeep
|turn|5
|
|t:|1759069762
|move|p2a: Ribombee|Stun Spore|p1a: Corviknight
|-status|p1a: Corviknight|par
|move|p1a: Corviknight|U-turn|p2a: Ribombee
|-resisted|p2a: Ribombee
|-damage|p2a: Ribombee|0 fnt
|faint|p2a: Ribombee
|inactive|triplemence has 120 seconds left.
|
|t:|1759069789
|switch|p1a: Iron Treads|Iron Treads|100/100|[from] U-turn
|-activate|p1a: Iron Treads|move: Sticky Web
|-unboost|p1a: Iron Treads|spe|1
|-enditem|p1a: Iron Treads|Booster Energy
|-activate|p1a: Iron Treads|ability: Quark Drive|[fromitem]
|-start|p1a: Iron Treads|quarkdrivedef
|
|upkeep
|
|t:|1759069807
|switch|p2a: Manaphy|Manaphy|100/100
|turn|6
|inactive|triplemence has 120 seconds left.
|
|t:|1759069827
|move|p2a: Manaphy|Acid Armor|p2a: Manaphy
|-boost|p2a: Manaphy|def|2
|move|p1a: Iron Treads|Rapid Spin|p2a: Manaphy
|-damage|p2a: Manaphy|96/100
|-boost|p1a: Iron Treads|spe|1
|-sideend|p1: triplemence|Sticky Web|[from] move: Rapid Spin|[of] p1a: Iron Treads
|
|-heal|p2a: Manaphy|100/100|[from] item: Leftovers
|upkeep
|turn|7
|
|t:|1759069832
|-end|p1a: Iron Treads|Quark Drive|[silent]
|switch|p1a: Skeledirge|Skeledirge, F|77/100 par
|move|p2a: Manaphy|Tail Glow|p2a: Manaphy
|-boost|p2a: Manaphy|spa|3
|
|upkeep
|turn|8
|inactive|triplemence has 120 seconds left.
|
|t:|1759069840
|-terastallize|p1a: Skeledirge|Fairy
|move|p2a: Manaphy|Surf|p1a: Skeledirge
|-damage|p1a: Skeledirge|35/100 par
|move|p1a: Skeledirge|Torch Song|p2a: Manaphy
|-resisted|p2a: Manaphy
|-damage|p2a: Manaphy|86/100
|-boost|p1a: Skeledirge|spa|1
|
|-heal|p2a: Manaphy|92/100|[from] item: Leftovers
|upkeep
|turn|9
|inactive|triplemence has 120 seconds left.
|inactive|triplemence has 90 seconds left.
|
|t:|1759069889
|switch|p1a: Alomomola|Alomomola, F|100/100
|move|p2a: Manaphy|Tail Glow|p2a: Manaphy
|-boost|p2a: Manaphy|spa|3
|
|-heal|p2a: Manaphy|98/100|[from] item: Leftovers
|upkeep
|turn|10
|inactive|triplemence has 90 seconds left.
|
|t:|1759069896
|move|p2a: Manaphy|Acid Armor|p2a: Manaphy
|-boost|p2a: Manaphy|def|2
|move|p1a: Alomomola|Mirror Coat||[still]
|-fail|p1a: Alomomola
|
|-heal|p2a: Manaphy|100/100|[from] item: Leftovers
|upkeep
|turn|11
|
|t:|1759069902
|move|p2a: Manaphy|Acid Armor|p2a: Manaphy
|-boost|p2a: Manaphy|def|2
|move|p1a: Alomomola|Body Slam|p2a: Manaphy
|-damage|p2a: Manaphy|97/100
|-status|p2a: Manaphy|par
|
|-heal|p2a: Manaphy|100/100 par|[from] item: Leftovers
|upkeep
|turn|12
|
|t:|1759069908
|move|p2a: Manaphy|Stored Power|p1a: Alomomola
|-damage|p1a: Alomomola|0 fnt
|faint|p1a: Alomomola
|
|upkeep
|
|t:|1759069914
|switch|p1a: Mienshao|Mienshao, M|100/100
|turn|13
|
|t:|1759069920
|move|p1a: Mienshao|Knock Off|p2a: Manaphy
|-damage|p2a: Manaphy|91/100 par
|-enditem|p2a: Manaphy|Leftovers|[from] move: Knock Off|[of] p1a: Mienshao
|-damage|p1a: Mienshao|91/100|[from] item: Life Orb
|move|p2a: Manaphy|Surf|p1a: Mienshao
|-damage|p1a: Mienshao|0 fnt
|faint|p1a: Mienshao
|
|upkeep
|
|t:|1759069922
|switch|p1a: Hydrapple|Hydrapple, F|100/100
|turn|14
|
|t:|1759069931
|-terastallize|p2a: Manaphy|Fairy
|move|p2a: Manaphy|Stored Power|p1a: Hydrapple
|-damage|p1a: Hydrapple|0 fnt
|faint|p1a: Hydrapple
|
|upkeep
|-message|triplemence forfeited.
|
|win|Sunshinne
|raw|triplemence's rating: 1529 &rarr; <strong>1517</strong><br />(-12 for losing)
|raw|Sunshinne's rating: 1668 &rarr; <strong>1680</strong><br />(+12 for winning)
|l|☆triplemence
|player|p1|
|l|☆Sunshinne
|player|p2|
