|j|☆Kaleax
|j|☆viutil
|t:|1758967380
|gametype|singles
|player|p1|Kaleax|miku-ghost|1580
|player|p2|viutil|265|1476
|gen|9
|tier|[Gen 9] OU
|rated|
|rule|HP Percentage Mod: HP is shown in percentages
|rule|Endless Battle Clause: Forcing endless battles is banned
|rule|Species Clause: Limit one of each Pokémon
|rule|OHKO Clause: OHKO moves are banned
|rule|Evasion Items Clause: Evasion items are banned
|rule|Evasion Moves Clause: Evasion moves are banned
|rule|Evasion Abilities Clause: Evasion abilities are banned
|rule|Sleep Moves Clause: Sleep-inducing moves are banned
|clearpoke
|poke|p1|Chansey, F|
|poke|p1|Cinderace, F|
|poke|p1|Dragapult, F|
|poke|p1|Corviknight, M|
|poke|p1|Primarina, F|
|poke|p1|Ursaluna, F|
|poke|p2|Kyurem|
|poke|p2|Ogerpon-Cornerstone, F|
|poke|p2|Cinderace, M|
|poke|p2|Slowking-Galar, M|
|poke|p2|Dragapult, F|
|poke|p2|Iron Valiant|
|teampreview
|
|t:|1758967396
|teamsize|p1|6
|teamsize|p2|6
|start
|switch|p1a: Toki|Dragapult, F, shiny|100/100
|switch|p2a: Ogerpon|Ogerpon-Cornerstone, F|100/100
|turn|1
|
|t:|1758967407
|switch|p2a: Iron Valiant|Iron Valiant|100/100
|-enditem|p2a: Iron Valiant|Booster Energy
|-activate|p2a: Iron Valiant|ability: Quark Drive|[fromitem]
|-start|p2a: Iron Valiant|quarkdrivespe
|move|p1a: Toki|Substitute|p1a: Toki
|-start|p1a: Toki|Substitute
|-damage|p1a: Toki|76/100
|
|-heal|p1a: Toki|82/100|[from] item: Leftovers
|upkeep
|turn|2
|
|t:|1758967421
|move|p2a: Iron Valiant|Encore|p1a: Toki
|-start|p1a: Toki|Encore
|move|p1a: Toki|Substitute|p1a: Toki
|-fail|p1a: Toki|move: Substitute
|
|-heal|p1a: Toki|88/100|[from] item: Leftovers
|upkeep
|turn|3
|
|t:|1758967424
|switch|p1a: Nozomi|Primarina, F, shiny|100/100
|move|p2a: Iron Valiant|Calm Mind|p2a: Iron Valiant
|-boost|p2a: Iron Valiant|spa|1
|-boost|p2a: Iron Valiant|spd|1
|
|upkeep
|turn|4
|
|t:|1758967436
|move|p2a: Iron Valiant|Moonblast|p1a: Nozomi
|-damage|p1a: Nozomi|32/100
|move|p1a: Nozomi|Encore|p2a: Iron Valiant
|-start|p2a: Iron Valiant|Encore
|
|-heal|p1a: Nozomi|39/100|[from] item: Leftovers
|upkeep
|turn|5
|
|t:|1758967440
|switch|p1a: Asahi|Chansey, F|100/100
|move|p2a: Iron Valiant|Moonblast|p1a: Asahi
|-damage|p1a: Asahi|82/100
|-unboost|p1a: Asahi|spa|1
|
|upkeep
|turn|6
|
|t:|1758967443
|-end|p2a: Iron Valiant|Quark Drive|[silent]
|switch|p2a: Slowking|Slowking-Galar, M|100/100
|move|p1a: Asahi|Thunder Wave|p2a: Slowking
|-status|p2a: Slowking|par
|
|upkeep
|turn|7
|
|t:|1758967452
|switch|p1a: Gaston|Ursaluna, F, shiny|100/100
|-prepare|p2a: Slowking|Chilly Reception|[premajor]
|cant|p2a: Slowking|par
|
|upkeep
|turn|8
|
|t:|1758967460
|switch|p2a: Ogerpon|Ogerpon-Cornerstone, F|100/100
|move|p1a: Gaston|Earthquake|p2a: Ogerpon
|-damage|p2a: Ogerpon|24/100
|
|upkeep
|turn|9
|
|t:|1758967477
|switch|p1a: Nozomi|Primarina, F, shiny|39/100
|move|p2a: Ogerpon|Knock Off|p1a: Nozomi
|-resisted|p1a: Nozomi
|-damage|p1a: Nozomi|12/100
|-enditem|p1a: Nozomi|Leftovers|[from] move: Knock Off|[of] p2a: Ogerpon
|
|upkeep
|turn|10
|
|t:|1758967484
|move|p2a: Ogerpon|Ivy Cudgel|p1a: Nozomi|[anim] Ivy Cudgel Rock
|-damage|p1a: Nozomi|0 fnt
|faint|p1a: Nozomi
|
|upkeep
|
|t:|1758967487
|switch|p1a: Toki|Dragapult, F, shiny|88/100
|turn|11
|
|t:|1758967493
|move|p1a: Toki|Hex|p2a: Ogerpon
|-damage|p2a: Ogerpon|0 fnt
|faint|p2a: Ogerpon
|
|-heal|p1a: Toki|94/100|[from] item: Leftovers
|upkeep
|
|t:|1758967509
|switch|p2a: Iron Valiant|Iron Valiant|100/100
|turn|12
|
|t:|1758967517
|switch|p1a: Asahi|Chansey, F|82/100
|move|p2a: Iron Valiant|Moonblast|p1a: Asahi
|-damage|p1a: Asahi|69/100
|
|upkeep
|turn|13
|
|t:|1758967526
|move|p2a: Iron Valiant|Calm Mind|p2a: Iron Valiant
|-boost|p2a: Iron Valiant|spa|1
|-boost|p2a: Iron Valiant|spd|1
|move|p1a: Asahi|Soft-Boiled|p1a: Asahi
|-heal|p1a: Asahi|100/100
|
|upkeep
|turn|14
|
|t:|1758967532
|switch|p1a: Nanashi|Cinderace, F|100/100
|move|p2a: Iron Valiant|Encore||[still]
|-fail|p2a: Iron Valiant
|
|upkeep
|turn|15
|
|t:|1758967543
|move|p1a: Nanashi|Pyro Ball|p2a: Iron Valiant
|-damage|p2a: Iron Valiant|30/100
|-status|p2a: Iron Valiant|brn
|move|p2a: Iron Valiant|Aura Sphere|p1a: Nanashi
|-damage|p1a: Nanashi|20/100
|
|-damage|p2a: Iron Valiant|23/100 brn|[from] brn
|upkeep
|turn|16
|
|t:|1758967559
|-end|p2a: Iron Valiant|Quark Drive|[silent]
|switch|p2a: Cinderace|Cinderace, M|100/100
|move|p1a: Nanashi|Pyro Ball|p2a: Cinderace
|-resisted|p2a: Cinderace
|-damage|p2a: Cinderace|56/100
|
|upkeep
|turn|17
|
|t:|1758967581
|switch|p1a: Asahi|Chansey, F|100/100
|move|p2a: Cinderace|Pyro Ball|p1a: Asahi
|-damage|p1a: Asahi|61/100
|
|upkeep
|turn|18
|
|t:|1758967586
|move|p2a: Cinderace|High Jump Kick|p1a: Asahi
|-start|p2a: Cinderace|typechange|Fighting|[from] ability: Libero
|-supereffective|p1a: Asahi
|-crit|p1a: Asahi
|-damage|p1a: Asahi|0 fnt
|faint|p1a: Asahi
|
|upkeep
|
|t:|1758967589
|switch|p1a: Toki|Dragapult, F, shiny|94/100
|turn|19
|
|t:|1758967595
|switch|p2a: Iron Valiant|Iron Valiant|23/100 brn
|move|p1a: Toki|Substitute|p1a: Toki
|-start|p1a: Toki|Substitute
|-damage|p1a: Toki|69/100
|
|-heal|p1a: Toki|75/100|[from] item: Leftovers
|-damage|p2a: Iron Valiant|17/100 brn|[from] brn
|upkeep
|turn|20
|
|t:|1758967600
|move|p1a: Toki|Hex|p2a: Iron Valiant
|-damage|p2a: Iron Valiant|0 fnt
|faint|p2a: Iron Valiant
|-end|p2a: Iron Valiant|Quark Drive|[silent]
|
|-heal|p1a: Toki|81/100|[from] item: Leftovers
|upkeep
|
|t:|1758967602
|switch|p2a: Dragapult|Dragapult, F|100/100
|turn|21
|
|t:|1758967608
|switch|p1a: Gaston|Ursaluna, F, shiny|100/100
|-terastallize|p2a: Dragapult|Fire
|move|p2a: Dragapult|Draco Meteor|p1a: Gaston
|-damage|p1a: Gaston|23/100
|-unboost|p2a: Dragapult|spa|2
|
|-heal|p1a: Gaston|29/100|[from] item: Leftovers
|upkeep
|turn|22
|
|t:|1758967620
|switch|p1a: Flynn|Corviknight, M, shiny|100/100
|-ability|p1a: Flynn|Pressure
|move|p2a: Dragapult|Draco Meteor|p1a: Flynn
|-resisted|p1a: Flynn
|-crit|p1a: Flynn
|-damage|p1a: Flynn|30/100
|-unboost|p2a: Dragapult|spa|2
|
|upkeep
|turn|23
|
|t:|1758967623
|switch|p2a: Cinderace|Cinderace, M|56/100
|move|p1a: Flynn|Roost|p1a: Flynn
|-heal|p1a: Flynn|80/100
|-singleturn|p1a: Flynn|move: Roost
|
|upkeep
|turn|24
|
|t:|1758967644
|move|p2a: Cinderace|Pyro Ball|p1a: Flynn
|-supereffective|p1a: Flynn
|-damage|p1a: Flynn|3/100
|move|p1a: Flynn|Body Press|p2a: Cinderace
|-crit|p2a: Cinderace
|-damage|p2a: Cinderace|3/100
|
|upkeep
|turn|25
|
|t:|1758967649
|move|p2a: Cinderace|Pyro Ball|p1a: Flynn
|-supereffective|p1a: Flynn
|-damage|p1a: Flynn|0 fnt
|faint|p1a: Flynn
|
|upkeep
|
|t:|1758967651
|switch|p1a: Toki|Dragapult, F, shiny|81/100
|turn|26
|
|t:|1758967655
|move|p1a: Toki|Substitute|p1a: Toki
|-start|p1a: Toki|Substitute
|-damage|p1a: Toki|56/100
|move|p2a: Cinderace|Pyro Ball|p1a: Toki
|-resisted|p1a: Toki
|-end|p1a: Toki|Substitute
|
|-heal|p1a: Toki|62/100|[from] item: Leftovers
|upkeep
|turn|27
|
|t:|1758967658
|move|p1a: Toki|Dragon Darts|p2a: Cinderace
|-damage|p2a: Cinderace|0 fnt
|faint|p2a: Cinderace
|
|-heal|p1a: Toki|68/100|[from] item: Leftovers
|upkeep
|
|t:|1758967659
|switch|p2a: Dragapult|Dragapult, F, tera:Fire|100/100
|turn|28
|
|t:|1758967679
|move|p2a: Dragapult|Draco Meteor|p1a: Toki
|-supereffective|p1a: Toki
|-damage|p1a: Toki|0 fnt
|-unboost|p2a: Dragapult|spa|2
|faint|p1a: Toki
|
|upkeep
|
|t:|1758967691
|switch|p1a: Nanashi|Cinderace, F|20/100
|turn|29
|
|t:|1758967694
|move|p2a: Dragapult|Draco Meteor|p1a: Nanashi
|-damage|p1a: Nanashi|0 fnt
|-unboost|p2a: Dragapult|spa|2
|faint|p1a: Nanashi
|
|upkeep
|
|t:|1758967696
|switch|p1a: Gaston|Ursaluna, F, shiny|29/100
|turn|30
|
|t:|1758967699
|switch|p2a: Kyurem|Kyurem|100/100
|-ability|p2a: Kyurem|Pressure
|move|p1a: Gaston|Rest|p1a: Gaston
|-status|p1a: Gaston|slp|[from] move: Rest
|-heal|p1a: Gaston|100/100 slp|[silent]
|
|upkeep
|turn|31
|
|t:|1758967704
|move|p2a: Kyurem|Dragon Dance|p2a: Kyurem
|-boost|p2a: Kyurem|atk|1
|-boost|p2a: Kyurem|spe|1
|cant|p1a: Gaston|slp
|move|p1a: Gaston|Sleep Talk|p1a: Gaston
|move|p1a: Gaston|Earthquake|p2a: Kyurem|[from] move: Sleep Talk
|-damage|p2a: Kyurem|17/100
|
|upkeep
|turn|32
|
|t:|1758967708
|move|p2a: Kyurem|Icicle Spear|p1a: Gaston
|-supereffective|p1a: Gaston
|-damage|p1a: Gaston|75/100 slp
|-supereffective|p1a: Gaston
|-damage|p1a: Gaston|46/100 slp
|-supereffective|p1a: Gaston
|-damage|p1a: Gaston|16/100 slp
|-supereffective|p1a: Gaston
|-damage|p1a: Gaston|0 fnt
|faint|p1a: Gaston
|-hitcount|p1: Gaston|4
|
|win|viutil
|raw|Kaleax's rating: 1580 &rarr; <strong>1554</strong><br />(-26 for losing)
|raw|viutil's rating: 1476 &rarr; <strong>1502</strong><br />(+26 for winning)
|c|☆Kaleax|ggs
|l|☆Kaleax
|player|p1|
|c|☆viutil|gg
|l|☆viutil
|player|p2|
