|j|☆JMac6086
|j|☆SadTanwa
|t:|1758978697
|gametype|singles
|player|p1|JMac6086|benga|1110
|player|p2|SadTanwa|101|1102
|gen|9
|tier|[Gen 9] OU
|rated|
|rule|HP Percentage Mod: HP is shown in percentages
|rule|Endless Battle Clause: Forcing endless battles is banned
|rule|Species Clause: Limit one of each Pokémon
|rule|OHKO Clause: OHKO moves are banned
|rule|Evasion Items Clause: Evasion items are banned
|rule|Evasion Moves Clause: Evasion moves are banned
|rule|Evasion Abilities Clause: Evasion abilities are banned
|rule|Sleep Moves Clause: Sleep-inducing moves are banned
|clearpoke
|poke|p1|Ambipom, F|
|poke|p1|Kyurem|
|poke|p1|Gliscor, F|
|poke|p1|Slowking-Galar, F|
|poke|p1|Gastrodon, M|
|poke|p1|Maushold|
|poke|p2|Excadrill, F|
|poke|p2|Clodsire, M|
|poke|p2|Corviknight, M|
|poke|p2|Lokix, M|
|poke|p2|Dragapult, F|
|poke|p2|Minior|
|teampreview
|inactive|Battle timer is ON: inactive players will automatically lose when time's up. (requested by JMac6086)
|
|t:|1758978712
|teamsize|p1|6
|teamsize|p2|6
|start
|switch|p1a: Ambipom|Ambipom, F|100/100
|switch|p2a: Dragapult|Dragapult, F, shiny|100/100
|turn|1
|
|t:|1758978721
|move|p2a: Dragapult|Draco Meteor|p1a: Ambipom
|-damage|p1a: Ambipom|0 fnt
|-unboost|p2a: Dragapult|spa|2
|faint|p1a: Ambipom
|
|upkeep
|
|t:|1758978729
|switch|p1a: Slowking|Slowking-Galar, F|100/100
|turn|2
|
|t:|1758978733
|switch|p2a: Clodsire|Clodsire, M, shiny|100/100
|move|p1a: Slowking|Toxic|p2a: Clodsire
|-immune|p2a: Clodsire
|
|upkeep
|turn|3
|
|t:|1758978739
|move|p1a: Slowking|Psyshock|p2a: Clodsire
|-supereffective|p2a: Clodsire
|-damage|p2a: Clodsire|13/100
|move|p2a: Clodsire|Earthquake|p1a: Slowking
|-supereffective|p1a: Slowking
|-damage|p1a: Slowking|33/100
|
|-heal|p1a: Slowking|39/100|[from] item: Black Sludge
|-heal|p2a: Clodsire|20/100|[from] item: Leftovers
|upkeep
|turn|4
|
|t:|1758978745
|switch|p2a: Lokix|Lokix, M|100/100
|move|p1a: Slowking|Psyshock|p2a: Lokix
|-immune|p2a: Lokix
|
|-heal|p1a: Slowking|45/100|[from] item: Black Sludge
|upkeep
|turn|5
|
|t:|1758978750
|switch|p1a: Maushold|Maushold|100/100
|move|p2a: Lokix|First Impression|p1a: Maushold
|-damage|p1a: Maushold|3/100
|-damage|p2a: Lokix|91/100|[from] item: Life Orb
|
|upkeep
|turn|6
|
|t:|1758978756
|move|p2a: Lokix|Sucker Punch|p1a: Maushold
|-damage|p1a: Maushold|0 fnt
|faint|p1a: Maushold
|-damage|p2a: Lokix|81/100|[from] item: Life Orb
|
|upkeep
|
|t:|1758978759
|switch|p1a: Gastrodon|Gastrodon, M|100/100
|turn|7
|
|t:|1758978768
|move|p2a: Lokix|Taunt|p1a: Gastrodon
|-start|p1a: Gastrodon|move: Taunt
|cant|p1a: Gastrodon|move: Taunt|Stealth Rock
|
|upkeep
|turn|8
|
|t:|1758978772
|move|p2a: Lokix|U-turn|p1a: Gastrodon
|-damage|p1a: Gastrodon|61/100
|-damage|p2a: Lokix|71/100|[from] item: Life Orb
|
|t:|1758978775
|switch|p2a: Clodsire|Clodsire, M, shiny|20/100|[from] U-turn
|move|p1a: Gastrodon|Clear Smog|p2a: Clodsire
|-resisted|p2a: Clodsire
|-damage|p2a: Clodsire|18/100
|-clearboost|p2a: Clodsire
|
|-heal|p1a: Gastrodon|67/100|[from] item: Leftovers
|-heal|p2a: Clodsire|24/100|[from] item: Leftovers
|upkeep
|turn|9
|
|t:|1758978785
|move|p1a: Gastrodon|Earth Power|p2a: Clodsire
|-supereffective|p2a: Clodsire
|-damage|p2a: Clodsire|0 fnt
|faint|p2a: Clodsire
|
|-heal|p1a: Gastrodon|74/100|[from] item: Leftovers
|-end|p1a: Gastrodon|move: Taunt
|upkeep
|
|t:|1758978798
|switch|p2a: Excadrill|Excadrill, F|100/100
|-ability|p2a: Excadrill|Mold Breaker
|turn|10
|
|t:|1758978803
|-terastallize|p2a: Excadrill|Flying
|move|p2a: Excadrill|Tera Blast|p1a: Gastrodon|[anim] Tera Blast Flying
|-damage|p1a: Gastrodon|26/100
|move|p1a: Gastrodon|Earth Power|p2a: Excadrill
|-immune|p2a: Excadrill
|
|-heal|p1a: Gastrodon|32/100|[from] item: Leftovers
|upkeep
|turn|11
|
|t:|1758978809
|move|p2a: Excadrill|Tera Blast|p1a: Gastrodon|[anim] Tera Blast Flying
|-damage|p1a: Gastrodon|0 fnt
|faint|p1a: Gastrodon
|
|upkeep
|
|t:|1758978812
|switch|p1a: Kyurem|Kyurem|100/100
|-ability|p1a: Kyurem|Pressure
|turn|12
|
|t:|1758978815
|switch|p2a: Corviknight|Corviknight, M, shiny|100/100
|-ability|p2a: Corviknight|Pressure
|-terastallize|p1a: Kyurem|Dragon
|move|p1a: Kyurem|Dragon Dance|p1a: Kyurem
|-boost|p1a: Kyurem|atk|1
|-boost|p1a: Kyurem|spe|1
|
|upkeep
|turn|13
|
|t:|1758978825
|move|p1a: Kyurem|Dragon Dance|p1a: Kyurem
|-boost|p1a: Kyurem|atk|1
|-boost|p1a: Kyurem|spe|1
|move|p2a: Corviknight|Body Press|p1a: Kyurem
|-damage|p1a: Kyurem|79/100
|
|upkeep
|turn|14
|
|t:|1758978830
|move|p1a: Kyurem|Icicle Spear|p2a: Corviknight
|-damage|p2a: Corviknight|83/100
|-damage|p2a: Corviknight|66/100
|-damage|p2a: Corviknight|50/100
|-hitcount|p2a: Corviknight|3
|move|p2a: Corviknight|Body Press|p1a: Kyurem
|-damage|p1a: Kyurem|58/100
|
|upkeep
|turn|15
|
|t:|1758978837
|move|p1a: Kyurem|Icicle Spear|p2a: Corviknight
|-damage|p2a: Corviknight|33/100
|-damage|p2a: Corviknight|17/100
|-hitcount|p2a: Corviknight|2
|move|p2a: Corviknight|Roost|p2a: Corviknight
|-heal|p2a: Corviknight|67/100
|-singleturn|p2a: Corviknight|move: Roost
|
|upkeep
|turn|16
|
|t:|1758978845
|move|p1a: Kyurem|Icicle Spear|p2a: Corviknight
|-damage|p2a: Corviknight|51/100
|-damage|p2a: Corviknight|34/100
|-damage|p2a: Corviknight|16/100
|-damage|p2a: Corviknight|0 fnt
|faint|p2a: Corviknight
|-hitcount|p2: Corviknight|4
|
|upkeep
|
|t:|1758978854
|switch|p2a: Lokix|Lokix, M|71/100
|turn|17
|
|t:|1758978858
|move|p2a: Lokix|First Impression|p1a: Kyurem
|-damage|p1a: Kyurem|8/100
|-damage|p2a: Lokix|61/100|[from] item: Life Orb
|move|p1a: Kyurem|Scale Shot|p2a: Lokix
|-damage|p2a: Lokix|8/100
|-crit|p2a: Lokix
|-damage|p2a: Lokix|0 fnt
|faint|p2a: Lokix
|-hitcount|p2: Lokix|2
|-unboost|p1a: Kyurem|def|1
|-boost|p1a: Kyurem|spe|1
|
|upkeep
|
|t:|1758978879
|switch|p2a: Minior|Minior, shiny|100/100
|-formechange|p2a: Minior|Minior-Meteor||[from] ability: Shields Down
|turn|18
|
|t:|1758978886
|move|p1a: Kyurem|Icicle Spear|p2a: Minior
|-supereffective|p2a: Minior
|-damage|p2a: Minior|31/100
|-supereffective|p2a: Minior
|-damage|p2a: Minior|0 fnt
|faint|p2a: Minior
|-hitcount|p2: Minior|2
|
|upkeep
|
|t:|1758978891
|switch|p2a: Excadrill|Excadrill, F, tera:Flying|100/100
|-ability|p2a: Excadrill|Mold Breaker
|turn|19
|
|t:|1758978894
|move|p1a: Kyurem|Icicle Spear|p2a: Excadrill
|-supereffective|p2a: Excadrill
|-damage|p2a: Excadrill|18/100
|-supereffective|p2a: Excadrill
|-damage|p2a: Excadrill|0 fnt
|faint|p2a: Excadrill
|-hitcount|p2: Excadrill|2
|
|upkeep
|
|t:|1758978909
|switch|p2a: Dragapult|Dragapult, F, shiny|100/100
|turn|20
|-message|SadTanwa forfeited.
|
|win|JMac6086
|raw|JMac6086's rating: 1110 &rarr; <strong>1134</strong><br />(+24 for winning)
|raw|SadTanwa's rating: 1102 &rarr; <strong>1078</strong><br />(-24 for losing)
|l|☆SadTanwa
|player|p2|
|l|☆JMac6086
|player|p1|
