|j|☆yorkito
|j|☆Noir Z
|t:|1758946540
|gametype|singles
|player|p1|yorkito|1|1466
|player|p2|Noir Z|unknown|1459
|gen|9
|tier|[Gen 9] OU
|rated|
|rule|HP Percentage Mod: HP is shown in percentages
|rule|Endless Battle Clause: Forcing endless battles is banned
|rule|Species Clause: Limit one of each Pokémon
|rule|OHKO Clause: OHKO moves are banned
|rule|Evasion Items Clause: Evasion items are banned
|rule|Evasion Moves Clause: Evasion moves are banned
|rule|Evasion Abilities Clause: Evasion abilities are banned
|rule|Sleep Moves Clause: Sleep-inducing moves are banned
|clearpoke
|poke|p1|Heatran, F|
|poke|p1|Corviknight, F|
|poke|p1|Ogerpon-Wellspring, F|
|poke|p1|Dragapult, F|
|poke|p1|Great Tusk|
|poke|p1|Clefable, F|
|poke|p2|Rillaboom, M|
|poke|p2|Corviknight, M|
|poke|p2|Cinderace, M|
|poke|p2|Dragapult, M|
|poke|p2|Garganacl, F|
|poke|p2|Kyurem|
|teampreview
|
|t:|1758946555
|teamsize|p1|6
|teamsize|p2|6
|start
|switch|p1a: Heatran|Heatran, F|100/100
|switch|p2a: Cinderace|Cinderace, M|100/100
|turn|1
|
|t:|1758946568
|switch|p2a: Garganacl|Garganacl, F|100/100
|move|p1a: Heatran|Earth Power|p2a: Garganacl
|-supereffective|p2a: Garganacl
|-damage|p2a: Garganacl|58/100
|
|-heal|p2a: Garganacl|65/100|[from] item: Leftovers
|upkeep
|turn|2
|
|t:|1758946576
|move|p1a: Heatran|Substitute|p1a: Heatran
|-start|p1a: Heatran|Substitute
|-damage|p1a: Heatran|75/100
|move|p2a: Garganacl|Recover|p2a: Garganacl
|-heal|p2a: Garganacl|100/100
|
|-heal|p1a: Heatran|82/100|[from] item: Leftovers
|upkeep
|turn|3
|
|t:|1758946583
|move|p1a: Heatran|Earth Power|p2a: Garganacl
|-supereffective|p2a: Garganacl
|-damage|p2a: Garganacl|54/100
|move|p2a: Garganacl|Stealth Rock|p1a: Heatran
|-sidestart|p1: yorkito|move: Stealth Rock
|
|-heal|p1a: Heatran|88/100|[from] item: Leftovers
|-heal|p2a: Garganacl|60/100|[from] item: Leftovers
|upkeep
|turn|4
|l|☆yorkito
|player|p1|
|j|☆yorkito
|player|p1|yorkito|1|
|
|t:|1758946592
|move|p2a: Garganacl|Protect|p2a: Garganacl
|-singleturn|p2a: Garganacl|Protect
|move|p1a: Heatran|Earth Power|p2a: Garganacl
|-activate|p2a: Garganacl|move: Protect
|
|-heal|p1a: Heatran|94/100|[from] item: Leftovers
|-heal|p2a: Garganacl|66/100|[from] item: Leftovers
|upkeep
|turn|5
|
|t:|1758946599
|move|p1a: Heatran|Earth Power|p2a: Garganacl
|-supereffective|p2a: Garganacl
|-damage|p2a: Garganacl|21/100
|move|p2a: Garganacl|Recover|p2a: Garganacl
|-heal|p2a: Garganacl|71/100
|
|-heal|p1a: Heatran|99/100|[from] item: Leftovers
|-heal|p2a: Garganacl|77/100|[from] item: Leftovers
|upkeep
|turn|6
|
|t:|1758946607
|move|p1a: Heatran|Earth Power|p2a: Garganacl
|-supereffective|p2a: Garganacl
|-damage|p2a: Garganacl|30/100
|move|p2a: Garganacl|Salt Cure|p1a: Heatran
|-activate|p1a: Heatran|move: Substitute|[damage]
|
|-heal|p1a: Heatran|100/100|[from] item: Leftovers
|-heal|p2a: Garganacl|36/100|[from] item: Leftovers
|upkeep
|turn|7
|
|t:|1758946615
|move|p2a: Garganacl|Protect|p2a: Garganacl
|-singleturn|p2a: Garganacl|Protect
|move|p1a: Heatran|Earth Power|p2a: Garganacl
|-activate|p2a: Garganacl|move: Protect
|
|-heal|p2a: Garganacl|42/100|[from] item: Leftovers
|upkeep
|turn|8
|
|t:|1758946622
|switch|p2a: Kyurem|Kyurem|100/100
|-ability|p2a: Kyurem|Pressure
|move|p1a: Heatran|Earth Power|p2a: Kyurem
|-damage|p2a: Kyurem|69/100
|
|-heal|p2a: Kyurem|76/100|[from] item: Leftovers
|upkeep
|turn|9
|
|t:|1758946631
|move|p2a: Kyurem|Protect|p2a: Kyurem
|-singleturn|p2a: Kyurem|Protect
|move|p1a: Heatran|Flash Cannon|p2a: Kyurem
|-activate|p2a: Kyurem|move: Protect
|
|-heal|p2a: Kyurem|82/100|[from] item: Leftovers
|upkeep
|turn|10
|
|t:|1758946642
|switch|p2a: Corviknight|Corviknight, M|100/100
|-ability|p2a: Corviknight|Pressure
|move|p1a: Heatran|Flash Cannon|p2a: Corviknight
|-resisted|p2a: Corviknight
|-damage|p2a: Corviknight|85/100
|
|upkeep
|turn|11
|
|t:|1758946649
|switch|p2a: Garganacl|Garganacl, F|42/100
|move|p1a: Heatran|Flamethrower|p2a: Garganacl
|-resisted|p2a: Garganacl
|-damage|p2a: Garganacl|26/100
|
|-heal|p2a: Garganacl|32/100|[from] item: Leftovers
|upkeep
|turn|12
|j| mustang Dijon
|
|t:|1758946657
|move|p2a: Garganacl|Protect|p2a: Garganacl
|-singleturn|p2a: Garganacl|Protect
|move|p1a: Heatran|Earth Power|p2a: Garganacl
|-activate|p2a: Garganacl|move: Protect
|
|-heal|p2a: Garganacl|38/100|[from] item: Leftovers
|upkeep
|turn|13
|
|t:|1758946678
|switch|p2a: Corviknight|Corviknight, M|85/100
|-ability|p2a: Corviknight|Pressure
|move|p1a: Heatran|Earth Power|p2a: Corviknight
|-immune|p2a: Corviknight
|
|upkeep
|turn|14
|
|t:|1758946686
|move|p1a: Heatran|Flamethrower|p2a: Corviknight
|-supereffective|p2a: Corviknight
|-damage|p2a: Corviknight|12/100
|move|p2a: Corviknight|Roost|p2a: Corviknight
|-heal|p2a: Corviknight|62/100
|-singleturn|p2a: Corviknight|move: Roost
|
|upkeep
|turn|15
|
|t:|1758946694
|switch|p2a: Garganacl|Garganacl, F|38/100
|move|p1a: Heatran|Flamethrower|p2a: Garganacl
|-resisted|p2a: Garganacl
|-damage|p2a: Garganacl|22/100
|
|-heal|p2a: Garganacl|28/100|[from] item: Leftovers
|upkeep
|turn|16
|
|t:|1758946703
|move|p2a: Garganacl|Protect|p2a: Garganacl
|-singleturn|p2a: Garganacl|Protect
|move|p1a: Heatran|Flamethrower|p2a: Garganacl
|-activate|p2a: Garganacl|move: Protect
|
|-heal|p2a: Garganacl|34/100|[from] item: Leftovers
|upkeep
|turn|17
|
|t:|1758946718
|-terastallize|p2a: Garganacl|Grass
|move|p1a: Heatran|Flamethrower|p2a: Garganacl
|-supereffective|p2a: Garganacl
|-damage|p2a: Garganacl|0 fnt
|faint|p2a: Garganacl
|
|upkeep
|
|t:|1758946729
|switch|p2a: Dragapult|Dragapult, M|100/100
|turn|18
|
|t:|1758946733
|move|p2a: Dragapult|Hex|p1a: Heatran
|-damage|p1a: Heatran|74/100
|move|p1a: Heatran|Earth Power|p2a: Dragapult
|-damage|p2a: Dragapult|52/100
|
|-heal|p1a: Heatran|80/100|[from] item: Leftovers
|upkeep
|turn|19
|
|t:|1758946741
|move|p2a: Dragapult|Hex|p1a: Heatran
|-damage|p1a: Heatran|53/100
|move|p1a: Heatran|Earth Power|p2a: Dragapult
|-damage|p2a: Dragapult|1/100
|
|-heal|p1a: Heatran|59/100|[from] item: Leftovers
|upkeep
|turn|20
|
|t:|1758946748
|move|p2a: Dragapult|Draco Meteor|p1a: Heatran
|-resisted|p1a: Heatran
|-damage|p1a: Heatran|33/100
|-unboost|p2a: Dragapult|spa|2
|move|p1a: Heatran|Earth Power|p2a: Dragapult
|-damage|p2a: Dragapult|0 fnt
|faint|p2a: Dragapult
|
|-heal|p1a: Heatran|39/100|[from] item: Leftovers
|upkeep
|
|t:|1758946757
|switch|p2a: Cinderace|Cinderace, M|100/100
|turn|21
|
|t:|1758946764
|move|p2a: Cinderace|U-turn|p1a: Heatran
|-start|p2a: Cinderace|typechange|Bug|[from] ability: Libero
|-resisted|p1a: Heatran
|-activate|p1a: Heatran|move: Substitute|[damage]
|
|t:|1758946769
|switch|p2a: Corviknight|Corviknight, M|62/100|[from] U-turn
|-ability|p2a: Corviknight|Pressure
|move|p1a: Heatran|Flamethrower|p2a: Corviknight
|-supereffective|p2a: Corviknight
|-damage|p2a: Corviknight|0 fnt
|faint|p2a: Corviknight
|
|-heal|p1a: Heatran|45/100|[from] item: Leftovers
|upkeep
|-message|Noir Z forfeited.
|
|win|yorkito
|raw|yorkito's rating: 1466 &rarr; <strong>1486</strong><br />(+20 for winning)
|raw|Noir Z's rating: 1459 &rarr; <strong>1439</strong><br />(-20 for losing)
|l|☆Noir Z
|player|p2|
|l|☆yorkito
|player|p1|
