|j|☆thegreatestnone
|j|☆Mothic reno
|t:|1758947935
|gametype|singles
|player|p1|thegreatestnone|2|1496
|player|p2|Mothic reno|265|1492
|gen|9
|tier|[Gen 9] OU
|rated|
|rule|HP Percentage Mod: HP is shown in percentages
|rule|Endless Battle Clause: Forcing endless battles is banned
|rule|Species Clause: Limit one of each Pokémon
|rule|OHKO Clause: OHKO moves are banned
|rule|Evasion Items Clause: Evasion items are banned
|rule|Evasion Moves Clause: Evasion moves are banned
|rule|Evasion Abilities Clause: Evasion abilities are banned
|rule|Sleep Moves Clause: Sleep-inducing moves are banned
|clearpoke
|poke|p1|Walking Wake|
|poke|p1|Ting-Lu|
|poke|p1|Skeledirge, M|
|poke|p1|Gholdengo|
|poke|p1|Weezing-Galar, F|
|poke|p1|Slowking, M|
|poke|p2|Darkrai|
|poke|p2|Kingambit, M|
|poke|p2|Samurott-Hisui, F|
|poke|p2|Great Tusk|
|poke|p2|Ogerpon-Wellspring, F|
|poke|p2|Gholdengo|
|teampreview
|
|t:|1758947943
|teamsize|p1|6
|teamsize|p2|6
|start
|switch|p1a: Walking Wake|Walking Wake|100/100
|switch|p2a: Samurott|Samurott-Hisui, F|100/100
|turn|1
|
|t:|1758947957
|move|p2a: Samurott|Ceaseless Edge|p1a: Walking Wake
|-damage|p1a: Walking Wake|53/100
|-sidestart|p1: thegreatestnone|Spikes
|move|p1a: Walking Wake|Draco Meteor|p2a: Samurott
|-damage|p2a: Samurott|0 fnt
|-unboost|p1a: Walking Wake|spa|2
|faint|p2a: Samurott
|
|-heal|p1a: Walking Wake|60/100|[from] item: Leftovers
|upkeep
|
|t:|1758947969
|switch|p2a: Ogerpon|Ogerpon-Wellspring, F|100/100
|turn|2
|
|t:|1758947976
|-end|p1a: Walking Wake|Protosynthesis|[silent]
|switch|p1a: Weezing|Weezing-Galar, F|100/100
|move|p2a: Ogerpon|Swords Dance|p2a: Ogerpon
|-boost|p2a: Ogerpon|atk|2
|
|upkeep
|turn|3
|
|t:|1758947983
|-terastallize|p2a: Ogerpon|Water
|detailschange|p2a: Ogerpon|Ogerpon-Wellspring-Tera, F, tera:Water
|-ability|p2a: Ogerpon|Embody Aspect (Wellspring)|boost
|-boost|p2a: Ogerpon|spd|1
|move|p2a: Ogerpon|Ivy Cudgel|p1a: Weezing|[anim] Ivy Cudgel Water
|-damage|p1a: Weezing|0 fnt
|faint|p1a: Weezing
|
|upkeep
|
|t:|1758947992
|switch|p1a: Skeledirge|Skeledirge, M|100/100
|turn|4
|
|t:|1758947996
|switch|p2a: Darkrai|Darkrai|100/100
|-terastallize|p1a: Skeledirge|Water
|move|p1a: Skeledirge|Will-O-Wisp|p2a: Darkrai|[miss]
|-miss|p1a: Skeledirge|p2a: Darkrai
|
|upkeep
|turn|5
|
|t:|1758948006
|switch|p1a: Ting-Lu|Ting-Lu|100/100
|-damage|p1a: Ting-Lu|88/100|[from] Spikes
|-ability|p1a: Ting-Lu|Vessel of Ruin
|move|p2a: Darkrai|Trick|p1a: Ting-Lu
|-activate|p2a: Darkrai|move: Trick|[of] p1a: Ting-Lu
|-item|p1a: Ting-Lu|Choice Scarf|[from] move: Trick
|-item|p2a: Darkrai|Leftovers|[from] move: Trick
|
|upkeep
|turn|6
|
|t:|1758948021
|switch|p2a: Great Tusk|Great Tusk|100/100
|move|p1a: Ting-Lu|Earthquake|p2a: Great Tusk
|-crit|p2a: Great Tusk
|-damage|p2a: Great Tusk|75/100
|
|upkeep
|turn|7
|-message|thegreatestnone forfeited.
|
|win|Mothic reno
|raw|thegreatestnone's rating: 1496 &rarr; <strong>1476</strong><br />(-20 for losing)
|raw|Mothic reno's rating: 1492 &rarr; <strong>1512</strong><br />(+20 for winning)
|l|☆thegreatestnone
|player|p1|
|l|☆Mothic reno
|player|p2|
