|j|☆dragonfandan
|j|☆harc
|t:|1759039270
|gametype|singles
|player|p1|dragonfandan|lance|1298
|player|p2|harc|ninjaboy|1226
|gen|9
|tier|[Gen 9] OU
|rated|
|rule|HP Percentage Mod: HP is shown in percentages
|rule|Endless Battle Clause: Forcing endless battles is banned
|rule|Species Clause: Limit one of each Pokémon
|rule|OHKO Clause: OHKO moves are banned
|rule|Evasion Items Clause: Evasion items are banned
|rule|Evasion Moves Clause: Evasion moves are banned
|rule|Evasion Abilities Clause: Evasion abilities are banned
|rule|Sleep Moves Clause: Sleep-inducing moves are banned
|clearpoke
|poke|p1|Hoopa-Unbound|
|poke|p1|Slowking-Galar, F|
|poke|p1|Great Tusk|
|poke|p1|Ting-Lu|
|poke|p1|Alomomola, M|
|poke|p1|Corviknight, M|
|poke|p2|Corviknight, M|
|poke|p2|Clefable, M|
|poke|p2|Tyranitar, M|
|poke|p2|Hippowdon, F|
|poke|p2|Excadrill, M|
|poke|p2|Reuniclus, F|
|teampreview
|inactive|Battle timer is ON: inactive players will automatically lose when time's up. (requested by dragonfandan)
|
|t:|1759039296
|teamsize|p1|6
|teamsize|p2|6
|start
|switch|p1a: Hoopa|Hoopa-Unbound|100/100
|switch|p2a: Hippowdon|Hippowdon, F|100/100
|-weather|Sandstorm|[from] ability: Sand Stream|[of] p2a: Hippowdon
|turn|1
|
|t:|1759039305
|move|p1a: Hoopa|Hyperspace Fury|p2a: Hippowdon
|-damage|p2a: Hippowdon|55/100
|-unboost|p1a: Hoopa|def|1
|move|p2a: Hippowdon|Stealth Rock|p1a: Hoopa
|-sidestart|p1: dragonfandan|move: Stealth Rock
|
|-weather|Sandstorm|[upkeep]
|-damage|p1a: Hoopa|95/100|[from] Sandstorm
|upkeep
|turn|2
|
|t:|1759039318
|switch|p1a: Ting-Lu|Ting-Lu|100/100
|-damage|p1a: Ting-Lu|94/100|[from] Stealth Rock
|-ability|p1a: Ting-Lu|Vessel of Ruin
|move|p2a: Hippowdon|Earthquake|p1a: Ting-Lu
|-damage|p1a: Ting-Lu|75/100
|
|-weather|Sandstorm|[upkeep]
|-heal|p1a: Ting-Lu|81/100|[from] item: Leftovers
|upkeep
|turn|3
|
|t:|1759039346
|switch|p2a: Reuniclus|Reuniclus, F|100/100
|move|p1a: Ting-Lu|Whirlwind|p2a: Reuniclus
|drag|p2a: Excadrill|Excadrill, M|100/100
|
|-weather|Sandstorm|[upkeep]
|-heal|p1a: Ting-Lu|87/100|[from] item: Leftovers
|upkeep
|turn|4
|inactive|harc has 120 seconds left.
|
|t:|1759039364
|switch|p2a: Clefable|Clefable, M|100/100
|move|p1a: Ting-Lu|Ruination|p2a: Clefable
|-damage|p2a: Clefable|50/100
|
|-weather|Sandstorm|[upkeep]
|-damage|p2a: Clefable|44/100|[from] Sandstorm
|-heal|p2a: Clefable|50/100|[from] item: Leftovers
|-heal|p1a: Ting-Lu|93/100|[from] item: Leftovers
|upkeep
|turn|5
|inactive|harc has 120 seconds left.
|
|t:|1759039383
|switch|p1a: Slowking|Slowking-Galar, F|100/100
|move|p2a: Clefable|Wish|p2a: Clefable
|
|-weather|Sandstorm|[upkeep]
|-damage|p2a: Clefable|44/100|[from] Sandstorm
|-damage|p1a: Slowking|94/100|[from] Sandstorm
|-heal|p2a: Clefable|50/100|[from] item: Leftovers
|upkeep
|turn|6
|
|t:|1759039392
|move|p2a: Clefable|Thunder Wave|p1a: Slowking
|-status|p1a: Slowking|par
|-prepare|p1a: Slowking|Chilly Reception|[premajor]
|move|p1a: Slowking|Chilly Reception|p1a: Slowking
|-weather|Snowscape
|
|t:|1759039403
|switch|p1a: Great Tusk|Great Tusk|100/100|[from] Chilly Reception
|
|-weather|Snowscape|[upkeep]
|-heal|p2a: Clefable|100/100|[from] move: Wish|[wisher] Clefable
|upkeep
|turn|7
|
|t:|1759039419
|-end|p1a: Great Tusk|Protosynthesis|[silent]
|switch|p1a: Slowking|Slowking-Galar, F|100/100 par
|move|p2a: Clefable|Protect||[still]
|-fail|p2a: Clefable
|
|-weather|Snowscape|[upkeep]
|upkeep
|turn|8
|
|t:|1759039430
|switch|p2a: Reuniclus|Reuniclus, F|100/100
|move|p1a: Slowking|Fire Blast|p2a: Reuniclus
|-damage|p2a: Reuniclus|67/100
|
|-weather|Snowscape|[upkeep]
|upkeep
|turn|9
|
|t:|1759039443
|move|p2a: Reuniclus|Psychic Noise|p1a: Slowking
|-damage|p1a: Slowking|71/100 par
|-start|p1a: Slowking|move: Heal Block
|move|p1a: Slowking|Future Sight|p2a: Reuniclus
|-start|p1a: Slowking|move: Future Sight
|
|-weather|Snowscape|[upkeep]
|upkeep
|turn|10
|
|t:|1759039451
|switch|p1a: Ting-Lu|Ting-Lu|93/100
|-damage|p1a: Ting-Lu|87/100|[from] Stealth Rock
|-ability|p1a: Ting-Lu|Vessel of Ruin
|move|p2a: Reuniclus|Calm Mind|p2a: Reuniclus
|-boost|p2a: Reuniclus|spa|1
|-boost|p2a: Reuniclus|spd|1
|
|-weather|none
|-heal|p1a: Ting-Lu|93/100|[from] item: Leftovers
|upkeep
|turn|11
|inactive|harc has 120 seconds left.
|
|t:|1759039480
|move|p2a: Reuniclus|Recover|p2a: Reuniclus
|-heal|p2a: Reuniclus|100/100
|move|p1a: Ting-Lu|Whirlwind|p2a: Reuniclus
|drag|p2a: Corviknight|Corviknight, M|100/100
|
|-end|p2a: Corviknight|move: Future Sight
|-resisted|p2a: Corviknight
|-damage|p2a: Corviknight|85/100
|-heal|p1a: Ting-Lu|99/100|[from] item: Leftovers
|upkeep
|turn|12
|inactive|harc has 120 seconds left.
|
|t:|1759039493
|switch|p2a: Clefable|Clefable, M|100/100
|move|p1a: Ting-Lu|Ruination|p2a: Clefable
|-damage|p2a: Clefable|50/100
|
|-heal|p2a: Clefable|57/100|[from] item: Leftovers
|-heal|p1a: Ting-Lu|100/100|[from] item: Leftovers
|upkeep
|turn|13
|inactive|harc has 120 seconds left.
|
|t:|1759039503
|move|p2a: Clefable|Wish|p2a: Clefable
|move|p1a: Ting-Lu|Stealth Rock|p2a: Clefable
|-sidestart|p2: harc|move: Stealth Rock
|
|-heal|p2a: Clefable|63/100|[from] item: Leftovers
|upkeep
|turn|14
|
|t:|1759039509
|move|p2a: Clefable|Moonblast|p1a: Ting-Lu
|-supereffective|p1a: Ting-Lu
|-damage|p1a: Ting-Lu|76/100
|move|p1a: Ting-Lu|Spikes|p2a: Clefable
|-sidestart|p2: harc|Spikes
|
|-heal|p2a: Clefable|100/100|[from] move: Wish|[wisher] Clefable
|-heal|p1a: Ting-Lu|82/100|[from] item: Leftovers
|upkeep
|turn|15
|
|t:|1759039521
|move|p2a: Clefable|Wish|p2a: Clefable
|move|p1a: Ting-Lu|Whirlwind|p2a: Clefable
|drag|p2a: Excadrill|Excadrill, M|100/100
|
|-heal|p1a: Ting-Lu|88/100|[from] item: Leftovers
|upkeep
|turn|16
|
|t:|1759039531
|move|p2a: Excadrill|Rapid Spin|p1a: Ting-Lu
|-damage|p1a: Ting-Lu|79/100
|-boost|p2a: Excadrill|spe|1
|-sideend|p2: harc|Spikes|[from] move: Rapid Spin|[of] p2a: Excadrill
|-sideend|p2: harc|Stealth Rock|[from] move: Rapid Spin|[of] p2a: Excadrill
|move|p1a: Ting-Lu|Ruination|p2a: Excadrill
|-damage|p2a: Excadrill|51/100
|
|-heal|p2a: Excadrill|100/100|[from] move: Wish|[wisher] Clefable
|-heal|p1a: Ting-Lu|85/100|[from] item: Leftovers
|upkeep
|turn|17
|
|t:|1759039545
|move|p2a: Excadrill|Earthquake|p1a: Ting-Lu
|-damage|p1a: Ting-Lu|54/100
|move|p1a: Ting-Lu|Whirlwind|p2a: Excadrill
|drag|p2a: Tyranitar|Tyranitar, M|100/100
|-weather|Sandstorm|[from] ability: Sand Stream|[of] p2a: Tyranitar
|
|-weather|Sandstorm|[upkeep]
|-heal|p1a: Ting-Lu|60/100|[from] item: Leftovers
|upkeep
|turn|18
|
|t:|1759039558
|move|p2a: Tyranitar|Knock Off|p1a: Ting-Lu
|-resisted|p1a: Ting-Lu
|-damage|p1a: Ting-Lu|48/100
|-enditem|p1a: Ting-Lu|Leftovers|[from] move: Knock Off|[of] p2a: Tyranitar
|move|p1a: Ting-Lu|Ruination|p2a: Tyranitar|[miss]
|-miss|p1a: Ting-Lu|p2a: Tyranitar
|
|-weather|Sandstorm|[upkeep]
|upkeep
|turn|19
|
|t:|1759039572
|switch|p2a: Hippowdon|Hippowdon, F|55/100
|switch|p1a: Great Tusk|Great Tusk|100/100
|
|-weather|Sandstorm|[upkeep]
|upkeep
|turn|20
|
|t:|1759039581
|move|p1a: Great Tusk|Ice Spinner|p2a: Hippowdon
|-supereffective|p2a: Hippowdon
|-damage|p2a: Hippowdon|24/100
|move|p2a: Hippowdon|Slack Off|p2a: Hippowdon
|-heal|p2a: Hippowdon|74/100
|
|-weather|Sandstorm|[upkeep]
|upkeep
|turn|21
|
|t:|1759039591
|move|p1a: Great Tusk|Knock Off|p2a: Hippowdon
|-damage|p2a: Hippowdon|57/100
|-enditem|p2a: Hippowdon|Smooth Rock|[from] move: Knock Off|[of] p1a: Great Tusk
|move|p2a: Hippowdon|Slack Off|p2a: Hippowdon
|-heal|p2a: Hippowdon|100/100
|
|-weather|none
|upkeep
|turn|22
|
|t:|1759039599
|-end|p1a: Great Tusk|Protosynthesis|[silent]
|switch|p1a: Alomomola|Alomomola, M|100/100
|-damage|p1a: Alomomola|88/100|[from] Stealth Rock
|move|p2a: Hippowdon|Earthquake|p1a: Alomomola
|-damage|p1a: Alomomola|67/100
|
|upkeep
|turn|23
|
|t:|1759039615
|switch|p2a: Reuniclus|Reuniclus, F|100/100
|move|p1a: Alomomola|Wish|p1a: Alomomola
|
|upkeep
|turn|24
|
|t:|1759039621
|switch|p1a: Ting-Lu|Ting-Lu|48/100
|-damage|p1a: Ting-Lu|42/100|[from] Stealth Rock
|-ability|p1a: Ting-Lu|Vessel of Ruin
|move|p2a: Reuniclus|Psychic Noise|p1a: Ting-Lu
|-immune|p1a: Ting-Lu
|
|-heal|p1a: Ting-Lu|94/100|[from] move: Wish|[wisher] Alomomola
|upkeep
|turn|25
|inactive|harc has 120 seconds left.
|
|t:|1759039666
|switch|p1a: Slowking|Slowking-Galar, F|100/100 par
|move|p2a: Reuniclus|Calm Mind|p2a: Reuniclus
|-boost|p2a: Reuniclus|spa|1
|-boost|p2a: Reuniclus|spd|1
|
|upkeep
|turn|26
|
|t:|1759039674
|move|p2a: Reuniclus|Psychic Noise|p1a: Slowking
|-damage|p1a: Slowking|56/100 par
|-start|p1a: Slowking|move: Heal Block
|-prepare|p1a: Slowking|Chilly Reception|[premajor]
|move|p1a: Slowking|Chilly Reception|p1a: Slowking
|-weather|Snowscape
|
|t:|1759039682
|switch|p1a: Hoopa|Hoopa-Unbound|95/100|[from] Chilly Reception
|-damage|p1a: Hoopa|82/100|[from] Stealth Rock
|
|-weather|Snowscape|[upkeep]
|upkeep
|turn|27
|inactive|harc has 120 seconds left.
|
|t:|1759039697
|switch|p2a: Hippowdon|Hippowdon, F|100/100
|-weather|Sandstorm|[from] ability: Sand Stream|[of] p2a: Hippowdon
|move|p1a: Hoopa|Hyperspace Fury|p2a: Hippowdon
|-damage|p2a: Hippowdon|50/100
|-unboost|p1a: Hoopa|def|1
|
|-weather|Sandstorm|[upkeep]
|-damage|p1a: Hoopa|76/100|[from] Sandstorm
|upkeep
|turn|28
|inactive|harc has 120 seconds left.
|
|t:|1759039708
|move|p1a: Hoopa|Hyperspace Fury|p2a: Hippowdon
|-damage|p2a: Hippowdon|6/100
|-unboost|p1a: Hoopa|def|1
|move|p2a: Hippowdon|Earthquake|p1a: Hoopa
|-damage|p1a: Hoopa|0 fnt
|faint|p1a: Hoopa
|
|-weather|Sandstorm|[upkeep]
|upkeep
|-message|dragonfandan forfeited.
|
|win|harc
|raw|dragonfandan's rating: 1298 &rarr; <strong>1268</strong><br />(-30 for losing)
|raw|harc's rating: 1226 &rarr; <strong>1256</strong><br />(+30 for winning)
|l|☆dragonfandan
|player|p1|
|l|☆harc
|player|p2|
