|j|☆elpets
|j|☆Gible808
|t:|1759011833
|gametype|singles
|player|p1|elpets|infielder|1682
|player|p2|Gible808|170|1740
|gen|9
|tier|[Gen 9] OU
|rated|
|rule|HP Percentage Mod: HP is shown in percentages
|rule|Endless Battle Clause: Forcing endless battles is banned
|rule|Species Clause: Limit one of each Pokémon
|rule|OHKO Clause: OHKO moves are banned
|rule|Evasion Items Clause: Evasion items are banned
|rule|Evasion Moves Clause: Evasion moves are banned
|rule|Evasion Abilities Clause: Evasion abilities are banned
|rule|Sleep Moves Clause: Sleep-inducing moves are banned
|clearpoke
|poke|p1|Hatterene, F|
|poke|p1|Dragonite, F|
|poke|p1|Breloom, F|
|poke|p1|Azumarill, F|
|poke|p1|Great Tusk|
|poke|p1|Skeledirge, F|
|poke|p2|Cinderace, F|
|poke|p2|Tinkaton, F|
|poke|p2|Great Tusk|
|poke|p2|Dragapult, M|
|poke|p2|Muk-Alola, F|
|poke|p2|Alomomola, M|
|teampreview
|inactive|Battle timer is ON: inactive players will automatically lose when time's up. (requested by elpets)
|
|t:|1759011844
|teamsize|p1|6
|teamsize|p2|6
|start
|switch|p1a: Azumarill|Azumarill, F|100/100
|switch|p2a: Dragapult|Dragapult, M|100/100
|turn|1
|
|t:|1759011853
|switch|p2a: Alomomola|Alomomola, M|100/100
|move|p1a: Azumarill|Knock Off|p2a: Alomomola
|-damage|p2a: Alomomola|77/100
|-damage|p1a: Azumarill|84/100|[from] item: Rocky Helmet|[of] p2a: Alomomola
|-enditem|p2a: Alomomola|Rocky Helmet|[from] move: Knock Off|[of] p1a: Azumarill
|
|upkeep
|turn|2
|
|t:|1759011858
|move|p2a: Alomomola|Body Slam|p1a: Azumarill
|-damage|p1a: Azumarill|67/100
|move|p1a: Azumarill|Play Rough|p2a: Alomomola
|-damage|p2a: Alomomola|45/100
|-unboost|p2a: Alomomola|atk|1
|
|upkeep
|turn|3
|
|t:|1759011864
|move|p2a: Alomomola|Flip Turn|p1a: Azumarill
|-resisted|p1a: Azumarill
|-damage|p1a: Azumarill|62/100
|
|t:|1759011871
|switch|p2a: Tinkaton|Tinkaton, F|100/100|[from] Flip Turn
|-item|p2a: Tinkaton|Air Balloon
|move|p1a: Azumarill|Liquidation|p2a: Tinkaton
|-damage|p2a: Tinkaton|29/100
|-enditem|p2a: Tinkaton|Air Balloon
|-enditem|p1a: Azumarill|Assault Vest|[silent]|[from] ability: Pickpocket|[of] p1a: Azumarill
|-item|p2a: Tinkaton|Assault Vest|[from] ability: Pickpocket|[of] p1a: Azumarill
|
|upkeep
|turn|4
|
|t:|1759011875
|move|p2a: Tinkaton|Gigaton Hammer|p1a: Azumarill
|-damage|p1a: Azumarill|0 fnt
|faint|p1a: Azumarill
|
|upkeep
|
|t:|1759011879
|switch|p1a: Dragonite|Dragonite, F|100/100
|turn|5
|
|t:|1759011880
|move|p2a: Tinkaton|Ice Hammer|p1a: Dragonite
|-supereffective|p1a: Dragonite
|-damage|p1a: Dragonite|48/100
|-unboost|p2a: Tinkaton|spe|1
|move|p1a: Dragonite|Dragon Dance|p1a: Dragonite
|-boost|p1a: Dragonite|atk|1
|-boost|p1a: Dragonite|spe|1
|
|upkeep
|turn|6
|
|t:|1759011883
|move|p1a: Dragonite|Fire Punch|p2a: Tinkaton
|-supereffective|p2a: Tinkaton
|-damage|p2a: Tinkaton|0 fnt
|faint|p2a: Tinkaton
|
|upkeep
|
|t:|1759011887
|switch|p2a: Alomomola|Alomomola, M|78/100
|turn|7
|
|t:|1759011890
|move|p1a: Dragonite|Outrage|p2a: Alomomola
|-damage|p2a: Alomomola|32/100
|move|p2a: Alomomola|Tickle|p1a: Dragonite
|-unboost|p1a: Dragonite|atk|1
|-unboost|p1a: Dragonite|def|1
|
|upkeep
|turn|8
|
|t:|1759011897
|move|p1a: Dragonite|Outrage|p2a: Alomomola|[from] lockedmove
|-damage|p2a: Alomomola|0 fnt
|faint|p2a: Alomomola
|-start|p1a: Dragonite|confusion|[fatigue]
|-enditem|p1a: Dragonite|Lum Berry|[eat]
|-end|p1a: Dragonite|confusion
|
|upkeep
|
|t:|1759011906
|switch|p2a: Great Tusk|Great Tusk|100/100
|turn|9
|
|t:|1759011921
|move|p1a: Dragonite|Outrage|p2a: Great Tusk
|-damage|p2a: Great Tusk|51/100
|move|p2a: Great Tusk|Ice Spinner|p1a: Dragonite
|-supereffective|p1a: Dragonite
|-damage|p1a: Dragonite|0 fnt
|faint|p1a: Dragonite
|
|upkeep
|
|t:|1759011929
|switch|p1a: Hatterene|Hatterene, F|100/100
|turn|10
|
|t:|1759011932
|-end|p2a: Great Tusk|Protosynthesis|[silent]
|switch|p2a: Muk|Muk-Alola, F|100/100
|move|p1a: Hatterene|Draining Kiss|p2a: Muk
|-damage|p2a: Muk|87/100
|
|upkeep
|turn|11
|
|t:|1759011937
|move|p2a: Muk|Poison Jab|p1a: Hatterene
|-supereffective|p1a: Hatterene
|-damage|p1a: Hatterene|23/100
|-status|p1a: Hatterene|psn
|move|p1a: Hatterene|Draining Kiss|p2a: Muk
|-damage|p2a: Muk|73/100
|-heal|p1a: Hatterene|37/100 psn|[from] drain|[of] p2a: Muk
|
|-heal|p1a: Hatterene|43/100 psn|[from] item: Leftovers
|-damage|p1a: Hatterene|30/100 psn|[from] psn
|upkeep
|turn|12
|
|t:|1759011941
|move|p2a: Muk|Knock Off|p1a: Hatterene
|-damage|p1a: Hatterene|0 fnt
|-enditem|p1a: Hatterene|Leftovers|[from] move: Knock Off|[of] p2a: Muk
|faint|p1a: Hatterene
|
|upkeep
|
|t:|1759011942
|switch|p1a: Great Tusk|Great Tusk|100/100
|-enditem|p1a: Great Tusk|Booster Energy
|-activate|p1a: Great Tusk|ability: Protosynthesis|[fromitem]
|-start|p1a: Great Tusk|protosynthesisatk
|turn|13
|
|t:|1759011950
|switch|p2a: Dragapult|Dragapult, M|100/100
|move|p1a: Great Tusk|Headlong Rush|p2a: Dragapult
|-damage|p2a: Dragapult|0 fnt
|-unboost|p1a: Great Tusk|def|1
|-unboost|p1a: Great Tusk|spd|1
|faint|p2a: Dragapult
|
|upkeep
|
|t:|1759011953
|switch|p2a: Cinderace|Cinderace, F|100/100
|turn|14
|
|t:|1759011959
|-end|p1a: Great Tusk|Protosynthesis|[silent]
|switch|p1a: Skeledirge|Skeledirge, F|100/100
|move|p2a: Cinderace|Pyro Ball|p1a: Skeledirge
|-resisted|p1a: Skeledirge
|-damage|p1a: Skeledirge|82/100
|
|upkeep
|turn|15
|
|t:|1759011962
|move|p2a: Cinderace|U-turn|p1a: Skeledirge
|-start|p2a: Cinderace|typechange|Bug|[from] ability: Libero
|-resisted|p1a: Skeledirge
|-damage|p1a: Skeledirge|76/100
|
|t:|1759011964
|switch|p2a: Muk|Muk-Alola, F|73/100|[from] U-turn
|move|p1a: Skeledirge|Torch Song|p2a: Muk
|-damage|p2a: Muk|58/100
|-boost|p1a: Skeledirge|spa|1
|
|upkeep
|turn|16
|
|t:|1759011968
|-terastallize|p1a: Skeledirge|Water
|move|p1a: Skeledirge|Torch Song|p2a: Muk
|-damage|p2a: Muk|36/100
|-boost|p1a: Skeledirge|spa|1
|move|p2a: Muk|Knock Off|p1a: Skeledirge
|-damage|p1a: Skeledirge|48/100
|-enditem|p1a: Skeledirge|Covert Cloak|[from] move: Knock Off|[of] p2a: Muk
|
|upkeep
|turn|17
|
|t:|1759011972
|move|p1a: Skeledirge|Slack Off|p1a: Skeledirge
|-heal|p1a: Skeledirge|98/100
|move|p2a: Muk|Drain Punch|p1a: Skeledirge
|-crit|p1a: Skeledirge
|-damage|p1a: Skeledirge|79/100
|-heal|p2a: Muk|46/100|[from] drain|[of] p1a: Skeledirge
|-status|p1a: Skeledirge|psn|[from] ability: Poison Touch|[of] p2a: Muk
|
|-damage|p1a: Skeledirge|66/100 psn|[from] psn
|upkeep
|turn|18
|
|t:|1759011974
|move|p1a: Skeledirge|Torch Song|p2a: Muk
|-damage|p2a: Muk|17/100
|-boost|p1a: Skeledirge|spa|1
|move|p2a: Muk|Drain Punch|p1a: Skeledirge
|-damage|p1a: Skeledirge|53/100 psn
|-heal|p2a: Muk|24/100|[from] drain|[of] p1a: Skeledirge
|
|-damage|p1a: Skeledirge|40/100 psn|[from] psn
|upkeep
|turn|19
|
|t:|1759011976
|move|p1a: Skeledirge|Torch Song|p2a: Muk
|-damage|p2a: Muk|0 fnt
|-boost|p1a: Skeledirge|spa|1
|faint|p2a: Muk
|
|-damage|p1a: Skeledirge|28/100 psn|[from] psn
|upkeep
|
|t:|1759011980
|switch|p2a: Great Tusk|Great Tusk|51/100
|turn|20
|
|t:|1759011982
|move|p2a: Great Tusk|Headlong Rush|p1a: Skeledirge
|-damage|p1a: Skeledirge|0 fnt
|-unboost|p2a: Great Tusk|def|1
|-unboost|p2a: Great Tusk|spd|1
|faint|p1a: Skeledirge
|
|upkeep
|
|t:|1759011984
|switch|p1a: Great Tusk|Great Tusk|100/100
|turn|21
|
|t:|1759011989
|move|p2a: Great Tusk|Ice Spinner|p1a: Great Tusk
|-supereffective|p1a: Great Tusk
|-damage|p1a: Great Tusk|58/100
|move|p1a: Great Tusk|Rapid Spin|p2a: Great Tusk
|-damage|p2a: Great Tusk|31/100
|-boost|p1a: Great Tusk|spe|1
|
|upkeep
|turn|22
|
|t:|1759011992
|move|p1a: Great Tusk|Ice Spinner|p2a: Great Tusk
|-supereffective|p2a: Great Tusk
|-damage|p2a: Great Tusk|0 fnt
|faint|p2a: Great Tusk
|-end|p2a: Great Tusk|Protosynthesis|[silent]
|
|upkeep
|
|t:|1759011994
|switch|p2a: Cinderace|Cinderace, F|100/100
|turn|23
|
|t:|1759012008
|move|p2a: Cinderace|Sucker Punch|p1a: Great Tusk
|-start|p2a: Cinderace|typechange|Dark|[from] ability: Libero
|-resisted|p1a: Great Tusk
|-damage|p1a: Great Tusk|47/100
|move|p1a: Great Tusk|Headlong Rush|p2a: Cinderace
|-damage|p2a: Cinderace|3/100
|-unboost|p1a: Great Tusk|def|1
|-unboost|p1a: Great Tusk|spd|1
|
|upkeep
|turn|24
|
|t:|1759012011
|move|p1a: Great Tusk|Headlong Rush|p2a: Cinderace
|-damage|p2a: Cinderace|0 fnt
|-unboost|p1a: Great Tusk|def|1
|-unboost|p1a: Great Tusk|spd|1
|faint|p2a: Cinderace
|
|win|elpets
|raw|elpets's rating: 1682 &rarr; <strong>1705</strong><br />(+23 for winning)
|raw|Gible808's rating: 1740 &rarr; <strong>1717</strong><br />(-23 for losing)
|l|☆elpets
|player|p1|
|l|☆Gible808
|player|p2|
