|j|☆Havestol
|j|☆showdup
|t:|1758945711
|gametype|singles
|player|p1|Havestol|mars|1486
|player|p2|showdup|scientist|1469
|gen|9
|tier|[Gen 9] OU
|rated|
|rule|HP Percentage Mod: HP is shown in percentages
|rule|Endless Battle Clause: Forcing endless battles is banned
|rule|Species Clause: Limit one of each Pokémon
|rule|OHKO Clause: OHKO moves are banned
|rule|Evasion Items Clause: Evasion items are banned
|rule|Evasion Moves Clause: Evasion moves are banned
|rule|Evasion Abilities Clause: Evasion abilities are banned
|rule|Sleep Moves Clause: Sleep-inducing moves are banned
|clearpoke
|poke|p1|Toxtricity, F|
|poke|p1|Keldeo-Resolute|
|poke|p1|Meowscarada, M|
|poke|p1|Garganacl, M|
|poke|p1|Corviknight, F|
|poke|p1|Cinderace, F|
|poke|p2|Pelipper, F|
|poke|p2|Hatterene, F|
|poke|p2|Iron Treads|
|poke|p2|Toxicroak, F|
|poke|p2|Barraskewda, F|
|poke|p2|Zapdos|
|teampreview
|inactive|Battle timer is ON: inactive players will automatically lose when time's up. (requested by showdup)
|
|t:|1758945728
|teamsize|p1|6
|teamsize|p2|6
|start
|switch|p1a: Garganacl|Garganacl, M|100/100
|switch|p2a: Pelipper|Pelipper, F|100/100
|-weather|RainDance|[from] ability: Drizzle|[of] p2a: Pelipper
|turn|1
|
|t:|1758945736
|-terastallize|p1a: Garganacl|Water
|move|p2a: Pelipper|Knock Off|p1a: Garganacl
|-damage|p1a: Garganacl|91/100
|-enditem|p1a: Garganacl|Leftovers|[from] move: Knock Off|[of] p2a: Pelipper
|move|p1a: Garganacl|Salt Cure|p2a: Pelipper
|-supereffective|p2a: Pelipper
|-damage|p2a: Pelipper|71/100
|-start|p2a: Pelipper|Salt Cure
|
|-weather|RainDance|[upkeep]
|-damage|p2a: Pelipper|46/100|[from] Salt Cure
|upkeep
|turn|2
|
|t:|1758945744
|move|p2a: Pelipper|Roost|p2a: Pelipper
|-heal|p2a: Pelipper|96/100
|-singleturn|p2a: Pelipper|move: Roost
|move|p1a: Garganacl|Salt Cure|p2a: Pelipper
|-damage|p2a: Pelipper|82/100
|
|-weather|RainDance|[upkeep]
|-damage|p2a: Pelipper|57/100|[from] Salt Cure
|upkeep
|turn|3
|
|t:|1758945751
|move|p2a: Pelipper|U-turn|p1a: Garganacl
|-damage|p1a: Garganacl|85/100
|
|t:|1758945754
|switch|p2a: Hatterene|Hatterene, F|100/100|[from] U-turn
|move|p1a: Garganacl|Salt Cure|p2a: Hatterene
|-damage|p2a: Hatterene|86/100
|-start|p2a: Hatterene|Salt Cure
|-enditem|p2a: Hatterene|Eject Button
|
|t:|1758945759
|switch|p2a: Zapdos|Zapdos|100/100
|
|-weather|RainDance|[upkeep]
|upkeep
|turn|4
|
|t:|1758945768
|switch|p1a: Meowscarada|Meowscarada, M|100/100
|move|p2a: Zapdos|Volt Switch|p1a: Meowscarada
|-resisted|p1a: Meowscarada
|-damage|p1a: Meowscarada|59/100
|
|t:|1758945771
|switch|p2a: Barraskewda|Barraskewda, F|100/100|[from] Volt Switch
|
|-weather|RainDance|[upkeep]
|upkeep
|turn|5
|
|t:|1758945783
|switch|p1a: Garganacl|Garganacl, M, tera:Water|85/100
|move|p2a: Barraskewda|Liquidation|p1a: Garganacl
|-resisted|p1a: Garganacl
|-damage|p1a: Garganacl|52/100
|-unboost|p1a: Garganacl|def|1
|
|-weather|RainDance|[upkeep]
|upkeep
|turn|6
|
|t:|1758945790
|switch|p1a: Corviknight|Corviknight, F|100/100
|-ability|p1a: Corviknight|Pressure
|-terastallize|p2a: Barraskewda|Water
|move|p2a: Barraskewda|Liquidation|p1a: Corviknight
|-damage|p1a: Corviknight|12/100
|-damage|p2a: Barraskewda|84/100|[from] item: Rocky Helmet|[of] p1a: Corviknight
|
|-weather|RainDance|[upkeep]
|upkeep
|turn|7
|
|t:|1758945795
|move|p2a: Barraskewda|Liquidation|p1a: Corviknight
|-damage|p1a: Corviknight|0 fnt
|-damage|p2a: Barraskewda|68/100|[from] item: Rocky Helmet|[of] p1a: Corviknight
|faint|p1a: Corviknight
|
|-weather|RainDance|[upkeep]
|upkeep
|
|t:|1758945798
|switch|p1a: Garganacl|Garganacl, M, tera:Water|52/100
|turn|8
|
|t:|1758945801
|move|p2a: Barraskewda|Liquidation|p1a: Garganacl
|-resisted|p1a: Garganacl
|-damage|p1a: Garganacl|7/100
|move|p1a: Garganacl|Salt Cure|p2a: Barraskewda
|-damage|p2a: Barraskewda|39/100
|-start|p2a: Barraskewda|Salt Cure
|
|-weather|none
|-damage|p2a: Barraskewda|14/100|[from] Salt Cure
|upkeep
|turn|9
|
|t:|1758945805
|switch|p2a: Pelipper|Pelipper, F|57/100
|-weather|RainDance|[from] ability: Drizzle|[of] p2a: Pelipper
|switch|p1a: Meowscarada|Meowscarada, M|59/100
|
|-weather|RainDance|[upkeep]
|upkeep
|turn|10
|
|t:|1758945815
|switch|p2a: Toxicroak|Toxicroak, F|100/100
|move|p1a: Meowscarada|Triple Axel|p2a: Toxicroak|[miss]
|-start|p1a: Meowscarada|typechange|Ice|[from] ability: Protean
|-miss|p1a: Meowscarada|p2a: Toxicroak
|
|-weather|RainDance|[upkeep]
|upkeep
|turn|11
|
|t:|1758945820
|move|p1a: Meowscarada|Triple Axel|p2a: Toxicroak
|-damage|p2a: Toxicroak|91/100
|-damage|p1a: Meowscarada|43/100|[from] item: Rocky Helmet|[of] p2a: Toxicroak
|-damage|p2a: Toxicroak|75/100
|-damage|p1a: Meowscarada|26/100|[from] item: Rocky Helmet|[of] p2a: Toxicroak
|-crit|p2a: Toxicroak
|-damage|p2a: Toxicroak|38/100
|-damage|p1a: Meowscarada|10/100|[from] item: Rocky Helmet|[of] p2a: Toxicroak
|-hitcount|p2a: Toxicroak|3
|move|p2a: Toxicroak|Drain Punch|p1a: Meowscarada
|-supereffective|p1a: Meowscarada
|-damage|p1a: Meowscarada|0 fnt
|-heal|p2a: Toxicroak|42/100|[from] drain|[of] p1a: Meowscarada
|faint|p1a: Meowscarada
|
|-weather|RainDance|[upkeep]
|-heal|p2a: Toxicroak|54/100|[from] ability: Dry Skin
|upkeep
|
|t:|1758945828
|switch|p1a: Cinderace|Cinderace, F|100/100
|turn|12
|
|t:|1758945831
|move|p1a: Cinderace|Pyro Ball|p2a: Toxicroak
|-damage|p2a: Toxicroak|26/100
|move|p2a: Toxicroak|Drain Punch|p1a: Cinderace
|-damage|p1a: Cinderace|68/100
|-heal|p2a: Toxicroak|42/100|[from] drain|[of] p1a: Cinderace
|
|-weather|RainDance|[upkeep]
|-heal|p2a: Toxicroak|54/100|[from] ability: Dry Skin
|upkeep
|turn|13
|
|t:|1758945841
|move|p1a: Cinderace|Pyro Ball|p2a: Toxicroak
|-damage|p2a: Toxicroak|28/100
|move|p2a: Toxicroak|Knock Off|p1a: Cinderace
|-crit|p1a: Cinderace
|-damage|p1a: Cinderace|29/100
|-enditem|p1a: Cinderace|Heavy-Duty Boots|[from] move: Knock Off|[of] p2a: Toxicroak
|
|-weather|RainDance|[upkeep]
|-heal|p2a: Toxicroak|40/100|[from] ability: Dry Skin
|upkeep
|turn|14
|
|t:|1758945847
|move|p1a: Cinderace|Will-O-Wisp|p2a: Toxicroak
|-status|p2a: Toxicroak|brn
|move|p2a: Toxicroak|Drain Punch|p1a: Cinderace
|-damage|p1a: Cinderace|13/100
|-heal|p2a: Toxicroak|48/100 brn|[from] drain|[of] p1a: Cinderace
|
|-weather|RainDance|[upkeep]
|-heal|p2a: Toxicroak|60/100 brn|[from] ability: Dry Skin
|-damage|p2a: Toxicroak|54/100 brn|[from] brn
|upkeep
|turn|15
|
|t:|1758945853
|move|p1a: Cinderace|Pyro Ball|p2a: Toxicroak|[miss]
|-miss|p1a: Cinderace|p2a: Toxicroak
|move|p2a: Toxicroak|Drain Punch|p1a: Cinderace
|-damage|p1a: Cinderace|0 fnt
|-heal|p2a: Toxicroak|60/100 brn|[from] drain|[of] p1a: Cinderace
|faint|p1a: Cinderace
|
|-weather|RainDance|[upkeep]
|-heal|p2a: Toxicroak|73/100 brn|[from] ability: Dry Skin
|-damage|p2a: Toxicroak|67/100 brn|[from] brn
|upkeep
|
|t:|1758945858
|switch|p1a: Toxtricity|Toxtricity, F|100/100
|turn|16
|
|t:|1758945870
|move|p1a: Toxtricity|Boomburst|p2a: Toxicroak
|-damage|p2a: Toxicroak|0 fnt
|faint|p2a: Toxicroak
|
|-weather|none
|upkeep
|
|t:|1758945873
|switch|p2a: Pelipper|Pelipper, F|57/100
|-weather|RainDance|[from] ability: Drizzle|[of] p2a: Pelipper
|turn|17
|
|t:|1758945878
|move|p1a: Toxtricity|Boomburst|p2a: Pelipper
|-damage|p2a: Pelipper|0 fnt
|faint|p2a: Pelipper
|
|-weather|RainDance|[upkeep]
|upkeep
|
|t:|1758945884
|switch|p2a: Barraskewda|Barraskewda, F, tera:Water|14/100
|turn|18
|
|t:|1758945890
|switch|p1a: Garganacl|Garganacl, M, tera:Water|7/100
|move|p2a: Barraskewda|Flip Turn|p1a: Garganacl
|-resisted|p1a: Garganacl
|-damage|p1a: Garganacl|0 fnt
|faint|p1a: Garganacl
|
|t:|1758945917
|switch|p2a: Iron Treads|Iron Treads|100/100|[from] Flip Turn
|
|-weather|RainDance|[upkeep]
|upkeep
|
|t:|1758945920
|switch|p1a: Keldeo|Keldeo-Resolute|100/100
|turn|19
|
|t:|1758945926
|move|p1a: Keldeo|Surf|p2a: Iron Treads
|-supereffective|p2a: Iron Treads
|-damage|p2a: Iron Treads|0 fnt
|faint|p2a: Iron Treads
|-end|p2a: Iron Treads|Quark Drive|[silent]
|
|-weather|RainDance|[upkeep]
|upkeep
|
|t:|1758945928
|switch|p2a: Zapdos|Zapdos|100/100
|turn|20
|
|t:|1758945943
|switch|p1a: Toxtricity|Toxtricity, F|100/100
|move|p2a: Zapdos|Volt Switch|p1a: Toxtricity
|-resisted|p1a: Toxtricity
|-damage|p1a: Toxtricity|58/100
|
|t:|1758945947
|switch|p2a: Barraskewda|Barraskewda, F, tera:Water|14/100|[from] Volt Switch
|
|-weather|RainDance|[upkeep]
|upkeep
|turn|21
|
|t:|1758945951
|move|p2a: Barraskewda|Flip Turn|p1a: Toxtricity
|-damage|p1a: Toxtricity|0 fnt
|faint|p1a: Toxtricity
|
|t:|1758945955
|switch|p2a: Hatterene|Hatterene, F|86/100|[from] Flip Turn
|
|-weather|RainDance|[upkeep]
|upkeep
|
|t:|1758945957
|switch|p1a: Keldeo|Keldeo-Resolute|100/100
|turn|22
|
|t:|1758945961
|move|p1a: Keldeo|Surf|p2a: Hatterene
|-damage|p2a: Hatterene|0 fnt
|faint|p2a: Hatterene
|
|-weather|RainDance|[upkeep]
|upkeep
|
|t:|1758945972
|switch|p2a: Barraskewda|Barraskewda, F, tera:Water|14/100
|turn|23
|
|t:|1758945974
|move|p2a: Barraskewda|Liquidation|p1a: Keldeo
|-resisted|p1a: Keldeo
|-damage|p1a: Keldeo|22/100
|move|p1a: Keldeo|Surf|p2a: Barraskewda
|-resisted|p2a: Barraskewda
|-damage|p2a: Barraskewda|0 fnt
|faint|p2a: Barraskewda
|
|-weather|RainDance|[upkeep]
|upkeep
|
|t:|1758945977
|switch|p2a: Zapdos|Zapdos|100/100
|turn|24
|
|t:|1758945979
|move|p1a: Keldeo|Surf|p2a: Zapdos
|-damage|p2a: Zapdos|0 fnt
|faint|p2a: Zapdos
|
|win|Havestol
|raw|Havestol's rating: 1486 &rarr; <strong>1505</strong><br />(+19 for winning)
|raw|showdup's rating: 1469 &rarr; <strong>1450</strong><br />(-19 for losing)
|c|☆showdup|Gg
|c|☆Havestol|gg
|l|☆Havestol
|player|p1|
|l|☆showdup
|player|p2|
