|j|☆syk1307
|j|☆MicrowaveHeart
|t:|1759000072
|gametype|singles
|player|p1|syk1307|giovanni|1523
|player|p2|MicrowaveHeart|workerice|1569
|gen|9
|tier|[Gen 9] OU
|rated|
|rule|HP Percentage Mod: HP is shown in percentages
|rule|Endless Battle Clause: Forcing endless battles is banned
|rule|Species Clause: Limit one of each Pokémon
|rule|OHKO Clause: OHKO moves are banned
|rule|Evasion Items Clause: Evasion items are banned
|rule|Evasion Moves Clause: Evasion moves are banned
|rule|Evasion Abilities Clause: Evasion abilities are banned
|rule|Sleep Moves Clause: Sleep-inducing moves are banned
|clearpoke
|poke|p1|Jolteon, M|
|poke|p1|Feraligatr, F|
|poke|p1|Arcanine, M|
|poke|p1|Scizor, M|
|poke|p1|Corviknight, M|
|poke|p1|Mew|
|poke|p2|Gholdengo|
|poke|p2|Incineroar, M|
|poke|p2|Ogerpon-Wellspring, F|
|poke|p2|Iron Treads|
|poke|p2|Tornadus-Therian, M|
|poke|p2|Mamoswine, F|
|teampreview
|
|t:|1759000085
|teamsize|p1|6
|teamsize|p2|6
|start
|switch|p1a: Feraligatr|Feraligatr, F|100/100
|switch|p2a: Tornadus|Tornadus-Therian, M|100/100
|turn|1
|
|t:|1759000092
|move|p2a: Tornadus|Knock Off|p1a: Feraligatr
|-damage|p1a: Feraligatr|79/100
|-enditem|p1a: Feraligatr|Life Orb|[from] move: Knock Off|[of] p2a: Tornadus
|move|p1a: Feraligatr|Flip Turn|p2a: Tornadus
|-damage|p2a: Tornadus|60/100
|
|t:|1759000100
|switch|p1a: Jolteon|Jolteon, M|100/100|[from] Flip Turn
|
|upkeep
|turn|2
|
|t:|1759000106
|switch|p2a: Iron Treads|Iron Treads|100/100
|move|p1a: Jolteon|Shadow Ball|p2a: Iron Treads
|-damage|p2a: Iron Treads|71/100
|-unboost|p2a: Iron Treads|spd|1
|
|-heal|p2a: Iron Treads|77/100|[from] item: Leftovers
|upkeep
|turn|3
|
|t:|1759000114
|switch|p1a: Corviknight|Corviknight, M|100/100
|move|p2a: Iron Treads|Stealth Rock|p1a: Corviknight
|-sidestart|p1: syk1307|move: Stealth Rock
|
|-heal|p2a: Iron Treads|83/100|[from] item: Leftovers
|upkeep
|turn|4
|
|t:|1759000121
|-end|p2a: Iron Treads|Quark Drive|[silent]
|switch|p2a: Gholdengo|Gholdengo|100/100
|move|p1a: Corviknight|U-turn|p2a: Gholdengo
|-resisted|p2a: Gholdengo
|-damage|p2a: Gholdengo|98/100
|
|t:|1759000128
|switch|p1a: Scizor|Scizor, M|100/100|[from] U-turn
|-damage|p1a: Scizor|88/100|[from] Stealth Rock
|
|-heal|p2a: Gholdengo|100/100|[from] item: Leftovers
|upkeep
|turn|5
|
|t:|1759000135
|move|p2a: Gholdengo|Thunder Wave|p1a: Scizor
|-status|p1a: Scizor|par
|move|p1a: Scizor|Knock Off|p2a: Gholdengo
|-supereffective|p2a: Gholdengo
|-damage|p2a: Gholdengo|20/100
|-enditem|p2a: Gholdengo|Leftovers|[from] move: Knock Off|[of] p1a: Scizor
|
|upkeep
|turn|6
|
|t:|1759000141
|move|p2a: Gholdengo|Recover|p2a: Gholdengo
|-heal|p2a: Gholdengo|70/100
|move|p1a: Scizor|Knock Off|p2a: Gholdengo
|-supereffective|p2a: Gholdengo
|-damage|p2a: Gholdengo|24/100
|
|upkeep
|turn|7
|
|t:|1759000146
|move|p2a: Gholdengo|Recover|p2a: Gholdengo
|-heal|p2a: Gholdengo|74/100
|move|p1a: Scizor|Knock Off|p2a: Gholdengo
|-supereffective|p2a: Gholdengo
|-damage|p2a: Gholdengo|26/100
|
|upkeep
|turn|8
|
|t:|1759000151
|move|p2a: Gholdengo|Recover|p2a: Gholdengo
|-heal|p2a: Gholdengo|76/100
|cant|p1a: Scizor|par
|
|upkeep
|turn|9
|
|t:|1759000155
|move|p2a: Gholdengo|Hex|p1a: Scizor
|-damage|p1a: Scizor|17/100 par
|move|p1a: Scizor|Knock Off|p2a: Gholdengo
|-supereffective|p2a: Gholdengo
|-damage|p2a: Gholdengo|30/100
|
|upkeep
|turn|10
|
|t:|1759000160
|move|p2a: Gholdengo|Recover|p2a: Gholdengo
|-heal|p2a: Gholdengo|80/100
|move|p1a: Scizor|Knock Off|p2a: Gholdengo
|-supereffective|p2a: Gholdengo
|-damage|p2a: Gholdengo|30/100
|
|upkeep
|turn|11
|
|t:|1759000165
|move|p2a: Gholdengo|Recover|p2a: Gholdengo
|-heal|p2a: Gholdengo|80/100
|cant|p1a: Scizor|par
|
|upkeep
|turn|12
|
|t:|1759000169
|move|p2a: Gholdengo|Hex|p1a: Scizor
|-damage|p1a: Scizor|0 fnt
|faint|p1a: Scizor
|
|upkeep
|
|t:|1759000173
|switch|p1a: Arcanine|Arcanine, M|100/100
|-damage|p1a: Arcanine|76/100|[from] Stealth Rock
|turn|13
|
|t:|1759000179
|switch|p2a: Incineroar|Incineroar, M|100/100
|-ability|p2a: Incineroar|Intimidate|boost
|-unboost|p1a: Arcanine|atk|1
|move|p1a: Arcanine|Flare Blitz|p2a: Incineroar
|-resisted|p2a: Incineroar
|-damage|p2a: Incineroar|79/100
|-damage|p1a: Arcanine|67/100|[from] Recoil
|
|upkeep
|turn|14
|-message|syk1307 forfeited.
|
|win|MicrowaveHeart
|raw|syk1307's rating: 1523 &rarr; <strong>1506</strong><br />(-17 for losing)
|raw|MicrowaveHeart's rating: 1569 &rarr; <strong>1586</strong><br />(+17 for winning)
|l|☆syk1307
|player|p1|
|l|☆MicrowaveHeart
|player|p2|
