|j|☆QPZMbnm
|j|☆tomas1982
|t:|1759033769
|gametype|singles
|player|p1|QPZMbnm|dawn|1202
|player|p2|tomas1982|102|1199
|gen|9
|tier|[Gen 9] OU
|rated|
|rule|HP Percentage Mod: HP is shown in percentages
|rule|Endless Battle Clause: Forcing endless battles is banned
|rule|Species Clause: Limit one of each Pokémon
|rule|OHKO Clause: OHKO moves are banned
|rule|Evasion Items Clause: Evasion items are banned
|rule|Evasion Moves Clause: Evasion moves are banned
|rule|Evasion Abilities Clause: Evasion abilities are banned
|rule|Sleep Moves Clause: Sleep-inducing moves are banned
|clearpoke
|poke|p1|Dondozo, F|
|poke|p1|Weezing-Galar, F|
|poke|p1|Toxapex, F|
|poke|p1|Iron Treads|
|poke|p1|Blissey, F|
|poke|p1|Alomomola, F|
|poke|p2|Iron Valiant|
|poke|p2|Gholdengo|
|poke|p2|Samurott-Hisui, M|
|poke|p2|Dragonite, F|
|poke|p2|Grimmsnarl, M|
|poke|p2|Thundurus-Therian, M|
|teampreview
|
|t:|1759033795
|teamsize|p1|6
|teamsize|p2|6
|start
|switch|p1a: Blissey Elliot|Blissey, F|100/100
|switch|p2a: Grimmsnarl|Grimmsnarl, M|100/100
|turn|1
|
|t:|1759033801
|move|p2a: Grimmsnarl|Taunt|p1a: Blissey Elliot
|-start|p1a: Blissey Elliot|move: Taunt
|cant|p1a: Blissey Elliot|move: Taunt|Calm Mind
|
|upkeep
|turn|2
|
|t:|1759033807
|switch|p2a: Gholdengo|Gholdengo|100/100
|move|p1a: Blissey Elliot|Seismic Toss|p2a: Gholdengo
|-immune|p2a: Gholdengo
|
|upkeep
|turn|3
|
|t:|1759033819
|move|p2a: Gholdengo|Nasty Plot|p2a: Gholdengo
|-boost|p2a: Gholdengo|spa|2
|move|p1a: Blissey Elliot|Shadow Ball|p2a: Gholdengo
|-supereffective|p2a: Gholdengo
|-damage|p2a: Gholdengo|73/100
|
|-end|p1a: Blissey Elliot|move: Taunt
|upkeep
|turn|4
|
|t:|1759033826
|move|p2a: Gholdengo|Shadow Ball|p1a: Blissey Elliot
|-immune|p1a: Blissey Elliot
|move|p1a: Blissey Elliot|Calm Mind|p1a: Blissey Elliot
|-boost|p1a: Blissey Elliot|spa|1
|-boost|p1a: Blissey Elliot|spd|1
|
|upkeep
|turn|5
|
|t:|1759033833
|move|p2a: Gholdengo|Make It Rain|p1a: Blissey Elliot
|-damage|p1a: Blissey Elliot|70/100
|-unboost|p2a: Gholdengo|spa|1
|move|p1a: Blissey Elliot|Calm Mind|p1a: Blissey Elliot
|-boost|p1a: Blissey Elliot|spa|1
|-boost|p1a: Blissey Elliot|spd|1
|
|-heal|p1a: Blissey Elliot|76/100|[from] item: Leftovers
|upkeep
|turn|6
|
|t:|1759033839
|switch|p2a: Samurott|Samurott-Hisui, M|100/100
|move|p1a: Blissey Elliot|Shadow Ball|p2a: Samurott
|-resisted|p2a: Samurott
|-damage|p2a: Samurott|86/100
|
|-heal|p1a: Blissey Elliot|82/100|[from] item: Leftovers
|upkeep
|turn|7
|
|t:|1759033846
|move|p2a: Samurott|Sacred Sword|p1a: Blissey Elliot
|-supereffective|p1a: Blissey Elliot
|-damage|p1a: Blissey Elliot|2/100
|move|p1a: Blissey Elliot|Seismic Toss|p2a: Samurott
|-damage|p2a: Samurott|55/100
|
|-heal|p1a: Blissey Elliot|8/100|[from] item: Leftovers
|upkeep
|turn|8
|
|t:|1759033866
|switch|p1a: Wishy Minaj|Alomomola, F|100/100
|move|p2a: Samurott|Ceaseless Edge|p1a: Wishy Minaj|[miss]
|-miss|p2a: Samurott|p1a: Wishy Minaj
|
|upkeep
|turn|9
|
|t:|1759033872
|move|p2a: Samurott|Ceaseless Edge|p1a: Wishy Minaj
|-crit|p1a: Wishy Minaj
|-damage|p1a: Wishy Minaj|66/100
|-damage|p2a: Samurott|39/100|[from] item: Rocky Helmet|[of] p1a: Wishy Minaj
|-sidestart|p1: QPZMbnm|Spikes
|move|p1a: Wishy Minaj|Wish|p1a: Wishy Minaj
|
|upkeep
|turn|10
|
|t:|1759033878
|move|p2a: Samurott|Ceaseless Edge|p1a: Wishy Minaj
|-damage|p1a: Wishy Minaj|42/100
|-damage|p2a: Samurott|22/100|[from] item: Rocky Helmet|[of] p1a: Wishy Minaj
|-sidestart|p1: QPZMbnm|Spikes
|move|p1a: Wishy Minaj|Flip Turn|p2a: Samurott
|-resisted|p2a: Samurott
|-damage|p2a: Samurott|12/100
|
|t:|1759033885
|switch|p1a: Blissey Elliot|Blissey, F|8/100|[from] Flip Turn
|-damage|p1a: Blissey Elliot|0 fnt|[from] Spikes
|faint|p1a: Blissey Elliot
|
|upkeep
|
|t:|1759033894
|switch|p1a: Traverse Scott|Iron Treads|100/100
|-damage|p1a: Traverse Scott|84/100|[from] Spikes
|turn|11
|
|t:|1759033900
|move|p2a: Samurott|Aqua Jet|p1a: Traverse Scott
|-supereffective|p1a: Traverse Scott
|-damage|p1a: Traverse Scott|57/100
|move|p1a: Traverse Scott|Rapid Spin|p2a: Samurott
|-damage|p2a: Samurott|0 fnt
|-boost|p1a: Traverse Scott|spe|1
|-sideend|p1: QPZMbnm|Spikes|[from] move: Rapid Spin|[of] p1a: Traverse Scott
|faint|p2a: Samurott
|
|-heal|p1a: Traverse Scott|63/100|[from] item: Leftovers
|upkeep
|
|t:|1759033905
|switch|p2a: Grimmsnarl|Grimmsnarl, M|100/100
|turn|12
|
|t:|1759033909
|move|p2a: Grimmsnarl|Reflect|p2a: Grimmsnarl
|-sidestart|p2: tomas1982|Reflect
|move|p1a: Traverse Scott|Earthquake|p2a: Grimmsnarl
|-damage|p2a: Grimmsnarl|78/100
|
|-heal|p1a: Traverse Scott|69/100|[from] item: Leftovers
|upkeep
|turn|13
|
|t:|1759033912
|move|p2a: Grimmsnarl|Light Screen|p2a: Grimmsnarl
|-sidestart|p2: tomas1982|move: Light Screen
|move|p1a: Traverse Scott|Stealth Rock|p2a: Grimmsnarl
|-sidestart|p2: tomas1982|move: Stealth Rock
|
|-heal|p1a: Traverse Scott|75/100|[from] item: Leftovers
|upkeep
|turn|14
|
|t:|1759033921
|move|p2a: Grimmsnarl|Parting Shot|p1a: Traverse Scott
|-unboost|p1a: Traverse Scott|atk|1
|-unboost|p1a: Traverse Scott|spa|1
|
|t:|1759033930
|switch|p2a: Dragonite|Dragonite, F|100/100|[from] Parting Shot
|move|p1a: Traverse Scott|Earthquake|p2a: Dragonite
|-immune|p2a: Dragonite
|
|-heal|p1a: Traverse Scott|82/100|[from] item: Leftovers
|upkeep
|turn|15
|
|t:|1759033937
|-end|p1a: Traverse Scott|Quark Drive|[silent]
|switch|p1a: Wheezy F(og) Baby|Weezing-Galar, F|100/100
|-ability|p1a: Wheezy F(og) Baby|Neutralizing Gas
|move|p2a: Dragonite|Dragon Dance|p2a: Dragonite
|-boost|p2a: Dragonite|atk|1
|-boost|p2a: Dragonite|spe|1
|
|upkeep
|turn|16
|
|t:|1759033941
|move|p2a: Dragonite|Earthquake|p1a: Wheezy F(og) Baby
|-supereffective|p1a: Wheezy F(og) Baby
|-damage|p1a: Wheezy F(og) Baby|36/100
|move|p1a: Wheezy F(og) Baby|Will-O-Wisp|p2a: Dragonite
|-status|p2a: Dragonite|brn
|
|-damage|p2a: Dragonite|94/100 brn|[from] brn
|upkeep
|turn|17
|
|t:|1759033952
|-end|p1a: Wheezy F(og) Baby|ability: Neutralizing Gas
|switch|p1a: Wishy Minaj|Alomomola, F|75/100
|move|p2a: Dragonite|Dragon Dance|p2a: Dragonite
|-boost|p2a: Dragonite|atk|1
|-boost|p2a: Dragonite|spe|1
|
|-damage|p2a: Dragonite|88/100 brn|[from] brn
|upkeep
|turn|18
|
|t:|1759033958
|move|p2a: Dragonite|Dragon Claw|p1a: Wishy Minaj
|-damage|p1a: Wishy Minaj|55/100
|-damage|p2a: Dragonite|72/100 brn|[from] item: Rocky Helmet|[of] p1a: Wishy Minaj
|move|p1a: Wishy Minaj|Wish|p1a: Wishy Minaj
|
|-damage|p2a: Dragonite|66/100 brn|[from] brn
|upkeep
|turn|19
|
|t:|1759033965
|move|p1a: Wishy Minaj|Protect|p1a: Wishy Minaj
|-singleturn|p1a: Wishy Minaj|Protect
|move|p2a: Dragonite|Dragon Dance|p2a: Dragonite
|-boost|p2a: Dragonite|atk|1
|-boost|p2a: Dragonite|spe|1
|
|-heal|p1a: Wishy Minaj|100/100|[from] move: Wish|[wisher] Wishy Minaj
|-damage|p2a: Dragonite|59/100 brn|[from] brn
|-sideend|p2: tomas1982|Reflect
|upkeep
|turn|20
|
|t:|1759033971
|move|p2a: Dragonite|Dragon Claw|p1a: Wishy Minaj
|-damage|p1a: Wishy Minaj|73/100
|-damage|p2a: Dragonite|43/100 brn|[from] item: Rocky Helmet|[of] p1a: Wishy Minaj
|move|p1a: Wishy Minaj|Wish|p1a: Wishy Minaj
|
|-damage|p2a: Dragonite|37/100 brn|[from] brn
|-sideend|p2: tomas1982|move: Light Screen
|upkeep
|turn|21
|
|t:|1759033978
|switch|p1a: Wheezy F(og) Baby|Weezing-Galar, F|36/100
|-ability|p1a: Wheezy F(og) Baby|Neutralizing Gas
|move|p2a: Dragonite|Dragon Dance|p2a: Dragonite
|-boost|p2a: Dragonite|atk|1
|-boost|p2a: Dragonite|spe|1
|
|-heal|p1a: Wheezy F(og) Baby|100/100|[from] move: Wish|[wisher] Wishy Minaj
|-damage|p2a: Dragonite|31/100 brn|[from] brn
|upkeep
|turn|22
|
|t:|1759033985
|-end|p1a: Wheezy F(og) Baby|ability: Neutralizing Gas
|switch|p1a: Wishy Minaj|Alomomola, F|100/100
|move|p2a: Dragonite|Earthquake|p1a: Wishy Minaj
|-damage|p1a: Wishy Minaj|74/100
|
|-damage|p2a: Dragonite|24/100 brn|[from] brn
|upkeep
|turn|23
|
|t:|1759033991
|move|p1a: Wishy Minaj|Protect|p1a: Wishy Minaj
|-singleturn|p1a: Wishy Minaj|Protect
|move|p2a: Dragonite|Dragon Claw|p1a: Wishy Minaj
|-activate|p1a: Wishy Minaj|move: Protect
|
|-damage|p2a: Dragonite|18/100 brn|[from] brn
|upkeep
|turn|24
|
|t:|1759033998
|move|p2a: Dragonite|Dragon Claw|p1a: Wishy Minaj
|-damage|p1a: Wishy Minaj|41/100
|-damage|p2a: Dragonite|2/100 brn|[from] item: Rocky Helmet|[of] p1a: Wishy Minaj
|move|p1a: Wishy Minaj|Wish|p1a: Wishy Minaj
|
|-damage|p2a: Dragonite|0 fnt|[from] brn
|faint|p2a: Dragonite
|upkeep
|
|t:|1759034005
|switch|p2a: Thundurus|Thundurus-Therian, M|100/100
|-damage|p2a: Thundurus|76/100|[from] Stealth Rock
|turn|25
|
|t:|1759034010
|switch|p1a: Traverse Scott|Iron Treads|82/100
|move|p2a: Thundurus|Nasty Plot|p2a: Thundurus
|-boost|p2a: Thundurus|spa|2
|
|-heal|p1a: Traverse Scott|100/100|[from] move: Wish|[wisher] Wishy Minaj
|upkeep
|turn|26
|
|t:|1759034015
|move|p2a: Thundurus|Focus Blast|p1a: Traverse Scott|[miss]
|-miss|p2a: Thundurus|p1a: Traverse Scott
|move|p1a: Traverse Scott|Rapid Spin|p2a: Thundurus
|-damage|p2a: Thundurus|57/100
|-boost|p1a: Traverse Scott|spe|1
|
|upkeep
|turn|27
|
|t:|1759034023
|move|p1a: Traverse Scott|Protect|p1a: Traverse Scott
|-singleturn|p1a: Traverse Scott|Protect
|move|p2a: Thundurus|Agility|p2a: Thundurus
|-boost|p2a: Thundurus|spe|2
|
|upkeep
|turn|28
|
|t:|1759034031
|-end|p1a: Traverse Scott|Quark Drive|[silent]
|switch|p1a: Wheezy F(og) Baby|Weezing-Galar, F|100/100
|-ability|p1a: Wheezy F(og) Baby|Neutralizing Gas
|move|p2a: Thundurus|Focus Blast|p1a: Wheezy F(og) Baby
|-resisted|p1a: Wheezy F(og) Baby
|-damage|p1a: Wheezy F(og) Baby|68/100
|
|upkeep
|turn|29
|
|t:|1759034037
|move|p2a: Thundurus|Thunderbolt|p1a: Wheezy F(og) Baby
|-damage|p1a: Wheezy F(og) Baby|0 fnt
|faint|p1a: Wheezy F(og) Baby
|-end|p1a: Wheezy F(og) Baby|ability: Neutralizing Gas
|
|upkeep
|
|t:|1759034052
|switch|p1a: Toxapex|Toxapex, F|100/100
|turn|30
|
|t:|1759034057
|-terastallize|p1a: Toxapex|Dark
|move|p2a: Thundurus|Thunderbolt|p1a: Toxapex
|-damage|p1a: Toxapex|42/100
|move|p1a: Toxapex|Surf|p2a: Thundurus
|-damage|p2a: Thundurus|21/100
|-enditem|p2a: Thundurus|Sitrus Berry|[eat]
|-heal|p2a: Thundurus|46/100|[from] item: Sitrus Berry
|
|upkeep
|turn|31
|
|t:|1759034065
|move|p2a: Thundurus|Thunderbolt|p1a: Toxapex
|-damage|p1a: Toxapex|0 fnt
|faint|p1a: Toxapex
|
|upkeep
|
|t:|1759034068
|switch|p1a: Wishy Minaj|Alomomola, F|74/100
|turn|32
|
|t:|1759034071
|move|p1a: Wishy Minaj|Protect|p1a: Wishy Minaj
|-singleturn|p1a: Wishy Minaj|Protect
|move|p2a: Thundurus|Thunderbolt|p1a: Wishy Minaj
|-activate|p1a: Wishy Minaj|move: Protect
|
|upkeep
|turn|33
|
|t:|1759034076
|-terastallize|p2a: Thundurus|Electric
|move|p2a: Thundurus|Thunderbolt|p1a: Wishy Minaj
|-supereffective|p1a: Wishy Minaj
|-damage|p1a: Wishy Minaj|0 fnt
|faint|p1a: Wishy Minaj
|
|upkeep
|
|t:|1759034080
|switch|p1a: Traverse Scott|Iron Treads|100/100
|turn|34
|
|t:|1759034083
|move|p2a: Thundurus|Focus Blast|p1a: Traverse Scott
|-supereffective|p1a: Traverse Scott
|-crit|p1a: Traverse Scott
|-damage|p1a: Traverse Scott|0 fnt
|faint|p1a: Traverse Scott
|-end|p1a: Traverse Scott|Quark Drive|[silent]
|
|upkeep
|-message|QPZMbnm forfeited.
|
|win|tomas1982
|raw|QPZMbnm's rating: 1202 &rarr; <strong>1177</strong><br />(-25 for losing)
|raw|tomas1982's rating: 1199 &rarr; <strong>1224</strong><br />(+25 for winning)
|l|☆QPZMbnm
|player|p1|
|l|☆tomas1982
|player|p2|
