|j|☆dseokp
|j|☆Shabooya1
|t:|1759064019
|gametype|singles
|player|p1|dseokp|unknown|1547
|player|p2|Shabooya1|unknown|1506
|gen|9
|tier|[Gen 9] OU
|rated|
|rule|HP Percentage Mod: HP is shown in percentages
|rule|Endless Battle Clause: Forcing endless battles is banned
|rule|Species Clause: Limit one of each Pokémon
|rule|OHKO Clause: OHKO moves are banned
|rule|Evasion Items Clause: Evasion items are banned
|rule|Evasion Moves Clause: Evasion moves are banned
|rule|Evasion Abilities Clause: Evasion abilities are banned
|rule|Sleep Moves Clause: Sleep-inducing moves are banned
|clearpoke
|poke|p1|Glimmora, M|
|poke|p1|Iron Treads|
|poke|p1|Polteageist-Antique|
|poke|p1|Raging Bolt|
|poke|p1|Dragonite, M|
|poke|p1|Zamazenta-*|
|poke|p2|Rillaboom, F|
|poke|p2|Great Tusk|
|poke|p2|Hatterene, F|
|poke|p2|Grimmsnarl, M|
|poke|p2|Raging Bolt|
|poke|p2|Kyurem|
|teampreview
|inactive|Battle timer is ON: inactive players will automatically lose when time's up. (requested by dseokp)
|
|t:|1759064044
|teamsize|p1|6
|teamsize|p2|6
|start
|switch|p1a: Iron Treads|Iron Treads|100/100
|switch|p2a: Grimmsnarl|Grimmsnarl, M|100/100
|-enditem|p1a: Iron Treads|Booster Energy
|-activate|p1a: Iron Treads|ability: Quark Drive|[fromitem]
|-start|p1a: Iron Treads|quarkdrivespe
|turn|1
|
|t:|1759064048
|move|p2a: Grimmsnarl|Taunt|p1a: Iron Treads
|-start|p1a: Iron Treads|move: Taunt
|move|p1a: Iron Treads|Knock Off|p2a: Grimmsnarl
|-resisted|p2a: Grimmsnarl
|-damage|p2a: Grimmsnarl|93/100
|-enditem|p2a: Grimmsnarl|Light Clay|[from] move: Knock Off|[of] p1a: Iron Treads
|
|upkeep
|turn|2
|inactive|dseokp has 120 seconds left.
|
|t:|1759064080
|move|p2a: Grimmsnarl|Parting Shot|p1a: Iron Treads
|-unboost|p1a: Iron Treads|atk|1
|-unboost|p1a: Iron Treads|spa|1
|
|t:|1759064082
|switch|p2a: Rillaboom|Rillaboom, F|100/100|[from] Parting Shot
|-fieldstart|move: Grassy Terrain|[from] ability: Grassy Surge|[of] p2a: Rillaboom
|move|p1a: Iron Treads|Rapid Spin|p2a: Rillaboom
|-damage|p2a: Rillaboom|92/100
|-boost|p1a: Iron Treads|spe|1
|
|-heal|p2a: Rillaboom|98/100|[from] Grassy Terrain
|upkeep
|turn|3
|
|t:|1759064098
|move|p2a: Rillaboom|Grassy Glide|p1a: Iron Treads
|-damage|p1a: Iron Treads|74/100
|move|p1a: Iron Treads|Knock Off|p2a: Rillaboom
|-damage|p2a: Rillaboom|82/100
|-enditem|p2a: Rillaboom|Terrain Extender|[from] move: Knock Off|[of] p1a: Iron Treads
|
|-heal|p1a: Iron Treads|80/100|[from] Grassy Terrain
|-heal|p2a: Rillaboom|88/100|[from] Grassy Terrain
|-end|p1a: Iron Treads|move: Taunt
|upkeep
|turn|4
|
|t:|1759064107
|move|p1a: Iron Treads|Stealth Rock|p2a: Rillaboom
|-sidestart|p2: Shabooya1|move: Stealth Rock
|move|p2a: Rillaboom|Drain Punch|p1a: Iron Treads
|-supereffective|p1a: Iron Treads
|-damage|p1a: Iron Treads|41/100
|-heal|p2a: Rillaboom|100/100|[from] drain|[of] p1a: Iron Treads
|
|-heal|p1a: Iron Treads|47/100|[from] Grassy Terrain
|upkeep
|turn|5
|
|t:|1759064129
|-end|p1a: Iron Treads|Quark Drive|[silent]
|switch|p1a: Glimmora|Glimmora, M|100/100
|move|p2a: Rillaboom|Knock Off|p1a: Glimmora
|-damage|p1a: Glimmora|61/100
|-activate|p1a: Glimmora|ability: Toxic Debris
|-sidestart|p2: Shabooya1|move: Toxic Spikes
|-enditem|p1a: Glimmora|Choice Scarf|[from] move: Knock Off|[of] p2a: Rillaboom
|
|-heal|p1a: Glimmora|67/100|[from] Grassy Terrain
|upkeep
|turn|6
|inactive|dseokp has 120 seconds left.
|
|t:|1759064147
|switch|p2a: Great Tusk|Great Tusk|100/100
|move|p1a: Glimmora|Sludge Wave|p2a: Great Tusk
|-resisted|p2a: Great Tusk
|-damage|p2a: Great Tusk|62/100
|
|-heal|p2a: Great Tusk|69/100|[from] Grassy Terrain
|-heal|p1a: Glimmora|73/100|[from] Grassy Terrain
|upkeep
|turn|7
|inactive|dseokp has 120 seconds left.
|
|t:|1759064162
|move|p2a: Great Tusk|Ice Spinner|p1a: Glimmora
|-damage|p1a: Glimmora|36/100
|-activate|p1a: Glimmora|ability: Toxic Debris
|-sidestart|p2: Shabooya1|move: Toxic Spikes
|-fieldend|move: Grassy Terrain
|move|p1a: Glimmora|Energy Ball|p2a: Great Tusk
|-supereffective|p2a: Great Tusk
|-damage|p2a: Great Tusk|0 fnt
|faint|p2a: Great Tusk
|-end|p2a: Great Tusk|Protosynthesis|[silent]
|
|upkeep
|
|t:|1759064166
|switch|p2a: Grimmsnarl|Grimmsnarl, M|93/100
|-damage|p2a: Grimmsnarl|80/100|[from] Stealth Rock
|-status|p2a: Grimmsnarl|tox
|turn|8
|
|t:|1759064176
|move|p2a: Grimmsnarl|Light Screen|p2a: Grimmsnarl
|-sidestart|p2: Shabooya1|move: Light Screen
|move|p1a: Glimmora|Sludge Wave|p2a: Grimmsnarl
|-supereffective|p2a: Grimmsnarl
|-crit|p2a: Grimmsnarl
|-damage|p2a: Grimmsnarl|0 fnt
|faint|p2a: Grimmsnarl
|
|upkeep
|
|t:|1759064184
|switch|p2a: Kyurem|Kyurem, shiny|100/100
|-damage|p2a: Kyurem|76/100|[from] Stealth Rock
|-status|p2a: Kyurem|tox
|-ability|p2a: Kyurem|Pressure
|turn|9
|
|t:|1759064190
|move|p2a: Kyurem|Ice Beam|p1a: Glimmora
|-damage|p1a: Glimmora|0 fnt
|faint|p1a: Glimmora
|
|-damage|p2a: Kyurem|70/100 tox|[from] psn
|upkeep
|inactive|dseokp has 120 seconds left.
|
|t:|1759064212
|switch|p1a: Iron Treads|Iron Treads|47/100
|turn|10
|
|t:|1759064215
|move|p2a: Kyurem|Ice Beam|p1a: Iron Treads
|-damage|p1a: Iron Treads|0 fnt
|faint|p1a: Iron Treads
|-end|p1a: Iron Treads|Quark Drive|[silent]
|
|-damage|p2a: Kyurem|57/100 tox|[from] psn
|upkeep
|
|t:|1759064229
|switch|p1a: Polteageist|Polteageist-Antique|100/100
|turn|11
|
|t:|1759064233
|move|p2a: Kyurem|Ice Beam|p1a: Polteageist
|-damage|p1a: Polteageist|36/100
|move|p1a: Polteageist|Shell Smash|p1a: Polteageist
|-unboost|p1a: Polteageist|def|1
|-unboost|p1a: Polteageist|spd|1
|-boost|p1a: Polteageist|atk|2
|-boost|p1a: Polteageist|spa|2
|-boost|p1a: Polteageist|spe|2
|
|-damage|p2a: Kyurem|39/100 tox|[from] psn
|upkeep
|turn|12
|
|t:|1759064247
|move|p1a: Polteageist|Stored Power|p2a: Kyurem
|-damage|p2a: Kyurem|0 fnt
|faint|p2a: Kyurem
|
|-sideend|p2: Shabooya1|move: Light Screen
|upkeep
|
|t:|1759064249
|switch|p2a: Rillaboom|Rillaboom, F|100/100
|-damage|p2a: Rillaboom|88/100|[from] Stealth Rock
|-status|p2a: Rillaboom|tox
|-fieldstart|move: Grassy Terrain|[from] ability: Grassy Surge|[of] p2a: Rillaboom
|turn|13
|
|t:|1759064264
|move|p2a: Rillaboom|Grassy Glide|p1a: Polteageist
|-damage|p1a: Polteageist|0 fnt
|faint|p1a: Polteageist
|
|-heal|p2a: Rillaboom|94/100 tox|[from] Grassy Terrain
|-damage|p2a: Rillaboom|88/100 tox|[from] psn
|upkeep
|
|t:|1759064279
|switch|p1a: 快龙一定要快|Dragonite, M|100/100
|turn|14
|
|t:|1759064289
|switch|p2a: Hatterene|Hatterene, F, shiny|100/100
|-damage|p2a: Hatterene|88/100|[from] Stealth Rock
|-status|p2a: Hatterene|tox
|-enditem|p2a: Hatterene|Grassy Seed
|-boost|p2a: Hatterene|def|1|[from] item: Grassy Seed
|-terastallize|p1a: 快龙一定要快|Normal
|move|p1a: 快龙一定要快|Extreme Speed|p2a: Hatterene
|-damage|p2a: Hatterene|47/100 tox
|
|-heal|p2a: Hatterene|53/100 tox|[from] Grassy Terrain
|-damage|p2a: Hatterene|47/100 tox|[from] psn
|upkeep
|turn|15
|
|t:|1759064301
|move|p1a: 快龙一定要快|Extreme Speed|p2a: Hatterene
|-damage|p2a: Hatterene|6/100 tox
|move|p2a: Hatterene|Psyshock|p1a: 快龙一定要快
|-damage|p1a: 快龙一定要快|84/100
|
|-heal|p1a: 快龙一定要快|90/100|[from] Grassy Terrain
|-heal|p2a: Hatterene|12/100 tox|[from] Grassy Terrain
|-damage|p2a: Hatterene|0 fnt|[from] psn
|faint|p2a: Hatterene
|upkeep
|
|t:|1759064305
|switch|p2a: Raging Bolt|Raging Bolt|100/100
|-damage|p2a: Raging Bolt|88/100|[from] Stealth Rock
|-status|p2a: Raging Bolt|tox
|-enditem|p2a: Raging Bolt|Booster Energy
|-activate|p2a: Raging Bolt|ability: Protosynthesis|[fromitem]
|-start|p2a: Raging Bolt|protosynthesisspa
|turn|16
|
|t:|1759064310
|-terastallize|p2a: Raging Bolt|Fairy
|move|p1a: 快龙一定要快|Extreme Speed|p2a: Raging Bolt
|-damage|p2a: Raging Bolt|22/100 tox
|move|p2a: Raging Bolt|Dragon Pulse|p1a: 快龙一定要快
|-damage|p1a: 快龙一定要快|36/100
|
|-heal|p2a: Raging Bolt|28/100 tox|[from] Grassy Terrain
|-heal|p1a: 快龙一定要快|42/100|[from] Grassy Terrain
|-damage|p2a: Raging Bolt|22/100 tox|[from] psn
|upkeep
|turn|17
|
|t:|1759064317
|move|p1a: 快龙一定要快|Extreme Speed|p2a: Raging Bolt
|-damage|p2a: Raging Bolt|0 fnt
|faint|p2a: Raging Bolt
|-end|p2a: Raging Bolt|Protosynthesis|[silent]
|
|-heal|p1a: 快龙一定要快|48/100|[from] Grassy Terrain
|-fieldend|move: Grassy Terrain
|upkeep
|l|☆Shabooya1
|inactive|Shabooya1 disconnected and has a minute to reconnect!
|player|p2|
|inactive|Shabooya1 has 30 seconds to reconnect!
|inactive|Shabooya1 has 20 seconds to reconnect!
|inactive|Shabooya1 has 15 seconds to reconnect!
|inactive|Shabooya1 has 10 seconds to reconnect!
|inactive|Shabooya1 has 5 seconds to reconnect!
|-message|Shabooya1 lost due to inactivity.
|
|win|dseokp
|raw|dseokp's rating: 1547 &rarr; <strong>1565</strong><br />(+18 for winning)
|raw|Shabooya1's rating: 1506 &rarr; <strong>1488</strong><br />(-18 for losing)
|l|☆dseokp
|player|p1|
