|j|☆guerrero105
|j|☆NormalDude1989
|t:|1759033491
|gametype|singles
|player|p1|guerrero105|101|1485
|player|p2|NormalDude1989|emmet|1494
|gen|9
|tier|[Gen 9] OU
|rated|
|rule|HP Percentage Mod: HP is shown in percentages
|rule|Endless Battle Clause: Forcing endless battles is banned
|rule|Species Clause: Limit one of each Pokémon
|rule|OHKO Clause: OHKO moves are banned
|rule|Evasion Items Clause: Evasion items are banned
|rule|Evasion Moves Clause: Evasion moves are banned
|rule|Evasion Abilities Clause: Evasion abilities are banned
|rule|Sleep Moves Clause: Sleep-inducing moves are banned
|clearpoke
|poke|p1|Sinistcha-Masterpiece|
|poke|p1|Mandibuzz, F|
|poke|p1|Tinkaton, F|
|poke|p1|Slowking-Galar, M|
|poke|p1|Tauros-Paldea-Aqua, M|
|poke|p1|Vikavolt, M|
|poke|p2|Kingambit, M|
|poke|p2|Hatterene, F|
|poke|p2|Cinderace, F|
|poke|p2|Great Tusk|
|poke|p2|Latios, M|
|poke|p2|Zapdos|
|teampreview
|
|t:|1759033531
|teamsize|p1|6
|teamsize|p2|6
|start
|switch|p1a: Vikavolt|Vikavolt, M|100/100
|switch|p2a: Bionic Bunny|Cinderace, F|100/100
|turn|1
|
|t:|1759033558
|switch|p1a: Mandibuzz|Mandibuzz, F|100/100
|move|p2a: Bionic Bunny|U-turn|p1a: Mandibuzz
|-start|p2a: Bionic Bunny|typechange|Bug|[from] ability: Libero
|-damage|p1a: Mandibuzz|81/100
|
|t:|1759033564
|switch|p2a: Morpho|Zapdos|100/100|[from] U-turn
|
|upkeep
|turn|2
|
|t:|1759033570
|switch|p1a: Vikavolt|Vikavolt, M|100/100
|move|p2a: Morpho|Discharge|p1a: Vikavolt
|-resisted|p1a: Vikavolt
|-damage|p1a: Vikavolt|85/100
|
|upkeep
|turn|3
|
|t:|1759033597
|move|p2a: Morpho|Hurricane|p1a: Vikavolt|[miss]
|-miss|p2a: Morpho|p1a: Vikavolt
|move|p1a: Vikavolt|Sticky Web|p2a: Morpho
|-sidestart|p2: NormalDude1989|move: Sticky Web
|
|upkeep
|turn|4
|
|t:|1759033608
|move|p2a: Morpho|Hurricane|p1a: Vikavolt
|-damage|p1a: Vikavolt|43/100
|move|p1a: Vikavolt|Volt Switch|p2a: Morpho
|-damage|p2a: Morpho|68/100
|
|t:|1759033616
|switch|p1a: Slowking|Slowking-Galar, M|100/100|[from] Volt Switch
|
|upkeep
|turn|5
|
|t:|1759033621
|move|p2a: Morpho|Volt Switch|p1a: Slowking
|-damage|p1a: Slowking|82/100
|
|t:|1759033625
|switch|p2a: Muramasa|Kingambit, M|100/100|[from] Volt Switch
|-activate|p2a: Muramasa|move: Sticky Web
|-unboost|p2a: Muramasa|spe|1
|move|p1a: Slowking|Future Sight|p2a: Muramasa
|-start|p1a: Slowking|move: Future Sight
|
|-heal|p1a: Slowking|88/100|[from] item: Leftovers
|upkeep
|turn|6
|
|t:|1759033634
|switch|p1a: Tauros|Tauros-Paldea-Aqua, M|100/100
|-ability|p1a: Tauros|Intimidate|boost
|-unboost|p2a: Muramasa|atk|1
|move|p2a: Muramasa|Kowtow Cleave|p1a: Tauros
|-resisted|p1a: Tauros
|-damage|p1a: Tauros|86/100
|
|-heal|p1a: Tauros|92/100|[from] item: Leftovers
|upkeep
|turn|7
|
|t:|1759033649
|-end|p2a: Muramasa|fallenundefined|[silent]
|switch|p2a: Minerva|Hatterene, F|100/100
|-activate|p2a: Minerva|move: Sticky Web
|-unboost|p2a: Minerva|spe|1
|move|p1a: Tauros|Bulk Up|p1a: Tauros
|-boost|p1a: Tauros|atk|1
|-boost|p1a: Tauros|def|1
|
|-end|p2a: Minerva|move: Future Sight
|-resisted|p2a: Minerva
|-damage|p2a: Minerva|84/100
|-heal|p1a: Tauros|98/100|[from] item: Leftovers
|upkeep
|turn|8
|
|t:|1759033662
|switch|p1a: Slowking|Slowking-Galar, M|100/100
|move|p2a: Minerva|Nuzzle|p1a: Slowking
|-damage|p1a: Slowking|96/100
|-status|p1a: Slowking|par
|
|-heal|p1a: Slowking|100/100 par|[from] item: Leftovers
|upkeep
|turn|9
|
|t:|1759033672
|move|p2a: Minerva|Mystical Fire|p1a: Slowking
|-damage|p1a: Slowking|84/100 par
|-unboost|p1a: Slowking|spa|1
|move|p1a: Slowking|Future Sight|p2a: Minerva
|-start|p1a: Slowking|move: Future Sight
|
|-heal|p1a: Slowking|90/100 par|[from] item: Leftovers
|upkeep
|turn|10
|
|t:|1759033694
|switch|p2a: Muramasa|Kingambit, M|100/100
|-activate|p2a: Muramasa|move: Sticky Web
|-unboost|p2a: Muramasa|spe|1
|move|p1a: Slowking|Sludge Bomb|p2a: Muramasa
|-immune|p2a: Muramasa
|
|-heal|p1a: Slowking|96/100 par|[from] item: Leftovers
|upkeep
|turn|11
|
|t:|1759033702
|switch|p1a: Tauros|Tauros-Paldea-Aqua, M|98/100
|-ability|p1a: Tauros|Intimidate|boost
|-unboost|p2a: Muramasa|atk|1
|move|p2a: Muramasa|Kowtow Cleave|p1a: Tauros
|-resisted|p1a: Tauros
|-damage|p1a: Tauros|81/100
|
|-end|p2a: Muramasa|move: Future Sight
|-immune|p2a: Muramasa
|-heal|p1a: Tauros|87/100|[from] item: Leftovers
|upkeep
|turn|12
|
|t:|1759033727
|-end|p2a: Muramasa|fallenundefined|[silent]
|switch|p2a: Minerva|Hatterene, F|84/100
|-activate|p2a: Minerva|move: Sticky Web
|-unboost|p2a: Minerva|spe|1
|move|p1a: Tauros|Bulk Up|p1a: Tauros
|-boost|p1a: Tauros|atk|1
|-boost|p1a: Tauros|def|1
|
|-heal|p1a: Tauros|93/100|[from] item: Leftovers
|upkeep
|turn|13
|
|t:|1759033740
|switch|p1a: Slowking|Slowking-Galar, M|100/100 par
|move|p2a: Minerva|Draining Kiss|p1a: Slowking
|-resisted|p1a: Slowking
|-damage|p1a: Slowking|93/100 par
|-heal|p2a: Minerva|92/100|[from] drain|[of] p1a: Slowking
|
|-heal|p1a: Slowking|99/100 par|[from] item: Leftovers
|upkeep
|turn|14
|
|t:|1759033750
|switch|p2a: Muramasa|Kingambit, M|100/100
|-activate|p2a: Muramasa|move: Sticky Web
|-unboost|p2a: Muramasa|spe|1
|move|p1a: Slowking|Ice Beam|p2a: Muramasa
|-resisted|p2a: Muramasa
|-damage|p2a: Muramasa|88/100
|
|-heal|p2a: Muramasa|95/100|[from] item: Leftovers
|-heal|p1a: Slowking|100/100 par|[from] item: Leftovers
|upkeep
|turn|15
|
|t:|1759033779
|-end|p2a: Muramasa|fallenundefined|[silent]
|switch|p2a: Morpho|Zapdos|68/100
|switch|p1a: Tauros|Tauros-Paldea-Aqua, M|93/100
|-ability|p1a: Tauros|Intimidate|boost
|-unboost|p2a: Morpho|atk|1
|
|-heal|p1a: Tauros|99/100|[from] item: Leftovers
|upkeep
|turn|16
|
|t:|1759033797
|switch|p1a: Slowking|Slowking-Galar, M|100/100 par
|move|p2a: Morpho|Roost|p2a: Morpho
|-heal|p2a: Morpho|100/100
|-singleturn|p2a: Morpho|move: Roost
|
|upkeep
|turn|17
|
|t:|1759033803
|move|p2a: Morpho|Volt Switch|p1a: Slowking
|-damage|p1a: Slowking|84/100 par
|
|t:|1759033807
|switch|p2a: Minerva|Hatterene, F|92/100|[from] Volt Switch
|-activate|p2a: Minerva|move: Sticky Web
|-unboost|p2a: Minerva|spe|1
|-prepare|p1a: Slowking|Chilly Reception|[premajor]
|move|p1a: Slowking|Chilly Reception|p1a: Slowking
|-weather|Snowscape
|
|t:|1759033811
|switch|p1a: Tinkaton|Tinkaton, F|100/100|[from] Chilly Reception
|-ability|p1a: Tinkaton|Mold Breaker
|-item|p1a: Tinkaton|Air Balloon
|
|-weather|Snowscape|[upkeep]
|upkeep
|turn|18
|
|t:|1759033816
|move|p1a: Tinkaton|Thunder Wave|p2a: Minerva
|-status|p2a: Minerva|par
|move|p2a: Minerva|Nuzzle|p1a: Tinkaton
|-damage|p1a: Tinkaton|95/100
|-status|p1a: Tinkaton|par
|-enditem|p1a: Tinkaton|Air Balloon
|
|-weather|Snowscape|[upkeep]
|upkeep
|turn|19
|
|t:|1759033823
|move|p1a: Tinkaton|Gigaton Hammer|p2a: Minerva
|-supereffective|p2a: Minerva
|-damage|p2a: Minerva|4/100 par
|move|p2a: Minerva|Mystical Fire|p1a: Tinkaton
|-supereffective|p1a: Tinkaton
|-damage|p1a: Tinkaton|34/100 par
|-unboost|p1a: Tinkaton|spa|1
|
|-weather|Snowscape|[upkeep]
|upkeep
|turn|20
|
|t:|1759033831
|move|p1a: Tinkaton|Knock Off|p2a: Minerva
|-damage|p2a: Minerva|0 fnt
|-enditem|p2a: Minerva|Assault Vest|[from] move: Knock Off|[of] p1a: Tinkaton
|faint|p2a: Minerva
|
|-weather|Snowscape|[upkeep]
|upkeep
|
|t:|1759033835
|switch|p2a: Bionic Bunny|Cinderace, F|100/100
|turn|21
|
|t:|1759033872
|switch|p1a: Mandibuzz|Mandibuzz, F|81/100
|move|p2a: Bionic Bunny|Pyro Ball|p1a: Mandibuzz
|-damage|p1a: Mandibuzz|45/100
|
|-weather|none
|upkeep
|turn|22
|
|t:|1759033878
|move|p2a: Bionic Bunny|Court Change|p2a: Bionic Bunny
|-start|p2a: Bionic Bunny|typechange|Normal|[from] ability: Libero
|-swapsideconditions
|-activate|p2a: Bionic Bunny|move: Court Change
|move|p1a: Mandibuzz|Roost|p1a: Mandibuzz
|-heal|p1a: Mandibuzz|95/100
|-singleturn|p1a: Mandibuzz|move: Roost
|
|upkeep
|turn|23
|
|t:|1759033884
|move|p2a: Bionic Bunny|U-turn|p1a: Mandibuzz
|-damage|p1a: Mandibuzz|84/100
|
|t:|1759033888
|switch|p2a: Morpho|Zapdos|100/100|[from] U-turn
|move|p1a: Mandibuzz|Defog|p2a: Morpho
|-unboost|p2a: Morpho|evasion|1
|-sideend|p1: guerrero105|Sticky Web|[from] move: Defog|[of] p1a: Mandibuzz
|
|upkeep
|turn|24
|
|t:|1759033897
|switch|p1a: Vikavolt|Vikavolt, M|43/100
|move|p2a: Morpho|Discharge|p1a: Vikavolt
|-resisted|p1a: Vikavolt
|-damage|p1a: Vikavolt|28/100
|
|upkeep
|turn|25
|
|t:|1759033909
|move|p2a: Morpho|Hurricane|p1a: Vikavolt|[miss]
|-miss|p2a: Morpho|p1a: Vikavolt
|move|p1a: Vikavolt|Sticky Web|p2a: Morpho
|-sidestart|p2: NormalDude1989|move: Sticky Web
|
|upkeep
|turn|26
|
|t:|1759033913
|move|p2a: Morpho|Hurricane|p1a: Vikavolt
|-damage|p1a: Vikavolt|0 fnt
|faint|p1a: Vikavolt
|
|upkeep
|
|t:|1759033919
|switch|p1a: Slowking|Slowking-Galar, M|100/100 par
|turn|27
|
|t:|1759033924
|move|p2a: Morpho|Volt Switch|p1a: Slowking
|-damage|p1a: Slowking|84/100 par
|
|t:|1759033933
|switch|p2a: Bionic Bunny|Cinderace, F|100/100|[from] Volt Switch
|move|p1a: Slowking|Future Sight|p2a: Bionic Bunny
|-start|p1a: Slowking|move: Future Sight
|
|-heal|p1a: Slowking|90/100 par|[from] item: Leftovers
|upkeep
|turn|28
|
|t:|1759033968
|move|p2a: Bionic Bunny|Court Change|p2a: Bionic Bunny
|-start|p2a: Bionic Bunny|typechange|Normal|[from] ability: Libero
|-swapsideconditions
|-activate|p2a: Bionic Bunny|move: Court Change
|move|p1a: Slowking|Sludge Bomb|p2a: Bionic Bunny
|-damage|p2a: Bionic Bunny|49/100
|-status|p2a: Bionic Bunny|psn
|
|-heal|p1a: Slowking|96/100 par|[from] item: Leftovers
|-damage|p2a: Bionic Bunny|36/100 psn|[from] psn
|upkeep
|turn|29
|
|t:|1759033982
|move|p2a: Bionic Bunny|U-turn|p1a: Slowking
|-damage|p1a: Slowking|73/100 par
|
|t:|1759033987
|switch|p2a: Muramasa|Kingambit, M|95/100|[from] U-turn
|-activate|p2a: Muramasa|ability: Supreme Overlord
|-start|p2a: Muramasa|fallen1|[silent]
|cant|p1a: Slowking|par
|
|-end|p2a: Muramasa|move: Future Sight
|-immune|p2a: Muramasa
|-heal|p2a: Muramasa|100/100|[from] item: Leftovers
|-heal|p1a: Slowking|79/100 par|[from] item: Leftovers
|upkeep
|turn|30
|
|t:|1759033998
|-end|p2a: Muramasa|fallen1|[silent]
|switch|p2a: Morpho|Zapdos|100/100
|switch|p1a: Mandibuzz|Mandibuzz, F|84/100
|
|upkeep
|turn|31
|
|t:|1759034006
|switch|p1a: Slowking|Slowking-Galar, M|100/100 par
|-activate|p1a: Slowking|move: Sticky Web
|-unboost|p1a: Slowking|spe|1
|move|p2a: Morpho|Discharge|p1a: Slowking
|-damage|p1a: Slowking|81/100 par
|
|-heal|p1a: Slowking|87/100 par|[from] item: Leftovers
|upkeep
|turn|32
|
|t:|1759034016
|move|p2a: Morpho|Volt Switch|p1a: Slowking
|-damage|p1a: Slowking|68/100 par
|
|t:|1759034021
|switch|p2a: Ivan|Great Tusk|100/100|[from] Volt Switch
|-prepare|p1a: Slowking|Chilly Reception|[premajor]
|move|p1a: Slowking|Chilly Reception|p1a: Slowking
|-weather|Snowscape
|
|t:|1759034028
|switch|p1a: Mandibuzz|Mandibuzz, F|84/100|[from] Chilly Reception
|
|-weather|Snowscape|[upkeep]
|upkeep
|turn|33
|
|t:|1759034031
|move|p2a: Ivan|Bulk Up|p2a: Ivan
|-boost|p2a: Ivan|atk|1
|-boost|p2a: Ivan|def|1
|move|p1a: Mandibuzz|Defog|p2a: Ivan
|-unboost|p2a: Ivan|evasion|1
|-sideend|p1: guerrero105|Sticky Web|[from] move: Defog|[of] p1a: Mandibuzz
|
|-weather|Snowscape|[upkeep]
|upkeep
|turn|34
|
|t:|1759034039
|move|p2a: Ivan|Rapid Spin|p1a: Mandibuzz
|-damage|p1a: Mandibuzz|69/100
|-boost|p2a: Ivan|spe|1
|move|p1a: Mandibuzz|U-turn|p2a: Ivan
|-resisted|p2a: Ivan
|-damage|p2a: Ivan|98/100
|
|t:|1759034043
|switch|p1a: Tauros|Tauros-Paldea-Aqua, M|99/100|[from] U-turn
|-ability|p1a: Tauros|Intimidate|boost
|-unboost|p2a: Ivan|atk|1
|
|-weather|Snowscape|[upkeep]
|-heal|p2a: Ivan|100/100|[from] item: Leftovers
|-heal|p1a: Tauros|100/100|[from] item: Leftovers
|upkeep
|turn|35
|
|t:|1759034048
|move|p2a: Ivan|Bulk Up|p2a: Ivan
|-boost|p2a: Ivan|atk|1
|-boost|p2a: Ivan|def|1
|move|p1a: Tauros|Bulk Up|p1a: Tauros
|-boost|p1a: Tauros|atk|1
|-boost|p1a: Tauros|def|1
|
|-weather|Snowscape|[upkeep]
|upkeep
|turn|36
|
|t:|1759034063
|move|p2a: Ivan|Headlong Rush|p1a: Tauros
|-damage|p1a: Tauros|39/100
|-unboost|p2a: Ivan|def|1
|-unboost|p2a: Ivan|spd|1
|move|p1a: Tauros|Bulk Up|p1a: Tauros
|-boost|p1a: Tauros|atk|1
|-boost|p1a: Tauros|def|1
|
|-weather|none
|-heal|p1a: Tauros|45/100|[from] item: Leftovers
|upkeep
|turn|37
|
|t:|1759034079
|move|p2a: Ivan|Headlong Rush|p1a: Tauros
|-damage|p1a: Tauros|1/100
|-unboost|p2a: Ivan|def|1
|-unboost|p2a: Ivan|spd|1
|move|p1a: Tauros|Trailblaze|p2a: Ivan
|-supereffective|p2a: Ivan
|-damage|p2a: Ivan|65/100
|-boost|p1a: Tauros|spe|1
|
|-heal|p1a: Tauros|7/100|[from] item: Leftovers
|-heal|p2a: Ivan|71/100|[from] item: Leftovers
|upkeep
|turn|38
|
|t:|1759034089
|-end|p2a: Ivan|Protosynthesis|[silent]
|switch|p2a: Morpho|Zapdos|100/100
|move|p1a: Tauros|Wave Crash|p2a: Morpho
|-damage|p2a: Morpho|28/100
|-damage|p1a: Tauros|0 fnt|[from] item: Rocky Helmet|[of] p2a: Morpho
|faint|p1a: Tauros
|
|upkeep
|
|t:|1759034104
|switch|p1a: Slowking|Slowking-Galar, M|100/100 par
|turn|39
|
|t:|1759034107
|move|p2a: Morpho|Roost|p2a: Morpho
|-heal|p2a: Morpho|78/100
|-singleturn|p2a: Morpho|move: Roost
|move|p1a: Slowking|Ice Beam|p2a: Morpho
|-damage|p2a: Morpho|57/100
|
|upkeep
|turn|40
|
|t:|1759034115
|move|p2a: Morpho|Volt Switch|p1a: Slowking
|-damage|p1a: Slowking|81/100 par
|
|t:|1759034120
|switch|p2a: Muramasa|Kingambit, M|100/100|[from] Volt Switch
|-activate|p2a: Muramasa|ability: Supreme Overlord
|-start|p2a: Muramasa|fallen1|[silent]
|move|p1a: Slowking|Sludge Bomb|p2a: Muramasa
|-immune|p2a: Muramasa
|
|-heal|p1a: Slowking|87/100 par|[from] item: Leftovers
|upkeep
|turn|41
|
|t:|1759034135
|switch|p1a: Mandibuzz|Mandibuzz, F|69/100
|move|p2a: Muramasa|Swords Dance|p2a: Muramasa
|-boost|p2a: Muramasa|atk|2
|
|upkeep
|turn|42
|
|t:|1759034142
|move|p1a: Mandibuzz|Foul Play|p2a: Muramasa
|-resisted|p2a: Muramasa
|-crit|p2a: Muramasa
|-damage|p2a: Muramasa|40/100
|move|p2a: Muramasa|Iron Head|p1a: Mandibuzz
|-damage|p1a: Mandibuzz|15/100
|
|-heal|p2a: Muramasa|47/100|[from] item: Leftovers
|upkeep
|turn|43
|
|t:|1759034150
|move|p1a: Mandibuzz|Roost|p1a: Mandibuzz
|-heal|p1a: Mandibuzz|65/100
|-singleturn|p1a: Mandibuzz|move: Roost
|move|p2a: Muramasa|Iron Head|p1a: Mandibuzz
|-damage|p1a: Mandibuzz|8/100
|
|-heal|p2a: Muramasa|53/100|[from] item: Leftovers
|upkeep
|turn|44
|
|t:|1759034158
|move|p1a: Mandibuzz|Foul Play|p2a: Muramasa
|-resisted|p2a: Muramasa
|-damage|p2a: Muramasa|16/100
|move|p2a: Muramasa|Iron Head|p1a: Mandibuzz
|-crit|p1a: Mandibuzz
|-damage|p1a: Mandibuzz|0 fnt
|faint|p1a: Mandibuzz
|
|-heal|p2a: Muramasa|22/100|[from] item: Leftovers
|upkeep
|
|t:|1759034167
|switch|p1a: Sinistcha|Sinistcha-Masterpiece|100/100
|turn|45
|
|t:|1759034175
|-end|p2a: Muramasa|fallen1|[silent]
|switch|p2a: Morpho|Zapdos|57/100
|move|p1a: Sinistcha|Matcha Gotcha|p2a: Morpho
|-resisted|p2a: Morpho
|-damage|p2a: Morpho|39/100
|
|upkeep
|turn|46
|
|t:|1759034196
|move|p1a: Sinistcha|Shadow Ball|p2a: Morpho
|-damage|p2a: Morpho|0 fnt
|faint|p2a: Morpho
|
|upkeep
|
|t:|1759034200
|switch|p2a: Azure|Latios, M|100/100
|turn|47
|
|t:|1759034206
|switch|p1a: Tinkaton|Tinkaton, F|34/100 par
|-ability|p1a: Tinkaton|Mold Breaker
|-terastallize|p2a: Azure|Steel
|move|p2a: Azure|Luster Purge|p1a: Tinkaton
|-resisted|p1a: Tinkaton
|-damage|p1a: Tinkaton|2/100 par
|-unboost|p1a: Tinkaton|spd|1
|
|upkeep
|turn|48
|
|t:|1759034221
|move|p2a: Azure|Luster Purge|p1a: Tinkaton
|-resisted|p1a: Tinkaton
|-damage|p1a: Tinkaton|0 fnt
|faint|p1a: Tinkaton
|
|upkeep
|
|t:|1759034227
|switch|p1a: Slowking|Slowking-Galar, M|100/100 par
|turn|49
|
|t:|1759034231
|move|p2a: Azure|Calm Mind|p2a: Azure
|-boost|p2a: Azure|spa|1
|-boost|p2a: Azure|spd|1
|move|p1a: Slowking|Future Sight|p2a: Azure
|-start|p1a: Slowking|move: Future Sight
|
|upkeep
|turn|50
|
|t:|1759034244
|move|p2a: Azure|Luster Purge|p1a: Slowking
|-damage|p1a: Slowking|45/100 par
|-unboost|p1a: Slowking|spd|1
|move|p1a: Slowking|Ice Beam|p2a: Azure
|-resisted|p2a: Azure
|-damage|p2a: Azure|93/100
|-status|p2a: Azure|frz
|
|-heal|p1a: Slowking|52/100 par|[from] item: Leftovers
|upkeep
|turn|51
|
|t:|1759034254
|cant|p2a: Azure|frz
|-prepare|p1a: Slowking|Chilly Reception|[premajor]
|move|p1a: Slowking|Chilly Reception|p1a: Slowking
|-weather|Snowscape
|
|t:|1759034257
|switch|p1a: Sinistcha|Sinistcha-Masterpiece|100/100|[from] Chilly Reception
|
|-weather|Snowscape|[upkeep]
|-end|p2a: Azure|move: Future Sight
|-resisted|p2a: Azure
|-damage|p2a: Azure|76/100 frz
|upkeep
|turn|52
|
|t:|1759034265
|cant|p2a: Azure|frz
|move|p1a: Sinistcha|Calm Mind|p1a: Sinistcha
|-boost|p1a: Sinistcha|spa|1
|-boost|p1a: Sinistcha|spd|1
|
|-weather|Snowscape|[upkeep]
|upkeep
|turn|53
|
|t:|1759034269
|cant|p2a: Azure|frz
|move|p1a: Sinistcha|Calm Mind|p1a: Sinistcha
|-boost|p1a: Sinistcha|spa|1
|-boost|p1a: Sinistcha|spd|1
|
|-weather|Snowscape|[upkeep]
|upkeep
|turn|54
|
|t:|1759034275
|cant|p2a: Azure|frz
|move|p1a: Sinistcha|Shadow Ball|p2a: Azure
|-damage|p2a: Azure|28/100 frz
|
|-weather|Snowscape|[upkeep]
|upkeep
|turn|55
|
|t:|1759034279
|-curestatus|p2a: Azure|frz|[msg]
|move|p2a: Azure|Luster Purge|p1a: Sinistcha
|-damage|p1a: Sinistcha|47/100
|-unboost|p1a: Sinistcha|spd|1
|move|p1a: Sinistcha|Shadow Ball|p2a: Azure
|-damage|p2a: Azure|0 fnt
|faint|p2a: Azure
|
|-weather|none
|-heal|p1a: Sinistcha|53/100|[from] item: Leftovers
|upkeep
|
|t:|1759034289
|switch|p2a: Bionic Bunny|Cinderace, F|36/100 psn
|turn|56
|
|t:|1759034293
|-terastallize|p1a: Sinistcha|Poison
|move|p2a: Bionic Bunny|Gunk Shot|p1a: Sinistcha
|-start|p2a: Bionic Bunny|typechange|Poison|[from] ability: Libero
|-resisted|p1a: Sinistcha
|-damage|p1a: Sinistcha|20/100
|move|p1a: Sinistcha|Strength Sap|p2a: Bionic Bunny
|-unboost|p2a: Bionic Bunny|atk|1
|-heal|p1a: Sinistcha|100/100
|
|-damage|p2a: Bionic Bunny|24/100 psn|[from] psn
|upkeep
|turn|57
|
|t:|1759034306
|move|p2a: Bionic Bunny|Pyro Ball|p1a: Sinistcha
|-damage|p1a: Sinistcha|87/100
|move|p1a: Sinistcha|Shadow Ball|p2a: Bionic Bunny
|-damage|p2a: Bionic Bunny|0 fnt
|faint|p2a: Bionic Bunny
|
|-heal|p1a: Sinistcha|93/100|[from] item: Leftovers
|upkeep
|
|t:|1759034309
|switch|p2a: Ivan|Great Tusk|71/100
|turn|58
|
|t:|1759034313
|move|p2a: Ivan|Headlong Rush|p1a: Sinistcha
|-supereffective|p1a: Sinistcha
|-damage|p1a: Sinistcha|0 fnt
|-unboost|p2a: Ivan|def|1
|-unboost|p2a: Ivan|spd|1
|faint|p1a: Sinistcha
|
|-heal|p2a: Ivan|77/100|[from] item: Leftovers
|upkeep
|-message|guerrero105 forfeited.
|
|win|NormalDude1989
|raw|guerrero105's rating: 1485 &rarr; <strong>1466</strong><br />(-19 for losing)
|raw|NormalDude1989's rating: 1494 &rarr; <strong>1513</strong><br />(+19 for winning)
|l|☆guerrero105
|player|p1|
|l|☆NormalDude1989
|player|p2|
