|j|☆Amongsusgyatt
|j|☆wolwing
|t:|1758965293
|gametype|singles
|player|p1|Amongsusgyatt|102|1318
|player|p2|wolwing|101|1327
|gen|9
|tier|[Gen 9] OU
|rated|
|rule|HP Percentage Mod: HP is shown in percentages
|rule|Endless Battle Clause: Forcing endless battles is banned
|rule|Species Clause: Limit one of each Pokémon
|rule|OHKO Clause: OHKO moves are banned
|rule|Evasion Items Clause: Evasion items are banned
|rule|Evasion Moves Clause: Evasion moves are banned
|rule|Evasion Abilities Clause: Evasion abilities are banned
|rule|Sleep Moves Clause: Sleep-inducing moves are banned
|clearpoke
|poke|p1|Ogerpon-Wellspring, F|
|poke|p1|Goodra-Hisui, F|
|poke|p1|Maushold|
|poke|p1|Clefable, M|
|poke|p1|Misdreavus, F|
|poke|p1|Gastrodon, F|
|poke|p2|Grimmsnarl, M|
|poke|p2|Iron Treads|
|poke|p2|Ninetales, M|
|poke|p2|Scovillain, F|
|poke|p2|Indeedee, M|
|poke|p2|Polteageist-Antique|
|teampreview
|inactive|Battle timer is ON: inactive players will automatically lose when time's up. (requested by wolwing)
|inactive|Amongsusgyatt has 120 seconds left.
|
|t:|1758965350
|teamsize|p1|6
|teamsize|p2|6
|start
|switch|p1a: Gastrodon|Gastrodon, F|100/100
|switch|p2a: Grimmsnarl|Grimmsnarl, M|100/100
|turn|1
|
|t:|1758965365
|move|p2a: Grimmsnarl|Taunt|p1a: Gastrodon
|-start|p1a: Gastrodon|move: Taunt
|cant|p1a: Gastrodon|move: Taunt|Amnesia
|
|upkeep
|turn|2
|
|t:|1758965378
|move|p2a: Grimmsnarl|Reflect|p2a: Grimmsnarl
|-sidestart|p2: wolwing|Reflect
|move|p1a: Gastrodon|Surf|p2a: Grimmsnarl
|-damage|p2a: Grimmsnarl|54/100
|
|upkeep
|turn|3
|
|t:|1758965386
|move|p2a: Grimmsnarl|Parting Shot|p1a: Gastrodon
|-unboost|p1a: Gastrodon|atk|1
|-unboost|p1a: Gastrodon|spa|1
|
|t:|1758965390
|switch|p2a: Ninetales|Ninetales, M|100/100|[from] Parting Shot
|-weather|SunnyDay|[from] ability: Drought|[of] p2a: Ninetales
|move|p1a: Gastrodon|Surf|p2a: Ninetales
|-supereffective|p2a: Ninetales
|-damage|p2a: Ninetales|76/100
|
|-weather|SunnyDay|[upkeep]
|-end|p1a: Gastrodon|move: Taunt
|upkeep
|turn|4
|
|t:|1758965401
|switch|p1a: Goodra|Goodra-Hisui, F|100/100
|move|p2a: Ninetales|Memento|p1a: Goodra
|-unboost|p1a: Goodra|atk|2
|-unboost|p1a: Goodra|spa|2
|faint|p2a: Ninetales
|
|-weather|SunnyDay|[upkeep]
|upkeep
|
|t:|1758965406
|switch|p2a: Scovillain|Scovillain, F|100/100
|turn|5
|
|t:|1758965410
|move|p2a: Scovillain|Growth|p2a: Scovillain
|-boost|p2a: Scovillain|atk|2
|-boost|p2a: Scovillain|spa|2
|move|p1a: Goodra|Knock Off|p2a: Scovillain
|-damage|p2a: Scovillain|91/100
|-enditem|p2a: Scovillain|Heavy-Duty Boots|[from] move: Knock Off|[of] p1a: Goodra
|
|-weather|SunnyDay|[upkeep]
|upkeep
|turn|6
|
|t:|1758965419
|move|p2a: Scovillain|Flamethrower|p1a: Goodra
|-damage|p1a: Goodra|43/100
|move|p1a: Goodra|Body Press|p2a: Scovillain
|-damage|p2a: Scovillain|74/100
|
|-weather|SunnyDay|[upkeep]
|upkeep
|turn|7
|
|t:|1758965427
|switch|p1a: Gastrodon|Gastrodon, F|100/100
|move|p2a: Scovillain|Flamethrower|p1a: Gastrodon
|-resisted|p1a: Gastrodon
|-damage|p1a: Gastrodon|46/100
|
|-weather|SunnyDay|[upkeep]
|-heal|p1a: Gastrodon|52/100|[from] item: Leftovers
|upkeep
|turn|8
|
|t:|1758965437
|switch|p1a: Goodra|Goodra-Hisui, F|43/100
|move|p2a: Scovillain|Solar Beam||[still]
|-prepare|p2a: Scovillain|Solar Beam
|-anim|p2a: Scovillain|Solar Beam|p1a: Goodra
|-ability|p1a: Goodra|Sap Sipper|boost
|-boost|p1a: Goodra|atk|1
|
|-weather|SunnyDay|[upkeep]
|upkeep
|turn|9
|
|t:|1758965445
|move|p2a: Scovillain|Flamethrower|p1a: Goodra
|-damage|p1a: Goodra|0 fnt
|faint|p1a: Goodra
|
|-weather|SunnyDay|[upkeep]
|-sideend|p2: wolwing|Reflect
|upkeep
|
|t:|1758965456
|switch|p1a: Gastrodon|Gastrodon, F|52/100
|turn|10
|
|t:|1758965463
|move|p2a: Scovillain|Solar Beam||[still]
|-prepare|p2a: Scovillain|Solar Beam
|-anim|p2a: Scovillain|Solar Beam|p1a: Gastrodon
|-supereffective|p1a: Gastrodon
|-damage|p1a: Gastrodon|0 fnt
|faint|p1a: Gastrodon
|
|-weather|none
|upkeep
|
|t:|1758965471
|switch|p1a: Maushold|Maushold|100/100
|turn|11
|
|t:|1758965474
|move|p1a: Maushold|Population Bomb|p2a: Scovillain
|-damage|p2a: Scovillain|55/100
|-damage|p2a: Scovillain|37/100
|-hitcount|p2a: Scovillain|2
|move|p2a: Scovillain|Flamethrower|p1a: Maushold
|-enditem|p1a: Maushold|Focus Sash
|-damage|p1a: Maushold|1/100
|
|upkeep
|turn|12
|
|t:|1758965485
|move|p1a: Maushold|Population Bomb|p2a: Scovillain
|-damage|p2a: Scovillain|19/100
|-hitcount|p2a: Scovillain|1
|move|p2a: Scovillain|Flamethrower|p1a: Maushold
|-damage|p1a: Maushold|0 fnt
|faint|p1a: Maushold
|
|upkeep
|
|t:|1758965490
|switch|p1a: Ogerpon|Ogerpon-Wellspring, F|100/100
|turn|13
|
|t:|1758965496
|move|p1a: Ogerpon|Ivy Cudgel|p2a: Scovillain|[anim] Ivy Cudgel Water
|-damage|p2a: Scovillain|0 fnt
|faint|p2a: Scovillain
|
|upkeep
|
|t:|1758965515
|switch|p2a: Grimmsnarl|Grimmsnarl, M|54/100
|turn|14
|
|t:|1758965521
|move|p2a: Grimmsnarl|Thunder Wave|p1a: Ogerpon
|-status|p1a: Ogerpon|par
|move|p1a: Ogerpon|Play Rough|p2a: Grimmsnarl|[miss]
|-miss|p1a: Ogerpon|p2a: Grimmsnarl
|
|upkeep
|turn|15
|
|t:|1758965527
|move|p2a: Grimmsnarl|Reflect|p2a: Grimmsnarl
|-sidestart|p2: wolwing|Reflect
|move|p1a: Ogerpon|Play Rough|p2a: Grimmsnarl
|-supereffective|p2a: Grimmsnarl
|-damage|p2a: Grimmsnarl|4/100
|
|upkeep
|turn|16
|
|t:|1758965531
|move|p2a: Grimmsnarl|Parting Shot|p1a: Ogerpon
|-unboost|p1a: Ogerpon|atk|1
|-unboost|p1a: Ogerpon|spa|1
|
|t:|1758965534
|switch|p2a: Iron Treads|Iron Treads|100/100|[from] Parting Shot
|-enditem|p2a: Iron Treads|Booster Energy
|-activate|p2a: Iron Treads|ability: Quark Drive|[fromitem]
|-start|p2a: Iron Treads|quarkdrivespe
|move|p1a: Ogerpon|Ivy Cudgel|p2a: Iron Treads|[anim] Ivy Cudgel Water
|-supereffective|p2a: Iron Treads
|-damage|p2a: Iron Treads|62/100
|
|upkeep
|turn|17
|
|t:|1758965537
|move|p2a: Iron Treads|Stealth Rock|p1a: Ogerpon
|-sidestart|p1: Amongsusgyatt|move: Stealth Rock
|move|p1a: Ogerpon|Ivy Cudgel|p2a: Iron Treads|[anim] Ivy Cudgel Water
|-supereffective|p2a: Iron Treads
|-damage|p2a: Iron Treads|27/100
|
|upkeep
|turn|18
|
|t:|1758965542
|-end|p2a: Iron Treads|Quark Drive|[silent]
|switch|p2a: Indeedee|Indeedee, M|100/100
|-fieldstart|move: Psychic Terrain|[from] ability: Psychic Surge|[of] p2a: Indeedee
|move|p1a: Ogerpon|Ivy Cudgel|p2a: Indeedee|[anim] Ivy Cudgel Water
|-damage|p2a: Indeedee|60/100
|
|upkeep
|turn|19
|
|t:|1758965544
|move|p2a: Indeedee|Healing Wish|p2a: Indeedee
|faint|p2a: Indeedee
|move|p1a: Ogerpon|U-turn|p2: Indeedee|[notarget]
|-fail|p1a: Ogerpon
|
|upkeep
|
|t:|1758965547
|switch|p2a: Polteageist|Polteageist-Antique|100/100
|turn|20
|
|t:|1758965549
|move|p2a: Polteageist|Shell Smash|p2a: Polteageist
|-unboost|p2a: Polteageist|def|1
|-unboost|p2a: Polteageist|spd|1
|-boost|p2a: Polteageist|atk|2
|-boost|p2a: Polteageist|spa|2
|-boost|p2a: Polteageist|spe|2
|move|p1a: Ogerpon|U-turn|p2a: Polteageist
|-resisted|p2a: Polteageist
|-damage|p2a: Polteageist|88/100
|-ability|p2a: Polteageist|Weak Armor|boost
|-unboost|p2a: Polteageist|def|1
|-boost|p2a: Polteageist|spe|2
|
|t:|1758965554
|switch|p1a: Misdreavus|Misdreavus, F|100/100|[from] U-turn
|-damage|p1a: Misdreavus|88/100|[from] Stealth Rock
|
|upkeep
|turn|21
|
|t:|1758965563
|-terastallize|p1a: Misdreavus|Fairy
|move|p2a: Polteageist|Stored Power|p1a: Misdreavus
|-damage|p1a: Misdreavus|0 fnt
|faint|p1a: Misdreavus
|
|upkeep
|
|t:|1758965569
|switch|p1a: Clefable|Clefable, M|100/100
|turn|22
|
|t:|1758965574
|move|p2a: Polteageist|Stored Power|p1a: Clefable
|-damage|p1a: Clefable|0 fnt
|faint|p1a: Clefable
|
|-sideend|p2: wolwing|Reflect
|upkeep
|
|t:|1758965577
|switch|p1a: Ogerpon|Ogerpon-Wellspring, F|100/100 par
|-damage|p1a: Ogerpon|88/100 par|[from] Stealth Rock
|turn|23
|
|t:|1758965581
|move|p2a: Polteageist|Stored Power|p1a: Ogerpon
|-damage|p1a: Ogerpon|0 fnt
|faint|p1a: Ogerpon
|
|win|wolwing
|raw|Amongsusgyatt's rating: 1318 &rarr; <strong>1299</strong><br />(-19 for losing)
|raw|wolwing's rating: 1327 &rarr; <strong>1346</strong><br />(+19 for winning)
|l|☆Amongsusgyatt
|player|p1|
|l|☆wolwing
|player|p2|
