|j|☆magikarp soup
|j|☆clausura
|t:|1759021971
|gametype|singles
|player|p1|magikarp soup|2|1615
|player|p2|clausura|cynthia-gen4|1593
|gen|9
|tier|[Gen 9] OU
|rated|
|rule|HP Percentage Mod: HP is shown in percentages
|rule|Endless Battle Clause: Forcing endless battles is banned
|rule|Species Clause: Limit one of each Pokémon
|rule|OHKO Clause: OHKO moves are banned
|rule|Evasion Items Clause: Evasion items are banned
|rule|Evasion Moves Clause: Evasion moves are banned
|rule|Evasion Abilities Clause: Evasion abilities are banned
|rule|Sleep Moves Clause: Sleep-inducing moves are banned
|clearpoke
|poke|p1|Dondozo, M|
|poke|p1|Clodsire, F|
|poke|p1|Blissey, F|
|poke|p1|Alomomola, M|
|poke|p1|Talonflame, F|
|poke|p1|Goodra-Hisui, F|
|poke|p2|Iron Boulder|
|poke|p2|Skeledirge, F|
|poke|p2|Ogerpon-Wellspring, F|
|poke|p2|Iron Valiant|
|poke|p2|Kingambit, M|
|poke|p2|Dragonite, F|
|teampreview
|
|t:|1759022013
|teamsize|p1|6
|teamsize|p2|6
|start
|switch|p1a: Alomomola|Alomomola, M|100/100
|switch|p2a: Ogerpon|Ogerpon-Wellspring, F|100/100
|turn|1
|
|t:|1759022017
|move|p1a: Alomomola|Protect|p1a: Alomomola
|-singleturn|p1a: Alomomola|Protect
|move|p2a: Ogerpon|Swords Dance|p2a: Ogerpon
|-boost|p2a: Ogerpon|atk|2
|
|upkeep
|turn|2
|
|t:|1759022021
|-terastallize|p1a: Alomomola|Flying
|move|p2a: Ogerpon|Ivy Cudgel|p1a: Alomomola|[anim] Ivy Cudgel Water
|-damage|p1a: Alomomola|26/100
|move|p1a: Alomomola|Acrobatics|p2a: Ogerpon
|-supereffective|p2a: Ogerpon
|-damage|p2a: Ogerpon|0 fnt
|faint|p2a: Ogerpon
|
|upkeep
|
|t:|1759022031
|switch|p2a: Iron Boulder|Iron Boulder|100/100
|-enditem|p2a: Iron Boulder|Booster Energy
|-activate|p2a: Iron Boulder|ability: Quark Drive|[fromitem]
|-start|p2a: Iron Boulder|quarkdrivespe
|turn|3
|
|t:|1759022051
|switch|p1a: Dondozo|Dondozo, M|100/100
|move|p2a: Iron Boulder|Mighty Cleave|p1a: Dondozo
|-damage|p1a: Dondozo|78/100
|
|upkeep
|turn|4
|
|t:|1759022069
|-terastallize|p2a: Iron Boulder|Fighting
|move|p2a: Iron Boulder|Close Combat|p1a: Dondozo
|-damage|p1a: Dondozo|53/100
|-unboost|p2a: Iron Boulder|def|1
|-unboost|p2a: Iron Boulder|spd|1
|move|p1a: Dondozo|Wave Crash|p2a: Iron Boulder
|-damage|p2a: Iron Boulder|47/100
|-damage|p1a: Dondozo|41/100|[from] Recoil
|
|upkeep
|turn|5
|
|t:|1759022074
|-end|p2a: Iron Boulder|Quark Drive|[silent]
|switch|p2a: Dragonite|Dragonite, F|100/100
|move|p1a: Dondozo|Rest|p1a: Dondozo
|-status|p1a: Dondozo|slp|[from] move: Rest
|-heal|p1a: Dondozo|100/100 slp|[silent]
|
|upkeep
|turn|6
|
|t:|1759022078
|switch|p2a: Iron Boulder|Iron Boulder, tera:Fighting|47/100
|cant|p1a: Dondozo|slp
|
|upkeep
|turn|7
|
|t:|1759022079
|move|p2a: Iron Boulder|Close Combat|p1a: Dondozo
|-damage|p1a: Dondozo|73/100 slp
|-unboost|p2a: Iron Boulder|def|1
|-unboost|p2a: Iron Boulder|spd|1
|cant|p1a: Dondozo|slp
|
|upkeep
|turn|8
|
|t:|1759022085
|move|p2a: Iron Boulder|Close Combat|p1a: Dondozo
|-damage|p1a: Dondozo|45/100 slp
|-unboost|p2a: Iron Boulder|def|1
|-unboost|p2a: Iron Boulder|spd|1
|-curestatus|p1a: Dondozo|slp|[msg]
|move|p1a: Dondozo|Curse|p1a: Dondozo
|-unboost|p1a: Dondozo|spe|1
|-boost|p1a: Dondozo|atk|1
|-boost|p1a: Dondozo|def|1
|
|upkeep
|turn|9
|
|t:|1759022089
|move|p2a: Iron Boulder|Close Combat|p1a: Dondozo
|-damage|p1a: Dondozo|29/100
|-unboost|p2a: Iron Boulder|def|1
|-unboost|p2a: Iron Boulder|spd|1
|move|p1a: Dondozo|Rest|p1a: Dondozo
|-status|p1a: Dondozo|slp|[from] move: Rest
|-heal|p1a: Dondozo|100/100 slp|[silent]
|
|upkeep
|turn|10
|
|t:|1759022093
|-end|p2a: Iron Boulder|Quark Drive|[silent]
|switch|p2a: Skeledirge|Skeledirge, F|100/100
|cant|p1a: Dondozo|slp
|
|upkeep
|turn|11
|
|t:|1759022108
|switch|p1a: Clodsire|Clodsire, F|100/100
|move|p2a: Skeledirge|Shadow Ball|p1a: Clodsire
|-damage|p1a: Clodsire|85/100
|
|upkeep
|turn|12
|
|t:|1759022135
|move|p2a: Skeledirge|Will-O-Wisp|p1a: Clodsire
|-status|p1a: Clodsire|brn
|move|p1a: Clodsire|Toxic|p2a: Skeledirge
|-status|p2a: Skeledirge|tox
|
|-damage|p2a: Skeledirge|94/100 tox|[from] psn
|-damage|p1a: Clodsire|79/100 brn|[from] brn
|upkeep
|turn|13
|
|t:|1759022139
|switch|p2a: Kingambit|Kingambit, M|100/100
|-activate|p2a: Kingambit|ability: Supreme Overlord
|-start|p2a: Kingambit|fallen1|[silent]
|move|p1a: Clodsire|Spikes|p2a: Kingambit
|-sidestart|p2: clausura|Spikes
|
|-damage|p1a: Clodsire|73/100 brn|[from] brn
|upkeep
|turn|14
|
|t:|1759022143
|switch|p1a: Talonflame|Talonflame, F|100/100
|move|p2a: Kingambit|Kowtow Cleave|p1a: Talonflame
|-damage|p1a: Talonflame|45/100
|
|upkeep
|turn|15
|
|t:|1759022150
|-end|p2a: Kingambit|fallen1|[silent]
|switch|p2a: Skeledirge|Skeledirge, F|94/100 tox
|move|p1a: Talonflame|Roost|p1a: Talonflame
|-heal|p1a: Talonflame|95/100
|-singleturn|p1a: Talonflame|move: Roost
|
|-damage|p2a: Skeledirge|88/100 tox|[from] psn
|upkeep
|turn|16
|
|t:|1759022154
|switch|p1a: Blissey|Blissey, F|100/100
|move|p2a: Skeledirge|Torch Song|p1a: Blissey
|-damage|p1a: Blissey|90/100
|-boost|p2a: Skeledirge|spa|1
|
|-damage|p2a: Skeledirge|76/100 tox|[from] psn
|upkeep
|turn|17
|
|t:|1759022158
|switch|p2a: Iron Boulder|Iron Boulder, tera:Fighting|47/100
|-damage|p2a: Iron Boulder|34/100|[from] Spikes
|move|p1a: Blissey|Heal Bell|p1a: Blissey
|-activate|p1a: Blissey|move: Heal Bell
|-curestatus|p1: Dondozo|slp|[msg]
|-curestatus|p1: Clodsire|brn|[msg]
|
|upkeep
|turn|18
|
|t:|1759022162
|switch|p1a: Dondozo|Dondozo, M|100/100
|move|p2a: Iron Boulder|Close Combat|p1a: Dondozo
|-damage|p1a: Dondozo|72/100
|-unboost|p2a: Iron Boulder|def|1
|-unboost|p2a: Iron Boulder|spd|1
|
|upkeep
|turn|19
|
|t:|1759022166
|move|p2a: Iron Boulder|Close Combat|p1a: Dondozo
|-damage|p1a: Dondozo|47/100
|-unboost|p2a: Iron Boulder|def|1
|-unboost|p2a: Iron Boulder|spd|1
|move|p1a: Dondozo|Wave Crash|p2a: Iron Boulder
|-damage|p2a: Iron Boulder|0 fnt
|faint|p2a: Iron Boulder
|-end|p2a: Iron Boulder|Quark Drive|[silent]
|-damage|p1a: Dondozo|40/100|[from] Recoil
|
|upkeep
|
|t:|1759022169
|switch|p2a: Kingambit|Kingambit, M|100/100
|-damage|p2a: Kingambit|88/100|[from] Spikes
|-activate|p2a: Kingambit|ability: Supreme Overlord
|-start|p2a: Kingambit|fallen2|[silent]
|turn|20
|
|t:|1759022173
|move|p2a: Kingambit|Kowtow Cleave|p1a: Dondozo
|-damage|p1a: Dondozo|14/100
|move|p1a: Dondozo|Rest|p1a: Dondozo
|-status|p1a: Dondozo|slp|[from] move: Rest
|-heal|p1a: Dondozo|100/100 slp|[silent]
|
|-heal|p2a: Kingambit|94/100|[from] item: Leftovers
|upkeep
|turn|21
|
|t:|1759022180
|switch|p1a: Talonflame|Talonflame, F|95/100
|move|p2a: Kingambit|Kowtow Cleave|p1a: Talonflame
|-damage|p1a: Talonflame|27/100
|-status|p2a: Kingambit|brn|[from] ability: Flame Body|[of] p1a: Talonflame
|
|-heal|p2a: Kingambit|99/100 brn|[from] item: Leftovers
|-damage|p2a: Kingambit|94/100 brn|[from] brn
|upkeep
|turn|22
|
|t:|1759022186
|move|p1a: Talonflame|Roost|p1a: Talonflame
|-heal|p1a: Talonflame|77/100
|-singleturn|p1a: Talonflame|move: Roost
|move|p2a: Kingambit|Kowtow Cleave|p1a: Talonflame
|-crit|p1a: Talonflame
|-damage|p1a: Talonflame|29/100
|
|-heal|p2a: Kingambit|99/100 brn|[from] item: Leftovers
|-damage|p2a: Kingambit|94/100 brn|[from] brn
|upkeep
|turn|23
|-message|clausura forfeited.
|
|win|magikarp soup
|raw|magikarp soup's rating: 1615 &rarr; <strong>1634</strong><br />(+19 for winning)
|raw|clausura's rating: 1593 &rarr; <strong>1574</strong><br />(-19 for losing)
|l|☆clausura
|player|p2|
|l|☆magikarp soup
|player|p1|
