|j|☆randomgiiirly
|j|☆gyaradosgodz
|t:|1759054874
|gametype|singles
|player|p1|randomgiiirly|102|1161
|player|p2|gyaradosgodz|juan|1168
|gen|9
|tier|[Gen 9] OU
|rated|
|rule|HP Percentage Mod: HP is shown in percentages
|rule|Endless Battle Clause: Forcing endless battles is banned
|rule|Species Clause: Limit one of each Pokémon
|rule|OHKO Clause: OHKO moves are banned
|rule|Evasion Items Clause: Evasion items are banned
|rule|Evasion Moves Clause: Evasion moves are banned
|rule|Evasion Abilities Clause: Evasion abilities are banned
|rule|Sleep Moves Clause: Sleep-inducing moves are banned
|clearpoke
|poke|p1|Iron Crown|
|poke|p1|Samurott-Hisui, M|
|poke|p1|Zapdos|
|poke|p1|Dragapult, M|
|poke|p1|Great Tusk|
|poke|p1|Iron Boulder|
|poke|p2|Cryogonal|
|poke|p2|Empoleon, F|
|poke|p2|Hatterene, F|
|poke|p2|Blaziken, F|
|poke|p2|Pelipper, M|
|poke|p2|Lokix, F|
|teampreview
|inactive|Battle timer is ON: inactive players will automatically lose when time's up. (requested by gyaradosgodz)
|
|t:|1759054884
|teamsize|p1|6
|teamsize|p2|6
|start
|switch|p1a: Iron Crown|Iron Crown|100/100
|switch|p2a: Pelipper|Pelipper, M|100/100
|-weather|RainDance|[from] ability: Drizzle|[of] p2a: Pelipper
|turn|1
|j| iam_niceproberly
|
|t:|1759054890
|move|p1a: Iron Crown|Volt Switch|p2a: Pelipper
|-supereffective|p2a: Pelipper
|-crit|p2a: Pelipper
|-damage|p2a: Pelipper|0 fnt
|faint|p2a: Pelipper
|
|t:|1759054897
|-end|p1a: Iron Crown|Quark Drive|[silent]
|switch|p1a: Great Tusk|Great Tusk|100/100|[from] Volt Switch
|
|-weather|RainDance|[upkeep]
|upkeep
|
|t:|1759054911
|switch|p2a: Cryogonal|Cryogonal|100/100
|turn|2
|c| iam_niceproberly|noice
|
|t:|1759054915
|move|p2a: Cryogonal|Chilling Water|p1a: Great Tusk
|-supereffective|p1a: Great Tusk
|-damage|p1a: Great Tusk|50/100
|-unboost|p1a: Great Tusk|atk|1
|move|p1a: Great Tusk|Stealth Rock|p2a: Cryogonal
|-sidestart|p2: gyaradosgodz|move: Stealth Rock
|
|-weather|RainDance|[upkeep]
|upkeep
|turn|3
|
|t:|1759054927
|-end|p1a: Great Tusk|Protosynthesis|[silent]
|switch|p1a: Samurott|Samurott-Hisui, M|100/100
|move|p2a: Cryogonal|Chilling Water|p1a: Samurott
|-resisted|p1a: Samurott
|-damage|p1a: Samurott|88/100
|-unboost|p1a: Samurott|atk|1
|
|-weather|RainDance|[upkeep]
|upkeep
|turn|4
|
|t:|1759054933
|move|p1a: Samurott|Ceaseless Edge|p2a: Cryogonal
|-damage|p2a: Cryogonal|52/100
|-sidestart|p2: gyaradosgodz|Spikes
|move|p2a: Cryogonal|Rapid Spin|p1a: Samurott
|-damage|p1a: Samurott|80/100
|-boost|p2a: Cryogonal|spe|1
|-sideend|p2: gyaradosgodz|Spikes|[from] move: Rapid Spin|[of] p2a: Cryogonal
|-sideend|p2: gyaradosgodz|Stealth Rock|[from] move: Rapid Spin|[of] p2a: Cryogonal
|
|-weather|RainDance|[upkeep]
|upkeep
|turn|5
|
|t:|1759054942
|switch|p2a: Hatterene|Hatterene, F|100/100
|move|p1a: Samurott|Ceaseless Edge|p2a: Hatterene
|-damage|p2a: Hatterene|69/100
|-sidestart|p2: gyaradosgodz|Spikes
|
|-weather|RainDance|[upkeep]
|upkeep
|turn|6
|
|t:|1759054954
|move|p1a: Samurott|Ceaseless Edge|p2a: Hatterene
|-damage|p2a: Hatterene|35/100
|-sidestart|p2: gyaradosgodz|Spikes
|move|p2a: Hatterene|Misty Explosion|p1a: Samurott
|-supereffective|p1a: Samurott
|-damage|p1a: Samurott|0 fnt
|faint|p2a: Hatterene
|faint|p1a: Samurott
|
|-weather|RainDance|[upkeep]
|upkeep
|
|t:|1759054961
|switch|p1a: Great Tusk|Great Tusk|50/100
|switch|p2a: Cryogonal|Cryogonal|52/100
|turn|7
|l| iam_niceproberly
|
|t:|1759054975
|-end|p1a: Great Tusk|Protosynthesis|[silent]
|switch|p1a: Dragapult|Dragapult, M|100/100
|move|p2a: Cryogonal|Chilling Water|p1a: Dragapult
|-resisted|p1a: Dragapult
|-damage|p1a: Dragapult|90/100
|
|-weather|RainDance|[upkeep]
|upkeep
|turn|8
|
|t:|1759054982
|move|p1a: Dragapult|Dragon Darts|p2a: Cryogonal
|-damage|p2a: Cryogonal|0 fnt
|faint|p2a: Cryogonal
|
|-weather|none
|upkeep
|
|t:|1759054985
|switch|p2a: Lokix|Lokix, F|100/100
|-damage|p2a: Lokix|84/100|[from] Spikes
|turn|9
|
|t:|1759054992
|move|p2a: Lokix|First Impression|p1a: Dragapult
|-resisted|p1a: Dragapult
|-damage|p1a: Dragapult|15/100
|-damage|p2a: Lokix|74/100|[from] item: Life Orb
|move|p1a: Dragapult|Dragon Darts|p2a: Lokix
|-damage|p2a: Lokix|22/100
|-anim|p1a: Dragapult|Dragon Darts|p2a: Lokix
|-damage|p2a: Lokix|0 fnt
|faint|p2a: Lokix
|
|upkeep
|
|t:|1759054997
|switch|p2a: Empoleon|Empoleon, F|100/100
|-damage|p2a: Empoleon|84/100|[from] Spikes
|turn|10
|
|t:|1759055003
|switch|p1a: Zapdos|Zapdos|100/100
|move|p2a: Empoleon|Metal Sound|p1a: Zapdos
|-unboost|p1a: Zapdos|spd|2
|-enditem|p2a: Empoleon|Throat Spray
|-boost|p2a: Empoleon|spa|1|[from] item: Throat Spray
|
|upkeep
|turn|11
|
|t:|1759055011
|-terastallize|p2a: Empoleon|Grass
|move|p1a: Zapdos|Discharge|p2a: Empoleon
|-resisted|p2a: Empoleon
|-damage|p2a: Empoleon|72/100
|move|p2a: Empoleon|Hydro Pump|p1a: Zapdos
|-damage|p1a: Zapdos|0 fnt
|faint|p1a: Zapdos
|
|upkeep
|
|t:|1759055039
|switch|p1a: Iron Crown|Iron Crown|100/100
|turn|12
|
|t:|1759055044
|move|p1a: Iron Crown|Tachyon Cutter|p2a: Empoleon
|-damage|p2a: Empoleon|45/100
|-damage|p2a: Empoleon|15/100
|-hitcount|p2a: Empoleon|2
|move|p2a: Empoleon|Flash Cannon|p1a: Iron Crown
|-resisted|p1a: Iron Crown
|-damage|p1a: Iron Crown|73/100
|
|upkeep
|turn|13
|
|t:|1759055051
|move|p1a: Iron Crown|Tachyon Cutter|p2a: Empoleon
|-damage|p2a: Empoleon|0 fnt
|faint|p2a: Empoleon
|-hitcount|p2: Empoleon|1
|
|upkeep
|
|t:|1759055053
|switch|p2a: Blaziken|Blaziken, F|100/100
|-damage|p2a: Blaziken|84/100|[from] Spikes
|turn|14
|
|t:|1759055056
|move|p2a: Blaziken|Protect|p2a: Blaziken
|-singleturn|p2a: Blaziken|Protect
|move|p1a: Iron Crown|Tachyon Cutter|p2a: Blaziken
|-activate|p2a: Blaziken|move: Protect
|
|-ability|p2a: Blaziken|Speed Boost|boost
|-boost|p2a: Blaziken|spe|1
|upkeep
|turn|15
|
|t:|1759055061
|move|p2a: Blaziken|Swords Dance|p2a: Blaziken
|-boost|p2a: Blaziken|atk|2
|move|p1a: Iron Crown|Tachyon Cutter|p2a: Blaziken
|-resisted|p2a: Blaziken
|-damage|p2a: Blaziken|56/100
|-resisted|p2a: Blaziken
|-damage|p2a: Blaziken|26/100
|-hitcount|p2a: Blaziken|2
|
|-ability|p2a: Blaziken|Speed Boost|boost
|-boost|p2a: Blaziken|spe|1
|upkeep
|turn|16
|
|t:|1759055064
|move|p2a: Blaziken|Last Resort|p1a: Iron Crown
|-resisted|p1a: Iron Crown
|-damage|p1a: Iron Crown|5/100
|-damage|p2a: Blaziken|16/100|[from] item: Life Orb
|move|p1a: Iron Crown|Tachyon Cutter|p2a: Blaziken
|-resisted|p2a: Blaziken
|-crit|p2a: Blaziken
|-damage|p2a: Blaziken|0 fnt
|faint|p2a: Blaziken
|-hitcount|p2: Blaziken|1
|
|win|randomgiiirly
|raw|randomgiiirly's rating: 1161 &rarr; <strong>1187</strong><br />(+26 for winning)
|raw|gyaradosgodz's rating: 1168 &rarr; <strong>1142</strong><br />(-26 for losing)
|l|☆gyaradosgodz
|player|p2|
|l|☆randomgiiirly
|player|p1|
