|j|☆prestheguy12
|j|☆420Pimmelberger
|t:|1758959977
|gametype|singles
|player|p1|prestheguy12|pokemaniac|1185
|player|p2|420Pimmelberger|101|1228
|gen|9
|tier|[Gen 9] OU
|rated|
|rule|HP Percentage Mod: HP is shown in percentages
|rule|Endless Battle Clause: Forcing endless battles is banned
|rule|Species Clause: Limit one of each Pokémon
|rule|OHKO Clause: OHKO moves are banned
|rule|Evasion Items Clause: Evasion items are banned
|rule|Evasion Moves Clause: Evasion moves are banned
|rule|Evasion Abilities Clause: Evasion abilities are banned
|rule|Sleep Moves Clause: Sleep-inducing moves are banned
|clearpoke
|poke|p1|Torkoal, F|
|poke|p1|Walking Wake|
|poke|p1|Raging Bolt|
|poke|p1|Venusaur, M|
|poke|p1|Mudsdale, M|
|poke|p1|Ceruledge, F|
|poke|p2|Bastiodon, F|
|poke|p2|Salamence, F|
|poke|p2|Hoopa|
|poke|p2|Moltres|
|poke|p2|Abomasnow, F|
|poke|p2|Scrafty, M|
|teampreview
|c|☆prestheguy12|👍
|c|☆420Pimmelberger|whaddup
|inactive|Battle timer is ON: inactive players will automatically lose when time's up. (requested by prestheguy12)
|
|t:|1758960022
|teamsize|p1|6
|teamsize|p2|6
|start
|switch|p1a: Torkoal|Torkoal, F|100/100
|switch|p2a: Lil Oatmeal|Scrafty, M|100/100
|-weather|SunnyDay|[from] ability: Drought|[of] p1a: Torkoal
|turn|1
|
|t:|1758960035
|move|p2a: Lil Oatmeal|Bulk Up|p2a: Lil Oatmeal
|-boost|p2a: Lil Oatmeal|atk|1
|-boost|p2a: Lil Oatmeal|def|1
|move|p1a: Torkoal|Will-O-Wisp|p2a: Lil Oatmeal
|-status|p2a: Lil Oatmeal|brn
|
|-weather|SunnyDay|[upkeep]
|-damage|p2a: Lil Oatmeal|95/100 brn|[from] brn
|upkeep
|turn|2
|
|t:|1758960046
|move|p2a: Lil Oatmeal|Bulk Up|p2a: Lil Oatmeal
|-boost|p2a: Lil Oatmeal|atk|1
|-boost|p2a: Lil Oatmeal|def|1
|move|p1a: Torkoal|Eruption|p2a: Lil Oatmeal
|-damage|p2a: Lil Oatmeal|46/100 brn
|
|-weather|SunnyDay|[upkeep]
|-heal|p2a: Lil Oatmeal|52/100 brn|[from] item: Leftovers
|-damage|p2a: Lil Oatmeal|46/100 brn|[from] brn
|upkeep
|turn|3
|
|t:|1758960061
|move|p2a: Lil Oatmeal|Rest|p2a: Lil Oatmeal
|-status|p2a: Lil Oatmeal|slp|[from] move: Rest
|-heal|p2a: Lil Oatmeal|100/100 slp|[silent]
|move|p1a: Torkoal|Eruption|p2a: Lil Oatmeal
|-damage|p2a: Lil Oatmeal|49/100 slp
|
|-weather|SunnyDay|[upkeep]
|-activate|p2a: Lil Oatmeal|ability: Shed Skin
|-curestatus|p2a: Lil Oatmeal|slp|[msg]
|-heal|p2a: Lil Oatmeal|55/100|[from] item: Leftovers
|upkeep
|turn|4
|
|t:|1758960073
|move|p2a: Lil Oatmeal|Drain Punch|p1a: Torkoal
|-damage|p1a: Torkoal|65/100
|-heal|p2a: Lil Oatmeal|73/100|[from] drain|[of] p1a: Torkoal
|move|p1a: Torkoal|Clear Smog|p2a: Lil Oatmeal
|-damage|p2a: Lil Oatmeal|66/100
|-clearboost|p2a: Lil Oatmeal
|
|-weather|SunnyDay|[upkeep]
|-heal|p2a: Lil Oatmeal|72/100|[from] item: Leftovers
|upkeep
|turn|5
|
|t:|1758960091
|move|p2a: Lil Oatmeal|Bulk Up|p2a: Lil Oatmeal
|-boost|p2a: Lil Oatmeal|atk|1
|-boost|p2a: Lil Oatmeal|def|1
|move|p1a: Torkoal|Will-O-Wisp|p2a: Lil Oatmeal
|-status|p2a: Lil Oatmeal|brn
|
|-weather|SunnyDay|[upkeep]
|-heal|p2a: Lil Oatmeal|78/100 brn|[from] item: Leftovers
|-damage|p2a: Lil Oatmeal|72/100 brn|[from] brn
|upkeep
|turn|6
|
|t:|1758960101
|switch|p1a: Walking Wake|Walking Wake|100/100
|-activate|p1a: Walking Wake|ability: Protosynthesis
|-start|p1a: Walking Wake|protosynthesisspa
|move|p2a: Lil Oatmeal|Bulk Up|p2a: Lil Oatmeal
|-boost|p2a: Lil Oatmeal|atk|1
|-boost|p2a: Lil Oatmeal|def|1
|
|-weather|SunnyDay|[upkeep]
|-heal|p2a: Lil Oatmeal|78/100 brn|[from] item: Leftovers
|-damage|p2a: Lil Oatmeal|72/100 brn|[from] brn
|upkeep
|turn|7
|
|t:|1758960113
|switch|p2a: Barack|Abomasnow, F|100/100
|-weather|Snowscape|[from] ability: Snow Warning|[of] p2a: Barack
|-end|p1a: Walking Wake|Protosynthesis
|move|p1a: Walking Wake|Hydro Steam|p2a: Barack
|-resisted|p2a: Barack
|-damage|p2a: Barack|82/100
|
|-weather|Snowscape|[upkeep]
|upkeep
|turn|8
|
|t:|1758960123
|-end|p1a: Walking Wake|Protosynthesis|[silent]
|switch|p1a: Ceruledge|Ceruledge, F|100/100
|move|p2a: Barack|Leech Seed|p1a: Ceruledge
|-start|p1a: Ceruledge|move: Leech Seed
|
|-weather|Snowscape|[upkeep]
|-damage|p1a: Ceruledge|88/100|[from] Leech Seed|[of] p2a: Barack
|-heal|p2a: Barack|92/100|[silent]
|upkeep
|turn|9
|
|t:|1758960133
|switch|p2a: KFC in da Hood|Moltres|100/100
|move|p1a: Ceruledge|Close Combat|p2a: KFC in da Hood
|-resisted|p2a: KFC in da Hood
|-damage|p2a: KFC in da Hood|86/100
|-unboost|p1a: Ceruledge|def|1
|-unboost|p1a: Ceruledge|spd|1
|
|-weather|Snowscape|[upkeep]
|-damage|p1a: Ceruledge|76/100|[from] Leech Seed|[of] p2a: KFC in da Hood
|-heal|p2a: KFC in da Hood|96/100|[silent]
|upkeep
|turn|10
|
|t:|1758960152
|switch|p1a: Walking Wake|Walking Wake|100/100
|move|p2a: KFC in da Hood|U-turn|p1a: Walking Wake
|-damage|p1a: Walking Wake|83/100
|
|t:|1758960160
|switch|p2a: Barack|Abomasnow, F|92/100|[from] U-turn
|
|-weather|Snowscape|[upkeep]
|upkeep
|turn|11
|inactive|420Pimmelberger has 120 seconds left.
|
|t:|1758960183
|switch|p2a: KFC in da Hood|Moltres|96/100
|move|p1a: Walking Wake|Flamethrower|p2a: KFC in da Hood
|-resisted|p2a: KFC in da Hood
|-damage|p2a: KFC in da Hood|78/100
|
|-weather|none
|upkeep
|turn|12
|
|t:|1758960193
|-end|p1a: Walking Wake|Protosynthesis|[silent]
|switch|p1a: Torkoal|Torkoal, F|65/100
|-weather|SunnyDay|[from] ability: Drought|[of] p1a: Torkoal
|move|p2a: KFC in da Hood|Flamethrower|p1a: Torkoal
|-resisted|p1a: Torkoal
|-damage|p1a: Torkoal|42/100
|
|-weather|SunnyDay|[upkeep]
|upkeep
|turn|13
|
|t:|1758960207
|switch|p1a: Raging Bolt|Raging Bolt|100/100
|-activate|p1a: Raging Bolt|ability: Protosynthesis
|-start|p1a: Raging Bolt|protosynthesisspa
|move|p2a: KFC in da Hood|Flamethrower|p1a: Raging Bolt
|-resisted|p1a: Raging Bolt
|-damage|p1a: Raging Bolt|78/100
|
|-weather|SunnyDay|[upkeep]
|upkeep
|turn|14
|
|t:|1758960215
|move|p1a: Raging Bolt|Thunderclap||[still]
|-fail|p1a: Raging Bolt
|move|p2a: KFC in da Hood|Roar|p1a: Raging Bolt
|-end|p1a: Raging Bolt|Protosynthesis|[silent]
|drag|p1a: Walking Wake|Walking Wake|83/100
|-activate|p1a: Walking Wake|ability: Protosynthesis
|-start|p1a: Walking Wake|protosynthesisspa
|
|-weather|SunnyDay|[upkeep]
|upkeep
|turn|15
|
|t:|1758960227
|switch|p2a: Barack|Abomasnow, F|92/100
|-weather|Snowscape|[from] ability: Snow Warning|[of] p2a: Barack
|-end|p1a: Walking Wake|Protosynthesis
|move|p1a: Walking Wake|Draco Meteor|p2a: Barack
|-damage|p2a: Barack|34/100
|-unboost|p1a: Walking Wake|spa|2
|
|-weather|Snowscape|[upkeep]
|upkeep
|turn|16
|
|t:|1758960239
|switch|p2a: Lil Oatmeal|Scrafty, M|72/100 brn
|move|p1a: Walking Wake|Draco Meteor|p2a: Lil Oatmeal|[miss]
|-miss|p1a: Walking Wake|p2a: Lil Oatmeal
|
|-weather|Snowscape|[upkeep]
|-activate|p2a: Lil Oatmeal|ability: Shed Skin
|-curestatus|p2a: Lil Oatmeal|brn|[msg]
|-heal|p2a: Lil Oatmeal|78/100|[from] item: Leftovers
|upkeep
|turn|17
|
|t:|1758960251
|-end|p1a: Walking Wake|Protosynthesis|[silent]
|switch|p1a: Torkoal|Torkoal, F|42/100
|-weather|SunnyDay|[from] ability: Drought|[of] p1a: Torkoal
|move|p2a: Lil Oatmeal|Bulk Up|p2a: Lil Oatmeal
|-boost|p2a: Lil Oatmeal|atk|1
|-boost|p2a: Lil Oatmeal|def|1
|
|-weather|SunnyDay|[upkeep]
|-heal|p2a: Lil Oatmeal|84/100|[from] item: Leftovers
|upkeep
|turn|18
|
|t:|1758960263
|move|p2a: Lil Oatmeal|Knock Off|p1a: Torkoal
|-damage|p1a: Torkoal|7/100
|-enditem|p1a: Torkoal|Heat Rock|[from] move: Knock Off|[of] p2a: Lil Oatmeal
|move|p1a: Torkoal|Will-O-Wisp|p2a: Lil Oatmeal|[miss]
|-miss|p1a: Torkoal|p2a: Lil Oatmeal
|
|-weather|SunnyDay|[upkeep]
|-heal|p2a: Lil Oatmeal|90/100|[from] item: Leftovers
|upkeep
|turn|19
|
|t:|1758960271
|switch|p1a: Walking Wake|Walking Wake|83/100
|-activate|p1a: Walking Wake|ability: Protosynthesis
|-start|p1a: Walking Wake|protosynthesisspa
|move|p2a: Lil Oatmeal|Drain Punch|p1a: Walking Wake
|-damage|p1a: Walking Wake|45/100
|-heal|p2a: Lil Oatmeal|100/100|[from] drain|[of] p1a: Walking Wake
|
|-weather|SunnyDay|[upkeep]
|upkeep
|turn|20
|
|t:|1758960288
|move|p1a: Walking Wake|Flamethrower|p2a: Lil Oatmeal
|-damage|p2a: Lil Oatmeal|51/100
|move|p2a: Lil Oatmeal|Drain Punch|p1a: Walking Wake
|-damage|p1a: Walking Wake|10/100
|-heal|p2a: Lil Oatmeal|69/100|[from] drain|[of] p1a: Walking Wake
|
|-weather|SunnyDay|[upkeep]
|-heal|p2a: Lil Oatmeal|75/100|[from] item: Leftovers
|upkeep
|turn|21
|
|t:|1758960299
|-end|p1a: Walking Wake|Protosynthesis|[silent]
|switch|p1a: Raging Bolt|Raging Bolt|78/100
|-activate|p1a: Raging Bolt|ability: Protosynthesis
|-start|p1a: Raging Bolt|protosynthesisspa
|move|p2a: Lil Oatmeal|Knock Off|p1a: Raging Bolt
|-damage|p1a: Raging Bolt|57/100
|
|-weather|SunnyDay|[upkeep]
|-heal|p2a: Lil Oatmeal|81/100|[from] item: Leftovers
|upkeep
|turn|22
|inactive|420Pimmelberger has 120 seconds left.
|
|t:|1758960332
|move|p1a: Raging Bolt|Supercell Slam|p2a: Lil Oatmeal
|-damage|p2a: Lil Oatmeal|66/100
|move|p2a: Lil Oatmeal|Drain Punch|p1a: Raging Bolt
|-damage|p1a: Raging Bolt|30/100
|-heal|p2a: Lil Oatmeal|82/100|[from] drain|[of] p1a: Raging Bolt
|
|-weather|SunnyDay|[upkeep]
|-heal|p2a: Lil Oatmeal|88/100|[from] item: Leftovers
|upkeep
|turn|23
|inactive|420Pimmelberger has 120 seconds left.
|
|t:|1758960346
|move|p1a: Raging Bolt|Dragon Pulse|p2a: Lil Oatmeal
|-damage|p2a: Lil Oatmeal|45/100
|move|p2a: Lil Oatmeal|Knock Off|p1a: Raging Bolt
|-damage|p1a: Raging Bolt|8/100
|
|-weather|SunnyDay|[upkeep]
|-heal|p2a: Lil Oatmeal|51/100|[from] item: Leftovers
|upkeep
|turn|24
|
|t:|1758960355
|move|p1a: Raging Bolt|Dragon Pulse|p2a: Lil Oatmeal
|-damage|p2a: Lil Oatmeal|12/100
|move|p2a: Lil Oatmeal|Drain Punch|p1a: Raging Bolt
|-damage|p1a: Raging Bolt|0 fnt
|-heal|p2a: Lil Oatmeal|16/100|[from] drain|[of] p1a: Raging Bolt
|faint|p1a: Raging Bolt
|-end|p1a: Raging Bolt|Protosynthesis|[silent]
|
|-weather|none
|-heal|p2a: Lil Oatmeal|22/100|[from] item: Leftovers
|upkeep
|
|t:|1758960361
|switch|p1a: Mudsdale|Mudsdale, M|100/100
|turn|25
|
|t:|1758960373
|switch|p2a: KFC in da Hood|Moltres|78/100
|move|p1a: Mudsdale|Body Press|p2a: KFC in da Hood
|-resisted|p2a: KFC in da Hood
|-crit|p2a: KFC in da Hood
|-damage|p2a: KFC in da Hood|65/100
|-status|p1a: Mudsdale|brn|[from] ability: Flame Body|[of] p2a: KFC in da Hood
|
|-damage|p1a: Mudsdale|94/100 brn|[from] brn
|upkeep
|turn|26
|
|t:|1758960386
|move|p2a: KFC in da Hood|Flamethrower|p1a: Mudsdale
|-damage|p1a: Mudsdale|73/100 brn
|-ability|p1a: Mudsdale|Stamina|boost
|-boost|p1a: Mudsdale|def|1
|move|p1a: Mudsdale|Stone Edge|p2a: KFC in da Hood
|-supereffective|p2a: KFC in da Hood
|-damage|p2a: KFC in da Hood|24/100
|
|-damage|p1a: Mudsdale|67/100 brn|[from] brn
|upkeep
|turn|27
|
|t:|1758960395
|move|p2a: KFC in da Hood|Roost|p2a: KFC in da Hood
|-heal|p2a: KFC in da Hood|74/100
|-singleturn|p2a: KFC in da Hood|move: Roost
|move|p1a: Mudsdale|Stone Edge|p2a: KFC in da Hood
|-supereffective|p2a: KFC in da Hood
|-damage|p2a: KFC in da Hood|53/100
|
|-damage|p1a: Mudsdale|61/100 brn|[from] brn
|upkeep
|turn|28
|
|t:|1758960403
|move|p2a: KFC in da Hood|Roost|p2a: KFC in da Hood
|-heal|p2a: KFC in da Hood|100/100
|-singleturn|p2a: KFC in da Hood|move: Roost
|move|p1a: Mudsdale|Earthquake|p2a: KFC in da Hood
|-supereffective|p2a: KFC in da Hood
|-damage|p2a: KFC in da Hood|67/100
|
|-damage|p1a: Mudsdale|55/100 brn|[from] brn
|upkeep
|turn|29
|
|t:|1758960412
|switch|p1a: Torkoal|Torkoal, F|7/100
|-weather|SunnyDay|[from] ability: Drought|[of] p1a: Torkoal
|move|p2a: KFC in da Hood|Flamethrower|p1a: Torkoal
|-resisted|p1a: Torkoal
|-damage|p1a: Torkoal|0 fnt
|faint|p1a: Torkoal
|
|-weather|SunnyDay|[upkeep]
|upkeep
|
|t:|1758960419
|switch|p1a: Walking Wake|Walking Wake|10/100
|-activate|p1a: Walking Wake|ability: Protosynthesis
|-start|p1a: Walking Wake|protosynthesisspa
|turn|30
|
|t:|1758960427
|switch|p2a: Barack|Abomasnow, F|34/100
|-weather|Snowscape|[from] ability: Snow Warning|[of] p2a: Barack
|-end|p1a: Walking Wake|Protosynthesis
|move|p1a: Walking Wake|Hydro Steam|p2a: Barack
|-resisted|p2a: Barack
|-damage|p2a: Barack|16/100
|
|-weather|Snowscape|[upkeep]
|upkeep
|turn|31
|
|t:|1758960439
|move|p1a: Walking Wake|Hydro Steam|p2a: Barack
|-resisted|p2a: Barack
|-damage|p2a: Barack|0 fnt
|faint|p2a: Barack
|
|-weather|Snowscape|[upkeep]
|upkeep
|
|t:|1758960453
|switch|p2a: Vanilla Shmoving|Salamence, F|100/100
|-ability|p2a: Vanilla Shmoving|Intimidate|boost
|-unboost|p1a: Walking Wake|atk|1
|turn|32
|
|t:|1758960461
|-end|p1a: Walking Wake|Protosynthesis|[silent]
|switch|p1a: Mudsdale|Mudsdale, M|55/100 brn
|move|p2a: Vanilla Shmoving|Dragon Dance|p2a: Vanilla Shmoving
|-boost|p2a: Vanilla Shmoving|atk|1
|-boost|p2a: Vanilla Shmoving|spe|1
|
|-weather|Snowscape|[upkeep]
|-damage|p1a: Mudsdale|49/100 brn|[from] brn
|upkeep
|turn|33
|
|t:|1758960477
|move|p2a: Vanilla Shmoving|Dragon Dance|p2a: Vanilla Shmoving
|-boost|p2a: Vanilla Shmoving|atk|1
|-boost|p2a: Vanilla Shmoving|spe|1
|move|p1a: Mudsdale|Stone Edge|p2a: Vanilla Shmoving
|-supereffective|p2a: Vanilla Shmoving
|-damage|p2a: Vanilla Shmoving|62/100
|
|-weather|Snowscape|[upkeep]
|-damage|p1a: Mudsdale|42/100 brn|[from] brn
|upkeep
|turn|34
|
|t:|1758960488
|move|p2a: Vanilla Shmoving|Earthquake|p1a: Mudsdale
|-damage|p1a: Mudsdale|0 fnt
|faint|p1a: Mudsdale
|
|-weather|none
|upkeep
|
|t:|1758960493
|switch|p1a: Ceruledge|Ceruledge, F|76/100
|turn|35
|
|t:|1758960504
|move|p2a: Vanilla Shmoving|Earthquake|p1a: Ceruledge
|-supereffective|p1a: Ceruledge
|-damage|p1a: Ceruledge|0 fnt
|faint|p1a: Ceruledge
|
|upkeep
|
|t:|1758960508
|switch|p1a: Walking Wake|Walking Wake|10/100
|turn|36
|
|t:|1758960512
|move|p2a: Vanilla Shmoving|Earthquake|p1a: Walking Wake
|-damage|p1a: Walking Wake|0 fnt
|faint|p1a: Walking Wake
|-end|p1a: Walking Wake|Protosynthesis|[silent]
|
|upkeep
|
|t:|1758960515
|switch|p1a: Venusaur|Venusaur, M|100/100
|turn|37
|
|t:|1758960522
|-terastallize|p2a: Vanilla Shmoving|Ground
|move|p2a: Vanilla Shmoving|Earthquake|p1a: Venusaur
|-damage|p1a: Venusaur|0 fnt
|faint|p1a: Venusaur
|
|win|420Pimmelberger
|raw|prestheguy12's rating: 1185 &rarr; <strong>1163</strong><br />(-22 for losing)
|raw|420Pimmelberger's rating: 1228 &rarr; <strong>1250</strong><br />(+22 for winning)
|l|☆420Pimmelberger
|player|p2|
|c|☆prestheguy12|Gg
|l|☆prestheguy12
|player|p1|
