|j|‽Tsaun
|j|☆Rokket2510
|t:|1758997056
|gametype|singles
|player|p1|Tsaun|266|1468
|player|p2|Rokket2510|1|1441
|gen|9
|tier|[Gen 9] OU
|rated|
|rule|HP Percentage Mod: HP is shown in percentages
|rule|Endless Battle Clause: Forcing endless battles is banned
|rule|Species Clause: Limit one of each Pokémon
|rule|OHKO Clause: OHKO moves are banned
|rule|Evasion Items Clause: Evasion items are banned
|rule|Evasion Moves Clause: Evasion moves are banned
|rule|Evasion Abilities Clause: Evasion abilities are banned
|rule|Sleep Moves Clause: Sleep-inducing moves are banned
|clearpoke
|poke|p1|Slowking-Galar, F|
|poke|p1|Great Tusk|
|poke|p1|Dragapult, F|
|poke|p1|Cloyster, F|
|poke|p1|Ogerpon-Cornerstone, F|
|poke|p1|Iron Valiant|
|poke|p2|Excadrill, M|
|poke|p2|Heatran, M|
|poke|p2|Primarina, M|
|poke|p2|Raging Bolt|
|poke|p2|Ogerpon-Wellspring, F|
|poke|p2|Tyranitar, F|
|teampreview
|inactive|Battle timer is ON: inactive players will automatically lose when time's up. (requested by Rokket2510)
|
|t:|1758997076
|teamsize|p1|6
|teamsize|p2|6
|start
|switch|p1a: Dragapult|Dragapult, F|100/100
|switch|p2a: Primarina|Primarina, M|100/100
|turn|1
|inactive|Tsaun has 120 seconds left.
|
|t:|1758997119
|move|p1a: Dragapult|U-turn|p2a: Primarina
|-resisted|p2a: Primarina
|-damage|p2a: Primarina|77/100
|
|t:|1758997126
|switch|p1a: Slowking|Slowking-Galar, F|100/100|[from] U-turn
|move|p2a: Primarina|Flip Turn|p1a: Slowking
|-damage|p1a: Slowking|84/100
|
|t:|1758997136
|switch|p2a: Heatran|Heatran, M|100/100|[from] Flip Turn
|-item|p2a: Heatran|Air Balloon
|
|upkeep
|turn|2
|inactive|Tsaun has 120 seconds left.
|
|t:|1758997142
|move|p2a: Heatran|Magma Storm|p1a: Slowking
|-damage|p1a: Slowking|53/100
|-activate|p1a: Slowking|move: Magma Storm|[of] p2a: Heatran
|move|p1a: Slowking|Thunder Wave|p2a: Heatran
|-status|p2a: Heatran|par
|
|-damage|p1a: Slowking|41/100|[from] move: Magma Storm|[partiallytrapped]
|upkeep
|turn|3
|inactive|Tsaun has 120 seconds left.
|
|t:|1758997155
|move|p2a: Heatran|Stealth Rock|p1a: Slowking
|-sidestart|p1: Tsaun|move: Stealth Rock
|-prepare|p1a: Slowking|Chilly Reception|[premajor]
|move|p1a: Slowking|Chilly Reception|p1a: Slowking
|-weather|Snowscape
|inactive|Tsaun has 120 seconds left.
|
|t:|1758997166
|switch|p1a: Dragapult|Dragapult, F|100/100|[from] Chilly Reception
|-damage|p1a: Dragapult|88/100|[from] Stealth Rock
|
|-weather|Snowscape|[upkeep]
|upkeep
|turn|4
|
|t:|1758997173
|move|p1a: Dragapult|U-turn|p2a: Heatran
|-resisted|p2a: Heatran
|-damage|p2a: Heatran|94/100 par
|-enditem|p2a: Heatran|Air Balloon
|
|t:|1758997177
|switch|p1a: Great Tusk|Great Tusk|100/100|[from] U-turn
|-damage|p1a: Great Tusk|97/100|[from] Stealth Rock
|move|p2a: Heatran|Magma Storm|p1a: Great Tusk|[miss]
|-miss|p2a: Heatran|p1a: Great Tusk
|
|-weather|Snowscape|[upkeep]
|upkeep
|turn|5
|
|t:|1758997187
|move|p1a: Great Tusk|Rapid Spin|p2a: Heatran
|-resisted|p2a: Heatran
|-damage|p2a: Heatran|89/100 par
|-boost|p1a: Great Tusk|spe|1
|-status|p1a: Great Tusk|brn|[from] ability: Flame Body|[of] p2a: Heatran
|-sideend|p1: Tsaun|Stealth Rock|[from] move: Rapid Spin|[of] p1a: Great Tusk
|move|p2a: Heatran|Magma Storm|p1a: Great Tusk
|-damage|p1a: Great Tusk|21/100 brn
|-activate|p1a: Great Tusk|move: Magma Storm|[of] p2a: Heatran
|
|-weather|Snowscape|[upkeep]
|-damage|p1a: Great Tusk|15/100 brn|[from] brn
|-damage|p1a: Great Tusk|3/100 brn|[from] move: Magma Storm|[partiallytrapped]
|upkeep
|turn|6
|
|t:|1758997199
|move|p2a: Heatran|Protect|p2a: Heatran
|-singleturn|p2a: Heatran|Protect
|move|p1a: Great Tusk|Stealth Rock|p2a: Heatran
|-sidestart|p2: Rokket2510|move: Stealth Rock
|
|-weather|Snowscape|[upkeep]
|-damage|p1a: Great Tusk|0 fnt|[from] brn
|faint|p1a: Great Tusk
|-end|p1a: Great Tusk|Protosynthesis|[silent]
|upkeep
|
|t:|1758997215
|switch|p1a: Iron Valiant|Iron Valiant|100/100
|-enditem|p1a: Iron Valiant|Booster Energy
|-activate|p1a: Iron Valiant|ability: Quark Drive|[fromitem]
|-start|p1a: Iron Valiant|quarkdrivespe
|turn|7
|
|t:|1758997230
|-terastallize|p2a: Heatran|Flying
|move|p1a: Iron Valiant|Encore|p2a: Heatran
|-start|p2a: Heatran|Encore
|move|p2a: Heatran|Protect||[still]
|-fail|p2a: Heatran
|
|-weather|none
|upkeep
|turn|8
|
|t:|1758997252
|switch|p2a: Raging Bolt|Raging Bolt|100/100
|-damage|p2a: Raging Bolt|88/100|[from] Stealth Rock
|move|p1a: Iron Valiant|Calm Mind|p1a: Iron Valiant
|-boost|p1a: Iron Valiant|spa|1
|-boost|p1a: Iron Valiant|spd|1
|
|upkeep
|turn|9
|
|t:|1758997266
|move|p1a: Iron Valiant|Moonblast|p2a: Raging Bolt
|-supereffective|p2a: Raging Bolt
|-damage|p2a: Raging Bolt|0 fnt
|faint|p2a: Raging Bolt
|-end|p2a: Raging Bolt|Protosynthesis|[silent]
|
|upkeep
|inactive|Rokket2510 has 120 seconds left.
|
|t:|1758997283
|switch|p2a: Heatran|Heatran, M, tera:Flying|89/100 par
|-damage|p2a: Heatran|64/100 par|[from] Stealth Rock
|turn|10
|
|t:|1758997290
|move|p1a: Iron Valiant|Moonblast|p2a: Heatran
|-damage|p2a: Heatran|8/100 par
|-unboost|p2a: Heatran|spa|1
|move|p2a: Heatran|Magma Storm|p1a: Iron Valiant
|-damage|p1a: Iron Valiant|61/100
|-activate|p1a: Iron Valiant|move: Magma Storm|[of] p2a: Heatran
|
|-damage|p1a: Iron Valiant|48/100|[from] move: Magma Storm|[partiallytrapped]
|upkeep
|turn|11
|
|t:|1758997305
|move|p1a: Iron Valiant|Moonblast|p2a: Heatran
|-damage|p2a: Heatran|0 fnt
|faint|p2a: Heatran
|
|-end|p1a: Iron Valiant|Magma Storm|[partiallytrapped]|[silent]
|upkeep
|inactive|Rokket2510 has 120 seconds left.
|
|t:|1758997326
|switch|p2a: Tyranitar|Tyranitar, F|100/100
|-damage|p2a: Tyranitar|88/100|[from] Stealth Rock
|-weather|Sandstorm|[from] ability: Sand Stream|[of] p2a: Tyranitar
|turn|12
|inactive|Rokket2510 has 120 seconds left.
|
|t:|1758997337
|move|p1a: Iron Valiant|Vacuum Wave|p2a: Tyranitar
|-supereffective|p2a: Tyranitar
|-damage|p2a: Tyranitar|49/100
|move|p2a: Tyranitar|Stone Edge|p1a: Iron Valiant
|-resisted|p1a: Iron Valiant
|-damage|p1a: Iron Valiant|12/100
|
|-weather|Sandstorm|[upkeep]
|-damage|p1a: Iron Valiant|6/100|[from] Sandstorm
|upkeep
|turn|13
|inactive|Rokket2510 has 120 seconds left.
|
|t:|1758997349
|move|p1a: Iron Valiant|Moonblast|p2a: Tyranitar
|-supereffective|p2a: Tyranitar
|-damage|p2a: Tyranitar|5/100
|move|p2a: Tyranitar|Knock Off|p1a: Iron Valiant
|-resisted|p1a: Iron Valiant
|-damage|p1a: Iron Valiant|0 fnt
|faint|p1a: Iron Valiant
|-end|p1a: Iron Valiant|Quark Drive|[silent]
|
|-weather|Sandstorm|[upkeep]
|upkeep
|
|t:|1758997368
|switch|p1a: Ogerpon|Ogerpon-Cornerstone, F|100/100
|turn|14
|
|t:|1758997372
|move|p1a: Ogerpon|Trailblaze|p2a: Tyranitar
|-supereffective|p2a: Tyranitar
|-damage|p2a: Tyranitar|0 fnt
|-boost|p1a: Ogerpon|spe|1
|faint|p2a: Tyranitar
|
|-weather|Sandstorm|[upkeep]
|upkeep
|
|t:|1758997379
|switch|p2a: Excadrill|Excadrill, M|100/100
|-damage|p2a: Excadrill|98/100|[from] Stealth Rock
|turn|15
|
|t:|1758997386
|move|p1a: Ogerpon|Trailblaze|p2a: Excadrill
|-damage|p2a: Excadrill|55/100
|-boost|p1a: Ogerpon|spe|1
|move|p2a: Excadrill|Iron Head|p1a: Ogerpon
|-supereffective|p1a: Ogerpon
|-ability|p1a: Ogerpon|Sturdy
|-damage|p1a: Ogerpon|1/100
|
|-weather|Sandstorm|[upkeep]
|upkeep
|turn|16
|
|t:|1758997401
|move|p1a: Ogerpon|Knock Off|p2a: Excadrill
|-damage|p2a: Excadrill|3/100
|-enditem|p2a: Excadrill|Focus Sash|[from] move: Knock Off|[of] p1a: Ogerpon
|move|p2a: Excadrill|Rapid Spin|p1a: Ogerpon
|-resisted|p1a: Ogerpon
|-damage|p1a: Ogerpon|0 fnt
|-boost|p2a: Excadrill|spe|1
|-sideend|p2: Rokket2510|Stealth Rock|[from] move: Rapid Spin|[of] p2a: Excadrill
|faint|p1a: Ogerpon
|
|-weather|none
|upkeep
|
|t:|1758997411
|switch|p1a: Cloyster|Cloyster, F|100/100
|turn|17
|
|t:|1758997427
|switch|p2a: Ogerpon|Ogerpon-Wellspring, F|100/100
|move|p1a: Cloyster|Ice Shard|p2a: Ogerpon
|-damage|p2a: Ogerpon|77/100
|
|upkeep
|turn|18
|
|t:|1758997435
|move|p2a: Ogerpon|Horn Leech|p1a: Cloyster
|-supereffective|p1a: Cloyster
|-damage|p1a: Cloyster|31/100
|-heal|p2a: Ogerpon|100/100|[from] drain|[of] p1a: Cloyster
|move|p1a: Cloyster|Shell Smash|p1a: Cloyster
|-unboost|p1a: Cloyster|def|1
|-unboost|p1a: Cloyster|spd|1
|-boost|p1a: Cloyster|atk|2
|-boost|p1a: Cloyster|spa|2
|-boost|p1a: Cloyster|spe|2
|-enditem|p1a: Cloyster|White Herb
|-clearnegativeboost|p1a: Cloyster|[silent]
|
|upkeep
|turn|19
|
|t:|1758997447
|move|p1a: Cloyster|Icicle Spear|p2a: Ogerpon
|-damage|p2a: Ogerpon|74/100
|-damage|p2a: Ogerpon|47/100
|-damage|p2a: Ogerpon|18/100
|-damage|p2a: Ogerpon|0 fnt
|faint|p2a: Ogerpon
|-hitcount|p2: Ogerpon|4
|
|upkeep
|
|t:|1758997454
|switch|p2a: Primarina|Primarina, M|77/100
|turn|20
|
|t:|1758997460
|move|p1a: Cloyster|Rock Blast|p2a: Primarina|[miss]
|-miss|p1a: Cloyster|p2a: Primarina
|move|p2a: Primarina|Moonblast|p1a: Cloyster
|-damage|p1a: Cloyster|0 fnt
|faint|p1a: Cloyster
|
|upkeep
|
|t:|1758997468
|switch|p1a: Slowking|Slowking-Galar, F|74/100
|turn|21
|
|t:|1758997475
|switch|p2a: Excadrill|Excadrill, M|3/100
|move|p1a: Slowking|Future Sight|p2a: Excadrill
|-start|p1a: Slowking|move: Future Sight
|
|upkeep
|turn|22
|
|t:|1758997485
|move|p2a: Excadrill|Earthquake|p1a: Slowking
|-supereffective|p1a: Slowking
|-damage|p1a: Slowking|0 fnt
|faint|p1a: Slowking
|
|upkeep
|
|t:|1758997489
|switch|p1a: Dragapult|Dragapult, F|88/100
|turn|23
|
|t:|1758997493
|-terastallize|p1a: Dragapult|Ghost
|move|p1a: Dragapult|Tera Blast|p2a: Excadrill|[anim] Tera Blast Ghost
|-damage|p2a: Excadrill|0 fnt
|faint|p2a: Excadrill
|
|-hint|Future Sight did not hit because the target is fainted.
|upkeep
|
|t:|1758997499
|switch|p2a: Primarina|Primarina, M|77/100
|turn|24
|
|t:|1758997508
|move|p1a: Dragapult|Tera Blast|p2a: Primarina|[anim] Tera Blast Ghost
|-damage|p2a: Primarina|0 fnt
|faint|p2a: Primarina
|
|win|Tsaun
|raw|Tsaun's rating: 1468 &rarr; <strong>1486</strong><br />(+18 for winning)
|raw|Rokket2510's rating: 1441 &rarr; <strong>1423</strong><br />(-18 for losing)
|l|‽Tsaun
|player|p1|
|l|☆Rokket2510
|player|p2|
