|j|☆estosnueses
|j|☆Sorushi
|t:|1758954060
|gametype|singles
|player|p1|estosnueses|169|1127
|player|p2|Sorushi|hugh|1160
|gen|9
|tier|[Gen 9] OU
|rated|
|rule|HP Percentage Mod: HP is shown in percentages
|rule|Endless Battle Clause: Forcing endless battles is banned
|rule|Species Clause: Limit one of each Pokémon
|rule|OHKO Clause: OHKO moves are banned
|rule|Evasion Items Clause: Evasion items are banned
|rule|Evasion Moves Clause: Evasion moves are banned
|rule|Evasion Abilities Clause: Evasion abilities are banned
|rule|Sleep Moves Clause: Sleep-inducing moves are banned
|clearpoke
|poke|p1|Samurott-Hisui, M|
|poke|p1|Goodra-Hisui, F|
|poke|p1|Arcanine-Hisui, M|
|poke|p1|Ogerpon, F|
|poke|p1|Sandy Shocks|
|poke|p1|Froslass, F|
|poke|p2|Samurott-Hisui, M|
|poke|p2|Gholdengo|
|poke|p2|Glimmora, F|
|poke|p2|Slowking-Galar, M|
|poke|p2|Dragapult, F|
|poke|p2|Ursaluna, F|
|teampreview
|inactive|Battle timer is ON: inactive players will automatically lose when time's up. (requested by Sorushi)
|
|t:|1758954067
|teamsize|p1|6
|teamsize|p2|6
|start
|switch|p1a: Froslass|Froslass, F|100/100
|switch|p2a: Glimmora|Glimmora, F, shiny|100/100
|turn|1
|
|t:|1758954083
|move|p1a: Froslass|Taunt|p2a: Glimmora
|-start|p2a: Glimmora|move: Taunt
|move|p2a: Glimmora|Mortal Spin|p1a: Froslass
|-resisted|p1a: Froslass
|-damage|p1a: Froslass|97/100
|-status|p1a: Froslass|psn
|
|-damage|p1a: Froslass|85/100 psn|[from] psn
|upkeep
|turn|2
|
|t:|1758954092
|move|p1a: Froslass|Destiny Bond|p1a: Froslass
|-singlemove|p1a: Froslass|Destiny Bond
|move|p2a: Glimmora|Mud Shot|p1a: Froslass
|-damage|p1a: Froslass|62/100 psn
|-unboost|p1a: Froslass|spe|1
|-start|p2a: Glimmora|Disable|Mud Shot|[from] ability: Cursed Body|[of] p1a: Froslass
|
|-damage|p1a: Froslass|49/100 psn|[from] psn
|upkeep
|turn|3
|
|t:|1758954110
|switch|p2a: Samurott|Samurott-Hisui, M|100/100
|move|p1a: Froslass|Will-O-Wisp|p2a: Samurott
|-status|p2a: Samurott|brn
|
|-damage|p1a: Froslass|37/100 psn|[from] psn
|-damage|p2a: Samurott|94/100 brn|[from] brn
|upkeep
|turn|4
|
|t:|1758954118
|move|p2a: Samurott|Ceaseless Edge|p1a: Froslass
|-supereffective|p1a: Froslass
|-damage|p1a: Froslass|0 fnt
|-start|p2a: Samurott|Disable|Ceaseless Edge|[from] ability: Cursed Body|[of] p1a: Froslass
|-sidestart|p1: estosnueses|Spikes
|faint|p1a: Froslass
|
|-damage|p2a: Samurott|88/100 brn|[from] brn
|upkeep
|
|t:|1758954125
|switch|p1a: Samurott|Samurott-Hisui, M, shiny|100/100
|-damage|p1a: Samurott|88/100|[from] Spikes
|turn|5
|
|t:|1758954130
|move|p2a: Samurott|Flip Turn|p1a: Samurott
|-resisted|p1a: Samurott
|-damage|p1a: Samurott|79/100
|
|t:|1758954136
|switch|p2a: Gholdengo|Gholdengo, shiny|100/100|[from] Flip Turn
|move|p1a: Samurott|Ceaseless Edge|p2a: Gholdengo
|-supereffective|p2a: Gholdengo
|-damage|p2a: Gholdengo|5/100
|-sidestart|p2: Sorushi|Spikes
|
|upkeep
|turn|6
|
|t:|1758954146
|move|p2a: Gholdengo|Thunderbolt|p1a: Samurott
|-supereffective|p1a: Samurott
|-damage|p1a: Samurott|0 fnt
|faint|p1a: Samurott
|
|upkeep
|
|t:|1758954156
|switch|p1a: Arcanine|Arcanine-Hisui, M, shiny|100/100
|turn|7
|
|t:|1758954162
|switch|p2a: Slowking|Slowking-Galar, M, shiny|100/100
|move|p1a: Arcanine|Flare Blitz|p2a: Slowking
|-damage|p2a: Slowking|39/100
|
|upkeep
|turn|8
|inactive|Sorushi has 120 seconds left.
|
|t:|1758954195
|switch|p2a: Glimmora|Glimmora, F, shiny|100/100
|-damage|p2a: Glimmora|88/100|[from] Spikes
|move|p1a: Arcanine|Head Smash|p2a: Glimmora
|-damage|p2a: Glimmora|37/100
|-activate|p2a: Glimmora|ability: Toxic Debris
|-sidestart|p1: estosnueses|move: Toxic Spikes
|
|upkeep
|turn|9
|
|t:|1758954207
|switch|p1a: Goodra|Goodra-Hisui, F, shiny|100/100
|-damage|p1a: Goodra|88/100|[from] Spikes
|move|p2a: Glimmora|Stealth Rock|p1a: Goodra
|-sidestart|p1: estosnueses|move: Stealth Rock
|
|upkeep
|turn|10
|inactive|Sorushi has 120 seconds left.
|
|t:|1758954246
|move|p2a: Glimmora|Mud Shot|p1a: Goodra
|-supereffective|p1a: Goodra
|-damage|p1a: Goodra|74/100
|-unboost|p1a: Goodra|spe|1
|move|p1a: Goodra|Muddy Water|p2a: Glimmora
|-supereffective|p2a: Glimmora
|-damage|p2a: Glimmora|0 fnt
|faint|p2a: Glimmora
|
|upkeep
|
|t:|1758954260
|switch|p2a: Slowking|Slowking-Galar, M, shiny|72/100
|turn|11
|
|t:|1758954267
|move|p1a: Goodra|Muddy Water|p2a: Slowking
|-damage|p2a: Slowking|57/100
|-unboost|p2a: Slowking|accuracy|1
|move|p2a: Slowking|Thunder Wave|p1a: Goodra
|-status|p1a: Goodra|par
|
|upkeep
|turn|12
|
|t:|1758954276
|-prepare|p2a: Slowking|Chilly Reception|[premajor]
|move|p2a: Slowking|Chilly Reception|p2a: Slowking
|-weather|Snowscape
|
|t:|1758954279
|switch|p2a: Ursaluna|Ursaluna, F|100/100|[from] Chilly Reception
|-damage|p2a: Ursaluna|88/100|[from] Spikes
|move|p1a: Goodra|Flash Cannon|p2a: Ursaluna
|-damage|p2a: Ursaluna|58/100
|
|-weather|Snowscape|[upkeep]
|-status|p2a: Ursaluna|brn|[from] item: Flame Orb
|upkeep
|turn|13
|inactive|Sorushi has 120 seconds left.
|
|t:|1758954292
|move|p2a: Ursaluna|Headlong Rush|p1a: Goodra
|-supereffective|p1a: Goodra
|-damage|p1a: Goodra|0 fnt
|-unboost|p2a: Ursaluna|def|1
|-unboost|p2a: Ursaluna|spd|1
|-ability|p1a: Goodra|Gooey
|-unboost|p2a: Ursaluna|spe|1
|faint|p1a: Goodra
|
|-weather|Snowscape|[upkeep]
|-damage|p2a: Ursaluna|52/100 brn|[from] brn
|upkeep
|
|t:|1758954294
|switch|p1a: Ogerpon|Ogerpon, F|100/100
|-damage|p1a: Ogerpon|88/100|[from] Spikes
|-status|p1a: Ogerpon|psn
|-damage|p1a: Ogerpon|76/100 psn|[from] Stealth Rock
|turn|14
|inactive|Sorushi has 120 seconds left.
|
|t:|1758954315
|switch|p2a: Dragapult|Dragapult, F|100/100
|-damage|p2a: Dragapult|88/100|[from] Spikes
|move|p1a: Ogerpon|Ivy Cudgel|p2a: Dragapult
|-resisted|p2a: Dragapult
|-damage|p2a: Dragapult|45/100
|-damage|p1a: Ogerpon|66/100 psn|[from] item: Life Orb
|
|-weather|Snowscape|[upkeep]
|-damage|p1a: Ogerpon|54/100 psn|[from] psn
|upkeep
|turn|15
|
|t:|1758954324
|move|p2a: Dragapult|Phantom Force||[still]
|-prepare|p2a: Dragapult|Phantom Force
|move|p1a: Ogerpon|Play Rough|p2a: Dragapult|[miss]
|-miss|p1a: Ogerpon|p2a: Dragapult
|
|-weather|Snowscape|[upkeep]
|-damage|p1a: Ogerpon|41/100 psn|[from] psn
|upkeep
|turn|16
|
|t:|1758954327
|move|p2a: Dragapult|Phantom Force|p1a: Ogerpon|[from] lockedmove
|-damage|p1a: Ogerpon|0 fnt
|faint|p1a: Ogerpon
|
|-weather|none
|upkeep
|
|t:|1758954331
|switch|p1a: Sandy Shocks|Sandy Shocks, shiny|100/100
|-damage|p1a: Sandy Shocks|88/100|[from] Spikes
|-status|p1a: Sandy Shocks|psn
|-damage|p1a: Sandy Shocks|82/100 psn|[from] Stealth Rock
|-enditem|p1a: Sandy Shocks|Booster Energy
|-activate|p1a: Sandy Shocks|ability: Protosynthesis|[fromitem]
|-start|p1a: Sandy Shocks|protosynthesisspa
|turn|17
|
|t:|1758954342
|-terastallize|p1a: Sandy Shocks|Ice
|move|p2a: Dragapult|U-turn|p1a: Sandy Shocks
|-damage|p1a: Sandy Shocks|56/100 psn
|
|t:|1758954349
|switch|p2a: Samurott|Samurott-Hisui, M|88/100 brn|[from] U-turn
|-damage|p2a: Samurott|76/100 brn|[from] Spikes
|move|p1a: Sandy Shocks|Tera Blast|p2a: Samurott|[anim] Tera Blast Ice
|-resisted|p2a: Samurott
|-damage|p2a: Samurott|49/100 brn
|
|-damage|p1a: Sandy Shocks|44/100 psn|[from] psn
|-damage|p2a: Samurott|43/100 brn|[from] brn
|upkeep
|turn|18
|
|t:|1758954361
|move|p2a: Samurott|Sacred Sword|p1a: Sandy Shocks
|-supereffective|p1a: Sandy Shocks
|-damage|p1a: Sandy Shocks|1/100 psn
|move|p1a: Sandy Shocks|Scorching Sands|p2a: Samurott
|-damage|p2a: Samurott|0 fnt
|faint|p2a: Samurott
|
|-damage|p1a: Sandy Shocks|0 fnt|[from] psn
|faint|p1a: Sandy Shocks
|-end|p1a: Sandy Shocks|Protosynthesis|[silent]
|upkeep
|inactive|Sorushi has 120 seconds left.
|
|t:|1758954380
|switch|p2a: Slowking|Slowking-Galar, M, shiny|90/100
|switch|p1a: Arcanine|Arcanine-Hisui, M, shiny|100/100
|turn|19
|
|t:|1758954387
|move|p1a: Arcanine|Head Smash|p2a: Slowking
|-damage|p2a: Slowking|22/100
|move|p2a: Slowking|Thunder Wave|p1a: Arcanine
|-status|p1a: Arcanine|par
|
|upkeep
|turn|20
|
|t:|1758954395
|move|p1a: Arcanine|Extreme Speed|p2a: Slowking
|-damage|p2a: Slowking|0 fnt
|faint|p2a: Slowking
|
|upkeep
|
|t:|1758954405
|switch|p2a: Ursaluna|Ursaluna, F|52/100 brn
|-damage|p2a: Ursaluna|40/100 brn|[from] Spikes
|turn|21
|
|t:|1758954411
|move|p1a: Arcanine|Head Smash|p2a: Ursaluna
|-resisted|p2a: Ursaluna
|-damage|p2a: Ursaluna|17/100 brn
|move|p2a: Ursaluna|Headlong Rush|p1a: Arcanine
|-supereffective|p1a: Arcanine
|-damage|p1a: Arcanine|0 fnt
|-unboost|p2a: Ursaluna|def|1
|-unboost|p2a: Ursaluna|spd|1
|faint|p1a: Arcanine
|
|win|Sorushi
|raw|estosnueses's rating: 1127 &rarr; <strong>1104</strong><br />(-23 for losing)
|raw|Sorushi's rating: 1160 &rarr; <strong>1183</strong><br />(+23 for winning)
|l|☆estosnueses
|player|p1|
