|j|☆Teufcraft
|j|☆GhostDumbDumb
|t:|1759076158
|gametype|singles
|player|p1|Teufcraft|candice|1374
|player|p2|GhostDumbDumb|unknown|1324
|gen|9
|tier|[Gen 9] OU
|rated|
|rule|HP Percentage Mod: HP is shown in percentages
|rule|Endless Battle Clause: Forcing endless battles is banned
|rule|Species Clause: Limit one of each Pokémon
|rule|OHKO Clause: OHKO moves are banned
|rule|Evasion Items Clause: Evasion items are banned
|rule|Evasion Moves Clause: Evasion moves are banned
|rule|Evasion Abilities Clause: Evasion abilities are banned
|rule|Sleep Moves Clause: Sleep-inducing moves are banned
|clearpoke
|poke|p1|Corviknight, F|
|poke|p1|Clodsire, M|
|poke|p1|Weavile, F|
|poke|p1|Iron Valiant|
|poke|p1|Ogerpon-Cornerstone, F|
|poke|p1|Chandelure, M|
|poke|p2|Reuniclus, F|
|poke|p2|Zoroark, M|
|poke|p2|Appletun, F|
|poke|p2|Pincurchin, M|
|poke|p2|Alcremie, F|
|poke|p2|Ambipom, M|
|teampreview
|
|t:|1759076172
|teamsize|p1|6
|teamsize|p2|6
|start
|switch|p1a: Iron Valiant|Iron Valiant, shiny|100/100
|switch|p2a: Smiff|Pincurchin, M, shiny|100/100
|-fieldstart|move: Electric Terrain|[from] ability: Electric Surge|[of] p2a: Smiff
|-activate|p1a: Iron Valiant|ability: Quark Drive
|-start|p1a: Iron Valiant|quarkdrivespa
|turn|1
|
|t:|1759076182
|move|p1a: Iron Valiant|Moonblast|p2a: Smiff
|-damage|p2a: Smiff|16/100
|-unboost|p2a: Smiff|spa|1
|move|p2a: Smiff|Thunder Wave|p1a: Iron Valiant
|-status|p1a: Iron Valiant|par
|
|upkeep
|turn|2
|
|t:|1759076193
|cant|p1a: Iron Valiant|par
|move|p2a: Smiff|Spikes|p1a: Iron Valiant
|-sidestart|p1: Teufcraft|Spikes
|
|upkeep
|turn|3
|
|t:|1759076202
|move|p1a: Iron Valiant|Moonblast|p2a: Smiff
|-damage|p2a: Smiff|0 fnt
|faint|p2a: Smiff
|
|upkeep
|
|t:|1759076214
|switch|p2a: Typhlosions Lawyer|Ambipom, M, shiny|100/100
|-enditem|p2a: Typhlosions Lawyer|Electric Seed
|-boost|p2a: Typhlosions Lawyer|def|1|[from] item: Electric Seed
|turn|4
|
|t:|1759076221
|move|p2a: Typhlosions Lawyer|Fake Out|p1a: Iron Valiant
|-damage|p1a: Iron Valiant|65/100 par
|cant|p1a: Iron Valiant|flinch
|
|upkeep
|turn|5
|
|t:|1759076226
|move|p2a: Typhlosions Lawyer|Covet|p1a: Iron Valiant
|-damage|p1a: Iron Valiant|15/100 par
|-item|p2a: Typhlosions Lawyer|Choice Scarf|[from] move: Covet|[of] p1a: Iron Valiant
|move|p1a: Iron Valiant|Moonblast|p2a: Typhlosions Lawyer
|-damage|p2a: Typhlosions Lawyer|0 fnt
|faint|p2a: Typhlosions Lawyer
|
|upkeep
|
|t:|1759076247
|switch|p2a: Wait... Don't!!!|Reuniclus, F, shiny|100/100
|turn|6
|
|t:|1759076254
|move|p1a: Iron Valiant|Trick|p2a: Wait... Don't!!!
|-activate|p1a: Iron Valiant|move: Trick|[of] p2a: Wait... Don't!!!
|-enditem|p2a: Wait... Don't!!!|Leftovers|[silent]|[from] move: Trick
|-item|p1a: Iron Valiant|Leftovers|[from] move: Trick
|move|p2a: Wait... Don't!!!|Calm Mind|p2a: Wait... Don't!!!
|-boost|p2a: Wait... Don't!!!|spa|1
|-boost|p2a: Wait... Don't!!!|spd|1
|
|-heal|p1a: Iron Valiant|22/100 par|[from] item: Leftovers
|upkeep
|turn|7
|
|t:|1759076263
|cant|p1a: Iron Valiant|par
|move|p2a: Wait... Don't!!!|Acid Armor|p2a: Wait... Don't!!!
|-boost|p2a: Wait... Don't!!!|def|2
|
|-heal|p1a: Iron Valiant|28/100 par|[from] item: Leftovers
|upkeep
|turn|8
|
|t:|1759076270
|move|p1a: Iron Valiant|Moonblast|p2a: Wait... Don't!!!
|-damage|p2a: Wait... Don't!!!|73/100
|-unboost|p2a: Wait... Don't!!!|spa|1
|move|p2a: Wait... Don't!!!|Calm Mind|p2a: Wait... Don't!!!
|-boost|p2a: Wait... Don't!!!|spa|1
|-boost|p2a: Wait... Don't!!!|spd|1
|
|-heal|p1a: Iron Valiant|34/100 par|[from] item: Leftovers
|-fieldend|move: Electric Terrain
|-end|p1a: Iron Valiant|Quark Drive
|upkeep
|turn|9
|
|t:|1759076280
|-end|p1a: Iron Valiant|Quark Drive|[silent]
|switch|p1a: Clodsire|Clodsire, M|100/100
|-damage|p1a: Clodsire|88/100|[from] Spikes
|move|p2a: Wait... Don't!!!|Calm Mind|p2a: Wait... Don't!!!
|-boost|p2a: Wait... Don't!!!|spa|1
|-boost|p2a: Wait... Don't!!!|spd|1
|
|-heal|p1a: Clodsire|94/100|[from] item: Black Sludge
|upkeep
|turn|10
|
|t:|1759076290
|move|p2a: Wait... Don't!!!|Stored Power|p1a: Clodsire
|-supereffective|p1a: Clodsire
|-damage|p1a: Clodsire|0 fnt
|faint|p1a: Clodsire
|
|upkeep
|
|t:|1759076297
|switch|p1a: Weavile|Weavile, F|100/100
|-damage|p1a: Weavile|88/100|[from] Spikes
|turn|11
|
|t:|1759076305
|-terastallize|p2a: Wait... Don't!!!|Fighting
|move|p1a: Weavile|Knock Off|p2a: Wait... Don't!!!
|-resisted|p2a: Wait... Don't!!!
|-damage|p2a: Wait... Don't!!!|63/100
|-damage|p1a: Weavile|78/100|[from] item: Life Orb
|move|p2a: Wait... Don't!!!|Acid Armor|p2a: Wait... Don't!!!
|-boost|p2a: Wait... Don't!!!|def|2
|
|upkeep
|turn|12
|
|t:|1759076313
|move|p1a: Weavile|Triple Axel|p2a: Wait... Don't!!!
|-damage|p2a: Wait... Don't!!!|57/100
|-damage|p2a: Wait... Don't!!!|48/100
|-damage|p2a: Wait... Don't!!!|35/100
|-hitcount|p2a: Wait... Don't!!!|3
|-damage|p1a: Weavile|68/100|[from] item: Life Orb
|move|p2a: Wait... Don't!!!|Acid Armor|p2a: Wait... Don't!!!
|-boost|p2a: Wait... Don't!!!|def|2
|
|upkeep
|turn|13
|
|t:|1759076322
|move|p1a: Weavile|Triple Axel|p2a: Wait... Don't!!!
|-damage|p2a: Wait... Don't!!!|31/100
|-damage|p2a: Wait... Don't!!!|24/100
|-damage|p2a: Wait... Don't!!!|14/100
|-hitcount|p2a: Wait... Don't!!!|3
|-damage|p1a: Weavile|58/100|[from] item: Life Orb
|move|p2a: Wait... Don't!!!|Recover|p2a: Wait... Don't!!!
|-heal|p2a: Wait... Don't!!!|64/100
|
|upkeep
|turn|14
|
|t:|1759076335
|move|p1a: Weavile|Triple Axel|p2a: Wait... Don't!!!|[miss]
|-miss|p1a: Weavile|p2a: Wait... Don't!!!
|move|p2a: Wait... Don't!!!|Recover|p2a: Wait... Don't!!!
|-heal|p2a: Wait... Don't!!!|100/100
|
|upkeep
|turn|15
|
|t:|1759076342
|move|p1a: Weavile|Triple Axel|p2a: Wait... Don't!!!
|-damage|p2a: Wait... Don't!!!|97/100
|-damage|p2a: Wait... Don't!!!|91/100
|-hitcount|p2a: Wait... Don't!!!|2
|-damage|p1a: Weavile|48/100|[from] item: Life Orb
|move|p2a: Wait... Don't!!!|Calm Mind|p2a: Wait... Don't!!!
|-boost|p2a: Wait... Don't!!!|spa|1
|-boost|p2a: Wait... Don't!!!|spd|1
|
|upkeep
|turn|16
|
|t:|1759076351
|move|p1a: Weavile|Triple Axel|p2a: Wait... Don't!!!
|-damage|p2a: Wait... Don't!!!|87/100
|-damage|p2a: Wait... Don't!!!|80/100
|-damage|p2a: Wait... Don't!!!|70/100
|-hitcount|p2a: Wait... Don't!!!|3
|-damage|p1a: Weavile|38/100|[from] item: Life Orb
|move|p2a: Wait... Don't!!!|Calm Mind|p2a: Wait... Don't!!!
|-boost|p2a: Wait... Don't!!!|spa|1
|-boost|p2a: Wait... Don't!!!|spd|1
|
|upkeep
|turn|17
|
|t:|1759076365
|move|p1a: Weavile|Triple Axel|p2a: Wait... Don't!!!
|-damage|p2a: Wait... Don't!!!|66/100
|-damage|p2a: Wait... Don't!!!|58/100
|-damage|p2a: Wait... Don't!!!|49/100
|-hitcount|p2a: Wait... Don't!!!|3
|-damage|p1a: Weavile|28/100|[from] item: Life Orb
|move|p2a: Wait... Don't!!!|Recover|p2a: Wait... Don't!!!
|-heal|p2a: Wait... Don't!!!|99/100
|
|upkeep
|turn|18
|
|t:|1759076374
|move|p1a: Weavile|Triple Axel|p2a: Wait... Don't!!!
|-damage|p2a: Wait... Don't!!!|95/100
|-crit|p2a: Wait... Don't!!!
|-damage|p2a: Wait... Don't!!!|54/100
|-damage|p2a: Wait... Don't!!!|44/100
|-hitcount|p2a: Wait... Don't!!!|3
|-damage|p1a: Weavile|18/100|[from] item: Life Orb
|move|p2a: Wait... Don't!!!|Calm Mind|p2a: Wait... Don't!!!
|-boost|p2a: Wait... Don't!!!|spa|1
|-boost|p2a: Wait... Don't!!!|spd|1
|
|upkeep
|turn|19
|c|☆Teufcraft|watch this crit
|
|t:|1759076394
|move|p1a: Weavile|Triple Axel|p2a: Wait... Don't!!!
|-crit|p2a: Wait... Don't!!!
|-damage|p2a: Wait... Don't!!!|23/100
|-damage|p2a: Wait... Don't!!!|16/100
|-crit|p2a: Wait... Don't!!!
|-damage|p2a: Wait... Don't!!!|0 fnt
|faint|p2a: Wait... Don't!!!
|-hitcount|p2: Wait... Don't!!!|3
|-damage|p1a: Weavile|8/100|[from] item: Life Orb
|
|upkeep
|c|☆GhostDumbDumb|gl
|c|☆Teufcraft|wooaaajajjjjhhhhhhh
|c|☆GhostDumbDumb|ayyy nice
|c|☆GhostDumbDumb|you got it
|c|☆Teufcraft|i for sure eould have lost any other way
|
|t:|1759076414
|switch|p2a: Phub Catergory|Alcremie, F, shiny|100/100
|turn|20
|c|☆Teufcraft|sorry bro
|c|☆GhostDumbDumb|it happens
|
|t:|1759076427
|move|p1a: Weavile|Triple Axel|p2a: Phub Catergory
|-damage|p2a: Phub Catergory|75/100
|replace|p2a: DittoSmiff|Zoroark, M, shiny
|-end|p2a: DittoSmiff|Illusion
|-hitcount|p2a: DittoSmiff|1
|-damage|p1a: Weavile|0 fnt|[from] item: Life Orb
|faint|p1a: Weavile
|move|p2a: DittoSmiff|U-turn|p1: Weavile|[notarget]
|-fail|p2a: DittoSmiff
|
|upkeep
|
|t:|1759076436
|switch|p1a: Corviknight|Corviknight, F, shiny|100/100
|turn|21
|
|t:|1759076444
|move|p2a: DittoSmiff|U-turn|p1a: Corviknight
|-resisted|p1a: Corviknight
|-damage|p1a: Corviknight|97/100
|
|t:|1759076448
|switch|p2a: Phub Catergory|Alcremie, F, shiny|100/100|[from] U-turn
|move|p1a: Corviknight|Defog|p2a: Phub Catergory
|-unboost|p2a: Phub Catergory|evasion|1
|-sideend|p1: Teufcraft|Spikes|[from] move: Defog|[of] p1a: Corviknight
|
|-heal|p1a: Corviknight|100/100|[from] item: Leftovers
|upkeep
|turn|22
|
|t:|1759076461
|move|p2a: Phub Catergory|Acid Armor|p2a: Phub Catergory
|-boost|p2a: Phub Catergory|def|2
|move|p1a: Corviknight|U-turn|p2a: Phub Catergory
|-resisted|p2a: Phub Catergory
|-damage|p2a: Phub Catergory|97/100
|
|t:|1759076467
|switch|p1a: Chandelure|Chandelure, M, shiny|100/100|[from] U-turn
|
|-heal|p2a: Phub Catergory|100/100|[from] item: Leftovers
|upkeep
|turn|23
|
|t:|1759076477
|switch|p2a: Phub Catergory|Alcremie, F, shiny|75/100
|move|p1a: Chandelure|Shadow Ball|p2a: Phub Catergory
|-resisted|p2a: Phub Catergory
|-damage|p2a: Phub Catergory|28/100
|replace|p2a: DittoSmiff|Zoroark, M, shiny
|-end|p2a: DittoSmiff|Illusion
|
|upkeep
|turn|24
|
|t:|1759076487
|move|p2a: DittoSmiff|Thief|p1a: Chandelure
|-supereffective|p1a: Chandelure
|-damage|p1a: Chandelure|19/100
|move|p1a: Chandelure|Shadow Ball|p2a: DittoSmiff
|-resisted|p2a: DittoSmiff
|-damage|p2a: DittoSmiff|0 fnt
|faint|p2a: DittoSmiff
|
|upkeep
|
|t:|1759076494
|switch|p2a: Smiff Jr.|Appletun, F, shiny|100/100
|turn|25
|
|t:|1759076501
|switch|p1a: Iron Valiant|Iron Valiant, shiny|34/100 par
|move|p2a: Smiff Jr.|Amnesia|p2a: Smiff Jr.
|-boost|p2a: Smiff Jr.|spd|2
|
|-heal|p1a: Iron Valiant|40/100 par|[from] item: Leftovers
|upkeep
|turn|26
|
|t:|1759076510
|move|p1a: Iron Valiant|Moonblast|p2a: Smiff Jr.
|-supereffective|p2a: Smiff Jr.
|-damage|p2a: Smiff Jr.|64/100
|move|p2a: Smiff Jr.|Amnesia|p2a: Smiff Jr.
|-boost|p2a: Smiff Jr.|spd|2
|
|-heal|p1a: Iron Valiant|47/100 par|[from] item: Leftovers
|-heal|p2a: Smiff Jr.|70/100|[from] item: Leftovers
|upkeep
|turn|27
|
|t:|1759076518
|-end|p1a: Iron Valiant|Quark Drive|[silent]
|switch|p1a: Ogerpon|Ogerpon-Cornerstone, F|100/100
|move|p2a: Smiff Jr.|Iron Defense|p2a: Smiff Jr.
|-boost|p2a: Smiff Jr.|def|2
|
|-heal|p2a: Smiff Jr.|76/100|[from] item: Leftovers
|upkeep
|turn|28
|
|t:|1759076526
|move|p1a: Ogerpon|Swords Dance|p1a: Ogerpon
|-boost|p1a: Ogerpon|atk|2
|move|p2a: Smiff Jr.|Iron Defense|p2a: Smiff Jr.
|-boost|p2a: Smiff Jr.|def|2
|
|-heal|p2a: Smiff Jr.|82/100|[from] item: Leftovers
|upkeep
|turn|29
|
|t:|1759076533
|move|p1a: Ogerpon|Ivy Cudgel|p2a: Smiff Jr.|[anim] Ivy Cudgel Rock
|-damage|p2a: Smiff Jr.|47/100
|move|p2a: Smiff Jr.|Apple Acid|p1a: Ogerpon
|-damage|p1a: Ogerpon|69/100
|-unboost|p1a: Ogerpon|spd|1
|
|-heal|p2a: Smiff Jr.|53/100|[from] item: Leftovers
|upkeep
|turn|30
|
|t:|1759076547
|move|p1a: Ogerpon|Ivy Cudgel|p2a: Smiff Jr.|[anim] Ivy Cudgel Rock
|-damage|p2a: Smiff Jr.|14/100
|move|p2a: Smiff Jr.|Iron Defense|p2a: Smiff Jr.
|-boost|p2a: Smiff Jr.|def|2
|
|-heal|p2a: Smiff Jr.|20/100|[from] item: Leftovers
|upkeep
|turn|31
|
|t:|1759076554
|move|p1a: Ogerpon|Ivy Cudgel|p2a: Smiff Jr.|[anim] Ivy Cudgel Rock
|-damage|p2a: Smiff Jr.|0 fnt
|faint|p2a: Smiff Jr.
|
|upkeep
|
|t:|1759076558
|switch|p2a: Phub Catergory|Alcremie, F, shiny|100/100
|turn|32
|
|t:|1759076562
|move|p1a: Ogerpon|Ivy Cudgel|p2a: Phub Catergory|[anim] Ivy Cudgel Rock
|-damage|p2a: Phub Catergory|0 fnt
|faint|p2a: Phub Catergory
|
|win|Teufcraft
|raw|Teufcraft's rating: 1374 &rarr; <strong>1391</strong><br />(+17 for winning)
|raw|GhostDumbDumb's rating: 1324 &rarr; <strong>1307</strong><br />(-17 for losing)
|c|☆Teufcraft|gg
|c|☆GhostDumbDumb|gg
|l|☆Teufcraft
|player|p1|
|l|☆GhostDumbDumb
|player|p2|
