|j|☆Noobshoe
|j|☆Supa Dupa Hoopa
|t:|1759030378
|gametype|singles
|player|p1|Noobshoe|drayden|1482
|player|p2|Supa Dupa Hoopa|2|1411
|gen|9
|tier|[Gen 9] OU
|rated|
|rule|HP Percentage Mod: HP is shown in percentages
|rule|Endless Battle Clause: Forcing endless battles is banned
|rule|Species Clause: Limit one of each Pokémon
|rule|OHKO Clause: OHKO moves are banned
|rule|Evasion Items Clause: Evasion items are banned
|rule|Evasion Moves Clause: Evasion moves are banned
|rule|Evasion Abilities Clause: Evasion abilities are banned
|rule|Sleep Moves Clause: Sleep-inducing moves are banned
|clearpoke
|poke|p1|Torkoal, M|
|poke|p1|Walking Wake|
|poke|p1|Raging Bolt|
|poke|p1|Ceruledge, F|
|poke|p1|Hatterene, F|
|poke|p1|Great Tusk|
|poke|p2|Great Tusk|
|poke|p2|Dragapult, M|
|poke|p2|Corviknight, M|
|poke|p2|Clodsire, F|
|poke|p2|Meowscarada, F|
|poke|p2|Toxtricity-Low-Key, F|
|teampreview
|
|t:|1759030398
|teamsize|p1|6
|teamsize|p2|6
|start
|switch|p1a: Torkoal|Torkoal, M|100/100
|switch|p2a: Toxtricity|Toxtricity-Low-Key, F|100/100
|-weather|SunnyDay|[from] ability: Drought|[of] p1a: Torkoal
|turn|1
|
|t:|1759030410
|switch|p1a: Hatterene|Hatterene, F, shiny|100/100
|move|p2a: Toxtricity|Boomburst|p1a: Hatterene
|-damage|p1a: Hatterene|15/100
|-enditem|p1a: Hatterene|Eject Button
|
|t:|1759030441
|switch|p1a: Walking Wake|Walking Wake|100/100
|-activate|p1a: Walking Wake|ability: Protosynthesis
|-start|p1a: Walking Wake|protosynthesisspe
|
|-weather|SunnyDay|[upkeep]
|upkeep
|turn|2
|
|t:|1759030451
|switch|p2a: Clodsire|Clodsire, F|100/100
|move|p1a: Walking Wake|Hydro Steam|p2a: Clodsire
|-immune|p2a: Clodsire|[from] ability: Water Absorb
|
|-weather|SunnyDay|[upkeep]
|upkeep
|turn|3
|
|t:|1759030464
|-end|p1a: Walking Wake|Protosynthesis|[silent]
|switch|p1a: Hatterene|Hatterene, F, shiny|15/100
|move|p2a: Clodsire|Toxic|p1a: Hatterene
|move|p1a: Hatterene|Toxic|p2a: Clodsire|[from] ability: Magic Bounce
|-immune|p2a: Clodsire
|
|-weather|SunnyDay|[upkeep]
|upkeep
|turn|4
|
|t:|1759030472
|move|p1a: Hatterene|Healing Wish|p1a: Hatterene
|faint|p1a: Hatterene
|move|p2a: Clodsire|Earthquake|p1: Hatterene|[notarget]
|-fail|p2a: Clodsire
|
|-weather|SunnyDay|[upkeep]
|upkeep
|
|t:|1759030479
|switch|p1a: Great Tusk|Great Tusk|100/100
|-activate|p1a: Great Tusk|ability: Protosynthesis
|-start|p1a: Great Tusk|protosynthesisatk
|turn|5
|
|t:|1759030485
|switch|p2a: Corviknight|Corviknight, M|100/100
|-ability|p2a: Corviknight|Pressure
|move|p1a: Great Tusk|Rapid Spin|p2a: Corviknight
|-resisted|p2a: Corviknight
|-damage|p2a: Corviknight|94/100
|-boost|p1a: Great Tusk|spe|1
|
|-weather|SunnyDay|[upkeep]
|-heal|p2a: Corviknight|99/100|[from] item: Leftovers
|upkeep
|turn|6
|
|t:|1759030495
|move|p1a: Great Tusk|Close Combat|p2a: Corviknight
|-damage|p2a: Corviknight|44/100
|-unboost|p1a: Great Tusk|def|1
|-unboost|p1a: Great Tusk|spd|1
|move|p2a: Corviknight|Bulk Up|p2a: Corviknight
|-boost|p2a: Corviknight|atk|1
|-boost|p2a: Corviknight|def|1
|
|-weather|SunnyDay|[upkeep]
|-heal|p2a: Corviknight|51/100|[from] item: Leftovers
|upkeep
|turn|7
|
|t:|1759030510
|-end|p1a: Great Tusk|Protosynthesis|[silent]
|switch|p1a: Ceruledge|Ceruledge, F|100/100
|move|p2a: Corviknight|Roost|p2a: Corviknight
|-heal|p2a: Corviknight|100/100
|-singleturn|p2a: Corviknight|move: Roost
|
|-weather|SunnyDay|[upkeep]
|upkeep
|turn|8
|
|t:|1759030543
|-terastallize|p2a: Corviknight|Fire
|move|p1a: Ceruledge|Swords Dance|p1a: Ceruledge
|-boost|p1a: Ceruledge|atk|2
|move|p2a: Corviknight|Bulk Up|p2a: Corviknight
|-boost|p2a: Corviknight|atk|1
|-boost|p2a: Corviknight|def|1
|
|-weather|none
|upkeep
|turn|9
|
|t:|1759030558
|switch|p1a: Torkoal|Torkoal, M|100/100
|-weather|SunnyDay|[from] ability: Drought|[of] p1a: Torkoal
|move|p2a: Corviknight|Power Trip|p1a: Torkoal
|-damage|p1a: Torkoal|79/100
|
|-weather|SunnyDay|[upkeep]
|upkeep
|turn|10
|
|t:|1759030569
|move|p2a: Corviknight|Bulk Up|p2a: Corviknight
|-boost|p2a: Corviknight|atk|1
|-boost|p2a: Corviknight|def|1
|move|p1a: Torkoal|Stealth Rock|p2a: Corviknight
|-sidestart|p2: Supa Dupa Hoopa|move: Stealth Rock
|
|-weather|SunnyDay|[upkeep]
|upkeep
|turn|11
|
|t:|1759030575
|switch|p1a: Walking Wake|Walking Wake|100/100
|-activate|p1a: Walking Wake|ability: Protosynthesis
|-start|p1a: Walking Wake|protosynthesisspe
|move|p2a: Corviknight|Body Press|p1a: Walking Wake
|-damage|p1a: Walking Wake|29/100
|
|-weather|SunnyDay|[upkeep]
|upkeep
|turn|12
|
|t:|1759030588
|switch|p2a: Clodsire|Clodsire, F|100/100
|-damage|p2a: Clodsire|94/100|[from] Stealth Rock
|move|p1a: Walking Wake|Draco Meteor|p2a: Clodsire
|-damage|p2a: Clodsire|44/100
|-unboost|p1a: Walking Wake|spa|2
|
|-weather|SunnyDay|[upkeep]
|-heal|p2a: Clodsire|50/100|[from] item: Leftovers
|upkeep
|turn|13
|
|t:|1759030607
|-end|p1a: Walking Wake|Protosynthesis|[silent]
|switch|p1a: Ceruledge|Ceruledge, F|100/100
|move|p2a: Clodsire|Recover|p2a: Clodsire
|-heal|p2a: Clodsire|100/100
|
|-weather|SunnyDay|[upkeep]
|upkeep
|turn|14
|
|t:|1759030623
|move|p1a: Ceruledge|Swords Dance|p1a: Ceruledge
|-boost|p1a: Ceruledge|atk|2
|move|p2a: Clodsire|Toxic|p1a: Ceruledge
|-status|p1a: Ceruledge|tox
|
|-weather|SunnyDay|[upkeep]
|-damage|p1a: Ceruledge|94/100 tox|[from] psn
|upkeep
|turn|15
|
|t:|1759030631
|switch|p2a: Corviknight|Corviknight, M, tera:Fire|100/100
|-damage|p2a: Corviknight|75/100|[from] Stealth Rock
|-ability|p2a: Corviknight|Pressure
|move|p1a: Ceruledge|Bitter Blade|p2a: Corviknight
|-resisted|p2a: Corviknight
|-damage|p2a: Corviknight|34/100
|-heal|p1a: Ceruledge|100/100 tox|[from] drain|[of] p2a: Corviknight
|
|-weather|SunnyDay|[upkeep]
|-heal|p2a: Corviknight|40/100|[from] item: Leftovers
|-damage|p1a: Ceruledge|88/100 tox|[from] psn
|upkeep
|turn|16
|
|t:|1759030645
|move|p1a: Ceruledge|Poltergeist|p2a: Corviknight
|-activate|p2a: Corviknight|move: Poltergeist|Leftovers
|-damage|p2a: Corviknight|0 fnt
|faint|p2a: Corviknight
|
|-weather|none
|-damage|p1a: Ceruledge|70/100 tox|[from] psn
|upkeep
|
|t:|1759030655
|switch|p2a: Dragapult|Dragapult, M|100/100
|-damage|p2a: Dragapult|88/100|[from] Stealth Rock
|turn|17
|
|t:|1759030663
|move|p1a: Ceruledge|Shadow Sneak|p2a: Dragapult
|-supereffective|p2a: Dragapult
|-crit|p2a: Dragapult
|-damage|p2a: Dragapult|0 fnt
|faint|p2a: Dragapult
|
|-damage|p1a: Ceruledge|45/100 tox|[from] psn
|upkeep
|-message|Supa Dupa Hoopa forfeited.
|
|win|Noobshoe
|raw|Noobshoe's rating: 1482 &rarr; <strong>1498</strong><br />(+16 for winning)
|raw|Supa Dupa Hoopa's rating: 1411 &rarr; <strong>1395</strong><br />(-16 for losing)
|l|☆Supa Dupa Hoopa
|player|p2|
