|j|☆fadedregal
|j|☆Jon Mateo
|t:|1758996551
|gametype|singles
|player|p1|fadedregal|101|1272
|player|p2|Jon Mateo|101|1221
|gen|9
|tier|[Gen 9] OU
|rated|
|rule|HP Percentage Mod: HP is shown in percentages
|rule|Endless Battle Clause: Forcing endless battles is banned
|rule|Species Clause: Limit one of each Pokémon
|rule|OHKO Clause: OHKO moves are banned
|rule|Evasion Items Clause: Evasion items are banned
|rule|Evasion Moves Clause: Evasion moves are banned
|rule|Evasion Abilities Clause: Evasion abilities are banned
|rule|Sleep Moves Clause: Sleep-inducing moves are banned
|clearpoke
|poke|p1|Talonflame, F|
|poke|p1|Alomomola, F|
|poke|p1|Hatterene, F|
|poke|p1|Ogerpon-Wellspring, F|
|poke|p1|Great Tusk|
|poke|p1|Raging Bolt|
|poke|p2|Ceruledge, M|
|poke|p2|Quaquaval, M|
|poke|p2|Gardevoir, F|
|poke|p2|Garchomp, F|
|poke|p2|Rotom-Frost|
|poke|p2|Kingdra, F|
|teampreview
|
|t:|1758996559
|teamsize|p1|6
|teamsize|p2|6
|start
|switch|p1a: Talonflame|Talonflame, F|100/100
|switch|p2a: Rotom|Rotom-Frost|100/100
|turn|1
|
|t:|1758996571
|switch|p1a: Great Tusk|Great Tusk|100/100
|move|p2a: Rotom|Thunderbolt|p1a: Great Tusk
|-immune|p1a: Great Tusk
|
|upkeep
|turn|2
|
|t:|1758996578
|switch|p2a: Gardevoir|Gardevoir, F|100/100
|move|p1a: Great Tusk|Rapid Spin|p2a: Gardevoir
|-damage|p2a: Gardevoir|73/100
|-boost|p1a: Great Tusk|spe|1
|
|upkeep
|turn|3
|
|t:|1758996588
|move|p1a: Great Tusk|Headlong Rush|p2a: Gardevoir
|-damage|p2a: Gardevoir|0 fnt
|-unboost|p1a: Great Tusk|def|1
|-unboost|p1a: Great Tusk|spd|1
|faint|p2a: Gardevoir
|
|upkeep
|
|t:|1758996593
|switch|p2a: Quaquaval|Quaquaval, M|100/100
|turn|4
|
|t:|1758996598
|-terastallize|p1a: Great Tusk|Normal
|move|p1a: Great Tusk|Headlong Rush|p2a: Quaquaval
|-damage|p2a: Quaquaval|33/100
|-unboost|p1a: Great Tusk|def|1
|-unboost|p1a: Great Tusk|spd|1
|move|p2a: Quaquaval|U-turn|p1a: Great Tusk
|-damage|p1a: Great Tusk|45/100
|
|t:|1758996607
|switch|p2a: Rotom|Rotom-Frost|100/100|[from] U-turn
|
|upkeep
|turn|5
|
|t:|1758996612
|move|p1a: Great Tusk|Rapid Spin|p2a: Rotom
|-damage|p2a: Rotom|64/100
|-boost|p1a: Great Tusk|spe|1
|move|p2a: Rotom|Thunderbolt|p1a: Great Tusk
|-damage|p1a: Great Tusk|0 fnt
|faint|p1a: Great Tusk
|-end|p1a: Great Tusk|Protosynthesis|[silent]
|
|upkeep
|
|t:|1758996627
|switch|p1a: Hatterene|Hatterene, F|100/100
|turn|6
|
|t:|1758996631
|switch|p2a: Ceruledge|Ceruledge, M|100/100
|move|p1a: Hatterene|Mystical Fire|p2a: Ceruledge
|-resisted|p2a: Ceruledge
|-damage|p2a: Ceruledge|87/100
|-unboost|p2a: Ceruledge|spa|1
|
|upkeep
|turn|7
|
|t:|1758996649
|switch|p1a: Alomomola|Alomomola, F|100/100
|move|p2a: Ceruledge|Poltergeist|p1a: Alomomola
|-activate|p1a: Alomomola|move: Poltergeist|Eject Button
|-damage|p1a: Alomomola|56/100
|-enditem|p1a: Alomomola|Eject Button
|-damage|p2a: Ceruledge|77/100|[from] item: Life Orb
|
|t:|1758996660
|switch|p1a: Ogerpon|Ogerpon-Wellspring, F|100/100
|
|upkeep
|turn|8
|
|t:|1758996664
|switch|p2a: Rotom|Rotom-Frost|64/100
|move|p1a: Ogerpon|Knock Off|p2a: Rotom
|-damage|p2a: Rotom|14/100
|-enditem|p2a: Rotom|Choice Scarf|[from] move: Knock Off|[of] p1a: Ogerpon
|
|upkeep
|turn|9
|
|t:|1758996670
|move|p1a: Ogerpon|Knock Off|p2a: Rotom
|-damage|p2a: Rotom|0 fnt
|faint|p2a: Rotom
|
|upkeep
|
|t:|1758996675
|switch|p2a: Garchomp|Garchomp, F|100/100
|turn|10
|
|t:|1758996679
|move|p1a: Ogerpon|Knock Off|p2a: Garchomp
|-damage|p2a: Garchomp|65/100
|-damage|p1a: Ogerpon|88/100|[from] ability: Rough Skin|[of] p2a: Garchomp
|-enditem|p2a: Garchomp|Loaded Dice|[from] move: Knock Off|[of] p1a: Ogerpon
|move|p2a: Garchomp|Scale Shot|p1a: Ogerpon
|-crit|p1a: Ogerpon
|-damage|p1a: Ogerpon|62/100
|-damage|p1a: Ogerpon|44/100
|-hitcount|p1a: Ogerpon|2
|-unboost|p2a: Garchomp|def|1
|-boost|p2a: Garchomp|spe|1
|
|upkeep
|turn|11
|
|t:|1758996690
|move|p2a: Garchomp|Scale Shot|p1a: Ogerpon
|-damage|p1a: Ogerpon|27/100
|-damage|p1a: Ogerpon|7/100
|-damage|p1a: Ogerpon|0 fnt
|faint|p1a: Ogerpon
|-hitcount|p1: Ogerpon|3
|-unboost|p2a: Garchomp|def|1
|-boost|p2a: Garchomp|spe|1
|
|upkeep
|
|t:|1758996701
|switch|p1a: Talonflame|Talonflame, F|100/100
|turn|12
|
|t:|1758996711
|move|p1a: Talonflame|Brave Bird|p2a: Garchomp
|-damage|p2a: Garchomp|0 fnt
|-damage|p1a: Talonflame|88/100|[from] ability: Rough Skin|[of] p2a: Garchomp
|faint|p2a: Garchomp
|-damage|p1a: Talonflame|62/100|[from] Recoil
|
|upkeep
|
|t:|1758996722
|switch|p2a: Quaquaval|Quaquaval, M|33/100
|turn|13
|
|t:|1758996726
|switch|p1a: Alomomola|Alomomola, F|90/100
|move|p2a: Quaquaval|Aqua Jet|p1a: Alomomola
|-resisted|p1a: Alomomola
|-damage|p1a: Alomomola|80/100
|
|upkeep
|turn|14
|
|t:|1758996732
|switch|p2a: Ceruledge|Ceruledge, M|77/100
|move|p1a: Alomomola|Wish|p1a: Alomomola
|
|upkeep
|turn|15
|
|t:|1758996739
|move|p2a: Ceruledge|Swords Dance|p2a: Ceruledge
|-boost|p2a: Ceruledge|atk|2
|move|p1a: Alomomola|Flip Turn|p2a: Ceruledge
|-supereffective|p2a: Ceruledge
|-damage|p2a: Ceruledge|32/100
|-ability|p2a: Ceruledge|Weak Armor|boost
|-unboost|p2a: Ceruledge|def|1
|-boost|p2a: Ceruledge|spe|2
|
|t:|1758996747
|switch|p1a: Talonflame|Talonflame, F|62/100|[from] Flip Turn
|
|-heal|p1a: Talonflame|100/100|[from] move: Wish|[wisher] Alomomola
|upkeep
|turn|16
|
|t:|1758996755
|move|p1a: Talonflame|Dual Wingbeat|p2a: Ceruledge|[miss]
|-miss|p1a: Talonflame|p2a: Ceruledge
|move|p2a: Ceruledge|Poltergeist|p1a: Talonflame
|-activate|p1a: Talonflame|move: Poltergeist|Choice Band
|-damage|p1a: Talonflame|0 fnt
|faint|p1a: Talonflame
|-damage|p2a: Ceruledge|22/100|[from] item: Life Orb
|
|upkeep
|
|t:|1758996763
|switch|p1a: Raging Bolt|Raging Bolt|100/100
|turn|17
|
|t:|1758996766
|move|p2a: Ceruledge|Shadow Sneak|p1a: Raging Bolt
|-damage|p1a: Raging Bolt|57/100
|-damage|p2a: Ceruledge|12/100|[from] item: Life Orb
|move|p1a: Raging Bolt|Thunderclap||[still]
|-fail|p1a: Raging Bolt
|
|upkeep
|turn|18
|
|t:|1758996775
|move|p2a: Ceruledge|Shadow Sneak|p1a: Raging Bolt
|-damage|p1a: Raging Bolt|10/100
|-damage|p2a: Ceruledge|2/100|[from] item: Life Orb
|move|p1a: Raging Bolt|Thunderclap||[still]
|-fail|p1a: Raging Bolt
|
|upkeep
|turn|19
|
|t:|1758996781
|move|p2a: Ceruledge|Shadow Sneak|p1a: Raging Bolt
|-damage|p1a: Raging Bolt|0 fnt
|faint|p1a: Raging Bolt
|-end|p1a: Raging Bolt|Protosynthesis|[silent]
|-damage|p2a: Ceruledge|0 fnt|[from] item: Life Orb
|faint|p2a: Ceruledge
|
|upkeep
|
|t:|1758996792
|switch|p2a: Kingdra|Kingdra, F|100/100
|switch|p1a: Hatterene|Hatterene, F|100/100
|turn|20
|
|t:|1758996800
|-terastallize|p2a: Kingdra|Water
|move|p2a: Kingdra|Rain Dance|p2a: Kingdra
|-weather|RainDance
|move|p1a: Hatterene|Draining Kiss|p2a: Kingdra
|-damage|p2a: Kingdra|75/100
|
|-weather|RainDance|[upkeep]
|-heal|p2a: Kingdra|82/100|[from] item: Leftovers
|upkeep
|turn|21
|
|t:|1758996808
|move|p2a: Kingdra|Surf|p1a: Hatterene
|-damage|p1a: Hatterene|45/100
|move|p1a: Hatterene|Psychic Noise|p2a: Kingdra
|-damage|p2a: Kingdra|43/100
|-start|p2a: Kingdra|move: Heal Block
|
|-weather|RainDance|[upkeep]
|upkeep
|turn|22
|
|t:|1758996815
|move|p2a: Kingdra|Surf|p1a: Hatterene
|-damage|p1a: Hatterene|0 fnt
|faint|p1a: Hatterene
|
|-weather|RainDance|[upkeep]
|-end|p2a: Kingdra|move: Heal Block
|upkeep
|
|t:|1758996821
|switch|p1a: Alomomola|Alomomola, F|100/100
|turn|23
|
|t:|1758996831
|move|p2a: Kingdra|Dragon Pulse|p1a: Alomomola
|-damage|p1a: Alomomola|64/100
|move|p1a: Alomomola|Flip Turn|p2a: Kingdra
|-resisted|p2a: Kingdra
|-damage|p2a: Kingdra|29/100
|
|-weather|RainDance|[upkeep]
|-heal|p2a: Kingdra|35/100|[from] item: Leftovers
|upkeep
|turn|24
|
|t:|1758996840
|move|p2a: Kingdra|Hurricane|p1a: Alomomola
|-damage|p1a: Alomomola|31/100
|move|p1a: Alomomola|Wish|p1a: Alomomola
|
|-weather|none
|-heal|p2a: Kingdra|41/100|[from] item: Leftovers
|upkeep
|turn|25
|
|t:|1758996846
|move|p2a: Kingdra|Dragon Pulse|p1a: Alomomola
|-damage|p1a: Alomomola|0 fnt
|faint|p1a: Alomomola
|
|win|Jon Mateo
|raw|fadedregal's rating: 1272 &rarr; <strong>1243</strong><br />(-29 for losing)
|raw|Jon Mateo's rating: 1221 &rarr; <strong>1250</strong><br />(+29 for winning)
|l|☆fadedregal
|player|p1|
|l|☆Jon Mateo
|player|p2|
