|j|☆The Wonder of UU
|j|☆Soft Wock
|t:|1759034266
|gametype|singles
|player|p1|The Wonder of UU|steven|1241
|player|p2|Soft Wock|picnicker|1295
|gen|9
|tier|[Gen 9] OU
|rated|
|rule|HP Percentage Mod: HP is shown in percentages
|rule|Endless Battle Clause: Forcing endless battles is banned
|rule|Species Clause: Limit one of each Pokémon
|rule|OHKO Clause: OHKO moves are banned
|rule|Evasion Items Clause: Evasion items are banned
|rule|Evasion Moves Clause: Evasion moves are banned
|rule|Evasion Abilities Clause: Evasion abilities are banned
|rule|Sleep Moves Clause: Sleep-inducing moves are banned
|clearpoke
|poke|p1|Pelipper, F|
|poke|p1|Hatterene, F|
|poke|p1|Iron Treads|
|poke|p1|Toxicroak, F|
|poke|p1|Barraskewda, F|
|poke|p1|Zapdos|
|poke|p2|Zapdos|
|poke|p2|Pelipper, F|
|poke|p2|Maushold|
|poke|p2|Greninja-*, M|
|poke|p2|Barraskewda, M|
|poke|p2|Dragapult, F|
|teampreview
|inactive|Battle timer is ON: inactive players will automatically lose when time's up. (requested by Soft Wock)
|
|t:|1759034273
|teamsize|p1|6
|teamsize|p2|6
|start
|switch|p1a: Zapdos|Zapdos|100/100
|switch|p2a: Maushold|Maushold|100/100
|turn|1
|
|t:|1759034290
|move|p2a: Maushold|Population Bomb|p1a: Zapdos
|-damage|p1a: Zapdos|86/100
|-damage|p1a: Zapdos|71/100
|-status|p2a: Maushold|par|[from] ability: Static|[of] p1a: Zapdos
|-damage|p1a: Zapdos|56/100
|-damage|p1a: Zapdos|43/100
|-damage|p1a: Zapdos|29/100
|-damage|p1a: Zapdos|16/100
|-damage|p1a: Zapdos|1/100
|-damage|p1a: Zapdos|0 fnt
|faint|p1a: Zapdos
|-hitcount|p1: Zapdos|8
|
|upkeep
|
|t:|1759034306
|switch|p1a: Pelipper|Pelipper, F|100/100
|-weather|RainDance|[from] ability: Drizzle|[of] p1a: Pelipper
|turn|2
|
|t:|1759034312
|switch|p1a: Iron Treads|Iron Treads|100/100
|move|p2a: Maushold|Population Bomb|p1a: Iron Treads
|-resisted|p1a: Iron Treads
|-damage|p1a: Iron Treads|97/100
|-resisted|p1a: Iron Treads
|-damage|p1a: Iron Treads|93/100
|-resisted|p1a: Iron Treads
|-damage|p1a: Iron Treads|88/100
|-resisted|p1a: Iron Treads
|-crit|p1a: Iron Treads
|-damage|p1a: Iron Treads|82/100
|-hitcount|p1a: Iron Treads|4
|
|-weather|RainDance|[upkeep]
|-heal|p1a: Iron Treads|88/100|[from] item: Leftovers
|upkeep
|turn|3
|
|t:|1759034330
|move|p1a: Iron Treads|Stealth Rock|p2a: Maushold
|-sidestart|p2: Soft Wock|move: Stealth Rock
|move|p2a: Maushold|Tidy Up|p2a: Maushold
|-sideend|p2: Soft Wock|Stealth Rock
|-activate|p2a: Maushold|move: Tidy Up
|-boost|p2a: Maushold|atk|1
|-boost|p2a: Maushold|spe|1
|
|-weather|RainDance|[upkeep]
|-heal|p1a: Iron Treads|94/100|[from] item: Leftovers
|upkeep
|turn|4
|
|t:|1759034334
|move|p2a: Maushold|Population Bomb|p1a: Iron Treads
|-resisted|p1a: Iron Treads
|-damage|p1a: Iron Treads|88/100
|-resisted|p1a: Iron Treads
|-damage|p1a: Iron Treads|82/100
|-resisted|p1a: Iron Treads
|-crit|p1a: Iron Treads
|-damage|p1a: Iron Treads|73/100
|-resisted|p1a: Iron Treads
|-damage|p1a: Iron Treads|67/100
|-resisted|p1a: Iron Treads
|-crit|p1a: Iron Treads
|-damage|p1a: Iron Treads|57/100
|-resisted|p1a: Iron Treads
|-damage|p1a: Iron Treads|50/100
|-resisted|p1a: Iron Treads
|-damage|p1a: Iron Treads|44/100
|-resisted|p1a: Iron Treads
|-damage|p1a: Iron Treads|38/100
|-resisted|p1a: Iron Treads
|-damage|p1a: Iron Treads|31/100
|-resisted|p1a: Iron Treads
|-damage|p1a: Iron Treads|25/100
|-hitcount|p1a: Iron Treads|10
|move|p1a: Iron Treads|Earthquake|p2a: Maushold
|-damage|p2a: Maushold|41/100 par
|
|-weather|RainDance|[upkeep]
|-heal|p1a: Iron Treads|31/100|[from] item: Leftovers
|upkeep
|turn|5
|
|t:|1759034338
|move|p2a: Maushold|Population Bomb|p1a: Iron Treads
|-resisted|p1a: Iron Treads
|-damage|p1a: Iron Treads|24/100
|-resisted|p1a: Iron Treads
|-damage|p1a: Iron Treads|18/100
|-resisted|p1a: Iron Treads
|-damage|p1a: Iron Treads|11/100
|-resisted|p1a: Iron Treads
|-damage|p1a: Iron Treads|4/100
|-resisted|p1a: Iron Treads
|-damage|p1a: Iron Treads|0 fnt
|faint|p1a: Iron Treads
|-end|p1a: Iron Treads|Quark Drive|[silent]
|-hitcount|p1: Iron Treads|5
|
|-weather|RainDance|[upkeep]
|upkeep
|
|t:|1759034342
|switch|p1a: Barraskewda|Barraskewda, F|100/100
|turn|6
|
|t:|1759034345
|move|p1a: Barraskewda|Liquidation|p2a: Maushold
|-damage|p2a: Maushold|0 fnt
|faint|p2a: Maushold
|
|-weather|RainDance|[upkeep]
|upkeep
|
|t:|1759034351
|switch|p2a: Dragapult|Dragapult, F|100/100
|turn|7
|
|t:|1759034358
|switch|p1a: Hatterene|Hatterene, F|100/100
|move|p2a: Dragapult|Shadow Ball|p1a: Hatterene
|-supereffective|p1a: Hatterene
|-damage|p1a: Hatterene|6/100
|-unboost|p1a: Hatterene|spd|1
|-enditem|p1a: Hatterene|Eject Button
|-damage|p2a: Dragapult|91/100|[from] item: Life Orb
|
|t:|1759034387
|switch|p1a: Toxicroak|Toxicroak, F|100/100
|
|-weather|RainDance|[upkeep]
|upkeep
|turn|8
|
|t:|1759034399
|move|p2a: Dragapult|Dragon Darts|p1a: Toxicroak
|-damage|p1a: Toxicroak|76/100
|-anim|p2a: Dragapult|Dragon Darts|p1a: Toxicroak
|-damage|p1a: Toxicroak|53/100
|-damage|p2a: Dragapult|81/100|[from] item: Life Orb
|move|p1a: Toxicroak|Knock Off|p2a: Dragapult
|-supereffective|p2a: Dragapult
|-damage|p2a: Dragapult|10/100
|-enditem|p2a: Dragapult|Life Orb|[from] move: Knock Off|[of] p1a: Toxicroak
|
|-weather|RainDance|[upkeep]
|-heal|p1a: Toxicroak|65/100|[from] ability: Dry Skin
|upkeep
|turn|9
|
|t:|1759034414
|move|p2a: Dragapult|Dragon Darts|p1a: Toxicroak
|-damage|p1a: Toxicroak|47/100
|-anim|p2a: Dragapult|Dragon Darts|p1a: Toxicroak
|-damage|p1a: Toxicroak|28/100
|move|p1a: Toxicroak|Toxic|p2a: Dragapult
|-status|p2a: Dragapult|tox
|
|-weather|none
|-damage|p2a: Dragapult|4/100 tox|[from] psn
|upkeep
|turn|10
|
|t:|1759034421
|switch|p1a: Hatterene|Hatterene, F|6/100
|move|p2a: Dragapult|Shadow Ball|p1a: Hatterene
|-supereffective|p1a: Hatterene
|-damage|p1a: Hatterene|0 fnt
|faint|p1a: Hatterene
|
|-damage|p2a: Dragapult|0 fnt|[from] psn
|faint|p2a: Dragapult
|upkeep
|
|t:|1759034426
|switch|p2a: Zapdos|Zapdos|100/100
|switch|p1a: Pelipper|Pelipper, F|100/100
|-weather|RainDance|[from] ability: Drizzle|[of] p1a: Pelipper
|turn|11
|
|t:|1759034432
|switch|p1a: Toxicroak|Toxicroak, F|28/100
|move|p2a: Zapdos|Volt Switch|p1a: Toxicroak
|-damage|p1a: Toxicroak|0 fnt
|faint|p1a: Toxicroak
|
|t:|1759034447
|switch|p2a: Pelipper|Pelipper, F|100/100|[from] Volt Switch
|
|-weather|RainDance|[upkeep]
|upkeep
|
|t:|1759034451
|switch|p1a: Barraskewda|Barraskewda, F|100/100
|turn|12
|
|t:|1759034457
|move|p1a: Barraskewda|Flip Turn|p2a: Pelipper
|-resisted|p2a: Pelipper
|-damage|p2a: Pelipper|72/100
|
|t:|1759034460
|switch|p1a: Pelipper|Pelipper, F|100/100|[from] Flip Turn
|move|p2a: Pelipper|Hurricane|p1a: Pelipper
|-damage|p1a: Pelipper|66/100
|-start|p1a: Pelipper|confusion
|
|-weather|RainDance|[upkeep]
|upkeep
|turn|13
|
|t:|1759034467
|switch|p2a: Zapdos|Zapdos|100/100
|-activate|p1a: Pelipper|confusion
|-damage|p1a: Pelipper|60/100|[from] confusion
|
|-weather|RainDance|[upkeep]
|upkeep
|turn|14
|
|t:|1759034472
|move|p2a: Zapdos|Volt Switch|p1a: Pelipper
|-supereffective|p1a: Pelipper
|-damage|p1a: Pelipper|0 fnt
|faint|p1a: Pelipper
|
|t:|1759034477
|switch|p2a: Barraskewda|Barraskewda, M|100/100|[from] Volt Switch
|
|-weather|RainDance|[upkeep]
|upkeep
|
|t:|1759034479
|switch|p1a: Barraskewda|Barraskewda, F|100/100
|turn|15
|
|t:|1759034482
|-terastallize|p1a: Barraskewda|Water
|move|p1a: Barraskewda|Liquidation|p2a: Barraskewda
|-resisted|p2a: Barraskewda
|-damage|p2a: Barraskewda|0 fnt
|faint|p2a: Barraskewda
|
|-weather|RainDance|[upkeep]
|upkeep
|
|t:|1759034489
|switch|p2a: Pelipper|Pelipper, F|72/100
|turn|16
|
|t:|1759034498
|switch|p2a: Zapdos|Zapdos|100/100
|move|p1a: Barraskewda|Liquidation|p2a: Zapdos
|-damage|p2a: Zapdos|0 fnt
|-status|p1a: Barraskewda|par|[from] ability: Static|[of] p2a: Zapdos
|faint|p2a: Zapdos
|
|-weather|RainDance|[upkeep]
|upkeep
|
|t:|1759034502
|switch|p2a: Greninja|Greninja, M|100/100
|turn|17
|
|t:|1759034508
|-terastallize|p2a: Greninja|Water
|move|p2a: Greninja|Surf|p1a: Barraskewda
|-resisted|p1a: Barraskewda
|-damage|p1a: Barraskewda|0 fnt
|faint|p1a: Barraskewda
|-damage|p2a: Greninja|91/100|[from] item: Life Orb
|
|win|Soft Wock
|raw|The Wonder of UU's rating: 1241 &rarr; <strong>1220</strong><br />(-21 for losing)
|raw|Soft Wock's rating: 1295 &rarr; <strong>1316</strong><br />(+21 for winning)
|l|☆Soft Wock
|player|p2|
|l|☆The Wonder of UU
|player|p1|
