|j|☆AnatiosTheHungry
|j|☆Scuhbee-Fluff
|t:|1758960640
|gametype|singles
|player|p1|AnatiosTheHungry|alder|1151
|player|p2|Scuhbee-Fluff|swimmerf-gen4|1124
|gen|9
|tier|[Gen 9] OU
|rated|
|rule|HP Percentage Mod: HP is shown in percentages
|rule|Endless Battle Clause: Forcing endless battles is banned
|rule|Species Clause: Limit one of each Pokémon
|rule|OHKO Clause: OHKO moves are banned
|rule|Evasion Items Clause: Evasion items are banned
|rule|Evasion Moves Clause: Evasion moves are banned
|rule|Evasion Abilities Clause: Evasion abilities are banned
|rule|Sleep Moves Clause: Sleep-inducing moves are banned
|clearpoke
|poke|p1|Goodra-Hisui, M|
|poke|p1|Torterra, F|
|poke|p1|Kingambit, M|
|poke|p1|Garchomp, F|
|poke|p1|Dragapult, M|
|poke|p1|Azumarill, M|
|poke|p2|Dragapult, M|
|poke|p2|Gholdengo|
|poke|p2|Mimikyu, F|
|poke|p2|Froslass, F|
|poke|p2|Ceruledge, F|
|poke|p2|Glimmora, M|
|teampreview
|inactive|Battle timer is ON: inactive players will automatically lose when time's up. (requested by AnatiosTheHungry)
|
|t:|1758960650
|teamsize|p1|6
|teamsize|p2|6
|start
|switch|p1a: Dragapult|Dragapult, M|100/100
|switch|p2a: Glimmora|Glimmora, M|100/100
|turn|1
|
|t:|1758960659
|move|p1a: Dragapult|Surf|p2a: Glimmora
|-supereffective|p2a: Glimmora
|-damage|p2a: Glimmora|31/100
|move|p2a: Glimmora|Stealth Rock|p1a: Dragapult
|-sidestart|p1: AnatiosTheHungry|move: Stealth Rock
|
|upkeep
|turn|2
|
|t:|1758960667
|move|p1a: Dragapult|Surf|p2a: Glimmora
|-supereffective|p2a: Glimmora
|-damage|p2a: Glimmora|0 fnt
|faint|p2a: Glimmora
|
|upkeep
|
|t:|1758960673
|switch|p2a: Babushki|Froslass, F|100/100
|turn|3
|
|t:|1758960678
|move|p2a: Babushki|Ice Beam|p1a: Dragapult
|-supereffective|p1a: Dragapult
|-damage|p1a: Dragapult|0 fnt
|faint|p1a: Dragapult
|
|upkeep
|
|t:|1758960687
|switch|p1a: Goodra|Goodra-Hisui, M|100/100
|-damage|p1a: Goodra|95/100|[from] Stealth Rock
|turn|4
|
|t:|1758960692
|switch|p2a: Cheesy|Gholdengo, shiny|100/100
|-item|p2a: Cheesy|Air Balloon
|move|p1a: Goodra|Flamethrower|p2a: Cheesy
|-supereffective|p2a: Cheesy
|-damage|p2a: Cheesy|49/100
|-enditem|p2a: Cheesy|Air Balloon
|
|upkeep
|turn|5
|
|t:|1758960704
|move|p2a: Cheesy|Shadow Ball|p1a: Goodra
|-damage|p1a: Goodra|65/100
|move|p1a: Goodra|Earthquake|p2a: Cheesy
|-supereffective|p2a: Cheesy
|-damage|p2a: Cheesy|6/100
|
|upkeep
|turn|6
|
|t:|1758960713
|move|p2a: Cheesy|Shadow Ball|p1a: Goodra
|-damage|p1a: Goodra|34/100
|move|p1a: Goodra|Earthquake|p2a: Cheesy
|-supereffective|p2a: Cheesy
|-damage|p2a: Cheesy|0 fnt
|faint|p2a: Cheesy
|
|upkeep
|
|t:|1758960720
|switch|p2a: Pointy|Ceruledge, F, shiny|100/100
|turn|7
|
|t:|1758960726
|move|p2a: Pointy|Bitter Blade|p1a: Goodra
|-damage|p1a: Goodra|0 fnt
|faint|p1a: Goodra
|
|upkeep
|
|t:|1758960736
|switch|p1a: Garchomp|Garchomp, F|100/100
|-damage|p1a: Garchomp|94/100|[from] Stealth Rock
|turn|8
|
|t:|1758960747
|-terastallize|p2a: Pointy|Flying
|move|p1a: Garchomp|Earthquake|p2a: Pointy
|-immune|p2a: Pointy
|move|p2a: Pointy|Swords Dance|p2a: Pointy
|-boost|p2a: Pointy|atk|2
|
|upkeep
|turn|9
|
|t:|1758960761
|switch|p1a: Azumarill|Azumarill, M|100/100
|-damage|p1a: Azumarill|88/100|[from] Stealth Rock
|move|p2a: Pointy|Poltergeist|p1a: Azumarill
|-activate|p1a: Azumarill|move: Poltergeist|Wise Glasses
|-damage|p1a: Azumarill|0 fnt
|faint|p1a: Azumarill
|
|upkeep
|
|t:|1758960773
|switch|p1a: Torterra|Torterra, F|100/100
|-damage|p1a: Torterra|94/100|[from] Stealth Rock
|turn|10
|
|t:|1758960783
|-terastallize|p1a: Torterra|Bug
|move|p2a: Pointy|Bitter Blade|p1a: Torterra
|-supereffective|p1a: Torterra
|-damage|p1a: Torterra|0 fnt
|faint|p1a: Torterra
|
|upkeep
|
|t:|1758960791
|switch|p1a: Garchomp|Garchomp, F|94/100
|-damage|p1a: Garchomp|88/100|[from] Stealth Rock
|turn|11
|
|t:|1758960799
|move|p1a: Garchomp|Outrage|p2a: Pointy
|-enditem|p2a: Pointy|Focus Sash
|-damage|p2a: Pointy|1/100
|-ability|p2a: Pointy|Weak Armor|boost
|-unboost|p2a: Pointy|def|1
|-boost|p2a: Pointy|spe|2
|move|p2a: Pointy|Poltergeist|p1a: Garchomp
|-activate|p1a: Garchomp|move: Poltergeist|Choice Band
|-damage|p1a: Garchomp|0 fnt
|faint|p1a: Garchomp
|
|upkeep
|
|t:|1758960812
|switch|p1a: Kingambit|Kingambit, M|100/100
|-damage|p1a: Kingambit|94/100|[from] Stealth Rock
|-activate|p1a: Kingambit|ability: Supreme Overlord
|-start|p1a: Kingambit|fallen5|[silent]
|turn|12
|
|t:|1758960820
|move|p2a: Pointy|Shadow Sneak|p1a: Kingambit
|-resisted|p1a: Kingambit
|-damage|p1a: Kingambit|76/100
|move|p1a: Kingambit|Night Slash|p2a: Pointy
|-damage|p2a: Pointy|0 fnt
|faint|p2a: Pointy
|
|upkeep
|
|t:|1758960826
|switch|p2a: Babushki|Froslass, F|100/100
|turn|13
|
|t:|1758960832
|move|p1a: Kingambit|Sucker Punch||[still]
|-fail|p1a: Kingambit
|move|p2a: Babushki|Destiny Bond|p2a: Babushki
|-singlemove|p2a: Babushki|Destiny Bond
|
|upkeep
|turn|14
|
|t:|1758960845
|switch|p2a: Speedy|Dragapult, M|100/100
|move|p1a: Kingambit|Kowtow Cleave|p2a: Speedy
|-supereffective|p2a: Speedy
|-damage|p2a: Speedy|0 fnt
|faint|p2a: Speedy
|
|upkeep
|
|t:|1758960854
|switch|p2a: Babushki|Froslass, F|100/100
|turn|15
|
|t:|1758960857
|move|p2a: Babushki|Trick|p1a: Kingambit
|-activate|p2a: Babushki|move: Trick|[of] p1a: Kingambit
|-item|p1a: Kingambit|Choice Scarf|[from] move: Trick
|-item|p2a: Babushki|Black Glasses|[from] move: Trick
|move|p1a: Kingambit|Kowtow Cleave|p2a: Babushki
|-supereffective|p2a: Babushki
|-damage|p2a: Babushki|0 fnt
|faint|p2a: Babushki
|
|upkeep
|
|t:|1758960864
|switch|p2a: Goofy|Mimikyu, F|100/100
|turn|16
|
|t:|1758960869
|move|p1a: Kingambit|Kowtow Cleave|p2a: Goofy
|-activate|p2a: Goofy|ability: Disguise
|-damage|p2a: Goofy|100/100
|detailschange|p2a: Goofy|Mimikyu-Busted, F
|-damage|p2a: Goofy|88/100|[from] pokemon: Mimikyu-Busted
|move|p2a: Goofy|Drain Punch|p1a: Kingambit
|-supereffective|p1a: Kingambit
|-damage|p1a: Kingambit|0 fnt
|-heal|p2a: Goofy|100/100|[from] drain|[of] p1a: Kingambit
|faint|p1a: Kingambit
|-end|p1a: Kingambit|fallen5|[silent]
|-damage|p2a: Goofy|91/100|[from] item: Life Orb
|
|win|Scuhbee-Fluff
|raw|AnatiosTheHungry's rating: 1151 &rarr; <strong>1124</strong><br />(-27 for losing)
|raw|Scuhbee-Fluff's rating: 1124 &rarr; <strong>1151</strong><br />(+27 for winning)
|l|☆AnatiosTheHungry
|player|p1|
|l|☆Scuhbee-Fluff
|player|p2|
