|j|☆Swampertfan_020
|j|☆blakec1
|inactive|Battle timer is ON: inactive players will automatically lose when time's up.
|t:|1759003615
|gametype|singles
|player|p1|Swampertfan_020|skyla|
|player|p2|blakec1|102|
|gen|9
|tier|[Gen 9] OU
|rated|Tournament battle
|rule|HP Percentage Mod: HP is shown in percentages
|rule|Endless Battle Clause: Forcing endless battles is banned
|rule|Species Clause: Limit one of each Pokémon
|rule|OHKO Clause: OHKO moves are banned
|rule|Evasion Items Clause: Evasion items are banned
|rule|Evasion Moves Clause: Evasion moves are banned
|rule|Evasion Abilities Clause: Evasion abilities are banned
|rule|Sleep Moves Clause: Sleep-inducing moves are banned
|raw|<div class="infobox"><details class="readmore" open><summary><strong>3 custom rules:</strong></summary> -blissey, -wailord, -wobbuffet</details></div>
|clearpoke
|poke|p1|Clefable, M|
|poke|p1|Okidogi, M|
|poke|p1|Samurott, F|
|poke|p1|Mienshao, F|
|poke|p1|Great Tusk|
|poke|p1|Magnezone|
|poke|p2|Clefable, F|
|poke|p2|Okidogi, M|
|poke|p2|Samurott, M|
|poke|p2|Mienshao, F|
|poke|p2|Great Tusk|
|poke|p2|Magnezone|
|teampreview
|j|*Lady Monita ☀
|c|☆blakec1|glhf
|
|t:|1759003620
|teamsize|p1|6
|teamsize|p2|6
|start
|switch|p1a: Mienshao|Mienshao, F|100/100
|switch|p2a: Mienshao|Mienshao, F|100/100
|turn|1
|c|☆Swampertfan_020|glhf
|
|t:|1759003627
|move|p2a: Mienshao|Fake Out|p1a: Mienshao
|-damage|p1a: Mienshao|61/100
|-damage|p2a: Mienshao|91/100|[from] item: Life Orb
|cant|p1a: Mienshao|flinch
|
|upkeep
|turn|2
|
|t:|1759003640
|switch|p1a: Okidogi|Okidogi, M|100/100
|move|p2a: Mienshao|U-turn|p1a: Okidogi
|-resisted|p1a: Okidogi
|-damage|p1a: Okidogi|95/100
|-damage|p2a: Mienshao|81/100|[from] item: Life Orb
|
|t:|1759003648
|switch|p2a: Okidogi|Okidogi, M|100/100|[from] U-turn
|
|-heal|p1a: Okidogi|100/100|[from] item: Leftovers
|upkeep
|turn|3
|
|t:|1759003651
|move|p1a: Okidogi|Knock Off|p2a: Okidogi
|-resisted|p2a: Okidogi
|-damage|p2a: Okidogi|85/100
|-enditem|p2a: Okidogi|Choice Band|[from] move: Knock Off|[of] p1a: Okidogi
|move|p2a: Okidogi|Psychic Fangs|p1a: Okidogi
|-supereffective|p1a: Okidogi
|-crit|p1a: Okidogi
|-damage|p1a: Okidogi|0 fnt
|faint|p1a: Okidogi
|
|upkeep
|
|t:|1759003661
|switch|p1a: Great Tusk|Great Tusk|100/100
|turn|4
|j| buhbbi
|
|t:|1759003685
|-terastallize|p2a: Okidogi|Fighting
|move|p1a: Great Tusk|Headlong Rush|p2a: Okidogi
|-damage|p2a: Okidogi|37/100
|-unboost|p1a: Great Tusk|def|1
|-unboost|p1a: Great Tusk|spd|1
|move|p2a: Okidogi|Drain Punch|p1a: Great Tusk
|-damage|p1a: Great Tusk|33/100
|-heal|p2a: Okidogi|70/100|[from] drain|[of] p1a: Great Tusk
|-status|p1a: Great Tusk|tox|[from] ability: Toxic Chain|[of] p2a: Okidogi
|
|-damage|p1a: Great Tusk|26/100 tox|[from] psn
|upkeep
|turn|5
|
|t:|1759003690
|move|p1a: Great Tusk|Headlong Rush|p2a: Okidogi
|-damage|p2a: Okidogi|15/100
|-unboost|p1a: Great Tusk|def|1
|-unboost|p1a: Great Tusk|spd|1
|move|p2a: Okidogi|Drain Punch|p1a: Great Tusk
|-damage|p1a: Great Tusk|0 fnt
|-heal|p2a: Okidogi|28/100|[from] drain|[of] p1a: Great Tusk
|faint|p1a: Great Tusk
|-end|p1a: Great Tusk|Protosynthesis|[silent]
|
|upkeep
|
|t:|1759003711
|switch|p1a: Mienshao|Mienshao, F|94/100
|turn|6
|
|t:|1759003714
|move|p1a: Mienshao|Fake Out|p2a: Okidogi
|-damage|p2a: Okidogi|17/100
|cant|p2a: Okidogi|flinch
|
|upkeep
|turn|7
|
|t:|1759003718
|move|p1a: Mienshao|Close Combat|p2a: Okidogi
|-damage|p2a: Okidogi|0 fnt
|-unboost|p1a: Mienshao|def|1
|-unboost|p1a: Mienshao|spd|1
|faint|p2a: Okidogi
|
|upkeep
|
|t:|1759003721
|switch|p2a: Mienshao|Mienshao, F|100/100
|turn|8
|
|t:|1759003729
|switch|p1a: Clefable|Clefable, M|100/100
|move|p2a: Mienshao|U-turn|p1a: Clefable
|-resisted|p1a: Clefable
|-damage|p1a: Clefable|82/100
|-damage|p2a: Mienshao|91/100|[from] item: Life Orb
|
|t:|1759003735
|switch|p2a: Magnezone|Magnezone|100/100|[from] U-turn
|
|upkeep
|turn|9
|
|t:|1759003740
|move|p2a: Magnezone|Volt Switch|p1a: Clefable
|-damage|p1a: Clefable|24/100
|
|t:|1759003748
|switch|p2a: Mienshao|Mienshao, F|100/100|[from] Volt Switch
|move|p1a: Clefable|Fire Blast|p2a: Mienshao
|-damage|p2a: Mienshao|12/100
|
|upkeep
|turn|10
|
|t:|1759003752
|move|p2a: Mienshao|Fake Out|p1a: Clefable
|-damage|p1a: Clefable|5/100
|-damage|p2a: Mienshao|2/100|[from] item: Life Orb
|cant|p1a: Clefable|flinch
|
|upkeep
|turn|11
|
|t:|1759003755
|move|p2a: Mienshao|U-turn|p1a: Clefable
|-resisted|p1a: Clefable
|-damage|p1a: Clefable|0 fnt
|faint|p1a: Clefable
|-damage|p2a: Mienshao|0 fnt|[from] item: Life Orb
|faint|p2a: Mienshao
|
|upkeep
|
|t:|1759003760
|switch|p2a: Clefable|Clefable, F|100/100
|switch|p1a: Mienshao|Mienshao, F|100/100
|turn|12
|
|t:|1759003763
|move|p1a: Mienshao|Fake Out|p2a: Clefable
|-damage|p2a: Clefable|91/100
|cant|p2a: Clefable|flinch
|
|-heal|p2a: Clefable|97/100|[from] item: Leftovers
|upkeep
|turn|13
|
|t:|1759003766
|move|p1a: Mienshao|U-turn|p2a: Clefable
|-resisted|p2a: Clefable
|-damage|p2a: Clefable|87/100
|
|t:|1759003769
|switch|p1a: Magnezone|Magnezone|100/100|[from] U-turn
|move|p2a: Clefable|Thunder Wave|p1a: Magnezone
|-immune|p1a: Magnezone
|
|-heal|p2a: Clefable|93/100|[from] item: Leftovers
|upkeep
|turn|14
|
|t:|1759003773
|move|p1a: Magnezone|Flash Cannon|p2a: Clefable
|-supereffective|p2a: Clefable
|-damage|p2a: Clefable|2/100
|move|p2a: Clefable|Stealth Rock|p1a: Magnezone
|-sidestart|p1: Swampertfan_020|move: Stealth Rock
|
|-heal|p2a: Clefable|8/100|[from] item: Leftovers
|upkeep
|turn|15
|
|t:|1759003779
|move|p2a: Clefable|Moonblast|p1a: Magnezone
|-resisted|p1a: Magnezone
|-crit|p1a: Magnezone
|-damage|p1a: Magnezone|74/100
|move|p1a: Magnezone|Thunderbolt|p2a: Clefable
|-damage|p2a: Clefable|0 fnt
|faint|p2a: Clefable
|
|upkeep
|
|t:|1759003782
|switch|p2a: Great Tusk|Great Tusk|100/100
|-enditem|p2a: Great Tusk|Booster Energy
|-activate|p2a: Great Tusk|ability: Protosynthesis|[fromitem]
|-start|p2a: Great Tusk|protosynthesisspe
|turn|16
|
|t:|1759003788
|move|p2a: Great Tusk|Bulk Up|p2a: Great Tusk
|-boost|p2a: Great Tusk|atk|1
|-boost|p2a: Great Tusk|def|1
|move|p1a: Magnezone|Flash Cannon|p2a: Great Tusk
|-damage|p2a: Great Tusk|19/100
|-unboost|p2a: Great Tusk|spd|1
|
|upkeep
|turn|17
|
|t:|1759003793
|move|p2a: Great Tusk|Headlong Rush|p1a: Magnezone
|-supereffective|p1a: Magnezone
|-damage|p1a: Magnezone|0 fnt
|-unboost|p2a: Great Tusk|def|1
|-unboost|p2a: Great Tusk|spd|1
|faint|p1a: Magnezone
|
|upkeep
|
|t:|1759003801
|switch|p1a: Mienshao|Mienshao, F|100/100
|-damage|p1a: Mienshao|95/100|[from] Stealth Rock
|turn|18
|
|t:|1759003811
|move|p1a: Mienshao|Fake Out|p2a: Great Tusk
|-damage|p2a: Great Tusk|11/100
|cant|p2a: Great Tusk|flinch
|
|upkeep
|turn|19
|
|t:|1759003819
|switch|p1a: Samurott|Samurott, F|100/100
|-damage|p1a: Samurott|88/100|[from] Stealth Rock
|move|p2a: Great Tusk|Headlong Rush|p1a: Samurott
|-damage|p1a: Samurott|0 fnt
|-unboost|p2a: Great Tusk|def|1
|-unboost|p2a: Great Tusk|spd|1
|faint|p1a: Samurott
|
|upkeep
|
|t:|1759003824
|switch|p1a: Mienshao|Mienshao, F|100/100
|-damage|p1a: Mienshao|95/100|[from] Stealth Rock
|turn|20
|
|t:|1759003838
|move|p1a: Mienshao|Fake Out|p2a: Great Tusk
|-damage|p2a: Great Tusk|0 fnt
|faint|p2a: Great Tusk
|-end|p2a: Great Tusk|Protosynthesis|[silent]
|
|upkeep
|
|t:|1759003842
|switch|p2a: Magnezone|Magnezone|100/100
|turn|21
|
|t:|1759003851
|-terastallize|p1a: Mienshao|Grass
|move|p1a: Mienshao|Close Combat|p2a: Magnezone
|-supereffective|p2a: Magnezone
|-damage|p2a: Magnezone|0 fnt
|-unboost|p1a: Mienshao|def|1
|-unboost|p1a: Mienshao|spd|1
|faint|p2a: Magnezone
|
|upkeep
|
|t:|1759003871
|switch|p2a: Samurott|Samurott, M|100/100
|turn|22
|
|t:|1759003880
|move|p1a: Mienshao|Grass Knot|p2a: Samurott
|-supereffective|p2a: Samurott
|-damage|p2a: Samurott|62/100
|move|p2a: Samurott|Ice Beam|p1a: Mienshao
|-supereffective|p1a: Mienshao
|-damage|p1a: Mienshao|0 fnt
|faint|p1a: Mienshao
|
|win|blakec1
|n|☆Swampertfan_020|swampertfan020
|n|☆blakec1|blakec1
|n|*Lady Monita ☀|ladymonita
|n| buhbbi|buhbbi
