|j|☆Free6lackpanther
|j|☆ASHLEYXASH
|t:|1758984260
|gametype|singles
|player|p1|Free6lackpanther|2|1207
|player|p2|ASHLEYXASH|red|1252
|gen|9
|tier|[Gen 9] OU
|rated|
|rule|HP Percentage Mod: HP is shown in percentages
|rule|Endless Battle Clause: Forcing endless battles is banned
|rule|Species Clause: Limit one of each Pokémon
|rule|OHKO Clause: OHKO moves are banned
|rule|Evasion Items Clause: Evasion items are banned
|rule|Evasion Moves Clause: Evasion moves are banned
|rule|Evasion Abilities Clause: Evasion abilities are banned
|rule|Sleep Moves Clause: Sleep-inducing moves are banned
|clearpoke
|poke|p1|Exeggutor-Alola, F|
|poke|p1|Rotom-Wash|
|poke|p1|Scizor, M|
|poke|p1|Ninetales-Alola, F|
|poke|p1|Skeledirge, M|
|poke|p1|Zapdos|
|poke|p2|Garganacl, F|
|poke|p2|Darkrai|
|poke|p2|Corviknight, F|
|poke|p2|Great Tusk|
|poke|p2|Cinderace, M|
|poke|p2|Rillaboom, M|
|teampreview
|inactive|Battle timer is ON: inactive players will automatically lose when time's up. (requested by Free6lackpanther)
|inactive|ASHLEYXASH also wants the timer to be on.
|
|t:|1758984273
|teamsize|p1|6
|teamsize|p2|6
|start
|switch|p1a: Scizor|Scizor, M|100/100
|switch|p2a: Cinderace|Cinderace, M|100/100
|turn|1
|
|t:|1758984288
|switch|p1a: Rotom|Rotom-Wash|100/100
|move|p2a: Cinderace|Pyro Ball|p1a: Rotom
|-resisted|p1a: Rotom
|-damage|p1a: Rotom|59/100
|-damage|p2a: Cinderace|91/100|[from] item: Life Orb
|
|-heal|p1a: Rotom|66/100|[from] item: Leftovers
|upkeep
|turn|2
|
|t:|1758984299
|move|p2a: Cinderace|High Jump Kick|p1a: Rotom
|-start|p2a: Cinderace|typechange|Fighting|[from] ability: Libero
|-crit|p1a: Rotom
|-damage|p1a: Rotom|0 fnt
|faint|p1a: Rotom
|-damage|p2a: Cinderace|81/100|[from] item: Life Orb
|
|upkeep
|
|t:|1758984318
|switch|p1a: Zapdos|Zapdos|100/100
|turn|3
|
|t:|1758984326
|move|p2a: Cinderace|Pyro Ball|p1a: Zapdos
|-damage|p1a: Zapdos|49/100
|-damage|p2a: Cinderace|71/100|[from] item: Life Orb
|move|p1a: Zapdos|Hurricane|p2a: Cinderace
|-supereffective|p2a: Cinderace
|-damage|p2a: Cinderace|0 fnt
|faint|p2a: Cinderace
|
|-heal|p1a: Zapdos|55/100|[from] item: Leftovers
|upkeep
|
|t:|1758984341
|switch|p2a: Garganacl|Garganacl, F|100/100
|turn|4
|
|t:|1758984350
|move|p1a: Zapdos|Roost|p1a: Zapdos
|-heal|p1a: Zapdos|100/100
|-singleturn|p1a: Zapdos|move: Roost
|move|p2a: Garganacl|Salt Cure|p1a: Zapdos
|-damage|p1a: Zapdos|85/100
|-start|p1a: Zapdos|Salt Cure
|
|-heal|p1a: Zapdos|91/100|[from] item: Leftovers
|-damage|p1a: Zapdos|79/100|[from] Salt Cure
|upkeep
|turn|5
|
|t:|1758984363
|move|p1a: Zapdos|Volt Switch|p2a: Garganacl
|-damage|p2a: Garganacl|71/100
|
|t:|1758984374
|switch|p1a: Exeggutor|Exeggutor-Alola, F|100/100|[from] Volt Switch
|move|p2a: Garganacl|Salt Cure|p1a: Exeggutor
|-damage|p1a: Exeggutor|91/100
|-start|p1a: Exeggutor|Salt Cure
|
|-heal|p2a: Garganacl|77/100|[from] item: Leftovers
|-damage|p1a: Exeggutor|79/100|[from] Salt Cure
|upkeep
|turn|6
|
|t:|1758984392
|switch|p2a: Corviknight|Corviknight, F|100/100
|-ability|p2a: Corviknight|Pressure
|move|p1a: Exeggutor|Energy Ball|p2a: Corviknight
|-resisted|p2a: Corviknight
|-damage|p2a: Corviknight|92/100
|
|-damage|p1a: Exeggutor|66/100|[from] Salt Cure
|upkeep
|turn|7
|
|t:|1758984404
|move|p2a: Corviknight|Iron Defense|p2a: Corviknight
|-boost|p2a: Corviknight|def|2
|move|p1a: Exeggutor|Flamethrower|p2a: Corviknight
|-supereffective|p2a: Corviknight
|-damage|p2a: Corviknight|45/100
|
|-damage|p1a: Exeggutor|54/100|[from] Salt Cure
|upkeep
|turn|8
|
|t:|1758984414
|move|p2a: Corviknight|Body Press|p1a: Exeggutor
|-damage|p1a: Exeggutor|20/100
|-enditem|p1a: Exeggutor|Sitrus Berry|[eat]
|-heal|p1a: Exeggutor|45/100|[from] item: Sitrus Berry
|move|p1a: Exeggutor|Flamethrower|p2a: Corviknight
|-supereffective|p2a: Corviknight
|-damage|p2a: Corviknight|0 fnt
|faint|p2a: Corviknight
|
|-damage|p1a: Exeggutor|32/100|[from] Salt Cure
|-item|p1a: Exeggutor|Sitrus Berry|[from] ability: Harvest
|upkeep
|-enditem|p1a: Exeggutor|Sitrus Berry|[eat]
|-heal|p1a: Exeggutor|57/100|[from] item: Sitrus Berry
|
|t:|1758984419
|switch|p2a: Darkrai|Darkrai|100/100
|turn|9
|
|t:|1758984439
|switch|p1a: Scizor|Scizor, M|100/100
|-terastallize|p2a: Darkrai|Poison
|move|p2a: Darkrai|Nasty Plot|p2a: Darkrai
|-boost|p2a: Darkrai|spa|2
|
|upkeep
|turn|10
|
|t:|1758984448
|move|p1a: Scizor|Bullet Punch|p2a: Darkrai
|-damage|p2a: Darkrai|54/100
|move|p2a: Darkrai|Dark Pulse|p1a: Scizor
|-damage|p1a: Scizor|0 fnt
|faint|p1a: Scizor
|-damage|p2a: Darkrai|44/100|[from] item: Life Orb
|
|upkeep
|
|t:|1758984461
|switch|p1a: Ninetales|Ninetales-Alola, F|100/100
|-weather|Snowscape|[from] ability: Snow Warning|[of] p1a: Ninetales
|turn|11
|
|t:|1758984467
|move|p2a: Darkrai|Sludge Bomb|p1a: Ninetales
|-supereffective|p1a: Ninetales
|-damage|p1a: Ninetales|0 fnt
|faint|p1a: Ninetales
|-damage|p2a: Darkrai|34/100|[from] item: Life Orb
|
|-weather|Snowscape|[upkeep]
|upkeep
|
|t:|1758984474
|switch|p1a: Zapdos|Zapdos|79/100
|turn|12
|
|t:|1758984488
|move|p2a: Darkrai|Sludge Bomb|p1a: Zapdos
|-damage|p1a: Zapdos|0 fnt
|faint|p1a: Zapdos
|-damage|p2a: Darkrai|24/100|[from] item: Life Orb
|
|-weather|Snowscape|[upkeep]
|upkeep
|
|t:|1758984495
|switch|p1a: Skeledirge|Skeledirge, M|100/100
|turn|13
|
|t:|1758984499
|move|p2a: Darkrai|Dark Pulse|p1a: Skeledirge
|-supereffective|p1a: Skeledirge
|-damage|p1a: Skeledirge|0 fnt
|faint|p1a: Skeledirge
|-damage|p2a: Darkrai|14/100|[from] item: Life Orb
|
|-weather|Snowscape|[upkeep]
|upkeep
|-message|Free6lackpanther forfeited.
|
|win|ASHLEYXASH
|raw|Free6lackpanther's rating: 1207 &rarr; <strong>1185</strong><br />(-22 for losing)
|raw|ASHLEYXASH's rating: 1252 &rarr; <strong>1274</strong><br />(+22 for winning)
|l|☆Free6lackpanther
|player|p1|
|l|☆ASHLEYXASH
|player|p2|
