|j|☆chigiri22
|j|☆scar_bracho
|t:|1759029258
|gametype|singles
|player|p1|chigiri22|265|1239
|player|p2|scar_bracho|shadowtriad|1221
|gen|9
|tier|[Gen 9] OU
|rated|
|rule|HP Percentage Mod: HP is shown in percentages
|rule|Endless Battle Clause: Forcing endless battles is banned
|rule|Species Clause: Limit one of each Pokémon
|rule|OHKO Clause: OHKO moves are banned
|rule|Evasion Items Clause: Evasion items are banned
|rule|Evasion Moves Clause: Evasion moves are banned
|rule|Evasion Abilities Clause: Evasion abilities are banned
|rule|Sleep Moves Clause: Sleep-inducing moves are banned
|clearpoke
|poke|p1|Charizard, M|
|poke|p1|Torkoal, F|
|poke|p1|Walking Wake|
|poke|p1|Cinderace, F|
|poke|p1|Venusaur, F|
|poke|p1|Tauros-Paldea-Blaze, M|
|poke|p2|Porygon-Z|
|poke|p2|Conkeldurr, F|
|poke|p2|Forretress, M|
|poke|p2|Scizor, F|
|poke|p2|Sableye, F|
|poke|p2|Ambipom, M|
|teampreview
|inactive|Battle timer is ON: inactive players will automatically lose when time's up. (requested by scar_bracho)
|
|t:|1759029263
|teamsize|p1|6
|teamsize|p2|6
|start
|switch|p1a: Torkoal|Torkoal, F|100/100
|switch|p2a: Forretress|Forretress, M|100/100
|-weather|SunnyDay|[from] ability: Drought|[of] p1a: Torkoal
|turn|1
|
|t:|1759029267
|move|p2a: Forretress|Stealth Rock|p1a: Torkoal
|-sidestart|p1: chigiri22|move: Stealth Rock
|move|p1a: Torkoal|Weather Ball|p2a: Forretress
|-supereffective|p2a: Forretress
|-ability|p2a: Forretress|Sturdy
|-damage|p2a: Forretress|1/100
|-enditem|p2a: Forretress|Red Card|[of] p1a: Torkoal
|drag|p1a: Tauros|Tauros-Paldea-Blaze, M|100/100
|-damage|p1a: Tauros|88/100|[from] Stealth Rock
|-ability|p1a: Tauros|Intimidate|boost
|-unboost|p2a: Forretress|atk|1
|
|-weather|SunnyDay|[upkeep]
|upkeep
|turn|2
|
|t:|1759029274
|move|p1a: Tauros|Raging Bull|p2a: Forretress
|-supereffective|p2a: Forretress
|-damage|p2a: Forretress|0 fnt
|faint|p2a: Forretress
|
|-weather|SunnyDay|[upkeep]
|upkeep
|
|t:|1759029285
|switch|p2a: Ambipom|Ambipom, M|100/100
|turn|3
|
|t:|1759029300
|switch|p1a: Venusaur|Venusaur, F|100/100
|-damage|p1a: Venusaur|88/100|[from] Stealth Rock
|move|p2a: Ambipom|Fake Out|p1a: Venusaur
|-damage|p1a: Venusaur|46/100
|-enditem|p1a: Venusaur|Sitrus Berry|[eat]
|-heal|p1a: Venusaur|71/100|[from] item: Sitrus Berry
|
|-weather|SunnyDay|[upkeep]
|upkeep
|turn|4
|
|t:|1759029310
|switch|p2a: Sableye|Sableye, F|100/100
|move|p1a: Venusaur|Sludge Bomb|p2a: Sableye
|-resisted|p2a: Sableye
|-damage|p2a: Sableye|79/100
|
|-weather|SunnyDay|[upkeep]
|-heal|p2a: Sableye|85/100|[from] item: Leftovers
|upkeep
|turn|5
|
|t:|1759029318
|move|p2a: Sableye|Thunder Wave|p1a: Venusaur
|-status|p1a: Venusaur|par
|move|p1a: Venusaur|Growth|p1a: Venusaur
|-boost|p1a: Venusaur|atk|2
|-boost|p1a: Venusaur|spa|2
|
|-weather|SunnyDay|[upkeep]
|-heal|p2a: Sableye|92/100|[from] item: Leftovers
|upkeep
|turn|6
|
|t:|1759029323
|switch|p1a: Tauros|Tauros-Paldea-Blaze, M|88/100
|-damage|p1a: Tauros|76/100|[from] Stealth Rock
|-ability|p1a: Tauros|Intimidate|boost
|-unboost|p2a: Sableye|atk|1
|move|p2a: Sableye|Encore||[still]
|-fail|p2a: Sableye
|
|-weather|SunnyDay|[upkeep]
|-heal|p2a: Sableye|98/100|[from] item: Leftovers
|upkeep
|turn|7
|l|☆chigiri22
|inactive|chigiri22 disconnected and has a minute to reconnect!
|player|p1|
|inactive|scar_bracho has 120 seconds left.
|inactive|chigiri22 has 30 seconds to reconnect!
|inactive|chigiri22 has 20 seconds to reconnect!
|inactive|chigiri22 has 15 seconds to reconnect!
|inactive|chigiri22 has 10 seconds to reconnect!
|inactive|chigiri22 has 5 seconds to reconnect!
|j|☆chigiri22
|inactive|chigiri22 reconnected and has 80 seconds left.
|player|p1|chigiri22|265|
|
|t:|1759029402
|move|p2a: Sableye|Thunder Wave|p1a: Tauros
|-status|p1a: Tauros|par
|move|p1a: Tauros|Raging Bull|p2a: Sableye
|-damage|p2a: Sableye|0 fnt
|faint|p2a: Sableye
|
|-weather|SunnyDay|[upkeep]
|upkeep
|
|t:|1759029413
|switch|p2a: Conkeldurr|Conkeldurr, F|100/100
|turn|8
|
|t:|1759029417
|move|p1a: Tauros|Raging Bull|p2a: Conkeldurr
|-damage|p2a: Conkeldurr|37/100
|move|p2a: Conkeldurr|Bulk Up|p2a: Conkeldurr
|-boost|p2a: Conkeldurr|atk|1
|-boost|p2a: Conkeldurr|def|1
|
|-weather|none
|upkeep
|turn|9
|
|t:|1759029421
|move|p1a: Tauros|Raging Bull|p2a: Conkeldurr
|-damage|p2a: Conkeldurr|11/100
|move|p2a: Conkeldurr|Drain Punch|p1a: Tauros
|-damage|p1a: Tauros|0 fnt
|-heal|p2a: Conkeldurr|38/100|[from] drain|[of] p1a: Tauros
|faint|p1a: Tauros
|
|upkeep
|
|t:|1759029427
|switch|p1a: Cinderace|Cinderace, F|100/100
|-damage|p1a: Cinderace|76/100|[from] Stealth Rock
|turn|10
|
|t:|1759029430
|move|p1a: Cinderace|Zen Headbutt|p2a: Conkeldurr
|-start|p1a: Cinderace|typechange|Psychic|[from] ability: Libero
|-supereffective|p2a: Conkeldurr
|-damage|p2a: Conkeldurr|0 fnt
|faint|p2a: Conkeldurr
|
|upkeep
|
|t:|1759029434
|switch|p2a: Ambipom|Ambipom, M|100/100
|turn|11
|
|t:|1759029437
|switch|p1a: Torkoal|Torkoal, F|100/100
|-damage|p1a: Torkoal|76/100|[from] Stealth Rock
|-weather|SunnyDay|[from] ability: Drought|[of] p1a: Torkoal
|move|p2a: Ambipom|Fake Out|p1a: Torkoal
|-damage|p1a: Torkoal|49/100
|
|-weather|SunnyDay|[upkeep]
|upkeep
|turn|12
|
|t:|1759029450
|move|p2a: Ambipom|Double-Edge|p1a: Torkoal
|-damage|p1a: Torkoal|0 fnt
|faint|p1a: Torkoal
|-damage|p2a: Ambipom|85/100|[from] Recoil
|
|-weather|SunnyDay|[upkeep]
|upkeep
|
|t:|1759029454
|switch|p1a: Walking Wake|Walking Wake|100/100
|-damage|p1a: Walking Wake|88/100|[from] Stealth Rock
|-activate|p1a: Walking Wake|ability: Protosynthesis
|-start|p1a: Walking Wake|protosynthesisspa
|turn|13
|
|t:|1759029460
|move|p2a: Ambipom|U-turn|p1a: Walking Wake
|-damage|p1a: Walking Wake|65/100
|
|t:|1759029462
|switch|p2a: Porygon-Z|Porygon-Z|100/100|[from] U-turn
|move|p1a: Walking Wake|Hydro Steam|p2a: Porygon-Z
|-damage|p2a: Porygon-Z|0 fnt
|faint|p2a: Porygon-Z
|
|-weather|SunnyDay|[upkeep]
|upkeep
|
|t:|1759029472
|switch|p2a: Ambipom|Ambipom, M|85/100
|turn|14
|
|t:|1759029475
|move|p2a: Ambipom|Fake Out|p1a: Walking Wake
|-damage|p1a: Walking Wake|32/100
|cant|p1a: Walking Wake|flinch
|
|-weather|SunnyDay|[upkeep]
|upkeep
|turn|15
|
|t:|1759029478
|move|p2a: Ambipom|Triple Axel|p1a: Walking Wake
|-damage|p1a: Walking Wake|23/100
|-damage|p1a: Walking Wake|5/100
|-damage|p1a: Walking Wake|0 fnt
|faint|p1a: Walking Wake
|-end|p1a: Walking Wake|Protosynthesis|[silent]
|-hitcount|p1: Walking Wake|3
|
|-weather|SunnyDay|[upkeep]
|upkeep
|
|t:|1759029488
|switch|p1a: Cinderace|Cinderace, F|76/100
|-damage|p1a: Cinderace|51/100|[from] Stealth Rock
|turn|16
|
|t:|1759029502
|move|p2a: Ambipom|Double-Edge|p1a: Cinderace
|-damage|p1a: Cinderace|0 fnt
|faint|p1a: Cinderace
|-damage|p2a: Ambipom|68/100|[from] Recoil
|
|-weather|SunnyDay|[upkeep]
|upkeep
|
|t:|1759029505
|switch|p1a: Charizard|Charizard, M|100/100
|-damage|p1a: Charizard|50/100|[from] Stealth Rock
|turn|17
|
|t:|1759029508
|move|p2a: Ambipom|Double-Edge|p1a: Charizard
|-damage|p1a: Charizard|0 fnt
|faint|p1a: Charizard
|-damage|p2a: Ambipom|51/100|[from] Recoil
|
|-weather|SunnyDay|[upkeep]
|upkeep
|
|t:|1759029510
|switch|p1a: Venusaur|Venusaur, F|71/100 par
|-damage|p1a: Venusaur|59/100 par|[from] Stealth Rock
|turn|18
|
|t:|1759029513
|move|p2a: Ambipom|Triple Axel|p1a: Venusaur
|-supereffective|p1a: Venusaur
|-damage|p1a: Venusaur|36/100 par
|-supereffective|p1a: Venusaur
|-damage|p1a: Venusaur|0 fnt
|faint|p1a: Venusaur
|-hitcount|p1: Venusaur|2
|
|win|scar_bracho
|raw|chigiri22's rating: 1239 &rarr; <strong>1213</strong><br />(-26 for losing)
|raw|scar_bracho's rating: 1221 &rarr; <strong>1247</strong><br />(+26 for winning)
|l|☆chigiri22
|player|p1|
|l|☆scar_bracho
|player|p2|
