|j|☆lueyougonde
|j|☆JBLspeakerfetty
|t:|1758956803
|gametype|singles
|player|p1|lueyougonde|lucas|1317
|player|p2|JBLspeakerfetty|red|1413
|gen|9
|tier|[Gen 9] OU
|rated|
|rule|HP Percentage Mod: HP is shown in percentages
|rule|Endless Battle Clause: Forcing endless battles is banned
|rule|Species Clause: Limit one of each Pokémon
|rule|OHKO Clause: OHKO moves are banned
|rule|Evasion Items Clause: Evasion items are banned
|rule|Evasion Moves Clause: Evasion moves are banned
|rule|Evasion Abilities Clause: Evasion abilities are banned
|rule|Sleep Moves Clause: Sleep-inducing moves are banned
|clearpoke
|poke|p1|Charizard, M|
|poke|p1|Torkoal, F|
|poke|p1|Hatterene, F|
|poke|p1|Great Tusk|
|poke|p1|Lilligant-Hisui, F|
|poke|p1|Walking Wake|
|poke|p2|Quaquaval, F|
|poke|p2|Iron Moth|
|poke|p2|Ting-Lu|
|poke|p2|Iron Leaves|
|poke|p2|Thundurus, M|
|poke|p2|Iron Valiant|
|teampreview
|inactive|Battle timer is ON: inactive players will automatically lose when time's up. (requested by lueyougonde)
|
|t:|1758956811
|teamsize|p1|6
|teamsize|p2|6
|start
|switch|p1a: 河内恭介|Torkoal, F|100/100
|switch|p2a: Thundurus|Thundurus, M|100/100
|-weather|SunnyDay|[from] ability: Drought|[of] p1a: 河内恭介
|turn|1
|
|t:|1758956818
|move|p2a: Thundurus|Thunderbolt|p1a: 河内恭介
|-damage|p1a: 河内恭介|39/100
|move|p1a: 河内恭介|Stealth Rock|p2a: Thundurus
|-sidestart|p2: JBLspeakerfetty|move: Stealth Rock
|
|-weather|SunnyDay|[upkeep]
|upkeep
|turn|2
|
|t:|1758956826
|switch|p1a: 松代健|Great Tusk|100/100
|-activate|p1a: 松代健|ability: Protosynthesis
|-start|p1a: 松代健|protosynthesisatk
|move|p2a: Thundurus|Electric Terrain|p2a: Thundurus
|-fieldstart|move: Electric Terrain
|
|-weather|SunnyDay|[upkeep]
|upkeep
|turn|3
|
|t:|1758956834
|move|p2a: Thundurus|Grass Knot|p1a: 松代健
|-supereffective|p1a: 松代健
|-damage|p1a: 松代健|0 fnt
|faint|p1a: 松代健
|-end|p1a: 松代健|Protosynthesis|[silent]
|
|-weather|SunnyDay|[upkeep]
|upkeep
|
|t:|1758956844
|switch|p1a: 冠茂|Walking Wake|100/100
|-activate|p1a: 冠茂|ability: Protosynthesis
|-start|p1a: 冠茂|protosynthesisspe
|turn|4
|
|t:|1758956870
|switch|p2a: Iron Leaves|Iron Leaves|100/100
|-damage|p2a: Iron Leaves|88/100|[from] Stealth Rock
|-activate|p2a: Iron Leaves|ability: Quark Drive
|-start|p2a: Iron Leaves|quarkdriveatk
|move|p1a: 冠茂|Hydro Steam|p2a: Iron Leaves
|-resisted|p2a: Iron Leaves
|-damage|p2a: Iron Leaves|43/100
|
|-weather|SunnyDay|[upkeep]
|upkeep
|turn|5
|
|t:|1758956879
|move|p1a: 冠茂|Hydro Steam|p2a: Iron Leaves
|-resisted|p2a: Iron Leaves
|-damage|p2a: Iron Leaves|1/100
|move|p2a: Iron Leaves|Psyblade|p1a: 冠茂
|-damage|p1a: 冠茂|19/100
|
|-weather|SunnyDay|[upkeep]
|upkeep
|turn|6
|
|t:|1758956889
|move|p1a: 冠茂|Hydro Steam|p2a: Iron Leaves
|-resisted|p2a: Iron Leaves
|-damage|p2a: Iron Leaves|0 fnt
|faint|p2a: Iron Leaves
|-end|p2a: Iron Leaves|Quark Drive|[silent]
|
|-weather|SunnyDay|[upkeep]
|upkeep
|
|t:|1758956902
|switch|p2a: Quaquaval|Quaquaval, F|100/100
|turn|7
|
|t:|1758956910
|-end|p1a: 冠茂|Protosynthesis|[silent]
|switch|p1a: 梓川月乃|Hatterene, F|100/100
|move|p2a: Quaquaval|Rapid Spin|p1a: 梓川月乃
|-damage|p1a: 梓川月乃|87/100
|-boost|p2a: Quaquaval|spe|1
|-sideend|p2: JBLspeakerfetty|Stealth Rock|[from] move: Rapid Spin|[of] p2a: Quaquaval
|-enditem|p1a: 梓川月乃|Eject Button
|
|t:|1758956918
|switch|p1a: 诹访原戒|Lilligant-Hisui, F|100/100
|
|-weather|SunnyDay|[upkeep]
|upkeep
|turn|8
|
|t:|1758956927
|move|p1a: 诹访原戒|Solar Blade||[still]
|-prepare|p1a: 诹访原戒|Solar Blade
|-anim|p1a: 诹访原戒|Solar Blade|p2a: Quaquaval
|-supereffective|p2a: Quaquaval
|-damage|p2a: Quaquaval|0 fnt
|faint|p2a: Quaquaval
|-damage|p1a: 诹访原戒|91/100|[from] item: Life Orb
|
|-weather|none
|upkeep
|
|t:|1758956954
|switch|p2a: Iron Moth|Iron Moth|100/100
|-activate|p2a: Iron Moth|ability: Quark Drive
|-start|p2a: Iron Moth|quarkdrivespa
|turn|9
|
|t:|1758956962
|switch|p1a: 河内恭介|Torkoal, F|39/100
|-weather|SunnyDay|[from] ability: Drought|[of] p1a: 河内恭介
|move|p2a: Iron Moth|Sludge Wave|p1a: 河内恭介
|-damage|p1a: 河内恭介|0 fnt
|faint|p1a: 河内恭介
|
|-weather|SunnyDay|[upkeep]
|-fieldend|move: Electric Terrain
|-end|p2a: Iron Moth|Quark Drive
|upkeep
|
|t:|1758956971
|switch|p1a: 冠茂|Walking Wake|19/100
|-activate|p1a: 冠茂|ability: Protosynthesis
|-start|p1a: 冠茂|protosynthesisspe
|turn|10
|inactive|JBLspeakerfetty has 120 seconds left.
|
|t:|1758957001
|-end|p2a: Iron Moth|Quark Drive|[silent]
|switch|p2a: Ting-Lu|Ting-Lu|100/100
|-ability|p2a: Ting-Lu|Vessel of Ruin
|move|p1a: 冠茂|Hydro Steam|p2a: Ting-Lu
|-supereffective|p2a: Ting-Lu
|-damage|p2a: Ting-Lu|28/100
|
|-weather|SunnyDay|[upkeep]
|-heal|p2a: Ting-Lu|34/100|[from] item: Leftovers
|upkeep
|turn|11
|
|t:|1758957009
|move|p1a: 冠茂|Hydro Steam|p2a: Ting-Lu
|-supereffective|p2a: Ting-Lu
|-damage|p2a: Ting-Lu|0 fnt
|faint|p2a: Ting-Lu
|
|-weather|SunnyDay|[upkeep]
|upkeep
|
|t:|1758957017
|switch|p2a: Iron Moth|Iron Moth|100/100
|turn|12
|inactive|JBLspeakerfetty has 120 seconds left.
|
|t:|1758957032
|-terastallize|p2a: Iron Moth|Grass
|move|p2a: Iron Moth|Sludge Wave|p1a: 冠茂
|-damage|p1a: 冠茂|0 fnt
|faint|p1a: 冠茂
|-end|p1a: 冠茂|Protosynthesis|[silent]
|
|-weather|SunnyDay|[upkeep]
|upkeep
|
|t:|1758957043
|switch|p1a: 诹访原戒|Lilligant-Hisui, F|91/100
|turn|13
|
|t:|1758957049
|-terastallize|p1a: 诹访原戒|Fire
|move|p1a: 诹访原戒|Tera Blast|p2a: Iron Moth|[anim] Tera Blast Fire
|-supereffective|p2a: Iron Moth
|-damage|p2a: Iron Moth|0 fnt
|faint|p2a: Iron Moth
|-end|p2a: Iron Moth|Quark Drive|[silent]
|-damage|p1a: 诹访原戒|81/100|[from] item: Life Orb
|
|-weather|SunnyDay|[upkeep]
|upkeep
|
|t:|1758957065
|switch|p2a: Iron Valiant|Iron Valiant|100/100
|-enditem|p2a: Iron Valiant|Booster Energy
|-activate|p2a: Iron Valiant|ability: Quark Drive|[fromitem]
|-start|p2a: Iron Valiant|quarkdrivespe
|turn|14
|
|t:|1758957075
|move|p1a: 诹访原戒|Tera Blast|p2a: Iron Valiant|[anim] Tera Blast Fire
|-damage|p2a: Iron Valiant|0 fnt
|faint|p2a: Iron Valiant
|-end|p2a: Iron Valiant|Quark Drive|[silent]
|-damage|p1a: 诹访原戒|71/100|[from] item: Life Orb
|
|-weather|SunnyDay|[upkeep]
|upkeep
|
|t:|1758957077
|switch|p2a: Thundurus|Thundurus, M|100/100
|turn|15
|
|t:|1758957086
|move|p1a: 诹访原戒|Tera Blast|p2a: Thundurus|[anim] Tera Blast Fire
|-damage|p2a: Thundurus|0 fnt
|faint|p2a: Thundurus
|-damage|p1a: 诹访原戒|62/100|[from] item: Life Orb
|
|win|lueyougonde
|raw|lueyougonde's rating: 1317 &rarr; <strong>1342</strong><br />(+25 for winning)
|raw|JBLspeakerfetty's rating: 1413 &rarr; <strong>1388</strong><br />(-25 for losing)
|l|☆lueyougonde
|player|p1|
