|j|‽Tsaun
|j|☆lzweax
|t:|1758976314
|gametype|singles
|player|p1|Tsaun|101|1335
|player|p2|lzweax|170|1285
|gen|9
|tier|[Gen 9] OU
|rated|
|rule|HP Percentage Mod: HP is shown in percentages
|rule|Endless Battle Clause: Forcing endless battles is banned
|rule|Species Clause: Limit one of each Pokémon
|rule|OHKO Clause: OHKO moves are banned
|rule|Evasion Items Clause: Evasion items are banned
|rule|Evasion Moves Clause: Evasion moves are banned
|rule|Evasion Abilities Clause: Evasion abilities are banned
|rule|Sleep Moves Clause: Sleep-inducing moves are banned
|clearpoke
|poke|p1|Ceruledge, M|
|poke|p1|Iron Crown|
|poke|p1|Slowking-Galar, F|
|poke|p1|Great Tusk|
|poke|p1|Dragapult, M|
|poke|p1|Cloyster, M|
|poke|p2|Volcanion|
|poke|p2|Trevenant, F|
|poke|p2|Noivern, M|
|poke|p2|Iron Valiant|
|poke|p2|Garchomp, F|
|poke|p2|Excadrill, M|
|teampreview
|inactive|Battle timer is ON: inactive players will automatically lose when time's up. (requested by lzweax)
|
|t:|1758976320
|teamsize|p1|6
|teamsize|p2|6
|start
|switch|p1a: Dragapult|Dragapult, M|100/100
|switch|p2a: Garchomp|Garchomp, F|100/100
|turn|1
|
|t:|1758976332
|move|p1a: Dragapult|U-turn|p2a: Garchomp
|-damage|p2a: Garchomp|80/100
|-damage|p1a: Dragapult|88/100|[from] ability: Rough Skin|[of] p2a: Garchomp
|-damage|p1a: Dragapult|72/100|[from] item: Rocky Helmet|[of] p2a: Garchomp
|
|t:|1758976335
|switch|p1a: Great Tusk|Great Tusk|100/100|[from] U-turn
|move|p2a: Garchomp|Dragon Tail|p1a: Great Tusk
|-crit|p1a: Great Tusk
|-damage|p1a: Great Tusk|81/100
|-damage|p2a: Garchomp|64/100|[from] item: Rocky Helmet|[of] p1a: Great Tusk
|-end|p1a: Great Tusk|Protosynthesis|[silent]
|drag|p1a: Iron Crown|Iron Crown|100/100
|-enditem|p1a: Iron Crown|Booster Energy
|-activate|p1a: Iron Crown|ability: Quark Drive|[fromitem]
|-start|p1a: Iron Crown|quarkdrivespe
|
|upkeep
|turn|2
|
|t:|1758976346
|move|p1a: Iron Crown|Tachyon Cutter|p2a: Garchomp
|-damage|p2a: Garchomp|42/100
|-damage|p2a: Garchomp|20/100
|-hitcount|p2a: Garchomp|2
|move|p2a: Garchomp|Stealth Rock|p1a: Iron Crown
|-sidestart|p1: Tsaun|move: Stealth Rock
|
|upkeep
|turn|3
|
|t:|1758976355
|switch|p2a: Excadrill|Excadrill, M|100/100
|-ability|p2a: Excadrill|Mold Breaker
|move|p1a: Iron Crown|Tachyon Cutter|p2a: Excadrill
|-resisted|p2a: Excadrill
|-damage|p2a: Excadrill|86/100
|-resisted|p2a: Excadrill
|-damage|p2a: Excadrill|70/100
|-hitcount|p2a: Excadrill|2
|
|upkeep
|turn|4
|
|t:|1758976371
|switch|p2a: Trevenant|Trevenant, F, shiny|100/100
|-terastallize|p1a: Iron Crown|Fighting
|move|p1a: Iron Crown|Tera Blast|p2a: Trevenant|[anim] Tera Blast Fighting
|-immune|p2a: Trevenant
|
|upkeep
|turn|5
|
|t:|1758976379
|move|p1a: Iron Crown|Calm Mind|p1a: Iron Crown
|-boost|p1a: Iron Crown|spa|1
|-boost|p1a: Iron Crown|spd|1
|move|p2a: Trevenant|Leech Seed|p1a: Iron Crown
|-start|p1a: Iron Crown|move: Leech Seed
|
|-damage|p1a: Iron Crown|88/100|[from] Leech Seed|[of] p2a: Trevenant
|upkeep
|turn|6
|
|t:|1758976386
|move|p1a: Iron Crown|Calm Mind|p1a: Iron Crown
|-boost|p1a: Iron Crown|spa|1
|-boost|p1a: Iron Crown|spd|1
|move|p2a: Trevenant|Poltergeist||[still]
|-fail|p2a: Trevenant
|
|-damage|p1a: Iron Crown|76/100|[from] Leech Seed|[of] p2a: Trevenant
|upkeep
|turn|7
|
|t:|1758976393
|move|p1a: Iron Crown|Stored Power|p2a: Trevenant
|-damage|p2a: Trevenant|28/100
|-enditem|p2a: Trevenant|Sitrus Berry|[eat]
|-heal|p2a: Trevenant|53/100|[from] item: Sitrus Berry
|move|p2a: Trevenant|Horn Leech|p1a: Iron Crown
|-damage|p1a: Iron Crown|46/100
|-heal|p2a: Trevenant|66/100|[from] drain|[of] p1a: Iron Crown
|
|-damage|p1a: Iron Crown|33/100|[from] Leech Seed|[of] p2a: Trevenant
|-heal|p2a: Trevenant|78/100|[silent]
|upkeep
|turn|8
|
|t:|1758976404
|move|p2a: Trevenant|Protect|p2a: Trevenant
|-singleturn|p2a: Trevenant|Protect
|move|p1a: Iron Crown|Stored Power|p2a: Trevenant
|-activate|p2a: Trevenant|move: Protect
|
|-damage|p1a: Iron Crown|21/100|[from] Leech Seed|[of] p2a: Trevenant
|-heal|p2a: Trevenant|89/100|[silent]
|-item|p2a: Trevenant|Sitrus Berry|[from] ability: Harvest
|upkeep
|turn|9
|
|t:|1758976413
|move|p1a: Iron Crown|Stored Power|p2a: Trevenant
|-damage|p2a: Trevenant|15/100
|-enditem|p2a: Trevenant|Sitrus Berry|[eat]
|-heal|p2a: Trevenant|40/100|[from] item: Sitrus Berry
|move|p2a: Trevenant|Horn Leech|p1a: Iron Crown
|-damage|p1a: Iron Crown|0 fnt
|-heal|p2a: Trevenant|49/100|[from] drain|[of] p1a: Iron Crown
|faint|p1a: Iron Crown
|-end|p1a: Iron Crown|Quark Drive|[silent]
|
|upkeep
|
|t:|1758976417
|switch|p1a: Dragapult|Dragapult, M|72/100
|-damage|p1a: Dragapult|59/100|[from] Stealth Rock
|turn|10
|
|t:|1758976425
|move|p2a: Trevenant|Protect|p2a: Trevenant
|-singleturn|p2a: Trevenant|Protect
|move|p1a: Dragapult|U-turn|p2a: Trevenant
|-activate|p2a: Trevenant|move: Protect
|
|-item|p2a: Trevenant|Sitrus Berry|[from] ability: Harvest
|upkeep
|-enditem|p2a: Trevenant|Sitrus Berry|[eat]
|-heal|p2a: Trevenant|74/100|[from] item: Sitrus Berry
|turn|11
|
|t:|1758976442
|move|p1a: Dragapult|U-turn|p2a: Trevenant
|-damage|p2a: Trevenant|32/100
|
|t:|1758976447
|switch|p1a: Cloyster|Cloyster, M|100/100|[from] U-turn
|-damage|p1a: Cloyster|76/100|[from] Stealth Rock
|move|p2a: Trevenant|Leech Seed|p1a: Cloyster
|-start|p1a: Cloyster|move: Leech Seed
|
|-damage|p1a: Cloyster|63/100|[from] Leech Seed|[of] p2a: Trevenant
|-heal|p2a: Trevenant|40/100|[silent]
|upkeep
|turn|12
|
|t:|1758976455
|move|p1a: Cloyster|Shell Smash|p1a: Cloyster
|-unboost|p1a: Cloyster|def|1
|-unboost|p1a: Cloyster|spd|1
|-boost|p1a: Cloyster|atk|2
|-boost|p1a: Cloyster|spa|2
|-boost|p1a: Cloyster|spe|2
|-enditem|p1a: Cloyster|White Herb
|-clearnegativeboost|p1a: Cloyster|[silent]
|move|p2a: Trevenant|Horn Leech|p1a: Cloyster
|-supereffective|p1a: Cloyster
|-damage|p1a: Cloyster|19/100
|-heal|p2a: Trevenant|55/100|[from] drain|[of] p1a: Cloyster
|
|-damage|p1a: Cloyster|6/100|[from] Leech Seed|[of] p2a: Trevenant
|-heal|p2a: Trevenant|63/100|[silent]
|upkeep
|turn|13
|
|t:|1758976468
|move|p2a: Trevenant|Protect|p2a: Trevenant
|-singleturn|p2a: Trevenant|Protect
|move|p1a: Cloyster|Icicle Spear|p2a: Trevenant
|-activate|p2a: Trevenant|move: Protect
|
|-damage|p1a: Cloyster|0 fnt|[from] Leech Seed|[of] p2a: Trevenant
|-heal|p2a: Trevenant|66/100|[silent]
|faint|p1a: Cloyster
|upkeep
|
|t:|1758976472
|switch|p1a: Ceruledge|Ceruledge, M|100/100
|-damage|p1a: Ceruledge|75/100|[from] Stealth Rock
|turn|14
|
|t:|1758976483
|switch|p2a: Garchomp|Garchomp, F|20/100
|move|p1a: Ceruledge|Bitter Blade|p2a: Garchomp
|-resisted|p2a: Garchomp
|-damage|p2a: Garchomp|5/100
|-heal|p1a: Ceruledge|86/100|[from] drain|[of] p2a: Garchomp
|-damage|p1a: Ceruledge|74/100|[from] ability: Rough Skin|[of] p2a: Garchomp
|-damage|p1a: Ceruledge|58/100|[from] item: Rocky Helmet|[of] p2a: Garchomp
|
|upkeep
|turn|15
|
|t:|1758976493
|move|p1a: Ceruledge|Shadow Sneak|p2a: Garchomp
|-damage|p2a: Garchomp|0 fnt
|-damage|p1a: Ceruledge|45/100|[from] ability: Rough Skin|[of] p2a: Garchomp
|-damage|p1a: Ceruledge|29/100|[from] item: Rocky Helmet|[of] p2a: Garchomp
|faint|p2a: Garchomp
|
|upkeep
|
|t:|1758976501
|switch|p2a: Noivern|Noivern, M, shiny|100/100
|turn|16
|
|t:|1758976511
|move|p2a: Noivern|Air Slash|p1a: Ceruledge
|-damage|p1a: Ceruledge|0 fnt
|faint|p1a: Ceruledge
|
|upkeep
|
|t:|1758976514
|switch|p1a: Dragapult|Dragapult, M|59/100
|-damage|p1a: Dragapult|47/100|[from] Stealth Rock
|turn|17
|
|t:|1758976523
|switch|p2a: Iron Valiant|Iron Valiant|100/100
|-enditem|p2a: Iron Valiant|Booster Energy
|-activate|p2a: Iron Valiant|ability: Quark Drive|[fromitem]
|-start|p2a: Iron Valiant|quarkdrivespe
|move|p1a: Dragapult|Dragon Darts|p2a: Iron Valiant
|-immune|p2a: Iron Valiant
|
|upkeep
|turn|18
|-message|Tsaun forfeited.
|
|win|lzweax
|raw|Tsaun's rating: 1335 &rarr; <strong>1312</strong><br />(-23 for losing)
|raw|lzweax's rating: 1285 &rarr; <strong>1314</strong><br />(+29 for winning)
|l|‽Tsaun
|player|p1|
|l|☆lzweax
|player|p2|
