|j|☆fulkttd
|j|☆Senatorlokix
|t:|1758993595
|gametype|singles
|player|p1|fulkttd|zinzolin|1358
|player|p2|Senatorlokix|2|1418
|gen|9
|tier|[Gen 9] OU
|rated|
|rule|HP Percentage Mod: HP is shown in percentages
|rule|Endless Battle Clause: Forcing endless battles is banned
|rule|Species Clause: Limit one of each Pokémon
|rule|OHKO Clause: OHKO moves are banned
|rule|Evasion Items Clause: Evasion items are banned
|rule|Evasion Moves Clause: Evasion moves are banned
|rule|Evasion Abilities Clause: Evasion abilities are banned
|rule|Sleep Moves Clause: Sleep-inducing moves are banned
|clearpoke
|poke|p1|Weavile, M|
|poke|p1|Great Tusk|
|poke|p1|Hatterene, F|
|poke|p1|Slowking-Galar, M|
|poke|p1|Gholdengo|
|poke|p1|Ogerpon-Wellspring, F|
|poke|p2|Torkoal, F|
|poke|p2|Heatran, M|
|poke|p2|Kyurem|
|poke|p2|Hatterene, F|
|poke|p2|Great Tusk|
|poke|p2|Alomomola, F|
|teampreview
|inactive|Battle timer is ON: inactive players will automatically lose when time's up. (requested by fulkttd)
|inactive|fulkttd has 120 seconds left.
|inactive|Senatorlokix has 120 seconds left.
|
|t:|1758993633
|teamsize|p1|6
|teamsize|p2|6
|start
|switch|p1a: Great Tusk|Great Tusk|100/100
|switch|p2a: Torkoal|Torkoal, F|100/100
|-weather|SunnyDay|[from] ability: Drought|[of] p2a: Torkoal
|-activate|p1a: Great Tusk|ability: Protosynthesis
|-start|p1a: Great Tusk|protosynthesisatk
|turn|1
|
|t:|1758993645
|-end|p1a: Great Tusk|Protosynthesis|[silent]
|switch|p1a: Slowking|Slowking-Galar, M|100/100
|move|p2a: Torkoal|Lava Plume|p1a: Slowking
|-damage|p1a: Slowking|83/100
|
|-weather|SunnyDay|[upkeep]
|upkeep
|turn|2
|
|t:|1758993650
|move|p1a: Slowking|Future Sight|p2a: Torkoal
|-start|p1a: Slowking|move: Future Sight
|move|p2a: Torkoal|Stealth Rock|p1a: Slowking
|-sidestart|p1: fulkttd|move: Stealth Rock
|
|-weather|SunnyDay|[upkeep]
|upkeep
|turn|3
|
|t:|1758993659
|switch|p2a: Alomomola|Alomomola, F|100/100
|move|p1a: Slowking|Sludge Wave|p2a: Alomomola
|-damage|p2a: Alomomola|72/100
|
|-weather|SunnyDay|[upkeep]
|upkeep
|turn|4
|
|t:|1758993665
|switch|p1a: Ogerpon|Ogerpon-Wellspring, F|100/100
|-damage|p1a: Ogerpon|88/100|[from] Stealth Rock
|move|p2a: Alomomola|Body Slam|p1a: Ogerpon
|-damage|p1a: Ogerpon|66/100
|-status|p1a: Ogerpon|par
|
|-weather|SunnyDay|[upkeep]
|-end|p2a: Alomomola|move: Future Sight
|-damage|p2a: Alomomola|36/100
|upkeep
|turn|5
|
|t:|1758993686
|switch|p2a: Torkoal|Torkoal, F|100/100
|move|p1a: Ogerpon|Horn Leech|p2a: Torkoal
|-resisted|p2a: Torkoal
|-damage|p2a: Torkoal|84/100
|-heal|p1a: Ogerpon|76/100 par|[from] drain|[of] p2a: Torkoal
|
|-weather|SunnyDay|[upkeep]
|upkeep
|turn|6
|
|t:|1758993692
|move|p1a: Ogerpon|Ivy Cudgel|p2a: Torkoal|[anim] Ivy Cudgel Water
|-supereffective|p2a: Torkoal
|-crit|p2a: Torkoal
|-damage|p2a: Torkoal|14/100
|move|p2a: Torkoal|Lava Plume|p1a: Ogerpon
|-damage|p1a: Ogerpon|36/100 par
|
|-weather|SunnyDay|[upkeep]
|upkeep
|turn|7
|inactive|Senatorlokix has 120 seconds left.
|
|t:|1758993733
|cant|p1a: Ogerpon|par
|move|p2a: Torkoal|Lava Plume|p1a: Ogerpon
|-crit|p1a: Ogerpon
|-damage|p1a: Ogerpon|0 fnt
|faint|p1a: Ogerpon
|
|-weather|SunnyDay|[upkeep]
|upkeep
|
|t:|1758993759
|switch|p1a: Great Tusk|Great Tusk|100/100
|-activate|p1a: Great Tusk|ability: Protosynthesis
|-start|p1a: Great Tusk|protosynthesisatk
|turn|8
|
|t:|1758993785
|move|p1a: Great Tusk|Rapid Spin|p2a: Torkoal
|-damage|p2a: Torkoal|0 fnt
|-boost|p1a: Great Tusk|spe|1
|-sideend|p1: fulkttd|Stealth Rock|[from] move: Rapid Spin|[of] p1a: Great Tusk
|faint|p2a: Torkoal
|
|-weather|none
|-end|p1a: Great Tusk|Protosynthesis
|upkeep
|inactive|Senatorlokix has 90 seconds left.
|
|t:|1758993801
|switch|p2a: Alomomola|Alomomola, F|70/100
|turn|9
|inactive|Senatorlokix has 90 seconds left.
|
|t:|1758993819
|move|p1a: Great Tusk|Close Combat|p2a: Alomomola
|-damage|p2a: Alomomola|30/100
|-unboost|p1a: Great Tusk|def|1
|-unboost|p1a: Great Tusk|spd|1
|move|p2a: Alomomola|Flip Turn|p1a: Great Tusk
|-supereffective|p1a: Great Tusk
|-damage|p1a: Great Tusk|68/100
|inactive|Senatorlokix has 90 seconds left.
|
|t:|1758993832
|switch|p2a: Great Tusk|Great Tusk|100/100|[from] Flip Turn
|
|upkeep
|turn|10
|inactive|Senatorlokix has 90 seconds left.
|
|t:|1758993841
|move|p1a: Great Tusk|Ice Spinner|p2a: Great Tusk
|-supereffective|p2a: Great Tusk
|-damage|p2a: Great Tusk|66/100
|move|p2a: Great Tusk|Bulk Up|p2a: Great Tusk
|-boost|p2a: Great Tusk|atk|1
|-boost|p2a: Great Tusk|def|1
|
|-heal|p2a: Great Tusk|72/100|[from] item: Leftovers
|upkeep
|turn|11
|
|t:|1758993860
|-end|p1a: Great Tusk|Protosynthesis|[silent]
|switch|p1a: Gholdengo|Gholdengo|100/100
|move|p2a: Great Tusk|Rapid Spin|p1a: Gholdengo
|-immune|p1a: Gholdengo
|
|-heal|p2a: Great Tusk|78/100|[from] item: Leftovers
|upkeep
|turn|12
|inactive|Senatorlokix has 90 seconds left.
|
|t:|1758993885
|move|p1a: Gholdengo|Make It Rain|p2a: Great Tusk
|-damage|p2a: Great Tusk|2/100
|-unboost|p1a: Gholdengo|spa|1
|move|p2a: Great Tusk|Earthquake|p1a: Gholdengo
|-supereffective|p1a: Gholdengo
|-damage|p1a: Gholdengo|0 fnt
|faint|p1a: Gholdengo
|
|-heal|p2a: Great Tusk|8/100|[from] item: Leftovers
|upkeep
|
|t:|1758993890
|switch|p1a: Weavile|Weavile, M|100/100
|-ability|p1a: Weavile|Pressure
|turn|13
|
|t:|1758993895
|move|p1a: Weavile|Knock Off|p2a: Great Tusk
|-resisted|p2a: Great Tusk
|-damage|p2a: Great Tusk|0 fnt
|-enditem|p2a: Great Tusk|Leftovers|[from] move: Knock Off|[of] p1a: Weavile
|faint|p2a: Great Tusk
|-end|p2a: Great Tusk|Protosynthesis|[silent]
|
|upkeep
|
|t:|1758993901
|switch|p2a: Hatterene|Hatterene, F|100/100
|turn|14
|
|t:|1758993919
|switch|p1a: Slowking|Slowking-Galar, M|100/100
|move|p2a: Hatterene|Nuzzle|p1a: Slowking
|-damage|p1a: Slowking|96/100
|-status|p1a: Slowking|par
|
|upkeep
|turn|15
|
|t:|1758993932
|switch|p2a: Heatran|Heatran, M|100/100
|-item|p2a: Heatran|Air Balloon
|move|p1a: Slowking|Future Sight|p2a: Heatran
|-start|p1a: Slowking|move: Future Sight
|
|upkeep
|turn|16
|
|t:|1758993939
|move|p2a: Heatran|Flame Charge|p1a: Slowking
|-damage|p1a: Slowking|81/100 par
|-boost|p2a: Heatran|spe|1
|move|p1a: Slowking|Ice Beam|p2a: Heatran
|-resisted|p2a: Heatran
|-damage|p2a: Heatran|93/100
|-enditem|p2a: Heatran|Air Balloon
|
|upkeep
|turn|17
|
|t:|1758993945
|switch|p1a: Great Tusk|Great Tusk|68/100
|move|p2a: Heatran|Earth Power|p1a: Great Tusk
|-damage|p1a: Great Tusk|20/100
|
|-end|p2a: Heatran|move: Future Sight
|-resisted|p2a: Heatran
|-damage|p2a: Heatran|62/100
|upkeep
|turn|18
|
|t:|1758993952
|move|p2a: Heatran|Flamethrower|p1a: Great Tusk
|-damage|p1a: Great Tusk|0 fnt
|faint|p1a: Great Tusk
|-end|p1a: Great Tusk|Protosynthesis|[silent]
|
|upkeep
|
|t:|1758993958
|switch|p1a: Hatterene|Hatterene, F|100/100
|turn|19
|inactive|Senatorlokix has 120 seconds left.
|
|t:|1758993978
|move|p2a: Heatran|Flamethrower|p1a: Hatterene
|-damage|p1a: Hatterene|49/100
|move|p1a: Hatterene|Nuzzle|p2a: Heatran
|-damage|p2a: Heatran|57/100
|-status|p2a: Heatran|par
|
|-heal|p1a: Hatterene|55/100|[from] item: Leftovers
|upkeep
|turn|20
|
|t:|1758993985
|move|p2a: Heatran|Flamethrower|p1a: Hatterene
|-damage|p1a: Hatterene|5/100
|move|p1a: Hatterene|Psyshock|p2a: Heatran
|-resisted|p2a: Heatran
|-damage|p2a: Heatran|38/100 par
|
|-heal|p1a: Hatterene|11/100|[from] item: Leftovers
|upkeep
|turn|21
|
|t:|1758993989
|move|p2a: Heatran|Flame Charge|p1a: Hatterene
|-damage|p1a: Hatterene|0 fnt
|-boost|p2a: Heatran|spe|1
|faint|p1a: Hatterene
|
|upkeep
|
|t:|1758993992
|switch|p1a: Weavile|Weavile, M|100/100
|-ability|p1a: Weavile|Pressure
|turn|22
|
|t:|1758993999
|move|p1a: Weavile|Knock Off|p2a: Heatran
|-damage|p2a: Heatran|0 fnt
|faint|p2a: Heatran
|
|upkeep
|
|t:|1758994007
|switch|p2a: Hatterene|Hatterene, F|100/100
|turn|23
|
|t:|1758994022
|switch|p1a: Slowking|Slowking-Galar, M|100/100 par
|move|p2a: Hatterene|Nuzzle|p1a: Slowking
|-damage|p1a: Slowking|96/100 par
|
|upkeep
|turn|24
|
|t:|1758994027
|-terastallize|p2a: Hatterene|Poison
|move|p2a: Hatterene|Calm Mind|p2a: Hatterene
|-boost|p2a: Hatterene|spa|1
|-boost|p2a: Hatterene|spd|1
|move|p1a: Slowking|Future Sight|p2a: Hatterene
|-start|p1a: Slowking|move: Future Sight
|
|upkeep
|turn|25
|
|t:|1758994037
|move|p2a: Hatterene|Calm Mind|p2a: Hatterene
|-boost|p2a: Hatterene|spa|1
|-boost|p2a: Hatterene|spd|1
|cant|p1a: Slowking|par
|
|upkeep
|turn|26
|
|t:|1758994040
|move|p2a: Hatterene|Psyshock|p1a: Slowking
|-damage|p1a: Slowking|19/100 par
|cant|p1a: Slowking|par
|
|-end|p2a: Hatterene|move: Future Sight
|-supereffective|p2a: Hatterene
|-damage|p2a: Hatterene|31/100
|-heal|p2a: Hatterene|37/100|[from] item: Leftovers
|upkeep
|turn|27
|
|t:|1758994047
|move|p2a: Hatterene|Draining Kiss|p1a: Slowking
|-resisted|p1a: Slowking
|-damage|p1a: Slowking|7/100 par
|-heal|p2a: Hatterene|48/100|[from] drain|[of] p1a: Slowking
|move|p1a: Slowking|Future Sight|p2a: Hatterene
|-start|p1a: Slowking|move: Future Sight
|
|-heal|p2a: Hatterene|54/100|[from] item: Leftovers
|upkeep
|turn|28
|
|t:|1758994052
|move|p2a: Hatterene|Draining Kiss|p1a: Slowking
|-resisted|p1a: Slowking
|-damage|p1a: Slowking|0 fnt
|-heal|p2a: Hatterene|60/100|[from] drain|[of] p1a: Slowking
|faint|p1a: Slowking
|
|-heal|p2a: Hatterene|66/100|[from] item: Leftovers
|upkeep
|
|t:|1758994054
|switch|p1a: Weavile|Weavile, M|100/100
|-ability|p1a: Weavile|Pressure
|turn|29
|
|t:|1758994061
|-terastallize|p1a: Weavile|Dark
|move|p1a: Weavile|Knock Off|p2a: Hatterene
|-damage|p2a: Hatterene|0 fnt
|-enditem|p2a: Hatterene|Leftovers|[from] move: Knock Off|[of] p1a: Weavile
|faint|p2a: Hatterene
|
|-hint|Future Sight did not hit because the target is fainted.
|upkeep
|
|t:|1758994068
|switch|p2a: Alomomola|Alomomola, F|63/100
|turn|30
|
|t:|1758994072
|move|p1a: Weavile|Knock Off|p2a: Alomomola
|-damage|p2a: Alomomola|0 fnt
|-enditem|p2a: Alomomola|Assault Vest|[from] move: Knock Off|[of] p1a: Weavile
|faint|p2a: Alomomola
|
|upkeep
|
|t:|1758994074
|switch|p2a: Kyurem|Kyurem|100/100
|-ability|p2a: Kyurem|Pressure
|turn|31
|
|t:|1758994078
|move|p1a: Weavile|Knock Off|p2a: Kyurem
|-damage|p2a: Kyurem|14/100
|-enditem|p2a: Kyurem|Loaded Dice|[from] move: Knock Off|[of] p1a: Weavile
|move|p2a: Kyurem|Dragon Dance|p2a: Kyurem
|-boost|p2a: Kyurem|atk|1
|-boost|p2a: Kyurem|spe|1
|
|upkeep
|turn|32
|
|t:|1758994084
|move|p2a: Kyurem|Icicle Spear|p1a: Weavile
|-damage|p1a: Weavile|70/100
|-damage|p1a: Weavile|34/100
|-hitcount|p1a: Weavile|2
|move|p1a: Weavile|Knock Off|p2a: Kyurem
|-damage|p2a: Kyurem|0 fnt
|faint|p2a: Kyurem
|
|win|fulkttd
|raw|fulkttd's rating: 1358 &rarr; <strong>1381</strong><br />(+23 for winning)
|raw|Senatorlokix's rating: 1418 &rarr; <strong>1395</strong><br />(-23 for losing)
|c|☆Senatorlokix|Gg
|l|☆Senatorlokix
|player|p2|
|c|☆fulkttd|Gg
