|j|☆zatrox11
|j|☆Osikyu
|t:|1758931542
|gametype|singles
|player|p1|zatrox11|102|1255
|player|p2|Osikyu|169|1253
|gen|9
|tier|[Gen 9] OU
|rated|
|rule|HP Percentage Mod: HP is shown in percentages
|rule|Endless Battle Clause: Forcing endless battles is banned
|rule|Species Clause: Limit one of each Pokémon
|rule|OHKO Clause: OHKO moves are banned
|rule|Evasion Items Clause: Evasion items are banned
|rule|Evasion Moves Clause: Evasion moves are banned
|rule|Evasion Abilities Clause: Evasion abilities are banned
|rule|Sleep Moves Clause: Sleep-inducing moves are banned
|clearpoke
|poke|p1|Garchomp, M|
|poke|p1|Enamorus, F|
|poke|p1|Great Tusk|
|poke|p1|Goodra-Hisui, M|
|poke|p1|Ceruledge, M|
|poke|p1|Pecharunt|
|poke|p2|Scizor, M|
|poke|p2|Dragonite, M|
|poke|p2|Great Tusk|
|poke|p2|Ogerpon-Wellspring, F|
|poke|p2|Dragapult, F|
|poke|p2|Ditto|
|teampreview
|inactive|Battle timer is ON: inactive players will automatically lose when time's up. (requested by zatrox11)
|
|t:|1758931551
|teamsize|p1|6
|teamsize|p2|6
|start
|switch|p1a: Pecharunt|Pecharunt|100/100
|switch|p2a: Ogerpon|Ogerpon-Wellspring, F|100/100
|turn|1
|
|t:|1758931562
|switch|p2a: Scizor|Scizor, M|100/100
|move|p1a: Pecharunt|Malignant Chain|p2a: Scizor
|-immune|p2a: Scizor
|
|upkeep
|turn|2
|
|t:|1758931569
|move|p1a: Pecharunt|Parting Shot|p2a: Scizor
|-unboost|p2a: Scizor|atk|1
|-unboost|p2a: Scizor|spa|1
|
|t:|1758931574
|switch|p1a: Great Tusk|Great Tusk|100/100|[from] Parting Shot
|move|p2a: Scizor|Knock Off|p1a: Great Tusk
|-resisted|p1a: Great Tusk
|-damage|p1a: Great Tusk|92/100
|-enditem|p1a: Great Tusk|Heavy-Duty Boots|[from] move: Knock Off|[of] p2a: Scizor
|
|upkeep
|turn|3
|
|t:|1758931582
|switch|p2a: Dragonite|Dragonite, M|100/100
|move|p1a: Great Tusk|Stealth Rock|p2a: Dragonite
|-sidestart|p2: Osikyu|move: Stealth Rock
|
|upkeep
|turn|4
|inactive|zatrox11 has 120 seconds left.
|
|t:|1758931623
|-end|p1a: Great Tusk|Protosynthesis|[silent]
|switch|p1a: Pecharunt|Pecharunt|100/100
|move|p2a: Dragonite|Dragon Dance|p2a: Dragonite
|-boost|p2a: Dragonite|atk|1
|-boost|p2a: Dragonite|spe|1
|
|upkeep
|turn|5
|
|t:|1758931635
|switch|p2a: Scizor|Scizor, M|100/100
|-damage|p2a: Scizor|88/100|[from] Stealth Rock
|move|p1a: Pecharunt|Malignant Chain|p2a: Scizor
|-immune|p2a: Scizor
|
|-heal|p2a: Scizor|94/100|[from] item: Leftovers
|upkeep
|turn|6
|inactive|zatrox11 has 120 seconds left.
|inactive|zatrox11 has 90 seconds left.
|
|t:|1758931676
|move|p1a: Pecharunt|Parting Shot|p2a: Scizor
|-unboost|p2a: Scizor|atk|1
|-unboost|p2a: Scizor|spa|1
|
|t:|1758931679
|switch|p1a: Great Tusk|Great Tusk|92/100|[from] Parting Shot
|move|p2a: Scizor|U-turn|p1a: Great Tusk
|-resisted|p1a: Great Tusk
|-damage|p1a: Great Tusk|84/100
|
|t:|1758931686
|switch|p2a: Great Tusk|Great Tusk|100/100|[from] U-turn
|-damage|p2a: Great Tusk|98/100|[from] Stealth Rock
|-enditem|p2a: Great Tusk|Booster Energy
|-activate|p2a: Great Tusk|ability: Protosynthesis|[fromitem]
|-start|p2a: Great Tusk|protosynthesisatk
|
|upkeep
|turn|7
|
|t:|1758931693
|-end|p1a: Great Tusk|Protosynthesis|[silent]
|switch|p1a: Ceruledge|Ceruledge, M|100/100
|move|p2a: Great Tusk|Rapid Spin|p1a: Ceruledge
|-immune|p1a: Ceruledge
|
|upkeep
|turn|8
|
|t:|1758931700
|move|p2a: Great Tusk|Headlong Rush|p1a: Ceruledge
|-supereffective|p1a: Ceruledge
|-enditem|p1a: Ceruledge|Focus Sash
|-damage|p1a: Ceruledge|1/100
|-unboost|p2a: Great Tusk|def|1
|-unboost|p2a: Great Tusk|spd|1
|-ability|p1a: Ceruledge|Weak Armor|boost
|-unboost|p1a: Ceruledge|def|1
|-boost|p1a: Ceruledge|spe|2
|move|p1a: Ceruledge|Swords Dance|p1a: Ceruledge
|-boost|p1a: Ceruledge|atk|2
|
|upkeep
|turn|9
|
|t:|1758931716
|move|p1a: Ceruledge|Bitter Blade|p2a: Great Tusk
|-damage|p2a: Great Tusk|0 fnt
|-heal|p1a: Ceruledge|63/100|[from] drain|[of] p2a: Great Tusk
|faint|p2a: Great Tusk
|-end|p2a: Great Tusk|Protosynthesis|[silent]
|
|upkeep
|
|t:|1758931721
|switch|p2a: Ditto|Ditto|100/100
|-damage|p2a: Ditto|88/100|[from] Stealth Rock
|-transform|p2a: Ditto|p1a: Ceruledge|[from] ability: Imposter
|turn|10
|inactive|zatrox11 has 120 seconds left.
|inactive|zatrox11 has 90 seconds left.
|inactive|zatrox11 has 60 seconds left.
|
|t:|1758931799
|switch|p1a: Great Tusk|Great Tusk|84/100
|move|p2a: Ditto|Shadow Sneak|p1a: Great Tusk
|-damage|p1a: Great Tusk|59/100
|
|upkeep
|turn|11
|
|t:|1758931806
|switch|p2a: Dragonite|Dragonite, M|100/100
|move|p1a: Great Tusk|Knock Off|p2a: Dragonite
|-crit|p2a: Dragonite
|-damage|p2a: Dragonite|70/100
|-enditem|p2a: Dragonite|Heavy-Duty Boots|[from] move: Knock Off|[of] p1a: Great Tusk
|
|upkeep
|turn|12
|inactive|zatrox11 has 60 seconds left.
|
|t:|1758931815
|switch|p2a: Dragapult|Dragapult, F|100/100
|-damage|p2a: Dragapult|88/100|[from] Stealth Rock
|-end|p1a: Great Tusk|Protosynthesis|[silent]
|switch|p1a: Pecharunt|Pecharunt|100/100
|
|upkeep
|turn|13
|inactive|zatrox11 has 60 seconds left.
|inactive|zatrox11 has 30 seconds left.
|inactive|zatrox11 has 20 seconds left.
|
|t:|1758931867
|switch|p1a: Goodra|Goodra-Hisui, M|100/100
|move|p2a: Dragapult|Shadow Ball|p1a: Goodra
|-damage|p1a: Goodra|78/100
|
|upkeep
|turn|14
|inactive|zatrox11 has 30 seconds left this turn.
|
|t:|1758931874
|switch|p2a: Ditto|Ditto|88/100
|-damage|p2a: Ditto|76/100|[from] Stealth Rock
|-transform|p2a: Ditto|p1a: Goodra|[from] ability: Imposter
|move|p1a: Goodra|Flamethrower|p2a: Ditto
|-damage|p2a: Ditto|52/100
|
|upkeep
|turn|15
|inactive|zatrox11 has 30 seconds left.
|inactive|zatrox11 has 20 seconds left.
|
|t:|1758931897
|switch|p1a: Great Tusk|Great Tusk|59/100
|move|p2a: Ditto|Draco Meteor|p1a: Great Tusk
|-damage|p1a: Great Tusk|0 fnt
|-unboost|p2a: Ditto|spa|2
|faint|p1a: Great Tusk
|-end|p1a: Great Tusk|Protosynthesis|[silent]
|
|upkeep
|inactive|zatrox11 has 25 seconds left this turn.
|inactive|zatrox11 has 20 seconds left.
|
|t:|1758931907
|switch|p1a: Enamorus|Enamorus, F|100/100
|turn|16
|inactive|zatrox11 has 30 seconds left this turn.
|
|t:|1758931914
|switch|p2a: Ogerpon|Ogerpon-Wellspring, F|100/100
|-damage|p2a: Ogerpon|88/100|[from] Stealth Rock
|move|p1a: Enamorus|Mystical Fire|p2a: Ogerpon
|-damage|p2a: Ogerpon|53/100
|-unboost|p2a: Ogerpon|spa|1
|
|upkeep
|turn|17
|
|t:|1758931922
|switch|p1a: Pecharunt|Pecharunt|100/100
|move|p2a: Ogerpon|Ivy Cudgel|p1a: Pecharunt|[anim] Ivy Cudgel Water
|-damage|p1a: Pecharunt|74/100
|
|-heal|p1a: Pecharunt|80/100|[from] item: Leftovers
|upkeep
|turn|18
|inactive|zatrox11 has 30 seconds left.
|
|t:|1758931947
|switch|p2a: Scizor|Scizor, M|94/100
|-damage|p2a: Scizor|82/100|[from] Stealth Rock
|move|p1a: Pecharunt|Parting Shot|p2a: Scizor
|-unboost|p2a: Scizor|atk|1
|-unboost|p2a: Scizor|spa|1
|inactive|zatrox11 has 30 seconds left.
|inactive|zatrox11 has 20 seconds left.
|
|t:|1758931966
|switch|p1a: Ceruledge|Ceruledge, M|63/100|[from] Parting Shot
|
|-heal|p2a: Scizor|88/100|[from] item: Leftovers
|upkeep
|turn|19
|inactive|zatrox11 has 30 seconds left this turn.
|inactive|Osikyu has 120 seconds left.
|
|t:|1758931998
|move|p1a: Ceruledge|Poltergeist|p2a: Scizor
|-activate|p2a: Scizor|move: Poltergeist|Leftovers
|-damage|p2a: Scizor|32/100
|move|p2a: Scizor|Knock Off|p1a: Ceruledge
|-supereffective|p1a: Ceruledge
|-damage|p1a: Ceruledge|17/100
|-ability|p1a: Ceruledge|Weak Armor|boost
|-unboost|p1a: Ceruledge|def|1
|-boost|p1a: Ceruledge|spe|2
|
|-heal|p2a: Scizor|38/100|[from] item: Leftovers
|upkeep
|turn|20
|inactive|zatrox11 has 30 seconds left.
|inactive|Osikyu has 120 seconds left.
|c|☆zatrox11|T_T
|inactive|zatrox11 has 20 seconds left.
|inactive|zatrox11 has 15 seconds left.
|
|t:|1758932023
|move|p1a: Ceruledge|Shadow Sneak|p2a: Scizor
|-damage|p2a: Scizor|18/100
|move|p2a: Scizor|Bullet Punch|p1a: Ceruledge
|-resisted|p1a: Ceruledge
|-damage|p1a: Ceruledge|0 fnt
|faint|p1a: Ceruledge
|
|-heal|p2a: Scizor|24/100|[from] item: Leftovers
|upkeep
|inactive|zatrox11 has 20 seconds left this turn.
|inactive|zatrox11 has 15 seconds left.
|inactive|zatrox11 has 10 seconds left.
|
|t:|1758932033
|switch|p1a: Garchomp|Garchomp, M|100/100
|turn|21
|inactive|zatrox11 has 20 seconds left this turn.
|inactive|zatrox11 has 15 seconds left.
|inactive|Osikyu has 120 seconds left.
|
|t:|1758932049
|move|p2a: Scizor|Bullet Punch|p1a: Garchomp
|-damage|p1a: Garchomp|78/100
|-damage|p2a: Scizor|11/100|[from] ability: Rough Skin|[of] p1a: Garchomp
|move|p1a: Garchomp|Scale Shot|p2a: Scizor
|-resisted|p2a: Scizor
|-damage|p2a: Scizor|5/100
|-resisted|p2a: Scizor
|-damage|p2a: Scizor|0 fnt
|faint|p2a: Scizor
|-hitcount|p2: Scizor|2
|-unboost|p1a: Garchomp|def|1
|-boost|p1a: Garchomp|spe|1
|
|upkeep
|inactive|Osikyu has 120 seconds left.
|
|t:|1758932067
|switch|p2a: Ditto|Ditto|52/100
|-damage|p2a: Ditto|39/100|[from] Stealth Rock
|-transform|p2a: Ditto|p1a: Garchomp|[from] ability: Imposter
|turn|22
|inactive|zatrox11 has 30 seconds left this turn.
|
|t:|1758932074
|switch|p1a: Enamorus|Enamorus, F|100/100
|move|p2a: Ditto|Earthquake|p1a: Enamorus
|-immune|p1a: Enamorus
|
|upkeep
|turn|23
|inactive|Osikyu has 120 seconds left.
|inactive|zatrox11 has 30 seconds left.
|
|t:|1758932086
|switch|p2a: Ogerpon|Ogerpon-Wellspring, F|53/100
|-damage|p2a: Ogerpon|40/100|[from] Stealth Rock
|move|p1a: Enamorus|Moonblast|p2a: Ogerpon
|-damage|p2a: Ogerpon|0 fnt
|faint|p2a: Ogerpon
|
|upkeep
|
|t:|1758932096
|switch|p2a: Dragapult|Dragapult, F|88/100
|-damage|p2a: Dragapult|76/100|[from] Stealth Rock
|turn|24
|
|t:|1758932101
|move|p1a: Enamorus|Moonblast|p2a: Dragapult
|-supereffective|p2a: Dragapult
|-damage|p2a: Dragapult|0 fnt
|faint|p2a: Dragapult
|
|upkeep
|inactive|Osikyu has 120 seconds left.
|
|t:|1758932107
|switch|p2a: Ditto|Ditto|39/100
|-damage|p2a: Ditto|27/100|[from] Stealth Rock
|-transform|p2a: Ditto|p1a: Enamorus|[from] ability: Imposter
|turn|25
|
|t:|1758932114
|switch|p1a: Goodra|Goodra-Hisui, M|78/100
|move|p2a: Ditto|Moonblast|p1a: Goodra
|-crit|p1a: Goodra
|-damage|p1a: Goodra|43/100
|
|upkeep
|turn|26
|inactive|zatrox11 has 60 seconds left.
|
|t:|1758932122
|switch|p2a: Dragonite|Dragonite, M|70/100
|-damage|p2a: Dragonite|46/100|[from] Stealth Rock
|move|p1a: Goodra|Draco Meteor|p2a: Dragonite
|-supereffective|p2a: Dragonite
|-damage|p2a: Dragonite|0 fnt
|-unboost|p1a: Goodra|spa|2
|faint|p2a: Dragonite
|
|upkeep
|-message|Osikyu forfeited.
|
|win|zatrox11
|raw|zatrox11's rating: 1255 &rarr; <strong>1280</strong><br />(+25 for winning)
|raw|Osikyu's rating: 1253 &rarr; <strong>1228</strong><br />(-25 for losing)
|l|☆Osikyu
|player|p2|
