|j|☆Mouu'D
|j|☆GabLeBGdu37
|t:|1758983241
|gametype|singles
|player|p1|Mouu'D|170|1238
|player|p2|GabLeBGdu37|pokemaniac|1231
|gen|9
|tier|[Gen 9] OU
|rated|
|rule|HP Percentage Mod: HP is shown in percentages
|rule|Endless Battle Clause: Forcing endless battles is banned
|rule|Species Clause: Limit one of each Pokémon
|rule|OHKO Clause: OHKO moves are banned
|rule|Evasion Items Clause: Evasion items are banned
|rule|Evasion Moves Clause: Evasion moves are banned
|rule|Evasion Abilities Clause: Evasion abilities are banned
|rule|Sleep Moves Clause: Sleep-inducing moves are banned
|clearpoke
|poke|p1|Slowbro, M|
|poke|p1|Diancie|
|poke|p1|Scizor, M|
|poke|p1|Ursaluna, M|
|poke|p1|Exeggutor-Alola, F|
|poke|p1|Conkeldurr, M|
|poke|p2|Glimmora, F|
|poke|p2|Dragapult, M|
|poke|p2|Great Tusk|
|poke|p2|Ogerpon-Wellspring, F|
|poke|p2|Kingambit, M|
|poke|p2|Zapdos|
|teampreview
|
|t:|1758983252
|teamsize|p1|6
|teamsize|p2|6
|start
|switch|p1a: Jinbei|Slowbro, M, shiny|100/100
|switch|p2a: Glimmora|Glimmora, F|100/100
|-item|p2a: Glimmora|Air Balloon
|turn|1
|
|t:|1758983265
|move|p2a: Glimmora|Stealth Rock|p1a: Jinbei
|-sidestart|p1: Mouu'D|move: Stealth Rock
|move|p1a: Jinbei|Scald|p2a: Glimmora
|-supereffective|p2a: Glimmora
|-damage|p2a: Glimmora|14/100
|-status|p2a: Glimmora|brn
|-enditem|p2a: Glimmora|Air Balloon
|
|-damage|p2a: Glimmora|8/100 brn|[from] brn
|upkeep
|turn|2
|
|t:|1758983276
|switch|p2a: Ogerpon|Ogerpon-Wellspring, F|100/100
|move|p1a: Jinbei|Trick Room|p1a: Jinbei
|-fieldstart|move: Trick Room|[of] p1a: Jinbei
|
|upkeep
|turn|3
|
|t:|1758983282
|switch|p1a: Zoro|Scizor, M, shiny|100/100
|-damage|p1a: Zoro|88/100|[from] Stealth Rock
|move|p2a: Ogerpon|Trailblaze|p1a: Zoro
|-resisted|p1a: Zoro
|-damage|p1a: Zoro|81/100
|-boost|p2a: Ogerpon|spe|1
|
|upkeep
|turn|4
|
|t:|1758983289
|switch|p2a: Glimmora|Glimmora, F|8/100 brn
|move|p1a: Zoro|Defog|p2a: Glimmora
|-unboost|p2a: Glimmora|evasion|1
|-sideend|p1: Mouu'D|Stealth Rock|[from] move: Defog|[of] p1a: Zoro
|
|-damage|p2a: Glimmora|1/100 brn|[from] brn
|upkeep
|turn|5
|
|t:|1758983314
|move|p1a: Zoro|Bullet Punch|p2a: Glimmora
|-supereffective|p2a: Glimmora
|-crit|p2a: Glimmora
|-damage|p2a: Glimmora|0 fnt
|-activate|p2a: Glimmora|ability: Toxic Debris
|-sidestart|p1: Mouu'D|move: Toxic Spikes
|faint|p2a: Glimmora
|-damage|p1a: Zoro|71/100|[from] item: Life Orb
|
|upkeep
|
|t:|1758983349
|switch|p2a: Kingambit|Kingambit, M|100/100
|-activate|p2a: Kingambit|ability: Supreme Overlord
|-start|p2a: Kingambit|fallen1|[silent]
|turn|6
|inactive|Battle timer is ON: inactive players will automatically lose when time's up. (requested by Mouu'D)
|
|t:|1758983357
|move|p1a: Zoro|Lunge|p2a: Kingambit
|-damage|p2a: Kingambit|55/100
|-unboost|p2a: Kingambit|atk|1
|-damage|p1a: Zoro|61/100|[from] item: Life Orb
|move|p2a: Kingambit|Kowtow Cleave|p1a: Zoro
|-damage|p1a: Zoro|21/100
|
|-fieldend|move: Trick Room
|upkeep
|turn|7
|
|t:|1758983368
|move|p2a: Kingambit|Sucker Punch||[still]
|-fail|p2a: Kingambit
|move|p1a: Zoro|Defog|p2a: Kingambit
|-unboost|p2a: Kingambit|evasion|1
|-sideend|p1: Mouu'D|Toxic Spikes|[from] move: Defog|[of] p1a: Zoro
|
|upkeep
|turn|8
|
|t:|1758983375
|move|p2a: Kingambit|Sucker Punch|p1a: Zoro
|-damage|p1a: Zoro|0 fnt
|faint|p1a: Zoro
|
|upkeep
|
|t:|1758983382
|switch|p1a: Luffy gear 4th|Conkeldurr, M|100/100
|turn|9
|
|t:|1758983393
|-end|p2a: Kingambit|fallen1|[silent]
|switch|p2a: Great Tusk|Great Tusk|100/100
|move|p1a: Luffy gear 4th|Knock Off|p2a: Great Tusk
|-resisted|p2a: Great Tusk
|-damage|p2a: Great Tusk|86/100
|-enditem|p2a: Great Tusk|Heavy-Duty Boots|[from] move: Knock Off|[of] p1a: Luffy gear 4th
|
|-status|p1a: Luffy gear 4th|brn|[from] item: Flame Orb
|upkeep
|turn|10
|
|t:|1758983404
|switch|p1a: Jinbei|Slowbro, M, shiny|100/100
|move|p2a: Great Tusk|Close Combat|p1a: Jinbei
|-resisted|p1a: Jinbei
|-damage|p1a: Jinbei|83/100
|-unboost|p2a: Great Tusk|def|1
|-unboost|p2a: Great Tusk|spd|1
|
|upkeep
|turn|11
|
|t:|1758983429
|-end|p2a: Great Tusk|Protosynthesis|[silent]
|switch|p2a: Ogerpon|Ogerpon-Wellspring, F|100/100
|move|p1a: Jinbei|Trick Room|p1a: Jinbei
|-fieldstart|move: Trick Room|[of] p1a: Jinbei
|
|upkeep
|turn|12
|
|t:|1758983455
|switch|p1a: Sodom|Exeggutor-Alola, F, shiny|100/100
|move|p2a: Ogerpon|Horn Leech|p1a: Sodom
|-resisted|p1a: Sodom
|-damage|p1a: Sodom|89/100
|
|upkeep
|turn|13
|
|t:|1758983478
|switch|p2a: Kingambit|Kingambit, M|55/100
|-activate|p2a: Kingambit|ability: Supreme Overlord
|-start|p2a: Kingambit|fallen1|[silent]
|move|p1a: Sodom|Energy Ball|p2a: Kingambit
|-resisted|p2a: Kingambit
|-damage|p2a: Kingambit|29/100
|-unboost|p2a: Kingambit|spd|1
|
|upkeep
|turn|14
|
|t:|1758983489
|move|p2a: Kingambit|Sucker Punch|p1a: Sodom
|-damage|p1a: Sodom|46/100
|-enditem|p1a: Sodom|Sitrus Berry|[eat]
|-heal|p1a: Sodom|71/100|[from] item: Sitrus Berry
|move|p1a: Sodom|Energy Ball|p2a: Kingambit
|-resisted|p2a: Kingambit
|-damage|p2a: Kingambit|0 fnt
|faint|p2a: Kingambit
|-end|p2a: Kingambit|fallen1|[silent]
|
|upkeep
|inactive|GabLeBGdu37 has 120 seconds left.
|
|t:|1758983528
|switch|p2a: Zapdos|Zapdos|100/100
|turn|15
|
|t:|1758983539
|switch|p1a: Chopper|Ursaluna, M|100/100
|move|p2a: Zapdos|Volt Switch|p1a: Chopper
|-immune|p1a: Chopper
|
|-fieldend|move: Trick Room
|-status|p1a: Chopper|brn|[from] item: Flame Orb
|upkeep
|turn|16
|
|t:|1758983562
|move|p2a: Zapdos|Heat Wave|p1a: Chopper
|-damage|p1a: Chopper|74/100 brn
|move|p1a: Chopper|Facade|p2a: Zapdos
|-damage|p2a: Zapdos|0 fnt
|faint|p2a: Zapdos
|
|-damage|p1a: Chopper|67/100 brn|[from] brn
|upkeep
|
|t:|1758983567
|switch|p2a: Dragapult|Dragapult, M|100/100
|turn|17
|
|t:|1758983579
|move|p2a: Dragapult|Draco Meteor|p1a: Chopper
|-damage|p1a: Chopper|0 fnt
|-unboost|p2a: Dragapult|spa|2
|faint|p1a: Chopper
|
|upkeep
|
|t:|1758983587
|switch|p1a: Robin|Diancie|100/100
|turn|18
|inactive|GabLeBGdu37 has 90 seconds left.
|
|t:|1758983624
|switch|p2a: Ogerpon|Ogerpon-Wellspring, F|100/100
|move|p1a: Robin|Trick Room|p1a: Robin
|-fieldstart|move: Trick Room|[of] p1a: Robin
|
|upkeep
|turn|19
|
|t:|1758983631
|switch|p1a: Luffy gear 4th|Conkeldurr, M|100/100 brn
|-terastallize|p2a: Ogerpon|Water
|detailschange|p2a: Ogerpon|Ogerpon-Wellspring-Tera, F, tera:Water
|-ability|p2a: Ogerpon|Embody Aspect (Wellspring)|boost
|-boost|p2a: Ogerpon|spd|1
|move|p2a: Ogerpon|Ivy Cudgel|p1a: Luffy gear 4th|[anim] Ivy Cudgel Water
|-damage|p1a: Luffy gear 4th|36/100 brn
|
|-damage|p1a: Luffy gear 4th|30/100 brn|[from] brn
|upkeep
|turn|20
|
|t:|1758983644
|move|p1a: Luffy gear 4th|Drain Punch|p2a: Ogerpon
|-damage|p2a: Ogerpon|7/100
|-heal|p1a: Luffy gear 4th|64/100 brn|[from] drain|[of] p2a: Ogerpon
|move|p2a: Ogerpon|Trailblaze|p1a: Luffy gear 4th
|-damage|p1a: Luffy gear 4th|38/100 brn
|-boost|p2a: Ogerpon|spe|1
|
|-damage|p1a: Luffy gear 4th|32/100 brn|[from] brn
|upkeep
|turn|21
|
|t:|1758983653
|switch|p2a: Dragapult|Dragapult, M|100/100
|move|p1a: Luffy gear 4th|Drain Punch|p2a: Dragapult
|-immune|p2a: Dragapult
|
|-damage|p1a: Luffy gear 4th|26/100 brn|[from] brn
|upkeep
|turn|22
|
|t:|1758983658
|switch|p2a: Ogerpon|Ogerpon-Wellspring-Tera, F, tera:Water|7/100
|-ability|p2a: Ogerpon|Embody Aspect (Wellspring)|boost
|-boost|p2a: Ogerpon|spd|1
|move|p1a: Luffy gear 4th|Knock Off|p2a: Ogerpon
|-damage|p2a: Ogerpon|0 fnt
|faint|p2a: Ogerpon
|detailschange|p2: Ogerpon|Ogerpon-Wellspring, F|[silent]
|
|-damage|p1a: Luffy gear 4th|20/100 brn|[from] brn
|-fieldend|move: Trick Room
|upkeep
|
|t:|1758983664
|switch|p2a: Great Tusk|Great Tusk|86/100
|turn|23
|
|t:|1758983674
|move|p1a: Luffy gear 4th|Mach Punch|p2a: Great Tusk
|-damage|p2a: Great Tusk|58/100
|move|p2a: Great Tusk|Rapid Spin|p1a: Luffy gear 4th
|-crit|p1a: Luffy gear 4th
|-damage|p1a: Luffy gear 4th|0 fnt
|-boost|p2a: Great Tusk|spe|1
|faint|p1a: Luffy gear 4th
|
|upkeep
|
|t:|1758983684
|switch|p1a: Jinbei|Slowbro, M, shiny|83/100
|turn|24
|inactive|GabLeBGdu37 has 120 seconds left.
|
|t:|1758983709
|move|p2a: Great Tusk|Earthquake|p1a: Jinbei
|-damage|p1a: Jinbei|54/100
|move|p1a: Jinbei|Trick Room|p1a: Jinbei
|-fieldstart|move: Trick Room|[of] p1a: Jinbei
|
|upkeep
|turn|25
|
|t:|1758983717
|move|p1a: Jinbei|Scald|p2a: Great Tusk
|-supereffective|p2a: Great Tusk
|-damage|p2a: Great Tusk|0 fnt
|faint|p2a: Great Tusk
|-end|p2a: Great Tusk|Protosynthesis|[silent]
|
|upkeep
|inactive|GabLeBGdu37 has 120 seconds left.
|
|t:|1758983729
|switch|p2a: Dragapult|Dragapult, M|100/100
|turn|26
|
|t:|1758983737
|-terastallize|p1a: Jinbei|Water
|move|p1a: Jinbei|Scald|p2a: Dragapult
|-resisted|p2a: Dragapult
|-damage|p2a: Dragapult|74/100
|-status|p2a: Dragapult|brn
|move|p2a: Dragapult|Shadow Ball|p1a: Jinbei
|-damage|p1a: Jinbei|0 fnt
|faint|p1a: Jinbei
|
|-damage|p2a: Dragapult|68/100 brn|[from] brn
|upkeep
|
|t:|1758983750
|switch|p1a: Robin|Diancie|100/100
|turn|27
|
|t:|1758983753
|move|p1a: Robin|Moonblast|p2a: Dragapult
|-supereffective|p2a: Dragapult
|-damage|p2a: Dragapult|0 fnt
|faint|p2a: Dragapult
|
|win|Mouu'D
|raw|Mouu&apos;D's rating: 1238 &rarr; <strong>1262</strong><br />(+24 for winning)
|raw|GabLeBGdu37's rating: 1231 &rarr; <strong>1207</strong><br />(-24 for losing)
|l|☆Mouu'D
|player|p1|
|l|☆GabLeBGdu37
|player|p2|
