|j|☆supmydudeee
|j|☆DavyDXebecc
|t:|1759038397
|gametype|singles
|player|p1|supmydudeee|102|1513
|player|p2|DavyDXebecc|169|1585
|gen|9
|tier|[Gen 9] OU
|rated|
|rule|HP Percentage Mod: HP is shown in percentages
|rule|Endless Battle Clause: Forcing endless battles is banned
|rule|Species Clause: Limit one of each Pokémon
|rule|OHKO Clause: OHKO moves are banned
|rule|Evasion Items Clause: Evasion items are banned
|rule|Evasion Moves Clause: Evasion moves are banned
|rule|Evasion Abilities Clause: Evasion abilities are banned
|rule|Sleep Moves Clause: Sleep-inducing moves are banned
|clearpoke
|poke|p1|Ogerpon-Wellspring, F|
|poke|p1|Dragapult, F|
|poke|p1|Garganacl, M|
|poke|p1|Mandibuzz, F|
|poke|p1|Cinderace, F|
|poke|p1|Gholdengo|
|poke|p2|Gholdengo|
|poke|p2|Toxapex, F|
|poke|p2|Landorus-Therian, M|
|poke|p2|Mimikyu, F|
|poke|p2|Cinderace, M|
|poke|p2|Clefable, M|
|teampreview
|inactive|Battle timer is ON: inactive players will automatically lose when time's up. (requested by supmydudeee)
|
|t:|1759038403
|teamsize|p1|6
|teamsize|p2|6
|start
|switch|p1a: Dragapult|Dragapult, F|100/100
|switch|p2a: Cinderace|Cinderace, M|100/100
|turn|1
|
|t:|1759038410
|switch|p2a: Toxapex|Toxapex, F|100/100
|move|p1a: Dragapult|Dragon Darts|p2a: Toxapex
|-damage|p2a: Toxapex|73/100
|-anim|p1a: Dragapult|Dragon Darts|p2a: Toxapex
|-damage|p2a: Toxapex|42/100
|
|-heal|p2a: Toxapex|48/100|[from] item: Leftovers
|upkeep
|turn|2
|
|t:|1759038419
|switch|p1a: Gholdengo|Gholdengo|100/100
|move|p2a: Toxapex|Baneful Bunker||[still]
|-fail|p2a: Toxapex
|
|-heal|p2a: Toxapex|54/100|[from] item: Leftovers
|upkeep
|turn|3
|
|t:|1759038427
|move|p2a: Toxapex|Baneful Bunker|p2a: Toxapex
|-singleturn|p2a: Toxapex|move: Protect
|move|p1a: Gholdengo|Shadow Ball|p2a: Toxapex
|-activate|p2a: Toxapex|move: Protect
|
|-heal|p2a: Toxapex|61/100|[from] item: Leftovers
|upkeep
|turn|4
|
|t:|1759038435
|move|p1a: Gholdengo|Shadow Ball|p2a: Toxapex
|-damage|p2a: Toxapex|36/100
|move|p2a: Toxapex|Recover|p2a: Toxapex
|-heal|p2a: Toxapex|86/100
|
|-heal|p2a: Toxapex|92/100|[from] item: Leftovers
|upkeep
|turn|5
|
|t:|1759038444
|switch|p2a: Cinderace|Cinderace, M|100/100
|move|p1a: Gholdengo|Shadow Ball|p2a: Cinderace
|-damage|p2a: Cinderace|38/100
|
|upkeep
|turn|6
|
|t:|1759038451
|move|p1a: Gholdengo|Shadow Ball|p2a: Cinderace
|-damage|p2a: Cinderace|0 fnt
|faint|p2a: Cinderace
|
|upkeep
|
|t:|1759038458
|switch|p2a: Landorus|Landorus-Therian, M|100/100
|-ability|p2a: Landorus|Intimidate|boost
|-unboost|p1a: Gholdengo|atk|1
|turn|7
|
|t:|1759038462
|switch|p1a: Mandibuzz|Mandibuzz, F|100/100
|move|p2a: Landorus|Earthquake|p1a: Mandibuzz
|-immune|p1a: Mandibuzz
|
|upkeep
|turn|8
|
|t:|1759038469
|move|p2a: Landorus|Stealth Rock|p1a: Mandibuzz
|-sidestart|p1: supmydudeee|move: Stealth Rock
|move|p1a: Mandibuzz|U-turn|p2a: Landorus
|-resisted|p2a: Landorus
|-damage|p2a: Landorus|96/100
|l|☆supmydudeee
|inactive|supmydudeee disconnected and has a minute to reconnect!
|player|p1|
|inactive|supmydudeee has 30 seconds to reconnect!
|inactive|supmydudeee has 20 seconds to reconnect!
|inactive|supmydudeee has 15 seconds to reconnect!
|inactive|supmydudeee has 10 seconds to reconnect!
|inactive|supmydudeee has 5 seconds to reconnect!
|j|☆supmydudeee
|inactive|supmydudeee reconnected and has 80 seconds left.
|player|p1|supmydudeee|102|
|inactive|supmydudeee has 60 seconds left.
|
|t:|1759038560
|switch|p1a: Ogerpon|Ogerpon-Wellspring, F|100/100|[from] U-turn
|-damage|p1a: Ogerpon|88/100|[from] Stealth Rock
|
|-heal|p2a: Landorus|100/100|[from] item: Leftovers
|upkeep
|turn|9
|
|t:|1759038568
|switch|p2a: Toxapex|Toxapex, F|100/100
|-terastallize|p1a: Ogerpon|Water
|detailschange|p1a: Ogerpon|Ogerpon-Wellspring-Tera, F, tera:Water
|-ability|p1a: Ogerpon|Embody Aspect (Wellspring)|boost
|-boost|p1a: Ogerpon|spd|1
|move|p1a: Ogerpon|Ivy Cudgel|p2a: Toxapex|[anim] Ivy Cudgel Water
|-resisted|p2a: Toxapex
|-crit|p2a: Toxapex
|-damage|p2a: Toxapex|55/100
|
|-heal|p2a: Toxapex|62/100|[from] item: Leftovers
|upkeep
|turn|10
|
|t:|1759038582
|move|p2a: Toxapex|Baneful Bunker|p2a: Toxapex
|-singleturn|p2a: Toxapex|move: Protect
|move|p1a: Ogerpon|Swords Dance|p1a: Ogerpon
|-boost|p1a: Ogerpon|atk|2
|
|-heal|p2a: Toxapex|68/100|[from] item: Leftovers
|upkeep
|turn|11
|
|t:|1759038590
|-terastallize|p2a: Toxapex|Grass
|move|p1a: Ogerpon|Power Whip|p2a: Toxapex
|-resisted|p2a: Toxapex
|-damage|p2a: Toxapex|13/100
|move|p2a: Toxapex|Toxic|p1a: Ogerpon
|-status|p1a: Ogerpon|tox
|
|-heal|p2a: Toxapex|19/100|[from] item: Leftovers
|-damage|p1a: Ogerpon|82/100 tox|[from] psn
|upkeep
|turn|12
|
|t:|1759038602
|move|p2a: Toxapex|Baneful Bunker|p2a: Toxapex
|-singleturn|p2a: Toxapex|move: Protect
|move|p1a: Ogerpon|Ivy Cudgel|p2a: Toxapex|[anim] Ivy Cudgel Water
|-activate|p2a: Toxapex|move: Protect
|
|-heal|p2a: Toxapex|25/100|[from] item: Leftovers
|-damage|p1a: Ogerpon|70/100 tox|[from] psn
|upkeep
|turn|13
|
|t:|1759038614
|switch|p2a: Mimikyu|Mimikyu, F|100/100
|move|p1a: Ogerpon|Ivy Cudgel|p2a: Mimikyu|[anim] Ivy Cudgel Water
|-activate|p2a: Mimikyu|ability: Disguise
|-damage|p2a: Mimikyu|100/100
|detailschange|p2a: Mimikyu|Mimikyu-Busted, F
|-damage|p2a: Mimikyu|88/100|[from] pokemon: Mimikyu-Busted
|
|-damage|p1a: Ogerpon|52/100 tox|[from] psn
|upkeep
|turn|14
|
|t:|1759038633
|move|p2a: Mimikyu|Shadow Sneak|p1a: Ogerpon
|-damage|p1a: Ogerpon|26/100 tox
|-damage|p2a: Mimikyu|78/100|[from] item: Life Orb
|move|p1a: Ogerpon|Ivy Cudgel|p2a: Mimikyu|[anim] Ivy Cudgel Water
|-damage|p2a: Mimikyu|0 fnt
|faint|p2a: Mimikyu
|
|-damage|p1a: Ogerpon|2/100 tox|[from] psn
|upkeep
|
|t:|1759038643
|switch|p2a: Toxapex|Toxapex, F, tera:Grass|58/100
|turn|15
|
|t:|1759038646
|switch|p1a: Cinderace|Cinderace, F|100/100
|move|p2a: Toxapex|Baneful Bunker||[still]
|-fail|p2a: Toxapex
|
|-heal|p2a: Toxapex|65/100|[from] item: Leftovers
|upkeep
|turn|16
|
|t:|1759038655
|switch|p2a: Landorus|Landorus-Therian, M|100/100
|-ability|p2a: Landorus|Intimidate|boost
|-unboost|p1a: Cinderace|atk|1
|move|p1a: Cinderace|Pyro Ball|p2a: Landorus
|-damage|p2a: Landorus|63/100
|
|-heal|p2a: Landorus|69/100|[from] item: Leftovers
|upkeep
|turn|17
|l|☆supmydudeee
|inactive|supmydudeee disconnected and has a minute to reconnect!
|player|p1|
|inactive|supmydudeee has 30 seconds to reconnect!
|inactive|supmydudeee has 20 seconds to reconnect!
|inactive|supmydudeee has 15 seconds to reconnect!
|inactive|supmydudeee has 10 seconds to reconnect!
|inactive|supmydudeee has 5 seconds to reconnect!
|j|☆supmydudeee
|inactive|supmydudeee reconnected and has 45 seconds left.
|player|p1|supmydudeee|102|
|
|t:|1759038730
|move|p1a: Cinderace|Court Change|p1a: Cinderace
|-start|p1a: Cinderace|typechange|Normal|[from] ability: Libero
|-swapsideconditions
|-activate|p1a: Cinderace|move: Court Change
|move|p2a: Landorus|Earthquake|p1a: Cinderace
|-damage|p1a: Cinderace|27/100
|
|-heal|p2a: Landorus|75/100|[from] item: Leftovers
|upkeep
|turn|18
|
|t:|1759038744
|move|p1a: Cinderace|Pyro Ball|p2a: Landorus|[miss]
|-miss|p1a: Cinderace|p2a: Landorus
|move|p2a: Landorus|U-turn|p1a: Cinderace
|-damage|p1a: Cinderace|0 fnt
|faint|p1a: Cinderace
|
|t:|1759038761
|switch|p2a: Toxapex|Toxapex, F, tera:Grass|98/100|[from] U-turn
|-damage|p2a: Toxapex|85/100|[from] Stealth Rock
|
|-heal|p2a: Toxapex|92/100|[from] item: Leftovers
|upkeep
|
|t:|1759038770
|switch|p1a: Garganacl|Garganacl, M|100/100
|turn|19
|
|t:|1759038774
|move|p2a: Toxapex|Surf|p1a: Garganacl
|-supereffective|p1a: Garganacl
|-damage|p1a: Garganacl|77/100
|move|p1a: Garganacl|Salt Cure|p2a: Toxapex
|-damage|p2a: Toxapex|80/100
|-start|p2a: Toxapex|Salt Cure
|
|-heal|p2a: Toxapex|86/100|[from] item: Leftovers
|-heal|p1a: Garganacl|83/100|[from] item: Leftovers
|-damage|p2a: Toxapex|74/100|[from] Salt Cure
|upkeep
|turn|20
|
|t:|1759038786
|switch|p2a: Landorus|Landorus-Therian, M|75/100
|-damage|p2a: Landorus|62/100|[from] Stealth Rock
|-ability|p2a: Landorus|Intimidate|boost
|-unboost|p1a: Garganacl|atk|1
|move|p1a: Garganacl|Salt Cure|p2a: Landorus
|-damage|p2a: Landorus|54/100
|-start|p2a: Landorus|Salt Cure
|
|-heal|p2a: Landorus|60/100|[from] item: Leftovers
|-heal|p1a: Garganacl|89/100|[from] item: Leftovers
|-damage|p2a: Landorus|47/100|[from] Salt Cure
|upkeep
|turn|21
|
|t:|1759038799
|move|p2a: Landorus|Earthquake|p1a: Garganacl
|-supereffective|p1a: Garganacl
|-damage|p1a: Garganacl|26/100
|move|p1a: Garganacl|Salt Cure|p2a: Landorus
|-damage|p2a: Landorus|38/100
|
|-heal|p2a: Landorus|44/100|[from] item: Leftovers
|-heal|p1a: Garganacl|32/100|[from] item: Leftovers
|-damage|p2a: Landorus|32/100|[from] Salt Cure
|upkeep
|turn|22
|
|t:|1759038814
|switch|p1a: Mandibuzz|Mandibuzz, F|100/100
|move|p2a: Landorus|Stealth Rock|p1a: Mandibuzz
|-sidestart|p1: supmydudeee|move: Stealth Rock
|
|-heal|p2a: Landorus|38/100|[from] item: Leftovers
|-damage|p2a: Landorus|26/100|[from] Salt Cure
|upkeep
|turn|23
|
|t:|1759038822
|move|p2a: Landorus|U-turn|p1a: Mandibuzz
|-damage|p1a: Mandibuzz|87/100
|
|t:|1759038832
|switch|p2a: Toxapex|Toxapex, F, tera:Grass|100/100|[from] U-turn
|-damage|p2a: Toxapex|88/100|[from] Stealth Rock
|move|p1a: Mandibuzz|U-turn|p2a: Toxapex
|-supereffective|p2a: Toxapex
|-damage|p2a: Toxapex|71/100
|
|t:|1759038838
|switch|p1a: Garganacl|Garganacl, M|32/100|[from] U-turn
|-damage|p1a: Garganacl|20/100|[from] Stealth Rock
|
|-heal|p2a: Toxapex|77/100|[from] item: Leftovers
|-heal|p1a: Garganacl|26/100|[from] item: Leftovers
|upkeep
|turn|24
|
|t:|1759038847
|switch|p2a: Gholdengo|Gholdengo|100/100
|-damage|p2a: Gholdengo|94/100|[from] Stealth Rock
|move|p1a: Garganacl|Recover|p1a: Garganacl
|-heal|p1a: Garganacl|76/100
|
|-heal|p1a: Garganacl|82/100|[from] item: Leftovers
|upkeep
|turn|25
|l|☆supmydudeee
|inactive|supmydudeee disconnected and has a minute to reconnect!
|player|p1|
|inactive|supmydudeee has 30 seconds to reconnect!
|inactive|supmydudeee has 20 seconds to reconnect!
|inactive|supmydudeee has 15 seconds to reconnect!
|inactive|supmydudeee has 10 seconds to reconnect!
|inactive|supmydudeee has 5 seconds to reconnect!
|j|☆supmydudeee
|inactive|supmydudeee reconnected and has 40 seconds left.
|player|p1|supmydudeee|102|
|inactive|supmydudeee has 30 seconds left.
|
|t:|1759038915
|move|p2a: Gholdengo|Make It Rain|p1a: Garganacl
|-supereffective|p1a: Garganacl
|-damage|p1a: Garganacl|3/100
|-unboost|p2a: Gholdengo|spa|1
|move|p1a: Garganacl|Recover|p1a: Garganacl
|-heal|p1a: Garganacl|53/100
|
|-heal|p1a: Garganacl|59/100|[from] item: Leftovers
|upkeep
|turn|26
|
|t:|1759038925
|switch|p1a: Gholdengo|Gholdengo|100/100
|-damage|p1a: Gholdengo|94/100|[from] Stealth Rock
|move|p2a: Gholdengo|Make It Rain|p1a: Gholdengo
|-resisted|p1a: Gholdengo
|-damage|p1a: Gholdengo|71/100
|-unboost|p2a: Gholdengo|spa|1
|
|upkeep
|turn|27
|
|t:|1759038940
|switch|p2a: Landorus|Landorus-Therian, M|26/100
|-damage|p2a: Landorus|14/100|[from] Stealth Rock
|-ability|p2a: Landorus|Intimidate|boost
|-unboost|p1a: Gholdengo|atk|1
|move|p1a: Gholdengo|Shadow Ball|p2a: Landorus
|-damage|p2a: Landorus|0 fnt
|faint|p2a: Landorus
|
|upkeep
|
|t:|1759038950
|switch|p2a: Toxapex|Toxapex, F, tera:Grass|100/100
|-damage|p2a: Toxapex|88/100|[from] Stealth Rock
|turn|28
|
|t:|1759038956
|switch|p1a: Garganacl|Garganacl, M|59/100
|-damage|p1a: Garganacl|47/100|[from] Stealth Rock
|move|p2a: Toxapex|Surf|p1a: Garganacl
|-supereffective|p1a: Garganacl
|-damage|p1a: Garganacl|20/100
|
|-heal|p2a: Toxapex|94/100|[from] item: Leftovers
|-heal|p1a: Garganacl|26/100|[from] item: Leftovers
|upkeep
|turn|29
|
|t:|1759038969
|move|p2a: Toxapex|Surf|p1a: Garganacl
|-supereffective|p1a: Garganacl
|-damage|p1a: Garganacl|1/100
|move|p1a: Garganacl|Recover|p1a: Garganacl
|-heal|p1a: Garganacl|51/100
|
|-heal|p1a: Garganacl|57/100|[from] item: Leftovers
|-heal|p2a: Toxapex|100/100|[from] item: Leftovers
|upkeep
|turn|30
|
|t:|1759038978
|switch|p2a: Gholdengo|Gholdengo|94/100
|-damage|p2a: Gholdengo|88/100|[from] Stealth Rock
|move|p1a: Garganacl|Salt Cure|p2a: Gholdengo
|-resisted|p2a: Gholdengo
|-damage|p2a: Gholdengo|81/100
|-start|p2a: Gholdengo|Salt Cure
|
|-heal|p1a: Garganacl|63/100|[from] item: Leftovers
|-damage|p2a: Gholdengo|56/100|[from] Salt Cure
|upkeep
|turn|31
|inactive|supmydudeee has 60 seconds left.
|
|t:|1759038989
|switch|p2a: Clefable|Clefable, M|100/100
|switch|p1a: Mandibuzz|Mandibuzz, F|87/100
|
|upkeep
|turn|32
|
|t:|1759039000
|move|p1a: Mandibuzz|Toxic|p2a: Clefable
|-status|p2a: Clefable|tox
|move|p2a: Clefable|Flamethrower|p1a: Mandibuzz
|-damage|p1a: Mandibuzz|55/100
|
|upkeep
|turn|33
|
|t:|1759039007
|move|p1a: Mandibuzz|U-turn|p2a: Clefable
|-resisted|p2a: Clefable
|-damage|p2a: Clefable|94/100 tox
|
|t:|1759039010
|switch|p1a: Garganacl|Garganacl, M|63/100|[from] U-turn
|-damage|p1a: Garganacl|51/100|[from] Stealth Rock
|move|p2a: Clefable|Moonblast|p1a: Garganacl
|-damage|p1a: Garganacl|15/100
|-unboost|p1a: Garganacl|spa|1
|
|-heal|p1a: Garganacl|21/100|[from] item: Leftovers
|upkeep
|turn|34
|
|t:|1759039021
|move|p2a: Clefable|Moonblast|p1a: Garganacl
|-damage|p1a: Garganacl|0 fnt
|faint|p1a: Garganacl
|
|upkeep
|
|t:|1759039027
|switch|p1a: Gholdengo|Gholdengo|71/100
|-damage|p1a: Gholdengo|65/100|[from] Stealth Rock
|turn|35
|
|t:|1759039034
|switch|p2a: Toxapex|Toxapex, F, tera:Grass|100/100
|-damage|p2a: Toxapex|88/100|[from] Stealth Rock
|move|p1a: Gholdengo|Trick|p2a: Toxapex
|-activate|p1a: Gholdengo|move: Trick|[of] p2a: Toxapex
|-item|p2a: Toxapex|Choice Scarf|[from] move: Trick
|-item|p1a: Gholdengo|Leftovers|[from] move: Trick
|
|-heal|p1a: Gholdengo|71/100|[from] item: Leftovers
|upkeep
|turn|36
|inactive|supmydudeee has 90 seconds left.
|
|t:|1759039046
|move|p1a: Gholdengo|Shadow Ball|p2a: Toxapex
|-damage|p2a: Toxapex|63/100
|move|p2a: Toxapex|Surf|p1a: Gholdengo
|-damage|p1a: Gholdengo|47/100
|
|-heal|p1a: Gholdengo|54/100|[from] item: Leftovers
|upkeep
|turn|37
|inactive|supmydudeee has 90 seconds left.
|l|☆supmydudeee
|inactive|supmydudeee disconnected and has a minute to reconnect!
|player|p1|
|j| shuinifengB
|l| shuinifengB
|inactive|supmydudeee has 30 seconds to reconnect!
|j|☆supmydudeee
|inactive|supmydudeee reconnected and has 55 seconds left.
|player|p1|supmydudeee|102|
|
|t:|1759039096
|move|p1a: Gholdengo|Shadow Ball|p2a: Toxapex
|-damage|p2a: Toxapex|37/100
|-unboost|p2a: Toxapex|spd|1
|move|p2a: Toxapex|Surf|p1a: Gholdengo
|-damage|p1a: Gholdengo|30/100
|
|-heal|p1a: Gholdengo|36/100|[from] item: Leftovers
|upkeep
|turn|38
|inactive|supmydudeee has 60 seconds left.
|
|t:|1759039105
|move|p1a: Gholdengo|Shadow Ball|p2a: Toxapex
|-damage|p2a: Toxapex|0 fnt
|faint|p2a: Toxapex
|
|-heal|p1a: Gholdengo|42/100|[from] item: Leftovers
|upkeep
|
|t:|1759039113
|switch|p2a: Gholdengo|Gholdengo|56/100
|-damage|p2a: Gholdengo|50/100|[from] Stealth Rock
|turn|39
|
|t:|1759039118
|switch|p1a: Mandibuzz|Mandibuzz, F|55/100
|move|p2a: Gholdengo|Shadow Ball|p1a: Mandibuzz
|-resisted|p1a: Mandibuzz
|-damage|p1a: Mandibuzz|38/100
|
|upkeep
|turn|40
|
|t:|1759039127
|switch|p2a: Clefable|Clefable, M|94/100 tox
|move|p1a: Mandibuzz|U-turn|p2a: Clefable
|-resisted|p2a: Clefable
|-damage|p2a: Clefable|88/100 tox
|
|t:|1759039132
|switch|p1a: Gholdengo|Gholdengo|42/100|[from] U-turn
|-damage|p1a: Gholdengo|36/100|[from] Stealth Rock
|
|-heal|p1a: Gholdengo|42/100|[from] item: Leftovers
|upkeep
|turn|41
|
|t:|1759039140
|move|p1a: Gholdengo|Make It Rain|p2a: Clefable
|-supereffective|p2a: Clefable
|-damage|p2a: Clefable|0 fnt
|-unboost|p1a: Gholdengo|spa|1
|faint|p2a: Clefable
|
|-heal|p1a: Gholdengo|48/100|[from] item: Leftovers
|upkeep
|
|t:|1759039150
|switch|p2a: Gholdengo|Gholdengo|50/100
|-damage|p2a: Gholdengo|44/100|[from] Stealth Rock
|turn|42
|
|t:|1759039155
|switch|p1a: Ogerpon|Ogerpon-Wellspring-Tera, F, tera:Water|2/100 tox
|-damage|p1a: Ogerpon|0 fnt|[from] Stealth Rock
|faint|p1a: Ogerpon
|detailschange|p1: Ogerpon|Ogerpon-Wellspring, F|[silent]
|move|p2a: Gholdengo|Shadow Ball|p1: Ogerpon|[notarget]
|-fail|p2a: Gholdengo
|
|upkeep
|
|t:|1759039161
|switch|p1a: Dragapult|Dragapult, F|100/100
|-damage|p1a: Dragapult|88/100|[from] Stealth Rock
|turn|43
|
|t:|1759039165
|move|p1a: Dragapult|Sucker Punch|p2a: Gholdengo
|-supereffective|p2a: Gholdengo
|-damage|p2a: Gholdengo|0 fnt
|faint|p2a: Gholdengo
|
|win|supmydudeee
|raw|supmydudeee's rating: 1513 &rarr; <strong>1537</strong><br />(+24 for winning)
|raw|DavyDXebecc's rating: 1585 &rarr; <strong>1561</strong><br />(-24 for losing)
|l|☆DavyDXebecc
|player|p2|
|l|☆supmydudeee
|player|p1|
