|j|☆SwiftLove
|j|☆caronosaurs
|t:|1759037867
|gametype|singles
|player|p1|SwiftLove|perrin|1325
|player|p2|caronosaurs|pokemaniac|1304
|gen|9
|tier|[Gen 9] OU
|rated|
|rule|HP Percentage Mod: HP is shown in percentages
|rule|Endless Battle Clause: Forcing endless battles is banned
|rule|Species Clause: Limit one of each Pokémon
|rule|OHKO Clause: OHKO moves are banned
|rule|Evasion Items Clause: Evasion items are banned
|rule|Evasion Moves Clause: Evasion moves are banned
|rule|Evasion Abilities Clause: Evasion abilities are banned
|rule|Sleep Moves Clause: Sleep-inducing moves are banned
|clearpoke
|poke|p1|Hawlucha, F|
|poke|p1|Rillaboom, M|
|poke|p1|Iron Moth|
|poke|p1|Glimmora, M|
|poke|p1|Dragapult, M|
|poke|p1|Raging Bolt|
|poke|p2|Sceptile, M|
|poke|p2|Gardevoir, F|
|poke|p2|Alomomola, F|
|poke|p2|Iron Treads|
|poke|p2|Dragapult, M|
|poke|p2|Darkrai|
|teampreview
|
|t:|1759037880
|teamsize|p1|6
|teamsize|p2|6
|start
|switch|p1a: Change Service|Glimmora, M|100/100
|switch|p2a: Canon lore top 5|Darkrai|100/100
|turn|1
|
|t:|1759037891
|move|p2a: Canon lore top 5|Trick|p1a: Change Service
|-activate|p2a: Canon lore top 5|move: Trick|[of] p1a: Change Service
|-item|p1a: Change Service|Choice Scarf|[from] move: Trick
|-item|p2a: Canon lore top 5|Red Card|[from] move: Trick
|move|p1a: Change Service|Stealth Rock|p2a: Canon lore top 5
|-sidestart|p2: caronosaurs|move: Stealth Rock
|
|upkeep
|turn|2
|
|t:|1759037897
|move|p1a: Change Service|Stealth Rock||[still]
|-fail|p1a: Change Service
|move|p2a: Canon lore top 5|Nasty Plot|p2a: Canon lore top 5
|-boost|p2a: Canon lore top 5|spa|2
|
|upkeep
|turn|3
|
|t:|1759037910
|move|p1a: Change Service|Stealth Rock||[still]
|-fail|p1a: Change Service
|move|p2a: Canon lore top 5|Psyshock|p1a: Change Service
|-supereffective|p1a: Change Service
|-damage|p1a: Change Service|0 fnt
|faint|p1a: Change Service
|
|upkeep
|
|t:|1759037913
|switch|p1a: MF Boom|Rillaboom, M|100/100
|-fieldstart|move: Grassy Terrain|[from] ability: Grassy Surge|[of] p1a: MF Boom
|turn|4
|
|t:|1759037921
|-terastallize|p1a: MF Boom|Grass
|move|p1a: MF Boom|Grassy Glide|p2a: Canon lore top 5
|-damage|p2a: Canon lore top 5|0 fnt
|faint|p2a: Canon lore top 5
|
|upkeep
|
|t:|1759037930
|switch|p2a: Iron Donphan|Iron Treads, shiny|100/100
|-damage|p2a: Iron Donphan|98/100|[from] Stealth Rock
|turn|5
|
|t:|1759037936
|move|p1a: MF Boom|Grassy Glide|p2a: Iron Donphan
|-damage|p2a: Iron Donphan|34/100
|move|p2a: Iron Donphan|Rapid Spin|p1a: MF Boom
|-damage|p1a: MF Boom|88/100
|-boost|p2a: Iron Donphan|spe|1
|-sideend|p2: caronosaurs|Stealth Rock|[from] move: Rapid Spin|[of] p2a: Iron Donphan
|
|-heal|p2a: Iron Donphan|40/100|[from] Grassy Terrain
|-heal|p2a: Iron Donphan|46/100|[from] item: Leftovers
|-heal|p1a: MF Boom|94/100|[from] Grassy Terrain
|upkeep
|turn|6
|
|t:|1759037954
|-end|p2a: Iron Donphan|Quark Drive|[silent]
|switch|p2a: Favorite pseudo|Dragapult, M, shiny|100/100
|move|p1a: MF Boom|Grassy Glide|p2a: Favorite pseudo
|-resisted|p2a: Favorite pseudo
|-damage|p2a: Favorite pseudo|43/100
|
|-heal|p2a: Favorite pseudo|49/100|[from] Grassy Terrain
|-heal|p1a: MF Boom|99/100|[from] Grassy Terrain
|upkeep
|turn|7
|
|t:|1759037965
|move|p1a: MF Boom|Grassy Glide|p2a: Favorite pseudo
|-resisted|p2a: Favorite pseudo
|-damage|p2a: Favorite pseudo|0 fnt
|faint|p2a: Favorite pseudo
|
|-heal|p1a: MF Boom|100/100|[from] Grassy Terrain
|upkeep
|
|t:|1759037980
|switch|p2a: Mrs. Hot water|Alomomola, F, shiny|100/100
|turn|8
|
|t:|1759037983
|move|p1a: MF Boom|Grassy Glide|p2a: Mrs. Hot water
|-supereffective|p2a: Mrs. Hot water
|-damage|p2a: Mrs. Hot water|0 fnt
|faint|p2a: Mrs. Hot water
|
|-fieldend|move: Grassy Terrain
|upkeep
|
|t:|1759037989
|switch|p2a: Gardevoir to OU|Gardevoir, F, shiny|100/100
|-ability|p2a: Gardevoir to OU|Grassy Surge|Trace|[from] ability: Trace|[of] p1a: MF Boom
|-fieldstart|move: Grassy Terrain|[from] ability: Grassy Surge|[of] p2a: Gardevoir to OU
|turn|9
|
|t:|1759037995
|move|p1a: MF Boom|Grassy Glide|p2a: Gardevoir to OU
|-damage|p2a: Gardevoir to OU|6/100
|move|p2a: Gardevoir to OU|Draining Kiss|p1a: MF Boom
|-damage|p1a: MF Boom|71/100
|-heal|p2a: Gardevoir to OU|33/100|[from] drain|[of] p1a: MF Boom
|
|-heal|p1a: MF Boom|77/100|[from] Grassy Terrain
|-heal|p2a: Gardevoir to OU|39/100|[from] Grassy Terrain
|-heal|p2a: Gardevoir to OU|45/100|[from] item: Leftovers
|upkeep
|turn|10
|c|☆SwiftLove|omg thank you
|
|t:|1759038003
|move|p1a: MF Boom|Grassy Glide|p2a: Gardevoir to OU
|-damage|p2a: Gardevoir to OU|0 fnt
|faint|p2a: Gardevoir to OU
|
|-heal|p1a: MF Boom|83/100|[from] Grassy Terrain
|upkeep
|
|t:|1759038004
|switch|p2a: #1 Sceptile fan|Sceptile, M, shiny|100/100
|turn|11
|
|t:|1759038013
|move|p1a: MF Boom|Grassy Glide|p2a: #1 Sceptile fan
|-resisted|p2a: #1 Sceptile fan
|-damage|p2a: #1 Sceptile fan|31/100
|move|p2a: #1 Sceptile fan|Energy Ball|p1a: MF Boom
|-resisted|p1a: MF Boom
|-damage|p1a: MF Boom|55/100
|
|-heal|p2a: #1 Sceptile fan|37/100|[from] Grassy Terrain
|-heal|p1a: MF Boom|61/100|[from] Grassy Terrain
|upkeep
|turn|12
|
|t:|1759038019
|move|p1a: MF Boom|Grassy Glide|p2a: #1 Sceptile fan
|-resisted|p2a: #1 Sceptile fan
|-damage|p2a: #1 Sceptile fan|0 fnt
|faint|p2a: #1 Sceptile fan
|
|-heal|p1a: MF Boom|67/100|[from] Grassy Terrain
|upkeep
|
|t:|1759038021
|switch|p2a: Iron Donphan|Iron Treads, shiny|46/100
|turn|13
|
|t:|1759038026
|move|p1a: MF Boom|Grassy Glide|p2a: Iron Donphan
|-damage|p2a: Iron Donphan|0 fnt
|faint|p2a: Iron Donphan
|-end|p2a: Iron Donphan|Quark Drive|[silent]
|
|win|SwiftLove
|raw|SwiftLove's rating: 1325 &rarr; <strong>1344</strong><br />(+19 for winning)
|raw|caronosaurs's rating: 1304 &rarr; <strong>1285</strong><br />(-19 for losing)
|l|☆caronosaurs
|player|p2|
|c|☆SwiftLove|im so sorry
|l|☆SwiftLove
|player|p1|
