|j|☆XIXINANA
|j|☆Rin1604
|t:|1758961395
|gametype|singles
|player|p1|XIXINANA|nate|1299
|player|p2|Rin1604|miku-ghost|1298
|gen|9
|tier|[Gen 9] OU
|rated|
|rule|HP Percentage Mod: HP is shown in percentages
|rule|Endless Battle Clause: Forcing endless battles is banned
|rule|Species Clause: Limit one of each Pokémon
|rule|OHKO Clause: OHKO moves are banned
|rule|Evasion Items Clause: Evasion items are banned
|rule|Evasion Moves Clause: Evasion moves are banned
|rule|Evasion Abilities Clause: Evasion abilities are banned
|rule|Sleep Moves Clause: Sleep-inducing moves are banned
|clearpoke
|poke|p1|Lycanroc-Midnight, F|
|poke|p1|Zoroark-Hisui, F|
|poke|p1|Ceruledge, M|
|poke|p1|Polteageist-Antique|
|poke|p1|Typhlosion-Hisui, F|
|poke|p1|Regidrago|
|poke|p2|Kommo-o, F|
|poke|p2|Gholdengo|
|poke|p2|Ninetales-Alola, M|
|poke|p2|Hatterene, F|
|poke|p2|Zamazenta-*|
|poke|p2|Kingambit, M|
|teampreview
|inactive|Battle timer is ON: inactive players will automatically lose when time's up. (requested by XIXINANA)
|
|t:|1758961413
|teamsize|p1|6
|teamsize|p2|6
|start
|switch|p1a: Typhlosion|Typhlosion-Hisui, F|100/100
|switch|p2a: Zamazenta|Zamazenta|100/100
|-item|p2a: Zamazenta|Life Orb|[from] ability: Frisk|[of] p1a: Typhlosion
|-ability|p2a: Zamazenta|Dauntless Shield|boost
|-boost|p2a: Zamazenta|def|1
|turn|1
|l|☆XIXINANA
|inactive|XIXINANA disconnected and has a minute to reconnect!
|player|p1|
|j|☆XIXINANA
|inactive|XIXINANA reconnected and has 140 seconds left.
|player|p1|XIXINANA|nate|
|
|t:|1758961438
|move|p1a: Typhlosion|Eruption|p2a: Zamazenta
|-damage|p2a: Zamazenta|37/100
|move|p2a: Zamazenta|Crunch|p1a: Typhlosion
|-supereffective|p1a: Typhlosion
|-damage|p1a: Typhlosion|0 fnt
|faint|p1a: Typhlosion
|-damage|p2a: Zamazenta|27/100|[from] item: Life Orb
|
|upkeep
|inactive|XIXINANA has 120 seconds left.
|
|t:|1758961461
|switch|p1a: Lycanroc|Lycanroc-Midnight, F|100/100
|turn|2
|inactive|XIXINANA has 120 seconds left.
|
|t:|1758961469
|move|p2a: Zamazenta|Heavy Slam|p1a: Lycanroc
|-damage|p1a: Lycanroc|46/100
|replace|p1a: Zoroark|Zoroark-Hisui, F
|-end|p1a: Zoroark|Illusion
|-damage|p2a: Zamazenta|17/100|[from] item: Life Orb
|move|p1a: Zoroark|Bitter Malice|p2a: Zamazenta
|-damage|p2a: Zamazenta|0 fnt
|faint|p2a: Zamazenta
|
|upkeep
|
|t:|1758961486
|switch|p2a: Ninetales|Ninetales-Alola, M|100/100
|-weather|Snowscape|[from] ability: Snow Warning|[of] p2a: Ninetales
|turn|3
|
|t:|1758961492
|move|p1a: Zoroark|Bitter Malice|p2a: Ninetales
|-damage|p2a: Ninetales|42/100
|-unboost|p2a: Ninetales|atk|1
|move|p2a: Ninetales|Aurora Veil|p2a: Ninetales
|-sidestart|p2: Rin1604|move: Aurora Veil
|
|-weather|Snowscape|[upkeep]
|upkeep
|turn|4
|
|t:|1758961508
|switch|p2a: Kingambit|Kingambit, M|100/100
|-activate|p2a: Kingambit|ability: Supreme Overlord
|-start|p2a: Kingambit|fallen1|[silent]
|-item|p2a: Kingambit|Air Balloon
|move|p1a: Zoroark|Bitter Malice|p2a: Kingambit
|-resisted|p2a: Kingambit
|-damage|p2a: Kingambit|87/100
|-unboost|p2a: Kingambit|atk|1
|-enditem|p2a: Kingambit|Air Balloon
|
|-weather|Snowscape|[upkeep]
|upkeep
|turn|5
|
|t:|1758961527
|switch|p1a: Lycanroc|Lycanroc-Midnight, F|100/100
|move|p2a: Kingambit|Kowtow Cleave|p1a: Lycanroc
|-crit|p1a: Lycanroc
|-damage|p1a: Lycanroc|0 fnt
|faint|p1a: Lycanroc
|
|-weather|Snowscape|[upkeep]
|upkeep
|inactive|XIXINANA has 120 seconds left.
|
|t:|1758961542
|switch|p1a: Ceruledge|Ceruledge, M|100/100
|turn|6
|
|t:|1758961556
|-end|p2a: Kingambit|fallen1|[silent]
|switch|p2a: Hatterene|Hatterene, F|100/100
|move|p1a: Ceruledge|Bitter Blade|p2a: Hatterene
|-damage|p2a: Hatterene|81/100
|
|-weather|Snowscape|[upkeep]
|upkeep
|turn|7
|l|☆XIXINANA
|inactive|XIXINANA disconnected and has a minute to reconnect!
|player|p1|
|inactive|XIXINANA has 30 seconds to reconnect!
|inactive|XIXINANA has 20 seconds to reconnect!
|inactive|XIXINANA has 15 seconds to reconnect!
|inactive|XIXINANA has 10 seconds to reconnect!
|inactive|XIXINANA has 5 seconds to reconnect!
|-message|XIXINANA lost due to inactivity.
|
|win|Rin1604
|raw|XIXINANA's rating: 1299 &rarr; <strong>1274</strong><br />(-25 for losing)
|raw|Rin1604's rating: 1298 &rarr; <strong>1323</strong><br />(+25 for winning)
|l|☆Rin1604
|player|p2|
