|j|☆4DEF+4SPD=GG
|j|☆zast3133
|t:|1758936854
|gametype|singles
|player|p1|4DEF+4SPD=GG|preschooler|1530
|player|p2|zast3133|nate|1493
|gen|9
|tier|[Gen 9] OU
|rated|
|rule|HP Percentage Mod: HP is shown in percentages
|rule|Endless Battle Clause: Forcing endless battles is banned
|rule|Species Clause: Limit one of each Pokémon
|rule|OHKO Clause: OHKO moves are banned
|rule|Evasion Items Clause: Evasion items are banned
|rule|Evasion Moves Clause: Evasion moves are banned
|rule|Evasion Abilities Clause: Evasion abilities are banned
|rule|Sleep Moves Clause: Sleep-inducing moves are banned
|clearpoke
|poke|p1|Tyranitar, M|
|poke|p1|Excadrill, M|
|poke|p1|Corviknight, M|
|poke|p1|Glimmora, M|
|poke|p1|Hippowdon, M|
|poke|p1|Scizor, M|
|poke|p2|Raging Bolt|
|poke|p2|Dondozo, M|
|poke|p2|Araquanid, M|
|poke|p2|Scizor, M|
|poke|p2|Iron Valiant|
|poke|p2|Ogerpon-Wellspring, F|
|teampreview
|inactive|Battle timer is ON: inactive players will automatically lose when time's up. (requested by 4DEF+4SPD=GG)
|
|t:|1758936863
|teamsize|p1|6
|teamsize|p2|6
|start
|switch|p1a: Glimmora|Glimmora, M|100/100
|switch|p2a: Araquanid|Araquanid, M, shiny|100/100
|turn|1
|
|t:|1758936869
|move|p1a: Glimmora|Meteor Beam||[still]
|-prepare|p1a: Glimmora|Meteor Beam
|-boost|p1a: Glimmora|spa|1
|-enditem|p1a: Glimmora|Power Herb
|-anim|p1a: Glimmora|Meteor Beam|p2a: Araquanid
|-supereffective|p2a: Araquanid
|-damage|p2a: Araquanid|0 fnt
|faint|p2a: Araquanid
|
|upkeep
|
|t:|1758936879
|switch|p2a: Scizor|Scizor, M, shiny|100/100
|turn|2
|
|t:|1758936885
|-terastallize|p1a: Glimmora|Bug
|move|p1a: Glimmora|Earth Power|p2a: Scizor
|-damage|p2a: Scizor|37/100
|move|p2a: Scizor|Swords Dance|p2a: Scizor
|-boost|p2a: Scizor|atk|2
|
|-heal|p2a: Scizor|43/100|[from] item: Leftovers
|upkeep
|turn|3
|
|t:|1758936896
|move|p2a: Scizor|Bullet Punch|p1a: Glimmora
|-damage|p1a: Glimmora|18/100
|-activate|p1a: Glimmora|ability: Toxic Debris
|-sidestart|p2: zast3133|move: Toxic Spikes
|move|p1a: Glimmora|Earth Power|p2a: Scizor
|-damage|p2a: Scizor|0 fnt
|faint|p2a: Scizor
|
|upkeep
|
|t:|1758936913
|switch|p2a: Iron Valiant|Iron Valiant|100/100
|-status|p2a: Iron Valiant|psn
|-enditem|p2a: Iron Valiant|Booster Energy
|-activate|p2a: Iron Valiant|ability: Quark Drive|[fromitem]
|-start|p2a: Iron Valiant|quarkdrivespe
|turn|4
|
|t:|1758936920
|switch|p1a: Corviknight|Corviknight, M|100/100
|move|p2a: Iron Valiant|Moonblast|p1a: Corviknight
|-resisted|p1a: Corviknight
|-damage|p1a: Corviknight|76/100
|-ability|p1a: Corviknight|Mirror Armor
|-unboost|p2a: Iron Valiant|spa|1
|
|-damage|p2a: Iron Valiant|88/100 psn|[from] psn
|upkeep
|turn|5
|
|t:|1758936931
|move|p2a: Iron Valiant|Thunderbolt|p1a: Corviknight
|-supereffective|p1a: Corviknight
|-damage|p1a: Corviknight|35/100
|move|p1a: Corviknight|U-turn|p2a: Iron Valiant
|-resisted|p2a: Iron Valiant
|-damage|p2a: Iron Valiant|84/100 psn
|
|t:|1758936933
|switch|p1a: Scizor|Scizor, M|100/100|[from] U-turn
|
|-damage|p2a: Iron Valiant|71/100 psn|[from] psn
|upkeep
|turn|6
|
|t:|1758936943
|move|p1a: Scizor|Bullet Punch|p2a: Iron Valiant
|-supereffective|p2a: Iron Valiant
|-damage|p2a: Iron Valiant|0 fnt
|faint|p2a: Iron Valiant
|-end|p2a: Iron Valiant|Quark Drive|[silent]
|
|upkeep
|
|t:|1758936948
|switch|p2a: Ogerpon|Ogerpon-Wellspring, F|100/100
|-status|p2a: Ogerpon|psn
|turn|7
|
|t:|1758936954
|switch|p1a: Glimmora|Glimmora, M, tera:Bug|18/100
|move|p2a: Ogerpon|Swords Dance|p2a: Ogerpon
|-boost|p2a: Ogerpon|atk|2
|
|-damage|p2a: Ogerpon|88/100 psn|[from] psn
|upkeep
|turn|8
|
|t:|1758936962
|move|p2a: Ogerpon|Ivy Cudgel|p1a: Glimmora|[anim] Ivy Cudgel Water
|-damage|p1a: Glimmora|0 fnt
|-activate|p1a: Glimmora|ability: Toxic Debris
|-sidestart|p2: zast3133|move: Toxic Spikes
|faint|p1a: Glimmora
|
|-damage|p2a: Ogerpon|76/100 psn|[from] psn
|upkeep
|
|t:|1758936965
|switch|p1a: Hippowdon|Hippowdon, M|100/100
|-weather|Sandstorm|[from] ability: Sand Stream|[of] p1a: Hippowdon
|turn|9
|
|t:|1758936975
|switch|p1a: Corviknight|Corviknight, M|35/100
|move|p2a: Ogerpon|Ivy Cudgel|p1a: Corviknight|[anim] Ivy Cudgel Water
|-damage|p1a: Corviknight|0 fnt
|faint|p1a: Corviknight
|
|-weather|Sandstorm|[upkeep]
|-damage|p2a: Ogerpon|70/100 psn|[from] Sandstorm
|-damage|p2a: Ogerpon|58/100 psn|[from] psn
|upkeep
|
|t:|1758936988
|switch|p1a: Excadrill|Excadrill, M|100/100
|turn|10
|
|t:|1758936992
|move|p1a: Excadrill|Earthquake|p2a: Ogerpon
|-resisted|p2a: Ogerpon
|-damage|p2a: Ogerpon|16/100 psn
|move|p2a: Ogerpon|Ivy Cudgel|p1a: Excadrill|[anim] Ivy Cudgel Water
|-supereffective|p1a: Excadrill
|-enditem|p1a: Excadrill|Focus Sash
|-damage|p1a: Excadrill|1/100
|
|-weather|Sandstorm|[upkeep]
|-damage|p2a: Ogerpon|10/100 psn|[from] Sandstorm
|-damage|p2a: Ogerpon|0 fnt|[from] psn
|faint|p2a: Ogerpon
|upkeep
|
|t:|1758937004
|switch|p2a: Dondozo|Dondozo, M, shiny|100/100
|-status|p2a: Dondozo|tox
|turn|11
|
|t:|1758937009
|switch|p1a: Scizor|Scizor, M|100/100
|move|p2a: Dondozo|Curse|p2a: Dondozo
|-unboost|p2a: Dondozo|spe|1
|-boost|p2a: Dondozo|atk|1
|-boost|p2a: Dondozo|def|1
|
|-weather|Sandstorm|[upkeep]
|-damage|p2a: Dondozo|94/100 tox|[from] Sandstorm
|-heal|p2a: Dondozo|100/100 tox|[from] item: Leftovers
|-damage|p2a: Dondozo|94/100 tox|[from] psn
|upkeep
|turn|12
|
|t:|1758937021
|move|p1a: Scizor|Knock Off|p2a: Dondozo
|-damage|p2a: Dondozo|71/100 tox
|-enditem|p2a: Dondozo|Leftovers|[from] move: Knock Off|[of] p1a: Scizor
|move|p2a: Dondozo|Curse|p2a: Dondozo
|-unboost|p2a: Dondozo|spe|1
|-boost|p2a: Dondozo|atk|1
|-boost|p2a: Dondozo|def|1
|
|-weather|Sandstorm|[upkeep]
|-damage|p2a: Dondozo|65/100 tox|[from] Sandstorm
|-damage|p2a: Dondozo|53/100 tox|[from] psn
|upkeep
|turn|13
|
|t:|1758937033
|switch|p1a: Hippowdon|Hippowdon, M|100/100
|move|p2a: Dondozo|Waterfall|p1a: Hippowdon
|-supereffective|p1a: Hippowdon
|-damage|p1a: Hippowdon|43/100
|
|-weather|Sandstorm|[upkeep]
|-damage|p2a: Dondozo|47/100 tox|[from] Sandstorm
|-damage|p2a: Dondozo|28/100 tox|[from] psn
|upkeep
|turn|14
|
|t:|1758937043
|move|p1a: Hippowdon|Slack Off|p1a: Hippowdon
|-heal|p1a: Hippowdon|93/100
|move|p2a: Dondozo|Rest|p2a: Dondozo
|-status|p2a: Dondozo|slp|[from] move: Rest
|-heal|p2a: Dondozo|100/100 slp|[silent]
|
|-weather|Sandstorm|[upkeep]
|-damage|p2a: Dondozo|94/100 slp|[from] Sandstorm
|upkeep
|turn|15
|
|t:|1758937053
|cant|p2a: Dondozo|slp
|move|p1a: Hippowdon|Whirlwind|p2a: Dondozo
|drag|p2a: Raging Bolt|Raging Bolt|100/100
|-status|p2a: Raging Bolt|tox
|-enditem|p2a: Raging Bolt|Booster Energy
|-activate|p2a: Raging Bolt|ability: Protosynthesis|[fromitem]
|-start|p2a: Raging Bolt|protosynthesisspa
|
|-weather|Sandstorm|[upkeep]
|-damage|p2a: Raging Bolt|94/100 tox|[from] Sandstorm
|-damage|p2a: Raging Bolt|88/100 tox|[from] psn
|upkeep
|turn|16
|
|t:|1758937065
|switch|p1a: Tyranitar|Tyranitar, M|100/100
|move|p2a: Raging Bolt|Dragon Pulse|p1a: Tyranitar
|-damage|p1a: Tyranitar|63/100
|
|-weather|none
|-damage|p2a: Raging Bolt|76/100 tox|[from] psn
|upkeep
|turn|17
|
|t:|1758937074
|move|p2a: Raging Bolt|Calm Mind|p2a: Raging Bolt
|-boost|p2a: Raging Bolt|spa|1
|-boost|p2a: Raging Bolt|spd|1
|move|p1a: Tyranitar|Ice Beam|p2a: Raging Bolt
|-supereffective|p2a: Raging Bolt
|-damage|p2a: Raging Bolt|51/100 tox
|
|-damage|p2a: Raging Bolt|32/100 tox|[from] psn
|upkeep
|turn|18
|
|t:|1758937083
|move|p2a: Raging Bolt|Dragon Pulse|p1a: Tyranitar
|-damage|p1a: Tyranitar|0 fnt
|faint|p1a: Tyranitar
|
|-damage|p2a: Raging Bolt|8/100 tox|[from] psn
|upkeep
|
|t:|1758937089
|switch|p1a: Excadrill|Excadrill, M|1/100
|turn|19
|
|t:|1758937093
|move|p1a: Excadrill|Earthquake|p2a: Raging Bolt
|-supereffective|p2a: Raging Bolt
|-damage|p2a: Raging Bolt|0 fnt
|faint|p2a: Raging Bolt
|-end|p2a: Raging Bolt|Protosynthesis|[silent]
|
|upkeep
|
|t:|1758937098
|switch|p2a: Dondozo|Dondozo, M, shiny|94/100 slp
|turn|20
|
|t:|1758937106
|move|p1a: Excadrill|Earthquake|p2a: Dondozo
|-damage|p2a: Dondozo|58/100 slp
|cant|p2a: Dondozo|slp
|
|upkeep
|turn|21
|
|t:|1758937112
|move|p1a: Excadrill|Earthquake|p2a: Dondozo
|-damage|p2a: Dondozo|24/100 slp
|-curestatus|p2a: Dondozo|slp|[msg]
|move|p2a: Dondozo|Rest|p2a: Dondozo
|-status|p2a: Dondozo|slp|[from] move: Rest
|-heal|p2a: Dondozo|100/100 slp|[silent]
|
|upkeep
|turn|22
|
|t:|1758937122
|move|p1a: Excadrill|Earthquake|p2a: Dondozo
|-crit|p2a: Dondozo
|-damage|p2a: Dondozo|53/100 slp
|cant|p2a: Dondozo|slp
|
|upkeep
|turn|23
|
|t:|1758937129
|move|p1a: Excadrill|Earthquake|p2a: Dondozo
|-damage|p2a: Dondozo|22/100 slp
|cant|p2a: Dondozo|slp
|
|upkeep
|turn|24
|
|t:|1758937134
|move|p1a: Excadrill|Earthquake|p2a: Dondozo
|-damage|p2a: Dondozo|0 fnt
|faint|p2a: Dondozo
|
|win|4DEF+4SPD=GG
|raw|4DEF+4SPD=GG's rating: 1530 &rarr; <strong>1548</strong><br />(+18 for winning)
|raw|zast3133's rating: 1493 &rarr; <strong>1475</strong><br />(-18 for losing)
