|j|☆ohjeebus
|j|☆Kingkaz101
|t:|1758981692
|gametype|singles
|player|p1|ohjeebus|koga|1551
|player|p2|Kingkaz101|169|1646
|gen|9
|tier|[Gen 9] OU
|rated|
|rule|HP Percentage Mod: HP is shown in percentages
|rule|Endless Battle Clause: Forcing endless battles is banned
|rule|Species Clause: Limit one of each Pokémon
|rule|OHKO Clause: OHKO moves are banned
|rule|Evasion Items Clause: Evasion items are banned
|rule|Evasion Moves Clause: Evasion moves are banned
|rule|Evasion Abilities Clause: Evasion abilities are banned
|rule|Sleep Moves Clause: Sleep-inducing moves are banned
|clearpoke
|poke|p1|Scizor, F|
|poke|p1|Gholdengo|
|poke|p1|Ogerpon-Wellspring, F|
|poke|p1|Ting-Lu|
|poke|p1|Dragonite, M|
|poke|p1|Glimmora, M|
|poke|p2|Lokix, F|
|poke|p2|Mandibuzz, F|
|poke|p2|Ursaluna, F|
|poke|p2|Slowking, F|
|poke|p2|Ninetales-Alola, M|
|poke|p2|Porygon-Z|
|teampreview
|inactive|Battle timer is ON: inactive players will automatically lose when time's up. (requested by ohjeebus)
|
|t:|1758981715
|teamsize|p1|6
|teamsize|p2|6
|start
|switch|p1a: Glimmora|Glimmora, M|100/100
|switch|p2a: Slowking|Slowking, F|100/100
|turn|1
|
|t:|1758981718
|switch|p1a: Ting-Lu|Ting-Lu|100/100
|-ability|p1a: Ting-Lu|Vessel of Ruin
|move|p2a: Slowking|Scald|p1a: Ting-Lu
|-supereffective|p1a: Ting-Lu
|-damage|p1a: Ting-Lu|60/100
|-status|p1a: Ting-Lu|brn
|
|-heal|p1a: Ting-Lu|66/100 brn|[from] item: Leftovers
|-damage|p1a: Ting-Lu|60/100 brn|[from] brn
|upkeep
|turn|2
|
|t:|1758981726
|move|p1a: Ting-Lu|Stealth Rock|p2a: Slowking
|-sidestart|p2: Kingkaz101|move: Stealth Rock
|move|p2a: Slowking|Future Sight|p1a: Ting-Lu
|-start|p2a: Slowking|move: Future Sight
|
|-heal|p1a: Ting-Lu|66/100 brn|[from] item: Leftovers
|-damage|p1a: Ting-Lu|60/100 brn|[from] brn
|upkeep
|turn|3
|
|t:|1758981729
|move|p1a: Ting-Lu|Ruination|p2a: Slowking|[miss]
|-miss|p1a: Ting-Lu|p2a: Slowking
|move|p2a: Slowking|Ice Beam|p1a: Ting-Lu
|-supereffective|p1a: Ting-Lu
|-damage|p1a: Ting-Lu|29/100 brn
|
|-heal|p1a: Ting-Lu|36/100 brn|[from] item: Leftovers
|-damage|p1a: Ting-Lu|29/100 brn|[from] brn
|upkeep
|turn|4
|
|t:|1758981732
|move|p1a: Ting-Lu|Ruination|p2a: Slowking|[miss]
|-miss|p1a: Ting-Lu|p2a: Slowking
|move|p2a: Slowking|Ice Beam|p1a: Ting-Lu
|-supereffective|p1a: Ting-Lu
|-damage|p1a: Ting-Lu|0 fnt
|faint|p1a: Ting-Lu
|
|-hint|Future Sight did not hit because the target is fainted.
|upkeep
|
|t:|1758981742
|switch|p1a: Scizor|Scizor, F|100/100
|turn|5
|
|t:|1758981744
|switch|p2a: Mandibuzz|Mandibuzz, F|100/100
|move|p1a: Scizor|Knock Off|p2a: Mandibuzz
|-resisted|p2a: Mandibuzz
|-damage|p2a: Mandibuzz|89/100
|-enditem|p2a: Mandibuzz|Heavy-Duty Boots|[from] move: Knock Off|[of] p1a: Scizor
|
|upkeep
|turn|6
|
|t:|1758981750
|switch|p1a: Gholdengo|Gholdengo|100/100
|-item|p1a: Gholdengo|Air Balloon
|move|p2a: Mandibuzz|Defog|p1a: Gholdengo
|-immune|p1a: Gholdengo|[from] ability: Good as Gold
|
|upkeep
|turn|7
|
|t:|1758981758
|move|p1a: Gholdengo|Nasty Plot|p1a: Gholdengo
|-boost|p1a: Gholdengo|spa|2
|move|p2a: Mandibuzz|Foul Play|p1a: Gholdengo
|-supereffective|p1a: Gholdengo
|-damage|p1a: Gholdengo|71/100
|-enditem|p1a: Gholdengo|Air Balloon
|
|upkeep
|turn|8
|
|t:|1758981762
|move|p1a: Gholdengo|Make It Rain|p2a: Mandibuzz
|-damage|p2a: Mandibuzz|0 fnt
|-unboost|p1a: Gholdengo|spa|1
|faint|p2a: Mandibuzz
|
|upkeep
|
|t:|1758981767
|switch|p2a: Lokix|Lokix, F|100/100
|-damage|p2a: Lokix|76/100|[from] Stealth Rock
|turn|9
|
|t:|1758981770
|switch|p1a: Glimmora|Glimmora, M|100/100
|move|p2a: Lokix|U-turn|p1a: Glimmora
|-resisted|p1a: Glimmora
|-damage|p1a: Glimmora|54/100
|-damage|p2a: Lokix|59/100|[from] item: Rocky Helmet|[of] p1a: Glimmora
|-activate|p1a: Glimmora|ability: Toxic Debris
|-sidestart|p2: Kingkaz101|move: Toxic Spikes
|-damage|p2a: Lokix|49/100|[from] item: Life Orb
|
|t:|1758981781
|switch|p2a: Ursaluna|Ursaluna, F|100/100|[from] U-turn
|-damage|p2a: Ursaluna|94/100|[from] Stealth Rock
|-status|p2a: Ursaluna|psn
|
|-damage|p2a: Ursaluna|82/100 psn|[from] psn
|upkeep
|turn|10
|
|t:|1758981789
|move|p1a: Glimmora|Earth Power|p2a: Ursaluna
|-damage|p2a: Ursaluna|58/100 psn
|move|p2a: Ursaluna|Earthquake|p1a: Glimmora
|-supereffective|p1a: Glimmora
|-damage|p1a: Glimmora|0 fnt
|-activate|p1a: Glimmora|ability: Toxic Debris
|-sidestart|p2: Kingkaz101|move: Toxic Spikes
|faint|p1a: Glimmora
|
|-damage|p2a: Ursaluna|46/100 psn|[from] psn
|upkeep
|
|t:|1758981796
|switch|p1a: Dragonite|Dragonite, M|100/100
|turn|11
|
|t:|1758981799
|move|p1a: Dragonite|Dragon Dance|p1a: Dragonite
|-boost|p1a: Dragonite|atk|1
|-boost|p1a: Dragonite|spe|1
|move|p2a: Ursaluna|Facade|p1a: Dragonite
|-damage|p1a: Dragonite|36/100
|
|-damage|p2a: Ursaluna|34/100 psn|[from] psn
|upkeep
|turn|12
|
|t:|1758981802
|move|p1a: Dragonite|Earthquake|p2a: Ursaluna
|-damage|p2a: Ursaluna|0 fnt
|faint|p2a: Ursaluna
|
|upkeep
|
|t:|1758981805
|switch|p2a: Ninetales|Ninetales-Alola, M|100/100
|-damage|p2a: Ninetales|76/100|[from] Stealth Rock
|-status|p2a: Ninetales|tox
|-weather|Snowscape|[from] ability: Snow Warning|[of] p2a: Ninetales
|turn|13
|
|t:|1758981809
|-terastallize|p1a: Dragonite|Normal
|move|p1a: Dragonite|Extreme Speed|p2a: Ninetales
|-damage|p2a: Ninetales|20/100 tox
|move|p2a: Ninetales|Aurora Veil|p2a: Ninetales
|-sidestart|p2: Kingkaz101|move: Aurora Veil
|
|-weather|Snowscape|[upkeep]
|-damage|p2a: Ninetales|14/100 tox|[from] psn
|upkeep
|turn|14
|
|t:|1758981815
|move|p1a: Dragonite|Roost|p1a: Dragonite
|-heal|p1a: Dragonite|86/100
|move|p2a: Ninetales|Moonblast|p1a: Dragonite
|-damage|p1a: Dragonite|57/100
|
|-weather|Snowscape|[upkeep]
|-damage|p2a: Ninetales|2/100 tox|[from] psn
|upkeep
|turn|15
|
|t:|1758981821
|move|p1a: Dragonite|Extreme Speed|p2a: Ninetales
|-damage|p2a: Ninetales|0 fnt
|faint|p2a: Ninetales
|
|-weather|Snowscape|[upkeep]
|upkeep
|
|t:|1758981829
|switch|p2a: Porygon-Z|Porygon-Z|100/100
|-damage|p2a: Porygon-Z|88/100|[from] Stealth Rock
|-status|p2a: Porygon-Z|tox
|turn|16
|
|t:|1758981834
|switch|p1a: Gholdengo|Gholdengo|71/100
|-terastallize|p2a: Porygon-Z|Ice
|move|p2a: Porygon-Z|Blizzard|p1a: Gholdengo
|-resisted|p1a: Gholdengo
|-damage|p1a: Gholdengo|12/100
|
|-weather|Snowscape|[upkeep]
|-damage|p2a: Porygon-Z|82/100 tox|[from] psn
|upkeep
|turn|17
|
|t:|1758981838
|move|p2a: Porygon-Z|Blizzard|p1a: Gholdengo
|-resisted|p1a: Gholdengo
|-damage|p1a: Gholdengo|0 fnt
|faint|p1a: Gholdengo
|
|-weather|none
|-damage|p2a: Porygon-Z|70/100 tox|[from] psn
|upkeep
|
|t:|1758981840
|switch|p1a: Scizor|Scizor, F|100/100
|turn|18
|
|t:|1758981843
|move|p2a: Porygon-Z|Blizzard|p1a: Scizor
|-resisted|p1a: Scizor
|-damage|p1a: Scizor|30/100
|move|p1a: Scizor|Knock Off|p2a: Porygon-Z
|-damage|p2a: Porygon-Z|42/100 tox
|-enditem|p2a: Porygon-Z|Choice Specs|[from] move: Knock Off|[of] p1a: Scizor
|
|-damage|p2a: Porygon-Z|24/100 tox|[from] psn
|upkeep
|turn|19
|
|t:|1758981850
|move|p1a: Scizor|Bullet Punch|p2a: Porygon-Z
|-supereffective|p2a: Porygon-Z
|-damage|p2a: Porygon-Z|0 fnt
|faint|p2a: Porygon-Z
|
|upkeep
|
|t:|1758981856
|switch|p2a: Slowking|Slowking, F|100/100
|-damage|p2a: Slowking|88/100|[from] Stealth Rock
|-status|p2a: Slowking|tox
|turn|20
|
|t:|1758981866
|move|p1a: Scizor|U-turn|p2a: Slowking
|-supereffective|p2a: Slowking
|-damage|p2a: Slowking|49/100 tox
|
|t:|1758981868
|switch|p1a: Ogerpon|Ogerpon-Wellspring, F|100/100|[from] U-turn
|move|p2a: Slowking|Flamethrower|p1a: Ogerpon
|-damage|p1a: Ogerpon|69/100
|
|-damage|p2a: Slowking|43/100 tox|[from] psn
|-sideend|p2: Kingkaz101|move: Aurora Veil
|upkeep
|turn|21
|
|t:|1758981872
|move|p1a: Ogerpon|Trailblaze|p2a: Slowking
|-supereffective|p2a: Slowking
|-damage|p2a: Slowking|0 fnt
|-boost|p1a: Ogerpon|spe|1
|faint|p2a: Slowking
|
|upkeep
|
|t:|1758981873
|switch|p2a: Lokix|Lokix, F|49/100
|-damage|p2a: Lokix|25/100|[from] Stealth Rock
|-status|p2a: Lokix|tox
|turn|22
|
|t:|1758981875
|move|p2a: Lokix|First Impression|p1a: Ogerpon
|-supereffective|p1a: Ogerpon
|-damage|p1a: Ogerpon|0 fnt
|faint|p1a: Ogerpon
|-damage|p2a: Lokix|15/100 tox|[from] item: Life Orb
|
|-damage|p2a: Lokix|9/100 tox|[from] psn
|upkeep
|
|t:|1758981877
|switch|p1a: Dragonite|Dragonite, M, tera:Normal|57/100
|turn|23
|
|t:|1758981879
|move|p1a: Dragonite|Extreme Speed|p2a: Lokix
|-damage|p2a: Lokix|0 fnt
|faint|p2a: Lokix
|
|win|ohjeebus
|raw|ohjeebus's rating: 1551 &rarr; <strong>1576</strong><br />(+25 for winning)
|raw|Kingkaz101's rating: 1646 &rarr; <strong>1621</strong><br />(-25 for losing)
|l|☆ohjeebus
|player|p1|
