|j|☆wolverinegg
|j|☆lukazzete
|t:|1758982545
|gametype|singles
|player|p1|wolverinegg|102|1264
|player|p2|lukazzete|169|1292
|gen|9
|tier|[Gen 9] OU
|rated|
|rule|HP Percentage Mod: HP is shown in percentages
|rule|Endless Battle Clause: Forcing endless battles is banned
|rule|Species Clause: Limit one of each Pokémon
|rule|OHKO Clause: OHKO moves are banned
|rule|Evasion Items Clause: Evasion items are banned
|rule|Evasion Moves Clause: Evasion moves are banned
|rule|Evasion Abilities Clause: Evasion abilities are banned
|rule|Sleep Moves Clause: Sleep-inducing moves are banned
|clearpoke
|poke|p1|Chansey, F|
|poke|p1|Dondozo, M|
|poke|p1|Corviknight, F|
|poke|p1|Arcanine-Hisui, F|
|poke|p1|Ting-Lu|
|poke|p1|Haxorus, F|
|poke|p2|Goodra-Hisui, M|
|poke|p2|Blaziken, F|
|poke|p2|Gyarados, M|
|poke|p2|Garchomp, M|
|poke|p2|Rillaboom, F|
|poke|p2|Hoopa-Unbound|
|teampreview
|inactive|Battle timer is ON: inactive players will automatically lose when time's up. (requested by wolverinegg)
|
|t:|1758982560
|teamsize|p1|6
|teamsize|p2|6
|start
|switch|p1a: Haxorus|Haxorus, F|100/100
|switch|p2a: Rillaboom|Rillaboom, F|100/100
|-fieldstart|move: Grassy Terrain|[from] ability: Grassy Surge|[of] p2a: Rillaboom
|-ability|p1a: Haxorus|Mold Breaker
|turn|1
|
|t:|1758982574
|move|p2a: Rillaboom|Knock Off|p1a: Haxorus
|-damage|p1a: Haxorus|34/100
|-enditem|p1a: Haxorus|Loaded Dice|[from] move: Knock Off|[of] p2a: Rillaboom
|move|p1a: Haxorus|Dragon Dance|p1a: Haxorus
|-boost|p1a: Haxorus|atk|1
|-boost|p1a: Haxorus|spe|1
|
|-heal|p1a: Haxorus|40/100|[from] Grassy Terrain
|upkeep
|turn|2
|
|t:|1758982586
|switch|p2a: Garchomp|Garchomp, M|100/100
|move|p1a: Haxorus|Scale Shot|p2a: Garchomp
|-supereffective|p2a: Garchomp
|-damage|p2a: Garchomp|69/100
|-supereffective|p2a: Garchomp
|-damage|p2a: Garchomp|37/100
|-supereffective|p2a: Garchomp
|-damage|p2a: Garchomp|3/100
|-supereffective|p2a: Garchomp
|-damage|p2a: Garchomp|0 fnt
|faint|p2a: Garchomp
|-hitcount|p2: Garchomp|4
|-unboost|p1a: Haxorus|def|1
|-boost|p1a: Haxorus|spe|1
|
|-heal|p1a: Haxorus|46/100|[from] Grassy Terrain
|upkeep
|
|t:|1758982603
|switch|p2a: Rillaboom|Rillaboom, F|100/100
|turn|3
|
|t:|1758982607
|move|p2a: Rillaboom|Grassy Glide|p1a: Haxorus
|-resisted|p1a: Haxorus
|-damage|p1a: Haxorus|0 fnt
|faint|p1a: Haxorus
|
|upkeep
|
|t:|1758982613
|switch|p1a: Arcanine|Arcanine-Hisui, F|100/100
|turn|4
|
|t:|1758982626
|move|p2a: Rillaboom|Grassy Glide|p1a: Arcanine
|-damage|p1a: Arcanine|29/100
|move|p1a: Arcanine|Flare Blitz|p2a: Rillaboom
|-supereffective|p2a: Rillaboom
|-damage|p2a: Rillaboom|0 fnt
|faint|p2a: Rillaboom
|
|-heal|p1a: Arcanine|35/100|[from] Grassy Terrain
|upkeep
|
|t:|1758982648
|switch|p2a: Hoopa|Hoopa-Unbound|100/100
|turn|5
|
|t:|1758982655
|move|p2a: Hoopa|Thunderbolt|p1a: Arcanine
|-damage|p1a: Arcanine|0 fnt
|faint|p1a: Arcanine
|
|-fieldend|move: Grassy Terrain
|upkeep
|
|t:|1758982659
|switch|p1a: Ting-Lu|Ting-Lu|100/100
|-ability|p1a: Ting-Lu|Vessel of Ruin
|turn|6
|
|t:|1758982665
|switch|p2a: Gyarados|Gyarados, M|100/100
|move|p1a: Ting-Lu|Ruination|p2a: Gyarados
|-damage|p2a: Gyarados|51/100
|
|upkeep
|turn|7
|
|t:|1758982671
|switch|p1a: Dondozo|Dondozo, M|100/100
|move|p2a: Gyarados|Dragon Dance|p2a: Gyarados
|-boost|p2a: Gyarados|atk|1
|-boost|p2a: Gyarados|spe|1
|
|upkeep
|turn|8
|
|t:|1758982676
|move|p2a: Gyarados|Earthquake|p1a: Dondozo
|-damage|p1a: Dondozo|86/100
|move|p1a: Dondozo|Avalanche|p2a: Gyarados
|-damage|p2a: Gyarados|18/100
|
|upkeep
|turn|9
|
|t:|1758982692
|move|p2a: Gyarados|Waterfall|p1a: Dondozo
|-resisted|p1a: Dondozo
|-damage|p1a: Dondozo|77/100
|move|p1a: Dondozo|Avalanche|p2a: Gyarados
|-damage|p2a: Gyarados|0 fnt
|faint|p2a: Gyarados
|
|upkeep
|
|t:|1758982698
|switch|p2a: Blaziken|Blaziken, F|100/100
|turn|10
|
|t:|1758982703
|-terastallize|p2a: Blaziken|Flying
|move|p2a: Blaziken|Swords Dance|p2a: Blaziken
|-boost|p2a: Blaziken|atk|2
|move|p1a: Dondozo|Wave Crash|p2a: Blaziken
|-damage|p2a: Blaziken|38/100
|-damage|p1a: Dondozo|65/100|[from] Recoil
|
|-ability|p2a: Blaziken|Speed Boost|boost
|-boost|p2a: Blaziken|spe|1
|upkeep
|turn|11
|
|t:|1758982709
|move|p2a: Blaziken|Brave Bird|p1a: Dondozo
|-damage|p1a: Dondozo|40/100
|-damage|p2a: Blaziken|24/100|[from] Recoil
|move|p1a: Dondozo|Rest|p1a: Dondozo
|-status|p1a: Dondozo|slp|[from] move: Rest
|-heal|p1a: Dondozo|100/100 slp|[silent]
|
|-ability|p2a: Blaziken|Speed Boost|boost
|-boost|p2a: Blaziken|spe|1
|upkeep
|turn|12
|
|t:|1758982716
|move|p2a: Blaziken|Brave Bird|p1a: Dondozo
|-crit|p1a: Dondozo
|-damage|p1a: Dondozo|61/100 slp
|-damage|p2a: Blaziken|3/100|[from] Recoil
|cant|p1a: Dondozo|slp
|move|p1a: Dondozo|Sleep Talk|p1a: Dondozo
|move|p1a: Dondozo|Rest||[from] move: Sleep Talk|[still]
|-fail|p1a: Dondozo
|
|-ability|p2a: Blaziken|Speed Boost|boost
|-boost|p2a: Blaziken|spe|1
|upkeep
|turn|13
|
|t:|1758982721
|move|p2a: Blaziken|Brave Bird|p1a: Dondozo
|-damage|p1a: Dondozo|33/100 slp
|-damage|p2a: Blaziken|0 fnt|[from] Recoil
|faint|p2a: Blaziken
|cant|p1a: Dondozo|slp
|
|upkeep
|
|t:|1758982728
|switch|p2a: Hoopa|Hoopa-Unbound|100/100
|turn|14
|
|t:|1758982738
|switch|p1a: Ting-Lu|Ting-Lu|100/100
|-ability|p1a: Ting-Lu|Vessel of Ruin
|move|p2a: Hoopa|Trick|p1a: Ting-Lu
|-activate|p2a: Hoopa|move: Trick|[of] p1a: Ting-Lu
|-item|p1a: Ting-Lu|Choice Scarf|[from] move: Trick
|-enditem|p2a: Hoopa|Choice Scarf|[silent]|[from] move: Trick
|
|upkeep
|turn|15
|
|t:|1758982767
|switch|p2a: Goodra|Goodra-Hisui, M|100/100
|move|p1a: Ting-Lu|Ruination|p2a: Goodra
|-damage|p2a: Goodra|50/100
|
|upkeep
|turn|16
|
|t:|1758982778
|switch|p1a: Chansey|Chansey, F|100/100
|move|p2a: Goodra|Ice Beam|p1a: Chansey
|-damage|p1a: Chansey|94/100
|
|upkeep
|turn|17
|
|t:|1758982785
|switch|p2a: Hoopa|Hoopa-Unbound|100/100
|move|p1a: Chansey|Thunder Wave|p2a: Hoopa
|-status|p2a: Hoopa|par
|
|upkeep
|turn|18
|
|t:|1758982791
|switch|p1a: Ting-Lu|Ting-Lu|100/100
|-ability|p1a: Ting-Lu|Vessel of Ruin
|move|p2a: Hoopa|Psychic|p1a: Ting-Lu
|-immune|p1a: Ting-Lu
|
|upkeep
|turn|19
|-message|lukazzete forfeited.
|
|win|wolverinegg
|raw|wolverinegg's rating: 1264 &rarr; <strong>1291</strong><br />(+27 for winning)
|raw|lukazzete's rating: 1292 &rarr; <strong>1265</strong><br />(-27 for losing)
|l|☆lukazzete
|player|p2|
