|j|☆cech2012
|j|☆LucioX7
|t:|1758954125
|gametype|singles
|player|p1|cech2012|170|1171
|player|p2|LucioX7|red|1139
|gen|9
|tier|[Gen 9] OU
|rated|
|rule|HP Percentage Mod: HP is shown in percentages
|rule|Endless Battle Clause: Forcing endless battles is banned
|rule|Species Clause: Limit one of each Pokémon
|rule|OHKO Clause: OHKO moves are banned
|rule|Evasion Items Clause: Evasion items are banned
|rule|Evasion Moves Clause: Evasion moves are banned
|rule|Evasion Abilities Clause: Evasion abilities are banned
|rule|Sleep Moves Clause: Sleep-inducing moves are banned
|clearpoke
|poke|p1|Inteleon, F|
|poke|p1|Quaquaval, M|
|poke|p1|Rillaboom, F|
|poke|p1|Meowscarada, F|
|poke|p1|Cinderace, M|
|poke|p1|Incineroar, F|
|poke|p2|Mandibuzz, F|
|poke|p2|Milotic, F|
|poke|p2|Goodra, M|
|poke|p2|Ambipom, M|
|poke|p2|Dusknoir, M|
|poke|p2|Gallade, M|
|teampreview
|inactive|Battle timer is ON: inactive players will automatically lose when time's up. (requested by cech2012)
|
|t:|1758954143
|teamsize|p1|6
|teamsize|p2|6
|start
|switch|p1a: Meowscarada|Meowscarada, F, shiny|100/100
|switch|p2a: Mandibuzz|Mandibuzz, F|100/100
|turn|1
|
|t:|1758954152
|move|p1a: Meowscarada|Triple Axel|p2a: Mandibuzz
|-start|p1a: Meowscarada|typechange|Ice|[from] ability: Protean
|-supereffective|p2a: Mandibuzz
|-damage|p2a: Mandibuzz|83/100
|-supereffective|p2a: Mandibuzz
|-damage|p2a: Mandibuzz|54/100
|-supereffective|p2a: Mandibuzz
|-damage|p2a: Mandibuzz|8/100
|-hitcount|p2a: Mandibuzz|3
|move|p2a: Mandibuzz|Tailwind|p2a: Mandibuzz
|-sidestart|p2: LucioX7|move: Tailwind
|
|-heal|p2a: Mandibuzz|14/100|[from] item: Leftovers
|upkeep
|turn|2
|
|t:|1758954164
|move|p2a: Mandibuzz|Roost|p2a: Mandibuzz
|-heal|p2a: Mandibuzz|65/100
|-singleturn|p2a: Mandibuzz|move: Roost
|move|p1a: Meowscarada|Triple Axel|p2a: Mandibuzz|[miss]
|-miss|p1a: Meowscarada|p2a: Mandibuzz
|
|-heal|p2a: Mandibuzz|71/100|[from] item: Leftovers
|upkeep
|turn|3
|
|t:|1758954174
|move|p2a: Mandibuzz|Toxic|p1a: Meowscarada
|-status|p1a: Meowscarada|tox
|move|p1a: Meowscarada|Triple Axel|p2a: Mandibuzz
|-supereffective|p2a: Mandibuzz
|-damage|p2a: Mandibuzz|55/100
|-supereffective|p2a: Mandibuzz
|-damage|p2a: Mandibuzz|23/100
|-supereffective|p2a: Mandibuzz
|-damage|p2a: Mandibuzz|0 fnt
|faint|p2a: Mandibuzz
|-hitcount|p2: Mandibuzz|3
|
|-damage|p1a: Meowscarada|94/100 tox|[from] psn
|upkeep
|
|t:|1758954193
|switch|p2a: Goodra|Goodra, M|100/100
|turn|4
|
|t:|1758954196
|move|p2a: Goodra|Flamethrower|p1a: Meowscarada
|-supereffective|p1a: Meowscarada
|-damage|p1a: Meowscarada|0 fnt
|faint|p1a: Meowscarada
|
|-sideend|p2: LucioX7|move: Tailwind
|upkeep
|
|t:|1758954207
|switch|p1a: Quaquaval|Quaquaval, M|100/100
|turn|5
|
|t:|1758954211
|move|p1a: Quaquaval|Ice Spinner|p2a: Goodra
|-supereffective|p2a: Goodra
|-damage|p2a: Goodra|34/100
|-ability|p2a: Goodra|Gooey
|-unboost|p1a: Quaquaval|spe|1
|move|p2a: Goodra|Thunderbolt|p1a: Quaquaval
|-supereffective|p1a: Quaquaval
|-crit|p1a: Quaquaval
|-enditem|p1a: Quaquaval|Focus Sash
|-damage|p1a: Quaquaval|1/100
|
|upkeep
|turn|6
|
|t:|1758954222
|move|p2a: Goodra|Sludge Bomb|p1a: Quaquaval
|-damage|p1a: Quaquaval|0 fnt
|faint|p1a: Quaquaval
|
|upkeep
|
|t:|1758954237
|switch|p1a: Inteleon|Inteleon, F|100/100
|turn|7
|
|t:|1758954248
|-terastallize|p2a: Goodra|Steel
|move|p1a: Inteleon|Fell Stinger|p2a: Goodra
|-resisted|p2a: Goodra
|-damage|p2a: Goodra|26/100
|-ability|p2a: Goodra|Gooey
|-unboost|p1a: Inteleon|spe|1
|move|p2a: Goodra|Thunderbolt|p1a: Inteleon
|-supereffective|p1a: Inteleon
|-damage|p1a: Inteleon|0 fnt
|faint|p1a: Inteleon
|
|upkeep
|
|t:|1758954259
|switch|p1a: Incineroar|Incineroar, F|100/100
|-ability|p1a: Incineroar|Intimidate|boost
|-unboost|p2a: Goodra|atk|1
|turn|8
|
|t:|1758954273
|switch|p2a: Milotic|Milotic, F|100/100
|move|p1a: Incineroar|Darkest Lariat|p2a: Milotic
|-damage|p2a: Milotic|78/100
|
|-status|p2a: Milotic|brn|[from] item: Flame Orb
|upkeep
|turn|9
|
|t:|1758954283
|switch|p1a: Rillaboom|Rillaboom, F|100/100
|-fieldstart|move: Grassy Terrain|[from] ability: Grassy Surge|[of] p1a: Rillaboom
|move|p2a: Milotic|Scald|p1a: Rillaboom
|-resisted|p1a: Rillaboom
|-damage|p1a: Rillaboom|90/100
|
|-heal|p1a: Rillaboom|96/100|[from] Grassy Terrain
|-heal|p2a: Milotic|84/100 brn|[from] Grassy Terrain
|-damage|p2a: Milotic|78/100 brn|[from] brn
|upkeep
|turn|10
|
|t:|1758954295
|switch|p2a: Dusknoir|Dusknoir, M, shiny|100/100
|-ability|p2a: Dusknoir|Pressure
|move|p1a: Rillaboom|Grassy Glide|p2a: Dusknoir
|-damage|p2a: Dusknoir|67/100
|
|-heal|p1a: Rillaboom|100/100|[from] Grassy Terrain
|-heal|p2a: Dusknoir|73/100|[from] Grassy Terrain
|-heal|p2a: Dusknoir|79/100|[from] item: Leftovers
|upkeep
|turn|11
|
|t:|1758954309
|move|p1a: Rillaboom|Wood Hammer|p2a: Dusknoir
|-damage|p2a: Dusknoir|9/100
|-damage|p1a: Rillaboom|84/100|[from] Recoil
|move|p2a: Dusknoir|Will-O-Wisp|p1a: Rillaboom
|-status|p1a: Rillaboom|brn
|
|-heal|p1a: Rillaboom|90/100 brn|[from] Grassy Terrain
|-heal|p2a: Dusknoir|15/100|[from] Grassy Terrain
|-heal|p2a: Dusknoir|22/100|[from] item: Leftovers
|-damage|p1a: Rillaboom|84/100 brn|[from] brn
|upkeep
|turn|12
|
|t:|1758954324
|move|p1a: Rillaboom|Grassy Glide|p2a: Dusknoir
|-damage|p2a: Dusknoir|6/100
|move|p2a: Dusknoir|Fire Punch|p1a: Rillaboom
|-supereffective|p1a: Rillaboom
|-damage|p1a: Rillaboom|49/100 brn
|
|-heal|p1a: Rillaboom|55/100 brn|[from] Grassy Terrain
|-heal|p2a: Dusknoir|12/100|[from] Grassy Terrain
|-heal|p2a: Dusknoir|19/100|[from] item: Leftovers
|-damage|p1a: Rillaboom|49/100 brn|[from] brn
|upkeep
|turn|13
|
|t:|1758954334
|move|p1a: Rillaboom|Wood Hammer|p2a: Dusknoir
|-damage|p2a: Dusknoir|0 fnt
|faint|p2a: Dusknoir
|-damage|p1a: Rillaboom|44/100 brn|[from] Recoil
|
|-heal|p1a: Rillaboom|50/100 brn|[from] Grassy Terrain
|-damage|p1a: Rillaboom|44/100 brn|[from] brn
|-fieldend|move: Grassy Terrain
|upkeep
|
|t:|1758954344
|switch|p2a: Goodra|Goodra, M, tera:Steel|26/100
|turn|14
|
|t:|1758954350
|move|p1a: Rillaboom|Drain Punch|p2a: Goodra
|-supereffective|p2a: Goodra
|-damage|p2a: Goodra|0 fnt
|-heal|p1a: Rillaboom|56/100 brn|[from] drain|[of] p2a: Goodra
|-ability|p2a: Goodra|Gooey
|-unboost|p1a: Rillaboom|spe|1
|faint|p2a: Goodra
|
|-damage|p1a: Rillaboom|50/100 brn|[from] brn
|upkeep
|
|t:|1758954361
|switch|p2a: Ambipom|Ambipom, M|100/100
|turn|15
|
|t:|1758954373
|switch|p1a: Cinderace|Cinderace, M|100/100
|move|p2a: Ambipom|Fake Out|p1a: Cinderace
|-damage|p1a: Cinderace|59/100
|
|upkeep
|turn|16
|
|t:|1758954381
|switch|p2a: Milotic|Milotic, F|78/100 brn
|move|p1a: Cinderace|Pyro Ball|p2a: Milotic
|-resisted|p2a: Milotic
|-damage|p2a: Milotic|63/100 brn
|
|-damage|p2a: Milotic|57/100 brn|[from] brn
|upkeep
|turn|17
|
|t:|1758954390
|switch|p1a: Rillaboom|Rillaboom, F|50/100 brn
|-fieldstart|move: Grassy Terrain|[from] ability: Grassy Surge|[of] p1a: Rillaboom
|move|p2a: Milotic|Scald|p1a: Rillaboom
|-resisted|p1a: Rillaboom
|-damage|p1a: Rillaboom|39/100 brn
|
|-heal|p1a: Rillaboom|45/100 brn|[from] Grassy Terrain
|-heal|p2a: Milotic|63/100 brn|[from] Grassy Terrain
|-damage|p1a: Rillaboom|39/100 brn|[from] brn
|-damage|p2a: Milotic|57/100 brn|[from] brn
|upkeep
|turn|18
|
|t:|1758954406
|move|p1a: Rillaboom|Wood Hammer|p2a: Milotic
|-supereffective|p2a: Milotic
|-damage|p2a: Milotic|16/100 brn
|-damage|p1a: Rillaboom|26/100 brn|[from] Recoil
|move|p2a: Milotic|Alluring Voice|p1a: Rillaboom
|-damage|p1a: Rillaboom|13/100 brn
|
|-heal|p1a: Rillaboom|19/100 brn|[from] Grassy Terrain
|-heal|p2a: Milotic|22/100 brn|[from] Grassy Terrain
|-damage|p1a: Rillaboom|13/100 brn|[from] brn
|-damage|p2a: Milotic|16/100 brn|[from] brn
|upkeep
|turn|19
|
|t:|1758954420
|move|p1a: Rillaboom|Wood Hammer|p2a: Milotic
|-supereffective|p2a: Milotic
|-damage|p2a: Milotic|0 fnt
|faint|p2a: Milotic
|-damage|p1a: Rillaboom|8/100 brn|[from] Recoil
|
|-heal|p1a: Rillaboom|14/100 brn|[from] Grassy Terrain
|-damage|p1a: Rillaboom|8/100 brn|[from] brn
|upkeep
|
|t:|1758954429
|switch|p2a: Ambipom|Ambipom, M|100/100
|turn|20
|
|t:|1758954433
|move|p2a: Ambipom|Knock Off|p1a: Rillaboom
|-damage|p1a: Rillaboom|0 fnt
|-enditem|p1a: Rillaboom|Assault Vest|[from] move: Knock Off|[of] p2a: Ambipom
|faint|p1a: Rillaboom
|
|upkeep
|
|t:|1758954442
|switch|p1a: Incineroar|Incineroar, F|100/100
|-ability|p1a: Incineroar|Intimidate|boost
|-unboost|p2a: Ambipom|atk|1
|turn|21
|
|t:|1758954447
|switch|p2a: Gallade|Gallade, M, shiny|100/100
|move|p1a: Incineroar|Will-O-Wisp|p2a: Gallade
|-status|p2a: Gallade|brn
|
|-damage|p2a: Gallade|94/100 brn|[from] brn
|-fieldend|move: Grassy Terrain
|upkeep
|turn|22
|
|t:|1758954461
|move|p2a: Gallade|Sacred Sword|p1a: Incineroar
|-supereffective|p1a: Incineroar
|-damage|p1a: Incineroar|33/100
|move|p1a: Incineroar|Parting Shot|p2a: Gallade
|-unboost|p2a: Gallade|atk|1
|-unboost|p2a: Gallade|spa|1
|
|t:|1758954467
|switch|p1a: Cinderace|Cinderace, M|59/100|[from] Parting Shot
|
|-damage|p2a: Gallade|88/100 brn|[from] brn
|upkeep
|turn|23
|
|t:|1758954477
|-terastallize|p1a: Cinderace|Fire
|move|p1a: Cinderace|Pyro Ball|p2a: Gallade|[miss]
|-miss|p1a: Cinderace|p2a: Gallade
|-enditem|p1a: Cinderace|Blunder Policy
|-boost|p1a: Cinderace|spe|2
|move|p2a: Gallade|Aqua Cutter|p1a: Cinderace
|-supereffective|p1a: Cinderace
|-damage|p1a: Cinderace|26/100
|
|-damage|p2a: Gallade|82/100 brn|[from] brn
|upkeep
|turn|24
|
|t:|1758954488
|move|p1a: Cinderace|Temper Flare|p2a: Gallade
|-damage|p2a: Gallade|0 fnt
|faint|p2a: Gallade
|
|upkeep
|
|t:|1758954494
|switch|p2a: Ambipom|Ambipom, M|100/100
|turn|25
|
|t:|1758954507
|move|p2a: Ambipom|Fake Out|p1a: Cinderace
|-damage|p1a: Cinderace|0 fnt
|faint|p1a: Cinderace
|
|upkeep
|
|t:|1758954510
|switch|p1a: Incineroar|Incineroar, F|33/100
|-ability|p1a: Incineroar|Intimidate|boost
|-unboost|p2a: Ambipom|atk|1
|turn|26
|
|t:|1758954518
|move|p2a: Ambipom|Knock Off|p1a: Incineroar
|-resisted|p1a: Incineroar
|-damage|p1a: Incineroar|24/100
|-enditem|p1a: Incineroar|Leftovers|[from] move: Knock Off|[of] p2a: Ambipom
|move|p1a: Incineroar|Darkest Lariat|p2a: Ambipom
|-damage|p2a: Ambipom|51/100
|
|upkeep
|turn|27
|
|t:|1758954528
|move|p2a: Ambipom|Triple Axel|p1a: Incineroar
|-resisted|p1a: Incineroar
|-damage|p1a: Incineroar|21/100
|-resisted|p1a: Incineroar
|-crit|p1a: Incineroar
|-damage|p1a: Incineroar|9/100
|-resisted|p1a: Incineroar
|-crit|p1a: Incineroar
|-damage|p1a: Incineroar|0 fnt
|faint|p1a: Incineroar
|-hitcount|p1: Incineroar|3
|
|win|LucioX7
|raw|cech2012's rating: 1171 &rarr; <strong>1144</strong><br />(-27 for losing)
|raw|LucioX7's rating: 1139 &rarr; <strong>1166</strong><br />(+27 for winning)
|l|☆cech2012
|player|p1|
|l|☆LucioX7
|player|p2|
