|j|☆yamede蛇如
|j|☆KingKaido107
|t:|1758950061
|gametype|singles
|player|p1|yamede蛇如|elesa|1606
|player|p2|KingKaido107|dragontamer-gen6|1665
|gen|9
|tier|[Gen 9] OU
|rated|
|rule|HP Percentage Mod: HP is shown in percentages
|rule|Endless Battle Clause: Forcing endless battles is banned
|rule|Species Clause: Limit one of each Pokémon
|rule|OHKO Clause: OHKO moves are banned
|rule|Evasion Items Clause: Evasion items are banned
|rule|Evasion Moves Clause: Evasion moves are banned
|rule|Evasion Abilities Clause: Evasion abilities are banned
|rule|Sleep Moves Clause: Sleep-inducing moves are banned
|clearpoke
|poke|p1|Great Tusk|
|poke|p1|Cinderace, M|
|poke|p1|Alomomola, F|
|poke|p1|Zapdos|
|poke|p1|Slowking-Galar, F|
|poke|p1|Iron Valiant|
|poke|p2|Slowking-Galar, M|
|poke|p2|Kyurem|
|poke|p2|Cinderace, F|
|poke|p2|Tornadus-Therian, M|
|poke|p2|Hydrapple, M|
|poke|p2|Kingambit, F|
|teampreview
|inactive|Battle timer is ON: inactive players will automatically lose when time's up. (requested by KingKaido107)
|l|☆yamede蛇如
|inactive|yamede蛇如 disconnected and has a minute to reconnect!
|player|p1|
|j|☆yamede蛇如
|inactive|yamede蛇如 reconnected and has 135 seconds left.
|player|p1|yamede蛇如|elesa|
|inactive|yamede蛇如 has 120 seconds left.
|inactive|KingKaido107 has 120 seconds left.
|c|☆yamede蛇如|Watch how I'll crush you
|inactive|yamede蛇如 has 90 seconds left.
|
|t:|1758950122
|teamsize|p1|6
|teamsize|p2|6
|start
|switch|p1a: Slowking|Slowking-Galar, F|100/100
|switch|p2a: Thieving Drunk|Tornadus-Therian, M|100/100
|turn|1
|
|t:|1758950129
|move|p2a: Thieving Drunk|Knock Off|p1a: Slowking
|-supereffective|p1a: Slowking
|-damage|p1a: Slowking|70/100
|-enditem|p1a: Slowking|Shuca Berry|[from] move: Knock Off|[of] p2a: Thieving Drunk
|-prepare|p1a: Slowking|Chilly Reception|[premajor]
|move|p1a: Slowking|Chilly Reception|p1a: Slowking
|-weather|Snowscape
|
|t:|1758950145
|switch|p1a: Zapdos|Zapdos|100/100|[from] Chilly Reception
|
|-weather|Snowscape|[upkeep]
|upkeep
|turn|2
|
|t:|1758950148
|switch|p2a: Depressed Drunk|Slowking-Galar, M|100/100
|move|p1a: Zapdos|Volt Switch|p2a: Depressed Drunk
|-damage|p2a: Depressed Drunk|79/100
|
|t:|1758950166
|switch|p1a: ideal lady|Iron Valiant, shiny|100/100|[from] Volt Switch
|
|-weather|Snowscape|[upkeep]
|upkeep
|turn|3
|
|t:|1758950168
|move|p1a: ideal lady|Knock Off|p2a: Depressed Drunk
|-supereffective|p2a: Depressed Drunk
|-crit|p2a: Depressed Drunk
|-enditem|p2a: Depressed Drunk|Colbur Berry|[eat]
|-enditem|p2a: Depressed Drunk|Colbur Berry|[weaken]
|-damage|p2a: Depressed Drunk|21/100
|move|p2a: Depressed Drunk|Sludge Bomb|p1a: ideal lady
|-supereffective|p1a: ideal lady
|-damage|p1a: ideal lady|0 fnt
|faint|p1a: ideal lady
|-end|p1a: ideal lady|Quark Drive|[silent]
|
|-weather|Snowscape|[upkeep]
|upkeep
|j| IM AT MY LIMIT
|
|t:|1758950193
|switch|p1a: Zapdos|Zapdos|100/100
|turn|4
|
|t:|1758950196
|switch|p2a: Thieving Drunk|Tornadus-Therian, M|100/100
|move|p1a: Zapdos|Hurricane|p2a: Thieving Drunk|[miss]
|-miss|p1a: Zapdos|p2a: Thieving Drunk
|
|-weather|Snowscape|[upkeep]
|upkeep
|turn|5
|
|t:|1758950211
|switch|p2a: Depressed Drunk|Slowking-Galar, M|54/100
|move|p1a: Zapdos|Volt Switch|p2a: Depressed Drunk
|-damage|p2a: Depressed Drunk|31/100
|
|t:|1758950218
|switch|p1a: Cinderace|Cinderace, M|100/100|[from] Volt Switch
|
|-weather|none
|upkeep
|turn|6
|
|t:|1758950221
|switch|p2a: Laughing Drunk|Hydrapple, M|100/100
|move|p1a: Cinderace|U-turn|p2a: Laughing Drunk
|-supereffective|p2a: Laughing Drunk
|-damage|p2a: Laughing Drunk|79/100
|-damage|p1a: Cinderace|84/100|[from] item: Rocky Helmet|[of] p2a: Laughing Drunk
|
|t:|1758950226
|switch|p1a: Zapdos|Zapdos|100/100|[from] U-turn
|
|upkeep
|turn|7
|
|t:|1758950229
|switch|p2a: Depressed Drunk|Slowking-Galar, M|64/100
|move|p1a: Zapdos|Hurricane|p2a: Depressed Drunk
|-damage|p2a: Depressed Drunk|30/100
|
|upkeep
|turn|8
|
|t:|1758950240
|switch|p2a: Thieving Drunk|Tornadus-Therian, M|100/100
|move|p1a: Zapdos|Hurricane|p2a: Thieving Drunk|[miss]
|-miss|p1a: Zapdos|p2a: Thieving Drunk
|
|upkeep
|turn|9
|
|t:|1758950245
|move|p2a: Thieving Drunk|Knock Off|p1a: Zapdos
|-damage|p1a: Zapdos|86/100
|-damage|p2a: Thieving Drunk|84/100|[from] item: Rocky Helmet|[of] p1a: Zapdos
|-enditem|p1a: Zapdos|Rocky Helmet|[from] move: Knock Off|[of] p2a: Thieving Drunk
|move|p1a: Zapdos|Hurricane|p2a: Thieving Drunk
|-damage|p2a: Thieving Drunk|33/100
|
|upkeep
|turn|10
|
|t:|1758950254
|move|p2a: Thieving Drunk|Bleakwind Storm|p1a: Zapdos
|-resisted|p1a: Zapdos
|-damage|p1a: Zapdos|67/100
|move|p1a: Zapdos|Discharge|p2a: Thieving Drunk
|-supereffective|p2a: Thieving Drunk
|-damage|p2a: Thieving Drunk|0 fnt
|faint|p2a: Thieving Drunk
|
|upkeep
|
|t:|1758950255
|switch|p2a: Depressed Drunk|Slowking-Galar, M|63/100
|turn|11
|
|t:|1758950264
|move|p1a: Zapdos|Volt Switch|p2a: Depressed Drunk
|-damage|p2a: Depressed Drunk|40/100
|
|t:|1758950266
|switch|p1a: Slowking|Slowking-Galar, F|100/100|[from] Volt Switch
|-prepare|p2a: Depressed Drunk|Chilly Reception|[premajor]
|move|p2a: Depressed Drunk|Chilly Reception|p2a: Depressed Drunk
|-weather|Snowscape
|
|t:|1758950271
|switch|p2a: Raging Drunk|Kingambit, F|100/100|[from] Chilly Reception
|-activate|p2a: Raging Drunk|ability: Supreme Overlord
|-start|p2a: Raging Drunk|fallen1|[silent]
|
|-weather|Snowscape|[upkeep]
|upkeep
|turn|12
|
|t:|1758950275
|-end|p2a: Raging Drunk|fallen1|[silent]
|switch|p2a: Ragnaraku|Kyurem|100/100
|-ability|p2a: Ragnaraku|Pressure
|switch|p1a: Zapdos|Zapdos|67/100
|
|-weather|Snowscape|[upkeep]
|upkeep
|turn|13
|
|t:|1758950303
|-terastallize|p1a: Zapdos|Electric
|move|p2a: Ragnaraku|Freeze-Dry|p1a: Zapdos
|-damage|p1a: Zapdos|12/100
|move|p1a: Zapdos|Volt Switch|p2a: Ragnaraku
|-resisted|p2a: Ragnaraku
|-damage|p2a: Ragnaraku|81/100
|inactive|yamede蛇如 has 120 seconds left.
|
|t:|1758950337
|switch|p1a: Cinderace|Cinderace, M|84/100|[from] Volt Switch
|
|-weather|Snowscape|[upkeep]
|upkeep
|turn|14
|
|t:|1758950343
|switch|p2a: Laughing Drunk|Hydrapple, M|100/100
|move|p1a: Cinderace|U-turn|p2a: Laughing Drunk
|-supereffective|p2a: Laughing Drunk
|-damage|p2a: Laughing Drunk|81/100
|-damage|p1a: Cinderace|68/100|[from] item: Rocky Helmet|[of] p2a: Laughing Drunk
|
|t:|1758950358
|switch|p1a: Slowking|Slowking-Galar, F|100/100|[from] U-turn
|
|-weather|Snowscape|[upkeep]
|upkeep
|turn|15
|inactive|KingKaido107 has 120 seconds left.
|inactive|KingKaido107 has 90 seconds left.
|
|t:|1758950422
|switch|p2a: Depressed Drunk|Slowking-Galar, M|73/100
|-prepare|p1a: Slowking|Chilly Reception|[premajor]
|move|p1a: Slowking|Chilly Reception|p1a: Slowking
|inactive|yamede蛇如 has 90 seconds left.
|
|t:|1758950449
|switch|p1a: Zapdos|Zapdos, tera:Electric|12/100|[from] Chilly Reception
|
|-weather|none
|upkeep
|turn|16
|
|t:|1758950452
|move|p1a: Zapdos|Volt Switch|p2a: Depressed Drunk
|-damage|p2a: Depressed Drunk|44/100
|
|t:|1758950455
|switch|p1a: Great Tusk|Great Tusk|100/100|[from] Volt Switch
|-prepare|p2a: Depressed Drunk|Chilly Reception|[premajor]
|move|p2a: Depressed Drunk|Chilly Reception|p2a: Depressed Drunk
|-weather|Snowscape
|
|t:|1758950457
|switch|p2a: Ragnaraku|Kyurem|81/100|[from] Chilly Reception
|-ability|p2a: Ragnaraku|Pressure
|
|-weather|Snowscape|[upkeep]
|upkeep
|turn|17
|
|t:|1758950466
|move|p1a: Great Tusk|Close Combat|p2a: Ragnaraku
|-supereffective|p2a: Ragnaraku
|-damage|p2a: Ragnaraku|0 fnt
|-unboost|p1a: Great Tusk|def|1
|-unboost|p1a: Great Tusk|spd|1
|faint|p2a: Ragnaraku
|
|-weather|Snowscape|[upkeep]
|upkeep
|
|t:|1758950471
|switch|p2a: Laughing Drunk|Hydrapple, M|100/100
|turn|18
|
|t:|1758950477
|-end|p1a: Great Tusk|Protosynthesis|[silent]
|switch|p1a: Slowking|Slowking-Galar, F|100/100
|move|p2a: Laughing Drunk|Earth Power|p1a: Slowking
|-supereffective|p1a: Slowking
|-crit|p1a: Slowking
|-damage|p1a: Slowking|47/100
|
|-weather|Snowscape|[upkeep]
|upkeep
|turn|19
|
|t:|1758950486
|switch|p1a: Alomomola|Alomomola, F|100/100
|move|p2a: Laughing Drunk|Earth Power|p1a: Alomomola
|-damage|p1a: Alomomola|88/100
|
|-weather|Snowscape|[upkeep]
|upkeep
|turn|20
|
|t:|1758950494
|switch|p2a: Depressed Drunk|Slowking-Galar, M|77/100
|move|p1a: Alomomola|Mirror Coat||[still]
|-fail|p1a: Alomomola
|
|-weather|none
|upkeep
|turn|21
|
|t:|1758950503
|move|p1a: Alomomola|Flip Turn|p2a: Depressed Drunk
|-damage|p2a: Depressed Drunk|64/100
|
|t:|1758950505
|switch|p1a: Slowking|Slowking-Galar, F|80/100|[from] Flip Turn
|-prepare|p2a: Depressed Drunk|Chilly Reception|[premajor]
|move|p2a: Depressed Drunk|Chilly Reception|p2a: Depressed Drunk
|-weather|Snowscape
|
|t:|1758950509
|switch|p2a: Raging Drunk|Kingambit, F|100/100|[from] Chilly Reception
|-activate|p2a: Raging Drunk|ability: Supreme Overlord
|-start|p2a: Raging Drunk|fallen2|[silent]
|
|-weather|Snowscape|[upkeep]
|upkeep
|turn|22
|
|t:|1758950520
|switch|p1a: Cinderace|Cinderace, M|68/100
|move|p2a: Raging Drunk|Kowtow Cleave|p1a: Cinderace
|-damage|p1a: Cinderace|0 fnt
|faint|p1a: Cinderace
|
|-weather|Snowscape|[upkeep]
|upkeep
|
|t:|1758950532
|switch|p1a: Zapdos|Zapdos, tera:Electric|12/100
|turn|23
|
|t:|1758950545
|move|p2a: Raging Drunk|Sucker Punch|p1a: Zapdos
|-damage|p1a: Zapdos|0 fnt
|-status|p2a: Raging Drunk|par|[from] ability: Static|[of] p1a: Zapdos
|faint|p1a: Zapdos
|
|-weather|Snowscape|[upkeep]
|upkeep
|
|t:|1758950551
|switch|p1a: Great Tusk|Great Tusk|100/100
|turn|24
|
|t:|1758950563
|-end|p2a: Raging Drunk|fallen2|[silent]
|switch|p2a: Boro Breath|Cinderace, F|100/100
|move|p1a: Great Tusk|Knock Off|p2a: Boro Breath
|-damage|p2a: Boro Breath|53/100
|-enditem|p2a: Boro Breath|Heavy-Duty Boots|[from] move: Knock Off|[of] p1a: Great Tusk
|
|-weather|Snowscape|[upkeep]
|upkeep
|turn|25
|
|t:|1758950575
|-end|p1a: Great Tusk|Protosynthesis|[silent]
|switch|p1a: Alomomola|Alomomola, F|100/100
|move|p2a: Boro Breath|Will-O-Wisp|p1a: Alomomola
|-status|p1a: Alomomola|brn
|
|-weather|none
|-damage|p1a: Alomomola|94/100 brn|[from] brn
|upkeep
|turn|26
|
|t:|1758950577
|move|p2a: Boro Breath|U-turn|p1a: Alomomola
|-start|p2a: Boro Breath|typechange|Bug|[from] ability: Libero
|-damage|p1a: Alomomola|70/100 brn
|
|t:|1758950579
|switch|p2a: Laughing Drunk|Hydrapple, M|100/100|[from] U-turn
|move|p1a: Alomomola|Flip Turn|p2a: Laughing Drunk
|-resisted|p2a: Laughing Drunk
|-damage|p2a: Laughing Drunk|99/100
|-damage|p1a: Alomomola|53/100 brn|[from] item: Rocky Helmet|[of] p2a: Laughing Drunk
|
|t:|1758950583
|switch|p1a: Slowking|Slowking-Galar, F|100/100|[from] Flip Turn
|
|upkeep
|turn|27
|
|t:|1758950591
|switch|p2a: Depressed Drunk|Slowking-Galar, M|97/100
|-prepare|p1a: Slowking|Chilly Reception|[premajor]
|move|p1a: Slowking|Chilly Reception|p1a: Slowking
|-weather|Snowscape
|
|t:|1758950593
|switch|p1a: Great Tusk|Great Tusk|100/100|[from] Chilly Reception
|
|-weather|Snowscape|[upkeep]
|upkeep
|turn|28
|
|t:|1758950600
|-terastallize|p2a: Depressed Drunk|Water
|move|p1a: Great Tusk|Knock Off|p2a: Depressed Drunk
|-damage|p2a: Depressed Drunk|81/100
|move|p2a: Depressed Drunk|Ice Beam|p1a: Great Tusk
|-supereffective|p1a: Great Tusk
|-damage|p1a: Great Tusk|30/100
|
|-weather|Snowscape|[upkeep]
|upkeep
|turn|29
|
|t:|1758950612
|-end|p1a: Great Tusk|Protosynthesis|[silent]
|switch|p1a: Slowking|Slowking-Galar, F|100/100
|-prepare|p2a: Depressed Drunk|Chilly Reception|[premajor]
|move|p2a: Depressed Drunk|Chilly Reception|p2a: Depressed Drunk
|
|t:|1758950613
|switch|p2a: Raging Drunk|Kingambit, F|100/100 par|[from] Chilly Reception
|-activate|p2a: Raging Drunk|ability: Supreme Overlord
|-start|p2a: Raging Drunk|fallen2|[silent]
|
|-weather|Snowscape|[upkeep]
|upkeep
|turn|30
|
|t:|1758950619
|move|p2a: Raging Drunk|Kowtow Cleave|p1a: Slowking
|-supereffective|p1a: Slowking
|-damage|p1a: Slowking|0 fnt
|faint|p1a: Slowking
|
|-weather|Snowscape|[upkeep]
|upkeep
|-message|yamede蛇如 forfeited.
|
|win|KingKaido107
|raw|yamede蛇如's rating: 1606 &rarr; <strong>1589</strong><br />(-17 for losing)
|raw|KingKaido107's rating: 1665 &rarr; <strong>1682</strong><br />(+17 for winning)
|l|☆yamede蛇如
|player|p1|
|l|☆KingKaido107
|player|p2|
