|j|☆pvughghi
|j|☆oxlerd11
|t:|1759037663
|gametype|singles
|player|p1|pvughghi|pokemonrangerf|1164
|player|p2|oxlerd11|ingo|1243
|gen|9
|tier|[Gen 9] OU
|rated|
|rule|HP Percentage Mod: HP is shown in percentages
|rule|Endless Battle Clause: Forcing endless battles is banned
|rule|Species Clause: Limit one of each Pokémon
|rule|OHKO Clause: OHKO moves are banned
|rule|Evasion Items Clause: Evasion items are banned
|rule|Evasion Moves Clause: Evasion moves are banned
|rule|Evasion Abilities Clause: Evasion abilities are banned
|rule|Sleep Moves Clause: Sleep-inducing moves are banned
|clearpoke
|poke|p1|Latios, M|
|poke|p1|Weezing-Galar, F|
|poke|p1|Corviknight, M|
|poke|p1|Landorus-Therian, M|
|poke|p1|Bronzong|
|poke|p1|Hydreigon, F|
|poke|p2|Skeledirge, M|
|poke|p2|Clefable, F|
|poke|p2|Gliscor, M|
|poke|p2|Pecharunt|
|poke|p2|Chansey, F|
|poke|p2|Alomomola, F|
|teampreview
|inactive|Battle timer is ON: inactive players will automatically lose when time's up. (requested by pvughghi)
|
|t:|1759037686
|teamsize|p1|6
|teamsize|p2|6
|start
|switch|p1a: Latios|Latios, M|100/100
|switch|p2a: Pecharunt|Pecharunt|100/100
|turn|1
|
|t:|1759037699
|switch|p2a: Chansey|Chansey, F|100/100
|move|p1a: Latios|Luster Purge|p2a: Chansey
|-damage|p2a: Chansey|82/100
|-unboost|p2a: Chansey|spd|1
|
|upkeep
|turn|2
|
|t:|1759037708
|switch|p1a: Bronzong|Bronzong|100/100
|move|p2a: Chansey|Light Screen|p2a: Chansey
|-sidestart|p2: oxlerd11|move: Light Screen
|
|upkeep
|turn|3
|
|t:|1759037719
|switch|p2a: Skeledirge|Skeledirge, M|100/100
|move|p1a: Bronzong|Stealth Rock|p2a: Skeledirge
|-sidestart|p2: oxlerd11|move: Stealth Rock
|
|upkeep
|turn|4
|
|t:|1759037740
|switch|p1a: Landorus|Landorus-Therian, M|100/100
|-ability|p1a: Landorus|Intimidate|boost
|-unboost|p2a: Skeledirge|atk|1
|move|p2a: Skeledirge|Substitute|p2a: Skeledirge
|-start|p2a: Skeledirge|Substitute
|-damage|p2a: Skeledirge|75/100
|
|-heal|p2a: Skeledirge|82/100|[from] item: Leftovers
|upkeep
|turn|5
|
|t:|1759037756
|switch|p1a: Hydreigon|Hydreigon, F|100/100
|move|p2a: Skeledirge|Will-O-Wisp|p1a: Hydreigon
|-status|p1a: Hydreigon|brn
|
|-heal|p2a: Skeledirge|88/100|[from] item: Leftovers
|-damage|p1a: Hydreigon|94/100 brn|[from] brn
|upkeep
|turn|6
|
|t:|1759037770
|move|p1a: Hydreigon|Dark Pulse|p2a: Skeledirge
|-supereffective|p2a: Skeledirge
|-end|p2a: Skeledirge|Substitute
|move|p2a: Skeledirge|Torch Song|p1a: Hydreigon
|-resisted|p1a: Hydreigon
|-damage|p1a: Hydreigon|77/100 brn
|-boost|p2a: Skeledirge|spa|1
|
|-heal|p2a: Skeledirge|94/100|[from] item: Leftovers
|-damage|p1a: Hydreigon|71/100 brn|[from] brn
|-sideend|p2: oxlerd11|move: Light Screen
|upkeep
|turn|7
|
|t:|1759037788
|switch|p2a: Chansey|Chansey, F|82/100
|-damage|p2a: Chansey|69/100|[from] Stealth Rock
|move|p1a: Hydreigon|Dark Pulse|p2a: Chansey
|-damage|p2a: Chansey|59/100
|
|-damage|p1a: Hydreigon|65/100 brn|[from] brn
|upkeep
|turn|8
|
|t:|1759037805
|switch|p1a: Landorus|Landorus-Therian, M|100/100
|-ability|p1a: Landorus|Intimidate|boost
|-unboost|p2a: Chansey|atk|1
|move|p2a: Chansey|Soft-Boiled|p2a: Chansey
|-heal|p2a: Chansey|100/100
|
|upkeep
|turn|9
|
|t:|1759037815
|switch|p2a: Gliscor|Gliscor, M|100/100
|-damage|p2a: Gliscor|88/100|[from] Stealth Rock
|move|p1a: Landorus|Swords Dance|p1a: Landorus
|-boost|p1a: Landorus|atk|2
|
|-status|p2a: Gliscor|tox|[from] item: Toxic Orb
|upkeep
|turn|10
|
|t:|1759037825
|move|p1a: Landorus|Stone Edge|p2a: Gliscor
|-crit|p2a: Gliscor
|-damage|p2a: Gliscor|16/100 tox
|move|p2a: Gliscor|Stealth Rock|p1a: Landorus
|-sidestart|p1: pvughghi|move: Stealth Rock
|
|-heal|p2a: Gliscor|28/100 tox|[from] ability: Poison Heal
|upkeep
|turn|11
|
|t:|1759037838
|move|p2a: Gliscor|Protect|p2a: Gliscor
|-singleturn|p2a: Gliscor|Protect
|move|p1a: Landorus|Crunch|p2a: Gliscor
|-activate|p2a: Gliscor|move: Protect
|
|-heal|p2a: Gliscor|41/100 tox|[from] ability: Poison Heal
|upkeep
|turn|12
|
|t:|1759037850
|switch|p2a: Alomomola|Alomomola, F|100/100
|-damage|p2a: Alomomola|88/100|[from] Stealth Rock
|move|p1a: Landorus|Crunch|p2a: Alomomola
|-damage|p2a: Alomomola|56/100
|
|upkeep
|turn|13
|
|t:|1759037867
|move|p1a: Landorus|Earthquake|p2a: Alomomola
|-damage|p2a: Alomomola|0 fnt
|faint|p2a: Alomomola
|
|upkeep
|
|t:|1759037874
|switch|p2a: Clefable|Clefable, F|100/100
|turn|14
|
|t:|1759037880
|move|p1a: Landorus|Earthquake|p2a: Clefable
|-crit|p2a: Clefable
|-damage|p2a: Clefable|0 fnt
|faint|p2a: Clefable
|
|upkeep
|
|t:|1759037886
|switch|p2a: Skeledirge|Skeledirge, M|94/100
|-damage|p2a: Skeledirge|69/100|[from] Stealth Rock
|turn|15
|
|t:|1759037893
|move|p1a: Landorus|Earthquake|p2a: Skeledirge
|-supereffective|p2a: Skeledirge
|-damage|p2a: Skeledirge|0 fnt
|faint|p2a: Skeledirge
|
|upkeep
|-message|oxlerd11 forfeited.
|
|win|pvughghi
|raw|pvughghi's rating: 1164 &rarr; <strong>1195</strong><br />(+31 for winning)
|raw|oxlerd11's rating: 1243 &rarr; <strong>1212</strong><br />(-31 for losing)
|l|☆oxlerd11
|player|p2|
|l|☆pvughghi
|player|p1|
