|badge|p2|bronze|gen9ou|100-6
|html|<div class="broadcast-red"><strong>This battle is required to be public due to one or more player having a season medal.</strong><br />During the public phase, you can discuss the state of the ladder <a href="/seasondiscussion">in a special chatroom.</a></div>
|uhtml|medal-msg|<div class="broadcast-blue">Curious what those medals under the avatar are? PS now has Ladder Seasons! For more information, check out the <a href="https://www.smogon.com/forums/threads/3740067/">thread on Smogon.</a></div>
|raw|<div class="broadcast-blue"><strong>This battle is required to be public due to a player having a name starting with 'medal'.</div>
|j|☆shuinifengB
|j|☆lvBreakfast
|t:|1758949727
|gametype|singles
|player|p1|shuinifengB|phoebe-masters|1782
|player|p2|lvBreakfast|psychic-gen4|1915
|gen|9
|tier|[Gen 9] OU
|rated|
|rule|HP Percentage Mod: HP is shown in percentages
|rule|Endless Battle Clause: Forcing endless battles is banned
|rule|Species Clause: Limit one of each Pokémon
|rule|OHKO Clause: OHKO moves are banned
|rule|Evasion Items Clause: Evasion items are banned
|rule|Evasion Moves Clause: Evasion moves are banned
|rule|Evasion Abilities Clause: Evasion abilities are banned
|rule|Sleep Moves Clause: Sleep-inducing moves are banned
|clearpoke
|poke|p1|Dondozo, F|
|poke|p1|Blissey, F|
|poke|p1|Corviknight, F|
|poke|p1|Weezing-Galar, F|
|poke|p1|Gliscor, F|
|poke|p1|Toxapex, M|
|poke|p2|Zapdos|
|poke|p2|Sinistcha|
|poke|p2|Weavile, F|
|poke|p2|Keldeo|
|poke|p2|Goodra-Hisui, F|
|poke|p2|Ting-Lu|
|teampreview
|j| amefurikoneko
|inactive|Battle timer is ON: inactive players will automatically lose when time's up. (requested by shuinifengB)
|
|t:|1758949749
|teamsize|p1|6
|teamsize|p2|6
|start
|switch|p1a: Gliscor|Gliscor, F|100/100
|switch|p2a: Weavile|Weavile, F|100/100
|turn|1
|
|t:|1758949753
|move|p1a: Gliscor|Protect|p1a: Gliscor
|-singleturn|p1a: Gliscor|Protect
|move|p2a: Weavile|Knock Off|p1a: Gliscor
|-activate|p1a: Gliscor|move: Protect
|
|-status|p1a: Gliscor|tox|[from] item: Toxic Orb
|upkeep
|turn|2
|
|t:|1758949764
|switch|p1a: Corviknight|Corviknight, F|100/100
|-ability|p1a: Corviknight|Pressure
|move|p2a: Weavile|Icicle Crash|p1a: Corviknight|[miss]
|-miss|p2a: Weavile|p1a: Corviknight
|
|upkeep
|turn|3
|
|t:|1758949779
|switch|p2a: Lil emolga|Zapdos|100/100
|move|p1a: Corviknight|Body Press|p2a: Lil emolga
|-resisted|p2a: Lil emolga
|-damage|p2a: Lil emolga|91/100
|
|upkeep
|turn|4
|inactive|lvBreakfast has 120 seconds left.
|
|t:|1758949811
|switch|p1a: Gliscor|Gliscor, F|100/100 tox
|move|p2a: Lil emolga|Hurricane|p1a: Gliscor
|-damage|p1a: Gliscor|59/100 tox
|
|-heal|p1a: Gliscor|71/100 tox|[from] ability: Poison Heal
|upkeep
|turn|5
|
|t:|1758949819
|switch|p2a: Weavile|Weavile, F|100/100
|move|p1a: Gliscor|Knock Off|p2a: Weavile
|-resisted|p2a: Weavile
|-damage|p2a: Weavile|83/100
|-enditem|p2a: Weavile|Heavy-Duty Boots|[from] move: Knock Off|[of] p1a: Gliscor
|-enditem|p1a: Gliscor|Toxic Orb|[silent]|[from] ability: Pickpocket|[of] p1a: Gliscor
|-item|p2a: Weavile|Toxic Orb|[from] ability: Pickpocket|[of] p1a: Gliscor
|
|-heal|p1a: Gliscor|84/100 tox|[from] ability: Poison Heal
|-status|p2a: Weavile|tox|[from] item: Toxic Orb
|upkeep
|turn|6
|
|t:|1758949825
|move|p1a: Gliscor|Protect|p1a: Gliscor
|-singleturn|p1a: Gliscor|Protect
|move|p2a: Weavile|Knock Off|p1a: Gliscor
|-activate|p1a: Gliscor|move: Protect
|
|-damage|p2a: Weavile|77/100 tox|[from] psn
|-heal|p1a: Gliscor|96/100 tox|[from] ability: Poison Heal
|upkeep
|turn|7
|
|t:|1758949840
|switch|p1a: Corviknight|Corviknight, F|100/100
|-ability|p1a: Corviknight|Pressure
|move|p2a: Weavile|Knock Off|p1a: Corviknight
|-damage|p1a: Corviknight|73/100
|-enditem|p1a: Corviknight|Leftovers|[from] move: Knock Off|[of] p2a: Weavile
|
|-damage|p2a: Weavile|65/100 tox|[from] psn
|upkeep
|turn|8
|
|t:|1758949845
|switch|p2a: Lil emolga|Zapdos|91/100
|move|p1a: Corviknight|Roost|p1a: Corviknight
|-heal|p1a: Corviknight|100/100
|-singleturn|p1a: Corviknight|move: Roost
|
|upkeep
|turn|9
|
|t:|1758949852
|switch|p1a: Blissey|Blissey, F|100/100
|move|p2a: Lil emolga|Hurricane|p1a: Blissey
|-damage|p1a: Blissey|87/100
|-start|p1a: Blissey|confusion
|
|upkeep
|turn|10
|
|t:|1758949856
|move|p2a: Lil emolga|Thunder Wave|p1a: Blissey
|-status|p1a: Blissey|par
|-activate|p1a: Blissey|confusion
|-damage|p1a: Blissey|86/100 par|[from] confusion
|
|upkeep
|turn|11
|
|t:|1758949861
|move|p2a: Lil emolga|Volt Switch|p1a: Blissey
|-damage|p1a: Blissey|78/100 par
|
|t:|1758949864
|switch|p2a: Ting-Loui|Ting-Lu|100/100|[from] Volt Switch
|-ability|p2a: Ting-Loui|Vessel of Ruin
|-activate|p1a: Blissey|confusion
|move|p1a: Blissey|Stealth Rock|p2a: Ting-Loui
|-sidestart|p2: lvBreakfast|move: Stealth Rock
|
|upkeep
|turn|12
|
|t:|1758949876
|-curestatus|p1a: Blissey|par|[from] ability: Natural Cure
|switch|p1a: Gliscor|Gliscor, F|96/100 tox
|move|p2a: Ting-Loui|Stealth Rock|p1a: Gliscor
|-sidestart|p1: shuinifengB|move: Stealth Rock
|
|-heal|p1a: Gliscor|100/100 tox|[from] ability: Poison Heal
|upkeep
|turn|13
|
|t:|1758949882
|move|p1a: Gliscor|Knock Off|p2a: Ting-Loui
|-resisted|p2a: Ting-Loui
|-damage|p2a: Ting-Loui|95/100
|-enditem|p2a: Ting-Loui|Leftovers|[from] move: Knock Off|[of] p1a: Gliscor
|move|p2a: Ting-Loui|Spikes|p1a: Gliscor
|-sidestart|p1: shuinifengB|Spikes
|
|upkeep
|turn|14
|
|t:|1758949886
|move|p1a: Gliscor|Spikes|p2a: Ting-Loui
|-sidestart|p2: lvBreakfast|Spikes
|move|p2a: Ting-Loui|Whirlwind|p1a: Gliscor
|drag|p1a: Blissey|Blissey, F|78/100
|
|upkeep
|turn|15
|
|t:|1758949895
|move|p1a: Blissey|Soft-Boiled|p1a: Blissey
|-heal|p1a: Blissey|100/100
|move|p2a: Ting-Loui|Earthquake|p1a: Blissey
|-damage|p1a: Blissey|61/100
|
|upkeep
|turn|16
|
|t:|1758949899
|switch|p1a: Gliscor|Gliscor, F|100/100 tox
|-damage|p1a: Gliscor|88/100 tox|[from] Stealth Rock
|move|p2a: Ting-Loui|Earthquake|p1a: Gliscor
|-immune|p1a: Gliscor
|
|-heal|p1a: Gliscor|100/100 tox|[from] ability: Poison Heal
|upkeep
|turn|17
|
|t:|1758949905
|move|p1a: Gliscor|Spikes|p2a: Ting-Loui
|-sidestart|p2: lvBreakfast|Spikes
|move|p2a: Ting-Loui|Whirlwind|p1a: Gliscor
|drag|p1a: Corviknight|Corviknight, F|100/100
|-damage|p1a: Corviknight|88/100|[from] Stealth Rock
|-ability|p1a: Corviknight|Pressure
|
|upkeep
|turn|18
|
|t:|1758949912
|move|p1a: Corviknight|Body Press|p2a: Ting-Loui
|-supereffective|p2a: Ting-Loui
|-damage|p2a: Ting-Loui|69/100
|move|p2a: Ting-Loui|Spikes|p1a: Corviknight
|-sidestart|p1: shuinifengB|Spikes
|
|upkeep
|turn|19
|
|t:|1758949923
|switch|p2a: Glue eater|Keldeo, shiny|100/100
|move|p1a: Corviknight|Body Press|p2a: Glue eater
|-damage|p2a: Glue eater|69/100
|
|upkeep
|turn|20
|
|t:|1758949931
|switch|p1a: BLACKPINK|Toxapex, M|100/100
|-damage|p1a: BLACKPINK|88/100|[from] Stealth Rock
|-damage|p1a: BLACKPINK|72/100|[from] Spikes
|move|p2a: Glue eater|Flip Turn|p1a: BLACKPINK
|-resisted|p1a: BLACKPINK
|-damage|p1a: BLACKPINK|66/100
|
|t:|1758949939
|switch|p2a: Weavile|Weavile, F|65/100 tox|[from] Flip Turn
|-damage|p2a: Weavile|40/100 tox|[from] Stealth Rock
|-damage|p2a: Weavile|24/100 tox|[from] Spikes
|
|-heal|p1a: BLACKPINK|72/100|[from] item: Black Sludge
|-damage|p2a: Weavile|18/100 tox|[from] psn
|upkeep
|turn|21
|
|t:|1758949942
|switch|p1a: Corviknight|Corviknight, F|88/100
|-damage|p1a: Corviknight|75/100|[from] Stealth Rock
|-ability|p1a: Corviknight|Pressure
|move|p2a: Weavile|Knock Off|p1a: Corviknight
|-damage|p1a: Corviknight|57/100
|
|-damage|p2a: Weavile|5/100 tox|[from] psn
|upkeep
|turn|22
|
|t:|1758949946
|move|p2a: Weavile|Icicle Crash|p1a: Corviknight
|-damage|p1a: Corviknight|33/100
|move|p1a: Corviknight|Roost|p1a: Corviknight
|-heal|p1a: Corviknight|83/100
|-singleturn|p1a: Corviknight|move: Roost
|
|-damage|p2a: Weavile|0 fnt|[from] psn
|faint|p2a: Weavile
|upkeep
|
|t:|1758949961
|switch|p2a: Glue eater|Keldeo, shiny|69/100
|turn|23
|j| wgw2333
|
|t:|1758949970
|switch|p1a: BLACKPINK|Toxapex, M|100/100
|-damage|p1a: BLACKPINK|88/100|[from] Stealth Rock
|-damage|p1a: BLACKPINK|72/100|[from] Spikes
|move|p2a: Glue eater|Surf|p1a: BLACKPINK
|-resisted|p1a: BLACKPINK
|-damage|p1a: BLACKPINK|58/100
|
|-heal|p1a: BLACKPINK|64/100|[from] item: Black Sludge
|upkeep
|turn|24
|
|t:|1758949977
|move|p2a: Glue eater|Flip Turn|p1a: BLACKPINK
|-resisted|p1a: BLACKPINK
|-damage|p1a: BLACKPINK|59/100
|
|t:|1758949981
|switch|p2a: Goodra|Goodra-Hisui, F|100/100|[from] Flip Turn
|-damage|p2a: Goodra|94/100|[from] Stealth Rock
|-damage|p2a: Goodra|78/100|[from] Spikes
|move|p1a: BLACKPINK|Toxic|p2a: Goodra
|-immune|p2a: Goodra
|
|-heal|p1a: BLACKPINK|65/100|[from] item: Black Sludge
|upkeep
|turn|25
|
|t:|1758949995
|move|p2a: Goodra|Knock Off|p1a: BLACKPINK
|-damage|p1a: BLACKPINK|50/100
|-enditem|p1a: BLACKPINK|Black Sludge|[from] move: Knock Off|[of] p2a: Goodra
|move|p1a: BLACKPINK|Toxic Spikes|p2a: Goodra
|-sidestart|p2: lvBreakfast|move: Toxic Spikes
|
|upkeep
|turn|26
|j| larp legion
|
|t:|1758950015
|move|p1a: BLACKPINK|Recover|p1a: BLACKPINK
|-heal|p1a: BLACKPINK|99/100
|move|p2a: Goodra|Dragon Tail|p1a: BLACKPINK|[miss]
|-miss|p2a: Goodra|p1a: BLACKPINK
|
|upkeep
|turn|27
|
|t:|1758950031
|move|p2a: Goodra|Draco Meteor|p1a: BLACKPINK
|-damage|p1a: BLACKPINK|67/100
|-unboost|p2a: Goodra|spa|2
|move|p1a: BLACKPINK|Toxic Spikes|p2a: Goodra
|-sidestart|p2: lvBreakfast|move: Toxic Spikes
|
|upkeep
|turn|28
|
|t:|1758950039
|switch|p2a: Lil emolga|Zapdos|91/100
|switch|p1a: Gliscor|Gliscor, F|100/100 tox
|-damage|p1a: Gliscor|88/100 tox|[from] Stealth Rock
|
|-heal|p1a: Gliscor|100/100 tox|[from] ability: Poison Heal
|upkeep
|turn|29
|
|t:|1758950045
|move|p2a: Lil emolga|Hurricane|p1a: Gliscor
|-damage|p1a: Gliscor|62/100 tox
|-start|p1a: Gliscor|confusion
|-activate|p1a: Gliscor|confusion
|move|p1a: Gliscor|Knock Off|p2a: Lil emolga
|-damage|p2a: Lil emolga|75/100
|-enditem|p2a: Lil emolga|Heavy-Duty Boots|[from] move: Knock Off|[of] p1a: Gliscor
|
|-heal|p1a: Gliscor|74/100 tox|[from] ability: Poison Heal
|upkeep
|turn|30
|
|t:|1758950050
|-activate|p1a: Gliscor|confusion
|move|p1a: Gliscor|Protect|p1a: Gliscor
|-singleturn|p1a: Gliscor|Protect
|move|p2a: Lil emolga|Hurricane|p1a: Gliscor
|-activate|p1a: Gliscor|move: Protect
|
|-heal|p1a: Gliscor|86/100 tox|[from] ability: Poison Heal
|upkeep
|turn|31
|
|t:|1758950056
|switch|p1a: Blissey|Blissey, F|61/100
|move|p2a: Lil emolga|Hurricane|p1a: Blissey
|-damage|p1a: Blissey|46/100
|
|upkeep
|turn|32
|
|t:|1758950059
|move|p2a: Lil emolga|Volt Switch|p1a: Blissey
|-damage|p1a: Blissey|37/100
|
|t:|1758950063
|switch|p2a: Sinister Tea ;)|Sinistcha|100/100|[from] Volt Switch
|move|p1a: Blissey|Soft-Boiled|p1a: Blissey
|-heal|p1a: Blissey|87/100
|
|upkeep
|turn|33
|
|t:|1758950083
|move|p2a: Sinister Tea ;)|Matcha Gotcha|p1a: Blissey
|-damage|p1a: Blissey|76/100
|-status|p1a: Blissey|brn
|move|p1a: Blissey|Calm Mind|p1a: Blissey
|-boost|p1a: Blissey|spa|1
|-boost|p1a: Blissey|spd|1
|
|-damage|p1a: Blissey|70/100 brn|[from] brn
|upkeep
|turn|34
|
|t:|1758950090
|move|p2a: Sinister Tea ;)|Calm Mind|p2a: Sinister Tea ;)
|-boost|p2a: Sinister Tea ;)|spa|1
|-boost|p2a: Sinister Tea ;)|spd|1
|move|p1a: Blissey|Calm Mind|p1a: Blissey
|-boost|p1a: Blissey|spa|1
|-boost|p1a: Blissey|spd|1
|
|-damage|p1a: Blissey|64/100 brn|[from] brn
|upkeep
|turn|35
|
|t:|1758950094
|move|p2a: Sinister Tea ;)|Matcha Gotcha|p1a: Blissey|[miss]
|-miss|p2a: Sinister Tea ;)|p1a: Blissey
|move|p1a: Blissey|Soft-Boiled|p1a: Blissey
|-heal|p1a: Blissey|100/100 brn
|
|-damage|p1a: Blissey|94/100 brn|[from] brn
|upkeep
|turn|36
|
|t:|1758950099
|move|p2a: Sinister Tea ;)|Matcha Gotcha|p1a: Blissey
|-damage|p1a: Blissey|86/100 brn
|move|p1a: Blissey|Shadow Ball|p2a: Sinister Tea ;)
|-supereffective|p2a: Sinister Tea ;)
|-damage|p2a: Sinister Tea ;)|52/100
|
|-damage|p1a: Blissey|80/100 brn|[from] brn
|upkeep
|turn|37
|
|t:|1758950106
|switch|p2a: Ting-Loui|Ting-Lu|69/100
|-damage|p2a: Ting-Loui|63/100|[from] Stealth Rock
|-damage|p2a: Ting-Loui|47/100|[from] Spikes
|-status|p2a: Ting-Loui|tox
|-ability|p2a: Ting-Loui|Vessel of Ruin
|move|p1a: Blissey|Shadow Ball|p2a: Ting-Loui
|-resisted|p2a: Ting-Loui
|-damage|p2a: Ting-Loui|39/100 tox
|
|-damage|p2a: Ting-Loui|33/100 tox|[from] psn
|-damage|p1a: Blissey|74/100 brn|[from] brn
|upkeep
|turn|38
|
|t:|1758950121
|-curestatus|p1a: Blissey|brn|[from] ability: Natural Cure
|switch|p1a: Corviknight|Corviknight, F|83/100
|-damage|p1a: Corviknight|70/100|[from] Stealth Rock
|-ability|p1a: Corviknight|Pressure
|move|p2a: Ting-Loui|Spikes|p1a: Corviknight
|-sidestart|p1: shuinifengB|Spikes
|
|-damage|p2a: Ting-Loui|21/100 tox|[from] psn
|upkeep
|turn|39
|
|t:|1758950127
|switch|p2a: Sinister Tea ;)|Sinistcha|52/100
|move|p1a: Corviknight|Defog|p2a: Sinister Tea ;)
|-unboost|p2a: Sinister Tea ;)|evasion|1
|-sideend|p2: lvBreakfast|Spikes|[from] move: Defog|[of] p1a: Corviknight
|-sideend|p2: lvBreakfast|Toxic Spikes|[from] move: Defog|[of] p1a: Corviknight
|-sideend|p2: lvBreakfast|Stealth Rock|[from] move: Defog|[of] p1a: Corviknight
|-sideend|p1: shuinifengB|Spikes|[from] move: Defog|[of] p1a: Corviknight
|-sideend|p1: shuinifengB|Stealth Rock|[from] move: Defog|[of] p1a: Corviknight
|
|upkeep
|turn|40
|
|t:|1758950133
|switch|p1a: BLACKPINK|Toxapex, M|100/100
|move|p2a: Sinister Tea ;)|Strength Sap|p1a: BLACKPINK
|-unboost|p1a: BLACKPINK|atk|1
|-heal|p2a: Sinister Tea ;)|86/100
|
|upkeep
|turn|41
|
|t:|1758950139
|switch|p2a: Ting-Loui|Ting-Lu|21/100 tox
|-ability|p2a: Ting-Loui|Vessel of Ruin
|move|p1a: BLACKPINK|Haze|p1a: BLACKPINK
|-clearallboost
|
|-damage|p2a: Ting-Loui|14/100 tox|[from] psn
|upkeep
|turn|42
|
|t:|1758950145
|switch|p1a: Corviknight|Corviknight, F|70/100
|-ability|p1a: Corviknight|Pressure
|move|p2a: Ting-Loui|Stealth Rock|p1a: Corviknight
|-sidestart|p1: shuinifengB|move: Stealth Rock
|
|-damage|p2a: Ting-Loui|2/100 tox|[from] psn
|upkeep
|turn|43
|
|t:|1758950151
|move|p1a: Corviknight|Defog|p2a: Ting-Loui
|-unboost|p2a: Ting-Loui|evasion|1
|-sideend|p1: shuinifengB|Stealth Rock|[from] move: Defog|[of] p1a: Corviknight
|move|p2a: Ting-Loui|Stealth Rock|p1a: Corviknight
|-sidestart|p1: shuinifengB|move: Stealth Rock
|
|-damage|p2a: Ting-Loui|0 fnt|[from] psn
|faint|p2a: Ting-Loui
|upkeep
|
|t:|1758950165
|switch|p2a: Sinister Tea ;)|Sinistcha|86/100
|turn|44
|
|t:|1758950172
|move|p2a: Sinister Tea ;)|Calm Mind|p2a: Sinister Tea ;)
|-boost|p2a: Sinister Tea ;)|spa|1
|-boost|p2a: Sinister Tea ;)|spd|1
|move|p1a: Corviknight|Defog|p2a: Sinister Tea ;)
|-unboost|p2a: Sinister Tea ;)|evasion|1
|-sideend|p1: shuinifengB|Stealth Rock|[from] move: Defog|[of] p1a: Corviknight
|
|upkeep
|turn|45
|
|t:|1758950182
|switch|p1a: BLACKPINK|Toxapex, M|100/100
|move|p2a: Sinister Tea ;)|Matcha Gotcha|p1a: BLACKPINK
|-damage|p1a: BLACKPINK|68/100
|-heal|p2a: Sinister Tea ;)|99/100|[from] drain|[of] p1a: BLACKPINK
|-status|p1a: BLACKPINK|brn
|
|-damage|p1a: BLACKPINK|62/100 brn|[from] brn
|upkeep
|turn|46
|
|t:|1758950196
|-terastallize|p2a: Sinister Tea ;)|Poison
|move|p2a: Sinister Tea ;)|Calm Mind|p2a: Sinister Tea ;)
|-boost|p2a: Sinister Tea ;)|spa|1
|-boost|p2a: Sinister Tea ;)|spd|1
|move|p1a: BLACKPINK|Haze|p1a: BLACKPINK
|-clearallboost
|
|-damage|p1a: BLACKPINK|55/100 brn|[from] brn
|upkeep
|turn|47
|
|t:|1758950208
|move|p2a: Sinister Tea ;)|Calm Mind|p2a: Sinister Tea ;)
|-boost|p2a: Sinister Tea ;)|spa|1
|-boost|p2a: Sinister Tea ;)|spd|1
|move|p1a: BLACKPINK|Recover|p1a: BLACKPINK
|-heal|p1a: BLACKPINK|100/100 brn
|
|-damage|p1a: BLACKPINK|94/100 brn|[from] brn
|upkeep
|turn|48
|
|t:|1758950212
|move|p2a: Sinister Tea ;)|Shadow Ball|p1a: BLACKPINK
|-damage|p1a: BLACKPINK|64/100 brn
|-unboost|p1a: BLACKPINK|spd|1
|move|p1a: BLACKPINK|Haze|p1a: BLACKPINK
|-clearallboost
|
|-damage|p1a: BLACKPINK|58/100 brn|[from] brn
|upkeep
|turn|49
|
|t:|1758950218
|switch|p1a: Blissey|Blissey, F|74/100
|move|p2a: Sinister Tea ;)|Calm Mind|p2a: Sinister Tea ;)
|-boost|p2a: Sinister Tea ;)|spa|1
|-boost|p2a: Sinister Tea ;)|spd|1
|
|upkeep
|turn|50
|j| yrmpa
|
|t:|1758950222
|move|p2a: Sinister Tea ;)|Matcha Gotcha|p1a: Blissey
|-damage|p1a: Blissey|59/100
|-heal|p2a: Sinister Tea ;)|100/100|[from] drain|[of] p1a: Blissey
|-status|p1a: Blissey|brn
|move|p1a: Blissey|Calm Mind|p1a: Blissey
|-boost|p1a: Blissey|spa|1
|-boost|p1a: Blissey|spd|1
|
|-damage|p1a: Blissey|53/100 brn|[from] brn
|upkeep
|turn|51
|
|t:|1758950226
|move|p2a: Sinister Tea ;)|Calm Mind|p2a: Sinister Tea ;)
|-boost|p2a: Sinister Tea ;)|spa|1
|-boost|p2a: Sinister Tea ;)|spd|1
|move|p1a: Blissey|Soft-Boiled|p1a: Blissey
|-heal|p1a: Blissey|100/100 brn
|
|-damage|p1a: Blissey|94/100 brn|[from] brn
|upkeep
|turn|52
|
|t:|1758950229
|move|p2a: Sinister Tea ;)|Calm Mind|p2a: Sinister Tea ;)
|-boost|p2a: Sinister Tea ;)|spa|1
|-boost|p2a: Sinister Tea ;)|spd|1
|move|p1a: Blissey|Calm Mind|p1a: Blissey
|-boost|p1a: Blissey|spa|1
|-boost|p1a: Blissey|spd|1
|
|-damage|p1a: Blissey|88/100 brn|[from] brn
|upkeep
|turn|53
|
|t:|1758950231
|move|p2a: Sinister Tea ;)|Calm Mind|p2a: Sinister Tea ;)
|-boost|p2a: Sinister Tea ;)|spa|1
|-boost|p2a: Sinister Tea ;)|spd|1
|move|p1a: Blissey|Stealth Rock|p2a: Sinister Tea ;)
|-sidestart|p2: lvBreakfast|move: Stealth Rock
|
|-damage|p1a: Blissey|82/100 brn|[from] brn
|upkeep
|turn|54
|
|t:|1758950235
|move|p2a: Sinister Tea ;)|Matcha Gotcha|p1a: Blissey
|-damage|p1a: Blissey|67/100 brn
|move|p1a: Blissey|Calm Mind|p1a: Blissey
|-boost|p1a: Blissey|spa|1
|-boost|p1a: Blissey|spd|1
|
|-damage|p1a: Blissey|61/100 brn|[from] brn
|upkeep
|turn|55
|
|t:|1758950241
|move|p2a: Sinister Tea ;)|Matcha Gotcha|p1a: Blissey
|-damage|p1a: Blissey|49/100 brn
|move|p1a: Blissey|Soft-Boiled|p1a: Blissey
|-heal|p1a: Blissey|99/100 brn
|
|-damage|p1a: Blissey|93/100 brn|[from] brn
|upkeep
|turn|56
|
|t:|1758950245
|move|p2a: Sinister Tea ;)|Calm Mind|p2a: Sinister Tea ;)
|-boost|p2a: Sinister Tea ;)|spa|1
|-boost|p2a: Sinister Tea ;)|spd|1
|move|p1a: Blissey|Calm Mind|p1a: Blissey
|-boost|p1a: Blissey|spa|1
|-boost|p1a: Blissey|spd|1
|
|-damage|p1a: Blissey|86/100 brn|[from] brn
|upkeep
|turn|57
|
|t:|1758950247
|move|p2a: Sinister Tea ;)|Matcha Gotcha|p1a: Blissey
|-damage|p1a: Blissey|75/100 brn
|move|p1a: Blissey|Calm Mind|p1a: Blissey
|-boost|p1a: Blissey|spa|1
|-boost|p1a: Blissey|spd|1
|
|-damage|p1a: Blissey|69/100 brn|[from] brn
|upkeep
|turn|58
|
|t:|1758950255
|move|p2a: Sinister Tea ;)|Matcha Gotcha|p1a: Blissey
|-damage|p1a: Blissey|59/100 brn
|move|p1a: Blissey|Calm Mind|p1a: Blissey
|-boost|p1a: Blissey|spa|1
|-boost|p1a: Blissey|spd|1
|
|-damage|p1a: Blissey|53/100 brn|[from] brn
|upkeep
|turn|59
|
|t:|1758950263
|move|p2a: Sinister Tea ;)|Matcha Gotcha|p1a: Blissey
|-damage|p1a: Blissey|44/100 brn
|move|p1a: Blissey|Soft-Boiled|p1a: Blissey
|-heal|p1a: Blissey|94/100 brn
|
|-damage|p1a: Blissey|88/100 brn|[from] brn
|upkeep
|turn|60
|
|t:|1758950269
|move|p2a: Sinister Tea ;)|Calm Mind|p2a: Sinister Tea ;)
|-boost|p2a: Sinister Tea ;)|spa|1
|-boost|p2a: Sinister Tea ;)|spd|1
|move|p1a: Blissey|Shadow Ball|p2a: Sinister Tea ;)
|-damage|p2a: Sinister Tea ;)|83/100
|-unboost|p2a: Sinister Tea ;)|spd|1
|
|-damage|p1a: Blissey|82/100 brn|[from] brn
|upkeep
|turn|61
|
|t:|1758950275
|move|p2a: Sinister Tea ;)|Matcha Gotcha|p1a: Blissey
|-damage|p1a: Blissey|72/100 brn
|-heal|p2a: Sinister Tea ;)|93/100|[from] drain|[of] p1a: Blissey
|move|p1a: Blissey|Shadow Ball|p2a: Sinister Tea ;)
|-damage|p2a: Sinister Tea ;)|74/100
|-unboost|p2a: Sinister Tea ;)|spd|1
|
|-damage|p1a: Blissey|65/100 brn|[from] brn
|upkeep
|turn|62
|
|t:|1758950280
|move|p2a: Sinister Tea ;)|Calm Mind|p2a: Sinister Tea ;)
|-boost|p2a: Sinister Tea ;)|spa|0
|-boost|p2a: Sinister Tea ;)|spd|1
|move|p1a: Blissey|Shadow Ball|p2a: Sinister Tea ;)
|-damage|p2a: Sinister Tea ;)|56/100
|
|-damage|p1a: Blissey|59/100 brn|[from] brn
|upkeep
|turn|63
|
|t:|1758950283
|move|p2a: Sinister Tea ;)|Matcha Gotcha|p1a: Blissey
|-damage|p1a: Blissey|49/100 brn
|-heal|p2a: Sinister Tea ;)|66/100|[from] drain|[of] p1a: Blissey
|move|p1a: Blissey|Soft-Boiled|p1a: Blissey
|-heal|p1a: Blissey|99/100 brn
|
|-damage|p1a: Blissey|93/100 brn|[from] brn
|upkeep
|turn|64
|
|t:|1758950289
|move|p2a: Sinister Tea ;)|Matcha Gotcha|p1a: Blissey|[miss]
|-miss|p2a: Sinister Tea ;)|p1a: Blissey
|move|p1a: Blissey|Shadow Ball|p2a: Sinister Tea ;)
|-damage|p2a: Sinister Tea ;)|47/100
|
|-damage|p1a: Blissey|87/100 brn|[from] brn
|upkeep
|turn|65
|
|t:|1758950292
|move|p2a: Sinister Tea ;)|Matcha Gotcha|p1a: Blissey
|-damage|p1a: Blissey|78/100 brn
|-heal|p2a: Sinister Tea ;)|56/100|[from] drain|[of] p1a: Blissey
|move|p1a: Blissey|Shadow Ball|p2a: Sinister Tea ;)
|-damage|p2a: Sinister Tea ;)|36/100
|
|-damage|p1a: Blissey|72/100 brn|[from] brn
|upkeep
|turn|66
|
|t:|1758950296
|move|p2a: Sinister Tea ;)|Matcha Gotcha|p1a: Blissey
|-damage|p1a: Blissey|62/100 brn
|-heal|p2a: Sinister Tea ;)|45/100|[from] drain|[of] p1a: Blissey
|move|p1a: Blissey|Shadow Ball|p2a: Sinister Tea ;)
|-damage|p2a: Sinister Tea ;)|25/100
|
|-damage|p1a: Blissey|56/100 brn|[from] brn
|upkeep
|turn|67
|
|t:|1758950301
|move|p2a: Sinister Tea ;)|Matcha Gotcha|p1a: Blissey
|-damage|p1a: Blissey|46/100 brn
|-heal|p2a: Sinister Tea ;)|34/100|[from] drain|[of] p1a: Blissey
|move|p1a: Blissey|Soft-Boiled|p1a: Blissey
|-heal|p1a: Blissey|97/100 brn
|
|-damage|p1a: Blissey|90/100 brn|[from] brn
|upkeep
|turn|68
|
|t:|1758950305
|move|p2a: Sinister Tea ;)|Matcha Gotcha|p1a: Blissey
|-damage|p1a: Blissey|81/100 brn
|-heal|p2a: Sinister Tea ;)|44/100|[from] drain|[of] p1a: Blissey
|move|p1a: Blissey|Shadow Ball|p2a: Sinister Tea ;)
|-damage|p2a: Sinister Tea ;)|23/100
|
|-damage|p1a: Blissey|75/100 brn|[from] brn
|upkeep
|turn|69
|
|t:|1758950315
|switch|p2a: Lil emolga|Zapdos|75/100
|-damage|p2a: Lil emolga|50/100|[from] Stealth Rock
|move|p1a: Blissey|Shadow Ball|p2a: Lil emolga
|-damage|p2a: Lil emolga|0 fnt
|faint|p2a: Lil emolga
|
|-damage|p1a: Blissey|68/100 brn|[from] brn
|upkeep
|
|t:|1758950318
|switch|p2a: Goodra|Goodra-Hisui, F|78/100
|-damage|p2a: Goodra|72/100|[from] Stealth Rock
|turn|70
|
|t:|1758950329
|-curestatus|p1a: Blissey|brn|[from] ability: Natural Cure
|switch|p1a: BLACKPINK|Toxapex, M|91/100 brn
|move|p2a: Goodra|Dragon Tail|p1a: BLACKPINK
|-damage|p1a: BLACKPINK|75/100 brn
|drag|p1a: Corviknight|Corviknight, F|70/100
|-ability|p1a: Corviknight|Pressure
|
|upkeep
|turn|71
|
|t:|1758950334
|switch|p1a: BLACKPINK|Toxapex, M|100/100 brn
|switch|p2a: Sinister Tea ;)|Sinistcha, tera:Poison|23/100
|
|-damage|p1a: BLACKPINK|94/100 brn|[from] brn
|upkeep
|turn|72
|
|t:|1758950348
|move|p2a: Sinister Tea ;)|Strength Sap|p1a: BLACKPINK
|-unboost|p1a: BLACKPINK|atk|1
|-heal|p2a: Sinister Tea ;)|57/100
|move|p1a: BLACKPINK|Haze|p1a: BLACKPINK
|-clearallboost
|
|-damage|p1a: BLACKPINK|88/100 brn|[from] brn
|upkeep
|turn|73
|
|t:|1758950355
|move|p2a: Sinister Tea ;)|Calm Mind|p2a: Sinister Tea ;)
|-boost|p2a: Sinister Tea ;)|spa|1
|-boost|p2a: Sinister Tea ;)|spd|1
|move|p1a: BLACKPINK|Haze|p1a: BLACKPINK
|-clearallboost
|
|-damage|p1a: BLACKPINK|82/100 brn|[from] brn
|upkeep
|turn|74
|l| yrmpa
|
|t:|1758950363
|move|p2a: Sinister Tea ;)|Calm Mind|p2a: Sinister Tea ;)
|-boost|p2a: Sinister Tea ;)|spa|1
|-boost|p2a: Sinister Tea ;)|spd|1
|move|p1a: BLACKPINK|Haze|p1a: BLACKPINK
|-clearallboost
|
|-damage|p1a: BLACKPINK|75/100 brn|[from] brn
|upkeep
|turn|75
|j| minilarry
|
|t:|1758950367
|move|p2a: Sinister Tea ;)|Strength Sap|p1a: BLACKPINK
|-unboost|p1a: BLACKPINK|atk|1
|-heal|p2a: Sinister Tea ;)|91/100
|move|p1a: BLACKPINK|Haze|p1a: BLACKPINK
|-clearallboost
|
|-damage|p1a: BLACKPINK|69/100 brn|[from] brn
|upkeep
|turn|76
|
|t:|1758950370
|move|p2a: Sinister Tea ;)|Shadow Ball|p1a: BLACKPINK
|-damage|p1a: BLACKPINK|49/100 brn
|move|p1a: BLACKPINK|Recover|p1a: BLACKPINK
|-heal|p1a: BLACKPINK|99/100 brn
|
|-damage|p1a: BLACKPINK|93/100 brn|[from] brn
|upkeep
|turn|77
|
|t:|1758950374
|move|p2a: Sinister Tea ;)|Calm Mind|p2a: Sinister Tea ;)
|-boost|p2a: Sinister Tea ;)|spa|1
|-boost|p2a: Sinister Tea ;)|spd|1
|move|p1a: BLACKPINK|Haze|p1a: BLACKPINK
|-clearallboost
|
|-damage|p1a: BLACKPINK|87/100 brn|[from] brn
|upkeep
|turn|78
|
|t:|1758950378
|move|p2a: Sinister Tea ;)|Calm Mind|p2a: Sinister Tea ;)
|-boost|p2a: Sinister Tea ;)|spa|1
|-boost|p2a: Sinister Tea ;)|spd|1
|move|p1a: BLACKPINK|Haze|p1a: BLACKPINK
|-clearallboost
|
|-damage|p1a: BLACKPINK|80/100 brn|[from] brn
|upkeep
|turn|79
|
|t:|1758950381
|move|p2a: Sinister Tea ;)|Shadow Ball|p1a: BLACKPINK
|-damage|p1a: BLACKPINK|60/100 brn
|move|p1a: BLACKPINK|Haze|p1a: BLACKPINK
|-clearallboost
|
|-damage|p1a: BLACKPINK|54/100 brn|[from] brn
|upkeep
|turn|80
|
|t:|1758950386
|move|p2a: Sinister Tea ;)|Calm Mind|p2a: Sinister Tea ;)
|-boost|p2a: Sinister Tea ;)|spa|1
|-boost|p2a: Sinister Tea ;)|spd|1
|move|p1a: BLACKPINK|Recover|p1a: BLACKPINK
|-heal|p1a: BLACKPINK|100/100 brn
|
|-damage|p1a: BLACKPINK|94/100 brn|[from] brn
|upkeep
|turn|81
|
|t:|1758950389
|move|p2a: Sinister Tea ;)|Shadow Ball|p1a: BLACKPINK
|-damage|p1a: BLACKPINK|61/100 brn
|-unboost|p1a: BLACKPINK|spd|1
|move|p1a: BLACKPINK|Haze|p1a: BLACKPINK
|-clearallboost
|
|-damage|p1a: BLACKPINK|55/100 brn|[from] brn
|upkeep
|turn|82
|
|t:|1758950396
|move|p2a: Sinister Tea ;)|Calm Mind|p2a: Sinister Tea ;)
|-boost|p2a: Sinister Tea ;)|spa|1
|-boost|p2a: Sinister Tea ;)|spd|1
|move|p1a: BLACKPINK|Recover|p1a: BLACKPINK
|-heal|p1a: BLACKPINK|100/100 brn
|
|-damage|p1a: BLACKPINK|94/100 brn|[from] brn
|upkeep
|turn|83
|
|t:|1758950399
|move|p2a: Sinister Tea ;)|Shadow Ball|p1a: BLACKPINK
|-damage|p1a: BLACKPINK|62/100 brn
|move|p1a: BLACKPINK|Haze|p1a: BLACKPINK
|-clearallboost
|
|-damage|p1a: BLACKPINK|55/100 brn|[from] brn
|upkeep
|turn|84
|
|t:|1758950406
|move|p2a: Sinister Tea ;)|Calm Mind|p2a: Sinister Tea ;)
|-boost|p2a: Sinister Tea ;)|spa|1
|-boost|p2a: Sinister Tea ;)|spd|1
|move|p1a: BLACKPINK|Recover|p1a: BLACKPINK
|-heal|p1a: BLACKPINK|100/100 brn
|
|-damage|p1a: BLACKPINK|94/100 brn|[from] brn
|upkeep
|turn|85
|
|t:|1758950409
|move|p2a: Sinister Tea ;)|Shadow Ball|p1a: BLACKPINK
|-damage|p1a: BLACKPINK|63/100 brn
|move|p1a: BLACKPINK|Haze|p1a: BLACKPINK
|-clearallboost
|
|-damage|p1a: BLACKPINK|56/100 brn|[from] brn
|upkeep
|turn|86
|
|t:|1758950423
|move|p2a: Sinister Tea ;)|Calm Mind|p2a: Sinister Tea ;)
|-boost|p2a: Sinister Tea ;)|spa|1
|-boost|p2a: Sinister Tea ;)|spd|1
|move|p1a: BLACKPINK|Recover|p1a: BLACKPINK
|-heal|p1a: BLACKPINK|100/100 brn
|
|-damage|p1a: BLACKPINK|94/100 brn|[from] brn
|upkeep
|turn|87
|
|t:|1758950426
|move|p2a: Sinister Tea ;)|Shadow Ball|p1a: BLACKPINK
|-damage|p1a: BLACKPINK|64/100 brn
|move|p1a: BLACKPINK|Haze|p1a: BLACKPINK
|-clearallboost
|
|-damage|p1a: BLACKPINK|57/100 brn|[from] brn
|upkeep
|turn|88
|
|t:|1758950430
|move|p2a: Sinister Tea ;)|Calm Mind|p2a: Sinister Tea ;)
|-boost|p2a: Sinister Tea ;)|spa|1
|-boost|p2a: Sinister Tea ;)|spd|1
|move|p1a: BLACKPINK|Haze|p1a: BLACKPINK
|-clearallboost
|
|-damage|p1a: BLACKPINK|51/100 brn|[from] brn
|upkeep
|turn|89
|
|t:|1758950433
|move|p2a: Sinister Tea ;)|Calm Mind|p2a: Sinister Tea ;)
|-boost|p2a: Sinister Tea ;)|spa|1
|-boost|p2a: Sinister Tea ;)|spd|1
|move|p1a: BLACKPINK|Recover|p1a: BLACKPINK
|-heal|p1a: BLACKPINK|100/100 brn
|
|-damage|p1a: BLACKPINK|94/100 brn|[from] brn
|upkeep
|turn|90
|l| minilarry
|
|t:|1758950438
|move|p2a: Sinister Tea ;)|Shadow Ball|p1a: BLACKPINK
|-damage|p1a: BLACKPINK|65/100 brn
|move|p1a: BLACKPINK|Haze|p1a: BLACKPINK
|-clearallboost
|
|-damage|p1a: BLACKPINK|58/100 brn|[from] brn
|upkeep
|turn|91
|j| yrmpa
|
|t:|1758950451
|switch|p1a: Gliscor|Gliscor, F|86/100 tox
|move|p2a: Sinister Tea ;)|Shadow Ball|p1a: Gliscor
|-damage|p1a: Gliscor|57/100 tox
|-unboost|p1a: Gliscor|spd|1
|
|-heal|p1a: Gliscor|70/100 tox|[from] ability: Poison Heal
|upkeep
|turn|92
|
|t:|1758950459
|move|p1a: Gliscor|Knock Off|p2a: Sinister Tea ;)
|-damage|p2a: Sinister Tea ;)|76/100
|-enditem|p2a: Sinister Tea ;)|Heavy-Duty Boots|[from] move: Knock Off|[of] p1a: Gliscor
|move|p2a: Sinister Tea ;)|Strength Sap|p1a: Gliscor
|-unboost|p1a: Gliscor|atk|1
|-heal|p2a: Sinister Tea ;)|100/100
|
|-heal|p1a: Gliscor|82/100 tox|[from] ability: Poison Heal
|upkeep
|turn|93
|
|t:|1758950473
|move|p1a: Gliscor|Spikes|p2a: Sinister Tea ;)
|-sidestart|p2: lvBreakfast|Spikes
|move|p2a: Sinister Tea ;)|Calm Mind|p2a: Sinister Tea ;)
|-boost|p2a: Sinister Tea ;)|spa|1
|-boost|p2a: Sinister Tea ;)|spd|1
|
|-heal|p1a: Gliscor|95/100 tox|[from] ability: Poison Heal
|upkeep
|turn|94
|
|t:|1758950482
|switch|p1a: Dondozo|Dondozo, F|100/100
|move|p2a: Sinister Tea ;)|Calm Mind|p2a: Sinister Tea ;)
|-boost|p2a: Sinister Tea ;)|spa|1
|-boost|p2a: Sinister Tea ;)|spd|1
|
|upkeep
|turn|95
|
|t:|1758950487
|-terastallize|p1a: Dondozo|Fighting
|move|p2a: Sinister Tea ;)|Shadow Ball|p1a: Dondozo
|-damage|p1a: Dondozo|70/100
|move|p1a: Dondozo|Avalanche|p2a: Sinister Tea ;)
|-damage|p2a: Sinister Tea ;)|83/100
|
|-heal|p1a: Dondozo|76/100|[from] item: Leftovers
|upkeep
|turn|96
|
|t:|1758950494
|move|p2a: Sinister Tea ;)|Calm Mind|p2a: Sinister Tea ;)
|-boost|p2a: Sinister Tea ;)|spa|1
|-boost|p2a: Sinister Tea ;)|spd|1
|move|p1a: Dondozo|Avalanche|p2a: Sinister Tea ;)
|-damage|p2a: Sinister Tea ;)|72/100
|
|-heal|p1a: Dondozo|82/100|[from] item: Leftovers
|upkeep
|turn|97
|
|t:|1758950497
|move|p2a: Sinister Tea ;)|Calm Mind|p2a: Sinister Tea ;)
|-boost|p2a: Sinister Tea ;)|spa|1
|-boost|p2a: Sinister Tea ;)|spd|1
|move|p1a: Dondozo|Avalanche|p2a: Sinister Tea ;)
|-damage|p2a: Sinister Tea ;)|63/100
|
|-heal|p1a: Dondozo|89/100|[from] item: Leftovers
|upkeep
|turn|98
|
|t:|1758950500
|move|p2a: Sinister Tea ;)|Strength Sap|p1a: Dondozo
|-unboost|p1a: Dondozo|atk|1
|-heal|p2a: Sinister Tea ;)|100/100
|move|p1a: Dondozo|Body Press|p2a: Sinister Tea ;)
|-resisted|p2a: Sinister Tea ;)
|-damage|p2a: Sinister Tea ;)|86/100
|
|-heal|p1a: Dondozo|95/100|[from] item: Leftovers
|upkeep
|turn|99
|
|t:|1758950507
|move|p2a: Sinister Tea ;)|Calm Mind|p2a: Sinister Tea ;)
|-boost|p2a: Sinister Tea ;)|spa|1
|-boost|p2a: Sinister Tea ;)|spd|1
|move|p1a: Dondozo|Body Press|p2a: Sinister Tea ;)
|-resisted|p2a: Sinister Tea ;)
|-damage|p2a: Sinister Tea ;)|73/100
|
|-heal|p1a: Dondozo|100/100|[from] item: Leftovers
|upkeep
|turn|100
|
|t:|1758950510
|move|p2a: Sinister Tea ;)|Calm Mind|p2a: Sinister Tea ;)
|-boost|p2a: Sinister Tea ;)|spa|1
|-boost|p2a: Sinister Tea ;)|spd|1
|move|p1a: Dondozo|Body Press|p2a: Sinister Tea ;)
|-resisted|p2a: Sinister Tea ;)
|-crit|p2a: Sinister Tea ;)
|-damage|p2a: Sinister Tea ;)|52/100
|
|upkeep
|turn|101
|
|t:|1758950512
|move|p2a: Sinister Tea ;)|Matcha Gotcha|p1a: Dondozo
|-damage|p1a: Dondozo|68/100
|-heal|p2a: Sinister Tea ;)|76/100|[from] drain|[of] p1a: Dondozo
|move|p1a: Dondozo|Body Press|p2a: Sinister Tea ;)
|-resisted|p2a: Sinister Tea ;)
|-damage|p2a: Sinister Tea ;)|61/100
|
|-heal|p1a: Dondozo|74/100|[from] item: Leftovers
|upkeep
|turn|102
|
|t:|1758950516
|move|p2a: Sinister Tea ;)|Shadow Ball|p1a: Dondozo
|-damage|p1a: Dondozo|40/100
|move|p1a: Dondozo|Body Press|p2a: Sinister Tea ;)
|-resisted|p2a: Sinister Tea ;)
|-damage|p2a: Sinister Tea ;)|45/100
|
|-heal|p1a: Dondozo|46/100|[from] item: Leftovers
|upkeep
|turn|103
|
|t:|1758950523
|move|p2a: Sinister Tea ;)|Strength Sap|p1a: Dondozo
|-unboost|p1a: Dondozo|atk|1
|-heal|p2a: Sinister Tea ;)|91/100
|move|p1a: Dondozo|Rest|p1a: Dondozo
|-status|p1a: Dondozo|slp|[from] move: Rest
|-heal|p1a: Dondozo|100/100 slp|[silent]
|
|upkeep
|turn|104
|
|t:|1758950528
|move|p2a: Sinister Tea ;)|Shadow Ball|p1a: Dondozo
|-damage|p1a: Dondozo|68/100 slp
|cant|p1a: Dondozo|slp
|move|p1a: Dondozo|Sleep Talk|p1a: Dondozo
|move|p1a: Dondozo|Rest||[from] move: Sleep Talk|[still]
|-fail|p1a: Dondozo
|
|-heal|p1a: Dondozo|74/100 slp|[from] item: Leftovers
|upkeep
|turn|105
|
|t:|1758950532
|move|p2a: Sinister Tea ;)|Shadow Ball|p1a: Dondozo
|-damage|p1a: Dondozo|44/100 slp
|cant|p1a: Dondozo|slp
|move|p1a: Dondozo|Sleep Talk|p1a: Dondozo
|move|p1a: Dondozo|Body Press|p2a: Sinister Tea ;)|[from] move: Sleep Talk
|-resisted|p2a: Sinister Tea ;)
|-damage|p2a: Sinister Tea ;)|77/100
|
|-heal|p1a: Dondozo|50/100 slp|[from] item: Leftovers
|upkeep
|turn|106
|
|t:|1758950537
|move|p2a: Sinister Tea ;)|Shadow Ball|p1a: Dondozo
|-damage|p1a: Dondozo|21/100 slp
|-curestatus|p1a: Dondozo|slp|[msg]
|move|p1a: Dondozo|Rest|p1a: Dondozo
|-status|p1a: Dondozo|slp|[from] move: Rest
|-heal|p1a: Dondozo|100/100 slp|[silent]
|
|upkeep
|turn|107
|
|t:|1758950542
|move|p2a: Sinister Tea ;)|Shadow Ball|p1a: Dondozo
|-damage|p1a: Dondozo|69/100 slp
|cant|p1a: Dondozo|slp
|move|p1a: Dondozo|Sleep Talk|p1a: Dondozo
|move|p1a: Dondozo|Body Press|p2a: Sinister Tea ;)|[from] move: Sleep Talk
|-resisted|p2a: Sinister Tea ;)
|-damage|p2a: Sinister Tea ;)|63/100
|
|-heal|p1a: Dondozo|75/100 slp|[from] item: Leftovers
|upkeep
|turn|108
|
|t:|1758950547
|move|p2a: Sinister Tea ;)|Shadow Ball|p1a: Dondozo
|-damage|p1a: Dondozo|44/100 slp
|-unboost|p1a: Dondozo|spd|1
|cant|p1a: Dondozo|slp
|move|p1a: Dondozo|Sleep Talk|p1a: Dondozo
|move|p1a: Dondozo|Avalanche|p2a: Sinister Tea ;)|[from] move: Sleep Talk
|-damage|p2a: Sinister Tea ;)|53/100
|
|-heal|p1a: Dondozo|50/100 slp|[from] item: Leftovers
|upkeep
|turn|109
|
|t:|1758950562
|switch|p1a: Corviknight|Corviknight, F|70/100
|-ability|p1a: Corviknight|Pressure
|move|p2a: Sinister Tea ;)|Matcha Gotcha|p1a: Corviknight
|-resisted|p1a: Corviknight
|-damage|p1a: Corviknight|38/100
|-heal|p2a: Sinister Tea ;)|72/100|[from] drain|[of] p1a: Corviknight
|
|upkeep
|turn|110
|
|t:|1758950570
|move|p2a: Sinister Tea ;)|Shadow Ball|p1a: Corviknight
|-damage|p1a: Corviknight|0 fnt
|faint|p1a: Corviknight
|
|upkeep
|
|t:|1758950577
|switch|p1a: Dondozo|Dondozo, F, tera:Fighting|50/100 slp
|turn|111
|
|t:|1758950580
|move|p2a: Sinister Tea ;)|Shadow Ball|p1a: Dondozo
|-damage|p1a: Dondozo|22/100 slp
|-curestatus|p1a: Dondozo|slp|[msg]
|move|p1a: Dondozo|Rest|p1a: Dondozo
|-status|p1a: Dondozo|slp|[from] move: Rest
|-heal|p1a: Dondozo|100/100 slp|[silent]
|
|upkeep
|turn|112
|j| minilarry
|
|t:|1758950585
|move|p2a: Sinister Tea ;)|Shadow Ball|p1a: Dondozo
|-damage|p1a: Dondozo|72/100 slp
|cant|p1a: Dondozo|slp
|move|p1a: Dondozo|Sleep Talk|p1a: Dondozo
|move|p1a: Dondozo|Avalanche|p2a: Sinister Tea ;)|[from] move: Sleep Talk
|-damage|p2a: Sinister Tea ;)|54/100
|
|-heal|p1a: Dondozo|78/100 slp|[from] item: Leftovers
|upkeep
|turn|113
|
|t:|1758950590
|move|p2a: Sinister Tea ;)|Shadow Ball|p1a: Dondozo
|-damage|p1a: Dondozo|44/100 slp
|cant|p1a: Dondozo|slp
|move|p1a: Dondozo|Sleep Talk|p1a: Dondozo
|move|p1a: Dondozo|Body Press|p2a: Sinister Tea ;)|[from] move: Sleep Talk
|-resisted|p2a: Sinister Tea ;)
|-damage|p2a: Sinister Tea ;)|39/100
|
|-heal|p1a: Dondozo|50/100 slp|[from] item: Leftovers
|upkeep
|turn|114
|
|t:|1758950596
|move|p2a: Sinister Tea ;)|Matcha Gotcha|p1a: Dondozo
|-damage|p1a: Dondozo|21/100 slp
|-heal|p2a: Sinister Tea ;)|60/100|[from] drain|[of] p1a: Dondozo
|-curestatus|p1a: Dondozo|slp|[msg]
|move|p1a: Dondozo|Rest|p1a: Dondozo
|-status|p1a: Dondozo|slp|[from] move: Rest
|-heal|p1a: Dondozo|100/100 slp|[silent]
|
|upkeep
|turn|115
|
|t:|1758950608
|move|p2a: Sinister Tea ;)|Shadow Ball|p1a: Dondozo
|-damage|p1a: Dondozo|71/100 slp
|cant|p1a: Dondozo|slp
|move|p1a: Dondozo|Sleep Talk|p1a: Dondozo
|move|p1a: Dondozo|Rest||[from] move: Sleep Talk|[still]
|-fail|p1a: Dondozo
|
|-heal|p1a: Dondozo|77/100 slp|[from] item: Leftovers
|upkeep
|turn|116
|
|t:|1758950616
|move|p2a: Sinister Tea ;)|Strength Sap|p1a: Dondozo
|-unboost|p1a: Dondozo|atk|1
|-heal|p2a: Sinister Tea ;)|100/100
|cant|p1a: Dondozo|slp
|
|-heal|p1a: Dondozo|84/100 slp|[from] item: Leftovers
|upkeep
|turn|117
|
|t:|1758950620
|move|p2a: Sinister Tea ;)|Strength Sap|p1a: Dondozo
|-unboost|p1a: Dondozo|atk|1
|-curestatus|p1a: Dondozo|slp|[msg]
|move|p1a: Dondozo|Avalanche|p2a: Sinister Tea ;)
|-damage|p2a: Sinister Tea ;)|96/100
|
|-heal|p1a: Dondozo|90/100|[from] item: Leftovers
|upkeep
|turn|118
|
|t:|1758950626
|move|p2a: Sinister Tea ;)|Matcha Gotcha|p1a: Dondozo
|-damage|p1a: Dondozo|58/100
|-heal|p2a: Sinister Tea ;)|100/100|[from] drain|[of] p1a: Dondozo
|-status|p1a: Dondozo|brn
|move|p1a: Dondozo|Body Press|p2a: Sinister Tea ;)
|-resisted|p2a: Sinister Tea ;)
|-damage|p2a: Sinister Tea ;)|94/100
|
|-heal|p1a: Dondozo|64/100 brn|[from] item: Leftovers
|-damage|p1a: Dondozo|58/100 brn|[from] brn
|upkeep
|turn|119
|
|t:|1758950634
|move|p2a: Sinister Tea ;)|Calm Mind|p2a: Sinister Tea ;)
|-boost|p2a: Sinister Tea ;)|spa|0
|-boost|p2a: Sinister Tea ;)|spd|0
|move|p1a: Dondozo|Rest|p1a: Dondozo
|-status|p1a: Dondozo|slp|[from] move: Rest
|-heal|p1a: Dondozo|100/100 slp|[silent]
|
|upkeep
|turn|120
|j| bob smoke
|
|t:|1758950644
|move|p2a: Sinister Tea ;)|Shadow Ball|p1a: Dondozo
|-damage|p1a: Dondozo|70/100 slp
|cant|p1a: Dondozo|slp
|
|-heal|p1a: Dondozo|76/100 slp|[from] item: Leftovers
|upkeep
|turn|121
|
|t:|1758950648
|move|p2a: Sinister Tea ;)|Shadow Ball|p1a: Dondozo
|-damage|p1a: Dondozo|47/100 slp
|cant|p1a: Dondozo|slp
|
|-heal|p1a: Dondozo|53/100 slp|[from] item: Leftovers
|upkeep
|turn|122
|
|t:|1758950652
|move|p2a: Sinister Tea ;)|Matcha Gotcha|p1a: Dondozo
|-damage|p1a: Dondozo|23/100 slp
|-heal|p2a: Sinister Tea ;)|100/100|[from] drain|[of] p1a: Dondozo
|-curestatus|p1a: Dondozo|slp|[msg]
|move|p1a: Dondozo|Rest|p1a: Dondozo
|-status|p1a: Dondozo|slp|[from] move: Rest
|-heal|p1a: Dondozo|100/100 slp|[silent]
|
|upkeep
|turn|123
|c|☆lvBreakfast|Gg
|l| bob smoke
|c|☆shuinifengB|GG
|-message|lvBreakfast forfeited.
|
|win|shuinifengB
|raw|shuinifengB's rating: 1782 &rarr; <strong>1809</strong><br />(+27 for winning)
|raw|lvBreakfast's rating: 1915 &rarr; <strong>1888</strong><br />(-27 for losing)
|l|☆lvBreakfast
|player|p2|
|l| minilarry
|l|☆shuinifengB
|player|p1|
|l| amefurikoneko
|l| wgw2333
