|j|☆lzc123456
|j|☆TheonReekGreyjoy
|t:|1759047634
|gametype|singles
|player|p1|lzc123456|cynthia-gen4|1548
|player|p2|TheonReekGreyjoy|170|1579
|gen|9
|tier|[Gen 9] OU
|rated|
|rule|HP Percentage Mod: HP is shown in percentages
|rule|Endless Battle Clause: Forcing endless battles is banned
|rule|Species Clause: Limit one of each Pokémon
|rule|OHKO Clause: OHKO moves are banned
|rule|Evasion Items Clause: Evasion items are banned
|rule|Evasion Moves Clause: Evasion moves are banned
|rule|Evasion Abilities Clause: Evasion abilities are banned
|rule|Sleep Moves Clause: Sleep-inducing moves are banned
|clearpoke
|poke|p1|Iron Valiant|
|poke|p1|Gholdengo|
|poke|p1|Glimmora, F|
|poke|p1|Dragonite, M|
|poke|p1|Samurott-Hisui, M|
|poke|p1|Garchomp, F|
|poke|p2|Rotom-Wash|
|poke|p2|Pecharunt|
|poke|p2|Garchomp, M|
|poke|p2|Kingambit, F|
|poke|p2|Excadrill, M|
|poke|p2|Tyranitar, F|
|teampreview
|inactive|Battle timer is ON: inactive players will automatically lose when time's up. (requested by lzc123456)
|inactive|TheonReekGreyjoy has 120 seconds left.
|
|t:|1759047687
|teamsize|p1|6
|teamsize|p2|6
|start
|switch|p1a: Samurott|Samurott-Hisui, M|100/100
|switch|p2a: Rotom|Rotom-Wash|100/100
|turn|1
|
|t:|1759047695
|switch|p1a: Gholdengo|Gholdengo|100/100
|-item|p1a: Gholdengo|Air Balloon
|move|p2a: Rotom|Volt Switch|p1a: Gholdengo
|-damage|p1a: Gholdengo|76/100
|-enditem|p1a: Gholdengo|Air Balloon
|
|t:|1759047713
|switch|p2a: Excadrill|Excadrill, M|100/100|[from] Volt Switch
|
|upkeep
|turn|2
|
|t:|1759047719
|move|p2a: Excadrill|Earthquake|p1a: Gholdengo
|-supereffective|p1a: Gholdengo
|-damage|p1a: Gholdengo|0 fnt
|faint|p1a: Gholdengo
|
|upkeep
|
|t:|1759047721
|switch|p1a: Samurott|Samurott-Hisui, M|100/100
|turn|3
|
|t:|1759047731
|switch|p2a: Garchomp|Garchomp, M|100/100
|move|p1a: Samurott|Ceaseless Edge|p2a: Garchomp|[miss]
|-miss|p1a: Samurott|p2a: Garchomp
|
|upkeep
|turn|4
|
|t:|1759047742
|switch|p1a: Iron Valiant|Iron Valiant|100/100
|-enditem|p1a: Iron Valiant|Booster Energy
|-activate|p1a: Iron Valiant|ability: Quark Drive|[fromitem]
|-start|p1a: Iron Valiant|quarkdrivespe
|move|p2a: Garchomp|Earthquake|p1a: Iron Valiant
|-damage|p1a: Iron Valiant|31/100
|
|upkeep
|turn|5
|
|t:|1759047750
|switch|p2a: Pecharunt|Pecharunt|100/100
|move|p1a: Iron Valiant|Moonblast|p2a: Pecharunt
|-resisted|p2a: Pecharunt
|-damage|p2a: Pecharunt|77/100
|-unboost|p2a: Pecharunt|spa|1
|
|upkeep
|turn|6
|
|t:|1759047757
|move|p1a: Iron Valiant|Knock Off|p2a: Pecharunt
|-supereffective|p2a: Pecharunt
|-damage|p2a: Pecharunt|52/100
|-enditem|p2a: Pecharunt|Heavy-Duty Boots|[from] move: Knock Off|[of] p1a: Iron Valiant
|move|p2a: Pecharunt|Parting Shot|p1a: Iron Valiant
|-unboost|p1a: Iron Valiant|atk|1
|-unboost|p1a: Iron Valiant|spa|1
|
|t:|1759047763
|switch|p2a: Tyranitar|Tyranitar, F|100/100|[from] Parting Shot
|-weather|Sandstorm|[from] ability: Sand Stream|[of] p2a: Tyranitar
|
|-weather|Sandstorm|[upkeep]
|-damage|p1a: Iron Valiant|24/100|[from] Sandstorm
|upkeep
|turn|7
|
|t:|1759047773
|switch|p2a: Pecharunt|Pecharunt|52/100
|move|p1a: Iron Valiant|Moonblast|p2a: Pecharunt
|-resisted|p2a: Pecharunt
|-damage|p2a: Pecharunt|37/100
|
|-weather|Sandstorm|[upkeep]
|-damage|p1a: Iron Valiant|18/100|[from] Sandstorm
|-damage|p2a: Pecharunt|30/100|[from] Sandstorm
|upkeep
|turn|8
|
|t:|1759047784
|-end|p1a: Iron Valiant|Quark Drive|[silent]
|switch|p1a: Glimmora|Glimmora, F|100/100
|move|p2a: Pecharunt|Recover|p2a: Pecharunt
|-heal|p2a: Pecharunt|80/100
|
|-weather|Sandstorm|[upkeep]
|-damage|p2a: Pecharunt|74/100|[from] Sandstorm
|upkeep
|turn|9
|
|t:|1759047793
|move|p1a: Glimmora|Stealth Rock|p2a: Pecharunt
|-sidestart|p2: TheonReekGreyjoy|move: Stealth Rock
|move|p2a: Pecharunt|Parting Shot|p1a: Glimmora
|-unboost|p1a: Glimmora|atk|1
|-unboost|p1a: Glimmora|spa|1
|
|t:|1759047798
|switch|p2a: Excadrill|Excadrill, M|100/100|[from] Parting Shot
|-damage|p2a: Excadrill|97/100|[from] Stealth Rock
|
|-weather|Sandstorm|[upkeep]
|upkeep
|turn|10
|
|t:|1759047806
|move|p2a: Excadrill|Earthquake|p1a: Glimmora
|-supereffective|p1a: Glimmora
|-damage|p1a: Glimmora|0 fnt
|-activate|p1a: Glimmora|ability: Toxic Debris
|-sidestart|p2: TheonReekGreyjoy|move: Toxic Spikes
|faint|p1a: Glimmora
|
|-weather|Sandstorm|[upkeep]
|upkeep
|
|t:|1759047814
|switch|p1a: Dragonite|Dragonite, M|100/100
|turn|11
|
|t:|1759047818
|move|p2a: Excadrill|Rapid Spin|p1a: Dragonite
|-damage|p1a: Dragonite|90/100
|-boost|p2a: Excadrill|spe|1
|-sideend|p2: TheonReekGreyjoy|Toxic Spikes|[from] move: Rapid Spin|[of] p2a: Excadrill
|-sideend|p2: TheonReekGreyjoy|Stealth Rock|[from] move: Rapid Spin|[of] p2a: Excadrill
|move|p1a: Dragonite|Dragon Dance|p1a: Dragonite
|-boost|p1a: Dragonite|atk|1
|-boost|p1a: Dragonite|spe|1
|
|-weather|Sandstorm|[upkeep]
|-damage|p1a: Dragonite|83/100|[from] Sandstorm
|upkeep
|turn|12
|
|t:|1759047825
|move|p2a: Excadrill|Rock Slide|p1a: Dragonite
|-supereffective|p1a: Dragonite
|-damage|p1a: Dragonite|15/100
|move|p1a: Dragonite|Earthquake|p2a: Excadrill
|-supereffective|p2a: Excadrill
|-damage|p2a: Excadrill|0 fnt
|faint|p2a: Excadrill
|
|-weather|Sandstorm|[upkeep]
|-damage|p1a: Dragonite|9/100|[from] Sandstorm
|upkeep
|
|t:|1759047836
|switch|p2a: Rotom|Rotom-Wash|100/100
|turn|13
|inactive|lzc123456 has 120 seconds left.
|
|t:|1759047867
|move|p1a: Dragonite|Roost|p1a: Dragonite
|-heal|p1a: Dragonite|59/100
|-singleturn|p1a: Dragonite|move: Roost
|move|p2a: Rotom|Volt Switch|p1a: Dragonite
|-resisted|p1a: Dragonite
|-damage|p1a: Dragonite|44/100
|
|t:|1759047884
|switch|p2a: Garchomp|Garchomp, M|100/100|[from] Volt Switch
|
|-weather|none
|upkeep
|turn|14
|
|t:|1759047892
|switch|p2a: Rotom|Rotom-Wash|100/100
|-terastallize|p1a: Dragonite|Fairy
|move|p1a: Dragonite|Tera Blast|p2a: Rotom|[anim] Tera Blast Fairy
|-damage|p2a: Rotom|47/100
|
|-heal|p2a: Rotom|53/100|[from] item: Leftovers
|upkeep
|turn|15
|
|t:|1759047901
|-terastallize|p2a: Rotom|Steel
|move|p1a: Dragonite|Roost|p1a: Dragonite
|-heal|p1a: Dragonite|94/100
|move|p2a: Rotom|Will-O-Wisp|p1a: Dragonite
|-status|p1a: Dragonite|brn
|
|-heal|p2a: Rotom|59/100|[from] item: Leftovers
|-damage|p1a: Dragonite|88/100 brn|[from] brn
|upkeep
|turn|16
|
|t:|1759047911
|move|p1a: Dragonite|Dragon Dance|p1a: Dragonite
|-boost|p1a: Dragonite|atk|1
|-boost|p1a: Dragonite|spe|1
|move|p2a: Rotom|Volt Switch|p1a: Dragonite
|-damage|p1a: Dragonite|61/100 brn
|
|t:|1759047918
|switch|p2a: Pecharunt|Pecharunt|74/100|[from] Volt Switch
|
|-damage|p1a: Dragonite|55/100 brn|[from] brn
|upkeep
|turn|17
|
|t:|1759047923
|move|p1a: Dragonite|Earthquake|p2a: Pecharunt
|-supereffective|p2a: Pecharunt
|-damage|p2a: Pecharunt|41/100
|move|p2a: Pecharunt|Malignant Chain|p1a: Dragonite
|-supereffective|p1a: Dragonite
|-damage|p1a: Dragonite|0 fnt
|faint|p1a: Dragonite
|
|upkeep
|
|t:|1759047930
|switch|p1a: Samurott|Samurott-Hisui, M|100/100
|turn|18
|
|t:|1759047942
|switch|p2a: Garchomp|Garchomp, M|100/100
|move|p1a: Samurott|Razor Shell|p2a: Garchomp
|-damage|p2a: Garchomp|49/100
|-unboost|p2a: Garchomp|def|1
|-damage|p1a: Samurott|88/100|[from] ability: Rough Skin|[of] p2a: Garchomp
|
|upkeep
|turn|19
|
|t:|1759047958
|move|p1a: Samurott|Razor Shell|p2a: Garchomp
|-damage|p2a: Garchomp|0 fnt
|-damage|p1a: Samurott|76/100|[from] ability: Rough Skin|[of] p2a: Garchomp
|faint|p2a: Garchomp
|
|upkeep
|
|t:|1759047967
|switch|p2a: Pecharunt|Pecharunt|41/100
|turn|20
|
|t:|1759047970
|move|p1a: Samurott|Razor Shell|p2a: Pecharunt
|-damage|p2a: Pecharunt|17/100
|move|p2a: Pecharunt|Recover|p2a: Pecharunt
|-heal|p2a: Pecharunt|67/100
|
|upkeep
|turn|21
|
|t:|1759047976
|switch|p1a: Iron Valiant|Iron Valiant|18/100
|move|p2a: Pecharunt|Recover|p2a: Pecharunt
|-heal|p2a: Pecharunt|100/100
|
|upkeep
|turn|22
|
|t:|1759047980
|switch|p2a: Tyranitar|Tyranitar, F|100/100
|-weather|Sandstorm|[from] ability: Sand Stream|[of] p2a: Tyranitar
|move|p1a: Iron Valiant|Encore||[still]
|-fail|p1a: Iron Valiant
|
|-weather|Sandstorm|[upkeep]
|-damage|p1a: Iron Valiant|12/100|[from] Sandstorm
|upkeep
|turn|23
|
|t:|1759047994
|move|p1a: Iron Valiant|Knock Off|p2a: Tyranitar
|-resisted|p2a: Tyranitar
|-damage|p2a: Tyranitar|90/100
|-enditem|p2a: Tyranitar|Smooth Rock|[from] move: Knock Off|[of] p1a: Iron Valiant
|move|p2a: Tyranitar|Stealth Rock|p1a: Iron Valiant
|-sidestart|p1: lzc123456|move: Stealth Rock
|
|-weather|Sandstorm|[upkeep]
|-damage|p1a: Iron Valiant|6/100|[from] Sandstorm
|upkeep
|turn|24
|
|t:|1759048002
|move|p1a: Iron Valiant|Moonblast|p2a: Tyranitar
|-supereffective|p2a: Tyranitar
|-damage|p2a: Tyranitar|54/100
|move|p2a: Tyranitar|Ice Beam|p1a: Iron Valiant
|-damage|p1a: Iron Valiant|0 fnt
|faint|p1a: Iron Valiant
|-end|p1a: Iron Valiant|Quark Drive|[silent]
|
|-weather|Sandstorm|[upkeep]
|upkeep
|
|t:|1759048004
|switch|p1a: Garchomp|Garchomp, F|100/100
|-damage|p1a: Garchomp|94/100|[from] Stealth Rock
|turn|25
|
|t:|1759048012
|move|p1a: Garchomp|Swords Dance|p1a: Garchomp
|-boost|p1a: Garchomp|atk|2
|move|p2a: Tyranitar|Ice Beam|p1a: Garchomp
|-supereffective|p1a: Garchomp
|-damage|p1a: Garchomp|5/100
|
|-weather|Sandstorm|[upkeep]
|upkeep
|turn|26
|
|t:|1759048019
|move|p1a: Garchomp|Scale Shot|p2a: Tyranitar
|-damage|p2a: Tyranitar|35/100
|-damage|p2a: Tyranitar|14/100
|-damage|p2a: Tyranitar|0 fnt
|faint|p2a: Tyranitar
|-hitcount|p2: Tyranitar|3
|-unboost|p1a: Garchomp|def|1
|-boost|p1a: Garchomp|spe|1
|
|-weather|Sandstorm|[upkeep]
|upkeep
|
|t:|1759048032
|switch|p2a: Kingambit|Kingambit, F|100/100
|-activate|p2a: Kingambit|ability: Supreme Overlord
|-start|p2a: Kingambit|fallen3|[silent]
|turn|27
|
|t:|1759048037
|move|p2a: Kingambit|Sucker Punch|p1a: Garchomp
|-damage|p1a: Garchomp|0 fnt
|-damage|p2a: Kingambit|88/100|[from] ability: Rough Skin|[of] p1a: Garchomp
|faint|p1a: Garchomp
|
|-weather|Sandstorm|[upkeep]
|-heal|p2a: Kingambit|94/100|[from] item: Leftovers
|upkeep
|
|t:|1759048038
|switch|p1a: Samurott|Samurott-Hisui, M|76/100
|-damage|p1a: Samurott|63/100|[from] Stealth Rock
|turn|28
|
|t:|1759048047
|move|p1a: Samurott|Sacred Sword|p2a: Kingambit
|-supereffective|p2a: Kingambit
|-damage|p2a: Kingambit|0 fnt
|faint|p2a: Kingambit
|-end|p2a: Kingambit|fallen3|[silent]
|
|-weather|Sandstorm|[upkeep]
|-damage|p1a: Samurott|57/100|[from] Sandstorm
|upkeep
|
|t:|1759048053
|switch|p2a: Rotom|Rotom-Wash, tera:Steel|59/100
|turn|29
|
|t:|1759048056
|move|p1a: Samurott|Sacred Sword|p2a: Rotom
|-supereffective|p2a: Rotom
|-damage|p2a: Rotom|0 fnt
|faint|p2a: Rotom
|
|-weather|none
|upkeep
|
|t:|1759048060
|switch|p2a: Pecharunt|Pecharunt|100/100
|turn|30
|
|t:|1759048062
|move|p1a: Samurott|Sacred Sword|p2a: Pecharunt
|-immune|p2a: Pecharunt
|move|p2a: Pecharunt|Malignant Chain|p1a: Samurott
|-damage|p1a: Samurott|6/100
|
|upkeep
|turn|31
|
|t:|1759048069
|move|p1a: Samurott|Sacred Sword|p2a: Pecharunt
|-immune|p2a: Pecharunt
|move|p2a: Pecharunt|Shadow Ball|p1a: Samurott
|-resisted|p1a: Samurott
|-damage|p1a: Samurott|0 fnt
|faint|p1a: Samurott
|
|win|TheonReekGreyjoy
|raw|lzc123456's rating: 1548 &rarr; <strong>1530</strong><br />(-18 for losing)
|raw|TheonReekGreyjoy's rating: 1579 &rarr; <strong>1597</strong><br />(+18 for winning)
|l|☆lzc123456
|player|p1|
