|j|☆slngularlty
|j|☆Chrille-1
|t:|1758918249
|gametype|singles
|player|p1|slngularlty|koga|1344
|player|p2|Chrille-1|morty|1372
|gen|9
|tier|[Gen 9] OU
|rated|
|rule|HP Percentage Mod: HP is shown in percentages
|rule|Endless Battle Clause: Forcing endless battles is banned
|rule|Species Clause: Limit one of each Pokémon
|rule|OHKO Clause: OHKO moves are banned
|rule|Evasion Items Clause: Evasion items are banned
|rule|Evasion Moves Clause: Evasion moves are banned
|rule|Evasion Abilities Clause: Evasion abilities are banned
|rule|Sleep Moves Clause: Sleep-inducing moves are banned
|clearpoke
|poke|p1|Darkrai|
|poke|p1|Araquanid, M|
|poke|p1|Gliscor, M|
|poke|p1|Hatterene, F|
|poke|p1|Moltres|
|poke|p1|Kingambit, M|
|poke|p2|Moltres|
|poke|p2|Great Tusk|
|poke|p2|Slowking-Galar, F|
|poke|p2|Kingambit, F|
|poke|p2|Dragapult, M|
|poke|p2|Ogerpon-Wellspring, F|
|teampreview
|inactive|Battle timer is ON: inactive players will automatically lose when time's up. (requested by slngularlty)
|
|t:|1758918273
|teamsize|p1|6
|teamsize|p2|6
|start
|switch|p1a: Araquanid|Araquanid, M|100/100
|switch|p2a: Helcat|Dragapult, M, shiny|100/100
|turn|1
|
|t:|1758918277
|move|p2a: Helcat|Shadow Ball|p1a: Araquanid
|-damage|p1a: Araquanid|55/100
|move|p1a: Araquanid|Sticky Web|p2a: Helcat
|-sidestart|p2: Chrille-1|move: Sticky Web
|
|upkeep
|turn|2
|
|t:|1758918284
|switch|p1a: Kingambit|Kingambit, M|100/100
|move|p2a: Helcat|Shadow Ball|p1a: Kingambit
|-resisted|p1a: Kingambit
|-damage|p1a: Kingambit|69/100
|
|upkeep
|turn|3
|
|t:|1758918291
|switch|p2a: FierBird|Moltres|100/100
|-end|p1a: Kingambit|fallenundefined|[silent]
|switch|p1a: Araquanid|Araquanid, M|55/100
|
|upkeep
|turn|4
|
|t:|1758918295
|switch|p2a: Helcat|Dragapult, M, shiny|100/100
|-activate|p2a: Helcat|move: Sticky Web
|-fail|p2a: Helcat|unboost|[from] ability: Clear Body|[of] p2a: Helcat
|move|p1a: Araquanid|Liquidation|p2a: Helcat
|-resisted|p2a: Helcat
|-damage|p2a: Helcat|71/100
|
|upkeep
|turn|5
|
|t:|1758918298
|switch|p1a: Kingambit|Kingambit, M|69/100
|move|p2a: Helcat|Shadow Ball|p1a: Kingambit
|-resisted|p1a: Kingambit
|-damage|p1a: Kingambit|38/100
|
|upkeep
|turn|6
|
|t:|1758918304
|switch|p2a: Chager|Great Tusk|100/100
|-activate|p2a: Chager|move: Sticky Web
|-unboost|p2a: Chager|spe|1
|-end|p1a: Kingambit|fallenundefined|[silent]
|switch|p1a: Darkrai|Darkrai|100/100
|
|upkeep
|turn|7
|
|t:|1758918307
|-terastallize|p1a: Darkrai|Ghost
|move|p1a: Darkrai|Nasty Plot|p1a: Darkrai
|-boost|p1a: Darkrai|spa|2
|move|p2a: Chager|Body Press|p1a: Darkrai
|-immune|p1a: Darkrai
|
|upkeep
|turn|8
|
|t:|1758918311
|move|p1a: Darkrai|Ice Beam|p2a: Chager
|-supereffective|p2a: Chager
|-damage|p2a: Chager|0 fnt
|faint|p2a: Chager
|-end|p2a: Chager|Protosynthesis|[silent]
|
|upkeep
|
|t:|1758918315
|switch|p2a: Helcat|Dragapult, M, shiny|71/100
|-activate|p2a: Helcat|move: Sticky Web
|-fail|p2a: Helcat|unboost|[from] ability: Clear Body|[of] p2a: Helcat
|turn|9
|
|t:|1758918319
|switch|p1a: Hatterene|Hatterene, F|100/100
|move|p2a: Helcat|Shadow Ball|p1a: Hatterene
|-supereffective|p1a: Hatterene
|-damage|p1a: Hatterene|0 fnt
|faint|p1a: Hatterene
|
|upkeep
|
|t:|1758918323
|switch|p1a: Araquanid|Araquanid, M|55/100
|turn|10
|
|t:|1758918325
|move|p2a: Helcat|Shadow Ball|p1a: Araquanid
|-damage|p1a: Araquanid|15/100
|move|p1a: Araquanid|Liquidation|p2a: Helcat
|-resisted|p2a: Helcat
|-damage|p2a: Helcat|42/100
|
|upkeep
|turn|11
|-enditem|p1a: Araquanid|Custap Berry|[eat]
|-activate|p1a: Araquanid|item: Custap Berry|[consumed]
|
|t:|1758918328
|move|p1a: Araquanid|Liquidation|p2a: Helcat
|-resisted|p2a: Helcat
|-damage|p2a: Helcat|14/100
|move|p2a: Helcat|Shadow Ball|p1a: Araquanid
|-damage|p1a: Araquanid|0 fnt
|faint|p1a: Araquanid
|
|upkeep
|
|t:|1758918330
|switch|p1a: Kingambit|Kingambit, M|38/100
|-activate|p1a: Kingambit|ability: Supreme Overlord
|-start|p1a: Kingambit|fallen2|[silent]
|turn|12
|
|t:|1758918333
|switch|p2a: FierBird|Moltres|100/100
|move|p1a: Kingambit|Sucker Punch||[still]
|-fail|p1a: Kingambit
|
|upkeep
|turn|13
|
|t:|1758918338
|-end|p1a: Kingambit|fallen2|[silent]
|switch|p1a: Moltres|Moltres|100/100
|move|p2a: FierBird|Flamethrower|p1a: Moltres
|-resisted|p1a: Moltres
|-damage|p1a: Moltres|83/100
|
|upkeep
|turn|14
|
|t:|1758918343
|switch|p2a: Supra|Slowking-Galar, F|100/100
|-activate|p2a: Supra|move: Sticky Web
|-unboost|p2a: Supra|spe|1
|move|p1a: Moltres|U-turn|p2a: Supra
|-damage|p2a: Supra|85/100
|
|t:|1758918345
|switch|p1a: Gliscor|Gliscor, M|100/100|[from] U-turn
|
|-status|p1a: Gliscor|tox|[from] item: Toxic Orb
|upkeep
|turn|15
|
|t:|1758918348
|move|p1a: Gliscor|Knock Off|p2a: Supra
|-supereffective|p2a: Supra
|-damage|p2a: Supra|42/100
|-enditem|p2a: Supra|Assault Vest|[from] move: Knock Off|[of] p1a: Gliscor
|move|p2a: Supra|Ice Beam|p1a: Gliscor
|-supereffective|p1a: Gliscor
|-damage|p1a: Gliscor|0 fnt
|faint|p1a: Gliscor
|
|upkeep
|
|t:|1758918350
|switch|p1a: Kingambit|Kingambit, M|38/100
|-activate|p1a: Kingambit|ability: Supreme Overlord
|-start|p1a: Kingambit|fallen3|[silent]
|turn|16
|
|t:|1758918353
|move|p1a: Kingambit|Kowtow Cleave|p2a: Supra
|-supereffective|p2a: Supra
|-damage|p2a: Supra|0 fnt
|faint|p2a: Supra
|
|upkeep
|
|t:|1758918358
|switch|p2a: FierBird|Moltres|100/100
|turn|17
|
|t:|1758918361
|-end|p1a: Kingambit|fallen3|[silent]
|switch|p1a: Moltres|Moltres|83/100
|move|p2a: FierBird|Flamethrower|p1a: Moltres
|-resisted|p1a: Moltres
|-damage|p1a: Moltres|65/100
|
|upkeep
|turn|18
|
|t:|1758918365
|move|p2a: FierBird|Flamethrower|p1a: Moltres
|-resisted|p1a: Moltres
|-damage|p1a: Moltres|47/100
|move|p1a: Moltres|Hurricane|p2a: FierBird|[miss]
|-miss|p1a: Moltres|p2a: FierBird
|
|upkeep
|turn|19
|
|t:|1758918370
|move|p2a: FierBird|Flamethrower|p1a: Moltres
|-resisted|p1a: Moltres
|-damage|p1a: Moltres|28/100
|move|p1a: Moltres|Hurricane|p2a: FierBird
|-damage|p2a: FierBird|62/100
|-start|p2a: FierBird|confusion
|
|upkeep
|turn|20
|
|t:|1758918379
|-activate|p2a: FierBird|confusion
|-damage|p2a: FierBird|56/100|[from] confusion
|move|p1a: Moltres|Hurricane|p2a: FierBird
|-damage|p2a: FierBird|17/100
|
|upkeep
|turn|21
|
|t:|1758918398
|-end|p2a: FierBird|confusion
|move|p2a: FierBird|Roost|p2a: FierBird
|-heal|p2a: FierBird|67/100
|-singleturn|p2a: FierBird|move: Roost
|move|p1a: Moltres|Hurricane|p2a: FierBird|[miss]
|-miss|p1a: Moltres|p2a: FierBird
|
|upkeep
|turn|22
|
|t:|1758918402
|move|p2a: FierBird|Flamethrower|p1a: Moltres
|-resisted|p1a: Moltres
|-damage|p1a: Moltres|10/100
|move|p1a: Moltres|Hurricane|p2a: FierBird
|-damage|p2a: FierBird|25/100
|
|upkeep
|turn|23
|
|t:|1758918432
|move|p2a: FierBird|Roost|p2a: FierBird
|-heal|p2a: FierBird|75/100
|-singleturn|p2a: FierBird|move: Roost
|move|p1a: Moltres|Hurricane|p2a: FierBird
|-damage|p2a: FierBird|31/100
|-start|p2a: FierBird|confusion
|
|upkeep
|turn|24
|
|t:|1758918439
|-activate|p2a: FierBird|confusion
|-damage|p2a: FierBird|25/100|[from] confusion
|move|p1a: Moltres|Hurricane|p2a: FierBird
|-damage|p2a: FierBird|0 fnt
|faint|p2a: FierBird
|
|upkeep
|
|t:|1758918444
|switch|p2a: Helcat|Dragapult, M, shiny|14/100
|-activate|p2a: Helcat|move: Sticky Web
|-fail|p2a: Helcat|unboost|[from] ability: Clear Body|[of] p2a: Helcat
|turn|25
|
|t:|1758918456
|move|p2a: Helcat|Shadow Ball|p1a: Moltres
|-crit|p1a: Moltres
|-damage|p1a: Moltres|0 fnt
|faint|p1a: Moltres
|
|upkeep
|
|t:|1758918457
|switch|p1a: Kingambit|Kingambit, M|38/100
|-activate|p1a: Kingambit|ability: Supreme Overlord
|-start|p1a: Kingambit|fallen4|[silent]
|turn|26
|
|t:|1758918461
|switch|p2a: Viper|Kingambit, F|100/100
|-activate|p2a: Viper|move: Sticky Web
|-unboost|p2a: Viper|spe|1
|-activate|p2a: Viper|ability: Supreme Overlord
|-start|p2a: Viper|fallen3|[silent]
|move|p1a: Kingambit|Swords Dance|p1a: Kingambit
|-boost|p1a: Kingambit|atk|2
|
|upkeep
|turn|27
|
|t:|1758918464
|move|p1a: Kingambit|Iron Head|p2a: Viper
|-resisted|p2a: Viper
|-damage|p2a: Viper|42/100
|move|p2a: Viper|Kowtow Cleave|p1a: Kingambit
|-resisted|p1a: Kingambit
|-damage|p1a: Kingambit|9/100
|
|-heal|p2a: Viper|49/100|[from] item: Leftovers
|upkeep
|turn|28
|
|t:|1758918469
|move|p1a: Kingambit|Sucker Punch|p2a: Viper
|-resisted|p2a: Viper
|-damage|p2a: Viper|0 fnt
|faint|p2a: Viper
|-end|p2a: Viper|fallen3|[silent]
|
|upkeep
|
|t:|1758918473
|switch|p2a: Mustang|Ogerpon-Wellspring, F|100/100
|-activate|p2a: Mustang|move: Sticky Web
|-unboost|p2a: Mustang|spe|1
|turn|29
|
|t:|1758918477
|-terastallize|p2a: Mustang|Water
|detailschange|p2a: Mustang|Ogerpon-Wellspring-Tera, F, tera:Water
|-ability|p2a: Mustang|Embody Aspect (Wellspring)|boost
|-boost|p2a: Mustang|spd|1
|move|p1a: Kingambit|Sucker Punch|p2a: Mustang
|-damage|p2a: Mustang|0 fnt
|faint|p2a: Mustang
|detailschange|p2: Mustang|Ogerpon-Wellspring, F|[silent]
|
|upkeep
|
|t:|1758918479
|switch|p2a: Helcat|Dragapult, M, shiny|14/100
|-activate|p2a: Helcat|move: Sticky Web
|-fail|p2a: Helcat|unboost|[from] ability: Clear Body|[of] p2a: Helcat
|turn|30
|
|t:|1758918482
|move|p1a: Kingambit|Sucker Punch|p2a: Helcat
|-supereffective|p2a: Helcat
|-damage|p2a: Helcat|0 fnt
|faint|p2a: Helcat
|
|win|slngularlty
|raw|slngularlty's rating: 1344 &rarr; <strong>1366</strong><br />(+22 for winning)
|raw|Chrille-1's rating: 1372 &rarr; <strong>1350</strong><br />(-22 for losing)
