|j|☆Shibuya Arc
|j|☆diegoluquechaves
|t:|1758932059
|gametype|singles
|player|p1|Shibuya Arc|265|1424
|player|p2|diegoluquechaves|1|1488
|gen|9
|tier|[Gen 9] OU
|rated|
|rule|HP Percentage Mod: HP is shown in percentages
|rule|Endless Battle Clause: Forcing endless battles is banned
|rule|Species Clause: Limit one of each Pokémon
|rule|OHKO Clause: OHKO moves are banned
|rule|Evasion Items Clause: Evasion items are banned
|rule|Evasion Moves Clause: Evasion moves are banned
|rule|Evasion Abilities Clause: Evasion abilities are banned
|rule|Sleep Moves Clause: Sleep-inducing moves are banned
|clearpoke
|poke|p1|Dragapult, F|
|poke|p1|Dragonite, F|
|poke|p1|Ting-Lu|
|poke|p1|Weezing-Galar, F|
|poke|p1|Iron Crown|
|poke|p1|Zapdos|
|poke|p2|Typhlosion-Hisui, F|
|poke|p2|Corviknight, F|
|poke|p2|Glimmora, F|
|poke|p2|Great Tusk|
|poke|p2|Araquanid, M|
|poke|p2|Ogerpon, F|
|teampreview
|inactive|Battle timer is ON: inactive players will automatically lose when time's up. (requested by Shibuya Arc)
|
|t:|1758932087
|teamsize|p1|6
|teamsize|p2|6
|start
|switch|p1a: Zapdos|Zapdos|100/100
|switch|p2a: Glimmora|Glimmora, F|100/100
|turn|1
|
|t:|1758932094
|move|p1a: Zapdos|Volt Switch|p2a: Glimmora
|-damage|p2a: Glimmora|57/100
|
|t:|1758932102
|switch|p1a: Ting-Lu|Ting-Lu|100/100|[from] Volt Switch
|-ability|p1a: Ting-Lu|Vessel of Ruin
|move|p2a: Glimmora|Meteor Beam||[still]
|-prepare|p2a: Glimmora|Meteor Beam
|-boost|p2a: Glimmora|spa|1
|-enditem|p2a: Glimmora|Power Herb
|-anim|p2a: Glimmora|Meteor Beam|p1a: Ting-Lu
|-resisted|p1a: Ting-Lu
|-damage|p1a: Ting-Lu|81/100
|
|-heal|p1a: Ting-Lu|88/100|[from] item: Leftovers
|upkeep
|turn|2
|
|t:|1758932116
|move|p2a: Glimmora|Energy Ball|p1a: Ting-Lu
|-supereffective|p1a: Ting-Lu
|-damage|p1a: Ting-Lu|49/100
|move|p1a: Ting-Lu|Stealth Rock|p2a: Glimmora
|-sidestart|p2: diegoluquechaves|move: Stealth Rock
|
|-heal|p1a: Ting-Lu|56/100|[from] item: Leftovers
|upkeep
|turn|3
|
|t:|1758932127
|switch|p2a: Corviknight|Corviknight, F|100/100
|-damage|p2a: Corviknight|88/100|[from] Stealth Rock
|switch|p1a: Iron Crown|Iron Crown|100/100
|
|upkeep
|turn|4
|
|t:|1758932136
|move|p1a: Iron Crown|Tachyon Cutter|p2a: Corviknight
|-resisted|p2a: Corviknight
|-damage|p2a: Corviknight|71/100
|-resisted|p2a: Corviknight
|-damage|p2a: Corviknight|54/100
|-hitcount|p2a: Corviknight|2
|move|p2a: Corviknight|Defog|p1a: Iron Crown
|-unboost|p1a: Iron Crown|evasion|1
|-sideend|p2: diegoluquechaves|Stealth Rock|[from] move: Defog|[of] p2a: Corviknight
|
|upkeep
|turn|5
|
|t:|1758932145
|move|p1a: Iron Crown|Tachyon Cutter|p2a: Corviknight
|-resisted|p2a: Corviknight
|-damage|p2a: Corviknight|38/100
|-resisted|p2a: Corviknight
|-damage|p2a: Corviknight|21/100
|-hitcount|p2a: Corviknight|2
|move|p2a: Corviknight|Roost|p2a: Corviknight
|-heal|p2a: Corviknight|71/100
|-singleturn|p2a: Corviknight|move: Roost
|
|upkeep
|turn|6
|
|t:|1758932158
|move|p1a: Iron Crown|Tachyon Cutter|p2a: Corviknight
|-resisted|p2a: Corviknight
|-damage|p2a: Corviknight|52/100
|-resisted|p2a: Corviknight
|-damage|p2a: Corviknight|33/100
|-hitcount|p2a: Corviknight|2
|move|p2a: Corviknight|Roost|p2a: Corviknight
|-heal|p2a: Corviknight|83/100
|-singleturn|p2a: Corviknight|move: Roost
|
|upkeep
|turn|7
|
|t:|1758932167
|move|p1a: Iron Crown|Tachyon Cutter|p2a: Corviknight
|-resisted|p2a: Corviknight
|-damage|p2a: Corviknight|67/100
|-resisted|p2a: Corviknight
|-damage|p2a: Corviknight|48/100
|-hitcount|p2a: Corviknight|2
|move|p2a: Corviknight|Roost|p2a: Corviknight
|-heal|p2a: Corviknight|98/100
|-singleturn|p2a: Corviknight|move: Roost
|
|upkeep
|turn|8
|
|t:|1758932176
|move|p1a: Iron Crown|Tachyon Cutter|p2a: Corviknight
|-resisted|p2a: Corviknight
|-damage|p2a: Corviknight|81/100
|-resisted|p2a: Corviknight
|-damage|p2a: Corviknight|63/100
|-hitcount|p2a: Corviknight|2
|move|p2a: Corviknight|U-turn|p1a: Iron Crown
|-damage|p1a: Iron Crown|86/100
|
|t:|1758932184
|switch|p2a: Typhlosion|Typhlosion-Hisui, F|100/100|[from] U-turn
|-item|p1a: Iron Crown|Choice Specs|[from] ability: Frisk|[of] p2a: Typhlosion
|
|upkeep
|turn|9
|
|t:|1758932190
|-end|p1a: Iron Crown|Quark Drive|[silent]
|switch|p1a: Ting-Lu|Ting-Lu|56/100
|-ability|p1a: Ting-Lu|Vessel of Ruin
|move|p2a: Typhlosion|Eruption|p1a: Ting-Lu
|-damage|p1a: Ting-Lu|20/100
|
|-heal|p1a: Ting-Lu|26/100|[from] item: Leftovers
|upkeep
|turn|10
|
|t:|1758932202
|-terastallize|p1a: Ting-Lu|Water
|move|p2a: Typhlosion|Eruption|p1a: Ting-Lu
|-resisted|p1a: Ting-Lu
|-damage|p1a: Ting-Lu|8/100
|move|p1a: Ting-Lu|Earthquake|p2a: Typhlosion
|-supereffective|p2a: Typhlosion
|-damage|p2a: Typhlosion|0 fnt
|faint|p2a: Typhlosion
|
|-heal|p1a: Ting-Lu|15/100|[from] item: Leftovers
|upkeep
|
|t:|1758932217
|switch|p2a: Ogerpon|Ogerpon, F|100/100
|turn|11
|
|t:|1758932223
|switch|p1a: Zapdos|Zapdos|100/100
|move|p2a: Ogerpon|Knock Off|p1a: Zapdos
|-damage|p1a: Zapdos|64/100
|-status|p2a: Ogerpon|par|[from] ability: Static|[of] p1a: Zapdos
|-enditem|p1a: Zapdos|Heavy-Duty Boots|[from] move: Knock Off|[of] p2a: Ogerpon
|
|upkeep
|turn|12
|
|t:|1758932238
|move|p1a: Zapdos|Hurricane|p2a: Ogerpon
|-supereffective|p2a: Ogerpon
|-damage|p2a: Ogerpon|0 fnt
|faint|p2a: Ogerpon
|
|upkeep
|
|t:|1758932247
|switch|p2a: Glimmora|Glimmora, F|57/100
|turn|13
|
|t:|1758932258
|move|p1a: Zapdos|Volt Switch|p2a: Glimmora
|-damage|p2a: Glimmora|11/100
|
|t:|1758932264
|switch|p1a: Iron Crown|Iron Crown|86/100|[from] Volt Switch
|move|p2a: Glimmora|Sludge Wave|p1a: Iron Crown
|-immune|p1a: Iron Crown
|
|upkeep
|turn|14
|-message|diegoluquechaves forfeited.
|
|win|Shibuya Arc
|raw|Shibuya Arc's rating: 1424 &rarr; <strong>1448</strong><br />(+24 for winning)
|raw|diegoluquechaves's rating: 1488 &rarr; <strong>1464</strong><br />(-24 for losing)
|l|☆diegoluquechaves
|player|p2|
