|j|‽bigkatt96
|j|☆darcy macdiaval
|t:|1759068689
|gametype|singles
|player|p1|bigkatt96|266|1282
|player|p2|darcy macdiaval|cheryl|1324
|gen|9
|tier|[Gen 9] OU
|rated|
|rule|HP Percentage Mod: HP is shown in percentages
|rule|Endless Battle Clause: Forcing endless battles is banned
|rule|Species Clause: Limit one of each Pokémon
|rule|OHKO Clause: OHKO moves are banned
|rule|Evasion Items Clause: Evasion items are banned
|rule|Evasion Moves Clause: Evasion moves are banned
|rule|Evasion Abilities Clause: Evasion abilities are banned
|rule|Sleep Moves Clause: Sleep-inducing moves are banned
|clearpoke
|poke|p1|Golem, M|
|poke|p1|Electivire, M|
|poke|p1|Umbreon, M|
|poke|p1|Blastoise, M|
|poke|p1|Scizor, M|
|poke|p1|Arcanine, M|
|poke|p2|Hippowdon, M|
|poke|p2|Excadrill, F|
|poke|p2|Dugtrio, M|
|poke|p2|Sandaconda, M|
|poke|p2|Corviknight, M|
|poke|p2|Glimmora, M|
|teampreview
|
|t:|1759068707
|teamsize|p1|6
|teamsize|p2|6
|start
|switch|p1a: Golem|Golem, M|100/100
|switch|p2a: Hippowdon|Hippowdon, M|100/100
|-weather|Sandstorm|[from] ability: Sand Stream|[of] p2a: Hippowdon
|turn|1
|inactive|Battle timer is ON: inactive players will automatically lose when time's up. (requested by darcy macdiaval)
|
|t:|1759068715
|move|p2a: Hippowdon|Curse|p2a: Hippowdon
|-unboost|p2a: Hippowdon|spe|1
|-boost|p2a: Hippowdon|atk|1
|-boost|p2a: Hippowdon|def|1
|move|p1a: Golem|Stealth Rock|p2a: Hippowdon
|-sidestart|p2: darcy macdiaval|move: Stealth Rock
|
|-weather|Sandstorm|[upkeep]
|upkeep
|turn|2
|
|t:|1759068723
|move|p1a: Golem|Earthquake|p2a: Hippowdon
|-damage|p2a: Hippowdon|81/100
|move|p2a: Hippowdon|Body Press|p1a: Golem
|-supereffective|p1a: Golem
|-damage|p1a: Golem|34/100
|
|-weather|Sandstorm|[upkeep]
|upkeep
|turn|3
|
|t:|1759068733
|move|p1a: Golem|Explosion|p2a: Hippowdon
|-damage|p2a: Hippowdon|47/100
|faint|p1a: Golem
|move|p2a: Hippowdon|Body Press|p1: Golem|[notarget]
|-fail|p2a: Hippowdon
|
|-weather|Sandstorm|[upkeep]
|upkeep
|
|t:|1759068742
|switch|p1a: Umbreon|Umbreon, M|100/100
|turn|4
|
|t:|1759068746
|switch|p2a: Corviknight|Corviknight, M|100/100
|-terastallize|p1a: Umbreon|Poison
|move|p1a: Umbreon|Toxic|p2a: Corviknight
|-immune|p2a: Corviknight
|
|-weather|Sandstorm|[upkeep]
|-damage|p1a: Umbreon|94/100|[from] Sandstorm
|-heal|p1a: Umbreon|100/100|[from] item: Leftovers
|upkeep
|turn|5
|
|t:|1759068757
|switch|p1a: Electivire|Electivire, M, shiny|100/100
|move|p2a: Corviknight|Defog|p1a: Electivire
|-unboost|p1a: Electivire|evasion|1
|-sideend|p2: darcy macdiaval|Stealth Rock|[from] move: Defog|[of] p2a: Corviknight
|
|-weather|Sandstorm|[upkeep]
|-damage|p1a: Electivire|94/100|[from] Sandstorm
|upkeep
|turn|6
|
|t:|1759068767
|move|p1a: Electivire|Bulk Up|p1a: Electivire
|-boost|p1a: Electivire|atk|1
|-boost|p1a: Electivire|def|1
|move|p2a: Corviknight|U-turn|p1a: Electivire
|-damage|p1a: Electivire|78/100
|
|t:|1759068775
|switch|p2a: Sandaconda|Sandaconda, M|100/100|[from] U-turn
|
|-weather|Sandstorm|[upkeep]
|-damage|p1a: Electivire|72/100|[from] Sandstorm
|upkeep
|turn|7
|
|t:|1759068782
|move|p1a: Electivire|Trailblaze|p2a: Sandaconda
|-supereffective|p2a: Sandaconda
|-damage|p2a: Sandaconda|68/100
|-boost|p1a: Electivire|spe|1
|move|p2a: Sandaconda|Coil|p2a: Sandaconda
|-boost|p2a: Sandaconda|atk|1
|-boost|p2a: Sandaconda|def|1
|-boost|p2a: Sandaconda|accuracy|1
|
|-weather|Sandstorm|[upkeep]
|-damage|p1a: Electivire|66/100|[from] Sandstorm
|-heal|p2a: Sandaconda|74/100|[from] item: Leftovers
|upkeep
|turn|8
|
|t:|1759068794
|move|p1a: Electivire|Ice Punch|p2a: Sandaconda
|-supereffective|p2a: Sandaconda
|-damage|p2a: Sandaconda|38/100
|move|p2a: Sandaconda|Earthquake|p1a: Electivire
|-supereffective|p1a: Electivire
|-damage|p1a: Electivire|0 fnt
|faint|p1a: Electivire
|
|-weather|none
|-heal|p2a: Sandaconda|44/100|[from] item: Leftovers
|upkeep
|
|t:|1759068805
|switch|p1a: Blastoise|Blastoise, M|100/100
|turn|9
|
|t:|1759068810
|switch|p2a: Hippowdon|Hippowdon, M|47/100
|-weather|Sandstorm|[from] ability: Sand Stream|[of] p2a: Hippowdon
|move|p1a: Blastoise|Shell Smash|p1a: Blastoise
|-unboost|p1a: Blastoise|def|1
|-unboost|p1a: Blastoise|spd|1
|-boost|p1a: Blastoise|atk|2
|-boost|p1a: Blastoise|spa|2
|-boost|p1a: Blastoise|spe|2
|-enditem|p1a: Blastoise|White Herb
|-clearnegativeboost|p1a: Blastoise|[silent]
|
|-weather|Sandstorm|[upkeep]
|-damage|p1a: Blastoise|94/100|[from] Sandstorm
|upkeep
|turn|10
|
|t:|1759068826
|move|p1a: Blastoise|Surf|p2a: Hippowdon
|-supereffective|p2a: Hippowdon
|-damage|p2a: Hippowdon|0 fnt
|faint|p2a: Hippowdon
|
|-weather|Sandstorm|[upkeep]
|-damage|p1a: Blastoise|88/100|[from] Sandstorm
|upkeep
|
|t:|1759068845
|switch|p2a: Excadrill|Excadrill, F|100/100
|turn|11
|
|t:|1759068849
|move|p2a: Excadrill|Earthquake|p1a: Blastoise
|-damage|p1a: Blastoise|21/100
|move|p1a: Blastoise|Surf|p2a: Excadrill
|-supereffective|p2a: Excadrill
|-enditem|p2a: Excadrill|Focus Sash
|-damage|p2a: Excadrill|1/100
|
|-weather|Sandstorm|[upkeep]
|-damage|p1a: Blastoise|15/100|[from] Sandstorm
|upkeep
|turn|12
|
|t:|1759068859
|move|p2a: Excadrill|Rapid Spin|p1a: Blastoise
|-damage|p1a: Blastoise|0 fnt
|-boost|p2a: Excadrill|spe|1
|faint|p1a: Blastoise
|
|-weather|Sandstorm|[upkeep]
|upkeep
|
|t:|1759068866
|switch|p1a: Scizor|Scizor, M|100/100
|turn|13
|
|t:|1759068872
|move|p2a: Excadrill|Earthquake|p1a: Scizor
|-damage|p1a: Scizor|39/100
|move|p1a: Scizor|Swords Dance|p1a: Scizor
|-boost|p1a: Scizor|atk|2
|
|-weather|Sandstorm|[upkeep]
|-heal|p1a: Scizor|45/100|[from] item: Leftovers
|upkeep
|turn|14
|
|t:|1759068880
|move|p1a: Scizor|Bullet Punch|p2a: Excadrill
|-resisted|p2a: Excadrill
|-damage|p2a: Excadrill|0 fnt
|faint|p2a: Excadrill
|
|-weather|Sandstorm|[upkeep]
|-heal|p1a: Scizor|51/100|[from] item: Leftovers
|upkeep
|
|t:|1759068894
|switch|p2a: Dugtrio|Dugtrio, M|100/100
|turn|15
|
|t:|1759068906
|move|p2a: Dugtrio|Earthquake|p1a: Scizor
|-damage|p1a: Scizor|0 fnt
|faint|p1a: Scizor
|
|-weather|Sandstorm|[upkeep]
|upkeep
|
|t:|1759068913
|switch|p1a: Umbreon|Umbreon, M, tera:Poison|100/100
|turn|16
|
|t:|1759068920
|move|p2a: Dugtrio|Swords Dance|p2a: Dugtrio
|-boost|p2a: Dugtrio|atk|2
|move|p1a: Umbreon|Foul Play|p2a: Dugtrio
|-enditem|p2a: Dugtrio|Focus Sash
|-damage|p2a: Dugtrio|1/100
|
|-weather|none
|upkeep
|turn|17
|
|t:|1759068930
|move|p2a: Dugtrio|Earthquake|p1a: Umbreon
|-supereffective|p1a: Umbreon
|-damage|p1a: Umbreon|0 fnt
|faint|p1a: Umbreon
|
|upkeep
|
|t:|1759068935
|switch|p1a: Arcanine|Arcanine, M|100/100
|turn|18
|
|t:|1759068939
|move|p1a: Arcanine|Extreme Speed|p2a: Dugtrio
|-damage|p2a: Dugtrio|0 fnt
|faint|p2a: Dugtrio
|
|upkeep
|
|t:|1759068944
|switch|p2a: Glimmora|Glimmora, M|100/100
|turn|19
|
|t:|1759068948
|move|p2a: Glimmora|Meteor Beam||[still]
|-prepare|p2a: Glimmora|Meteor Beam
|-boost|p2a: Glimmora|spa|1
|-enditem|p2a: Glimmora|Power Herb
|-anim|p2a: Glimmora|Meteor Beam|p1a: Arcanine
|-supereffective|p1a: Arcanine
|-damage|p1a: Arcanine|0 fnt
|faint|p1a: Arcanine
|
|win|darcy macdiaval
|raw|bigkatt96's rating: 1282 &rarr; <strong>1260</strong><br />(-22 for losing)
|raw|darcy macdiaval's rating: 1324 &rarr; <strong>1342</strong><br />(+18 for winning)
|c|☆darcy macdiaval|gg
|l|☆darcy macdiaval
|player|p2|
|l|‽bigkatt96
|player|p1|
