|j|☆Elpirulas666
|j|☆JD Doggin'
|t:|1758980606
|gametype|singles
|player|p1|Elpirulas666|170|1178
|player|p2|JD Doggin'|169|1148
|gen|9
|tier|[Gen 9] OU
|rated|
|rule|HP Percentage Mod: HP is shown in percentages
|rule|Endless Battle Clause: Forcing endless battles is banned
|rule|Species Clause: Limit one of each Pokémon
|rule|OHKO Clause: OHKO moves are banned
|rule|Evasion Items Clause: Evasion items are banned
|rule|Evasion Moves Clause: Evasion moves are banned
|rule|Evasion Abilities Clause: Evasion abilities are banned
|rule|Sleep Moves Clause: Sleep-inducing moves are banned
|clearpoke
|poke|p1|Ribombee, M|
|poke|p1|Ting-Lu|
|poke|p1|Great Tusk|
|poke|p1|Gholdengo|
|poke|p1|Keldeo-Resolute|
|poke|p1|Iron Moth|
|poke|p2|Empoleon, M|
|poke|p2|Scream Tail|
|poke|p2|Rhyperior, M|
|poke|p2|Staraptor, F|
|poke|p2|Lucario, M|
|poke|p2|Toedscruel, M|
|teampreview
|c|☆JD Doggin'|GL HF
|
|t:|1758980663
|teamsize|p1|6
|teamsize|p2|6
|start
|switch|p1a: Ribombee|Ribombee, M|100/100
|switch|p2a: Staraptor|Staraptor, F|100/100
|turn|1
|
|t:|1758980668
|move|p2a: Staraptor|U-turn|p1a: Ribombee
|-resisted|p1a: Ribombee
|-damage|p1a: Ribombee|76/100
|
|t:|1758980671
|switch|p2a: Toedscruel|Toedscruel, M, shiny|100/100|[from] U-turn
|move|p1a: Ribombee|Sticky Web|p2a: Toedscruel
|-sidestart|p2: JD Doggin'|move: Sticky Web
|
|upkeep
|turn|2
|
|t:|1758980684
|move|p1a: Ribombee|Bug Buzz|p2a: Toedscruel
|-supereffective|p2a: Toedscruel
|-damage|p2a: Toedscruel|49/100
|-unboost|p2a: Toedscruel|spd|1
|move|p2a: Toedscruel|Rapid Spin|p1a: Ribombee
|-damage|p1a: Ribombee|55/100
|-boost|p2a: Toedscruel|spe|1
|-sideend|p2: JD Doggin'|Sticky Web|[from] move: Rapid Spin|[of] p2a: Toedscruel
|
|upkeep
|turn|3
|inactive|Battle timer is ON: inactive players will automatically lose when time's up. (requested by Elpirulas666)
|
|t:|1758980700
|move|p2a: Toedscruel|Power Whip|p1a: Ribombee|[miss]
|-miss|p2a: Toedscruel|p1a: Ribombee
|move|p1a: Ribombee|Sticky Web|p2a: Toedscruel
|-sidestart|p2: JD Doggin'|move: Sticky Web
|
|upkeep
|turn|4
|
|t:|1758980706
|switch|p1a: Gholdengo|Gholdengo|100/100
|-item|p1a: Gholdengo|Air Balloon
|move|p2a: Toedscruel|Rapid Spin|p1a: Gholdengo
|-immune|p1a: Gholdengo
|
|upkeep
|turn|5
|
|t:|1758980714
|-terastallize|p1a: Gholdengo|Fairy
|move|p2a: Toedscruel|Knock Off|p1a: Gholdengo
|-resisted|p1a: Gholdengo
|-damage|p1a: Gholdengo|87/100
|-enditem|p1a: Gholdengo|Air Balloon
|move|p1a: Gholdengo|Nasty Plot|p1a: Gholdengo
|-boost|p1a: Gholdengo|spa|2
|
|upkeep
|turn|6
|
|t:|1758980722
|move|p2a: Toedscruel|Rapid Spin|p1a: Gholdengo
|-damage|p1a: Gholdengo|75/100
|-boost|p2a: Toedscruel|spe|1
|-sideend|p2: JD Doggin'|Sticky Web|[from] move: Rapid Spin|[of] p2a: Toedscruel
|move|p1a: Gholdengo|Shadow Ball|p2a: Toedscruel
|-damage|p2a: Toedscruel|0 fnt
|faint|p2a: Toedscruel
|
|upkeep
|
|t:|1758980734
|switch|p2a: Empoleon|Empoleon, M|100/100
|turn|7
|
|t:|1758980738
|move|p1a: Gholdengo|Shadow Ball|p2a: Empoleon
|-damage|p2a: Empoleon|13/100
|-unboost|p2a: Empoleon|spd|1
|-enditem|p2a: Empoleon|Petaya Berry|[eat]
|-boost|p2a: Empoleon|spa|1|[from] item: Petaya Berry
|move|p2a: Empoleon|Agility|p2a: Empoleon
|-boost|p2a: Empoleon|spe|2
|
|upkeep
|turn|8
|
|t:|1758980746
|move|p2a: Empoleon|Surf|p1a: Gholdengo
|-damage|p1a: Gholdengo|0 fnt
|faint|p1a: Gholdengo
|
|upkeep
|
|t:|1758980750
|switch|p1a: Keldeo|Keldeo-Resolute|100/100
|turn|9
|
|t:|1758980753
|move|p1a: Keldeo|Vacuum Wave|p2a: Empoleon
|-supereffective|p2a: Empoleon
|-damage|p2a: Empoleon|0 fnt
|faint|p2a: Empoleon
|
|upkeep
|
|t:|1758980757
|switch|p2a: Staraptor|Staraptor, F|100/100
|turn|10
|
|t:|1758980762
|switch|p1a: Ting-Lu|Ting-Lu|100/100
|-ability|p1a: Ting-Lu|Vessel of Ruin
|move|p2a: Staraptor|Brave Bird|p1a: Ting-Lu
|-damage|p1a: Ting-Lu|61/100
|-damage|p2a: Staraptor|79/100|[from] Recoil
|
|-heal|p1a: Ting-Lu|67/100|[from] item: Leftovers
|upkeep
|turn|11
|
|t:|1758980779
|move|p2a: Staraptor|Brave Bird|p1a: Ting-Lu
|-damage|p1a: Ting-Lu|28/100
|-damage|p2a: Staraptor|57/100|[from] Recoil
|move|p1a: Ting-Lu|Stealth Rock|p2a: Staraptor
|-sidestart|p2: JD Doggin'|move: Stealth Rock
|
|-heal|p1a: Ting-Lu|34/100|[from] item: Leftovers
|upkeep
|turn|12
|
|t:|1758980785
|move|p2a: Staraptor|Brave Bird|p1a: Ting-Lu
|-damage|p1a: Ting-Lu|0 fnt
|faint|p1a: Ting-Lu
|-damage|p2a: Staraptor|39/100|[from] Recoil
|
|upkeep
|
|t:|1758980792
|switch|p1a: Iron Moth|Iron Moth|100/100
|-enditem|p1a: Iron Moth|Booster Energy
|-activate|p1a: Iron Moth|ability: Quark Drive|[fromitem]
|-start|p1a: Iron Moth|quarkdrivespe
|turn|13
|
|t:|1758980799
|move|p1a: Iron Moth|Fiery Dance|p2a: Staraptor
|-damage|p2a: Staraptor|0 fnt
|-boost|p1a: Iron Moth|spa|1
|faint|p2a: Staraptor
|
|upkeep
|
|t:|1758980816
|switch|p2a: Rhyperior|Rhyperior, M|100/100
|-damage|p2a: Rhyperior|94/100|[from] Stealth Rock
|turn|14
|
|t:|1758980829
|-terastallize|p2a: Rhyperior|Grass
|move|p1a: Iron Moth|Energy Ball|p2a: Rhyperior
|-resisted|p2a: Rhyperior
|-damage|p2a: Rhyperior|61/100
|move|p2a: Rhyperior|Earthquake|p1a: Iron Moth
|-supereffective|p1a: Iron Moth
|-damage|p1a: Iron Moth|0 fnt
|faint|p1a: Iron Moth
|-end|p1a: Iron Moth|Quark Drive|[silent]
|
|upkeep
|
|t:|1758980839
|switch|p1a: Ribombee|Ribombee, M|55/100
|turn|15
|
|t:|1758980849
|switch|p2a: Lucario|Lucario, M, shiny|100/100
|-damage|p2a: Lucario|98/100|[from] Stealth Rock
|move|p1a: Ribombee|Bug Buzz|p2a: Lucario
|-resisted|p2a: Lucario
|-damage|p2a: Lucario|81/100
|
|upkeep
|turn|16
|
|t:|1758980861
|move|p1a: Ribombee|Sticky Web|p2a: Lucario
|-sidestart|p2: JD Doggin'|move: Sticky Web
|move|p2a: Lucario|Ice Punch|p1a: Ribombee
|-damage|p1a: Ribombee|11/100
|
|upkeep
|turn|17
|
|t:|1758980867
|move|p2a: Lucario|Bullet Punch|p1a: Ribombee
|-supereffective|p1a: Ribombee
|-damage|p1a: Ribombee|0 fnt
|faint|p1a: Ribombee
|
|upkeep
|
|t:|1758980870
|switch|p1a: Keldeo|Keldeo-Resolute|100/100
|turn|18
|
|t:|1758980876
|move|p1a: Keldeo|Hydro Pump|p2a: Lucario
|-damage|p2a: Lucario|0 fnt
|faint|p2a: Lucario
|
|upkeep
|
|t:|1758980879
|switch|p2a: Scream Tail|Scream Tail|100/100
|-damage|p2a: Scream Tail|88/100|[from] Stealth Rock
|-activate|p2a: Scream Tail|move: Sticky Web
|-unboost|p2a: Scream Tail|spe|1
|-enditem|p2a: Scream Tail|Booster Energy
|-activate|p2a: Scream Tail|ability: Protosynthesis|[fromitem]
|-start|p2a: Scream Tail|protosynthesisspd
|turn|19
|
|t:|1758980884
|move|p1a: Keldeo|Hydro Pump|p2a: Scream Tail
|-damage|p2a: Scream Tail|32/100
|move|p2a: Scream Tail|Bulk Up|p2a: Scream Tail
|-boost|p2a: Scream Tail|atk|1
|-boost|p2a: Scream Tail|def|1
|
|upkeep
|turn|20
|
|t:|1758980889
|move|p1a: Keldeo|Hydro Pump|p2a: Scream Tail
|-damage|p2a: Scream Tail|0 fnt
|faint|p2a: Scream Tail
|-end|p2a: Scream Tail|Protosynthesis|[silent]
|
|upkeep
|
|t:|1758980891
|switch|p2a: Rhyperior|Rhyperior, M, tera:Grass|61/100
|-damage|p2a: Rhyperior|49/100|[from] Stealth Rock
|-activate|p2a: Rhyperior|move: Sticky Web
|-unboost|p2a: Rhyperior|spe|1
|turn|21
|
|t:|1758980894
|move|p1a: Keldeo|Hydro Pump|p2a: Rhyperior
|-resisted|p2a: Rhyperior
|-damage|p2a: Rhyperior|0 fnt
|faint|p2a: Rhyperior
|
|win|Elpirulas666
|raw|Elpirulas666's rating: 1178 &rarr; <strong>1201</strong><br />(+23 for winning)
|raw|JD Doggin&apos;'s rating: 1148 &rarr; <strong>1125</strong><br />(-23 for losing)
|l|☆JD Doggin'
|player|p2|
|l|☆Elpirulas666
|player|p1|
