|j|☆kpo2022
|j|☆IN Campion
|t:|1758971698
|gametype|singles
|player|p1|kpo2022|2|1061
|player|p2|IN Campion|n|1069
|gen|9
|tier|[Gen 9] OU
|rated|
|rule|HP Percentage Mod: HP is shown in percentages
|rule|Endless Battle Clause: Forcing endless battles is banned
|rule|Species Clause: Limit one of each Pokémon
|rule|OHKO Clause: OHKO moves are banned
|rule|Evasion Items Clause: Evasion items are banned
|rule|Evasion Moves Clause: Evasion moves are banned
|rule|Evasion Abilities Clause: Evasion abilities are banned
|rule|Sleep Moves Clause: Sleep-inducing moves are banned
|clearpoke
|poke|p1|Darkrai|
|poke|p1|Ting-Lu|
|poke|p1|Corviknight, M|
|poke|p1|Alomomola, M|
|poke|p1|Ceruledge, F|
|poke|p1|Blissey, F|
|poke|p2|Zoroark-Hisui, M|
|poke|p2|Gengar, M|
|poke|p2|Gliscor, M|
|poke|p2|Decidueye, M|
|poke|p2|Inteleon, M|
|poke|p2|Umbreon, M|
|teampreview
|inactive|Battle timer is ON: inactive players will automatically lose when time's up. (requested by kpo2022)
|
|t:|1758971710
|teamsize|p1|6
|teamsize|p2|6
|start
|switch|p1a: Darkrai|Darkrai|100/100
|switch|p2a: Umbreon|Umbreon, M|100/100
|turn|1
|
|t:|1758971723
|-terastallize|p2a: Umbreon|Fairy
|move|p1a: Darkrai|Will-O-Wisp|p2a: Umbreon
|-status|p2a: Umbreon|brn
|move|p2a: Umbreon|Tera Blast|p1a: Darkrai|[anim] Tera Blast Fairy
|-supereffective|p1a: Darkrai
|-damage|p1a: Darkrai|0 fnt
|faint|p1a: Darkrai
|
|-damage|p2a: Umbreon|95/100 brn|[from] brn
|upkeep
|
|t:|1758971738
|switch|p1a: Blissey|Blissey, F|100/100
|turn|2
|
|t:|1758971742
|move|p2a: Umbreon|Tera Blast|p1a: Blissey|[anim] Tera Blast Fairy
|-damage|p1a: Blissey|85/100
|move|p1a: Blissey|Seismic Toss|p2a: Umbreon
|-damage|p2a: Umbreon|55/100 brn
|replace|p2a: Zoroark|Zoroark-Hisui, M
|-end|p2a: Zoroark|Illusion
|
|-heal|p1a: Blissey|91/100|[from] item: Leftovers
|-damage|p2a: Zoroark|49/100 brn|[from] brn
|upkeep
|turn|3
|
|t:|1758971756
|switch|p2a: Gliscor|Gliscor, M|100/100
|move|p1a: Blissey|Seismic Toss|p2a: Gliscor
|-damage|p2a: Gliscor|72/100
|
|-heal|p1a: Blissey|97/100|[from] item: Leftovers
|-status|p2a: Gliscor|tox|[from] item: Toxic Orb
|upkeep
|turn|4
|
|t:|1758971770
|move|p2a: Gliscor|Toxic|p1a: Blissey
|-status|p1a: Blissey|tox
|move|p1a: Blissey|Seismic Toss|p2a: Gliscor
|-damage|p2a: Gliscor|44/100 tox
|
|-heal|p1a: Blissey|100/100 tox|[from] item: Leftovers
|-heal|p2a: Gliscor|56/100 tox|[from] ability: Poison Heal
|-damage|p1a: Blissey|94/100 tox|[from] psn
|upkeep
|turn|5
|
|t:|1758971781
|-curestatus|p1a: Blissey|tox|[from] ability: Natural Cure
|switch|p1a: Ting-Lu|Ting-Lu|100/100
|-ability|p1a: Ting-Lu|Vessel of Ruin
|move|p2a: Gliscor|Earthquake|p1a: Ting-Lu
|-damage|p1a: Ting-Lu|83/100
|
|-heal|p1a: Ting-Lu|89/100|[from] item: Leftovers
|-heal|p2a: Gliscor|69/100 tox|[from] ability: Poison Heal
|upkeep
|turn|6
|
|t:|1758971795
|move|p2a: Gliscor|Toxic|p1a: Ting-Lu
|-status|p1a: Ting-Lu|tox
|move|p1a: Ting-Lu|Stealth Rock|p2a: Gliscor
|-sidestart|p2: IN Campion|move: Stealth Rock
|
|-heal|p1a: Ting-Lu|95/100 tox|[from] item: Leftovers
|-heal|p2a: Gliscor|81/100 tox|[from] ability: Poison Heal
|-damage|p1a: Ting-Lu|89/100 tox|[from] psn
|upkeep
|turn|7
|
|t:|1758971806
|move|p2a: Gliscor|Earthquake|p1a: Ting-Lu
|-damage|p1a: Ting-Lu|73/100 tox
|move|p1a: Ting-Lu|Spikes|p2a: Gliscor
|-sidestart|p2: IN Campion|Spikes
|
|-heal|p1a: Ting-Lu|79/100 tox|[from] item: Leftovers
|-heal|p2a: Gliscor|94/100 tox|[from] ability: Poison Heal
|-damage|p1a: Ting-Lu|66/100 tox|[from] psn
|upkeep
|turn|8
|
|t:|1758971820
|switch|p1a: Alomomola|Alomomola, M|100/100
|move|p2a: Gliscor|Earthquake|p1a: Alomomola
|-damage|p1a: Alomomola|82/100
|
|-heal|p2a: Gliscor|100/100 tox|[from] ability: Poison Heal
|upkeep
|turn|9
|
|t:|1758971829
|move|p2a: Gliscor|Toxic|p1a: Alomomola
|-status|p1a: Alomomola|tox
|move|p1a: Alomomola|Flip Turn|p2a: Gliscor
|-supereffective|p2a: Gliscor
|-damage|p2a: Gliscor|75/100 tox
|
|t:|1758971841
|switch|p1a: Corviknight|Corviknight, M|100/100|[from] Flip Turn
|
|-heal|p2a: Gliscor|88/100 tox|[from] ability: Poison Heal
|upkeep
|turn|10
|
|t:|1758971870
|switch|p2a: Inteleon|Inteleon, M|100/100
|-damage|p2a: Inteleon|88/100|[from] Stealth Rock
|-damage|p2a: Inteleon|76/100|[from] Spikes
|move|p1a: Corviknight|Air Slash|p2a: Inteleon|[miss]
|-miss|p1a: Corviknight|p2a: Inteleon
|
|upkeep
|turn|11
|
|t:|1758971882
|move|p2a: Inteleon|Snipe Shot|p1a: Corviknight
|-crit|p1a: Corviknight
|-damage|p1a: Corviknight|18/100
|move|p1a: Corviknight|Body Press|p2a: Inteleon
|-damage|p2a: Inteleon|34/100
|
|upkeep
|turn|12
|
|t:|1758971890
|switch|p1a: Alomomola|Alomomola, M|100/100 tox
|move|p2a: Inteleon|Snipe Shot|p1a: Alomomola
|-resisted|p1a: Alomomola
|-crit|p1a: Alomomola
|-damage|p1a: Alomomola|50/100 tox
|
|-damage|p1a: Alomomola|44/100 tox|[from] psn
|upkeep
|turn|13
|
|t:|1758971904
|move|p2a: Inteleon|Snipe Shot|p1a: Alomomola
|-resisted|p1a: Alomomola
|-crit|p1a: Alomomola
|-damage|p1a: Alomomola|0 fnt
|faint|p1a: Alomomola
|
|upkeep
|
|t:|1758971910
|switch|p1a: Ceruledge|Ceruledge, F|100/100
|turn|14
|
|t:|1758971913
|move|p1a: Ceruledge|Shadow Sneak|p2a: Inteleon
|-damage|p2a: Inteleon|2/100
|move|p2a: Inteleon|Snipe Shot|p1a: Ceruledge
|-supereffective|p1a: Ceruledge
|-crit|p1a: Ceruledge
|-damage|p1a: Ceruledge|0 fnt
|faint|p1a: Ceruledge
|
|upkeep
|
|t:|1758971919
|switch|p1a: Blissey|Blissey, F|94/100
|turn|15
|
|t:|1758971927
|move|p2a: Inteleon|Snipe Shot|p1a: Blissey
|-crit|p1a: Blissey
|-damage|p1a: Blissey|71/100
|move|p1a: Blissey|Seismic Toss|p2a: Inteleon
|-damage|p2a: Inteleon|0 fnt
|faint|p2a: Inteleon
|
|-heal|p1a: Blissey|77/100|[from] item: Leftovers
|upkeep
|
|t:|1758971937
|switch|p2a: Decidueye|Decidueye, M|100/100
|-damage|p2a: Decidueye|88/100|[from] Stealth Rock
|-damage|p2a: Decidueye|75/100|[from] Spikes
|turn|16
|
|t:|1758971947
|switch|p1a: Ting-Lu|Ting-Lu|66/100 tox
|-ability|p1a: Ting-Lu|Vessel of Ruin
|move|p2a: Decidueye|Swords Dance|p2a: Decidueye
|-boost|p2a: Decidueye|atk|2
|
|-heal|p1a: Ting-Lu|73/100 tox|[from] item: Leftovers
|-damage|p1a: Ting-Lu|66/100 tox|[from] psn
|upkeep
|turn|17
|
|t:|1758971962
|move|p2a: Decidueye|Leaf Blade|p1a: Ting-Lu
|-supereffective|p1a: Ting-Lu
|-crit|p1a: Ting-Lu
|-damage|p1a: Ting-Lu|0 fnt
|faint|p1a: Ting-Lu
|
|upkeep
|-message|kpo2022 forfeited.
|
|win|IN Campion
|raw|kpo2022's rating: 1061 &rarr; <strong>1042</strong><br />(-19 for losing)
|raw|IN Campion's rating: 1069 &rarr; <strong>1098</strong><br />(+29 for winning)
|l|☆kpo2022
|player|p1|
|l|☆IN Campion
|player|p2|
