|j|☆TheeSilentLine
|j|☆B!ngChiLing
|t:|1759071037
|gametype|singles
|player|p1|TheeSilentLine|palmer|1442
|player|p2|B!ngChiLing|dragontamer|1409
|gen|9
|tier|[Gen 9] OU
|rated|
|rule|HP Percentage Mod: HP is shown in percentages
|rule|Endless Battle Clause: Forcing endless battles is banned
|rule|Species Clause: Limit one of each Pokémon
|rule|OHKO Clause: OHKO moves are banned
|rule|Evasion Items Clause: Evasion items are banned
|rule|Evasion Moves Clause: Evasion moves are banned
|rule|Evasion Abilities Clause: Evasion abilities are banned
|rule|Sleep Moves Clause: Sleep-inducing moves are banned
|clearpoke
|poke|p1|Darkrai|
|poke|p1|Ogerpon, F|
|poke|p1|Garchomp, M|
|poke|p1|Weezing-Galar, M|
|poke|p1|Corviknight, F|
|poke|p1|Alomomola, F|
|poke|p2|Manaphy|
|poke|p2|Kingdra, F|
|poke|p2|Raging Bolt|
|poke|p2|Grimmsnarl, M|
|poke|p2|Great Tusk|
|poke|p2|Kingambit, F|
|teampreview
|inactive|Battle timer is ON: inactive players will automatically lose when time's up. (requested by B!ngChiLing)
|
|t:|1759071053
|teamsize|p1|6
|teamsize|p2|6
|start
|switch|p1a: 100% Balanced Ivy|Ogerpon, F|100/100
|switch|p2a: Grimmsnarl|Grimmsnarl, M|100/100
|turn|1
|
|t:|1759071057
|move|p2a: Grimmsnarl|Reflect|p2a: Grimmsnarl
|-sidestart|p2: B!ngChiLing|Reflect
|move|p1a: 100% Balanced Ivy|Encore|p2a: Grimmsnarl
|-start|p2a: Grimmsnarl|Encore
|
|upkeep
|turn|2
|
|t:|1759071067
|switch|p2a: Kingdra|Kingdra, F|100/100
|move|p1a: 100% Balanced Ivy|Knock Off|p2a: Kingdra
|-damage|p2a: Kingdra|82/100
|-enditem|p2a: Kingdra|Scope Lens|[from] move: Knock Off|[of] p1a: 100% Balanced Ivy
|
|upkeep
|turn|3
|
|t:|1759071074
|move|p1a: 100% Balanced Ivy|U-turn|p2a: Kingdra
|-damage|p2a: Kingdra|67/100
|
|t:|1759071077
|switch|p1a: Pinkacross girl|Alomomola, F|100/100|[from] U-turn
|move|p2a: Kingdra|Focus Energy|p2a: Kingdra
|-start|p2a: Kingdra|move: Focus Energy
|
|upkeep
|turn|4
|
|t:|1759071081
|move|p2a: Kingdra|Draco Meteor|p1a: Pinkacross girl
|-crit|p1a: Pinkacross girl
|-damage|p1a: Pinkacross girl|38/100
|-unboost|p2a: Kingdra|spa|2
|move|p1a: Pinkacross girl|Mirror Coat|p2a: Kingdra
|-damage|p2a: Kingdra|0 fnt
|faint|p2a: Kingdra
|
|upkeep
|
|t:|1759071095
|switch|p2a: Manaphy|Manaphy|100/100
|turn|5
|
|t:|1759071100
|switch|p1a: 100% Balanced Ivy|Ogerpon, F|100/100
|move|p2a: Manaphy|Tail Glow|p2a: Manaphy
|-boost|p2a: Manaphy|spa|3
|
|upkeep
|turn|6
|
|t:|1759071115
|move|p1a: 100% Balanced Ivy|Encore|p2a: Manaphy
|-start|p2a: Manaphy|Encore
|move|p2a: Manaphy|Tail Glow|p2a: Manaphy
|-boost|p2a: Manaphy|spa|3
|
|upkeep
|turn|7
|
|t:|1759071123
|switch|p2a: Grimmsnarl|Grimmsnarl, M|100/100
|move|p1a: 100% Balanced Ivy|Ivy Cudgel|p2a: Grimmsnarl
|-damage|p2a: Grimmsnarl|79/100
|
|upkeep
|turn|8
|
|t:|1759071131
|move|p2a: Grimmsnarl|Parting Shot|p1a: 100% Balanced Ivy
|-unboost|p1a: 100% Balanced Ivy|atk|1
|-ability|p1a: 100% Balanced Ivy|Defiant|boost
|-boost|p1a: 100% Balanced Ivy|atk|2
|-unboost|p1a: 100% Balanced Ivy|spa|1
|-ability|p1a: 100% Balanced Ivy|Defiant|boost
|-boost|p1a: 100% Balanced Ivy|atk|2
|
|t:|1759071134
|switch|p2a: Manaphy|Manaphy|100/100|[from] Parting Shot
|move|p1a: 100% Balanced Ivy|Knock Off|p2a: Manaphy
|-damage|p2a: Manaphy|60/100
|-enditem|p2a: Manaphy|Focus Sash|[from] move: Knock Off|[of] p1a: 100% Balanced Ivy
|
|-sideend|p2: B!ngChiLing|Reflect
|upkeep
|turn|9
|
|t:|1759071140
|move|p1a: 100% Balanced Ivy|Ivy Cudgel|p2a: Manaphy
|-supereffective|p2a: Manaphy
|-damage|p2a: Manaphy|0 fnt
|faint|p2a: Manaphy
|
|upkeep
|
|t:|1759071156
|switch|p2a: Raging Bolt|Raging Bolt|100/100
|turn|10
|
|t:|1759071169
|move|p1a: 100% Balanced Ivy|U-turn|p2a: Raging Bolt
|-damage|p2a: Raging Bolt|56/100
|
|t:|1759071174
|switch|p1a: TheDarkRaven|Corviknight, F|100/100|[from] U-turn
|-ability|p1a: TheDarkRaven|Pressure
|move|p2a: Raging Bolt|Dragon Pulse|p1a: TheDarkRaven
|-resisted|p1a: TheDarkRaven
|-damage|p1a: TheDarkRaven|83/100
|
|-heal|p2a: Raging Bolt|62/100|[from] item: Leftovers
|-heal|p1a: TheDarkRaven|89/100|[from] item: Leftovers
|upkeep
|turn|11
|
|t:|1759071180
|switch|p1a: Mr. Chompers|Garchomp, M|100/100
|move|p2a: Raging Bolt|Thunderbolt|p1a: Mr. Chompers
|-immune|p1a: Mr. Chompers
|
|-heal|p2a: Raging Bolt|68/100|[from] item: Leftovers
|upkeep
|turn|12
|
|t:|1759071184
|move|p1a: Mr. Chompers|Earthquake|p2a: Raging Bolt
|-supereffective|p2a: Raging Bolt
|-damage|p2a: Raging Bolt|2/100
|move|p2a: Raging Bolt|Dragon Pulse|p1a: Mr. Chompers
|-supereffective|p1a: Mr. Chompers
|-damage|p1a: Mr. Chompers|4/100
|
|-heal|p2a: Raging Bolt|8/100|[from] item: Leftovers
|upkeep
|turn|13
|
|t:|1759071190
|move|p1a: Mr. Chompers|Earthquake|p2a: Raging Bolt
|-supereffective|p2a: Raging Bolt
|-damage|p2a: Raging Bolt|0 fnt
|faint|p2a: Raging Bolt
|-end|p2a: Raging Bolt|Protosynthesis|[silent]
|
|upkeep
|
|t:|1759071192
|switch|p2a: Great Tusk|Great Tusk|100/100
|turn|14
|
|t:|1759071206
|move|p2a: Great Tusk|Rapid Spin|p1a: Mr. Chompers
|-damage|p1a: Mr. Chompers|0 fnt
|-boost|p2a: Great Tusk|spe|1
|-damage|p2a: Great Tusk|88/100|[from] ability: Rough Skin|[of] p1a: Mr. Chompers
|-damage|p2a: Great Tusk|72/100|[from] item: Rocky Helmet|[of] p1a: Mr. Chompers
|faint|p1a: Mr. Chompers
|
|upkeep
|
|t:|1759071212
|switch|p1a: 100% Balanced Ivy|Ogerpon, F|100/100
|turn|15
|
|t:|1759071219
|-terastallize|p1a: 100% Balanced Ivy|Grass
|detailschange|p1a: 100% Balanced Ivy|Ogerpon-Teal-Tera, F, tera:Grass
|-ability|p1a: 100% Balanced Ivy|Embody Aspect (Teal)|boost
|-boost|p1a: 100% Balanced Ivy|spe|1
|move|p1a: 100% Balanced Ivy|Ivy Cudgel|p2a: Great Tusk
|-supereffective|p2a: Great Tusk
|-damage|p2a: Great Tusk|0 fnt
|faint|p2a: Great Tusk
|-end|p2a: Great Tusk|Protosynthesis|[silent]
|
|upkeep
|
|t:|1759071226
|switch|p2a: Grimmsnarl|Grimmsnarl, M|79/100
|turn|16
|
|t:|1759071232
|move|p2a: Grimmsnarl|Reflect|p2a: Grimmsnarl
|-sidestart|p2: B!ngChiLing|Reflect
|move|p1a: 100% Balanced Ivy|Encore|p2a: Grimmsnarl
|-start|p2a: Grimmsnarl|Encore
|
|upkeep
|turn|17
|
|t:|1759071238
|switch|p2a: Kingambit|Kingambit, F|100/100
|-activate|p2a: Kingambit|ability: Supreme Overlord
|-start|p2a: Kingambit|fallen4|[silent]
|move|p1a: 100% Balanced Ivy|Knock Off|p2a: Kingambit
|-resisted|p2a: Kingambit
|-crit|p2a: Kingambit
|-damage|p2a: Kingambit|81/100
|-enditem|p2a: Kingambit|Leftovers|[from] move: Knock Off|[of] p1a: 100% Balanced Ivy
|
|upkeep
|turn|18
|
|t:|1759071243
|move|p1a: 100% Balanced Ivy|Ivy Cudgel|p2a: Kingambit
|-resisted|p2a: Kingambit
|-damage|p2a: Kingambit|69/100
|move|p2a: Kingambit|Swords Dance|p2a: Kingambit
|-boost|p2a: Kingambit|atk|2
|
|upkeep
|turn|19
|
|t:|1759071246
|move|p1a: 100% Balanced Ivy|Encore|p2a: Kingambit
|-start|p2a: Kingambit|Encore
|move|p2a: Kingambit|Swords Dance|p2a: Kingambit
|-boost|p2a: Kingambit|atk|2
|
|upkeep
|turn|20
|
|t:|1759071250
|-end|p2a: Kingambit|fallen4|[silent]
|switch|p2a: Grimmsnarl|Grimmsnarl, M|79/100
|move|p1a: 100% Balanced Ivy|Ivy Cudgel|p2a: Grimmsnarl
|-damage|p2a: Grimmsnarl|45/100
|
|upkeep
|turn|21
|
|t:|1759071257
|move|p1a: 100% Balanced Ivy|Encore||[still]
|-fail|p1a: 100% Balanced Ivy
|move|p2a: Grimmsnarl|Play Rough|p1a: 100% Balanced Ivy
|-damage|p1a: 100% Balanced Ivy|50/100
|
|upkeep
|turn|22
|
|t:|1759071270
|move|p2a: Grimmsnarl|Parting Shot|p1a: 100% Balanced Ivy
|-unboost|p1a: 100% Balanced Ivy|atk|1
|-unboost|p1a: 100% Balanced Ivy|spa|1
|
|t:|1759071272
|switch|p2a: Kingambit|Kingambit, F|69/100|[from] Parting Shot
|-activate|p2a: Kingambit|ability: Supreme Overlord
|-start|p2a: Kingambit|fallen4|[silent]
|move|p1a: 100% Balanced Ivy|U-turn|p2a: Kingambit
|-damage|p2a: Kingambit|62/100
|
|t:|1759071279
|switch|p1a: Alex Mason|Darkrai|100/100|[from] U-turn
|
|upkeep
|turn|23
|
|t:|1759071292
|move|p1a: Alex Mason|Trick|p2a: Kingambit
|-activate|p1a: Alex Mason|move: Trick|[of] p2a: Kingambit
|-item|p2a: Kingambit|Choice Specs|[from] move: Trick
|-enditem|p1a: Alex Mason|Choice Specs|[silent]|[from] move: Trick
|move|p2a: Kingambit|Swords Dance|p2a: Kingambit
|-boost|p2a: Kingambit|atk|2
|
|-sideend|p2: B!ngChiLing|Reflect
|upkeep
|turn|24
|-message|B!ngChiLing forfeited.
|
|win|TheeSilentLine
|raw|TheeSilentLine's rating: 1442 &rarr; <strong>1460</strong><br />(+18 for winning)
|raw|B!ngChiLing's rating: 1409 &rarr; <strong>1391</strong><br />(-18 for losing)
|l|☆B!ngChiLing
|player|p2|
