|badge|p2|bronze|gen9ou|100-6
|html|<div class="broadcast-red"><strong>This battle is required to be public due to one or more player having a season medal.</strong><br />During the public phase, you can discuss the state of the ladder <a href="/seasondiscussion">in a special chatroom.</a></div>
|uhtml|medal-msg|<div class="broadcast-blue">Curious what those medals under the avatar are? PS now has Ladder Seasons! For more information, check out the <a href="https://www.smogon.com/forums/threads/3740067/">thread on Smogon.</a></div>
|raw|<div class="broadcast-blue"><strong>This battle is required to be public due to a player having a name starting with 'medal'.</div>
|j|☆PR-Trainer Lopez
|j|☆WogerHater
|t:|1758938194
|gametype|singles
|player|p1|PR-Trainer Lopez|blue|1779
|player|p2|WogerHater|dawn-gen4pt|1848
|gen|9
|tier|[Gen 9] OU
|rated|
|rule|HP Percentage Mod: HP is shown in percentages
|rule|Endless Battle Clause: Forcing endless battles is banned
|rule|Species Clause: Limit one of each Pokémon
|rule|OHKO Clause: OHKO moves are banned
|rule|Evasion Items Clause: Evasion items are banned
|rule|Evasion Moves Clause: Evasion moves are banned
|rule|Evasion Abilities Clause: Evasion abilities are banned
|rule|Sleep Moves Clause: Sleep-inducing moves are banned
|clearpoke
|poke|p1|Zoroark, M|
|poke|p1|Rotom-Wash|
|poke|p1|Slither Wing|
|poke|p1|Clodsire, F|
|poke|p1|Skeledirge, M|
|poke|p1|Corviknight, M|
|poke|p2|Weezing-Galar, M|
|poke|p2|Ting-Lu|
|poke|p2|Corviknight, F|
|poke|p2|Skeledirge, F|
|poke|p2|Dragapult, F|
|poke|p2|Ogerpon-Wellspring, F|
|teampreview
|inactive|Battle timer is ON: inactive players will automatically lose when time's up. (requested by WogerHater)
|inactive|PR-Trainer Lopez has 120 seconds left.
|j| locked in bro
|
|t:|1758938251
|teamsize|p1|6
|teamsize|p2|6
|start
|switch|p1a: Slither Wing|Slither Wing|100/100
|switch|p2a: Ogerpon|Ogerpon-Wellspring, F|100/100
|turn|1
|
|t:|1758938264
|switch|p2a: Corviknight|Corviknight, F|100/100
|-ability|p2a: Corviknight|Pressure
|move|p1a: Slither Wing|Close Combat|p2a: Corviknight
|-damage|p2a: Corviknight|40/100
|-unboost|p1a: Slither Wing|def|1
|-unboost|p1a: Slither Wing|spd|1
|-damage|p1a: Slither Wing|84/100|[from] item: Rocky Helmet|[of] p2a: Corviknight
|-damage|p1a: Slither Wing|74/100|[from] item: Life Orb
|
|upkeep
|turn|2
|j| chengzun
|
|t:|1758938276
|switch|p2a: GAS.|Weezing-Galar, M|100/100
|-ability|p2a: GAS.|Neutralizing Gas
|move|p1a: Slither Wing|Close Combat|p2a: GAS.
|-resisted|p2a: GAS.
|-damage|p2a: GAS.|85/100
|-unboost|p1a: Slither Wing|def|1
|-unboost|p1a: Slither Wing|spd|1
|-damage|p1a: Slither Wing|64/100|[from] item: Life Orb
|
|upkeep
|turn|3
|
|t:|1758938287
|-end|p1a: Slither Wing|Protosynthesis|[silent]
|switch|p1a: Skeledirge|Skeledirge, M|100/100
|move|p2a: GAS.|Sludge Bomb|p1a: Skeledirge
|-resisted|p1a: Skeledirge
|-damage|p1a: Skeledirge|90/100
|
|upkeep
|turn|4
|
|t:|1758938294
|-end|p2a: GAS.|ability: Neutralizing Gas
|switch|p2a: Ting-Lu|Ting-Lu, shiny|100/100
|-ability|p2a: Ting-Lu|Vessel of Ruin
|move|p1a: Skeledirge|Will-O-Wisp|p2a: Ting-Lu
|-status|p2a: Ting-Lu|brn
|
|-damage|p2a: Ting-Lu|94/100 brn|[from] brn
|upkeep
|turn|5
|j| seiko leich
|
|t:|1758938319
|move|p1a: Skeledirge|Torch Song|p2a: Ting-Lu
|-damage|p2a: Ting-Lu|82/100 brn
|-boost|p1a: Skeledirge|spa|1
|move|p2a: Ting-Lu|Stealth Rock|p1a: Skeledirge
|-sidestart|p1: PR-Trainer Lopez|move: Stealth Rock
|
|-heal|p2a: Ting-Lu|88/100 brn|[from] item: Leftovers
|-damage|p2a: Ting-Lu|82/100 brn|[from] brn
|upkeep
|turn|6
|j| Dedenne Job
|
|t:|1758938329
|switch|p2a: Skeledirge|Skeledirge, F|100/100
|move|p1a: Skeledirge|Torch Song|p2a: Skeledirge
|-resisted|p2a: Skeledirge
|-damage|p2a: Skeledirge|90/100
|-boost|p1a: Skeledirge|spa|1
|
|upkeep
|turn|7
|
|t:|1758938348
|switch|p1a: Rotom|Rotom-Wash|100/100
|-damage|p1a: Rotom|88/100|[from] Stealth Rock
|move|p2a: Skeledirge|Earth Power|p1a: Rotom
|-immune|p1a: Rotom|[from] ability: Levitate
|
|upkeep
|turn|8
|inactive|PR-Trainer Lopez has 120 seconds left.
|
|t:|1758938363
|switch|p2a: Dragapult|Dragapult, F|100/100
|move|p1a: Rotom|Thunder Wave|p2a: Dragapult
|-status|p2a: Dragapult|par
|
|upkeep
|turn|9
|l| Dedenne Job
|inactive|PR-Trainer Lopez has 120 seconds left.
|
|t:|1758938398
|move|p1a: Rotom|Volt Switch|p2a: Dragapult
|-resisted|p2a: Dragapult
|-crit|p2a: Dragapult
|-damage|p2a: Dragapult|74/100 par
|
|t:|1758938402
|switch|p1a: Corviknight|Corviknight, M|100/100|[from] Volt Switch
|-damage|p1a: Corviknight|88/100|[from] Stealth Rock
|-ability|p1a: Corviknight|Pressure
|move|p2a: Dragapult|Draco Meteor|p1a: Corviknight
|-resisted|p1a: Corviknight
|-damage|p1a: Corviknight|44/100
|-unboost|p2a: Dragapult|spa|2
|
|upkeep
|turn|10
|
|t:|1758938413
|switch|p2a: Corviknight|Corviknight, F|40/100
|-ability|p2a: Corviknight|Pressure
|move|p1a: Corviknight|Roost|p1a: Corviknight
|-heal|p1a: Corviknight|94/100
|-singleturn|p1a: Corviknight|move: Roost
|
|upkeep
|turn|11
|
|t:|1758938422
|move|p2a: Corviknight|Roost|p2a: Corviknight
|-heal|p2a: Corviknight|90/100
|-singleturn|p2a: Corviknight|move: Roost
|move|p1a: Corviknight|Defog|p2a: Corviknight
|-unboost|p2a: Corviknight|evasion|1
|-sideend|p1: PR-Trainer Lopez|Stealth Rock|[from] move: Defog|[of] p1a: Corviknight
|
|upkeep
|turn|12
|
|t:|1758938434
|move|p2a: Corviknight|U-turn|p1a: Corviknight
|-resisted|p1a: Corviknight
|-damage|p1a: Corviknight|92/100
|-damage|p2a: Corviknight|73/100|[from] item: Rocky Helmet|[of] p1a: Corviknight
|
|t:|1758938439
|switch|p2a: Skeledirge|Skeledirge, F|90/100|[from] U-turn
|move|p1a: Corviknight|U-turn|p2a: Skeledirge
|-resisted|p2a: Skeledirge
|-damage|p2a: Skeledirge|87/100
|inactive|PR-Trainer Lopez has 120 seconds left.
|l| chengzun
|
|t:|1758938452
|switch|p1a: Slither Wing|Slither Wing|100/100|[from] U-turn
|
|upkeep
|turn|13
|inactive|PR-Trainer Lopez has 120 seconds left.
|
|t:|1758938458
|switch|p2a: Corviknight|Corviknight, F|73/100
|-ability|p2a: Corviknight|Pressure
|move|p1a: Slither Wing|Trick|p2a: Corviknight
|-activate|p1a: Slither Wing|move: Trick|[of] p2a: Corviknight
|-item|p2a: Corviknight|Choice Scarf|[from] move: Trick
|-item|p1a: Slither Wing|Rocky Helmet|[from] move: Trick
|
|upkeep
|turn|14
|inactive|PR-Trainer Lopez has 120 seconds left.
|
|t:|1758938478
|switch|p1a: Corviknight|Corviknight, M|92/100
|-ability|p1a: Corviknight|Pressure
|move|p2a: Corviknight|U-turn|p1a: Corviknight
|-resisted|p1a: Corviknight
|-damage|p1a: Corviknight|90/100
|-damage|p2a: Corviknight|57/100|[from] item: Rocky Helmet|[of] p1a: Corviknight
|
|t:|1758938486
|switch|p2a: Ting-Lu|Ting-Lu, shiny|82/100 brn|[from] U-turn
|-ability|p2a: Ting-Lu|Vessel of Ruin
|
|-heal|p2a: Ting-Lu|88/100 brn|[from] item: Leftovers
|-damage|p2a: Ting-Lu|82/100 brn|[from] brn
|upkeep
|turn|15
|inactive|PR-Trainer Lopez has 120 seconds left.
|
|t:|1758938498
|move|p1a: Corviknight|Brave Bird|p2a: Ting-Lu
|-damage|p2a: Ting-Lu|61/100 brn
|-damage|p1a: Corviknight|81/100|[from] Recoil
|move|p2a: Ting-Lu|Stealth Rock|p1a: Corviknight
|-sidestart|p1: PR-Trainer Lopez|move: Stealth Rock
|
|-heal|p2a: Ting-Lu|67/100 brn|[from] item: Leftovers
|-damage|p2a: Ting-Lu|61/100 brn|[from] brn
|upkeep
|turn|16
|j| chengzun
|l| chengzun
|inactive|PR-Trainer Lopez has 120 seconds left.
|
|t:|1758938508
|switch|p2a: Corviknight|Corviknight, F|57/100
|-ability|p2a: Corviknight|Pressure
|move|p1a: Corviknight|Defog|p2a: Corviknight
|-unboost|p2a: Corviknight|evasion|1
|-sideend|p1: PR-Trainer Lopez|Stealth Rock|[from] move: Defog|[of] p1a: Corviknight
|
|upkeep
|turn|17
|inactive|PR-Trainer Lopez has 120 seconds left.
|
|t:|1758938523
|switch|p1a: Clodsire|Clodsire, F|100/100
|move|p2a: Corviknight|Roost|p2a: Corviknight
|-heal|p2a: Corviknight|100/100
|-singleturn|p2a: Corviknight|move: Roost
|
|upkeep
|turn|18
|
|t:|1758938530
|switch|p2a: Ting-Lu|Ting-Lu, shiny|61/100 brn
|-ability|p2a: Ting-Lu|Vessel of Ruin
|move|p1a: Clodsire|Stealth Rock|p2a: Ting-Lu
|-sidestart|p2: WogerHater|move: Stealth Rock
|
|-heal|p2a: Ting-Lu|67/100 brn|[from] item: Leftovers
|-damage|p2a: Ting-Lu|61/100 brn|[from] brn
|upkeep
|turn|19
|
|t:|1758938542
|switch|p1a: Corviknight|Corviknight, M|81/100
|-ability|p1a: Corviknight|Pressure
|move|p2a: Ting-Lu|Stealth Rock|p1a: Corviknight
|-sidestart|p1: PR-Trainer Lopez|move: Stealth Rock
|
|-heal|p2a: Ting-Lu|67/100 brn|[from] item: Leftovers
|-damage|p2a: Ting-Lu|61/100 brn|[from] brn
|upkeep
|turn|20
|
|t:|1758938552
|move|p1a: Corviknight|U-turn|p2a: Ting-Lu
|-supereffective|p2a: Ting-Lu
|-damage|p2a: Ting-Lu|46/100 brn
|
|t:|1758938561
|switch|p1a: Skeledirge|Skeledirge, M|90/100|[from] U-turn
|move|p2a: Ting-Lu|Rest|p2a: Ting-Lu
|-status|p2a: Ting-Lu|slp|[from] move: Rest
|-heal|p2a: Ting-Lu|100/100 slp|[silent]
|
|upkeep
|turn|21
|
|t:|1758938571
|switch|p2a: Skeledirge|Skeledirge, F|87/100
|move|p1a: Skeledirge|Torch Song|p2a: Skeledirge
|-resisted|p2a: Skeledirge
|-damage|p2a: Skeledirge|76/100
|-boost|p1a: Skeledirge|spa|1
|
|upkeep
|turn|22
|
|t:|1758938580
|switch|p1a: Rotom|Rotom-Wash|88/100
|-damage|p1a: Rotom|75/100|[from] Stealth Rock
|move|p2a: Skeledirge|Slack Off|p2a: Skeledirge
|-heal|p2a: Skeledirge|100/100
|
|upkeep
|turn|23
|
|t:|1758938588
|switch|p2a: Ting-Lu|Ting-Lu, shiny|100/100 slp
|-damage|p2a: Ting-Lu|94/100 slp|[from] Stealth Rock
|-ability|p2a: Ting-Lu|Vessel of Ruin
|move|p1a: Rotom|Hydro Pump|p2a: Ting-Lu|[miss]
|-miss|p1a: Rotom|p2a: Ting-Lu
|
|-heal|p2a: Ting-Lu|100/100 slp|[from] item: Leftovers
|upkeep
|turn|24
|
|t:|1758938601
|move|p1a: Rotom|Thunder Wave|p2a: Ting-Lu
|-immune|p2a: Ting-Lu
|cant|p2a: Ting-Lu|slp
|
|upkeep
|turn|25
|
|t:|1758938607
|move|p1a: Rotom|Hydro Pump|p2a: Ting-Lu
|-supereffective|p2a: Ting-Lu
|-damage|p2a: Ting-Lu|69/100 slp
|cant|p2a: Ting-Lu|slp
|
|-heal|p2a: Ting-Lu|75/100 slp|[from] item: Leftovers
|upkeep
|turn|26
|
|t:|1758938616
|switch|p1a: Corviknight|Corviknight, M|81/100
|-damage|p1a: Corviknight|69/100|[from] Stealth Rock
|-ability|p1a: Corviknight|Pressure
|-curestatus|p2a: Ting-Lu|slp|[msg]
|move|p2a: Ting-Lu|Heavy Slam|p1a: Corviknight
|-resisted|p1a: Corviknight
|-damage|p1a: Corviknight|60/100
|-damage|p2a: Ting-Lu|59/100|[from] item: Rocky Helmet|[of] p1a: Corviknight
|
|-heal|p2a: Ting-Lu|65/100|[from] item: Leftovers
|upkeep
|turn|27
|
|t:|1758938630
|move|p1a: Corviknight|Roost|p1a: Corviknight
|-heal|p1a: Corviknight|100/100
|-singleturn|p1a: Corviknight|move: Roost
|move|p2a: Ting-Lu|Stealth Rock||[still]
|-fail|p2a: Ting-Lu
|
|-heal|p2a: Ting-Lu|71/100|[from] item: Leftovers
|upkeep
|turn|28
|j| ahjskahskjah
|
|t:|1758938640
|switch|p2a: GAS.|Weezing-Galar, M|85/100
|-ability|p2a: GAS.|Neutralizing Gas
|move|p1a: Corviknight|Defog|p2a: GAS.
|-unboost|p2a: GAS.|evasion|1
|-sideend|p2: WogerHater|Stealth Rock|[from] move: Defog|[of] p1a: Corviknight
|-sideend|p1: PR-Trainer Lopez|Stealth Rock|[from] move: Defog|[of] p1a: Corviknight
|
|upkeep
|turn|29
|
|t:|1758938651
|switch|p1a: Skeledirge|Skeledirge, M|90/100
|move|p2a: GAS.|Sludge Bomb|p1a: Skeledirge
|-resisted|p1a: Skeledirge
|-damage|p1a: Skeledirge|78/100
|
|upkeep
|turn|30
|
|t:|1758938661
|-end|p2a: GAS.|ability: Neutralizing Gas
|switch|p2a: Ting-Lu|Ting-Lu, shiny|71/100
|-ability|p2a: Ting-Lu|Vessel of Ruin
|move|p1a: Skeledirge|Will-O-Wisp|p2a: Ting-Lu|[miss]
|-miss|p1a: Skeledirge|p2a: Ting-Lu
|
|-heal|p2a: Ting-Lu|77/100|[from] item: Leftovers
|upkeep
|turn|31
|
|t:|1758938671
|move|p1a: Skeledirge|Will-O-Wisp|p2a: Ting-Lu
|-status|p2a: Ting-Lu|brn
|move|p2a: Ting-Lu|Stealth Rock|p1a: Skeledirge
|-sidestart|p1: PR-Trainer Lopez|move: Stealth Rock
|
|-heal|p2a: Ting-Lu|84/100 brn|[from] item: Leftovers
|-damage|p2a: Ting-Lu|77/100 brn|[from] brn
|upkeep
|turn|32
|
|t:|1758938680
|switch|p2a: Skeledirge|Skeledirge, F|100/100
|move|p1a: Skeledirge|Hex|p2a: Skeledirge
|-supereffective|p2a: Skeledirge
|-damage|p2a: Skeledirge|64/100
|
|upkeep
|turn|33
|
|t:|1758938689
|switch|p1a: Rotom|Rotom-Wash|75/100
|-damage|p1a: Rotom|63/100|[from] Stealth Rock
|move|p2a: Skeledirge|Earth Power|p1a: Rotom
|-immune|p1a: Rotom|[from] ability: Levitate
|
|upkeep
|turn|34
|
|t:|1758938698
|switch|p2a: Dragapult|Dragapult, F|74/100 par
|move|p1a: Rotom|Thunder Wave|p2a: Dragapult
|-fail|p2a: Dragapult|par
|
|upkeep
|turn|35
|
|t:|1758938705
|move|p1a: Rotom|Volt Switch|p2a: Dragapult
|-resisted|p2a: Dragapult
|-damage|p2a: Dragapult|57/100 par
|
|t:|1758938708
|switch|p1a: Clodsire|Clodsire, F|100/100|[from] Volt Switch
|-damage|p1a: Clodsire|94/100|[from] Stealth Rock
|move|p2a: Dragapult|Shadow Ball|p1a: Clodsire
|-damage|p1a: Clodsire|66/100
|-unboost|p1a: Clodsire|spd|1
|
|-heal|p1a: Clodsire|72/100|[from] item: Leftovers
|upkeep
|turn|36
|
|t:|1758938724
|move|p2a: Dragapult|Shadow Ball|p1a: Clodsire
|-damage|p1a: Clodsire|33/100
|move|p1a: Clodsire|Stealth Rock|p2a: Dragapult
|-sidestart|p2: WogerHater|move: Stealth Rock
|
|-heal|p1a: Clodsire|40/100|[from] item: Leftovers
|upkeep
|turn|37
|
|t:|1758938736
|switch|p1a: Slither Wing|Slither Wing|100/100
|-damage|p1a: Slither Wing|88/100|[from] Stealth Rock
|move|p2a: Dragapult|Shadow Ball|p1a: Slither Wing
|-resisted|p1a: Slither Wing
|-damage|p1a: Slither Wing|37/100
|-unboost|p1a: Slither Wing|spd|1
|replace|p1a: Zoroark|Zoroark, M
|-end|p1a: Zoroark|Illusion
|
|upkeep
|turn|38
|
|t:|1758938754
|switch|p2a: Corviknight|Corviknight, F|100/100
|-damage|p2a: Corviknight|88/100|[from] Stealth Rock
|-ability|p2a: Corviknight|Pressure
|move|p1a: Zoroark|U-turn|p2a: Corviknight
|-resisted|p2a: Corviknight
|-damage|p2a: Corviknight|85/100
|inactive|PR-Trainer Lopez has 120 seconds left.
|
|t:|1758938770
|switch|p1a: Skeledirge|Skeledirge, M|78/100|[from] U-turn
|
|upkeep
|turn|39
|
|t:|1758938774
|move|p2a: Corviknight|U-turn|p1a: Skeledirge
|-resisted|p1a: Skeledirge
|-damage|p1a: Skeledirge|75/100
|
|t:|1758938778
|switch|p2a: Dragapult|Dragapult, F|57/100 par|[from] U-turn
|-damage|p2a: Dragapult|45/100 par|[from] Stealth Rock
|move|p1a: Skeledirge|Torch Song|p2a: Dragapult
|-resisted|p2a: Dragapult
|-crit|p2a: Dragapult
|-damage|p2a: Dragapult|13/100 par
|-boost|p1a: Skeledirge|spa|1
|
|upkeep
|turn|40
|
|t:|1758938788
|move|p1a: Skeledirge|Torch Song|p2a: Dragapult
|-resisted|p2a: Dragapult
|-damage|p2a: Dragapult|0 fnt
|-boost|p1a: Skeledirge|spa|1
|faint|p2a: Dragapult
|
|upkeep
|
|t:|1758938791
|switch|p2a: Ogerpon|Ogerpon-Wellspring, F|100/100
|-damage|p2a: Ogerpon|88/100|[from] Stealth Rock
|turn|41
|
|t:|1758938799
|switch|p1a: Clodsire|Clodsire, F|40/100
|-damage|p1a: Clodsire|33/100|[from] Stealth Rock
|move|p2a: Ogerpon|Ivy Cudgel|p1a: Clodsire|[anim] Ivy Cudgel Water
|-heal|p1a: Clodsire|58/100|[from] ability: Water Absorb|[of] p2a: Ogerpon
|
|-heal|p1a: Clodsire|65/100|[from] item: Leftovers
|upkeep
|turn|42
|
|t:|1758938809
|switch|p1a: Corviknight|Corviknight, M|100/100
|-damage|p1a: Corviknight|88/100|[from] Stealth Rock
|-ability|p1a: Corviknight|Pressure
|move|p2a: Ogerpon|Knock Off|p1a: Corviknight
|-damage|p1a: Corviknight|68/100
|-damage|p2a: Ogerpon|72/100|[from] item: Rocky Helmet|[of] p1a: Corviknight
|-enditem|p1a: Corviknight|Rocky Helmet|[from] move: Knock Off|[of] p2a: Ogerpon
|
|upkeep
|turn|43
|
|t:|1758938824
|-terastallize|p2a: Ogerpon|Water
|detailschange|p2a: Ogerpon|Ogerpon-Wellspring-Tera, F, tera:Water
|-ability|p2a: Ogerpon|Embody Aspect (Wellspring)|boost
|-boost|p2a: Ogerpon|spd|1
|move|p2a: Ogerpon|Ivy Cudgel|p1a: Corviknight|[anim] Ivy Cudgel Water
|-damage|p1a: Corviknight|22/100
|move|p1a: Corviknight|Brave Bird|p2a: Ogerpon
|-damage|p2a: Ogerpon|33/100
|-damage|p1a: Corviknight|11/100|[from] Recoil
|
|upkeep
|turn|44
|
|t:|1758938837
|move|p2a: Ogerpon|Ivy Cudgel|p1a: Corviknight|[anim] Ivy Cudgel Water
|-damage|p1a: Corviknight|0 fnt
|faint|p1a: Corviknight
|
|upkeep
|
|t:|1758938854
|switch|p1a: Clodsire|Clodsire, F|65/100
|-damage|p1a: Clodsire|58/100|[from] Stealth Rock
|turn|45
|
|t:|1758938859
|move|p2a: Ogerpon|Knock Off|p1a: Clodsire
|-damage|p1a: Clodsire|19/100
|-enditem|p1a: Clodsire|Leftovers|[from] move: Knock Off|[of] p2a: Ogerpon
|move|p1a: Clodsire|High Horsepower|p2a: Ogerpon
|-damage|p2a: Ogerpon|7/100
|
|upkeep
|turn|46
|
|t:|1758938872
|-terastallize|p1a: Clodsire|Fairy
|move|p2a: Ogerpon|Synthesis|p2a: Ogerpon
|-heal|p2a: Ogerpon|57/100
|move|p1a: Clodsire|Recover|p1a: Clodsire
|-heal|p1a: Clodsire|69/100
|
|upkeep
|turn|47
|
|t:|1758938895
|move|p2a: Ogerpon|Spikes|p1a: Clodsire
|-sidestart|p1: PR-Trainer Lopez|Spikes
|move|p1a: Clodsire|Toxic|p2a: Ogerpon
|-status|p2a: Ogerpon|tox
|
|-damage|p2a: Ogerpon|51/100 tox|[from] psn
|upkeep
|turn|48
|
|t:|1758938903
|move|p2a: Ogerpon|Spikes|p1a: Clodsire
|-sidestart|p1: PR-Trainer Lopez|Spikes
|move|p1a: Clodsire|High Horsepower|p2a: Ogerpon
|-damage|p2a: Ogerpon|23/100 tox
|
|-damage|p2a: Ogerpon|11/100 tox|[from] psn
|upkeep
|turn|49
|
|t:|1758938911
|move|p2a: Ogerpon|Spikes|p1a: Clodsire
|-sidestart|p1: PR-Trainer Lopez|Spikes
|move|p1a: Clodsire|High Horsepower|p2a: Ogerpon
|-damage|p2a: Ogerpon|0 fnt
|faint|p2a: Ogerpon
|detailschange|p2: Ogerpon|Ogerpon-Wellspring, F|[silent]
|
|upkeep
|inactive|WogerHater has 120 seconds left.
|
|t:|1758938951
|switch|p2a: GAS.|Weezing-Galar, M|85/100
|-ability|p2a: GAS.|Neutralizing Gas
|turn|50
|
|t:|1758938963
|switch|p1a: Rotom|Rotom-Wash|63/100
|-damage|p1a: Rotom|50/100|[from] Stealth Rock
|-damage|p1a: Rotom|25/100|[from] Spikes
|move|p2a: GAS.|Sludge Bomb|p1a: Rotom
|-crit|p1a: Rotom
|-damage|p1a: Rotom|0 fnt
|faint|p1a: Rotom
|
|upkeep
|
|t:|1758938975
|switch|p1a: Skeledirge|Skeledirge, M|75/100
|turn|51
|inactive|WogerHater has 120 seconds left.
|inactive|WogerHater has 90 seconds left.
|
|t:|1758939034
|move|p1a: Skeledirge|Torch Song|p2a: GAS.
|-damage|p2a: GAS.|46/100
|-boost|p1a: Skeledirge|spa|1
|move|p2a: GAS.|Sludge Bomb|p1a: Skeledirge
|-resisted|p1a: Skeledirge
|-damage|p1a: Skeledirge|64/100
|
|upkeep
|turn|52
|
|t:|1758939048
|move|p1a: Skeledirge|Hex|p2a: GAS.
|-damage|p2a: GAS.|0 fnt
|faint|p2a: GAS.
|-end|p2a: GAS.|ability: Neutralizing Gas
|
|upkeep
|inactive|WogerHater has 90 seconds left.
|
|t:|1758939059
|switch|p2a: Skeledirge|Skeledirge, F|64/100
|turn|53
|
|t:|1758939062
|move|p1a: Skeledirge|Hex|p2a: Skeledirge
|-supereffective|p2a: Skeledirge
|-damage|p2a: Skeledirge|30/100
|move|p2a: Skeledirge|Slack Off|p2a: Skeledirge
|-heal|p2a: Skeledirge|81/100
|
|upkeep
|turn|54
|
|t:|1758939082
|move|p1a: Skeledirge|Hex|p2a: Skeledirge
|-supereffective|p2a: Skeledirge
|-damage|p2a: Skeledirge|46/100
|move|p2a: Skeledirge|Earth Power|p1a: Skeledirge
|-supereffective|p1a: Skeledirge
|-damage|p1a: Skeledirge|26/100
|
|upkeep
|turn|55
|
|t:|1758939091
|move|p1a: Skeledirge|Slack Off|p1a: Skeledirge
|-heal|p1a: Skeledirge|76/100
|move|p2a: Skeledirge|Slack Off|p2a: Skeledirge
|-heal|p2a: Skeledirge|96/100
|
|upkeep
|turn|56
|l|☆PR-Trainer Lopez
|inactive|PR-Trainer Lopez disconnected and has a minute to reconnect!
|player|p1|
|j|☆PR-Trainer Lopez
|inactive|PR-Trainer Lopez reconnected and has 125 seconds left.
|player|p1|PR-Trainer Lopez|blue|
|inactive|PR-Trainer Lopez has 120 seconds left.
|
|t:|1758939132
|switch|p1a: Clodsire|Clodsire, F, tera:Fairy|69/100
|-damage|p1a: Clodsire|57/100|[from] Stealth Rock
|-damage|p1a: Clodsire|32/100|[from] Spikes
|move|p2a: Skeledirge|Earth Power|p1a: Clodsire
|-damage|p1a: Clodsire|19/100
|
|upkeep
|turn|57
|
|t:|1758939141
|move|p2a: Skeledirge|Torch Song|p1a: Clodsire
|-damage|p1a: Clodsire|3/100
|-boost|p2a: Skeledirge|spa|1
|move|p1a: Clodsire|Toxic|p2a: Skeledirge
|-status|p2a: Skeledirge|tox
|
|-damage|p2a: Skeledirge|90/100 tox|[from] psn
|upkeep
|turn|58
|
|t:|1758939155
|move|p2a: Skeledirge|Earth Power|p1a: Clodsire
|-damage|p1a: Clodsire|0 fnt
|faint|p1a: Clodsire
|
|-damage|p2a: Skeledirge|77/100 tox|[from] psn
|upkeep
|
|t:|1758939173
|switch|p1a: Skeledirge|Skeledirge, M|76/100
|turn|59
|
|t:|1758939179
|move|p1a: Skeledirge|Hex|p2a: Skeledirge
|-supereffective|p2a: Skeledirge
|-damage|p2a: Skeledirge|6/100 tox
|move|p2a: Skeledirge|Earth Power|p1a: Skeledirge
|-supereffective|p1a: Skeledirge
|-damage|p1a: Skeledirge|38/100
|
|-damage|p2a: Skeledirge|0 fnt|[from] psn
|faint|p2a: Skeledirge
|upkeep
|
|t:|1758939182
|switch|p2a: Ting-Lu|Ting-Lu, shiny|77/100 brn
|-damage|p2a: Ting-Lu|71/100 brn|[from] Stealth Rock
|-ability|p2a: Ting-Lu|Vessel of Ruin
|turn|60
|
|t:|1758939197
|move|p1a: Skeledirge|Slack Off|p1a: Skeledirge
|-heal|p1a: Skeledirge|88/100
|move|p2a: Ting-Lu|Earthquake|p1a: Skeledirge
|-supereffective|p1a: Skeledirge
|-damage|p1a: Skeledirge|52/100
|
|-heal|p2a: Ting-Lu|77/100 brn|[from] item: Leftovers
|-damage|p2a: Ting-Lu|71/100 brn|[from] brn
|upkeep
|turn|61
|
|t:|1758939208
|switch|p1a: Slither Wing|Slither Wing|64/100
|-damage|p1a: Slither Wing|52/100|[from] Stealth Rock
|-damage|p1a: Slither Wing|27/100|[from] Spikes
|move|p2a: Ting-Lu|Earthquake|p1a: Slither Wing
|-resisted|p1a: Slither Wing
|-damage|p1a: Slither Wing|16/100
|
|-heal|p2a: Ting-Lu|77/100 brn|[from] item: Leftovers
|-damage|p2a: Ting-Lu|71/100 brn|[from] brn
|upkeep
|turn|62
|l| locked in bro
|
|t:|1758939219
|switch|p2a: Corviknight|Corviknight, F|85/100
|-damage|p2a: Corviknight|73/100|[from] Stealth Rock
|-ability|p2a: Corviknight|Pressure
|move|p1a: Slither Wing|Close Combat|p2a: Corviknight
|-damage|p2a: Corviknight|13/100
|-unboost|p1a: Slither Wing|def|1
|-unboost|p1a: Slither Wing|spd|1
|-damage|p1a: Slither Wing|6/100|[from] item: Life Orb
|
|upkeep
|turn|63
|
|t:|1758939231
|move|p2a: Corviknight|U-turn|p1a: Slither Wing
|-resisted|p1a: Slither Wing
|-damage|p1a: Slither Wing|0 fnt
|faint|p1a: Slither Wing
|-end|p1a: Slither Wing|Protosynthesis|[silent]
|
|t:|1758939233
|switch|p2a: Ting-Lu|Ting-Lu, shiny|71/100 brn|[from] U-turn
|-damage|p2a: Ting-Lu|65/100 brn|[from] Stealth Rock
|-ability|p2a: Ting-Lu|Vessel of Ruin
|
|-heal|p2a: Ting-Lu|71/100 brn|[from] item: Leftovers
|-damage|p2a: Ting-Lu|65/100 brn|[from] brn
|upkeep
|
|t:|1758939251
|switch|p1a: Skeledirge|Skeledirge, M|37/100
|-damage|p1a: Skeledirge|25/100|[from] Stealth Rock
|-damage|p1a: Skeledirge|0 fnt|[from] Spikes
|faint|p1a: Skeledirge
|
|t:|1758939257
|switch|p1a: Skeledirge|Skeledirge, M|52/100
|turn|64
|
|t:|1758939261
|move|p1a: Skeledirge|Torch Song|p2a: Ting-Lu
|-damage|p2a: Ting-Lu|52/100 brn
|-boost|p1a: Skeledirge|spa|1
|move|p2a: Ting-Lu|Earthquake|p1a: Skeledirge
|-supereffective|p1a: Skeledirge
|-damage|p1a: Skeledirge|21/100
|
|-heal|p2a: Ting-Lu|58/100 brn|[from] item: Leftovers
|-damage|p2a: Ting-Lu|52/100 brn|[from] brn
|upkeep
|turn|65
|
|t:|1758939272
|move|p1a: Skeledirge|Slack Off|p1a: Skeledirge
|-heal|p1a: Skeledirge|71/100
|move|p2a: Ting-Lu|Earthquake|p1a: Skeledirge
|-supereffective|p1a: Skeledirge
|-damage|p1a: Skeledirge|39/100
|
|-heal|p2a: Ting-Lu|58/100 brn|[from] item: Leftovers
|-damage|p2a: Ting-Lu|52/100 brn|[from] brn
|upkeep
|turn|66
|j| Tabata tyrogue
|
|t:|1758939282
|move|p1a: Skeledirge|Torch Song|p2a: Ting-Lu
|-damage|p2a: Ting-Lu|34/100 brn
|-boost|p1a: Skeledirge|spa|1
|move|p2a: Ting-Lu|Earthquake|p1a: Skeledirge
|-supereffective|p1a: Skeledirge
|-damage|p1a: Skeledirge|5/100
|
|-heal|p2a: Ting-Lu|40/100 brn|[from] item: Leftovers
|-damage|p2a: Ting-Lu|34/100 brn|[from] brn
|upkeep
|turn|67
|
|t:|1758939293
|move|p1a: Skeledirge|Slack Off|p1a: Skeledirge
|-heal|p1a: Skeledirge|55/100
|move|p2a: Ting-Lu|Earthquake|p1a: Skeledirge
|-supereffective|p1a: Skeledirge
|-damage|p1a: Skeledirge|22/100
|
|-heal|p2a: Ting-Lu|40/100 brn|[from] item: Leftovers
|-damage|p2a: Ting-Lu|34/100 brn|[from] brn
|upkeep
|turn|68
|
|t:|1758939303
|move|p1a: Skeledirge|Slack Off|p1a: Skeledirge
|-heal|p1a: Skeledirge|72/100
|move|p2a: Ting-Lu|Earthquake|p1a: Skeledirge
|-supereffective|p1a: Skeledirge
|-damage|p1a: Skeledirge|38/100
|
|-heal|p2a: Ting-Lu|40/100 brn|[from] item: Leftovers
|-damage|p2a: Ting-Lu|34/100 brn|[from] brn
|upkeep
|turn|69
|inactive|PR-Trainer Lopez has 120 seconds left.
|
|t:|1758939312
|move|p1a: Skeledirge|Slack Off|p1a: Skeledirge
|-heal|p1a: Skeledirge|88/100
|move|p2a: Ting-Lu|Rest|p2a: Ting-Lu
|-status|p2a: Ting-Lu|slp|[from] move: Rest
|-heal|p2a: Ting-Lu|100/100 slp|[silent]
|
|upkeep
|turn|70
|
|t:|1758939320
|move|p1a: Skeledirge|Torch Song|p2a: Ting-Lu
|-crit|p2a: Ting-Lu
|-damage|p2a: Ting-Lu|66/100 slp
|-boost|p1a: Skeledirge|spa|1
|cant|p2a: Ting-Lu|slp
|
|-heal|p2a: Ting-Lu|72/100 slp|[from] item: Leftovers
|upkeep
|turn|71
|
|t:|1758939329
|move|p1a: Skeledirge|Torch Song|p2a: Ting-Lu
|-damage|p2a: Ting-Lu|40/100 slp
|-boost|p1a: Skeledirge|spa|1
|cant|p2a: Ting-Lu|slp
|
|-heal|p2a: Ting-Lu|46/100 slp|[from] item: Leftovers
|upkeep
|turn|72
|-message|WogerHater forfeited.
|
|win|PR-Trainer Lopez
|raw|PR-Trainer Lopez's rating: 1779 &rarr; <strong>1803</strong><br />(+24 for winning)
|raw|WogerHater's rating: 1848 &rarr; <strong>1824</strong><br />(-24 for losing)
|l|☆WogerHater
|player|p2|
|c|☆PR-Trainer Lopez|Gg
|l|☆PR-Trainer Lopez
|player|p1|
|j|☆PR-Trainer Lopez
|player|p1|PR-Trainer Lopez|blue|
