|j|☆owl_with_scarf
|j|☆lucawk
|t:|1758954412
|gametype|singles
|player|p1|owl_with_scarf|#owlwithscarf|1438
|player|p2|lucawk|scientist-gen4dp|1525
|gen|9
|tier|[Gen 9] OU
|rated|
|rule|HP Percentage Mod: HP is shown in percentages
|rule|Endless Battle Clause: Forcing endless battles is banned
|rule|Species Clause: Limit one of each Pokémon
|rule|OHKO Clause: OHKO moves are banned
|rule|Evasion Items Clause: Evasion items are banned
|rule|Evasion Moves Clause: Evasion moves are banned
|rule|Evasion Abilities Clause: Evasion abilities are banned
|rule|Sleep Moves Clause: Sleep-inducing moves are banned
|clearpoke
|poke|p1|Alomomola, M|
|poke|p1|Cryogonal|
|poke|p1|Toxapex, F|
|poke|p1|Clodsire, M|
|poke|p1|Clefable, M|
|poke|p1|Chesnaught, M|
|poke|p2|Iron Valiant|
|poke|p2|Great Tusk|
|poke|p2|Scizor, F|
|poke|p2|Greninja-*, M|
|poke|p2|Kyurem|
|poke|p2|Polteageist|
|teampreview
|inactive|Battle timer is ON: inactive players will automatically lose when time's up. (requested by owl_with_scarf)
|
|t:|1758954442
|teamsize|p1|6
|teamsize|p2|6
|start
|switch|p1a: Chesnaught|Chesnaught, M|100/100
|switch|p2a: Polteageist|Polteageist|100/100
|turn|1
|
|t:|1758954446
|move|p2a: Polteageist|Shell Smash|p2a: Polteageist
|-unboost|p2a: Polteageist|def|1
|-unboost|p2a: Polteageist|spd|1
|-boost|p2a: Polteageist|atk|2
|-boost|p2a: Polteageist|spa|2
|-boost|p2a: Polteageist|spe|2
|move|p1a: Chesnaught|Spikes|p2a: Polteageist
|-sidestart|p2: lucawk|Spikes
|
|upkeep
|turn|2
|
|t:|1758954452
|switch|p1a: Clodsire|Clodsire, M|100/100
|move|p2a: Polteageist|Stored Power|p1a: Clodsire
|-supereffective|p1a: Clodsire
|-crit|p1a: Clodsire
|-damage|p1a: Clodsire|16/100
|
|-heal|p1a: Clodsire|22/100|[from] item: Leftovers
|upkeep
|turn|3
|
|t:|1758954464
|-terastallize|p1a: Clodsire|Grass
|move|p2a: Polteageist|Shadow Ball|p1a: Clodsire
|-damage|p1a: Clodsire|0 fnt
|faint|p1a: Clodsire
|
|upkeep
|
|t:|1758954470
|switch|p1a: Toxapex|Toxapex, F|100/100
|turn|4
|
|t:|1758954471
|move|p2a: Polteageist|Stored Power|p1a: Toxapex
|-supereffective|p1a: Toxapex
|-damage|p1a: Toxapex|0 fnt
|faint|p1a: Toxapex
|
|upkeep
|
|t:|1758954474
|switch|p1a: Alomomola|Alomomola, M|100/100
|turn|5
|
|t:|1758954476
|move|p2a: Polteageist|Stored Power|p1a: Alomomola
|-damage|p1a: Alomomola|0 fnt
|faint|p1a: Alomomola
|
|upkeep
|
|t:|1758954478
|switch|p1a: Clefable|Clefable, M, shiny|100/100
|turn|6
|
|t:|1758954481
|move|p2a: Polteageist|Stored Power|p1a: Clefable
|-damage|p1a: Clefable|38/100
|move|p1a: Clefable|Knock Off|p2a: Polteageist
|-supereffective|p2a: Polteageist
|-damage|p2a: Polteageist|14/100
|-ability|p2a: Polteageist|Weak Armor|boost
|-unboost|p2a: Polteageist|def|1
|-boost|p2a: Polteageist|spe|2
|-enditem|p2a: Polteageist|Focus Sash|[from] move: Knock Off|[of] p1a: Clefable
|
|-heal|p1a: Clefable|44/100|[from] item: Leftovers
|upkeep
|turn|7
|
|t:|1758954485
|move|p2a: Polteageist|Stored Power|p1a: Clefable
|-damage|p1a: Clefable|0 fnt
|faint|p1a: Clefable
|
|upkeep
|-message|owl_with_scarf forfeited.
|
|win|lucawk
|raw|owl_with_scarf's rating: 1438 &rarr; <strong>1423</strong><br />(-15 for losing)
|raw|lucawk's rating: 1525 &rarr; <strong>1540</strong><br />(+15 for winning)
|l|☆owl_with_scarf
|player|p1|
