|badge|p2|bronze|gen9ou|100-6
|html|<div class="broadcast-red"><strong>This battle is required to be public due to one or more player having a season medal.</strong><br />During the public phase, you can discuss the state of the ladder <a href="/seasondiscussion">in a special chatroom.</a></div>
|uhtml|medal-msg|<div class="broadcast-blue">Curious what those medals under the avatar are? PS now has Ladder Seasons! For more information, check out the <a href="https://www.smogon.com/forums/threads/3740067/">thread on Smogon.</a></div>
|raw|<div class="broadcast-blue"><strong>This battle is required to be public due to a player having a name starting with 'medal'.</div>
|j|☆ruist
|j|☆ilytrix
|t:|1759055747
|gametype|singles
|player|p1|ruist|dawn|1780
|player|p2|ilytrix|n-masters|1823
|gen|9
|tier|[Gen 9] OU
|rated|
|rule|HP Percentage Mod: HP is shown in percentages
|rule|Endless Battle Clause: Forcing endless battles is banned
|rule|Species Clause: Limit one of each Pokémon
|rule|OHKO Clause: OHKO moves are banned
|rule|Evasion Items Clause: Evasion items are banned
|rule|Evasion Moves Clause: Evasion moves are banned
|rule|Evasion Abilities Clause: Evasion abilities are banned
|rule|Sleep Moves Clause: Sleep-inducing moves are banned
|clearpoke
|poke|p1|Latios, M|
|poke|p1|Zamazenta-*|
|poke|p1|Samurott-Hisui, F|
|poke|p1|Heatran, F|
|poke|p1|Pecharunt|
|poke|p1|Great Tusk|
|poke|p2|Ceruledge, M|
|poke|p2|Raging Bolt|
|poke|p2|Latias, F|
|poke|p2|Kyurem|
|poke|p2|Ninetales-Alola, F|
|poke|p2|Iron Moth|
|teampreview
|j| Dieu Amphibien
|inactive|Battle timer is ON: inactive players will automatically lose when time's up. (requested by ruist)
|l| Dieu Amphibien
|
|t:|1759055759
|teamsize|p1|6
|teamsize|p2|6
|start
|switch|p1a: Heatran|Heatran, F|100/100
|switch|p2a: snow bunny|Ninetales-Alola, F|100/100
|-weather|Snowscape|[from] ability: Snow Warning|[of] p2a: snow bunny
|turn|1
|
|t:|1759055761
|move|p2a: snow bunny|Aurora Veil|p2a: snow bunny
|-sidestart|p2: ilytrix|move: Aurora Veil
|move|p1a: Heatran|Magma Storm|p2a: snow bunny|[miss]
|-miss|p1a: Heatran|p2a: snow bunny
|
|-weather|Snowscape|[upkeep]
|upkeep
|turn|2
|
|t:|1759055767
|switch|p2a: 50/50|Raging Bolt|100/100
|-enditem|p2a: 50/50|Booster Energy
|-activate|p2a: 50/50|ability: Protosynthesis|[fromitem]
|-start|p2a: 50/50|protosynthesisspa
|move|p1a: Heatran|Taunt|p2a: 50/50
|-start|p2a: 50/50|move: Taunt
|
|-weather|Snowscape|[upkeep]
|upkeep
|turn|3
|
|t:|1759055771
|move|p1a: Heatran|Stealth Rock|p2a: 50/50
|-sidestart|p2: ilytrix|move: Stealth Rock
|move|p2a: 50/50|Thunderbolt|p1a: Heatran
|-damage|p1a: Heatran|52/100
|
|-weather|Snowscape|[upkeep]
|-heal|p1a: Heatran|58/100|[from] item: Leftovers
|upkeep
|turn|4
|
|t:|1759055775
|move|p1a: Heatran|Earth Power|p2a: 50/50
|-supereffective|p2a: 50/50
|-damage|p2a: 50/50|80/100
|move|p2a: 50/50|Thunderbolt|p1a: Heatran
|-damage|p1a: Heatran|13/100
|
|-weather|Snowscape|[upkeep]
|-heal|p1a: Heatran|19/100|[from] item: Leftovers
|-end|p2a: 50/50|move: Taunt
|upkeep
|turn|5
|
|t:|1759055779
|switch|p1a: Great Tusk|Great Tusk|100/100
|move|p2a: 50/50|Thunderbolt|p1a: Great Tusk
|-immune|p1a: Great Tusk
|
|-weather|none
|upkeep
|turn|6
|
|t:|1759055785
|-end|p1a: Great Tusk|Protosynthesis|[silent]
|switch|p1a: Heatran|Heatran, F|19/100
|move|p2a: 50/50|Dragon Pulse|p1a: Heatran
|-resisted|p1a: Heatran
|-damage|p1a: Heatran|0 fnt
|faint|p1a: Heatran
|
|upkeep
|
|t:|1759055794
|switch|p1a: Pecharunt|Pecharunt|100/100
|turn|7
|
|t:|1759055796
|move|p1a: Pecharunt|Malignant Chain|p2a: 50/50
|-damage|p2a: 50/50|68/100
|-status|p2a: 50/50|tox
|-start|p2a: 50/50|confusion|[from] ability: Poison Puppeteer|[of] p1a: Pecharunt
|-activate|p2a: 50/50|confusion
|-damage|p2a: 50/50|63/100 tox|[from] confusion
|
|-damage|p2a: 50/50|57/100 tox|[from] psn
|upkeep
|turn|8
|j| Eqb07
|
|t:|1759055802
|move|p1a: Pecharunt|Parting Shot|p2a: 50/50
|-unboost|p2a: 50/50|atk|1
|-unboost|p2a: 50/50|spa|1
|
|t:|1759055804
|switch|p1a: Great Tusk|Great Tusk|100/100|[from] Parting Shot
|-activate|p2a: 50/50|confusion
|move|p2a: 50/50|Thunderbolt|p1a: Great Tusk
|-immune|p1a: Great Tusk
|
|-damage|p2a: 50/50|45/100 tox|[from] psn
|-sideend|p2: ilytrix|move: Aurora Veil
|upkeep
|turn|9
|
|t:|1759055812
|move|p1a: Great Tusk|Rapid Spin|p2a: 50/50
|-damage|p2a: 50/50|30/100 tox
|-boost|p1a: Great Tusk|spe|1
|-end|p2a: 50/50|confusion
|move|p2a: 50/50|Dragon Pulse|p1a: Great Tusk
|-damage|p1a: Great Tusk|36/100
|
|-damage|p2a: 50/50|11/100 tox|[from] psn
|upkeep
|turn|10
|
|t:|1759055816
|move|p1a: Great Tusk|Rapid Spin|p2a: 50/50
|-damage|p2a: 50/50|0 fnt
|-boost|p1a: Great Tusk|spe|1
|faint|p2a: 50/50
|-end|p2a: 50/50|Protosynthesis|[silent]
|
|upkeep
|
|t:|1759055820
|switch|p2a: rng my ahh|Kyurem|100/100
|-damage|p2a: rng my ahh|76/100|[from] Stealth Rock
|-ability|p2a: rng my ahh|Pressure
|turn|11
|
|t:|1759055823
|move|p1a: Great Tusk|Close Combat|p2a: rng my ahh
|-supereffective|p2a: rng my ahh
|-damage|p2a: rng my ahh|0 fnt
|-unboost|p1a: Great Tusk|def|1
|-unboost|p1a: Great Tusk|spd|1
|faint|p2a: rng my ahh
|
|upkeep
|
|t:|1759055828
|switch|p2a: bury the light|Ceruledge, M|100/100
|-damage|p2a: bury the light|76/100|[from] Stealth Rock
|turn|12
|
|t:|1759055834
|-end|p1a: Great Tusk|Protosynthesis|[silent]
|switch|p1a: Latios|Latios, M|100/100
|move|p2a: bury the light|Shadow Sneak|p1a: Latios
|-supereffective|p1a: Latios
|-damage|p1a: Latios|47/100
|
|upkeep
|turn|13
|
|t:|1759055842
|-terastallize|p1a: Latios|Dragon
|move|p2a: bury the light|Shadow Sneak|p1a: Latios
|-damage|p1a: Latios|19/100
|move|p1a: Latios|Draco Meteor|p2a: bury the light
|-damage|p2a: bury the light|0 fnt
|-unboost|p1a: Latios|spa|2
|faint|p2a: bury the light
|
|upkeep
|
|t:|1759055846
|switch|p2a: MoveMerchant|Iron Moth|100/100
|-damage|p2a: MoveMerchant|76/100|[from] Stealth Rock
|-enditem|p2a: MoveMerchant|Booster Energy
|-activate|p2a: MoveMerchant|ability: Quark Drive|[fromitem]
|-start|p2a: MoveMerchant|quarkdrivespe
|turn|14
|
|t:|1759055851
|switch|p1a: Samurott|Samurott-Hisui, F|100/100
|move|p2a: MoveMerchant|Fiery Dance|p1a: Samurott
|-resisted|p1a: Samurott
|-damage|p1a: Samurott|87/100
|
|upkeep
|turn|15
|
|t:|1759055855
|move|p2a: MoveMerchant|Energy Ball|p1a: Samurott
|-supereffective|p1a: Samurott
|-damage|p1a: Samurott|43/100
|-unboost|p1a: Samurott|spd|1
|move|p1a: Samurott|Surf|p2a: MoveMerchant
|-supereffective|p2a: MoveMerchant
|-damage|p2a: MoveMerchant|8/100
|
|upkeep
|turn|16
|
|t:|1759055859
|move|p1a: Samurott|Sucker Punch|p2a: MoveMerchant
|-damage|p2a: MoveMerchant|0 fnt
|faint|p2a: MoveMerchant
|-end|p2a: MoveMerchant|Quark Drive|[silent]
|
|upkeep
|
|t:|1759055860
|switch|p2a: snow bunny|Ninetales-Alola, F|100/100
|-damage|p2a: snow bunny|76/100|[from] Stealth Rock
|-weather|Snowscape|[from] ability: Snow Warning|[of] p2a: snow bunny
|turn|17
|
|t:|1759055864
|switch|p1a: Pecharunt|Pecharunt|100/100
|move|p2a: snow bunny|Aurora Veil|p2a: snow bunny
|-sidestart|p2: ilytrix|move: Aurora Veil
|
|-weather|Snowscape|[upkeep]
|upkeep
|turn|18
|
|t:|1759055866
|switch|p2a: realpsyspam|Latias, F|100/100
|-damage|p2a: realpsyspam|88/100|[from] Stealth Rock
|move|p1a: Pecharunt|Malignant Chain|p2a: realpsyspam
|-damage|p2a: realpsyspam|73/100
|
|-weather|Snowscape|[upkeep]
|-heal|p2a: realpsyspam|79/100|[from] item: Leftovers
|upkeep
|turn|19
|
|t:|1759055869
|-terastallize|p2a: realpsyspam|Steel
|move|p2a: realpsyspam|Agility|p2a: realpsyspam
|-boost|p2a: realpsyspam|spe|2
|move|p1a: Pecharunt|Malignant Chain|p2a: realpsyspam
|-immune|p2a: realpsyspam
|
|-weather|Snowscape|[upkeep]
|-heal|p2a: realpsyspam|85/100|[from] item: Leftovers
|upkeep
|turn|20
|
|t:|1759055871
|move|p2a: realpsyspam|Calm Mind|p2a: realpsyspam
|-boost|p2a: realpsyspam|spa|1
|-boost|p2a: realpsyspam|spd|1
|move|p1a: Pecharunt|Parting Shot|p2a: realpsyspam
|-unboost|p2a: realpsyspam|atk|1
|-unboost|p2a: realpsyspam|spa|1
|
|t:|1759055874
|switch|p1a: Zamazenta|Zamazenta|100/100|[from] Parting Shot
|-ability|p1a: Zamazenta|Dauntless Shield|boost
|-boost|p1a: Zamazenta|def|1
|
|-weather|Snowscape|[upkeep]
|-heal|p2a: realpsyspam|91/100|[from] item: Leftovers
|upkeep
|turn|21
|
|t:|1759055877
|move|p2a: realpsyspam|Calm Mind|p2a: realpsyspam
|-boost|p2a: realpsyspam|spa|1
|-boost|p2a: realpsyspam|spd|1
|move|p1a: Zamazenta|Body Press|p2a: realpsyspam
|-supereffective|p2a: realpsyspam
|-damage|p2a: realpsyspam|19/100
|
|-weather|none
|-heal|p2a: realpsyspam|25/100|[from] item: Leftovers
|upkeep
|turn|22
|
|t:|1759055900
|switch|p1a: Latios|Latios, M, tera:Dragon|19/100
|move|p2a: realpsyspam|Stored Power|p1a: Latios
|-damage|p1a: Latios|0 fnt
|faint|p1a: Latios
|
|-heal|p2a: realpsyspam|31/100|[from] item: Leftovers
|upkeep
|
|t:|1759055913
|switch|p1a: Pecharunt|Pecharunt|100/100
|turn|23
|
|t:|1759055916
|switch|p1a: Samurott|Samurott-Hisui, F|43/100
|move|p2a: realpsyspam|Stored Power|p1a: Samurott
|-immune|p1a: Samurott
|
|-heal|p2a: realpsyspam|37/100|[from] item: Leftovers
|upkeep
|turn|24
|
|t:|1759055922
|switch|p1a: Pecharunt|Pecharunt|100/100
|move|p2a: realpsyspam|Aura Sphere|p1a: Pecharunt
|-immune|p1a: Pecharunt
|
|-heal|p2a: realpsyspam|43/100|[from] item: Leftovers
|-sideend|p2: ilytrix|move: Aurora Veil
|upkeep
|turn|25
|
|t:|1759055928
|move|p2a: realpsyspam|Stored Power|p1a: Pecharunt
|-supereffective|p1a: Pecharunt
|-damage|p1a: Pecharunt|0 fnt
|faint|p1a: Pecharunt
|
|-heal|p2a: realpsyspam|49/100|[from] item: Leftovers
|upkeep
|
|t:|1759055944
|switch|p1a: Samurott|Samurott-Hisui, F|43/100
|turn|26
|
|t:|1759055951
|move|p2a: realpsyspam|Aura Sphere|p1a: Samurott
|-supereffective|p1a: Samurott
|-damage|p1a: Samurott|0 fnt
|faint|p1a: Samurott
|
|-heal|p2a: realpsyspam|55/100|[from] item: Leftovers
|upkeep
|
|t:|1759055954
|switch|p1a: Zamazenta|Zamazenta|100/100
|turn|27
|j| hgivhigi
|
|t:|1759055956
|move|p2a: realpsyspam|Stored Power|p1a: Zamazenta
|-supereffective|p1a: Zamazenta
|-damage|p1a: Zamazenta|0 fnt
|faint|p1a: Zamazenta
|
|-heal|p2a: realpsyspam|61/100|[from] item: Leftovers
|upkeep
|-message|ruist forfeited.
|
|win|ilytrix
|raw|ruist's rating: 1780 &rarr; <strong>1762</strong><br />(-18 for losing)
|raw|ilytrix's rating: 1823 &rarr; <strong>1841</strong><br />(+18 for winning)
|l|☆ruist
|player|p1|
|l|☆ilytrix
|player|p2|
