|j|☆Melonkage
|j|☆fire21machine
|t:|1758947355
|gametype|singles
|player|p1|Melonkage|colress|1074
|player|p2|fire21machine|1|1014
|gen|9
|tier|[Gen 9] OU
|rated|
|rule|HP Percentage Mod: HP is shown in percentages
|rule|Endless Battle Clause: Forcing endless battles is banned
|rule|Species Clause: Limit one of each Pokémon
|rule|OHKO Clause: OHKO moves are banned
|rule|Evasion Items Clause: Evasion items are banned
|rule|Evasion Moves Clause: Evasion moves are banned
|rule|Evasion Abilities Clause: Evasion abilities are banned
|rule|Sleep Moves Clause: Sleep-inducing moves are banned
|clearpoke
|poke|p1|Garganacl, F|
|poke|p1|Garchomp, F|
|poke|p1|Dragonite, F|
|poke|p1|Dondozo, M|
|poke|p1|Kingambit, F|
|poke|p1|Skeledirge, M|
|poke|p2|Ampharos, M|
|poke|p2|Charizard, F|
|poke|p2|Greninja-*, F|
|poke|p2|Lucario, F|
|poke|p2|Gallade, M|
|poke|p2|Garchomp, M|
|teampreview
|
|t:|1758947373
|teamsize|p1|6
|teamsize|p2|6
|start
|switch|p1a: Garganacl|Garganacl, F|100/100
|switch|p2a: Ampharos|Ampharos, M|100/100
|turn|1
|
|t:|1758947393
|move|p2a: Ampharos|Focus Blast|p1a: Garganacl|[miss]
|-miss|p2a: Ampharos|p1a: Garganacl
|move|p1a: Garganacl|Salt Cure|p2a: Ampharos
|-damage|p2a: Ampharos|85/100
|-start|p2a: Ampharos|Salt Cure
|
|-damage|p2a: Ampharos|72/100|[from] Salt Cure
|upkeep
|turn|2
|
|t:|1758947403
|move|p2a: Ampharos|Focus Blast|p1a: Garganacl|[miss]
|-miss|p2a: Ampharos|p1a: Garganacl
|move|p1a: Garganacl|Iron Defense|p1a: Garganacl
|-boost|p1a: Garganacl|def|2
|
|-damage|p2a: Ampharos|60/100|[from] Salt Cure
|upkeep
|turn|3
|
|t:|1758947412
|switch|p2a: Greninja|Greninja, F|100/100
|move|p1a: Garganacl|Iron Defense|p1a: Garganacl
|-boost|p1a: Garganacl|def|2
|
|upkeep
|turn|4
|
|t:|1758947428
|move|p2a: Greninja|Hydro Pump|p1a: Garganacl|[miss]
|-start|p2a: Greninja|typechange|Water|[from] ability: Protean
|-miss|p2a: Greninja|p1a: Garganacl
|move|p1a: Garganacl|Body Press|p2a: Greninja
|-damage|p2a: Greninja|0 fnt
|faint|p2a: Greninja
|
|upkeep
|
|t:|1758947454
|switch|p2a: Lucario|Lucario, F|100/100
|-item|p2a: Lucario|Air Balloon
|turn|5
|
|t:|1758947464
|move|p2a: Lucario|Ice Punch|p1a: Garganacl
|-damage|p1a: Garganacl|96/100
|move|p1a: Garganacl|Body Press|p2a: Lucario
|-supereffective|p2a: Lucario
|-damage|p2a: Lucario|0 fnt
|-enditem|p2a: Lucario|Air Balloon
|faint|p2a: Lucario
|
|-heal|p1a: Garganacl|100/100|[from] item: Leftovers
|upkeep
|
|t:|1758947476
|switch|p2a: Garchomp|Garchomp, M|100/100
|turn|6
|
|t:|1758947481
|move|p2a: Garchomp|Earthquake|p1a: Garganacl
|-supereffective|p1a: Garganacl
|-damage|p1a: Garganacl|77/100
|-damage|p2a: Garchomp|91/100|[from] item: Life Orb
|move|p1a: Garganacl|Body Press|p2a: Garchomp
|-damage|p2a: Garchomp|21/100
|-damage|p1a: Garganacl|65/100|[from] ability: Rough Skin|[of] p2a: Garchomp
|
|-heal|p1a: Garganacl|71/100|[from] item: Leftovers
|upkeep
|turn|7
|
|t:|1758947504
|-terastallize|p2a: Garchomp|Dragon
|move|p2a: Garchomp|Dragon Claw|p1a: Garganacl
|-damage|p1a: Garganacl|57/100
|-damage|p2a: Garchomp|11/100|[from] item: Life Orb
|move|p1a: Garganacl|Body Press|p2a: Garchomp
|-damage|p2a: Garchomp|0 fnt
|-damage|p1a: Garganacl|45/100|[from] ability: Rough Skin|[of] p2a: Garchomp
|faint|p2a: Garchomp
|
|-heal|p1a: Garganacl|51/100|[from] item: Leftovers
|upkeep
|
|t:|1758947516
|switch|p2a: Ampharos|Ampharos, M|60/100
|turn|8
|
|t:|1758947522
|move|p2a: Ampharos|Focus Blast|p1a: Garganacl
|-supereffective|p1a: Garganacl
|-damage|p1a: Garganacl|0 fnt
|faint|p1a: Garganacl
|
|upkeep
|
|t:|1758947541
|switch|p1a: Dragonite|Dragonite, F, shiny|100/100
|turn|9
|
|t:|1758947556
|switch|p2a: Gallade|Gallade, M|100/100
|move|p1a: Dragonite|Dragon Dance|p1a: Dragonite
|-boost|p1a: Dragonite|atk|1
|-boost|p1a: Dragonite|spe|1
|
|upkeep
|turn|10
|
|t:|1758947564
|move|p1a: Dragonite|Dragon Dance|p1a: Dragonite
|-boost|p1a: Dragonite|atk|1
|-boost|p1a: Dragonite|spe|1
|move|p2a: Gallade|Leaf Blade|p1a: Dragonite
|-resisted|p1a: Dragonite
|-damage|p1a: Dragonite|92/100
|-damage|p2a: Gallade|91/100|[from] item: Life Orb
|
|upkeep
|turn|11
|
|t:|1758947579
|-terastallize|p1a: Dragonite|Normal
|move|p1a: Dragonite|Extreme Speed|p2a: Gallade
|-damage|p2a: Gallade|0 fnt
|faint|p2a: Gallade
|
|upkeep
|
|t:|1758947585
|switch|p2a: Ampharos|Ampharos, M|60/100
|turn|12
|
|t:|1758947589
|move|p1a: Dragonite|Earthquake|p2a: Ampharos
|-supereffective|p2a: Ampharos
|-damage|p2a: Ampharos|0 fnt
|faint|p2a: Ampharos
|
|upkeep
|
|t:|1758947593
|switch|p2a: Charizard|Charizard, F|100/100
|turn|13
|
|t:|1758947599
|move|p1a: Dragonite|Extreme Speed|p2a: Charizard
|-crit|p2a: Charizard
|-damage|p2a: Charizard|0 fnt
|faint|p2a: Charizard
|
|win|Melonkage
|raw|Melonkage's rating: 1074 &rarr; <strong>1098</strong><br />(+24 for winning)
|raw|fire21machine's rating: 1014 &rarr; <strong>1004</strong><br />(-10 for losing)
|l|☆fire21machine
|player|p2|
