|j|☆Bobdyy
|j|☆QB1K
|t:|1759051356
|gametype|singles
|player|p1|Bobdyy|170|1169
|player|p2|QB1K|winona|1152
|gen|9
|tier|[Gen 9] OU
|rated|
|rule|HP Percentage Mod: HP is shown in percentages
|rule|Endless Battle Clause: Forcing endless battles is banned
|rule|Species Clause: Limit one of each Pokémon
|rule|OHKO Clause: OHKO moves are banned
|rule|Evasion Items Clause: Evasion items are banned
|rule|Evasion Moves Clause: Evasion moves are banned
|rule|Evasion Abilities Clause: Evasion abilities are banned
|rule|Sleep Moves Clause: Sleep-inducing moves are banned
|clearpoke
|poke|p1|Iron Crown|
|poke|p1|Samurott-Hisui, F|
|poke|p1|Great Tusk|
|poke|p1|Clefable, F|
|poke|p1|Staraptor, M|
|poke|p1|Rotom-Heat|
|poke|p2|Gholdengo|
|poke|p2|Alomomola, F|
|poke|p2|Cinderace, M|
|poke|p2|Corviknight, M|
|poke|p2|Dragapult, F|
|poke|p2|Iron Valiant|
|teampreview
|inactive|Battle timer is ON: inactive players will automatically lose when time's up. (requested by QB1K)
|
|t:|1759051381
|teamsize|p1|6
|teamsize|p2|6
|start
|switch|p1a: Samurott|Samurott-Hisui, F, shiny|100/100
|switch|p2a: Corviknight|Corviknight, M, shiny|100/100
|-ability|p2a: Corviknight|Pressure
|turn|1
|
|t:|1759051391
|move|p1a: Samurott|Knock Off|p2a: Corviknight
|-damage|p2a: Corviknight|64/100
|-enditem|p2a: Corviknight|Leftovers|[from] move: Knock Off|[of] p1a: Samurott
|move|p2a: Corviknight|U-turn|p1a: Samurott
|-supereffective|p1a: Samurott
|-damage|p1a: Samurott|69/100
|
|t:|1759051406
|switch|p2a: Cinderace|Cinderace, M|100/100|[from] U-turn
|
|upkeep
|turn|2
|
|t:|1759051418
|switch|p1a: Rotom|Rotom-Heat, shiny|100/100
|move|p2a: Cinderace|U-turn|p1a: Rotom
|-resisted|p1a: Rotom
|-damage|p1a: Rotom|90/100
|inactive|QB1K has 120 seconds left.
|
|t:|1759051451
|switch|p2a: Alomomola|Alomomola, F, shiny|100/100|[from] U-turn
|
|upkeep
|turn|3
|
|t:|1759051459
|move|p1a: Rotom|Light Screen|p1a: Rotom
|-sidestart|p1: Bobdyy|move: Light Screen
|move|p2a: Alomomola|Mirror Coat||[still]
|-fail|p2a: Alomomola
|
|upkeep
|turn|4
|
|t:|1759051469
|move|p1a: Rotom|Volt Switch|p2a: Alomomola
|-supereffective|p2a: Alomomola
|-damage|p2a: Alomomola|50/100
|
|t:|1759051475
|switch|p1a: Samurott|Samurott-Hisui, F, shiny|69/100|[from] Volt Switch
|move|p2a: Alomomola|Flip Turn|p1a: Samurott
|-resisted|p1a: Samurott
|-damage|p1a: Samurott|60/100
|
|t:|1759051484
|switch|p2a: Cinderace|Cinderace, M|100/100|[from] Flip Turn
|
|upkeep
|turn|5
|
|t:|1759051498
|switch|p1a: Rotom|Rotom-Heat, shiny|90/100
|move|p2a: Cinderace|U-turn|p1a: Rotom
|-resisted|p1a: Rotom
|-damage|p1a: Rotom|79/100
|
|t:|1759051504
|switch|p2a: Alomomola|Alomomola, F, shiny|84/100|[from] U-turn
|
|upkeep
|turn|6
|
|t:|1759051512
|move|p1a: Rotom|Will-O-Wisp|p2a: Alomomola
|-status|p2a: Alomomola|brn
|move|p2a: Alomomola|Flip Turn|p1a: Rotom
|-supereffective|p1a: Rotom
|-damage|p1a: Rotom|62/100
|
|t:|1759051521
|switch|p2a: Cinderace|Cinderace, M|100/100|[from] Flip Turn
|
|upkeep
|turn|7
|
|t:|1759051526
|move|p2a: Cinderace|Court Change|p2a: Cinderace
|-swapsideconditions
|-activate|p2a: Cinderace|move: Court Change
|move|p1a: Rotom|Volt Switch|p2a: Cinderace
|-damage|p2a: Cinderace|81/100
|
|t:|1759051536
|switch|p1a: Clefable|Clefable, F, shiny|100/100|[from] Volt Switch
|
|-sideend|p2: QB1K|move: Light Screen
|upkeep
|turn|8
|
|t:|1759051544
|move|p2a: Cinderace|Taunt|p1a: Clefable
|-start|p1a: Clefable|move: Taunt
|cant|p1a: Clefable|move: Taunt|Thunder Wave
|
|upkeep
|turn|9
|
|t:|1759051549
|move|p2a: Cinderace|Pyro Ball|p1a: Clefable
|-damage|p1a: Clefable|46/100
|move|p1a: Clefable|Moonblast|p2a: Cinderace
|-resisted|p2a: Cinderace
|-damage|p2a: Cinderace|60/100
|
|upkeep
|turn|10
|
|t:|1759051556
|switch|p1a: Rotom|Rotom-Heat, shiny|62/100
|move|p2a: Cinderace|Pyro Ball|p1a: Rotom
|-resisted|p1a: Rotom
|-damage|p1a: Rotom|29/100
|
|upkeep
|turn|11
|
|t:|1759051569
|move|p2a: Cinderace|Pyro Ball|p1a: Rotom
|-resisted|p1a: Rotom
|-damage|p1a: Rotom|0 fnt
|faint|p1a: Rotom
|
|upkeep
|
|t:|1759051573
|switch|p1a: Samurott|Samurott-Hisui, F, shiny|60/100
|turn|12
|
|t:|1759051577
|move|p2a: Cinderace|U-turn|p1a: Samurott
|-supereffective|p1a: Samurott
|-damage|p1a: Samurott|12/100
|
|t:|1759051580
|switch|p2a: Alomomola|Alomomola, F, shiny|100/100 brn|[from] U-turn
|move|p1a: Samurott|Ceaseless Edge|p2a: Alomomola
|-damage|p2a: Alomomola|75/100 brn
|-sidestart|p2: QB1K|Spikes
|
|-damage|p2a: Alomomola|69/100 brn|[from] brn
|upkeep
|turn|13
|
|t:|1759051588
|move|p1a: Samurott|Ceaseless Edge|p2a: Alomomola
|-damage|p2a: Alomomola|43/100 brn
|-sidestart|p2: QB1K|Spikes
|move|p2a: Alomomola|Wish|p2a: Alomomola
|
|-damage|p2a: Alomomola|37/100 brn|[from] brn
|upkeep
|turn|14
|
|t:|1759051606
|move|p1a: Samurott|Knock Off|p2a: Alomomola
|-damage|p2a: Alomomola|13/100 brn
|-enditem|p2a: Alomomola|Heavy-Duty Boots|[from] move: Knock Off|[of] p1a: Samurott
|move|p2a: Alomomola|Flip Turn|p1a: Samurott
|-resisted|p1a: Samurott
|-damage|p1a: Samurott|8/100
|
|t:|1759051613
|switch|p2a: Corviknight|Corviknight, M, shiny|64/100|[from] Flip Turn
|-ability|p2a: Corviknight|Pressure
|
|-heal|p2a: Corviknight|100/100|[from] move: Wish|[wisher] Alomomola
|upkeep
|turn|15
|
|t:|1759051624
|move|p1a: Samurott|Ceaseless Edge|p2a: Corviknight
|-damage|p2a: Corviknight|64/100
|-sidestart|p2: QB1K|Spikes
|move|p2a: Corviknight|Defog|p1a: Samurott
|-unboost|p1a: Samurott|evasion|1
|-sideend|p2: QB1K|Spikes|[from] move: Defog|[of] p2a: Corviknight
|
|upkeep
|turn|16
|
|t:|1759051630
|move|p1a: Samurott|Ceaseless Edge|p2a: Corviknight
|-damage|p2a: Corviknight|31/100
|-sidestart|p2: QB1K|Spikes
|move|p2a: Corviknight|U-turn|p1a: Samurott
|-supereffective|p1a: Samurott
|-damage|p1a: Samurott|0 fnt
|faint|p1a: Samurott
|
|t:|1759051637
|switch|p2a: Cinderace|Cinderace, M|60/100|[from] U-turn
|
|upkeep
|
|t:|1759051650
|switch|p1a: Staraptor|Staraptor, M, shiny|100/100
|-ability|p1a: Staraptor|Intimidate|boost
|-unboost|p2a: Cinderace|atk|1
|turn|17
|
|t:|1759051665
|move|p2a: Cinderace|U-turn|p1a: Staraptor
|-resisted|p1a: Staraptor
|-damage|p1a: Staraptor|91/100
|
|t:|1759051670
|switch|p2a: Corviknight|Corviknight, M, shiny|31/100|[from] U-turn
|-ability|p2a: Corviknight|Pressure
|move|p1a: Staraptor|Dual Wingbeat|p2a: Corviknight
|-resisted|p2a: Corviknight
|-damage|p2a: Corviknight|23/100
|-resisted|p2a: Corviknight
|-damage|p2a: Corviknight|15/100
|-hitcount|p2a: Corviknight|2
|
|upkeep
|turn|18
|
|t:|1759051681
|move|p1a: Staraptor|Dual Wingbeat|p2a: Corviknight
|-resisted|p2a: Corviknight
|-damage|p2a: Corviknight|7/100
|-resisted|p2a: Corviknight
|-damage|p2a: Corviknight|0 fnt
|faint|p2a: Corviknight
|-hitcount|p2: Corviknight|2
|
|upkeep
|
|t:|1759051687
|switch|p2a: Alomomola|Alomomola, F, shiny|47/100 brn
|-damage|p2a: Alomomola|34/100 brn|[from] Spikes
|turn|19
|
|t:|1759051697
|switch|p2a: Dragapult|Dragapult, F, shiny|100/100
|move|p1a: Staraptor|Dual Wingbeat|p2a: Dragapult
|-damage|p2a: Dragapult|75/100
|-damage|p2a: Dragapult|50/100
|-hitcount|p2a: Dragapult|2
|
|upkeep
|turn|20
|
|t:|1759051707
|switch|p1a: Clefable|Clefable, F, shiny|46/100
|move|p2a: Dragapult|Will-O-Wisp|p1a: Clefable
|-status|p1a: Clefable|brn
|
|-damage|p1a: Clefable|40/100 brn|[from] brn
|upkeep
|turn|21
|
|t:|1759051718
|switch|p2a: Alomomola|Alomomola, F, shiny|68/100 brn
|-damage|p2a: Alomomola|55/100 brn|[from] Spikes
|move|p1a: Clefable|Moonlight|p1a: Clefable
|-heal|p1a: Clefable|90/100 brn
|
|-damage|p2a: Alomomola|49/100 brn|[from] brn
|-damage|p1a: Clefable|84/100 brn|[from] brn
|upkeep
|turn|22
|
|t:|1759051728
|move|p2a: Alomomola|Wish|p2a: Alomomola
|move|p1a: Clefable|Calm Mind|p1a: Clefable
|-boost|p1a: Clefable|spa|1
|-boost|p1a: Clefable|spd|1
|
|-damage|p2a: Alomomola|43/100 brn|[from] brn
|-damage|p1a: Clefable|78/100 brn|[from] brn
|upkeep
|turn|23
|
|t:|1759051736
|move|p2a: Alomomola|Flip Turn|p1a: Clefable
|-damage|p1a: Clefable|70/100 brn
|
|t:|1759051739
|switch|p2a: Cinderace|Cinderace, M|60/100|[from] Flip Turn
|move|p1a: Clefable|Moonblast|p2a: Cinderace
|-resisted|p2a: Cinderace
|-damage|p2a: Cinderace|25/100
|
|-heal|p2a: Cinderace|100/100|[from] move: Wish|[wisher] Alomomola
|-damage|p1a: Clefable|64/100 brn|[from] brn
|upkeep
|turn|24
|
|t:|1759051748
|move|p2a: Cinderace|Taunt|p1a: Clefable
|-start|p1a: Clefable|move: Taunt
|cant|p1a: Clefable|move: Taunt|Thunder Wave
|
|-damage|p1a: Clefable|58/100 brn|[from] brn
|upkeep
|turn|25
|
|t:|1759051757
|move|p2a: Cinderace|Court Change|p2a: Cinderace
|-swapsideconditions
|-activate|p2a: Cinderace|move: Court Change
|move|p1a: Clefable|Moonblast|p2a: Cinderace
|-resisted|p2a: Cinderace
|-damage|p2a: Cinderace|70/100
|-unboost|p2a: Cinderace|spa|1
|
|-damage|p1a: Clefable|52/100 brn|[from] brn
|upkeep
|turn|26
|
|t:|1759051764
|move|p2a: Cinderace|Pyro Ball|p1a: Clefable
|-damage|p1a: Clefable|0 fnt
|faint|p1a: Clefable
|
|upkeep
|
|t:|1759051768
|switch|p1a: Staraptor|Staraptor, M, shiny|91/100
|-ability|p1a: Staraptor|Intimidate|boost
|-unboost|p2a: Cinderace|atk|1
|turn|27
|
|t:|1759051777
|switch|p2a: Alomomola|Alomomola, F, shiny|76/100 brn
|move|p1a: Staraptor|Tailwind|p1a: Staraptor
|-sidestart|p1: Bobdyy|move: Tailwind
|
|-damage|p2a: Alomomola|70/100 brn|[from] brn
|upkeep
|turn|28
|
|t:|1759051785
|move|p1a: Staraptor|Dual Wingbeat|p2a: Alomomola|[miss]
|-miss|p1a: Staraptor|p2a: Alomomola
|move|p2a: Alomomola|Wish|p2a: Alomomola
|
|-damage|p2a: Alomomola|64/100 brn|[from] brn
|upkeep
|turn|29
|
|t:|1759051794
|move|p1a: Staraptor|Dual Wingbeat|p2a: Alomomola
|-damage|p2a: Alomomola|52/100 brn
|-damage|p2a: Alomomola|40/100 brn
|-hitcount|p2a: Alomomola|2
|move|p2a: Alomomola|Flip Turn|p1a: Staraptor
|-damage|p1a: Staraptor|79/100
|
|t:|1759051803
|switch|p2a: Dragapult|Dragapult, F, shiny|50/100|[from] Flip Turn
|
|-heal|p2a: Dragapult|100/100|[from] move: Wish|[wisher] Alomomola
|upkeep
|turn|30
|
|t:|1759051810
|-terastallize|p1a: Staraptor|Ice
|move|p1a: Staraptor|Tera Blast|p2a: Dragapult|[anim] Tera Blast Ice
|-supereffective|p2a: Dragapult
|-damage|p2a: Dragapult|5/100
|move|p2a: Dragapult|Will-O-Wisp|p1a: Staraptor
|-status|p1a: Staraptor|brn
|
|-damage|p1a: Staraptor|73/100 brn|[from] brn
|-sideend|p1: Bobdyy|move: Tailwind
|upkeep
|turn|31
|
|t:|1759051819
|move|p2a: Dragapult|Hex|p1a: Staraptor
|-damage|p1a: Staraptor|0 fnt
|faint|p1a: Staraptor
|
|upkeep
|
|t:|1759051832
|switch|p1a: Iron Crown|Iron Crown|100/100
|-damage|p1a: Iron Crown|88/100|[from] Spikes
|-enditem|p1a: Iron Crown|Booster Energy
|-activate|p1a: Iron Crown|ability: Quark Drive|[fromitem]
|-start|p1a: Iron Crown|quarkdrivespa
|turn|32
|
|t:|1759051839
|move|p2a: Dragapult|Thunder Wave|p1a: Iron Crown|[miss]
|-miss|p2a: Dragapult|p1a: Iron Crown
|move|p1a: Iron Crown|Volt Switch|p2a: Dragapult
|-resisted|p2a: Dragapult
|-damage|p2a: Dragapult|0 fnt
|faint|p2a: Dragapult
|
|t:|1759051845
|-end|p1a: Iron Crown|Quark Drive|[silent]
|switch|p1a: Great Tusk|Great Tusk, shiny|100/100|[from] Volt Switch
|-damage|p1a: Great Tusk|88/100|[from] Spikes
|
|upkeep
|
|t:|1759051852
|switch|p2a: Gholdengo|Gholdengo, shiny|100/100
|-item|p2a: Gholdengo|Air Balloon
|turn|33
|
|t:|1759051860
|move|p1a: Great Tusk|Knock Off|p2a: Gholdengo
|-supereffective|p2a: Gholdengo
|-damage|p2a: Gholdengo|37/100
|-enditem|p2a: Gholdengo|Air Balloon
|move|p2a: Gholdengo|Nasty Plot|p2a: Gholdengo
|-boost|p2a: Gholdengo|spa|2
|
|upkeep
|turn|34
|
|t:|1759051870
|-terastallize|p2a: Gholdengo|Flying
|move|p1a: Great Tusk|Headlong Rush|p2a: Gholdengo
|-immune|p2a: Gholdengo
|move|p2a: Gholdengo|Dazzling Gleam|p1a: Great Tusk
|-supereffective|p1a: Great Tusk
|-damage|p1a: Great Tusk|0 fnt
|faint|p1a: Great Tusk
|-end|p1a: Great Tusk|Protosynthesis|[silent]
|
|upkeep
|
|t:|1759051878
|switch|p1a: Iron Crown|Iron Crown|88/100
|-damage|p1a: Iron Crown|76/100|[from] Spikes
|turn|35
|
|t:|1759051888
|move|p1a: Iron Crown|Tachyon Cutter|p2a: Gholdengo
|-damage|p2a: Gholdengo|7/100
|-damage|p2a: Gholdengo|0 fnt
|faint|p2a: Gholdengo
|-hitcount|p2: Gholdengo|2
|
|upkeep
|
|t:|1759051894
|switch|p2a: Alomomola|Alomomola, F, shiny|74/100 brn
|turn|36
|
|t:|1759051901
|move|p1a: Iron Crown|Psychic|p2a: Alomomola
|-crit|p2a: Alomomola
|-damage|p2a: Alomomola|4/100 brn
|move|p2a: Alomomola|Wish|p2a: Alomomola
|
|-damage|p2a: Alomomola|0 fnt|[from] brn
|faint|p2a: Alomomola
|upkeep
|
|t:|1759051908
|switch|p2a: Cinderace|Cinderace, M|70/100
|turn|37
|
|t:|1759051912
|move|p2a: Cinderace|Pyro Ball|p1a: Iron Crown
|-supereffective|p1a: Iron Crown
|-damage|p1a: Iron Crown|0 fnt
|faint|p1a: Iron Crown
|-end|p1a: Iron Crown|Quark Drive|[silent]
|
|win|QB1K
|raw|Bobdyy's rating: 1169 &rarr; <strong>1143</strong><br />(-26 for losing)
|raw|QB1K's rating: 1152 &rarr; <strong>1178</strong><br />(+26 for winning)
|l|☆Bobdyy
|player|p1|
|l|☆QB1K
|player|p2|
