|j|☆knightofcenturia
|j|☆woshishui000
|t:|1758950306
|gametype|singles
|player|p1|knightofcenturia|266|1121
|player|p2|woshishui000|hilda-wonderlauncher|1165
|gen|9
|tier|[Gen 9] OU
|rated|
|rule|HP Percentage Mod: HP is shown in percentages
|rule|Endless Battle Clause: Forcing endless battles is banned
|rule|Species Clause: Limit one of each Pokémon
|rule|OHKO Clause: OHKO moves are banned
|rule|Evasion Items Clause: Evasion items are banned
|rule|Evasion Moves Clause: Evasion moves are banned
|rule|Evasion Abilities Clause: Evasion abilities are banned
|rule|Sleep Moves Clause: Sleep-inducing moves are banned
|clearpoke
|poke|p1|Araquanid, F|
|poke|p1|Enamorus, F|
|poke|p1|Serperior, F|
|poke|p1|Cinderace, F|
|poke|p1|Milotic, F|
|poke|p1|Kingambit, F|
|poke|p2|Torkoal, M|
|poke|p2|Kingambit, F|
|poke|p2|Hatterene, F|
|poke|p2|Ursaluna, M|
|poke|p2|Slowking-Galar, M|
|poke|p2|Klefki, F|
|teampreview
|
|t:|1758950323
|teamsize|p1|6
|teamsize|p2|6
|start
|switch|p1a: Araquanid|Araquanid, F|100/100
|switch|p2a: Klefki|Klefki, F|100/100
|turn|1
|
|t:|1758950329
|move|p2a: Klefki|Thunder Wave|p1a: Araquanid
|-status|p1a: Araquanid|par
|move|p1a: Araquanid|Sticky Web|p2a: Klefki
|-sidestart|p2: woshishui000|move: Sticky Web
|
|upkeep
|turn|2
|
|t:|1758950334
|cant|p1a: Araquanid|par
|move|p2a: Klefki|Trick Room|p2a: Klefki
|-fieldstart|move: Trick Room|[of] p2a: Klefki
|
|upkeep
|turn|3
|
|t:|1758950341
|switch|p2a: Torkoal|Torkoal, M|100/100
|-activate|p2a: Torkoal|move: Sticky Web
|-unboost|p2a: Torkoal|spe|1
|-weather|SunnyDay|[from] ability: Drought|[of] p2a: Torkoal
|cant|p1a: Araquanid|par
|
|-weather|SunnyDay|[upkeep]
|upkeep
|turn|4
|
|t:|1758950349
|move|p2a: Torkoal|Eruption|p1a: Araquanid
|-damage|p1a: Araquanid|53/100 par
|move|p1a: Araquanid|Surf|p2a: Torkoal
|-supereffective|p2a: Torkoal
|-damage|p2a: Torkoal|25/100
|
|-weather|SunnyDay|[upkeep]
|upkeep
|turn|5
|
|t:|1758950359
|switch|p1a: Cinderace|Cinderace, F|100/100
|-terastallize|p2a: Torkoal|Grass
|move|p2a: Torkoal|Solar Beam||[still]
|-prepare|p2a: Torkoal|Solar Beam
|-anim|p2a: Torkoal|Solar Beam|p1a: Cinderace
|-resisted|p1a: Cinderace
|-damage|p1a: Cinderace|66/100
|
|-weather|SunnyDay|[upkeep]
|upkeep
|turn|6
|
|t:|1758950368
|move|p2a: Torkoal|Earth Power|p1a: Cinderace
|-supereffective|p1a: Cinderace
|-damage|p1a: Cinderace|0 fnt
|faint|p1a: Cinderace
|
|-weather|SunnyDay|[upkeep]
|-fieldend|move: Trick Room
|upkeep
|
|t:|1758950381
|switch|p1a: Serperior|Serperior, F|100/100
|turn|7
|
|t:|1758950387
|switch|p2a: Slowking|Slowking-Galar, M|100/100
|-activate|p2a: Slowking|move: Sticky Web
|-unboost|p2a: Slowking|spe|1
|move|p1a: Serperior|Leaf Storm|p2a: Slowking|[miss]
|-miss|p1a: Serperior|p2a: Slowking
|
|-weather|none
|upkeep
|turn|8
|
|t:|1758950394
|switch|p1a: Kingambit|Kingambit, F|100/100
|move|p2a: Slowking|Sludge Bomb|p1a: Kingambit
|-immune|p1a: Kingambit
|
|upkeep
|turn|9
|
|t:|1758950401
|switch|p2a: Klefki|Klefki, F|100/100
|-activate|p2a: Klefki|move: Sticky Web
|-unboost|p2a: Klefki|spe|1
|move|p1a: Kingambit|Kowtow Cleave|p2a: Klefki
|-resisted|p2a: Klefki
|-damage|p2a: Klefki|77/100
|
|-heal|p2a: Klefki|83/100|[from] item: Leftovers
|upkeep
|turn|10
|
|t:|1758950410
|switch|p1a: Araquanid|Araquanid, F|53/100 par
|move|p2a: Klefki|Trick Room|p2a: Klefki
|-fieldstart|move: Trick Room|[of] p2a: Klefki
|
|-heal|p2a: Klefki|89/100|[from] item: Leftovers
|upkeep
|turn|11
|
|t:|1758950418
|move|p2a: Klefki|Spikes|p1a: Araquanid
|-sidestart|p1: knightofcenturia|Spikes
|move|p1a: Araquanid|Surf|p2a: Klefki
|-damage|p2a: Klefki|24/100
|
|-heal|p2a: Klefki|30/100|[from] item: Leftovers
|upkeep
|turn|12
|
|t:|1758950424
|move|p2a: Klefki|Spikes|p1a: Araquanid
|-sidestart|p1: knightofcenturia|Spikes
|cant|p1a: Araquanid|par
|
|-heal|p2a: Klefki|36/100|[from] item: Leftovers
|upkeep
|turn|13
|
|t:|1758950429
|move|p2a: Klefki|Spikes|p1a: Araquanid
|-sidestart|p1: knightofcenturia|Spikes
|move|p1a: Araquanid|Surf|p2a: Klefki
|-damage|p2a: Klefki|0 fnt
|faint|p2a: Klefki
|
|upkeep
|
|t:|1758950435
|switch|p2a: Ursaluna|Ursaluna, M|100/100
|-activate|p2a: Ursaluna|move: Sticky Web
|-unboost|p2a: Ursaluna|spe|1
|turn|14
|
|t:|1758950450
|-terastallize|p1a: Araquanid|Ghost
|cant|p1a: Araquanid|par
|move|p2a: Ursaluna|Headlong Rush|p1a: Araquanid
|-damage|p1a: Araquanid|0 fnt
|-unboost|p2a: Ursaluna|def|1
|-unboost|p2a: Ursaluna|spd|1
|faint|p1a: Araquanid
|
|-fieldend|move: Trick Room
|-status|p2a: Ursaluna|brn|[from] item: Flame Orb
|upkeep
|
|t:|1758950457
|switch|p1a: Enamorus|Enamorus, F|100/100
|turn|15
|
|t:|1758950464
|switch|p2a: Slowking|Slowking-Galar, M|100/100
|-activate|p2a: Slowking|move: Sticky Web
|-unboost|p2a: Slowking|spe|1
|move|p1a: Enamorus|Moonblast|p2a: Slowking
|-resisted|p2a: Slowking
|-damage|p2a: Slowking|81/100
|-unboost|p2a: Slowking|spa|1
|
|upkeep
|turn|16
|
|t:|1758950474
|switch|p1a: Kingambit|Kingambit, F|100/100
|-damage|p1a: Kingambit|76/100|[from] Spikes
|switch|p2a: Ursaluna|Ursaluna, M|100/100 brn
|-activate|p2a: Ursaluna|move: Sticky Web
|-unboost|p2a: Ursaluna|spe|1
|
|-damage|p2a: Ursaluna|94/100 brn|[from] brn
|upkeep
|turn|17
|
|t:|1758950484
|move|p1a: Kingambit|Low Kick|p2a: Ursaluna
|-supereffective|p2a: Ursaluna
|-damage|p2a: Ursaluna|33/100 brn
|move|p2a: Ursaluna|Fire Punch|p1a: Kingambit
|-supereffective|p1a: Kingambit
|-damage|p1a: Kingambit|0 fnt
|faint|p1a: Kingambit
|
|-damage|p2a: Ursaluna|26/100 brn|[from] brn
|upkeep
|
|t:|1758950491
|switch|p1a: Milotic|Milotic, F|100/100
|-damage|p1a: Milotic|76/100|[from] Spikes
|turn|18
|
|t:|1758950496
|switch|p2a: Hatterene|Hatterene, F|100/100
|-activate|p2a: Hatterene|move: Sticky Web
|-unboost|p2a: Hatterene|spe|1
|move|p1a: Milotic|Surf|p2a: Hatterene
|-damage|p2a: Hatterene|28/100
|-enditem|p2a: Hatterene|Sitrus Berry|[eat]
|-heal|p2a: Hatterene|52/100|[from] item: Sitrus Berry
|
|upkeep
|turn|19
|
|t:|1758950505
|move|p1a: Milotic|Surf|p2a: Hatterene
|-damage|p2a: Hatterene|0 fnt
|faint|p2a: Hatterene
|
|upkeep
|
|t:|1758950510
|switch|p2a: Slowking|Slowking-Galar, M|100/100
|-activate|p2a: Slowking|move: Sticky Web
|-unboost|p2a: Slowking|spe|1
|turn|20
|
|t:|1758950524
|move|p1a: Milotic|Surf|p2a: Slowking
|-damage|p2a: Slowking|71/100
|move|p2a: Slowking|Psychic Noise|p1a: Milotic
|-damage|p1a: Milotic|52/100
|-start|p1a: Milotic|move: Heal Block
|
|upkeep
|turn|21
|
|t:|1758950564
|move|p1a: Milotic|Surf|p2a: Slowking
|-damage|p2a: Slowking|42/100
|move|p2a: Slowking|Sludge Bomb|p1a: Milotic
|-damage|p1a: Milotic|23/100
|
|-end|p1a: Milotic|move: Heal Block
|upkeep
|turn|22
|
|t:|1758950572
|move|p1a: Milotic|Surf|p2a: Slowking
|-damage|p2a: Slowking|10/100
|move|p2a: Slowking|Sludge Bomb|p1a: Milotic
|-damage|p1a: Milotic|0 fnt
|faint|p1a: Milotic
|
|upkeep
|
|t:|1758950593
|switch|p1a: Enamorus|Enamorus, F|100/100
|turn|23
|
|t:|1758950599
|switch|p2a: Torkoal|Torkoal, M, tera:Grass|25/100
|-activate|p2a: Torkoal|move: Sticky Web
|-unboost|p2a: Torkoal|spe|1
|-weather|SunnyDay|[from] ability: Drought|[of] p2a: Torkoal
|move|p1a: Enamorus|Moonblast|p2a: Torkoal
|-damage|p2a: Torkoal|0 fnt
|faint|p2a: Torkoal
|
|-weather|SunnyDay|[upkeep]
|upkeep
|
|t:|1758950608
|switch|p2a: Slowking|Slowking-Galar, M|43/100
|-activate|p2a: Slowking|move: Sticky Web
|-unboost|p2a: Slowking|spe|1
|turn|24
|
|t:|1758950614
|switch|p1a: Serperior|Serperior, F|100/100
|-damage|p1a: Serperior|76/100|[from] Spikes
|switch|p2a: Ursaluna|Ursaluna, M|26/100 brn
|-activate|p2a: Ursaluna|move: Sticky Web
|-unboost|p2a: Ursaluna|spe|1
|
|-weather|SunnyDay|[upkeep]
|-heal|p1a: Serperior|82/100|[from] item: Leftovers
|-damage|p2a: Ursaluna|20/100 brn|[from] brn
|upkeep
|turn|25
|
|t:|1758950624
|move|p1a: Serperior|Leaf Storm|p2a: Ursaluna
|-supereffective|p2a: Ursaluna
|-damage|p2a: Ursaluna|0 fnt
|-boost|p1a: Serperior|spa|2
|faint|p2a: Ursaluna
|
|-weather|SunnyDay|[upkeep]
|-heal|p1a: Serperior|88/100|[from] item: Leftovers
|upkeep
|
|t:|1758950631
|switch|p2a: Slowking|Slowking-Galar, M|76/100
|-activate|p2a: Slowking|move: Sticky Web
|-unboost|p2a: Slowking|spe|1
|turn|26
|
|t:|1758950637
|move|p1a: Serperior|Leaf Storm|p2a: Slowking
|-resisted|p2a: Slowking
|-damage|p2a: Slowking|53/100
|-boost|p1a: Serperior|spa|2
|move|p2a: Slowking|Sludge Bomb|p1a: Serperior
|-supereffective|p1a: Serperior
|-damage|p1a: Serperior|0 fnt
|faint|p1a: Serperior
|
|-weather|SunnyDay|[upkeep]
|upkeep
|
|t:|1758950640
|switch|p1a: Enamorus|Enamorus, F|100/100
|turn|27
|
|t:|1758950648
|move|p1a: Enamorus|Earth Power|p2a: Slowking
|-supereffective|p2a: Slowking
|-damage|p2a: Slowking|1/100
|-unboost|p2a: Slowking|spd|1
|move|p2a: Slowking|Sludge Bomb|p1a: Enamorus
|-supereffective|p1a: Enamorus
|-damage|p1a: Enamorus|0 fnt
|faint|p1a: Enamorus
|
|win|woshishui000
|raw|knightofcenturia's rating: 1121 &rarr; <strong>1099</strong><br />(-22 for losing)
|raw|woshishui000's rating: 1165 &rarr; <strong>1187</strong><br />(+22 for winning)
|l|☆knightofcenturia
|player|p1|
|l|☆woshishui000
|player|p2|
