|j|☆PokeMasterEN
|j|☆noodle10101
|t:|1759051421
|gametype|singles
|player|p1|PokeMasterEN|102|1330
|player|p2|noodle10101|102|1328
|gen|9
|tier|[Gen 9] OU
|rated|
|rule|HP Percentage Mod: HP is shown in percentages
|rule|Endless Battle Clause: Forcing endless battles is banned
|rule|Species Clause: Limit one of each Pokémon
|rule|OHKO Clause: OHKO moves are banned
|rule|Evasion Items Clause: Evasion items are banned
|rule|Evasion Moves Clause: Evasion moves are banned
|rule|Evasion Abilities Clause: Evasion abilities are banned
|rule|Sleep Moves Clause: Sleep-inducing moves are banned
|clearpoke
|poke|p1|Ogerpon-Wellspring, F|
|poke|p1|Kingambit, F|
|poke|p1|Landorus-Therian, M|
|poke|p1|Glimmora, M|
|poke|p1|Dragapult, M|
|poke|p1|Iron Valiant|
|poke|p2|Glastrier|
|poke|p2|Slowking-Galar, F|
|poke|p2|Vikavolt, M|
|poke|p2|Kingambit, F|
|poke|p2|Ting-Lu|
|poke|p2|Quaquaval, M|
|teampreview
|
|t:|1759051430
|teamsize|p1|6
|teamsize|p2|6
|start
|switch|p1a: Dragapult|Dragapult, M|100/100
|switch|p2a: Ting-Lu|Ting-Lu|100/100
|-ability|p2a: Ting-Lu|Vessel of Ruin
|turn|1
|
|t:|1759051439
|move|p1a: Dragapult|U-turn|p2a: Ting-Lu
|-supereffective|p2a: Ting-Lu
|-damage|p2a: Ting-Lu|86/100
|-enditem|p2a: Ting-Lu|Red Card|[of] p1a: Dragapult
|drag|p1a: Iron Valiant|Iron Valiant|100/100
|-enditem|p1a: Iron Valiant|Booster Energy
|-activate|p1a: Iron Valiant|ability: Quark Drive|[fromitem]
|-start|p1a: Iron Valiant|quarkdrivespe
|move|p2a: Ting-Lu|Stealth Rock|p1a: Iron Valiant
|-sidestart|p1: PokeMasterEN|move: Stealth Rock
|
|upkeep
|turn|2
|
|t:|1759051451
|switch|p2a: Kingambit|Kingambit, F|100/100
|move|p1a: Iron Valiant|Encore||[still]
|-fail|p1a: Iron Valiant
|
|upkeep
|turn|3
|
|t:|1759051466
|-terastallize|p1a: Iron Valiant|Steel
|move|p1a: Iron Valiant|Spirit Break|p2a: Kingambit
|-damage|p2a: Kingambit|74/100
|-unboost|p2a: Kingambit|spa|1
|move|p2a: Kingambit|Iron Head|p1a: Iron Valiant
|-resisted|p1a: Iron Valiant
|-damage|p1a: Iron Valiant|70/100
|
|-heal|p2a: Kingambit|80/100|[from] item: Leftovers
|upkeep
|turn|4
|
|t:|1759051486
|move|p1a: Iron Valiant|Knock Off|p2a: Kingambit
|-resisted|p2a: Kingambit
|-damage|p2a: Kingambit|68/100
|-enditem|p2a: Kingambit|Leftovers|[from] move: Knock Off|[of] p1a: Iron Valiant
|move|p2a: Kingambit|Kowtow Cleave|p1a: Iron Valiant
|-damage|p1a: Iron Valiant|5/100
|
|upkeep
|turn|5
|
|t:|1759051503
|move|p2a: Kingambit|Sucker Punch|p1a: Iron Valiant
|-damage|p1a: Iron Valiant|0 fnt
|faint|p1a: Iron Valiant
|-end|p1a: Iron Valiant|Quark Drive|[silent]
|
|upkeep
|
|t:|1759051507
|switch|p1a: Landorus|Landorus-Therian, M|100/100
|-damage|p1a: Landorus|88/100|[from] Stealth Rock
|-ability|p1a: Landorus|Intimidate|boost
|-unboost|p2a: Kingambit|atk|1
|turn|6
|
|t:|1759051516
|switch|p1a: Glimmora|Glimmora, M|100/100
|-damage|p1a: Glimmora|88/100|[from] Stealth Rock
|-end|p2a: Kingambit|fallenundefined|[silent]
|switch|p2a: Vikavolt|Vikavolt, M|100/100
|
|upkeep
|turn|7
|
|t:|1759051527
|move|p1a: Glimmora|Mortal Spin|p2a: Vikavolt
|-damage|p2a: Vikavolt|94/100
|-status|p2a: Vikavolt|psn
|-sideend|p1: PokeMasterEN|Stealth Rock|[from] move: Mortal Spin|[of] p1a: Glimmora
|move|p2a: Vikavolt|Volt Switch|p1a: Glimmora
|-damage|p1a: Glimmora|4/100
|
|t:|1759051535
|switch|p2a: Ting-Lu|Ting-Lu|86/100|[from] Volt Switch
|-ability|p2a: Ting-Lu|Vessel of Ruin
|
|upkeep
|turn|8
|
|t:|1759051543
|switch|p1a: Ogerpon|Ogerpon-Wellspring, F|100/100
|move|p2a: Ting-Lu|Stealth Rock|p1a: Ogerpon
|-sidestart|p1: PokeMasterEN|move: Stealth Rock
|
|upkeep
|turn|9
|
|t:|1759051551
|move|p1a: Ogerpon|Ivy Cudgel|p2a: Ting-Lu|[anim] Ivy Cudgel Water
|-supereffective|p2a: Ting-Lu
|-damage|p2a: Ting-Lu|37/100
|move|p2a: Ting-Lu|Whirlwind|p1a: Ogerpon
|drag|p1a: Dragapult|Dragapult, M|100/100
|-damage|p1a: Dragapult|88/100|[from] Stealth Rock
|
|upkeep
|turn|10
|
|t:|1759051563
|move|p1a: Dragapult|U-turn|p2a: Ting-Lu
|-supereffective|p2a: Ting-Lu
|-damage|p2a: Ting-Lu|22/100
|
|t:|1759051565
|switch|p1a: Ogerpon|Ogerpon-Wellspring, F|100/100|[from] U-turn
|-damage|p1a: Ogerpon|88/100|[from] Stealth Rock
|move|p2a: Ting-Lu|Spikes|p1a: Ogerpon
|-sidestart|p1: PokeMasterEN|Spikes
|
|upkeep
|turn|11
|
|t:|1759051580
|move|p1a: Ogerpon|Ivy Cudgel|p2a: Ting-Lu|[anim] Ivy Cudgel Water
|-supereffective|p2a: Ting-Lu
|-damage|p2a: Ting-Lu|0 fnt
|faint|p2a: Ting-Lu
|
|upkeep
|
|t:|1759051585
|switch|p2a: Glastrier|Glastrier|100/100
|turn|12
|
|t:|1759051600
|switch|p1a: Kingambit|Kingambit, F|100/100
|-damage|p1a: Kingambit|94/100|[from] Stealth Rock
|-damage|p1a: Kingambit|82/100|[from] Spikes
|-activate|p1a: Kingambit|ability: Supreme Overlord
|-start|p1a: Kingambit|fallen1|[silent]
|move|p2a: Glastrier|Iron Defense|p2a: Glastrier
|-boost|p2a: Glastrier|def|2
|
|-heal|p1a: Kingambit|88/100|[from] item: Leftovers
|upkeep
|turn|13
|
|t:|1759051612
|-terastallize|p2a: Glastrier|Electric
|move|p1a: Kingambit|Iron Head|p2a: Glastrier
|-resisted|p2a: Glastrier
|-damage|p2a: Glastrier|92/100
|move|p2a: Glastrier|Body Press|p1a: Kingambit
|-supereffective|p1a: Kingambit
|-damage|p1a: Kingambit|0 fnt
|faint|p1a: Kingambit
|-end|p1a: Kingambit|fallen1|[silent]
|-ability|p2a: Glastrier|Chilling Neigh|boost
|-boost|p2a: Glastrier|atk|1
|
|upkeep
|
|t:|1759051620
|switch|p1a: Glimmora|Glimmora, M|4/100
|-damage|p1a: Glimmora|0 fnt|[from] Stealth Rock
|faint|p1a: Glimmora
|
|t:|1759051625
|switch|p1a: Landorus|Landorus-Therian, M|88/100
|-damage|p1a: Landorus|76/100|[from] Stealth Rock
|-ability|p1a: Landorus|Intimidate|boost
|-unboost|p2a: Glastrier|atk|1
|turn|14
|
|t:|1759051633
|move|p1a: Landorus|Earthquake|p2a: Glastrier
|-supereffective|p2a: Glastrier
|-damage|p2a: Glastrier|61/100
|move|p2a: Glastrier|Avalanche|p1a: Landorus
|-supereffective|p1a: Landorus
|-damage|p1a: Landorus|0 fnt
|-damage|p2a: Glastrier|44/100|[from] item: Rocky Helmet|[of] p1a: Landorus
|faint|p1a: Landorus
|-ability|p2a: Glastrier|Chilling Neigh|boost
|-boost|p2a: Glastrier|atk|1
|
|upkeep
|
|t:|1759051640
|switch|p1a: Dragapult|Dragapult, M|88/100
|-damage|p1a: Dragapult|76/100|[from] Stealth Rock
|-damage|p1a: Dragapult|64/100|[from] Spikes
|turn|15
|
|t:|1759051651
|move|p1a: Dragapult|Draco Meteor|p2a: Glastrier
|-damage|p2a: Glastrier|0 fnt
|-unboost|p1a: Dragapult|spa|2
|faint|p2a: Glastrier
|
|upkeep
|
|t:|1759051659
|switch|p2a: Quaquaval|Quaquaval, M|100/100
|turn|16
|
|t:|1759051665
|switch|p1a: Ogerpon|Ogerpon-Wellspring, F|88/100
|-damage|p1a: Ogerpon|76/100|[from] Stealth Rock
|-damage|p1a: Ogerpon|64/100|[from] Spikes
|move|p2a: Quaquaval|Aqua Step|p1a: Ogerpon
|-heal|p1a: Ogerpon|89/100|[from] ability: Water Absorb|[of] p2a: Quaquaval
|
|upkeep
|turn|17
|
|t:|1759051676
|move|p1a: Ogerpon|Horn Leech|p2a: Quaquaval
|-supereffective|p2a: Quaquaval
|-damage|p2a: Quaquaval|0 fnt
|-heal|p1a: Ogerpon|100/100|[from] drain|[of] p2a: Quaquaval
|faint|p2a: Quaquaval
|
|upkeep
|
|t:|1759051683
|switch|p2a: Slowking|Slowking-Galar, F|100/100
|turn|18
|
|t:|1759051689
|move|p1a: Ogerpon|Taunt|p2a: Slowking
|-start|p2a: Slowking|move: Taunt
|cant|p2a: Slowking|move: Taunt|Trick Room
|
|upkeep
|turn|19
|
|t:|1759051701
|move|p1a: Ogerpon|Ivy Cudgel|p2a: Slowking|[anim] Ivy Cudgel Water
|-crit|p2a: Slowking
|-damage|p2a: Slowking|12/100
|move|p2a: Slowking|Future Sight|p1a: Ogerpon
|-start|p2a: Slowking|move: Future Sight
|
|upkeep
|turn|20
|
|t:|1759051709
|move|p1a: Ogerpon|Ivy Cudgel|p2a: Slowking|[anim] Ivy Cudgel Water
|-damage|p2a: Slowking|0 fnt
|faint|p2a: Slowking
|
|upkeep
|
|t:|1759051716
|switch|p2a: Kingambit|Kingambit, F|68/100
|-activate|p2a: Kingambit|ability: Supreme Overlord
|-start|p2a: Kingambit|fallen4|[silent]
|turn|21
|
|t:|1759051723
|move|p2a: Kingambit|Sucker Punch|p1a: Ogerpon
|-damage|p1a: Ogerpon|21/100
|move|p1a: Ogerpon|Play Rough|p2a: Kingambit|[miss]
|-miss|p1a: Ogerpon|p2a: Kingambit
|
|-end|p1a: Ogerpon|move: Future Sight
|-damage|p1a: Ogerpon|0 fnt
|faint|p1a: Ogerpon
|upkeep
|
|t:|1759051731
|switch|p1a: Dragapult|Dragapult, M|64/100
|-damage|p1a: Dragapult|51/100|[from] Stealth Rock
|-damage|p1a: Dragapult|39/100|[from] Spikes
|turn|22
|
|t:|1759051738
|move|p1a: Dragapult|Flamethrower|p2a: Kingambit
|-supereffective|p2a: Kingambit
|-damage|p2a: Kingambit|0 fnt
|faint|p2a: Kingambit
|-end|p2a: Kingambit|fallen4|[silent]
|
|upkeep
|
|t:|1759051743
|switch|p2a: Vikavolt|Vikavolt, M|94/100 psn
|turn|23
|
|t:|1759051751
|move|p1a: Dragapult|Flamethrower|p2a: Vikavolt
|-supereffective|p2a: Vikavolt
|-damage|p2a: Vikavolt|5/100 psn
|move|p2a: Vikavolt|Thunderbolt|p1a: Dragapult
|-resisted|p1a: Dragapult
|-damage|p1a: Dragapult|0 fnt
|faint|p1a: Dragapult
|
|win|noodle10101
|raw|PokeMasterEN's rating: 1330 &rarr; <strong>1310</strong><br />(-20 for losing)
|raw|noodle10101's rating: 1328 &rarr; <strong>1348</strong><br />(+20 for winning)
|l|☆noodle10101
|player|p2|
|c|☆PokeMasterEN|Rip
|l|☆PokeMasterEN
|player|p1|
