|j|☆Jausave
|j|☆justauto
|t:|1758994531
|gametype|singles
|player|p1|Jausave|265|1270
|player|p2|justauto|iris-gen5bw2|1239
|gen|9
|tier|[Gen 9] OU
|rated|
|rule|HP Percentage Mod: HP is shown in percentages
|rule|Endless Battle Clause: Forcing endless battles is banned
|rule|Species Clause: Limit one of each Pokémon
|rule|OHKO Clause: OHKO moves are banned
|rule|Evasion Items Clause: Evasion items are banned
|rule|Evasion Moves Clause: Evasion moves are banned
|rule|Evasion Abilities Clause: Evasion abilities are banned
|rule|Sleep Moves Clause: Sleep-inducing moves are banned
|clearpoke
|poke|p1|Scizor, M|
|poke|p1|Great Tusk|
|poke|p1|Ogerpon-Wellspring, F|
|poke|p1|Clefable, F|
|poke|p1|Moltres|
|poke|p1|Raging Bolt|
|poke|p2|Scrafty, F|
|poke|p2|Ninetales-Alola, F|
|poke|p2|Pecharunt|
|poke|p2|Kyurem|
|poke|p2|Cinderace, F|
|poke|p2|Scizor, M|
|teampreview
|
|t:|1758994550
|teamsize|p1|6
|teamsize|p2|6
|start
|switch|p1a: Scizor|Scizor, M|100/100
|switch|p2a: Ninetales|Ninetales-Alola, F|100/100
|-weather|Snowscape|[from] ability: Snow Warning|[of] p2a: Ninetales
|turn|1
|
|t:|1758994573
|switch|p2a: Cinderace|Cinderace, F|100/100
|move|p1a: Scizor|U-turn|p2a: Cinderace
|-resisted|p2a: Cinderace
|-damage|p2a: Cinderace|67/100
|
|t:|1758994591
|switch|p1a: Great Tusk|Great Tusk|100/100|[from] U-turn
|
|-weather|Snowscape|[upkeep]
|upkeep
|turn|2
|
|t:|1758994599
|move|p2a: Cinderace|U-turn|p1a: Great Tusk
|-resisted|p1a: Great Tusk
|-damage|p1a: Great Tusk|94/100
|
|t:|1758994605
|switch|p2a: Ninetales|Ninetales-Alola, F|100/100|[from] U-turn
|move|p1a: Great Tusk|Headlong Rush|p2a: Ninetales
|-damage|p2a: Ninetales|44/100
|-unboost|p1a: Great Tusk|def|1
|-unboost|p1a: Great Tusk|spd|1
|
|-weather|Snowscape|[upkeep]
|upkeep
|turn|3
|
|t:|1758994616
|move|p2a: Ninetales|Aurora Veil|p2a: Ninetales
|-sidestart|p2: justauto|move: Aurora Veil
|move|p1a: Great Tusk|Stealth Rock|p2a: Ninetales
|-sidestart|p2: justauto|move: Stealth Rock
|
|-weather|Snowscape|[upkeep]
|upkeep
|turn|4
|
|t:|1758994623
|-end|p1a: Great Tusk|Protosynthesis|[silent]
|switch|p1a: Scizor|Scizor, M|100/100
|move|p2a: Ninetales|Moonblast|p1a: Scizor
|-resisted|p1a: Scizor
|-crit|p1a: Scizor
|-damage|p1a: Scizor|76/100
|
|-weather|Snowscape|[upkeep]
|upkeep
|turn|5
|
|t:|1758994659
|switch|p2a: Scizor|Scizor, M|100/100
|-damage|p2a: Scizor|88/100|[from] Stealth Rock
|move|p1a: Scizor|U-turn|p2a: Scizor
|-resisted|p2a: Scizor
|-damage|p2a: Scizor|72/100
|
|t:|1758994678
|switch|p1a: Moltres|Moltres|100/100|[from] U-turn
|
|-weather|none
|upkeep
|turn|6
|
|t:|1758994698
|switch|p2a: Pecharunt|Pecharunt|100/100
|move|p1a: Moltres|Flamethrower|p2a: Pecharunt
|-damage|p2a: Pecharunt|75/100
|
|upkeep
|turn|7
|
|t:|1758994720
|move|p1a: Moltres|Scorching Sands|p2a: Pecharunt
|-supereffective|p2a: Pecharunt
|-damage|p2a: Pecharunt|48/100
|move|p2a: Pecharunt|Parting Shot|p1a: Moltres
|-unboost|p1a: Moltres|atk|1
|-unboost|p1a: Moltres|spa|1
|
|t:|1758994723
|switch|p2a: Scrafty|Scrafty, F|100/100|[from] Parting Shot
|-damage|p2a: Scrafty|94/100|[from] Stealth Rock
|
|-heal|p2a: Scrafty|100/100|[from] item: Leftovers
|upkeep
|turn|8
|
|t:|1758994750
|switch|p1a: Clefable|Clefable, F|100/100
|move|p2a: Scrafty|Dragon Dance|p2a: Scrafty
|-boost|p2a: Scrafty|atk|1
|-boost|p2a: Scrafty|spe|1
|
|upkeep
|turn|9
|
|t:|1758994764
|-terastallize|p2a: Scrafty|Fire
|move|p2a: Scrafty|Dragon Dance|p2a: Scrafty
|-boost|p2a: Scrafty|atk|1
|-boost|p2a: Scrafty|spe|1
|move|p1a: Clefable|Moonblast|p2a: Scrafty
|-resisted|p2a: Scrafty
|-damage|p2a: Scrafty|93/100
|-unboost|p2a: Scrafty|spa|1
|
|-heal|p2a: Scrafty|99/100|[from] item: Leftovers
|upkeep
|turn|10
|
|t:|1758994770
|move|p2a: Scrafty|Dragon Dance|p2a: Scrafty
|-boost|p2a: Scrafty|atk|1
|-boost|p2a: Scrafty|spe|1
|move|p1a: Clefable|Thunder Wave|p2a: Scrafty|[miss]
|-miss|p1a: Clefable|p2a: Scrafty
|
|-heal|p2a: Scrafty|100/100|[from] item: Leftovers
|-sideend|p2: justauto|move: Aurora Veil
|upkeep
|turn|11
|
|t:|1758994775
|move|p2a: Scrafty|Iron Head|p1a: Clefable
|-supereffective|p1a: Clefable
|-damage|p1a: Clefable|0 fnt
|faint|p1a: Clefable
|-ability|p2a: Scrafty|Moxie|boost
|-boost|p2a: Scrafty|atk|1
|
|upkeep
|
|t:|1758994795
|switch|p1a: Ogerpon|Ogerpon-Wellspring, F|100/100
|turn|12
|
|t:|1758994800
|move|p2a: Scrafty|Knock Off|p1a: Ogerpon
|-damage|p1a: Ogerpon|0 fnt
|faint|p1a: Ogerpon
|-ability|p2a: Scrafty|Moxie|boost
|-boost|p2a: Scrafty|atk|1
|
|upkeep
|
|t:|1758994803
|switch|p1a: Great Tusk|Great Tusk|94/100
|turn|13
|
|t:|1758994807
|move|p2a: Scrafty|Drain Punch|p1a: Great Tusk
|-damage|p1a: Great Tusk|4/100
|move|p1a: Great Tusk|Headlong Rush|p2a: Scrafty
|-supereffective|p2a: Scrafty
|-damage|p2a: Scrafty|0 fnt
|-unboost|p1a: Great Tusk|def|1
|-unboost|p1a: Great Tusk|spd|1
|faint|p2a: Scrafty
|
|upkeep
|
|t:|1758994820
|switch|p2a: Scizor|Scizor, M|72/100
|-damage|p2a: Scizor|60/100|[from] Stealth Rock
|turn|14
|
|t:|1758994829
|-end|p1a: Great Tusk|Protosynthesis|[silent]
|switch|p1a: Moltres|Moltres|100/100
|move|p2a: Scizor|Bullet Punch|p1a: Moltres
|-resisted|p1a: Moltres
|-damage|p1a: Moltres|77/100
|-damage|p2a: Scizor|50/100|[from] item: Life Orb
|
|upkeep
|turn|15
|
|t:|1758994840
|switch|p2a: Cinderace|Cinderace, F|67/100
|move|p1a: Moltres|Flamethrower|p2a: Cinderace
|-resisted|p2a: Cinderace
|-damage|p2a: Cinderace|35/100
|
|upkeep
|turn|16
|
|t:|1758994845
|move|p2a: Cinderace|Court Change|p2a: Cinderace
|-swapsideconditions
|-activate|p2a: Cinderace|move: Court Change
|move|p1a: Moltres|Scorching Sands|p2a: Cinderace
|-supereffective|p2a: Cinderace
|-crit|p2a: Cinderace
|-damage|p2a: Cinderace|0 fnt
|faint|p2a: Cinderace
|
|upkeep
|
|t:|1758994866
|switch|p2a: Kyurem|Kyurem|100/100
|-ability|p2a: Kyurem|Pressure
|turn|17
|
|t:|1758994878
|switch|p1a: Scizor|Scizor, M|76/100
|-damage|p1a: Scizor|64/100|[from] Stealth Rock
|move|p2a: Kyurem|Draco Meteor|p1a: Scizor
|-resisted|p1a: Scizor
|-damage|p1a: Scizor|21/100
|-unboost|p2a: Kyurem|spa|2
|
|upkeep
|turn|18
|
|t:|1758994886
|switch|p2a: Pecharunt|Pecharunt|48/100
|move|p1a: Scizor|Bullet Punch|p2a: Pecharunt
|-damage|p2a: Pecharunt|26/100
|
|upkeep
|turn|19
|
|t:|1758994891
|move|p1a: Scizor|Bullet Punch|p2a: Pecharunt
|-damage|p2a: Pecharunt|4/100
|move|p2a: Pecharunt|Recover|p2a: Pecharunt
|-heal|p2a: Pecharunt|54/100
|
|upkeep
|turn|20
|
|t:|1758994908
|move|p1a: Scizor|Bullet Punch|p2a: Pecharunt
|-damage|p2a: Pecharunt|27/100
|move|p2a: Pecharunt|Parting Shot|p1a: Scizor
|-unboost|p1a: Scizor|atk|1
|-unboost|p1a: Scizor|spa|1
|
|t:|1758994914
|switch|p2a: Scizor|Scizor, M|50/100|[from] Parting Shot
|
|upkeep
|turn|21
|
|t:|1758994918
|switch|p1a: Moltres|Moltres|77/100
|move|p2a: Scizor|Swords Dance|p2a: Scizor
|-boost|p2a: Scizor|atk|2
|
|upkeep
|turn|22
|
|t:|1758994921
|move|p1a: Moltres|Flamethrower|p2a: Scizor
|-supereffective|p2a: Scizor
|-crit|p2a: Scizor
|-damage|p2a: Scizor|0 fnt
|faint|p2a: Scizor
|
|upkeep
|
|t:|1758994935
|switch|p2a: Ninetales|Ninetales-Alola, F|44/100
|-weather|Snowscape|[from] ability: Snow Warning|[of] p2a: Ninetales
|turn|23
|
|t:|1758994948
|move|p2a: Ninetales|Aurora Veil|p2a: Ninetales
|-sidestart|p2: justauto|move: Aurora Veil
|move|p1a: Moltres|Flamethrower|p2a: Ninetales
|-supereffective|p2a: Ninetales
|-damage|p2a: Ninetales|0 fnt
|faint|p2a: Ninetales
|
|-weather|Snowscape|[upkeep]
|upkeep
|
|t:|1758995017
|switch|p2a: Kyurem|Kyurem|100/100
|-ability|p2a: Kyurem|Pressure
|turn|24
|
|t:|1758995025
|move|p2a: Kyurem|Draco Meteor|p1a: Moltres
|-damage|p1a: Moltres|3/100
|-unboost|p2a: Kyurem|spa|2
|move|p1a: Moltres|Flamethrower|p2a: Kyurem
|-damage|p2a: Kyurem|78/100
|
|-weather|Snowscape|[upkeep]
|upkeep
|turn|25
|
|t:|1758995030
|move|p2a: Kyurem|Freeze-Dry|p1a: Moltres
|-damage|p1a: Moltres|0 fnt
|faint|p1a: Moltres
|
|-weather|Snowscape|[upkeep]
|upkeep
|
|t:|1758995046
|switch|p1a: Great Tusk|Great Tusk|4/100
|turn|26
|
|t:|1758995053
|move|p2a: Kyurem|Freeze-Dry|p1a: Great Tusk
|-supereffective|p1a: Great Tusk
|-damage|p1a: Great Tusk|0 fnt
|faint|p1a: Great Tusk
|-end|p1a: Great Tusk|Protosynthesis|[silent]
|
|-weather|Snowscape|[upkeep]
|upkeep
|
|t:|1758995130
|switch|p1a: Scizor|Scizor, M|21/100
|-damage|p1a: Scizor|9/100|[from] Stealth Rock
|turn|27
|
|t:|1758995137
|move|p1a: Scizor|Bullet Punch|p2a: Kyurem
|-supereffective|p2a: Kyurem
|-damage|p2a: Kyurem|47/100
|move|p2a: Kyurem|Ice Beam|p1a: Scizor
|-resisted|p1a: Scizor
|-damage|p1a: Scizor|0 fnt
|faint|p1a: Scizor
|
|-weather|none
|upkeep
|
|t:|1758995142
|switch|p1a: Raging Bolt|Raging Bolt|100/100
|-damage|p1a: Raging Bolt|88/100|[from] Stealth Rock
|-enditem|p1a: Raging Bolt|Booster Energy
|-activate|p1a: Raging Bolt|ability: Protosynthesis|[fromitem]
|-start|p1a: Raging Bolt|protosynthesisspa
|turn|28
|
|t:|1758995150
|switch|p2a: Pecharunt|Pecharunt|27/100
|-terastallize|p1a: Raging Bolt|Fairy
|move|p1a: Raging Bolt|Calm Mind|p1a: Raging Bolt
|-boost|p1a: Raging Bolt|spa|1
|-boost|p1a: Raging Bolt|spd|1
|
|upkeep
|turn|29
|
|t:|1758995160
|move|p1a: Raging Bolt|Calm Mind|p1a: Raging Bolt
|-boost|p1a: Raging Bolt|spa|1
|-boost|p1a: Raging Bolt|spd|1
|move|p2a: Pecharunt|Recover|p2a: Pecharunt
|-heal|p2a: Pecharunt|77/100
|
|upkeep
|turn|30
|
|t:|1758995164
|move|p1a: Raging Bolt|Calm Mind|p1a: Raging Bolt
|-boost|p1a: Raging Bolt|spa|1
|-boost|p1a: Raging Bolt|spd|1
|move|p2a: Pecharunt|Malignant Chain|p1a: Raging Bolt
|-supereffective|p1a: Raging Bolt
|-damage|p1a: Raging Bolt|64/100
|-status|p1a: Raging Bolt|tox
|-start|p1a: Raging Bolt|confusion|[from] ability: Poison Puppeteer|[of] p2a: Pecharunt
|
|-damage|p1a: Raging Bolt|58/100 tox|[from] psn
|-sideend|p2: justauto|move: Aurora Veil
|upkeep
|turn|31
|
|t:|1758995174
|-activate|p1a: Raging Bolt|confusion
|move|p1a: Raging Bolt|Thunderbolt|p2a: Pecharunt
|-damage|p2a: Pecharunt|0 fnt
|faint|p2a: Pecharunt
|
|-damage|p1a: Raging Bolt|45/100 tox|[from] psn
|upkeep
|
|t:|1758995178
|switch|p2a: Kyurem|Kyurem|47/100
|-ability|p2a: Kyurem|Pressure
|turn|32
|
|t:|1758995184
|move|p2a: Kyurem|Ice Beam|p1a: Raging Bolt
|-damage|p1a: Raging Bolt|28/100 tox
|-activate|p1a: Raging Bolt|confusion
|move|p1a: Raging Bolt|Dragon Pulse|p2a: Kyurem
|-supereffective|p2a: Kyurem
|-damage|p2a: Kyurem|0 fnt
|faint|p2a: Kyurem
|
|win|Jausave
|raw|Jausave's rating: 1270 &rarr; <strong>1293</strong><br />(+23 for winning)
|raw|justauto's rating: 1239 &rarr; <strong>1216</strong><br />(-23 for losing)
|l|☆Jausave
|player|p1|
|l|☆justauto
|player|p2|
