|j|☆Antp20
|j|☆syk1307
|t:|1758993279
|gametype|singles
|player|p1|Antp20|1|1452
|player|p2|syk1307|giovanni|1481
|gen|9
|tier|[Gen 9] OU
|rated|
|rule|HP Percentage Mod: HP is shown in percentages
|rule|Endless Battle Clause: Forcing endless battles is banned
|rule|Species Clause: Limit one of each Pokémon
|rule|OHKO Clause: OHKO moves are banned
|rule|Evasion Items Clause: Evasion items are banned
|rule|Evasion Moves Clause: Evasion moves are banned
|rule|Evasion Abilities Clause: Evasion abilities are banned
|rule|Sleep Moves Clause: Sleep-inducing moves are banned
|clearpoke
|poke|p1|Kyurem|
|poke|p1|Slowking-Galar, M|
|poke|p1|Dragapult, M|
|poke|p1|Gliscor, F|
|poke|p1|Ting-Lu|
|poke|p1|Dondozo, M|
|poke|p2|Jolteon, M|
|poke|p2|Gyarados, M|
|poke|p2|Arcanine, M|
|poke|p2|Scizor, M|
|poke|p2|Corviknight, M|
|poke|p2|Mew|
|teampreview
|inactive|Battle timer is ON: inactive players will automatically lose when time's up. (requested by Antp20)
|
|t:|1758993297
|teamsize|p1|6
|teamsize|p2|6
|start
|switch|p1a: Gliscor|Gliscor, F, shiny|100/100
|switch|p2a: Gyarados|Gyarados, M|100/100
|turn|1
|
|t:|1758993309
|move|p1a: Gliscor|Protect|p1a: Gliscor
|-singleturn|p1a: Gliscor|Protect
|move|p2a: Gyarados|Dragon Dance|p2a: Gyarados
|-boost|p2a: Gyarados|atk|1
|-boost|p2a: Gyarados|spe|1
|
|-status|p1a: Gliscor|tox|[from] item: Toxic Orb
|upkeep
|turn|2
|
|t:|1758993318
|move|p2a: Gyarados|Waterfall|p1a: Gliscor
|-supereffective|p1a: Gliscor
|-damage|p1a: Gliscor|11/100 tox
|cant|p1a: Gliscor|flinch
|
|-heal|p1a: Gliscor|24/100 tox|[from] ability: Poison Heal
|upkeep
|turn|3
|
|t:|1758993329
|move|p2a: Gyarados|Waterfall|p1a: Gliscor
|-supereffective|p1a: Gliscor
|-damage|p1a: Gliscor|0 fnt
|faint|p1a: Gliscor
|-ability|p2a: Gyarados|Moxie|boost
|-boost|p2a: Gyarados|atk|1
|
|upkeep
|
|t:|1758993342
|switch|p1a: Kyurem|Kyurem|100/100
|-ability|p1a: Kyurem|Pressure
|turn|4
|
|t:|1758993353
|move|p2a: Gyarados|Earthquake|p1a: Kyurem
|-damage|p1a: Kyurem|32/100
|move|p1a: Kyurem|Freeze-Dry|p2a: Gyarados
|-supereffective|p2a: Gyarados
|-damage|p2a: Gyarados|0 fnt
|faint|p2a: Gyarados
|
|upkeep
|inactive|syk1307 has 120 seconds left.
|
|t:|1758993396
|switch|p2a: Scizor|Scizor, M|100/100
|turn|5
|
|t:|1758993406
|switch|p1a: Dondozo|Dondozo, M, shiny|100/100
|move|p2a: Scizor|Knock Off|p1a: Dondozo
|-damage|p1a: Dondozo|74/100
|-enditem|p1a: Dondozo|Heavy-Duty Boots|[from] move: Knock Off|[of] p2a: Scizor
|
|upkeep
|turn|6
|
|t:|1758993417
|switch|p2a: Corviknight|Corviknight, M|100/100
|move|p1a: Dondozo|Body Press|p2a: Corviknight
|-damage|p2a: Corviknight|83/100
|-damage|p1a: Dondozo|58/100|[from] item: Rocky Helmet|[of] p2a: Corviknight
|
|upkeep
|turn|7
|
|t:|1758993425
|move|p2a: Corviknight|U-turn|p1a: Dondozo
|-damage|p1a: Dondozo|52/100
|
|t:|1758993429
|switch|p2a: Scizor|Scizor, M|100/100|[from] U-turn
|move|p1a: Dondozo|Avalanche|p2a: Scizor
|-resisted|p2a: Scizor
|-damage|p2a: Scizor|93/100
|
|upkeep
|turn|8
|
|t:|1758993439
|move|p2a: Scizor|U-turn|p1a: Dondozo
|-damage|p1a: Dondozo|25/100
|
|t:|1758993442
|switch|p2a: Corviknight|Corviknight, M|83/100|[from] U-turn
|move|p1a: Dondozo|Rest|p1a: Dondozo
|-status|p1a: Dondozo|slp|[from] move: Rest
|-heal|p1a: Dondozo|100/100 slp|[silent]
|
|upkeep
|turn|9
|
|t:|1758993454
|switch|p1a: Kyurem|Kyurem|32/100
|-ability|p1a: Kyurem|Pressure
|move|p2a: Corviknight|U-turn|p1a: Kyurem
|-crit|p1a: Kyurem
|-damage|p1a: Kyurem|11/100
|
|t:|1758993469
|switch|p2a: Scizor|Scizor, M|93/100|[from] U-turn
|
|upkeep
|turn|10
|
|t:|1758993477
|move|p2a: Scizor|Bullet Punch|p1a: Kyurem
|-supereffective|p1a: Kyurem
|-damage|p1a: Kyurem|0 fnt
|faint|p1a: Kyurem
|
|upkeep
|
|t:|1758993482
|switch|p1a: Slowking|Slowking-Galar, M, shiny|100/100
|turn|11
|
|t:|1758993501
|switch|p2a: Corviknight|Corviknight, M|83/100
|move|p1a: Slowking|Thunder Wave|p2a: Corviknight
|-status|p2a: Corviknight|par
|
|upkeep
|turn|12
|
|t:|1758993508
|cant|p2a: Corviknight|par
|move|p1a: Slowking|Future Sight|p2a: Corviknight
|-start|p1a: Slowking|move: Future Sight
|
|upkeep
|turn|13
|
|t:|1758993515
|move|p2a: Corviknight|U-turn|p1a: Slowking
|-damage|p1a: Slowking|86/100
|
|t:|1758993522
|switch|p2a: Arcanine|Arcanine, M|100/100|[from] U-turn
|-prepare|p1a: Slowking|Chilly Reception|[premajor]
|move|p1a: Slowking|Chilly Reception|p1a: Slowking
|-weather|Snowscape
|
|t:|1758993530
|switch|p1a: Ting-Lu|Ting-Lu|100/100|[from] Chilly Reception
|-ability|p1a: Ting-Lu|Vessel of Ruin
|
|-weather|Snowscape|[upkeep]
|upkeep
|turn|14
|
|t:|1758993538
|move|p2a: Arcanine|Close Combat|p1a: Ting-Lu
|-supereffective|p1a: Ting-Lu
|-damage|p1a: Ting-Lu|32/100
|-unboost|p2a: Arcanine|def|1
|-unboost|p2a: Arcanine|spd|1
|move|p1a: Ting-Lu|Stealth Rock|p2a: Arcanine
|-sidestart|p2: syk1307|move: Stealth Rock
|
|-weather|Snowscape|[upkeep]
|-end|p2a: Arcanine|move: Future Sight
|-damage|p2a: Arcanine|39/100
|-heal|p1a: Ting-Lu|39/100|[from] item: Leftovers
|upkeep
|turn|15
|
|t:|1758993558
|switch|p2a: Corviknight|Corviknight, M|83/100 par
|-damage|p2a: Corviknight|71/100 par|[from] Stealth Rock
|move|p1a: Ting-Lu|Earthquake|p2a: Corviknight
|-immune|p2a: Corviknight
|
|-weather|Snowscape|[upkeep]
|-heal|p1a: Ting-Lu|45/100|[from] item: Leftovers
|upkeep
|turn|16
|
|t:|1758993569
|switch|p1a: Slowking|Slowking-Galar, M, shiny|100/100
|move|p2a: Corviknight|Defog|p1a: Slowking
|-unboost|p1a: Slowking|evasion|1
|-sideend|p2: syk1307|Stealth Rock|[from] move: Defog|[of] p2a: Corviknight
|
|-weather|Snowscape|[upkeep]
|upkeep
|turn|17
|
|t:|1758993578
|cant|p2a: Corviknight|par
|move|p1a: Slowking|Future Sight|p2a: Corviknight
|-start|p1a: Slowking|move: Future Sight
|
|-weather|none
|upkeep
|turn|18
|
|t:|1758993587
|move|p2a: Corviknight|Roost|p2a: Corviknight
|-heal|p2a: Corviknight|100/100 par
|-singleturn|p2a: Corviknight|move: Roost
|move|p1a: Slowking|Thunder Wave|p2a: Corviknight
|-fail|p2a: Corviknight|par
|
|upkeep
|turn|19
|
|t:|1758993594
|move|p2a: Corviknight|Body Press|p1a: Slowking
|-resisted|p1a: Slowking
|-damage|p1a: Slowking|94/100
|move|p1a: Slowking|Thunder Wave|p2a: Corviknight
|-fail|p2a: Corviknight|par
|
|-end|p2a: Corviknight|move: Future Sight
|-resisted|p2a: Corviknight
|-damage|p2a: Corviknight|79/100 par
|upkeep
|turn|20
|
|t:|1758993606
|move|p2a: Corviknight|U-turn|p1a: Slowking
|-damage|p1a: Slowking|79/100
|
|t:|1758993609
|switch|p2a: Jolteon|Jolteon, M|100/100|[from] U-turn
|move|p1a: Slowking|Future Sight|p2a: Jolteon
|-start|p1a: Slowking|move: Future Sight
|
|upkeep
|turn|21
|
|t:|1758993619
|switch|p2a: Corviknight|Corviknight, M|79/100 par
|move|p1a: Slowking|Sludge Bomb|p2a: Corviknight
|-immune|p2a: Corviknight
|
|upkeep
|turn|22
|
|t:|1758993630
|cant|p2a: Corviknight|par
|-prepare|p1a: Slowking|Chilly Reception|[premajor]
|move|p1a: Slowking|Chilly Reception|p1a: Slowking
|-weather|Snowscape
|
|t:|1758993635
|switch|p1a: Dragapult|Dragapult, M, shiny|100/100|[from] Chilly Reception
|
|-weather|Snowscape|[upkeep]
|-end|p2a: Corviknight|move: Future Sight
|-resisted|p2a: Corviknight
|-damage|p2a: Corviknight|56/100 par
|upkeep
|turn|23
|
|t:|1758993655
|move|p1a: Dragapult|Hex|p2a: Corviknight
|-damage|p2a: Corviknight|4/100 par
|move|p2a: Corviknight|U-turn|p1a: Dragapult
|-resisted|p1a: Dragapult
|-damage|p1a: Dragapult|90/100
|
|t:|1758993669
|switch|p2a: Mew|Mew, shiny|100/100|[from] U-turn
|
|-weather|Snowscape|[upkeep]
|upkeep
|turn|24
|
|t:|1758993681
|switch|p1a: Slowking|Slowking-Galar, M, shiny|100/100
|move|p2a: Mew|Nasty Plot|p2a: Mew
|-boost|p2a: Mew|spa|2
|
|-weather|Snowscape|[upkeep]
|upkeep
|turn|25
|inactive|Antp20 has 120 seconds left.
|
|t:|1758993714
|move|p2a: Mew|Nasty Plot|p2a: Mew
|-boost|p2a: Mew|spa|2
|move|p1a: Slowking|Thunder Wave|p2a: Mew|[miss]
|-miss|p1a: Slowking|p2a: Mew
|
|-weather|Snowscape|[upkeep]
|upkeep
|turn|26
|
|t:|1758993722
|move|p2a: Mew|Earth Power|p1a: Slowking
|-supereffective|p1a: Slowking
|-damage|p1a: Slowking|15/100
|move|p1a: Slowking|Thunder Wave|p2a: Mew
|-status|p2a: Mew|par
|-activate|p2a: Mew|ability: Synchronize
|-status|p1a: Slowking|par
|
|-weather|none
|upkeep
|turn|27
|
|t:|1758993734
|switch|p1a: Ting-Lu|Ting-Lu|45/100
|-ability|p1a: Ting-Lu|Vessel of Ruin
|move|p2a: Mew|Earth Power|p1a: Ting-Lu
|-damage|p1a: Ting-Lu|15/100
|
|-heal|p1a: Ting-Lu|21/100|[from] item: Leftovers
|upkeep
|turn|28
|
|t:|1758993749
|move|p1a: Ting-Lu|Earthquake|p2a: Mew
|-damage|p2a: Mew|70/100 par
|move|p2a: Mew|Draining Kiss|p1a: Ting-Lu
|-supereffective|p1a: Ting-Lu
|-damage|p1a: Ting-Lu|0 fnt
|-heal|p2a: Mew|93/100 par|[from] drain|[of] p1a: Ting-Lu
|faint|p1a: Ting-Lu
|
|upkeep
|
|t:|1758993758
|switch|p1a: Dragapult|Dragapult, M, shiny|90/100
|turn|29
|
|t:|1758993765
|move|p1a: Dragapult|Hex|p2a: Mew
|-supereffective|p2a: Mew
|-damage|p2a: Mew|16/100 par
|-enditem|p2a: Mew|Weakness Policy
|-boost|p2a: Mew|atk|2|[from] item: Weakness Policy
|-boost|p2a: Mew|spa|2|[from] item: Weakness Policy
|move|p2a: Mew|Draining Kiss|p1a: Dragapult
|-supereffective|p1a: Dragapult
|-damage|p1a: Dragapult|0 fnt
|-heal|p2a: Mew|78/100 par|[from] drain|[of] p1a: Dragapult
|faint|p1a: Dragapult
|
|upkeep
|
|t:|1758993777
|switch|p1a: Slowking|Slowking-Galar, M, shiny|48/100 par
|turn|30
|-message|Antp20 forfeited.
|
|win|syk1307
|raw|Antp20's rating: 1452 &rarr; <strong>1434</strong><br />(-18 for losing)
|raw|syk1307's rating: 1481 &rarr; <strong>1499</strong><br />(+18 for winning)
|l|☆Antp20
|player|p1|
|l|☆syk1307
|player|p2|
