|j|☆niko7777777
|j|☆fregene97
|t:|1759039815
|gametype|singles
|player|p1|niko7777777|170|1563
|player|p2|fregene97|pokefan-gen4|1500
|gen|9
|tier|[Gen 9] OU
|rated|
|rule|HP Percentage Mod: HP is shown in percentages
|rule|Endless Battle Clause: Forcing endless battles is banned
|rule|Species Clause: Limit one of each Pokémon
|rule|OHKO Clause: OHKO moves are banned
|rule|Evasion Items Clause: Evasion items are banned
|rule|Evasion Moves Clause: Evasion moves are banned
|rule|Evasion Abilities Clause: Evasion abilities are banned
|rule|Sleep Moves Clause: Sleep-inducing moves are banned
|clearpoke
|poke|p1|Landorus-Therian, M|
|poke|p1|Samurott-Hisui, F|
|poke|p1|Scizor, M|
|poke|p1|Latios, M|
|poke|p1|Zamazenta-*|
|poke|p1|Gholdengo|
|poke|p2|Raging Bolt|
|poke|p2|Glimmora, M|
|poke|p2|Darkrai|
|poke|p2|Haxorus, M|
|poke|p2|Gholdengo|
|poke|p2|Ogerpon-Wellspring, F|
|teampreview
|inactive|Battle timer is ON: inactive players will automatically lose when time's up. (requested by fregene97)
|c|☆niko7777777|W haxorus
|
|t:|1759039851
|teamsize|p1|6
|teamsize|p2|6
|start
|switch|p1a: Gholdengo|Gholdengo|100/100
|switch|p2a: Glimmora|Glimmora, M|100/100
|-item|p1a: Gholdengo|Air Balloon
|turn|1
|
|t:|1759039861
|-terastallize|p2a: Glimmora|Ground
|move|p2a: Glimmora|Meteor Beam||[still]
|-prepare|p2a: Glimmora|Meteor Beam
|-boost|p2a: Glimmora|spa|1
|-enditem|p2a: Glimmora|Power Herb
|-anim|p2a: Glimmora|Meteor Beam|p1a: Gholdengo
|-resisted|p1a: Gholdengo
|-damage|p1a: Gholdengo|55/100
|-enditem|p1a: Gholdengo|Air Balloon
|move|p1a: Gholdengo|Make It Rain|p2a: Glimmora
|-damage|p2a: Glimmora|25/100
|-unboost|p1a: Gholdengo|spa|1
|
|upkeep
|turn|2
|inactive|fregene97 has 120 seconds left.
|inactive|niko7777777 has 120 seconds left.
|
|t:|1759039901
|switch|p1a: Latios|Latios, M|100/100
|move|p2a: Glimmora|Earth Power|p1a: Latios
|-immune|p1a: Latios|[from] ability: Levitate
|
|upkeep
|turn|3
|inactive|fregene97 has 120 seconds left.
|
|t:|1759039915
|move|p1a: Latios|Draco Meteor|p2a: Glimmora
|-damage|p2a: Glimmora|0 fnt
|-unboost|p1a: Latios|spa|2
|faint|p2a: Glimmora
|
|upkeep
|
|t:|1759039918
|switch|p2a: Haxorus|Haxorus, M|100/100
|-ability|p2a: Haxorus|Mold Breaker
|turn|4
|
|t:|1759039929
|move|p2a: Haxorus|First Impression|p1a: Latios
|-supereffective|p1a: Latios
|-damage|p1a: Latios|0 fnt
|faint|p1a: Latios
|
|upkeep
|inactive|niko7777777 has 120 seconds left.
|
|t:|1759039945
|switch|p1a: Samurott|Samurott-Hisui, F|100/100
|turn|5
|inactive|niko7777777 has 120 seconds left.
|
|t:|1759039956
|switch|p2a: Raging Bolt|Raging Bolt|100/100
|-enditem|p2a: Raging Bolt|Booster Energy
|-activate|p2a: Raging Bolt|ability: Protosynthesis|[fromitem]
|-start|p2a: Raging Bolt|protosynthesisspa
|move|p1a: Samurott|Ceaseless Edge|p2a: Raging Bolt
|-damage|p2a: Raging Bolt|52/100
|-sidestart|p2: fregene97|Spikes
|
|upkeep
|turn|6
|inactive|niko7777777 has 120 seconds left.
|inactive|niko7777777 has 90 seconds left.
|
|t:|1759040013
|-terastallize|p1a: Samurott|Ground
|move|p2a: Raging Bolt|Dragon Pulse|p1a: Samurott
|-damage|p1a: Samurott|40/100
|move|p1a: Samurott|Ceaseless Edge|p2a: Raging Bolt
|-damage|p2a: Raging Bolt|7/100
|-sidestart|p2: fregene97|Spikes
|
|upkeep
|turn|7
|
|t:|1759040023
|move|p1a: Samurott|Sucker Punch||[still]
|-fail|p1a: Samurott
|move|p2a: Raging Bolt|Calm Mind|p2a: Raging Bolt
|-boost|p2a: Raging Bolt|spa|1
|-boost|p2a: Raging Bolt|spd|1
|
|upkeep
|turn|8
|
|t:|1759040028
|move|p1a: Samurott|Sucker Punch||[still]
|-fail|p1a: Samurott
|move|p2a: Raging Bolt|Calm Mind|p2a: Raging Bolt
|-boost|p2a: Raging Bolt|spa|1
|-boost|p2a: Raging Bolt|spd|1
|
|upkeep
|turn|9
|
|t:|1759040030
|move|p2a: Raging Bolt|Calm Mind|p2a: Raging Bolt
|-boost|p2a: Raging Bolt|spa|1
|-boost|p2a: Raging Bolt|spd|1
|move|p1a: Samurott|Knock Off|p2a: Raging Bolt
|-damage|p2a: Raging Bolt|0 fnt
|faint|p2a: Raging Bolt
|-end|p2a: Raging Bolt|Protosynthesis|[silent]
|
|upkeep
|
|t:|1759040037
|switch|p2a: Darkrai|Darkrai|100/100
|-damage|p2a: Darkrai|84/100|[from] Spikes
|turn|10
|
|t:|1759040046
|move|p2a: Darkrai|Ice Beam|p1a: Samurott
|-supereffective|p1a: Samurott
|-damage|p1a: Samurott|0 fnt
|faint|p1a: Samurott
|
|upkeep
|
|t:|1759040063
|switch|p1a: Zamazenta|Zamazenta|100/100
|-ability|p1a: Zamazenta|Dauntless Shield|boost
|-boost|p1a: Zamazenta|def|1
|turn|11
|
|t:|1759040071
|move|p1a: Zamazenta|Crunch|p2a: Darkrai
|-resisted|p2a: Darkrai
|-damage|p2a: Darkrai|69/100
|move|p2a: Darkrai|Thunder Wave|p1a: Zamazenta
|-status|p1a: Zamazenta|par
|
|upkeep
|turn|12
|
|t:|1759040077
|move|p2a: Darkrai|Dark Pulse|p1a: Zamazenta
|-resisted|p1a: Zamazenta
|-damage|p1a: Zamazenta|82/100 par
|cant|p1a: Zamazenta|par
|
|-heal|p1a: Zamazenta|88/100 par|[from] item: Leftovers
|upkeep
|turn|13
|
|t:|1759040080
|move|p2a: Darkrai|Nasty Plot|p2a: Darkrai
|-boost|p2a: Darkrai|spa|2
|move|p1a: Zamazenta|Body Press|p2a: Darkrai
|-supereffective|p2a: Darkrai
|-damage|p2a: Darkrai|0 fnt
|faint|p2a: Darkrai
|
|-heal|p1a: Zamazenta|94/100 par|[from] item: Leftovers
|upkeep
|
|t:|1759040084
|switch|p2a: Gholdengo|Gholdengo|100/100
|-item|p2a: Gholdengo|Air Balloon
|turn|14
|
|t:|1759040089
|move|p2a: Gholdengo|Nasty Plot|p2a: Gholdengo
|-boost|p2a: Gholdengo|spa|2
|move|p1a: Zamazenta|Crunch|p2a: Gholdengo
|-supereffective|p2a: Gholdengo
|-damage|p2a: Gholdengo|56/100
|-enditem|p2a: Gholdengo|Air Balloon
|
|-heal|p1a: Zamazenta|99/100 par|[from] item: Leftovers
|upkeep
|turn|15
|
|t:|1759040110
|switch|p1a: Gholdengo|Gholdengo|55/100
|move|p2a: Gholdengo|Psyshock|p1a: Gholdengo
|-resisted|p1a: Gholdengo
|-damage|p1a: Gholdengo|25/100
|
|upkeep
|turn|16
|
|t:|1759040115
|move|p1a: Gholdengo|Shadow Ball|p2a: Gholdengo
|-supereffective|p2a: Gholdengo
|-damage|p2a: Gholdengo|0 fnt
|faint|p2a: Gholdengo
|
|upkeep
|
|t:|1759040118
|switch|p2a: Ogerpon|Ogerpon-Wellspring, F|100/100
|-damage|p2a: Ogerpon|84/100|[from] Spikes
|turn|17
|
|t:|1759040125
|move|p2a: Ogerpon|Ivy Cudgel|p1a: Gholdengo|[anim] Ivy Cudgel Water
|-damage|p1a: Gholdengo|0 fnt
|faint|p1a: Gholdengo
|
|upkeep
|
|t:|1759040144
|switch|p1a: Zamazenta|Zamazenta|99/100 par
|turn|18
|
|t:|1759040148
|move|p2a: Ogerpon|Play Rough|p1a: Zamazenta
|-supereffective|p1a: Zamazenta
|-damage|p1a: Zamazenta|43/100 par
|move|p1a: Zamazenta|Body Press|p2a: Ogerpon
|-damage|p2a: Ogerpon|32/100
|
|-heal|p1a: Zamazenta|49/100 par|[from] item: Leftovers
|upkeep
|turn|19
|
|t:|1759040155
|switch|p1a: Landorus|Landorus-Therian, M|100/100
|-ability|p1a: Landorus|Intimidate|boost
|-unboost|p2a: Ogerpon|atk|1
|move|p2a: Ogerpon|Ivy Cudgel|p1a: Landorus|[anim] Ivy Cudgel Water
|-supereffective|p1a: Landorus
|-damage|p1a: Landorus|22/100
|
|upkeep
|turn|20
|inactive|niko7777777 has 120 seconds left.
|inactive|niko7777777 has 90 seconds left.
|
|t:|1759040240
|switch|p1a: Zamazenta|Zamazenta|49/100 par
|move|p2a: Ogerpon|Ivy Cudgel|p1a: Zamazenta|[anim] Ivy Cudgel Water
|-damage|p1a: Zamazenta|18/100 par
|
|-heal|p1a: Zamazenta|24/100 par|[from] item: Leftovers
|upkeep
|turn|21
|inactive|niko7777777 has 60 seconds left.
|
|t:|1759040262
|switch|p1a: Landorus|Landorus-Therian, M|22/100
|-ability|p1a: Landorus|Intimidate|boost
|-unboost|p2a: Ogerpon|atk|1
|move|p2a: Ogerpon|Play Rough|p1a: Landorus
|-damage|p1a: Landorus|4/100
|-damage|p2a: Ogerpon|15/100|[from] item: Rocky Helmet|[of] p1a: Landorus
|
|upkeep
|turn|22
|inactive|niko7777777 has 60 seconds left.
|
|t:|1759040282
|switch|p1a: Zamazenta|Zamazenta|24/100 par
|move|p2a: Ogerpon|Trailblaze|p1a: Zamazenta
|-damage|p1a: Zamazenta|12/100 par
|-boost|p2a: Ogerpon|spe|1
|
|-heal|p1a: Zamazenta|18/100 par|[from] item: Leftovers
|upkeep
|turn|23
|inactive|niko7777777 has 60 seconds left.
|
|t:|1759040307
|move|p2a: Ogerpon|Ivy Cudgel|p1a: Zamazenta|[anim] Ivy Cudgel Water
|-damage|p1a: Zamazenta|0 fnt
|faint|p1a: Zamazenta
|
|upkeep
|
|t:|1759040312
|switch|p1a: Scizor|Scizor, M|100/100
|turn|24
|
|t:|1759040322
|move|p1a: Scizor|Bullet Punch|p2a: Ogerpon
|-resisted|p2a: Ogerpon
|-damage|p2a: Ogerpon|0 fnt
|faint|p2a: Ogerpon
|
|upkeep
|
|t:|1759040325
|switch|p2a: Haxorus|Haxorus, M|100/100
|-damage|p2a: Haxorus|84/100|[from] Spikes
|-ability|p2a: Haxorus|Mold Breaker
|turn|25
|
|t:|1759040329
|switch|p1a: Landorus|Landorus-Therian, M|4/100
|-ability|p1a: Landorus|Intimidate|boost
|-unboost|p2a: Haxorus|atk|1
|move|p2a: Haxorus|Outrage|p1a: Landorus
|-damage|p1a: Landorus|0 fnt
|-damage|p2a: Haxorus|68/100|[from] item: Rocky Helmet|[of] p1a: Landorus
|faint|p1a: Landorus
|
|upkeep
|j| wgw2333
|
|t:|1759040339
|switch|p1a: Scizor|Scizor, M|100/100
|turn|26
|l| wgw2333
|inactive|niko7777777 has 60 seconds left.
|
|t:|1759040364
|move|p2a: Haxorus|Outrage|p1a: Scizor|[from] lockedmove
|-resisted|p1a: Scizor
|-damage|p1a: Scizor|57/100
|-start|p2a: Haxorus|confusion|[fatigue]
|move|p1a: Scizor|Knock Off|p2a: Haxorus
|-damage|p2a: Haxorus|17/100
|-enditem|p2a: Haxorus|Choice Band|[from] move: Knock Off|[of] p1a: Scizor
|
|upkeep
|turn|27
|
|t:|1759040368
|move|p1a: Scizor|Bullet Punch|p2a: Haxorus
|-damage|p2a: Haxorus|0 fnt
|faint|p2a: Haxorus
|
|win|niko7777777
|raw|niko7777777's rating: 1563 &rarr; <strong>1581</strong><br />(+18 for winning)
|raw|fregene97's rating: 1522 &rarr; <strong>1504</strong><br />(-18 for losing)
|l|☆fregene97
|player|p2|
|l|☆niko7777777
|player|p1|
