|j|☆PickaxeDevil
|j|☆tactiqualz
|t:|1758971440
|gametype|singles
|player|p1|PickaxeDevil|skyla|1326
|player|p2|tactiqualz|265|1292
|gen|9
|tier|[Gen 9] OU
|rated|
|rule|HP Percentage Mod: HP is shown in percentages
|rule|Endless Battle Clause: Forcing endless battles is banned
|rule|Species Clause: Limit one of each Pokémon
|rule|OHKO Clause: OHKO moves are banned
|rule|Evasion Items Clause: Evasion items are banned
|rule|Evasion Moves Clause: Evasion moves are banned
|rule|Evasion Abilities Clause: Evasion abilities are banned
|rule|Sleep Moves Clause: Sleep-inducing moves are banned
|clearpoke
|poke|p1|Pelipper, M|
|poke|p1|Kingdra, F|
|poke|p1|Kilowattrel, M|
|poke|p1|Overqwil, M|
|poke|p1|Gholdengo|
|poke|p1|Dragonite, M|
|poke|p2|Tentacruel, M|
|poke|p2|Whimsicott, F|
|poke|p2|Gliscor, F|
|poke|p2|Kingambit, F|
|poke|p2|Enamorus-Therian, F|
|poke|p2|Blaziken, F|
|teampreview
|inactive|Battle timer is ON: inactive players will automatically lose when time's up. (requested by tactiqualz)
|
|t:|1758971451
|teamsize|p1|6
|teamsize|p2|6
|start
|switch|p1a: Pelipper|Pelipper, M|100/100
|switch|p2a: Tentacruel|Tentacruel, M|100/100
|-weather|RainDance|[from] ability: Drizzle|[of] p1a: Pelipper
|turn|1
|
|t:|1758971458
|move|p2a: Tentacruel|Toxic|p1a: Pelipper
|-status|p1a: Pelipper|tox
|move|p1a: Pelipper|U-turn|p2a: Tentacruel
|-resisted|p2a: Tentacruel
|-damage|p2a: Tentacruel|94/100
|
|t:|1758971468
|switch|p1a: Dragonite|Dragonite, M, shiny|100/100|[from] U-turn
|
|-weather|RainDance|[upkeep]
|-heal|p2a: Tentacruel|100/100|[from] item: Black Sludge
|upkeep
|turn|2
|
|t:|1758971474
|move|p2a: Tentacruel|Chilling Water|p1a: Dragonite
|-resisted|p1a: Dragonite
|-damage|p1a: Dragonite|96/100
|-unboost|p1a: Dragonite|atk|1
|move|p1a: Dragonite|Earthquake|p2a: Tentacruel
|-supereffective|p2a: Tentacruel
|-damage|p2a: Tentacruel|41/100
|
|-weather|RainDance|[upkeep]
|-heal|p2a: Tentacruel|47/100|[from] item: Black Sludge
|upkeep
|turn|3
|
|t:|1758971485
|move|p2a: Tentacruel|Toxic|p1a: Dragonite
|-status|p1a: Dragonite|tox
|move|p1a: Dragonite|Earthquake|p2a: Tentacruel
|-supereffective|p2a: Tentacruel
|-damage|p2a: Tentacruel|0 fnt
|faint|p2a: Tentacruel
|
|-weather|RainDance|[upkeep]
|-damage|p1a: Dragonite|90/100 tox|[from] psn
|upkeep
|
|t:|1758971497
|switch|p2a: Enamorus|Enamorus-Therian, F|100/100
|turn|4
|
|t:|1758971505
|move|p1a: Dragonite|Extreme Speed|p2a: Enamorus
|-damage|p2a: Enamorus|85/100
|move|p2a: Enamorus|Agility|p2a: Enamorus
|-boost|p2a: Enamorus|spe|2
|
|-weather|RainDance|[upkeep]
|-damage|p1a: Dragonite|78/100 tox|[from] psn
|upkeep
|turn|5
|
|t:|1758971516
|move|p2a: Enamorus|Moonblast|p1a: Dragonite
|-supereffective|p1a: Dragonite
|-damage|p1a: Dragonite|12/100 tox
|-unboost|p1a: Dragonite|spa|1
|move|p1a: Dragonite|Tailwind|p1a: Dragonite
|-sidestart|p1: PickaxeDevil|move: Tailwind
|
|-weather|RainDance|[upkeep]
|-damage|p1a: Dragonite|0 fnt|[from] psn
|faint|p1a: Dragonite
|upkeep
|
|t:|1758971523
|switch|p1a: Overqwil|Overqwil, M|100/100
|turn|6
|
|t:|1758971530
|move|p1a: Overqwil|Poison Jab|p2a: Enamorus
|-supereffective|p2a: Enamorus
|-damage|p2a: Enamorus|0 fnt
|faint|p2a: Enamorus
|
|-weather|RainDance|[upkeep]
|upkeep
|
|t:|1758971537
|switch|p2a: Gliscor|Gliscor, F|100/100
|turn|7
|
|t:|1758971543
|switch|p1a: Pelipper|Pelipper, M|100/100 tox
|move|p2a: Gliscor|Stealth Rock|p1a: Pelipper
|-sidestart|p1: PickaxeDevil|move: Stealth Rock
|
|-weather|RainDance|[upkeep]
|-damage|p1a: Pelipper|94/100 tox|[from] psn
|-status|p2a: Gliscor|tox|[from] item: Toxic Orb
|upkeep
|turn|8
|
|t:|1758971552
|move|p2a: Gliscor|Protect|p2a: Gliscor
|-singleturn|p2a: Gliscor|Protect
|move|p1a: Pelipper|Weather Ball|p2a: Gliscor
|-activate|p2a: Gliscor|move: Protect
|
|-weather|none
|-damage|p1a: Pelipper|82/100 tox|[from] psn
|-sideend|p1: PickaxeDevil|move: Tailwind
|upkeep
|turn|9
|
|t:|1758971568
|switch|p2a: Blaziken|Blaziken, F, shiny|100/100
|switch|p1a: Kingdra|Kingdra, F|100/100
|-damage|p1a: Kingdra|88/100|[from] Stealth Rock
|
|upkeep
|turn|10
|
|t:|1758971575
|switch|p1a: Pelipper|Pelipper, M|82/100 tox
|-damage|p1a: Pelipper|57/100 tox|[from] Stealth Rock
|-weather|RainDance|[from] ability: Drizzle|[of] p1a: Pelipper
|move|p2a: Blaziken|Protect||[still]
|-fail|p2a: Blaziken
|
|-weather|RainDance|[upkeep]
|-damage|p1a: Pelipper|51/100 tox|[from] psn
|-ability|p2a: Blaziken|Speed Boost|boost
|-boost|p2a: Blaziken|spe|1
|upkeep
|turn|11
|
|t:|1758971594
|move|p2a: Blaziken|U-turn|p1a: Pelipper
|-resisted|p1a: Pelipper
|-damage|p1a: Pelipper|41/100 tox
|
|t:|1758971598
|switch|p2a: Whimsicott|Whimsicott, F, shiny|100/100|[from] U-turn
|move|p1a: Pelipper|Weather Ball|p2a: Whimsicott
|-resisted|p2a: Whimsicott
|-damage|p2a: Whimsicott|66/100
|
|-weather|RainDance|[upkeep]
|-heal|p2a: Whimsicott|72/100|[from] item: Leftovers
|-damage|p1a: Pelipper|29/100 tox|[from] psn
|upkeep
|turn|12
|
|t:|1758971615
|move|p2a: Whimsicott|Substitute|p2a: Whimsicott
|-start|p2a: Whimsicott|Substitute
|-damage|p2a: Whimsicott|48/100
|move|p1a: Pelipper|Hurricane|p2a: Whimsicott
|-supereffective|p2a: Whimsicott
|-end|p2a: Whimsicott|Substitute
|
|-weather|RainDance|[upkeep]
|-heal|p2a: Whimsicott|54/100|[from] item: Leftovers
|-damage|p1a: Pelipper|10/100 tox|[from] psn
|upkeep
|turn|13
|
|t:|1758971627
|move|p2a: Whimsicott|Moonblast|p1a: Pelipper
|-damage|p1a: Pelipper|0 fnt
|faint|p1a: Pelipper
|
|-weather|RainDance|[upkeep]
|-heal|p2a: Whimsicott|60/100|[from] item: Leftovers
|upkeep
|
|t:|1758971631
|switch|p1a: Kingdra|Kingdra, F|88/100
|-damage|p1a: Kingdra|76/100|[from] Stealth Rock
|turn|14
|
|t:|1758971638
|-terastallize|p1a: Kingdra|Water
|move|p2a: Whimsicott|Leech Seed|p1a: Kingdra
|-start|p1a: Kingdra|move: Leech Seed
|move|p1a: Kingdra|Weather Ball|p2a: Whimsicott
|-resisted|p2a: Whimsicott
|-crit|p2a: Whimsicott
|-damage|p2a: Whimsicott|0 fnt
|faint|p2a: Whimsicott
|-damage|p1a: Kingdra|66/100|[from] item: Life Orb
|
|-weather|RainDance|[upkeep]
|upkeep
|
|t:|1758971648
|switch|p2a: Kingambit|Kingambit, F|100/100
|-activate|p2a: Kingambit|ability: Supreme Overlord
|-start|p2a: Kingambit|fallen3|[silent]
|turn|15
|
|t:|1758971653
|move|p1a: Kingdra|Weather Ball|p2a: Kingambit
|-damage|p2a: Kingambit|0 fnt
|faint|p2a: Kingambit
|-end|p2a: Kingambit|fallen3|[silent]
|-damage|p1a: Kingdra|56/100|[from] item: Life Orb
|
|-weather|RainDance|[upkeep]
|upkeep
|
|t:|1758971661
|switch|p2a: Gliscor|Gliscor, F|100/100 tox
|turn|16
|
|t:|1758971665
|move|p1a: Kingdra|Weather Ball|p2a: Gliscor
|-supereffective|p2a: Gliscor
|-damage|p2a: Gliscor|0 fnt
|faint|p2a: Gliscor
|-damage|p1a: Kingdra|46/100|[from] item: Life Orb
|
|-weather|RainDance|[upkeep]
|upkeep
|
|t:|1758971671
|switch|p2a: Blaziken|Blaziken, F, shiny|100/100
|turn|17
|
|t:|1758971674
|move|p1a: Kingdra|Weather Ball|p2a: Blaziken
|-supereffective|p2a: Blaziken
|-damage|p2a: Blaziken|0 fnt
|faint|p2a: Blaziken
|-damage|p1a: Kingdra|36/100|[from] item: Life Orb
|
|win|PickaxeDevil
|raw|PickaxeDevil's rating: 1326 &rarr; <strong>1344</strong><br />(+18 for winning)
|raw|tactiqualz's rating: 1292 &rarr; <strong>1269</strong><br />(-23 for losing)
|c|☆PickaxeDevil|gg
|l|☆tactiqualz
|player|p2|
|l|☆PickaxeDevil
|player|p1|
