|j|☆Clairrr03
|j|☆occean sick jasper
|t:|1758993805
|gametype|singles
|player|p1|Clairrr03|169|1210
|player|p2|occean sick jasper|parasollady|1153
|gen|9
|tier|[Gen 9] OU
|rated|
|rule|HP Percentage Mod: HP is shown in percentages
|rule|Endless Battle Clause: Forcing endless battles is banned
|rule|Species Clause: Limit one of each Pokémon
|rule|OHKO Clause: OHKO moves are banned
|rule|Evasion Items Clause: Evasion items are banned
|rule|Evasion Moves Clause: Evasion moves are banned
|rule|Evasion Abilities Clause: Evasion abilities are banned
|rule|Sleep Moves Clause: Sleep-inducing moves are banned
|clearpoke
|poke|p1|Glastrier|
|poke|p1|Quaquaval, M|
|poke|p1|Darkrai|
|poke|p1|Clefable, F|
|poke|p1|Gliscor, M|
|poke|p1|Iron Crown|
|poke|p2|Necrozma|
|poke|p2|Mimikyu, F|
|poke|p2|Skarmory, M|
|poke|p2|Overqwil, M|
|poke|p2|Eiscue, F|
|poke|p2|Quaquaval, M|
|teampreview
|inactive|Battle timer is ON: inactive players will automatically lose when time's up. (requested by Clairrr03)
|
|t:|1758993819
|teamsize|p1|6
|teamsize|p2|6
|start
|switch|p1a: Darkrai|Darkrai|100/100
|switch|p2a: Skarmory|Skarmory, M|100/100
|turn|1
|
|t:|1758993826
|move|p1a: Darkrai|Dark Pulse|p2a: Skarmory
|-damage|p2a: Skarmory|0 fnt
|faint|p2a: Skarmory
|
|upkeep
|
|t:|1758993835
|switch|p2a: Overqwil|Overqwil, M, shiny|100/100
|-ability|p2a: Overqwil|Intimidate|boost
|-unboost|p1a: Darkrai|atk|1
|turn|2
|
|t:|1758993847
|switch|p1a: Gliscor|Gliscor, M|100/100
|move|p2a: Overqwil|Barb Barrage|p1a: Gliscor
|-resisted|p1a: Gliscor
|-damage|p1a: Gliscor|92/100
|-status|p1a: Gliscor|psn
|
|-heal|p1a: Gliscor|100/100 psn|[from] ability: Poison Heal
|upkeep
|turn|3
|
|t:|1758993857
|move|p2a: Overqwil|Taunt|p1a: Gliscor
|-start|p1a: Gliscor|move: Taunt
|move|p1a: Gliscor|Knock Off|p2a: Overqwil
|-resisted|p2a: Overqwil
|-damage|p2a: Overqwil|91/100
|-enditem|p2a: Overqwil|Black Sludge|[from] move: Knock Off|[of] p1a: Gliscor
|
|upkeep
|turn|4
|
|t:|1758993868
|move|p2a: Overqwil|Barb Barrage|p1a: Gliscor
|-resisted|p1a: Gliscor
|-damage|p1a: Gliscor|84/100 psn
|move|p1a: Gliscor|U-turn|p2a: Overqwil
|-damage|p2a: Overqwil|78/100
|
|t:|1758993878
|switch|p1a: Darkrai|Darkrai|100/100|[from] U-turn
|
|upkeep
|turn|5
|
|t:|1758993882
|move|p1a: Darkrai|Focus Blast|p2a: Overqwil|[miss]
|-miss|p1a: Darkrai|p2a: Overqwil
|move|p2a: Overqwil|Barb Barrage|p1a: Darkrai
|-damage|p1a: Darkrai|67/100
|-status|p1a: Darkrai|psn
|
|-damage|p1a: Darkrai|55/100 psn|[from] psn
|upkeep
|turn|6
|
|t:|1758993892
|move|p1a: Darkrai|Focus Blast|p2a: Overqwil
|-damage|p2a: Overqwil|0 fnt
|faint|p2a: Overqwil
|
|-damage|p1a: Darkrai|42/100 psn|[from] psn
|upkeep
|
|t:|1758993900
|switch|p2a: Quaquaval|Quaquaval, M|100/100
|turn|7
|
|t:|1758993907
|switch|p1a: Clefable|Clefable, F|100/100
|move|p2a: Quaquaval|Brick Break|p1a: Clefable
|-resisted|p1a: Clefable
|-damage|p1a: Clefable|87/100
|
|-heal|p1a: Clefable|93/100|[from] item: Leftovers
|upkeep
|turn|8
|
|t:|1758993918
|move|p2a: Quaquaval|Rapid Spin|p1a: Clefable
|-damage|p1a: Clefable|80/100
|-boost|p2a: Quaquaval|spe|1
|move|p1a: Clefable|Stealth Rock|p2a: Quaquaval
|-sidestart|p2: occean sick jasper|move: Stealth Rock
|
|-heal|p1a: Clefable|86/100|[from] item: Leftovers
|upkeep
|turn|9
|
|t:|1758993924
|move|p2a: Quaquaval|Rapid Spin|p1a: Clefable
|-damage|p1a: Clefable|75/100
|-boost|p2a: Quaquaval|spe|1
|-sideend|p2: occean sick jasper|Stealth Rock|[from] move: Rapid Spin|[of] p2a: Quaquaval
|move|p1a: Clefable|Thunder Wave|p2a: Quaquaval
|-status|p2a: Quaquaval|par
|
|-heal|p1a: Clefable|81/100|[from] item: Leftovers
|upkeep
|turn|10
|
|t:|1758993933
|move|p2a: Quaquaval|Aqua Step|p1a: Clefable
|-damage|p1a: Clefable|53/100
|-boost|p2a: Quaquaval|spe|1
|move|p1a: Clefable|Wish|p1a: Clefable
|
|-heal|p1a: Clefable|59/100|[from] item: Leftovers
|upkeep
|turn|11
|
|t:|1758993942
|move|p2a: Quaquaval|Aqua Step|p1a: Clefable
|-damage|p1a: Clefable|29/100
|-boost|p2a: Quaquaval|spe|1
|move|p1a: Clefable|Moonblast|p2a: Quaquaval
|-supereffective|p2a: Quaquaval
|-damage|p2a: Quaquaval|16/100 par
|
|-heal|p1a: Clefable|79/100|[from] move: Wish|[wisher] Clefable
|-heal|p1a: Clefable|85/100|[from] item: Leftovers
|upkeep
|turn|12
|
|t:|1758993955
|move|p2a: Quaquaval|Roost|p2a: Quaquaval
|-heal|p2a: Quaquaval|66/100 par
|-singleturn|p2a: Quaquaval|move: Roost
|move|p1a: Clefable|Wish|p1a: Clefable
|
|-heal|p1a: Clefable|91/100|[from] item: Leftovers
|upkeep
|turn|13
|
|t:|1758993961
|move|p2a: Quaquaval|Roost|p2a: Quaquaval
|-heal|p2a: Quaquaval|100/100 par
|-singleturn|p2a: Quaquaval|move: Roost
|move|p1a: Clefable|Moonblast|p2a: Quaquaval
|-supereffective|p2a: Quaquaval
|-damage|p2a: Quaquaval|10/100 par
|
|-heal|p1a: Clefable|100/100|[from] move: Wish|[wisher] Clefable
|upkeep
|turn|14
|
|t:|1758993971
|cant|p2a: Quaquaval|par
|move|p1a: Clefable|Moonblast|p2a: Quaquaval
|-supereffective|p2a: Quaquaval
|-damage|p2a: Quaquaval|0 fnt
|faint|p2a: Quaquaval
|
|upkeep
|
|t:|1758993986
|switch|p2a: Necrozma|Necrozma|100/100
|turn|15
|
|t:|1758993992
|move|p2a: Necrozma|Dragon Dance|p2a: Necrozma
|-boost|p2a: Necrozma|atk|1
|-boost|p2a: Necrozma|spe|1
|move|p1a: Clefable|Thunder Wave|p2a: Necrozma
|-status|p2a: Necrozma|par
|
|upkeep
|turn|16
|
|t:|1758993998
|move|p2a: Necrozma|Dragon Dance|p2a: Necrozma
|-boost|p2a: Necrozma|atk|1
|-boost|p2a: Necrozma|spe|1
|move|p1a: Clefable|Stealth Rock|p2a: Necrozma
|-sidestart|p2: occean sick jasper|move: Stealth Rock
|
|upkeep
|turn|17
|
|t:|1758994006
|switch|p1a: Darkrai|Darkrai|42/100 psn
|move|p2a: Necrozma|Knock Off|p1a: Darkrai
|-resisted|p1a: Darkrai
|-damage|p1a: Darkrai|0 fnt
|-enditem|p1a: Darkrai|Choice Specs|[from] move: Knock Off|[of] p2a: Necrozma
|faint|p1a: Darkrai
|
|upkeep
|
|t:|1758994013
|switch|p1a: Iron Crown|Iron Crown|100/100
|turn|18
|
|t:|1758994016
|-terastallize|p1a: Iron Crown|Fighting
|cant|p2a: Necrozma|par
|move|p1a: Iron Crown|Iron Defense|p1a: Iron Crown
|-boost|p1a: Iron Crown|def|2
|
|upkeep
|turn|19
|
|t:|1758994022
|cant|p2a: Necrozma|par
|move|p1a: Iron Crown|Iron Defense|p1a: Iron Crown
|-boost|p1a: Iron Crown|def|2
|
|upkeep
|turn|20
|
|t:|1758994027
|move|p2a: Necrozma|Photon Geyser|p1a: Iron Crown
|-supereffective|p1a: Iron Crown
|-damage|p1a: Iron Crown|49/100
|move|p1a: Iron Crown|Calm Mind|p1a: Iron Crown
|-boost|p1a: Iron Crown|spa|1
|-boost|p1a: Iron Crown|spd|1
|
|-heal|p1a: Iron Crown|55/100|[from] item: Leftovers
|upkeep
|turn|21
|
|t:|1758994036
|move|p2a: Necrozma|Photon Geyser|p1a: Iron Crown
|-supereffective|p1a: Iron Crown
|-damage|p1a: Iron Crown|6/100
|move|p1a: Iron Crown|Tachyon Cutter|p2a: Necrozma
|-damage|p2a: Necrozma|58/100 par
|-damage|p2a: Necrozma|16/100 par
|-hitcount|p2a: Necrozma|2
|
|-heal|p2a: Necrozma|22/100 par|[from] item: Leftovers
|-heal|p1a: Iron Crown|12/100|[from] item: Leftovers
|upkeep
|turn|22
|
|t:|1758994048
|move|p2a: Necrozma|Photon Geyser|p1a: Iron Crown
|-supereffective|p1a: Iron Crown
|-damage|p1a: Iron Crown|0 fnt
|faint|p1a: Iron Crown
|-end|p1a: Iron Crown|Quark Drive|[silent]
|
|-heal|p2a: Necrozma|28/100 par|[from] item: Leftovers
|upkeep
|
|t:|1758994053
|switch|p1a: Clefable|Clefable, F|100/100
|turn|23
|
|t:|1758994061
|move|p2a: Necrozma|Knock Off|p1a: Clefable
|-resisted|p1a: Clefable
|-damage|p1a: Clefable|80/100
|-enditem|p1a: Clefable|Leftovers|[from] move: Knock Off|[of] p2a: Necrozma
|move|p1a: Clefable|Moonblast|p2a: Necrozma
|-damage|p2a: Necrozma|0 fnt
|faint|p2a: Necrozma
|
|upkeep
|
|t:|1758994079
|switch|p2a: Eiscue|Eiscue, F|100/100
|-damage|p2a: Eiscue|76/100|[from] Stealth Rock
|turn|24
|
|t:|1758994086
|move|p2a: Eiscue|Icicle Spear|p1a: Clefable
|-damage|p1a: Clefable|72/100
|-damage|p1a: Clefable|64/100
|-damage|p1a: Clefable|57/100
|-damage|p1a: Clefable|50/100
|-damage|p1a: Clefable|43/100
|-hitcount|p1a: Clefable|5
|move|p1a: Clefable|Thunder Wave|p2a: Eiscue
|-status|p2a: Eiscue|par
|
|upkeep
|turn|25
|
|t:|1758994099
|move|p1a: Clefable|Wish|p1a: Clefable
|cant|p2a: Eiscue|par
|
|upkeep
|turn|26
|
|t:|1758994105
|move|p1a: Clefable|Moonblast|p2a: Eiscue
|-damage|p2a: Eiscue|39/100 par
|cant|p2a: Eiscue|par
|
|-heal|p1a: Clefable|93/100|[from] move: Wish|[wisher] Clefable
|upkeep
|turn|27
|
|t:|1758994113
|move|p1a: Clefable|Moonblast|p2a: Eiscue
|-damage|p2a: Eiscue|0 fnt
|faint|p2a: Eiscue
|
|upkeep
|
|t:|1758994118
|switch|p2a: Mimikyu|Mimikyu, F, shiny|100/100
|turn|28
|
|t:|1758994121
|move|p2a: Mimikyu|Swords Dance|p2a: Mimikyu
|-boost|p2a: Mimikyu|atk|2
|move|p1a: Clefable|Thunder Wave|p2a: Mimikyu
|-status|p2a: Mimikyu|par
|
|upkeep
|turn|29
|
|t:|1758994136
|cant|p2a: Mimikyu|par
|move|p1a: Clefable|Moonblast|p2a: Mimikyu
|-activate|p2a: Mimikyu|ability: Disguise
|-damage|p2a: Mimikyu|100/100 par
|detailschange|p2a: Mimikyu|Mimikyu-Busted, F, shiny
|-damage|p2a: Mimikyu|88/100 par|[from] pokemon: Mimikyu-Busted
|
|upkeep
|turn|30
|
|t:|1758994143
|cant|p2a: Mimikyu|par
|move|p1a: Clefable|Moonblast|p2a: Mimikyu
|-damage|p2a: Mimikyu|47/100 par
|-unboost|p2a: Mimikyu|spa|1
|
|upkeep
|turn|31
|
|t:|1758994150
|move|p2a: Mimikyu|Play Rough|p1a: Clefable
|-damage|p1a: Clefable|36/100
|move|p1a: Clefable|Moonblast|p2a: Mimikyu
|-damage|p2a: Mimikyu|6/100 par
|
|upkeep
|turn|32
|
|t:|1758994156
|move|p2a: Mimikyu|Play Rough|p1a: Clefable
|-damage|p1a: Clefable|0 fnt
|faint|p1a: Clefable
|
|upkeep
|
|t:|1758994158
|switch|p1a: Quaquaval|Quaquaval, M|100/100
|turn|33
|
|t:|1758994166
|move|p1a: Quaquaval|Aqua Step|p2a: Mimikyu
|-damage|p2a: Mimikyu|0 fnt
|-boost|p1a: Quaquaval|spe|1
|faint|p2a: Mimikyu
|
|win|Clairrr03
|raw|Clairrr03's rating: 1210 &rarr; <strong>1231</strong><br />(+21 for winning)
|raw|occean sick jasper's rating: 1153 &rarr; <strong>1132</strong><br />(-21 for losing)
|l|☆Clairrr03
|player|p1|
|l|☆occean sick jasper
|player|p2|
