|j|☆AURAGUARDIANZZZ
|j|☆occean sick jasper
|t:|1758994302
|gametype|singles
|player|p1|AURAGUARDIANZZZ|hoopster|1188
|player|p2|occean sick jasper|parasollady|1132
|gen|9
|tier|[Gen 9] OU
|rated|
|rule|HP Percentage Mod: HP is shown in percentages
|rule|Endless Battle Clause: Forcing endless battles is banned
|rule|Species Clause: Limit one of each Pokémon
|rule|OHKO Clause: OHKO moves are banned
|rule|Evasion Items Clause: Evasion items are banned
|rule|Evasion Moves Clause: Evasion moves are banned
|rule|Evasion Abilities Clause: Evasion abilities are banned
|rule|Sleep Moves Clause: Sleep-inducing moves are banned
|clearpoke
|poke|p1|Lucario, M|
|poke|p1|Garchomp, M|
|poke|p1|Ribombee, M|
|poke|p1|Great Tusk|
|poke|p1|Torterra, M|
|poke|p1|Rotom-Wash|
|poke|p2|Necrozma|
|poke|p2|Mimikyu, F|
|poke|p2|Skarmory, M|
|poke|p2|Cramorant, M|
|poke|p2|Polteageist-Antique|
|poke|p2|Primarina, F|
|teampreview
|
|t:|1758994316
|teamsize|p1|6
|teamsize|p2|6
|start
|switch|p1a: Torterra|Torterra, M|100/100
|switch|p2a: Skarmory|Skarmory, M|100/100
|turn|1
|
|t:|1758994323
|-terastallize|p1a: Torterra|Rock
|move|p2a: Skarmory|Swords Dance|p2a: Skarmory
|-boost|p2a: Skarmory|atk|2
|move|p1a: Torterra|Shell Smash|p1a: Torterra
|-unboost|p1a: Torterra|def|1
|-unboost|p1a: Torterra|spd|1
|-boost|p1a: Torterra|atk|2
|-boost|p1a: Torterra|spa|2
|-boost|p1a: Torterra|spe|2
|
|upkeep
|turn|2
|
|t:|1758994334
|move|p1a: Torterra|Rock Blast|p2a: Skarmory
|-damage|p2a: Skarmory|81/100
|-ability|p2a: Skarmory|Weak Armor|boost
|-unboost|p2a: Skarmory|def|1
|-boost|p2a: Skarmory|spe|2
|-damage|p2a: Skarmory|48/100
|-ability|p2a: Skarmory|Weak Armor|boost
|-unboost|p2a: Skarmory|def|1
|-boost|p2a: Skarmory|spe|2
|-damage|p2a: Skarmory|7/100
|-ability|p2a: Skarmory|Weak Armor|boost
|-unboost|p2a: Skarmory|def|1
|-boost|p2a: Skarmory|spe|2
|-damage|p2a: Skarmory|0 fnt
|faint|p2a: Skarmory
|-hitcount|p2: Skarmory|4
|
|upkeep
|
|t:|1758994355
|switch|p2a: Polteageist|Polteageist-Antique|100/100
|turn|3
|
|t:|1758994363
|move|p1a: Torterra|Rock Blast|p2a: Polteageist
|-damage|p2a: Polteageist|56/100
|-ability|p2a: Polteageist|Weak Armor|boost
|-unboost|p2a: Polteageist|def|1
|-boost|p2a: Polteageist|spe|2
|-damage|p2a: Polteageist|0 fnt
|faint|p2a: Polteageist
|-hitcount|p2: Polteageist|2
|
|upkeep
|
|t:|1758994372
|switch|p2a: Cramorant|Cramorant, M|100/100
|turn|4
|
|t:|1758994388
|move|p1a: Torterra|Rock Blast|p2a: Cramorant
|-supereffective|p2a: Cramorant
|-damage|p2a: Cramorant|19/100
|-supereffective|p2a: Cramorant
|-damage|p2a: Cramorant|0 fnt
|faint|p2a: Cramorant
|-hitcount|p2: Cramorant|2
|
|upkeep
|
|t:|1758994394
|switch|p2a: Necrozma|Necrozma|100/100
|turn|5
|
|t:|1758994403
|move|p1a: Torterra|Rock Blast|p2a: Necrozma
|-damage|p2a: Necrozma|77/100
|-damage|p2a: Necrozma|55/100
|-damage|p2a: Necrozma|31/100
|-damage|p2a: Necrozma|10/100
|-damage|p2a: Necrozma|0 fnt
|faint|p2a: Necrozma
|-hitcount|p2: Necrozma|5
|
|upkeep
|
|t:|1758994413
|switch|p2a: Primarina|Primarina, F|100/100
|turn|6
|
|t:|1758994434
|-terastallize|p2a: Primarina|Poison
|move|p1a: Torterra|Bullet Seed|p2a: Primarina
|-resisted|p2a: Primarina
|-damage|p2a: Primarina|90/100
|-resisted|p2a: Primarina
|-damage|p2a: Primarina|80/100
|-resisted|p2a: Primarina
|-damage|p2a: Primarina|68/100
|-resisted|p2a: Primarina
|-damage|p2a: Primarina|57/100
|-resisted|p2a: Primarina
|-crit|p2a: Primarina
|-damage|p2a: Primarina|42/100
|-hitcount|p2a: Primarina|5
|move|p2a: Primarina|Chilling Water|p1a: Torterra
|-supereffective|p1a: Torterra
|-damage|p1a: Torterra|21/100
|-unboost|p1a: Torterra|atk|1
|
|-heal|p2a: Primarina|48/100|[from] item: Leftovers
|upkeep
|turn|7
|
|t:|1758994450
|move|p1a: Torterra|Earthquake|p2a: Primarina
|-supereffective|p2a: Primarina
|-damage|p2a: Primarina|0 fnt
|faint|p2a: Primarina
|
|upkeep
|
|t:|1758994455
|switch|p2a: Mimikyu|Mimikyu, F, shiny|100/100
|turn|8
|
|t:|1758994460
|move|p1a: Torterra|Rock Blast|p2a: Mimikyu
|-activate|p2a: Mimikyu|ability: Disguise
|-damage|p2a: Mimikyu|100/100
|detailschange|p2a: Mimikyu|Mimikyu-Busted, F, shiny
|-damage|p2a: Mimikyu|88/100|[from] pokemon: Mimikyu-Busted
|-damage|p2a: Mimikyu|59/100
|-damage|p2a: Mimikyu|32/100
|-damage|p2a: Mimikyu|6/100
|-damage|p2a: Mimikyu|0 fnt
|faint|p2a: Mimikyu
|-hitcount|p2: Mimikyu|5
|
|win|AURAGUARDIANZZZ
|raw|AURAGUARDIANZZZ's rating: 1188 &rarr; <strong>1209</strong><br />(+21 for winning)
|raw|occean sick jasper's rating: 1132 &rarr; <strong>1111</strong><br />(-21 for losing)
|l|☆occean sick jasper
|player|p2|
