|badge|p2|bronze|gen9ou|100-6
|html|<div class="broadcast-red"><strong>This battle is required to be public due to one or more player having a season medal.</strong><br />During the public phase, you can discuss the state of the ladder <a href="/seasondiscussion">in a special chatroom.</a></div>
|uhtml|medal-msg|<div class="broadcast-blue">Curious what those medals under the avatar are? PS now has Ladder Seasons! For more information, check out the <a href="https://www.smogon.com/forums/threads/3740067/">thread on Smogon.</a></div>
|raw|<div class="broadcast-blue"><strong>This battle is required to be public due to a player having a name starting with 'medal'.</div>
|j|☆patio fence
|j|☆Light SV
|t:|1759016180
|gametype|singles
|player|p1|patio fence|fisherman-gen2jp|1771
|player|p2|Light SV|blue-gen7|1872
|gen|9
|tier|[Gen 9] OU
|rated|
|rule|HP Percentage Mod: HP is shown in percentages
|rule|Endless Battle Clause: Forcing endless battles is banned
|rule|Species Clause: Limit one of each Pokémon
|rule|OHKO Clause: OHKO moves are banned
|rule|Evasion Items Clause: Evasion items are banned
|rule|Evasion Moves Clause: Evasion moves are banned
|rule|Evasion Abilities Clause: Evasion abilities are banned
|rule|Sleep Moves Clause: Sleep-inducing moves are banned
|clearpoke
|poke|p1|Deoxys-Speed|
|poke|p1|Glimmora, M|
|poke|p1|Zamazenta-*|
|poke|p1|Kingambit, M|
|poke|p1|Ogerpon-Wellspring, F|
|poke|p1|Darkrai|
|poke|p2|Iron Crown|
|poke|p2|Gliscor, F|
|poke|p2|Great Tusk|
|poke|p2|Primarina, F|
|poke|p2|Cinderace, F|
|poke|p2|Zamazenta-*|
|teampreview
|inactive|Battle timer is ON: inactive players will automatically lose when time's up. (requested by Light SV)
|inactive|patio fence also wants the timer to be on.
|j| amefurikoneko
|
|t:|1759016205
|teamsize|p1|6
|teamsize|p2|6
|start
|switch|p1a: Glimmora|Glimmora, M|100/100
|switch|p2a: Iron Crown|Iron Crown|100/100
|turn|1
|
|t:|1759016213
|switch|p1a: Kingambit|Kingambit, M|100/100
|move|p2a: Iron Crown|Tachyon Cutter|p1a: Kingambit
|-resisted|p1a: Kingambit
|-damage|p1a: Kingambit|86/100
|-resisted|p1a: Kingambit
|-damage|p1a: Kingambit|71/100
|-hitcount|p1a: Kingambit|2
|
|upkeep
|turn|2
|inactive|patio fence has 120 seconds left.
|
|t:|1759016250
|-end|p2a: Iron Crown|Quark Drive|[silent]
|switch|p2a: Gliscor|Gliscor, F|100/100
|-end|p1a: Kingambit|fallenundefined|[silent]
|switch|p1a: Deoxys|Deoxys-Speed|100/100
|-ability|p1a: Deoxys|Pressure
|
|-status|p2a: Gliscor|tox|[from] item: Toxic Orb
|upkeep
|turn|3
|
|t:|1759016255
|switch|p2a: Iron Crown|Iron Crown|100/100
|move|p1a: Deoxys|Taunt|p2a: Iron Crown
|-start|p2a: Iron Crown|move: Taunt
|
|upkeep
|turn|4
|
|t:|1759016264
|move|p1a: Deoxys|Light Screen|p1a: Deoxys
|-sidestart|p1: patio fence|move: Light Screen
|move|p2a: Iron Crown|Tachyon Cutter|p1a: Deoxys
|-damage|p1a: Deoxys|84/100
|-damage|p1a: Deoxys|69/100
|-hitcount|p1a: Deoxys|2
|
|upkeep
|turn|5
|
|t:|1759016269
|switch|p1a: Darkrai|Darkrai|100/100
|move|p2a: Iron Crown|Tachyon Cutter|p1a: Darkrai
|-damage|p1a: Darkrai|86/100
|-damage|p1a: Darkrai|71/100
|-hitcount|p1a: Darkrai|2
|
|-end|p2a: Iron Crown|move: Taunt
|upkeep
|turn|6
|
|t:|1759016273
|move|p1a: Darkrai|Nasty Plot|p1a: Darkrai
|-boost|p1a: Darkrai|spa|2
|move|p2a: Iron Crown|Volt Switch|p1a: Darkrai
|-damage|p1a: Darkrai|56/100
|
|t:|1759016276
|-end|p2a: Iron Crown|Quark Drive|[silent]
|switch|p2a: Zamazenta|Zamazenta|100/100|[from] Volt Switch
|-ability|p2a: Zamazenta|Dauntless Shield|boost
|-boost|p2a: Zamazenta|def|1
|
|upkeep
|turn|7
|
|t:|1759016280
|-terastallize|p1a: Darkrai|Fairy
|move|p2a: Zamazenta|Body Press|p1a: Darkrai
|-resisted|p1a: Darkrai
|-damage|p1a: Darkrai|30/100
|move|p1a: Darkrai|Tera Blast|p2a: Zamazenta|[anim] Tera Blast Fairy
|-supereffective|p2a: Zamazenta
|-crit|p2a: Zamazenta
|-damage|p2a: Zamazenta|0 fnt
|faint|p2a: Zamazenta
|
|upkeep
|
|t:|1759016288
|switch|p2a: Great Tusk|Great Tusk|100/100
|-enditem|p2a: Great Tusk|Booster Energy
|-activate|p2a: Great Tusk|ability: Protosynthesis|[fromitem]
|-start|p2a: Great Tusk|protosynthesisspe
|turn|8
|
|t:|1759016296
|switch|p1a: Ogerpon|Ogerpon-Wellspring, F|100/100
|move|p2a: Great Tusk|Headlong Rush|p1a: Ogerpon
|-resisted|p1a: Ogerpon
|-damage|p1a: Ogerpon|69/100
|-unboost|p2a: Great Tusk|def|1
|-unboost|p2a: Great Tusk|spd|1
|
|upkeep
|turn|9
|
|t:|1759016298
|move|p2a: Great Tusk|Bulk Up|p2a: Great Tusk
|-boost|p2a: Great Tusk|atk|1
|-boost|p2a: Great Tusk|def|1
|move|p1a: Ogerpon|Trailblaze|p2a: Great Tusk
|-supereffective|p2a: Great Tusk
|-damage|p2a: Great Tusk|59/100
|-boost|p1a: Ogerpon|spe|1
|
|upkeep
|turn|10
|
|t:|1759016302
|move|p1a: Ogerpon|Ivy Cudgel|p2a: Great Tusk|[anim] Ivy Cudgel Water
|-supereffective|p2a: Great Tusk
|-damage|p2a: Great Tusk|0 fnt
|faint|p2a: Great Tusk
|-end|p2a: Great Tusk|Protosynthesis|[silent]
|
|upkeep
|
|t:|1759016315
|switch|p2a: Gliscor|Gliscor, F|100/100 tox
|turn|11
|l|☆Light SV
|inactive|Light SV disconnected and has a minute to reconnect!
|player|p2|
|j| larp legion
|inactive|Light SV has 30 seconds to reconnect!
|j|☆Light SV
|inactive|Light SV reconnected and has 100 seconds left.
|player|p2|Light SV|blue-gen7|
|
|t:|1759016371
|-terastallize|p2a: Gliscor|Normal
|move|p1a: Ogerpon|Swords Dance|p1a: Ogerpon
|-boost|p1a: Ogerpon|atk|2
|move|p2a: Gliscor|Facade|p1a: Ogerpon
|-damage|p1a: Ogerpon|11/100
|
|-sideend|p1: patio fence|move: Light Screen
|upkeep
|turn|12
|
|t:|1759016382
|move|p1a: Ogerpon|Ivy Cudgel|p2a: Gliscor|[anim] Ivy Cudgel Water
|-crit|p2a: Gliscor
|-damage|p2a: Gliscor|0 fnt
|faint|p2a: Gliscor
|
|upkeep
|c|☆Light SV|i'm max def but ok
|inactive|Light SV has 90 seconds left.
|-message|Light SV forfeited.
|
|win|patio fence
|raw|patio fence's rating: 1783 &rarr; <strong>1808</strong><br />(+25 for winning)
|raw|Light SV's rating: 1872 &rarr; <strong>1847</strong><br />(-25 for losing)
|l|☆patio fence
|player|p1|
|l|☆Light SV
|player|p2|
