|j|☆manuhappe
|j|☆WingOnCurvedLight
|t:|1759023367
|gametype|singles
|player|p1|manuhappe|101|1022
|player|p2|WingOnCurvedLight|youngster-gen4dp|1000
|gen|9
|tier|[Gen 9] OU
|rated|
|rule|HP Percentage Mod: HP is shown in percentages
|rule|Endless Battle Clause: Forcing endless battles is banned
|rule|Species Clause: Limit one of each Pokémon
|rule|OHKO Clause: OHKO moves are banned
|rule|Evasion Items Clause: Evasion items are banned
|rule|Evasion Moves Clause: Evasion moves are banned
|rule|Evasion Abilities Clause: Evasion abilities are banned
|rule|Sleep Moves Clause: Sleep-inducing moves are banned
|clearpoke
|poke|p1|Garchomp, M|
|poke|p1|Lucario, F|
|poke|p1|Toxtricity, F|
|poke|p1|Swampert, M|
|poke|p1|Skeledirge, F|
|poke|p1|Corviknight, F|
|poke|p2|Zapdos|
|poke|p2|Slowking-Galar, F|
|poke|p2|Jirachi|
|poke|p2|Landorus-Therian, M|
|poke|p2|Alomomola, F|
|poke|p2|Kingambit, M|
|teampreview
|
|t:|1759023388
|teamsize|p1|6
|teamsize|p2|6
|start
|switch|p1a: happy|Swampert, M|100/100
|switch|p2a: Alomomola|Alomomola, F|100/100
|turn|1
|
|t:|1759023399
|move|p1a: happy|Curse|p1a: happy
|-unboost|p1a: happy|spe|1
|-boost|p1a: happy|atk|1
|-boost|p1a: happy|def|1
|move|p2a: Alomomola|Body Slam|p1a: happy
|-damage|p1a: happy|92/100
|
|-heal|p1a: happy|99/100|[from] item: Leftovers
|upkeep
|turn|2
|
|t:|1759023418
|move|p2a: Alomomola|Flip Turn|p1a: happy
|-damage|p1a: happy|90/100
|
|t:|1759023421
|switch|p2a: Landorus|Landorus-Therian, M|100/100|[from] Flip Turn
|-ability|p2a: Landorus|Intimidate|boost
|-unboost|p1a: happy|atk|1
|move|p1a: happy|Curse|p1a: happy
|-unboost|p1a: happy|spe|1
|-boost|p1a: happy|atk|1
|-boost|p1a: happy|def|1
|
|-heal|p1a: happy|96/100|[from] item: Leftovers
|upkeep
|turn|3
|
|t:|1759023437
|-terastallize|p1a: happy|Grass
|move|p2a: Landorus|Fling|p1a: happy
|-damage|p1a: happy|92/100
|-status|p1a: happy|par
|-enditem|p2a: Landorus|Light Ball|[from] move: Fling
|move|p1a: happy|Ice Punch|p2a: Landorus
|-supereffective|p2a: Landorus
|-damage|p2a: Landorus|0 fnt
|faint|p2a: Landorus
|
|-heal|p1a: happy|99/100 par|[from] item: Leftovers
|upkeep
|
|t:|1759023451
|switch|p2a: Zapdos|Zapdos|100/100
|turn|4
|
|t:|1759023463
|move|p2a: Zapdos|Substitute|p2a: Zapdos
|-start|p2a: Zapdos|Substitute
|-damage|p2a: Zapdos|76/100
|move|p1a: happy|Ice Punch|p2a: Zapdos
|-supereffective|p2a: Zapdos
|-end|p2a: Zapdos|Substitute
|
|-heal|p1a: happy|100/100 par|[from] item: Leftovers
|upkeep
|turn|5
|
|t:|1759023475
|move|p2a: Zapdos|Substitute|p2a: Zapdos
|-start|p2a: Zapdos|Substitute
|-damage|p2a: Zapdos|51/100
|move|p1a: happy|Ice Punch|p2a: Zapdos
|-supereffective|p2a: Zapdos
|-end|p2a: Zapdos|Substitute
|
|upkeep
|turn|6
|
|t:|1759023481
|move|p2a: Zapdos|Roost|p2a: Zapdos
|-heal|p2a: Zapdos|100/100
|-singleturn|p2a: Zapdos|move: Roost
|move|p1a: happy|Ice Punch|p2a: Zapdos
|-damage|p2a: Zapdos|81/100
|
|upkeep
|turn|7
|
|t:|1759023491
|move|p2a: Zapdos|Substitute|p2a: Zapdos
|-start|p2a: Zapdos|Substitute
|-damage|p2a: Zapdos|57/100
|move|p1a: happy|Curse|p1a: happy
|-unboost|p1a: happy|spe|1
|-boost|p1a: happy|atk|1
|-boost|p1a: happy|def|1
|
|upkeep
|turn|8
|
|t:|1759023501
|move|p2a: Zapdos|Hurricane|p1a: happy|[miss]
|-miss|p2a: Zapdos|p1a: happy
|move|p1a: happy|Stealth Rock|p2a: Zapdos
|-sidestart|p2: WingOnCurvedLight|move: Stealth Rock
|
|upkeep
|turn|9
|
|t:|1759023507
|move|p2a: Zapdos|Hurricane|p1a: happy|[miss]
|-miss|p2a: Zapdos|p1a: happy
|cant|p1a: happy|par
|
|upkeep
|turn|10
|
|t:|1759023512
|move|p2a: Zapdos|Hurricane|p1a: happy
|-supereffective|p1a: happy
|-damage|p1a: happy|32/100 par
|cant|p1a: happy|par
|
|-heal|p1a: happy|38/100 par|[from] item: Leftovers
|upkeep
|turn|11
|
|t:|1759023520
|move|p2a: Zapdos|Hurricane|p1a: happy
|-supereffective|p1a: happy
|-damage|p1a: happy|0 fnt
|faint|p1a: happy
|
|upkeep
|
|t:|1759023531
|switch|p1a: curcobain|Toxtricity, F|100/100
|turn|12
|
|t:|1759023536
|switch|p2a: Slowking|Slowking-Galar, F|100/100
|move|p1a: curcobain|Overdrive|p2a: Slowking
|-damage|p2a: Slowking|66/100
|-enditem|p1a: curcobain|Throat Spray
|-boost|p1a: curcobain|spa|1|[from] item: Throat Spray
|
|upkeep
|turn|13
|
|t:|1759023547
|move|p1a: curcobain|Boomburst|p2a: Slowking
|-damage|p2a: Slowking|9/100
|move|p2a: Slowking|Future Sight|p1a: curcobain
|-start|p2a: Slowking|move: Future Sight
|
|upkeep
|turn|14
|
|t:|1759023554
|switch|p2a: Jirachi|Jirachi|100/100
|-damage|p2a: Jirachi|94/100|[from] Stealth Rock
|move|p1a: curcobain|Boomburst|p2a: Jirachi
|-resisted|p2a: Jirachi
|-damage|p2a: Jirachi|59/100
|
|-heal|p2a: Jirachi|65/100|[from] item: Leftovers
|upkeep
|turn|15
|
|t:|1759023563
|switch|p2a: Slowking|Slowking-Galar, F|42/100
|move|p1a: curcobain|Overdrive|p2a: Slowking
|-damage|p2a: Slowking|0 fnt
|faint|p2a: Slowking
|
|-end|p1a: curcobain|move: Future Sight
|-supereffective|p1a: curcobain
|-damage|p1a: curcobain|0 fnt
|faint|p1a: curcobain
|upkeep
|
|t:|1759023579
|switch|p1a: dora|Lucario, F|100/100
|switch|p2a: Zapdos|Zapdos|57/100
|turn|16
|
|t:|1759023586
|move|p1a: dora|Swords Dance|p1a: dora
|-boost|p1a: dora|atk|2
|move|p2a: Zapdos|Roost|p2a: Zapdos
|-heal|p2a: Zapdos|100/100
|-singleturn|p2a: Zapdos|move: Roost
|
|upkeep
|turn|17
|
|t:|1759023596
|move|p1a: dora|Extreme Speed|p2a: Zapdos
|-damage|p2a: Zapdos|66/100
|move|p2a: Zapdos|Discharge|p1a: dora
|-damage|p1a: dora|49/100
|
|upkeep
|turn|18
|
|t:|1759023609
|move|p1a: dora|Extreme Speed|p2a: Zapdos
|-damage|p2a: Zapdos|33/100
|move|p2a: Zapdos|Roost|p2a: Zapdos
|-heal|p2a: Zapdos|84/100
|-singleturn|p2a: Zapdos|move: Roost
|
|upkeep
|turn|19
|
|t:|1759023619
|move|p1a: dora|Bullet Punch|p2a: Zapdos
|-resisted|p2a: Zapdos
|-damage|p2a: Zapdos|72/100
|move|p2a: Zapdos|Discharge|p1a: dora
|-damage|p1a: dora|0 fnt
|faint|p1a: dora
|
|upkeep
|
|t:|1759023626
|switch|p1a: killer crok|Skeledirge, F|100/100
|turn|20
|
|t:|1759023632
|move|p2a: Zapdos|Discharge|p1a: killer crok
|-damage|p1a: killer crok|63/100
|-status|p1a: killer crok|par
|cant|p1a: killer crok|par
|
|-heal|p1a: killer crok|69/100 par|[from] item: Leftovers
|upkeep
|turn|21
|
|t:|1759023640
|move|p2a: Zapdos|Hurricane|p1a: killer crok
|-damage|p1a: killer crok|22/100 par
|-start|p1a: killer crok|confusion
|-activate|p1a: killer crok|confusion
|-damage|p1a: killer crok|19/100 par|[from] confusion
|
|-heal|p1a: killer crok|25/100 par|[from] item: Leftovers
|upkeep
|turn|22
|
|t:|1759023647
|move|p2a: Zapdos|Discharge|p1a: killer crok
|-damage|p1a: killer crok|0 fnt
|faint|p1a: killer crok
|
|upkeep
|
|t:|1759023652
|switch|p1a: tralalero|Garchomp, M|100/100
|turn|23
|
|t:|1759023661
|move|p1a: tralalero|Swords Dance|p1a: tralalero
|-boost|p1a: tralalero|atk|2
|move|p2a: Zapdos|Hurricane|p1a: tralalero
|-damage|p1a: tralalero|52/100
|
|upkeep
|turn|24
|
|t:|1759023668
|move|p1a: tralalero|Dragon Claw|p2a: Zapdos
|-damage|p2a: Zapdos|0 fnt
|faint|p2a: Zapdos
|-damage|p1a: tralalero|43/100|[from] item: Life Orb
|
|upkeep
|
|t:|1759023684
|switch|p2a: Kingambit|Kingambit, M|100/100
|-damage|p2a: Kingambit|94/100|[from] Stealth Rock
|-activate|p2a: Kingambit|ability: Supreme Overlord
|-start|p2a: Kingambit|fallen3|[silent]
|turn|25
|
|t:|1759023692
|move|p2a: Kingambit|Sucker Punch|p1a: tralalero
|-damage|p1a: tralalero|0 fnt
|-damage|p2a: Kingambit|82/100|[from] ability: Rough Skin|[of] p1a: tralalero
|faint|p1a: tralalero
|
|-heal|p2a: Kingambit|88/100|[from] item: Leftovers
|upkeep
|
|t:|1759023698
|switch|p1a: chispa|Corviknight, F|100/100
|turn|26
|
|t:|1759023704
|-terastallize|p2a: Kingambit|Ghost
|move|p2a: Kingambit|Swords Dance|p2a: Kingambit
|-boost|p2a: Kingambit|atk|2
|move|p1a: chispa|Brave Bird|p2a: Kingambit
|-damage|p2a: Kingambit|59/100
|-damage|p1a: chispa|91/100|[from] Recoil
|
|-heal|p2a: Kingambit|65/100|[from] item: Leftovers
|upkeep
|turn|27
|
|t:|1759023713
|move|p2a: Kingambit|Kowtow Cleave|p1a: chispa
|-damage|p1a: chispa|0 fnt
|-damage|p2a: Kingambit|49/100|[from] item: Rocky Helmet|[of] p1a: chispa
|faint|p1a: chispa
|
|win|WingOnCurvedLight
|raw|manuhappe's rating: 1022 &rarr; <strong>1008</strong><br />(-14 for losing)
|raw|WingOnCurvedLight's rating: 1000 &rarr; <strong>1043</strong><br />(+43 for winning)
