|j|☆nitro n7
|j|☆FOX lRL
|t:|1759060891
|gametype|singles
|player|p1|nitro n7|hilbert|1496
|player|p2|FOX lRL|170|1482
|gen|9
|tier|[Gen 9] OU
|rated|
|rule|HP Percentage Mod: HP is shown in percentages
|rule|Endless Battle Clause: Forcing endless battles is banned
|rule|Species Clause: Limit one of each Pokémon
|rule|OHKO Clause: OHKO moves are banned
|rule|Evasion Items Clause: Evasion items are banned
|rule|Evasion Moves Clause: Evasion moves are banned
|rule|Evasion Abilities Clause: Evasion abilities are banned
|rule|Sleep Moves Clause: Sleep-inducing moves are banned
|clearpoke
|poke|p1|Gholdengo|
|poke|p1|Zamazenta-*|
|poke|p1|Ting-Lu|
|poke|p1|Clefable, F|
|poke|p1|Dragonite, M|
|poke|p1|Deoxys-Speed|
|poke|p2|Cresselia, F|
|poke|p2|Glastrier|
|poke|p2|Ursaluna, M|
|poke|p2|Hatterene, F|
|poke|p2|Kingambit, F|
|poke|p2|Torkoal, F|
|teampreview
|inactive|Battle timer is ON: inactive players will automatically lose when time's up. (requested by FOX lRL)
|inactive|nitro n7 also wants the timer to be on.
|
|t:|1759060910
|teamsize|p1|6
|teamsize|p2|6
|start
|switch|p1a: Dude Nasty Asf|Deoxys-Speed|100/100
|switch|p2a: Hatterene|Hatterene, F|100/100
|-ability|p1a: Dude Nasty Asf|Pressure
|turn|1
|
|t:|1759060931
|move|p1a: Dude Nasty Asf|Thunderbolt|p2a: Hatterene
|-damage|p2a: Hatterene|73/100
|-status|p2a: Hatterene|par
|move|p2a: Hatterene|Trick Room|p2a: Hatterene
|-fieldstart|move: Trick Room|[of] p2a: Hatterene
|
|upkeep
|turn|2
|
|t:|1759060946
|switch|p1a: Up Bowl On Em|Ting-Lu|100/100
|-ability|p1a: Up Bowl On Em|Vessel of Ruin
|move|p2a: Hatterene|Misty Explosion|p1a: Up Bowl On Em
|-supereffective|p1a: Up Bowl On Em
|-damage|p1a: Up Bowl On Em|54/100
|faint|p2a: Hatterene
|
|-heal|p1a: Up Bowl On Em|60/100|[from] item: Leftovers
|upkeep
|
|t:|1759060958
|switch|p2a: Glastrier|Glastrier|100/100
|turn|3
|inactive|nitro n7 has 120 seconds left.
|
|t:|1759061008
|switch|p1a: CClifford|Zamazenta|100/100
|-ability|p1a: CClifford|Dauntless Shield|boost
|-boost|p1a: CClifford|def|1
|move|p2a: Glastrier|Icicle Crash|p1a: CClifford
|-damage|p1a: CClifford|68/100
|
|upkeep
|turn|4
|
|t:|1759061015
|switch|p2a: BOMBA|Torkoal, F|100/100
|-weather|SunnyDay|[from] ability: Drought|[of] p2a: BOMBA
|move|p1a: CClifford|Close Combat|p2a: BOMBA
|-damage|p2a: BOMBA|59/100
|-unboost|p1a: CClifford|def|1
|-unboost|p1a: CClifford|spd|1
|
|-weather|SunnyDay|[upkeep]
|upkeep
|turn|5
|inactive|nitro n7 has 90 seconds left.
|inactive|nitro n7 has 60 seconds left.
|
|t:|1759061078
|switch|p1a: Secret Service|Dragonite, M|100/100
|move|p2a: BOMBA|Overheat|p1a: Secret Service
|-resisted|p1a: Secret Service
|-damage|p1a: Secret Service|76/100
|-unboost|p2a: BOMBA|spa|2
|
|-weather|SunnyDay|[upkeep]
|-fieldend|move: Trick Room
|upkeep
|turn|6
|inactive|nitro n7 has 60 seconds left.
|
|t:|1759061088
|switch|p2a: Cresselia|Cresselia, F|100/100
|move|p1a: Secret Service|Dragon Tail|p2a: Cresselia
|-damage|p2a: Cresselia|81/100
|drag|p2a: Glastrier|Glastrier|100/100
|
|-weather|SunnyDay|[upkeep]
|upkeep
|turn|7
|inactive|nitro n7 has 60 seconds left.
|
|t:|1759061115
|switch|p1a: Satoru Ghojo|Gholdengo|100/100
|move|p2a: Glastrier|Swords Dance|p2a: Glastrier
|-boost|p2a: Glastrier|atk|2
|
|-weather|SunnyDay|[upkeep]
|upkeep
|turn|8
|inactive|nitro n7 has 30 seconds left.
|inactive|nitro n7 has 20 seconds left.
|inactive|nitro n7 has 15 seconds left.
|
|t:|1759061160
|-terastallize|p2a: Glastrier|Electric
|move|p1a: Satoru Ghojo|Make It Rain|p2a: Glastrier
|-resisted|p2a: Glastrier
|-damage|p2a: Glastrier|81/100
|-unboost|p1a: Satoru Ghojo|spa|1
|move|p2a: Glastrier|High Horsepower|p1a: Satoru Ghojo
|-supereffective|p1a: Satoru Ghojo
|-damage|p1a: Satoru Ghojo|0 fnt
|faint|p1a: Satoru Ghojo
|-ability|p2a: Glastrier|Chilling Neigh|boost
|-boost|p2a: Glastrier|atk|1
|
|-weather|none
|upkeep
|inactive|nitro n7 has 20 seconds left this turn.
|inactive|nitro n7 has 15 seconds left.
|
|t:|1759061166
|switch|p1a: Secret Service|Dragonite, M|76/100
|turn|9
|inactive|nitro n7 has 25 seconds left this turn.
|
|t:|1759061177
|move|p1a: Secret Service|Earthquake|p2a: Glastrier
|-supereffective|p2a: Glastrier
|-damage|p2a: Glastrier|32/100
|move|p2a: Glastrier|Tera Blast|p1a: Secret Service|[anim] Tera Blast Electric
|-damage|p1a: Secret Service|0 fnt
|faint|p1a: Secret Service
|-ability|p2a: Glastrier|Chilling Neigh|boost
|-boost|p2a: Glastrier|atk|1
|
|upkeep
|inactive|nitro n7 has 30 seconds left this turn.
|
|t:|1759061183
|switch|p1a: Dude Nasty Asf|Deoxys-Speed|100/100
|-ability|p1a: Dude Nasty Asf|Pressure
|turn|10
|-message|nitro n7 forfeited.
|
|win|FOX lRL
|raw|nitro n7's rating: 1496 &rarr; <strong>1475</strong><br />(-21 for losing)
|raw|FOX lRL's rating: 1482 &rarr; <strong>1503</strong><br />(+21 for winning)
|l|☆nitro n7
|player|p1|
|l|☆FOX lRL
|player|p2|
