|j|☆TUMECENTZELL
|j|☆TesterAnonymatum
|t:|1759008991
|gametype|singles
|player|p1|TUMECENTZELL|266|1366
|player|p2|TesterAnonymatum|102|1369
|gen|9
|tier|[Gen 9] OU
|rated|
|rule|HP Percentage Mod: HP is shown in percentages
|rule|Endless Battle Clause: Forcing endless battles is banned
|rule|Species Clause: Limit one of each Pokémon
|rule|OHKO Clause: OHKO moves are banned
|rule|Evasion Items Clause: Evasion items are banned
|rule|Evasion Moves Clause: Evasion moves are banned
|rule|Evasion Abilities Clause: Evasion abilities are banned
|rule|Sleep Moves Clause: Sleep-inducing moves are banned
|clearpoke
|poke|p1|Lokix, M|
|poke|p1|Goodra-Hisui, F|
|poke|p1|Slowbro, F|
|poke|p1|Corviknight, F|
|poke|p1|Staraptor, M|
|poke|p1|Iron Moth|
|poke|p2|Ursaluna, M|
|poke|p2|Rabsca, F|
|poke|p2|Kingambit, M|
|poke|p2|Iron Hands|
|poke|p2|Torkoal, F|
|poke|p2|Cresselia, F|
|teampreview
|inactive|Battle timer is ON: inactive players will automatically lose when time's up. (requested by TUMECENTZELL)
|
|t:|1759009002
|teamsize|p1|6
|teamsize|p2|6
|start
|switch|p1a: Iron Moth|Iron Moth|100/100
|switch|p2a: Iron Hands|Iron Hands, shiny|100/100
|-enditem|p1a: Iron Moth|Booster Energy
|-activate|p1a: Iron Moth|ability: Quark Drive|[fromitem]
|-start|p1a: Iron Moth|quarkdrivespa
|-enditem|p2a: Iron Hands|Booster Energy
|-activate|p2a: Iron Hands|ability: Quark Drive|[fromitem]
|-start|p2a: Iron Hands|quarkdriveatk
|turn|1
|
|t:|1759009011
|move|p1a: Iron Moth|Dazzling Gleam|p2a: Iron Hands
|-supereffective|p2a: Iron Hands
|-damage|p2a: Iron Hands|34/100
|move|p2a: Iron Hands|Earthquake|p1a: Iron Moth
|-supereffective|p1a: Iron Moth
|-damage|p1a: Iron Moth|0 fnt
|faint|p1a: Iron Moth
|-end|p1a: Iron Moth|Quark Drive|[silent]
|
|upkeep
|
|t:|1759009022
|switch|p1a: Staraptor|Staraptor, M|100/100
|turn|2
|
|t:|1759009044
|move|p1a: Staraptor|Brave Bird|p2a: Iron Hands
|-damage|p2a: Iron Hands|0 fnt
|faint|p2a: Iron Hands
|-end|p2a: Iron Hands|Quark Drive|[silent]
|-damage|p1a: Staraptor|82/100|[from] Recoil
|
|upkeep
|
|t:|1759009050
|switch|p2a: Cresselia|Cresselia, F, shiny|100/100
|turn|3
|
|t:|1759009057
|switch|p1a: Lokix|Lokix, M|100/100
|move|p2a: Cresselia|Trick Room|p2a: Cresselia
|-fieldstart|move: Trick Room|[of] p2a: Cresselia
|
|upkeep
|turn|4
|
|t:|1759009062
|switch|p2a: Torkoal|Torkoal, F|100/100
|-weather|SunnyDay|[from] ability: Drought|[of] p2a: Torkoal
|move|p1a: Lokix|First Impression|p2a: Torkoal
|-resisted|p2a: Torkoal
|-damage|p2a: Torkoal|69/100
|
|-weather|SunnyDay|[upkeep]
|upkeep
|turn|5
|
|t:|1759009072
|switch|p1a: Goodra|Goodra-Hisui, F|100/100
|move|p2a: Torkoal|Eruption|p1a: Goodra
|-damage|p1a: Goodra|57/100
|
|-weather|SunnyDay|[upkeep]
|upkeep
|turn|6
|
|t:|1759009081
|move|p2a: Torkoal|Eruption|p1a: Goodra
|-damage|p1a: Goodra|12/100
|move|p1a: Goodra|Sludge Bomb|p2a: Torkoal
|-crit|p2a: Torkoal
|-damage|p2a: Torkoal|12/100
|
|-weather|SunnyDay|[upkeep]
|upkeep
|turn|7
|
|t:|1759009089
|switch|p2a: Rabsca|Rabsca, F|100/100
|move|p1a: Goodra|Sludge Bomb|p2a: Rabsca
|-damage|p2a: Rabsca|76/100
|
|-weather|SunnyDay|[upkeep]
|-fieldend|move: Trick Room
|upkeep
|turn|8
|
|t:|1759009100
|move|p1a: Goodra|Dragon Pulse|p2a: Rabsca
|-damage|p2a: Rabsca|40/100
|move|p2a: Rabsca|Light Screen|p2a: Rabsca
|-sidestart|p2: TesterAnonymatum|move: Light Screen
|
|-weather|none
|upkeep
|turn|9
|
|t:|1759009107
|move|p1a: Goodra|Sludge Bomb|p2a: Rabsca
|-damage|p2a: Rabsca|27/100
|move|p2a: Rabsca|Trick Room|p2a: Rabsca
|-fieldstart|move: Trick Room|[of] p2a: Rabsca
|
|upkeep
|turn|10
|
|t:|1759009117
|move|p2a: Rabsca|Revival Blessing|p2a: Rabsca
|
|t:|1759009119
|-heal|p2: Iron Hands|50/100|[from] move: Revival Blessing
|move|p1a: Goodra|Dragon Pulse|p2a: Rabsca
|-damage|p2a: Rabsca|8/100
|
|upkeep
|turn|11
|
|t:|1759009125
|move|p2a: Rabsca|Reflect|p2a: Rabsca
|-sidestart|p2: TesterAnonymatum|Reflect
|move|p1a: Goodra|Dragon Pulse|p2a: Rabsca
|-damage|p2a: Rabsca|0 fnt
|faint|p2a: Rabsca
|
|upkeep
|
|t:|1759009136
|switch|p2a: Torkoal|Torkoal, F|12/100
|-weather|SunnyDay|[from] ability: Drought|[of] p2a: Torkoal
|turn|12
|
|t:|1759009141
|move|p2a: Torkoal|Flamethrower|p1a: Goodra
|-damage|p1a: Goodra|0 fnt
|faint|p1a: Goodra
|
|-weather|SunnyDay|[upkeep]
|upkeep
|
|t:|1759009149
|switch|p1a: Staraptor|Staraptor, M|82/100
|turn|13
|
|t:|1759009155
|switch|p1a: Slowbro|Slowbro, F|100/100
|move|p2a: Torkoal|Flamethrower|p1a: Slowbro
|-resisted|p1a: Slowbro
|-damage|p1a: Slowbro|57/100
|-status|p1a: Slowbro|brn
|
|-weather|SunnyDay|[upkeep]
|-heal|p1a: Slowbro|63/100 brn|[from] item: Leftovers
|-damage|p1a: Slowbro|57/100 brn|[from] brn
|-fieldend|move: Trick Room
|upkeep
|turn|14
|
|t:|1759009168
|move|p1a: Slowbro|Future Sight|p2a: Torkoal
|-start|p1a: Slowbro|move: Future Sight
|move|p2a: Torkoal|Flamethrower|p1a: Slowbro
|-resisted|p1a: Slowbro
|-damage|p1a: Slowbro|9/100 brn
|
|-weather|SunnyDay|[upkeep]
|-heal|p1a: Slowbro|15/100 brn|[from] item: Leftovers
|-damage|p1a: Slowbro|9/100 brn|[from] brn
|upkeep
|turn|15
|
|t:|1759009188
|move|p1a: Slowbro|Scald|p2a: Torkoal
|-supereffective|p2a: Torkoal
|-damage|p2a: Torkoal|0 fnt
|faint|p2a: Torkoal
|
|-weather|SunnyDay|[upkeep]
|-heal|p1a: Slowbro|15/100 brn|[from] item: Leftovers
|-damage|p1a: Slowbro|9/100 brn|[from] brn
|-sideend|p2: TesterAnonymatum|move: Light Screen
|upkeep
|
|t:|1759009191
|switch|p2a: Kingambit|Kingambit, M|100/100
|-activate|p2a: Kingambit|ability: Supreme Overlord
|-start|p2a: Kingambit|fallen3|[silent]
|turn|16
|
|t:|1759009199
|move|p1a: Slowbro|Flamethrower|p2a: Kingambit
|-supereffective|p2a: Kingambit
|-damage|p2a: Kingambit|35/100
|move|p2a: Kingambit|Swords Dance|p2a: Kingambit
|-boost|p2a: Kingambit|atk|2
|
|-weather|none
|-end|p2a: Kingambit|move: Future Sight
|-immune|p2a: Kingambit
|-heal|p1a: Slowbro|15/100 brn|[from] item: Leftovers
|-damage|p1a: Slowbro|9/100 brn|[from] brn
|upkeep
|turn|17
|
|t:|1759009211
|switch|p1a: Corviknight|Corviknight, F|100/100
|-ability|p1a: Corviknight|Pressure
|move|p2a: Kingambit|Sucker Punch||[still]
|-fail|p2a: Kingambit
|
|upkeep
|turn|18
|
|t:|1759009218
|-terastallize|p2a: Kingambit|Ghost
|move|p1a: Corviknight|Bulk Up|p1a: Corviknight
|-boost|p1a: Corviknight|atk|1
|-boost|p1a: Corviknight|def|1
|move|p2a: Kingambit|Kowtow Cleave|p1a: Corviknight
|-damage|p1a: Corviknight|32/100
|-damage|p2a: Kingambit|19/100|[from] item: Rocky Helmet|[of] p1a: Corviknight
|
|-sideend|p2: TesterAnonymatum|Reflect
|upkeep
|turn|19
|
|t:|1759009227
|-end|p2a: Kingambit|fallen3|[silent]
|switch|p2a: Cresselia|Cresselia, F, shiny|100/100
|move|p1a: Corviknight|Brave Bird|p2a: Cresselia
|-damage|p2a: Cresselia|67/100
|-damage|p1a: Corviknight|20/100|[from] Recoil
|
|-heal|p2a: Cresselia|73/100|[from] item: Leftovers
|upkeep
|turn|20
|
|t:|1759009237
|move|p1a: Corviknight|Roost|p1a: Corviknight
|-heal|p1a: Corviknight|70/100
|-singleturn|p1a: Corviknight|move: Roost
|move|p2a: Cresselia|Trick Room|p2a: Cresselia
|-fieldstart|move: Trick Room|[of] p2a: Cresselia
|
|-heal|p2a: Cresselia|80/100|[from] item: Leftovers
|upkeep
|turn|21
|
|t:|1759009245
|switch|p2a: Iron Hands|Iron Hands, shiny|50/100
|move|p1a: Corviknight|Brave Bird|p2a: Iron Hands
|-damage|p2a: Iron Hands|17/100
|-damage|p1a: Corviknight|55/100|[from] Recoil
|
|upkeep
|turn|22
|
|t:|1759009251
|move|p2a: Iron Hands|Thunder Punch|p1a: Corviknight
|-supereffective|p1a: Corviknight
|-damage|p1a: Corviknight|13/100
|-damage|p2a: Iron Hands|0 fnt|[from] item: Rocky Helmet|[of] p1a: Corviknight
|faint|p2a: Iron Hands
|-end|p2a: Iron Hands|Quark Drive|[silent]
|move|p1a: Corviknight|Brave Bird|p2: Iron Hands|[notarget]
|-fail|p1a: Corviknight
|
|upkeep
|
|t:|1759009257
|switch|p2a: Ursaluna|Ursaluna, M|100/100
|turn|23
|
|t:|1759009260
|move|p2a: Ursaluna|Thunder Punch|p1a: Corviknight
|-supereffective|p1a: Corviknight
|-damage|p1a: Corviknight|0 fnt
|-damage|p2a: Ursaluna|84/100|[from] item: Rocky Helmet|[of] p1a: Corviknight
|faint|p1a: Corviknight
|
|-status|p2a: Ursaluna|brn|[from] item: Flame Orb
|upkeep
|
|t:|1759009267
|switch|p1a: Slowbro|Slowbro, F|42/100 brn
|turn|24
|
|t:|1759009273
|-terastallize|p1a: Slowbro|Ground
|move|p2a: Ursaluna|Facade|p1a: Slowbro
|-damage|p1a: Slowbro|0 fnt
|faint|p1a: Slowbro
|
|-damage|p2a: Ursaluna|78/100 brn|[from] brn
|-fieldend|move: Trick Room
|upkeep
|
|t:|1759009282
|switch|p1a: Staraptor|Staraptor, M|82/100
|turn|25
|
|t:|1759009286
|move|p1a: Staraptor|Close Combat|p2a: Ursaluna
|-supereffective|p2a: Ursaluna
|-damage|p2a: Ursaluna|19/100 brn
|-unboost|p1a: Staraptor|def|1
|-unboost|p1a: Staraptor|spd|1
|move|p2a: Ursaluna|Facade|p1a: Staraptor
|-damage|p1a: Staraptor|0 fnt
|faint|p1a: Staraptor
|
|-damage|p2a: Ursaluna|13/100 brn|[from] brn
|upkeep
|
|t:|1759009298
|switch|p1a: Lokix|Lokix, M|100/100
|turn|26
|
|t:|1759009307
|move|p1a: Lokix|First Impression|p2a: Ursaluna
|-damage|p2a: Ursaluna|0 fnt
|faint|p2a: Ursaluna
|
|upkeep
|
|t:|1759009311
|switch|p2a: Cresselia|Cresselia, F, shiny|80/100
|turn|27
|
|t:|1759009326
|move|p1a: Lokix|Knock Off|p2a: Cresselia
|-supereffective|p2a: Cresselia
|-damage|p2a: Cresselia|22/100
|-enditem|p2a: Cresselia|Leftovers|[from] move: Knock Off|[of] p1a: Lokix
|move|p2a: Cresselia|Trick Room|p2a: Cresselia
|-fieldstart|move: Trick Room|[of] p2a: Cresselia
|
|upkeep
|turn|28
|
|t:|1759009334
|move|p1a: Lokix|Sucker Punch||[still]
|-fail|p1a: Lokix
|move|p2a: Cresselia|Lunar Dance|p2a: Cresselia
|faint|p2a: Cresselia
|
|upkeep
|
|t:|1759009336
|switch|p2a: Kingambit|Kingambit, M, tera:Ghost|19/100
|-heal|p2a: Kingambit|100/100|[from] move: Lunar Dance
|-activate|p2a: Kingambit|ability: Supreme Overlord
|-start|p2a: Kingambit|fallen5|[silent]
|turn|29
|
|t:|1759009344
|move|p1a: Lokix|Sucker Punch|p2a: Kingambit
|-supereffective|p2a: Kingambit
|-damage|p2a: Kingambit|54/100
|move|p2a: Kingambit|Kowtow Cleave|p1a: Lokix
|-resisted|p1a: Lokix
|-damage|p1a: Lokix|31/100
|
|upkeep
|turn|30
|
|t:|1759009357
|move|p1a: Lokix|Sucker Punch|p2a: Kingambit
|-supereffective|p2a: Kingambit
|-damage|p2a: Kingambit|3/100
|move|p2a: Kingambit|Kowtow Cleave|p1a: Lokix
|-resisted|p1a: Lokix
|-damage|p1a: Lokix|0 fnt
|faint|p1a: Lokix
|
|win|TesterAnonymatum
|raw|TUMECENTZELL's rating: 1366 &rarr; <strong>1346</strong><br />(-20 for losing)
|raw|TesterAnonymatum's rating: 1369 &rarr; <strong>1389</strong><br />(+20 for winning)
|l|☆TesterAnonymatum
|player|p2|
|l|☆TUMECENTZELL
|player|p1|
