|j|☆naxduck
|j|☆JBLspeakerfetty
|t:|1759043331
|gametype|singles
|player|p1|naxduck|265|1410
|player|p2|JBLspeakerfetty|red|1407
|gen|9
|tier|[Gen 9] OU
|rated|
|rule|HP Percentage Mod: HP is shown in percentages
|rule|Endless Battle Clause: Forcing endless battles is banned
|rule|Species Clause: Limit one of each Pokémon
|rule|OHKO Clause: OHKO moves are banned
|rule|Evasion Items Clause: Evasion items are banned
|rule|Evasion Moves Clause: Evasion moves are banned
|rule|Evasion Abilities Clause: Evasion abilities are banned
|rule|Sleep Moves Clause: Sleep-inducing moves are banned
|clearpoke
|poke|p1|Pelipper, F|
|poke|p1|Toxicroak, M|
|poke|p1|Talonflame, M|
|poke|p1|Barraskewda, F|
|poke|p1|Iron Treads|
|poke|p1|Hatterene, F|
|poke|p2|Quaquaval, M|
|poke|p2|Iron Moth|
|poke|p2|Ting-Lu|
|poke|p2|Iron Leaves|
|poke|p2|Thundurus, M|
|poke|p2|Iron Valiant|
|teampreview
|inactive|Battle timer is ON: inactive players will automatically lose when time's up. (requested by naxduck)
|
|t:|1759043346
|teamsize|p1|6
|teamsize|p2|6
|start
|switch|p1a: Pelipper|Pelipper, F|100/100
|switch|p2a: Iron Valiant|Iron Valiant|100/100
|-weather|RainDance|[from] ability: Drizzle|[of] p1a: Pelipper
|turn|1
|
|t:|1759043351
|switch|p1a: Hatterene|Hatterene, F|100/100
|move|p2a: Iron Valiant|Shadow Ball|p1a: Hatterene
|-supereffective|p1a: Hatterene
|-damage|p1a: Hatterene|14/100
|-enditem|p1a: Hatterene|Eject Button
|
|t:|1759043354
|switch|p1a: Talonflame|Talonflame, M|100/100
|
|-weather|RainDance|[upkeep]
|upkeep
|turn|2
|inactive|JBLspeakerfetty has 120 seconds left.
|
|t:|1759043394
|-end|p2a: Iron Valiant|Quark Drive|[silent]
|switch|p2a: Thundurus|Thundurus, M|100/100
|move|p1a: Talonflame|Hurricane|p2a: Thundurus
|-resisted|p2a: Thundurus
|-damage|p2a: Thundurus|57/100
|-start|p2a: Thundurus|confusion
|
|-weather|RainDance|[upkeep]
|upkeep
|turn|3
|
|t:|1759043406
|switch|p2a: Ting-Lu|Ting-Lu|100/100
|-ability|p2a: Ting-Lu|Vessel of Ruin
|-terastallize|p1a: Talonflame|Flying
|move|p1a: Talonflame|Hurricane|p2a: Ting-Lu
|-damage|p2a: Ting-Lu|65/100
|
|-weather|RainDance|[upkeep]
|-heal|p2a: Ting-Lu|72/100|[from] item: Leftovers
|upkeep
|turn|4
|
|t:|1759043410
|switch|p1a: Barraskewda|Barraskewda, F|100/100
|move|p2a: Ting-Lu|Ruination|p1a: Barraskewda
|-damage|p1a: Barraskewda|51/100
|
|-weather|RainDance|[upkeep]
|-heal|p2a: Ting-Lu|78/100|[from] item: Leftovers
|upkeep
|turn|5
|inactive|naxduck has 120 seconds left.
|
|t:|1759043452
|switch|p2a: Quaquaval|Quaquaval, M|100/100
|move|p1a: Barraskewda|Liquidation|p2a: Quaquaval
|-resisted|p2a: Quaquaval
|-damage|p2a: Quaquaval|57/100
|
|-weather|RainDance|[upkeep]
|upkeep
|turn|6
|
|t:|1759043463
|switch|p1a: Toxicroak|Toxicroak, M|100/100
|move|p2a: Quaquaval|Roost|p2a: Quaquaval
|-heal|p2a: Quaquaval|100/100
|-singleturn|p2a: Quaquaval|move: Roost
|
|-weather|RainDance|[upkeep]
|upkeep
|turn|7
|
|t:|1759043473
|switch|p2a: Thundurus|Thundurus, M|57/100
|move|p1a: Toxicroak|Knock Off|p2a: Thundurus
|-damage|p2a: Thundurus|23/100
|-enditem|p2a: Thundurus|Terrain Extender|[from] move: Knock Off|[of] p1a: Toxicroak
|
|-weather|RainDance|[upkeep]
|upkeep
|turn|8
|c|☆naxduck|what
|
|t:|1759043482
|switch|p1a: Hatterene|Hatterene, F|14/100
|move|p2a: Thundurus|Electric Terrain|p2a: Thundurus
|-fieldstart|move: Electric Terrain
|
|-weather|none
|upkeep
|turn|9
|
|t:|1759043491
|move|p2a: Thundurus|Grass Knot|p1a: Hatterene
|-damage|p1a: Hatterene|6/100
|move|p1a: Hatterene|Draining Kiss|p2a: Thundurus
|-damage|p2a: Thundurus|0 fnt
|-heal|p1a: Hatterene|23/100|[from] drain|[of] p2a: Thundurus
|faint|p2a: Thundurus
|
|upkeep
|
|t:|1759043499
|switch|p2a: Iron Leaves|Iron Leaves|100/100
|-activate|p2a: Iron Leaves|ability: Quark Drive
|-start|p2a: Iron Leaves|quarkdrivespe
|turn|10
|
|t:|1759043504
|switch|p1a: Pelipper|Pelipper, F|100/100
|-weather|RainDance|[from] ability: Drizzle|[of] p1a: Pelipper
|move|p2a: Iron Leaves|Trailblaze|p1a: Pelipper
|-damage|p1a: Pelipper|83/100
|-boost|p2a: Iron Leaves|spe|1
|
|-weather|RainDance|[upkeep]
|upkeep
|turn|11
|
|t:|1759043516
|move|p2a: Iron Leaves|Psyblade|p1a: Pelipper
|-damage|p1a: Pelipper|36/100
|move|p1a: Pelipper|U-turn|p2a: Iron Leaves
|-supereffective|p2a: Iron Leaves
|-damage|p2a: Iron Leaves|62/100
|
|t:|1759043519
|switch|p1a: Talonflame|Talonflame, M, tera:Flying|100/100|[from] U-turn
|
|-weather|RainDance|[upkeep]
|upkeep
|turn|12
|
|t:|1759043522
|-end|p2a: Iron Leaves|Quark Drive|[silent]
|switch|p2a: Ting-Lu|Ting-Lu|78/100
|-ability|p2a: Ting-Lu|Vessel of Ruin
|move|p1a: Talonflame|Hurricane|p2a: Ting-Lu
|-damage|p2a: Ting-Lu|44/100
|
|-weather|RainDance|[upkeep]
|-heal|p2a: Ting-Lu|50/100|[from] item: Leftovers
|-fieldend|move: Electric Terrain
|upkeep
|turn|13
|
|t:|1759043530
|switch|p1a: Pelipper|Pelipper, F|36/100
|move|p2a: Ting-Lu|Whirlwind|p1a: Pelipper
|drag|p1a: Toxicroak|Toxicroak, M|100/100
|
|-weather|RainDance|[upkeep]
|-heal|p2a: Ting-Lu|57/100|[from] item: Leftovers
|upkeep
|turn|14
|
|t:|1759043536
|move|p1a: Toxicroak|Encore|p2a: Ting-Lu
|-start|p2a: Ting-Lu|Encore
|move|p2a: Ting-Lu|Whirlwind|p1a: Toxicroak
|drag|p1a: Hatterene|Hatterene, F|23/100
|
|-weather|RainDance|[upkeep]
|-heal|p2a: Ting-Lu|63/100|[from] item: Leftovers
|upkeep
|turn|15
|
|t:|1759043540
|move|p1a: Hatterene|Draining Kiss|p2a: Ting-Lu
|-supereffective|p2a: Ting-Lu
|-damage|p2a: Ting-Lu|43/100
|-heal|p1a: Hatterene|47/100|[from] drain|[of] p2a: Ting-Lu
|move|p2a: Ting-Lu|Whirlwind|p1a: Hatterene
|move|p1a: Hatterene|Whirlwind|p2a: Ting-Lu|[from] ability: Magic Bounce
|drag|p2a: Iron Moth|Iron Moth|100/100
|
|-weather|RainDance|[upkeep]
|upkeep
|turn|16
|
|t:|1759043550
|switch|p1a: Iron Treads|Iron Treads|100/100
|move|p2a: Iron Moth|U-turn|p1a: Iron Treads
|-resisted|p1a: Iron Treads
|-damage|p1a: Iron Treads|97/100
|
|t:|1759043557
|-end|p2a: Iron Moth|Quark Drive|[silent]
|switch|p2a: Quaquaval|Quaquaval, M|100/100|[from] U-turn
|
|-weather|RainDance|[upkeep]
|-heal|p1a: Iron Treads|100/100|[from] item: Leftovers
|upkeep
|turn|17
|
|t:|1759043571
|-end|p1a: Iron Treads|Quark Drive|[silent]
|switch|p1a: Toxicroak|Toxicroak, M|100/100
|move|p2a: Quaquaval|U-turn|p1a: Toxicroak
|-resisted|p1a: Toxicroak
|-damage|p1a: Toxicroak|96/100
|-damage|p2a: Quaquaval|84/100|[from] item: Rocky Helmet|[of] p1a: Toxicroak
|inactive|JBLspeakerfetty has 120 seconds left.
|
|t:|1759043626
|switch|p2a: Ting-Lu|Ting-Lu|43/100|[from] U-turn
|-ability|p2a: Ting-Lu|Vessel of Ruin
|
|-weather|none
|-heal|p2a: Ting-Lu|49/100|[from] item: Leftovers
|upkeep
|turn|18
|
|t:|1759043630
|switch|p1a: Hatterene|Hatterene, F|47/100
|move|p2a: Ting-Lu|Ruination|p1a: Hatterene
|-damage|p1a: Hatterene|24/100
|
|-heal|p2a: Ting-Lu|55/100|[from] item: Leftovers
|upkeep
|turn|19
|
|t:|1759043633
|move|p2a: Ting-Lu|Earthquake|p1a: Hatterene
|-damage|p1a: Hatterene|0 fnt
|faint|p1a: Hatterene
|
|-heal|p2a: Ting-Lu|62/100|[from] item: Leftovers
|upkeep
|
|t:|1759043645
|switch|p1a: Pelipper|Pelipper, F|36/100
|-weather|RainDance|[from] ability: Drizzle|[of] p1a: Pelipper
|turn|20
|
|t:|1759043655
|move|p1a: Pelipper|Surf|p2a: Ting-Lu
|-supereffective|p2a: Ting-Lu
|-damage|p2a: Ting-Lu|23/100
|move|p2a: Ting-Lu|Spikes|p1a: Pelipper
|-sidestart|p1: naxduck|Spikes
|
|-weather|RainDance|[upkeep]
|-heal|p2a: Ting-Lu|29/100|[from] item: Leftovers
|upkeep
|turn|21
|inactive|naxduck has 120 seconds left.
|
|t:|1759043688
|switch|p2a: Quaquaval|Quaquaval, M|84/100
|move|p1a: Pelipper|Surf|p2a: Quaquaval
|-resisted|p2a: Quaquaval
|-damage|p2a: Quaquaval|56/100
|
|-weather|RainDance|[upkeep]
|upkeep
|turn|22
|
|t:|1759043699
|move|p2a: Quaquaval|U-turn|p1a: Pelipper
|-resisted|p1a: Pelipper
|-damage|p1a: Pelipper|29/100
|
|t:|1759043702
|switch|p2a: Ting-Lu|Ting-Lu|29/100|[from] U-turn
|-ability|p2a: Ting-Lu|Vessel of Ruin
|move|p1a: Pelipper|Roost|p1a: Pelipper
|-heal|p1a: Pelipper|79/100
|-singleturn|p1a: Pelipper|move: Roost
|
|-weather|RainDance|[upkeep]
|-heal|p2a: Ting-Lu|36/100|[from] item: Leftovers
|upkeep
|turn|23
|
|t:|1759043709
|move|p1a: Pelipper|Surf|p2a: Ting-Lu
|-supereffective|p2a: Ting-Lu
|-damage|p2a: Ting-Lu|0 fnt
|faint|p2a: Ting-Lu
|
|-weather|RainDance|[upkeep]
|upkeep
|
|t:|1759043720
|switch|p2a: Iron Valiant|Iron Valiant|100/100
|turn|24
|
|t:|1759043724
|switch|p1a: Iron Treads|Iron Treads|100/100
|-damage|p1a: Iron Treads|88/100|[from] Spikes
|move|p2a: Iron Valiant|Moonblast|p1a: Iron Treads
|-resisted|p1a: Iron Treads
|-damage|p1a: Iron Treads|59/100
|
|-weather|RainDance|[upkeep]
|-heal|p1a: Iron Treads|65/100|[from] item: Leftovers
|upkeep
|turn|25
|
|t:|1759043730
|-end|p2a: Iron Valiant|Quark Drive|[silent]
|switch|p2a: Quaquaval|Quaquaval, M|56/100
|move|p1a: Iron Treads|Volt Switch|p2a: Quaquaval
|-supereffective|p2a: Quaquaval
|-damage|p2a: Quaquaval|31/100
|
|t:|1759043733
|-end|p1a: Iron Treads|Quark Drive|[silent]
|switch|p1a: Talonflame|Talonflame, M, tera:Flying|100/100|[from] Volt Switch
|
|-weather|RainDance|[upkeep]
|upkeep
|turn|26
|
|t:|1759043736
|move|p1a: Talonflame|Hurricane|p2a: Quaquaval
|-supereffective|p2a: Quaquaval
|-damage|p2a: Quaquaval|0 fnt
|faint|p2a: Quaquaval
|
|-weather|RainDance|[upkeep]
|upkeep
|
|t:|1759043757
|switch|p2a: Iron Moth|Iron Moth|100/100
|turn|27
|
|t:|1759043760
|move|p1a: Talonflame|Hurricane|p2a: Iron Moth
|-damage|p2a: Iron Moth|12/100
|-start|p2a: Iron Moth|confusion
|-activate|p2a: Iron Moth|confusion
|-damage|p2a: Iron Moth|1/100|[from] confusion
|
|-weather|none
|upkeep
|turn|28
|
|t:|1759043769
|switch|p1a: Pelipper|Pelipper, F|79/100
|-weather|RainDance|[from] ability: Drizzle|[of] p1a: Pelipper
|-activate|p2a: Iron Moth|confusion
|-damage|p2a: Iron Moth|0 fnt|[from] confusion
|faint|p2a: Iron Moth
|-end|p2a: Iron Moth|Quark Drive|[silent]
|
|-weather|RainDance|[upkeep]
|upkeep
|
|t:|1759043778
|switch|p2a: Iron Valiant|Iron Valiant|100/100
|turn|29
|-message|JBLspeakerfetty forfeited.
|
|win|naxduck
|raw|naxduck's rating: 1394 &rarr; <strong>1414</strong><br />(+20 for winning)
|raw|JBLspeakerfetty's rating: 1387 &rarr; <strong>1367</strong><br />(-20 for losing)
|l|☆JBLspeakerfetty
|player|p2|
|l|☆naxduck
|player|p1|
