|badge|p2|bronze|gen9ou|100-6
|html|<div class="broadcast-red"><strong>This battle is required to be public due to one or more player having a season medal.</strong><br />During the public phase, you can discuss the state of the ladder <a href="/seasondiscussion">in a special chatroom.</a></div>
|uhtml|medal-msg|<div class="broadcast-blue">Curious what those medals under the avatar are? PS now has Ladder Seasons! For more information, check out the <a href="https://www.smogon.com/forums/threads/3740067/">thread on Smogon.</a></div>
|j|☆lerendezvous
|j|☆DontMissMantine
|t:|1758995358
|gametype|singles
|player|p1|lerendezvous|101|1756
|player|p2|DontMissMantine|lucas|1830
|gen|9
|tier|[Gen 9] OU
|rated|
|rule|HP Percentage Mod: HP is shown in percentages
|rule|Endless Battle Clause: Forcing endless battles is banned
|rule|Species Clause: Limit one of each Pokémon
|rule|OHKO Clause: OHKO moves are banned
|rule|Evasion Items Clause: Evasion items are banned
|rule|Evasion Moves Clause: Evasion moves are banned
|rule|Evasion Abilities Clause: Evasion abilities are banned
|rule|Sleep Moves Clause: Sleep-inducing moves are banned
|clearpoke
|poke|p1|Ogerpon-Wellspring, F|
|poke|p1|Slowking-Galar, M|
|poke|p1|Great Tusk|
|poke|p1|Moltres|
|poke|p1|Dragapult, M|
|poke|p1|Kingambit, F|
|poke|p2|Pelipper, M|
|poke|p2|Beartic, F|
|poke|p2|Barraskewda, M|
|poke|p2|Ogerpon-Wellspring, F|
|poke|p2|Zapdos|
|poke|p2|Hatterene, F|
|teampreview
|j| larp legion
|
|t:|1758995366
|teamsize|p1|6
|teamsize|p2|6
|start
|switch|p1a: Slowking|Slowking-Galar, M|100/100
|switch|p2a: Beartic|Beartic, F|100/100
|turn|1
|inactive|Battle timer is ON: inactive players will automatically lose when time's up. (requested by DontMissMantine)
|inactive|lerendezvous also wants the timer to be on.
|
|t:|1758995372
|move|p2a: Beartic|Icicle Spear|p1a: Slowking
|-crit|p1a: Slowking
|-damage|p1a: Slowking|80/100
|-damage|p1a: Slowking|67/100
|-damage|p1a: Slowking|52/100
|-damage|p1a: Slowking|39/100
|-damage|p1a: Slowking|23/100
|-hitcount|p1a: Slowking|5
|move|p1a: Slowking|Flamethrower|p2a: Beartic
|-supereffective|p2a: Beartic
|-damage|p2a: Beartic|27/100
|
|upkeep
|turn|2
|
|t:|1758995384
|switch|p1a: Moltres|Moltres|100/100
|move|p2a: Beartic|Icicle Spear|p1a: Moltres
|-damage|p1a: Moltres|90/100
|-damage|p1a: Moltres|80/100
|-damage|p1a: Moltres|70/100
|-damage|p1a: Moltres|61/100
|-damage|p1a: Moltres|51/100
|-hitcount|p1a: Moltres|5
|
|upkeep
|turn|3
|j| Squallskip
|
|t:|1758995394
|switch|p2a: Pelipper|Pelipper, M|100/100
|-weather|RainDance|[from] ability: Drizzle|[of] p2a: Pelipper
|move|p1a: Moltres|Roost|p1a: Moltres
|-heal|p1a: Moltres|100/100
|-singleturn|p1a: Moltres|move: Roost
|
|-weather|RainDance|[upkeep]
|upkeep
|turn|4
|
|t:|1758995404
|switch|p2a: Zapdos|Zapdos|100/100
|move|p1a: Moltres|U-turn|p2a: Zapdos
|-resisted|p2a: Zapdos
|-damage|p2a: Zapdos|91/100
|
|t:|1758995412
|switch|p1a: Slowking|Slowking-Galar, M|57/100|[from] U-turn
|
|-weather|RainDance|[upkeep]
|upkeep
|turn|5
|j| Rizzofreko
|
|t:|1758995425
|move|p2a: Zapdos|Volt Switch|p1a: Slowking
|-damage|p1a: Slowking|37/100
|
|t:|1758995428
|switch|p2a: Hatterene|Hatterene, F|100/100|[from] Volt Switch
|move|p1a: Slowking|Sludge Bomb|p2a: Hatterene
|-supereffective|p2a: Hatterene
|-damage|p2a: Hatterene|12/100
|-enditem|p2a: Hatterene|Eject Button
|l| Squallskip
|
|t:|1758995438
|switch|p2a: Beartic|Beartic, F|27/100
|
|-weather|RainDance|[upkeep]
|upkeep
|turn|6
|
|t:|1758995444
|switch|p1a: Moltres|Moltres|100/100
|move|p2a: Beartic|Icicle Spear|p1a: Moltres
|-damage|p1a: Moltres|90/100
|-damage|p1a: Moltres|79/100
|-damage|p1a: Moltres|68/100
|-damage|p1a: Moltres|58/100
|-hitcount|p1a: Moltres|4
|
|-weather|RainDance|[upkeep]
|upkeep
|turn|7
|
|t:|1758995455
|-terastallize|p2a: Beartic|Electric
|move|p2a: Beartic|Tera Blast|p1a: Moltres|[anim] Tera Blast Electric
|-supereffective|p1a: Moltres
|-damage|p1a: Moltres|0 fnt
|faint|p1a: Moltres
|
|-weather|RainDance|[upkeep]
|upkeep
|
|t:|1758995460
|switch|p1a: Dragapult|Dragapult, M|100/100
|turn|8
|j| wgw2333
|
|t:|1758995468
|switch|p2a: Hatterene|Hatterene, F|12/100
|move|p1a: Dragapult|Dragon Darts|p2a: Hatterene
|-immune|p2a: Hatterene
|
|-weather|RainDance|[upkeep]
|upkeep
|turn|9
|j| 2009 ben gordon
|
|t:|1758995483
|move|p1a: Dragapult|U-turn|p2a: Hatterene
|-damage|p2a: Hatterene|0 fnt
|faint|p2a: Hatterene
|
|t:|1758995492
|switch|p1a: Ogerpon|Ogerpon-Wellspring, F|100/100|[from] U-turn
|
|-weather|RainDance|[upkeep]
|upkeep
|
|t:|1758995504
|switch|p2a: Beartic|Beartic, F, tera:Electric|27/100
|turn|10
|
|t:|1758995508
|move|p2a: Beartic|Icicle Spear|p1a: Ogerpon
|-damage|p1a: Ogerpon|83/100
|-damage|p1a: Ogerpon|65/100
|-damage|p1a: Ogerpon|44/100
|-damage|p1a: Ogerpon|23/100
|-damage|p1a: Ogerpon|5/100
|-hitcount|p1a: Ogerpon|5
|move|p1a: Ogerpon|U-turn|p2a: Beartic
|-damage|p2a: Beartic|0 fnt
|faint|p2a: Beartic
|
|t:|1758995515
|switch|p1a: Slowking|Slowking-Galar, M|71/100|[from] U-turn
|
|-weather|none
|upkeep
|j| shrek5baby
|inactive|DontMissMantine has 120 seconds left.
|
|t:|1758995545
|switch|p2a: Pelipper|Pelipper, M|100/100
|-weather|RainDance|[from] ability: Drizzle|[of] p2a: Pelipper
|turn|11
|
|t:|1758995551
|move|p2a: Pelipper|U-turn|p1a: Slowking
|-damage|p1a: Slowking|61/100
|
|t:|1758995553
|switch|p2a: Zapdos|Zapdos|91/100|[from] U-turn
|move|p1a: Slowking|Sludge Bomb|p2a: Zapdos
|-damage|p2a: Zapdos|62/100
|-status|p2a: Zapdos|psn
|
|-weather|RainDance|[upkeep]
|-damage|p2a: Zapdos|49/100 psn|[from] psn
|upkeep
|turn|12
|
|t:|1758995564
|move|p2a: Zapdos|Hurricane|p1a: Slowking
|-crit|p1a: Slowking
|-damage|p1a: Slowking|21/100
|move|p1a: Slowking|Psyshock|p2a: Zapdos
|-damage|p2a: Zapdos|1/100 psn
|
|-weather|RainDance|[upkeep]
|-damage|p2a: Zapdos|0 fnt|[from] psn
|faint|p2a: Zapdos
|upkeep
|
|t:|1758995573
|switch|p2a: Ogerpon|Ogerpon-Wellspring, F|100/100
|turn|13
|
|t:|1758995578
|switch|p1a: Ogerpon|Ogerpon-Wellspring, F|5/100
|move|p2a: Ogerpon|Power Whip|p1a: Ogerpon
|-damage|p1a: Ogerpon|0 fnt
|faint|p1a: Ogerpon
|
|-weather|RainDance|[upkeep]
|upkeep
|
|t:|1758995582
|switch|p1a: Dragapult|Dragapult, M|100/100
|turn|14
|
|t:|1758995590
|move|p1a: Dragapult|Will-O-Wisp|p2a: Ogerpon
|-status|p2a: Ogerpon|brn
|move|p2a: Ogerpon|Play Rough|p1a: Dragapult
|-supereffective|p1a: Dragapult
|-damage|p1a: Dragapult|50/100
|
|-weather|RainDance|[upkeep]
|-damage|p2a: Ogerpon|95/100 brn|[from] brn
|upkeep
|turn|15
|j| picocrazy
|l| larp legion
|
|t:|1758995599
|move|p1a: Dragapult|U-turn|p2a: Ogerpon
|-supereffective|p2a: Ogerpon
|-damage|p2a: Ogerpon|43/100 brn
|
|t:|1758995604
|switch|p1a: Kingambit|Kingambit, F|100/100|[from] U-turn
|-activate|p1a: Kingambit|ability: Supreme Overlord
|-start|p1a: Kingambit|fallen2|[silent]
|move|p2a: Ogerpon|Play Rough|p1a: Kingambit
|-damage|p1a: Kingambit|86/100
|
|-weather|RainDance|[upkeep]
|-heal|p1a: Kingambit|92/100|[from] item: Leftovers
|-damage|p2a: Ogerpon|37/100 brn|[from] brn
|upkeep
|turn|16
|
|t:|1758995631
|switch|p2a: Pelipper|Pelipper, M|100/100
|move|p1a: Kingambit|Swords Dance|p1a: Kingambit
|-boost|p1a: Kingambit|atk|2
|
|-weather|RainDance|[upkeep]
|-heal|p1a: Kingambit|98/100|[from] item: Leftovers
|upkeep
|turn|17
|
|t:|1758995639
|move|p1a: Kingambit|Swords Dance|p1a: Kingambit
|-boost|p1a: Kingambit|atk|2
|move|p2a: Pelipper|U-turn|p1a: Kingambit
|-damage|p1a: Kingambit|91/100
|
|t:|1758995644
|switch|p2a: Ogerpon|Ogerpon-Wellspring, F|37/100 brn|[from] U-turn
|
|-weather|RainDance|[upkeep]
|-heal|p1a: Kingambit|98/100|[from] item: Leftovers
|-damage|p2a: Ogerpon|31/100 brn|[from] brn
|upkeep
|turn|18
|
|t:|1758995651
|move|p2a: Ogerpon|Encore|p1a: Kingambit
|-start|p1a: Kingambit|Encore
|move|p1a: Kingambit|Swords Dance|p1a: Kingambit
|-boost|p1a: Kingambit|atk|2
|
|-weather|none
|-heal|p1a: Kingambit|100/100|[from] item: Leftovers
|-damage|p2a: Ogerpon|25/100 brn|[from] brn
|upkeep
|turn|19
|
|t:|1758995660
|switch|p2a: Pelipper|Pelipper, M|100/100
|-weather|RainDance|[from] ability: Drizzle|[of] p2a: Pelipper
|-end|p1a: Kingambit|fallen2|[silent]
|switch|p1a: Slowking|Slowking-Galar, M|54/100
|
|-weather|RainDance|[upkeep]
|upkeep
|turn|20
|l| Rizzofreko
|
|t:|1758995673
|switch|p1a: Kingambit|Kingambit, F|100/100
|-activate|p1a: Kingambit|ability: Supreme Overlord
|-start|p1a: Kingambit|fallen2|[silent]
|move|p2a: Pelipper|Hurricane|p1a: Kingambit
|-resisted|p1a: Kingambit
|-damage|p1a: Kingambit|82/100
|-start|p1a: Kingambit|confusion
|
|-weather|RainDance|[upkeep]
|-heal|p1a: Kingambit|88/100|[from] item: Leftovers
|upkeep
|turn|21
|
|t:|1758995684
|-activate|p1a: Kingambit|confusion
|move|p1a: Kingambit|Swords Dance|p1a: Kingambit
|-boost|p1a: Kingambit|atk|2
|move|p2a: Pelipper|U-turn|p1a: Kingambit
|-damage|p1a: Kingambit|81/100
|
|t:|1758995689
|switch|p2a: Ogerpon|Ogerpon-Wellspring, F|25/100 brn|[from] U-turn
|
|-weather|RainDance|[upkeep]
|-heal|p1a: Kingambit|87/100|[from] item: Leftovers
|-damage|p2a: Ogerpon|19/100 brn|[from] brn
|upkeep
|turn|22
|
|t:|1758995696
|switch|p2a: Barraskewda|Barraskewda, M|100/100
|-end|p1a: Kingambit|fallen2|[silent]
|switch|p1a: Dragapult|Dragapult, M|50/100
|
|-weather|RainDance|[upkeep]
|upkeep
|turn|23
|
|t:|1758995703
|switch|p1a: Great Tusk|Great Tusk|100/100
|move|p2a: Barraskewda|Liquidation|p1a: Great Tusk
|-supereffective|p1a: Great Tusk
|-damage|p1a: Great Tusk|0 fnt
|-damage|p2a: Barraskewda|84/100|[from] item: Rocky Helmet|[of] p1a: Great Tusk
|faint|p1a: Great Tusk
|-end|p1a: Great Tusk|Protosynthesis|[silent]
|
|-weather|RainDance|[upkeep]
|upkeep
|
|t:|1758995711
|switch|p1a: Kingambit|Kingambit, F|87/100
|-activate|p1a: Kingambit|ability: Supreme Overlord
|-start|p1a: Kingambit|fallen3|[silent]
|turn|24
|
|t:|1758995717
|move|p2a: Barraskewda|Aqua Jet|p1a: Kingambit
|-damage|p1a: Kingambit|56/100
|move|p1a: Kingambit|Sucker Punch||[still]
|-fail|p1a: Kingambit
|
|-weather|RainDance|[upkeep]
|-heal|p1a: Kingambit|62/100|[from] item: Leftovers
|upkeep
|turn|25
|j| Le Bouquetin
|inactive|DontMissMantine has 120 seconds left.
|inactive|DontMissMantine has 90 seconds left.
|
|t:|1758995788
|move|p1a: Kingambit|Sucker Punch|p2a: Barraskewda
|-damage|p2a: Barraskewda|0 fnt
|faint|p2a: Barraskewda
|
|-weather|RainDance|[upkeep]
|-heal|p1a: Kingambit|69/100|[from] item: Leftovers
|upkeep
|-message|DontMissMantine forfeited.
|
|win|lerendezvous
|raw|lerendezvous's rating: 1756 &rarr; <strong>1780</strong><br />(+24 for winning)
|raw|DontMissMantine's rating: 1830 &rarr; <strong>1806</strong><br />(-24 for losing)
