|j|☆Shibuya Arc
|j|☆Rabzzz
|t:|1758994115
|gametype|singles
|player|p1|Shibuya Arc|169|1687
|player|p2|Rabzzz|#mwpvimurkrows|1655
|gen|9
|tier|[Gen 9] OU
|rated|
|rule|HP Percentage Mod: HP is shown in percentages
|rule|Endless Battle Clause: Forcing endless battles is banned
|rule|Species Clause: Limit one of each Pokémon
|rule|OHKO Clause: OHKO moves are banned
|rule|Evasion Items Clause: Evasion items are banned
|rule|Evasion Moves Clause: Evasion moves are banned
|rule|Evasion Abilities Clause: Evasion abilities are banned
|rule|Sleep Moves Clause: Sleep-inducing moves are banned
|clearpoke
|poke|p1|Dragapult, F|
|poke|p1|Dragonite, F|
|poke|p1|Ting-Lu|
|poke|p1|Weezing-Galar, F|
|poke|p1|Iron Crown|
|poke|p1|Zapdos|
|poke|p2|Alomomola, F|
|poke|p2|Hoopa-Unbound|
|poke|p2|Pecharunt|
|poke|p2|Iron Treads|
|poke|p2|Zapdos|
|poke|p2|Ogerpon, F|
|teampreview
|inactive|Battle timer is ON: inactive players will automatically lose when time's up. (requested by Shibuya Arc)
|
|t:|1758994130
|teamsize|p1|6
|teamsize|p2|6
|start
|switch|p1a: Dragonite|Dragonite, F|100/100
|switch|p2a: Alomomola|Alomomola, F|100/100
|turn|1
|
|t:|1758994136
|move|p1a: Dragonite|Dragon Dance|p1a: Dragonite
|-boost|p1a: Dragonite|atk|1
|-boost|p1a: Dragonite|spe|1
|move|p2a: Alomomola|Flip Turn|p1a: Dragonite
|-resisted|p1a: Dragonite
|-damage|p1a: Dragonite|97/100
|
|t:|1758994145
|switch|p2a: Pecharunt|Pecharunt|100/100|[from] Flip Turn
|
|upkeep
|turn|2
|
|t:|1758994150
|move|p1a: Dragonite|Earthquake|p2a: Pecharunt
|-supereffective|p2a: Pecharunt
|-damage|p2a: Pecharunt|43/100
|move|p2a: Pecharunt|Malignant Chain|p1a: Dragonite
|-damage|p1a: Dragonite|67/100
|-status|p1a: Dragonite|tox
|-start|p1a: Dragonite|confusion|[from] ability: Poison Puppeteer|[of] p2a: Pecharunt
|
|-damage|p1a: Dragonite|61/100 tox|[from] psn
|upkeep
|turn|3
|
|t:|1758994158
|switch|p1a: Iron Crown|Iron Crown|100/100
|switch|p2a: Alomomola|Alomomola, F|100/100
|
|upkeep
|turn|4
|
|t:|1758994163
|move|p1a: Iron Crown|Volt Switch|p2a: Alomomola
|-supereffective|p2a: Alomomola
|-damage|p2a: Alomomola|15/100
|
|t:|1758994174
|-end|p1a: Iron Crown|Quark Drive|[silent]
|switch|p1a: Ting-Lu|Ting-Lu|100/100|[from] Volt Switch
|-ability|p1a: Ting-Lu|Vessel of Ruin
|move|p2a: Alomomola|Flip Turn|p1a: Ting-Lu
|-supereffective|p1a: Ting-Lu
|-damage|p1a: Ting-Lu|83/100
|
|t:|1758994194
|switch|p2a: Ogerpon|Ogerpon, F|100/100|[from] Flip Turn
|
|-heal|p1a: Ting-Lu|89/100|[from] item: Leftovers
|upkeep
|turn|5
|j| wgw2333
|
|t:|1758994209
|switch|p1a: Zapdos|Zapdos|100/100
|move|p2a: Ogerpon|Swords Dance|p2a: Ogerpon
|-boost|p2a: Ogerpon|atk|2
|
|upkeep
|turn|6
|
|t:|1758994216
|switch|p2a: Iron Treads|Iron Treads|100/100
|move|p1a: Zapdos|Hurricane|p2a: Iron Treads|[miss]
|-miss|p1a: Zapdos|p2a: Iron Treads
|
|upkeep
|turn|7
|
|t:|1758994223
|-end|p2a: Iron Treads|Quark Drive|[silent]
|switch|p2a: Hoopa|Hoopa-Unbound|100/100
|move|p1a: Zapdos|Heat Wave|p2a: Hoopa
|-damage|p2a: Hoopa|85/100
|
|upkeep
|turn|8
|
|t:|1758994239
|move|p1a: Zapdos|Volt Switch|p2a: Hoopa
|-damage|p2a: Hoopa|66/100
|
|t:|1758994244
|switch|p1a: Ting-Lu|Ting-Lu|89/100|[from] Volt Switch
|-ability|p1a: Ting-Lu|Vessel of Ruin
|move|p2a: Hoopa|Knock Off|p1a: Ting-Lu
|-resisted|p1a: Ting-Lu
|-damage|p1a: Ting-Lu|77/100
|-enditem|p1a: Ting-Lu|Leftovers|[from] move: Knock Off|[of] p2a: Hoopa
|
|upkeep
|turn|9
|
|t:|1758994258
|move|p2a: Hoopa|Drain Punch|p1a: Ting-Lu
|-supereffective|p1a: Ting-Lu
|-damage|p1a: Ting-Lu|50/100
|-heal|p2a: Hoopa|84/100|[from] drain|[of] p1a: Ting-Lu
|move|p1a: Ting-Lu|Earthquake|p2a: Hoopa
|-damage|p2a: Hoopa|42/100
|
|upkeep
|turn|10
|
|t:|1758994264
|switch|p2a: Alomomola|Alomomola, F|49/100
|move|p1a: Ting-Lu|Earthquake|p2a: Alomomola
|-damage|p2a: Alomomola|30/100
|
|upkeep
|turn|11
|
|t:|1758994271
|switch|p1a: Iron Crown|Iron Crown|100/100
|move|p2a: Alomomola|Wish|p2a: Alomomola
|
|upkeep
|turn|12
|
|t:|1758994280
|-terastallize|p1a: Iron Crown|Steel
|move|p2a: Alomomola|Protect|p2a: Alomomola
|-singleturn|p2a: Alomomola|Protect
|move|p1a: Iron Crown|Tachyon Cutter|p2a: Alomomola
|-activate|p2a: Alomomola|move: Protect
|
|-heal|p2a: Alomomola|80/100|[from] move: Wish|[wisher] Alomomola
|upkeep
|turn|13
|inactive|Rabzzz has 120 seconds left.
|
|t:|1758994334
|move|p1a: Iron Crown|Tachyon Cutter|p2a: Alomomola
|-resisted|p2a: Alomomola
|-damage|p2a: Alomomola|52/100
|-resisted|p2a: Alomomola
|-damage|p2a: Alomomola|22/100
|-hitcount|p2a: Alomomola|2
|move|p2a: Alomomola|Flip Turn|p1a: Iron Crown
|-damage|p1a: Iron Crown|83/100
|
|t:|1758994348
|switch|p2a: Iron Treads|Iron Treads|100/100|[from] Flip Turn
|
|upkeep
|turn|14
|
|t:|1758994354
|move|p2a: Iron Treads|Stealth Rock|p1a: Iron Crown
|-sidestart|p1: Shibuya Arc|move: Stealth Rock
|move|p1a: Iron Crown|Tachyon Cutter|p2a: Iron Treads
|-resisted|p2a: Iron Treads
|-damage|p2a: Iron Treads|67/100
|-resisted|p2a: Iron Treads
|-damage|p2a: Iron Treads|33/100
|-hitcount|p2a: Iron Treads|2
|
|-heal|p2a: Iron Treads|39/100|[from] item: Leftovers
|upkeep
|turn|15
|
|t:|1758994369
|-end|p2a: Iron Treads|Quark Drive|[silent]
|switch|p2a: Hoopa|Hoopa-Unbound|42/100
|-end|p1a: Iron Crown|Quark Drive|[silent]
|switch|p1a: Zapdos|Zapdos|100/100
|
|upkeep
|turn|16
|
|t:|1758994379
|move|p1a: Zapdos|Volt Switch|p2a: Hoopa
|-damage|p2a: Hoopa|24/100
|
|t:|1758994384
|switch|p1a: Ting-Lu|Ting-Lu|50/100|[from] Volt Switch
|-damage|p1a: Ting-Lu|44/100|[from] Stealth Rock
|-ability|p1a: Ting-Lu|Vessel of Ruin
|move|p2a: Hoopa|Drain Punch|p1a: Ting-Lu
|-supereffective|p1a: Ting-Lu
|-damage|p1a: Ting-Lu|14/100
|-heal|p2a: Hoopa|45/100|[from] drain|[of] p1a: Ting-Lu
|
|upkeep
|turn|17
|
|t:|1758994393
|move|p2a: Hoopa|Drain Punch|p1a: Ting-Lu
|-supereffective|p1a: Ting-Lu
|-damage|p1a: Ting-Lu|0 fnt
|-heal|p2a: Hoopa|55/100|[from] drain|[of] p1a: Ting-Lu
|faint|p1a: Ting-Lu
|
|upkeep
|
|t:|1758994399
|switch|p1a: Dragapult|Dragapult, F|100/100
|turn|18
|
|t:|1758994408
|switch|p2a: Alomomola|Alomomola, F|56/100
|move|p1a: Dragapult|U-turn|p2a: Alomomola
|-damage|p2a: Alomomola|45/100
|
|t:|1758994415
|switch|p1a: Iron Crown|Iron Crown, tera:Steel|83/100|[from] U-turn
|-damage|p1a: Iron Crown|77/100|[from] Stealth Rock
|
|upkeep
|turn|19
|
|t:|1758994422
|move|p2a: Alomomola|Protect|p2a: Alomomola
|-singleturn|p2a: Alomomola|Protect
|move|p1a: Iron Crown|Volt Switch|p2a: Alomomola
|-activate|p2a: Alomomola|move: Protect
|
|upkeep
|turn|20
|
|t:|1758994427
|-end|p1a: Iron Crown|Quark Drive|[silent]
|switch|p1a: Dragapult|Dragapult, F|100/100
|switch|p2a: Iron Treads|Iron Treads|39/100
|
|-heal|p2a: Iron Treads|45/100|[from] item: Leftovers
|upkeep
|turn|21
|inactive|Rabzzz has 120 seconds left.
|
|t:|1758994457
|-end|p2a: Iron Treads|Quark Drive|[silent]
|switch|p2a: Pecharunt|Pecharunt|43/100
|move|p1a: Dragapult|Will-O-Wisp|p2a: Pecharunt
|-status|p2a: Pecharunt|brn
|
|-damage|p2a: Pecharunt|37/100 brn|[from] brn
|upkeep
|turn|22
|
|t:|1758994465
|switch|p2a: Alomomola|Alomomola, F|78/100
|move|p1a: Dragapult|Hex|p2a: Alomomola
|-damage|p2a: Alomomola|46/100
|
|upkeep
|turn|23
|
|t:|1758994471
|move|p1a: Dragapult|Hex|p2a: Alomomola
|-damage|p2a: Alomomola|16/100
|move|p2a: Alomomola|Flip Turn|p1a: Dragapult
|-resisted|p1a: Dragapult
|-damage|p1a: Dragapult|88/100
|
|t:|1758994489
|switch|p2a: Zapdos|Zapdos|100/100|[from] Flip Turn
|
|upkeep
|turn|24
|
|t:|1758994495
|move|p1a: Dragapult|Will-O-Wisp|p2a: Zapdos
|-status|p2a: Zapdos|brn
|move|p2a: Zapdos|Hurricane|p1a: Dragapult|[miss]
|-miss|p2a: Zapdos|p1a: Dragapult
|
|-damage|p2a: Zapdos|94/100 brn|[from] brn
|upkeep
|turn|25
|
|t:|1758994501
|move|p1a: Dragapult|Hex|p2a: Zapdos
|-damage|p2a: Zapdos|40/100 brn
|move|p2a: Zapdos|Hurricane|p1a: Dragapult
|-damage|p1a: Dragapult|1/100
|
|-damage|p2a: Zapdos|34/100 brn|[from] brn
|upkeep
|turn|26
|inactive|Rabzzz has 120 seconds left.
|
|t:|1758994536
|switch|p2a: Pecharunt|Pecharunt|37/100 brn
|move|p1a: Dragapult|Hex|p2a: Pecharunt
|-supereffective|p2a: Pecharunt
|-damage|p2a: Pecharunt|0 fnt
|faint|p2a: Pecharunt
|
|upkeep
|
|t:|1758994549
|switch|p2a: Alomomola|Alomomola, F|49/100
|turn|27
|
|t:|1758994554
|move|p1a: Dragapult|Hex|p2a: Alomomola
|-damage|p2a: Alomomola|15/100
|move|p2a: Alomomola|Flip Turn|p1a: Dragapult
|-resisted|p1a: Dragapult
|-damage|p1a: Dragapult|0 fnt
|faint|p1a: Dragapult
|inactive|Rabzzz has 120 seconds left.
|
|t:|1758994571
|switch|p2a: Iron Treads|Iron Treads|45/100|[from] Flip Turn
|
|-heal|p2a: Iron Treads|52/100|[from] item: Leftovers
|upkeep
|
|t:|1758994577
|switch|p1a: Zapdos|Zapdos|100/100
|turn|28
|inactive|Rabzzz has 120 seconds left.
|
|t:|1758994598
|move|p2a: Iron Treads|Ice Spinner|p1a: Zapdos
|-supereffective|p1a: Zapdos
|-damage|p1a: Zapdos|40/100
|move|p1a: Zapdos|Heat Wave|p2a: Iron Treads
|-supereffective|p2a: Iron Treads
|-damage|p2a: Iron Treads|0 fnt
|faint|p2a: Iron Treads
|-end|p2a: Iron Treads|Quark Drive|[silent]
|
|upkeep
|
|t:|1758994615
|switch|p2a: Hoopa|Hoopa-Unbound|55/100
|turn|29
|
|t:|1758994621
|move|p1a: Zapdos|Volt Switch|p2a: Hoopa
|-damage|p2a: Hoopa|38/100
|
|t:|1758994627
|switch|p1a: Dragonite|Dragonite, F|61/100 tox|[from] Volt Switch
|move|p2a: Hoopa|Knock Off|p1a: Dragonite
|-crit|p1a: Dragonite
|-damage|p1a: Dragonite|0 fnt
|-enditem|p1a: Dragonite|Heavy-Duty Boots|[from] move: Knock Off|[of] p2a: Hoopa
|faint|p1a: Dragonite
|
|upkeep
|
|t:|1758994632
|switch|p1a: Iron Crown|Iron Crown, tera:Steel|77/100
|-damage|p1a: Iron Crown|71/100|[from] Stealth Rock
|turn|30
|inactive|Rabzzz has 90 seconds left.
|inactive|Rabzzz has 60 seconds left.
|inactive|Rabzzz has 30 seconds left.
|
|t:|1758994728
|switch|p2a: Zapdos|Zapdos|34/100 brn
|move|p1a: Iron Crown|Tachyon Cutter|p2a: Zapdos
|-resisted|p2a: Zapdos
|-damage|p2a: Zapdos|11/100 brn
|-resisted|p2a: Zapdos
|-damage|p2a: Zapdos|0 fnt
|faint|p2a: Zapdos
|-hitcount|p2: Zapdos|2
|
|upkeep
|inactive|Rabzzz has 30 seconds left this turn.
|inactive|Rabzzz has 20 seconds left.
|inactive|Rabzzz has 15 seconds left.
|
|t:|1758994747
|switch|p2a: Alomomola|Alomomola, F|48/100
|turn|31
|inactive|Rabzzz has 25 seconds left this turn.
|inactive|Rabzzz has 20 seconds left.
|
|t:|1758994756
|switch|p2a: Hoopa|Hoopa-Unbound|38/100
|move|p1a: Iron Crown|Tachyon Cutter|p2a: Hoopa
|-damage|p2a: Hoopa|13/100
|-damage|p2a: Hoopa|0 fnt
|faint|p2a: Hoopa
|-hitcount|p2: Hoopa|2
|
|upkeep
|inactive|Rabzzz has 25 seconds left this turn.
|inactive|Rabzzz has 20 seconds left.
|inactive|Rabzzz has 15 seconds left.
|inactive|Rabzzz has 10 seconds left.
|inactive|Rabzzz has 5 seconds left.
|
|t:|1758994778
|switch|p2a: Alomomola|Alomomola, F|82/100
|turn|32
|inactive|Rabzzz has 15 seconds left this turn.
|inactive|Rabzzz has 10 seconds left.
|inactive|Rabzzz has 5 seconds left.
|
|t:|1758994790
|move|p1a: Iron Crown|Tachyon Cutter|p2a: Alomomola
|-resisted|p2a: Alomomola
|-damage|p2a: Alomomola|54/100
|-resisted|p2a: Alomomola
|-damage|p2a: Alomomola|23/100
|-hitcount|p2a: Alomomola|2
|move|p2a: Alomomola|Flip Turn|p1a: Iron Crown
|-damage|p1a: Iron Crown|54/100
|inactive|Rabzzz has 10 seconds left this turn.
|inactive|Rabzzz has 5 seconds left.
|
|t:|1758994797
|switch|p2a: Ogerpon|Ogerpon, F|100/100|[from] Flip Turn
|
|upkeep
|turn|33
|inactive|Rabzzz has 15 seconds left this turn.
|inactive|Rabzzz has 10 seconds left.
|
|t:|1758994803
|move|p2a: Ogerpon|Stomping Tantrum|p1a: Iron Crown
|-supereffective|p1a: Iron Crown
|-damage|p1a: Iron Crown|0 fnt
|faint|p1a: Iron Crown
|-end|p1a: Iron Crown|Quark Drive|[silent]
|
|upkeep
|
|t:|1758994809
|switch|p1a: Zapdos|Zapdos|40/100
|turn|34
|inactive|Rabzzz has 25 seconds left this turn.
|inactive|Rabzzz has 20 seconds left.
|
|t:|1758994816
|-terastallize|p2a: Ogerpon|Grass
|detailschange|p2a: Ogerpon|Ogerpon-Teal-Tera, F, tera:Grass
|-ability|p2a: Ogerpon|Embody Aspect (Teal)|boost
|-boost|p2a: Ogerpon|spe|1
|move|p2a: Ogerpon|Ivy Cudgel|p1a: Zapdos
|-resisted|p1a: Zapdos
|-damage|p1a: Zapdos|2/100
|move|p1a: Zapdos|Hurricane|p2a: Ogerpon
|-supereffective|p2a: Ogerpon
|-damage|p2a: Ogerpon|0 fnt
|faint|p2a: Ogerpon
|detailschange|p2: Ogerpon|Ogerpon, F|[silent]
|
|upkeep
|inactive|Rabzzz has 25 seconds left this turn.
|inactive|Rabzzz has 20 seconds left.
|
|t:|1758994825
|switch|p2a: Alomomola|Alomomola, F|56/100
|turn|35
|inactive|Rabzzz has 30 seconds left this turn.
|
|t:|1758994829
|move|p1a: Zapdos|Volt Switch|p2a: Alomomola
|-supereffective|p2a: Alomomola
|-crit|p2a: Alomomola
|-damage|p2a: Alomomola|0 fnt
|faint|p2a: Alomomola
|
|win|Shibuya Arc
|raw|Shibuya Arc's rating: 1687 &rarr; <strong>1705</strong><br />(+18 for winning)
|raw|Rabzzz's rating: 1655 &rarr; <strong>1637</strong><br />(-18 for losing)
