|j|☆Lolgasm
|j|☆Yomoma’sash
|t:|1758950935
|gametype|singles
|player|p1|Lolgasm|101|1450
|player|p2|Yomoma’sash|266|1392
|gen|9
|tier|[Gen 9] OU
|rated|
|rule|HP Percentage Mod: HP is shown in percentages
|rule|Endless Battle Clause: Forcing endless battles is banned
|rule|Species Clause: Limit one of each Pokémon
|rule|OHKO Clause: OHKO moves are banned
|rule|Evasion Items Clause: Evasion items are banned
|rule|Evasion Moves Clause: Evasion moves are banned
|rule|Evasion Abilities Clause: Evasion abilities are banned
|rule|Sleep Moves Clause: Sleep-inducing moves are banned
|clearpoke
|poke|p1|Ninetales, M|
|poke|p1|Walking Wake|
|poke|p1|Hatterene, F|
|poke|p1|Great Tusk|
|poke|p1|Comfey, M|
|poke|p1|Ceruledge, M|
|poke|p2|Charizard, M|
|poke|p2|Venusaur, F|
|poke|p2|Lapras, F|
|poke|p2|Blastoise, M|
|poke|p2|Snorlax, M|
|poke|p2|Clefable, F|
|teampreview
|inactive|Battle timer is ON: inactive players will automatically lose when time's up. (requested by Lolgasm)
|inactive|Yomoma’sash has 120 seconds left.
|c|☆Lolgasm|Pretty decent rating for an ash team!
|inactive|Yomoma’sash has 90 seconds left.
|
|t:|1758951038
|teamsize|p1|6
|teamsize|p2|6
|start
|switch|p1a: Daydream|Ninetales, M, shiny|100/100
|switch|p2a: Charizard|Charizard, M|100/100
|-weather|SunnyDay|[from] ability: Drought|[of] p1a: Daydream
|turn|1
|
|t:|1758951053
|switch|p1a: Duko|Hatterene, F, shiny|100/100
|move|p2a: Charizard|Flamethrower|p1a: Duko
|-damage|p1a: Duko|0 fnt
|faint|p1a: Duko
|
|-weather|SunnyDay|[upkeep]
|-damage|p2a: Charizard|88/100|[from] ability: Solar Power|[of] p2a: Charizard
|upkeep
|
|t:|1758951063
|switch|p1a: Mr. Banana|Walking Wake|100/100
|-activate|p1a: Mr. Banana|ability: Protosynthesis
|-start|p1a: Mr. Banana|protosynthesisspe
|turn|2
|
|t:|1758951068
|switch|p2a: Lapras|Lapras, F|100/100
|-terastallize|p1a: Mr. Banana|Water
|move|p1a: Mr. Banana|Hydro Steam|p2a: Lapras
|-immune|p2a: Lapras|[from] ability: Water Absorb
|
|-weather|SunnyDay|[upkeep]
|upkeep
|turn|3
|
|t:|1758951083
|-end|p1a: Mr. Banana|Protosynthesis|[silent]
|switch|p1a: Asmi|Comfey, M, shiny|100/100
|switch|p2a: Charizard|Charizard, M|88/100
|
|-weather|SunnyDay|[upkeep]
|-damage|p2a: Charizard|76/100|[from] ability: Solar Power|[of] p2a: Charizard
|upkeep
|turn|4
|
|t:|1758951098
|switch|p1a: Mr. Banana|Walking Wake, tera:Water|100/100
|-activate|p1a: Mr. Banana|ability: Protosynthesis
|-start|p1a: Mr. Banana|protosynthesisspe
|move|p2a: Charizard|Overheat|p1a: Mr. Banana
|-resisted|p1a: Mr. Banana
|-damage|p1a: Mr. Banana|15/100
|-unboost|p2a: Charizard|spa|2
|
|-weather|SunnyDay|[upkeep]
|-damage|p2a: Charizard|63/100|[from] ability: Solar Power|[of] p2a: Charizard
|upkeep
|turn|5
|
|t:|1758951115
|switch|p2a: Lapras|Lapras, F|100/100
|move|p1a: Mr. Banana|Dragon Pulse|p2a: Lapras
|-damage|p2a: Lapras|55/100
|
|-weather|SunnyDay|[upkeep]
|upkeep
|turn|6
|inactive|Yomoma’sash has 120 seconds left.
|
|t:|1758951142
|-end|p1a: Mr. Banana|Protosynthesis|[silent]
|switch|p1a: Asmi|Comfey, M, shiny|100/100
|move|p2a: Lapras|Ice Beam|p1a: Asmi
|-damage|p1a: Asmi|39/100
|
|-weather|SunnyDay|[upkeep]
|upkeep
|turn|7
|
|t:|1758951154
|move|p1a: Asmi|Draining Kiss|p2a: Lapras
|-damage|p2a: Lapras|36/100
|-heal|p1a: Asmi|61/100|[from] drain|[of] p2a: Lapras
|-damage|p1a: Asmi|51/100|[from] item: Life Orb
|move|p2a: Lapras|Ice Beam|p1a: Asmi
|-damage|p1a: Asmi|0 fnt
|faint|p1a: Asmi
|
|-weather|SunnyDay|[upkeep]
|upkeep
|
|t:|1758951160
|switch|p1a: Luisin|Great Tusk|100/100
|-activate|p1a: Luisin|ability: Protosynthesis
|-start|p1a: Luisin|protosynthesisatk
|turn|8
|inactive|Yomoma’sash has 120 seconds left.
|
|t:|1758951198
|switch|p2a: Charizard|Charizard, M|63/100
|move|p1a: Luisin|Rapid Spin|p2a: Charizard
|-damage|p2a: Charizard|24/100
|-boost|p1a: Luisin|spe|1
|-damage|p1a: Luisin|90/100|[from] item: Life Orb
|
|-weather|none
|-end|p1a: Luisin|Protosynthesis
|upkeep
|turn|9
|
|t:|1758951216
|move|p1a: Luisin|Rapid Spin|p2a: Charizard
|-damage|p2a: Charizard|0 fnt
|-boost|p1a: Luisin|spe|1
|faint|p2a: Charizard
|-damage|p1a: Luisin|80/100|[from] item: Life Orb
|
|upkeep
|
|t:|1758951220
|switch|p2a: Blastoise|Blastoise, M|100/100
|turn|10
|
|t:|1758951231
|move|p1a: Luisin|Close Combat|p2a: Blastoise
|-damage|p2a: Blastoise|11/100
|-unboost|p1a: Luisin|def|1
|-unboost|p1a: Luisin|spd|1
|-damage|p1a: Luisin|70/100|[from] item: Life Orb
|move|p2a: Blastoise|Surf|p1a: Luisin
|-supereffective|p1a: Luisin
|-damage|p1a: Luisin|0 fnt
|faint|p1a: Luisin
|-end|p1a: Luisin|Protosynthesis|[silent]
|
|upkeep
|
|t:|1758951236
|switch|p1a: Daydream|Ninetales, M, shiny|100/100
|-weather|SunnyDay|[from] ability: Drought|[of] p1a: Daydream
|turn|11
|
|t:|1758951245
|move|p1a: Daydream|Weather Ball|p2a: Blastoise
|-resisted|p2a: Blastoise
|-damage|p2a: Blastoise|0 fnt
|faint|p2a: Blastoise
|
|-weather|SunnyDay|[upkeep]
|upkeep
|
|t:|1758951263
|switch|p2a: Snorlax|Snorlax, M|100/100
|turn|12
|
|t:|1758951274
|move|p1a: Daydream|Will-O-Wisp|p2a: Snorlax
|-status|p2a: Snorlax|brn
|move|p2a: Snorlax|Earthquake|p1a: Daydream
|-supereffective|p1a: Daydream
|-damage|p1a: Daydream|58/100
|
|-weather|SunnyDay|[upkeep]
|-damage|p2a: Snorlax|94/100 brn|[from] brn
|upkeep
|turn|13
|
|t:|1758951281
|switch|p1a: Glass Shadows|Ceruledge, M, shiny|100/100
|move|p2a: Snorlax|Earthquake|p1a: Glass Shadows
|-supereffective|p1a: Glass Shadows
|-damage|p1a: Glass Shadows|55/100
|-ability|p1a: Glass Shadows|Weak Armor|boost
|-unboost|p1a: Glass Shadows|def|1
|-boost|p1a: Glass Shadows|spe|2
|-enditem|p1a: Glass Shadows|Weakness Policy
|-boost|p1a: Glass Shadows|atk|2|[from] item: Weakness Policy
|-boost|p1a: Glass Shadows|spa|2|[from] item: Weakness Policy
|
|-weather|SunnyDay|[upkeep]
|-damage|p2a: Snorlax|88/100 brn|[from] brn
|upkeep
|turn|14
|
|t:|1758951289
|move|p1a: Glass Shadows|Bitter Blade|p2a: Snorlax
|-damage|p2a: Snorlax|0 fnt
|-heal|p1a: Glass Shadows|100/100|[from] drain|[of] p2a: Snorlax
|faint|p2a: Snorlax
|
|-weather|SunnyDay|[upkeep]
|upkeep
|
|t:|1758951315
|switch|p2a: Lapras|Lapras, F|36/100
|turn|15
|
|t:|1758951332
|move|p1a: Glass Shadows|Poltergeist|p2a: Lapras
|-activate|p2a: Lapras|move: Poltergeist|Choice Specs
|-damage|p2a: Lapras|0 fnt
|faint|p2a: Lapras
|
|-weather|SunnyDay|[upkeep]
|upkeep
|inactive|Yomoma’sash has 120 seconds left.
|
|t:|1758951362
|switch|p2a: Clefable|Clefable, F|100/100
|turn|16
|
|t:|1758951367
|move|p1a: Glass Shadows|Bitter Blade|p2a: Clefable
|-damage|p2a: Clefable|42/100
|move|p2a: Clefable|Cosmic Power|p2a: Clefable
|-boost|p2a: Clefable|def|1
|-boost|p2a: Clefable|spd|1
|
|-weather|SunnyDay|[upkeep]
|-heal|p2a: Clefable|48/100|[from] item: Leftovers
|upkeep
|turn|17
|
|t:|1758951377
|move|p1a: Glass Shadows|Bitter Blade|p2a: Clefable
|-damage|p2a: Clefable|13/100
|move|p2a: Clefable|Moonlight|p2a: Clefable
|-heal|p2a: Clefable|79/100
|
|-weather|SunnyDay|[upkeep]
|-heal|p2a: Clefable|86/100|[from] item: Leftovers
|upkeep
|turn|18
|
|t:|1758951403
|move|p1a: Glass Shadows|Bitter Blade|p2a: Clefable
|-damage|p2a: Clefable|48/100
|move|p2a: Clefable|Cosmic Power|p2a: Clefable
|-boost|p2a: Clefable|def|1
|-boost|p2a: Clefable|spd|1
|
|-weather|none
|-heal|p2a: Clefable|54/100|[from] item: Leftovers
|upkeep
|turn|19
|
|t:|1758951412
|switch|p1a: Daydream|Ninetales, M, shiny|58/100
|-weather|SunnyDay|[from] ability: Drought|[of] p1a: Daydream
|move|p2a: Clefable|Stored Power|p1a: Daydream
|-damage|p1a: Daydream|37/100
|
|-weather|SunnyDay|[upkeep]
|-heal|p2a: Clefable|60/100|[from] item: Leftovers
|upkeep
|turn|20
|
|t:|1758951425
|move|p1a: Daydream|Will-O-Wisp|p2a: Clefable|[miss]
|-miss|p1a: Daydream|p2a: Clefable
|move|p2a: Clefable|Stored Power|p1a: Daydream
|-damage|p1a: Daydream|14/100
|
|-weather|SunnyDay|[upkeep]
|-heal|p2a: Clefable|66/100|[from] item: Leftovers
|upkeep
|turn|21
|inactive|Lolgasm has 120 seconds left.
|
|t:|1758951461
|move|p1a: Daydream|Healing Wish|p1a: Daydream
|faint|p1a: Daydream
|move|p2a: Clefable|Stored Power|p1: Daydream|[notarget]
|-fail|p2a: Clefable
|
|-weather|SunnyDay|[upkeep]
|-heal|p2a: Clefable|72/100|[from] item: Leftovers
|upkeep
|
|t:|1758951469
|switch|p1a: Mr. Banana|Walking Wake, tera:Water|15/100
|-heal|p1a: Mr. Banana|100/100|[from] move: Healing Wish
|-activate|p1a: Mr. Banana|ability: Protosynthesis
|-start|p1a: Mr. Banana|protosynthesisspe
|turn|22
|
|t:|1758951474
|move|p1a: Mr. Banana|Hydro Steam|p2a: Clefable
|-damage|p2a: Clefable|15/100
|move|p2a: Clefable|Moonlight|p2a: Clefable
|-heal|p2a: Clefable|82/100
|
|-weather|SunnyDay|[upkeep]
|-heal|p2a: Clefable|88/100|[from] item: Leftovers
|upkeep
|turn|23
|
|t:|1758951487
|move|p1a: Mr. Banana|Hydro Steam|p2a: Clefable
|-damage|p2a: Clefable|33/100
|move|p2a: Clefable|Moonlight|p2a: Clefable
|-heal|p2a: Clefable|99/100
|
|-weather|SunnyDay|[upkeep]
|-heal|p2a: Clefable|100/100|[from] item: Leftovers
|upkeep
|turn|24
|
|t:|1758951503
|move|p1a: Mr. Banana|Hydro Steam|p2a: Clefable
|-damage|p2a: Clefable|43/100
|move|p2a: Clefable|Moonlight|p2a: Clefable
|-heal|p2a: Clefable|100/100
|
|-weather|SunnyDay|[upkeep]
|upkeep
|turn|25
|
|t:|1758951506
|move|p1a: Mr. Banana|Hydro Steam|p2a: Clefable
|-damage|p2a: Clefable|45/100
|move|p2a: Clefable|Moonlight|p2a: Clefable
|-heal|p2a: Clefable|100/100
|
|-weather|SunnyDay|[upkeep]
|upkeep
|turn|26
|
|t:|1758951512
|move|p1a: Mr. Banana|Hydro Steam|p2a: Clefable
|-damage|p2a: Clefable|45/100
|move|p2a: Clefable|Cosmic Power|p2a: Clefable
|-boost|p2a: Clefable|def|1
|-boost|p2a: Clefable|spd|1
|
|-weather|none
|-end|p1a: Mr. Banana|Protosynthesis
|-heal|p2a: Clefable|51/100|[from] item: Leftovers
|upkeep
|turn|27
|
|t:|1758951515
|move|p1a: Mr. Banana|Hydro Steam|p2a: Clefable
|-damage|p2a: Clefable|20/100
|move|p2a: Clefable|Moonlight|p2a: Clefable
|-heal|p2a: Clefable|70/100
|
|-heal|p2a: Clefable|76/100|[from] item: Leftovers
|upkeep
|turn|28
|
|t:|1758951518
|move|p1a: Mr. Banana|Hydro Steam|p2a: Clefable
|-damage|p2a: Clefable|44/100
|move|p2a: Clefable|Cosmic Power|p2a: Clefable
|-boost|p2a: Clefable|def|1
|-boost|p2a: Clefable|spd|1
|
|-heal|p2a: Clefable|50/100|[from] item: Leftovers
|upkeep
|turn|29
|
|t:|1758951521
|move|p1a: Mr. Banana|Hydro Steam|p2a: Clefable
|-damage|p2a: Clefable|25/100
|move|p2a: Clefable|Moonlight|p2a: Clefable
|-heal|p2a: Clefable|75/100
|
|-heal|p2a: Clefable|81/100|[from] item: Leftovers
|upkeep
|turn|30
|
|t:|1758951526
|move|p1a: Mr. Banana|Hydro Steam|p2a: Clefable
|-damage|p2a: Clefable|54/100
|move|p2a: Clefable|Stored Power|p1a: Mr. Banana
|-damage|p1a: Mr. Banana|55/100
|
|-heal|p2a: Clefable|60/100|[from] item: Leftovers
|upkeep
|turn|31
|
|t:|1758951530
|move|p1a: Mr. Banana|Hydro Steam|p2a: Clefable
|-damage|p2a: Clefable|37/100
|move|p2a: Clefable|Stored Power|p1a: Mr. Banana
|-damage|p1a: Mr. Banana|8/100
|
|-heal|p2a: Clefable|43/100|[from] item: Leftovers
|upkeep
|turn|32
|
|t:|1758951533
|move|p1a: Mr. Banana|Hydro Steam|p2a: Clefable
|-damage|p2a: Clefable|19/100
|move|p2a: Clefable|Moonlight|p2a: Clefable
|-heal|p2a: Clefable|69/100
|
|-heal|p2a: Clefable|75/100|[from] item: Leftovers
|upkeep
|turn|33
|
|t:|1758951537
|move|p1a: Mr. Banana|Hydro Steam|p2a: Clefable
|-damage|p2a: Clefable|49/100
|move|p2a: Clefable|Stored Power|p1a: Mr. Banana
|-damage|p1a: Mr. Banana|0 fnt
|faint|p1a: Mr. Banana
|-end|p1a: Mr. Banana|Protosynthesis|[silent]
|
|-heal|p2a: Clefable|56/100|[from] item: Leftovers
|upkeep
|
|t:|1758951540
|switch|p1a: Glass Shadows|Ceruledge, M, shiny|100/100
|turn|34
|
|t:|1758951544
|move|p1a: Glass Shadows|Poltergeist|p2a: Clefable|[miss]
|-miss|p1a: Glass Shadows|p2a: Clefable
|move|p2a: Clefable|Stored Power|p1a: Glass Shadows
|-damage|p1a: Glass Shadows|53/100
|
|-heal|p2a: Clefable|62/100|[from] item: Leftovers
|upkeep
|turn|35
|
|t:|1758951552
|move|p1a: Glass Shadows|Bitter Blade|p2a: Clefable
|-damage|p2a: Clefable|49/100
|-heal|p1a: Glass Shadows|62/100|[from] drain|[of] p2a: Clefable
|move|p2a: Clefable|Stored Power|p1a: Glass Shadows
|-damage|p1a: Glass Shadows|13/100
|
|-heal|p2a: Clefable|55/100|[from] item: Leftovers
|upkeep
|turn|36
|
|t:|1758951554
|move|p1a: Glass Shadows|Bitter Blade|p2a: Clefable
|-damage|p2a: Clefable|42/100
|-heal|p1a: Glass Shadows|22/100|[from] drain|[of] p2a: Clefable
|move|p2a: Clefable|Stored Power|p1a: Glass Shadows
|-damage|p1a: Glass Shadows|0 fnt
|faint|p1a: Glass Shadows
|
|win|Yomoma’sash
|raw|Lolgasm's rating: 1450 &rarr; <strong>1427</strong><br />(-23 for losing)
|raw|Yomoma’sash's rating: 1392 &rarr; <strong>1415</strong><br />(+23 for winning)
|l|☆Lolgasm
|player|p1|
