|j|‽gialoc306
|j|☆Sungrace
|t:|1758985055
|gametype|singles
|player|p1|gialoc306|102|1261
|player|p2|Sungrace|swimmerf|1317
|gen|9
|tier|[Gen 9] OU
|rated|
|rule|HP Percentage Mod: HP is shown in percentages
|rule|Endless Battle Clause: Forcing endless battles is banned
|rule|Species Clause: Limit one of each Pokémon
|rule|OHKO Clause: OHKO moves are banned
|rule|Evasion Items Clause: Evasion items are banned
|rule|Evasion Moves Clause: Evasion moves are banned
|rule|Evasion Abilities Clause: Evasion abilities are banned
|rule|Sleep Moves Clause: Sleep-inducing moves are banned
|clearpoke
|poke|p1|Tyranitar, M|
|poke|p1|Excadrill, M|
|poke|p1|Kingambit, M|
|poke|p1|Garchomp, M|
|poke|p1|Pecharunt|
|poke|p1|Rotom-Wash|
|poke|p2|Lilligant-Hisui, F|
|poke|p2|Ninetales, F|
|poke|p2|Florges-Yellow, F|
|poke|p2|Raging Bolt|
|poke|p2|Araquanid, F|
|poke|p2|Darkrai|
|teampreview
|
|t:|1758985077
|teamsize|p1|6
|teamsize|p2|6
|start
|switch|p1a: Tyranitar|Tyranitar, M|100/100
|switch|p2a: Darkrai|Darkrai, shiny|100/100
|-weather|Sandstorm|[from] ability: Sand Stream|[of] p1a: Tyranitar
|turn|1
|inactive|Battle timer is ON: inactive players will automatically lose when time's up. (requested by Sungrace)
|inactive|gialoc306 has 120 seconds left.
|
|t:|1758985118
|move|p2a: Darkrai|Trick|p1a: Tyranitar
|-activate|p2a: Darkrai|move: Trick|[of] p1a: Tyranitar
|-item|p1a: Tyranitar|Choice Scarf|[from] move: Trick
|-item|p2a: Darkrai|Smooth Rock|[from] move: Trick
|move|p1a: Tyranitar|Stealth Rock|p2a: Darkrai
|-sidestart|p2: Sungrace|move: Stealth Rock
|
|-weather|Sandstorm|[upkeep]
|-damage|p2a: Darkrai|94/100|[from] Sandstorm
|upkeep
|turn|2
|
|t:|1758985141
|switch|p1a: Excadrill|Excadrill, M|100/100
|move|p2a: Darkrai|Dark Pulse|p1a: Excadrill
|-damage|p1a: Excadrill|33/100
|
|-weather|Sandstorm|[upkeep]
|-damage|p2a: Darkrai|88/100|[from] Sandstorm
|upkeep
|turn|3
|
|t:|1758985159
|move|p1a: Excadrill|Earthquake|p2a: Darkrai
|-damage|p2a: Darkrai|0 fnt
|faint|p2a: Darkrai
|-damage|p1a: Excadrill|23/100|[from] item: Life Orb
|
|-weather|Sandstorm|[upkeep]
|upkeep
|
|t:|1758985170
|switch|p2a: Angel|Ninetales, F, shiny|100/100
|-damage|p2a: Angel|76/100|[from] Stealth Rock
|-weather|SunnyDay|[from] ability: Drought|[of] p2a: Angel
|turn|4
|
|t:|1758985179
|switch|p1a: Tyranitar|Tyranitar, M|100/100
|-weather|Sandstorm|[from] ability: Sand Stream|[of] p1a: Tyranitar
|move|p2a: Angel|Weather Ball|p1a: Tyranitar
|-damage|p1a: Tyranitar|91/100
|
|-weather|Sandstorm|[upkeep]
|-damage|p2a: Angel|70/100|[from] Sandstorm
|upkeep
|turn|5
|
|t:|1758985186
|switch|p2a: Surskit-Alola|Araquanid, F, shiny|100/100
|-damage|p2a: Surskit-Alola|76/100|[from] Stealth Rock
|move|p1a: Tyranitar|Knock Off|p2a: Surskit-Alola
|-damage|p2a: Surskit-Alola|32/100
|-enditem|p2a: Surskit-Alola|Custap Berry|[from] move: Knock Off|[of] p1a: Tyranitar
|
|-weather|Sandstorm|[upkeep]
|-damage|p2a: Surskit-Alola|26/100|[from] Sandstorm
|upkeep
|turn|6
|
|t:|1758985197
|move|p1a: Tyranitar|Knock Off|p2a: Surskit-Alola
|-damage|p2a: Surskit-Alola|0 fnt
|faint|p2a: Surskit-Alola
|
|-weather|Sandstorm|[upkeep]
|upkeep
|
|t:|1758985208
|switch|p2a: Dawnbloom|Florges-Yellow, F, shiny|100/100
|-damage|p2a: Dawnbloom|88/100|[from] Stealth Rock
|turn|7
|
|t:|1758985218
|switch|p1a: Kingambit|Kingambit, M|100/100
|move|p2a: Dawnbloom|Moonblast|p1a: Kingambit
|-damage|p1a: Kingambit|61/100
|
|-weather|Sandstorm|[upkeep]
|-damage|p2a: Dawnbloom|82/100|[from] Sandstorm
|-heal|p2a: Dawnbloom|88/100|[from] item: Leftovers
|upkeep
|turn|8
|
|t:|1758985227
|-terastallize|p2a: Dawnbloom|Grass
|move|p2a: Dawnbloom|Moonblast|p1a: Kingambit
|-damage|p1a: Kingambit|22/100
|-unboost|p1a: Kingambit|spa|1
|move|p1a: Kingambit|Iron Head|p2a: Dawnbloom
|-damage|p2a: Dawnbloom|42/100
|
|-weather|none
|-heal|p2a: Dawnbloom|48/100|[from] item: Leftovers
|upkeep
|turn|9
|
|t:|1758985237
|-end|p1a: Kingambit|fallenundefined|[silent]
|switch|p1a: Pecharunt|Pecharunt|100/100
|-item|p1a: Pecharunt|Air Balloon
|move|p2a: Dawnbloom|Moonblast|p1a: Pecharunt
|-resisted|p1a: Pecharunt
|-damage|p1a: Pecharunt|81/100
|-enditem|p1a: Pecharunt|Air Balloon
|
|-heal|p2a: Dawnbloom|54/100|[from] item: Leftovers
|upkeep
|turn|10
|inactive|Sungrace has 120 seconds left.
|inactive|Sungrace has 90 seconds left.
|
|t:|1758985297
|move|p2a: Dawnbloom|Protect|p2a: Dawnbloom
|-singleturn|p2a: Dawnbloom|Protect
|move|p1a: Pecharunt|Malignant Chain|p2a: Dawnbloom
|-activate|p2a: Dawnbloom|move: Protect
|
|-heal|p2a: Dawnbloom|60/100|[from] item: Leftovers
|upkeep
|turn|11
|
|t:|1758985303
|move|p1a: Pecharunt|Malignant Chain|p2a: Dawnbloom
|-supereffective|p2a: Dawnbloom
|-damage|p2a: Dawnbloom|16/100
|move|p2a: Dawnbloom|Calm Mind|p2a: Dawnbloom
|-boost|p2a: Dawnbloom|spa|1
|-boost|p2a: Dawnbloom|spd|1
|
|-heal|p2a: Dawnbloom|22/100|[from] item: Leftovers
|upkeep
|turn|12
|
|t:|1758985306
|move|p2a: Dawnbloom|Protect|p2a: Dawnbloom
|-singleturn|p2a: Dawnbloom|Protect
|move|p1a: Pecharunt|Malignant Chain|p2a: Dawnbloom
|-activate|p2a: Dawnbloom|move: Protect
|
|-heal|p2a: Dawnbloom|28/100|[from] item: Leftovers
|upkeep
|turn|13
|
|t:|1758985320
|move|p2a: Dawnbloom|Protect|p2a: Dawnbloom
|-singleturn|p2a: Dawnbloom|Protect
|move|p1a: Pecharunt|Malignant Chain|p2a: Dawnbloom
|-activate|p2a: Dawnbloom|move: Protect
|
|-heal|p2a: Dawnbloom|34/100|[from] item: Leftovers
|upkeep
|turn|14
|
|t:|1758985325
|move|p1a: Pecharunt|Malignant Chain|p2a: Dawnbloom
|-supereffective|p2a: Dawnbloom
|-damage|p2a: Dawnbloom|5/100
|move|p2a: Dawnbloom|Moonblast|p1a: Pecharunt
|-resisted|p1a: Pecharunt
|-damage|p1a: Pecharunt|52/100
|-unboost|p1a: Pecharunt|spa|1
|
|-heal|p2a: Dawnbloom|12/100|[from] item: Leftovers
|upkeep
|turn|15
|inactive|Sungrace has 120 seconds left.
|
|t:|1758985332
|move|p2a: Dawnbloom|Protect|p2a: Dawnbloom
|-singleturn|p2a: Dawnbloom|Protect
|move|p1a: Pecharunt|Malignant Chain|p2a: Dawnbloom
|-activate|p2a: Dawnbloom|move: Protect
|
|-heal|p2a: Dawnbloom|18/100|[from] item: Leftovers
|upkeep
|turn|16
|
|t:|1758985337
|move|p2a: Dawnbloom|Protect|p2a: Dawnbloom
|-singleturn|p2a: Dawnbloom|Protect
|move|p1a: Pecharunt|Malignant Chain|p2a: Dawnbloom
|-activate|p2a: Dawnbloom|move: Protect
|
|-heal|p2a: Dawnbloom|24/100|[from] item: Leftovers
|upkeep
|turn|17
|
|t:|1758985340
|move|p1a: Pecharunt|Malignant Chain|p2a: Dawnbloom
|-supereffective|p2a: Dawnbloom
|-damage|p2a: Dawnbloom|4/100
|move|p2a: Dawnbloom|Wish|p2a: Dawnbloom
|
|-heal|p2a: Dawnbloom|10/100|[from] item: Leftovers
|upkeep
|turn|18
|
|t:|1758985345
|move|p2a: Dawnbloom|Protect|p2a: Dawnbloom
|-singleturn|p2a: Dawnbloom|Protect
|move|p1a: Pecharunt|Shadow Ball|p2a: Dawnbloom
|-activate|p2a: Dawnbloom|move: Protect
|
|-heal|p2a: Dawnbloom|60/100|[from] move: Wish|[wisher] Dawnbloom
|-heal|p2a: Dawnbloom|66/100|[from] item: Leftovers
|upkeep
|turn|19
|
|t:|1758985348
|move|p1a: Pecharunt|Shadow Ball|p2a: Dawnbloom
|-damage|p2a: Dawnbloom|59/100
|move|p2a: Dawnbloom|Wish|p2a: Dawnbloom
|
|-heal|p2a: Dawnbloom|65/100|[from] item: Leftovers
|upkeep
|turn|20
|
|t:|1758985355
|move|p1a: Pecharunt|Parting Shot|p2a: Dawnbloom
|-block|p2a: Dawnbloom|ability: Flower Veil|[of] p2a: Dawnbloom
|move|p2a: Dawnbloom|Calm Mind|p2a: Dawnbloom
|-boost|p2a: Dawnbloom|spa|1
|-boost|p2a: Dawnbloom|spd|1
|
|-heal|p2a: Dawnbloom|100/100|[from] move: Wish|[wisher] Dawnbloom
|upkeep
|turn|21
|
|t:|1758985365
|switch|p1a: Tyranitar|Tyranitar, M|91/100
|-weather|Sandstorm|[from] ability: Sand Stream|[of] p1a: Tyranitar
|move|p2a: Dawnbloom|Moonblast|p1a: Tyranitar
|-supereffective|p1a: Tyranitar
|-damage|p1a: Tyranitar|27/100
|
|-weather|Sandstorm|[upkeep]
|-damage|p2a: Dawnbloom|94/100|[from] Sandstorm
|-heal|p2a: Dawnbloom|100/100|[from] item: Leftovers
|upkeep
|turn|22
|
|t:|1758985374
|move|p2a: Dawnbloom|Protect|p2a: Dawnbloom
|-singleturn|p2a: Dawnbloom|Protect
|move|p1a: Tyranitar|Ice Beam|p2a: Dawnbloom
|-activate|p2a: Dawnbloom|move: Protect
|
|-weather|Sandstorm|[upkeep]
|-damage|p2a: Dawnbloom|94/100|[from] Sandstorm
|-heal|p2a: Dawnbloom|100/100|[from] item: Leftovers
|upkeep
|turn|23
|
|t:|1758985380
|move|p2a: Dawnbloom|Wish|p2a: Dawnbloom
|move|p1a: Tyranitar|Ice Beam|p2a: Dawnbloom
|-supereffective|p2a: Dawnbloom
|-damage|p2a: Dawnbloom|87/100
|
|-weather|Sandstorm|[upkeep]
|-damage|p2a: Dawnbloom|81/100|[from] Sandstorm
|-heal|p2a: Dawnbloom|87/100|[from] item: Leftovers
|upkeep
|turn|24
|
|t:|1758985385
|move|p2a: Dawnbloom|Calm Mind|p2a: Dawnbloom
|-boost|p2a: Dawnbloom|spa|1
|-boost|p2a: Dawnbloom|spd|1
|move|p1a: Tyranitar|Ice Beam|p2a: Dawnbloom
|-supereffective|p2a: Dawnbloom
|-damage|p2a: Dawnbloom|75/100
|
|-weather|Sandstorm|[upkeep]
|-damage|p2a: Dawnbloom|69/100|[from] Sandstorm
|-heal|p2a: Dawnbloom|100/100|[from] move: Wish|[wisher] Dawnbloom
|upkeep
|turn|25
|
|t:|1758985409
|switch|p1a: Excadrill|Excadrill, M|23/100
|move|p2a: Dawnbloom|Wish|p2a: Dawnbloom
|
|-weather|none
|upkeep
|turn|26
|
|t:|1758985413
|move|p1a: Excadrill|Swords Dance|p1a: Excadrill
|-boost|p1a: Excadrill|atk|2
|move|p2a: Dawnbloom|Moonblast|p1a: Excadrill
|-resisted|p1a: Excadrill
|-damage|p1a: Excadrill|0 fnt
|faint|p1a: Excadrill
|
|upkeep
|
|t:|1758985436
|switch|p1a: Tyranitar|Tyranitar, M|27/100
|-weather|Sandstorm|[from] ability: Sand Stream|[of] p1a: Tyranitar
|turn|27
|
|t:|1758985442
|move|p2a: Dawnbloom|Protect|p2a: Dawnbloom
|-singleturn|p2a: Dawnbloom|Protect
|move|p1a: Tyranitar|Thunder Wave|p2a: Dawnbloom
|-activate|p2a: Dawnbloom|move: Protect
|
|-weather|Sandstorm|[upkeep]
|-damage|p2a: Dawnbloom|94/100|[from] Sandstorm
|-heal|p2a: Dawnbloom|100/100|[from] item: Leftovers
|upkeep
|turn|28
|
|t:|1758985447
|move|p2a: Dawnbloom|Wish|p2a: Dawnbloom
|move|p1a: Tyranitar|Thunder Wave|p2a: Dawnbloom
|-block|p2a: Dawnbloom|ability: Flower Veil|[of] p2a: Dawnbloom
|
|-weather|Sandstorm|[upkeep]
|-damage|p2a: Dawnbloom|94/100|[from] Sandstorm
|-heal|p2a: Dawnbloom|100/100|[from] item: Leftovers
|upkeep
|turn|29
|-message|gialoc306 forfeited.
|
|win|Sungrace
|raw|gialoc306's rating: 1261 &rarr; <strong>1240</strong><br />(-21 for losing)
|raw|Sungrace's rating: 1317 &rarr; <strong>1334</strong><br />(+17 for winning)
|l|‽gialoc306
|player|p1|
|l|☆Sungrace
|player|p2|
