|j|☆LavenderLop
|j|☆Gaskeep Gatelight
|t:|1759024916
|gametype|singles
|player|p1|LavenderLop|ingo|1308
|player|p2|Gaskeep Gatelight|169|1260
|gen|9
|tier|[Gen 9] OU
|rated|
|rule|HP Percentage Mod: HP is shown in percentages
|rule|Endless Battle Clause: Forcing endless battles is banned
|rule|Species Clause: Limit one of each Pokémon
|rule|OHKO Clause: OHKO moves are banned
|rule|Evasion Items Clause: Evasion items are banned
|rule|Evasion Moves Clause: Evasion moves are banned
|rule|Evasion Abilities Clause: Evasion abilities are banned
|rule|Sleep Moves Clause: Sleep-inducing moves are banned
|clearpoke
|poke|p1|Pelipper, M|
|poke|p1|Barraskewda, M|
|poke|p1|Ogerpon-Wellspring, F|
|poke|p1|Raging Bolt|
|poke|p1|Tornadus-Therian, M|
|poke|p1|Iron Treads|
|poke|p2|Frosmoth, F|
|poke|p2|Pincurchin, M|
|poke|p2|Raichu-Alola, M|
|poke|p2|Iron Hands|
|poke|p2|Rotom-Wash|
|poke|p2|Pawmot, M|
|teampreview
|
|t:|1759024922
|teamsize|p1|6
|teamsize|p2|6
|start
|switch|p1a: Pelipper|Pelipper, M|100/100
|switch|p2a: OH YEAH!!! YEAH!!|Pincurchin, M|100/100
|-weather|RainDance|[from] ability: Drizzle|[of] p1a: Pelipper
|-fieldstart|move: Electric Terrain|[from] ability: Electric Surge|[of] p2a: OH YEAH!!! YEAH!!
|turn|1
|inactive|Battle timer is ON: inactive players will automatically lose when time's up. (requested by LavenderLop)
|
|t:|1759024933
|switch|p1a: Iron Treads|Iron Treads|100/100
|-activate|p1a: Iron Treads|ability: Quark Drive
|-start|p1a: Iron Treads|quarkdrivespe
|move|p2a: OH YEAH!!! YEAH!!|Memento|p1a: Iron Treads
|-unboost|p1a: Iron Treads|atk|2
|-unboost|p1a: Iron Treads|spa|2
|faint|p2a: OH YEAH!!! YEAH!!
|
|-weather|RainDance|[upkeep]
|upkeep
|
|t:|1759024941
|switch|p2a: Finger Eleven|Frosmoth, F, shiny|100/100
|turn|2
|
|t:|1759024957
|move|p1a: Iron Treads|Stealth Rock|p2a: Finger Eleven
|-sidestart|p2: Gaskeep Gatelight|move: Stealth Rock
|move|p2a: Finger Eleven|Quiver Dance|p2a: Finger Eleven
|-boost|p2a: Finger Eleven|spa|1
|-boost|p2a: Finger Eleven|spd|1
|-boost|p2a: Finger Eleven|spe|1
|
|-weather|RainDance|[upkeep]
|upkeep
|turn|3
|
|t:|1759024965
|-end|p1a: Iron Treads|Quark Drive|[silent]
|switch|p1a: Tornadus|Tornadus-Therian, M|100/100
|move|p2a: Finger Eleven|Quiver Dance|p2a: Finger Eleven
|-boost|p2a: Finger Eleven|spa|1
|-boost|p2a: Finger Eleven|spd|1
|-boost|p2a: Finger Eleven|spe|1
|
|-weather|RainDance|[upkeep]
|upkeep
|turn|4
|
|t:|1759024977
|-terastallize|p1a: Tornadus|Steel
|move|p2a: Finger Eleven|Quiver Dance|p2a: Finger Eleven
|-boost|p2a: Finger Eleven|spa|1
|-boost|p2a: Finger Eleven|spd|1
|-boost|p2a: Finger Eleven|spe|1
|move|p1a: Tornadus|Hurricane|p2a: Finger Eleven
|-supereffective|p2a: Finger Eleven
|-damage|p2a: Finger Eleven|81/100
|
|-weather|RainDance|[upkeep]
|upkeep
|turn|5
|
|t:|1759024988
|move|p2a: Finger Eleven|Quiver Dance|p2a: Finger Eleven
|-boost|p2a: Finger Eleven|spa|1
|-boost|p2a: Finger Eleven|spd|1
|-boost|p2a: Finger Eleven|spe|1
|move|p1a: Tornadus|Hurricane|p2a: Finger Eleven
|-supereffective|p2a: Finger Eleven
|-damage|p2a: Finger Eleven|65/100
|-start|p2a: Finger Eleven|confusion
|
|-weather|RainDance|[upkeep]
|upkeep
|turn|6
|
|t:|1759024999
|-terastallize|p2a: Finger Eleven|Electric
|-activate|p2a: Finger Eleven|confusion
|move|p2a: Finger Eleven|Tera Blast|p1a: Tornadus|[anim] Tera Blast Electric
|-damage|p1a: Tornadus|0 fnt
|faint|p1a: Tornadus
|
|-weather|RainDance|[upkeep]
|upkeep
|
|t:|1759025007
|switch|p1a: Ogerpon|Ogerpon-Wellspring, F|100/100
|turn|7
|
|t:|1759025010
|-end|p2a: Finger Eleven|confusion
|move|p2a: Finger Eleven|Ice Beam|p1a: Ogerpon
|-damage|p1a: Ogerpon|0 fnt
|faint|p1a: Ogerpon
|
|-weather|RainDance|[upkeep]
|upkeep
|-message|LavenderLop forfeited.
|
|win|Gaskeep Gatelight
|raw|LavenderLop's rating: 1308 &rarr; <strong>1285</strong><br />(-23 for losing)
|raw|Gaskeep Gatelight's rating: 1260 &rarr; <strong>1288</strong><br />(+28 for winning)
|l|☆LavenderLop
|player|p1|
