|j|☆xklootzakx
|j|☆OdenSan19
|t:|1758962220
|gametype|singles
|player|p1|xklootzakx|266|1393
|player|p2|OdenSan19|silver|1379
|gen|9
|tier|[Gen 9] OU
|rated|
|rule|HP Percentage Mod: HP is shown in percentages
|rule|Endless Battle Clause: Forcing endless battles is banned
|rule|Species Clause: Limit one of each Pokémon
|rule|OHKO Clause: OHKO moves are banned
|rule|Evasion Items Clause: Evasion items are banned
|rule|Evasion Moves Clause: Evasion moves are banned
|rule|Evasion Abilities Clause: Evasion abilities are banned
|rule|Sleep Moves Clause: Sleep-inducing moves are banned
|clearpoke
|poke|p1|Fezandipiti, M|
|poke|p1|Ninetales-Alola, F|
|poke|p1|Corviknight, M|
|poke|p1|Torterra, M|
|poke|p1|Chandelure, F|
|poke|p1|Crawdaunt, M|
|poke|p2|Grimmsnarl, M|
|poke|p2|Skarmory, M|
|poke|p2|Iron Boulder|
|poke|p2|Primarina, F|
|poke|p2|Landorus-Therian, M|
|poke|p2|Toxapex, M|
|teampreview
|inactive|Battle timer is ON: inactive players will automatically lose when time's up. (requested by xklootzakx)
|
|t:|1758962235
|teamsize|p1|6
|teamsize|p2|6
|start
|switch|p1a: Dr. Yueh|Fezandipiti, M|100/100
|switch|p2a: Gabara|Grimmsnarl, M|100/100
|turn|1
|
|t:|1758962262
|move|p2a: Gabara|Parting Shot|p1a: Dr. Yueh
|-unboost|p1a: Dr. Yueh|atk|1
|-unboost|p1a: Dr. Yueh|spa|1
|
|t:|1758962266
|switch|p2a: Iris|Landorus-Therian, M, shiny|100/100|[from] Parting Shot
|-ability|p2a: Iris|Intimidate|boost
|-unboost|p1a: Dr. Yueh|atk|1
|move|p1a: Dr. Yueh|Beat Up|p2a: Iris
|-damage|p2a: Iris|99/100
|-damage|p2a: Iris|97/100
|-damage|p2a: Iris|95/100
|-status|p2a: Iris|tox|[from] ability: Toxic Chain|[of] p1a: Dr. Yueh
|-damage|p2a: Iris|93/100 tox
|-damage|p2a: Iris|92/100 tox
|-damage|p2a: Iris|89/100 tox
|-hitcount|p2a: Iris|6
|
|-damage|p2a: Iris|83/100 tox|[from] psn
|upkeep
|turn|2
|
|t:|1758962286
|switch|p1a: Gurney Halleck|Corviknight, M|100/100
|move|p2a: Iris|U-turn|p1a: Gurney Halleck
|-resisted|p1a: Gurney Halleck
|-damage|p1a: Gurney Halleck|96/100
|-damage|p2a: Iris|67/100 tox|[from] item: Rocky Helmet|[of] p1a: Gurney Halleck
|
|t:|1758962302
|switch|p2a: Tiamut|Primarina, F|100/100|[from] U-turn
|
|upkeep
|turn|3
|
|t:|1758962308
|move|p2a: Tiamut|Calm Mind|p2a: Tiamut
|-boost|p2a: Tiamut|spa|1
|-boost|p2a: Tiamut|spd|1
|move|p1a: Gurney Halleck|Iron Head|p2a: Tiamut
|-damage|p2a: Tiamut|79/100
|
|-heal|p2a: Tiamut|85/100|[from] item: Leftovers
|upkeep
|turn|4
|
|t:|1758962318
|move|p2a: Tiamut|Substitute|p2a: Tiamut
|-start|p2a: Tiamut|Substitute
|-damage|p2a: Tiamut|60/100
|move|p1a: Gurney Halleck|U-turn|p2a: Tiamut
|-resisted|p2a: Tiamut
|-activate|p2a: Tiamut|move: Substitute|[damage]
|
|t:|1758962324
|switch|p1a: Chani|Ninetales-Alola, F|100/100|[from] U-turn
|-weather|Snowscape|[from] ability: Snow Warning|[of] p1a: Chani
|
|-weather|Snowscape|[upkeep]
|-heal|p2a: Tiamut|66/100|[from] item: Leftovers
|upkeep
|turn|5
|
|t:|1758962336
|move|p1a: Chani|Aurora Veil|p1a: Chani
|-sidestart|p1: xklootzakx|move: Aurora Veil
|move|p2a: Tiamut|Calm Mind|p2a: Tiamut
|-boost|p2a: Tiamut|spa|1
|-boost|p2a: Tiamut|spd|1
|
|-weather|Snowscape|[upkeep]
|-heal|p2a: Tiamut|72/100|[from] item: Leftovers
|upkeep
|turn|6
|
|t:|1758962354
|move|p1a: Chani|Freeze-Dry|p2a: Tiamut
|-supereffective|p2a: Tiamut
|-end|p2a: Tiamut|Substitute
|move|p2a: Tiamut|Surf|p1a: Chani
|-damage|p1a: Chani|56/100
|
|-weather|Snowscape|[upkeep]
|-heal|p2a: Tiamut|78/100|[from] item: Leftovers
|upkeep
|turn|7
|
|t:|1758962364
|move|p1a: Chani|Freeze-Dry|p2a: Tiamut
|-supereffective|p2a: Tiamut
|-damage|p2a: Tiamut|57/100
|-status|p2a: Tiamut|frz
|cant|p2a: Tiamut|frz
|
|-weather|Snowscape|[upkeep]
|-heal|p2a: Tiamut|63/100 frz|[from] item: Leftovers
|upkeep
|turn|8
|inactive|xklootzakx has 120 seconds left.
|
|t:|1758962399
|switch|p1a: Dr. Yueh|Fezandipiti, M|100/100
|cant|p2a: Tiamut|frz
|
|-weather|none
|-heal|p2a: Tiamut|69/100 frz|[from] item: Leftovers
|upkeep
|turn|9
|
|t:|1758962411
|move|p1a: Dr. Yueh|Play Rough|p2a: Tiamut
|-damage|p2a: Tiamut|47/100 frz
|cant|p2a: Tiamut|frz
|
|-heal|p2a: Tiamut|53/100 frz|[from] item: Leftovers
|upkeep
|turn|10
|
|t:|1758962420
|move|p1a: Dr. Yueh|Play Rough|p2a: Tiamut
|-damage|p2a: Tiamut|29/100 frz
|-unboost|p2a: Tiamut|atk|1
|cant|p2a: Tiamut|frz
|
|-heal|p2a: Tiamut|35/100 frz|[from] item: Leftovers
|upkeep
|turn|11
|
|t:|1758962429
|move|p1a: Dr. Yueh|Play Rough|p2a: Tiamut
|-damage|p2a: Tiamut|13/100 frz
|cant|p2a: Tiamut|frz
|
|-heal|p2a: Tiamut|19/100 frz|[from] item: Leftovers
|upkeep
|turn|12
|
|t:|1758962438
|move|p1a: Dr. Yueh|Play Rough|p2a: Tiamut|[miss]
|-miss|p1a: Dr. Yueh|p2a: Tiamut
|cant|p2a: Tiamut|frz
|
|-heal|p2a: Tiamut|25/100 frz|[from] item: Leftovers
|-sideend|p1: xklootzakx|move: Aurora Veil
|upkeep
|turn|13
|
|t:|1758962446
|move|p1a: Dr. Yueh|Play Rough|p2a: Tiamut
|-damage|p2a: Tiamut|0 fnt
|faint|p2a: Tiamut
|
|upkeep
|c|☆OdenSan19|I hate freeze lol
|inactive|OdenSan19 has 120 seconds left.
|
|t:|1758962480
|switch|p2a: Gabara|Grimmsnarl, M|100/100
|turn|14
|
|t:|1758962483
|move|p2a: Gabara|Light Screen|p2a: Gabara
|-sidestart|p2: OdenSan19|move: Light Screen
|move|p1a: Dr. Yueh|Beat Up|p2a: Gabara
|-resisted|p2a: Gabara
|-damage|p2a: Gabara|99/100
|-status|p2a: Gabara|tox|[from] ability: Toxic Chain|[of] p1a: Dr. Yueh
|-resisted|p2a: Gabara
|-damage|p2a: Gabara|99/100 tox
|-resisted|p2a: Gabara
|-damage|p2a: Gabara|98/100 tox
|-resisted|p2a: Gabara
|-damage|p2a: Gabara|98/100 tox
|-resisted|p2a: Gabara
|-damage|p2a: Gabara|97/100 tox
|-resisted|p2a: Gabara
|-damage|p2a: Gabara|96/100 tox
|-hitcount|p2a: Gabara|6
|
|-damage|p2a: Gabara|90/100 tox|[from] psn
|upkeep
|turn|15
|inactive|OdenSan19 has 120 seconds left.
|
|t:|1758962508
|move|p2a: Gabara|Parting Shot|p1a: Dr. Yueh
|-unboost|p1a: Dr. Yueh|atk|1
|-unboost|p1a: Dr. Yueh|spa|1
|
|t:|1758962511
|switch|p2a: Anguirus|Iron Boulder|100/100|[from] Parting Shot
|-enditem|p2a: Anguirus|Booster Energy
|-activate|p2a: Anguirus|ability: Quark Drive|[fromitem]
|-start|p2a: Anguirus|quarkdrivespe
|move|p1a: Dr. Yueh|Play Rough|p2a: Anguirus
|-damage|p2a: Anguirus|79/100
|
|upkeep
|turn|16
|inactive|OdenSan19 has 120 seconds left.
|
|t:|1758962528
|switch|p1a: Gurney Halleck|Corviknight, M|96/100
|move|p2a: Anguirus|Swords Dance|p2a: Anguirus
|-boost|p2a: Anguirus|atk|2
|
|upkeep
|turn|17
|
|t:|1758962537
|move|p2a: Anguirus|Mighty Cleave|p1a: Gurney Halleck
|-crit|p1a: Gurney Halleck
|-damage|p1a: Gurney Halleck|19/100
|-damage|p2a: Anguirus|63/100|[from] item: Rocky Helmet|[of] p1a: Gurney Halleck
|move|p1a: Gurney Halleck|U-turn|p2a: Anguirus
|-supereffective|p2a: Anguirus
|-damage|p2a: Anguirus|31/100
|
|t:|1758962544
|switch|p1a: Duke Leto|Crawdaunt, M|100/100|[from] U-turn
|
|upkeep
|turn|18
|
|t:|1758962557
|move|p1a: Duke Leto|Aqua Jet|p2a: Anguirus
|-supereffective|p2a: Anguirus
|-damage|p2a: Anguirus|0 fnt
|faint|p2a: Anguirus
|-end|p2a: Anguirus|Quark Drive|[silent]
|
|upkeep
|inactive|OdenSan19 has 120 seconds left.
|
|t:|1758962572
|switch|p2a: Hedorah|Toxapex, M, shiny|100/100
|turn|19
|
|t:|1758962577
|switch|p1a: Gurney Halleck|Corviknight, M|19/100
|move|p2a: Hedorah|Infestation|p1a: Gurney Halleck
|-resisted|p1a: Gurney Halleck
|-damage|p1a: Gurney Halleck|19/100
|-activate|p1a: Gurney Halleck|move: Infestation|[of] p2a: Hedorah
|-damage|p2a: Hedorah|84/100|[from] item: Rocky Helmet|[of] p1a: Gurney Halleck
|
|-damage|p1a: Gurney Halleck|6/100|[from] move: Infestation|[partiallytrapped]
|upkeep
|turn|20
|
|t:|1758962590
|move|p1a: Gurney Halleck|Roost|p1a: Gurney Halleck
|-heal|p1a: Gurney Halleck|56/100
|-singleturn|p1a: Gurney Halleck|move: Roost
|move|p2a: Hedorah|Ice Beam|p1a: Gurney Halleck
|-resisted|p1a: Gurney Halleck
|-damage|p1a: Gurney Halleck|50/100
|
|-damage|p1a: Gurney Halleck|38/100|[from] move: Infestation|[partiallytrapped]
|upkeep
|turn|21
|
|t:|1758962599
|move|p1a: Gurney Halleck|Roost|p1a: Gurney Halleck
|-heal|p1a: Gurney Halleck|88/100
|-singleturn|p1a: Gurney Halleck|move: Roost
|move|p2a: Hedorah|Ice Beam|p1a: Gurney Halleck
|-resisted|p1a: Gurney Halleck
|-damage|p1a: Gurney Halleck|82/100
|
|-damage|p1a: Gurney Halleck|70/100|[from] move: Infestation|[partiallytrapped]
|-sideend|p2: OdenSan19|move: Light Screen
|upkeep
|turn|22
|
|t:|1758962609
|move|p1a: Gurney Halleck|U-turn|p2a: Hedorah
|-resisted|p2a: Hedorah
|-damage|p2a: Hedorah|79/100
|
|t:|1758962612
|switch|p1a: Dr. Yueh|Fezandipiti, M|100/100|[from] U-turn
|move|p2a: Hedorah|Ice Beam|p1a: Dr. Yueh
|-damage|p1a: Dr. Yueh|93/100
|
|-heal|p1a: Dr. Yueh|99/100|[from] item: Black Sludge
|upkeep
|turn|23
|
|t:|1758962622
|move|p1a: Dr. Yueh|U-turn|p2a: Hedorah
|-resisted|p2a: Hedorah
|-damage|p2a: Hedorah|73/100
|
|t:|1758962625
|switch|p1a: Jessica Atreides|Chandelure, F, shiny|100/100|[from] U-turn
|move|p2a: Hedorah|Infestation|p1a: Jessica Atreides
|-resisted|p1a: Jessica Atreides
|-damage|p1a: Jessica Atreides|99/100
|-activate|p1a: Jessica Atreides|move: Infestation|[of] p2a: Hedorah
|
|-damage|p1a: Jessica Atreides|87/100|[from] move: Infestation|[partiallytrapped]
|upkeep
|turn|24
|
|t:|1758962637
|move|p1a: Jessica Atreides|Trick|p2a: Hedorah
|-activate|p1a: Jessica Atreides|move: Trick|[of] p2a: Hedorah
|-item|p2a: Hedorah|Choice Scarf|[from] move: Trick
|-item|p1a: Jessica Atreides|Assault Vest|[from] move: Trick
|move|p2a: Hedorah|Chilling Water|p1a: Jessica Atreides
|-supereffective|p1a: Jessica Atreides
|-damage|p1a: Jessica Atreides|67/100
|-unboost|p1a: Jessica Atreides|atk|1
|
|-damage|p1a: Jessica Atreides|55/100|[from] move: Infestation|[partiallytrapped]
|upkeep
|turn|25
|
|t:|1758962647
|move|p1a: Jessica Atreides|Shadow Ball|p2a: Hedorah
|-damage|p2a: Hedorah|43/100
|move|p2a: Hedorah|Chilling Water|p1a: Jessica Atreides
|-supereffective|p1a: Jessica Atreides
|-damage|p1a: Jessica Atreides|34/100
|-unboost|p1a: Jessica Atreides|atk|1
|
|-damage|p1a: Jessica Atreides|22/100|[from] move: Infestation|[partiallytrapped]
|upkeep
|turn|26
|
|t:|1758962656
|switch|p1a: Dr. Yueh|Fezandipiti, M|99/100
|move|p2a: Hedorah|Chilling Water|p1a: Dr. Yueh
|-damage|p1a: Dr. Yueh|93/100
|-unboost|p1a: Dr. Yueh|atk|1
|
|-heal|p1a: Dr. Yueh|99/100|[from] item: Black Sludge
|upkeep
|turn|27
|
|t:|1758962669
|switch|p1a: Chani|Ninetales-Alola, F|56/100
|-weather|Snowscape|[from] ability: Snow Warning|[of] p1a: Chani
|switch|p2a: Rodan|Skarmory, M|100/100
|
|-weather|Snowscape|[upkeep]
|upkeep
|turn|28
|
|t:|1758962679
|move|p1a: Chani|Aurora Veil|p1a: Chani
|-sidestart|p1: xklootzakx|move: Aurora Veil
|move|p2a: Rodan|Stealth Rock|p1a: Chani
|-sidestart|p1: xklootzakx|move: Stealth Rock
|
|-weather|Snowscape|[upkeep]
|upkeep
|turn|29
|
|t:|1758962688
|switch|p1a: Gurney Halleck|Corviknight, M|70/100
|-damage|p1a: Gurney Halleck|58/100|[from] Stealth Rock
|move|p2a: Rodan|Body Press|p1a: Gurney Halleck
|-damage|p1a: Gurney Halleck|48/100
|-damage|p2a: Rodan|84/100|[from] item: Rocky Helmet|[of] p1a: Gurney Halleck
|
|-weather|Snowscape|[upkeep]
|upkeep
|turn|30
|
|t:|1758962699
|switch|p2a: Iris|Landorus-Therian, M, shiny|67/100 tox
|-ability|p2a: Iris|Intimidate|boost
|-ability|p1a: Gurney Halleck|Mirror Armor
|-unboost|p2a: Iris|atk|1
|move|p1a: Gurney Halleck|Roost|p1a: Gurney Halleck
|-heal|p1a: Gurney Halleck|98/100
|-singleturn|p1a: Gurney Halleck|move: Roost
|
|-weather|Snowscape|[upkeep]
|-damage|p2a: Iris|61/100 tox|[from] psn
|upkeep
|turn|31
|
|t:|1758962721
|move|p2a: Iris|Taunt|p1a: Gurney Halleck
|-start|p1a: Gurney Halleck|move: Taunt
|cant|p1a: Gurney Halleck|move: Taunt|Defog
|
|-weather|none
|-damage|p2a: Iris|49/100 tox|[from] psn
|upkeep
|turn|32
|
|t:|1758962730
|switch|p2a: Hedorah|Toxapex, M, shiny|76/100
|move|p1a: Gurney Halleck|Iron Head|p2a: Hedorah
|-resisted|p2a: Hedorah
|-damage|p2a: Hedorah|67/100
|
|upkeep
|turn|33
|
|t:|1758962740
|move|p2a: Hedorah|Infestation|p1a: Gurney Halleck
|-resisted|p1a: Gurney Halleck
|-damage|p1a: Gurney Halleck|98/100
|-activate|p1a: Gurney Halleck|move: Infestation|[of] p2a: Hedorah
|-damage|p2a: Hedorah|51/100|[from] item: Rocky Helmet|[of] p1a: Gurney Halleck
|move|p1a: Gurney Halleck|Iron Head|p2a: Hedorah
|-resisted|p2a: Hedorah
|-damage|p2a: Hedorah|42/100
|
|-damage|p1a: Gurney Halleck|85/100|[from] move: Infestation|[partiallytrapped]
|-end|p1a: Gurney Halleck|move: Taunt
|upkeep
|turn|34
|
|t:|1758962757
|switch|p2a: Iris|Landorus-Therian, M, shiny|49/100 tox
|-ability|p2a: Iris|Intimidate|boost
|-ability|p1a: Gurney Halleck|Mirror Armor
|-unboost|p2a: Iris|atk|1
|move|p1a: Gurney Halleck|Defog|p2a: Iris
|-unboost|p2a: Iris|evasion|1
|-sideend|p1: xklootzakx|Stealth Rock|[from] move: Defog|[of] p1a: Gurney Halleck
|
|-damage|p2a: Iris|43/100 tox|[from] psn
|-end|p1a: Gurney Halleck|Infestation|[partiallytrapped]|[silent]
|upkeep
|turn|35
|
|t:|1758962769
|move|p2a: Iris|Stone Edge|p1a: Gurney Halleck|[miss]
|-miss|p2a: Iris|p1a: Gurney Halleck
|move|p1a: Gurney Halleck|U-turn|p2a: Iris
|-resisted|p2a: Iris
|-damage|p2a: Iris|35/100 tox
|
|t:|1758962778
|switch|p1a: Jessica Atreides|Chandelure, F, shiny|22/100|[from] U-turn
|
|-damage|p2a: Iris|23/100 tox|[from] psn
|-sideend|p1: xklootzakx|move: Aurora Veil
|upkeep
|turn|36
|-message|OdenSan19 forfeited.
|
|win|xklootzakx
|raw|xklootzakx's rating: 1393 &rarr; <strong>1412</strong><br />(+19 for winning)
|raw|OdenSan19's rating: 1379 &rarr; <strong>1360</strong><br />(-19 for losing)
|l|☆OdenSan19
|player|p2|
|l|☆xklootzakx
|player|p1|
