|j|☆witdflow
|j|☆ASHLEYXASH
|t:|1759032210
|gametype|singles
|player|p1|witdflow|norman|1262
|player|p2|ASHLEYXASH|red|1273
|gen|9
|tier|[Gen 9] OU
|rated|
|rule|HP Percentage Mod: HP is shown in percentages
|rule|Endless Battle Clause: Forcing endless battles is banned
|rule|Species Clause: Limit one of each Pokémon
|rule|OHKO Clause: OHKO moves are banned
|rule|Evasion Items Clause: Evasion items are banned
|rule|Evasion Moves Clause: Evasion moves are banned
|rule|Evasion Abilities Clause: Evasion abilities are banned
|rule|Sleep Moves Clause: Sleep-inducing moves are banned
|clearpoke
|poke|p1|Clefable, F|
|poke|p1|Weezing-Galar, M|
|poke|p1|Alomomola, F|
|poke|p1|Ting-Lu|
|poke|p1|Ditto|
|poke|p1|Gholdengo|
|poke|p2|Clefable, M|
|poke|p2|Darkrai|
|poke|p2|Corviknight, M|
|poke|p2|Great Tusk|
|poke|p2|Cinderace, M|
|poke|p2|Rillaboom, F|
|teampreview
|inactive|Battle timer is ON: inactive players will automatically lose when time's up. (requested by ASHLEYXASH)
|
|t:|1759032223
|teamsize|p1|6
|teamsize|p2|6
|start
|switch|p1a: Ditto|Ditto, shiny|100/100
|switch|p2a: Cinderace|Cinderace, M, shiny|100/100
|-transform|p1a: Ditto|p2a: Cinderace|[from] ability: Imposter
|turn|1
|
|t:|1759032235
|switch|p1a: Alomomola|Alomomola, F, shiny|100/100
|move|p2a: Cinderace|High Jump Kick|p1a: Alomomola
|-start|p2a: Cinderace|typechange|Fighting|[from] ability: Libero
|-damage|p1a: Alomomola|56/100
|-damage|p2a: Cinderace|84/100|[from] item: Rocky Helmet|[of] p1a: Alomomola
|-damage|p2a: Cinderace|74/100|[from] item: Life Orb
|
|upkeep
|turn|2
|
|t:|1759032246
|move|p2a: Cinderace|U-turn|p1a: Alomomola
|-damage|p1a: Alomomola|41/100
|-damage|p2a: Cinderace|57/100|[from] item: Rocky Helmet|[of] p1a: Alomomola
|-damage|p2a: Cinderace|47/100|[from] item: Life Orb
|
|t:|1759032250
|switch|p2a: Rillaboom|Rillaboom, F, shiny|100/100|[from] U-turn
|-fieldstart|move: Grassy Terrain|[from] ability: Grassy Surge|[of] p2a: Rillaboom
|move|p1a: Alomomola|Wish|p1a: Alomomola
|
|-heal|p1a: Alomomola|47/100|[from] Grassy Terrain
|upkeep
|turn|3
|
|t:|1759032261
|move|p1a: Alomomola|Protect|p1a: Alomomola
|-singleturn|p1a: Alomomola|Protect
|move|p2a: Rillaboom|Wood Hammer|p1a: Alomomola
|-activate|p1a: Alomomola|move: Protect
|
|-heal|p1a: Alomomola|97/100|[from] move: Wish|[wisher] Alomomola
|-heal|p1a: Alomomola|100/100|[from] Grassy Terrain
|upkeep
|turn|4
|
|t:|1759032265
|switch|p1a: Weezing|Weezing-Galar, M, shiny|100/100
|-ability|p1a: Weezing|Neutralizing Gas
|move|p2a: Rillaboom|Wood Hammer|p1a: Weezing
|-resisted|p1a: Weezing
|-damage|p1a: Weezing|76/100
|-damage|p2a: Rillaboom|93/100|[from] Recoil
|
|-heal|p2a: Rillaboom|99/100|[from] Grassy Terrain
|-heal|p2a: Rillaboom|100/100|[from] item: Leftovers
|-heal|p1a: Weezing|82/100|[from] Grassy Terrain
|-heal|p1a: Weezing|88/100|[from] item: Leftovers
|upkeep
|turn|5
|
|t:|1759032273
|move|p2a: Rillaboom|U-turn|p1a: Weezing
|-resisted|p1a: Weezing
|-damage|p1a: Weezing|84/100
|
|t:|1759032281
|switch|p2a: Great Tusk|Great Tusk, shiny|100/100|[from] U-turn
|move|p1a: Weezing|Will-O-Wisp|p2a: Great Tusk
|-status|p2a: Great Tusk|brn
|
|-heal|p1a: Weezing|90/100|[from] Grassy Terrain
|-heal|p1a: Weezing|96/100|[from] item: Leftovers
|-damage|p2a: Great Tusk|94/100 brn|[from] brn
|upkeep
|turn|6
|
|t:|1759032293
|move|p2a: Great Tusk|Headlong Rush|p1a: Weezing
|-supereffective|p1a: Weezing
|-damage|p1a: Weezing|58/100
|-unboost|p2a: Great Tusk|def|1
|-unboost|p2a: Great Tusk|spd|1
|move|p1a: Weezing|Strange Steam|p2a: Great Tusk
|-supereffective|p2a: Great Tusk
|-damage|p2a: Great Tusk|0 fnt
|faint|p2a: Great Tusk
|-end|p2a: Great Tusk|Protosynthesis|[silent]
|
|-heal|p1a: Weezing|64/100|[from] Grassy Terrain
|-heal|p1a: Weezing|70/100|[from] item: Leftovers
|-fieldend|move: Grassy Terrain
|upkeep
|
|t:|1759032303
|switch|p2a: Cinderace|Cinderace, M, shiny|47/100
|turn|7
|
|t:|1759032306
|-end|p1a: Weezing|ability: Neutralizing Gas
|switch|p1a: Alomomola|Alomomola, F, shiny|100/100
|move|p2a: Cinderace|Pyro Ball|p1a: Alomomola
|-resisted|p1a: Alomomola
|-damage|p1a: Alomomola|82/100
|-damage|p2a: Cinderace|37/100|[from] item: Life Orb
|
|upkeep
|turn|8
|
|t:|1759032313
|move|p2a: Cinderace|High Jump Kick|p1a: Alomomola
|-start|p2a: Cinderace|typechange|Fighting|[from] ability: Libero
|-damage|p1a: Alomomola|42/100
|-damage|p2a: Cinderace|21/100|[from] item: Rocky Helmet|[of] p1a: Alomomola
|-damage|p2a: Cinderace|11/100|[from] item: Life Orb
|move|p1a: Alomomola|Wish|p1a: Alomomola
|
|upkeep
|turn|9
|
|t:|1759032339
|switch|p2a: Clefable|Clefable, M, shiny|100/100
|move|p1a: Alomomola|Protect||[still]
|-fail|p1a: Alomomola
|
|-heal|p1a: Alomomola|92/100|[from] move: Wish|[wisher] Alomomola
|upkeep
|turn|10
|
|t:|1759032348
|switch|p1a: Gholdengo|Gholdengo|100/100
|move|p2a: Clefable|Calm Mind|p2a: Clefable
|-boost|p2a: Clefable|spa|1
|-boost|p2a: Clefable|spd|1
|
|upkeep
|turn|11
|
|t:|1759032356
|-terastallize|p2a: Clefable|Steel
|move|p1a: Gholdengo|Trick|p2a: Clefable
|-activate|p1a: Gholdengo|move: Trick|[of] p2a: Clefable
|-item|p2a: Clefable|Choice Scarf|[from] move: Trick
|-item|p1a: Gholdengo|Leftovers|[from] move: Trick
|move|p2a: Clefable|Thunderbolt|p1a: Gholdengo
|-damage|p1a: Gholdengo|57/100
|
|-heal|p1a: Gholdengo|63/100|[from] item: Leftovers
|upkeep
|turn|12
|
|t:|1759032365
|switch|p1a: Ting-Lu|Ting-Lu, shiny|100/100
|-ability|p1a: Ting-Lu|Vessel of Ruin
|move|p2a: Clefable|Thunderbolt|p1a: Ting-Lu
|-immune|p1a: Ting-Lu
|
|upkeep
|turn|13
|
|t:|1759032371
|switch|p2a: Rillaboom|Rillaboom, F, shiny|100/100
|-fieldstart|move: Grassy Terrain|[from] ability: Grassy Surge|[of] p2a: Rillaboom
|move|p1a: Ting-Lu|Ruination|p2a: Rillaboom
|-damage|p2a: Rillaboom|51/100
|
|-heal|p2a: Rillaboom|57/100|[from] Grassy Terrain
|-heal|p2a: Rillaboom|63/100|[from] item: Leftovers
|upkeep
|turn|14
|
|t:|1759032400
|switch|p1a: Weezing|Weezing-Galar, M, shiny|70/100
|-ability|p1a: Weezing|Neutralizing Gas
|move|p2a: Rillaboom|Wood Hammer|p1a: Weezing
|-resisted|p1a: Weezing
|-damage|p1a: Weezing|43/100
|-damage|p2a: Rillaboom|54/100|[from] Recoil
|
|-heal|p2a: Rillaboom|61/100|[from] Grassy Terrain
|-heal|p2a: Rillaboom|67/100|[from] item: Leftovers
|-heal|p1a: Weezing|49/100|[from] Grassy Terrain
|-heal|p1a: Weezing|55/100|[from] item: Leftovers
|upkeep
|turn|15
|inactive|witdflow has 120 seconds left.
|
|t:|1759032423
|switch|p2a: Cinderace|Cinderace, M, shiny|11/100
|move|p1a: Weezing|Strange Steam|p2a: Cinderace
|-resisted|p2a: Cinderace
|-crit|p2a: Cinderace
|-damage|p2a: Cinderace|0 fnt
|faint|p2a: Cinderace
|
|-heal|p1a: Weezing|61/100|[from] Grassy Terrain
|-heal|p1a: Weezing|67/100|[from] item: Leftovers
|upkeep
|
|t:|1759032434
|switch|p2a: Darkrai|Darkrai, shiny|100/100
|turn|16
|
|t:|1759032441
|-end|p1a: Weezing|ability: Neutralizing Gas
|switch|p1a: Ting-Lu|Ting-Lu, shiny|100/100
|-ability|p1a: Ting-Lu|Vessel of Ruin
|move|p2a: Darkrai|Sludge Bomb|p1a: Ting-Lu
|-resisted|p1a: Ting-Lu
|-crit|p1a: Ting-Lu
|-damage|p1a: Ting-Lu|86/100
|-status|p1a: Ting-Lu|psn
|-damage|p2a: Darkrai|91/100|[from] item: Life Orb
|
|-heal|p2a: Darkrai|97/100|[from] Grassy Terrain
|-heal|p1a: Ting-Lu|93/100 psn|[from] Grassy Terrain
|-heal|p1a: Ting-Lu|99/100 psn|[from] item: Leftovers
|-damage|p1a: Ting-Lu|86/100 psn|[from] psn
|upkeep
|turn|17
|
|t:|1759032456
|move|p2a: Darkrai|Focus Blast|p1a: Ting-Lu
|-supereffective|p1a: Ting-Lu
|-crit|p1a: Ting-Lu
|-damage|p1a: Ting-Lu|13/100 psn
|-damage|p2a: Darkrai|87/100|[from] item: Life Orb
|move|p1a: Ting-Lu|Ruination|p2a: Darkrai
|-damage|p2a: Darkrai|44/100
|
|-heal|p2a: Darkrai|50/100|[from] Grassy Terrain
|-heal|p1a: Ting-Lu|19/100 psn|[from] Grassy Terrain
|-heal|p1a: Ting-Lu|25/100 psn|[from] item: Leftovers
|-damage|p1a: Ting-Lu|13/100 psn|[from] psn
|-fieldend|move: Grassy Terrain
|upkeep
|turn|18
|
|t:|1759032464
|switch|p1a: Clefable|Clefable, F, shiny|100/100
|move|p2a: Darkrai|Dark Pulse|p1a: Clefable
|-resisted|p1a: Clefable
|-damage|p1a: Clefable|82/100
|-damage|p2a: Darkrai|40/100|[from] item: Life Orb
|
|-heal|p1a: Clefable|88/100|[from] item: Leftovers
|upkeep
|turn|19
|
|t:|1759032469
|switch|p1a: Gholdengo|Gholdengo|63/100
|move|p2a: Darkrai|Sludge Bomb|p1a: Gholdengo
|-immune|p1a: Gholdengo
|
|-heal|p1a: Gholdengo|69/100|[from] item: Leftovers
|upkeep
|turn|20
|
|t:|1759032475
|switch|p1a: Ditto|Ditto, shiny|100/100
|-transform|p1a: Ditto|p2a: Darkrai|[from] ability: Imposter
|move|p2a: Darkrai|Dark Pulse|p1a: Ditto
|-resisted|p1a: Ditto
|-damage|p1a: Ditto|67/100
|-damage|p2a: Darkrai|30/100|[from] item: Life Orb
|
|upkeep
|turn|21
|
|t:|1759032486
|move|p1a: Ditto|Focus Blast|p2a: Darkrai
|-supereffective|p2a: Darkrai
|-damage|p2a: Darkrai|0 fnt
|faint|p2a: Darkrai
|
|upkeep
|
|t:|1759032490
|switch|p2a: Clefable|Clefable, M, shiny, tera:Steel|100/100
|turn|22
|
|t:|1759032496
|move|p1a: Ditto|Focus Blast|p2a: Clefable
|-supereffective|p2a: Clefable
|-damage|p2a: Clefable|24/100
|move|p2a: Clefable|Moonblast|p1a: Ditto
|-supereffective|p1a: Ditto
|-damage|p1a: Ditto|0 fnt
|faint|p1a: Ditto
|
|upkeep
|
|t:|1759032502
|switch|p1a: Gholdengo|Gholdengo|69/100
|turn|23
|
|t:|1759032510
|switch|p2a: Rillaboom|Rillaboom, F, shiny|67/100
|-fieldstart|move: Grassy Terrain|[from] ability: Grassy Surge|[of] p2a: Rillaboom
|move|p1a: Gholdengo|Trick|p2a: Rillaboom
|-activate|p1a: Gholdengo|move: Trick|[of] p2a: Rillaboom
|-item|p2a: Rillaboom|Leftovers|[from] move: Trick
|-item|p1a: Gholdengo|Leftovers|[from] move: Trick
|
|-heal|p2a: Rillaboom|73/100|[from] Grassy Terrain
|-heal|p2a: Rillaboom|79/100|[from] item: Leftovers
|-heal|p1a: Gholdengo|75/100|[from] Grassy Terrain
|-heal|p1a: Gholdengo|81/100|[from] item: Leftovers
|upkeep
|turn|24
|c|☆witdflow|lol
|
|t:|1759032527
|switch|p1a: Weezing|Weezing-Galar, M, shiny|67/100
|-ability|p1a: Weezing|Neutralizing Gas
|move|p2a: Rillaboom|Wood Hammer|p1a: Weezing
|-resisted|p1a: Weezing
|-damage|p1a: Weezing|43/100
|-damage|p2a: Rillaboom|71/100|[from] Recoil
|
|-heal|p2a: Rillaboom|77/100|[from] Grassy Terrain
|-heal|p2a: Rillaboom|83/100|[from] item: Leftovers
|-heal|p1a: Weezing|49/100|[from] Grassy Terrain
|-heal|p1a: Weezing|55/100|[from] item: Leftovers
|upkeep
|turn|25
|
|t:|1759032535
|move|p2a: Rillaboom|Wood Hammer|p1a: Weezing
|-resisted|p1a: Weezing
|-damage|p1a: Weezing|31/100
|-damage|p2a: Rillaboom|76/100|[from] Recoil
|move|p1a: Weezing|Will-O-Wisp|p2a: Rillaboom
|-status|p2a: Rillaboom|brn
|
|-heal|p2a: Rillaboom|82/100 brn|[from] Grassy Terrain
|-heal|p2a: Rillaboom|88/100 brn|[from] item: Leftovers
|-heal|p1a: Weezing|37/100|[from] Grassy Terrain
|-heal|p1a: Weezing|43/100|[from] item: Leftovers
|-damage|p2a: Rillaboom|82/100 brn|[from] brn
|upkeep
|turn|26
|
|t:|1759032542
|move|p2a: Rillaboom|Wood Hammer|p1a: Weezing
|-resisted|p1a: Weezing
|-damage|p1a: Weezing|30/100
|-damage|p2a: Rillaboom|78/100 brn|[from] Recoil
|move|p1a: Weezing|Strange Steam|p2a: Rillaboom|[miss]
|-miss|p1a: Weezing|p2a: Rillaboom
|
|-heal|p2a: Rillaboom|84/100 brn|[from] Grassy Terrain
|-heal|p2a: Rillaboom|90/100 brn|[from] item: Leftovers
|-heal|p1a: Weezing|36/100|[from] Grassy Terrain
|-heal|p1a: Weezing|42/100|[from] item: Leftovers
|-damage|p2a: Rillaboom|84/100 brn|[from] brn
|upkeep
|turn|27
|
|t:|1759032545
|move|p2a: Rillaboom|Wood Hammer|p1a: Weezing
|-resisted|p1a: Weezing
|-damage|p1a: Weezing|28/100
|-damage|p2a: Rillaboom|79/100 brn|[from] Recoil
|move|p1a: Weezing|Strange Steam|p2a: Rillaboom
|-damage|p2a: Rillaboom|41/100 brn
|
|-heal|p2a: Rillaboom|47/100 brn|[from] Grassy Terrain
|-heal|p2a: Rillaboom|53/100 brn|[from] item: Leftovers
|-heal|p1a: Weezing|34/100|[from] Grassy Terrain
|-heal|p1a: Weezing|40/100|[from] item: Leftovers
|-damage|p2a: Rillaboom|47/100 brn|[from] brn
|-fieldend|move: Grassy Terrain
|upkeep
|turn|28
|
|t:|1759032554
|move|p2a: Rillaboom|Wood Hammer|p1a: Weezing
|-resisted|p1a: Weezing
|-damage|p1a: Weezing|31/100
|-damage|p2a: Rillaboom|44/100 brn|[from] Recoil
|move|p1a: Weezing|Strange Steam|p2a: Rillaboom
|-damage|p2a: Rillaboom|8/100 brn
|
|-heal|p2a: Rillaboom|14/100 brn|[from] item: Leftovers
|-heal|p1a: Weezing|37/100|[from] item: Leftovers
|-damage|p2a: Rillaboom|8/100 brn|[from] brn
|upkeep
|turn|29
|
|t:|1759032565
|move|p2a: Rillaboom|Drain Punch|p1a: Weezing
|-resisted|p1a: Weezing
|-damage|p1a: Weezing|35/100
|-heal|p2a: Rillaboom|8/100 brn|[from] drain|[of] p1a: Weezing
|move|p1a: Weezing|Rest|p1a: Weezing
|-status|p1a: Weezing|slp|[from] move: Rest
|-heal|p1a: Weezing|100/100 slp|[silent]
|
|-heal|p2a: Rillaboom|15/100 brn|[from] item: Leftovers
|-damage|p2a: Rillaboom|8/100 brn|[from] brn
|upkeep
|turn|30
|
|t:|1759032568
|switch|p2a: Corviknight|Corviknight, M, shiny|100/100
|cant|p1a: Weezing|slp
|
|upkeep
|turn|31
|
|t:|1759032572
|move|p2a: Corviknight|Body Press|p1a: Weezing
|-resisted|p1a: Weezing
|-damage|p1a: Weezing|97/100 slp
|cant|p1a: Weezing|slp
|
|-heal|p1a: Weezing|100/100 slp|[from] item: Leftovers
|upkeep
|turn|32
|
|t:|1759032577
|move|p2a: Corviknight|Iron Defense|p2a: Corviknight
|-boost|p2a: Corviknight|def|2
|-curestatus|p1a: Weezing|slp|[msg]
|move|p1a: Weezing|Will-O-Wisp|p2a: Corviknight|[miss]
|-miss|p1a: Weezing|p2a: Corviknight
|
|upkeep
|turn|33
|
|t:|1759032579
|move|p2a: Corviknight|Iron Defense|p2a: Corviknight
|-boost|p2a: Corviknight|def|2
|move|p1a: Weezing|Will-O-Wisp|p2a: Corviknight
|-status|p2a: Corviknight|brn
|
|-damage|p2a: Corviknight|94/100 brn|[from] brn
|upkeep
|turn|34
|
|t:|1759032592
|-end|p1a: Weezing|ability: Neutralizing Gas
|-ability|p2a: Corviknight|Pressure
|switch|p1a: Clefable|Clefable, F, shiny|88/100
|move|p2a: Corviknight|Iron Defense|p2a: Corviknight
|-boost|p2a: Corviknight|def|2
|
|-heal|p1a: Clefable|94/100|[from] item: Leftovers
|-damage|p2a: Corviknight|88/100 brn|[from] brn
|upkeep
|turn|35
|
|t:|1759032600
|move|p2a: Corviknight|Body Press|p1a: Clefable
|-resisted|p1a: Clefable
|-damage|p1a: Clefable|87/100
|move|p1a: Clefable|Cosmic Power|p1a: Clefable
|-boost|p1a: Clefable|def|1
|-boost|p1a: Clefable|spd|1
|
|-heal|p1a: Clefable|93/100|[from] item: Leftovers
|-damage|p2a: Corviknight|82/100 brn|[from] brn
|upkeep
|turn|36
|
|t:|1759032617
|move|p2a: Corviknight|U-turn|p1a: Clefable
|-resisted|p1a: Clefable
|-damage|p1a: Clefable|90/100
|
|t:|1759032620
|switch|p2a: Rillaboom|Rillaboom, F, shiny|8/100 brn|[from] U-turn
|-fieldstart|move: Grassy Terrain|[from] ability: Grassy Surge|[of] p2a: Rillaboom
|move|p1a: Clefable|Cosmic Power|p1a: Clefable
|-boost|p1a: Clefable|def|1
|-boost|p1a: Clefable|spd|1
|
|-heal|p2a: Rillaboom|15/100 brn|[from] Grassy Terrain
|-heal|p2a: Rillaboom|21/100 brn|[from] item: Leftovers
|-heal|p1a: Clefable|96/100|[from] Grassy Terrain
|-heal|p1a: Clefable|100/100|[from] item: Leftovers
|-damage|p2a: Rillaboom|15/100 brn|[from] brn
|upkeep
|turn|37
|c|☆witdflow|gg
|
|t:|1759032629
|move|p2a: Rillaboom|Wood Hammer|p1a: Clefable
|-damage|p1a: Clefable|79/100
|-damage|p2a: Rillaboom|6/100 brn|[from] Recoil
|move|p1a: Clefable|Moonblast|p2a: Rillaboom
|-damage|p2a: Rillaboom|0 fnt
|faint|p2a: Rillaboom
|
|-heal|p1a: Clefable|85/100|[from] Grassy Terrain
|-heal|p1a: Clefable|91/100|[from] item: Leftovers
|upkeep
|
|t:|1759032633
|switch|p2a: Clefable|Clefable, M, shiny, tera:Steel|24/100
|turn|38
|
|t:|1759032641
|move|p2a: Clefable|Moonblast|p1a: Clefable
|-damage|p1a: Clefable|77/100
|move|p1a: Clefable|Moonblast|p2a: Clefable
|-resisted|p2a: Clefable
|-damage|p2a: Clefable|10/100
|
|-heal|p2a: Clefable|16/100|[from] Grassy Terrain
|-heal|p1a: Clefable|83/100|[from] Grassy Terrain
|-heal|p1a: Clefable|89/100|[from] item: Leftovers
|upkeep
|turn|39
|
|t:|1759032645
|move|p2a: Clefable|Moonblast|p1a: Clefable
|-damage|p1a: Clefable|77/100
|move|p1a: Clefable|Moonblast|p2a: Clefable
|-resisted|p2a: Clefable
|-damage|p2a: Clefable|2/100
|
|-heal|p2a: Clefable|8/100|[from] Grassy Terrain
|-heal|p1a: Clefable|83/100|[from] Grassy Terrain
|-heal|p1a: Clefable|89/100|[from] item: Leftovers
|upkeep
|turn|40
|-message|ASHLEYXASH forfeited.
|
|win|witdflow
|raw|witdflow's rating: 1262 &rarr; <strong>1288</strong><br />(+26 for winning)
|raw|ASHLEYXASH's rating: 1273 &rarr; <strong>1247</strong><br />(-26 for losing)
|l|☆witdflow
|player|p1|
|l|☆ASHLEYXASH
|player|p2|
