|j|☆chasmis_bauna
|j|☆skyking48
|t:|1758983283
|gametype|singles
|player|p1|chasmis_bauna|101|1228
|player|p2|skyking48|veteran|1175
|gen|9
|tier|[Gen 9] OU
|rated|
|rule|HP Percentage Mod: HP is shown in percentages
|rule|Endless Battle Clause: Forcing endless battles is banned
|rule|Species Clause: Limit one of each Pokémon
|rule|OHKO Clause: OHKO moves are banned
|rule|Evasion Items Clause: Evasion items are banned
|rule|Evasion Moves Clause: Evasion moves are banned
|rule|Evasion Abilities Clause: Evasion abilities are banned
|rule|Sleep Moves Clause: Sleep-inducing moves are banned
|clearpoke
|poke|p1|Garganacl, M|
|poke|p1|Great Tusk|
|poke|p1|Kyurem|
|poke|p1|Ogerpon-Wellspring, F|
|poke|p1|Iron Moth|
|poke|p1|Kingambit, M|
|poke|p2|Maushold-Four|
|poke|p2|Magneton|
|poke|p2|Wugtrio, M|
|poke|p2|Hydreigon, F|
|poke|p2|Slowking-Galar, F|
|poke|p2|Weezing-Galar, M|
|teampreview
|c|☆skyking48|hello
|c|☆skyking48|look all my pokemon have many heads
|
|t:|1758983314
|teamsize|p1|6
|teamsize|p2|6
|start
|switch|p1a: jolyne|Ogerpon-Wellspring, F|100/100
|switch|p2a: Slowking|Slowking-Galar, F|100/100
|turn|1
|
|t:|1758983328
|-terastallize|p1a: jolyne|Water
|detailschange|p1a: jolyne|Ogerpon-Wellspring-Tera, F, tera:Water
|-ability|p1a: jolyne|Embody Aspect (Wellspring)|boost
|-boost|p1a: jolyne|spd|1
|move|p1a: jolyne|Swords Dance|p1a: jolyne
|-boost|p1a: jolyne|atk|2
|move|p2a: Slowking|Toxic|p1a: jolyne
|-status|p1a: jolyne|tox
|
|-damage|p1a: jolyne|95/100 tox|[from] psn
|upkeep
|turn|2
|
|t:|1758983341
|switch|p2a: Weezing|Weezing-Galar, M|100/100
|move|p1a: jolyne|Ivy Cudgel|p2a: Weezing|[anim] Ivy Cudgel Water
|-damage|p2a: Weezing|0 fnt
|faint|p2a: Weezing
|
|-damage|p1a: jolyne|83/100 tox|[from] psn
|upkeep
|
|t:|1758983363
|switch|p2a: Magneton|Magneton|100/100
|turn|3
|
|t:|1758983389
|move|p1a: jolyne|Ivy Cudgel|p2a: Magneton|[anim] Ivy Cudgel Water
|-damage|p2a: Magneton|0 fnt
|faint|p2a: Magneton
|
|-damage|p1a: jolyne|65/100 tox|[from] psn
|upkeep
|c|☆skyking48|omg that hurt haha
|
|t:|1758983409
|switch|p2a: Slowking|Slowking-Galar, F|100/100
|turn|4
|
|t:|1758983420
|move|p1a: jolyne|Ivy Cudgel|p2a: Slowking|[anim] Ivy Cudgel Water
|-damage|p2a: Slowking|0 fnt
|faint|p2a: Slowking
|
|-damage|p1a: jolyne|41/100 tox|[from] psn
|upkeep
|
|t:|1758983429
|switch|p2a: Hydreigon|Hydreigon, F|100/100
|turn|5
|
|t:|1758983435
|move|p1a: jolyne|Play Rough|p2a: Hydreigon
|-supereffective|p2a: Hydreigon
|-damage|p2a: Hydreigon|0 fnt
|faint|p2a: Hydreigon
|
|-damage|p1a: jolyne|11/100 tox|[from] psn
|upkeep
|
|t:|1758983444
|switch|p2a: Maushold|Maushold-Four|100/100
|turn|6
|
|t:|1758983449
|move|p1a: jolyne|Ivy Cudgel|p2a: Maushold|[anim] Ivy Cudgel Water
|-damage|p2a: Maushold|0 fnt
|faint|p2a: Maushold
|
|-damage|p1a: jolyne|0 fnt|[from] psn
|faint|p1a: jolyne
|detailschange|p1: jolyne|Ogerpon-Wellspring, F|[silent]
|upkeep
|
|t:|1758983459
|switch|p1a: joseph|Kyurem|100/100
|switch|p2a: Wugtrio|Wugtrio, M|100/100
|-ability|p1a: joseph|Pressure
|turn|7
|
|t:|1758983474
|-terastallize|p2a: Wugtrio|Electric
|move|p2a: Wugtrio|Tera Blast|p1a: joseph|[anim] Tera Blast Electric
|-resisted|p1a: joseph
|-damage|p1a: joseph|77/100
|move|p1a: joseph|Dragon Dance|p1a: joseph
|-boost|p1a: joseph|atk|1
|-boost|p1a: joseph|spe|1
|
|upkeep
|turn|8
|
|t:|1758983482
|move|p1a: joseph|Scale Shot|p2a: Wugtrio
|-damage|p2a: Wugtrio|40/100
|-damage|p2a: Wugtrio|0 fnt
|faint|p2a: Wugtrio
|-hitcount|p2: Wugtrio|2
|
|win|chasmis_bauna
|raw|chasmis_bauna's rating: 1228 &rarr; <strong>1249</strong><br />(+21 for winning)
|raw|skyking48's rating: 1175 &rarr; <strong>1154</strong><br />(-21 for losing)
|c|☆skyking48|ggs hahaha
|l|☆skyking48
|player|p2|
|l|☆chasmis_bauna
|player|p1|
