|j|☆Common Krookodile
|j|☆Mothic reno
|t:|1758947110
|gametype|singles
|player|p1|Common Krookodile|burglar|1483
|player|p2|Mothic reno|265|1448
|gen|9
|tier|[Gen 9] OU
|rated|
|rule|HP Percentage Mod: HP is shown in percentages
|rule|Endless Battle Clause: Forcing endless battles is banned
|rule|Species Clause: Limit one of each Pokémon
|rule|OHKO Clause: OHKO moves are banned
|rule|Evasion Items Clause: Evasion items are banned
|rule|Evasion Moves Clause: Evasion moves are banned
|rule|Evasion Abilities Clause: Evasion abilities are banned
|rule|Sleep Moves Clause: Sleep-inducing moves are banned
|clearpoke
|poke|p1|Pelipper, M|
|poke|p1|Hatterene, F|
|poke|p1|Iron Treads|
|poke|p1|Toxicroak, F|
|poke|p1|Barraskewda, F|
|poke|p1|Zapdos|
|poke|p2|Darkrai|
|poke|p2|Kingambit, M|
|poke|p2|Samurott-Hisui, F|
|poke|p2|Great Tusk|
|poke|p2|Ogerpon-Wellspring, F|
|poke|p2|Gholdengo|
|teampreview
|c|☆Common Krookodile|glhf
|
|t:|1758947116
|teamsize|p1|6
|teamsize|p2|6
|start
|switch|p1a: Pelipper|Pelipper, M|100/100
|switch|p2a: Gholdengo|Gholdengo|100/100
|-weather|RainDance|[from] ability: Drizzle|[of] p1a: Pelipper
|turn|1
|
|t:|1758947124
|switch|p1a: Iron Treads|Iron Treads|100/100
|move|p2a: Gholdengo|Hex|p1a: Iron Treads
|-damage|p1a: Iron Treads|74/100
|
|-weather|RainDance|[upkeep]
|-heal|p1a: Iron Treads|80/100|[from] item: Leftovers
|upkeep
|turn|2
|inactive|Battle timer is ON: inactive players will automatically lose when time's up. (requested by Common Krookodile)
|
|t:|1758947128
|switch|p2a: Great Tusk|Great Tusk|100/100
|move|p1a: Iron Treads|Stealth Rock|p2a: Great Tusk
|-sidestart|p2: Mothic reno|move: Stealth Rock
|
|-weather|RainDance|[upkeep]
|-heal|p1a: Iron Treads|86/100|[from] item: Leftovers
|upkeep
|turn|3
|
|t:|1758947133
|-end|p1a: Iron Treads|Quark Drive|[silent]
|switch|p1a: Zapdos|Zapdos|100/100
|move|p2a: Great Tusk|Rapid Spin|p1a: Zapdos
|-damage|p1a: Zapdos|82/100
|-boost|p2a: Great Tusk|spe|1
|-sideend|p2: Mothic reno|Stealth Rock|[from] move: Rapid Spin|[of] p2a: Great Tusk
|
|-weather|RainDance|[upkeep]
|upkeep
|turn|4
|
|t:|1758947152
|-end|p2a: Great Tusk|Protosynthesis|[silent]
|switch|p2a: Kingambit|Kingambit, M|100/100
|move|p1a: Zapdos|Hurricane|p2a: Kingambit
|-resisted|p2a: Kingambit
|-damage|p2a: Kingambit|59/100
|
|-weather|RainDance|[upkeep]
|upkeep
|turn|5
|
|t:|1758947156
|switch|p1a: Toxicroak|Toxicroak, F|100/100
|move|p2a: Kingambit|Low Kick|p1a: Toxicroak
|-resisted|p1a: Toxicroak
|-damage|p1a: Toxicroak|91/100
|-damage|p2a: Kingambit|42/100|[from] item: Rocky Helmet|[of] p1a: Toxicroak
|
|-weather|RainDance|[upkeep]
|-heal|p1a: Toxicroak|100/100|[from] ability: Dry Skin
|upkeep
|turn|6
|
|t:|1758947167
|-end|p2a: Kingambit|fallenundefined|[silent]
|switch|p2a: Great Tusk|Great Tusk|100/100
|move|p1a: Toxicroak|Knock Off|p2a: Great Tusk
|-resisted|p2a: Great Tusk
|-damage|p2a: Great Tusk|94/100
|-damage|p1a: Toxicroak|84/100|[from] item: Rocky Helmet|[of] p2a: Great Tusk
|-enditem|p2a: Great Tusk|Rocky Helmet|[from] move: Knock Off|[of] p1a: Toxicroak
|
|-weather|RainDance|[upkeep]
|-heal|p1a: Toxicroak|96/100|[from] ability: Dry Skin
|upkeep
|turn|7
|
|t:|1758947175
|switch|p1a: Pelipper|Pelipper, M|100/100
|move|p2a: Great Tusk|Stealth Rock|p1a: Pelipper
|-sidestart|p1: Common Krookodile|move: Stealth Rock
|
|-weather|RainDance|[upkeep]
|upkeep
|turn|8
|
|t:|1758947184
|-end|p2a: Great Tusk|Protosynthesis|[silent]
|switch|p2a: Gholdengo|Gholdengo|100/100
|move|p1a: Pelipper|Weather Ball|p2a: Gholdengo
|-damage|p2a: Gholdengo|50/100
|
|-weather|none
|upkeep
|turn|9
|
|t:|1758947197
|switch|p2a: Ogerpon|Ogerpon-Wellspring, F|100/100
|switch|p1a: Iron Treads|Iron Treads|86/100
|-damage|p1a: Iron Treads|83/100|[from] Stealth Rock
|
|-heal|p1a: Iron Treads|89/100|[from] item: Leftovers
|upkeep
|turn|10
|
|t:|1758947208
|-end|p1a: Iron Treads|Quark Drive|[silent]
|switch|p1a: Toxicroak|Toxicroak, F|96/100
|-damage|p1a: Toxicroak|90/100|[from] Stealth Rock
|move|p2a: Ogerpon|Knock Off|p1a: Toxicroak
|-resisted|p1a: Toxicroak
|-damage|p1a: Toxicroak|73/100
|-damage|p2a: Ogerpon|84/100|[from] item: Rocky Helmet|[of] p1a: Toxicroak
|-enditem|p1a: Toxicroak|Rocky Helmet|[from] move: Knock Off|[of] p2a: Ogerpon
|
|upkeep
|turn|11
|
|t:|1758947216
|switch|p2a: Great Tusk|Great Tusk|94/100
|move|p1a: Toxicroak|Toxic|p2a: Great Tusk
|-status|p2a: Great Tusk|tox
|
|-damage|p2a: Great Tusk|88/100 tox|[from] psn
|upkeep
|turn|12
|
|t:|1758947223
|-end|p2a: Great Tusk|Protosynthesis|[silent]
|switch|p2a: Ogerpon|Ogerpon-Wellspring, F|84/100
|switch|p1a: Pelipper|Pelipper, M|100/100
|-damage|p1a: Pelipper|76/100|[from] Stealth Rock
|-weather|RainDance|[from] ability: Drizzle|[of] p1a: Pelipper
|
|-weather|RainDance|[upkeep]
|upkeep
|turn|13
|
|t:|1758947229
|switch|p1a: Toxicroak|Toxicroak, F|73/100
|-damage|p1a: Toxicroak|67/100|[from] Stealth Rock
|move|p2a: Ogerpon|Knock Off|p1a: Toxicroak
|-resisted|p1a: Toxicroak
|-damage|p1a: Toxicroak|55/100
|
|-weather|RainDance|[upkeep]
|-heal|p1a: Toxicroak|67/100|[from] ability: Dry Skin
|upkeep
|turn|14
|
|t:|1758947235
|switch|p2a: Great Tusk|Great Tusk|88/100 tox
|move|p1a: Toxicroak|Drain Punch|p2a: Great Tusk
|-damage|p2a: Great Tusk|76/100 tox
|-heal|p1a: Toxicroak|75/100|[from] drain|[of] p2a: Great Tusk
|
|-weather|RainDance|[upkeep]
|-heal|p1a: Toxicroak|87/100|[from] ability: Dry Skin
|-damage|p2a: Great Tusk|70/100 tox|[from] psn
|upkeep
|turn|15
|
|t:|1758947246
|switch|p1a: Hatterene|Hatterene, F|100/100
|-damage|p1a: Hatterene|88/100|[from] Stealth Rock
|-end|p2a: Great Tusk|Protosynthesis|[silent]
|switch|p2a: Darkrai|Darkrai|100/100
|
|-weather|RainDance|[upkeep]
|upkeep
|turn|16
|
|t:|1758947252
|switch|p2a: Gholdengo|Gholdengo|50/100
|move|p1a: Hatterene|Nuzzle|p2a: Gholdengo
|-damage|p2a: Gholdengo|46/100
|-status|p2a: Gholdengo|par
|-damage|p1a: Hatterene|72/100|[from] item: Rocky Helmet|[of] p2a: Gholdengo
|
|-weather|RainDance|[upkeep]
|upkeep
|turn|17
|
|t:|1758947258
|switch|p1a: Iron Treads|Iron Treads|89/100
|-damage|p1a: Iron Treads|86/100|[from] Stealth Rock
|move|p2a: Gholdengo|Recover|p2a: Gholdengo
|-heal|p2a: Gholdengo|97/100 par
|
|-weather|RainDance|[upkeep]
|-heal|p1a: Iron Treads|92/100|[from] item: Leftovers
|upkeep
|turn|18
|
|t:|1758947274
|move|p1a: Iron Treads|Rapid Spin|p2a: Gholdengo
|-immune|p2a: Gholdengo
|move|p2a: Gholdengo|Hex|p1a: Iron Treads
|-damage|p1a: Iron Treads|63/100
|
|-weather|RainDance|[upkeep]
|-heal|p1a: Iron Treads|69/100|[from] item: Leftovers
|upkeep
|turn|19
|
|t:|1758947279
|switch|p2a: Ogerpon|Ogerpon-Wellspring, F|84/100
|move|p1a: Iron Treads|Earthquake|p2a: Ogerpon
|-resisted|p2a: Ogerpon
|-damage|p2a: Ogerpon|60/100
|
|-weather|none
|-heal|p1a: Iron Treads|75/100|[from] item: Leftovers
|upkeep
|turn|20
|
|t:|1758947285
|-end|p1a: Iron Treads|Quark Drive|[silent]
|switch|p1a: Toxicroak|Toxicroak, F|87/100
|-damage|p1a: Toxicroak|81/100|[from] Stealth Rock
|move|p2a: Ogerpon|Horn Leech|p1a: Toxicroak
|-resisted|p1a: Toxicroak
|-crit|p1a: Toxicroak
|-damage|p1a: Toxicroak|48/100
|-heal|p2a: Ogerpon|80/100|[from] drain|[of] p1a: Toxicroak
|
|upkeep
|turn|21
|
|t:|1758947295
|switch|p2a: Great Tusk|Great Tusk|70/100 tox
|move|p1a: Toxicroak|Drain Punch|p2a: Great Tusk
|-damage|p2a: Great Tusk|55/100 tox
|-heal|p1a: Toxicroak|57/100|[from] drain|[of] p2a: Great Tusk
|
|-damage|p2a: Great Tusk|49/100 tox|[from] psn
|upkeep
|turn|22
|
|t:|1758947306
|-end|p2a: Great Tusk|Protosynthesis|[silent]
|switch|p2a: Darkrai|Darkrai|100/100
|switch|p1a: Hatterene|Hatterene, F|72/100
|-damage|p1a: Hatterene|59/100|[from] Stealth Rock
|
|upkeep
|turn|23
|
|t:|1758947310
|move|p2a: Darkrai|Sludge Bomb|p1a: Hatterene
|-supereffective|p1a: Hatterene
|-crit|p1a: Hatterene
|-damage|p1a: Hatterene|0 fnt
|faint|p1a: Hatterene
|
|upkeep
|
|t:|1758947321
|switch|p1a: Iron Treads|Iron Treads|75/100
|-damage|p1a: Iron Treads|72/100|[from] Stealth Rock
|turn|24
|
|t:|1758947325
|switch|p2a: Gholdengo|Gholdengo|97/100 par
|move|p1a: Iron Treads|Rapid Spin|p2a: Gholdengo
|-immune|p2a: Gholdengo
|
|-heal|p1a: Iron Treads|78/100|[from] item: Leftovers
|upkeep
|turn|25
|
|t:|1758947328
|switch|p2a: Great Tusk|Great Tusk|49/100 tox
|move|p1a: Iron Treads|Earthquake|p2a: Great Tusk
|-damage|p2a: Great Tusk|32/100 tox
|
|-heal|p1a: Iron Treads|84/100|[from] item: Leftovers
|-damage|p2a: Great Tusk|25/100 tox|[from] psn
|upkeep
|turn|26
|
|t:|1758947332
|-end|p2a: Great Tusk|Protosynthesis|[silent]
|switch|p2a: Darkrai|Darkrai|100/100
|move|p1a: Iron Treads|Rapid Spin|p2a: Darkrai
|-damage|p2a: Darkrai|84/100
|-boost|p1a: Iron Treads|spe|1
|-sideend|p1: Common Krookodile|Stealth Rock|[from] move: Rapid Spin|[of] p1a: Iron Treads
|
|-heal|p1a: Iron Treads|90/100|[from] item: Leftovers
|upkeep
|turn|27
|
|t:|1758947339
|move|p2a: Darkrai|Dark Pulse|p1a: Iron Treads
|-crit|p1a: Iron Treads
|-damage|p1a: Iron Treads|37/100
|move|p1a: Iron Treads|Earthquake|p2a: Darkrai
|-damage|p2a: Darkrai|38/100
|
|-heal|p1a: Iron Treads|43/100|[from] item: Leftovers
|upkeep
|turn|28
|
|t:|1758947355
|move|p2a: Darkrai|Dark Pulse|p1a: Iron Treads
|-damage|p1a: Iron Treads|7/100
|move|p1a: Iron Treads|Rapid Spin|p2a: Darkrai
|-damage|p2a: Darkrai|24/100
|-boost|p1a: Iron Treads|spe|1
|
|-heal|p1a: Iron Treads|13/100|[from] item: Leftovers
|upkeep
|turn|29
|
|t:|1758947360
|switch|p2a: Ogerpon|Ogerpon-Wellspring, F|80/100
|move|p1a: Iron Treads|Earthquake|p2a: Ogerpon
|-resisted|p2a: Ogerpon
|-damage|p2a: Ogerpon|56/100
|
|-heal|p1a: Iron Treads|19/100|[from] item: Leftovers
|upkeep
|turn|30
|
|t:|1758947367
|move|p1a: Iron Treads|Volt Switch|p2a: Ogerpon
|-damage|p2a: Ogerpon|41/100
|
|t:|1758947370
|-end|p1a: Iron Treads|Quark Drive|[silent]
|switch|p1a: Pelipper|Pelipper, M|76/100|[from] Volt Switch
|-weather|RainDance|[from] ability: Drizzle|[of] p1a: Pelipper
|move|p2a: Ogerpon|Horn Leech|p1a: Pelipper
|-damage|p1a: Pelipper|28/100
|-heal|p2a: Ogerpon|67/100|[from] drain|[of] p1a: Pelipper
|
|-weather|RainDance|[upkeep]
|upkeep
|turn|31
|
|t:|1758947389
|switch|p2a: Gholdengo|Gholdengo|97/100 par
|switch|p1a: Toxicroak|Toxicroak, F|57/100
|
|-weather|RainDance|[upkeep]
|-heal|p1a: Toxicroak|69/100|[from] ability: Dry Skin
|upkeep
|turn|32
|
|t:|1758947395
|switch|p1a: Iron Treads|Iron Treads|19/100
|move|p2a: Gholdengo|Hex|p1a: Iron Treads
|-damage|p1a: Iron Treads|0 fnt
|faint|p1a: Iron Treads
|-end|p1a: Iron Treads|Quark Drive|[silent]
|
|-weather|RainDance|[upkeep]
|upkeep
|
|t:|1758947400
|switch|p1a: Barraskewda|Barraskewda, F|100/100
|turn|33
|
|t:|1758947404
|switch|p2a: Great Tusk|Great Tusk|25/100 tox
|move|p1a: Barraskewda|Liquidation|p2a: Great Tusk
|-supereffective|p2a: Great Tusk
|-damage|p2a: Great Tusk|0 fnt
|faint|p2a: Great Tusk
|-end|p2a: Great Tusk|Protosynthesis|[silent]
|
|-weather|RainDance|[upkeep]
|upkeep
|
|t:|1758947406
|switch|p2a: Ogerpon|Ogerpon-Wellspring, F|67/100
|turn|34
|
|t:|1758947410
|switch|p1a: Toxicroak|Toxicroak, F|69/100
|switch|p2a: Gholdengo|Gholdengo|97/100 par
|
|-weather|RainDance|[upkeep]
|-heal|p1a: Toxicroak|82/100|[from] ability: Dry Skin
|upkeep
|turn|35
|
|t:|1758947416
|move|p1a: Toxicroak|Knock Off|p2a: Gholdengo
|-supereffective|p2a: Gholdengo
|-damage|p2a: Gholdengo|52/100 par
|-damage|p1a: Toxicroak|65/100|[from] item: Rocky Helmet|[of] p2a: Gholdengo
|-enditem|p2a: Gholdengo|Rocky Helmet|[from] move: Knock Off|[of] p1a: Toxicroak
|move|p2a: Gholdengo|Thunder Wave|p1a: Toxicroak
|-status|p1a: Toxicroak|par
|
|-weather|RainDance|[upkeep]
|-heal|p1a: Toxicroak|78/100 par|[from] ability: Dry Skin
|upkeep
|turn|36
|
|t:|1758947425
|switch|p1a: Zapdos|Zapdos|82/100
|move|p2a: Gholdengo|Recover|p2a: Gholdengo
|-heal|p2a: Gholdengo|100/100 par
|
|-weather|RainDance|[upkeep]
|upkeep
|turn|37
|
|t:|1758947442
|move|p1a: Zapdos|Volt Switch|p2a: Gholdengo
|-damage|p2a: Gholdengo|51/100 par
|
|t:|1758947445
|switch|p1a: Barraskewda|Barraskewda, F|100/100|[from] Volt Switch
|move|p2a: Gholdengo|Hex|p1a: Barraskewda
|-damage|p1a: Barraskewda|26/100
|
|-weather|none
|upkeep
|turn|38
|
|t:|1758947451
|move|p1a: Barraskewda|Flip Turn|p2a: Gholdengo
|-damage|p2a: Gholdengo|8/100 par
|
|t:|1758947455
|switch|p1a: Pelipper|Pelipper, M|28/100|[from] Flip Turn
|-weather|RainDance|[from] ability: Drizzle|[of] p1a: Pelipper
|move|p2a: Gholdengo|Recover|p2a: Gholdengo
|-heal|p2a: Gholdengo|58/100 par
|
|-weather|RainDance|[upkeep]
|upkeep
|turn|39
|
|t:|1758947460
|switch|p2a: Ogerpon|Ogerpon-Wellspring, F|67/100
|move|p1a: Pelipper|U-turn|p2a: Ogerpon
|-supereffective|p2a: Ogerpon
|-damage|p2a: Ogerpon|44/100
|
|t:|1758947469
|switch|p1a: Barraskewda|Barraskewda, F|26/100|[from] U-turn
|
|-weather|RainDance|[upkeep]
|upkeep
|turn|40
|
|t:|1758947476
|switch|p2a: Gholdengo|Gholdengo|58/100 par
|move|p1a: Barraskewda|Close Combat|p2a: Gholdengo
|-immune|p2a: Gholdengo
|
|-weather|RainDance|[upkeep]
|upkeep
|turn|41
|
|t:|1758947489
|switch|p1a: Zapdos|Zapdos|82/100
|switch|p2a: Ogerpon|Ogerpon-Wellspring, F|44/100
|
|-weather|RainDance|[upkeep]
|upkeep
|turn|42
|
|t:|1758947494
|switch|p1a: Toxicroak|Toxicroak, F|78/100 par
|move|p2a: Ogerpon|Horn Leech|p1a: Toxicroak
|-resisted|p1a: Toxicroak
|-damage|p1a: Toxicroak|58/100 par
|-heal|p2a: Ogerpon|56/100|[from] drain|[of] p1a: Toxicroak
|
|-weather|RainDance|[upkeep]
|-heal|p1a: Toxicroak|71/100 par|[from] ability: Dry Skin
|upkeep
|turn|43
|
|t:|1758947500
|switch|p2a: Gholdengo|Gholdengo|58/100 par
|move|p1a: Toxicroak|Knock Off|p2a: Gholdengo
|-supereffective|p2a: Gholdengo
|-crit|p2a: Gholdengo
|-damage|p2a: Gholdengo|13/100 par
|
|-weather|RainDance|[upkeep]
|-heal|p1a: Toxicroak|83/100 par|[from] ability: Dry Skin
|upkeep
|turn|44
|
|t:|1758947505
|move|p2a: Gholdengo|Recover|p2a: Gholdengo
|-heal|p2a: Gholdengo|64/100 par
|move|p1a: Toxicroak|Drain Punch|p2a: Gholdengo
|-immune|p2a: Gholdengo
|
|-weather|RainDance|[upkeep]
|-heal|p1a: Toxicroak|96/100 par|[from] ability: Dry Skin
|upkeep
|turn|45
|
|t:|1758947510
|move|p2a: Gholdengo|Hex|p1a: Toxicroak
|-damage|p1a: Toxicroak|13/100 par
|move|p1a: Toxicroak|Knock Off|p2a: Gholdengo
|-supereffective|p2a: Gholdengo
|-damage|p2a: Gholdengo|34/100 par
|
|-weather|none
|upkeep
|turn|46
|
|t:|1758947515
|move|p2a: Gholdengo|Recover|p2a: Gholdengo
|-heal|p2a: Gholdengo|84/100 par
|move|p1a: Toxicroak|Knock Off|p2a: Gholdengo
|-supereffective|p2a: Gholdengo
|-damage|p2a: Gholdengo|55/100 par
|
|upkeep
|turn|47
|
|t:|1758947520
|cant|p2a: Gholdengo|par
|move|p1a: Toxicroak|Knock Off|p2a: Gholdengo
|-supereffective|p2a: Gholdengo
|-damage|p2a: Gholdengo|28/100 par
|
|upkeep
|turn|48
|
|t:|1758947526
|switch|p1a: Zapdos|Zapdos|82/100
|move|p2a: Gholdengo|Recover|p2a: Gholdengo
|-heal|p2a: Gholdengo|78/100 par
|
|upkeep
|turn|49
|
|t:|1758947530
|move|p1a: Zapdos|Volt Switch|p2a: Gholdengo
|-crit|p2a: Gholdengo
|-damage|p2a: Gholdengo|0 fnt
|faint|p2a: Gholdengo
|
|t:|1758947534
|switch|p1a: Pelipper|Pelipper, M|28/100|[from] Volt Switch
|-weather|RainDance|[from] ability: Drizzle|[of] p1a: Pelipper
|
|-weather|RainDance|[upkeep]
|upkeep
|
|t:|1758947539
|switch|p2a: Ogerpon|Ogerpon-Wellspring, F|56/100
|turn|50
|
|t:|1758947541
|switch|p1a: Toxicroak|Toxicroak, F|13/100 par
|move|p2a: Ogerpon|Horn Leech|p1a: Toxicroak
|-resisted|p1a: Toxicroak
|-damage|p1a: Toxicroak|0 fnt
|-heal|p2a: Ogerpon|64/100|[from] drain|[of] p1a: Toxicroak
|faint|p1a: Toxicroak
|
|-weather|RainDance|[upkeep]
|upkeep
|
|t:|1758947544
|switch|p1a: Barraskewda|Barraskewda, F|26/100
|turn|51
|
|t:|1758947563
|switch|p2a: Kingambit|Kingambit, M|42/100
|-activate|p2a: Kingambit|ability: Supreme Overlord
|-start|p2a: Kingambit|fallen2|[silent]
|move|p1a: Barraskewda|Close Combat|p2a: Kingambit
|-supereffective|p2a: Kingambit
|-crit|p2a: Kingambit
|-damage|p2a: Kingambit|0 fnt
|-unboost|p1a: Barraskewda|def|1
|-unboost|p1a: Barraskewda|spd|1
|faint|p2a: Kingambit
|-end|p2a: Kingambit|fallen2|[silent]
|
|-weather|RainDance|[upkeep]
|upkeep
|
|t:|1758947566
|switch|p2a: Samurott|Samurott-Hisui, F|100/100
|turn|52
|
|t:|1758947569
|move|p2a: Samurott|Sucker Punch|p1a: Barraskewda
|-damage|p1a: Barraskewda|0 fnt
|faint|p1a: Barraskewda
|
|-weather|RainDance|[upkeep]
|upkeep
|
|t:|1758947571
|switch|p1a: Zapdos|Zapdos|82/100
|turn|53
|
|t:|1758947576
|-terastallize|p2a: Samurott|Dark
|move|p2a: Samurott|Sucker Punch|p1a: Zapdos
|-damage|p1a: Zapdos|20/100
|move|p1a: Zapdos|Thunder|p2a: Samurott
|-crit|p2a: Samurott
|-damage|p2a: Samurott|0 fnt
|faint|p2a: Samurott
|
|-weather|RainDance|[upkeep]
|upkeep
|
|t:|1758947581
|switch|p2a: Darkrai|Darkrai|24/100
|turn|54
|
|t:|1758947583
|move|p2a: Darkrai|Dark Pulse|p1a: Zapdos
|-damage|p1a: Zapdos|0 fnt
|faint|p1a: Zapdos
|
|-weather|RainDance|[upkeep]
|upkeep
|
|t:|1758947584
|switch|p1a: Pelipper|Pelipper, M|28/100
|turn|55
|c|☆Common Krookodile|gg
|
|t:|1758947588
|move|p2a: Darkrai|Dark Pulse|p1a: Pelipper
|-damage|p1a: Pelipper|0 fnt
|faint|p1a: Pelipper
|
|win|Mothic reno
|raw|Common Krookodile's rating: 1483 &rarr; <strong>1461</strong><br />(-22 for losing)
|raw|Mothic reno's rating: 1448 &rarr; <strong>1470</strong><br />(+22 for winning)
|l|☆Common Krookodile
|player|p1|
|c|☆Mothic reno|Gg
|l|☆Mothic reno
|player|p2|
