|j|☆ouku bakuza
|j|☆prhjrh
|t:|1758960642
|gametype|singles
|player|p1|ouku bakuza|102|1598
|player|p2|prhjrh|265|1537
|gen|9
|tier|[Gen 9] OU
|rated|
|rule|HP Percentage Mod: HP is shown in percentages
|rule|Endless Battle Clause: Forcing endless battles is banned
|rule|Species Clause: Limit one of each Pokémon
|rule|OHKO Clause: OHKO moves are banned
|rule|Evasion Items Clause: Evasion items are banned
|rule|Evasion Moves Clause: Evasion moves are banned
|rule|Evasion Abilities Clause: Evasion abilities are banned
|rule|Sleep Moves Clause: Sleep-inducing moves are banned
|clearpoke
|poke|p1|Great Tusk|
|poke|p1|Dragonite, F|
|poke|p1|Gholdengo|
|poke|p1|Iron Treads|
|poke|p1|Rotom-Wash|
|poke|p1|Iron Valiant|
|poke|p2|Mandibuzz, F|
|poke|p2|Weavile, F|
|poke|p2|Pecharunt|
|poke|p2|Hydrapple, F|
|poke|p2|Scizor, F|
|poke|p2|Heatran, M|
|teampreview
|inactive|Battle timer is ON: inactive players will automatically lose when time's up. (requested by prhjrh)
|
|t:|1758960669
|teamsize|p1|6
|teamsize|p2|6
|start
|switch|p1a: Iron Treads|Iron Treads|100/100
|switch|p2a: Scizor|Scizor, F|100/100
|-enditem|p1a: Iron Treads|Booster Energy
|-activate|p1a: Iron Treads|ability: Quark Drive|[fromitem]
|-start|p1a: Iron Treads|quarkdrivespe
|turn|1
|
|t:|1758960687
|move|p1a: Iron Treads|Stealth Rock|p2a: Scizor
|-sidestart|p2: prhjrh|move: Stealth Rock
|move|p2a: Scizor|Close Combat|p1a: Iron Treads
|-supereffective|p1a: Iron Treads
|-damage|p1a: Iron Treads|0 fnt
|-unboost|p2a: Scizor|def|1
|-unboost|p2a: Scizor|spd|1
|faint|p1a: Iron Treads
|-end|p1a: Iron Treads|Quark Drive|[silent]
|
|upkeep
|
|t:|1758960698
|switch|p1a: good horns|Great Tusk|100/100
|-enditem|p1a: good horns|Booster Energy
|-activate|p1a: good horns|ability: Protosynthesis|[fromitem]
|-start|p1a: good horns|protosynthesisatk
|turn|2
|
|t:|1758960703
|switch|p2a: Mandibuzz|Mandibuzz, F|100/100
|-damage|p2a: Mandibuzz|75/100|[from] Stealth Rock
|move|p1a: good horns|Rapid Spin|p2a: Mandibuzz
|-damage|p2a: Mandibuzz|61/100
|-boost|p1a: good horns|spe|1
|-damage|p1a: good horns|84/100|[from] item: Rocky Helmet|[of] p2a: Mandibuzz
|
|upkeep
|turn|3
|
|t:|1758960713
|move|p1a: good horns|Ice Spinner|p2a: Mandibuzz
|-supereffective|p2a: Mandibuzz
|-damage|p2a: Mandibuzz|18/100
|-damage|p1a: good horns|68/100|[from] item: Rocky Helmet|[of] p2a: Mandibuzz
|move|p2a: Mandibuzz|Roost|p2a: Mandibuzz
|-heal|p2a: Mandibuzz|68/100
|-singleturn|p2a: Mandibuzz|move: Roost
|
|upkeep
|turn|4
|
|t:|1758960730
|-end|p1a: good horns|Protosynthesis|[silent]
|switch|p1a: van gho|Gholdengo|100/100
|move|p2a: Mandibuzz|Roost|p2a: Mandibuzz
|-heal|p2a: Mandibuzz|100/100
|-singleturn|p2a: Mandibuzz|move: Roost
|
|upkeep
|turn|5
|
|t:|1758960738
|switch|p2a: Heatran|Heatran, M|100/100
|-damage|p2a: Heatran|88/100|[from] Stealth Rock
|move|p1a: van gho|Nasty Plot|p1a: van gho
|-boost|p1a: van gho|spa|2
|
|-heal|p2a: Heatran|94/100|[from] item: Leftovers
|upkeep
|turn|6
|
|t:|1758960747
|move|p1a: van gho|Shadow Ball|p2a: Heatran
|-damage|p2a: Heatran|45/100
|move|p2a: Heatran|Magma Storm|p1a: van gho
|-supereffective|p1a: van gho
|-damage|p1a: van gho|8/100
|-activate|p1a: van gho|move: Magma Storm|[of] p2a: Heatran
|
|-heal|p1a: van gho|14/100|[from] item: Leftovers
|-heal|p2a: Heatran|52/100|[from] item: Leftovers
|-damage|p1a: van gho|2/100|[from] move: Magma Storm|[partiallytrapped]
|upkeep
|turn|7
|
|t:|1758960758
|move|p2a: Heatran|Protect|p2a: Heatran
|-singleturn|p2a: Heatran|Protect
|move|p1a: van gho|Shadow Ball|p2a: Heatran
|-activate|p2a: Heatran|move: Protect
|
|-heal|p1a: van gho|8/100|[from] item: Leftovers
|-heal|p2a: Heatran|58/100|[from] item: Leftovers
|-damage|p1a: van gho|0 fnt|[from] move: Magma Storm|[partiallytrapped]
|faint|p1a: van gho
|upkeep
|
|t:|1758960767
|switch|p1a: Iron Valiant|Iron Valiant|100/100
|-enditem|p1a: Iron Valiant|Booster Energy
|-activate|p1a: Iron Valiant|ability: Quark Drive|[fromitem]
|-start|p1a: Iron Valiant|quarkdrivespe
|turn|8
|
|t:|1758960775
|move|p1a: Iron Valiant|Close Combat|p2a: Heatran
|-supereffective|p2a: Heatran
|-damage|p2a: Heatran|0 fnt
|-unboost|p1a: Iron Valiant|def|1
|-unboost|p1a: Iron Valiant|spd|1
|-status|p1a: Iron Valiant|brn|[from] ability: Flame Body|[of] p2a: Heatran
|faint|p2a: Heatran
|
|-damage|p1a: Iron Valiant|94/100 brn|[from] brn
|upkeep
|
|t:|1758960796
|switch|p2a: Mandibuzz|Mandibuzz, F|100/100
|-damage|p2a: Mandibuzz|75/100|[from] Stealth Rock
|turn|9
|
|t:|1758960802
|-end|p1a: Iron Valiant|Quark Drive|[silent]
|switch|p1a: Rotom|Rotom-Wash|100/100
|move|p2a: Mandibuzz|Defog|p1a: Rotom
|-unboost|p1a: Rotom|evasion|1
|-sideend|p2: prhjrh|Stealth Rock|[from] move: Defog|[of] p2a: Mandibuzz
|
|upkeep
|turn|10
|
|t:|1758960811
|switch|p2a: Hydrapple|Hydrapple, F|100/100
|move|p1a: Rotom|Trick|p2a: Hydrapple
|-activate|p1a: Rotom|move: Trick|[of] p2a: Hydrapple
|-item|p2a: Hydrapple|Choice Scarf|[from] move: Trick
|-item|p1a: Rotom|Assault Vest|[from] move: Trick
|
|upkeep
|turn|11
|
|t:|1758960827
|switch|p2a: Pecharunt|Pecharunt|100/100
|-item|p2a: Pecharunt|Air Balloon
|move|p1a: Rotom|Dark Pulse|p2a: Pecharunt
|-supereffective|p2a: Pecharunt
|-damage|p2a: Pecharunt|56/100
|-enditem|p2a: Pecharunt|Air Balloon
|
|upkeep
|turn|12
|
|t:|1758960839
|move|p1a: Rotom|Dark Pulse|p2a: Pecharunt
|-supereffective|p2a: Pecharunt
|-damage|p2a: Pecharunt|12/100
|move|p2a: Pecharunt|Recover|p2a: Pecharunt
|-heal|p2a: Pecharunt|62/100
|
|upkeep
|turn|13
|
|t:|1758960846
|switch|p2a: Hydrapple|Hydrapple, F|100/100
|move|p1a: Rotom|Dark Pulse|p2a: Hydrapple
|-damage|p2a: Hydrapple|79/100
|
|upkeep
|turn|14
|
|t:|1758960853
|move|p1a: Rotom|Dark Pulse|p2a: Hydrapple
|-damage|p2a: Hydrapple|59/100
|move|p2a: Hydrapple|Giga Drain|p1a: Rotom
|-supereffective|p1a: Rotom
|-damage|p1a: Rotom|38/100
|-heal|p2a: Hydrapple|82/100|[from] drain|[of] p1a: Rotom
|
|upkeep
|turn|15
|
|t:|1758960864
|switch|p2a: Pecharunt|Pecharunt|62/100
|move|p1a: Rotom|Dark Pulse|p2a: Pecharunt
|-supereffective|p2a: Pecharunt
|-damage|p2a: Pecharunt|17/100
|
|upkeep
|turn|16
|
|t:|1758960876
|switch|p2a: Hydrapple|Hydrapple, F|100/100
|move|p1a: Rotom|Dark Pulse|p2a: Hydrapple
|-damage|p2a: Hydrapple|81/100
|
|upkeep
|turn|17
|
|t:|1758960883
|move|p1a: Rotom|Dark Pulse|p2a: Hydrapple
|-damage|p2a: Hydrapple|60/100
|move|p2a: Hydrapple|Fickle Beam|p1a: Rotom|[anim] Fickle Beam All Out
|-activate|p2a: Hydrapple|move: Fickle Beam
|-crit|p1a: Rotom
|-damage|p1a: Rotom|0 fnt
|faint|p1a: Rotom
|
|upkeep
|inactive|ouku bakuza has 120 seconds left.
|
|t:|1758960918
|switch|p1a: good horns|Great Tusk|68/100
|turn|18
|
|t:|1758960923
|switch|p2a: Mandibuzz|Mandibuzz, F|75/100
|move|p1a: good horns|Ice Spinner|p2a: Mandibuzz
|-supereffective|p2a: Mandibuzz
|-damage|p2a: Mandibuzz|42/100
|-damage|p1a: good horns|51/100|[from] item: Rocky Helmet|[of] p2a: Mandibuzz
|
|upkeep
|turn|19
|
|t:|1758960935
|move|p1a: good horns|Close Combat|p2a: Mandibuzz
|-damage|p2a: Mandibuzz|6/100
|-unboost|p1a: good horns|def|1
|-unboost|p1a: good horns|spd|1
|-damage|p1a: good horns|35/100|[from] item: Rocky Helmet|[of] p2a: Mandibuzz
|move|p2a: Mandibuzz|Roost|p2a: Mandibuzz
|-heal|p2a: Mandibuzz|56/100
|-singleturn|p2a: Mandibuzz|move: Roost
|
|upkeep
|turn|20
|
|t:|1758960945
|move|p1a: good horns|Close Combat|p2a: Mandibuzz
|-damage|p2a: Mandibuzz|19/100
|-unboost|p1a: good horns|def|1
|-unboost|p1a: good horns|spd|1
|-damage|p1a: good horns|18/100|[from] item: Rocky Helmet|[of] p2a: Mandibuzz
|move|p2a: Mandibuzz|Roost|p2a: Mandibuzz
|-heal|p2a: Mandibuzz|69/100
|-singleturn|p2a: Mandibuzz|move: Roost
|
|upkeep
|turn|21
|
|t:|1758960955
|move|p1a: good horns|Ice Spinner|p2a: Mandibuzz
|-supereffective|p2a: Mandibuzz
|-damage|p2a: Mandibuzz|34/100
|-damage|p1a: good horns|2/100|[from] item: Rocky Helmet|[of] p2a: Mandibuzz
|move|p2a: Mandibuzz|Roost|p2a: Mandibuzz
|-heal|p2a: Mandibuzz|84/100
|-singleturn|p2a: Mandibuzz|move: Roost
|
|upkeep
|turn|22
|
|t:|1758960965
|move|p1a: good horns|Close Combat|p2a: Mandibuzz
|-damage|p2a: Mandibuzz|45/100
|-unboost|p1a: good horns|def|1
|-unboost|p1a: good horns|spd|1
|-damage|p1a: good horns|0 fnt|[from] item: Rocky Helmet|[of] p2a: Mandibuzz
|faint|p1a: good horns
|-end|p1a: good horns|Protosynthesis|[silent]
|move|p2a: Mandibuzz|Roost|p2a: Mandibuzz
|-heal|p2a: Mandibuzz|95/100
|-singleturn|p2a: Mandibuzz|move: Roost
|
|upkeep
|
|t:|1758960973
|switch|p1a: Dragonite|Dragonite, F|100/100
|turn|23
|
|t:|1758960979
|move|p1a: Dragonite|Dragon Dance|p1a: Dragonite
|-boost|p1a: Dragonite|atk|1
|-boost|p1a: Dragonite|spe|1
|move|p2a: Mandibuzz|Foul Play|p1a: Dragonite
|-damage|p1a: Dragonite|58/100
|
|-heal|p1a: Dragonite|64/100|[from] item: Leftovers
|upkeep
|turn|24
|
|t:|1758960988
|move|p1a: Dragonite|Dragon Dance|p1a: Dragonite
|-boost|p1a: Dragonite|atk|1
|-boost|p1a: Dragonite|spe|1
|move|p2a: Mandibuzz|Foul Play|p1a: Dragonite
|-damage|p1a: Dragonite|0 fnt
|faint|p1a: Dragonite
|
|upkeep
|-message|ouku bakuza forfeited.
|
|win|prhjrh
|raw|ouku bakuza's rating: 1598 &rarr; <strong>1575</strong><br />(-23 for losing)
|raw|prhjrh's rating: 1537 &rarr; <strong>1560</strong><br />(+23 for winning)
|l|☆ouku bakuza
|player|p1|
|l|☆prhjrh
|player|p2|
