|j|☆Tyrtle li
|j|☆desert97
|t:|1758946189
|gametype|singles
|player|p1|Tyrtle li|266|1656
|player|p2|desert97|101|1666
|gen|9
|tier|[Gen 9] OU
|rated|
|rule|HP Percentage Mod: HP is shown in percentages
|rule|Endless Battle Clause: Forcing endless battles is banned
|rule|Species Clause: Limit one of each Pokémon
|rule|OHKO Clause: OHKO moves are banned
|rule|Evasion Items Clause: Evasion items are banned
|rule|Evasion Moves Clause: Evasion moves are banned
|rule|Evasion Abilities Clause: Evasion abilities are banned
|rule|Sleep Moves Clause: Sleep-inducing moves are banned
|clearpoke
|poke|p1|Landorus-Therian, M|
|poke|p1|Samurott-Hisui, M|
|poke|p1|Pecharunt|
|poke|p1|Scizor, F|
|poke|p1|Latios, M|
|poke|p1|Zamazenta-*|
|poke|p2|Ninetales-Alola, M|
|poke|p2|Keldeo-Resolute|
|poke|p2|Hatterene, F|
|poke|p2|Kyurem|
|poke|p2|Kingambit, M|
|poke|p2|Glimmora, M|
|teampreview
|inactive|Battle timer is ON: inactive players will automatically lose when time's up. (requested by Tyrtle li)
|inactive|Tyrtle li has 120 seconds left.
|inactive|Tyrtle li has 90 seconds left.
|
|t:|1758946259
|teamsize|p1|6
|teamsize|p2|6
|start
|switch|p1a: Pecharunt|Pecharunt|100/100
|switch|p2a: Ninetales|Ninetales-Alola, M|100/100
|-weather|Snowscape|[from] ability: Snow Warning|[of] p2a: Ninetales
|turn|1
|
|t:|1758946267
|move|p2a: Ninetales|Aurora Veil|p2a: Ninetales
|-sidestart|p2: desert97|move: Aurora Veil
|move|p1a: Pecharunt|Malignant Chain|p2a: Ninetales
|-supereffective|p2a: Ninetales
|-damage|p2a: Ninetales|73/100
|
|-weather|Snowscape|[upkeep]
|upkeep
|turn|2
|
|t:|1758946273
|switch|p2a: Hatterene|Hatterene, F|100/100
|move|p1a: Pecharunt|Parting Shot|p2a: Hatterene
|move|p2a: Hatterene|Parting Shot|p1a: Pecharunt|[from] ability: Magic Bounce
|-unboost|p1a: Pecharunt|atk|1
|-unboost|p1a: Pecharunt|spa|1
|
|t:|1758946284
|switch|p2a: Glimmora|Glimmora, M|100/100|[from] Parting Shot
|
|-weather|Snowscape|[upkeep]
|upkeep
|turn|3
|
|t:|1758946287
|move|p1a: Pecharunt|Parting Shot|p2a: Glimmora
|-unboost|p2a: Glimmora|atk|1
|-unboost|p2a: Glimmora|spa|1
|
|t:|1758946298
|switch|p1a: Landorus|Landorus-Therian, M|100/100|[from] Parting Shot
|-ability|p1a: Landorus|Intimidate|boost
|-unboost|p2a: Glimmora|atk|1
|move|p2a: Glimmora|Stealth Rock|p1a: Landorus
|-sidestart|p1: Tyrtle li|move: Stealth Rock
|
|-weather|Snowscape|[upkeep]
|upkeep
|turn|4
|
|t:|1758946305
|switch|p2a: Hatterene|Hatterene, F|100/100
|move|p1a: Landorus|Stealth Rock|p2a: Hatterene
|move|p2a: Hatterene|Stealth Rock||[from] ability: Magic Bounce|[still]
|-fail|p2a: Hatterene
|
|-weather|Snowscape|[upkeep]
|upkeep
|turn|5
|
|t:|1758946312
|move|p1a: Landorus|U-turn|p2a: Hatterene
|-damage|p2a: Hatterene|91/100
|
|t:|1758946314
|switch|p1a: Pecharunt|Pecharunt|100/100|[from] U-turn
|move|p2a: Hatterene|Calm Mind|p2a: Hatterene
|-boost|p2a: Hatterene|spa|1
|-boost|p2a: Hatterene|spd|1
|
|-weather|none
|-heal|p2a: Hatterene|97/100|[from] item: Leftovers
|upkeep
|turn|6
|
|t:|1758946317
|move|p1a: Pecharunt|Malignant Chain|p2a: Hatterene
|-supereffective|p2a: Hatterene
|-damage|p2a: Hatterene|73/100
|-status|p2a: Hatterene|tox
|-start|p2a: Hatterene|confusion|[from] ability: Poison Puppeteer|[of] p1a: Pecharunt
|-activate|p2a: Hatterene|confusion
|move|p2a: Hatterene|Psyshock|p1a: Pecharunt
|-supereffective|p1a: Pecharunt
|-damage|p1a: Pecharunt|38/100
|
|-heal|p2a: Hatterene|79/100 tox|[from] item: Leftovers
|-damage|p2a: Hatterene|73/100 tox|[from] psn
|upkeep
|turn|7
|
|t:|1758946330
|switch|p2a: Glimmora|Glimmora, M|100/100
|move|p1a: Pecharunt|Recover|p1a: Pecharunt
|-heal|p1a: Pecharunt|88/100
|
|upkeep
|turn|8
|
|t:|1758946335
|move|p1a: Pecharunt|Parting Shot|p2a: Glimmora
|-unboost|p2a: Glimmora|atk|1
|-unboost|p2a: Glimmora|spa|1
|
|t:|1758946337
|switch|p1a: Scizor|Scizor, F|100/100|[from] Parting Shot
|move|p2a: Glimmora|Power Gem|p1a: Scizor
|-damage|p1a: Scizor|57/100
|
|-sideend|p2: desert97|move: Aurora Veil
|upkeep
|turn|9
|
|t:|1758946348
|move|p1a: Scizor|Knock Off|p2a: Glimmora
|-damage|p2a: Glimmora|60/100
|-activate|p2a: Glimmora|ability: Toxic Debris
|-sidestart|p1: Tyrtle li|move: Toxic Spikes
|-enditem|p2a: Glimmora|Red Card|[from] move: Knock Off|[of] p1a: Scizor
|move|p2a: Glimmora|Power Gem|p1a: Scizor
|-damage|p1a: Scizor|9/100
|
|upkeep
|turn|10
|
|t:|1758946358
|move|p1a: Scizor|Bullet Punch|p2a: Glimmora
|-supereffective|p2a: Glimmora
|-damage|p2a: Glimmora|0 fnt
|-activate|p2a: Glimmora|ability: Toxic Debris
|-sidestart|p1: Tyrtle li|move: Toxic Spikes
|faint|p2a: Glimmora
|
|upkeep
|
|t:|1758946365
|switch|p2a: Keldeo|Keldeo-Resolute|100/100
|turn|11
|
|t:|1758946370
|switch|p1a: Pecharunt|Pecharunt|88/100
|-sideend|p1: Tyrtle li|move: Toxic Spikes|[of] p1a: Pecharunt
|move|p2a: Keldeo|Vacuum Wave|p1a: Pecharunt
|-immune|p1a: Pecharunt
|
|upkeep
|turn|12
|
|t:|1758946378
|switch|p2a: Ninetales|Ninetales-Alola, M|73/100
|-weather|Snowscape|[from] ability: Snow Warning|[of] p2a: Ninetales
|switch|p1a: Latios|Latios, M|100/100
|-damage|p1a: Latios|88/100|[from] Stealth Rock
|
|-weather|Snowscape|[upkeep]
|upkeep
|turn|13
|
|t:|1758946397
|switch|p1a: Pecharunt|Pecharunt|88/100
|move|p2a: Ninetales|Aurora Veil|p2a: Ninetales
|-sidestart|p2: desert97|move: Aurora Veil
|
|-weather|Snowscape|[upkeep]
|upkeep
|turn|14
|
|t:|1758946403
|switch|p2a: Hatterene|Hatterene, F|73/100 tox
|move|p1a: Pecharunt|Parting Shot|p2a: Hatterene
|move|p2a: Hatterene|Parting Shot|p1a: Pecharunt|[from] ability: Magic Bounce
|-unboost|p1a: Pecharunt|atk|1
|-unboost|p1a: Pecharunt|spa|1
|
|t:|1758946407
|switch|p2a: Keldeo|Keldeo-Resolute|100/100|[from] Parting Shot
|
|-weather|Snowscape|[upkeep]
|upkeep
|turn|15
|
|t:|1758946411
|move|p2a: Keldeo|Surf|p1a: Pecharunt
|-damage|p1a: Pecharunt|36/100
|move|p1a: Pecharunt|Parting Shot|p2a: Keldeo
|-unboost|p2a: Keldeo|atk|1
|-unboost|p2a: Keldeo|spa|1
|
|t:|1758946416
|switch|p1a: Latios|Latios, M|88/100|[from] Parting Shot
|-damage|p1a: Latios|76/100|[from] Stealth Rock
|
|-weather|Snowscape|[upkeep]
|upkeep
|turn|16
|
|t:|1758946423
|switch|p2a: Hatterene|Hatterene, F|73/100 tox
|move|p1a: Latios|Calm Mind|p1a: Latios
|-boost|p1a: Latios|spa|1
|-boost|p1a: Latios|spd|1
|
|-weather|none
|-heal|p2a: Hatterene|79/100 tox|[from] item: Leftovers
|-damage|p2a: Hatterene|73/100 tox|[from] psn
|upkeep
|turn|17
|
|t:|1758946433
|switch|p1a: Samurott|Samurott-Hisui, M|100/100
|-damage|p1a: Samurott|88/100|[from] Stealth Rock
|move|p2a: Hatterene|Calm Mind|p2a: Hatterene
|-boost|p2a: Hatterene|spa|1
|-boost|p2a: Hatterene|spd|1
|
|-heal|p2a: Hatterene|79/100 tox|[from] item: Leftovers
|-damage|p2a: Hatterene|67/100 tox|[from] psn
|upkeep
|turn|18
|
|t:|1758946436
|move|p1a: Samurott|Ceaseless Edge|p2a: Hatterene
|-damage|p2a: Hatterene|45/100 tox
|-sidestart|p2: desert97|Spikes
|move|p2a: Hatterene|Draining Kiss|p1a: Samurott
|-supereffective|p1a: Samurott
|-damage|p1a: Samurott|23/100
|-heal|p2a: Hatterene|98/100 tox|[from] drain|[of] p1a: Samurott
|
|-heal|p2a: Hatterene|100/100 tox|[from] item: Leftovers
|-damage|p2a: Hatterene|83/100 tox|[from] psn
|upkeep
|turn|19
|
|t:|1758946441
|move|p1a: Samurott|Ceaseless Edge|p2a: Hatterene
|-damage|p2a: Hatterene|63/100 tox
|-sidestart|p2: desert97|Spikes
|move|p2a: Hatterene|Draining Kiss|p1a: Samurott
|-supereffective|p1a: Samurott
|-damage|p1a: Samurott|0 fnt
|-heal|p2a: Hatterene|81/100 tox|[from] drain|[of] p1a: Samurott
|faint|p1a: Samurott
|
|-heal|p2a: Hatterene|87/100 tox|[from] item: Leftovers
|-damage|p2a: Hatterene|63/100 tox|[from] psn
|upkeep
|
|t:|1758946448
|switch|p1a: Latios|Latios, M|76/100
|-damage|p1a: Latios|64/100|[from] Stealth Rock
|turn|20
|
|t:|1758946451
|move|p1a: Latios|Psychic Noise|p2a: Hatterene
|-resisted|p2a: Hatterene
|-damage|p2a: Hatterene|55/100 tox
|-start|p2a: Hatterene|move: Heal Block
|move|p2a: Hatterene|Mystical Fire|p1a: Latios
|-resisted|p1a: Latios
|-damage|p1a: Latios|47/100
|-unboost|p1a: Latios|spa|1
|
|-damage|p2a: Hatterene|25/100 tox|[from] psn
|-sideend|p2: desert97|move: Aurora Veil
|upkeep
|turn|21
|
|t:|1758946455
|move|p1a: Latios|Recover|p1a: Latios
|-heal|p1a: Latios|97/100
|move|p2a: Hatterene|Psyshock|p1a: Latios
|-resisted|p1a: Latios
|-damage|p1a: Latios|59/100
|
|-damage|p2a: Hatterene|0 fnt|[from] psn
|faint|p2a: Hatterene
|upkeep
|
|t:|1758946458
|switch|p2a: Ninetales|Ninetales-Alola, M|73/100
|-damage|p2a: Ninetales|56/100|[from] Spikes
|-weather|Snowscape|[from] ability: Snow Warning|[of] p2a: Ninetales
|turn|22
|
|t:|1758946469
|switch|p1a: Pecharunt|Pecharunt|36/100
|move|p2a: Ninetales|Aurora Veil|p2a: Ninetales
|-sidestart|p2: desert97|move: Aurora Veil
|
|-weather|Snowscape|[upkeep]
|upkeep
|turn|23
|
|t:|1758946475
|switch|p2a: Keldeo|Keldeo-Resolute|100/100
|-damage|p2a: Keldeo|84/100|[from] Spikes
|move|p1a: Pecharunt|Recover|p1a: Pecharunt
|-heal|p1a: Pecharunt|86/100
|
|-weather|Snowscape|[upkeep]
|-heal|p2a: Keldeo|90/100|[from] item: Leftovers
|upkeep
|turn|24
|
|t:|1758946482
|switch|p1a: Latios|Latios, M|59/100
|-damage|p1a: Latios|47/100|[from] Stealth Rock
|move|p2a: Keldeo|Calm Mind|p2a: Keldeo
|-boost|p2a: Keldeo|spa|1
|-boost|p2a: Keldeo|spd|1
|
|-weather|Snowscape|[upkeep]
|-heal|p2a: Keldeo|96/100|[from] item: Leftovers
|upkeep
|turn|25
|
|t:|1758946487
|move|p1a: Latios|Recover|p1a: Latios
|-heal|p1a: Latios|97/100
|move|p2a: Keldeo|Secret Sword|p1a: Latios
|-resisted|p1a: Latios
|-damage|p1a: Latios|51/100
|
|-weather|Snowscape|[upkeep]
|-heal|p2a: Keldeo|100/100|[from] item: Leftovers
|upkeep
|turn|26
|
|t:|1758946497
|switch|p1a: Pecharunt|Pecharunt|86/100
|move|p2a: Keldeo|Calm Mind|p2a: Keldeo
|-boost|p2a: Keldeo|spa|1
|-boost|p2a: Keldeo|spd|1
|
|-weather|none
|upkeep
|turn|27
|
|t:|1758946500
|move|p2a: Keldeo|Surf|p1a: Pecharunt
|-damage|p1a: Pecharunt|0 fnt
|faint|p1a: Pecharunt
|
|upkeep
|
|t:|1758946507
|switch|p1a: Latios|Latios, M|51/100
|-damage|p1a: Latios|39/100|[from] Stealth Rock
|turn|28
|
|t:|1758946510
|move|p1a: Latios|Recover|p1a: Latios
|-heal|p1a: Latios|89/100
|move|p2a: Keldeo|Secret Sword|p1a: Latios
|-resisted|p1a: Latios
|-damage|p1a: Latios|20/100
|
|upkeep
|turn|29
|
|t:|1758946516
|move|p2a: Keldeo|Vacuum Wave|p1a: Latios
|-resisted|p1a: Latios
|-damage|p1a: Latios|0 fnt
|faint|p1a: Latios
|
|-sideend|p2: desert97|move: Aurora Veil
|upkeep
|
|t:|1758946519
|switch|p1a: Zamazenta|Zamazenta|100/100
|-damage|p1a: Zamazenta|94/100|[from] Stealth Rock
|-ability|p1a: Zamazenta|Dauntless Shield|boost
|-boost|p1a: Zamazenta|def|1
|turn|30
|
|t:|1758946523
|move|p2a: Keldeo|Surf|p1a: Zamazenta
|-damage|p1a: Zamazenta|0 fnt
|faint|p1a: Zamazenta
|
|upkeep
|-message|Tyrtle li forfeited.
|
|win|desert97
|raw|Tyrtle li's rating: 1656 &rarr; <strong>1637</strong><br />(-19 for losing)
|raw|desert97's rating: 1666 &rarr; <strong>1685</strong><br />(+19 for winning)
|l|☆Tyrtle li
|player|p1|
|l|☆desert97
|player|p2|
