|j|☆supersaiyanwolf
|j|☆redcolorcap
|t:|1759040810
|gametype|singles
|player|p1|supersaiyanwolf|pokemonranger|1432
|player|p2|redcolorcap|gentleman|1375
|gen|9
|tier|[Gen 9] OU
|rated|
|rule|HP Percentage Mod: HP is shown in percentages
|rule|Endless Battle Clause: Forcing endless battles is banned
|rule|Species Clause: Limit one of each Pokémon
|rule|OHKO Clause: OHKO moves are banned
|rule|Evasion Items Clause: Evasion items are banned
|rule|Evasion Moves Clause: Evasion moves are banned
|rule|Evasion Abilities Clause: Evasion abilities are banned
|rule|Sleep Moves Clause: Sleep-inducing moves are banned
|clearpoke
|poke|p1|Iron Crown|
|poke|p1|Iron Hands|
|poke|p1|Grimmsnarl, M|
|poke|p1|Great Tusk|
|poke|p1|Dragonite, M|
|poke|p1|Glimmora, M|
|poke|p2|Infernape, F|
|poke|p2|Slowking, M|
|poke|p2|Dragapult, F|
|poke|p2|Samurott-Hisui, M|
|poke|p2|Gholdengo|
|poke|p2|Landorus-Therian, M|
|teampreview
|inactive|Battle timer is ON: inactive players will automatically lose when time's up. (requested by redcolorcap)
|inactive|redcolorcap has 120 seconds left.
|
|t:|1759040844
|teamsize|p1|6
|teamsize|p2|6
|start
|switch|p1a: Big Boss|Iron Hands|100/100
|switch|p2a: Samurott|Samurott-Hisui, M|100/100
|turn|1
|
|t:|1759040860
|switch|p2a: Gholdengo|Gholdengo|100/100
|move|p1a: Big Boss|Swords Dance|p1a: Big Boss
|-boost|p1a: Big Boss|atk|2
|
|upkeep
|turn|2
|
|t:|1759040873
|move|p2a: Gholdengo|Nasty Plot|p2a: Gholdengo
|-boost|p2a: Gholdengo|spa|2
|move|p1a: Big Boss|Thunder Punch|p2a: Gholdengo
|-crit|p2a: Gholdengo
|-damage|p2a: Gholdengo|21/100
|
|-heal|p2a: Gholdengo|27/100|[from] item: Leftovers
|upkeep
|turn|3
|
|t:|1759040892
|move|p2a: Gholdengo|Hex|p1a: Big Boss
|-damage|p1a: Big Boss|58/100
|move|p1a: Big Boss|Thunder Punch|p2a: Gholdengo
|-damage|p2a: Gholdengo|0 fnt
|faint|p2a: Gholdengo
|
|-heal|p1a: Big Boss|64/100|[from] item: Leftovers
|upkeep
|
|t:|1759040903
|switch|p2a: Landorus|Landorus-Therian, M|100/100
|-ability|p2a: Landorus|Intimidate|boost
|-unboost|p1a: Big Boss|atk|1
|turn|4
|
|t:|1759040918
|-end|p1a: Big Boss|Quark Drive|[silent]
|switch|p1a: Great Tusk|Great Tusk|100/100
|-enditem|p1a: Great Tusk|Booster Energy
|-activate|p1a: Great Tusk|ability: Protosynthesis|[fromitem]
|-start|p1a: Great Tusk|protosynthesisspe
|move|p2a: Landorus|Earthquake|p1a: Great Tusk
|-damage|p1a: Great Tusk|63/100
|
|upkeep
|turn|5
|inactive|redcolorcap has 120 seconds left.
|
|t:|1759040961
|move|p1a: Great Tusk|Bulk Up|p1a: Great Tusk
|-boost|p1a: Great Tusk|atk|1
|-boost|p1a: Great Tusk|def|1
|move|p2a: Landorus|Grass Knot|p1a: Great Tusk
|-supereffective|p1a: Great Tusk
|-damage|p1a: Great Tusk|0 fnt
|faint|p1a: Great Tusk
|-end|p1a: Great Tusk|Protosynthesis|[silent]
|
|upkeep
|
|t:|1759040975
|switch|p1a: Grimmsnarl|Grimmsnarl, M, shiny|100/100
|turn|6
|
|t:|1759040983
|move|p1a: Grimmsnarl|Reflect|p1a: Grimmsnarl
|-sidestart|p1: supersaiyanwolf|Reflect
|move|p2a: Landorus|Stealth Rock|p1a: Grimmsnarl
|-sidestart|p1: supersaiyanwolf|move: Stealth Rock
|
|upkeep
|turn|7
|inactive|redcolorcap has 120 seconds left.
|
|t:|1759040991
|move|p1a: Grimmsnarl|Light Screen|p1a: Grimmsnarl
|-sidestart|p1: supersaiyanwolf|move: Light Screen
|move|p2a: Landorus|U-turn|p1a: Grimmsnarl
|-damage|p1a: Grimmsnarl|88/100
|
|t:|1759040994
|switch|p2a: Slowking|Slowking, M|100/100|[from] U-turn
|
|upkeep
|turn|8
|
|t:|1759040998
|move|p1a: Grimmsnarl|Spirit Break|p2a: Slowking
|-damage|p2a: Slowking|69/100
|-unboost|p2a: Slowking|spa|1
|move|p2a: Slowking|Future Sight|p1a: Grimmsnarl
|-start|p2a: Slowking|move: Future Sight
|
|upkeep
|turn|9
|
|t:|1759041004
|move|p1a: Grimmsnarl|Spirit Break|p2a: Slowking
|-damage|p2a: Slowking|35/100
|-unboost|p2a: Slowking|spa|1
|-prepare|p2a: Slowking|Chilly Reception|[premajor]
|move|p2a: Slowking|Chilly Reception|p2a: Slowking
|-weather|Snowscape
|inactive|redcolorcap has 120 seconds left.
|
|t:|1759041033
|switch|p2a: Landorus|Landorus-Therian, M|100/100|[from] Chilly Reception
|-ability|p2a: Landorus|Intimidate|boost
|-unboost|p1a: Grimmsnarl|atk|1
|
|-weather|Snowscape|[upkeep]
|upkeep
|turn|10
|
|t:|1759041040
|move|p1a: Grimmsnarl|Parting Shot|p2a: Landorus
|-unboost|p2a: Landorus|atk|1
|-unboost|p2a: Landorus|spa|1
|
|t:|1759041046
|switch|p1a: Dragonite|Dragonite, M|100/100|[from] Parting Shot
|-damage|p1a: Dragonite|76/100|[from] Stealth Rock
|move|p2a: Landorus|Earthquake|p1a: Dragonite
|-immune|p1a: Dragonite
|
|-weather|Snowscape|[upkeep]
|-end|p1a: Dragonite|move: Future Sight
|-damage|p1a: Dragonite|56/100
|upkeep
|turn|11
|
|t:|1759041053
|move|p1a: Dragonite|Dragon Dance|p1a: Dragonite
|-boost|p1a: Dragonite|atk|1
|-boost|p1a: Dragonite|spe|1
|move|p2a: Landorus|U-turn|p1a: Dragonite
|-resisted|p1a: Dragonite
|-damage|p1a: Dragonite|51/100
|
|t:|1759041062
|switch|p2a: Dragapult|Dragapult, F|100/100|[from] U-turn
|
|-weather|Snowscape|[upkeep]
|upkeep
|turn|12
|
|t:|1759041070
|-terastallize|p1a: Dragonite|Fire
|move|p2a: Dragapult|Shadow Ball|p1a: Dragonite
|-damage|p1a: Dragonite|0 fnt
|faint|p1a: Dragonite
|
|-weather|Snowscape|[upkeep]
|upkeep
|
|t:|1759041078
|switch|p1a: Big Boss|Iron Hands|64/100
|-damage|p1a: Big Boss|58/100|[from] Stealth Rock
|turn|13
|
|t:|1759041102
|-terastallize|p2a: Dragapult|Fairy
|move|p2a: Dragapult|Shadow Ball|p1a: Big Boss
|-damage|p1a: Big Boss|18/100
|move|p1a: Big Boss|Ice Punch|p2a: Dragapult
|-damage|p2a: Dragapult|68/100
|
|-weather|none
|-heal|p1a: Big Boss|24/100|[from] item: Leftovers
|-sideend|p1: supersaiyanwolf|Reflect
|upkeep
|turn|14
|
|t:|1759041109
|move|p2a: Dragapult|Shadow Ball|p1a: Big Boss
|-damage|p1a: Big Boss|0 fnt
|faint|p1a: Big Boss
|-end|p1a: Big Boss|Quark Drive|[silent]
|
|-sideend|p1: supersaiyanwolf|move: Light Screen
|upkeep
|
|t:|1759041111
|switch|p1a: Grimmsnarl|Grimmsnarl, M, shiny|88/100
|-damage|p1a: Grimmsnarl|75/100|[from] Stealth Rock
|turn|15
|
|t:|1759041114
|switch|p2a: Landorus|Landorus-Therian, M|100/100
|-ability|p2a: Landorus|Intimidate|boost
|-unboost|p1a: Grimmsnarl|atk|1
|move|p1a: Grimmsnarl|Light Screen|p1a: Grimmsnarl
|-sidestart|p1: supersaiyanwolf|move: Light Screen
|
|upkeep
|turn|16
|
|t:|1759041121
|move|p1a: Grimmsnarl|Reflect|p1a: Grimmsnarl
|-sidestart|p1: supersaiyanwolf|Reflect
|move|p2a: Landorus|Earthquake|p1a: Grimmsnarl
|-damage|p1a: Grimmsnarl|49/100
|
|upkeep
|turn|17
|
|t:|1759041137
|move|p2a: Landorus|Earthquake|p1a: Grimmsnarl
|-damage|p1a: Grimmsnarl|22/100
|move|p1a: Grimmsnarl|Spirit Break|p2a: Landorus
|-damage|p2a: Landorus|83/100
|-unboost|p2a: Landorus|spa|1
|-damage|p1a: Grimmsnarl|5/100|[from] item: Rocky Helmet|[of] p2a: Landorus
|
|upkeep
|turn|18
|
|t:|1759041144
|move|p1a: Grimmsnarl|Parting Shot|p2a: Landorus
|-unboost|p2a: Landorus|atk|1
|-unboost|p2a: Landorus|spa|1
|
|t:|1759041151
|switch|p1a: Iron Crown|Iron Crown|100/100|[from] Parting Shot
|-damage|p1a: Iron Crown|94/100|[from] Stealth Rock
|-enditem|p1a: Iron Crown|Booster Energy
|-activate|p1a: Iron Crown|ability: Quark Drive|[fromitem]
|-start|p1a: Iron Crown|quarkdrivespe
|move|p2a: Landorus|U-turn|p1a: Iron Crown
|-damage|p1a: Iron Crown|86/100
|
|t:|1759041168
|switch|p2a: Slowking|Slowking, M|68/100|[from] U-turn
|
|upkeep
|turn|19
|
|t:|1759041175
|move|p1a: Iron Crown|Calm Mind|p1a: Iron Crown
|-boost|p1a: Iron Crown|spa|1
|-boost|p1a: Iron Crown|spd|1
|move|p2a: Slowking|Future Sight|p1a: Iron Crown
|-start|p2a: Slowking|move: Future Sight
|
|upkeep
|turn|20
|
|t:|1759041185
|move|p1a: Iron Crown|Calm Mind|p1a: Iron Crown
|-boost|p1a: Iron Crown|spa|1
|-boost|p1a: Iron Crown|spd|1
|move|p2a: Slowking|Slack Off|p2a: Slowking
|-heal|p2a: Slowking|100/100
|
|upkeep
|turn|21
|
|t:|1759041190
|move|p1a: Iron Crown|Calm Mind|p1a: Iron Crown
|-boost|p1a: Iron Crown|spa|1
|-boost|p1a: Iron Crown|spd|1
|move|p2a: Slowking|Flamethrower|p1a: Iron Crown
|-supereffective|p1a: Iron Crown
|-damage|p1a: Iron Crown|77/100
|
|-end|p1a: Iron Crown|move: Future Sight
|-resisted|p1a: Iron Crown
|-damage|p1a: Iron Crown|75/100
|upkeep
|turn|22
|
|t:|1759041200
|move|p1a: Iron Crown|Iron Defense|p1a: Iron Crown
|-boost|p1a: Iron Crown|def|2
|move|p2a: Slowking|Flamethrower|p1a: Iron Crown
|-supereffective|p1a: Iron Crown
|-damage|p1a: Iron Crown|67/100
|
|-sideend|p1: supersaiyanwolf|move: Light Screen
|upkeep
|turn|23
|
|t:|1759041205
|move|p1a: Iron Crown|Stored Power|p2a: Slowking
|-resisted|p2a: Slowking
|-damage|p2a: Slowking|33/100
|move|p2a: Slowking|Future Sight|p1a: Iron Crown
|-start|p2a: Slowking|move: Future Sight
|
|-sideend|p1: supersaiyanwolf|Reflect
|upkeep
|turn|24
|
|t:|1759041218
|move|p1a: Iron Crown|Stored Power|p2a: Slowking
|-resisted|p2a: Slowking
|-crit|p2a: Slowking
|-damage|p2a: Slowking|0 fnt
|faint|p2a: Slowking
|
|upkeep
|
|t:|1759041232
|switch|p2a: Samurott|Samurott-Hisui, M|100/100
|turn|25
|
|t:|1759041239
|move|p1a: Iron Crown|Focus Blast|p2a: Samurott
|-supereffective|p2a: Samurott
|-enditem|p2a: Samurott|Focus Sash
|-damage|p2a: Samurott|1/100
|move|p2a: Samurott|Ceaseless Edge|p1a: Iron Crown
|-supereffective|p1a: Iron Crown
|-damage|p1a: Iron Crown|23/100
|-sidestart|p1: supersaiyanwolf|Spikes
|
|-end|p1a: Iron Crown|move: Future Sight
|-resisted|p1a: Iron Crown
|-damage|p1a: Iron Crown|20/100
|upkeep
|turn|26
|
|t:|1759041247
|move|p2a: Samurott|Sucker Punch|p1a: Iron Crown
|-supereffective|p1a: Iron Crown
|-damage|p1a: Iron Crown|0 fnt
|faint|p1a: Iron Crown
|-end|p1a: Iron Crown|Quark Drive|[silent]
|
|upkeep
|
|t:|1759041252
|switch|p1a: temu Nilhilego|Glimmora, M|100/100
|-damage|p1a: temu Nilhilego|88/100|[from] Stealth Rock
|-damage|p1a: temu Nilhilego|76/100|[from] Spikes
|turn|27
|-message|supersaiyanwolf forfeited.
|
|win|redcolorcap
|raw|supersaiyanwolf's rating: 1432 &rarr; <strong>1409</strong><br />(-23 for losing)
|raw|redcolorcap's rating: 1375 &rarr; <strong>1398</strong><br />(+23 for winning)
|l|☆supersaiyanwolf
|player|p1|
|l|☆redcolorcap
|player|p2|
