|j|☆REQuillemm
|j|☆gshsfdghyfgd
|t:|1759055985
|gametype|singles
|player|p1|REQuillemm|steven|1128
|player|p2|gshsfdghyfgd|102|1120
|gen|9
|tier|[Gen 9] OU
|rated|
|rule|HP Percentage Mod: HP is shown in percentages
|rule|Endless Battle Clause: Forcing endless battles is banned
|rule|Species Clause: Limit one of each Pokémon
|rule|OHKO Clause: OHKO moves are banned
|rule|Evasion Items Clause: Evasion items are banned
|rule|Evasion Moves Clause: Evasion moves are banned
|rule|Evasion Abilities Clause: Evasion abilities are banned
|rule|Sleep Moves Clause: Sleep-inducing moves are banned
|clearpoke
|poke|p1|Ambipom, M|
|poke|p1|Blissey, F|
|poke|p1|Pikachu-Partner, M|
|poke|p1|Mudsdale, M|
|poke|p1|Orthworm, F|
|poke|p1|Iron Valiant|
|poke|p2|Quaquaval, F|
|poke|p2|Gholdengo|
|poke|p2|Enamorus, F|
|poke|p2|Ceruledge, M|
|poke|p2|Ribombee, M|
|poke|p2|Iron Treads|
|teampreview
|inactive|Battle timer is ON: inactive players will automatically lose when time's up. (requested by REQuillemm)
|
|t:|1759056007
|teamsize|p1|6
|teamsize|p2|6
|start
|switch|p1a: Pikachu|Pikachu-Partner, M|100/100
|switch|p2a: Ribombee|Ribombee, M|100/100
|turn|1
|
|t:|1759056013
|move|p1a: Pikachu|Fake Out|p2a: Ribombee
|-damage|p2a: Ribombee|84/100
|move|p2a: Ribombee|Sticky Web|p1a: Pikachu
|-sidestart|p1: REQuillemm|move: Sticky Web
|
|upkeep
|turn|2
|
|t:|1759056018
|move|p2a: Ribombee|Moonblast|p1a: Pikachu
|-damage|p1a: Pikachu|0 fnt
|faint|p1a: Pikachu
|
|upkeep
|
|t:|1759056023
|switch|p1a: Ambipom|Ambipom, M|100/100
|-activate|p1a: Ambipom|move: Sticky Web
|-unboost|p1a: Ambipom|spe|1
|turn|3
|
|t:|1759056027
|move|p1a: Ambipom|Fake Out|p2a: Ribombee
|-damage|p2a: Ribombee|19/100
|move|p2a: Ribombee|Moonblast|p1a: Ambipom
|-damage|p1a: Ambipom|30/100
|
|upkeep
|turn|4
|
|t:|1759056034
|move|p2a: Ribombee|Moonblast|p1a: Ambipom
|-damage|p1a: Ambipom|0 fnt
|faint|p1a: Ambipom
|
|upkeep
|
|t:|1759056039
|switch|p1a: Orthworm|Orthworm, F|100/100
|-activate|p1a: Orthworm|move: Sticky Web
|-unboost|p1a: Orthworm|spe|1
|turn|5
|
|t:|1759056048
|move|p2a: Ribombee|Skill Swap|p1a: Orthworm
|-activate|p2a: Ribombee|move: Skill Swap|Earth Eater|Shield Dust|[of] p1a: Orthworm
|move|p1a: Orthworm|Stealth Rock|p2a: Ribombee
|-sidestart|p2: gshsfdghyfgd|move: Stealth Rock
|
|upkeep
|turn|6
|
|t:|1759056055
|switch|p2a: Iron Treads|Iron Treads|100/100
|-damage|p2a: Iron Treads|98/100|[from] Stealth Rock
|-enditem|p2a: Iron Treads|Booster Energy
|-activate|p2a: Iron Treads|ability: Quark Drive|[fromitem]
|-start|p2a: Iron Treads|quarkdriveatk
|move|p1a: Orthworm|Spikes|p2a: Iron Treads
|-sidestart|p2: gshsfdghyfgd|Spikes
|
|upkeep
|turn|7
|
|t:|1759056063
|move|p2a: Iron Treads|Rapid Spin|p1a: Orthworm
|-resisted|p1a: Orthworm
|-damage|p1a: Orthworm|95/100
|-boost|p2a: Iron Treads|spe|1
|-sideend|p2: gshsfdghyfgd|Spikes|[from] move: Rapid Spin|[of] p2a: Iron Treads
|-sideend|p2: gshsfdghyfgd|Stealth Rock|[from] move: Rapid Spin|[of] p2a: Iron Treads
|move|p1a: Orthworm|Body Press|p2a: Iron Treads
|-supereffective|p2a: Iron Treads
|-damage|p2a: Iron Treads|45/100
|
|upkeep
|turn|8
|
|t:|1759056076
|move|p2a: Iron Treads|Earthquake|p1a: Orthworm
|-supereffective|p1a: Orthworm
|-damage|p1a: Orthworm|27/100
|move|p1a: Orthworm|Body Press|p2a: Iron Treads
|-supereffective|p2a: Iron Treads
|-damage|p2a: Iron Treads|0 fnt
|faint|p2a: Iron Treads
|-end|p2a: Iron Treads|Quark Drive|[silent]
|
|upkeep
|
|t:|1759056084
|switch|p2a: Enamorus|Enamorus, F|100/100
|turn|9
|
|t:|1759056093
|-terastallize|p1a: Orthworm|Electric
|move|p2a: Enamorus|Superpower|p1a: Orthworm
|-damage|p1a: Orthworm|11/100
|-boost|p2a: Enamorus|atk|1
|-boost|p2a: Enamorus|def|1
|move|p1a: Orthworm|Rest|p1a: Orthworm
|-status|p1a: Orthworm|slp|[from] move: Rest
|-heal|p1a: Orthworm|100/100 slp|[silent]
|-enditem|p1a: Orthworm|Chesto Berry|[eat]
|-curestatus|p1a: Orthworm|slp|[msg]
|
|upkeep
|turn|10
|
|t:|1759056108
|-terastallize|p2a: Enamorus|Stellar
|move|p2a: Enamorus|Tera Blast|p1a: Orthworm|[anim] Tera Blast Stellar
|-supereffective|p1a: Orthworm
|-damage|p1a: Orthworm|0 fnt
|-boost|p2a: Enamorus|atk|1
|-boost|p2a: Enamorus|spa|1
|faint|p1a: Orthworm
|
|upkeep
|
|t:|1759056121
|switch|p1a: Mudsdale|Mudsdale, M|100/100
|-activate|p1a: Mudsdale|move: Sticky Web
|-unboost|p1a: Mudsdale|spe|1
|turn|11
|
|t:|1759056125
|switch|p1a: Blissey|Blissey, F|100/100
|-activate|p1a: Blissey|move: Sticky Web
|-unboost|p1a: Blissey|spe|1
|move|p2a: Enamorus|Tera Blast|p1a: Blissey|[anim] Tera Blast Stellar
|-damage|p1a: Blissey|89/100
|-boost|p2a: Enamorus|atk|1
|-boost|p2a: Enamorus|spa|1
|
|upkeep
|turn|12
|
|t:|1759056133
|move|p2a: Enamorus|Superpower|p1a: Blissey
|-supereffective|p1a: Blissey
|-damage|p1a: Blissey|0 fnt
|-boost|p2a: Enamorus|atk|1
|-boost|p2a: Enamorus|def|1
|faint|p1a: Blissey
|
|upkeep
|
|t:|1759056143
|switch|p1a: Iron Valiant|Iron Valiant|100/100
|-activate|p1a: Iron Valiant|move: Sticky Web
|-unboost|p1a: Iron Valiant|spe|1
|-enditem|p1a: Iron Valiant|Booster Energy
|-activate|p1a: Iron Valiant|ability: Quark Drive|[fromitem]
|-start|p1a: Iron Valiant|quarkdrivespa
|turn|13
|
|t:|1759056160
|move|p2a: Enamorus|Moonblast|p1a: Iron Valiant
|-supereffective|p1a: Iron Valiant
|-damage|p1a: Iron Valiant|0 fnt
|faint|p1a: Iron Valiant
|-end|p1a: Iron Valiant|Quark Drive|[silent]
|
|upkeep
|
|t:|1759056163
|switch|p1a: Mudsdale|Mudsdale, M|100/100
|-activate|p1a: Mudsdale|move: Sticky Web
|-unboost|p1a: Mudsdale|spe|1
|turn|14
|
|t:|1759056167
|move|p2a: Enamorus|Moonblast|p1a: Mudsdale
|-damage|p1a: Mudsdale|0 fnt
|faint|p1a: Mudsdale
|
|win|gshsfdghyfgd
|raw|REQuillemm's rating: 1128 &rarr; <strong>1102</strong><br />(-26 for losing)
|raw|gshsfdghyfgd's rating: 1120 &rarr; <strong>1146</strong><br />(+26 for winning)
|l|☆gshsfdghyfgd
|player|p2|
|l|☆REQuillemm
|player|p1|
