|j|☆bludsucca
|j|☆braisedporkyy
|t:|1758932957
|gametype|singles
|player|p1|bludsucca|schoolkidf-gen4|1230
|player|p2|braisedporkyy|170|1256
|gen|9
|tier|[Gen 9] OU
|rated|
|rule|HP Percentage Mod: HP is shown in percentages
|rule|Endless Battle Clause: Forcing endless battles is banned
|rule|Species Clause: Limit one of each Pokémon
|rule|OHKO Clause: OHKO moves are banned
|rule|Evasion Items Clause: Evasion items are banned
|rule|Evasion Moves Clause: Evasion moves are banned
|rule|Evasion Abilities Clause: Evasion abilities are banned
|rule|Sleep Moves Clause: Sleep-inducing moves are banned
|clearpoke
|poke|p1|Feraligatr, M|
|poke|p1|Zapdos|
|poke|p1|Raging Bolt|
|poke|p1|Zamazenta-*|
|poke|p1|Klefki, F|
|poke|p1|Weezing-Galar, M|
|poke|p2|Weavile, F|
|poke|p2|Garchomp, F|
|poke|p2|Mienshao, M|
|poke|p2|Clodsire, M|
|poke|p2|Rotom-Wash|
|poke|p2|Duosion, M|
|teampreview
|inactive|Battle timer is ON: inactive players will automatically lose when time's up. (requested by braisedporkyy)
|
|t:|1758932969
|teamsize|p1|6
|teamsize|p2|6
|start
|switch|p1a: Klefki|Klefki, F|100/100
|switch|p2a: Mienshao|Mienshao, M|100/100
|turn|1
|
|t:|1758932976
|move|p2a: Mienshao|Fake Out|p1a: Klefki
|-resisted|p1a: Klefki
|-damage|p1a: Klefki|91/100
|-damage|p2a: Mienshao|91/100|[from] item: Life Orb
|cant|p1a: Klefki|flinch
|
|upkeep
|turn|2
|
|t:|1758932992
|move|p1a: Klefki|Reflect|p1a: Klefki
|-sidestart|p1: bludsucca|Reflect
|move|p2a: Mienshao|U-turn|p1a: Klefki
|-resisted|p1a: Klefki
|-damage|p1a: Klefki|87/100
|-damage|p2a: Mienshao|81/100|[from] item: Life Orb
|
|t:|1758933002
|switch|p2a: Garchomp|Garchomp, F|100/100|[from] U-turn
|
|upkeep
|turn|3
|
|t:|1758933029
|switch|p1a: Zamazenta|Zamazenta|100/100
|-ability|p1a: Zamazenta|Dauntless Shield|boost
|-boost|p1a: Zamazenta|def|1
|move|p2a: Garchomp|Earthquake|p1a: Zamazenta
|-damage|p1a: Zamazenta|87/100
|
|-heal|p1a: Zamazenta|93/100|[from] item: Leftovers
|upkeep
|turn|4
|
|t:|1758933044
|switch|p2a: Duosion|Duosion, M|100/100
|move|p1a: Zamazenta|Iron Defense|p1a: Zamazenta
|-boost|p1a: Zamazenta|def|2
|
|-heal|p1a: Zamazenta|99/100|[from] item: Leftovers
|upkeep
|turn|5
|
|t:|1758933052
|move|p1a: Zamazenta|Crunch|p2a: Duosion
|-supereffective|p2a: Duosion
|-damage|p2a: Duosion|60/100
|move|p2a: Duosion|Psychic|p1a: Zamazenta
|-supereffective|p1a: Zamazenta
|-damage|p1a: Zamazenta|35/100
|-unboost|p1a: Zamazenta|spd|1
|
|-heal|p1a: Zamazenta|41/100|[from] item: Leftovers
|upkeep
|turn|6
|
|t:|1758933063
|switch|p1a: Klefki|Klefki, F|87/100
|move|p2a: Duosion|Recover|p2a: Duosion
|-heal|p2a: Duosion|100/100
|
|upkeep
|turn|7
|
|t:|1758933082
|switch|p2a: Rotom|Rotom-Wash|100/100
|move|p1a: Klefki|Light Screen|p1a: Klefki
|-sidestart|p1: bludsucca|move: Light Screen
|
|upkeep
|turn|8
|
|t:|1758933098
|switch|p1a: Raging Bolt|Raging Bolt|100/100
|-enditem|p1a: Raging Bolt|Booster Energy
|-activate|p1a: Raging Bolt|ability: Protosynthesis|[fromitem]
|-start|p1a: Raging Bolt|protosynthesisspa
|move|p2a: Rotom|Will-O-Wisp|p1a: Raging Bolt|[miss]
|-miss|p2a: Rotom|p1a: Raging Bolt
|
|upkeep
|turn|9
|
|t:|1758933114
|switch|p2a: Clodsire|Clodsire, M|100/100
|move|p1a: Raging Bolt|Draco Meteor|p2a: Clodsire
|-damage|p2a: Clodsire|46/100
|-unboost|p1a: Raging Bolt|spa|2
|
|-heal|p2a: Clodsire|52/100|[from] item: Black Sludge
|-sideend|p1: bludsucca|Reflect
|upkeep
|turn|10
|inactive|bludsucca has 120 seconds left.
|
|t:|1758933149
|-end|p1a: Raging Bolt|Protosynthesis|[silent]
|switch|p1a: Feraligatr|Feraligatr, M|100/100
|move|p2a: Clodsire|Recover|p2a: Clodsire
|-heal|p2a: Clodsire|100/100
|
|upkeep
|turn|11
|
|t:|1758933171
|switch|p2a: Rotom|Rotom-Wash|100/100
|-terastallize|p1a: Feraligatr|Water
|move|p1a: Feraligatr|Liquidation|p2a: Rotom
|-resisted|p2a: Rotom
|-damage|p2a: Rotom|67/100
|
|-heal|p2a: Rotom|73/100|[from] item: Leftovers
|upkeep
|turn|12
|inactive|bludsucca has 90 seconds left.
|
|t:|1758933206
|switch|p1a: Weezing|Weezing-Galar, M|100/100
|-ability|p1a: Weezing|Neutralizing Gas
|move|p2a: Rotom|Will-O-Wisp|p1a: Weezing
|-status|p1a: Weezing|brn
|
|-heal|p2a: Rotom|79/100|[from] item: Leftovers
|-damage|p1a: Weezing|95/100 brn|[from] brn
|upkeep
|turn|13
|
|t:|1758933226
|switch|p2a: Duosion|Duosion, M|100/100
|move|p1a: Weezing|Sludge Bomb|p2a: Duosion
|-damage|p2a: Duosion|79/100
|
|-damage|p1a: Weezing|89/100 brn|[from] brn
|upkeep
|turn|14
|
|t:|1758933241
|-end|p1a: Weezing|ability: Neutralizing Gas
|switch|p1a: Klefki|Klefki, F|87/100
|move|p2a: Duosion|Calm Mind|p2a: Duosion
|-boost|p2a: Duosion|spa|1
|-boost|p2a: Duosion|spd|1
|
|-sideend|p1: bludsucca|move: Light Screen
|upkeep
|turn|15
|
|t:|1758933253
|move|p1a: Klefki|Light Screen|p1a: Klefki
|-sidestart|p1: bludsucca|move: Light Screen
|move|p2a: Duosion|Flash Cannon|p1a: Klefki
|-damage|p1a: Klefki|72/100
|
|upkeep
|turn|16
|
|t:|1758933259
|move|p1a: Klefki|Reflect|p1a: Klefki
|-sidestart|p1: bludsucca|Reflect
|move|p2a: Duosion|Psychic|p1a: Klefki
|-resisted|p1a: Klefki
|-damage|p1a: Klefki|60/100
|
|upkeep
|turn|17
|
|t:|1758933266
|move|p1a: Klefki|Rain Dance|p1a: Klefki
|-weather|RainDance
|move|p2a: Duosion|Flash Cannon|p1a: Klefki
|-damage|p1a: Klefki|47/100
|
|-weather|RainDance|[upkeep]
|upkeep
|turn|18
|
|t:|1758933283
|switch|p1a: Feraligatr|Feraligatr, M, tera:Water|100/100
|switch|p2a: Mienshao|Mienshao, M|100/100
|
|-weather|RainDance|[upkeep]
|upkeep
|turn|19
|
|t:|1758933294
|move|p2a: Mienshao|Fake Out|p1a: Feraligatr
|-damage|p1a: Feraligatr|91/100
|-damage|p2a: Mienshao|91/100|[from] item: Life Orb
|cant|p1a: Feraligatr|flinch
|
|-weather|RainDance|[upkeep]
|upkeep
|turn|20
|
|t:|1758933303
|move|p2a: Mienshao|Protect|p2a: Mienshao
|-singleturn|p2a: Mienshao|Protect
|move|p1a: Feraligatr|Dragon Dance|p1a: Feraligatr
|-boost|p1a: Feraligatr|atk|1
|-boost|p1a: Feraligatr|spe|1
|
|-weather|RainDance|[upkeep]
|upkeep
|turn|21
|inactive|bludsucca has 120 seconds left.
|
|t:|1758933315
|switch|p2a: Rotom|Rotom-Wash|79/100
|move|p1a: Feraligatr|Liquidation|p2a: Rotom
|-resisted|p2a: Rotom
|-damage|p2a: Rotom|0 fnt
|faint|p2a: Rotom
|
|-weather|none
|upkeep
|
|t:|1758933328
|switch|p2a: Garchomp|Garchomp, F|100/100
|turn|22
|
|t:|1758933334
|move|p2a: Garchomp|Outrage|p1a: Feraligatr
|-damage|p1a: Feraligatr|55/100
|move|p1a: Feraligatr|Ice Punch|p2a: Garchomp
|-supereffective|p2a: Garchomp
|-damage|p2a: Garchomp|0 fnt
|-damage|p1a: Feraligatr|42/100|[from] ability: Rough Skin|[of] p2a: Garchomp
|faint|p2a: Garchomp
|
|-sideend|p1: bludsucca|move: Light Screen
|upkeep
|-message|braisedporkyy forfeited.
|
|win|bludsucca
|raw|bludsucca's rating: 1230 &rarr; <strong>1257</strong><br />(+27 for winning)
|raw|braisedporkyy's rating: 1256 &rarr; <strong>1229</strong><br />(-27 for losing)
|l|☆braisedporkyy
|player|p2|
|l|☆bludsucca
|player|p1|
