|j|☆masterjeyx
|j|☆Tiger Goat
|t:|1758976252
|gametype|singles
|player|p1|masterjeyx|riley|1377
|player|p2|Tiger Goat|biker-gen4|1428
|gen|9
|tier|[Gen 9] OU
|rated|
|rule|HP Percentage Mod: HP is shown in percentages
|rule|Endless Battle Clause: Forcing endless battles is banned
|rule|Species Clause: Limit one of each Pokémon
|rule|OHKO Clause: OHKO moves are banned
|rule|Evasion Items Clause: Evasion items are banned
|rule|Evasion Moves Clause: Evasion moves are banned
|rule|Evasion Abilities Clause: Evasion abilities are banned
|rule|Sleep Moves Clause: Sleep-inducing moves are banned
|clearpoke
|poke|p1|Kleavor, M|
|poke|p1|Indeedee, M|
|poke|p1|Tauros-Paldea-Blaze, M|
|poke|p1|Greedent, F|
|poke|p2|Great Tusk|
|poke|p2|Slowking-Galar, M|
|poke|p2|Moltres|
|poke|p2|Ogerpon, F|
|poke|p2|Samurott-Hisui, M|
|poke|p2|Gholdengo|
|teampreview
|inactive|Battle timer is ON: inactive players will automatically lose when time's up. (requested by Tiger Goat)
|inactive|masterjeyx also wants the timer to be on.
|
|t:|1758976268
|teamsize|p1|4
|teamsize|p2|6
|start
|switch|p1a: Kleavor|Kleavor, M|100/100
|switch|p2a: Samurott|Samurott-Hisui, M|100/100
|turn|1
|
|t:|1758976280
|move|p2a: Samurott|Aqua Cutter|p1a: Kleavor
|-supereffective|p1a: Kleavor
|-damage|p1a: Kleavor|0 fnt
|faint|p1a: Kleavor
|
|upkeep
|
|t:|1758976288
|switch|p1a: Indeedee|Indeedee, M|100/100
|-fieldstart|move: Psychic Terrain|[from] ability: Psychic Surge|[of] p1a: Indeedee
|turn|2
|
|t:|1758976293
|move|p2a: Samurott|Aqua Cutter|p1a: Indeedee
|-damage|p1a: Indeedee|0 fnt
|faint|p1a: Indeedee
|
|upkeep
|
|t:|1758976302
|switch|p1a: Tauros|Tauros-Paldea-Blaze, M|100/100
|turn|3
|
|t:|1758976310
|-terastallize|p1a: Tauros|Dragon
|move|p2a: Samurott|Aqua Cutter|p1a: Tauros
|-resisted|p1a: Tauros
|-damage|p1a: Tauros|74/100
|move|p1a: Tauros|Trailblaze|p2a: Samurott
|-supereffective|p2a: Samurott
|-damage|p2a: Samurott|59/100
|-boost|p1a: Tauros|spe|1
|
|upkeep
|turn|4
|
|t:|1758976321
|switch|p2a: Moltres|Moltres|100/100
|move|p1a: Tauros|Rock Slide|p2a: Moltres
|-supereffective|p2a: Moltres
|-damage|p2a: Moltres|31/100
|
|upkeep
|turn|5
|
|t:|1758976328
|move|p1a: Tauros|Rock Slide|p2a: Moltres
|-supereffective|p2a: Moltres
|-damage|p2a: Moltres|0 fnt
|faint|p2a: Moltres
|
|upkeep
|
|t:|1758976337
|switch|p2a: Samurott|Samurott-Hisui, M|59/100
|turn|6
|
|t:|1758976348
|move|p1a: Tauros|Endure|p1a: Tauros
|-singleturn|p1a: Tauros|move: Endure
|move|p2a: Samurott|Knock Off|p1a: Tauros
|-damage|p1a: Tauros|24/100
|-enditem|p1a: Tauros|Liechi Berry|[from] move: Knock Off|[of] p2a: Samurott
|
|upkeep
|turn|7
|
|t:|1758976355
|move|p1a: Tauros|Trailblaze|p2a: Samurott
|-supereffective|p2a: Samurott
|-damage|p2a: Samurott|15/100
|-boost|p1a: Tauros|spe|1
|move|p2a: Samurott|Knock Off|p1a: Tauros
|-damage|p1a: Tauros|0 fnt
|faint|p1a: Tauros
|
|upkeep
|
|t:|1758976359
|switch|p1a: Greedent|Greedent, F|100/100
|turn|8
|-message|masterjeyx forfeited.
|
|win|Tiger Goat
|raw|masterjeyx's rating: 1377 &rarr; <strong>1360</strong><br />(-17 for losing)
|raw|Tiger Goat's rating: 1428 &rarr; <strong>1445</strong><br />(+17 for winning)
|l|☆masterjeyx
|player|p1|
|l|☆Tiger Goat
|player|p2|
