|j|☆almighty shiest
|j|☆4DEF+4SPD=GG
|t:|1758935705
|gametype|singles
|player|p1|almighty shiest|alec-anime|1609
|player|p2|4DEF+4SPD=GG|preschooler|1550
|gen|9
|tier|[Gen 9] OU
|rated|
|rule|HP Percentage Mod: HP is shown in percentages
|rule|Endless Battle Clause: Forcing endless battles is banned
|rule|Species Clause: Limit one of each Pokémon
|rule|OHKO Clause: OHKO moves are banned
|rule|Evasion Items Clause: Evasion items are banned
|rule|Evasion Moves Clause: Evasion moves are banned
|rule|Evasion Abilities Clause: Evasion abilities are banned
|rule|Sleep Moves Clause: Sleep-inducing moves are banned
|clearpoke
|poke|p1|Rillaboom, M|
|poke|p1|Blaziken, M|
|poke|p1|Zamazenta-*|
|poke|p1|Iron Treads|
|poke|p1|Clefable, F|
|poke|p1|Walking Wake|
|poke|p2|Tyranitar, M|
|poke|p2|Excadrill, M|
|poke|p2|Corviknight, M|
|poke|p2|Glimmora, M|
|poke|p2|Hippowdon, M|
|poke|p2|Scizor, M|
|teampreview
|inactive|Battle timer is ON: inactive players will automatically lose when time's up. (requested by 4DEF+4SPD=GG)
|inactive|almighty shiest also wants the timer to be on.
|
|t:|1758935724
|teamsize|p1|6
|teamsize|p2|6
|start
|switch|p1a: Walking Wake|Walking Wake|100/100
|switch|p2a: Glimmora|Glimmora, M|100/100
|turn|1
|
|t:|1758935750
|-terastallize|p2a: Glimmora|Bug
|move|p1a: Walking Wake|Surf|p2a: Glimmora
|-damage|p2a: Glimmora|15/100
|move|p2a: Glimmora|Rock Polish|p2a: Glimmora
|-boost|p2a: Glimmora|spe|2
|
|upkeep
|turn|2
|
|t:|1758935757
|move|p2a: Glimmora|Meteor Beam||[still]
|-prepare|p2a: Glimmora|Meteor Beam
|-boost|p2a: Glimmora|spa|1
|-enditem|p2a: Glimmora|Power Herb
|-anim|p2a: Glimmora|Meteor Beam|p1a: Walking Wake
|-damage|p1a: Walking Wake|0 fnt
|faint|p1a: Walking Wake
|-end|p1a: Walking Wake|Protosynthesis|[silent]
|
|upkeep
|
|t:|1758935766
|switch|p1a: Rillaboom|Rillaboom, M|100/100
|-fieldstart|move: Grassy Terrain|[from] ability: Grassy Surge|[of] p1a: Rillaboom
|turn|3
|
|t:|1758935775
|switch|p2a: Corviknight|Corviknight, M|100/100
|move|p1a: Rillaboom|Grassy Glide|p2a: Corviknight
|-resisted|p2a: Corviknight
|-damage|p2a: Corviknight|94/100
|-damage|p1a: Rillaboom|84/100|[from] item: Rocky Helmet|[of] p2a: Corviknight
|
|-heal|p1a: Rillaboom|90/100|[from] Grassy Terrain
|upkeep
|turn|4
|
|t:|1758935787
|move|p1a: Rillaboom|Swords Dance|p1a: Rillaboom
|-boost|p1a: Rillaboom|atk|2
|move|p2a: Corviknight|U-turn|p1a: Rillaboom
|-supereffective|p1a: Rillaboom
|-damage|p1a: Rillaboom|62/100
|
|t:|1758935793
|switch|p2a: Scizor|Scizor, M|100/100|[from] U-turn
|
|-heal|p1a: Rillaboom|68/100|[from] Grassy Terrain
|upkeep
|turn|5
|
|t:|1758935801
|move|p1a: Rillaboom|Knock Off|p2a: Scizor
|-damage|p2a: Scizor|28/100
|-enditem|p2a: Scizor|Choice Band|[from] move: Knock Off|[of] p1a: Rillaboom
|move|p2a: Scizor|U-turn|p1a: Rillaboom
|-supereffective|p1a: Rillaboom
|-damage|p1a: Rillaboom|0 fnt
|faint|p1a: Rillaboom
|
|t:|1758935816
|switch|p2a: Hippowdon|Hippowdon, M|100/100|[from] U-turn
|-weather|Sandstorm|[from] ability: Sand Stream|[of] p2a: Hippowdon
|
|-weather|Sandstorm|[upkeep]
|upkeep
|
|t:|1758935823
|switch|p1a: Clefable|Clefable, F|100/100
|turn|6
|
|t:|1758935826
|move|p1a: Clefable|Calm Mind|p1a: Clefable
|-boost|p1a: Clefable|spa|1
|-boost|p1a: Clefable|spd|1
|move|p2a: Hippowdon|Stealth Rock|p1a: Clefable
|-sidestart|p1: almighty shiest|move: Stealth Rock
|
|-weather|Sandstorm|[upkeep]
|upkeep
|turn|7
|
|t:|1758935839
|move|p1a: Clefable|Calm Mind|p1a: Clefable
|-boost|p1a: Clefable|spa|1
|-boost|p1a: Clefable|spd|1
|move|p2a: Hippowdon|Whirlwind|p1a: Clefable
|drag|p1a: Iron Treads|Iron Treads|100/100
|-damage|p1a: Iron Treads|98/100|[from] Stealth Rock
|
|-weather|Sandstorm|[upkeep]
|-heal|p1a: Iron Treads|100/100|[from] Grassy Terrain
|upkeep
|turn|8
|
|t:|1758935849
|move|p1a: Iron Treads|Knock Off|p2a: Hippowdon
|-damage|p2a: Hippowdon|86/100
|-enditem|p2a: Hippowdon|Smooth Rock|[from] move: Knock Off|[of] p1a: Iron Treads
|move|p2a: Hippowdon|Bulldoze|p1a: Iron Treads
|-supereffective|p1a: Iron Treads
|-damage|p1a: Iron Treads|83/100
|-unboost|p1a: Iron Treads|spe|1
|
|-weather|Sandstorm|[upkeep]
|-heal|p1a: Iron Treads|89/100|[from] Grassy Terrain
|-heal|p1a: Iron Treads|95/100|[from] item: Leftovers
|-heal|p2a: Hippowdon|92/100|[from] Grassy Terrain
|upkeep
|turn|9
|inactive|almighty shiest has 120 seconds left.
|
|t:|1758935882
|move|p1a: Iron Treads|Stealth Rock|p2a: Hippowdon
|-sidestart|p2: 4DEF+4SPD=GG|move: Stealth Rock
|move|p2a: Hippowdon|Bulldoze|p1a: Iron Treads
|-supereffective|p1a: Iron Treads
|-damage|p1a: Iron Treads|78/100
|-unboost|p1a: Iron Treads|spe|1
|
|-weather|Sandstorm|[upkeep]
|-heal|p1a: Iron Treads|84/100|[from] Grassy Terrain
|-heal|p1a: Iron Treads|90/100|[from] item: Leftovers
|-heal|p2a: Hippowdon|99/100|[from] Grassy Terrain
|upkeep
|turn|10
|inactive|almighty shiest has 120 seconds left.
|
|t:|1758935897
|-end|p1a: Iron Treads|Quark Drive|[silent]
|switch|p1a: Clefable|Clefable, F|100/100
|move|p2a: Hippowdon|Bulldoze|p1a: Clefable
|-damage|p1a: Clefable|92/100
|-unboost|p1a: Clefable|spe|1
|
|-weather|Sandstorm|[upkeep]
|-heal|p1a: Clefable|98/100|[from] Grassy Terrain
|-heal|p1a: Clefable|100/100|[from] item: Leftovers
|-heal|p2a: Hippowdon|100/100|[from] Grassy Terrain
|-fieldend|move: Grassy Terrain
|upkeep
|turn|11
|inactive|almighty shiest has 120 seconds left.
|
|t:|1758935911
|move|p1a: Clefable|Calm Mind|p1a: Clefable
|-boost|p1a: Clefable|spa|1
|-boost|p1a: Clefable|spd|1
|move|p2a: Hippowdon|Whirlwind|p1a: Clefable
|drag|p1a: Blaziken|Blaziken, M, shiny|100/100
|-damage|p1a: Blaziken|88/100|[from] Stealth Rock
|
|-weather|Sandstorm|[upkeep]
|-damage|p1a: Blaziken|82/100|[from] Sandstorm
|-heal|p1a: Blaziken|88/100|[from] item: Leftovers
|upkeep
|turn|12
|inactive|almighty shiest has 120 seconds left.
|
|t:|1758935925
|move|p1a: Blaziken|Swords Dance|p1a: Blaziken
|-boost|p1a: Blaziken|atk|2
|move|p2a: Hippowdon|Bulldoze|p1a: Blaziken
|-supereffective|p1a: Blaziken
|-crit|p1a: Blaziken
|-damage|p1a: Blaziken|0 fnt
|faint|p1a: Blaziken
|
|-weather|none
|upkeep
|inactive|almighty shiest has 120 seconds left.
|-message|almighty shiest forfeited.
|
|win|4DEF+4SPD=GG
|raw|almighty shiest's rating: 1609 &rarr; <strong>1586</strong><br />(-23 for losing)
|raw|4DEF+4SPD=GG's rating: 1550 &rarr; <strong>1573</strong><br />(+23 for winning)
|l|☆almighty shiest
|player|p1|
