|j|☆mistrz niemych
|j|☆WSJDHDJL
|t:|1759047583
|gametype|singles
|player|p1|mistrz niemych|veteran|1120
|player|p2|WSJDHDJL|2|1062
|gen|9
|tier|[Gen 9] OU
|rated|
|rule|HP Percentage Mod: HP is shown in percentages
|rule|Endless Battle Clause: Forcing endless battles is banned
|rule|Species Clause: Limit one of each Pokémon
|rule|OHKO Clause: OHKO moves are banned
|rule|Evasion Items Clause: Evasion items are banned
|rule|Evasion Moves Clause: Evasion moves are banned
|rule|Evasion Abilities Clause: Evasion abilities are banned
|rule|Sleep Moves Clause: Sleep-inducing moves are banned
|clearpoke
|poke|p1|Ceruledge, M|
|poke|p1|Hydreigon, M|
|poke|p1|Frosmoth, F|
|poke|p1|Oricorio-Pom-Pom, F|
|poke|p1|Hydrapple, M|
|poke|p1|Kleavor, M|
|poke|p2|Ursaluna, M|
|poke|p2|Enamorus-Therian, F|
|poke|p2|Hatterene, F|
|poke|p2|Cresselia, F|
|poke|p2|Hoopa-Unbound|
|poke|p2|Mimikyu, F|
|teampreview
|
|t:|1759047600
|teamsize|p1|6
|teamsize|p2|6
|start
|switch|p1a: Kleavor|Kleavor, M|100/100
|switch|p2a: Hoopa|Hoopa-Unbound|100/100
|turn|1
|
|t:|1759047610
|switch|p2a: Cresselia|Cresselia, F|100/100
|move|p1a: Kleavor|Swords Dance|p1a: Kleavor
|-boost|p1a: Kleavor|atk|2
|
|upkeep
|turn|2
|
|t:|1759047616
|move|p1a: Kleavor|X-Scissor|p2a: Cresselia
|-supereffective|p2a: Cresselia
|-damage|p2a: Cresselia|0 fnt
|faint|p2a: Cresselia
|
|upkeep
|
|t:|1759047620
|switch|p2a: Mimikyu|Mimikyu, F|100/100
|turn|3
|
|t:|1759047624
|move|p1a: Kleavor|Stone Axe|p2a: Mimikyu
|-activate|p2a: Mimikyu|ability: Disguise
|-damage|p2a: Mimikyu|100/100
|-sidestart|p2: WSJDHDJL|move: Stealth Rock
|detailschange|p2a: Mimikyu|Mimikyu-Busted, F
|-damage|p2a: Mimikyu|88/100|[from] pokemon: Mimikyu-Busted
|-enditem|p2a: Mimikyu|Red Card|[of] p1a: Kleavor
|drag|p1a: Hydrapple|Hydrapple, M|100/100
|move|p2a: Mimikyu|Trick Room|p2a: Mimikyu
|-fieldstart|move: Trick Room|[of] p2a: Mimikyu
|
|upkeep
|turn|4
|
|t:|1759047639
|switch|p2a: Enamorus|Enamorus-Therian, F|100/100
|-damage|p2a: Enamorus|76/100|[from] Stealth Rock
|-terastallize|p1a: Hydrapple|Steel
|move|p1a: Hydrapple|Earth Power|p2a: Enamorus
|-immune|p2a: Enamorus
|
|upkeep
|turn|5
|
|t:|1759047654
|move|p2a: Enamorus|Mystical Fire|p1a: Hydrapple
|-supereffective|p1a: Hydrapple
|-damage|p1a: Hydrapple|16/100
|-unboost|p1a: Hydrapple|spa|1
|move|p1a: Hydrapple|Giga Drain|p2a: Enamorus
|-resisted|p2a: Enamorus
|-damage|p2a: Enamorus|63/100
|-heal|p1a: Hydrapple|22/100|[from] drain|[of] p2a: Enamorus
|
|upkeep
|turn|6
|
|t:|1759047662
|switch|p1a: Frosmoth|Frosmoth, F|100/100
|move|p2a: Enamorus|Mystical Fire|p1a: Frosmoth
|-supereffective|p1a: Frosmoth
|-damage|p1a: Frosmoth|0 fnt
|faint|p1a: Frosmoth
|
|upkeep
|
|t:|1759047668
|switch|p1a: Oricorio|Oricorio-Pom-Pom, F|100/100
|turn|7
|
|t:|1759047679
|switch|p2a: Hatterene|Hatterene, F|100/100
|-damage|p2a: Hatterene|88/100|[from] Stealth Rock
|move|p1a: Oricorio|Revelation Dance|p2a: Hatterene
|-damage|p2a: Hatterene|56/100
|
|-fieldend|move: Trick Room
|upkeep
|turn|8
|
|t:|1759047689
|move|p1a: Oricorio|Air Slash|p2a: Hatterene
|-damage|p2a: Hatterene|29/100
|move|p2a: Hatterene|Trick Room|p2a: Hatterene
|-fieldstart|move: Trick Room|[of] p2a: Hatterene
|
|upkeep
|turn|9
|
|t:|1759047697
|move|p2a: Hatterene|Healing Wish|p2a: Hatterene
|faint|p2a: Hatterene
|move|p1a: Oricorio|Air Slash|p2: Hatterene|[notarget]
|-fail|p1a: Oricorio
|
|upkeep
|
|t:|1759047727
|switch|p2a: Ursaluna|Ursaluna, M|100/100
|-damage|p2a: Ursaluna|94/100|[from] Stealth Rock
|turn|10
|
|t:|1759047746
|move|p2a: Ursaluna|Swords Dance|p2a: Ursaluna
|-boost|p2a: Ursaluna|atk|2
|-activate|p1a: Oricorio|ability: Dancer
|move|p1a: Oricorio|Swords Dance|p1a: Oricorio|[from] ability: Dancer
|-boost|p1a: Oricorio|atk|2
|move|p1a: Oricorio|Air Slash|p2a: Ursaluna
|-damage|p2a: Ursaluna|72/100
|
|-status|p2a: Ursaluna|brn|[from] item: Flame Orb
|upkeep
|turn|11
|
|t:|1759047756
|move|p2a: Ursaluna|Facade|p1a: Oricorio
|-damage|p1a: Oricorio|0 fnt
|faint|p1a: Oricorio
|
|-damage|p2a: Ursaluna|66/100 brn|[from] brn
|upkeep
|
|t:|1759047763
|switch|p1a: Kleavor|Kleavor, M|100/100
|turn|12
|
|t:|1759047781
|switch|p1a: Ceruledge|Ceruledge, M|100/100
|move|p2a: Ursaluna|Fire Punch|p1a: Ceruledge
|-resisted|p1a: Ceruledge
|-damage|p1a: Ceruledge|33/100
|-ability|p1a: Ceruledge|Weak Armor|boost
|-unboost|p1a: Ceruledge|def|1
|-boost|p1a: Ceruledge|spe|2
|
|-damage|p2a: Ursaluna|59/100 brn|[from] brn
|-fieldend|move: Trick Room
|upkeep
|turn|13
|
|t:|1759047800
|move|p1a: Ceruledge|Close Combat|p2a: Ursaluna
|-supereffective|p2a: Ursaluna
|-damage|p2a: Ursaluna|0 fnt
|-unboost|p1a: Ceruledge|def|1
|-unboost|p1a: Ceruledge|spd|1
|faint|p2a: Ursaluna
|
|upkeep
|
|t:|1759047806
|switch|p2a: Enamorus|Enamorus-Therian, F|63/100
|-heal|p2a: Enamorus|100/100|[from] move: Healing Wish
|-damage|p2a: Enamorus|76/100|[from] Stealth Rock
|turn|14
|
|t:|1759047815
|move|p1a: Ceruledge|Bitter Blade|p2a: Enamorus
|-damage|p2a: Enamorus|35/100
|-heal|p1a: Ceruledge|58/100|[from] drain|[of] p2a: Enamorus
|move|p2a: Enamorus|Draining Kiss|p1a: Ceruledge
|-resisted|p1a: Ceruledge
|-damage|p1a: Ceruledge|16/100
|-heal|p2a: Enamorus|60/100|[from] drain|[of] p1a: Ceruledge
|
|upkeep
|turn|15
|
|t:|1759047826
|-terastallize|p2a: Enamorus|Fairy
|move|p1a: Ceruledge|Bitter Blade|p2a: Enamorus
|-damage|p2a: Enamorus|20/100
|-heal|p1a: Ceruledge|41/100|[from] drain|[of] p2a: Enamorus
|move|p2a: Enamorus|Draining Kiss|p1a: Ceruledge
|-resisted|p1a: Ceruledge
|-damage|p1a: Ceruledge|0 fnt
|-heal|p2a: Enamorus|45/100|[from] drain|[of] p1a: Ceruledge
|faint|p1a: Ceruledge
|
|upkeep
|
|t:|1759047840
|switch|p1a: Kleavor|Kleavor, M|100/100
|turn|16
|
|t:|1759047848
|switch|p2a: Mimikyu|Mimikyu-Busted, F|88/100
|-damage|p2a: Mimikyu|76/100|[from] Stealth Rock
|move|p1a: Kleavor|Stone Axe|p2a: Mimikyu
|-damage|p2a: Mimikyu|6/100
|
|upkeep
|turn|17
|
|t:|1759047857
|move|p1a: Kleavor|X-Scissor|p2a: Mimikyu
|-resisted|p2a: Mimikyu
|-damage|p2a: Mimikyu|0 fnt
|faint|p2a: Mimikyu
|
|upkeep
|
|t:|1759047860
|switch|p2a: Hoopa|Hoopa-Unbound|100/100
|-damage|p2a: Hoopa|88/100|[from] Stealth Rock
|turn|18
|
|t:|1759047867
|move|p1a: Kleavor|X-Scissor|p2a: Hoopa
|-supereffective|p2a: Hoopa
|-damage|p2a: Hoopa|0 fnt
|faint|p2a: Hoopa
|
|upkeep
|
|t:|1759047871
|switch|p2a: Enamorus|Enamorus-Therian, F, tera:Fairy|45/100
|-damage|p2a: Enamorus|33/100|[from] Stealth Rock
|turn|19
|
|t:|1759047878
|move|p1a: Kleavor|Stone Axe|p2a: Enamorus
|-damage|p2a: Enamorus|0 fnt
|faint|p2a: Enamorus
|
|win|mistrz niemych
|raw|mistrz niemych's rating: 1120 &rarr; <strong>1141</strong><br />(+21 for winning)
|raw|WSJDHDJL's rating: 1062 &rarr; <strong>1046</strong><br />(-16 for losing)
|l|☆WSJDHDJL
|player|p2|
|l|☆mistrz niemych
|player|p1|
