|j|☆mucino
|j|☆LX1987
|t:|1759050946
|gametype|singles
|player|p1|mucino|265|1358
|player|p2|LX1987|169|1293
|gen|9
|tier|[Gen 9] OU
|rated|
|rule|HP Percentage Mod: HP is shown in percentages
|rule|Endless Battle Clause: Forcing endless battles is banned
|rule|Species Clause: Limit one of each Pokémon
|rule|OHKO Clause: OHKO moves are banned
|rule|Evasion Items Clause: Evasion items are banned
|rule|Evasion Moves Clause: Evasion moves are banned
|rule|Evasion Abilities Clause: Evasion abilities are banned
|rule|Sleep Moves Clause: Sleep-inducing moves are banned
|clearpoke
|poke|p1|Clodsire, M|
|poke|p1|Kingambit, M|
|poke|p1|Porygon-Z|
|poke|p1|Chandelure, M|
|poke|p1|Primarina, F|
|poke|p1|Grimmsnarl, M|
|poke|p2|Ninetales-Alola, F|
|poke|p2|Ogerpon-Wellspring, F|
|poke|p2|Avalugg, M|
|poke|p2|Slowking-Galar, M|
|poke|p2|Moltres|
|poke|p2|Spiritomb, M|
|teampreview
|inactive|Battle timer is ON: inactive players will automatically lose when time's up. (requested by mucino)
|
|t:|1759050953
|teamsize|p1|6
|teamsize|p2|6
|start
|switch|p1a: Kingambit|Kingambit, M|100/100
|switch|p2a: Ninetales|Ninetales-Alola, F|100/100
|-weather|Snowscape|[from] ability: Snow Warning|[of] p2a: Ninetales
|turn|1
|
|t:|1759050961
|move|p2a: Ninetales|Aurora Veil|p2a: Ninetales
|-sidestart|p2: LX1987|move: Aurora Veil
|move|p1a: Kingambit|Swords Dance|p1a: Kingambit
|-boost|p1a: Kingambit|atk|2
|
|-weather|Snowscape|[upkeep]
|upkeep
|turn|2
|
|t:|1759050968
|move|p2a: Ninetales|Encore|p1a: Kingambit
|-start|p1a: Kingambit|Encore
|move|p1a: Kingambit|Swords Dance|p1a: Kingambit
|-boost|p1a: Kingambit|atk|2
|
|-weather|Snowscape|[upkeep]
|upkeep
|turn|3
|
|t:|1759050976
|move|p2a: Ninetales|Moonblast|p1a: Kingambit
|-damage|p1a: Kingambit|68/100
|move|p1a: Kingambit|Swords Dance|p1a: Kingambit
|-boost|p1a: Kingambit|atk|2
|
|-weather|Snowscape|[upkeep]
|upkeep
|turn|4
|
|t:|1759050984
|-end|p1a: Kingambit|fallenundefined|[silent]
|switch|p1a: Chandelure|Chandelure, M|100/100
|move|p2a: Ninetales|Moonblast|p1a: Chandelure
|-resisted|p1a: Chandelure
|-damage|p1a: Chandelure|79/100
|-unboost|p1a: Chandelure|spa|1
|
|-weather|Snowscape|[upkeep]
|upkeep
|turn|5
|
|t:|1759050995
|move|p1a: Chandelure|Trick|p2a: Ninetales
|-activate|p1a: Chandelure|move: Trick|[of] p2a: Ninetales
|-item|p2a: Ninetales|Choice Scarf|[from] move: Trick
|-item|p1a: Chandelure|Light Clay|[from] move: Trick
|move|p2a: Ninetales|Blizzard|p1a: Chandelure
|-resisted|p1a: Chandelure
|-damage|p1a: Chandelure|54/100
|
|-weather|none
|upkeep
|turn|6
|
|t:|1759051005
|switch|p2a: Spiritomb|Spiritomb, M|100/100
|switch|p1a: Kingambit|Kingambit, M|68/100
|
|upkeep
|turn|7
|
|t:|1759051014
|-end|p1a: Kingambit|fallenundefined|[silent]
|switch|p1a: Primarina|Primarina, F|100/100
|move|p2a: Spiritomb|Trick|p1a: Primarina
|-activate|p2a: Spiritomb|move: Trick|[of] p1a: Primarina
|-item|p1a: Primarina|Choice Band|[from] move: Trick
|-item|p2a: Spiritomb|Assault Vest|[from] move: Trick
|
|upkeep
|turn|8
|
|t:|1759051022
|move|p1a: Primarina|Moonblast|p2a: Spiritomb
|-supereffective|p2a: Spiritomb
|-damage|p2a: Spiritomb|62/100
|-unboost|p2a: Spiritomb|spa|1
|move|p2a: Spiritomb|Poltergeist|p1a: Primarina
|-activate|p1a: Primarina|move: Poltergeist|Choice Band
|-damage|p1a: Primarina|40/100
|
|-sideend|p2: LX1987|move: Aurora Veil
|upkeep
|turn|9
|
|t:|1759051033
|switch|p2a: Ninetales|Ninetales-Alola, F|100/100
|-weather|Snowscape|[from] ability: Snow Warning|[of] p2a: Ninetales
|move|p1a: Primarina|Moonblast|p2a: Ninetales
|-damage|p2a: Ninetales|40/100
|
|-weather|Snowscape|[upkeep]
|upkeep
|turn|10
|
|t:|1759051042
|move|p2a: Ninetales|Aurora Veil|p2a: Ninetales
|-sidestart|p2: LX1987|move: Aurora Veil
|move|p1a: Primarina|Moonblast|p2a: Ninetales
|-damage|p2a: Ninetales|10/100
|
|-weather|Snowscape|[upkeep]
|upkeep
|turn|11
|
|t:|1759051052
|switch|p2a: Ogerpon|Ogerpon-Wellspring, F|100/100
|move|p1a: Primarina|Moonblast|p2a: Ogerpon
|-damage|p2a: Ogerpon|68/100
|-unboost|p2a: Ogerpon|spa|1
|
|-weather|Snowscape|[upkeep]
|upkeep
|turn|12
|
|t:|1759051062
|move|p2a: Ogerpon|Swords Dance|p2a: Ogerpon
|-boost|p2a: Ogerpon|atk|2
|move|p1a: Primarina|Moonblast|p2a: Ogerpon
|-damage|p2a: Ogerpon|35/100
|
|-weather|Snowscape|[upkeep]
|upkeep
|turn|13
|
|t:|1759051070
|move|p2a: Ogerpon|Horn Leech|p1a: Primarina
|-supereffective|p1a: Primarina
|-damage|p1a: Primarina|0 fnt
|-heal|p2a: Ogerpon|59/100|[from] drain|[of] p1a: Primarina
|faint|p1a: Primarina
|
|-weather|none
|upkeep
|
|t:|1759051080
|switch|p1a: Grimmsnarl|Grimmsnarl, M|100/100
|turn|14
|
|t:|1759051085
|move|p1a: Grimmsnarl|Reflect|p1a: Grimmsnarl
|-sidestart|p1: mucino|Reflect
|move|p2a: Ogerpon|Swords Dance|p2a: Ogerpon
|-boost|p2a: Ogerpon|atk|2
|
|-sideend|p2: LX1987|move: Aurora Veil
|upkeep
|turn|15
|
|t:|1759051093
|-terastallize|p2a: Ogerpon|Water
|detailschange|p2a: Ogerpon|Ogerpon-Wellspring-Tera, F, tera:Water
|-ability|p2a: Ogerpon|Embody Aspect (Wellspring)|boost
|-boost|p2a: Ogerpon|spd|1
|move|p1a: Grimmsnarl|Taunt|p2a: Ogerpon
|-start|p2a: Ogerpon|move: Taunt
|move|p2a: Ogerpon|Ivy Cudgel|p1a: Grimmsnarl|[anim] Ivy Cudgel Water
|-damage|p1a: Grimmsnarl|0 fnt
|faint|p1a: Grimmsnarl
|
|upkeep
|
|t:|1759051098
|switch|p1a: Kingambit|Kingambit, M|68/100
|-activate|p1a: Kingambit|ability: Supreme Overlord
|-start|p1a: Kingambit|fallen2|[silent]
|turn|16
|
|t:|1759051109
|move|p2a: Ogerpon|Ivy Cudgel|p1a: Kingambit|[anim] Ivy Cudgel Water
|-damage|p1a: Kingambit|0 fnt
|faint|p1a: Kingambit
|-end|p1a: Kingambit|fallen2|[silent]
|
|upkeep
|
|t:|1759051112
|switch|p1a: Clodsire|Clodsire, M|100/100
|turn|17
|
|t:|1759051117
|move|p2a: Ogerpon|Horn Leech|p1a: Clodsire
|-damage|p1a: Clodsire|84/100
|-heal|p2a: Ogerpon|72/100|[from] drain|[of] p1a: Clodsire
|move|p1a: Clodsire|Toxic|p2a: Ogerpon
|-status|p2a: Ogerpon|tox
|
|-heal|p1a: Clodsire|90/100|[from] item: Leftovers
|-damage|p2a: Ogerpon|66/100 tox|[from] psn
|-end|p2a: Ogerpon|move: Taunt
|upkeep
|turn|18
|
|t:|1759051130
|move|p2a: Ogerpon|Ivy Cudgel|p1a: Clodsire|[anim] Ivy Cudgel Water
|-supereffective|p1a: Clodsire
|-damage|p1a: Clodsire|36/100
|move|p1a: Clodsire|Earthquake|p2a: Ogerpon
|-crit|p2a: Ogerpon
|-damage|p2a: Ogerpon|12/100 tox
|
|-heal|p1a: Clodsire|42/100|[from] item: Leftovers
|-damage|p2a: Ogerpon|0 fnt|[from] psn
|faint|p2a: Ogerpon
|detailschange|p2: Ogerpon|Ogerpon-Wellspring, F|[silent]
|upkeep
|
|t:|1759051142
|switch|p2a: Ninetales|Ninetales-Alola, F|10/100
|-weather|Snowscape|[from] ability: Snow Warning|[of] p2a: Ninetales
|turn|19
|
|t:|1759051148
|move|p2a: Ninetales|Blizzard|p1a: Clodsire
|-supereffective|p1a: Clodsire
|-damage|p1a: Clodsire|0 fnt
|faint|p1a: Clodsire
|
|-weather|Snowscape|[upkeep]
|upkeep
|
|t:|1759051152
|switch|p1a: Chandelure|Chandelure, M|54/100
|turn|20
|
|t:|1759051157
|move|p2a: Ninetales|Blizzard|p1a: Chandelure
|-resisted|p1a: Chandelure
|-damage|p1a: Chandelure|30/100
|-status|p1a: Chandelure|frz
|cant|p1a: Chandelure|frz
|
|-weather|Snowscape|[upkeep]
|upkeep
|turn|21
|
|t:|1759051166
|move|p2a: Ninetales|Blizzard|p1a: Chandelure
|-resisted|p1a: Chandelure
|-damage|p1a: Chandelure|5/100 frz
|-curestatus|p1a: Chandelure|frz|[msg]
|move|p1a: Chandelure|Flamethrower|p2a: Ninetales
|-supereffective|p2a: Ninetales
|-damage|p2a: Ninetales|0 fnt
|faint|p2a: Ninetales
|
|-weather|Snowscape|[upkeep]
|-sideend|p1: mucino|Reflect
|upkeep
|
|t:|1759051178
|switch|p2a: Moltres|Moltres|100/100
|turn|22
|
|t:|1759051183
|move|p1a: Chandelure|Shadow Ball|p2a: Moltres
|-damage|p2a: Moltres|45/100
|move|p2a: Moltres|Flamethrower|p1a: Chandelure
|-start|p1a: Chandelure|ability: Flash Fire
|
|-weather|Snowscape|[upkeep]
|upkeep
|turn|23
|
|t:|1759051193
|move|p1a: Chandelure|Shadow Ball|p2a: Moltres
|-damage|p2a: Moltres|0 fnt
|faint|p2a: Moltres
|
|-weather|none
|upkeep
|
|t:|1759051200
|switch|p2a: Spiritomb|Spiritomb, M|62/100
|turn|24
|
|t:|1759051204
|move|p2a: Spiritomb|Sucker Punch|p1a: Chandelure
|-supereffective|p1a: Chandelure
|-damage|p1a: Chandelure|0 fnt
|faint|p1a: Chandelure
|
|upkeep
|
|t:|1759051206
|switch|p1a: Porygon-Z|Porygon-Z|100/100
|turn|25
|
|t:|1759051213
|switch|p2a: Avalugg|Avalugg, M|100/100
|-terastallize|p1a: Porygon-Z|Ghost
|move|p1a: Porygon-Z|Shadow Ball|p2a: Avalugg
|-damage|p2a: Avalugg|0 fnt
|faint|p2a: Avalugg
|
|upkeep
|
|t:|1759051224
|switch|p2a: Spiritomb|Spiritomb, M|62/100
|turn|26
|
|t:|1759051227
|move|p1a: Porygon-Z|Shadow Ball|p2a: Spiritomb
|-damage|p2a: Spiritomb|5/100
|move|p2a: Spiritomb|Poltergeist|p1a: Porygon-Z
|-activate|p1a: Porygon-Z|move: Poltergeist|Choice Specs
|-supereffective|p1a: Porygon-Z
|-damage|p1a: Porygon-Z|0 fnt
|faint|p1a: Porygon-Z
|
|win|LX1987
|raw|mucino's rating: 1358 &rarr; <strong>1334</strong><br />(-24 for losing)
|raw|LX1987's rating: 1293 &rarr; <strong>1323</strong><br />(+30 for winning)
|l|☆mucino
|player|p1|
