|j|☆renzard
|j|☆ggzbroski
|t:|1758960068
|gametype|singles
|player|p1|renzard|169|1157
|player|p2|ggzbroski|169|1167
|gen|9
|tier|[Gen 9] OU
|rated|
|rule|HP Percentage Mod: HP is shown in percentages
|rule|Endless Battle Clause: Forcing endless battles is banned
|rule|Species Clause: Limit one of each Pokémon
|rule|OHKO Clause: OHKO moves are banned
|rule|Evasion Items Clause: Evasion items are banned
|rule|Evasion Moves Clause: Evasion moves are banned
|rule|Evasion Abilities Clause: Evasion abilities are banned
|rule|Sleep Moves Clause: Sleep-inducing moves are banned
|clearpoke
|poke|p1|Maushold-Four|
|poke|p1|Orthworm, F|
|poke|p1|Talonflame, F|
|poke|p1|Blaziken, M|
|poke|p1|Pelipper, M|
|poke|p1|Basculegion-F, F|
|poke|p2|Raging Bolt|
|poke|p2|Iron Treads|
|poke|p2|Dragapult, F|
|poke|p2|Dondozo, M|
|poke|p2|Darkrai|
|poke|p2|Scizor, M|
|teampreview
|
|t:|1758960076
|teamsize|p1|6
|teamsize|p2|6
|start
|switch|p1a: Maushold|Maushold-Four, shiny|100/100
|switch|p2a: Darkrai|Darkrai|100/100
|turn|1
|
|t:|1758960091
|switch|p2a: Iron Treads|Iron Treads|100/100
|-enditem|p2a: Iron Treads|Booster Energy
|-activate|p2a: Iron Treads|ability: Quark Drive|[fromitem]
|-start|p2a: Iron Treads|quarkdrivespe
|move|p1a: Maushold|Tidy Up|p1a: Maushold
|-boost|p1a: Maushold|atk|1
|-boost|p1a: Maushold|spe|1
|
|upkeep
|turn|2
|
|t:|1758960101
|move|p2a: Iron Treads|Knock Off|p1a: Maushold
|-damage|p1a: Maushold|55/100
|-enditem|p1a: Maushold|Wide Lens|[from] move: Knock Off|[of] p2a: Iron Treads
|move|p1a: Maushold|Tidy Up|p1a: Maushold
|-boost|p1a: Maushold|atk|1
|-boost|p1a: Maushold|spe|1
|
|upkeep
|turn|3
|
|t:|1758960113
|move|p1a: Maushold|Population Bomb|p2a: Iron Treads
|-resisted|p2a: Iron Treads
|-damage|p2a: Iron Treads|91/100
|-resisted|p2a: Iron Treads
|-damage|p2a: Iron Treads|80/100
|-resisted|p2a: Iron Treads
|-damage|p2a: Iron Treads|70/100
|-resisted|p2a: Iron Treads
|-damage|p2a: Iron Treads|60/100
|-resisted|p2a: Iron Treads
|-damage|p2a: Iron Treads|49/100
|-resisted|p2a: Iron Treads
|-damage|p2a: Iron Treads|39/100
|-hitcount|p2a: Iron Treads|6
|move|p2a: Iron Treads|Earthquake|p1a: Maushold
|-damage|p1a: Maushold|0 fnt
|faint|p1a: Maushold
|
|upkeep
|
|t:|1758960127
|switch|p1a: Orthworm|Orthworm, F, shiny|100/100
|turn|4
|
|t:|1758960130
|move|p2a: Iron Treads|Knock Off|p1a: Orthworm
|-damage|p1a: Orthworm|82/100
|-enditem|p1a: Orthworm|Sitrus Berry|[from] move: Knock Off|[of] p2a: Iron Treads
|move|p1a: Orthworm|Stealth Rock|p2a: Iron Treads
|-sidestart|p2: ggzbroski|move: Stealth Rock
|
|upkeep
|turn|5
|
|t:|1758960135
|move|p2a: Iron Treads|Rapid Spin|p1a: Orthworm
|-resisted|p1a: Orthworm
|-damage|p1a: Orthworm|78/100
|-boost|p2a: Iron Treads|spe|1
|-sideend|p2: ggzbroski|Stealth Rock|[from] move: Rapid Spin|[of] p2a: Iron Treads
|move|p1a: Orthworm|Spikes|p2a: Iron Treads
|-sidestart|p2: ggzbroski|Spikes
|
|upkeep
|turn|6
|
|t:|1758960142
|move|p2a: Iron Treads|Rapid Spin|p1a: Orthworm
|-resisted|p1a: Orthworm
|-damage|p1a: Orthworm|73/100
|-boost|p2a: Iron Treads|spe|1
|-sideend|p2: ggzbroski|Spikes|[from] move: Rapid Spin|[of] p2a: Iron Treads
|move|p1a: Orthworm|Spikes|p2a: Iron Treads
|-sidestart|p2: ggzbroski|Spikes
|
|upkeep
|turn|7
|
|t:|1758960151
|move|p2a: Iron Treads|Rapid Spin|p1a: Orthworm
|-resisted|p1a: Orthworm
|-damage|p1a: Orthworm|69/100
|-boost|p2a: Iron Treads|spe|1
|-sideend|p2: ggzbroski|Spikes|[from] move: Rapid Spin|[of] p2a: Iron Treads
|move|p1a: Orthworm|Metal Burst|p2a: Iron Treads
|-damage|p2a: Iron Treads|32/100
|
|upkeep
|turn|8
|
|t:|1758960164
|switch|p1a: Pelipper|Pelipper, M, shiny|100/100
|-weather|RainDance|[from] ability: Drizzle|[of] p1a: Pelipper
|move|p2a: Iron Treads|Knock Off|p1a: Pelipper
|-damage|p1a: Pelipper|70/100
|-enditem|p1a: Pelipper|Damp Rock|[from] move: Knock Off|[of] p2a: Iron Treads
|
|-weather|RainDance|[upkeep]
|upkeep
|turn|9
|
|t:|1758960172
|move|p2a: Iron Treads|Ice Spinner|p1a: Pelipper
|-damage|p1a: Pelipper|47/100
|move|p1a: Pelipper|U-turn|p2a: Iron Treads
|-resisted|p2a: Iron Treads
|-damage|p2a: Iron Treads|29/100
|
|t:|1758960177
|switch|p1a: Basculegion|Basculegion-F, F|100/100|[from] U-turn
|
|-weather|RainDance|[upkeep]
|upkeep
|turn|10
|c|☆ggzbroski|lmao
|
|t:|1758960186
|move|p2a: Iron Treads|Knock Off|p1a: Basculegion
|-supereffective|p1a: Basculegion
|-damage|p1a: Basculegion|17/100
|-enditem|p1a: Basculegion|Focus Sash|[from] move: Knock Off|[of] p2a: Iron Treads
|move|p1a: Basculegion|Whirlpool|p2a: Iron Treads
|-supereffective|p2a: Iron Treads
|-damage|p2a: Iron Treads|0 fnt
|faint|p2a: Iron Treads
|-end|p2a: Iron Treads|Quark Drive|[silent]
|
|-weather|RainDance|[upkeep]
|upkeep
|
|t:|1758960196
|switch|p2a: Scizor|Scizor, M|100/100
|turn|11
|
|t:|1758960202
|move|p2a: Scizor|Bullet Punch|p1a: Basculegion
|-resisted|p1a: Basculegion
|-damage|p1a: Basculegion|0 fnt
|faint|p1a: Basculegion
|-damage|p2a: Scizor|91/100|[from] item: Life Orb
|
|-weather|RainDance|[upkeep]
|upkeep
|
|t:|1758960209
|switch|p1a: Orthworm|Orthworm, F, shiny|69/100
|turn|12
|
|t:|1758960212
|-terastallize|p2a: Scizor|Fighting
|move|p2a: Scizor|Close Combat|p1a: Orthworm
|-supereffective|p1a: Orthworm
|-damage|p1a: Orthworm|0 fnt
|-unboost|p2a: Scizor|def|1
|-unboost|p2a: Scizor|spd|1
|faint|p1a: Orthworm
|-damage|p2a: Scizor|81/100|[from] item: Life Orb
|
|-weather|RainDance|[upkeep]
|upkeep
|
|t:|1758960221
|switch|p1a: Pelipper|Pelipper, M, shiny|47/100
|turn|13
|
|t:|1758960226
|switch|p2a: Dondozo|Dondozo, M|100/100
|move|p1a: Pelipper|Hurricane|p2a: Dondozo
|-crit|p2a: Dondozo
|-damage|p2a: Dondozo|72/100
|
|-weather|RainDance|[upkeep]
|upkeep
|turn|14
|
|t:|1758960237
|move|p1a: Pelipper|Hurricane|p2a: Dondozo
|-damage|p2a: Dondozo|52/100
|move|p2a: Dondozo|Liquidation|p1a: Pelipper
|-resisted|p1a: Pelipper
|-damage|p1a: Pelipper|21/100
|
|-weather|RainDance|[upkeep]
|upkeep
|turn|15
|
|t:|1758960243
|move|p1a: Pelipper|Hurricane|p2a: Dondozo
|-damage|p2a: Dondozo|33/100
|move|p2a: Dondozo|Liquidation|p1a: Pelipper
|-resisted|p1a: Pelipper
|-damage|p1a: Pelipper|0 fnt
|faint|p1a: Pelipper
|
|-weather|none
|upkeep
|
|t:|1758960256
|switch|p1a: Blaziken|Blaziken, M, shiny|100/100
|turn|16
|
|t:|1758960310
|-terastallize|p1a: Blaziken|Electric
|move|p1a: Blaziken|Swords Dance|p1a: Blaziken
|-boost|p1a: Blaziken|atk|2
|move|p2a: Dondozo|Liquidation|p1a: Blaziken
|-damage|p1a: Blaziken|50/100
|
|-ability|p1a: Blaziken|Speed Boost|boost
|-boost|p1a: Blaziken|spe|1
|upkeep
|turn|17
|
|t:|1758960319
|move|p1a: Blaziken|Thunder Punch|p2a: Dondozo
|-supereffective|p2a: Dondozo
|-damage|p2a: Dondozo|0 fnt
|faint|p2a: Dondozo
|
|-ability|p1a: Blaziken|Speed Boost|boost
|-boost|p1a: Blaziken|spe|1
|upkeep
|
|t:|1758960328
|switch|p2a: Raging Bolt|Raging Bolt|100/100
|-enditem|p2a: Raging Bolt|Booster Energy
|-activate|p2a: Raging Bolt|ability: Protosynthesis|[fromitem]
|-start|p2a: Raging Bolt|protosynthesisspa
|turn|18
|
|t:|1758960333
|move|p1a: Blaziken|Close Combat|p2a: Raging Bolt
|-damage|p2a: Raging Bolt|0 fnt
|-unboost|p1a: Blaziken|def|1
|-unboost|p1a: Blaziken|spd|1
|faint|p2a: Raging Bolt
|-end|p2a: Raging Bolt|Protosynthesis|[silent]
|
|-ability|p1a: Blaziken|Speed Boost|boost
|-boost|p1a: Blaziken|spe|1
|upkeep
|
|t:|1758960340
|switch|p2a: Scizor|Scizor, M, tera:Fighting|81/100
|turn|19
|
|t:|1758960343
|move|p2a: Scizor|Bullet Punch|p1a: Blaziken
|-resisted|p1a: Blaziken
|-damage|p1a: Blaziken|0 fnt
|faint|p1a: Blaziken
|-damage|p2a: Scizor|71/100|[from] item: Life Orb
|
|upkeep
|
|t:|1758960348
|switch|p1a: Talonflame|Talonflame, F, shiny|100/100
|turn|20
|c|☆ggzbroski|phew
|
|t:|1758960354
|switch|p2a: Darkrai|Darkrai|100/100
|move|p1a: Talonflame|Swords Dance|p1a: Talonflame
|-boost|p1a: Talonflame|atk|2
|
|upkeep
|turn|21
|
|t:|1758960359
|move|p1a: Talonflame|Acrobatics|p2a: Darkrai
|-damage|p2a: Darkrai|0 fnt
|faint|p2a: Darkrai
|
|upkeep
|c|☆ggzbroski|!dt gale wings
|raw|<ul class="utilichart"><li class="result"><span class="col namecol"><a href="https://dex.pokemonshowdown.com/abilities/galewings">Gale Wings</a></span> <span class="col abilitydesccol">If this Pokemon is at full HP, its Flying-type moves have their priority increased by 1.</span> </li><li style="clear:both"></li></ul>
|raw|<font size="1"><font color="#686868">Gen:</font> 6</font>

|
|t:|1758960368
|switch|p2a: Scizor|Scizor, M, tera:Fighting|71/100
|turn|22
|
|t:|1758960373
|move|p1a: Talonflame|Acrobatics|p2a: Scizor
|-supereffective|p2a: Scizor
|-damage|p2a: Scizor|0 fnt
|faint|p2a: Scizor
|
|upkeep
|
|t:|1758960376
|switch|p2a: Dragapult|Dragapult, F|100/100
|turn|23
|
|t:|1758960379
|move|p1a: Talonflame|Acrobatics|p2a: Dragapult
|-damage|p2a: Dragapult|0 fnt
|faint|p2a: Dragapult
|
|win|renzard
|raw|renzard's rating: 1157 &rarr; <strong>1183</strong><br />(+26 for winning)
|raw|ggzbroski's rating: 1167 &rarr; <strong>1141</strong><br />(-26 for losing)
|l|☆ggzbroski
|player|p2|
|c|☆renzard|nice!
|c|☆renzard|gg
|l|☆renzard
|player|p1|
