|j|☆frankjob
|j|☆galladeyaoi
|t:|1758992946
|gametype|singles
|player|p1|frankjob|cheren|1496
|player|p2|galladeyaoi|pokefanf-gen2|1470
|gen|9
|tier|[Gen 9] OU
|rated|
|rule|HP Percentage Mod: HP is shown in percentages
|rule|Endless Battle Clause: Forcing endless battles is banned
|rule|Species Clause: Limit one of each Pokémon
|rule|OHKO Clause: OHKO moves are banned
|rule|Evasion Items Clause: Evasion items are banned
|rule|Evasion Moves Clause: Evasion moves are banned
|rule|Evasion Abilities Clause: Evasion abilities are banned
|rule|Sleep Moves Clause: Sleep-inducing moves are banned
|clearpoke
|poke|p1|Ursaluna, F|
|poke|p1|Carbink|
|poke|p1|Cresselia, F|
|poke|p1|Kingambit, M|
|poke|p1|Hatterene, F|
|poke|p1|Raging Bolt|
|poke|p2|Landorus-Therian, M|
|poke|p2|Weezing-Galar, F|
|poke|p2|Hoopa-Unbound|
|poke|p2|Muk-Alola, F|
|poke|p2|Garchomp, F|
|poke|p2|Quagsire, M|
|teampreview
|inactive|Battle timer is ON: inactive players will automatically lose when time's up. (requested by galladeyaoi)
|inactive|frankjob also wants the timer to be on.
|
|t:|1758992961
|teamsize|p1|6
|teamsize|p2|6
|start
|switch|p1a: Carbink|Carbink|100/100
|switch|p2a: Garchomp|Garchomp, F|100/100
|turn|1
|
|t:|1758992967
|move|p2a: Garchomp|Earthquake|p1a: Carbink
|-supereffective|p1a: Carbink
|-damage|p1a: Carbink|47/100
|move|p1a: Carbink|Trick Room|p1a: Carbink
|-fieldstart|move: Trick Room|[of] p1a: Carbink
|
|upkeep
|turn|2
|
|t:|1758992977
|switch|p2a: Muk|Muk-Alola, F|100/100
|move|p1a: Carbink|Stealth Rock|p2a: Muk
|-sidestart|p2: galladeyaoi|move: Stealth Rock
|
|upkeep
|turn|3
|
|t:|1758992983
|move|p1a: Carbink|Misty Explosion|p2a: Muk
|-damage|p2a: Muk|93/100
|faint|p1a: Carbink
|move|p2a: Muk|Knock Off|p1: Carbink|[notarget]
|-fail|p2a: Muk
|
|upkeep
|
|t:|1758992990
|switch|p1a: Ursaluna|Ursaluna, F|100/100
|turn|4
|
|t:|1758992994
|switch|p2a: Landorus|Landorus-Therian, M|100/100
|-damage|p2a: Landorus|88/100|[from] Stealth Rock
|-ability|p2a: Landorus|Intimidate|boost
|-unboost|p1a: Ursaluna|atk|1
|move|p1a: Ursaluna|Ice Punch|p2a: Landorus
|-supereffective|p2a: Landorus
|-damage|p2a: Landorus|7/100
|
|-status|p1a: Ursaluna|brn|[from] item: Flame Orb
|upkeep
|turn|5
|
|t:|1758993010
|switch|p2a: Quagsire|Quagsire, M|100/100
|-damage|p2a: Quagsire|94/100|[from] Stealth Rock
|move|p1a: Ursaluna|Facade|p2a: Quagsire
|-damage|p2a: Quagsire|39/100
|-damage|p1a: Ursaluna|84/100 brn|[from] item: Rocky Helmet|[of] p2a: Quagsire
|
|-damage|p1a: Ursaluna|78/100 brn|[from] brn
|-fieldend|move: Trick Room
|upkeep
|turn|6
|
|t:|1758993022
|move|p2a: Quagsire|Recover|p2a: Quagsire
|-heal|p2a: Quagsire|89/100
|move|p1a: Ursaluna|Facade|p2a: Quagsire
|-damage|p2a: Quagsire|33/100
|-damage|p1a: Ursaluna|61/100 brn|[from] item: Rocky Helmet|[of] p2a: Quagsire
|
|-damage|p1a: Ursaluna|55/100 brn|[from] brn
|upkeep
|turn|7
|
|t:|1758993038
|switch|p1a: Cresselia|Cresselia, F|100/100
|move|p2a: Quagsire|Recover|p2a: Quagsire
|-heal|p2a: Quagsire|83/100
|
|upkeep
|turn|8
|
|t:|1758993045
|move|p2a: Quagsire|Stealth Rock|p1a: Cresselia
|-sidestart|p1: frankjob|move: Stealth Rock
|move|p1a: Cresselia|Trick Room|p1a: Cresselia
|-fieldstart|move: Trick Room|[of] p1a: Cresselia
|
|upkeep
|turn|9
|
|t:|1758993069
|move|p2a: Quagsire|Recover|p2a: Quagsire
|-heal|p2a: Quagsire|100/100
|move|p1a: Cresselia|Ice Beam|p2a: Quagsire
|-damage|p2a: Quagsire|82/100
|
|upkeep
|turn|10
|
|t:|1758993075
|move|p2a: Quagsire|Toxic|p1a: Cresselia|[miss]
|-miss|p2a: Quagsire|p1a: Cresselia
|move|p1a: Cresselia|Ice Beam|p2a: Quagsire
|-damage|p2a: Quagsire|62/100
|
|upkeep
|turn|11
|
|t:|1758993082
|switch|p1a: Ursaluna|Ursaluna, F|55/100 brn
|-damage|p1a: Ursaluna|49/100 brn|[from] Stealth Rock
|move|p2a: Quagsire|Recover|p2a: Quagsire
|-heal|p2a: Quagsire|100/100
|
|-damage|p1a: Ursaluna|42/100 brn|[from] brn
|upkeep
|turn|12
|
|t:|1758993091
|-terastallize|p1a: Ursaluna|Normal
|move|p1a: Ursaluna|Facade|p2a: Quagsire
|-damage|p2a: Quagsire|0 fnt
|-damage|p1a: Ursaluna|26/100 brn|[from] item: Rocky Helmet|[of] p2a: Quagsire
|faint|p2a: Quagsire
|
|-damage|p1a: Ursaluna|19/100 brn|[from] brn
|-fieldend|move: Trick Room
|upkeep
|
|t:|1758993104
|switch|p2a: Garchomp|Garchomp, F|100/100
|-damage|p2a: Garchomp|94/100|[from] Stealth Rock
|turn|13
|
|t:|1758993117
|switch|p1a: Cresselia|Cresselia, F|100/100
|-damage|p1a: Cresselia|88/100|[from] Stealth Rock
|move|p2a: Garchomp|Earthquake|p1a: Cresselia
|-immune|p1a: Cresselia|[from] ability: Levitate
|
|upkeep
|turn|14
|
|t:|1758993126
|move|p2a: Garchomp|Spikes|p1a: Cresselia
|-sidestart|p1: frankjob|Spikes
|move|p1a: Cresselia|Trick Room|p1a: Cresselia
|-fieldstart|move: Trick Room|[of] p1a: Cresselia
|
|upkeep
|turn|15
|
|t:|1758993130
|move|p1a: Cresselia|Ice Beam|p2a: Garchomp
|-supereffective|p2a: Garchomp
|-damage|p2a: Garchomp|35/100
|move|p2a: Garchomp|Spikes|p1a: Cresselia
|-sidestart|p1: frankjob|Spikes
|
|upkeep
|turn|16
|
|t:|1758993137
|move|p1a: Cresselia|Ice Beam|p2a: Garchomp
|-supereffective|p2a: Garchomp
|-damage|p2a: Garchomp|0 fnt
|faint|p2a: Garchomp
|
|upkeep
|
|t:|1758993145
|switch|p2a: Muk|Muk-Alola, F|93/100
|-damage|p2a: Muk|80/100|[from] Stealth Rock
|turn|17
|
|t:|1758993157
|-terastallize|p2a: Muk|Dark
|move|p2a: Muk|Knock Off|p1a: Cresselia
|-supereffective|p1a: Cresselia
|-damage|p1a: Cresselia|42/100
|-status|p1a: Cresselia|psn|[from] ability: Poison Touch|[of] p2a: Muk
|-enditem|p1a: Cresselia|Mental Herb|[from] move: Knock Off|[of] p2a: Muk
|move|p1a: Cresselia|Ice Beam|p2a: Muk
|-damage|p2a: Muk|74/100
|
|-damage|p1a: Cresselia|30/100 psn|[from] psn
|upkeep
|turn|18
|
|t:|1758993171
|move|p2a: Muk|Knock Off|p1a: Cresselia
|-supereffective|p1a: Cresselia
|-damage|p1a: Cresselia|0 fnt
|faint|p1a: Cresselia
|
|-fieldend|move: Trick Room
|upkeep
|
|t:|1758993190
|switch|p1a: Kingambit|Kingambit, M|100/100
|-damage|p1a: Kingambit|94/100|[from] Stealth Rock
|-damage|p1a: Kingambit|78/100|[from] Spikes
|-activate|p1a: Kingambit|ability: Supreme Overlord
|-start|p1a: Kingambit|fallen2|[silent]
|turn|19
|
|t:|1758993198
|move|p2a: Muk|Drain Punch|p1a: Kingambit
|-supereffective|p1a: Kingambit
|-damage|p1a: Kingambit|29/100
|-heal|p2a: Muk|98/100|[from] drain|[of] p1a: Kingambit
|move|p1a: Kingambit|Iron Head|p2a: Muk
|-damage|p2a: Muk|39/100
|
|upkeep
|turn|20
|
|t:|1758993217
|move|p1a: Kingambit|Sucker Punch|p2a: Muk
|-resisted|p2a: Muk
|-damage|p2a: Muk|7/100
|move|p2a: Muk|Drain Punch|p1a: Kingambit
|-supereffective|p1a: Kingambit
|-damage|p1a: Kingambit|0 fnt
|-heal|p2a: Muk|21/100|[from] drain|[of] p1a: Kingambit
|faint|p1a: Kingambit
|-end|p1a: Kingambit|fallen2|[silent]
|
|upkeep
|
|t:|1758993225
|switch|p1a: Raging Bolt|Raging Bolt|100/100
|-damage|p1a: Raging Bolt|88/100|[from] Stealth Rock
|-damage|p1a: Raging Bolt|72/100|[from] Spikes
|-enditem|p1a: Raging Bolt|Booster Energy
|-activate|p1a: Raging Bolt|ability: Protosynthesis|[fromitem]
|-start|p1a: Raging Bolt|protosynthesisspa
|turn|21
|l|☆galladeyaoi
|inactive|galladeyaoi disconnected and has a minute to reconnect!
|player|p2|
|j|☆galladeyaoi
|inactive|galladeyaoi reconnected and has 125 seconds left.
|player|p2|galladeyaoi|pokefanf-gen2|
|inactive|galladeyaoi has 120 seconds left.
|
|t:|1758993258
|move|p1a: Raging Bolt|Volt Switch|p2a: Muk
|-damage|p2a: Muk|0 fnt
|faint|p2a: Muk
|
|t:|1758993263
|-end|p1a: Raging Bolt|Protosynthesis|[silent]
|switch|p1a: Hatterene|Hatterene, F|100/100|[from] Volt Switch
|-damage|p1a: Hatterene|88/100|[from] Stealth Rock
|-damage|p1a: Hatterene|72/100|[from] Spikes
|
|upkeep
|
|t:|1758993272
|switch|p2a: Weezing|Weezing-Galar, F|100/100
|-ability|p2a: Weezing|Neutralizing Gas
|-damage|p2a: Weezing|88/100|[from] Stealth Rock
|turn|22
|
|t:|1758993277
|move|p2a: Weezing|Defog|p1a: Hatterene
|-unboost|p1a: Hatterene|evasion|1
|-sideend|p1: frankjob|Spikes|[from] move: Defog|[of] p2a: Weezing
|-sideend|p1: frankjob|Stealth Rock|[from] move: Defog|[of] p2a: Weezing
|-sideend|p2: galladeyaoi|Stealth Rock|[from] move: Defog|[of] p2a: Weezing
|move|p1a: Hatterene|Trick Room|p1a: Hatterene
|-fieldstart|move: Trick Room|[of] p1a: Hatterene
|
|-heal|p2a: Weezing|94/100|[from] item: Leftovers
|upkeep
|turn|23
|
|t:|1758993287
|move|p1a: Hatterene|Psyshock|p2a: Weezing
|-supereffective|p2a: Weezing
|-damage|p2a: Weezing|27/100
|move|p2a: Weezing|Sludge Bomb|p1a: Hatterene
|-supereffective|p1a: Hatterene
|-damage|p1a: Hatterene|19/100
|
|-heal|p2a: Weezing|33/100|[from] item: Leftovers
|upkeep
|turn|24
|c|☆galladeyaoi|I may have just threw haha I thought you were healing wish
|inactive|galladeyaoi has 120 seconds left.
|
|t:|1758993313
|move|p1a: Hatterene|Mystical Fire|p2a: Weezing
|-damage|p2a: Weezing|0 fnt
|faint|p2a: Weezing
|-end|p2a: Weezing|ability: Neutralizing Gas
|
|upkeep
|inactive|galladeyaoi has 120 seconds left.
|
|t:|1758993319
|switch|p2a: Landorus|Landorus-Therian, M|7/100
|-ability|p2a: Landorus|Intimidate|boost
|-unboost|p1a: Hatterene|atk|1
|turn|25
|
|t:|1758993326
|switch|p2a: Hoopa|Hoopa-Unbound|100/100
|move|p1a: Hatterene|Dazzling Gleam|p2a: Hoopa
|-supereffective|p2a: Hoopa
|-damage|p2a: Hoopa|62/100
|
|upkeep
|turn|26
|
|t:|1758993354
|move|p1a: Hatterene|Dazzling Gleam|p2a: Hoopa
|-supereffective|p2a: Hoopa
|-damage|p2a: Hoopa|22/100
|move|p2a: Hoopa|Knock Off|p1a: Hatterene
|-damage|p1a: Hatterene|0 fnt
|-enditem|p1a: Hatterene|Focus Sash|[from] move: Knock Off|[of] p2a: Hoopa
|faint|p1a: Hatterene
|
|-fieldend|move: Trick Room
|upkeep
|
|t:|1758993362
|switch|p1a: Raging Bolt|Raging Bolt|72/100
|turn|27
|inactive|frankjob has 120 seconds left.
|
|t:|1758993379
|move|p1a: Raging Bolt|Thunderclap|p2a: Hoopa
|-damage|p2a: Hoopa|6/100
|move|p2a: Hoopa|Psychic Noise|p1a: Raging Bolt
|-damage|p1a: Raging Bolt|37/100
|-start|p1a: Raging Bolt|move: Heal Block
|
|upkeep
|turn|28
|inactive|frankjob has 120 seconds left.
|
|t:|1758993392
|move|p1a: Raging Bolt|Thunderclap|p2a: Hoopa
|-damage|p2a: Hoopa|0 fnt
|faint|p2a: Hoopa
|
|-end|p1a: Raging Bolt|move: Heal Block
|upkeep
|c|☆galladeyaoi|All comes down to my miss chance now lol
|
|t:|1758993405
|switch|p2a: Landorus|Landorus-Therian, M|7/100
|-ability|p2a: Landorus|Intimidate|boost
|-unboost|p1a: Raging Bolt|atk|1
|turn|29
|
|t:|1758993414
|move|p2a: Landorus|Sandsear Storm|p1a: Raging Bolt|[miss]
|-miss|p2a: Landorus|p1a: Raging Bolt
|move|p1a: Raging Bolt|Dragon Pulse|p2a: Landorus
|-damage|p2a: Landorus|0 fnt
|faint|p2a: Landorus
|
|win|frankjob
|raw|frankjob's rating: 1496 &rarr; <strong>1515</strong><br />(+19 for winning)
|raw|galladeyaoi's rating: 1470 &rarr; <strong>1451</strong><br />(-19 for losing)
|c|☆galladeyaoi|Gg!
|c|☆frankjob|gg
|l|☆galladeyaoi
|player|p2|
|l|☆frankjob
|player|p1|
