|j|☆Mayleene Harpy
|j|☆estosnueses
|t:|1758952110
|gametype|singles
|player|p1|Mayleene Harpy|cheryl|1020
|player|p2|estosnueses|169|1080
|gen|9
|tier|[Gen 9] OU
|rated|
|rule|HP Percentage Mod: HP is shown in percentages
|rule|Endless Battle Clause: Forcing endless battles is banned
|rule|Species Clause: Limit one of each Pokémon
|rule|OHKO Clause: OHKO moves are banned
|rule|Evasion Items Clause: Evasion items are banned
|rule|Evasion Moves Clause: Evasion moves are banned
|rule|Evasion Abilities Clause: Evasion abilities are banned
|rule|Sleep Moves Clause: Sleep-inducing moves are banned
|clearpoke
|poke|p1|Dragalge, M|
|poke|p1|Alcremie-Matcha-Cream, F|
|poke|p1|Corviknight, M|
|poke|p1|Donphan, M|
|poke|p1|Blaziken, F|
|poke|p1|Mismagius, F|
|poke|p2|Samurott-Hisui, M|
|poke|p2|Goodra-Hisui, F|
|poke|p2|Arcanine-Hisui, M|
|poke|p2|Ogerpon, F|
|poke|p2|Sandy Shocks|
|poke|p2|Froslass, F|
|teampreview
|inactive|Battle timer is ON: inactive players will automatically lose when time's up. (requested by Mayleene Harpy)
|
|t:|1758952116
|teamsize|p1|6
|teamsize|p2|6
|start
|switch|p1a: Donphan|Donphan, M|100/100
|switch|p2a: Froslass|Froslass, F|100/100
|turn|1
|
|t:|1758952124
|move|p2a: Froslass|Taunt|p1a: Donphan
|-start|p1a: Donphan|move: Taunt
|cant|p1a: Donphan|move: Taunt|Stealth Rock
|
|upkeep
|turn|2
|
|t:|1758952141
|switch|p2a: Samurott|Samurott-Hisui, M, shiny|100/100
|move|p1a: Donphan|Earthquake|p2a: Samurott
|-damage|p2a: Samurott|52/100
|
|upkeep
|turn|3
|
|t:|1758952148
|move|p2a: Samurott|Ceaseless Edge|p1a: Donphan
|-damage|p1a: Donphan|75/100
|-sidestart|p1: Mayleene Harpy|Spikes
|-enditem|p1a: Donphan|Red Card|[of] p2a: Samurott
|drag|p2a: Sandy Shocks|Sandy Shocks, shiny|100/100
|-enditem|p2a: Sandy Shocks|Booster Energy
|-activate|p2a: Sandy Shocks|ability: Protosynthesis|[fromitem]
|-start|p2a: Sandy Shocks|protosynthesisspa
|move|p1a: Donphan|Body Press|p2a: Sandy Shocks
|-damage|p2a: Sandy Shocks|66/100
|
|-end|p1a: Donphan|move: Taunt
|upkeep
|turn|4
|
|t:|1758952161
|-terastallize|p2a: Sandy Shocks|Ice
|move|p2a: Sandy Shocks|Tera Blast|p1a: Donphan|[anim] Tera Blast Ice
|-supereffective|p1a: Donphan
|-damage|p1a: Donphan|0 fnt
|faint|p1a: Donphan
|
|upkeep
|
|t:|1758952167
|switch|p1a: Blaziken|Blaziken, F, shiny|100/100
|-damage|p1a: Blaziken|88/100|[from] Spikes
|turn|5
|
|t:|1758952176
|-end|p2a: Sandy Shocks|Protosynthesis|[silent]
|switch|p2a: Froslass|Froslass, F|100/100
|move|p1a: Blaziken|Focus Energy|p1a: Blaziken
|-start|p1a: Blaziken|move: Focus Energy
|
|-ability|p1a: Blaziken|Speed Boost|boost
|-boost|p1a: Blaziken|spe|1
|upkeep
|turn|6
|
|t:|1758952182
|move|p1a: Blaziken|Protect|p1a: Blaziken
|-singleturn|p1a: Blaziken|Protect
|move|p2a: Froslass|Destiny Bond|p2a: Froslass
|-singlemove|p2a: Froslass|Destiny Bond
|
|-ability|p1a: Blaziken|Speed Boost|boost
|-boost|p1a: Blaziken|spe|1
|upkeep
|turn|7
|
|t:|1758952192
|switch|p1a: Alcremie|Alcremie-Matcha-Cream, F|100/100
|-damage|p1a: Alcremie|88/100|[from] Spikes
|move|p2a: Froslass|Haze|p2a: Froslass
|-clearallboost
|
|-heal|p1a: Alcremie|94/100|[from] item: Leftovers
|upkeep
|turn|8
|
|t:|1758952197
|move|p2a: Froslass|Taunt|p1a: Alcremie
|-block|p1a: Alcremie|ability: Aroma Veil|[of] p1a: Alcremie
|move|p1a: Alcremie|Draining Kiss|p2a: Froslass
|-damage|p2a: Froslass|73/100
|-heal|p1a: Alcremie|100/100|[from] drain|[of] p2a: Froslass
|
|-heal|p2a: Froslass|80/100|[from] item: Leftovers
|upkeep
|turn|9
|
|t:|1758952208
|switch|p2a: Arcanine|Arcanine-Hisui, M, shiny|100/100
|move|p1a: Alcremie|Draining Kiss|p2a: Arcanine
|-resisted|p2a: Arcanine
|-damage|p2a: Arcanine|90/100
|
|upkeep
|turn|10
|
|t:|1758952217
|switch|p1a: Dragalge|Dragalge, M|100/100
|-damage|p1a: Dragalge|88/100|[from] Spikes
|move|p2a: Arcanine|Head Smash|p1a: Dragalge
|-damage|p1a: Dragalge|5/100
|-damage|p2a: Arcanine|73/100|[from] item: Rocky Helmet|[of] p1a: Dragalge
|-status|p2a: Arcanine|psn|[from] ability: Poison Point|[of] p1a: Dragalge
|
|-damage|p2a: Arcanine|61/100 psn|[from] psn
|upkeep
|turn|11
|
|t:|1758952222
|move|p2a: Arcanine|Extreme Speed|p1a: Dragalge
|-damage|p1a: Dragalge|0 fnt
|-damage|p2a: Arcanine|44/100 psn|[from] item: Rocky Helmet|[of] p1a: Dragalge
|faint|p1a: Dragalge
|
|-damage|p2a: Arcanine|32/100 psn|[from] psn
|upkeep
|
|t:|1758952229
|switch|p1a: Corviknight|Corviknight, M, shiny|100/100
|turn|12
|
|t:|1758952236
|-terastallize|p1a: Corviknight|Rock
|move|p2a: Arcanine|Will-O-Wisp|p1a: Corviknight
|-status|p1a: Corviknight|brn
|move|p1a: Corviknight|Agility|p1a: Corviknight
|-boost|p1a: Corviknight|spe|2
|
|-damage|p2a: Arcanine|19/100 psn|[from] psn
|-damage|p1a: Corviknight|94/100 brn|[from] brn
|upkeep
|turn|13
|
|t:|1758952244
|move|p1a: Corviknight|Hone Claws|p1a: Corviknight
|-boost|p1a: Corviknight|atk|1
|-boost|p1a: Corviknight|accuracy|1
|move|p2a: Arcanine|Head Smash|p1a: Corviknight
|-damage|p1a: Corviknight|29/100 brn
|-enditem|p1a: Corviknight|Kee Berry|[eat]
|-boost|p1a: Corviknight|def|1|[from] item: Kee Berry
|
|-damage|p2a: Arcanine|7/100 psn|[from] psn
|-damage|p1a: Corviknight|23/100 brn|[from] brn
|upkeep
|turn|14
|
|t:|1758952258
|move|p2a: Arcanine|Extreme Speed|p1a: Corviknight
|-resisted|p1a: Corviknight
|-damage|p1a: Corviknight|14/100 brn
|move|p1a: Corviknight|Power Trip|p2a: Arcanine
|-damage|p2a: Arcanine|0 fnt
|faint|p2a: Arcanine
|
|-damage|p1a: Corviknight|8/100 brn|[from] brn
|upkeep
|
|t:|1758952268
|switch|p2a: Samurott|Samurott-Hisui, M, shiny|52/100
|turn|15
|
|t:|1758952273
|move|p2a: Samurott|Sucker Punch|p1a: Corviknight
|-damage|p1a: Corviknight|0 fnt
|faint|p1a: Corviknight
|
|upkeep
|
|t:|1758952281
|switch|p1a: Mismagius|Mismagius, F, shiny|100/100
|turn|16
|
|t:|1758952287
|move|p1a: Mismagius|Will-O-Wisp|p2a: Samurott
|-status|p2a: Samurott|brn
|move|p2a: Samurott|Knock Off|p1a: Mismagius
|-supereffective|p1a: Mismagius
|-damage|p1a: Mismagius|17/100
|-enditem|p1a: Mismagius|Spell Tag|[from] move: Knock Off|[of] p2a: Samurott
|
|-damage|p2a: Samurott|46/100 brn|[from] brn
|upkeep
|turn|17
|
|t:|1758952298
|switch|p1a: Blaziken|Blaziken, F, shiny|88/100
|-damage|p1a: Blaziken|76/100|[from] Spikes
|move|p2a: Samurott|Razor Shell|p1a: Blaziken
|-supereffective|p1a: Blaziken
|-damage|p1a: Blaziken|0 fnt
|faint|p1a: Blaziken
|
|-damage|p2a: Samurott|39/100 brn|[from] brn
|upkeep
|-message|Mayleene Harpy forfeited.
|
|win|estosnueses
|raw|Mayleene Harpy's rating: 1020 &rarr; <strong>1009</strong><br />(-11 for losing)
|raw|estosnueses's rating: 1080 &rarr; <strong>1103</strong><br />(+23 for winning)
|l|☆Mayleene Harpy
|player|p1|
