|j|☆Obito 2001
|j|☆knock the pex
|t:|1759054336
|gametype|singles
|player|p1|Obito 2001|blue-gen3two|1738
|player|p2|knock the pex|swimmer|1738
|gen|9
|tier|[Gen 9] OU
|rated|
|rule|HP Percentage Mod: HP is shown in percentages
|rule|Endless Battle Clause: Forcing endless battles is banned
|rule|Species Clause: Limit one of each Pokémon
|rule|OHKO Clause: OHKO moves are banned
|rule|Evasion Items Clause: Evasion items are banned
|rule|Evasion Moves Clause: Evasion moves are banned
|rule|Evasion Abilities Clause: Evasion abilities are banned
|rule|Sleep Moves Clause: Sleep-inducing moves are banned
|clearpoke
|poke|p1|Kingambit, F|
|poke|p1|Garganacl, F|
|poke|p1|Torkoal, M|
|poke|p1|Slither Wing|
|poke|p1|Raging Bolt|
|poke|p1|Dragapult, F|
|poke|p2|Heatran, F|
|poke|p2|Gliscor, M|
|poke|p2|Kyurem|
|poke|p2|Hatterene, F|
|poke|p2|Tornadus-Therian, M|
|poke|p2|Zamazenta-*|
|teampreview
|inactive|Battle timer is ON: inactive players will automatically lose when time's up. (requested by Obito 2001)
|
|t:|1759054358
|teamsize|p1|6
|teamsize|p2|6
|start
|switch|p1a: DraGhost|Dragapult, F|100/100
|switch|p2a: Tornadus|Tornadus-Therian, M|100/100
|turn|1
|
|t:|1759054363
|move|p1a: DraGhost|Dragon Darts|p2a: Tornadus
|-damage|p2a: Tornadus|69/100
|-anim|p1a: DraGhost|Dragon Darts|p2a: Tornadus
|-damage|p2a: Tornadus|39/100
|-damage|p1a: DraGhost|91/100|[from] item: Life Orb
|move|p2a: Tornadus|Knock Off|p1a: DraGhost
|-supereffective|p1a: DraGhost
|-damage|p1a: DraGhost|40/100
|-enditem|p1a: DraGhost|Life Orb|[from] move: Knock Off|[of] p2a: Tornadus
|
|upkeep
|turn|2
|
|t:|1759054370
|switch|p2a: Heatran|Heatran, F|100/100
|move|p1a: DraGhost|Shadow Ball|p2a: Heatran
|-crit|p2a: Heatran
|-damage|p2a: Heatran|71/100
|-unboost|p2a: Heatran|spd|1
|
|-heal|p2a: Heatran|77/100|[from] item: Leftovers
|upkeep
|turn|3
|
|t:|1759054378
|switch|p2a: Tornadus|Tornadus-Therian, M|72/100
|move|p1a: DraGhost|Shadow Ball|p2a: Tornadus
|-damage|p2a: Tornadus|49/100
|
|upkeep
|turn|4
|
|t:|1759054383
|switch|p2a: Heatran|Heatran, F|77/100
|move|p1a: DraGhost|Dragon Darts|p2a: Heatran
|-resisted|p2a: Heatran
|-damage|p2a: Heatran|68/100
|-anim|p1a: DraGhost|Dragon Darts|p2a: Heatran
|-resisted|p2a: Heatran
|-damage|p2a: Heatran|59/100
|
|-heal|p2a: Heatran|66/100|[from] item: Leftovers
|upkeep
|turn|5
|
|t:|1759054396
|switch|p1a: Ban Dragonite|Raging Bolt|100/100
|move|p2a: Heatran|Earth Power|p1a: Ban Dragonite
|-supereffective|p1a: Ban Dragonite
|-damage|p1a: Ban Dragonite|49/100
|
|-heal|p1a: Ban Dragonite|55/100|[from] item: Leftovers
|-heal|p2a: Heatran|72/100|[from] item: Leftovers
|upkeep
|turn|6
|
|t:|1759054404
|move|p1a: Ban Dragonite|Calm Mind|p1a: Ban Dragonite
|-boost|p1a: Ban Dragonite|spa|1
|-boost|p1a: Ban Dragonite|spd|1
|move|p2a: Heatran|Earth Power|p1a: Ban Dragonite
|-supereffective|p1a: Ban Dragonite
|-damage|p1a: Ban Dragonite|24/100
|
|-heal|p1a: Ban Dragonite|30/100|[from] item: Leftovers
|-heal|p2a: Heatran|78/100|[from] item: Leftovers
|upkeep
|turn|7
|
|t:|1759054409
|switch|p2a: Gliscor|Gliscor, M|100/100
|move|p1a: Ban Dragonite|Thunderbolt|p2a: Gliscor
|-immune|p2a: Gliscor
|
|-heal|p1a: Ban Dragonite|36/100|[from] item: Leftovers
|-status|p2a: Gliscor|tox|[from] item: Toxic Orb
|upkeep
|turn|8
|
|t:|1759054415
|move|p1a: Ban Dragonite|Dragon Pulse|p2a: Gliscor
|-damage|p2a: Gliscor|36/100 tox
|move|p2a: Gliscor|Toxic|p1a: Ban Dragonite
|-status|p1a: Ban Dragonite|tox
|
|-heal|p1a: Ban Dragonite|42/100 tox|[from] item: Leftovers
|-damage|p1a: Ban Dragonite|36/100 tox|[from] psn
|-heal|p2a: Gliscor|48/100 tox|[from] ability: Poison Heal
|upkeep
|turn|9
|
|t:|1759054418
|move|p2a: Gliscor|Protect|p2a: Gliscor
|-singleturn|p2a: Gliscor|Protect
|move|p1a: Ban Dragonite|Calm Mind|p1a: Ban Dragonite
|-boost|p1a: Ban Dragonite|spa|1
|-boost|p1a: Ban Dragonite|spd|1
|
|-heal|p1a: Ban Dragonite|42/100 tox|[from] item: Leftovers
|-damage|p1a: Ban Dragonite|30/100 tox|[from] psn
|-heal|p2a: Gliscor|61/100 tox|[from] ability: Poison Heal
|upkeep
|turn|10
|
|t:|1759054426
|switch|p2a: Hatterene|Hatterene, F|100/100
|move|p1a: Ban Dragonite|Thunderbolt|p2a: Hatterene
|-damage|p2a: Hatterene|0 fnt
|faint|p2a: Hatterene
|
|-heal|p1a: Ban Dragonite|36/100 tox|[from] item: Leftovers
|-damage|p1a: Ban Dragonite|18/100 tox|[from] psn
|upkeep
|
|t:|1759054433
|switch|p2a: Gliscor|Gliscor, M|61/100 tox
|turn|11
|
|t:|1759054442
|-end|p1a: Ban Dragonite|Protosynthesis|[silent]
|switch|p1a: Torkoal|Torkoal, M|100/100
|-weather|SunnyDay|[from] ability: Drought|[of] p1a: Torkoal
|move|p2a: Gliscor|Protect||[still]
|-fail|p2a: Gliscor
|
|-weather|SunnyDay|[upkeep]
|-heal|p2a: Gliscor|73/100 tox|[from] ability: Poison Heal
|upkeep
|turn|12
|
|t:|1759054446
|move|p2a: Gliscor|Spikes|p1a: Torkoal
|-sidestart|p1: Obito 2001|Spikes
|move|p1a: Torkoal|Stealth Rock|p2a: Gliscor
|-sidestart|p2: knock the pex|move: Stealth Rock
|
|-weather|SunnyDay|[upkeep]
|-heal|p2a: Gliscor|86/100 tox|[from] ability: Poison Heal
|upkeep
|turn|13
|
|t:|1759054450
|switch|p1a: Titan|Garganacl, F|100/100
|-damage|p1a: Titan|88/100|[from] Spikes
|move|p2a: Gliscor|Spikes|p1a: Titan
|-sidestart|p1: Obito 2001|Spikes
|
|-weather|SunnyDay|[upkeep]
|-heal|p1a: Titan|94/100|[from] item: Leftovers
|-heal|p2a: Gliscor|98/100 tox|[from] ability: Poison Heal
|upkeep
|turn|14
|
|t:|1759054456
|move|p2a: Gliscor|Spikes|p1a: Titan
|-sidestart|p1: Obito 2001|Spikes
|move|p1a: Titan|Salt Cure|p2a: Gliscor
|-damage|p2a: Gliscor|88/100 tox
|-start|p2a: Gliscor|Salt Cure
|
|-weather|SunnyDay|[upkeep]
|-heal|p1a: Titan|100/100|[from] item: Leftovers
|-heal|p2a: Gliscor|99/100 tox|[from] ability: Poison Heal
|-damage|p2a: Gliscor|88/100 tox|[from] Salt Cure
|upkeep
|turn|15
|
|t:|1759054463
|move|p2a: Gliscor|U-turn|p1a: Titan
|-damage|p1a: Titan|92/100
|
|t:|1759054466
|switch|p2a: Tornadus|Tornadus-Therian, M|82/100|[from] U-turn
|-damage|p2a: Tornadus|57/100|[from] Stealth Rock
|move|p1a: Titan|Salt Cure|p2a: Tornadus
|-supereffective|p2a: Tornadus
|-damage|p2a: Tornadus|27/100
|-start|p2a: Tornadus|Salt Cure
|
|-weather|none
|-heal|p1a: Titan|98/100|[from] item: Leftovers
|-damage|p2a: Tornadus|15/100|[from] Salt Cure
|upkeep
|turn|16
|
|t:|1759054469
|move|p1a: Titan|Protect|p1a: Titan
|-singleturn|p1a: Titan|Protect
|move|p2a: Tornadus|Knock Off|p1a: Titan
|-activate|p1a: Titan|move: Protect
|
|-heal|p1a: Titan|100/100|[from] item: Leftovers
|-damage|p2a: Tornadus|2/100|[from] Salt Cure
|upkeep
|turn|17
|
|t:|1759054472
|switch|p1a: Ban Dragonite|Raging Bolt|18/100 tox
|-damage|p1a: Ban Dragonite|0 fnt|[from] Spikes
|faint|p1a: Ban Dragonite
|-end|p1a: Ban Dragonite|Protosynthesis|[silent]
|move|p2a: Tornadus|U-turn|p1: Ban Dragonite|[notarget]
|-fail|p2a: Tornadus
|
|-damage|p2a: Tornadus|0 fnt|[from] Salt Cure
|faint|p2a: Tornadus
|upkeep
|
|t:|1759054476
|switch|p2a: Kyurem|Kyurem|100/100
|switch|p1a: Torkoal|Torkoal, M|100/100
|-damage|p2a: Kyurem|76/100|[from] Stealth Rock
|-ability|p2a: Kyurem|Pressure
|-weather|SunnyDay|[from] ability: Drought|[of] p1a: Torkoal
|turn|18
|
|t:|1759054483
|-terastallize|p2a: Kyurem|Ground
|move|p2a: Kyurem|Earth Power|p1a: Torkoal
|-supereffective|p1a: Torkoal
|-damage|p1a: Torkoal|0 fnt
|faint|p1a: Torkoal
|
|-weather|SunnyDay|[upkeep]
|-heal|p2a: Kyurem|82/100|[from] item: Leftovers
|upkeep
|
|t:|1759054490
|switch|p1a: Volcrona|Slither Wing|100/100
|-damage|p1a: Volcrona|76/100|[from] Spikes
|-activate|p1a: Volcrona|ability: Protosynthesis
|-start|p1a: Volcrona|protosynthesisatk
|turn|19
|
|t:|1759054494
|move|p2a: Kyurem|Protect|p2a: Kyurem
|-singleturn|p2a: Kyurem|Protect
|move|p1a: Volcrona|Close Combat|p2a: Kyurem
|-activate|p2a: Kyurem|move: Protect
|
|-weather|SunnyDay|[upkeep]
|-heal|p2a: Kyurem|88/100|[from] item: Leftovers
|upkeep
|turn|20
|
|t:|1759054497
|switch|p2a: Gliscor|Gliscor, M|88/100 tox
|-damage|p2a: Gliscor|75/100 tox|[from] Stealth Rock
|move|p1a: Volcrona|Close Combat|p2a: Gliscor
|-resisted|p2a: Gliscor
|-damage|p2a: Gliscor|20/100 tox
|-unboost|p1a: Volcrona|def|1
|-unboost|p1a: Volcrona|spd|1
|
|-weather|SunnyDay|[upkeep]
|-heal|p2a: Gliscor|32/100 tox|[from] ability: Poison Heal
|upkeep
|turn|21
|
|t:|1759054521
|move|p2a: Gliscor|Protect|p2a: Gliscor
|-singleturn|p2a: Gliscor|Protect
|move|p1a: Volcrona|Close Combat|p2a: Gliscor
|-activate|p2a: Gliscor|move: Protect
|
|-weather|SunnyDay|[upkeep]
|-heal|p2a: Gliscor|45/100 tox|[from] ability: Poison Heal
|upkeep
|turn|22
|
|t:|1759054524
|move|p1a: Volcrona|Close Combat|p2a: Gliscor
|-resisted|p2a: Gliscor
|-damage|p2a: Gliscor|0 fnt
|-unboost|p1a: Volcrona|def|1
|-unboost|p1a: Volcrona|spd|1
|faint|p2a: Gliscor
|
|-weather|none
|-end|p1a: Volcrona|Protosynthesis
|upkeep
|
|t:|1759054529
|switch|p2a: Kyurem|Kyurem, tera:Ground|88/100
|-damage|p2a: Kyurem|82/100|[from] Stealth Rock
|-ability|p2a: Kyurem|Pressure
|turn|23
|
|t:|1759054534
|move|p2a: Kyurem|Freeze-Dry|p1a: Volcrona
|-damage|p1a: Volcrona|0 fnt
|faint|p1a: Volcrona
|-end|p1a: Volcrona|Protosynthesis|[silent]
|
|-heal|p2a: Kyurem|88/100|[from] item: Leftovers
|upkeep
|
|t:|1759054544
|switch|p1a: DraGhost|Dragapult, F|40/100
|-damage|p1a: DraGhost|15/100|[from] Spikes
|turn|24
|
|t:|1759054554
|move|p2a: Kyurem|Protect|p2a: Kyurem
|-singleturn|p2a: Kyurem|Protect
|move|p1a: DraGhost|Dragon Darts|p2a: Kyurem
|-activate|p2a: Kyurem|move: Protect
|
|-heal|p2a: Kyurem|94/100|[from] item: Leftovers
|upkeep
|turn|25
|
|t:|1759054558
|switch|p2a: Heatran|Heatran, F|78/100
|-damage|p2a: Heatran|66/100|[from] Stealth Rock
|move|p1a: DraGhost|Dragon Darts|p2a: Heatran
|-resisted|p2a: Heatran
|-damage|p2a: Heatran|57/100
|-anim|p1a: DraGhost|Dragon Darts|p2a: Heatran
|-resisted|p2a: Heatran
|-damage|p2a: Heatran|49/100
|
|-heal|p2a: Heatran|55/100|[from] item: Leftovers
|upkeep
|turn|26
|
|t:|1759054564
|move|p1a: DraGhost|Shadow Ball|p2a: Heatran
|-damage|p2a: Heatran|35/100
|move|p2a: Heatran|Stealth Rock|p1a: DraGhost
|-sidestart|p1: Obito 2001|move: Stealth Rock
|
|-heal|p2a: Heatran|41/100|[from] item: Leftovers
|upkeep
|turn|27
|
|t:|1759054571
|move|p1a: DraGhost|Shadow Ball|p2a: Heatran
|-damage|p2a: Heatran|19/100
|-unboost|p2a: Heatran|spd|1
|move|p2a: Heatran|Earth Power|p1a: DraGhost
|-damage|p1a: DraGhost|0 fnt
|faint|p1a: DraGhost
|
|-heal|p2a: Heatran|25/100|[from] item: Leftovers
|upkeep
|
|t:|1759054574
|switch|p1a: Titan|Garganacl, F|100/100
|-damage|p1a: Titan|76/100|[from] Spikes
|-damage|p1a: Titan|63/100|[from] Stealth Rock
|turn|28
|
|t:|1759054577
|move|p1a: Titan|Protect|p1a: Titan
|-singleturn|p1a: Titan|Protect
|move|p2a: Heatran|Earth Power|p1a: Titan
|-activate|p1a: Titan|move: Protect
|
|-heal|p2a: Heatran|31/100|[from] item: Leftovers
|-heal|p1a: Titan|70/100|[from] item: Leftovers
|upkeep
|turn|29
|
|t:|1759054584
|move|p2a: Heatran|Earth Power|p1a: Titan
|-supereffective|p1a: Titan
|-damage|p1a: Titan|26/100
|move|p1a: Titan|Salt Cure|p2a: Heatran
|-damage|p2a: Heatran|19/100
|-start|p2a: Heatran|Salt Cure
|
|-heal|p2a: Heatran|26/100|[from] item: Leftovers
|-heal|p1a: Titan|32/100|[from] item: Leftovers
|-damage|p2a: Heatran|1/100|[from] Salt Cure
|upkeep
|turn|30
|
|t:|1759054594
|move|p2a: Heatran|Lava Plume|p1a: Titan
|-resisted|p1a: Titan
|-damage|p1a: Titan|17/100
|move|p1a: Titan|Recover|p1a: Titan
|-heal|p1a: Titan|67/100
|
|-heal|p2a: Heatran|7/100|[from] item: Leftovers
|-heal|p1a: Titan|73/100|[from] item: Leftovers
|-damage|p2a: Heatran|0 fnt|[from] Salt Cure
|faint|p2a: Heatran
|upkeep
|
|t:|1759054598
|switch|p2a: Kyurem|Kyurem, tera:Ground|94/100
|-damage|p2a: Kyurem|88/100|[from] Stealth Rock
|-ability|p2a: Kyurem|Pressure
|turn|31
|
|t:|1759054602
|move|p2a: Kyurem|Substitute|p2a: Kyurem
|-start|p2a: Kyurem|Substitute
|-damage|p2a: Kyurem|63/100
|move|p1a: Titan|Body Press|p2a: Kyurem
|-end|p2a: Kyurem|Substitute
|
|-heal|p2a: Kyurem|69/100|[from] item: Leftovers
|-heal|p1a: Titan|79/100|[from] item: Leftovers
|upkeep
|turn|32
|
|t:|1759054611
|move|p2a: Kyurem|Protect|p2a: Kyurem
|-singleturn|p2a: Kyurem|Protect
|move|p1a: Titan|Body Press|p2a: Kyurem
|-activate|p2a: Kyurem|move: Protect
|
|-heal|p2a: Kyurem|75/100|[from] item: Leftovers
|-heal|p1a: Titan|85/100|[from] item: Leftovers
|upkeep
|turn|33
|
|t:|1759054614
|move|p2a: Kyurem|Earth Power|p1a: Titan
|-supereffective|p1a: Titan
|-damage|p1a: Titan|9/100
|move|p1a: Titan|Body Press|p2a: Kyurem
|-damage|p2a: Kyurem|46/100
|
|-heal|p2a: Kyurem|52/100|[from] item: Leftovers
|-heal|p1a: Titan|15/100|[from] item: Leftovers
|upkeep
|turn|34
|
|t:|1759054620
|move|p2a: Kyurem|Freeze-Dry|p1a: Titan
|-damage|p1a: Titan|0 fnt
|faint|p1a: Titan
|
|-heal|p2a: Kyurem|58/100|[from] item: Leftovers
|upkeep
|
|t:|1759054622
|switch|p1a: Ban Zamazenta|Kingambit, F, shiny|100/100
|-damage|p1a: Ban Zamazenta|76/100|[from] Spikes
|-damage|p1a: Ban Zamazenta|70/100|[from] Stealth Rock
|-activate|p1a: Ban Zamazenta|ability: Supreme Overlord
|-start|p1a: Ban Zamazenta|fallen5|[silent]
|turn|35
|
|t:|1759054625
|-terastallize|p1a: Ban Zamazenta|Ghost
|move|p2a: Kyurem|Earth Power|p1a: Ban Zamazenta
|-damage|p1a: Ban Zamazenta|21/100
|move|p1a: Ban Zamazenta|Swords Dance|p1a: Ban Zamazenta
|-boost|p1a: Ban Zamazenta|atk|2
|
|-heal|p2a: Kyurem|64/100|[from] item: Leftovers
|-heal|p1a: Ban Zamazenta|27/100|[from] item: Leftovers
|upkeep
|turn|36
|
|t:|1759054631
|move|p2a: Kyurem|Substitute|p2a: Kyurem
|-start|p2a: Kyurem|Substitute
|-damage|p2a: Kyurem|39/100
|move|p1a: Ban Zamazenta|Iron Head|p2a: Kyurem
|-end|p2a: Kyurem|Substitute
|
|-heal|p2a: Kyurem|45/100|[from] item: Leftovers
|-heal|p1a: Ban Zamazenta|33/100|[from] item: Leftovers
|upkeep
|turn|37
|
|t:|1759054636
|move|p2a: Kyurem|Earth Power|p1a: Ban Zamazenta
|-damage|p1a: Ban Zamazenta|0 fnt
|faint|p1a: Ban Zamazenta
|-end|p1a: Ban Zamazenta|fallen5|[silent]
|
|win|knock the pex
|raw|Obito 2001's rating: 1738 &rarr; <strong>1718</strong><br />(-20 for losing)
|raw|knock the pex's rating: 1738 &rarr; <strong>1758</strong><br />(+20 for winning)
|l|☆Obito 2001
|player|p1|
|l|☆knock the pex
|player|p2|
