|j|☆Diegogris@!
|j|☆doodle0205
|t:|1758919423
|gametype|singles
|player|p1|Diegogris|officeworker|1587
|player|p2|doodle0205|102|1667
|gen|9
|tier|[Gen 9] OU
|rated|
|rule|HP Percentage Mod: HP is shown in percentages
|rule|Endless Battle Clause: Forcing endless battles is banned
|rule|Species Clause: Limit one of each Pokémon
|rule|OHKO Clause: OHKO moves are banned
|rule|Evasion Items Clause: Evasion items are banned
|rule|Evasion Moves Clause: Evasion moves are banned
|rule|Evasion Abilities Clause: Evasion abilities are banned
|rule|Sleep Moves Clause: Sleep-inducing moves are banned
|clearpoke
|poke|p1|Great Tusk|
|poke|p1|Heatran, M|
|poke|p1|Weavile, M|
|poke|p1|Primarina, M|
|poke|p1|Ogerpon, F|
|poke|p1|Pecharunt|
|poke|p2|Great Tusk|
|poke|p2|Heatran, M|
|poke|p2|Weavile, M|
|poke|p2|Primarina, M|
|poke|p2|Ogerpon, F|
|poke|p2|Pecharunt|
|teampreview
|j| andrewspo98
|inactive|Battle timer is ON: inactive players will automatically lose when time's up. (requested by doodle0205)
|
|t:|1758919453
|teamsize|p1|6
|teamsize|p2|6
|start
|switch|p1a: Anonymous|Ogerpon, F|100/100
|switch|p2a: Bandit|Weavile, M, shiny|100/100
|-ability|p2a: Bandit|Pressure
|turn|1
|
|t:|1758919471
|switch|p1a: Celestine|Primarina, M, shiny|100/100
|move|p2a: Bandit|Triple Axel|p1a: Celestine
|-resisted|p1a: Celestine
|-damage|p1a: Celestine|91/100
|-resisted|p1a: Celestine
|-damage|p1a: Celestine|73/100
|-resisted|p1a: Celestine
|-damage|p1a: Celestine|47/100
|-hitcount|p1a: Celestine|3
|
|upkeep
|turn|2
|
|t:|1758919485
|switch|p2a: Behemoth|Great Tusk, shiny|100/100
|move|p1a: Celestine|Flip Turn|p2a: Behemoth
|-supereffective|p2a: Behemoth
|-damage|p2a: Behemoth|81/100
|
|t:|1758919497
|switch|p1a: Bandit|Weavile, M, shiny|100/100|[from] Flip Turn
|-ability|p1a: Bandit|Pressure
|
|upkeep
|turn|3
|
|t:|1758919505
|-end|p2a: Behemoth|Protosynthesis|[silent]
|switch|p2a: Overseer|Pecharunt|100/100
|move|p1a: Bandit|Triple Axel|p2a: Overseer
|-damage|p2a: Overseer|94/100
|-damage|p1a: Bandit|84/100|[from] item: Rocky Helmet|[of] p2a: Overseer
|-damage|p2a: Overseer|80/100
|-damage|p1a: Bandit|68/100|[from] item: Rocky Helmet|[of] p2a: Overseer
|-damage|p2a: Overseer|58/100
|-damage|p1a: Bandit|51/100|[from] item: Rocky Helmet|[of] p2a: Overseer
|-hitcount|p2a: Overseer|3
|
|upkeep
|turn|4
|
|t:|1758919518
|switch|p1a: Anonymous|Ogerpon, F|100/100
|move|p2a: Overseer|Parting Shot|p1a: Anonymous
|-unboost|p1a: Anonymous|atk|1
|-ability|p1a: Anonymous|Defiant|boost
|-boost|p1a: Anonymous|atk|2
|-unboost|p1a: Anonymous|spa|1
|-ability|p1a: Anonymous|Defiant|boost
|-boost|p1a: Anonymous|atk|2
|
|t:|1758919521
|switch|p2a: Bandit|Weavile, M, shiny|100/100|[from] Parting Shot
|-ability|p2a: Bandit|Pressure
|
|upkeep
|turn|5
|
|t:|1758919527
|switch|p1a: Chaos|Heatran, M, shiny|100/100
|-item|p1a: Chaos|Air Balloon
|-terastallize|p2a: Bandit|Ice
|move|p2a: Bandit|Ice Shard|p1a: Chaos
|-resisted|p1a: Chaos
|-damage|p1a: Chaos|90/100
|-enditem|p1a: Chaos|Air Balloon
|
|upkeep
|turn|6
|
|t:|1758919530
|switch|p2a: Chaos|Heatran, M, shiny|100/100
|-item|p2a: Chaos|Air Balloon
|move|p1a: Chaos|Stealth Rock|p2a: Chaos
|-sidestart|p2: doodle0205|move: Stealth Rock
|
|upkeep
|turn|7
|
|t:|1758919543
|switch|p1a: Celestine|Primarina, M, shiny|47/100
|move|p2a: Chaos|Stealth Rock|p1a: Celestine
|-sidestart|p1: Diegogris|move: Stealth Rock
|
|upkeep
|turn|8
|
|t:|1758919548
|switch|p2a: Celestine|Primarina, M, shiny|100/100
|-damage|p2a: Celestine|88/100|[from] Stealth Rock
|move|p1a: Celestine|Flip Turn|p2a: Celestine
|-resisted|p2a: Celestine
|-damage|p2a: Celestine|79/100
|
|t:|1758919553
|switch|p1a: Anonymous|Ogerpon, F|100/100|[from] Flip Turn
|-damage|p1a: Anonymous|88/100|[from] Stealth Rock
|
|upkeep
|turn|9
|
|t:|1758919563
|switch|p2a: Overseer|Pecharunt|58/100
|-damage|p2a: Overseer|46/100|[from] Stealth Rock
|move|p1a: Anonymous|U-turn|p2a: Overseer
|-resisted|p2a: Overseer
|-damage|p2a: Overseer|42/100
|-damage|p1a: Anonymous|72/100|[from] item: Rocky Helmet|[of] p2a: Overseer
|
|t:|1758919581
|switch|p1a: Bandit|Weavile, M, shiny|51/100|[from] U-turn
|-damage|p1a: Bandit|26/100|[from] Stealth Rock
|-ability|p1a: Bandit|Pressure
|
|upkeep
|turn|10
|
|t:|1758919590
|move|p1a: Bandit|Knock Off|p2a: Overseer
|-supereffective|p2a: Overseer
|-damage|p2a: Overseer|0 fnt
|-damage|p1a: Bandit|10/100|[from] item: Rocky Helmet|[of] p2a: Overseer
|-enditem|p2a: Overseer|Rocky Helmet|[from] move: Knock Off|[of] p1a: Bandit
|faint|p2a: Overseer
|
|upkeep
|
|t:|1758919594
|switch|p2a: Behemoth|Great Tusk, shiny|81/100
|turn|11
|
|t:|1758919608
|switch|p1a: Behemoth|Great Tusk, shiny|100/100
|move|p2a: Behemoth|Headlong Rush|p1a: Behemoth
|-damage|p1a: Behemoth|54/100
|-unboost|p2a: Behemoth|def|1
|-unboost|p2a: Behemoth|spd|1
|
|upkeep
|turn|12
|
|t:|1758919624
|move|p2a: Behemoth|Rapid Spin|p1a: Behemoth
|-damage|p1a: Behemoth|43/100
|-boost|p2a: Behemoth|spe|1
|-sideend|p2: doodle0205|Stealth Rock|[from] move: Rapid Spin|[of] p2a: Behemoth
|move|p1a: Behemoth|Rapid Spin|p2a: Behemoth
|-damage|p2a: Behemoth|60/100
|-boost|p1a: Behemoth|spe|1
|-sideend|p1: Diegogris|Stealth Rock|[from] move: Rapid Spin|[of] p1a: Behemoth
|
|upkeep
|turn|13
|
|t:|1758919632
|move|p2a: Behemoth|Ice Spinner|p1a: Behemoth
|-supereffective|p1a: Behemoth
|-damage|p1a: Behemoth|4/100
|move|p1a: Behemoth|Close Combat|p2a: Behemoth
|-damage|p2a: Behemoth|0 fnt
|-unboost|p1a: Behemoth|def|1
|-unboost|p1a: Behemoth|spd|1
|faint|p2a: Behemoth
|-end|p2a: Behemoth|Protosynthesis|[silent]
|
|upkeep
|
|t:|1758919636
|switch|p2a: Bandit|Weavile, M, shiny, tera:Ice|100/100
|-ability|p2a: Bandit|Pressure
|turn|14
|inactive|Diegogris has 120 seconds left.
|l| andrewspo98
|
|t:|1758919684
|-end|p1a: Behemoth|Protosynthesis|[silent]
|switch|p1a: Celestine|Primarina, M, shiny|47/100
|move|p2a: Bandit|Ice Shard|p1a: Celestine
|-resisted|p1a: Celestine
|-damage|p1a: Celestine|23/100
|
|upkeep
|turn|15
|
|t:|1758919698
|move|p2a: Bandit|Ice Shard|p1a: Celestine
|-resisted|p1a: Celestine
|-damage|p1a: Celestine|0 fnt
|faint|p1a: Celestine
|
|upkeep
|
|t:|1758919703
|switch|p1a: Chaos|Heatran, M, shiny|90/100
|turn|16
|
|t:|1758919721
|switch|p2a: Chaos|Heatran, M, shiny|100/100
|-item|p2a: Chaos|Air Balloon
|move|p1a: Chaos|Stealth Rock|p2a: Chaos
|-sidestart|p2: doodle0205|move: Stealth Rock
|
|upkeep
|turn|17
|inactive|Diegogris has 120 seconds left.
|
|t:|1758919730
|switch|p1a: Bandit|Weavile, M, shiny|10/100
|-ability|p1a: Bandit|Pressure
|move|p2a: Chaos|Stealth Rock|p1a: Bandit
|-sidestart|p1: Diegogris|move: Stealth Rock
|
|upkeep
|turn|18
|
|t:|1758919740
|switch|p2a: Celestine|Primarina, M, shiny|79/100
|-damage|p2a: Celestine|67/100|[from] Stealth Rock
|move|p1a: Bandit|Knock Off|p2a: Celestine
|-resisted|p2a: Celestine
|-damage|p2a: Celestine|20/100
|-enditem|p2a: Celestine|Assault Vest|[from] move: Knock Off|[of] p1a: Bandit
|
|upkeep
|turn|19
|inactive|Diegogris has 120 seconds left.
|
|t:|1758919761
|switch|p1a: Overseer|Pecharunt|100/100
|-damage|p1a: Overseer|88/100|[from] Stealth Rock
|move|p2a: Celestine|Psychic Noise|p1a: Overseer
|-damage|p1a: Overseer|48/100
|-start|p1a: Overseer|move: Heal Block
|
|upkeep
|turn|20
|
|t:|1758919773
|move|p1a: Overseer|Shadow Ball|p2a: Celestine
|-damage|p2a: Celestine|2/100
|-unboost|p2a: Celestine|spd|1
|move|p2a: Celestine|Whirlpool|p1a: Overseer
|-damage|p1a: Overseer|28/100
|-activate|p1a: Overseer|move: Whirlpool|[of] p2a: Celestine
|
|-damage|p1a: Overseer|16/100|[from] move: Whirlpool|[partiallytrapped]
|-end|p1a: Overseer|move: Heal Block
|upkeep
|turn|21
|
|t:|1758919777
|move|p1a: Overseer|Shadow Ball|p2a: Celestine
|-damage|p2a: Celestine|0 fnt
|faint|p2a: Celestine
|
|-end|p1a: Overseer|Whirlpool|[partiallytrapped]|[silent]
|upkeep
|
|t:|1758919796
|switch|p2a: Bandit|Weavile, M, shiny, tera:Ice|100/100
|-damage|p2a: Bandit|76/100|[from] Stealth Rock
|-ability|p2a: Bandit|Pressure
|turn|22
|
|t:|1758919802
|move|p2a: Bandit|Ice Shard|p1a: Overseer
|-damage|p1a: Overseer|0 fnt
|faint|p1a: Overseer
|
|upkeep
|
|t:|1758919810
|switch|p1a: Chaos|Heatran, M, shiny|90/100
|-damage|p1a: Chaos|78/100|[from] Stealth Rock
|turn|23
|
|t:|1758919823
|switch|p2a: Chaos|Heatran, M, shiny|100/100
|-damage|p2a: Chaos|88/100|[from] Stealth Rock
|-item|p2a: Chaos|Air Balloon
|switch|p1a: Behemoth|Great Tusk, shiny|4/100
|
|upkeep
|turn|24
|l|☆doodle0205
|inactive|doodle0205 disconnected and has a minute to reconnect!
|player|p2|
|inactive|doodle0205 has 30 seconds to reconnect!
|inactive|doodle0205 has 20 seconds to reconnect!
|inactive|doodle0205 has 15 seconds to reconnect!
|inactive|doodle0205 has 10 seconds to reconnect!
|inactive|doodle0205 has 5 seconds to reconnect!
|-message|doodle0205 lost due to inactivity.
|
|win|Diegogris
|raw|Diegogris's rating: 1587 &rarr; <strong>1612</strong><br />(+25 for winning)
|raw|doodle0205's rating: 1667 &rarr; <strong>1642</strong><br />(-25 for losing)
