|j|☆NormalDude1989
|j|☆ripwal11
|t:|1759043195
|gametype|singles
|player|p1|NormalDude1989|emmet|1533
|player|p2|ripwal11|265|1562
|gen|9
|tier|[Gen 9] OU
|rated|
|rule|HP Percentage Mod: HP is shown in percentages
|rule|Endless Battle Clause: Forcing endless battles is banned
|rule|Species Clause: Limit one of each Pokémon
|rule|OHKO Clause: OHKO moves are banned
|rule|Evasion Items Clause: Evasion items are banned
|rule|Evasion Moves Clause: Evasion moves are banned
|rule|Evasion Abilities Clause: Evasion abilities are banned
|rule|Sleep Moves Clause: Sleep-inducing moves are banned
|clearpoke
|poke|p1|Kingambit, M|
|poke|p1|Hatterene, F|
|poke|p1|Cinderace, F|
|poke|p1|Great Tusk|
|poke|p1|Latios, M|
|poke|p1|Zapdos|
|poke|p2|Indeedee, M|
|poke|p2|Hatterene, F|
|poke|p2|Ursaluna, F|
|poke|p2|Iron Hands|
|poke|p2|Hoopa-Unbound|
|poke|p2|Mimikyu, F|
|teampreview
|
|t:|1759043237
|teamsize|p1|6
|teamsize|p2|6
|start
|switch|p1a: Bionic Bunny|Cinderace, F|100/100
|switch|p2a: LEBRON|Iron Hands, shiny|100/100
|-enditem|p2a: LEBRON|Booster Energy
|-activate|p2a: LEBRON|ability: Quark Drive|[fromitem]
|-start|p2a: LEBRON|quarkdriveatk
|turn|1
|
|t:|1759043251
|move|p1a: Bionic Bunny|U-turn|p2a: LEBRON
|-start|p1a: Bionic Bunny|typechange|Bug|[from] ability: Libero
|-resisted|p2a: LEBRON
|-damage|p2a: LEBRON|88/100
|
|t:|1759043255
|switch|p1a: Ivan|Great Tusk|100/100|[from] U-turn
|move|p2a: LEBRON|Close Combat|p1a: Ivan
|-damage|p1a: Ivan|37/100
|-unboost|p2a: LEBRON|def|1
|-unboost|p2a: LEBRON|spd|1
|
|-heal|p1a: Ivan|43/100|[from] item: Leftovers
|upkeep
|turn|2
|
|t:|1759043265
|-terastallize|p2a: LEBRON|Flying
|move|p1a: Ivan|Headlong Rush|p2a: LEBRON
|-immune|p2a: LEBRON
|move|p2a: LEBRON|Ice Punch|p1a: Ivan
|-supereffective|p1a: Ivan
|-damage|p1a: Ivan|0 fnt
|faint|p1a: Ivan
|-end|p1a: Ivan|Protosynthesis|[silent]
|
|upkeep
|
|t:|1759043269
|switch|p1a: Morpho|Zapdos|100/100
|turn|3
|
|t:|1759043277
|move|p1a: Morpho|Discharge|p2a: LEBRON
|-supereffective|p2a: LEBRON
|-damage|p2a: LEBRON|4/100
|-status|p2a: LEBRON|par
|move|p2a: LEBRON|Ice Punch|p1a: Morpho
|-supereffective|p1a: Morpho
|-damage|p1a: Morpho|42/100
|-damage|p2a: LEBRON|0 fnt|[from] item: Rocky Helmet|[of] p1a: Morpho
|faint|p2a: LEBRON
|-end|p2a: LEBRON|Quark Drive|[silent]
|
|upkeep
|
|t:|1759043300
|switch|p2a: Subaru|Indeedee, M, shiny|100/100
|-fieldstart|move: Psychic Terrain|[from] ability: Psychic Surge|[of] p2a: Subaru
|turn|4
|
|t:|1759043305
|switch|p1a: Minerva|Hatterene, F|100/100
|move|p2a: Subaru|Trick Room|p2a: Subaru
|-fieldstart|move: Trick Room|[of] p2a: Subaru
|
|upkeep
|turn|5
|
|t:|1759043312
|switch|p2a: Crashout YN|Ursaluna, F, shiny|100/100
|move|p1a: Minerva|Draining Kiss|p2a: Crashout YN
|-damage|p2a: Crashout YN|75/100
|
|-status|p2a: Crashout YN|brn|[from] item: Flame Orb
|upkeep
|turn|6
|
|t:|1759043316
|switch|p1a: Morpho|Zapdos|42/100
|move|p2a: Crashout YN|Facade|p1a: Morpho
|-damage|p1a: Morpho|0 fnt
|-damage|p2a: Crashout YN|59/100 brn|[from] item: Rocky Helmet|[of] p1a: Morpho
|faint|p1a: Morpho
|
|-damage|p2a: Crashout YN|53/100 brn|[from] brn
|upkeep
|
|t:|1759043330
|switch|p1a: Azure|Latios, M|100/100
|turn|7
|
|t:|1759043334
|switch|p1a: Muramasa|Kingambit, M|100/100
|-activate|p1a: Muramasa|ability: Supreme Overlord
|-start|p1a: Muramasa|fallen2|[silent]
|move|p2a: Crashout YN|Facade|p1a: Muramasa
|-resisted|p1a: Muramasa
|-damage|p1a: Muramasa|52/100
|
|-heal|p1a: Muramasa|58/100|[from] item: Leftovers
|-damage|p2a: Crashout YN|47/100 brn|[from] brn
|upkeep
|turn|8
|
|t:|1759043345
|-end|p1a: Muramasa|fallen2|[silent]
|switch|p1a: Azure|Latios, M|100/100
|move|p2a: Crashout YN|Facade|p1a: Azure
|-damage|p1a: Azure|0 fnt
|faint|p1a: Azure
|
|-damage|p2a: Crashout YN|40/100 brn|[from] brn
|-fieldend|move: Trick Room
|upkeep
|
|t:|1759043359
|switch|p1a: Muramasa|Kingambit, M|58/100
|-activate|p1a: Muramasa|ability: Supreme Overlord
|-start|p1a: Muramasa|fallen3|[silent]
|turn|9
|
|t:|1759043393
|switch|p2a: Mimi|Mimikyu, F, shiny|100/100
|move|p1a: Muramasa|Kowtow Cleave|p2a: Mimi
|-activate|p2a: Mimi|ability: Disguise
|-damage|p2a: Mimi|100/100
|detailschange|p2a: Mimi|Mimikyu-Busted, F, shiny
|-damage|p2a: Mimi|88/100|[from] pokemon: Mimikyu-Busted
|-enditem|p2a: Mimi|Red Card|[of] p1a: Muramasa
|-end|p1a: Muramasa|fallen3|[silent]
|drag|p1a: Minerva|Hatterene, F|100/100
|
|upkeep
|turn|10
|
|t:|1759043406
|move|p1a: Minerva|Nuzzle|p2a: Mimi
|-damage|p2a: Mimi|84/100
|-status|p2a: Mimi|par
|move|p2a: Mimi|Trick Room|p2a: Mimi
|-fieldstart|move: Trick Room|[of] p2a: Mimi
|
|upkeep
|turn|11
|
|t:|1759043447
|switch|p2a: King Von|Hoopa-Unbound|100/100
|-enditem|p2a: King Von|Psychic Seed
|-boost|p2a: King Von|spd|1|[from] item: Psychic Seed
|move|p1a: Minerva|Draining Kiss|p2a: King Von
|-supereffective|p2a: King Von
|-damage|p2a: King Von|76/100
|
|-fieldend|move: Psychic Terrain
|upkeep
|turn|12
|
|t:|1759043459
|move|p1a: Minerva|Nuzzle|p2a: King Von
|-damage|p2a: King Von|71/100
|-status|p2a: King Von|par
|move|p2a: King Von|Hyperspace Fury|p1a: Minerva
|-damage|p1a: Minerva|44/100
|-unboost|p2a: King Von|def|1
|-item|p2a: King Von|Assault Vest|[from] ability: Magician|[of] p1a: Minerva
|
|upkeep
|turn|13
|
|t:|1759043467
|cant|p2a: King Von|par
|move|p1a: Minerva|Draining Kiss|p2a: King Von
|-supereffective|p2a: King Von
|-damage|p2a: King Von|53/100 par
|-heal|p1a: Minerva|60/100|[from] drain|[of] p2a: King Von
|
|upkeep
|turn|14
|
|t:|1759043481
|move|p2a: King Von|Hyperspace Fury|p1a: Minerva
|-damage|p1a: Minerva|9/100
|-unboost|p2a: King Von|def|1
|move|p1a: Minerva|Draining Kiss|p2a: King Von
|-supereffective|p2a: King Von
|-damage|p2a: King Von|34/100 par
|-heal|p1a: Minerva|25/100|[from] drain|[of] p2a: King Von
|
|-fieldend|move: Trick Room
|upkeep
|turn|15
|
|t:|1759043491
|move|p1a: Minerva|Draining Kiss|p2a: King Von
|-supereffective|p2a: King Von
|-damage|p2a: King Von|17/100 par
|-heal|p1a: Minerva|40/100|[from] drain|[of] p2a: King Von
|move|p2a: King Von|Hyperspace Fury|p1a: Minerva
|-damage|p1a: Minerva|0 fnt
|-unboost|p2a: King Von|def|1
|faint|p1a: Minerva
|
|upkeep
|
|t:|1759043503
|switch|p1a: Bionic Bunny|Cinderace, F|100/100
|turn|16
|
|t:|1759043513
|move|p1a: Bionic Bunny|Pyro Ball|p2a: King Von
|-damage|p2a: King Von|0 fnt
|faint|p2a: King Von
|
|upkeep
|
|t:|1759043515
|switch|p2a: Subaru|Indeedee, M, shiny|100/100
|-fieldstart|move: Psychic Terrain|[from] ability: Psychic Surge|[of] p2a: Subaru
|turn|17
|
|t:|1759043519
|move|p1a: Bionic Bunny|U-turn|p2a: Subaru
|-start|p1a: Bionic Bunny|typechange|Bug|[from] ability: Libero
|-supereffective|p2a: Subaru
|-damage|p2a: Subaru|29/100
|
|t:|1759043525
|switch|p1a: Muramasa|Kingambit, M|58/100|[from] U-turn
|-activate|p1a: Muramasa|ability: Supreme Overlord
|-start|p1a: Muramasa|fallen4|[silent]
|move|p2a: Subaru|Trick Room|p2a: Subaru
|-fieldstart|move: Trick Room|[of] p2a: Subaru
|
|-heal|p1a: Muramasa|65/100|[from] item: Leftovers
|upkeep
|turn|18
|
|t:|1759043534
|move|p1a: Muramasa|Kowtow Cleave|p2a: Subaru
|-supereffective|p2a: Subaru
|-damage|p2a: Subaru|0 fnt
|faint|p2a: Subaru
|
|-heal|p1a: Muramasa|71/100|[from] item: Leftovers
|upkeep
|
|t:|1759043541
|switch|p2a: Crashout YN|Ursaluna, F, shiny|40/100 brn
|turn|19
|
|t:|1759043546
|-terastallize|p1a: Muramasa|Water
|move|p2a: Crashout YN|Headlong Rush|p1a: Muramasa
|-damage|p1a: Muramasa|0 fnt
|-unboost|p2a: Crashout YN|def|1
|-unboost|p2a: Crashout YN|spd|1
|faint|p1a: Muramasa
|-end|p1a: Muramasa|fallen4|[silent]
|
|-damage|p2a: Crashout YN|34/100 brn|[from] brn
|upkeep
|c|☆ripwal11|gg
|c|☆NormalDude1989|bg
|-message|NormalDude1989 forfeited.
|
|win|ripwal11
|raw|NormalDude1989's rating: 1533 &rarr; <strong>1515</strong><br />(-18 for losing)
|raw|ripwal11's rating: 1562 &rarr; <strong>1580</strong><br />(+18 for winning)
|l|☆NormalDude1989
|player|p1|
|c|☆ripwal11|how so
|l|☆ripwal11
|player|p2|
