|j|☆apotato135
|j|☆my 100lb pug
|t:|1758928949
|gametype|singles
|player|p1|apotato135|swimmer-gen4dp|1484
|player|p2|my 100lb pug|170|1433
|gen|9
|tier|[Gen 9] OU
|rated|
|rule|HP Percentage Mod: HP is shown in percentages
|rule|Endless Battle Clause: Forcing endless battles is banned
|rule|Species Clause: Limit one of each Pokémon
|rule|OHKO Clause: OHKO moves are banned
|rule|Evasion Items Clause: Evasion items are banned
|rule|Evasion Moves Clause: Evasion moves are banned
|rule|Evasion Abilities Clause: Evasion abilities are banned
|rule|Sleep Moves Clause: Sleep-inducing moves are banned
|clearpoke
|poke|p1|Ninetales-Alola, M|
|poke|p1|Kyurem|
|poke|p1|Primeape, F|
|poke|p1|Enamorus, F|
|poke|p1|Tornadus-Therian, M|
|poke|p1|Iron Treads|
|poke|p2|Landorus-Therian, M|
|poke|p2|Salazzle, F|
|poke|p2|Toxtricity, M|
|poke|p2|Forretress, F|
|poke|p2|Glastrier|
|poke|p2|Lurantis, F|
|teampreview
|inactive|Battle timer is ON: inactive players will automatically lose when time's up. (requested by apotato135)
|
|t:|1758928978
|teamsize|p1|6
|teamsize|p2|6
|start
|switch|p1a: Iron Treads|Iron Treads|100/100
|switch|p2a: Forretress|Forretress, F|100/100
|-enditem|p1a: Iron Treads|Booster Energy
|-activate|p1a: Iron Treads|ability: Quark Drive|[fromitem]
|-start|p1a: Iron Treads|quarkdrivespe
|turn|1
|
|t:|1758928982
|move|p1a: Iron Treads|Earth Power|p2a: Forretress
|-damage|p2a: Forretress|59/100
|move|p2a: Forretress|Body Press|p1a: Iron Treads
|-supereffective|p1a: Iron Treads
|-damage|p1a: Iron Treads|41/100
|
|-heal|p2a: Forretress|65/100|[from] item: Leftovers
|upkeep
|turn|2
|
|t:|1758929001
|switch|p2a: Lurantis|Lurantis, F|100/100
|move|p1a: Iron Treads|Stealth Rock|p2a: Lurantis
|-sidestart|p2: my 100lb pug|move: Stealth Rock
|
|upkeep
|turn|3
|
|t:|1758929011
|move|p1a: Iron Treads|Steel Beam|p2a: Lurantis
|-damage|p2a: Lurantis|65/100
|-damage|p1a: Iron Treads|0 fnt|[from] steelbeam
|faint|p1a: Iron Treads
|-end|p1a: Iron Treads|Quark Drive|[silent]
|move|p2a: Lurantis|Defog|p1: Iron Treads|[notarget]
|-fail|p2a: Lurantis
|
|upkeep
|
|t:|1758929029
|switch|p1a: Kyurem|Kyurem|100/100
|-ability|p1a: Kyurem|Pressure
|turn|4
|
|t:|1758929053
|switch|p2a: Forretress|Forretress, F|65/100
|-damage|p2a: Forretress|52/100|[from] Stealth Rock
|move|p1a: Kyurem|Dragon Dance|p1a: Kyurem
|-boost|p1a: Kyurem|atk|1
|-boost|p1a: Kyurem|spe|1
|
|-heal|p2a: Forretress|59/100|[from] item: Leftovers
|upkeep
|turn|5
|
|t:|1758929062
|-terastallize|p1a: Kyurem|Electric
|move|p1a: Kyurem|Tera Blast|p2a: Forretress|[anim] Tera Blast Electric
|-damage|p2a: Forretress|16/100
|move|p2a: Forretress|Body Press|p1a: Kyurem
|-damage|p1a: Kyurem|70/100
|
|-heal|p2a: Forretress|23/100|[from] item: Leftovers
|upkeep
|turn|6
|
|t:|1758929081
|move|p1a: Kyurem|Icicle Spear|p2a: Forretress
|-resisted|p2a: Forretress
|-damage|p2a: Forretress|16/100
|-resisted|p2a: Forretress
|-damage|p2a: Forretress|10/100
|-resisted|p2a: Forretress
|-damage|p2a: Forretress|4/100
|-resisted|p2a: Forretress
|-damage|p2a: Forretress|0 fnt
|faint|p2a: Forretress
|-hitcount|p2: Forretress|4
|
|upkeep
|inactive|my 100lb pug has 120 seconds left.
|
|t:|1758929101
|switch|p2a: Glastrier|Glastrier|100/100
|turn|7
|
|t:|1758929113
|switch|p1a: Ninetales|Ninetales-Alola, M|100/100
|-weather|Snowscape|[from] ability: Snow Warning|[of] p1a: Ninetales
|-terastallize|p2a: Glastrier|Ground
|move|p2a: Glastrier|High Horsepower|p1a: Ninetales
|-damage|p1a: Ninetales|58/100
|
|-weather|Snowscape|[upkeep]
|upkeep
|turn|8
|
|t:|1758929124
|switch|p2a: Salazzle|Salazzle, F|100/100
|move|p1a: Ninetales|Freeze-Dry|p2a: Salazzle
|-resisted|p2a: Salazzle
|-damage|p2a: Salazzle|80/100
|
|-weather|Snowscape|[upkeep]
|upkeep
|turn|9
|
|t:|1758929135
|move|p2a: Salazzle|Sludge Bomb|p1a: Ninetales
|-supereffective|p1a: Ninetales
|-damage|p1a: Ninetales|0 fnt
|faint|p1a: Ninetales
|
|-weather|Snowscape|[upkeep]
|upkeep
|
|t:|1758929142
|switch|p1a: Tornadus|Tornadus-Therian, M|100/100
|turn|10
|
|t:|1758929149
|move|p1a: Tornadus|Bleakwind Storm|p2a: Salazzle
|-damage|p2a: Salazzle|0 fnt
|faint|p2a: Salazzle
|-damage|p1a: Tornadus|91/100|[from] item: Life Orb
|
|-weather|Snowscape|[upkeep]
|upkeep
|
|t:|1758929168
|switch|p2a: Toxtricity|Toxtricity, M|100/100
|-damage|p2a: Toxtricity|88/100|[from] Stealth Rock
|turn|11
|
|t:|1758929175
|move|p1a: Tornadus|Nasty Plot|p1a: Tornadus
|-boost|p1a: Tornadus|spa|2
|move|p2a: Toxtricity|Shift Gear|p2a: Toxtricity
|-boost|p2a: Toxtricity|spe|2
|-boost|p2a: Toxtricity|atk|1
|
|-weather|none
|upkeep
|turn|12
|
|t:|1758929182
|move|p2a: Toxtricity|Overdrive|p1a: Tornadus
|-supereffective|p1a: Tornadus
|-damage|p1a: Tornadus|0 fnt
|faint|p1a: Tornadus
|-enditem|p2a: Toxtricity|Throat Spray
|-boost|p2a: Toxtricity|spa|1|[from] item: Throat Spray
|
|upkeep
|
|t:|1758929190
|switch|p1a: Kyurem|Kyurem, tera:Electric|70/100
|-ability|p1a: Kyurem|Pressure
|turn|13
|
|t:|1758929205
|move|p2a: Toxtricity|Boomburst|p1a: Kyurem
|-damage|p1a: Kyurem|0 fnt
|faint|p1a: Kyurem
|
|upkeep
|
|t:|1758929207
|switch|p1a: Primeape|Primeape, F|100/100
|turn|14
|
|t:|1758929215
|move|p2a: Toxtricity|Boomburst|p1a: Primeape
|-damage|p1a: Primeape|50/100
|move|p1a: Primeape|Bulk Up|p1a: Primeape
|-boost|p1a: Primeape|atk|1
|-boost|p1a: Primeape|def|1
|
|upkeep
|turn|15
|
|t:|1758929222
|move|p2a: Toxtricity|Boomburst|p1a: Primeape
|-damage|p1a: Primeape|1/100
|move|p1a: Primeape|Rage Fist|p2a: Toxtricity
|-damage|p2a: Toxtricity|4/100
|
|upkeep
|turn|16
|
|t:|1758929230
|move|p2a: Toxtricity|Boomburst|p1a: Primeape
|-damage|p1a: Primeape|0 fnt
|faint|p1a: Primeape
|
|upkeep
|-message|apotato135 forfeited.
|
|win|my 100lb pug
|raw|apotato135's rating: 1484 &rarr; <strong>1461</strong><br />(-23 for losing)
|raw|my 100lb pug's rating: 1433 &rarr; <strong>1456</strong><br />(+23 for winning)
|l|☆apotato135
|player|p1|
|l|☆my 100lb pug
|player|p2|
