|badge|p1|bronze|gen9ou|100-6
|html|<div class="broadcast-red"><strong>This battle is required to be public due to one or more player having a season medal.</strong><br />During the public phase, you can discuss the state of the ladder <a href="/seasondiscussion">in a special chatroom.</a></div>
|uhtml|medal-msg|<div class="broadcast-blue">Curious what those medals under the avatar are? PS now has Ladder Seasons! For more information, check out the <a href="https://www.smogon.com/forums/threads/3740067/">thread on Smogon.</a></div>
|j|☆jamel1
|j|☆ivon_neeeeeee
|t:|1758976464
|gametype|singles
|player|p1|jamel1|cyrus|1818
|player|p2|ivon_neeeeeee|n|1673
|gen|9
|tier|[Gen 9] OU
|rated|
|rule|HP Percentage Mod: HP is shown in percentages
|rule|Endless Battle Clause: Forcing endless battles is banned
|rule|Species Clause: Limit one of each Pokémon
|rule|OHKO Clause: OHKO moves are banned
|rule|Evasion Items Clause: Evasion items are banned
|rule|Evasion Moves Clause: Evasion moves are banned
|rule|Evasion Abilities Clause: Evasion abilities are banned
|rule|Sleep Moves Clause: Sleep-inducing moves are banned
|clearpoke
|poke|p1|Sandaconda, M|
|poke|p1|Deoxys-Defense|
|poke|p1|Gyarados, M|
|poke|p1|Maushold|
|poke|p1|Serperior, M|
|poke|p1|Kommo-o, F|
|poke|p2|Latios, M|
|poke|p2|Ting-Lu|
|poke|p2|Gholdengo|
|poke|p2|Moltres|
|poke|p2|Great Tusk|
|poke|p2|Ogerpon-Wellspring, F|
|teampreview
|
|t:|1758976487
|teamsize|p1|6
|teamsize|p2|6
|start
|switch|p1a: Sandaconda|Sandaconda, M|100/100
|switch|p2a: Gholdengo|Gholdengo|100/100
|turn|1
|
|t:|1758976498
|switch|p2a: Latios|Latios, M|100/100
|move|p1a: Sandaconda|Earthquake|p2a: Latios
|-immune|p2a: Latios|[from] ability: Levitate
|
|upkeep
|turn|2
|
|t:|1758976522
|move|p2a: Latios|Draco Meteor|p1a: Sandaconda
|-enditem|p1a: Sandaconda|Focus Sash
|-damage|p1a: Sandaconda|1/100
|-unboost|p2a: Latios|spa|2
|move|p1a: Sandaconda|Glare|p2a: Latios
|-status|p2a: Latios|par
|
|upkeep
|turn|3
|
|t:|1758976530
|move|p1a: Sandaconda|Glare|p2a: Latios
|-fail|p2a: Latios|par
|move|p2a: Latios|Flip Turn|p1a: Sandaconda
|-supereffective|p1a: Sandaconda
|-damage|p1a: Sandaconda|0 fnt
|faint|p1a: Sandaconda
|
|t:|1758976548
|switch|p2a: Gholdengo|Gholdengo|100/100|[from] Flip Turn
|
|upkeep
|
|t:|1758976553
|switch|p1a: Serperior|Serperior, M, shiny|100/100
|turn|4
|
|t:|1758976560
|move|p2a: Gholdengo|Make It Rain|p1a: Serperior
|-damage|p1a: Serperior|24/100
|-unboost|p2a: Gholdengo|spa|1
|move|p1a: Serperior|Light Screen|p1a: Serperior
|-sidestart|p1: jamel1|move: Light Screen
|
|upkeep
|turn|5
|
|t:|1758976566
|move|p2a: Gholdengo|Make It Rain|p1a: Serperior
|-damage|p1a: Serperior|0 fnt
|-unboost|p2a: Gholdengo|spa|1
|faint|p1a: Serperior
|
|upkeep
|
|t:|1758976576
|switch|p1a: Maushold|Maushold|100/100
|turn|6
|
|t:|1758976580
|switch|p2a: Moltres|Moltres|100/100
|move|p1a: Maushold|Tidy Up|p1a: Maushold
|-boost|p1a: Maushold|atk|1
|-boost|p1a: Maushold|spe|1
|
|upkeep
|turn|7
|
|t:|1758976587
|move|p1a: Maushold|Population Bomb|p2a: Moltres
|-damage|p2a: Moltres|89/100
|-damage|p2a: Moltres|77/100
|-damage|p2a: Moltres|65/100
|-damage|p2a: Moltres|53/100
|-damage|p2a: Moltres|43/100
|-crit|p2a: Moltres
|-damage|p2a: Moltres|25/100
|-damage|p2a: Moltres|14/100
|-crit|p2a: Moltres
|-damage|p2a: Moltres|0 fnt
|faint|p2a: Moltres
|-hitcount|p2: Moltres|8
|
|upkeep
|
|t:|1758976608
|switch|p2a: Gholdengo|Gholdengo|100/100
|turn|8
|
|t:|1758976613
|move|p2a: Gholdengo|Trick|p1a: Maushold
|-activate|p2a: Gholdengo|move: Trick|[of] p1a: Maushold
|-item|p1a: Maushold|Choice Scarf|[from] move: Trick
|-item|p2a: Gholdengo|Protective Pads|[from] move: Trick
|move|p1a: Maushold|Bite|p2a: Gholdengo
|-supereffective|p2a: Gholdengo
|-damage|p2a: Gholdengo|27/100
|
|upkeep
|turn|9
|
|t:|1758976628
|switch|p1a: Gyarados|Gyarados, M, shiny|100/100
|switch|p2a: Great Tusk|Great Tusk|100/100
|
|upkeep
|turn|10
|j| cryyysneasel
|
|t:|1758976638
|-end|p2a: Great Tusk|Protosynthesis|[silent]
|switch|p2a: Ting-Lu|Ting-Lu|100/100
|-ability|p2a: Ting-Lu|Vessel of Ruin
|move|p1a: Gyarados|Dragon Dance|p1a: Gyarados
|-boost|p1a: Gyarados|atk|1
|-boost|p1a: Gyarados|spe|1
|
|upkeep
|turn|11
|
|t:|1758976645
|-terastallize|p2a: Ting-Lu|Water
|move|p1a: Gyarados|Earthquake|p2a: Ting-Lu
|-damage|p2a: Ting-Lu|72/100
|move|p2a: Ting-Lu|Whirlwind|p1a: Gyarados
|drag|p1a: Maushold|Maushold|100/100
|
|-heal|p2a: Ting-Lu|79/100|[from] item: Leftovers
|-sideend|p1: jamel1|move: Light Screen
|upkeep
|turn|12
|
|t:|1758976654
|switch|p2a: Gholdengo|Gholdengo|27/100
|move|p1a: Maushold|Population Bomb|p2a: Gholdengo
|-immune|p2a: Gholdengo
|
|upkeep
|turn|13
|
|t:|1758976660
|switch|p1a: Gyarados|Gyarados, M, shiny|100/100
|move|p2a: Gholdengo|Make It Rain|p1a: Gyarados
|-resisted|p1a: Gyarados
|-damage|p1a: Gyarados|69/100
|-unboost|p2a: Gholdengo|spa|1
|
|-heal|p1a: Gyarados|75/100|[from] item: Leftovers
|upkeep
|turn|14
|
|t:|1758976672
|switch|p2a: Latios|Latios, M|100/100 par
|move|p1a: Gyarados|Substitute|p1a: Gyarados
|-start|p1a: Gyarados|Substitute
|-damage|p1a: Gyarados|51/100
|
|-heal|p1a: Gyarados|57/100|[from] item: Leftovers
|upkeep
|turn|15
|
|t:|1758976678
|move|p1a: Gyarados|Dragon Dance|p1a: Gyarados
|-boost|p1a: Gyarados|atk|1
|-boost|p1a: Gyarados|spe|1
|move|p2a: Latios|Psychic Noise|p1a: Gyarados
|-damage|p1a: Gyarados|7/100
|-start|p1a: Gyarados|move: Heal Block
|
|upkeep
|turn|16
|
|t:|1758976686
|move|p1a: Gyarados|Waterfall|p2a: Latios
|-resisted|p2a: Latios
|-damage|p2a: Latios|60/100 par
|move|p2a: Latios|Psychic Noise|p1a: Gyarados
|-damage|p1a: Gyarados|0 fnt
|faint|p1a: Gyarados
|
|upkeep
|
|t:|1758976696
|switch|p1a: Kommo-o|Kommo-o, F|100/100
|turn|17
|
|t:|1758976700
|switch|p1a: Maushold|Maushold|100/100
|cant|p2a: Latios|par
|
|upkeep
|turn|18
|
|t:|1758976711
|switch|p2a: Gholdengo|Gholdengo|27/100
|move|p1a: Maushold|Bite|p2a: Gholdengo
|-supereffective|p2a: Gholdengo
|-damage|p2a: Gholdengo|0 fnt
|faint|p2a: Gholdengo
|
|upkeep
|
|t:|1758976718
|switch|p2a: Ogerpon|Ogerpon-Wellspring, F|100/100
|turn|19
|
|t:|1758976723
|switch|p1a: Kommo-o|Kommo-o, F|100/100
|move|p2a: Ogerpon|Swords Dance|p2a: Ogerpon
|-boost|p2a: Ogerpon|atk|2
|
|upkeep
|turn|20
|
|t:|1758976729
|-terastallize|p1a: Kommo-o|Steel
|move|p2a: Ogerpon|Play Rough|p1a: Kommo-o
|-resisted|p1a: Kommo-o
|-damage|p1a: Kommo-o|68/100
|move|p1a: Kommo-o|Clangorous Soul|p1a: Kommo-o
|-boost|p1a: Kommo-o|atk|1
|-boost|p1a: Kommo-o|def|1
|-boost|p1a: Kommo-o|spa|1
|-boost|p1a: Kommo-o|spd|1
|-boost|p1a: Kommo-o|spe|1
|-damage|p1a: Kommo-o|35/100
|
|upkeep
|turn|21
|
|t:|1758976739
|move|p1a: Kommo-o|Drain Punch|p2a: Ogerpon
|-damage|p2a: Ogerpon|31/100
|-heal|p1a: Kommo-o|69/100|[from] drain|[of] p2a: Ogerpon
|move|p2a: Ogerpon|Ivy Cudgel|p1a: Kommo-o|[anim] Ivy Cudgel Water
|-damage|p1a: Kommo-o|1/100
|-enditem|p1a: Kommo-o|Lansat Berry|[eat]
|-start|p1a: Kommo-o|move: Focus Energy
|
|upkeep
|turn|22
|
|t:|1758976751
|move|p1a: Kommo-o|Drain Punch|p2a: Ogerpon
|-damage|p2a: Ogerpon|0 fnt
|-heal|p1a: Kommo-o|16/100|[from] drain|[of] p2a: Ogerpon
|faint|p2a: Ogerpon
|
|upkeep
|
|t:|1758976759
|switch|p2a: Ting-Lu|Ting-Lu, tera:Water|79/100
|-ability|p2a: Ting-Lu|Vessel of Ruin
|turn|23
|
|t:|1758976763
|move|p1a: Kommo-o|Drain Punch|p2a: Ting-Lu
|-damage|p2a: Ting-Lu|47/100
|-heal|p1a: Kommo-o|43/100|[from] drain|[of] p2a: Ting-Lu
|move|p2a: Ting-Lu|Whirlwind|p1a: Kommo-o
|drag|p1a: Maushold|Maushold|100/100
|
|-heal|p2a: Ting-Lu|53/100|[from] item: Leftovers
|upkeep
|turn|24
|
|t:|1758976776
|move|p1a: Maushold|Population Bomb|p2a: Ting-Lu
|-damage|p2a: Ting-Lu|48/100
|-damage|p2a: Ting-Lu|42/100
|-damage|p2a: Ting-Lu|36/100
|-damage|p2a: Ting-Lu|31/100
|-damage|p2a: Ting-Lu|25/100
|-damage|p2a: Ting-Lu|20/100
|-damage|p2a: Ting-Lu|13/100
|-damage|p2a: Ting-Lu|7/100
|-hitcount|p2a: Ting-Lu|8
|move|p2a: Ting-Lu|Earthquake|p1a: Maushold
|-damage|p1a: Maushold|63/100
|
|-heal|p2a: Ting-Lu|13/100|[from] item: Leftovers
|upkeep
|turn|25
|
|t:|1758976792
|move|p1a: Maushold|Population Bomb|p2a: Ting-Lu
|-damage|p2a: Ting-Lu|8/100
|-damage|p2a: Ting-Lu|3/100
|-damage|p2a: Ting-Lu|0 fnt
|faint|p2a: Ting-Lu
|-hitcount|p2: Ting-Lu|3
|
|upkeep
|
|t:|1758976800
|switch|p2a: Great Tusk|Great Tusk|100/100
|turn|26
|inactive|Battle timer is ON: inactive players will automatically lose when time's up. (requested by ivon_neeeeeee)
|
|t:|1758976805
|move|p1a: Maushold|Population Bomb|p2a: Great Tusk|[miss]
|-miss|p1a: Maushold|p2a: Great Tusk
|move|p2a: Great Tusk|Rapid Spin|p1a: Maushold
|-damage|p1a: Maushold|43/100
|-boost|p2a: Great Tusk|spe|1
|
|upkeep
|turn|27
|
|t:|1758976812
|move|p2a: Great Tusk|Headlong Rush|p1a: Maushold
|-damage|p1a: Maushold|0 fnt
|-unboost|p2a: Great Tusk|def|1
|-unboost|p2a: Great Tusk|spd|1
|faint|p1a: Maushold
|
|upkeep
|
|t:|1758976816
|switch|p1a: Deoxys|Deoxys-Defense|100/100
|-ability|p1a: Deoxys|Pressure
|turn|28
|
|t:|1758976821
|move|p2a: Great Tusk|Headlong Rush|p1a: Deoxys
|-damage|p1a: Deoxys|56/100
|-unboost|p2a: Great Tusk|def|1
|-unboost|p2a: Great Tusk|spd|1
|move|p1a: Deoxys|Cosmic Power|p1a: Deoxys
|-boost|p1a: Deoxys|def|1
|-boost|p1a: Deoxys|spd|1
|
|upkeep
|turn|29
|
|t:|1758976829
|move|p2a: Great Tusk|Headlong Rush|p1a: Deoxys
|-damage|p1a: Deoxys|30/100
|-unboost|p2a: Great Tusk|def|1
|-unboost|p2a: Great Tusk|spd|1
|move|p1a: Deoxys|Recover|p1a: Deoxys
|-heal|p1a: Deoxys|80/100
|
|upkeep
|turn|30
|c|☆ivon_neeeeeee|gg
|-message|ivon_neeeeeee forfeited.
|
|win|jamel1
|raw|jamel1's rating: 1818 &rarr; <strong>1830</strong><br />(+12 for winning)
|raw|ivon_neeeeeee's rating: 1673 &rarr; <strong>1661</strong><br />(-12 for losing)
|l|☆ivon_neeeeeee
|player|p2|
|l|☆jamel1
|player|p1|
|l| cryyysneasel
