|j|‽theonlydork
|j|☆Omari P
|t:|1759026296
|gametype|singles
|player|p1|theonlydork|102|1753
|player|p2|Omari P|pokemonrangerf|1786
|gen|9
|tier|[Gen 9] OU
|rated|
|rule|HP Percentage Mod: HP is shown in percentages
|rule|Endless Battle Clause: Forcing endless battles is banned
|rule|Species Clause: Limit one of each Pokémon
|rule|OHKO Clause: OHKO moves are banned
|rule|Evasion Items Clause: Evasion items are banned
|rule|Evasion Moves Clause: Evasion moves are banned
|rule|Evasion Abilities Clause: Evasion abilities are banned
|rule|Sleep Moves Clause: Sleep-inducing moves are banned
|clearpoke
|poke|p1|Dragonite, M|
|poke|p1|Gholdengo|
|poke|p1|Iron Treads|
|poke|p1|Quaquaval, M|
|poke|p1|Slowking-Galar, M|
|poke|p1|Ting-Lu|
|poke|p2|Cinderace, M|
|poke|p2|Volcanion|
|poke|p2|Torkoal, M|
|poke|p2|Mandibuzz, F|
|poke|p2|Great Tusk|
|poke|p2|Fezandipiti, M|
|teampreview
|inactive|Battle timer is ON: inactive players will automatically lose when time's up. (requested by Omari P)
|
|t:|1759026307
|teamsize|p1|6
|teamsize|p2|6
|start
|switch|p1a: Slowking|Slowking-Galar, M|100/100
|switch|p2a: Torkoal|Torkoal, M, shiny|100/100
|-weather|SunnyDay|[from] ability: Drought|[of] p2a: Torkoal
|turn|1
|
|t:|1759026323
|move|p2a: Torkoal|Stealth Rock|p1a: Slowking
|-sidestart|p1: theonlydork|move: Stealth Rock
|-prepare|p1a: Slowking|Chilly Reception|[premajor]
|move|p1a: Slowking|Chilly Reception|p1a: Slowking
|-weather|Snowscape
|j| Rizzofreko
|
|t:|1759026330
|switch|p1a: Iron Treads|Iron Treads|100/100|[from] Chilly Reception
|-damage|p1a: Iron Treads|97/100|[from] Stealth Rock
|
|-weather|Snowscape|[upkeep]
|-heal|p1a: Iron Treads|100/100|[from] item: Leftovers
|upkeep
|turn|2
|
|t:|1759026339
|move|p1a: Iron Treads|Rapid Spin|p2a: Torkoal
|-damage|p2a: Torkoal|90/100
|-boost|p1a: Iron Treads|spe|1
|-sideend|p1: theonlydork|Stealth Rock|[from] move: Rapid Spin|[of] p1a: Iron Treads
|move|p2a: Torkoal|Fire Blast|p1a: Iron Treads
|-supereffective|p1a: Iron Treads
|-damage|p1a: Iron Treads|0 fnt
|faint|p1a: Iron Treads
|-end|p1a: Iron Treads|Quark Drive|[silent]
|
|-weather|Snowscape|[upkeep]
|upkeep
|l| Rizzofreko
|
|t:|1759026354
|switch|p1a: Slowking|Slowking-Galar, M|100/100
|turn|3
|
|t:|1759026357
|move|p2a: Torkoal|Stealth Rock|p1a: Slowking
|-sidestart|p1: theonlydork|move: Stealth Rock
|move|p1a: Slowking|Future Sight|p2a: Torkoal
|-start|p1a: Slowking|move: Future Sight
|
|-weather|Snowscape|[upkeep]
|upkeep
|turn|4
|
|t:|1759026362
|switch|p2a: Haku|Great Tusk, shiny|100/100
|move|p1a: Slowking|Sludge Bomb|p2a: Haku
|-resisted|p2a: Haku
|-damage|p2a: Haku|74/100
|-status|p2a: Haku|psn
|
|-weather|Snowscape|[upkeep]
|-damage|p2a: Haku|61/100 psn|[from] psn
|upkeep
|turn|5
|
|t:|1759026370
|-end|p2a: Haku|Protosynthesis|[silent]
|switch|p2a: Torkoal|Torkoal, M, shiny|90/100
|-weather|SunnyDay|[from] ability: Drought|[of] p2a: Torkoal
|move|p1a: Slowking|Ice Beam|p2a: Torkoal
|-resisted|p2a: Torkoal
|-damage|p2a: Torkoal|75/100
|
|-weather|SunnyDay|[upkeep]
|-end|p2a: Torkoal|move: Future Sight
|-damage|p2a: Torkoal|14/100
|upkeep
|turn|6
|
|t:|1759026376
|move|p2a: Torkoal|Fire Blast|p1a: Slowking
|-damage|p1a: Slowking|48/100
|move|p1a: Slowking|Future Sight|p2a: Torkoal
|-start|p1a: Slowking|move: Future Sight
|
|-weather|SunnyDay|[upkeep]
|upkeep
|turn|7
|
|t:|1759026381
|-terastallize|p1a: Slowking|Water
|move|p2a: Torkoal|Fire Blast|p1a: Slowking
|-resisted|p1a: Slowking
|-crit|p1a: Slowking
|-damage|p1a: Slowking|12/100
|-prepare|p1a: Slowking|Chilly Reception|[premajor]
|move|p1a: Slowking|Chilly Reception|p1a: Slowking
|-weather|Snowscape
|
|t:|1759026387
|switch|p1a: Quaquaval|Quaquaval, M|100/100|[from] Chilly Reception
|-damage|p1a: Quaquaval|94/100|[from] Stealth Rock
|
|-weather|Snowscape|[upkeep]
|upkeep
|turn|8
|
|t:|1759026392
|switch|p2a: Omari P Bird|Mandibuzz, F, shiny|100/100
|move|p1a: Quaquaval|U-turn|p2a: Omari P Bird
|-damage|p2a: Omari P Bird|77/100
|-damage|p1a: Quaquaval|78/100|[from] item: Rocky Helmet|[of] p2a: Omari P Bird
|
|t:|1759026399
|switch|p1a: Gholdengo|Gholdengo|100/100|[from] U-turn
|-damage|p1a: Gholdengo|94/100|[from] Stealth Rock
|
|-weather|Snowscape|[upkeep]
|-end|p2a: Omari P Bird|move: Future Sight
|-immune|p2a: Omari P Bird
|upkeep
|turn|9
|
|t:|1759026410
|switch|p2a: Torkoal|Torkoal, M, shiny|14/100
|-weather|SunnyDay|[from] ability: Drought|[of] p2a: Torkoal
|move|p1a: Gholdengo|Trick|p2a: Torkoal
|-activate|p1a: Gholdengo|move: Trick|[of] p2a: Torkoal
|-item|p2a: Torkoal|Choice Scarf|[from] move: Trick
|-item|p1a: Gholdengo|Heat Rock|[from] move: Trick
|
|-weather|SunnyDay|[upkeep]
|upkeep
|turn|10
|
|t:|1759026421
|move|p1a: Gholdengo|Dazzling Gleam|p2a: Torkoal
|-resisted|p2a: Torkoal
|-damage|p2a: Torkoal|0 fnt
|faint|p2a: Torkoal
|
|-weather|SunnyDay|[upkeep]
|upkeep
|
|t:|1759026426
|switch|p2a: Cinderace|Cinderace, M|100/100
|turn|11
|
|t:|1759026431
|switch|p1a: Ting-Lu|Ting-Lu|100/100
|-damage|p1a: Ting-Lu|94/100|[from] Stealth Rock
|-ability|p1a: Ting-Lu|Vessel of Ruin
|move|p2a: Cinderace|Pyro Ball|p1a: Ting-Lu
|-damage|p1a: Ting-Lu|32/100
|-status|p1a: Ting-Lu|brn
|
|-weather|SunnyDay|[upkeep]
|-heal|p1a: Ting-Lu|38/100 brn|[from] item: Leftovers
|-damage|p1a: Ting-Lu|32/100 brn|[from] brn
|upkeep
|turn|12
|j| chaintrainalt
|l| chaintrainalt
|
|t:|1759026444
|move|p2a: Cinderace|Pyro Ball|p1a: Ting-Lu|[miss]
|-miss|p2a: Cinderace|p1a: Ting-Lu
|move|p1a: Ting-Lu|Earthquake|p2a: Cinderace
|-supereffective|p2a: Cinderace
|-crit|p2a: Cinderace
|-damage|p2a: Cinderace|19/100
|
|-weather|SunnyDay|[upkeep]
|-heal|p1a: Ting-Lu|38/100 brn|[from] item: Leftovers
|-damage|p1a: Ting-Lu|32/100 brn|[from] brn
|upkeep
|turn|13
|
|t:|1759026447
|move|p2a: Cinderace|Pyro Ball|p1a: Ting-Lu
|-damage|p1a: Ting-Lu|0 fnt
|faint|p1a: Ting-Lu
|
|-weather|SunnyDay|[upkeep]
|upkeep
|
|t:|1759026450
|switch|p1a: Dragonite|Dragonite, M|100/100
|turn|14
|
|t:|1759026456
|switch|p2a: Omari P Bird|Mandibuzz, F, shiny|77/100
|switch|p1a: Slowking|Slowking-Galar, M, tera:Water|46/100
|-damage|p1a: Slowking|33/100|[from] Stealth Rock
|
|-weather|SunnyDay|[upkeep]
|upkeep
|turn|15
|
|t:|1759026462
|move|p2a: Omari P Bird|Toxic|p1a: Slowking
|-status|p1a: Slowking|tox
|-prepare|p1a: Slowking|Chilly Reception|[premajor]
|move|p1a: Slowking|Chilly Reception|p1a: Slowking
|-weather|Snowscape
|
|t:|1759026468
|switch|p1a: Gholdengo|Gholdengo|94/100|[from] Chilly Reception
|-damage|p1a: Gholdengo|88/100|[from] Stealth Rock
|
|-weather|Snowscape|[upkeep]
|upkeep
|turn|16
|
|t:|1759026481
|switch|p2a: Volcanion|Volcanion|100/100
|move|p1a: Gholdengo|Dazzling Gleam|p2a: Volcanion
|-resisted|p2a: Volcanion
|-damage|p2a: Volcanion|83/100
|
|-weather|Snowscape|[upkeep]
|upkeep
|turn|17
|
|t:|1759026487
|switch|p1a: Dragonite|Dragonite, M|100/100
|move|p2a: Volcanion|Steam Eruption|p1a: Dragonite
|-resisted|p1a: Dragonite
|-damage|p1a: Dragonite|77/100
|
|-weather|Snowscape|[upkeep]
|upkeep
|turn|18
|
|t:|1759026493
|move|p1a: Dragonite|Earthquake|p2a: Volcanion
|-supereffective|p2a: Volcanion
|-damage|p2a: Volcanion|13/100
|move|p2a: Volcanion|Steam Eruption|p1a: Dragonite
|-resisted|p1a: Dragonite
|-damage|p1a: Dragonite|33/100
|
|-weather|Snowscape|[upkeep]
|upkeep
|turn|19
|
|t:|1759026501
|switch|p2a: Omari P Bird|Mandibuzz, F, shiny|77/100
|move|p1a: Dragonite|Extreme Speed|p2a: Omari P Bird
|-damage|p2a: Omari P Bird|58/100
|-damage|p1a: Dragonite|17/100|[from] item: Rocky Helmet|[of] p2a: Omari P Bird
|
|-weather|none
|upkeep
|turn|20
|
|t:|1759026506
|move|p1a: Dragonite|Roost|p1a: Dragonite
|-heal|p1a: Dragonite|67/100
|-singleturn|p1a: Dragonite|move: Roost
|move|p2a: Omari P Bird|Roost|p2a: Omari P Bird
|-heal|p2a: Omari P Bird|100/100
|-singleturn|p2a: Omari P Bird|move: Roost
|
|upkeep
|turn|21
|
|t:|1759026513
|switch|p1a: Slowking|Slowking-Galar, M, tera:Water|66/100 tox
|-damage|p1a: Slowking|54/100 tox|[from] Stealth Rock
|move|p2a: Omari P Bird|Toxic|p1a: Slowking
|-fail|p1a: Slowking|tox
|
|-damage|p1a: Slowking|48/100 tox|[from] psn
|upkeep
|turn|22
|
|t:|1759026520
|switch|p2a: Volcanion|Volcanion|13/100
|-prepare|p1a: Slowking|Chilly Reception|[premajor]
|move|p1a: Slowking|Chilly Reception|p1a: Slowking
|-weather|Snowscape
|
|t:|1759026524
|switch|p1a: Gholdengo|Gholdengo|88/100|[from] Chilly Reception
|-damage|p1a: Gholdengo|82/100|[from] Stealth Rock
|
|-weather|Snowscape|[upkeep]
|upkeep
|turn|23
|
|t:|1759026527
|move|p1a: Gholdengo|Shadow Ball|p2a: Volcanion
|-damage|p2a: Volcanion|0 fnt
|faint|p2a: Volcanion
|
|-weather|Snowscape|[upkeep]
|upkeep
|
|t:|1759026529
|switch|p2a: Cinderace|Cinderace, M|19/100
|turn|24
|
|t:|1759026535
|switch|p1a: Slowking|Slowking-Galar, M, tera:Water|81/100 tox
|-damage|p1a: Slowking|69/100 tox|[from] Stealth Rock
|move|p2a: Cinderace|Pyro Ball|p1a: Slowking
|-resisted|p1a: Slowking
|-damage|p1a: Slowking|42/100 tox
|
|-weather|Snowscape|[upkeep]
|-damage|p1a: Slowking|36/100 tox|[from] psn
|upkeep
|turn|25
|
|t:|1759026542
|move|p2a: Cinderace|High Jump Kick|p1a: Slowking
|-start|p2a: Cinderace|typechange|Fighting|[from] ability: Libero
|-damage|p1a: Slowking|0 fnt
|faint|p1a: Slowking
|
|-weather|Snowscape|[upkeep]
|upkeep
|
|t:|1759026550
|switch|p1a: Quaquaval|Quaquaval, M|78/100
|-damage|p1a: Quaquaval|72/100|[from] Stealth Rock
|turn|26
|
|t:|1759026553
|move|p2a: Cinderace|High Jump Kick|p1a: Quaquaval
|-damage|p1a: Quaquaval|0 fnt
|faint|p1a: Quaquaval
|
|-weather|none
|upkeep
|
|t:|1759026557
|switch|p1a: Dragonite|Dragonite, M|67/100
|turn|27
|
|t:|1759026561
|switch|p2a: Omari P Bird|Mandibuzz, F, shiny|100/100
|move|p1a: Dragonite|Roost|p1a: Dragonite
|-heal|p1a: Dragonite|100/100
|-singleturn|p1a: Dragonite|move: Roost
|
|upkeep
|turn|28
|
|t:|1759026565
|switch|p1a: Gholdengo|Gholdengo|82/100
|-damage|p1a: Gholdengo|76/100|[from] Stealth Rock
|move|p2a: Omari P Bird|Foul Play|p1a: Gholdengo
|-supereffective|p1a: Gholdengo
|-damage|p1a: Gholdengo|40/100
|
|upkeep
|turn|29
|
|t:|1759026573
|move|p1a: Gholdengo|Shadow Ball|p2a: Omari P Bird
|-resisted|p2a: Omari P Bird
|-damage|p2a: Omari P Bird|81/100
|-unboost|p2a: Omari P Bird|spd|1
|move|p2a: Omari P Bird|Foul Play|p1a: Gholdengo
|-supereffective|p1a: Gholdengo
|-damage|p1a: Gholdengo|7/100
|
|upkeep
|turn|30
|
|t:|1759026579
|switch|p2a: Haku|Great Tusk, shiny|61/100 psn
|move|p1a: Gholdengo|Shadow Ball|p2a: Haku
|-damage|p2a: Haku|0 fnt
|faint|p2a: Haku
|-end|p2a: Haku|Protosynthesis|[silent]
|
|upkeep
|
|t:|1759026583
|switch|p2a: Chihiro|Fezandipiti, M|100/100
|turn|31
|inactive|Omari P has 120 seconds left.
|
|t:|1759026634
|move|p1a: Gholdengo|Make It Rain|p2a: Chihiro
|-supereffective|p2a: Chihiro
|-damage|p2a: Chihiro|8/100
|-unboost|p1a: Gholdengo|spa|1
|move|p2a: Chihiro|Moonblast|p1a: Gholdengo
|-resisted|p1a: Gholdengo
|-damage|p1a: Gholdengo|0 fnt
|faint|p1a: Gholdengo
|
|-heal|p2a: Chihiro|14/100|[from] item: Leftovers
|upkeep
|
|t:|1759026642
|switch|p1a: Dragonite|Dragonite, M|100/100
|turn|32
|
|t:|1759026645
|move|p2a: Chihiro|Moonblast|p1a: Dragonite
|-supereffective|p1a: Dragonite
|-damage|p1a: Dragonite|65/100
|-status|p1a: Dragonite|tox|[from] ability: Toxic Chain|[of] p2a: Chihiro
|move|p1a: Dragonite|Dragon Dance|p1a: Dragonite
|-boost|p1a: Dragonite|atk|1
|-boost|p1a: Dragonite|spe|1
|
|-heal|p2a: Chihiro|20/100|[from] item: Leftovers
|-damage|p1a: Dragonite|59/100 tox|[from] psn
|upkeep
|turn|33
|-message|theonlydork forfeited.
|
|win|Omari P
|raw|theonlydork's rating: 1753 &rarr; <strong>1735</strong><br />(-18 for losing)
|raw|Omari P's rating: 1786 &rarr; <strong>1804</strong><br />(+18 for winning)
|l|‽theonlydork
|player|p1|
|j| tiochicodobos
|l| tiochicodobos
