|j|☆prohunter
|j|☆bluebrine
|t:|1759036762
|gametype|singles
|player|p1|prohunter|veteran|1367
|player|p2|bluebrine|tuber|1418
|gen|9
|tier|[Gen 9] OU
|rated|
|rule|HP Percentage Mod: HP is shown in percentages
|rule|Endless Battle Clause: Forcing endless battles is banned
|rule|Species Clause: Limit one of each Pokémon
|rule|OHKO Clause: OHKO moves are banned
|rule|Evasion Items Clause: Evasion items are banned
|rule|Evasion Moves Clause: Evasion moves are banned
|rule|Evasion Abilities Clause: Evasion abilities are banned
|rule|Sleep Moves Clause: Sleep-inducing moves are banned
|clearpoke
|poke|p1|Great Tusk|
|poke|p1|Heatran, M|
|poke|p1|Weavile, M|
|poke|p1|Primarina, M|
|poke|p1|Ogerpon, F|
|poke|p1|Pecharunt|
|poke|p2|Clefable, M|
|poke|p2|Magnezone|
|poke|p2|Pecharunt|
|poke|p2|Landorus-Therian, M|
|poke|p2|Meowscarada, M|
|poke|p2|Volcanion|
|teampreview
|
|t:|1759036780
|teamsize|p1|6
|teamsize|p2|6
|start
|switch|p1a: Bandit|Weavile, M, shiny|100/100
|switch|p2a: Meowscarada|Meowscarada, M|100/100
|-ability|p1a: Bandit|Pressure
|turn|1
|
|t:|1759036792
|-terastallize|p1a: Bandit|Ice
|move|p1a: Bandit|Ice Shard|p2a: Meowscarada
|-supereffective|p2a: Meowscarada
|-damage|p2a: Meowscarada|0 fnt
|faint|p2a: Meowscarada
|
|upkeep
|
|t:|1759036797
|switch|p2a: Volcanion|Volcanion|100/100
|turn|2
|
|t:|1759036804
|switch|p1a: Celestine|Primarina, M, shiny|100/100
|move|p2a: Volcanion|Sludge Wave|p1a: Celestine
|-supereffective|p1a: Celestine
|-damage|p1a: Celestine|59/100
|-status|p1a: Celestine|psn
|
|-damage|p1a: Celestine|46/100 psn|[from] psn
|upkeep
|turn|3
|
|t:|1759036819
|move|p2a: Volcanion|Sludge Wave|p1a: Celestine
|-supereffective|p1a: Celestine
|-crit|p1a: Celestine
|-damage|p1a: Celestine|0 fnt
|faint|p1a: Celestine
|
|upkeep
|
|t:|1759036840
|switch|p1a: Anonymous|Ogerpon, F|100/100
|turn|4
|
|t:|1759036848
|move|p1a: Anonymous|Ivy Cudgel|p2a: Volcanion
|-damage|p2a: Volcanion|43/100
|move|p2a: Volcanion|Flamethrower|p1a: Anonymous
|-supereffective|p1a: Anonymous
|-damage|p1a: Anonymous|0 fnt
|faint|p1a: Anonymous
|
|upkeep
|
|t:|1759036853
|switch|p1a: Bandit|Weavile, M, shiny, tera:Ice|100/100
|-ability|p1a: Bandit|Pressure
|turn|5
|
|t:|1759036859
|switch|p2a: Clefable|Clefable, M|100/100
|move|p1a: Bandit|Knock Off|p2a: Clefable
|-resisted|p2a: Clefable
|-damage|p2a: Clefable|61/100
|-damage|p1a: Bandit|84/100|[from] item: Rocky Helmet|[of] p2a: Clefable
|-enditem|p2a: Clefable|Rocky Helmet|[from] move: Knock Off|[of] p1a: Bandit
|
|upkeep
|turn|6
|
|t:|1759036868
|switch|p1a: Chaos|Heatran, M, shiny|100/100
|-item|p1a: Chaos|Air Balloon
|move|p2a: Clefable|Moonlight|p2a: Clefable
|-heal|p2a: Clefable|100/100
|
|upkeep
|turn|7
|
|t:|1759036873
|move|p1a: Chaos|Stealth Rock|p2a: Clefable
|-sidestart|p2: bluebrine|move: Stealth Rock
|move|p2a: Clefable|Calm Mind|p2a: Clefable
|-boost|p2a: Clefable|spa|1
|-boost|p2a: Clefable|spd|1
|
|upkeep
|turn|8
|
|t:|1759036878
|move|p1a: Chaos|Taunt|p2a: Clefable
|-start|p2a: Clefable|move: Taunt
|cant|p2a: Clefable|move: Taunt|Calm Mind
|
|upkeep
|turn|9
|
|t:|1759036880
|move|p1a: Chaos|Magma Storm|p2a: Clefable
|-damage|p2a: Clefable|77/100
|-activate|p2a: Clefable|move: Magma Storm|[of] p1a: Chaos
|move|p2a: Clefable|Moonblast|p1a: Chaos
|-resisted|p1a: Chaos
|-damage|p1a: Chaos|89/100
|-enditem|p1a: Chaos|Air Balloon
|
|upkeep
|turn|10
|
|t:|1759036889
|move|p1a: Chaos|Magma Storm|p2a: Clefable
|-damage|p2a: Clefable|53/100
|move|p2a: Clefable|Moonblast|p1a: Chaos
|-resisted|p1a: Chaos
|-damage|p1a: Chaos|77/100
|
|-end|p2a: Clefable|move: Taunt
|upkeep
|turn|11
|
|t:|1759036898
|move|p1a: Chaos|Taunt|p2a: Clefable
|-start|p2a: Clefable|move: Taunt
|cant|p2a: Clefable|move: Taunt|Stealth Rock
|
|upkeep
|turn|12
|
|t:|1759036904
|move|p1a: Chaos|Magma Storm|p2a: Clefable
|-damage|p2a: Clefable|25/100
|move|p2a: Clefable|Moonblast|p1a: Chaos
|-resisted|p1a: Chaos
|-damage|p1a: Chaos|65/100
|
|upkeep
|turn|13
|
|t:|1759036910
|move|p1a: Chaos|Magma Storm|p2a: Clefable
|-damage|p2a: Clefable|0 fnt
|faint|p2a: Clefable
|
|upkeep
|
|t:|1759036920
|switch|p2a: Landorus|Landorus-Therian, M|100/100
|-damage|p2a: Landorus|88/100|[from] Stealth Rock
|-ability|p2a: Landorus|Intimidate|boost
|-unboost|p1a: Chaos|atk|1
|turn|14
|
|t:|1759036941
|move|p2a: Landorus|Earthquake|p1a: Chaos
|-supereffective|p1a: Chaos
|-damage|p1a: Chaos|0 fnt
|faint|p1a: Chaos
|
|-heal|p2a: Landorus|94/100|[from] item: Leftovers
|upkeep
|
|t:|1759036947
|switch|p1a: Behemoth|Great Tusk, shiny|100/100
|turn|15
|
|t:|1759036951
|move|p2a: Landorus|Grass Knot|p1a: Behemoth
|-supereffective|p1a: Behemoth
|-damage|p1a: Behemoth|1/100
|move|p1a: Behemoth|Ice Spinner|p2a: Landorus
|-supereffective|p2a: Landorus
|-damage|p2a: Landorus|0 fnt
|faint|p2a: Landorus
|
|upkeep
|
|t:|1759036971
|switch|p2a: Pecharunt|Pecharunt|100/100
|turn|16
|
|t:|1759036985
|-end|p1a: Behemoth|Protosynthesis|[silent]
|switch|p1a: Overseer|Pecharunt|100/100
|move|p2a: Pecharunt|Shadow Ball|p1a: Overseer
|-supereffective|p1a: Overseer
|-damage|p1a: Overseer|49/100
|
|upkeep
|turn|17
|
|t:|1759036990
|move|p2a: Pecharunt|Shadow Ball|p1a: Overseer
|-supereffective|p1a: Overseer
|-damage|p1a: Overseer|0 fnt
|faint|p1a: Overseer
|
|upkeep
|
|t:|1759036992
|switch|p1a: Bandit|Weavile, M, shiny, tera:Ice|84/100
|-ability|p1a: Bandit|Pressure
|turn|18
|
|t:|1759037001
|move|p1a: Bandit|Knock Off|p2a: Pecharunt
|-supereffective|p2a: Pecharunt
|-crit|p2a: Pecharunt
|-damage|p2a: Pecharunt|4/100
|-enditem|p2a: Pecharunt|Heavy-Duty Boots|[from] move: Knock Off|[of] p1a: Bandit
|move|p2a: Pecharunt|Malignant Chain|p1a: Bandit
|-crit|p1a: Bandit
|-damage|p1a: Bandit|23/100
|
|upkeep
|turn|19
|
|t:|1759037008
|move|p1a: Bandit|Knock Off|p2a: Pecharunt
|-supereffective|p2a: Pecharunt
|-damage|p2a: Pecharunt|0 fnt
|faint|p2a: Pecharunt
|
|upkeep
|
|t:|1759037014
|switch|p2a: Magnezone|Magnezone|100/100
|-damage|p2a: Magnezone|94/100|[from] Stealth Rock
|turn|20
|
|t:|1759037023
|move|p1a: Bandit|Knock Off|p2a: Magnezone
|-damage|p2a: Magnezone|25/100
|-enditem|p2a: Magnezone|Leftovers|[from] move: Knock Off|[of] p1a: Bandit
|move|p2a: Magnezone|Flash Cannon|p1a: Bandit
|-supereffective|p1a: Bandit
|-damage|p1a: Bandit|0 fnt
|faint|p1a: Bandit
|
|upkeep
|
|t:|1759037029
|switch|p1a: Behemoth|Great Tusk, shiny|1/100
|turn|21
|
|t:|1759037031
|move|p1a: Behemoth|Headlong Rush|p2a: Magnezone
|-supereffective|p2a: Magnezone
|-damage|p2a: Magnezone|0 fnt
|-unboost|p1a: Behemoth|def|1
|-unboost|p1a: Behemoth|spd|1
|faint|p2a: Magnezone
|
|upkeep
|
|t:|1759037033
|switch|p2a: Volcanion|Volcanion|43/100
|turn|22
|
|t:|1759037037
|-terastallize|p2a: Volcanion|Ghost
|move|p1a: Behemoth|Close Combat|p2a: Volcanion
|-immune|p2a: Volcanion
|move|p2a: Volcanion|Flamethrower|p1a: Behemoth
|-damage|p1a: Behemoth|0 fnt
|faint|p1a: Behemoth
|-end|p1a: Behemoth|Protosynthesis|[silent]
|
|win|bluebrine
|raw|prohunter's rating: 1367 &rarr; <strong>1350</strong><br />(-17 for losing)
|raw|bluebrine's rating: 1418 &rarr; <strong>1435</strong><br />(+17 for winning)
|l|☆prohunter
|player|p1|
|l|☆bluebrine
|player|p2|
