|j|☆Team BBIO 38
|j|☆the bosa
|t:|1758934682
|gametype|singles
|player|p1|Team BBIO 38|dragontamer|1343
|player|p2|the bosa|1|1305
|gen|9
|tier|[Gen 9] OU
|rated|
|rule|HP Percentage Mod: HP is shown in percentages
|rule|Endless Battle Clause: Forcing endless battles is banned
|rule|Species Clause: Limit one of each Pokémon
|rule|OHKO Clause: OHKO moves are banned
|rule|Evasion Items Clause: Evasion items are banned
|rule|Evasion Moves Clause: Evasion moves are banned
|rule|Evasion Abilities Clause: Evasion abilities are banned
|rule|Sleep Moves Clause: Sleep-inducing moves are banned
|clearpoke
|poke|p1|Dusclops, M|
|poke|p1|Blissey, F|
|poke|p1|Flamigo, M|
|poke|p1|Latias, F|
|poke|p1|Darkrai|
|poke|p1|Rotom|
|poke|p2|Kingambit, F|
|poke|p2|Deoxys-Speed|
|poke|p2|Great Tusk|
|poke|p2|Dragonite, F|
|poke|p2|Iron Moth|
|poke|p2|Primarina, M|
|teampreview
|inactive|Battle timer is ON: inactive players will automatically lose when time's up. (requested by the bosa)
|inactive|Team BBIO 38 also wants the timer to be on.
|
|t:|1758934689
|teamsize|p1|6
|teamsize|p2|6
|start
|switch|p1a: Flamigo|Flamigo, M|100/100
|switch|p2a: Great Tusk|Great Tusk|100/100
|-enditem|p2a: Great Tusk|Booster Energy
|-activate|p2a: Great Tusk|ability: Protosynthesis|[fromitem]
|-start|p2a: Great Tusk|protosynthesisatk
|turn|1
|
|t:|1758934697
|switch|p1a: Dusclops|Dusclops, M|100/100
|move|p2a: Great Tusk|Ice Spinner|p1a: Dusclops
|-damage|p1a: Dusclops|84/100
|
|upkeep
|turn|2
|
|t:|1758934709
|-end|p2a: Great Tusk|Protosynthesis|[silent]
|switch|p2a: Kingambit|Kingambit, F|100/100
|move|p1a: Dusclops|Will-O-Wisp|p2a: Kingambit
|-status|p2a: Kingambit|brn
|
|-damage|p2a: Kingambit|94/100 brn|[from] brn
|upkeep
|turn|3
|
|t:|1758934716
|move|p2a: Kingambit|Swords Dance|p2a: Kingambit
|-boost|p2a: Kingambit|atk|2
|move|p1a: Dusclops|Night Shade|p2a: Kingambit
|-damage|p2a: Kingambit|68/100 brn
|
|-heal|p2a: Kingambit|74/100 brn|[from] item: Leftovers
|-damage|p2a: Kingambit|68/100 brn|[from] brn
|upkeep
|turn|4
|
|t:|1758934733
|move|p2a: Kingambit|Swords Dance|p2a: Kingambit
|-boost|p2a: Kingambit|atk|2
|move|p1a: Dusclops|Haze|p1a: Dusclops
|-clearallboost
|
|-heal|p2a: Kingambit|74/100 brn|[from] item: Leftovers
|-damage|p2a: Kingambit|68/100 brn|[from] brn
|upkeep
|turn|5
|
|t:|1758934742
|move|p2a: Kingambit|Swords Dance|p2a: Kingambit
|-boost|p2a: Kingambit|atk|2
|move|p1a: Dusclops|Will-O-Wisp|p2a: Kingambit
|-fail|p2a: Kingambit|brn
|
|-heal|p2a: Kingambit|74/100 brn|[from] item: Leftovers
|-damage|p2a: Kingambit|68/100 brn|[from] brn
|upkeep
|turn|6
|
|t:|1758934750
|move|p2a: Kingambit|Kowtow Cleave|p1a: Dusclops
|-supereffective|p1a: Dusclops
|-damage|p1a: Dusclops|35/100
|move|p1a: Dusclops|Night Shade|p2a: Kingambit
|-damage|p2a: Kingambit|42/100 brn
|
|-heal|p2a: Kingambit|48/100 brn|[from] item: Leftovers
|-damage|p2a: Kingambit|42/100 brn|[from] brn
|upkeep
|turn|7
|
|t:|1758934758
|move|p2a: Kingambit|Kowtow Cleave|p1a: Dusclops
|-supereffective|p1a: Dusclops
|-damage|p1a: Dusclops|0 fnt
|faint|p1a: Dusclops
|
|-heal|p2a: Kingambit|48/100 brn|[from] item: Leftovers
|-damage|p2a: Kingambit|42/100 brn|[from] brn
|upkeep
|
|t:|1758934765
|switch|p1a: Flamigo|Flamigo, M|100/100
|turn|8
|
|t:|1758934769
|move|p2a: Kingambit|Sucker Punch|p1a: Flamigo
|-resisted|p1a: Flamigo
|-damage|p1a: Flamigo|70/100
|move|p1a: Flamigo|Close Combat|p2a: Kingambit
|-supereffective|p2a: Kingambit
|-damage|p2a: Kingambit|0 fnt
|-unboost|p1a: Flamigo|def|1
|-unboost|p1a: Flamigo|spd|1
|faint|p2a: Kingambit
|-end|p2a: Kingambit|fallenundefined|[silent]
|
|upkeep
|
|t:|1758934774
|switch|p2a: Iron Moth|Iron Moth|100/100
|-enditem|p2a: Iron Moth|Booster Energy
|-activate|p2a: Iron Moth|ability: Quark Drive|[fromitem]
|-start|p2a: Iron Moth|quarkdrivespe
|turn|9
|
|t:|1758934801
|switch|p1a: Blissey|Blissey, F|100/100
|move|p2a: Iron Moth|Fiery Dance|p1a: Blissey
|-damage|p1a: Blissey|85/100
|
|-heal|p1a: Blissey|91/100|[from] item: Leftovers
|upkeep
|turn|10
|
|t:|1758934810
|-end|p2a: Iron Moth|Quark Drive|[silent]
|switch|p2a: Great Tusk|Great Tusk|100/100
|move|p1a: Blissey|Thunder Wave|p2a: Great Tusk
|-immune|p2a: Great Tusk
|
|-heal|p1a: Blissey|98/100|[from] item: Leftovers
|upkeep
|turn|11
|
|t:|1758934819
|switch|p1a: Darkrai|Darkrai|100/100
|move|p2a: Great Tusk|Ice Spinner|p1a: Darkrai
|-damage|p1a: Darkrai|66/100
|
|upkeep
|turn|12
|
|t:|1758934833
|-end|p2a: Great Tusk|Protosynthesis|[silent]
|switch|p2a: Primarina|Primarina, M|100/100
|move|p1a: Darkrai|Psychic|p2a: Primarina
|-damage|p2a: Primarina|70/100
|
|upkeep
|turn|13
|
|t:|1758934842
|switch|p1a: Rotom|Rotom|100/100
|move|p2a: Primarina|Surf|p1a: Rotom
|-damage|p1a: Rotom|13/100
|
|upkeep
|turn|14
|
|t:|1758934854
|switch|p2a: Deoxys|Deoxys-Speed|100/100
|-ability|p2a: Deoxys|Pressure
|move|p1a: Rotom|Thunderbolt|p2a: Deoxys
|-damage|p2a: Deoxys|45/100
|
|upkeep
|turn|15
|
|t:|1758934863
|switch|p1a: Blissey|Blissey, F|98/100
|move|p2a: Deoxys|Psycho Boost|p1a: Blissey
|-damage|p1a: Blissey|68/100
|-unboost|p2a: Deoxys|spa|2
|-damage|p2a: Deoxys|35/100|[from] item: Life Orb
|
|-heal|p1a: Blissey|74/100|[from] item: Leftovers
|upkeep
|turn|16
|
|t:|1758934872
|switch|p2a: Great Tusk|Great Tusk|100/100
|move|p1a: Blissey|Seismic Toss|p2a: Great Tusk
|-damage|p2a: Great Tusk|74/100
|
|-heal|p1a: Blissey|80/100|[from] item: Leftovers
|upkeep
|turn|17
|
|t:|1758934879
|move|p2a: Great Tusk|Ice Spinner|p1a: Blissey
|-damage|p1a: Blissey|54/100
|move|p1a: Blissey|Seismic Toss|p2a: Great Tusk
|-damage|p2a: Great Tusk|47/100
|
|-heal|p1a: Blissey|60/100|[from] item: Leftovers
|upkeep
|turn|18
|
|t:|1758934886
|move|p2a: Great Tusk|Close Combat|p1a: Blissey
|-supereffective|p1a: Blissey
|-damage|p1a: Blissey|0 fnt
|-unboost|p2a: Great Tusk|def|1
|-unboost|p2a: Great Tusk|spd|1
|faint|p1a: Blissey
|
|upkeep
|
|t:|1758934895
|switch|p1a: Darkrai|Darkrai|66/100
|turn|19
|
|t:|1758934902
|-end|p2a: Great Tusk|Protosynthesis|[silent]
|switch|p2a: Deoxys|Deoxys-Speed|35/100
|-ability|p2a: Deoxys|Pressure
|move|p1a: Darkrai|Psychic|p2a: Deoxys
|-resisted|p2a: Deoxys
|-damage|p2a: Deoxys|0 fnt
|faint|p2a: Deoxys
|
|upkeep
|
|t:|1758934910
|switch|p2a: Primarina|Primarina, M|70/100
|turn|20
|
|t:|1758934914
|switch|p1a: Alaric|Latias, F|100/100
|move|p2a: Primarina|Moonblast|p1a: Alaric
|-supereffective|p1a: Alaric
|-damage|p1a: Alaric|0 fnt
|faint|p1a: Alaric
|
|upkeep
|
|t:|1758934923
|switch|p1a: Rotom|Rotom|13/100
|turn|21
|
|t:|1758934927
|switch|p2a: Great Tusk|Great Tusk|47/100
|move|p1a: Rotom|Thunderbolt|p2a: Great Tusk
|-immune|p2a: Great Tusk
|
|upkeep
|turn|22
|
|t:|1758934935
|move|p1a: Rotom|Thunderbolt|p2a: Great Tusk
|-immune|p2a: Great Tusk
|move|p2a: Great Tusk|Ice Spinner|p1a: Rotom
|-damage|p1a: Rotom|0 fnt
|faint|p1a: Rotom
|
|upkeep
|
|t:|1758934945
|switch|p1a: Darkrai|Darkrai|66/100
|turn|23
|
|t:|1758934951
|move|p1a: Darkrai|Ice Beam|p2a: Great Tusk
|-supereffective|p2a: Great Tusk
|-damage|p2a: Great Tusk|0 fnt
|faint|p2a: Great Tusk
|-end|p2a: Great Tusk|Protosynthesis|[silent]
|
|upkeep
|
|t:|1758934955
|switch|p2a: Primarina|Primarina, M|70/100
|turn|24
|
|t:|1758934971
|switch|p1a: Flamigo|Flamigo, M|70/100
|move|p2a: Primarina|Moonblast|p1a: Flamigo
|-supereffective|p1a: Flamigo
|-damage|p1a: Flamigo|0 fnt
|faint|p1a: Flamigo
|
|upkeep
|
|t:|1758934978
|switch|p1a: Darkrai|Darkrai|66/100
|turn|25
|
|t:|1758934981
|-terastallize|p1a: Darkrai|Ghost
|move|p1a: Darkrai|Dark Pulse|p2a: Primarina
|-resisted|p2a: Primarina
|-damage|p2a: Primarina|51/100
|cant|p2a: Primarina|flinch
|
|upkeep
|turn|26
|
|t:|1758934988
|move|p1a: Darkrai|Dark Pulse|p2a: Primarina
|-resisted|p2a: Primarina
|-damage|p2a: Primarina|30/100
|cant|p2a: Primarina|flinch
|
|upkeep
|turn|27
|
|t:|1758934993
|move|p1a: Darkrai|Dark Pulse|p2a: Primarina
|-resisted|p2a: Primarina
|-damage|p2a: Primarina|11/100
|move|p2a: Primarina|Surf|p1a: Darkrai
|-damage|p1a: Darkrai|0 fnt
|faint|p1a: Darkrai
|
|win|the bosa
|raw|Team BBIO 38's rating: 1343 &rarr; <strong>1321</strong><br />(-22 for losing)
|raw|the bosa's rating: 1305 &rarr; <strong>1327</strong><br />(+22 for winning)
|l|☆Team BBIO 38
|player|p1|
|l|☆the bosa
|player|p2|
