|j|☆ik at all
|j|☆GROGOLIOS TV
|t:|1759054171
|gametype|singles
|player|p1|ik at all|ingo|1416
|player|p2|GROGOLIOS TV|roxie|1473
|gen|9
|tier|[Gen 9] OU
|rated|
|rule|HP Percentage Mod: HP is shown in percentages
|rule|Endless Battle Clause: Forcing endless battles is banned
|rule|Species Clause: Limit one of each Pokémon
|rule|OHKO Clause: OHKO moves are banned
|rule|Evasion Items Clause: Evasion items are banned
|rule|Evasion Moves Clause: Evasion moves are banned
|rule|Evasion Abilities Clause: Evasion abilities are banned
|rule|Sleep Moves Clause: Sleep-inducing moves are banned
|clearpoke
|poke|p1|Volcanion|
|poke|p1|Great Tusk|
|poke|p1|Tornadus-Therian, M|
|poke|p1|Brambleghast, M|
|poke|p1|Rillaboom, M|
|poke|p1|Tinkaton, F|
|poke|p2|Hoopa-Unbound|
|poke|p2|Hydrapple, M|
|poke|p2|Scizor, M|
|poke|p2|Slowking-Galar, F|
|poke|p2|Alomomola, M|
|poke|p2|Forretress, M|
|teampreview
|inactive|Battle timer is ON: inactive players will automatically lose when time's up. (requested by ik at all)
|
|t:|1759054180
|teamsize|p1|6
|teamsize|p2|6
|start
|switch|p1a: Volcanion|Volcanion|100/100
|switch|p2a: Hoopa|Hoopa-Unbound|100/100
|turn|1
|
|t:|1759054185
|move|p2a: Hoopa|Thunderbolt|p1a: Volcanion
|-supereffective|p1a: Volcanion
|-damage|p1a: Volcanion|1/100
|move|p1a: Volcanion|Steam Eruption|p2a: Hoopa
|-damage|p2a: Hoopa|21/100
|
|upkeep
|turn|2
|
|t:|1759054197
|switch|p2a: Hydrapple|Hydrapple, M|100/100
|switch|p1a: Rillaboom|Rillaboom, M|100/100
|-fieldstart|move: Grassy Terrain|[from] ability: Grassy Surge|[of] p1a: Rillaboom
|
|upkeep
|turn|3
|
|t:|1759054206
|switch|p2a: Forretress|Forretress, M|100/100
|move|p1a: Rillaboom|Knock Off|p2a: Forretress
|-damage|p2a: Forretress|72/100
|-enditem|p2a: Forretress|Leftovers|[from] move: Knock Off|[of] p1a: Rillaboom
|
|-heal|p2a: Forretress|78/100|[from] Grassy Terrain
|upkeep
|turn|4
|
|t:|1759054216
|switch|p1a: Tornadus|Tornadus-Therian, M|100/100
|move|p2a: Forretress|Stealth Rock|p1a: Tornadus
|-sidestart|p1: ik at all|move: Stealth Rock
|
|-heal|p2a: Forretress|85/100|[from] Grassy Terrain
|upkeep
|turn|5
|
|t:|1759054226
|switch|p2a: Slowking|Slowking-Galar, F|100/100
|move|p1a: Tornadus|Nasty Plot|p1a: Tornadus
|-boost|p1a: Tornadus|spa|2
|
|upkeep
|turn|6
|
|t:|1759054231
|-terastallize|p1a: Tornadus|Dark
|move|p1a: Tornadus|Dark Pulse|p2a: Slowking
|-supereffective|p2a: Slowking
|-damage|p2a: Slowking|0 fnt
|faint|p2a: Slowking
|-damage|p1a: Tornadus|91/100|[from] item: Life Orb
|
|-heal|p1a: Tornadus|97/100|[from] Grassy Terrain
|-fieldend|move: Grassy Terrain
|upkeep
|
|t:|1759054249
|switch|p2a: Hydrapple|Hydrapple, M|100/100
|turn|7
|
|t:|1759054255
|-terastallize|p2a: Hydrapple|Steel
|move|p1a: Tornadus|Dark Pulse|p2a: Hydrapple
|-damage|p2a: Hydrapple|54/100
|-damage|p1a: Tornadus|87/100|[from] item: Life Orb
|cant|p2a: Hydrapple|flinch
|
|upkeep
|turn|8
|c|☆GROGOLIOS TV|brro
|
|t:|1759054267
|move|p1a: Tornadus|Dark Pulse|p2a: Hydrapple
|-damage|p2a: Hydrapple|10/100
|-damage|p1a: Tornadus|77/100|[from] item: Life Orb
|move|p2a: Hydrapple|Fickle Beam|p1a: Tornadus
|-damage|p1a: Tornadus|34/100
|
|upkeep
|turn|9
|c|☆ik at all|tornadus do ur best jirachi
|
|t:|1759054278
|switch|p2a: Forretress|Forretress, M|85/100
|move|p1a: Tornadus|Dark Pulse|p2a: Forretress
|-damage|p2a: Forretress|0 fnt
|faint|p2a: Forretress
|-damage|p1a: Tornadus|25/100|[from] item: Life Orb
|
|upkeep
|
|t:|1759054289
|switch|p2a: Scizor|Scizor, M|100/100
|turn|10
|
|t:|1759054299
|switch|p1a: Great Tusk|Great Tusk|100/100
|-damage|p1a: Great Tusk|98/100|[from] Stealth Rock
|move|p2a: Scizor|Bullet Punch|p1a: Great Tusk
|-damage|p1a: Great Tusk|60/100
|-damage|p2a: Scizor|84/100|[from] item: Rocky Helmet|[of] p1a: Great Tusk
|
|upkeep
|turn|11
|
|t:|1759054314
|switch|p2a: Alomomola|Alomomola, M|100/100
|move|p1a: Great Tusk|Rapid Spin|p2a: Alomomola
|-damage|p2a: Alomomola|92/100
|-boost|p1a: Great Tusk|spe|1
|-sideend|p1: ik at all|Stealth Rock|[from] move: Rapid Spin|[of] p1a: Great Tusk
|
|-heal|p2a: Alomomola|98/100|[from] item: Leftovers
|upkeep
|turn|12
|
|t:|1759054327
|-end|p1a: Great Tusk|Protosynthesis|[silent]
|switch|p1a: Volcanion|Volcanion|1/100
|move|p2a: Alomomola|Flip Turn|p1a: Volcanion
|-heal|p1a: Volcanion|26/100|[from] ability: Water Absorb|[of] p2a: Alomomola
|
|-heal|p2a: Alomomola|100/100|[from] item: Leftovers
|upkeep
|turn|13
|
|t:|1759054344
|move|p1a: Volcanion|Sludge Bomb|p2a: Alomomola
|-damage|p2a: Alomomola|40/100
|move|p2a: Alomomola|Wish|p2a: Alomomola
|
|-heal|p2a: Alomomola|46/100|[from] item: Leftovers
|upkeep
|turn|14
|
|t:|1759054347
|switch|p2a: Hydrapple|Hydrapple, M, tera:Steel|44/100
|move|p1a: Volcanion|Sludge Bomb|p2a: Hydrapple
|-immune|p2a: Hydrapple
|
|-heal|p2a: Hydrapple|100/100|[from] move: Wish|[wisher] Alomomola
|upkeep
|turn|15
|
|t:|1759054355
|switch|p1a: Tinkaton|Tinkaton, F|100/100
|-item|p1a: Tinkaton|Air Balloon
|move|p2a: Hydrapple|Earth Power|p1a: Tinkaton
|-immune|p1a: Tinkaton
|
|upkeep
|turn|16
|
|t:|1759054360
|move|p1a: Tinkaton|Encore|p2a: Hydrapple
|-start|p2a: Hydrapple|Encore
|move|p2a: Hydrapple|Earth Power|p1a: Tinkaton
|-immune|p1a: Tinkaton
|
|upkeep
|turn|17
|
|t:|1759054364
|switch|p2a: Alomomola|Alomomola, M|79/100
|move|p1a: Tinkaton|Knock Off|p2a: Alomomola
|-damage|p2a: Alomomola|70/100
|-enditem|p2a: Alomomola|Leftovers|[from] move: Knock Off|[of] p1a: Tinkaton
|
|upkeep
|turn|18
|
|t:|1759054373
|switch|p1a: Volcanion|Volcanion|26/100
|move|p2a: Alomomola|Wish|p2a: Alomomola
|
|upkeep
|turn|19
|
|t:|1759054377
|switch|p2a: Hydrapple|Hydrapple, M, tera:Steel|100/100
|move|p1a: Volcanion|Flamethrower|p2a: Hydrapple
|-supereffective|p2a: Hydrapple
|-crit|p2a: Hydrapple
|-damage|p2a: Hydrapple|0 fnt
|faint|p2a: Hydrapple
|
|upkeep
|c|☆GROGOLIOS TV|bro
|
|t:|1759054387
|switch|p2a: Hoopa|Hoopa-Unbound|21/100
|turn|20
|
|t:|1759054409
|switch|p1a: Great Tusk|Great Tusk|60/100
|move|p2a: Hoopa|Dark Pulse|p1a: Great Tusk
|-resisted|p1a: Great Tusk
|-damage|p1a: Great Tusk|22/100
|
|upkeep
|turn|21
|
|t:|1759054417
|move|p2a: Hoopa|Dark Pulse|p1a: Great Tusk
|-resisted|p1a: Great Tusk
|-damage|p1a: Great Tusk|0 fnt
|faint|p1a: Great Tusk
|-end|p1a: Great Tusk|Protosynthesis|[silent]
|
|upkeep
|
|t:|1759054426
|switch|p1a: Brambleghast|Brambleghast, M, shiny|100/100
|turn|22
|
|t:|1759054432
|move|p1a: Brambleghast|Shadow Sneak|p2a: Hoopa
|-damage|p2a: Hoopa|0 fnt
|faint|p2a: Hoopa
|-damage|p1a: Brambleghast|91/100|[from] item: Life Orb
|
|upkeep
|
|t:|1759054435
|switch|p2a: Scizor|Scizor, M|84/100
|turn|23
|
|t:|1759054442
|move|p1a: Brambleghast|Poltergeist|p2a: Scizor
|-activate|p2a: Scizor|move: Poltergeist|Choice Band
|-damage|p2a: Scizor|17/100
|-damage|p1a: Brambleghast|81/100|[from] item: Life Orb
|move|p2a: Scizor|Knock Off|p1a: Brambleghast
|-supereffective|p1a: Brambleghast
|-crit|p1a: Brambleghast
|-damage|p1a: Brambleghast|0 fnt
|-enditem|p1a: Brambleghast|Life Orb|[from] move: Knock Off|[of] p2a: Scizor
|faint|p1a: Brambleghast
|
|upkeep
|
|t:|1759054453
|switch|p1a: Volcanion|Volcanion|26/100
|turn|24
|
|t:|1759054462
|switch|p2a: Alomomola|Alomomola, M|100/100
|move|p1a: Volcanion|Flamethrower|p2a: Alomomola
|-resisted|p2a: Alomomola
|-damage|p2a: Alomomola|57/100
|
|upkeep
|turn|25
|
|t:|1759054468
|move|p1a: Volcanion|Flamethrower|p2a: Alomomola
|-resisted|p2a: Alomomola
|-damage|p2a: Alomomola|8/100
|move|p2a: Alomomola|Wish|p2a: Alomomola
|
|upkeep
|turn|26
|
|t:|1759054473
|move|p1a: Volcanion|Flamethrower|p2a: Alomomola
|-resisted|p2a: Alomomola
|-damage|p2a: Alomomola|0 fnt
|faint|p2a: Alomomola
|
|upkeep
|
|t:|1759054475
|switch|p2a: Scizor|Scizor, M|17/100
|turn|27
|
|t:|1759054483
|move|p2a: Scizor|Bullet Punch|p1a: Volcanion
|-resisted|p1a: Volcanion
|-damage|p1a: Volcanion|13/100
|move|p1a: Volcanion|Flamethrower|p2a: Scizor
|-supereffective|p2a: Scizor
|-damage|p2a: Scizor|0 fnt
|faint|p2a: Scizor
|
|win|ik at all
|raw|ik at all's rating: 1416 &rarr; <strong>1439</strong><br />(+23 for winning)
|raw|GROGOLIOS TV's rating: 1473 &rarr; <strong>1450</strong><br />(-23 for losing)
|l|☆GROGOLIOS TV
|player|p2|
