|j|☆Joru76
|j|☆StrangerDanger55
|t:|1759038176
|gametype|singles
|player|p1|Joru76|pokemonranger-gen4|1095
|player|p2|StrangerDanger55|unknown|1135
|gen|9
|tier|[Gen 9] OU
|rated|
|rule|HP Percentage Mod: HP is shown in percentages
|rule|Endless Battle Clause: Forcing endless battles is banned
|rule|Species Clause: Limit one of each Pokémon
|rule|OHKO Clause: OHKO moves are banned
|rule|Evasion Items Clause: Evasion items are banned
|rule|Evasion Moves Clause: Evasion moves are banned
|rule|Evasion Abilities Clause: Evasion abilities are banned
|rule|Sleep Moves Clause: Sleep-inducing moves are banned
|clearpoke
|poke|p1|Blaziken, M|
|poke|p1|Metagross|
|poke|p1|Milotic, F|
|poke|p1|Salamence, M|
|poke|p1|Flygon, M|
|poke|p1|Shiftry, M|
|poke|p2|Torkoal, M|
|poke|p2|Charizard, M|
|poke|p2|Venusaur, F|
|poke|p2|Gyarados, F|
|poke|p2|Hatterene, F|
|poke|p2|Corviknight, M|
|teampreview
|inactive|Battle timer is ON: inactive players will automatically lose when time's up. (requested by Joru76)
|
|t:|1759038199
|teamsize|p1|6
|teamsize|p2|6
|start
|switch|p1a: Milotic|Milotic, F, shiny|100/100
|switch|p2a: Hatterene|Hatterene, F|100/100
|turn|1
|
|t:|1759038207
|move|p1a: Milotic|Scald|p2a: Hatterene
|-damage|p2a: Hatterene|67/100
|move|p2a: Hatterene|Light Screen|p2a: Hatterene
|-sidestart|p2: StrangerDanger55|move: Light Screen
|
|-status|p1a: Milotic|brn|[from] item: Flame Orb
|upkeep
|turn|2
|
|t:|1759038214
|move|p1a: Milotic|Flip Turn|p2a: Hatterene
|-damage|p2a: Hatterene|61/100
|
|t:|1759038217
|switch|p1a: Metagross|Metagross, shiny|100/100|[from] Flip Turn
|move|p2a: Hatterene|Reflect|p2a: Hatterene
|-sidestart|p2: StrangerDanger55|Reflect
|
|upkeep
|turn|3
|
|t:|1759038230
|switch|p2a: Torkoal|Torkoal, M|100/100
|-weather|SunnyDay|[from] ability: Drought|[of] p2a: Torkoal
|move|p1a: Metagross|Psychic Fangs|p2a: Torkoal
|-sideend|p2: StrangerDanger55|Reflect
|-sideend|p2: StrangerDanger55|move: Light Screen
|-damage|p2a: Torkoal|70/100
|
|-weather|SunnyDay|[upkeep]
|upkeep
|turn|4
|
|t:|1759038243
|move|p1a: Metagross|Knock Off|p2a: Torkoal
|-damage|p2a: Torkoal|47/100
|-enditem|p2a: Torkoal|Heat Rock|[from] move: Knock Off|[of] p1a: Metagross
|move|p2a: Torkoal|Stealth Rock|p1a: Metagross
|-sidestart|p1: Joru76|move: Stealth Rock
|
|-weather|SunnyDay|[upkeep]
|upkeep
|turn|5
|
|t:|1759038268
|move|p1a: Metagross|Psychic Fangs|p2a: Torkoal
|-damage|p2a: Torkoal|15/100
|move|p2a: Torkoal|Earth Power|p1a: Metagross
|-supereffective|p1a: Metagross
|-damage|p1a: Metagross|76/100
|
|-weather|SunnyDay|[upkeep]
|upkeep
|turn|6
|inactive|Joru76 has 120 seconds left.
|
|t:|1759038301
|switch|p2a: Corviknight|Corviknight, M|100/100
|move|p1a: Metagross|Knock Off|p2a: Corviknight
|-damage|p2a: Corviknight|71/100
|-damage|p1a: Metagross|60/100|[from] item: Rocky Helmet|[of] p2a: Corviknight
|-enditem|p2a: Corviknight|Rocky Helmet|[from] move: Knock Off|[of] p1a: Metagross
|
|-weather|SunnyDay|[upkeep]
|upkeep
|turn|7
|inactive|Joru76 has 120 seconds left.
|
|t:|1759038330
|move|p1a: Metagross|Shadow Claw|p2a: Corviknight
|-damage|p2a: Corviknight|50/100
|move|p2a: Corviknight|Iron Defense|p2a: Corviknight
|-boost|p2a: Corviknight|def|2
|
|-weather|SunnyDay|[upkeep]
|upkeep
|turn|8
|inactive|StrangerDanger55 has 120 seconds left.
|
|t:|1759038357
|switch|p1a: Flygon|Flygon, M, shiny|100/100
|-damage|p1a: Flygon|95/100|[from] Stealth Rock
|move|p2a: Corviknight|Iron Defense|p2a: Corviknight
|-boost|p2a: Corviknight|def|2
|
|-weather|SunnyDay|[upkeep]
|upkeep
|turn|9
|
|t:|1759038364
|move|p2a: Corviknight|Body Press|p1a: Flygon
|-damage|p1a: Flygon|33/100
|move|p1a: Flygon|Dragon Tail|p2a: Corviknight
|-resisted|p2a: Corviknight
|-damage|p2a: Corviknight|46/100
|drag|p2a: Venusaur|Venusaur, F|100/100
|
|-weather|SunnyDay|[upkeep]
|upkeep
|turn|10
|inactive|Joru76 has 120 seconds left.
|
|t:|1759038377
|switch|p1a: Salamence|Salamence, M, shiny|100/100
|-damage|p1a: Salamence|75/100|[from] Stealth Rock
|move|p2a: Venusaur|Solar Beam||[still]
|-prepare|p2a: Venusaur|Solar Beam
|-anim|p2a: Venusaur|Solar Beam|p1a: Salamence
|-resisted|p1a: Salamence
|-damage|p1a: Salamence|67/100
|
|-weather|none
|upkeep
|turn|11
|inactive|Joru76 has 120 seconds left.
|
|t:|1759038396
|switch|p2a: Corviknight|Corviknight, M|46/100
|move|p1a: Salamence|Dual Wingbeat|p2a: Corviknight|[miss]
|-miss|p1a: Salamence|p2a: Corviknight
|
|upkeep
|turn|12
|
|t:|1759038403
|move|p1a: Salamence|Temper Flare|p2a: Corviknight
|-supereffective|p2a: Corviknight
|-damage|p2a: Corviknight|0 fnt
|faint|p2a: Corviknight
|-ability|p1a: Salamence|Moxie|boost
|-boost|p1a: Salamence|atk|1
|
|upkeep
|
|t:|1759038409
|switch|p2a: Gyarados|Gyarados, F|100/100
|turn|13
|inactive|Joru76 has 120 seconds left.
|
|t:|1759038425
|move|p2a: Gyarados|Ice Fang|p1a: Salamence
|-supereffective|p1a: Salamence
|-crit|p1a: Salamence
|-damage|p1a: Salamence|0 fnt
|faint|p1a: Salamence
|-ability|p2a: Gyarados|Moxie|boost
|-boost|p2a: Gyarados|atk|1
|
|upkeep
|
|t:|1759038432
|switch|p1a: Shiftry|Shiftry, M, shiny|100/100
|-damage|p1a: Shiftry|88/100|[from] Stealth Rock
|turn|14
|inactive|Joru76 has 120 seconds left.
|
|t:|1759038445
|switch|p1a: Milotic|Milotic, F, shiny|100/100 brn
|-damage|p1a: Milotic|88/100 brn|[from] Stealth Rock
|move|p2a: Gyarados|Ice Fang|p1a: Milotic
|-resisted|p1a: Milotic
|-damage|p1a: Milotic|76/100 brn
|
|-damage|p1a: Milotic|70/100 brn|[from] brn
|upkeep
|turn|15
|inactive|Joru76 has 120 seconds left.
|
|t:|1759038456
|move|p2a: Gyarados|Dragon Dance|p2a: Gyarados
|-boost|p2a: Gyarados|atk|1
|-boost|p2a: Gyarados|spe|1
|move|p1a: Milotic|Ice Beam|p2a: Gyarados
|-damage|p2a: Gyarados|73/100
|
|-damage|p1a: Milotic|63/100 brn|[from] brn
|upkeep
|turn|16
|
|t:|1759038465
|move|p2a: Gyarados|Dragon Dance|p2a: Gyarados
|-boost|p2a: Gyarados|atk|1
|-boost|p2a: Gyarados|spe|1
|move|p1a: Milotic|Scald|p2a: Gyarados
|-resisted|p2a: Gyarados
|-damage|p2a: Gyarados|52/100
|
|-damage|p1a: Milotic|57/100 brn|[from] brn
|upkeep
|turn|17
|
|t:|1759038472
|move|p2a: Gyarados|Crunch|p1a: Milotic
|-damage|p1a: Milotic|5/100 brn
|move|p1a: Milotic|Scald|p2a: Gyarados
|-resisted|p2a: Gyarados
|-damage|p2a: Gyarados|33/100
|-status|p2a: Gyarados|brn
|
|-damage|p2a: Gyarados|27/100 brn|[from] brn
|-damage|p1a: Milotic|0 fnt|[from] brn
|faint|p1a: Milotic
|upkeep
|inactive|Joru76 has 120 seconds left.
|
|t:|1759038490
|switch|p1a: Shiftry|Shiftry, M, shiny|88/100
|-damage|p1a: Shiftry|76/100|[from] Stealth Rock
|turn|18
|
|t:|1759038503
|move|p1a: Shiftry|Sucker Punch|p2a: Gyarados
|-damage|p2a: Gyarados|0 fnt
|faint|p2a: Gyarados
|
|upkeep
|
|t:|1759038508
|switch|p2a: Torkoal|Torkoal, M|15/100
|-weather|SunnyDay|[from] ability: Drought|[of] p2a: Torkoal
|turn|19
|
|t:|1759038521
|-terastallize|p1a: Shiftry|Dark
|move|p1a: Shiftry|Tailwind|p1a: Shiftry
|-sidestart|p1: Joru76|move: Tailwind
|-ability|p1a: Shiftry|Wind Rider|boost
|-boost|p1a: Shiftry|atk|1
|move|p2a: Torkoal|Earth Power|p1a: Shiftry
|-crit|p1a: Shiftry
|-damage|p1a: Shiftry|34/100
|
|-weather|SunnyDay|[upkeep]
|upkeep
|turn|20
|
|t:|1759038532
|move|p1a: Shiftry|Knock Off|p2a: Torkoal
|-crit|p2a: Torkoal
|-damage|p2a: Torkoal|0 fnt
|faint|p2a: Torkoal
|
|-weather|SunnyDay|[upkeep]
|upkeep
|
|t:|1759038534
|switch|p2a: Venusaur|Venusaur, F|100/100
|turn|21
|
|t:|1759038540
|-terastallize|p2a: Venusaur|Fire
|move|p1a: Shiftry|Knock Off|p2a: Venusaur
|-damage|p2a: Venusaur|18/100
|-enditem|p2a: Venusaur|Weakness Policy|[from] move: Knock Off|[of] p1a: Shiftry
|move|p2a: Venusaur|Weather Ball|p1a: Shiftry
|-damage|p1a: Shiftry|0 fnt
|faint|p1a: Shiftry
|
|-weather|SunnyDay|[upkeep]
|upkeep
|
|t:|1759038551
|switch|p1a: Flygon|Flygon, M, shiny|33/100
|-damage|p1a: Flygon|27/100|[from] Stealth Rock
|turn|22
|
|t:|1759038556
|move|p1a: Flygon|First Impression|p2a: Venusaur
|-resisted|p2a: Venusaur
|-damage|p2a: Venusaur|6/100
|move|p2a: Venusaur|Solar Beam||[still]
|-prepare|p2a: Venusaur|Solar Beam
|-anim|p2a: Venusaur|Solar Beam|p1a: Flygon
|-damage|p1a: Flygon|0 fnt
|faint|p1a: Flygon
|
|-weather|SunnyDay|[upkeep]
|-sideend|p1: Joru76|move: Tailwind
|upkeep
|
|t:|1759038564
|switch|p1a: Metagross|Metagross, shiny|60/100
|-damage|p1a: Metagross|54/100|[from] Stealth Rock
|turn|23
|
|t:|1759038569
|move|p1a: Metagross|Bullet Punch|p2a: Venusaur
|-resisted|p2a: Venusaur
|-damage|p2a: Venusaur|0 fnt
|faint|p2a: Venusaur
|
|-weather|none
|upkeep
|
|t:|1759038573
|switch|p2a: Charizard|Charizard, M|100/100
|turn|24
|
|t:|1759038577
|switch|p1a: Blaziken|Blaziken, M|100/100
|-damage|p1a: Blaziken|88/100|[from] Stealth Rock
|-item|p1a: Blaziken|Air Balloon
|move|p2a: Charizard|Sunny Day|p2a: Charizard
|-weather|SunnyDay
|
|-weather|SunnyDay|[upkeep]
|-damage|p2a: Charizard|88/100|[from] ability: Solar Power|[of] p2a: Charizard
|upkeep
|turn|25
|
|t:|1759038586
|move|p2a: Charizard|Ancient Power|p1a: Blaziken
|-damage|p1a: Blaziken|51/100
|-enditem|p1a: Blaziken|Air Balloon
|move|p1a: Blaziken|Swords Dance|p1a: Blaziken
|-boost|p1a: Blaziken|atk|2
|
|-weather|SunnyDay|[upkeep]
|-damage|p2a: Charizard|76/100|[from] ability: Solar Power|[of] p2a: Charizard
|-ability|p1a: Blaziken|Speed Boost|boost
|-boost|p1a: Blaziken|spe|1
|upkeep
|turn|26
|
|t:|1759038595
|move|p1a: Blaziken|Detect|p1a: Blaziken
|-singleturn|p1a: Blaziken|Protect
|move|p2a: Charizard|Dragon Breath|p1a: Blaziken
|-activate|p1a: Blaziken|move: Protect
|
|-weather|SunnyDay|[upkeep]
|-damage|p2a: Charizard|63/100|[from] ability: Solar Power|[of] p2a: Charizard
|-ability|p1a: Blaziken|Speed Boost|boost
|-boost|p1a: Blaziken|spe|1
|upkeep
|turn|27
|
|t:|1759038624
|move|p1a: Blaziken|Acrobatics|p2a: Charizard
|-crit|p2a: Charizard
|-damage|p2a: Charizard|0 fnt
|faint|p2a: Charizard
|
|-weather|SunnyDay|[upkeep]
|-ability|p1a: Blaziken|Speed Boost|boost
|-boost|p1a: Blaziken|spe|1
|upkeep
|
|t:|1759038627
|switch|p2a: Hatterene|Hatterene, F|61/100
|turn|28
|
|t:|1759038636
|move|p1a: Blaziken|Flare Blitz|p2a: Hatterene
|-damage|p2a: Hatterene|0 fnt
|faint|p2a: Hatterene
|-damage|p1a: Blaziken|32/100|[from] Recoil
|
|win|Joru76
|raw|Joru76's rating: 1095 &rarr; <strong>1124</strong><br />(+29 for winning)
|raw|StrangerDanger55's rating: 1135 &rarr; <strong>1107</strong><br />(-28 for losing)
|l|☆StrangerDanger55
|player|p2|
|l|☆Joru76
|player|p1|
