|j|☆DowDadderLemon
|j|☆madaraamapau
|t:|1758991309
|gametype|singles
|player|p1|DowDadderLemon|cynthia-masters|1255
|player|p2|madaraamapau|cynthia|1257
|gen|9
|tier|[Gen 9] OU
|rated|
|rule|HP Percentage Mod: HP is shown in percentages
|rule|Endless Battle Clause: Forcing endless battles is banned
|rule|Species Clause: Limit one of each Pokémon
|rule|OHKO Clause: OHKO moves are banned
|rule|Evasion Items Clause: Evasion items are banned
|rule|Evasion Moves Clause: Evasion moves are banned
|rule|Evasion Abilities Clause: Evasion abilities are banned
|rule|Sleep Moves Clause: Sleep-inducing moves are banned
|clearpoke
|poke|p1|Gholdengo|
|poke|p1|Ogerpon, F|
|poke|p1|Empoleon, F|
|poke|p1|Cinderace, M|
|poke|p1|Malamar, M|
|poke|p1|Araquanid, M|
|poke|p2|Dragapult, F|
|poke|p2|Gliscor, M|
|poke|p2|Toxapex, M|
|poke|p2|Gholdengo|
|poke|p2|Kingambit, F|
|poke|p2|Garganacl, M|
|teampreview
|inactive|Battle timer is ON: inactive players will automatically lose when time's up. (requested by DowDadderLemon)
|
|t:|1758991322
|teamsize|p1|6
|teamsize|p2|6
|start
|switch|p1a: Araquanid|Araquanid, M|100/100
|switch|p2a: Garganacl|Garganacl, M|100/100
|turn|1
|
|t:|1758991335
|-terastallize|p2a: Garganacl|Fairy
|move|p1a: Araquanid|Surf|p2a: Garganacl
|-damage|p2a: Garganacl|64/100
|move|p2a: Garganacl|Salt Cure|p1a: Araquanid
|-supereffective|p1a: Araquanid
|-damage|p1a: Araquanid|69/100
|-start|p1a: Araquanid|Salt Cure
|
|-heal|p2a: Garganacl|70/100|[from] item: Leftovers
|-damage|p1a: Araquanid|44/100|[from] Salt Cure
|upkeep
|turn|2
|
|t:|1758991343
|move|p1a: Araquanid|Sticky Web|p2a: Garganacl
|-sidestart|p2: madaraamapau|move: Sticky Web
|move|p2a: Garganacl|Recover|p2a: Garganacl
|-heal|p2a: Garganacl|100/100
|
|-damage|p1a: Araquanid|19/100|[from] Salt Cure
|upkeep
|turn|3
|
|t:|1758991354
|switch|p1a: Gholdengo|Gholdengo|100/100
|move|p2a: Garganacl|Salt Cure|p1a: Gholdengo
|-resisted|p1a: Gholdengo
|-damage|p1a: Gholdengo|96/100
|-start|p1a: Gholdengo|Salt Cure
|
|-damage|p1a: Gholdengo|71/100|[from] Salt Cure
|upkeep
|turn|4
|
|t:|1758991365
|switch|p1a: Cinderace|Cinderace, M|100/100
|move|p2a: Garganacl|Protect||[still]
|-fail|p2a: Garganacl
|
|upkeep
|turn|5
|
|t:|1758991373
|move|p1a: Cinderace|Court Change|p1a: Cinderace
|-start|p1a: Cinderace|typechange|Normal|[from] ability: Libero
|-swapsideconditions
|-activate|p1a: Cinderace|move: Court Change
|move|p2a: Garganacl|Salt Cure|p1a: Cinderace
|-damage|p1a: Cinderace|84/100
|-start|p1a: Cinderace|Salt Cure
|
|-damage|p1a: Cinderace|71/100|[from] Salt Cure
|upkeep
|turn|6
|
|t:|1758991386
|move|p1a: Cinderace|U-turn|p2a: Garganacl
|-resisted|p2a: Garganacl
|-damage|p2a: Garganacl|95/100
|
|t:|1758991399
|switch|p1a: Araquanid|Araquanid, M|19/100|[from] U-turn
|-activate|p1a: Araquanid|move: Sticky Web
|-unboost|p1a: Araquanid|spe|1
|move|p2a: Garganacl|Salt Cure|p1a: Araquanid
|-supereffective|p1a: Araquanid
|-damage|p1a: Araquanid|0 fnt
|faint|p1a: Araquanid
|
|-heal|p2a: Garganacl|100/100|[from] item: Leftovers
|upkeep
|inactive|DowDadderLemon has 120 seconds left.
|
|t:|1758991419
|switch|p1a: Malamar|Malamar, M|100/100
|-activate|p1a: Malamar|move: Sticky Web
|-boost|p1a: Malamar|spe|1
|turn|7
|
|t:|1758991429
|move|p1a: Malamar|Substitute|p1a: Malamar
|-start|p1a: Malamar|Substitute
|-damage|p1a: Malamar|76/100
|move|p2a: Garganacl|Salt Cure|p1a: Malamar
|-activate|p1a: Malamar|move: Substitute|[damage]
|
|-heal|p1a: Malamar|82/100|[from] item: Leftovers
|upkeep
|turn|8
|
|t:|1758991443
|move|p1a: Malamar|Superpower|p2a: Garganacl
|-resisted|p2a: Garganacl
|-damage|p2a: Garganacl|91/100
|-boost|p1a: Malamar|atk|1
|-boost|p1a: Malamar|def|1
|move|p2a: Garganacl|Salt Cure|p1a: Malamar
|-end|p1a: Malamar|Substitute
|
|-heal|p1a: Malamar|88/100|[from] item: Leftovers
|-heal|p2a: Garganacl|97/100|[from] item: Leftovers
|upkeep
|turn|9
|
|t:|1758991456
|move|p1a: Malamar|Substitute|p1a: Malamar
|-start|p1a: Malamar|Substitute
|-damage|p1a: Malamar|63/100
|move|p2a: Garganacl|Salt Cure|p1a: Malamar
|-activate|p1a: Malamar|move: Substitute|[damage]
|
|-heal|p1a: Malamar|69/100|[from] item: Leftovers
|-heal|p2a: Garganacl|100/100|[from] item: Leftovers
|upkeep
|turn|10
|
|t:|1758991460
|move|p1a: Malamar|Disable|p2a: Garganacl
|-start|p2a: Garganacl|Disable|Salt Cure
|cant|p2a: Garganacl|Disable|Salt Cure
|
|-heal|p1a: Malamar|75/100|[from] item: Leftovers
|upkeep
|turn|11
|
|t:|1758991469
|move|p1a: Malamar|Superpower|p2a: Garganacl
|-resisted|p2a: Garganacl
|-damage|p2a: Garganacl|86/100
|-boost|p1a: Malamar|atk|1
|-boost|p1a: Malamar|def|1
|move|p2a: Garganacl|Stealth Rock|p1a: Malamar
|-sidestart|p1: DowDadderLemon|move: Stealth Rock
|
|-heal|p1a: Malamar|81/100|[from] item: Leftovers
|-heal|p2a: Garganacl|92/100|[from] item: Leftovers
|upkeep
|turn|12
|
|t:|1758991478
|switch|p2a: lagartixa|Dragapult, F|100/100
|move|p1a: Malamar|Superpower|p2a: lagartixa
|-immune|p2a: lagartixa
|
|-heal|p1a: Malamar|87/100|[from] item: Leftovers
|upkeep
|turn|13
|inactive|madaraamapau has 120 seconds left.
|
|t:|1758991508
|move|p2a: lagartixa|U-turn|p1a: Malamar
|-supereffective|p1a: Malamar
|-damage|p1a: Malamar|43/100
|inactive|madaraamapau has 120 seconds left.
|
|t:|1758991516
|switch|p2a: Toxapex|Toxapex, M|100/100|[from] U-turn
|move|p1a: Malamar|Knock Off|p2a: Toxapex
|-damage|p2a: Toxapex|41/100
|-enditem|p2a: Toxapex|Heavy-Duty Boots|[from] move: Knock Off|[of] p1a: Malamar
|
|-heal|p1a: Malamar|49/100|[from] item: Leftovers
|upkeep
|turn|14
|inactive|madaraamapau has 120 seconds left.
|
|t:|1758991528
|switch|p2a: lagartixa|Dragapult, F|100/100
|move|p1a: Malamar|Knock Off|p2a: lagartixa
|-supereffective|p2a: lagartixa
|-damage|p2a: lagartixa|0 fnt
|-enditem|p2a: lagartixa|Choice Specs|[from] move: Knock Off|[of] p1a: Malamar
|faint|p2a: lagartixa
|
|-heal|p1a: Malamar|55/100|[from] item: Leftovers
|upkeep
|inactive|madaraamapau has 120 seconds left.
|
|t:|1758991544
|switch|p2a: cleiton|Gliscor, M|100/100
|turn|15
|
|t:|1758991548
|move|p1a: Malamar|Superpower|p2a: cleiton
|-resisted|p2a: cleiton
|-damage|p2a: cleiton|83/100
|-boost|p1a: Malamar|atk|1
|-boost|p1a: Malamar|def|1
|move|p2a: cleiton|Earthquake|p1a: Malamar
|-crit|p1a: Malamar
|-end|p1a: Malamar|Substitute
|
|-heal|p1a: Malamar|61/100|[from] item: Leftovers
|-status|p2a: cleiton|tox|[from] item: Toxic Orb
|upkeep
|turn|16
|inactive|madaraamapau has 120 seconds left.
|
|t:|1758991558
|move|p1a: Malamar|Substitute|p1a: Malamar
|-start|p1a: Malamar|Substitute
|-damage|p1a: Malamar|36/100
|move|p2a: cleiton|Earthquake|p1a: Malamar
|-activate|p1a: Malamar|move: Substitute|[damage]
|
|-heal|p1a: Malamar|42/100|[from] item: Leftovers
|-heal|p2a: cleiton|95/100 tox|[from] ability: Poison Heal
|upkeep
|turn|17
|
|t:|1758991566
|move|p1a: Malamar|Superpower|p2a: cleiton
|-resisted|p2a: cleiton
|-damage|p2a: cleiton|70/100 tox
|-boost|p1a: Malamar|atk|1
|-boost|p1a: Malamar|def|1
|move|p2a: cleiton|Earthquake|p1a: Malamar
|-end|p1a: Malamar|Substitute
|
|-heal|p1a: Malamar|48/100|[from] item: Leftovers
|-heal|p2a: cleiton|82/100 tox|[from] ability: Poison Heal
|upkeep
|turn|18
|
|t:|1758991577
|move|p1a: Malamar|Substitute|p1a: Malamar
|-start|p1a: Malamar|Substitute
|-damage|p1a: Malamar|23/100
|move|p2a: cleiton|Earthquake|p1a: Malamar
|-activate|p1a: Malamar|move: Substitute|[damage]
|
|-heal|p1a: Malamar|29/100|[from] item: Leftovers
|-heal|p2a: cleiton|95/100 tox|[from] ability: Poison Heal
|upkeep
|turn|19
|
|t:|1758991583
|move|p1a: Malamar|Disable|p2a: cleiton
|-start|p2a: cleiton|Disable|Earthquake
|cant|p2a: cleiton|Disable|Earthquake
|
|-heal|p1a: Malamar|35/100|[from] item: Leftovers
|-heal|p2a: cleiton|100/100 tox|[from] ability: Poison Heal
|upkeep
|turn|20
|
|t:|1758991590
|switch|p2a: Garganacl|Garganacl, M, tera:Fairy|92/100
|move|p1a: Malamar|Superpower|p2a: Garganacl
|-resisted|p2a: Garganacl
|-damage|p2a: Garganacl|61/100
|-boost|p1a: Malamar|atk|1
|-boost|p1a: Malamar|def|1
|
|-heal|p1a: Malamar|41/100|[from] item: Leftovers
|-heal|p2a: Garganacl|67/100|[from] item: Leftovers
|upkeep
|turn|21
|
|t:|1758991608
|move|p1a: Malamar|Superpower|p2a: Garganacl
|-resisted|p2a: Garganacl
|-damage|p2a: Garganacl|29/100
|-boost|p1a: Malamar|atk|1
|-boost|p1a: Malamar|def|1
|move|p2a: Garganacl|Salt Cure|p1a: Malamar
|-activate|p1a: Malamar|move: Substitute|[damage]
|
|-heal|p1a: Malamar|47/100|[from] item: Leftovers
|-heal|p2a: Garganacl|35/100|[from] item: Leftovers
|upkeep
|turn|22
|
|t:|1758991620
|switch|p2a: cleiton|Gliscor, M|100/100 tox
|move|p1a: Malamar|Knock Off|p2a: cleiton
|-damage|p2a: cleiton|13/100 tox
|-enditem|p2a: cleiton|Toxic Orb|[from] move: Knock Off|[of] p1a: Malamar
|
|-heal|p1a: Malamar|53/100|[from] item: Leftovers
|-heal|p2a: cleiton|26/100 tox|[from] ability: Poison Heal
|upkeep
|turn|23
|
|t:|1758991632
|move|p2a: cleiton|Protect|p2a: cleiton
|-singleturn|p2a: cleiton|Protect
|move|p1a: Malamar|Knock Off|p2a: cleiton
|-activate|p2a: cleiton|move: Protect
|
|-heal|p1a: Malamar|59/100|[from] item: Leftovers
|-heal|p2a: cleiton|38/100 tox|[from] ability: Poison Heal
|upkeep
|turn|24
|
|t:|1758991636
|move|p1a: Malamar|Knock Off|p2a: cleiton
|-crit|p2a: cleiton
|-damage|p2a: cleiton|0 fnt
|faint|p2a: cleiton
|
|-heal|p1a: Malamar|65/100|[from] item: Leftovers
|upkeep
|
|t:|1758991642
|switch|p2a: Gholdengo|Gholdengo|100/100
|-item|p2a: Gholdengo|Air Balloon
|turn|25
|
|t:|1758991648
|move|p1a: Malamar|Knock Off|p2a: Gholdengo
|-supereffective|p2a: Gholdengo
|-damage|p2a: Gholdengo|0 fnt
|-enditem|p2a: Gholdengo|Air Balloon
|faint|p2a: Gholdengo
|
|-heal|p1a: Malamar|72/100|[from] item: Leftovers
|upkeep
|
|t:|1758991656
|switch|p2a: Toxapex|Toxapex, M|74/100
|turn|26
|
|t:|1758991660
|move|p1a: Malamar|Knock Off|p2a: Toxapex
|-damage|p2a: Toxapex|0 fnt
|faint|p2a: Toxapex
|
|-heal|p1a: Malamar|78/100|[from] item: Leftovers
|upkeep
|-message|madaraamapau forfeited.
|
|win|DowDadderLemon
|raw|DowDadderLemon's rating: 1255 &rarr; <strong>1280</strong><br />(+25 for winning)
|raw|madaraamapau's rating: 1257 &rarr; <strong>1232</strong><br />(-25 for losing)
|l|☆madaraamapau
|player|p2|
