|j|☆Yelo_Galaxy
|j|☆GummyDeino
|t:|1759076514
|gametype|singles
|player|p1|Yelo_Galaxy|169|1695
|player|p2|GummyDeino|lady|1667
|gen|9
|tier|[Gen 9] OU
|rated|
|rule|HP Percentage Mod: HP is shown in percentages
|rule|Endless Battle Clause: Forcing endless battles is banned
|rule|Species Clause: Limit one of each Pokémon
|rule|OHKO Clause: OHKO moves are banned
|rule|Evasion Items Clause: Evasion items are banned
|rule|Evasion Moves Clause: Evasion moves are banned
|rule|Evasion Abilities Clause: Evasion abilities are banned
|rule|Sleep Moves Clause: Sleep-inducing moves are banned
|clearpoke
|poke|p1|Torkoal, M|
|poke|p1|Hatterene, F|
|poke|p1|Raging Bolt|
|poke|p1|Slither Wing|
|poke|p1|Venusaur, M|
|poke|p1|Walking Wake|
|poke|p2|Indeedee, M|
|poke|p2|Hatterene, F|
|poke|p2|Ursaluna, F|
|poke|p2|Iron Hands|
|poke|p2|Hoopa-Unbound|
|poke|p2|Mimikyu, F|
|teampreview
|inactive|Battle timer is ON: inactive players will automatically lose when time's up. (requested by GummyDeino)
|
|t:|1759076519
|teamsize|p1|6
|teamsize|p2|6
|start
|switch|p1a: Slither Wing|Slither Wing|100/100
|switch|p2a: Catch These Hands|Iron Hands, shiny|100/100
|-enditem|p2a: Catch These Hands|Booster Energy
|-activate|p2a: Catch These Hands|ability: Quark Drive|[fromitem]
|-start|p2a: Catch These Hands|quarkdriveatk
|turn|1
|
|t:|1759076530
|move|p1a: Slither Wing|U-turn|p2a: Catch These Hands
|-resisted|p2a: Catch These Hands
|-damage|p2a: Catch These Hands|87/100
|
|t:|1759076533
|-end|p1a: Slither Wing|Protosynthesis|[silent]
|switch|p1a: Torkoal|Torkoal, M|100/100|[from] U-turn
|-weather|SunnyDay|[from] ability: Drought|[of] p1a: Torkoal
|move|p2a: Catch These Hands|Supercell Slam|p1a: Torkoal
|-damage|p1a: Torkoal|32/100
|
|-weather|SunnyDay|[upkeep]
|upkeep
|turn|2
|
|t:|1759076548
|switch|p1a: Raging Bolt|Raging Bolt|100/100
|-activate|p1a: Raging Bolt|ability: Protosynthesis
|-start|p1a: Raging Bolt|protosynthesisspa
|move|p2a: Catch These Hands|Supercell Slam|p1a: Raging Bolt
|-resisted|p1a: Raging Bolt
|-damage|p1a: Raging Bolt|83/100
|
|-weather|SunnyDay|[upkeep]
|upkeep
|turn|3
|
|t:|1759076558
|-end|p2a: Catch These Hands|Quark Drive|[silent]
|switch|p2a: Mimi :3|Mimikyu, F, shiny|100/100
|move|p1a: Raging Bolt|Weather Ball|p2a: Mimi :3
|-activate|p2a: Mimi :3|ability: Disguise
|-damage|p2a: Mimi :3|100/100
|detailschange|p2a: Mimi :3|Mimikyu-Busted, F, shiny
|-damage|p2a: Mimi :3|88/100|[from] pokemon: Mimikyu-Busted
|-enditem|p2a: Mimi :3|Red Card|[of] p1a: Raging Bolt
|-end|p1a: Raging Bolt|Protosynthesis|[silent]
|drag|p1a: Walking Wake|Walking Wake|100/100
|-activate|p1a: Walking Wake|ability: Protosynthesis
|-start|p1a: Walking Wake|protosynthesisspe
|
|-weather|SunnyDay|[upkeep]
|upkeep
|turn|4
|j| Rizzofreko
|
|t:|1759076569
|move|p1a: Walking Wake|Hydro Steam|p2a: Mimi :3
|-damage|p2a: Mimi :3|23/100
|move|p2a: Mimi :3|Trick Room|p2a: Mimi :3
|-fieldstart|move: Trick Room|[of] p2a: Mimi :3
|
|-weather|SunnyDay|[upkeep]
|upkeep
|turn|5
|
|t:|1759076577
|move|p2a: Mimi :3|Curse|p1a: Walking Wake
|-start|p1a: Walking Wake|Curse|[of] p2a: Mimi :3
|-damage|p2a: Mimi :3|0 fnt
|faint|p2a: Mimi :3
|move|p1a: Walking Wake|Hydro Steam|p2: Mimi :3|[notarget]
|-fail|p1a: Walking Wake
|
|-weather|SunnyDay|[upkeep]
|-damage|p1a: Walking Wake|76/100|[from] Curse
|upkeep
|
|t:|1759076585
|switch|p2a: Ayo Doc Heal Me|Indeedee, M, shiny|100/100
|-fieldstart|move: Psychic Terrain|[from] ability: Psychic Surge|[of] p2a: Ayo Doc Heal Me
|turn|6
|
|t:|1759076594
|move|p2a: Ayo Doc Heal Me|Expanding Force|p1a: Walking Wake
|-damage|p1a: Walking Wake|12/100
|move|p1a: Walking Wake|Hydro Steam|p2a: Ayo Doc Heal Me
|-damage|p2a: Ayo Doc Heal Me|25/100
|
|-weather|SunnyDay|[upkeep]
|-damage|p1a: Walking Wake|0 fnt|[from] Curse
|faint|p1a: Walking Wake
|-end|p1a: Walking Wake|Protosynthesis|[silent]
|upkeep
|
|t:|1759076601
|switch|p1a: Hatterene|Hatterene, F|100/100
|-item|p1a: Hatterene|Air Balloon
|turn|7
|
|t:|1759076605
|switch|p2a: 5 Nights In TR|Ursaluna, F, shiny|100/100
|move|p1a: Hatterene|Dazzling Gleam|p2a: 5 Nights In TR
|-damage|p2a: 5 Nights In TR|70/100
|
|-weather|SunnyDay|[upkeep]
|-status|p2a: 5 Nights In TR|brn|[from] item: Flame Orb
|upkeep
|turn|8
|
|t:|1759076621
|-terastallize|p1a: Hatterene|Ghost
|move|p1a: Hatterene|Dazzling Gleam|p2a: 5 Nights In TR
|-damage|p2a: 5 Nights In TR|37/100 brn
|move|p2a: 5 Nights In TR|Facade|p1a: Hatterene
|-immune|p1a: Hatterene
|
|-weather|none
|-damage|p2a: 5 Nights In TR|31/100 brn|[from] brn
|-fieldend|move: Trick Room
|upkeep
|turn|9
|
|t:|1759076630
|move|p2a: 5 Nights In TR|Headlong Rush|p1a: Hatterene
|-immune|p1a: Hatterene
|move|p1a: Hatterene|Psychic Noise|p2a: 5 Nights In TR
|-damage|p2a: 5 Nights In TR|2/100 brn
|-start|p2a: 5 Nights In TR|move: Heal Block
|
|-damage|p2a: 5 Nights In TR|0 fnt|[from] brn
|faint|p2a: 5 Nights In TR
|upkeep
|
|t:|1759076639
|switch|p2a: Sukuna|Hoopa-Unbound|100/100
|-enditem|p2a: Sukuna|Psychic Seed
|-boost|p2a: Sukuna|spd|1|[from] item: Psychic Seed
|turn|10
|c| Rizzofreko|Lol
|
|t:|1759076656
|switch|p1a: Slither Wing|Slither Wing|100/100
|move|p2a: Sukuna|Trick Room|p2a: Sukuna
|-fieldstart|move: Trick Room|[of] p2a: Sukuna
|
|upkeep
|turn|11
|c| Rizzofreko|Greedy idiot
|
|t:|1759076664
|-terastallize|p2a: Sukuna|Psychic
|move|p2a: Sukuna|Expanding Force|p1a: Slither Wing
|-supereffective|p1a: Slither Wing
|-damage|p1a: Slither Wing|0 fnt
|faint|p1a: Slither Wing
|-end|p1a: Slither Wing|Protosynthesis|[silent]
|-item|p2a: Sukuna|Assault Vest|[from] ability: Magician|[of] p1: Slither Wing
|
|upkeep
|
|t:|1759076671
|switch|p1a: Hatterene|Hatterene, F, tera:Ghost|100/100
|-item|p1a: Hatterene|Air Balloon
|turn|12
|c|☆GummyDeino|Woah
|c|☆GummyDeino|chill
|
|t:|1759076680
|move|p1a: Hatterene|Healing Wish|p1a: Hatterene
|faint|p1a: Hatterene
|move|p2a: Sukuna|Expanding Force|p1: Hatterene|[notarget]
|-fail|p2a: Sukuna
|
|upkeep
|
|t:|1759076684
|switch|p1a: Torkoal|Torkoal, M|32/100
|-heal|p1a: Torkoal|100/100|[from] move: Healing Wish
|-weather|SunnyDay|[from] ability: Drought|[of] p1a: Torkoal
|turn|13
|c| Rizzofreko|No fire punch
|
|t:|1759076689
|move|p1a: Torkoal|Stealth Rock|p2a: Sukuna
|-sidestart|p2: GummyDeino|move: Stealth Rock
|move|p2a: Sukuna|Expanding Force|p1a: Torkoal
|-damage|p1a: Torkoal|0 fnt
|faint|p1a: Torkoal
|
|-weather|SunnyDay|[upkeep]
|-fieldend|move: Psychic Terrain
|upkeep
|c| Rizzofreko|Lol
|
|t:|1759076697
|switch|p1a: Raging Bolt|Raging Bolt|83/100
|-activate|p1a: Raging Bolt|ability: Protosynthesis
|-start|p1a: Raging Bolt|protosynthesisspa
|turn|14
|
|t:|1759076701
|-end|p1a: Raging Bolt|Protosynthesis|[silent]
|switch|p1a: Venusaur|Venusaur, M|100/100
|move|p2a: Sukuna|Expanding Force|p1a: Venusaur
|-supereffective|p1a: Venusaur
|-crit|p1a: Venusaur
|-damage|p1a: Venusaur|0 fnt
|faint|p1a: Venusaur
|
|-weather|SunnyDay|[upkeep]
|-fieldend|move: Trick Room
|upkeep
|
|t:|1759076703
|switch|p1a: Raging Bolt|Raging Bolt|83/100
|-activate|p1a: Raging Bolt|ability: Protosynthesis
|-start|p1a: Raging Bolt|protosynthesisspa
|turn|15
|c|☆GummyDeino|Dumbass douche
|
|t:|1759076714
|move|p1a: Raging Bolt|Weather Ball|p2a: Sukuna
|-damage|p2a: Sukuna|64/100
|-damage|p1a: Raging Bolt|73/100|[from] item: Life Orb
|move|p2a: Sukuna|Expanding Force|p1a: Raging Bolt
|-damage|p1a: Raging Bolt|3/100
|
|-weather|SunnyDay|[upkeep]
|upkeep
|turn|16
|c| Rizzofreko|Blud is done
|c|☆Yelo_Galaxy|Ggwp
|
|t:|1759076724
|move|p1a: Raging Bolt|Weather Ball|p2a: Sukuna
|-damage|p2a: Sukuna|33/100
|-damage|p1a: Raging Bolt|0 fnt|[from] item: Life Orb
|faint|p1a: Raging Bolt
|-end|p1a: Raging Bolt|Protosynthesis|[silent]
|
|win|GummyDeino
|raw|Yelo_Galaxy's rating: 1695 &rarr; <strong>1673</strong><br />(-22 for losing)
|raw|GummyDeino's rating: 1667 &rarr; <strong>1689</strong><br />(+22 for winning)
|l|☆Yelo_Galaxy
|player|p1|
|l|☆GummyDeino
|player|p2|
|c| Rizzofreko|Jst a joke
|c| Rizzofreko|Bro chill
|l| Rizzofreko
|j| Rizzofreko
|l| Rizzofreko
