|j|☆loneslopeman
|j|☆AndreRWright
|t:|1759061102
|gametype|singles
|player|p1|loneslopeman|169|1285
|player|p2|AndreRWright|giovanni|1255
|gen|9
|tier|[Gen 9] OU
|rated|
|rule|HP Percentage Mod: HP is shown in percentages
|rule|Endless Battle Clause: Forcing endless battles is banned
|rule|Species Clause: Limit one of each Pokémon
|rule|OHKO Clause: OHKO moves are banned
|rule|Evasion Items Clause: Evasion items are banned
|rule|Evasion Moves Clause: Evasion moves are banned
|rule|Evasion Abilities Clause: Evasion abilities are banned
|rule|Sleep Moves Clause: Sleep-inducing moves are banned
|clearpoke
|poke|p1|Orthworm, M|
|poke|p1|Fezandipiti, M|
|poke|p1|Raging Bolt|
|poke|p1|Alomomola, M|
|poke|p1|Torkoal, F|
|poke|p1|Cinderace, F|
|poke|p2|Indeedee-F, F|
|poke|p2|Grafaiai, M|
|poke|p2|Okidogi, M|
|poke|p2|Milotic, F|
|poke|p2|Ceruledge, F|
|poke|p2|Comfey, F|
|teampreview
|
|t:|1759061110
|teamsize|p1|6
|teamsize|p2|6
|start
|switch|p1a: Fezandipiti|Fezandipiti, M|100/100
|switch|p2a: Indeedee|Indeedee-F, F|100/100
|-fieldstart|move: Psychic Terrain|[from] ability: Psychic Surge|[of] p2a: Indeedee
|turn|1
|
|t:|1759061117
|-terastallize|p1a: Fezandipiti|Ghost
|move|p1a: Fezandipiti|Play Rough|p2a: Indeedee
|-damage|p2a: Indeedee|25/100
|move|p2a: Indeedee|Psyshock|p1a: Fezandipiti
|-damage|p1a: Fezandipiti|51/100
|
|upkeep
|turn|2
|
|t:|1759061126
|switch|p2a: Grafaiai|Grafaiai, M|100/100
|-enditem|p2a: Grafaiai|Psychic Seed
|-boost|p2a: Grafaiai|spd|1|[from] item: Psychic Seed
|move|p1a: Fezandipiti|Play Rough|p2a: Grafaiai
|-resisted|p2a: Grafaiai
|-damage|p2a: Grafaiai|54/100
|
|upkeep
|turn|3
|
|t:|1759061143
|switch|p1a: Torkoal|Torkoal, F|100/100
|-weather|SunnyDay|[from] ability: Drought|[of] p1a: Torkoal
|move|p2a: Grafaiai|Swords Dance|p2a: Grafaiai
|-boost|p2a: Grafaiai|atk|2
|
|-weather|SunnyDay|[upkeep]
|upkeep
|turn|4
|
|t:|1759061153
|move|p2a: Grafaiai|Knock Off|p1a: Torkoal
|-damage|p1a: Torkoal|54/100
|-enditem|p1a: Torkoal|Heat Rock|[from] move: Knock Off|[of] p2a: Grafaiai
|move|p1a: Torkoal|Will-O-Wisp|p2a: Grafaiai
|-status|p2a: Grafaiai|brn
|
|-weather|SunnyDay|[upkeep]
|-damage|p2a: Grafaiai|48/100 brn|[from] brn
|upkeep
|turn|5
|
|t:|1759061159
|move|p2a: Grafaiai|Encore|p1a: Torkoal
|-start|p1a: Torkoal|Encore
|move|p1a: Torkoal|Will-O-Wisp|p2a: Grafaiai
|-fail|p2a: Grafaiai|brn
|
|-weather|SunnyDay|[upkeep]
|-damage|p2a: Grafaiai|42/100 brn|[from] brn
|upkeep
|turn|6
|
|t:|1759061175
|move|p2a: Grafaiai|Swords Dance|p2a: Grafaiai
|-boost|p2a: Grafaiai|atk|2
|move|p1a: Torkoal|Will-O-Wisp|p2a: Grafaiai
|-fail|p2a: Grafaiai|brn
|
|-weather|SunnyDay|[upkeep]
|-damage|p2a: Grafaiai|36/100 brn|[from] brn
|upkeep
|turn|7
|
|t:|1759061183
|move|p2a: Grafaiai|Swords Dance|p2a: Grafaiai
|-boost|p2a: Grafaiai|atk|2
|move|p1a: Torkoal|Will-O-Wisp|p2a: Grafaiai
|-fail|p2a: Grafaiai|brn
|
|-weather|SunnyDay|[upkeep]
|-damage|p2a: Grafaiai|30/100 brn|[from] brn
|-end|p1a: Torkoal|Encore
|upkeep
|turn|8
|
|t:|1759061195
|switch|p1a: Raging Bolt|Raging Bolt|100/100
|-activate|p1a: Raging Bolt|ability: Protosynthesis
|-start|p1a: Raging Bolt|protosynthesisspa
|move|p2a: Grafaiai|Encore||[still]
|-fail|p2a: Grafaiai
|
|-weather|SunnyDay|[upkeep]
|-damage|p2a: Grafaiai|24/100 brn|[from] brn
|-fieldend|move: Psychic Terrain
|upkeep
|turn|9
|
|t:|1759061205
|move|p1a: Raging Bolt|Thunderclap||[still]
|-fail|p1a: Raging Bolt
|move|p2a: Grafaiai|Encore|p1a: Raging Bolt
|-start|p1a: Raging Bolt|Encore
|
|-weather|SunnyDay|[upkeep]
|-damage|p2a: Grafaiai|18/100 brn|[from] brn
|upkeep
|turn|10
|
|t:|1759061213
|switch|p2a: Indeedee|Indeedee-F, F|25/100
|-fieldstart|move: Psychic Terrain|[from] ability: Psychic Surge|[of] p2a: Indeedee
|move|p1a: Raging Bolt|Thunderclap||[still]
|-fail|p1a: Raging Bolt
|
|-weather|none
|-end|p1a: Raging Bolt|Protosynthesis
|upkeep
|-enditem|p1a: Raging Bolt|Booster Energy
|-activate|p1a: Raging Bolt|ability: Protosynthesis|[fromitem]
|-start|p1a: Raging Bolt|protosynthesisspa
|turn|11
|
|t:|1759061227
|-end|p1a: Raging Bolt|Protosynthesis|[silent]
|switch|p1a: Fezandipiti|Fezandipiti, M, tera:Ghost|51/100
|move|p2a: Indeedee|Psyshock|p1a: Fezandipiti
|-damage|p1a: Fezandipiti|0 fnt
|faint|p1a: Fezandipiti
|
|upkeep
|
|t:|1759061235
|switch|p1a: Cinderace|Cinderace, F|100/100
|turn|12
|
|t:|1759061239
|switch|p2a: Ceruledge|Ceruledge, F|100/100
|move|p1a: Cinderace|U-turn|p2a: Ceruledge
|-start|p1a: Cinderace|typechange|Bug|[from] ability: Libero
|-resisted|p2a: Ceruledge
|-damage|p2a: Ceruledge|87/100
|-ability|p2a: Ceruledge|Weak Armor|boost
|-unboost|p2a: Ceruledge|def|1
|-boost|p2a: Ceruledge|spe|2
|
|t:|1759061258
|switch|p1a: Orthworm|Orthworm, M|100/100|[from] U-turn
|
|upkeep
|turn|13
|
|t:|1759061263
|move|p2a: Ceruledge|Bitter Blade|p1a: Orthworm
|-supereffective|p1a: Orthworm
|-enditem|p1a: Orthworm|Occa Berry|[eat]
|-enditem|p1a: Orthworm|Occa Berry|[weaken]
|-damage|p1a: Orthworm|62/100
|-heal|p2a: Ceruledge|100/100|[from] drain|[of] p1a: Orthworm
|move|p1a: Orthworm|Earthquake|p2a: Ceruledge
|-supereffective|p2a: Ceruledge
|-damage|p2a: Ceruledge|0 fnt
|faint|p2a: Ceruledge
|
|upkeep
|
|t:|1759061291
|switch|p2a: Okidogi|Okidogi, M|100/100
|-enditem|p2a: Okidogi|Psychic Seed
|-boost|p2a: Okidogi|spd|1|[from] item: Psychic Seed
|turn|14
|
|t:|1759061315
|switch|p1a: Alomomola|Alomomola, M|100/100
|move|p2a: Okidogi|Bulk Up|p2a: Okidogi
|-boost|p2a: Okidogi|atk|1
|-boost|p2a: Okidogi|def|1
|
|upkeep
|turn|15
|
|t:|1759061329
|move|p2a: Okidogi|Poison Fang|p1a: Alomomola
|-damage|p1a: Alomomola|82/100
|move|p1a: Alomomola|Scald|p2a: Okidogi
|-damage|p2a: Okidogi|92/100
|
|upkeep
|turn|16
|
|t:|1759061335
|move|p2a: Okidogi|Poison Fang|p1a: Alomomola
|-damage|p1a: Alomomola|64/100
|-status|p1a: Alomomola|tox
|move|p1a: Alomomola|Scald|p2a: Okidogi
|-damage|p2a: Okidogi|84/100
|-status|p2a: Okidogi|brn
|
|-damage|p1a: Alomomola|58/100 tox|[from] psn
|-damage|p2a: Okidogi|78/100 brn|[from] brn
|upkeep
|turn|17
|
|t:|1759061348
|move|p2a: Okidogi|Bulk Up|p2a: Okidogi
|-boost|p2a: Okidogi|atk|1
|-boost|p2a: Okidogi|def|1
|move|p1a: Alomomola|Flip Turn|p2a: Okidogi
|-damage|p2a: Okidogi|72/100 brn
|
|t:|1759061358
|switch|p1a: Orthworm|Orthworm, M|62/100|[from] Flip Turn
|
|-damage|p2a: Okidogi|66/100 brn|[from] brn
|-fieldend|move: Psychic Terrain
|upkeep
|turn|18
|
|t:|1759061372
|switch|p1a: Alomomola|Alomomola, M|92/100 tox
|move|p2a: Okidogi|Drain Punch|p1a: Alomomola
|-damage|p1a: Alomomola|74/100 tox
|-heal|p2a: Okidogi|80/100 brn|[from] drain|[of] p1a: Alomomola
|
|-damage|p1a: Alomomola|68/100 tox|[from] psn
|-damage|p2a: Okidogi|74/100 brn|[from] brn
|upkeep
|turn|19
|
|t:|1759061384
|move|p2a: Okidogi|Bulk Up|p2a: Okidogi
|-boost|p2a: Okidogi|atk|1
|-boost|p2a: Okidogi|def|1
|move|p1a: Alomomola|Scald|p2a: Okidogi
|-damage|p2a: Okidogi|65/100 brn
|
|-damage|p1a: Alomomola|56/100 tox|[from] psn
|-damage|p2a: Okidogi|59/100 brn|[from] brn
|upkeep
|turn|20
|
|t:|1759061392
|move|p2a: Okidogi|Drain Punch|p1a: Alomomola
|-damage|p1a: Alomomola|34/100 tox
|-heal|p2a: Okidogi|75/100 brn|[from] drain|[of] p1a: Alomomola
|move|p1a: Alomomola|Pain Split|p2a: Okidogi
|-sethp|p2a: Okidogi|64/100 brn|[from] move: Pain Split|[silent]
|-sethp|p1a: Alomomola|41/100 tox|[from] move: Pain Split
|
|-damage|p1a: Alomomola|23/100 tox|[from] psn
|-damage|p2a: Okidogi|58/100 brn|[from] brn
|upkeep
|turn|21
|
|t:|1759061423
|move|p2a: Okidogi|Bulk Up|p2a: Okidogi
|-boost|p2a: Okidogi|atk|1
|-boost|p2a: Okidogi|def|1
|move|p1a: Alomomola|Scald|p2a: Okidogi
|-damage|p2a: Okidogi|49/100 brn
|
|-damage|p1a: Alomomola|0 fnt|[from] psn
|faint|p1a: Alomomola
|-damage|p2a: Okidogi|43/100 brn|[from] brn
|upkeep
|
|t:|1759061440
|switch|p1a: Torkoal|Torkoal, F|54/100
|-weather|SunnyDay|[from] ability: Drought|[of] p1a: Torkoal
|turn|22
|
|t:|1759061445
|move|p2a: Okidogi|Drain Punch|p1a: Torkoal
|-damage|p1a: Torkoal|15/100
|-heal|p2a: Okidogi|63/100 brn|[from] drain|[of] p1a: Torkoal
|move|p1a: Torkoal|Stealth Rock|p2a: Okidogi
|-sidestart|p2: AndreRWright|move: Stealth Rock
|
|-weather|SunnyDay|[upkeep]
|-damage|p2a: Okidogi|57/100 brn|[from] brn
|upkeep
|turn|23
|
|t:|1759061453
|move|p2a: Okidogi|Drain Punch|p1a: Torkoal
|-damage|p1a: Torkoal|0 fnt
|-heal|p2a: Okidogi|64/100 brn|[from] drain|[of] p1a: Torkoal
|faint|p1a: Torkoal
|
|-weather|SunnyDay|[upkeep]
|-damage|p2a: Okidogi|58/100 brn|[from] brn
|upkeep
|
|t:|1759061459
|switch|p1a: Raging Bolt|Raging Bolt|100/100
|-activate|p1a: Raging Bolt|ability: Protosynthesis
|-start|p1a: Raging Bolt|protosynthesisspa
|turn|24
|
|t:|1759061464
|move|p1a: Raging Bolt|Draco Meteor|p2a: Okidogi|[miss]
|-miss|p1a: Raging Bolt|p2a: Okidogi
|move|p2a: Okidogi|Drain Punch|p1a: Raging Bolt
|-damage|p1a: Raging Bolt|54/100
|-heal|p2a: Okidogi|85/100 brn|[from] drain|[of] p1a: Raging Bolt
|
|-weather|SunnyDay|[upkeep]
|-damage|p2a: Okidogi|79/100 brn|[from] brn
|upkeep
|turn|25
|
|t:|1759061482
|move|p1a: Raging Bolt|Thunderbolt|p2a: Okidogi
|-damage|p2a: Okidogi|41/100 brn
|move|p2a: Okidogi|Drain Punch|p1a: Raging Bolt
|-damage|p1a: Raging Bolt|7/100
|-heal|p2a: Okidogi|67/100 brn|[from] drain|[of] p1a: Raging Bolt
|
|-weather|SunnyDay|[upkeep]
|-damage|p2a: Okidogi|61/100 brn|[from] brn
|upkeep
|turn|26
|
|t:|1759061505
|move|p1a: Raging Bolt|Draco Meteor|p2a: Okidogi|[miss]
|-miss|p1a: Raging Bolt|p2a: Okidogi
|move|p2a: Okidogi|Drain Punch|p1a: Raging Bolt
|-damage|p1a: Raging Bolt|0 fnt
|-heal|p2a: Okidogi|65/100 brn|[from] drain|[of] p1a: Raging Bolt
|faint|p1a: Raging Bolt
|-end|p1a: Raging Bolt|Protosynthesis|[silent]
|
|-weather|none
|-damage|p2a: Okidogi|59/100 brn|[from] brn
|upkeep
|-message|loneslopeman forfeited.
|
|win|AndreRWright
|raw|loneslopeman's rating: 1285 &rarr; <strong>1258</strong><br />(-27 for losing)
|raw|AndreRWright's rating: 1255 &rarr; <strong>1282</strong><br />(+27 for winning)
|l|☆loneslopeman
|player|p1|
|l|☆AndreRWright
|player|p2|
