|j|☆ennvee98
|j|☆SBYK
|t:|1758947686
|gametype|singles
|player|p1|ennvee98|265|1439
|player|p2|SBYK|aaron|1455
|gen|9
|tier|[Gen 9] OU
|rated|
|rule|HP Percentage Mod: HP is shown in percentages
|rule|Endless Battle Clause: Forcing endless battles is banned
|rule|Species Clause: Limit one of each Pokémon
|rule|OHKO Clause: OHKO moves are banned
|rule|Evasion Items Clause: Evasion items are banned
|rule|Evasion Moves Clause: Evasion moves are banned
|rule|Evasion Abilities Clause: Evasion abilities are banned
|rule|Sleep Moves Clause: Sleep-inducing moves are banned
|clearpoke
|poke|p1|Clefable, F|
|poke|p1|Gliscor, M|
|poke|p1|Slowking-Galar, F|
|poke|p1|Gholdengo|
|poke|p1|Zamazenta-*|
|poke|p1|Samurott-Hisui, M|
|poke|p2|Kingambit, M|
|poke|p2|Garchomp, F|
|poke|p2|Donphan, M|
|poke|p2|Weezing-Galar, M|
|poke|p2|Tornadus-Therian, M|
|poke|p2|Meowscarada, M|
|teampreview
|inactive|Battle timer is ON: inactive players will automatically lose when time's up. (requested by SBYK)
|inactive|SBYK has 120 seconds left.
|
|t:|1758947720
|teamsize|p1|6
|teamsize|p2|6
|start
|switch|p1a: Clefable|Clefable, F|100/100
|switch|p2a: Garchomp|Garchomp, F, shiny|100/100
|turn|1
|
|t:|1758947727
|switch|p2a: Tornadus|Tornadus-Therian, M, shiny|100/100
|move|p1a: Clefable|Stealth Rock|p2a: Tornadus
|-sidestart|p2: SBYK|move: Stealth Rock
|
|upkeep
|turn|2
|
|t:|1758947733
|move|p2a: Tornadus|Bleakwind Storm|p1a: Clefable
|-damage|p1a: Clefable|58/100
|move|p1a: Clefable|Thunder Wave|p2a: Tornadus
|-status|p2a: Tornadus|par
|
|upkeep
|turn|3
|
|t:|1758947740
|move|p1a: Clefable|Moonlight|p1a: Clefable
|-heal|p1a: Clefable|100/100
|move|p2a: Tornadus|Knock Off|p1a: Clefable
|-resisted|p1a: Clefable
|-damage|p1a: Clefable|92/100
|-damage|p2a: Tornadus|84/100 par|[from] item: Rocky Helmet|[of] p1a: Clefable
|-enditem|p1a: Clefable|Rocky Helmet|[from] move: Knock Off|[of] p2a: Tornadus
|
|upkeep
|turn|4
|
|t:|1758947749
|move|p1a: Clefable|Moonblast|p2a: Tornadus
|-damage|p2a: Tornadus|65/100 par
|move|p2a: Tornadus|Knock Off|p1a: Clefable
|-resisted|p1a: Clefable
|-crit|p1a: Clefable
|-damage|p1a: Clefable|84/100
|
|upkeep
|turn|5
|
|t:|1758947755
|move|p1a: Clefable|Moonblast|p2a: Tornadus
|-damage|p2a: Tornadus|45/100 par
|move|p2a: Tornadus|Bleakwind Storm|p1a: Clefable
|-damage|p1a: Clefable|40/100
|
|upkeep
|turn|6
|
|t:|1758947762
|move|p1a: Clefable|Moonlight|p1a: Clefable
|-heal|p1a: Clefable|90/100
|cant|p2a: Tornadus|par
|
|upkeep
|turn|7
|
|t:|1758947768
|move|p1a: Clefable|Moonblast|p2a: Tornadus
|-damage|p2a: Tornadus|26/100 par
|cant|p2a: Tornadus|par
|
|upkeep
|turn|8
|
|t:|1758947773
|move|p1a: Clefable|Moonblast|p2a: Tornadus
|-damage|p2a: Tornadus|5/100 par
|-unboost|p2a: Tornadus|spa|1
|move|p2a: Tornadus|U-turn|p1a: Clefable
|-resisted|p1a: Clefable
|-damage|p1a: Clefable|84/100
|
|t:|1758947776
|switch|p2a: Weezing|Weezing-Galar, M, shiny|100/100|[from] U-turn
|-ability|p2a: Weezing|Neutralizing Gas
|-damage|p2a: Weezing|88/100|[from] Stealth Rock
|
|-heal|p2a: Weezing|94/100|[from] item: Leftovers
|upkeep
|turn|9
|
|t:|1758947797
|switch|p1a: Slowking|Slowking-Galar, F|100/100
|move|p2a: Weezing|Defog|p1a: Slowking
|-unboost|p1a: Slowking|evasion|1
|-sideend|p2: SBYK|Stealth Rock|[from] move: Defog|[of] p2a: Weezing
|
|-heal|p2a: Weezing|99/100|[from] item: Leftovers
|upkeep
|turn|10
|
|t:|1758947806
|move|p2a: Weezing|Will-O-Wisp|p1a: Slowking
|-status|p1a: Slowking|brn
|move|p1a: Slowking|Future Sight|p2a: Weezing
|-start|p1a: Slowking|move: Future Sight
|
|-heal|p2a: Weezing|100/100|[from] item: Leftovers
|-damage|p1a: Slowking|94/100 brn|[from] brn
|upkeep
|turn|11
|
|t:|1758947814
|-end|p2a: Weezing|ability: Neutralizing Gas
|switch|p2a: Tornadus|Tornadus-Therian, M, shiny|39/100 par
|-prepare|p1a: Slowking|Chilly Reception|[premajor]
|move|p1a: Slowking|Chilly Reception|p1a: Slowking
|-weather|Snowscape
|
|t:|1758947821
|switch|p1a: Samurott|Samurott-Hisui, M|100/100|[from] Chilly Reception
|
|-weather|Snowscape|[upkeep]
|upkeep
|turn|12
|
|t:|1758947828
|move|p1a: Samurott|Ceaseless Edge|p2a: Tornadus
|-damage|p2a: Tornadus|0 fnt
|-sidestart|p2: SBYK|Spikes
|faint|p2a: Tornadus
|
|-weather|Snowscape|[upkeep]
|-hint|Future Sight did not hit because the target is fainted.
|upkeep
|
|t:|1758947836
|switch|p2a: Garchomp|Garchomp, F, shiny|100/100
|-damage|p2a: Garchomp|88/100|[from] Spikes
|turn|13
|
|t:|1758947848
|switch|p1a: Clefable|Clefable, F|84/100
|move|p2a: Garchomp|Earthquake|p1a: Clefable
|-damage|p1a: Clefable|49/100
|
|-weather|Snowscape|[upkeep]
|upkeep
|turn|14
|
|t:|1758947856
|move|p2a: Garchomp|Swords Dance|p2a: Garchomp
|-boost|p2a: Garchomp|atk|2
|move|p1a: Clefable|Moonlight|p1a: Clefable
|-heal|p1a: Clefable|74/100
|
|-weather|Snowscape|[upkeep]
|upkeep
|turn|15
|
|t:|1758947863
|move|p2a: Garchomp|Earthquake|p1a: Clefable
|-damage|p1a: Clefable|2/100
|move|p1a: Clefable|Moonblast|p2a: Garchomp
|-supereffective|p2a: Garchomp
|-damage|p2a: Garchomp|24/100
|
|-weather|none
|upkeep
|turn|16
|
|t:|1758947873
|switch|p1a: Gliscor|Gliscor, M|100/100
|move|p2a: Garchomp|Liquidation|p1a: Gliscor
|-supereffective|p1a: Gliscor
|-damage|p1a: Gliscor|7/100
|
|-status|p1a: Gliscor|tox|[from] item: Toxic Orb
|upkeep
|turn|17
|
|t:|1758947882
|move|p1a: Gliscor|Protect|p1a: Gliscor
|-singleturn|p1a: Gliscor|Protect
|move|p2a: Garchomp|Scale Shot|p1a: Gliscor
|-activate|p1a: Gliscor|move: Protect
|
|-heal|p1a: Gliscor|20/100 tox|[from] ability: Poison Heal
|upkeep
|turn|18
|
|t:|1758947891
|switch|p1a: Clefable|Clefable, F|2/100
|move|p2a: Garchomp|Scale Shot|p1a: Clefable
|-immune|p1a: Clefable
|
|upkeep
|turn|19
|
|t:|1758947898
|move|p2a: Garchomp|Liquidation|p1a: Clefable
|-damage|p1a: Clefable|0 fnt
|faint|p1a: Clefable
|
|upkeep
|
|t:|1758947903
|switch|p1a: Zamazenta|Zamazenta|100/100
|-ability|p1a: Zamazenta|Dauntless Shield|boost
|-boost|p1a: Zamazenta|def|1
|turn|20
|
|t:|1758947908
|move|p1a: Zamazenta|Body Press|p2a: Garchomp
|-damage|p2a: Garchomp|0 fnt
|-damage|p1a: Zamazenta|88/100|[from] ability: Rough Skin|[of] p2a: Garchomp
|faint|p2a: Garchomp
|
|-heal|p1a: Zamazenta|94/100|[from] item: Leftovers
|upkeep
|
|t:|1758947913
|switch|p2a: Donphan|Donphan, M, shiny|100/100
|-damage|p2a: Donphan|88/100|[from] Spikes
|turn|21
|
|t:|1758947925
|move|p1a: Zamazenta|Iron Defense|p1a: Zamazenta
|-boost|p1a: Zamazenta|def|2
|move|p2a: Donphan|Rapid Spin|p1a: Zamazenta
|-damage|p1a: Zamazenta|89/100
|-boost|p2a: Donphan|spe|1
|-sideend|p2: SBYK|Spikes|[from] move: Rapid Spin|[of] p2a: Donphan
|
|-heal|p1a: Zamazenta|96/100|[from] item: Leftovers
|upkeep
|turn|22
|
|t:|1758947934
|move|p1a: Zamazenta|Body Press|p2a: Donphan
|-damage|p2a: Donphan|29/100
|move|p2a: Donphan|Earthquake|p1a: Zamazenta
|-damage|p1a: Zamazenta|79/100
|
|-heal|p1a: Zamazenta|86/100|[from] item: Leftovers
|upkeep
|turn|23
|
|t:|1758947942
|switch|p2a: Weezing|Weezing-Galar, M, shiny|100/100
|-ability|p2a: Weezing|Neutralizing Gas
|move|p1a: Zamazenta|Iron Defense|p1a: Zamazenta
|-boost|p1a: Zamazenta|def|2
|
|-heal|p1a: Zamazenta|92/100|[from] item: Leftovers
|upkeep
|turn|24
|
|t:|1758947951
|-terastallize|p1a: Zamazenta|Fire
|move|p1a: Zamazenta|Body Press|p2a: Weezing
|-resisted|p2a: Weezing
|-damage|p2a: Weezing|79/100
|move|p2a: Weezing|Will-O-Wisp|p1a: Zamazenta
|-immune|p1a: Zamazenta
|
|-heal|p1a: Zamazenta|98/100|[from] item: Leftovers
|-heal|p2a: Weezing|86/100|[from] item: Leftovers
|upkeep
|turn|25
|
|t:|1758947962
|move|p1a: Zamazenta|Body Press|p2a: Weezing
|-resisted|p2a: Weezing
|-damage|p2a: Weezing|65/100
|move|p2a: Weezing|Strange Steam|p1a: Zamazenta
|-resisted|p1a: Zamazenta
|-damage|p1a: Zamazenta|87/100
|
|-heal|p1a: Zamazenta|93/100|[from] item: Leftovers
|-heal|p2a: Weezing|71/100|[from] item: Leftovers
|upkeep
|turn|26
|
|t:|1758947971
|move|p1a: Zamazenta|Body Press|p2a: Weezing
|-resisted|p2a: Weezing
|-damage|p2a: Weezing|49/100
|move|p2a: Weezing|Strange Steam|p1a: Zamazenta
|-resisted|p1a: Zamazenta
|-damage|p1a: Zamazenta|82/100
|-start|p1a: Zamazenta|confusion
|
|-heal|p1a: Zamazenta|89/100|[from] item: Leftovers
|-heal|p2a: Weezing|55/100|[from] item: Leftovers
|upkeep
|turn|27
|
|t:|1758947981
|-activate|p1a: Zamazenta|confusion
|move|p1a: Zamazenta|Body Press|p2a: Weezing
|-resisted|p2a: Weezing
|-damage|p2a: Weezing|34/100
|move|p2a: Weezing|Pain Split|p1a: Zamazenta
|-sethp|p1a: Zamazenta|59/100|[from] move: Pain Split|[silent]
|-sethp|p2a: Weezing|69/100|[from] move: Pain Split
|
|-heal|p1a: Zamazenta|65/100|[from] item: Leftovers
|-heal|p2a: Weezing|75/100|[from] item: Leftovers
|upkeep
|turn|28
|
|t:|1758947992
|switch|p1a: Slowking|Slowking-Galar, F|100/100 brn
|move|p2a: Weezing|Strange Steam|p1a: Slowking
|-resisted|p1a: Slowking
|-damage|p1a: Slowking|93/100 brn
|
|-heal|p2a: Weezing|82/100|[from] item: Leftovers
|-damage|p1a: Slowking|87/100 brn|[from] brn
|upkeep
|turn|29
|
|t:|1758948002
|-end|p2a: Weezing|ability: Neutralizing Gas
|switch|p2a: Donphan|Donphan, M, shiny|29/100
|-prepare|p1a: Slowking|Chilly Reception|[premajor]
|move|p1a: Slowking|Chilly Reception|p1a: Slowking
|-weather|Snowscape
|
|t:|1758948010
|switch|p1a: Gliscor|Gliscor, M|20/100 tox|[from] Chilly Reception
|
|-weather|Snowscape|[upkeep]
|-heal|p1a: Gliscor|32/100 tox|[from] ability: Poison Heal
|upkeep
|turn|30
|
|t:|1758948018
|move|p1a: Gliscor|Protect|p1a: Gliscor
|-singleturn|p1a: Gliscor|Protect
|move|p2a: Donphan|Rapid Spin|p1a: Gliscor
|-activate|p1a: Gliscor|move: Protect
|
|-weather|Snowscape|[upkeep]
|-heal|p1a: Gliscor|45/100 tox|[from] ability: Poison Heal
|upkeep
|turn|31
|
|t:|1758948028
|move|p2a: Donphan|Ice Shard|p1a: Gliscor
|-supereffective|p1a: Gliscor
|-damage|p1a: Gliscor|0 fnt
|faint|p1a: Gliscor
|
|-weather|Snowscape|[upkeep]
|upkeep
|
|t:|1758948034
|switch|p1a: Samurott|Samurott-Hisui, M|100/100
|turn|32
|
|t:|1758948037
|move|p1a: Samurott|Ceaseless Edge|p2a: Donphan|[miss]
|-miss|p1a: Samurott|p2a: Donphan
|move|p2a: Donphan|Rapid Spin|p1a: Samurott
|-damage|p1a: Samurott|79/100
|-boost|p2a: Donphan|spe|1
|
|-weather|Snowscape|[upkeep]
|upkeep
|turn|33
|
|t:|1758948045
|move|p1a: Samurott|Ceaseless Edge|p2a: Donphan
|-crit|p2a: Donphan
|-damage|p2a: Donphan|0 fnt
|-sidestart|p2: SBYK|Spikes
|faint|p2a: Donphan
|
|-weather|none
|upkeep
|
|t:|1758948050
|switch|p2a: Kingambit|Kingambit, M, shiny|100/100
|-damage|p2a: Kingambit|88/100|[from] Spikes
|-activate|p2a: Kingambit|ability: Supreme Overlord
|-start|p2a: Kingambit|fallen3|[silent]
|turn|34
|
|t:|1758948057
|switch|p1a: Zamazenta|Zamazenta, tera:Fire|65/100
|move|p2a: Kingambit|Thunder Wave|p1a: Zamazenta
|-status|p1a: Zamazenta|par
|
|-heal|p1a: Zamazenta|71/100 par|[from] item: Leftovers
|upkeep
|turn|35
|
|t:|1758948065
|move|p2a: Kingambit|Kowtow Cleave|p1a: Zamazenta
|-damage|p1a: Zamazenta|16/100 par
|move|p1a: Zamazenta|Body Press|p2a: Kingambit
|-supereffective|p2a: Kingambit
|-damage|p2a: Kingambit|0 fnt
|faint|p2a: Kingambit
|-end|p2a: Kingambit|fallen3|[silent]
|
|-heal|p1a: Zamazenta|22/100 par|[from] item: Leftovers
|upkeep
|
|t:|1758948069
|switch|p2a: Weezing|Weezing-Galar, M, shiny|82/100
|-ability|p2a: Weezing|Neutralizing Gas
|-damage|p2a: Weezing|69/100|[from] Spikes
|turn|36
|
|t:|1758948085
|switch|p1a: Slowking|Slowking-Galar, F|100/100 brn
|move|p2a: Weezing|Strange Steam|p1a: Slowking
|-resisted|p1a: Slowking
|-damage|p1a: Slowking|93/100 brn
|
|-heal|p2a: Weezing|75/100|[from] item: Leftovers
|-damage|p1a: Slowking|87/100 brn|[from] brn
|upkeep
|turn|37
|
|t:|1758948095
|move|p2a: Weezing|Defog|p1a: Slowking
|-unboost|p1a: Slowking|evasion|1
|-sideend|p2: SBYK|Spikes|[from] move: Defog|[of] p2a: Weezing
|move|p1a: Slowking|Ice Beam|p2a: Weezing
|-damage|p2a: Weezing|50/100
|
|-heal|p2a: Weezing|56/100|[from] item: Leftovers
|-damage|p1a: Slowking|80/100 brn|[from] brn
|upkeep
|turn|38
|
|t:|1758948105
|move|p2a: Weezing|Strange Steam|p1a: Slowking
|-resisted|p1a: Slowking
|-damage|p1a: Slowking|72/100 brn
|-start|p1a: Slowking|confusion
|-prepare|p1a: Slowking|Chilly Reception|[premajor]
|-activate|p1a: Slowking|confusion
|-damage|p1a: Slowking|66/100 brn|[from] confusion
|
|-heal|p2a: Weezing|62/100|[from] item: Leftovers
|-damage|p1a: Slowking|60/100 brn|[from] brn
|upkeep
|turn|39
|
|t:|1758948115
|move|p2a: Weezing|Strange Steam|p1a: Slowking
|-resisted|p1a: Slowking
|-damage|p1a: Slowking|53/100 brn
|-activate|p1a: Slowking|confusion
|move|p1a: Slowking|Future Sight|p2a: Weezing
|-start|p1a: Slowking|move: Future Sight
|
|-heal|p2a: Weezing|68/100|[from] item: Leftovers
|-damage|p1a: Slowking|47/100 brn|[from] brn
|upkeep
|turn|40
|
|t:|1758948124
|move|p2a: Weezing|Strange Steam|p1a: Slowking
|-resisted|p1a: Slowking
|-damage|p1a: Slowking|39/100 brn
|-prepare|p1a: Slowking|Chilly Reception|[premajor]
|-activate|p1a: Slowking|confusion
|move|p1a: Slowking|Chilly Reception|p1a: Slowking
|-weather|Snowscape
|
|t:|1758948131
|switch|p1a: Gholdengo|Gholdengo|100/100|[from] Chilly Reception
|-item|p1a: Gholdengo|Air Balloon
|
|-weather|Snowscape|[upkeep]
|-heal|p2a: Weezing|75/100|[from] item: Leftovers
|upkeep
|turn|41
|
|t:|1758948139
|move|p1a: Gholdengo|Make It Rain|p2a: Weezing
|-supereffective|p2a: Weezing
|-damage|p2a: Weezing|0 fnt
|-unboost|p1a: Gholdengo|spa|1
|faint|p2a: Weezing
|-end|p2a: Weezing|ability: Neutralizing Gas
|
|-weather|Snowscape|[upkeep]
|-hint|Future Sight did not hit because the target is fainted.
|upkeep
|
|t:|1758948143
|switch|p2a: Meowscarada|Meowscarada, M, shiny|100/100
|turn|42
|
|t:|1758948151
|move|p2a: Meowscarada|Knock Off|p1a: Gholdengo
|-start|p2a: Meowscarada|typechange|Dark|[from] ability: Protean
|-supereffective|p1a: Gholdengo
|-damage|p1a: Gholdengo|5/100
|-enditem|p1a: Gholdengo|Air Balloon
|move|p1a: Gholdengo|Make It Rain|p2a: Meowscarada
|-damage|p2a: Meowscarada|29/100
|-unboost|p1a: Gholdengo|spa|1
|
|-weather|Snowscape|[upkeep]
|upkeep
|turn|43
|
|t:|1758948164
|move|p2a: Meowscarada|Knock Off|p1a: Gholdengo
|-supereffective|p1a: Gholdengo
|-damage|p1a: Gholdengo|0 fnt
|faint|p1a: Gholdengo
|
|-weather|Snowscape|[upkeep]
|upkeep
|
|t:|1758948171
|switch|p1a: Samurott|Samurott-Hisui, M|79/100
|turn|44
|
|t:|1758948174
|move|p1a: Samurott|Aqua Jet|p2a: Meowscarada
|-damage|p2a: Meowscarada|0 fnt
|faint|p2a: Meowscarada
|
|win|ennvee98
|raw|ennvee98's rating: 1439 &rarr; <strong>1460</strong><br />(+21 for winning)
|raw|SBYK's rating: 1455 &rarr; <strong>1434</strong><br />(-21 for losing)
|l|☆SBYK
|player|p2|
|l|☆ennvee98
|player|p1|
