|j|☆Diegogris@!
|j|☆Shibuya Arc
|t:|1758923190
|gametype|singles
|player|p1|Diegogris|officeworker|1585
|player|p2|Shibuya Arc|265|1599
|gen|9
|tier|[Gen 9] OU
|rated|
|rule|HP Percentage Mod: HP is shown in percentages
|rule|Endless Battle Clause: Forcing endless battles is banned
|rule|Species Clause: Limit one of each Pokémon
|rule|OHKO Clause: OHKO moves are banned
|rule|Evasion Items Clause: Evasion items are banned
|rule|Evasion Moves Clause: Evasion moves are banned
|rule|Evasion Abilities Clause: Evasion abilities are banned
|rule|Sleep Moves Clause: Sleep-inducing moves are banned
|clearpoke
|poke|p1|Great Tusk|
|poke|p1|Heatran, M|
|poke|p1|Weavile, M|
|poke|p1|Primarina, M|
|poke|p1|Ogerpon, F|
|poke|p1|Pecharunt|
|poke|p2|Dragapult, M|
|poke|p2|Dragonite, F|
|poke|p2|Ting-Lu|
|poke|p2|Weezing-Galar, F|
|poke|p2|Iron Crown|
|poke|p2|Zapdos|
|teampreview
|inactive|Battle timer is ON: inactive players will automatically lose when time's up. (requested by Shibuya Arc)
|inactive|Diegogris has 120 seconds left.
|c|☆Diegogris|Nice nickname
|c|☆Diegogris|Good luck
|
|t:|1758923247
|teamsize|p1|6
|teamsize|p2|6
|start
|switch|p1a: Bandit|Weavile, M, shiny|100/100
|switch|p2a: Ting-Lu|Ting-Lu|100/100
|-ability|p1a: Bandit|Pressure
|-ability|p2a: Ting-Lu|Vessel of Ruin
|turn|1
|
|t:|1758923257
|move|p1a: Bandit|Knock Off|p2a: Ting-Lu
|-resisted|p2a: Ting-Lu
|-damage|p2a: Ting-Lu|80/100
|-enditem|p2a: Ting-Lu|Leftovers|[from] move: Knock Off|[of] p1a: Bandit
|move|p2a: Ting-Lu|Earthquake|p1a: Bandit
|-damage|p1a: Bandit|32/100
|
|upkeep
|turn|2
|
|t:|1758923267
|switch|p1a: Anonymous|Ogerpon, F|100/100
|move|p2a: Ting-Lu|Ruination|p1a: Anonymous
|-damage|p1a: Anonymous|51/100
|
|upkeep
|turn|3
|
|t:|1758923273
|move|p1a: Anonymous|U-turn|p2a: Ting-Lu
|-supereffective|p2a: Ting-Lu
|-damage|p2a: Ting-Lu|41/100
|
|t:|1758923290
|switch|p1a: Bandit|Weavile, M, shiny|32/100|[from] U-turn
|-ability|p1a: Bandit|Pressure
|move|p2a: Ting-Lu|Earthquake|p1a: Bandit
|-damage|p1a: Bandit|0 fnt
|faint|p1a: Bandit
|
|upkeep
|
|t:|1758923292
|switch|p1a: Anonymous|Ogerpon, F|51/100
|turn|4
|
|t:|1758923298
|switch|p2a: Zapdos|Zapdos|100/100
|move|p1a: Anonymous|U-turn|p2a: Zapdos
|-resisted|p2a: Zapdos
|-damage|p2a: Zapdos|79/100
|
|t:|1758923321
|switch|p1a: Celestine|Primarina, M, shiny|100/100|[from] U-turn
|
|upkeep
|turn|5
|
|t:|1758923331
|-terastallize|p1a: Celestine|Ground
|move|p2a: Zapdos|Volt Switch|p1a: Celestine
|-immune|p1a: Celestine
|move|p1a: Celestine|Psychic Noise|p2a: Zapdos
|-damage|p2a: Zapdos|35/100
|-start|p2a: Zapdos|move: Heal Block
|
|upkeep
|turn|6
|
|t:|1758923343
|move|p2a: Zapdos|Hurricane|p1a: Celestine
|-damage|p1a: Celestine|73/100
|move|p1a: Celestine|Moonblast|p2a: Zapdos
|-damage|p2a: Zapdos|0 fnt
|faint|p2a: Zapdos
|
|upkeep
|
|t:|1758923351
|switch|p2a: Iron Crown|Iron Crown|100/100
|turn|7
|
|t:|1758923360
|switch|p1a: Chaos|Heatran, M, shiny|100/100
|-item|p1a: Chaos|Air Balloon
|move|p2a: Iron Crown|Psyshock|p1a: Chaos
|-resisted|p1a: Chaos
|-damage|p1a: Chaos|68/100
|-enditem|p1a: Chaos|Air Balloon
|
|upkeep
|turn|8
|
|t:|1758923369
|-end|p2a: Iron Crown|Quark Drive|[silent]
|switch|p2a: Ting-Lu|Ting-Lu|41/100
|-ability|p2a: Ting-Lu|Vessel of Ruin
|move|p1a: Chaos|Stealth Rock|p2a: Ting-Lu
|-sidestart|p2: Shibuya Arc|move: Stealth Rock
|
|upkeep
|turn|9
|
|t:|1758923374
|switch|p1a: Anonymous|Ogerpon, F|51/100
|move|p2a: Ting-Lu|Ruination|p1a: Anonymous
|-damage|p1a: Anonymous|26/100
|
|upkeep
|turn|10
|
|t:|1758923380
|switch|p2a: Dragonite|Dragonite, F|100/100
|move|p1a: Anonymous|U-turn|p2a: Dragonite
|-resisted|p2a: Dragonite
|-damage|p2a: Dragonite|92/100
|
|t:|1758923383
|switch|p1a: Overseer|Pecharunt|100/100|[from] U-turn
|
|upkeep
|turn|11
|
|t:|1758923388
|move|p2a: Dragonite|Earthquake|p1a: Overseer
|-supereffective|p1a: Overseer
|-damage|p1a: Overseer|67/100
|move|p1a: Overseer|Parting Shot|p2a: Dragonite
|-unboost|p2a: Dragonite|atk|1
|-unboost|p2a: Dragonite|spa|1
|
|t:|1758923394
|switch|p1a: Behemoth|Great Tusk, shiny|100/100|[from] Parting Shot
|
|upkeep
|turn|12
|
|t:|1758923400
|move|p1a: Behemoth|Ice Spinner|p2a: Dragonite
|-supereffective|p2a: Dragonite
|-damage|p2a: Dragonite|0 fnt
|faint|p2a: Dragonite
|
|upkeep
|
|t:|1758923407
|switch|p2a: Iron Crown|Iron Crown|100/100
|-damage|p2a: Iron Crown|94/100|[from] Stealth Rock
|turn|13
|
|t:|1758923424
|-end|p1a: Behemoth|Protosynthesis|[silent]
|switch|p1a: Chaos|Heatran, M, shiny|68/100
|move|p2a: Iron Crown|Focus Blast|p1a: Chaos|[miss]
|-miss|p2a: Iron Crown|p1a: Chaos
|
|upkeep
|turn|14
|
|t:|1758923430
|switch|p1a: Overseer|Pecharunt|67/100
|move|p2a: Iron Crown|Focus Blast|p1a: Overseer
|-immune|p1a: Overseer
|
|upkeep
|turn|15
|
|t:|1758923435
|-end|p2a: Iron Crown|Quark Drive|[silent]
|switch|p2a: Ting-Lu|Ting-Lu|41/100
|-damage|p2a: Ting-Lu|35/100|[from] Stealth Rock
|-ability|p2a: Ting-Lu|Vessel of Ruin
|move|p1a: Overseer|Parting Shot|p2a: Ting-Lu
|-unboost|p2a: Ting-Lu|atk|1
|-unboost|p2a: Ting-Lu|spa|1
|
|t:|1758923438
|switch|p1a: Anonymous|Ogerpon, F|26/100|[from] Parting Shot
|
|upkeep
|turn|16
|
|t:|1758923444
|move|p1a: Anonymous|U-turn|p2a: Ting-Lu
|-supereffective|p2a: Ting-Lu
|-damage|p2a: Ting-Lu|0 fnt
|faint|p2a: Ting-Lu
|
|t:|1758923455
|switch|p1a: Chaos|Heatran, M, shiny|68/100|[from] U-turn
|
|upkeep
|
|t:|1758923461
|switch|p2a: Iron Crown|Iron Crown|94/100
|-damage|p2a: Iron Crown|88/100|[from] Stealth Rock
|turn|17
|
|t:|1758923467
|move|p2a: Iron Crown|Focus Blast|p1a: Chaos|[miss]
|-miss|p2a: Iron Crown|p1a: Chaos
|move|p1a: Chaos|Magma Storm|p2a: Iron Crown
|-supereffective|p2a: Iron Crown
|-damage|p2a: Iron Crown|0 fnt
|faint|p2a: Iron Crown
|-end|p2a: Iron Crown|Quark Drive|[silent]
|
|upkeep
|
|t:|1758923474
|switch|p2a: Weezing|Weezing-Galar, F|100/100
|-ability|p2a: Weezing|Neutralizing Gas
|turn|18
|
|t:|1758923483
|move|p1a: Chaos|Magma Storm|p2a: Weezing
|-damage|p2a: Weezing|27/100
|-activate|p2a: Weezing|move: Magma Storm|[of] p1a: Chaos
|move|p2a: Weezing|Pain Split|p1a: Chaos
|-sethp|p1a: Chaos|48/100|[from] move: Pain Split|[silent]
|-sethp|p2a: Weezing|47/100|[from] move: Pain Split
|
|-damage|p2a: Weezing|34/100|[from] move: Magma Storm|[partiallytrapped]
|upkeep
|turn|19
|
|t:|1758923491
|move|p1a: Chaos|Earth Power|p2a: Weezing
|-supereffective|p2a: Weezing
|-damage|p2a: Weezing|0 fnt
|faint|p2a: Weezing
|-end|p2a: Weezing|ability: Neutralizing Gas
|
|upkeep
|
|t:|1758923496
|switch|p2a: Dragapult|Dragapult, M|100/100
|turn|20
|
|t:|1758923502
|move|p2a: Dragapult|Hex|p1a: Chaos
|-damage|p1a: Chaos|23/100
|move|p1a: Chaos|Taunt|p2a: Dragapult
|-start|p2a: Dragapult|move: Taunt
|
|upkeep
|turn|21
|
|t:|1758923507
|move|p2a: Dragapult|U-turn|p1a: Chaos
|-resisted|p1a: Chaos
|-damage|p1a: Chaos|18/100
|move|p1a: Chaos|Magma Storm|p2a: Dragapult
|-resisted|p2a: Dragapult
|-damage|p2a: Dragapult|62/100
|-activate|p2a: Dragapult|move: Magma Storm|[of] p1a: Chaos
|
|-damage|p2a: Dragapult|50/100|[from] move: Magma Storm|[partiallytrapped]
|upkeep
|turn|22
|j| Nikator98
|
|t:|1758923513
|move|p2a: Dragapult|Hex|p1a: Chaos
|-damage|p1a: Chaos|0 fnt
|faint|p1a: Chaos
|
|-end|p2a: Dragapult|Magma Storm|[partiallytrapped]|[silent]
|upkeep
|
|t:|1758923523
|switch|p1a: Celestine|Primarina, M, shiny, tera:Ground|73/100
|turn|23
|
|t:|1758923528
|-terastallize|p2a: Dragapult|Dragon
|move|p2a: Dragapult|Dragon Darts|p1a: Celestine
|-damage|p1a: Celestine|35/100
|-anim|p2a: Dragapult|Dragon Darts|p1a: Celestine
|-damage|p1a: Celestine|0 fnt
|faint|p1a: Celestine
|
|-end|p2a: Dragapult|move: Taunt
|upkeep
|
|t:|1758923537
|switch|p1a: Behemoth|Great Tusk, shiny|100/100
|turn|24
|
|t:|1758923552
|move|p2a: Dragapult|Will-O-Wisp|p1a: Behemoth
|-status|p1a: Behemoth|brn
|move|p1a: Behemoth|Rapid Spin|p2a: Dragapult
|-damage|p2a: Dragapult|37/100
|-boost|p1a: Behemoth|spe|1
|
|-damage|p1a: Behemoth|94/100 brn|[from] brn
|upkeep
|turn|25
|
|t:|1758923558
|move|p1a: Behemoth|Ice Spinner|p2a: Dragapult
|-supereffective|p2a: Dragapult
|-damage|p2a: Dragapult|0 fnt
|faint|p2a: Dragapult
|
|win|Diegogris
|raw|Diegogris's rating: 1585 &rarr; <strong>1606</strong><br />(+21 for winning)
|raw|Shibuya Arc's rating: 1599 &rarr; <strong>1578</strong><br />(-21 for losing)
