|j|☆AintDummy
|j|☆illuminati538
|t:|1758981608
|gametype|singles
|player|p1|AintDummy|hoopster|1223
|player|p2|illuminati538|rood|1202
|gen|9
|tier|[Gen 9] OU
|rated|
|rule|HP Percentage Mod: HP is shown in percentages
|rule|Endless Battle Clause: Forcing endless battles is banned
|rule|Species Clause: Limit one of each Pokémon
|rule|OHKO Clause: OHKO moves are banned
|rule|Evasion Items Clause: Evasion items are banned
|rule|Evasion Moves Clause: Evasion moves are banned
|rule|Evasion Abilities Clause: Evasion abilities are banned
|rule|Sleep Moves Clause: Sleep-inducing moves are banned
|clearpoke
|poke|p1|Lucario, M|
|poke|p1|Garchomp, F|
|poke|p1|Ribombee, M|
|poke|p1|Great Tusk|
|poke|p1|Cinderace, F|
|poke|p1|Luxray, M|
|poke|p2|Great Tusk|
|poke|p2|Gholdengo|
|poke|p2|Ogerpon-Wellspring, F|
|poke|p2|Dragonite, F|
|poke|p2|Iron Valiant|
|poke|p2|Kingambit, F|
|teampreview
|inactive|Battle timer is ON: inactive players will automatically lose when time's up. (requested by illuminati538)
|
|t:|1758981619
|teamsize|p1|6
|teamsize|p2|6
|start
|switch|p1a: Ribombee|Ribombee, M|100/100
|switch|p2a: Ogerpon|Ogerpon-Wellspring, F|100/100
|turn|1
|
|t:|1758981629
|-terastallize|p2a: Ogerpon|Water
|detailschange|p2a: Ogerpon|Ogerpon-Wellspring-Tera, F, tera:Water
|-ability|p2a: Ogerpon|Embody Aspect (Wellspring)|boost
|-boost|p2a: Ogerpon|spd|1
|move|p1a: Ribombee|Sticky Web|p2a: Ogerpon
|-sidestart|p2: illuminati538|move: Sticky Web
|move|p2a: Ogerpon|Ivy Cudgel|p1a: Ribombee|[anim] Ivy Cudgel Water
|-enditem|p1a: Ribombee|Focus Sash
|-damage|p1a: Ribombee|1/100
|
|upkeep
|turn|2
|
|t:|1758981640
|move|p1a: Ribombee|Moonblast|p2a: Ogerpon
|-damage|p2a: Ogerpon|68/100
|-unboost|p2a: Ogerpon|spa|1
|move|p2a: Ogerpon|Knock Off|p1a: Ribombee
|-resisted|p1a: Ribombee
|-crit|p1a: Ribombee
|-damage|p1a: Ribombee|0 fnt
|faint|p1a: Ribombee
|
|upkeep
|
|t:|1758981652
|switch|p1a: Luxray|Luxray, M|100/100
|turn|3
|
|t:|1758981662
|switch|p2a: Great Tusk|Great Tusk|100/100
|-activate|p2a: Great Tusk|move: Sticky Web
|-unboost|p2a: Great Tusk|spe|1
|move|p1a: Luxray|Supercell Slam|p2a: Great Tusk
|-immune|p2a: Great Tusk
|-damage|p1a: Luxray|51/100|[from] supercellslam
|
|upkeep
|turn|4
|
|t:|1758981673
|switch|p1a: Garchomp|Garchomp, F|100/100
|move|p2a: Great Tusk|Rapid Spin|p1a: Garchomp
|-damage|p1a: Garchomp|87/100
|-boost|p2a: Great Tusk|spe|1
|-damage|p2a: Great Tusk|88/100|[from] ability: Rough Skin|[of] p1a: Garchomp
|-damage|p2a: Great Tusk|71/100|[from] item: Rocky Helmet|[of] p1a: Garchomp
|-sideend|p2: illuminati538|Sticky Web|[from] move: Rapid Spin|[of] p2a: Great Tusk
|
|-heal|p2a: Great Tusk|78/100|[from] item: Leftovers
|upkeep
|turn|5
|
|t:|1758981690
|-end|p2a: Great Tusk|Protosynthesis|[silent]
|switch|p2a: Ogerpon|Ogerpon-Wellspring-Tera, F, tera:Water|68/100
|-ability|p2a: Ogerpon|Embody Aspect (Wellspring)|boost
|-boost|p2a: Ogerpon|spd|1
|move|p1a: Garchomp|Dragon Tail|p2a: Ogerpon
|-damage|p2a: Ogerpon|31/100
|drag|p2a: Kingambit|Kingambit, F|100/100
|
|upkeep
|turn|6
|
|t:|1758981703
|move|p1a: Garchomp|Stealth Rock|p2a: Kingambit
|-sidestart|p2: illuminati538|move: Stealth Rock
|move|p2a: Kingambit|Swords Dance|p2a: Kingambit
|-boost|p2a: Kingambit|atk|2
|
|upkeep
|turn|7
|
|t:|1758981712
|move|p2a: Kingambit|Sucker Punch|p1a: Garchomp
|-damage|p1a: Garchomp|6/100
|-damage|p2a: Kingambit|88/100|[from] ability: Rough Skin|[of] p1a: Garchomp
|-damage|p2a: Kingambit|72/100|[from] item: Rocky Helmet|[of] p1a: Garchomp
|move|p1a: Garchomp|Earthquake|p2a: Kingambit
|-supereffective|p2a: Kingambit
|-damage|p2a: Kingambit|12/100
|
|upkeep
|turn|8
|
|t:|1758981721
|move|p2a: Kingambit|Sucker Punch||[still]
|-fail|p2a: Kingambit
|move|p1a: Garchomp|Spikes|p2a: Kingambit
|-sidestart|p2: illuminati538|Spikes
|
|upkeep
|turn|9
|
|t:|1758981726
|move|p2a: Kingambit|Sucker Punch||[still]
|-fail|p2a: Kingambit
|move|p1a: Garchomp|Spikes|p2a: Kingambit
|-sidestart|p2: illuminati538|Spikes
|
|upkeep
|turn|10
|
|t:|1758981733
|move|p1a: Garchomp|Spikes|p2a: Kingambit
|-sidestart|p2: illuminati538|Spikes
|move|p2a: Kingambit|Kowtow Cleave|p1a: Garchomp
|-damage|p1a: Garchomp|0 fnt
|-damage|p2a: Kingambit|0 fnt|[from] ability: Rough Skin|[of] p1a: Garchomp
|faint|p1a: Garchomp
|faint|p2a: Kingambit
|-end|p2a: Kingambit|fallenundefined|[silent]
|
|upkeep
|
|t:|1758981751
|switch|p1a: dude|Lucario, M|100/100
|switch|p2a: Great Tusk|Great Tusk|78/100
|-damage|p2a: Great Tusk|75/100|[from] Stealth Rock
|-damage|p2a: Great Tusk|50/100|[from] Spikes
|turn|11
|
|t:|1758981760
|-terastallize|p1a: dude|Fighting
|move|p1a: dude|Aura Sphere|p2a: Great Tusk
|-damage|p2a: Great Tusk|0 fnt
|faint|p2a: Great Tusk
|-end|p2a: Great Tusk|Protosynthesis|[silent]
|
|upkeep
|
|t:|1758981766
|switch|p2a: Iron Valiant|Iron Valiant|100/100
|-damage|p2a: Iron Valiant|94/100|[from] Stealth Rock
|-damage|p2a: Iron Valiant|69/100|[from] Spikes
|turn|12
|
|t:|1758981774
|switch|p1a: Cinderace|Cinderace, F|100/100
|move|p2a: Iron Valiant|Moonblast|p1a: Cinderace
|-resisted|p1a: Cinderace
|-damage|p1a: Cinderace|68/100
|
|upkeep
|turn|13
|
|t:|1758981793
|-end|p2a: Iron Valiant|Quark Drive|[silent]
|switch|p2a: Ogerpon|Ogerpon-Wellspring-Tera, F, tera:Water|31/100
|-damage|p2a: Ogerpon|19/100|[from] Stealth Rock
|-damage|p2a: Ogerpon|0 fnt|[from] Spikes
|faint|p2a: Ogerpon
|detailschange|p2: Ogerpon|Ogerpon-Wellspring, F|[silent]
|move|p1a: Cinderace|Gunk Shot|p2: Ogerpon|[notarget]
|-fail|p1a: Cinderace
|
|upkeep
|
|t:|1758981803
|switch|p2a: Dragonite|Dragonite, F|100/100
|turn|14
|
|t:|1758981808
|move|p1a: Cinderace|Pyro Ball|p2a: Dragonite
|-resisted|p2a: Dragonite
|-damage|p2a: Dragonite|84/100
|-status|p2a: Dragonite|brn
|move|p2a: Dragonite|Dragon Dance|p2a: Dragonite
|-boost|p2a: Dragonite|atk|1
|-boost|p2a: Dragonite|spe|1
|
|-damage|p2a: Dragonite|78/100 brn|[from] brn
|upkeep
|turn|15
|
|t:|1758981816
|move|p2a: Dragonite|Dragon Dance|p2a: Dragonite
|-boost|p2a: Dragonite|atk|1
|-boost|p2a: Dragonite|spe|1
|move|p1a: Cinderace|Gunk Shot|p2a: Dragonite
|-start|p1a: Cinderace|typechange|Poison|[from] ability: Libero
|-damage|p2a: Dragonite|12/100 brn
|
|-damage|p2a: Dragonite|6/100 brn|[from] brn
|upkeep
|turn|16
|
|t:|1758981825
|switch|p1a: Great Tusk|Great Tusk|100/100
|-enditem|p1a: Great Tusk|Booster Energy
|-activate|p1a: Great Tusk|ability: Protosynthesis|[fromitem]
|-start|p1a: Great Tusk|protosynthesisdef
|move|p2a: Dragonite|Earthquake|p1a: Great Tusk
|-damage|p1a: Great Tusk|82/100
|
|-damage|p2a: Dragonite|0 fnt|[from] brn
|faint|p2a: Dragonite
|upkeep
|-message|illuminati538 forfeited.
|
|win|AintDummy
|raw|AintDummy's rating: 1223 &rarr; <strong>1246</strong><br />(+23 for winning)
|raw|illuminati538's rating: 1202 &rarr; <strong>1179</strong><br />(-23 for losing)
|l|☆illuminati538
|player|p2|
|l|☆AintDummy
|player|p1|
