|j|☆Perola Z
|j|☆chopianist16
|t:|1759004716
|gametype|singles
|player|p1|Perola Z|elesa|1483
|player|p2|chopianist16|palmer|1488
|gen|9
|tier|[Gen 9] OU
|rated|
|rule|HP Percentage Mod: HP is shown in percentages
|rule|Endless Battle Clause: Forcing endless battles is banned
|rule|Species Clause: Limit one of each Pokémon
|rule|OHKO Clause: OHKO moves are banned
|rule|Evasion Items Clause: Evasion items are banned
|rule|Evasion Moves Clause: Evasion moves are banned
|rule|Evasion Abilities Clause: Evasion abilities are banned
|rule|Sleep Moves Clause: Sleep-inducing moves are banned
|clearpoke
|poke|p1|Landorus-Therian, M|
|poke|p1|Enamorus, F|
|poke|p1|Latios, M|
|poke|p1|Scizor, M|
|poke|p1|Cinderace, F|
|poke|p1|Primarina, F|
|poke|p2|Moltres|
|poke|p2|Samurott-Hisui, F|
|poke|p2|Raging Bolt|
|poke|p2|Great Tusk|
|poke|p2|Scizor, F|
|poke|p2|Rillaboom, M|
|teampreview
|
|t:|1759004750
|teamsize|p1|6
|teamsize|p2|6
|start
|switch|p1a: Primarina|Primarina, F|100/100
|switch|p2a: Moltres|Moltres|100/100
|turn|1
|
|t:|1759004761
|switch|p2a: Rillaboom|Rillaboom, M|100/100
|-fieldstart|move: Grassy Terrain|[from] ability: Grassy Surge|[of] p2a: Rillaboom
|move|p1a: Primarina|Moonblast|p2a: Rillaboom
|-damage|p2a: Rillaboom|43/100
|-unboost|p2a: Rillaboom|spa|1
|
|-heal|p2a: Rillaboom|49/100|[from] Grassy Terrain
|upkeep
|turn|2
|
|t:|1759004775
|switch|p1a: Scizor|Scizor, M|100/100
|move|p2a: Rillaboom|Knock Off|p1a: Scizor
|-damage|p1a: Scizor|54/100
|-enditem|p1a: Scizor|Life Orb|[from] move: Knock Off|[of] p2a: Rillaboom
|
|-heal|p2a: Rillaboom|55/100|[from] Grassy Terrain
|-heal|p1a: Scizor|60/100|[from] Grassy Terrain
|upkeep
|turn|3
|
|t:|1759004783
|switch|p1a: Primarina|Primarina, F|100/100
|move|p2a: Rillaboom|U-turn|p1a: Primarina
|-resisted|p1a: Primarina
|-damage|p1a: Primarina|83/100
|
|t:|1759004830
|switch|p2a: Scizor|Scizor, F|100/100|[from] U-turn
|
|-heal|p1a: Primarina|89/100|[from] Grassy Terrain
|upkeep
|turn|4
|
|t:|1759004839
|move|p2a: Scizor|Bullet Punch|p1a: Primarina
|-damage|p1a: Primarina|10/100
|move|p1a: Primarina|Sparkling Aria|p2a: Scizor
|-damage|p2a: Scizor|0 fnt
|faint|p2a: Scizor
|
|-heal|p1a: Primarina|16/100|[from] Grassy Terrain
|upkeep
|
|t:|1759004853
|switch|p2a: Samurott|Samurott-Hisui, F|100/100
|turn|5
|
|t:|1759004869
|move|p2a: Samurott|Ceaseless Edge|p1a: Primarina|[miss]
|-miss|p2a: Samurott|p1a: Primarina
|move|p1a: Primarina|Sparkling Aria|p2a: Samurott
|-resisted|p2a: Samurott
|-damage|p2a: Samurott|17/100
|
|-heal|p2a: Samurott|23/100|[from] Grassy Terrain
|-heal|p1a: Primarina|22/100|[from] Grassy Terrain
|-fieldend|move: Grassy Terrain
|upkeep
|turn|6
|
|t:|1759004875
|move|p2a: Samurott|Ceaseless Edge|p1a: Primarina
|-resisted|p1a: Primarina
|-damage|p1a: Primarina|0 fnt
|-sidestart|p1: Perola Z|Spikes
|faint|p1a: Primarina
|
|upkeep
|
|t:|1759004885
|switch|p1a: Cinderace|Cinderace, F|100/100
|turn|7
|
|t:|1759004897
|move|p2a: Samurott|Aqua Jet|p1a: Cinderace
|-supereffective|p1a: Cinderace
|-damage|p1a: Cinderace|47/100
|move|p1a: Cinderace|Court Change|p1a: Cinderace
|-start|p1a: Cinderace|typechange|Normal|[from] ability: Libero
|-swapsideconditions
|-activate|p1a: Cinderace|move: Court Change
|
|upkeep
|turn|8
|inactive|Battle timer is ON: inactive players will automatically lose when time's up. (requested by Perola Z)
|
|t:|1759004931
|move|p2a: Samurott|Aqua Jet|p1a: Cinderace
|-damage|p1a: Cinderace|22/100
|move|p1a: Cinderace|U-turn|p2a: Samurott
|-supereffective|p2a: Samurott
|-damage|p2a: Samurott|0 fnt
|faint|p2a: Samurott
|
|t:|1759004957
|switch|p1a: Latios|Latios, M|100/100|[from] U-turn
|
|upkeep
|
|t:|1759004973
|switch|p2a: Rillaboom|Rillaboom, M|55/100
|-damage|p2a: Rillaboom|43/100|[from] Spikes
|-fieldstart|move: Grassy Terrain|[from] ability: Grassy Surge|[of] p2a: Rillaboom
|turn|9
|
|t:|1759004980
|move|p1a: Latios|Luster Purge|p2a: Rillaboom
|-damage|p2a: Rillaboom|0 fnt
|faint|p2a: Rillaboom
|
|upkeep
|
|t:|1759004992
|switch|p2a: Great Tusk|Great Tusk|100/100
|-damage|p2a: Great Tusk|88/100|[from] Spikes
|turn|10
|
|t:|1759004997
|-terastallize|p2a: Great Tusk|Steel
|move|p1a: Latios|Luster Purge|p2a: Great Tusk
|-resisted|p2a: Great Tusk
|-damage|p2a: Great Tusk|38/100
|move|p2a: Great Tusk|Rapid Spin|p1a: Latios
|-damage|p1a: Latios|79/100
|-boost|p2a: Great Tusk|spe|1
|-sideend|p2: chopianist16|Spikes|[from] move: Rapid Spin|[of] p2a: Great Tusk
|
|-heal|p2a: Great Tusk|44/100|[from] Grassy Terrain
|upkeep
|turn|11
|
|t:|1759005012
|switch|p1a: Cinderace|Cinderace, F|22/100
|move|p2a: Great Tusk|Ice Spinner|p1a: Cinderace
|-resisted|p1a: Cinderace
|-damage|p1a: Cinderace|6/100
|-fieldend|move: Grassy Terrain
|
|upkeep
|turn|12
|
|t:|1759005019
|move|p2a: Great Tusk|Rapid Spin|p1a: Cinderace
|-damage|p1a: Cinderace|0 fnt
|-boost|p2a: Great Tusk|spe|1
|faint|p1a: Cinderace
|
|upkeep
|
|t:|1759005026
|switch|p1a: Enamorus|Enamorus, F|100/100
|turn|13
|
|t:|1759005034
|move|p2a: Great Tusk|Ice Spinner|p1a: Enamorus
|-supereffective|p1a: Enamorus
|-damage|p1a: Enamorus|32/100
|move|p1a: Enamorus|Earth Power|p2a: Great Tusk
|-supereffective|p2a: Great Tusk
|-damage|p2a: Great Tusk|0 fnt
|faint|p2a: Great Tusk
|-end|p2a: Great Tusk|Protosynthesis|[silent]
|
|upkeep
|
|t:|1759005042
|switch|p2a: Raging Bolt|Raging Bolt|100/100
|-enditem|p2a: Raging Bolt|Booster Energy
|-activate|p2a: Raging Bolt|ability: Protosynthesis|[fromitem]
|-start|p2a: Raging Bolt|protosynthesisspa
|turn|14
|
|t:|1759005071
|-terastallize|p1a: Enamorus|Ground
|move|p1a: Enamorus|Earth Power|p2a: Raging Bolt
|-supereffective|p2a: Raging Bolt
|-damage|p2a: Raging Bolt|11/100
|move|p2a: Raging Bolt|Calm Mind|p2a: Raging Bolt
|-boost|p2a: Raging Bolt|spa|1
|-boost|p2a: Raging Bolt|spd|1
|
|upkeep
|turn|15
|
|t:|1759005080
|-end|p2a: Raging Bolt|Protosynthesis|[silent]
|switch|p2a: Moltres|Moltres|100/100
|move|p1a: Enamorus|Moonblast|p2a: Moltres
|-resisted|p2a: Moltres
|-damage|p2a: Moltres|76/100
|
|upkeep
|turn|16
|
|t:|1759005087
|move|p1a: Enamorus|Moonblast|p2a: Moltres
|-resisted|p2a: Moltres
|-damage|p2a: Moltres|51/100
|move|p2a: Moltres|Hurricane|p1a: Enamorus
|-damage|p1a: Enamorus|0 fnt
|faint|p1a: Enamorus
|
|upkeep
|
|t:|1759005091
|switch|p1a: Latios|Latios, M|79/100
|turn|17
|
|t:|1759005095
|move|p1a: Latios|Luster Purge|p2a: Moltres
|-damage|p2a: Moltres|0 fnt
|faint|p2a: Moltres
|
|upkeep
|-message|chopianist16 forfeited.
|
|win|Perola Z
|raw|Perola Z's rating: 1483 &rarr; <strong>1503</strong><br />(+20 for winning)
|raw|chopianist16's rating: 1488 &rarr; <strong>1468</strong><br />(-20 for losing)
|l|☆chopianist16
|player|p2|
