|j|☆sompo
|j|☆apexbluepk
|t:|1759032276
|gametype|singles
|player|p1|sompo|benga|1196
|player|p2|apexbluepk|101|1237
|gen|9
|tier|[Gen 9] OU
|rated|
|rule|HP Percentage Mod: HP is shown in percentages
|rule|Endless Battle Clause: Forcing endless battles is banned
|rule|Species Clause: Limit one of each Pokémon
|rule|OHKO Clause: OHKO moves are banned
|rule|Evasion Items Clause: Evasion items are banned
|rule|Evasion Moves Clause: Evasion moves are banned
|rule|Evasion Abilities Clause: Evasion abilities are banned
|rule|Sleep Moves Clause: Sleep-inducing moves are banned
|clearpoke
|poke|p1|Ogerpon-Wellspring, F|
|poke|p1|Overqwil, F|
|poke|p1|Iron Treads|
|poke|p1|Politoed, M|
|poke|p1|Kingdra, F|
|poke|p1|Thundurus-Therian, M|
|poke|p2|Goodra-Hisui, F|
|poke|p2|Kommo-o, F|
|poke|p2|Clefable, F|
|poke|p2|Dragonite, F|
|poke|p2|Enamorus, F|
|poke|p2|Dragapult, M|
|teampreview
|inactive|Battle timer is ON: inactive players will automatically lose when time's up. (requested by apexbluepk)
|
|t:|1759032294
|teamsize|p1|6
|teamsize|p2|6
|start
|switch|p1a: Politoed|Politoed, M|100/100
|switch|p2a: Kommo-o|Kommo-o, F|100/100
|-weather|RainDance|[from] ability: Drizzle|[of] p1a: Politoed
|turn|1
|
|t:|1759032303
|move|p2a: Kommo-o|Clangorous Soul|p2a: Kommo-o
|-boost|p2a: Kommo-o|atk|1
|-boost|p2a: Kommo-o|def|1
|-boost|p2a: Kommo-o|spa|1
|-boost|p2a: Kommo-o|spd|1
|-boost|p2a: Kommo-o|spe|1
|-damage|p2a: Kommo-o|68/100
|-enditem|p2a: Kommo-o|Throat Spray
|-boost|p2a: Kommo-o|spa|1|[from] item: Throat Spray
|move|p1a: Politoed|Ice Beam|p2a: Kommo-o
|-supereffective|p2a: Kommo-o
|-crit|p2a: Kommo-o
|-damage|p2a: Kommo-o|4/100
|
|-weather|RainDance|[upkeep]
|upkeep
|turn|2
|
|t:|1759032321
|switch|p1a: Iron Treads|Iron Treads|100/100
|move|p2a: Kommo-o|Dragon Pulse|p1a: Iron Treads
|-resisted|p1a: Iron Treads
|-damage|p1a: Iron Treads|73/100
|
|-weather|RainDance|[upkeep]
|-heal|p1a: Iron Treads|79/100|[from] item: Leftovers
|upkeep
|turn|3
|
|t:|1759032332
|move|p2a: Kommo-o|Aura Sphere|p1a: Iron Treads
|-supereffective|p1a: Iron Treads
|-crit|p1a: Iron Treads
|-damage|p1a: Iron Treads|0 fnt
|faint|p1a: Iron Treads
|-end|p1a: Iron Treads|Quark Drive|[silent]
|
|-weather|RainDance|[upkeep]
|upkeep
|
|t:|1759032338
|switch|p1a: Overqwil|Overqwil, F|100/100
|turn|4
|
|t:|1759032356
|move|p1a: Overqwil|Aqua Jet|p2a: Kommo-o
|-resisted|p2a: Kommo-o
|-damage|p2a: Kommo-o|0 fnt
|faint|p2a: Kommo-o
|-damage|p1a: Overqwil|91/100|[from] item: Life Orb
|
|-weather|RainDance|[upkeep]
|upkeep
|
|t:|1759032361
|switch|p2a: Goodra|Goodra-Hisui, F|100/100
|turn|5
|
|t:|1759032374
|switch|p1a: Kingdra|Kingdra, F|100/100
|move|p2a: Goodra|Acid Armor|p2a: Goodra
|-boost|p2a: Goodra|def|2
|
|-weather|RainDance|[upkeep]
|upkeep
|turn|6
|inactive|apexbluepk has 120 seconds left.
|inactive|apexbluepk has 90 seconds left.
|inactive|apexbluepk has 60 seconds left.
|inactive|apexbluepk has 30 seconds left.
|
|t:|1759032502
|move|p1a: Kingdra|Draco Meteor|p2a: Goodra
|-damage|p2a: Goodra|54/100
|-unboost|p1a: Kingdra|spa|2
|move|p2a: Goodra|Acid Armor|p2a: Goodra
|-boost|p2a: Goodra|def|2
|
|-weather|RainDance|[upkeep]
|-heal|p2a: Goodra|60/100|[from] item: Leftovers
|upkeep
|turn|7
|inactive|apexbluepk has 30 seconds left.
|inactive|sompo has 120 seconds left.
|
|t:|1759032532
|switch|p1a: Overqwil|Overqwil, F|91/100
|move|p2a: Goodra|Body Press|p1a: Overqwil
|-damage|p1a: Overqwil|28/100
|
|-weather|RainDance|[upkeep]
|-heal|p2a: Goodra|66/100|[from] item: Leftovers
|upkeep
|turn|8
|
|t:|1759032542
|move|p1a: Overqwil|Crunch|p2a: Goodra
|-damage|p2a: Goodra|51/100
|-damage|p1a: Overqwil|18/100|[from] item: Life Orb
|move|p2a: Goodra|Body Press|p1a: Overqwil
|-damage|p1a: Overqwil|0 fnt
|faint|p1a: Overqwil
|
|-weather|none
|-heal|p2a: Goodra|57/100|[from] item: Leftovers
|upkeep
|
|t:|1759032551
|switch|p1a: Politoed|Politoed, M|100/100
|-weather|RainDance|[from] ability: Drizzle|[of] p1a: Politoed
|turn|9
|
|t:|1759032556
|move|p1a: Politoed|Earth Power|p2a: Goodra
|-supereffective|p2a: Goodra
|-damage|p2a: Goodra|39/100
|-unboost|p2a: Goodra|spd|1
|move|p2a: Goodra|Body Press|p1a: Politoed
|-damage|p1a: Politoed|55/100
|
|-weather|RainDance|[upkeep]
|-heal|p2a: Goodra|45/100|[from] item: Leftovers
|upkeep
|turn|10
|
|t:|1759032565
|move|p1a: Politoed|Earth Power|p2a: Goodra
|-supereffective|p2a: Goodra
|-damage|p2a: Goodra|18/100
|move|p2a: Goodra|Body Press|p1a: Politoed
|-damage|p1a: Politoed|15/100
|
|-weather|RainDance|[upkeep]
|-heal|p2a: Goodra|24/100|[from] item: Leftovers
|upkeep
|turn|11
|
|t:|1759032572
|move|p1a: Politoed|Earth Power|p2a: Goodra
|-supereffective|p2a: Goodra
|-damage|p2a: Goodra|0 fnt
|faint|p2a: Goodra
|
|-weather|RainDance|[upkeep]
|upkeep
|
|t:|1759032580
|switch|p2a: Enamorus|Enamorus, F|100/100
|turn|12
|
|t:|1759032597
|switch|p1a: Ogerpon|Ogerpon-Wellspring, F|100/100
|move|p2a: Enamorus|Superpower|p1a: Ogerpon
|-damage|p1a: Ogerpon|53/100
|-boost|p2a: Enamorus|atk|1
|-boost|p2a: Enamorus|def|1
|
|-weather|RainDance|[upkeep]
|upkeep
|turn|13
|inactive|apexbluepk has 60 seconds left.
|
|t:|1759032628
|move|p1a: Ogerpon|Ivy Cudgel|p2a: Enamorus|[anim] Ivy Cudgel Water
|-crit|p2a: Enamorus
|-damage|p2a: Enamorus|0 fnt
|faint|p2a: Enamorus
|
|-weather|RainDance|[upkeep]
|upkeep
|
|t:|1759032637
|switch|p2a: Dragapult|Dragapult, M|100/100
|turn|14
|inactive|apexbluepk has 60 seconds left.
|
|t:|1759032650
|move|p2a: Dragapult|Thunderbolt|p1a: Ogerpon
|-damage|p1a: Ogerpon|13/100
|-damage|p2a: Dragapult|91/100|[from] item: Life Orb
|move|p1a: Ogerpon|Play Rough|p2a: Dragapult
|-supereffective|p2a: Dragapult
|-damage|p2a: Dragapult|0 fnt
|faint|p2a: Dragapult
|
|-weather|RainDance|[upkeep]
|upkeep
|inactive|apexbluepk has 60 seconds left.
|
|t:|1759032660
|switch|p2a: Clefable|Clefable, F|100/100
|turn|15
|inactive|apexbluepk has 60 seconds left.
|
|t:|1759032670
|-terastallize|p1a: Ogerpon|Water
|detailschange|p1a: Ogerpon|Ogerpon-Wellspring-Tera, F, tera:Water
|-ability|p1a: Ogerpon|Embody Aspect (Wellspring)|boost
|-boost|p1a: Ogerpon|spd|1
|-terastallize|p2a: Clefable|Steel
|move|p1a: Ogerpon|Ivy Cudgel|p2a: Clefable|[anim] Ivy Cudgel Water
|-damage|p2a: Clefable|0 fnt
|faint|p2a: Clefable
|
|-weather|RainDance|[upkeep]
|upkeep
|inactive|apexbluepk has 60 seconds left.
|
|t:|1759032680
|switch|p2a: Dragonite|Dragonite, F|100/100
|turn|16
|
|t:|1759032686
|move|p2a: Dragonite|Extreme Speed|p1a: Ogerpon
|-damage|p1a: Ogerpon|0 fnt
|faint|p1a: Ogerpon
|detailschange|p1: Ogerpon|Ogerpon-Wellspring, F|[silent]
|-damage|p2a: Dragonite|91/100|[from] item: Life Orb
|
|-weather|none
|upkeep
|
|t:|1759032692
|switch|p1a: Politoed|Politoed, M|15/100
|-weather|RainDance|[from] ability: Drizzle|[of] p1a: Politoed
|turn|17
|
|t:|1759032697
|move|p2a: Dragonite|Extreme Speed|p1a: Politoed
|-damage|p1a: Politoed|0 fnt
|faint|p1a: Politoed
|-damage|p2a: Dragonite|81/100|[from] item: Life Orb
|
|-weather|RainDance|[upkeep]
|upkeep
|
|t:|1759032703
|switch|p1a: Kingdra|Kingdra, F|100/100
|turn|18
|
|t:|1759032711
|move|p1a: Kingdra|Draco Meteor|p2a: Dragonite
|-supereffective|p2a: Dragonite
|-crit|p2a: Dragonite
|-damage|p2a: Dragonite|0 fnt
|-unboost|p1a: Kingdra|spa|2
|faint|p2a: Dragonite
|
|win|sompo
|raw|sompo's rating: 1196 &rarr; <strong>1224</strong><br />(+28 for winning)
|raw|apexbluepk's rating: 1237 &rarr; <strong>1209</strong><br />(-28 for losing)
|l|☆apexbluepk
|player|p2|
|l|☆sompo
|player|p1|
