|j|☆Nultiprise
|j|☆Qazxcdewsf
|t:|1758980369
|gametype|singles
|player|p1|Nultiprise|preschooler|1523
|player|p2|Qazxcdewsf|265|1504
|gen|9
|tier|[Gen 9] OU
|rated|
|rule|HP Percentage Mod: HP is shown in percentages
|rule|Endless Battle Clause: Forcing endless battles is banned
|rule|Species Clause: Limit one of each Pokémon
|rule|OHKO Clause: OHKO moves are banned
|rule|Evasion Items Clause: Evasion items are banned
|rule|Evasion Moves Clause: Evasion moves are banned
|rule|Evasion Abilities Clause: Evasion abilities are banned
|rule|Sleep Moves Clause: Sleep-inducing moves are banned
|clearpoke
|poke|p1|Greninja-*, M|
|poke|p1|Zoroark-Hisui, M|
|poke|p1|Great Tusk|
|poke|p1|Deoxys-Speed|
|poke|p1|Yanmega, M|
|poke|p1|Mimikyu, M|
|poke|p2|Gliscor, M|
|poke|p2|Moltres|
|poke|p2|Scizor, F|
|poke|p2|Alomomola, F|
|poke|p2|Darkrai|
|poke|p2|Garganacl, F|
|teampreview
|c|☆Nultiprise|hf
|
|t:|1758980388
|teamsize|p1|6
|teamsize|p2|6
|start
|switch|p1a: Quoi ?|Greninja, M|100/100
|switch|p2a: Garganacl|Garganacl, F|100/100
|turn|1
|inactive|Battle timer is ON: inactive players will automatically lose when time's up. (requested by Qazxcdewsf)
|
|t:|1758980398
|switch|p2a: Alomomola|Alomomola, F|100/100
|move|p1a: Quoi ?|Hydro Pump|p2a: Alomomola
|-resisted|p2a: Alomomola
|-damage|p2a: Alomomola|82/100
|
|upkeep
|turn|2
|
|t:|1758980404
|switch|p1a: Deoxys|Deoxys-Speed|100/100
|move|p2a: Alomomola|Flip Turn|p1a: Deoxys
|-damage|p1a: Deoxys|69/100
|replace|p1a: Feur|Zoroark-Hisui, M
|-end|p1a: Feur|Illusion
|
|t:|1758980418
|switch|p2a: Scizor|Scizor, F|100/100|[from] Flip Turn
|
|upkeep
|turn|3
|
|t:|1758980422
|move|p2a: Scizor|Bullet Punch|p1a: Feur
|-damage|p1a: Feur|0 fnt
|faint|p1a: Feur
|
|upkeep
|
|t:|1758980426
|switch|p1a: Deoxys|Deoxys-Speed|100/100
|-ability|p1a: Deoxys|Pressure
|turn|4
|
|t:|1758980431
|move|p2a: Scizor|Bullet Punch|p1a: Deoxys
|-damage|p1a: Deoxys|15/100
|move|p1a: Deoxys|Counter|p2a: Scizor
|-damage|p2a: Scizor|0 fnt
|faint|p2a: Scizor
|
|upkeep
|
|t:|1758980440
|switch|p2a: Alomomola|Alomomola, F|100/100
|turn|5
|
|t:|1758980442
|move|p1a: Deoxys|Stealth Rock|p2a: Alomomola
|-sidestart|p2: Qazxcdewsf|move: Stealth Rock
|move|p2a: Alomomola|Flip Turn|p1a: Deoxys
|-damage|p1a: Deoxys|0 fnt
|faint|p1a: Deoxys
|
|t:|1758980445
|switch|p2a: Gliscor|Gliscor, M|100/100|[from] Flip Turn
|-damage|p2a: Gliscor|88/100|[from] Stealth Rock
|
|-status|p2a: Gliscor|tox|[from] item: Toxic Orb
|upkeep
|
|t:|1758980450
|switch|p1a: Quoi ?|Greninja, M|100/100
|turn|6
|
|t:|1758980454
|switch|p1a: Mimikyu|Mimikyu, M|100/100
|switch|p2a: Alomomola|Alomomola, F|100/100
|
|upkeep
|turn|7
|
|t:|1758980458
|move|p1a: Mimikyu|Swords Dance|p1a: Mimikyu
|-boost|p1a: Mimikyu|atk|2
|move|p2a: Alomomola|Flip Turn|p1a: Mimikyu
|-activate|p1a: Mimikyu|ability: Disguise
|-damage|p1a: Mimikyu|100/100
|detailschange|p1a: Mimikyu|Mimikyu-Busted, M
|-damage|p1a: Mimikyu|88/100|[from] pokemon: Mimikyu-Busted
|
|t:|1758980471
|switch|p2a: Darkrai|Darkrai|100/100|[from] Flip Turn
|
|upkeep
|turn|8
|
|t:|1758980479
|-terastallize|p2a: Darkrai|Dark
|move|p2a: Darkrai|Dark Pulse|p1a: Mimikyu
|-damage|p1a: Mimikyu|8/100
|move|p1a: Mimikyu|Play Rough|p2a: Darkrai
|-supereffective|p2a: Darkrai
|-damage|p2a: Darkrai|0 fnt
|faint|p2a: Darkrai
|-damage|p1a: Mimikyu|0 fnt|[from] item: Life Orb
|faint|p1a: Mimikyu
|
|upkeep
|
|t:|1758980495
|switch|p2a: Gliscor|Gliscor, M|88/100 tox
|switch|p1a: Yanmega|Yanmega, M|100/100
|-damage|p2a: Gliscor|76/100 tox|[from] Stealth Rock
|turn|9
|
|t:|1758980499
|move|p1a: Yanmega|Bug Buzz|p2a: Gliscor
|-resisted|p2a: Gliscor
|-damage|p2a: Gliscor|47/100 tox
|-enditem|p1a: Yanmega|Throat Spray
|-boost|p1a: Yanmega|spa|1|[from] item: Throat Spray
|move|p2a: Gliscor|U-turn|p1a: Yanmega
|-resisted|p1a: Yanmega
|-damage|p1a: Yanmega|91/100
|
|t:|1758980502
|switch|p2a: Moltres|Moltres|100/100|[from] U-turn
|
|-ability|p1a: Yanmega|Speed Boost|boost
|-boost|p1a: Yanmega|spe|1
|upkeep
|turn|10
|
|t:|1758980508
|move|p1a: Yanmega|Air Slash|p2a: Moltres
|-damage|p2a: Moltres|57/100
|move|p2a: Moltres|Flamethrower|p1a: Yanmega
|-supereffective|p1a: Yanmega
|-crit|p1a: Yanmega
|-damage|p1a: Yanmega|0 fnt
|faint|p1a: Yanmega
|
|upkeep
|
|t:|1758980511
|switch|p1a: Quoi ?|Greninja, M|100/100
|turn|11
|
|t:|1758980514
|switch|p2a: Alomomola|Alomomola, F|100/100
|move|p1a: Quoi ?|Hydro Pump|p2a: Alomomola
|-resisted|p2a: Alomomola
|-damage|p2a: Alomomola|82/100
|
|upkeep
|turn|12
|
|t:|1758980519
|move|p1a: Quoi ?|Dark Pulse|p2a: Alomomola
|-damage|p2a: Alomomola|57/100
|move|p2a: Alomomola|Scald|p1a: Quoi ?
|-resisted|p1a: Quoi ?
|-damage|p1a: Quoi ?|89/100
|
|upkeep
|turn|13
|
|t:|1758980529
|move|p1a: Quoi ?|Dark Pulse|p2a: Alomomola
|-damage|p2a: Alomomola|30/100
|move|p2a: Alomomola|Wish|p2a: Alomomola
|
|upkeep
|turn|14
|
|t:|1758980534
|move|p2a: Alomomola|Protect|p2a: Alomomola
|-singleturn|p2a: Alomomola|Protect
|move|p1a: Quoi ?|Dark Pulse|p2a: Alomomola
|-activate|p2a: Alomomola|move: Protect
|
|-heal|p2a: Alomomola|80/100|[from] move: Wish|[wisher] Alomomola
|upkeep
|turn|15
|
|t:|1758980539
|move|p1a: Quoi ?|Dark Pulse|p2a: Alomomola
|-damage|p2a: Alomomola|55/100
|move|p2a: Alomomola|Wish|p2a: Alomomola
|
|upkeep
|turn|16
|
|t:|1758980543
|move|p1a: Quoi ?|Dark Pulse|p2a: Alomomola
|-damage|p2a: Alomomola|30/100
|move|p2a: Alomomola|Scald|p1a: Quoi ?
|-resisted|p1a: Quoi ?
|-damage|p1a: Quoi ?|79/100
|
|-heal|p2a: Alomomola|80/100|[from] move: Wish|[wisher] Alomomola
|upkeep
|turn|17
|
|t:|1758980549
|move|p1a: Quoi ?|Dark Pulse|p2a: Alomomola
|-damage|p2a: Alomomola|56/100
|cant|p2a: Alomomola|flinch
|
|upkeep
|turn|18
|
|t:|1758980551
|move|p1a: Quoi ?|Dark Pulse|p2a: Alomomola
|-damage|p2a: Alomomola|32/100
|move|p2a: Alomomola|Scald|p1a: Quoi ?
|-resisted|p1a: Quoi ?
|-damage|p1a: Quoi ?|69/100
|
|upkeep
|turn|19
|
|t:|1758980555
|move|p1a: Quoi ?|Dark Pulse|p2a: Alomomola
|-damage|p2a: Alomomola|7/100
|move|p2a: Alomomola|Wish|p2a: Alomomola
|
|upkeep
|turn|20
|
|t:|1758980560
|switch|p1a: Great Tusk|Great Tusk|100/100
|-enditem|p1a: Great Tusk|Booster Energy
|-activate|p1a: Great Tusk|ability: Protosynthesis|[fromitem]
|-start|p1a: Great Tusk|protosynthesisspe
|move|p2a: Alomomola|Protect||[still]
|-fail|p2a: Alomomola
|
|-heal|p2a: Alomomola|57/100|[from] move: Wish|[wisher] Alomomola
|upkeep
|turn|21
|
|t:|1758980568
|switch|p2a: Garganacl|Garganacl, F|100/100
|-damage|p2a: Garganacl|88/100|[from] Stealth Rock
|-terastallize|p1a: Great Tusk|Poison
|move|p1a: Great Tusk|Bulk Up|p1a: Great Tusk
|-boost|p1a: Great Tusk|atk|1
|-boost|p1a: Great Tusk|def|1
|
|upkeep
|turn|22
|
|t:|1758980574
|move|p1a: Great Tusk|Bulk Up|p1a: Great Tusk
|-boost|p1a: Great Tusk|atk|1
|-boost|p1a: Great Tusk|def|1
|move|p2a: Garganacl|Salt Cure|p1a: Great Tusk
|-damage|p1a: Great Tusk|96/100
|-start|p1a: Great Tusk|Salt Cure
|
|-damage|p1a: Great Tusk|83/100|[from] Salt Cure
|upkeep
|turn|23
|
|t:|1758980582
|switch|p2a: Moltres|Moltres|57/100
|move|p1a: Great Tusk|Headlong Rush|p2a: Moltres
|-immune|p2a: Moltres
|
|-damage|p1a: Great Tusk|71/100|[from] Salt Cure
|upkeep
|turn|24
|
|t:|1758980591
|switch|p2a: Alomomola|Alomomola, F|91/100
|move|p1a: Great Tusk|Ice Spinner|p2a: Alomomola
|-resisted|p2a: Alomomola
|-damage|p2a: Alomomola|73/100
|
|-damage|p1a: Great Tusk|58/100|[from] Salt Cure
|upkeep
|turn|25
|
|t:|1758980598
|switch|p2a: Garganacl|Garganacl, F|88/100
|-damage|p2a: Garganacl|76/100|[from] Stealth Rock
|move|p1a: Great Tusk|Headlong Rush|p2a: Garganacl
|-supereffective|p2a: Garganacl
|-damage|p2a: Garganacl|0 fnt
|-unboost|p1a: Great Tusk|def|1
|-unboost|p1a: Great Tusk|spd|1
|faint|p2a: Garganacl
|
|-damage|p1a: Great Tusk|46/100|[from] Salt Cure
|upkeep
|-message|Nultiprise forfeited.
|
|win|Qazxcdewsf
|raw|Nultiprise's rating: 1523 &rarr; <strong>1502</strong><br />(-21 for losing)
|raw|Qazxcdewsf's rating: 1504 &rarr; <strong>1525</strong><br />(+21 for winning)
|l|☆Nultiprise
|player|p1|
|l|☆Qazxcdewsf
|player|p2|
