|badge|p1|bronze|gen9ou|100-6
|html|<div class="broadcast-red"><strong>This battle is required to be public due to one or more player having a season medal.</strong><br />During the public phase, you can discuss the state of the ladder <a href="/seasondiscussion">in a special chatroom.</a></div>
|uhtml|medal-msg|<div class="broadcast-blue">Curious what those medals under the avatar are? PS now has Ladder Seasons! For more information, check out the <a href="https://www.smogon.com/forums/threads/3740067/">thread on Smogon.</a></div>
|badge|p2|silver|gen9ou|30-6
|badge|p2|silver|gen9uu|30-6
|badge|p2|bronze|gen9ru|100-6
|uhtml|medal-msg|<div class="broadcast-blue">Curious what those medals under the avatar are? PS now has Ladder Seasons! For more information, check out the <a href="https://www.smogon.com/forums/threads/3740067/">thread on Smogon.</a></div>
|raw|<div class="broadcast-blue"><strong>This battle is required to be public due to a player having a name starting with 'medal'.</div>
|j|☆MunchlaxTheGodKing
|j|☆Sirpeanutcronch
|t:|1759051212
|gametype|singles
|player|p1|MunchlaxTheGodKing|furisodegirl-black|1866
|player|p2|Sirpeanutcronch|#wcop2025africa|1902
|gen|9
|tier|[Gen 9] OU
|rated|
|rule|HP Percentage Mod: HP is shown in percentages
|rule|Endless Battle Clause: Forcing endless battles is banned
|rule|Species Clause: Limit one of each Pokémon
|rule|OHKO Clause: OHKO moves are banned
|rule|Evasion Items Clause: Evasion items are banned
|rule|Evasion Moves Clause: Evasion moves are banned
|rule|Evasion Abilities Clause: Evasion abilities are banned
|rule|Sleep Moves Clause: Sleep-inducing moves are banned
|clearpoke
|poke|p1|Zamazenta-*|
|poke|p1|Dragapult, F|
|poke|p1|Raging Bolt|
|poke|p1|Moltres|
|poke|p1|Iron Treads|
|poke|p1|Samurott-Hisui, F|
|poke|p2|Gliscor, F|
|poke|p2|Slowking-Galar, F|
|poke|p2|Weezing-Galar, F|
|poke|p2|Kingambit, F|
|poke|p2|Ogerpon-Wellspring, F|
|poke|p2|Zamazenta-*|
|teampreview
|inactive|Battle timer is ON: inactive players will automatically lose when time's up. (requested by Sirpeanutcronch)
|inactive|MunchlaxTheGodKing also wants the timer to be on.
|j| cynasaurus
|
|t:|1759051228
|teamsize|p1|6
|teamsize|p2|6
|start
|switch|p1a: 90%≠don't blunder|Samurott-Hisui, F|100/100
|switch|p2a: Gliscor|Gliscor, F|100/100
|turn|1
|
|t:|1759051233
|move|p2a: Gliscor|Protect|p2a: Gliscor
|-singleturn|p2a: Gliscor|Protect
|move|p1a: 90%≠don't blunder|Razor Shell|p2a: Gliscor
|-activate|p2a: Gliscor|move: Protect
|
|-status|p2a: Gliscor|tox|[from] item: Toxic Orb
|upkeep
|turn|2
|
|t:|1759051237
|switch|p2a: Ogerpon|Ogerpon-Wellspring, F|100/100
|move|p1a: 90%≠don't blunder|Razor Shell|p2a: Ogerpon
|-immune|p2a: Ogerpon|[from] ability: Water Absorb
|
|upkeep
|turn|3
|
|t:|1759051243
|switch|p1a: 脑袋尖尖的|Zamazenta|100/100
|-ability|p1a: 脑袋尖尖的|Dauntless Shield|boost
|-boost|p1a: 脑袋尖尖的|def|1
|move|p2a: Ogerpon|Ivy Cudgel|p1a: 脑袋尖尖的|[anim] Ivy Cudgel Water
|-damage|p1a: 脑袋尖尖的|64/100
|
|upkeep
|turn|4
|j| Itwasneroox
|
|t:|1759051260
|switch|p2a: Slowking|Slowking-Galar, F|100/100
|move|p1a: 脑袋尖尖的|Psychic Fangs|p2a: Slowking
|-damage|p2a: Slowking|63/100
|-damage|p1a: 脑袋尖尖的|54/100|[from] item: Life Orb
|
|upkeep
|turn|5
|
|t:|1759051267
|switch|p2a: Zamazenta|Zamazenta|100/100
|-ability|p2a: Zamazenta|Dauntless Shield|boost
|-boost|p2a: Zamazenta|def|1
|move|p1a: 脑袋尖尖的|Crunch|p2a: Zamazenta
|-resisted|p2a: Zamazenta
|-damage|p2a: Zamazenta|92/100
|-damage|p1a: 脑袋尖尖的|44/100|[from] item: Life Orb
|
|-heal|p2a: Zamazenta|98/100|[from] item: Leftovers
|upkeep
|turn|6
|l| Itwasneroox
|
|t:|1759051272
|switch|p1a: Moltres|Moltres|100/100
|move|p2a: Zamazenta|Body Press|p1a: Moltres
|-resisted|p1a: Moltres
|-damage|p1a: Moltres|72/100
|
|-heal|p2a: Zamazenta|100/100|[from] item: Leftovers
|upkeep
|turn|7
|
|t:|1759051277
|switch|p2a: Gliscor|Gliscor, F|100/100 tox
|move|p1a: Moltres|Hurricane|p2a: Gliscor
|-damage|p2a: Gliscor|40/100 tox
|-start|p2a: Gliscor|confusion
|
|-heal|p2a: Gliscor|52/100 tox|[from] ability: Poison Heal
|upkeep
|turn|8
|
|t:|1759051282
|switch|p2a: Slowking|Slowking-Galar, F|96/100
|switch|p1a: 90%≠don't blunder|Samurott-Hisui, F|100/100
|
|upkeep
|turn|9
|
|t:|1759051287
|switch|p2a: Weezing|Weezing-Galar, F|100/100
|-ability|p2a: Weezing|Neutralizing Gas
|move|p1a: 90%≠don't blunder|Razor Shell|p2a: Weezing
|-damage|p2a: Weezing|62/100
|
|upkeep
|turn|10
|
|t:|1759051291
|switch|p1a: Moltres|Moltres|72/100
|move|p2a: Weezing|Pain Split|p1a: Moltres
|-sethp|p1a: Moltres|64/100|[from] move: Pain Split|[silent]
|-sethp|p2a: Weezing|70/100|[from] move: Pain Split
|
|upkeep
|turn|11
|
|t:|1759051295
|-end|p2a: Weezing|ability: Neutralizing Gas
|switch|p2a: Slowking|Slowking-Galar, F|100/100
|move|p1a: Moltres|Hurricane|p2a: Slowking
|-crit|p2a: Slowking
|-damage|p2a: Slowking|67/100
|
|upkeep
|turn|12
|
|t:|1759051301
|move|p1a: Moltres|U-turn|p2a: Slowking
|-damage|p2a: Slowking|53/100
|
|t:|1759051303
|switch|p1a: 踩踩背|Iron Treads|100/100|[from] U-turn
|move|p2a: Slowking|Flamethrower|p1a: 踩踩背
|-supereffective|p1a: 踩踩背
|-damage|p1a: 踩踩背|65/100
|
|-heal|p1a: 踩踩背|71/100|[from] item: Leftovers
|upkeep
|turn|13
|
|t:|1759051308
|switch|p2a: Gliscor|Gliscor, F|52/100 tox
|move|p1a: 踩踩背|Stealth Rock|p2a: Gliscor
|-sidestart|p2: Sirpeanutcronch|move: Stealth Rock
|
|-heal|p1a: 踩踩背|77/100|[from] item: Leftovers
|-heal|p2a: Gliscor|65/100 tox|[from] ability: Poison Heal
|upkeep
|turn|14
|
|t:|1759051314
|-end|p1a: 踩踩背|Quark Drive|[silent]
|switch|p1a: 90%≠don't blunder|Samurott-Hisui, F|100/100
|move|p2a: Gliscor|Earthquake|p1a: 90%≠don't blunder
|-crit|p1a: 90%≠don't blunder
|-damage|p1a: 90%≠don't blunder|38/100
|
|-heal|p2a: Gliscor|77/100 tox|[from] ability: Poison Heal
|upkeep
|turn|15
|
|t:|1759051319
|move|p2a: Gliscor|Protect|p2a: Gliscor
|-singleturn|p2a: Gliscor|Protect
|move|p1a: 90%≠don't blunder|Razor Shell|p2a: Gliscor
|-activate|p2a: Gliscor|move: Protect
|
|-heal|p2a: Gliscor|90/100 tox|[from] ability: Poison Heal
|upkeep
|turn|16
|
|t:|1759051323
|switch|p1a: 脑袋尖尖的|Zamazenta|44/100
|switch|p2a: Ogerpon|Ogerpon-Wellspring, F|100/100
|-damage|p2a: Ogerpon|88/100|[from] Stealth Rock
|
|upkeep
|turn|17
|
|t:|1759051329
|switch|p2a: Weezing|Weezing-Galar, F|70/100
|-ability|p2a: Weezing|Neutralizing Gas
|move|p1a: 脑袋尖尖的|Close Combat|p2a: Weezing
|-resisted|p2a: Weezing
|-damage|p2a: Weezing|57/100
|-unboost|p1a: 脑袋尖尖的|def|1
|-unboost|p1a: 脑袋尖尖的|spd|1
|-damage|p1a: 脑袋尖尖的|35/100|[from] item: Life Orb
|
|upkeep
|turn|18
|
|t:|1759051341
|switch|p1a: Moltres|Moltres|64/100
|-end|p2a: Weezing|ability: Neutralizing Gas
|switch|p2a: Gliscor|Gliscor, F|90/100 tox
|-damage|p2a: Gliscor|77/100 tox|[from] Stealth Rock
|
|-heal|p2a: Gliscor|90/100 tox|[from] ability: Poison Heal
|upkeep
|turn|19
|
|t:|1759051345
|switch|p2a: Slowking|Slowking-Galar, F|87/100
|-damage|p2a: Slowking|74/100|[from] Stealth Rock
|move|p1a: Moltres|Hurricane|p2a: Slowking
|-damage|p2a: Slowking|52/100
|-start|p2a: Slowking|confusion
|
|upkeep
|turn|20
|
|t:|1759051350
|switch|p2a: Gliscor|Gliscor, F|90/100 tox
|-damage|p2a: Gliscor|77/100 tox|[from] Stealth Rock
|move|p1a: Moltres|U-turn|p2a: Gliscor
|-resisted|p2a: Gliscor
|-damage|p2a: Gliscor|72/100 tox
|
|t:|1759051352
|switch|p1a: 90%≠don't blunder|Samurott-Hisui, F|38/100|[from] U-turn
|
|-heal|p2a: Gliscor|84/100 tox|[from] ability: Poison Heal
|upkeep
|turn|21
|
|t:|1759051357
|move|p2a: Gliscor|Protect|p2a: Gliscor
|-singleturn|p2a: Gliscor|Protect
|move|p1a: 90%≠don't blunder|Ceaseless Edge|p2a: Gliscor
|-activate|p2a: Gliscor|move: Protect
|
|-heal|p2a: Gliscor|97/100 tox|[from] ability: Poison Heal
|upkeep
|turn|22
|
|t:|1759051363
|move|p1a: 90%≠don't blunder|Ceaseless Edge|p2a: Gliscor
|-damage|p2a: Gliscor|38/100 tox
|-sidestart|p2: Sirpeanutcronch|Spikes
|move|p2a: Gliscor|Earthquake|p1a: 90%≠don't blunder
|-damage|p1a: 90%≠don't blunder|0 fnt
|faint|p1a: 90%≠don't blunder
|
|-heal|p2a: Gliscor|50/100 tox|[from] ability: Poison Heal
|upkeep
|
|t:|1759051371
|switch|p1a: 脑袋尖尖的|Zamazenta|35/100
|turn|23
|
|t:|1759051374
|move|p2a: Gliscor|Protect|p2a: Gliscor
|-singleturn|p2a: Gliscor|Protect
|move|p1a: 脑袋尖尖的|Close Combat|p2a: Gliscor
|-activate|p2a: Gliscor|move: Protect
|
|-heal|p2a: Gliscor|63/100 tox|[from] ability: Poison Heal
|upkeep
|turn|24
|
|t:|1759051379
|move|p1a: 脑袋尖尖的|Ice Fang|p2a: Gliscor
|-supereffective|p2a: Gliscor
|-damage|p2a: Gliscor|0 fnt
|faint|p2a: Gliscor
|-damage|p1a: 脑袋尖尖的|25/100|[from] item: Life Orb
|
|upkeep
|
|t:|1759051384
|switch|p2a: Weezing|Weezing-Galar, F|57/100
|-ability|p2a: Weezing|Neutralizing Gas
|turn|25
|
|t:|1759051387
|move|p1a: 脑袋尖尖的|Psychic Fangs|p2a: Weezing
|-supereffective|p2a: Weezing
|-damage|p2a: Weezing|10/100
|-damage|p1a: 脑袋尖尖的|15/100|[from] item: Life Orb
|move|p2a: Weezing|Defog|p1a: 脑袋尖尖的
|-unboost|p1a: 脑袋尖尖的|evasion|1
|-sideend|p2: Sirpeanutcronch|Spikes|[from] move: Defog|[of] p2a: Weezing
|-sideend|p2: Sirpeanutcronch|Stealth Rock|[from] move: Defog|[of] p2a: Weezing
|
|upkeep
|turn|26
|
|t:|1759051399
|-end|p2a: Weezing|ability: Neutralizing Gas
|switch|p2a: Slowking|Slowking-Galar, F|85/100
|move|p1a: 脑袋尖尖的|Close Combat|p2a: Slowking
|-resisted|p2a: Slowking
|-damage|p2a: Slowking|67/100
|-unboost|p1a: 脑袋尖尖的|def|1
|-unboost|p1a: 脑袋尖尖的|spd|1
|-damage|p1a: 脑袋尖尖的|5/100|[from] item: Life Orb
|
|upkeep
|turn|27
|
|t:|1759051406
|switch|p1a: 踩踩背|Iron Treads|77/100
|switch|p2a: Weezing|Weezing-Galar, F|10/100
|-ability|p2a: Weezing|Neutralizing Gas
|
|-heal|p1a: 踩踩背|83/100|[from] item: Leftovers
|upkeep
|turn|28
|j| Nacht556
|
|t:|1759051413
|move|p1a: 踩踩背|Rapid Spin|p2a: Weezing
|-damage|p2a: Weezing|1/100
|-boost|p1a: 踩踩背|spe|1
|move|p2a: Weezing|Defog|p1a: 踩踩背
|-unboost|p1a: 踩踩背|evasion|1
|
|-heal|p1a: 踩踩背|89/100|[from] item: Leftovers
|upkeep
|turn|29
|
|t:|1759051419
|move|p1a: 踩踩背|Rapid Spin|p2a: Weezing
|-damage|p2a: Weezing|0 fnt
|-boost|p1a: 踩踩背|spe|1
|faint|p2a: Weezing
|-end|p2a: Weezing|ability: Neutralizing Gas
|
|-heal|p1a: 踩踩背|96/100|[from] item: Leftovers
|upkeep
|
|t:|1759051420
|switch|p2a: Ogerpon|Ogerpon-Wellspring, F|88/100
|turn|30
|
|t:|1759051427
|move|p1a: 踩踩背|Stealth Rock|p2a: Ogerpon
|-sidestart|p2: Sirpeanutcronch|move: Stealth Rock
|move|p2a: Ogerpon|Ivy Cudgel|p1a: 踩踩背|[anim] Ivy Cudgel Water
|-supereffective|p1a: 踩踩背
|-damage|p1a: 踩踩背|0 fnt
|faint|p1a: 踩踩背
|-end|p1a: 踩踩背|Quark Drive|[silent]
|
|upkeep
|
|t:|1759051430
|switch|p1a: 脑袋尖尖的|Zamazenta|5/100
|turn|31
|
|t:|1759051438
|switch|p2a: Zamazenta|Zamazenta|100/100
|-damage|p2a: Zamazenta|94/100|[from] Stealth Rock
|move|p1a: 脑袋尖尖的|Close Combat|p2a: Zamazenta
|-damage|p2a: Zamazenta|30/100
|-unboost|p1a: 脑袋尖尖的|def|1
|-unboost|p1a: 脑袋尖尖的|spd|1
|-damage|p1a: 脑袋尖尖的|0 fnt|[from] item: Life Orb
|faint|p1a: 脑袋尖尖的
|
|-heal|p2a: Zamazenta|36/100|[from] item: Leftovers
|upkeep
|
|t:|1759051443
|switch|p1a: Moltres|Moltres|64/100
|turn|32
|
|t:|1759051447
|move|p2a: Zamazenta|Iron Defense|p2a: Zamazenta
|-boost|p2a: Zamazenta|def|2
|move|p1a: Moltres|U-turn|p2a: Zamazenta
|-resisted|p2a: Zamazenta
|-damage|p2a: Zamazenta|34/100
|
|t:|1759051450
|switch|p1a: 24岁 喜欢发射孩子|Dragapult, F|100/100|[from] U-turn
|
|-heal|p2a: Zamazenta|40/100|[from] item: Leftovers
|upkeep
|turn|33
|
|t:|1759051456
|move|p1a: 24岁 喜欢发射孩子|Shadow Ball|p2a: Zamazenta
|-damage|p2a: Zamazenta|0 fnt
|faint|p2a: Zamazenta
|
|upkeep
|
|t:|1759051458
|switch|p2a: Kingambit|Kingambit, F|100/100
|-damage|p2a: Kingambit|94/100|[from] Stealth Rock
|-activate|p2a: Kingambit|ability: Supreme Overlord
|-start|p2a: Kingambit|fallen3|[silent]
|turn|34
|
|t:|1759051464
|switch|p1a: 长脖奶龙|Raging Bolt|100/100
|move|p2a: Kingambit|Sucker Punch||[still]
|-fail|p2a: Kingambit
|
|-heal|p2a: Kingambit|100/100|[from] item: Leftovers
|upkeep
|turn|35
|j| heatraniac
|
|t:|1759051476
|-terastallize|p1a: 长脖奶龙|Fairy
|move|p1a: 长脖奶龙|Thunderbolt|p2a: Kingambit
|-damage|p2a: Kingambit|45/100
|move|p2a: Kingambit|Kowtow Cleave|p1a: 长脖奶龙
|-resisted|p1a: 长脖奶龙
|-damage|p1a: 长脖奶龙|75/100
|
|-heal|p2a: Kingambit|51/100|[from] item: Leftovers
|upkeep
|turn|36
|
|t:|1759051483
|-end|p2a: Kingambit|fallen3|[silent]
|switch|p2a: Slowking|Slowking-Galar, F|100/100
|-damage|p2a: Slowking|88/100|[from] Stealth Rock
|move|p1a: 长脖奶龙|Volt Switch|p2a: Slowking
|-damage|p2a: Slowking|72/100
|
|t:|1759051485
|-end|p1a: 长脖奶龙|Protosynthesis|[silent]
|switch|p1a: 24岁 喜欢发射孩子|Dragapult, F|100/100|[from] Volt Switch
|
|upkeep
|turn|37
|
|t:|1759051495
|move|p1a: 24岁 喜欢发射孩子|Shadow Ball|p2a: Slowking
|-supereffective|p2a: Slowking
|-damage|p2a: Slowking|27/100
|-unboost|p2a: Slowking|spd|1
|move|p2a: Slowking|Psychic Noise|p1a: 24岁 喜欢发射孩子
|-damage|p1a: 24岁 喜欢发射孩子|63/100
|-start|p1a: 24岁 喜欢发射孩子|move: Heal Block
|
|upkeep
|turn|38
|
|t:|1759051503
|switch|p1a: 长脖奶龙|Raging Bolt, tera:Fairy|75/100
|switch|p2a: Kingambit|Kingambit, F|51/100
|-damage|p2a: Kingambit|45/100|[from] Stealth Rock
|-activate|p2a: Kingambit|ability: Supreme Overlord
|-start|p2a: Kingambit|fallen3|[silent]
|
|-heal|p2a: Kingambit|51/100|[from] item: Leftovers
|upkeep
|turn|39
|
|t:|1759051513
|move|p2a: Kingambit|Sucker Punch|p1a: 长脖奶龙
|-resisted|p1a: 长脖奶龙
|-damage|p1a: 长脖奶龙|53/100
|move|p1a: 长脖奶龙|Thunderbolt|p2a: Kingambit
|-damage|p2a: Kingambit|0 fnt
|faint|p2a: Kingambit
|-end|p2a: Kingambit|fallen3|[silent]
|
|upkeep
|
|t:|1759051519
|switch|p2a: Ogerpon|Ogerpon-Wellspring, F|88/100
|-damage|p2a: Ogerpon|76/100|[from] Stealth Rock
|turn|40
|
|t:|1759051524
|-end|p1a: 长脖奶龙|Protosynthesis|[silent]
|switch|p1a: 24岁 喜欢发射孩子|Dragapult, F|63/100
|move|p2a: Ogerpon|Ivy Cudgel|p1a: 24岁 喜欢发射孩子|[anim] Ivy Cudgel Water
|-resisted|p1a: 24岁 喜欢发射孩子
|-damage|p1a: 24岁 喜欢发射孩子|23/100
|
|upkeep
|turn|41
|
|t:|1759051534
|-terastallize|p2a: Ogerpon|Water
|detailschange|p2a: Ogerpon|Ogerpon-Wellspring-Tera, F, tera:Water
|-ability|p2a: Ogerpon|Embody Aspect (Wellspring)|boost
|-boost|p2a: Ogerpon|spd|1
|move|p1a: 24岁 喜欢发射孩子|U-turn|p2a: Ogerpon
|-damage|p2a: Ogerpon|56/100
|
|t:|1759051542
|switch|p1a: Moltres|Moltres|64/100|[from] U-turn
|move|p2a: Ogerpon|Ivy Cudgel|p1a: Moltres|[anim] Ivy Cudgel Water
|-supereffective|p1a: Moltres
|-damage|p1a: Moltres|0 fnt
|faint|p1a: Moltres
|
|upkeep
|
|t:|1759051544
|switch|p1a: 24岁 喜欢发射孩子|Dragapult, F|23/100
|turn|42
|
|t:|1759051549
|switch|p2a: Slowking|Slowking-Galar, F|60/100
|-damage|p2a: Slowking|48/100|[from] Stealth Rock
|move|p1a: 24岁 喜欢发射孩子|Draco Meteor|p2a: Slowking
|-damage|p2a: Slowking|12/100
|-unboost|p1a: 24岁 喜欢发射孩子|spa|2
|
|upkeep
|turn|43
|
|t:|1759051559
|move|p1a: 24岁 喜欢发射孩子|Draco Meteor|p2a: Slowking|[miss]
|-miss|p1a: 24岁 喜欢发射孩子|p2a: Slowking
|move|p2a: Slowking|Psychic Noise|p1a: 24岁 喜欢发射孩子
|-damage|p1a: 24岁 喜欢发射孩子|0 fnt
|faint|p1a: 24岁 喜欢发射孩子
|
|upkeep
|
|t:|1759051563
|switch|p1a: 长脖奶龙|Raging Bolt, tera:Fairy|53/100
|turn|44
|
|t:|1759051566
|move|p1a: 长脖奶龙|Thunderbolt|p2a: Slowking
|-damage|p2a: Slowking|0 fnt
|faint|p2a: Slowking
|
|upkeep
|
|t:|1759051568
|switch|p2a: Ogerpon|Ogerpon-Wellspring-Tera, F, tera:Water|56/100
|-damage|p2a: Ogerpon|43/100|[from] Stealth Rock
|-ability|p2a: Ogerpon|Embody Aspect (Wellspring)|boost
|-boost|p2a: Ogerpon|spd|1
|turn|45
|
|t:|1759051571
|move|p2a: Ogerpon|Ivy Cudgel|p1a: 长脖奶龙|[anim] Ivy Cudgel Water
|-damage|p1a: 长脖奶龙|0 fnt
|faint|p1a: 长脖奶龙
|-end|p1a: 长脖奶龙|Protosynthesis|[silent]
|
|win|Sirpeanutcronch
|raw|MunchlaxTheGodKing's rating: 1866 &rarr; <strong>1848</strong><br />(-18 for losing)
|raw|Sirpeanutcronch's rating: 1902 &rarr; <strong>1920</strong><br />(+18 for winning)
|l|☆Sirpeanutcronch
|player|p2|
|l| Nacht556
|l|☆MunchlaxTheGodKing
|player|p1|
|l| heatraniac
|l| cynasaurus
