|j|☆TheTheyThemler
|j|☆gregoncalo
|t:|1759072239
|gametype|singles
|player|p1|TheTheyThemler|n|1286
|player|p2|gregoncalo|2|1359
|gen|9
|tier|[Gen 9] OU
|rated|
|rule|HP Percentage Mod: HP is shown in percentages
|rule|Endless Battle Clause: Forcing endless battles is banned
|rule|Species Clause: Limit one of each Pokémon
|rule|OHKO Clause: OHKO moves are banned
|rule|Evasion Items Clause: Evasion items are banned
|rule|Evasion Moves Clause: Evasion moves are banned
|rule|Evasion Abilities Clause: Evasion abilities are banned
|rule|Sleep Moves Clause: Sleep-inducing moves are banned
|clearpoke
|poke|p1|Charjabug, F|
|poke|p1|Ceruledge, F|
|poke|p1|Gholdengo|
|poke|p1|Umbreon, F|
|poke|p1|Great Tusk|
|poke|p1|Kyurem|
|poke|p2|Meowscarada, M|
|poke|p2|Great Tusk|
|poke|p2|Skeledirge, M|
|poke|p2|Lokix, F|
|poke|p2|Garganacl, F|
|poke|p2|Haxorus, M|
|teampreview
|
|t:|1759072254
|teamsize|p1|6
|teamsize|p2|6
|start
|switch|p1a: 🚍|Charjabug, F, shiny|100/100
|switch|p2a: Lokix|Lokix, F|100/100
|turn|1
|inactive|Battle timer is ON: inactive players will automatically lose when time's up. (requested by gregoncalo)
|
|t:|1759072280
|move|p2a: Lokix|U-turn|p1a: 🚍
|-damage|p1a: 🚍|75/100
|
|t:|1759072285
|switch|p2a: Great Tusk|Great Tusk|100/100|[from] U-turn
|move|p1a: 🚍|Sticky Web|p2a: Great Tusk
|-sidestart|p2: gregoncalo|move: Sticky Web
|
|upkeep
|turn|2
|
|t:|1759072291
|move|p2a: Great Tusk|Knock Off|p1a: 🚍
|-damage|p1a: 🚍|59/100
|-enditem|p1a: 🚍|Eviolite|[from] move: Knock Off|[of] p2a: Great Tusk
|move|p1a: 🚍|Lunge|p2a: Great Tusk
|-resisted|p2a: Great Tusk
|-damage|p2a: Great Tusk|95/100
|-unboost|p2a: Great Tusk|atk|1
|
|-heal|p2a: Great Tusk|100/100|[from] item: Leftovers
|upkeep
|turn|3
|
|t:|1759072312
|switch|p1a: 🎩|Gholdengo|100/100
|move|p2a: Great Tusk|Rapid Spin|p1a: 🎩
|-immune|p1a: 🎩
|
|upkeep
|turn|4
|inactive|gregoncalo has 120 seconds left.
|
|t:|1759072347
|move|p1a: 🎩|Dazzling Gleam|p2a: Great Tusk
|-supereffective|p2a: Great Tusk
|-damage|p2a: Great Tusk|32/100
|move|p2a: Great Tusk|Knock Off|p1a: 🎩
|-supereffective|p1a: 🎩
|-damage|p1a: 🎩|62/100
|-enditem|p1a: 🎩|Leftovers|[from] move: Knock Off|[of] p2a: Great Tusk
|
|-heal|p2a: Great Tusk|38/100|[from] item: Leftovers
|upkeep
|turn|5
|inactive|gregoncalo has 120 seconds left.
|
|t:|1759072362
|-end|p2a: Great Tusk|Protosynthesis|[silent]
|switch|p2a: Lokix|Lokix, F|100/100
|-activate|p2a: Lokix|move: Sticky Web
|-unboost|p2a: Lokix|spe|1
|move|p1a: 🎩|Dazzling Gleam|p2a: Lokix
|-supereffective|p2a: Lokix
|-damage|p2a: Lokix|0 fnt
|faint|p2a: Lokix
|
|upkeep
|
|t:|1759072379
|switch|p2a: Skeledirge|Skeledirge, M|100/100
|turn|6
|
|t:|1759072385
|switch|p1a: ⚔️|Ceruledge, F, shiny|100/100
|move|p2a: Skeledirge|Torch Song|p1a: ⚔️
|-start|p1a: ⚔️|ability: Flash Fire
|
|upkeep
|turn|7
|inactive|gregoncalo has 120 seconds left.
|
|t:|1759072392
|-end|p1a: ⚔️|ability: Flash Fire|[silent]
|switch|p1a: 🐈‍⬛|Umbreon, F, shiny|100/100
|move|p2a: Skeledirge|Shadow Ball|p1a: 🐈‍⬛
|-resisted|p1a: 🐈‍⬛
|-damage|p1a: 🐈‍⬛|93/100
|
|-heal|p1a: 🐈‍⬛|99/100|[from] item: Leftovers
|upkeep
|turn|8
|
|t:|1759072401
|move|p2a: Skeledirge|Will-O-Wisp|p1a: 🐈‍⬛
|-status|p1a: 🐈‍⬛|brn
|-activate|p1a: 🐈‍⬛|ability: Synchronize
|-immune|p2a: Skeledirge
|move|p1a: 🐈‍⬛|Wish|p1a: 🐈‍⬛
|
|-heal|p1a: 🐈‍⬛|100/100 brn|[from] item: Leftovers
|-damage|p1a: 🐈‍⬛|94/100 brn|[from] brn
|upkeep
|turn|9
|
|t:|1759072413
|switch|p1a: 🚍|Charjabug, F, shiny|59/100
|move|p2a: Skeledirge|Torch Song|p1a: 🚍
|-supereffective|p1a: 🚍
|-damage|p1a: 🚍|0 fnt
|-boost|p2a: Skeledirge|spa|1
|faint|p1a: 🚍
|
|upkeep
|
|t:|1759072421
|switch|p1a: 🐈‍⬛|Umbreon, F, shiny|94/100 brn
|turn|10
|
|t:|1759072424
|move|p2a: Skeledirge|Torch Song|p1a: 🐈‍⬛
|-damage|p1a: 🐈‍⬛|72/100 brn
|-boost|p2a: Skeledirge|spa|1
|move|p1a: 🐈‍⬛|Toxic|p2a: Skeledirge
|-status|p2a: Skeledirge|tox
|
|-heal|p1a: 🐈‍⬛|78/100 brn|[from] item: Leftovers
|-damage|p2a: Skeledirge|94/100 tox|[from] psn
|-damage|p1a: 🐈‍⬛|72/100 brn|[from] brn
|upkeep
|turn|11
|
|t:|1759072434
|move|p1a: 🐈‍⬛|Protect|p1a: 🐈‍⬛
|-singleturn|p1a: 🐈‍⬛|Protect
|move|p2a: Skeledirge|Torch Song|p1a: 🐈‍⬛
|-activate|p1a: 🐈‍⬛|move: Protect
|
|-heal|p1a: 🐈‍⬛|78/100 brn|[from] item: Leftovers
|-damage|p2a: Skeledirge|82/100 tox|[from] psn
|-damage|p1a: 🐈‍⬛|72/100 brn|[from] brn
|upkeep
|turn|12
|
|t:|1759072442
|move|p2a: Skeledirge|Torch Song|p1a: 🐈‍⬛
|-damage|p1a: 🐈‍⬛|39/100 brn
|-boost|p2a: Skeledirge|spa|1
|move|p1a: 🐈‍⬛|Wish|p1a: 🐈‍⬛
|
|-heal|p1a: 🐈‍⬛|45/100 brn|[from] item: Leftovers
|-damage|p2a: Skeledirge|64/100 tox|[from] psn
|-damage|p1a: 🐈‍⬛|39/100 brn|[from] brn
|upkeep
|turn|13
|
|t:|1759072451
|move|p1a: 🐈‍⬛|Protect|p1a: 🐈‍⬛
|-singleturn|p1a: 🐈‍⬛|Protect
|move|p2a: Skeledirge|Slack Off|p2a: Skeledirge
|-heal|p2a: Skeledirge|100/100 tox
|
|-heal|p1a: 🐈‍⬛|89/100 brn|[from] move: Wish|[wisher] 🐈‍⬛
|-heal|p1a: 🐈‍⬛|95/100 brn|[from] item: Leftovers
|-damage|p2a: Skeledirge|76/100 tox|[from] psn
|-damage|p1a: 🐈‍⬛|89/100 brn|[from] brn
|upkeep
|turn|14
|
|t:|1759072470
|move|p2a: Skeledirge|Torch Song|p1a: 🐈‍⬛
|-damage|p1a: 🐈‍⬛|53/100 brn
|-boost|p2a: Skeledirge|spa|1
|move|p1a: 🐈‍⬛|Wish|p1a: 🐈‍⬛
|
|-heal|p1a: 🐈‍⬛|59/100 brn|[from] item: Leftovers
|-damage|p2a: Skeledirge|46/100 tox|[from] psn
|-damage|p1a: 🐈‍⬛|53/100 brn|[from] brn
|upkeep
|turn|15
|
|t:|1759072479
|move|p1a: 🐈‍⬛|Protect|p1a: 🐈‍⬛
|-singleturn|p1a: 🐈‍⬛|Protect
|move|p2a: Skeledirge|Torch Song|p1a: 🐈‍⬛
|-activate|p1a: 🐈‍⬛|move: Protect
|
|-heal|p1a: 🐈‍⬛|100/100 brn|[from] move: Wish|[wisher] 🐈‍⬛
|-damage|p2a: Skeledirge|9/100 tox|[from] psn
|-damage|p1a: 🐈‍⬛|94/100 brn|[from] brn
|upkeep
|turn|16
|inactive|TheTheyThemler has 120 seconds left.
|
|t:|1759072527
|switch|p1a: ⚔️|Ceruledge, F, shiny|100/100
|move|p2a: Skeledirge|Torch Song|p1a: ⚔️
|-start|p1a: ⚔️|ability: Flash Fire
|
|-damage|p2a: Skeledirge|0 fnt|[from] psn
|faint|p2a: Skeledirge
|upkeep
|
|t:|1759072538
|switch|p2a: Great Tusk|Great Tusk|38/100
|-activate|p2a: Great Tusk|move: Sticky Web
|-unboost|p2a: Great Tusk|spe|1
|turn|17
|
|t:|1759072543
|-terastallize|p1a: ⚔️|Bug
|move|p1a: ⚔️|Bulk Up|p1a: ⚔️
|-boost|p1a: ⚔️|atk|1
|-boost|p1a: ⚔️|def|1
|move|p2a: Great Tusk|Earthquake|p1a: ⚔️
|-resisted|p1a: ⚔️
|-damage|p1a: ⚔️|81/100
|
|-heal|p1a: ⚔️|87/100|[from] item: Leftovers
|-heal|p2a: Great Tusk|44/100|[from] item: Leftovers
|upkeep
|turn|18
|inactive|TheTheyThemler has 120 seconds left.
|
|t:|1759072554
|move|p1a: ⚔️|Bitter Blade|p2a: Great Tusk
|-damage|p2a: Great Tusk|0 fnt
|-heal|p1a: ⚔️|100/100|[from] drain|[of] p2a: Great Tusk
|faint|p2a: Great Tusk
|-end|p2a: Great Tusk|Protosynthesis|[silent]
|
|upkeep
|
|t:|1759072561
|switch|p2a: Garganacl|Garganacl, F|100/100
|-activate|p2a: Garganacl|move: Sticky Web
|-unboost|p2a: Garganacl|spe|1
|turn|19
|
|t:|1759072574
|move|p1a: ⚔️|Close Combat|p2a: Garganacl
|-supereffective|p2a: Garganacl
|-damage|p2a: Garganacl|5/100
|-unboost|p1a: ⚔️|def|1
|-unboost|p1a: ⚔️|spd|1
|move|p2a: Garganacl|Salt Cure|p1a: ⚔️
|-supereffective|p1a: ⚔️
|-damage|p1a: ⚔️|65/100
|-start|p1a: ⚔️|Salt Cure
|
|-heal|p1a: ⚔️|71/100|[from] item: Leftovers
|-heal|p2a: Garganacl|12/100|[from] item: Leftovers
|-damage|p1a: ⚔️|59/100|[from] Salt Cure
|upkeep
|turn|20
|
|t:|1759072586
|move|p2a: Garganacl|Protect|p2a: Garganacl
|-singleturn|p2a: Garganacl|Protect
|move|p1a: ⚔️|Bitter Blade|p2a: Garganacl
|-activate|p2a: Garganacl|move: Protect
|
|-heal|p1a: ⚔️|65/100|[from] item: Leftovers
|-heal|p2a: Garganacl|18/100|[from] item: Leftovers
|-damage|p1a: ⚔️|53/100|[from] Salt Cure
|upkeep
|turn|21
|inactive|TheTheyThemler has 120 seconds left.
|
|t:|1759072617
|move|p1a: ⚔️|Bitter Blade|p2a: Garganacl
|-resisted|p2a: Garganacl
|-damage|p2a: Garganacl|0 fnt
|-heal|p1a: ⚔️|65/100|[from] drain|[of] p2a: Garganacl
|faint|p2a: Garganacl
|
|-heal|p1a: ⚔️|71/100|[from] item: Leftovers
|-damage|p1a: ⚔️|59/100|[from] Salt Cure
|upkeep
|
|t:|1759072627
|switch|p2a: Haxorus|Haxorus, M|100/100
|-activate|p2a: Haxorus|move: Sticky Web
|-unboost|p2a: Haxorus|spe|1
|-ability|p2a: Haxorus|Mold Breaker
|turn|22
|
|t:|1759072635
|move|p1a: ⚔️|Bitter Blade|p2a: Haxorus
|-resisted|p2a: Haxorus
|-damage|p2a: Haxorus|31/100
|-heal|p1a: ⚔️|93/100|[from] drain|[of] p2a: Haxorus
|move|p2a: Haxorus|Dragon Dance|p2a: Haxorus
|-boost|p2a: Haxorus|atk|1
|-boost|p2a: Haxorus|spe|1
|
|-heal|p1a: ⚔️|99/100|[from] item: Leftovers
|-damage|p1a: ⚔️|87/100|[from] Salt Cure
|upkeep
|turn|23
|
|t:|1759072647
|move|p1a: ⚔️|Shadow Sneak|p2a: Haxorus
|-damage|p2a: Haxorus|0 fnt
|faint|p2a: Haxorus
|
|-heal|p1a: ⚔️|93/100|[from] item: Leftovers
|-damage|p1a: ⚔️|81/100|[from] Salt Cure
|upkeep
|-message|gregoncalo forfeited.
|
|win|TheTheyThemler
|raw|TheTheyThemler's rating: 1286 &rarr; <strong>1316</strong><br />(+30 for winning)
|raw|gregoncalo's rating: 1359 &rarr; <strong>1335</strong><br />(-24 for losing)
|l|☆gregoncalo
|player|p2|
|l|☆TheTheyThemler
|player|p1|
