|j|☆Yomoma’sash
|j|☆Crinchy Costanza
|t:|1759002270
|gametype|singles
|player|p1|Yomoma’sash|169|1535
|player|p2|Crinchy Costanza|265|1632
|gen|9
|tier|[Gen 9] OU
|rated|
|rule|HP Percentage Mod: HP is shown in percentages
|rule|Endless Battle Clause: Forcing endless battles is banned
|rule|Species Clause: Limit one of each Pokémon
|rule|OHKO Clause: OHKO moves are banned
|rule|Evasion Items Clause: Evasion items are banned
|rule|Evasion Moves Clause: Evasion moves are banned
|rule|Evasion Abilities Clause: Evasion abilities are banned
|rule|Sleep Moves Clause: Sleep-inducing moves are banned
|clearpoke
|poke|p1|Charizard, F|
|poke|p1|Venusaur, F|
|poke|p1|Lapras, M|
|poke|p1|Blastoise, M|
|poke|p1|Snorlax, M|
|poke|p1|Clefable, F|
|poke|p2|Gliscor, M|
|poke|p2|Ting-Lu|
|poke|p2|Ogerpon-Wellspring, F|
|poke|p2|Gholdengo|
|poke|p2|Dragonite, F|
|poke|p2|Glimmora, F|
|teampreview
|inactive|Battle timer is ON: inactive players will automatically lose when time's up. (requested by Yomoma’sash)
|
|t:|1759002287
|teamsize|p1|6
|teamsize|p2|6
|start
|switch|p1a: Lapras|Lapras, M|100/100
|switch|p2a: Glimmora|Glimmora, F|100/100
|turn|1
|
|t:|1759002294
|move|p2a: Glimmora|Power Gem|p1a: Lapras
|-supereffective|p1a: Lapras
|-damage|p1a: Lapras|46/100
|move|p1a: Lapras|Surf|p2a: Glimmora
|-supereffective|p2a: Glimmora
|-damage|p2a: Glimmora|0 fnt
|faint|p2a: Glimmora
|
|upkeep
|
|t:|1759002303
|switch|p2a: Ogerpon|Ogerpon-Wellspring, F|100/100
|turn|2
|
|t:|1759002311
|switch|p1a: Venusaur|Venusaur, F|100/100
|move|p2a: Ogerpon|U-turn|p1a: Venusaur
|-damage|p1a: Venusaur|65/100
|
|t:|1759002318
|switch|p2a: Gholdengo|Gholdengo|100/100|[from] U-turn
|
|upkeep
|turn|3
|
|t:|1759002323
|switch|p1a: Lapras|Lapras, M|46/100
|move|p2a: Gholdengo|Trick|p1a: Lapras
|-activate|p2a: Gholdengo|move: Trick|[of] p1a: Lapras
|-item|p1a: Lapras|Choice Scarf|[from] move: Trick
|-item|p2a: Gholdengo|Choice Specs|[from] move: Trick
|
|upkeep
|turn|4
|
|t:|1759002329
|move|p2a: Gholdengo|Make It Rain|p1a: Lapras
|-damage|p1a: Lapras|0 fnt
|-unboost|p2a: Gholdengo|spa|1
|faint|p1a: Lapras
|
|upkeep
|
|t:|1759002342
|switch|p1a: Blastoise|Blastoise, M|100/100
|turn|5
|
|t:|1759002353
|switch|p2a: Ting-Lu|Ting-Lu|100/100
|-ability|p2a: Ting-Lu|Vessel of Ruin
|move|p1a: Blastoise|Shell Smash|p1a: Blastoise
|-unboost|p1a: Blastoise|def|1
|-unboost|p1a: Blastoise|spd|1
|-boost|p1a: Blastoise|atk|2
|-boost|p1a: Blastoise|spa|2
|-boost|p1a: Blastoise|spe|2
|-enditem|p1a: Blastoise|White Herb
|-clearnegativeboost|p1a: Blastoise|[silent]
|
|upkeep
|turn|6
|
|t:|1759002355
|-terastallize|p2a: Ting-Lu|Water
|move|p1a: Blastoise|Surf|p2a: Ting-Lu
|-resisted|p2a: Ting-Lu
|-damage|p2a: Ting-Lu|86/100
|move|p2a: Ting-Lu|Whirlwind|p1a: Blastoise
|drag|p1a: Charizard|Charizard, F|100/100
|
|-heal|p2a: Ting-Lu|92/100|[from] item: Leftovers
|upkeep
|turn|7
|
|t:|1759002361
|switch|p1a: Venusaur|Venusaur, F|65/100
|move|p2a: Ting-Lu|Ruination|p1a: Venusaur
|-damage|p1a: Venusaur|33/100
|
|-heal|p2a: Ting-Lu|98/100|[from] item: Leftovers
|upkeep
|turn|8
|
|t:|1759002364
|switch|p2a: Gholdengo|Gholdengo|100/100
|move|p1a: Venusaur|Sunny Day|p1a: Venusaur
|-weather|SunnyDay
|
|-weather|SunnyDay|[upkeep]
|upkeep
|turn|9
|
|t:|1759002382
|switch|p2a: Ting-Lu|Ting-Lu, tera:Water|98/100
|-ability|p2a: Ting-Lu|Vessel of Ruin
|move|p1a: Venusaur|Weather Ball|p2a: Ting-Lu
|-resisted|p2a: Ting-Lu
|-damage|p2a: Ting-Lu|88/100
|
|-weather|SunnyDay|[upkeep]
|-heal|p2a: Ting-Lu|94/100|[from] item: Leftovers
|upkeep
|turn|10
|
|t:|1759002396
|move|p1a: Venusaur|Giga Drain|p2a: Ting-Lu
|-supereffective|p2a: Ting-Lu
|-damage|p2a: Ting-Lu|67/100
|-heal|p1a: Venusaur|56/100|[from] drain|[of] p2a: Ting-Lu
|move|p2a: Ting-Lu|Whirlwind|p1a: Venusaur
|drag|p1a: Charizard|Charizard, F|100/100
|
|-weather|SunnyDay|[upkeep]
|-damage|p1a: Charizard|88/100|[from] ability: Solar Power|[of] p1a: Charizard
|-heal|p2a: Ting-Lu|73/100|[from] item: Leftovers
|upkeep
|turn|11
|
|t:|1759002410
|move|p1a: Charizard|Air Slash|p2a: Ting-Lu
|-damage|p2a: Ting-Lu|48/100
|move|p2a: Ting-Lu|Stealth Rock|p1a: Charizard
|-sidestart|p1: Yomoma’sash|move: Stealth Rock
|
|-weather|SunnyDay|[upkeep]
|-damage|p1a: Charizard|76/100|[from] ability: Solar Power|[of] p1a: Charizard
|-heal|p2a: Ting-Lu|54/100|[from] item: Leftovers
|upkeep
|turn|12
|
|t:|1759002415
|move|p1a: Charizard|Air Slash|p2a: Ting-Lu
|-damage|p2a: Ting-Lu|29/100
|cant|p2a: Ting-Lu|flinch
|
|-weather|SunnyDay|[upkeep]
|-damage|p1a: Charizard|63/100|[from] ability: Solar Power|[of] p1a: Charizard
|-heal|p2a: Ting-Lu|36/100|[from] item: Leftovers
|upkeep
|turn|13
|
|t:|1759002419
|move|p1a: Charizard|Air Slash|p2a: Ting-Lu
|-damage|p2a: Ting-Lu|12/100
|move|p2a: Ting-Lu|Ruination|p1a: Charizard
|-damage|p1a: Charizard|32/100
|
|-weather|SunnyDay|[upkeep]
|-damage|p1a: Charizard|19/100|[from] ability: Solar Power|[of] p1a: Charizard
|-heal|p2a: Ting-Lu|18/100|[from] item: Leftovers
|upkeep
|turn|14
|
|t:|1759002424
|move|p1a: Charizard|Air Slash|p2a: Ting-Lu
|-damage|p2a: Ting-Lu|0 fnt
|faint|p2a: Ting-Lu
|
|-weather|SunnyDay|[upkeep]
|-damage|p1a: Charizard|7/100|[from] ability: Solar Power|[of] p1a: Charizard
|upkeep
|
|t:|1759002428
|switch|p2a: Ogerpon|Ogerpon-Wellspring, F|100/100
|turn|15
|
|t:|1759002432
|switch|p2a: Gholdengo|Gholdengo|100/100
|move|p1a: Charizard|Air Slash|p2a: Gholdengo
|-resisted|p2a: Gholdengo
|-damage|p2a: Gholdengo|67/100
|
|-weather|none
|upkeep
|turn|16
|
|t:|1759002442
|move|p1a: Charizard|Air Slash|p2a: Gholdengo
|-resisted|p2a: Gholdengo
|-damage|p2a: Gholdengo|46/100
|cant|p2a: Gholdengo|flinch
|
|upkeep
|turn|17
|
|t:|1759002446
|move|p1a: Charizard|Air Slash|p2a: Gholdengo
|-resisted|p2a: Gholdengo
|-damage|p2a: Gholdengo|24/100
|cant|p2a: Gholdengo|flinch
|
|upkeep
|turn|18
|
|t:|1759002456
|move|p1a: Charizard|Air Slash|p2a: Gholdengo
|-resisted|p2a: Gholdengo
|-damage|p2a: Gholdengo|0 fnt
|faint|p2a: Gholdengo
|
|upkeep
|
|t:|1759002471
|switch|p2a: Dragonite|Dragonite, F|100/100
|turn|19
|
|t:|1759002473
|move|p1a: Charizard|Air Slash|p2a: Dragonite
|-damage|p2a: Dragonite|81/100
|cant|p2a: Dragonite|flinch
|
|upkeep
|turn|20
|
|t:|1759002477
|move|p1a: Charizard|Air Slash|p2a: Dragonite
|-damage|p2a: Dragonite|41/100
|move|p2a: Dragonite|Dragon Dance|p2a: Dragonite
|-boost|p2a: Dragonite|atk|1
|-boost|p2a: Dragonite|spe|1
|
|upkeep
|turn|21
|
|t:|1759002483
|move|p2a: Dragonite|Extreme Speed|p1a: Charizard
|-damage|p1a: Charizard|0 fnt
|faint|p1a: Charizard
|
|upkeep
|
|t:|1759002496
|switch|p1a: Blastoise|Blastoise, M|100/100
|-damage|p1a: Blastoise|88/100|[from] Stealth Rock
|turn|22
|
|t:|1759002502
|move|p2a: Dragonite|Rock Slide|p1a: Blastoise
|-damage|p1a: Blastoise|41/100
|move|p1a: Blastoise|Ice Beam|p2a: Dragonite
|-supereffective|p2a: Dragonite
|-damage|p2a: Dragonite|0 fnt
|faint|p2a: Dragonite
|
|upkeep
|
|t:|1759002516
|switch|p2a: Gliscor|Gliscor, M|100/100
|turn|23
|
|t:|1759002519
|move|p2a: Gliscor|Earthquake|p1a: Blastoise
|-damage|p1a: Blastoise|3/100
|move|p1a: Blastoise|Shell Smash|p1a: Blastoise
|-unboost|p1a: Blastoise|def|1
|-unboost|p1a: Blastoise|spd|1
|-boost|p1a: Blastoise|atk|2
|-boost|p1a: Blastoise|spa|2
|-boost|p1a: Blastoise|spe|2
|
|-status|p2a: Gliscor|tox|[from] item: Toxic Orb
|upkeep
|turn|24
|
|t:|1759002525
|move|p1a: Blastoise|Ice Beam|p2a: Gliscor
|-supereffective|p2a: Gliscor
|-damage|p2a: Gliscor|0 fnt
|faint|p2a: Gliscor
|
|upkeep
|
|t:|1759002526
|switch|p2a: Ogerpon|Ogerpon-Wellspring, F|100/100
|turn|25
|
|t:|1759002528
|move|p1a: Blastoise|Dark Pulse|p2a: Ogerpon
|-damage|p2a: Ogerpon|51/100
|move|p2a: Ogerpon|U-turn|p1a: Blastoise
|-damage|p1a: Blastoise|0 fnt
|faint|p1a: Blastoise
|
|upkeep
|
|t:|1759002532
|switch|p1a: Venusaur|Venusaur, F|56/100
|-damage|p1a: Venusaur|44/100|[from] Stealth Rock
|turn|26
|
|t:|1759002536
|move|p2a: Ogerpon|Knock Off|p1a: Venusaur
|-damage|p1a: Venusaur|0 fnt
|-enditem|p1a: Venusaur|Heat Rock|[from] move: Knock Off|[of] p2a: Ogerpon
|faint|p1a: Venusaur
|
|upkeep
|
|t:|1759002538
|switch|p1a: Snorlax|Snorlax, M|100/100
|-damage|p1a: Snorlax|88/100|[from] Stealth Rock
|turn|27
|
|t:|1759002542
|move|p2a: Ogerpon|Ivy Cudgel|p1a: Snorlax|[anim] Ivy Cudgel Water
|-damage|p1a: Snorlax|34/100
|move|p1a: Snorlax|Body Slam|p2a: Ogerpon
|-damage|p2a: Ogerpon|0 fnt
|faint|p2a: Ogerpon
|
|win|Yomoma’sash
|raw|Yomoma’sash's rating: 1535 &rarr; <strong>1560</strong><br />(+25 for winning)
|raw|Crinchy Costanza's rating: 1632 &rarr; <strong>1607</strong><br />(-25 for losing)
