|j|☆Sauronikov
|j|☆Ruby876
|t:|1759005086
|gametype|singles
|player|p1|Sauronikov|265|1205
|player|p2|Ruby876|2|1238
|gen|9
|tier|[Gen 9] OU
|rated|
|rule|HP Percentage Mod: HP is shown in percentages
|rule|Endless Battle Clause: Forcing endless battles is banned
|rule|Species Clause: Limit one of each Pokémon
|rule|OHKO Clause: OHKO moves are banned
|rule|Evasion Items Clause: Evasion items are banned
|rule|Evasion Moves Clause: Evasion moves are banned
|rule|Evasion Abilities Clause: Evasion abilities are banned
|rule|Sleep Moves Clause: Sleep-inducing moves are banned
|clearpoke
|poke|p1|Grimmsnarl, M|
|poke|p1|Rhyperior, F|
|poke|p1|Revavroom, M|
|poke|p1|Torterra, F|
|poke|p1|Feraligatr, M|
|poke|p1|Falinks|
|poke|p2|Landorus-Therian, M|
|poke|p2|Iron Moth|
|poke|p2|Dondozo, F|
|poke|p2|Corviknight, F|
|poke|p2|Meowscarada, F|
|poke|p2|Hatterene, F|
|teampreview
|
|t:|1759005095
|teamsize|p1|6
|teamsize|p2|6
|start
|switch|p1a: Falinks|Falinks|100/100
|switch|p2a: Hatterene|Hatterene, F|100/100
|turn|1
|
|t:|1759005103
|-terastallize|p1a: Falinks|Steel
|move|p1a: Falinks|No Retreat|p1a: Falinks
|-boost|p1a: Falinks|atk|1
|-boost|p1a: Falinks|def|1
|-boost|p1a: Falinks|spa|1
|-boost|p1a: Falinks|spd|1
|-boost|p1a: Falinks|spe|1
|-start|p1a: Falinks|move: No Retreat
|move|p2a: Hatterene|Trick|p1a: Falinks
|-activate|p2a: Hatterene|move: Trick|[of] p1a: Falinks
|-item|p1a: Falinks|Choice Specs|[from] move: Trick
|-item|p2a: Hatterene|Expert Belt|[from] move: Trick
|
|upkeep
|turn|2
|
|t:|1759005113
|move|p1a: Falinks|Iron Head|p2a: Hatterene
|-supereffective|p2a: Hatterene
|-damage|p2a: Hatterene|0 fnt
|faint|p2a: Hatterene
|
|upkeep
|
|t:|1759005122
|switch|p2a: Dondozo|Dondozo, F|100/100
|turn|3
|
|t:|1759005126
|move|p1a: Falinks|Iron Head|p2a: Dondozo
|-resisted|p2a: Dondozo
|-damage|p2a: Dondozo|85/100
|cant|p2a: Dondozo|flinch
|
|upkeep
|turn|4
|
|t:|1759005131
|move|p1a: Falinks|Iron Head|p2a: Dondozo
|-resisted|p2a: Dondozo
|-damage|p2a: Dondozo|69/100
|move|p2a: Dondozo|Earthquake|p1a: Falinks
|-supereffective|p1a: Falinks
|-damage|p1a: Falinks|16/100
|
|upkeep
|turn|5
|
|t:|1759005140
|switch|p2a: Landorus|Landorus-Therian, M|100/100
|-ability|p2a: Landorus|Intimidate|boost
|-unboost|p1a: Falinks|atk|1
|-ability|p1a: Falinks|Defiant|boost
|-boost|p1a: Falinks|atk|2
|move|p1a: Falinks|Iron Head|p2a: Landorus
|-damage|p2a: Landorus|15/100
|
|upkeep
|turn|6
|-message|Ruby876 forfeited.
|
|win|Sauronikov
|raw|Sauronikov's rating: 1205 &rarr; <strong>1232</strong><br />(+27 for winning)
|raw|Ruby876's rating: 1238 &rarr; <strong>1211</strong><br />(-27 for losing)
|l|☆Ruby876
|player|p2|
|l|☆Sauronikov
|player|p1|
