|j|☆yifeiwang789
|j|☆KevinHaHa
|t:|1758976952
|gametype|singles
|player|p1|yifeiwang789|lucas|1354
|player|p2|KevinHaHa|lucas|1347
|gen|9
|tier|[Gen 9] OU
|rated|
|rule|HP Percentage Mod: HP is shown in percentages
|rule|Endless Battle Clause: Forcing endless battles is banned
|rule|Species Clause: Limit one of each Pokémon
|rule|OHKO Clause: OHKO moves are banned
|rule|Evasion Items Clause: Evasion items are banned
|rule|Evasion Moves Clause: Evasion moves are banned
|rule|Evasion Abilities Clause: Evasion abilities are banned
|rule|Sleep Moves Clause: Sleep-inducing moves are banned
|clearpoke
|poke|p1|Ursaluna, F|
|poke|p1|Tauros-Paldea-Blaze, M|
|poke|p1|Cresselia, F|
|poke|p1|Enamorus-Therian, F|
|poke|p1|Hatterene, F|
|poke|p1|Hoopa-Unbound|
|poke|p2|Ninetales-Alola, F|
|poke|p2|Araquanid, M|
|poke|p2|Pecharunt|
|poke|p2|Gholdengo|
|poke|p2|Garchomp, M|
|poke|p2|Latias, F|
|teampreview
|inactive|Battle timer is ON: inactive players will automatically lose when time's up. (requested by KevinHaHa)
|
|t:|1758976970
|teamsize|p1|6
|teamsize|p2|6
|start
|switch|p1a: Tauros|Tauros-Paldea-Blaze, M|100/100
|switch|p2a: Araquanid|Araquanid, M, shiny|100/100
|-ability|p1a: Tauros|Intimidate|boost
|-unboost|p2a: Araquanid|atk|1
|turn|1
|inactive|KevinHaHa has 120 seconds left.
|
|t:|1758977016
|move|p1a: Tauros|Wild Charge|p2a: Araquanid
|-supereffective|p2a: Araquanid
|-damage|p2a: Araquanid|5/100
|-damage|p1a: Tauros|72/100|[from] Recoil
|move|p2a: Araquanid|Surf|p1a: Tauros
|-supereffective|p1a: Tauros
|-damage|p1a: Tauros|0 fnt
|faint|p1a: Tauros
|
|upkeep
|
|t:|1758977031
|switch|p1a: Hatterene|Hatterene, F|100/100
|turn|2
|
|t:|1758977037
|switch|p2a: Pecharunt|Pecharunt|100/100
|move|p1a: Hatterene|Psychic|p2a: Pecharunt
|-supereffective|p2a: Pecharunt
|-damage|p2a: Pecharunt|7/100
|
|upkeep
|turn|3
|
|t:|1758977046
|move|p2a: Pecharunt|Malignant Chain|p1a: Hatterene
|-supereffective|p1a: Hatterene
|-damage|p1a: Hatterene|30/100
|move|p1a: Hatterene|Trick Room|p1a: Hatterene
|-fieldstart|move: Trick Room|[of] p1a: Hatterene
|
|upkeep
|turn|4
|
|t:|1758977052
|move|p1a: Hatterene|Psychic|p2a: Pecharunt
|-supereffective|p2a: Pecharunt
|-damage|p2a: Pecharunt|0 fnt
|faint|p2a: Pecharunt
|
|upkeep
|inactive|KevinHaHa has 120 seconds left.
|
|t:|1758977072
|switch|p2a: Gholdengo|Gholdengo, shiny|100/100
|-item|p2a: Gholdengo|Air Balloon
|turn|5
|
|t:|1758977078
|move|p1a: Hatterene|Mystical Fire|p2a: Gholdengo
|-supereffective|p2a: Gholdengo
|-damage|p2a: Gholdengo|56/100
|-unboost|p2a: Gholdengo|spa|1
|-enditem|p2a: Gholdengo|Air Balloon
|move|p2a: Gholdengo|Shadow Ball|p1a: Hatterene
|-supereffective|p1a: Hatterene
|-damage|p1a: Hatterene|0 fnt
|faint|p1a: Hatterene
|
|upkeep
|
|t:|1758977092
|switch|p1a: Ursaluna|Ursaluna, F|100/100
|turn|6
|
|t:|1758977101
|switch|p2a: Garchomp|Garchomp, M, shiny|100/100
|move|p1a: Ursaluna|Headlong Rush|p2a: Garchomp
|-damage|p2a: Garchomp|55/100
|-unboost|p1a: Ursaluna|def|1
|-unboost|p1a: Ursaluna|spd|1
|-damage|p1a: Ursaluna|88/100|[from] ability: Rough Skin|[of] p2a: Garchomp
|-damage|p1a: Ursaluna|72/100|[from] item: Rocky Helmet|[of] p2a: Garchomp
|
|-status|p1a: Ursaluna|brn|[from] item: Flame Orb
|upkeep
|turn|7
|
|t:|1758977114
|move|p1a: Ursaluna|Facade|p2a: Garchomp
|-damage|p2a: Garchomp|0 fnt
|-damage|p1a: Ursaluna|59/100 brn|[from] ability: Rough Skin|[of] p2a: Garchomp
|-damage|p1a: Ursaluna|43/100 brn|[from] item: Rocky Helmet|[of] p2a: Garchomp
|faint|p2a: Garchomp
|
|-damage|p1a: Ursaluna|37/100 brn|[from] brn
|-fieldend|move: Trick Room
|upkeep
|
|t:|1758977123
|switch|p2a: Araquanid|Araquanid, M, shiny|5/100
|turn|8
|-enditem|p2a: Araquanid|Custap Berry|[eat]
|-activate|p2a: Araquanid|item: Custap Berry|[consumed]
|
|t:|1758977137
|switch|p1a: Hoopa|Hoopa-Unbound|100/100
|move|p2a: Araquanid|Sticky Web|p1a: Hoopa
|-sidestart|p1: yifeiwang789|move: Sticky Web
|
|upkeep
|turn|9
|
|t:|1758977149
|move|p2a: Araquanid|Endeavor|p1a: Hoopa
|-damage|p1a: Hoopa|4/100
|move|p1a: Hoopa|Trick Room|p1a: Hoopa
|-fieldstart|move: Trick Room|[of] p1a: Hoopa
|
|upkeep
|turn|10
|
|t:|1758977160
|move|p2a: Araquanid|Surf|p1a: Hoopa
|-damage|p1a: Hoopa|0 fnt
|faint|p1a: Hoopa
|
|upkeep
|
|t:|1758977171
|switch|p1a: Ursaluna|Ursaluna, F|37/100 brn
|-activate|p1a: Ursaluna|move: Sticky Web
|-unboost|p1a: Ursaluna|spe|1
|turn|11
|
|t:|1758977180
|-terastallize|p1a: Ursaluna|Normal
|move|p1a: Ursaluna|Fire Punch|p2a: Araquanid
|-damage|p2a: Araquanid|0 fnt
|faint|p2a: Araquanid
|
|-damage|p1a: Ursaluna|31/100 brn|[from] brn
|upkeep
|
|t:|1758977188
|switch|p2a: Gholdengo|Gholdengo, shiny|56/100
|turn|12
|
|t:|1758977198
|move|p1a: Ursaluna|Fire Punch|p2a: Gholdengo
|-supereffective|p2a: Gholdengo
|-damage|p2a: Gholdengo|0 fnt
|faint|p2a: Gholdengo
|
|-damage|p1a: Ursaluna|24/100 brn|[from] brn
|upkeep
|
|t:|1758977212
|switch|p2a: Ninetales|Ninetales-Alola, F, shiny|100/100
|-weather|Snowscape|[from] ability: Snow Warning|[of] p2a: Ninetales
|turn|13
|
|t:|1758977216
|move|p1a: Ursaluna|Facade|p2a: Ninetales
|-damage|p2a: Ninetales|0 fnt
|faint|p2a: Ninetales
|
|-weather|Snowscape|[upkeep]
|-damage|p1a: Ursaluna|18/100 brn|[from] brn
|-fieldend|move: Trick Room
|upkeep
|
|t:|1758977223
|switch|p2a: Latias|Latias, F, shiny|100/100
|turn|14
|
|t:|1758977248
|-terastallize|p2a: Latias|Fairy
|move|p2a: Latias|Draining Kiss|p1a: Ursaluna
|-damage|p1a: Ursaluna|0 fnt
|faint|p1a: Ursaluna
|
|-weather|Snowscape|[upkeep]
|upkeep
|
|t:|1758977257
|switch|p1a: Cresselia|Cresselia, F|100/100
|turn|15
|
|t:|1758977262
|move|p2a: Latias|Agility|p2a: Latias
|-boost|p2a: Latias|spe|2
|move|p1a: Cresselia|Trick Room|p1a: Cresselia
|-fieldstart|move: Trick Room|[of] p1a: Cresselia
|
|-weather|Snowscape|[upkeep]
|upkeep
|turn|16
|
|t:|1758977272
|move|p1a: Cresselia|Ice Beam|p2a: Latias
|-crit|p2a: Latias
|-damage|p2a: Latias|82/100
|-status|p2a: Latias|frz
|cant|p2a: Latias|frz
|
|-weather|Snowscape|[upkeep]
|-heal|p2a: Latias|88/100 frz|[from] item: Leftovers
|upkeep
|turn|17
|
|t:|1758977282
|switch|p1a: Enamorus|Enamorus-Therian, F|100/100
|cant|p2a: Latias|frz
|
|-weather|none
|-heal|p2a: Latias|94/100 frz|[from] item: Leftovers
|upkeep
|turn|18
|
|t:|1758977291
|move|p1a: Enamorus|Moonblast|p2a: Latias
|-damage|p2a: Latias|26/100 frz
|-unboost|p2a: Latias|spa|1
|cant|p2a: Latias|frz
|
|-heal|p2a: Latias|32/100 frz|[from] item: Leftovers
|upkeep
|turn|19
|-message|KevinHaHa forfeited.
|
|win|yifeiwang789
|raw|yifeiwang789's rating: 1336 &rarr; <strong>1357</strong><br />(+21 for winning)
|raw|KevinHaHa's rating: 1347 &rarr; <strong>1326</strong><br />(-21 for losing)
|l|☆KevinHaHa
|player|p2|
|l|☆yifeiwang789
|player|p1|
