|j|☆Gil_Kenobi
|j|☆CaptainFreeze1
|t:|1758914407
|gametype|singles
|player|p1|Gil_Kenobi|n|1299
|player|p2|CaptainFreeze1|scientist|1252
|gen|9
|tier|[Gen 9] OU
|rated|
|rule|HP Percentage Mod: HP is shown in percentages
|rule|Endless Battle Clause: Forcing endless battles is banned
|rule|Species Clause: Limit one of each Pokémon
|rule|OHKO Clause: OHKO moves are banned
|rule|Evasion Items Clause: Evasion items are banned
|rule|Evasion Moves Clause: Evasion moves are banned
|rule|Evasion Abilities Clause: Evasion abilities are banned
|rule|Sleep Moves Clause: Sleep-inducing moves are banned
|clearpoke
|poke|p1|Galvantula, F|
|poke|p1|Samurott-Hisui, F|
|poke|p1|Kyurem|
|poke|p1|Mismagius, F|
|poke|p1|Cinderace, M|
|poke|p1|Thundurus, M|
|poke|p2|Torkoal, M|
|poke|p2|Great Tusk|
|poke|p2|Raging Bolt|
|poke|p2|Slither Wing|
|poke|p2|Venusaur, F|
|poke|p2|Walking Wake|
|teampreview
|inactive|Battle timer is ON: inactive players will automatically lose when time's up. (requested by CaptainFreeze1)
|
|t:|1758914433
|teamsize|p1|6
|teamsize|p2|6
|start
|switch|p1a: Thundurus|Thundurus, M|100/100
|switch|p2a: Venusaur|Venusaur, F|100/100
|turn|1
|
|t:|1758914439
|move|p1a: Thundurus|Thunder Wave|p2a: Venusaur
|-status|p2a: Venusaur|par
|cant|p2a: Venusaur|par
|
|upkeep
|turn|2
|
|t:|1758914457
|switch|p1a: Galvantula|Galvantula, F|100/100
|switch|p2a: Torkoal|Torkoal, M|100/100
|-weather|SunnyDay|[from] ability: Drought|[of] p2a: Torkoal
|
|-weather|SunnyDay|[upkeep]
|upkeep
|turn|3
|
|t:|1758914464
|move|p1a: Galvantula|Thunder|p2a: Torkoal
|-damage|p2a: Torkoal|43/100
|-status|p2a: Torkoal|par
|move|p2a: Torkoal|Stealth Rock|p1a: Galvantula
|-sidestart|p1: Gil_Kenobi|move: Stealth Rock
|
|-weather|SunnyDay|[upkeep]
|upkeep
|turn|4
|
|t:|1758914470
|switch|p2a: Great Tusk|Great Tusk|100/100
|-activate|p2a: Great Tusk|ability: Protosynthesis
|-start|p2a: Great Tusk|protosynthesisatk
|move|p1a: Galvantula|Thunder|p2a: Great Tusk
|-immune|p2a: Great Tusk
|
|-weather|SunnyDay|[upkeep]
|upkeep
|turn|5
|
|t:|1758914487
|move|p1a: Galvantula|Energy Ball|p2a: Great Tusk
|-supereffective|p2a: Great Tusk
|-damage|p2a: Great Tusk|20/100
|move|p2a: Great Tusk|Rapid Spin|p1a: Galvantula
|-damage|p1a: Galvantula|57/100
|-boost|p2a: Great Tusk|spe|1
|
|-weather|SunnyDay|[upkeep]
|upkeep
|turn|6
|
|t:|1758914507
|move|p2a: Great Tusk|Headlong Rush|p1a: Galvantula
|-damage|p1a: Galvantula|0 fnt
|-unboost|p2a: Great Tusk|def|1
|-unboost|p2a: Great Tusk|spd|1
|faint|p1a: Galvantula
|
|-weather|SunnyDay|[upkeep]
|upkeep
|
|t:|1758914518
|switch|p1a: Cinderace|Cinderace, M|100/100
|turn|7
|
|t:|1758914524
|move|p1a: Cinderace|Sucker Punch|p2a: Great Tusk
|-start|p1a: Cinderace|typechange|Dark|[from] ability: Libero
|-resisted|p2a: Great Tusk
|-damage|p2a: Great Tusk|3/100
|move|p2a: Great Tusk|Headlong Rush|p1a: Cinderace
|-damage|p1a: Cinderace|0 fnt
|-unboost|p2a: Great Tusk|def|1
|-unboost|p2a: Great Tusk|spd|1
|faint|p1a: Cinderace
|
|-weather|SunnyDay|[upkeep]
|upkeep
|inactive|Gil_Kenobi has 120 seconds left.
|
|t:|1758914550
|switch|p1a: Samurott|Samurott-Hisui, F|100/100
|-damage|p1a: Samurott|88/100|[from] Stealth Rock
|turn|8
|
|t:|1758914555
|move|p1a: Samurott|Sucker Punch|p2a: Great Tusk
|-resisted|p2a: Great Tusk
|-damage|p2a: Great Tusk|0 fnt
|faint|p2a: Great Tusk
|-end|p2a: Great Tusk|Protosynthesis|[silent]
|-damage|p1a: Samurott|78/100|[from] item: Life Orb
|
|-weather|SunnyDay|[upkeep]
|upkeep
|
|t:|1758914560
|switch|p2a: Slither Wing|Slither Wing|100/100
|-activate|p2a: Slither Wing|ability: Protosynthesis
|-start|p2a: Slither Wing|protosynthesisatk
|turn|9
|
|t:|1758914569
|move|p2a: Slither Wing|First Impression|p1a: Samurott
|-supereffective|p1a: Samurott
|-damage|p1a: Samurott|0 fnt
|faint|p1a: Samurott
|
|-weather|none
|-end|p2a: Slither Wing|Protosynthesis
|upkeep
|
|t:|1758914575
|switch|p1a: Thundurus|Thundurus, M|100/100
|-damage|p1a: Thundurus|76/100|[from] Stealth Rock
|turn|10
|
|t:|1758914581
|-end|p2a: Slither Wing|Protosynthesis|[silent]
|switch|p2a: Torkoal|Torkoal, M|43/100 par
|-weather|SunnyDay|[from] ability: Drought|[of] p2a: Torkoal
|move|p1a: Thundurus|Discharge|p2a: Torkoal
|-damage|p2a: Torkoal|0 fnt
|faint|p2a: Torkoal
|
|-weather|SunnyDay|[upkeep]
|-heal|p1a: Thundurus|82/100|[from] item: Leftovers
|upkeep
|
|t:|1758914588
|switch|p2a: Raging Bolt|Raging Bolt|100/100
|-activate|p2a: Raging Bolt|ability: Protosynthesis
|-start|p2a: Raging Bolt|protosynthesisspa
|turn|11
|
|t:|1758914593
|move|p1a: Thundurus|Weather Ball|p2a: Raging Bolt
|-resisted|p2a: Raging Bolt
|-damage|p2a: Raging Bolt|74/100
|move|p2a: Raging Bolt|Dragon Pulse|p1a: Thundurus
|-damage|p1a: Thundurus|0 fnt
|faint|p1a: Thundurus
|-damage|p2a: Raging Bolt|64/100|[from] item: Life Orb
|
|-weather|SunnyDay|[upkeep]
|upkeep
|
|t:|1758914606
|switch|p1a: Kyurem|Kyurem, shiny|100/100
|-damage|p1a: Kyurem|76/100|[from] Stealth Rock
|-ability|p1a: Kyurem|Pressure
|turn|12
|
|t:|1758914610
|move|p1a: Kyurem|Icicle Spear|p2a: Raging Bolt
|-supereffective|p2a: Raging Bolt
|-damage|p2a: Raging Bolt|39/100
|-supereffective|p2a: Raging Bolt
|-damage|p2a: Raging Bolt|14/100
|-supereffective|p2a: Raging Bolt
|-damage|p2a: Raging Bolt|0 fnt
|faint|p2a: Raging Bolt
|-end|p2a: Raging Bolt|Protosynthesis|[silent]
|-hitcount|p2: Raging Bolt|3
|
|-weather|SunnyDay|[upkeep]
|upkeep
|
|t:|1758914612
|switch|p2a: Walking Wake|Walking Wake|100/100
|-activate|p2a: Walking Wake|ability: Protosynthesis
|-start|p2a: Walking Wake|protosynthesisspe
|turn|13
|
|t:|1758914626
|-terastallize|p2a: Walking Wake|Fairy
|move|p2a: Walking Wake|Weather Ball|p1a: Kyurem
|-damage|p1a: Kyurem|27/100
|move|p1a: Kyurem|Freeze-Dry|p2a: Walking Wake
|-damage|p2a: Walking Wake|68/100
|
|-weather|SunnyDay|[upkeep]
|upkeep
|turn|14
|
|t:|1758914635
|move|p2a: Walking Wake|Weather Ball|p1a: Kyurem
|-damage|p1a: Kyurem|0 fnt
|faint|p1a: Kyurem
|
|-weather|SunnyDay|[upkeep]
|upkeep
|
|t:|1758914639
|switch|p1a: Mismagius|Mismagius, F|100/100
|-damage|p1a: Mismagius|88/100|[from] Stealth Rock
|turn|15
|-message|Gil_Kenobi forfeited.
|
|win|CaptainFreeze1
|raw|Gil_Kenobi's rating: 1299 &rarr; <strong>1271</strong><br />(-28 for losing)
|raw|CaptainFreeze1's rating: 1252 &rarr; <strong>1280</strong><br />(+28 for winning)
|l|☆Gil_Kenobi
|player|p1|
|l|☆CaptainFreeze1
|player|p2|
