|badge|p2|bronze|gen9ou|100-6
|html|<div class="broadcast-red"><strong>This battle is required to be public due to one or more player having a season medal.</strong><br />During the public phase, you can discuss the state of the ladder <a href="/seasondiscussion">in a special chatroom.</a></div>
|uhtml|medal-msg|<div class="broadcast-blue">Curious what those medals under the avatar are? PS now has Ladder Seasons! For more information, check out the <a href="https://www.smogon.com/forums/threads/3740067/">thread on Smogon.</a></div>
|raw|<div class="broadcast-blue"><strong>This battle is required to be public due to a player having a name starting with 'medal'.</div>
|j|☆Swagataka
|j|☆CloudyEJ
|t:|1759075853
|gametype|singles
|player|p1|Swagataka|byron|1783
|player|p2|CloudyEJ|cynthia-anime|1911
|gen|9
|tier|[Gen 9] OU
|rated|
|rule|HP Percentage Mod: HP is shown in percentages
|rule|Endless Battle Clause: Forcing endless battles is banned
|rule|Species Clause: Limit one of each Pokémon
|rule|OHKO Clause: OHKO moves are banned
|rule|Evasion Items Clause: Evasion items are banned
|rule|Evasion Moves Clause: Evasion moves are banned
|rule|Evasion Abilities Clause: Evasion abilities are banned
|rule|Sleep Moves Clause: Sleep-inducing moves are banned
|clearpoke
|poke|p1|Quaquaval, F|
|poke|p1|Pecharunt|
|poke|p1|Great Tusk|
|poke|p1|Iron Crown|
|poke|p1|Lokix, M|
|poke|p1|Kingambit, M|
|poke|p2|Cresselia, F|
|poke|p2|Hatterene, F|
|poke|p2|Porygon2|
|poke|p2|Ursaluna, F|
|poke|p2|Iron Hands|
|poke|p2|Hoopa-Unbound|
|teampreview
|j| amefurikoneko
|
|t:|1759075872
|teamsize|p1|6
|teamsize|p2|6
|start
|switch|p1a: Knoc Party|Lokix, M|100/100
|switch|p2a: ERASERHEAD|Porygon2|100/100
|-ability|p2a: ERASERHEAD|Download|boost
|-boost|p2a: ERASERHEAD|spa|1
|turn|1
|
|t:|1759075879
|switch|p1a: Irönhead|Kingambit, M|100/100
|-item|p1a: Irönhead|Air Balloon
|move|p2a: ERASERHEAD|Tera Blast|p1a: Irönhead
|-resisted|p1a: Irönhead
|-damage|p1a: Irönhead|73/100
|-enditem|p1a: Irönhead|Air Balloon
|
|upkeep
|turn|2
|j| GraphLegion
|l| amefurikoneko
|
|t:|1759075886
|move|p1a: Irönhead|Stealth Rock|p2a: ERASERHEAD
|-sidestart|p2: CloudyEJ|move: Stealth Rock
|move|p2a: ERASERHEAD|Trick Room|p2a: ERASERHEAD
|-fieldstart|move: Trick Room|[of] p2a: ERASERHEAD
|
|upkeep
|turn|3
|
|t:|1759075892
|-terastallize|p2a: ERASERHEAD|Ground
|move|p2a: ERASERHEAD|Tera Blast|p1a: Irönhead|[anim] Tera Blast Ground
|-supereffective|p1a: Irönhead
|-damage|p1a: Irönhead|0 fnt
|faint|p1a: Irönhead
|
|upkeep
|j| wgw2333
|l| wgw2333
|
|t:|1759075901
|switch|p1a: Quack Sabbath|Quaquaval, F|100/100
|turn|4
|
|t:|1759075903
|switch|p1a: System Of A Crown|Iron Crown|100/100
|move|p2a: ERASERHEAD|Thunderbolt|p1a: System Of A Crown
|-damage|p1a: System Of A Crown|56/100
|-status|p1a: System Of A Crown|par
|
|upkeep
|turn|5
|j| 21stCenturyB0y
|
|t:|1759075921
|-end|p1a: System Of A Crown|Quark Drive|[silent]
|switch|p1a: Steely Don|Great Tusk|100/100
|move|p2a: ERASERHEAD|Tera Blast|p1a: Steely Don|[anim] Tera Blast Ground
|-damage|p1a: Steely Don|17/100
|
|upkeep
|turn|6
|j| deletestealthrock
|l| GraphLegion
|
|t:|1759075939
|-end|p1a: Steely Don|Protosynthesis|[silent]
|switch|p1a: System Of A Crown|Iron Crown|56/100 par
|move|p2a: ERASERHEAD|Tera Blast|p1a: System Of A Crown|[anim] Tera Blast Ground
|-supereffective|p1a: System Of A Crown
|-damage|p1a: System Of A Crown|0 fnt
|faint|p1a: System Of A Crown
|-end|p1a: System Of A Crown|Quark Drive|[silent]
|
|-fieldend|move: Trick Room
|upkeep
|
|t:|1759075941
|switch|p1a: Apacherunt|Pecharunt|100/100
|turn|7
|
|t:|1759075944
|move|p1a: Apacherunt|Toxic|p2a: ERASERHEAD
|-status|p2a: ERASERHEAD|tox
|-start|p2a: ERASERHEAD|confusion|[from] ability: Poison Puppeteer|[of] p1a: Apacherunt
|-activate|p2a: ERASERHEAD|confusion
|move|p2a: ERASERHEAD|Tera Blast|p1a: Apacherunt|[anim] Tera Blast Ground
|-supereffective|p1a: Apacherunt
|-damage|p1a: Apacherunt|0 fnt
|faint|p1a: Apacherunt
|
|-damage|p2a: ERASERHEAD|94/100 tox|[from] psn
|upkeep
|
|t:|1759075952
|switch|p1a: Quack Sabbath|Quaquaval, F|100/100
|turn|8
|
|t:|1759075955
|move|p1a: Quack Sabbath|Aqua Step|p2a: ERASERHEAD
|-supereffective|p2a: ERASERHEAD
|-damage|p2a: ERASERHEAD|46/100 tox
|-boost|p1a: Quack Sabbath|spe|1
|-end|p2a: ERASERHEAD|confusion
|move|p2a: ERASERHEAD|Trick Room|p2a: ERASERHEAD
|-fieldstart|move: Trick Room|[of] p2a: ERASERHEAD
|
|-damage|p2a: ERASERHEAD|34/100 tox|[from] psn
|upkeep
|turn|9
|
|t:|1759075963
|switch|p1a: Steely Don|Great Tusk|17/100
|move|p2a: ERASERHEAD|Thunderbolt|p1a: Steely Don
|-immune|p1a: Steely Don
|
|-damage|p2a: ERASERHEAD|15/100 tox|[from] psn
|upkeep
|turn|10
|
|t:|1759075975
|-end|p1a: Steely Don|Protosynthesis|[silent]
|switch|p1a: Quack Sabbath|Quaquaval, F|100/100
|move|p2a: ERASERHEAD|Tera Blast|p1a: Quack Sabbath|[anim] Tera Blast Ground
|-damage|p1a: Quack Sabbath|29/100
|
|-heal|p1a: Quack Sabbath|35/100|[from] item: Leftovers
|-damage|p2a: ERASERHEAD|0 fnt|[from] psn
|faint|p2a: ERASERHEAD
|upkeep
|
|t:|1759075980
|switch|p2a: MULHOLLAND DR.|Hoopa-Unbound|100/100
|-damage|p2a: MULHOLLAND DR.|88/100|[from] Stealth Rock
|turn|11
|
|t:|1759075983
|move|p2a: MULHOLLAND DR.|Drain Punch|p1a: Quack Sabbath
|-damage|p1a: Quack Sabbath|2/100
|-heal|p2a: MULHOLLAND DR.|100/100|[from] drain|[of] p1a: Quack Sabbath
|move|p1a: Quack Sabbath|Aqua Step|p2a: MULHOLLAND DR.
|-damage|p2a: MULHOLLAND DR.|33/100
|-boost|p1a: Quack Sabbath|spe|1
|
|-heal|p1a: Quack Sabbath|8/100|[from] item: Leftovers
|upkeep
|turn|12
|
|t:|1759075987
|switch|p1a: Steely Don|Great Tusk|17/100
|move|p2a: MULHOLLAND DR.|Hyperspace Fury|p1a: Steely Don
|-resisted|p1a: Steely Don
|-damage|p1a: Steely Don|0 fnt
|-unboost|p2a: MULHOLLAND DR.|def|1
|faint|p1a: Steely Don
|-end|p1a: Steely Don|Protosynthesis|[silent]
|-enditem|p2a: MULHOLLAND DR.|Eject Pack
|l| deletestealthrock
|
|t:|1759075990
|switch|p2a: BLUE VELVET|Hatterene, F|100/100
|-damage|p2a: BLUE VELVET|88/100|[from] Stealth Rock
|
|-fieldend|move: Trick Room
|upkeep
|
|t:|1759075994
|switch|p1a: Knoc Party|Lokix, M|100/100
|turn|13
|
|t:|1759075999
|move|p1a: Knoc Party|Swords Dance|p1a: Knoc Party
|-boost|p1a: Knoc Party|atk|2
|move|p2a: BLUE VELVET|Trick Room|p2a: BLUE VELVET
|-fieldstart|move: Trick Room|[of] p2a: BLUE VELVET
|
|upkeep
|turn|14
|
|t:|1759076005
|move|p2a: BLUE VELVET|Dazzling Gleam|p1a: Knoc Party
|-supereffective|p1a: Knoc Party
|-damage|p1a: Knoc Party|0 fnt
|faint|p1a: Knoc Party
|
|upkeep
|-message|Swagataka forfeited.
|
|win|CloudyEJ
|raw|Swagataka's rating: 1783 &rarr; <strong>1770</strong><br />(-13 for losing)
|raw|CloudyEJ's rating: 1911 &rarr; <strong>1924</strong><br />(+13 for winning)
|l|☆Swagataka
|player|p1|
|l|☆CloudyEJ
|player|p2|
|j| LT121GU 300
|l| LT121GU 300
|j| cryyysneasel
|l| cryyysneasel
