|j|☆Moreiny
|j|☆hungrymane
|t:|1758938271
|gametype|singles
|player|p1|Moreiny|102|1733
|player|p2|hungrymane|169|1706
|gen|9
|tier|[Gen 9] OU
|rated|
|rule|HP Percentage Mod: HP is shown in percentages
|rule|Endless Battle Clause: Forcing endless battles is banned
|rule|Species Clause: Limit one of each Pokémon
|rule|OHKO Clause: OHKO moves are banned
|rule|Evasion Items Clause: Evasion items are banned
|rule|Evasion Moves Clause: Evasion moves are banned
|rule|Evasion Abilities Clause: Evasion abilities are banned
|rule|Sleep Moves Clause: Sleep-inducing moves are banned
|clearpoke
|poke|p1|Indeedee, M|
|poke|p1|Great Tusk|
|poke|p1|Iron Crown|
|poke|p1|Polteageist|
|poke|p1|Hawlucha, M|
|poke|p1|Deoxys-Speed|
|poke|p2|Kommo-o, M|
|poke|p2|Gliscor, F|
|poke|p2|Cinderace, M|
|poke|p2|Araquanid, F|
|poke|p2|Great Tusk|
|poke|p2|Rillaboom, F|
|teampreview
|
|t:|1758938277
|teamsize|p1|6
|teamsize|p2|6
|start
|switch|p1a: Great Tusk|Great Tusk|100/100
|switch|p2a: Great Tusk|Great Tusk|100/100
|turn|1
|inactive|Battle timer is ON: inactive players will automatically lose when time's up. (requested by Moreiny)
|l|☆hungrymane
|inactive|hungrymane disconnected and has a minute to reconnect!
|player|p2|
|j|☆hungrymane
|inactive|hungrymane reconnected and has 140 seconds left.
|player|p2|hungrymane|169|
|
|t:|1758938300
|move|p2a: Great Tusk|Headlong Rush|p1a: Great Tusk
|-damage|p1a: Great Tusk|76/100
|-unboost|p2a: Great Tusk|def|1
|-unboost|p2a: Great Tusk|spd|1
|-damage|p2a: Great Tusk|84/100|[from] item: Rocky Helmet|[of] p1a: Great Tusk
|move|p1a: Great Tusk|Knock Off|p2a: Great Tusk
|-resisted|p2a: Great Tusk
|-damage|p2a: Great Tusk|70/100
|-damage|p1a: Great Tusk|60/100|[from] item: Rocky Helmet|[of] p2a: Great Tusk
|-enditem|p2a: Great Tusk|Rocky Helmet|[from] move: Knock Off|[of] p1a: Great Tusk
|
|upkeep
|turn|2
|
|t:|1758938308
|-end|p2a: Great Tusk|Protosynthesis|[silent]
|switch|p2a: Gliscor|Gliscor, F|100/100
|move|p1a: Great Tusk|Rapid Spin|p2a: Gliscor
|-damage|p2a: Gliscor|92/100
|-boost|p1a: Great Tusk|spe|1
|
|-status|p2a: Gliscor|tox|[from] item: Toxic Orb
|upkeep
|turn|3
|
|t:|1758938313
|-end|p1a: Great Tusk|Protosynthesis|[silent]
|switch|p1a: Indeedee|Indeedee, M|100/100
|-fieldstart|move: Psychic Terrain|[from] ability: Psychic Surge|[of] p1a: Indeedee
|move|p2a: Gliscor|Spikes|p1a: Indeedee
|-sidestart|p1: Moreiny|Spikes
|
|-heal|p2a: Gliscor|100/100 tox|[from] ability: Poison Heal
|upkeep
|turn|4
|
|t:|1758938318
|switch|p2a: Rillaboom|Rillaboom, F|100/100
|-fieldstart|move: Grassy Terrain|[from] ability: Grassy Surge|[of] p2a: Rillaboom
|move|p1a: Indeedee|Expanding Force|p2a: Rillaboom
|-damage|p2a: Rillaboom|62/100
|
|-heal|p2a: Rillaboom|68/100|[from] Grassy Terrain
|upkeep
|turn|5
|
|t:|1758938327
|switch|p1a: Great Tusk|Great Tusk|60/100
|-damage|p1a: Great Tusk|47/100|[from] Spikes
|move|p2a: Rillaboom|Grassy Glide|p1a: Great Tusk
|-supereffective|p1a: Great Tusk
|-damage|p1a: Great Tusk|9/100
|-damage|p2a: Rillaboom|51/100|[from] item: Rocky Helmet|[of] p1a: Great Tusk
|
|-heal|p1a: Great Tusk|16/100|[from] Grassy Terrain
|-heal|p2a: Rillaboom|58/100|[from] Grassy Terrain
|upkeep
|turn|6
|
|t:|1758938337
|-end|p1a: Great Tusk|Protosynthesis|[silent]
|switch|p1a: Indeedee|Indeedee, M|100/100
|-damage|p1a: Indeedee|88/100|[from] Spikes
|-fieldstart|move: Psychic Terrain|[from] ability: Psychic Surge|[of] p1a: Indeedee
|move|p2a: Rillaboom|Grassy Glide|p1a: Indeedee
|-damage|p1a: Indeedee|22/100
|
|upkeep
|turn|7
|
|t:|1758938346
|switch|p2a: Araquanid|Araquanid, F|100/100
|move|p1a: Indeedee|Expanding Force|p2a: Araquanid
|-damage|p2a: Araquanid|47/100
|-enditem|p2a: Araquanid|Red Card|[of] p1a: Indeedee
|drag|p1a: Deoxys|Deoxys-Speed|100/100
|-damage|p1a: Deoxys|88/100|[from] Spikes
|-ability|p1a: Deoxys|Pressure
|
|upkeep
|turn|8
|
|t:|1758938352
|switch|p2a: Rillaboom|Rillaboom, F|58/100
|-fieldstart|move: Grassy Terrain|[from] ability: Grassy Surge|[of] p2a: Rillaboom
|move|p1a: Deoxys|Expanding Force|p2a: Rillaboom
|-damage|p2a: Rillaboom|18/100
|
|-heal|p1a: Deoxys|94/100|[from] Grassy Terrain
|-heal|p2a: Rillaboom|24/100|[from] Grassy Terrain
|upkeep
|turn|9
|
|t:|1758938366
|switch|p1a: Great Tusk|Great Tusk|16/100
|-damage|p1a: Great Tusk|3/100|[from] Spikes
|switch|p2a: Gliscor|Gliscor, F|100/100 tox
|
|-heal|p1a: Great Tusk|9/100|[from] Grassy Terrain
|upkeep
|turn|10
|
|t:|1758938384
|move|p2a: Gliscor|Sand Tomb|p1a: Great Tusk
|-damage|p1a: Great Tusk|3/100
|-activate|p1a: Great Tusk|move: Sand Tomb|[of] p2a: Gliscor
|move|p1a: Great Tusk|Rapid Spin|p2a: Gliscor
|-damage|p2a: Gliscor|91/100 tox
|-boost|p1a: Great Tusk|spe|1
|-sideend|p1: Moreiny|Spikes|[from] move: Rapid Spin|[of] p1a: Great Tusk
|-end|p1a: Great Tusk|Sand Tomb|[partiallytrapped]
|
|-heal|p1a: Great Tusk|9/100|[from] Grassy Terrain
|-heal|p2a: Gliscor|100/100 tox|[from] ability: Poison Heal
|upkeep
|turn|11
|
|t:|1758938397
|move|p1a: Great Tusk|Rapid Spin|p2a: Gliscor
|-damage|p2a: Gliscor|91/100 tox
|-boost|p1a: Great Tusk|spe|1
|move|p2a: Gliscor|Spikes|p1a: Great Tusk
|-sidestart|p1: Moreiny|Spikes
|
|-heal|p1a: Great Tusk|16/100|[from] Grassy Terrain
|-heal|p2a: Gliscor|100/100 tox|[from] ability: Poison Heal
|upkeep
|turn|12
|
|t:|1758938400
|move|p1a: Great Tusk|Rapid Spin|p2a: Gliscor
|-damage|p2a: Gliscor|90/100 tox
|-boost|p1a: Great Tusk|spe|1
|-sideend|p1: Moreiny|Spikes|[from] move: Rapid Spin|[of] p1a: Great Tusk
|move|p2a: Gliscor|Sand Tomb|p1a: Great Tusk
|-damage|p1a: Great Tusk|10/100
|-activate|p1a: Great Tusk|move: Sand Tomb|[of] p2a: Gliscor
|
|-heal|p1a: Great Tusk|16/100|[from] Grassy Terrain
|-heal|p2a: Gliscor|100/100 tox|[from] ability: Poison Heal
|-damage|p1a: Great Tusk|4/100|[from] move: Sand Tomb|[partiallytrapped]
|-fieldend|move: Grassy Terrain
|upkeep
|turn|13
|
|t:|1758938412
|move|p1a: Great Tusk|Stealth Rock|p2a: Gliscor
|-sidestart|p2: hungrymane|move: Stealth Rock
|move|p2a: Gliscor|Spikes|p1a: Great Tusk
|-sidestart|p1: Moreiny|Spikes
|
|-damage|p1a: Great Tusk|0 fnt|[from] move: Sand Tomb|[partiallytrapped]
|faint|p1a: Great Tusk
|-end|p1a: Great Tusk|Protosynthesis|[silent]
|upkeep
|
|t:|1758938420
|switch|p1a: Iron Crown|Iron Crown|100/100
|-damage|p1a: Iron Crown|88/100|[from] Spikes
|turn|14
|
|t:|1758938427
|move|p1a: Iron Crown|Tachyon Cutter|p2a: Gliscor
|-damage|p2a: Gliscor|61/100 tox
|-crit|p2a: Gliscor
|-damage|p2a: Gliscor|5/100 tox
|-hitcount|p2a: Gliscor|2
|move|p2a: Gliscor|Spikes|p1a: Iron Crown
|-sidestart|p1: Moreiny|Spikes
|
|-heal|p2a: Gliscor|18/100 tox|[from] ability: Poison Heal
|upkeep
|turn|15
|
|t:|1758938431
|move|p1a: Iron Crown|Tachyon Cutter|p2a: Gliscor
|-damage|p2a: Gliscor|0 fnt
|faint|p2a: Gliscor
|-hitcount|p2: Gliscor|1
|
|upkeep
|
|t:|1758938438
|switch|p2a: Great Tusk|Great Tusk|70/100
|-damage|p2a: Great Tusk|67/100|[from] Stealth Rock
|turn|16
|
|t:|1758938442
|move|p1a: Iron Crown|Tachyon Cutter|p2a: Great Tusk
|-damage|p2a: Great Tusk|33/100
|-damage|p2a: Great Tusk|0 fnt
|faint|p2a: Great Tusk
|-end|p2a: Great Tusk|Protosynthesis|[silent]
|-hitcount|p2: Great Tusk|2
|
|upkeep
|
|t:|1758938445
|switch|p2a: Cinderace|Cinderace, M|100/100
|turn|17
|
|t:|1758938454
|-end|p1a: Iron Crown|Quark Drive|[silent]
|switch|p1a: Indeedee|Indeedee, M|22/100
|-damage|p1a: Indeedee|6/100|[from] Spikes
|-fieldstart|move: Psychic Terrain|[from] ability: Psychic Surge|[of] p1a: Indeedee
|move|p2a: Cinderace|Swords Dance|p2a: Cinderace
|-boost|p2a: Cinderace|atk|2
|
|upkeep
|turn|18
|
|t:|1758938459
|switch|p1a: Hawlucha|Hawlucha, M|100/100
|-enditem|p1a: Hawlucha|Psychic Seed
|-boost|p1a: Hawlucha|spd|1|[from] item: Psychic Seed
|move|p2a: Cinderace|Flame Charge|p1a: Hawlucha
|-damage|p1a: Hawlucha|49/100
|-boost|p2a: Cinderace|spe|1
|
|upkeep
|turn|19
|
|t:|1758938464
|-terastallize|p2a: Cinderace|Fire
|move|p1a: Hawlucha|Acrobatics|p2a: Cinderace
|-damage|p2a: Cinderace|34/100
|move|p2a: Cinderace|Flame Charge|p1a: Hawlucha
|-damage|p1a: Hawlucha|0 fnt
|-boost|p2a: Cinderace|spe|1
|faint|p1a: Hawlucha
|
|upkeep
|
|t:|1758938473
|switch|p1a: Polteageist|Polteageist|100/100
|-damage|p1a: Polteageist|84/100|[from] Spikes
|turn|20
|
|t:|1758938475
|move|p2a: Cinderace|Flame Charge|p1a: Polteageist
|-damage|p1a: Polteageist|0 fnt
|-boost|p2a: Cinderace|spe|1
|faint|p1a: Polteageist
|
|upkeep
|-message|Moreiny forfeited.
|
|win|hungrymane
|raw|Moreiny's rating: 1733 &rarr; <strong>1711</strong><br />(-22 for losing)
|raw|hungrymane's rating: 1706 &rarr; <strong>1728</strong><br />(+22 for winning)
|l|☆Moreiny
|player|p1|
|l|☆hungrymane
|player|p2|
