|j|☆Nameless Moron
|j|☆Zero to still Zero
|t:|1759071210
|gametype|singles
|player|p1|Nameless Moron|unknown|1125
|player|p2|Zero to still Zero|archer|1092
|gen|9
|tier|[Gen 9] OU
|rated|
|rule|HP Percentage Mod: HP is shown in percentages
|rule|Endless Battle Clause: Forcing endless battles is banned
|rule|Species Clause: Limit one of each Pokémon
|rule|OHKO Clause: OHKO moves are banned
|rule|Evasion Items Clause: Evasion items are banned
|rule|Evasion Moves Clause: Evasion moves are banned
|rule|Evasion Abilities Clause: Evasion abilities are banned
|rule|Sleep Moves Clause: Sleep-inducing moves are banned
|clearpoke
|poke|p1|Slowking-Galar, F|
|poke|p1|Zamazenta-*|
|poke|p1|Kyurem|
|poke|p1|Cinderace, M|
|poke|p1|Iron Valiant|
|poke|p1|Great Tusk|
|poke|p2|Dragonite, F|
|poke|p2|Deoxys-Speed|
|poke|p2|Lokix, F|
|poke|p2|Torkoal, M|
|poke|p2|Great Tusk|
|poke|p2|Arcanine-Hisui, M|
|teampreview
|inactive|Battle timer is ON: inactive players will automatically lose when time's up. (requested by Nameless Moron)
|
|t:|1759071235
|teamsize|p1|6
|teamsize|p2|6
|start
|switch|p1a: Zamazenta|Zamazenta|100/100
|switch|p2a: Torkoal|Torkoal, M|100/100
|-ability|p1a: Zamazenta|Dauntless Shield|boost
|-boost|p1a: Zamazenta|def|1
|-weather|SunnyDay|[from] ability: Drought|[of] p2a: Torkoal
|turn|1
|
|t:|1759071246
|move|p1a: Zamazenta|Body Press|p2a: Torkoal
|-damage|p2a: Torkoal|66/100
|move|p2a: Torkoal|Stealth Rock|p1a: Zamazenta
|-sidestart|p1: Nameless Moron|move: Stealth Rock
|
|-weather|SunnyDay|[upkeep]
|upkeep
|turn|2
|
|t:|1759071252
|move|p1a: Zamazenta|Iron Defense|p1a: Zamazenta
|-boost|p1a: Zamazenta|def|2
|move|p2a: Torkoal|Overheat|p1a: Zamazenta
|-damage|p1a: Zamazenta|37/100
|-unboost|p2a: Torkoal|spa|2
|-enditem|p2a: Torkoal|Eject Pack
|
|t:|1759071263
|switch|p2a: Deoxys|Deoxys-Speed|100/100
|-ability|p2a: Deoxys|Pressure
|
|-weather|SunnyDay|[upkeep]
|-heal|p1a: Zamazenta|43/100|[from] item: Leftovers
|upkeep
|turn|3
|c|☆Zero to still Zero|hi
|
|t:|1759071292
|-terastallize|p1a: Zamazenta|Fire
|move|p2a: Deoxys|Shadow Ball|p1a: Zamazenta
|-damage|p1a: Zamazenta|28/100
|move|p1a: Zamazenta|Crunch|p2a: Deoxys
|-supereffective|p2a: Deoxys
|-damage|p2a: Deoxys|39/100
|
|-weather|SunnyDay|[upkeep]
|-heal|p2a: Deoxys|45/100|[from] item: Leftovers
|-heal|p1a: Zamazenta|34/100|[from] item: Leftovers
|upkeep
|turn|4
|
|t:|1759071304
|move|p2a: Deoxys|Thunder Wave|p1a: Zamazenta
|-status|p1a: Zamazenta|par
|move|p1a: Zamazenta|Crunch|p2a: Deoxys
|-supereffective|p2a: Deoxys
|-damage|p2a: Deoxys|0 fnt
|faint|p2a: Deoxys
|
|-weather|SunnyDay|[upkeep]
|-heal|p1a: Zamazenta|40/100 par|[from] item: Leftovers
|upkeep
|
|t:|1759071310
|switch|p2a: Torkoal|Torkoal, M|66/100
|turn|5
|
|t:|1759071317
|cant|p1a: Zamazenta|par
|move|p2a: Torkoal|Overheat|p1a: Zamazenta
|-resisted|p1a: Zamazenta
|-damage|p1a: Zamazenta|9/100 par
|-unboost|p2a: Torkoal|spa|2
|
|-weather|none
|-heal|p1a: Zamazenta|15/100 par|[from] item: Leftovers
|upkeep
|turn|6
|
|t:|1759071326
|move|p1a: Zamazenta|Body Press|p2a: Torkoal
|-damage|p2a: Torkoal|2/100
|move|p2a: Torkoal|Eruption|p1a: Zamazenta
|-resisted|p1a: Zamazenta
|-damage|p1a: Zamazenta|15/100 par
|
|-heal|p1a: Zamazenta|21/100 par|[from] item: Leftovers
|upkeep
|turn|7
|
|t:|1759071338
|switch|p2a: Arcanine|Arcanine-Hisui, M|100/100
|-ability|p2a: Arcanine|Intimidate|boost
|-unboost|p1a: Zamazenta|atk|1
|cant|p1a: Zamazenta|par
|
|-heal|p1a: Zamazenta|27/100 par|[from] item: Leftovers
|upkeep
|turn|8
|
|t:|1759071346
|-terastallize|p2a: Arcanine|Normal
|move|p2a: Arcanine|Extreme Speed|p1a: Zamazenta
|-damage|p1a: Zamazenta|9/100 par
|move|p1a: Zamazenta|Body Press|p2a: Arcanine
|-supereffective|p2a: Arcanine
|-damage|p2a: Arcanine|0 fnt
|faint|p2a: Arcanine
|
|-heal|p1a: Zamazenta|15/100 par|[from] item: Leftovers
|upkeep
|
|t:|1759071356
|switch|p2a: Lokix|Lokix, F|100/100
|turn|9
|
|t:|1759071364
|move|p2a: Lokix|First Impression|p1a: Zamazenta
|-resisted|p1a: Zamazenta
|-damage|p1a: Zamazenta|0 fnt
|faint|p1a: Zamazenta
|
|upkeep
|
|t:|1759071379
|switch|p1a: Cinderace|Cinderace, M|100/100
|turn|10
|
|t:|1759071393
|switch|p2a: Torkoal|Torkoal, M|2/100
|-weather|SunnyDay|[from] ability: Drought|[of] p2a: Torkoal
|move|p1a: Cinderace|U-turn|p2a: Torkoal
|-start|p1a: Cinderace|typechange|Bug|[from] ability: Libero
|-resisted|p2a: Torkoal
|-damage|p2a: Torkoal|0 fnt
|faint|p2a: Torkoal
|
|t:|1759071402
|switch|p1a: Great Tusk|Great Tusk|100/100|[from] U-turn
|-damage|p1a: Great Tusk|98/100|[from] Stealth Rock
|-activate|p1a: Great Tusk|ability: Protosynthesis
|-start|p1a: Great Tusk|protosynthesisspe
|
|-weather|SunnyDay|[upkeep]
|upkeep
|
|t:|1759071414
|switch|p2a: Dragonite|Dragonite, F|100/100
|turn|11
|
|t:|1759071425
|move|p1a: Great Tusk|Rapid Spin|p2a: Dragonite
|-damage|p2a: Dragonite|92/100
|-boost|p1a: Great Tusk|spe|1
|-sideend|p1: Nameless Moron|Stealth Rock|[from] move: Rapid Spin|[of] p1a: Great Tusk
|move|p2a: Dragonite|Dragon Dance|p2a: Dragonite
|-boost|p2a: Dragonite|atk|1
|-boost|p2a: Dragonite|spe|1
|
|-weather|SunnyDay|[upkeep]
|upkeep
|turn|12
|
|t:|1759071434
|move|p1a: Great Tusk|Ice Spinner|p2a: Dragonite
|-supereffective|p2a: Dragonite
|-damage|p2a: Dragonite|0 fnt
|faint|p2a: Dragonite
|
|-weather|SunnyDay|[upkeep]
|upkeep
|c|☆Zero to still Zero|gg
|c|☆Nameless Moron|gg
|-message|Zero to still Zero forfeited.
|
|win|Nameless Moron
|raw|Nameless Moron's rating: 1125 &rarr; <strong>1148</strong><br />(+23 for winning)
|raw|Zero to still Zero's rating: 1092 &rarr; <strong>1070</strong><br />(-22 for losing)
|l|☆Zero to still Zero
|player|p2|
