|j|☆amalganger
|j|☆sakuya 2hu
|t:|1759031187
|gametype|singles
|player|p1|amalganger|harlequin|1116
|player|p2|sakuya 2hu|rocketgruntf|1085
|gen|9
|tier|[Gen 9] OU
|rated|
|rule|HP Percentage Mod: HP is shown in percentages
|rule|Endless Battle Clause: Forcing endless battles is banned
|rule|Species Clause: Limit one of each Pokémon
|rule|OHKO Clause: OHKO moves are banned
|rule|Evasion Items Clause: Evasion items are banned
|rule|Evasion Moves Clause: Evasion moves are banned
|rule|Evasion Abilities Clause: Evasion abilities are banned
|rule|Sleep Moves Clause: Sleep-inducing moves are banned
|clearpoke
|poke|p1|Galvantula, M|
|poke|p1|Malamar, M|
|poke|p1|Glimmora, M|
|poke|p1|Meowscarada, F|
|poke|p1|Zoroark-Hisui, F|
|poke|p1|Polteageist|
|poke|p2|Tornadus-Therian, M|
|poke|p2|Gliscor, M|
|poke|p2|Rillaboom, M|
|poke|p2|Basculegion-F, F|
|poke|p2|Darkrai|
|poke|p2|Pelipper, F|
|teampreview
|
|t:|1759031199
|teamsize|p1|6
|teamsize|p2|6
|start
|switch|p1a: Arachnus|Galvantula, M, shiny|100/100
|switch|p2a: Birra Moretti|Gliscor, M|100/100
|turn|1
|
|t:|1759031208
|move|p1a: Arachnus|Sticky Web|p2a: Birra Moretti
|-sidestart|p2: sakuya 2hu|move: Sticky Web
|move|p2a: Birra Moretti|Substitute|p2a: Birra Moretti
|-start|p2a: Birra Moretti|Substitute
|-damage|p2a: Birra Moretti|75/100
|
|-status|p2a: Birra Moretti|tox|[from] item: Toxic Orb
|upkeep
|turn|2
|
|t:|1759031217
|move|p1a: Arachnus|Bug Buzz|p2a: Birra Moretti
|-resisted|p2a: Birra Moretti
|-damage|p2a: Birra Moretti|60/100 tox
|move|p2a: Birra Moretti|Swords Dance|p2a: Birra Moretti
|-boost|p2a: Birra Moretti|atk|2
|
|-heal|p2a: Birra Moretti|72/100 tox|[from] ability: Poison Heal
|upkeep
|turn|3
|
|t:|1759031225
|move|p1a: Arachnus|Energy Ball|p2a: Birra Moretti
|-activate|p2a: Birra Moretti|move: Substitute|[damage]
|move|p2a: Birra Moretti|Swords Dance|p2a: Birra Moretti
|-boost|p2a: Birra Moretti|atk|2
|
|-heal|p2a: Birra Moretti|85/100 tox|[from] ability: Poison Heal
|upkeep
|turn|4
|
|t:|1759031234
|move|p1a: Arachnus|Bug Buzz|p2a: Birra Moretti
|-resisted|p2a: Birra Moretti
|-damage|p2a: Birra Moretti|69/100 tox
|move|p2a: Birra Moretti|Earthquake|p1a: Arachnus
|-enditem|p1a: Arachnus|Focus Sash
|-damage|p1a: Arachnus|1/100
|
|-heal|p2a: Birra Moretti|82/100 tox|[from] ability: Poison Heal
|upkeep
|turn|5
|
|t:|1759031245
|move|p1a: Arachnus|Thunder|p2a: Birra Moretti
|-immune|p2a: Birra Moretti
|move|p2a: Birra Moretti|Earthquake|p1a: Arachnus
|-damage|p1a: Arachnus|0 fnt
|faint|p1a: Arachnus
|
|-heal|p2a: Birra Moretti|94/100 tox|[from] ability: Poison Heal
|upkeep
|
|t:|1759031260
|switch|p1a: Aura|Glimmora, M, shiny|100/100
|turn|6
|
|t:|1759031268
|move|p1a: Aura|Mortal Spin|p2a: Birra Moretti
|-resisted|p2a: Birra Moretti
|-end|p2a: Birra Moretti|Substitute
|move|p2a: Birra Moretti|Earthquake|p1a: Aura
|-supereffective|p1a: Aura
|-damage|p1a: Aura|0 fnt
|-activate|p1a: Aura|ability: Toxic Debris
|-sidestart|p2: sakuya 2hu|move: Toxic Spikes
|faint|p1a: Aura
|
|-heal|p2a: Birra Moretti|100/100 tox|[from] ability: Poison Heal
|upkeep
|
|t:|1759031278
|switch|p1a: Ludwig|Malamar, M, shiny|100/100
|turn|7
|
|t:|1759031283
|-terastallize|p2a: Birra Moretti|Normal
|-terastallize|p1a: Ludwig|Fairy
|move|p2a: Birra Moretti|Facade|p1a: Ludwig
|-damage|p1a: Ludwig|0 fnt
|faint|p1a: Ludwig
|
|upkeep
|
|t:|1759031290
|switch|p1a: Seia|Polteageist, shiny|100/100
|turn|8
|
|t:|1759031298
|move|p1a: Seia|Bitter Malice|p2a: Birra Moretti
|-immune|p2a: Birra Moretti
|move|p2a: Birra Moretti|Earthquake|p1a: Seia
|-enditem|p1a: Seia|Focus Sash
|-damage|p1a: Seia|1/100
|replace|p1a: Julia|Zoroark-Hisui, F, shiny
|-end|p1a: Julia|Illusion
|
|upkeep
|turn|9
|-message|amalganger forfeited.
|
|win|sakuya 2hu
|raw|amalganger's rating: 1116 &rarr; <strong>1089</strong><br />(-27 for losing)
|raw|sakuya 2hu's rating: 1085 &rarr; <strong>1115</strong><br />(+30 for winning)
|l|☆amalganger
|player|p1|
|j|☆amalganger
|player|p1|amalganger|harlequin|
