|j|☆JXSP
|j|☆ancient faith
|t:|1758952225
|gametype|singles
|player|p1|JXSP|hugh|1115
|player|p2|ancient faith|red-gen1main|1164
|gen|9
|tier|[Gen 9] OU
|rated|
|rule|HP Percentage Mod: HP is shown in percentages
|rule|Endless Battle Clause: Forcing endless battles is banned
|rule|Species Clause: Limit one of each Pokémon
|rule|OHKO Clause: OHKO moves are banned
|rule|Evasion Items Clause: Evasion items are banned
|rule|Evasion Moves Clause: Evasion moves are banned
|rule|Evasion Abilities Clause: Evasion abilities are banned
|rule|Sleep Moves Clause: Sleep-inducing moves are banned
|clearpoke
|poke|p1|Sceptile, M|
|poke|p1|Toxtricity, M|
|poke|p1|Glimmora, M|
|poke|p1|Dragapult, M|
|poke|p1|Gliscor, M|
|poke|p1|Pecharunt|
|poke|p2|Deoxys-Speed|
|poke|p2|Dragonite, M|
|poke|p2|Darkrai|
|poke|p2|Iron Moth|
|poke|p2|Scizor, M|
|poke|p2|Great Tusk|
|teampreview
|inactive|Battle timer is ON: inactive players will automatically lose when time's up. (requested by ancient faith)
|
|t:|1758952236
|teamsize|p1|6
|teamsize|p2|6
|start
|switch|p1a: Gliscor|Gliscor, M|100/100
|switch|p2a: Deoxys|Deoxys-Speed, shiny|100/100
|-ability|p2a: Deoxys|Pressure
|turn|1
|
|t:|1758952247
|move|p1a: Gliscor|Protect|p1a: Gliscor
|-singleturn|p1a: Gliscor|Protect
|move|p2a: Deoxys|Stealth Rock|p1a: Gliscor
|-sidestart|p1: JXSP|move: Stealth Rock
|
|-status|p1a: Gliscor|tox|[from] item: Toxic Orb
|upkeep
|turn|2
|
|t:|1758952255
|move|p2a: Deoxys|Ice Beam|p1a: Gliscor
|-supereffective|p1a: Gliscor
|-damage|p1a: Gliscor|0 fnt
|faint|p1a: Gliscor
|
|upkeep
|
|t:|1758952269
|switch|p1a: Pecharunt|Pecharunt|100/100
|turn|3
|
|t:|1758952274
|move|p2a: Deoxys|Psycho Boost|p1a: Pecharunt
|-supereffective|p1a: Pecharunt
|-damage|p1a: Pecharunt|0 fnt
|-unboost|p2a: Deoxys|spa|2
|faint|p1a: Pecharunt
|
|upkeep
|
|t:|1758952281
|switch|p1a: Glimmora|Glimmora, M|100/100
|-damage|p1a: Glimmora|88/100|[from] Stealth Rock
|turn|4
|
|t:|1758952285
|move|p1a: Glimmora|Spiky Shield|p1a: Glimmora
|-singleturn|p1a: Glimmora|move: Protect
|move|p2a: Deoxys|Taunt|p1a: Glimmora
|-activate|p1a: Glimmora|move: Protect
|
|upkeep
|turn|5
|
|t:|1758952293
|move|p2a: Deoxys|Taunt|p1a: Glimmora
|-start|p1a: Glimmora|move: Taunt
|move|p1a: Glimmora|Mortal Spin|p2a: Deoxys
|-damage|p2a: Deoxys|92/100
|-status|p2a: Deoxys|psn
|-damage|p1a: Glimmora|72/100|[from] item: Rocky Helmet|[of] p2a: Deoxys
|-sideend|p1: JXSP|Stealth Rock|[from] move: Mortal Spin|[of] p1a: Glimmora
|
|-damage|p2a: Deoxys|79/100 psn|[from] psn
|upkeep
|turn|6
|
|t:|1758952313
|switch|p1a: Dragapult|Dragapult, M|100/100
|move|p2a: Deoxys|Stealth Rock|p1a: Dragapult
|-sidestart|p1: JXSP|move: Stealth Rock
|
|-damage|p2a: Deoxys|67/100 psn|[from] psn
|upkeep
|turn|7
|
|t:|1758952322
|move|p2a: Deoxys|Taunt|p1a: Dragapult
|-start|p1a: Dragapult|move: Taunt
|move|p1a: Dragapult|Phantom Force||[still]
|-prepare|p1a: Dragapult|Phantom Force
|
|-damage|p2a: Deoxys|55/100 psn|[from] psn
|upkeep
|turn|8
|
|t:|1758952331
|move|p2a: Deoxys|Ice Beam|p1a: Dragapult|[miss]
|-miss|p2a: Deoxys|p1a: Dragapult
|move|p1a: Dragapult|Phantom Force|p2a: Deoxys|[from] lockedmove
|-supereffective|p2a: Deoxys
|-damage|p2a: Deoxys|0 fnt
|-damage|p1a: Dragapult|84/100|[from] item: Rocky Helmet|[of] p2a: Deoxys
|faint|p2a: Deoxys
|
|upkeep
|
|t:|1758952339
|switch|p2a: Darkrai|Darkrai, shiny|100/100
|turn|9
|
|t:|1758952354
|move|p1a: Dragapult|U-turn|p2a: Darkrai
|-supereffective|p2a: Darkrai
|-damage|p2a: Darkrai|39/100
|
|t:|1758952358
|switch|p1a: Sceptile|Sceptile, M|100/100|[from] U-turn
|-damage|p1a: Sceptile|88/100|[from] Stealth Rock
|move|p2a: Darkrai|Dark Pulse|p1a: Sceptile
|-damage|p1a: Sceptile|14/100
|-damage|p2a: Darkrai|29/100|[from] item: Life Orb
|
|upkeep
|turn|10
|
|t:|1758952368
|move|p1a: Sceptile|Protect|p1a: Sceptile
|-singleturn|p1a: Sceptile|Protect
|move|p2a: Darkrai|Dark Pulse|p1a: Sceptile
|-activate|p1a: Sceptile|move: Protect
|
|upkeep
|turn|11
|
|t:|1758952376
|move|p2a: Darkrai|Dark Pulse|p1a: Sceptile
|-damage|p1a: Sceptile|0 fnt
|faint|p1a: Sceptile
|-damage|p2a: Darkrai|19/100|[from] item: Life Orb
|
|upkeep
|
|t:|1758952384
|switch|p1a: Dragapult|Dragapult, M|84/100
|turn|12
|
|t:|1758952388
|move|p2a: Darkrai|Sucker Punch|p1a: Dragapult
|-supereffective|p1a: Dragapult
|-damage|p1a: Dragapult|0 fnt
|faint|p1a: Dragapult
|-damage|p2a: Darkrai|9/100|[from] item: Life Orb
|
|upkeep
|
|t:|1758952394
|switch|p1a: Glimmora|Glimmora, M|72/100
|-damage|p1a: Glimmora|59/100|[from] Stealth Rock
|turn|13
|
|t:|1758952399
|switch|p2a: Scizor|Scizor, M, shiny|100/100
|move|p1a: Glimmora|Spiky Shield||[still]
|-fail|p1a: Glimmora
|
|upkeep
|turn|14
|
|t:|1758952409
|move|p2a: Scizor|Bullet Punch|p1a: Glimmora
|-supereffective|p1a: Glimmora
|-damage|p1a: Glimmora|0 fnt
|-damage|p2a: Scizor|84/100|[from] item: Rocky Helmet|[of] p1a: Glimmora
|-activate|p1a: Glimmora|ability: Toxic Debris
|-sidestart|p2: ancient faith|move: Toxic Spikes
|faint|p1a: Glimmora
|
|upkeep
|
|t:|1758952413
|switch|p1a: Toxtricity|Toxtricity, M|100/100
|-damage|p1a: Toxtricity|88/100|[from] Stealth Rock
|turn|15
|
|t:|1758952428
|-terastallize|p1a: Toxtricity|Ghost
|move|p2a: Scizor|Bullet Punch|p1a: Toxtricity
|-damage|p1a: Toxtricity|12/100
|move|p1a: Toxtricity|Boomburst|p2a: Scizor
|-resisted|p2a: Scizor
|-damage|p2a: Scizor|42/100
|-enditem|p1a: Toxtricity|Throat Spray
|-boost|p1a: Toxtricity|spa|1|[from] item: Throat Spray
|
|upkeep
|turn|16
|
|t:|1758952443
|move|p2a: Scizor|Bullet Punch|p1a: Toxtricity
|-damage|p1a: Toxtricity|0 fnt
|faint|p1a: Toxtricity
|
|win|ancient faith
|raw|JXSP's rating: 1115 &rarr; <strong>1094</strong><br />(-21 for losing)
|raw|ancient faith's rating: 1164 &rarr; <strong>1185</strong><br />(+21 for winning)
