|j|☆A King Of The Ring
|j|☆Abribus
|t:|1759065801
|gametype|singles
|player|p1|A King Of The Ring|rocketexecutive-gen2|1600
|player|p2|Abribus|volkner|1603
|gen|9
|tier|[Gen 9] OU
|rated|
|rule|HP Percentage Mod: HP is shown in percentages
|rule|Endless Battle Clause: Forcing endless battles is banned
|rule|Species Clause: Limit one of each Pokémon
|rule|OHKO Clause: OHKO moves are banned
|rule|Evasion Items Clause: Evasion items are banned
|rule|Evasion Moves Clause: Evasion moves are banned
|rule|Evasion Abilities Clause: Evasion abilities are banned
|rule|Sleep Moves Clause: Sleep-inducing moves are banned
|clearpoke
|poke|p1|Kyurem|
|poke|p1|Ursaluna, M|
|poke|p1|Darkrai|
|poke|p1|Ninetales-Alola, M|
|poke|p1|Comfey, M|
|poke|p1|Iron Crown|
|poke|p2|Iron Crown|
|poke|p2|Samurott-Hisui, M|
|poke|p2|Zapdos|
|poke|p2|Dragapult, F|
|poke|p2|Great Tusk|
|poke|p2|Iron Boulder|
|teampreview
|inactive|Battle timer is ON: inactive players will automatically lose when time's up. (requested by Abribus)
|
|t:|1759065805
|teamsize|p1|6
|teamsize|p2|6
|start
|switch|p1a: Darkrai|Darkrai, shiny|100/100
|switch|p2a: Hattori|Iron Crown|100/100
|turn|1
|
|t:|1759065822
|-end|p2a: Hattori|Quark Drive|[silent]
|switch|p2a: Almeida|Great Tusk|100/100
|move|p1a: Darkrai|Dark Pulse|p2a: Almeida
|-resisted|p2a: Almeida
|-damage|p2a: Almeida|65/100
|
|upkeep
|turn|2
|
|t:|1759065826
|move|p1a: Darkrai|Focus Blast|p2a: Almeida|[miss]
|-miss|p1a: Darkrai|p2a: Almeida
|move|p2a: Almeida|Rapid Spin|p1a: Darkrai
|-damage|p1a: Darkrai|75/100
|-boost|p2a: Almeida|spe|1
|
|upkeep
|turn|3
|
|t:|1759065834
|move|p2a: Almeida|Stealth Rock|p1a: Darkrai
|-sidestart|p1: A King Of The Ring|move: Stealth Rock
|move|p1a: Darkrai|Focus Blast|p2a: Almeida|[miss]
|-miss|p1a: Darkrai|p2a: Almeida
|
|upkeep
|turn|4
|
|t:|1759065839
|move|p2a: Almeida|Headlong Rush|p1a: Darkrai
|-damage|p1a: Darkrai|0 fnt
|-unboost|p2a: Almeida|def|1
|-unboost|p2a: Almeida|spd|1
|faint|p1a: Darkrai
|
|upkeep
|c|☆Abribus|...
|
|t:|1759065855
|switch|p1a: Ninetales|Ninetales-Alola, M, shiny|100/100
|-damage|p1a: Ninetales|76/100|[from] Stealth Rock
|-weather|Snowscape|[from] ability: Snow Warning|[of] p1a: Ninetales
|turn|5
|
|t:|1759065861
|-end|p2a: Almeida|Protosynthesis|[silent]
|switch|p2a: Hattori|Iron Crown|100/100
|move|p1a: Ninetales|Aurora Veil|p1a: Ninetales
|-sidestart|p1: A King Of The Ring|move: Aurora Veil
|
|-weather|Snowscape|[upkeep]
|upkeep
|turn|6
|
|t:|1759065863
|switch|p1a: Iron Crown|Iron Crown|100/100
|-damage|p1a: Iron Crown|94/100|[from] Stealth Rock
|-enditem|p1a: Iron Crown|Booster Energy
|-activate|p1a: Iron Crown|ability: Quark Drive|[fromitem]
|-start|p1a: Iron Crown|quarkdrivespe
|move|p2a: Hattori|Tachyon Cutter|p1a: Iron Crown
|-resisted|p1a: Iron Crown
|-damage|p1a: Iron Crown|86/100
|-resisted|p1a: Iron Crown
|-damage|p1a: Iron Crown|77/100
|-hitcount|p1a: Iron Crown|2
|
|-weather|Snowscape|[upkeep]
|upkeep
|turn|7
|
|t:|1759065869
|-end|p2a: Hattori|Quark Drive|[silent]
|switch|p2a: Droll|Samurott-Hisui, M|100/100
|move|p1a: Iron Crown|Calm Mind|p1a: Iron Crown
|-boost|p1a: Iron Crown|spa|1
|-boost|p1a: Iron Crown|spd|1
|
|-weather|Snowscape|[upkeep]
|upkeep
|turn|8
|
|t:|1759065872
|move|p1a: Iron Crown|Focus Blast|p2a: Droll|[miss]
|-miss|p1a: Iron Crown|p2a: Droll
|move|p2a: Droll|Ceaseless Edge|p1a: Iron Crown
|-supereffective|p1a: Iron Crown
|-damage|p1a: Iron Crown|32/100
|-sidestart|p1: A King Of The Ring|Spikes
|
|-weather|Snowscape|[upkeep]
|upkeep
|turn|9
|
|t:|1759065876
|move|p1a: Iron Crown|Focus Blast|p2a: Droll
|-supereffective|p2a: Droll
|-crit|p2a: Droll
|-damage|p2a: Droll|0 fnt
|faint|p2a: Droll
|
|-weather|none
|upkeep
|c|☆A King Of The Ring|FF
|c|☆A King Of The Ring|FFS
|c|☆Abribus|Yeahhh gg 😭
|inactive|Abribus has 120 seconds left.
|c|☆A King Of The Ring|mhm
|
|t:|1759065909
|switch|p2a: Almeida|Great Tusk|65/100
|turn|10
|
|t:|1759065929
|move|p1a: Iron Crown|Psyshock|p2a: Almeida
|-supereffective|p2a: Almeida
|-damage|p2a: Almeida|0 fnt
|faint|p2a: Almeida
|-end|p2a: Almeida|Protosynthesis|[silent]
|
|upkeep
|inactive|Abribus has 120 seconds left.
|
|t:|1759065943
|switch|p2a: Nakata|Iron Boulder|100/100
|-enditem|p2a: Nakata|Booster Energy
|-activate|p2a: Nakata|ability: Quark Drive|[fromitem]
|-start|p2a: Nakata|quarkdrivespe
|turn|11
|
|t:|1759065956
|move|p2a: Nakata|Close Combat|p1a: Iron Crown
|-damage|p1a: Iron Crown|13/100
|-unboost|p2a: Nakata|def|1
|-unboost|p2a: Nakata|spd|1
|move|p1a: Iron Crown|Tachyon Cutter|p2a: Nakata
|-supereffective|p2a: Nakata
|-damage|p2a: Nakata|3/100
|-supereffective|p2a: Nakata
|-damage|p2a: Nakata|0 fnt
|faint|p2a: Nakata
|-end|p2a: Nakata|Quark Drive|[silent]
|-hitcount|p2: Nakata|2
|
|upkeep
|
|t:|1759065963
|switch|p2a: Cronus|Zapdos|100/100
|turn|12
|
|t:|1759065976
|move|p1a: Iron Crown|Psyshock|p2a: Cronus
|-damage|p2a: Cronus|61/100
|move|p2a: Cronus|U-turn|p1a: Iron Crown
|-damage|p1a: Iron Crown|6/100
|
|t:|1759065981
|switch|p2a: Robingo|Dragapult, F|100/100|[from] U-turn
|
|-sideend|p1: A King Of The Ring|move: Aurora Veil
|upkeep
|turn|13
|
|t:|1759065986
|move|p2a: Robingo|Sucker Punch|p1a: Iron Crown
|-supereffective|p1a: Iron Crown
|-damage|p1a: Iron Crown|0 fnt
|faint|p1a: Iron Crown
|-end|p1a: Iron Crown|Quark Drive|[silent]
|
|upkeep
|
|t:|1759065989
|switch|p1a: Ninetales|Ninetales-Alola, M, shiny|76/100
|-damage|p1a: Ninetales|51/100|[from] Stealth Rock
|-damage|p1a: Ninetales|39/100|[from] Spikes
|-weather|Snowscape|[from] ability: Snow Warning|[of] p1a: Ninetales
|turn|14
|
|t:|1759065991
|switch|p2a: Hattori|Iron Crown|100/100
|move|p1a: Ninetales|Aurora Veil|p1a: Ninetales
|-sidestart|p1: A King Of The Ring|move: Aurora Veil
|
|-weather|Snowscape|[upkeep]
|upkeep
|turn|15
|
|t:|1759066007
|move|p2a: Hattori|Tachyon Cutter|p1a: Ninetales
|-supereffective|p1a: Ninetales
|-damage|p1a: Ninetales|0 fnt
|faint|p1a: Ninetales
|-hitcount|p1: Ninetales|1
|
|-weather|Snowscape|[upkeep]
|upkeep
|
|t:|1759066013
|switch|p1a: Ursaluna|Ursaluna, M, shiny|100/100
|-damage|p1a: Ursaluna|94/100|[from] Stealth Rock
|-damage|p1a: Ursaluna|82/100|[from] Spikes
|turn|16
|
|t:|1759066032
|-end|p2a: Hattori|Quark Drive|[silent]
|switch|p2a: Cronus|Zapdos|61/100
|move|p1a: Ursaluna|Bulk Up|p1a: Ursaluna
|-boost|p1a: Ursaluna|atk|1
|-boost|p1a: Ursaluna|def|1
|
|-weather|Snowscape|[upkeep]
|-status|p1a: Ursaluna|brn|[from] item: Flame Orb
|upkeep
|turn|17
|
|t:|1759066035
|move|p2a: Cronus|Hurricane|p1a: Ursaluna
|-damage|p1a: Ursaluna|62/100 brn
|move|p1a: Ursaluna|Earthquake|p2a: Cronus
|-immune|p2a: Cronus
|
|-weather|Snowscape|[upkeep]
|-damage|p1a: Ursaluna|55/100 brn|[from] brn
|upkeep
|turn|18
|
|t:|1759066039
|move|p2a: Cronus|Hurricane|p1a: Ursaluna|[miss]
|-miss|p2a: Cronus|p1a: Ursaluna
|move|p1a: Ursaluna|Facade|p2a: Cronus
|-damage|p2a: Cronus|0 fnt
|faint|p2a: Cronus
|
|-weather|none
|-damage|p1a: Ursaluna|49/100 brn|[from] brn
|upkeep
|inactive|Abribus has 120 seconds left.
|
|t:|1759066076
|switch|p2a: Robingo|Dragapult, F|100/100
|turn|19
|
|t:|1759066088
|move|p2a: Robingo|Dragon Darts|p1a: Ursaluna
|-damage|p1a: Ursaluna|39/100 brn
|-anim|p2a: Robingo|Dragon Darts|p1a: Ursaluna
|-damage|p1a: Ursaluna|30/100 brn
|move|p1a: Ursaluna|Earthquake|p2a: Robingo
|-damage|p2a: Robingo|0 fnt
|faint|p2a: Robingo
|
|-damage|p1a: Ursaluna|24/100 brn|[from] brn
|upkeep
|
|t:|1759066090
|switch|p2a: Hattori|Iron Crown|100/100
|turn|20
|
|t:|1759066097
|move|p2a: Hattori|Tachyon Cutter|p1a: Ursaluna
|-damage|p1a: Ursaluna|6/100 brn
|-damage|p1a: Ursaluna|0 fnt
|faint|p1a: Ursaluna
|-hitcount|p1: Ursaluna|2
|
|upkeep
|
|t:|1759066110
|switch|p1a: Kyurem|Kyurem|100/100
|-damage|p1a: Kyurem|76/100|[from] Stealth Rock
|-damage|p1a: Kyurem|63/100|[from] Spikes
|-ability|p1a: Kyurem|Pressure
|turn|21
|
|t:|1759066114
|-terastallize|p2a: Hattori|Steel
|move|p2a: Hattori|Tachyon Cutter|p1a: Kyurem
|-supereffective|p1a: Kyurem
|-damage|p1a: Kyurem|18/100
|-supereffective|p1a: Kyurem
|-damage|p1a: Kyurem|0 fnt
|faint|p1a: Kyurem
|-hitcount|p1: Kyurem|2
|
|-sideend|p1: A King Of The Ring|move: Aurora Veil
|upkeep
|
|t:|1759066118
|switch|p1a: Comfey|Comfey, M, shiny|100/100
|-damage|p1a: Comfey|88/100|[from] Stealth Rock
|-damage|p1a: Comfey|75/100|[from] Spikes
|turn|22
|
|t:|1759066120
|-terastallize|p1a: Comfey|Ground
|move|p2a: Hattori|Tachyon Cutter|p1a: Comfey
|-damage|p1a: Comfey|18/100
|-damage|p1a: Comfey|0 fnt
|faint|p1a: Comfey
|-hitcount|p1: Comfey|2
|
|win|Abribus
|raw|A King Of The Ring's rating: 1600 &rarr; <strong>1580</strong><br />(-20 for losing)
|raw|Abribus's rating: 1603 &rarr; <strong>1623</strong><br />(+20 for winning)
|c|☆A King Of The Ring|ggg'
|l|☆A King Of The Ring
|player|p1|
|c|☆Abribus|Gg and sorry
|l|☆Abribus
|player|p2|
