|j|☆yolopirate22
|j|☆piranho70yt
|t:|1759060077
|gametype|singles
|player|p1|yolopirate22|ethan|
|player|p2|piranho70yt|red|
|gen|9
|tier|[Gen 9] OU
|rule|HP Percentage Mod: HP is shown in percentages
|rule|Endless Battle Clause: Forcing endless battles is banned
|rule|Species Clause: Limit one of each Pokémon
|rule|OHKO Clause: OHKO moves are banned
|rule|Evasion Items Clause: Evasion items are banned
|rule|Evasion Moves Clause: Evasion moves are banned
|rule|Evasion Abilities Clause: Evasion abilities are banned
|rule|Sleep Moves Clause: Sleep-inducing moves are banned
|clearpoke
|poke|p1|Charizard, M|
|poke|p1|Garchomp, F|
|poke|p1|Gengar, F|
|poke|p1|Swampert, F|
|poke|p1|Metagross|
|poke|p1|Blaziken, M|
|poke|p2|Pikachu-Partner, M|
|poke|p2|Espeon, F|
|poke|p2|Charizard, M|
|poke|p2|Sceptile, M|
|poke|p2|Lucario, M|
|poke|p2|Greninja-*, M|
|teampreview
|
|t:|1759060102
|teamsize|p1|6
|teamsize|p2|6
|start
|switch|p1a: Gengar|Gengar, F|100/100
|switch|p2a: Pikachu|Pikachu-Partner, M|100/100
|turn|1
|
|t:|1759060113
|-terastallize|p2a: Pikachu|Electric
|move|p1a: Gengar|Sucker Punch|p2a: Pikachu
|-damage|p2a: Pikachu|57/100
|move|p2a: Pikachu|Volt Switch|p1a: Gengar
|-damage|p1a: Gengar|9/100
|-start|p2a: Pikachu|Disable|Volt Switch|[from] ability: Cursed Body|[of] p1a: Gengar
|
|t:|1759060125
|switch|p2a: Greninja|Greninja, M|100/100|[from] Volt Switch
|
|upkeep
|turn|2
|
|t:|1759060131
|move|p2a: Greninja|Dark Pulse|p1a: Gengar
|-supereffective|p1a: Gengar
|-damage|p1a: Gengar|0 fnt
|-start|p2a: Greninja|Disable|Dark Pulse|[from] ability: Cursed Body|[of] p1a: Gengar
|faint|p1a: Gengar
|-ability|p2a: Greninja|Battle Bond|boost
|-boost|p2a: Greninja|atk|1
|-boost|p2a: Greninja|spa|1
|-boost|p2a: Greninja|spe|1
|-activate|p2a: Greninja|ability: Battle Bond
|
|upkeep
|
|t:|1759060141
|switch|p1a: Metagross|Metagross|100/100
|-item|p1a: Metagross|Air Balloon
|turn|3
|
|t:|1759060147
|move|p2a: Greninja|Surf|p1a: Metagross
|-damage|p1a: Metagross|25/100
|-enditem|p1a: Metagross|Air Balloon
|move|p1a: Metagross|Earthquake|p2a: Greninja
|-damage|p2a: Greninja|50/100
|
|upkeep
|turn|4
|
|t:|1759060155
|move|p2a: Greninja|Surf|p1a: Metagross
|-damage|p1a: Metagross|0 fnt
|faint|p1a: Metagross
|
|upkeep
|
|t:|1759060162
|switch|p1a: Swampert|Swampert, F|100/100
|turn|5
|
|t:|1759060168
|switch|p2a: Sceptile|Sceptile, M|100/100
|move|p1a: Swampert|Body Slam|p2a: Sceptile
|-damage|p2a: Sceptile|58/100
|
|upkeep
|turn|6
|
|t:|1759060176
|move|p2a: Sceptile|Leaf Storm|p1a: Swampert
|-supereffective|p1a: Swampert
|-damage|p1a: Swampert|0 fnt
|-unboost|p2a: Sceptile|spa|2
|faint|p1a: Swampert
|
|upkeep
|
|t:|1759060183
|switch|p1a: Charizard|Charizard, M|100/100
|turn|7
|
|t:|1759060189
|move|p2a: Sceptile|Aerial Ace|p1a: Charizard
|-damage|p1a: Charizard|88/100
|move|p1a: Charizard|Flamethrower|p2a: Sceptile
|-supereffective|p2a: Sceptile
|-damage|p2a: Sceptile|0 fnt
|faint|p2a: Sceptile
|
|upkeep
|
|t:|1759060197
|switch|p2a: Lucario|Lucario, M|100/100
|turn|8
|
|t:|1759060201
|move|p2a: Lucario|Rock Slide|p1a: Charizard
|-supereffective|p1a: Charizard
|-damage|p1a: Charizard|0 fnt
|faint|p1a: Charizard
|
|upkeep
|
|t:|1759060207
|switch|p1a: Garchomp|Garchomp, F|100/100
|turn|9
|
|t:|1759060214
|move|p2a: Lucario|Psychic|p1a: Garchomp
|-damage|p1a: Garchomp|88/100
|move|p1a: Garchomp|Earthquake|p2a: Lucario
|-supereffective|p2a: Lucario
|-damage|p2a: Lucario|0 fnt
|faint|p2a: Lucario
|
|upkeep
|
|t:|1759060225
|switch|p2a: Espeon|Espeon, F|100/100
|turn|10
|
|t:|1759060229
|move|p2a: Espeon|Dazzling Gleam|p1a: Garchomp
|-supereffective|p1a: Garchomp
|-damage|p1a: Garchomp|52/100
|move|p1a: Garchomp|Shadow Claw|p2a: Espeon
|-supereffective|p2a: Espeon
|-crit|p2a: Espeon
|-damage|p2a: Espeon|0 fnt
|faint|p2a: Espeon
|
|upkeep
|
|t:|1759060238
|switch|p2a: Greninja|Greninja, M|50/100
|turn|11
|
|t:|1759060243
|move|p2a: Greninja|Ice Beam|p1a: Garchomp
|-supereffective|p1a: Garchomp
|-damage|p1a: Garchomp|0 fnt
|faint|p1a: Garchomp
|
|upkeep
|
|t:|1759060249
|switch|p1a: Blaziken|Blaziken, M|100/100
|turn|12
|
|t:|1759060253
|move|p2a: Greninja|Surf|p1a: Blaziken
|-supereffective|p1a: Blaziken
|-enditem|p1a: Blaziken|Focus Sash
|-damage|p1a: Blaziken|1/100
|move|p1a: Blaziken|Close Combat|p2a: Greninja
|-supereffective|p2a: Greninja
|-damage|p2a: Greninja|0 fnt
|-unboost|p1a: Blaziken|def|1
|-unboost|p1a: Blaziken|spd|1
|faint|p2a: Greninja
|
|-ability|p1a: Blaziken|Speed Boost|boost
|-boost|p1a: Blaziken|spe|1
|upkeep
|
|t:|1759060265
|switch|p2a: Pikachu|Pikachu-Partner, M, tera:Electric|57/100
|turn|13
|
|t:|1759060270
|move|p1a: Blaziken|Close Combat|p2a: Pikachu
|-damage|p2a: Pikachu|0 fnt
|-unboost|p1a: Blaziken|def|1
|-unboost|p1a: Blaziken|spd|1
|-status|p1a: Blaziken|par|[from] ability: Static|[of] p2a: Pikachu
|faint|p2a: Pikachu
|
|-ability|p1a: Blaziken|Speed Boost|boost
|-boost|p1a: Blaziken|spe|1
|upkeep
|
|t:|1759060278
|switch|p2a: Charizard|Charizard, M|100/100
|turn|14
|
|t:|1759060285
|move|p2a: Charizard|Air Slash|p1a: Blaziken|[miss]
|-miss|p2a: Charizard|p1a: Blaziken
|cant|p1a: Blaziken|par
|
|-ability|p1a: Blaziken|Speed Boost|boost
|-boost|p1a: Blaziken|spe|1
|upkeep
|turn|15
|
|t:|1759060293
|move|p2a: Charizard|Air Slash|p1a: Blaziken
|-supereffective|p1a: Blaziken
|-damage|p1a: Blaziken|0 fnt
|faint|p1a: Blaziken
|
|win|piranho70yt
|c|☆piranho70yt|gg bro
