|j|☆Voltaris33
|j|☆Charle_phate
|t:|1758947325
|gametype|singles
|player|p1|Voltaris33|unknown|1466
|player|p2|Charle_phate|blue|1475
|gen|9
|tier|[Gen 9] OU
|rated|
|rule|HP Percentage Mod: HP is shown in percentages
|rule|Endless Battle Clause: Forcing endless battles is banned
|rule|Species Clause: Limit one of each Pokémon
|rule|OHKO Clause: OHKO moves are banned
|rule|Evasion Items Clause: Evasion items are banned
|rule|Evasion Moves Clause: Evasion moves are banned
|rule|Evasion Abilities Clause: Evasion abilities are banned
|rule|Sleep Moves Clause: Sleep-inducing moves are banned
|clearpoke
|poke|p1|Garchomp, M|
|poke|p1|Moltres-Galar|
|poke|p1|Tyranitar, F|
|poke|p1|Noivern, F|
|poke|p1|Ceruledge, F|
|poke|p1|Zapdos|
|poke|p2|Serperior, F|
|poke|p2|Rotom-Wash|
|poke|p2|Zapdos|
|poke|p2|Heatran, F|
|poke|p2|Clefable, M|
|poke|p2|Landorus-Therian, M|
|teampreview
|inactive|Battle timer is ON: inactive players will automatically lose when time's up. (requested by Voltaris33)
|
|t:|1758947350
|teamsize|p1|6
|teamsize|p2|6
|start
|switch|p1a: Noivern|Noivern, F|100/100
|switch|p2a: Rotom|Rotom-Wash|100/100
|turn|1
|
|t:|1758947369
|move|p1a: Noivern|Taunt|p2a: Rotom
|-start|p2a: Rotom|move: Taunt
|cant|p2a: Rotom|move: Taunt|Thunder Wave
|
|upkeep
|turn|2
|inactive|Charle_phate has 120 seconds left.
|
|t:|1758947418
|move|p1a: Noivern|U-turn|p2a: Rotom
|-damage|p2a: Rotom|89/100
|
|t:|1758947422
|switch|p1a: Garchomp|Garchomp, M|100/100|[from] U-turn
|move|p2a: Rotom|Charge Beam|p1a: Garchomp
|-immune|p1a: Garchomp
|
|-heal|p2a: Rotom|95/100|[from] item: Leftovers
|upkeep
|turn|3
|inactive|Charle_phate has 90 seconds left.
|
|t:|1758947454
|move|p1a: Garchomp|Swords Dance|p1a: Garchomp
|-boost|p1a: Garchomp|atk|2
|move|p2a: Rotom|Hydro Pump|p1a: Garchomp
|-damage|p1a: Garchomp|55/100
|
|-heal|p2a: Rotom|100/100|[from] item: Leftovers
|-end|p2a: Rotom|move: Taunt
|upkeep
|turn|4
|inactive|Charle_phate has 90 seconds left.
|
|t:|1758947476
|move|p1a: Garchomp|Scale Shot|p2a: Rotom
|-damage|p2a: Rotom|76/100
|-damage|p2a: Rotom|51/100
|-damage|p2a: Rotom|28/100
|-damage|p2a: Rotom|1/100
|-damage|p2a: Rotom|0 fnt
|faint|p2a: Rotom
|-hitcount|p2: Rotom|5
|-unboost|p1a: Garchomp|def|1
|-boost|p1a: Garchomp|spe|1
|
|upkeep
|inactive|Charle_phate has 60 seconds left.
|inactive|Charle_phate has 30 seconds left.
|
|t:|1758947535
|switch|p2a: Landorus|Landorus-Therian, M|100/100
|-ability|p2a: Landorus|Intimidate|boost
|-unboost|p1a: Garchomp|atk|1
|turn|5
|inactive|Charle_phate has 30 seconds left.
|inactive|Charle_phate has 20 seconds left.
|
|t:|1758947552
|switch|p1a: Noivern|Noivern, F|100/100
|move|p2a: Landorus|Earthquake|p1a: Noivern
|-immune|p1a: Noivern
|
|upkeep
|turn|6
|inactive|Charle_phate has 30 seconds left this turn.
|
|t:|1758947557
|switch|p2a: Zapdos|Zapdos|100/100
|move|p1a: Noivern|Taunt|p2a: Zapdos
|-start|p2a: Zapdos|move: Taunt
|
|upkeep
|turn|7
|
|t:|1758947560
|switch|p1a: Garchomp|Garchomp, M|55/100
|move|p2a: Zapdos|Ancient Power|p1a: Garchomp
|-resisted|p1a: Garchomp
|-damage|p1a: Garchomp|46/100
|
|upkeep
|turn|8
|
|t:|1758947562
|move|p1a: Garchomp|Scale Shot|p2a: Zapdos
|-crit|p2a: Zapdos
|-damage|p2a: Zapdos|82/100
|-damage|p2a: Zapdos|69/100
|-damage|p2a: Zapdos|57/100
|-damage|p2a: Zapdos|46/100
|-damage|p2a: Zapdos|32/100
|-hitcount|p2a: Zapdos|5
|-unboost|p1a: Garchomp|def|1
|-boost|p1a: Garchomp|spe|1
|move|p2a: Zapdos|Heat Wave|p1a: Garchomp
|-resisted|p1a: Garchomp
|-crit|p1a: Garchomp
|-damage|p1a: Garchomp|24/100
|-status|p1a: Garchomp|brn
|
|-heal|p2a: Zapdos|39/100|[from] item: Leftovers
|-damage|p1a: Garchomp|18/100 brn|[from] brn
|-end|p2a: Zapdos|move: Taunt
|upkeep
|turn|9
|
|t:|1758947566
|move|p1a: Garchomp|Scale Shot|p2a: Zapdos
|-damage|p2a: Zapdos|33/100
|-damage|p2a: Zapdos|26/100
|-crit|p2a: Zapdos
|-damage|p2a: Zapdos|16/100
|-damage|p2a: Zapdos|10/100
|-damage|p2a: Zapdos|4/100
|-hitcount|p2a: Zapdos|5
|-unboost|p1a: Garchomp|def|1
|-boost|p1a: Garchomp|spe|1
|move|p2a: Zapdos|Roost|p2a: Zapdos
|-heal|p2a: Zapdos|54/100
|-singleturn|p2a: Zapdos|move: Roost
|
|-heal|p2a: Zapdos|60/100|[from] item: Leftovers
|-damage|p1a: Garchomp|12/100 brn|[from] brn
|upkeep
|turn|10
|
|t:|1758947569
|move|p1a: Garchomp|Swords Dance|p1a: Garchomp
|-boost|p1a: Garchomp|atk|2
|move|p2a: Zapdos|Ancient Power|p1a: Garchomp
|-resisted|p1a: Garchomp
|-damage|p1a: Garchomp|3/100 brn
|
|-heal|p2a: Zapdos|67/100|[from] item: Leftovers
|-damage|p1a: Garchomp|0 fnt|[from] brn
|faint|p1a: Garchomp
|upkeep
|
|t:|1758947574
|switch|p1a: Tyranitar|Tyranitar, F|100/100
|-weather|Sandstorm|[from] ability: Sand Stream|[of] p1a: Tyranitar
|turn|11
|inactive|Charle_phate has 60 seconds left.
|
|t:|1758947615
|switch|p2a: Landorus|Landorus-Therian, M|100/100
|-ability|p2a: Landorus|Intimidate|boost
|-unboost|p1a: Tyranitar|atk|1
|move|p1a: Tyranitar|Dragon Dance|p1a: Tyranitar
|-boost|p1a: Tyranitar|atk|1
|-boost|p1a: Tyranitar|spe|1
|
|-weather|Sandstorm|[upkeep]
|upkeep
|turn|12
|
|t:|1758947626
|move|p1a: Tyranitar|Ice Punch|p2a: Landorus
|-supereffective|p2a: Landorus
|-damage|p2a: Landorus|0 fnt
|faint|p2a: Landorus
|-damage|p1a: Tyranitar|91/100|[from] item: Life Orb
|
|-weather|Sandstorm|[upkeep]
|upkeep
|
|t:|1758947643
|switch|p2a: Serperior|Serperior, F|100/100
|turn|13
|
|t:|1758947648
|move|p2a: Serperior|Substitute|p2a: Serperior
|-start|p2a: Serperior|Substitute
|-damage|p2a: Serperior|75/100
|move|p1a: Tyranitar|Ice Punch|p2a: Serperior
|-supereffective|p2a: Serperior
|-end|p2a: Serperior|Substitute
|-damage|p1a: Tyranitar|81/100|[from] item: Life Orb
|
|-weather|Sandstorm|[upkeep]
|-damage|p2a: Serperior|69/100|[from] Sandstorm
|-heal|p2a: Serperior|75/100|[from] item: Leftovers
|upkeep
|turn|14
|
|t:|1758947673
|move|p2a: Serperior|Substitute|p2a: Serperior
|-start|p2a: Serperior|Substitute
|-damage|p2a: Serperior|50/100
|move|p1a: Tyranitar|Ice Punch|p2a: Serperior
|-supereffective|p2a: Serperior
|-end|p2a: Serperior|Substitute
|-damage|p1a: Tyranitar|71/100|[from] item: Life Orb
|
|-weather|Sandstorm|[upkeep]
|-damage|p2a: Serperior|44/100|[from] Sandstorm
|-heal|p2a: Serperior|50/100|[from] item: Leftovers
|upkeep
|turn|15
|
|t:|1758947677
|move|p2a: Serperior|Substitute|p2a: Serperior
|-start|p2a: Serperior|Substitute
|-damage|p2a: Serperior|25/100
|move|p1a: Tyranitar|Ice Punch|p2a: Serperior
|-supereffective|p2a: Serperior
|-end|p2a: Serperior|Substitute
|-damage|p1a: Tyranitar|61/100|[from] item: Life Orb
|
|-weather|none
|-heal|p2a: Serperior|32/100|[from] item: Leftovers
|upkeep
|turn|16
|
|t:|1758947681
|move|p2a: Serperior|Substitute|p2a: Serperior
|-start|p2a: Serperior|Substitute
|-damage|p2a: Serperior|7/100
|move|p1a: Tyranitar|Ice Punch|p2a: Serperior
|-supereffective|p2a: Serperior
|-end|p2a: Serperior|Substitute
|-damage|p1a: Tyranitar|51/100|[from] item: Life Orb
|
|-heal|p2a: Serperior|13/100|[from] item: Leftovers
|upkeep
|turn|17
|
|t:|1758947690
|move|p2a: Serperior|Leaf Storm|p1a: Tyranitar
|-supereffective|p1a: Tyranitar
|-damage|p1a: Tyranitar|0 fnt
|-boost|p2a: Serperior|spa|2
|faint|p1a: Tyranitar
|
|-heal|p2a: Serperior|19/100|[from] item: Leftovers
|upkeep
|
|t:|1758947692
|switch|p1a: Ceruledge|Ceruledge, F|100/100
|turn|18
|
|t:|1758947699
|move|p1a: Ceruledge|Shadow Sneak|p2a: Serperior
|-damage|p2a: Serperior|0 fnt
|faint|p2a: Serperior
|
|upkeep
|
|t:|1758947702
|switch|p2a: Zapdos|Zapdos|67/100
|turn|19
|
|t:|1758947709
|move|p1a: Ceruledge|Swords Dance|p1a: Ceruledge
|-boost|p1a: Ceruledge|atk|2
|move|p2a: Zapdos|Ancient Power|p1a: Ceruledge
|-supereffective|p1a: Ceruledge
|-damage|p1a: Ceruledge|61/100
|
|-heal|p2a: Zapdos|73/100|[from] item: Leftovers
|upkeep
|turn|20
|
|t:|1758947716
|move|p1a: Ceruledge|Bitter Blade|p2a: Zapdos
|-damage|p2a: Zapdos|0 fnt
|-heal|p1a: Ceruledge|100/100|[from] drain|[of] p2a: Zapdos
|-status|p1a: Ceruledge|par|[from] ability: Static|[of] p2a: Zapdos
|faint|p2a: Zapdos
|
|upkeep
|
|t:|1758947718
|switch|p2a: Heatran|Heatran, F|100/100
|turn|21
|
|t:|1758947723
|move|p2a: Heatran|Substitute|p2a: Heatran
|-start|p2a: Heatran|Substitute
|-damage|p2a: Heatran|76/100
|cant|p1a: Ceruledge|par
|
|-heal|p2a: Heatran|82/100|[from] item: Leftovers
|upkeep
|turn|22
|
|t:|1758947736
|move|p1a: Ceruledge|Shadow Sneak|p2a: Heatran
|-end|p2a: Heatran|Substitute
|move|p2a: Heatran|Ancient Power|p1a: Ceruledge
|-supereffective|p1a: Ceruledge
|-damage|p1a: Ceruledge|57/100 par
|
|-heal|p2a: Heatran|88/100|[from] item: Leftovers
|upkeep
|turn|23
|
|t:|1758947741
|cant|p1a: Ceruledge|par
|move|p2a: Heatran|Substitute|p2a: Heatran
|-start|p2a: Heatran|Substitute
|-damage|p2a: Heatran|63/100
|
|-heal|p2a: Heatran|69/100|[from] item: Leftovers
|upkeep
|turn|24
|inactive|Charle_phate has 120 seconds left.
|
|t:|1758947754
|move|p1a: Ceruledge|Shadow Sneak|p2a: Heatran
|-end|p2a: Heatran|Substitute
|move|p2a: Heatran|Ancient Power|p1a: Ceruledge
|-supereffective|p1a: Ceruledge
|-damage|p1a: Ceruledge|17/100 par
|
|-heal|p2a: Heatran|76/100|[from] item: Leftovers
|upkeep
|turn|25
|
|t:|1758947759
|cant|p1a: Ceruledge|par
|move|p2a: Heatran|Substitute|p2a: Heatran
|-start|p2a: Heatran|Substitute
|-damage|p2a: Heatran|51/100
|
|-heal|p2a: Heatran|57/100|[from] item: Leftovers
|upkeep
|turn|26
|
|t:|1758947762
|move|p1a: Ceruledge|Shadow Sneak|p2a: Heatran
|-end|p2a: Heatran|Substitute
|move|p2a: Heatran|Ancient Power|p1a: Ceruledge
|-supereffective|p1a: Ceruledge
|-damage|p1a: Ceruledge|0 fnt
|faint|p1a: Ceruledge
|
|-heal|p2a: Heatran|63/100|[from] item: Leftovers
|upkeep
|
|t:|1758947765
|switch|p1a: Zapdos|Zapdos|100/100
|turn|27
|
|t:|1758947774
|move|p1a: Zapdos|Thunder Wave|p2a: Heatran
|-status|p2a: Heatran|par
|move|p2a: Heatran|Substitute|p2a: Heatran
|-start|p2a: Heatran|Substitute
|-damage|p2a: Heatran|38/100 par
|
|-heal|p2a: Heatran|45/100 par|[from] item: Leftovers
|upkeep
|turn|28
|
|t:|1758947779
|move|p1a: Zapdos|Volt Switch|p2a: Heatran
|-end|p2a: Heatran|Substitute
|
|t:|1758947781
|switch|p1a: Noivern|Noivern, F|100/100|[from] Volt Switch
|move|p2a: Heatran|Ancient Power|p1a: Noivern
|-supereffective|p1a: Noivern
|-damage|p1a: Noivern|53/100
|
|-heal|p2a: Heatran|51/100 par|[from] item: Leftovers
|upkeep
|turn|29
|
|t:|1758947785
|move|p1a: Noivern|Taunt|p2a: Heatran
|-start|p2a: Heatran|move: Taunt
|move|p2a: Heatran|Ancient Power|p1a: Noivern
|-supereffective|p1a: Noivern
|-damage|p1a: Noivern|4/100
|
|-heal|p2a: Heatran|57/100 par|[from] item: Leftovers
|upkeep
|turn|30
|
|t:|1758947788
|move|p1a: Noivern|Draco Meteor|p2a: Heatran
|-resisted|p2a: Heatran
|-damage|p2a: Heatran|41/100 par
|-unboost|p1a: Noivern|spa|2
|cant|p2a: Heatran|par
|
|-heal|p2a: Heatran|48/100 par|[from] item: Leftovers
|upkeep
|turn|31
|
|t:|1758947793
|move|p1a: Noivern|Draco Meteor|p2a: Heatran|[miss]
|-miss|p1a: Noivern|p2a: Heatran
|move|p2a: Heatran|Ancient Power|p1a: Noivern
|-supereffective|p1a: Noivern
|-damage|p1a: Noivern|0 fnt
|faint|p1a: Noivern
|
|-heal|p2a: Heatran|54/100 par|[from] item: Leftovers
|-end|p2a: Heatran|move: Taunt
|upkeep
|
|t:|1758947802
|switch|p1a: Moltres|Moltres-Galar|100/100
|turn|32
|
|t:|1758947805
|move|p1a: Moltres|Agility|p1a: Moltres
|-boost|p1a: Moltres|spe|2
|move|p2a: Heatran|Ancient Power|p1a: Moltres
|-supereffective|p1a: Moltres
|-damage|p1a: Moltres|72/100
|-enditem|p1a: Moltres|Weakness Policy
|-boost|p1a: Moltres|atk|2|[from] item: Weakness Policy
|-boost|p1a: Moltres|spa|2|[from] item: Weakness Policy
|
|-heal|p2a: Heatran|60/100 par|[from] item: Leftovers
|upkeep
|turn|33
|
|t:|1758947808
|move|p1a: Moltres|Fiery Wrath|p2a: Heatran
|-crit|p2a: Heatran
|-damage|p2a: Heatran|0 fnt
|faint|p2a: Heatran
|
|upkeep
|-message|Charle_phate forfeited.
|
|win|Voltaris33
|raw|Voltaris33's rating: 1479 &rarr; <strong>1497</strong><br />(+18 for winning)
|raw|Charle_phate's rating: 1452 &rarr; <strong>1434</strong><br />(-18 for losing)
|l|☆Charle_phate
|player|p2|
|l|☆Voltaris33
|player|p1|
