|j|☆thisisjake
|j|☆BigG5
|t:|1759006203
|gametype|singles
|player|p1|thisisjake|crasherwake|1744
|player|p2|BigG5|2|1663
|gen|9
|tier|[Gen 9] OU
|rated|
|rule|HP Percentage Mod: HP is shown in percentages
|rule|Endless Battle Clause: Forcing endless battles is banned
|rule|Species Clause: Limit one of each Pokémon
|rule|OHKO Clause: OHKO moves are banned
|rule|Evasion Items Clause: Evasion items are banned
|rule|Evasion Moves Clause: Evasion moves are banned
|rule|Evasion Abilities Clause: Evasion abilities are banned
|rule|Sleep Moves Clause: Sleep-inducing moves are banned
|clearpoke
|poke|p1|Ogerpon-Wellspring, F|
|poke|p1|Cloyster, F|
|poke|p1|Ninetales-Alola, F|
|poke|p1|Polteageist|
|poke|p1|Iron Treads|
|poke|p1|Dragonite, M|
|poke|p2|Pelipper, F|
|poke|p2|Moltres|
|poke|p2|Basculegion, M|
|poke|p2|Raging Bolt|
|poke|p2|Iron Treads|
|poke|p2|Keldeo|
|teampreview
|inactive|Battle timer is ON: inactive players will automatically lose when time's up. (requested by thisisjake)
|
|t:|1759006224
|teamsize|p1|6
|teamsize|p2|6
|start
|switch|p1a: Iron Treads|Iron Treads|100/100
|switch|p2a: Iron Treads|Iron Treads|100/100
|-item|p2a: Iron Treads|Air Balloon
|-enditem|p1a: Iron Treads|Booster Energy
|-activate|p1a: Iron Treads|ability: Quark Drive|[fromitem]
|-start|p1a: Iron Treads|quarkdrivespe
|turn|1
|
|t:|1759006253
|-end|p2a: Iron Treads|Quark Drive|[silent]
|switch|p2a: Pelipper|Pelipper, F|100/100
|-weather|RainDance|[from] ability: Drizzle|[of] p2a: Pelipper
|move|p1a: Iron Treads|Stealth Rock|p2a: Pelipper
|-sidestart|p2: BigG5|move: Stealth Rock
|
|-weather|RainDance|[upkeep]
|upkeep
|turn|2
|
|t:|1759006258
|switch|p2a: Iron Treads|Iron Treads|100/100
|-damage|p2a: Iron Treads|97/100|[from] Stealth Rock
|-item|p2a: Iron Treads|Air Balloon
|move|p1a: Iron Treads|Steel Beam|p2a: Iron Treads
|-resisted|p2a: Iron Treads
|-damage|p2a: Iron Treads|67/100
|-enditem|p2a: Iron Treads|Air Balloon
|-damage|p1a: Iron Treads|50/100|[from] steelbeam
|
|-weather|RainDance|[upkeep]
|upkeep
|turn|3
|
|t:|1759006266
|move|p1a: Iron Treads|Earth Power|p2a: Iron Treads
|-supereffective|p2a: Iron Treads
|-crit|p2a: Iron Treads
|-damage|p2a: Iron Treads|0 fnt
|faint|p2a: Iron Treads
|-end|p2a: Iron Treads|Quark Drive|[silent]
|
|-weather|RainDance|[upkeep]
|upkeep
|
|t:|1759006270
|switch|p2a: Basculegion|Basculegion, M, shiny|100/100
|-damage|p2a: Basculegion|88/100|[from] Stealth Rock
|turn|4
|
|t:|1759006276
|-terastallize|p2a: Basculegion|Ghost
|move|p2a: Basculegion|Tera Blast|p1a: Iron Treads|[anim] Tera Blast Ghost
|-damage|p1a: Iron Treads|0 fnt
|faint|p1a: Iron Treads
|-end|p1a: Iron Treads|Quark Drive|[silent]
|
|-weather|RainDance|[upkeep]
|upkeep
|
|t:|1759006282
|switch|p1a: Ninetales|Ninetales-Alola, F|100/100
|-weather|Snowscape|[from] ability: Snow Warning|[of] p1a: Ninetales
|turn|5
|
|t:|1759006292
|move|p1a: Ninetales|Freeze-Dry|p2a: Basculegion
|-damage|p2a: Basculegion|56/100
|move|p2a: Basculegion|Tera Blast|p1a: Ninetales|[anim] Tera Blast Ghost
|-damage|p1a: Ninetales|31/100
|
|-weather|Snowscape|[upkeep]
|upkeep
|turn|6
|
|t:|1759006295
|move|p1a: Ninetales|Aurora Veil|p1a: Ninetales
|-sidestart|p1: thisisjake|move: Aurora Veil
|move|p2a: Basculegion|Tera Blast|p1a: Ninetales|[anim] Tera Blast Ghost
|-damage|p1a: Ninetales|0 fnt
|faint|p1a: Ninetales
|
|-weather|Snowscape|[upkeep]
|upkeep
|
|t:|1759006300
|switch|p1a: Cloyster|Cloyster, F|100/100
|turn|7
|
|t:|1759006307
|switch|p2a: Keldeo|Keldeo|100/100
|move|p1a: Cloyster|Shell Smash|p1a: Cloyster
|-unboost|p1a: Cloyster|def|1
|-unboost|p1a: Cloyster|spd|1
|-boost|p1a: Cloyster|atk|2
|-boost|p1a: Cloyster|spa|2
|-boost|p1a: Cloyster|spe|2
|
|-weather|Snowscape|[upkeep]
|upkeep
|turn|8
|
|t:|1759006326
|-terastallize|p1a: Cloyster|Ice
|move|p1a: Cloyster|Icicle Spear|p2a: Keldeo
|-resisted|p2a: Keldeo
|-damage|p2a: Keldeo|79/100
|-resisted|p2a: Keldeo
|-damage|p2a: Keldeo|59/100
|-resisted|p2a: Keldeo
|-damage|p2a: Keldeo|40/100
|-resisted|p2a: Keldeo
|-damage|p2a: Keldeo|19/100
|-resisted|p2a: Keldeo
|-damage|p2a: Keldeo|0 fnt
|faint|p2a: Keldeo
|-hitcount|p2: Keldeo|5
|
|-weather|Snowscape|[upkeep]
|upkeep
|
|t:|1759006343
|switch|p2a: Pelipper|Pelipper, F|100/100
|-damage|p2a: Pelipper|76/100|[from] Stealth Rock
|-weather|RainDance|[from] ability: Drizzle|[of] p2a: Pelipper
|turn|9
|
|t:|1759006351
|move|p1a: Cloyster|Icicle Spear|p2a: Pelipper
|-damage|p2a: Pelipper|44/100
|-damage|p2a: Pelipper|14/100
|-damage|p2a: Pelipper|0 fnt
|faint|p2a: Pelipper
|-hitcount|p2: Pelipper|3
|
|-weather|RainDance|[upkeep]
|upkeep
|
|t:|1759006353
|switch|p2a: Basculegion|Basculegion, M, shiny, tera:Ghost|56/100
|-damage|p2a: Basculegion|43/100|[from] Stealth Rock
|turn|10
|
|t:|1759006359
|move|p1a: Cloyster|Ice Shard|p2a: Basculegion
|-damage|p2a: Basculegion|0 fnt
|faint|p2a: Basculegion
|
|-weather|RainDance|[upkeep]
|upkeep
|
|t:|1759006362
|switch|p2a: Raging Bolt|Raging Bolt|100/100
|-damage|p2a: Raging Bolt|88/100|[from] Stealth Rock
|-enditem|p2a: Raging Bolt|Booster Energy
|-activate|p2a: Raging Bolt|ability: Protosynthesis|[fromitem]
|-start|p2a: Raging Bolt|protosynthesisspa
|turn|11
|
|t:|1759006373
|move|p1a: Cloyster|Ice Shard|p2a: Raging Bolt
|-supereffective|p2a: Raging Bolt
|-damage|p2a: Raging Bolt|0 fnt
|faint|p2a: Raging Bolt
|-end|p2a: Raging Bolt|Protosynthesis|[silent]
|
|-weather|RainDance|[upkeep]
|upkeep
|
|t:|1759006376
|switch|p2a: Moltres|Moltres|100/100
|turn|12
|c|☆BigG5|gg
|
|t:|1759006381
|move|p1a: Cloyster|Icicle Spear|p2a: Moltres
|-damage|p2a: Moltres|75/100
|-damage|p2a: Moltres|47/100
|-damage|p2a: Moltres|22/100
|-damage|p2a: Moltres|0 fnt
|faint|p2a: Moltres
|-hitcount|p2: Moltres|4
|
|win|thisisjake
|raw|thisisjake's rating: 1744 &rarr; <strong>1759</strong><br />(+15 for winning)
|raw|BigG5's rating: 1663 &rarr; <strong>1648</strong><br />(-15 for losing)
|l|☆BigG5
|player|p2|
|l|☆thisisjake
|player|p1|
