|j|☆Thornlebg
|j|☆rainessa
|t:|1758974781
|gametype|singles
|player|p1|Thornlebg|170|1234
|player|p2|rainessa|sisandbro|1215
|gen|9
|tier|[Gen 9] OU
|rated|
|rule|HP Percentage Mod: HP is shown in percentages
|rule|Endless Battle Clause: Forcing endless battles is banned
|rule|Species Clause: Limit one of each Pokémon
|rule|OHKO Clause: OHKO moves are banned
|rule|Evasion Items Clause: Evasion items are banned
|rule|Evasion Moves Clause: Evasion moves are banned
|rule|Evasion Abilities Clause: Evasion abilities are banned
|rule|Sleep Moves Clause: Sleep-inducing moves are banned
|clearpoke
|poke|p1|Torkoal, F|
|poke|p1|Hatterene, F|
|poke|p1|Raging Bolt|
|poke|p1|Slither Wing|
|poke|p1|Venusaur, F|
|poke|p1|Walking Wake|
|poke|p2|Rotom-Wash|
|poke|p2|Dragapult, F|
|poke|p2|Zoroark, M|
|poke|p2|Infernape, F|
|poke|p2|Cinderace, F|
|poke|p2|Kingambit, M|
|teampreview
|inactive|Battle timer is ON: inactive players will automatically lose when time's up. (requested by Thornlebg)
|
|t:|1758974801
|teamsize|p1|6
|teamsize|p2|6
|start
|switch|p1a: Torkoal|Torkoal, F|100/100
|switch|p2a: Harrier Du Bois|Dragapult, F|100/100
|-weather|SunnyDay|[from] ability: Drought|[of] p1a: Torkoal
|turn|1
|
|t:|1758974816
|move|p2a: Harrier Du Bois|Dragon Dance|p2a: Harrier Du Bois
|-boost|p2a: Harrier Du Bois|atk|1
|-boost|p2a: Harrier Du Bois|spe|1
|move|p1a: Torkoal|Overheat|p2a: Harrier Du Bois
|-resisted|p2a: Harrier Du Bois
|-damage|p2a: Harrier Du Bois|43/100
|-unboost|p1a: Torkoal|spa|2
|
|-weather|SunnyDay|[upkeep]
|upkeep
|turn|2
|c|☆rainessa|yo guess what my real name is?
|
|t:|1758974833
|move|p2a: Harrier Du Bois|Dragon Darts|p1a: Torkoal
|-damage|p1a: Torkoal|62/100
|-anim|p2a: Harrier Du Bois|Dragon Darts|p1a: Torkoal
|-damage|p1a: Torkoal|25/100
|-damage|p2a: Harrier Du Bois|33/100|[from] item: Life Orb
|move|p1a: Torkoal|Eruption|p2a: Harrier Du Bois
|-resisted|p2a: Harrier Du Bois
|-damage|p2a: Harrier Du Bois|24/100
|
|-weather|SunnyDay|[upkeep]
|upkeep
|turn|3
|c|☆Thornlebg|vanessa
|
|t:|1758974852
|switch|p1a: Hatterene|Hatterene, F|100/100
|-item|p1a: Hatterene|Air Balloon
|move|p2a: Harrier Du Bois|Phantom Force||[still]
|-prepare|p2a: Harrier Du Bois|Phantom Force
|
|-weather|SunnyDay|[upkeep]
|upkeep
|turn|4
|c|☆rainessa|womp womp
|c|☆rainessa|where would the rain come from then?
|inactive|Thornlebg has 120 seconds left.
|
|t:|1758974889
|move|p2a: Harrier Du Bois|Phantom Force|p1a: Hatterene|[from] lockedmove
|-supereffective|p1a: Hatterene
|-damage|p1a: Hatterene|0 fnt
|-enditem|p1a: Hatterene|Air Balloon
|faint|p1a: Hatterene
|-damage|p2a: Harrier Du Bois|15/100|[from] item: Life Orb
|
|-weather|SunnyDay|[upkeep]
|upkeep
|c|☆Thornlebg|you do water sports on mym
|
|t:|1758974904
|switch|p1a: Raging Bolt|Raging Bolt|100/100
|-activate|p1a: Raging Bolt|ability: Protosynthesis
|-start|p1a: Raging Bolt|protosynthesisspa
|turn|5
|
|t:|1758974932
|switch|p2a: Mona Kimura|Kingambit, M|100/100
|move|p1a: Raging Bolt|Thunderclap||[still]
|-fail|p1a: Raging Bolt
|
|-weather|SunnyDay|[upkeep]
|upkeep
|turn|6
|
|t:|1758974939
|move|p2a: Mona Kimura|Encore|p1a: Raging Bolt
|-start|p1a: Raging Bolt|Encore
|move|p1a: Raging Bolt|Thunderclap||[still]
|-fail|p1a: Raging Bolt
|
|-weather|SunnyDay|[upkeep]
|upkeep
|turn|7
|
|t:|1758974945
|move|p1a: Raging Bolt|Thunderclap||[still]
|-fail|p1a: Raging Bolt
|move|p2a: Mona Kimura|Swords Dance|p2a: Mona Kimura
|-boost|p2a: Mona Kimura|atk|2
|
|-weather|SunnyDay|[upkeep]
|upkeep
|turn|8
|
|t:|1758974950
|move|p1a: Raging Bolt|Thunderclap||[still]
|-fail|p1a: Raging Bolt
|move|p2a: Mona Kimura|Swords Dance|p2a: Mona Kimura
|-boost|p2a: Mona Kimura|atk|2
|
|-weather|none
|-end|p1a: Raging Bolt|Protosynthesis
|-end|p1a: Raging Bolt|Encore
|upkeep
|turn|9
|
|t:|1758974958
|move|p1a: Raging Bolt|Thunderclap||[still]
|-fail|p1a: Raging Bolt
|move|p2a: Mona Kimura|Encore|p1a: Raging Bolt
|-start|p1a: Raging Bolt|Encore
|
|upkeep
|turn|10
|
|t:|1758974964
|-end|p1a: Raging Bolt|Protosynthesis|[silent]
|switch|p1a: Torkoal|Torkoal, F|25/100
|-weather|SunnyDay|[from] ability: Drought|[of] p1a: Torkoal
|move|p2a: Mona Kimura|Swords Dance|p2a: Mona Kimura
|-boost|p2a: Mona Kimura|atk|2
|
|-weather|SunnyDay|[upkeep]
|upkeep
|turn|11
|
|t:|1758974972
|move|p2a: Mona Kimura|Sucker Punch|p1a: Torkoal
|-damage|p1a: Torkoal|0 fnt
|faint|p1a: Torkoal
|
|-weather|SunnyDay|[upkeep]
|upkeep
|
|t:|1758974980
|switch|p1a: Slither Wing|Slither Wing|100/100
|-activate|p1a: Slither Wing|ability: Protosynthesis
|-start|p1a: Slither Wing|protosynthesisatk
|turn|12
|
|t:|1758974988
|move|p1a: Slither Wing|First Impression|p2a: Mona Kimura
|-supereffective|p2a: Mona Kimura
|-damage|p2a: Mona Kimura|0 fnt
|replace|p2a: CobyPersin|Zoroark, M
|-end|p2a: CobyPersin|Illusion
|faint|p2a: CobyPersin
|
|-weather|SunnyDay|[upkeep]
|upkeep
|
|t:|1758974999
|switch|p2a: infer r*pe|Infernape, F|100/100
|turn|13
|
|t:|1758975009
|move|p2a: infer r*pe|Flare Blitz|p1a: Slither Wing
|-supereffective|p1a: Slither Wing
|-damage|p1a: Slither Wing|0 fnt
|faint|p1a: Slither Wing
|-end|p1a: Slither Wing|Protosynthesis|[silent]
|-damage|p2a: infer r*pe|64/100|[from] Recoil
|
|-weather|SunnyDay|[upkeep]
|upkeep
|
|t:|1758975015
|switch|p1a: Venusaur|Venusaur, F|100/100
|turn|14
|
|t:|1758975021
|-terastallize|p1a: Venusaur|Fire
|move|p1a: Venusaur|Growth|p1a: Venusaur
|-boost|p1a: Venusaur|atk|2
|-boost|p1a: Venusaur|spa|2
|move|p2a: infer r*pe|Flare Blitz|p1a: Venusaur
|-resisted|p1a: Venusaur
|-damage|p1a: Venusaur|45/100
|-damage|p2a: infer r*pe|46/100|[from] Recoil
|
|-weather|SunnyDay|[upkeep]
|upkeep
|turn|15
|
|t:|1758975030
|move|p1a: Venusaur|Giga Drain|p2a: infer r*pe
|-resisted|p2a: infer r*pe
|-damage|p2a: infer r*pe|0 fnt
|-heal|p1a: Venusaur|67/100|[from] drain|[of] p2a: infer r*pe
|faint|p2a: infer r*pe
|-damage|p1a: Venusaur|57/100|[from] item: Life Orb
|
|-weather|SunnyDay|[upkeep]
|upkeep
|
|t:|1758975037
|switch|p2a: ZA/UM|Rotom-Wash|100/100
|turn|16
|
|t:|1758975042
|move|p1a: Venusaur|Giga Drain|p2a: ZA/UM
|-supereffective|p2a: ZA/UM
|-crit|p2a: ZA/UM
|-damage|p2a: ZA/UM|0 fnt
|-heal|p1a: Venusaur|100/100|[from] drain|[of] p2a: ZA/UM
|faint|p2a: ZA/UM
|-damage|p1a: Venusaur|91/100|[from] item: Life Orb
|
|-weather|SunnyDay|[upkeep]
|upkeep
|
|t:|1758975058
|switch|p2a: Cindelaras|Cinderace, F|100/100
|turn|17
|
|t:|1758975068
|move|p1a: Venusaur|Earthquake|p2a: Cindelaras
|-supereffective|p2a: Cindelaras
|-damage|p2a: Cindelaras|0 fnt
|faint|p2a: Cindelaras
|-damage|p1a: Venusaur|81/100|[from] item: Life Orb
|
|-weather|none
|upkeep
|
|t:|1758975091
|switch|p2a: Mona Kimura|Kingambit, M|100/100
|-activate|p2a: Mona Kimura|ability: Supreme Overlord
|-start|p2a: Mona Kimura|fallen4|[silent]
|turn|18
|
|t:|1758975106
|-terastallize|p2a: Mona Kimura|Flying
|move|p1a: Venusaur|Earthquake|p2a: Mona Kimura
|-immune|p2a: Mona Kimura
|move|p2a: Mona Kimura|Swords Dance|p2a: Mona Kimura
|-boost|p2a: Mona Kimura|atk|2
|
|upkeep
|turn|19
|
|t:|1758975117
|move|p1a: Venusaur|Giga Drain|p2a: Mona Kimura
|-resisted|p2a: Mona Kimura
|-damage|p2a: Mona Kimura|58/100
|-heal|p1a: Venusaur|100/100|[from] drain|[of] p2a: Mona Kimura
|-damage|p1a: Venusaur|91/100|[from] item: Life Orb
|move|p2a: Mona Kimura|Swords Dance|p2a: Mona Kimura
|-boost|p2a: Mona Kimura|atk|2
|
|-heal|p2a: Mona Kimura|64/100|[from] item: Leftovers
|upkeep
|turn|20
|
|t:|1758975135
|move|p2a: Mona Kimura|Sucker Punch|p1a: Venusaur
|-damage|p1a: Venusaur|0 fnt
|faint|p1a: Venusaur
|
|-heal|p2a: Mona Kimura|70/100|[from] item: Leftovers
|upkeep
|
|t:|1758975140
|switch|p1a: Raging Bolt|Raging Bolt|100/100
|turn|21
|
|t:|1758975150
|move|p1a: Raging Bolt|Dragon Pulse|p2a: Mona Kimura
|-damage|p2a: Mona Kimura|6/100
|-damage|p1a: Raging Bolt|91/100|[from] item: Life Orb
|move|p2a: Mona Kimura|Reversal|p1a: Raging Bolt
|-damage|p1a: Raging Bolt|0 fnt
|faint|p1a: Raging Bolt
|-end|p1a: Raging Bolt|Protosynthesis|[silent]
|
|-heal|p2a: Mona Kimura|12/100|[from] item: Leftovers
|upkeep
|
|t:|1758975157
|switch|p1a: Walking Wake|Walking Wake|100/100
|turn|22
|
|t:|1758975165
|move|p2a: Mona Kimura|Sucker Punch|p1a: Walking Wake
|-damage|p1a: Walking Wake|0 fnt
|faint|p1a: Walking Wake
|-end|p1a: Walking Wake|Protosynthesis|[silent]
|
|win|rainessa
|raw|Thornlebg's rating: 1234 &rarr; <strong>1208</strong><br />(-26 for losing)
|raw|rainessa's rating: 1215 &rarr; <strong>1241</strong><br />(+26 for winning)
|l|☆Thornlebg
|player|p1|
|l|☆rainessa
|player|p2|
