|j|☆Pokegamer 1 here
|j|☆ee111
|t:|1758952444
|gametype|singles
|player|p1|Pokegamer 1 here|richboy|1202
|player|p2|ee111|170|1175
|gen|9
|tier|[Gen 9] OU
|rated|
|rule|HP Percentage Mod: HP is shown in percentages
|rule|Endless Battle Clause: Forcing endless battles is banned
|rule|Species Clause: Limit one of each Pokémon
|rule|OHKO Clause: OHKO moves are banned
|rule|Evasion Items Clause: Evasion items are banned
|rule|Evasion Moves Clause: Evasion moves are banned
|rule|Evasion Abilities Clause: Evasion abilities are banned
|rule|Sleep Moves Clause: Sleep-inducing moves are banned
|clearpoke
|poke|p1|Great Tusk|
|poke|p1|Ceruledge, M|
|poke|p1|Kyurem|
|poke|p1|Ditto|
|poke|p1|Slowking-Galar, F|
|poke|p1|Lilligant-Hisui, F|
|poke|p2|Kingambit, M|
|poke|p2|Salamence, M|
|poke|p2|Scizor, M|
|poke|p2|Gyarados, M|
|poke|p2|Meowscarada, F|
|poke|p2|Slowking-Galar, F|
|teampreview
|inactive|Battle timer is ON: inactive players will automatically lose when time's up. (requested by Pokegamer 1 here)
|
|t:|1758952462
|teamsize|p1|6
|teamsize|p2|6
|start
|switch|p1a: Lilligant|Lilligant-Hisui, F|100/100
|switch|p2a: Salamence|Salamence, M, shiny|100/100
|turn|1
|
|t:|1758952468
|-terastallize|p2a: Salamence|Steel
|move|p1a: Lilligant|Triple Axel|p2a: Salamence
|-resisted|p2a: Salamence
|-damage|p2a: Salamence|96/100
|-resisted|p2a: Salamence
|-damage|p2a: Salamence|85/100
|-resisted|p2a: Salamence
|-damage|p2a: Salamence|71/100
|-hitcount|p2a: Salamence|3
|-damage|p1a: Lilligant|91/100|[from] item: Life Orb
|move|p2a: Salamence|Dual Wingbeat|p1a: Lilligant
|-supereffective|p1a: Lilligant
|-damage|p1a: Lilligant|0 fnt
|faint|p1a: Lilligant
|-ability|p2a: Salamence|Moxie|boost
|-boost|p2a: Salamence|atk|1
|-hitcount|p1: Lilligant|1
|
|-heal|p2a: Salamence|77/100|[from] item: Leftovers
|upkeep
|
|t:|1758952475
|switch|p1a: Ceruledge|Ceruledge, M|100/100
|turn|2
|
|t:|1758952484
|move|p2a: Salamence|Earthquake|p1a: Ceruledge
|-supereffective|p1a: Ceruledge
|-enditem|p1a: Ceruledge|Focus Sash
|-damage|p1a: Ceruledge|1/100
|-ability|p1a: Ceruledge|Weak Armor|boost
|-unboost|p1a: Ceruledge|def|1
|-boost|p1a: Ceruledge|spe|2
|move|p1a: Ceruledge|Swords Dance|p1a: Ceruledge
|-boost|p1a: Ceruledge|atk|2
|
|-heal|p2a: Salamence|83/100|[from] item: Leftovers
|upkeep
|turn|3
|
|t:|1758952498
|switch|p2a: Slowking|Slowking-Galar, F, shiny|100/100
|move|p1a: Ceruledge|Bitter Blade|p2a: Slowking
|-damage|p2a: Slowking|17/100
|-heal|p1a: Ceruledge|48/100|[from] drain|[of] p2a: Slowking
|
|upkeep
|turn|4
|
|t:|1758952504
|move|p1a: Ceruledge|Bitter Blade|p2a: Slowking
|-damage|p2a: Slowking|0 fnt
|-heal|p1a: Ceruledge|58/100|[from] drain|[of] p2a: Slowking
|faint|p2a: Slowking
|
|upkeep
|
|t:|1758952506
|switch|p2a: Kingambit|Kingambit, M, shiny|100/100
|-activate|p2a: Kingambit|ability: Supreme Overlord
|-start|p2a: Kingambit|fallen1|[silent]
|turn|5
|
|t:|1758952510
|-terastallize|p1a: Ceruledge|Fairy
|move|p2a: Kingambit|Sucker Punch|p1a: Ceruledge
|-resisted|p1a: Ceruledge
|-damage|p1a: Ceruledge|0 fnt
|faint|p1a: Ceruledge
|
|upkeep
|
|t:|1758952518
|switch|p1a: Great Tusk|Great Tusk|100/100
|turn|6
|
|t:|1758952526
|-end|p2a: Kingambit|fallen1|[silent]
|switch|p2a: Gyarados|Gyarados, M, shiny|100/100
|move|p1a: Great Tusk|Rapid Spin|p2a: Gyarados
|-damage|p2a: Gyarados|83/100
|-boost|p1a: Great Tusk|spe|1
|
|upkeep
|turn|7
|
|t:|1758952532
|move|p1a: Great Tusk|Knock Off|p2a: Gyarados
|-damage|p2a: Gyarados|48/100
|-enditem|p2a: Gyarados|Loaded Dice|[from] move: Knock Off|[of] p1a: Great Tusk
|move|p2a: Gyarados|Waterfall|p1a: Great Tusk
|-supereffective|p1a: Great Tusk
|-damage|p1a: Great Tusk|56/100
|
|-heal|p1a: Great Tusk|62/100|[from] item: Leftovers
|upkeep
|turn|8
|
|t:|1758952542
|move|p1a: Great Tusk|Ice Spinner|p2a: Gyarados
|-damage|p2a: Gyarados|18/100
|move|p2a: Gyarados|Waterfall|p1a: Great Tusk
|-supereffective|p1a: Great Tusk
|-damage|p1a: Great Tusk|14/100
|
|-heal|p1a: Great Tusk|20/100|[from] item: Leftovers
|upkeep
|turn|9
|
|t:|1758952549
|move|p1a: Great Tusk|Ice Spinner|p2a: Gyarados
|-damage|p2a: Gyarados|0 fnt
|faint|p2a: Gyarados
|
|-heal|p1a: Great Tusk|26/100|[from] item: Leftovers
|upkeep
|
|t:|1758952552
|switch|p2a: Kingambit|Kingambit, M, shiny|100/100
|-activate|p2a: Kingambit|ability: Supreme Overlord
|-start|p2a: Kingambit|fallen2|[silent]
|turn|10
|
|t:|1758952556
|move|p2a: Kingambit|Sucker Punch|p1a: Great Tusk
|-resisted|p1a: Great Tusk
|-damage|p1a: Great Tusk|7/100
|move|p1a: Great Tusk|Headlong Rush|p2a: Kingambit
|-supereffective|p2a: Kingambit
|-damage|p2a: Kingambit|19/100
|-unboost|p1a: Great Tusk|def|1
|-unboost|p1a: Great Tusk|spd|1
|
|-heal|p1a: Great Tusk|14/100|[from] item: Leftovers
|upkeep
|turn|11
|
|t:|1758952562
|move|p2a: Kingambit|Sucker Punch|p1a: Great Tusk
|-resisted|p1a: Great Tusk
|-damage|p1a: Great Tusk|0 fnt
|faint|p1a: Great Tusk
|-end|p1a: Great Tusk|Protosynthesis|[silent]
|
|upkeep
|
|t:|1758952565
|switch|p1a: Ditto|Ditto|100/100
|-transform|p1a: Ditto|p2a: Kingambit|[from] ability: Imposter
|-activate|p1a: Ditto|ability: Supreme Overlord
|-start|p1a: Ditto|fallen3|[silent]
|turn|12
|
|t:|1758952575
|-end|p2a: Kingambit|fallen2|[silent]
|switch|p2a: Scizor|Scizor, M|100/100
|move|p1a: Ditto|Kowtow Cleave|p2a: Scizor
|-damage|p2a: Scizor|41/100
|-damage|p1a: Ditto|84/100|[from] item: Rocky Helmet|[of] p2a: Scizor
|
|upkeep
|turn|13
|
|t:|1758952582
|move|p2a: Scizor|Close Combat|p1a: Ditto
|-supereffective|p1a: Ditto
|-damage|p1a: Ditto|0 fnt
|-unboost|p2a: Scizor|def|1
|-unboost|p2a: Scizor|spd|1
|faint|p1a: Ditto
|-end|p1a: Ditto|fallen3|[silent]
|
|upkeep
|
|t:|1758952588
|switch|p1a: Kyurem|Kyurem|100/100
|-ability|p1a: Kyurem|Pressure
|turn|14
|
|t:|1758952592
|move|p2a: Scizor|Bullet Punch|p1a: Kyurem
|-supereffective|p1a: Kyurem
|-damage|p1a: Kyurem|36/100
|move|p1a: Kyurem|Freeze-Dry|p2a: Scizor
|-resisted|p2a: Scizor
|-damage|p2a: Scizor|0 fnt
|faint|p2a: Scizor
|
|upkeep
|
|t:|1758952598
|switch|p2a: Kingambit|Kingambit, M, shiny|19/100
|-activate|p2a: Kingambit|ability: Supreme Overlord
|-start|p2a: Kingambit|fallen3|[silent]
|turn|15
|
|t:|1758952602
|move|p2a: Kingambit|Sucker Punch|p1a: Kyurem
|-damage|p1a: Kyurem|0 fnt
|faint|p1a: Kyurem
|
|upkeep
|-message|Pokegamer 1 here forfeited.
|
|win|ee111
|raw|Pokegamer 1 here's rating: 1202 &rarr; <strong>1175</strong><br />(-27 for losing)
|raw|ee111's rating: 1175 &rarr; <strong>1202</strong><br />(+27 for winning)
|l|☆Pokegamer 1 here
|player|p1|
|l|☆ee111
|player|p2|
