|j|☆Bumblingbigfoot
|j|‽JKRider
|t:|1759067742
|gametype|singles
|player|p1|Bumblingbigfoot|lana|1461
|player|p2|JKRider|2|1452
|gen|9
|tier|[Gen 9] OU
|rated|
|rule|HP Percentage Mod: HP is shown in percentages
|rule|Endless Battle Clause: Forcing endless battles is banned
|rule|Species Clause: Limit one of each Pokémon
|rule|OHKO Clause: OHKO moves are banned
|rule|Evasion Items Clause: Evasion items are banned
|rule|Evasion Moves Clause: Evasion moves are banned
|rule|Evasion Abilities Clause: Evasion abilities are banned
|rule|Sleep Moves Clause: Sleep-inducing moves are banned
|clearpoke
|poke|p1|Cloyster, M|
|poke|p1|Raging Bolt|
|poke|p1|Primarina, M|
|poke|p1|Iron Treads|
|poke|p1|Dragapult, F|
|poke|p1|Ogerpon, F|
|poke|p2|Great Tusk|
|poke|p2|Samurott-Hisui, M|
|poke|p2|Dragonite, M|
|poke|p2|Slowking-Galar, M|
|poke|p2|Iron Valiant|
|poke|p2|Gholdengo|
|teampreview
|inactive|Battle timer is ON: inactive players will automatically lose when time's up. (requested by Bumblingbigfoot)
|
|t:|1759067760
|teamsize|p1|6
|teamsize|p2|6
|start
|switch|p1a: Cloyster|Cloyster, M, shiny|100/100
|switch|p2a: Dragonite|Dragonite, M|100/100
|turn|1
|
|t:|1759067769
|-terastallize|p2a: Dragonite|Normal
|move|p2a: Dragonite|Extreme Speed|p1a: Cloyster
|-damage|p1a: Cloyster|48/100
|move|p1a: Cloyster|Icicle Spear|p2a: Dragonite
|-damage|p2a: Dragonite|93/100
|-damage|p2a: Dragonite|79/100
|-damage|p2a: Dragonite|63/100
|-damage|p2a: Dragonite|48/100
|-damage|p2a: Dragonite|33/100
|-hitcount|p2a: Dragonite|5
|
|upkeep
|turn|2
|
|t:|1759067786
|switch|p2a: Samurott|Samurott-Hisui, M|100/100
|switch|p1a: Dragapult|Dragapult, F|100/100
|
|upkeep
|turn|3
|inactive|JKRider has 120 seconds left.
|
|t:|1759067820
|switch|p2a: Gholdengo|Gholdengo|100/100
|move|p1a: Dragapult|U-turn|p2a: Gholdengo
|-resisted|p2a: Gholdengo
|-damage|p2a: Gholdengo|94/100
|
|t:|1759067829
|switch|p1a: Ogerpon|Ogerpon, F|100/100|[from] U-turn
|
|upkeep
|turn|4
|inactive|JKRider has 120 seconds left.
|
|t:|1759067854
|switch|p2a: Iron Valiant|Iron Valiant|100/100
|-enditem|p2a: Iron Valiant|Booster Energy
|-activate|p2a: Iron Valiant|ability: Quark Drive|[fromitem]
|-start|p2a: Iron Valiant|quarkdrivespe
|-terastallize|p1a: Ogerpon|Grass
|detailschange|p1a: Ogerpon|Ogerpon-Teal-Tera, F, tera:Grass
|-ability|p1a: Ogerpon|Embody Aspect (Teal)|boost
|-boost|p1a: Ogerpon|spe|1
|move|p1a: Ogerpon|Knock Off|p2a: Iron Valiant
|-resisted|p2a: Iron Valiant
|-damage|p2a: Iron Valiant|90/100
|
|upkeep
|turn|5
|
|t:|1759067871
|switch|p1a: Iron Treads|Iron Treads|100/100
|-enditem|p1a: Iron Treads|Booster Energy
|-activate|p1a: Iron Treads|ability: Quark Drive|[fromitem]
|-start|p1a: Iron Treads|quarkdrivespe
|move|p2a: Iron Valiant|Moonblast|p1a: Iron Treads
|-resisted|p1a: Iron Treads
|-damage|p1a: Iron Treads|66/100
|
|upkeep
|turn|6
|
|t:|1759067878
|move|p2a: Iron Valiant|Close Combat|p1a: Iron Treads
|-supereffective|p1a: Iron Treads
|-damage|p1a: Iron Treads|0 fnt
|-unboost|p2a: Iron Valiant|def|1
|-unboost|p2a: Iron Valiant|spd|1
|faint|p1a: Iron Treads
|-end|p1a: Iron Treads|Quark Drive|[silent]
|
|upkeep
|
|t:|1759067884
|switch|p1a: Primarina|Primarina, M, shiny|100/100
|turn|7
|inactive|JKRider has 120 seconds left.
|inactive|JKRider has 90 seconds left.
|inactive|JKRider has 60 seconds left.
|
|t:|1759067951
|-end|p2a: Iron Valiant|Quark Drive|[silent]
|switch|p2a: Slowking|Slowking-Galar, M|100/100
|move|p1a: Primarina|Substitute|p1a: Primarina
|-start|p1a: Primarina|Substitute
|-damage|p1a: Primarina|76/100
|
|-heal|p1a: Primarina|82/100|[from] item: Leftovers
|upkeep
|turn|8
|inactive|JKRider has 60 seconds left.
|
|t:|1759067962
|move|p1a: Primarina|Calm Mind|p1a: Primarina
|-boost|p1a: Primarina|spa|1
|-boost|p1a: Primarina|spd|1
|move|p2a: Slowking|Sludge Bomb|p1a: Primarina
|-supereffective|p1a: Primarina
|-end|p1a: Primarina|Substitute
|
|-heal|p1a: Primarina|88/100|[from] item: Leftovers
|upkeep
|turn|9
|inactive|JKRider has 60 seconds left.
|
|t:|1759067975
|move|p1a: Primarina|Calm Mind|p1a: Primarina
|-boost|p1a: Primarina|spa|1
|-boost|p1a: Primarina|spd|1
|move|p2a: Slowking|Sludge Bomb|p1a: Primarina
|-supereffective|p1a: Primarina
|-damage|p1a: Primarina|54/100
|
|-heal|p1a: Primarina|60/100|[from] item: Leftovers
|upkeep
|turn|10
|inactive|JKRider has 60 seconds left.
|
|t:|1759067986
|move|p1a: Primarina|Surf|p2a: Slowking
|-damage|p2a: Slowking|35/100
|-prepare|p2a: Slowking|Chilly Reception|[premajor]
|move|p2a: Slowking|Chilly Reception|p2a: Slowking
|-weather|Snowscape
|inactive|JKRider has 60 seconds left.
|
|t:|1759068009
|switch|p2a: Dragonite|Dragonite, M, tera:Normal|33/100|[from] Chilly Reception
|
|-weather|Snowscape|[upkeep]
|-heal|p1a: Primarina|66/100|[from] item: Leftovers
|upkeep
|turn|11
|
|t:|1759068020
|move|p2a: Dragonite|Earthquake|p1a: Primarina
|-damage|p1a: Primarina|0 fnt
|faint|p1a: Primarina
|
|-weather|Snowscape|[upkeep]
|upkeep
|
|t:|1759068024
|switch|p1a: Ogerpon|Ogerpon-Teal-Tera, F, tera:Grass|100/100
|-ability|p1a: Ogerpon|Embody Aspect (Teal)|boost
|-boost|p1a: Ogerpon|spe|1
|turn|12
|
|t:|1759068050
|switch|p2a: Iron Valiant|Iron Valiant|90/100
|move|p1a: Ogerpon|Ivy Cudgel|p2a: Iron Valiant
|-damage|p2a: Iron Valiant|0 fnt
|faint|p2a: Iron Valiant
|-end|p2a: Iron Valiant|Quark Drive|[silent]
|
|-weather|Snowscape|[upkeep]
|upkeep
|inactive|JKRider has 30 seconds left.
|
|t:|1759068062
|switch|p2a: Samurott|Samurott-Hisui, M|100/100
|turn|13
|
|t:|1759068068
|move|p1a: Ogerpon|Ivy Cudgel|p2a: Samurott
|-supereffective|p2a: Samurott
|-enditem|p2a: Samurott|Focus Sash
|-damage|p2a: Samurott|1/100
|move|p2a: Samurott|Ceaseless Edge|p1a: Ogerpon|[miss]
|-miss|p2a: Samurott|p1a: Ogerpon
|
|-weather|Snowscape|[upkeep]
|upkeep
|turn|14
|
|t:|1759068077
|move|p2a: Samurott|Aqua Jet|p1a: Ogerpon
|-resisted|p1a: Ogerpon
|-damage|p1a: Ogerpon|89/100
|move|p1a: Ogerpon|Ivy Cudgel|p2a: Samurott
|-supereffective|p2a: Samurott
|-damage|p2a: Samurott|0 fnt
|faint|p2a: Samurott
|
|-weather|none
|upkeep
|inactive|JKRider has 30 seconds left.
|
|t:|1759068105
|switch|p2a: Gholdengo|Gholdengo|94/100
|turn|15
|
|t:|1759068119
|move|p1a: Ogerpon|Ivy Cudgel|p2a: Gholdengo
|-resisted|p2a: Gholdengo
|-damage|p2a: Gholdengo|60/100
|move|p2a: Gholdengo|Shadow Ball|p1a: Ogerpon
|-damage|p1a: Ogerpon|51/100
|-unboost|p1a: Ogerpon|spd|1
|
|upkeep
|turn|16
|
|t:|1759068126
|switch|p1a: Raging Bolt|Raging Bolt|100/100
|-enditem|p1a: Raging Bolt|Booster Energy
|-activate|p1a: Raging Bolt|ability: Protosynthesis|[fromitem]
|-start|p1a: Raging Bolt|protosynthesisspa
|move|p2a: Gholdengo|Make It Rain|p1a: Raging Bolt
|-resisted|p1a: Raging Bolt
|-damage|p1a: Raging Bolt|76/100
|-unboost|p2a: Gholdengo|spa|1
|
|upkeep
|turn|17
|inactive|JKRider has 30 seconds left.
|
|t:|1759068152
|switch|p2a: Great Tusk|Great Tusk|100/100
|move|p1a: Raging Bolt|Dragon Pulse|p2a: Great Tusk
|-damage|p2a: Great Tusk|20/100
|
|-heal|p2a: Great Tusk|27/100|[from] item: Leftovers
|upkeep
|turn|18
|inactive|JKRider has 30 seconds left.
|
|t:|1759068162
|move|p2a: Great Tusk|Earthquake|p1a: Raging Bolt
|-supereffective|p1a: Raging Bolt
|-damage|p1a: Raging Bolt|0 fnt
|faint|p1a: Raging Bolt
|-end|p1a: Raging Bolt|Protosynthesis|[silent]
|
|-heal|p2a: Great Tusk|33/100|[from] item: Leftovers
|upkeep
|
|t:|1759068163
|switch|p1a: Dragapult|Dragapult, F|100/100
|turn|19
|
|t:|1759068177
|move|p1a: Dragapult|Dragon Darts|p2a: Great Tusk
|-damage|p2a: Great Tusk|14/100
|-anim|p1a: Dragapult|Dragon Darts|p2a: Great Tusk
|-damage|p2a: Great Tusk|0 fnt
|faint|p2a: Great Tusk
|-end|p2a: Great Tusk|Protosynthesis|[silent]
|
|upkeep
|inactive|JKRider has 30 seconds left.
|
|t:|1759068188
|switch|p2a: Gholdengo|Gholdengo|60/100
|turn|20
|
|t:|1759068193
|switch|p1a: Cloyster|Cloyster, M, shiny|48/100
|move|p2a: Gholdengo|Shadow Ball|p1a: Cloyster
|-damage|p1a: Cloyster|0 fnt
|faint|p1a: Cloyster
|
|upkeep
|
|t:|1759068199
|switch|p1a: Ogerpon|Ogerpon-Teal-Tera, F, tera:Grass|51/100
|-ability|p1a: Ogerpon|Embody Aspect (Teal)|boost
|-boost|p1a: Ogerpon|spe|1
|turn|21
|
|t:|1759068223
|move|p1a: Ogerpon|Knock Off|p2a: Gholdengo
|-supereffective|p2a: Gholdengo
|-damage|p2a: Gholdengo|0 fnt
|-enditem|p2a: Gholdengo|Shuca Berry|[from] move: Knock Off|[of] p1a: Ogerpon
|faint|p2a: Gholdengo
|
|upkeep
|inactive|JKRider has 30 seconds left.
|
|t:|1759068240
|switch|p2a: Dragonite|Dragonite, M, tera:Normal|33/100
|turn|22
|
|t:|1759068243
|move|p2a: Dragonite|Extreme Speed|p1a: Ogerpon
|-damage|p1a: Ogerpon|0 fnt
|faint|p1a: Ogerpon
|detailschange|p1: Ogerpon|Ogerpon, F|[silent]
|
|upkeep
|
|t:|1759068245
|switch|p1a: Dragapult|Dragapult, F|100/100
|turn|23
|
|t:|1759068255
|switch|p2a: Slowking|Slowking-Galar, M|68/100
|move|p1a: Dragapult|Dragon Darts|p2a: Slowking
|-damage|p2a: Slowking|30/100
|-anim|p1a: Dragapult|Dragon Darts|p2a: Slowking
|-damage|p2a: Slowking|0 fnt
|faint|p2a: Slowking
|
|upkeep
|
|t:|1759068263
|switch|p2a: Dragonite|Dragonite, M, tera:Normal|33/100
|turn|24
|
|t:|1759068265
|move|p1a: Dragapult|Dragon Darts|p2a: Dragonite
|-damage|p2a: Dragonite|0 fnt
|faint|p2a: Dragonite
|
|win|Bumblingbigfoot
|raw|Bumblingbigfoot's rating: 1461 &rarr; <strong>1480</strong><br />(+19 for winning)
|raw|JKRider's rating: 1452 &rarr; <strong>1433</strong><br />(-19 for losing)
|l|☆Bumblingbigfoot
|player|p1|
|l|‽JKRider
|player|p2|
