|j|☆Yelo_Galaxy
|j|☆IzzyFl0
|t:|1758952208
|gametype|singles
|player|p1|Yelo_Galaxy|1|1588
|player|p2|IzzyFl0|unknown|1668
|gen|9
|tier|[Gen 9] OU
|rated|
|rule|HP Percentage Mod: HP is shown in percentages
|rule|Endless Battle Clause: Forcing endless battles is banned
|rule|Species Clause: Limit one of each Pokémon
|rule|OHKO Clause: OHKO moves are banned
|rule|Evasion Items Clause: Evasion items are banned
|rule|Evasion Moves Clause: Evasion moves are banned
|rule|Evasion Abilities Clause: Evasion abilities are banned
|rule|Sleep Moves Clause: Sleep-inducing moves are banned
|clearpoke
|poke|p1|Torkoal, M|
|poke|p1|Hatterene, F|
|poke|p1|Raging Bolt|
|poke|p1|Slither Wing|
|poke|p1|Venusaur, F|
|poke|p1|Walking Wake|
|poke|p2|Kommo-o, M|
|poke|p2|Gholdengo|
|poke|p2|Ninetales-Alola, F|
|poke|p2|Hatterene, F|
|poke|p2|Zamazenta-*|
|poke|p2|Kingambit, F|
|teampreview
|inactive|Battle timer is ON: inactive players will automatically lose when time's up. (requested by IzzyFl0)
|
|t:|1758952231
|teamsize|p1|6
|teamsize|p2|6
|start
|switch|p1a: Slither Wing|Slither Wing|100/100
|switch|p2a: Hatterene|Hatterene, F|100/100
|turn|1
|inactive|IzzyFl0 has 120 seconds left.
|
|t:|1758952272
|move|p1a: Slither Wing|First Impression|p2a: Hatterene
|-damage|p2a: Hatterene|58/100
|move|p2a: Hatterene|Nuzzle|p1a: Slither Wing
|-damage|p1a: Slither Wing|96/100
|-status|p1a: Slither Wing|par
|
|upkeep
|turn|2
|
|t:|1758952299
|move|p1a: Slither Wing|U-turn|p2a: Hatterene
|-damage|p2a: Hatterene|23/100
|
|t:|1758952302
|-end|p1a: Slither Wing|Protosynthesis|[silent]
|switch|p1a: Torkoal|Torkoal, M|100/100|[from] U-turn
|-weather|SunnyDay|[from] ability: Drought|[of] p1a: Torkoal
|move|p2a: Hatterene|Psychic Noise|p1a: Torkoal
|-damage|p1a: Torkoal|61/100
|-start|p1a: Torkoal|move: Heal Block
|
|-weather|SunnyDay|[upkeep]
|upkeep
|turn|3
|
|t:|1758952319
|switch|p2a: Zamazenta|Zamazenta|100/100
|-ability|p2a: Zamazenta|Dauntless Shield|boost
|-boost|p2a: Zamazenta|def|1
|move|p1a: Torkoal|Eruption|p2a: Zamazenta
|-damage|p2a: Zamazenta|47/100
|
|-weather|SunnyDay|[upkeep]
|-end|p1a: Torkoal|move: Heal Block
|upkeep
|turn|4
|inactive|IzzyFl0 has 90 seconds left.
|
|t:|1758952344
|switch|p2a: Ninetales|Ninetales-Alola, F|100/100
|-weather|Snowscape|[from] ability: Snow Warning|[of] p2a: Ninetales
|switch|p1a: Walking Wake|Walking Wake|100/100
|
|-weather|Snowscape|[upkeep]
|upkeep
|turn|5
|
|t:|1758952370
|move|p1a: Walking Wake|Flip Turn|p2a: Ninetales
|-damage|p2a: Ninetales|88/100
|
|t:|1758952372
|-end|p1a: Walking Wake|Protosynthesis|[silent]
|switch|p1a: Torkoal|Torkoal, M|61/100|[from] Flip Turn
|-weather|SunnyDay|[from] ability: Drought|[of] p1a: Torkoal
|move|p2a: Ninetales|Aurora Veil||[still]
|-fail|p2a: Ninetales
|
|-weather|SunnyDay|[upkeep]
|upkeep
|turn|6
|
|t:|1758952390
|move|p2a: Ninetales|Snowscape|p2a: Ninetales
|-weather|Snowscape
|move|p1a: Torkoal|Overheat|p2a: Ninetales
|-supereffective|p2a: Ninetales
|-damage|p2a: Ninetales|0 fnt
|-unboost|p1a: Torkoal|spa|2
|faint|p2a: Ninetales
|
|-weather|Snowscape|[upkeep]
|upkeep
|inactive|IzzyFl0 has 60 seconds left.
|
|t:|1758952407
|switch|p2a: Kommo-o|Kommo-o, M|100/100
|turn|7
|
|t:|1758952410
|switch|p1a: Hatterene|Hatterene, F|100/100
|-item|p1a: Hatterene|Air Balloon
|move|p2a: Kommo-o|Clangorous Soul|p2a: Kommo-o
|-boost|p2a: Kommo-o|atk|1
|-boost|p2a: Kommo-o|def|1
|-boost|p2a: Kommo-o|spa|1
|-boost|p2a: Kommo-o|spd|1
|-boost|p2a: Kommo-o|spe|1
|-damage|p2a: Kommo-o|68/100
|-enditem|p2a: Kommo-o|Throat Spray
|-boost|p2a: Kommo-o|spa|1|[from] item: Throat Spray
|
|-weather|Snowscape|[upkeep]
|upkeep
|turn|8
|
|t:|1758952423
|move|p2a: Kommo-o|Boomburst|p1a: Hatterene
|-damage|p1a: Hatterene|9/100
|-enditem|p1a: Hatterene|Air Balloon
|move|p1a: Hatterene|Dazzling Gleam|p2a: Kommo-o
|-supereffective|p2a: Kommo-o
|-damage|p2a: Kommo-o|0 fnt
|faint|p2a: Kommo-o
|
|-weather|Snowscape|[upkeep]
|upkeep
|inactive|IzzyFl0 has 60 seconds left.
|
|t:|1758952438
|switch|p2a: Gholdengo|Gholdengo|100/100
|turn|9
|inactive|IzzyFl0 has 60 seconds left.
|
|t:|1758952451
|switch|p1a: Torkoal|Torkoal, M|61/100
|-weather|SunnyDay|[from] ability: Drought|[of] p1a: Torkoal
|move|p2a: Gholdengo|Nasty Plot|p2a: Gholdengo
|-boost|p2a: Gholdengo|spa|2
|
|-weather|SunnyDay|[upkeep]
|upkeep
|turn|10
|inactive|IzzyFl0 has 60 seconds left.
|
|t:|1758952462
|switch|p1a: Hatterene|Hatterene, F|9/100
|move|p2a: Gholdengo|Shadow Ball|p1a: Hatterene
|-supereffective|p1a: Hatterene
|-crit|p1a: Hatterene
|-damage|p1a: Hatterene|0 fnt
|faint|p1a: Hatterene
|
|-weather|SunnyDay|[upkeep]
|upkeep
|
|t:|1758952465
|switch|p1a: Walking Wake|Walking Wake|100/100
|-activate|p1a: Walking Wake|ability: Protosynthesis
|-start|p1a: Walking Wake|protosynthesisspe
|turn|11
|
|t:|1758952479
|switch|p2a: Hatterene|Hatterene, F|23/100
|move|p1a: Walking Wake|Weather Ball|p2a: Hatterene
|-damage|p2a: Hatterene|0 fnt
|faint|p2a: Hatterene
|
|-weather|SunnyDay|[upkeep]
|upkeep
|inactive|IzzyFl0 has 60 seconds left.
|
|t:|1758952503
|switch|p2a: Zamazenta|Zamazenta|47/100
|turn|12
|
|t:|1758952512
|move|p1a: Walking Wake|Weather Ball|p2a: Zamazenta
|-damage|p2a: Zamazenta|0 fnt
|faint|p2a: Zamazenta
|
|-weather|SunnyDay|[upkeep]
|upkeep
|inactive|IzzyFl0 has 60 seconds left.
|
|t:|1758952518
|switch|p2a: Kingambit|Kingambit, F|100/100
|-activate|p2a: Kingambit|ability: Supreme Overlord
|-start|p2a: Kingambit|fallen4|[silent]
|-item|p2a: Kingambit|Air Balloon
|turn|13
|
|t:|1758952523
|move|p2a: Kingambit|Sucker Punch|p1a: Walking Wake
|-damage|p1a: Walking Wake|37/100
|move|p1a: Walking Wake|Weather Ball|p2a: Kingambit
|-supereffective|p2a: Kingambit
|-damage|p2a: Kingambit|0 fnt
|-enditem|p2a: Kingambit|Air Balloon
|faint|p2a: Kingambit
|-end|p2a: Kingambit|fallen4|[silent]
|
|-weather|SunnyDay|[upkeep]
|upkeep
|-message|IzzyFl0 forfeited.
|
|win|Yelo_Galaxy
|raw|Yelo_Galaxy's rating: 1588 &rarr; <strong>1613</strong><br />(+25 for winning)
|raw|IzzyFl0's rating: 1668 &rarr; <strong>1643</strong><br />(-25 for losing)
|l|☆Yelo_Galaxy
|player|p1|
|l|☆IzzyFl0
|player|p2|
