|j|☆Shafi94
|j|☆redactedquirk
|t:|1759064664
|gametype|singles
|player|p1|Shafi94|266|1164
|player|p2|redactedquirk|morty|1092
|gen|9
|tier|[Gen 9] OU
|rated|
|rule|HP Percentage Mod: HP is shown in percentages
|rule|Endless Battle Clause: Forcing endless battles is banned
|rule|Species Clause: Limit one of each Pokémon
|rule|OHKO Clause: OHKO moves are banned
|rule|Evasion Items Clause: Evasion items are banned
|rule|Evasion Moves Clause: Evasion moves are banned
|rule|Evasion Abilities Clause: Evasion abilities are banned
|rule|Sleep Moves Clause: Sleep-inducing moves are banned
|clearpoke
|poke|p1|Meowscarada, F|
|poke|p1|Garchomp, F|
|poke|p1|Ceruledge, M|
|poke|p1|Iron Valiant|
|poke|p1|Scizor, M|
|poke|p1|Great Tusk|
|poke|p2|Manaphy|
|poke|p2|Hatterene, F|
|poke|p2|Dragapult, M|
|poke|p2|Rotom-Heat|
|poke|p2|Victreebel, F|
|poke|p2|Probopass, M|
|teampreview
|
|t:|1759064680
|teamsize|p1|6
|teamsize|p2|6
|start
|switch|p1a: Meowscarada|Meowscarada, F, shiny|100/100
|switch|p2a: Rotom|Rotom-Heat|100/100
|turn|1
|inactive|Battle timer is ON: inactive players will automatically lose when time's up. (requested by redactedquirk)
|
|t:|1759064698
|move|p1a: Meowscarada|Knock Off|p2a: Rotom
|-start|p1a: Meowscarada|typechange|Dark|[from] ability: Protean
|-damage|p2a: Rotom|51/100
|-enditem|p2a: Rotom|White Herb|[from] move: Knock Off|[of] p1a: Meowscarada
|move|p2a: Rotom|Overheat|p1a: Meowscarada
|-damage|p1a: Meowscarada|9/100
|-unboost|p2a: Rotom|spa|2
|
|upkeep
|turn|2
|
|t:|1759064717
|switch|p2a: Probopass|Probopass, M|100/100
|move|p1a: Meowscarada|U-turn|p2a: Probopass
|-resisted|p2a: Probopass
|-damage|p2a: Probopass|93/100
|
|t:|1759064723
|switch|p1a: Garchomp|Garchomp, F, shiny|100/100|[from] U-turn
|
|upkeep
|turn|3
|
|t:|1759064740
|switch|p2a: Manaphy|Manaphy, shiny|100/100
|move|p1a: Garchomp|Stealth Rock|p2a: Manaphy
|-sidestart|p2: redactedquirk|move: Stealth Rock
|
|upkeep
|turn|4
|
|t:|1759064747
|-terastallize|p1a: Garchomp|Steel
|move|p1a: Garchomp|Spikes|p2a: Manaphy
|-sidestart|p2: redactedquirk|Spikes
|move|p2a: Manaphy|Scald|p1a: Garchomp
|-damage|p1a: Garchomp|75/100
|
|upkeep
|turn|5
|
|t:|1759064756
|switch|p2a: Rotom|Rotom-Heat|51/100
|-damage|p2a: Rotom|26/100|[from] Stealth Rock
|move|p1a: Garchomp|Spikes|p2a: Rotom
|-sidestart|p2: redactedquirk|Spikes
|
|upkeep
|turn|6
|
|t:|1759064765
|move|p2a: Rotom|Overheat|p1a: Garchomp
|-supereffective|p1a: Garchomp
|-damage|p1a: Garchomp|0 fnt
|-unboost|p2a: Rotom|spa|2
|faint|p1a: Garchomp
|
|upkeep
|
|t:|1759064780
|switch|p1a: Ceruledge|Ceruledge, M, shiny|100/100
|turn|7
|
|t:|1759064784
|switch|p2a: Probopass|Probopass, M|93/100
|-damage|p2a: Probopass|87/100|[from] Stealth Rock
|-damage|p2a: Probopass|71/100|[from] Spikes
|move|p1a: Ceruledge|Shadow Sneak|p2a: Probopass
|-damage|p2a: Probopass|58/100
|
|upkeep
|turn|8
|
|t:|1759064797
|switch|p1a: Great Tusk|Great Tusk|100/100
|move|p2a: Probopass|Flash Cannon|p1a: Great Tusk
|-damage|p1a: Great Tusk|74/100
|
|-heal|p1a: Great Tusk|80/100|[from] item: Leftovers
|upkeep
|turn|9
|
|t:|1759064809
|switch|p2a: Victreebel|Victreebel, F|100/100
|-damage|p2a: Victreebel|88/100|[from] Stealth Rock
|-damage|p2a: Victreebel|72/100|[from] Spikes
|move|p1a: Great Tusk|Body Press|p2a: Victreebel
|-resisted|p2a: Victreebel
|-damage|p2a: Victreebel|39/100
|-enditem|p2a: Victreebel|Salac Berry|[eat]
|-boost|p2a: Victreebel|spe|1|[from] item: Salac Berry
|
|-heal|p1a: Great Tusk|86/100|[from] item: Leftovers
|upkeep
|turn|10
|
|t:|1759064827
|-end|p1a: Great Tusk|Protosynthesis|[silent]
|switch|p1a: Scizor|Scizor, M, shiny|100/100
|move|p2a: Victreebel|Leaf Blade|p1a: Scizor
|-resisted|p1a: Scizor
|-damage|p1a: Scizor|89/100
|
|upkeep
|turn|11
|
|t:|1759064837
|move|p2a: Victreebel|Strength Sap|p1a: Scizor
|-unboost|p1a: Scizor|atk|1
|-heal|p2a: Victreebel|100/100
|move|p1a: Scizor|U-turn|p2a: Victreebel
|-damage|p2a: Victreebel|46/100
|-damage|p1a: Scizor|80/100|[from] item: Life Orb
|
|t:|1759064853
|switch|p1a: Ceruledge|Ceruledge, M, shiny|100/100|[from] U-turn
|
|upkeep
|turn|12
|
|t:|1759064866
|switch|p2a: Dragapult|Dragapult, M|100/100
|-damage|p2a: Dragapult|88/100|[from] Stealth Rock
|-damage|p2a: Dragapult|72/100|[from] Spikes
|move|p1a: Ceruledge|Swords Dance|p1a: Ceruledge
|-boost|p1a: Ceruledge|atk|2
|
|-heal|p2a: Dragapult|78/100|[from] item: Leftovers
|upkeep
|turn|13
|
|t:|1759064882
|move|p1a: Ceruledge|Shadow Sneak|p2a: Dragapult
|-supereffective|p2a: Dragapult
|-damage|p2a: Dragapult|0 fnt
|faint|p2a: Dragapult
|
|upkeep
|
|t:|1759064893
|switch|p2a: Manaphy|Manaphy, shiny|100/100
|-damage|p2a: Manaphy|88/100|[from] Stealth Rock
|-damage|p2a: Manaphy|71/100|[from] Spikes
|turn|14
|
|t:|1759064912
|switch|p1a: Scizor|Scizor, M, shiny|80/100
|move|p2a: Manaphy|Scald|p1a: Scizor
|-damage|p1a: Scizor|44/100
|
|upkeep
|turn|15
|
|t:|1759064920
|move|p1a: Scizor|Bullet Punch|p2a: Manaphy
|-resisted|p2a: Manaphy
|-damage|p2a: Manaphy|54/100
|-damage|p1a: Scizor|34/100|[from] item: Life Orb
|move|p2a: Manaphy|Scald|p1a: Scizor
|-damage|p1a: Scizor|2/100
|
|upkeep
|turn|16
|
|t:|1759064938
|switch|p1a: Iron Valiant|Iron Valiant, shiny|100/100
|-enditem|p1a: Iron Valiant|Booster Energy
|-activate|p1a: Iron Valiant|ability: Quark Drive|[fromitem]
|-start|p1a: Iron Valiant|quarkdrivespe
|move|p2a: Manaphy|Scald|p1a: Iron Valiant
|-damage|p1a: Iron Valiant|50/100
|
|upkeep
|turn|17
|
|t:|1759064947
|move|p1a: Iron Valiant|Thunderbolt|p2a: Manaphy
|-supereffective|p2a: Manaphy
|-damage|p2a: Manaphy|15/100
|-status|p2a: Manaphy|par
|-enditem|p2a: Manaphy|Lum Berry|[eat]
|-curestatus|p2a: Manaphy|par|[msg]
|move|p2a: Manaphy|Scald|p1a: Iron Valiant
|-damage|p1a: Iron Valiant|2/100
|
|upkeep
|turn|18
|
|t:|1759064960
|switch|p2a: Probopass|Probopass, M|58/100
|-damage|p2a: Probopass|52/100|[from] Stealth Rock
|-damage|p2a: Probopass|35/100|[from] Spikes
|-enditem|p2a: Probopass|Sitrus Berry|[eat]
|-heal|p2a: Probopass|60/100|[from] item: Sitrus Berry
|move|p1a: Iron Valiant|Moonblast|p2a: Probopass
|-resisted|p2a: Probopass
|-damage|p2a: Probopass|44/100
|
|upkeep
|turn|19
|
|t:|1759064973
|move|p1a: Iron Valiant|Close Combat|p2a: Probopass
|-supereffective|p2a: Probopass
|-crit|p2a: Probopass
|-damage|p2a: Probopass|0 fnt
|-unboost|p1a: Iron Valiant|def|1
|-unboost|p1a: Iron Valiant|spd|1
|faint|p2a: Probopass
|
|upkeep
|
|t:|1759064985
|switch|p2a: Hatterene|Hatterene, F, shiny|100/100
|-damage|p2a: Hatterene|88/100|[from] Stealth Rock
|-damage|p2a: Hatterene|72/100|[from] Spikes
|turn|20
|
|t:|1759065010
|-end|p1a: Iron Valiant|Quark Drive|[silent]
|switch|p1a: Scizor|Scizor, M, shiny|2/100
|move|p2a: Hatterene|Psychic|p1a: Scizor
|-resisted|p1a: Scizor
|-damage|p1a: Scizor|0 fnt
|faint|p1a: Scizor
|
|upkeep
|inactive|Shafi94 has 120 seconds left.
|
|t:|1759065039
|switch|p1a: Great Tusk|Great Tusk|86/100
|turn|21
|
|t:|1759065047
|move|p1a: Great Tusk|Earthquake|p2a: Hatterene
|-damage|p2a: Hatterene|11/100
|move|p2a: Hatterene|Psychic|p1a: Great Tusk
|-supereffective|p1a: Great Tusk
|-damage|p1a: Great Tusk|0 fnt
|faint|p1a: Great Tusk
|-end|p1a: Great Tusk|Protosynthesis|[silent]
|
|upkeep
|inactive|Shafi94 has 120 seconds left.
|
|t:|1759065056
|switch|p1a: Meowscarada|Meowscarada, F, shiny|9/100
|turn|22
|inactive|Shafi94 has 120 seconds left.
|
|t:|1759065068
|move|p1a: Meowscarada|Knock Off|p2a: Hatterene
|-start|p1a: Meowscarada|typechange|Dark|[from] ability: Protean
|-damage|p2a: Hatterene|0 fnt
|-enditem|p2a: Hatterene|Weakness Policy|[from] move: Knock Off|[of] p1a: Meowscarada
|faint|p2a: Hatterene
|
|upkeep
|
|t:|1759065075
|switch|p2a: Victreebel|Victreebel, F|46/100
|-damage|p2a: Victreebel|34/100|[from] Stealth Rock
|-damage|p2a: Victreebel|17/100|[from] Spikes
|turn|23
|
|t:|1759065082
|move|p2a: Victreebel|Sucker Punch|p1a: Meowscarada
|-resisted|p1a: Meowscarada
|-damage|p1a: Meowscarada|0 fnt
|faint|p1a: Meowscarada
|
|upkeep
|
|t:|1759065087
|switch|p1a: Ceruledge|Ceruledge, M, shiny|100/100
|turn|24
|
|t:|1759065091
|move|p2a: Victreebel|Sucker Punch||[still]
|-fail|p2a: Victreebel
|move|p1a: Ceruledge|Swords Dance|p1a: Ceruledge
|-boost|p1a: Ceruledge|atk|2
|
|upkeep
|turn|25
|
|t:|1759065099
|move|p1a: Ceruledge|Shadow Sneak|p2a: Victreebel
|-damage|p2a: Victreebel|0 fnt
|faint|p2a: Victreebel
|
|upkeep
|
|t:|1759065104
|switch|p2a: Manaphy|Manaphy, shiny|15/100
|-damage|p2a: Manaphy|3/100|[from] Stealth Rock
|-damage|p2a: Manaphy|0 fnt|[from] Spikes
|faint|p2a: Manaphy
|
|t:|1759065110
|switch|p2a: Rotom|Rotom-Heat|26/100
|-damage|p2a: Rotom|1/100|[from] Stealth Rock
|turn|26
|
|t:|1759065116
|-terastallize|p2a: Rotom|Dragon
|move|p1a: Ceruledge|Shadow Sneak|p2a: Rotom
|-damage|p2a: Rotom|0 fnt
|faint|p2a: Rotom
|
|win|Shafi94
|raw|Shafi94's rating: 1164 &rarr; <strong>1184</strong><br />(+20 for winning)
|raw|redactedquirk's rating: 1092 &rarr; <strong>1073</strong><br />(-19 for losing)
|c|☆redactedquirk|gg
|l|☆redactedquirk
|player|p2|
|l|☆Shafi94
|player|p1|
