|j|☆Markuss205
|j|☆azraelyne
|t:|1758960834
|gametype|singles
|player|p1|Markuss205|volkner|1173
|player|p2|azraelyne|101|1119
|gen|9
|tier|[Gen 9] OU
|rated|
|rule|HP Percentage Mod: HP is shown in percentages
|rule|Endless Battle Clause: Forcing endless battles is banned
|rule|Species Clause: Limit one of each Pokémon
|rule|OHKO Clause: OHKO moves are banned
|rule|Evasion Items Clause: Evasion items are banned
|rule|Evasion Moves Clause: Evasion moves are banned
|rule|Evasion Abilities Clause: Evasion abilities are banned
|rule|Sleep Moves Clause: Sleep-inducing moves are banned
|clearpoke
|poke|p1|Hydreigon, M|
|poke|p1|Samurott-Hisui, M|
|poke|p1|Excadrill, M|
|poke|p1|Conkeldurr, M|
|poke|p1|Araquanid, F|
|poke|p1|Salazzle, F|
|poke|p2|Lurantis, M|
|poke|p2|Torkoal, M|
|poke|p2|Iron Valiant|
|poke|p2|Araquanid, F|
|poke|p2|Dondozo, F|
|poke|p2|Hatterene, F|
|teampreview
|
|t:|1758960852
|teamsize|p1|6
|teamsize|p2|6
|start
|switch|p1a: Hydreigon|Hydreigon, M|100/100
|switch|p2a: Hatterene|Hatterene, F|100/100
|turn|1
|
|t:|1758960860
|move|p1a: Hydreigon|Flash Cannon|p2a: Hatterene
|-supereffective|p2a: Hatterene
|-damage|p2a: Hatterene|39/100
|move|p2a: Hatterene|Trick Room|p2a: Hatterene
|-fieldstart|move: Trick Room|[of] p2a: Hatterene
|
|upkeep
|turn|2
|
|t:|1758960868
|switch|p1a: Excadrill|Excadrill, M|100/100
|-ability|p1a: Excadrill|Mold Breaker
|move|p2a: Hatterene|Misty Explosion|p1a: Excadrill
|-resisted|p1a: Excadrill
|-damage|p1a: Excadrill|61/100
|faint|p2a: Hatterene
|
|upkeep
|
|t:|1758960883
|switch|p2a: Lurantis|Lurantis, M|100/100
|turn|3
|
|t:|1758960894
|switch|p1a: Salazzle|Salazzle, F|100/100
|-item|p1a: Salazzle|Air Balloon
|move|p2a: Lurantis|Leaf Storm|p1a: Salazzle
|-resisted|p1a: Salazzle
|-damage|p1a: Salazzle|77/100
|-boost|p2a: Lurantis|spa|2
|-enditem|p1a: Salazzle|Air Balloon
|
|upkeep
|turn|4
|
|t:|1758960905
|move|p2a: Lurantis|Leaf Storm|p1a: Salazzle
|-resisted|p1a: Salazzle
|-damage|p1a: Salazzle|25/100
|-boost|p2a: Lurantis|spa|2
|move|p1a: Salazzle|Toxic|p2a: Lurantis
|-status|p2a: Lurantis|tox
|
|-damage|p2a: Lurantis|94/100 tox|[from] psn
|upkeep
|turn|5
|
|t:|1758960916
|move|p2a: Lurantis|Leaf Storm|p1a: Salazzle
|-resisted|p1a: Salazzle
|-damage|p1a: Salazzle|0 fnt
|-boost|p2a: Lurantis|spa|2
|faint|p1a: Salazzle
|
|-damage|p2a: Lurantis|82/100 tox|[from] psn
|-fieldend|move: Trick Room
|upkeep
|
|t:|1758960925
|switch|p1a: Samurott|Samurott-Hisui, M|100/100
|turn|6
|
|t:|1758960931
|move|p1a: Samurott|Ceaseless Edge|p2a: Lurantis
|-damage|p2a: Lurantis|35/100 tox
|-sidestart|p2: azraelyne|Spikes
|move|p2a: Lurantis|Leaf Storm|p1a: Samurott
|-supereffective|p1a: Samurott
|-enditem|p1a: Samurott|Focus Sash
|-damage|p1a: Samurott|1/100
|
|-damage|p2a: Lurantis|17/100 tox|[from] psn
|upkeep
|-enditem|p2a: Lurantis|Aguav Berry|[eat]
|-heal|p2a: Lurantis|50/100 tox|[from] item: Aguav Berry
|turn|7
|
|t:|1758960959
|move|p1a: Samurott|Ceaseless Edge|p2a: Lurantis
|-damage|p2a: Lurantis|3/100 tox
|-sidestart|p2: azraelyne|Spikes
|move|p2a: Lurantis|Tera Blast|p1a: Samurott
|-damage|p1a: Samurott|0 fnt
|faint|p1a: Samurott
|
|-damage|p2a: Lurantis|0 fnt|[from] psn
|faint|p2a: Lurantis
|upkeep
|
|t:|1758960981
|switch|p1a: Hydreigon|Hydreigon, M|100/100
|switch|p2a: Torkoal|Torkoal, M|100/100
|-damage|p2a: Torkoal|84/100|[from] Spikes
|-weather|SunnyDay|[from] ability: Drought|[of] p2a: Torkoal
|turn|8
|
|t:|1758960994
|move|p1a: Hydreigon|Earth Power|p2a: Torkoal
|-supereffective|p2a: Torkoal
|-damage|p2a: Torkoal|25/100
|move|p2a: Torkoal|Rapid Spin|p1a: Hydreigon
|-crit|p1a: Hydreigon
|-damage|p1a: Hydreigon|83/100
|-boost|p2a: Torkoal|spe|1
|-sideend|p2: azraelyne|Spikes|[from] move: Rapid Spin|[of] p2a: Torkoal
|
|-weather|SunnyDay|[upkeep]
|upkeep
|turn|9
|
|t:|1758961007
|move|p1a: Hydreigon|Earth Power|p2a: Torkoal
|-supereffective|p2a: Torkoal
|-damage|p2a: Torkoal|0 fnt
|faint|p2a: Torkoal
|
|-weather|SunnyDay|[upkeep]
|upkeep
|
|t:|1758961014
|switch|p2a: Iron Valiant|Iron Valiant|100/100
|turn|10
|
|t:|1758961020
|switch|p1a: Araquanid|Araquanid, F|100/100
|move|p2a: Iron Valiant|Trick Room|p2a: Iron Valiant
|-fieldstart|move: Trick Room|[of] p2a: Iron Valiant
|-enditem|p2a: Iron Valiant|Room Service
|-unboost|p2a: Iron Valiant|spe|1|[from] item: Room Service
|
|-weather|SunnyDay|[upkeep]
|upkeep
|turn|11
|
|t:|1758961043
|-end|p2a: Iron Valiant|Quark Drive|[silent]
|switch|p2a: Dondozo|Dondozo, F|100/100
|move|p1a: Araquanid|Liquidation|p2a: Dondozo
|-resisted|p2a: Dondozo
|-damage|p2a: Dondozo|94/100
|-unboost|p2a: Dondozo|def|1
|
|-weather|SunnyDay|[upkeep]
|upkeep
|turn|12
|
|t:|1758961054
|move|p2a: Dondozo|Curse|p2a: Dondozo
|-unboost|p2a: Dondozo|spe|1
|-boost|p2a: Dondozo|atk|1
|-boost|p2a: Dondozo|def|1
|move|p1a: Araquanid|Leech Life|p2a: Dondozo
|-damage|p2a: Dondozo|81/100
|
|-weather|none
|upkeep
|turn|13
|
|t:|1758961064
|move|p2a: Dondozo|Curse|p2a: Dondozo
|-unboost|p2a: Dondozo|spe|1
|-boost|p2a: Dondozo|atk|1
|-boost|p2a: Dondozo|def|1
|move|p1a: Araquanid|Leech Life|p2a: Dondozo
|-damage|p2a: Dondozo|71/100
|
|upkeep
|turn|14
|
|t:|1758961074
|move|p2a: Dondozo|Curse|p2a: Dondozo
|-unboost|p2a: Dondozo|spe|1
|-boost|p2a: Dondozo|atk|1
|-boost|p2a: Dondozo|def|1
|move|p1a: Araquanid|Liquidation|p2a: Dondozo
|-resisted|p2a: Dondozo
|-damage|p2a: Dondozo|64/100
|
|-fieldend|move: Trick Room
|upkeep
|turn|15
|
|t:|1758961087
|switch|p1a: Hydreigon|Hydreigon, M|83/100
|move|p2a: Dondozo|Curse|p2a: Dondozo
|-unboost|p2a: Dondozo|spe|1
|-boost|p2a: Dondozo|atk|1
|-boost|p2a: Dondozo|def|1
|
|upkeep
|turn|16
|
|t:|1758961100
|move|p1a: Hydreigon|Draco Meteor|p2a: Dondozo
|-damage|p2a: Dondozo|0 fnt
|-unboost|p1a: Hydreigon|spa|2
|faint|p2a: Dondozo
|
|upkeep
|
|t:|1758961109
|switch|p2a: Iron Valiant|Iron Valiant|100/100
|turn|17
|inactive|Battle timer is ON: inactive players will automatically lose when time's up. (requested by azraelyne)
|
|t:|1758961160
|switch|p1a: Araquanid|Araquanid, F|100/100
|move|p2a: Iron Valiant|Trick Room|p2a: Iron Valiant
|-fieldstart|move: Trick Room|[of] p2a: Iron Valiant
|
|upkeep
|turn|18
|
|t:|1758961171
|-end|p2a: Iron Valiant|Quark Drive|[silent]
|switch|p2a: Araquanid|Araquanid, F|100/100
|move|p1a: Araquanid|Liquidation|p2a: Araquanid
|-resisted|p2a: Araquanid
|-damage|p2a: Araquanid|75/100
|
|upkeep
|turn|19
|
|t:|1758961179
|move|p2a: Araquanid|Leech Life|p1a: Araquanid
|-damage|p1a: Araquanid|48/100
|-heal|p2a: Araquanid|100/100|[from] drain|[of] p1a: Araquanid
|move|p1a: Araquanid|Sticky Web|p2a: Araquanid
|-sidestart|p2: azraelyne|move: Sticky Web
|
|-heal|p1a: Araquanid|54/100|[from] item: Leftovers
|upkeep
|turn|20
|
|t:|1758961189
|move|p2a: Araquanid|Leech Life|p1a: Araquanid
|-damage|p1a: Araquanid|4/100
|move|p1a: Araquanid|Leech Life|p2a: Araquanid
|-damage|p2a: Araquanid|77/100
|-heal|p1a: Araquanid|16/100|[from] drain|[of] p2a: Araquanid
|
|-heal|p1a: Araquanid|23/100|[from] item: Leftovers
|upkeep
|turn|21
|
|t:|1758961199
|move|p2a: Araquanid|Leech Life|p1a: Araquanid
|-damage|p1a: Araquanid|0 fnt
|-heal|p2a: Araquanid|88/100|[from] drain|[of] p1a: Araquanid
|faint|p1a: Araquanid
|
|-fieldend|move: Trick Room
|upkeep
|
|t:|1758961211
|switch|p1a: Hydreigon|Hydreigon, M|83/100
|turn|22
|
|t:|1758961219
|move|p1a: Hydreigon|Draco Meteor|p2a: Araquanid
|-damage|p2a: Araquanid|33/100
|-unboost|p1a: Hydreigon|spa|2
|move|p2a: Araquanid|Leech Life|p1a: Hydreigon
|-supereffective|p1a: Hydreigon
|-damage|p1a: Hydreigon|0 fnt
|-heal|p2a: Araquanid|73/100|[from] drain|[of] p1a: Hydreigon
|faint|p1a: Hydreigon
|
|upkeep
|
|t:|1758961224
|switch|p1a: Excadrill|Excadrill, M|61/100
|-ability|p1a: Excadrill|Mold Breaker
|turn|23
|
|t:|1758961235
|move|p1a: Excadrill|Swords Dance|p1a: Excadrill
|-boost|p1a: Excadrill|atk|2
|move|p2a: Araquanid|Leech Life|p1a: Excadrill
|-resisted|p1a: Excadrill
|-damage|p1a: Excadrill|31/100
|-heal|p2a: Araquanid|88/100|[from] drain|[of] p1a: Excadrill
|
|upkeep
|turn|24
|
|t:|1758961243
|move|p1a: Excadrill|Iron Head|p2a: Araquanid
|-resisted|p2a: Araquanid
|-damage|p2a: Araquanid|25/100
|-damage|p1a: Excadrill|21/100|[from] item: Life Orb
|move|p2a: Araquanid|Leech Life|p1a: Excadrill
|-resisted|p1a: Excadrill
|-damage|p1a: Excadrill|0 fnt
|-heal|p2a: Araquanid|35/100|[from] drain|[of] p1a: Excadrill
|faint|p1a: Excadrill
|
|upkeep
|
|t:|1758961249
|switch|p1a: Conkeldurr|Conkeldurr, M|100/100
|turn|25
|
|t:|1758961256
|move|p1a: Conkeldurr|Bulk Up|p1a: Conkeldurr
|-boost|p1a: Conkeldurr|atk|1
|-boost|p1a: Conkeldurr|def|1
|move|p2a: Araquanid|Leech Life|p1a: Conkeldurr
|-resisted|p1a: Conkeldurr
|-damage|p1a: Conkeldurr|86/100
|-heal|p2a: Araquanid|44/100|[from] drain|[of] p1a: Conkeldurr
|
|-status|p1a: Conkeldurr|brn|[from] item: Flame Orb
|upkeep
|turn|26
|
|t:|1758961267
|move|p1a: Conkeldurr|Bulk Up|p1a: Conkeldurr
|-boost|p1a: Conkeldurr|atk|1
|-boost|p1a: Conkeldurr|def|1
|move|p2a: Araquanid|Leech Life|p1a: Conkeldurr
|-resisted|p1a: Conkeldurr
|-damage|p1a: Conkeldurr|76/100 brn
|-heal|p2a: Araquanid|51/100|[from] drain|[of] p1a: Conkeldurr
|
|-damage|p1a: Conkeldurr|70/100 brn|[from] brn
|upkeep
|turn|27
|
|t:|1758961278
|move|p1a: Conkeldurr|Bulk Up|p1a: Conkeldurr
|-boost|p1a: Conkeldurr|atk|1
|-boost|p1a: Conkeldurr|def|1
|move|p2a: Araquanid|Leech Life|p1a: Conkeldurr
|-resisted|p1a: Conkeldurr
|-damage|p1a: Conkeldurr|62/100 brn
|-heal|p2a: Araquanid|56/100|[from] drain|[of] p1a: Conkeldurr
|
|-damage|p1a: Conkeldurr|56/100 brn|[from] brn
|upkeep
|turn|28
|
|t:|1758961289
|move|p1a: Conkeldurr|Drain Punch|p2a: Araquanid
|-resisted|p2a: Araquanid
|-damage|p2a: Araquanid|0 fnt
|-heal|p1a: Conkeldurr|79/100 brn|[from] drain|[of] p2a: Araquanid
|faint|p2a: Araquanid
|
|-damage|p1a: Conkeldurr|72/100 brn|[from] brn
|upkeep
|
|t:|1758961298
|switch|p2a: Iron Valiant|Iron Valiant|100/100
|-activate|p2a: Iron Valiant|move: Sticky Web
|-unboost|p2a: Iron Valiant|spe|1
|turn|29
|
|t:|1758961307
|-terastallize|p2a: Iron Valiant|Fairy
|-terastallize|p1a: Conkeldurr|Fighting
|move|p2a: Iron Valiant|Moonblast|p1a: Conkeldurr
|-supereffective|p1a: Conkeldurr
|-damage|p1a: Conkeldurr|0 fnt
|faint|p1a: Conkeldurr
|
|win|azraelyne
|raw|Markuss205's rating: 1173 &rarr; <strong>1142</strong><br />(-31 for losing)
|raw|azraelyne's rating: 1090 &rarr; <strong>1123</strong><br />(+33 for winning)
|l|☆Markuss205
|player|p1|
|l|☆azraelyne
|player|p2|
