|j|☆uihjvb
|j|☆Shahahatyyyy
|t:|1758963515
|gametype|singles
|player|p1|uihjvb|hilda|1105
|player|p2|Shahahatyyyy|101|1135
|gen|9
|tier|[Gen 9] OU
|rated|
|rule|HP Percentage Mod: HP is shown in percentages
|rule|Endless Battle Clause: Forcing endless battles is banned
|rule|Species Clause: Limit one of each Pokémon
|rule|OHKO Clause: OHKO moves are banned
|rule|Evasion Items Clause: Evasion items are banned
|rule|Evasion Moves Clause: Evasion moves are banned
|rule|Evasion Abilities Clause: Evasion abilities are banned
|rule|Sleep Moves Clause: Sleep-inducing moves are banned
|clearpoke
|poke|p1|Deoxys-Speed|
|poke|p1|Metagross|
|poke|p1|Alomomola, M|
|poke|p1|Slowking-Galar, F|
|poke|p1|Sableye, M|
|poke|p1|Toxapex, M|
|poke|p2|Gardevoir, F|
|poke|p2|Articuno|
|poke|p2|Ninetales-Alola, M|
|poke|p2|Avalugg-Hisui, M|
|poke|p2|Cloyster, F|
|poke|p2|Abomasnow, F|
|teampreview
|inactive|Battle timer is ON: inactive players will automatically lose when time's up. (requested by uihjvb)
|
|t:|1758963522
|teamsize|p1|6
|teamsize|p2|6
|start
|switch|p1a: Deoxys|Deoxys-Speed|100/100
|switch|p2a: Ninetales|Ninetales-Alola, M|100/100
|-ability|p1a: Deoxys|Pressure
|-weather|Snowscape|[from] ability: Snow Warning|[of] p2a: Ninetales
|turn|1
|
|t:|1758963538
|move|p1a: Deoxys|Spikes|p2a: Ninetales
|-sidestart|p2: Shahahatyyyy|Spikes
|move|p2a: Ninetales|Aurora Veil|p2a: Ninetales
|-sidestart|p2: Shahahatyyyy|move: Aurora Veil
|
|-weather|Snowscape|[upkeep]
|upkeep
|turn|2
|
|t:|1758963548
|move|p1a: Deoxys|Spikes|p2a: Ninetales
|-sidestart|p2: Shahahatyyyy|Spikes
|move|p2a: Ninetales|Blizzard|p1a: Deoxys
|-damage|p1a: Deoxys|67/100
|
|-weather|Snowscape|[upkeep]
|upkeep
|turn|3
|
|t:|1758963557
|move|p1a: Deoxys|Spikes|p2a: Ninetales
|-sidestart|p2: Shahahatyyyy|Spikes
|move|p2a: Ninetales|Nasty Plot|p2a: Ninetales
|-boost|p2a: Ninetales|spa|2
|
|-weather|Snowscape|[upkeep]
|upkeep
|turn|4
|
|t:|1758963565
|move|p1a: Deoxys|Knock Off|p2a: Ninetales
|-resisted|p2a: Ninetales
|-damage|p2a: Ninetales|97/100
|-enditem|p2a: Ninetales|Light Clay|[from] move: Knock Off|[of] p1a: Deoxys
|move|p2a: Ninetales|Blizzard|p1a: Deoxys
|-damage|p1a: Deoxys|0 fnt
|faint|p1a: Deoxys
|
|-weather|Snowscape|[upkeep]
|upkeep
|
|t:|1758963575
|switch|p1a: Metagross|Metagross|100/100
|turn|5
|inactive|Shahahatyyyy has 120 seconds left.
|
|t:|1758963608
|switch|p2a: Avalugg|Avalugg-Hisui, M|100/100
|-damage|p2a: Avalugg|76/100|[from] Spikes
|move|p1a: Metagross|Stealth Rock|p2a: Avalugg
|-sidestart|p2: Shahahatyyyy|move: Stealth Rock
|
|-weather|none
|upkeep
|turn|6
|
|t:|1758963618
|move|p1a: Metagross|Iron Defense|p1a: Metagross
|-boost|p1a: Metagross|def|2
|move|p2a: Avalugg|Earthquake|p1a: Metagross
|-supereffective|p1a: Metagross
|-damage|p1a: Metagross|79/100
|
|-heal|p1a: Metagross|85/100|[from] item: Leftovers
|upkeep
|turn|7
|
|t:|1758963629
|move|p1a: Metagross|Iron Defense|p1a: Metagross
|-boost|p1a: Metagross|def|2
|move|p2a: Avalugg|Body Press|p1a: Metagross
|-damage|p1a: Metagross|78/100
|
|-heal|p1a: Metagross|84/100|[from] item: Leftovers
|upkeep
|turn|8
|
|t:|1758963639
|move|p1a: Metagross|Iron Defense|p1a: Metagross
|-boost|p1a: Metagross|def|2
|move|p2a: Avalugg|Earthquake|p1a: Metagross
|-supereffective|p1a: Metagross
|-damage|p1a: Metagross|71/100
|
|-heal|p1a: Metagross|77/100|[from] item: Leftovers
|-sideend|p2: Shahahatyyyy|move: Aurora Veil
|upkeep
|turn|9
|
|t:|1758963662
|switch|p2a: Abomasnow|Abomasnow, F|100/100
|-damage|p2a: Abomasnow|76/100|[from] Spikes
|-damage|p2a: Abomasnow|51/100|[from] Stealth Rock
|-weather|Snowscape|[from] ability: Snow Warning|[of] p2a: Abomasnow
|move|p1a: Metagross|Meteor Mash|p2a: Abomasnow
|-supereffective|p2a: Abomasnow
|-damage|p2a: Abomasnow|0 fnt
|-boost|p1a: Metagross|atk|1
|faint|p2a: Abomasnow
|
|-weather|Snowscape|[upkeep]
|-heal|p1a: Metagross|83/100|[from] item: Leftovers
|upkeep
|
|t:|1758963677
|switch|p2a: Avalugg|Avalugg-Hisui, M|76/100
|-damage|p2a: Avalugg|51/100|[from] Spikes
|-damage|p2a: Avalugg|26/100|[from] Stealth Rock
|turn|10
|
|t:|1758963683
|move|p1a: Metagross|Meteor Mash|p2a: Avalugg
|-supereffective|p2a: Avalugg
|-damage|p2a: Avalugg|0 fnt
|-damage|p1a: Metagross|67/100|[from] item: Rocky Helmet|[of] p2a: Avalugg
|faint|p2a: Avalugg
|
|-weather|Snowscape|[upkeep]
|-heal|p1a: Metagross|73/100|[from] item: Leftovers
|upkeep
|
|t:|1758963690
|switch|p2a: Articuno|Articuno|100/100
|-damage|p2a: Articuno|51/100|[from] Stealth Rock
|-ability|p2a: Articuno|Pressure
|turn|11
|
|t:|1758963698
|move|p2a: Articuno|Blizzard|p1a: Metagross
|-resisted|p1a: Metagross
|-damage|p1a: Metagross|49/100
|move|p1a: Metagross|Meteor Mash|p2a: Articuno
|-supereffective|p2a: Articuno
|-damage|p2a: Articuno|0 fnt
|faint|p2a: Articuno
|
|-weather|Snowscape|[upkeep]
|-heal|p1a: Metagross|55/100|[from] item: Leftovers
|upkeep
|
|t:|1758963707
|switch|p2a: Ninetales|Ninetales-Alola, M|97/100
|-damage|p2a: Ninetales|72/100|[from] Spikes
|-damage|p2a: Ninetales|47/100|[from] Stealth Rock
|turn|12
|
|t:|1758963713
|move|p2a: Ninetales|Blizzard|p1a: Metagross
|-resisted|p1a: Metagross
|-damage|p1a: Metagross|41/100
|move|p1a: Metagross|Meteor Mash|p2a: Ninetales
|-supereffective|p2a: Ninetales
|-damage|p2a: Ninetales|0 fnt
|faint|p2a: Ninetales
|
|-weather|Snowscape|[upkeep]
|-heal|p1a: Metagross|47/100|[from] item: Leftovers
|upkeep
|
|t:|1758963723
|switch|p2a: Cloyster|Cloyster, F|100/100
|-damage|p2a: Cloyster|76/100|[from] Spikes
|-damage|p2a: Cloyster|51/100|[from] Stealth Rock
|turn|13
|
|t:|1758963728
|-terastallize|p2a: Cloyster|Ground
|move|p2a: Cloyster|Tera Blast|p1a: Metagross|[anim] Tera Blast Ground
|-supereffective|p1a: Metagross
|-damage|p1a: Metagross|35/100
|move|p1a: Metagross|Meteor Mash|p2a: Cloyster
|-damage|p2a: Cloyster|0 fnt
|-boost|p1a: Metagross|atk|1
|faint|p2a: Cloyster
|
|-weather|none
|-heal|p1a: Metagross|41/100|[from] item: Leftovers
|upkeep
|
|t:|1758963739
|switch|p2a: Gardevoir|Gardevoir, F|100/100
|-damage|p2a: Gardevoir|76/100|[from] Spikes
|-damage|p2a: Gardevoir|63/100|[from] Stealth Rock
|-ability|p2a: Gardevoir|Clear Body|Trace|[from] ability: Trace|[of] p1a: Metagross
|turn|14
|
|t:|1758963760
|move|p2a: Gardevoir|Energy Ball|p1a: Metagross
|-resisted|p1a: Metagross
|-damage|p1a: Metagross|25/100
|move|p1a: Metagross|Meteor Mash|p2a: Gardevoir
|-supereffective|p2a: Gardevoir
|-damage|p2a: Gardevoir|0 fnt
|-boost|p1a: Metagross|atk|1
|faint|p2a: Gardevoir
|
|win|uihjvb
|raw|uihjvb's rating: 1105 &rarr; <strong>1132</strong><br />(+27 for winning)
|raw|Shahahatyyyy's rating: 1135 &rarr; <strong>1108</strong><br />(-27 for losing)
|l|☆Shahahatyyyy
|player|p2|
|l|☆uihjvb
|player|p1|
