|j|☆WoopersLastStand
|j|☆thraxxedout!
|t:|1759052990
|gametype|singles
|player|p1|WoopersLastStand|parasollady|1279
|player|p2|thraxxedout!|265|1369
|gen|9
|tier|[Gen 9] OU
|rated|
|rule|HP Percentage Mod: HP is shown in percentages
|rule|Endless Battle Clause: Forcing endless battles is banned
|rule|Species Clause: Limit one of each Pokémon
|rule|OHKO Clause: OHKO moves are banned
|rule|Evasion Items Clause: Evasion items are banned
|rule|Evasion Moves Clause: Evasion moves are banned
|rule|Evasion Abilities Clause: Evasion abilities are banned
|rule|Sleep Moves Clause: Sleep-inducing moves are banned
|clearpoke
|poke|p1|Politoed, M|
|poke|p1|Iron Treads|
|poke|p1|Toxicroak, M|
|poke|p1|Zapdos|
|poke|p1|Hatterene, F|
|poke|p1|Barraskewda, F|
|poke|p2|Dragapult, F|
|poke|p2|Kingambit, F|
|poke|p2|Landorus-Therian, M|
|poke|p2|Slowking-Galar, F|
|poke|p2|Primarina, F|
|poke|p2|Ogerpon, F|
|teampreview
|
|t:|1759053006
|teamsize|p1|6
|teamsize|p2|6
|start
|switch|p1a: Politoed|Politoed, M|100/100
|switch|p2a: Ogerpon|Ogerpon, F|100/100
|-weather|RainDance|[from] ability: Drizzle|[of] p1a: Politoed
|turn|1
|
|t:|1759053020
|switch|p1a: Toxicroak|Toxicroak, M|100/100
|move|p2a: Ogerpon|Knock Off|p1a: Toxicroak
|-resisted|p1a: Toxicroak
|-damage|p1a: Toxicroak|85/100
|-damage|p2a: Ogerpon|84/100|[from] item: Rocky Helmet|[of] p1a: Toxicroak
|-enditem|p1a: Toxicroak|Rocky Helmet|[from] move: Knock Off|[of] p2a: Ogerpon
|
|-weather|RainDance|[upkeep]
|-heal|p1a: Toxicroak|98/100|[from] ability: Dry Skin
|upkeep
|turn|2
|
|t:|1759053057
|switch|p2a: Landorus|Landorus-Therian, M|100/100
|-ability|p2a: Landorus|Intimidate|boost
|-unboost|p1a: Toxicroak|atk|1
|move|p1a: Toxicroak|Toxic|p2a: Landorus
|-status|p2a: Landorus|tox
|
|-weather|RainDance|[upkeep]
|-heal|p1a: Toxicroak|100/100|[from] ability: Dry Skin
|-damage|p2a: Landorus|94/100 tox|[from] psn
|upkeep
|turn|3
|
|t:|1759053073
|switch|p1a: Barraskewda|Barraskewda, F|100/100
|move|p2a: Landorus|U-turn|p1a: Barraskewda
|-damage|p1a: Barraskewda|60/100
|
|t:|1759053085
|switch|p2a: Primarina|Primarina, F|100/100|[from] U-turn
|
|-weather|RainDance|[upkeep]
|upkeep
|turn|4
|
|t:|1759053091
|move|p1a: Barraskewda|Waterfall|p2a: Primarina
|-resisted|p2a: Primarina
|-damage|p2a: Primarina|29/100
|move|p2a: Primarina|Moonblast|p1a: Barraskewda
|-damage|p1a: Barraskewda|0 fnt
|faint|p1a: Barraskewda
|
|-weather|RainDance|[upkeep]
|upkeep
|
|t:|1759053099
|switch|p1a: Iron Treads|Iron Treads|100/100
|turn|5
|
|t:|1759053103
|move|p1a: Iron Treads|Iron Head|p2a: Primarina
|-damage|p2a: Primarina|0 fnt
|faint|p2a: Primarina
|
|-weather|RainDance|[upkeep]
|upkeep
|
|t:|1759053110
|switch|p2a: Landorus|Landorus-Therian, M|94/100 tox
|-ability|p2a: Landorus|Intimidate|boost
|-unboost|p1a: Iron Treads|atk|1
|turn|6
|
|t:|1759053125
|-end|p1a: Iron Treads|Quark Drive|[silent]
|switch|p1a: Zapdos|Zapdos|100/100
|move|p2a: Landorus|U-turn|p1a: Zapdos
|-resisted|p1a: Zapdos
|-damage|p1a: Zapdos|87/100
|
|t:|1759053131
|switch|p2a: Dragapult|Dragapult, F|100/100|[from] U-turn
|
|-weather|RainDance|[upkeep]
|upkeep
|turn|7
|
|t:|1759053142
|switch|p1a: Hatterene|Hatterene, F|100/100
|move|p2a: Dragapult|Shadow Ball|p1a: Hatterene
|-supereffective|p1a: Hatterene
|-damage|p1a: Hatterene|0 fnt
|faint|p1a: Hatterene
|
|-weather|RainDance|[upkeep]
|upkeep
|
|t:|1759053160
|switch|p1a: Toxicroak|Toxicroak, M|100/100
|turn|8
|
|t:|1759053166
|switch|p2a: Landorus|Landorus-Therian, M|94/100 tox
|-ability|p2a: Landorus|Intimidate|boost
|-unboost|p1a: Toxicroak|atk|1
|move|p1a: Toxicroak|Knock Off|p2a: Landorus
|-damage|p2a: Landorus|79/100 tox
|-damage|p1a: Toxicroak|84/100|[from] item: Rocky Helmet|[of] p2a: Landorus
|-enditem|p2a: Landorus|Rocky Helmet|[from] move: Knock Off|[of] p1a: Toxicroak
|
|-weather|none
|-damage|p2a: Landorus|73/100 tox|[from] psn
|upkeep
|turn|9
|
|t:|1759053186
|move|p2a: Landorus|Stealth Rock|p1a: Toxicroak
|-sidestart|p1: WoopersLastStand|move: Stealth Rock
|move|p1a: Toxicroak|Knock Off|p2a: Landorus
|-damage|p2a: Landorus|63/100 tox
|
|-damage|p2a: Landorus|51/100 tox|[from] psn
|upkeep
|turn|10
|
|t:|1759053205
|switch|p1a: Zapdos|Zapdos|87/100
|-damage|p1a: Zapdos|62/100|[from] Stealth Rock
|move|p2a: Landorus|Earthquake|p1a: Zapdos
|-immune|p1a: Zapdos
|
|-damage|p2a: Landorus|33/100 tox|[from] psn
|upkeep
|turn|11
|
|t:|1759053219
|move|p1a: Zapdos|Volt Switch|p2a: Landorus
|-immune|p2a: Landorus
|move|p2a: Landorus|Taunt|p1a: Zapdos
|-start|p1a: Zapdos|move: Taunt
|
|-damage|p2a: Landorus|9/100 tox|[from] psn
|upkeep
|turn|12
|
|t:|1759053229
|move|p1a: Zapdos|Volt Switch|p2a: Landorus
|-immune|p2a: Landorus
|move|p2a: Landorus|U-turn|p1a: Zapdos
|-resisted|p1a: Zapdos
|-damage|p1a: Zapdos|48/100
|
|t:|1759053233
|switch|p2a: Dragapult|Dragapult, F|100/100|[from] U-turn
|
|upkeep
|turn|13
|
|t:|1759053238
|move|p2a: Dragapult|Draco Meteor|p1a: Zapdos|[miss]
|-miss|p2a: Dragapult|p1a: Zapdos
|move|p1a: Zapdos|Volt Switch|p2a: Dragapult
|-resisted|p2a: Dragapult
|-crit|p2a: Dragapult
|-damage|p2a: Dragapult|43/100
|
|t:|1759053247
|switch|p1a: Politoed|Politoed, M|100/100|[from] Volt Switch
|-damage|p1a: Politoed|88/100|[from] Stealth Rock
|-weather|RainDance|[from] ability: Drizzle|[of] p1a: Politoed
|
|-weather|RainDance|[upkeep]
|upkeep
|turn|14
|
|t:|1759053257
|switch|p2a: Slowking|Slowking-Galar, F|100/100
|move|p1a: Politoed|Ice Beam|p2a: Slowking
|-damage|p2a: Slowking|84/100
|-status|p2a: Slowking|frz
|
|-weather|RainDance|[upkeep]
|upkeep
|turn|15
|
|t:|1759053268
|switch|p1a: Iron Treads|Iron Treads|100/100
|-prepare|p2a: Slowking|Chilly Reception|[premajor]
|cant|p2a: Slowking|frz
|
|-weather|RainDance|[upkeep]
|upkeep
|turn|16
|
|t:|1759053274
|move|p1a: Iron Treads|Rapid Spin|p2a: Slowking
|-damage|p2a: Slowking|69/100 frz
|-boost|p1a: Iron Treads|spe|1
|-sideend|p1: WoopersLastStand|Stealth Rock|[from] move: Rapid Spin|[of] p1a: Iron Treads
|-prepare|p2a: Slowking|Chilly Reception|[premajor]
|cant|p2a: Slowking|frz
|
|-weather|RainDance|[upkeep]
|upkeep
|turn|17
|
|t:|1759053286
|move|p1a: Iron Treads|Earthquake|p2a: Slowking
|-supereffective|p2a: Slowking
|-damage|p2a: Slowking|0 fnt
|faint|p2a: Slowking
|
|-weather|RainDance|[upkeep]
|upkeep
|
|t:|1759053297
|switch|p2a: Ogerpon|Ogerpon, F|84/100
|turn|18
|
|t:|1759053310
|-terastallize|p2a: Ogerpon|Grass
|detailschange|p2a: Ogerpon|Ogerpon-Teal-Tera, F, tera:Grass
|-ability|p2a: Ogerpon|Embody Aspect (Teal)|boost
|-boost|p2a: Ogerpon|spe|1
|move|p2a: Ogerpon|Encore|p1a: Iron Treads
|-start|p1a: Iron Treads|Encore
|move|p1a: Iron Treads|Earthquake|p2a: Ogerpon
|-resisted|p2a: Ogerpon
|-damage|p2a: Ogerpon|55/100
|
|-weather|RainDance|[upkeep]
|upkeep
|turn|19
|
|t:|1759053325
|move|p2a: Ogerpon|Swords Dance|p2a: Ogerpon
|-boost|p2a: Ogerpon|atk|2
|move|p1a: Iron Treads|Earthquake|p2a: Ogerpon
|-resisted|p2a: Ogerpon
|-damage|p2a: Ogerpon|23/100
|
|-weather|RainDance|[upkeep]
|upkeep
|turn|20
|
|t:|1759053336
|move|p2a: Ogerpon|Ivy Cudgel|p1a: Iron Treads
|-damage|p1a: Iron Treads|0 fnt
|faint|p1a: Iron Treads
|-end|p1a: Iron Treads|Quark Drive|[silent]
|
|-weather|none
|upkeep
|
|t:|1759053346
|switch|p1a: Toxicroak|Toxicroak, M|84/100
|turn|21
|
|t:|1759053362
|move|p2a: Ogerpon|Ivy Cudgel|p1a: Toxicroak
|-resisted|p1a: Toxicroak
|-damage|p1a: Toxicroak|19/100
|move|p1a: Toxicroak|Drain Punch|p2a: Ogerpon
|-damage|p2a: Ogerpon|0 fnt
|-heal|p1a: Toxicroak|28/100|[from] drain|[of] p2a: Ogerpon
|faint|p2a: Ogerpon
|detailschange|p2: Ogerpon|Ogerpon, F|[silent]
|
|upkeep
|
|t:|1759053371
|switch|p2a: Landorus|Landorus-Therian, M|9/100 tox
|-ability|p2a: Landorus|Intimidate|boost
|-unboost|p1a: Toxicroak|atk|1
|turn|22
|
|t:|1759053389
|move|p2a: Landorus|Earthquake|p1a: Toxicroak
|-supereffective|p1a: Toxicroak
|-damage|p1a: Toxicroak|0 fnt
|faint|p1a: Toxicroak
|
|-damage|p2a: Landorus|3/100 tox|[from] psn
|upkeep
|
|t:|1759053398
|switch|p1a: Politoed|Politoed, M|88/100
|-weather|RainDance|[from] ability: Drizzle|[of] p1a: Politoed
|turn|23
|
|t:|1759053411
|move|p2a: Landorus|Stealth Rock|p1a: Politoed
|-sidestart|p1: WoopersLastStand|move: Stealth Rock
|move|p1a: Politoed|Weather Ball|p2a: Landorus
|-supereffective|p2a: Landorus
|-damage|p2a: Landorus|0 fnt
|faint|p2a: Landorus
|
|-weather|RainDance|[upkeep]
|upkeep
|
|t:|1759053416
|switch|p2a: Kingambit|Kingambit, F|100/100
|-activate|p2a: Kingambit|ability: Supreme Overlord
|-start|p2a: Kingambit|fallen4|[silent]
|turn|24
|
|t:|1759053425
|move|p2a: Kingambit|Kowtow Cleave|p1a: Politoed
|-damage|p1a: Politoed|0 fnt
|faint|p1a: Politoed
|
|-weather|RainDance|[upkeep]
|upkeep
|
|t:|1759053433
|switch|p1a: Zapdos|Zapdos|48/100
|-damage|p1a: Zapdos|23/100|[from] Stealth Rock
|turn|25
|
|t:|1759053445
|move|p1a: Zapdos|Thunder|p2a: Kingambit
|-damage|p2a: Kingambit|0 fnt
|faint|p2a: Kingambit
|-end|p2a: Kingambit|fallen4|[silent]
|
|-weather|RainDance|[upkeep]
|upkeep
|
|t:|1759053457
|switch|p2a: Dragapult|Dragapult, F|43/100
|turn|26
|
|t:|1759053464
|-terastallize|p1a: Zapdos|Electric
|move|p2a: Dragapult|Draco Meteor|p1a: Zapdos
|-damage|p1a: Zapdos|0 fnt
|-unboost|p2a: Dragapult|spa|2
|faint|p1a: Zapdos
|
|win|thraxxedout!
|raw|WoopersLastStand's rating: 1279 &rarr; <strong>1260</strong><br />(-19 for losing)
|raw|thraxxedout!'s rating: 1369 &rarr; <strong>1384</strong><br />(+15 for winning)
|l|☆thraxxedout!
|player|p2|
|l|☆WoopersLastStand
|player|p1|
