|j|☆Passerby bye
|j|☆bo1bstrd
|t:|1759052373
|gametype|singles
|player|p1|Passerby bye|cyclist|1204
|player|p2|bo1bstrd|170|1235
|gen|9
|tier|[Gen 9] OU
|rated|
|rule|HP Percentage Mod: HP is shown in percentages
|rule|Endless Battle Clause: Forcing endless battles is banned
|rule|Species Clause: Limit one of each Pokémon
|rule|OHKO Clause: OHKO moves are banned
|rule|Evasion Items Clause: Evasion items are banned
|rule|Evasion Moves Clause: Evasion moves are banned
|rule|Evasion Abilities Clause: Evasion abilities are banned
|rule|Sleep Moves Clause: Sleep-inducing moves are banned
|clearpoke
|poke|p1|Magnezone|
|poke|p1|Vileplume, F|
|poke|p1|Gyarados, F|
|poke|p1|Houndoom, F|
|poke|p1|Mamoswine, M|
|poke|p1|Gardevoir, M|
|poke|p2|Kyurem|
|poke|p2|Corviknight, M|
|poke|p2|Ting-Lu|
|poke|p2|Dondozo, M|
|poke|p2|Slowking-Galar, L99, M|
|poke|p2|Cinderace, M|
|teampreview
|
|t:|1759052405
|teamsize|p1|6
|teamsize|p2|6
|start
|switch|p1a: BST＞540 Pkmn sucks|Gyarados, F, shiny|100/100
|switch|p2a: Cinderace|Cinderace, M, shiny|100/100
|-ability|p1a: BST＞540 Pkmn sucks|Intimidate|boost
|-unboost|p2a: Cinderace|atk|1
|turn|1
|
|t:|1759052410
|move|p2a: Cinderace|Will-O-Wisp|p1a: BST＞540 Pkmn sucks
|-status|p1a: BST＞540 Pkmn sucks|brn
|move|p1a: BST＞540 Pkmn sucks|Thunder Wave|p2a: Cinderace
|-status|p2a: Cinderace|par
|
|-damage|p1a: BST＞540 Pkmn sucks|94/100 brn|[from] brn
|upkeep
|turn|2
|
|t:|1759052426
|move|p1a: BST＞540 Pkmn sucks|Waterfall|p2a: Cinderace
|-supereffective|p2a: Cinderace
|-damage|p2a: Cinderace|43/100 par
|move|p2a: Cinderace|U-turn|p1a: BST＞540 Pkmn sucks
|-resisted|p1a: BST＞540 Pkmn sucks
|-damage|p1a: BST＞540 Pkmn sucks|89/100 brn
|
|t:|1759052434
|switch|p2a: Slowking|Slowking-Galar, L99, M, shiny|100/100|[from] U-turn
|
|-damage|p1a: BST＞540 Pkmn sucks|83/100 brn|[from] brn
|upkeep
|turn|3
|
|t:|1759052439
|move|p1a: BST＞540 Pkmn sucks|Dragon Dance|p1a: BST＞540 Pkmn sucks
|-boost|p1a: BST＞540 Pkmn sucks|atk|1
|-boost|p1a: BST＞540 Pkmn sucks|spe|1
|move|p2a: Slowking|Future Sight|p1a: BST＞540 Pkmn sucks
|-start|p2a: Slowking|move: Future Sight
|
|-damage|p1a: BST＞540 Pkmn sucks|77/100 brn|[from] brn
|upkeep
|turn|4
|
|t:|1759052455
|move|p1a: BST＞540 Pkmn sucks|Earthquake|p2a: Slowking
|-supereffective|p2a: Slowking
|-damage|p2a: Slowking|41/100
|-prepare|p2a: Slowking|Chilly Reception|[premajor]
|move|p2a: Slowking|Chilly Reception|p2a: Slowking
|-weather|Snowscape
|
|t:|1759052486
|switch|p2a: Cinderace|Cinderace, M, shiny|43/100 par|[from] Chilly Reception
|
|-weather|Snowscape|[upkeep]
|-damage|p1a: BST＞540 Pkmn sucks|71/100 brn|[from] brn
|upkeep
|turn|5
|
|t:|1759052490
|switch|p2a: Corviknight|Corviknight, M, shiny|100/100
|-ability|p2a: Corviknight|Pressure
|move|p1a: BST＞540 Pkmn sucks|Waterfall|p2a: Corviknight
|-damage|p2a: Corviknight|82/100
|-damage|p1a: BST＞540 Pkmn sucks|54/100 brn|[from] item: Rocky Helmet|[of] p2a: Corviknight
|
|-weather|Snowscape|[upkeep]
|-end|p1a: BST＞540 Pkmn sucks|move: Future Sight
|-damage|p1a: BST＞540 Pkmn sucks|12/100 brn
|-damage|p1a: BST＞540 Pkmn sucks|6/100 brn|[from] brn
|upkeep
|turn|6
|
|t:|1759052500
|move|p1a: BST＞540 Pkmn sucks|Thunder Wave|p2a: Corviknight
|-status|p2a: Corviknight|par
|move|p2a: Corviknight|Roost|p2a: Corviknight
|-heal|p2a: Corviknight|100/100 par
|-singleturn|p2a: Corviknight|move: Roost
|
|-weather|Snowscape|[upkeep]
|-damage|p1a: BST＞540 Pkmn sucks|0 fnt|[from] brn
|faint|p1a: BST＞540 Pkmn sucks
|upkeep
|
|t:|1759052510
|switch|p1a: Weather Team sucks|Houndoom, F|100/100
|turn|7
|inactive|Battle timer is ON: inactive players will automatically lose when time's up. (requested by Passerby bye)
|
|t:|1759052552
|switch|p2a: Dondozo|Dondozo, M, shiny|100/100
|move|p1a: Weather Team sucks|Fire Blast|p2a: Dondozo
|-resisted|p2a: Dondozo
|-damage|p2a: Dondozo|77/100
|
|-weather|Snowscape|[upkeep]
|-heal|p2a: Dondozo|83/100|[from] item: Leftovers
|upkeep
|turn|8
|
|t:|1759052562
|switch|p1a: Ordinary Pkmn only|Vileplume, F|100/100
|move|p2a: Dondozo|Curse|p2a: Dondozo
|-unboost|p2a: Dondozo|spe|1
|-boost|p2a: Dondozo|atk|1
|-boost|p2a: Dondozo|def|1
|
|-weather|none
|-heal|p2a: Dondozo|89/100|[from] item: Leftovers
|upkeep
|turn|9
|
|t:|1759052582
|switch|p2a: Cinderace|Cinderace, M, shiny|43/100 par
|move|p1a: Ordinary Pkmn only|Toxic||[still]
|-fail|p1a: Ordinary Pkmn only
|
|upkeep
|turn|10
|
|t:|1759052591
|move|p2a: Cinderace|Pyro Ball|p1a: Ordinary Pkmn only
|-supereffective|p1a: Ordinary Pkmn only
|-damage|p1a: Ordinary Pkmn only|23/100
|move|p1a: Ordinary Pkmn only|Strength Sap|p2a: Cinderace
|-unboost|p2a: Cinderace|atk|1
|-heal|p1a: Ordinary Pkmn only|99/100
|
|upkeep
|turn|11
|
|t:|1759052597
|cant|p2a: Cinderace|par
|move|p1a: Ordinary Pkmn only|Sludge Wave|p2a: Cinderace
|-damage|p2a: Cinderace|1/100 par
|
|upkeep
|turn|12
|
|t:|1759052612
|switch|p2a: Corviknight|Corviknight, M, shiny|100/100 par
|-ability|p2a: Corviknight|Pressure
|move|p1a: Ordinary Pkmn only|Sludge Wave|p2a: Corviknight
|-immune|p2a: Corviknight
|
|upkeep
|turn|13
|
|t:|1759052616
|move|p1a: Ordinary Pkmn only|Leech Seed|p2a: Corviknight
|-start|p2a: Corviknight|move: Leech Seed
|move|p2a: Corviknight|Brave Bird|p1a: Ordinary Pkmn only
|-supereffective|p1a: Ordinary Pkmn only
|-damage|p1a: Ordinary Pkmn only|44/100
|-damage|p2a: Corviknight|84/100 par|[from] item: Rocky Helmet|[of] p1a: Ordinary Pkmn only
|-damage|p2a: Corviknight|68/100 par|[from] Recoil
|
|-damage|p2a: Corviknight|55/100 par|[from] Leech Seed|[of] p1a: Ordinary Pkmn only
|-heal|p1a: Ordinary Pkmn only|58/100|[silent]
|upkeep
|turn|14
|
|t:|1759052626
|switch|p2a: Kyurem|Kyurem, shiny|100/100
|-ability|p2a: Kyurem|Pressure
|move|p1a: Ordinary Pkmn only|Strength Sap|p2a: Kyurem
|-unboost|p2a: Kyurem|atk|1
|-heal|p1a: Ordinary Pkmn only|100/100
|
|upkeep
|turn|15
|
|t:|1759052631
|switch|p1a: Terrain Team sucks|Mamoswine, M|100/100
|move|p2a: Kyurem|Substitute|p2a: Kyurem
|-start|p2a: Kyurem|Substitute
|-damage|p2a: Kyurem|75/100
|
|-heal|p2a: Kyurem|82/100|[from] item: Leftovers
|upkeep
|turn|16
|
|t:|1759052639
|move|p2a: Kyurem|Protect|p2a: Kyurem
|-singleturn|p2a: Kyurem|Protect
|move|p1a: Terrain Team sucks|Stone Edge|p2a: Kyurem
|-activate|p2a: Kyurem|move: Protect
|
|-heal|p2a: Kyurem|88/100|[from] item: Leftovers
|upkeep
|turn|17
|
|t:|1759052653
|move|p2a: Kyurem|Freeze-Dry|p1a: Terrain Team sucks
|-damage|p1a: Terrain Team sucks|86/100
|move|p1a: Terrain Team sucks|Stone Edge|p2a: Kyurem
|-supereffective|p2a: Kyurem
|-end|p2a: Kyurem|Substitute
|
|-heal|p2a: Kyurem|94/100|[from] item: Leftovers
|upkeep
|turn|18
|
|t:|1759052661
|move|p2a: Kyurem|Protect|p2a: Kyurem
|-singleturn|p2a: Kyurem|Protect
|move|p1a: Terrain Team sucks|Stone Edge|p2a: Kyurem
|-activate|p2a: Kyurem|move: Protect
|
|-heal|p2a: Kyurem|99/100|[from] item: Leftovers
|upkeep
|turn|19
|
|t:|1759052674
|switch|p2a: Dondozo|Dondozo, M, shiny|89/100
|move|p1a: Terrain Team sucks|Stone Edge|p2a: Dondozo
|-crit|p2a: Dondozo
|-damage|p2a: Dondozo|62/100
|
|-heal|p2a: Dondozo|68/100|[from] item: Leftovers
|upkeep
|turn|20
|
|t:|1759052681
|switch|p1a: Ordinary Pkmn only|Vileplume, F|100/100
|move|p2a: Dondozo|Waterfall|p1a: Ordinary Pkmn only
|-resisted|p1a: Ordinary Pkmn only
|-damage|p1a: Ordinary Pkmn only|90/100
|-damage|p2a: Dondozo|52/100|[from] item: Rocky Helmet|[of] p1a: Ordinary Pkmn only
|
|-heal|p2a: Dondozo|58/100|[from] item: Leftovers
|upkeep
|turn|21
|
|t:|1759052688
|switch|p2a: Corviknight|Corviknight, M, shiny|55/100 par
|-ability|p2a: Corviknight|Pressure
|move|p1a: Ordinary Pkmn only|Leech Seed|p2a: Corviknight
|-start|p2a: Corviknight|move: Leech Seed
|
|-damage|p2a: Corviknight|43/100 par|[from] Leech Seed|[of] p1a: Ordinary Pkmn only
|-heal|p1a: Ordinary Pkmn only|100/100|[silent]
|upkeep
|turn|22
|c|☆bo1bstrd|Nah I gotta take some shit
|c|☆bo1bstrd|gg
|-message|bo1bstrd forfeited.
|
|win|Passerby bye
|raw|Passerby bye's rating: 1204 &rarr; <strong>1231</strong><br />(+27 for winning)
|raw|bo1bstrd's rating: 1235 &rarr; <strong>1208</strong><br />(-27 for losing)
|l|☆bo1bstrd
|player|p2|
|l|☆Passerby bye
|player|p1|
