|j|☆SCiZ0rking
|j|☆teamrocketgrunt004
|t:|1759072108
|gametype|singles
|player|p1|SCiZ0rking|youngster-gen4dp|1421
|player|p2|teamrocketgrunt004|shadowtriad|1436
|gen|9
|tier|[Gen 9] OU
|rated|
|rule|HP Percentage Mod: HP is shown in percentages
|rule|Endless Battle Clause: Forcing endless battles is banned
|rule|Species Clause: Limit one of each Pokémon
|rule|OHKO Clause: OHKO moves are banned
|rule|Evasion Items Clause: Evasion items are banned
|rule|Evasion Moves Clause: Evasion moves are banned
|rule|Evasion Abilities Clause: Evasion abilities are banned
|rule|Sleep Moves Clause: Sleep-inducing moves are banned
|clearpoke
|poke|p1|Dragapult, F|
|poke|p1|Darkrai|
|poke|p1|Scizor, F|
|poke|p1|Gliscor, F|
|poke|p1|Great Tusk|
|poke|p1|Hatterene, F|
|poke|p2|Umbreon, M|
|poke|p2|Gyarados, M|
|poke|p2|Glimmora, M|
|poke|p2|Cinderace, M|
|poke|p2|Dragonite, M|
|poke|p2|Latios, M|
|teampreview
|inactive|Battle timer is ON: inactive players will automatically lose when time's up. (requested by SCiZ0rking)
|inactive|teamrocketgrunt004 has 120 seconds left.
|
|t:|1759072145
|teamsize|p1|6
|teamsize|p2|6
|start
|switch|p1a: Dragapult|Dragapult, F|100/100
|switch|p2a: Gyarados|Gyarados, M, shiny|100/100
|turn|1
|
|t:|1759072158
|move|p1a: Dragapult|Will-O-Wisp|p2a: Gyarados
|-status|p2a: Gyarados|brn
|-enditem|p2a: Gyarados|Lum Berry|[eat]
|-curestatus|p2a: Gyarados|brn|[msg]
|move|p2a: Gyarados|Dragon Dance|p2a: Gyarados
|-boost|p2a: Gyarados|atk|1
|-boost|p2a: Gyarados|spe|1
|
|upkeep
|turn|2
|
|t:|1759072167
|move|p2a: Gyarados|Crunch|p1a: Dragapult
|-supereffective|p1a: Dragapult
|-damage|p1a: Dragapult|0 fnt
|faint|p1a: Dragapult
|-ability|p2a: Gyarados|Moxie|boost
|-boost|p2a: Gyarados|atk|1
|
|upkeep
|inactive|SCiZ0rking has 120 seconds left.
|
|t:|1759072200
|switch|p1a: Gliscor|Gliscor, F|100/100
|turn|3
|inactive|teamrocketgrunt004 has 120 seconds left.
|
|t:|1759072237
|-terastallize|p1a: Gliscor|Water
|move|p2a: Gyarados|Dragon Dance|p2a: Gyarados
|-boost|p2a: Gyarados|atk|1
|-boost|p2a: Gyarados|spe|1
|move|p1a: Gliscor|Toxic|p2a: Gyarados
|-status|p2a: Gyarados|tox
|
|-damage|p2a: Gyarados|94/100 tox|[from] psn
|-status|p1a: Gliscor|tox|[from] item: Toxic Orb
|upkeep
|turn|4
|inactive|teamrocketgrunt004 has 120 seconds left.
|
|t:|1759072253
|move|p1a: Gliscor|Protect|p1a: Gliscor
|-singleturn|p1a: Gliscor|Protect
|move|p2a: Gyarados|Dragon Dance|p2a: Gyarados
|-boost|p2a: Gyarados|atk|1
|-boost|p2a: Gyarados|spe|1
|
|-damage|p2a: Gyarados|82/100 tox|[from] psn
|upkeep
|turn|5
|
|t:|1759072261
|-terastallize|p2a: Gyarados|Ground
|move|p2a: Gyarados|Earthquake|p1a: Gliscor
|-damage|p1a: Gliscor|0 fnt
|faint|p1a: Gliscor
|-ability|p2a: Gyarados|Moxie|boost
|-boost|p2a: Gyarados|atk|1
|
|-damage|p2a: Gyarados|64/100 tox|[from] psn
|upkeep
|inactive|SCiZ0rking has 120 seconds left.
|
|t:|1759072281
|switch|p1a: Hatterene|Hatterene, F|100/100
|turn|6
|
|t:|1759072287
|move|p2a: Gyarados|Waterfall|p1a: Hatterene
|-damage|p1a: Hatterene|0 fnt
|faint|p1a: Hatterene
|-ability|p2a: Gyarados|Moxie|boost
|-boost|p2a: Gyarados|atk|1
|
|-damage|p2a: Gyarados|40/100 tox|[from] psn
|upkeep
|inactive|SCiZ0rking has 120 seconds left.
|
|t:|1759072316
|switch|p1a: Scizor|Scizor, F|100/100
|turn|7
|
|t:|1759072319
|move|p1a: Scizor|Bullet Punch|p2a: Gyarados
|-damage|p2a: Gyarados|0 fnt
|faint|p2a: Gyarados
|
|upkeep
|
|t:|1759072341
|switch|p2a: Cinderace|Cinderace, M|100/100
|turn|8
|inactive|SCiZ0rking has 120 seconds left.
|
|t:|1759072369
|switch|p1a: Great Tusk|Great Tusk|100/100
|move|p2a: Cinderace|Pyro Ball|p1a: Great Tusk|[miss]
|-miss|p2a: Cinderace|p1a: Great Tusk
|
|upkeep
|turn|9
|
|t:|1759072385
|move|p2a: Cinderace|U-turn|p1a: Great Tusk
|-start|p2a: Cinderace|typechange|Bug|[from] ability: Libero
|-resisted|p1a: Great Tusk
|-damage|p1a: Great Tusk|90/100
|inactive|teamrocketgrunt004 has 120 seconds left.
|
|t:|1759072401
|switch|p2a: Latios|Latios, M|100/100|[from] U-turn
|move|p1a: Great Tusk|Knock Off|p2a: Latios
|-supereffective|p2a: Latios
|-damage|p2a: Latios|7/100
|-enditem|p2a: Latios|Life Orb|[from] move: Knock Off|[of] p1a: Great Tusk
|
|upkeep
|turn|10
|
|t:|1759072409
|-end|p1a: Great Tusk|Protosynthesis|[silent]
|switch|p1a: Darkrai|Darkrai|100/100
|move|p2a: Latios|Ice Beam|p1a: Darkrai
|-damage|p1a: Darkrai|57/100
|
|-heal|p1a: Darkrai|63/100|[from] item: Leftovers
|upkeep
|turn|11
|
|t:|1759072420
|move|p1a: Darkrai|Dark Pulse|p2a: Latios
|-supereffective|p2a: Latios
|-crit|p2a: Latios
|-damage|p2a: Latios|0 fnt
|faint|p2a: Latios
|
|-heal|p1a: Darkrai|69/100|[from] item: Leftovers
|upkeep
|
|t:|1759072429
|switch|p2a: Cinderace|Cinderace, M|100/100
|turn|12
|
|t:|1759072436
|switch|p1a: Great Tusk|Great Tusk|90/100
|move|p2a: Cinderace|U-turn|p1a: Great Tusk
|-start|p2a: Cinderace|typechange|Bug|[from] ability: Libero
|-resisted|p1a: Great Tusk
|-damage|p1a: Great Tusk|80/100
|
|t:|1759072445
|switch|p2a: Dragonite|Dragonite, M|100/100|[from] U-turn
|
|upkeep
|turn|13
|
|t:|1759072450
|move|p1a: Great Tusk|Rapid Spin|p2a: Dragonite
|-damage|p2a: Dragonite|91/100
|-boost|p1a: Great Tusk|spe|1
|move|p2a: Dragonite|Dragon Dance|p2a: Dragonite
|-boost|p2a: Dragonite|atk|1
|-boost|p2a: Dragonite|spe|1
|
|upkeep
|turn|14
|
|t:|1759072460
|move|p2a: Dragonite|Extreme Speed|p1a: Great Tusk
|-damage|p1a: Great Tusk|44/100
|move|p1a: Great Tusk|Ice Spinner|p2a: Dragonite
|-supereffective|p2a: Dragonite
|-damage|p2a: Dragonite|0 fnt
|faint|p2a: Dragonite
|
|upkeep
|
|t:|1759072477
|switch|p2a: Glimmora|Glimmora, M|100/100
|turn|15
|
|t:|1759072481
|move|p1a: Great Tusk|Headlong Rush|p2a: Glimmora
|-supereffective|p2a: Glimmora
|-enditem|p2a: Glimmora|Focus Sash
|-damage|p2a: Glimmora|1/100
|-unboost|p1a: Great Tusk|def|1
|-unboost|p1a: Great Tusk|spd|1
|-activate|p2a: Glimmora|ability: Toxic Debris
|-sidestart|p1: SCiZ0rking|move: Toxic Spikes
|move|p2a: Glimmora|Dazzling Gleam|p1a: Great Tusk
|-supereffective|p1a: Great Tusk
|-damage|p1a: Great Tusk|0 fnt
|faint|p1a: Great Tusk
|-end|p1a: Great Tusk|Protosynthesis|[silent]
|
|upkeep
|
|t:|1759072484
|switch|p1a: Scizor|Scizor, F|100/100
|turn|16
|
|t:|1759072496
|move|p2a: Glimmora|Earth Power|p1a: Scizor
|-damage|p1a: Scizor|60/100
|move|p1a: Scizor|U-turn|p2a: Glimmora
|-resisted|p2a: Glimmora
|-damage|p2a: Glimmora|0 fnt
|-activate|p2a: Glimmora|ability: Toxic Debris
|-sidestart|p1: SCiZ0rking|move: Toxic Spikes
|faint|p2a: Glimmora
|
|t:|1759072498
|switch|p1a: Darkrai|Darkrai|69/100|[from] U-turn
|-status|p1a: Darkrai|tox
|
|-heal|p1a: Darkrai|75/100 tox|[from] item: Leftovers
|-damage|p1a: Darkrai|69/100 tox|[from] psn
|upkeep
|
|t:|1759072509
|switch|p2a: Cinderace|Cinderace, M|100/100
|turn|17
|
|t:|1759072518
|move|p1a: Darkrai|Dark Pulse|p2a: Cinderace
|-damage|p2a: Cinderace|40/100
|move|p2a: Cinderace|U-turn|p1a: Darkrai
|-start|p2a: Cinderace|typechange|Bug|[from] ability: Libero
|-supereffective|p1a: Darkrai
|-damage|p1a: Darkrai|0 fnt
|faint|p1a: Darkrai
|
|t:|1759072525
|switch|p2a: Umbreon|Umbreon, M, shiny|100/100|[from] U-turn
|
|upkeep
|
|t:|1759072526
|switch|p1a: Scizor|Scizor, F|60/100
|turn|18
|
|t:|1759072531
|move|p1a: Scizor|Close Combat|p2a: Umbreon
|-supereffective|p2a: Umbreon
|-damage|p2a: Umbreon|16/100
|-unboost|p1a: Scizor|def|1
|-unboost|p1a: Scizor|spd|1
|-damage|p1a: Scizor|44/100|[from] item: Rocky Helmet|[of] p2a: Umbreon
|move|p2a: Umbreon|Foul Play|p1a: Scizor
|-damage|p1a: Scizor|0 fnt
|faint|p1a: Scizor
|
|win|teamrocketgrunt004
|raw|SCiZ0rking's rating: 1421 &rarr; <strong>1402</strong><br />(-19 for losing)
|raw|teamrocketgrunt004's rating: 1436 &rarr; <strong>1455</strong><br />(+19 for winning)
|l|☆SCiZ0rking
|player|p1|
