|j|☆amaso420
|j|☆henry151th
|t:|1758957227
|gametype|singles
|player|p1|amaso420|pokekid|1327
|player|p2|henry151th|wallace|1385
|gen|9
|tier|[Gen 9] OU
|rated|
|rule|HP Percentage Mod: HP is shown in percentages
|rule|Endless Battle Clause: Forcing endless battles is banned
|rule|Species Clause: Limit one of each Pokémon
|rule|OHKO Clause: OHKO moves are banned
|rule|Evasion Items Clause: Evasion items are banned
|rule|Evasion Moves Clause: Evasion moves are banned
|rule|Evasion Abilities Clause: Evasion abilities are banned
|rule|Sleep Moves Clause: Sleep-inducing moves are banned
|clearpoke
|poke|p1|Basculegion, M|
|poke|p1|Pelipper, M|
|poke|p1|Iron Treads|
|poke|p1|Dragapult, M|
|poke|p1|Overqwil, M|
|poke|p1|Iron Valiant|
|poke|p2|Indeedee, M|
|poke|p2|Hatterene, F|
|poke|p2|Ursaluna, F|
|poke|p2|Iron Hands|
|poke|p2|Hoopa-Unbound|
|poke|p2|Mimikyu, F|
|teampreview
|inactive|Battle timer is ON: inactive players will automatically lose when time's up. (requested by amaso420)
|inactive|henry151th also wants the timer to be on.
|
|t:|1758957232
|teamsize|p1|6
|teamsize|p2|6
|start
|switch|p1a: Pelipper|Pelipper, M, shiny|100/100
|switch|p2a: Subaru|Indeedee, M, shiny|100/100
|-weather|RainDance|[from] ability: Drizzle|[of] p1a: Pelipper
|-fieldstart|move: Psychic Terrain|[from] ability: Psychic Surge|[of] p2a: Subaru
|turn|1
|
|t:|1758957244
|move|p1a: Pelipper|U-turn|p2a: Subaru
|-supereffective|p2a: Subaru
|-damage|p2a: Subaru|83/100
|
|t:|1758957248
|switch|p1a: Overqwil|Overqwil, M, shiny|100/100|[from] U-turn
|move|p2a: Subaru|Trick Room|p2a: Subaru
|-fieldstart|move: Trick Room|[of] p2a: Subaru
|
|-weather|RainDance|[upkeep]
|upkeep
|turn|2
|
|t:|1758957264
|switch|p2a: LEBRON|Iron Hands, shiny|100/100
|-enditem|p2a: LEBRON|Booster Energy
|-activate|p2a: LEBRON|ability: Quark Drive|[fromitem]
|-start|p2a: LEBRON|quarkdriveatk
|move|p1a: Overqwil|Spikes|p2a: LEBRON
|-sidestart|p2: henry151th|Spikes
|
|-weather|RainDance|[upkeep]
|upkeep
|turn|3
|
|t:|1758957287
|switch|p1a: Dragapult|Dragapult, M, shiny|100/100
|move|p2a: LEBRON|Supercell Slam|p1a: Dragapult
|-resisted|p1a: Dragapult
|-damage|p1a: Dragapult|44/100
|
|-weather|RainDance|[upkeep]
|upkeep
|turn|4
|
|t:|1758957301
|switch|p1a: Iron Treads|Iron Treads, shiny|100/100
|-enditem|p1a: Iron Treads|Booster Energy
|-activate|p1a: Iron Treads|ability: Quark Drive|[fromitem]
|-start|p1a: Iron Treads|quarkdrivespe
|move|p2a: LEBRON|Ice Punch|p1a: Iron Treads
|-damage|p1a: Iron Treads|63/100
|
|-weather|RainDance|[upkeep]
|upkeep
|turn|5
|
|t:|1758957318
|move|p2a: LEBRON|Close Combat|p1a: Iron Treads
|-supereffective|p1a: Iron Treads
|-damage|p1a: Iron Treads|0 fnt
|-unboost|p2a: LEBRON|def|1
|-unboost|p2a: LEBRON|spd|1
|faint|p1a: Iron Treads
|-end|p1a: Iron Treads|Quark Drive|[silent]
|
|-weather|RainDance|[upkeep]
|-fieldend|move: Trick Room
|upkeep
|inactive|amaso420 has 120 seconds left.
|
|t:|1758957338
|switch|p1a: Iron Valiant|Iron Valiant, shiny|100/100
|turn|6
|inactive|amaso420 has 120 seconds left.
|inactive|henry151th has 120 seconds left.
|
|t:|1758957366
|move|p1a: Iron Valiant|Moonblast|p2a: LEBRON
|-supereffective|p2a: LEBRON
|-damage|p2a: LEBRON|0 fnt
|faint|p2a: LEBRON
|-end|p2a: LEBRON|Quark Drive|[silent]
|
|-weather|RainDance|[upkeep]
|upkeep
|
|t:|1758957371
|switch|p2a: Mimi|Mimikyu, F, shiny|100/100
|-damage|p2a: Mimi|88/100|[from] Spikes
|turn|7
|
|t:|1758957376
|move|p1a: Iron Valiant|Moonblast|p2a: Mimi
|-activate|p2a: Mimi|ability: Disguise
|-damage|p2a: Mimi|88/100
|-unboost|p2a: Mimi|spa|1
|detailschange|p2a: Mimi|Mimikyu-Busted, F, shiny
|-damage|p2a: Mimi|76/100|[from] pokemon: Mimikyu-Busted
|-enditem|p2a: Mimi|Red Card|[of] p1a: Iron Valiant
|-end|p1a: Iron Valiant|Quark Drive|[silent]
|drag|p1a: Dragapult|Dragapult, M, shiny|44/100
|move|p2a: Mimi|Trick Room|p2a: Mimi
|-fieldstart|move: Trick Room|[of] p2a: Mimi
|
|-weather|RainDance|[upkeep]
|upkeep
|turn|8
|
|t:|1758957389
|move|p2a: Mimi|Play Rough|p1a: Dragapult
|-supereffective|p1a: Dragapult
|-damage|p1a: Dragapult|0 fnt
|faint|p1a: Dragapult
|
|-weather|none
|-fieldend|move: Psychic Terrain
|upkeep
|
|t:|1758957398
|switch|p1a: Pelipper|Pelipper, M, shiny|100/100
|-weather|RainDance|[from] ability: Drizzle|[of] p1a: Pelipper
|turn|9
|
|t:|1758957403
|move|p2a: Mimi|Curse|p1a: Pelipper
|-start|p1a: Pelipper|Curse|[of] p2a: Mimi
|-damage|p2a: Mimi|26/100
|move|p1a: Pelipper|U-turn|p2a: Mimi
|-resisted|p2a: Mimi
|-damage|p2a: Mimi|24/100
|
|t:|1758957409
|switch|p1a: Basculegion|Basculegion, M, shiny|100/100|[from] U-turn
|
|-weather|RainDance|[upkeep]
|upkeep
|turn|10
|inactive|henry151th has 120 seconds left.
|
|t:|1758957444
|-terastallize|p1a: Basculegion|Water
|move|p2a: Mimi|Curse|p1a: Basculegion
|-start|p1a: Basculegion|Curse|[of] p2a: Mimi
|-damage|p2a: Mimi|0 fnt
|faint|p2a: Mimi
|move|p1a: Basculegion|Flip Turn|p2: Mimi|[notarget]
|-fail|p1a: Basculegion
|
|-weather|RainDance|[upkeep]
|-damage|p1a: Basculegion|76/100|[from] Curse
|upkeep
|
|t:|1758957450
|switch|p2a: Crashout YN|Ursaluna, F, shiny|100/100
|-damage|p2a: Crashout YN|88/100|[from] Spikes
|turn|11
|inactive|henry151th has 120 seconds left.
|
|t:|1758957472
|switch|p1a: Iron Valiant|Iron Valiant, shiny|100/100
|move|p2a: Crashout YN|Supercell Slam|p1a: Iron Valiant
|-damage|p1a: Iron Valiant|50/100
|
|-weather|RainDance|[upkeep]
|-fieldend|move: Trick Room
|-status|p2a: Crashout YN|brn|[from] item: Flame Orb
|upkeep
|turn|12
|inactive|henry151th has 120 seconds left.
|
|t:|1758957485
|move|p1a: Iron Valiant|Vacuum Wave|p2a: Crashout YN
|-supereffective|p2a: Crashout YN
|-damage|p2a: Crashout YN|38/100 brn
|move|p2a: Crashout YN|Facade|p1a: Iron Valiant
|-crit|p1a: Iron Valiant
|-damage|p1a: Iron Valiant|0 fnt
|faint|p1a: Iron Valiant
|-end|p1a: Iron Valiant|Quark Drive|[silent]
|
|-weather|RainDance|[upkeep]
|-damage|p2a: Crashout YN|32/100 brn|[from] brn
|upkeep
|
|t:|1758957497
|switch|p1a: Basculegion|Basculegion, M, shiny, tera:Water|76/100
|turn|13
|
|t:|1758957506
|move|p1a: Basculegion|Flip Turn|p2a: Crashout YN
|-supereffective|p2a: Crashout YN
|-damage|p2a: Crashout YN|0 fnt
|faint|p2a: Crashout YN
|
|t:|1758957511
|switch|p1a: Overqwil|Overqwil, M, shiny|100/100|[from] Flip Turn
|
|-weather|RainDance|[upkeep]
|upkeep
|inactive|henry151th has 120 seconds left.
|inactive|henry151th has 90 seconds left.
|
|t:|1758957563
|switch|p2a: Subaru|Indeedee, M, shiny|83/100
|-damage|p2a: Subaru|70/100|[from] Spikes
|-fieldstart|move: Psychic Terrain|[from] ability: Psychic Surge|[of] p2a: Subaru
|turn|14
|
|t:|1758957570
|move|p1a: Overqwil|Liquidation|p2a: Subaru
|-damage|p2a: Subaru|7/100
|-damage|p1a: Overqwil|91/100|[from] item: Life Orb
|move|p2a: Subaru|Trick Room|p2a: Subaru
|-fieldstart|move: Trick Room|[of] p2a: Subaru
|
|-weather|RainDance|[upkeep]
|upkeep
|turn|15
|
|t:|1758957580
|move|p2a: Subaru|Healing Wish|p2a: Subaru
|faint|p2a: Subaru
|move|p1a: Overqwil|Liquidation|p2: Subaru|[notarget]
|-fail|p1a: Overqwil
|
|-weather|RainDance|[upkeep]
|upkeep
|
|t:|1758957593
|switch|p2a: King Von|Hoopa-Unbound|100/100
|-damage|p2a: King Von|88/100|[from] Spikes
|-enditem|p2a: King Von|Psychic Seed
|-boost|p2a: King Von|spd|1|[from] item: Psychic Seed
|turn|16
|
|t:|1758957599
|move|p2a: King Von|Focus Blast|p1a: Overqwil
|-damage|p1a: Overqwil|5/100
|-item|p2a: King Von|Life Orb|[from] ability: Magician|[of] p1a: Overqwil
|move|p1a: Overqwil|Gunk Shot|p2a: King Von
|-damage|p2a: King Von|27/100
|-status|p2a: King Von|psn
|
|-weather|none
|-damage|p2a: King Von|15/100 psn|[from] psn
|upkeep
|turn|17
|
|t:|1758957612
|switch|p1a: Pelipper|Pelipper, M, shiny|100/100
|-weather|RainDance|[from] ability: Drizzle|[of] p1a: Pelipper
|move|p2a: King Von|Hyperspace Fury|p1a: Pelipper
|-damage|p1a: Pelipper|16/100
|-unboost|p2a: King Von|def|1
|-damage|p2a: King Von|5/100 psn|[from] item: Life Orb
|
|-weather|RainDance|[upkeep]
|-damage|p2a: King Von|0 fnt|[from] psn
|faint|p2a: King Von
|upkeep
|
|t:|1758957614
|switch|p2a: Satella|Hatterene, F, shiny|100/100
|-damage|p2a: Satella|88/100|[from] Spikes
|turn|18
|
|t:|1758957630
|move|p1a: Pelipper|Hurricane|p2a: Satella
|-damage|p2a: Satella|42/100
|move|p2a: Satella|Trick Room|p2a: Satella
|-fieldend|move: Trick Room
|
|-weather|RainDance|[upkeep]
|upkeep
|turn|19
|
|t:|1758957637
|move|p1a: Pelipper|Hurricane|p2a: Satella
|-damage|p2a: Satella|0 fnt
|faint|p2a: Satella
|
|win|amaso420
|raw|amaso420's rating: 1327 &rarr; <strong>1350</strong><br />(+23 for winning)
|raw|henry151th's rating: 1385 &rarr; <strong>1362</strong><br />(-23 for losing)
|l|☆amaso420
|player|p1|
