|badge|p1|bronze|gen9ou|100-6
|html|<div class="broadcast-red"><strong>This battle is required to be public due to one or more player having a season medal.</strong><br />During the public phase, you can discuss the state of the ladder <a href="/seasondiscussion">in a special chatroom.</a></div>
|uhtml|medal-msg|<div class="broadcast-blue">Curious what those medals under the avatar are? PS now has Ladder Seasons! For more information, check out the <a href="https://www.smogon.com/forums/threads/3740067/">thread on Smogon.</a></div>
|raw|<div class="broadcast-blue"><strong>This battle is required to be public due to a player having a name starting with 'medal'.</div>
|j|☆patio fence
|j|☆Gible808
|t:|1759012833
|gametype|singles
|player|p1|patio fence|fisherman-gen2jp|1816
|player|p2|Gible808|170|1727
|gen|9
|tier|[Gen 9] OU
|rated|
|rule|HP Percentage Mod: HP is shown in percentages
|rule|Endless Battle Clause: Forcing endless battles is banned
|rule|Species Clause: Limit one of each Pokémon
|rule|OHKO Clause: OHKO moves are banned
|rule|Evasion Items Clause: Evasion items are banned
|rule|Evasion Moves Clause: Evasion moves are banned
|rule|Evasion Abilities Clause: Evasion abilities are banned
|rule|Sleep Moves Clause: Sleep-inducing moves are banned
|clearpoke
|poke|p1|Tyranitar, F|
|poke|p1|Excadrill, M|
|poke|p1|Heatran, F|
|poke|p1|Pecharunt|
|poke|p1|Ogerpon-Wellspring, F|
|poke|p1|Zamazenta-*|
|poke|p2|Corviknight, M|
|poke|p2|Kingambit, M|
|poke|p2|Ogerpon-Wellspring, F|
|poke|p2|Kyurem|
|poke|p2|Iron Valiant|
|poke|p2|Great Tusk|
|teampreview
|inactive|Battle timer is ON: inactive players will automatically lose when time's up. (requested by patio fence)
|j| Xcbbtsxcve
|
|t:|1759012856
|teamsize|p1|6
|teamsize|p2|6
|start
|switch|p1a: Pecharunt|Pecharunt|100/100
|switch|p2a: Ogerpon|Ogerpon-Wellspring, F|100/100
|-item|p1a: Pecharunt|Air Balloon
|turn|1
|
|t:|1759012861
|move|p2a: Ogerpon|U-turn|p1a: Pecharunt
|-resisted|p1a: Pecharunt
|-damage|p1a: Pecharunt|97/100
|-enditem|p1a: Pecharunt|Air Balloon
|
|t:|1759012868
|switch|p2a: Corviknight|Corviknight, M|100/100|[from] U-turn
|-ability|p2a: Corviknight|Pressure
|move|p1a: Pecharunt|Parting Shot|p2a: Corviknight
|-unboost|p2a: Corviknight|atk|1
|-unboost|p2a: Corviknight|spa|1
|j| amefurikoneko
|
|t:|1759012892
|switch|p1a: Heatran|Heatran, F|100/100|[from] Parting Shot
|
|upkeep
|turn|2
|
|t:|1759012899
|switch|p2a: Ogerpon|Ogerpon-Wellspring, F|100/100
|move|p1a: Heatran|Magma Storm|p2a: Ogerpon
|-damage|p2a: Ogerpon|48/100
|-activate|p2a: Ogerpon|move: Magma Storm|[of] p1a: Heatran
|
|-damage|p2a: Ogerpon|36/100|[from] move: Magma Storm|[partiallytrapped]
|upkeep
|turn|3
|
|t:|1759012908
|move|p1a: Heatran|Protect|p1a: Heatran
|-singleturn|p1a: Heatran|Protect
|move|p2a: Ogerpon|Knock Off|p1a: Heatran
|-activate|p1a: Heatran|move: Protect
|
|-damage|p2a: Ogerpon|23/100|[from] move: Magma Storm|[partiallytrapped]
|upkeep
|turn|4
|inactive|patio fence has 120 seconds left.
|
|t:|1759012962
|switch|p1a: Pecharunt|Pecharunt|97/100
|move|p2a: Ogerpon|Ivy Cudgel|p1a: Pecharunt|[anim] Ivy Cudgel Water
|-damage|p1a: Pecharunt|69/100
|
|-end|p2a: Ogerpon|Magma Storm|[partiallytrapped]|[silent]
|upkeep
|turn|5
|
|t:|1759012982
|move|p2a: Ogerpon|U-turn|p1a: Pecharunt
|-resisted|p1a: Pecharunt
|-damage|p1a: Pecharunt|66/100
|
|t:|1759012984
|switch|p2a: Corviknight|Corviknight, M|100/100|[from] U-turn
|-ability|p2a: Corviknight|Pressure
|move|p1a: Pecharunt|Recover|p1a: Pecharunt
|-heal|p1a: Pecharunt|100/100
|
|upkeep
|turn|6
|inactive|patio fence has 120 seconds left.
|
|t:|1759013002
|switch|p2a: Ogerpon|Ogerpon-Wellspring, F|23/100
|move|p1a: Pecharunt|Parting Shot|p2a: Ogerpon
|-unboost|p2a: Ogerpon|atk|1
|-unboost|p2a: Ogerpon|spa|1
|
|t:|1759013024
|switch|p1a: Zamazenta|Zamazenta|100/100|[from] Parting Shot
|-ability|p1a: Zamazenta|Dauntless Shield|boost
|-boost|p1a: Zamazenta|def|1
|
|upkeep
|turn|7
|
|t:|1759013034
|switch|p2a: Corviknight|Corviknight, M|100/100
|-ability|p2a: Corviknight|Pressure
|move|p1a: Zamazenta|Iron Defense|p1a: Zamazenta
|-boost|p1a: Zamazenta|def|2
|
|upkeep
|turn|8
|
|t:|1759013044
|switch|p2a: Iron Valiant|Iron Valiant, shiny|100/100
|-enditem|p2a: Iron Valiant|Booster Energy
|-activate|p2a: Iron Valiant|ability: Quark Drive|[fromitem]
|-start|p2a: Iron Valiant|quarkdrivespe
|move|p1a: Zamazenta|Body Press|p2a: Iron Valiant
|-resisted|p2a: Iron Valiant
|-damage|p2a: Iron Valiant|44/100
|
|upkeep
|turn|9
|
|t:|1759013049
|move|p2a: Iron Valiant|Moonblast|p1a: Zamazenta
|-supereffective|p1a: Zamazenta
|-damage|p1a: Zamazenta|6/100
|-unboost|p1a: Zamazenta|spa|1
|move|p1a: Zamazenta|Body Press|p2a: Iron Valiant
|-resisted|p2a: Iron Valiant
|-damage|p2a: Iron Valiant|0 fnt
|faint|p2a: Iron Valiant
|-end|p2a: Iron Valiant|Quark Drive|[silent]
|
|-heal|p1a: Zamazenta|12/100|[from] item: Leftovers
|upkeep
|
|t:|1759013055
|switch|p2a: Corviknight|Corviknight, M|100/100
|-ability|p2a: Corviknight|Pressure
|turn|10
|inactive|patio fence has 120 seconds left.
|
|t:|1759013075
|move|p1a: Zamazenta|Body Press|p2a: Corviknight
|-damage|p2a: Corviknight|31/100
|-damage|p1a: Zamazenta|0 fnt|[from] item: Rocky Helmet|[of] p2a: Corviknight
|faint|p1a: Zamazenta
|move|p2a: Corviknight|Roost|p2a: Corviknight
|-heal|p2a: Corviknight|81/100
|-singleturn|p2a: Corviknight|move: Roost
|
|upkeep
|
|t:|1759013078
|switch|p1a: Heatran|Heatran, F|100/100
|turn|11
|j| Nikator98
|l| Nikator98
|j| Nikator98
|l| Nikator98
|
|t:|1759013105
|switch|p2a: Ogerpon|Ogerpon-Wellspring, F|23/100
|move|p1a: Heatran|Magma Storm|p2a: Ogerpon
|-damage|p2a: Ogerpon|0 fnt
|faint|p2a: Ogerpon
|
|upkeep
|
|t:|1759013108
|switch|p2a: Great Tusk|Great Tusk|100/100
|turn|12
|
|t:|1759013123
|switch|p1a: Ogerpon|Ogerpon-Wellspring, F|100/100
|move|p2a: Great Tusk|Stealth Rock|p1a: Ogerpon
|-sidestart|p1: patio fence|move: Stealth Rock
|
|upkeep
|turn|13
|
|t:|1759013128
|-end|p2a: Great Tusk|Protosynthesis|[silent]
|switch|p2a: Kyurem|Kyurem|100/100
|-ability|p2a: Kyurem|Pressure
|move|p1a: Ogerpon|Ivy Cudgel|p2a: Kyurem|[anim] Ivy Cudgel Water
|-resisted|p2a: Kyurem
|-damage|p2a: Kyurem|72/100
|
|upkeep
|turn|14
|
|t:|1759013131
|move|p2a: Kyurem|Earth Power|p1a: Ogerpon
|-resisted|p1a: Ogerpon
|-damage|p1a: Ogerpon|82/100
|move|p1a: Ogerpon|Play Rough|p2a: Kyurem
|-supereffective|p2a: Kyurem
|-damage|p2a: Kyurem|4/100
|
|upkeep
|turn|15
|
|t:|1759013134
|switch|p2a: Corviknight|Corviknight, M|81/100
|-ability|p2a: Corviknight|Pressure
|move|p1a: Ogerpon|Trailblaze|p2a: Corviknight
|-resisted|p2a: Corviknight
|-damage|p2a: Corviknight|75/100
|-boost|p1a: Ogerpon|spe|1
|-damage|p1a: Ogerpon|65/100|[from] item: Rocky Helmet|[of] p2a: Corviknight
|
|upkeep
|turn|16
|
|t:|1759013141
|move|p1a: Ogerpon|Ivy Cudgel|p2a: Corviknight|[anim] Ivy Cudgel Water
|-damage|p2a: Corviknight|24/100
|move|p2a: Corviknight|Brave Bird|p1a: Ogerpon
|-supereffective|p1a: Ogerpon
|-damage|p1a: Ogerpon|0 fnt
|faint|p1a: Ogerpon
|-damage|p2a: Corviknight|8/100|[from] Recoil
|
|upkeep
|
|t:|1759013144
|switch|p1a: Excadrill|Excadrill, M|100/100
|-damage|p1a: Excadrill|97/100|[from] Stealth Rock
|turn|17
|
|t:|1759013150
|move|p1a: Excadrill|Rapid Spin|p2a: Corviknight
|-resisted|p2a: Corviknight
|-damage|p2a: Corviknight|0 fnt
|-boost|p1a: Excadrill|spe|1
|-damage|p1a: Excadrill|81/100|[from] item: Rocky Helmet|[of] p2a: Corviknight
|-sideend|p1: patio fence|Stealth Rock|[from] move: Rapid Spin|[of] p1a: Excadrill
|faint|p2a: Corviknight
|
|-heal|p1a: Excadrill|87/100|[from] item: Leftovers
|upkeep
|
|t:|1759013160
|switch|p2a: Great Tusk|Great Tusk|100/100
|turn|18
|
|t:|1759013180
|-terastallize|p1a: Excadrill|Ground
|move|p1a: Excadrill|Earthquake|p2a: Great Tusk
|-damage|p2a: Great Tusk|47/100
|move|p2a: Great Tusk|Headlong Rush|p1a: Excadrill
|-damage|p1a: Excadrill|3/100
|-unboost|p2a: Great Tusk|def|1
|-unboost|p2a: Great Tusk|spd|1
|
|-heal|p1a: Excadrill|9/100|[from] item: Leftovers
|upkeep
|turn|19
|
|t:|1759013195
|-end|p2a: Great Tusk|Protosynthesis|[silent]
|switch|p2a: Kyurem|Kyurem|4/100
|-ability|p2a: Kyurem|Pressure
|move|p1a: Excadrill|Earthquake|p2a: Kyurem
|-damage|p2a: Kyurem|0 fnt
|faint|p2a: Kyurem
|
|-heal|p1a: Excadrill|15/100|[from] item: Leftovers
|upkeep
|
|t:|1759013200
|switch|p2a: Kingambit|Kingambit, M|100/100
|-activate|p2a: Kingambit|ability: Supreme Overlord
|-start|p2a: Kingambit|fallen4|[silent]
|turn|20
|j| larp legion
|
|t:|1759013212
|-terastallize|p2a: Kingambit|Flying
|move|p1a: Excadrill|Earthquake|p2a: Kingambit
|-immune|p2a: Kingambit
|move|p2a: Kingambit|Kowtow Cleave|p1a: Excadrill
|-damage|p1a: Excadrill|0 fnt
|faint|p1a: Excadrill
|
|upkeep
|j| Lamp0821
|
|t:|1759013216
|switch|p1a: Heatran|Heatran, F|100/100
|turn|21
|
|t:|1759013222
|move|p1a: Heatran|Magma Storm|p2a: Kingambit
|-damage|p2a: Kingambit|59/100
|-activate|p2a: Kingambit|move: Magma Storm|[of] p1a: Heatran
|move|p2a: Kingambit|Kowtow Cleave|p1a: Heatran
|-damage|p1a: Heatran|43/100
|
|-heal|p1a: Heatran|49/100|[from] item: Leftovers
|-heal|p2a: Kingambit|66/100|[from] item: Leftovers
|-damage|p2a: Kingambit|53/100|[from] move: Magma Storm|[partiallytrapped]
|upkeep
|turn|22
|
|t:|1759013231
|move|p1a: Heatran|Taunt|p2a: Kingambit
|-start|p2a: Kingambit|move: Taunt
|move|p2a: Kingambit|Kowtow Cleave|p1a: Heatran
|-damage|p1a: Heatran|0 fnt
|faint|p1a: Heatran
|
|-heal|p2a: Kingambit|59/100|[from] item: Leftovers
|-end|p2a: Kingambit|Magma Storm|[partiallytrapped]|[silent]
|upkeep
|
|t:|1759013232
|switch|p1a: Tyranitar|Tyranitar, F|100/100
|-weather|Sandstorm|[from] ability: Sand Stream|[of] p1a: Tyranitar
|turn|23
|
|t:|1759013239
|move|p1a: Tyranitar|Knock Off|p2a: Kingambit
|-damage|p2a: Kingambit|29/100
|-enditem|p2a: Kingambit|Leftovers|[from] move: Knock Off|[of] p1a: Tyranitar
|move|p2a: Kingambit|Iron Head|p1a: Tyranitar
|-supereffective|p1a: Tyranitar
|-damage|p1a: Tyranitar|0 fnt
|faint|p1a: Tyranitar
|
|-weather|Sandstorm|[upkeep]
|-damage|p2a: Kingambit|22/100|[from] Sandstorm
|upkeep
|
|t:|1759013242
|switch|p1a: Pecharunt|Pecharunt|100/100
|turn|24
|
|t:|1759013245
|move|p2a: Kingambit|Sucker Punch|p1a: Pecharunt
|-supereffective|p1a: Pecharunt
|-damage|p1a: Pecharunt|50/100
|move|p1a: Pecharunt|Foul Play|p2a: Kingambit
|-damage|p2a: Kingambit|0 fnt
|faint|p2a: Kingambit
|-end|p2a: Kingambit|fallen4|[silent]
|
|-weather|Sandstorm|[upkeep]
|-damage|p1a: Pecharunt|44/100|[from] Sandstorm
|upkeep
|
|t:|1759013247
|switch|p2a: Great Tusk|Great Tusk|47/100
|turn|25
|
|t:|1759013248
|move|p2a: Great Tusk|Headlong Rush|p1a: Pecharunt
|-supereffective|p1a: Pecharunt
|-crit|p1a: Pecharunt
|-damage|p1a: Pecharunt|0 fnt
|-unboost|p2a: Great Tusk|def|1
|-unboost|p2a: Great Tusk|spd|1
|faint|p1a: Pecharunt
|
|win|Gible808
|raw|patio fence's rating: 1795 &rarr; <strong>1771</strong><br />(-24 for losing)
|raw|Gible808's rating: 1727 &rarr; <strong>1751</strong><br />(+24 for winning)
