|j|☆Chromelaser
|j|☆xrceus
|t:|1758972475
|gametype|singles
|player|p1|Chromelaser|marshal|1193
|player|p2|xrceus|266|1233
|gen|9
|tier|[Gen 9] OU
|rated|
|rule|HP Percentage Mod: HP is shown in percentages
|rule|Endless Battle Clause: Forcing endless battles is banned
|rule|Species Clause: Limit one of each Pokémon
|rule|OHKO Clause: OHKO moves are banned
|rule|Evasion Items Clause: Evasion items are banned
|rule|Evasion Moves Clause: Evasion moves are banned
|rule|Evasion Abilities Clause: Evasion abilities are banned
|rule|Sleep Moves Clause: Sleep-inducing moves are banned
|clearpoke
|poke|p1|Swalot, M|
|poke|p1|Hoopa-Unbound|
|poke|p1|Ogerpon-Cornerstone, F|
|poke|p1|Primarina, F|
|poke|p1|Blaziken, M|
|poke|p1|Darkrai|
|poke|p2|Blissey, F|
|poke|p2|Dondozo, F|
|poke|p2|Gliscor, M|
|poke|p2|Toxapex, M|
|poke|p2|Clefable, M|
|poke|p2|Clodsire, F|
|teampreview
|inactive|Battle timer is ON: inactive players will automatically lose when time's up. (requested by Chromelaser)
|
|t:|1758972488
|teamsize|p1|6
|teamsize|p2|6
|start
|switch|p1a: Reaper|Darkrai, shiny|100/100
|switch|p2a: Stall Dracula|Gliscor, M|100/100
|turn|1
|
|t:|1758972497
|move|p1a: Reaper|Will-O-Wisp|p2a: Stall Dracula|[miss]
|-miss|p1a: Reaper|p2a: Stall Dracula
|move|p2a: Stall Dracula|Knock Off|p1a: Reaper
|-resisted|p1a: Reaper
|-damage|p1a: Reaper|86/100
|-enditem|p1a: Reaper|Wide Lens|[from] move: Knock Off|[of] p2a: Stall Dracula
|
|-status|p2a: Stall Dracula|tox|[from] item: Toxic Orb
|upkeep
|turn|2
|
|t:|1758972513
|switch|p2a: Forgive me|Blissey, F, shiny|100/100
|move|p1a: Reaper|Psychic|p2a: Forgive me
|-damage|p2a: Forgive me|91/100
|
|-heal|p2a: Forgive me|97/100|[from] item: Leftovers
|upkeep
|turn|3
|
|t:|1758972520
|move|p1a: Reaper|Will-O-Wisp|p2a: Forgive me
|-status|p2a: Forgive me|brn
|move|p2a: Forgive me|Stealth Rock|p1a: Reaper
|-sidestart|p1: Chromelaser|move: Stealth Rock
|
|-heal|p2a: Forgive me|100/100 brn|[from] item: Leftovers
|-damage|p2a: Forgive me|94/100 brn|[from] brn
|upkeep
|turn|4
|
|t:|1758972536
|switch|p1a: Chicken|Blaziken, M, shiny|100/100
|-damage|p1a: Chicken|88/100|[from] Stealth Rock
|-curestatus|p2a: Forgive me|brn|[from] ability: Natural Cure
|switch|p2a: A BIG Whale|Dondozo, F, shiny|100/100
|
|upkeep
|turn|5
|
|t:|1758972543
|switch|p1a: Thank You Next|Primarina, F, shiny|100/100
|-damage|p1a: Thank You Next|88/100|[from] Stealth Rock
|move|p2a: A BIG Whale|Curse|p2a: A BIG Whale
|-unboost|p2a: A BIG Whale|spe|1
|-boost|p2a: A BIG Whale|atk|1
|-boost|p2a: A BIG Whale|def|1
|
|upkeep
|turn|6
|
|t:|1758972553
|switch|p2a: Toxic :)|Toxapex, M, shiny|100/100
|move|p1a: Thank You Next|Energy Ball|p2a: Toxic :)
|-damage|p2a: Toxic :)|61/100
|
|-heal|p2a: Toxic :)|67/100|[from] item: Leftovers
|upkeep
|turn|7
|
|t:|1758972563
|switch|p1a: Eatsalot|Swalot, M, shiny|100/100
|-damage|p1a: Eatsalot|88/100|[from] Stealth Rock
|move|p2a: Toxic :)|Poison Jab|p1a: Eatsalot
|-resisted|p1a: Eatsalot
|-damage|p1a: Eatsalot|79/100
|
|-heal|p2a: Toxic :)|72/100|[from] item: Leftovers
|upkeep
|turn|8
|
|t:|1758972572
|switch|p2a: Stall Dracula|Gliscor, M|100/100 tox
|move|p1a: Eatsalot|Thunder Wave|p2a: Stall Dracula
|-immune|p2a: Stall Dracula
|
|upkeep
|turn|9
|
|t:|1758972578
|move|p2a: Stall Dracula|Knock Off|p1a: Eatsalot
|-damage|p1a: Eatsalot|58/100
|-enditem|p1a: Eatsalot|Starf Berry|[from] move: Knock Off|[of] p2a: Stall Dracula
|move|p1a: Eatsalot|Ice Beam|p2a: Stall Dracula
|-supereffective|p2a: Stall Dracula
|-damage|p2a: Stall Dracula|0 fnt
|faint|p2a: Stall Dracula
|
|upkeep
|
|t:|1758972589
|switch|p2a: Best Paldean form|Clodsire, F|100/100
|turn|10
|
|t:|1758972594
|move|p1a: Eatsalot|Ice Beam|p2a: Best Paldean form
|-supereffective|p2a: Best Paldean form
|-damage|p2a: Best Paldean form|76/100
|move|p2a: Best Paldean form|Spikes|p1a: Eatsalot
|-sidestart|p1: Chromelaser|Spikes
|
|-heal|p2a: Best Paldean form|82/100|[from] item: Leftovers
|upkeep
|turn|11
|
|t:|1758972598
|move|p1a: Eatsalot|Ice Beam|p2a: Best Paldean form
|-supereffective|p2a: Best Paldean form
|-damage|p2a: Best Paldean form|57/100
|move|p2a: Best Paldean form|Spikes|p1a: Eatsalot
|-sidestart|p1: Chromelaser|Spikes
|
|-heal|p2a: Best Paldean form|63/100|[from] item: Leftovers
|upkeep
|turn|12
|
|t:|1758972610
|move|p1a: Eatsalot|Ice Beam|p2a: Best Paldean form
|-supereffective|p2a: Best Paldean form
|-damage|p2a: Best Paldean form|36/100
|move|p2a: Best Paldean form|Spikes|p1a: Eatsalot
|-sidestart|p1: Chromelaser|Spikes
|
|-heal|p2a: Best Paldean form|42/100|[from] item: Leftovers
|upkeep
|turn|13
|
|t:|1758972620
|move|p1a: Eatsalot|Ice Beam|p2a: Best Paldean form
|-supereffective|p2a: Best Paldean form
|-damage|p2a: Best Paldean form|18/100
|-status|p2a: Best Paldean form|frz
|cant|p2a: Best Paldean form|frz
|
|-heal|p2a: Best Paldean form|24/100 frz|[from] item: Leftovers
|upkeep
|turn|14
|
|t:|1758972634
|switch|p1a: Chicken|Blaziken, M, shiny|88/100
|-damage|p1a: Chicken|76/100|[from] Stealth Rock
|-damage|p1a: Chicken|51/100|[from] Spikes
|switch|p2a: Toxic :)|Toxapex, M, shiny|100/100
|
|upkeep
|turn|15
|
|t:|1758972647
|move|p1a: Chicken|Bulk Up|p1a: Chicken
|-boost|p1a: Chicken|atk|1
|-boost|p1a: Chicken|def|1
|move|p2a: Toxic :)|Toxic|p1a: Chicken
|-status|p1a: Chicken|tox
|
|-damage|p1a: Chicken|45/100 tox|[from] psn
|-ability|p1a: Chicken|Speed Boost|boost
|-boost|p1a: Chicken|spe|1
|upkeep
|turn|16
|
|t:|1758972662
|move|p2a: Toxic :)|Baneful Bunker|p2a: Toxic :)
|-singleturn|p2a: Toxic :)|move: Protect
|move|p1a: Chicken|Earthquake|p2a: Toxic :)
|-activate|p2a: Toxic :)|move: Protect
|
|-damage|p1a: Chicken|33/100 tox|[from] psn
|-ability|p1a: Chicken|Speed Boost|boost
|-boost|p1a: Chicken|spe|1
|upkeep
|turn|17
|
|t:|1758972674
|switch|p2a: A BIG Whale|Dondozo, F, shiny|100/100
|-terastallize|p1a: Chicken|Ground
|move|p1a: Chicken|Earthquake|p2a: A BIG Whale
|-damage|p2a: A BIG Whale|80/100
|
|-heal|p2a: A BIG Whale|86/100|[from] item: Leftovers
|-damage|p1a: Chicken|15/100 tox|[from] psn
|-ability|p1a: Chicken|Speed Boost|boost
|-boost|p1a: Chicken|spe|1
|upkeep
|turn|18
|
|t:|1758972686
|move|p1a: Chicken|Blaze Kick|p2a: A BIG Whale
|-resisted|p2a: A BIG Whale
|-damage|p2a: A BIG Whale|76/100
|move|p2a: A BIG Whale|Body Press|p1a: Chicken
|-damage|p1a: Chicken|0 fnt
|faint|p1a: Chicken
|
|-heal|p2a: A BIG Whale|83/100|[from] item: Leftovers
|upkeep
|
|t:|1758972695
|switch|p1a: Rocky|Ogerpon-Cornerstone, F|100/100
|-damage|p1a: Rocky|88/100|[from] Stealth Rock
|-damage|p1a: Rocky|63/100|[from] Spikes
|turn|19
|
|t:|1758972705
|switch|p2a: Sweepers out|Clefable, M|100/100
|move|p1a: Rocky|Knock Off|p2a: Sweepers out
|-resisted|p2a: Sweepers out
|-damage|p2a: Sweepers out|86/100
|-enditem|p2a: Sweepers out|Sticky Barb|[from] move: Knock Off|[of] p1a: Rocky
|
|upkeep
|turn|20
|
|t:|1758972714
|move|p1a: Rocky|Ivy Cudgel|p2a: Sweepers out|[anim] Ivy Cudgel Rock
|-damage|p2a: Sweepers out|44/100
|move|p2a: Sweepers out|Trick||[still]
|-fail|p2a: Sweepers out
|
|upkeep
|turn|21
|
|t:|1758972722
|switch|p2a: Best Paldean form|Clodsire, F|24/100 frz
|move|p1a: Rocky|Horn Leech|p2a: Best Paldean form
|-damage|p2a: Best Paldean form|0 fnt
|-heal|p1a: Rocky|81/100|[from] drain|[of] p2a: Best Paldean form
|faint|p2a: Best Paldean form
|
|upkeep
|
|t:|1758972729
|switch|p2a: Toxic :)|Toxapex, M, shiny|100/100
|turn|22
|
|t:|1758972732
|move|p2a: Toxic :)|Baneful Bunker|p2a: Toxic :)
|-singleturn|p2a: Toxic :)|move: Protect
|move|p1a: Rocky|Knock Off|p2a: Toxic :)
|-activate|p2a: Toxic :)|move: Protect
|-status|p1a: Rocky|psn
|
|-damage|p1a: Rocky|69/100 psn|[from] psn
|upkeep
|turn|23
|
|t:|1758972745
|switch|p2a: A BIG Whale|Dondozo, F, shiny|83/100
|move|p1a: Rocky|Knock Off|p2a: A BIG Whale
|-damage|p2a: A BIG Whale|66/100
|-enditem|p2a: A BIG Whale|Leftovers|[from] move: Knock Off|[of] p1a: Rocky
|
|-damage|p1a: Rocky|57/100 psn|[from] psn
|upkeep
|turn|24
|
|t:|1758972753
|move|p1a: Rocky|Horn Leech|p2a: A BIG Whale
|-supereffective|p2a: A BIG Whale
|-damage|p2a: A BIG Whale|27/100
|-heal|p1a: Rocky|90/100 psn|[from] drain|[of] p2a: A BIG Whale
|move|p2a: A BIG Whale|Body Press|p1a: Rocky
|-supereffective|p1a: Rocky
|-damage|p1a: Rocky|21/100 psn
|
|-damage|p1a: Rocky|8/100 psn|[from] psn
|upkeep
|turn|25
|
|t:|1758972769
|switch|p2a: Toxic :)|Toxapex, M, shiny|100/100
|move|p1a: Rocky|Horn Leech|p2a: Toxic :)
|-damage|p2a: Toxic :)|72/100
|-heal|p1a: Rocky|23/100 psn|[from] drain|[of] p2a: Toxic :)
|
|-heal|p2a: Toxic :)|78/100|[from] item: Leftovers
|-damage|p1a: Rocky|10/100 psn|[from] psn
|upkeep
|turn|26
|
|t:|1758972777
|move|p2a: Toxic :)|Baneful Bunker|p2a: Toxic :)
|-singleturn|p2a: Toxic :)|move: Protect
|move|p1a: Rocky|Horn Leech|p2a: Toxic :)
|-activate|p2a: Toxic :)|move: Protect
|
|-heal|p2a: Toxic :)|84/100|[from] item: Leftovers
|-damage|p1a: Rocky|0 fnt|[from] psn
|faint|p1a: Rocky
|upkeep
|
|t:|1758972791
|switch|p1a: Reaper|Darkrai, shiny|86/100
|-damage|p1a: Reaper|74/100|[from] Stealth Rock
|-damage|p1a: Reaper|49/100|[from] Spikes
|turn|27
|
|t:|1758972800
|switch|p2a: Forgive me|Blissey, F, shiny|94/100
|move|p1a: Reaper|Psychic|p2a: Forgive me
|-damage|p2a: Forgive me|85/100
|
|-heal|p2a: Forgive me|91/100|[from] item: Leftovers
|upkeep
|turn|28
|
|t:|1758972809
|move|p1a: Reaper|Psychic|p2a: Forgive me
|-damage|p2a: Forgive me|82/100
|move|p2a: Forgive me|Shadow Ball|p1a: Reaper
|-resisted|p1a: Reaper
|-damage|p1a: Reaper|40/100
|
|-heal|p2a: Forgive me|88/100|[from] item: Leftovers
|upkeep
|turn|29
|
|t:|1758972817
|move|p1a: Reaper|Dark Pulse|p2a: Forgive me
|-damage|p2a: Forgive me|74/100
|move|p2a: Forgive me|Shadow Ball|p1a: Reaper
|-resisted|p1a: Reaper
|-damage|p1a: Reaper|30/100
|
|-heal|p2a: Forgive me|80/100|[from] item: Leftovers
|upkeep
|turn|30
|
|t:|1758972821
|move|p1a: Reaper|Dark Pulse|p2a: Forgive me
|-damage|p2a: Forgive me|67/100
|move|p2a: Forgive me|Shadow Ball|p1a: Reaper
|-resisted|p1a: Reaper
|-damage|p1a: Reaper|20/100
|-unboost|p1a: Reaper|spd|1
|
|-heal|p2a: Forgive me|73/100|[from] item: Leftovers
|upkeep
|turn|31
|
|t:|1758972824
|move|p1a: Reaper|Dark Pulse|p2a: Forgive me
|-damage|p2a: Forgive me|61/100
|move|p2a: Forgive me|Shadow Ball|p1a: Reaper
|-resisted|p1a: Reaper
|-damage|p1a: Reaper|7/100
|-unboost|p1a: Reaper|spd|1
|
|-heal|p2a: Forgive me|67/100|[from] item: Leftovers
|upkeep
|turn|32
|
|t:|1758972827
|move|p1a: Reaper|Dark Pulse|p2a: Forgive me
|-damage|p2a: Forgive me|53/100
|move|p2a: Forgive me|Soft-Boiled|p2a: Forgive me
|-heal|p2a: Forgive me|100/100
|
|upkeep
|turn|33
|
|t:|1758972830
|move|p1a: Reaper|Dark Pulse|p2a: Forgive me
|-damage|p2a: Forgive me|86/100
|move|p2a: Forgive me|Shadow Ball|p1a: Reaper
|-resisted|p1a: Reaper
|-damage|p1a: Reaper|0 fnt
|faint|p1a: Reaper
|
|-heal|p2a: Forgive me|92/100|[from] item: Leftovers
|upkeep
|
|t:|1758972840
|switch|p1a: Eatsalot|Swalot, M, shiny|58/100
|-damage|p1a: Eatsalot|46/100|[from] Stealth Rock
|-damage|p1a: Eatsalot|21/100|[from] Spikes
|turn|34
|-message|Chromelaser forfeited.
|
|win|xrceus
|raw|Chromelaser's rating: 1193 &rarr; <strong>1171</strong><br />(-22 for losing)
|raw|xrceus's rating: 1233 &rarr; <strong>1255</strong><br />(+22 for winning)
|l|☆Chromelaser
|player|p1|
|l|☆xrceus
|player|p2|
