|j|☆annefrank67
|j|☆ImMikeyCzn
|t:|1759027120
|gametype|singles
|player|p1|annefrank67|elesa|
|player|p2|ImMikeyCzn|guitarist|
|gen|9
|tier|[Gen 9] OU
|rule|HP Percentage Mod: HP is shown in percentages
|rule|Endless Battle Clause: Forcing endless battles is banned
|rule|Species Clause: Limit one of each Pokémon
|rule|OHKO Clause: OHKO moves are banned
|rule|Evasion Items Clause: Evasion items are banned
|rule|Evasion Moves Clause: Evasion moves are banned
|rule|Evasion Abilities Clause: Evasion abilities are banned
|rule|Sleep Moves Clause: Sleep-inducing moves are banned
|clearpoke
|poke|p1|Weezing-Galar, M|
|poke|p1|Gholdengo|
|poke|p1|Gliscor, F|
|poke|p1|Araquanid, F|
|poke|p1|Zamazenta-*|
|poke|p1|Cinderace, M|
|poke|p2|Cinderace, M|
|poke|p2|Scizor, F|
|poke|p2|Zoroark-Hisui, M|
|poke|p2|Garganacl, F|
|poke|p2|Iron Hands|
|poke|p2|Skarmory, M|
|teampreview
|inactive|Battle timer is ON: inactive players will automatically lose when time's up. (requested by ImMikeyCzn)
|
|t:|1759027147
|teamsize|p1|6
|teamsize|p2|6
|start
|switch|p1a: Gliscor|Gliscor, F, shiny|100/100
|switch|p2a: Skarmory|Skarmory, M|100/100
|turn|1
|inactive|ImMikeyCzn has 270 seconds left.
|
|t:|1759027185
|move|p1a: Gliscor|Taunt|p2a: Skarmory
|-start|p2a: Skarmory|move: Taunt
|cant|p2a: Skarmory|move: Taunt|Iron Defense
|
|-status|p1a: Gliscor|tox|[from] item: Toxic Orb
|upkeep
|turn|2
|inactive|ImMikeyCzn has 270 seconds left.
|
|t:|1759027208
|switch|p2a: Garganacl|Garganacl, F|100/100
|move|p1a: Gliscor|Crabhammer|p2a: Garganacl
|-supereffective|p2a: Garganacl
|-damage|p2a: Garganacl|72/100
|
|-heal|p2a: Garganacl|79/100|[from] item: Leftovers
|upkeep
|turn|3
|
|t:|1759027223
|move|p1a: Gliscor|Earthquake|p2a: Garganacl
|-supereffective|p2a: Garganacl
|-damage|p2a: Garganacl|33/100
|move|p2a: Garganacl|Salt Cure|p1a: Gliscor
|-damage|p1a: Gliscor|86/100 tox
|-start|p1a: Gliscor|Salt Cure
|
|-heal|p2a: Garganacl|39/100|[from] item: Leftovers
|-heal|p1a: Gliscor|98/100 tox|[from] ability: Poison Heal
|-damage|p1a: Gliscor|86/100 tox|[from] Salt Cure
|upkeep
|turn|4
|
|t:|1759027234
|switch|p2a: Skarmory|Skarmory, M|100/100
|move|p1a: Gliscor|Earthquake|p2a: Skarmory
|-immune|p2a: Skarmory
|
|-heal|p1a: Gliscor|98/100 tox|[from] ability: Poison Heal
|-damage|p1a: Gliscor|86/100 tox|[from] Salt Cure
|upkeep
|turn|5
|
|t:|1759027248
|move|p1a: Gliscor|Taunt|p2a: Skarmory
|-start|p2a: Skarmory|move: Taunt
|move|p2a: Skarmory|Brave Bird|p1a: Gliscor
|-damage|p1a: Gliscor|37/100 tox
|-damage|p2a: Skarmory|83/100|[from] Recoil
|
|-heal|p1a: Gliscor|50/100 tox|[from] ability: Poison Heal
|-damage|p1a: Gliscor|37/100 tox|[from] Salt Cure
|upkeep
|turn|6
|
|t:|1759027262
|switch|p1a: Gholdengo|Gholdengo|100/100
|move|p2a: Skarmory|Brave Bird|p1a: Gholdengo
|-resisted|p1a: Gholdengo
|-damage|p1a: Gholdengo|74/100
|-damage|p2a: Skarmory|73/100|[from] Recoil
|
|-heal|p1a: Gholdengo|80/100|[from] item: Leftovers
|upkeep
|turn|7
|
|t:|1759027281
|-terastallize|p1a: Gholdengo|Steel
|move|p1a: Gholdengo|Shadow Ball|p2a: Skarmory
|-crit|p2a: Skarmory
|-damage|p2a: Skarmory|0 fnt
|faint|p2a: Skarmory
|
|-heal|p1a: Gholdengo|86/100|[from] item: Leftovers
|upkeep
|
|t:|1759027292
|switch|p2a: Iron Hands|Iron Hands|100/100
|turn|8
|
|t:|1759027308
|move|p2a: Iron Hands|Shadow Ball|p1a: Gholdengo
|-damage|p1a: Gholdengo|30/100
|-unboost|p1a: Gholdengo|spd|1
|move|p1a: Gholdengo|Dazzling Gleam|p2a: Iron Hands
|-damage|p2a: Iron Hands|39/100
|replace|p2a: Rick Owens Wearer|Zoroark-Hisui, M, shiny
|-end|p2a: Rick Owens Wearer|Illusion
|
|-heal|p2a: Rick Owens Wearer|45/100|[from] item: Leftovers
|-heal|p1a: Gholdengo|36/100|[from] item: Leftovers
|upkeep
|turn|9
|
|t:|1759027335
|switch|p1a: Zamazenta|Zamazenta, shiny|100/100
|-ability|p1a: Zamazenta|Dauntless Shield|boost
|-boost|p1a: Zamazenta|def|1
|move|p2a: Rick Owens Wearer|Focus Blast|p1a: Zamazenta
|-damage|p1a: Zamazenta|79/100
|
|-heal|p2a: Rick Owens Wearer|51/100|[from] item: Leftovers
|upkeep
|turn|10
|inactive|ImMikeyCzn has 240 seconds left.
|
|t:|1759027358
|move|p2a: Rick Owens Wearer|Nasty Plot|p2a: Rick Owens Wearer
|-boost|p2a: Rick Owens Wearer|spa|2
|move|p1a: Zamazenta|Crunch|p2a: Rick Owens Wearer
|-supereffective|p2a: Rick Owens Wearer
|-damage|p2a: Rick Owens Wearer|0 fnt
|faint|p2a: Rick Owens Wearer
|
|upkeep
|
|t:|1759027376
|switch|p2a: Iron Hands|Iron Hands|100/100
|turn|11
|
|t:|1759027389
|switch|p1a: Gliscor|Gliscor, F, shiny|37/100 tox
|move|p2a: Iron Hands|Supercell Slam|p1a: Gliscor
|-immune|p1a: Gliscor
|-damage|p2a: Iron Hands|51/100|[from] supercellslam
|
|-heal|p1a: Gliscor|50/100 tox|[from] ability: Poison Heal
|upkeep
|turn|12
|
|t:|1759027400
|move|p1a: Gliscor|Earthquake|p2a: Iron Hands
|-supereffective|p2a: Iron Hands
|-damage|p2a: Iron Hands|17/100
|move|p2a: Iron Hands|Ice Punch|p1a: Gliscor
|-supereffective|p1a: Gliscor
|-damage|p1a: Gliscor|0 fnt
|faint|p1a: Gliscor
|
|upkeep
|
|t:|1759027410
|switch|p1a: Zamazenta|Zamazenta, shiny|79/100
|turn|13
|
|t:|1759027417
|move|p1a: Zamazenta|Ice Fang|p2a: Iron Hands
|-damage|p2a: Iron Hands|5/100
|move|p2a: Iron Hands|Supercell Slam|p1a: Zamazenta
|-damage|p1a: Zamazenta|46/100
|
|upkeep
|turn|14
|
|t:|1759027428
|move|p1a: Zamazenta|Iron Head|p2a: Iron Hands
|-resisted|p2a: Iron Hands
|-damage|p2a: Iron Hands|0 fnt
|faint|p2a: Iron Hands
|-end|p2a: Iron Hands|Quark Drive|[silent]
|
|upkeep
|
|t:|1759027434
|switch|p2a: Scizor|Scizor, F|100/100
|turn|15
|
|t:|1759027449
|switch|p1a: Cinderace|Cinderace, M|100/100
|move|p2a: Scizor|Swords Dance|p2a: Scizor
|-boost|p2a: Scizor|atk|2
|
|upkeep
|turn|16
|
|t:|1759027459
|move|p1a: Cinderace|Pyro Ball|p2a: Scizor
|-supereffective|p2a: Scizor
|-damage|p2a: Scizor|0 fnt
|faint|p2a: Scizor
|
|upkeep
|
|t:|1759027469
|switch|p2a: Garganacl|Garganacl, F|39/100
|turn|17
|
|t:|1759027475
|move|p1a: Cinderace|Trailblaze|p2a: Garganacl
|-start|p1a: Cinderace|typechange|Grass|[from] ability: Libero
|-supereffective|p2a: Garganacl
|-damage|p2a: Garganacl|7/100
|-boost|p1a: Cinderace|spe|1
|move|p2a: Garganacl|Earthquake|p1a: Cinderace
|-resisted|p1a: Cinderace
|-damage|p1a: Cinderace|83/100
|
|-heal|p2a: Garganacl|13/100|[from] item: Leftovers
|upkeep
|turn|18
|
|t:|1759027487
|switch|p2a: Cinderace|Cinderace, M|100/100
|move|p1a: Cinderace|Gunk Shot|p2a: Cinderace
|-damage|p2a: Cinderace|51/100
|
|upkeep
|turn|19
|
|t:|1759027504
|switch|p1a: Araquanid|Araquanid, F, shiny|100/100
|move|p2a: Cinderace|Court Change||[still]
|-start|p2a: Cinderace|typechange|Normal|[from] ability: Libero
|-fail|p2a: Cinderace
|
|upkeep
|turn|20
|
|t:|1759027517
|move|p2a: Cinderace|Gunk Shot|p1a: Araquanid
|-damage|p1a: Araquanid|61/100
|move|p1a: Araquanid|Liquidation|p2a: Cinderace
|-damage|p2a: Cinderace|9/100
|
|-heal|p1a: Araquanid|67/100|[from] item: Leftovers
|upkeep
|turn|21
|
|t:|1759027525
|move|p2a: Cinderace|Gunk Shot|p1a: Araquanid|[miss]
|-miss|p2a: Cinderace|p1a: Araquanid
|move|p1a: Araquanid|Liquidation|p2a: Cinderace
|-damage|p2a: Cinderace|0 fnt
|faint|p2a: Cinderace
|
|-heal|p1a: Araquanid|74/100|[from] item: Leftovers
|upkeep
|
|t:|1759027539
|switch|p2a: Garganacl|Garganacl, F|13/100
|turn|22
|
|t:|1759027552
|move|p1a: Araquanid|Liquidation|p2a: Garganacl
|-supereffective|p2a: Garganacl
|-damage|p2a: Garganacl|0 fnt
|faint|p2a: Garganacl
|
|win|annefrank67
|l|☆ImMikeyCzn
|player|p2|
