|j|☆ilytrix
|j|☆aliester - es
|t:|1759033359
|gametype|singles
|player|p1|ilytrix|n-masters|1688
|player|p2|aliester - es|n|1689
|gen|9
|tier|[Gen 9] OU
|rated|
|rule|HP Percentage Mod: HP is shown in percentages
|rule|Endless Battle Clause: Forcing endless battles is banned
|rule|Species Clause: Limit one of each Pokémon
|rule|OHKO Clause: OHKO moves are banned
|rule|Evasion Items Clause: Evasion items are banned
|rule|Evasion Moves Clause: Evasion moves are banned
|rule|Evasion Abilities Clause: Evasion abilities are banned
|rule|Sleep Moves Clause: Sleep-inducing moves are banned
|clearpoke
|poke|p1|Ogerpon-Wellspring, F|
|poke|p1|Raging Bolt|
|poke|p1|Latias, F|
|poke|p1|Kyurem|
|poke|p1|Ninetales-Alola, F|
|poke|p1|Iron Moth|
|poke|p2|Tyranitar, M|
|poke|p2|Excadrill, M|
|poke|p2|Keldeo-Resolute|
|poke|p2|Moltres|
|poke|p2|Ogerpon-Wellspring, F|
|poke|p2|Dragapult, F|
|teampreview
|
|t:|1759033368
|teamsize|p1|6
|teamsize|p2|6
|start
|switch|p1a: rng my ahh|Kyurem|100/100
|switch|p2a: Dragapult|Dragapult, F|100/100
|-ability|p1a: rng my ahh|Pressure
|turn|1
|inactive|Battle timer is ON: inactive players will automatically lose when time's up. (requested by aliester - es)
|
|t:|1759033390
|move|p2a: Dragapult|U-turn|p1a: rng my ahh
|-damage|p1a: rng my ahh|64/100
|
|t:|1759033392
|switch|p2a: Tyranitar|Tyranitar, M|100/100|[from] U-turn
|-weather|Sandstorm|[from] ability: Sand Stream|[of] p2a: Tyranitar
|move|p1a: rng my ahh|Dragon Dance|p1a: rng my ahh
|-boost|p1a: rng my ahh|atk|1
|-boost|p1a: rng my ahh|spe|1
|
|-weather|Sandstorm|[upkeep]
|-damage|p1a: rng my ahh|58/100|[from] Sandstorm
|upkeep
|turn|2
|
|t:|1759033398
|move|p1a: rng my ahh|Icicle Spear|p2a: Tyranitar
|-damage|p2a: Tyranitar|84/100
|-damage|p2a: Tyranitar|68/100
|-damage|p2a: Tyranitar|50/100
|-damage|p2a: Tyranitar|35/100
|-hitcount|p2a: Tyranitar|4
|move|p2a: Tyranitar|Power Gem|p1a: rng my ahh
|-supereffective|p1a: rng my ahh
|-damage|p1a: rng my ahh|0 fnt
|faint|p1a: rng my ahh
|
|-weather|Sandstorm|[upkeep]
|upkeep
|
|t:|1759033401
|switch|p1a: MoveMerchant|Iron Moth|100/100
|-enditem|p1a: MoveMerchant|Booster Energy
|-activate|p1a: MoveMerchant|ability: Quark Drive|[fromitem]
|-start|p1a: MoveMerchant|quarkdrivespe
|turn|3
|
|t:|1759033412
|switch|p2a: Excadrill|Excadrill, M|100/100
|-item|p2a: Excadrill|Air Balloon
|move|p1a: MoveMerchant|Energy Ball|p2a: Excadrill
|-damage|p2a: Excadrill|59/100
|-enditem|p2a: Excadrill|Air Balloon
|
|-weather|Sandstorm|[upkeep]
|-damage|p1a: MoveMerchant|95/100|[from] Sandstorm
|upkeep
|turn|4
|inactive|ilytrix has 120 seconds left.
|j| nesnot
|l| nesnot
|inactive|ilytrix has 90 seconds left.
|
|t:|1759033474
|move|p2a: Excadrill|Earthquake|p1a: MoveMerchant
|-supereffective|p1a: MoveMerchant
|-damage|p1a: MoveMerchant|0 fnt
|faint|p1a: MoveMerchant
|-end|p1a: MoveMerchant|Quark Drive|[silent]
|
|-weather|Sandstorm|[upkeep]
|upkeep
|
|t:|1759033476
|switch|p1a: Ogerpon|Ogerpon-Wellspring, F|100/100
|turn|5
|
|t:|1759033481
|switch|p2a: Dragapult|Dragapult, F|100/100
|move|p1a: Ogerpon|Ivy Cudgel|p2a: Dragapult|[anim] Ivy Cudgel Water
|-resisted|p2a: Dragapult
|-damage|p2a: Dragapult|62/100
|
|-weather|Sandstorm|[upkeep]
|-damage|p2a: Dragapult|56/100|[from] Sandstorm
|-damage|p1a: Ogerpon|95/100|[from] Sandstorm
|upkeep
|turn|6
|j| nesnot
|
|t:|1759033496
|switch|p1a: 50/50|Raging Bolt|100/100
|-enditem|p1a: 50/50|Booster Energy
|-activate|p1a: 50/50|ability: Protosynthesis|[fromitem]
|-start|p1a: 50/50|protosynthesisspa
|move|p2a: Dragapult|U-turn|p1a: 50/50
|-damage|p1a: 50/50|72/100
|
|t:|1759033501
|switch|p2a: Excadrill|Excadrill, M|59/100|[from] U-turn
|
|-weather|Sandstorm|[upkeep]
|-damage|p1a: 50/50|66/100|[from] Sandstorm
|upkeep
|turn|7
|
|t:|1759033508
|move|p2a: Excadrill|Earthquake|p1a: 50/50
|-supereffective|p1a: 50/50
|-damage|p1a: 50/50|0 fnt
|faint|p1a: 50/50
|-end|p1a: 50/50|Protosynthesis|[silent]
|
|-weather|Sandstorm|[upkeep]
|upkeep
|
|t:|1759033510
|switch|p1a: snow bunny|Ninetales-Alola, F|100/100
|-weather|Snowscape|[from] ability: Snow Warning|[of] p1a: snow bunny
|turn|8
|
|t:|1759033515
|switch|p2a: Tyranitar|Tyranitar, M|35/100
|-weather|Sandstorm|[from] ability: Sand Stream|[of] p2a: Tyranitar
|move|p1a: snow bunny|Aurora Veil||[still]
|-fail|p1a: snow bunny
|
|-weather|Sandstorm|[upkeep]
|-damage|p1a: snow bunny|95/100|[from] Sandstorm
|upkeep
|turn|9
|
|t:|1759033525
|switch|p1a: Ogerpon|Ogerpon-Wellspring, F|95/100
|move|p2a: Tyranitar|Power Gem|p1a: Ogerpon
|-damage|p1a: Ogerpon|58/100
|
|-weather|Sandstorm|[upkeep]
|-damage|p1a: Ogerpon|52/100|[from] Sandstorm
|upkeep
|turn|10
|j| niolight
|
|t:|1759033544
|switch|p2a: Dragapult|Dragapult, F|56/100
|move|p1a: Ogerpon|Swords Dance|p1a: Ogerpon
|-boost|p1a: Ogerpon|atk|2
|
|-weather|Sandstorm|[upkeep]
|-damage|p2a: Dragapult|50/100|[from] Sandstorm
|-damage|p1a: Ogerpon|46/100|[from] Sandstorm
|upkeep
|turn|11
|
|t:|1759033552
|move|p2a: Dragapult|U-turn|p1a: Ogerpon
|-supereffective|p1a: Ogerpon
|-damage|p1a: Ogerpon|0 fnt
|faint|p1a: Ogerpon
|
|t:|1759033566
|switch|p2a: Excadrill|Excadrill, M|59/100|[from] U-turn
|
|-weather|Sandstorm|[upkeep]
|upkeep
|
|t:|1759033572
|switch|p1a: snow bunny|Ninetales-Alola, F|95/100
|-weather|Snowscape|[from] ability: Snow Warning|[of] p1a: snow bunny
|turn|12
|
|t:|1759033575
|switch|p2a: Tyranitar|Tyranitar, M|35/100
|-weather|Sandstorm|[from] ability: Sand Stream|[of] p2a: Tyranitar
|move|p1a: snow bunny|Aurora Veil||[still]
|-fail|p1a: snow bunny
|
|-weather|Sandstorm|[upkeep]
|-damage|p1a: snow bunny|89/100|[from] Sandstorm
|upkeep
|turn|13
|
|t:|1759033578
|move|p1a: snow bunny|Moonblast|p2a: Tyranitar
|-supereffective|p2a: Tyranitar
|-damage|p2a: Tyranitar|0 fnt
|faint|p2a: Tyranitar
|
|-weather|Sandstorm|[upkeep]
|-damage|p1a: snow bunny|83/100|[from] Sandstorm
|upkeep
|inactive|aliester - es has 120 seconds left.
|
|t:|1759033624
|switch|p2a: Dragapult|Dragapult, F|50/100
|turn|14
|
|t:|1759033634
|move|p2a: Dragapult|Flamethrower|p1a: snow bunny
|-supereffective|p1a: snow bunny
|-damage|p1a: snow bunny|37/100
|move|p1a: snow bunny|Moonblast|p2a: Dragapult
|-supereffective|p2a: Dragapult
|-damage|p2a: Dragapult|0 fnt
|faint|p2a: Dragapult
|
|-weather|Sandstorm|[upkeep]
|-damage|p1a: snow bunny|32/100|[from] Sandstorm
|upkeep
|
|t:|1759033637
|switch|p2a: Ogerpon|Ogerpon-Wellspring, F|100/100
|turn|15
|inactive|aliester - es has 120 seconds left.
|
|t:|1759033648
|-terastallize|p2a: Ogerpon|Water
|detailschange|p2a: Ogerpon|Ogerpon-Wellspring-Tera, F, tera:Water
|-ability|p2a: Ogerpon|Embody Aspect (Wellspring)|boost
|-boost|p2a: Ogerpon|spd|1
|move|p2a: Ogerpon|Swords Dance|p2a: Ogerpon
|-boost|p2a: Ogerpon|atk|2
|move|p1a: snow bunny|Freeze-Dry|p2a: Ogerpon
|-supereffective|p2a: Ogerpon
|-damage|p2a: Ogerpon|59/100
|
|-weather|Sandstorm|[upkeep]
|-damage|p2a: Ogerpon|53/100|[from] Sandstorm
|-damage|p1a: snow bunny|26/100|[from] Sandstorm
|upkeep
|turn|16
|inactive|aliester - es has 120 seconds left.
|
|t:|1759033661
|move|p2a: Ogerpon|Trailblaze|p1a: snow bunny
|-damage|p1a: snow bunny|0 fnt
|-boost|p2a: Ogerpon|spe|1
|faint|p1a: snow bunny
|
|-weather|Sandstorm|[upkeep]
|-damage|p2a: Ogerpon|47/100|[from] Sandstorm
|upkeep
|
|t:|1759033664
|switch|p1a: Latias|Latias, F|100/100
|turn|17
|
|t:|1759033669
|-terastallize|p1a: Latias|Steel
|move|p2a: Ogerpon|Knock Off|p1a: Latias
|-damage|p1a: Latias|4/100
|-enditem|p1a: Latias|Leftovers|[from] move: Knock Off|[of] p2a: Ogerpon
|move|p1a: Latias|Agility|p1a: Latias
|-boost|p1a: Latias|spe|2
|
|-weather|Sandstorm|[upkeep]
|-damage|p2a: Ogerpon|41/100|[from] Sandstorm
|upkeep
|turn|18
|
|t:|1759033677
|move|p1a: Latias|Stored Power|p2a: Ogerpon
|-damage|p2a: Ogerpon|16/100
|move|p2a: Ogerpon|Ivy Cudgel|p1a: Latias|[anim] Ivy Cudgel Water
|-crit|p1a: Latias
|-damage|p1a: Latias|0 fnt
|faint|p1a: Latias
|
|win|aliester - es
|raw|ilytrix's rating: 1689 &rarr; <strong>1669</strong><br />(-20 for losing)
|raw|aliester - es's rating: 1689 &rarr; <strong>1709</strong><br />(+20 for winning)
|j| narwhale37
|l|☆ilytrix
|player|p1|
|l|☆aliester - es
|player|p2|
|l| niolight
|l| nesnot
