|j|☆pixirin
|j|☆ding111
|t:|1758920887
|gametype|singles
|player|p1|pixirin|265|1313
|player|p2|ding111|unknown|1373
|gen|9
|tier|[Gen 9] OU
|rated|
|rule|HP Percentage Mod: HP is shown in percentages
|rule|Endless Battle Clause: Forcing endless battles is banned
|rule|Species Clause: Limit one of each Pokémon
|rule|OHKO Clause: OHKO moves are banned
|rule|Evasion Items Clause: Evasion items are banned
|rule|Evasion Moves Clause: Evasion moves are banned
|rule|Evasion Abilities Clause: Evasion abilities are banned
|rule|Sleep Moves Clause: Sleep-inducing moves are banned
|clearpoke
|poke|p1|Iron Moth|
|poke|p1|Raging Bolt|
|poke|p1|Rillaboom, F|
|poke|p1|Great Tusk|
|poke|p1|Slowking-Galar, M|
|poke|p1|Garganacl, F|
|poke|p2|Moltres|
|poke|p2|Gholdengo|
|poke|p2|Cyclizar, F|
|poke|p2|Ting-Lu|
|poke|p2|Darkrai|
|poke|p2|Zamazenta-*|
|teampreview
|
|t:|1758920906
|teamsize|p1|6
|teamsize|p2|6
|start
|switch|p1a: Rillaboom|Rillaboom, F|100/100
|switch|p2a: Darkrai|Darkrai, shiny|100/100
|-fieldstart|move: Grassy Terrain|[from] ability: Grassy Surge|[of] p1a: Rillaboom
|turn|1
|
|t:|1758920930
|switch|p1a: Garganacl|Garganacl, F|100/100
|-terastallize|p2a: Darkrai|Poison
|move|p2a: Darkrai|Sludge Bomb|p1a: Garganacl
|-resisted|p1a: Garganacl
|-damage|p1a: Garganacl|83/100
|
|-heal|p1a: Garganacl|90/100|[from] Grassy Terrain
|-heal|p1a: Garganacl|96/100|[from] item: Leftovers
|upkeep
|turn|2
|
|t:|1758920942
|move|p2a: Darkrai|Knock Off|p1a: Garganacl
|-damage|p1a: Garganacl|78/100
|-enditem|p1a: Garganacl|Leftovers|[from] move: Knock Off|[of] p2a: Darkrai
|move|p1a: Garganacl|Stealth Rock|p2a: Darkrai
|-sidestart|p2: ding111|move: Stealth Rock
|
|-heal|p1a: Garganacl|85/100|[from] Grassy Terrain
|upkeep
|turn|3
|
|t:|1758920950
|switch|p2a: Ting-Lu|Ting-Lu, shiny|100/100
|-damage|p2a: Ting-Lu|94/100|[from] Stealth Rock
|-ability|p2a: Ting-Lu|Vessel of Ruin
|move|p1a: Garganacl|Salt Cure|p2a: Ting-Lu
|-resisted|p2a: Ting-Lu
|-damage|p2a: Ting-Lu|90/100
|-start|p2a: Ting-Lu|Salt Cure
|
|-heal|p2a: Ting-Lu|96/100|[from] Grassy Terrain
|-heal|p2a: Ting-Lu|100/100|[from] item: Leftovers
|-heal|p1a: Garganacl|91/100|[from] Grassy Terrain
|-damage|p2a: Ting-Lu|88/100|[from] Salt Cure
|upkeep
|turn|4
|
|t:|1758920966
|switch|p1a: Rillaboom|Rillaboom, F|100/100
|move|p2a: Ting-Lu|Spikes|p1a: Rillaboom
|-sidestart|p1: pixirin|Spikes
|
|-heal|p2a: Ting-Lu|94/100|[from] Grassy Terrain
|-heal|p2a: Ting-Lu|100/100|[from] item: Leftovers
|-damage|p2a: Ting-Lu|88/100|[from] Salt Cure
|upkeep
|turn|5
|
|t:|1758920976
|switch|p2a: Moltres|Moltres, shiny|100/100
|move|p1a: Rillaboom|Knock Off|p2a: Moltres
|-damage|p2a: Moltres|73/100
|-enditem|p2a: Moltres|Heavy-Duty Boots|[from] move: Knock Off|[of] p1a: Rillaboom
|
|-fieldend|move: Grassy Terrain
|upkeep
|turn|6
|
|t:|1758920988
|switch|p1a: Garganacl|Garganacl, F|91/100
|-damage|p1a: Garganacl|78/100|[from] Spikes
|move|p2a: Moltres|U-turn|p1a: Garganacl
|-damage|p1a: Garganacl|69/100
|
|t:|1758920993
|switch|p2a: Cyclizar|Cyclizar, F|100/100|[from] U-turn
|
|upkeep
|turn|7
|
|t:|1758921000
|move|p2a: Cyclizar|Rapid Spin|p1a: Garganacl
|-resisted|p1a: Garganacl
|-damage|p1a: Garganacl|63/100
|-boost|p2a: Cyclizar|spe|1
|-sideend|p2: ding111|Stealth Rock|[from] move: Rapid Spin|[of] p2a: Cyclizar
|move|p1a: Garganacl|Recover|p1a: Garganacl
|-heal|p1a: Garganacl|100/100
|
|upkeep
|turn|8
|
|t:|1758921008
|move|p2a: Cyclizar|U-turn|p1a: Garganacl
|-damage|p1a: Garganacl|90/100
|
|t:|1758921013
|switch|p2a: Ting-Lu|Ting-Lu, shiny|88/100|[from] U-turn
|-ability|p2a: Ting-Lu|Vessel of Ruin
|move|p1a: Garganacl|Stealth Rock|p2a: Ting-Lu
|-sidestart|p2: ding111|move: Stealth Rock
|
|-heal|p2a: Ting-Lu|94/100|[from] item: Leftovers
|upkeep
|turn|9
|
|t:|1758921023
|move|p2a: Ting-Lu|Spikes|p1a: Garganacl
|-sidestart|p1: pixirin|Spikes
|move|p1a: Garganacl|Salt Cure|p2a: Ting-Lu
|-resisted|p2a: Ting-Lu
|-damage|p2a: Ting-Lu|91/100
|-start|p2a: Ting-Lu|Salt Cure
|
|-heal|p2a: Ting-Lu|97/100|[from] item: Leftovers
|-damage|p2a: Ting-Lu|85/100|[from] Salt Cure
|upkeep
|turn|10
|
|t:|1758921039
|switch|p1a: Great Tusk|Great Tusk|100/100
|-damage|p1a: Great Tusk|84/100|[from] Spikes
|move|p2a: Ting-Lu|Spikes|p1a: Great Tusk
|-sidestart|p1: pixirin|Spikes
|
|-heal|p1a: Great Tusk|90/100|[from] item: Leftovers
|-heal|p2a: Ting-Lu|91/100|[from] item: Leftovers
|-damage|p2a: Ting-Lu|78/100|[from] Salt Cure
|upkeep
|turn|11
|
|t:|1758921064
|move|p1a: Great Tusk|Ice Spinner|p2a: Ting-Lu
|-supereffective|p2a: Ting-Lu
|-damage|p2a: Ting-Lu|51/100
|move|p2a: Ting-Lu|Whirlwind|p1a: Great Tusk
|-end|p1a: Great Tusk|Protosynthesis|[silent]
|drag|p1a: Garganacl|Garganacl, F|90/100
|-damage|p1a: Garganacl|65/100|[from] Spikes
|
|-heal|p2a: Ting-Lu|57/100|[from] item: Leftovers
|-damage|p2a: Ting-Lu|45/100|[from] Salt Cure
|upkeep
|turn|12
|
|t:|1758921079
|switch|p2a: Cyclizar|Cyclizar, F|100/100
|move|p1a: Garganacl|Protect||[still]
|-fail|p1a: Garganacl
|
|upkeep
|turn|13
|
|t:|1758921086
|move|p2a: Cyclizar|Rapid Spin|p1a: Garganacl
|-resisted|p1a: Garganacl
|-damage|p1a: Garganacl|59/100
|-boost|p2a: Cyclizar|spe|1
|-sideend|p2: ding111|Stealth Rock|[from] move: Rapid Spin|[of] p2a: Cyclizar
|move|p1a: Garganacl|Salt Cure|p2a: Cyclizar
|-damage|p2a: Cyclizar|81/100
|-start|p2a: Cyclizar|Salt Cure
|
|-damage|p2a: Cyclizar|69/100|[from] Salt Cure
|upkeep
|turn|14
|
|t:|1758921096
|move|p2a: Cyclizar|U-turn|p1a: Garganacl
|-damage|p1a: Garganacl|49/100
|
|t:|1758921103
|switch|p2a: Gholdengo|Gholdengo|100/100|[from] U-turn
|-item|p2a: Gholdengo|Air Balloon
|move|p1a: Garganacl|Recover|p1a: Garganacl
|-heal|p1a: Garganacl|99/100
|
|upkeep
|turn|15
|
|t:|1758921123
|switch|p2a: Cyclizar|Cyclizar, F|100/100
|switch|p1a: Raging Bolt|Raging Bolt|100/100
|
|upkeep
|turn|16
|
|t:|1758921152
|-end|p1a: Raging Bolt|Protosynthesis|[silent]
|switch|p1a: Slowking|Slowking-Galar, M|100/100
|move|p2a: Cyclizar|U-turn|p1a: Slowking
|-damage|p1a: Slowking|89/100
|
|t:|1758921174
|switch|p2a: Darkrai|Darkrai, shiny, tera:Poison|100/100|[from] U-turn
|
|upkeep
|turn|17
|
|t:|1758921191
|switch|p1a: Garganacl|Garganacl, F|99/100
|-damage|p1a: Garganacl|74/100|[from] Spikes
|move|p2a: Darkrai|Knock Off|p1a: Garganacl
|-damage|p1a: Garganacl|61/100
|
|upkeep
|turn|18
|
|t:|1758921207
|switch|p2a: Cyclizar|Cyclizar, F|100/100
|move|p1a: Garganacl|Salt Cure|p2a: Cyclizar
|-damage|p2a: Cyclizar|82/100
|-start|p2a: Cyclizar|Salt Cure
|
|-damage|p2a: Cyclizar|70/100|[from] Salt Cure
|upkeep
|turn|19
|
|t:|1758921220
|move|p2a: Cyclizar|U-turn|p1a: Garganacl
|-damage|p1a: Garganacl|49/100
|
|t:|1758921221
|switch|p2a: Ting-Lu|Ting-Lu, shiny|45/100|[from] U-turn
|-ability|p2a: Ting-Lu|Vessel of Ruin
|move|p1a: Garganacl|Stealth Rock|p2a: Ting-Lu
|-sidestart|p2: ding111|move: Stealth Rock
|
|-heal|p2a: Ting-Lu|51/100|[from] item: Leftovers
|upkeep
|turn|20
|
|t:|1758921231
|move|p1a: Garganacl|Recover|p1a: Garganacl
|-heal|p1a: Garganacl|99/100
|move|p2a: Ting-Lu|Whirlwind|p1a: Garganacl
|drag|p1a: Great Tusk|Great Tusk|90/100
|-damage|p1a: Great Tusk|65/100|[from] Spikes
|
|-heal|p1a: Great Tusk|71/100|[from] item: Leftovers
|-heal|p2a: Ting-Lu|57/100|[from] item: Leftovers
|upkeep
|turn|21
|
|t:|1758921260
|switch|p2a: Gholdengo|Gholdengo|100/100
|-damage|p2a: Gholdengo|94/100|[from] Stealth Rock
|-item|p2a: Gholdengo|Air Balloon
|move|p1a: Great Tusk|Ice Spinner|p2a: Gholdengo
|-resisted|p2a: Gholdengo
|-damage|p2a: Gholdengo|86/100
|-enditem|p2a: Gholdengo|Air Balloon
|
|-heal|p1a: Great Tusk|77/100|[from] item: Leftovers
|upkeep
|turn|22
|
|t:|1758921284
|-end|p1a: Great Tusk|Protosynthesis|[silent]
|switch|p1a: Raging Bolt|Raging Bolt|100/100
|move|p2a: Gholdengo|Make It Rain|p1a: Raging Bolt
|-resisted|p1a: Raging Bolt
|-damage|p1a: Raging Bolt|74/100
|-unboost|p2a: Gholdengo|spa|1
|
|upkeep
|turn|23
|
|t:|1758921297
|switch|p2a: Ting-Lu|Ting-Lu, shiny|57/100
|-damage|p2a: Ting-Lu|51/100|[from] Stealth Rock
|-ability|p2a: Ting-Lu|Vessel of Ruin
|move|p1a: Raging Bolt|Draco Meteor|p2a: Ting-Lu
|-damage|p2a: Ting-Lu|21/100
|-unboost|p1a: Raging Bolt|spa|2
|
|-heal|p2a: Ting-Lu|27/100|[from] item: Leftovers
|upkeep
|turn|24
|
|t:|1758921311
|move|p1a: Raging Bolt|Draco Meteor|p2a: Ting-Lu
|-damage|p2a: Ting-Lu|10/100
|-unboost|p1a: Raging Bolt|spa|2
|move|p2a: Ting-Lu|Whirlwind|p1a: Raging Bolt
|-end|p1a: Raging Bolt|Protosynthesis|[silent]
|drag|p1a: Slowking|Slowking-Galar, M|100/100
|
|-heal|p2a: Ting-Lu|16/100|[from] item: Leftovers
|upkeep
|turn|25
|
|t:|1758921325
|move|p2a: Ting-Lu|Earthquake|p1a: Slowking
|-supereffective|p1a: Slowking
|-damage|p1a: Slowking|50/100
|move|p1a: Slowking|Sludge Bomb|p2a: Ting-Lu
|-resisted|p2a: Ting-Lu
|-damage|p2a: Ting-Lu|9/100
|
|-heal|p2a: Ting-Lu|15/100|[from] item: Leftovers
|upkeep
|turn|26
|
|t:|1758921340
|switch|p1a: Raging Bolt|Raging Bolt|74/100
|move|p2a: Ting-Lu|Earthquake|p1a: Raging Bolt
|-supereffective|p1a: Raging Bolt
|-damage|p1a: Raging Bolt|4/100
|
|-heal|p2a: Ting-Lu|21/100|[from] item: Leftovers
|upkeep
|turn|27
|
|t:|1758921350
|move|p1a: Raging Bolt|Draco Meteor|p2a: Ting-Lu
|-damage|p2a: Ting-Lu|0 fnt
|-unboost|p1a: Raging Bolt|spa|2
|faint|p2a: Ting-Lu
|
|upkeep
|
|t:|1758921357
|switch|p2a: Cyclizar|Cyclizar, F|100/100
|turn|28
|
|t:|1758921363
|move|p1a: Raging Bolt|Thunderclap|p2a: Cyclizar
|-resisted|p2a: Cyclizar
|-damage|p2a: Cyclizar|85/100
|move|p2a: Cyclizar|Rapid Spin|p1a: Raging Bolt
|-damage|p1a: Raging Bolt|0 fnt
|-boost|p2a: Cyclizar|spe|1
|-sideend|p2: ding111|Stealth Rock|[from] move: Rapid Spin|[of] p2a: Cyclizar
|faint|p1a: Raging Bolt
|-end|p1a: Raging Bolt|Protosynthesis|[silent]
|
|upkeep
|
|t:|1758921376
|switch|p1a: Garganacl|Garganacl, F|99/100
|-damage|p1a: Garganacl|74/100|[from] Spikes
|turn|29
|
|t:|1758921382
|move|p2a: Cyclizar|Knock Off|p1a: Garganacl
|-damage|p1a: Garganacl|64/100
|move|p1a: Garganacl|Stealth Rock|p2a: Cyclizar
|-sidestart|p2: ding111|move: Stealth Rock
|
|upkeep
|turn|30
|
|t:|1758921387
|move|p2a: Cyclizar|Rapid Spin|p1a: Garganacl
|-resisted|p1a: Garganacl
|-damage|p1a: Garganacl|58/100
|-boost|p2a: Cyclizar|spe|1
|-sideend|p2: ding111|Stealth Rock|[from] move: Rapid Spin|[of] p2a: Cyclizar
|move|p1a: Garganacl|Salt Cure|p2a: Cyclizar
|-damage|p2a: Cyclizar|66/100
|-start|p2a: Cyclizar|Salt Cure
|
|-damage|p2a: Cyclizar|53/100|[from] Salt Cure
|upkeep
|turn|31
|
|t:|1758921411
|move|p2a: Cyclizar|U-turn|p1a: Garganacl
|-damage|p1a: Garganacl|47/100
|
|t:|1758921413
|switch|p2a: Zamazenta|Zamazenta, shiny|100/100|[from] U-turn
|-ability|p2a: Zamazenta|Dauntless Shield|boost
|-boost|p2a: Zamazenta|def|1
|move|p1a: Garganacl|Recover|p1a: Garganacl
|-heal|p1a: Garganacl|97/100
|
|upkeep
|turn|32
|
|t:|1758921421
|move|p2a: Zamazenta|Close Combat|p1a: Garganacl
|-supereffective|p1a: Garganacl
|-damage|p1a: Garganacl|21/100
|-unboost|p2a: Zamazenta|def|1
|-unboost|p2a: Zamazenta|spd|1
|move|p1a: Garganacl|Salt Cure|p2a: Zamazenta
|-resisted|p2a: Zamazenta
|-damage|p2a: Zamazenta|94/100
|-start|p2a: Zamazenta|Salt Cure
|
|-damage|p2a: Zamazenta|82/100|[from] Salt Cure
|upkeep
|turn|33
|
|t:|1758921433
|switch|p1a: Slowking|Slowking-Galar, M|83/100
|move|p2a: Zamazenta|Close Combat|p1a: Slowking
|-resisted|p1a: Slowking
|-damage|p1a: Slowking|73/100
|-unboost|p2a: Zamazenta|def|1
|-unboost|p2a: Zamazenta|spd|1
|
|-damage|p2a: Zamazenta|69/100|[from] Salt Cure
|upkeep
|turn|34
|
|t:|1758921459
|switch|p2a: Darkrai|Darkrai, shiny, tera:Poison|100/100
|move|p1a: Slowking|Future Sight|p2a: Darkrai
|-start|p1a: Slowking|move: Future Sight
|
|upkeep
|turn|35
|
|t:|1758921493
|switch|p1a: Garganacl|Garganacl, F|21/100
|-damage|p1a: Garganacl|0 fnt|[from] Spikes
|faint|p1a: Garganacl
|move|p2a: Darkrai|Knock Off|p1: Garganacl|[notarget]
|-fail|p2a: Darkrai
|
|upkeep
|inactive|Battle timer is ON: inactive players will automatically lose when time's up. (requested by ding111)
|
|t:|1758921520
|switch|p1a: Great Tusk|Great Tusk|77/100
|-damage|p1a: Great Tusk|53/100|[from] Spikes
|turn|36
|
|t:|1758921528
|switch|p2a: Gholdengo|Gholdengo|86/100
|move|p1a: Great Tusk|Rapid Spin|p2a: Gholdengo
|-immune|p2a: Gholdengo
|
|-end|p2a: Gholdengo|move: Future Sight
|-resisted|p2a: Gholdengo
|-damage|p2a: Gholdengo|64/100
|-heal|p1a: Great Tusk|59/100|[from] item: Leftovers
|upkeep
|turn|37
|
|t:|1758921538
|move|p1a: Great Tusk|Headlong Rush|p2a: Gholdengo
|-supereffective|p2a: Gholdengo
|-damage|p2a: Gholdengo|0 fnt
|-unboost|p1a: Great Tusk|def|1
|-unboost|p1a: Great Tusk|spd|1
|faint|p2a: Gholdengo
|
|-heal|p1a: Great Tusk|65/100|[from] item: Leftovers
|upkeep
|
|t:|1758921552
|switch|p2a: Darkrai|Darkrai, shiny, tera:Poison|100/100
|turn|38
|
|t:|1758921569
|-end|p1a: Great Tusk|Protosynthesis|[silent]
|switch|p1a: Iron Moth|Iron Moth|100/100
|-damage|p1a: Iron Moth|76/100|[from] Spikes
|-enditem|p1a: Iron Moth|Booster Energy
|-activate|p1a: Iron Moth|ability: Quark Drive|[fromitem]
|-start|p1a: Iron Moth|quarkdrivespe
|move|p2a: Darkrai|Ice Beam|p1a: Iron Moth
|-resisted|p1a: Iron Moth
|-damage|p1a: Iron Moth|58/100
|
|upkeep
|turn|39
|
|t:|1758921593
|switch|p2a: Moltres|Moltres, shiny|73/100
|move|p1a: Iron Moth|Fiery Dance|p2a: Moltres
|-resisted|p2a: Moltres
|-damage|p2a: Moltres|53/100
|-boost|p1a: Iron Moth|spa|1
|
|upkeep
|turn|40
|
|t:|1758921614
|move|p1a: Iron Moth|Sludge Wave|p2a: Moltres
|-damage|p2a: Moltres|0 fnt
|faint|p2a: Moltres
|
|upkeep
|
|t:|1758921625
|switch|p2a: Zamazenta|Zamazenta, shiny|69/100
|turn|41
|inactive|pixirin has 120 seconds left.
|
|t:|1758921650
|move|p1a: Iron Moth|Fiery Dance|p2a: Zamazenta
|-damage|p2a: Zamazenta|12/100
|move|p2a: Zamazenta|Stone Edge|p1a: Iron Moth|[miss]
|-miss|p2a: Zamazenta|p1a: Iron Moth
|
|upkeep
|turn|42
|c|☆ding111|ggs
|inactive|pixirin has 120 seconds left.
|
|t:|1758921657
|move|p1a: Iron Moth|Fiery Dance|p2a: Zamazenta
|-damage|p2a: Zamazenta|0 fnt
|faint|p2a: Zamazenta
|
|upkeep
|
|t:|1758921660
|switch|p2a: Darkrai|Darkrai, shiny, tera:Poison|100/100
|turn|43
|
|t:|1758921665
|move|p1a: Iron Moth|Fiery Dance|p2a: Darkrai
|-damage|p2a: Darkrai|21/100
|move|p2a: Darkrai|Dark Pulse|p1a: Iron Moth
|-damage|p1a: Iron Moth|15/100
|
|upkeep
|turn|44
|
|t:|1758921672
|switch|p2a: Cyclizar|Cyclizar, F|86/100
|move|p1a: Iron Moth|Fiery Dance|p2a: Cyclizar
|-resisted|p2a: Cyclizar
|-damage|p2a: Cyclizar|42/100
|-boost|p1a: Iron Moth|spa|1
|
|upkeep
|turn|45
|
|t:|1758921680
|move|p1a: Iron Moth|Fiery Dance|p2a: Cyclizar
|-resisted|p2a: Cyclizar
|-damage|p2a: Cyclizar|0 fnt
|-boost|p1a: Iron Moth|spa|1
|faint|p2a: Cyclizar
|
|upkeep
|
|t:|1758921685
|switch|p2a: Darkrai|Darkrai, shiny, tera:Poison|21/100
|turn|46
|
|t:|1758921689
|move|p1a: Iron Moth|Fiery Dance|p2a: Darkrai
|-damage|p2a: Darkrai|0 fnt
|-boost|p1a: Iron Moth|spa|1
|faint|p2a: Darkrai
|
|win|pixirin
|raw|pixirin's rating: 1313 &rarr; <strong>1336</strong><br />(+23 for winning)
|raw|ding111's rating: 1373 &rarr; <strong>1350</strong><br />(-23 for losing)
|c|☆ding111|cheap
