|j|☆suprya
|j|☆4DEF+4SPD=GG
|t:|1758939512
|gametype|singles
|player|p1|suprya|preschooler|1600
|player|p2|4DEF+4SPD=GG|preschooler|1548
|gen|9
|tier|[Gen 9] OU
|rated|
|rule|HP Percentage Mod: HP is shown in percentages
|rule|Endless Battle Clause: Forcing endless battles is banned
|rule|Species Clause: Limit one of each Pokémon
|rule|OHKO Clause: OHKO moves are banned
|rule|Evasion Items Clause: Evasion items are banned
|rule|Evasion Moves Clause: Evasion moves are banned
|rule|Evasion Abilities Clause: Evasion abilities are banned
|rule|Sleep Moves Clause: Sleep-inducing moves are banned
|clearpoke
|poke|p1|Jolteon, M|
|poke|p1|Serperior, F|
|poke|p1|Dragapult, M|
|poke|p1|Heatran, M|
|poke|p1|Gliscor, F|
|poke|p1|Alomomola, M|
|poke|p2|Tyranitar, M|
|poke|p2|Excadrill, M|
|poke|p2|Corviknight, M|
|poke|p2|Glimmora, M|
|poke|p2|Hippowdon, M|
|poke|p2|Scizor, M|
|teampreview
|inactive|Battle timer is ON: inactive players will automatically lose when time's up. (requested by 4DEF+4SPD=GG)
|inactive|suprya also wants the timer to be on.
|
|t:|1758939531
|teamsize|p1|6
|teamsize|p2|6
|start
|switch|p1a: Gliscor|Gliscor, F|100/100
|switch|p2a: Scizor|Scizor, M|100/100
|turn|1
|
|t:|1758939534
|move|p1a: Gliscor|Protect|p1a: Gliscor
|-singleturn|p1a: Gliscor|Protect
|move|p2a: Scizor|Knock Off|p1a: Gliscor
|-activate|p1a: Gliscor|move: Protect
|
|-status|p1a: Gliscor|tox|[from] item: Toxic Orb
|upkeep
|turn|2
|
|t:|1758939540
|switch|p2a: Corviknight|Corviknight, M|100/100
|move|p1a: Gliscor|Knock Off|p2a: Corviknight
|-damage|p2a: Corviknight|86/100
|-damage|p1a: Gliscor|84/100 tox|[from] item: Rocky Helmet|[of] p2a: Corviknight
|-enditem|p2a: Corviknight|Rocky Helmet|[from] move: Knock Off|[of] p1a: Gliscor
|
|-heal|p1a: Gliscor|97/100 tox|[from] ability: Poison Heal
|upkeep
|turn|3
|
|t:|1758939544
|move|p1a: Gliscor|Toxic Spikes|p2a: Corviknight
|-sidestart|p2: 4DEF+4SPD=GG|move: Toxic Spikes
|move|p2a: Corviknight|U-turn|p1a: Gliscor
|-resisted|p1a: Gliscor
|-damage|p1a: Gliscor|91/100 tox
|
|t:|1758939547
|switch|p2a: Glimmora|Glimmora, M|100/100|[from] U-turn
|-sideend|p2: 4DEF+4SPD=GG|move: Toxic Spikes|[of] p2a: Glimmora
|
|-heal|p1a: Gliscor|100/100 tox|[from] ability: Poison Heal
|upkeep
|turn|4
|
|t:|1758939563
|switch|p2a: Hippowdon|Hippowdon, M|100/100
|-weather|Sandstorm|[from] ability: Sand Stream|[of] p2a: Hippowdon
|move|p1a: Gliscor|Earthquake|p2a: Hippowdon
|-damage|p2a: Hippowdon|82/100
|
|-weather|Sandstorm|[upkeep]
|upkeep
|turn|5
|
|t:|1758939569
|move|p1a: Gliscor|Knock Off|p2a: Hippowdon
|-damage|p2a: Hippowdon|70/100
|-enditem|p2a: Hippowdon|Smooth Rock|[from] move: Knock Off|[of] p1a: Gliscor
|move|p2a: Hippowdon|Stealth Rock|p1a: Gliscor
|-sidestart|p1: suprya|move: Stealth Rock
|
|-weather|Sandstorm|[upkeep]
|upkeep
|turn|6
|
|t:|1758939575
|switch|p2a: Corviknight|Corviknight, M|86/100
|move|p1a: Gliscor|Toxic Spikes|p2a: Corviknight
|-sidestart|p2: 4DEF+4SPD=GG|move: Toxic Spikes
|
|-weather|Sandstorm|[upkeep]
|upkeep
|turn|7
|
|t:|1758939583
|switch|p1a: Heatran|Heatran, M|100/100
|-damage|p1a: Heatran|88/100|[from] Stealth Rock
|move|p2a: Corviknight|U-turn|p1a: Heatran
|-resisted|p1a: Heatran
|-crit|p1a: Heatran
|-damage|p1a: Heatran|85/100
|
|t:|1758939587
|switch|p2a: Glimmora|Glimmora, M|100/100|[from] U-turn
|-sideend|p2: 4DEF+4SPD=GG|move: Toxic Spikes|[of] p2a: Glimmora
|
|-weather|Sandstorm|[upkeep]
|-heal|p1a: Heatran|91/100|[from] item: Leftovers
|upkeep
|turn|8
|
|t:|1758939600
|move|p2a: Glimmora|Earth Power|p1a: Heatran
|-supereffective|p1a: Heatran
|-damage|p1a: Heatran|0 fnt
|faint|p1a: Heatran
|
|-weather|Sandstorm|[upkeep]
|upkeep
|
|t:|1758939604
|switch|p1a: Gliscor|Gliscor, F|100/100 tox
|-damage|p1a: Gliscor|88/100 tox|[from] Stealth Rock
|turn|9
|
|t:|1758939610
|switch|p1a: Jolteon|Jolteon, M|100/100
|-terastallize|p2a: Glimmora|Bug
|move|p2a: Glimmora|Rock Polish|p2a: Glimmora
|-boost|p2a: Glimmora|spe|2
|
|-weather|Sandstorm|[upkeep]
|-damage|p2a: Glimmora|94/100|[from] Sandstorm
|-damage|p1a: Jolteon|95/100|[from] Sandstorm
|upkeep
|turn|10
|
|t:|1758939633
|-terastallize|p1a: Jolteon|Fairy
|move|p2a: Glimmora|Earth Power|p1a: Jolteon
|-damage|p1a: Jolteon|51/100
|move|p1a: Jolteon|Volt Switch|p2a: Glimmora
|-damage|p2a: Glimmora|49/100
|
|t:|1758939639
|switch|p1a: Serperior|Serperior, F|100/100|[from] Volt Switch
|
|-weather|Sandstorm|[upkeep]
|-damage|p2a: Glimmora|43/100|[from] Sandstorm
|-damage|p1a: Serperior|94/100|[from] Sandstorm
|upkeep
|turn|11
|
|t:|1758939641
|move|p2a: Glimmora|Meteor Beam||[still]
|-prepare|p2a: Glimmora|Meteor Beam
|-boost|p2a: Glimmora|spa|1
|-enditem|p2a: Glimmora|Power Herb
|-anim|p2a: Glimmora|Meteor Beam|p1a: Serperior
|-damage|p1a: Serperior|0 fnt
|faint|p1a: Serperior
|
|-weather|none
|upkeep
|-message|suprya forfeited.
|
|win|4DEF+4SPD=GG
|raw|suprya's rating: 1600 &rarr; <strong>1577</strong><br />(-23 for losing)
|raw|4DEF+4SPD=GG's rating: 1548 &rarr; <strong>1571</strong><br />(+23 for winning)
|l|☆suprya
|player|p1|
