|j|☆gholdengofinance
|j|☆ultra kay
|t:|1760720582
|gametype|singles
|player|p1|gholdengofinance|leaf-masters2|1717
|player|p2|ultra kay|170|1621
|gen|9
|tier|[Gen 9] OU
|rated|
|rule|HP Percentage Mod: HP is shown in percentages
|rule|Endless Battle Clause: Forcing endless battles is banned
|rule|Species Clause: Limit one of each Pokémon
|rule|OHKO Clause: OHKO moves are banned
|rule|Evasion Items Clause: Evasion items are banned
|rule|Evasion Moves Clause: Evasion moves are banned
|rule|Evasion Abilities Clause: Evasion abilities are banned
|rule|Sleep Moves Clause: Sleep-inducing moves are banned
|clearpoke
|poke|p1|Armarouge, F|
|poke|p1|Great Tusk|
|poke|p1|Gholdengo|
|poke|p1|Landorus-Therian, M|
|poke|p1|Iron Crown|
|poke|p1|Samurott-Hisui, F|
|poke|p2|Espeon, F|
|poke|p2|Great Tusk|
|poke|p2|Dragonite, F|
|poke|p2|Primarina, M|
|poke|p2|Kingambit, F|
|poke|p2|Dragapult, M|
|teampreview
|
|t:|1760720595
|teamsize|p1|6
|teamsize|p2|6
|start
|switch|p1a: Samurott|Samurott-Hisui, F|100/100
|switch|p2a: Primarina|Primarina, M|100/100
|turn|1
|
|t:|1760720601
|move|p1a: Samurott|Ceaseless Edge|p2a: Primarina
|-resisted|p2a: Primarina
|-damage|p2a: Primarina|72/100
|-sidestart|p2: ultra kay|Spikes
|move|p2a: Primarina|Moonblast|p1a: Samurott
|-supereffective|p1a: Samurott
|-damage|p1a: Samurott|6/100
|
|upkeep
|turn|2
|j| PalletTownNoob
|
|t:|1760720606
|move|p2a: Primarina|Aqua Jet|p1a: Samurott
|-resisted|p1a: Samurott
|-damage|p1a: Samurott|1/100
|move|p1a: Samurott|Ceaseless Edge|p2a: Primarina
|-resisted|p2a: Primarina
|-damage|p2a: Primarina|41/100
|-sidestart|p2: ultra kay|Spikes
|
|upkeep
|turn|3
|
|t:|1760720609
|move|p1a: Samurott|Sucker Punch|p2a: Primarina
|-resisted|p2a: Primarina
|-damage|p2a: Primarina|18/100
|move|p2a: Primarina|Aqua Jet|p1a: Samurott
|-resisted|p1a: Samurott
|-damage|p1a: Samurott|0 fnt
|faint|p1a: Samurott
|
|upkeep
|
|t:|1760720612
|switch|p1a: Landorus|Landorus-Therian, M|100/100
|-ability|p1a: Landorus|Intimidate|boost
|-unboost|p2a: Primarina|atk|1
|turn|4
|
|t:|1760720615
|move|p2a: Primarina|Aqua Jet|p1a: Landorus
|-supereffective|p1a: Landorus
|-damage|p1a: Landorus|81/100
|-damage|p2a: Primarina|2/100|[from] item: Rocky Helmet|[of] p1a: Landorus
|move|p1a: Landorus|Sandsear Storm|p2a: Primarina
|-damage|p2a: Primarina|0 fnt
|faint|p2a: Primarina
|
|upkeep
|
|t:|1760720624
|switch|p2a: Dragapult|Dragapult, M|100/100
|-damage|p2a: Dragapult|84/100|[from] Spikes
|turn|5
|
|t:|1760720630
|move|p2a: Dragapult|Shadow Ball|p1a: Landorus
|-damage|p1a: Landorus|27/100
|-unboost|p1a: Landorus|spd|1
|move|p1a: Landorus|Stealth Rock|p2a: Dragapult
|-sidestart|p2: ultra kay|move: Stealth Rock
|
|upkeep
|turn|6
|
|t:|1760720636
|move|p2a: Dragapult|Shadow Ball|p1a: Landorus
|-damage|p1a: Landorus|0 fnt
|faint|p1a: Landorus
|
|upkeep
|
|t:|1760720637
|switch|p1a: Iron Crown|Iron Crown|100/100
|-enditem|p1a: Iron Crown|Booster Energy
|-activate|p1a: Iron Crown|ability: Quark Drive|[fromitem]
|-start|p1a: Iron Crown|quarkdrivespe
|turn|7
|
|t:|1760720644
|switch|p2a: Kingambit|Kingambit, F|100/100
|-damage|p2a: Kingambit|84/100|[from] Spikes
|-damage|p2a: Kingambit|78/100|[from] Stealth Rock
|-activate|p2a: Kingambit|ability: Supreme Overlord
|-start|p2a: Kingambit|fallen1|[silent]
|move|p1a: Iron Crown|Tachyon Cutter|p2a: Kingambit
|-resisted|p2a: Kingambit
|-damage|p2a: Kingambit|67/100
|-resisted|p2a: Kingambit
|-damage|p2a: Kingambit|55/100
|-hitcount|p2a: Kingambit|2
|
|-heal|p2a: Kingambit|62/100|[from] item: Leftovers
|upkeep
|turn|8
|
|t:|1760720652
|-end|p1a: Iron Crown|Quark Drive|[silent]
|switch|p1a: Great Tusk|Great Tusk|100/100
|-terastallize|p2a: Kingambit|Ghost
|move|p2a: Kingambit|Swords Dance|p2a: Kingambit
|-boost|p2a: Kingambit|atk|2
|
|-heal|p2a: Kingambit|68/100|[from] item: Leftovers
|upkeep
|turn|9
|
|t:|1760720655
|move|p1a: Great Tusk|Knock Off|p2a: Kingambit
|-supereffective|p2a: Kingambit
|-damage|p2a: Kingambit|23/100
|-enditem|p2a: Kingambit|Leftovers|[from] move: Knock Off|[of] p1a: Great Tusk
|move|p2a: Kingambit|Iron Head|p1a: Great Tusk
|-damage|p1a: Great Tusk|23/100
|
|upkeep
|turn|10
|
|t:|1760720662
|move|p2a: Kingambit|Sucker Punch|p1a: Great Tusk
|-resisted|p1a: Great Tusk
|-damage|p1a: Great Tusk|0 fnt
|faint|p1a: Great Tusk
|-end|p1a: Great Tusk|Protosynthesis|[silent]
|
|upkeep
|
|t:|1760720664
|switch|p1a: Iron Crown|Iron Crown|100/100
|turn|11
|
|t:|1760720669
|move|p1a: Iron Crown|Calm Mind|p1a: Iron Crown
|-boost|p1a: Iron Crown|spa|1
|-boost|p1a: Iron Crown|spd|1
|move|p2a: Kingambit|Iron Head|p1a: Iron Crown
|-resisted|p1a: Iron Crown
|-damage|p1a: Iron Crown|53/100
|
|upkeep
|turn|12
|
|t:|1760720673
|-terastallize|p1a: Iron Crown|Dark
|move|p2a: Kingambit|Sucker Punch|p1a: Iron Crown
|-resisted|p1a: Iron Crown
|-damage|p1a: Iron Crown|7/100
|move|p1a: Iron Crown|Tera Blast|p2a: Kingambit|[anim] Tera Blast Dark
|-supereffective|p2a: Kingambit
|-damage|p2a: Kingambit|0 fnt
|faint|p2a: Kingambit
|-end|p2a: Kingambit|fallen1|[silent]
|
|upkeep
|
|t:|1760720691
|switch|p2a: Dragapult|Dragapult, M|84/100
|-damage|p2a: Dragapult|68/100|[from] Spikes
|-damage|p2a: Dragapult|55/100|[from] Stealth Rock
|turn|13
|
|t:|1760720694
|move|p2a: Dragapult|U-turn|p1a: Iron Crown
|-supereffective|p1a: Iron Crown
|-crit|p1a: Iron Crown
|-damage|p1a: Iron Crown|0 fnt
|faint|p1a: Iron Crown
|-end|p1a: Iron Crown|Quark Drive|[silent]
|
|t:|1760720703
|switch|p2a: Espeon|Espeon, F|100/100|[from] U-turn
|-damage|p2a: Espeon|84/100|[from] Spikes
|-damage|p2a: Espeon|72/100|[from] Stealth Rock
|
|upkeep
|
|t:|1760720706
|switch|p1a: Gholdengo|Gholdengo|100/100
|turn|14
|
|t:|1760720714
|move|p2a: Espeon|Shadow Ball|p1a: Gholdengo
|-supereffective|p1a: Gholdengo
|-damage|p1a: Gholdengo|49/100
|-unboost|p1a: Gholdengo|spd|1
|move|p1a: Gholdengo|Hex|p2a: Espeon
|-supereffective|p2a: Espeon
|-crit|p2a: Espeon
|-damage|p2a: Espeon|0 fnt
|faint|p2a: Espeon
|
|upkeep
|
|t:|1760720723
|switch|p2a: Dragapult|Dragapult, M|55/100
|-damage|p2a: Dragapult|39/100|[from] Spikes
|-damage|p2a: Dragapult|27/100|[from] Stealth Rock
|turn|15
|
|t:|1760720727
|move|p2a: Dragapult|Shadow Ball|p1a: Gholdengo
|-supereffective|p1a: Gholdengo
|-damage|p1a: Gholdengo|0 fnt
|faint|p1a: Gholdengo
|
|upkeep
|
|t:|1760720729
|switch|p1a: Armarouge|Armarouge, F|100/100
|turn|16
|
|t:|1760720732
|move|p2a: Dragapult|Shadow Ball|p1a: Armarouge
|-supereffective|p1a: Armarouge
|-crit|p1a: Armarouge
|-damage|p1a: Armarouge|0 fnt
|faint|p1a: Armarouge
|
|win|ultra kay
|raw|gholdengofinance's rating: 1717 &rarr; <strong>1692</strong><br />(-25 for losing)
|raw|ultra kay's rating: 1621 &rarr; <strong>1646</strong><br />(+25 for winning)
|l|☆gholdengofinance
|player|p1|
|l|☆ultra kay
|player|p2|
|l| PalletTownNoob
