|j|☆renzard
|j|☆gjhvcjvgbncjgvn
|t:|1760762565
|gametype|singles
|player|p1|renzard|265|1153
|player|p2|gjhvcjvgbncjgvn|101|1184
|gen|9
|tier|[Gen 9] OU
|rated|
|rule|HP Percentage Mod: HP is shown in percentages
|rule|Endless Battle Clause: Forcing endless battles is banned
|rule|Species Clause: Limit one of each Pokémon
|rule|OHKO Clause: OHKO moves are banned
|rule|Evasion Items Clause: Evasion items are banned
|rule|Evasion Moves Clause: Evasion moves are banned
|rule|Evasion Abilities Clause: Evasion abilities are banned
|rule|Sleep Moves Clause: Sleep-inducing moves are banned
|clearpoke
|poke|p1|Maushold-Four|
|poke|p1|Talonflame, F|
|poke|p1|Corviknight, M|
|poke|p1|Blissey, F|
|poke|p1|Noivern, F|
|poke|p1|Clodsire, M|
|poke|p2|Pelipper, F|
|poke|p2|Barraskewda, M|
|poke|p2|Zapdos|
|poke|p2|Ogerpon-Wellspring, F|
|poke|p2|Toxicroak, F|
|poke|p2|Iron Treads|
|teampreview
|inactive|Battle timer is ON: inactive players will automatically lose when time's up. (requested by gjhvcjvgbncjgvn)
|
|t:|1760762577
|teamsize|p1|6
|teamsize|p2|6
|start
|switch|p1a: Talonflame|Talonflame, F, shiny|100/100
|switch|p2a: Iron Treads|Iron Treads|100/100
|turn|1
|
|t:|1760762585
|-terastallize|p1a: Talonflame|Ground
|move|p1a: Talonflame|Swords Dance|p1a: Talonflame
|-boost|p1a: Talonflame|atk|2
|move|p2a: Iron Treads|Stealth Rock|p1a: Talonflame
|-sidestart|p1: renzard|move: Stealth Rock
|
|upkeep
|turn|2
|
|t:|1760762595
|-end|p2a: Iron Treads|Quark Drive|[silent]
|switch|p2a: Pelipper|Pelipper, F|100/100
|-weather|RainDance|[from] ability: Drizzle|[of] p2a: Pelipper
|move|p1a: Talonflame|Tera Blast|p2a: Pelipper|[anim] Tera Blast Ground
|-immune|p2a: Pelipper
|
|-weather|RainDance|[upkeep]
|upkeep
|turn|3
|
|t:|1760762610
|move|p1a: Talonflame|Acrobatics|p2a: Pelipper
|-damage|p2a: Pelipper|31/100
|move|p2a: Pelipper|Surf|p1a: Talonflame
|-supereffective|p1a: Talonflame
|-damage|p1a: Talonflame|0 fnt
|faint|p1a: Talonflame
|
|-weather|RainDance|[upkeep]
|upkeep
|
|t:|1760762620
|switch|p1a: Maushold|Maushold-Four, shiny|100/100
|-damage|p1a: Maushold|88/100|[from] Stealth Rock
|turn|4
|
|t:|1760762627
|switch|p2a: Iron Treads|Iron Treads|100/100
|move|p1a: Maushold|Tidy Up|p1a: Maushold
|-sideend|p1: renzard|Stealth Rock
|-activate|p1a: Maushold|move: Tidy Up
|-boost|p1a: Maushold|atk|1
|-boost|p1a: Maushold|spe|1
|
|-weather|RainDance|[upkeep]
|upkeep
|turn|5
|
|t:|1760762637
|move|p1a: Maushold|Bullet Seed|p2a: Iron Treads
|-damage|p2a: Iron Treads|90/100
|-damage|p2a: Iron Treads|79/100
|-hitcount|p2a: Iron Treads|2
|move|p2a: Iron Treads|Earthquake|p1a: Maushold
|-damage|p1a: Maushold|29/100
|
|-weather|RainDance|[upkeep]
|upkeep
|turn|6
|
|t:|1760762646
|move|p1a: Maushold|Population Bomb|p2a: Iron Treads
|-resisted|p2a: Iron Treads
|-damage|p2a: Iron Treads|72/100
|-resisted|p2a: Iron Treads
|-damage|p2a: Iron Treads|67/100
|-resisted|p2a: Iron Treads
|-damage|p2a: Iron Treads|60/100
|-resisted|p2a: Iron Treads
|-damage|p2a: Iron Treads|53/100
|-resisted|p2a: Iron Treads
|-damage|p2a: Iron Treads|47/100
|-resisted|p2a: Iron Treads
|-crit|p2a: Iron Treads
|-damage|p2a: Iron Treads|38/100
|-resisted|p2a: Iron Treads
|-damage|p2a: Iron Treads|31/100
|-resisted|p2a: Iron Treads
|-damage|p2a: Iron Treads|25/100
|-resisted|p2a: Iron Treads
|-damage|p2a: Iron Treads|19/100
|-resisted|p2a: Iron Treads
|-damage|p2a: Iron Treads|12/100
|-hitcount|p2a: Iron Treads|10
|move|p2a: Iron Treads|Earthquake|p1a: Maushold
|-damage|p1a: Maushold|0 fnt
|faint|p1a: Maushold
|
|-weather|RainDance|[upkeep]
|upkeep
|
|t:|1760762670
|switch|p1a: Corviknight|Corviknight, M|100/100
|turn|7
|
|t:|1760762676
|move|p2a: Iron Treads|Volt Switch|p1a: Corviknight
|-supereffective|p1a: Corviknight
|-damage|p1a: Corviknight|80/100
|
|t:|1760762680
|-end|p2a: Iron Treads|Quark Drive|[silent]
|switch|p2a: Barraskewda|Barraskewda, M|100/100|[from] Volt Switch
|move|p1a: Corviknight|Bulk Up|p1a: Corviknight
|-boost|p1a: Corviknight|atk|1
|-boost|p1a: Corviknight|def|1
|
|-weather|RainDance|[upkeep]
|upkeep
|turn|8
|
|t:|1760762690
|-terastallize|p2a: Barraskewda|Water
|move|p2a: Barraskewda|Liquidation|p1a: Corviknight
|-damage|p1a: Corviknight|7/100
|-damage|p2a: Barraskewda|84/100|[from] item: Rocky Helmet|[of] p1a: Corviknight
|move|p1a: Corviknight|Roost|p1a: Corviknight
|-heal|p1a: Corviknight|57/100
|-singleturn|p1a: Corviknight|move: Roost
|
|-weather|RainDance|[upkeep]
|upkeep
|turn|9
|-message|renzard forfeited.
|
|win|gjhvcjvgbncjgvn
|raw|renzard's rating: 1153 &rarr; <strong>1130</strong><br />(-23 for losing)
|raw|gjhvcjvgbncjgvn's rating: 1184 &rarr; <strong>1207</strong><br />(+23 for winning)
|l|☆renzard
|player|p1|
|l|☆gjhvcjvgbncjgvn
|player|p2|
