|j|☆ducklordquackers
|j|☆Chefcuz
|t:|1760774272
|gametype|singles
|player|p1|ducklordquackers|265|1110
|player|p2|Chefcuz|ruinmaniac|1168
|gen|9
|tier|[Gen 9] OU
|rated|
|rule|HP Percentage Mod: HP is shown in percentages
|rule|Endless Battle Clause: Forcing endless battles is banned
|rule|Species Clause: Limit one of each Pokémon
|rule|OHKO Clause: OHKO moves are banned
|rule|Evasion Items Clause: Evasion items are banned
|rule|Evasion Moves Clause: Evasion moves are banned
|rule|Evasion Abilities Clause: Evasion abilities are banned
|rule|Sleep Moves Clause: Sleep-inducing moves are banned
|clearpoke
|poke|p1|Muk-Alola, F|
|poke|p1|Okidogi, M|
|poke|p1|Gengar, M|
|poke|p1|Slowbro-Galar, M|
|poke|p1|Venusaur, F|
|poke|p1|Toxapex, F|
|poke|p2|Scizor, F|
|poke|p2|Alomomola, M|
|poke|p2|Ogerpon-Wellspring, F|
|poke|p2|Zapdos|
|poke|p2|Slowking-Galar, F|
|poke|p2|Darkrai|
|teampreview
|inactive|Battle timer is ON: inactive players will automatically lose when time's up. (requested by ducklordquackers)
|
|t:|1760774293
|teamsize|p1|6
|teamsize|p2|6
|start
|switch|p1a: Muk|Muk-Alola, F|100/100
|switch|p2a: Slowking|Slowking-Galar, F|100/100
|turn|1
|
|t:|1760774308
|move|p1a: Muk|Knock Off|p2a: Slowking
|-supereffective|p2a: Slowking
|-damage|p2a: Slowking|21/100
|-enditem|p2a: Slowking|Heavy-Duty Boots|[from] move: Knock Off|[of] p1a: Muk
|-prepare|p2a: Slowking|Chilly Reception|[premajor]
|move|p2a: Slowking|Chilly Reception|p2a: Slowking
|-weather|Snowscape
|inactive|Chefcuz has 120 seconds left.
|inactive|Chefcuz has 90 seconds left.
|
|t:|1760774366
|switch|p2a: Zapdos|Zapdos|100/100|[from] Chilly Reception
|
|-weather|Snowscape|[upkeep]
|upkeep
|turn|2
|inactive|Chefcuz has 90 seconds left.
|
|t:|1760774385
|move|p2a: Zapdos|Volt Switch|p1a: Muk
|-damage|p1a: Muk|81/100
|
|t:|1760774388
|switch|p2a: Ogerpon|Ogerpon-Wellspring, F|100/100|[from] Volt Switch
|move|p1a: Muk|Knock Off|p2a: Ogerpon
|-damage|p2a: Ogerpon|63/100
|-status|p2a: Ogerpon|psn|[from] ability: Poison Touch|[of] p1a: Muk
|
|-weather|Snowscape|[upkeep]
|-heal|p1a: Muk|87/100|[from] item: Black Sludge
|-damage|p2a: Ogerpon|51/100 psn|[from] psn
|upkeep
|turn|3
|inactive|Chefcuz has 90 seconds left.
|
|t:|1760774399
|move|p2a: Ogerpon|Ivy Cudgel|p1a: Muk|[anim] Ivy Cudgel Water
|-damage|p1a: Muk|26/100
|move|p1a: Muk|Poison Jab|p2a: Ogerpon
|-supereffective|p2a: Ogerpon
|-damage|p2a: Ogerpon|0 fnt
|faint|p2a: Ogerpon
|
|-weather|Snowscape|[upkeep]
|-heal|p1a: Muk|32/100|[from] item: Black Sludge
|upkeep
|inactive|Chefcuz has 90 seconds left.
|
|t:|1760774407
|switch|p2a: Scizor|Scizor, F|100/100
|turn|4
|
|t:|1760774414
|move|p2a: Scizor|Swords Dance|p2a: Scizor
|-boost|p2a: Scizor|atk|2
|move|p1a: Muk|Knock Off|p2a: Scizor
|-damage|p2a: Scizor|52/100
|-enditem|p2a: Scizor|Punching Glove|[from] move: Knock Off|[of] p1a: Muk
|
|-weather|Snowscape|[upkeep]
|-heal|p1a: Muk|38/100|[from] item: Black Sludge
|upkeep
|turn|5
|
|t:|1760774429
|move|p2a: Scizor|Bullet Punch|p1a: Muk
|-damage|p1a: Muk|0 fnt
|faint|p1a: Muk
|
|-weather|none
|upkeep
|
|t:|1760774437
|switch|p1a: Toxapex|Toxapex, F|100/100
|turn|6
|
|t:|1760774446
|move|p2a: Scizor|Knock Off|p1a: Toxapex
|-damage|p1a: Toxapex|47/100
|-enditem|p1a: Toxapex|Black Sludge|[from] move: Knock Off|[of] p2a: Scizor
|move|p1a: Toxapex|Liquidation|p2a: Scizor
|-damage|p2a: Scizor|26/100
|
|upkeep
|turn|7
|inactive|Chefcuz has 90 seconds left.
|
|t:|1760774486
|switch|p2a: Zapdos|Zapdos|100/100
|move|p1a: Toxapex|Liquidation|p2a: Zapdos
|-damage|p2a: Zapdos|86/100
|
|upkeep
|turn|8
|
|t:|1760774497
|move|p1a: Toxapex|Baneful Bunker|p1a: Toxapex
|-singleturn|p1a: Toxapex|move: Protect
|move|p2a: Zapdos|Discharge|p1a: Toxapex
|-activate|p1a: Toxapex|move: Protect
|
|upkeep
|turn|9
|
|t:|1760774508
|switch|p1a: Venusaur|Venusaur, F|100/100
|move|p2a: Zapdos|Discharge|p1a: Venusaur
|-resisted|p1a: Venusaur
|-damage|p1a: Venusaur|87/100
|
|-heal|p1a: Venusaur|93/100|[from] item: Black Sludge
|upkeep
|turn|10
|inactive|Chefcuz has 90 seconds left.
|
|t:|1760774513
|move|p2a: Zapdos|Hurricane|p1a: Venusaur|[miss]
|-miss|p2a: Zapdos|p1a: Venusaur
|move|p1a: Venusaur|Worry Seed|p2a: Zapdos
|-ability|p2a: Zapdos|Insomnia|Static|[from] move: Worry Seed
|
|-heal|p1a: Venusaur|99/100|[from] item: Black Sludge
|upkeep
|turn|11
|
|t:|1760774525
|switch|p1a: Toxapex|Toxapex, F|80/100
|move|p2a: Zapdos|Hurricane|p1a: Toxapex|[miss]
|-miss|p2a: Zapdos|p1a: Toxapex
|
|upkeep
|turn|12
|
|t:|1760774535
|move|p1a: Toxapex|Baneful Bunker|p1a: Toxapex
|-singleturn|p1a: Toxapex|move: Protect
|move|p2a: Zapdos|Discharge|p1a: Toxapex
|-activate|p1a: Toxapex|move: Protect
|
|upkeep
|turn|13
|
|t:|1760774543
|move|p2a: Zapdos|Hurricane|p1a: Toxapex|[miss]
|-miss|p2a: Zapdos|p1a: Toxapex
|move|p1a: Toxapex|Liquidation|p2a: Zapdos
|-damage|p2a: Zapdos|71/100
|
|upkeep
|turn|14
|
|t:|1760774549
|switch|p1a: Venusaur|Venusaur, F|99/100
|move|p2a: Zapdos|Discharge|p1a: Venusaur
|-resisted|p1a: Venusaur
|-damage|p1a: Venusaur|84/100
|
|-heal|p1a: Venusaur|90/100|[from] item: Black Sludge
|upkeep
|turn|15
|
|t:|1760774554
|move|p2a: Zapdos|Hurricane|p1a: Venusaur|[miss]
|-miss|p2a: Zapdos|p1a: Venusaur
|move|p1a: Venusaur|Leech Seed|p2a: Zapdos
|-start|p2a: Zapdos|move: Leech Seed
|
|-heal|p1a: Venusaur|96/100|[from] item: Black Sludge
|-damage|p2a: Zapdos|59/100|[from] Leech Seed|[of] p1a: Venusaur
|-heal|p1a: Venusaur|100/100|[silent]
|upkeep
|turn|16
|c|☆Chefcuz|lol
|
|t:|1760774568
|move|p2a: Zapdos|Hurricane|p1a: Venusaur
|-supereffective|p1a: Venusaur
|-damage|p1a: Venusaur|24/100
|-start|p1a: Venusaur|confusion
|-activate|p1a: Venusaur|confusion
|-damage|p1a: Venusaur|17/100|[from] confusion
|
|-heal|p1a: Venusaur|23/100|[from] item: Black Sludge
|-damage|p2a: Zapdos|47/100|[from] Leech Seed|[of] p1a: Venusaur
|-heal|p1a: Venusaur|37/100|[silent]
|upkeep
|turn|17
|
|t:|1760774586
|switch|p1a: Toxapex|Toxapex, F|100/100
|move|p2a: Zapdos|Volt Switch|p1a: Toxapex
|-supereffective|p1a: Toxapex
|-crit|p1a: Toxapex
|-damage|p1a: Toxapex|25/100
|inactive|Chefcuz has 120 seconds left.
|
|t:|1760774625
|switch|p2a: Darkrai|Darkrai|100/100|[from] Volt Switch
|
|upkeep
|turn|18
|
|t:|1760774630
|move|p2a: Darkrai|Dark Pulse|p1a: Toxapex
|-damage|p1a: Toxapex|0 fnt
|faint|p1a: Toxapex
|
|upkeep
|
|t:|1760774635
|switch|p1a: Okidogi|Okidogi, M|100/100
|turn|19
|
|t:|1760774642
|switch|p2a: Alomomola|Alomomola, M|100/100
|move|p1a: Okidogi|Drain Punch|p2a: Alomomola
|-damage|p2a: Alomomola|83/100
|-status|p2a: Alomomola|tox|[from] ability: Toxic Chain|[of] p1a: Okidogi
|
|-damage|p2a: Alomomola|76/100 tox|[from] psn
|upkeep
|turn|20
|inactive|Chefcuz has 120 seconds left.
|
|t:|1760774654
|switch|p1a: Venusaur|Venusaur, F|37/100
|move|p2a: Alomomola|Wish|p2a: Alomomola
|
|-heal|p1a: Venusaur|43/100|[from] item: Black Sludge
|-damage|p2a: Alomomola|64/100 tox|[from] psn
|upkeep
|turn|21
|inactive|Chefcuz has 120 seconds left.
|
|t:|1760774661
|switch|p2a: Zapdos|Zapdos|47/100
|move|p1a: Venusaur|Giga Drain|p2a: Zapdos
|-resisted|p2a: Zapdos
|-damage|p2a: Zapdos|30/100
|-heal|p1a: Venusaur|53/100|[from] drain|[of] p2a: Zapdos
|
|-heal|p2a: Zapdos|99/100|[from] move: Wish|[wisher] Alomomola
|-heal|p1a: Venusaur|59/100|[from] item: Black Sludge
|upkeep
|turn|22
|inactive|Chefcuz has 120 seconds left.
|
|t:|1760774675
|move|p2a: Zapdos|Hurricane|p1a: Venusaur|[miss]
|-miss|p2a: Zapdos|p1a: Venusaur
|move|p1a: Venusaur|Leech Seed|p2a: Zapdos
|-start|p2a: Zapdos|move: Leech Seed
|
|-heal|p1a: Venusaur|65/100|[from] item: Black Sludge
|-damage|p2a: Zapdos|88/100|[from] Leech Seed|[of] p1a: Venusaur
|-heal|p1a: Venusaur|79/100|[silent]
|upkeep
|turn|23
|inactive|Chefcuz has 120 seconds left.
|
|t:|1760774695
|move|p2a: Zapdos|Hurricane|p1a: Venusaur|[miss]
|-miss|p2a: Zapdos|p1a: Venusaur
|move|p1a: Venusaur|Worry Seed|p2a: Zapdos
|-ability|p2a: Zapdos|Insomnia|Static|[from] move: Worry Seed
|
|-heal|p1a: Venusaur|85/100|[from] item: Black Sludge
|-damage|p2a: Zapdos|75/100|[from] Leech Seed|[of] p1a: Venusaur
|-heal|p1a: Venusaur|99/100|[silent]
|upkeep
|turn|24
|c|☆Chefcuz|bro
|inactive|Chefcuz has 120 seconds left.
|c|☆Chefcuz|HAHAHAH
|c|☆ducklordquackers|Wooooah horrid luck
|
|t:|1760774711
|move|p2a: Zapdos|Hurricane|p1a: Venusaur|[miss]
|-miss|p2a: Zapdos|p1a: Venusaur
|move|p1a: Venusaur|Venoshock|p2a: Zapdos
|-damage|p2a: Zapdos|46/100
|
|-heal|p1a: Venusaur|100/100|[from] item: Black Sludge
|-damage|p2a: Zapdos|33/100|[from] Leech Seed|[of] p1a: Venusaur
|upkeep
|turn|25
|c|☆ducklordquackers|Omg
|
|t:|1760774720
|move|p2a: Zapdos|Volt Switch|p1a: Venusaur
|-resisted|p1a: Venusaur
|-damage|p1a: Venusaur|87/100
|
|t:|1760774733
|switch|p2a: Darkrai|Darkrai|100/100|[from] Volt Switch
|move|p1a: Venusaur|Venoshock|p2a: Darkrai
|-damage|p2a: Darkrai|64/100
|
|-heal|p1a: Venusaur|93/100|[from] item: Black Sludge
|upkeep
|turn|26
|
|t:|1760774747
|move|p2a: Darkrai|Ice Beam|p1a: Venusaur
|-supereffective|p1a: Venusaur
|-damage|p1a: Venusaur|37/100
|move|p1a: Venusaur|Giga Drain|p2a: Darkrai
|-damage|p2a: Darkrai|15/100
|-heal|p1a: Venusaur|57/100|[from] drain|[of] p2a: Darkrai
|
|-heal|p1a: Venusaur|63/100|[from] item: Black Sludge
|upkeep
|turn|27
|
|t:|1760774755
|switch|p2a: Zapdos|Zapdos|33/100
|move|p1a: Venusaur|Giga Drain|p2a: Zapdos
|-resisted|p2a: Zapdos
|-damage|p2a: Zapdos|18/100
|-heal|p1a: Venusaur|72/100|[from] drain|[of] p2a: Zapdos
|
|-heal|p1a: Venusaur|78/100|[from] item: Black Sludge
|upkeep
|turn|28
|inactive|Chefcuz has 120 seconds left.
|
|t:|1760774762
|move|p2a: Zapdos|Roost|p2a: Zapdos
|-heal|p2a: Zapdos|68/100
|-singleturn|p2a: Zapdos|move: Roost
|move|p1a: Venusaur|Venoshock|p2a: Zapdos
|-damage|p2a: Zapdos|39/100
|
|-heal|p1a: Venusaur|84/100|[from] item: Black Sludge
|upkeep
|turn|29
|
|t:|1760774776
|move|p2a: Zapdos|Hurricane|p1a: Venusaur
|-supereffective|p1a: Venusaur
|-damage|p1a: Venusaur|3/100
|move|p1a: Venusaur|Venoshock|p2a: Zapdos
|-damage|p2a: Zapdos|8/100
|
|-heal|p1a: Venusaur|9/100|[from] item: Black Sludge
|upkeep
|turn|30
|
|t:|1760774785
|switch|p1a: Slowbro|Slowbro-Galar, M|100/100
|move|p2a: Zapdos|Roost|p2a: Zapdos
|-heal|p2a: Zapdos|58/100
|-singleturn|p2a: Zapdos|move: Roost
|
|upkeep
|turn|31
|
|t:|1760774800
|move|p2a: Zapdos|Volt Switch|p1a: Slowbro
|-damage|p1a: Slowbro|66/100
|
|t:|1760774805
|switch|p2a: Slowking|Slowking-Galar, F|55/100|[from] Volt Switch
|move|p1a: Slowbro|Ice Beam|p2a: Slowking
|-damage|p2a: Slowking|38/100
|
|upkeep
|turn|32
|
|t:|1760774816
|move|p1a: Slowbro|Psychic|p2a: Slowking
|-damage|p2a: Slowking|13/100
|move|p2a: Slowking|Future Sight|p1a: Slowbro
|-start|p2a: Slowking|move: Future Sight
|
|upkeep
|turn|33
|-activate|p1a: Slowbro|ability: Quick Draw
|
|t:|1760774825
|switch|p2a: Alomomola|Alomomola, M|97/100 tox
|move|p1a: Slowbro|Shell Side Arm|p2a: Alomomola|[anim] Shell Side Arm Special
|-damage|p2a: Alomomola|46/100 tox
|-hint|Special Shell Side Arm
|
|-damage|p2a: Alomomola|40/100 tox|[from] psn
|upkeep
|turn|34
|
|t:|1760774837
|switch|p1a: Venusaur|Venusaur, F|9/100
|move|p2a: Alomomola|Flip Turn|p1a: Venusaur
|-resisted|p1a: Venusaur
|-damage|p1a: Venusaur|0 fnt
|faint|p1a: Venusaur
|
|t:|1760774843
|switch|p2a: Slowking|Slowking-Galar, F|46/100|[from] Flip Turn
|
|-hint|Future Sight did not hit because the target is fainted.
|upkeep
|
|t:|1760774849
|switch|p1a: Gengar|Gengar, M|100/100
|turn|35
|
|t:|1760774865
|switch|p2a: Alomomola|Alomomola, M|73/100 tox
|move|p1a: Gengar|Shadow Ball|p2a: Alomomola
|-damage|p2a: Alomomola|4/100 tox
|-unboost|p2a: Alomomola|spd|1
|
|-damage|p2a: Alomomola|0 fnt|[from] psn
|faint|p2a: Alomomola
|upkeep
|
|t:|1760774879
|switch|p2a: Darkrai|Darkrai|15/100
|turn|36
|inactive|ducklordquackers has 120 seconds left.
|
|t:|1760774913
|switch|p1a: Okidogi|Okidogi, M|100/100
|move|p2a: Darkrai|Dark Pulse|p1a: Okidogi
|-resisted|p1a: Okidogi
|-damage|p1a: Okidogi|88/100
|
|upkeep
|turn|37
|inactive|ducklordquackers has 120 seconds left.
|
|t:|1760774923
|switch|p2a: Zapdos|Zapdos|58/100
|move|p1a: Okidogi|Ice Punch|p2a: Zapdos
|-supereffective|p2a: Zapdos
|-damage|p2a: Zapdos|23/100
|
|upkeep
|turn|38
|
|t:|1760774952
|switch|p2a: Scizor|Scizor, F|26/100
|move|p1a: Okidogi|Ice Punch|p2a: Scizor
|-resisted|p2a: Scizor
|-damage|p2a: Scizor|13/100
|
|upkeep
|turn|39
|
|t:|1760774961
|move|p2a: Scizor|Bullet Punch|p1a: Okidogi
|-damage|p1a: Okidogi|62/100
|move|p1a: Okidogi|Drain Punch|p2a: Scizor
|-damage|p2a: Scizor|0 fnt
|-heal|p1a: Okidogi|67/100|[from] drain|[of] p2a: Scizor
|faint|p2a: Scizor
|
|upkeep
|
|t:|1760774970
|switch|p2a: Slowking|Slowking-Galar, F|80/100
|turn|40
|inactive|Chefcuz has 120 seconds left.
|
|t:|1760775000
|switch|p1a: Gengar|Gengar, M|100/100
|move|p2a: Slowking|Future Sight|p1a: Gengar
|-start|p2a: Slowking|move: Future Sight
|
|upkeep
|turn|41
|inactive|Chefcuz has 120 seconds left.
|
|t:|1760775014
|move|p1a: Gengar|Shadow Ball|p2a: Slowking
|-supereffective|p2a: Slowking
|-damage|p2a: Slowking|0 fnt
|faint|p2a: Slowking
|
|upkeep
|
|t:|1760775020
|switch|p2a: Zapdos|Zapdos|23/100
|turn|42
|inactive|Chefcuz has 120 seconds left.
|
|t:|1760775025
|move|p1a: Gengar|Shadow Ball|p2a: Zapdos
|-damage|p2a: Zapdos|0 fnt
|faint|p2a: Zapdos
|
|-end|p1a: Gengar|move: Future Sight
|-supereffective|p1a: Gengar
|-damage|p1a: Gengar|0 fnt
|faint|p1a: Gengar
|upkeep
|
|t:|1760775032
|switch|p1a: Okidogi|Okidogi, M|67/100
|switch|p2a: Darkrai|Darkrai|15/100
|turn|43
|-message|Chefcuz forfeited.
|
|win|ducklordquackers
|raw|ducklordquackers's rating: 1110 &rarr; <strong>1139</strong><br />(+29 for winning)
|raw|Chefcuz's rating: 1168 &rarr; <strong>1139</strong><br />(-29 for losing)
|l|☆Chefcuz
|player|p2|
|l|☆ducklordquackers
|player|p1|
