|j|☆beaudiddly
|j|☆icebrrg
|t:|1760798091
|gametype|singles
|player|p1|beaudiddly|beauty|1528
|player|p2|icebrrg|102|1490
|gen|9
|tier|[Gen 9] OU
|rated|
|rule|HP Percentage Mod: HP is shown in percentages
|rule|Endless Battle Clause: Forcing endless battles is banned
|rule|Species Clause: Limit one of each Pokémon
|rule|OHKO Clause: OHKO moves are banned
|rule|Evasion Items Clause: Evasion items are banned
|rule|Evasion Moves Clause: Evasion moves are banned
|rule|Evasion Abilities Clause: Evasion abilities are banned
|rule|Sleep Moves Clause: Sleep-inducing moves are banned
|clearpoke
|poke|p1|Moltres|
|poke|p1|Zamazenta-*|
|poke|p1|Darkrai|
|poke|p1|Hydrapple, M|
|poke|p1|Ting-Lu|
|poke|p1|Tinkaton, F|
|poke|p2|Kyurem|
|poke|p2|Landorus-Therian, M|
|poke|p2|Kingambit, F|
|poke|p2|Zamazenta-*|
|poke|p2|Great Tusk|
|poke|p2|Zapdos|
|teampreview
|inactive|Battle timer is ON: inactive players will automatically lose when time's up. (requested by icebrrg)
|inactive|beaudiddly also wants the timer to be on.
|inactive|beaudiddly has 120 seconds left.
|
|t:|1760798145
|teamsize|p1|6
|teamsize|p2|6
|start
|switch|p1a: Ting-Lu|Ting-Lu|100/100
|switch|p2a: Landorus|Landorus-Therian, M|100/100
|-ability|p2a: Landorus|Intimidate|boost
|-unboost|p1a: Ting-Lu|atk|1
|-ability|p1a: Ting-Lu|Vessel of Ruin
|turn|1
|
|t:|1760798153
|move|p2a: Landorus|Taunt|p1a: Ting-Lu
|-start|p1a: Ting-Lu|move: Taunt
|move|p1a: Ting-Lu|Ruination|p2a: Landorus
|-damage|p2a: Landorus|51/100
|
|upkeep
|turn|2
|
|t:|1760798164
|move|p2a: Landorus|Stealth Rock|p1a: Ting-Lu
|-sidestart|p1: beaudiddly|move: Stealth Rock
|move|p1a: Ting-Lu|Ruination|p2a: Landorus|[miss]
|-miss|p1a: Ting-Lu|p2a: Landorus
|
|upkeep
|turn|3
|
|t:|1760798171
|switch|p1a: Moltres|Moltres|100/100
|move|p2a: Landorus|U-turn|p1a: Moltres
|-resisted|p1a: Moltres
|-damage|p1a: Moltres|97/100
|
|t:|1760798176
|switch|p2a: Zapdos|Zapdos|100/100|[from] U-turn
|
|upkeep
|turn|4
|
|t:|1760798188
|switch|p1a: Ting-Lu|Ting-Lu|100/100
|-damage|p1a: Ting-Lu|94/100|[from] Stealth Rock
|-ability|p1a: Ting-Lu|Vessel of Ruin
|move|p2a: Zapdos|Hurricane|p1a: Ting-Lu
|-damage|p1a: Ting-Lu|71/100
|
|-heal|p1a: Ting-Lu|77/100|[from] item: Leftovers
|upkeep
|turn|5
|
|t:|1760798206
|switch|p2a: Great Tusk|Great Tusk|100/100
|move|p1a: Ting-Lu|Spikes|p2a: Great Tusk
|-sidestart|p2: icebrrg|Spikes
|
|-heal|p1a: Ting-Lu|83/100|[from] item: Leftovers
|upkeep
|turn|6
|
|t:|1760798220
|-end|p2a: Great Tusk|Protosynthesis|[silent]
|switch|p2a: Zapdos|Zapdos|100/100
|switch|p1a: Moltres|Moltres|97/100
|
|upkeep
|turn|7
|
|t:|1760798228
|switch|p1a: Ting-Lu|Ting-Lu|83/100
|-damage|p1a: Ting-Lu|77/100|[from] Stealth Rock
|-ability|p1a: Ting-Lu|Vessel of Ruin
|move|p2a: Zapdos|Hurricane|p1a: Ting-Lu
|-damage|p1a: Ting-Lu|56/100
|
|-heal|p1a: Ting-Lu|62/100|[from] item: Leftovers
|upkeep
|turn|8
|
|t:|1760798236
|move|p2a: Zapdos|Heat Wave|p1a: Ting-Lu
|-damage|p1a: Ting-Lu|48/100
|move|p1a: Ting-Lu|Ruination|p2a: Zapdos
|-damage|p2a: Zapdos|51/100
|
|-heal|p1a: Ting-Lu|54/100|[from] item: Leftovers
|upkeep
|turn|9
|
|t:|1760798253
|move|p2a: Zapdos|Heat Wave|p1a: Ting-Lu
|-damage|p1a: Ting-Lu|41/100
|move|p1a: Ting-Lu|Whirlwind|p2a: Zapdos
|drag|p2a: Kyurem|Kyurem|100/100
|-damage|p2a: Kyurem|88/100|[from] Spikes
|-ability|p2a: Kyurem|Pressure
|
|-heal|p1a: Ting-Lu|47/100|[from] item: Leftovers
|upkeep
|turn|10
|
|t:|1760798275
|switch|p1a: Tinkaton|Tinkaton, F|100/100
|-damage|p1a: Tinkaton|94/100|[from] Stealth Rock
|-ability|p1a: Tinkaton|Mold Breaker
|-item|p1a: Tinkaton|Air Balloon
|move|p2a: Kyurem|Ice Beam|p1a: Tinkaton
|-resisted|p1a: Tinkaton
|-damage|p1a: Tinkaton|73/100
|-enditem|p1a: Tinkaton|Air Balloon
|
|upkeep
|turn|11
|inactive|beaudiddly has 120 seconds left.
|
|t:|1760798296
|switch|p2a: Landorus|Landorus-Therian, M|51/100
|-ability|p2a: Landorus|Intimidate|boost
|-unboost|p1a: Tinkaton|atk|1
|move|p1a: Tinkaton|Stealth Rock|p2a: Landorus
|-sidestart|p2: icebrrg|move: Stealth Rock
|
|upkeep
|turn|12
|inactive|beaudiddly has 120 seconds left.
|
|t:|1760798301
|switch|p1a: Moltres|Moltres|97/100
|move|p2a: Landorus|U-turn|p1a: Moltres
|-resisted|p1a: Moltres
|-damage|p1a: Moltres|94/100
|
|t:|1760798306
|switch|p2a: Zamazenta|Zamazenta|100/100|[from] U-turn
|-damage|p2a: Zamazenta|88/100|[from] Spikes
|-damage|p2a: Zamazenta|82/100|[from] Stealth Rock
|-ability|p2a: Zamazenta|Dauntless Shield|boost
|-boost|p2a: Zamazenta|def|1
|
|upkeep
|turn|13
|inactive|beaudiddly has 120 seconds left.
|inactive|beaudiddly has 90 seconds left.
|
|t:|1760798358
|switch|p1a: Hydrapple|Hydrapple, M|100/100
|move|p2a: Zamazenta|Stone Edge|p1a: Hydrapple|[miss]
|-miss|p2a: Zamazenta|p1a: Hydrapple
|
|upkeep
|turn|14
|inactive|beaudiddly has 90 seconds left.
|
|t:|1760798372
|move|p2a: Zamazenta|Ice Fang|p1a: Hydrapple
|-supereffective|p1a: Hydrapple
|-damage|p1a: Hydrapple|23/100
|-damage|p2a: Zamazenta|72/100|[from] item: Life Orb
|move|p1a: Hydrapple|Fickle Beam|p2a: Zamazenta
|-damage|p2a: Zamazenta|40/100
|
|upkeep
|turn|15
|inactive|beaudiddly has 90 seconds left.
|inactive|beaudiddly has 60 seconds left.
|
|t:|1760798422
|switch|p2a: Great Tusk|Great Tusk|100/100
|move|p1a: Hydrapple|Fickle Beam|p2a: Great Tusk|[anim] Fickle Beam All Out
|-activate|p1a: Hydrapple|move: Fickle Beam
|-damage|p2a: Great Tusk|0 fnt
|faint|p2a: Great Tusk
|-end|p2a: Great Tusk|Protosynthesis|[silent]
|
|upkeep
|
|t:|1760798435
|switch|p2a: Kyurem|Kyurem|88/100
|-damage|p2a: Kyurem|76/100|[from] Spikes
|-damage|p2a: Kyurem|51/100|[from] Stealth Rock
|-ability|p2a: Kyurem|Pressure
|turn|16
|
|t:|1760798458
|move|p2a: Kyurem|Earth Power|p1a: Hydrapple
|-resisted|p1a: Hydrapple
|-damage|p1a: Hydrapple|7/100
|-unboost|p1a: Hydrapple|spd|1
|move|p1a: Hydrapple|Fickle Beam|p2a: Kyurem
|-supereffective|p2a: Kyurem
|-damage|p2a: Kyurem|13/100
|
|upkeep
|turn|17
|
|t:|1760798476
|move|p2a: Kyurem|Ice Beam|p1a: Hydrapple
|-supereffective|p1a: Hydrapple
|-damage|p1a: Hydrapple|0 fnt
|faint|p1a: Hydrapple
|
|upkeep
|
|t:|1760798485
|switch|p1a: Darkrai|Darkrai, shiny|100/100
|turn|18
|
|t:|1760798499
|move|p1a: Darkrai|Dark Pulse|p2a: Kyurem
|-crit|p2a: Kyurem
|-damage|p2a: Kyurem|0 fnt
|faint|p2a: Kyurem
|
|upkeep
|
|t:|1760798507
|switch|p2a: Zamazenta|Zamazenta|40/100
|-damage|p2a: Zamazenta|28/100|[from] Spikes
|-damage|p2a: Zamazenta|21/100|[from] Stealth Rock
|turn|19
|
|t:|1760798526
|-terastallize|p1a: Darkrai|Poison
|move|p1a: Darkrai|Sludge Bomb|p2a: Zamazenta
|-damage|p2a: Zamazenta|0 fnt
|faint|p2a: Zamazenta
|
|upkeep
|
|t:|1760798540
|switch|p2a: Zapdos|Zapdos|51/100
|-damage|p2a: Zapdos|26/100|[from] Stealth Rock
|turn|20
|
|t:|1760798548
|move|p1a: Darkrai|Sludge Bomb|p2a: Zapdos
|-damage|p2a: Zapdos|0 fnt
|faint|p2a: Zapdos
|
|upkeep
|
|t:|1760798551
|switch|p2a: Landorus|Landorus-Therian, M|51/100
|-damage|p2a: Landorus|38/100|[from] Stealth Rock
|-ability|p2a: Landorus|Intimidate|boost
|-unboost|p1a: Darkrai|atk|1
|turn|21
|
|t:|1760798575
|move|p1a: Darkrai|Dark Pulse|p2a: Landorus
|-damage|p2a: Landorus|0 fnt
|faint|p2a: Landorus
|
|upkeep
|
|t:|1760798578
|switch|p2a: Kingambit|Kingambit, F|100/100
|-damage|p2a: Kingambit|88/100|[from] Spikes
|-damage|p2a: Kingambit|82/100|[from] Stealth Rock
|-activate|p2a: Kingambit|ability: Supreme Overlord
|-start|p2a: Kingambit|fallen5|[silent]
|turn|22
|inactive|beaudiddly has 60 seconds left.
|
|t:|1760798591
|move|p1a: Darkrai|Knock Off|p2a: Kingambit
|-resisted|p2a: Kingambit
|-damage|p2a: Kingambit|75/100
|-enditem|p2a: Kingambit|Leftovers|[from] move: Knock Off|[of] p1a: Darkrai
|move|p2a: Kingambit|Swords Dance|p2a: Kingambit
|-boost|p2a: Kingambit|atk|2
|
|upkeep
|turn|23
|inactive|beaudiddly has 60 seconds left.
|
|t:|1760798608
|switch|p1a: Moltres|Moltres|94/100
|move|p2a: Kingambit|Swords Dance|p2a: Kingambit
|-boost|p2a: Kingambit|atk|2
|
|upkeep
|turn|24
|inactive|beaudiddly has 60 seconds left.
|
|t:|1760798615
|-terastallize|p2a: Kingambit|Fire
|move|p1a: Moltres|Flamethrower|p2a: Kingambit
|-resisted|p2a: Kingambit
|-crit|p2a: Kingambit
|-damage|p2a: Kingambit|50/100
|move|p2a: Kingambit|Kowtow Cleave|p1a: Moltres
|-damage|p1a: Moltres|0 fnt
|faint|p1a: Moltres
|
|upkeep
|inactive|beaudiddly has 60 seconds left.
|
|t:|1760798632
|switch|p1a: Zamazenta|Zamazenta|100/100
|-ability|p1a: Zamazenta|Dauntless Shield|boost
|-boost|p1a: Zamazenta|def|1
|turn|25
|
|t:|1760798640
|move|p1a: Zamazenta|Stone Edge|p2a: Kingambit|[miss]
|-miss|p1a: Zamazenta|p2a: Kingambit
|move|p2a: Kingambit|Iron Head|p1a: Zamazenta
|-damage|p1a: Zamazenta|0 fnt
|faint|p1a: Zamazenta
|
|upkeep
|c|☆icebrrg|damn sorry
|
|t:|1760798652
|switch|p1a: Tinkaton|Tinkaton, F|73/100
|-damage|p1a: Tinkaton|67/100|[from] Stealth Rock
|-ability|p1a: Tinkaton|Mold Breaker
|turn|26
|
|t:|1760798671
|move|p1a: Tinkaton|Thunder Wave|p2a: Kingambit
|-status|p2a: Kingambit|par
|move|p2a: Kingambit|Iron Head|p1a: Tinkaton
|-damage|p1a: Tinkaton|0 fnt
|faint|p1a: Tinkaton
|
|upkeep
|
|t:|1760798682
|switch|p1a: Ting-Lu|Ting-Lu|47/100
|-damage|p1a: Ting-Lu|41/100|[from] Stealth Rock
|-ability|p1a: Ting-Lu|Vessel of Ruin
|turn|27
|inactive|beaudiddly has 30 seconds left.
|
|t:|1760798710
|move|p1a: Ting-Lu|Spikes|p2a: Kingambit
|-sidestart|p2: icebrrg|Spikes
|move|p2a: Kingambit|Iron Head|p1a: Ting-Lu
|-damage|p1a: Ting-Lu|0 fnt
|faint|p1a: Ting-Lu
|
|upkeep
|
|t:|1760798713
|switch|p1a: Darkrai|Darkrai, shiny, tera:Poison|100/100
|turn|28
|
|t:|1760798718
|move|p2a: Kingambit|Sucker Punch|p1a: Darkrai
|-damage|p1a: Darkrai|0 fnt
|faint|p1a: Darkrai
|
|win|icebrrg
|raw|beaudiddly's rating: 1528 &rarr; <strong>1506</strong><br />(-22 for losing)
|raw|icebrrg's rating: 1490 &rarr; <strong>1512</strong><br />(+22 for winning)
|l|☆beaudiddly
|player|p1|
|l|☆icebrrg
|player|p2|
|j|☆icebrrg
|player|p2|icebrrg|102|
