|j|☆ultra kay
|j|☆brilliance12345678
|t:|1760720331
|gametype|singles
|player|p1|ultra kay|170|1634
|player|p2|brilliance12345678|lady-gen4|1761
|gen|9
|tier|[Gen 9] OU
|rated|
|rule|HP Percentage Mod: HP is shown in percentages
|rule|Endless Battle Clause: Forcing endless battles is banned
|rule|Species Clause: Limit one of each Pokémon
|rule|OHKO Clause: OHKO moves are banned
|rule|Evasion Items Clause: Evasion items are banned
|rule|Evasion Moves Clause: Evasion moves are banned
|rule|Evasion Abilities Clause: Evasion abilities are banned
|rule|Sleep Moves Clause: Sleep-inducing moves are banned
|clearpoke
|poke|p1|Espeon, F|
|poke|p1|Great Tusk|
|poke|p1|Dragonite, M|
|poke|p1|Primarina, F|
|poke|p1|Kingambit, M|
|poke|p1|Dragapult, F|
|poke|p2|Darkrai|
|poke|p2|Dragonite, M|
|poke|p2|Iron Treads|
|poke|p2|Ceruledge, F|
|poke|p2|Iron Valiant|
|poke|p2|Kingambit, M|
|teampreview
|
|t:|1760720351
|teamsize|p1|6
|teamsize|p2|6
|start
|switch|p1a: Dragapult|Dragapult, F|100/100
|switch|p2a: phys darkray|Darkrai|100/100
|turn|1
|
|t:|1760720363
|move|p1a: Dragapult|U-turn|p2a: phys darkray
|-supereffective|p2a: phys darkray
|-damage|p2a: phys darkray|58/100
|
|t:|1760720377
|switch|p1a: Primarina|Primarina, F|100/100|[from] U-turn
|move|p2a: phys darkray|Dark Pulse|p1a: Primarina
|-resisted|p1a: Primarina
|-damage|p1a: Primarina|89/100
|
|upkeep
|turn|2
|
|t:|1760720384
|switch|p1a: Kingambit|Kingambit, M|100/100
|move|p2a: phys darkray|Psyshock|p1a: Kingambit
|-immune|p1a: Kingambit
|
|upkeep
|turn|3
|
|t:|1760720395
|-end|p1a: Kingambit|fallenundefined|[silent]
|switch|p1a: Dragapult|Dragapult, F|100/100
|move|p2a: phys darkray|Dark Pulse|p1a: Dragapult
|-supereffective|p1a: Dragapult
|-damage|p1a: Dragapult|0 fnt
|faint|p1a: Dragapult
|
|upkeep
|
|t:|1760720399
|switch|p1a: Primarina|Primarina, F|89/100
|turn|4
|c|☆brilliance12345678|what
|
|t:|1760720406
|move|p2a: phys darkray|Psyshock|p1a: Primarina
|-damage|p1a: Primarina|53/100
|move|p1a: Primarina|Flip Turn|p2a: phys darkray
|-damage|p2a: phys darkray|36/100
|
|t:|1760720408
|switch|p1a: Espeon|Espeon, F|100/100|[from] Flip Turn
|
|upkeep
|turn|5
|
|t:|1760720412
|move|p1a: Espeon|Dazzling Gleam|p2a: phys darkray
|-supereffective|p2a: phys darkray
|-damage|p2a: phys darkray|0 fnt
|faint|p2a: phys darkray
|
|upkeep
|
|t:|1760720432
|switch|p2a: better than crown|Iron Treads|100/100
|-enditem|p2a: better than crown|Booster Energy
|-activate|p2a: better than crown|ability: Quark Drive|[fromitem]
|-start|p2a: better than crown|quarkdriveatk
|turn|6
|
|t:|1760720442
|switch|p1a: Great Tusk|Great Tusk|100/100
|-enditem|p1a: Great Tusk|Booster Energy
|-activate|p1a: Great Tusk|ability: Protosynthesis|[fromitem]
|-start|p1a: Great Tusk|protosynthesisatk
|move|p2a: better than crown|Earthquake|p1a: Great Tusk
|-damage|p1a: Great Tusk|54/100
|
|upkeep
|turn|7
|
|t:|1760720451
|move|p2a: better than crown|Ice Spinner|p1a: Great Tusk
|-supereffective|p1a: Great Tusk
|-damage|p1a: Great Tusk|0 fnt
|faint|p1a: Great Tusk
|-end|p1a: Great Tusk|Protosynthesis|[silent]
|
|upkeep
|
|t:|1760720473
|switch|p1a: Dragonite|Dragonite, M|100/100
|turn|8
|
|t:|1760720493
|move|p2a: better than crown|Rapid Spin|p1a: Dragonite
|-damage|p1a: Dragonite|89/100
|-boost|p2a: better than crown|spe|1
|move|p1a: Dragonite|Dragon Dance|p1a: Dragonite
|-boost|p1a: Dragonite|atk|1
|-boost|p1a: Dragonite|spe|1
|
|upkeep
|turn|9
|j| Ggtggg
|
|t:|1760720507
|-terastallize|p1a: Dragonite|Flying
|move|p2a: better than crown|Ice Spinner|p1a: Dragonite
|-supereffective|p1a: Dragonite
|-damage|p1a: Dragonite|4/100
|-enditem|p1a: Dragonite|Weakness Policy
|-boost|p1a: Dragonite|atk|2|[from] item: Weakness Policy
|-boost|p1a: Dragonite|spa|2|[from] item: Weakness Policy
|move|p1a: Dragonite|Earthquake|p2a: better than crown
|-supereffective|p2a: better than crown
|-damage|p2a: better than crown|0 fnt
|faint|p2a: better than crown
|-end|p2a: better than crown|Quark Drive|[silent]
|
|upkeep
|inactive|Battle timer is ON: inactive players will automatically lose when time's up. (requested by brilliance12345678)
|
|t:|1760720521
|switch|p2a: D1 goat|Ceruledge, F|100/100
|turn|10
|
|t:|1760720526
|switch|p1a: Kingambit|Kingambit, M|100/100
|-activate|p1a: Kingambit|ability: Supreme Overlord
|-start|p1a: Kingambit|fallen2|[silent]
|move|p2a: D1 goat|Swords Dance|p2a: D1 goat
|-boost|p2a: D1 goat|atk|2
|
|upkeep
|turn|11
|
|t:|1760720534
|move|p2a: D1 goat|Bitter Blade|p1a: Kingambit
|-supereffective|p1a: Kingambit
|-damage|p1a: Kingambit|0 fnt
|faint|p1a: Kingambit
|-end|p1a: Kingambit|fallen2|[silent]
|
|upkeep
|
|t:|1760720541
|switch|p1a: Espeon|Espeon, F|100/100
|turn|12
|
|t:|1760720544
|move|p1a: Espeon|Shadow Ball|p2a: D1 goat
|-supereffective|p2a: D1 goat
|-damage|p2a: D1 goat|31/100
|-unboost|p2a: D1 goat|spd|1
|move|p2a: D1 goat|Bitter Blade|p1a: Espeon
|-damage|p1a: Espeon|0 fnt
|-heal|p2a: D1 goat|78/100|[from] drain|[of] p1a: Espeon
|faint|p1a: Espeon
|
|upkeep
|
|t:|1760720548
|switch|p1a: Primarina|Primarina, F|53/100
|turn|13
|
|t:|1760720553
|move|p1a: Primarina|Aqua Jet|p2a: D1 goat
|-supereffective|p2a: D1 goat
|-damage|p2a: D1 goat|48/100
|-ability|p2a: D1 goat|Weak Armor|boost
|-unboost|p2a: D1 goat|def|1
|-boost|p2a: D1 goat|spe|2
|move|p2a: D1 goat|Bitter Blade|p1a: Primarina
|-resisted|p1a: Primarina
|-damage|p1a: Primarina|0 fnt
|-heal|p2a: D1 goat|81/100|[from] drain|[of] p1a: Primarina
|faint|p1a: Primarina
|
|upkeep
|-message|ultra kay forfeited.
|
|win|brilliance12345678
|raw|ultra kay's rating: 1634 &rarr; <strong>1621</strong><br />(-13 for losing)
|raw|brilliance12345678's rating: 1761 &rarr; <strong>1774</strong><br />(+13 for winning)
|l|☆ultra kay
|player|p1|
|l|☆brilliance12345678
|player|p2|
