|j|☆UltraGodGreninja
|j|☆Potential Man
|t:|1760836803
|gametype|singles
|player|p1|UltraGodGreninja|skyla|1445
|player|p2|Potential Man|brock-gen2|1495
|gen|9
|tier|[Gen 9] OU
|rated|
|rule|HP Percentage Mod: HP is shown in percentages
|rule|Endless Battle Clause: Forcing endless battles is banned
|rule|Species Clause: Limit one of each Pokémon
|rule|OHKO Clause: OHKO moves are banned
|rule|Evasion Items Clause: Evasion items are banned
|rule|Evasion Moves Clause: Evasion moves are banned
|rule|Evasion Abilities Clause: Evasion abilities are banned
|rule|Sleep Moves Clause: Sleep-inducing moves are banned
|clearpoke
|poke|p1|Pelipper, F|
|poke|p1|Greninja-*, F|
|poke|p1|Toxicroak, F|
|poke|p1|Slither Wing|
|poke|p1|Iron Treads|
|poke|p1|Barraskewda, F|
|poke|p2|Toxtricity, M|
|poke|p2|Slowking, F|
|poke|p2|Corviknight, F|
|poke|p2|Hatterene, F|
|poke|p2|Garchomp, F|
|poke|p2|Weavile, F|
|teampreview
|
|t:|1760836810
|teamsize|p1|6
|teamsize|p2|6
|start
|switch|p1a: Pelipper|Pelipper, F|100/100
|switch|p2a: Brine O' Mine|Slowking, F, shiny|100/100
|-weather|RainDance|[from] ability: Drizzle|[of] p1a: Pelipper
|turn|1
|
|t:|1760836812
|move|p1a: Pelipper|U-turn|p2a: Brine O' Mine
|-supereffective|p2a: Brine O' Mine
|-damage|p2a: Brine O' Mine|80/100
|
|t:|1760836816
|switch|p1a: Iron Treads|Iron Treads|100/100|[from] U-turn
|-prepare|p2a: Brine O' Mine|Chilly Reception|[premajor]
|move|p2a: Brine O' Mine|Chilly Reception|p2a: Brine O' Mine
|-weather|Snowscape
|
|t:|1760836823
|switch|p2a: Garchomp|Garchomp, F|100/100|[from] Chilly Reception
|
|-weather|Snowscape|[upkeep]
|upkeep
|turn|2
|
|t:|1760836825
|move|p1a: Iron Treads|Stealth Rock|p2a: Garchomp
|-sidestart|p2: Potential Man|move: Stealth Rock
|move|p2a: Garchomp|Earthquake|p1a: Iron Treads
|-supereffective|p1a: Iron Treads
|-damage|p1a: Iron Treads|0 fnt
|faint|p1a: Iron Treads
|-end|p1a: Iron Treads|Quark Drive|[silent]
|
|-weather|Snowscape|[upkeep]
|upkeep
|
|t:|1760836830
|switch|p1a: Pelipper|Pelipper, F|100/100
|-weather|RainDance|[from] ability: Drizzle|[of] p1a: Pelipper
|turn|3
|
|t:|1760836833
|move|p2a: Garchomp|Scale Shot|p1a: Pelipper
|-damage|p1a: Pelipper|91/100
|-damage|p1a: Pelipper|81/100
|-damage|p1a: Pelipper|72/100
|-damage|p1a: Pelipper|61/100
|-damage|p1a: Pelipper|51/100
|-hitcount|p1a: Pelipper|5
|-unboost|p2a: Garchomp|def|1
|-boost|p2a: Garchomp|spe|1
|move|p1a: Pelipper|U-turn|p2a: Garchomp
|-damage|p2a: Garchomp|86/100
|-damage|p1a: Pelipper|39/100|[from] ability: Rough Skin|[of] p2a: Garchomp
|
|t:|1760836839
|switch|p1a: Barraskewda|Barraskewda, F|100/100|[from] U-turn
|
|-weather|RainDance|[upkeep]
|upkeep
|turn|4
|
|t:|1760836844
|switch|p2a: Brine O' Mine|Slowking, F, shiny|100/100
|-terastallize|p1a: Barraskewda|Water
|move|p1a: Barraskewda|Flip Turn|p2a: Brine O' Mine
|-resisted|p2a: Brine O' Mine
|-damage|p2a: Brine O' Mine|44/100
|
|t:|1760836850
|switch|p1a: Greninja|Greninja, F|100/100|[from] Flip Turn
|
|-weather|RainDance|[upkeep]
|upkeep
|turn|5
|
|t:|1760836858
|-terastallize|p2a: Brine O' Mine|Grass
|move|p1a: Greninja|Dark Pulse|p2a: Brine O' Mine
|-start|p1a: Greninja|typechange|Dark|[from] ability: Protean
|-damage|p2a: Brine O' Mine|14/100
|-prepare|p2a: Brine O' Mine|Chilly Reception|[premajor]
|move|p2a: Brine O' Mine|Chilly Reception|p2a: Brine O' Mine
|-weather|Snowscape
|
|t:|1760836872
|switch|p2a: Weavile|Weavile, F|100/100|[from] Chilly Reception
|-ability|p2a: Weavile|Pressure
|
|-weather|Snowscape|[upkeep]
|upkeep
|turn|6
|
|t:|1760836878
|switch|p1a: Slither Wing|Slither Wing|100/100
|move|p2a: Weavile|Knock Off|p1a: Slither Wing
|-resisted|p1a: Slither Wing
|-damage|p1a: Slither Wing|68/100
|-enditem|p1a: Slither Wing|Choice Band|[from] move: Knock Off|[of] p2a: Weavile
|
|-weather|Snowscape|[upkeep]
|upkeep
|turn|7
|
|t:|1760836882
|switch|p2a: Corviknight|Corviknight, F, shiny|100/100
|-damage|p2a: Corviknight|88/100|[from] Stealth Rock
|-ability|p2a: Corviknight|Pressure
|move|p1a: Slither Wing|U-turn|p2a: Corviknight
|-resisted|p2a: Corviknight
|-damage|p2a: Corviknight|82/100
|-damage|p1a: Slither Wing|52/100|[from] item: Rocky Helmet|[of] p2a: Corviknight
|
|t:|1760836885
|-end|p1a: Slither Wing|Protosynthesis|[silent]
|switch|p1a: Pelipper|Pelipper, F|39/100|[from] U-turn
|-weather|RainDance|[from] ability: Drizzle|[of] p1a: Pelipper
|
|-weather|RainDance|[upkeep]
|upkeep
|turn|8
|
|t:|1760836890
|move|p2a: Corviknight|U-turn|p1a: Pelipper
|-resisted|p1a: Pelipper
|-damage|p1a: Pelipper|33/100
|
|t:|1760836894
|switch|p2a: Garchomp|Garchomp, F|86/100|[from] U-turn
|-damage|p2a: Garchomp|80/100|[from] Stealth Rock
|move|p1a: Pelipper|Roost|p1a: Pelipper
|-heal|p1a: Pelipper|83/100
|-singleturn|p1a: Pelipper|move: Roost
|
|-weather|RainDance|[upkeep]
|upkeep
|turn|9
|
|t:|1760836902
|switch|p1a: Slither Wing|Slither Wing|52/100
|move|p2a: Garchomp|Stealth Rock|p1a: Slither Wing
|-sidestart|p1: UltraGodGreninja|move: Stealth Rock
|
|-weather|RainDance|[upkeep]
|upkeep
|turn|10
|
|t:|1760836905
|move|p1a: Slither Wing|First Impression|p2a: Garchomp
|-damage|p2a: Garchomp|25/100
|-damage|p1a: Slither Wing|39/100|[from] ability: Rough Skin|[of] p2a: Garchomp
|move|p2a: Garchomp|Scale Shot|p1a: Slither Wing
|-damage|p1a: Slither Wing|22/100
|-crit|p1a: Slither Wing
|-damage|p1a: Slither Wing|0 fnt
|faint|p1a: Slither Wing
|-end|p1a: Slither Wing|Protosynthesis|[silent]
|-hitcount|p1: Slither Wing|2
|-unboost|p2a: Garchomp|def|1
|-boost|p2a: Garchomp|spe|1
|
|-weather|RainDance|[upkeep]
|upkeep
|
|t:|1760836907
|switch|p1a: Barraskewda|Barraskewda, F, tera:Water|100/100
|-damage|p1a: Barraskewda|88/100|[from] Stealth Rock
|turn|11
|
|t:|1760836911
|move|p1a: Barraskewda|Flip Turn|p2a: Garchomp
|-damage|p2a: Garchomp|0 fnt
|-damage|p1a: Barraskewda|76/100|[from] ability: Rough Skin|[of] p2a: Garchomp
|faint|p2a: Garchomp
|
|t:|1760836915
|switch|p1a: Greninja|Greninja, F|100/100|[from] Flip Turn
|-damage|p1a: Greninja|88/100|[from] Stealth Rock
|
|-weather|RainDance|[upkeep]
|upkeep
|
|t:|1760836922
|switch|p2a: Hatterene|Hatterene, F|100/100
|-damage|p2a: Hatterene|88/100|[from] Stealth Rock
|turn|12
|
|t:|1760836943
|move|p1a: Greninja|Sludge Wave|p2a: Hatterene
|-start|p1a: Greninja|typechange|Poison|[from] ability: Protean
|-supereffective|p2a: Hatterene
|-damage|p2a: Hatterene|3/100
|move|p2a: Hatterene|Draining Kiss|p1a: Greninja
|-resisted|p1a: Greninja
|-crit|p1a: Greninja
|-damage|p1a: Greninja|55/100
|-heal|p2a: Hatterene|26/100|[from] drain|[of] p1a: Greninja
|
|-weather|RainDance|[upkeep]
|upkeep
|turn|13
|
|t:|1760836951
|switch|p1a: Barraskewda|Barraskewda, F, tera:Water|76/100
|-damage|p1a: Barraskewda|64/100|[from] Stealth Rock
|switch|p2a: Corviknight|Corviknight, F, shiny|82/100
|-damage|p2a: Corviknight|69/100|[from] Stealth Rock
|-ability|p2a: Corviknight|Pressure
|
|-weather|RainDance|[upkeep]
|upkeep
|turn|14
|
|t:|1760836955
|move|p1a: Barraskewda|Liquidation|p2a: Corviknight
|-damage|p2a: Corviknight|0 fnt
|-damage|p1a: Barraskewda|48/100|[from] item: Rocky Helmet|[of] p2a: Corviknight
|faint|p2a: Corviknight
|
|-weather|none
|upkeep
|
|t:|1760836958
|switch|p2a: Weavile|Weavile, F|100/100
|-ability|p2a: Weavile|Pressure
|turn|15
|
|t:|1760836961
|switch|p1a: Pelipper|Pelipper, F|83/100
|-damage|p1a: Pelipper|59/100|[from] Stealth Rock
|-weather|RainDance|[from] ability: Drizzle|[of] p1a: Pelipper
|move|p2a: Weavile|Knock Off|p1a: Pelipper
|-damage|p1a: Pelipper|24/100
|-enditem|p1a: Pelipper|Damp Rock|[from] move: Knock Off|[of] p2a: Weavile
|
|-weather|RainDance|[upkeep]
|upkeep
|turn|16
|
|t:|1760836968
|switch|p1a: Toxicroak|Toxicroak, F|100/100
|-damage|p1a: Toxicroak|94/100|[from] Stealth Rock
|move|p2a: Weavile|Knock Off|p1a: Toxicroak
|-resisted|p1a: Toxicroak
|-damage|p1a: Toxicroak|72/100
|-damage|p2a: Weavile|84/100|[from] item: Rocky Helmet|[of] p1a: Toxicroak
|-enditem|p1a: Toxicroak|Rocky Helmet|[from] move: Knock Off|[of] p2a: Weavile
|
|-weather|RainDance|[upkeep]
|-heal|p1a: Toxicroak|85/100|[from] ability: Dry Skin
|upkeep
|turn|17
|
|t:|1760836978
|switch|p2a: Bad Amp|Toxtricity, M, shiny|100/100
|-damage|p2a: Bad Amp|88/100|[from] Stealth Rock
|move|p1a: Toxicroak|Knock Off|p2a: Bad Amp
|-damage|p2a: Bad Amp|51/100
|-enditem|p2a: Bad Amp|Choice Specs|[from] move: Knock Off|[of] p1a: Toxicroak
|
|-weather|RainDance|[upkeep]
|-heal|p1a: Toxicroak|97/100|[from] ability: Dry Skin
|upkeep
|turn|18
|
|t:|1760836987
|switch|p1a: Pelipper|Pelipper, F|24/100
|-damage|p1a: Pelipper|0 fnt|[from] Stealth Rock
|faint|p1a: Pelipper
|move|p2a: Bad Amp|Boomburst|p1: Pelipper|[notarget]
|-fail|p2a: Bad Amp
|
|-weather|RainDance|[upkeep]
|upkeep
|
|t:|1760836990
|switch|p1a: Greninja|Greninja, F|55/100
|-damage|p1a: Greninja|43/100|[from] Stealth Rock
|turn|19
|
|t:|1760837007
|switch|p2a: Weavile|Weavile, F|84/100
|-ability|p2a: Weavile|Pressure
|move|p1a: Greninja|Sludge Wave|p2a: Weavile
|-start|p1a: Greninja|typechange|Poison|[from] ability: Protean
|-damage|p2a: Weavile|0 fnt
|faint|p2a: Weavile
|
|-weather|RainDance|[upkeep]
|upkeep
|
|t:|1760837014
|switch|p2a: Bad Amp|Toxtricity, M, shiny|51/100
|-damage|p2a: Bad Amp|39/100|[from] Stealth Rock
|turn|20
|
|t:|1760837029
|move|p1a: Greninja|Sludge Wave|p2a: Bad Amp
|-resisted|p2a: Bad Amp
|-damage|p2a: Bad Amp|0 fnt
|faint|p2a: Bad Amp
|
|-weather|RainDance|[upkeep]
|upkeep
|
|t:|1760837033
|switch|p2a: Brine O' Mine|Slowking, F, shiny, tera:Grass|48/100
|turn|21
|
|t:|1760837035
|move|p1a: Greninja|Sludge Wave|p2a: Brine O' Mine
|-supereffective|p2a: Brine O' Mine
|-damage|p2a: Brine O' Mine|0 fnt
|faint|p2a: Brine O' Mine
|
|-weather|RainDance|[upkeep]
|upkeep
|-message|Potential Man forfeited.
|
|win|UltraGodGreninja
|raw|UltraGodGreninja's rating: 1445 &rarr; <strong>1468</strong><br />(+23 for winning)
|raw|Potential Man's rating: 1495 &rarr; <strong>1472</strong><br />(-23 for losing)
|l|☆Potential Man
|player|p2|
|l|☆UltraGodGreninja
|player|p1|
