|j|☆irubic
|j|☆Xv innnnn
|t:|1760848211
|gametype|singles
|player|p1|irubic|ethan|1161
|player|p2|Xv innnnn|rosa|1135
|gen|9
|tier|[Gen 9] OU
|rated|
|rule|HP Percentage Mod: HP is shown in percentages
|rule|Endless Battle Clause: Forcing endless battles is banned
|rule|Species Clause: Limit one of each Pokémon
|rule|OHKO Clause: OHKO moves are banned
|rule|Evasion Items Clause: Evasion items are banned
|rule|Evasion Moves Clause: Evasion moves are banned
|rule|Evasion Abilities Clause: Evasion abilities are banned
|rule|Sleep Moves Clause: Sleep-inducing moves are banned
|clearpoke
|poke|p1|Gliscor, M|
|poke|p1|Zapdos|
|poke|p1|Iron Valiant|
|poke|p1|Kyurem|
|poke|p1|Darkrai|
|poke|p1|Iron Treads|
|poke|p2|Iron Valiant|
|poke|p2|Garchomp, F|
|poke|p2|Gholdengo|
|poke|p2|Keldeo-Resolute|
|poke|p2|Enamorus, F|
|poke|p2|Ogerpon-Cornerstone, F|
|teampreview
|
|t:|1760848228
|teamsize|p1|6
|teamsize|p2|6
|start
|switch|p1a: Darkrai|Darkrai|100/100
|switch|p2a: Garchomp|Garchomp, F|100/100
|turn|1
|
|t:|1760848237
|move|p1a: Darkrai|Ice Beam|p2a: Garchomp
|-supereffective|p2a: Garchomp
|-damage|p2a: Garchomp|0 fnt
|faint|p2a: Garchomp
|
|upkeep
|
|t:|1760848248
|switch|p2a: Gholdengo|Gholdengo|100/100
|turn|2
|
|t:|1760848267
|switch|p1a: Iron Treads|Iron Treads|100/100
|-enditem|p1a: Iron Treads|Booster Energy
|-activate|p1a: Iron Treads|ability: Quark Drive|[fromitem]
|-start|p1a: Iron Treads|quarkdrivespe
|move|p2a: Gholdengo|Shadow Ball|p1a: Iron Treads
|-damage|p1a: Iron Treads|32/100
|
|upkeep
|turn|3
|
|t:|1760848286
|move|p1a: Iron Treads|Earth Power|p2a: Gholdengo
|-supereffective|p2a: Gholdengo
|-damage|p2a: Gholdengo|26/100
|move|p2a: Gholdengo|Shadow Ball|p1a: Iron Treads
|-damage|p1a: Iron Treads|0 fnt
|faint|p1a: Iron Treads
|-end|p1a: Iron Treads|Quark Drive|[silent]
|
|upkeep
|
|t:|1760848311
|switch|p1a: Zapdos|Zapdos|100/100
|turn|4
|
|t:|1760848320
|switch|p2a: Ogerpon|Ogerpon-Cornerstone, F|100/100
|move|p1a: Zapdos|Heat Wave|p2a: Ogerpon
|-damage|p2a: Ogerpon|64/100
|
|upkeep
|turn|5
|
|t:|1760848330
|move|p2a: Ogerpon|Ivy Cudgel|p1a: Zapdos|[anim] Ivy Cudgel Rock
|-supereffective|p1a: Zapdos
|-crit|p1a: Zapdos
|-damage|p1a: Zapdos|0 fnt
|faint|p1a: Zapdos
|
|upkeep
|
|t:|1760848351
|switch|p1a: Darkrai|Darkrai|100/100
|turn|6
|
|t:|1760848357
|move|p1a: Darkrai|Ice Beam|p2a: Ogerpon
|-supereffective|p2a: Ogerpon
|-damage|p2a: Ogerpon|0 fnt
|faint|p2a: Ogerpon
|
|upkeep
|
|t:|1760848365
|switch|p2a: Gholdengo|Gholdengo|26/100
|turn|7
|
|t:|1760848369
|move|p1a: Darkrai|Ice Beam|p2a: Gholdengo
|-resisted|p2a: Gholdengo
|-damage|p2a: Gholdengo|7/100
|move|p2a: Gholdengo|Focus Blast|p1a: Darkrai
|-supereffective|p1a: Darkrai
|-crit|p1a: Darkrai
|-damage|p1a: Darkrai|0 fnt
|faint|p1a: Darkrai
|
|upkeep
|
|t:|1760848393
|switch|p1a: Iron Valiant|Iron Valiant|100/100
|-enditem|p1a: Iron Valiant|Booster Energy
|-activate|p1a: Iron Valiant|ability: Quark Drive|[fromitem]
|-start|p1a: Iron Valiant|quarkdrivespe
|turn|8
|
|t:|1760848400
|move|p1a: Iron Valiant|Moonblast|p2a: Gholdengo
|-resisted|p2a: Gholdengo
|-damage|p2a: Gholdengo|0 fnt
|faint|p2a: Gholdengo
|
|upkeep
|
|t:|1760848410
|switch|p2a: Enamorus|Enamorus, F|100/100
|turn|9
|
|t:|1760848417
|move|p1a: Iron Valiant|Moonblast|p2a: Enamorus
|-damage|p2a: Enamorus|38/100
|move|p2a: Enamorus|Play Rough|p1a: Iron Valiant
|-supereffective|p1a: Iron Valiant
|-damage|p1a: Iron Valiant|0 fnt
|faint|p1a: Iron Valiant
|-end|p1a: Iron Valiant|Quark Drive|[silent]
|
|-heal|p2a: Enamorus|44/100|[from] item: Leftovers
|upkeep
|
|t:|1760848427
|switch|p1a: Kyurem|Kyurem|100/100
|-ability|p1a: Kyurem|Pressure
|turn|10
|
|t:|1760848437
|move|p2a: Enamorus|Play Rough|p1a: Kyurem
|-supereffective|p1a: Kyurem
|-damage|p1a: Kyurem|16/100
|move|p1a: Kyurem|Icicle Spear|p2a: Enamorus
|-supereffective|p2a: Enamorus
|-damage|p2a: Enamorus|6/100
|-supereffective|p2a: Enamorus
|-damage|p2a: Enamorus|0 fnt
|faint|p2a: Enamorus
|-hitcount|p2: Enamorus|2
|
|upkeep
|
|t:|1760848448
|switch|p2a: Keldeo|Keldeo-Resolute|100/100
|turn|11
|
|t:|1760848460
|switch|p1a: Gliscor|Gliscor, M|100/100
|move|p2a: Keldeo|Vacuum Wave|p1a: Gliscor
|-resisted|p1a: Gliscor
|-damage|p1a: Gliscor|89/100
|-damage|p2a: Keldeo|91/100|[from] item: Life Orb
|
|-status|p1a: Gliscor|tox|[from] item: Toxic Orb
|upkeep
|turn|12
|
|t:|1760848470
|move|p2a: Keldeo|Calm Mind|p2a: Keldeo
|-boost|p2a: Keldeo|spa|1
|-boost|p2a: Keldeo|spd|1
|move|p1a: Gliscor|Toxic|p2a: Keldeo
|-status|p2a: Keldeo|tox
|
|-damage|p2a: Keldeo|84/100 tox|[from] psn
|-heal|p1a: Gliscor|100/100 tox|[from] ability: Poison Heal
|upkeep
|turn|13
|
|t:|1760848489
|move|p1a: Gliscor|Protect|p1a: Gliscor
|-singleturn|p1a: Gliscor|Protect
|move|p2a: Keldeo|Hydro Pump|p1a: Gliscor
|-activate|p1a: Gliscor|move: Protect
|
|-damage|p2a: Keldeo|72/100 tox|[from] psn
|upkeep
|turn|14
|
|t:|1760848500
|move|p2a: Keldeo|Hydro Pump|p1a: Gliscor
|-supereffective|p1a: Gliscor
|-damage|p1a: Gliscor|0 fnt
|faint|p1a: Gliscor
|-damage|p2a: Keldeo|62/100 tox|[from] item: Life Orb
|
|-damage|p2a: Keldeo|44/100 tox|[from] psn
|upkeep
|
|t:|1760848509
|switch|p1a: Kyurem|Kyurem|16/100
|-ability|p1a: Kyurem|Pressure
|turn|15
|
|t:|1760848517
|move|p2a: Keldeo|Vacuum Wave|p1a: Kyurem
|-supereffective|p1a: Kyurem
|-damage|p1a: Kyurem|0 fnt
|faint|p1a: Kyurem
|-damage|p2a: Keldeo|34/100 tox|[from] item: Life Orb
|
|win|Xv innnnn
|raw|irubic's rating: 1161 &rarr; <strong>1134</strong><br />(-27 for losing)
|raw|Xv innnnn's rating: 1135 &rarr; <strong>1162</strong><br />(+27 for winning)
|l|☆irubic
|player|p1|
|l|☆Xv innnnn
|player|p2|
