|j|☆elmagotocho
|j|☆arj.uno
|t:|1760789488
|gametype|singles
|player|p1|elmagotocho|101|1113
|player|p2|arj.uno|doctor|1156
|gen|9
|tier|[Gen 9] OU
|rated|
|rule|HP Percentage Mod: HP is shown in percentages
|rule|Endless Battle Clause: Forcing endless battles is banned
|rule|Species Clause: Limit one of each Pokémon
|rule|OHKO Clause: OHKO moves are banned
|rule|Evasion Items Clause: Evasion items are banned
|rule|Evasion Moves Clause: Evasion moves are banned
|rule|Evasion Abilities Clause: Evasion abilities are banned
|rule|Sleep Moves Clause: Sleep-inducing moves are banned
|clearpoke
|poke|p1|Dondozo, M|
|poke|p1|Blissey, F|
|poke|p1|Corviknight, M|
|poke|p1|Weezing-Galar, M|
|poke|p1|Gliscor, F|
|poke|p1|Toxapex, M|
|poke|p2|Shiftry, F|
|poke|p2|Ninetales, M|
|poke|p2|Exeggutor-Alola, M|
|poke|p2|Grimmsnarl, M|
|poke|p2|Metagross|
|poke|p2|Cinderace, F|
|teampreview
|
|t:|1760789496
|teamsize|p1|6
|teamsize|p2|6
|start
|switch|p1a: Gliscor|Gliscor, F|100/100
|switch|p2a: Cinderace|Cinderace, F|100/100
|turn|1
|inactive|Battle timer is ON: inactive players will automatically lose when time's up. (requested by arj.uno)
|
|t:|1760789517
|move|p2a: Cinderace|Will-O-Wisp|p1a: Gliscor
|-status|p1a: Gliscor|brn
|move|p1a: Gliscor|Stealth Rock|p2a: Cinderace
|-sidestart|p2: arj.uno|move: Stealth Rock
|
|-damage|p1a: Gliscor|94/100 brn|[from] brn
|upkeep
|turn|2
|
|t:|1760789529
|switch|p1a: Weezing|Weezing-Galar, M|100/100
|-ability|p1a: Weezing|Neutralizing Gas
|move|p2a: Cinderace|Court Change|p2a: Cinderace
|-swapsideconditions
|-activate|p2a: Cinderace|move: Court Change
|
|upkeep
|turn|3
|
|t:|1760789534
|move|p2a: Cinderace|Will-O-Wisp|p1a: Weezing
|-status|p1a: Weezing|brn
|move|p1a: Weezing|Defog|p2a: Cinderace
|-unboost|p2a: Cinderace|evasion|1
|-sideend|p1: elmagotocho|Stealth Rock|[from] move: Defog|[of] p1a: Weezing
|
|-damage|p1a: Weezing|95/100 brn|[from] brn
|upkeep
|turn|4
|
|t:|1760789541
|move|p2a: Cinderace|Super Fang|p1a: Weezing
|-damage|p1a: Weezing|48/100 brn
|move|p1a: Weezing|Strange Steam|p2a: Cinderace
|-resisted|p2a: Cinderace
|-damage|p2a: Cinderace|84/100
|
|-damage|p1a: Weezing|42/100 brn|[from] brn
|upkeep
|turn|5
|
|t:|1760789549
|switch|p2a: Metagross|Metagross|100/100
|move|p1a: Weezing|Pain Split|p2a: Metagross
|-sethp|p2a: Metagross|73/100|[from] move: Pain Split|[silent]
|-sethp|p1a: Weezing|66/100 brn|[from] move: Pain Split
|
|-damage|p1a: Weezing|60/100 brn|[from] brn
|upkeep
|turn|6
|
|t:|1760789554
|move|p2a: Metagross|Agility|p2a: Metagross
|-boost|p2a: Metagross|spe|2
|move|p1a: Weezing|Will-O-Wisp|p2a: Metagross
|-status|p2a: Metagross|brn
|
|-damage|p2a: Metagross|67/100 brn|[from] brn
|-damage|p1a: Weezing|54/100 brn|[from] brn
|upkeep
|turn|7
|
|t:|1760789560
|-end|p1a: Weezing|ability: Neutralizing Gas
|switch|p1a: Corviknight|Corviknight, M|100/100
|-ability|p1a: Corviknight|Pressure
|move|p2a: Metagross|Meteor Mash|p1a: Corviknight
|-resisted|p1a: Corviknight
|-damage|p1a: Corviknight|93/100
|-boost|p2a: Metagross|atk|1
|
|-heal|p1a: Corviknight|99/100|[from] item: Leftovers
|-damage|p2a: Metagross|61/100 brn|[from] brn
|upkeep
|turn|8
|
|t:|1760789565
|move|p2a: Metagross|Meteor Mash|p1a: Corviknight
|-resisted|p1a: Corviknight
|-damage|p1a: Corviknight|87/100
|move|p1a: Corviknight|Iron Defense|p1a: Corviknight
|-boost|p1a: Corviknight|def|2
|
|-heal|p1a: Corviknight|93/100|[from] item: Leftovers
|-damage|p2a: Metagross|55/100 brn|[from] brn
|upkeep
|turn|9
|
|t:|1760789569
|move|p2a: Metagross|Meteor Mash|p1a: Corviknight
|-resisted|p1a: Corviknight
|-damage|p1a: Corviknight|87/100
|move|p1a: Corviknight|Iron Defense|p1a: Corviknight
|-boost|p1a: Corviknight|def|2
|
|-heal|p1a: Corviknight|93/100|[from] item: Leftovers
|-damage|p2a: Metagross|49/100 brn|[from] brn
|upkeep
|turn|10
|
|t:|1760789574
|move|p2a: Metagross|Meteor Mash|p1a: Corviknight
|-resisted|p1a: Corviknight
|-damage|p1a: Corviknight|89/100
|move|p1a: Corviknight|Iron Defense|p1a: Corviknight
|-boost|p1a: Corviknight|def|2
|
|-heal|p1a: Corviknight|96/100|[from] item: Leftovers
|-damage|p2a: Metagross|43/100 brn|[from] brn
|upkeep
|turn|11
|
|t:|1760789577
|move|p2a: Metagross|Meteor Mash|p1a: Corviknight
|-resisted|p1a: Corviknight
|-damage|p1a: Corviknight|93/100
|-boost|p2a: Metagross|atk|1
|move|p1a: Corviknight|Body Press|p2a: Metagross
|-damage|p2a: Metagross|0 fnt
|faint|p2a: Metagross
|
|-heal|p1a: Corviknight|99/100|[from] item: Leftovers
|upkeep
|
|t:|1760789579
|switch|p2a: Ninetales|Ninetales, M|100/100
|-weather|SunnyDay|[from] ability: Drought|[of] p2a: Ninetales
|turn|12
|
|t:|1760789585
|switch|p1a: Dondozo|Dondozo, M|100/100
|move|p2a: Ninetales|Flamethrower|p1a: Dondozo
|-resisted|p1a: Dondozo
|-damage|p1a: Dondozo|74/100
|
|-weather|SunnyDay|[upkeep]
|-heal|p1a: Dondozo|80/100|[from] item: Leftovers
|upkeep
|turn|13
|
|t:|1760789592
|switch|p2a: Exeggutor|Exeggutor-Alola, M|100/100
|move|p1a: Dondozo|Body Press|p2a: Exeggutor
|-damage|p2a: Exeggutor|73/100
|
|-weather|SunnyDay|[upkeep]
|-heal|p1a: Dondozo|86/100|[from] item: Leftovers
|upkeep
|turn|14
|
|t:|1760789598
|move|p2a: Exeggutor|Substitute|p2a: Exeggutor
|-start|p2a: Exeggutor|Substitute
|-damage|p2a: Exeggutor|48/100
|move|p1a: Dondozo|Avalanche|p2a: Exeggutor
|-supereffective|p2a: Exeggutor
|-end|p2a: Exeggutor|Substitute
|
|-weather|SunnyDay|[upkeep]
|-heal|p1a: Dondozo|93/100|[from] item: Leftovers
|upkeep
|turn|15
|
|t:|1760789602
|move|p2a: Exeggutor|Energy Ball|p1a: Dondozo
|-supereffective|p1a: Dondozo
|-damage|p1a: Dondozo|0 fnt
|faint|p1a: Dondozo
|
|-weather|SunnyDay|[upkeep]
|upkeep
|
|t:|1760789608
|switch|p1a: Blissey|Blissey, F|100/100
|turn|16
|
|t:|1760789612
|move|p1a: Blissey|Stealth Rock|p2a: Exeggutor
|-sidestart|p2: arj.uno|move: Stealth Rock
|move|p2a: Exeggutor|Substitute|p2a: Exeggutor
|-start|p2a: Exeggutor|Substitute
|-damage|p2a: Exeggutor|23/100
|-enditem|p2a: Exeggutor|Starf Berry|[eat]
|-boost|p2a: Exeggutor|spe|2|[from] item: Starf Berry
|
|-weather|SunnyDay|[upkeep]
|-item|p2a: Exeggutor|Starf Berry|[from] ability: Harvest
|upkeep
|-enditem|p2a: Exeggutor|Starf Berry|[eat]
|-boost|p2a: Exeggutor|def|2|[from] item: Starf Berry
|turn|17
|
|t:|1760789616
|move|p2a: Exeggutor|Dragon Pulse|p1a: Blissey
|-damage|p1a: Blissey|84/100
|move|p1a: Blissey|Seismic Toss|p2a: Exeggutor
|-end|p2a: Exeggutor|Substitute
|
|-weather|SunnyDay|[upkeep]
|-heal|p1a: Blissey|91/100|[from] item: Leftovers
|-item|p2a: Exeggutor|Starf Berry|[from] ability: Harvest
|upkeep
|-enditem|p2a: Exeggutor|Starf Berry|[eat]
|-boost|p2a: Exeggutor|def|2|[from] item: Starf Berry
|turn|18
|
|t:|1760789620
|move|p2a: Exeggutor|Substitute|p2a: Exeggutor
|-fail|p2a: Exeggutor|move: Substitute|[weak]
|move|p1a: Blissey|Seismic Toss|p2a: Exeggutor
|-damage|p2a: Exeggutor|0 fnt
|faint|p2a: Exeggutor
|
|-weather|SunnyDay|[upkeep]
|-heal|p1a: Blissey|97/100|[from] item: Leftovers
|upkeep
|
|t:|1760789627
|switch|p2a: Cinderace|Cinderace, F|84/100
|turn|19
|
|t:|1760789641
|switch|p1a: Toxapex|Toxapex, M|100/100
|move|p2a: Cinderace|Super Fang|p1a: Toxapex
|-start|p2a: Cinderace|typechange|Normal|[from] ability: Libero
|-damage|p1a: Toxapex|50/100
|
|-weather|none
|-heal|p1a: Toxapex|57/100|[from] item: Leftovers
|upkeep
|turn|20
|
|t:|1760789647
|move|p2a: Cinderace|Court Change|p2a: Cinderace
|-swapsideconditions
|-activate|p2a: Cinderace|move: Court Change
|move|p1a: Toxapex|Recover|p1a: Toxapex
|-heal|p1a: Toxapex|100/100
|
|upkeep
|turn|21
|
|t:|1760789656
|switch|p2a: Ninetales|Ninetales, M|100/100
|-weather|SunnyDay|[from] ability: Drought|[of] p2a: Ninetales
|move|p1a: Toxapex|Toxic|p2a: Ninetales
|-status|p2a: Ninetales|tox
|
|-weather|SunnyDay|[upkeep]
|-damage|p2a: Ninetales|95/100 tox|[from] psn
|upkeep
|turn|22
|
|t:|1760789664
|switch|p1a: Blissey|Blissey, F|97/100
|-damage|p1a: Blissey|84/100|[from] Stealth Rock
|move|p2a: Ninetales|Scorching Sands|p1a: Blissey
|-damage|p1a: Blissey|79/100
|-status|p1a: Blissey|brn
|
|-weather|SunnyDay|[upkeep]
|-heal|p1a: Blissey|86/100 brn|[from] item: Leftovers
|-damage|p2a: Ninetales|83/100 tox|[from] psn
|-damage|p1a: Blissey|79/100 brn|[from] brn
|upkeep
|turn|23
|
|t:|1760789673
|move|p2a: Ninetales|Psyshock|p1a: Blissey
|-damage|p1a: Blissey|57/100 brn
|move|p1a: Blissey|Seismic Toss|p2a: Ninetales
|-damage|p2a: Ninetales|48/100 tox
|
|-weather|SunnyDay|[upkeep]
|-heal|p1a: Blissey|63/100 brn|[from] item: Leftovers
|-damage|p2a: Ninetales|30/100 tox|[from] psn
|-damage|p1a: Blissey|57/100 brn|[from] brn
|upkeep
|turn|24
|
|t:|1760789680
|switch|p2a: Grimmsnarl|Grimmsnarl, M|100/100
|move|p1a: Blissey|Soft-Boiled|p1a: Blissey
|-heal|p1a: Blissey|100/100 brn
|
|-weather|SunnyDay|[upkeep]
|-damage|p1a: Blissey|94/100 brn|[from] brn
|upkeep
|turn|25
|
|t:|1760789689
|-curestatus|p1a: Blissey|brn|[from] ability: Natural Cure
|switch|p1a: Weezing|Weezing-Galar, M|54/100 brn
|-ability|p1a: Weezing|Neutralizing Gas
|move|p2a: Grimmsnarl|Reflect|p2a: Grimmsnarl
|-sidestart|p2: arj.uno|Reflect
|
|-weather|SunnyDay|[upkeep]
|-damage|p1a: Weezing|48/100 brn|[from] brn
|upkeep
|turn|26
|
|t:|1760789699
|move|p1a: Weezing|Defog|p2a: Grimmsnarl
|-unboost|p2a: Grimmsnarl|evasion|1
|-sideend|p2: arj.uno|Reflect
|-sideend|p1: elmagotocho|Stealth Rock|[from] move: Defog|[of] p1a: Weezing
|move|p2a: Grimmsnarl|Misty Terrain|p2a: Grimmsnarl
|-fieldstart|move: Misty Terrain
|
|-weather|SunnyDay|[upkeep]
|-damage|p1a: Weezing|42/100 brn|[from] brn
|upkeep
|turn|27
|
|t:|1760789703
|switch|p2a: Shiftry|Shiftry, F|100/100
|move|p1a: Weezing|Pain Split|p2a: Shiftry
|-sethp|p2a: Shiftry|72/100|[from] move: Pain Split|[silent]
|-sethp|p1a: Weezing|69/100 brn|[from] move: Pain Split
|
|-weather|SunnyDay|[upkeep]
|-damage|p1a: Weezing|63/100 brn|[from] brn
|upkeep
|turn|28
|
|t:|1760789708
|move|p2a: Shiftry|Growth|p2a: Shiftry
|-boost|p2a: Shiftry|atk|2
|-boost|p2a: Shiftry|spa|2
|move|p1a: Weezing|Strange Steam|p2a: Shiftry|[miss]
|-miss|p1a: Weezing|p2a: Shiftry
|
|-weather|none
|-damage|p1a: Weezing|57/100 brn|[from] brn
|upkeep
|turn|29
|
|t:|1760789713
|move|p2a: Shiftry|Air Slash|p1a: Weezing
|-crit|p1a: Weezing
|-damage|p1a: Weezing|0 fnt
|faint|p1a: Weezing
|-end|p1a: Weezing|ability: Neutralizing Gas
|
|upkeep
|
|t:|1760789719
|switch|p1a: Corviknight|Corviknight, M|99/100
|-ability|p1a: Corviknight|Pressure
|turn|30
|
|t:|1760789722
|move|p2a: Shiftry|Dark Pulse|p1a: Corviknight
|-damage|p1a: Corviknight|29/100
|cant|p1a: Corviknight|flinch
|
|-heal|p1a: Corviknight|35/100|[from] item: Leftovers
|-fieldend|Misty Terrain
|upkeep
|turn|31
|
|t:|1760789728
|switch|p1a: Gliscor|Gliscor, F|94/100 brn
|move|p2a: Shiftry|Dark Pulse|p1a: Gliscor
|-damage|p1a: Gliscor|35/100 brn
|
|-damage|p1a: Gliscor|29/100 brn|[from] brn
|upkeep
|turn|32
|-message|elmagotocho forfeited.
|
|win|arj.uno
|raw|elmagotocho's rating: 1113 &rarr; <strong>1091</strong><br />(-22 for losing)
|raw|arj.uno's rating: 1156 &rarr; <strong>1178</strong><br />(+22 for winning)
|l|☆elmagotocho
|player|p1|
|l|☆arj.uno
|player|p2|
