|j|☆theonreekgreyjoy
|j|☆SpongeGar & Patar
|t:|1760732412
|gametype|singles
|player|p1|theonreekgreyjoy|1|1708
|player|p2|SpongeGar & Patar|101|1818
|gen|9
|tier|[Gen 9] OU
|rated|
|rule|HP Percentage Mod: HP is shown in percentages
|rule|Endless Battle Clause: Forcing endless battles is banned
|rule|Species Clause: Limit one of each Pokémon
|rule|OHKO Clause: OHKO moves are banned
|rule|Evasion Items Clause: Evasion items are banned
|rule|Evasion Moves Clause: Evasion moves are banned
|rule|Evasion Abilities Clause: Evasion abilities are banned
|rule|Sleep Moves Clause: Sleep-inducing moves are banned
|clearpoke
|poke|p1|Iron Valiant|
|poke|p1|Dragapult, F|
|poke|p1|Latios, M|
|poke|p1|Iron Treads|
|poke|p1|Heatran, F|
|poke|p1|Samurott-Hisui, M|
|poke|p2|Kyurem|
|poke|p2|Corviknight, F|
|poke|p2|Ting-Lu|
|poke|p2|Dondozo, M|
|poke|p2|Slowking-Galar, L99, F|
|poke|p2|Cinderace, M|
|teampreview
|inactive|Battle timer is ON: inactive players will automatically lose when time's up. (requested by theonreekgreyjoy)
|inactive|SpongeGar & Patar has 120 seconds left.
|
|t:|1760732462
|teamsize|p1|6
|teamsize|p2|6
|start
|switch|p1a: Dragapult|Dragapult, F|100/100
|switch|p2a: Ting-Lu|Ting-Lu|100/100
|-ability|p2a: Ting-Lu|Vessel of Ruin
|turn|1
|inactive|SpongeGar & Patar also wants the timer to be on.
|inactive|theonreekgreyjoy has 120 seconds left.
|inactive|SpongeGar & Patar has 120 seconds left.
|
|t:|1760732510
|move|p1a: Dragapult|U-turn|p2a: Ting-Lu
|-supereffective|p2a: Ting-Lu
|-damage|p2a: Ting-Lu|61/100
|
|t:|1760732513
|switch|p1a: Samurott|Samurott-Hisui, M|100/100|[from] U-turn
|move|p2a: Ting-Lu|Earthquake|p1a: Samurott
|-damage|p1a: Samurott|63/100
|
|-heal|p2a: Ting-Lu|67/100|[from] item: Leftovers
|upkeep
|turn|2
|j| bloodhound q50
|inactive|SpongeGar & Patar has 90 seconds left.
|
|t:|1760732563
|move|p1a: Samurott|Knock Off|p2a: Ting-Lu
|-resisted|p2a: Ting-Lu
|-damage|p2a: Ting-Lu|56/100
|-enditem|p2a: Ting-Lu|Leftovers|[from] move: Knock Off|[of] p1a: Samurott
|move|p2a: Ting-Lu|Earthquake|p1a: Samurott
|-damage|p1a: Samurott|24/100
|
|upkeep
|turn|3
|inactive|theonreekgreyjoy has 120 seconds left.
|inactive|SpongeGar & Patar has 60 seconds left.
|inactive|theonreekgreyjoy has 90 seconds left.
|inactive|theonreekgreyjoy has 60 seconds left.
|
|t:|1760732651
|switch|p2a: Kyurem|Kyurem|100/100
|-ability|p2a: Kyurem|Pressure
|move|p1a: Samurott|Ceaseless Edge|p2a: Kyurem
|-damage|p2a: Kyurem|62/100
|-sidestart|p2: SpongeGar & Patar|Spikes
|
|-heal|p2a: Kyurem|68/100|[from] item: Leftovers
|upkeep
|turn|4
|
|t:|1760732663
|switch|p1a: Latios|Latios, M|100/100
|move|p2a: Kyurem|Freeze-Dry|p1a: Latios
|-supereffective|p1a: Latios
|-damage|p1a: Latios|27/100
|
|-heal|p2a: Kyurem|74/100|[from] item: Leftovers
|upkeep
|turn|5
|
|t:|1760732673
|move|p2a: Kyurem|Protect|p2a: Kyurem
|-singleturn|p2a: Kyurem|Protect
|move|p1a: Latios|Draco Meteor|p2a: Kyurem
|-activate|p2a: Kyurem|move: Protect
|
|-heal|p2a: Kyurem|80/100|[from] item: Leftovers
|upkeep
|turn|6
|
|t:|1760732682
|switch|p1a: Iron Treads|Iron Treads|100/100
|switch|p2a: Ting-Lu|Ting-Lu|56/100
|-damage|p2a: Ting-Lu|44/100|[from] Spikes
|-ability|p2a: Ting-Lu|Vessel of Ruin
|
|upkeep
|turn|7
|inactive|SpongeGar & Patar has 60 seconds left.
|inactive|theonreekgreyjoy has 60 seconds left.
|
|t:|1760732694
|move|p1a: Iron Treads|Ice Spinner|p2a: Ting-Lu
|-supereffective|p2a: Ting-Lu
|-damage|p2a: Ting-Lu|22/100
|move|p2a: Ting-Lu|Earthquake|p1a: Iron Treads
|-supereffective|p1a: Iron Treads
|-damage|p1a: Iron Treads|46/100
|
|-heal|p1a: Iron Treads|52/100|[from] item: Leftovers
|upkeep
|turn|8
|inactive|theonreekgreyjoy has 60 seconds left.
|inactive|SpongeGar & Patar has 60 seconds left.
|
|t:|1760732705
|move|p1a: Iron Treads|Ice Spinner|p2a: Ting-Lu
|-supereffective|p2a: Ting-Lu
|-damage|p2a: Ting-Lu|0 fnt
|faint|p2a: Ting-Lu
|
|-heal|p1a: Iron Treads|58/100|[from] item: Leftovers
|upkeep
|inactive|SpongeGar & Patar has 60 seconds left.
|
|t:|1760732714
|switch|p2a: Kyurem|Kyurem|80/100
|-damage|p2a: Kyurem|68/100|[from] Spikes
|-ability|p2a: Kyurem|Pressure
|turn|9
|
|t:|1760732724
|-end|p1a: Iron Treads|Quark Drive|[silent]
|switch|p1a: Latios|Latios, M|27/100
|move|p2a: Kyurem|Freeze-Dry|p1a: Latios
|-supereffective|p1a: Latios
|-damage|p1a: Latios|0 fnt
|faint|p1a: Latios
|
|-heal|p2a: Kyurem|74/100|[from] item: Leftovers
|upkeep
|inactive|theonreekgreyjoy has 60 seconds left.
|
|t:|1760732741
|switch|p1a: Dragapult|Dragapult, F|100/100
|turn|10
|
|t:|1760732750
|-terastallize|p1a: Dragapult|Ghost
|move|p2a: Kyurem|Protect|p2a: Kyurem
|-singleturn|p2a: Kyurem|Protect
|move|p1a: Dragapult|Tera Blast|p2a: Kyurem|[anim] Tera Blast Ghost
|-activate|p2a: Kyurem|move: Protect
|
|-heal|p2a: Kyurem|80/100|[from] item: Leftovers
|upkeep
|turn|11
|
|t:|1760732759
|switch|p2a: Dondozo|Dondozo, M|100/100
|-damage|p2a: Dondozo|88/100|[from] Spikes
|move|p1a: Dragapult|Tera Blast|p2a: Dondozo|[anim] Tera Blast Ghost
|-damage|p2a: Dondozo|50/100
|
|-heal|p2a: Dondozo|57/100|[from] item: Leftovers
|upkeep
|turn|12
|
|t:|1760732770
|-terastallize|p2a: Dondozo|Dark
|move|p1a: Dragapult|Tera Blast|p2a: Dondozo|[anim] Tera Blast Ghost
|-resisted|p2a: Dondozo
|-crit|p2a: Dondozo
|-damage|p2a: Dondozo|31/100
|move|p2a: Dondozo|Waterfall|p1a: Dragapult
|-damage|p1a: Dragapult|55/100
|
|-heal|p2a: Dondozo|37/100|[from] item: Leftovers
|upkeep
|turn|13
|inactive|theonreekgreyjoy has 90 seconds left.
|
|t:|1760732780
|switch|p1a: Iron Valiant|Iron Valiant|100/100
|move|p2a: Dondozo|Waterfall|p1a: Iron Valiant
|-damage|p1a: Iron Valiant|65/100
|
|-heal|p2a: Dondozo|43/100|[from] item: Leftovers
|upkeep
|turn|14
|inactive|SpongeGar & Patar has 90 seconds left.
|
|t:|1760732790
|switch|p2a: Slowking|Slowking-Galar, L99, F|100/100
|move|p1a: Iron Valiant|Shadow Ball|p2a: Slowking
|-supereffective|p2a: Slowking
|-damage|p2a: Slowking|51/100
|
|upkeep
|turn|15
|inactive|SpongeGar & Patar has 90 seconds left.
|inactive|theonreekgreyjoy has 90 seconds left.
|inactive|SpongeGar & Patar has 60 seconds left.
|
|t:|1760732839
|-end|p1a: Iron Valiant|Quark Drive|[silent]
|switch|p1a: Iron Treads|Iron Treads|58/100
|move|p2a: Slowking|Sludge Bomb|p1a: Iron Treads
|-immune|p1a: Iron Treads
|
|-heal|p1a: Iron Treads|64/100|[from] item: Leftovers
|upkeep
|turn|16
|inactive|SpongeGar & Patar has 60 seconds left.
|inactive|SpongeGar & Patar has 30 seconds left.
|inactive|SpongeGar & Patar has 20 seconds left.
|
|t:|1760732887
|-end|p1a: Iron Treads|Quark Drive|[silent]
|switch|p1a: Iron Valiant|Iron Valiant|65/100
|switch|p2a: Corviknight|Corviknight, F|100/100
|-ability|p2a: Corviknight|Pressure
|
|upkeep
|turn|17
|inactive|SpongeGar & Patar has 30 seconds left this turn.
|
|t:|1760732897
|move|p1a: Iron Valiant|Shadow Ball|p2a: Corviknight
|-damage|p2a: Corviknight|63/100
|-unboost|p2a: Corviknight|spd|1
|move|p2a: Corviknight|U-turn|p1a: Iron Valiant
|-resisted|p1a: Iron Valiant
|-damage|p1a: Iron Valiant|60/100
|inactive|SpongeGar & Patar has 30 seconds left this turn.
|
|t:|1760732906
|switch|p2a: Cinderace|Cinderace, M|100/100|[from] U-turn
|
|upkeep
|turn|18
|inactive|SpongeGar & Patar has 30 seconds left.
|
|t:|1760732915
|-end|p1a: Iron Valiant|Quark Drive|[silent]
|switch|p1a: Heatran|Heatran, F|100/100
|move|p2a: Cinderace|Court Change|p2a: Cinderace
|-swapsideconditions
|-activate|p2a: Cinderace|move: Court Change
|
|upkeep
|turn|19
|
|t:|1760732925
|switch|p2a: Slowking|Slowking-Galar, L99, F|84/100
|move|p1a: Heatran|Stealth Rock|p2a: Slowking
|-sidestart|p2: SpongeGar & Patar|move: Stealth Rock
|
|upkeep
|turn|20
|
|t:|1760732934
|move|p1a: Heatran|Will-O-Wisp|p2a: Slowking
|-status|p2a: Slowking|brn
|-prepare|p2a: Slowking|Chilly Reception|[premajor]
|move|p2a: Slowking|Chilly Reception|p2a: Slowking
|-weather|Snowscape
|
|t:|1760732943
|switch|p2a: Kyurem|Kyurem|80/100|[from] Chilly Reception
|-damage|p2a: Kyurem|55/100|[from] Stealth Rock
|-ability|p2a: Kyurem|Pressure
|
|-weather|Snowscape|[upkeep]
|-heal|p2a: Kyurem|62/100|[from] item: Leftovers
|upkeep
|turn|21
|
|t:|1760732953
|move|p2a: Kyurem|Earth Power|p1a: Heatran
|-supereffective|p1a: Heatran
|-damage|p1a: Heatran|0 fnt
|faint|p1a: Heatran
|
|-weather|Snowscape|[upkeep]
|-heal|p2a: Kyurem|68/100|[from] item: Leftovers
|upkeep
|
|t:|1760732957
|switch|p1a: Iron Valiant|Iron Valiant|60/100
|-damage|p1a: Iron Valiant|48/100|[from] Spikes
|turn|22
|
|t:|1760732966
|move|p2a: Kyurem|Protect|p2a: Kyurem
|-singleturn|p2a: Kyurem|Protect
|move|p1a: Iron Valiant|Moonblast|p2a: Kyurem
|-activate|p2a: Kyurem|move: Protect
|
|-weather|Snowscape|[upkeep]
|-heal|p2a: Kyurem|74/100|[from] item: Leftovers
|upkeep
|turn|23
|inactive|SpongeGar & Patar has 60 seconds left.
|
|t:|1760732975
|-end|p1a: Iron Valiant|Quark Drive|[silent]
|switch|p1a: Dragapult|Dragapult, F, tera:Ghost|55/100
|-damage|p1a: Dragapult|43/100|[from] Spikes
|switch|p2a: Slowking|Slowking-Galar, L99, F|100/100 brn
|
|-weather|Snowscape|[upkeep]
|-damage|p2a: Slowking|94/100 brn|[from] brn
|upkeep
|turn|24
|
|t:|1760732984
|switch|p2a: Dondozo|Dondozo, M, tera:Dark|43/100
|-damage|p2a: Dondozo|31/100|[from] Stealth Rock
|move|p1a: Dragapult|Tera Blast|p2a: Dondozo|[anim] Tera Blast Ghost
|-resisted|p2a: Dondozo
|-damage|p2a: Dondozo|15/100
|
|-weather|none
|-heal|p2a: Dondozo|21/100|[from] item: Leftovers
|upkeep
|turn|25
|
|t:|1760732994
|move|p1a: Dragapult|Tera Blast|p2a: Dondozo|[anim] Tera Blast Ghost
|-resisted|p2a: Dondozo
|-damage|p2a: Dondozo|4/100
|move|p2a: Dondozo|Rest|p2a: Dondozo
|-status|p2a: Dondozo|slp|[from] move: Rest
|-heal|p2a: Dondozo|100/100 slp|[silent]
|
|upkeep
|turn|26
|
|t:|1760733003
|switch|p1a: Iron Valiant|Iron Valiant|48/100
|-damage|p1a: Iron Valiant|35/100|[from] Spikes
|cant|p2a: Dondozo|slp
|
|upkeep
|turn|27
|
|t:|1760733012
|switch|p2a: Slowking|Slowking-Galar, L99, F|100/100 brn
|move|p1a: Iron Valiant|Thunderbolt|p2a: Slowking
|-damage|p2a: Slowking|75/100 brn
|
|-damage|p2a: Slowking|69/100 brn|[from] brn
|upkeep
|turn|28
|
|t:|1760733021
|move|p1a: Iron Valiant|Thunderbolt|p2a: Slowking
|-damage|p2a: Slowking|41/100 brn
|-prepare|p2a: Slowking|Chilly Reception|[premajor]
|move|p2a: Slowking|Chilly Reception|p2a: Slowking
|-weather|Snowscape
|
|t:|1760733030
|switch|p2a: Cinderace|Cinderace, M|100/100|[from] Chilly Reception
|
|-weather|Snowscape|[upkeep]
|upkeep
|turn|29
|j| psjfhehsbs
|inactive|SpongeGar & Patar has 90 seconds left.
|
|t:|1760733039
|move|p2a: Cinderace|Pyro Ball|p1a: Iron Valiant
|-damage|p1a: Iron Valiant|0 fnt
|faint|p1a: Iron Valiant
|-end|p1a: Iron Valiant|Quark Drive|[silent]
|
|-weather|Snowscape|[upkeep]
|upkeep
|-message|theonreekgreyjoy forfeited.
|
|win|SpongeGar & Patar
|raw|theonreekgreyjoy's rating: 1708 &rarr; <strong>1694</strong><br />(-14 for losing)
|raw|SpongeGar &amp; Patar's rating: 1818 &rarr; <strong>1832</strong><br />(+14 for winning)
|l|☆SpongeGar & Patar
|player|p2|
|l|☆theonreekgreyjoy
|player|p1|
|l| psjfhehsbs
|l| bloodhound q50
