|j|☆Mc_Spiny
|j|☆kabutopzboy
|t:|1760764162
|gametype|singles
|player|p1|Mc_Spiny|2|1173
|player|p2|kabutopzboy|acetrainer-gen4|1242
|gen|9
|tier|[Gen 9] OU
|rated|
|rule|HP Percentage Mod: HP is shown in percentages
|rule|Endless Battle Clause: Forcing endless battles is banned
|rule|Species Clause: Limit one of each Pokémon
|rule|OHKO Clause: OHKO moves are banned
|rule|Evasion Items Clause: Evasion items are banned
|rule|Evasion Moves Clause: Evasion moves are banned
|rule|Evasion Abilities Clause: Evasion abilities are banned
|rule|Sleep Moves Clause: Sleep-inducing moves are banned
|clearpoke
|poke|p1|Arcanine, M|
|poke|p1|Great Tusk|
|poke|p1|Slowking-Galar, F|
|poke|p1|Kyurem|
|poke|p1|Gholdengo|
|poke|p1|Ogerpon-Wellspring, F|
|poke|p2|Dragapult, M|
|poke|p2|Great Tusk|
|poke|p2|Zangoose, F|
|poke|p2|Cinderace, M|
|poke|p2|Iron Valiant|
|poke|p2|Alomomola, M|
|teampreview
|inactive|Battle timer is ON: inactive players will automatically lose when time's up. (requested by Mc_Spiny)
|
|t:|1760764176
|teamsize|p1|6
|teamsize|p2|6
|start
|switch|p1a: Ogerpon|Ogerpon-Wellspring, F|100/100
|switch|p2a: Great Tusk|Great Tusk|100/100
|-enditem|p2a: Great Tusk|Booster Energy
|-activate|p2a: Great Tusk|ability: Protosynthesis|[fromitem]
|-start|p2a: Great Tusk|protosynthesisspe
|turn|1
|
|t:|1760764189
|-terastallize|p2a: Great Tusk|Ice
|move|p2a: Great Tusk|Bulk Up|p2a: Great Tusk
|-boost|p2a: Great Tusk|atk|1
|-boost|p2a: Great Tusk|def|1
|move|p1a: Ogerpon|Horn Leech|p2a: Great Tusk
|-damage|p2a: Great Tusk|81/100
|
|upkeep
|turn|2
|
|t:|1760764197
|switch|p1a: Great Tusk|Great Tusk|100/100
|move|p2a: Great Tusk|Ice Spinner|p1a: Great Tusk
|-supereffective|p1a: Great Tusk
|-damage|p1a: Great Tusk|46/100
|-damage|p2a: Great Tusk|64/100|[from] item: Rocky Helmet|[of] p1a: Great Tusk
|
|upkeep
|turn|3
|
|t:|1760764203
|-end|p1a: Great Tusk|Protosynthesis|[silent]
|switch|p1a: Arcanine|Arcanine, M|100/100
|-ability|p1a: Arcanine|Intimidate|boost
|-unboost|p2a: Great Tusk|atk|1
|move|p2a: Great Tusk|Ice Spinner|p1a: Arcanine
|-resisted|p1a: Arcanine
|-damage|p1a: Arcanine|88/100
|
|upkeep
|turn|4
|
|t:|1760764210
|-terastallize|p1a: Arcanine|Normal
|move|p2a: Great Tusk|Headlong Rush|p1a: Arcanine
|-damage|p1a: Arcanine|50/100
|-unboost|p2a: Great Tusk|def|1
|-unboost|p2a: Great Tusk|spd|1
|move|p1a: Arcanine|Will-O-Wisp|p2a: Great Tusk
|-status|p2a: Great Tusk|brn
|
|-damage|p2a: Great Tusk|58/100 brn|[from] brn
|upkeep
|turn|5
|
|t:|1760764224
|move|p2a: Great Tusk|Headlong Rush|p1a: Arcanine
|-damage|p1a: Arcanine|30/100
|-unboost|p2a: Great Tusk|def|1
|-unboost|p2a: Great Tusk|spd|1
|move|p1a: Arcanine|Morning Sun|p1a: Arcanine
|-heal|p1a: Arcanine|80/100
|
|-damage|p2a: Great Tusk|52/100 brn|[from] brn
|upkeep
|turn|6
|
|t:|1760764233
|-end|p2a: Great Tusk|Protosynthesis|[silent]
|switch|p2a: Alomomola|Alomomola, M|100/100
|move|p1a: Arcanine|Will-O-Wisp|p2a: Alomomola
|-status|p2a: Alomomola|brn
|
|-damage|p2a: Alomomola|94/100 brn|[from] brn
|upkeep
|turn|7
|
|t:|1760764241
|switch|p1a: Ogerpon|Ogerpon-Wellspring, F|100/100
|move|p2a: Alomomola|Flip Turn|p1a: Ogerpon
|-immune|p1a: Ogerpon|[from] ability: Water Absorb
|
|-damage|p2a: Alomomola|88/100 brn|[from] brn
|upkeep
|turn|8
|
|t:|1760764253
|switch|p2a: Great Tusk|Great Tusk, tera:Ice|52/100 brn
|move|p1a: Ogerpon|Ivy Cudgel|p2a: Great Tusk|[anim] Ivy Cudgel Water
|-damage|p2a: Great Tusk|17/100 brn
|
|-damage|p2a: Great Tusk|10/100 brn|[from] brn
|upkeep
|turn|9
|
|t:|1760764260
|move|p1a: Ogerpon|Ivy Cudgel|p2a: Great Tusk|[anim] Ivy Cudgel Water
|-damage|p2a: Great Tusk|0 fnt
|faint|p2a: Great Tusk
|-end|p2a: Great Tusk|Protosynthesis|[silent]
|
|upkeep
|
|t:|1760764266
|switch|p2a: Steelheart|Iron Valiant, shiny|100/100
|-enditem|p2a: Steelheart|Booster Energy
|-activate|p2a: Steelheart|ability: Quark Drive|[fromitem]
|-start|p2a: Steelheart|quarkdrivespe
|turn|10
|
|t:|1760764272
|switch|p1a: Slowking|Slowking-Galar, F|100/100
|move|p2a: Steelheart|Thunderbolt|p1a: Slowking
|-damage|p1a: Slowking|83/100
|
|upkeep
|turn|11
|
|t:|1760764277
|-end|p2a: Steelheart|Quark Drive|[silent]
|switch|p2a: Alomomola|Alomomola, M|100/100 brn
|move|p1a: Slowking|Thunder Wave||[still]
|-fail|p1a: Slowking
|
|-damage|p2a: Alomomola|94/100 brn|[from] brn
|upkeep
|turn|12
|
|t:|1760764285
|move|p2a: Alomomola|Wish|p2a: Alomomola
|move|p1a: Slowking|Future Sight|p2a: Alomomola
|-start|p1a: Slowking|move: Future Sight
|
|-damage|p2a: Alomomola|88/100 brn|[from] brn
|upkeep
|turn|13
|
|t:|1760764289
|move|p2a: Alomomola|Flip Turn|p1a: Slowking
|-damage|p1a: Slowking|75/100
|
|t:|1760764293
|switch|p2a: Steelheart|Iron Valiant, shiny|100/100|[from] Flip Turn
|-prepare|p1a: Slowking|Chilly Reception|[premajor]
|move|p1a: Slowking|Chilly Reception|p1a: Slowking
|-weather|Snowscape
|
|t:|1760764298
|switch|p1a: Arcanine|Arcanine, M, tera:Normal|80/100|[from] Chilly Reception
|-ability|p1a: Arcanine|Intimidate|boost
|-unboost|p2a: Steelheart|atk|1
|
|-weather|Snowscape|[upkeep]
|upkeep
|turn|14
|
|t:|1760764304
|switch|p1a: Slowking|Slowking-Galar, F|100/100
|move|p2a: Steelheart|Trick Room|p2a: Steelheart
|-fieldstart|move: Trick Room|[of] p2a: Steelheart
|
|-weather|Snowscape|[upkeep]
|-end|p2a: Steelheart|move: Future Sight
|-supereffective|p2a: Steelheart
|-damage|p2a: Steelheart|0 fnt
|faint|p2a: Steelheart
|-end|p2a: Steelheart|Quark Drive|[silent]
|upkeep
|
|t:|1760764311
|switch|p2a: Zangoose|Zangoose, F, shiny|100/100
|turn|15
|
|t:|1760764316
|move|p1a: Slowking|Future Sight|p2a: Zangoose
|-start|p1a: Slowking|move: Future Sight
|move|p2a: Zangoose|Knock Off|p1a: Slowking
|-supereffective|p1a: Slowking
|-damage|p1a: Slowking|29/100
|-enditem|p1a: Slowking|Heavy-Duty Boots|[from] move: Knock Off|[of] p2a: Zangoose
|
|-weather|Snowscape|[upkeep]
|-status|p2a: Zangoose|tox|[from] item: Toxic Orb
|upkeep
|turn|16
|
|t:|1760764324
|switch|p1a: Arcanine|Arcanine, M, tera:Normal|80/100
|-ability|p1a: Arcanine|Intimidate|boost
|-unboost|p2a: Zangoose|atk|1
|move|p2a: Zangoose|Quick Attack|p1a: Arcanine
|-damage|p1a: Arcanine|65/100
|
|-weather|Snowscape|[upkeep]
|-damage|p2a: Zangoose|95/100 tox|[from] psn
|upkeep
|turn|17
|
|t:|1760764333
|move|p2a: Zangoose|Facade|p1a: Arcanine
|-damage|p1a: Arcanine|10/100
|move|p1a: Arcanine|Morning Sun|p1a: Arcanine
|-heal|p1a: Arcanine|35/100
|
|-weather|none
|-end|p2a: Zangoose|move: Future Sight
|-damage|p2a: Zangoose|27/100 tox
|-damage|p2a: Zangoose|15/100 tox|[from] psn
|upkeep
|turn|18
|
|t:|1760764343
|move|p1a: Arcanine|Extreme Speed|p2a: Zangoose
|-damage|p2a: Zangoose|0 fnt
|faint|p2a: Zangoose
|
|-fieldend|move: Trick Room
|upkeep
|
|t:|1760764348
|switch|p2a: Dragapult|Dragapult, M|100/100
|turn|19
|
|t:|1760764351
|switch|p1a: Great Tusk|Great Tusk|46/100
|move|p2a: Dragapult|Will-O-Wisp|p1a: Great Tusk
|-status|p1a: Great Tusk|brn
|
|-damage|p1a: Great Tusk|40/100 brn|[from] brn
|upkeep
|turn|20
|
|t:|1760764358
|move|p2a: Dragapult|Dragon Dance|p2a: Dragapult
|-boost|p2a: Dragapult|atk|1
|-boost|p2a: Dragapult|spe|1
|move|p1a: Great Tusk|Stealth Rock|p2a: Dragapult
|-sidestart|p2: kabutopzboy|move: Stealth Rock
|
|-damage|p1a: Great Tusk|34/100 brn|[from] brn
|upkeep
|turn|21
|
|t:|1760764365
|move|p2a: Dragapult|Dragon Dance|p2a: Dragapult
|-boost|p2a: Dragapult|atk|1
|-boost|p2a: Dragapult|spe|1
|move|p1a: Great Tusk|Knock Off|p2a: Dragapult
|-supereffective|p2a: Dragapult
|-damage|p2a: Dragapult|71/100
|-enditem|p2a: Dragapult|Weakness Policy
|-boost|p2a: Dragapult|atk|2|[from] item: Weakness Policy
|-boost|p2a: Dragapult|spa|2|[from] item: Weakness Policy
|
|-damage|p1a: Great Tusk|27/100 brn|[from] brn
|upkeep
|turn|22
|
|t:|1760764374
|-end|p1a: Great Tusk|Protosynthesis|[silent]
|switch|p1a: Arcanine|Arcanine, M, tera:Normal|35/100
|-ability|p1a: Arcanine|Intimidate|boost
|-unboost|p2a: Dragapult|atk|1
|move|p2a: Dragapult|Dragon Dance|p2a: Dragapult
|-boost|p2a: Dragapult|atk|1
|-boost|p2a: Dragapult|spe|1
|
|upkeep
|turn|23
|
|t:|1760764380
|move|p2a: Dragapult|Dragon Darts|p1a: Arcanine
|-damage|p1a: Arcanine|0 fnt
|faint|p1a: Arcanine
|
|upkeep
|
|t:|1760764383
|switch|p1a: Gholdengo|Gholdengo|100/100
|turn|24
|
|t:|1760764398
|move|p2a: Dragapult|Hex|p1a: Gholdengo
|-supereffective|p1a: Gholdengo
|-damage|p1a: Gholdengo|5/100
|move|p1a: Gholdengo|Shadow Ball|p2a: Dragapult
|-supereffective|p2a: Dragapult
|-damage|p2a: Dragapult|0 fnt
|faint|p2a: Dragapult
|
|upkeep
|
|t:|1760764405
|switch|p2a: Cinderace|Cinderace, M|100/100
|turn|25
|
|t:|1760764408
|move|p2a: Cinderace|Sucker Punch|p1a: Gholdengo
|-start|p2a: Cinderace|typechange|Dark|[from] ability: Libero
|-supereffective|p1a: Gholdengo
|-damage|p1a: Gholdengo|0 fnt
|faint|p1a: Gholdengo
|
|upkeep
|
|t:|1760764411
|switch|p1a: Kyurem|Kyurem|100/100
|-ability|p1a: Kyurem|Pressure
|turn|26
|c|☆kabutopzboy|just barley
|
|t:|1760764416
|move|p2a: Cinderace|Low Kick|p1a: Kyurem
|-supereffective|p1a: Kyurem
|-damage|p1a: Kyurem|31/100
|move|p1a: Kyurem|Freeze-Dry|p2a: Cinderace
|-damage|p2a: Cinderace|17/100
|
|upkeep
|turn|27
|
|t:|1760764423
|switch|p1a: Great Tusk|Great Tusk|27/100 brn
|move|p2a: Cinderace|Sucker Punch||[still]
|-fail|p2a: Cinderace
|
|-damage|p1a: Great Tusk|21/100 brn|[from] brn
|upkeep
|turn|28
|
|t:|1760764429
|move|p2a: Cinderace|Sucker Punch|p1a: Great Tusk
|-resisted|p1a: Great Tusk
|-damage|p1a: Great Tusk|12/100 brn
|-damage|p2a: Cinderace|0 fnt|[from] item: Rocky Helmet|[of] p1a: Great Tusk
|faint|p2a: Cinderace
|move|p1a: Great Tusk|Body Press|p2: Cinderace|[notarget]
|-fail|p1a: Great Tusk
|
|-damage|p1a: Great Tusk|6/100 brn|[from] brn
|upkeep
|
|t:|1760764437
|switch|p2a: Alomomola|Alomomola, M|100/100 brn
|-damage|p2a: Alomomola|88/100 brn|[from] Stealth Rock
|turn|29
|
|t:|1760764441
|move|p1a: Great Tusk|Knock Off|p2a: Alomomola
|-damage|p2a: Alomomola|79/100 brn
|-damage|p1a: Great Tusk|0 fnt|[from] item: Rocky Helmet|[of] p2a: Alomomola
|faint|p1a: Great Tusk
|-end|p1a: Great Tusk|Protosynthesis|[silent]
|move|p2a: Alomomola|Wish|p2a: Alomomola
|
|-damage|p2a: Alomomola|73/100 brn|[from] brn
|upkeep
|
|t:|1760764448
|switch|p1a: Kyurem|Kyurem|31/100
|-ability|p1a: Kyurem|Pressure
|turn|30
|c|☆Mc_Spiny|gg
|
|t:|1760764454
|move|p2a: Alomomola|Protect|p2a: Alomomola
|-singleturn|p2a: Alomomola|Protect
|move|p1a: Kyurem|Freeze-Dry|p2a: Alomomola
|-activate|p2a: Alomomola|move: Protect
|
|-heal|p2a: Alomomola|100/100 brn|[from] move: Wish|[wisher] Alomomola
|-damage|p2a: Alomomola|94/100 brn|[from] brn
|upkeep
|turn|31
|c|☆kabutopzboy|gg
|
|t:|1760764462
|move|p1a: Kyurem|Freeze-Dry|p2a: Alomomola
|-supereffective|p2a: Alomomola
|-crit|p2a: Alomomola
|-damage|p2a: Alomomola|0 fnt
|faint|p2a: Alomomola
|
|win|Mc_Spiny
|raw|Mc_Spiny's rating: 1173 &rarr; <strong>1203</strong><br />(+30 for winning)
|raw|kabutopzboy's rating: 1242 &rarr; <strong>1212</strong><br />(-30 for losing)
|l|☆kabutopzboy
|player|p2|
|l|☆Mc_Spiny
|player|p1|
