|j|☆Vgc tester italy
|j|☆daughterofcain
|t:|1760823858
|gametype|singles
|player|p1|Vgc tester italy|170|1363
|player|p2|daughterofcain|lady|1418
|gen|9
|tier|[Gen 9] OU
|rated|
|rule|HP Percentage Mod: HP is shown in percentages
|rule|Endless Battle Clause: Forcing endless battles is banned
|rule|Species Clause: Limit one of each Pokémon
|rule|OHKO Clause: OHKO moves are banned
|rule|Evasion Items Clause: Evasion items are banned
|rule|Evasion Moves Clause: Evasion moves are banned
|rule|Evasion Abilities Clause: Evasion abilities are banned
|rule|Sleep Moves Clause: Sleep-inducing moves are banned
|clearpoke
|poke|p1|Feraligatr, M|
|poke|p1|Zamazenta-*|
|poke|p1|Kingambit, M|
|poke|p1|Dragonite, M|
|poke|p1|Primarina, M|
|poke|p1|Espeon, M|
|poke|p2|Ogerpon-Wellspring, F|
|poke|p2|Kingambit, F|
|poke|p2|Landorus-Therian, M|
|poke|p2|Glimmora, F|
|poke|p2|Dragapult, F|
|poke|p2|Iron Valiant|
|teampreview
|l|☆Vgc tester italy
|player|p1|
|inactive|Battle timer is ON: inactive players will automatically lose when time's up. (requested by daughterofcain)
|inactive|Vgc tester italy has 30 seconds to reconnect!
|j|☆Vgc tester italy
|inactive|Vgc tester italy reconnected and has 115 seconds left.
|player|p1|Vgc tester italy|170|
|
|t:|1760823958
|teamsize|p1|6
|teamsize|p2|6
|start
|switch|p1a: Feraligatr|Feraligatr, M, shiny|100/100
|switch|p2a: Landorus|Landorus-Therian, M|100/100
|-ability|p2a: Landorus|Intimidate|boost
|-unboost|p1a: Feraligatr|atk|1
|turn|1
|
|t:|1760823979
|move|p2a: Landorus|U-turn|p1a: Feraligatr
|-damage|p1a: Feraligatr|75/100
|
|t:|1760823982
|switch|p2a: Glimmora|Glimmora, F|100/100|[from] U-turn
|move|p1a: Feraligatr|Dragon Dance|p1a: Feraligatr
|-boost|p1a: Feraligatr|atk|1
|-boost|p1a: Feraligatr|spe|1
|
|upkeep
|turn|2
|
|t:|1760823990
|switch|p2a: Landorus|Landorus-Therian, M|100/100
|-ability|p2a: Landorus|Intimidate|boost
|-unboost|p1a: Feraligatr|atk|1
|move|p1a: Feraligatr|Liquidation|p2a: Landorus
|-supereffective|p2a: Landorus
|-damage|p2a: Landorus|0 fnt
|-damage|p1a: Feraligatr|58/100|[from] item: Rocky Helmet|[of] p2a: Landorus
|faint|p2a: Landorus
|
|upkeep
|
|t:|1760824000
|switch|p2a: Dragapult|Dragapult, F|100/100
|turn|3
|
|t:|1760824005
|switch|p1a: Primarina|Primarina, M, shiny|100/100
|move|p2a: Dragapult|Draco Meteor|p1a: Primarina
|-immune|p1a: Primarina
|
|upkeep
|turn|4
|
|t:|1760824017
|switch|p2a: Ogerpon|Ogerpon-Wellspring, F|100/100
|move|p1a: Primarina|Moonblast|p2a: Ogerpon
|-damage|p2a: Ogerpon|37/100
|
|upkeep
|turn|5
|
|t:|1760824024
|switch|p1a: Dragonite|Dragonite, M, shiny|100/100
|move|p2a: Ogerpon|Horn Leech|p1a: Dragonite
|-resisted|p1a: Dragonite
|-damage|p1a: Dragonite|94/100
|-heal|p2a: Ogerpon|41/100|[from] drain|[of] p1a: Dragonite
|
|upkeep
|turn|6
|
|t:|1760824045
|switch|p2a: Glimmora|Glimmora, F|100/100
|move|p1a: Dragonite|Dragon Dance|p1a: Dragonite
|-boost|p1a: Dragonite|atk|1
|-boost|p1a: Dragonite|spe|1
|
|upkeep
|turn|7
|
|t:|1760824055
|-terastallize|p2a: Glimmora|Ghost
|move|p1a: Dragonite|Roost|p1a: Dragonite
|-heal|p1a: Dragonite|100/100
|-singleturn|p1a: Dragonite|move: Roost
|move|p2a: Glimmora|Meteor Beam||[still]
|-prepare|p2a: Glimmora|Meteor Beam
|-boost|p2a: Glimmora|spa|1
|-enditem|p2a: Glimmora|Power Herb
|-anim|p2a: Glimmora|Meteor Beam|p1a: Dragonite
|-damage|p1a: Dragonite|43/100
|
|upkeep
|turn|8
|
|t:|1760824074
|move|p1a: Dragonite|Earthquake|p2a: Glimmora
|-damage|p2a: Glimmora|35/100
|-activate|p2a: Glimmora|ability: Toxic Debris
|-sidestart|p1: Vgc tester italy|move: Toxic Spikes
|move|p2a: Glimmora|Meteor Beam||[still]
|-prepare|p2a: Glimmora|Meteor Beam
|-boost|p2a: Glimmora|spa|1
|
|upkeep
|turn|9
|
|t:|1760824083
|move|p1a: Dragonite|Earthquake|p2a: Glimmora
|-damage|p2a: Glimmora|0 fnt
|-activate|p2a: Glimmora|ability: Toxic Debris
|-sidestart|p1: Vgc tester italy|move: Toxic Spikes
|faint|p2a: Glimmora
|
|upkeep
|
|t:|1760824093
|switch|p2a: Dragapult|Dragapult, F|100/100
|turn|10
|
|t:|1760824103
|move|p2a: Dragapult|Shadow Ball|p1a: Dragonite
|-damage|p1a: Dragonite|0 fnt
|faint|p1a: Dragonite
|
|upkeep
|l|☆Vgc tester italy
|inactive|Vgc tester italy disconnected and has a minute to reconnect!
|player|p1|
|inactive|Vgc tester italy has 30 seconds to reconnect!
|inactive|Vgc tester italy has 20 seconds to reconnect!
|inactive|Vgc tester italy has 15 seconds to reconnect!
|inactive|Vgc tester italy has 10 seconds to reconnect!
|inactive|Vgc tester italy has 5 seconds to reconnect!
|-message|Vgc tester italy lost due to inactivity.
|
|win|daughterofcain
|raw|Vgc tester italy's rating: 1363 &rarr; <strong>1346</strong><br />(-17 for losing)
|raw|daughterofcain's rating: 1418 &rarr; <strong>1435</strong><br />(+17 for winning)
|l|☆daughterofcain
|player|p2|
