|j|☆ellisgrx
|j|☆moi88764
|t:|1760841657
|gametype|singles
|player|p1|ellisgrx|skyla|1156
|player|p2|moi88764|buck|1203
|gen|9
|tier|[Gen 9] OU
|rated|
|rule|HP Percentage Mod: HP is shown in percentages
|rule|Endless Battle Clause: Forcing endless battles is banned
|rule|Species Clause: Limit one of each Pokémon
|rule|OHKO Clause: OHKO moves are banned
|rule|Evasion Items Clause: Evasion items are banned
|rule|Evasion Moves Clause: Evasion moves are banned
|rule|Evasion Abilities Clause: Evasion abilities are banned
|rule|Sleep Moves Clause: Sleep-inducing moves are banned
|clearpoke
|poke|p1|Torkoal, M|
|poke|p1|Leafeon, F|
|poke|p1|Walking Wake|
|poke|p1|Iron Moth|
|poke|p1|Lilligant-Hisui, F|
|poke|p1|Umbreon, M|
|poke|p2|Torkoal, F|
|poke|p2|Charizard, M|
|poke|p2|Rotom-Mow|
|poke|p2|Walking Wake|
|poke|p2|Bisharp, F|
|poke|p2|Mandibuzz, F|
|teampreview
|
|t:|1760841667
|teamsize|p1|6
|teamsize|p2|6
|start
|switch|p1a: Torkoal|Torkoal, M, shiny|100/100
|switch|p2a: Walking Wake|Walking Wake|100/100
|-weather|SunnyDay|[from] ability: Drought|[of] p1a: Torkoal
|-activate|p2a: Walking Wake|ability: Protosynthesis
|-start|p2a: Walking Wake|protosynthesisspa
|turn|1
|
|t:|1760841676
|move|p2a: Walking Wake|Hydro Steam|p1a: Torkoal
|-supereffective|p1a: Torkoal
|-damage|p1a: Torkoal|0 fnt
|faint|p1a: Torkoal
|
|-weather|SunnyDay|[upkeep]
|upkeep
|
|t:|1760841694
|switch|p1a: Umbreon|Umbreon, M, shiny|100/100
|turn|2
|
|t:|1760841700
|move|p2a: Walking Wake|Hydro Steam|p1a: Umbreon
|-damage|p1a: Umbreon|59/100
|move|p1a: Umbreon|Toxic|p2a: Walking Wake
|-status|p2a: Walking Wake|tox
|
|-weather|SunnyDay|[upkeep]
|-heal|p1a: Umbreon|65/100|[from] item: Leftovers
|-damage|p2a: Walking Wake|94/100 tox|[from] psn
|upkeep
|turn|3
|
|t:|1760841710
|move|p2a: Walking Wake|Hydro Steam|p1a: Umbreon
|-damage|p1a: Umbreon|22/100
|move|p1a: Umbreon|Wish|p1a: Umbreon
|
|-weather|SunnyDay|[upkeep]
|-heal|p2a: Walking Wake|100/100 tox|[from] item: Leftovers
|-heal|p1a: Umbreon|28/100|[from] item: Leftovers
|-damage|p2a: Walking Wake|88/100 tox|[from] psn
|upkeep
|turn|4
|
|t:|1760841725
|-end|p2a: Walking Wake|Protosynthesis|[silent]
|switch|p2a: Bisharp|Bisharp, F|100/100
|move|p1a: Umbreon|Protect||[still]
|-fail|p1a: Umbreon
|
|-weather|SunnyDay|[upkeep]
|-heal|p1a: Umbreon|78/100|[from] move: Wish|[wisher] Umbreon
|-heal|p1a: Umbreon|84/100|[from] item: Leftovers
|upkeep
|turn|5
|
|t:|1760841731
|switch|p1a: Iron Moth|Iron Moth|100/100
|-enditem|p1a: Iron Moth|Booster Energy
|-activate|p1a: Iron Moth|ability: Quark Drive|[fromitem]
|-start|p1a: Iron Moth|quarkdrivespa
|move|p2a: Bisharp|Swords Dance|p2a: Bisharp
|-boost|p2a: Bisharp|atk|2
|
|-weather|SunnyDay|[upkeep]
|upkeep
|turn|6
|
|t:|1760841736
|move|p2a: Bisharp|Sucker Punch|p1a: Iron Moth
|-damage|p1a: Iron Moth|0 fnt
|faint|p1a: Iron Moth
|-end|p1a: Iron Moth|Quark Drive|[silent]
|
|-weather|SunnyDay|[upkeep]
|upkeep
|
|t:|1760841742
|switch|p1a: Umbreon|Umbreon, M, shiny|84/100
|turn|7
|
|t:|1760841751
|move|p2a: Bisharp|Iron Head|p1a: Umbreon
|-damage|p1a: Umbreon|13/100
|cant|p1a: Umbreon|flinch
|
|-weather|SunnyDay|[upkeep]
|-heal|p1a: Umbreon|20/100|[from] item: Leftovers
|upkeep
|turn|8
|
|t:|1760841754
|move|p1a: Umbreon|Protect|p1a: Umbreon
|-singleturn|p1a: Umbreon|Protect
|move|p2a: Bisharp|Iron Head|p1a: Umbreon
|-activate|p1a: Umbreon|move: Protect
|
|-weather|none
|-heal|p1a: Umbreon|26/100|[from] item: Leftovers
|upkeep
|turn|9
|-message|ellisgrx forfeited.
|
|win|moi88764
|raw|ellisgrx's rating: 1156 &rarr; <strong>1134</strong><br />(-22 for losing)
|raw|moi88764's rating: 1203 &rarr; <strong>1225</strong><br />(+22 for winning)
|l|☆ellisgrx
|player|p1|
