|j|☆Chillmaxxer
|j|☆Refundmybirth2
|t:|1760807201
|gametype|singles
|player|p1|Chillmaxxer|scientist-gen4|1376
|player|p2|Refundmybirth2|169|1317
|gen|9
|tier|[Gen 9] OU
|rated|
|rule|HP Percentage Mod: HP is shown in percentages
|rule|Endless Battle Clause: Forcing endless battles is banned
|rule|Species Clause: Limit one of each Pokémon
|rule|OHKO Clause: OHKO moves are banned
|rule|Evasion Items Clause: Evasion items are banned
|rule|Evasion Moves Clause: Evasion moves are banned
|rule|Evasion Abilities Clause: Evasion abilities are banned
|rule|Sleep Moves Clause: Sleep-inducing moves are banned
|clearpoke
|poke|p1|Indeedee, M|
|poke|p1|Deoxys-Speed|
|poke|p1|Great Tusk|
|poke|p1|Polteageist|
|poke|p1|Delphox, M|
|poke|p1|Hawlucha, F|
|poke|p2|Ambipom, M|
|poke|p2|Ogerpon-Wellspring, F|
|poke|p2|Corviknight, F|
|poke|p2|Great Tusk|
|poke|p2|Iron Moth|
|poke|p2|Raging Bolt|
|teampreview
|inactive|Battle timer is ON: inactive players will automatically lose when time's up. (requested by Refundmybirth2)
|inactive|Refundmybirth2 has 120 seconds left.
|
|t:|1760807238
|teamsize|p1|6
|teamsize|p2|6
|start
|switch|p1a: Indeedee|Indeedee, M|100/100
|switch|p2a: Ogerpon|Ogerpon-Wellspring, F|100/100
|-fieldstart|move: Psychic Terrain|[from] ability: Psychic Surge|[of] p1a: Indeedee
|turn|1
|
|t:|1760807253
|move|p2a: Ogerpon|Knock Off|p1a: Indeedee
|-supereffective|p1a: Indeedee
|-damage|p1a: Indeedee|10/100
|-enditem|p1a: Indeedee|Terrain Extender|[from] move: Knock Off|[of] p2a: Ogerpon
|move|p1a: Indeedee|Expanding Force|p2a: Ogerpon
|-damage|p2a: Ogerpon|33/100
|
|upkeep
|turn|2
|
|t:|1760807260
|switch|p2a: Corviknight|Corviknight, F|100/100
|-ability|p2a: Corviknight|Pressure
|switch|p1a: Hawlucha|Hawlucha, F|100/100
|-enditem|p1a: Hawlucha|Psychic Seed
|-boost|p1a: Hawlucha|spd|1|[from] item: Psychic Seed
|
|upkeep
|turn|3
|
|t:|1760807275
|switch|p1a: Polteageist|Polteageist|100/100
|move|p2a: Corviknight|U-turn|p1a: Polteageist
|-resisted|p1a: Polteageist
|-damage|p1a: Polteageist|90/100
|-ability|p1a: Polteageist|Weak Armor|boost
|-unboost|p1a: Polteageist|def|1
|-boost|p1a: Polteageist|spe|2
|-enditem|p1a: Polteageist|Red Card|[of] p2a: Corviknight
|drag|p2a: Ogerpon|Ogerpon-Wellspring, F|33/100
|
|upkeep
|turn|4
|
|t:|1760807291
|switch|p2a: Corviknight|Corviknight, F|100/100
|-ability|p2a: Corviknight|Pressure
|move|p1a: Polteageist|Shadow Ball|p2a: Corviknight
|-damage|p2a: Corviknight|52/100
|
|upkeep
|turn|5
|
|t:|1760807302
|move|p1a: Polteageist|Shell Smash|p1a: Polteageist
|-unboost|p1a: Polteageist|def|1
|-unboost|p1a: Polteageist|spd|1
|-boost|p1a: Polteageist|atk|2
|-boost|p1a: Polteageist|spa|2
|-boost|p1a: Polteageist|spe|2
|move|p2a: Corviknight|U-turn|p1a: Polteageist
|-resisted|p1a: Polteageist
|-damage|p1a: Polteageist|67/100
|-ability|p1a: Polteageist|Weak Armor|boost
|-unboost|p1a: Polteageist|def|1
|-boost|p1a: Polteageist|spe|2
|
|t:|1760807322
|switch|p2a: Great Tusk|Great Tusk|100/100|[from] U-turn
|
|upkeep
|turn|6
|
|t:|1760807348
|move|p1a: Polteageist|Shadow Ball|p2a: Great Tusk
|-damage|p2a: Great Tusk|0 fnt
|faint|p2a: Great Tusk
|-end|p2a: Great Tusk|Protosynthesis|[silent]
|
|upkeep
|
|t:|1760807356
|switch|p2a: Corviknight|Corviknight, F|52/100
|-ability|p2a: Corviknight|Pressure
|turn|7
|
|t:|1760807362
|move|p1a: Polteageist|Stored Power|p2a: Corviknight
|-resisted|p2a: Corviknight
|-damage|p2a: Corviknight|0 fnt
|faint|p2a: Corviknight
|
|upkeep
|
|t:|1760807368
|switch|p2a: Raging Bolt|Raging Bolt|100/100
|-enditem|p2a: Raging Bolt|Booster Energy
|-activate|p2a: Raging Bolt|ability: Protosynthesis|[fromitem]
|-start|p2a: Raging Bolt|protosynthesisspa
|turn|8
|
|t:|1760807373
|move|p2a: Raging Bolt|Thunderclap|p1a: Polteageist
|-activate|p1a: Polteageist|move: Psychic Terrain
|move|p1a: Polteageist|Stored Power|p2a: Raging Bolt
|-damage|p2a: Raging Bolt|0 fnt
|faint|p2a: Raging Bolt
|-end|p2a: Raging Bolt|Protosynthesis|[silent]
|
|-fieldend|move: Psychic Terrain
|upkeep
|
|t:|1760807379
|switch|p2a: Iron Moth|Iron Moth|100/100
|-enditem|p2a: Iron Moth|Booster Energy
|-activate|p2a: Iron Moth|ability: Quark Drive|[fromitem]
|-start|p2a: Iron Moth|quarkdrivespe
|turn|9
|
|t:|1760807385
|move|p1a: Polteageist|Stored Power|p2a: Iron Moth
|-supereffective|p2a: Iron Moth
|-damage|p2a: Iron Moth|0 fnt
|faint|p2a: Iron Moth
|-end|p2a: Iron Moth|Quark Drive|[silent]
|
|upkeep
|c|☆Refundmybirth2|ggs
|-message|Refundmybirth2 forfeited.
|
|win|Chillmaxxer
|raw|Chillmaxxer's rating: 1376 &rarr; <strong>1393</strong><br />(+17 for winning)
|raw|Refundmybirth2's rating: 1317 &rarr; <strong>1300</strong><br />(-17 for losing)
|c|☆Chillmaxxer|gg
|l|☆Refundmybirth2
|player|p2|
