|j|☆ilikeeatingmetal
|j|☆Loser I will lose
|t:|1760817354
|gametype|singles
|player|p1|ilikeeatingmetal|2|
|player|p2|Loser I will lose|drayden|
|gen|9
|tier|[Gen 9] OU
|rule|HP Percentage Mod: HP is shown in percentages
|rule|Endless Battle Clause: Forcing endless battles is banned
|rule|Species Clause: Limit one of each Pokémon
|rule|OHKO Clause: OHKO moves are banned
|rule|Evasion Items Clause: Evasion items are banned
|rule|Evasion Moves Clause: Evasion moves are banned
|rule|Evasion Abilities Clause: Evasion abilities are banned
|rule|Sleep Moves Clause: Sleep-inducing moves are banned
|clearpoke
|poke|p1|Lapras, F|
|poke|p1|Abomasnow, M|
|poke|p1|Zoroark-Hisui, M|
|poke|p1|Chandelure, F|
|poke|p1|Honchkrow, F|
|poke|p1|Toxtricity-Low-Key, M|
|poke|p2|Ribombee, M|
|poke|p2|Alomomola, F|
|poke|p2|Excadrill, F|
|poke|p2|Glaceon, F|
|poke|p2|Rotom-Heat|
|poke|p2|Cyclizar, M|
|teampreview
|
|t:|1760817366
|teamsize|p1|6
|teamsize|p2|6
|start
|switch|p1a: 6' 4" dreadhead|Toxtricity-Low-Key, M, shiny|100/100
|switch|p2a: 150 (But yellow)|Ribombee, M|100/100
|turn|1
|
|t:|1760817408
|move|p1a: 6' 4" dreadhead|Agility|p1a: 6' 4" dreadhead
|-boost|p1a: 6' 4" dreadhead|spe|2
|move|p2a: 150 (But yellow)|Sticky Web|p1a: 6' 4" dreadhead
|-sidestart|p1: ilikeeatingmetal|move: Sticky Web
|
|upkeep
|turn|2
|
|t:|1760817422
|switch|p2a: 150 (But ugly)|Excadrill, F|100/100
|-ability|p2a: 150 (But ugly)|Mold Breaker
|move|p1a: 6' 4" dreadhead|Hyper Voice|p2a: 150 (But ugly)
|-resisted|p2a: 150 (But ugly)
|-damage|p2a: 150 (But ugly)|72/100
|
|-heal|p2a: 150 (But ugly)|78/100|[from] item: Leftovers
|upkeep
|turn|3
|
|t:|1760817459
|move|p1a: 6' 4" dreadhead|Bitter Malice|p2a: 150 (But ugly)
|-damage|p2a: 150 (But ugly)|21/100
|-unboost|p2a: 150 (But ugly)|atk|1
|move|p2a: 150 (But ugly)|Rapid Spin|p1a: 6' 4" dreadhead
|-immune|p1a: 6' 4" dreadhead
|
|-heal|p2a: 150 (But ugly)|27/100|[from] item: Leftovers
|upkeep
|turn|4
|
|t:|1760817472
|switch|p2a: 150|Alomomola, F|100/100
|move|p1a: 6' 4" dreadhead|Hyper Voice|p2a: 150
|-damage|p2a: 150|48/100
|
|upkeep
|turn|5
|
|t:|1760817482
|move|p2a: 150|Protect|p2a: 150
|-singleturn|p2a: 150|Protect
|move|p1a: 6' 4" dreadhead|Hyper Voice|p2a: 150
|-activate|p2a: 150|move: Protect
|
|upkeep
|turn|6
|
|t:|1760817495
|switch|p2a: 50|Cyclizar, M|100/100
|move|p1a: 6' 4" dreadhead|Hyper Voice|p2a: 50
|-damage|p2a: 50|64/100
|
|upkeep
|turn|7
|
|t:|1760817531
|move|p1a: 6' 4" dreadhead|Hyper Voice|p2a: 50
|-damage|p2a: 50|23/100
|move|p2a: 50|Knock Off|p1a: 6' 4" dreadhead
|-supereffective|p1a: 6' 4" dreadhead
|-damage|p1a: 6' 4" dreadhead|14/100
|replace|p1a: zoro|Zoroark-Hisui, M, shiny
|-end|p1a: zoro|Illusion
|-enditem|p1a: zoro|Spooky Plate|[from] move: Knock Off|[of] p2a: 50
|
|upkeep
|turn|8
|
|t:|1760817561
|switch|p2a: 150|Alomomola, F|81/100
|move|p1a: zoro|Hyper Voice|p2a: 150
|-damage|p2a: 150|25/100
|
|upkeep
|turn|9
|
|t:|1760817590
|move|p2a: 150|Protect|p2a: 150
|-singleturn|p2a: 150|Protect
|move|p1a: zoro|Bitter Malice|p2a: 150
|-activate|p2a: 150|move: Protect
|
|upkeep
|turn|10
|
|t:|1760817608
|switch|p2a: 50|Cyclizar, M|56/100
|move|p1a: zoro|Hyper Voice|p2a: 50
|-damage|p2a: 50|16/100
|
|upkeep
|turn|11
|
|t:|1760817626
|switch|p2a: 150 (But yellow)|Ribombee, M|100/100
|move|p1a: zoro|Hyper Voice|p2a: 150 (But yellow)
|-damage|p2a: 150 (But yellow)|21/100
|
|upkeep
|turn|12
|
|t:|1760817642
|move|p1a: zoro|Hyper Voice|p2a: 150 (But yellow)
|-damage|p2a: 150 (But yellow)|0 fnt
|faint|p2a: 150 (But yellow)
|
|upkeep
|
|t:|1760817660
|switch|p2a: 150 (But red)|Rotom-Heat|100/100
|turn|13
|
|t:|1760817681
|move|p1a: zoro|Hyper Voice|p2a: 150 (But red)
|-damage|p2a: 150 (But red)|50/100
|move|p2a: 150 (But red)|Volt Switch|p1a: zoro
|-damage|p1a: zoro|0 fnt
|faint|p1a: zoro
|
|t:|1760817689
|switch|p2a: 150|Alomomola, F|59/100|[from] Volt Switch
|
|upkeep
|
|t:|1760817699
|switch|p1a: 6' 4" dreadhead|Toxtricity-Low-Key, M, shiny|100/100
|-item|p1a: 6' 4" dreadhead|Air Balloon
|turn|14
|
|t:|1760817711
|move|p2a: 150|Protect|p2a: 150
|-singleturn|p2a: 150|Protect
|move|p1a: 6' 4" dreadhead|Boomburst|p2a: 150
|-activate|p2a: 150|move: Protect
|
|upkeep
|turn|15
|
|t:|1760817731
|-terastallize|p2a: 150|Steel
|move|p1a: 6' 4" dreadhead|Boomburst|p2a: 150
|-resisted|p2a: 150
|-damage|p2a: 150|31/100
|move|p2a: 150|Wish|p2a: 150
|
|upkeep
|turn|16
|
|t:|1760817749
|switch|p2a: 150 (But ugly)|Excadrill, F|27/100
|-ability|p2a: 150 (But ugly)|Mold Breaker
|move|p1a: 6' 4" dreadhead|Overdrive|p2a: 150 (But ugly)
|-immune|p2a: 150 (But ugly)
|
|-heal|p2a: 150 (But ugly)|100/100|[from] move: Wish|[wisher] 150
|upkeep
|turn|17
|
|t:|1760817799
|-terastallize|p1a: 6' 4" dreadhead|Normal
|move|p2a: 150 (But ugly)|Iron Head|p1a: 6' 4" dreadhead
|-damage|p1a: 6' 4" dreadhead|44/100
|-enditem|p1a: 6' 4" dreadhead|Air Balloon
|move|p1a: 6' 4" dreadhead|Boomburst|p2a: 150 (But ugly)
|-resisted|p2a: 150 (But ugly)
|-damage|p2a: 150 (But ugly)|55/100
|
|-heal|p2a: 150 (But ugly)|61/100|[from] item: Leftovers
|upkeep
|turn|18
|
|t:|1760817817
|switch|p1a: delulu|Chandelure, F, shiny|100/100
|-activate|p1a: delulu|move: Sticky Web
|-unboost|p1a: delulu|spe|1
|move|p2a: 150 (But ugly)|Iron Head|p1a: delulu
|-resisted|p1a: delulu
|-crit|p1a: delulu
|-damage|p1a: delulu|55/100
|-status|p2a: 150 (But ugly)|brn|[from] ability: Flame Body|[of] p1a: delulu
|
|-heal|p2a: 150 (But ugly)|67/100 brn|[from] item: Leftovers
|-damage|p2a: 150 (But ugly)|61/100 brn|[from] brn
|upkeep
|turn|19
|
|t:|1760817849
|move|p2a: 150 (But ugly)|Earthquake|p1a: delulu
|-supereffective|p1a: delulu
|-damage|p1a: delulu|0 fnt
|faint|p1a: delulu
|
|-heal|p2a: 150 (But ugly)|67/100 brn|[from] item: Leftovers
|-damage|p2a: 150 (But ugly)|61/100 brn|[from] brn
|upkeep
|
|t:|1760817919
|switch|p1a: mason a bow|Abomasnow, M, shiny|100/100
|-activate|p1a: mason a bow|move: Sticky Web
|-unboost|p1a: mason a bow|spe|1
|-weather|Snowscape|[from] ability: Snow Warning|[of] p1a: mason a bow
|turn|20
|
|t:|1760817931
|move|p2a: 150 (But ugly)|Swords Dance|p2a: 150 (But ugly)
|-boost|p2a: 150 (But ugly)|atk|2
|move|p1a: mason a bow|Chilling Water|p2a: 150 (But ugly)
|-supereffective|p2a: 150 (But ugly)
|-damage|p2a: 150 (But ugly)|33/100 brn
|-unboost|p2a: 150 (But ugly)|atk|1
|
|-weather|Snowscape|[upkeep]
|-heal|p2a: 150 (But ugly)|39/100 brn|[from] item: Leftovers
|-damage|p2a: 150 (But ugly)|33/100 brn|[from] brn
|upkeep
|turn|21
|
|t:|1760818002
|move|p2a: 150 (But ugly)|Iron Head|p1a: mason a bow
|-supereffective|p1a: mason a bow
|-damage|p1a: mason a bow|61/100
|move|p1a: mason a bow|Focus Blast|p2a: 150 (But ugly)|[miss]
|-miss|p1a: mason a bow|p2a: 150 (But ugly)
|
|-weather|Snowscape|[upkeep]
|-heal|p2a: 150 (But ugly)|39/100 brn|[from] item: Leftovers
|-heal|p1a: mason a bow|67/100|[from] item: Leftovers
|-damage|p2a: 150 (But ugly)|33/100 brn|[from] brn
|upkeep
|turn|22
|
|t:|1760818012
|move|p2a: 150 (But ugly)|Swords Dance|p2a: 150 (But ugly)
|-boost|p2a: 150 (But ugly)|atk|2
|move|p1a: mason a bow|Focus Blast|p2a: 150 (But ugly)|[miss]
|-miss|p1a: mason a bow|p2a: 150 (But ugly)
|
|-weather|Snowscape|[upkeep]
|-heal|p2a: 150 (But ugly)|39/100 brn|[from] item: Leftovers
|-heal|p1a: mason a bow|74/100|[from] item: Leftovers
|-damage|p2a: 150 (But ugly)|33/100 brn|[from] brn
|upkeep
|turn|23
|
|t:|1760818022
|move|p2a: 150 (But ugly)|Iron Head|p1a: mason a bow
|-supereffective|p1a: mason a bow
|-damage|p1a: mason a bow|16/100
|cant|p1a: mason a bow|flinch
|
|-weather|Snowscape|[upkeep]
|-heal|p2a: 150 (But ugly)|39/100 brn|[from] item: Leftovers
|-heal|p1a: mason a bow|23/100|[from] item: Leftovers
|-damage|p2a: 150 (But ugly)|33/100 brn|[from] brn
|upkeep
|turn|24
|
|t:|1760818031
|move|p2a: 150 (But ugly)|Iron Head|p1a: mason a bow
|-supereffective|p1a: mason a bow
|-damage|p1a: mason a bow|0 fnt
|faint|p1a: mason a bow
|
|-weather|none
|-heal|p2a: 150 (But ugly)|39/100 brn|[from] item: Leftovers
|-damage|p2a: 150 (But ugly)|33/100 brn|[from] brn
|upkeep
|
|t:|1760818293
|switch|p1a: lazuli|Lapras, F|100/100
|-activate|p1a: lazuli|move: Sticky Web
|-unboost|p1a: lazuli|spe|1
|turn|25
|
|t:|1760818299
|move|p2a: 150 (But ugly)|Iron Head|p1a: lazuli
|-damage|p1a: lazuli|48/100
|move|p1a: lazuli|Hydro Pump|p2a: 150 (But ugly)
|-supereffective|p2a: 150 (But ugly)
|-damage|p2a: 150 (But ugly)|0 fnt
|faint|p2a: 150 (But ugly)
|
|upkeep
|
|t:|1760818326
|switch|p2a: 150 (But red)|Rotom-Heat|50/100
|turn|26
|
|t:|1760818347
|move|p2a: 150 (But red)|Volt Switch|p1a: lazuli
|-supereffective|p1a: lazuli
|-damage|p1a: lazuli|0 fnt
|faint|p1a: lazuli
|
|t:|1760818353
|switch|p2a: 100|Glaceon, F|100/100|[from] Volt Switch
|
|upkeep
|
|t:|1760818378
|switch|p1a: 6' 4" dreadhead|Toxtricity-Low-Key, M, shiny, tera:Normal|44/100
|-activate|p1a: 6' 4" dreadhead|move: Sticky Web
|-unboost|p1a: 6' 4" dreadhead|spe|1
|turn|27
|
|t:|1760818389
|move|p2a: 100|Ice Beam|p1a: 6' 4" dreadhead
|-damage|p1a: 6' 4" dreadhead|0 fnt
|faint|p1a: 6' 4" dreadhead
|
|upkeep
|
|t:|1760818393
|switch|p1a: poncho|Honchkrow, F, shiny|100/100
|turn|28
|
|t:|1760818460
|move|p1a: poncho|Night Slash|p2a: 100
|-crit|p2a: 100
|-damage|p2a: 100|38/100
|move|p2a: 100|Ice Beam|p1a: poncho
|-supereffective|p1a: poncho
|-damage|p1a: poncho|0 fnt
|faint|p1a: poncho
|
|win|Loser I will lose
