|j|☆Akabura
|j|☆Michy47
|t:|1760790187
|gametype|singles
|player|p1|Akabura|hilbert|1441
|player|p2|Michy47|170|1469
|gen|9
|tier|[Gen 9] OU
|rated|
|rule|HP Percentage Mod: HP is shown in percentages
|rule|Endless Battle Clause: Forcing endless battles is banned
|rule|Species Clause: Limit one of each Pokémon
|rule|OHKO Clause: OHKO moves are banned
|rule|Evasion Items Clause: Evasion items are banned
|rule|Evasion Moves Clause: Evasion moves are banned
|rule|Evasion Abilities Clause: Evasion abilities are banned
|rule|Sleep Moves Clause: Sleep-inducing moves are banned
|clearpoke
|poke|p1|Arcanine-Hisui, F|
|poke|p1|Slowking-Galar, M|
|poke|p1|Great Tusk|
|poke|p1|Forretress, M|
|poke|p1|Primarina, F|
|poke|p1|Kingambit, M|
|poke|p2|Araquanid, M|
|poke|p2|Iron Treads|
|poke|p2|Kingambit, F|
|poke|p2|Enamorus, F|
|poke|p2|Iron Valiant|
|poke|p2|Iron Moth|
|teampreview
|inactive|Battle timer is ON: inactive players will automatically lose when time's up. (requested by Michy47)
|
|t:|1760790199
|teamsize|p1|6
|teamsize|p2|6
|start
|switch|p1a: Forretress|Forretress, M, shiny|100/100
|switch|p2a: 10:36|Iron Treads|100/100
|-enditem|p2a: 10:36|Booster Energy
|-activate|p2a: 10:36|ability: Quark Drive|[fromitem]
|-start|p2a: 10:36|quarkdrivespe
|turn|1
|
|t:|1760790203
|move|p2a: 10:36|Earth Power|p1a: Forretress
|-damage|p1a: Forretress|53/100
|move|p1a: Forretress|Iron Defense|p1a: Forretress
|-boost|p1a: Forretress|def|2
|
|upkeep
|turn|2
|
|t:|1760790209
|move|p2a: 10:36|Earth Power|p1a: Forretress
|-damage|p1a: Forretress|8/100
|move|p1a: Forretress|Body Press|p2a: 10:36
|-supereffective|p2a: 10:36
|-damage|p2a: 10:36|0 fnt
|faint|p2a: 10:36
|-end|p2a: 10:36|Quark Drive|[silent]
|
|upkeep
|
|t:|1760790218
|switch|p2a: Yoshimi|Enamorus, F|100/100
|turn|3
|
|t:|1760790222
|move|p2a: Yoshimi|Moonblast|p1a: Forretress
|-resisted|p1a: Forretress
|-damage|p1a: Forretress|0 fnt
|faint|p1a: Forretress
|
|upkeep
|
|t:|1760790225
|switch|p1a: Slowking|Slowking-Galar, M|100/100
|turn|4
|
|t:|1760790229
|switch|p2a: Beaches|Araquanid, M|100/100
|move|p1a: Slowking|Future Sight|p2a: Beaches
|-start|p1a: Slowking|move: Future Sight
|
|upkeep
|turn|5
|
|t:|1760790234
|move|p2a: Beaches|Sticky Web|p1a: Slowking
|-sidestart|p1: Akabura|move: Sticky Web
|-prepare|p1a: Slowking|Chilly Reception|[premajor]
|move|p1a: Slowking|Chilly Reception|p1a: Slowking
|-weather|Snowscape
|
|t:|1760790251
|switch|p1a: Arcanine|Arcanine-Hisui, F|100/100|[from] Chilly Reception
|-activate|p1a: Arcanine|move: Sticky Web
|-unboost|p1a: Arcanine|spe|1
|
|-weather|Snowscape|[upkeep]
|upkeep
|turn|6
|
|t:|1760790267
|switch|p1a: Primarina|Primarina, F|100/100
|-activate|p1a: Primarina|move: Sticky Web
|-unboost|p1a: Primarina|spe|1
|move|p2a: Beaches|Surf|p1a: Primarina
|-resisted|p1a: Primarina
|-damage|p1a: Primarina|86/100
|
|-weather|Snowscape|[upkeep]
|-end|p2a: Beaches|move: Future Sight
|-crit|p2a: Beaches
|-damage|p2a: Beaches|51/100
|upkeep
|turn|7
|
|t:|1760790280
|move|p2a: Beaches|Endeavor|p1a: Primarina
|-damage|p1a: Primarina|48/100
|move|p1a: Primarina|Draining Kiss|p2a: Beaches
|-damage|p2a: Beaches|28/100
|-heal|p1a: Primarina|64/100|[from] drain|[of] p2a: Beaches
|
|-weather|Snowscape|[upkeep]
|upkeep
|turn|8
|
|t:|1760790289
|move|p2a: Beaches|Endeavor|p1a: Primarina
|-damage|p1a: Primarina|26/100
|move|p1a: Primarina|Moonblast|p2a: Beaches
|-damage|p2a: Beaches|0 fnt
|faint|p2a: Beaches
|
|-weather|Snowscape|[upkeep]
|upkeep
|
|t:|1760790300
|switch|p2a: Forest|Iron Valiant|100/100
|-enditem|p2a: Forest|Booster Energy
|-activate|p2a: Forest|ability: Quark Drive|[fromitem]
|-start|p2a: Forest|quarkdrivespa
|turn|9
|
|t:|1760790307
|move|p2a: Forest|Moonblast|p1a: Primarina
|-damage|p1a: Primarina|0 fnt
|faint|p1a: Primarina
|
|-weather|none
|upkeep
|
|t:|1760790314
|switch|p1a: Slowking|Slowking-Galar, M|100/100
|turn|10
|
|t:|1760790320
|-terastallize|p2a: Forest|Ghost
|move|p2a: Forest|Calm Mind|p2a: Forest
|-boost|p2a: Forest|spa|1
|-boost|p2a: Forest|spd|1
|move|p1a: Slowking|Sludge Bomb|p2a: Forest
|-resisted|p2a: Forest
|-damage|p2a: Forest|81/100
|-status|p2a: Forest|psn
|
|-damage|p2a: Forest|69/100 psn|[from] psn
|upkeep
|turn|11
|
|t:|1760790333
|move|p2a: Forest|Shadow Ball|p1a: Slowking
|-supereffective|p1a: Slowking
|-damage|p1a: Slowking|0 fnt
|faint|p1a: Slowking
|
|-damage|p2a: Forest|56/100 psn|[from] psn
|upkeep
|
|t:|1760790339
|switch|p1a: Kingambit|Kingambit, M, shiny|100/100
|-activate|p1a: Kingambit|move: Sticky Web
|-unboost|p1a: Kingambit|spe|1
|-activate|p1a: Kingambit|ability: Supreme Overlord
|-start|p1a: Kingambit|fallen3|[silent]
|turn|12
|
|t:|1760790357
|move|p2a: Forest|Vacuum Wave|p1a: Kingambit
|-supereffective|p1a: Kingambit
|-damage|p1a: Kingambit|0 fnt
|faint|p1a: Kingambit
|-end|p1a: Kingambit|fallen3|[silent]
|
|-damage|p2a: Forest|44/100 psn|[from] psn
|upkeep
|-message|Akabura forfeited.
|
|win|Michy47
|raw|Akabura's rating: 1441 &rarr; <strong>1423</strong><br />(-18 for losing)
|raw|Michy47's rating: 1469 &rarr; <strong>1487</strong><br />(+18 for winning)
|l|☆Akabura
|player|p1|
|l|☆Michy47
|player|p2|
