|j|☆caijin
|j|☆mastermind_mohit
|t:|1760844757
|gametype|singles
|player|p1|caijin|bianca|1036
|player|p2|mastermind_mohit|swimmerf-gen4dp|1024
|gen|9
|tier|[Gen 9] OU
|rated|
|rule|HP Percentage Mod: HP is shown in percentages
|rule|Endless Battle Clause: Forcing endless battles is banned
|rule|Species Clause: Limit one of each Pokémon
|rule|OHKO Clause: OHKO moves are banned
|rule|Evasion Items Clause: Evasion items are banned
|rule|Evasion Moves Clause: Evasion moves are banned
|rule|Evasion Abilities Clause: Evasion abilities are banned
|rule|Sleep Moves Clause: Sleep-inducing moves are banned
|clearpoke
|poke|p1|Serperior, F|
|poke|p1|Meowstic, M|
|poke|p1|Chandelure, M|
|poke|p1|Pawmot, F|
|poke|p1|Noivern, M|
|poke|p1|Florges-Blue, F|
|poke|p2|Ogerpon-Cornerstone, F|
|poke|p2|Kingambit, F|
|poke|p2|Honchkrow, M|
|poke|p2|Enamorus, F|
|poke|p2|Corviknight, M|
|poke|p2|Regidrago|
|teampreview
|inactive|Battle timer is ON: inactive players will automatically lose when time's up. (requested by caijin)
|
|t:|1760844771
|teamsize|p1|6
|teamsize|p2|6
|start
|switch|p1a: Apricot|Pawmot, F|100/100
|switch|p2a: Kingambit|Kingambit, F|100/100
|turn|1
|
|t:|1760844779
|move|p1a: Apricot|Close Combat|p2a: Kingambit
|-supereffective|p2a: Kingambit
|-damage|p2a: Kingambit|0 fnt
|-unboost|p1a: Apricot|def|1
|-unboost|p1a: Apricot|spd|1
|faint|p2a: Kingambit
|-end|p2a: Kingambit|fallenundefined|[silent]
|
|upkeep
|
|t:|1760844786
|switch|p2a: Honchkrow|Honchkrow, M|100/100
|turn|2
|
|t:|1760844792
|move|p2a: Honchkrow|Sucker Punch|p1a: Apricot
|-resisted|p1a: Apricot
|-damage|p1a: Apricot|63/100
|move|p1a: Apricot|Double Shock|p2a: Honchkrow
|-supereffective|p2a: Honchkrow
|-damage|p2a: Honchkrow|0 fnt
|-start|p1a: Apricot|typechange|???/Fighting|[from] move: Double Shock
|faint|p2a: Honchkrow
|
|upkeep
|
|t:|1760844803
|switch|p2a: Ogerpon|Ogerpon-Cornerstone, F|100/100
|turn|3
|
|t:|1760844809
|switch|p1a: Mirror|Meowstic, M|100/100
|-terastallize|p2a: Ogerpon|Rock
|detailschange|p2a: Ogerpon|Ogerpon-Cornerstone-Tera, F, tera:Rock
|-ability|p2a: Ogerpon|Embody Aspect (Cornerstone)|boost
|-boost|p2a: Ogerpon|def|1
|move|p2a: Ogerpon|Swords Dance|p2a: Ogerpon
|-boost|p2a: Ogerpon|atk|2
|
|upkeep
|turn|4
|
|t:|1760844820
|move|p1a: Mirror|Thunder Wave|p2a: Ogerpon
|-status|p2a: Ogerpon|par
|move|p2a: Ogerpon|Ivy Cudgel|p1a: Mirror|[anim] Ivy Cudgel Rock
|-damage|p1a: Mirror|0 fnt
|faint|p1a: Mirror
|
|upkeep
|
|t:|1760844829
|switch|p1a: Camellia|Serperior, F|100/100
|turn|5
|
|t:|1760844833
|move|p1a: Camellia|Coil|p1a: Camellia
|-boost|p1a: Camellia|atk|1
|-boost|p1a: Camellia|def|1
|-boost|p1a: Camellia|accuracy|1
|move|p2a: Ogerpon|Ivy Cudgel|p1a: Camellia|[anim] Ivy Cudgel Rock
|-damage|p1a: Camellia|0 fnt
|faint|p1a: Camellia
|
|upkeep
|
|t:|1760844843
|switch|p1a: Apricot|Pawmot, F|63/100
|turn|6
|
|t:|1760844847
|move|p1a: Apricot|Close Combat|p2a: Ogerpon
|-supereffective|p2a: Ogerpon
|-damage|p2a: Ogerpon|4/100 par
|-unboost|p1a: Apricot|def|1
|-unboost|p1a: Apricot|spd|1
|cant|p2a: Ogerpon|par
|
|upkeep
|turn|7
|
|t:|1760844860
|move|p1a: Apricot|Mach Punch|p2a: Ogerpon
|-supereffective|p2a: Ogerpon
|-damage|p2a: Ogerpon|0 fnt
|faint|p2a: Ogerpon
|detailschange|p2: Ogerpon|Ogerpon-Cornerstone, F|[silent]
|
|upkeep
|
|t:|1760844866
|switch|p2a: Corviknight|Corviknight, M|100/100
|-ability|p2a: Corviknight|Pressure
|turn|8
|
|t:|1760844872
|switch|p1a: Shyouko|Chandelure, M|100/100
|move|p2a: Corviknight|Steel Wing|p1a: Shyouko
|-resisted|p1a: Shyouko
|-damage|p1a: Shyouko|83/100
|
|upkeep
|turn|9
|
|t:|1760844883
|move|p1a: Shyouko|Overheat|p2a: Corviknight
|-supereffective|p2a: Corviknight
|-damage|p2a: Corviknight|0 fnt
|-unboost|p1a: Shyouko|spa|2
|faint|p2a: Corviknight
|
|upkeep
|
|t:|1760844891
|switch|p2a: Regidrago|Regidrago|100/100
|turn|10
|
|t:|1760844897
|switch|p1a: Lisianthus|Florges-Blue, F|100/100
|move|p2a: Regidrago|Dragon Energy|p1a: Lisianthus
|-immune|p1a: Lisianthus
|
|upkeep
|turn|11
|
|t:|1760844905
|move|p2a: Regidrago|Explosion|p1a: Lisianthus
|-damage|p1a: Lisianthus|11/100
|faint|p2a: Regidrago
|move|p1a: Lisianthus|Moonblast|p2: Regidrago|[notarget]
|-fail|p1a: Lisianthus
|
|upkeep
|
|t:|1760844913
|switch|p2a: Enamorus|Enamorus, F|100/100
|turn|12
|
|t:|1760844917
|move|p2a: Enamorus|Draining Kiss|p1a: Lisianthus
|-damage|p1a: Lisianthus|0 fnt
|faint|p1a: Lisianthus
|
|upkeep
|
|t:|1760844930
|switch|p1a: Apricot|Pawmot, F|63/100
|turn|13
|
|t:|1760844934
|-terastallize|p1a: Apricot|Electric
|move|p1a: Apricot|Double Shock|p2a: Enamorus
|-supereffective|p2a: Enamorus
|-damage|p2a: Enamorus|0 fnt
|-start|p1a: Apricot|typechange|Electric|[from] move: Double Shock
|faint|p2a: Enamorus
|
|win|caijin
|raw|caijin's rating: 1036 &rarr; <strong>1069</strong><br />(+33 for winning)
|raw|mastermind_mohit's rating: 1024 &rarr; <strong>1011</strong><br />(-13 for losing)
|l|☆mastermind_mohit
|player|p2|
