|j|☆Dr.G0onar
|j|☆boldenhauer
|t:|1760738632
|gametype|singles
|player|p1|Dr.G0onar|169|1404
|player|p2|boldenhauer|265|1419
|gen|9
|tier|[Gen 9] OU
|rated|
|rule|HP Percentage Mod: HP is shown in percentages
|rule|Endless Battle Clause: Forcing endless battles is banned
|rule|Species Clause: Limit one of each Pokémon
|rule|OHKO Clause: OHKO moves are banned
|rule|Evasion Items Clause: Evasion items are banned
|rule|Evasion Moves Clause: Evasion moves are banned
|rule|Evasion Abilities Clause: Evasion abilities are banned
|rule|Sleep Moves Clause: Sleep-inducing moves are banned
|clearpoke
|poke|p1|Dragonite, F|
|poke|p1|Gliscor, M|
|poke|p1|Ninetales-Alola, F|
|poke|p1|Blastoise, F|
|poke|p1|Corviknight, F|
|poke|p1|Skeledirge, F|
|poke|p2|Tinkaton, F|
|poke|p2|Zapdos-Galar|
|poke|p2|Kyurem|
|poke|p2|Ting-Lu|
|poke|p2|Gholdengo|
|poke|p2|Morpeko, M|
|teampreview
|
|t:|1760738637
|teamsize|p1|6
|teamsize|p2|6
|start
|switch|p1a: Gliscor|Gliscor, M|100/100
|switch|p2a: Morpeko|Morpeko, M|100/100
|turn|1
|
|t:|1760738643
|move|p2a: Morpeko|Knock Off|p1a: Gliscor
|-damage|p1a: Gliscor|73/100
|-enditem|p1a: Gliscor|Toxic Orb|[from] move: Knock Off|[of] p2a: Morpeko
|move|p1a: Gliscor|Toxic|p2a: Morpeko
|-status|p2a: Morpeko|tox
|
|-damage|p2a: Morpeko|94/100 tox|[from] psn
|-formechange|p2a: Morpeko|Morpeko-Hangry||[from] ability: Hunger Switch
|upkeep
|turn|2
|
|t:|1760738646
|move|p1a: Gliscor|Protect|p1a: Gliscor
|-singleturn|p1a: Gliscor|Protect
|move|p2a: Morpeko|Aura Wheel|p1a: Gliscor
|-activate|p1a: Gliscor|move: Protect
|
|-damage|p2a: Morpeko|82/100 tox|[from] psn
|-formechange|p2a: Morpeko|Morpeko||[from] ability: Hunger Switch
|upkeep
|turn|3
|
|t:|1760738652
|switch|p2a: Tinkaton|Tinkaton, F|100/100
|-ability|p2a: Tinkaton|Mold Breaker
|-item|p2a: Tinkaton|Air Balloon
|move|p1a: Gliscor|Stealth Rock|p2a: Tinkaton
|-sidestart|p2: boldenhauer|move: Stealth Rock
|
|upkeep
|turn|4
|
|t:|1760738661
|switch|p1a: Skeledirge|Skeledirge, F|100/100
|move|p2a: Tinkaton|Stealth Rock|p1a: Skeledirge
|-sidestart|p1: Dr.G0onar|move: Stealth Rock
|
|upkeep
|turn|5
|
|t:|1760738665
|move|p2a: Tinkaton|Knock Off|p1a: Skeledirge
|-supereffective|p1a: Skeledirge
|-damage|p1a: Skeledirge|78/100
|-enditem|p1a: Skeledirge|Heavy-Duty Boots|[from] move: Knock Off|[of] p2a: Tinkaton
|move|p1a: Skeledirge|Torch Song|p2a: Tinkaton
|-supereffective|p2a: Tinkaton
|-damage|p2a: Tinkaton|52/100
|-boost|p1a: Skeledirge|spa|1
|-enditem|p2a: Tinkaton|Air Balloon
|
|upkeep
|turn|6
|
|t:|1760738668
|move|p2a: Tinkaton|Encore|p1a: Skeledirge
|-start|p1a: Skeledirge|Encore
|move|p1a: Skeledirge|Torch Song|p2a: Tinkaton
|-supereffective|p2a: Tinkaton
|-damage|p2a: Tinkaton|0 fnt
|-boost|p1a: Skeledirge|spa|1
|faint|p2a: Tinkaton
|
|upkeep
|
|t:|1760738673
|switch|p2a: Ting-Lu|Ting-Lu|100/100
|-damage|p2a: Ting-Lu|94/100|[from] Stealth Rock
|-ability|p2a: Ting-Lu|Vessel of Ruin
|turn|7
|
|t:|1760738678
|move|p1a: Skeledirge|Torch Song|p2a: Ting-Lu
|-damage|p2a: Ting-Lu|59/100
|-boost|p1a: Skeledirge|spa|1
|move|p2a: Ting-Lu|Whirlwind|p1a: Skeledirge
|drag|p1a: Dragonite|Dragonite, F|100/100
|
|upkeep
|turn|8
|
|t:|1760738687
|move|p1a: Dragonite|Earthquake|p2a: Ting-Lu
|-damage|p2a: Ting-Lu|42/100
|move|p2a: Ting-Lu|Ruination|p1a: Dragonite|[miss]
|-miss|p2a: Ting-Lu|p1a: Dragonite
|
|upkeep
|turn|9
|
|t:|1760738696
|move|p1a: Dragonite|Earthquake|p2a: Ting-Lu
|-damage|p2a: Ting-Lu|26/100
|move|p2a: Ting-Lu|Ruination|p1a: Dragonite|[miss]
|-miss|p2a: Ting-Lu|p1a: Dragonite
|
|upkeep
|turn|10
|
|t:|1760738704
|move|p1a: Dragonite|Earthquake|p2a: Ting-Lu
|-damage|p2a: Ting-Lu|9/100
|move|p2a: Ting-Lu|Ruination|p1a: Dragonite
|-damage|p1a: Dragonite|51/100
|
|upkeep
|turn|11
|
|t:|1760738709
|move|p1a: Dragonite|Earthquake|p2a: Ting-Lu
|-crit|p2a: Ting-Lu
|-damage|p2a: Ting-Lu|0 fnt
|faint|p2a: Ting-Lu
|
|upkeep
|
|t:|1760738711
|switch|p2a: Kyurem|Kyurem|100/100
|-damage|p2a: Kyurem|76/100|[from] Stealth Rock
|-ability|p2a: Kyurem|Pressure
|turn|12
|
|t:|1760738713
|move|p1a: Dragonite|Extreme Speed|p2a: Kyurem
|-damage|p2a: Kyurem|55/100
|move|p2a: Kyurem|Dragon Dance|p2a: Kyurem
|-boost|p2a: Kyurem|atk|1
|-boost|p2a: Kyurem|spe|1
|
|-heal|p2a: Kyurem|61/100|[from] item: Leftovers
|upkeep
|turn|13
|
|t:|1760738721
|move|p1a: Dragonite|Extreme Speed|p2a: Kyurem
|-damage|p2a: Kyurem|38/100
|move|p2a: Kyurem|Substitute|p2a: Kyurem
|-start|p2a: Kyurem|Substitute
|-damage|p2a: Kyurem|13/100
|
|-heal|p2a: Kyurem|20/100|[from] item: Leftovers
|upkeep
|turn|14
|
|t:|1760738730
|-terastallize|p1a: Dragonite|Normal
|move|p2a: Kyurem|Protect|p2a: Kyurem
|-singleturn|p2a: Kyurem|Protect
|move|p1a: Dragonite|Extreme Speed|p2a: Kyurem
|-activate|p2a: Kyurem|move: Protect
|
|-heal|p2a: Kyurem|26/100|[from] item: Leftovers
|upkeep
|turn|15
|
|t:|1760738736
|move|p1a: Dragonite|Extreme Speed|p2a: Kyurem
|-end|p2a: Kyurem|Substitute
|move|p2a: Kyurem|Substitute|p2a: Kyurem
|-start|p2a: Kyurem|Substitute
|-damage|p2a: Kyurem|1/100
|
|-heal|p2a: Kyurem|7/100|[from] item: Leftovers
|upkeep
|turn|16
|
|t:|1760738742
|move|p2a: Kyurem|Protect|p2a: Kyurem
|-singleturn|p2a: Kyurem|Protect
|move|p1a: Dragonite|Earthquake|p2a: Kyurem
|-activate|p2a: Kyurem|move: Protect
|
|-heal|p2a: Kyurem|13/100|[from] item: Leftovers
|upkeep
|turn|17
|
|t:|1760738747
|move|p2a: Kyurem|Icicle Spear|p1a: Dragonite
|-damage|p1a: Dragonite|32/100
|-damage|p1a: Dragonite|14/100
|-damage|p1a: Dragonite|0 fnt
|faint|p1a: Dragonite
|-hitcount|p1: Dragonite|3
|
|-heal|p2a: Kyurem|19/100|[from] item: Leftovers
|upkeep
|
|t:|1760738752
|switch|p1a: Skeledirge|Skeledirge, F|78/100
|-damage|p1a: Skeledirge|53/100|[from] Stealth Rock
|turn|18
|
|t:|1760738757
|move|p2a: Kyurem|Icicle Spear|p1a: Skeledirge
|-resisted|p1a: Skeledirge
|-damage|p1a: Skeledirge|49/100
|-resisted|p1a: Skeledirge
|-damage|p1a: Skeledirge|46/100
|-hitcount|p1a: Skeledirge|2
|move|p1a: Skeledirge|Torch Song|p2a: Kyurem
|-damage|p2a: Kyurem|0 fnt
|-boost|p1a: Skeledirge|spa|1
|faint|p2a: Kyurem
|
|upkeep
|
|t:|1760738762
|switch|p2a: Gholdengo|Gholdengo|100/100
|-damage|p2a: Gholdengo|94/100|[from] Stealth Rock
|-item|p2a: Gholdengo|Air Balloon
|turn|19
|
|t:|1760738767
|move|p2a: Gholdengo|Shadow Ball|p1a: Skeledirge
|-supereffective|p1a: Skeledirge
|-damage|p1a: Skeledirge|0 fnt
|faint|p1a: Skeledirge
|
|upkeep
|
|t:|1760738773
|switch|p1a: Ninetales|Ninetales-Alola, F|100/100
|-damage|p1a: Ninetales|76/100|[from] Stealth Rock
|-weather|Snowscape|[from] ability: Snow Warning|[of] p1a: Ninetales
|turn|20
|inactive|Battle timer is ON: inactive players will automatically lose when time's up. (requested by Dr.G0onar)
|
|t:|1760738823
|move|p1a: Ninetales|Aurora Veil|p1a: Ninetales
|-sidestart|p1: Dr.G0onar|move: Aurora Veil
|move|p2a: Gholdengo|Make It Rain|p1a: Ninetales
|-supereffective|p1a: Ninetales
|-damage|p1a: Ninetales|0 fnt
|-unboost|p2a: Gholdengo|spa|1
|faint|p1a: Ninetales
|
|-weather|Snowscape|[upkeep]
|upkeep
|
|t:|1760738832
|switch|p1a: Blastoise|Blastoise, F|100/100
|-damage|p1a: Blastoise|88/100|[from] Stealth Rock
|turn|21
|
|t:|1760738835
|move|p1a: Blastoise|Shell Smash|p1a: Blastoise
|-unboost|p1a: Blastoise|def|1
|-unboost|p1a: Blastoise|spd|1
|-boost|p1a: Blastoise|atk|2
|-boost|p1a: Blastoise|spa|2
|-boost|p1a: Blastoise|spe|2
|-enditem|p1a: Blastoise|White Herb
|-clearnegativeboost|p1a: Blastoise|[silent]
|move|p2a: Gholdengo|Nasty Plot|p2a: Gholdengo
|-boost|p2a: Gholdengo|spa|2
|
|-weather|Snowscape|[upkeep]
|upkeep
|turn|22
|
|t:|1760738843
|move|p1a: Blastoise|Surf|p2a: Gholdengo
|-damage|p2a: Gholdengo|25/100
|-enditem|p2a: Gholdengo|Air Balloon
|move|p2a: Gholdengo|Shadow Ball|p1a: Blastoise
|-damage|p1a: Blastoise|50/100
|
|-weather|Snowscape|[upkeep]
|upkeep
|turn|23
|
|t:|1760738850
|move|p1a: Blastoise|Surf|p2a: Gholdengo
|-damage|p2a: Gholdengo|0 fnt
|faint|p2a: Gholdengo
|
|-weather|Snowscape|[upkeep]
|upkeep
|
|t:|1760738854
|switch|p2a: Zapdos|Zapdos-Galar|100/100
|-damage|p2a: Zapdos|88/100|[from] Stealth Rock
|turn|24
|
|t:|1760738858
|move|p1a: Blastoise|Ice Beam|p2a: Zapdos
|-supereffective|p2a: Zapdos
|-damage|p2a: Zapdos|0 fnt
|faint|p2a: Zapdos
|
|-weather|none
|upkeep
|
|t:|1760738866
|switch|p2a: Morpeko|Morpeko, M|82/100 tox
|-damage|p2a: Morpeko|69/100 tox|[from] Stealth Rock
|turn|25
|
|t:|1760738868
|move|p1a: Blastoise|Surf|p2a: Morpeko
|-damage|p2a: Morpeko|0 fnt
|faint|p2a: Morpeko
|
|win|Dr.G0onar
|raw|Dr.G0onar's rating: 1404 &rarr; <strong>1425</strong><br />(+21 for winning)
|raw|boldenhauer's rating: 1419 &rarr; <strong>1398</strong><br />(-21 for losing)
|l|☆boldenhauer
|player|p2|
|l|☆Dr.G0onar
|player|p1|
