|j|☆Thatgenyou
|j|☆BigJulius
|t:|1760729264
|gametype|singles
|player|p1|Thatgenyou|101|1386
|player|p2|BigJulius|266|1436
|gen|9
|tier|[Gen 9] OU
|rated|
|rule|HP Percentage Mod: HP is shown in percentages
|rule|Endless Battle Clause: Forcing endless battles is banned
|rule|Species Clause: Limit one of each Pokémon
|rule|OHKO Clause: OHKO moves are banned
|rule|Evasion Items Clause: Evasion items are banned
|rule|Evasion Moves Clause: Evasion moves are banned
|rule|Evasion Abilities Clause: Evasion abilities are banned
|rule|Sleep Moves Clause: Sleep-inducing moves are banned
|clearpoke
|poke|p1|Garchomp, F|
|poke|p1|Great Tusk|
|poke|p1|Iron Valiant|
|poke|p1|Ogerpon-Wellspring, F|
|poke|p1|Slowking-Galar, L99, M|
|poke|p1|Rotom-Heat|
|poke|p2|Clodsire, F|
|poke|p2|Rillaboom, M|
|poke|p2|Mandibuzz, F|
|poke|p2|Skeledirge, F|
|poke|p2|Zapdos|
|poke|p2|Rampardos, M|
|teampreview
|inactive|Battle timer is ON: inactive players will automatically lose when time's up. (requested by BigJulius)
|inactive|Thatgenyou has 120 seconds left.
|
|t:|1760729309
|teamsize|p1|6
|teamsize|p2|6
|start
|switch|p1a: Great Tusk|Great Tusk|100/100
|switch|p2a: Zapdos|Zapdos|100/100
|-ability|p2a: Zapdos|Pressure
|turn|1
|
|t:|1760729330
|-end|p1a: Great Tusk|Protosynthesis|[silent]
|switch|p1a: Slowking|Slowking-Galar, L99, M|100/100
|move|p2a: Zapdos|Hurricane|p1a: Slowking
|-damage|p1a: Slowking|69/100
|
|upkeep
|turn|2
|
|t:|1760729338
|move|p2a: Zapdos|Volt Switch|p1a: Slowking
|-damage|p1a: Slowking|49/100
|
|t:|1760729345
|switch|p2a: Rampardos|Rampardos, M|100/100|[from] Volt Switch
|-prepare|p1a: Slowking|Chilly Reception|[premajor]
|move|p1a: Slowking|Chilly Reception|p1a: Slowking
|-weather|Snowscape
|
|t:|1760729358
|switch|p1a: Great Tusk|Great Tusk|100/100|[from] Chilly Reception
|
|-weather|Snowscape|[upkeep]
|upkeep
|turn|3
|
|t:|1760729364
|switch|p2a: Mandibuzz|Mandibuzz, F|100/100
|move|p1a: Great Tusk|Headlong Rush|p2a: Mandibuzz
|-immune|p2a: Mandibuzz
|
|-weather|Snowscape|[upkeep]
|upkeep
|turn|4
|
|t:|1760729369
|move|p1a: Great Tusk|Stealth Rock|p2a: Mandibuzz
|-sidestart|p2: BigJulius|move: Stealth Rock
|move|p2a: Mandibuzz|U-turn|p1a: Great Tusk
|-resisted|p1a: Great Tusk
|-damage|p1a: Great Tusk|97/100
|-damage|p2a: Mandibuzz|84/100|[from] item: Rocky Helmet|[of] p1a: Great Tusk
|
|t:|1760729376
|switch|p2a: Rillaboom|Rillaboom, M|100/100|[from] U-turn
|-damage|p2a: Rillaboom|88/100|[from] Stealth Rock
|-fieldstart|move: Grassy Terrain|[from] ability: Grassy Surge|[of] p2a: Rillaboom
|
|-weather|Snowscape|[upkeep]
|-heal|p1a: Great Tusk|100/100|[from] Grassy Terrain
|-heal|p2a: Rillaboom|94/100|[from] Grassy Terrain
|upkeep
|turn|5
|
|t:|1760729383
|-end|p1a: Great Tusk|Protosynthesis|[silent]
|switch|p1a: Rotom|Rotom-Heat|100/100
|move|p2a: Rillaboom|Wood Hammer|p1a: Rotom
|-resisted|p1a: Rotom
|-damage|p1a: Rotom|44/100
|-damage|p2a: Rillaboom|78/100|[from] Recoil
|
|-weather|Snowscape|[upkeep]
|-heal|p2a: Rillaboom|84/100|[from] Grassy Terrain
|upkeep
|turn|6
|
|t:|1760729396
|switch|p2a: Clodsire|Clodsire, F, shiny|100/100
|-damage|p2a: Clodsire|94/100|[from] Stealth Rock
|move|p1a: Rotom|Overheat|p2a: Clodsire
|-damage|p2a: Clodsire|43/100
|-unboost|p1a: Rotom|spa|2
|
|-weather|none
|-heal|p2a: Clodsire|49/100|[from] Grassy Terrain
|-heal|p2a: Clodsire|55/100|[from] item: Leftovers
|upkeep
|turn|7
|
|t:|1760729405
|switch|p1a: Slowking|Slowking-Galar, L99, M|82/100
|move|p2a: Clodsire|Recover|p2a: Clodsire
|-heal|p2a: Clodsire|100/100
|
|-heal|p1a: Slowking|88/100|[from] Grassy Terrain
|upkeep
|turn|8
|
|t:|1760729410
|move|p2a: Clodsire|High Horsepower|p1a: Slowking
|-supereffective|p1a: Slowking
|-damage|p1a: Slowking|34/100
|move|p1a: Slowking|Future Sight|p2a: Clodsire
|-start|p1a: Slowking|move: Future Sight
|
|-heal|p1a: Slowking|40/100|[from] Grassy Terrain
|-fieldend|move: Grassy Terrain
|upkeep
|turn|9
|
|t:|1760729422
|switch|p1a: Rotom|Rotom-Heat|44/100
|move|p2a: Clodsire|Haze|p2a: Clodsire
|-clearallboost
|
|upkeep
|turn|10
|
|t:|1760729438
|move|p1a: Rotom|Overheat|p2a: Clodsire
|-damage|p2a: Clodsire|51/100
|-unboost|p1a: Rotom|spa|2
|move|p2a: Clodsire|Toxic|p1a: Rotom
|-status|p1a: Rotom|tox
|
|-end|p2a: Clodsire|move: Future Sight
|-supereffective|p2a: Clodsire
|-damage|p2a: Clodsire|2/100
|-heal|p2a: Clodsire|8/100|[from] item: Leftovers
|-damage|p1a: Rotom|38/100 tox|[from] psn
|upkeep
|turn|11
|c|☆BigJulius|Fuuuck missclicked
|
|t:|1760729448
|move|p1a: Rotom|Overheat|p2a: Clodsire|[miss]
|-miss|p1a: Rotom|p2a: Clodsire
|move|p2a: Clodsire|Recover|p2a: Clodsire
|-heal|p2a: Clodsire|58/100
|
|-heal|p2a: Clodsire|65/100|[from] item: Leftovers
|-damage|p1a: Rotom|27/100 tox|[from] psn
|upkeep
|turn|12
|
|t:|1760729453
|switch|p1a: Slowking|Slowking-Galar, L99, M|74/100
|move|p2a: Clodsire|Recover|p2a: Clodsire
|-heal|p2a: Clodsire|100/100
|
|upkeep
|turn|13
|
|t:|1760729464
|move|p2a: Clodsire|High Horsepower|p1a: Slowking
|-supereffective|p1a: Slowking
|-damage|p1a: Slowking|17/100
|-prepare|p1a: Slowking|Chilly Reception|[premajor]
|move|p1a: Slowking|Chilly Reception|p1a: Slowking
|-weather|Snowscape
|
|t:|1760729468
|switch|p1a: Great Tusk|Great Tusk|100/100|[from] Chilly Reception
|
|-weather|Snowscape|[upkeep]
|upkeep
|turn|14
|
|t:|1760729474
|switch|p2a: Mandibuzz|Mandibuzz, F|84/100
|move|p1a: Great Tusk|Headlong Rush|p2a: Mandibuzz
|-immune|p2a: Mandibuzz
|
|-weather|Snowscape|[upkeep]
|upkeep
|turn|15
|
|t:|1760729478
|move|p1a: Great Tusk|Ice Spinner|p2a: Mandibuzz
|-supereffective|p2a: Mandibuzz
|-damage|p2a: Mandibuzz|52/100
|move|p2a: Mandibuzz|Defog|p1a: Great Tusk
|-unboost|p1a: Great Tusk|evasion|1
|-sideend|p2: BigJulius|Stealth Rock|[from] move: Defog|[of] p2a: Mandibuzz
|
|-weather|Snowscape|[upkeep]
|upkeep
|turn|16
|
|t:|1760729484
|move|p1a: Great Tusk|Stealth Rock|p2a: Mandibuzz
|-sidestart|p2: BigJulius|move: Stealth Rock
|move|p2a: Mandibuzz|Roost|p2a: Mandibuzz
|-heal|p2a: Mandibuzz|100/100
|-singleturn|p2a: Mandibuzz|move: Roost
|
|-weather|Snowscape|[upkeep]
|upkeep
|turn|17
|
|t:|1760729489
|move|p1a: Great Tusk|Ice Spinner|p2a: Mandibuzz
|-supereffective|p2a: Mandibuzz
|-damage|p2a: Mandibuzz|66/100
|move|p2a: Mandibuzz|Defog|p1a: Great Tusk
|-unboost|p1a: Great Tusk|evasion|1
|-sideend|p2: BigJulius|Stealth Rock|[from] move: Defog|[of] p2a: Mandibuzz
|
|-weather|none
|upkeep
|turn|18
|
|t:|1760729495
|move|p1a: Great Tusk|Ice Spinner|p2a: Mandibuzz
|-supereffective|p2a: Mandibuzz
|-damage|p2a: Mandibuzz|29/100
|move|p2a: Mandibuzz|Foul Play|p1a: Great Tusk
|-resisted|p1a: Great Tusk
|-damage|p1a: Great Tusk|84/100
|-damage|p2a: Mandibuzz|13/100|[from] item: Rocky Helmet|[of] p1a: Great Tusk
|
|upkeep
|turn|19
|
|t:|1760729503
|switch|p2a: Skeledirge|Skeledirge, F|100/100
|move|p1a: Great Tusk|Ice Spinner|p2a: Skeledirge
|-resisted|p2a: Skeledirge
|-damage|p2a: Skeledirge|92/100
|-damage|p1a: Great Tusk|67/100|[from] item: Rocky Helmet|[of] p2a: Skeledirge
|
|upkeep
|turn|20
|
|t:|1760729515
|switch|p2a: Zapdos|Zapdos|100/100
|-ability|p2a: Zapdos|Pressure
|move|p1a: Great Tusk|Headlong Rush|p2a: Zapdos
|-immune|p2a: Zapdos
|
|upkeep
|turn|21
|
|t:|1760729523
|-end|p1a: Great Tusk|Protosynthesis|[silent]
|switch|p1a: Slowking|Slowking-Galar, L99, M|50/100
|move|p2a: Zapdos|Hurricane|p1a: Slowking|[miss]
|-miss|p2a: Zapdos|p1a: Slowking
|
|upkeep
|turn|22
|
|t:|1760729531
|switch|p1a: Rotom|Rotom-Heat|27/100 tox
|move|p2a: Zapdos|Hurricane|p1a: Rotom
|-resisted|p1a: Rotom
|-damage|p1a: Rotom|0 fnt
|faint|p1a: Rotom
|
|upkeep
|
|t:|1760729546
|switch|p1a: Garchomp|Garchomp, F, shiny|100/100
|turn|23
|
|t:|1760729549
|-terastallize|p2a: Zapdos|Ice
|move|p2a: Zapdos|Tera Blast|p1a: Garchomp|[anim] Tera Blast Ice
|-supereffective|p1a: Garchomp
|-damage|p1a: Garchomp|0 fnt
|faint|p1a: Garchomp
|
|upkeep
|
|t:|1760729562
|switch|p1a: Slowking|Slowking-Galar, L99, M|84/100
|turn|24
|
|t:|1760729568
|move|p2a: Zapdos|Thunderbolt|p1a: Slowking
|-damage|p1a: Slowking|58/100
|move|p1a: Slowking|Future Sight|p2a: Zapdos
|-start|p1a: Slowking|move: Future Sight
|
|upkeep
|turn|25
|
|t:|1760729573
|move|p2a: Zapdos|Thunderbolt|p1a: Slowking
|-damage|p1a: Slowking|30/100
|move|p1a: Slowking|Thunder Wave|p2a: Zapdos
|-status|p2a: Zapdos|par
|
|upkeep
|turn|26
|
|t:|1760729579
|switch|p2a: Mandibuzz|Mandibuzz, F|13/100
|switch|p1a: Great Tusk|Great Tusk|67/100
|
|-end|p2a: Mandibuzz|move: Future Sight
|-immune|p2a: Mandibuzz
|upkeep
|turn|27
|
|t:|1760729583
|move|p1a: Great Tusk|Ice Spinner|p2a: Mandibuzz
|-supereffective|p2a: Mandibuzz
|-damage|p2a: Mandibuzz|0 fnt
|faint|p2a: Mandibuzz
|
|upkeep
|
|t:|1760729590
|switch|p2a: Rillaboom|Rillaboom, M|84/100
|-fieldstart|move: Grassy Terrain|[from] ability: Grassy Surge|[of] p2a: Rillaboom
|turn|28
|inactive|Thatgenyou has 120 seconds left.
|
|t:|1760729629
|-end|p1a: Great Tusk|Protosynthesis|[silent]
|switch|p1a: Slowking|Slowking-Galar, L99, M|64/100
|move|p2a: Rillaboom|Swords Dance|p2a: Rillaboom
|-boost|p2a: Rillaboom|atk|2
|
|-heal|p2a: Rillaboom|90/100|[from] Grassy Terrain
|-heal|p1a: Slowking|70/100|[from] Grassy Terrain
|upkeep
|turn|29
|inactive|Thatgenyou has 120 seconds left.
|
|t:|1760729637
|move|p2a: Rillaboom|Wood Hammer|p1a: Slowking
|-resisted|p1a: Slowking
|-damage|p1a: Slowking|0 fnt
|faint|p1a: Slowking
|-damage|p2a: Rillaboom|64/100|[from] Recoil
|
|-heal|p2a: Rillaboom|70/100|[from] Grassy Terrain
|upkeep
|inactive|Thatgenyou has 120 seconds left.
|
|t:|1760729645
|switch|p1a: Ogerpon|Ogerpon-Wellspring, F|100/100
|turn|30
|
|t:|1760729649
|move|p2a: Rillaboom|Grassy Glide|p1a: Ogerpon
|-damage|p1a: Ogerpon|0 fnt
|faint|p1a: Ogerpon
|
|-heal|p2a: Rillaboom|77/100|[from] Grassy Terrain
|upkeep
|
|t:|1760729664
|switch|p1a: Great Tusk|Great Tusk|67/100
|turn|31
|
|t:|1760729668
|move|p2a: Rillaboom|Grassy Glide|p1a: Great Tusk
|-supereffective|p1a: Great Tusk
|-damage|p1a: Great Tusk|0 fnt
|-damage|p2a: Rillaboom|60/100|[from] item: Rocky Helmet|[of] p1a: Great Tusk
|faint|p1a: Great Tusk
|-end|p1a: Great Tusk|Protosynthesis|[silent]
|
|-heal|p2a: Rillaboom|66/100|[from] Grassy Terrain
|upkeep
|
|t:|1760729670
|switch|p1a: Iron Valiant|Iron Valiant|100/100
|-enditem|p1a: Iron Valiant|Booster Energy
|-activate|p1a: Iron Valiant|ability: Quark Drive|[fromitem]
|-start|p1a: Iron Valiant|quarkdrivespe
|turn|32
|
|t:|1760729674
|move|p2a: Rillaboom|Grassy Glide|p1a: Iron Valiant
|-damage|p1a: Iron Valiant|0 fnt
|faint|p1a: Iron Valiant
|-end|p1a: Iron Valiant|Quark Drive|[silent]
|
|win|BigJulius
|raw|Thatgenyou's rating: 1386 &rarr; <strong>1369</strong><br />(-17 for losing)
|raw|BigJulius's rating: 1436 &rarr; <strong>1453</strong><br />(+17 for winning)
|l|☆Thatgenyou
|player|p1|
|l|☆BigJulius
|player|p2|
