|j|☆jpkeeks
|j|☆healboy009
|t:|1760869151
|gametype|singles
|player|p1|jpkeeks|266|1546
|player|p2|healboy009|backpacker|1481
|gen|9
|tier|[Gen 9] OU
|rated|
|rule|HP Percentage Mod: HP is shown in percentages
|rule|Endless Battle Clause: Forcing endless battles is banned
|rule|Species Clause: Limit one of each Pokémon
|rule|OHKO Clause: OHKO moves are banned
|rule|Evasion Items Clause: Evasion items are banned
|rule|Evasion Moves Clause: Evasion moves are banned
|rule|Evasion Abilities Clause: Evasion abilities are banned
|rule|Sleep Moves Clause: Sleep-inducing moves are banned
|clearpoke
|poke|p1|Meowscarada, F|
|poke|p1|Cinderace, M|
|poke|p1|Great Tusk|
|poke|p1|Ting-Lu|
|poke|p1|Latios, M|
|poke|p1|Pecharunt|
|poke|p2|Primarina, F|
|poke|p2|Ceruledge, M|
|poke|p2|Rillaboom, M|
|poke|p2|Garganacl, M|
|poke|p2|Zamazenta-*|
|poke|p2|Weezing-Galar, M|
|teampreview
|inactive|Battle timer is ON: inactive players will automatically lose when time's up. (requested by jpkeeks)
|
|t:|1760869168
|teamsize|p1|6
|teamsize|p2|6
|start
|switch|p1a: Latios|Latios, M|100/100
|switch|p2a: Rillaboom|Rillaboom, M|100/100
|turn|1
|
|t:|1760869176
|move|p1a: Latios|Luster Purge|p2a: Rillaboom
|-damage|p2a: Rillaboom|2/100
|-unboost|p2a: Rillaboom|spd|1
|-enditem|p2a: Rillaboom|Salac Berry|[eat]
|-boost|p2a: Rillaboom|spe|1|[from] item: Salac Berry
|move|p2a: Rillaboom|Swords Dance|p2a: Rillaboom
|-boost|p2a: Rillaboom|atk|2
|
|upkeep
|turn|2
|
|t:|1760869183
|switch|p1a: Great Tusk|Great Tusk|100/100
|move|p2a: Rillaboom|Drum Beating|p1a: Great Tusk
|-supereffective|p1a: Great Tusk
|-damage|p1a: Great Tusk|0 fnt
|faint|p1a: Great Tusk
|-end|p1a: Great Tusk|Protosynthesis|[silent]
|
|upkeep
|
|t:|1760869187
|switch|p1a: Pecharunt|Pecharunt|100/100
|-item|p1a: Pecharunt|Air Balloon
|turn|3
|c|☆jpkeeks|wait
|
|t:|1760869193
|move|p2a: Rillaboom|Drum Beating|p1a: Pecharunt
|-resisted|p1a: Pecharunt
|-damage|p1a: Pecharunt|64/100
|-unboost|p1a: Pecharunt|spe|1
|-enditem|p1a: Pecharunt|Air Balloon
|move|p1a: Pecharunt|Shadow Ball|p2a: Rillaboom
|-damage|p2a: Rillaboom|0 fnt
|faint|p2a: Rillaboom
|
|upkeep
|c|☆jpkeeks|i misclicked
|c|☆jpkeeks|omg
|c|☆jpkeeks|ok its all good
|
|t:|1760869216
|switch|p2a: Garganacl|Garganacl, M|100/100
|turn|4
|
|t:|1760869221
|move|p1a: Pecharunt|Parting Shot|p2a: Garganacl
|-unboost|p2a: Garganacl|atk|1
|-unboost|p2a: Garganacl|spa|1
|
|t:|1760869227
|switch|p1a: Meowscarada|Meowscarada, F|100/100|[from] Parting Shot
|move|p2a: Garganacl|Salt Cure|p1a: Meowscarada
|-damage|p1a: Meowscarada|87/100
|-start|p1a: Meowscarada|Salt Cure
|
|-damage|p1a: Meowscarada|75/100|[from] Salt Cure
|upkeep
|turn|5
|
|t:|1760869231
|move|p2a: Garganacl|Protect|p2a: Garganacl
|-singleturn|p2a: Garganacl|Protect
|move|p1a: Meowscarada|Knock Off|p2a: Garganacl
|-start|p1a: Meowscarada|typechange|Dark|[from] ability: Protean
|-activate|p2a: Garganacl|move: Protect
|
|-damage|p1a: Meowscarada|63/100|[from] Salt Cure
|upkeep
|turn|6
|
|t:|1760869236
|switch|p2a: Weezing|Weezing-Galar, M|100/100
|-ability|p2a: Weezing|Neutralizing Gas
|move|p1a: Meowscarada|Knock Off|p2a: Weezing
|-resisted|p2a: Weezing
|-damage|p2a: Weezing|82/100
|-enditem|p2a: Weezing|Heavy-Duty Boots|[from] move: Knock Off|[of] p1a: Meowscarada
|
|-damage|p1a: Meowscarada|50/100|[from] Salt Cure
|upkeep
|turn|7
|
|t:|1760869240
|switch|p1a: Ting-Lu|Ting-Lu|100/100
|move|p2a: Weezing|Will-O-Wisp|p1a: Ting-Lu
|-status|p1a: Ting-Lu|brn
|
|-damage|p1a: Ting-Lu|94/100 brn|[from] brn
|upkeep
|turn|8
|
|t:|1760869243
|move|p2a: Weezing|Pain Split|p1a: Ting-Lu
|-sethp|p1a: Ting-Lu|69/100 brn|[from] move: Pain Split|[silent]
|-sethp|p2a: Weezing|100/100|[from] move: Pain Split
|move|p1a: Ting-Lu|Spikes|p2a: Weezing
|-sidestart|p2: healboy009|Spikes
|
|-heal|p1a: Ting-Lu|75/100 brn|[from] item: Leftovers
|-damage|p1a: Ting-Lu|69/100 brn|[from] brn
|upkeep
|turn|9
|
|t:|1760869246
|switch|p1a: Latios|Latios, M|100/100
|move|p2a: Weezing|Defog|p1a: Latios
|-unboost|p1a: Latios|evasion|1
|-sideend|p2: healboy009|Spikes|[from] move: Defog|[of] p2a: Weezing
|
|upkeep
|turn|10
|
|t:|1760869254
|-end|p2a: Weezing|ability: Neutralizing Gas
|switch|p2a: Primarina|Primarina, F|100/100
|move|p1a: Latios|Luster Purge|p2a: Primarina
|-damage|p2a: Primarina|37/100
|-unboost|p2a: Primarina|spd|1
|
|upkeep
|turn|11
|
|t:|1760869264
|move|p1a: Latios|Luster Purge|p2a: Primarina
|-damage|p2a: Primarina|0 fnt
|faint|p2a: Primarina
|
|upkeep
|
|t:|1760869281
|switch|p2a: Ceruledge|Ceruledge, M, shiny|100/100
|turn|12
|
|t:|1760869291
|-terastallize|p1a: Latios|Steel
|move|p1a: Latios|Luster Purge|p2a: Ceruledge
|-damage|p2a: Ceruledge|17/100
|move|p2a: Ceruledge|Poltergeist|p1a: Latios
|-activate|p1a: Latios|move: Poltergeist|Choice Specs
|-crit|p1a: Latios
|-damage|p1a: Latios|0 fnt
|faint|p1a: Latios
|
|upkeep
|c|☆jpkeeks|fak
|c|☆jpkeeks|wow
|c|☆jpkeeks|tough
|
|t:|1760869304
|switch|p1a: Meowscarada|Meowscarada, F|50/100
|turn|13
|
|t:|1760869306
|move|p1a: Meowscarada|Knock Off|p2a: Ceruledge
|-start|p1a: Meowscarada|typechange|Dark|[from] ability: Protean
|-supereffective|p2a: Ceruledge
|-damage|p2a: Ceruledge|0 fnt
|-enditem|p2a: Ceruledge|Focus Sash|[from] move: Knock Off|[of] p1a: Meowscarada
|faint|p2a: Ceruledge
|
|upkeep
|
|t:|1760869310
|switch|p2a: Zamazenta|Zamazenta|100/100
|-ability|p2a: Zamazenta|Dauntless Shield|boost
|-boost|p2a: Zamazenta|def|1
|turn|14
|
|t:|1760869313
|switch|p1a: Ting-Lu|Ting-Lu|69/100 brn
|-ability|p1a: Ting-Lu|Vessel of Ruin
|move|p2a: Zamazenta|Iron Defense|p2a: Zamazenta
|-boost|p2a: Zamazenta|def|2
|
|-heal|p1a: Ting-Lu|75/100 brn|[from] item: Leftovers
|-damage|p1a: Ting-Lu|69/100 brn|[from] brn
|upkeep
|turn|15
|
|t:|1760869315
|move|p2a: Zamazenta|Body Press|p1a: Ting-Lu
|-supereffective|p1a: Ting-Lu
|-damage|p1a: Ting-Lu|0 fnt
|faint|p1a: Ting-Lu
|
|upkeep
|
|t:|1760869316
|switch|p1a: Pecharunt|Pecharunt|64/100
|turn|16
|
|t:|1760869322
|-terastallize|p2a: Zamazenta|Steel
|move|p2a: Zamazenta|Crunch|p1a: Pecharunt
|-supereffective|p1a: Pecharunt
|-damage|p1a: Pecharunt|30/100
|move|p1a: Pecharunt|Recover|p1a: Pecharunt
|-heal|p1a: Pecharunt|80/100
|
|upkeep
|turn|17
|
|t:|1760869326
|move|p2a: Zamazenta|Crunch|p1a: Pecharunt
|-supereffective|p1a: Pecharunt
|-damage|p1a: Pecharunt|43/100
|-unboost|p1a: Pecharunt|def|1
|move|p1a: Pecharunt|Shadow Ball|p2a: Zamazenta
|-damage|p2a: Zamazenta|81/100
|
|-heal|p2a: Zamazenta|87/100|[from] item: Leftovers
|upkeep
|turn|18
|
|t:|1760869329
|switch|p1a: Meowscarada|Meowscarada, F|50/100
|move|p2a: Zamazenta|Crunch|p1a: Meowscarada
|-resisted|p1a: Meowscarada
|-damage|p1a: Meowscarada|28/100
|-unboost|p1a: Meowscarada|def|1
|
|-heal|p2a: Zamazenta|94/100|[from] item: Leftovers
|upkeep
|turn|19
|
|t:|1760869331
|move|p1a: Meowscarada|Trick|p2a: Zamazenta
|-start|p1a: Meowscarada|typechange|Psychic|[from] ability: Protean
|-activate|p1a: Meowscarada|move: Trick|[of] p2a: Zamazenta
|-item|p2a: Zamazenta|Choice Scarf|[from] move: Trick
|-item|p1a: Meowscarada|Leftovers|[from] move: Trick
|move|p2a: Zamazenta|Body Press|p1a: Meowscarada
|-resisted|p1a: Meowscarada
|-damage|p1a: Meowscarada|0 fnt
|faint|p1a: Meowscarada
|
|upkeep
|
|t:|1760869333
|switch|p1a: Pecharunt|Pecharunt|43/100
|turn|20
|
|t:|1760869341
|switch|p2a: Garganacl|Garganacl, M|100/100
|move|p1a: Pecharunt|Recover|p1a: Pecharunt
|-heal|p1a: Pecharunt|93/100
|
|upkeep
|turn|21
|
|t:|1760869345
|move|p1a: Pecharunt|Shadow Ball|p2a: Garganacl
|-crit|p2a: Garganacl
|-damage|p2a: Garganacl|87/100
|move|p2a: Garganacl|Iron Defense|p2a: Garganacl
|-boost|p2a: Garganacl|def|2
|
|-heal|p2a: Garganacl|93/100|[from] item: Leftovers
|upkeep
|turn|22
|
|t:|1760869348
|move|p1a: Pecharunt|Parting Shot|p2a: Garganacl
|-unboost|p2a: Garganacl|atk|1
|-unboost|p2a: Garganacl|spa|1
|
|t:|1760869349
|switch|p1a: Cinderace|Cinderace, M|100/100|[from] Parting Shot
|move|p2a: Garganacl|Salt Cure|p1a: Cinderace
|-supereffective|p1a: Cinderace
|-damage|p1a: Cinderace|74/100
|-start|p1a: Cinderace|Salt Cure
|
|-heal|p2a: Garganacl|99/100|[from] item: Leftovers
|-damage|p1a: Cinderace|62/100|[from] Salt Cure
|upkeep
|turn|23
|
|t:|1760869354
|move|p1a: Cinderace|Low Kick|p2a: Garganacl
|-start|p1a: Cinderace|typechange|Fighting|[from] ability: Libero
|-supereffective|p2a: Garganacl
|-damage|p2a: Garganacl|43/100
|move|p2a: Garganacl|Salt Cure|p1a: Cinderace
|-resisted|p1a: Cinderace
|-damage|p1a: Cinderace|55/100
|
|-heal|p2a: Garganacl|49/100|[from] item: Leftovers
|-damage|p1a: Cinderace|42/100|[from] Salt Cure
|upkeep
|turn|24
|
|t:|1760869361
|switch|p1a: Pecharunt|Pecharunt|93/100
|move|p2a: Garganacl|Protect||[still]
|-fail|p2a: Garganacl
|
|-heal|p2a: Garganacl|55/100|[from] item: Leftovers
|upkeep
|turn|25
|
|t:|1760869364
|move|p1a: Pecharunt|Parting Shot|p2a: Garganacl
|-unboost|p2a: Garganacl|atk|1
|-unboost|p2a: Garganacl|spa|1
|
|t:|1760869365
|switch|p1a: Cinderace|Cinderace, M|42/100|[from] Parting Shot
|move|p2a: Garganacl|Recover|p2a: Garganacl
|-heal|p2a: Garganacl|100/100
|
|upkeep
|turn|26
|
|t:|1760869370
|move|p2a: Garganacl|Protect|p2a: Garganacl
|-singleturn|p2a: Garganacl|Protect
|move|p1a: Cinderace|Low Kick|p2a: Garganacl
|-start|p1a: Cinderace|typechange|Fighting|[from] ability: Libero
|-activate|p2a: Garganacl|move: Protect
|
|upkeep
|turn|27
|
|t:|1760869374
|switch|p2a: Weezing|Weezing-Galar, M|100/100
|-ability|p2a: Weezing|Neutralizing Gas
|move|p1a: Cinderace|Low Kick|p2a: Weezing
|-resisted|p2a: Weezing
|-damage|p2a: Weezing|95/100
|
|upkeep
|turn|28
|
|t:|1760869379
|switch|p1a: Pecharunt|Pecharunt|93/100
|move|p2a: Weezing|Will-O-Wisp|p1a: Pecharunt
|-status|p1a: Pecharunt|brn
|
|-damage|p1a: Pecharunt|87/100 brn|[from] brn
|upkeep
|turn|29
|
|t:|1760869382
|-end|p2a: Weezing|ability: Neutralizing Gas
|switch|p2a: Garganacl|Garganacl, M|100/100
|move|p1a: Pecharunt|Parting Shot|p2a: Garganacl
|-unboost|p2a: Garganacl|atk|1
|-unboost|p2a: Garganacl|spa|1
|
|t:|1760869383
|switch|p1a: Cinderace|Cinderace, M|42/100|[from] Parting Shot
|
|upkeep
|turn|30
|
|t:|1760869386
|move|p2a: Garganacl|Protect|p2a: Garganacl
|-singleturn|p2a: Garganacl|Protect
|move|p1a: Cinderace|Pyro Ball|p2a: Garganacl
|-activate|p2a: Garganacl|move: Protect
|
|upkeep
|turn|31
|
|t:|1760869393
|switch|p2a: Weezing|Weezing-Galar, M|95/100
|-ability|p2a: Weezing|Neutralizing Gas
|move|p1a: Cinderace|Pyro Ball|p2a: Weezing
|-damage|p2a: Weezing|23/100
|
|upkeep
|turn|32
|
|t:|1760869400
|switch|p1a: Pecharunt|Pecharunt|87/100 brn
|move|p2a: Weezing|Sludge Wave|p1a: Pecharunt
|-resisted|p1a: Pecharunt
|-damage|p1a: Pecharunt|79/100 brn
|
|-damage|p1a: Pecharunt|73/100 brn|[from] brn
|upkeep
|turn|33
|
|t:|1760869403
|move|p1a: Pecharunt|Parting Shot|p2a: Weezing
|-unboost|p2a: Weezing|atk|1
|-unboost|p2a: Weezing|spa|1
|
|t:|1760869404
|switch|p1a: Cinderace|Cinderace, M|42/100|[from] Parting Shot
|move|p2a: Weezing|Pain Split|p1a: Cinderace
|-sethp|p1a: Cinderace|32/100|[from] move: Pain Split|[silent]
|-sethp|p2a: Weezing|35/100|[from] move: Pain Split
|
|upkeep
|turn|34
|
|t:|1760869414
|move|p1a: Cinderace|U-turn|p2a: Weezing
|-resisted|p2a: Weezing
|-damage|p2a: Weezing|29/100
|
|t:|1760869414
|switch|p1a: Pecharunt|Pecharunt|73/100 brn|[from] U-turn
|move|p2a: Weezing|Sludge Wave|p1a: Pecharunt
|-resisted|p1a: Pecharunt
|-damage|p1a: Pecharunt|69/100 brn
|
|-damage|p1a: Pecharunt|63/100 brn|[from] brn
|upkeep
|turn|35
|
|t:|1760869419
|move|p1a: Pecharunt|Parting Shot|p2a: Weezing
|-unboost|p2a: Weezing|atk|1
|-unboost|p2a: Weezing|spa|1
|
|t:|1760869420
|switch|p1a: Cinderace|Cinderace, M|32/100|[from] Parting Shot
|move|p2a: Weezing|Sludge Wave|p1a: Cinderace
|-damage|p1a: Cinderace|11/100
|
|upkeep
|turn|36
|
|t:|1760869425
|move|p1a: Cinderace|Pyro Ball|p2a: Weezing
|-damage|p2a: Weezing|0 fnt
|faint|p2a: Weezing
|-end|p2a: Weezing|ability: Neutralizing Gas
|
|upkeep
|
|t:|1760869427
|switch|p2a: Garganacl|Garganacl, M|100/100
|turn|37
|
|t:|1760869429
|switch|p1a: Pecharunt|Pecharunt|63/100 brn
|move|p2a: Garganacl|Iron Defense|p2a: Garganacl
|-boost|p2a: Garganacl|def|2
|
|-damage|p1a: Pecharunt|56/100 brn|[from] brn
|upkeep
|turn|38
|
|t:|1760869431
|move|p1a: Pecharunt|Recover|p1a: Pecharunt
|-heal|p1a: Pecharunt|100/100 brn
|move|p2a: Garganacl|Iron Defense|p2a: Garganacl
|-boost|p2a: Garganacl|def|2
|
|-damage|p1a: Pecharunt|94/100 brn|[from] brn
|upkeep
|turn|39
|
|t:|1760869437
|move|p1a: Pecharunt|Shadow Ball|p2a: Garganacl
|-damage|p2a: Garganacl|92/100
|move|p2a: Garganacl|Salt Cure|p1a: Pecharunt
|-damage|p1a: Pecharunt|85/100 brn
|-start|p1a: Pecharunt|Salt Cure
|
|-heal|p2a: Garganacl|99/100|[from] item: Leftovers
|-damage|p1a: Pecharunt|79/100 brn|[from] brn
|-damage|p1a: Pecharunt|67/100 brn|[from] Salt Cure
|upkeep
|turn|40
|
|t:|1760869440
|move|p1a: Pecharunt|Parting Shot|p2a: Garganacl
|-unboost|p2a: Garganacl|atk|1
|-unboost|p2a: Garganacl|spa|1
|c|☆jpkeeks|that miss was too good gg
|c|☆jpkeeks|or cirt i mean
|-message|jpkeeks forfeited.
|
|win|healboy009
|raw|jpkeeks's rating: 1546 &rarr; <strong>1522</strong><br />(-24 for losing)
|raw|healboy009's rating: 1481 &rarr; <strong>1505</strong><br />(+24 for winning)
|l|☆jpkeeks
|player|p1|
|c|☆healboy009|Gg
