|j|☆OrochiZerito
|j|☆jkuo9
|t:|1760863374
|gametype|singles
|player|p1|OrochiZerito|brycenman|1327
|player|p2|jkuo9|265|1272
|gen|9
|tier|[Gen 9] OU
|rated|
|rule|HP Percentage Mod: HP is shown in percentages
|rule|Endless Battle Clause: Forcing endless battles is banned
|rule|Species Clause: Limit one of each Pokémon
|rule|OHKO Clause: OHKO moves are banned
|rule|Evasion Items Clause: Evasion items are banned
|rule|Evasion Moves Clause: Evasion moves are banned
|rule|Evasion Abilities Clause: Evasion abilities are banned
|rule|Sleep Moves Clause: Sleep-inducing moves are banned
|clearpoke
|poke|p1|Hatterene, F|
|poke|p1|Crawdaunt, M|
|poke|p1|Breloom, M|
|poke|p1|Deoxys-Defense|
|poke|p1|Carbink|
|poke|p1|Ursaluna, M|
|poke|p2|Torkoal, M|
|poke|p2|Ceruledge, F|
|poke|p2|Lilligant-Hisui, F|
|poke|p2|Walking Wake|
|poke|p2|Enamorus, F|
|poke|p2|Iron Treads|
|teampreview
|inactive|Battle timer is ON: inactive players will automatically lose when time's up. (requested by OrochiZerito)
|
|t:|1760863432
|teamsize|p1|6
|teamsize|p2|6
|start
|switch|p1a: Kazuya|Carbink, shiny|100/100
|switch|p2a: Iron Treads|Iron Treads|100/100
|-item|p2a: Iron Treads|Air Balloon
|turn|1
|
|t:|1760863446
|move|p2a: Iron Treads|Earthquake|p1a: Kazuya
|-supereffective|p1a: Kazuya
|-damage|p1a: Kazuya|43/100
|move|p1a: Kazuya|Trick Room|p1a: Kazuya
|-fieldstart|move: Trick Room|[of] p1a: Kazuya
|
|upkeep
|turn|2
|
|t:|1760863459
|move|p1a: Kazuya|Gravity|p1a: Kazuya
|-fieldstart|move: Gravity
|move|p2a: Iron Treads|Knock Off|p1a: Kazuya
|-resisted|p1a: Kazuya
|-damage|p1a: Kazuya|33/100
|-enditem|p1a: Kazuya|Mental Herb|[from] move: Knock Off|[of] p2a: Iron Treads
|
|upkeep
|turn|3
|
|t:|1760863468
|move|p1a: Kazuya|Misty Explosion|p2a: Iron Treads
|-resisted|p2a: Iron Treads
|-damage|p2a: Iron Treads|86/100
|-enditem|p2a: Iron Treads|Air Balloon
|faint|p1a: Kazuya
|move|p2a: Iron Treads|Ice Spinner|p1: Kazuya|[notarget]
|-fail|p2a: Iron Treads
|
|upkeep
|
|t:|1760863478
|switch|p1a: Ursaluna|Ursaluna, M|100/100
|turn|4
|
|t:|1760863497
|-terastallize|p2a: Iron Treads|Ghost
|move|p1a: Ursaluna|Swords Dance|p1a: Ursaluna
|-boost|p1a: Ursaluna|atk|2
|move|p2a: Iron Treads|Knock Off|p1a: Ursaluna
|-damage|p1a: Ursaluna|80/100
|-enditem|p1a: Ursaluna|Flame Orb|[from] move: Knock Off|[of] p2a: Iron Treads
|
|upkeep
|turn|5
|
|t:|1760863508
|move|p1a: Ursaluna|Earthquake|p2a: Iron Treads
|-damage|p2a: Iron Treads|0 fnt
|faint|p2a: Iron Treads
|-end|p2a: Iron Treads|Quark Drive|[silent]
|
|-fieldend|move: Trick Room
|upkeep
|
|t:|1760863513
|switch|p2a: Torkoal|Torkoal, M|100/100
|-weather|SunnyDay|[from] ability: Drought|[of] p2a: Torkoal
|turn|6
|
|t:|1760863522
|switch|p2a: Enamorus|Enamorus, F|100/100
|move|p1a: Ursaluna|Earthquake|p2a: Enamorus
|-damage|p2a: Enamorus|0 fnt
|faint|p2a: Enamorus
|
|-weather|SunnyDay|[upkeep]
|-fieldend|move: Gravity
|upkeep
|
|t:|1760863530
|switch|p2a: Lilligant|Lilligant-Hisui, F|100/100
|turn|7
|
|t:|1760863544
|-terastallize|p1a: Ursaluna|Ground
|move|p2a: Lilligant|Close Combat|p1a: Ursaluna
|-damage|p1a: Ursaluna|28/100
|-unboost|p2a: Lilligant|def|1
|-unboost|p2a: Lilligant|spd|1
|-damage|p2a: Lilligant|91/100|[from] item: Life Orb
|move|p1a: Ursaluna|Close Combat|p2a: Lilligant
|-damage|p2a: Lilligant|0 fnt
|-unboost|p1a: Ursaluna|def|1
|-unboost|p1a: Ursaluna|spd|1
|faint|p2a: Lilligant
|
|-weather|SunnyDay|[upkeep]
|upkeep
|
|t:|1760863557
|switch|p2a: Ceruledge|Ceruledge, F|100/100
|turn|8
|
|t:|1760863562
|move|p2a: Ceruledge|Swords Dance|p2a: Ceruledge
|-boost|p2a: Ceruledge|atk|2
|move|p1a: Ursaluna|Earthquake|p2a: Ceruledge
|-supereffective|p2a: Ceruledge
|-enditem|p2a: Ceruledge|Focus Sash
|-damage|p2a: Ceruledge|1/100
|-ability|p2a: Ceruledge|Weak Armor|boost
|-unboost|p2a: Ceruledge|def|1
|-boost|p2a: Ceruledge|spe|2
|
|-weather|SunnyDay|[upkeep]
|upkeep
|turn|9
|
|t:|1760863571
|move|p2a: Ceruledge|Shadow Sneak|p1a: Ursaluna
|-damage|p1a: Ursaluna|0 fnt
|faint|p1a: Ursaluna
|
|-weather|SunnyDay|[upkeep]
|upkeep
|
|t:|1760863576
|switch|p1a: Crawdaunt|Crawdaunt, M, shiny|100/100
|turn|10
|
|t:|1760863584
|move|p1a: Crawdaunt|Aqua Jet|p2a: Ceruledge
|-supereffective|p2a: Ceruledge
|-damage|p2a: Ceruledge|0 fnt
|faint|p2a: Ceruledge
|-damage|p1a: Crawdaunt|90/100|[from] item: Life Orb
|
|-weather|SunnyDay|[upkeep]
|upkeep
|
|t:|1760863588
|switch|p2a: Walking Wake|Walking Wake|100/100
|-activate|p2a: Walking Wake|ability: Protosynthesis
|-start|p2a: Walking Wake|protosynthesisspa
|turn|11
|
|t:|1760863595
|switch|p1a: Deoxys|Deoxys-Defense|100/100
|-ability|p1a: Deoxys|Pressure
|move|p2a: Walking Wake|Hydro Steam|p1a: Deoxys
|-damage|p1a: Deoxys|12/100
|
|-weather|SunnyDay|[upkeep]
|-heal|p1a: Deoxys|19/100|[from] item: Leftovers
|upkeep
|turn|12
|
|t:|1760863601
|move|p2a: Walking Wake|Hydro Steam|p1a: Deoxys
|-damage|p1a: Deoxys|0 fnt
|faint|p1a: Deoxys
|
|-weather|SunnyDay|[upkeep]
|upkeep
|
|t:|1760863605
|switch|p1a: Pablo Motos|Breloom, M|100/100
|turn|13
|
|t:|1760863607
|-end|p2a: Walking Wake|Protosynthesis|[silent]
|switch|p2a: Torkoal|Torkoal, M|100/100
|move|p1a: Pablo Motos|Bullet Seed|p2a: Torkoal
|-resisted|p2a: Torkoal
|-damage|p2a: Torkoal|93/100
|-resisted|p2a: Torkoal
|-damage|p2a: Torkoal|85/100
|-resisted|p2a: Torkoal
|-damage|p2a: Torkoal|78/100
|-hitcount|p2a: Torkoal|3
|-damage|p1a: Pablo Motos|91/100|[from] item: Life Orb
|
|-weather|none
|upkeep
|turn|14
|
|t:|1760863614
|switch|p1a: Hatterene|Hatterene, F|100/100
|move|p2a: Torkoal|Stealth Rock|p1a: Hatterene
|move|p1a: Hatterene|Stealth Rock|p2a: Torkoal|[from] ability: Magic Bounce
|-sidestart|p2: jkuo9|move: Stealth Rock
|
|upkeep
|turn|15
|
|t:|1760863619
|move|p2a: Torkoal|Rapid Spin|p1a: Hatterene
|-damage|p1a: Hatterene|92/100
|-boost|p2a: Torkoal|spe|1
|-sideend|p2: jkuo9|Stealth Rock|[from] move: Rapid Spin|[of] p2a: Torkoal
|move|p1a: Hatterene|Trick Room|p1a: Hatterene
|-fieldstart|move: Trick Room|[of] p1a: Hatterene
|
|-heal|p1a: Hatterene|98/100|[from] item: Leftovers
|upkeep
|turn|16
|
|t:|1760863626
|move|p1a: Hatterene|Calm Mind|p1a: Hatterene
|-boost|p1a: Hatterene|spa|1
|-boost|p1a: Hatterene|spd|1
|move|p2a: Torkoal|Lava Plume|p1a: Hatterene
|-damage|p1a: Hatterene|81/100
|-status|p1a: Hatterene|brn
|
|-heal|p1a: Hatterene|87/100 brn|[from] item: Leftovers
|-damage|p1a: Hatterene|81/100 brn|[from] brn
|upkeep
|turn|17
|
|t:|1760863632
|move|p1a: Hatterene|Calm Mind|p1a: Hatterene
|-boost|p1a: Hatterene|spa|1
|-boost|p1a: Hatterene|spd|1
|move|p2a: Torkoal|Lava Plume|p1a: Hatterene
|-damage|p1a: Hatterene|68/100 brn
|
|-heal|p1a: Hatterene|74/100 brn|[from] item: Leftovers
|-damage|p1a: Hatterene|68/100 brn|[from] brn
|upkeep
|turn|18
|
|t:|1760863636
|move|p1a: Hatterene|Calm Mind|p1a: Hatterene
|-boost|p1a: Hatterene|spa|1
|-boost|p1a: Hatterene|spd|1
|move|p2a: Torkoal|Lava Plume|p1a: Hatterene
|-damage|p1a: Hatterene|57/100 brn
|
|-heal|p1a: Hatterene|63/100 brn|[from] item: Leftovers
|-damage|p1a: Hatterene|57/100 brn|[from] brn
|upkeep
|turn|19
|
|t:|1760863639
|move|p1a: Hatterene|Psyshock|p2a: Torkoal
|-damage|p2a: Torkoal|25/100
|move|p2a: Torkoal|Lava Plume|p1a: Hatterene
|-damage|p1a: Hatterene|48/100 brn
|
|-heal|p1a: Hatterene|54/100 brn|[from] item: Leftovers
|-damage|p1a: Hatterene|48/100 brn|[from] brn
|-fieldend|move: Trick Room
|upkeep
|turn|20
|
|t:|1760863650
|switch|p2a: Walking Wake|Walking Wake|100/100
|move|p1a: Hatterene|Trick Room|p1a: Hatterene
|-fieldstart|move: Trick Room|[of] p1a: Hatterene
|
|-heal|p1a: Hatterene|54/100 brn|[from] item: Leftovers
|-damage|p1a: Hatterene|48/100 brn|[from] brn
|upkeep
|turn|21
|
|t:|1760863652
|-end|p2a: Walking Wake|Protosynthesis|[silent]
|switch|p2a: Torkoal|Torkoal, M|25/100
|-weather|SunnyDay|[from] ability: Drought|[of] p2a: Torkoal
|move|p1a: Hatterene|Draining Kiss|p2a: Torkoal
|-resisted|p2a: Torkoal
|-damage|p2a: Torkoal|0 fnt
|-heal|p1a: Hatterene|67/100 brn|[from] drain|[of] p2a: Torkoal
|faint|p2a: Torkoal
|
|-weather|SunnyDay|[upkeep]
|-heal|p1a: Hatterene|73/100 brn|[from] item: Leftovers
|-damage|p1a: Hatterene|67/100 brn|[from] brn
|upkeep
|c|☆OrochiZerito|gg
|
|t:|1760863658
|switch|p2a: Walking Wake|Walking Wake|100/100
|-activate|p2a: Walking Wake|ability: Protosynthesis
|-start|p2a: Walking Wake|protosynthesisspa
|turn|22
|
|t:|1760863666
|move|p1a: Hatterene|Draining Kiss|p2a: Walking Wake
|-supereffective|p2a: Walking Wake
|-damage|p2a: Walking Wake|0 fnt
|-heal|p1a: Hatterene|100/100 brn|[from] drain|[of] p2a: Walking Wake
|faint|p2a: Walking Wake
|-end|p2a: Walking Wake|Protosynthesis|[silent]
|
|win|OrochiZerito
|raw|OrochiZerito's rating: 1327 &rarr; <strong>1344</strong><br />(+17 for winning)
|raw|jkuo9's rating: 1272 &rarr; <strong>1251</strong><br />(-21 for losing)
|l|☆jkuo9
|player|p2|
|c|☆OrochiZerito|wp
