|j|☆Scaaltt
|j|☆thepippy27
|t:|1760796883
|gametype|singles
|player|p1|Scaaltt|102|1367
|player|p2|thepippy27|acetrainerf-gen4dp|1401
|gen|9
|tier|[Gen 9] OU
|rated|
|rule|HP Percentage Mod: HP is shown in percentages
|rule|Endless Battle Clause: Forcing endless battles is banned
|rule|Species Clause: Limit one of each Pokémon
|rule|OHKO Clause: OHKO moves are banned
|rule|Evasion Items Clause: Evasion items are banned
|rule|Evasion Moves Clause: Evasion moves are banned
|rule|Evasion Abilities Clause: Evasion abilities are banned
|rule|Sleep Moves Clause: Sleep-inducing moves are banned
|clearpoke
|poke|p1|Iron Moth|
|poke|p1|Garchomp, F|
|poke|p1|Walking Wake|
|poke|p1|Dondozo, F|
|poke|p1|Chansey, F|
|poke|p1|Forretress, M|
|poke|p2|Glimmora, M|
|poke|p2|Ogerpon-Wellspring, F|
|poke|p2|Great Tusk|
|poke|p2|Incineroar, M|
|poke|p2|Deoxys-Speed|
|poke|p2|Rillaboom, M|
|teampreview
|inactive|Battle timer is ON: inactive players will automatically lose when time's up. (requested by Scaaltt)
|
|t:|1760796911
|teamsize|p1|6
|teamsize|p2|6
|start
|switch|p1a: Garchomp|Garchomp, F, shiny|100/100
|switch|p2a: Incineroar|Incineroar, M, shiny|100/100
|-ability|p2a: Incineroar|Intimidate|boost
|-unboost|p1a: Garchomp|atk|1
|turn|1
|
|t:|1760796917
|move|p1a: Garchomp|Swords Dance|p1a: Garchomp
|-boost|p1a: Garchomp|atk|2
|move|p2a: Incineroar|Will-O-Wisp|p1a: Garchomp|[miss]
|-miss|p2a: Incineroar|p1a: Garchomp
|
|upkeep
|turn|2
|
|t:|1760796923
|move|p1a: Garchomp|Earthquake|p2a: Incineroar
|-supereffective|p2a: Incineroar
|-damage|p2a: Incineroar|0 fnt
|faint|p2a: Incineroar
|
|upkeep
|
|t:|1760796925
|switch|p2a: Deoxys|Deoxys-Speed|100/100
|-ability|p2a: Deoxys|Pressure
|turn|3
|
|t:|1760796930
|-terastallize|p1a: Garchomp|Steel
|move|p2a: Deoxys|Ice Beam|p1a: Garchomp
|-resisted|p1a: Garchomp
|-damage|p1a: Garchomp|86/100
|move|p1a: Garchomp|Scale Shot|p2a: Deoxys
|-damage|p2a: Deoxys|66/100
|-damage|p2a: Deoxys|34/100
|-damage|p2a: Deoxys|1/100
|-damage|p2a: Deoxys|0 fnt
|faint|p2a: Deoxys
|-hitcount|p2: Deoxys|4
|-unboost|p1a: Garchomp|def|1
|-boost|p1a: Garchomp|spe|1
|
|upkeep
|
|t:|1760796942
|switch|p2a: Great Tusk|Great Tusk|100/100
|turn|4
|
|t:|1760796951
|move|p1a: Garchomp|Scale Shot|p2a: Great Tusk
|-damage|p2a: Great Tusk|86/100
|-damage|p2a: Great Tusk|73/100
|-damage|p2a: Great Tusk|60/100
|-damage|p2a: Great Tusk|46/100
|-hitcount|p2a: Great Tusk|4
|-unboost|p1a: Garchomp|def|1
|-boost|p1a: Garchomp|spe|1
|move|p2a: Great Tusk|Headlong Rush|p1a: Garchomp
|-supereffective|p1a: Garchomp
|-damage|p1a: Garchomp|0 fnt
|-unboost|p2a: Great Tusk|def|1
|-unboost|p2a: Great Tusk|spd|1
|-damage|p2a: Great Tusk|33/100|[from] ability: Rough Skin|[of] p1a: Garchomp
|faint|p1a: Garchomp
|
|upkeep
|
|t:|1760796966
|switch|p1a: Iron Moth|Iron Moth, shiny|100/100
|-enditem|p1a: Iron Moth|Booster Energy
|-activate|p1a: Iron Moth|ability: Quark Drive|[fromitem]
|-start|p1a: Iron Moth|quarkdrivespa
|turn|5
|
|t:|1760796980
|move|p1a: Iron Moth|Fiery Dance|p2a: Great Tusk
|-damage|p2a: Great Tusk|0 fnt
|-boost|p1a: Iron Moth|spa|1
|faint|p2a: Great Tusk
|-end|p2a: Great Tusk|Protosynthesis|[silent]
|
|upkeep
|
|t:|1760796985
|switch|p2a: Glimmora|Glimmora, M|100/100
|turn|6
|
|t:|1760796990
|move|p2a: Glimmora|Earth Power|p1a: Iron Moth
|-supereffective|p1a: Iron Moth
|-damage|p1a: Iron Moth|0 fnt
|faint|p1a: Iron Moth
|-end|p1a: Iron Moth|Quark Drive|[silent]
|
|upkeep
|
|t:|1760796998
|switch|p1a: Forretress|Forretress, M, shiny|100/100
|turn|7
|
|t:|1760797007
|move|p2a: Glimmora|Earth Power|p1a: Forretress
|-damage|p1a: Forretress|52/100
|move|p1a: Forretress|Toxic Spikes|p2a: Glimmora
|-sidestart|p2: thepippy27|move: Toxic Spikes
|
|upkeep
|turn|8
|
|t:|1760797018
|switch|p1a: Chansey|Chansey, F, shiny|100/100
|move|p2a: Glimmora|Earth Power|p1a: Chansey
|-damage|p1a: Chansey|93/100
|
|upkeep
|turn|9
|
|t:|1760797024
|switch|p2a: Rillaboom|Rillaboom, M, shiny|100/100
|-status|p2a: Rillaboom|psn
|-fieldstart|move: Grassy Terrain|[from] ability: Grassy Surge|[of] p2a: Rillaboom
|move|p1a: Chansey|Thunder Wave||[still]
|-fail|p1a: Chansey
|
|-heal|p1a: Chansey|99/100|[from] Grassy Terrain
|-damage|p2a: Rillaboom|88/100 psn|[from] psn
|upkeep
|turn|10
|
|t:|1760797035
|switch|p1a: Forretress|Forretress, M, shiny|52/100
|move|p2a: Rillaboom|U-turn|p1a: Forretress
|-resisted|p1a: Forretress
|-damage|p1a: Forretress|43/100
|-damage|p2a: Rillaboom|72/100 psn|[from] item: Rocky Helmet|[of] p1a: Forretress
|
|t:|1760797038
|switch|p2a: Glimmora|Glimmora, M|100/100|[from] U-turn
|-sideend|p2: thepippy27|move: Toxic Spikes|[of] p2a: Glimmora
|
|-heal|p1a: Forretress|49/100|[from] Grassy Terrain
|upkeep
|turn|11
|
|t:|1760797046
|move|p2a: Glimmora|Power Gem|p1a: Forretress
|-damage|p1a: Forretress|0 fnt
|faint|p1a: Forretress
|
|upkeep
|
|t:|1760797050
|switch|p1a: Walking Wake|Walking Wake|100/100
|-enditem|p1a: Walking Wake|Booster Energy
|-activate|p1a: Walking Wake|ability: Protosynthesis|[fromitem]
|-start|p1a: Walking Wake|protosynthesisspe
|turn|12
|
|t:|1760797057
|switch|p2a: Rillaboom|Rillaboom, M, shiny|72/100 psn
|move|p1a: Walking Wake|Draco Meteor|p2a: Rillaboom
|-damage|p2a: Rillaboom|0 fnt
|-unboost|p1a: Walking Wake|spa|2
|faint|p2a: Rillaboom
|
|upkeep
|
|t:|1760797062
|switch|p2a: Ogerpon|Ogerpon-Wellspring, F|100/100
|turn|13
|
|t:|1760797067
|-end|p1a: Walking Wake|Protosynthesis|[silent]
|switch|p1a: Dondozo|Dondozo, F, shiny|100/100
|move|p2a: Ogerpon|Swords Dance|p2a: Ogerpon
|-boost|p2a: Ogerpon|atk|2
|
|-fieldend|move: Grassy Terrain
|upkeep
|turn|14
|
|t:|1760797073
|move|p2a: Ogerpon|Spikes|p1a: Dondozo
|-sidestart|p1: Scaaltt|Spikes
|move|p1a: Dondozo|Body Press|p2a: Ogerpon
|-damage|p2a: Ogerpon|66/100
|
|upkeep
|turn|15
|
|t:|1760797079
|move|p2a: Ogerpon|Horn Leech|p1a: Dondozo
|-supereffective|p1a: Dondozo
|-damage|p1a: Dondozo|63/100
|-heal|p2a: Ogerpon|97/100|[from] drain|[of] p1a: Dondozo
|move|p1a: Dondozo|Curse|p1a: Dondozo
|-unboost|p1a: Dondozo|spe|1
|-boost|p1a: Dondozo|atk|1
|-boost|p1a: Dondozo|def|1
|
|-heal|p1a: Dondozo|69/100|[from] item: Leftovers
|upkeep
|turn|16
|
|t:|1760797090
|switch|p2a: Glimmora|Glimmora, M|100/100
|move|p1a: Dondozo|Body Press|p2a: Glimmora
|-damage|p2a: Glimmora|53/100
|-activate|p2a: Glimmora|ability: Toxic Debris
|-sidestart|p1: Scaaltt|move: Toxic Spikes
|
|-heal|p1a: Dondozo|75/100|[from] item: Leftovers
|upkeep
|turn|17
|
|t:|1760797099
|switch|p1a: Chansey|Chansey, F, shiny|99/100
|-damage|p1a: Chansey|86/100|[from] Spikes
|-status|p1a: Chansey|psn
|move|p2a: Glimmora|Energy Ball|p1a: Chansey
|-damage|p1a: Chansey|79/100 psn
|
|-damage|p1a: Chansey|66/100 psn|[from] psn
|upkeep
|turn|18
|
|t:|1760797110
|switch|p2a: Ogerpon|Ogerpon-Wellspring, F|97/100
|move|p1a: Chansey|Thunder Wave|p2a: Ogerpon
|-status|p2a: Ogerpon|par
|
|-damage|p1a: Chansey|54/100 psn|[from] psn
|upkeep
|turn|19
|
|t:|1760797119
|-curestatus|p1a: Chansey|psn|[from] ability: Natural Cure
|switch|p1a: Dondozo|Dondozo, F, shiny|75/100
|-damage|p1a: Dondozo|63/100|[from] Spikes
|-status|p1a: Dondozo|psn
|cant|p2a: Ogerpon|par
|
|-heal|p1a: Dondozo|69/100 psn|[from] item: Leftovers
|-damage|p1a: Dondozo|57/100 psn|[from] psn
|upkeep
|turn|20
|
|t:|1760797129
|move|p2a: Ogerpon|Horn Leech|p1a: Dondozo
|-supereffective|p1a: Dondozo
|-damage|p1a: Dondozo|16/100 psn
|-heal|p2a: Ogerpon|100/100 par|[from] drain|[of] p1a: Dondozo
|move|p1a: Dondozo|Body Press|p2a: Ogerpon
|-damage|p2a: Ogerpon|62/100 par
|
|-heal|p1a: Dondozo|22/100 psn|[from] item: Leftovers
|-damage|p1a: Dondozo|10/100 psn|[from] psn
|upkeep
|turn|21
|
|t:|1760797144
|cant|p2a: Ogerpon|par
|move|p1a: Dondozo|Rest|p1a: Dondozo
|-status|p1a: Dondozo|slp|[from] move: Rest
|-heal|p1a: Dondozo|100/100 slp|[silent]
|
|upkeep
|turn|22
|
|t:|1760797152
|cant|p2a: Ogerpon|par
|cant|p1a: Dondozo|slp
|
|upkeep
|turn|23
|
|t:|1760797157
|move|p2a: Ogerpon|Horn Leech|p1a: Dondozo
|-supereffective|p1a: Dondozo
|-damage|p1a: Dondozo|61/100 slp
|-heal|p2a: Ogerpon|95/100 par|[from] drain|[of] p1a: Dondozo
|cant|p1a: Dondozo|slp
|
|-heal|p1a: Dondozo|67/100 slp|[from] item: Leftovers
|upkeep
|turn|24
|
|t:|1760797166
|cant|p2a: Ogerpon|par
|-curestatus|p1a: Dondozo|slp|[msg]
|move|p1a: Dondozo|Body Press|p2a: Ogerpon
|-damage|p2a: Ogerpon|60/100 par
|
|-heal|p1a: Dondozo|73/100|[from] item: Leftovers
|upkeep
|turn|25
|c|☆thepippy27|wow
|
|t:|1760797177
|move|p2a: Ogerpon|Horn Leech|p1a: Dondozo
|-supereffective|p1a: Dondozo
|-damage|p1a: Dondozo|34/100
|-heal|p2a: Ogerpon|93/100 par|[from] drain|[of] p1a: Dondozo
|move|p1a: Dondozo|Curse|p1a: Dondozo
|-unboost|p1a: Dondozo|spe|1
|-boost|p1a: Dondozo|atk|1
|-boost|p1a: Dondozo|def|1
|
|-heal|p1a: Dondozo|40/100|[from] item: Leftovers
|upkeep
|turn|26
|
|t:|1760797186
|cant|p2a: Ogerpon|par
|move|p1a: Dondozo|Body Press|p2a: Ogerpon
|-damage|p2a: Ogerpon|38/100 par
|
|-heal|p1a: Dondozo|46/100|[from] item: Leftovers
|upkeep
|turn|27
|
|t:|1760797192
|move|p2a: Ogerpon|Horn Leech|p1a: Dondozo
|-supereffective|p1a: Dondozo
|-damage|p1a: Dondozo|22/100
|-heal|p2a: Ogerpon|58/100 par|[from] drain|[of] p1a: Dondozo
|move|p1a: Dondozo|Body Press|p2a: Ogerpon
|-damage|p2a: Ogerpon|0 fnt
|faint|p2a: Ogerpon
|
|-heal|p1a: Dondozo|28/100|[from] item: Leftovers
|upkeep
|
|t:|1760797200
|switch|p2a: Glimmora|Glimmora, M|53/100
|turn|28
|
|t:|1760797203
|-terastallize|p2a: Glimmora|Fairy
|move|p2a: Glimmora|Dazzling Gleam|p1a: Dondozo
|-damage|p1a: Dondozo|0 fnt
|faint|p1a: Dondozo
|
|upkeep
|
|t:|1760797209
|switch|p1a: Chansey|Chansey, F, shiny|54/100
|-damage|p1a: Chansey|41/100|[from] Spikes
|-status|p1a: Chansey|psn
|turn|29
|
|t:|1760797225
|move|p2a: Glimmora|Dazzling Gleam|p1a: Chansey
|-damage|p1a: Chansey|31/100 psn
|move|p1a: Chansey|Soft-Boiled|p1a: Chansey
|-heal|p1a: Chansey|81/100 psn
|
|-damage|p1a: Chansey|68/100 psn|[from] psn
|upkeep
|turn|30
|
|t:|1760797233
|move|p2a: Glimmora|Dazzling Gleam|p1a: Chansey
|-damage|p1a: Chansey|57/100 psn
|move|p1a: Chansey|Thunder Wave|p2a: Glimmora
|-status|p2a: Glimmora|par
|
|-damage|p1a: Chansey|44/100 psn|[from] psn
|upkeep
|turn|31
|-message|thepippy27 forfeited.
|
|win|Scaaltt
|raw|Scaaltt's rating: 1367 &rarr; <strong>1389</strong><br />(+22 for winning)
|raw|thepippy27's rating: 1401 &rarr; <strong>1379</strong><br />(-22 for losing)
|l|☆thepippy27
|player|p2|
