|j|☆Onaerybluer
|j|☆Achamo5
|t:|1760752502
|gametype|singles
|player|p1|Onaerybluer|bellelba|1321
|player|p2|Achamo5|ash-kalos|1343
|gen|9
|tier|[Gen 9] OU
|rated|
|rule|HP Percentage Mod: HP is shown in percentages
|rule|Endless Battle Clause: Forcing endless battles is banned
|rule|Species Clause: Limit one of each Pokémon
|rule|OHKO Clause: OHKO moves are banned
|rule|Evasion Items Clause: Evasion items are banned
|rule|Evasion Moves Clause: Evasion moves are banned
|rule|Evasion Abilities Clause: Evasion abilities are banned
|rule|Sleep Moves Clause: Sleep-inducing moves are banned
|clearpoke
|poke|p1|Cinderace, F|
|poke|p1|Vespiquen, F|
|poke|p1|Primarina, F|
|poke|p1|Meowscarada, F|
|poke|p1|Hatterene, F|
|poke|p1|Gliscor, F|
|poke|p2|Reuniclus, F|
|poke|p2|Kingambit, M|
|poke|p2|Ogerpon-Wellspring, F|
|poke|p2|Landorus-Therian, M|
|poke|p2|Iron Valiant|
|poke|p2|Cinderace, M|
|teampreview
|inactive|Battle timer is ON: inactive players will automatically lose when time's up. (requested by Onaerybluer)
|
|t:|1760752509
|teamsize|p1|6
|teamsize|p2|6
|start
|switch|p1a: Belle|Meowscarada, F, shiny|100/100
|switch|p2a: Earth|Landorus-Therian, M|100/100
|-ability|p2a: Earth|Intimidate|boost
|-unboost|p1a: Belle|atk|1
|turn|1
|
|t:|1760752512
|move|p1a: Belle|U-turn|p2a: Earth
|-start|p1a: Belle|typechange|Bug|[from] ability: Protean
|-resisted|p2a: Earth
|-damage|p2a: Earth|90/100
|-damage|p1a: Belle|84/100|[from] item: Rocky Helmet|[of] p2a: Earth
|
|t:|1760752518
|switch|p1a: Greaseball|Gliscor, F, shiny|100/100|[from] U-turn
|move|p2a: Earth|U-turn|p1a: Greaseball
|-resisted|p1a: Greaseball
|-damage|p1a: Greaseball|94/100
|inactive|Achamo5 has 120 seconds left.
|
|t:|1760752557
|switch|p2a: Terratomere|Ogerpon-Wellspring, F|100/100|[from] U-turn
|
|-status|p1a: Greaseball|tox|[from] item: Toxic Orb
|upkeep
|turn|2
|
|t:|1760752566
|move|p2a: Terratomere|Substitute|p2a: Terratomere
|-start|p2a: Terratomere|Substitute
|-damage|p2a: Terratomere|76/100
|move|p1a: Greaseball|Facade|p2a: Terratomere
|-end|p2a: Terratomere|Substitute
|
|-heal|p1a: Greaseball|100/100 tox|[from] ability: Poison Heal
|upkeep
|turn|3
|inactive|Achamo5 has 120 seconds left.
|
|t:|1760752595
|move|p2a: Terratomere|Ivy Cudgel|p1a: Greaseball|[anim] Ivy Cudgel Water
|-supereffective|p1a: Greaseball
|-damage|p1a: Greaseball|24/100 tox
|move|p1a: Greaseball|Facade|p2a: Terratomere
|-damage|p2a: Terratomere|32/100
|
|-heal|p1a: Greaseball|36/100 tox|[from] ability: Poison Heal
|upkeep
|turn|4
|
|t:|1760752603
|move|p1a: Greaseball|Protect|p1a: Greaseball
|-singleturn|p1a: Greaseball|Protect
|move|p2a: Terratomere|Ivy Cudgel|p1a: Greaseball|[anim] Ivy Cudgel Water
|-activate|p1a: Greaseball|move: Protect
|
|-heal|p1a: Greaseball|49/100 tox|[from] ability: Poison Heal
|upkeep
|turn|5
|inactive|Achamo5 has 120 seconds left.
|
|t:|1760752627
|switch|p1a: Buffy|Vespiquen, F|100/100
|-ability|p1a: Buffy|Pressure
|move|p2a: Terratomere|Ivy Cudgel|p1a: Buffy|[anim] Ivy Cudgel Water
|-damage|p1a: Buffy|57/100
|
|upkeep
|turn|6
|inactive|Achamo5 has 120 seconds left.
|
|t:|1760752638
|switch|p2a: Excelsus|Iron Valiant|100/100
|move|p1a: Buffy|Dual Wingbeat|p2a: Excelsus
|-supereffective|p2a: Excelsus
|-damage|p2a: Excelsus|69/100
|-supereffective|p2a: Excelsus
|-damage|p2a: Excelsus|41/100
|-hitcount|p2a: Excelsus|2
|
|upkeep
|turn|7
|inactive|Achamo5 has 120 seconds left.
|
|t:|1760752655
|move|p1a: Buffy|Protect|p1a: Buffy
|-singleturn|p1a: Buffy|Protect
|move|p2a: Excelsus|Moonblast|p1a: Buffy
|-activate|p1a: Buffy|move: Protect
|
|upkeep
|turn|8
|
|t:|1760752664
|move|p2a: Excelsus|Encore|p1a: Buffy
|-start|p1a: Buffy|Encore
|move|p1a: Buffy|Protect||[still]
|-fail|p1a: Buffy
|
|upkeep
|turn|9
|
|t:|1760752669
|switch|p1a: Ashley|Cinderace, F, shiny|100/100
|move|p2a: Excelsus|Knock Off|p1a: Ashley
|-damage|p1a: Ashley|58/100
|-enditem|p1a: Ashley|Life Orb|[from] move: Knock Off|[of] p2a: Excelsus
|
|upkeep
|turn|10
|
|t:|1760752676
|-end|p2a: Excelsus|Quark Drive|[silent]
|switch|p2a: Earth|Landorus-Therian, M|90/100
|-ability|p2a: Earth|Intimidate|boost
|-unboost|p1a: Ashley|atk|1
|move|p1a: Ashley|Pyro Ball|p2a: Earth
|-damage|p2a: Earth|52/100
|
|upkeep
|turn|11
|
|t:|1760752685
|move|p1a: Ashley|U-turn|p2a: Earth
|-start|p1a: Ashley|typechange|Bug|[from] ability: Libero
|-resisted|p2a: Earth
|-damage|p2a: Earth|42/100
|-damage|p1a: Ashley|41/100|[from] item: Rocky Helmet|[of] p2a: Earth
|
|t:|1760752688
|switch|p1a: Greaseball|Gliscor, F, shiny|49/100 tox|[from] U-turn
|move|p2a: Earth|Earthquake|p1a: Greaseball
|-immune|p1a: Greaseball
|
|-heal|p1a: Greaseball|61/100 tox|[from] ability: Poison Heal
|upkeep
|turn|12
|
|t:|1760752695
|move|p2a: Earth|Taunt|p1a: Greaseball
|-start|p1a: Greaseball|move: Taunt
|move|p1a: Greaseball|Facade|p2a: Earth
|-damage|p2a: Earth|15/100
|-damage|p1a: Greaseball|45/100 tox|[from] item: Rocky Helmet|[of] p2a: Earth
|
|-heal|p1a: Greaseball|57/100 tox|[from] ability: Poison Heal
|upkeep
|turn|13
|
|t:|1760752714
|switch|p2a: Metastasis|Reuniclus, F, shiny|100/100
|move|p1a: Greaseball|Facade|p2a: Metastasis
|-damage|p2a: Metastasis|70/100
|
|-heal|p1a: Greaseball|70/100 tox|[from] ability: Poison Heal
|upkeep
|turn|14
|
|t:|1760752742
|switch|p1a: Ashley|Cinderace, F, shiny|41/100
|move|p2a: Metastasis|Psychic Noise|p1a: Ashley
|-damage|p1a: Ashley|0 fnt
|faint|p1a: Ashley
|
|upkeep
|
|t:|1760752749
|switch|p1a: Belle|Meowscarada, F, shiny|84/100
|turn|15
|
|t:|1760752761
|switch|p2a: Earth|Landorus-Therian, M|15/100
|-ability|p2a: Earth|Intimidate|boost
|-unboost|p1a: Belle|atk|1
|move|p1a: Belle|Knock Off|p2a: Earth
|-start|p1a: Belle|typechange|Dark|[from] ability: Protean
|-damage|p2a: Earth|0 fnt
|-damage|p1a: Belle|68/100|[from] item: Rocky Helmet|[of] p2a: Earth
|-enditem|p2a: Earth|Rocky Helmet|[from] move: Knock Off|[of] p1a: Belle
|faint|p2a: Earth
|
|upkeep
|
|t:|1760752772
|switch|p2a: Solar Flare|Cinderace, M|100/100
|turn|16
|
|t:|1760752786
|move|p1a: Belle|Knock Off|p2a: Solar Flare
|-damage|p2a: Solar Flare|56/100
|-enditem|p2a: Solar Flare|Heavy-Duty Boots|[from] move: Knock Off|[of] p1a: Belle
|move|p2a: Solar Flare|U-turn|p1a: Belle
|-start|p2a: Solar Flare|typechange|Bug|[from] ability: Libero
|-supereffective|p1a: Belle
|-damage|p1a: Belle|0 fnt
|faint|p1a: Belle
|
|t:|1760752794
|switch|p2a: Excelsus|Iron Valiant|41/100|[from] U-turn
|
|upkeep
|
|t:|1760752801
|switch|p1a: Buffy|Vespiquen, F|57/100
|-ability|p1a: Buffy|Pressure
|turn|17
|
|t:|1760752809
|move|p2a: Excelsus|Moonblast|p1a: Buffy
|-damage|p1a: Buffy|6/100
|move|p1a: Buffy|Dual Wingbeat|p2a: Excelsus
|-supereffective|p2a: Excelsus
|-damage|p2a: Excelsus|12/100
|-supereffective|p2a: Excelsus
|-damage|p2a: Excelsus|0 fnt
|faint|p2a: Excelsus
|-end|p2a: Excelsus|Quark Drive|[silent]
|-hitcount|p2: Excelsus|2
|
|upkeep
|
|t:|1760752811
|switch|p2a: Solar Flare|Cinderace, M|56/100
|turn|18
|
|t:|1760752817
|move|p1a: Buffy|Protect|p1a: Buffy
|-singleturn|p1a: Buffy|Protect
|move|p2a: Solar Flare|Pyro Ball|p1a: Buffy
|-activate|p1a: Buffy|move: Protect
|
|upkeep
|turn|19
|
|t:|1760752833
|switch|p1a: Greaseball|Gliscor, F, shiny|70/100 tox
|move|p2a: Solar Flare|Pyro Ball|p1a: Greaseball
|-crit|p1a: Greaseball
|-damage|p1a: Greaseball|16/100 tox
|
|-heal|p1a: Greaseball|29/100 tox|[from] ability: Poison Heal
|upkeep
|turn|20
|
|t:|1760752843
|move|p1a: Greaseball|Protect|p1a: Greaseball
|-singleturn|p1a: Greaseball|Protect
|move|p2a: Solar Flare|Pyro Ball|p1a: Greaseball
|-activate|p1a: Greaseball|move: Protect
|
|-heal|p1a: Greaseball|41/100 tox|[from] ability: Poison Heal
|upkeep
|turn|21
|
|t:|1760752865
|move|p2a: Solar Flare|Pyro Ball|p1a: Greaseball|[miss]
|-miss|p2a: Solar Flare|p1a: Greaseball
|move|p1a: Greaseball|Earthquake|p2a: Solar Flare
|-supereffective|p2a: Solar Flare
|-damage|p2a: Solar Flare|0 fnt
|faint|p2a: Solar Flare
|
|-heal|p1a: Greaseball|54/100 tox|[from] ability: Poison Heal
|upkeep
|
|t:|1760752867
|switch|p2a: Terratomere|Ogerpon-Wellspring, F|32/100
|turn|22
|
|t:|1760752874
|switch|p1a: Buffy|Vespiquen, F|6/100
|-ability|p1a: Buffy|Pressure
|move|p2a: Terratomere|Substitute|p2a: Terratomere
|-start|p2a: Terratomere|Substitute
|-damage|p2a: Terratomere|7/100
|
|upkeep
|turn|23
|
|t:|1760752882
|move|p2a: Terratomere|Ivy Cudgel|p1a: Buffy|[anim] Ivy Cudgel Water
|-damage|p1a: Buffy|0 fnt
|faint|p1a: Buffy
|
|upkeep
|
|t:|1760752884
|switch|p1a: Pearl|Hatterene, F|100/100
|turn|24
|
|t:|1760752902
|-terastallize|p2a: Terratomere|Water
|detailschange|p2a: Terratomere|Ogerpon-Wellspring-Tera, F, tera:Water
|-ability|p2a: Terratomere|Embody Aspect (Wellspring)|boost
|-boost|p2a: Terratomere|spd|1
|move|p2a: Terratomere|Ivy Cudgel|p1a: Pearl|[anim] Ivy Cudgel Water
|-damage|p1a: Pearl|13/100
|move|p1a: Pearl|Psyshock|p2a: Terratomere
|-end|p2a: Terratomere|Substitute
|
|-heal|p1a: Pearl|19/100|[from] item: Leftovers
|upkeep
|turn|25
|
|t:|1760752914
|move|p2a: Terratomere|Horn Leech|p1a: Pearl
|-damage|p1a: Pearl|0 fnt
|-heal|p2a: Terratomere|17/100|[from] drain|[of] p1a: Pearl
|faint|p1a: Pearl
|
|upkeep
|
|t:|1760752924
|switch|p1a: Greaseball|Gliscor, F, shiny|54/100 tox
|turn|26
|
|t:|1760752927
|move|p1a: Greaseball|Protect|p1a: Greaseball
|-singleturn|p1a: Greaseball|Protect
|move|p2a: Terratomere|Ivy Cudgel|p1a: Greaseball|[anim] Ivy Cudgel Water
|-activate|p1a: Greaseball|move: Protect
|
|-heal|p1a: Greaseball|66/100 tox|[from] ability: Poison Heal
|upkeep
|turn|27
|
|t:|1760752932
|-terastallize|p1a: Greaseball|Normal
|move|p2a: Terratomere|Ivy Cudgel|p1a: Greaseball|[anim] Ivy Cudgel Water
|-damage|p1a: Greaseball|19/100 tox
|move|p1a: Greaseball|Facade|p2a: Terratomere
|-damage|p2a: Terratomere|0 fnt
|faint|p2a: Terratomere
|detailschange|p2: Terratomere|Ogerpon-Wellspring, F|[silent]
|
|-heal|p1a: Greaseball|31/100 tox|[from] ability: Poison Heal
|upkeep
|
|t:|1760752950
|switch|p2a: Metastasis|Reuniclus, F, shiny|70/100
|turn|28
|
|t:|1760752956
|switch|p1a: Dinah|Primarina, F|100/100
|move|p2a: Metastasis|Trick Room|p2a: Metastasis
|-fieldstart|move: Trick Room|[of] p2a: Metastasis
|
|upkeep
|turn|29
|
|t:|1760752962
|move|p2a: Metastasis|Psychic Noise|p1a: Dinah
|-damage|p1a: Dinah|60/100
|-start|p1a: Dinah|move: Heal Block
|move|p1a: Dinah|Calm Mind|p1a: Dinah
|-boost|p1a: Dinah|spa|1
|-boost|p1a: Dinah|spd|1
|
|upkeep
|turn|30
|
|t:|1760752967
|move|p2a: Metastasis|Psychic Noise|p1a: Dinah
|-damage|p1a: Dinah|29/100
|move|p1a: Dinah|Hyper Voice|p2a: Metastasis
|-damage|p2a: Metastasis|1/100
|
|-end|p1a: Dinah|move: Heal Block
|upkeep
|turn|31
|inactive|Achamo5 has 120 seconds left.
|
|t:|1760753003
|move|p1a: Dinah|Hyper Voice|p2a: Metastasis
|-damage|p2a: Metastasis|0 fnt
|faint|p2a: Metastasis
|
|-heal|p1a: Dinah|35/100|[from] item: Leftovers
|upkeep
|
|t:|1760753007
|switch|p2a: Murasama|Kingambit, M|100/100
|-activate|p2a: Murasama|ability: Supreme Overlord
|-start|p2a: Murasama|fallen5|[silent]
|turn|32
|
|t:|1760753017
|move|p2a: Murasama|Kowtow Cleave|p1a: Dinah
|-resisted|p1a: Dinah
|-damage|p1a: Dinah|0 fnt
|faint|p1a: Dinah
|
|-fieldend|move: Trick Room
|upkeep
|
|t:|1760753019
|switch|p1a: Greaseball|Gliscor, F, shiny, tera:Normal|31/100 tox
|turn|33
|
|t:|1760753027
|move|p1a: Greaseball|Protect|p1a: Greaseball
|-singleturn|p1a: Greaseball|Protect
|move|p2a: Murasama|Kowtow Cleave|p1a: Greaseball
|-activate|p1a: Greaseball|move: Protect
|
|-heal|p1a: Greaseball|44/100 tox|[from] ability: Poison Heal
|upkeep
|turn|34
|
|t:|1760753032
|move|p1a: Greaseball|Earthquake|p2a: Murasama
|-supereffective|p2a: Murasama
|-damage|p2a: Murasama|51/100
|move|p2a: Murasama|Kowtow Cleave|p1a: Greaseball
|-damage|p1a: Greaseball|2/100 tox
|
|-heal|p2a: Murasama|57/100|[from] item: Leftovers
|-heal|p1a: Greaseball|15/100 tox|[from] ability: Poison Heal
|upkeep
|turn|35
|
|t:|1760753039
|move|p1a: Greaseball|Swords Dance|p1a: Greaseball
|-boost|p1a: Greaseball|atk|2
|move|p2a: Murasama|Swords Dance|p2a: Murasama
|-boost|p2a: Murasama|atk|2
|
|-heal|p2a: Murasama|63/100|[from] item: Leftovers
|-heal|p1a: Greaseball|27/100 tox|[from] ability: Poison Heal
|upkeep
|turn|36
|inactive|Achamo5 has 120 seconds left.
|
|t:|1760753090
|move|p1a: Greaseball|Earthquake|p2a: Murasama
|-supereffective|p2a: Murasama
|-damage|p2a: Murasama|0 fnt
|faint|p2a: Murasama
|-end|p2a: Murasama|fallen5|[silent]
|
|win|Onaerybluer
|raw|Onaerybluer's rating: 1321 &rarr; <strong>1342</strong><br />(+21 for winning)
|raw|Achamo5's rating: 1343 &rarr; <strong>1322</strong><br />(-21 for losing)
|l|☆Achamo5
|player|p2|
|l|☆Onaerybluer
|player|p1|
