|j|☆james2341
|j|☆Novice by Nature
|t:|1760879710
|gametype|singles
|player|p1|james2341|101|1635
|player|p2|Novice by Nature|yellow|1635
|gen|9
|tier|[Gen 9] OU
|rated|
|rule|HP Percentage Mod: HP is shown in percentages
|rule|Endless Battle Clause: Forcing endless battles is banned
|rule|Species Clause: Limit one of each Pokémon
|rule|OHKO Clause: OHKO moves are banned
|rule|Evasion Items Clause: Evasion items are banned
|rule|Evasion Moves Clause: Evasion moves are banned
|rule|Evasion Abilities Clause: Evasion abilities are banned
|rule|Sleep Moves Clause: Sleep-inducing moves are banned
|clearpoke
|poke|p1|Ogerpon-Wellspring, F|
|poke|p1|Grimmsnarl, M|
|poke|p1|Great Tusk|
|poke|p1|Iron Treads|
|poke|p1|Comfey, F|
|poke|p1|Lucario, M|
|poke|p2|Whimsicott, F|
|poke|p2|Ursaluna, F|
|poke|p2|Rillaboom, F|
|poke|p2|Heatran, F|
|poke|p2|Blastoise, M|
|poke|p2|Thundurus-Therian, M|
|teampreview
|inactive|Battle timer is ON: inactive players will automatically lose when time's up. (requested by james2341)
|
|t:|1760879721
|teamsize|p1|6
|teamsize|p2|6
|start
|switch|p1a: Grimmsnarl|Grimmsnarl, M|100/100
|switch|p2a: Heatran|Heatran, F|100/100
|turn|1
|
|t:|1760879727
|move|p1a: Grimmsnarl|Light Screen|p1a: Grimmsnarl
|-sidestart|p1: james2341|move: Light Screen
|move|p2a: Heatran|Magma Storm|p1a: Grimmsnarl|[miss]
|-miss|p2a: Heatran|p1a: Grimmsnarl
|
|upkeep
|turn|2
|
|t:|1760879730
|move|p1a: Grimmsnarl|Taunt|p2a: Heatran
|-start|p2a: Heatran|move: Taunt
|move|p2a: Heatran|Magma Storm|p1a: Grimmsnarl
|-damage|p1a: Grimmsnarl|78/100
|-activate|p1a: Grimmsnarl|move: Magma Storm|[of] p2a: Heatran
|
|-damage|p1a: Grimmsnarl|65/100|[from] move: Magma Storm|[partiallytrapped]
|upkeep
|turn|3
|
|t:|1760879733
|move|p1a: Grimmsnarl|Parting Shot|p2a: Heatran
|-unboost|p2a: Heatran|atk|1
|-unboost|p2a: Heatran|spa|1
|
|t:|1760879739
|switch|p1a: Ogerpon|Ogerpon-Wellspring, F|100/100|[from] Parting Shot
|move|p2a: Heatran|Earth Power|p1a: Ogerpon
|-resisted|p1a: Ogerpon
|-damage|p1a: Ogerpon|95/100
|
|upkeep
|turn|4
|
|t:|1760879742
|switch|p2a: Whimsicott|Whimsicott, F|100/100
|move|p1a: Ogerpon|Swords Dance|p1a: Ogerpon
|-boost|p1a: Ogerpon|atk|2
|
|upkeep
|turn|5
|
|t:|1760879748
|switch|p1a: Iron Treads|Iron Treads, shiny|100/100
|-enditem|p1a: Iron Treads|Booster Energy
|-activate|p1a: Iron Treads|ability: Quark Drive|[fromitem]
|-start|p1a: Iron Treads|quarkdrivespe
|move|p2a: Whimsicott|Cotton Guard|p2a: Whimsicott
|-boost|p2a: Whimsicott|def|3
|
|upkeep
|turn|6
|
|t:|1760879750
|move|p2a: Whimsicott|Substitute|p2a: Whimsicott
|-start|p2a: Whimsicott|Substitute
|-damage|p2a: Whimsicott|76/100
|move|p1a: Iron Treads|Stealth Rock|p2a: Whimsicott
|-sidestart|p2: Novice by Nature|move: Stealth Rock
|
|-heal|p2a: Whimsicott|82/100|[from] item: Leftovers
|upkeep
|turn|7
|
|t:|1760879755
|move|p2a: Whimsicott|Cotton Guard|p2a: Whimsicott
|-boost|p2a: Whimsicott|def|3
|move|p1a: Iron Treads|Earth Power|p2a: Whimsicott
|-resisted|p2a: Whimsicott
|-activate|p2a: Whimsicott|move: Substitute|[damage]
|
|-heal|p2a: Whimsicott|88/100|[from] item: Leftovers
|upkeep
|turn|8
|
|t:|1760879764
|move|p2a: Whimsicott|Leech Seed|p1a: Iron Treads
|-start|p1a: Iron Treads|move: Leech Seed
|move|p1a: Iron Treads|Rapid Spin|p2a: Whimsicott
|-end|p2a: Whimsicott|Substitute
|-end|p1a: Iron Treads|Leech Seed|[from] move: Rapid Spin|[of] p1a: Iron Treads
|-boost|p1a: Iron Treads|spe|1
|
|-heal|p2a: Whimsicott|94/100|[from] item: Leftovers
|-sideend|p1: james2341|move: Light Screen
|upkeep
|turn|9
|
|t:|1760879771
|move|p2a: Whimsicott|Substitute|p2a: Whimsicott
|-start|p2a: Whimsicott|Substitute
|-damage|p2a: Whimsicott|70/100
|move|p1a: Iron Treads|Earth Power|p2a: Whimsicott
|-resisted|p2a: Whimsicott
|-activate|p2a: Whimsicott|move: Substitute|[damage]
|
|-heal|p2a: Whimsicott|76/100|[from] item: Leftovers
|upkeep
|turn|10
|
|t:|1760879774
|move|p1a: Iron Treads|Rapid Spin|p2a: Whimsicott
|-activate|p2a: Whimsicott|move: Substitute|[damage]
|-boost|p1a: Iron Treads|spe|1
|move|p2a: Whimsicott|Moonblast|p1a: Iron Treads
|-resisted|p1a: Iron Treads
|-damage|p1a: Iron Treads|81/100
|
|-heal|p2a: Whimsicott|82/100|[from] item: Leftovers
|upkeep
|turn|11
|
|t:|1760879777
|move|p1a: Iron Treads|Earth Power|p2a: Whimsicott
|-resisted|p2a: Whimsicott
|-end|p2a: Whimsicott|Substitute
|move|p2a: Whimsicott|Moonblast|p1a: Iron Treads
|-resisted|p1a: Iron Treads
|-damage|p1a: Iron Treads|62/100
|
|-heal|p2a: Whimsicott|88/100|[from] item: Leftovers
|upkeep
|turn|12
|
|t:|1760879782
|move|p2a: Whimsicott|Substitute|p2a: Whimsicott
|-start|p2a: Whimsicott|Substitute
|-damage|p2a: Whimsicott|63/100
|move|p1a: Iron Treads|Earth Power|p2a: Whimsicott
|-resisted|p2a: Whimsicott
|-activate|p2a: Whimsicott|move: Substitute|[damage]
|
|-heal|p2a: Whimsicott|70/100|[from] item: Leftovers
|upkeep
|turn|13
|
|t:|1760879785
|move|p2a: Whimsicott|Leech Seed|p1a: Iron Treads
|-start|p1a: Iron Treads|move: Leech Seed
|move|p1a: Iron Treads|Earth Power|p2a: Whimsicott
|-resisted|p2a: Whimsicott
|-end|p2a: Whimsicott|Substitute
|
|-heal|p2a: Whimsicott|76/100|[from] item: Leftovers
|-damage|p1a: Iron Treads|50/100|[from] Leech Seed|[of] p2a: Whimsicott
|-heal|p2a: Whimsicott|88/100|[silent]
|upkeep
|turn|14
|
|t:|1760879789
|move|p2a: Whimsicott|Substitute|p2a: Whimsicott
|-start|p2a: Whimsicott|Substitute
|-damage|p2a: Whimsicott|63/100
|move|p1a: Iron Treads|Rapid Spin|p2a: Whimsicott
|-activate|p2a: Whimsicott|move: Substitute|[damage]
|-end|p1a: Iron Treads|Leech Seed|[from] move: Rapid Spin|[of] p1a: Iron Treads
|-boost|p1a: Iron Treads|spe|1
|
|-heal|p2a: Whimsicott|70/100|[from] item: Leftovers
|upkeep
|turn|15
|
|t:|1760879792
|move|p1a: Iron Treads|Earth Power|p2a: Whimsicott
|-resisted|p2a: Whimsicott
|-end|p2a: Whimsicott|Substitute
|move|p2a: Whimsicott|Moonblast|p1a: Iron Treads
|-resisted|p1a: Iron Treads
|-damage|p1a: Iron Treads|33/100
|
|-heal|p2a: Whimsicott|76/100|[from] item: Leftovers
|upkeep
|turn|16
|
|t:|1760879794
|move|p2a: Whimsicott|Substitute|p2a: Whimsicott
|-start|p2a: Whimsicott|Substitute
|-damage|p2a: Whimsicott|51/100
|move|p1a: Iron Treads|Rapid Spin|p2a: Whimsicott
|-activate|p2a: Whimsicott|move: Substitute|[damage]
|-boost|p1a: Iron Treads|spe|1
|
|-heal|p2a: Whimsicott|57/100|[from] item: Leftovers
|upkeep
|turn|17
|
|t:|1760879797
|move|p1a: Iron Treads|Earth Power|p2a: Whimsicott
|-resisted|p2a: Whimsicott
|-activate|p2a: Whimsicott|move: Substitute|[damage]
|move|p2a: Whimsicott|Moonblast|p1a: Iron Treads
|-resisted|p1a: Iron Treads
|-damage|p1a: Iron Treads|13/100
|
|-heal|p2a: Whimsicott|63/100|[from] item: Leftovers
|upkeep
|turn|18
|
|t:|1760879801
|move|p2a: Whimsicott|Leech Seed|p1a: Iron Treads
|-start|p1a: Iron Treads|move: Leech Seed
|move|p1a: Iron Treads|Rapid Spin|p2a: Whimsicott
|-crit|p2a: Whimsicott
|-end|p2a: Whimsicott|Substitute
|-end|p1a: Iron Treads|Leech Seed|[from] move: Rapid Spin|[of] p1a: Iron Treads
|-boost|p1a: Iron Treads|spe|1
|
|-heal|p2a: Whimsicott|70/100|[from] item: Leftovers
|upkeep
|turn|19
|
|t:|1760879807
|move|p2a: Whimsicott|Substitute|p2a: Whimsicott
|-start|p2a: Whimsicott|Substitute
|-damage|p2a: Whimsicott|45/100
|move|p1a: Iron Treads|Steel Beam|p2a: Whimsicott
|-supereffective|p2a: Whimsicott
|-end|p2a: Whimsicott|Substitute
|-damage|p1a: Iron Treads|0 fnt|[from] steelbeam
|faint|p1a: Iron Treads
|-end|p1a: Iron Treads|Quark Drive|[silent]
|
|-heal|p2a: Whimsicott|51/100|[from] item: Leftovers
|upkeep
|
|t:|1760879810
|switch|p1a: Lucario|Lucario, M|100/100
|turn|20
|
|t:|1760879820
|switch|p2a: Heatran|Heatran, F|100/100
|switch|p1a: Grimmsnarl|Grimmsnarl, M|65/100
|
|upkeep
|turn|21
|
|t:|1760879824
|move|p1a: Grimmsnarl|Light Screen|p1a: Grimmsnarl
|-sidestart|p1: james2341|move: Light Screen
|move|p2a: Heatran|Magma Storm|p1a: Grimmsnarl
|-damage|p1a: Grimmsnarl|43/100
|-activate|p1a: Grimmsnarl|move: Magma Storm|[of] p2a: Heatran
|
|-damage|p1a: Grimmsnarl|31/100|[from] move: Magma Storm|[partiallytrapped]
|upkeep
|turn|22
|
|t:|1760879830
|move|p1a: Grimmsnarl|Reflect|p1a: Grimmsnarl
|-sidestart|p1: james2341|Reflect
|move|p2a: Heatran|Magma Storm|p1a: Grimmsnarl
|-crit|p1a: Grimmsnarl
|-damage|p1a: Grimmsnarl|0 fnt
|faint|p1a: Grimmsnarl
|
|upkeep
|
|t:|1760879847
|switch|p1a: Lucario|Lucario, M|100/100
|turn|23
|
|t:|1760879852
|switch|p2a: Thundurus|Thundurus-Therian, M|100/100
|-damage|p2a: Thundurus|76/100|[from] Stealth Rock
|-terastallize|p1a: Lucario|Normal
|move|p1a: Lucario|Swords Dance|p1a: Lucario
|-boost|p1a: Lucario|atk|2
|
|upkeep
|turn|24
|
|t:|1760879857
|switch|p2a: Heatran|Heatran, F|100/100
|move|p1a: Lucario|Extreme Speed|p2a: Heatran
|-resisted|p2a: Heatran
|-damage|p2a: Heatran|53/100
|-damage|p1a: Lucario|91/100|[from] item: Life Orb
|
|upkeep
|turn|25
|inactive|Novice by Nature has 120 seconds left.
|
|t:|1760879888
|switch|p2a: Blastoise|Blastoise, M|100/100
|move|p1a: Lucario|Close Combat|p2a: Blastoise
|-damage|p2a: Blastoise|0 fnt
|-unboost|p1a: Lucario|def|1
|-unboost|p1a: Lucario|spd|1
|faint|p2a: Blastoise
|-damage|p1a: Lucario|81/100|[from] item: Life Orb
|
|upkeep
|inactive|Novice by Nature has 120 seconds left.
|
|t:|1760879895
|switch|p2a: Rillaboom|Rillaboom, F|100/100
|-damage|p2a: Rillaboom|88/100|[from] Stealth Rock
|-fieldstart|move: Grassy Terrain|[from] ability: Grassy Surge|[of] p2a: Rillaboom
|turn|26
|
|t:|1760879898
|switch|p2a: Heatran|Heatran, F|53/100
|move|p1a: Lucario|Extreme Speed|p2a: Heatran
|-resisted|p2a: Heatran
|-damage|p2a: Heatran|8/100
|-damage|p1a: Lucario|71/100|[from] item: Life Orb
|
|-heal|p1a: Lucario|77/100|[from] Grassy Terrain
|-heal|p2a: Heatran|14/100|[from] Grassy Terrain
|upkeep
|turn|27
|
|t:|1760879907
|move|p1a: Lucario|Close Combat|p2a: Heatran
|-supereffective|p2a: Heatran
|-damage|p2a: Heatran|0 fnt
|-unboost|p1a: Lucario|def|1
|-unboost|p1a: Lucario|spd|1
|faint|p2a: Heatran
|-damage|p1a: Lucario|67/100|[from] item: Life Orb
|
|-heal|p1a: Lucario|73/100|[from] Grassy Terrain
|upkeep
|
|t:|1760879923
|switch|p2a: Ursaluna|Ursaluna, F|100/100
|-damage|p2a: Ursaluna|94/100|[from] Stealth Rock
|turn|28
|
|t:|1760879928
|-terastallize|p2a: Ursaluna|Fairy
|move|p1a: Lucario|Close Combat|p2a: Ursaluna
|-resisted|p2a: Ursaluna
|-damage|p2a: Ursaluna|42/100
|-unboost|p1a: Lucario|def|1
|-unboost|p1a: Lucario|spd|1
|-damage|p1a: Lucario|63/100|[from] item: Life Orb
|move|p2a: Ursaluna|Headlong Rush|p1a: Lucario
|-damage|p1a: Lucario|0 fnt
|-unboost|p2a: Ursaluna|def|1
|-unboost|p2a: Ursaluna|spd|1
|faint|p1a: Lucario
|
|-heal|p2a: Ursaluna|48/100|[from] Grassy Terrain
|-sideend|p1: james2341|move: Light Screen
|upkeep
|
|t:|1760879936
|switch|p1a: Great Tusk|Great Tusk, shiny|100/100
|-enditem|p1a: Great Tusk|Booster Energy
|-activate|p1a: Great Tusk|ability: Protosynthesis|[fromitem]
|-start|p1a: Great Tusk|protosynthesisspe
|turn|29
|
|t:|1760879941
|move|p1a: Great Tusk|Bulk Up|p1a: Great Tusk
|-boost|p1a: Great Tusk|atk|1
|-boost|p1a: Great Tusk|def|1
|move|p2a: Ursaluna|Body Slam|p1a: Great Tusk
|-damage|p1a: Great Tusk|92/100
|
|-heal|p1a: Great Tusk|98/100|[from] Grassy Terrain
|-heal|p2a: Ursaluna|54/100|[from] Grassy Terrain
|-sideend|p1: james2341|Reflect
|upkeep
|turn|30
|
|t:|1760879947
|move|p1a: Great Tusk|Bulk Up|p1a: Great Tusk
|-boost|p1a: Great Tusk|atk|1
|-boost|p1a: Great Tusk|def|1
|move|p2a: Ursaluna|Body Slam|p1a: Great Tusk
|-damage|p1a: Great Tusk|85/100
|
|-heal|p1a: Great Tusk|92/100|[from] Grassy Terrain
|-heal|p2a: Ursaluna|60/100|[from] Grassy Terrain
|upkeep
|turn|31
|
|t:|1760879950
|move|p1a: Great Tusk|Bulk Up|p1a: Great Tusk
|-boost|p1a: Great Tusk|atk|1
|-boost|p1a: Great Tusk|def|1
|move|p2a: Ursaluna|Body Slam|p1a: Great Tusk
|-damage|p1a: Great Tusk|82/100
|
|-heal|p1a: Great Tusk|88/100|[from] Grassy Terrain
|-heal|p2a: Ursaluna|66/100|[from] Grassy Terrain
|upkeep
|turn|32
|
|t:|1760879959
|move|p1a: Great Tusk|Ice Spinner|p2a: Ursaluna
|-damage|p2a: Ursaluna|5/100
|-fieldend|move: Grassy Terrain
|move|p2a: Ursaluna|Body Slam|p1a: Great Tusk
|-damage|p1a: Great Tusk|78/100
|
|upkeep
|turn|33
|
|t:|1760879965
|move|p1a: Great Tusk|Ice Spinner|p2a: Ursaluna
|-damage|p2a: Ursaluna|0 fnt
|faint|p2a: Ursaluna
|
|upkeep
|
|t:|1760879972
|switch|p2a: Thundurus|Thundurus-Therian, M|76/100
|-damage|p2a: Thundurus|51/100|[from] Stealth Rock
|turn|34
|
|t:|1760879978
|move|p2a: Thundurus|Tera Blast|p1a: Great Tusk
|-damage|p1a: Great Tusk|42/100
|move|p1a: Great Tusk|Ice Spinner|p2a: Thundurus
|-supereffective|p2a: Thundurus
|-damage|p2a: Thundurus|0 fnt
|faint|p2a: Thundurus
|
|upkeep
|
|t:|1760879984
|switch|p2a: Rillaboom|Rillaboom, F|88/100
|-damage|p2a: Rillaboom|76/100|[from] Stealth Rock
|-fieldstart|move: Grassy Terrain|[from] ability: Grassy Surge|[of] p2a: Rillaboom
|turn|35
|
|t:|1760879990
|move|p2a: Rillaboom|Grassy Glide|p1a: Great Tusk
|-supereffective|p1a: Great Tusk
|-damage|p1a: Great Tusk|20/100
|move|p1a: Great Tusk|Ice Spinner|p2a: Rillaboom
|-supereffective|p2a: Rillaboom
|-damage|p2a: Rillaboom|0 fnt
|-fieldend|move: Grassy Terrain
|faint|p2a: Rillaboom
|
|upkeep
|
|t:|1760879993
|switch|p2a: Whimsicott|Whimsicott, F|51/100
|-damage|p2a: Whimsicott|39/100|[from] Stealth Rock
|turn|36
|
|t:|1760879998
|move|p2a: Whimsicott|Cotton Guard|p2a: Whimsicott
|-boost|p2a: Whimsicott|def|3
|move|p1a: Great Tusk|Ice Spinner|p2a: Whimsicott
|-supereffective|p2a: Whimsicott
|-damage|p2a: Whimsicott|0 fnt
|faint|p2a: Whimsicott
|
|win|james2341
|raw|james2341's rating: 1635 &rarr; <strong>1655</strong><br />(+20 for winning)
|raw|Novice by Nature's rating: 1635 &rarr; <strong>1615</strong><br />(-20 for losing)
|l|☆Novice by Nature
|player|p2|
|l|☆james2341
|player|p1|
