|j|☆Yaemiya
|j|☆SuperCheburashka
|t:|1760794154
|gametype|singles
|player|p1|Yaemiya|clair|1106
|player|p2|SuperCheburashka|wallace|1132
|gen|9
|tier|[Gen 9] OU
|rated|
|rule|HP Percentage Mod: HP is shown in percentages
|rule|Endless Battle Clause: Forcing endless battles is banned
|rule|Species Clause: Limit one of each Pokémon
|rule|OHKO Clause: OHKO moves are banned
|rule|Evasion Items Clause: Evasion items are banned
|rule|Evasion Moves Clause: Evasion moves are banned
|rule|Evasion Abilities Clause: Evasion abilities are banned
|rule|Sleep Moves Clause: Sleep-inducing moves are banned
|clearpoke
|poke|p1|Zoroark-Hisui, M|
|poke|p1|Garganacl, F|
|poke|p1|Gholdengo|
|poke|p1|Zapdos|
|poke|p1|Kingambit, M|
|poke|p1|Tornadus-Therian, M|
|poke|p2|Hatterene, F|
|poke|p2|Great Tusk|
|poke|p2|Hoopa-Unbound|
|poke|p2|Samurott-Hisui, M|
|poke|p2|Iron Valiant|
|poke|p2|Pecharunt|
|teampreview
|inactive|Battle timer is ON: inactive players will automatically lose when time's up. (requested by SuperCheburashka)
|
|t:|1760794168
|teamsize|p1|6
|teamsize|p2|6
|start
|switch|p1a: Gholdengo|Gholdengo|100/100
|switch|p2a: Hoopa|Hoopa-Unbound|100/100
|turn|1
|
|t:|1760794183
|move|p1a: Gholdengo|Poltergeist|p2a: Hoopa
|-activate|p2a: Hoopa|move: Poltergeist|Choice Band
|-damage|p2a: Hoopa|7/100
|move|p2a: Hoopa|Hyperspace Fury|p1a: Gholdengo
|-supereffective|p1a: Gholdengo
|-damage|p1a: Gholdengo|0 fnt
|-unboost|p2a: Hoopa|def|1
|replace|p1a: Zoroark|Zoroark-Hisui, M
|-end|p1a: Zoroark|Illusion
|faint|p1a: Zoroark
|
|upkeep
|
|t:|1760794197
|switch|p1a: Gholdengo|Gholdengo|100/100
|-item|p1a: Gholdengo|Air Balloon
|turn|2
|
|t:|1760794206
|switch|p2a: Samurott|Samurott-Hisui, M|100/100
|move|p1a: Gholdengo|Shadow Ball|p2a: Samurott
|-resisted|p2a: Samurott
|-damage|p2a: Samurott|85/100
|
|upkeep
|turn|3
|
|t:|1760794218
|switch|p1a: Hes yellow|Zapdos|100/100
|move|p2a: Samurott|Ceaseless Edge|p1a: Hes yellow|[miss]
|-miss|p2a: Samurott|p1a: Hes yellow
|
|upkeep
|turn|4
|
|t:|1760794236
|switch|p2a: Hatterene|Hatterene, F|100/100
|move|p1a: Hes yellow|Discharge|p2a: Hatterene
|-damage|p2a: Hatterene|65/100
|-status|p2a: Hatterene|par
|
|upkeep
|turn|5
|
|t:|1760794254
|-terastallize|p1a: Hes yellow|Electric
|move|p1a: Hes yellow|Discharge|p2a: Hatterene
|-damage|p2a: Hatterene|17/100 par
|move|p2a: Hatterene|Pain Split|p1a: Hes yellow
|-sethp|p1a: Hes yellow|57/100|[from] move: Pain Split|[silent]
|-sethp|p2a: Hatterene|69/100 par|[from] move: Pain Split
|
|upkeep
|turn|6
|
|t:|1760794260
|move|p1a: Hes yellow|Discharge|p2a: Hatterene
|-damage|p2a: Hatterene|21/100 par
|move|p2a: Hatterene|Psychic Noise|p1a: Hes yellow
|-damage|p1a: Hes yellow|27/100
|-start|p1a: Hes yellow|move: Heal Block
|
|upkeep
|turn|7
|
|t:|1760794264
|move|p1a: Hes yellow|Discharge|p2a: Hatterene
|-damage|p2a: Hatterene|0 fnt
|faint|p2a: Hatterene
|
|-end|p1a: Hes yellow|move: Heal Block
|upkeep
|
|t:|1760794270
|switch|p2a: Iron Valiant|Iron Valiant|100/100
|turn|8
|
|t:|1760794297
|switch|p1a: Gholdengo|Gholdengo|100/100
|-item|p1a: Gholdengo|Air Balloon
|move|p2a: Iron Valiant|Moonblast|p1a: Gholdengo
|-resisted|p1a: Gholdengo
|-damage|p1a: Gholdengo|69/100
|-unboost|p1a: Gholdengo|spa|1
|-enditem|p1a: Gholdengo|Air Balloon
|
|upkeep
|turn|9
|
|t:|1760794306
|-end|p2a: Iron Valiant|Quark Drive|[silent]
|switch|p2a: Samurott|Samurott-Hisui, M|85/100
|move|p1a: Gholdengo|Make It Rain|p2a: Samurott
|-resisted|p2a: Samurott
|-crit|p2a: Samurott
|-damage|p2a: Samurott|49/100
|-unboost|p1a: Gholdengo|spa|1
|
|upkeep
|turn|10
|
|t:|1760794319
|switch|p1a: Hes yellow|Zapdos, tera:Electric|27/100
|move|p2a: Samurott|Ceaseless Edge|p1a: Hes yellow|[miss]
|-miss|p2a: Samurott|p1a: Hes yellow
|
|upkeep
|turn|11
|
|t:|1760794324
|move|p2a: Samurott|Sucker Punch||[still]
|-fail|p2a: Samurott
|move|p1a: Hes yellow|Roost|p1a: Hes yellow
|-heal|p1a: Hes yellow|77/100
|
|upkeep
|turn|12
|
|t:|1760794327
|move|p1a: Hes yellow|Roost|p1a: Hes yellow
|-heal|p1a: Hes yellow|100/100
|move|p2a: Samurott|Ceaseless Edge|p1a: Hes yellow
|-damage|p1a: Hes yellow|68/100
|-status|p2a: Samurott|par|[from] ability: Static|[of] p1a: Hes yellow
|-sidestart|p1: Yaemiya|Spikes
|
|upkeep
|turn|13
|j| Onyx460
|
|t:|1760794333
|switch|p2a: Great Tusk|Great Tusk|100/100
|move|p1a: Hes yellow|Discharge|p2a: Great Tusk
|-immune|p2a: Great Tusk
|
|upkeep
|turn|14
|
|t:|1760794341
|move|p2a: Great Tusk|Headlong Rush|p1a: Hes yellow
|-supereffective|p1a: Hes yellow
|-damage|p1a: Hes yellow|0 fnt
|-unboost|p2a: Great Tusk|def|1
|-unboost|p2a: Great Tusk|spd|1
|-status|p2a: Great Tusk|par|[from] ability: Static|[of] p1a: Hes yellow
|faint|p1a: Hes yellow
|
|upkeep
|c| Onyx460|heartbreak emoji wilted rose emoji
|
|t:|1760794363
|switch|p1a: Probably Zoroark|Kingambit, M|100/100
|-damage|p1a: Probably Zoroark|88/100|[from] Spikes
|-activate|p1a: Probably Zoroark|ability: Supreme Overlord
|-start|p1a: Probably Zoroark|fallen2|[silent]
|turn|15
|
|t:|1760794370
|move|p1a: Probably Zoroark|Iron Head|p2a: Great Tusk
|-damage|p2a: Great Tusk|33/100 par
|move|p2a: Great Tusk|Headlong Rush|p1a: Probably Zoroark
|-supereffective|p1a: Probably Zoroark
|-damage|p1a: Probably Zoroark|0 fnt
|-unboost|p2a: Great Tusk|def|1
|-unboost|p2a: Great Tusk|spd|1
|faint|p1a: Probably Zoroark
|-end|p1a: Probably Zoroark|fallen2|[silent]
|
|upkeep
|inactive|Yaemiya has 120 seconds left.
|
|t:|1760794399
|switch|p1a: Gholdengo|Gholdengo|69/100
|-damage|p1a: Gholdengo|56/100|[from] Spikes
|turn|16
|inactive|Yaemiya has 120 seconds left.
|
|t:|1760794412
|move|p1a: Gholdengo|Shadow Ball|p2a: Great Tusk
|-damage|p2a: Great Tusk|0 fnt
|faint|p2a: Great Tusk
|-end|p2a: Great Tusk|Protosynthesis|[silent]
|
|upkeep
|
|t:|1760794433
|switch|p2a: Iron Valiant|Iron Valiant|100/100
|turn|17
|
|t:|1760794443
|move|p2a: Iron Valiant|Shadow Ball|p1a: Gholdengo
|-supereffective|p1a: Gholdengo
|-crit|p1a: Gholdengo
|-damage|p1a: Gholdengo|0 fnt
|faint|p1a: Gholdengo
|
|upkeep
|
|t:|1760794449
|switch|p1a: green|Tornadus-Therian, M|100/100
|turn|18
|
|t:|1760794461
|-end|p2a: Iron Valiant|Quark Drive|[silent]
|switch|p2a: Samurott|Samurott-Hisui, M|49/100 par
|move|p1a: green|Nasty Plot|p1a: green
|-boost|p1a: green|spa|2
|
|upkeep
|turn|19
|
|t:|1760794474
|move|p1a: green|Grass Knot|p2a: Samurott
|-supereffective|p2a: Samurott
|-crit|p2a: Samurott
|-damage|p2a: Samurott|0 fnt
|faint|p2a: Samurott
|-damage|p1a: green|91/100|[from] item: Life Orb
|
|upkeep
|
|t:|1760794493
|switch|p2a: Hoopa|Hoopa-Unbound|7/100
|turn|20
|
|t:|1760794502
|move|p1a: green|Grass Knot|p2a: Hoopa
|-damage|p2a: Hoopa|0 fnt
|faint|p2a: Hoopa
|-damage|p1a: green|81/100|[from] item: Life Orb
|
|upkeep
|
|t:|1760794506
|switch|p2a: Iron Valiant|Iron Valiant|100/100
|turn|21
|
|t:|1760794512
|move|p2a: Iron Valiant|Thunderbolt|p1a: green
|-supereffective|p1a: green
|-damage|p1a: green|0 fnt
|faint|p1a: green
|
|upkeep
|
|t:|1760794516
|switch|p1a: Might be Zoroark|Garganacl, F|100/100
|-damage|p1a: Might be Zoroark|88/100|[from] Spikes
|turn|22
|
|t:|1760794518
|move|p2a: Iron Valiant|Thunderbolt|p1a: Might be Zoroark
|-damage|p1a: Might be Zoroark|67/100
|move|p1a: Might be Zoroark|Salt Cure|p2a: Iron Valiant
|-resisted|p2a: Iron Valiant
|-damage|p2a: Iron Valiant|91/100
|-start|p2a: Iron Valiant|Salt Cure
|
|-heal|p1a: Might be Zoroark|73/100|[from] item: Leftovers
|-damage|p2a: Iron Valiant|79/100|[from] Salt Cure
|upkeep
|turn|23
|
|t:|1760794523
|move|p2a: Iron Valiant|Thunderbolt|p1a: Might be Zoroark
|-damage|p1a: Might be Zoroark|50/100
|move|p1a: Might be Zoroark|Curse|p1a: Might be Zoroark
|-unboost|p1a: Might be Zoroark|spe|1
|-boost|p1a: Might be Zoroark|atk|1
|-boost|p1a: Might be Zoroark|def|1
|
|-heal|p1a: Might be Zoroark|56/100|[from] item: Leftovers
|-damage|p2a: Iron Valiant|66/100|[from] Salt Cure
|upkeep
|turn|24
|
|t:|1760794529
|-end|p2a: Iron Valiant|Quark Drive|[silent]
|switch|p2a: Pecharunt|Pecharunt|100/100
|move|p1a: Might be Zoroark|Recover|p1a: Might be Zoroark
|-heal|p1a: Might be Zoroark|100/100
|
|upkeep
|turn|25
|inactive|SuperCheburashka has 120 seconds left.
|c|☆Yaemiya|yo this guy might be zoroark
|c|☆Yaemiya|are you sure you wanna fight
|
|t:|1760794578
|-terastallize|p2a: Pecharunt|Ghost
|move|p2a: Pecharunt|Nasty Plot|p2a: Pecharunt
|-boost|p2a: Pecharunt|spa|2
|move|p1a: Might be Zoroark|Salt Cure|p2a: Pecharunt
|-damage|p2a: Pecharunt|85/100
|
|upkeep
|turn|26
|c| Onyx460|plotted the nasty
|c|☆Yaemiya|wtf
|c|☆Yaemiya|hi onyx
|inactive|SuperCheburashka has 90 seconds left.
|c| Onyx460|wassup
|
|t:|1760794611
|move|p2a: Pecharunt|Nasty Plot|p2a: Pecharunt
|-boost|p2a: Pecharunt|spa|2
|move|p1a: Might be Zoroark|Recover||[still]
|-fail|p1a: Might be Zoroark|heal
|
|upkeep
|turn|27
|c|☆Yaemiya|i might lost
|c|☆Yaemiya|mightve lost
|c| Onyx460|mad situation youre in
|
|t:|1760794617
|move|p2a: Pecharunt|Nasty Plot|p2a: Pecharunt
|-boost|p2a: Pecharunt|spa|2
|move|p1a: Might be Zoroark|Curse|p1a: Might be Zoroark
|-unboost|p1a: Might be Zoroark|spe|1
|-boost|p1a: Might be Zoroark|atk|1
|-boost|p1a: Might be Zoroark|def|1
|
|upkeep
|turn|28
|c| Onyx460|cooked bro
|
|t:|1760794622
|move|p2a: Pecharunt|Malignant Chain|p1a: Might be Zoroark
|-resisted|p1a: Might be Zoroark
|-damage|p1a: Might be Zoroark|51/100
|move|p1a: Might be Zoroark|Salt Cure|p2a: Pecharunt
|-damage|p2a: Pecharunt|64/100
|
|-heal|p1a: Might be Zoroark|57/100|[from] item: Leftovers
|upkeep
|turn|29
|c|☆SuperCheburashka|my teams pretty weak to garg
|c|☆SuperCheburashka|had to run covert cloak
|
|t:|1760794638
|move|p2a: Pecharunt|Malignant Chain|p1a: Might be Zoroark
|-resisted|p1a: Might be Zoroark
|-damage|p1a: Might be Zoroark|4/100
|move|p1a: Might be Zoroark|Recover|p1a: Might be Zoroark
|-heal|p1a: Might be Zoroark|54/100
|
|-heal|p1a: Might be Zoroark|60/100|[from] item: Leftovers
|upkeep
|turn|30
|l|☆Yaemiya
|inactive|Yaemiya disconnected and has a minute to reconnect!
|player|p1|
|c| Onyx460|wait
|c| Onyx460|doesnt salt cure do dmg over time
|inactive|Yaemiya has 30 seconds to reconnect!
|c|☆SuperCheburashka|i have covert cloak
|c| Onyx460|ahh
|c| Onyx460|right
|inactive|Yaemiya has 20 seconds to reconnect!
|j|☆Yaemiya
|inactive|Yaemiya reconnected and has 105 seconds left.
|player|p1|Yaemiya|clair|
|inactive|Yaemiya has 90 seconds left.
|l|☆Yaemiya
|inactive|Yaemiya disconnected and has a minute to reconnect!
|player|p1|
|inactive|Yaemiya has 30 seconds to reconnect!
|c| Onyx460|yo
|c| Onyx460|lowkey
|c| Onyx460|mind games rn
|inactive|Yaemiya has 20 seconds to reconnect!
|inactive|Yaemiya has 15 seconds to reconnect!
|inactive|Yaemiya has 10 seconds to reconnect!
|inactive|Yaemiya has 5 seconds to reconnect!
|c| Onyx460|oh well
|c|☆SuperCheburashka|not really, i live an eq, and spam chain
|-message|Yaemiya lost due to inactivity.
|
|win|SuperCheburashka
|raw|Yaemiya's rating: 1106 &rarr; <strong>1083</strong><br />(-23 for losing)
|raw|SuperCheburashka's rating: 1132 &rarr; <strong>1155</strong><br />(+23 for winning)
|c| Onyx460|nice one
|c|☆SuperCheburashka|ggs
