|j|☆AsierX
|j|☆NIKINDIABURST
|t:|1760785251
|gametype|singles
|player|p1|AsierX|skierf|1447
|player|p2|NIKINDIABURST|teamrocket|1443
|gen|9
|tier|[Gen 9] OU
|rated|
|rule|HP Percentage Mod: HP is shown in percentages
|rule|Endless Battle Clause: Forcing endless battles is banned
|rule|Species Clause: Limit one of each Pokémon
|rule|OHKO Clause: OHKO moves are banned
|rule|Evasion Items Clause: Evasion items are banned
|rule|Evasion Moves Clause: Evasion moves are banned
|rule|Evasion Abilities Clause: Evasion abilities are banned
|rule|Sleep Moves Clause: Sleep-inducing moves are banned
|clearpoke
|poke|p1|Moltres-Galar|
|poke|p1|Zapdos-Galar|
|poke|p1|Ogerpon-Wellspring, F|
|poke|p1|Iron Boulder|
|poke|p1|Sandy Shocks|
|poke|p1|Cinderace, M|
|poke|p2|Rillaboom, M|
|poke|p2|Kingambit, M|
|poke|p2|Walking Wake|
|poke|p2|Iron Moth|
|poke|p2|Thundurus-Therian, M|
|poke|p2|Ursaluna, M|
|teampreview
|inactive|Battle timer is ON: inactive players will automatically lose when time's up. (requested by NIKINDIABURST)
|inactive|NIKINDIABURST has 120 seconds left.
|
|t:|1760785286
|teamsize|p1|6
|teamsize|p2|6
|start
|switch|p1a: 𝕷 𝖊 𝖌 𝖘|Sandy Shocks|100/100
|switch|p2a: Thundurus|Thundurus-Therian, M|100/100
|turn|1
|
|t:|1760785295
|move|p1a: 𝕷 𝖊 𝖌 𝖘|Iron Defense|p1a: 𝕷 𝖊 𝖌 𝖘
|-boost|p1a: 𝕷 𝖊 𝖌 𝖘|def|2
|move|p2a: Thundurus|Dark Pulse|p1a: 𝕷 𝖊 𝖌 𝖘
|-damage|p1a: 𝕷 𝖊 𝖌 𝖘|37/100
|
|-heal|p1a: 𝕷 𝖊 𝖌 𝖘|44/100|[from] item: Leftovers
|upkeep
|turn|2
|j| wgw2333
|
|t:|1760785305
|-end|p1a: 𝕷 𝖊 𝖌 𝖘|Protosynthesis|[silent]
|switch|p1a: Here's the kicker|Cinderace, M|100/100
|move|p2a: Thundurus|Dark Pulse|p1a: Here's the kicker
|-damage|p1a: Here's the kicker|35/100
|
|upkeep
|turn|3
|
|t:|1760785309
|move|p1a: Here's the kicker|Pyro Ball|p2a: Thundurus
|-damage|p2a: Thundurus|26/100
|move|p2a: Thundurus|Dark Pulse|p1a: Here's the kicker
|-damage|p1a: Here's the kicker|0 fnt
|faint|p1a: Here's the kicker
|
|upkeep
|
|t:|1760785312
|switch|p1a: Big Bonk|Ogerpon-Wellspring, F|100/100
|turn|4
|
|t:|1760785316
|move|p1a: Big Bonk|Ivy Cudgel|p2a: Thundurus|[anim] Ivy Cudgel Water
|-damage|p2a: Thundurus|0 fnt
|faint|p2a: Thundurus
|
|upkeep
|
|t:|1760785319
|switch|p2a: Rillaboom|Rillaboom, M|100/100
|-fieldstart|move: Grassy Terrain|[from] ability: Grassy Surge|[of] p2a: Rillaboom
|-enditem|p2a: Rillaboom|Grassy Seed
|-boost|p2a: Rillaboom|def|1|[from] item: Grassy Seed
|turn|5
|
|t:|1760785322
|switch|p1a: Birdbrain|Zapdos-Galar|100/100
|move|p2a: Rillaboom|Swords Dance|p2a: Rillaboom
|-boost|p2a: Rillaboom|atk|2
|
|upkeep
|turn|6
|
|t:|1760785328
|move|p1a: Birdbrain|Brave Bird|p2a: Rillaboom
|-supereffective|p2a: Rillaboom
|-damage|p2a: Rillaboom|26/100
|-damage|p1a: Birdbrain|69/100|[from] Recoil
|move|p2a: Rillaboom|Acrobatics|p1a: Birdbrain
|-supereffective|p1a: Birdbrain
|-damage|p1a: Birdbrain|0 fnt
|faint|p1a: Birdbrain
|
|-heal|p2a: Rillaboom|32/100|[from] Grassy Terrain
|upkeep
|
|t:|1760785333
|switch|p1a: Battering Ram|Iron Boulder|100/100
|-enditem|p1a: Battering Ram|Booster Energy
|-activate|p1a: Battering Ram|ability: Quark Drive|[fromitem]
|-start|p1a: Battering Ram|quarkdrivespe
|turn|7
|
|t:|1760785342
|-terastallize|p1a: Battering Ram|Bug
|move|p2a: Rillaboom|Grassy Glide|p1a: Battering Ram
|-resisted|p1a: Battering Ram
|-damage|p1a: Battering Ram|52/100
|move|p1a: Battering Ram|Megahorn|p2a: Rillaboom
|-supereffective|p2a: Rillaboom
|-damage|p2a: Rillaboom|0 fnt
|faint|p2a: Rillaboom
|
|-heal|p1a: Battering Ram|58/100|[from] Grassy Terrain
|upkeep
|
|t:|1760785361
|switch|p2a: Walking Wake|Walking Wake|100/100
|turn|8
|
|t:|1760785373
|move|p1a: Battering Ram|Megahorn|p2a: Walking Wake
|-damage|p2a: Walking Wake|41/100
|move|p2a: Walking Wake|Flamethrower|p1a: Battering Ram
|-supereffective|p1a: Battering Ram
|-damage|p1a: Battering Ram|0 fnt
|faint|p1a: Battering Ram
|-end|p1a: Battering Ram|Quark Drive|[silent]
|
|-heal|p2a: Walking Wake|47/100|[from] Grassy Terrain
|upkeep
|
|t:|1760785379
|switch|p1a: 🔥I'm EVIL‼🔥|Moltres-Galar|100/100
|turn|9
|
|t:|1760785384
|move|p2a: Walking Wake|Flamethrower|p1a: 🔥I'm EVIL‼🔥
|-damage|p1a: 🔥I'm EVIL‼🔥|60/100
|move|p1a: 🔥I'm EVIL‼🔥|Agility|p1a: 🔥I'm EVIL‼🔥
|-boost|p1a: 🔥I'm EVIL‼🔥|spe|2
|
|-heal|p2a: Walking Wake|54/100|[from] Grassy Terrain
|-fieldend|move: Grassy Terrain
|upkeep
|turn|10
|
|t:|1760785390
|move|p1a: 🔥I'm EVIL‼🔥|Nasty Plot|p1a: 🔥I'm EVIL‼🔥
|-boost|p1a: 🔥I'm EVIL‼🔥|spa|2
|move|p2a: Walking Wake|Flamethrower|p1a: 🔥I'm EVIL‼🔥
|-damage|p1a: 🔥I'm EVIL‼🔥|14/100
|-ability|p1a: 🔥I'm EVIL‼🔥|Berserk|boost
|-boost|p1a: 🔥I'm EVIL‼🔥|spa|1
|-enditem|p1a: 🔥I'm EVIL‼🔥|Sitrus Berry|[eat]
|-heal|p1a: 🔥I'm EVIL‼🔥|39/100|[from] item: Sitrus Berry
|
|upkeep
|turn|11
|
|t:|1760785396
|move|p1a: 🔥I'm EVIL‼🔥|Fiery Wrath|p2a: Walking Wake
|-damage|p2a: Walking Wake|0 fnt
|faint|p2a: Walking Wake
|-end|p2a: Walking Wake|Protosynthesis|[silent]
|
|upkeep
|
|t:|1760785404
|switch|p2a: Ursaluna|Ursaluna, M|100/100
|turn|12
|
|t:|1760785413
|move|p1a: 🔥I'm EVIL‼🔥|Hurricane|p2a: Ursaluna
|-damage|p2a: Ursaluna|0 fnt
|faint|p2a: Ursaluna
|
|upkeep
|
|t:|1760785418
|switch|p2a: Kingambit|Kingambit, M|100/100
|-activate|p2a: Kingambit|ability: Supreme Overlord
|-start|p2a: Kingambit|fallen4|[silent]
|turn|13
|
|t:|1760785425
|-terastallize|p2a: Kingambit|Fairy
|move|p1a: 🔥I'm EVIL‼🔥|Hurricane|p2a: Kingambit|[miss]
|-miss|p1a: 🔥I'm EVIL‼🔥|p2a: Kingambit
|move|p2a: Kingambit|Swords Dance|p2a: Kingambit
|-boost|p2a: Kingambit|atk|2
|
|upkeep
|turn|14
|
|t:|1760785430
|move|p2a: Kingambit|Sucker Punch|p1a: 🔥I'm EVIL‼🔥
|-resisted|p1a: 🔥I'm EVIL‼🔥
|-damage|p1a: 🔥I'm EVIL‼🔥|0 fnt
|faint|p1a: 🔥I'm EVIL‼🔥
|
|upkeep
|
|t:|1760785432
|switch|p1a: Big Bonk|Ogerpon-Wellspring, F|100/100
|turn|15
|
|t:|1760785435
|move|p1a: Big Bonk|Encore|p2a: Kingambit
|-start|p2a: Kingambit|Encore
|move|p2a: Kingambit|Sucker Punch||[still]
|-fail|p2a: Kingambit
|
|upkeep
|turn|16
|
|t:|1760785442
|-end|p2a: Kingambit|fallen4|[silent]
|switch|p2a: Iron Moth|Iron Moth|100/100
|-enditem|p2a: Iron Moth|Booster Energy
|-activate|p2a: Iron Moth|ability: Quark Drive|[fromitem]
|-start|p2a: Iron Moth|quarkdrivespa
|move|p1a: Big Bonk|Swords Dance|p1a: Big Bonk
|-boost|p1a: Big Bonk|atk|2
|
|upkeep
|turn|17
|
|t:|1760785450
|-end|p2a: Iron Moth|Quark Drive|[silent]
|switch|p2a: Kingambit|Kingambit, M, tera:Fairy|100/100
|-activate|p2a: Kingambit|ability: Supreme Overlord
|-start|p2a: Kingambit|fallen4|[silent]
|move|p1a: Big Bonk|Ivy Cudgel|p2a: Kingambit|[anim] Ivy Cudgel Water
|-damage|p2a: Kingambit|22/100
|
|-heal|p2a: Kingambit|28/100|[from] item: Leftovers
|upkeep
|turn|18
|
|t:|1760785461
|move|p2a: Kingambit|Sucker Punch|p1a: Big Bonk
|-damage|p1a: Big Bonk|28/100
|move|p1a: Big Bonk|Ivy Cudgel|p2a: Kingambit|[anim] Ivy Cudgel Water
|-damage|p2a: Kingambit|0 fnt
|faint|p2a: Kingambit
|-end|p2a: Kingambit|fallen4|[silent]
|
|upkeep
|
|t:|1760785467
|switch|p2a: Iron Moth|Iron Moth|100/100
|turn|19
|
|t:|1760785470
|move|p1a: Big Bonk|Ivy Cudgel|p2a: Iron Moth|[anim] Ivy Cudgel Water
|-supereffective|p2a: Iron Moth
|-damage|p2a: Iron Moth|0 fnt
|faint|p2a: Iron Moth
|-end|p2a: Iron Moth|Quark Drive|[silent]
|
|win|AsierX
|raw|AsierX's rating: 1447 &rarr; <strong>1468</strong><br />(+21 for winning)
|raw|NIKINDIABURST's rating: 1461 &rarr; <strong>1440</strong><br />(-21 for losing)
|l|☆AsierX
|player|p1|
|l|☆NIKINDIABURST
|player|p2|
|l| wgw2333
