|j|☆Ribena Supernova
|j|☆OP Earthquakes
|t:|1760881540
|gametype|singles
|player|p1|Ribena Supernova|leaf-masters|1608
|player|p2|OP Earthquakes|giovanni-masters|1561
|gen|9
|tier|[Gen 9] OU
|rated|
|rule|HP Percentage Mod: HP is shown in percentages
|rule|Endless Battle Clause: Forcing endless battles is banned
|rule|Species Clause: Limit one of each Pokémon
|rule|OHKO Clause: OHKO moves are banned
|rule|Evasion Items Clause: Evasion items are banned
|rule|Evasion Moves Clause: Evasion moves are banned
|rule|Evasion Abilities Clause: Evasion abilities are banned
|rule|Sleep Moves Clause: Sleep-inducing moves are banned
|clearpoke
|poke|p1|Gliscor, M|
|poke|p1|Walking Wake|
|poke|p1|Slowking-Galar, F|
|poke|p1|Zamazenta-*|
|poke|p1|Ting-Lu|
|poke|p1|Kingambit, M|
|poke|p2|Excadrill, F|
|poke|p2|Hawlucha, M|
|poke|p2|Kyurem|
|poke|p2|Tyranitar, F|
|poke|p2|Pawmot, M|
|poke|p2|Thundurus-Therian, M|
|teampreview
|inactive|Battle timer is ON: inactive players will automatically lose when time's up. (requested by OP Earthquakes)
|c|☆Ribena Supernova|cool team
|
|t:|1760881552
|teamsize|p1|6
|teamsize|p2|6
|start
|switch|p1a: Walking Wake|Walking Wake|100/100
|switch|p2a: Frieza|Kyurem, shiny|100/100
|-ability|p2a: Frieza|Pressure
|turn|1
|
|t:|1760881560
|-end|p1a: Walking Wake|Protosynthesis|[silent]
|switch|p1a: Slowking|Slowking-Galar, F|100/100
|-terastallize|p2a: Frieza|Ghost
|move|p2a: Frieza|Freeze-Dry|p1a: Slowking
|-damage|p1a: Slowking|78/100
|
|upkeep
|turn|2
|
|t:|1760881567
|switch|p2a: Thundurus|Thundurus-Therian, M|100/100
|-prepare|p1a: Slowking|Chilly Reception|[premajor]
|move|p1a: Slowking|Chilly Reception|p1a: Slowking
|-weather|Snowscape
|
|t:|1760881570
|switch|p1a: Ting-Lu|Ting-Lu|100/100|[from] Chilly Reception
|-ability|p1a: Ting-Lu|Vessel of Ruin
|
|-weather|Snowscape|[upkeep]
|upkeep
|turn|3
|
|t:|1760881573
|move|p2a: Thundurus|Weather Ball|p1a: Ting-Lu
|-supereffective|p1a: Ting-Lu
|-damage|p1a: Ting-Lu|62/100
|move|p1a: Ting-Lu|Stealth Rock|p2a: Thundurus
|-sidestart|p2: OP Earthquakes|move: Stealth Rock
|
|-weather|Snowscape|[upkeep]
|-heal|p1a: Ting-Lu|69/100|[from] item: Leftovers
|upkeep
|turn|4
|
|t:|1760881583
|switch|p2a: Itachi|Hawlucha, M, shiny|100/100
|-damage|p2a: Itachi|88/100|[from] Stealth Rock
|-ability|p2a: Itachi|Mold Breaker
|switch|p1a: Slowking|Slowking-Galar, F|100/100
|
|-weather|Snowscape|[upkeep]
|upkeep
|turn|5
|
|t:|1760881586
|move|p2a: Itachi|Defog|p1a: Slowking
|-unboost|p1a: Slowking|evasion|1
|-sideend|p2: OP Earthquakes|Stealth Rock|[from] move: Defog|[of] p2a: Itachi
|move|p1a: Slowking|Sludge Bomb|p2a: Itachi
|-damage|p2a: Itachi|35/100
|-enditem|p2a: Itachi|Red Card|[of] p1a: Slowking
|drag|p1a: Ting-Lu|Ting-Lu|69/100
|-ability|p1a: Ting-Lu|Vessel of Ruin
|
|-weather|Snowscape|[upkeep]
|-heal|p1a: Ting-Lu|75/100|[from] item: Leftovers
|upkeep
|turn|6
|
|t:|1760881594
|move|p2a: Itachi|Swords Dance|p2a: Itachi
|-boost|p2a: Itachi|atk|2
|move|p1a: Ting-Lu|Stealth Rock|p2a: Itachi
|-sidestart|p2: OP Earthquakes|move: Stealth Rock
|
|-weather|none
|-heal|p1a: Ting-Lu|81/100|[from] item: Leftovers
|upkeep
|turn|7
|
|t:|1760881600
|switch|p1a: Slowking|Slowking-Galar, F|100/100
|move|p2a: Itachi|Encore||[still]
|-fail|p2a: Itachi
|
|upkeep
|turn|8
|
|t:|1760881609
|switch|p1a: Kingambit|Kingambit, M|100/100
|move|p2a: Itachi|Brave Bird|p1a: Kingambit
|-resisted|p1a: Kingambit
|-damage|p1a: Kingambit|58/100
|-damage|p2a: Itachi|19/100|[from] Recoil
|
|upkeep
|turn|9
|
|t:|1760881616
|move|p2a: Itachi|Defog|p1a: Kingambit
|-unboost|p1a: Kingambit|evasion|1
|-sideend|p2: OP Earthquakes|Stealth Rock|[from] move: Defog|[of] p2a: Itachi
|move|p1a: Kingambit|Kowtow Cleave|p2a: Itachi
|-resisted|p2a: Itachi
|-damage|p2a: Itachi|0 fnt
|faint|p2a: Itachi
|
|upkeep
|inactive|OP Earthquakes has 120 seconds left.
|
|t:|1760881647
|switch|p2a: OP|Excadrill, F|100/100
|turn|10
|
|t:|1760881651
|-end|p1a: Kingambit|fallenundefined|[silent]
|switch|p1a: Gliscor|Gliscor, M|100/100
|move|p2a: OP|Iron Head|p1a: Gliscor
|-damage|p1a: Gliscor|49/100
|
|-status|p1a: Gliscor|tox|[from] item: Toxic Orb
|upkeep
|turn|11
|
|t:|1760881662
|switch|p2a: Frieza|Kyurem, shiny, tera:Ghost|100/100
|-ability|p2a: Frieza|Pressure
|move|p1a: Gliscor|Protect||[still]
|-fail|p1a: Gliscor
|
|-heal|p1a: Gliscor|61/100 tox|[from] ability: Poison Heal
|upkeep
|turn|12
|
|t:|1760881667
|move|p1a: Gliscor|Protect|p1a: Gliscor
|-singleturn|p1a: Gliscor|Protect
|move|p2a: Frieza|Freeze-Dry|p1a: Gliscor
|-activate|p1a: Gliscor|move: Protect
|
|-heal|p1a: Gliscor|74/100 tox|[from] ability: Poison Heal
|upkeep
|turn|13
|
|t:|1760881670
|switch|p1a: Slowking|Slowking-Galar, F|100/100
|move|p2a: Frieza|Shadow Ball|p1a: Slowking
|-supereffective|p1a: Slowking
|-damage|p1a: Slowking|38/100
|-unboost|p1a: Slowking|spd|1
|
|upkeep
|turn|14
|
|t:|1760881683
|switch|p1a: Kingambit|Kingambit, M|58/100
|move|p2a: Frieza|Freeze-Dry|p1a: Kingambit
|-resisted|p1a: Kingambit
|-damage|p1a: Kingambit|35/100
|
|upkeep
|turn|15
|
|t:|1760881690
|move|p1a: Kingambit|Sucker Punch|p2a: Frieza
|-supereffective|p2a: Frieza
|-damage|p2a: Frieza|1/100
|move|p2a: Frieza|Earth Power|p1a: Kingambit
|-supereffective|p1a: Kingambit
|-damage|p1a: Kingambit|0 fnt
|faint|p1a: Kingambit
|-end|p1a: Kingambit|fallenundefined|[silent]
|
|upkeep
|
|t:|1760881698
|switch|p1a: Walking Wake|Walking Wake|100/100
|turn|16
|
|t:|1760881702
|switch|p2a: Thundurus|Thundurus-Therian, M|100/100
|move|p1a: Walking Wake|Scald|p2a: Thundurus
|-damage|p2a: Thundurus|44/100
|-status|p2a: Thundurus|brn
|
|-damage|p2a: Thundurus|38/100 brn|[from] brn
|upkeep
|turn|17
|
|t:|1760881711
|switch|p2a: Frieza|Kyurem, shiny, tera:Ghost|1/100
|-ability|p2a: Frieza|Pressure
|move|p1a: Walking Wake|Scald|p2a: Frieza
|-damage|p2a: Frieza|0 fnt
|faint|p2a: Frieza
|
|upkeep
|
|t:|1760881715
|switch|p2a: Shukaku|Tyranitar, F, shiny|100/100
|-weather|Sandstorm|[from] ability: Sand Stream|[of] p2a: Shukaku
|turn|18
|
|t:|1760881723
|-end|p1a: Walking Wake|Protosynthesis|[silent]
|switch|p1a: Ting-Lu|Ting-Lu|81/100
|-ability|p1a: Ting-Lu|Vessel of Ruin
|move|p2a: Shukaku|Stealth Rock|p1a: Ting-Lu
|-sidestart|p1: Ribena Supernova|move: Stealth Rock
|
|-weather|Sandstorm|[upkeep]
|-heal|p1a: Ting-Lu|87/100|[from] item: Leftovers
|upkeep
|turn|19
|inactive|OP Earthquakes has 120 seconds left.
|
|t:|1760881761
|switch|p2a: Porunga|Pawmot, M|100/100
|move|p1a: Ting-Lu|Earthquake|p2a: Porunga
|-supereffective|p2a: Porunga
|-damage|p2a: Porunga|0 fnt
|faint|p2a: Porunga
|
|-weather|Sandstorm|[upkeep]
|-heal|p1a: Ting-Lu|93/100|[from] item: Leftovers
|upkeep
|-message|OP Earthquakes forfeited.
|
|win|Ribena Supernova
|raw|Ribena Supernova's rating: 1608 &rarr; <strong>1625</strong><br />(+17 for winning)
|raw|OP Earthquakes's rating: 1561 &rarr; <strong>1544</strong><br />(-17 for losing)
|l|☆OP Earthquakes
|player|p2|
|l|☆Ribena Supernova
|player|p1|
