|j|☆Pixeled One
|j|☆Humble Rule Bearer
|t:|1760787687
|gametype|singles
|player|p1|Pixeled One|flint|1258
|player|p2|Humble Rule Bearer|266|1206
|gen|9
|tier|[Gen 9] OU
|rated|
|rule|HP Percentage Mod: HP is shown in percentages
|rule|Endless Battle Clause: Forcing endless battles is banned
|rule|Species Clause: Limit one of each Pokémon
|rule|OHKO Clause: OHKO moves are banned
|rule|Evasion Items Clause: Evasion items are banned
|rule|Evasion Moves Clause: Evasion moves are banned
|rule|Evasion Abilities Clause: Evasion abilities are banned
|rule|Sleep Moves Clause: Sleep-inducing moves are banned
|clearpoke
|poke|p1|Torkoal, F|
|poke|p1|Scovillain, F|
|poke|p1|Walking Wake|
|poke|p1|Hatterene, F|
|poke|p1|Great Tusk|
|poke|p1|Ceruledge, F|
|poke|p2|Ogerpon-Wellspring, F|
|poke|p2|Scizor, F|
|poke|p2|Pecharunt|
|poke|p2|Zamazenta-*|
|poke|p2|Dragapult, F|
|poke|p2|Great Tusk|
|teampreview
|
|t:|1760787693
|teamsize|p1|6
|teamsize|p2|6
|start
|switch|p1a: Torkoal|Torkoal, F|100/100
|switch|p2a: Big Walter|Great Tusk|100/100
|-weather|SunnyDay|[from] ability: Drought|[of] p1a: Torkoal
|-activate|p2a: Big Walter|ability: Protosynthesis
|-start|p2a: Big Walter|protosynthesisatk
|turn|1
|
|t:|1760787703
|switch|p1a: Hatterene|Hatterene, F, shiny|100/100
|move|p2a: Big Walter|Headlong Rush|p1a: Hatterene
|-damage|p1a: Hatterene|21/100
|-unboost|p2a: Big Walter|def|1
|-unboost|p2a: Big Walter|spd|1
|-enditem|p1a: Hatterene|Eject Button
|
|t:|1760787712
|switch|p1a: Walking Wake|Walking Wake|100/100
|-activate|p1a: Walking Wake|ability: Protosynthesis
|-start|p1a: Walking Wake|protosynthesisspa
|
|-weather|SunnyDay|[upkeep]
|upkeep
|turn|2
|
|t:|1760787724
|move|p1a: Walking Wake|Draco Meteor|p2a: Big Walter
|-damage|p2a: Big Walter|0 fnt
|-unboost|p1a: Walking Wake|spa|2
|faint|p2a: Big Walter
|-end|p2a: Big Walter|Protosynthesis|[silent]
|
|-weather|SunnyDay|[upkeep]
|upkeep
|
|t:|1760787726
|switch|p2a: Incredible Pulty|Dragapult, F, shiny|100/100
|turn|3
|
|t:|1760787734
|-end|p1a: Walking Wake|Protosynthesis|[silent]
|switch|p1a: Hatterene|Hatterene, F, shiny|21/100
|move|p2a: Incredible Pulty|Shadow Ball|p1a: Hatterene
|-supereffective|p1a: Hatterene
|-damage|p1a: Hatterene|0 fnt
|faint|p1a: Hatterene
|
|-weather|SunnyDay|[upkeep]
|upkeep
|
|t:|1760787744
|switch|p1a: Scovillain|Scovillain, F|100/100
|turn|4
|
|t:|1760787747
|move|p1a: Scovillain|Giga Drain|p2a: Incredible Pulty
|-resisted|p2a: Incredible Pulty
|-damage|p2a: Incredible Pulty|70/100
|-damage|p1a: Scovillain|91/100|[from] item: Life Orb
|move|p2a: Incredible Pulty|Shadow Ball|p1a: Scovillain
|-damage|p1a: Scovillain|0 fnt
|faint|p1a: Scovillain
|
|-weather|SunnyDay|[upkeep]
|upkeep
|
|t:|1760787761
|switch|p1a: Walking Wake|Walking Wake|100/100
|-activate|p1a: Walking Wake|ability: Protosynthesis
|-start|p1a: Walking Wake|protosynthesisspa
|turn|5
|
|t:|1760787770
|switch|p2a: Run Little Reddit|Ogerpon-Wellspring, F|100/100
|-terastallize|p1a: Walking Wake|Water
|move|p1a: Walking Wake|Hydro Steam|p2a: Run Little Reddit
|-immune|p2a: Run Little Reddit|[from] ability: Water Absorb
|
|-weather|SunnyDay|[upkeep]
|upkeep
|turn|6
|inactive|Battle timer is ON: inactive players will automatically lose when time's up. (requested by Pixeled One)
|-message|Pixeled One forfeited.
|
|win|Humble Rule Bearer
|raw|Pixeled One's rating: 1258 &rarr; <strong>1229</strong><br />(-29 for losing)
|raw|Humble Rule Bearer's rating: 1206 &rarr; <strong>1235</strong><br />(+29 for winning)
|l|☆Pixeled One
|player|p1|
