|j|☆mateuscavalo
|j|☆Spammernoob
|t:|1760728229
|gametype|singles
|player|p1|mateuscavalo|1|1522
|player|p2|Spammernoob|265|1603
|gen|9
|tier|[Gen 9] OU
|rated|
|rule|HP Percentage Mod: HP is shown in percentages
|rule|Endless Battle Clause: Forcing endless battles is banned
|rule|Species Clause: Limit one of each Pokémon
|rule|OHKO Clause: OHKO moves are banned
|rule|Evasion Items Clause: Evasion items are banned
|rule|Evasion Moves Clause: Evasion moves are banned
|rule|Evasion Abilities Clause: Evasion abilities are banned
|rule|Sleep Moves Clause: Sleep-inducing moves are banned
|clearpoke
|poke|p1|Reuniclus, M|
|poke|p1|Kingambit, M|
|poke|p1|Ogerpon-Wellspring, F|
|poke|p1|Landorus-Therian, M|
|poke|p1|Iron Valiant|
|poke|p1|Cinderace, F|
|poke|p2|Raging Bolt|
|poke|p2|Iron Valiant|
|poke|p2|Great Tusk|
|poke|p2|Moltres|
|poke|p2|Ogerpon-Wellspring, F|
|poke|p2|Gholdengo|
|teampreview
|inactive|Battle timer is ON: inactive players will automatically lose when time's up. (requested by mateuscavalo)
|
|t:|1760728238
|teamsize|p1|6
|teamsize|p2|6
|start
|switch|p1a: Excelsus|Iron Valiant|100/100
|switch|p2a: Moltres|Moltres|100/100
|turn|1
|
|t:|1760728264
|move|p1a: Excelsus|Knock Off|p2a: Moltres
|-damage|p2a: Moltres|72/100
|-status|p1a: Excelsus|brn|[from] ability: Flame Body|[of] p2a: Moltres
|-enditem|p2a: Moltres|Heavy-Duty Boots|[from] move: Knock Off|[of] p1a: Excelsus
|move|p2a: Moltres|Brave Bird|p1a: Excelsus
|-supereffective|p1a: Excelsus
|-damage|p1a: Excelsus|0 fnt
|faint|p1a: Excelsus
|-end|p1a: Excelsus|Quark Drive|[silent]
|-damage|p2a: Moltres|47/100|[from] Recoil
|
|upkeep
|
|t:|1760728269
|switch|p1a: Terratomere|Ogerpon-Wellspring, F|100/100
|turn|2
|
|t:|1760728284
|switch|p1a: Earth|Landorus-Therian, M|100/100
|-ability|p1a: Earth|Intimidate|boost
|-unboost|p2a: Moltres|atk|1
|switch|p2a: Ogerpon|Ogerpon-Wellspring, F|100/100
|
|upkeep
|turn|3
|
|t:|1760728293
|switch|p1a: Terratomere|Ogerpon-Wellspring, F|100/100
|move|p2a: Ogerpon|Ivy Cudgel|p1a: Terratomere|[anim] Ivy Cudgel Water
|-immune|p1a: Terratomere|[from] ability: Water Absorb
|
|upkeep
|turn|4
|
|t:|1760728296
|move|p1a: Terratomere|Swords Dance|p1a: Terratomere
|-boost|p1a: Terratomere|atk|2
|move|p2a: Ogerpon|U-turn|p1a: Terratomere
|-supereffective|p1a: Terratomere
|-damage|p1a: Terratomere|32/100
|
|t:|1760728304
|switch|p2a: Iron Valiant|Iron Valiant|100/100|[from] U-turn
|-enditem|p2a: Iron Valiant|Booster Energy
|-activate|p2a: Iron Valiant|ability: Quark Drive|[fromitem]
|-start|p2a: Iron Valiant|quarkdrivespe
|
|upkeep
|turn|5
|
|t:|1760728310
|switch|p1a: Solar Flare|Cinderace, F|100/100
|move|p2a: Iron Valiant|Knock Off|p1a: Solar Flare
|-damage|p1a: Solar Flare|59/100
|-enditem|p1a: Solar Flare|Heavy-Duty Boots|[from] move: Knock Off|[of] p2a: Iron Valiant
|
|upkeep
|turn|6
|
|t:|1760728316
|move|p2a: Iron Valiant|Thunderbolt|p1a: Solar Flare
|-damage|p1a: Solar Flare|19/100
|move|p1a: Solar Flare|Gunk Shot|p2a: Iron Valiant|[miss]
|-start|p1a: Solar Flare|typechange|Poison|[from] ability: Libero
|-miss|p1a: Solar Flare|p2a: Iron Valiant
|
|upkeep
|turn|7
|
|t:|1760728322
|switch|p1a: Metastasis|Reuniclus, M|100/100
|move|p2a: Iron Valiant|Moonblast|p1a: Metastasis
|-damage|p1a: Metastasis|56/100
|
|upkeep
|turn|8
|
|t:|1760728327
|move|p2a: Iron Valiant|Knock Off|p1a: Metastasis
|-supereffective|p1a: Metastasis
|-damage|p1a: Metastasis|0 fnt
|-enditem|p1a: Metastasis|Life Orb|[from] move: Knock Off|[of] p2a: Iron Valiant
|faint|p1a: Metastasis
|
|upkeep
|-message|mateuscavalo forfeited.
|
|win|Spammernoob
|raw|mateuscavalo's rating: 1522 &rarr; <strong>1507</strong><br />(-15 for losing)
|raw|Spammernoob's rating: 1603 &rarr; <strong>1618</strong><br />(+15 for winning)
|l|☆mateuscavalo
|player|p1|
|c|☆Spammernoob|sad miss
|c|☆Spammernoob|gg
