|j|☆sumofsquares
|j|☆griggsn
|t:|1760846613
|gametype|singles
|player|p1|sumofsquares|wallace|1443
|player|p2|griggsn|psychic-gen4|1544
|gen|9
|tier|[Gen 9] OU
|rated|
|rule|HP Percentage Mod: HP is shown in percentages
|rule|Endless Battle Clause: Forcing endless battles is banned
|rule|Species Clause: Limit one of each Pokémon
|rule|OHKO Clause: OHKO moves are banned
|rule|Evasion Items Clause: Evasion items are banned
|rule|Evasion Moves Clause: Evasion moves are banned
|rule|Evasion Abilities Clause: Evasion abilities are banned
|rule|Sleep Moves Clause: Sleep-inducing moves are banned
|clearpoke
|poke|p1|Great Tusk|
|poke|p1|Ogerpon, F|
|poke|p1|Raging Bolt|
|poke|p1|Primarina, M|
|poke|p1|Moltres|
|poke|p1|Glimmora, F|
|poke|p2|Jolteon, M|
|poke|p2|Slowking-Galar, F|
|poke|p2|Great Tusk|
|poke|p2|Moltres|
|poke|p2|Kingambit, F|
|poke|p2|Hydrapple, M|
|teampreview
|
|t:|1760846658
|teamsize|p1|6
|teamsize|p2|6
|start
|switch|p1a: Glimmora|Glimmora, F|100/100
|switch|p2a: Slowking|Slowking-Galar, F|100/100
|turn|1
|
|t:|1760846663
|move|p1a: Glimmora|Spikes|p2a: Slowking
|-sidestart|p2: griggsn|Spikes
|move|p2a: Slowking|Psyshock|p1a: Glimmora
|-supereffective|p1a: Glimmora
|-damage|p1a: Glimmora|11/100
|
|upkeep
|turn|2
|
|t:|1760846668
|move|p1a: Glimmora|Earth Power|p2a: Slowking
|-supereffective|p2a: Slowking
|-damage|p2a: Slowking|71/100
|move|p2a: Slowking|Psyshock|p1a: Glimmora
|-supereffective|p1a: Glimmora
|-damage|p1a: Glimmora|0 fnt
|faint|p1a: Glimmora
|
|upkeep
|
|t:|1760846687
|switch|p1a: Ogerpon|Ogerpon, F|100/100
|turn|3
|
|t:|1760846697
|switch|p2a: Moltres|Moltres|100/100
|move|p1a: Ogerpon|Knock Off|p2a: Moltres
|-damage|p2a: Moltres|61/100
|-enditem|p2a: Moltres|Heavy-Duty Boots|[from] move: Knock Off|[of] p1a: Ogerpon
|
|upkeep
|turn|4
|
|t:|1760846704
|switch|p1a: Moltres|Moltres|100/100
|move|p2a: Moltres|Roost|p2a: Moltres
|-heal|p2a: Moltres|100/100
|-singleturn|p2a: Moltres|move: Roost
|
|upkeep
|turn|5
|
|t:|1760846710
|switch|p2a: Slowking|Slowking-Galar, F|100/100
|-damage|p2a: Slowking|88/100|[from] Spikes
|move|p1a: Moltres|Hurricane|p2a: Slowking
|-damage|p2a: Slowking|66/100
|
|upkeep
|turn|6
|
|t:|1760846720
|move|p1a: Moltres|Hurricane|p2a: Slowking
|-damage|p2a: Slowking|46/100
|-start|p2a: Slowking|confusion
|-activate|p2a: Slowking|confusion
|-damage|p2a: Slowking|41/100|[from] confusion
|
|upkeep
|turn|7
|
|t:|1760846733
|switch|p2a: Moltres|Moltres|100/100
|move|p1a: Moltres|U-turn|p2a: Moltres
|-resisted|p2a: Moltres
|-damage|p2a: Moltres|98/100
|
|t:|1760846738
|switch|p1a: Primarina|Primarina, M|100/100|[from] U-turn
|
|upkeep
|turn|8
|
|t:|1760846749
|switch|p2a: Slowking|Slowking-Galar, F|74/100
|-damage|p2a: Slowking|62/100|[from] Spikes
|move|p1a: Primarina|Calm Mind|p1a: Primarina
|-boost|p1a: Primarina|spa|1
|-boost|p1a: Primarina|spd|1
|
|upkeep
|turn|9
|
|t:|1760846754
|move|p1a: Primarina|Psychic Noise|p2a: Slowking
|-damage|p2a: Slowking|36/100
|-start|p2a: Slowking|move: Heal Block
|move|p2a: Slowking|Sludge Bomb|p1a: Primarina
|-supereffective|p1a: Primarina
|-damage|p1a: Primarina|58/100
|
|upkeep
|turn|10
|
|t:|1760846768
|move|p1a: Primarina|Psychic Noise|p2a: Slowking
|-damage|p2a: Slowking|7/100
|move|p2a: Slowking|Sludge Bomb|p1a: Primarina
|-supereffective|p1a: Primarina
|-damage|p1a: Primarina|15/100
|
|-end|p2a: Slowking|move: Heal Block
|upkeep
|turn|11
|
|t:|1760846776
|move|p1a: Primarina|Draining Kiss|p2a: Slowking
|-resisted|p2a: Slowking
|-damage|p2a: Slowking|0 fnt
|-heal|p1a: Primarina|20/100|[from] drain|[of] p2a: Slowking
|faint|p2a: Slowking
|
|upkeep
|
|t:|1760846778
|switch|p2a: Jolteon|Jolteon, M|100/100
|turn|12
|
|t:|1760846800
|switch|p1a: Raging Bolt|Raging Bolt|100/100
|move|p2a: Jolteon|Volt Switch|p1a: Raging Bolt
|-resisted|p1a: Raging Bolt
|-damage|p1a: Raging Bolt|94/100
|
|t:|1760846816
|switch|p2a: Moltres|Moltres|98/100|[from] Volt Switch
|
|upkeep
|turn|13
|
|t:|1760846838
|move|p2a: Moltres|Scorching Sands|p1a: Raging Bolt
|-supereffective|p1a: Raging Bolt
|-damage|p1a: Raging Bolt|58/100
|-status|p1a: Raging Bolt|brn
|move|p1a: Raging Bolt|Thunderbolt|p2a: Moltres
|-supereffective|p2a: Moltres
|-damage|p2a: Moltres|14/100
|
|-damage|p1a: Raging Bolt|52/100 brn|[from] brn
|upkeep
|turn|14
|
|t:|1760846848
|switch|p2a: Jolteon|Jolteon, M|100/100
|move|p1a: Raging Bolt|Thunderbolt|p2a: Jolteon
|-immune|p2a: Jolteon|[from] ability: Volt Absorb
|
|-damage|p1a: Raging Bolt|46/100 brn|[from] brn
|upkeep
|turn|15
|
|t:|1760846851
|-terastallize|p2a: Jolteon|Fairy
|move|p2a: Jolteon|Calm Mind|p2a: Jolteon
|-boost|p2a: Jolteon|spa|1
|-boost|p2a: Jolteon|spd|1
|move|p1a: Raging Bolt|Draco Meteor|p2a: Jolteon
|-immune|p2a: Jolteon
|
|-damage|p1a: Raging Bolt|40/100 brn|[from] brn
|upkeep
|turn|16
|
|t:|1760846856
|-end|p1a: Raging Bolt|Protosynthesis|[silent]
|switch|p1a: Primarina|Primarina, M|20/100
|move|p2a: Jolteon|Calm Mind|p2a: Jolteon
|-boost|p2a: Jolteon|spa|1
|-boost|p2a: Jolteon|spd|1
|
|upkeep
|turn|17
|
|t:|1760846861
|move|p2a: Jolteon|Thunderbolt|p1a: Primarina
|-supereffective|p1a: Primarina
|-damage|p1a: Primarina|0 fnt
|faint|p1a: Primarina
|
|upkeep
|
|t:|1760846867
|switch|p1a: Ogerpon|Ogerpon, F|100/100
|turn|18
|
|t:|1760846874
|switch|p2a: Hydrapple|Hydrapple, M|100/100
|-terastallize|p1a: Ogerpon|Grass
|detailschange|p1a: Ogerpon|Ogerpon-Teal-Tera, F, tera:Grass
|-ability|p1a: Ogerpon|Embody Aspect (Teal)|boost
|-boost|p1a: Ogerpon|spe|1
|move|p1a: Ogerpon|Ivy Cudgel|p2a: Hydrapple
|-resisted|p2a: Hydrapple
|-damage|p2a: Hydrapple|86/100
|
|upkeep
|turn|19
|
|t:|1760846883
|switch|p1a: Moltres|Moltres|100/100
|move|p2a: Hydrapple|Fickle Beam|p1a: Moltres
|-damage|p1a: Moltres|71/100
|
|upkeep
|turn|20
|
|t:|1760846897
|switch|p2a: Moltres|Moltres|14/100
|move|p1a: Moltres|Hurricane|p2a: Moltres|[miss]
|-miss|p1a: Moltres|p2a: Moltres
|
|upkeep
|turn|21
|
|t:|1760846906
|move|p1a: Moltres|Hurricane|p2a: Moltres|[miss]
|-miss|p1a: Moltres|p2a: Moltres
|move|p2a: Moltres|Roost|p2a: Moltres
|-heal|p2a: Moltres|64/100
|-singleturn|p2a: Moltres|move: Roost
|
|upkeep
|turn|22
|
|t:|1760846909
|move|p2a: Moltres|Roost|p2a: Moltres
|-heal|p2a: Moltres|100/100
|-singleturn|p2a: Moltres|move: Roost
|move|p1a: Moltres|Hurricane|p2a: Moltres
|-damage|p2a: Moltres|64/100
|-start|p2a: Moltres|confusion
|
|upkeep
|turn|23
|
|t:|1760846932
|move|p1a: Moltres|Hurricane|p2a: Moltres|[miss]
|-miss|p1a: Moltres|p2a: Moltres
|-activate|p2a: Moltres|confusion
|-damage|p2a: Moltres|58/100|[from] confusion
|
|upkeep
|turn|24
|
|t:|1760846937
|move|p1a: Moltres|Hurricane|p2a: Moltres|[miss]
|-miss|p1a: Moltres|p2a: Moltres
|-activate|p2a: Moltres|confusion
|move|p2a: Moltres|Flamethrower|p1a: Moltres
|-resisted|p1a: Moltres
|-damage|p1a: Moltres|55/100
|
|upkeep
|turn|25
|
|t:|1760846942
|-end|p2a: Moltres|confusion
|move|p2a: Moltres|Roost|p2a: Moltres
|-heal|p2a: Moltres|100/100
|-singleturn|p2a: Moltres|move: Roost
|move|p1a: Moltres|Hurricane|p2a: Moltres
|-damage|p2a: Moltres|58/100
|
|upkeep
|turn|26
|
|t:|1760846954
|move|p1a: Moltres|Hurricane|p2a: Moltres
|-damage|p2a: Moltres|20/100
|-start|p2a: Moltres|confusion
|-activate|p2a: Moltres|confusion
|move|p2a: Moltres|Flamethrower|p1a: Moltres
|-resisted|p1a: Moltres
|-damage|p1a: Moltres|38/100
|
|upkeep
|turn|27
|
|t:|1760846966
|-activate|p2a: Moltres|confusion
|-damage|p2a: Moltres|14/100|[from] confusion
|move|p1a: Moltres|Hurricane|p2a: Moltres
|-damage|p2a: Moltres|0 fnt
|faint|p2a: Moltres
|
|upkeep
|
|t:|1760846971
|switch|p2a: Jolteon|Jolteon, M, tera:Fairy|100/100
|turn|28
|
|t:|1760846991
|move|p2a: Jolteon|Volt Switch|p1a: Moltres
|-supereffective|p1a: Moltres
|-damage|p1a: Moltres|0 fnt
|faint|p1a: Moltres
|
|t:|1760846998
|switch|p2a: Hydrapple|Hydrapple, M|100/100|[from] Volt Switch
|
|upkeep
|
|t:|1760847003
|switch|p1a: Raging Bolt|Raging Bolt|40/100 brn
|turn|29
|
|t:|1760847009
|-end|p1a: Raging Bolt|Protosynthesis|[silent]
|switch|p1a: Ogerpon|Ogerpon-Teal-Tera, F, tera:Grass|100/100
|-ability|p1a: Ogerpon|Embody Aspect (Teal)|boost
|-boost|p1a: Ogerpon|spe|1
|switch|p2a: Jolteon|Jolteon, M, tera:Fairy|100/100
|
|upkeep
|turn|30
|
|t:|1760847017
|switch|p2a: Hydrapple|Hydrapple, M|100/100
|move|p1a: Ogerpon|U-turn|p2a: Hydrapple
|-supereffective|p2a: Hydrapple
|-damage|p2a: Hydrapple|62/100
|
|t:|1760847023
|switch|p1a: Great Tusk|Great Tusk|100/100|[from] U-turn
|
|upkeep
|turn|31
|
|t:|1760847085
|switch|p2a: Great Tusk|Great Tusk|100/100
|-damage|p2a: Great Tusk|88/100|[from] Spikes
|move|p1a: Great Tusk|Ice Spinner|p2a: Great Tusk
|-supereffective|p2a: Great Tusk
|-damage|p2a: Great Tusk|61/100
|-damage|p1a: Great Tusk|84/100|[from] item: Rocky Helmet|[of] p2a: Great Tusk
|
|upkeep
|turn|32
|
|t:|1760847104
|-end|p1a: Great Tusk|Protosynthesis|[silent]
|switch|p1a: Ogerpon|Ogerpon-Teal-Tera, F, tera:Grass|100/100
|-ability|p1a: Ogerpon|Embody Aspect (Teal)|boost
|-boost|p1a: Ogerpon|spe|1
|move|p2a: Great Tusk|Stealth Rock|p1a: Ogerpon
|-sidestart|p1: sumofsquares|move: Stealth Rock
|
|upkeep
|turn|33
|
|t:|1760847126
|-end|p2a: Great Tusk|Protosynthesis|[silent]
|switch|p2a: Hydrapple|Hydrapple, M|95/100
|move|p1a: Ogerpon|Ivy Cudgel|p2a: Hydrapple
|-resisted|p2a: Hydrapple
|-damage|p2a: Hydrapple|81/100
|
|upkeep
|turn|34
|
|t:|1760847131
|switch|p1a: Raging Bolt|Raging Bolt|40/100 brn
|move|p2a: Hydrapple|Fickle Beam|p1a: Raging Bolt|[anim] Fickle Beam All Out
|-activate|p2a: Hydrapple|move: Fickle Beam
|-supereffective|p1a: Raging Bolt
|-damage|p1a: Raging Bolt|0 fnt
|faint|p1a: Raging Bolt
|-end|p1a: Raging Bolt|Protosynthesis|[silent]
|
|upkeep
|
|t:|1760847147
|switch|p1a: Great Tusk|Great Tusk|84/100
|-damage|p1a: Great Tusk|81/100|[from] Stealth Rock
|turn|35
|
|t:|1760847217
|-end|p1a: Great Tusk|Protosynthesis|[silent]
|switch|p1a: Ogerpon|Ogerpon-Teal-Tera, F, tera:Grass|100/100
|-damage|p1a: Ogerpon|88/100|[from] Stealth Rock
|-ability|p1a: Ogerpon|Embody Aspect (Teal)|boost
|-boost|p1a: Ogerpon|spe|1
|switch|p2a: Great Tusk|Great Tusk|61/100
|-damage|p2a: Great Tusk|48/100|[from] Spikes
|
|upkeep
|turn|36
|
|t:|1760847238
|move|p1a: Ogerpon|U-turn|p2a: Great Tusk
|-resisted|p2a: Great Tusk
|-damage|p2a: Great Tusk|41/100
|-damage|p1a: Ogerpon|72/100|[from] item: Rocky Helmet|[of] p2a: Great Tusk
|
|t:|1760847241
|switch|p1a: Great Tusk|Great Tusk|81/100|[from] U-turn
|-damage|p1a: Great Tusk|78/100|[from] Stealth Rock
|move|p2a: Great Tusk|Ice Spinner|p1a: Great Tusk
|-supereffective|p1a: Great Tusk
|-damage|p1a: Great Tusk|41/100
|-damage|p2a: Great Tusk|24/100|[from] item: Rocky Helmet|[of] p1a: Great Tusk
|
|upkeep
|turn|37
|
|t:|1760847247
|move|p1a: Great Tusk|Bulk Up|p1a: Great Tusk
|-boost|p1a: Great Tusk|atk|1
|-boost|p1a: Great Tusk|def|1
|move|p2a: Great Tusk|Rapid Spin|p1a: Great Tusk
|-damage|p1a: Great Tusk|34/100
|-boost|p2a: Great Tusk|spe|1
|-damage|p2a: Great Tusk|7/100|[from] item: Rocky Helmet|[of] p1a: Great Tusk
|-sideend|p2: griggsn|Spikes|[from] move: Rapid Spin|[of] p2a: Great Tusk
|
|upkeep
|turn|38
|
|t:|1760847256
|move|p2a: Great Tusk|Ice Spinner|p1a: Great Tusk
|-supereffective|p1a: Great Tusk
|-damage|p1a: Great Tusk|12/100
|-damage|p2a: Great Tusk|0 fnt|[from] item: Rocky Helmet|[of] p1a: Great Tusk
|faint|p2a: Great Tusk
|-end|p2a: Great Tusk|Protosynthesis|[silent]
|move|p1a: Great Tusk|Bulk Up|p1a: Great Tusk
|-boost|p1a: Great Tusk|atk|1
|-boost|p1a: Great Tusk|def|1
|
|upkeep
|
|t:|1760847261
|switch|p2a: Jolteon|Jolteon, M, tera:Fairy|100/100
|turn|39
|
|t:|1760847269
|-end|p1a: Great Tusk|Protosynthesis|[silent]
|switch|p1a: Ogerpon|Ogerpon-Teal-Tera, F, tera:Grass|72/100
|-damage|p1a: Ogerpon|59/100|[from] Stealth Rock
|-ability|p1a: Ogerpon|Embody Aspect (Teal)|boost
|-boost|p1a: Ogerpon|spe|1
|move|p2a: Jolteon|Alluring Voice|p1a: Ogerpon
|-damage|p1a: Ogerpon|15/100
|-start|p1a: Ogerpon|confusion
|
|upkeep
|turn|40
|
|t:|1760847277
|switch|p2a: Hydrapple|Hydrapple, M|100/100
|-activate|p1a: Ogerpon|confusion
|-damage|p1a: Ogerpon|0 fnt|[from] confusion
|faint|p1a: Ogerpon
|detailschange|p1: Ogerpon|Ogerpon, F|[silent]
|
|upkeep
|
|t:|1760847280
|switch|p1a: Great Tusk|Great Tusk|12/100
|-damage|p1a: Great Tusk|9/100|[from] Stealth Rock
|turn|41
|
|t:|1760847284
|move|p1a: Great Tusk|Ice Spinner|p2a: Hydrapple
|-supereffective|p2a: Hydrapple
|-damage|p2a: Hydrapple|35/100
|move|p2a: Hydrapple|Fickle Beam|p1a: Great Tusk
|-damage|p1a: Great Tusk|0 fnt
|faint|p1a: Great Tusk
|-end|p1a: Great Tusk|Protosynthesis|[silent]
|
|win|griggsn
|raw|sumofsquares's rating: 1443 &rarr; <strong>1429</strong><br />(-14 for losing)
|raw|griggsn's rating: 1544 &rarr; <strong>1558</strong><br />(+14 for winning)
|l|☆sumofsquares
|player|p1|
