|j|☆foreverlud
|j|☆sdor16
|t:|1760821353
|gametype|singles
|player|p1|foreverlud|1|1495
|player|p2|sdor16|2|1535
|gen|9
|tier|[Gen 9] OU
|rated|
|rule|HP Percentage Mod: HP is shown in percentages
|rule|Endless Battle Clause: Forcing endless battles is banned
|rule|Species Clause: Limit one of each Pokémon
|rule|OHKO Clause: OHKO moves are banned
|rule|Evasion Items Clause: Evasion items are banned
|rule|Evasion Moves Clause: Evasion moves are banned
|rule|Evasion Abilities Clause: Evasion abilities are banned
|rule|Sleep Moves Clause: Sleep-inducing moves are banned
|clearpoke
|poke|p1|Pelipper, M|
|poke|p1|Iron Treads|
|poke|p1|Raging Bolt|
|poke|p1|Araquanid, F|
|poke|p1|Hatterene, F|
|poke|p1|Ogerpon-Wellspring, F|
|poke|p2|Ninetales-Alola, F|
|poke|p2|Magnezone|
|poke|p2|Garchomp, M|
|poke|p2|Darkrai|
|poke|p2|Mandibuzz, F|
|poke|p2|Enamorus, F|
|teampreview
|inactive|Battle timer is ON: inactive players will automatically lose when time's up. (requested by foreverlud)
|
|t:|1760821394
|teamsize|p1|6
|teamsize|p2|6
|start
|switch|p1a: Ogerpon|Ogerpon-Wellspring, F|100/100
|switch|p2a: Ninetales|Ninetales-Alola, F|100/100
|-weather|Snowscape|[from] ability: Snow Warning|[of] p2a: Ninetales
|turn|1
|
|t:|1760821399
|-terastallize|p1a: Ogerpon|Water
|detailschange|p1a: Ogerpon|Ogerpon-Wellspring-Tera, F, tera:Water
|-ability|p1a: Ogerpon|Embody Aspect (Wellspring)|boost
|-boost|p1a: Ogerpon|spd|1
|move|p1a: Ogerpon|Ivy Cudgel|p2a: Ninetales|[anim] Ivy Cudgel Water
|-crit|p2a: Ninetales
|-damage|p2a: Ninetales|0 fnt
|faint|p2a: Ninetales
|
|-weather|Snowscape|[upkeep]
|upkeep
|
|t:|1760821410
|switch|p2a: Magnezone|Magnezone|100/100
|turn|2
|
|t:|1760821414
|switch|p1a: Iron Treads|Iron Treads|100/100
|move|p2a: Magnezone|Thunderbolt|p1a: Iron Treads
|-immune|p1a: Iron Treads
|
|-weather|Snowscape|[upkeep]
|upkeep
|turn|3
|
|t:|1760821419
|move|p1a: Iron Treads|Stealth Rock|p2a: Magnezone
|-sidestart|p2: sdor16|move: Stealth Rock
|move|p2a: Magnezone|Iron Defense|p2a: Magnezone
|-boost|p2a: Magnezone|def|2
|
|-weather|Snowscape|[upkeep]
|upkeep
|turn|4
|
|t:|1760821423
|-terastallize|p2a: Magnezone|Ice
|move|p1a: Iron Treads|Earthquake|p2a: Magnezone
|-damage|p2a: Magnezone|87/100
|move|p2a: Magnezone|Body Press|p1a: Iron Treads
|-supereffective|p1a: Iron Treads
|-damage|p1a: Iron Treads|6/100
|
|-weather|Snowscape|[upkeep]
|-heal|p1a: Iron Treads|12/100|[from] item: Leftovers
|-heal|p2a: Magnezone|94/100|[from] item: Leftovers
|upkeep
|turn|5
|
|t:|1760821431
|move|p1a: Iron Treads|Knock Off|p2a: Magnezone
|-damage|p2a: Magnezone|85/100
|-enditem|p2a: Magnezone|Leftovers|[from] move: Knock Off|[of] p1a: Iron Treads
|move|p2a: Magnezone|Body Press|p1a: Iron Treads
|-supereffective|p1a: Iron Treads
|-damage|p1a: Iron Treads|0 fnt
|faint|p1a: Iron Treads
|-end|p1a: Iron Treads|Quark Drive|[silent]
|
|-weather|none
|upkeep
|
|t:|1760821445
|switch|p1a: Raging Bolt|Raging Bolt|100/100
|turn|6
|
|t:|1760821448
|move|p1a: Raging Bolt|Thunder|p2a: Magnezone
|-damage|p2a: Magnezone|28/100
|move|p2a: Magnezone|Tera Blast|p1a: Raging Bolt|[anim] Tera Blast Ice
|-supereffective|p1a: Raging Bolt
|-damage|p1a: Raging Bolt|32/100
|
|upkeep
|turn|7
|
|t:|1760821456
|switch|p2a: Garchomp|Garchomp, M|100/100
|-damage|p2a: Garchomp|94/100|[from] Stealth Rock
|move|p1a: Raging Bolt|Thunderclap||[still]
|-fail|p1a: Raging Bolt
|
|upkeep
|turn|8
|
|t:|1760821459
|-end|p1a: Raging Bolt|Protosynthesis|[silent]
|switch|p1a: Pelipper|Pelipper, M|100/100
|-weather|RainDance|[from] ability: Drizzle|[of] p1a: Pelipper
|move|p2a: Garchomp|Swords Dance|p2a: Garchomp
|-boost|p2a: Garchomp|atk|2
|
|-weather|RainDance|[upkeep]
|upkeep
|turn|9
|
|t:|1760821465
|switch|p1a: Hatterene|Hatterene, F|100/100
|move|p2a: Garchomp|Scale Shot|p1a: Hatterene
|-immune|p1a: Hatterene
|
|-weather|RainDance|[upkeep]
|upkeep
|turn|10
|
|t:|1760821471
|move|p2a: Garchomp|Earthquake|p1a: Hatterene
|-damage|p1a: Hatterene|0 fnt
|faint|p1a: Hatterene
|
|-weather|RainDance|[upkeep]
|upkeep
|
|t:|1760821476
|switch|p1a: Ogerpon|Ogerpon-Wellspring-Tera, F, tera:Water|100/100
|-ability|p1a: Ogerpon|Embody Aspect (Wellspring)|boost
|-boost|p1a: Ogerpon|spd|1
|turn|11
|
|t:|1760821480
|switch|p2a: Magnezone|Magnezone, tera:Ice|28/100
|-damage|p2a: Magnezone|3/100|[from] Stealth Rock
|move|p1a: Ogerpon|Ivy Cudgel|p2a: Magnezone|[anim] Ivy Cudgel Water
|-damage|p2a: Magnezone|0 fnt
|faint|p2a: Magnezone
|
|-weather|RainDance|[upkeep]
|upkeep
|
|t:|1760821485
|switch|p2a: Mandibuzz|Mandibuzz, F|100/100
|turn|12
|
|t:|1760821496
|move|p1a: Ogerpon|Ivy Cudgel|p2a: Mandibuzz|[anim] Ivy Cudgel Water
|-crit|p2a: Mandibuzz
|-damage|p2a: Mandibuzz|0 fnt
|faint|p2a: Mandibuzz
|
|-weather|RainDance|[upkeep]
|upkeep
|-message|sdor16 forfeited.
|
|win|foreverlud
|raw|foreverlud's rating: 1495 &rarr; <strong>1517</strong><br />(+22 for winning)
|raw|sdor16's rating: 1535 &rarr; <strong>1513</strong><br />(-22 for losing)
|l|☆sdor16
|player|p2|
