|j|☆go b3yond
|j|☆310YM4N74N3R0
|t:|1760885777
|gametype|singles
|player|p1|go b3yond|waiter-gen4dp|1670
|player|p2|310YM4N74N3R0|pokemonrangerf|1662
|gen|9
|tier|[Gen 9] OU
|rated|
|rule|HP Percentage Mod: HP is shown in percentages
|rule|Endless Battle Clause: Forcing endless battles is banned
|rule|Species Clause: Limit one of each Pokémon
|rule|OHKO Clause: OHKO moves are banned
|rule|Evasion Items Clause: Evasion items are banned
|rule|Evasion Moves Clause: Evasion moves are banned
|rule|Evasion Abilities Clause: Evasion abilities are banned
|rule|Sleep Moves Clause: Sleep-inducing moves are banned
|clearpoke
|poke|p1|Torkoal, F|
|poke|p1|Brute Bonnet|
|poke|p1|Hatterene, F|
|poke|p1|Walking Wake|
|poke|p1|Thundurus-Therian, M|
|poke|p1|Ceruledge, F|
|poke|p2|Yanmega, F|
|poke|p2|Gholdengo|
|poke|p2|Rillaboom, F|
|poke|p2|Blaziken, M|
|poke|p2|Blastoise, M|
|poke|p2|Tyranitar, F|
|teampreview
|inactive|Battle timer is ON: inactive players will automatically lose when time's up. (requested by go b3yond)
|inactive|310YM4N74N3R0 has 120 seconds left.
|inactive|310YM4N74N3R0 has 90 seconds left.
|
|t:|1760885863
|teamsize|p1|6
|teamsize|p2|6
|start
|switch|p1a: GREAT Bait|Torkoal, F, shiny|100/100
|switch|p2a: Blaziken|Blaziken, M|100/100
|-weather|SunnyDay|[from] ability: Drought|[of] p1a: GREAT Bait
|turn|1
|
|t:|1760885869
|move|p2a: Blaziken|Swords Dance|p2a: Blaziken
|-boost|p2a: Blaziken|atk|2
|move|p1a: GREAT Bait|Eruption|p2a: Blaziken
|-resisted|p2a: Blaziken
|-damage|p2a: Blaziken|28/100
|
|-weather|SunnyDay|[upkeep]
|-ability|p2a: Blaziken|Speed Boost|boost
|-boost|p2a: Blaziken|spe|1
|upkeep
|turn|2
|
|t:|1760885878
|switch|p1a: Hatterene|Hatterene, F|100/100
|move|p2a: Blaziken|Earthquake|p1a: Hatterene
|-damage|p1a: Hatterene|32/100
|-enditem|p1a: Hatterene|Eject Button
|
|t:|1760885892
|switch|p1a: Walking Wake|Walking Wake|100/100
|-activate|p1a: Walking Wake|ability: Protosynthesis
|-start|p1a: Walking Wake|protosynthesisspe
|
|-weather|SunnyDay|[upkeep]
|-ability|p2a: Blaziken|Speed Boost|boost
|-boost|p2a: Blaziken|spe|1
|upkeep
|turn|3
|j| bloodhound q50
|
|t:|1760885899
|move|p1a: Walking Wake|Hydro Steam|p2a: Blaziken
|-supereffective|p2a: Blaziken
|-damage|p2a: Blaziken|0 fnt
|faint|p2a: Blaziken
|
|-weather|SunnyDay|[upkeep]
|upkeep
|
|t:|1760885914
|switch|p2a: Rillaboom|Rillaboom, F|100/100
|-fieldstart|move: Grassy Terrain|[from] ability: Grassy Surge|[of] p2a: Rillaboom
|-enditem|p2a: Rillaboom|Grassy Seed
|-boost|p2a: Rillaboom|def|1|[from] item: Grassy Seed
|turn|4
|
|t:|1760885917
|move|p1a: Walking Wake|Flamethrower|p2a: Rillaboom
|-supereffective|p2a: Rillaboom
|-damage|p2a: Rillaboom|0 fnt
|faint|p2a: Rillaboom
|
|-weather|SunnyDay|[upkeep]
|upkeep
|
|t:|1760885927
|switch|p2a: Blastoise|Blastoise, M|100/100
|turn|5
|
|t:|1760885932
|move|p1a: Walking Wake|Flip Turn|p2a: Blastoise
|-resisted|p2a: Blastoise
|-damage|p2a: Blastoise|96/100
|
|t:|1760885936
|-end|p1a: Walking Wake|Protosynthesis|[silent]
|switch|p1a: Hatterene|Hatterene, F|32/100|[from] Flip Turn
|move|p2a: Blastoise|Shell Smash|p2a: Blastoise
|-unboost|p2a: Blastoise|def|1
|-unboost|p2a: Blastoise|spd|1
|-boost|p2a: Blastoise|atk|2
|-boost|p2a: Blastoise|spa|2
|-boost|p2a: Blastoise|spe|2
|
|-weather|SunnyDay|[upkeep]
|-heal|p2a: Blastoise|100/100|[from] Grassy Terrain
|-heal|p1a: Hatterene|38/100|[from] Grassy Terrain
|upkeep
|turn|6
|
|t:|1760885940
|move|p2a: Blastoise|Ice Beam|p1a: Hatterene
|-damage|p1a: Hatterene|0 fnt
|faint|p1a: Hatterene
|-damage|p2a: Blastoise|91/100|[from] item: Life Orb
|
|-weather|SunnyDay|[upkeep]
|-heal|p2a: Blastoise|97/100|[from] Grassy Terrain
|upkeep
|
|t:|1760885951
|switch|p1a: Ceruledge|Ceruledge, F|100/100
|turn|7
|
|t:|1760885960
|move|p2a: Blastoise|Ice Beam|p1a: Ceruledge
|-resisted|p1a: Ceruledge
|-damage|p1a: Ceruledge|59/100
|-damage|p2a: Blastoise|87/100|[from] item: Life Orb
|move|p1a: Ceruledge|Swords Dance|p1a: Ceruledge
|-boost|p1a: Ceruledge|atk|2
|
|-weather|SunnyDay|[upkeep]
|-heal|p2a: Blastoise|93/100|[from] Grassy Terrain
|-heal|p1a: Ceruledge|65/100|[from] Grassy Terrain
|upkeep
|turn|8
|
|t:|1760885971
|move|p2a: Blastoise|Hydro Pump|p1a: Ceruledge
|-supereffective|p1a: Ceruledge
|-damage|p1a: Ceruledge|0 fnt
|faint|p1a: Ceruledge
|-damage|p2a: Blastoise|83/100|[from] item: Life Orb
|
|-weather|none
|-heal|p2a: Blastoise|89/100|[from] Grassy Terrain
|-fieldend|move: Grassy Terrain
|upkeep
|
|t:|1760885978
|switch|p1a: Brute Bonnet|Brute Bonnet|100/100
|turn|9
|
|t:|1760885984
|-terastallize|p1a: Brute Bonnet|Fire
|move|p2a: Blastoise|Ice Beam|p1a: Brute Bonnet
|-resisted|p1a: Brute Bonnet
|-damage|p1a: Brute Bonnet|72/100
|-damage|p2a: Blastoise|80/100|[from] item: Life Orb
|move|p1a: Brute Bonnet|Bullet Seed|p2a: Blastoise
|-supereffective|p2a: Blastoise
|-damage|p2a: Blastoise|30/100
|-supereffective|p2a: Blastoise
|-damage|p2a: Blastoise|0 fnt
|faint|p2a: Blastoise
|-hitcount|p2: Blastoise|2
|
|upkeep
|
|t:|1760886002
|switch|p2a: Tyranitar|Tyranitar, F, shiny|100/100
|-weather|Sandstorm|[from] ability: Sand Stream|[of] p2a: Tyranitar
|turn|10
|
|t:|1760886009
|move|p2a: Tyranitar|Stone Edge|p1a: Brute Bonnet
|-supereffective|p1a: Brute Bonnet
|-damage|p1a: Brute Bonnet|0 fnt
|faint|p1a: Brute Bonnet
|-end|p1a: Brute Bonnet|Protosynthesis|[silent]
|
|-weather|Sandstorm|[upkeep]
|upkeep
|
|t:|1760886017
|switch|p1a: Thundurus|Thundurus-Therian, M|100/100
|turn|11
|
|t:|1760886022
|switch|p2a: Gholdengo|Gholdengo|100/100
|move|p1a: Thundurus|Focus Blast|p2a: Gholdengo
|-immune|p2a: Gholdengo
|
|-weather|Sandstorm|[upkeep]
|-damage|p1a: Thundurus|94/100|[from] Sandstorm
|upkeep
|turn|12
|
|t:|1760886035
|switch|p1a: GREAT Bait|Torkoal, F, shiny|100/100
|-weather|SunnyDay|[from] ability: Drought|[of] p1a: GREAT Bait
|move|p2a: Gholdengo|Shadow Ball|p1a: GREAT Bait
|-damage|p1a: GREAT Bait|45/100
|
|-weather|SunnyDay|[upkeep]
|upkeep
|turn|13
|
|t:|1760886045
|move|p2a: Gholdengo|Shadow Ball|p1a: GREAT Bait
|-damage|p1a: GREAT Bait|0 fnt
|faint|p1a: GREAT Bait
|
|-weather|SunnyDay|[upkeep]
|upkeep
|j| yarcii
|
|t:|1760886051
|switch|p1a: Walking Wake|Walking Wake|100/100
|-activate|p1a: Walking Wake|ability: Protosynthesis
|-start|p1a: Walking Wake|protosynthesisspe
|turn|14
|
|t:|1760886056
|switch|p2a: Tyranitar|Tyranitar, F, shiny|100/100
|-weather|Sandstorm|[from] ability: Sand Stream|[of] p2a: Tyranitar
|-end|p1a: Walking Wake|Protosynthesis
|move|p1a: Walking Wake|Hydro Steam|p2a: Tyranitar
|-supereffective|p2a: Tyranitar
|-damage|p2a: Tyranitar|54/100
|
|-weather|Sandstorm|[upkeep]
|-damage|p1a: Walking Wake|94/100|[from] Sandstorm
|upkeep
|turn|15
|
|t:|1760886068
|move|p1a: Walking Wake|Hydro Steam|p2a: Tyranitar
|-supereffective|p2a: Tyranitar
|-damage|p2a: Tyranitar|8/100
|-enditem|p2a: Tyranitar|Salac Berry|[eat]
|-boost|p2a: Tyranitar|spe|1|[from] item: Salac Berry
|move|p2a: Tyranitar|Dragon Dance|p2a: Tyranitar
|-boost|p2a: Tyranitar|atk|1
|-boost|p2a: Tyranitar|spe|1
|
|-weather|Sandstorm|[upkeep]
|-damage|p1a: Walking Wake|88/100|[from] Sandstorm
|upkeep
|turn|16
|
|t:|1760886081
|move|p2a: Tyranitar|Stone Edge|p1a: Walking Wake
|-damage|p1a: Walking Wake|3/100
|move|p1a: Walking Wake|Flamethrower|p2a: Tyranitar
|-resisted|p2a: Tyranitar
|-crit|p2a: Tyranitar
|-damage|p2a: Tyranitar|0 fnt
|faint|p2a: Tyranitar
|
|-weather|Sandstorm|[upkeep]
|-damage|p1a: Walking Wake|0 fnt|[from] Sandstorm
|faint|p1a: Walking Wake
|-end|p1a: Walking Wake|Protosynthesis|[silent]
|upkeep
|
|t:|1760886092
|switch|p1a: Thundurus|Thundurus-Therian, M|94/100
|switch|p2a: Gholdengo|Gholdengo|100/100
|turn|17
|
|t:|1760886098
|move|p2a: Gholdengo|Trick|p1a: Thundurus
|-activate|p2a: Gholdengo|move: Trick|[of] p1a: Thundurus
|-item|p1a: Thundurus|Choice Scarf|[from] move: Trick
|-item|p2a: Gholdengo|Choice Specs|[from] move: Trick
|move|p1a: Thundurus|Thunderbolt|p2a: Gholdengo
|-damage|p2a: Gholdengo|39/100
|
|-weather|Sandstorm|[upkeep]
|-damage|p1a: Thundurus|88/100|[from] Sandstorm
|upkeep
|turn|18
|c|☆go b3yond|Why would u do that?
|
|t:|1760886113
|move|p1a: Thundurus|Thunderbolt|p2a: Gholdengo
|-damage|p2a: Gholdengo|0 fnt
|faint|p2a: Gholdengo
|
|-weather|none
|upkeep
|
|t:|1760886120
|switch|p2a: Yanmega|Yanmega, F|100/100
|turn|19
|c|☆go b3yond|Unless ur tera ground
|
|t:|1760886130
|-terastallize|p2a: Yanmega|Ground
|move|p1a: Thundurus|Thunderbolt|p2a: Yanmega
|-immune|p2a: Yanmega
|move|p2a: Yanmega|Psychic Noise|p1a: Thundurus
|-damage|p1a: Thundurus|51/100
|-start|p1a: Thundurus|move: Heal Block
|-enditem|p2a: Yanmega|Throat Spray
|-boost|p2a: Yanmega|spa|1|[from] item: Throat Spray
|
|-ability|p2a: Yanmega|Speed Boost|boost
|-boost|p2a: Yanmega|spe|1
|upkeep
|turn|20
|c|☆go b3yond|...
|c|☆go b3yond|Gg
|-message|go b3yond forfeited.
|
|win|310YM4N74N3R0
|raw|go b3yond's rating: 1670 &rarr; <strong>1650</strong><br />(-20 for losing)
|raw|310YM4N74N3R0's rating: 1662 &rarr; <strong>1682</strong><br />(+20 for winning)
|l|☆go b3yond
|player|p1|
|l|☆310YM4N74N3R0
|player|p2|
|l| yarcii
