|j|☆Sr.Potenkinbuster
|j|☆patrickd420
|t:|1760760362
|gametype|singles
|player|p1|Sr.Potenkinbuster|palmer|1315
|player|p2|patrickd420|169|1293
|gen|9
|tier|[Gen 9] OU
|rated|
|rule|HP Percentage Mod: HP is shown in percentages
|rule|Endless Battle Clause: Forcing endless battles is banned
|rule|Species Clause: Limit one of each Pokémon
|rule|OHKO Clause: OHKO moves are banned
|rule|Evasion Items Clause: Evasion items are banned
|rule|Evasion Moves Clause: Evasion moves are banned
|rule|Evasion Abilities Clause: Evasion abilities are banned
|rule|Sleep Moves Clause: Sleep-inducing moves are banned
|clearpoke
|poke|p1|Kingdra, M|
|poke|p1|Pelipper, F|
|poke|p1|Blissey, F|
|poke|p1|Raging Bolt|
|poke|p1|Great Tusk|
|poke|p1|Ogerpon-Wellspring, F|
|poke|p2|Iron Valiant|
|poke|p2|Gholdengo|
|poke|p2|Glimmora, M|
|poke|p2|Ogerpon-Wellspring, F|
|poke|p2|Great Tusk|
|poke|p2|Kingambit, F|
|teampreview
|inactive|Battle timer is ON: inactive players will automatically lose when time's up. (requested by patrickd420)
|
|t:|1760760374
|teamsize|p1|6
|teamsize|p2|6
|start
|switch|p1a: Raging Bolt|Raging Bolt|100/100
|switch|p2a: Great Tusk|Great Tusk|100/100
|-enditem|p2a: Great Tusk|Booster Energy
|-activate|p2a: Great Tusk|ability: Protosynthesis|[fromitem]
|-start|p2a: Great Tusk|protosynthesisatk
|turn|1
|
|t:|1760760385
|move|p2a: Great Tusk|Rapid Spin|p1a: Raging Bolt
|-damage|p1a: Raging Bolt|79/100
|-boost|p2a: Great Tusk|spe|1
|move|p1a: Raging Bolt|Draco Meteor|p2a: Great Tusk|[miss]
|-miss|p1a: Raging Bolt|p2a: Great Tusk
|
|upkeep
|turn|2
|
|t:|1760760392
|move|p2a: Great Tusk|Ice Spinner|p1a: Raging Bolt
|-supereffective|p1a: Raging Bolt
|-damage|p1a: Raging Bolt|11/100
|-enditem|p1a: Raging Bolt|Sitrus Berry|[eat]
|-heal|p1a: Raging Bolt|36/100|[from] item: Sitrus Berry
|move|p1a: Raging Bolt|Draco Meteor|p2a: Great Tusk
|-damage|p2a: Great Tusk|0 fnt
|-unboost|p1a: Raging Bolt|spa|2
|faint|p2a: Great Tusk
|-end|p2a: Great Tusk|Protosynthesis|[silent]
|
|upkeep
|
|t:|1760760403
|switch|p2a: Glimmora|Glimmora, M|100/100
|turn|3
|
|t:|1760760407
|move|p2a: Glimmora|Stealth Rock|p1a: Raging Bolt
|-sidestart|p1: Sr.Potenkinbuster|move: Stealth Rock
|move|p1a: Raging Bolt|Taunt|p2a: Glimmora
|-start|p2a: Glimmora|move: Taunt
|
|upkeep
|turn|4
|
|t:|1760760413
|move|p2a: Glimmora|Mortal Spin|p1a: Raging Bolt
|-damage|p1a: Raging Bolt|31/100
|-status|p1a: Raging Bolt|psn
|move|p1a: Raging Bolt|Volt Switch|p2a: Glimmora
|-damage|p2a: Glimmora|77/100
|
|t:|1760760420
|-end|p1a: Raging Bolt|Protosynthesis|[silent]
|switch|p1a: Great Tusk|Great Tusk|100/100|[from] Volt Switch
|-damage|p1a: Great Tusk|98/100|[from] Stealth Rock
|
|upkeep
|turn|5
|
|t:|1760760436
|move|p2a: Glimmora|Mortal Spin|p1a: Great Tusk
|-resisted|p1a: Great Tusk
|-damage|p1a: Great Tusk|96/100
|-status|p1a: Great Tusk|psn
|move|p1a: Great Tusk|Earthquake|p2a: Glimmora
|-supereffective|p2a: Glimmora
|-damage|p2a: Glimmora|0 fnt
|-activate|p2a: Glimmora|ability: Toxic Debris
|-sidestart|p1: Sr.Potenkinbuster|move: Toxic Spikes
|faint|p2a: Glimmora
|
|-damage|p1a: Great Tusk|83/100 psn|[from] psn
|upkeep
|
|t:|1760760443
|switch|p2a: Ogerpon|Ogerpon-Wellspring, F|100/100
|turn|6
|
|t:|1760760464
|switch|p2a: Gholdengo|Gholdengo|100/100
|-terastallize|p1a: Great Tusk|Steel
|move|p1a: Great Tusk|Ice Spinner|p2a: Gholdengo
|-resisted|p2a: Gholdengo
|-damage|p2a: Gholdengo|85/100
|
|-damage|p1a: Great Tusk|71/100 psn|[from] psn
|upkeep
|turn|7
|
|t:|1760760474
|move|p2a: Gholdengo|Trick|p1a: Great Tusk
|-activate|p2a: Gholdengo|move: Trick|[of] p1a: Great Tusk
|-item|p1a: Great Tusk|Choice Scarf|[from] move: Trick
|-item|p2a: Gholdengo|Sitrus Berry|[from] move: Trick
|move|p1a: Great Tusk|Rapid Spin|p2a: Gholdengo
|-immune|p2a: Gholdengo
|
|-damage|p1a: Great Tusk|59/100 psn|[from] psn
|upkeep
|turn|8
|
|t:|1760760490
|move|p1a: Great Tusk|Rapid Spin|p2a: Gholdengo
|-immune|p2a: Gholdengo
|move|p2a: Gholdengo|Shadow Ball|p1a: Great Tusk
|-damage|p1a: Great Tusk|6/100 psn
|
|-damage|p1a: Great Tusk|0 fnt|[from] psn
|faint|p1a: Great Tusk
|-end|p1a: Great Tusk|Protosynthesis|[silent]
|upkeep
|inactive|Sr.Potenkinbuster has 120 seconds left.
|
|t:|1760760519
|switch|p1a: Raging Bolt|Raging Bolt|31/100 psn
|-damage|p1a: Raging Bolt|19/100 psn|[from] Stealth Rock
|turn|9
|inactive|Sr.Potenkinbuster has 120 seconds left.
|
|t:|1760760537
|move|p1a: Raging Bolt|Thunderclap|p2a: Gholdengo
|-damage|p2a: Gholdengo|34/100
|-enditem|p2a: Gholdengo|Sitrus Berry|[eat]
|-heal|p2a: Gholdengo|59/100|[from] item: Sitrus Berry
|move|p2a: Gholdengo|Shadow Ball|p1a: Raging Bolt
|-damage|p1a: Raging Bolt|0 fnt
|faint|p1a: Raging Bolt
|-end|p1a: Raging Bolt|Protosynthesis|[silent]
|
|upkeep
|inactive|Sr.Potenkinbuster has 120 seconds left.
|
|t:|1760760551
|switch|p1a: Ogerpon|Ogerpon-Wellspring, F|100/100
|-damage|p1a: Ogerpon|88/100|[from] Stealth Rock
|-status|p1a: Ogerpon|psn
|turn|10
|inactive|Sr.Potenkinbuster has 120 seconds left.
|
|t:|1760760560
|move|p1a: Ogerpon|Ivy Cudgel|p2a: Gholdengo|[anim] Ivy Cudgel Water
|-damage|p2a: Gholdengo|0 fnt
|faint|p2a: Gholdengo
|
|-damage|p1a: Ogerpon|76/100 psn|[from] psn
|upkeep
|
|t:|1760760564
|switch|p2a: Iron Valiant|Iron Valiant|100/100
|-enditem|p2a: Iron Valiant|Booster Energy
|-activate|p2a: Iron Valiant|ability: Quark Drive|[fromitem]
|-start|p2a: Iron Valiant|quarkdrivespe
|turn|11
|
|t:|1760760572
|move|p2a: Iron Valiant|Swords Dance|p2a: Iron Valiant
|-boost|p2a: Iron Valiant|atk|2
|move|p1a: Ogerpon|Ivy Cudgel|p2a: Iron Valiant|[anim] Ivy Cudgel Water
|-damage|p2a: Iron Valiant|30/100
|
|-damage|p1a: Ogerpon|64/100 psn|[from] psn
|upkeep
|turn|12
|
|t:|1760760581
|-terastallize|p2a: Iron Valiant|Fighting
|move|p2a: Iron Valiant|Close Combat|p1a: Ogerpon
|-damage|p1a: Ogerpon|0 fnt
|-unboost|p2a: Iron Valiant|def|1
|-unboost|p2a: Iron Valiant|spd|1
|faint|p1a: Ogerpon
|
|upkeep
|
|t:|1760760590
|switch|p1a: Pelipper|Pelipper, F|100/100
|-damage|p1a: Pelipper|75/100|[from] Stealth Rock
|-weather|RainDance|[from] ability: Drizzle|[of] p1a: Pelipper
|turn|13
|
|t:|1760760598
|move|p2a: Iron Valiant|Knock Off|p1a: Pelipper
|-damage|p1a: Pelipper|20/100
|-enditem|p1a: Pelipper|Damp Rock|[from] move: Knock Off|[of] p2a: Iron Valiant
|move|p1a: Pelipper|Hurricane|p2a: Iron Valiant
|-supereffective|p2a: Iron Valiant
|-damage|p2a: Iron Valiant|0 fnt
|faint|p2a: Iron Valiant
|-end|p2a: Iron Valiant|Quark Drive|[silent]
|
|-weather|RainDance|[upkeep]
|upkeep
|
|t:|1760760605
|switch|p2a: Ogerpon|Ogerpon-Wellspring, F|100/100
|turn|14
|
|t:|1760760611
|move|p2a: Ogerpon|Wood Hammer|p1a: Pelipper
|-damage|p1a: Pelipper|0 fnt
|faint|p1a: Pelipper
|-damage|p2a: Ogerpon|94/100|[from] Recoil
|
|-weather|RainDance|[upkeep]
|upkeep
|
|t:|1760760623
|switch|p1a: Kingdra|Kingdra, M|100/100
|-damage|p1a: Kingdra|88/100|[from] Stealth Rock
|-status|p1a: Kingdra|psn
|turn|15
|
|t:|1760760631
|move|p1a: Kingdra|Hurricane|p2a: Ogerpon
|-supereffective|p2a: Ogerpon
|-damage|p2a: Ogerpon|0 fnt
|faint|p2a: Ogerpon
|
|-weather|RainDance|[upkeep]
|-damage|p1a: Kingdra|76/100 psn|[from] psn
|upkeep
|
|t:|1760760634
|switch|p2a: Kingambit|Kingambit, F|100/100
|-activate|p2a: Kingambit|ability: Supreme Overlord
|-start|p2a: Kingambit|fallen5|[silent]
|turn|16
|
|t:|1760760643
|move|p2a: Kingambit|Sucker Punch|p1a: Kingdra
|-damage|p1a: Kingdra|0 fnt
|faint|p1a: Kingdra
|-damage|p2a: Kingambit|91/100|[from] item: Life Orb
|
|-weather|RainDance|[upkeep]
|upkeep
|
|t:|1760760650
|switch|p1a: Blissey|Blissey, F|100/100
|-damage|p1a: Blissey|88/100|[from] Stealth Rock
|-status|p1a: Blissey|psn
|turn|17
|
|t:|1760760657
|move|p2a: Kingambit|Sucker Punch|p1a: Blissey
|-damage|p1a: Blissey|14/100 psn
|-damage|p2a: Kingambit|81/100|[from] item: Life Orb
|move|p1a: Blissey|Seismic Toss|p2a: Kingambit
|-damage|p2a: Kingambit|56/100
|
|-weather|RainDance|[upkeep]
|-heal|p1a: Blissey|21/100 psn|[from] item: Leftovers
|-damage|p1a: Blissey|8/100 psn|[from] psn
|upkeep
|turn|18
|
|t:|1760760670
|move|p1a: Blissey|Seismic Toss|p2a: Kingambit
|-damage|p2a: Kingambit|31/100
|move|p2a: Kingambit|Swords Dance|p2a: Kingambit
|-boost|p2a: Kingambit|atk|2
|
|-weather|RainDance|[upkeep]
|-heal|p1a: Blissey|14/100 psn|[from] item: Leftovers
|-damage|p1a: Blissey|2/100 psn|[from] psn
|upkeep
|turn|19
|
|t:|1760760680
|move|p2a: Kingambit|Sucker Punch|p1a: Blissey
|-damage|p1a: Blissey|0 fnt
|faint|p1a: Blissey
|-damage|p2a: Kingambit|21/100|[from] item: Life Orb
|
|win|patrickd420
|raw|Sr.Potenkinbuster's rating: 1292 &rarr; <strong>1267</strong><br />(-25 for losing)
|raw|patrickd420's rating: 1293 &rarr; <strong>1318</strong><br />(+25 for winning)
|l|☆patrickd420
|player|p2|
|l|☆Sr.Potenkinbuster
|player|p1|
