|j|☆Otavio296235
|j|☆Drjurnslc
|t:|1760795082
|gametype|singles
|player|p1|Otavio296235|palmer|1155
|player|p2|Drjurnslc|n|1165
|gen|9
|tier|[Gen 9] OU
|rated|
|rule|HP Percentage Mod: HP is shown in percentages
|rule|Endless Battle Clause: Forcing endless battles is banned
|rule|Species Clause: Limit one of each Pokémon
|rule|OHKO Clause: OHKO moves are banned
|rule|Evasion Items Clause: Evasion items are banned
|rule|Evasion Moves Clause: Evasion moves are banned
|rule|Evasion Abilities Clause: Evasion abilities are banned
|rule|Sleep Moves Clause: Sleep-inducing moves are banned
|clearpoke
|poke|p1|Clefable, M|
|poke|p1|Gliscor, F|
|poke|p1|Ogerpon, F|
|poke|p1|Samurott-Hisui, M|
|poke|p1|Alomomola, F|
|poke|p1|Skeledirge, F|
|poke|p2|Serperior, F|
|poke|p2|Cinderace, M|
|poke|p2|Araquanid, F|
|poke|p2|Malamar, F|
|poke|p2|Enamorus, F|
|poke|p2|Hatterene, F|
|teampreview
|
|t:|1760795115
|teamsize|p1|6
|teamsize|p2|6
|start
|switch|p1a: Gliscor|Gliscor, F, shiny|100/100
|switch|p2a: Araquanid|Araquanid, F, shiny|100/100
|turn|1
|
|t:|1760795122
|-terastallize|p1a: Gliscor|Water
|move|p1a: Gliscor|Swords Dance|p1a: Gliscor
|-boost|p1a: Gliscor|atk|2
|move|p2a: Araquanid|Sticky Web|p1a: Gliscor
|-sidestart|p1: Otavio296235|move: Sticky Web
|
|-status|p1a: Gliscor|tox|[from] item: Toxic Orb
|upkeep
|turn|2
|
|t:|1760795166
|switch|p2a: Hatterene|Hatterene, F, shiny|100/100
|move|p1a: Gliscor|Swords Dance|p1a: Gliscor
|-boost|p1a: Gliscor|atk|2
|
|upkeep
|turn|3
|
|t:|1760795183
|move|p1a: Gliscor|Earthquake|p2a: Hatterene
|-damage|p2a: Hatterene|13/100
|-enditem|p2a: Hatterene|Eject Button
|
|t:|1760795187
|switch|p2a: Cinderace|Cinderace, M|100/100
|
|upkeep
|turn|4
|
|t:|1760795215
|move|p2a: Cinderace|Court Change|p2a: Cinderace
|-start|p2a: Cinderace|typechange|Normal|[from] ability: Libero
|-swapsideconditions
|-activate|p2a: Cinderace|move: Court Change
|move|p1a: Gliscor|Earthquake|p2a: Cinderace
|-damage|p2a: Cinderace|0 fnt
|faint|p2a: Cinderace
|
|upkeep
|
|t:|1760795223
|switch|p2a: Araquanid|Araquanid, F, shiny|100/100
|-activate|p2a: Araquanid|move: Sticky Web
|-unboost|p2a: Araquanid|spe|1
|turn|5
|
|t:|1760795239
|move|p1a: Gliscor|Protect|p1a: Gliscor
|-singleturn|p1a: Gliscor|Protect
|move|p2a: Araquanid|Sticky Web|p1a: Gliscor
|-sidestart|p1: Otavio296235|move: Sticky Web
|
|upkeep
|turn|6
|
|t:|1760795253
|switch|p2a: Hatterene|Hatterene, F, shiny|13/100
|-activate|p2a: Hatterene|move: Sticky Web
|-unboost|p2a: Hatterene|spe|1
|move|p1a: Gliscor|Facade|p2a: Hatterene
|-damage|p2a: Hatterene|0 fnt
|faint|p2a: Hatterene
|
|upkeep
|
|t:|1760795263
|switch|p2a: Serperior|Serperior, F|100/100
|-activate|p2a: Serperior|move: Sticky Web
|-boost|p2a: Serperior|spe|1
|turn|7
|
|t:|1760795271
|-terastallize|p2a: Serperior|Grass
|move|p2a: Serperior|Leaf Storm|p1a: Gliscor
|-supereffective|p1a: Gliscor
|-damage|p1a: Gliscor|0 fnt
|-boost|p2a: Serperior|spa|2
|faint|p1a: Gliscor
|
|upkeep
|
|t:|1760795276
|switch|p1a: Ogerpon|Ogerpon, F|100/100
|turn|8
|
|t:|1760795284
|move|p2a: Serperior|Leaf Storm|p1a: Ogerpon
|-resisted|p1a: Ogerpon
|-damage|p1a: Ogerpon|0 fnt
|-boost|p2a: Serperior|spa|2
|faint|p1a: Ogerpon
|
|upkeep
|
|t:|1760795287
|switch|p1a: Skeledirge|Skeledirge, F, shiny|100/100
|turn|9
|
|t:|1760795293
|move|p2a: Serperior|Leaf Storm|p1a: Skeledirge
|-resisted|p1a: Skeledirge
|-crit|p1a: Skeledirge
|-damage|p1a: Skeledirge|48/100
|-boost|p2a: Serperior|spa|2
|move|p1a: Skeledirge|Torch Song|p2a: Serperior
|-supereffective|p2a: Serperior
|-damage|p2a: Serperior|31/100
|-boost|p1a: Skeledirge|spa|1
|
|upkeep
|turn|10
|
|t:|1760795322
|move|p2a: Serperior|Leaf Storm|p1a: Skeledirge
|-resisted|p1a: Skeledirge
|-damage|p1a: Skeledirge|13/100
|move|p1a: Skeledirge|Torch Song|p2a: Serperior
|-supereffective|p2a: Serperior
|-damage|p2a: Serperior|0 fnt
|-boost|p1a: Skeledirge|spa|1
|faint|p2a: Serperior
|
|upkeep
|
|t:|1760795333
|switch|p2a: Malamar|Malamar, F, shiny|100/100
|-activate|p2a: Malamar|move: Sticky Web
|-boost|p2a: Malamar|spe|1
|turn|11
|inactive|Battle timer is ON: inactive players will automatically lose when time's up. (requested by Drjurnslc)
|
|t:|1760795417
|move|p2a: Malamar|Knock Off|p1a: Skeledirge
|-supereffective|p1a: Skeledirge
|-damage|p1a: Skeledirge|0 fnt
|-enditem|p1a: Skeledirge|Heavy-Duty Boots|[from] move: Knock Off|[of] p2a: Malamar
|faint|p1a: Skeledirge
|-damage|p2a: Malamar|91/100|[from] item: Life Orb
|
|upkeep
|
|t:|1760795420
|switch|p1a: Samurott|Samurott-Hisui, M, shiny|100/100
|turn|12
|inactiveoff|Battle timer is now OFF.
|
|t:|1760795429
|move|p2a: Malamar|Superpower|p1a: Samurott
|-supereffective|p1a: Samurott
|-damage|p1a: Samurott|0 fnt
|-boost|p2a: Malamar|atk|1
|-boost|p2a: Malamar|def|1
|faint|p1a: Samurott
|-damage|p2a: Malamar|81/100|[from] item: Life Orb
|
|upkeep
|-message|Otavio296235 forfeited.
|
|win|Drjurnslc
|raw|Otavio296235's rating: 1155 &rarr; <strong>1131</strong><br />(-24 for losing)
|raw|Drjurnslc's rating: 1165 &rarr; <strong>1189</strong><br />(+24 for winning)
|l|☆Otavio296235
|player|p1|
|l|☆Drjurnslc
|player|p2|
