|j|☆I am a guineapig
|j|☆delriooo
|t:|1760868987
|gametype|singles
|player|p1|I am a guineapig|fisherman-gen4|1187
|player|p2|delriooo|266|1165
|gen|9
|tier|[Gen 9] OU
|rated|
|rule|HP Percentage Mod: HP is shown in percentages
|rule|Endless Battle Clause: Forcing endless battles is banned
|rule|Species Clause: Limit one of each Pokémon
|rule|OHKO Clause: OHKO moves are banned
|rule|Evasion Items Clause: Evasion items are banned
|rule|Evasion Moves Clause: Evasion moves are banned
|rule|Evasion Abilities Clause: Evasion abilities are banned
|rule|Sleep Moves Clause: Sleep-inducing moves are banned
|clearpoke
|poke|p1|Staraptor, F|
|poke|p1|Zoroark-Hisui, F|
|poke|p1|Tauros, M|
|poke|p1|Slowbro, F|
|poke|p1|Ditto|
|poke|p1|Cyclizar, F|
|poke|p2|Gastrodon, M|
|poke|p2|Weavile, M|
|poke|p2|Heatran, F|
|poke|p2|Staraptor, F|
|poke|p2|Gliscor, F|
|poke|p2|Rotom-Mow|
|teampreview
|inactive|Battle timer is ON: inactive players will automatically lose when time's up. (requested by I am a guineapig)
|
|t:|1760868996
|teamsize|p1|6
|teamsize|p2|6
|start
|switch|p1a: Cyclizar|Cyclizar, F|100/100
|switch|p2a: Rotom|Rotom-Mow|100/100
|turn|1
|
|t:|1760869010
|move|p2a: Rotom|Trick|p1a: Cyclizar
|-activate|p2a: Rotom|move: Trick|[of] p1a: Cyclizar
|-item|p1a: Cyclizar|Choice Scarf|[from] move: Trick
|-item|p2a: Rotom|Heavy-Duty Boots|[from] move: Trick
|move|p1a: Cyclizar|Overheat|p2a: Rotom
|-supereffective|p2a: Rotom
|-damage|p2a: Rotom|13/100
|-unboost|p1a: Cyclizar|spa|2
|
|upkeep
|turn|2
|
|t:|1760869023
|switch|p1a: Tauros|Tauros, M|100/100
|-ability|p1a: Tauros|Intimidate|boost
|-unboost|p2a: Rotom|atk|1
|switch|p2a: Heatran|Heatran, F|100/100
|-item|p2a: Heatran|Air Balloon
|
|upkeep
|turn|3
|
|t:|1760869032
|move|p1a: Tauros|Close Combat|p2a: Heatran
|-supereffective|p2a: Heatran
|-damage|p2a: Heatran|32/100
|-unboost|p1a: Tauros|def|1
|-unboost|p1a: Tauros|spd|1
|-enditem|p2a: Heatran|Air Balloon
|move|p2a: Heatran|Will-O-Wisp|p1a: Tauros
|-status|p1a: Tauros|brn
|
|-damage|p1a: Tauros|94/100 brn|[from] brn
|upkeep
|turn|4
|
|t:|1760869046
|move|p1a: Tauros|Close Combat|p2a: Heatran
|-supereffective|p2a: Heatran
|-damage|p2a: Heatran|0 fnt
|-unboost|p1a: Tauros|def|1
|-unboost|p1a: Tauros|spd|1
|faint|p2a: Heatran
|
|-damage|p1a: Tauros|88/100 brn|[from] brn
|upkeep
|
|t:|1760869051
|switch|p2a: Gliscor|Gliscor, F|100/100
|turn|5
|
|t:|1760869072
|switch|p1a: Slowbro|Slowbro, F|100/100
|move|p2a: Gliscor|Protect||[still]
|-fail|p2a: Gliscor
|
|-status|p2a: Gliscor|tox|[from] item: Toxic Orb
|upkeep
|turn|6
|
|t:|1760869078
|move|p2a: Gliscor|Toxic Spikes|p1a: Slowbro
|-sidestart|p1: I am a guineapig|move: Toxic Spikes
|move|p1a: Slowbro|Scald|p2a: Gliscor
|-supereffective|p2a: Gliscor
|-damage|p2a: Gliscor|31/100 tox
|
|-heal|p2a: Gliscor|43/100 tox|[from] ability: Poison Heal
|upkeep
|turn|7
|
|t:|1760869086
|move|p2a: Gliscor|Protect|p2a: Gliscor
|-singleturn|p2a: Gliscor|Protect
|move|p1a: Slowbro|Calm Mind|p1a: Slowbro
|-boost|p1a: Slowbro|spa|1
|-boost|p1a: Slowbro|spd|1
|
|-heal|p2a: Gliscor|56/100 tox|[from] ability: Poison Heal
|upkeep
|turn|8
|
|t:|1760869091
|switch|p2a: Rotom|Rotom-Mow|13/100
|move|p1a: Slowbro|Scald|p2a: Rotom
|-resisted|p2a: Rotom
|-damage|p2a: Rotom|0 fnt
|faint|p2a: Rotom
|
|upkeep
|
|t:|1760869101
|switch|p2a: Weavile|Weavile, M|100/100
|-ability|p2a: Weavile|Pressure
|turn|9
|
|t:|1760869109
|move|p2a: Weavile|Knock Off|p1a: Slowbro
|-supereffective|p1a: Slowbro
|-damage|p1a: Slowbro|33/100
|-damage|p2a: Weavile|84/100|[from] item: Rocky Helmet|[of] p1a: Slowbro
|-enditem|p1a: Slowbro|Rocky Helmet|[from] move: Knock Off|[of] p2a: Weavile
|-damage|p2a: Weavile|74/100|[from] item: Life Orb
|move|p1a: Slowbro|Scald|p2a: Weavile
|-crit|p2a: Weavile
|-damage|p2a: Weavile|0 fnt
|faint|p2a: Weavile
|
|upkeep
|
|t:|1760869119
|switch|p2a: Staraptor|Staraptor, F|100/100
|turn|10
|
|t:|1760869123
|move|p2a: Staraptor|U-turn|p1a: Slowbro
|-supereffective|p1a: Slowbro
|-damage|p1a: Slowbro|0 fnt
|faint|p1a: Slowbro
|
|t:|1760869127
|switch|p2a: Gliscor|Gliscor, F|56/100 tox|[from] U-turn
|
|-heal|p2a: Gliscor|68/100 tox|[from] ability: Poison Heal
|upkeep
|
|t:|1760869134
|switch|p1a: Cyclizar|Cyclizar, F|100/100
|-status|p1a: Cyclizar|psn
|turn|11
|
|t:|1760869137
|move|p2a: Gliscor|Protect|p2a: Gliscor
|-singleturn|p2a: Gliscor|Protect
|move|p1a: Cyclizar|Rapid Spin|p2a: Gliscor
|-activate|p2a: Gliscor|move: Protect
|
|-damage|p1a: Cyclizar|88/100 psn|[from] psn
|-heal|p2a: Gliscor|81/100 tox|[from] ability: Poison Heal
|upkeep
|turn|12
|
|t:|1760869146
|move|p1a: Cyclizar|Rapid Spin|p2a: Gliscor
|-damage|p2a: Gliscor|71/100 tox
|-boost|p1a: Cyclizar|spe|1
|-sideend|p1: I am a guineapig|Toxic Spikes|[from] move: Rapid Spin|[of] p1a: Cyclizar
|move|p2a: Gliscor|Facade|p1a: Cyclizar
|-damage|p1a: Cyclizar|38/100 psn
|
|-damage|p1a: Cyclizar|26/100 psn|[from] psn
|-heal|p2a: Gliscor|84/100 tox|[from] ability: Poison Heal
|upkeep
|turn|13
|
|t:|1760869158
|switch|p1a: Tauros|Tauros, M|88/100 brn
|-ability|p1a: Tauros|Intimidate|boost
|-unboost|p2a: Gliscor|atk|1
|move|p2a: Gliscor|Toxic Spikes|p1a: Tauros
|-sidestart|p1: I am a guineapig|move: Toxic Spikes
|
|-heal|p2a: Gliscor|96/100 tox|[from] ability: Poison Heal
|-damage|p1a: Tauros|82/100 brn|[from] brn
|upkeep
|turn|14
|
|t:|1760869165
|move|p1a: Tauros|Raging Bull|p2a: Gliscor
|-damage|p2a: Gliscor|82/100 tox
|move|p2a: Gliscor|Toxic Spikes|p1a: Tauros
|-sidestart|p1: I am a guineapig|move: Toxic Spikes
|
|-heal|p2a: Gliscor|95/100 tox|[from] ability: Poison Heal
|-damage|p1a: Tauros|76/100 brn|[from] brn
|upkeep
|turn|15
|
|t:|1760869176
|move|p1a: Tauros|Raging Bull|p2a: Gliscor
|-damage|p2a: Gliscor|80/100 tox
|move|p2a: Gliscor|Earthquake|p1a: Tauros
|-damage|p1a: Tauros|51/100 brn
|
|-heal|p2a: Gliscor|93/100 tox|[from] ability: Poison Heal
|-damage|p1a: Tauros|45/100 brn|[from] brn
|upkeep
|turn|16
|
|t:|1760869184
|move|p1a: Tauros|Raging Bull|p2a: Gliscor
|-damage|p2a: Gliscor|79/100 tox
|move|p2a: Gliscor|Facade|p1a: Tauros
|-damage|p1a: Tauros|18/100 brn
|
|-heal|p2a: Gliscor|91/100 tox|[from] ability: Poison Heal
|-damage|p1a: Tauros|12/100 brn|[from] brn
|upkeep
|turn|17
|
|t:|1760869192
|move|p1a: Tauros|Raging Bull|p2a: Gliscor
|-damage|p2a: Gliscor|77/100 tox
|move|p2a: Gliscor|Facade|p1a: Tauros
|-damage|p1a: Tauros|0 fnt
|faint|p1a: Tauros
|
|-heal|p2a: Gliscor|89/100 tox|[from] ability: Poison Heal
|upkeep
|
|t:|1760869201
|switch|p1a: Cyclizar|Cyclizar, F|59/100 psn
|turn|18
|
|t:|1760869205
|move|p2a: Gliscor|Protect|p2a: Gliscor
|-singleturn|p2a: Gliscor|Protect
|move|p1a: Cyclizar|Draco Meteor|p2a: Gliscor
|-activate|p2a: Gliscor|move: Protect
|
|-damage|p1a: Cyclizar|47/100 psn|[from] psn
|-heal|p2a: Gliscor|100/100 tox|[from] ability: Poison Heal
|upkeep
|turn|19
|
|t:|1760869215
|move|p1a: Cyclizar|Draco Meteor|p2a: Gliscor
|-crit|p2a: Gliscor
|-damage|p2a: Gliscor|2/100 tox
|-unboost|p1a: Cyclizar|spa|2
|move|p2a: Gliscor|Facade|p1a: Cyclizar
|-damage|p1a: Cyclizar|11/100 psn
|
|-damage|p1a: Cyclizar|0 fnt|[from] psn
|faint|p1a: Cyclizar
|-heal|p2a: Gliscor|14/100 tox|[from] ability: Poison Heal
|upkeep
|
|t:|1760869220
|switch|p1a: Ditto|Ditto|100/100
|-status|p1a: Ditto|tox
|turn|20
|
|t:|1760869242
|move|p2a: Gliscor|Protect|p2a: Gliscor
|-singleturn|p2a: Gliscor|Protect
|move|p1a: Ditto|Nasty Plot|p1a: Ditto
|-boost|p1a: Ditto|spa|2
|
|-damage|p1a: Ditto|95/100 tox|[from] psn
|-heal|p2a: Gliscor|27/100 tox|[from] ability: Poison Heal
|upkeep
|turn|21
|
|t:|1760869253
|move|p1a: Ditto|Hyper Voice|p2a: Gliscor
|-damage|p2a: Gliscor|0 fnt
|faint|p2a: Gliscor
|
|-damage|p1a: Ditto|83/100 tox|[from] psn
|upkeep
|
|t:|1760869257
|switch|p2a: Staraptor|Staraptor, F|100/100
|turn|22
|
|t:|1760869261
|move|p1a: Ditto|Hyper Voice|p2a: Staraptor
|-damage|p2a: Staraptor|0 fnt
|faint|p2a: Staraptor
|
|-damage|p1a: Ditto|65/100 tox|[from] psn
|upkeep
|
|t:|1760869264
|switch|p2a: Gastrodon|Gastrodon, M|100/100
|turn|23
|
|t:|1760869269
|move|p1a: Ditto|Hyper Voice|p2a: Gastrodon
|-damage|p2a: Gastrodon|36/100
|move|p2a: Gastrodon|Muddy Water|p1a: Ditto
|-damage|p1a: Ditto|2/100 tox
|replace|p1a: Zoroark|Zoroark-Hisui, F
|-end|p1a: Zoroark|Illusion
|
|-heal|p2a: Gastrodon|42/100|[from] item: Leftovers
|-damage|p1a: Zoroark|0 fnt|[from] psn
|faint|p1a: Zoroark
|upkeep
|
|t:|1760869274
|switch|p1a: Staraptor|Staraptor, F|100/100
|turn|24
|
|t:|1760869281
|-terastallize|p1a: Staraptor|Flying
|move|p1a: Staraptor|Brave Bird|p2a: Gastrodon
|-damage|p2a: Gastrodon|0 fnt
|faint|p2a: Gastrodon
|-damage|p1a: Staraptor|82/100|[from] Recoil
|-damage|p1a: Staraptor|72/100|[from] item: Life Orb
|
|win|I am a guineapig
|raw|I am a guineapig's rating: 1187 &rarr; <strong>1210</strong><br />(+23 for winning)
|raw|delriooo's rating: 1165 &rarr; <strong>1142</strong><br />(-23 for losing)
|l|☆I am a guineapig
|player|p1|
|l|☆delriooo
|player|p2|
