|j|☆Weymint
|j|☆Cocobreezy
|t:|1760848308
|gametype|singles
|player|p1|Weymint|roxanne|1325
|player|p2|Cocobreezy|yellow|1365
|gen|9
|tier|[Gen 9] OU
|rated|
|rule|HP Percentage Mod: HP is shown in percentages
|rule|Endless Battle Clause: Forcing endless battles is banned
|rule|Species Clause: Limit one of each Pokémon
|rule|OHKO Clause: OHKO moves are banned
|rule|Evasion Items Clause: Evasion items are banned
|rule|Evasion Moves Clause: Evasion moves are banned
|rule|Evasion Abilities Clause: Evasion abilities are banned
|rule|Sleep Moves Clause: Sleep-inducing moves are banned
|clearpoke
|poke|p1|Muk-Alola, M|
|poke|p1|Volcanion|
|poke|p1|Clefable, F|
|poke|p1|Jirachi|
|poke|p1|Great Tusk|
|poke|p1|Thundurus-Therian, M|
|poke|p2|Primarina, F|
|poke|p2|Keldeo-Resolute|
|poke|p2|Greninja-*, M|
|poke|p2|Pelipper, M|
|poke|p2|Indeedee, M|
|poke|p2|Lycanroc-Dusk, M|
|teampreview
|inactive|Battle timer is ON: inactive players will automatically lose when time's up. (requested by Cocobreezy)
|
|t:|1760848323
|teamsize|p1|6
|teamsize|p2|6
|start
|switch|p1a: Thundurus|Thundurus-Therian, M|100/100
|switch|p2a: Indeedee|Indeedee, M|100/100
|-fieldstart|move: Psychic Terrain|[from] ability: Psychic Surge|[of] p2a: Indeedee
|turn|1
|
|t:|1760848336
|move|p1a: Thundurus|Thunderbolt|p2a: Indeedee
|-damage|p2a: Indeedee|45/100
|move|p2a: Indeedee|Trick Room|p2a: Indeedee
|-fieldstart|move: Trick Room|[of] p2a: Indeedee
|
|upkeep
|turn|2
|
|t:|1760848342
|switch|p1a: Muk|Muk-Alola, M, shiny|100/100
|move|p2a: Indeedee|Healing Wish|p2a: Indeedee
|faint|p2a: Indeedee
|
|upkeep
|
|t:|1760848358
|switch|p2a: Primarina|Primarina, F, shiny|100/100
|turn|3
|
|t:|1760848381
|move|p1a: Muk|Poison Fang|p2a: Primarina
|-supereffective|p2a: Primarina
|-damage|p2a: Primarina|26/100
|-status|p2a: Primarina|tox
|move|p2a: Primarina|Surf|p1a: Muk
|-damage|p1a: Muk|50/100
|
|-damage|p2a: Primarina|20/100 tox|[from] psn
|upkeep
|turn|4
|
|t:|1760848388
|switch|p1a: Volcanion|Volcanion|100/100
|move|p2a: Primarina|Surf|p1a: Volcanion
|-immune|p1a: Volcanion|[from] ability: Water Absorb
|
|-damage|p2a: Primarina|8/100 tox|[from] psn
|upkeep
|turn|5
|
|t:|1760848393
|move|p2a: Primarina|Psychic Noise|p1a: Volcanion
|-damage|p1a: Volcanion|54/100
|-start|p1a: Volcanion|move: Heal Block
|move|p1a: Volcanion|Scald|p2a: Primarina
|-resisted|p2a: Primarina
|-damage|p2a: Primarina|0 fnt
|faint|p2a: Primarina
|
|-fieldend|move: Trick Room
|-fieldend|move: Psychic Terrain
|upkeep
|
|t:|1760848401
|switch|p2a: Lycanroc|Lycanroc-Dusk, M, shiny|100/100
|turn|6
|
|t:|1760848409
|switch|p1a: Great Tusk|Great Tusk|100/100
|-terastallize|p2a: Lycanroc|Psychic
|move|p2a: Lycanroc|Psychic Fangs|p1a: Great Tusk
|-supereffective|p1a: Great Tusk
|-damage|p1a: Great Tusk|5/100
|-damage|p2a: Lycanroc|84/100|[from] item: Rocky Helmet|[of] p1a: Great Tusk
|
|upkeep
|turn|7
|
|t:|1760848418
|switch|p2a: Pelipper|Pelipper, M|100/100
|-weather|RainDance|[from] ability: Drizzle|[of] p2a: Pelipper
|move|p1a: Great Tusk|Earthquake|p2a: Pelipper
|-immune|p2a: Pelipper
|
|-weather|RainDance|[upkeep]
|upkeep
|turn|8
|
|t:|1760848434
|move|p1a: Great Tusk|Knock Off|p2a: Pelipper
|-damage|p2a: Pelipper|76/100
|-enditem|p2a: Pelipper|Damp Rock|[from] move: Knock Off|[of] p1a: Great Tusk
|move|p2a: Pelipper|Tailwind|p2a: Pelipper
|-sidestart|p2: Cocobreezy|move: Tailwind
|
|-weather|RainDance|[upkeep]
|upkeep
|turn|9
|inactive|Weymint has 120 seconds left.
|
|t:|1760848469
|move|p1a: Great Tusk|Knock Off|p2a: Pelipper
|-damage|p2a: Pelipper|60/100
|move|p2a: Pelipper|U-turn|p1a: Great Tusk
|-resisted|p1a: Great Tusk
|-damage|p1a: Great Tusk|3/100
|-damage|p2a: Pelipper|44/100|[from] item: Rocky Helmet|[of] p1a: Great Tusk
|
|t:|1760848476
|switch|p2a: Lycanroc|Lycanroc-Dusk, M, shiny, tera:Psychic|84/100|[from] U-turn
|-heal|p2a: Lycanroc|100/100|[from] move: Healing Wish
|
|-weather|RainDance|[upkeep]
|upkeep
|turn|10
|inactive|Weymint has 120 seconds left.
|inactive|Weymint has 90 seconds left.
|
|t:|1760848518
|move|p2a: Lycanroc|Accelerock|p1a: Great Tusk
|-resisted|p1a: Great Tusk
|-crit|p1a: Great Tusk
|-damage|p1a: Great Tusk|0 fnt
|-damage|p2a: Lycanroc|84/100|[from] item: Rocky Helmet|[of] p1a: Great Tusk
|faint|p1a: Great Tusk
|-end|p1a: Great Tusk|Protosynthesis|[silent]
|
|-weather|RainDance|[upkeep]
|upkeep
|
|t:|1760848529
|switch|p1a: Jirachi|Jirachi|100/100
|turn|11
|inactive|Weymint has 60 seconds left.
|
|t:|1760848587
|switch|p2a: Greninja|Greninja, M|100/100
|move|p1a: Jirachi|U-turn|p2a: Greninja
|-supereffective|p2a: Greninja
|-damage|p2a: Greninja|28/100
|
|t:|1760848593
|switch|p1a: Muk|Muk-Alola, M, shiny|50/100|[from] U-turn
|
|-weather|RainDance|[upkeep]
|-sideend|p2: Cocobreezy|move: Tailwind
|upkeep
|turn|12
|
|t:|1760848598
|move|p2a: Greninja|Water Shuriken|p1a: Muk
|-damage|p1a: Muk|42/100
|-damage|p1a: Muk|35/100
|-damage|p1a: Muk|28/100
|-damage|p1a: Muk|20/100
|-hitcount|p1a: Muk|4
|move|p1a: Muk|Poison Fang|p2a: Greninja
|-damage|p2a: Greninja|0 fnt
|faint|p2a: Greninja
|
|-weather|RainDance|[upkeep]
|upkeep
|
|t:|1760848611
|switch|p2a: Keldeo|Keldeo-Resolute|100/100
|turn|13
|inactive|Weymint has 60 seconds left.
|
|t:|1760848620
|move|p2a: Keldeo|Calm Mind|p2a: Keldeo
|-boost|p2a: Keldeo|spa|1
|-boost|p2a: Keldeo|spd|1
|move|p1a: Muk|Poison Fang|p2a: Keldeo
|-damage|p2a: Keldeo|74/100
|-status|p2a: Keldeo|psn|[from] ability: Poison Touch|[of] p1a: Muk
|
|-weather|RainDance|[upkeep]
|-damage|p2a: Keldeo|61/100 psn|[from] psn
|upkeep
|turn|14
|
|t:|1760848627
|move|p2a: Keldeo|Secret Sword|p1a: Muk
|-damage|p1a: Muk|0 fnt
|faint|p1a: Muk
|
|-weather|none
|-damage|p2a: Keldeo|49/100 psn|[from] psn
|upkeep
|
|t:|1760848633
|switch|p1a: Jirachi|Jirachi|100/100
|turn|15
|
|t:|1760848639
|move|p1a: Jirachi|Zen Headbutt|p2a: Keldeo
|-supereffective|p2a: Keldeo
|-damage|p2a: Keldeo|0 fnt
|faint|p2a: Keldeo
|
|upkeep
|
|t:|1760848643
|switch|p2a: Pelipper|Pelipper, M|44/100
|-weather|RainDance|[from] ability: Drizzle|[of] p2a: Pelipper
|turn|16
|
|t:|1760848647
|move|p1a: Jirachi|Zen Headbutt|p2a: Pelipper
|-damage|p2a: Pelipper|10/100
|move|p2a: Pelipper|Knock Off|p1a: Jirachi
|-supereffective|p1a: Jirachi
|-damage|p1a: Jirachi|73/100
|-enditem|p1a: Jirachi|Choice Scarf|[from] move: Knock Off|[of] p2a: Pelipper
|
|-weather|RainDance|[upkeep]
|upkeep
|turn|17
|
|t:|1760848652
|move|p1a: Jirachi|U-turn|p2a: Pelipper
|-resisted|p2a: Pelipper
|-damage|p2a: Pelipper|0 fnt
|faint|p2a: Pelipper
|
|t:|1760848658
|switch|p1a: Thundurus|Thundurus-Therian, M|100/100|[from] U-turn
|
|-weather|RainDance|[upkeep]
|upkeep
|
|t:|1760848662
|switch|p2a: Lycanroc|Lycanroc-Dusk, M, shiny, tera:Psychic|84/100
|turn|18
|
|t:|1760848667
|move|p1a: Thundurus|Thunderbolt|p2a: Lycanroc
|-damage|p2a: Lycanroc|0 fnt
|faint|p2a: Lycanroc
|
|win|Weymint
|raw|Weymint's rating: 1345 &rarr; <strong>1366</strong><br />(+21 for winning)
|raw|Cocobreezy's rating: 1365 &rarr; <strong>1344</strong><br />(-21 for losing)
|l|☆Weymint
|player|p1|
|c|☆Cocobreezy|gg lmao
|l|☆Cocobreezy
|player|p2|
