|j|☆aarush132451
|j|☆Catlamity
|t:|1760803693
|gametype|singles
|player|p1|aarush132451|lucas|1224
|player|p2|Catlamity|ingo|1187
|gen|9
|tier|[Gen 9] OU
|rated|
|rule|HP Percentage Mod: HP is shown in percentages
|rule|Endless Battle Clause: Forcing endless battles is banned
|rule|Species Clause: Limit one of each Pokémon
|rule|OHKO Clause: OHKO moves are banned
|rule|Evasion Items Clause: Evasion items are banned
|rule|Evasion Moves Clause: Evasion moves are banned
|rule|Evasion Abilities Clause: Evasion abilities are banned
|rule|Sleep Moves Clause: Sleep-inducing moves are banned
|clearpoke
|poke|p1|Greninja-*, M|
|poke|p1|Dragonite, F|
|poke|p1|Vikavolt, M|
|poke|p1|Blaziken, M|
|poke|p1|Umbreon, M|
|poke|p1|Iron Treads|
|poke|p2|Hydrapple, F|
|poke|p2|Slowking-Galar, F|
|poke|p2|Rillaboom, F|
|poke|p2|Hawlucha, F|
|poke|p2|Ogerpon-Wellspring, F|
|poke|p2|Heatran, M|
|teampreview
|inactive|Battle timer is ON: inactive players will automatically lose when time's up. (requested by Catlamity)
|
|t:|1760803714
|teamsize|p1|6
|teamsize|p2|6
|start
|switch|p1a: Blaziken|Blaziken, M|100/100
|switch|p2a: Heatran|Heatran, M|100/100
|-item|p1a: Blaziken|Air Balloon
|-item|p2a: Heatran|Air Balloon
|turn|1
|
|t:|1760803728
|move|p1a: Blaziken|Close Combat|p2a: Heatran
|-supereffective|p2a: Heatran
|-damage|p2a: Heatran|5/100
|-unboost|p1a: Blaziken|def|1
|-unboost|p1a: Blaziken|spd|1
|-enditem|p2a: Heatran|Air Balloon
|move|p2a: Heatran|Stealth Rock|p1a: Blaziken
|-sidestart|p1: aarush132451|move: Stealth Rock
|
|-ability|p1a: Blaziken|Speed Boost|boost
|-boost|p1a: Blaziken|spe|1
|upkeep
|turn|2
|
|t:|1760803744
|switch|p2a: Slowking|Slowking-Galar, F|100/100
|move|p1a: Blaziken|U-turn|p2a: Slowking
|-damage|p2a: Slowking|77/100
|-damage|p1a: Blaziken|84/100|[from] item: Rocky Helmet|[of] p2a: Slowking
|
|t:|1760803751
|switch|p1a: Iron Treads|Iron Treads|100/100|[from] U-turn
|-damage|p1a: Iron Treads|97/100|[from] Stealth Rock
|-enditem|p1a: Iron Treads|Booster Energy
|-activate|p1a: Iron Treads|ability: Quark Drive|[fromitem]
|-start|p1a: Iron Treads|quarkdrivespe
|
|upkeep
|turn|3
|inactive|Catlamity has 120 seconds left.
|
|t:|1760803781
|move|p1a: Iron Treads|Rapid Spin|p2a: Slowking
|-damage|p2a: Slowking|62/100
|-boost|p1a: Iron Treads|spe|1
|-damage|p1a: Iron Treads|81/100|[from] item: Rocky Helmet|[of] p2a: Slowking
|-sideend|p1: aarush132451|Stealth Rock|[from] move: Rapid Spin|[of] p1a: Iron Treads
|-prepare|p2a: Slowking|Chilly Reception|[premajor]
|move|p2a: Slowking|Chilly Reception|p2a: Slowking
|-weather|Snowscape
|inactive|Catlamity has 120 seconds left.
|
|t:|1760803794
|switch|p2a: Rillaboom|Rillaboom, F|100/100|[from] Chilly Reception
|-fieldstart|move: Grassy Terrain|[from] ability: Grassy Surge|[of] p2a: Rillaboom
|
|-weather|Snowscape|[upkeep]
|-heal|p1a: Iron Treads|87/100|[from] Grassy Terrain
|upkeep
|turn|4
|inactive|Catlamity has 120 seconds left.
|
|t:|1760803809
|move|p1a: Iron Treads|Iron Head|p2a: Rillaboom
|-damage|p2a: Rillaboom|57/100
|move|p2a: Rillaboom|High Horsepower|p1a: Iron Treads
|-supereffective|p1a: Iron Treads
|-damage|p1a: Iron Treads|2/100
|
|-weather|Snowscape|[upkeep]
|-heal|p1a: Iron Treads|8/100|[from] Grassy Terrain
|-heal|p2a: Rillaboom|63/100|[from] Grassy Terrain
|upkeep
|turn|5
|inactive|Catlamity has 120 seconds left.
|
|t:|1760803822
|move|p1a: Iron Treads|Stealth Rock|p2a: Rillaboom
|-sidestart|p2: Catlamity|move: Stealth Rock
|move|p2a: Rillaboom|High Horsepower|p1a: Iron Treads
|-supereffective|p1a: Iron Treads
|-damage|p1a: Iron Treads|0 fnt
|faint|p1a: Iron Treads
|-end|p1a: Iron Treads|Quark Drive|[silent]
|
|-weather|Snowscape|[upkeep]
|-heal|p2a: Rillaboom|69/100|[from] Grassy Terrain
|upkeep
|
|t:|1760803831
|switch|p1a: Greninja|Greninja, M|100/100
|turn|6
|inactive|Catlamity has 120 seconds left.
|
|t:|1760803841
|switch|p2a: Heatran|Heatran, M|5/100
|-damage|p2a: Heatran|0 fnt|[from] Stealth Rock
|faint|p2a: Heatran
|move|p1a: Greninja|Ice Beam|p2: Heatran|[notarget]
|-fail|p1a: Greninja
|
|-weather|Snowscape|[upkeep]
|upkeep
|inactive|Catlamity has 120 seconds left.
|
|t:|1760803867
|switch|p2a: Hawlucha|Hawlucha, F|100/100
|-damage|p2a: Hawlucha|88/100|[from] Stealth Rock
|-enditem|p2a: Hawlucha|Grassy Seed
|-boost|p2a: Hawlucha|def|1|[from] item: Grassy Seed
|turn|7
|
|t:|1760803877
|-terastallize|p1a: Greninja|Electric
|move|p2a: Hawlucha|Close Combat|p1a: Greninja
|-damage|p1a: Greninja|3/100
|-unboost|p2a: Hawlucha|def|1
|-unboost|p2a: Hawlucha|spd|1
|move|p1a: Greninja|Tera Blast|p2a: Hawlucha|[anim] Tera Blast Electric
|-supereffective|p2a: Hawlucha
|-damage|p2a: Hawlucha|0 fnt
|faint|p2a: Hawlucha
|-ability|p1a: Greninja|Battle Bond|boost
|-boost|p1a: Greninja|atk|1
|-boost|p1a: Greninja|spa|1
|-boost|p1a: Greninja|spe|1
|-activate|p1a: Greninja|ability: Battle Bond
|
|-weather|none
|-heal|p1a: Greninja|9/100|[from] Grassy Terrain
|-fieldend|move: Grassy Terrain
|upkeep
|inactive|Catlamity has 90 seconds left.
|
|t:|1760803894
|switch|p2a: Rillaboom|Rillaboom, F|69/100
|-damage|p2a: Rillaboom|57/100|[from] Stealth Rock
|-fieldstart|move: Grassy Terrain|[from] ability: Grassy Surge|[of] p2a: Rillaboom
|turn|8
|
|t:|1760803900
|move|p2a: Rillaboom|Grassy Glide|p1a: Greninja
|-damage|p1a: Greninja|0 fnt
|faint|p1a: Greninja
|
|-heal|p2a: Rillaboom|63/100|[from] Grassy Terrain
|upkeep
|
|t:|1760803908
|switch|p1a: Vikavolt|Vikavolt, M|100/100
|turn|9
|
|t:|1760803912
|switch|p2a: Slowking|Slowking-Galar, F|95/100
|-damage|p2a: Slowking|82/100|[from] Stealth Rock
|move|p1a: Vikavolt|Agility|p1a: Vikavolt
|-boost|p1a: Vikavolt|spe|2
|
|-heal|p2a: Slowking|89/100|[from] Grassy Terrain
|upkeep
|turn|10
|
|t:|1760803923
|move|p1a: Vikavolt|Bug Buzz|p2a: Slowking
|-damage|p2a: Slowking|60/100
|-unboost|p2a: Slowking|spd|1
|-enditem|p1a: Vikavolt|Throat Spray
|-boost|p1a: Vikavolt|spa|1|[from] item: Throat Spray
|-prepare|p2a: Slowking|Chilly Reception|[premajor]
|move|p2a: Slowking|Chilly Reception|p2a: Slowking
|-weather|Snowscape
|
|t:|1760803942
|switch|p2a: Hydrapple|Hydrapple, F, shiny|100/100|[from] Chilly Reception
|-damage|p2a: Hydrapple|88/100|[from] Stealth Rock
|
|-weather|Snowscape|[upkeep]
|-heal|p2a: Hydrapple|94/100|[from] Grassy Terrain
|upkeep
|turn|11
|
|t:|1760803951
|-terastallize|p2a: Hydrapple|Fire
|move|p1a: Vikavolt|Bug Buzz|p2a: Hydrapple
|-resisted|p2a: Hydrapple
|-damage|p2a: Hydrapple|73/100
|move|p2a: Hydrapple|Tera Blast|p1a: Vikavolt|[anim] Tera Blast Fire
|-supereffective|p1a: Vikavolt
|-damage|p1a: Vikavolt|0 fnt
|faint|p1a: Vikavolt
|
|-weather|Snowscape|[upkeep]
|-heal|p2a: Hydrapple|79/100|[from] Grassy Terrain
|upkeep
|
|t:|1760803962
|switch|p1a: Dragonite|Dragonite, F|100/100
|turn|12
|
|t:|1760803970
|move|p1a: Dragonite|Dragon Dance|p1a: Dragonite
|-boost|p1a: Dragonite|atk|1
|-boost|p1a: Dragonite|spe|1
|move|p2a: Hydrapple|Draco Meteor|p1a: Dragonite
|-supereffective|p1a: Dragonite
|-damage|p1a: Dragonite|24/100
|-unboost|p2a: Hydrapple|spa|2
|-enditem|p1a: Dragonite|Weakness Policy
|-boost|p1a: Dragonite|atk|2|[from] item: Weakness Policy
|-boost|p1a: Dragonite|spa|2|[from] item: Weakness Policy
|
|-weather|Snowscape|[upkeep]
|-heal|p2a: Hydrapple|85/100|[from] Grassy Terrain
|-fieldend|move: Grassy Terrain
|upkeep
|turn|13
|inactive|Catlamity has 120 seconds left.
|
|t:|1760803985
|switch|p2a: Slowking|Slowking-Galar, F|93/100
|-damage|p2a: Slowking|81/100|[from] Stealth Rock
|move|p1a: Dragonite|Earthquake|p2a: Slowking
|-supereffective|p2a: Slowking
|-damage|p2a: Slowking|0 fnt
|faint|p2a: Slowking
|
|-weather|Snowscape|[upkeep]
|upkeep
|
|t:|1760803993
|switch|p2a: Rillaboom|Rillaboom, F|63/100
|-damage|p2a: Rillaboom|50/100|[from] Stealth Rock
|-fieldstart|move: Grassy Terrain|[from] ability: Grassy Surge|[of] p2a: Rillaboom
|turn|14
|
|t:|1760804000
|move|p1a: Dragonite|Extreme Speed|p2a: Rillaboom
|-damage|p2a: Rillaboom|0 fnt
|faint|p2a: Rillaboom
|
|-weather|none
|upkeep
|
|t:|1760804008
|switch|p2a: Ogerpon|Ogerpon-Wellspring, F|100/100
|-damage|p2a: Ogerpon|88/100|[from] Stealth Rock
|turn|15
|
|t:|1760804013
|move|p2a: Ogerpon|Grassy Glide|p1a: Dragonite
|-resisted|p1a: Dragonite
|-damage|p1a: Dragonite|12/100
|move|p1a: Dragonite|Dragon Claw|p2a: Ogerpon
|-damage|p2a: Ogerpon|0 fnt
|faint|p2a: Ogerpon
|
|upkeep
|
|t:|1760804021
|switch|p2a: Hydrapple|Hydrapple, F, shiny, tera:Fire|100/100
|-damage|p2a: Hydrapple|76/100|[from] Stealth Rock
|turn|16
|
|t:|1760804031
|move|p1a: Dragonite|Earthquake|p2a: Hydrapple
|-supereffective|p2a: Hydrapple
|-damage|p2a: Hydrapple|2/100
|move|p2a: Hydrapple|Giga Drain|p1a: Dragonite
|-resisted|p1a: Dragonite
|-damage|p1a: Dragonite|0 fnt
|-heal|p2a: Hydrapple|7/100|[from] drain|[of] p1a: Dragonite
|faint|p1a: Dragonite
|
|-heal|p2a: Hydrapple|13/100|[from] Grassy Terrain
|upkeep
|
|t:|1760804042
|switch|p1a: Blaziken|Blaziken, M|84/100
|-item|p1a: Blaziken|Air Balloon
|turn|17
|
|t:|1760804051
|move|p1a: Blaziken|Close Combat|p2a: Hydrapple
|-damage|p2a: Hydrapple|0 fnt
|-unboost|p1a: Blaziken|def|1
|-unboost|p1a: Blaziken|spd|1
|faint|p2a: Hydrapple
|
|win|aarush132451
|raw|aarush132451's rating: 1224 &rarr; <strong>1246</strong><br />(+22 for winning)
|raw|Catlamity's rating: 1187 &rarr; <strong>1165</strong><br />(-22 for losing)
|l|☆Catlamity
|player|p2|
|c|☆aarush132451|gg
|l|☆aarush132451
|player|p1|
