|j|☆CoolCalvin2000
|j|☆O YAGO
|t:|1760851096
|gametype|singles
|player|p1|CoolCalvin2000|265|1055
|player|p2|O YAGO|blackbelt-gen4dp|1099
|gen|9
|tier|[Gen 9] OU
|rated|
|rule|HP Percentage Mod: HP is shown in percentages
|rule|Endless Battle Clause: Forcing endless battles is banned
|rule|Species Clause: Limit one of each Pokémon
|rule|OHKO Clause: OHKO moves are banned
|rule|Evasion Items Clause: Evasion items are banned
|rule|Evasion Moves Clause: Evasion moves are banned
|rule|Evasion Abilities Clause: Evasion abilities are banned
|rule|Sleep Moves Clause: Sleep-inducing moves are banned
|clearpoke
|poke|p1|Gengar, F|
|poke|p1|Skarmory, F|
|poke|p1|Serperior, F|
|poke|p1|Dragonite, M|
|poke|p1|Jirachi|
|poke|p1|Azelf|
|poke|p2|Cinccino, M|
|poke|p2|Charizard, M|
|poke|p2|Weavile, M|
|poke|p2|Zapdos|
|poke|p2|Torkoal, F|
|poke|p2|Crawdaunt, F|
|teampreview
|
|t:|1760851106
|teamsize|p1|6
|teamsize|p2|6
|start
|switch|p1a: Jirachi|Jirachi|100/100
|switch|p2a: Crawdaunt|Crawdaunt, F|100/100
|turn|1
|
|t:|1760851118
|-terastallize|p1a: Jirachi|Steel
|move|p1a: Jirachi|Iron Head|p2a: Crawdaunt
|-resisted|p2a: Crawdaunt
|-damage|p2a: Crawdaunt|75/100
|cant|p2a: Crawdaunt|flinch
|
|upkeep
|turn|2
|
|t:|1760851127
|move|p1a: Jirachi|Iron Head|p2a: Crawdaunt
|-resisted|p2a: Crawdaunt
|-damage|p2a: Crawdaunt|49/100
|cant|p2a: Crawdaunt|flinch
|
|upkeep
|turn|3
|
|t:|1760851135
|move|p1a: Jirachi|Iron Head|p2a: Crawdaunt
|-resisted|p2a: Crawdaunt
|-damage|p2a: Crawdaunt|21/100
|cant|p2a: Crawdaunt|flinch
|
|upkeep
|turn|4
|
|t:|1760851142
|switch|p2a: Torkoal|Torkoal, F|100/100
|-weather|SunnyDay|[from] ability: Drought|[of] p2a: Torkoal
|move|p1a: Jirachi|Iron Head|p2a: Torkoal
|-resisted|p2a: Torkoal
|-damage|p2a: Torkoal|82/100
|
|-weather|SunnyDay|[upkeep]
|upkeep
|turn|5
|
|t:|1760851153
|move|p1a: Jirachi|Iron Head|p2a: Torkoal
|-resisted|p2a: Torkoal
|-damage|p2a: Torkoal|66/100
|cant|p2a: Torkoal|flinch
|
|-weather|SunnyDay|[upkeep]
|upkeep
|turn|6
|
|t:|1760851161
|move|p1a: Jirachi|Iron Head|p2a: Torkoal
|-resisted|p2a: Torkoal
|-damage|p2a: Torkoal|47/100
|cant|p2a: Torkoal|flinch
|
|-weather|SunnyDay|[upkeep]
|upkeep
|turn|7
|c|☆CoolCalvin2000|Lolz
|
|t:|1760851179
|switch|p2a: Cinccino|Cinccino, M|100/100
|move|p1a: Jirachi|Iron Head|p2a: Cinccino
|-crit|p2a: Cinccino
|-damage|p2a: Cinccino|0 fnt
|faint|p2a: Cinccino
|
|-weather|SunnyDay|[upkeep]
|upkeep
|
|t:|1760851187
|switch|p2a: Zapdos|Zapdos|100/100
|turn|8
|
|t:|1760851190
|move|p1a: Jirachi|Iron Head|p2a: Zapdos
|-resisted|p2a: Zapdos
|-damage|p2a: Zapdos|71/100
|move|p2a: Zapdos|Heat Wave|p1a: Jirachi|[miss]
|-miss|p2a: Zapdos|p1a: Jirachi
|
|-weather|none
|upkeep
|turn|9
|
|t:|1760851199
|move|p1a: Jirachi|Iron Head|p2a: Zapdos
|-resisted|p2a: Zapdos
|-damage|p2a: Zapdos|42/100
|cant|p2a: Zapdos|flinch
|
|upkeep
|turn|10
|
|t:|1760851205
|move|p1a: Jirachi|Iron Head|p2a: Zapdos
|-resisted|p2a: Zapdos
|-damage|p2a: Zapdos|11/100
|-status|p1a: Jirachi|par|[from] ability: Static|[of] p2a: Zapdos
|move|p2a: Zapdos|Heat Wave|p1a: Jirachi
|-supereffective|p1a: Jirachi
|-damage|p1a: Jirachi|22/100 par
|-damage|p2a: Zapdos|1/100|[from] item: Life Orb
|
|upkeep
|turn|11
|
|t:|1760851214
|move|p2a: Zapdos|Heat Wave|p1a: Jirachi
|-supereffective|p1a: Jirachi
|-damage|p1a: Jirachi|0 fnt
|faint|p1a: Jirachi
|-damage|p2a: Zapdos|0 fnt|[from] item: Life Orb
|faint|p2a: Zapdos
|
|upkeep
|
|t:|1760851223
|switch|p1a: Gengar|Gengar, F|100/100
|switch|p2a: Crawdaunt|Crawdaunt, F|21/100
|turn|12
|
|t:|1760851230
|move|p2a: Crawdaunt|Aqua Jet|p1a: Gengar
|-damage|p1a: Gengar|27/100
|-start|p2a: Crawdaunt|Disable|Aqua Jet|[from] ability: Cursed Body|[of] p1a: Gengar
|-damage|p2a: Crawdaunt|11/100|[from] item: Life Orb
|move|p1a: Gengar|Trick|p2a: Crawdaunt
|-activate|p1a: Gengar|move: Trick|[of] p2a: Crawdaunt
|-item|p2a: Crawdaunt|Choice Specs|[from] move: Trick
|-item|p1a: Gengar|Life Orb|[from] move: Trick
|
|upkeep
|turn|13
|
|t:|1760851241
|switch|p1a: Skarmory|Skarmory, F|100/100
|move|p2a: Crawdaunt|Knock Off|p1a: Skarmory
|-damage|p1a: Skarmory|51/100
|-damage|p2a: Crawdaunt|0 fnt|[from] item: Rocky Helmet|[of] p1a: Skarmory
|faint|p2a: Crawdaunt
|
|upkeep
|
|t:|1760851255
|switch|p2a: Weavile|Weavile, M|100/100
|-ability|p2a: Weavile|Pressure
|turn|14
|
|t:|1760851259
|move|p2a: Weavile|Fake Out|p1a: Skarmory
|-resisted|p1a: Skarmory
|-damage|p1a: Skarmory|44/100
|-damage|p2a: Weavile|84/100|[from] item: Rocky Helmet|[of] p1a: Skarmory
|-damage|p2a: Weavile|74/100|[from] item: Life Orb
|cant|p1a: Skarmory|flinch
|
|upkeep
|turn|15
|
|t:|1760851267
|move|p2a: Weavile|Low Kick|p1a: Skarmory
|-damage|p1a: Skarmory|17/100
|-damage|p2a: Weavile|58/100|[from] item: Rocky Helmet|[of] p1a: Skarmory
|-damage|p2a: Weavile|48/100|[from] item: Life Orb
|move|p1a: Skarmory|Stealth Rock|p2a: Weavile
|-sidestart|p2: O YAGO|move: Stealth Rock
|
|upkeep
|turn|16
|
|t:|1760851279
|switch|p1a: Gengar|Gengar, F|27/100
|move|p2a: Weavile|Avalanche|p1a: Gengar
|-damage|p1a: Gengar|0 fnt
|-start|p2a: Weavile|Disable|Avalanche|[from] ability: Cursed Body|[of] p1a: Gengar
|faint|p1a: Gengar
|-damage|p2a: Weavile|38/100|[from] item: Life Orb
|
|upkeep
|
|t:|1760851291
|switch|p1a: Dragonite|Dragonite, M|100/100
|turn|17
|
|t:|1760851303
|-terastallize|p2a: Weavile|Ghost
|move|p1a: Dragonite|Extreme Speed|p2a: Weavile
|-immune|p2a: Weavile
|move|p2a: Weavile|Low Kick|p1a: Dragonite
|-resisted|p1a: Dragonite
|-damage|p1a: Dragonite|87/100
|-damage|p2a: Weavile|28/100|[from] item: Life Orb
|
|upkeep
|turn|18
|
|t:|1760851313
|move|p2a: Weavile|Knock Off|p1a: Dragonite
|-damage|p1a: Dragonite|18/100
|-enditem|p1a: Dragonite|Heavy-Duty Boots|[from] move: Knock Off|[of] p2a: Weavile
|-damage|p2a: Weavile|18/100|[from] item: Life Orb
|move|p1a: Dragonite|Dragon Dance|p1a: Dragonite
|-boost|p1a: Dragonite|atk|1
|-boost|p1a: Dragonite|spe|1
|
|upkeep
|turn|19
|
|t:|1760851323
|move|p1a: Dragonite|Dragon Claw|p2a: Weavile
|-damage|p2a: Weavile|0 fnt
|faint|p2a: Weavile
|
|upkeep
|
|t:|1760851327
|switch|p2a: Torkoal|Torkoal, F|47/100
|-damage|p2a: Torkoal|22/100|[from] Stealth Rock
|-weather|SunnyDay|[from] ability: Drought|[of] p2a: Torkoal
|turn|20
|
|t:|1760851335
|move|p1a: Dragonite|Earthquake|p2a: Torkoal
|-supereffective|p2a: Torkoal
|-damage|p2a: Torkoal|0 fnt
|faint|p2a: Torkoal
|
|-weather|SunnyDay|[upkeep]
|upkeep
|
|t:|1760851340
|switch|p2a: Charizard|Charizard, M, shiny|100/100
|-damage|p2a: Charizard|51/100|[from] Stealth Rock
|turn|21
|
|t:|1760851345
|switch|p1a: Azelf|Azelf|100/100
|move|p2a: Charizard|Fire Blast|p1a: Azelf
|-damage|p1a: Azelf|0 fnt
|faint|p1a: Azelf
|-damage|p2a: Charizard|41/100|[from] item: Life Orb
|
|-weather|SunnyDay|[upkeep]
|upkeep
|
|t:|1760851358
|switch|p1a: Dragonite|Dragonite, M|18/100
|turn|22
|
|t:|1760851365
|move|p1a: Dragonite|Extreme Speed|p2a: Charizard
|-damage|p2a: Charizard|0 fnt
|faint|p2a: Charizard
|
|win|CoolCalvin2000
|raw|CoolCalvin2000's rating: 1055 &rarr; <strong>1091</strong><br />(+36 for winning)
|raw|O YAGO's rating: 1099 &rarr; <strong>1071</strong><br />(-28 for losing)
|l|☆CoolCalvin2000
|player|p1|
|l|☆O YAGO
|player|p2|
