|j|☆Hieipoke
|j|☆PikaTheOst
|t:|1760760187
|gametype|singles
|player|p1|Hieipoke|2|1138
|player|p2|PikaTheOst|ghetsis|1168
|gen|9
|tier|[Gen 9] OU
|rated|
|rule|HP Percentage Mod: HP is shown in percentages
|rule|Endless Battle Clause: Forcing endless battles is banned
|rule|Species Clause: Limit one of each Pokémon
|rule|OHKO Clause: OHKO moves are banned
|rule|Evasion Items Clause: Evasion items are banned
|rule|Evasion Moves Clause: Evasion moves are banned
|rule|Evasion Abilities Clause: Evasion abilities are banned
|rule|Sleep Moves Clause: Sleep-inducing moves are banned
|clearpoke
|poke|p1|Gliscor, M|
|poke|p1|Greninja-*, M|
|poke|p1|Skeledirge, F|
|poke|p1|Meowscarada, F|
|poke|p1|Klefki, F|
|poke|p1|Moltres-Galar|
|poke|p2|Sylveon, F|
|poke|p2|Ting-Lu|
|poke|p2|Scizor, F|
|poke|p2|Cinderace, F|
|poke|p2|Latios, M|
|poke|p2|Zapdos|
|teampreview
|inactive|Battle timer is ON: inactive players will automatically lose when time's up. (requested by PikaTheOst)
|
|t:|1760760195
|teamsize|p1|6
|teamsize|p2|6
|start
|switch|p1a: Klefki|Klefki, F|100/100
|switch|p2a: Scizor|Scizor, F|100/100
|turn|1
|
|t:|1760760216
|move|p1a: Klefki|Reflect|p1a: Klefki
|-sidestart|p1: Hieipoke|Reflect
|move|p2a: Scizor|Knock Off|p1a: Klefki
|-resisted|p1a: Klefki
|-damage|p1a: Klefki|92/100
|-enditem|p1a: Klefki|Choice Scarf|[from] move: Knock Off|[of] p2a: Scizor
|
|upkeep
|turn|2
|
|t:|1760760234
|move|p1a: Klefki|Switcheroo|p2a: Scizor
|-activate|p1a: Klefki|move: Trick|[of] p2a: Scizor
|-enditem|p2a: Scizor|Sitrus Berry|[silent]|[from] move: Switcheroo
|-item|p1a: Klefki|Sitrus Berry|[from] move: Switcheroo
|move|p2a: Scizor|Bullet Punch|p1a: Klefki
|-damage|p1a: Klefki|77/100
|
|upkeep
|turn|3
|inactive|Hieipoke has 120 seconds left.
|
|t:|1760760251
|switch|p1a: Skeledirge|Skeledirge, F|100/100
|move|p2a: Scizor|Knock Off|p1a: Skeledirge
|-supereffective|p1a: Skeledirge
|-damage|p1a: Skeledirge|74/100
|-enditem|p1a: Skeledirge|Leftovers|[from] move: Knock Off|[of] p2a: Scizor
|
|upkeep
|turn|4
|inactive|Hieipoke has 120 seconds left.
|c|☆PikaTheOst|wassup
|
|t:|1760760277
|switch|p2a: Ting-Lu|Ting-Lu|100/100
|-ability|p2a: Ting-Lu|Vessel of Ruin
|move|p1a: Skeledirge|Earth Power|p2a: Ting-Lu
|-crit|p2a: Ting-Lu
|-damage|p2a: Ting-Lu|85/100
|
|-heal|p2a: Ting-Lu|92/100|[from] item: Leftovers
|upkeep
|turn|5
|
|t:|1760760291
|switch|p1a: Klefki|Klefki, F|77/100
|move|p2a: Ting-Lu|Stealth Rock|p1a: Klefki
|-sidestart|p1: Hieipoke|move: Stealth Rock
|
|-heal|p2a: Ting-Lu|98/100|[from] item: Leftovers
|-sideend|p1: Hieipoke|Reflect
|upkeep
|turn|6
|
|t:|1760760313
|switch|p1a: Gliscor|Gliscor, M|100/100
|-damage|p1a: Gliscor|88/100|[from] Stealth Rock
|switch|p2a: Scizor|Scizor, F|100/100
|
|-status|p1a: Gliscor|tox|[from] item: Toxic Orb
|upkeep
|turn|7
|
|t:|1760760326
|move|p1a: Gliscor|Stealth Rock|p2a: Scizor
|-sidestart|p2: PikaTheOst|move: Stealth Rock
|move|p2a: Scizor|Knock Off|p1a: Gliscor
|-damage|p1a: Gliscor|65/100 tox
|-enditem|p1a: Gliscor|Toxic Orb|[from] move: Knock Off|[of] p2a: Scizor
|
|-heal|p1a: Gliscor|78/100 tox|[from] ability: Poison Heal
|upkeep
|turn|8
|
|t:|1760760338
|move|p1a: Gliscor|Earthquake|p2a: Scizor
|-damage|p2a: Scizor|59/100
|move|p2a: Scizor|U-turn|p1a: Gliscor
|-resisted|p1a: Gliscor
|-damage|p1a: Gliscor|65/100 tox
|
|t:|1760760352
|switch|p2a: Zapdos|Zapdos|100/100|[from] U-turn
|
|-heal|p1a: Gliscor|77/100 tox|[from] ability: Poison Heal
|upkeep
|turn|9
|inactive|Hieipoke has 90 seconds left.
|
|t:|1760760376
|move|p2a: Zapdos|Hurricane|p1a: Gliscor|[miss]
|-miss|p2a: Zapdos|p1a: Gliscor
|move|p1a: Gliscor|Toxic|p2a: Zapdos
|-status|p2a: Zapdos|tox
|
|-damage|p2a: Zapdos|94/100 tox|[from] psn
|-heal|p1a: Gliscor|90/100 tox|[from] ability: Poison Heal
|upkeep
|turn|10
|inactive|Hieipoke has 90 seconds left.
|-message|PikaTheOst forfeited.
|
|win|Hieipoke
|raw|Hieipoke's rating: 1138 &rarr; <strong>1165</strong><br />(+27 for winning)
|raw|PikaTheOst's rating: 1168 &rarr; <strong>1141</strong><br />(-27 for losing)
|l|☆PikaTheOst
|player|p2|
