|j|☆Palm X
|j|☆Grindset mindset
|t:|1760741229
|gametype|singles
|player|p1|Palm X|caitlin|1593
|player|p2|Grindset mindset|skyla|1663
|gen|9
|tier|[Gen 9] OU
|rated|
|rule|HP Percentage Mod: HP is shown in percentages
|rule|Endless Battle Clause: Forcing endless battles is banned
|rule|Species Clause: Limit one of each Pokémon
|rule|OHKO Clause: OHKO moves are banned
|rule|Evasion Items Clause: Evasion items are banned
|rule|Evasion Moves Clause: Evasion moves are banned
|rule|Evasion Abilities Clause: Evasion abilities are banned
|rule|Sleep Moves Clause: Sleep-inducing moves are banned
|clearpoke
|poke|p1|Rillaboom, M|
|poke|p1|Cinderace, M|
|poke|p1|Samurott-Hisui, F|
|poke|p1|Gholdengo|
|poke|p1|Zamazenta-*|
|poke|p1|Raging Bolt|
|poke|p2|Ogerpon-Cornerstone, F|
|poke|p2|Primarina, M|
|poke|p2|Armarouge, F|
|poke|p2|Great Tusk|
|poke|p2|Zapdos-Galar|
|poke|p2|Sandshrew-Alola, M|
|teampreview
|inactive|Battle timer is ON: inactive players will automatically lose when time's up. (requested by Grindset mindset)
|inactive|Palm X also wants the timer to be on.
|
|t:|1760741243
|teamsize|p1|6
|teamsize|p2|6
|start
|switch|p1a: Cinderace|Cinderace, M|100/100
|switch|p2a: Primarina|Primarina, M|100/100
|turn|1
|j| just-jaype
|
|t:|1760741248
|move|p1a: Cinderace|U-turn|p2a: Primarina
|-start|p1a: Cinderace|typechange|Bug|[from] ability: Libero
|-resisted|p2a: Primarina
|-damage|p2a: Primarina|79/100
|
|t:|1760741251
|switch|p1a: Rillaboom|Rillaboom, M|100/100|[from] U-turn
|-fieldstart|move: Grassy Terrain|[from] ability: Grassy Surge|[of] p1a: Rillaboom
|move|p2a: Primarina|Surf|p1a: Rillaboom
|-resisted|p1a: Rillaboom
|-damage|p1a: Rillaboom|69/100
|
|-heal|p1a: Rillaboom|76/100|[from] Grassy Terrain
|-heal|p2a: Primarina|85/100|[from] Grassy Terrain
|upkeep
|turn|2
|l| just-jaype
|
|t:|1760741258
|switch|p2a: Armarouge|Armarouge, F|100/100
|move|p1a: Rillaboom|U-turn|p2a: Armarouge
|-crit|p2a: Armarouge
|-damage|p2a: Armarouge|59/100
|-ability|p2a: Armarouge|Weak Armor|boost
|-unboost|p2a: Armarouge|def|1
|-boost|p2a: Armarouge|spe|2
|j| just-jaype
|
|t:|1760741266
|switch|p1a: Samurott|Samurott-Hisui, F|100/100|[from] U-turn
|
|-heal|p2a: Armarouge|65/100|[from] Grassy Terrain
|upkeep
|turn|3
|
|t:|1760741274
|move|p2a: Armarouge|Endure|p2a: Armarouge
|-singleturn|p2a: Armarouge|move: Endure
|move|p1a: Samurott|Sucker Punch||[still]
|-fail|p1a: Samurott
|
|-heal|p2a: Armarouge|72/100|[from] Grassy Terrain
|upkeep
|turn|4
|
|t:|1760741278
|switch|p2a: Great Tusk|Great Tusk|100/100
|-enditem|p2a: Great Tusk|Booster Energy
|-activate|p2a: Great Tusk|ability: Protosynthesis|[fromitem]
|-start|p2a: Great Tusk|protosynthesisatk
|move|p1a: Samurott|Sucker Punch||[still]
|-fail|p1a: Samurott
|
|upkeep
|turn|5
|
|t:|1760741294
|switch|p1a: Zamazenta|Zamazenta|100/100
|-ability|p1a: Zamazenta|Dauntless Shield|boost
|-boost|p1a: Zamazenta|def|1
|move|p2a: Great Tusk|Ice Spinner|p1a: Zamazenta
|-damage|p1a: Zamazenta|76/100
|-fieldend|move: Grassy Terrain
|
|upkeep
|turn|6
|l| just-jaype
|
|t:|1760741301
|-end|p2a: Great Tusk|Protosynthesis|[silent]
|switch|p2a: Primarina|Primarina, M|85/100
|move|p1a: Zamazenta|Close Combat|p2a: Primarina
|-resisted|p2a: Primarina
|-damage|p2a: Primarina|50/100
|-unboost|p1a: Zamazenta|def|1
|-unboost|p1a: Zamazenta|spd|1
|
|upkeep
|turn|7
|
|t:|1760741308
|switch|p1a: Rillaboom|Rillaboom, M|76/100
|-fieldstart|move: Grassy Terrain|[from] ability: Grassy Surge|[of] p1a: Rillaboom
|move|p2a: Primarina|Moonblast|p1a: Rillaboom
|-damage|p1a: Rillaboom|2/100
|
|-heal|p1a: Rillaboom|8/100|[from] Grassy Terrain
|-heal|p2a: Primarina|57/100|[from] Grassy Terrain
|upkeep
|turn|8
|
|t:|1760741311
|move|p1a: Rillaboom|U-turn|p2a: Primarina
|-resisted|p2a: Primarina
|-damage|p2a: Primarina|43/100
|
|t:|1760741314
|switch|p1a: Cinderace|Cinderace, M|100/100|[from] U-turn
|move|p2a: Primarina|Flip Turn|p1a: Cinderace
|-supereffective|p1a: Cinderace
|-damage|p1a: Cinderace|59/100
|
|t:|1760741319
|switch|p2a: Zapdos|Zapdos-Galar|100/100|[from] Flip Turn
|
|-heal|p1a: Cinderace|65/100|[from] Grassy Terrain
|upkeep
|turn|9
|
|t:|1760741323
|move|p1a: Cinderace|Will-O-Wisp|p2a: Zapdos
|-status|p2a: Zapdos|brn
|move|p2a: Zapdos|Knock Off|p1a: Cinderace
|-damage|p1a: Cinderace|27/100
|-enditem|p1a: Cinderace|Heavy-Duty Boots|[from] move: Knock Off|[of] p2a: Zapdos
|
|-heal|p1a: Cinderace|33/100|[from] Grassy Terrain
|-damage|p2a: Zapdos|94/100 brn|[from] brn
|upkeep
|turn|10
|
|t:|1760741326
|move|p1a: Cinderace|Pyro Ball|p2a: Zapdos
|-damage|p2a: Zapdos|26/100 brn
|move|p2a: Zapdos|Knock Off|p1a: Cinderace
|-damage|p1a: Cinderace|10/100
|
|-heal|p1a: Cinderace|16/100|[from] Grassy Terrain
|-damage|p2a: Zapdos|20/100 brn|[from] brn
|upkeep
|turn|11
|
|t:|1760741330
|move|p1a: Cinderace|Pyro Ball|p2a: Zapdos
|-crit|p2a: Zapdos
|-damage|p2a: Zapdos|0 fnt
|faint|p2a: Zapdos
|
|-heal|p1a: Cinderace|22/100|[from] Grassy Terrain
|-fieldend|move: Grassy Terrain
|upkeep
|
|t:|1760741339
|switch|p2a: Primarina|Primarina, M|43/100
|turn|12
|
|t:|1760741343
|move|p1a: Cinderace|Will-O-Wisp|p2a: Primarina
|-status|p2a: Primarina|brn
|move|p2a: Primarina|Flip Turn|p1a: Cinderace
|-supereffective|p1a: Cinderace
|-damage|p1a: Cinderace|0 fnt
|faint|p1a: Cinderace
|
|t:|1760741349
|switch|p2a: Sandshrew|Sandshrew-Alola, M|100/100|[from] Flip Turn
|
|upkeep
|
|t:|1760741354
|switch|p1a: Rillaboom|Rillaboom, M|8/100
|-fieldstart|move: Grassy Terrain|[from] ability: Grassy Surge|[of] p1a: Rillaboom
|turn|13
|
|t:|1760741358
|move|p2a: Sandshrew|Ice Shard|p1a: Rillaboom
|-supereffective|p1a: Rillaboom
|-damage|p1a: Rillaboom|0 fnt
|faint|p1a: Rillaboom
|
|upkeep
|
|t:|1760741360
|switch|p1a: Gholdengo|Gholdengo|100/100
|-enditem|p1a: Gholdengo|Grassy Seed
|-boost|p1a: Gholdengo|def|1|[from] item: Grassy Seed
|turn|14
|
|t:|1760741364
|move|p1a: Gholdengo|Nasty Plot|p1a: Gholdengo
|-boost|p1a: Gholdengo|spa|2
|move|p2a: Sandshrew|Mirror Coat||[still]
|-fail|p2a: Sandshrew
|
|upkeep
|turn|15
|
|t:|1760741367
|move|p1a: Gholdengo|Nasty Plot|p1a: Gholdengo
|-boost|p1a: Gholdengo|spa|2
|move|p2a: Sandshrew|Endeavor|p1a: Gholdengo
|-immune|p1a: Gholdengo
|
|upkeep
|turn|16
|
|t:|1760741372
|move|p2a: Sandshrew|Ice Shard|p1a: Gholdengo
|-resisted|p1a: Gholdengo
|-damage|p1a: Gholdengo|97/100
|move|p1a: Gholdengo|Nasty Plot|p1a: Gholdengo
|-boost|p1a: Gholdengo|spa|2
|
|-heal|p1a: Gholdengo|100/100|[from] Grassy Terrain
|upkeep
|turn|17
|
|t:|1760741376
|move|p1a: Gholdengo|Nasty Plot|p1a: Gholdengo
|-boost|p1a: Gholdengo|spa|0
|move|p2a: Sandshrew|Mirror Coat||[still]
|-fail|p2a: Sandshrew
|
|-fieldend|move: Grassy Terrain
|upkeep
|turn|18
|
|t:|1760741378
|move|p1a: Gholdengo|Shadow Ball|p2a: Sandshrew
|-enditem|p2a: Sandshrew|Focus Sash
|-damage|p2a: Sandshrew|1/100
|move|p2a: Sandshrew|Mirror Coat|p1a: Gholdengo
|-damage|p1a: Gholdengo|0 fnt
|faint|p1a: Gholdengo
|
|upkeep
|
|t:|1760741380
|switch|p1a: Samurott|Samurott-Hisui, F|100/100
|turn|19
|
|t:|1760741384
|move|p1a: Samurott|Flip Turn|p2a: Sandshrew
|-damage|p2a: Sandshrew|0 fnt
|faint|p2a: Sandshrew
|
|t:|1760741387
|switch|p1a: Raging Bolt|Raging Bolt|100/100|[from] Flip Turn
|
|upkeep
|
|t:|1760741391
|switch|p2a: Great Tusk|Great Tusk|100/100
|turn|20
|
|t:|1760741394
|-end|p1a: Raging Bolt|Protosynthesis|[silent]
|switch|p1a: Samurott|Samurott-Hisui, F|100/100
|move|p2a: Great Tusk|Headlong Rush|p1a: Samurott
|-crit|p1a: Samurott
|-damage|p1a: Samurott|0 fnt
|-unboost|p2a: Great Tusk|def|1
|-unboost|p2a: Great Tusk|spd|1
|faint|p1a: Samurott
|
|upkeep
|
|t:|1760741397
|switch|p1a: Raging Bolt|Raging Bolt|100/100
|turn|21
|
|t:|1760741399
|-terastallize|p1a: Raging Bolt|Bug
|move|p2a: Great Tusk|Headlong Rush|p1a: Raging Bolt
|-resisted|p1a: Raging Bolt
|-damage|p1a: Raging Bolt|72/100
|-unboost|p2a: Great Tusk|def|1
|-unboost|p2a: Great Tusk|spd|1
|move|p1a: Raging Bolt|Calm Mind|p1a: Raging Bolt
|-boost|p1a: Raging Bolt|spa|1
|-boost|p1a: Raging Bolt|spd|1
|
|-heal|p1a: Raging Bolt|78/100|[from] item: Leftovers
|upkeep
|turn|22
|
|t:|1760741401
|move|p2a: Great Tusk|Close Combat|p1a: Raging Bolt
|-resisted|p1a: Raging Bolt
|-damage|p1a: Raging Bolt|50/100
|-unboost|p2a: Great Tusk|def|1
|-unboost|p2a: Great Tusk|spd|1
|move|p1a: Raging Bolt|Dragon Pulse|p2a: Great Tusk
|-damage|p2a: Great Tusk|0 fnt
|faint|p2a: Great Tusk
|-end|p2a: Great Tusk|Protosynthesis|[silent]
|
|-heal|p1a: Raging Bolt|56/100|[from] item: Leftovers
|upkeep
|
|t:|1760741403
|switch|p2a: Ogerpon|Ogerpon-Cornerstone, F|100/100
|turn|23
|
|t:|1760741405
|-end|p1a: Raging Bolt|Protosynthesis|[silent]
|switch|p1a: Zamazenta|Zamazenta|76/100
|move|p2a: Ogerpon|Ivy Cudgel|p1a: Zamazenta|[anim] Ivy Cudgel Rock
|-resisted|p1a: Zamazenta
|-damage|p1a: Zamazenta|46/100
|
|upkeep
|turn|24
|
|t:|1760741410
|switch|p2a: Armarouge|Armarouge, F|72/100
|move|p1a: Zamazenta|Heavy Slam|p2a: Armarouge
|-resisted|p2a: Armarouge
|-damage|p2a: Armarouge|60/100
|-ability|p2a: Armarouge|Weak Armor|boost
|-unboost|p2a: Armarouge|def|1
|-boost|p2a: Armarouge|spe|2
|
|upkeep
|turn|25
|
|t:|1760741413
|move|p2a: Armarouge|Armor Cannon|p1a: Zamazenta
|-damage|p1a: Zamazenta|0 fnt
|-unboost|p2a: Armarouge|def|1
|-unboost|p2a: Armarouge|spd|1
|faint|p1a: Zamazenta
|
|upkeep
|
|t:|1760741415
|switch|p1a: Raging Bolt|Raging Bolt, tera:Bug|56/100
|turn|26
|
|t:|1760741418
|move|p2a: Armarouge|Psychic Terrain|p2a: Armarouge
|-fieldstart|move: Psychic Terrain
|move|p1a: Raging Bolt|Calm Mind|p1a: Raging Bolt
|-boost|p1a: Raging Bolt|spa|1
|-boost|p1a: Raging Bolt|spd|1
|
|-heal|p1a: Raging Bolt|62/100|[from] item: Leftovers
|upkeep
|turn|27
|
|t:|1760741420
|move|p2a: Armarouge|Armor Cannon|p1a: Raging Bolt
|-supereffective|p1a: Raging Bolt
|-damage|p1a: Raging Bolt|0 fnt
|-unboost|p2a: Armarouge|def|1
|-unboost|p2a: Armarouge|spd|1
|faint|p1a: Raging Bolt
|-end|p1a: Raging Bolt|Protosynthesis|[silent]
|
|win|Grindset mindset
|raw|Palm X's rating: 1593 &rarr; <strong>1577</strong><br />(-16 for losing)
|raw|Grindset mindset's rating: 1663 &rarr; <strong>1679</strong><br />(+16 for winning)
|l|☆Palm X
|player|p1|
|l|☆Grindset mindset
|player|p2|
