|j|☆Thibault56
|j|☆Johnny tots
|t:|1760718787
|gametype|singles
|player|p1|Thibault56|acetrainer|1744
|player|p2|Johnny tots|266|1722
|gen|9
|tier|[Gen 9] OU
|rated|
|rule|HP Percentage Mod: HP is shown in percentages
|rule|Endless Battle Clause: Forcing endless battles is banned
|rule|Species Clause: Limit one of each Pokémon
|rule|OHKO Clause: OHKO moves are banned
|rule|Evasion Items Clause: Evasion items are banned
|rule|Evasion Moves Clause: Evasion moves are banned
|rule|Evasion Abilities Clause: Evasion abilities are banned
|rule|Sleep Moves Clause: Sleep-inducing moves are banned
|clearpoke
|poke|p1|Clodsire, F|
|poke|p1|Pelipper, M|
|poke|p1|Barraskewda, M|
|poke|p1|Zapdos|
|poke|p1|Corviknight, F|
|poke|p1|Incineroar, F|
|poke|p2|Rillaboom, F|
|poke|p2|Klefki, M|
|poke|p2|Manaphy|
|poke|p2|Ogerpon-Wellspring, F|
|poke|p2|Maushold-Four|
|poke|p2|Clefable, M|
|teampreview
|inactive|Battle timer is ON: inactive players will automatically lose when time's up. (requested by Johnny tots)
|
|t:|1760718799
|teamsize|p1|6
|teamsize|p2|6
|start
|switch|p1a: Incineroar|Incineroar, F|100/100
|switch|p2a: Ogerpon|Ogerpon-Wellspring, F|100/100
|-ability|p1a: Incineroar|Intimidate|boost
|-unboost|p2a: Ogerpon|atk|1
|turn|1
|
|t:|1760718808
|move|p2a: Ogerpon|Ivy Cudgel|p1a: Incineroar|[anim] Ivy Cudgel Water
|-supereffective|p1a: Incineroar
|-crit|p1a: Incineroar
|-damage|p1a: Incineroar|0 fnt
|faint|p1a: Incineroar
|
|upkeep
|
|t:|1760718813
|switch|p1a: Pelipper|Pelipper, M|100/100
|-weather|RainDance|[from] ability: Drizzle|[of] p1a: Pelipper
|turn|2
|
|t:|1760718818
|switch|p2a: Klefki|Klefki, M|100/100
|move|p1a: Pelipper|Weather Ball|p2a: Klefki
|-damage|p2a: Klefki|24/100
|
|-weather|RainDance|[upkeep]
|upkeep
|turn|3
|j| Swagboss123456789
|j| Capitaine Tenace
|
|t:|1760718824
|switch|p2a: Ogerpon|Ogerpon-Wellspring, F|100/100
|move|p1a: Pelipper|Weather Ball|p2a: Ogerpon
|-immune|p2a: Ogerpon|[from] ability: Water Absorb
|
|-weather|RainDance|[upkeep]
|upkeep
|turn|4
|j| Bravestheart
|
|t:|1760718830
|move|p2a: Ogerpon|Swords Dance|p2a: Ogerpon
|-boost|p2a: Ogerpon|atk|2
|move|p1a: Pelipper|Hurricane|p2a: Ogerpon
|-supereffective|p2a: Ogerpon
|-damage|p2a: Ogerpon|0 fnt
|faint|p2a: Ogerpon
|
|-weather|RainDance|[upkeep]
|upkeep
|
|t:|1760718836
|switch|p2a: Klefki|Klefki, M|24/100
|turn|5
|
|t:|1760718842
|move|p2a: Klefki|Light Screen|p2a: Klefki
|-sidestart|p2: Johnny tots|move: Light Screen
|move|p1a: Pelipper|Weather Ball|p2a: Klefki
|-damage|p2a: Klefki|0 fnt
|faint|p2a: Klefki
|
|-weather|RainDance|[upkeep]
|upkeep
|c| Capitaine Tenace|mes 2 joueurs préfétés ....
|
|t:|1760718844
|switch|p2a: Rillaboom|Rillaboom, F|100/100
|-fieldstart|move: Grassy Terrain|[from] ability: Grassy Surge|[of] p2a: Rillaboom
|turn|6
|c| Capitaine Tenace|préférés
|
|t:|1760718849
|switch|p1a: Corviknight|Corviknight, F|100/100
|-ability|p1a: Corviknight|Pressure
|move|p2a: Rillaboom|Knock Off|p1a: Corviknight
|-damage|p1a: Corviknight|80/100
|-damage|p2a: Rillaboom|84/100|[from] item: Rocky Helmet|[of] p1a: Corviknight
|-enditem|p1a: Corviknight|Rocky Helmet|[from] move: Knock Off|[of] p2a: Rillaboom
|
|-weather|RainDance|[upkeep]
|-heal|p2a: Rillaboom|90/100|[from] Grassy Terrain
|upkeep
|turn|7
|
|t:|1760718856
|move|p2a: Rillaboom|Bulk Up|p2a: Rillaboom
|-boost|p2a: Rillaboom|atk|1
|-boost|p2a: Rillaboom|def|1
|move|p1a: Corviknight|Defog|p2a: Rillaboom
|-unboost|p2a: Rillaboom|evasion|1
|-sideend|p2: Johnny tots|move: Light Screen
|-fieldend|move: Grassy Terrain
|
|-weather|RainDance|[upkeep]
|upkeep
|turn|8
|
|t:|1760718859
|move|p2a: Rillaboom|Bulk Up|p2a: Rillaboom
|-boost|p2a: Rillaboom|atk|1
|-boost|p2a: Rillaboom|def|1
|move|p1a: Corviknight|U-turn|p2a: Rillaboom
|-supereffective|p2a: Rillaboom
|-damage|p2a: Rillaboom|77/100
|
|t:|1760718861
|switch|p1a: Zapdos|Zapdos|100/100|[from] U-turn
|
|-weather|RainDance|[upkeep]
|upkeep
|turn|9
|
|t:|1760718867
|move|p1a: Zapdos|Hurricane|p2a: Rillaboom
|-supereffective|p2a: Rillaboom
|-damage|p2a: Rillaboom|0 fnt
|faint|p2a: Rillaboom
|
|-weather|none
|upkeep
|l| Swagboss123456789
|
|t:|1760718870
|switch|p2a: Clefable|Clefable, M|100/100
|turn|10
|
|t:|1760718874
|move|p1a: Zapdos|Volt Switch|p2a: Clefable
|-damage|p2a: Clefable|68/100
|
|t:|1760718877
|switch|p1a: Pelipper|Pelipper, M|100/100|[from] Volt Switch
|-weather|RainDance|[from] ability: Drizzle|[of] p1a: Pelipper
|move|p2a: Clefable|Calm Mind|p2a: Clefable
|-boost|p2a: Clefable|spa|1
|-boost|p2a: Clefable|spd|1
|
|-weather|RainDance|[upkeep]
|-heal|p2a: Clefable|74/100|[from] item: Leftovers
|upkeep
|turn|11
|
|t:|1760718883
|move|p1a: Pelipper|Weather Ball|p2a: Clefable
|-damage|p2a: Clefable|33/100
|move|p2a: Clefable|Moonblast|p1a: Pelipper
|-damage|p1a: Pelipper|22/100
|-unboost|p1a: Pelipper|spa|1
|
|-weather|RainDance|[upkeep]
|-heal|p2a: Clefable|39/100|[from] item: Leftovers
|upkeep
|turn|12
|
|t:|1760718888
|move|p1a: Pelipper|Weather Ball|p2a: Clefable
|-damage|p2a: Clefable|11/100
|move|p2a: Clefable|Moonblast|p1a: Pelipper
|-damage|p1a: Pelipper|0 fnt
|faint|p1a: Pelipper
|
|-weather|RainDance|[upkeep]
|-heal|p2a: Clefable|17/100|[from] item: Leftovers
|upkeep
|
|t:|1760718892
|switch|p1a: Barraskewda|Barraskewda, M|100/100
|turn|13
|
|t:|1760718895
|move|p1a: Barraskewda|Flip Turn|p2a: Clefable
|-damage|p2a: Clefable|0 fnt
|faint|p2a: Clefable
|
|t:|1760718897
|switch|p1a: Zapdos|Zapdos|100/100|[from] Flip Turn
|
|-weather|RainDance|[upkeep]
|upkeep
|
|t:|1760718900
|switch|p2a: Maushold|Maushold-Four|100/100
|turn|14
|
|t:|1760718904
|switch|p1a: Corviknight|Corviknight, F|80/100
|-ability|p1a: Corviknight|Pressure
|move|p2a: Maushold|Population Bomb|p1a: Corviknight
|-resisted|p1a: Corviknight
|-damage|p1a: Corviknight|76/100
|-resisted|p1a: Corviknight
|-damage|p1a: Corviknight|72/100
|-resisted|p1a: Corviknight
|-damage|p1a: Corviknight|68/100
|-resisted|p1a: Corviknight
|-damage|p1a: Corviknight|65/100
|-resisted|p1a: Corviknight
|-damage|p1a: Corviknight|61/100
|-resisted|p1a: Corviknight
|-damage|p1a: Corviknight|57/100
|-resisted|p1a: Corviknight
|-damage|p1a: Corviknight|54/100
|-resisted|p1a: Corviknight
|-damage|p1a: Corviknight|50/100
|-resisted|p1a: Corviknight
|-damage|p1a: Corviknight|46/100
|-resisted|p1a: Corviknight
|-damage|p1a: Corviknight|42/100
|-hitcount|p1a: Corviknight|10
|
|-weather|RainDance|[upkeep]
|upkeep
|turn|15
|
|t:|1760718919
|-terastallize|p2a: Maushold|Ghost
|move|p2a: Maushold|Tidy Up|p2a: Maushold
|-boost|p2a: Maushold|atk|1
|-boost|p2a: Maushold|spe|1
|move|p1a: Corviknight|Body Press|p2a: Maushold
|-immune|p2a: Maushold
|
|-weather|RainDance|[upkeep]
|upkeep
|turn|16
|j| D3ath_bnnnny
|
|t:|1760718925
|move|p2a: Maushold|Encore|p1a: Corviknight
|-start|p1a: Corviknight|Encore
|move|p1a: Corviknight|Body Press|p2a: Maushold
|-immune|p2a: Maushold
|
|-weather|RainDance|[upkeep]
|upkeep
|turn|17
|
|t:|1760718945
|switch|p1a: Zapdos|Zapdos|100/100
|move|p2a: Maushold|Tidy Up|p2a: Maushold
|-boost|p2a: Maushold|atk|1
|-boost|p2a: Maushold|spe|1
|
|-weather|none
|upkeep
|turn|18
|
|t:|1760718950
|move|p2a: Maushold|Population Bomb|p1a: Zapdos
|-damage|p1a: Zapdos|73/100
|-status|p2a: Maushold|par|[from] ability: Static|[of] p1a: Zapdos
|-damage|p1a: Zapdos|43/100
|-damage|p1a: Zapdos|15/100
|-damage|p1a: Zapdos|0 fnt
|faint|p1a: Zapdos
|-hitcount|p1: Zapdos|4
|
|upkeep
|
|t:|1760718961
|switch|p1a: Barraskewda|Barraskewda, M|100/100
|turn|19
|
|t:|1760718971
|-terastallize|p1a: Barraskewda|Water
|move|p1a: Barraskewda|Liquidation|p2a: Maushold
|-damage|p2a: Maushold|0 fnt
|faint|p2a: Maushold
|
|upkeep
|
|t:|1760718975
|switch|p2a: Manaphy|Manaphy|100/100
|turn|20
|
|t:|1760718979
|move|p1a: Barraskewda|Liquidation|p2a: Manaphy
|-resisted|p2a: Manaphy
|-damage|p2a: Manaphy|58/100
|-unboost|p2a: Manaphy|def|1
|move|p2a: Manaphy|Acid Armor|p2a: Manaphy
|-boost|p2a: Manaphy|def|2
|
|-heal|p2a: Manaphy|64/100|[from] item: Leftovers
|upkeep
|turn|21
|
|t:|1760718986
|switch|p1a: Clodsire|Clodsire, F|100/100
|move|p2a: Manaphy|Acid Armor|p2a: Manaphy
|-boost|p2a: Manaphy|def|2
|
|-heal|p2a: Manaphy|70/100|[from] item: Leftovers
|upkeep
|turn|22
|
|t:|1760718990
|move|p2a: Manaphy|Take Heart|p2a: Manaphy
|-boost|p2a: Manaphy|spa|1
|-boost|p2a: Manaphy|spd|1
|move|p1a: Clodsire|Toxic|p2a: Manaphy
|-status|p2a: Manaphy|tox
|
|-heal|p2a: Manaphy|76/100 tox|[from] item: Leftovers
|-damage|p2a: Manaphy|70/100 tox|[from] psn
|upkeep
|turn|23
|
|t:|1760718994
|move|p2a: Manaphy|Take Heart|p2a: Manaphy
|-boost|p2a: Manaphy|spa|1
|-boost|p2a: Manaphy|spd|1
|-curestatus|p2a: Manaphy|tox|[msg]
|move|p1a: Clodsire|Gunk Shot|p2a: Manaphy
|-damage|p2a: Manaphy|58/100
|
|-heal|p2a: Manaphy|64/100|[from] item: Leftovers
|upkeep
|turn|24
|-message|Thibault56 forfeited.
|
|win|Johnny tots
|raw|Thibault56's rating: 1765 &rarr; <strong>1743</strong><br />(-22 for losing)
|raw|Johnny tots's rating: 1722 &rarr; <strong>1744</strong><br />(+22 for winning)
|l|☆Thibault56
|player|p1|
|l|☆Johnny tots
|player|p2|
|l| Bravestheart
|l| D3ath_bnnnny
|j| Ggtggg
|j| Swagboss123456789
|l| Swagboss123456789
