|j|☆the same as here
|j|☆Debid14
|t:|1760890010
|gametype|singles
|player|p1|the same as here|janitor|1347
|player|p2|Debid14|supernerd|1297
|gen|9
|tier|[Gen 9] OU
|rated|
|rule|HP Percentage Mod: HP is shown in percentages
|rule|Endless Battle Clause: Forcing endless battles is banned
|rule|Species Clause: Limit one of each Pokémon
|rule|OHKO Clause: OHKO moves are banned
|rule|Evasion Items Clause: Evasion items are banned
|rule|Evasion Moves Clause: Evasion moves are banned
|rule|Evasion Abilities Clause: Evasion abilities are banned
|rule|Sleep Moves Clause: Sleep-inducing moves are banned
|clearpoke
|poke|p1|Gholdengo|
|poke|p1|Samurott-Hisui, F|
|poke|p1|Slowking-Galar, F|
|poke|p1|Zamazenta-*|
|poke|p1|Kyurem|
|poke|p1|Great Tusk|
|poke|p2|Bellibolt, M|
|poke|p2|Clefable, M|
|poke|p2|Corviknight, F|
|poke|p2|Dragapult, M|
|poke|p2|Great Tusk|
|poke|p2|Manaphy|
|teampreview
|
|t:|1760890026
|teamsize|p1|6
|teamsize|p2|6
|start
|switch|p1a: Samurott|Samurott-Hisui, F|100/100
|switch|p2a: Clefable|Clefable, M|100/100
|turn|1
|
|t:|1760890031
|move|p1a: Samurott|Knock Off|p2a: Clefable
|-resisted|p2a: Clefable
|-damage|p2a: Clefable|81/100
|-enditem|p2a: Clefable|Leftovers|[from] move: Knock Off|[of] p1a: Samurott
|move|p2a: Clefable|Thunder Wave|p1a: Samurott
|-status|p1a: Samurott|par
|
|upkeep
|turn|2
|
|t:|1760890046
|move|p2a: Clefable|Stealth Rock|p1a: Samurott
|-sidestart|p1: the same as here|move: Stealth Rock
|move|p1a: Samurott|Ceaseless Edge|p2a: Clefable
|-resisted|p2a: Clefable
|-damage|p2a: Clefable|63/100
|-sidestart|p2: Debid14|Spikes
|
|upkeep
|turn|3
|
|t:|1760890049
|move|p2a: Clefable|Moonblast|p1a: Samurott
|-supereffective|p1a: Samurott
|-damage|p1a: Samurott|65/100 par
|move|p1a: Samurott|Ceaseless Edge|p2a: Clefable
|-resisted|p2a: Clefable
|-damage|p2a: Clefable|44/100
|-sidestart|p2: Debid14|Spikes
|
|upkeep
|turn|4
|
|t:|1760890051
|move|p2a: Clefable|Moonlight|p2a: Clefable
|-heal|p2a: Clefable|94/100
|move|p1a: Samurott|Ceaseless Edge|p2a: Clefable
|-resisted|p2a: Clefable
|-crit|p2a: Clefable
|-damage|p2a: Clefable|63/100
|-sidestart|p2: Debid14|Spikes
|
|upkeep
|turn|5
|
|t:|1760890056
|move|p2a: Clefable|Moonblast|p1a: Samurott
|-supereffective|p1a: Samurott
|-damage|p1a: Samurott|28/100 par
|-unboost|p1a: Samurott|spa|1
|cant|p1a: Samurott|par
|
|upkeep
|turn|6
|
|t:|1760890062
|switch|p1a: Slowking|Slowking-Galar, F|100/100
|move|p2a: Clefable|Moonlight|p2a: Clefable
|-heal|p2a: Clefable|100/100
|
|upkeep
|turn|7
|
|t:|1760890070
|move|p2a: Clefable|Thunder Wave|p1a: Slowking|[miss]
|-miss|p2a: Clefable|p1a: Slowking
|move|p1a: Slowking|Future Sight|p2a: Clefable
|-start|p1a: Slowking|move: Future Sight
|
|upkeep
|turn|8
|
|t:|1760890076
|switch|p1a: Gholdengo|Gholdengo|100/100
|-damage|p1a: Gholdengo|94/100|[from] Stealth Rock
|-item|p1a: Gholdengo|Air Balloon
|move|p2a: Clefable|Thunder Wave|p1a: Gholdengo
|-immune|p1a: Gholdengo|[from] ability: Good as Gold
|
|upkeep
|turn|9
|
|t:|1760890085
|move|p1a: Gholdengo|Make It Rain|p2a: Clefable
|-supereffective|p2a: Clefable
|-damage|p2a: Clefable|27/100
|-unboost|p1a: Gholdengo|spa|1
|move|p2a: Clefable|Moonblast|p1a: Gholdengo
|-resisted|p1a: Gholdengo
|-damage|p1a: Gholdengo|80/100
|-unboost|p1a: Gholdengo|spa|1
|-enditem|p1a: Gholdengo|Air Balloon
|
|-end|p2a: Clefable|move: Future Sight
|-damage|p2a: Clefable|0 fnt
|faint|p2a: Clefable
|upkeep
|
|t:|1760890091
|switch|p2a: Bellibolt|Bellibolt, M|100/100
|-damage|p2a: Bellibolt|76/100|[from] Spikes
|turn|10
|
|t:|1760890101
|switch|p1a: Kyurem|Kyurem|100/100
|-damage|p1a: Kyurem|75/100|[from] Stealth Rock
|-ability|p1a: Kyurem|Pressure
|move|p2a: Bellibolt|Charge Beam|p1a: Kyurem
|-resisted|p1a: Kyurem
|-damage|p1a: Kyurem|67/100
|-boost|p2a: Bellibolt|spa|1
|
|-heal|p1a: Kyurem|74/100|[from] item: Leftovers
|-heal|p2a: Bellibolt|82/100|[from] item: Leftovers
|upkeep
|turn|11
|
|t:|1760890117
|move|p1a: Kyurem|Substitute|p1a: Kyurem
|-start|p1a: Kyurem|Substitute
|-damage|p1a: Kyurem|49/100
|move|p2a: Bellibolt|Parabolic Charge|p1a: Kyurem
|-resisted|p1a: Kyurem
|-activate|p1a: Kyurem|move: Substitute|[damage]
|-heal|p2a: Bellibolt|89/100|[from] drain|[of] p1a: Kyurem
|
|-heal|p1a: Kyurem|55/100|[from] item: Leftovers
|-heal|p2a: Bellibolt|95/100|[from] item: Leftovers
|upkeep
|turn|12
|
|t:|1760890125
|move|p1a: Kyurem|Protect|p1a: Kyurem
|-singleturn|p1a: Kyurem|Protect
|move|p2a: Bellibolt|Parabolic Charge|p1a: Kyurem
|-activate|p1a: Kyurem|move: Protect
|
|-heal|p1a: Kyurem|61/100|[from] item: Leftovers
|-heal|p2a: Bellibolt|100/100|[from] item: Leftovers
|upkeep
|turn|13
|
|t:|1760890129
|move|p1a: Kyurem|Earth Power|p2a: Bellibolt
|-supereffective|p2a: Bellibolt
|-damage|p2a: Bellibolt|40/100
|-start|p2a: Bellibolt|Charge|Earth Power|[from] ability: Electromorphosis
|move|p2a: Bellibolt|Charge Beam|p1a: Kyurem
|-resisted|p1a: Kyurem
|-end|p1a: Kyurem|Substitute
|-end|p2a: Bellibolt|Charge|[silent]
|
|-heal|p1a: Kyurem|67/100|[from] item: Leftovers
|-heal|p2a: Bellibolt|46/100|[from] item: Leftovers
|upkeep
|turn|14
|
|t:|1760890146
|-terastallize|p2a: Bellibolt|Flying
|move|p1a: Kyurem|Earth Power|p2a: Bellibolt
|-immune|p2a: Bellibolt
|move|p2a: Bellibolt|Parabolic Charge|p1a: Kyurem
|-resisted|p1a: Kyurem
|-damage|p1a: Kyurem|52/100
|-heal|p2a: Bellibolt|54/100|[from] drain|[of] p1a: Kyurem
|
|-heal|p1a: Kyurem|58/100|[from] item: Leftovers
|-heal|p2a: Bellibolt|60/100|[from] item: Leftovers
|upkeep
|turn|15
|
|t:|1760890158
|move|p1a: Kyurem|Protect|p1a: Kyurem
|-singleturn|p1a: Kyurem|Protect
|move|p2a: Bellibolt|Parabolic Charge|p1a: Kyurem
|-activate|p1a: Kyurem|move: Protect
|
|-heal|p1a: Kyurem|64/100|[from] item: Leftovers
|-heal|p2a: Bellibolt|66/100|[from] item: Leftovers
|upkeep
|turn|16
|
|t:|1760890160
|move|p1a: Kyurem|Substitute|p1a: Kyurem
|-start|p1a: Kyurem|Substitute
|-damage|p1a: Kyurem|39/100
|move|p2a: Bellibolt|Parabolic Charge|p1a: Kyurem
|-resisted|p1a: Kyurem
|-crit|p1a: Kyurem
|-activate|p1a: Kyurem|move: Substitute|[damage]
|-heal|p2a: Bellibolt|77/100|[from] drain|[of] p1a: Kyurem
|
|-heal|p1a: Kyurem|46/100|[from] item: Leftovers
|-heal|p2a: Bellibolt|83/100|[from] item: Leftovers
|upkeep
|turn|17
|
|t:|1760890167
|move|p1a: Kyurem|Freeze-Dry|p2a: Bellibolt
|-supereffective|p2a: Bellibolt
|-damage|p2a: Bellibolt|14/100
|-start|p2a: Bellibolt|Charge|Freeze-Dry|[from] ability: Electromorphosis
|move|p2a: Bellibolt|Charge Beam|p1a: Kyurem
|-resisted|p1a: Kyurem
|-end|p1a: Kyurem|Substitute
|-boost|p2a: Bellibolt|spa|1
|-end|p2a: Bellibolt|Charge|[silent]
|
|-heal|p1a: Kyurem|52/100|[from] item: Leftovers
|-heal|p2a: Bellibolt|20/100|[from] item: Leftovers
|upkeep
|turn|18
|
|t:|1760890178
|move|p1a: Kyurem|Protect|p1a: Kyurem
|-singleturn|p1a: Kyurem|Protect
|move|p2a: Bellibolt|Parabolic Charge|p1a: Kyurem
|-activate|p1a: Kyurem|move: Protect
|
|-heal|p1a: Kyurem|58/100|[from] item: Leftovers
|-heal|p2a: Bellibolt|27/100|[from] item: Leftovers
|upkeep
|turn|19
|
|t:|1760890185
|move|p1a: Kyurem|Substitute|p1a: Kyurem
|-start|p1a: Kyurem|Substitute
|-damage|p1a: Kyurem|33/100
|move|p2a: Bellibolt|Parabolic Charge|p1a: Kyurem
|-resisted|p1a: Kyurem
|-activate|p1a: Kyurem|move: Substitute|[damage]
|-heal|p2a: Bellibolt|37/100|[from] drain|[of] p1a: Kyurem
|
|-heal|p1a: Kyurem|39/100|[from] item: Leftovers
|-heal|p2a: Bellibolt|43/100|[from] item: Leftovers
|upkeep
|turn|20
|
|t:|1760890191
|move|p1a: Kyurem|Protect|p1a: Kyurem
|-singleturn|p1a: Kyurem|Protect
|move|p2a: Bellibolt|Slack Off|p2a: Bellibolt
|-heal|p2a: Bellibolt|93/100
|
|-heal|p1a: Kyurem|45/100|[from] item: Leftovers
|-heal|p2a: Bellibolt|99/100|[from] item: Leftovers
|upkeep
|turn|21
|
|t:|1760890194
|move|p1a: Kyurem|Freeze-Dry|p2a: Bellibolt
|-supereffective|p2a: Bellibolt
|-damage|p2a: Bellibolt|32/100
|-start|p2a: Bellibolt|Charge|Freeze-Dry|[from] ability: Electromorphosis
|move|p2a: Bellibolt|Parabolic Charge|p1a: Kyurem
|-resisted|p1a: Kyurem
|-end|p1a: Kyurem|Substitute
|-heal|p2a: Bellibolt|34/100|[from] drain|[of] p1a: Kyurem
|-end|p2a: Bellibolt|Charge|[silent]
|
|-heal|p1a: Kyurem|51/100|[from] item: Leftovers
|-heal|p2a: Bellibolt|40/100|[from] item: Leftovers
|upkeep
|turn|22
|
|t:|1760890202
|move|p1a: Kyurem|Freeze-Dry|p2a: Bellibolt
|-supereffective|p2a: Bellibolt
|-damage|p2a: Bellibolt|0 fnt
|faint|p2a: Bellibolt
|
|-heal|p1a: Kyurem|58/100|[from] item: Leftovers
|upkeep
|
|t:|1760890207
|switch|p2a: Dragapult|Dragapult, M|100/100
|turn|23
|
|t:|1760890209
|move|p1a: Kyurem|Protect|p1a: Kyurem
|-singleturn|p1a: Kyurem|Protect
|move|p2a: Dragapult|Dragon Darts|p1a: Kyurem
|-activate|p1a: Kyurem|move: Protect
|
|-heal|p1a: Kyurem|64/100|[from] item: Leftovers
|upkeep
|turn|24
|
|t:|1760890229
|switch|p1a: Samurott|Samurott-Hisui, F|28/100 par
|-damage|p1a: Samurott|16/100 par|[from] Stealth Rock
|move|p2a: Dragapult|Dragon Darts|p1a: Samurott
|-damage|p1a: Samurott|0 fnt
|faint|p1a: Samurott
|
|upkeep
|
|t:|1760890233
|switch|p1a: Slowking|Slowking-Galar, F|100/100
|turn|25
|
|t:|1760890236
|move|p2a: Dragapult|Will-O-Wisp|p1a: Slowking|[miss]
|-miss|p2a: Dragapult|p1a: Slowking
|move|p1a: Slowking|Thunder Wave|p2a: Dragapult
|-status|p2a: Dragapult|par
|
|upkeep
|turn|26
|
|t:|1760890246
|cant|p2a: Dragapult|par
|move|p1a: Slowking|Future Sight|p2a: Dragapult
|-start|p1a: Slowking|move: Future Sight
|
|upkeep
|turn|27
|
|t:|1760890249
|move|p2a: Dragapult|Will-O-Wisp|p1a: Slowking
|-status|p1a: Slowking|brn
|-prepare|p1a: Slowking|Chilly Reception|[premajor]
|move|p1a: Slowking|Chilly Reception|p1a: Slowking
|-weather|Snowscape
|
|t:|1760890260
|switch|p1a: Kyurem|Kyurem|64/100|[from] Chilly Reception
|-damage|p1a: Kyurem|39/100|[from] Stealth Rock
|-ability|p1a: Kyurem|Pressure
|
|-weather|Snowscape|[upkeep]
|-heal|p1a: Kyurem|45/100|[from] item: Leftovers
|upkeep
|turn|28
|
|t:|1760890262
|move|p1a: Kyurem|Protect|p1a: Kyurem
|-singleturn|p1a: Kyurem|Protect
|move|p2a: Dragapult|Dragon Darts|p1a: Kyurem
|-activate|p1a: Kyurem|move: Protect
|
|-weather|Snowscape|[upkeep]
|-end|p2a: Dragapult|move: Future Sight
|-damage|p2a: Dragapult|43/100 par
|-heal|p1a: Kyurem|51/100|[from] item: Leftovers
|upkeep
|turn|29
|
|t:|1760890265
|move|p1a: Kyurem|Freeze-Dry|p2a: Dragapult
|-supereffective|p2a: Dragapult
|-damage|p2a: Dragapult|0 fnt
|faint|p2a: Dragapult
|
|-weather|Snowscape|[upkeep]
|-heal|p1a: Kyurem|57/100|[from] item: Leftovers
|upkeep
|
|t:|1760890267
|switch|p2a: Corviknight|Corviknight, F|100/100
|-ability|p2a: Corviknight|Pressure
|turn|30
|
|t:|1760890271
|switch|p1a: Gholdengo|Gholdengo|80/100
|-damage|p1a: Gholdengo|74/100|[from] Stealth Rock
|move|p2a: Corviknight|Body Press|p1a: Gholdengo
|-immune|p1a: Gholdengo
|
|-weather|Snowscape|[upkeep]
|upkeep
|turn|31
|
|t:|1760890276
|move|p1a: Gholdengo|Thunder Wave|p2a: Corviknight
|-status|p2a: Corviknight|par
|move|p2a: Corviknight|U-turn|p1a: Gholdengo
|-resisted|p1a: Gholdengo
|-damage|p1a: Gholdengo|71/100
|
|t:|1760890286
|switch|p2a: Great Tusk|Great Tusk|100/100|[from] U-turn
|-damage|p2a: Great Tusk|76/100|[from] Spikes
|
|-weather|none
|-heal|p2a: Great Tusk|82/100|[from] item: Leftovers
|upkeep
|turn|32
|
|t:|1760890314
|-terastallize|p1a: Gholdengo|Fairy
|move|p2a: Great Tusk|Rapid Spin|p1a: Gholdengo
|-damage|p1a: Gholdengo|59/100
|-boost|p2a: Great Tusk|spe|1
|-sideend|p2: Debid14|Spikes|[from] move: Rapid Spin|[of] p2a: Great Tusk
|move|p1a: Gholdengo|Make It Rain|p2a: Great Tusk
|-damage|p2a: Great Tusk|7/100
|-unboost|p1a: Gholdengo|spa|1
|
|-heal|p2a: Great Tusk|13/100|[from] item: Leftovers
|upkeep
|turn|33
|
|t:|1760890322
|move|p2a: Great Tusk|Headlong Rush|p1a: Gholdengo
|-damage|p1a: Gholdengo|11/100
|-unboost|p2a: Great Tusk|def|1
|-unboost|p2a: Great Tusk|spd|1
|move|p1a: Gholdengo|Make It Rain|p2a: Great Tusk
|-damage|p2a: Great Tusk|0 fnt
|-unboost|p1a: Gholdengo|spa|1
|faint|p2a: Great Tusk
|-end|p2a: Great Tusk|Protosynthesis|[silent]
|
|upkeep
|-message|Debid14 forfeited.
|
|win|the same as here
|raw|the same as here's rating: 1347 &rarr; <strong>1364</strong><br />(+17 for winning)
|raw|Debid14's rating: 1297 &rarr; <strong>1276</strong><br />(-21 for losing)
|l|☆Debid14
|player|p2|
