|j|☆hey you're
|j|☆Bram1345
|t:|1760737440
|gametype|singles
|player|p1|hey you're|blackbelt-gen4dp|1482
|player|p2|Bram1345|burgh|1442
|gen|9
|tier|[Gen 9] OU
|rated|
|rule|HP Percentage Mod: HP is shown in percentages
|rule|Endless Battle Clause: Forcing endless battles is banned
|rule|Species Clause: Limit one of each Pokémon
|rule|OHKO Clause: OHKO moves are banned
|rule|Evasion Items Clause: Evasion items are banned
|rule|Evasion Moves Clause: Evasion moves are banned
|rule|Evasion Abilities Clause: Evasion abilities are banned
|rule|Sleep Moves Clause: Sleep-inducing moves are banned
|clearpoke
|poke|p1|Moltres|
|poke|p1|Iron Crown|
|poke|p1|Ogerpon-Wellspring, F|
|poke|p1|Maushold-Four|
|poke|p1|Indeedee, M|
|poke|p1|Polteageist|
|poke|p2|Moltres|
|poke|p2|Zapdos|
|poke|p2|Pelipper, F|
|poke|p2|Barraskewda, F|
|poke|p2|Revavroom, F|
|poke|p2|Iron Treads|
|teampreview
|inactive|Battle timer is ON: inactive players will automatically lose when time's up. (requested by hey you're)
|c|☆Bram1345|glhf
|inactive|Bram1345 has 120 seconds left.
|
|t:|1760737472
|teamsize|p1|6
|teamsize|p2|6
|start
|switch|p1a: Iron Crown|Iron Crown|100/100
|switch|p2a: Pelipper|Pelipper, F|100/100
|-weather|RainDance|[from] ability: Drizzle|[of] p2a: Pelipper
|turn|1
|c|☆hey you're|glhf
|inactive|Bram1345 has 120 seconds left.
|
|t:|1760737509
|switch|p2a: Iron Treads|Iron Treads|100/100
|move|p1a: Iron Crown|Focus Blast|p2a: Iron Treads|[miss]
|-miss|p1a: Iron Crown|p2a: Iron Treads
|
|-weather|RainDance|[upkeep]
|upkeep
|turn|2
|inactive|Bram1345 has 120 seconds left.
|
|t:|1760737517
|-end|p1a: Iron Crown|Quark Drive|[silent]
|switch|p1a: Moltres|Moltres|100/100
|move|p2a: Iron Treads|Earthquake|p1a: Moltres
|-immune|p1a: Moltres
|
|-weather|RainDance|[upkeep]
|upkeep
|turn|3
|
|t:|1760737527
|-end|p2a: Iron Treads|Quark Drive|[silent]
|switch|p2a: Moltres|Moltres|100/100
|move|p1a: Moltres|U-turn|p2a: Moltres
|-resisted|p2a: Moltres
|-crit|p2a: Moltres
|-damage|p2a: Moltres|97/100
|
|t:|1760737534
|switch|p1a: Ogerpon|Ogerpon-Wellspring, F|100/100|[from] U-turn
|
|-weather|RainDance|[upkeep]
|upkeep
|turn|4
|
|t:|1760737541
|-terastallize|p2a: Moltres|Fairy
|move|p1a: Ogerpon|Ivy Cudgel|p2a: Moltres|[anim] Ivy Cudgel Water
|-damage|p2a: Moltres|39/100
|move|p2a: Moltres|Hurricane|p1a: Ogerpon
|-supereffective|p1a: Ogerpon
|-damage|p1a: Ogerpon|1/100
|
|-weather|RainDance|[upkeep]
|upkeep
|turn|5
|
|t:|1760737562
|move|p1a: Ogerpon|Ivy Cudgel|p2a: Moltres|[anim] Ivy Cudgel Water
|-damage|p2a: Moltres|0 fnt
|faint|p2a: Moltres
|
|-weather|RainDance|[upkeep]
|upkeep
|
|t:|1760737570
|switch|p2a: Barraskewda|Barraskewda, F|100/100
|turn|6
|
|t:|1760737580
|switch|p1a: Moltres|Moltres|100/100
|move|p2a: Barraskewda|Close Combat|p1a: Moltres
|-resisted|p1a: Moltres
|-damage|p1a: Moltres|80/100
|-unboost|p2a: Barraskewda|def|1
|-unboost|p2a: Barraskewda|spd|1
|
|-weather|RainDance|[upkeep]
|upkeep
|turn|7
|
|t:|1760737595
|switch|p2a: Pelipper|Pelipper, F|100/100
|move|p1a: Moltres|Will-O-Wisp|p2a: Pelipper
|-status|p2a: Pelipper|brn
|
|-weather|RainDance|[upkeep]
|-damage|p2a: Pelipper|94/100 brn|[from] brn
|upkeep
|turn|8
|
|t:|1760737602
|switch|p1a: Ogerpon|Ogerpon-Wellspring, F|1/100
|move|p2a: Pelipper|Knock Off|p1a: Ogerpon
|-damage|p1a: Ogerpon|0 fnt
|faint|p1a: Ogerpon
|
|-weather|none
|-damage|p2a: Pelipper|88/100 brn|[from] brn
|upkeep
|
|t:|1760737615
|switch|p1a: Iron Crown|Iron Crown|100/100
|turn|9
|
|t:|1760737625
|switch|p2a: Zapdos|Zapdos|100/100
|move|p1a: Iron Crown|Volt Switch|p2a: Zapdos
|-damage|p2a: Zapdos|62/100
|
|t:|1760737631
|-end|p1a: Iron Crown|Quark Drive|[silent]
|switch|p1a: Indeedee|Indeedee, M|100/100|[from] Volt Switch
|-fieldstart|move: Psychic Terrain|[from] ability: Psychic Surge|[of] p1a: Indeedee
|
|upkeep
|turn|10
|
|t:|1760737642
|move|p2a: Zapdos|Volt Switch|p1a: Indeedee
|-damage|p1a: Indeedee|62/100
|
|t:|1760737645
|switch|p2a: Pelipper|Pelipper, F|88/100 brn|[from] Volt Switch
|-weather|RainDance|[from] ability: Drizzle|[of] p2a: Pelipper
|move|p1a: Indeedee|Expanding Force|p2a: Pelipper
|-damage|p2a: Pelipper|11/100 brn
|
|-weather|RainDance|[upkeep]
|-damage|p2a: Pelipper|5/100 brn|[from] brn
|upkeep
|turn|11
|
|t:|1760737653
|switch|p2a: Iron Treads|Iron Treads|100/100
|move|p1a: Indeedee|Expanding Force|p2a: Iron Treads
|-resisted|p2a: Iron Treads
|-damage|p2a: Iron Treads|62/100
|
|-weather|RainDance|[upkeep]
|-heal|p2a: Iron Treads|68/100|[from] item: Leftovers
|upkeep
|turn|12
|
|t:|1760737657
|switch|p1a: Moltres|Moltres|80/100
|move|p2a: Iron Treads|Knock Off|p1a: Moltres
|-damage|p1a: Moltres|59/100
|-enditem|p1a: Moltres|Heavy-Duty Boots|[from] move: Knock Off|[of] p2a: Iron Treads
|
|-weather|RainDance|[upkeep]
|-heal|p2a: Iron Treads|74/100|[from] item: Leftovers
|upkeep
|turn|13
|
|t:|1760737662
|move|p2a: Iron Treads|Stealth Rock|p1a: Moltres
|-sidestart|p1: hey you're|move: Stealth Rock
|move|p1a: Moltres|Roost|p1a: Moltres
|-heal|p1a: Moltres|100/100
|-singleturn|p1a: Moltres|move: Roost
|
|-weather|RainDance|[upkeep]
|-heal|p2a: Iron Treads|80/100|[from] item: Leftovers
|upkeep
|turn|14
|
|t:|1760737668
|-end|p2a: Iron Treads|Quark Drive|[silent]
|switch|p2a: Barraskewda|Barraskewda, F|100/100
|move|p1a: Moltres|U-turn|p2a: Barraskewda
|-damage|p2a: Barraskewda|75/100
|inactive|hey you're has 120 seconds left.
|
|t:|1760737702
|switch|p1a: Indeedee|Indeedee, M|62/100|[from] U-turn
|-damage|p1a: Indeedee|50/100|[from] Stealth Rock
|
|-weather|RainDance|[upkeep]
|upkeep
|turn|15
|
|t:|1760737715
|move|p2a: Barraskewda|Flip Turn|p1a: Indeedee
|-damage|p1a: Indeedee|0 fnt
|faint|p1a: Indeedee
|
|t:|1760737726
|switch|p2a: Revavroom|Revavroom, F|100/100|[from] Flip Turn
|
|-weather|RainDance|[upkeep]
|upkeep
|
|t:|1760737740
|switch|p1a: Maushold|Maushold-Four|100/100
|-damage|p1a: Maushold|88/100|[from] Stealth Rock
|turn|16
|
|t:|1760737747
|move|p1a: Maushold|Tidy Up|p1a: Maushold
|-sideend|p1: hey you're|Stealth Rock
|-activate|p1a: Maushold|move: Tidy Up
|-boost|p1a: Maushold|atk|1
|-boost|p1a: Maushold|spe|1
|move|p2a: Revavroom|Shift Gear|p2a: Revavroom
|-boost|p2a: Revavroom|spe|2
|-boost|p2a: Revavroom|atk|1
|
|-weather|RainDance|[upkeep]
|-fieldend|move: Psychic Terrain
|upkeep
|turn|17
|
|t:|1760737757
|move|p2a: Revavroom|Iron Head|p1a: Maushold
|-damage|p1a: Maushold|0 fnt
|faint|p1a: Maushold
|
|-weather|none
|upkeep
|
|t:|1760737761
|switch|p1a: Polteageist|Polteageist|100/100
|turn|18
|
|t:|1760737770
|move|p2a: Revavroom|Iron Head|p1a: Polteageist
|-enditem|p1a: Polteageist|Focus Sash
|-damage|p1a: Polteageist|1/100
|-ability|p1a: Polteageist|Weak Armor|boost
|-unboost|p1a: Polteageist|def|1
|-boost|p1a: Polteageist|spe|2
|move|p1a: Polteageist|Shell Smash|p1a: Polteageist
|-unboost|p1a: Polteageist|def|1
|-unboost|p1a: Polteageist|spd|1
|-boost|p1a: Polteageist|atk|2
|-boost|p1a: Polteageist|spa|2
|-boost|p1a: Polteageist|spe|2
|
|upkeep
|turn|19
|
|t:|1760737786
|move|p1a: Polteageist|Stored Power|p2a: Revavroom
|-damage|p2a: Revavroom|0 fnt
|faint|p2a: Revavroom
|
|upkeep
|
|t:|1760737789
|switch|p2a: Barraskewda|Barraskewda, F|75/100
|turn|20
|
|t:|1760737795
|switch|p1a: Moltres|Moltres|100/100
|move|p2a: Barraskewda|Aqua Jet|p1a: Moltres
|-supereffective|p1a: Moltres
|-damage|p1a: Moltres|52/100
|
|upkeep
|turn|21
|
|t:|1760737806
|switch|p2a: Pelipper|Pelipper, F|5/100 brn
|-weather|RainDance|[from] ability: Drizzle|[of] p2a: Pelipper
|-terastallize|p1a: Moltres|Fairy
|move|p1a: Moltres|Roost|p1a: Moltres
|-heal|p1a: Moltres|100/100
|
|-weather|RainDance|[upkeep]
|-damage|p2a: Pelipper|0 fnt|[from] brn
|faint|p2a: Pelipper
|upkeep
|
|t:|1760737818
|switch|p2a: Barraskewda|Barraskewda, F|75/100
|turn|22
|
|t:|1760737823
|move|p2a: Barraskewda|Liquidation|p1a: Moltres
|-damage|p1a: Moltres|32/100
|-unboost|p1a: Moltres|def|1
|move|p1a: Moltres|Will-O-Wisp|p2a: Barraskewda
|-status|p2a: Barraskewda|brn
|
|-weather|RainDance|[upkeep]
|-damage|p2a: Barraskewda|69/100 brn|[from] brn
|upkeep
|turn|23
|
|t:|1760737830
|switch|p1a: Polteageist|Polteageist|1/100
|move|p2a: Barraskewda|Liquidation|p1a: Polteageist
|-damage|p1a: Polteageist|0 fnt
|faint|p1a: Polteageist
|
|-weather|RainDance|[upkeep]
|-damage|p2a: Barraskewda|62/100 brn|[from] brn
|upkeep
|
|t:|1760737842
|switch|p1a: Iron Crown|Iron Crown|100/100
|turn|24
|
|t:|1760737846
|move|p2a: Barraskewda|Liquidation|p1a: Iron Crown
|-damage|p1a: Iron Crown|40/100
|move|p1a: Iron Crown|Volt Switch|p2a: Barraskewda
|-supereffective|p2a: Barraskewda
|-damage|p2a: Barraskewda|0 fnt
|faint|p2a: Barraskewda
|
|t:|1760737848
|-end|p1a: Iron Crown|Quark Drive|[silent]
|switch|p1a: Moltres|Moltres, tera:Fairy|32/100|[from] Volt Switch
|
|-weather|RainDance|[upkeep]
|upkeep
|
|t:|1760737868
|switch|p2a: Zapdos|Zapdos|62/100
|turn|25
|
|t:|1760737873
|move|p2a: Zapdos|Thunder|p1a: Moltres
|-damage|p1a: Moltres|0 fnt
|faint|p1a: Moltres
|
|-weather|RainDance|[upkeep]
|upkeep
|-message|hey you're forfeited.
|
|win|Bram1345
|raw|hey you&apos;re's rating: 1482 &rarr; <strong>1460</strong><br />(-22 for losing)
|raw|Bram1345's rating: 1442 &rarr; <strong>1464</strong><br />(+22 for winning)
|l|☆Bram1345
|player|p2|
