|j|☆Jogeta On Youtube
|j|☆RCDB
|t:|1760791795
|gametype|singles
|player|p1|Jogeta On Youtube|2|1281
|player|p2|RCDB|170|1249
|gen|9
|tier|[Gen 9] OU
|rated|
|rule|HP Percentage Mod: HP is shown in percentages
|rule|Endless Battle Clause: Forcing endless battles is banned
|rule|Species Clause: Limit one of each Pokémon
|rule|OHKO Clause: OHKO moves are banned
|rule|Evasion Items Clause: Evasion items are banned
|rule|Evasion Moves Clause: Evasion moves are banned
|rule|Evasion Abilities Clause: Evasion abilities are banned
|rule|Sleep Moves Clause: Sleep-inducing moves are banned
|clearpoke
|poke|p1|Mew|
|poke|p1|Frosmoth, F|
|poke|p1|Moltres|
|poke|p1|Keldeo-Resolute|
|poke|p1|Darkrai|
|poke|p1|Cinderace, F|
|poke|p2|Altaria, M|
|poke|p2|Glimmora, F|
|poke|p2|Cinderace, F|
|poke|p2|Dondozo, M|
|poke|p2|Dragapult, M|
|poke|p2|Metagross|
|teampreview
|inactive|Battle timer is ON: inactive players will automatically lose when time's up. (requested by RCDB)
|
|t:|1760791820
|teamsize|p1|6
|teamsize|p2|6
|start
|switch|p1a: Darkrai|Darkrai|100/100
|switch|p2a: Glimmora|Glimmora, F|100/100
|turn|1
|
|t:|1760791824
|move|p1a: Darkrai|Psyshock|p2a: Glimmora
|-supereffective|p2a: Glimmora
|-damage|p2a: Glimmora|29/100
|move|p2a: Glimmora|Stealth Rock|p1a: Darkrai
|-sidestart|p1: Jogeta On Youtube|move: Stealth Rock
|
|upkeep
|turn|2
|
|t:|1760791831
|switch|p2a: Metagross|Metagross|100/100
|move|p1a: Darkrai|Psyshock|p2a: Metagross
|-resisted|p2a: Metagross
|-damage|p2a: Metagross|95/100
|
|upkeep
|turn|3
|
|t:|1760791840
|move|p1a: Darkrai|Thunder Wave|p2a: Metagross
|-status|p2a: Metagross|par
|cant|p2a: Metagross|par
|
|upkeep
|turn|4
|
|t:|1760791846
|switch|p1a: Moltres|Moltres|100/100
|move|p2a: Metagross|Meteor Mash|p1a: Moltres
|-resisted|p1a: Moltres
|-damage|p1a: Moltres|81/100
|-boost|p2a: Metagross|atk|1
|
|upkeep
|turn|5
|
|t:|1760791857
|move|p1a: Moltres|Fire Spin|p2a: Metagross
|-supereffective|p2a: Metagross
|-damage|p2a: Metagross|75/100 par
|-activate|p2a: Metagross|move: Fire Spin|[of] p1a: Moltres
|move|p2a: Metagross|Ice Punch|p1a: Moltres
|-damage|p1a: Moltres|49/100
|
|-damage|p2a: Metagross|63/100 par|[from] move: Fire Spin|[partiallytrapped]
|upkeep
|turn|6
|
|t:|1760791866
|move|p1a: Moltres|Roost|p1a: Moltres
|-heal|p1a: Moltres|99/100
|-singleturn|p1a: Moltres|move: Roost
|move|p2a: Metagross|Ice Punch|p1a: Moltres
|-resisted|p1a: Moltres
|-damage|p1a: Moltres|85/100
|
|-damage|p2a: Metagross|50/100 par|[from] move: Fire Spin|[partiallytrapped]
|upkeep
|turn|7
|
|t:|1760791872
|move|p1a: Moltres|Scorching Sands|p2a: Metagross
|-supereffective|p2a: Metagross
|-damage|p2a: Metagross|23/100 par
|move|p2a: Metagross|Ice Punch|p1a: Moltres
|-damage|p1a: Moltres|56/100
|
|-damage|p2a: Metagross|10/100 par|[from] move: Fire Spin|[partiallytrapped]
|upkeep
|turn|8
|
|t:|1760791889
|move|p1a: Moltres|Roost|p1a: Moltres
|-heal|p1a: Moltres|100/100
|-singleturn|p1a: Moltres|move: Roost
|move|p2a: Metagross|Ice Punch|p1a: Moltres
|-resisted|p1a: Moltres
|-crit|p1a: Moltres
|-damage|p1a: Moltres|77/100
|
|-damage|p2a: Metagross|0 fnt|[from] move: Fire Spin|[partiallytrapped]
|faint|p2a: Metagross
|upkeep
|
|t:|1760791902
|switch|p2a: Dragapult|Dragapult, M|100/100
|turn|9
|
|t:|1760791907
|move|p2a: Dragapult|Thunderbolt|p1a: Moltres
|-supereffective|p1a: Moltres
|-damage|p1a: Moltres|1/100
|move|p1a: Moltres|Fire Spin|p2a: Dragapult|[miss]
|-miss|p1a: Moltres|p2a: Dragapult
|
|upkeep
|turn|10
|
|t:|1760791913
|move|p2a: Dragapult|Thunderbolt|p1a: Moltres
|-supereffective|p1a: Moltres
|-damage|p1a: Moltres|0 fnt
|faint|p1a: Moltres
|
|upkeep
|
|t:|1760791918
|switch|p1a: Cinderace|Cinderace, F|100/100
|turn|11
|
|t:|1760791923
|switch|p2a: Dondozo|Dondozo, M|100/100
|move|p1a: Cinderace|Sucker Punch||[still]
|-fail|p1a: Cinderace
|
|upkeep
|turn|12
|
|t:|1760791933
|move|p1a: Cinderace|Court Change|p1a: Cinderace
|-start|p1a: Cinderace|typechange|Normal|[from] ability: Libero
|-swapsideconditions
|-activate|p1a: Cinderace|move: Court Change
|move|p2a: Dondozo|Liquidation|p1a: Cinderace
|-damage|p1a: Cinderace|56/100
|
|upkeep
|turn|13
|
|t:|1760791943
|move|p1a: Cinderace|Gunk Shot|p2a: Dondozo
|-damage|p2a: Dondozo|83/100
|-status|p2a: Dondozo|psn
|move|p2a: Dondozo|Body Press|p1a: Cinderace
|-supereffective|p1a: Cinderace
|-damage|p1a: Cinderace|0 fnt
|faint|p1a: Cinderace
|
|-damage|p2a: Dondozo|71/100 psn|[from] psn
|upkeep
|
|t:|1760791947
|switch|p1a: Mew|Mew, shiny|100/100
|turn|14
|
|t:|1760791956
|switch|p2a: Cinderace|Cinderace, F|100/100
|-terastallize|p1a: Mew|Grass
|move|p1a: Mew|Bullet Seed|p2a: Cinderace
|-resisted|p2a: Cinderace
|-damage|p2a: Cinderace|92/100
|-resisted|p2a: Cinderace
|-damage|p2a: Cinderace|83/100
|-resisted|p2a: Cinderace
|-damage|p2a: Cinderace|75/100
|-resisted|p2a: Cinderace
|-damage|p2a: Cinderace|66/100
|-resisted|p2a: Cinderace
|-damage|p2a: Cinderace|58/100
|-hitcount|p2a: Cinderace|5
|
|upkeep
|turn|15
|inactive|Jogeta On Youtube has 120 seconds left.
|
|t:|1760791990
|move|p2a: Cinderace|Pyro Ball|p1a: Mew
|-supereffective|p1a: Mew
|-damage|p1a: Mew|0 fnt
|faint|p1a: Mew
|
|upkeep
|inactive|Jogeta On Youtube has 120 seconds left.
|
|t:|1760791997
|switch|p1a: Darkrai|Darkrai|100/100
|turn|16
|
|t:|1760792003
|move|p1a: Darkrai|Psyshock|p2a: Cinderace
|-damage|p2a: Cinderace|19/100
|move|p2a: Cinderace|High Jump Kick|p1a: Darkrai
|-start|p2a: Cinderace|typechange|Fighting|[from] ability: Libero
|-supereffective|p1a: Darkrai
|-damage|p1a: Darkrai|0 fnt
|faint|p1a: Darkrai
|
|upkeep
|
|t:|1760792007
|switch|p1a: Keldeo|Keldeo-Resolute|100/100
|turn|17
|
|t:|1760792010
|move|p1a: Keldeo|Vacuum Wave|p2a: Cinderace
|-damage|p2a: Cinderace|0 fnt
|faint|p2a: Cinderace
|-damage|p1a: Keldeo|91/100|[from] item: Life Orb
|
|upkeep
|
|t:|1760792029
|switch|p2a: Altaria|Altaria, M|100/100
|-damage|p2a: Altaria|76/100|[from] Stealth Rock
|turn|18
|
|t:|1760792048
|-terastallize|p2a: Altaria|Fairy
|move|p1a: Keldeo|Calm Mind|p1a: Keldeo
|-boost|p1a: Keldeo|spa|1
|-boost|p1a: Keldeo|spd|1
|move|p2a: Altaria|Perish Song|p2a: Altaria
|-start|p1a: Keldeo|perish3|[silent]
|-start|p2a: Altaria|perish3|[silent]
|-fieldactivate|move: Perish Song
|
|-heal|p2a: Altaria|82/100|[from] item: Leftovers
|-start|p1a: Keldeo|perish3
|-start|p2a: Altaria|perish3
|upkeep
|turn|19
|
|t:|1760792052
|move|p1a: Keldeo|Muddy Water|p2a: Altaria
|-damage|p2a: Altaria|25/100
|-damage|p1a: Keldeo|81/100|[from] item: Life Orb
|move|p2a: Altaria|Fire Spin|p1a: Keldeo
|-resisted|p1a: Keldeo
|-damage|p1a: Keldeo|78/100
|-activate|p1a: Keldeo|move: Fire Spin|[of] p2a: Altaria
|
|-heal|p2a: Altaria|31/100|[from] item: Leftovers
|-damage|p1a: Keldeo|66/100|[from] move: Fire Spin|[partiallytrapped]
|-start|p1a: Keldeo|perish2
|-start|p2a: Altaria|perish2
|upkeep
|turn|20
|
|t:|1760792057
|move|p1a: Keldeo|Muddy Water|p2a: Altaria
|-damage|p2a: Altaria|0 fnt
|faint|p2a: Altaria
|-damage|p1a: Keldeo|56/100|[from] item: Life Orb
|
|-end|p1a: Keldeo|Fire Spin|[partiallytrapped]|[silent]
|-start|p1a: Keldeo|perish1
|upkeep
|
|t:|1760792065
|switch|p2a: Glimmora|Glimmora, F|29/100
|-damage|p2a: Glimmora|17/100|[from] Stealth Rock
|turn|21
|
|t:|1760792070
|move|p1a: Keldeo|Vacuum Wave|p2a: Glimmora
|-damage|p2a: Glimmora|0 fnt
|faint|p2a: Glimmora
|-damage|p1a: Keldeo|46/100|[from] item: Life Orb
|
|-start|p1a: Keldeo|perish0
|upkeep
|faint|p1a: Keldeo
|
|t:|1760792073
|switch|p1a: Frosmoth|Frosmoth, F, shiny|100/100
|switch|p2a: Dragapult|Dragapult, M|100/100
|-damage|p2a: Dragapult|88/100|[from] Stealth Rock
|turn|22
|
|t:|1760792076
|move|p2a: Dragapult|Flamethrower|p1a: Frosmoth
|-supereffective|p1a: Frosmoth
|-damage|p1a: Frosmoth|16/100
|move|p1a: Frosmoth|Quiver Dance|p1a: Frosmoth
|-boost|p1a: Frosmoth|spa|1
|-boost|p1a: Frosmoth|spd|1
|-boost|p1a: Frosmoth|spe|1
|
|-heal|p1a: Frosmoth|22/100|[from] item: Leftovers
|upkeep
|turn|23
|
|t:|1760792081
|move|p2a: Dragapult|Flamethrower|p1a: Frosmoth
|-supereffective|p1a: Frosmoth
|-damage|p1a: Frosmoth|0 fnt
|faint|p1a: Frosmoth
|
|win|RCDB
|raw|Jogeta On Youtube's rating: 1281 &rarr; <strong>1254</strong><br />(-27 for losing)
|raw|RCDB's rating: 1249 &rarr; <strong>1276</strong><br />(+27 for winning)
|l|☆Jogeta On Youtube
|player|p1|
|l|☆RCDB
|player|p2|
