|j|☆gigantegab
|j|☆itsyumiiiii
|t:|1760734882
|gametype|singles
|player|p1|gigantegab|roxie|1309
|player|p2|itsyumiiiii|iris|1373
|gen|9
|tier|[Gen 9] OU
|rated|
|rule|HP Percentage Mod: HP is shown in percentages
|rule|Endless Battle Clause: Forcing endless battles is banned
|rule|Species Clause: Limit one of each Pokémon
|rule|OHKO Clause: OHKO moves are banned
|rule|Evasion Items Clause: Evasion items are banned
|rule|Evasion Moves Clause: Evasion moves are banned
|rule|Evasion Abilities Clause: Evasion abilities are banned
|rule|Sleep Moves Clause: Sleep-inducing moves are banned
|clearpoke
|poke|p1|Araquanid, F|
|poke|p1|Landorus-Therian, M|
|poke|p1|Iron Treads|
|poke|p1|Kingambit, F|
|poke|p1|Dragapult, M|
|poke|p1|Iron Valiant|
|poke|p2|Heatran, F|
|poke|p2|Tyranitar, M|
|poke|p2|Gholdengo|
|poke|p2|Enamorus-Therian, F|
|poke|p2|Quaquaval, F|
|poke|p2|Weezing-Galar, M|
|teampreview
|inactive|Battle timer is ON: inactive players will automatically lose when time's up. (requested by itsyumiiiii)
|inactive|gigantegab also wants the timer to be on.
|
|t:|1760734895
|teamsize|p1|6
|teamsize|p2|6
|start
|switch|p1a: Araquanid|Araquanid, F|100/100
|switch|p2a: Tyranitar|Tyranitar, M, shiny|100/100
|-weather|Sandstorm|[from] ability: Sand Stream|[of] p2a: Tyranitar
|turn|1
|
|t:|1760734908
|switch|p2a: Weezing|Weezing-Galar, M|100/100
|-ability|p2a: Weezing|Neutralizing Gas
|move|p1a: Araquanid|Sticky Web|p2a: Weezing
|-sidestart|p2: itsyumiiiii|move: Sticky Web
|
|-weather|Sandstorm|[upkeep]
|-damage|p2a: Weezing|95/100|[from] Sandstorm
|-damage|p1a: Araquanid|94/100|[from] Sandstorm
|upkeep
|turn|2
|
|t:|1760734921
|move|p2a: Weezing|Toxic Spikes|p1a: Araquanid
|-sidestart|p1: gigantegab|move: Toxic Spikes
|move|p1a: Araquanid|Liquidation|p2a: Weezing
|-damage|p2a: Weezing|77/100
|
|-weather|Sandstorm|[upkeep]
|-damage|p2a: Weezing|71/100|[from] Sandstorm
|-damage|p1a: Araquanid|88/100|[from] Sandstorm
|upkeep
|turn|3
|
|t:|1760734927
|move|p2a: Weezing|Will-O-Wisp|p1a: Araquanid
|-status|p1a: Araquanid|brn
|move|p1a: Araquanid|Lunge|p2a: Weezing
|-resisted|p2a: Weezing
|-damage|p2a: Weezing|68/100
|-unboost|p2a: Weezing|atk|1
|
|-weather|Sandstorm|[upkeep]
|-damage|p2a: Weezing|62/100|[from] Sandstorm
|-damage|p1a: Araquanid|82/100 brn|[from] Sandstorm
|-damage|p1a: Araquanid|76/100 brn|[from] brn
|upkeep
|turn|4
|
|t:|1760734930
|move|p2a: Weezing|Pain Split|p1a: Araquanid
|-sethp|p1a: Araquanid|71/100 brn|[from] move: Pain Split|[silent]
|-sethp|p2a: Weezing|67/100|[from] move: Pain Split
|move|p1a: Araquanid|Lunge|p2a: Weezing
|-resisted|p2a: Weezing
|-crit|p2a: Weezing
|-damage|p2a: Weezing|63/100
|-unboost|p2a: Weezing|atk|1
|
|-weather|Sandstorm|[upkeep]
|-damage|p2a: Weezing|57/100|[from] Sandstorm
|-damage|p1a: Araquanid|65/100 brn|[from] Sandstorm
|-damage|p1a: Araquanid|59/100 brn|[from] brn
|upkeep
|turn|5
|
|t:|1760734938
|switch|p1a: Kingambit|Kingambit, F|100/100
|move|p2a: Weezing|Toxic Spikes|p1a: Kingambit
|-sidestart|p1: gigantegab|move: Toxic Spikes
|
|-weather|none
|upkeep
|turn|6
|
|t:|1760734946
|move|p1a: Kingambit|Iron Head|p2a: Weezing
|-supereffective|p2a: Weezing
|-damage|p2a: Weezing|3/100
|move|p2a: Weezing|Will-O-Wisp|p1a: Kingambit
|-status|p1a: Kingambit|brn
|
|-damage|p1a: Kingambit|94/100 brn|[from] brn
|upkeep
|turn|7
|
|t:|1760734959
|-end|p2a: Weezing|ability: Neutralizing Gas
|switch|p2a: Heatran|Heatran, F|100/100
|-activate|p2a: Heatran|move: Sticky Web
|-unboost|p2a: Heatran|spe|1
|move|p1a: Kingambit|Swords Dance|p1a: Kingambit
|-boost|p1a: Kingambit|atk|2
|
|-damage|p1a: Kingambit|88/100 brn|[from] brn
|upkeep
|turn|8
|
|t:|1760734965
|move|p1a: Kingambit|Swords Dance|p1a: Kingambit
|-boost|p1a: Kingambit|atk|2
|move|p2a: Heatran|Magma Storm|p1a: Kingambit
|-supereffective|p1a: Kingambit
|-damage|p1a: Kingambit|0 fnt
|faint|p1a: Kingambit
|-end|p1a: Kingambit|fallenundefined|[silent]
|
|upkeep
|
|t:|1760734968
|switch|p1a: Iron Treads|Iron Treads|100/100
|turn|9
|
|t:|1760734973
|switch|p2a: Gholdengo|Gholdengo|100/100
|-item|p2a: Gholdengo|Air Balloon
|move|p1a: Iron Treads|Stealth Rock|p2a: Gholdengo
|-sidestart|p2: itsyumiiiii|move: Stealth Rock
|
|upkeep
|turn|10
|
|t:|1760734985
|switch|p2a: Weezing|Weezing-Galar, M|3/100
|-ability|p2a: Weezing|Neutralizing Gas
|move|p1a: Iron Treads|Ice Spinner|p2a: Weezing
|-damage|p2a: Weezing|0 fnt
|faint|p2a: Weezing
|-end|p2a: Weezing|ability: Neutralizing Gas
|-damage|p1a: Iron Treads|91/100|[from] item: Life Orb
|
|upkeep
|
|t:|1760734987
|switch|p2a: Quaquaval|Quaquaval, F, shiny|100/100
|turn|11
|
|t:|1760734995
|-terastallize|p1a: Iron Treads|Ghost
|move|p1a: Iron Treads|Rapid Spin|p2a: Quaquaval
|-damage|p2a: Quaquaval|78/100
|-boost|p1a: Iron Treads|spe|1
|-sideend|p1: gigantegab|Toxic Spikes|[from] move: Rapid Spin|[of] p1a: Iron Treads
|-damage|p1a: Iron Treads|81/100|[from] item: Life Orb
|move|p2a: Quaquaval|Rapid Spin|p1a: Iron Treads
|-immune|p1a: Iron Treads
|
|upkeep
|turn|12
|
|t:|1760735007
|move|p1a: Iron Treads|Earthquake|p2a: Quaquaval
|-damage|p2a: Quaquaval|10/100
|-damage|p1a: Iron Treads|71/100|[from] item: Life Orb
|move|p2a: Quaquaval|Aqua Step|p1a: Iron Treads
|-damage|p1a: Iron Treads|37/100
|-boost|p2a: Quaquaval|spe|1
|
|upkeep
|turn|13
|
|t:|1760735013
|move|p1a: Iron Treads|Earthquake|p2a: Quaquaval
|-damage|p2a: Quaquaval|0 fnt
|faint|p2a: Quaquaval
|-damage|p1a: Iron Treads|27/100|[from] item: Life Orb
|
|upkeep
|
|t:|1760735018
|switch|p2a: Enamorus|Enamorus-Therian, F|100/100
|-damage|p2a: Enamorus|76/100|[from] Stealth Rock
|turn|14
|
|t:|1760735022
|move|p1a: Iron Treads|Ice Spinner|p2a: Enamorus
|-supereffective|p2a: Enamorus
|-damage|p2a: Enamorus|14/100
|-damage|p1a: Iron Treads|18/100|[from] item: Life Orb
|move|p2a: Enamorus|Draining Kiss|p1a: Iron Treads
|-damage|p1a: Iron Treads|0 fnt
|-heal|p2a: Enamorus|25/100|[from] drain|[of] p1a: Iron Treads
|faint|p1a: Iron Treads
|-end|p1a: Iron Treads|Quark Drive|[silent]
|
|-heal|p2a: Enamorus|31/100|[from] item: Leftovers
|upkeep
|
|t:|1760735026
|switch|p1a: Araquanid|Araquanid, F|59/100 brn
|-activate|p1a: Araquanid|ability: Water Bubble
|-curestatus|p1a: Araquanid|brn|[msg]
|turn|15
|
|t:|1760735032
|move|p1a: Araquanid|Liquidation|p2a: Enamorus
|-damage|p2a: Enamorus|0 fnt
|faint|p2a: Enamorus
|
|upkeep
|-message|itsyumiiiii forfeited.
|
|win|gigantegab
|raw|gigantegab's rating: 1309 &rarr; <strong>1333</strong><br />(+24 for winning)
|raw|itsyumiiiii's rating: 1373 &rarr; <strong>1349</strong><br />(-24 for losing)
|l|☆itsyumiiiii
|player|p2|
|l|☆gigantegab
|player|p1|
|j|☆gigantegab
|player|p1|gigantegab|roxie|
