|j|☆Minytank
|j|☆Chief_Ironside
|t:|1760848150
|gametype|singles
|player|p1|Minytank|101|1390
|player|p2|Chief_Ironside|policeman-gen4|1364
|gen|9
|tier|[Gen 9] OU
|rated|
|rule|HP Percentage Mod: HP is shown in percentages
|rule|Endless Battle Clause: Forcing endless battles is banned
|rule|Species Clause: Limit one of each Pokémon
|rule|OHKO Clause: OHKO moves are banned
|rule|Evasion Items Clause: Evasion items are banned
|rule|Evasion Moves Clause: Evasion moves are banned
|rule|Evasion Abilities Clause: Evasion abilities are banned
|rule|Sleep Moves Clause: Sleep-inducing moves are banned
|clearpoke
|poke|p1|Alomomola, M|
|poke|p1|Garganacl, F|
|poke|p1|Goodra-Hisui, F|
|poke|p1|Landorus-Therian, M|
|poke|p1|Magnezone|
|poke|p1|Quaquaval, F|
|poke|p2|Clefable, F|
|poke|p2|Breloom, M|
|poke|p2|Zapdos|
|poke|p2|Quaquaval, F|
|poke|p2|Gholdengo|
|poke|p2|Moltres-Galar|
|teampreview
|inactive|Battle timer is ON: inactive players will automatically lose when time's up. (requested by Chief_Ironside)
|
|t:|1760848164
|teamsize|p1|6
|teamsize|p2|6
|start
|switch|p1a: Landorus|Landorus-Therian, M|100/100
|switch|p2a: Breloom|Breloom, M|100/100
|-ability|p1a: Landorus|Intimidate|boost
|-unboost|p2a: Breloom|atk|1
|turn|1
|
|t:|1760848169
|move|p1a: Landorus|U-turn|p2a: Breloom
|-damage|p2a: Breloom|44/100
|
|t:|1760848178
|switch|p1a: Magnezone|Magnezone|100/100|[from] U-turn
|move|p2a: Breloom|Bullet Seed|p1a: Magnezone
|-resisted|p1a: Magnezone
|-damage|p1a: Magnezone|95/100
|-resisted|p1a: Magnezone
|-damage|p1a: Magnezone|89/100
|-resisted|p1a: Magnezone
|-damage|p1a: Magnezone|83/100
|-resisted|p1a: Magnezone
|-damage|p1a: Magnezone|77/100
|-resisted|p1a: Magnezone
|-damage|p1a: Magnezone|72/100
|-hitcount|p1a: Magnezone|5
|
|upkeep
|turn|2
|
|t:|1760848186
|switch|p1a: Landorus|Landorus-Therian, M|100/100
|-ability|p1a: Landorus|Intimidate|boost
|-unboost|p2a: Breloom|atk|1
|move|p2a: Breloom|Close Combat|p1a: Landorus
|-resisted|p1a: Landorus
|-crit|p1a: Landorus
|-damage|p1a: Landorus|45/100
|-unboost|p2a: Breloom|def|1
|-unboost|p2a: Breloom|spd|1
|
|upkeep
|turn|3
|
|t:|1760848194
|switch|p2a: Zapdos|Zapdos|100/100
|move|p1a: Landorus|U-turn|p2a: Zapdos
|-resisted|p2a: Zapdos
|-damage|p2a: Zapdos|86/100
|
|t:|1760848198
|switch|p1a: Garganacl|Garganacl, F|100/100|[from] U-turn
|
|upkeep
|turn|4
|
|t:|1760848201
|move|p2a: Zapdos|Volt Switch|p1a: Garganacl
|-damage|p1a: Garganacl|74/100
|
|t:|1760848204
|switch|p2a: Breloom|Breloom, M|44/100|[from] Volt Switch
|move|p1a: Garganacl|Salt Cure|p2a: Breloom
|-resisted|p2a: Breloom
|-damage|p2a: Breloom|33/100
|-start|p2a: Breloom|Salt Cure
|
|-heal|p1a: Garganacl|80/100|[from] item: Leftovers
|-damage|p2a: Breloom|20/100|[from] Salt Cure
|upkeep
|turn|5
|
|t:|1760848212
|switch|p1a: Alomomola|Alomomola, M|100/100
|move|p2a: Breloom|Bullet Seed|p1a: Alomomola
|-supereffective|p1a: Alomomola
|-damage|p1a: Alomomola|76/100
|-supereffective|p1a: Alomomola
|-damage|p1a: Alomomola|54/100
|-supereffective|p1a: Alomomola
|-damage|p1a: Alomomola|33/100
|-supereffective|p1a: Alomomola
|-damage|p1a: Alomomola|9/100
|-hitcount|p1a: Alomomola|4
|
|-heal|p1a: Alomomola|15/100|[from] item: Leftovers
|-damage|p2a: Breloom|8/100|[from] Salt Cure
|upkeep
|turn|6
|
|t:|1760848217
|move|p1a: Alomomola|Protect|p1a: Alomomola
|-singleturn|p1a: Alomomola|Protect
|move|p2a: Breloom|Close Combat|p1a: Alomomola
|-activate|p1a: Alomomola|move: Protect
|
|-heal|p1a: Alomomola|21/100|[from] item: Leftovers
|-damage|p2a: Breloom|0 fnt|[from] Salt Cure
|faint|p2a: Breloom
|upkeep
|
|t:|1760848222
|switch|p2a: Zapdos|Zapdos|86/100
|turn|7
|
|t:|1760848225
|switch|p1a: Magnezone|Magnezone|72/100
|move|p2a: Zapdos|Hurricane|p1a: Magnezone
|-resisted|p1a: Magnezone
|-damage|p1a: Magnezone|60/100
|
|upkeep
|turn|8
|
|t:|1760848229
|switch|p1a: Garganacl|Garganacl, F|80/100
|move|p2a: Zapdos|Volt Switch|p1a: Garganacl
|-damage|p1a: Garganacl|52/100
|
|t:|1760848232
|switch|p2a: Quaquaval|Quaquaval, F|100/100|[from] Volt Switch
|
|-heal|p1a: Garganacl|58/100|[from] item: Leftovers
|upkeep
|turn|9
|
|t:|1760848237
|switch|p1a: Alomomola|Alomomola, M|54/100
|move|p2a: Quaquaval|Close Combat|p1a: Alomomola
|-damage|p1a: Alomomola|22/100
|-unboost|p2a: Quaquaval|def|1
|-unboost|p2a: Quaquaval|spd|1
|
|-heal|p1a: Alomomola|28/100|[from] item: Leftovers
|upkeep
|turn|10
|
|t:|1760848240
|move|p2a: Quaquaval|Close Combat|p1a: Alomomola
|-damage|p1a: Alomomola|0 fnt
|-unboost|p2a: Quaquaval|def|1
|-unboost|p2a: Quaquaval|spd|1
|faint|p1a: Alomomola
|-ability|p2a: Quaquaval|Moxie|boost
|-boost|p2a: Quaquaval|atk|1
|
|upkeep
|
|t:|1760848246
|switch|p1a: Garganacl|Garganacl, F|58/100
|turn|11
|
|t:|1760848249
|-terastallize|p1a: Garganacl|Ghost
|move|p2a: Quaquaval|Aqua Step|p1a: Garganacl
|-damage|p1a: Garganacl|26/100
|-boost|p2a: Quaquaval|spe|1
|move|p1a: Garganacl|Salt Cure|p2a: Quaquaval
|-resisted|p2a: Quaquaval
|-damage|p2a: Quaquaval|82/100
|-start|p2a: Quaquaval|Salt Cure
|
|-heal|p1a: Garganacl|33/100|[from] item: Leftovers
|-damage|p2a: Quaquaval|57/100|[from] Salt Cure
|upkeep
|turn|12
|
|t:|1760848257
|switch|p1a: Quaquaval|Quaquaval, F|100/100
|move|p2a: Quaquaval|Knock Off|p1a: Quaquaval
|-resisted|p1a: Quaquaval
|-damage|p1a: Quaquaval|64/100
|-enditem|p1a: Quaquaval|Assault Vest|[from] move: Knock Off|[of] p2a: Quaquaval
|
|-damage|p2a: Quaquaval|32/100|[from] Salt Cure
|upkeep
|turn|13
|
|t:|1760848264
|move|p2a: Quaquaval|Close Combat|p1a: Quaquaval
|-damage|p1a: Quaquaval|0 fnt
|-unboost|p2a: Quaquaval|def|1
|-unboost|p2a: Quaquaval|spd|1
|faint|p1a: Quaquaval
|-ability|p2a: Quaquaval|Moxie|boost
|-boost|p2a: Quaquaval|atk|1
|
|-damage|p2a: Quaquaval|8/100|[from] Salt Cure
|upkeep
|
|t:|1760848267
|switch|p1a: Garganacl|Garganacl, F, tera:Ghost|33/100
|turn|14
|
|t:|1760848271
|switch|p1a: Goodra|Goodra-Hisui, F|100/100
|move|p2a: Quaquaval|Aqua Step|p1a: Goodra
|-resisted|p1a: Goodra
|-damage|p1a: Goodra|60/100
|-boost|p2a: Quaquaval|spe|1
|
|-damage|p2a: Quaquaval|0 fnt|[from] Salt Cure
|faint|p2a: Quaquaval
|upkeep
|
|t:|1760848279
|switch|p2a: Gholdengo|Gholdengo|100/100
|-item|p2a: Gholdengo|Air Balloon
|turn|15
|
|t:|1760848282
|move|p2a: Gholdengo|Thunder Wave|p1a: Goodra
|-status|p1a: Goodra|par
|move|p1a: Goodra|Dragon Tail|p2a: Gholdengo
|-resisted|p2a: Gholdengo
|-damage|p2a: Gholdengo|93/100
|-enditem|p2a: Gholdengo|Air Balloon
|drag|p2a: Moltres|Moltres-Galar|100/100
|
|upkeep
|turn|16
|
|t:|1760848286
|move|p2a: Moltres|Nasty Plot|p2a: Moltres
|-boost|p2a: Moltres|spa|2
|move|p1a: Goodra|Knock Off|p2a: Moltres
|-resisted|p2a: Moltres
|-damage|p2a: Moltres|88/100
|-enditem|p2a: Moltres|Sitrus Berry|[from] move: Knock Off|[of] p1a: Goodra
|
|upkeep
|turn|17
|
|t:|1760848289
|move|p2a: Moltres|Fiery Wrath|p1a: Goodra
|-damage|p1a: Goodra|30/100 par
|move|p1a: Goodra|Dragon Tail|p2a: Moltres
|-damage|p2a: Moltres|62/100
|drag|p2a: Clefable|Clefable, F|100/100
|
|upkeep
|turn|18
|
|t:|1760848296
|move|p2a: Clefable|Moonblast|p1a: Goodra
|-damage|p1a: Goodra|20/100 par
|move|p1a: Goodra|Heavy Slam|p2a: Clefable
|-supereffective|p2a: Clefable
|-damage|p2a: Clefable|33/100
|
|-heal|p2a: Clefable|40/100|[from] item: Leftovers
|upkeep
|turn|19
|
|t:|1760848298
|move|p2a: Clefable|Moonblast|p1a: Goodra
|-damage|p1a: Goodra|9/100 par
|cant|p1a: Goodra|par
|
|-heal|p2a: Clefable|46/100|[from] item: Leftovers
|upkeep
|turn|20
|
|t:|1760848301
|move|p2a: Clefable|Moonblast|p1a: Goodra
|-damage|p1a: Goodra|0 fnt
|faint|p1a: Goodra
|
|-heal|p2a: Clefable|52/100|[from] item: Leftovers
|upkeep
|
|t:|1760848302
|switch|p1a: Magnezone|Magnezone|60/100
|turn|21
|
|t:|1760848309
|move|p2a: Clefable|Stealth Rock|p1a: Magnezone
|-sidestart|p1: Minytank|move: Stealth Rock
|move|p1a: Magnezone|Flash Cannon|p2a: Clefable
|-supereffective|p2a: Clefable
|-damage|p2a: Clefable|0 fnt
|faint|p2a: Clefable
|-damage|p1a: Magnezone|50/100|[from] item: Life Orb
|
|upkeep
|
|t:|1760848314
|switch|p2a: Gholdengo|Gholdengo|93/100
|turn|22
|
|t:|1760848319
|move|p2a: Gholdengo|Hex|p1a: Magnezone
|-damage|p1a: Magnezone|18/100
|move|p1a: Magnezone|Volt Switch|p2a: Gholdengo
|-damage|p2a: Gholdengo|43/100
|-damage|p1a: Magnezone|8/100|[from] item: Life Orb
|
|t:|1760848321
|switch|p1a: Landorus|Landorus-Therian, M|45/100|[from] Volt Switch
|-damage|p1a: Landorus|32/100|[from] Stealth Rock
|-ability|p1a: Landorus|Intimidate|boost
|-unboost|p2a: Gholdengo|atk|1
|
|upkeep
|turn|23
|
|t:|1760848326
|switch|p2a: Zapdos|Zapdos|86/100
|move|p1a: Landorus|Crunch|p2a: Zapdos
|-damage|p2a: Zapdos|53/100
|-unboost|p2a: Zapdos|def|1
|
|upkeep
|turn|24
|
|t:|1760848331
|switch|p1a: Magnezone|Magnezone|8/100
|-damage|p1a: Magnezone|2/100|[from] Stealth Rock
|move|p2a: Zapdos|Hurricane|p1a: Magnezone|[miss]
|-miss|p2a: Zapdos|p1a: Magnezone
|
|upkeep
|turn|25
|
|t:|1760848335
|move|p2a: Zapdos|Volt Switch|p1a: Magnezone
|-resisted|p1a: Magnezone
|-damage|p1a: Magnezone|0 fnt
|faint|p1a: Magnezone
|
|t:|1760848340
|switch|p2a: Gholdengo|Gholdengo|43/100|[from] Volt Switch
|
|upkeep
|
|t:|1760848342
|switch|p1a: Landorus|Landorus-Therian, M|32/100
|-damage|p1a: Landorus|20/100|[from] Stealth Rock
|-ability|p1a: Landorus|Intimidate|boost
|-unboost|p2a: Gholdengo|atk|1
|turn|26
|
|t:|1760848348
|move|p1a: Landorus|Stone Edge|p2a: Gholdengo
|-resisted|p2a: Gholdengo
|-damage|p2a: Gholdengo|23/100
|move|p2a: Gholdengo|Hex|p1a: Landorus
|-crit|p1a: Landorus
|-damage|p1a: Landorus|0 fnt
|faint|p1a: Landorus
|
|upkeep
|-message|Minytank forfeited.
|
|win|Chief_Ironside
|raw|Minytank's rating: 1390 &rarr; <strong>1369</strong><br />(-21 for losing)
|raw|Chief_Ironside's rating: 1364 &rarr; <strong>1385</strong><br />(+21 for winning)
|l|☆Minytank
|player|p1|
|l|☆Chief_Ironside
|player|p2|
