|j|☆cynthiafan#6769
|j|☆Slouchsquatch
|t:|1760839937
|gametype|singles
|player|p1|cynthiafan#6769|102|1227
|player|p2|Slouchsquatch|harlequin|1198
|gen|9
|tier|[Gen 9] OU
|rated|
|rule|HP Percentage Mod: HP is shown in percentages
|rule|Endless Battle Clause: Forcing endless battles is banned
|rule|Species Clause: Limit one of each Pokémon
|rule|OHKO Clause: OHKO moves are banned
|rule|Evasion Items Clause: Evasion items are banned
|rule|Evasion Moves Clause: Evasion moves are banned
|rule|Evasion Abilities Clause: Evasion abilities are banned
|rule|Sleep Moves Clause: Sleep-inducing moves are banned
|clearpoke
|poke|p1|Great Tusk|
|poke|p1|Ogerpon-Wellspring, F|
|poke|p1|Scizor, M|
|poke|p1|Kingambit, M|
|poke|p1|Iron Valiant|
|poke|p1|Slowking-Galar, M|
|poke|p2|Scizor, M|
|poke|p2|Ceruledge, M|
|poke|p2|Murkrow, M|
|poke|p2|Glimmora, F|
|poke|p2|Samurott-Hisui, M|
|poke|p2|Excadrill, F|
|teampreview
|
|t:|1760839943
|teamsize|p1|6
|teamsize|p2|6
|start
|switch|p1a: Great Tusk|Great Tusk, shiny|100/100
|switch|p2a: Glimmora|Glimmora, F|100/100
|turn|1
|
|t:|1760839960
|move|p1a: Great Tusk|Headlong Rush|p2a: Glimmora
|-supereffective|p2a: Glimmora
|-enditem|p2a: Glimmora|Focus Sash
|-damage|p2a: Glimmora|1/100
|-unboost|p1a: Great Tusk|def|1
|-unboost|p1a: Great Tusk|spd|1
|-activate|p2a: Glimmora|ability: Toxic Debris
|-sidestart|p1: cynthiafan#6769|move: Toxic Spikes
|move|p2a: Glimmora|Mortal Spin|p1a: Great Tusk
|-resisted|p1a: Great Tusk
|-damage|p1a: Great Tusk|97/100
|-status|p1a: Great Tusk|psn
|
|-heal|p1a: Great Tusk|100/100 psn|[from] item: Leftovers
|-damage|p1a: Great Tusk|88/100 psn|[from] psn
|upkeep
|turn|2
|
|t:|1760839985
|switch|p2a: Murkrow|Murkrow, M, shiny|100/100
|move|p1a: Great Tusk|Headlong Rush|p2a: Murkrow
|-immune|p2a: Murkrow
|
|-heal|p1a: Great Tusk|94/100 psn|[from] item: Leftovers
|-damage|p1a: Great Tusk|82/100 psn|[from] psn
|upkeep
|turn|3
|
|t:|1760840002
|move|p2a: Murkrow|Hurricane|p1a: Great Tusk|[miss]
|-miss|p2a: Murkrow|p1a: Great Tusk
|move|p1a: Great Tusk|Ice Spinner|p2a: Murkrow
|-supereffective|p2a: Murkrow
|-damage|p2a: Murkrow|12/100
|
|-heal|p1a: Great Tusk|88/100 psn|[from] item: Leftovers
|-damage|p1a: Great Tusk|76/100 psn|[from] psn
|upkeep
|turn|4
|
|t:|1760840005
|move|p2a: Murkrow|Hurricane|p1a: Great Tusk
|-supereffective|p1a: Great Tusk
|-damage|p1a: Great Tusk|0 fnt
|faint|p1a: Great Tusk
|-end|p1a: Great Tusk|Protosynthesis|[silent]
|
|upkeep
|
|t:|1760840007
|switch|p1a: Scizor|Scizor, M|100/100
|turn|5
|
|t:|1760840027
|move|p2a: Murkrow|Hurricane|p1a: Scizor
|-damage|p1a: Scizor|45/100
|-start|p1a: Scizor|confusion
|-activate|p1a: Scizor|confusion
|move|p1a: Scizor|Swords Dance|p1a: Scizor
|-boost|p1a: Scizor|atk|2
|
|upkeep
|turn|6
|
|t:|1760840035
|-activate|p1a: Scizor|confusion
|-damage|p1a: Scizor|13/100|[from] confusion
|move|p2a: Murkrow|Hurricane|p1a: Scizor
|-damage|p1a: Scizor|0 fnt
|faint|p1a: Scizor
|
|upkeep
|-message|cynthiafan#6769 forfeited.
|
|win|Slouchsquatch
|raw|cynthiafan#6769's rating: 1227 &rarr; <strong>1200</strong><br />(-27 for losing)
|raw|Slouchsquatch's rating: 1198 &rarr; <strong>1225</strong><br />(+27 for winning)
|l|☆cynthiafan#6769
|player|p1|
|l|☆Slouchsquatch
|player|p2|
