|j|☆eggwithswag
|j|☆diegoluquechaves
|t:|1760791730
|gametype|singles
|player|p1|eggwithswag|lance|1321
|player|p2|diegoluquechaves|102|1345
|gen|9
|tier|[Gen 9] OU
|rated|
|rule|HP Percentage Mod: HP is shown in percentages
|rule|Endless Battle Clause: Forcing endless battles is banned
|rule|Species Clause: Limit one of each Pokémon
|rule|OHKO Clause: OHKO moves are banned
|rule|Evasion Items Clause: Evasion items are banned
|rule|Evasion Moves Clause: Evasion moves are banned
|rule|Evasion Abilities Clause: Evasion abilities are banned
|rule|Sleep Moves Clause: Sleep-inducing moves are banned
|clearpoke
|poke|p1|Hatterene, F|
|poke|p1|Tyranitar, M|
|poke|p1|Excadrill, F|
|poke|p1|Dragapult, F|
|poke|p1|Landorus-Therian, M|
|poke|p1|Ogerpon-Wellspring, F|
|poke|p2|Hatterene, F|
|poke|p2|Spiritomb, M|
|poke|p2|Ursaluna, F|
|poke|p2|Exeggutor-Alola, M|
|poke|p2|Torkoal, F|
|poke|p2|Slither Wing|
|teampreview
|inactive|Battle timer is ON: inactive players will automatically lose when time's up. (requested by eggwithswag)
|inactive|diegoluquechaves has 120 seconds left.
|
|t:|1760791769
|teamsize|p1|6
|teamsize|p2|6
|start
|switch|p1a: Hatterene|Hatterene, F|100/100
|switch|p2a: Exeggutor|Exeggutor-Alola, M|100/100
|turn|1
|
|t:|1760791783
|move|p1a: Hatterene|Draining Kiss|p2a: Exeggutor
|-supereffective|p2a: Exeggutor
|-damage|p2a: Exeggutor|36/100
|-enditem|p2a: Exeggutor|Sitrus Berry|[eat]
|-heal|p2a: Exeggutor|61/100|[from] item: Sitrus Berry
|move|p2a: Exeggutor|Calm Mind|p2a: Exeggutor
|-boost|p2a: Exeggutor|spa|1
|-boost|p2a: Exeggutor|spd|1
|
|upkeep
|turn|2
|
|t:|1760791798
|move|p1a: Hatterene|Mystical Fire|p2a: Exeggutor
|-damage|p2a: Exeggutor|41/100
|-unboost|p2a: Exeggutor|spa|1
|move|p2a: Exeggutor|Trick Room|p2a: Exeggutor
|-fieldstart|move: Trick Room|[of] p2a: Exeggutor
|
|upkeep
|turn|3
|
|t:|1760791808
|move|p2a: Exeggutor|Giga Drain|p1a: Hatterene
|-damage|p1a: Hatterene|59/100
|-heal|p2a: Exeggutor|61/100|[from] drain|[of] p1a: Hatterene
|move|p1a: Hatterene|Draining Kiss|p2a: Exeggutor
|-supereffective|p2a: Exeggutor
|-crit|p2a: Exeggutor
|-damage|p2a: Exeggutor|0 fnt
|-heal|p1a: Hatterene|100/100|[from] drain|[of] p2a: Exeggutor
|faint|p2a: Exeggutor
|
|upkeep
|
|t:|1760791825
|switch|p2a: Ursaluna|Ursaluna, F|100/100
|turn|4
|
|t:|1760791836
|move|p1a: Hatterene|Psychic Noise|p2a: Ursaluna
|-damage|p2a: Ursaluna|68/100
|-start|p2a: Ursaluna|move: Heal Block
|move|p2a: Ursaluna|Ice Punch|p1a: Hatterene
|-crit|p1a: Hatterene
|-damage|p1a: Hatterene|62/100
|-damage|p2a: Ursaluna|51/100|[from] item: Rocky Helmet|[of] p1a: Hatterene
|
|-status|p2a: Ursaluna|brn|[from] item: Flame Orb
|upkeep
|turn|5
|j| aivistlolop
|
|t:|1760791848
|move|p1a: Hatterene|Psychic Noise|p2a: Ursaluna
|-damage|p2a: Ursaluna|16/100 brn
|move|p2a: Ursaluna|Facade|p1a: Hatterene
|-crit|p1a: Hatterene
|-damage|p1a: Hatterene|0 fnt
|-damage|p2a: Ursaluna|0 fnt|[from] item: Rocky Helmet|[of] p1a: Hatterene
|faint|p1a: Hatterene
|faint|p2a: Ursaluna
|
|upkeep
|
|t:|1760791870
|switch|p1a: Tyranitar|Tyranitar, M|100/100
|switch|p2a: Slither Wing|Slither Wing|100/100
|-weather|Sandstorm|[from] ability: Sand Stream|[of] p1a: Tyranitar
|turn|6
|
|t:|1760791879
|switch|p1a: Landorus|Landorus-Therian, M|100/100
|-ability|p1a: Landorus|Intimidate|boost
|-unboost|p2a: Slither Wing|atk|1
|move|p2a: Slither Wing|Close Combat|p1a: Landorus
|-resisted|p1a: Landorus
|-damage|p1a: Landorus|83/100
|-unboost|p2a: Slither Wing|def|1
|-unboost|p2a: Slither Wing|spd|1
|
|-weather|Sandstorm|[upkeep]
|-damage|p2a: Slither Wing|94/100|[from] Sandstorm
|-fieldend|move: Trick Room
|upkeep
|turn|7
|
|t:|1760791892
|-end|p2a: Slither Wing|Protosynthesis|[silent]
|switch|p2a: Hatterene|Hatterene, F|100/100
|move|p1a: Landorus|Stone Edge|p2a: Hatterene
|-damage|p2a: Hatterene|65/100
|
|-weather|Sandstorm|[upkeep]
|-damage|p2a: Hatterene|59/100|[from] Sandstorm
|-heal|p2a: Hatterene|65/100|[from] item: Leftovers
|upkeep
|turn|8
|
|t:|1760791910
|-terastallize|p1a: Landorus|Ground
|move|p1a: Landorus|Earthquake|p2a: Hatterene
|-damage|p2a: Hatterene|0 fnt
|faint|p2a: Hatterene
|
|-weather|Sandstorm|[upkeep]
|upkeep
|
|t:|1760791919
|switch|p2a: Spiritomb|Spiritomb, M|100/100
|-ability|p2a: Spiritomb|Pressure
|turn|9
|
|t:|1760791927
|switch|p1a: Tyranitar|Tyranitar, M|100/100
|move|p2a: Spiritomb|Trick Room|p2a: Spiritomb
|-fieldstart|move: Trick Room|[of] p2a: Spiritomb
|
|-weather|Sandstorm|[upkeep]
|-damage|p2a: Spiritomb|94/100|[from] Sandstorm
|upkeep
|turn|10
|
|t:|1760791936
|move|p2a: Spiritomb|Will-O-Wisp|p1a: Tyranitar|[miss]
|-miss|p2a: Spiritomb|p1a: Tyranitar
|move|p1a: Tyranitar|Knock Off|p2a: Spiritomb
|-damage|p2a: Spiritomb|52/100
|-enditem|p2a: Spiritomb|Focus Sash|[from] move: Knock Off|[of] p1a: Tyranitar
|
|-weather|Sandstorm|[upkeep]
|-damage|p2a: Spiritomb|46/100|[from] Sandstorm
|upkeep
|turn|11
|-message|diegoluquechaves forfeited.
|
|win|eggwithswag
|raw|eggwithswag's rating: 1321 &rarr; <strong>1342</strong><br />(+21 for winning)
|raw|diegoluquechaves's rating: 1345 &rarr; <strong>1324</strong><br />(-21 for losing)
|l|☆diegoluquechaves
|player|p2|
|l|☆eggwithswag
|player|p1|
