|j|☆Pig Perfect
|j|☆Dubyaz13
|t:|1760791874
|gametype|singles
|player|p1|Pig Perfect|workerice|1468
|player|p2|Dubyaz13|101|1483
|gen|9
|tier|[Gen 9] OU
|rated|
|rule|HP Percentage Mod: HP is shown in percentages
|rule|Endless Battle Clause: Forcing endless battles is banned
|rule|Species Clause: Limit one of each Pokémon
|rule|OHKO Clause: OHKO moves are banned
|rule|Evasion Items Clause: Evasion items are banned
|rule|Evasion Moves Clause: Evasion moves are banned
|rule|Evasion Abilities Clause: Evasion abilities are banned
|rule|Sleep Moves Clause: Sleep-inducing moves are banned
|clearpoke
|poke|p1|Alomomola, F|
|poke|p1|Goodra-Hisui, F|
|poke|p1|Great Tusk|
|poke|p1|Magnezone|
|poke|p1|Pecharunt|
|poke|p1|Rillaboom, F|
|poke|p2|Primarina, M|
|poke|p2|Iron Treads|
|poke|p2|Lokix, M|
|poke|p2|Kingdra, M|
|poke|p2|Pelipper, M|
|poke|p2|Toxicroak, M|
|teampreview
|inactive|Battle timer is ON: inactive players will automatically lose when time's up. (requested by Dubyaz13)
|
|t:|1760791897
|teamsize|p1|6
|teamsize|p2|6
|start
|switch|p1a: Steel MagnZolias|Magnezone|100/100
|switch|p2a: Pelipper|Pelipper, M|100/100
|-weather|RainDance|[from] ability: Drizzle|[of] p2a: Pelipper
|turn|1
|l|☆Dubyaz13
|inactive|Dubyaz13 disconnected and has a minute to reconnect!
|player|p2|
|j|☆Dubyaz13
|inactive|Dubyaz13 reconnected and has 125 seconds left.
|player|p2|Dubyaz13|101|
|inactive|Dubyaz13 has 120 seconds left.
|
|t:|1760791928
|switch|p2a: Iron Treads|Iron Treads|100/100
|move|p1a: Steel MagnZolias|Steel Beam|p2a: Iron Treads
|-resisted|p2a: Iron Treads
|-damage|p2a: Iron Treads|0 fnt
|-damage|p1a: Steel MagnZolias|50/100|[from] steelbeam
|faint|p2a: Iron Treads
|-end|p2a: Iron Treads|Quark Drive|[silent]
|
|-weather|RainDance|[upkeep]
|upkeep
|inactive|Dubyaz13 has 120 seconds left.
|
|t:|1760791933
|switch|p2a: Kingdra|Kingdra, M|100/100
|turn|2
|
|t:|1760791950
|switch|p1a: Garold Snail|Goodra-Hisui, F|100/100
|move|p2a: Kingdra|Draco Meteor|p1a: Garold Snail
|-damage|p1a: Garold Snail|67/100
|-unboost|p2a: Kingdra|spa|2
|
|-weather|RainDance|[upkeep]
|upkeep
|turn|3
|
|t:|1760791959
|switch|p2a: Toxicroak|Toxicroak, M|100/100
|move|p1a: Garold Snail|Knock Off|p2a: Toxicroak
|-resisted|p2a: Toxicroak
|-damage|p2a: Toxicroak|92/100
|-damage|p1a: Garold Snail|50/100|[from] item: Rocky Helmet|[of] p2a: Toxicroak
|-enditem|p2a: Toxicroak|Rocky Helmet|[from] move: Knock Off|[of] p1a: Garold Snail
|
|-weather|RainDance|[upkeep]
|-heal|p2a: Toxicroak|100/100|[from] ability: Dry Skin
|upkeep
|turn|4
|
|t:|1760791968
|switch|p1a: Put on some pads|Pecharunt|100/100
|move|p2a: Toxicroak|Knock Off|p1a: Put on some pads
|-supereffective|p1a: Put on some pads
|-damage|p1a: Put on some pads|70/100
|-enditem|p1a: Put on some pads|Heavy-Duty Boots|[from] move: Knock Off|[of] p2a: Toxicroak
|
|-weather|RainDance|[upkeep]
|upkeep
|turn|5
|
|t:|1760791982
|switch|p2a: Kingdra|Kingdra, M|100/100
|move|p1a: Put on some pads|Parting Shot|p2a: Kingdra
|-unboost|p2a: Kingdra|atk|1
|-unboost|p2a: Kingdra|spa|1
|
|t:|1760791990
|switch|p1a: Not quite my tempo|Rillaboom, F|100/100|[from] Parting Shot
|-fieldstart|move: Grassy Terrain|[from] ability: Grassy Surge|[of] p1a: Not quite my tempo
|
|-weather|RainDance|[upkeep]
|upkeep
|turn|6
|
|t:|1760791997
|switch|p2a: Toxicroak|Toxicroak, M|100/100
|move|p1a: Not quite my tempo|Swords Dance|p1a: Not quite my tempo
|-boost|p1a: Not quite my tempo|atk|2
|
|-weather|RainDance|[upkeep]
|upkeep
|turn|7
|
|t:|1760792003
|-terastallize|p1a: Not quite my tempo|Grass
|move|p1a: Not quite my tempo|Wood Hammer|p2a: Toxicroak
|-resisted|p2a: Toxicroak
|-damage|p2a: Toxicroak|0 fnt
|faint|p2a: Toxicroak
|-damage|p1a: Not quite my tempo|65/100|[from] Recoil
|
|-weather|RainDance|[upkeep]
|-heal|p1a: Not quite my tempo|71/100|[from] Grassy Terrain
|upkeep
|
|t:|1760792009
|switch|p2a: Lokix|Lokix, M|100/100
|turn|8
|
|t:|1760792016
|switch|p1a: Bepto Pismola|Alomomola, F|100/100
|move|p2a: Lokix|First Impression|p1a: Bepto Pismola
|-damage|p1a: Bepto Pismola|65/100
|
|-weather|none
|-heal|p1a: Bepto Pismola|71/100|[from] Grassy Terrain
|upkeep
|turn|9
|
|t:|1760792022
|switch|p2a: Pelipper|Pelipper, M|100/100
|-weather|RainDance|[from] ability: Drizzle|[of] p2a: Pelipper
|move|p1a: Bepto Pismola|Flip Turn|p2a: Pelipper
|-resisted|p2a: Pelipper
|-crit|p2a: Pelipper
|-damage|p2a: Pelipper|80/100
|
|t:|1760792024
|switch|p1a: Not quite my tempo|Rillaboom, F, tera:Grass|71/100|[from] Flip Turn
|
|-weather|RainDance|[upkeep]
|-heal|p1a: Not quite my tempo|77/100|[from] Grassy Terrain
|-fieldend|move: Grassy Terrain
|upkeep
|turn|10
|
|t:|1760792028
|move|p1a: Not quite my tempo|Wood Hammer|p2a: Pelipper
|-damage|p2a: Pelipper|0 fnt
|faint|p2a: Pelipper
|-damage|p1a: Not quite my tempo|52/100|[from] Recoil
|
|-weather|RainDance|[upkeep]
|upkeep
|
|t:|1760792034
|switch|p2a: Lokix|Lokix, M|100/100
|turn|11
|
|t:|1760792036
|switch|p1a: Bepto Pismola|Alomomola, F|100/100
|move|p2a: Lokix|U-turn|p1a: Bepto Pismola
|-damage|p1a: Bepto Pismola|73/100
|
|t:|1760792038
|switch|p2a: Kingdra|Kingdra, M|100/100|[from] U-turn
|
|-weather|RainDance|[upkeep]
|upkeep
|turn|12
|
|t:|1760792041
|-terastallize|p2a: Kingdra|Dragon
|move|p1a: Bepto Pismola|Protect|p1a: Bepto Pismola
|-singleturn|p1a: Bepto Pismola|Protect
|move|p2a: Kingdra|Dragon Pulse|p1a: Bepto Pismola
|-activate|p1a: Bepto Pismola|move: Protect
|
|-weather|RainDance|[upkeep]
|upkeep
|turn|13
|
|t:|1760792047
|switch|p1a: Steel MagnZolias|Magnezone|50/100
|move|p2a: Kingdra|Dragon Pulse|p1a: Steel MagnZolias
|-resisted|p1a: Steel MagnZolias
|-damage|p1a: Steel MagnZolias|5/100
|
|-weather|RainDance|[upkeep]
|upkeep
|turn|14
|
|t:|1760792054
|move|p2a: Kingdra|Dragon Pulse|p1a: Steel MagnZolias
|-resisted|p1a: Steel MagnZolias
|-damage|p1a: Steel MagnZolias|0 fnt
|faint|p1a: Steel MagnZolias
|
|-weather|RainDance|[upkeep]
|upkeep
|
|t:|1760792057
|switch|p1a: Garold Snail|Goodra-Hisui, F|50/100
|turn|15
|
|t:|1760792060
|move|p2a: Kingdra|Dragon Pulse|p1a: Garold Snail
|-damage|p1a: Garold Snail|20/100
|move|p1a: Garold Snail|Draco Meteor|p2a: Kingdra
|-supereffective|p2a: Kingdra
|-damage|p2a: Kingdra|0 fnt
|-unboost|p1a: Garold Snail|spa|2
|faint|p2a: Kingdra
|
|-weather|RainDance|[upkeep]
|upkeep
|
|t:|1760792064
|switch|p2a: Lokix|Lokix, M|100/100
|turn|16
|
|t:|1760792068
|switch|p1a: Bepto Pismola|Alomomola, F|100/100
|move|p2a: Lokix|Knock Off|p1a: Bepto Pismola
|-damage|p1a: Bepto Pismola|62/100
|-enditem|p1a: Bepto Pismola|Heavy-Duty Boots|[from] move: Knock Off|[of] p2a: Lokix
|
|-weather|none
|upkeep
|turn|17
|
|t:|1760792073
|move|p2a: Lokix|Knock Off|p1a: Bepto Pismola
|-damage|p1a: Bepto Pismola|35/100
|move|p1a: Bepto Pismola|Flip Turn|p2a: Lokix
|-damage|p2a: Lokix|77/100
|
|t:|1760792078
|switch|p1a: Don Dreidel|Great Tusk|100/100|[from] Flip Turn
|
|upkeep
|turn|18
|
|t:|1760792083
|switch|p2a: Primarina|Primarina, M|100/100
|move|p1a: Don Dreidel|Headlong Rush|p2a: Primarina
|-damage|p2a: Primarina|15/100
|-unboost|p1a: Don Dreidel|def|1
|-unboost|p1a: Don Dreidel|spd|1
|
|-heal|p2a: Primarina|21/100|[from] item: Leftovers
|upkeep
|turn|19
|-message|Dubyaz13 forfeited.
|
|win|Pig Perfect
|raw|Pig Perfect's rating: 1468 &rarr; <strong>1489</strong><br />(+21 for winning)
|raw|Dubyaz13's rating: 1483 &rarr; <strong>1462</strong><br />(-21 for losing)
|l|☆Dubyaz13
|player|p2|
|l|☆Pig Perfect
|player|p1|
