|j|☆cinderace112000
|j|☆Charle_phate
|t:|1760759945
|gametype|singles
|player|p1|cinderace112000|266|1096
|player|p2|Charle_phate|blue|1157
|gen|9
|tier|[Gen 9] OU
|rated|
|rule|HP Percentage Mod: HP is shown in percentages
|rule|Endless Battle Clause: Forcing endless battles is banned
|rule|Species Clause: Limit one of each Pokémon
|rule|OHKO Clause: OHKO moves are banned
|rule|Evasion Items Clause: Evasion items are banned
|rule|Evasion Moves Clause: Evasion moves are banned
|rule|Evasion Abilities Clause: Evasion abilities are banned
|rule|Sleep Moves Clause: Sleep-inducing moves are banned
|clearpoke
|poke|p1|Dragapult, M|
|poke|p1|Thundurus-Therian, M|
|poke|p1|Milotic, F|
|poke|p1|Cinderace, M|
|poke|p1|Serperior, F|
|poke|p1|Vikavolt, M|
|poke|p2|Serperior, M|
|poke|p2|Rotom-Wash|
|poke|p2|Zapdos|
|poke|p2|Heatran, F|
|poke|p2|Clefable, F|
|poke|p2|Landorus-Therian, M|
|teampreview
|
|t:|1760759952
|teamsize|p1|6
|teamsize|p2|6
|start
|switch|p1a: Vikavolt|Vikavolt, M, shiny|100/100
|switch|p2a: Rotom|Rotom-Wash|100/100
|turn|1
|inactive|Battle timer is ON: inactive players will automatically lose when time's up. (requested by cinderace112000)
|
|t:|1760759977
|move|p2a: Rotom|Will-O-Wisp|p1a: Vikavolt
|-status|p1a: Vikavolt|brn
|move|p1a: Vikavolt|Energy Ball|p2a: Rotom
|-supereffective|p2a: Rotom
|-damage|p2a: Rotom|41/100
|
|-heal|p2a: Rotom|48/100|[from] item: Leftovers
|-damage|p1a: Vikavolt|94/100 brn|[from] brn
|upkeep
|turn|2
|inactive|Charle_phate has 120 seconds left.
|
|t:|1760760009
|move|p2a: Rotom|Charge Beam|p1a: Vikavolt
|-resisted|p1a: Vikavolt
|-damage|p1a: Vikavolt|84/100 brn
|-boost|p2a: Rotom|spa|1
|move|p1a: Vikavolt|Sticky Web|p2a: Rotom
|-sidestart|p2: Charle_phate|move: Sticky Web
|
|-heal|p2a: Rotom|54/100|[from] item: Leftovers
|-damage|p1a: Vikavolt|78/100 brn|[from] brn
|upkeep
|turn|3
|inactive|Charle_phate has 120 seconds left.
|inactive|Charle_phate has 90 seconds left.
|
|t:|1760760063
|move|p2a: Rotom|Charge Beam|p1a: Vikavolt
|-resisted|p1a: Vikavolt
|-damage|p1a: Vikavolt|62/100 brn
|move|p1a: Vikavolt|Energy Ball|p2a: Rotom
|-supereffective|p2a: Rotom
|-damage|p2a: Rotom|0 fnt
|faint|p2a: Rotom
|
|-damage|p1a: Vikavolt|56/100 brn|[from] brn
|upkeep
|
|t:|1760760083
|switch|p2a: Zapdos|Zapdos|100/100
|turn|4
|
|t:|1760760088
|move|p2a: Zapdos|Ancient Power|p1a: Vikavolt
|-supereffective|p1a: Vikavolt
|-damage|p1a: Vikavolt|0 fnt
|faint|p1a: Vikavolt
|
|upkeep
|
|t:|1760760101
|switch|p1a: Dragapult|Dragapult, M, shiny|100/100
|turn|5
|
|t:|1760760111
|move|p1a: Dragapult|Phantom Force||[still]
|-prepare|p1a: Dragapult|Phantom Force
|move|p2a: Zapdos|Discharge|p1a: Dragapult|[miss]
|-miss|p2a: Zapdos|p1a: Dragapult
|
|upkeep
|turn|6
|
|t:|1760760118
|move|p1a: Dragapult|Phantom Force|p2a: Zapdos|[from] lockedmove
|-damage|p2a: Zapdos|50/100
|-status|p1a: Dragapult|par|[from] ability: Static|[of] p2a: Zapdos
|move|p2a: Zapdos|Roost|p2a: Zapdos
|-heal|p2a: Zapdos|99/100
|-singleturn|p2a: Zapdos|move: Roost
|
|upkeep
|turn|7
|inactive|Charle_phate has 90 seconds left.
|
|t:|1760760128
|switch|p1a: Cinderace|Cinderace, M|100/100
|move|p2a: Zapdos|Ancient Power|p1a: Cinderace
|-supereffective|p1a: Cinderace
|-damage|p1a: Cinderace|33/100
|
|upkeep
|turn|8
|
|t:|1760760134
|move|p1a: Cinderace|Court Change|p1a: Cinderace
|-start|p1a: Cinderace|typechange|Normal|[from] ability: Libero
|-swapsideconditions
|-activate|p1a: Cinderace|move: Court Change
|move|p2a: Zapdos|Ancient Power|p1a: Cinderace
|-damage|p1a: Cinderace|0 fnt
|faint|p1a: Cinderace
|
|upkeep
|
|t:|1760760143
|switch|p1a: Dragapult|Dragapult, M, shiny|100/100 par
|-activate|p1a: Dragapult|move: Sticky Web
|-fail|p1a: Dragapult|unboost|[from] ability: Clear Body|[of] p1a: Dragapult
|turn|9
|
|t:|1760760153
|move|p2a: Zapdos|Ancient Power|p1a: Dragapult
|-damage|p1a: Dragapult|72/100 par
|move|p1a: Dragapult|Phantom Force||[still]
|-prepare|p1a: Dragapult|Phantom Force
|
|upkeep
|turn|10
|
|t:|1760760158
|move|p2a: Zapdos|Roost|p2a: Zapdos
|-heal|p2a: Zapdos|100/100
|-singleturn|p2a: Zapdos|move: Roost
|move|p1a: Dragapult|Phantom Force|p2a: Zapdos|[from] lockedmove
|-damage|p2a: Zapdos|49/100
|
|upkeep
|turn|11
|
|t:|1760760166
|move|p2a: Zapdos|Ancient Power|p1a: Dragapult
|-damage|p1a: Dragapult|39/100 par
|move|p1a: Dragapult|Dragon Darts|p2a: Zapdos
|-damage|p2a: Zapdos|21/100
|-anim|p1a: Dragapult|Dragon Darts|p2a: Zapdos
|-damage|p2a: Zapdos|0 fnt
|faint|p2a: Zapdos
|
|upkeep
|inactive|Charle_phate has 120 seconds left.
|
|t:|1760760172
|switch|p2a: Heatran|Heatran, F|100/100
|turn|12
|
|t:|1760760181
|cant|p1a: Dragapult|par
|move|p2a: Heatran|Substitute|p2a: Heatran
|-start|p2a: Heatran|Substitute
|-damage|p2a: Heatran|76/100
|
|-heal|p2a: Heatran|82/100|[from] item: Leftovers
|upkeep
|turn|13
|
|t:|1760760191
|move|p1a: Dragapult|U-turn|p2a: Heatran
|-resisted|p2a: Heatran
|-activate|p2a: Heatran|move: Substitute|[damage]
|
|t:|1760760195
|switch|p1a: Milotic|Milotic, F|100/100|[from] U-turn
|-activate|p1a: Milotic|move: Sticky Web
|-unboost|p1a: Milotic|spe|1
|-ability|p1a: Milotic|Competitive|boost
|-boost|p1a: Milotic|spa|2
|move|p2a: Heatran|Ancient Power|p1a: Milotic
|-damage|p1a: Milotic|87/100
|
|-heal|p2a: Heatran|88/100|[from] item: Leftovers
|upkeep
|turn|14
|
|t:|1760760211
|move|p2a: Heatran|Ancient Power|p1a: Milotic
|-damage|p1a: Milotic|71/100
|move|p1a: Milotic|Scald|p2a: Heatran
|-supereffective|p2a: Heatran
|-end|p2a: Heatran|Substitute
|
|-heal|p2a: Heatran|94/100|[from] item: Leftovers
|upkeep
|turn|15
|
|t:|1760760221
|switch|p2a: Serperior|Serperior, M|100/100
|move|p1a: Milotic|Scald|p2a: Serperior
|-resisted|p2a: Serperior
|-damage|p2a: Serperior|53/100
|-status|p2a: Serperior|brn
|
|-heal|p2a: Serperior|59/100 brn|[from] item: Leftovers
|-damage|p2a: Serperior|53/100 brn|[from] brn
|upkeep
|turn|16
|
|t:|1760760234
|move|p2a: Serperior|Substitute|p2a: Serperior
|-start|p2a: Serperior|Substitute
|-damage|p2a: Serperior|28/100 brn
|move|p1a: Milotic|Ice Beam|p2a: Serperior
|-supereffective|p2a: Serperior
|-end|p2a: Serperior|Substitute
|
|-heal|p2a: Serperior|34/100 brn|[from] item: Leftovers
|-damage|p2a: Serperior|28/100 brn|[from] brn
|upkeep
|turn|17
|
|t:|1760760247
|move|p2a: Serperior|Leech Seed|p1a: Milotic
|-start|p1a: Milotic|move: Leech Seed
|move|p1a: Milotic|Ice Beam|p2a: Serperior
|-supereffective|p2a: Serperior
|-damage|p2a: Serperior|0 fnt
|faint|p2a: Serperior
|
|upkeep
|
|t:|1760760251
|switch|p2a: Clefable|Clefable, F|100/100
|turn|18
|
|t:|1760760266
|switch|p1a: Thundurus|Thundurus-Therian, M|100/100
|move|p2a: Clefable|Calm Mind|p2a: Clefable
|-boost|p2a: Clefable|spa|1
|-boost|p2a: Clefable|spd|1
|
|upkeep
|turn|19
|
|t:|1760760272
|move|p1a: Thundurus|Flash Cannon|p2a: Clefable
|-supereffective|p2a: Clefable
|-damage|p2a: Clefable|67/100
|move|p2a: Clefable|Calm Mind|p2a: Clefable
|-boost|p2a: Clefable|spa|1
|-boost|p2a: Clefable|spd|1
|
|-heal|p2a: Clefable|73/100|[from] item: Leftovers
|upkeep
|turn|20
|
|t:|1760760286
|move|p1a: Thundurus|Flash Cannon|p2a: Clefable
|-supereffective|p2a: Clefable
|-damage|p2a: Clefable|48/100
|move|p2a: Clefable|Calm Mind|p2a: Clefable
|-boost|p2a: Clefable|spa|1
|-boost|p2a: Clefable|spd|1
|
|-heal|p2a: Clefable|54/100|[from] item: Leftovers
|upkeep
|turn|21
|
|t:|1760760295
|switch|p1a: Dragapult|Dragapult, M, shiny|39/100 par
|-activate|p1a: Dragapult|move: Sticky Web
|-fail|p1a: Dragapult|unboost|[from] ability: Clear Body|[of] p1a: Dragapult
|move|p2a: Clefable|Draining Kiss|p1a: Dragapult
|-supereffective|p1a: Dragapult
|-damage|p1a: Dragapult|0 fnt
|-heal|p2a: Clefable|78/100|[from] drain|[of] p1a: Dragapult
|faint|p1a: Dragapult
|
|-heal|p2a: Clefable|84/100|[from] item: Leftovers
|upkeep
|-message|cinderace112000 forfeited.
|
|win|Charle_phate
|raw|cinderace112000's rating: 1096 &rarr; <strong>1078</strong><br />(-18 for losing)
|raw|Charle_phate's rating: 1184 &rarr; <strong>1203</strong><br />(+19 for winning)
|l|☆cinderace112000
|player|p1|
|l|☆Charle_phate
|player|p2|
