|badge|p2|silver|gen9randombattle|30-7
|uhtml|medal-msg|<div class="broadcast-blue">Curious what those medals under the avatar are? PS now has Ladder Seasons! For more information, check out the <a href="https://www.smogon.com/forums/threads/3740067/">thread on Smogon.</a></div>
|j|‽deadlockedtheory
|j|☆phantasmiccat
|t:|1760763989
|gametype|singles
|player|p1|deadlockedtheory|169|1581
|player|p2|phantasmiccat|miku-grass|1663
|gen|9
|tier|[Gen 9] OU
|rated|
|rule|HP Percentage Mod: HP is shown in percentages
|rule|Endless Battle Clause: Forcing endless battles is banned
|rule|Species Clause: Limit one of each Pokémon
|rule|OHKO Clause: OHKO moves are banned
|rule|Evasion Items Clause: Evasion items are banned
|rule|Evasion Moves Clause: Evasion moves are banned
|rule|Evasion Abilities Clause: Evasion abilities are banned
|rule|Sleep Moves Clause: Sleep-inducing moves are banned
|clearpoke
|poke|p1|Lokix, F|
|poke|p1|Cinderace, F|
|poke|p1|Great Tusk|
|poke|p1|Alomomola, M|
|poke|p1|Enamorus, F|
|poke|p1|Slowking-Galar, F|
|poke|p2|Iron Crown|
|poke|p2|Dragonite, M|
|poke|p2|Great Tusk|
|poke|p2|Ogerpon-Cornerstone, F|
|poke|p2|Cinderace, M|
|poke|p2|Ceruledge, M|
|teampreview
|inactive|Battle timer is ON: inactive players will automatically lose when time's up. (requested by phantasmiccat)
|inactive|phantasmiccat has 120 seconds left.
|inactive|phantasmiccat has 90 seconds left.
|j| Champion reko
|
|t:|1760764056
|teamsize|p1|6
|teamsize|p2|6
|start
|switch|p1a: Lokix|Lokix, F|100/100
|switch|p2a: Cinderace|Cinderace, M|100/100
|turn|1
|
|t:|1760764062
|-terastallize|p1a: Lokix|Bug
|move|p1a: Lokix|First Impression|p2a: Cinderace
|-resisted|p2a: Cinderace
|-enditem|p2a: Cinderace|Focus Sash
|-damage|p2a: Cinderace|1/100
|move|p2a: Cinderace|Pyro Ball|p1a: Lokix
|-supereffective|p1a: Lokix
|-damage|p1a: Lokix|0 fnt
|faint|p1a: Lokix
|
|upkeep
|
|t:|1760764074
|switch|p1a: Alomomola|Alomomola, M|100/100
|turn|2
|
|t:|1760764085
|move|p1a: Alomomola|Aqua Jet|p2a: Cinderace
|-supereffective|p2a: Cinderace
|-damage|p2a: Cinderace|0 fnt
|faint|p2a: Cinderace
|
|upkeep
|
|t:|1760764101
|switch|p2a: Ogerpon|Ogerpon-Cornerstone, F|100/100
|turn|3
|
|t:|1760764105
|move|p2a: Ogerpon|Swords Dance|p2a: Ogerpon
|-boost|p2a: Ogerpon|atk|2
|move|p1a: Alomomola|Flip Turn|p2a: Ogerpon
|-crit|p2a: Ogerpon
|-damage|p2a: Ogerpon|68/100
|
|t:|1760764113
|switch|p1a: Cinderace|Cinderace, F|100/100|[from] Flip Turn
|
|upkeep
|turn|4
|
|t:|1760764122
|move|p1a: Cinderace|Will-O-Wisp|p2a: Ogerpon
|-status|p2a: Ogerpon|brn
|move|p2a: Ogerpon|Ivy Cudgel|p1a: Cinderace|[anim] Ivy Cudgel Rock
|-supereffective|p1a: Cinderace
|-damage|p1a: Cinderace|0 fnt
|faint|p1a: Cinderace
|
|-damage|p2a: Ogerpon|62/100 brn|[from] brn
|upkeep
|
|t:|1760764130
|switch|p1a: Great Tusk|Great Tusk|100/100
|turn|5
|
|t:|1760764132
|move|p2a: Ogerpon|Horn Leech|p1a: Great Tusk
|-supereffective|p1a: Great Tusk
|-damage|p1a: Great Tusk|53/100
|-heal|p2a: Ogerpon|97/100 brn|[from] drain|[of] p1a: Great Tusk
|move|p1a: Great Tusk|Bulk Up|p1a: Great Tusk
|-boost|p1a: Great Tusk|atk|1
|-boost|p1a: Great Tusk|def|1
|
|-heal|p1a: Great Tusk|59/100|[from] item: Leftovers
|-damage|p2a: Ogerpon|91/100 brn|[from] brn
|upkeep
|turn|6
|
|t:|1760764142
|move|p2a: Ogerpon|Horn Leech|p1a: Great Tusk
|-supereffective|p1a: Great Tusk
|-damage|p1a: Great Tusk|30/100
|-heal|p2a: Ogerpon|100/100 brn|[from] drain|[of] p1a: Great Tusk
|move|p1a: Great Tusk|Earthquake|p2a: Ogerpon
|-damage|p2a: Ogerpon|15/100 brn
|
|-heal|p1a: Great Tusk|36/100|[from] item: Leftovers
|-damage|p2a: Ogerpon|9/100 brn|[from] brn
|upkeep
|turn|7
|
|t:|1760764151
|move|p2a: Ogerpon|Horn Leech|p1a: Great Tusk
|-supereffective|p1a: Great Tusk
|-damage|p1a: Great Tusk|4/100
|-heal|p2a: Ogerpon|31/100 brn|[from] drain|[of] p1a: Great Tusk
|move|p1a: Great Tusk|Earthquake|p2a: Ogerpon
|-damage|p2a: Ogerpon|0 fnt
|faint|p2a: Ogerpon
|
|-heal|p1a: Great Tusk|11/100|[from] item: Leftovers
|upkeep
|inactive|phantasmiccat has 120 seconds left.
|
|t:|1760764184
|switch|p2a: Iron Crown|Iron Crown|100/100
|-enditem|p2a: Iron Crown|Booster Energy
|-activate|p2a: Iron Crown|ability: Quark Drive|[fromitem]
|-start|p2a: Iron Crown|quarkdrivespe
|turn|8
|
|t:|1760764191
|-end|p1a: Great Tusk|Protosynthesis|[silent]
|switch|p1a: Alomomola|Alomomola, M|100/100
|move|p2a: Iron Crown|Tachyon Cutter|p1a: Alomomola
|-resisted|p1a: Alomomola
|-damage|p1a: Alomomola|95/100
|-resisted|p1a: Alomomola
|-damage|p1a: Alomomola|89/100
|-hitcount|p1a: Alomomola|2
|
|upkeep
|turn|9
|
|t:|1760764197
|move|p2a: Iron Crown|Calm Mind|p2a: Iron Crown
|-boost|p2a: Iron Crown|spa|1
|-boost|p2a: Iron Crown|spd|1
|move|p1a: Alomomola|Mirror Coat||[still]
|-fail|p1a: Alomomola
|
|upkeep
|turn|10
|
|t:|1760764202
|move|p2a: Iron Crown|Calm Mind|p2a: Iron Crown
|-boost|p2a: Iron Crown|spa|1
|-boost|p2a: Iron Crown|spd|1
|move|p1a: Alomomola|Body Slam|p2a: Iron Crown
|-resisted|p2a: Iron Crown
|-damage|p2a: Iron Crown|92/100
|-status|p2a: Iron Crown|par
|
|upkeep
|turn|11
|
|t:|1760764210
|cant|p2a: Iron Crown|par
|move|p1a: Alomomola|Flip Turn|p2a: Iron Crown
|-damage|p2a: Iron Crown|77/100 par
|
|t:|1760764218
|switch|p1a: Great Tusk|Great Tusk|11/100|[from] Flip Turn
|
|-heal|p1a: Great Tusk|17/100|[from] item: Leftovers
|upkeep
|turn|12
|
|t:|1760764223
|move|p1a: Great Tusk|Earthquake|p2a: Iron Crown
|-supereffective|p2a: Iron Crown
|-crit|p2a: Iron Crown
|-damage|p2a: Iron Crown|0 fnt
|faint|p2a: Iron Crown
|-end|p2a: Iron Crown|Quark Drive|[silent]
|
|-heal|p1a: Great Tusk|23/100|[from] item: Leftovers
|upkeep
|
|t:|1760764225
|switch|p2a: Dragonite|Dragonite, M|100/100
|turn|13
|
|t:|1760764230
|move|p2a: Dragonite|Dragon Dance|p2a: Dragonite
|-boost|p2a: Dragonite|atk|1
|-boost|p2a: Dragonite|spe|1
|move|p1a: Great Tusk|Knock Off|p2a: Dragonite
|-damage|p2a: Dragonite|84/100
|-enditem|p2a: Dragonite|Loaded Dice|[from] move: Knock Off|[of] p1a: Great Tusk
|
|-heal|p1a: Great Tusk|29/100|[from] item: Leftovers
|upkeep
|turn|14
|
|t:|1760764238
|-end|p1a: Great Tusk|Protosynthesis|[silent]
|switch|p1a: Enamorus|Enamorus, F|100/100
|move|p2a: Dragonite|Encore||[still]
|-fail|p2a: Dragonite
|
|upkeep
|turn|15
|
|t:|1760764243
|-terastallize|p2a: Dragonite|Fire
|move|p1a: Enamorus|Moonblast|p2a: Dragonite
|-resisted|p2a: Dragonite
|-damage|p2a: Dragonite|56/100
|-unboost|p2a: Dragonite|spa|1
|move|p2a: Dragonite|Dragon Dance|p2a: Dragonite
|-boost|p2a: Dragonite|atk|1
|-boost|p2a: Dragonite|spe|1
|
|upkeep
|turn|16
|j| xdplayer98
|l| xdplayer98
|
|t:|1760764263
|move|p2a: Dragonite|Dragon Dance|p2a: Dragonite
|-boost|p2a: Dragonite|atk|1
|-boost|p2a: Dragonite|spe|1
|move|p1a: Enamorus|Moonblast|p2a: Dragonite
|-resisted|p2a: Dragonite
|-damage|p2a: Dragonite|25/100
|
|upkeep
|turn|17
|
|t:|1760764271
|switch|p1a: Slowking|Slowking-Galar, F|100/100
|move|p2a: Dragonite|Fire Punch|p1a: Slowking
|-damage|p1a: Slowking|21/100
|
|upkeep
|turn|18
|
|t:|1760764276
|move|p2a: Dragonite|Fire Punch|p1a: Slowking
|-damage|p1a: Slowking|0 fnt
|faint|p1a: Slowking
|
|upkeep
|
|t:|1760764282
|switch|p1a: Alomomola|Alomomola, M|100/100
|turn|19
|
|t:|1760764286
|move|p1a: Alomomola|Aqua Jet|p2a: Dragonite
|-supereffective|p2a: Dragonite
|-damage|p2a: Dragonite|0 fnt
|faint|p2a: Dragonite
|
|upkeep
|
|t:|1760764304
|switch|p2a: Ceruledge|Ceruledge, M|100/100
|turn|20
|
|t:|1760764315
|switch|p1a: Great Tusk|Great Tusk|29/100
|move|p2a: Ceruledge|Swords Dance|p2a: Ceruledge
|-boost|p2a: Ceruledge|atk|2
|
|-heal|p1a: Great Tusk|36/100|[from] item: Leftovers
|upkeep
|turn|21
|
|t:|1760764323
|move|p2a: Ceruledge|Bitter Blade|p1a: Great Tusk
|-damage|p1a: Great Tusk|0 fnt
|faint|p1a: Great Tusk
|-end|p1a: Great Tusk|Protosynthesis|[silent]
|
|upkeep
|
|t:|1760764327
|switch|p1a: Enamorus|Enamorus, F|100/100
|turn|22
|
|t:|1760764332
|move|p1a: Enamorus|Earth Power|p2a: Ceruledge
|-supereffective|p2a: Ceruledge
|-damage|p2a: Ceruledge|12/100
|move|p2a: Ceruledge|Bitter Blade|p1a: Enamorus
|-damage|p1a: Enamorus|0 fnt
|-heal|p2a: Ceruledge|62/100|[from] drain|[of] p1a: Enamorus
|faint|p1a: Enamorus
|
|upkeep
|
|t:|1760764339
|switch|p1a: Alomomola|Alomomola, M|100/100
|turn|23
|
|t:|1760764343
|move|p2a: Ceruledge|Close Combat|p1a: Alomomola
|-damage|p1a: Alomomola|34/100
|-unboost|p2a: Ceruledge|def|1
|-unboost|p2a: Ceruledge|spd|1
|move|p1a: Alomomola|Flip Turn|p2a: Ceruledge
|-supereffective|p2a: Ceruledge
|-damage|p2a: Ceruledge|0 fnt
|faint|p2a: Ceruledge
|
|upkeep
|
|t:|1760764346
|switch|p2a: Great Tusk|Great Tusk|100/100
|-enditem|p2a: Great Tusk|Booster Energy
|-activate|p2a: Great Tusk|ability: Protosynthesis|[fromitem]
|-start|p2a: Great Tusk|protosynthesisatk
|turn|24
|
|t:|1760764354
|move|p2a: Great Tusk|Headlong Rush|p1a: Alomomola
|-damage|p1a: Alomomola|0 fnt
|-unboost|p2a: Great Tusk|def|1
|-unboost|p2a: Great Tusk|spd|1
|faint|p1a: Alomomola
|
|win|phantasmiccat
|raw|deadlockedtheory's rating: 1581 &rarr; <strong>1566</strong><br />(-15 for losing)
|raw|phantasmiccat's rating: 1663 &rarr; <strong>1678</strong><br />(+15 for winning)
|l|‽deadlockedtheory
|player|p1|
|l|☆phantasmiccat
|player|p2|
|l| Champion reko
