|j|☆Tecceth
|j|☆jblockman77
|t:|1760761301
|gametype|singles
|player|p1|Tecceth|miku-ground|1429
|player|p2|jblockman77|n|1392
|gen|9
|tier|[Gen 9] OU
|rated|
|rule|HP Percentage Mod: HP is shown in percentages
|rule|Endless Battle Clause: Forcing endless battles is banned
|rule|Species Clause: Limit one of each Pokémon
|rule|OHKO Clause: OHKO moves are banned
|rule|Evasion Items Clause: Evasion items are banned
|rule|Evasion Moves Clause: Evasion moves are banned
|rule|Evasion Abilities Clause: Evasion abilities are banned
|rule|Sleep Moves Clause: Sleep-inducing moves are banned
|clearpoke
|poke|p1|Ceruledge, F|
|poke|p1|Ninetales, F|
|poke|p1|Leavanny, F|
|poke|p1|Great Tusk|
|poke|p1|Venusaur, F|
|poke|p1|Walking Wake|
|poke|p2|Skeledirge, M|
|poke|p2|Great Tusk|
|poke|p2|Ogerpon-Wellspring, F|
|poke|p2|Tinkaton, F|
|poke|p2|Corviknight, F|
|poke|p2|Kyurem|
|teampreview
|
|t:|1760761310
|teamsize|p1|6
|teamsize|p2|6
|start
|switch|p1a: Ninetales|Ninetales, F|100/100
|switch|p2a: Ogerpon|Ogerpon-Wellspring, F|100/100
|-weather|SunnyDay|[from] ability: Drought|[of] p1a: Ninetales
|turn|1
|
|t:|1760761318
|switch|p1a: Leavanny|Leavanny, F|100/100
|move|p2a: Ogerpon|Substitute|p2a: Ogerpon
|-start|p2a: Ogerpon|Substitute
|-damage|p2a: Ogerpon|76/100
|
|-weather|SunnyDay|[upkeep]
|upkeep
|turn|2
|
|t:|1760761326
|move|p1a: Leavanny|Sticky Web|p2a: Ogerpon
|-sidestart|p2: jblockman77|move: Sticky Web
|move|p2a: Ogerpon|Ivy Cudgel|p1a: Leavanny|[anim] Ivy Cudgel Water
|-resisted|p1a: Leavanny
|-damage|p1a: Leavanny|80/100
|
|-weather|SunnyDay|[upkeep]
|upkeep
|turn|3
|
|t:|1760761336
|move|p1a: Leavanny|Triple Axel|p2a: Ogerpon
|-activate|p2a: Ogerpon|move: Substitute|[damage]
|-activate|p2a: Ogerpon|move: Substitute|[damage]
|-end|p2a: Ogerpon|Substitute
|-hitcount|p2a: Ogerpon|3
|move|p2a: Ogerpon|Horn Leech|p1a: Leavanny
|-resisted|p1a: Leavanny
|-damage|p1a: Leavanny|65/100
|-heal|p2a: Ogerpon|83/100|[from] drain|[of] p1a: Leavanny
|
|-weather|SunnyDay|[upkeep]
|upkeep
|turn|4
|
|t:|1760761345
|switch|p2a: Skeledirge|Skeledirge, M|100/100
|-activate|p2a: Skeledirge|move: Sticky Web
|-unboost|p2a: Skeledirge|spe|1
|move|p1a: Leavanny|Leaf Storm|p2a: Skeledirge|[miss]
|-miss|p1a: Leavanny|p2a: Skeledirge
|
|-weather|SunnyDay|[upkeep]
|upkeep
|turn|5
|
|t:|1760761352
|switch|p1a: Walking Wake|Walking Wake|100/100
|-activate|p1a: Walking Wake|ability: Protosynthesis
|-start|p1a: Walking Wake|protosynthesisspa
|move|p2a: Skeledirge|Torch Song|p1a: Walking Wake
|-resisted|p1a: Walking Wake
|-damage|p1a: Walking Wake|83/100
|-boost|p2a: Skeledirge|spa|1
|
|-weather|SunnyDay|[upkeep]
|upkeep
|turn|6
|
|t:|1760761360
|switch|p2a: Corviknight|Corviknight, F|100/100
|-ability|p2a: Corviknight|Pressure
|move|p1a: Walking Wake|Flamethrower|p2a: Corviknight
|-supereffective|p2a: Corviknight
|-damage|p2a: Corviknight|0 fnt
|faint|p2a: Corviknight
|
|-weather|SunnyDay|[upkeep]
|upkeep
|
|t:|1760761369
|switch|p2a: Tinkaton|Tinkaton, F|100/100
|-ability|p2a: Tinkaton|Mold Breaker
|-item|p2a: Tinkaton|Air Balloon
|turn|7
|
|t:|1760761375
|-terastallize|p2a: Tinkaton|Water
|move|p1a: Walking Wake|Flamethrower|p2a: Tinkaton
|-resisted|p2a: Tinkaton
|-damage|p2a: Tinkaton|62/100
|-enditem|p2a: Tinkaton|Air Balloon
|move|p2a: Tinkaton|Thunder Wave|p1a: Walking Wake
|-status|p1a: Walking Wake|par
|
|-weather|SunnyDay|[upkeep]
|upkeep
|turn|8
|
|t:|1760761389
|move|p2a: Tinkaton|Stealth Rock|p1a: Walking Wake
|-sidestart|p1: Tecceth|move: Stealth Rock
|cant|p1a: Walking Wake|par
|
|-weather|none
|-end|p1a: Walking Wake|Protosynthesis
|upkeep
|turn|9
|
|t:|1760761394
|-end|p1a: Walking Wake|Protosynthesis|[silent]
|switch|p1a: Ninetales|Ninetales, F|100/100
|-damage|p1a: Ninetales|76/100|[from] Stealth Rock
|-weather|SunnyDay|[from] ability: Drought|[of] p1a: Ninetales
|move|p2a: Tinkaton|Encore||[still]
|-fail|p2a: Tinkaton
|
|-weather|SunnyDay|[upkeep]
|upkeep
|turn|10
|
|t:|1760761398
|switch|p1a: Great Tusk|Great Tusk|100/100
|-activate|p1a: Great Tusk|ability: Protosynthesis
|-start|p1a: Great Tusk|protosynthesisatk
|move|p2a: Tinkaton|Thunder Wave|p1a: Great Tusk
|-immune|p1a: Great Tusk
|
|-weather|SunnyDay|[upkeep]
|upkeep
|turn|11
|
|t:|1760761406
|move|p2a: Tinkaton|Gigaton Hammer|p1a: Great Tusk
|-damage|p1a: Great Tusk|67/100
|move|p1a: Great Tusk|Rapid Spin|p2a: Tinkaton
|-damage|p2a: Tinkaton|35/100
|-boost|p1a: Great Tusk|spe|1
|-sideend|p1: Tecceth|Stealth Rock|[from] move: Rapid Spin|[of] p1a: Great Tusk
|
|-weather|SunnyDay|[upkeep]
|upkeep
|turn|12
|
|t:|1760761416
|move|p1a: Great Tusk|Temper Flare|p2a: Tinkaton
|-resisted|p2a: Tinkaton
|-damage|p2a: Tinkaton|7/100
|move|p2a: Tinkaton|Encore|p1a: Great Tusk
|-start|p1a: Great Tusk|Encore
|
|-weather|SunnyDay|[upkeep]
|upkeep
|turn|13
|
|t:|1760761420
|switch|p2a: Great Tusk|Great Tusk|100/100
|-activate|p2a: Great Tusk|ability: Protosynthesis
|-start|p2a: Great Tusk|protosynthesisatk
|move|p1a: Great Tusk|Temper Flare|p2a: Great Tusk
|-damage|p2a: Great Tusk|64/100
|
|-weather|SunnyDay|[upkeep]
|upkeep
|turn|14
|
|t:|1760761423
|-terastallize|p1a: Great Tusk|Fire
|move|p1a: Great Tusk|Temper Flare|p2a: Great Tusk
|-damage|p2a: Great Tusk|6/100
|move|p2a: Great Tusk|Rapid Spin|p1a: Great Tusk
|-damage|p1a: Great Tusk|48/100
|-boost|p2a: Great Tusk|spe|1
|-sideend|p2: jblockman77|Sticky Web|[from] move: Rapid Spin|[of] p2a: Great Tusk
|
|-weather|SunnyDay|[upkeep]
|upkeep
|turn|15
|
|t:|1760761429
|move|p1a: Great Tusk|Temper Flare|p2a: Great Tusk
|-damage|p2a: Great Tusk|0 fnt
|faint|p2a: Great Tusk
|-end|p2a: Great Tusk|Protosynthesis|[silent]
|
|-weather|SunnyDay|[upkeep]
|-end|p1a: Great Tusk|Encore
|upkeep
|
|t:|1760761440
|switch|p2a: Tinkaton|Tinkaton, F, tera:Water|7/100
|-ability|p2a: Tinkaton|Mold Breaker
|turn|16
|
|t:|1760761445
|move|p1a: Great Tusk|Temper Flare|p2a: Tinkaton
|-resisted|p2a: Tinkaton
|-damage|p2a: Tinkaton|0 fnt
|faint|p2a: Tinkaton
|
|-weather|none
|-end|p1a: Great Tusk|Protosynthesis
|upkeep
|
|t:|1760761446
|switch|p2a: Kyurem|Kyurem|100/100
|-ability|p2a: Kyurem|Pressure
|turn|17
|
|t:|1760761450
|-end|p1a: Great Tusk|Protosynthesis|[silent]
|switch|p1a: Ninetales|Ninetales, F|76/100
|-weather|SunnyDay|[from] ability: Drought|[of] p1a: Ninetales
|move|p2a: Kyurem|Earth Power|p1a: Ninetales
|-supereffective|p1a: Ninetales
|-damage|p1a: Ninetales|0 fnt
|faint|p1a: Ninetales
|
|-weather|SunnyDay|[upkeep]
|upkeep
|
|t:|1760761463
|switch|p1a: Leavanny|Leavanny, F|65/100
|turn|18
|
|t:|1760761467
|switch|p2a: Skeledirge|Skeledirge, M|100/100
|move|p1a: Leavanny|Sticky Web|p2a: Skeledirge
|-sidestart|p2: jblockman77|move: Sticky Web
|
|-weather|SunnyDay|[upkeep]
|upkeep
|turn|19
|
|t:|1760761474
|switch|p1a: Great Tusk|Great Tusk, tera:Fire|48/100
|-activate|p1a: Great Tusk|ability: Protosynthesis
|-start|p1a: Great Tusk|protosynthesisatk
|move|p2a: Skeledirge|Torch Song|p1a: Great Tusk
|-resisted|p1a: Great Tusk
|-damage|p1a: Great Tusk|9/100
|-boost|p2a: Skeledirge|spa|1
|
|-weather|SunnyDay|[upkeep]
|upkeep
|turn|20
|
|t:|1760761476
|move|p2a: Skeledirge|Torch Song|p1a: Great Tusk
|-resisted|p1a: Great Tusk
|-damage|p1a: Great Tusk|0 fnt
|-boost|p2a: Skeledirge|spa|1
|faint|p1a: Great Tusk
|-end|p1a: Great Tusk|Protosynthesis|[silent]
|
|-weather|SunnyDay|[upkeep]
|upkeep
|
|t:|1760761487
|switch|p1a: Walking Wake|Walking Wake|83/100 par
|-activate|p1a: Walking Wake|ability: Protosynthesis
|-start|p1a: Walking Wake|protosynthesisspa
|turn|21
|
|t:|1760761491
|switch|p2a: Kyurem|Kyurem|100/100
|-activate|p2a: Kyurem|move: Sticky Web
|-unboost|p2a: Kyurem|spe|1
|-ability|p2a: Kyurem|Pressure
|move|p1a: Walking Wake|Draco Meteor|p2a: Kyurem
|-supereffective|p2a: Kyurem
|-damage|p2a: Kyurem|0 fnt
|-unboost|p1a: Walking Wake|spa|2
|faint|p2a: Kyurem
|
|-weather|SunnyDay|[upkeep]
|upkeep
|
|t:|1760761499
|switch|p2a: Skeledirge|Skeledirge, M|100/100
|-activate|p2a: Skeledirge|move: Sticky Web
|-unboost|p2a: Skeledirge|spe|1
|turn|22
|
|t:|1760761502
|move|p2a: Skeledirge|Torch Song|p1a: Walking Wake
|-resisted|p1a: Walking Wake
|-damage|p1a: Walking Wake|68/100 par
|-boost|p2a: Skeledirge|spa|1
|cant|p1a: Walking Wake|par
|
|-weather|SunnyDay|[upkeep]
|upkeep
|turn|23
|
|t:|1760761514
|-end|p1a: Walking Wake|Protosynthesis|[silent]
|switch|p1a: Ceruledge|Ceruledge, F|100/100
|move|p2a: Skeledirge|Torch Song|p1a: Ceruledge
|-resisted|p1a: Ceruledge
|-damage|p1a: Ceruledge|56/100
|-boost|p2a: Skeledirge|spa|1
|
|-weather|SunnyDay|[upkeep]
|upkeep
|turn|24
|
|t:|1760761521
|move|p1a: Ceruledge|Bitter Blade|p2a: Skeledirge
|-resisted|p2a: Skeledirge
|-crit|p2a: Skeledirge
|-damage|p2a: Skeledirge|41/100
|-heal|p1a: Ceruledge|92/100|[from] drain|[of] p2a: Skeledirge
|move|p2a: Skeledirge|Torch Song|p1a: Ceruledge
|-resisted|p1a: Ceruledge
|-damage|p1a: Ceruledge|34/100
|-boost|p2a: Skeledirge|spa|1
|
|-weather|none
|upkeep
|turn|25
|
|t:|1760761529
|move|p1a: Ceruledge|Shadow Sneak|p2a: Skeledirge
|-supereffective|p2a: Skeledirge
|-damage|p2a: Skeledirge|0 fnt
|faint|p2a: Skeledirge
|
|upkeep
|
|t:|1760761530
|switch|p2a: Ogerpon|Ogerpon-Wellspring, F|83/100
|-activate|p2a: Ogerpon|move: Sticky Web
|-unboost|p2a: Ogerpon|spe|1
|turn|26
|
|t:|1760761533
|move|p1a: Ceruledge|Bitter Blade|p2a: Ogerpon
|-damage|p2a: Ogerpon|13/100
|-heal|p1a: Ceruledge|71/100|[from] drain|[of] p2a: Ogerpon
|move|p2a: Ogerpon|Ivy Cudgel|p1a: Ceruledge|[anim] Ivy Cudgel Water
|-supereffective|p1a: Ceruledge
|-damage|p1a: Ceruledge|0 fnt
|faint|p1a: Ceruledge
|
|upkeep
|
|t:|1760761542
|switch|p1a: Venusaur|Venusaur, F|100/100
|turn|27
|
|t:|1760761544
|move|p1a: Venusaur|Sludge Bomb|p2a: Ogerpon
|-supereffective|p2a: Ogerpon
|-damage|p2a: Ogerpon|0 fnt
|faint|p2a: Ogerpon
|-damage|p1a: Venusaur|91/100|[from] item: Life Orb
|
|win|Tecceth
|raw|Tecceth's rating: 1429 &rarr; <strong>1447</strong><br />(+18 for winning)
|raw|jblockman77's rating: 1392 &rarr; <strong>1374</strong><br />(-18 for losing)
|l|☆Tecceth
|player|p1|
