|j|☆MonsterZogg
|j|☆Senech
|t:|1760797624
|gametype|singles
|player|p1|MonsterZogg|pokemonrangerf|1089
|player|p2|Senech|crasherwake|1134
|gen|9
|tier|[Gen 9] OU
|rated|
|rule|HP Percentage Mod: HP is shown in percentages
|rule|Endless Battle Clause: Forcing endless battles is banned
|rule|Species Clause: Limit one of each Pokémon
|rule|OHKO Clause: OHKO moves are banned
|rule|Evasion Items Clause: Evasion items are banned
|rule|Evasion Moves Clause: Evasion moves are banned
|rule|Evasion Abilities Clause: Evasion abilities are banned
|rule|Sleep Moves Clause: Sleep-inducing moves are banned
|clearpoke
|poke|p1|Haxorus, F|
|poke|p1|Salamence, M|
|poke|p1|Goodra, M|
|poke|p1|Garchomp, M|
|poke|p1|Arbok, F|
|poke|p1|Dragonite, F|
|poke|p2|Iron Moth|
|poke|p2|Kingambit, M|
|poke|p2|Dragonite, F|
|poke|p2|Ogerpon-Cornerstone, F|
|poke|p2|Iron Valiant|
|poke|p2|Raging Bolt|
|teampreview
|c|☆MonsterZogg|arbok meta
|c|☆MonsterZogg|watch this bro
|
|t:|1760797633
|teamsize|p1|6
|teamsize|p2|6
|start
|switch|p1a: Arbok|Arbok, F|100/100
|switch|p2a: Iron Moth|Iron Moth|100/100
|-ability|p1a: Arbok|Intimidate|boost
|-unboost|p2a: Iron Moth|atk|1
|-enditem|p2a: Iron Moth|Booster Energy
|-activate|p2a: Iron Moth|ability: Quark Drive|[fromitem]
|-start|p2a: Iron Moth|quarkdrivespe
|turn|1
|
|t:|1760797652
|move|p2a: Iron Moth|Fiery Dance|p1a: Arbok
|-damage|p1a: Arbok|49/100
|-enditem|p1a: Arbok|Red Card|[of] p2a: Iron Moth
|-end|p2a: Iron Moth|Quark Drive|[silent]
|drag|p2a: Kingambit|Kingambit, M|100/100
|move|p1a: Arbok|Glare|p2a: Kingambit
|-status|p2a: Kingambit|par
|-enditem|p2a: Kingambit|Lum Berry|[eat]
|-curestatus|p2a: Kingambit|par|[msg]
|
|upkeep
|turn|2
|
|t:|1760797674
|move|p2a: Kingambit|Swords Dance|p2a: Kingambit
|-boost|p2a: Kingambit|atk|2
|move|p1a: Arbok|Knock Off|p2a: Kingambit
|-resisted|p2a: Kingambit
|-damage|p2a: Kingambit|94/100
|
|upkeep
|turn|3
|
|t:|1760797680
|move|p2a: Kingambit|Sucker Punch||[still]
|-fail|p2a: Kingambit
|move|p1a: Arbok|Glare|p2a: Kingambit
|-status|p2a: Kingambit|par
|
|upkeep
|turn|4
|
|t:|1760797691
|switch|p1a: Haxorus|Haxorus, F, shiny|100/100
|-ability|p1a: Haxorus|Mold Breaker
|cant|p2a: Kingambit|par
|
|upkeep
|turn|5
|
|t:|1760797696
|move|p2a: Kingambit|Sucker Punch|p1a: Haxorus
|-enditem|p1a: Haxorus|Focus Sash
|-damage|p1a: Haxorus|1/100
|move|p1a: Haxorus|Close Combat|p2a: Kingambit
|-supereffective|p2a: Kingambit
|-damage|p2a: Kingambit|0 fnt
|-unboost|p1a: Haxorus|def|1
|-unboost|p1a: Haxorus|spd|1
|faint|p2a: Kingambit
|-end|p2a: Kingambit|fallenundefined|[silent]
|
|upkeep
|c|☆MonsterZogg|arbok shows NO mercy
|
|t:|1760797706
|switch|p2a: Dragonite|Dragonite, F|100/100
|turn|6
|
|t:|1760797713
|switch|p1a: Arbok|Arbok, F|49/100
|-ability|p1a: Arbok|Intimidate|boost
|-unboost|p2a: Dragonite|atk|1
|move|p2a: Dragonite|Extreme Speed|p1a: Arbok
|-damage|p1a: Arbok|29/100
|
|upkeep
|turn|7
|inactive|Battle timer is ON: inactive players will automatically lose when time's up. (requested by Senech)
|
|t:|1760797727
|switch|p2a: Raging Bolt|Raging Bolt|100/100
|-enditem|p2a: Raging Bolt|Booster Energy
|-activate|p2a: Raging Bolt|ability: Protosynthesis|[fromitem]
|-start|p2a: Raging Bolt|protosynthesisspa
|move|p1a: Arbok|Glare|p2a: Raging Bolt
|-immune|p2a: Raging Bolt
|
|upkeep
|turn|8
|
|t:|1760797738
|switch|p1a: Goodra|Goodra, M|100/100
|move|p2a: Raging Bolt|Calm Mind|p2a: Raging Bolt
|-boost|p2a: Raging Bolt|spa|1
|-boost|p2a: Raging Bolt|spd|1
|
|upkeep
|turn|9
|
|t:|1760797751
|move|p2a: Raging Bolt|Dragon Pulse|p1a: Goodra
|-supereffective|p1a: Goodra
|-damage|p1a: Goodra|12/100
|move|p1a: Goodra|Ice Beam|p2a: Raging Bolt
|-supereffective|p2a: Raging Bolt
|-damage|p2a: Raging Bolt|58/100
|-status|p2a: Raging Bolt|frz
|
|upkeep
|turn|10
|c|☆MonsterZogg|arbok luck power
|
|t:|1760797763
|cant|p2a: Raging Bolt|frz
|move|p1a: Goodra|Ice Beam|p2a: Raging Bolt
|-supereffective|p2a: Raging Bolt
|-damage|p2a: Raging Bolt|19/100 frz
|
|upkeep
|turn|11
|
|t:|1760797769
|cant|p2a: Raging Bolt|frz
|move|p1a: Goodra|Ice Beam|p2a: Raging Bolt
|-supereffective|p2a: Raging Bolt
|-damage|p2a: Raging Bolt|0 fnt
|faint|p2a: Raging Bolt
|-end|p2a: Raging Bolt|Protosynthesis|[silent]
|
|upkeep
|
|t:|1760797778
|switch|p2a: Ogerpon|Ogerpon-Cornerstone, F|100/100
|turn|12
|
|t:|1760797785
|-terastallize|p2a: Ogerpon|Rock
|detailschange|p2a: Ogerpon|Ogerpon-Cornerstone-Tera, F, tera:Rock
|-ability|p2a: Ogerpon|Embody Aspect (Cornerstone)|boost
|-boost|p2a: Ogerpon|def|1
|move|p2a: Ogerpon|Swords Dance|p2a: Ogerpon
|-boost|p2a: Ogerpon|atk|2
|move|p1a: Goodra|Sludge Bomb|p2a: Ogerpon
|-resisted|p2a: Ogerpon
|-damage|p2a: Ogerpon|84/100
|
|upkeep
|turn|13
|
|t:|1760797803
|move|p2a: Ogerpon|Knock Off|p1a: Goodra
|-damage|p1a: Goodra|0 fnt
|-ability|p1a: Goodra|Gooey
|-unboost|p2a: Ogerpon|spe|1
|-enditem|p1a: Goodra|Assault Vest|[from] move: Knock Off|[of] p2a: Ogerpon
|faint|p1a: Goodra
|
|upkeep
|
|t:|1760797818
|switch|p1a: Haxorus|Haxorus, F, shiny|1/100
|-ability|p1a: Haxorus|Mold Breaker
|turn|14
|
|t:|1760797829
|move|p1a: Haxorus|Outrage|p2a: Ogerpon
|-damage|p2a: Ogerpon|20/100
|move|p2a: Ogerpon|Ivy Cudgel|p1a: Haxorus|[anim] Ivy Cudgel Rock
|-damage|p1a: Haxorus|0 fnt
|faint|p1a: Haxorus
|
|upkeep
|
|t:|1760797834
|switch|p1a: Salamence|Salamence, M|100/100
|turn|15
|
|t:|1760797837
|move|p1a: Salamence|Earthquake|p2a: Ogerpon
|-supereffective|p2a: Ogerpon
|-damage|p2a: Ogerpon|0 fnt
|faint|p2a: Ogerpon
|detailschange|p2: Ogerpon|Ogerpon-Cornerstone, F|[silent]
|-ability|p1a: Salamence|Moxie|boost
|-boost|p1a: Salamence|atk|1
|
|upkeep
|
|t:|1760797844
|switch|p2a: Iron Moth|Iron Moth|100/100
|turn|16
|
|t:|1760797850
|move|p2a: Iron Moth|Dazzling Gleam|p1a: Salamence
|-supereffective|p1a: Salamence
|-damage|p1a: Salamence|29/100
|move|p1a: Salamence|Earthquake|p2a: Iron Moth
|-supereffective|p2a: Iron Moth
|-damage|p2a: Iron Moth|0 fnt
|faint|p2a: Iron Moth
|-end|p2a: Iron Moth|Quark Drive|[silent]
|-ability|p1a: Salamence|Moxie|boost
|-boost|p1a: Salamence|atk|1
|
|upkeep
|
|t:|1760797859
|switch|p2a: Dragonite|Dragonite, F|100/100
|turn|17
|
|t:|1760797862
|move|p2a: Dragonite|Extreme Speed|p1a: Salamence
|-damage|p1a: Salamence|0 fnt
|faint|p1a: Salamence
|
|upkeep
|
|t:|1760797867
|switch|p1a: Arbok|Arbok, F|29/100
|-ability|p1a: Arbok|Intimidate|boost
|-unboost|p2a: Dragonite|atk|1
|turn|18
|
|t:|1760797875
|switch|p2a: Iron Valiant|Iron Valiant|100/100
|-enditem|p2a: Iron Valiant|Booster Energy
|-activate|p2a: Iron Valiant|ability: Quark Drive|[fromitem]
|-start|p2a: Iron Valiant|quarkdrivespe
|move|p1a: Arbok|Knock Off|p2a: Iron Valiant
|-resisted|p2a: Iron Valiant
|-damage|p2a: Iron Valiant|96/100
|
|upkeep
|turn|19
|
|t:|1760797885
|move|p2a: Iron Valiant|Knock Off|p1a: Arbok
|-damage|p1a: Arbok|8/100
|move|p1a: Arbok|Poison Jab|p2a: Iron Valiant
|-supereffective|p2a: Iron Valiant
|-damage|p2a: Iron Valiant|23/100
|
|upkeep
|turn|20
|
|t:|1760797892
|move|p2a: Iron Valiant|Knock Off|p1a: Arbok
|-damage|p1a: Arbok|0 fnt
|faint|p1a: Arbok
|
|upkeep
|
|t:|1760797898
|switch|p1a: Garchomp|Garchomp, M|100/100
|turn|21
|
|t:|1760797903
|move|p2a: Iron Valiant|Destiny Bond|p2a: Iron Valiant
|-singlemove|p2a: Iron Valiant|Destiny Bond
|move|p1a: Garchomp|Poison Jab|p2a: Iron Valiant
|-supereffective|p2a: Iron Valiant
|-damage|p2a: Iron Valiant|0 fnt
|faint|p2a: Iron Valiant
|-activate|p2a: Iron Valiant|move: Destiny Bond
|-end|p2a: Iron Valiant|Quark Drive|[silent]
|faint|p1a: Garchomp
|
|upkeep
|
|t:|1760797910
|switch|p2a: Dragonite|Dragonite, F|100/100
|switch|p1a: Dragonite|Dragonite, F|100/100
|turn|22
|
|t:|1760797922
|move|p2a: Dragonite|Extreme Speed|p1a: Dragonite
|-damage|p1a: Dragonite|82/100
|move|p1a: Dragonite|Ice Spinner|p2a: Dragonite
|-supereffective|p2a: Dragonite
|-damage|p2a: Dragonite|42/100
|
|upkeep
|turn|23
|-message|Senech forfeited.
|
|win|MonsterZogg
|raw|MonsterZogg's rating: 1089 &rarr; <strong>1119</strong><br />(+30 for winning)
|raw|Senech's rating: 1134 &rarr; <strong>1106</strong><br />(-28 for losing)
|l|☆Senech
|player|p2|
