|j|☆ghidorahstan69
|j|☆99steps_stuts
|t:|1760718511
|gametype|singles
|player|p1|ghidorahstan69|ingo|1472
|player|p2|99steps_stuts|brycenman|1528
|gen|9
|tier|[Gen 9] OU
|rated|
|rule|HP Percentage Mod: HP is shown in percentages
|rule|Endless Battle Clause: Forcing endless battles is banned
|rule|Species Clause: Limit one of each Pokémon
|rule|OHKO Clause: OHKO moves are banned
|rule|Evasion Items Clause: Evasion items are banned
|rule|Evasion Moves Clause: Evasion moves are banned
|rule|Evasion Abilities Clause: Evasion abilities are banned
|rule|Sleep Moves Clause: Sleep-inducing moves are banned
|clearpoke
|poke|p1|Gholdengo|
|poke|p1|Scizor, M|
|poke|p1|Kyurem|
|poke|p1|Landorus-Therian, M|
|poke|p1|Heatran, F|
|poke|p1|Kingambit, M|
|poke|p2|Clefable, F|
|poke|p2|Incineroar, F|
|poke|p2|Clodsire, M|
|poke|p2|Zapdos-Galar|
|poke|p2|Gholdengo|
|poke|p2|Dragapult, M|
|teampreview
|inactive|Battle timer is ON: inactive players will automatically lose when time's up. (requested by 99steps_stuts)
|inactive|ghidorahstan69 also wants the timer to be on.
|
|t:|1760718540
|teamsize|p1|6
|teamsize|p2|6
|start
|switch|p1a: Landorus|Landorus-Therian, M|100/100
|switch|p2a: Zapdos|Zapdos-Galar, shiny|100/100
|-ability|p1a: Landorus|Intimidate|boost
|-unboost|p2a: Zapdos|atk|1
|-ability|p2a: Zapdos|Defiant|boost
|-boost|p2a: Zapdos|atk|2
|turn|1
|
|t:|1760718545
|move|p2a: Zapdos|Knock Off|p1a: Landorus
|-damage|p1a: Landorus|46/100
|-damage|p2a: Zapdos|84/100|[from] item: Rocky Helmet|[of] p1a: Landorus
|-enditem|p1a: Landorus|Rocky Helmet|[from] move: Knock Off|[of] p2a: Zapdos
|move|p1a: Landorus|Stealth Rock|p2a: Zapdos
|-sidestart|p2: 99steps_stuts|move: Stealth Rock
|
|upkeep
|turn|2
|
|t:|1760718549
|move|p2a: Zapdos|Brave Bird|p1a: Landorus
|-damage|p1a: Landorus|0 fnt
|faint|p1a: Landorus
|-damage|p2a: Zapdos|69/100|[from] Recoil
|
|upkeep
|
|t:|1760718558
|switch|p1a: Gholdengo|Gholdengo|100/100
|turn|3
|
|t:|1760718561
|move|p1a: Gholdengo|Dazzling Gleam|p2a: Zapdos
|-supereffective|p2a: Zapdos
|-damage|p2a: Zapdos|3/100
|move|p2a: Zapdos|Knock Off|p1a: Gholdengo
|-supereffective|p1a: Gholdengo
|-damage|p1a: Gholdengo|0 fnt
|-enditem|p1a: Gholdengo|Choice Scarf|[from] move: Knock Off|[of] p2a: Zapdos
|faint|p1a: Gholdengo
|
|upkeep
|
|t:|1760718567
|switch|p1a: Scizor|Scizor, M|100/100
|turn|4
|
|t:|1760718570
|move|p1a: Scizor|Bullet Punch|p2a: Zapdos
|-damage|p2a: Zapdos|0 fnt
|faint|p2a: Zapdos
|
|upkeep
|
|t:|1760718573
|switch|p2a: Incineroar|Incineroar, F, shiny|100/100
|-ability|p2a: Incineroar|Intimidate|boost
|-unboost|p1a: Scizor|atk|1
|turn|5
|
|t:|1760718576
|move|p1a: Scizor|U-turn|p2a: Incineroar
|-damage|p2a: Incineroar|75/100
|
|t:|1760718580
|switch|p1a: Heatran|Heatran, F|100/100|[from] U-turn
|move|p2a: Incineroar|U-turn|p1a: Heatran
|-resisted|p1a: Heatran
|-damage|p1a: Heatran|96/100
|
|t:|1760718584
|switch|p2a: Quaqsire|Clodsire, M, shiny|100/100|[from] U-turn
|-damage|p2a: Quaqsire|94/100|[from] Stealth Rock
|
|-heal|p2a: Quaqsire|100/100|[from] item: Black Sludge
|upkeep
|turn|6
|
|t:|1760718589
|switch|p1a: Scizor|Scizor, M|100/100
|move|p2a: Quaqsire|Stealth Rock|p1a: Scizor
|-sidestart|p1: ghidorahstan69|move: Stealth Rock
|
|upkeep
|turn|7
|
|t:|1760718594
|move|p1a: Scizor|Defog|p2a: Quaqsire
|-unboost|p2a: Quaqsire|evasion|1
|-sideend|p2: 99steps_stuts|Stealth Rock|[from] move: Defog|[of] p1a: Scizor
|-sideend|p1: ghidorahstan69|Stealth Rock|[from] move: Defog|[of] p1a: Scizor
|move|p2a: Quaqsire|Recover||[still]
|-fail|p2a: Quaqsire|heal
|
|upkeep
|turn|8
|
|t:|1760718604
|move|p1a: Scizor|Close Combat|p2a: Quaqsire
|-resisted|p2a: Quaqsire
|-damage|p2a: Quaqsire|75/100
|-unboost|p1a: Scizor|def|1
|-unboost|p1a: Scizor|spd|1
|move|p2a: Quaqsire|Stealth Rock|p1a: Scizor
|-sidestart|p1: ghidorahstan69|move: Stealth Rock
|
|-heal|p2a: Quaqsire|81/100|[from] item: Black Sludge
|upkeep
|turn|9
|
|t:|1760718609
|move|p1a: Scizor|Defog|p2a: Quaqsire
|-unboost|p2a: Quaqsire|evasion|1
|-sideend|p1: ghidorahstan69|Stealth Rock|[from] move: Defog|[of] p1a: Scizor
|move|p2a: Quaqsire|Earthquake|p1a: Scizor
|-damage|p1a: Scizor|56/100
|
|-heal|p2a: Quaqsire|87/100|[from] item: Black Sludge
|upkeep
|turn|10
|
|t:|1760718611
|move|p1a: Scizor|U-turn|p2a: Quaqsire
|-resisted|p2a: Quaqsire
|-damage|p2a: Quaqsire|65/100
|
|t:|1760718613
|switch|p1a: Kyurem|Kyurem|100/100|[from] U-turn
|-ability|p1a: Kyurem|Pressure
|move|p2a: Quaqsire|Stealth Rock|p1a: Kyurem
|-sidestart|p1: ghidorahstan69|move: Stealth Rock
|
|-heal|p2a: Quaqsire|71/100|[from] item: Black Sludge
|upkeep
|turn|11
|
|t:|1760718620
|switch|p2a: Gholdengo|Gholdengo, shiny|100/100
|-item|p2a: Gholdengo|Air Balloon
|move|p1a: Kyurem|Earth Power|p2a: Gholdengo
|-immune|p2a: Gholdengo
|
|upkeep
|turn|12
|
|t:|1760718623
|switch|p1a: Scizor|Scizor, M|56/100
|move|p2a: Gholdengo|Make It Rain|p1a: Scizor
|-resisted|p1a: Scizor
|-damage|p1a: Scizor|11/100
|-unboost|p2a: Gholdengo|spa|1
|
|upkeep
|turn|13
|
|t:|1760718639
|switch|p2a: Incineroar|Incineroar, F, shiny|75/100
|-ability|p2a: Incineroar|Intimidate|boost
|-unboost|p1a: Scizor|atk|1
|move|p1a: Scizor|Bullet Punch|p2a: Incineroar
|-resisted|p2a: Incineroar
|-damage|p2a: Incineroar|64/100
|
|upkeep
|turn|14
|
|t:|1760718644
|move|p1a: Scizor|U-turn|p2a: Incineroar
|-damage|p2a: Incineroar|39/100
|
|t:|1760718647
|switch|p1a: Heatran|Heatran, F|96/100|[from] U-turn
|move|p2a: Incineroar|U-turn|p1a: Heatran
|-resisted|p1a: Heatran
|-damage|p1a: Heatran|91/100
|
|t:|1760718651
|switch|p2a: Quaqsire|Clodsire, M, shiny|71/100|[from] U-turn
|
|-heal|p2a: Quaqsire|77/100|[from] item: Black Sludge
|upkeep
|turn|15
|
|t:|1760718662
|-terastallize|p1a: Heatran|Grass
|move|p1a: Heatran|Earth Power|p2a: Quaqsire
|-supereffective|p2a: Quaqsire
|-damage|p2a: Quaqsire|42/100
|move|p2a: Quaqsire|Earthquake|p1a: Heatran
|-resisted|p1a: Heatran
|-damage|p1a: Heatran|79/100
|
|-heal|p2a: Quaqsire|48/100|[from] item: Black Sludge
|upkeep
|turn|16
|
|t:|1760718668
|move|p1a: Heatran|Tera Blast|p2a: Quaqsire|[anim] Tera Blast Grass
|-damage|p2a: Quaqsire|23/100
|move|p2a: Quaqsire|Recover|p2a: Quaqsire
|-heal|p2a: Quaqsire|73/100
|
|-heal|p2a: Quaqsire|79/100|[from] item: Black Sludge
|upkeep
|turn|17
|
|t:|1760718671
|move|p1a: Heatran|Earth Power|p2a: Quaqsire
|-supereffective|p2a: Quaqsire
|-damage|p2a: Quaqsire|43/100
|move|p2a: Quaqsire|Gunk Shot|p1a: Heatran
|-supereffective|p1a: Heatran
|-damage|p1a: Heatran|22/100
|
|-heal|p2a: Quaqsire|49/100|[from] item: Black Sludge
|upkeep
|turn|18
|
|t:|1760718673
|move|p1a: Heatran|Earth Power|p2a: Quaqsire
|-supereffective|p2a: Quaqsire
|-damage|p2a: Quaqsire|10/100
|move|p2a: Quaqsire|Recover|p2a: Quaqsire
|-heal|p2a: Quaqsire|60/100
|
|-heal|p2a: Quaqsire|66/100|[from] item: Black Sludge
|upkeep
|turn|19
|
|t:|1760718676
|move|p1a: Heatran|Earth Power|p2a: Quaqsire
|-supereffective|p2a: Quaqsire
|-crit|p2a: Quaqsire
|-damage|p2a: Quaqsire|10/100
|move|p2a: Quaqsire|Recover|p2a: Quaqsire
|-heal|p2a: Quaqsire|60/100
|
|-heal|p2a: Quaqsire|66/100|[from] item: Black Sludge
|upkeep
|turn|20
|
|t:|1760718679
|move|p1a: Heatran|Earth Power|p2a: Quaqsire
|-supereffective|p2a: Quaqsire
|-damage|p2a: Quaqsire|25/100
|move|p2a: Quaqsire|Recover|p2a: Quaqsire
|-heal|p2a: Quaqsire|75/100
|
|-heal|p2a: Quaqsire|81/100|[from] item: Black Sludge
|upkeep
|turn|21
|
|t:|1760718684
|move|p1a: Heatran|Earth Power|p2a: Quaqsire
|-supereffective|p2a: Quaqsire
|-damage|p2a: Quaqsire|43/100
|move|p2a: Quaqsire|Gunk Shot|p1a: Heatran
|-supereffective|p1a: Heatran
|-damage|p1a: Heatran|0 fnt
|faint|p1a: Heatran
|
|-heal|p2a: Quaqsire|49/100|[from] item: Black Sludge
|upkeep
|
|t:|1760718689
|switch|p1a: Scizor|Scizor, M|11/100
|turn|22
|
|t:|1760718692
|move|p1a: Scizor|Close Combat|p2a: Quaqsire
|-resisted|p2a: Quaqsire
|-damage|p2a: Quaqsire|25/100
|-unboost|p1a: Scizor|def|1
|-unboost|p1a: Scizor|spd|1
|move|p2a: Quaqsire|Recover|p2a: Quaqsire
|-heal|p2a: Quaqsire|75/100
|
|-heal|p2a: Quaqsire|81/100|[from] item: Black Sludge
|upkeep
|turn|23
|
|t:|1760718695
|move|p1a: Scizor|Defog|p2a: Quaqsire
|-unboost|p2a: Quaqsire|evasion|1
|-sideend|p1: ghidorahstan69|Stealth Rock|[from] move: Defog|[of] p1a: Scizor
|move|p2a: Quaqsire|Earthquake|p1a: Scizor
|-damage|p1a: Scizor|0 fnt
|faint|p1a: Scizor
|
|-heal|p2a: Quaqsire|88/100|[from] item: Black Sludge
|upkeep
|
|t:|1760718698
|switch|p1a: Kyurem|Kyurem|100/100
|-ability|p1a: Kyurem|Pressure
|turn|24
|-message|ghidorahstan69 forfeited.
|
|win|99steps_stuts
|raw|ghidorahstan69's rating: 1472 &rarr; <strong>1455</strong><br />(-17 for losing)
|raw|99steps_stuts's rating: 1528 &rarr; <strong>1545</strong><br />(+17 for winning)
|l|☆ghidorahstan69
|player|p1|
|l|☆99steps_stuts
|player|p2|
