|j|☆zafhn
|j|‽Scrafty.YN
|t:|1760729896
|gametype|singles
|player|p1|zafhn|acetrainerf|1348
|player|p2|Scrafty.YN|hoopster|1296
|gen|9
|tier|[Gen 9] OU
|rated|
|rule|HP Percentage Mod: HP is shown in percentages
|rule|Endless Battle Clause: Forcing endless battles is banned
|rule|Species Clause: Limit one of each Pokémon
|rule|OHKO Clause: OHKO moves are banned
|rule|Evasion Items Clause: Evasion items are banned
|rule|Evasion Moves Clause: Evasion moves are banned
|rule|Evasion Abilities Clause: Evasion abilities are banned
|rule|Sleep Moves Clause: Sleep-inducing moves are banned
|clearpoke
|poke|p1|Landorus-Therian, M|
|poke|p1|Primarina, M|
|poke|p1|Kingambit, F|
|poke|p1|Iron Valiant|
|poke|p1|Raging Bolt|
|poke|p1|Great Tusk|
|poke|p2|Gholdengo|
|poke|p2|Clodsire, F|
|poke|p2|Skarmory, M|
|poke|p2|Hariyama, F|
|poke|p2|Darkrai|
|poke|p2|Gliscor, M|
|teampreview
|
|t:|1760729913
|teamsize|p1|6
|teamsize|p2|6
|start
|switch|p1a: Great Tusk|Great Tusk|100/100
|switch|p2a: Skarmory|Skarmory, M|100/100
|-enditem|p1a: Great Tusk|Booster Energy
|-activate|p1a: Great Tusk|ability: Protosynthesis|[fromitem]
|-start|p1a: Great Tusk|protosynthesisatk
|turn|1
|
|t:|1760729917
|move|p1a: Great Tusk|Knock Off|p2a: Skarmory
|-damage|p2a: Skarmory|75/100
|-damage|p1a: Great Tusk|84/100|[from] item: Rocky Helmet|[of] p2a: Skarmory
|-enditem|p2a: Skarmory|Rocky Helmet|[from] move: Knock Off|[of] p1a: Great Tusk
|move|p2a: Skarmory|Spikes|p1a: Great Tusk
|-sidestart|p1: zafhn|Spikes
|
|upkeep
|turn|2
|
|t:|1760729923
|move|p1a: Great Tusk|Stealth Rock|p2a: Skarmory
|-sidestart|p2: Scrafty.YN|move: Stealth Rock
|move|p2a: Skarmory|Brave Bird|p1a: Great Tusk
|-supereffective|p1a: Great Tusk
|-damage|p1a: Great Tusk|31/100
|-damage|p2a: Skarmory|56/100|[from] Recoil
|
|upkeep
|turn|3
|
|t:|1760729930
|-end|p1a: Great Tusk|Protosynthesis|[silent]
|switch|p1a: Primarina|Primarina, M|100/100
|-damage|p1a: Primarina|88/100|[from] Spikes
|move|p2a: Skarmory|Roost|p2a: Skarmory
|-heal|p2a: Skarmory|100/100
|-singleturn|p2a: Skarmory|move: Roost
|
|-heal|p1a: Primarina|94/100|[from] item: Leftovers
|upkeep
|turn|4
|
|t:|1760729938
|switch|p2a: Clodsire|Clodsire, F, shiny|100/100
|move|p1a: Primarina|Calm Mind|p1a: Primarina
|-boost|p1a: Primarina|spa|1
|-boost|p1a: Primarina|spd|1
|
|-heal|p1a: Primarina|99/100|[from] item: Leftovers
|upkeep
|turn|5
|
|t:|1760729946
|switch|p1a: Kingambit|Kingambit, F|100/100
|-damage|p1a: Kingambit|88/100|[from] Spikes
|move|p2a: Clodsire|Toxic|p1a: Kingambit
|-immune|p1a: Kingambit
|
|upkeep
|turn|6
|
|t:|1760729952
|switch|p2a: Gliscor|Gliscor, M, shiny|100/100
|-damage|p2a: Gliscor|88/100|[from] Stealth Rock
|move|p1a: Kingambit|Swords Dance|p1a: Kingambit
|-boost|p1a: Kingambit|atk|2
|
|-status|p2a: Gliscor|tox|[from] item: Toxic Orb
|upkeep
|turn|7
|
|t:|1760729960
|move|p2a: Gliscor|Earthquake|p1a: Kingambit
|-supereffective|p1a: Kingambit
|-damage|p1a: Kingambit|39/100
|move|p1a: Kingambit|Kowtow Cleave|p2a: Gliscor
|-damage|p2a: Gliscor|12/100 tox
|
|-heal|p2a: Gliscor|24/100 tox|[from] ability: Poison Heal
|upkeep
|turn|8
|
|t:|1760729976
|move|p2a: Gliscor|Protect|p2a: Gliscor
|-singleturn|p2a: Gliscor|Protect
|move|p1a: Kingambit|Sucker Punch||[still]
|-fail|p1a: Kingambit
|
|-heal|p2a: Gliscor|36/100 tox|[from] ability: Poison Heal
|upkeep
|turn|9
|
|t:|1760729989
|switch|p2a: Skarmory|Skarmory, M|100/100
|-damage|p2a: Skarmory|88/100|[from] Stealth Rock
|move|p1a: Kingambit|Sucker Punch||[still]
|-fail|p1a: Kingambit
|
|upkeep
|turn|10
|
|t:|1760730004
|-end|p1a: Kingambit|fallenundefined|[silent]
|switch|p1a: Landorus|Landorus-Therian, M|100/100
|-ability|p1a: Landorus|Intimidate|boost
|-unboost|p2a: Skarmory|atk|1
|move|p2a: Skarmory|Roar|p1a: Landorus
|drag|p1a: Raging Bolt|Raging Bolt|100/100
|-damage|p1a: Raging Bolt|88/100|[from] Spikes
|
|upkeep
|turn|11
|
|t:|1760730009
|switch|p2a: Clodsire|Clodsire, F, shiny|100/100
|move|p1a: Raging Bolt|Draco Meteor|p2a: Clodsire
|-damage|p2a: Clodsire|36/100
|-unboost|p1a: Raging Bolt|spa|2
|
|upkeep
|turn|12
|
|t:|1760730015
|move|p1a: Raging Bolt|Draco Meteor|p2a: Clodsire
|-damage|p2a: Clodsire|3/100
|-unboost|p1a: Raging Bolt|spa|2
|move|p2a: Clodsire|Recover|p2a: Clodsire
|-heal|p2a: Clodsire|53/100
|
|upkeep
|turn|13
|
|t:|1760730023
|-end|p1a: Raging Bolt|Protosynthesis|[silent]
|switch|p1a: Great Tusk|Great Tusk|31/100
|-damage|p1a: Great Tusk|18/100|[from] Spikes
|move|p2a: Clodsire|Earthquake|p1a: Great Tusk
|-damage|p1a: Great Tusk|0 fnt
|faint|p1a: Great Tusk
|-end|p1a: Great Tusk|Protosynthesis|[silent]
|
|upkeep
|
|t:|1760730026
|switch|p1a: Landorus|Landorus-Therian, M|100/100
|-ability|p1a: Landorus|Intimidate|boost
|-unboost|p2a: Clodsire|atk|1
|turn|14
|
|t:|1760730029
|switch|p2a: Skarmory|Skarmory, M|88/100
|-damage|p2a: Skarmory|76/100|[from] Stealth Rock
|move|p1a: Landorus|U-turn|p2a: Skarmory
|-resisted|p2a: Skarmory
|-damage|p2a: Skarmory|72/100
|
|t:|1760730031
|switch|p1a: Raging Bolt|Raging Bolt|88/100|[from] U-turn
|-damage|p1a: Raging Bolt|76/100|[from] Spikes
|
|upkeep
|turn|15
|
|t:|1760730039
|switch|p2a: Hariyama|Hariyama, F, shiny|100/100
|-damage|p2a: Hariyama|94/100|[from] Stealth Rock
|move|p1a: Raging Bolt|Thunderbolt|p2a: Hariyama
|-damage|p2a: Hariyama|50/100
|
|upkeep
|turn|16
|
|t:|1760730048
|-end|p1a: Raging Bolt|Protosynthesis|[silent]
|switch|p1a: Landorus|Landorus-Therian, M|100/100
|-ability|p1a: Landorus|Intimidate|boost
|-unboost|p2a: Hariyama|atk|1
|move|p2a: Hariyama|Knock Off|p1a: Landorus
|-damage|p1a: Landorus|79/100
|-enditem|p1a: Landorus|Choice Scarf|[from] move: Knock Off|[of] p2a: Hariyama
|
|upkeep
|turn|17
|
|t:|1760730070
|move|p1a: Landorus|Earthquake|p2a: Hariyama
|-damage|p2a: Hariyama|0 fnt
|faint|p2a: Hariyama
|
|upkeep
|
|t:|1760730102
|switch|p2a: Skarmory|Skarmory, M|72/100
|-damage|p2a: Skarmory|60/100|[from] Stealth Rock
|turn|18
|
|t:|1760730105
|move|p1a: Landorus|U-turn|p2a: Skarmory
|-resisted|p2a: Skarmory
|-damage|p2a: Skarmory|56/100
|
|t:|1760730108
|switch|p1a: Kingambit|Kingambit, F|39/100|[from] U-turn
|-damage|p1a: Kingambit|26/100|[from] Spikes
|-activate|p1a: Kingambit|ability: Supreme Overlord
|-start|p1a: Kingambit|fallen1|[silent]
|move|p2a: Skarmory|Roost|p2a: Skarmory
|-heal|p2a: Skarmory|100/100
|-singleturn|p2a: Skarmory|move: Roost
|
|upkeep
|turn|19
|
|t:|1760730116
|-end|p1a: Kingambit|fallen1|[silent]
|switch|p1a: Landorus|Landorus-Therian, M|79/100
|-ability|p1a: Landorus|Intimidate|boost
|-unboost|p2a: Skarmory|atk|1
|move|p2a: Skarmory|Roar|p1a: Landorus
|drag|p1a: Raging Bolt|Raging Bolt|76/100
|-damage|p1a: Raging Bolt|63/100|[from] Spikes
|
|upkeep
|turn|20
|
|t:|1760730156
|-end|p1a: Raging Bolt|Protosynthesis|[silent]
|switch|p1a: Landorus|Landorus-Therian, M|79/100
|-ability|p1a: Landorus|Intimidate|boost
|-unboost|p2a: Skarmory|atk|1
|move|p2a: Skarmory|Spikes|p1a: Landorus
|-sidestart|p1: zafhn|Spikes
|
|upkeep
|turn|21
|
|t:|1760730165
|switch|p2a: Clodsire|Clodsire, F, shiny|53/100
|move|p1a: Landorus|Rock Slide|p2a: Clodsire
|-resisted|p2a: Clodsire
|-damage|p2a: Clodsire|36/100
|
|upkeep
|turn|22
|
|t:|1760730173
|switch|p2a: Skarmory|Skarmory, M|100/100
|-damage|p2a: Skarmory|88/100|[from] Stealth Rock
|move|p1a: Landorus|Earthquake|p2a: Skarmory
|-immune|p2a: Skarmory
|
|upkeep
|turn|23
|
|t:|1760730182
|move|p1a: Landorus|Rock Slide|p2a: Skarmory
|-damage|p2a: Skarmory|71/100
|cant|p2a: Skarmory|flinch
|
|upkeep
|turn|24
|
|t:|1760730192
|switch|p1a: Kingambit|Kingambit, F|26/100
|-damage|p1a: Kingambit|10/100|[from] Spikes
|-activate|p1a: Kingambit|ability: Supreme Overlord
|-start|p1a: Kingambit|fallen1|[silent]
|move|p2a: Skarmory|Spikes|p1a: Kingambit
|-sidestart|p1: zafhn|Spikes
|
|upkeep
|turn|25
|
|t:|1760730199
|move|p2a: Skarmory|Brave Bird|p1a: Kingambit
|-resisted|p1a: Kingambit
|-damage|p1a: Kingambit|0 fnt
|faint|p1a: Kingambit
|-end|p1a: Kingambit|fallen1|[silent]
|-damage|p2a: Skarmory|68/100|[from] Recoil
|
|upkeep
|
|t:|1760730203
|switch|p1a: Raging Bolt|Raging Bolt|63/100
|-damage|p1a: Raging Bolt|39/100|[from] Spikes
|turn|26
|
|t:|1760730218
|move|p1a: Raging Bolt|Draco Meteor|p2a: Skarmory
|-resisted|p2a: Skarmory
|-damage|p2a: Skarmory|0 fnt
|-unboost|p1a: Raging Bolt|spa|2
|faint|p2a: Skarmory
|
|upkeep
|
|t:|1760730226
|switch|p2a: Clodsire|Clodsire, F, shiny|36/100
|turn|27
|
|t:|1760730232
|move|p1a: Raging Bolt|Draco Meteor|p2a: Clodsire
|-crit|p2a: Clodsire
|-damage|p2a: Clodsire|0 fnt
|-unboost|p1a: Raging Bolt|spa|2
|faint|p2a: Clodsire
|
|upkeep
|
|t:|1760730245
|switch|p2a: Darkrai|Darkrai|100/100
|turn|28
|
|t:|1760730249
|move|p2a: Darkrai|Ice Beam|p1a: Raging Bolt
|-supereffective|p1a: Raging Bolt
|-damage|p1a: Raging Bolt|0 fnt
|faint|p1a: Raging Bolt
|-end|p1a: Raging Bolt|Protosynthesis|[silent]
|
|upkeep
|
|t:|1760730255
|switch|p1a: Iron Valiant|Iron Valiant|100/100
|-damage|p1a: Iron Valiant|76/100|[from] Spikes
|-enditem|p1a: Iron Valiant|Booster Energy
|-activate|p1a: Iron Valiant|ability: Quark Drive|[fromitem]
|-start|p1a: Iron Valiant|quarkdrivespe
|turn|29
|
|t:|1760730262
|-terastallize|p2a: Darkrai|Poison
|move|p1a: Iron Valiant|Shadow Ball|p2a: Darkrai
|-damage|p2a: Darkrai|65/100
|move|p2a: Darkrai|Sludge Bomb|p1a: Iron Valiant
|-supereffective|p1a: Iron Valiant
|-damage|p1a: Iron Valiant|0 fnt
|faint|p1a: Iron Valiant
|-end|p1a: Iron Valiant|Quark Drive|[silent]
|
|upkeep
|
|t:|1760730270
|switch|p1a: Primarina|Primarina, M|99/100
|-damage|p1a: Primarina|75/100|[from] Spikes
|turn|30
|
|t:|1760730278
|move|p2a: Darkrai|Sludge Bomb|p1a: Primarina
|-supereffective|p1a: Primarina
|-damage|p1a: Primarina|0 fnt
|faint|p1a: Primarina
|
|upkeep
|
|t:|1760730280
|switch|p1a: Landorus|Landorus-Therian, M|79/100
|-ability|p1a: Landorus|Intimidate|boost
|-unboost|p2a: Darkrai|atk|1
|turn|31
|
|t:|1760730283
|move|p2a: Darkrai|Ice Beam|p1a: Landorus
|-supereffective|p1a: Landorus
|-damage|p1a: Landorus|0 fnt
|faint|p1a: Landorus
|
|win|Scrafty.YN
|raw|zafhn's rating: 1348 &rarr; <strong>1325</strong><br />(-23 for losing)
|raw|Scrafty.YN's rating: 1296 &rarr; <strong>1325</strong><br />(+29 for winning)
|l|☆zafhn
|player|p1|
