|j|☆Auac
|j|☆Golurk365
|t:|1760861386
|gametype|singles
|player|p1|Auac|169|1137
|player|p2|Golurk365|hugh|1191
|gen|9
|tier|[Gen 9] OU
|rated|
|rule|HP Percentage Mod: HP is shown in percentages
|rule|Endless Battle Clause: Forcing endless battles is banned
|rule|Species Clause: Limit one of each Pokémon
|rule|OHKO Clause: OHKO moves are banned
|rule|Evasion Items Clause: Evasion items are banned
|rule|Evasion Moves Clause: Evasion moves are banned
|rule|Evasion Abilities Clause: Evasion abilities are banned
|rule|Sleep Moves Clause: Sleep-inducing moves are banned
|clearpoke
|poke|p1|Sylveon, F|
|poke|p1|Garganacl, F|
|poke|p1|Delphox, F|
|poke|p1|Tyranitar, F|
|poke|p1|Rotom-Wash|
|poke|p1|Iron Hands|
|poke|p2|Golurk|
|poke|p2|Mamoswine, M|
|poke|p2|Lokix, F|
|poke|p2|Ogerpon-Wellspring, F|
|poke|p2|Grimmsnarl, M|
|poke|p2|Dragonite, F|
|teampreview
|inactive|Battle timer is ON: inactive players will automatically lose when time's up. (requested by Golurk365)
|
|t:|1760861402
|teamsize|p1|6
|teamsize|p2|6
|start
|switch|p1a: Iron Hands|Iron Hands|100/100
|switch|p2a: Golurk|Golurk, shiny|100/100
|-enditem|p1a: Iron Hands|Booster Energy
|-activate|p1a: Iron Hands|ability: Quark Drive|[fromitem]
|-start|p1a: Iron Hands|quarkdriveatk
|turn|1
|
|t:|1760861414
|move|p2a: Golurk|Earthquake|p1a: Iron Hands
|-supereffective|p1a: Iron Hands
|-damage|p1a: Iron Hands|0 fnt
|faint|p1a: Iron Hands
|-end|p1a: Iron Hands|Quark Drive|[silent]
|
|upkeep
|
|t:|1760861423
|switch|p1a: Rotom|Rotom-Wash|100/100
|turn|2
|
|t:|1760861429
|switch|p2a: Ogerpon|Ogerpon-Wellspring, F|100/100
|move|p1a: Rotom|Will-O-Wisp|p2a: Ogerpon
|-status|p2a: Ogerpon|brn
|
|-damage|p2a: Ogerpon|95/100 brn|[from] brn
|upkeep
|turn|3
|
|t:|1760861441
|switch|p1a: Delphox|Delphox, F|100/100
|move|p2a: Ogerpon|Swords Dance|p2a: Ogerpon
|-boost|p2a: Ogerpon|atk|2
|
|-damage|p2a: Ogerpon|89/100 brn|[from] brn
|upkeep
|turn|4
|
|t:|1760861452
|move|p2a: Ogerpon|Ivy Cudgel|p1a: Delphox|[anim] Ivy Cudgel Water
|-supereffective|p1a: Delphox
|-damage|p1a: Delphox|0 fnt
|faint|p1a: Delphox
|
|-damage|p2a: Ogerpon|83/100 brn|[from] brn
|upkeep
|
|t:|1760861465
|switch|p1a: Sylveon|Sylveon, F|100/100
|turn|5
|
|t:|1760861473
|move|p1a: Sylveon|Protect|p1a: Sylveon
|-singleturn|p1a: Sylveon|Protect
|move|p2a: Ogerpon|Ivy Cudgel|p1a: Sylveon|[anim] Ivy Cudgel Water
|-activate|p1a: Sylveon|move: Protect
|
|-damage|p2a: Ogerpon|77/100 brn|[from] brn
|upkeep
|turn|6
|
|t:|1760861488
|move|p2a: Ogerpon|Ivy Cudgel|p1a: Sylveon|[anim] Ivy Cudgel Water
|-damage|p1a: Sylveon|52/100
|move|p1a: Sylveon|Light Screen|p1a: Sylveon
|-sidestart|p1: Auac|move: Light Screen
|
|-heal|p1a: Sylveon|58/100|[from] item: Leftovers
|-damage|p2a: Ogerpon|71/100 brn|[from] brn
|upkeep
|turn|7
|
|t:|1760861498
|move|p1a: Sylveon|Protect|p1a: Sylveon
|-singleturn|p1a: Sylveon|Protect
|move|p2a: Ogerpon|Swords Dance|p2a: Ogerpon
|-boost|p2a: Ogerpon|atk|2
|
|-heal|p1a: Sylveon|64/100|[from] item: Leftovers
|-damage|p2a: Ogerpon|65/100 brn|[from] brn
|upkeep
|turn|8
|
|t:|1760861508
|move|p2a: Ogerpon|Horn Leech|p1a: Sylveon
|-damage|p1a: Sylveon|11/100
|-heal|p2a: Ogerpon|99/100 brn|[from] drain|[of] p1a: Sylveon
|move|p1a: Sylveon|Hyper Voice|p2a: Ogerpon
|-damage|p2a: Ogerpon|53/100 brn
|
|-heal|p1a: Sylveon|17/100|[from] item: Leftovers
|-damage|p2a: Ogerpon|47/100 brn|[from] brn
|upkeep
|turn|9
|
|t:|1760861519
|move|p1a: Sylveon|Protect|p1a: Sylveon
|-singleturn|p1a: Sylveon|Protect
|move|p2a: Ogerpon|Horn Leech|p1a: Sylveon
|-activate|p1a: Sylveon|move: Protect
|
|-heal|p1a: Sylveon|23/100|[from] item: Leftovers
|-damage|p2a: Ogerpon|41/100 brn|[from] brn
|upkeep
|turn|10
|
|t:|1760861530
|move|p2a: Ogerpon|Horn Leech|p1a: Sylveon
|-damage|p1a: Sylveon|0 fnt
|-heal|p2a: Ogerpon|56/100 brn|[from] drain|[of] p1a: Sylveon
|faint|p1a: Sylveon
|
|-damage|p2a: Ogerpon|50/100 brn|[from] brn
|-sideend|p1: Auac|move: Light Screen
|upkeep
|
|t:|1760861544
|switch|p1a: Tyranitar|Tyranitar, F|100/100
|-weather|Sandstorm|[from] ability: Sand Stream|[of] p1a: Tyranitar
|turn|11
|
|t:|1760861557
|move|p1a: Tyranitar|Ice Punch|p2a: Ogerpon
|-damage|p2a: Ogerpon|16/100 brn
|move|p2a: Ogerpon|Ivy Cudgel|p1a: Tyranitar|[anim] Ivy Cudgel Water
|-supereffective|p1a: Tyranitar
|-damage|p1a: Tyranitar|0 fnt
|faint|p1a: Tyranitar
|
|-weather|Sandstorm|[upkeep]
|-damage|p2a: Ogerpon|10/100 brn|[from] Sandstorm
|-damage|p2a: Ogerpon|4/100 brn|[from] brn
|upkeep
|
|t:|1760861573
|switch|p1a: Rotom|Rotom-Wash|100/100
|turn|12
|
|t:|1760861578
|move|p2a: Ogerpon|Horn Leech|p1a: Rotom
|-supereffective|p1a: Rotom
|-damage|p1a: Rotom|0 fnt
|-heal|p2a: Ogerpon|55/100 brn|[from] drain|[of] p1a: Rotom
|faint|p1a: Rotom
|
|-weather|Sandstorm|[upkeep]
|-damage|p2a: Ogerpon|49/100 brn|[from] Sandstorm
|-damage|p2a: Ogerpon|43/100 brn|[from] brn
|upkeep
|
|t:|1760861582
|switch|p1a: Garganacl|Garganacl, F|100/100
|turn|13
|
|t:|1760861587
|-terastallize|p2a: Ogerpon|Water
|detailschange|p2a: Ogerpon|Ogerpon-Wellspring-Tera, F, tera:Water
|-ability|p2a: Ogerpon|Embody Aspect (Wellspring)|boost
|-boost|p2a: Ogerpon|spd|1
|move|p1a: Garganacl|Protect|p1a: Garganacl
|-singleturn|p1a: Garganacl|Protect
|move|p2a: Ogerpon|Ivy Cudgel|p1a: Garganacl|[anim] Ivy Cudgel Water
|-activate|p1a: Garganacl|move: Protect
|
|-weather|Sandstorm|[upkeep]
|-damage|p2a: Ogerpon|37/100 brn|[from] Sandstorm
|-damage|p2a: Ogerpon|31/100 brn|[from] brn
|upkeep
|turn|14
|
|t:|1760861596
|move|p2a: Ogerpon|Ivy Cudgel|p1a: Garganacl|[anim] Ivy Cudgel Water
|-supereffective|p1a: Garganacl
|-damage|p1a: Garganacl|0 fnt
|faint|p1a: Garganacl
|
|win|Golurk365
|raw|Auac's rating: 1137 &rarr; <strong>1116</strong><br />(-21 for losing)
|raw|Golurk365's rating: 1191 &rarr; <strong>1212</strong><br />(+21 for winning)
|c|☆Golurk365|gg
|l|☆Auac
|player|p1|
|l|☆Golurk365
|player|p2|
