|j|☆repete64
|j|☆bezos of the nasal
|t:|1760833382
|gametype|singles
|player|p1|repete64|101|1641
|player|p2|bezos of the nasal|#adpl|1749
|gen|9
|tier|[Gen 9] OU
|rated|
|rule|HP Percentage Mod: HP is shown in percentages
|rule|Endless Battle Clause: Forcing endless battles is banned
|rule|Species Clause: Limit one of each Pokémon
|rule|OHKO Clause: OHKO moves are banned
|rule|Evasion Items Clause: Evasion items are banned
|rule|Evasion Moves Clause: Evasion moves are banned
|rule|Evasion Abilities Clause: Evasion abilities are banned
|rule|Sleep Moves Clause: Sleep-inducing moves are banned
|clearpoke
|poke|p1|Barraskewda, F|
|poke|p1|Pelipper, M|
|poke|p1|Iron Treads|
|poke|p1|Raging Bolt|
|poke|p1|Greninja-*, M|
|poke|p1|Scizor, M|
|poke|p2|Politoed, F|
|poke|p2|Drednaw, F|
|poke|p2|Poliwrath, F|
|poke|p2|Dragonite, F|
|poke|p2|Clodsire, F|
|poke|p2|Hatterene, F|
|teampreview
|inactive|Battle timer is ON: inactive players will automatically lose when time's up. (requested by bezos of the nasal)
|j| whocarres
|
|t:|1760833396
|teamsize|p1|6
|teamsize|p2|6
|start
|switch|p1a: Scizor|Scizor, M|100/100
|switch|p2a: CROAK CROAK|Politoed, F|100/100
|-weather|RainDance|[from] ability: Drizzle|[of] p2a: CROAK CROAK
|turn|1
|j| Little Cuack28
|
|t:|1760833408
|move|p2a: CROAK CROAK|Weather Ball|p1a: Scizor
|-damage|p1a: Scizor|49/100
|move|p1a: Scizor|U-turn|p2a: CROAK CROAK
|-damage|p2a: CROAK CROAK|45/100
|
|t:|1760833412
|switch|p1a: Raging Bolt|Raging Bolt|100/100|[from] U-turn
|
|-weather|RainDance|[upkeep]
|upkeep
|turn|2
|
|t:|1760833424
|switch|p2a: MUDFISH|Clodsire, F|100/100
|move|p1a: Raging Bolt|Draco Meteor|p2a: MUDFISH
|-damage|p2a: MUDFISH|18/100
|-unboost|p1a: Raging Bolt|spa|2
|
|-weather|RainDance|[upkeep]
|-heal|p2a: MUDFISH|24/100|[from] item: Leftovers
|upkeep
|turn|3
|
|t:|1760833445
|-end|p1a: Raging Bolt|Protosynthesis|[silent]
|switch|p1a: Scizor|Scizor, M|49/100
|move|p2a: MUDFISH|Recover|p2a: MUDFISH
|-heal|p2a: MUDFISH|74/100
|
|-weather|RainDance|[upkeep]
|-heal|p2a: MUDFISH|80/100|[from] item: Leftovers
|upkeep
|turn|4
|
|t:|1760833456
|move|p1a: Scizor|Dual Wingbeat|p2a: MUDFISH
|-crit|p2a: MUDFISH
|-damage|p2a: MUDFISH|40/100
|-damage|p2a: MUDFISH|15/100
|-hitcount|p2a: MUDFISH|2
|move|p2a: MUDFISH|Curse|p2a: MUDFISH
|-unboost|p2a: MUDFISH|spe|1
|-boost|p2a: MUDFISH|atk|1
|-boost|p2a: MUDFISH|def|1
|
|-weather|RainDance|[upkeep]
|-heal|p2a: MUDFISH|21/100|[from] item: Leftovers
|upkeep
|turn|5
|
|t:|1760833475
|move|p1a: Scizor|Dual Wingbeat|p2a: MUDFISH
|-damage|p2a: MUDFISH|3/100
|-damage|p2a: MUDFISH|0 fnt
|faint|p2a: MUDFISH
|-hitcount|p2: MUDFISH|2
|
|-weather|RainDance|[upkeep]
|upkeep
|
|t:|1760833477
|switch|p2a: LEMME SMASH|Drednaw, F|100/100
|turn|6
|
|t:|1760833496
|move|p2a: LEMME SMASH|Shell Smash|p2a: LEMME SMASH
|-unboost|p2a: LEMME SMASH|def|1
|-unboost|p2a: LEMME SMASH|spd|1
|-boost|p2a: LEMME SMASH|atk|2
|-boost|p2a: LEMME SMASH|spa|2
|-boost|p2a: LEMME SMASH|spe|2
|move|p1a: Scizor|Dual Wingbeat|p2a: LEMME SMASH
|-resisted|p2a: LEMME SMASH
|-damage|p2a: LEMME SMASH|70/100
|-resisted|p2a: LEMME SMASH
|-damage|p2a: LEMME SMASH|40/100
|-hitcount|p2a: LEMME SMASH|2
|
|-weather|RainDance|[upkeep]
|upkeep
|turn|7
|
|t:|1760833503
|move|p2a: LEMME SMASH|Liquidation|p1a: Scizor
|-damage|p1a: Scizor|0 fnt
|faint|p1a: Scizor
|
|-weather|RainDance|[upkeep]
|upkeep
|
|t:|1760833506
|switch|p1a: Barraskewda|Barraskewda, F|100/100
|turn|8
|
|t:|1760833521
|switch|p2a: FUCK GAMBIT|Poliwrath, F|100/100
|move|p1a: Barraskewda|Close Combat|p2a: FUCK GAMBIT
|-damage|p2a: FUCK GAMBIT|53/100
|-unboost|p1a: Barraskewda|def|1
|-unboost|p1a: Barraskewda|spd|1
|
|-weather|none
|upkeep
|turn|9
|
|t:|1760833534
|switch|p1a: Pelipper|Pelipper, M|100/100
|-weather|RainDance|[from] ability: Drizzle|[of] p1a: Pelipper
|switch|p2a: SEA WITCH|Hatterene, F|100/100
|
|-weather|RainDance|[upkeep]
|upkeep
|turn|10
|
|t:|1760833538
|move|p1a: Pelipper|Weather Ball|p2a: SEA WITCH
|-damage|p2a: SEA WITCH|31/100
|-enditem|p2a: SEA WITCH|Eject Button
|
|t:|1760833541
|switch|p2a: WEATHER SIREN|Dragonite, F|100/100
|
|-weather|RainDance|[upkeep]
|upkeep
|turn|11
|
|t:|1760833544
|move|p2a: WEATHER SIREN|Hurricane|p1a: Pelipper
|-damage|p1a: Pelipper|0 fnt
|faint|p1a: Pelipper
|
|-weather|RainDance|[upkeep]
|upkeep
|c|☆repete64|oh
|
|t:|1760833550
|switch|p1a: Raging Bolt|Raging Bolt|100/100
|turn|12
|
|t:|1760833553
|switch|p2a: SEA WITCH|Hatterene, F|31/100
|move|p1a: Raging Bolt|Thunder|p2a: SEA WITCH
|-damage|p2a: SEA WITCH|0 fnt
|faint|p2a: SEA WITCH
|
|-weather|RainDance|[upkeep]
|upkeep
|
|t:|1760833570
|switch|p2a: LEMME SMASH|Drednaw, F|40/100
|turn|13
|inactive|bezos of the nasal has 120 seconds left.
|
|t:|1760833614
|-end|p1a: Raging Bolt|Protosynthesis|[silent]
|switch|p1a: Barraskewda|Barraskewda, F|100/100
|-terastallize|p2a: LEMME SMASH|Ground
|move|p2a: LEMME SMASH|Earthquake|p1a: Barraskewda
|-damage|p1a: Barraskewda|0 fnt
|faint|p1a: Barraskewda
|
|-weather|RainDance|[upkeep]
|upkeep
|
|t:|1760833621
|switch|p1a: Greninja|Greninja, M|100/100
|turn|14
|inactive|bezos of the nasal has 120 seconds left.
|
|t:|1760833652
|switch|p2a: FUCK GAMBIT|Poliwrath, F|53/100
|move|p1a: Greninja|Tera Blast|p2a: FUCK GAMBIT
|-damage|p2a: FUCK GAMBIT|19/100
|-enditem|p2a: FUCK GAMBIT|Sitrus Berry|[eat]
|-heal|p2a: FUCK GAMBIT|44/100|[from] item: Sitrus Berry
|-damage|p1a: Greninja|91/100|[from] item: Life Orb
|
|-weather|RainDance|[upkeep]
|upkeep
|turn|15
|
|t:|1760833661
|-terastallize|p1a: Greninja|Ground
|move|p2a: FUCK GAMBIT|Drain Punch|p1a: Greninja
|-damage|p1a: Greninja|33/100
|-heal|p2a: FUCK GAMBIT|69/100|[from] drain|[of] p1a: Greninja
|move|p1a: Greninja|Tera Blast|p2a: FUCK GAMBIT|[anim] Tera Blast Ground
|-damage|p2a: FUCK GAMBIT|19/100
|-damage|p1a: Greninja|24/100|[from] item: Life Orb
|
|-weather|RainDance|[upkeep]
|upkeep
|turn|16
|inactive|bezos of the nasal has 90 seconds left.
|
|t:|1760833689
|move|p2a: FUCK GAMBIT|Drain Punch|p1a: Greninja
|-damage|p1a: Greninja|0 fnt
|-heal|p2a: FUCK GAMBIT|29/100|[from] drain|[of] p1a: Greninja
|faint|p1a: Greninja
|
|-weather|none
|upkeep
|
|t:|1760833694
|switch|p1a: Iron Treads|Iron Treads|100/100
|-item|p1a: Iron Treads|Air Balloon
|turn|17
|inactive|bezos of the nasal has 90 seconds left.
|
|t:|1760833721
|move|p1a: Iron Treads|Earthquake|p2a: FUCK GAMBIT
|-damage|p2a: FUCK GAMBIT|0 fnt
|faint|p2a: FUCK GAMBIT
|
|upkeep
|
|t:|1760833727
|switch|p2a: CROAK CROAK|Politoed, F|45/100
|-weather|RainDance|[from] ability: Drizzle|[of] p2a: CROAK CROAK
|turn|18
|
|t:|1760833733
|move|p1a: Iron Treads|Earthquake|p2a: CROAK CROAK
|-damage|p2a: CROAK CROAK|0 fnt
|faint|p2a: CROAK CROAK
|
|-weather|RainDance|[upkeep]
|upkeep
|
|t:|1760833743
|switch|p2a: LEMME SMASH|Drednaw, F, tera:Ground|40/100
|turn|19
|
|t:|1760833748
|move|p2a: LEMME SMASH|Liquidation|p1a: Iron Treads
|-supereffective|p1a: Iron Treads
|-damage|p1a: Iron Treads|0 fnt
|-enditem|p1a: Iron Treads|Air Balloon
|faint|p1a: Iron Treads
|-end|p1a: Iron Treads|Quark Drive|[silent]
|
|-weather|RainDance|[upkeep]
|upkeep
|
|t:|1760833749
|switch|p1a: Raging Bolt|Raging Bolt|100/100
|turn|20
|
|t:|1760833752
|move|p2a: LEMME SMASH|Earthquake|p1a: Raging Bolt
|-supereffective|p1a: Raging Bolt
|-damage|p1a: Raging Bolt|17/100
|move|p1a: Raging Bolt|Draco Meteor|p2a: LEMME SMASH
|-damage|p2a: LEMME SMASH|0 fnt
|-unboost|p1a: Raging Bolt|spa|2
|faint|p2a: LEMME SMASH
|
|-weather|RainDance|[upkeep]
|upkeep
|
|t:|1760833754
|switch|p2a: WEATHER SIREN|Dragonite, F|100/100
|turn|21
|
|t:|1760833756
|move|p2a: WEATHER SIREN|Extreme Speed|p1a: Raging Bolt
|-damage|p1a: Raging Bolt|0 fnt
|faint|p1a: Raging Bolt
|-end|p1a: Raging Bolt|Protosynthesis|[silent]
|
|win|bezos of the nasal
|raw|repete64's rating: 1641 &rarr; <strong>1627</strong><br />(-14 for losing)
|raw|bezos of the nasal's rating: 1749 &rarr; <strong>1763</strong><br />(+14 for winning)
|l|☆repete64
|player|p1|
|c|☆bezos of the nasal|gg
|l| Little Cuack28
|l|☆bezos of the nasal
|player|p2|
|l| whocarres
