|j|☆Lotadfan22
|j|☆fguioahuiofd
|t:|1760798456
|gametype|singles
|player|p1|Lotadfan22|blaine|1292
|player|p2|fguioahuiofd|265|1247
|gen|9
|tier|[Gen 9] OU
|rated|
|rule|HP Percentage Mod: HP is shown in percentages
|rule|Endless Battle Clause: Forcing endless battles is banned
|rule|Species Clause: Limit one of each Pokémon
|rule|OHKO Clause: OHKO moves are banned
|rule|Evasion Items Clause: Evasion items are banned
|rule|Evasion Moves Clause: Evasion moves are banned
|rule|Evasion Abilities Clause: Evasion abilities are banned
|rule|Sleep Moves Clause: Sleep-inducing moves are banned
|clearpoke
|poke|p1|Dragonite, F|
|poke|p1|Arcanine-Hisui, M|
|poke|p1|Primarina, M|
|poke|p1|Rillaboom, F|
|poke|p1|Great Tusk|
|poke|p1|Kingambit, M|
|poke|p2|Landorus-Therian, M|
|poke|p2|Kingambit, M|
|poke|p2|Kyurem|
|poke|p2|Primarina, F|
|poke|p2|Iron Moth|
|poke|p2|Ogerpon-Wellspring, F|
|teampreview
|
|t:|1760798475
|teamsize|p1|6
|teamsize|p2|6
|start
|switch|p1a: Primarina|Primarina, M|100/100
|switch|p2a: Primarina|Primarina, F|100/100
|turn|1
|
|t:|1760798479
|move|p1a: Primarina|Flip Turn|p2a: Primarina
|-resisted|p2a: Primarina
|-damage|p2a: Primarina|91/100
|
|t:|1760798484
|switch|p1a: Rillaboom|Rillaboom, F|100/100|[from] Flip Turn
|-fieldstart|move: Grassy Terrain|[from] ability: Grassy Surge|[of] p1a: Rillaboom
|move|p2a: Primarina|Flip Turn|p1a: Rillaboom
|-resisted|p1a: Rillaboom
|-damage|p1a: Rillaboom|92/100
|
|t:|1760798493
|switch|p2a: Iron Moth|Iron Moth, shiny|100/100|[from] Flip Turn
|-enditem|p2a: Iron Moth|Booster Energy
|-activate|p2a: Iron Moth|ability: Quark Drive|[fromitem]
|-start|p2a: Iron Moth|quarkdrivespe
|
|-heal|p1a: Rillaboom|98/100|[from] Grassy Terrain
|upkeep
|turn|2
|
|t:|1760798501
|switch|p1a: Arcanine|Arcanine-Hisui, M|100/100
|move|p2a: Iron Moth|Fiery Dance|p1a: Arcanine
|-resisted|p1a: Arcanine
|-damage|p1a: Arcanine|89/100
|
|-heal|p1a: Arcanine|95/100|[from] Grassy Terrain
|upkeep
|turn|3
|
|t:|1760798513
|-terastallize|p2a: Iron Moth|Grass
|move|p2a: Iron Moth|Energy Ball|p1a: Arcanine
|-damage|p1a: Arcanine|19/100
|move|p1a: Arcanine|Head Smash|p2a: Iron Moth
|-crit|p2a: Iron Moth
|-damage|p2a: Iron Moth|0 fnt
|faint|p2a: Iron Moth
|-end|p2a: Iron Moth|Quark Drive|[silent]
|
|-heal|p1a: Arcanine|25/100|[from] Grassy Terrain
|upkeep
|
|t:|1760798522
|switch|p2a: Ogerpon|Ogerpon-Wellspring, F|100/100
|turn|4
|inactive|Battle timer is ON: inactive players will automatically lose when time's up. (requested by fguioahuiofd)
|
|t:|1760798544
|move|p1a: Arcanine|Extreme Speed|p2a: Ogerpon
|-damage|p2a: Ogerpon|74/100
|move|p2a: Ogerpon|Ivy Cudgel|p1a: Arcanine|[anim] Ivy Cudgel Water
|-supereffective|p1a: Arcanine
|-damage|p1a: Arcanine|0 fnt
|faint|p1a: Arcanine
|
|-heal|p2a: Ogerpon|80/100|[from] Grassy Terrain
|upkeep
|
|t:|1760798563
|switch|p1a: Rillaboom|Rillaboom, F|98/100
|turn|5
|
|t:|1760798567
|move|p2a: Ogerpon|Spiky Shield|p2a: Ogerpon
|-singleturn|p2a: Ogerpon|move: Protect
|move|p1a: Rillaboom|Wood Hammer|p2a: Ogerpon
|-activate|p2a: Ogerpon|move: Protect
|-damage|p1a: Rillaboom|86/100|[from] Spiky Shield|[of] p2a: Ogerpon
|
|-heal|p2a: Ogerpon|86/100|[from] Grassy Terrain
|-heal|p1a: Rillaboom|92/100|[from] Grassy Terrain
|-fieldend|move: Grassy Terrain
|upkeep
|turn|6
|
|t:|1760798578
|switch|p2a: Landorus|Landorus-Therian, M|100/100
|-ability|p2a: Landorus|Intimidate|boost
|-unboost|p1a: Rillaboom|atk|1
|move|p1a: Rillaboom|Wood Hammer|p2a: Landorus
|-damage|p2a: Landorus|55/100
|-damage|p1a: Rillaboom|76/100|[from] item: Rocky Helmet|[of] p2a: Landorus
|-damage|p1a: Rillaboom|59/100|[from] Recoil
|
|upkeep
|turn|7
|
|t:|1760798589
|switch|p1a: Dragonite|Dragonite, F|100/100
|move|p2a: Landorus|U-turn|p1a: Dragonite
|-resisted|p1a: Dragonite
|-damage|p1a: Dragonite|94/100
|
|t:|1760798594
|switch|p2a: Kyurem|Kyurem|100/100|[from] U-turn
|-ability|p2a: Kyurem|Pressure
|
|upkeep
|turn|8
|
|t:|1760798601
|-terastallize|p1a: Dragonite|Fairy
|move|p2a: Kyurem|Freeze-Dry|p1a: Dragonite
|-crit|p1a: Dragonite
|-damage|p1a: Dragonite|33/100
|-status|p1a: Dragonite|frz
|cant|p1a: Dragonite|frz
|
|upkeep
|turn|9
|c|☆Lotadfan22|its wraps
|
|t:|1760798618
|move|p2a: Kyurem|Freeze-Dry|p1a: Dragonite
|-damage|p1a: Dragonite|0 fnt
|faint|p1a: Dragonite
|
|upkeep
|
|t:|1760798623
|switch|p1a: Primarina|Primarina, M|100/100
|turn|10
|
|t:|1760798645
|switch|p2a: Ogerpon|Ogerpon-Wellspring, F|86/100
|move|p1a: Primarina|Moonblast|p2a: Ogerpon
|-crit|p2a: Ogerpon
|-damage|p2a: Ogerpon|10/100
|
|upkeep
|turn|11
|-message|fguioahuiofd forfeited by changing their name.
|l| fguioahuiofd
|
|win|Lotadfan22
|raw|Lotadfan22's rating: 1292 &rarr; <strong>1314</strong><br />(+22 for winning)
|raw|fguioahuiofd's rating: 1247 &rarr; <strong>1225</strong><br />(-22 for losing)
