|j|☆karuaan
|j|☆Passerby bye
|t:|1760883615
|gametype|singles
|player|p1|karuaan|cynthia-gen4|1285
|player|p2|Passerby bye|scientist-gen4|1265
|gen|9
|tier|[Gen 9] OU
|rated|
|rule|HP Percentage Mod: HP is shown in percentages
|rule|Endless Battle Clause: Forcing endless battles is banned
|rule|Species Clause: Limit one of each Pokémon
|rule|OHKO Clause: OHKO moves are banned
|rule|Evasion Items Clause: Evasion items are banned
|rule|Evasion Moves Clause: Evasion moves are banned
|rule|Evasion Abilities Clause: Evasion abilities are banned
|rule|Sleep Moves Clause: Sleep-inducing moves are banned
|clearpoke
|poke|p1|Rillaboom, M|
|poke|p1|Moltres|
|poke|p1|Raging Bolt|
|poke|p1|Iron Crown|
|poke|p1|Great Tusk|
|poke|p1|Primarina, M|
|poke|p2|Wigglytuff, F|
|poke|p2|Gliscor, M|
|poke|p2|Houndoom, M|
|poke|p2|Magnezone|
|poke|p2|Slowbro, F|
|poke|p2|Vileplume, M|
|teampreview
|
|t:|1760883625
|teamsize|p1|6
|teamsize|p2|6
|start
|switch|p1a: Primarina|Primarina, M|100/100
|switch|p2a: Magnezone|Magnezone|100/100
|turn|1
|
|t:|1760883639
|switch|p1a: Great Tusk|Great Tusk|100/100
|move|p2a: Magnezone|Flash Cannon|p1a: Great Tusk
|-damage|p1a: Great Tusk|0 fnt
|faint|p1a: Great Tusk
|-end|p1a: Great Tusk|Protosynthesis|[silent]
|
|upkeep
|inactive|Battle timer is ON: inactive players will automatically lose when time's up. (requested by karuaan)
|
|t:|1760883647
|switch|p1a: Moltres|Moltres|100/100
|turn|2
|
|t:|1760883653
|switch|p2a: Houndoom|Houndoom, M|100/100
|move|p1a: Moltres|Flamethrower|p2a: Houndoom
|-start|p2a: Houndoom|ability: Flash Fire
|
|upkeep
|turn|3
|
|t:|1760883659
|move|p2a: Houndoom|Dark Pulse|p1a: Moltres
|-damage|p1a: Moltres|62/100
|cant|p1a: Moltres|flinch
|
|upkeep
|turn|4
|
|t:|1760883664
|move|p2a: Houndoom|Dark Pulse|p1a: Moltres
|-damage|p1a: Moltres|26/100
|move|p1a: Moltres|Roar|p2a: Houndoom
|-end|p2a: Houndoom|ability: Flash Fire|[silent]
|drag|p2a: Gliscor|Gliscor, M|100/100
|
|-status|p2a: Gliscor|tox|[from] item: Toxic Orb
|upkeep
|turn|5
|
|t:|1760883672
|move|p2a: Gliscor|Swords Dance|p2a: Gliscor
|-boost|p2a: Gliscor|atk|2
|move|p1a: Moltres|Roost|p1a: Moltres
|-heal|p1a: Moltres|76/100
|-singleturn|p1a: Moltres|move: Roost
|
|upkeep
|turn|6
|
|t:|1760883679
|move|p2a: Gliscor|Stone Edge|p1a: Moltres
|-supereffective|p1a: Moltres
|-crit|p1a: Moltres
|-damage|p1a: Moltres|0 fnt
|faint|p1a: Moltres
|
|upkeep
|
|t:|1760883686
|switch|p1a: Rillaboom|Rillaboom, M|100/100
|-fieldstart|move: Grassy Terrain|[from] ability: Grassy Surge|[of] p1a: Rillaboom
|turn|7
|
|t:|1760883693
|move|p1a: Rillaboom|Wood Hammer|p2a: Gliscor
|-damage|p2a: Gliscor|0 fnt
|faint|p2a: Gliscor
|-damage|p1a: Rillaboom|66/100|[from] Recoil
|
|-heal|p1a: Rillaboom|73/100|[from] Grassy Terrain
|upkeep
|
|t:|1760883697
|switch|p2a: Vileplume|Vileplume, M|100/100
|turn|8
|
|t:|1760883704
|switch|p1a: Iron Crown|Iron Crown|100/100
|move|p2a: Vileplume|Leech Seed|p1a: Iron Crown
|-start|p1a: Iron Crown|move: Leech Seed
|
|-damage|p1a: Iron Crown|88/100|[from] Leech Seed|[of] p2a: Vileplume
|upkeep
|turn|9
|
|t:|1760883712
|switch|p2a: Houndoom|Houndoom, M|100/100
|move|p1a: Iron Crown|Future Sight|p2a: Houndoom
|-start|p1a: Iron Crown|move: Future Sight
|
|-heal|p1a: Iron Crown|94/100|[from] Grassy Terrain
|-damage|p1a: Iron Crown|82/100|[from] Leech Seed|[of] p2a: Houndoom
|upkeep
|turn|10
|
|t:|1760883718
|move|p1a: Iron Crown|Volt Switch|p2a: Houndoom
|-damage|p2a: Houndoom|65/100
|
|t:|1760883722
|-end|p1a: Iron Crown|Quark Drive|[silent]
|switch|p1a: Primarina|Primarina, M|100/100|[from] Volt Switch
|move|p2a: Houndoom|Fire Blast|p1a: Primarina
|-resisted|p1a: Primarina
|-crit|p1a: Primarina
|-damage|p1a: Primarina|67/100
|
|-heal|p2a: Houndoom|71/100|[from] Grassy Terrain
|-heal|p1a: Primarina|73/100|[from] Grassy Terrain
|-heal|p1a: Primarina|79/100|[from] item: Leftovers
|upkeep
|turn|11
|
|t:|1760883732
|switch|p2a: Wigglytuff|Wigglytuff, F|100/100
|move|p1a: Primarina|Calm Mind|p1a: Primarina
|-boost|p1a: Primarina|spa|1
|-boost|p1a: Primarina|spd|1
|
|-end|p2a: Wigglytuff|move: Future Sight
|-damage|p2a: Wigglytuff|63/100
|-heal|p1a: Primarina|85/100|[from] Grassy Terrain
|-heal|p1a: Primarina|91/100|[from] item: Leftovers
|-heal|p2a: Wigglytuff|70/100|[from] Grassy Terrain
|-fieldend|move: Grassy Terrain
|upkeep
|turn|12
|
|t:|1760883742
|move|p1a: Primarina|Substitute|p1a: Primarina
|-start|p1a: Primarina|Substitute
|-damage|p1a: Primarina|67/100
|move|p2a: Wigglytuff|Fire Blast|p1a: Primarina
|-resisted|p1a: Primarina
|-activate|p1a: Primarina|move: Substitute|[damage]
|
|-heal|p1a: Primarina|73/100|[from] item: Leftovers
|upkeep
|turn|13
|
|t:|1760883751
|move|p1a: Primarina|Calm Mind|p1a: Primarina
|-boost|p1a: Primarina|spa|1
|-boost|p1a: Primarina|spd|1
|move|p2a: Wigglytuff|Draining Kiss|p1a: Primarina
|-activate|p1a: Primarina|move: Substitute|[damage]
|-heal|p2a: Wigglytuff|76/100|[from] drain|[of] p1a: Primarina
|
|-heal|p1a: Primarina|79/100|[from] item: Leftovers
|upkeep
|turn|14
|
|t:|1760883759
|switch|p2a: Houndoom|Houndoom, M|71/100
|move|p1a: Primarina|Surf|p2a: Houndoom
|-supereffective|p2a: Houndoom
|-damage|p2a: Houndoom|0 fnt
|faint|p2a: Houndoom
|
|-heal|p1a: Primarina|85/100|[from] item: Leftovers
|upkeep
|
|t:|1760883762
|switch|p2a: Magnezone|Magnezone|100/100
|turn|15
|
|t:|1760883771
|move|p1a: Primarina|Surf|p2a: Magnezone
|-damage|p2a: Magnezone|0 fnt
|faint|p2a: Magnezone
|
|-heal|p1a: Primarina|91/100|[from] item: Leftovers
|upkeep
|
|t:|1760883794
|switch|p2a: Vileplume|Vileplume, M|100/100
|turn|16
|
|t:|1760883802
|move|p1a: Primarina|Moonblast|p2a: Vileplume
|-resisted|p2a: Vileplume
|-damage|p2a: Vileplume|43/100
|-unboost|p2a: Vileplume|spa|1
|move|p2a: Vileplume|Sludge Wave|p1a: Primarina
|-supereffective|p1a: Primarina
|-end|p1a: Primarina|Substitute
|
|-heal|p1a: Primarina|98/100|[from] item: Leftovers
|upkeep
|turn|17
|
|t:|1760883811
|move|p1a: Primarina|Moonblast|p2a: Vileplume
|-resisted|p2a: Vileplume
|-damage|p2a: Vileplume|0 fnt
|faint|p2a: Vileplume
|
|-heal|p1a: Primarina|100/100|[from] item: Leftovers
|upkeep
|
|t:|1760883819
|switch|p2a: Wigglytuff|Wigglytuff, F|76/100
|turn|18
|
|t:|1760883824
|move|p1a: Primarina|Surf|p2a: Wigglytuff
|-damage|p2a: Wigglytuff|13/100
|move|p2a: Wigglytuff|Draining Kiss|p1a: Primarina
|-damage|p1a: Primarina|91/100
|-heal|p2a: Wigglytuff|18/100|[from] drain|[of] p1a: Primarina
|
|-heal|p1a: Primarina|97/100|[from] item: Leftovers
|upkeep
|turn|19
|-message|Passerby bye forfeited.
|
|win|karuaan
|raw|karuaan's rating: 1285 &rarr; <strong>1309</strong><br />(+24 for winning)
|raw|Passerby bye's rating: 1265 &rarr; <strong>1241</strong><br />(-24 for losing)
|l|☆Passerby bye
|player|p2|
|l|☆karuaan
|player|p1|
