|j|‽Morthill
|j|☆bananahamockthe3rd
|t:|1760828192
|gametype|singles
|player|p1|Morthill|101|1378
|player|p2|bananahamockthe3rd|266|1370
|gen|9
|tier|[Gen 9] OU
|rated|
|rule|HP Percentage Mod: HP is shown in percentages
|rule|Endless Battle Clause: Forcing endless battles is banned
|rule|Species Clause: Limit one of each Pokémon
|rule|OHKO Clause: OHKO moves are banned
|rule|Evasion Items Clause: Evasion items are banned
|rule|Evasion Moves Clause: Evasion moves are banned
|rule|Evasion Abilities Clause: Evasion abilities are banned
|rule|Sleep Moves Clause: Sleep-inducing moves are banned
|clearpoke
|poke|p1|Avalugg, M|
|poke|p1|Cetitan, M|
|poke|p1|Ninetales-Alola, F|
|poke|p1|Kyurem|
|poke|p1|Slowking-Galar, M|
|poke|p1|Frosmoth, M|
|poke|p2|Cetitan, M|
|poke|p2|Skeledirge, M|
|poke|p2|Swampert, M|
|poke|p2|Ceruledge, M|
|poke|p2|Moltres-Galar|
|poke|p2|Goodra-Hisui, F|
|teampreview
|inactive|Battle timer is ON: inactive players will automatically lose when time's up. (requested by Morthill)
|
|t:|1760828204
|teamsize|p1|6
|teamsize|p2|6
|start
|switch|p1a: Ninetales|Ninetales-Alola, F|100/100
|switch|p2a: Cetitan|Cetitan, M, shiny|100/100
|-weather|Snowscape|[from] ability: Snow Warning|[of] p1a: Ninetales
|turn|1
|
|t:|1760828212
|move|p1a: Ninetales|Moonblast|p2a: Cetitan
|-damage|p2a: Cetitan|75/100
|-unboost|p2a: Cetitan|spa|1
|move|p2a: Cetitan|Play Rough|p1a: Ninetales
|-damage|p1a: Ninetales|57/100
|
|-weather|Snowscape|[upkeep]
|upkeep
|turn|2
|
|t:|1760828220
|move|p1a: Ninetales|Aurora Veil|p1a: Ninetales
|-sidestart|p1: Morthill|move: Aurora Veil
|move|p2a: Cetitan|Icicle Crash|p1a: Ninetales
|-resisted|p1a: Ninetales
|-damage|p1a: Ninetales|43/100
|
|-weather|Snowscape|[upkeep]
|upkeep
|turn|3
|
|t:|1760828229
|switch|p1a: Avalugg|Avalugg, M|100/100
|switch|p2a: Goodra|Goodra-Hisui, F|100/100
|
|-weather|Snowscape|[upkeep]
|upkeep
|turn|4
|
|t:|1760828242
|switch|p2a: Swampert|Swampert, M|100/100
|move|p1a: Avalugg|Body Press|p2a: Swampert
|-damage|p2a: Swampert|61/100
|
|-weather|Snowscape|[upkeep]
|-heal|p2a: Swampert|67/100|[from] item: Leftovers
|upkeep
|turn|5
|
|t:|1760828259
|move|p2a: Swampert|Knock Off|p1a: Avalugg
|-damage|p1a: Avalugg|97/100
|-damage|p2a: Swampert|50/100|[from] item: Rocky Helmet|[of] p1a: Avalugg
|-enditem|p1a: Avalugg|Rocky Helmet|[from] move: Knock Off|[of] p2a: Swampert
|move|p1a: Avalugg|Body Press|p2a: Swampert
|-damage|p2a: Swampert|11/100
|
|-weather|Snowscape|[upkeep]
|-heal|p1a: Avalugg|100/100|[from] ability: Ice Body
|-heal|p2a: Swampert|17/100|[from] item: Leftovers
|upkeep
|turn|6
|
|t:|1760828270
|move|p2a: Swampert|Stealth Rock|p1a: Avalugg
|-sidestart|p1: Morthill|move: Stealth Rock
|move|p1a: Avalugg|Body Press|p2a: Swampert
|-damage|p2a: Swampert|0 fnt
|faint|p2a: Swampert
|
|-weather|Snowscape|[upkeep]
|-sideend|p1: Morthill|move: Aurora Veil
|upkeep
|
|t:|1760828277
|switch|p2a: Skeledirge|Skeledirge, M|100/100
|turn|7
|
|t:|1760828293
|switch|p1a: Kyurem|Kyurem, shiny|100/100
|-damage|p1a: Kyurem|75/100|[from] Stealth Rock
|-ability|p1a: Kyurem|Pressure
|move|p2a: Skeledirge|Will-O-Wisp|p1a: Kyurem
|-status|p1a: Kyurem|brn
|
|-weather|Snowscape|[upkeep]
|-damage|p1a: Kyurem|69/100 brn|[from] brn
|upkeep
|turn|8
|
|t:|1760828305
|switch|p2a: Cetitan|Cetitan, M, shiny|75/100
|move|p1a: Kyurem|Earth Power|p2a: Cetitan
|-damage|p2a: Cetitan|51/100
|-unboost|p2a: Cetitan|spd|1
|
|-weather|none
|-damage|p1a: Kyurem|63/100 brn|[from] brn
|upkeep
|turn|9
|
|t:|1760828317
|switch|p2a: Goodra|Goodra-Hisui, F|100/100
|move|p1a: Kyurem|Flash Cannon|p2a: Goodra
|-resisted|p2a: Goodra
|-damage|p2a: Goodra|94/100
|
|-damage|p1a: Kyurem|57/100 brn|[from] brn
|upkeep
|turn|10
|
|t:|1760828325
|switch|p1a: Ninetales|Ninetales-Alola, F|43/100
|-damage|p1a: Ninetales|18/100|[from] Stealth Rock
|-weather|Snowscape|[from] ability: Snow Warning|[of] p1a: Ninetales
|move|p2a: Goodra|Dragon Pulse|p1a: Ninetales
|-immune|p1a: Ninetales
|
|-weather|Snowscape|[upkeep]
|upkeep
|turn|11
|
|t:|1760828334
|move|p1a: Ninetales|Aurora Veil|p1a: Ninetales
|-sidestart|p1: Morthill|move: Aurora Veil
|move|p2a: Goodra|Thunderbolt|p1a: Ninetales
|-damage|p1a: Ninetales|0 fnt
|faint|p1a: Ninetales
|
|-weather|Snowscape|[upkeep]
|upkeep
|
|t:|1760828340
|switch|p1a: Frosmoth|Frosmoth, M, shiny|100/100
|turn|12
|
|t:|1760828353
|switch|p2a: Cetitan|Cetitan, M, shiny|51/100
|-terastallize|p1a: Frosmoth|Ground
|move|p1a: Frosmoth|Quiver Dance|p1a: Frosmoth
|-boost|p1a: Frosmoth|spa|1
|-boost|p1a: Frosmoth|spd|1
|-boost|p1a: Frosmoth|spe|1
|
|-weather|Snowscape|[upkeep]
|upkeep
|turn|13
|
|t:|1760828365
|move|p1a: Frosmoth|Tera Blast|p2a: Cetitan|[anim] Tera Blast Ground
|-damage|p2a: Cetitan|4/100
|move|p2a: Cetitan|Icicle Crash|p1a: Frosmoth
|-supereffective|p1a: Frosmoth
|-damage|p1a: Frosmoth|0 fnt
|faint|p1a: Frosmoth
|
|-weather|Snowscape|[upkeep]
|upkeep
|
|t:|1760828373
|switch|p1a: Cetitan|Cetitan, M|100/100
|-damage|p1a: Cetitan|76/100|[from] Stealth Rock
|turn|14
|
|t:|1760828380
|move|p1a: Cetitan|Belly Drum|p1a: Cetitan
|-damage|p1a: Cetitan|26/100
|-setboost|p1a: Cetitan|atk|6|[from] move: Belly Drum
|-enditem|p1a: Cetitan|Sitrus Berry|[eat]
|-heal|p1a: Cetitan|50/100|[from] item: Sitrus Berry
|move|p2a: Cetitan|Play Rough|p1a: Cetitan
|-damage|p1a: Cetitan|37/100
|
|-weather|Snowscape|[upkeep]
|upkeep
|turn|15
|
|t:|1760828391
|move|p1a: Cetitan|Ice Shard|p2a: Cetitan
|-resisted|p2a: Cetitan
|-damage|p2a: Cetitan|0 fnt
|faint|p2a: Cetitan
|
|-weather|Snowscape|[upkeep]
|-sideend|p1: Morthill|move: Aurora Veil
|upkeep
|
|t:|1760828397
|switch|p2a: Skeledirge|Skeledirge, M|100/100
|turn|16
|
|t:|1760828403
|move|p1a: Cetitan|Earthquake|p2a: Skeledirge
|-supereffective|p2a: Skeledirge
|-crit|p2a: Skeledirge
|-damage|p2a: Skeledirge|41/100
|move|p2a: Skeledirge|Will-O-Wisp|p1a: Cetitan
|-status|p1a: Cetitan|brn
|
|-weather|Snowscape|[upkeep]
|-heal|p2a: Skeledirge|47/100|[from] item: Leftovers
|-damage|p1a: Cetitan|31/100 brn|[from] brn
|upkeep
|turn|17
|
|t:|1760828412
|move|p1a: Cetitan|Earthquake|p2a: Skeledirge
|-supereffective|p2a: Skeledirge
|-damage|p2a: Skeledirge|26/100
|move|p2a: Skeledirge|Slack Off|p2a: Skeledirge
|-heal|p2a: Skeledirge|77/100
|
|-weather|none
|-heal|p2a: Skeledirge|83/100|[from] item: Leftovers
|-damage|p1a: Cetitan|25/100 brn|[from] brn
|upkeep
|turn|18
|
|t:|1760828422
|switch|p1a: Kyurem|Kyurem, shiny|57/100 brn
|-damage|p1a: Kyurem|32/100 brn|[from] Stealth Rock
|-ability|p1a: Kyurem|Pressure
|move|p2a: Skeledirge|Torch Song|p1a: Kyurem
|-damage|p1a: Kyurem|14/100 brn
|-boost|p2a: Skeledirge|spa|1
|
|-heal|p2a: Skeledirge|89/100|[from] item: Leftovers
|-damage|p1a: Kyurem|8/100 brn|[from] brn
|upkeep
|turn|19
|
|t:|1760828435
|switch|p2a: Goodra|Goodra-Hisui, F|94/100
|move|p1a: Kyurem|Earth Power|p2a: Goodra
|-supereffective|p2a: Goodra
|-damage|p2a: Goodra|61/100
|
|-damage|p1a: Kyurem|2/100 brn|[from] brn
|upkeep
|turn|20
|
|t:|1760828445
|move|p1a: Kyurem|Draco Meteor|p2a: Goodra
|-damage|p2a: Goodra|28/100
|-unboost|p1a: Kyurem|spa|2
|move|p2a: Goodra|Dragon Pulse|p1a: Kyurem
|-supereffective|p1a: Kyurem
|-damage|p1a: Kyurem|0 fnt
|faint|p1a: Kyurem
|
|upkeep
|
|t:|1760828454
|switch|p1a: Slowking|Slowking-Galar, M|100/100
|-damage|p1a: Slowking|88/100|[from] Stealth Rock
|turn|21
|
|t:|1760828458
|move|p2a: Goodra|Dragon Pulse|p1a: Slowking
|-damage|p1a: Slowking|54/100
|move|p1a: Slowking|Flamethrower|p2a: Goodra
|-damage|p2a: Goodra|15/100
|
|upkeep
|turn|22
|
|t:|1760828465
|switch|p2a: Ceruledge|Ceruledge, M|100/100
|-prepare|p1a: Slowking|Chilly Reception|[premajor]
|move|p1a: Slowking|Chilly Reception|p1a: Slowking
|-weather|Snowscape
|
|t:|1760828471
|switch|p1a: Cetitan|Cetitan, M|25/100 brn|[from] Chilly Reception
|-damage|p1a: Cetitan|0 fnt|[from] Stealth Rock
|faint|p1a: Cetitan
|
|-weather|Snowscape|[upkeep]
|upkeep
|
|t:|1760828475
|switch|p1a: Slowking|Slowking-Galar, M|87/100
|-damage|p1a: Slowking|75/100|[from] Stealth Rock
|turn|23
|
|t:|1760828480
|move|p2a: Ceruledge|Substitute|p2a: Ceruledge
|-start|p2a: Ceruledge|Substitute
|-damage|p2a: Ceruledge|76/100
|move|p1a: Slowking|Psychic|p2a: Ceruledge
|-end|p2a: Ceruledge|Substitute
|
|-weather|Snowscape|[upkeep]
|-heal|p2a: Ceruledge|82/100|[from] item: Leftovers
|upkeep
|turn|24
|
|t:|1760828488
|move|p2a: Ceruledge|Bulk Up|p2a: Ceruledge
|-boost|p2a: Ceruledge|atk|1
|-boost|p2a: Ceruledge|def|1
|move|p1a: Slowking|Psychic|p2a: Ceruledge
|-damage|p2a: Ceruledge|48/100
|
|-weather|Snowscape|[upkeep]
|-heal|p2a: Ceruledge|54/100|[from] item: Leftovers
|upkeep
|turn|25
|
|t:|1760828495
|move|p2a: Ceruledge|Bitter Blade|p1a: Slowking
|-damage|p1a: Slowking|2/100
|-heal|p2a: Ceruledge|88/100|[from] drain|[of] p1a: Slowking
|move|p1a: Slowking|Psychic|p2a: Ceruledge
|-damage|p2a: Ceruledge|53/100
|
|-weather|Snowscape|[upkeep]
|-heal|p2a: Ceruledge|60/100|[from] item: Leftovers
|upkeep
|turn|26
|
|t:|1760828504
|move|p2a: Ceruledge|Shadow Sneak|p1a: Slowking
|-supereffective|p1a: Slowking
|-damage|p1a: Slowking|0 fnt
|faint|p1a: Slowking
|
|-weather|none
|-heal|p2a: Ceruledge|66/100|[from] item: Leftovers
|upkeep
|-message|Morthill forfeited.
|
|win|bananahamockthe3rd
|raw|Morthill's rating: 1378 &rarr; <strong>1358</strong><br />(-20 for losing)
|raw|bananahamockthe3rd's rating: 1370 &rarr; <strong>1390</strong><br />(+20 for winning)
|l|‽Morthill
|player|p1|
