|j|☆table_man_10293
|j|☆thekingthegoat
|t:|1760847488
|gametype|singles
|player|p1|table_man_10293|bruno-gen1rb|1407
|player|p2|thekingthegoat|169|1426
|gen|9
|tier|[Gen 9] OU
|rated|
|rule|HP Percentage Mod: HP is shown in percentages
|rule|Endless Battle Clause: Forcing endless battles is banned
|rule|Species Clause: Limit one of each Pokémon
|rule|OHKO Clause: OHKO moves are banned
|rule|Evasion Items Clause: Evasion items are banned
|rule|Evasion Moves Clause: Evasion moves are banned
|rule|Evasion Abilities Clause: Evasion abilities are banned
|rule|Sleep Moves Clause: Sleep-inducing moves are banned
|clearpoke
|poke|p1|Ninetales, F|
|poke|p1|Raging Bolt|
|poke|p1|Hatterene, F|
|poke|p1|Walking Wake|
|poke|p1|Great Tusk|
|poke|p1|Scizor, M|
|poke|p2|Araquanid, M|
|poke|p2|Kingambit, F|
|poke|p2|Iron Treads|
|poke|p2|Enamorus, F|
|poke|p2|Gholdengo|
|poke|p2|Blaziken, M|
|teampreview
|inactive|Battle timer is ON: inactive players will automatically lose when time's up. (requested by thekingthegoat)
|
|t:|1760847499
|teamsize|p1|6
|teamsize|p2|6
|start
|switch|p1a: FaRiGaRaIf?|Raging Bolt|100/100
|switch|p2a: PILOT|Araquanid, M|100/100
|-enditem|p1a: FaRiGaRaIf?|Booster Energy
|-activate|p1a: FaRiGaRaIf?|ability: Protosynthesis|[fromitem]
|-start|p1a: FaRiGaRaIf?|protosynthesisspa
|turn|1
|
|t:|1760847503
|switch|p2a: QUARTZ|Iron Treads|100/100
|-enditem|p2a: QUARTZ|Booster Energy
|-activate|p2a: QUARTZ|ability: Quark Drive|[fromitem]
|-start|p2a: QUARTZ|quarkdriveatk
|move|p1a: FaRiGaRaIf?|Thunderbolt|p2a: QUARTZ
|-immune|p2a: QUARTZ
|
|upkeep
|turn|2
|
|t:|1760847512
|-end|p1a: FaRiGaRaIf?|Protosynthesis|[silent]
|switch|p1a: stronger than you|Great Tusk, shiny|100/100
|move|p2a: QUARTZ|Earthquake|p1a: stronger than you
|-damage|p1a: stronger than you|53/100
|
|upkeep
|turn|3
|
|t:|1760847521
|-end|p2a: QUARTZ|Quark Drive|[silent]
|switch|p2a: PILOT|Araquanid, M|100/100
|move|p1a: stronger than you|Rapid Spin|p2a: PILOT
|-damage|p2a: PILOT|83/100
|-boost|p1a: stronger than you|spe|1
|
|upkeep
|turn|4
|
|t:|1760847528
|-end|p1a: stronger than you|Protosynthesis|[silent]
|switch|p1a: jamal|Hatterene, F|100/100
|move|p2a: PILOT|Surf|p1a: jamal
|-damage|p1a: jamal|44/100
|
|upkeep
|turn|5
|
|t:|1760847536
|switch|p1a: FaRiGaRaIf?|Raging Bolt|100/100
|move|p2a: PILOT|Surf|p1a: FaRiGaRaIf?
|-resisted|p1a: FaRiGaRaIf?
|-damage|p1a: FaRiGaRaIf?|75/100
|
|upkeep
|turn|6
|
|t:|1760847542
|move|p1a: FaRiGaRaIf?|Draco Meteor|p2a: PILOT
|-damage|p2a: PILOT|16/100
|-unboost|p1a: FaRiGaRaIf?|spa|2
|move|p2a: PILOT|Sticky Web|p1a: FaRiGaRaIf?
|-sidestart|p1: table_man_10293|move: Sticky Web
|
|upkeep
|turn|7
|
|t:|1760847548
|switch|p2a: QUARTZ|Iron Treads|100/100
|move|p1a: FaRiGaRaIf?|Calm Mind|p1a: FaRiGaRaIf?
|-boost|p1a: FaRiGaRaIf?|spa|1
|-boost|p1a: FaRiGaRaIf?|spd|1
|
|upkeep
|turn|8
|
|t:|1760847556
|-end|p1a: FaRiGaRaIf?|Protosynthesis|[silent]
|switch|p1a: aurora veil setter|Ninetales, F, shiny|100/100
|-activate|p1a: aurora veil setter|move: Sticky Web
|-unboost|p1a: aurora veil setter|spe|1
|-weather|SunnyDay|[from] ability: Drought|[of] p1a: aurora veil setter
|move|p2a: QUARTZ|Earthquake|p1a: aurora veil setter
|-supereffective|p1a: aurora veil setter
|-damage|p1a: aurora veil setter|0 fnt
|faint|p1a: aurora veil setter
|
|-weather|SunnyDay|[upkeep]
|upkeep
|
|t:|1760847559
|switch|p1a: Bob|Walking Wake|100/100
|-activate|p1a: Bob|move: Sticky Web
|-unboost|p1a: Bob|spe|1
|-activate|p1a: Bob|ability: Protosynthesis
|-start|p1a: Bob|protosynthesisspa
|turn|9
|
|t:|1760847568
|-terastallize|p1a: Bob|Water
|move|p2a: QUARTZ|Earthquake|p1a: Bob
|-damage|p1a: Bob|40/100
|move|p1a: Bob|Hydro Steam|p2a: QUARTZ
|-supereffective|p2a: QUARTZ
|-damage|p2a: QUARTZ|0 fnt
|faint|p2a: QUARTZ
|-end|p2a: QUARTZ|Quark Drive|[silent]
|
|-weather|SunnyDay|[upkeep]
|upkeep
|
|t:|1760847581
|switch|p2a: CHERRY BOMB|Enamorus, F|100/100
|turn|10
|
|t:|1760847585
|move|p2a: CHERRY BOMB|Moonblast|p1a: Bob
|-damage|p1a: Bob|0 fnt
|faint|p1a: Bob
|-end|p1a: Bob|Protosynthesis|[silent]
|
|-weather|SunnyDay|[upkeep]
|upkeep
|
|t:|1760847589
|switch|p1a: HIM|Scizor, M|100/100
|-activate|p1a: HIM|move: Sticky Web
|-unboost|p1a: HIM|spe|1
|turn|11
|
|t:|1760847597
|switch|p2a: BUFFALO|Blaziken, M|100/100
|-item|p2a: BUFFALO|Air Balloon
|move|p1a: HIM|Bullet Punch|p2a: BUFFALO
|-resisted|p2a: BUFFALO
|-damage|p2a: BUFFALO|61/100
|-enditem|p2a: BUFFALO|Air Balloon
|
|-weather|SunnyDay|[upkeep]
|upkeep
|turn|12
|
|t:|1760847602
|switch|p1a: stronger than you|Great Tusk, shiny|53/100
|-activate|p1a: stronger than you|move: Sticky Web
|-unboost|p1a: stronger than you|spe|1
|-activate|p1a: stronger than you|ability: Protosynthesis
|-start|p1a: stronger than you|protosynthesisatk
|move|p2a: BUFFALO|Flare Blitz|p1a: stronger than you
|-damage|p1a: stronger than you|0 fnt
|-damage|p2a: BUFFALO|45/100|[from] item: Rocky Helmet|[of] p1a: stronger than you
|faint|p1a: stronger than you
|-end|p1a: stronger than you|Protosynthesis|[silent]
|-damage|p2a: BUFFALO|23/100|[from] Recoil
|
|-weather|SunnyDay|[upkeep]
|-ability|p2a: BUFFALO|Speed Boost|boost
|-boost|p2a: BUFFALO|spe|1
|upkeep
|
|t:|1760847604
|switch|p1a: FaRiGaRaIf?|Raging Bolt|75/100
|-activate|p1a: FaRiGaRaIf?|move: Sticky Web
|-unboost|p1a: FaRiGaRaIf?|spe|1
|-activate|p1a: FaRiGaRaIf?|ability: Protosynthesis
|-start|p1a: FaRiGaRaIf?|protosynthesisspa
|turn|13
|c|☆table_man_10293|gg
|
|t:|1760847614
|move|p2a: BUFFALO|Close Combat|p1a: FaRiGaRaIf?
|-damage|p1a: FaRiGaRaIf?|11/100
|-unboost|p2a: BUFFALO|def|1
|-unboost|p2a: BUFFALO|spd|1
|move|p1a: FaRiGaRaIf?|Thunderbolt|p2a: BUFFALO
|-damage|p2a: BUFFALO|0 fnt
|faint|p2a: BUFFALO
|
|-weather|SunnyDay|[upkeep]
|upkeep
|
|t:|1760847620
|switch|p2a: SMUCKERS|Gholdengo|100/100
|turn|14
|
|t:|1760847622
|move|p1a: FaRiGaRaIf?|Thunderclap||[still]
|-fail|p1a: FaRiGaRaIf?
|move|p2a: SMUCKERS|Nasty Plot|p2a: SMUCKERS
|-boost|p2a: SMUCKERS|spa|2
|
|-weather|SunnyDay|[upkeep]
|upkeep
|turn|15
|
|t:|1760847624
|move|p1a: FaRiGaRaIf?|Thunderclap|p2a: SMUCKERS
|-damage|p2a: SMUCKERS|39/100
|move|p2a: SMUCKERS|Shadow Ball|p1a: FaRiGaRaIf?
|-damage|p1a: FaRiGaRaIf?|0 fnt
|faint|p1a: FaRiGaRaIf?
|-end|p1a: FaRiGaRaIf?|Protosynthesis|[silent]
|
|-weather|none
|upkeep
|
|t:|1760847627
|switch|p1a: HIM|Scizor, M|100/100
|-activate|p1a: HIM|move: Sticky Web
|-unboost|p1a: HIM|spe|1
|turn|16
|
|t:|1760847629
|move|p1a: HIM|Bullet Punch|p2a: SMUCKERS
|-resisted|p2a: SMUCKERS
|-damage|p2a: SMUCKERS|10/100
|move|p2a: SMUCKERS|Shadow Ball|p1a: HIM
|-damage|p1a: HIM|0 fnt
|faint|p1a: HIM
|
|upkeep
|
|t:|1760847632
|switch|p1a: jamal|Hatterene, F|44/100
|-activate|p1a: jamal|move: Sticky Web
|-unboost|p1a: jamal|spe|1
|turn|17
|
|t:|1760847635
|move|p2a: SMUCKERS|Shadow Ball|p1a: jamal
|-supereffective|p1a: jamal
|-damage|p1a: jamal|0 fnt
|faint|p1a: jamal
|
|win|thekingthegoat
|raw|table_man_10293's rating: 1407 &rarr; <strong>1388</strong><br />(-19 for losing)
|raw|thekingthegoat's rating: 1426 &rarr; <strong>1445</strong><br />(+19 for winning)
|l|☆thekingthegoat
|player|p2|
|l|☆table_man_10293
|player|p1|
