|j|☆Elite Sabrina
|j|☆IzzyFl0
|t:|1760752165
|gametype|singles
|player|p1|Elite Sabrina|170|1441
|player|p2|IzzyFl0|unknown|1601
|gen|9
|tier|[Gen 9] OU
|rated|
|rule|HP Percentage Mod: HP is shown in percentages
|rule|Endless Battle Clause: Forcing endless battles is banned
|rule|Species Clause: Limit one of each Pokémon
|rule|OHKO Clause: OHKO moves are banned
|rule|Evasion Items Clause: Evasion items are banned
|rule|Evasion Moves Clause: Evasion moves are banned
|rule|Evasion Abilities Clause: Evasion abilities are banned
|rule|Sleep Moves Clause: Sleep-inducing moves are banned
|clearpoke
|poke|p1|Pelipper, F|
|poke|p1|Pecharunt|
|poke|p1|Basculegion-F, F|
|poke|p1|Ogerpon-Wellspring, F|
|poke|p1|Clefable, M|
|poke|p1|Scizor, F|
|poke|p2|Darkrai|
|poke|p2|Great Tusk|
|poke|p2|Gholdengo|
|poke|p2|Kingambit, F|
|poke|p2|Glimmora, M|
|poke|p2|Dragonite, M|
|teampreview
|inactive|Battle timer is ON: inactive players will automatically lose when time's up. (requested by IzzyFl0)
|c|☆Elite Sabrina|gl hf
|c|☆IzzyFl0|u2
|
|t:|1760752189
|teamsize|p1|6
|teamsize|p2|6
|start
|switch|p1a: Scizor|Scizor, F|100/100
|switch|p2a: Glimmora|Glimmora, M, shiny|100/100
|turn|1
|inactive|IzzyFl0 has 120 seconds left.
|
|t:|1760752225
|switch|p2a: Great Tusk|Great Tusk, shiny|100/100
|-enditem|p2a: Great Tusk|Booster Energy
|-activate|p2a: Great Tusk|ability: Protosynthesis|[fromitem]
|-start|p2a: Great Tusk|protosynthesisspe
|move|p1a: Scizor|Bullet Punch|p2a: Great Tusk
|-damage|p2a: Great Tusk|79/100
|
|upkeep
|turn|2
|inactive|IzzyFl0 has 120 seconds left.
|
|t:|1760752232
|switch|p1a: Pelipper|Pelipper, F|100/100
|-weather|RainDance|[from] ability: Drizzle|[of] p1a: Pelipper
|move|p2a: Great Tusk|Bulk Up|p2a: Great Tusk
|-boost|p2a: Great Tusk|atk|1
|-boost|p2a: Great Tusk|def|1
|
|-weather|RainDance|[upkeep]
|upkeep
|turn|3
|
|t:|1760752241
|move|p2a: Great Tusk|Head Smash|p1a: Pelipper
|-supereffective|p1a: Pelipper
|-damage|p1a: Pelipper|1/100
|-damage|p2a: Great Tusk|42/100|[from] Recoil
|move|p1a: Pelipper|Weather Ball|p2a: Great Tusk
|-supereffective|p2a: Great Tusk
|-damage|p2a: Great Tusk|0 fnt
|faint|p2a: Great Tusk
|-end|p2a: Great Tusk|Protosynthesis|[silent]
|
|-weather|RainDance|[upkeep]
|upkeep
|inactive|IzzyFl0 has 120 seconds left.
|
|t:|1760752276
|switch|p2a: Dragonite|Dragonite, M, shiny|100/100
|turn|4
|
|t:|1760752283
|switch|p1a: Clefable|Clefable, M|100/100
|move|p2a: Dragonite|Dragon Dance|p2a: Dragonite
|-boost|p2a: Dragonite|atk|1
|-boost|p2a: Dragonite|spe|1
|
|-weather|RainDance|[upkeep]
|upkeep
|turn|5
|
|t:|1760752295
|-terastallize|p2a: Dragonite|Fairy
|move|p2a: Dragonite|Dragon Dance|p2a: Dragonite
|-boost|p2a: Dragonite|atk|1
|-boost|p2a: Dragonite|spe|1
|move|p1a: Clefable|Stealth Rock|p2a: Dragonite
|-sidestart|p2: IzzyFl0|move: Stealth Rock
|
|-weather|RainDance|[upkeep]
|upkeep
|turn|6
|
|t:|1760752303
|move|p2a: Dragonite|Tera Blast|p1a: Clefable|[anim] Tera Blast Fairy
|-damage|p1a: Clefable|62/100
|move|p1a: Clefable|Wish|p1a: Clefable
|
|-weather|RainDance|[upkeep]
|upkeep
|turn|7
|
|t:|1760752310
|move|p2a: Dragonite|Dragon Dance|p2a: Dragonite
|-boost|p2a: Dragonite|atk|1
|-boost|p2a: Dragonite|spe|1
|move|p1a: Clefable|Alluring Voice|p2a: Dragonite
|-damage|p2a: Dragonite|92/100
|
|-weather|RainDance|[upkeep]
|-heal|p1a: Clefable|100/100|[from] move: Wish|[wisher] Clefable
|upkeep
|turn|8
|inactive|IzzyFl0 has 120 seconds left.
|
|t:|1760752318
|move|p2a: Dragonite|Tera Blast|p1a: Clefable|[anim] Tera Blast Fairy
|-damage|p1a: Clefable|61/100
|move|p1a: Clefable|Alluring Voice|p2a: Dragonite
|-damage|p2a: Dragonite|72/100
|
|-weather|RainDance|[upkeep]
|upkeep
|turn|9
|
|t:|1760752328
|switch|p1a: Scizor|Scizor, F|100/100
|move|p2a: Dragonite|Roost|p2a: Dragonite
|-heal|p2a: Dragonite|100/100
|
|-weather|none
|upkeep
|turn|10
|
|t:|1760752338
|move|p1a: Scizor|Bullet Punch|p2a: Dragonite
|-supereffective|p2a: Dragonite
|-damage|p2a: Dragonite|69/100
|move|p2a: Dragonite|Earthquake|p1a: Scizor
|-damage|p1a: Scizor|30/100
|-enditem|p1a: Scizor|Sitrus Berry|[eat]
|-heal|p1a: Scizor|55/100|[from] item: Sitrus Berry
|
|upkeep
|turn|11
|
|t:|1760752347
|move|p1a: Scizor|Bullet Punch|p2a: Dragonite
|-supereffective|p2a: Dragonite
|-damage|p2a: Dragonite|2/100
|move|p2a: Dragonite|Earthquake|p1a: Scizor
|-damage|p1a: Scizor|0 fnt
|faint|p1a: Scizor
|
|upkeep
|
|t:|1760752350
|switch|p1a: Pecharunt|Pecharunt|100/100
|turn|12
|
|t:|1760752363
|-terastallize|p1a: Pecharunt|Grass
|move|p2a: Dragonite|Earthquake|p1a: Pecharunt
|-resisted|p1a: Pecharunt
|-damage|p1a: Pecharunt|73/100
|move|p1a: Pecharunt|Malignant Chain|p2a: Dragonite
|-supereffective|p2a: Dragonite
|-damage|p2a: Dragonite|0 fnt
|faint|p2a: Dragonite
|
|upkeep
|
|t:|1760752384
|switch|p2a: Glimmora|Glimmora, M, shiny|100/100
|-damage|p2a: Glimmora|88/100|[from] Stealth Rock
|turn|13
|
|t:|1760752389
|switch|p1a: Ogerpon|Ogerpon-Wellspring, F|100/100
|move|p2a: Glimmora|Mortal Spin|p1a: Ogerpon
|-supereffective|p1a: Ogerpon
|-damage|p1a: Ogerpon|85/100
|-status|p1a: Ogerpon|psn
|-sideend|p2: IzzyFl0|Stealth Rock|[from] move: Mortal Spin|[of] p2a: Glimmora
|
|-damage|p1a: Ogerpon|72/100 psn|[from] psn
|upkeep
|turn|14
|
|t:|1760752406
|move|p1a: Ogerpon|Ivy Cudgel|p2a: Glimmora|[anim] Ivy Cudgel Water
|-supereffective|p2a: Glimmora
|-crit|p2a: Glimmora
|-damage|p2a: Glimmora|0 fnt
|-activate|p2a: Glimmora|ability: Toxic Debris
|-sidestart|p1: Elite Sabrina|move: Toxic Spikes
|faint|p2a: Glimmora
|
|-damage|p1a: Ogerpon|60/100 psn|[from] psn
|upkeep
|inactive|IzzyFl0 has 120 seconds left.
|
|t:|1760752427
|switch|p2a: Kingambit|Kingambit, F|100/100
|-activate|p2a: Kingambit|ability: Supreme Overlord
|-start|p2a: Kingambit|fallen3|[silent]
|turn|15
|
|t:|1760752431
|move|p2a: Kingambit|Sucker Punch|p1a: Ogerpon
|-damage|p1a: Ogerpon|0 fnt
|faint|p1a: Ogerpon
|
|upkeep
|
|t:|1760752434
|switch|p1a: Pelipper|Pelipper, F|1/100
|-weather|RainDance|[from] ability: Drizzle|[of] p1a: Pelipper
|turn|16
|
|t:|1760752443
|move|p2a: Kingambit|Kowtow Cleave|p1a: Pelipper
|-damage|p1a: Pelipper|0 fnt
|faint|p1a: Pelipper
|
|-weather|RainDance|[upkeep]
|upkeep
|
|t:|1760752447
|switch|p1a: Pecharunt|Pecharunt, tera:Grass|73/100
|-status|p1a: Pecharunt|psn
|turn|17
|
|t:|1760752463
|move|p1a: Pecharunt|Curse|p1a: Pecharunt
|-unboost|p1a: Pecharunt|spe|1
|-boost|p1a: Pecharunt|atk|1
|-boost|p1a: Pecharunt|def|1
|move|p2a: Kingambit|Swords Dance|p2a: Kingambit
|-boost|p2a: Kingambit|atk|2
|
|-weather|RainDance|[upkeep]
|-damage|p1a: Pecharunt|61/100 psn|[from] psn
|upkeep
|turn|18
|
|t:|1760752474
|move|p1a: Pecharunt|Shadow Ball|p2a: Kingambit
|-resisted|p2a: Kingambit
|-damage|p2a: Kingambit|86/100
|-unboost|p2a: Kingambit|spd|1
|move|p2a: Kingambit|Swords Dance|p2a: Kingambit
|-boost|p2a: Kingambit|atk|2
|
|-weather|RainDance|[upkeep]
|-heal|p2a: Kingambit|92/100|[from] item: Leftovers
|-damage|p1a: Pecharunt|48/100 psn|[from] psn
|upkeep
|turn|19
|
|t:|1760752487
|move|p1a: Pecharunt|Shadow Ball|p2a: Kingambit
|-resisted|p2a: Kingambit
|-damage|p2a: Kingambit|70/100
|move|p2a: Kingambit|Kowtow Cleave|p1a: Pecharunt
|-damage|p1a: Pecharunt|0 fnt
|faint|p1a: Pecharunt
|
|-weather|RainDance|[upkeep]
|-heal|p2a: Kingambit|76/100|[from] item: Leftovers
|upkeep
|
|t:|1760752493
|switch|p1a: Basculegion|Basculegion-F, F|100/100
|-status|p1a: Basculegion|psn
|turn|20
|
|t:|1760752498
|move|p2a: Kingambit|Sucker Punch|p1a: Basculegion
|-supereffective|p1a: Basculegion
|-damage|p1a: Basculegion|0 fnt
|faint|p1a: Basculegion
|
|-weather|RainDance|[upkeep]
|-heal|p2a: Kingambit|82/100|[from] item: Leftovers
|upkeep
|c|☆Elite Sabrina|gg
|c|☆IzzyFl0|gg
|-message|Elite Sabrina forfeited.
|
|win|IzzyFl0
|raw|Elite Sabrina's rating: 1441 &rarr; <strong>1430</strong><br />(-11 for losing)
|raw|IzzyFl0's rating: 1601 &rarr; <strong>1612</strong><br />(+11 for winning)
|l|☆Elite Sabrina
|player|p1|
|l|☆IzzyFl0
|player|p2|
