|j|‽theonlydork
|j|☆wallik
|t:|1760762049
|gametype|singles
|player|p1|theonlydork|266|1843
|player|p2|wallik|bugsy|1710
|gen|9
|tier|[Gen 9] OU
|rated|
|rule|HP Percentage Mod: HP is shown in percentages
|rule|Endless Battle Clause: Forcing endless battles is banned
|rule|Species Clause: Limit one of each Pokémon
|rule|OHKO Clause: OHKO moves are banned
|rule|Evasion Items Clause: Evasion items are banned
|rule|Evasion Moves Clause: Evasion moves are banned
|rule|Evasion Abilities Clause: Evasion abilities are banned
|rule|Sleep Moves Clause: Sleep-inducing moves are banned
|clearpoke
|poke|p1|Garchomp, M|
|poke|p1|Darkrai|
|poke|p1|Gholdengo|
|poke|p1|Ogerpon-Wellspring, F|
|poke|p1|Iron Valiant|
|poke|p1|Iron Treads|
|poke|p2|Cinderace, F|
|poke|p2|Great Tusk|
|poke|p2|Slowking-Galar, M|
|poke|p2|Corviknight, F|
|poke|p2|Raging Bolt|
|poke|p2|Whimsicott, F|
|teampreview
|inactive|Battle timer is ON: inactive players will automatically lose when time's up. (requested by theonlydork)
|
|t:|1760762080
|teamsize|p1|6
|teamsize|p2|6
|start
|switch|p1a: Garchomp|Garchomp, M|100/100
|switch|p2a: Whimsicott|Whimsicott, F|100/100
|turn|1
|
|t:|1760762088
|switch|p1a: Iron Treads|Iron Treads|100/100
|move|p2a: Whimsicott|Moonblast|p1a: Iron Treads
|-resisted|p1a: Iron Treads
|-damage|p1a: Iron Treads|86/100
|-unboost|p1a: Iron Treads|spa|1
|
|-heal|p1a: Iron Treads|92/100|[from] item: Leftovers
|upkeep
|turn|2
|
|t:|1760762094
|move|p2a: Whimsicott|Stun Spore|p1a: Iron Treads
|-status|p1a: Iron Treads|par
|move|p1a: Iron Treads|Knock Off|p2a: Whimsicott
|-resisted|p2a: Whimsicott
|-damage|p2a: Whimsicott|87/100
|-enditem|p2a: Whimsicott|Leftovers|[from] move: Knock Off|[of] p1a: Iron Treads
|
|-heal|p1a: Iron Treads|98/100 par|[from] item: Leftovers
|upkeep
|turn|3
|
|t:|1760762100
|move|p2a: Whimsicott|U-turn|p1a: Iron Treads
|-resisted|p1a: Iron Treads
|-damage|p1a: Iron Treads|94/100 par
|
|t:|1760762103
|switch|p2a: Packin Purple|Great Tusk|100/100|[from] U-turn
|move|p1a: Iron Treads|Ice Spinner|p2a: Packin Purple
|-supereffective|p2a: Packin Purple
|-damage|p2a: Packin Purple|69/100
|
|-heal|p2a: Packin Purple|75/100|[from] item: Leftovers
|-heal|p1a: Iron Treads|99/100 par|[from] item: Leftovers
|upkeep
|turn|4
|
|t:|1760762108
|-end|p1a: Iron Treads|Quark Drive|[silent]
|switch|p1a: Garchomp|Garchomp, M|100/100
|move|p2a: Packin Purple|Stealth Rock|p1a: Garchomp
|-sidestart|p1: theonlydork|move: Stealth Rock
|
|-heal|p2a: Packin Purple|81/100|[from] item: Leftovers
|upkeep
|turn|5
|
|t:|1760762112
|-end|p2a: Packin Purple|Protosynthesis|[silent]
|switch|p2a: Whimsicott|Whimsicott, F|87/100
|move|p1a: Garchomp|Earthquake|p2a: Whimsicott
|-resisted|p2a: Whimsicott
|-damage|p2a: Whimsicott|63/100
|
|upkeep
|turn|6
|
|t:|1760762118
|move|p2a: Whimsicott|U-turn|p1a: Garchomp
|-damage|p1a: Garchomp|93/100
|-damage|p2a: Whimsicott|50/100|[from] ability: Rough Skin|[of] p1a: Garchomp
|-damage|p2a: Whimsicott|34/100|[from] item: Rocky Helmet|[of] p1a: Garchomp
|
|t:|1760762123
|switch|p2a: Packin Purple|Great Tusk|81/100|[from] U-turn
|move|p1a: Garchomp|Stealth Rock|p2a: Packin Purple
|-sidestart|p2: wallik|move: Stealth Rock
|
|-heal|p2a: Packin Purple|87/100|[from] item: Leftovers
|upkeep
|turn|7
|
|t:|1760762126
|move|p2a: Packin Purple|Knock Off|p1a: Garchomp
|-damage|p1a: Garchomp|72/100
|-damage|p2a: Packin Purple|75/100|[from] ability: Rough Skin|[of] p1a: Garchomp
|-damage|p2a: Packin Purple|58/100|[from] item: Rocky Helmet|[of] p1a: Garchomp
|-enditem|p1a: Garchomp|Rocky Helmet|[from] move: Knock Off|[of] p2a: Packin Purple
|move|p1a: Garchomp|Earthquake|p2a: Packin Purple
|-damage|p2a: Packin Purple|26/100
|
|-heal|p2a: Packin Purple|32/100|[from] item: Leftovers
|upkeep
|turn|8
|
|t:|1760762131
|move|p2a: Packin Purple|Rapid Spin|p1a: Garchomp
|-damage|p1a: Garchomp|61/100
|-boost|p2a: Packin Purple|spe|1
|-damage|p2a: Packin Purple|20/100|[from] ability: Rough Skin|[of] p1a: Garchomp
|-sideend|p2: wallik|Stealth Rock|[from] move: Rapid Spin|[of] p2a: Packin Purple
|move|p1a: Garchomp|Earthquake|p2a: Packin Purple
|-damage|p2a: Packin Purple|0 fnt
|faint|p2a: Packin Purple
|-end|p2a: Packin Purple|Protosynthesis|[silent]
|
|upkeep
|
|t:|1760762134
|switch|p2a: Ronaldo|Cinderace, F|100/100
|turn|9
|
|t:|1760762138
|move|p2a: Ronaldo|High Jump Kick|p1a: Garchomp
|-start|p2a: Ronaldo|typechange|Fighting|[from] ability: Libero
|-crit|p1a: Garchomp
|-damage|p1a: Garchomp|0 fnt
|-damage|p2a: Ronaldo|88/100|[from] ability: Rough Skin|[of] p1a: Garchomp
|faint|p1a: Garchomp
|
|upkeep
|j| poor ce
|
|t:|1760762150
|switch|p1a: Iron Valiant|Iron Valiant|100/100
|-damage|p1a: Iron Valiant|94/100|[from] Stealth Rock
|-enditem|p1a: Iron Valiant|Booster Energy
|-activate|p1a: Iron Valiant|ability: Quark Drive|[fromitem]
|-start|p1a: Iron Valiant|quarkdrivespe
|turn|10
|
|t:|1760762155
|switch|p2a: BrainRot|Slowking-Galar, M|100/100
|move|p1a: Iron Valiant|Calm Mind|p1a: Iron Valiant
|-boost|p1a: Iron Valiant|spa|1
|-boost|p1a: Iron Valiant|spd|1
|
|upkeep
|turn|11
|j| Goldingus
|
|t:|1760762165
|-end|p1a: Iron Valiant|Quark Drive|[silent]
|switch|p1a: Iron Treads|Iron Treads|99/100 par
|-damage|p1a: Iron Treads|97/100 par|[from] Stealth Rock
|move|p2a: BrainRot|Future Sight|p1a: Iron Treads
|-start|p2a: BrainRot|move: Future Sight
|
|-heal|p1a: Iron Treads|100/100 par|[from] item: Leftovers
|upkeep
|turn|12
|
|t:|1760762173
|switch|p2a: Ronaldo|Cinderace, F|88/100
|move|p1a: Iron Treads|Rapid Spin|p2a: Ronaldo
|-damage|p2a: Ronaldo|70/100
|-boost|p1a: Iron Treads|spe|1
|-sideend|p1: theonlydork|Stealth Rock|[from] move: Rapid Spin|[of] p1a: Iron Treads
|
|upkeep
|turn|13
|
|t:|1760762195
|-end|p1a: Iron Treads|Quark Drive|[silent]
|switch|p1a: Iron Valiant|Iron Valiant|94/100
|move|p2a: Ronaldo|Pyro Ball|p1a: Iron Valiant
|-damage|p1a: Iron Valiant|0 fnt
|faint|p1a: Iron Valiant
|-end|p1a: Iron Valiant|Quark Drive|[silent]
|
|-hint|Future Sight did not hit because the target is fainted.
|upkeep
|
|t:|1760762208
|switch|p1a: Darkrai|Darkrai|100/100
|turn|14
|
|t:|1760762215
|switch|p2a: Vape God|Raging Bolt|100/100
|move|p1a: Darkrai|Sludge Bomb|p2a: Vape God
|-damage|p2a: Vape God|70/100
|
|upkeep
|turn|15
|
|t:|1760762221
|switch|p1a: Iron Treads|Iron Treads|100/100 par
|move|p2a: Vape God|Draco Meteor|p1a: Iron Treads
|-resisted|p1a: Iron Treads
|-damage|p1a: Iron Treads|46/100 par
|-unboost|p2a: Vape God|spa|2
|
|-heal|p1a: Iron Treads|52/100 par|[from] item: Leftovers
|upkeep
|turn|16
|
|t:|1760762233
|-end|p1a: Iron Treads|Quark Drive|[silent]
|switch|p1a: Darkrai|Darkrai|100/100
|move|p2a: Vape God|Draco Meteor|p1a: Darkrai
|-damage|p1a: Darkrai|14/100
|-unboost|p2a: Vape God|spa|2
|
|upkeep
|turn|17
|
|t:|1760762240
|-end|p2a: Vape God|Protosynthesis|[silent]
|switch|p2a: BrainRot|Slowking-Galar, M|100/100
|move|p1a: Darkrai|Ice Beam|p2a: BrainRot
|-damage|p2a: BrainRot|84/100
|
|upkeep
|turn|18
|
|t:|1760762243
|move|p1a: Darkrai|Knock Off|p2a: BrainRot
|-supereffective|p2a: BrainRot
|-damage|p2a: BrainRot|15/100
|-enditem|p2a: BrainRot|Assault Vest|[from] move: Knock Off|[of] p1a: Darkrai
|move|p2a: BrainRot|Fire Blast|p1a: Darkrai
|-damage|p1a: Darkrai|0 fnt
|faint|p1a: Darkrai
|
|upkeep
|
|t:|1760762249
|switch|p1a: Ogerpon|Ogerpon-Wellspring, F|100/100
|turn|19
|
|t:|1760762253
|switch|p2a: Gladys|Corviknight, F|100/100
|-ability|p2a: Gladys|Pressure
|move|p1a: Ogerpon|Ivy Cudgel|p2a: Gladys|[anim] Ivy Cudgel Water
|-damage|p2a: Gladys|66/100
|
|upkeep
|turn|20
|
|t:|1760762258
|switch|p1a: Gholdengo|Gholdengo|100/100
|-item|p1a: Gholdengo|Air Balloon
|move|p2a: Gladys|Reflect|p2a: Gladys
|-sidestart|p2: wallik|Reflect
|
|upkeep
|turn|21
|
|t:|1760762264
|move|p1a: Gholdengo|Thunder Wave|p2a: Gladys|[miss]
|-miss|p1a: Gholdengo|p2a: Gladys
|move|p2a: Gladys|U-turn|p1a: Gholdengo
|-resisted|p1a: Gholdengo
|-damage|p1a: Gholdengo|98/100
|-enditem|p1a: Gholdengo|Air Balloon
|
|t:|1760762267
|switch|p2a: Ronaldo|Cinderace, F|70/100|[from] U-turn
|
|upkeep
|turn|22
|
|t:|1760762270
|-terastallize|p1a: Gholdengo|Fairy
|move|p2a: Ronaldo|Pyro Ball|p1a: Gholdengo
|-damage|p1a: Gholdengo|37/100
|move|p1a: Gholdengo|Thunder Wave|p2a: Ronaldo
|-status|p2a: Ronaldo|par
|
|upkeep
|turn|23
|j| Lamp0821
|
|t:|1760762280
|-terastallize|p2a: Ronaldo|Fire
|move|p1a: Gholdengo|Recover|p1a: Gholdengo
|-heal|p1a: Gholdengo|87/100
|move|p2a: Ronaldo|Pyro Ball|p1a: Gholdengo
|-damage|p1a: Gholdengo|2/100
|
|upkeep
|turn|24
|
|t:|1760762285
|move|p1a: Gholdengo|Hex|p2a: Ronaldo
|-damage|p2a: Ronaldo|0 fnt
|faint|p2a: Ronaldo
|
|-sideend|p2: wallik|Reflect
|upkeep
|l| Lamp0821
|
|t:|1760762291
|switch|p2a: Whimsicott|Whimsicott, F|34/100
|turn|25
|
|t:|1760762294
|switch|p1a: Iron Treads|Iron Treads|52/100 par
|move|p2a: Whimsicott|U-turn|p1a: Iron Treads
|-resisted|p1a: Iron Treads
|-damage|p1a: Iron Treads|48/100 par
|
|t:|1760762302
|switch|p2a: BrainRot|Slowking-Galar, M|49/100|[from] U-turn
|
|-heal|p1a: Iron Treads|54/100 par|[from] item: Leftovers
|upkeep
|turn|26
|
|t:|1760762308
|-end|p1a: Iron Treads|Quark Drive|[silent]
|switch|p1a: Ogerpon|Ogerpon-Wellspring, F|100/100
|switch|p2a: Gladys|Corviknight, F|66/100
|-ability|p2a: Gladys|Pressure
|
|upkeep
|turn|27
|
|t:|1760762313
|move|p1a: Ogerpon|Swords Dance|p1a: Ogerpon
|-boost|p1a: Ogerpon|atk|2
|move|p2a: Gladys|U-turn|p1a: Ogerpon
|-supereffective|p1a: Ogerpon
|-damage|p1a: Ogerpon|65/100
|
|t:|1760762316
|switch|p2a: Whimsicott|Whimsicott, F|34/100|[from] U-turn
|
|upkeep
|turn|28
|
|t:|1760762319
|switch|p1a: Iron Treads|Iron Treads|54/100 par
|move|p2a: Whimsicott|Encore||[still]
|-fail|p2a: Whimsicott
|
|-heal|p1a: Iron Treads|60/100 par|[from] item: Leftovers
|upkeep
|turn|29
|
|t:|1760762331
|move|p2a: Whimsicott|U-turn|p1a: Iron Treads
|-resisted|p1a: Iron Treads
|-damage|p1a: Iron Treads|55/100 par
|
|t:|1760762334
|switch|p2a: Gladys|Corviknight, F|66/100|[from] U-turn
|-ability|p2a: Gladys|Pressure
|cant|p1a: Iron Treads|par
|
|-heal|p1a: Iron Treads|61/100 par|[from] item: Leftovers
|upkeep
|turn|30
|
|t:|1760762342
|move|p2a: Gladys|Reflect|p2a: Gladys
|-sidestart|p2: wallik|Reflect
|cant|p1a: Iron Treads|par
|
|-heal|p1a: Iron Treads|67/100 par|[from] item: Leftovers
|upkeep
|turn|31
|
|t:|1760762359
|move|p2a: Gladys|Roost|p2a: Gladys
|-heal|p2a: Gladys|100/100
|-singleturn|p2a: Gladys|move: Roost
|move|p1a: Iron Treads|Knock Off|p2a: Gladys
|-damage|p2a: Gladys|92/100
|-damage|p1a: Iron Treads|51/100 par|[from] item: Rocky Helmet|[of] p2a: Gladys
|-enditem|p2a: Gladys|Rocky Helmet|[from] move: Knock Off|[of] p1a: Iron Treads
|
|-heal|p1a: Iron Treads|57/100 par|[from] item: Leftovers
|upkeep
|turn|32
|
|t:|1760762368
|-end|p1a: Iron Treads|Quark Drive|[silent]
|switch|p1a: Ogerpon|Ogerpon-Wellspring, F|65/100
|move|p2a: Gladys|U-turn|p1a: Ogerpon
|-supereffective|p1a: Ogerpon
|-damage|p1a: Ogerpon|31/100
|
|t:|1760762374
|switch|p2a: Vape God|Raging Bolt|70/100|[from] U-turn
|
|upkeep
|turn|33
|
|t:|1760762385
|switch|p1a: Iron Treads|Iron Treads|57/100 par
|move|p2a: Vape God|Volt Switch|p1a: Iron Treads
|-immune|p1a: Iron Treads
|
|-heal|p1a: Iron Treads|63/100 par|[from] item: Leftovers
|upkeep
|turn|34
|
|t:|1760762392
|-end|p2a: Vape God|Protosynthesis|[silent]
|switch|p2a: Gladys|Corviknight, F|92/100
|-ability|p2a: Gladys|Pressure
|cant|p1a: Iron Treads|par
|
|-heal|p1a: Iron Treads|69/100 par|[from] item: Leftovers
|-sideend|p2: wallik|Reflect
|upkeep
|turn|35
|
|t:|1760762396
|move|p2a: Gladys|Reflect|p2a: Gladys
|-sidestart|p2: wallik|Reflect
|move|p1a: Iron Treads|Earthquake|p2a: Gladys
|-immune|p2a: Gladys
|
|-heal|p1a: Iron Treads|75/100 par|[from] item: Leftovers
|upkeep
|turn|36
|
|t:|1760762402
|move|p2a: Gladys|U-turn|p1a: Iron Treads
|-resisted|p1a: Iron Treads
|-damage|p1a: Iron Treads|68/100 par
|
|t:|1760762407
|switch|p2a: BrainRot|Slowking-Galar, M|82/100|[from] U-turn
|move|p1a: Iron Treads|Earthquake|p2a: BrainRot
|-supereffective|p2a: BrainRot
|-damage|p2a: BrainRot|41/100
|
|-heal|p1a: Iron Treads|74/100 par|[from] item: Leftovers
|upkeep
|turn|37
|
|t:|1760762415
|switch|p2a: Gladys|Corviknight, F|92/100
|-ability|p2a: Gladys|Pressure
|move|p1a: Iron Treads|Earthquake|p2a: Gladys
|-immune|p2a: Gladys
|
|-heal|p1a: Iron Treads|80/100 par|[from] item: Leftovers
|upkeep
|turn|38
|
|t:|1760762425
|move|p2a: Gladys|U-turn|p1a: Iron Treads
|-resisted|p1a: Iron Treads
|-crit|p1a: Iron Treads
|-damage|p1a: Iron Treads|70/100 par
|
|t:|1760762428
|switch|p2a: BrainRot|Slowking-Galar, M|74/100|[from] U-turn
|move|p1a: Iron Treads|Earthquake|p2a: BrainRot
|-supereffective|p2a: BrainRot
|-damage|p2a: BrainRot|36/100
|
|-heal|p1a: Iron Treads|76/100 par|[from] item: Leftovers
|upkeep
|turn|39
|
|t:|1760762434
|-end|p1a: Iron Treads|Quark Drive|[silent]
|switch|p1a: Gholdengo|Gholdengo, tera:Fairy|2/100
|switch|p2a: Gladys|Corviknight, F|92/100
|-ability|p2a: Gladys|Pressure
|
|-sideend|p2: wallik|Reflect
|upkeep
|turn|40
|
|t:|1760762438
|move|p1a: Gholdengo|Recover|p1a: Gholdengo
|-heal|p1a: Gholdengo|52/100
|move|p2a: Gladys|U-turn|p1a: Gholdengo
|-resisted|p1a: Gholdengo
|-damage|p1a: Gholdengo|47/100
|
|t:|1760762441
|switch|p2a: BrainRot|Slowking-Galar, M|69/100|[from] U-turn
|
|upkeep
|turn|41
|
|t:|1760762450
|switch|p1a: Iron Treads|Iron Treads|76/100 par
|move|p2a: BrainRot|Sludge Bomb|p1a: Iron Treads
|-immune|p1a: Iron Treads
|
|-heal|p1a: Iron Treads|82/100 par|[from] item: Leftovers
|upkeep
|turn|42
|
|t:|1760762456
|switch|p2a: Gladys|Corviknight, F|92/100
|-ability|p2a: Gladys|Pressure
|cant|p1a: Iron Treads|par
|
|-heal|p1a: Iron Treads|88/100 par|[from] item: Leftovers
|upkeep
|turn|43
|
|t:|1760762459
|-end|p1a: Iron Treads|Quark Drive|[silent]
|switch|p1a: Gholdengo|Gholdengo, tera:Fairy|47/100
|move|p2a: Gladys|U-turn|p1a: Gholdengo
|-resisted|p1a: Gholdengo
|-crit|p1a: Gholdengo
|-damage|p1a: Gholdengo|38/100
|
|t:|1760762461
|switch|p2a: BrainRot|Slowking-Galar, M|100/100|[from] U-turn
|
|upkeep
|turn|44
|
|t:|1760762469
|move|p1a: Gholdengo|Thunder Wave|p2a: BrainRot
|-status|p2a: BrainRot|par
|move|p2a: BrainRot|Future Sight|p1a: Gholdengo
|-start|p2a: BrainRot|move: Future Sight
|
|upkeep
|turn|45
|
|t:|1760762477
|switch|p1a: Iron Treads|Iron Treads|88/100 par
|cant|p2a: BrainRot|par
|
|-heal|p1a: Iron Treads|94/100 par|[from] item: Leftovers
|upkeep
|turn|46
|
|t:|1760762484
|move|p1a: Iron Treads|Earthquake|p2a: BrainRot
|-supereffective|p2a: BrainRot
|-damage|p2a: BrainRot|16/100 par
|cant|p2a: BrainRot|par
|
|-end|p1a: Iron Treads|move: Future Sight
|-resisted|p1a: Iron Treads
|-damage|p1a: Iron Treads|68/100 par
|-heal|p1a: Iron Treads|74/100 par|[from] item: Leftovers
|upkeep
|turn|47
|
|t:|1760762497
|-end|p1a: Iron Treads|Quark Drive|[silent]
|switch|p1a: Gholdengo|Gholdengo, tera:Fairy|38/100
|switch|p2a: Gladys|Corviknight, F|92/100
|-ability|p2a: Gladys|Pressure
|
|upkeep
|turn|48
|
|t:|1760762502
|switch|p2a: Vape God|Raging Bolt|70/100
|move|p1a: Gholdengo|Recover|p1a: Gholdengo
|-heal|p1a: Gholdengo|89/100
|
|upkeep
|turn|49
|
|t:|1760762519
|move|p2a: Vape God|Volt Switch|p1a: Gholdengo
|-damage|p1a: Gholdengo|30/100
|j| Ctannn
|
|t:|1760762524
|-end|p2a: Vape God|Protosynthesis|[silent]
|switch|p2a: Gladys|Corviknight, F|92/100|[from] Volt Switch
|-ability|p2a: Gladys|Pressure
|move|p1a: Gholdengo|Hex|p2a: Gladys
|-damage|p2a: Gladys|64/100
|
|upkeep
|turn|50
|
|t:|1760762527
|switch|p2a: Vape God|Raging Bolt|70/100
|move|p1a: Gholdengo|Recover|p1a: Gholdengo
|-heal|p1a: Gholdengo|80/100
|
|upkeep
|turn|51
|
|t:|1760762536
|move|p2a: Vape God|Thunderbolt|p1a: Gholdengo
|-damage|p1a: Gholdengo|3/100
|move|p1a: Gholdengo|Recover|p1a: Gholdengo
|-heal|p1a: Gholdengo|53/100
|
|upkeep
|turn|52
|
|t:|1760762544
|-end|p2a: Vape God|Protosynthesis|[silent]
|switch|p2a: Gladys|Corviknight, F|64/100
|-ability|p2a: Gladys|Pressure
|switch|p1a: Iron Treads|Iron Treads|74/100 par
|
|-heal|p1a: Iron Treads|80/100 par|[from] item: Leftovers
|upkeep
|turn|53
|
|t:|1760762556
|-end|p1a: Iron Treads|Quark Drive|[silent]
|switch|p1a: Gholdengo|Gholdengo, tera:Fairy|53/100
|move|p2a: Gladys|Reflect|p2a: Gladys
|-sidestart|p2: wallik|Reflect
|
|upkeep
|turn|54
|
|t:|1760762561
|switch|p2a: Vape God|Raging Bolt|70/100
|move|p1a: Gholdengo|Thunder Wave|p2a: Vape God
|-immune|p2a: Vape God
|
|upkeep
|turn|55
|
|t:|1760762566
|switch|p1a: Iron Treads|Iron Treads|80/100 par
|move|p2a: Vape God|Draco Meteor|p1a: Iron Treads
|-resisted|p1a: Iron Treads
|-damage|p1a: Iron Treads|23/100 par
|-unboost|p2a: Vape God|spa|2
|
|-heal|p1a: Iron Treads|29/100 par|[from] item: Leftovers
|upkeep
|turn|56
|
|t:|1760762572
|-end|p1a: Iron Treads|Quark Drive|[silent]
|switch|p1a: Gholdengo|Gholdengo, tera:Fairy|53/100
|move|p2a: Vape God|Draco Meteor|p1a: Gholdengo
|-immune|p1a: Gholdengo
|
|upkeep
|turn|57
|inactive|wallik has 120 seconds left.
|inactive|wallik has 90 seconds left.
|
|t:|1760762661
|-end|p2a: Vape God|Protosynthesis|[silent]
|switch|p2a: BrainRot|Slowking-Galar, M|49/100 par
|move|p1a: Gholdengo|Hex|p2a: BrainRot
|-supereffective|p2a: BrainRot
|-damage|p2a: BrainRot|0 fnt
|faint|p2a: BrainRot
|
|-sideend|p2: wallik|Reflect
|upkeep
|
|t:|1760762670
|switch|p2a: Vape God|Raging Bolt|70/100
|turn|58
|
|t:|1760762677
|switch|p1a: Iron Treads|Iron Treads|29/100 par
|move|p2a: Vape God|Draco Meteor|p1a: Iron Treads
|-resisted|p1a: Iron Treads
|-damage|p1a: Iron Treads|0 fnt
|-unboost|p2a: Vape God|spa|2
|faint|p1a: Iron Treads
|-end|p1a: Iron Treads|Quark Drive|[silent]
|
|upkeep
|l| Ctannn
|
|t:|1760762693
|switch|p1a: Gholdengo|Gholdengo, tera:Fairy|53/100
|turn|59
|
|t:|1760762700
|-end|p2a: Vape God|Protosynthesis|[silent]
|switch|p2a: Gladys|Corviknight, F|64/100
|-ability|p2a: Gladys|Pressure
|move|p1a: Gholdengo|Thunder Wave|p2a: Gladys
|-status|p2a: Gladys|par
|
|upkeep
|turn|60
|
|t:|1760762710
|switch|p2a: Vape God|Raging Bolt|70/100
|move|p1a: Gholdengo|Recover|p1a: Gholdengo
|-heal|p1a: Gholdengo|100/100
|
|upkeep
|turn|61
|
|t:|1760762713
|move|p2a: Vape God|Thunderbolt|p1a: Gholdengo
|-damage|p1a: Gholdengo|24/100
|move|p1a: Gholdengo|Hex|p2a: Vape God
|-damage|p2a: Vape God|43/100
|
|upkeep
|turn|62
|
|t:|1760762718
|move|p2a: Vape God|Thunderbolt|p1a: Gholdengo
|-damage|p1a: Gholdengo|0 fnt
|faint|p1a: Gholdengo
|
|upkeep
|
|t:|1760762719
|switch|p1a: Ogerpon|Ogerpon-Wellspring, F|31/100
|turn|63
|inactive|wallik has 120 seconds left.
|
|t:|1760762738
|-end|p2a: Vape God|Protosynthesis|[silent]
|switch|p2a: Whimsicott|Whimsicott, F|34/100
|move|p1a: Ogerpon|Synthesis|p1a: Ogerpon
|-heal|p1a: Ogerpon|80/100
|
|upkeep
|turn|64
|j| wgw2333
|-message|theonlydork forfeited.
|
|win|wallik
|raw|theonlydork's rating: 1843 &rarr; <strong>1816</strong><br />(-27 for losing)
|raw|wallik's rating: 1710 &rarr; <strong>1737</strong><br />(+27 for winning)
|l|‽theonlydork
|player|p1|
|j| Ctannn
|l| Ctannn
|l| Goldingus
|l| wgw2333
