|j|☆idkbroitsucks
|j|☆hfjgfrryy
|t:|1760782945
|gametype|singles
|player|p1|idkbroitsucks|265|1146
|player|p2|hfjgfrryy|101|1131
|gen|9
|tier|[Gen 9] OU
|rated|
|rule|HP Percentage Mod: HP is shown in percentages
|rule|Endless Battle Clause: Forcing endless battles is banned
|rule|Species Clause: Limit one of each Pokémon
|rule|OHKO Clause: OHKO moves are banned
|rule|Evasion Items Clause: Evasion items are banned
|rule|Evasion Moves Clause: Evasion moves are banned
|rule|Evasion Abilities Clause: Evasion abilities are banned
|rule|Sleep Moves Clause: Sleep-inducing moves are banned
|clearpoke
|poke|p1|Weavile, M|
|poke|p1|Clefable, F|
|poke|p1|Gastrodon-East, M|
|poke|p1|Serperior, F|
|poke|p1|Dragonite, F|
|poke|p1|Quagsire, F|
|poke|p2|Ninetales, M|
|poke|p2|Hatterene, F|
|poke|p2|Walking Wake|
|poke|p2|Landorus-Therian, M|
|poke|p2|Raging Bolt|
|poke|p2|Iron Moth|
|teampreview
|
|t:|1760782950
|teamsize|p1|6
|teamsize|p2|6
|start
|switch|p1a: Quagsire|Quagsire, F|100/100
|switch|p2a: Landorus|Landorus-Therian, M|100/100
|-ability|p2a: Landorus|Intimidate|boost
|-unboost|p1a: Quagsire|atk|1
|turn|1
|
|t:|1760782961
|move|p2a: Landorus|Stealth Rock|p1a: Quagsire
|-sidestart|p1: idkbroitsucks|move: Stealth Rock
|move|p1a: Quagsire|Stealth Rock|p2a: Landorus
|-sidestart|p2: hfjgfrryy|move: Stealth Rock
|
|upkeep
|turn|2
|
|t:|1760782970
|move|p2a: Landorus|Earthquake|p1a: Quagsire
|-crit|p1a: Quagsire
|-damage|p1a: Quagsire|39/100
|move|p1a: Quagsire|Body Press|p2a: Landorus
|-resisted|p2a: Landorus
|-damage|p2a: Landorus|86/100
|-damage|p1a: Quagsire|23/100|[from] item: Rocky Helmet|[of] p2a: Landorus
|
|-heal|p1a: Quagsire|29/100|[from] item: Leftovers
|upkeep
|turn|3
|
|t:|1760782990
|move|p2a: Landorus|Earthquake|p1a: Quagsire
|-damage|p1a: Quagsire|0 fnt
|faint|p1a: Quagsire
|
|upkeep
|
|t:|1760782996
|switch|p1a: Clefable|Clefable, F|100/100
|turn|4
|
|t:|1760783002
|move|p2a: Landorus|Taunt|p1a: Clefable
|-start|p1a: Clefable|move: Taunt
|cant|p1a: Clefable|move: Taunt|Cosmic Power
|
|upkeep
|turn|5
|
|t:|1760783008
|switch|p1a: Serperior|Serperior, F|100/100
|-damage|p1a: Serperior|88/100|[from] Stealth Rock
|move|p2a: Landorus|Earthquake|p1a: Serperior
|-resisted|p1a: Serperior
|-damage|p1a: Serperior|54/100
|
|upkeep
|turn|6
|
|t:|1760783016
|-terastallize|p2a: Landorus|Bug
|move|p1a: Serperior|Leaf Storm|p2a: Landorus
|-resisted|p2a: Landorus
|-damage|p2a: Landorus|50/100
|-boost|p1a: Serperior|spa|2
|-damage|p1a: Serperior|44/100|[from] item: Life Orb
|move|p2a: Landorus|U-turn|p1a: Serperior
|-supereffective|p1a: Serperior
|-damage|p1a: Serperior|0 fnt
|faint|p1a: Serperior
|
|t:|1760783027
|switch|p2a: Hatterene|Hatterene, F|100/100|[from] U-turn
|-damage|p2a: Hatterene|88/100|[from] Stealth Rock
|
|upkeep
|
|t:|1760783033
|switch|p1a: Clefable|Clefable, F|100/100
|turn|7
|
|t:|1760783041
|move|p1a: Clefable|Cosmic Power|p1a: Clefable
|-boost|p1a: Clefable|def|1
|-boost|p1a: Clefable|spd|1
|move|p2a: Hatterene|Future Sight|p1a: Clefable
|-start|p2a: Hatterene|move: Future Sight
|
|upkeep
|turn|8
|
|t:|1760783048
|move|p1a: Clefable|Cosmic Power|p1a: Clefable
|-boost|p1a: Clefable|def|1
|-boost|p1a: Clefable|spd|1
|move|p2a: Hatterene|Nuzzle|p1a: Clefable
|-damage|p1a: Clefable|99/100
|-status|p1a: Clefable|par
|
|-heal|p1a: Clefable|100/100 par|[from] item: Leftovers
|upkeep
|turn|9
|
|t:|1760783060
|move|p2a: Hatterene|Draining Kiss|p1a: Clefable
|-damage|p1a: Clefable|87/100 par
|-heal|p2a: Hatterene|100/100|[from] drain|[of] p1a: Clefable
|move|p1a: Clefable|Cosmic Power|p1a: Clefable
|-boost|p1a: Clefable|def|1
|-boost|p1a: Clefable|spd|1
|
|-end|p1a: Clefable|move: Future Sight
|-damage|p1a: Clefable|59/100 par
|-heal|p1a: Clefable|65/100 par|[from] item: Leftovers
|upkeep
|turn|10
|
|t:|1760783074
|switch|p2a: Iron Moth|Iron Moth|100/100
|-damage|p2a: Iron Moth|76/100|[from] Stealth Rock
|-enditem|p2a: Iron Moth|Booster Energy
|-activate|p2a: Iron Moth|ability: Quark Drive|[fromitem]
|-start|p2a: Iron Moth|quarkdrivespe
|move|p1a: Clefable|Cosmic Power|p1a: Clefable
|-boost|p1a: Clefable|def|1
|-boost|p1a: Clefable|spd|1
|
|-heal|p1a: Clefable|71/100 par|[from] item: Leftovers
|upkeep
|turn|11
|
|t:|1760783091
|move|p2a: Iron Moth|Sludge Wave|p1a: Clefable
|-supereffective|p1a: Clefable
|-damage|p1a: Clefable|40/100 par
|move|p1a: Clefable|Moonlight|p1a: Clefable
|-heal|p1a: Clefable|90/100 par
|
|-heal|p1a: Clefable|96/100 par|[from] item: Leftovers
|upkeep
|turn|12
|
|t:|1760783100
|move|p2a: Iron Moth|Sludge Wave|p1a: Clefable
|-supereffective|p1a: Clefable
|-damage|p1a: Clefable|64/100 par
|move|p1a: Clefable|Stored Power|p2a: Iron Moth
|-supereffective|p2a: Iron Moth
|-damage|p2a: Iron Moth|0 fnt
|faint|p2a: Iron Moth
|-end|p2a: Iron Moth|Quark Drive|[silent]
|
|-heal|p1a: Clefable|70/100 par|[from] item: Leftovers
|upkeep
|
|t:|1760783108
|switch|p2a: Hatterene|Hatterene, F|100/100
|-damage|p2a: Hatterene|88/100|[from] Stealth Rock
|turn|13
|
|t:|1760783112
|move|p2a: Hatterene|Draining Kiss|p1a: Clefable
|-damage|p1a: Clefable|61/100 par
|-heal|p2a: Hatterene|97/100|[from] drain|[of] p1a: Clefable
|move|p1a: Clefable|Stored Power|p2a: Hatterene
|-resisted|p2a: Hatterene
|-damage|p2a: Hatterene|77/100
|-enditem|p2a: Hatterene|Red Card|[of] p1a: Clefable
|drag|p1a: Weavile|Weavile, M|100/100
|-damage|p1a: Weavile|76/100|[from] Stealth Rock
|-ability|p1a: Weavile|Pressure
|
|upkeep
|turn|14
|
|t:|1760783124
|move|p1a: Weavile|Fake Out|p2a: Hatterene
|-damage|p2a: Hatterene|62/100
|cant|p2a: Hatterene|flinch
|
|upkeep
|turn|15
|
|t:|1760783134
|move|p1a: Weavile|Icicle Spear|p2a: Hatterene
|-damage|p2a: Hatterene|48/100
|-damage|p2a: Hatterene|34/100
|-damage|p2a: Hatterene|20/100
|-damage|p2a: Hatterene|7/100
|-damage|p2a: Hatterene|0 fnt
|faint|p2a: Hatterene
|-hitcount|p2: Hatterene|5
|
|upkeep
|
|t:|1760783145
|switch|p2a: Landorus|Landorus-Therian, M, tera:Bug|50/100
|-damage|p2a: Landorus|25/100|[from] Stealth Rock
|-ability|p2a: Landorus|Intimidate|boost
|-unboost|p1a: Weavile|atk|1
|turn|16
|
|t:|1760783161
|move|p1a: Weavile|Icicle Spear|p2a: Landorus
|-damage|p2a: Landorus|16/100
|-damage|p2a: Landorus|7/100
|-damage|p2a: Landorus|0 fnt
|faint|p2a: Landorus
|-hitcount|p2: Landorus|3
|
|upkeep
|
|t:|1760783170
|switch|p2a: Ninetales|Ninetales, M|100/100
|-damage|p2a: Ninetales|76/100|[from] Stealth Rock
|-weather|SunnyDay|[from] ability: Drought|[of] p2a: Ninetales
|turn|17
|
|t:|1760783177
|switch|p1a: Gastrodon|Gastrodon-East, M|100/100
|-damage|p1a: Gastrodon|94/100|[from] Stealth Rock
|move|p2a: Ninetales|Flamethrower|p1a: Gastrodon
|-resisted|p1a: Gastrodon
|-damage|p1a: Gastrodon|70/100
|
|-weather|SunnyDay|[upkeep]
|-heal|p1a: Gastrodon|76/100|[from] item: Leftovers
|upkeep
|turn|18
|
|t:|1760783189
|move|p2a: Ninetales|Solar Beam||[still]
|-prepare|p2a: Ninetales|Solar Beam
|-anim|p2a: Ninetales|Solar Beam|p1a: Gastrodon
|-supereffective|p1a: Gastrodon
|-damage|p1a: Gastrodon|0 fnt
|faint|p1a: Gastrodon
|
|-weather|SunnyDay|[upkeep]
|upkeep
|
|t:|1760783198
|switch|p1a: Clefable|Clefable, F|61/100 par
|turn|19
|
|t:|1760783207
|switch|p2a: Walking Wake|Walking Wake|100/100
|-damage|p2a: Walking Wake|88/100|[from] Stealth Rock
|-activate|p2a: Walking Wake|ability: Protosynthesis
|-start|p2a: Walking Wake|protosynthesisspe
|move|p1a: Clefable|Moonlight|p1a: Clefable
|-heal|p1a: Clefable|100/100 par
|
|-weather|SunnyDay|[upkeep]
|upkeep
|turn|20
|
|t:|1760783217
|move|p2a: Walking Wake|Hydro Steam|p1a: Clefable
|-damage|p1a: Clefable|11/100 par
|move|p1a: Clefable|Cosmic Power|p1a: Clefable
|-boost|p1a: Clefable|def|1
|-boost|p1a: Clefable|spd|1
|
|-weather|SunnyDay|[upkeep]
|-heal|p1a: Clefable|17/100 par|[from] item: Leftovers
|upkeep
|turn|21
|
|t:|1760783225
|move|p2a: Walking Wake|Hydro Steam|p1a: Clefable
|-damage|p1a: Clefable|0 fnt
|faint|p1a: Clefable
|
|-weather|SunnyDay|[upkeep]
|upkeep
|
|t:|1760783230
|switch|p1a: Weavile|Weavile, M|76/100
|-damage|p1a: Weavile|51/100|[from] Stealth Rock
|-ability|p1a: Weavile|Pressure
|turn|22
|
|t:|1760783235
|move|p1a: Weavile|Fake Out|p2a: Walking Wake
|-damage|p2a: Walking Wake|74/100
|cant|p2a: Walking Wake|flinch
|
|-weather|SunnyDay|[upkeep]
|upkeep
|turn|23
|
|t:|1760783241
|move|p1a: Weavile|Ice Shard|p2a: Walking Wake
|-damage|p2a: Walking Wake|53/100
|move|p2a: Walking Wake|Hydro Steam|p1a: Weavile
|-damage|p1a: Weavile|0 fnt
|faint|p1a: Weavile
|
|-weather|SunnyDay|[upkeep]
|upkeep
|
|t:|1760783248
|switch|p1a: Dragonite|Dragonite, F|100/100
|-damage|p1a: Dragonite|75/100|[from] Stealth Rock
|turn|24
|
|t:|1760783256
|-end|p2a: Walking Wake|Protosynthesis|[silent]
|switch|p2a: Ninetales|Ninetales, M|76/100
|-damage|p2a: Ninetales|51/100|[from] Stealth Rock
|move|p1a: Dragonite|Dragon Dance|p1a: Dragonite
|-boost|p1a: Dragonite|atk|1
|-boost|p1a: Dragonite|spe|1
|
|-weather|none
|-heal|p1a: Dragonite|82/100|[from] item: Leftovers
|upkeep
|turn|25
|
|t:|1760783266
|move|p1a: Dragonite|Earthquake|p2a: Ninetales
|-supereffective|p2a: Ninetales
|-damage|p2a: Ninetales|0 fnt
|faint|p2a: Ninetales
|
|-heal|p1a: Dragonite|88/100|[from] item: Leftovers
|upkeep
|
|t:|1760783276
|switch|p2a: Raging Bolt|Raging Bolt|100/100
|-damage|p2a: Raging Bolt|88/100|[from] Stealth Rock
|turn|26
|
|t:|1760783286
|move|p1a: Dragonite|Earthquake|p2a: Raging Bolt
|-supereffective|p2a: Raging Bolt
|-damage|p2a: Raging Bolt|0 fnt
|faint|p2a: Raging Bolt
|-end|p2a: Raging Bolt|Protosynthesis|[silent]
|
|-heal|p1a: Dragonite|94/100|[from] item: Leftovers
|upkeep
|
|t:|1760783292
|switch|p2a: Walking Wake|Walking Wake|53/100
|-damage|p2a: Walking Wake|40/100|[from] Stealth Rock
|turn|27
|
|t:|1760783297
|move|p1a: Dragonite|Dragon Claw|p2a: Walking Wake
|-supereffective|p2a: Walking Wake
|-damage|p2a: Walking Wake|0 fnt
|faint|p2a: Walking Wake
|-end|p2a: Walking Wake|Protosynthesis|[silent]
|
|win|idkbroitsucks
|raw|idkbroitsucks's rating: 1146 &rarr; <strong>1170</strong><br />(+24 for winning)
|raw|hfjgfrryy's rating: 1131 &rarr; <strong>1107</strong><br />(-24 for losing)
|l|☆hfjgfrryy
|player|p2|
|c|☆idkbroitsucks|gg
|l|☆idkbroitsucks
|player|p1|
