|j|☆YeatLover267
|j|☆WeRrsome
|t:|1760723073
|gametype|singles
|player|p1|YeatLover267|backersf|1423
|player|p2|WeRrsome|265|1444
|gen|9
|tier|[Gen 9] OU
|rated|
|rule|HP Percentage Mod: HP is shown in percentages
|rule|Endless Battle Clause: Forcing endless battles is banned
|rule|Species Clause: Limit one of each Pokémon
|rule|OHKO Clause: OHKO moves are banned
|rule|Evasion Items Clause: Evasion items are banned
|rule|Evasion Moves Clause: Evasion moves are banned
|rule|Evasion Abilities Clause: Evasion abilities are banned
|rule|Sleep Moves Clause: Sleep-inducing moves are banned
|clearpoke
|poke|p1|Eiscue, M|
|poke|p1|Slowking, M|
|poke|p1|Ninetales-Alola, M|
|poke|p1|Kyurem|
|poke|p1|Beartic, M|
|poke|p1|Forretress, M|
|poke|p2|Ogerpon, F|
|poke|p2|Araquanid, M|
|poke|p2|Magnezone|
|poke|p2|Iron Treads|
|poke|p2|Dragonite, F|
|poke|p2|Gengar, F|
|teampreview
|inactive|Battle timer is ON: inactive players will automatically lose when time's up. (requested by YeatLover267)
|
|t:|1760723098
|teamsize|p1|6
|teamsize|p2|6
|start
|switch|p1a: Kyurem|Kyurem|100/100
|switch|p2a: Ogerpon|Ogerpon, F|100/100
|-ability|p1a: Kyurem|Pressure
|turn|1
|
|t:|1760723102
|-terastallize|p2a: Ogerpon|Grass
|detailschange|p2a: Ogerpon|Ogerpon-Teal-Tera, F, tera:Grass
|-ability|p2a: Ogerpon|Embody Aspect (Teal)|boost
|-boost|p2a: Ogerpon|spe|1
|move|p2a: Ogerpon|U-turn|p1a: Kyurem
|-crit|p1a: Kyurem
|-damage|p1a: Kyurem|55/100
|
|t:|1760723110
|switch|p2a: Iron Treads|Iron Treads|100/100|[from] U-turn
|move|p1a: Kyurem|Freeze-Dry|p2a: Iron Treads
|-damage|p2a: Iron Treads|71/100
|
|upkeep
|turn|2
|
|t:|1760723115
|switch|p1a: Eiscue|Eiscue, M|100/100
|move|p2a: Iron Treads|Iron Head|p1a: Eiscue
|-activate|p1a: Eiscue|ability: Ice Face
|-damage|p1a: Eiscue|100/100
|detailschange|p1a: Eiscue|Eiscue-Noice, M
|
|upkeep
|turn|3
|
|t:|1760723118
|move|p1a: Eiscue|Snowscape|p1a: Eiscue
|-weather|Snowscape
|-activate|p1a: Eiscue|ability: Ice Face
|detailschange|p1a: Eiscue|Eiscue, M
|move|p2a: Iron Treads|Iron Head|p1a: Eiscue
|-activate|p1a: Eiscue|ability: Ice Face
|-damage|p1a: Eiscue|100/100
|detailschange|p1a: Eiscue|Eiscue-Noice, M
|
|-weather|Snowscape|[upkeep]
|upkeep
|turn|4
|
|t:|1760723122
|move|p1a: Eiscue|Aurora Veil|p1a: Eiscue
|-sidestart|p1: YeatLover267|move: Aurora Veil
|move|p2a: Iron Treads|Iron Head|p1a: Eiscue
|-supereffective|p1a: Eiscue
|-damage|p1a: Eiscue|68/100
|
|-weather|Snowscape|[upkeep]
|upkeep
|turn|5
|
|t:|1760723129
|move|p1a: Eiscue|Flip Turn|p2a: Iron Treads
|-supereffective|p2a: Iron Treads
|-damage|p2a: Iron Treads|53/100
|
|t:|1760723130
|switch|p1a: Slowking|Slowking, M|100/100|[from] Flip Turn
|move|p2a: Iron Treads|Knock Off|p1a: Slowking
|-supereffective|p1a: Slowking
|-damage|p1a: Slowking|77/100
|-enditem|p1a: Slowking|Icy Rock|[from] move: Knock Off|[of] p2a: Iron Treads
|
|-weather|Snowscape|[upkeep]
|upkeep
|turn|6
|
|t:|1760723146
|-end|p2a: Iron Treads|Quark Drive|[silent]
|switch|p2a: Araquanid|Araquanid, M|100/100
|move|p1a: Slowking|Future Sight|p2a: Araquanid
|-start|p1a: Slowking|move: Future Sight
|
|-weather|Snowscape|[upkeep]
|upkeep
|turn|7
|
|t:|1760723151
|move|p2a: Araquanid|Sticky Web|p1a: Slowking
|-sidestart|p1: YeatLover267|move: Sticky Web
|-prepare|p1a: Slowking|Chilly Reception|[premajor]
|move|p1a: Slowking|Chilly Reception|p1a: Slowking
|
|t:|1760723153
|switch|p1a: Forretress|Forretress, M|100/100|[from] Chilly Reception
|
|-weather|none
|upkeep
|turn|8
|
|t:|1760723163
|switch|p2a: Gengar|Gengar, F|100/100
|move|p1a: Forretress|Rapid Spin|p2a: Gengar
|-immune|p2a: Gengar
|
|-end|p2a: Gengar|move: Future Sight
|-supereffective|p2a: Gengar
|-damage|p2a: Gengar|0 fnt
|faint|p2a: Gengar
|upkeep
|
|t:|1760723183
|switch|p2a: Magnezone|Magnezone|100/100
|turn|9
|
|t:|1760723186
|move|p2a: Magnezone|Volt Switch|p1a: Forretress
|-damage|p1a: Forretress|72/100
|
|t:|1760723193
|switch|p2a: Ogerpon|Ogerpon-Teal-Tera, F, tera:Grass|100/100|[from] Volt Switch
|-ability|p2a: Ogerpon|Embody Aspect (Teal)|boost
|-boost|p2a: Ogerpon|spe|1
|move|p1a: Forretress|Rapid Spin|p2a: Ogerpon
|-damage|p2a: Ogerpon|87/100
|-boost|p1a: Forretress|spe|1
|-sideend|p1: YeatLover267|Sticky Web|[from] move: Rapid Spin|[of] p1a: Forretress
|
|upkeep
|turn|10
|
|t:|1760723201
|move|p2a: Ogerpon|Knock Off|p1a: Forretress
|-damage|p1a: Forretress|54/100
|-enditem|p1a: Forretress|Heavy-Duty Boots|[from] move: Knock Off|[of] p2a: Ogerpon
|move|p1a: Forretress|Volt Switch|p2a: Ogerpon
|-resisted|p2a: Ogerpon
|-damage|p2a: Ogerpon|81/100
|
|t:|1760723207
|switch|p1a: Ninetales|Ninetales-Alola, M, shiny|100/100|[from] Volt Switch
|-weather|Snowscape|[from] ability: Snow Warning|[of] p1a: Ninetales
|
|-weather|Snowscape|[upkeep]
|upkeep
|turn|11
|
|t:|1760723210
|switch|p2a: Magnezone|Magnezone|100/100
|move|p1a: Ninetales|Freeze-Dry|p2a: Magnezone
|-resisted|p2a: Magnezone
|-damage|p2a: Magnezone|87/100
|
|-weather|Snowscape|[upkeep]
|-sideend|p1: YeatLover267|move: Aurora Veil
|upkeep
|turn|12
|
|t:|1760723215
|-terastallize|p1a: Ninetales|Ground
|move|p1a: Ninetales|Tera Blast|p2a: Magnezone|[anim] Tera Blast Ground
|-supereffective|p2a: Magnezone
|-damage|p2a: Magnezone|0 fnt
|faint|p2a: Magnezone
|
|-weather|Snowscape|[upkeep]
|upkeep
|
|t:|1760723221
|switch|p2a: Araquanid|Araquanid, M|100/100
|turn|13
|
|t:|1760723229
|move|p1a: Ninetales|Nasty Plot|p1a: Ninetales
|-boost|p1a: Ninetales|spa|2
|move|p2a: Araquanid|Liquidation|p1a: Ninetales
|-supereffective|p1a: Ninetales
|-damage|p1a: Ninetales|0 fnt
|faint|p1a: Ninetales
|
|-weather|Snowscape|[upkeep]
|upkeep
|
|t:|1760723232
|switch|p1a: Kyurem|Kyurem|55/100
|-ability|p1a: Kyurem|Pressure
|turn|14
|
|t:|1760723238
|move|p1a: Kyurem|Freeze-Dry|p2a: Araquanid
|-supereffective|p2a: Araquanid
|-damage|p2a: Araquanid|16/100
|move|p2a: Araquanid|Sticky Web|p1a: Kyurem
|-sidestart|p1: YeatLover267|move: Sticky Web
|
|-weather|none
|upkeep
|turn|15
|
|t:|1760723242
|switch|p1a: Slowking|Slowking, M|100/100
|-activate|p1a: Slowking|move: Sticky Web
|-unboost|p1a: Slowking|spe|1
|move|p2a: Araquanid|Rain Dance|p2a: Araquanid
|-weather|RainDance
|
|-weather|RainDance|[upkeep]
|upkeep
|turn|16
|
|t:|1760723251
|move|p2a: Araquanid|Leech Life|p1a: Slowking
|-supereffective|p1a: Slowking
|-damage|p1a: Slowking|35/100
|-heal|p2a: Araquanid|54/100|[from] drain|[of] p1a: Slowking
|-prepare|p1a: Slowking|Chilly Reception|[premajor]
|move|p1a: Slowking|Chilly Reception|p1a: Slowking
|-weather|Snowscape
|
|t:|1760723254
|switch|p1a: Forretress|Forretress, M|54/100|[from] Chilly Reception
|-activate|p1a: Forretress|move: Sticky Web
|-unboost|p1a: Forretress|spe|1
|
|-weather|Snowscape|[upkeep]
|upkeep
|turn|17
|
|t:|1760723260
|move|p2a: Araquanid|Liquidation|p1a: Forretress
|-damage|p1a: Forretress|5/100
|move|p1a: Forretress|Rapid Spin|p2a: Araquanid
|-crit|p2a: Araquanid
|-damage|p2a: Araquanid|37/100
|-boost|p1a: Forretress|spe|1
|-sideend|p1: YeatLover267|Sticky Web|[from] move: Rapid Spin|[of] p1a: Forretress
|
|-weather|Snowscape|[upkeep]
|upkeep
|turn|18
|
|t:|1760723267
|switch|p1a: Kyurem|Kyurem|55/100
|-ability|p1a: Kyurem|Pressure
|move|p2a: Araquanid|Sticky Web|p1a: Kyurem
|-sidestart|p1: YeatLover267|move: Sticky Web
|
|-weather|Snowscape|[upkeep]
|upkeep
|turn|19
|
|t:|1760723271
|move|p1a: Kyurem|Freeze-Dry|p2a: Araquanid
|-supereffective|p2a: Araquanid
|-damage|p2a: Araquanid|0 fnt
|faint|p2a: Araquanid
|
|-weather|Snowscape|[upkeep]
|upkeep
|
|t:|1760723280
|switch|p2a: Ogerpon|Ogerpon-Teal-Tera, F, tera:Grass|81/100
|-ability|p2a: Ogerpon|Embody Aspect (Teal)|boost
|-boost|p2a: Ogerpon|spe|1
|turn|20
|
|t:|1760723306
|move|p2a: Ogerpon|Knock Off|p1a: Kyurem
|-damage|p1a: Kyurem|24/100
|-enditem|p1a: Kyurem|Choice Specs|[from] move: Knock Off|[of] p2a: Ogerpon
|move|p1a: Kyurem|Freeze-Dry|p2a: Ogerpon
|-supereffective|p2a: Ogerpon
|-damage|p2a: Ogerpon|0 fnt
|faint|p2a: Ogerpon
|detailschange|p2: Ogerpon|Ogerpon, F|[silent]
|
|-weather|none
|upkeep
|-message|WeRrsome forfeited.
|
|win|YeatLover267
|raw|YeatLover267's rating: 1423 &rarr; <strong>1444</strong><br />(+21 for winning)
|raw|WeRrsome's rating: 1444 &rarr; <strong>1423</strong><br />(-21 for losing)
|l|☆WeRrsome
|player|p2|
