|j|☆v1n001
|j|☆Auburn Hills
|t:|1760797623
|gametype|singles
|player|p1|v1n001|169|1771
|player|p2|Auburn Hills|alder|1759
|gen|9
|tier|[Gen 9] OU
|rated|
|rule|HP Percentage Mod: HP is shown in percentages
|rule|Endless Battle Clause: Forcing endless battles is banned
|rule|Species Clause: Limit one of each Pokémon
|rule|OHKO Clause: OHKO moves are banned
|rule|Evasion Items Clause: Evasion items are banned
|rule|Evasion Moves Clause: Evasion moves are banned
|rule|Evasion Abilities Clause: Evasion abilities are banned
|rule|Sleep Moves Clause: Sleep-inducing moves are banned
|clearpoke
|poke|p1|Rillaboom, F|
|poke|p1|Hawlucha, F|
|poke|p1|Gholdengo|
|poke|p1|Heatran, F|
|poke|p1|Glimmora, F|
|poke|p1|Ogerpon-Wellspring, F|
|poke|p2|Iron Moth|
|poke|p2|Umbreon, M|
|poke|p2|Garchomp, F|
|poke|p2|Glimmora, F|
|poke|p2|Gholdengo|
|poke|p2|Dragonite, M|
|teampreview
|inactive|Battle timer is ON: inactive players will automatically lose when time's up. (requested by v1n001)
|
|t:|1760797632
|teamsize|p1|6
|teamsize|p2|6
|start
|switch|p1a: Rillaboom|Rillaboom, F, shiny|100/100
|switch|p2a: Julia Jacklin|Glimmora, F|100/100
|-fieldstart|move: Grassy Terrain|[from] ability: Grassy Surge|[of] p1a: Rillaboom
|turn|1
|j| woairibi
|inactive|v1n001 has 120 seconds left.
|j| jimmy powka
|inactive|v1n001 has 90 seconds left.
|inactive|v1n001 has 60 seconds left.
|
|t:|1760797724
|move|p2a: Julia Jacklin|Sludge Wave|p1a: Rillaboom
|-supereffective|p1a: Rillaboom
|-damage|p1a: Rillaboom|0 fnt
|faint|p1a: Rillaboom
|
|upkeep
|inactive|v1n001 has 60 seconds left.
|
|t:|1760797729
|switch|p1a: Ogerpon|Ogerpon-Wellspring, F|100/100
|turn|2
|
|t:|1760797732
|move|p1a: Ogerpon|Ivy Cudgel|p2a: Julia Jacklin|[anim] Ivy Cudgel Water
|-supereffective|p2a: Julia Jacklin
|-enditem|p2a: Julia Jacklin|Focus Sash
|-damage|p2a: Julia Jacklin|1/100
|-activate|p2a: Julia Jacklin|ability: Toxic Debris
|-sidestart|p1: v1n001|move: Toxic Spikes
|move|p2a: Julia Jacklin|Sludge Wave|p1a: Ogerpon
|-supereffective|p1a: Ogerpon
|-damage|p1a: Ogerpon|0 fnt
|faint|p1a: Ogerpon
|
|-heal|p2a: Julia Jacklin|7/100|[from] Grassy Terrain
|upkeep
|
|t:|1760797735
|switch|p1a: Glimmora|Glimmora, F, shiny|100/100
|-sideend|p1: v1n001|move: Toxic Spikes|[of] p1a: Glimmora
|turn|3
|
|t:|1760797738
|move|p1a: Glimmora|Earth Power|p2a: Julia Jacklin
|-supereffective|p2a: Julia Jacklin
|-damage|p2a: Julia Jacklin|0 fnt
|faint|p2a: Julia Jacklin
|
|upkeep
|
|t:|1760797740
|switch|p2a: Smino|Gholdengo|100/100
|turn|4
|
|t:|1760797745
|move|p2a: Smino|Make It Rain|p1a: Glimmora
|-supereffective|p1a: Glimmora
|-damage|p1a: Glimmora|0 fnt
|-unboost|p2a: Smino|spa|1
|faint|p1a: Glimmora
|
|upkeep
|
|t:|1760797746
|switch|p1a: Hawlucha|Hawlucha, F, shiny|100/100
|-enditem|p1a: Hawlucha|Grassy Seed
|-boost|p1a: Hawlucha|def|1|[from] item: Grassy Seed
|turn|5
|
|t:|1760797752
|move|p1a: Hawlucha|Swords Dance|p1a: Hawlucha
|-boost|p1a: Hawlucha|atk|2
|move|p2a: Smino|Make It Rain|p1a: Hawlucha
|-damage|p1a: Hawlucha|39/100
|-unboost|p2a: Smino|spa|1
|
|-fieldend|move: Grassy Terrain
|upkeep
|turn|6
|
|t:|1760797755
|move|p1a: Hawlucha|Acrobatics|p2a: Smino
|-resisted|p2a: Smino
|-damage|p2a: Smino|52/100
|move|p2a: Smino|Make It Rain|p1a: Hawlucha
|-damage|p1a: Hawlucha|0 fnt
|-unboost|p2a: Smino|spa|1
|faint|p1a: Hawlucha
|
|upkeep
|-message|v1n001 forfeited.
|
|win|Auburn Hills
|raw|v1n001's rating: 1771 &rarr; <strong>1750</strong><br />(-21 for losing)
|raw|Auburn Hills's rating: 1759 &rarr; <strong>1780</strong><br />(+21 for winning)
|j| crackstone
|l|☆v1n001
|player|p1|
|l|☆Auburn Hills
|player|p2|
|l| crackstone
|l| woairibi
