|j|‽MyNameJeeeeff
|j|☆bh.babiri
|t:|1760763527
|gametype|singles
|player|p1|MyNameJeeeeff|2|1480
|player|p2|bh.babiri|dawn-gen4pt|1514
|gen|9
|tier|[Gen 9] OU
|rated|
|rule|HP Percentage Mod: HP is shown in percentages
|rule|Endless Battle Clause: Forcing endless battles is banned
|rule|Species Clause: Limit one of each Pokémon
|rule|OHKO Clause: OHKO moves are banned
|rule|Evasion Items Clause: Evasion items are banned
|rule|Evasion Moves Clause: Evasion moves are banned
|rule|Evasion Abilities Clause: Evasion abilities are banned
|rule|Sleep Moves Clause: Sleep-inducing moves are banned
|clearpoke
|poke|p1|Garganacl, M|
|poke|p1|Kyurem|
|poke|p1|Enamorus, F|
|poke|p1|Rillaboom, M|
|poke|p1|Talonflame, F|
|poke|p1|Darkrai|
|poke|p2|Alomomola, M|
|poke|p2|Raging Bolt|
|poke|p2|Iron Treads|
|poke|p2|Dragonite, F|
|poke|p2|Sinistcha|
|poke|p2|Ogerpon-Wellspring, F|
|teampreview
|inactive|Battle timer is ON: inactive players will automatically lose when time's up. (requested by bh.babiri)
|inactive|MyNameJeeeeff also wants the timer to be on.
|
|t:|1760763548
|teamsize|p1|6
|teamsize|p2|6
|start
|switch|p1a: Darkrai|Darkrai|100/100
|switch|p2a: Raging Bolt|Raging Bolt|100/100
|turn|1
|
|t:|1760763554
|move|p1a: Darkrai|Ice Beam|p2a: Raging Bolt
|-supereffective|p2a: Raging Bolt
|-damage|p2a: Raging Bolt|31/100
|-damage|p1a: Darkrai|91/100|[from] item: Life Orb
|move|p2a: Raging Bolt|Draco Meteor|p1a: Darkrai
|-damage|p1a: Darkrai|0 fnt
|-unboost|p2a: Raging Bolt|spa|2
|faint|p1a: Darkrai
|
|upkeep
|
|t:|1760763567
|switch|p1a: Talonflame|Talonflame, F|100/100
|turn|2
|
|t:|1760763573
|-end|p2a: Raging Bolt|Protosynthesis|[silent]
|switch|p2a: Alomomola|Alomomola, M, shiny|100/100
|move|p1a: Talonflame|Tailwind|p1a: Talonflame
|-sidestart|p1: MyNameJeeeeff|move: Tailwind
|
|upkeep
|turn|3
|
|t:|1760763577
|switch|p1a: Rillaboom|Rillaboom, M|100/100
|-fieldstart|move: Grassy Terrain|[from] ability: Grassy Surge|[of] p1a: Rillaboom
|move|p2a: Alomomola|Flip Turn|p1a: Rillaboom
|-resisted|p1a: Rillaboom
|-damage|p1a: Rillaboom|93/100
|
|t:|1760763581
|switch|p2a: Sinistcha|Sinistcha|100/100|[from] Flip Turn
|
|-heal|p1a: Rillaboom|99/100|[from] Grassy Terrain
|upkeep
|turn|4
|
|t:|1760763585
|move|p1a: Rillaboom|Swords Dance|p1a: Rillaboom
|-boost|p1a: Rillaboom|atk|2
|move|p2a: Sinistcha|Shadow Ball|p1a: Rillaboom
|-damage|p1a: Rillaboom|38/100
|-damage|p2a: Sinistcha|91/100|[from] item: Life Orb
|
|-heal|p1a: Rillaboom|44/100|[from] Grassy Terrain
|-heal|p2a: Sinistcha|97/100|[from] Grassy Terrain
|upkeep
|turn|5
|
|t:|1760763595
|-terastallize|p2a: Sinistcha|Steel
|move|p1a: Rillaboom|Knock Off|p2a: Sinistcha
|-damage|p2a: Sinistcha|0 fnt
|-enditem|p2a: Sinistcha|Life Orb|[from] move: Knock Off|[of] p1a: Rillaboom
|faint|p2a: Sinistcha
|-damage|p1a: Rillaboom|34/100|[from] item: Life Orb
|
|-heal|p1a: Rillaboom|40/100|[from] Grassy Terrain
|-sideend|p1: MyNameJeeeeff|move: Tailwind
|upkeep
|
|t:|1760763605
|switch|p2a: Dragonite|Dragonite, F|100/100
|turn|6
|
|t:|1760763610
|switch|p1a: Garganacl|Garganacl, M|100/100
|move|p2a: Dragonite|Low Kick|p1a: Garganacl
|-supereffective|p1a: Garganacl
|-damage|p1a: Garganacl|39/100
|
|-heal|p1a: Garganacl|45/100|[from] Grassy Terrain
|-heal|p1a: Garganacl|52/100|[from] item: Leftovers
|upkeep
|turn|7
|
|t:|1760763617
|switch|p2a: Ogerpon|Ogerpon-Wellspring, F|100/100
|move|p1a: Garganacl|Protect||[still]
|-fail|p1a: Garganacl
|
|-heal|p1a: Garganacl|58/100|[from] Grassy Terrain
|-heal|p1a: Garganacl|64/100|[from] item: Leftovers
|-fieldend|move: Grassy Terrain
|upkeep
|turn|8
|
|t:|1760763624
|switch|p1a: Enamorus|Enamorus, F|100/100
|move|p2a: Ogerpon|Ivy Cudgel|p1a: Enamorus|[anim] Ivy Cudgel Water
|-damage|p1a: Enamorus|15/100
|
|upkeep
|turn|9
|
|t:|1760763629
|move|p2a: Ogerpon|Ivy Cudgel|p1a: Enamorus|[anim] Ivy Cudgel Water
|-crit|p1a: Enamorus
|-damage|p1a: Enamorus|0 fnt
|faint|p1a: Enamorus
|
|upkeep
|
|t:|1760763632
|switch|p1a: Talonflame|Talonflame, F|100/100
|turn|10
|
|t:|1760763635
|switch|p2a: Alomomola|Alomomola, M, shiny|100/100
|move|p1a: Talonflame|Tailwind|p1a: Talonflame
|-sidestart|p1: MyNameJeeeeff|move: Tailwind
|
|upkeep
|turn|11
|
|t:|1760763639
|switch|p1a: Rillaboom|Rillaboom, M|40/100
|-fieldstart|move: Grassy Terrain|[from] ability: Grassy Surge|[of] p1a: Rillaboom
|move|p2a: Alomomola|Flip Turn|p1a: Rillaboom
|-resisted|p1a: Rillaboom
|-damage|p1a: Rillaboom|33/100
|
|t:|1760763642
|switch|p2a: Iron Treads|Iron Treads|100/100|[from] Flip Turn
|
|-heal|p1a: Rillaboom|39/100|[from] Grassy Terrain
|upkeep
|turn|12
|
|t:|1760763645
|move|p1a: Rillaboom|Drain Punch|p2a: Iron Treads
|-supereffective|p2a: Iron Treads
|-damage|p2a: Iron Treads|37/100
|-heal|p1a: Rillaboom|66/100|[from] drain|[of] p2a: Iron Treads
|-damage|p1a: Rillaboom|56/100|[from] item: Life Orb
|move|p2a: Iron Treads|Ice Spinner|p1a: Rillaboom
|-supereffective|p1a: Rillaboom
|-crit|p1a: Rillaboom
|-damage|p1a: Rillaboom|0 fnt
|-fieldend|move: Grassy Terrain
|faint|p1a: Rillaboom
|
|upkeep
|
|t:|1760763653
|switch|p1a: Kyurem|Kyurem|100/100
|-ability|p1a: Kyurem|Pressure
|turn|13
|
|t:|1760763666
|move|p1a: Kyurem|Dragon Dance|p1a: Kyurem
|-boost|p1a: Kyurem|atk|1
|-boost|p1a: Kyurem|spe|1
|move|p2a: Iron Treads|Earthquake|p1a: Kyurem
|-damage|p1a: Kyurem|61/100
|
|-sideend|p1: MyNameJeeeeff|move: Tailwind
|upkeep
|turn|14
|
|t:|1760763675
|-terastallize|p1a: Kyurem|Ground
|move|p1a: Kyurem|Tera Blast|p2a: Iron Treads|[anim] Tera Blast Ground
|-supereffective|p2a: Iron Treads
|-damage|p2a: Iron Treads|0 fnt
|faint|p2a: Iron Treads
|-end|p2a: Iron Treads|Quark Drive|[silent]
|
|upkeep
|
|t:|1760763677
|switch|p2a: Ogerpon|Ogerpon-Wellspring, F|100/100
|turn|15
|
|t:|1760763680
|move|p1a: Kyurem|Freeze-Dry|p2a: Ogerpon
|-supereffective|p2a: Ogerpon
|-damage|p2a: Ogerpon|0 fnt
|faint|p2a: Ogerpon
|
|upkeep
|
|t:|1760763687
|switch|p2a: Dragonite|Dragonite, F|100/100
|turn|16
|
|t:|1760763689
|move|p1a: Kyurem|Icicle Spear|p2a: Dragonite
|-supereffective|p2a: Dragonite
|-damage|p2a: Dragonite|54/100
|-supereffective|p2a: Dragonite
|-damage|p2a: Dragonite|0 fnt
|faint|p2a: Dragonite
|-hitcount|p2: Dragonite|2
|
|upkeep
|-message|bh.babiri forfeited.
|
|win|MyNameJeeeeff
|raw|MyNameJeeeeff's rating: 1480 &rarr; <strong>1502</strong><br />(+22 for winning)
|raw|bh.babiri's rating: 1514 &rarr; <strong>1492</strong><br />(-22 for losing)
|l|☆bh.babiri
|player|p2|
|l|‽MyNameJeeeeff
|player|p1|
