|j|☆scrubtest98
|j|☆taerola
|t:|1760763834
|gametype|singles
|player|p1|scrubtest98|265|1266
|player|p2|taerola|265|1223
|gen|9
|tier|[Gen 9] OU
|rated|
|rule|HP Percentage Mod: HP is shown in percentages
|rule|Endless Battle Clause: Forcing endless battles is banned
|rule|Species Clause: Limit one of each Pokémon
|rule|OHKO Clause: OHKO moves are banned
|rule|Evasion Items Clause: Evasion items are banned
|rule|Evasion Moves Clause: Evasion moves are banned
|rule|Evasion Abilities Clause: Evasion abilities are banned
|rule|Sleep Moves Clause: Sleep-inducing moves are banned
|clearpoke
|poke|p1|Rillaboom, M|
|poke|p1|Zamazenta-*|
|poke|p1|Heatran, M|
|poke|p1|Ogerpon-Wellspring, F|
|poke|p1|Great Tusk|
|poke|p1|Dragapult, M|
|poke|p2|Iron Moth|
|poke|p2|Azelf|
|poke|p2|Dragapult, F|
|poke|p2|Iron Treads|
|poke|p2|Primeape, M|
|poke|p2|Rillaboom, F|
|teampreview
|
|t:|1760763857
|teamsize|p1|6
|teamsize|p2|6
|start
|switch|p1a: Rillaboom|Rillaboom, M|100/100
|switch|p2a: Iron Treads|Iron Treads|100/100
|-item|p2a: Iron Treads|Air Balloon
|-fieldstart|move: Grassy Terrain|[from] ability: Grassy Surge|[of] p1a: Rillaboom
|turn|1
|
|t:|1760763866
|move|p2a: Iron Treads|Ice Spinner|p1a: Rillaboom
|-supereffective|p1a: Rillaboom
|-damage|p1a: Rillaboom|53/100
|-fieldend|move: Grassy Terrain
|move|p1a: Rillaboom|Wood Hammer|p2a: Iron Treads
|-damage|p2a: Iron Treads|8/100
|-enditem|p2a: Iron Treads|Air Balloon
|-damage|p1a: Rillaboom|28/100|[from] Recoil
|
|upkeep
|turn|2
|
|t:|1760763876
|switch|p1a: Ogerpon|Ogerpon-Wellspring, F|100/100
|move|p2a: Iron Treads|Knock Off|p1a: Ogerpon
|-damage|p1a: Ogerpon|76/100
|
|upkeep
|turn|3
|
|t:|1760763889
|move|p2a: Iron Treads|Rapid Spin|p1a: Ogerpon
|-damage|p1a: Ogerpon|54/100
|-boost|p2a: Iron Treads|spe|1
|move|p1a: Ogerpon|Ivy Cudgel|p2a: Iron Treads|[anim] Ivy Cudgel Water
|-supereffective|p2a: Iron Treads
|-crit|p2a: Iron Treads
|-damage|p2a: Iron Treads|0 fnt
|faint|p2a: Iron Treads
|-end|p2a: Iron Treads|Quark Drive|[silent]
|
|upkeep
|
|t:|1760763893
|switch|p2a: Dragapult|Dragapult, F|100/100
|turn|4
|
|t:|1760763920
|switch|p1a: Heatran|Heatran, M|100/100
|move|p2a: Dragapult|U-turn|p1a: Heatran
|-resisted|p1a: Heatran
|-damage|p1a: Heatran|90/100
|
|t:|1760763936
|switch|p2a: Primeape|Primeape, M|100/100|[from] U-turn
|
|-heal|p1a: Heatran|96/100|[from] item: Leftovers
|upkeep
|turn|5
|l|☆scrubtest98
|player|p1|
|j|☆scrubtest98
|player|p1|scrubtest98|265|
|
|t:|1760763999
|switch|p1a: Dragapult|Dragapult, M|100/100
|move|p2a: Primeape|Bulk Up|p2a: Primeape
|-boost|p2a: Primeape|atk|1
|-boost|p2a: Primeape|def|1
|
|upkeep
|turn|6
|
|t:|1760764006
|move|p1a: Dragapult|Draco Meteor|p2a: Primeape
|-damage|p2a: Primeape|24/100
|-unboost|p1a: Dragapult|spa|2
|move|p2a: Primeape|Rage Fist|p1a: Dragapult
|-supereffective|p1a: Dragapult
|-damage|p1a: Dragapult|5/100
|
|upkeep
|turn|7
|
|t:|1760764025
|move|p1a: Dragapult|Draco Meteor|p2a: Primeape
|-damage|p2a: Primeape|0 fnt
|-unboost|p1a: Dragapult|spa|2
|faint|p2a: Primeape
|
|upkeep
|
|t:|1760764030
|switch|p2a: Azelf|Azelf|100/100
|turn|8
|
|t:|1760764036
|switch|p1a: Heatran|Heatran, M|96/100
|move|p2a: Azelf|Reflect|p2a: Azelf
|-sidestart|p2: taerola|Reflect
|
|-heal|p1a: Heatran|100/100|[from] item: Leftovers
|upkeep
|turn|9
|
|t:|1760764040
|move|p2a: Azelf|Light Screen|p2a: Azelf
|-sidestart|p2: taerola|move: Light Screen
|move|p1a: Heatran|Stealth Rock|p2a: Azelf
|-sidestart|p2: taerola|move: Stealth Rock
|
|upkeep
|turn|10
|
|t:|1760764045
|switch|p2a: Dragapult|Dragapult, F|100/100
|-damage|p2a: Dragapult|88/100|[from] Stealth Rock
|move|p1a: Heatran|Magma Storm|p2a: Dragapult
|-resisted|p2a: Dragapult
|-damage|p2a: Dragapult|69/100
|-activate|p2a: Dragapult|move: Magma Storm|[of] p1a: Heatran
|
|-damage|p2a: Dragapult|57/100|[from] move: Magma Storm|[partiallytrapped]
|upkeep
|turn|11
|
|t:|1760764054
|-terastallize|p2a: Dragapult|Ghost
|move|p2a: Dragapult|Tera Blast|p1a: Heatran|[anim] Tera Blast Ghost
|-damage|p1a: Heatran|15/100
|move|p1a: Heatran|Earth Power|p2a: Dragapult
|-damage|p2a: Dragapult|33/100
|
|-heal|p1a: Heatran|21/100|[from] item: Leftovers
|-damage|p2a: Dragapult|21/100|[from] move: Magma Storm|[partiallytrapped]
|upkeep
|turn|12
|
|t:|1760764071
|switch|p1a: Rillaboom|Rillaboom, M|28/100
|-fieldstart|move: Grassy Terrain|[from] ability: Grassy Surge|[of] p1a: Rillaboom
|move|p2a: Dragapult|Tera Blast|p1a: Rillaboom|[anim] Tera Blast Ghost
|-damage|p1a: Rillaboom|0 fnt
|faint|p1a: Rillaboom
|
|-heal|p2a: Dragapult|27/100|[from] Grassy Terrain
|-end|p2a: Dragapult|Magma Storm|[partiallytrapped]|[silent]
|upkeep
|
|t:|1760764073
|switch|p1a: Ogerpon|Ogerpon-Wellspring, F|54/100
|turn|13
|
|t:|1760764078
|move|p1a: Ogerpon|Grassy Glide|p2a: Dragapult
|-damage|p2a: Dragapult|0 fnt
|faint|p2a: Dragapult
|
|-heal|p1a: Ogerpon|60/100|[from] Grassy Terrain
|upkeep
|
|t:|1760764083
|switch|p2a: Azelf|Azelf|100/100
|-damage|p2a: Azelf|88/100|[from] Stealth Rock
|turn|14
|
|t:|1760764092
|switch|p1a: Heatran|Heatran, M|21/100
|move|p2a: Azelf|Stealth Rock|p1a: Heatran
|-sidestart|p1: scrubtest98|move: Stealth Rock
|
|-heal|p1a: Heatran|27/100|[from] Grassy Terrain
|-heal|p1a: Heatran|33/100|[from] item: Leftovers
|upkeep
|turn|15
|
|t:|1760764097
|move|p2a: Azelf|Explosion|p1a: Heatran
|-resisted|p1a: Heatran
|-damage|p1a: Heatran|0 fnt
|faint|p2a: Azelf
|faint|p1a: Heatran
|
|-sideend|p2: taerola|Reflect
|upkeep
|
|t:|1760764105
|switch|p2a: Iron Moth|Iron Moth|100/100
|switch|p1a: Great Tusk|Great Tusk|100/100
|-damage|p2a: Iron Moth|76/100|[from] Stealth Rock
|-damage|p1a: Great Tusk|98/100|[from] Stealth Rock
|-enditem|p2a: Iron Moth|Booster Energy
|-activate|p2a: Iron Moth|ability: Quark Drive|[fromitem]
|-start|p2a: Iron Moth|quarkdrivespe
|-enditem|p1a: Great Tusk|Booster Energy
|-activate|p1a: Great Tusk|ability: Protosynthesis|[fromitem]
|-start|p1a: Great Tusk|protosynthesisatk
|turn|16
|
|t:|1760764112
|-terastallize|p1a: Great Tusk|Poison
|move|p2a: Iron Moth|Energy Ball|p1a: Great Tusk
|-resisted|p1a: Great Tusk
|-damage|p1a: Great Tusk|66/100
|move|p1a: Great Tusk|Rapid Spin|p2a: Iron Moth
|-damage|p2a: Iron Moth|34/100
|-boost|p1a: Great Tusk|spe|1
|-sideend|p1: scrubtest98|Stealth Rock|[from] move: Rapid Spin|[of] p1a: Great Tusk
|
|-heal|p2a: Iron Moth|40/100|[from] Grassy Terrain
|-heal|p1a: Great Tusk|72/100|[from] Grassy Terrain
|-sideend|p2: taerola|move: Light Screen
|-fieldend|move: Grassy Terrain
|upkeep
|turn|17
|
|t:|1760764132
|move|p2a: Iron Moth|Fiery Dance|p1a: Great Tusk
|-damage|p1a: Great Tusk|10/100
|move|p1a: Great Tusk|Headlong Rush|p2a: Iron Moth
|-supereffective|p2a: Iron Moth
|-damage|p2a: Iron Moth|0 fnt
|-unboost|p1a: Great Tusk|def|1
|-unboost|p1a: Great Tusk|spd|1
|faint|p2a: Iron Moth
|-end|p2a: Iron Moth|Quark Drive|[silent]
|
|upkeep
|
|t:|1760764138
|switch|p2a: Rillaboom|Rillaboom, F|100/100
|-damage|p2a: Rillaboom|88/100|[from] Stealth Rock
|-fieldstart|move: Grassy Terrain|[from] ability: Grassy Surge|[of] p2a: Rillaboom
|turn|18
|
|t:|1760764144
|move|p1a: Great Tusk|Ice Spinner|p2a: Rillaboom
|-supereffective|p2a: Rillaboom
|-damage|p2a: Rillaboom|4/100
|-fieldend|move: Grassy Terrain
|move|p2a: Rillaboom|Swords Dance|p2a: Rillaboom
|-boost|p2a: Rillaboom|atk|2
|
|upkeep
|turn|19
|
|t:|1760764149
|move|p1a: Great Tusk|Rapid Spin|p2a: Rillaboom
|-damage|p2a: Rillaboom|0 fnt
|-boost|p1a: Great Tusk|spe|1
|faint|p2a: Rillaboom
|
|win|scrubtest98
|raw|scrubtest98's rating: 1266 &rarr; <strong>1288</strong><br />(+22 for winning)
|raw|taerola's rating: 1223 &rarr; <strong>1201</strong><br />(-22 for losing)
|l|☆taerola
|player|p2|
|l|☆scrubtest98
|player|p1|
