|j|☆chenke
|j|☆AminitraboTTT
|t:|1760846068
|gametype|singles
|player|p1|chenke|clerk|
|player|p2|AminitraboTTT|supernerd|
|gen|9
|tier|[Gen 9] OU
|rule|HP Percentage Mod: HP is shown in percentages
|rule|Endless Battle Clause: Forcing endless battles is banned
|rule|Species Clause: Limit one of each Pokémon
|rule|OHKO Clause: OHKO moves are banned
|rule|Evasion Items Clause: Evasion items are banned
|rule|Evasion Moves Clause: Evasion moves are banned
|rule|Evasion Abilities Clause: Evasion abilities are banned
|rule|Sleep Moves Clause: Sleep-inducing moves are banned
|clearpoke
|poke|p1|Talonflame, M|
|poke|p1|Mimikyu, M|
|poke|p1|Quagsire, F|
|poke|p1|Chansey, F|
|poke|p1|Primeape, F|
|poke|p1|Houndoom, M|
|poke|p2|Ogerpon-Wellspring, F|
|poke|p2|Raging Bolt|
|poke|p2|Great Tusk|
|poke|p2|Heatran, M|
|poke|p2|Enamorus, F|
|poke|p2|Kingambit, F|
|teampreview
|c|☆AminitraboTTT|Hola, soy AminitraboTTT, el bot de la sala Español. gl hf
|inactive|Battle timer is ON: inactive players will automatically lose when time's up. (requested by AminitraboTTT)
|
|t:|1760846073
|teamsize|p1|6
|teamsize|p2|6
|start
|switch|p1a: Talonflame|Talonflame, M|100/100
|switch|p2a: Raging Bolt|Raging Bolt|100/100
|turn|1
|
|t:|1760846076
|switch|p1a: Chansey|Chansey, F|100/100
|-terastallize|p2a: Raging Bolt|Fairy
|move|p2a: Raging Bolt|Thunderclap||[still]
|-fail|p2a: Raging Bolt
|
|upkeep
|turn|2
|
|t:|1760846082
|-end|p2a: Raging Bolt|Protosynthesis|[silent]
|switch|p2a: Kingambit|Kingambit, F|100/100
|-item|p2a: Kingambit|Air Balloon
|move|p1a: Chansey|Stealth Rock|p2a: Kingambit
|-sidestart|p2: AminitraboTTT|move: Stealth Rock
|
|upkeep
|turn|3
|
|t:|1760846090
|switch|p1a: Houndoom|Houndoom, M|100/100
|move|p2a: Kingambit|Low Kick|p1a: Houndoom
|-supereffective|p1a: Houndoom
|-damage|p1a: Houndoom|8/100
|
|upkeep
|turn|4
|
|t:|1760846098
|move|p2a: Kingambit|Sucker Punch||[still]
|-fail|p2a: Kingambit
|move|p1a: Houndoom|Destiny Bond|p1a: Houndoom
|-singlemove|p1a: Houndoom|Destiny Bond
|
|upkeep
|turn|5
|
|t:|1760846100
|move|p1a: Houndoom|Flamethrower|p2a: Kingambit
|-supereffective|p2a: Kingambit
|-damage|p2a: Kingambit|0 fnt
|-enditem|p2a: Kingambit|Air Balloon
|faint|p2a: Kingambit
|-end|p2a: Kingambit|fallenundefined|[silent]
|-damage|p1a: Houndoom|0 fnt|[from] item: Life Orb
|faint|p1a: Houndoom
|
|upkeep
|
|t:|1760846109
|switch|p1a: Chansey|Chansey, F|100/100
|switch|p2a: Ogerpon|Ogerpon-Wellspring, F|100/100
|-damage|p2a: Ogerpon|88/100|[from] Stealth Rock
|turn|6
|
|t:|1760846112
|switch|p2a: Heatran|Heatran, M, shiny|100/100
|-damage|p2a: Heatran|88/100|[from] Stealth Rock
|switch|p1a: Quagsire|Quagsire, F|100/100
|
|-heal|p2a: Heatran|94/100|[from] item: Leftovers
|upkeep
|turn|7
|
|t:|1760846116
|switch|p2a: Ogerpon|Ogerpon-Wellspring, F|88/100
|-damage|p2a: Ogerpon|76/100|[from] Stealth Rock
|move|p1a: Quagsire|Toxic|p2a: Ogerpon
|-status|p2a: Ogerpon|tox
|
|-damage|p2a: Ogerpon|70/100 tox|[from] psn
|upkeep
|turn|8
|
|t:|1760846120
|switch|p1a: Talonflame|Talonflame, M|100/100
|move|p2a: Ogerpon|Trailblaze|p1a: Talonflame
|-resisted|p1a: Talonflame
|-damage|p1a: Talonflame|92/100
|-boost|p2a: Ogerpon|spe|1
|
|-damage|p2a: Ogerpon|58/100 tox|[from] psn
|upkeep
|turn|9
|
|t:|1760846123
|switch|p1a: Quagsire|Quagsire, F|100/100
|move|p2a: Ogerpon|Ivy Cudgel|p1a: Quagsire|[anim] Ivy Cudgel Water
|-immune|p1a: Quagsire|[from] ability: Water Absorb
|
|-damage|p2a: Ogerpon|40/100 tox|[from] psn
|upkeep
|turn|10
|
|t:|1760846128
|switch|p1a: Talonflame|Talonflame, M|92/100
|move|p2a: Ogerpon|Trailblaze|p1a: Talonflame
|-resisted|p1a: Talonflame
|-damage|p1a: Talonflame|83/100
|-boost|p2a: Ogerpon|spe|1
|
|-damage|p2a: Ogerpon|16/100 tox|[from] psn
|upkeep
|turn|11
|
|t:|1760846134
|switch|p1a: Quagsire|Quagsire, F|100/100
|move|p2a: Ogerpon|Ivy Cudgel|p1a: Quagsire|[anim] Ivy Cudgel Water
|-immune|p1a: Quagsire|[from] ability: Water Absorb
|
|-damage|p2a: Ogerpon|0 fnt|[from] psn
|faint|p2a: Ogerpon
|upkeep
|
|t:|1760846134
|switch|p2a: Enamorus|Enamorus, F|100/100
|-damage|p2a: Enamorus|76/100|[from] Stealth Rock
|turn|12
|
|t:|1760846139
|switch|p1a: Chansey|Chansey, F|100/100
|move|p2a: Enamorus|Moonblast|p1a: Chansey
|-damage|p1a: Chansey|86/100
|
|upkeep
|turn|13
|
|t:|1760846143
|switch|p2a: Heatran|Heatran, M, shiny|94/100
|-damage|p2a: Heatran|82/100|[from] Stealth Rock
|move|p1a: Chansey|Seismic Toss|p2a: Heatran
|-damage|p2a: Heatran|56/100
|
|-heal|p2a: Heatran|62/100|[from] item: Leftovers
|upkeep
|turn|14
|
|t:|1760846145
|move|p2a: Heatran|Stealth Rock|p1a: Chansey
|-sidestart|p1: chenke|move: Stealth Rock
|move|p1a: Chansey|Seismic Toss|p2a: Heatran
|-damage|p2a: Heatran|36/100
|
|-heal|p2a: Heatran|42/100|[from] item: Leftovers
|upkeep
|turn|15
|
|t:|1760846147
|move|p2a: Heatran|Magma Storm|p1a: Chansey
|-damage|p1a: Chansey|74/100
|-activate|p1a: Chansey|move: Magma Storm|[of] p2a: Heatran
|move|p1a: Chansey|Seismic Toss|p2a: Heatran
|-damage|p2a: Heatran|16/100
|
|-heal|p2a: Heatran|23/100|[from] item: Leftovers
|-damage|p1a: Chansey|61/100|[from] move: Magma Storm|[partiallytrapped]
|upkeep
|turn|16
|
|t:|1760846149
|move|p2a: Heatran|Taunt|p1a: Chansey
|-start|p1a: Chansey|move: Taunt
|move|p1a: Chansey|Seismic Toss|p2a: Heatran
|-damage|p2a: Heatran|0 fnt
|faint|p2a: Heatran
|
|-end|p1a: Chansey|Magma Storm|[partiallytrapped]|[silent]
|upkeep
|
|t:|1760846149
|switch|p2a: Raging Bolt|Raging Bolt, tera:Fairy|100/100
|-damage|p2a: Raging Bolt|88/100|[from] Stealth Rock
|turn|17
|
|t:|1760846151
|move|p2a: Raging Bolt|Dragon Pulse|p1a: Chansey
|-damage|p1a: Chansey|39/100
|move|p1a: Chansey|Seismic Toss|p2a: Raging Bolt
|-damage|p2a: Raging Bolt|63/100
|
|upkeep
|turn|18
|
|t:|1760846154
|move|p2a: Raging Bolt|Dragon Pulse|p1a: Chansey
|-damage|p1a: Chansey|18/100
|move|p1a: Chansey|Seismic Toss|p2a: Raging Bolt
|-damage|p2a: Raging Bolt|37/100
|
|-end|p1a: Chansey|move: Taunt
|upkeep
|turn|19
|
|t:|1760846156
|move|p2a: Raging Bolt|Dragon Pulse|p1a: Chansey
|-damage|p1a: Chansey|0 fnt
|faint|p1a: Chansey
|
|upkeep
|
|t:|1760846161
|switch|p1a: Mimikyu|Mimikyu, M|100/100
|-damage|p1a: Mimikyu|88/100|[from] Stealth Rock
|turn|20
|
|t:|1760846164
|-end|p2a: Raging Bolt|Protosynthesis|[silent]
|switch|p2a: Enamorus|Enamorus, F|76/100
|-damage|p2a: Enamorus|51/100|[from] Stealth Rock
|move|p1a: Mimikyu|Swords Dance|p1a: Mimikyu
|-boost|p1a: Mimikyu|atk|2
|
|upkeep
|turn|21
|
|t:|1760846166
|-terastallize|p1a: Mimikyu|Ghost
|move|p1a: Mimikyu|Shadow Sneak|p2a: Enamorus
|-damage|p2a: Enamorus|0 fnt
|faint|p2a: Enamorus
|-damage|p1a: Mimikyu|78/100|[from] item: Life Orb
|
|upkeep
|
|t:|1760846167
|switch|p2a: Raging Bolt|Raging Bolt, tera:Fairy|37/100
|-damage|p2a: Raging Bolt|25/100|[from] Stealth Rock
|turn|22
|
|t:|1760846171
|move|p1a: Mimikyu|Shadow Sneak|p2a: Raging Bolt
|-damage|p2a: Raging Bolt|0 fnt
|faint|p2a: Raging Bolt
|-end|p2a: Raging Bolt|Protosynthesis|[silent]
|-damage|p1a: Mimikyu|68/100|[from] item: Life Orb
|
|upkeep
|
|t:|1760846171
|switch|p2a: Great Tusk|Great Tusk|100/100
|-damage|p2a: Great Tusk|98/100|[from] Stealth Rock
|turn|23
|
|t:|1760846173
|move|p1a: Mimikyu|Play Rough|p2a: Great Tusk
|-supereffective|p2a: Great Tusk
|-damage|p2a: Great Tusk|0 fnt
|-damage|p1a: Mimikyu|52/100|[from] item: Rocky Helmet|[of] p2a: Great Tusk
|faint|p2a: Great Tusk
|-end|p2a: Great Tusk|Protosynthesis|[silent]
|-damage|p1a: Mimikyu|42/100|[from] item: Life Orb
|
|win|chenke
|c|☆AminitraboTTT|oof :(
|l|☆AminitraboTTT
|player|p2|
