|j|☆trippi-troppi6969
|j|☆lesulie
|t:|1760763542
|gametype|singles
|player|p1|trippi-troppi6969|ghetsis|1088
|player|p2|lesulie|rosa|1117
|gen|9
|tier|[Gen 9] OU
|rated|
|rule|HP Percentage Mod: HP is shown in percentages
|rule|Endless Battle Clause: Forcing endless battles is banned
|rule|Species Clause: Limit one of each Pokémon
|rule|OHKO Clause: OHKO moves are banned
|rule|Evasion Items Clause: Evasion items are banned
|rule|Evasion Moves Clause: Evasion moves are banned
|rule|Evasion Abilities Clause: Evasion abilities are banned
|rule|Sleep Moves Clause: Sleep-inducing moves are banned
|clearpoke
|poke|p1|Moltres|
|poke|p1|Sandaconda, F|
|poke|p1|Goodra-Hisui, M|
|poke|p1|Cinccino, F|
|poke|p1|Iron Valiant|
|poke|p1|Greninja-*, M|
|poke|p2|Landorus-Therian, M|
|poke|p2|Sinistcha|
|poke|p2|Tinkaton, F|
|poke|p2|Moltres|
|poke|p2|Samurott-Hisui, M|
|poke|p2|Hydreigon, M|
|teampreview
|inactive|Battle timer is ON: inactive players will automatically lose when time's up. (requested by trippi-troppi6969)
|
|t:|1760763563
|teamsize|p1|6
|teamsize|p2|6
|start
|switch|p1a: Greninja|Greninja, M|100/100
|switch|p2a: Enten|Landorus-Therian, M, shiny|100/100
|-ability|p2a: Enten|Intimidate|boost
|-unboost|p1a: Greninja|atk|1
|turn|1
|
|t:|1760763577
|move|p2a: Enten|U-turn|p1a: Greninja
|-supereffective|p1a: Greninja
|-damage|p1a: Greninja|14/100
|
|t:|1760763586
|switch|p2a: Jack Sparrow|Samurott-Hisui, M, shiny|100/100|[from] U-turn
|move|p1a: Greninja|Hydro Pump|p2a: Jack Sparrow|[miss]
|-miss|p1a: Greninja|p2a: Jack Sparrow
|
|upkeep
|turn|2
|
|t:|1760763595
|move|p1a: Greninja|U-turn|p2a: Jack Sparrow
|-supereffective|p2a: Jack Sparrow
|-damage|p2a: Jack Sparrow|70/100
|-damage|p1a: Greninja|4/100|[from] item: Life Orb
|
|t:|1760763603
|switch|p1a: Goodra|Goodra-Hisui, M|100/100|[from] U-turn
|move|p2a: Jack Sparrow|Ceaseless Edge|p1a: Goodra
|-damage|p1a: Goodra|54/100
|-sidestart|p1: trippi-troppi6969|Spikes
|
|upkeep
|turn|3
|
|t:|1760763613
|move|p2a: Jack Sparrow|Knock Off|p1a: Goodra
|-damage|p1a: Goodra|8/100
|-enditem|p1a: Goodra|Assault Vest|[from] move: Knock Off|[of] p2a: Jack Sparrow
|move|p1a: Goodra|Thunderbolt|p2a: Jack Sparrow
|-supereffective|p2a: Jack Sparrow
|-damage|p2a: Jack Sparrow|7/100
|
|upkeep
|turn|4
|
|t:|1760763622
|move|p2a: Jack Sparrow|Ceaseless Edge|p1a: Goodra
|-damage|p1a: Goodra|0 fnt
|-sidestart|p1: trippi-troppi6969|Spikes
|faint|p1a: Goodra
|
|upkeep
|
|t:|1760763637
|switch|p1a: Greninja|Greninja, M|4/100
|-damage|p1a: Greninja|0 fnt|[from] Spikes
|faint|p1a: Greninja
|
|t:|1760763643
|switch|p1a: Cinccino|Cinccino, F|100/100
|-damage|p1a: Cinccino|84/100|[from] Spikes
|turn|5
|
|t:|1760763651
|move|p1a: Cinccino|Knock Off|p2a: Jack Sparrow
|-resisted|p2a: Jack Sparrow
|-damage|p2a: Jack Sparrow|0 fnt
|-enditem|p2a: Jack Sparrow|Heavy-Duty Boots|[from] move: Knock Off|[of] p1a: Cinccino
|faint|p2a: Jack Sparrow
|
|upkeep
|
|t:|1760763659
|switch|p2a: Smile.exe|Tinkaton, F, shiny|100/100
|-item|p2a: Smile.exe|Air Balloon
|turn|6
|
|t:|1760763673
|switch|p1a: Sandaconda|Sandaconda, F|100/100
|-damage|p1a: Sandaconda|84/100|[from] Spikes
|move|p2a: Smile.exe|Stealth Rock|p1a: Sandaconda
|-sidestart|p1: trippi-troppi6969|move: Stealth Rock
|
|-heal|p1a: Sandaconda|90/100|[from] item: Leftovers
|upkeep
|turn|7
|
|t:|1760763691
|move|p2a: Smile.exe|Ice Hammer|p1a: Sandaconda
|-supereffective|p1a: Sandaconda
|-damage|p1a: Sandaconda|62/100
|-unboost|p2a: Smile.exe|spe|1
|move|p1a: Sandaconda|Glare|p2a: Smile.exe
|-status|p2a: Smile.exe|par
|
|-heal|p1a: Sandaconda|68/100|[from] item: Leftovers
|upkeep
|turn|8
|
|t:|1760763715
|switch|p1a: Cinccino|Cinccino, F|84/100
|-damage|p1a: Cinccino|68/100|[from] Spikes
|-damage|p1a: Cinccino|55/100|[from] Stealth Rock
|switch|p2a: Phoenix|Moltres, shiny|100/100
|
|upkeep
|turn|9
|
|t:|1760763728
|-terastallize|p1a: Cinccino|Ghost
|move|p1a: Cinccino|Tidy Up|p1a: Cinccino
|-sideend|p1: trippi-troppi6969|Spikes
|-sideend|p1: trippi-troppi6969|Stealth Rock
|-activate|p1a: Cinccino|move: Tidy Up
|-boost|p1a: Cinccino|atk|1
|-boost|p1a: Cinccino|spe|1
|move|p2a: Phoenix|U-turn|p1a: Cinccino
|-resisted|p1a: Cinccino
|-damage|p1a: Cinccino|42/100
|inactive|lesulie has 120 seconds left.
|
|t:|1760763743
|switch|p2a: Smile.exe|Tinkaton, F, shiny|100/100 par|[from] U-turn
|-item|p2a: Smile.exe|Air Balloon
|
|upkeep
|turn|10
|
|t:|1760763753
|move|p1a: Cinccino|Tail Slap|p2a: Smile.exe
|-resisted|p2a: Smile.exe
|-damage|p2a: Smile.exe|84/100 par
|-enditem|p2a: Smile.exe|Air Balloon
|-resisted|p2a: Smile.exe
|-damage|p2a: Smile.exe|69/100 par
|-resisted|p2a: Smile.exe
|-damage|p2a: Smile.exe|53/100 par
|-resisted|p2a: Smile.exe
|-damage|p2a: Smile.exe|37/100 par
|-resisted|p2a: Smile.exe
|-damage|p2a: Smile.exe|22/100 par
|-hitcount|p2a: Smile.exe|5
|-enditem|p1a: Cinccino|Loaded Dice|[silent]|[from] ability: Pickpocket|[of] p1a: Cinccino
|-item|p2a: Smile.exe|Loaded Dice|[from] ability: Pickpocket|[of] p1a: Cinccino
|move|p2a: Smile.exe|Stealth Rock|p1a: Cinccino
|-sidestart|p1: trippi-troppi6969|move: Stealth Rock
|
|upkeep
|turn|11
|inactive|lesulie has 120 seconds left.
|
|t:|1760763770
|move|p1a: Cinccino|Encore|p2a: Smile.exe
|-start|p2a: Smile.exe|Encore
|move|p2a: Smile.exe|Stealth Rock||[still]
|-fail|p2a: Smile.exe
|
|upkeep
|turn|12
|
|t:|1760763780
|switch|p2a: Sagittarius|Sinistcha, shiny|100/100
|move|p1a: Cinccino|Tidy Up|p1a: Cinccino
|-sideend|p1: trippi-troppi6969|Stealth Rock
|-activate|p1a: Cinccino|move: Tidy Up
|-boost|p1a: Cinccino|atk|1
|-boost|p1a: Cinccino|spe|1
|
|upkeep
|turn|13
|
|t:|1760763793
|-terastallize|p2a: Sagittarius|Poison
|move|p1a: Cinccino|Knock Off|p2a: Sagittarius
|-damage|p2a: Sagittarius|64/100
|-enditem|p2a: Sagittarius|Heavy-Duty Boots|[from] move: Knock Off|[of] p1a: Cinccino
|move|p2a: Sagittarius|Strength Sap|p1a: Cinccino
|-unboost|p1a: Cinccino|atk|1
|-heal|p2a: Sagittarius|100/100
|
|upkeep
|turn|14
|
|t:|1760763802
|move|p1a: Cinccino|Tail Slap|p2a: Sagittarius
|-damage|p2a: Sagittarius|84/100
|-damage|p2a: Sagittarius|68/100
|-damage|p2a: Sagittarius|51/100
|-hitcount|p2a: Sagittarius|3
|move|p2a: Sagittarius|Matcha Gotcha|p1a: Cinccino
|-damage|p1a: Cinccino|0 fnt
|-heal|p2a: Sagittarius|69/100|[from] drain|[of] p1a: Cinccino
|faint|p1a: Cinccino
|
|upkeep
|
|t:|1760763813
|switch|p1a: Sandaconda|Sandaconda, F|68/100
|turn|15
|
|t:|1760763835
|move|p1a: Sandaconda|Earthquake|p2a: Sagittarius
|-supereffective|p2a: Sagittarius
|-damage|p2a: Sagittarius|23/100
|move|p2a: Sagittarius|Matcha Gotcha|p1a: Sandaconda
|-supereffective|p1a: Sandaconda
|-damage|p1a: Sandaconda|0 fnt
|-heal|p2a: Sagittarius|57/100|[from] drain|[of] p1a: Sandaconda
|faint|p1a: Sandaconda
|
|upkeep
|
|t:|1760763843
|switch|p1a: Iron Valiant|Iron Valiant|100/100
|turn|16
|
|t:|1760763852
|move|p1a: Iron Valiant|Moonblast|p2a: Sagittarius
|-resisted|p2a: Sagittarius
|-crit|p2a: Sagittarius
|-damage|p2a: Sagittarius|0 fnt
|faint|p2a: Sagittarius
|
|upkeep
|
|t:|1760763869
|switch|p2a: Enten|Landorus-Therian, M, shiny|100/100
|-ability|p2a: Enten|Intimidate|boost
|-unboost|p1a: Iron Valiant|atk|1
|turn|17
|inactive|trippi-troppi6969 has 120 seconds left.
|
|t:|1760763912
|move|p2a: Enten|Earthquake|p1a: Iron Valiant
|-damage|p1a: Iron Valiant|28/100
|move|p1a: Iron Valiant|Moonblast|p2a: Enten
|-damage|p2a: Enten|0 fnt
|faint|p2a: Enten
|
|upkeep
|inactive|lesulie has 120 seconds left.
|
|t:|1760763923
|switch|p2a: Phoenix|Moltres, shiny|100/100
|turn|18
|
|t:|1760763930
|move|p1a: Iron Valiant|Moonblast|p2a: Phoenix
|-resisted|p2a: Phoenix
|-damage|p2a: Phoenix|73/100
|move|p2a: Phoenix|Flamethrower|p1a: Iron Valiant
|-damage|p1a: Iron Valiant|0 fnt
|faint|p1a: Iron Valiant
|-end|p1a: Iron Valiant|Quark Drive|[silent]
|
|upkeep
|
|t:|1760763936
|switch|p1a: Moltres|Moltres|100/100
|turn|19
|
|t:|1760763943
|move|p2a: Phoenix|Roost|p2a: Phoenix
|-heal|p2a: Phoenix|100/100
|-singleturn|p2a: Phoenix|move: Roost
|move|p1a: Moltres|Air Slash|p2a: Phoenix|[miss]
|-miss|p1a: Moltres|p2a: Phoenix
|
|upkeep
|turn|20
|-message|trippi-troppi6969 forfeited.
|
|win|lesulie
|raw|trippi-troppi6969's rating: 1088 &rarr; <strong>1067</strong><br />(-21 for losing)
|raw|lesulie's rating: 1117 &rarr; <strong>1140</strong><br />(+23 for winning)
|l|☆trippi-troppi6969
|player|p1|
|l|☆lesulie
|player|p2|
