|j|☆Bakelitepharaoh
|j|☆Leiyume
|t:|1760765964
|gametype|singles
|player|p1|Bakelitepharaoh|ethan|1134
|player|p2|Leiyume|102|1125
|gen|9
|tier|[Gen 9] OU
|rated|
|rule|HP Percentage Mod: HP is shown in percentages
|rule|Endless Battle Clause: Forcing endless battles is banned
|rule|Species Clause: Limit one of each Pokémon
|rule|OHKO Clause: OHKO moves are banned
|rule|Evasion Items Clause: Evasion items are banned
|rule|Evasion Moves Clause: Evasion moves are banned
|rule|Evasion Abilities Clause: Evasion abilities are banned
|rule|Sleep Moves Clause: Sleep-inducing moves are banned
|clearpoke
|poke|p1|Landorus-Therian, M|
|poke|p1|Alomomola, F|
|poke|p1|Raging Bolt|
|poke|p1|Scizor, M|
|poke|p1|Dragapult, M|
|poke|p1|Heatran, F|
|poke|p2|Landorus-Therian, M|
|poke|p2|Rillaboom, M|
|poke|p2|Gyarados, F|
|poke|p2|Hawlucha, F|
|poke|p2|Muk-Alola, M|
|poke|p2|Gholdengo|
|teampreview
|
|t:|1760765973
|teamsize|p1|6
|teamsize|p2|6
|start
|switch|p1a: Raging Bolt|Raging Bolt|100/100
|switch|p2a: Landorus|Landorus-Therian, M|100/100
|-ability|p2a: Landorus|Intimidate|boost
|-unboost|p1a: Raging Bolt|atk|1
|-enditem|p1a: Raging Bolt|Booster Energy
|-activate|p1a: Raging Bolt|ability: Protosynthesis|[fromitem]
|-start|p1a: Raging Bolt|protosynthesisspa
|turn|1
|
|t:|1760765982
|-terastallize|p1a: Raging Bolt|Fairy
|move|p1a: Raging Bolt|Draco Meteor|p2a: Landorus
|-damage|p2a: Landorus|0 fnt
|-unboost|p1a: Raging Bolt|spa|2
|faint|p2a: Landorus
|
|upkeep
|
|t:|1760765987
|switch|p2a: Gholdengo|Gholdengo|100/100
|turn|2
|
|t:|1760765990
|move|p2a: Gholdengo|Make It Rain|p1a: Raging Bolt
|-supereffective|p1a: Raging Bolt
|-damage|p1a: Raging Bolt|0 fnt
|-unboost|p2a: Gholdengo|spa|1
|faint|p1a: Raging Bolt
|-end|p1a: Raging Bolt|Protosynthesis|[silent]
|
|upkeep
|
|t:|1760765997
|switch|p1a: Dragapult|Dragapult, M|100/100
|turn|3
|
|t:|1760766001
|switch|p2a: Muk|Muk-Alola, M|100/100
|move|p1a: Dragapult|Shadow Ball|p2a: Muk
|-resisted|p2a: Muk
|-damage|p2a: Muk|86/100
|
|upkeep
|turn|4
|
|t:|1760766007
|switch|p1a: Scizor|Scizor, M|100/100
|move|p2a: Muk|Knock Off|p1a: Scizor
|-damage|p1a: Scizor|56/100
|-enditem|p1a: Scizor|Heavy-Duty Boots|[from] move: Knock Off|[of] p2a: Muk
|
|upkeep
|turn|5
|
|t:|1760766013
|move|p1a: Scizor|U-turn|p2a: Muk
|-damage|p2a: Muk|43/100
|
|t:|1760766016
|switch|p1a: Landorus|Landorus-Therian, M|100/100|[from] U-turn
|-ability|p1a: Landorus|Intimidate|boost
|-unboost|p2a: Muk|atk|1
|move|p2a: Muk|Fire Punch|p1a: Landorus
|-damage|p1a: Landorus|86/100
|-damage|p2a: Muk|27/100|[from] item: Rocky Helmet|[of] p1a: Landorus
|
|upkeep
|turn|6
|
|t:|1760766025
|switch|p2a: Gyarados|Gyarados, F|100/100
|-ability|p2a: Gyarados|Intimidate|boost
|-unboost|p1a: Landorus|atk|1
|move|p1a: Landorus|U-turn|p2a: Gyarados
|-resisted|p2a: Gyarados
|-damage|p2a: Gyarados|93/100
|
|t:|1760766031
|switch|p1a: Dragapult|Dragapult, M|100/100|[from] U-turn
|
|upkeep
|turn|7
|
|t:|1760766050
|switch|p2a: Muk|Muk-Alola, M|27/100
|move|p1a: Dragapult|Thunderbolt|p2a: Muk
|-damage|p2a: Muk|3/100
|
|upkeep
|turn|8
|
|t:|1760766055
|move|p2a: Muk|Shadow Sneak|p1a: Dragapult
|-supereffective|p1a: Dragapult
|-crit|p1a: Dragapult
|-damage|p1a: Dragapult|44/100
|move|p1a: Dragapult|Thunderbolt|p2a: Muk
|-damage|p2a: Muk|0 fnt
|faint|p2a: Muk
|
|upkeep
|
|t:|1760766059
|switch|p2a: Gholdengo|Gholdengo|100/100
|turn|9
|
|t:|1760766073
|switch|p1a: Heatran|Heatran, F|100/100
|-item|p1a: Heatran|Air Balloon
|move|p2a: Gholdengo|Shadow Ball|p1a: Heatran
|-crit|p1a: Heatran
|-damage|p1a: Heatran|40/100
|-enditem|p1a: Heatran|Air Balloon
|
|upkeep
|turn|10
|
|t:|1760766082
|move|p2a: Gholdengo|Shadow Ball|p1a: Heatran
|-damage|p1a: Heatran|0 fnt
|faint|p1a: Heatran
|
|upkeep
|
|t:|1760766088
|switch|p1a: Dragapult|Dragapult, M|44/100
|turn|11
|
|t:|1760766091
|move|p2a: Gholdengo|Shadow Ball|p1a: Dragapult
|-supereffective|p1a: Dragapult
|-damage|p1a: Dragapult|0 fnt
|faint|p1a: Dragapult
|
|upkeep
|
|t:|1760766098
|switch|p1a: Scizor|Scizor, M|56/100
|turn|12
|
|t:|1760766101
|move|p2a: Gholdengo|Shadow Ball|p1a: Scizor
|-damage|p1a: Scizor|1/100
|move|p1a: Scizor|Knock Off|p2a: Gholdengo
|-supereffective|p2a: Gholdengo
|-damage|p2a: Gholdengo|12/100
|-enditem|p2a: Gholdengo|Choice Scarf|[from] move: Knock Off|[of] p1a: Scizor
|
|upkeep
|turn|13
|
|t:|1760766108
|move|p1a: Scizor|Bullet Punch|p2a: Gholdengo
|-resisted|p2a: Gholdengo
|-damage|p2a: Gholdengo|0 fnt
|faint|p2a: Gholdengo
|
|upkeep
|
|t:|1760766113
|switch|p2a: Rillaboom|Rillaboom, M|100/100
|-fieldstart|move: Grassy Terrain|[from] ability: Grassy Surge|[of] p2a: Rillaboom
|turn|14
|
|t:|1760766123
|switch|p1a: Landorus|Landorus-Therian, M|86/100
|-ability|p1a: Landorus|Intimidate|boost
|-unboost|p2a: Rillaboom|atk|1
|move|p2a: Rillaboom|U-turn|p1a: Landorus
|-resisted|p1a: Landorus
|-damage|p1a: Landorus|72/100
|-damage|p2a: Rillaboom|84/100|[from] item: Rocky Helmet|[of] p1a: Landorus
|
|t:|1760766132
|switch|p2a: Hawlucha|Hawlucha, F|100/100|[from] U-turn
|-enditem|p2a: Hawlucha|Grassy Seed
|-boost|p2a: Hawlucha|def|1|[from] item: Grassy Seed
|
|upkeep
|turn|15
|
|t:|1760766139
|move|p2a: Hawlucha|Swords Dance|p2a: Hawlucha
|-boost|p2a: Hawlucha|atk|2
|move|p1a: Landorus|Stealth Rock|p2a: Hawlucha
|-sidestart|p2: Leiyume|move: Stealth Rock
|
|upkeep
|turn|16
|
|t:|1760766147
|move|p2a: Hawlucha|Swords Dance|p2a: Hawlucha
|-boost|p2a: Hawlucha|atk|2
|move|p1a: Landorus|Taunt|p2a: Hawlucha
|-start|p2a: Hawlucha|move: Taunt
|
|upkeep
|turn|17
|-message|Bakelitepharaoh forfeited.
|
|win|Leiyume
|raw|Bakelitepharaoh's rating: 1134 &rarr; <strong>1108</strong><br />(-26 for losing)
|raw|Leiyume's rating: 1125 &rarr; <strong>1151</strong><br />(+26 for winning)
|l|☆Bakelitepharaoh
|player|p1|
|l|☆Leiyume
|player|p2|
