|j|☆151htyrneh
|j|☆Obito 2001
|t:|1760798279
|gametype|singles
|player|p1|151htyrneh|wallace|1718
|player|p2|Obito 2001|blue-gen3two|1799
|gen|9
|tier|[Gen 9] OU
|rated|
|rule|HP Percentage Mod: HP is shown in percentages
|rule|Endless Battle Clause: Forcing endless battles is banned
|rule|Species Clause: Limit one of each Pokémon
|rule|OHKO Clause: OHKO moves are banned
|rule|Evasion Items Clause: Evasion items are banned
|rule|Evasion Moves Clause: Evasion moves are banned
|rule|Evasion Abilities Clause: Evasion abilities are banned
|rule|Sleep Moves Clause: Sleep-inducing moves are banned
|clearpoke
|poke|p1|Kyurem|
|poke|p1|Corviknight, F|
|poke|p1|Ting-Lu|
|poke|p1|Dondozo, F|
|poke|p1|Slowking-Galar, M|
|poke|p1|Cinderace, F|
|poke|p2|Maushold-Four|
|poke|p2|Comfey, F|
|poke|p2|Grimmsnarl, M|
|poke|p2|Iron Crown|
|poke|p2|Ogerpon-Wellspring, F|
|poke|p2|Great Tusk|
|teampreview
|inactive|Battle timer is ON: inactive players will automatically lose when time's up. (requested by Obito 2001)
|
|t:|1760798285
|teamsize|p1|6
|teamsize|p2|6
|start
|switch|p1a: Slowking|Slowking-Galar, M|100/100
|switch|p2a: Mega Donphan|Great Tusk|100/100
|turn|1
|
|t:|1760798290
|switch|p1a: Corviknight|Corviknight, F|100/100
|-ability|p1a: Corviknight|Pressure
|move|p2a: Mega Donphan|Headlong Rush|p1a: Corviknight
|-immune|p1a: Corviknight
|
|upkeep
|turn|2
|
|t:|1760798296
|-end|p2a: Mega Donphan|Protosynthesis|[silent]
|switch|p2a: Zanpakuto🗡️|Iron Crown|100/100
|move|p1a: Corviknight|Brave Bird|p2a: Zanpakuto🗡️
|-resisted|p2a: Zanpakuto🗡️
|-damage|p2a: Zanpakuto🗡️|82/100
|-damage|p1a: Corviknight|95/100|[from] Recoil
|
|upkeep
|turn|3
|
|t:|1760798301
|switch|p1a: Ting-Lu|Ting-Lu|100/100
|-ability|p1a: Ting-Lu|Vessel of Ruin
|move|p2a: Zanpakuto🗡️|Focus Blast|p1a: Ting-Lu|[miss]
|-miss|p2a: Zanpakuto🗡️|p1a: Ting-Lu
|
|upkeep
|turn|4
|
|t:|1760798304
|-end|p2a: Zanpakuto🗡️|Quark Drive|[silent]
|switch|p2a: Mega Donphan|Great Tusk|100/100
|switch|p1a: Slowking|Slowking-Galar, M|100/100
|
|upkeep
|turn|5
|j| jimmy powka
|
|t:|1760798310
|-end|p2a: Mega Donphan|Protosynthesis|[silent]
|switch|p2a: Zanpakuto🗡️|Iron Crown|82/100
|switch|p1a: Corviknight|Corviknight, F|95/100
|-ability|p1a: Corviknight|Pressure
|
|upkeep
|turn|6
|
|t:|1760798317
|switch|p1a: Slowking|Slowking-Galar, M|100/100
|move|p2a: Zanpakuto🗡️|Volt Switch|p1a: Slowking
|-damage|p1a: Slowking|81/100
|
|t:|1760798322
|-end|p2a: Zanpakuto🗡️|Quark Drive|[silent]
|switch|p2a: Mega Donphan|Great Tusk|100/100|[from] Volt Switch
|
|upkeep
|turn|7
|
|t:|1760798326
|-end|p2a: Mega Donphan|Protosynthesis|[silent]
|switch|p2a: Zanpakuto🗡️|Iron Crown|82/100
|switch|p1a: Corviknight|Corviknight, F|95/100
|-ability|p1a: Corviknight|Pressure
|
|upkeep
|turn|8
|
|t:|1760798333
|move|p2a: Zanpakuto🗡️|Volt Switch|p1a: Corviknight
|-supereffective|p1a: Corviknight
|-damage|p1a: Corviknight|32/100
|j| woairibi
|
|t:|1760798343
|-end|p2a: Zanpakuto🗡️|Quark Drive|[silent]
|switch|p2a: Mega Donphan|Great Tusk|100/100|[from] Volt Switch
|move|p1a: Corviknight|Roost|p1a: Corviknight
|-heal|p1a: Corviknight|82/100
|-singleturn|p1a: Corviknight|move: Roost
|
|upkeep
|turn|9
|
|t:|1760798347
|move|p2a: Mega Donphan|Stealth Rock|p1a: Corviknight
|-sidestart|p1: 151htyrneh|move: Stealth Rock
|move|p1a: Corviknight|Brave Bird|p2a: Mega Donphan
|-supereffective|p2a: Mega Donphan
|-damage|p2a: Mega Donphan|50/100
|-damage|p1a: Corviknight|67/100|[from] Recoil
|
|upkeep
|turn|10
|
|t:|1760798350
|-end|p2a: Mega Donphan|Protosynthesis|[silent]
|switch|p2a: Zanpakuto🗡️|Iron Crown|82/100
|move|p1a: Corviknight|U-turn|p2a: Zanpakuto🗡️
|-damage|p2a: Zanpakuto🗡️|67/100
|
|t:|1760798353
|switch|p1a: Cinderace|Cinderace, F|100/100|[from] U-turn
|
|upkeep
|turn|11
|
|t:|1760798364
|move|p1a: Cinderace|Pyro Ball|p2a: Zanpakuto🗡️
|-supereffective|p2a: Zanpakuto🗡️
|-damage|p2a: Zanpakuto🗡️|0 fnt
|faint|p2a: Zanpakuto🗡️
|-end|p2a: Zanpakuto🗡️|Quark Drive|[silent]
|
|upkeep
|
|t:|1760798371
|switch|p2a: Mega Donphan|Great Tusk|50/100
|turn|12
|
|t:|1760798374
|move|p1a: Cinderace|U-turn|p2a: Mega Donphan
|-resisted|p2a: Mega Donphan
|-damage|p2a: Mega Donphan|44/100
|
|t:|1760798375
|switch|p1a: Corviknight|Corviknight, F|67/100|[from] U-turn
|-damage|p1a: Corviknight|54/100|[from] Stealth Rock
|-ability|p1a: Corviknight|Pressure
|move|p2a: Mega Donphan|Headlong Rush|p1a: Corviknight
|-immune|p1a: Corviknight
|
|upkeep
|turn|13
|l| woairibi
|
|t:|1760798386
|-end|p2a: Mega Donphan|Protosynthesis|[silent]
|switch|p2a: Screen Goblin|Grimmsnarl, M|100/100
|move|p1a: Corviknight|Roost|p1a: Corviknight
|-heal|p1a: Corviknight|100/100
|-singleturn|p1a: Corviknight|move: Roost
|
|upkeep
|turn|14
|
|t:|1760798394
|move|p2a: Screen Goblin|Parting Shot|p1a: Corviknight
|-unboost|p1a: Corviknight|atk|1
|-unboost|p1a: Corviknight|spa|1
|
|t:|1760798398
|switch|p2a: Mega Donphan|Great Tusk|44/100|[from] Parting Shot
|move|p1a: Corviknight|U-turn|p2a: Mega Donphan
|-resisted|p2a: Mega Donphan
|-damage|p2a: Mega Donphan|41/100
|
|t:|1760798402
|switch|p1a: Kyurem|Kyurem|100/100|[from] U-turn
|-damage|p1a: Kyurem|75/100|[from] Stealth Rock
|-ability|p1a: Kyurem|Pressure
|
|-heal|p1a: Kyurem|82/100|[from] item: Leftovers
|upkeep
|turn|15
|j| woairibi
|
|t:|1760798407
|move|p1a: Kyurem|Freeze-Dry|p2a: Mega Donphan
|-supereffective|p2a: Mega Donphan
|-damage|p2a: Mega Donphan|0 fnt
|faint|p2a: Mega Donphan
|-end|p2a: Mega Donphan|Protosynthesis|[silent]
|
|-heal|p1a: Kyurem|88/100|[from] item: Leftovers
|upkeep
|
|t:|1760798414
|switch|p2a: Screen Goblin|Grimmsnarl, M|100/100
|turn|16
|
|t:|1760798418
|move|p1a: Kyurem|Protect|p1a: Kyurem
|-singleturn|p1a: Kyurem|Protect
|move|p2a: Screen Goblin|Spirit Break|p1a: Kyurem
|-activate|p1a: Kyurem|move: Protect
|
|-heal|p1a: Kyurem|94/100|[from] item: Leftovers
|upkeep
|turn|17
|l| jimmy powka
|
|t:|1760798422
|switch|p1a: Corviknight|Corviknight, F|100/100
|-damage|p1a: Corviknight|88/100|[from] Stealth Rock
|-ability|p1a: Corviknight|Pressure
|move|p2a: Screen Goblin|Spirit Break|p1a: Corviknight
|-resisted|p1a: Corviknight
|-damage|p1a: Corviknight|78/100
|-unboost|p1a: Corviknight|spa|1
|-damage|p2a: Screen Goblin|84/100|[from] item: Rocky Helmet|[of] p1a: Corviknight
|
|upkeep
|turn|18
|
|t:|1760798426
|move|p2a: Screen Goblin|Parting Shot|p1a: Corviknight
|-unboost|p1a: Corviknight|atk|1
|-unboost|p1a: Corviknight|spa|1
|
|t:|1760798431
|switch|p2a: Huh-Yunjin💋|Comfey, F|100/100|[from] Parting Shot
|move|p1a: Corviknight|U-turn|p2a: Huh-Yunjin💋
|-resisted|p2a: Huh-Yunjin💋
|-damage|p2a: Huh-Yunjin💋|95/100
|
|t:|1760798433
|switch|p1a: Slowking|Slowking-Galar, M|100/100|[from] U-turn
|
|upkeep
|turn|19
|
|t:|1760798446
|switch|p2a: Gang bang|Maushold-Four|100/100
|move|p1a: Slowking|Toxic|p2a: Gang bang
|-status|p2a: Gang bang|tox
|
|-damage|p2a: Gang bang|94/100 tox|[from] psn
|upkeep
|turn|20
|
|t:|1760798449
|move|p2a: Gang bang|Population Bomb|p1a: Slowking
|-damage|p1a: Slowking|89/100
|-damage|p1a: Slowking|77/100
|-damage|p1a: Slowking|66/100
|-damage|p1a: Slowking|55/100
|-damage|p1a: Slowking|44/100
|-damage|p1a: Slowking|33/100
|-damage|p1a: Slowking|22/100
|-damage|p1a: Slowking|10/100
|-damage|p1a: Slowking|0 fnt
|faint|p1a: Slowking
|-hitcount|p1: Slowking|9
|
|-damage|p2a: Gang bang|82/100 tox|[from] psn
|upkeep
|
|t:|1760798454
|switch|p1a: Dondozo|Dondozo, F|100/100
|-damage|p1a: Dondozo|88/100|[from] Stealth Rock
|turn|21
|
|t:|1760798457
|move|p2a: Gang bang|Population Bomb|p1a: Dondozo
|-damage|p1a: Dondozo|83/100
|-damage|p1a: Dondozo|79/100
|-damage|p1a: Dondozo|73/100
|-damage|p1a: Dondozo|68/100
|-damage|p1a: Dondozo|63/100
|-damage|p1a: Dondozo|57/100
|-damage|p1a: Dondozo|53/100
|-damage|p1a: Dondozo|47/100
|-damage|p1a: Dondozo|42/100
|-damage|p1a: Dondozo|37/100
|-hitcount|p1a: Dondozo|10
|move|p1a: Dondozo|Curse|p1a: Dondozo
|-unboost|p1a: Dondozo|spe|1
|-boost|p1a: Dondozo|atk|1
|-boost|p1a: Dondozo|def|1
|
|-heal|p1a: Dondozo|43/100|[from] item: Leftovers
|-damage|p2a: Gang bang|63/100 tox|[from] psn
|upkeep
|turn|22
|
|t:|1760798462
|move|p2a: Gang bang|Encore|p1a: Dondozo
|-start|p1a: Dondozo|Encore
|move|p1a: Dondozo|Curse|p1a: Dondozo
|-unboost|p1a: Dondozo|spe|1
|-boost|p1a: Dondozo|atk|1
|-boost|p1a: Dondozo|def|1
|
|-heal|p1a: Dondozo|49/100|[from] item: Leftovers
|-damage|p2a: Gang bang|38/100 tox|[from] psn
|upkeep
|turn|23
|
|t:|1760798466
|move|p2a: Gang bang|Population Bomb|p1a: Dondozo
|-damage|p1a: Dondozo|47/100
|-damage|p1a: Dondozo|44/100
|-damage|p1a: Dondozo|42/100
|-damage|p1a: Dondozo|39/100
|-damage|p1a: Dondozo|37/100
|-damage|p1a: Dondozo|34/100
|-damage|p1a: Dondozo|32/100
|-damage|p1a: Dondozo|29/100
|-damage|p1a: Dondozo|27/100
|-damage|p1a: Dondozo|24/100
|-hitcount|p1a: Dondozo|10
|move|p1a: Dondozo|Curse|p1a: Dondozo
|-unboost|p1a: Dondozo|spe|1
|-boost|p1a: Dondozo|atk|1
|-boost|p1a: Dondozo|def|1
|
|-heal|p1a: Dondozo|30/100|[from] item: Leftovers
|-damage|p2a: Gang bang|7/100 tox|[from] psn
|upkeep
|turn|24
|
|t:|1760798470
|move|p2a: Gang bang|Population Bomb|p1a: Dondozo
|-damage|p1a: Dondozo|28/100
|-damage|p1a: Dondozo|26/100
|-damage|p1a: Dondozo|24/100
|-damage|p1a: Dondozo|22/100
|-damage|p1a: Dondozo|20/100
|-damage|p1a: Dondozo|18/100
|-damage|p1a: Dondozo|17/100
|-damage|p1a: Dondozo|15/100
|-damage|p1a: Dondozo|13/100
|-damage|p1a: Dondozo|11/100
|-hitcount|p1a: Dondozo|10
|move|p1a: Dondozo|Curse|p1a: Dondozo
|-unboost|p1a: Dondozo|spe|1
|-boost|p1a: Dondozo|atk|1
|-boost|p1a: Dondozo|def|1
|
|-heal|p1a: Dondozo|17/100|[from] item: Leftovers
|-damage|p2a: Gang bang|0 fnt|[from] psn
|faint|p2a: Gang bang
|-end|p1a: Dondozo|Encore
|upkeep
|
|t:|1760798474
|switch|p2a: Huh-Yunjin💋|Comfey, F|95/100
|turn|25
|
|t:|1760798477
|move|p2a: Huh-Yunjin💋|Giga Drain|p1a: Dondozo
|-supereffective|p1a: Dondozo
|-damage|p1a: Dondozo|0 fnt
|-heal|p2a: Huh-Yunjin💋|100/100|[from] drain|[of] p1a: Dondozo
|faint|p1a: Dondozo
|
|upkeep
|
|t:|1760798480
|switch|p1a: Corviknight|Corviknight, F|78/100
|-damage|p1a: Corviknight|66/100|[from] Stealth Rock
|-ability|p1a: Corviknight|Pressure
|turn|26
|
|t:|1760798490
|switch|p2a: Screen Goblin|Grimmsnarl, M|84/100
|move|p1a: Corviknight|Brave Bird|p2a: Screen Goblin
|-damage|p2a: Screen Goblin|53/100
|-damage|p1a: Corviknight|56/100|[from] Recoil
|
|upkeep
|turn|27
|j| crackstone
|
|t:|1760798504
|move|p2a: Screen Goblin|Parting Shot|p1a: Corviknight
|-unboost|p1a: Corviknight|atk|1
|-unboost|p1a: Corviknight|spa|1
|
|t:|1760798505
|switch|p2a: Huh-Yunjin💋|Comfey, F|100/100|[from] Parting Shot
|move|p1a: Corviknight|Roost|p1a: Corviknight
|-heal|p1a: Corviknight|100/100
|-singleturn|p1a: Corviknight|move: Roost
|
|upkeep
|turn|28
|
|t:|1760798515
|switch|p2a: Screen Goblin|Grimmsnarl, M|53/100
|move|p1a: Corviknight|U-turn|p2a: Screen Goblin
|-damage|p2a: Screen Goblin|45/100
|l| crackstone
|
|t:|1760798517
|switch|p1a: Cinderace|Cinderace, F|100/100|[from] U-turn
|
|upkeep
|turn|29
|
|t:|1760798526
|move|p1a: Cinderace|Pyro Ball|p2a: Screen Goblin|[miss]
|-miss|p1a: Cinderace|p2a: Screen Goblin
|move|p2a: Screen Goblin|Spirit Break|p1a: Cinderace
|-resisted|p1a: Cinderace
|-damage|p1a: Cinderace|82/100
|-unboost|p1a: Cinderace|spa|1
|
|upkeep
|turn|30
|
|t:|1760798533
|move|p1a: Cinderace|Pyro Ball|p2a: Screen Goblin|[miss]
|-miss|p1a: Cinderace|p2a: Screen Goblin
|move|p2a: Screen Goblin|Spirit Break|p1a: Cinderace
|-resisted|p1a: Cinderace
|-damage|p1a: Cinderace|65/100
|-unboost|p1a: Cinderace|spa|1
|
|upkeep
|turn|31
|
|t:|1760798536
|move|p1a: Cinderace|Pyro Ball|p2a: Screen Goblin
|-crit|p2a: Screen Goblin
|-damage|p2a: Screen Goblin|0 fnt
|faint|p2a: Screen Goblin
|
|upkeep
|
|t:|1760798538
|switch|p2a: 🎭|Ogerpon-Wellspring, F|100/100
|turn|32
|
|t:|1760798545
|-terastallize|p1a: Cinderace|Flying
|move|p1a: Cinderace|Will-O-Wisp|p2a: 🎭
|-status|p2a: 🎭|brn
|move|p2a: 🎭|Ivy Cudgel|p1a: Cinderace|[anim] Ivy Cudgel Water
|-damage|p1a: Cinderace|28/100
|
|-damage|p2a: 🎭|95/100 brn|[from] brn
|upkeep
|turn|33
|
|t:|1760798557
|move|p1a: Cinderace|U-turn|p2a: 🎭
|-supereffective|p2a: 🎭
|-damage|p2a: 🎭|49/100 brn
|
|t:|1760798559
|switch|p1a: Corviknight|Corviknight, F|100/100|[from] U-turn
|-damage|p1a: Corviknight|88/100|[from] Stealth Rock
|-ability|p1a: Corviknight|Pressure
|move|p2a: 🎭|Ivy Cudgel|p1a: Corviknight|[anim] Ivy Cudgel Water
|-damage|p1a: Corviknight|68/100
|
|-damage|p2a: 🎭|43/100 brn|[from] brn
|upkeep
|turn|34
|
|t:|1760798565
|move|p2a: 🎭|Swords Dance|p2a: 🎭
|-boost|p2a: 🎭|atk|2
|move|p1a: Corviknight|U-turn|p2a: 🎭
|-supereffective|p2a: 🎭
|-damage|p2a: 🎭|4/100 brn
|
|t:|1760798567
|switch|p1a: Cinderace|Cinderace, F, tera:Flying|28/100|[from] U-turn
|
|-damage|p2a: 🎭|0 fnt|[from] brn
|faint|p2a: 🎭
|upkeep
|
|t:|1760798570
|switch|p2a: Huh-Yunjin💋|Comfey, F|100/100
|turn|35
|
|t:|1760798574
|move|p1a: Cinderace|Pyro Ball|p2a: Huh-Yunjin💋
|-damage|p2a: Huh-Yunjin💋|13/100
|move|p2a: Huh-Yunjin💋|Calm Mind|p2a: Huh-Yunjin💋
|-boost|p2a: Huh-Yunjin💋|spa|1
|-boost|p2a: Huh-Yunjin💋|spd|1
|
|upkeep
|turn|36
|
|t:|1760798578
|switch|p1a: Corviknight|Corviknight, F|68/100
|-damage|p1a: Corviknight|55/100|[from] Stealth Rock
|-ability|p1a: Corviknight|Pressure
|move|p2a: Huh-Yunjin💋|Draining Kiss|p1a: Corviknight
|-resisted|p1a: Corviknight
|-damage|p1a: Corviknight|40/100
|-heal|p2a: Huh-Yunjin💋|29/100|[from] drain|[of] p1a: Corviknight
|-damage|p2a: Huh-Yunjin💋|12/100|[from] item: Rocky Helmet|[of] p1a: Corviknight
|
|upkeep
|turn|37
|
|t:|1760798584
|move|p2a: Huh-Yunjin💋|Draining Kiss|p1a: Corviknight
|-resisted|p1a: Corviknight
|-damage|p1a: Corviknight|25/100
|-heal|p2a: Huh-Yunjin💋|26/100|[from] drain|[of] p1a: Corviknight
|-damage|p2a: Huh-Yunjin💋|10/100|[from] item: Rocky Helmet|[of] p1a: Corviknight
|move|p1a: Corviknight|Brave Bird|p2a: Huh-Yunjin💋
|-damage|p2a: Huh-Yunjin💋|0 fnt
|faint|p2a: Huh-Yunjin💋
|-damage|p1a: Corviknight|23/100|[from] Recoil
|
|win|151htyrneh
|raw|151htyrneh's rating: 1718 &rarr; <strong>1743</strong><br />(+25 for winning)
|raw|Obito 2001's rating: 1799 &rarr; <strong>1774</strong><br />(-25 for losing)
|l|☆Obito 2001
|player|p2|
|l|☆151htyrneh
|player|p1|
|l| woairibi
