|j|☆Deafoman
|j|☆fraud101
|t:|1760820090
|gametype|singles
|player|p1|Deafoman|hoopster|1115
|player|p2|fraud101|170|1072
|gen|9
|tier|[Gen 9] OU
|rated|
|rule|HP Percentage Mod: HP is shown in percentages
|rule|Endless Battle Clause: Forcing endless battles is banned
|rule|Species Clause: Limit one of each Pokémon
|rule|OHKO Clause: OHKO moves are banned
|rule|Evasion Items Clause: Evasion items are banned
|rule|Evasion Moves Clause: Evasion moves are banned
|rule|Evasion Abilities Clause: Evasion abilities are banned
|rule|Sleep Moves Clause: Sleep-inducing moves are banned
|clearpoke
|poke|p1|Skeledirge, M|
|poke|p1|Empoleon, F|
|poke|p1|Kyurem|
|poke|p1|Meowscarada, M|
|poke|p1|Iron Boulder|
|poke|p1|Okidogi, M|
|poke|p2|Lucario, M|
|poke|p2|Dragapult, M|
|poke|p2|Iron Valiant|
|poke|p2|Ting-Lu|
|poke|p2|Corviknight, M|
|poke|p2|Kingambit, M|
|teampreview
|
|t:|1760820113
|teamsize|p1|6
|teamsize|p2|6
|start
|switch|p1a: Okidogi|Okidogi, M|100/100
|switch|p2a: Lucario|Lucario, M|100/100
|turn|1
|
|t:|1760820135
|-terastallize|p2a: Lucario|Fairy
|move|p2a: Lucario|Calm Mind|p2a: Lucario
|-boost|p2a: Lucario|spa|1
|-boost|p2a: Lucario|spd|1
|move|p1a: Okidogi|Bulk Up|p1a: Okidogi
|-boost|p1a: Okidogi|atk|1
|-boost|p1a: Okidogi|def|1
|
|upkeep
|turn|2
|
|t:|1760820149
|move|p2a: Lucario|Aura Sphere|p1a: Okidogi
|-resisted|p1a: Okidogi
|-damage|p1a: Okidogi|60/100
|-damage|p2a: Lucario|91/100|[from] item: Life Orb
|move|p1a: Okidogi|Gunk Shot|p2a: Lucario|[miss]
|-miss|p1a: Okidogi|p2a: Lucario
|
|upkeep
|turn|3
|
|t:|1760820170
|move|p2a: Lucario|Flash Cannon|p1a: Okidogi
|-damage|p1a: Okidogi|0 fnt
|faint|p1a: Okidogi
|-damage|p2a: Lucario|81/100|[from] item: Life Orb
|
|upkeep
|c|☆Deafoman|So lucky
|
|t:|1760820192
|switch|p1a: Skeledirge|Skeledirge, M|100/100
|turn|4
|c|☆fraud101|kirk franklin eating an apple gif
|
|t:|1760820199
|move|p2a: Lucario|Dark Pulse|p1a: Skeledirge
|-supereffective|p1a: Skeledirge
|-damage|p1a: Skeledirge|49/100
|-damage|p2a: Lucario|71/100|[from] item: Life Orb
|move|p1a: Skeledirge|Will-O-Wisp|p2a: Lucario
|-status|p2a: Lucario|brn
|
|-heal|p1a: Skeledirge|55/100|[from] item: Leftovers
|-damage|p2a: Lucario|65/100 brn|[from] brn
|upkeep
|turn|5
|
|t:|1760820231
|-terastallize|p1a: Skeledirge|Water
|move|p2a: Lucario|Dark Pulse|p1a: Skeledirge
|-damage|p1a: Skeledirge|28/100
|-damage|p2a: Lucario|55/100 brn|[from] item: Life Orb
|move|p1a: Skeledirge|Hex|p2a: Lucario
|-damage|p2a: Lucario|0 fnt
|faint|p2a: Lucario
|
|-heal|p1a: Skeledirge|34/100|[from] item: Leftovers
|upkeep
|
|t:|1760820242
|switch|p2a: Dragapult|Dragapult, M|100/100
|turn|6
|
|t:|1760820264
|move|p2a: Dragapult|Dragon Darts|p1a: Skeledirge
|-damage|p1a: Skeledirge|11/100
|-anim|p2a: Dragapult|Dragon Darts|p1a: Skeledirge
|-crit|p1a: Skeledirge
|-damage|p1a: Skeledirge|0 fnt
|faint|p1a: Skeledirge
|
|upkeep
|
|t:|1760820268
|switch|p1a: Kitty Soft Paws|Meowscarada, M|100/100
|turn|7
|j| Foremostslam
|
|t:|1760820282
|move|p2a: Dragapult|U-turn|p1a: Kitty Soft Paws
|-supereffective|p1a: Kitty Soft Paws
|-damage|p1a: Kitty Soft Paws|0 fnt
|faint|p1a: Kitty Soft Paws
|
|t:|1760820297
|switch|p2a: Iron Valiant|Iron Valiant|100/100|[from] U-turn
|-enditem|p2a: Iron Valiant|Booster Energy
|-activate|p2a: Iron Valiant|ability: Quark Drive|[fromitem]
|-start|p2a: Iron Valiant|quarkdrivespe
|
|upkeep
|
|t:|1760820305
|switch|p1a: King|Empoleon, F|100/100
|turn|8
|
|t:|1760820314
|move|p2a: Iron Valiant|Close Combat|p1a: King
|-supereffective|p1a: King
|-damage|p1a: King|0 fnt
|-unboost|p2a: Iron Valiant|def|1
|-unboost|p2a: Iron Valiant|spd|1
|faint|p1a: King
|
|upkeep
|
|t:|1760820322
|switch|p1a: Iron Boulder|Iron Boulder|100/100
|-enditem|p1a: Iron Boulder|Booster Energy
|-activate|p1a: Iron Boulder|ability: Quark Drive|[fromitem]
|-start|p1a: Iron Boulder|quarkdrivespe
|turn|9
|
|t:|1760820330
|move|p1a: Iron Boulder|Psycho Cut|p2a: Iron Valiant
|-supereffective|p2a: Iron Valiant
|-crit|p2a: Iron Valiant
|-damage|p2a: Iron Valiant|0 fnt
|faint|p2a: Iron Valiant
|-end|p2a: Iron Valiant|Quark Drive|[silent]
|
|upkeep
|
|t:|1760820334
|switch|p2a: Dragapult|Dragapult, M|100/100
|turn|10
|
|t:|1760820338
|move|p1a: Iron Boulder|Mighty Cleave|p2a: Dragapult
|-damage|p2a: Dragapult|38/100
|move|p2a: Dragapult|Phantom Force||[still]
|-prepare|p2a: Dragapult|Phantom Force
|-enditem|p2a: Dragapult|Power Herb
|-anim|p2a: Dragapult|Phantom Force|p1a: Iron Boulder
|-supereffective|p1a: Iron Boulder
|-damage|p1a: Iron Boulder|0 fnt
|faint|p1a: Iron Boulder
|-end|p1a: Iron Boulder|Quark Drive|[silent]
|
|upkeep
|
|t:|1760820345
|switch|p1a: Kyurem|Kyurem, shiny|100/100
|-ability|p1a: Kyurem|Pressure
|turn|11
|
|t:|1760820359
|move|p2a: Dragapult|Dragon Darts|p1a: Kyurem
|-supereffective|p1a: Kyurem
|-damage|p1a: Kyurem|51/100
|-anim|p2a: Dragapult|Dragon Darts|p1a: Kyurem
|-supereffective|p1a: Kyurem
|-damage|p1a: Kyurem|1/100
|move|p1a: Kyurem|Freeze-Dry|p2a: Dragapult
|-supereffective|p2a: Dragapult
|-damage|p2a: Dragapult|0 fnt
|faint|p2a: Dragapult
|
|upkeep
|
|t:|1760820368
|switch|p2a: Kingambit|Kingambit, M|100/100
|-activate|p2a: Kingambit|ability: Supreme Overlord
|-start|p2a: Kingambit|fallen3|[silent]
|turn|12
|
|t:|1760820374
|move|p2a: Kingambit|Sucker Punch|p1a: Kyurem
|-damage|p1a: Kyurem|0 fnt
|faint|p1a: Kyurem
|-damage|p2a: Kingambit|91/100|[from] item: Life Orb
|
|win|fraud101
|raw|Deafoman's rating: 1115 &rarr; <strong>1087</strong><br />(-28 for losing)
|raw|fraud101's rating: 1072 &rarr; <strong>1105</strong><br />(+33 for winning)
|l|☆Deafoman
|player|p1|
|c|☆fraud101|holy ur washed up
