|j|☆cfuelles
|j|☆diegoluquechaves
|t:|1760882111
|gametype|singles
|player|p1|cfuelles|101|1320
|player|p2|diegoluquechaves|265|1365
|gen|9
|tier|[Gen 9] OU
|rated|
|rule|HP Percentage Mod: HP is shown in percentages
|rule|Endless Battle Clause: Forcing endless battles is banned
|rule|Species Clause: Limit one of each Pokémon
|rule|OHKO Clause: OHKO moves are banned
|rule|Evasion Items Clause: Evasion items are banned
|rule|Evasion Moves Clause: Evasion moves are banned
|rule|Evasion Abilities Clause: Evasion abilities are banned
|rule|Sleep Moves Clause: Sleep-inducing moves are banned
|clearpoke
|poke|p1|Darkrai|
|poke|p1|Garchomp, M|
|poke|p1|Great Tusk|
|poke|p1|Moltres|
|poke|p1|Ogerpon-Wellspring, F|
|poke|p1|Pecharunt|
|poke|p2|Hatterene, F|
|poke|p2|Spiritomb, M|
|poke|p2|Ursaluna, M|
|poke|p2|Exeggutor-Alola, F|
|poke|p2|Torkoal, F|
|poke|p2|Slither Wing|
|teampreview
|inactive|Battle timer is ON: inactive players will automatically lose when time's up. (requested by cfuelles)
|
|t:|1760882139
|teamsize|p1|6
|teamsize|p2|6
|start
|switch|p1a: Ogerpon|Ogerpon-Wellspring, F|100/100
|switch|p2a: Hatterene|Hatterene, F|100/100
|turn|1
|
|t:|1760882155
|switch|p2a: Exeggutor|Exeggutor-Alola, F|100/100
|move|p1a: Ogerpon|U-turn|p2a: Exeggutor
|-supereffective|p2a: Exeggutor
|-damage|p2a: Exeggutor|46/100
|-enditem|p2a: Exeggutor|Sitrus Berry|[eat]
|-heal|p2a: Exeggutor|71/100|[from] item: Sitrus Berry
|
|t:|1760882164
|switch|p1a: Darkrai|Darkrai|100/100|[from] U-turn
|
|upkeep
|turn|2
|
|t:|1760882171
|switch|p2a: Slither Wing|Slither Wing|100/100
|move|p1a: Darkrai|Ice Beam|p2a: Slither Wing
|-damage|p2a: Slither Wing|81/100
|
|upkeep
|turn|3
|
|t:|1760882187
|switch|p1a: Moltres|Moltres|100/100
|-end|p2a: Slither Wing|Protosynthesis|[silent]
|switch|p2a: Ursaluna|Ursaluna, M|100/100
|
|-status|p2a: Ursaluna|brn|[from] item: Flame Orb
|upkeep
|turn|4
|
|t:|1760882198
|switch|p1a: Pecharunt|Pecharunt|100/100
|move|p2a: Ursaluna|Facade|p1a: Pecharunt
|-immune|p1a: Pecharunt
|
|-damage|p2a: Ursaluna|94/100 brn|[from] brn
|upkeep
|turn|5
|
|t:|1760882215
|switch|p1a: Garchomp|Garchomp, M|100/100
|switch|p2a: Hatterene|Hatterene, F|100/100
|
|upkeep
|turn|6
|
|t:|1760882224
|move|p1a: Garchomp|Stealth Rock|p2a: Hatterene
|move|p2a: Hatterene|Stealth Rock|p1a: Garchomp|[from] ability: Magic Bounce
|-sidestart|p1: cfuelles|move: Stealth Rock
|move|p2a: Hatterene|Trick Room|p2a: Hatterene
|-fieldstart|move: Trick Room|[of] p2a: Hatterene
|
|upkeep
|turn|7
|
|t:|1760882239
|switch|p1a: Moltres|Moltres|100/100
|move|p2a: Hatterene|Draining Kiss|p1a: Moltres
|-resisted|p1a: Moltres
|-damage|p1a: Moltres|92/100
|-status|p2a: Hatterene|brn|[from] ability: Flame Body|[of] p1a: Moltres
|
|-damage|p2a: Hatterene|94/100 brn|[from] brn
|upkeep
|turn|8
|
|t:|1760882248
|move|p2a: Hatterene|Psychic Noise|p1a: Moltres
|-damage|p1a: Moltres|64/100
|-start|p1a: Moltres|move: Heal Block
|move|p1a: Moltres|Flamethrower|p2a: Hatterene
|-damage|p2a: Hatterene|60/100 brn
|
|-heal|p2a: Hatterene|67/100 brn|[from] item: Leftovers
|-damage|p2a: Hatterene|60/100 brn|[from] brn
|upkeep
|turn|9
|
|t:|1760882260
|move|p2a: Hatterene|Psychic Noise|p1a: Moltres
|-damage|p1a: Moltres|37/100
|move|p1a: Moltres|U-turn|p2a: Hatterene
|-damage|p2a: Hatterene|45/100 brn
|
|t:|1760882263
|switch|p1a: Great Tusk|Great Tusk|100/100|[from] U-turn
|-damage|p1a: Great Tusk|98/100|[from] Stealth Rock
|
|-heal|p2a: Hatterene|52/100 brn|[from] item: Leftovers
|-damage|p2a: Hatterene|45/100 brn|[from] brn
|upkeep
|turn|10
|
|t:|1760882274
|move|p2a: Hatterene|Psychic Noise|p1a: Great Tusk
|-supereffective|p1a: Great Tusk
|-damage|p1a: Great Tusk|36/100
|-start|p1a: Great Tusk|move: Heal Block
|move|p1a: Great Tusk|Headlong Rush|p2a: Hatterene
|-damage|p2a: Hatterene|0 fnt
|-unboost|p1a: Great Tusk|def|1
|-unboost|p1a: Great Tusk|spd|1
|faint|p2a: Hatterene
|
|-fieldend|move: Trick Room
|upkeep
|
|t:|1760882289
|switch|p2a: Spiritomb|Spiritomb, M|100/100
|-ability|p2a: Spiritomb|Pressure
|turn|11
|
|t:|1760882298
|-end|p1a: Great Tusk|Protosynthesis|[silent]
|switch|p1a: Darkrai|Darkrai|100/100
|-damage|p1a: Darkrai|88/100|[from] Stealth Rock
|move|p2a: Spiritomb|Trick Room|p2a: Spiritomb
|-fieldstart|move: Trick Room|[of] p2a: Spiritomb
|
|-heal|p1a: Darkrai|94/100|[from] item: Leftovers
|upkeep
|turn|12
|
|t:|1760882307
|switch|p2a: Slither Wing|Slither Wing|81/100
|move|p1a: Darkrai|Nasty Plot|p1a: Darkrai
|-boost|p1a: Darkrai|spa|2
|
|-heal|p1a: Darkrai|100/100|[from] item: Leftovers
|upkeep
|turn|13
|
|t:|1760882326
|switch|p1a: Moltres|Moltres|37/100
|move|p2a: Slither Wing|Earthquake|p1a: Moltres
|-immune|p1a: Moltres
|
|upkeep
|turn|14
|
|t:|1760882336
|-end|p2a: Slither Wing|Protosynthesis|[silent]
|switch|p2a: Ursaluna|Ursaluna, M|94/100 brn
|move|p1a: Moltres|Flamethrower|p2a: Ursaluna
|-damage|p2a: Ursaluna|60/100 brn
|
|-damage|p2a: Ursaluna|54/100 brn|[from] brn
|upkeep
|turn|15
|
|t:|1760882350
|move|p2a: Ursaluna|Headlong Rush|p1a: Moltres
|-immune|p1a: Moltres
|move|p1a: Moltres|Roost|p1a: Moltres
|-heal|p1a: Moltres|87/100
|-singleturn|p1a: Moltres|move: Roost
|
|-damage|p2a: Ursaluna|47/100 brn|[from] brn
|-fieldend|move: Trick Room
|upkeep
|turn|16
|
|t:|1760882362
|move|p1a: Moltres|U-turn|p2a: Ursaluna
|-damage|p2a: Ursaluna|37/100 brn
|
|t:|1760882365
|switch|p1a: Pecharunt|Pecharunt|100/100|[from] U-turn
|move|p2a: Ursaluna|Headlong Rush|p1a: Pecharunt
|-supereffective|p1a: Pecharunt
|-damage|p1a: Pecharunt|5/100
|-unboost|p2a: Ursaluna|def|1
|-unboost|p2a: Ursaluna|spd|1
|
|-damage|p2a: Ursaluna|31/100 brn|[from] brn
|upkeep
|turn|17
|inactive|cfuelles has 120 seconds left.
|
|t:|1760882395
|move|p1a: Pecharunt|Malignant Chain|p2a: Ursaluna
|-resisted|p2a: Ursaluna
|-damage|p2a: Ursaluna|12/100 brn
|move|p2a: Ursaluna|Ice Punch|p1a: Pecharunt
|-damage|p1a: Pecharunt|0 fnt
|faint|p1a: Pecharunt
|
|-damage|p2a: Ursaluna|5/100 brn|[from] brn
|upkeep
|inactive|cfuelles has 120 seconds left.
|
|t:|1760882408
|switch|p1a: Great Tusk|Great Tusk|36/100
|-damage|p1a: Great Tusk|33/100|[from] Stealth Rock
|turn|18
|inactive|cfuelles has 120 seconds left.
|
|t:|1760882413
|switch|p2a: Spiritomb|Spiritomb, M|100/100
|-ability|p2a: Spiritomb|Pressure
|move|p1a: Great Tusk|Rapid Spin|p2a: Spiritomb
|-immune|p2a: Spiritomb
|
|upkeep
|turn|19
|
|t:|1760882420
|move|p1a: Great Tusk|Headlong Rush|p2a: Spiritomb
|-damage|p2a: Spiritomb|46/100
|-unboost|p1a: Great Tusk|def|1
|-unboost|p1a: Great Tusk|spd|1
|move|p2a: Spiritomb|Trick Room|p2a: Spiritomb
|-fieldstart|move: Trick Room|[of] p2a: Spiritomb
|
|upkeep
|turn|20
|
|t:|1760882433
|-end|p1a: Great Tusk|Protosynthesis|[silent]
|switch|p1a: Darkrai|Darkrai|100/100
|-damage|p1a: Darkrai|88/100|[from] Stealth Rock
|move|p2a: Spiritomb|Destiny Bond|p2a: Spiritomb
|-singlemove|p2a: Spiritomb|Destiny Bond
|
|-heal|p1a: Darkrai|94/100|[from] item: Leftovers
|upkeep
|turn|21
|
|t:|1760882447
|switch|p2a: Slither Wing|Slither Wing|81/100
|move|p1a: Darkrai|Nasty Plot|p1a: Darkrai
|-boost|p1a: Darkrai|spa|2
|
|-heal|p1a: Darkrai|100/100|[from] item: Leftovers
|upkeep
|turn|22
|inactive|diegoluquechaves has 120 seconds left.
|
|t:|1760882484
|-end|p2a: Slither Wing|Protosynthesis|[silent]
|switch|p2a: Exeggutor|Exeggutor-Alola, F|71/100
|switch|p1a: Garchomp|Garchomp, M|100/100
|-damage|p1a: Garchomp|94/100|[from] Stealth Rock
|
|upkeep
|turn|23
|inactive|diegoluquechaves has 120 seconds left.
|
|t:|1760882497
|switch|p1a: Moltres|Moltres|87/100
|move|p2a: Exeggutor|Calm Mind|p2a: Exeggutor
|-boost|p2a: Exeggutor|spa|1
|-boost|p2a: Exeggutor|spd|1
|
|-fieldend|move: Trick Room
|upkeep
|turn|24
|inactive|diegoluquechaves has 120 seconds left.
|
|t:|1760882508
|-terastallize|p2a: Exeggutor|Fire
|move|p2a: Exeggutor|Calm Mind|p2a: Exeggutor
|-boost|p2a: Exeggutor|spa|1
|-boost|p2a: Exeggutor|spd|1
|move|p1a: Moltres|Roar|p2a: Exeggutor
|drag|p2a: Ursaluna|Ursaluna, M|5/100 brn
|
|-damage|p2a: Ursaluna|0 fnt|[from] brn
|faint|p2a: Ursaluna
|upkeep
|inactive|diegoluquechaves has 120 seconds left.
|
|t:|1760882523
|switch|p2a: Spiritomb|Spiritomb, M|46/100
|-ability|p2a: Spiritomb|Pressure
|turn|25
|
|t:|1760882530
|move|p1a: Moltres|Flamethrower|p2a: Spiritomb
|-damage|p2a: Spiritomb|8/100
|move|p2a: Spiritomb|Trick Room|p2a: Spiritomb
|-fieldstart|move: Trick Room|[of] p2a: Spiritomb
|
|upkeep
|turn|26
|inactive|diegoluquechaves has 120 seconds left.
|
|t:|1760882536
|move|p2a: Spiritomb|Destiny Bond|p2a: Spiritomb
|-singlemove|p2a: Spiritomb|Destiny Bond
|move|p1a: Moltres|Roar|p2a: Spiritomb
|drag|p2a: Slither Wing|Slither Wing|81/100
|
|upkeep
|turn|27
|inactive|diegoluquechaves has 120 seconds left.
|-message|diegoluquechaves forfeited.
|
|win|cfuelles
|raw|cfuelles's rating: 1320 &rarr; <strong>1343</strong><br />(+23 for winning)
|raw|diegoluquechaves's rating: 1365 &rarr; <strong>1342</strong><br />(-23 for losing)
|l|☆diegoluquechaves
|player|p2|
|l|☆cfuelles
|player|p1|
