|j|☆Lokesh15nandan
|j|☆sernystmdy
|t:|1760723606
|gametype|singles
|player|p1|Lokesh15nandan|lance|
|player|p2|sernystmdy|teamrocket|
|gen|9
|tier|[Gen 9] OU
|rule|HP Percentage Mod: HP is shown in percentages
|rule|Endless Battle Clause: Forcing endless battles is banned
|rule|Species Clause: Limit one of each Pokémon
|rule|OHKO Clause: OHKO moves are banned
|rule|Evasion Items Clause: Evasion items are banned
|rule|Evasion Moves Clause: Evasion moves are banned
|rule|Evasion Abilities Clause: Evasion abilities are banned
|rule|Sleep Moves Clause: Sleep-inducing moves are banned
|clearpoke
|poke|p1|Clefable, M|
|poke|p1|Corviknight, F|
|poke|p1|Toxapex, M|
|poke|p1|Dragapult, F|
|poke|p1|Cinderace, M|
|poke|p1|Rotom-Heat|
|poke|p2|Blissey, F|
|poke|p2|Amoonguss, F|
|poke|p2|Bronzong|
|poke|p2|Gliscor, M|
|poke|p2|Dondozo, M|
|poke|p2|Alomomola, F|
|teampreview
|c|☆Lokesh15nandan|alr
|
|t:|1760723614
|teamsize|p1|6
|teamsize|p2|6
|start
|switch|p1a: Clefable|Clefable, M|100/100
|switch|p2a: Gliscor|Gliscor, M|100/100
|turn|1
|
|t:|1760723623
|move|p2a: Gliscor|Protect|p2a: Gliscor
|-singleturn|p2a: Gliscor|Protect
|move|p1a: Clefable|Stealth Rock|p2a: Gliscor
|-sidestart|p2: sernystmdy|move: Stealth Rock
|
|-status|p2a: Gliscor|tox|[from] item: Toxic Orb
|upkeep
|turn|2
|
|t:|1760723630
|switch|p1a: Toxapex|Toxapex, M|100/100
|move|p2a: Gliscor|Knock Off|p1a: Toxapex
|-damage|p1a: Toxapex|88/100
|-enditem|p1a: Toxapex|Black Sludge|[from] move: Knock Off|[of] p2a: Gliscor
|
|upkeep
|turn|3
|inactive|Battle timer is ON: inactive players will automatically lose when time's up. (requested by sernystmdy)
|
|t:|1760723637
|move|p2a: Gliscor|Earthquake|p1a: Toxapex
|-supereffective|p1a: Toxapex
|-damage|p1a: Toxapex|49/100
|move|p1a: Toxapex|Ice Beam|p2a: Gliscor
|-supereffective|p2a: Gliscor
|-damage|p2a: Gliscor|55/100 tox
|
|-heal|p2a: Gliscor|68/100 tox|[from] ability: Poison Heal
|upkeep
|turn|4
|
|t:|1760723651
|switch|p1a: Corviknight|Corviknight, F|100/100
|move|p2a: Gliscor|Earthquake|p1a: Corviknight
|-immune|p1a: Corviknight
|
|-heal|p2a: Gliscor|80/100 tox|[from] ability: Poison Heal
|upkeep
|turn|5
|
|t:|1760723662
|move|p2a: Gliscor|Knock Off|p1a: Corviknight
|-damage|p1a: Corviknight|83/100
|-enditem|p1a: Corviknight|Leftovers|[from] move: Knock Off|[of] p2a: Gliscor
|move|p1a: Corviknight|U-turn|p2a: Gliscor
|-resisted|p2a: Gliscor
|-damage|p2a: Gliscor|74/100 tox
|
|t:|1760723675
|switch|p1a: Dragapult|Dragapult, F|100/100|[from] U-turn
|
|-heal|p2a: Gliscor|86/100 tox|[from] ability: Poison Heal
|upkeep
|turn|6
|
|t:|1760723686
|move|p2a: Gliscor|Protect|p2a: Gliscor
|-singleturn|p2a: Gliscor|Protect
|move|p1a: Dragapult|Draco Meteor|p2a: Gliscor
|-activate|p2a: Gliscor|move: Protect
|
|-heal|p2a: Gliscor|99/100 tox|[from] ability: Poison Heal
|upkeep
|turn|7
|
|t:|1760723694
|switch|p2a: Blissey|Blissey, F|100/100
|move|p1a: Dragapult|Draco Meteor|p2a: Blissey
|-damage|p2a: Blissey|81/100
|-unboost|p1a: Dragapult|spa|2
|
|upkeep
|turn|8
|
|t:|1760723714
|switch|p1a: Rotom|Rotom-Heat|100/100
|move|p2a: Blissey|Seismic Toss|p1a: Rotom
|-damage|p1a: Rotom|67/100
|
|upkeep
|turn|9
|
|t:|1760723720
|move|p1a: Rotom|Volt Switch|p2a: Blissey
|-damage|p2a: Blissey|72/100
|
|t:|1760723742
|switch|p1a: Cinderace|Cinderace, M|100/100|[from] Volt Switch
|move|p2a: Blissey|Seismic Toss|p1a: Cinderace
|-damage|p1a: Cinderace|72/100
|
|upkeep
|turn|10
|
|t:|1760723751
|switch|p2a: Alomomola|Alomomola, F|100/100
|move|p1a: Cinderace|Will-O-Wisp|p2a: Alomomola|[miss]
|-miss|p1a: Cinderace|p2a: Alomomola
|
|upkeep
|turn|11
|
|t:|1760723761
|switch|p2a: Gliscor|Gliscor, M|99/100 tox
|-damage|p2a: Gliscor|86/100 tox|[from] Stealth Rock
|-terastallize|p1a: Cinderace|Grass
|move|p1a: Cinderace|Will-O-Wisp||[still]
|-fail|p1a: Cinderace
|
|-heal|p2a: Gliscor|99/100 tox|[from] ability: Poison Heal
|upkeep
|turn|12
|
|t:|1760723774
|switch|p1a: Corviknight|Corviknight, F|83/100
|move|p2a: Gliscor|Knock Off|p1a: Corviknight
|-damage|p1a: Corviknight|71/100
|
|-heal|p2a: Gliscor|100/100 tox|[from] ability: Poison Heal
|upkeep
|turn|13
|
|t:|1760723782
|switch|p2a: Alomomola|Alomomola, F|100/100
|move|p1a: Corviknight|Brave Bird|p2a: Alomomola
|-damage|p2a: Alomomola|78/100
|-damage|p1a: Corviknight|62/100|[from] Recoil
|
|upkeep
|turn|14
|
|t:|1760723788
|move|p1a: Corviknight|Roost|p1a: Corviknight
|-heal|p1a: Corviknight|100/100
|-singleturn|p1a: Corviknight|move: Roost
|move|p2a: Alomomola|Scald|p1a: Corviknight
|-damage|p1a: Corviknight|91/100
|-status|p1a: Corviknight|brn
|
|-damage|p1a: Corviknight|85/100 brn|[from] brn
|upkeep
|turn|15
|c|☆sernystmdy|wow first try
|
|t:|1760723801
|move|p1a: Corviknight|Brave Bird|p2a: Alomomola
|-damage|p2a: Alomomola|67/100
|-damage|p1a: Corviknight|80/100 brn|[from] Recoil
|move|p2a: Alomomola|Flip Turn|p1a: Corviknight
|-damage|p1a: Corviknight|66/100 brn
|
|t:|1760723803
|switch|p2a: Bronzong|Bronzong|100/100|[from] Flip Turn
|-damage|p2a: Bronzong|94/100|[from] Stealth Rock
|
|-heal|p2a: Bronzong|100/100|[from] item: Leftovers
|-damage|p1a: Corviknight|60/100 brn|[from] brn
|upkeep
|turn|16
|c|☆Lokesh15nandan|lol yeah
|c|☆Lokesh15nandan|bro when i tried to put scald on toxapex i didnt allow me
|c|☆Lokesh15nandan|why?
|c|☆Lokesh15nandan|i see people using scald
|inactive|Lokesh15nandan has 270 seconds left.
|c|☆Lokesh15nandan|why not toxapex
|c|☆sernystmdy|does it learn it this gen?
|
|t:|1760723849
|move|p1a: Corviknight|U-turn|p2a: Bronzong
|-crit|p2a: Bronzong
|-damage|p2a: Bronzong|91/100
|
|t:|1760723855
|switch|p1a: Cinderace|Cinderace, M, tera:Grass|72/100|[from] U-turn
|move|p2a: Bronzong|Stealth Rock|p1a: Cinderace
|-sidestart|p1: Lokesh15nandan|move: Stealth Rock
|
|-heal|p2a: Bronzong|97/100|[from] item: Leftovers
|upkeep
|turn|17
|c|☆Lokesh15nandan|the game says it cant be transfered from gen 8 to gen 9
|c|☆Lokesh15nandan|that means no ig
|inactive|Lokesh15nandan has 240 seconds left.
|inactive|sernystmdy has 270 seconds left.
|
|t:|1760723888
|switch|p2a: Gliscor|Gliscor, M|100/100 tox
|-damage|p2a: Gliscor|88/100 tox|[from] Stealth Rock
|move|p1a: Cinderace|Pyro Ball|p2a: Gliscor
|-damage|p2a: Gliscor|37/100 tox
|-damage|p1a: Cinderace|63/100|[from] item: Life Orb
|
|-heal|p2a: Gliscor|50/100 tox|[from] ability: Poison Heal
|upkeep
|turn|18
|inactive|Lokesh15nandan has 240 seconds left.
|
|t:|1760723899
|move|p2a: Gliscor|Protect|p2a: Gliscor
|-singleturn|p2a: Gliscor|Protect
|move|p1a: Cinderace|U-turn|p2a: Gliscor
|-activate|p2a: Gliscor|move: Protect
|
|-heal|p2a: Gliscor|62/100 tox|[from] ability: Poison Heal
|upkeep
|turn|19
|
|t:|1760723908
|switch|p1a: Corviknight|Corviknight, F|60/100 brn
|-damage|p1a: Corviknight|47/100 brn|[from] Stealth Rock
|switch|p2a: Alomomola|Alomomola, F|99/100
|
|-damage|p1a: Corviknight|41/100 brn|[from] brn
|upkeep
|turn|20
|
|t:|1760723915
|move|p1a: Corviknight|Roost|p1a: Corviknight
|-heal|p1a: Corviknight|91/100 brn
|-singleturn|p1a: Corviknight|move: Roost
|move|p2a: Alomomola|Flip Turn|p1a: Corviknight
|-damage|p1a: Corviknight|79/100 brn
|
|t:|1760723939
|switch|p2a: Gliscor|Gliscor, M|62/100 tox|[from] Flip Turn
|-damage|p2a: Gliscor|50/100 tox|[from] Stealth Rock
|
|-heal|p2a: Gliscor|62/100 tox|[from] ability: Poison Heal
|-damage|p1a: Corviknight|73/100 brn|[from] brn
|upkeep
|turn|21
|
|t:|1760723949
|move|p2a: Gliscor|Protect|p2a: Gliscor
|-singleturn|p2a: Gliscor|Protect
|move|p1a: Corviknight|Defog|p2a: Gliscor
|-activate|p2a: Gliscor|move: Protect
|
|-heal|p2a: Gliscor|75/100 tox|[from] ability: Poison Heal
|-damage|p1a: Corviknight|67/100 brn|[from] brn
|upkeep
|turn|22
|
|t:|1760723960
|switch|p2a: Bronzong|Bronzong|97/100
|-damage|p2a: Bronzong|91/100|[from] Stealth Rock
|move|p1a: Corviknight|Defog|p2a: Bronzong
|-unboost|p2a: Bronzong|evasion|1
|-sideend|p2: sernystmdy|Stealth Rock|[from] move: Defog|[of] p1a: Corviknight
|-sideend|p1: Lokesh15nandan|Stealth Rock|[from] move: Defog|[of] p1a: Corviknight
|
|-heal|p2a: Bronzong|97/100|[from] item: Leftovers
|-damage|p1a: Corviknight|60/100 brn|[from] brn
|upkeep
|turn|23
|
|t:|1760723971
|move|p1a: Corviknight|Roost|p1a: Corviknight
|-heal|p1a: Corviknight|100/100 brn
|-singleturn|p1a: Corviknight|move: Roost
|move|p2a: Bronzong|Stealth Rock|p1a: Corviknight
|-sidestart|p1: Lokesh15nandan|move: Stealth Rock
|
|-heal|p2a: Bronzong|100/100|[from] item: Leftovers
|-damage|p1a: Corviknight|94/100 brn|[from] brn
|upkeep
|turn|24
|
|t:|1760723998
|move|p1a: Corviknight|Defog|p2a: Bronzong
|-unboost|p2a: Bronzong|evasion|1
|-sideend|p1: Lokesh15nandan|Stealth Rock|[from] move: Defog|[of] p1a: Corviknight
|move|p2a: Bronzong|Psychic Noise|p1a: Corviknight
|-resisted|p1a: Corviknight
|-damage|p1a: Corviknight|87/100 brn
|-start|p1a: Corviknight|move: Heal Block
|
|-damage|p1a: Corviknight|81/100 brn|[from] brn
|upkeep
|turn|25
|inactive|Lokesh15nandan has 270 seconds left.
|
|t:|1760724009
|move|p1a: Corviknight|U-turn|p2a: Bronzong
|-damage|p2a: Bronzong|94/100
|
|t:|1760724012
|switch|p1a: Clefable|Clefable, M|100/100|[from] U-turn
|move|p2a: Bronzong|Stealth Rock|p1a: Clefable
|-sidestart|p1: Lokesh15nandan|move: Stealth Rock
|
|-heal|p2a: Bronzong|99/100|[from] item: Leftovers
|upkeep
|turn|26
|
|t:|1760724021
|switch|p2a: Gliscor|Gliscor, M|75/100 tox
|move|p1a: Clefable|Stealth Rock|p2a: Gliscor
|-sidestart|p2: sernystmdy|move: Stealth Rock
|
|-heal|p2a: Gliscor|87/100 tox|[from] ability: Poison Heal
|upkeep
|turn|27
|
|t:|1760724027
|move|p2a: Gliscor|Knock Off|p1a: Clefable
|-resisted|p1a: Clefable
|-damage|p1a: Clefable|89/100
|-enditem|p1a: Clefable|Leftovers|[from] move: Knock Off|[of] p2a: Gliscor
|move|p1a: Clefable|Wish|p1a: Clefable
|
|-heal|p2a: Gliscor|99/100 tox|[from] ability: Poison Heal
|upkeep
|turn|28
|c|☆Lokesh15nandan|this knock off
|
|t:|1760724041
|switch|p2a: Alomomola|Alomomola, F|100/100
|move|p1a: Clefable|Moonblast|p2a: Alomomola
|-damage|p2a: Alomomola|73/100
|
|-heal|p1a: Clefable|100/100|[from] move: Wish|[wisher] Clefable
|upkeep
|turn|29
|c|☆sernystmdy|clefable also learns it
|inactive|sernystmdy has 270 seconds left.
|c|☆sernystmdy|you gotta have at least 1 mon with knock off
|
|t:|1760724079
|move|p1a: Clefable|Moonblast|p2a: Alomomola
|-damage|p2a: Alomomola|43/100
|-unboost|p2a: Alomomola|spa|1
|move|p2a: Alomomola|Flip Turn|p1a: Clefable
|-crit|p1a: Clefable
|-damage|p1a: Clefable|72/100
|
|t:|1760724084
|switch|p2a: Blissey|Blissey, F|72/100|[from] Flip Turn
|
|upkeep
|turn|30
|c|☆Lokesh15nandan|yeah i saw but i chose moonblast
|inactive|sernystmdy has 270 seconds left.
|c|☆Lokesh15nandan|Oo alr i'll have to teach that to a mon
|
|t:|1760724103
|move|p1a: Clefable|Wish|p1a: Clefable
|move|p2a: Blissey|Seismic Toss|p1a: Clefable
|-damage|p1a: Clefable|47/100
|
|upkeep
|turn|31
|
|t:|1760724111
|move|p1a: Clefable|Protect|p1a: Clefable
|-singleturn|p1a: Clefable|Protect
|move|p2a: Blissey|Calm Mind|p2a: Blissey
|-boost|p2a: Blissey|spa|1
|-boost|p2a: Blissey|spd|1
|
|-heal|p1a: Clefable|97/100|[from] move: Wish|[wisher] Clefable
|upkeep
|turn|32
|
|t:|1760724126
|switch|p1a: Corviknight|Corviknight, F|81/100 brn
|-damage|p1a: Corviknight|68/100 brn|[from] Stealth Rock
|move|p2a: Blissey|Calm Mind|p2a: Blissey
|-boost|p2a: Blissey|spa|1
|-boost|p2a: Blissey|spd|1
|
|-damage|p1a: Corviknight|62/100 brn|[from] brn
|upkeep
|turn|33
|
|t:|1760724138
|move|p1a: Corviknight|Defog|p2a: Blissey
|-unboost|p2a: Blissey|evasion|1
|-sideend|p2: sernystmdy|Stealth Rock|[from] move: Defog|[of] p1a: Corviknight
|-sideend|p1: Lokesh15nandan|Stealth Rock|[from] move: Defog|[of] p1a: Corviknight
|move|p2a: Blissey|Flamethrower|p1a: Corviknight
|-supereffective|p1a: Corviknight
|-damage|p1a: Corviknight|14/100 brn
|
|-damage|p1a: Corviknight|8/100 brn|[from] brn
|upkeep
|turn|34
|
|t:|1760724148
|move|p1a: Corviknight|Roost|p1a: Corviknight
|-heal|p1a: Corviknight|58/100 brn
|-singleturn|p1a: Corviknight|move: Roost
|move|p2a: Blissey|Soft-Boiled|p2a: Blissey
|-heal|p2a: Blissey|100/100
|
|-damage|p1a: Corviknight|52/100 brn|[from] brn
|upkeep
|turn|35
|
|t:|1760724156
|move|p1a: Corviknight|Roost|p1a: Corviknight
|-heal|p1a: Corviknight|100/100 brn
|-singleturn|p1a: Corviknight|move: Roost
|move|p2a: Blissey|Flamethrower|p1a: Corviknight
|-supereffective|p1a: Corviknight
|-damage|p1a: Corviknight|57/100 brn
|
|-damage|p1a: Corviknight|51/100 brn|[from] brn
|upkeep
|turn|36
|
|t:|1760724165
|switch|p1a: Toxapex|Toxapex, M|82/100
|move|p2a: Blissey|Flamethrower|p1a: Toxapex
|-resisted|p1a: Toxapex
|-damage|p1a: Toxapex|69/100
|
|upkeep
|turn|37
|
|t:|1760724172
|move|p2a: Blissey|Seismic Toss|p1a: Toxapex
|-damage|p1a: Toxapex|36/100
|move|p1a: Toxapex|Haze|p1a: Toxapex
|-clearallboost
|
|upkeep
|turn|38
|
|t:|1760724184
|switch|p1a: Dragapult|Dragapult, F|100/100
|move|p2a: Blissey|Seismic Toss|p1a: Dragapult
|-immune|p1a: Dragapult
|
|upkeep
|turn|39
|
|t:|1760724193
|move|p1a: Dragapult|Fire Blast|p2a: Blissey
|-damage|p2a: Blissey|89/100
|move|p2a: Blissey|Calm Mind|p2a: Blissey
|-boost|p2a: Blissey|spa|1
|-boost|p2a: Blissey|spd|1
|
|upkeep
|turn|40
|
|t:|1760724214
|switch|p1a: Toxapex|Toxapex, M|69/100
|move|p2a: Blissey|Flamethrower|p1a: Toxapex
|-resisted|p1a: Toxapex
|-damage|p1a: Toxapex|59/100
|
|upkeep
|turn|41
|
|t:|1760724220
|move|p2a: Blissey|Seismic Toss|p1a: Toxapex
|-damage|p1a: Toxapex|26/100
|move|p1a: Toxapex|Recover|p1a: Toxapex
|-heal|p1a: Toxapex|76/100
|
|upkeep
|turn|42
|
|t:|1760724227
|move|p2a: Blissey|Seismic Toss|p1a: Toxapex
|-damage|p1a: Toxapex|43/100
|move|p1a: Toxapex|Toxic|p2a: Blissey
|-status|p2a: Blissey|tox
|
|-damage|p2a: Blissey|83/100 tox|[from] psn
|upkeep
|turn|43
|
|t:|1760724235
|switch|p1a: Dragapult|Dragapult, F|100/100
|move|p2a: Blissey|Seismic Toss|p1a: Dragapult
|-immune|p1a: Dragapult
|
|-damage|p2a: Blissey|71/100 tox|[from] psn
|upkeep
|turn|44
|
|t:|1760724248
|-curestatus|p2a: Blissey|tox|[from] ability: Natural Cure
|switch|p2a: Amoonguss|Amoonguss, F|100/100
|move|p1a: Dragapult|Draco Meteor|p2a: Amoonguss|[miss]
|-miss|p1a: Dragapult|p2a: Amoonguss
|
|upkeep
|turn|45
|
|t:|1760724271
|move|p1a: Dragapult|Draco Meteor|p2a: Amoonguss
|-damage|p2a: Amoonguss|41/100
|-unboost|p1a: Dragapult|spa|2
|move|p2a: Amoonguss|Foul Play|p1a: Dragapult
|-supereffective|p1a: Dragapult
|-damage|p1a: Dragapult|37/100
|
|upkeep
|turn|46
|
|t:|1760724290
|switch|p1a: Cinderace|Cinderace, M, tera:Grass|63/100
|switch|p2a: Blissey|Blissey, F|71/100
|
|upkeep
|turn|47
|
|t:|1760724298
|switch|p1a: Dragapult|Dragapult, F|37/100
|switch|p2a: Gliscor|Gliscor, M|99/100 tox
|
|-heal|p2a: Gliscor|100/100 tox|[from] ability: Poison Heal
|upkeep
|turn|48
|
|t:|1760724318
|move|p1a: Dragapult|U-turn|p2a: Gliscor
|-resisted|p2a: Gliscor
|-damage|p2a: Gliscor|94/100 tox
|
|t:|1760724323
|switch|p1a: Toxapex|Toxapex, M|76/100|[from] U-turn
|move|p2a: Gliscor|Knock Off|p1a: Toxapex
|-damage|p1a: Toxapex|67/100
|
|-heal|p2a: Gliscor|100/100 tox|[from] ability: Poison Heal
|upkeep
|turn|49
|
|t:|1760724332
|move|p2a: Gliscor|Spikes|p1a: Toxapex
|-sidestart|p1: Lokesh15nandan|Spikes
|move|p1a: Toxapex|Recover|p1a: Toxapex
|-heal|p1a: Toxapex|100/100
|
|upkeep
|turn|50
|
|t:|1760724337
|move|p2a: Gliscor|Spikes|p1a: Toxapex
|-sidestart|p1: Lokesh15nandan|Spikes
|move|p1a: Toxapex|Ice Beam|p2a: Gliscor
|-supereffective|p2a: Gliscor
|-damage|p2a: Gliscor|56/100 tox
|
|-heal|p2a: Gliscor|69/100 tox|[from] ability: Poison Heal
|upkeep
|turn|51
|c|☆Lokesh15nandan|does spikes stack?
|
|t:|1760724353
|switch|p2a: Bronzong|Bronzong|99/100
|move|p1a: Toxapex|Ice Beam|p2a: Bronzong
|-resisted|p2a: Bronzong
|-damage|p2a: Bronzong|96/100
|
|-heal|p2a: Bronzong|100/100|[from] item: Leftovers
|upkeep
|turn|52
|c|☆sernystmdy|yep
|c|☆Lokesh15nandan|woah
|c|☆Lokesh15nandan|ok
|c|☆sernystmdy|6.25 then 12.5 then 25
|
|t:|1760724373
|switch|p1a: Cinderace|Cinderace, M, tera:Grass|63/100
|-damage|p1a: Cinderace|46/100|[from] Spikes
|move|p2a: Bronzong|Stealth Rock|p1a: Cinderace
|-sidestart|p1: Lokesh15nandan|move: Stealth Rock
|
|upkeep
|turn|53
|c|☆Lokesh15nandan|it double!?
|c|☆Lokesh15nandan|s
|c|☆Lokesh15nandan|xD
|c|☆sernystmdy|3 spikes is 25%
|inactive|sernystmdy has 270 seconds left.
|
|t:|1760724400
|switch|p2a: Alomomola|Alomomola, F|77/100
|move|p1a: Cinderace|Court Change|p1a: Cinderace
|-swapsideconditions
|-activate|p1a: Cinderace|move: Court Change
|
|upkeep
|turn|54
|c|☆Lokesh15nandan|thats crazy good damage
|
|t:|1760724414
|move|p1a: Cinderace|U-turn|p2a: Alomomola
|-damage|p2a: Alomomola|62/100
|-damage|p1a: Cinderace|36/100|[from] item: Life Orb
|
|t:|1760724422
|switch|p1a: Corviknight|Corviknight, F|51/100 brn|[from] U-turn
|move|p2a: Alomomola|Wish|p2a: Alomomola
|
|-damage|p1a: Corviknight|45/100 brn|[from] brn
|upkeep
|turn|55
|c|☆sernystmdy|but needs 3 turns to stack while rocks is flat 12.5
|
|t:|1760724439
|move|p1a: Corviknight|Roost|p1a: Corviknight
|-heal|p1a: Corviknight|95/100 brn
|-singleturn|p1a: Corviknight|move: Roost
|move|p2a: Alomomola|Flip Turn|p1a: Corviknight
|-damage|p1a: Corviknight|81/100 brn
|
|t:|1760724446
|switch|p2a: Gliscor|Gliscor, M|69/100 tox|[from] Flip Turn
|-damage|p2a: Gliscor|56/100 tox|[from] Stealth Rock
|
|-heal|p2a: Gliscor|100/100 tox|[from] move: Wish|[wisher] Alomomola
|-damage|p1a: Corviknight|75/100 brn|[from] brn
|upkeep
|turn|56
|c|☆Lokesh15nandan|thats true also...
|
|t:|1760724464
|move|p2a: Gliscor|Spikes|p1a: Corviknight
|-sidestart|p1: Lokesh15nandan|Spikes
|move|p1a: Corviknight|U-turn|p2a: Gliscor
|-resisted|p2a: Gliscor
|-damage|p2a: Gliscor|98/100 tox
|
|t:|1760724469
|switch|p1a: Toxapex|Toxapex, M|100/100|[from] U-turn
|-damage|p1a: Toxapex|88/100|[from] Spikes
|
|-heal|p2a: Gliscor|100/100 tox|[from] ability: Poison Heal
|upkeep
|turn|57
|
|t:|1760724482
|switch|p2a: Bronzong|Bronzong|100/100
|-damage|p2a: Bronzong|94/100|[from] Stealth Rock
|move|p1a: Toxapex|Ice Beam|p2a: Bronzong
|-resisted|p2a: Bronzong
|-damage|p2a: Bronzong|90/100
|
|-heal|p2a: Bronzong|97/100|[from] item: Leftovers
|upkeep
|turn|58
|
|t:|1760724502
|switch|p1a: Clefable|Clefable, M|97/100
|move|p2a: Bronzong|Stealth Rock|p1a: Clefable
|-sidestart|p1: Lokesh15nandan|move: Stealth Rock
|
|-heal|p2a: Bronzong|100/100|[from] item: Leftovers
|upkeep
|turn|59
|
|t:|1760724511
|move|p1a: Clefable|Wish|p1a: Clefable
|move|p2a: Bronzong|Psychic Noise|p1a: Clefable
|-damage|p1a: Clefable|83/100
|-start|p1a: Clefable|move: Heal Block
|
|upkeep
|turn|60
|
|t:|1760724521
|switch|p1a: Corviknight|Corviknight, F|75/100 brn
|-damage|p1a: Corviknight|62/100 brn|[from] Stealth Rock
|move|p2a: Bronzong|Psychic Noise|p1a: Corviknight
|-resisted|p1a: Corviknight
|-damage|p1a: Corviknight|54/100 brn
|-start|p1a: Corviknight|move: Heal Block
|
|-damage|p1a: Corviknight|48/100 brn|[from] brn
|upkeep
|turn|61
|c|☆sernystmdy|i have psychic noise to counter alomomola
|inactive|sernystmdy has 270 seconds left.
|c|☆sernystmdy|and other wish passers
|
|t:|1760724557
|move|p1a: Corviknight|Defog|p2a: Bronzong
|-unboost|p2a: Bronzong|evasion|1
|-sideend|p2: sernystmdy|Spikes|[from] move: Defog|[of] p1a: Corviknight
|-sideend|p2: sernystmdy|Stealth Rock|[from] move: Defog|[of] p1a: Corviknight
|-sideend|p1: Lokesh15nandan|Spikes|[from] move: Defog|[of] p1a: Corviknight
|-sideend|p1: Lokesh15nandan|Stealth Rock|[from] move: Defog|[of] p1a: Corviknight
|move|p2a: Bronzong|Psychic Noise|p1a: Corviknight
|-resisted|p1a: Corviknight
|-damage|p1a: Corviknight|40/100 brn
|
|-damage|p1a: Corviknight|34/100 brn|[from] brn
|-end|p1a: Corviknight|move: Heal Block
|upkeep
|turn|62
|c|☆Lokesh15nandan|oooooh soo thats why my wish is failing dude
|c|☆Lokesh15nandan|im shouting at the fkin game
|c|☆Lokesh15nandan|xD
|c|☆Lokesh15nandan|WHERES MY WISH
|
|t:|1760724587
|switch|p2a: Alomomola|Alomomola, F|96/100
|move|p1a: Corviknight|Roost|p1a: Corviknight
|-heal|p1a: Corviknight|84/100 brn
|-singleturn|p1a: Corviknight|move: Roost
|
|-damage|p1a: Corviknight|78/100 brn|[from] brn
|upkeep
|turn|63
|
|t:|1760724597
|move|p1a: Corviknight|Roost|p1a: Corviknight
|-heal|p1a: Corviknight|100/100 brn
|-singleturn|p1a: Corviknight|move: Roost
|move|p2a: Alomomola|Scald|p1a: Corviknight
|-damage|p1a: Corviknight|91/100 brn
|
|-damage|p1a: Corviknight|85/100 brn|[from] brn
|upkeep
|turn|64
|
|t:|1760724608
|move|p1a: Corviknight|U-turn|p2a: Alomomola
|-damage|p2a: Alomomola|92/100
|inactive|Lokesh15nandan has 270 seconds left.
|
|t:|1760724622
|switch|p1a: Clefable|Clefable, M|83/100|[from] U-turn
|move|p2a: Alomomola|Scald|p1a: Clefable
|-damage|p1a: Clefable|73/100
|
|upkeep
|turn|65
|
|t:|1760724630
|switch|p2a: Bronzong|Bronzong|100/100
|move|p1a: Clefable|Stealth Rock|p2a: Bronzong
|-sidestart|p2: sernystmdy|move: Stealth Rock
|
|upkeep
|turn|66
|
|t:|1760724635
|move|p1a: Clefable|Moonblast|p2a: Bronzong
|-resisted|p2a: Bronzong
|-damage|p2a: Bronzong|89/100
|-unboost|p2a: Bronzong|spa|1
|move|p2a: Bronzong|Stealth Rock|p1a: Clefable
|-sidestart|p1: Lokesh15nandan|move: Stealth Rock
|
|-heal|p2a: Bronzong|95/100|[from] item: Leftovers
|upkeep
|turn|67
|
|t:|1760724644
|switch|p2a: Gliscor|Gliscor, M|100/100 tox
|-damage|p2a: Gliscor|88/100 tox|[from] Stealth Rock
|move|p1a: Clefable|Wish|p1a: Clefable
|
|-heal|p2a: Gliscor|100/100 tox|[from] ability: Poison Heal
|upkeep
|turn|68
|
|t:|1760724656
|switch|p1a: Cinderace|Cinderace, M, tera:Grass|36/100
|-damage|p1a: Cinderace|24/100|[from] Stealth Rock
|move|p2a: Gliscor|Spikes|p1a: Cinderace
|-sidestart|p1: Lokesh15nandan|Spikes
|
|-heal|p1a: Cinderace|79/100|[from] move: Wish|[wisher] Clefable
|upkeep
|turn|69
|
|t:|1760724665
|switch|p2a: Alomomola|Alomomola, F|100/100
|move|p1a: Cinderace|Court Change|p1a: Cinderace
|-swapsideconditions
|-activate|p1a: Cinderace|move: Court Change
|
|upkeep
|turn|70
|
|t:|1760724673
|move|p1a: Cinderace|Will-O-Wisp|p2a: Alomomola|[miss]
|-miss|p1a: Cinderace|p2a: Alomomola
|move|p2a: Alomomola|Scald|p1a: Cinderace
|-resisted|p1a: Cinderace
|-damage|p1a: Cinderace|71/100
|
|upkeep
|turn|71
|c|☆sernystmdy|missed 2 times f
|c|☆Lokesh15nandan|this wont end ever
|c|☆Lokesh15nandan|yeah bro lol
|c|☆sernystmdy|corvi has no roosts
|inactive|sernystmdy has 270 seconds left.
|c|☆sernystmdy|when corvi goes down i win
|
|t:|1760724711
|switch|p2a: Gliscor|Gliscor, M|100/100 tox
|-damage|p2a: Gliscor|88/100 tox|[from] Stealth Rock
|move|p1a: Cinderace|Will-O-Wisp|p2a: Gliscor|[miss]
|-miss|p1a: Cinderace|p2a: Gliscor
|
|-heal|p2a: Gliscor|100/100 tox|[from] ability: Poison Heal
|upkeep
|turn|72
|c|☆Lokesh15nandan|yup im out
|inactive|sernystmdy has 270 seconds left.
|c|☆Lokesh15nandan|it missed again
|c|☆Lokesh15nandan|im done
|
|t:|1760724728
|move|p1a: Cinderace|Will-O-Wisp||[still]
|-fail|p1a: Cinderace
|move|p2a: Gliscor|Knock Off|p1a: Cinderace
|-crit|p1a: Cinderace
|-damage|p1a: Cinderace|33/100
|-enditem|p1a: Cinderace|Life Orb|[from] move: Knock Off|[of] p2a: Gliscor
|
|upkeep
|turn|73
|c|☆sernystmdy|no im intoxicated
|c|☆sernystmdy|cant burn
|c|☆Lokesh15nandan|:)
|inactive|sernystmdy has 270 seconds left.
|c|☆Lokesh15nandan|oh
|inactive|Lokesh15nandan has 270 seconds left.
|c|☆Lokesh15nandan|okay
|
|t:|1760724747
|switch|p1a: Toxapex|Toxapex, M|100/100
|-damage|p1a: Toxapex|88/100|[from] Stealth Rock
|move|p2a: Gliscor|Earthquake|p1a: Toxapex
|-supereffective|p1a: Toxapex
|-damage|p1a: Toxapex|49/100
|
|upkeep
|turn|74
|
|t:|1760724756
|switch|p1a: Corviknight|Corviknight, F|85/100 brn
|-damage|p1a: Corviknight|73/100 brn|[from] Stealth Rock
|move|p2a: Gliscor|Spikes|p1a: Corviknight
|-sidestart|p1: Lokesh15nandan|Spikes
|
|-damage|p1a: Corviknight|66/100 brn|[from] brn
|upkeep
|turn|75
|
|t:|1760724763
|switch|p2a: Alomomola|Alomomola, F|100/100
|move|p1a: Corviknight|Defog|p2a: Alomomola
|-unboost|p2a: Alomomola|evasion|1
|-sideend|p2: sernystmdy|Spikes|[from] move: Defog|[of] p1a: Corviknight
|-sideend|p2: sernystmdy|Stealth Rock|[from] move: Defog|[of] p1a: Corviknight
|-sideend|p1: Lokesh15nandan|Spikes|[from] move: Defog|[of] p1a: Corviknight
|-sideend|p1: Lokesh15nandan|Stealth Rock|[from] move: Defog|[of] p1a: Corviknight
|
|-damage|p1a: Corviknight|60/100 brn|[from] brn
|upkeep
|turn|76
|
|t:|1760724774
|move|p1a: Corviknight|Brave Bird|p2a: Alomomola
|-damage|p2a: Alomomola|90/100
|-damage|p1a: Corviknight|56/100 brn|[from] Recoil
|move|p2a: Alomomola|Scald|p1a: Corviknight
|-damage|p1a: Corviknight|47/100 brn
|
|-damage|p1a: Corviknight|41/100 brn|[from] brn
|upkeep
|turn|77
|c|☆sernystmdy|now when you switch in clefable i switch in bronzong
|c|☆sernystmdy|so you cant heal corvi
|inactive|Lokesh15nandan has 270 seconds left.
|
|t:|1760724797
|switch|p1a: Rotom|Rotom-Heat|67/100
|move|p2a: Alomomola|Flip Turn|p1a: Rotom
|-supereffective|p1a: Rotom
|-damage|p1a: Rotom|30/100
|
|t:|1760724799
|switch|p2a: Blissey|Blissey, F|71/100|[from] Flip Turn
|
|upkeep
|turn|78
|c|☆Lokesh15nandan|you have a great tactic
|
|t:|1760724810
|move|p1a: Rotom|Volt Switch|p2a: Blissey
|-crit|p2a: Blissey
|-damage|p2a: Blissey|59/100
|
|t:|1760724816
|switch|p1a: Toxapex|Toxapex, M|82/100|[from] Volt Switch
|move|p2a: Blissey|Seismic Toss|p1a: Toxapex
|-damage|p1a: Toxapex|49/100
|
|upkeep
|turn|79
|
|t:|1760724827
|move|p2a: Blissey|Soft-Boiled|p2a: Blissey
|-heal|p2a: Blissey|100/100
|move|p1a: Toxapex|Toxic|p2a: Blissey
|-status|p2a: Blissey|tox
|
|-damage|p2a: Blissey|94/100 tox|[from] psn
|upkeep
|turn|80
|
|t:|1760724835
|-curestatus|p2a: Blissey|tox|[from] ability: Natural Cure
|switch|p2a: Gliscor|Gliscor, M|100/100 tox
|move|p1a: Toxapex|Recover|p1a: Toxapex
|-heal|p1a: Toxapex|99/100
|
|upkeep
|turn|81
|
|t:|1760724842
|move|p2a: Gliscor|Spikes|p1a: Toxapex
|-sidestart|p1: Lokesh15nandan|Spikes
|move|p1a: Toxapex|Ice Beam|p2a: Gliscor
|-supereffective|p2a: Gliscor
|-damage|p2a: Gliscor|56/100 tox
|
|-heal|p2a: Gliscor|69/100 tox|[from] ability: Poison Heal
|upkeep
|turn|82
|
|t:|1760724849
|move|p2a: Gliscor|Protect|p2a: Gliscor
|-singleturn|p2a: Gliscor|Protect
|move|p1a: Toxapex|Ice Beam|p2a: Gliscor
|-activate|p2a: Gliscor|move: Protect
|
|-heal|p2a: Gliscor|81/100 tox|[from] ability: Poison Heal
|upkeep
|turn|83
|
|t:|1760724858
|switch|p2a: Bronzong|Bronzong|95/100
|move|p1a: Toxapex|Ice Beam|p2a: Bronzong
|-resisted|p2a: Bronzong
|-damage|p2a: Bronzong|91/100
|
|-heal|p2a: Bronzong|97/100|[from] item: Leftovers
|upkeep
|turn|84
|
|t:|1760724868
|switch|p1a: Dragapult|Dragapult, F|37/100
|-damage|p1a: Dragapult|25/100|[from] Spikes
|move|p2a: Bronzong|Stealth Rock|p1a: Dragapult
|-sidestart|p1: Lokesh15nandan|move: Stealth Rock
|
|-heal|p2a: Bronzong|100/100|[from] item: Leftovers
|upkeep
|turn|85
|
|t:|1760724876
|switch|p2a: Blissey|Blissey, F|94/100
|move|p1a: Dragapult|Fire Blast|p2a: Blissey
|-damage|p2a: Blissey|83/100
|
|upkeep
|turn|86
|
|t:|1760724887
|switch|p1a: Clefable|Clefable, M|73/100
|move|p2a: Blissey|Seismic Toss|p1a: Clefable
|-damage|p1a: Clefable|48/100
|
|upkeep
|turn|87
|
|t:|1760724894
|switch|p2a: Bronzong|Bronzong|100/100
|move|p1a: Clefable|Wish|p1a: Clefable
|
|upkeep
|turn|88
|
|t:|1760724899
|move|p1a: Clefable|Moonblast|p2a: Bronzong
|-resisted|p2a: Bronzong
|-damage|p2a: Bronzong|89/100
|-unboost|p2a: Bronzong|spa|1
|move|p2a: Bronzong|Psychic Noise|p1a: Clefable
|-damage|p1a: Clefable|37/100
|-start|p1a: Clefable|move: Heal Block
|
|-heal|p2a: Bronzong|95/100|[from] item: Leftovers
|upkeep
|turn|89
|
|t:|1760724917
|switch|p1a: Cinderace|Cinderace, M, tera:Grass|33/100
|-damage|p1a: Cinderace|21/100|[from] Spikes
|-damage|p1a: Cinderace|8/100|[from] Stealth Rock
|move|p2a: Bronzong|Body Press|p1a: Cinderace
|-damage|p1a: Cinderace|0 fnt
|faint|p1a: Cinderace
|
|-heal|p2a: Bronzong|100/100|[from] item: Leftovers
|upkeep
|c|☆Lokesh15nandan|gg time it is
|
|t:|1760724935
|switch|p1a: Dragapult|Dragapult, F|25/100
|-damage|p1a: Dragapult|13/100|[from] Spikes
|-damage|p1a: Dragapult|0 fnt|[from] Stealth Rock
|faint|p1a: Dragapult
|c|☆Lokesh15nandan|xD
|inactive|Lokesh15nandan has 270 seconds left.
|
|t:|1760724950
|switch|p1a: Rotom|Rotom-Heat|30/100
|turn|90
|c|☆sernystmdy|this gen hazards are op
|
|t:|1760724962
|switch|p2a: Blissey|Blissey, F|83/100
|move|p1a: Rotom|Overheat|p2a: Blissey
|-damage|p2a: Blissey|69/100
|-unboost|p1a: Rotom|spa|2
|
|upkeep
|turn|91
|c|☆Lokesh15nandan|true man
|c|☆sernystmdy|4 of mi mons have heavy duty boots
|c|☆Lokesh15nandan|yeah thats big save
|c|☆sernystmdy|the other too levitate
|inactive|sernystmdy has 270 seconds left.
|
|t:|1760724997
|move|p1a: Rotom|Volt Switch|p2a: Blissey
|-damage|p2a: Blissey|65/100
|c|☆Lokesh15nandan|immune to spikes and rocks
|
|t:|1760725003
|switch|p1a: Corviknight|Corviknight, F|41/100 brn|[from] Volt Switch
|-damage|p1a: Corviknight|28/100 brn|[from] Stealth Rock
|move|p2a: Blissey|Seismic Toss|p1a: Corviknight
|-damage|p1a: Corviknight|3/100 brn
|
|-damage|p1a: Corviknight|0 fnt|[from] brn
|faint|p1a: Corviknight
|upkeep
|c|☆sernystmdy|spikes not rocks
|c|☆Lokesh15nandan|ggs
|
|t:|1760725016
|switch|p1a: Rotom|Rotom-Heat|30/100
|turn|92
|c|☆Lokesh15nandan|oo rocks still hurt?
|c|☆sernystmdy|yep
|inactive|Lokesh15nandan has 270 seconds left.
|inactive|sernystmdy has 270 seconds left.
|c|☆Lokesh15nandan|O
|c|☆sernystmdy|and affects typing
|c|☆sernystmdy|rotom recieves 20% from rocks
|c|☆sernystmdy|charizard 50%
|c|☆sernystmdy|rotom 25*
|
|t:|1760725065
|move|p1a: Rotom|Overheat|p2a: Blissey
|-damage|p2a: Blissey|51/100
|-unboost|p1a: Rotom|spa|2
|move|p2a: Blissey|Soft-Boiled|p2a: Blissey
|-heal|p2a: Blissey|100/100
|
|upkeep
|turn|93
|c|☆Lokesh15nandan|damn 50% is insane
|inactive|sernystmdy has 240 seconds left.
|c|☆Lokesh15nandan|just end this suffering
|c|☆Lokesh15nandan|XD
|
|t:|1760725085
|move|p1a: Rotom|Overheat|p2a: Blissey
|-damage|p2a: Blissey|93/100
|-unboost|p1a: Rotom|spa|2
|move|p2a: Blissey|Seismic Toss|p1a: Rotom
|-damage|p1a: Rotom|0 fnt
|faint|p1a: Rotom
|
|upkeep
|
|t:|1760725094
|switch|p1a: Toxapex|Toxapex, M|100/100
|-damage|p1a: Toxapex|88/100|[from] Spikes
|-damage|p1a: Toxapex|75/100|[from] Stealth Rock
|turn|94
|
|t:|1760725103
|move|p2a: Blissey|Seismic Toss|p1a: Toxapex
|-damage|p1a: Toxapex|43/100
|move|p1a: Toxapex|Ice Beam|p2a: Blissey
|-damage|p2a: Blissey|89/100
|
|upkeep
|turn|95
|
|t:|1760725112
|move|p2a: Blissey|Seismic Toss|p1a: Toxapex
|-damage|p1a: Toxapex|10/100
|move|p1a: Toxapex|Ice Beam|p2a: Blissey
|-damage|p2a: Blissey|85/100
|-status|p2a: Blissey|frz
|
|upkeep
|turn|96
|inactive|sernystmdy has 270 seconds left.
|
|t:|1760725126
|-curestatus|p2a: Blissey|frz|[from] ability: Natural Cure
|switch|p2a: Alomomola|Alomomola, F|100/100
|move|p1a: Toxapex|Ice Beam|p2a: Alomomola
|-resisted|p2a: Alomomola
|-damage|p2a: Alomomola|95/100
|
|upkeep
|turn|97
|c|☆sernystmdy|natural cure xd
|c|☆Lokesh15nandan|blissy is better than clefable lmao
|
|t:|1760725142
|switch|p2a: Blissey|Blissey, F|85/100
|move|p1a: Toxapex|Ice Beam|p2a: Blissey
|-damage|p2a: Blissey|81/100
|
|upkeep
|turn|98
|inactive|sernystmdy has 270 seconds left.
|c|☆Lokesh15nandan|i have to improve my team
|inactive|sernystmdy has 240 seconds left.
|c|☆sernystmdy|look up team types
|c|☆sernystmdy|mine is full stall
|c|☆sernystmdy|if you are new i recommend hyper offense
|
|t:|1760725212
|move|p2a: Blissey|Seismic Toss|p1a: Toxapex
|-damage|p1a: Toxapex|0 fnt
|faint|p1a: Toxapex
|
|upkeep
|c|☆Lokesh15nandan|thats why the match has reached 98 turns
|c|☆Lokesh15nandan|xD
|c|☆sernystmdy|yep
|inactive|Lokesh15nandan has 270 seconds left.
|c|☆sernystmdy|stall is the most toxic team archetype
|c|☆Lokesh15nandan|okay ill see the teams and about hyper offense
|
|t:|1760725251
|switch|p1a: Clefable|Clefable, M|37/100
|turn|99
|c|☆sernystmdy|but its consistent
|
|t:|1760725264
|move|p1a: Clefable|Moonblast|p2a: Blissey
|-damage|p2a: Blissey|72/100
|move|p2a: Blissey|Calm Mind|p2a: Blissey
|-boost|p2a: Blissey|spa|1
|-boost|p2a: Blissey|spd|1
|
|upkeep
|turn|100
|c|☆Lokesh15nandan|im 100% feeling why
|c|☆Lokesh15nandan|xD
|
|t:|1760725272
|move|p1a: Clefable|Moonblast|p2a: Blissey
|-damage|p2a: Blissey|65/100
|-unboost|p2a: Blissey|spa|1
|move|p2a: Blissey|Calm Mind|p2a: Blissey
|-boost|p2a: Blissey|spa|1
|-boost|p2a: Blissey|spd|1
|
|upkeep
|turn|101
|inactive|sernystmdy has 240 seconds left.
|
|t:|1760725283
|move|p1a: Clefable|Moonblast|p2a: Blissey
|-damage|p2a: Blissey|60/100
|move|p2a: Blissey|Flamethrower|p1a: Clefable
|-damage|p1a: Clefable|20/100
|
|upkeep
|turn|102
|
|t:|1760725289
|move|p1a: Clefable|Moonblast|p2a: Blissey
|-damage|p2a: Blissey|55/100
|-unboost|p2a: Blissey|spa|1
|move|p2a: Blissey|Flamethrower|p1a: Clefable
|-damage|p1a: Clefable|9/100
|
|upkeep
|turn|103
|c|☆Lokesh15nandan|thanks for teaching me dude
|
|t:|1760725303
|move|p1a: Clefable|Moonblast|p2a: Blissey
|-damage|p2a: Blissey|50/100
|move|p2a: Blissey|Flamethrower|p1a: Clefable
|-damage|p1a: Clefable|0 fnt
|faint|p1a: Clefable
|
|win|sernystmdy
|c|☆Lokesh15nandan|ggs
|c|☆sernystmdy|ggs
|c|☆Lokesh15nandan|bye now
|c|☆sernystmdy|bye have fun
|c|☆Lokesh15nandan|:handshake:
|l|☆sernystmdy
|player|p2|
|c|☆Lokesh15nandan|you too!
