|j|☆BigTony91
|j|☆wooperhehe
|t:|1760722359
|gametype|singles
|player|p1|BigTony91|169|1100
|player|p2|wooperhehe|colress|1139
|gen|9
|tier|[Gen 9] OU
|rated|
|rule|HP Percentage Mod: HP is shown in percentages
|rule|Endless Battle Clause: Forcing endless battles is banned
|rule|Species Clause: Limit one of each Pokémon
|rule|OHKO Clause: OHKO moves are banned
|rule|Evasion Items Clause: Evasion items are banned
|rule|Evasion Moves Clause: Evasion moves are banned
|rule|Evasion Abilities Clause: Evasion abilities are banned
|rule|Sleep Moves Clause: Sleep-inducing moves are banned
|clearpoke
|poke|p1|Trevenant, F|
|poke|p1|Torkoal, M|
|poke|p1|Talonflame, F|
|poke|p1|Tatsugiri-Droopy, F|
|poke|p1|Pelipper, M|
|poke|p1|Tornadus, M|
|poke|p2|Clodsire, M|
|poke|p2|Barraskewda, F|
|poke|p2|Pelipper, M|
|poke|p2|Iron Moth|
|poke|p2|Kleavor, M|
|poke|p2|Sceptile, F|
|teampreview
|inactive|Battle timer is ON: inactive players will automatically lose when time's up. (requested by wooperhehe)
|
|t:|1760722364
|teamsize|p1|6
|teamsize|p2|6
|start
|switch|p1a: Torkoal|Torkoal, M|100/100
|switch|p2a: Sceptile|Sceptile, F|100/100
|-weather|SunnyDay|[from] ability: Drought|[of] p1a: Torkoal
|turn|1
|
|t:|1760722371
|move|p2a: Sceptile|Swords Dance|p2a: Sceptile
|-boost|p2a: Sceptile|atk|2
|move|p1a: Torkoal|Lava Plume|p2a: Sceptile
|-supereffective|p2a: Sceptile
|-damage|p2a: Sceptile|4/100
|
|-weather|SunnyDay|[upkeep]
|upkeep
|turn|2
|
|t:|1760722380
|move|p2a: Sceptile|Earthquake|p1a: Torkoal
|-supereffective|p1a: Torkoal
|-damage|p1a: Torkoal|32/100
|move|p1a: Torkoal|Rapid Spin|p2a: Sceptile
|-damage|p2a: Sceptile|0 fnt
|-boost|p1a: Torkoal|spe|1
|faint|p2a: Sceptile
|
|-weather|SunnyDay|[upkeep]
|upkeep
|
|t:|1760722386
|switch|p2a: Kleavor|Kleavor, M|100/100
|turn|3
|
|t:|1760722392
|move|p2a: Kleavor|Stone Axe|p1a: Torkoal
|-supereffective|p1a: Torkoal
|-damage|p1a: Torkoal|0 fnt
|-sidestart|p1: BigTony91|move: Stealth Rock
|faint|p1a: Torkoal
|
|-weather|SunnyDay|[upkeep]
|upkeep
|
|t:|1760722419
|switch|p1a: Trevenant|Trevenant, F|100/100
|-damage|p1a: Trevenant|88/100|[from] Stealth Rock
|turn|4
|
|t:|1760722427
|switch|p2a: Pelipper|Pelipper, M|100/100
|-weather|RainDance|[from] ability: Drizzle|[of] p2a: Pelipper
|move|p1a: Trevenant|Will-O-Wisp|p2a: Pelipper
|-status|p2a: Pelipper|brn
|
|-weather|RainDance|[upkeep]
|-damage|p2a: Pelipper|94/100 brn|[from] brn
|upkeep
|turn|5
|
|t:|1760722437
|switch|p1a: Tornadus|Tornadus, M|100/100
|move|p2a: Pelipper|Knock Off|p1a: Tornadus
|-damage|p1a: Tornadus|89/100
|-enditem|p1a: Tornadus|Heavy-Duty Boots|[from] move: Knock Off|[of] p2a: Pelipper
|
|-weather|RainDance|[upkeep]
|-damage|p2a: Pelipper|88/100 brn|[from] brn
|upkeep
|turn|6
|
|t:|1760722448
|switch|p2a: Clodsire|Clodsire, M|100/100
|move|p1a: Tornadus|Bleakwind Storm|p2a: Clodsire
|-damage|p2a: Clodsire|61/100
|-unboost|p2a: Clodsire|spe|1
|
|-weather|RainDance|[upkeep]
|-heal|p2a: Clodsire|67/100|[from] item: Black Sludge
|upkeep
|turn|7
|
|t:|1760722458
|move|p1a: Tornadus|Grass Knot|p2a: Clodsire
|-damage|p2a: Clodsire|35/100
|move|p2a: Clodsire|Gunk Shot|p1a: Tornadus
|-damage|p1a: Tornadus|14/100
|-status|p1a: Tornadus|psn
|
|-weather|RainDance|[upkeep]
|-heal|p2a: Clodsire|41/100|[from] item: Black Sludge
|-damage|p1a: Tornadus|2/100 psn|[from] psn
|upkeep
|turn|8
|
|t:|1760722472
|move|p1a: Tornadus|Bleakwind Storm|p2a: Clodsire
|-damage|p2a: Clodsire|4/100
|move|p2a: Clodsire|Recover|p2a: Clodsire
|-heal|p2a: Clodsire|54/100
|
|-weather|none
|-heal|p2a: Clodsire|60/100|[from] item: Black Sludge
|-damage|p1a: Tornadus|0 fnt|[from] psn
|faint|p1a: Tornadus
|upkeep
|
|t:|1760722486
|switch|p1a: Tatsugiri|Tatsugiri-Droopy, F|100/100
|turn|9
|
|t:|1760722497
|switch|p2a: Pelipper|Pelipper, M|88/100 brn
|-weather|RainDance|[from] ability: Drizzle|[of] p2a: Pelipper
|move|p1a: Tatsugiri|Nasty Plot|p1a: Tatsugiri
|-boost|p1a: Tatsugiri|spa|2
|
|-weather|RainDance|[upkeep]
|-damage|p2a: Pelipper|82/100 brn|[from] brn
|upkeep
|turn|10
|
|t:|1760722506
|move|p1a: Tatsugiri|Protect|p1a: Tatsugiri
|-singleturn|p1a: Tatsugiri|Protect
|move|p2a: Pelipper|Hurricane|p1a: Tatsugiri
|-activate|p1a: Tatsugiri|move: Protect
|
|-weather|RainDance|[upkeep]
|-damage|p2a: Pelipper|76/100 brn|[from] brn
|upkeep
|turn|11
|
|t:|1760722515
|move|p1a: Tatsugiri|Draco Meteor|p2a: Pelipper|[miss]
|-miss|p1a: Tatsugiri|p2a: Pelipper
|move|p2a: Pelipper|Hurricane|p1a: Tatsugiri
|-damage|p1a: Tatsugiri|34/100
|-start|p1a: Tatsugiri|confusion
|
|-weather|RainDance|[upkeep]
|-damage|p2a: Pelipper|70/100 brn|[from] brn
|upkeep
|turn|12
|
|t:|1760722528
|switch|p2a: Clodsire|Clodsire, M|60/100
|-activate|p1a: Tatsugiri|confusion
|move|p1a: Tatsugiri|Draco Meteor|p2a: Clodsire
|-crit|p2a: Clodsire
|-damage|p2a: Clodsire|0 fnt
|-unboost|p1a: Tatsugiri|spa|2
|faint|p2a: Clodsire
|
|-weather|RainDance|[upkeep]
|upkeep
|
|t:|1760722537
|switch|p2a: Iron Moth|Iron Moth|100/100
|-enditem|p2a: Iron Moth|Booster Energy
|-activate|p2a: Iron Moth|ability: Quark Drive|[fromitem]
|-start|p2a: Iron Moth|quarkdrivespa
|turn|13
|
|t:|1760722548
|-activate|p1a: Tatsugiri|confusion
|move|p1a: Tatsugiri|Protect|p1a: Tatsugiri
|-singleturn|p1a: Tatsugiri|Protect
|move|p2a: Iron Moth|Dazzling Gleam|p1a: Tatsugiri
|-activate|p1a: Tatsugiri|move: Protect
|
|-weather|none
|upkeep
|turn|14
|
|t:|1760722558
|move|p2a: Iron Moth|Dazzling Gleam|p1a: Tatsugiri
|-supereffective|p1a: Tatsugiri
|-damage|p1a: Tatsugiri|0 fnt
|faint|p1a: Tatsugiri
|
|upkeep
|
|t:|1760722578
|switch|p1a: Trevenant|Trevenant, F|88/100
|-damage|p1a: Trevenant|76/100|[from] Stealth Rock
|turn|15
|
|t:|1760722583
|-terastallize|p1a: Trevenant|Ghost
|move|p2a: Iron Moth|Fiery Dance|p1a: Trevenant
|-damage|p1a: Trevenant|15/100
|-enditem|p1a: Trevenant|Sitrus Berry|[eat]
|-heal|p1a: Trevenant|40/100|[from] item: Sitrus Berry
|move|p1a: Trevenant|Poltergeist||[still]
|-fail|p1a: Trevenant
|
|-item|p1a: Trevenant|Sitrus Berry|[from] ability: Harvest
|upkeep
|-enditem|p1a: Trevenant|Sitrus Berry|[eat]
|-heal|p1a: Trevenant|65/100|[from] item: Sitrus Berry
|turn|16
|
|t:|1760722601
|move|p2a: Iron Moth|Fiery Dance|p1a: Trevenant
|-damage|p1a: Trevenant|4/100
|move|p1a: Trevenant|Drain Punch|p2a: Iron Moth
|-resisted|p2a: Iron Moth
|-damage|p2a: Iron Moth|78/100
|-heal|p1a: Trevenant|13/100|[from] drain|[of] p2a: Iron Moth
|
|upkeep
|turn|17
|
|t:|1760722610
|move|p2a: Iron Moth|Fiery Dance|p1a: Trevenant
|-damage|p1a: Trevenant|0 fnt
|-boost|p2a: Iron Moth|spa|1
|faint|p1a: Trevenant
|
|upkeep
|
|t:|1760722619
|switch|p1a: Pelipper|Pelipper, M|100/100
|-damage|p1a: Pelipper|75/100|[from] Stealth Rock
|-weather|RainDance|[from] ability: Drizzle|[of] p1a: Pelipper
|turn|18
|
|t:|1760722627
|move|p2a: Iron Moth|Sludge Wave|p1a: Pelipper
|-damage|p1a: Pelipper|0 fnt
|faint|p1a: Pelipper
|
|-weather|RainDance|[upkeep]
|upkeep
|
|t:|1760722631
|switch|p1a: Talonflame|Talonflame, F|100/100
|turn|19
|
|t:|1760722637
|move|p1a: Talonflame|Brave Bird|p2a: Iron Moth
|-damage|p2a: Iron Moth|0 fnt
|faint|p2a: Iron Moth
|-end|p2a: Iron Moth|Quark Drive|[silent]
|-damage|p1a: Talonflame|75/100|[from] Recoil
|
|-weather|RainDance|[upkeep]
|upkeep
|
|t:|1760722640
|switch|p2a: Kleavor|Kleavor, M|100/100
|turn|20
|
|t:|1760722647
|move|p2a: Kleavor|Stone Axe|p1a: Talonflame
|-supereffective|p1a: Talonflame
|-damage|p1a: Talonflame|0 fnt
|faint|p1a: Talonflame
|
|win|wooperhehe
|raw|BigTony91's rating: 1100 &rarr; <strong>1078</strong><br />(-22 for losing)
|raw|wooperhehe's rating: 1139 &rarr; <strong>1161</strong><br />(+22 for winning)
|l|☆wooperhehe
|player|p2|
|l|☆BigTony91
|player|p1|
