|j|☆traposaurus-rex
|j|☆NebulaTrainer
|t:|1760795827
|gametype|singles
|player|p1|traposaurus-rex|pokemaniac|1446
|player|p2|NebulaTrainer|cynthia-gen4|1541
|gen|9
|tier|[Gen 9] OU
|rated|
|rule|HP Percentage Mod: HP is shown in percentages
|rule|Endless Battle Clause: Forcing endless battles is banned
|rule|Species Clause: Limit one of each Pokémon
|rule|OHKO Clause: OHKO moves are banned
|rule|Evasion Items Clause: Evasion items are banned
|rule|Evasion Moves Clause: Evasion moves are banned
|rule|Evasion Abilities Clause: Evasion abilities are banned
|rule|Sleep Moves Clause: Sleep-inducing moves are banned
|clearpoke
|poke|p1|Zamazenta-*|
|poke|p1|Ogerpon-Wellspring, F|
|poke|p1|Raging Bolt|
|poke|p1|Hatterene, F|
|poke|p1|Ceruledge, M|
|poke|p1|Glimmora, M|
|poke|p2|Hippowdon, M|
|poke|p2|Excadrill, M|
|poke|p2|Hydrapple, F|
|poke|p2|Tornadus-Therian, M|
|poke|p2|Heatran, M|
|poke|p2|Keldeo-Resolute|
|teampreview
|inactive|Battle timer is ON: inactive players will automatically lose when time's up. (requested by traposaurus-rex)
|
|t:|1760795867
|teamsize|p1|6
|teamsize|p2|6
|start
|switch|p1a: Glimmora|Glimmora, M|100/100
|switch|p2a: Keldeo|Keldeo-Resolute|100/100
|turn|1
|
|t:|1760795873
|move|p2a: Keldeo|Hydro Pump|p1a: Glimmora|[miss]
|-miss|p2a: Keldeo|p1a: Glimmora
|move|p1a: Glimmora|Stealth Rock|p2a: Keldeo
|-sidestart|p2: NebulaTrainer|move: Stealth Rock
|
|upkeep
|turn|2
|
|t:|1760795879
|switch|p2a: Heatran|Heatran, M, shiny|100/100
|-damage|p2a: Heatran|88/100|[from] Stealth Rock
|switch|p1a: Ogerpon|Ogerpon-Wellspring, F|100/100
|
|-heal|p2a: Heatran|94/100|[from] item: Leftovers
|upkeep
|turn|3
|
|t:|1760795889
|switch|p2a: Hydrapple|Hydrapple, F|100/100
|move|p1a: Ogerpon|Ivy Cudgel|p2a: Hydrapple|[anim] Ivy Cudgel Water
|-resisted|p2a: Hydrapple
|-damage|p2a: Hydrapple|90/100
|
|upkeep
|turn|4
|
|t:|1760795897
|switch|p1a: Hatterene|Hatterene, F|100/100
|move|p2a: Hydrapple|Earth Power|p1a: Hatterene
|-damage|p1a: Hatterene|77/100
|
|upkeep
|turn|5
|
|t:|1760795905
|switch|p2a: Hippowdon|Hippowdon, M, shiny|100/100
|-damage|p2a: Hippowdon|94/100|[from] Stealth Rock
|-weather|Sandstorm|[from] ability: Sand Stream|[of] p2a: Hippowdon
|move|p1a: Hatterene|Draining Kiss|p2a: Hippowdon
|-damage|p2a: Hippowdon|61/100
|-heal|p1a: Hatterene|100/100|[from] drain|[of] p2a: Hippowdon
|
|-weather|Sandstorm|[upkeep]
|-damage|p1a: Hatterene|95/100|[from] Sandstorm
|upkeep
|turn|6
|
|t:|1760795917
|move|p2a: Hippowdon|Slack Off|p2a: Hippowdon
|-heal|p2a: Hippowdon|100/100
|move|p1a: Hatterene|Psychic Noise|p2a: Hippowdon
|-damage|p2a: Hippowdon|51/100
|-start|p2a: Hippowdon|move: Heal Block
|
|-weather|Sandstorm|[upkeep]
|-damage|p1a: Hatterene|89/100|[from] Sandstorm
|upkeep
|turn|7
|
|t:|1760795929
|switch|p2a: Heatran|Heatran, M, shiny|94/100
|-damage|p2a: Heatran|82/100|[from] Stealth Rock
|move|p1a: Hatterene|Mystical Fire|p2a: Heatran
|-start|p2a: Heatran|ability: Flash Fire
|
|-weather|Sandstorm|[upkeep]
|-damage|p1a: Hatterene|83/100|[from] Sandstorm
|-heal|p2a: Heatran|88/100|[from] item: Leftovers
|upkeep
|turn|8
|
|t:|1760795942
|switch|p1a: Glimmora|Glimmora, M|100/100
|move|p2a: Heatran|Earth Power|p1a: Glimmora
|-supereffective|p1a: Glimmora
|-damage|p1a: Glimmora|9/100
|-enditem|p1a: Glimmora|Red Card|[of] p2a: Heatran
|-end|p2a: Heatran|ability: Flash Fire|[silent]
|drag|p2a: Excadrill|Excadrill, M, shiny|100/100
|-damage|p2a: Excadrill|97/100|[from] Stealth Rock
|
|-weather|Sandstorm|[upkeep]
|-heal|p2a: Excadrill|100/100|[from] item: Leftovers
|upkeep
|turn|9
|
|t:|1760795955
|move|p2a: Excadrill|Rapid Spin|p1a: Glimmora
|-resisted|p1a: Glimmora
|-damage|p1a: Glimmora|0 fnt
|-boost|p2a: Excadrill|spe|1
|-activate|p1a: Glimmora|ability: Toxic Debris
|-sidestart|p2: NebulaTrainer|move: Toxic Spikes
|-sideend|p2: NebulaTrainer|Toxic Spikes|[from] move: Rapid Spin|[of] p2a: Excadrill
|-sideend|p2: NebulaTrainer|Stealth Rock|[from] move: Rapid Spin|[of] p2a: Excadrill
|faint|p1a: Glimmora
|
|-weather|Sandstorm|[upkeep]
|upkeep
|
|t:|1760795959
|switch|p1a: Ogerpon|Ogerpon-Wellspring, F|100/100
|turn|10
|
|t:|1760795967
|switch|p2a: Hydrapple|Hydrapple, F|100/100
|move|p1a: Ogerpon|Swords Dance|p1a: Ogerpon
|-boost|p1a: Ogerpon|atk|2
|
|-weather|Sandstorm|[upkeep]
|-damage|p1a: Ogerpon|95/100|[from] Sandstorm
|-damage|p2a: Hydrapple|94/100|[from] Sandstorm
|upkeep
|turn|11
|
|t:|1760795976
|move|p1a: Ogerpon|Play Rough|p2a: Hydrapple
|-supereffective|p2a: Hydrapple
|-damage|p2a: Hydrapple|0 fnt
|faint|p2a: Hydrapple
|
|-weather|Sandstorm|[upkeep]
|-damage|p1a: Ogerpon|89/100|[from] Sandstorm
|upkeep
|
|t:|1760795985
|switch|p2a: Tornadus|Tornadus-Therian, M, shiny|100/100
|turn|12
|
|t:|1760795992
|-terastallize|p1a: Ogerpon|Water
|detailschange|p1a: Ogerpon|Ogerpon-Wellspring-Tera, F, tera:Water
|-ability|p1a: Ogerpon|Embody Aspect (Wellspring)|boost
|-boost|p1a: Ogerpon|spd|1
|move|p2a: Tornadus|Hurricane|p1a: Ogerpon|[miss]
|-miss|p2a: Tornadus|p1a: Ogerpon
|move|p1a: Ogerpon|Trailblaze|p2a: Tornadus
|-resisted|p2a: Tornadus
|-damage|p2a: Tornadus|67/100
|-boost|p1a: Ogerpon|spe|1
|
|-weather|none
|upkeep
|turn|13
|
|t:|1760796006
|move|p1a: Ogerpon|Ivy Cudgel|p2a: Tornadus|[anim] Ivy Cudgel Water
|-damage|p2a: Tornadus|0 fnt
|faint|p2a: Tornadus
|
|upkeep
|
|t:|1760796015
|switch|p2a: Heatran|Heatran, M, shiny|88/100
|turn|14
|
|t:|1760796021
|-terastallize|p2a: Heatran|Grass
|move|p1a: Ogerpon|Ivy Cudgel|p2a: Heatran|[anim] Ivy Cudgel Water
|-resisted|p2a: Heatran
|-crit|p2a: Heatran
|-damage|p2a: Heatran|0 fnt
|faint|p2a: Heatran
|
|upkeep
|
|t:|1760796031
|switch|p2a: Keldeo|Keldeo-Resolute|100/100
|turn|15
|inactive|NebulaTrainer has 120 seconds left.
|inactive|NebulaTrainer has 90 seconds left.
|inactive|NebulaTrainer has 60 seconds left.
|inactive|NebulaTrainer has 30 seconds left.
|inactive|NebulaTrainer has 20 seconds left.
|inactive|NebulaTrainer has 15 seconds left.
|inactive|NebulaTrainer has 10 seconds left.
|inactive|NebulaTrainer has 5 seconds left.
|-message|NebulaTrainer lost due to inactivity.
|
|win|traposaurus-rex
|raw|traposaurus-rex's rating: 1446 &rarr; <strong>1470</strong><br />(+24 for winning)
|raw|NebulaTrainer's rating: 1520 &rarr; <strong>1496</strong><br />(-24 for losing)
|l|☆traposaurus-rex
|player|p1|
