|j|☆Rising Ursaring
|j|☆james2341
|t:|1760796794
|gametype|singles
|player|p1|Rising Ursaring|burglar|1506
|player|p2|james2341|265|1520
|gen|9
|tier|[Gen 9] OU
|rated|
|rule|HP Percentage Mod: HP is shown in percentages
|rule|Endless Battle Clause: Forcing endless battles is banned
|rule|Species Clause: Limit one of each Pokémon
|rule|OHKO Clause: OHKO moves are banned
|rule|Evasion Items Clause: Evasion items are banned
|rule|Evasion Moves Clause: Evasion moves are banned
|rule|Evasion Abilities Clause: Evasion abilities are banned
|rule|Sleep Moves Clause: Sleep-inducing moves are banned
|clearpoke
|poke|p1|Ogerpon-Wellspring, F|
|poke|p1|Ting-Lu|
|poke|p1|Deoxys-Speed|
|poke|p1|Zapdos|
|poke|p1|Pecharunt|
|poke|p1|Iron Valiant|
|poke|p2|Ogerpon-Wellspring, F|
|poke|p2|Grimmsnarl, M|
|poke|p2|Great Tusk|
|poke|p2|Iron Treads|
|poke|p2|Comfey, M|
|poke|p2|Lucario, F|
|teampreview
|inactive|Battle timer is ON: inactive players will automatically lose when time's up. (requested by james2341)
|
|t:|1760796801
|teamsize|p1|6
|teamsize|p2|6
|start
|switch|p1a: Pecharunt|Pecharunt|100/100
|switch|p2a: Iron Treads|Iron Treads, shiny|100/100
|-enditem|p2a: Iron Treads|Booster Energy
|-activate|p2a: Iron Treads|ability: Quark Drive|[fromitem]
|-start|p2a: Iron Treads|quarkdrivespe
|turn|1
|
|t:|1760796803
|move|p2a: Iron Treads|Earth Power|p1a: Pecharunt
|-supereffective|p1a: Pecharunt
|-damage|p1a: Pecharunt|37/100
|move|p1a: Pecharunt|Parting Shot|p2a: Iron Treads
|-unboost|p2a: Iron Treads|atk|1
|-unboost|p2a: Iron Treads|spa|1
|
|t:|1760796824
|switch|p1a: Ogerpon|Ogerpon-Wellspring, F|100/100|[from] Parting Shot
|
|upkeep
|turn|2
|
|t:|1760796842
|move|p2a: Iron Treads|Stealth Rock|p1a: Ogerpon
|-sidestart|p1: Rising Ursaring|move: Stealth Rock
|move|p1a: Ogerpon|Swords Dance|p1a: Ogerpon
|-boost|p1a: Ogerpon|atk|2
|
|upkeep
|turn|3
|inactive|Rising Ursaring has 120 seconds left.
|
|t:|1760796875
|move|p2a: Iron Treads|Steel Beam|p1a: Ogerpon|[miss]
|-miss|p2a: Iron Treads|p1a: Ogerpon
|-damage|p2a: Iron Treads|50/100|[from] steelbeam
|move|p1a: Ogerpon|Ivy Cudgel|p2a: Iron Treads|[anim] Ivy Cudgel Water
|-supereffective|p2a: Iron Treads
|-damage|p2a: Iron Treads|0 fnt
|faint|p2a: Iron Treads
|-end|p2a: Iron Treads|Quark Drive|[silent]
|
|upkeep
|
|t:|1760796881
|switch|p2a: Ogerpon|Ogerpon-Wellspring, F|100/100
|turn|4
|
|t:|1760796887
|move|p2a: Ogerpon|Trailblaze|p1a: Ogerpon
|-damage|p1a: Ogerpon|61/100
|-boost|p2a: Ogerpon|spe|1
|move|p1a: Ogerpon|Horn Leech|p2a: Ogerpon
|-damage|p2a: Ogerpon|0 fnt
|-heal|p1a: Ogerpon|100/100|[from] drain|[of] p2a: Ogerpon
|faint|p2a: Ogerpon
|
|upkeep
|
|t:|1760796891
|switch|p2a: Grimmsnarl|Grimmsnarl, M|100/100
|turn|5
|
|t:|1760796896
|move|p2a: Grimmsnarl|Taunt|p1a: Ogerpon
|-start|p1a: Ogerpon|move: Taunt
|move|p1a: Ogerpon|Play Rough|p2a: Grimmsnarl
|-supereffective|p2a: Grimmsnarl
|-damage|p2a: Grimmsnarl|0 fnt
|faint|p2a: Grimmsnarl
|
|upkeep
|
|t:|1760796903
|switch|p2a: Lucario|Lucario, F|100/100
|-item|p2a: Lucario|Air Balloon
|turn|6
|
|t:|1760796907
|-terastallize|p2a: Lucario|Normal
|move|p2a: Lucario|Extreme Speed|p1a: Ogerpon
|-damage|p1a: Ogerpon|44/100
|move|p1a: Ogerpon|Ivy Cudgel|p2a: Lucario|[anim] Ivy Cudgel Water
|-crit|p2a: Lucario
|-damage|p2a: Lucario|0 fnt
|-enditem|p2a: Lucario|Air Balloon
|faint|p2a: Lucario
|
|upkeep
|
|t:|1760796909
|switch|p2a: Great Tusk|Great Tusk, shiny|100/100
|-enditem|p2a: Great Tusk|Booster Energy
|-activate|p2a: Great Tusk|ability: Protosynthesis|[fromitem]
|-start|p2a: Great Tusk|protosynthesisspe
|turn|7
|
|t:|1760796912
|move|p2a: Great Tusk|Stone Edge|p1a: Ogerpon|[miss]
|-miss|p2a: Great Tusk|p1a: Ogerpon
|move|p1a: Ogerpon|Horn Leech|p2a: Great Tusk
|-supereffective|p2a: Great Tusk
|-damage|p2a: Great Tusk|0 fnt
|-heal|p1a: Ogerpon|100/100|[from] drain|[of] p2a: Great Tusk
|faint|p2a: Great Tusk
|-end|p2a: Great Tusk|Protosynthesis|[silent]
|
|-end|p1a: Ogerpon|move: Taunt
|upkeep
|-message|james2341 forfeited.
|
|win|Rising Ursaring
|raw|Rising Ursaring's rating: 1506 &rarr; <strong>1527</strong><br />(+21 for winning)
|raw|james2341's rating: 1520 &rarr; <strong>1499</strong><br />(-21 for losing)
|l|☆james2341
|player|p2|
|l|☆Rising Ursaring
|player|p1|
