|j|☆elite four jesus
|j|☆Pixeled One
|t:|1760742764
|gametype|singles
|player|p1|elite four jesus|musician|1131
|player|p2|Pixeled One|flint|1174
|gen|9
|tier|[Gen 9] OU
|rated|
|rule|HP Percentage Mod: HP is shown in percentages
|rule|Endless Battle Clause: Forcing endless battles is banned
|rule|Species Clause: Limit one of each Pokémon
|rule|OHKO Clause: OHKO moves are banned
|rule|Evasion Items Clause: Evasion items are banned
|rule|Evasion Moves Clause: Evasion moves are banned
|rule|Evasion Abilities Clause: Evasion abilities are banned
|rule|Sleep Moves Clause: Sleep-inducing moves are banned
|clearpoke
|poke|p1|Kyurem|
|poke|p1|Slowking-Galar, F|
|poke|p1|Ogerpon-Wellspring, F|
|poke|p1|Kingambit, F|
|poke|p1|Persian, F|
|poke|p1|Great Tusk|
|poke|p2|Torkoal, F|
|poke|p2|Scovillain, F|
|poke|p2|Walking Wake|
|poke|p2|Hatterene, F|
|poke|p2|Great Tusk|
|poke|p2|Ceruledge, M|
|teampreview
|
|t:|1760742768
|teamsize|p1|6
|teamsize|p2|6
|start
|switch|p1a: pokemon isnt dead|Persian, F, shiny|100/100
|switch|p2a: Torkoal|Torkoal, F|100/100
|-weather|SunnyDay|[from] ability: Drought|[of] p2a: Torkoal
|turn|1
|
|t:|1760742776
|switch|p2a: Hatterene|Hatterene, F, shiny|100/100
|move|p1a: pokemon isnt dead|Fake Out|p2a: Hatterene
|-damage|p2a: Hatterene|80/100
|-enditem|p2a: Hatterene|Eject Button
|
|t:|1760742783
|switch|p2a: Scovillain|Scovillain, F|100/100
|
|-weather|SunnyDay|[upkeep]
|upkeep
|turn|2
|
|t:|1760742793
|move|p2a: Scovillain|Giga Drain|p1a: pokemon isnt dead
|-damage|p1a: pokemon isnt dead|25/100
|-damage|p2a: Scovillain|91/100|[from] item: Life Orb
|move|p1a: pokemon isnt dead|U-turn|p2a: Scovillain
|-damage|p2a: Scovillain|61/100
|
|t:|1760742801
|switch|p1a: POKEMON IS DEAD|Ogerpon-Wellspring, F|100/100|[from] U-turn
|
|-weather|SunnyDay|[upkeep]
|upkeep
|turn|3
|
|t:|1760742848
|move|p2a: Scovillain|Flamethrower|p1a: POKEMON IS DEAD
|-damage|p1a: POKEMON IS DEAD|11/100
|-status|p1a: POKEMON IS DEAD|brn
|-damage|p2a: Scovillain|51/100|[from] item: Life Orb
|move|p1a: POKEMON IS DEAD|U-turn|p2a: Scovillain
|-damage|p2a: Scovillain|27/100
|
|t:|1760742857
|switch|p1a: pokemon isnt dead|Persian, F, shiny|25/100|[from] U-turn
|
|-weather|SunnyDay|[upkeep]
|upkeep
|turn|4
|
|t:|1760742863
|move|p1a: pokemon isnt dead|Fake Out|p2a: Scovillain
|-damage|p2a: Scovillain|0 fnt
|faint|p2a: Scovillain
|
|-weather|SunnyDay|[upkeep]
|upkeep
|
|t:|1760742872
|switch|p2a: Don|Great Tusk, shiny|100/100
|-activate|p2a: Don|ability: Protosynthesis
|-start|p2a: Don|protosynthesisatk
|turn|5
|
|t:|1760742879
|move|p1a: pokemon isnt dead|Taunt|p2a: Don
|-start|p2a: Don|move: Taunt
|move|p2a: Don|Headlong Rush|p1a: pokemon isnt dead
|-damage|p1a: pokemon isnt dead|0 fnt
|-unboost|p2a: Don|def|1
|-unboost|p2a: Don|spd|1
|faint|p1a: pokemon isnt dead
|
|-weather|SunnyDay|[upkeep]
|upkeep
|
|t:|1760742889
|switch|p1a: POKEMON IS DEAD|Ogerpon-Wellspring, F|11/100 brn
|turn|6
|
|t:|1760742894
|-end|p2a: Don|Protosynthesis|[silent]
|switch|p2a: Walking Wake|Walking Wake|100/100
|-activate|p2a: Walking Wake|ability: Protosynthesis
|-start|p2a: Walking Wake|protosynthesisspa
|move|p1a: POKEMON IS DEAD|Horn Leech|p2a: Walking Wake
|-crit|p2a: Walking Wake
|-damage|p2a: Walking Wake|67/100
|-heal|p1a: POKEMON IS DEAD|30/100 brn|[from] drain|[of] p2a: Walking Wake
|
|-weather|SunnyDay|[upkeep]
|-damage|p1a: POKEMON IS DEAD|24/100 brn|[from] brn
|upkeep
|turn|7
|
|t:|1760742915
|-terastallize|p2a: Walking Wake|Water
|move|p1a: POKEMON IS DEAD|Horn Leech|p2a: Walking Wake
|-supereffective|p2a: Walking Wake
|-damage|p2a: Walking Wake|18/100
|-heal|p1a: POKEMON IS DEAD|51/100 brn|[from] drain|[of] p2a: Walking Wake
|move|p2a: Walking Wake|Dragon Pulse|p1a: POKEMON IS DEAD
|-damage|p1a: POKEMON IS DEAD|0 fnt
|faint|p1a: POKEMON IS DEAD
|
|-weather|SunnyDay|[upkeep]
|upkeep
|
|t:|1760742928
|switch|p1a: POKEMON IS D3AD|Slowking-Galar, F|100/100
|turn|8
|
|t:|1760742933
|-end|p2a: Walking Wake|Protosynthesis|[silent]
|switch|p2a: Hatterene|Hatterene, F, shiny|80/100
|move|p1a: POKEMON IS D3AD|Thunder Wave|p2a: Hatterene
|move|p2a: Hatterene|Thunder Wave|p1a: POKEMON IS D3AD|[from] ability: Magic Bounce
|-status|p1a: POKEMON IS D3AD|par
|
|-weather|none
|upkeep
|turn|9
|
|t:|1760742944
|move|p2a: Hatterene|Healing Wish|p2a: Hatterene
|faint|p2a: Hatterene
|move|p1a: POKEMON IS D3AD|Future Sight|p2: Hatterene
|-start|p1a: POKEMON IS D3AD|move: Future Sight
|
|upkeep
|
|t:|1760742948
|switch|p2a: Walking Wake|Walking Wake, tera:Water|18/100
|-heal|p2a: Walking Wake|100/100|[from] move: Healing Wish
|turn|10
|
|t:|1760742954
|-end|p2a: Walking Wake|Protosynthesis|[silent]
|switch|p2a: Torkoal|Torkoal, F|100/100
|-weather|SunnyDay|[from] ability: Drought|[of] p2a: Torkoal
|move|p1a: POKEMON IS D3AD|Thunder Wave|p2a: Torkoal
|-status|p2a: Torkoal|par
|
|-weather|SunnyDay|[upkeep]
|upkeep
|turn|11
|
|t:|1760742963
|-prepare|p1a: POKEMON IS D3AD|Chilly Reception|[premajor]
|move|p1a: POKEMON IS D3AD|Chilly Reception|p1a: POKEMON IS D3AD
|-weather|Snowscape
|
|t:|1760742967
|switch|p1a: PHO-KEMON IS DEAD|Kyurem, shiny|100/100|[from] Chilly Reception
|-ability|p1a: PHO-KEMON IS DEAD|Pressure
|move|p2a: Torkoal|Stealth Rock|p1a: PHO-KEMON IS DEAD
|-sidestart|p1: elite four jesus|move: Stealth Rock
|
|-weather|Snowscape|[upkeep]
|-end|p2a: Torkoal|move: Future Sight
|-damage|p2a: Torkoal|30/100 par
|upkeep
|turn|12
|
|t:|1760742981
|switch|p2a: Don|Great Tusk, shiny|100/100
|move|p1a: PHO-KEMON IS DEAD|Substitute|p1a: PHO-KEMON IS DEAD
|-start|p1a: PHO-KEMON IS DEAD|Substitute
|-damage|p1a: PHO-KEMON IS DEAD|76/100
|
|-weather|Snowscape|[upkeep]
|upkeep
|turn|13
|
|t:|1760742989
|move|p1a: PHO-KEMON IS DEAD|Ice Beam|p2a: Don
|-supereffective|p2a: Don
|-damage|p2a: Don|0 fnt
|faint|p2a: Don
|-end|p2a: Don|Protosynthesis|[silent]
|
|-weather|Snowscape|[upkeep]
|upkeep
|
|t:|1760742996
|switch|p2a: Torkoal|Torkoal, F|30/100 par
|-weather|SunnyDay|[from] ability: Drought|[of] p2a: Torkoal
|turn|14
|
|t:|1760743000
|move|p1a: PHO-KEMON IS DEAD|Earth Power|p2a: Torkoal
|-supereffective|p2a: Torkoal
|-damage|p2a: Torkoal|0 fnt
|faint|p2a: Torkoal
|
|-weather|SunnyDay|[upkeep]
|upkeep
|
|t:|1760743007
|switch|p2a: Ceruledge|Ceruledge, M|100/100
|turn|15
|
|t:|1760743013
|move|p1a: PHO-KEMON IS DEAD|Earth Power|p2a: Ceruledge
|-supereffective|p2a: Ceruledge
|-damage|p2a: Ceruledge|30/100
|move|p2a: Ceruledge|Bitter Blade|p1a: PHO-KEMON IS DEAD
|-end|p1a: PHO-KEMON IS DEAD|Substitute
|-heal|p2a: Ceruledge|47/100|[from] drain|[of] p1a: PHO-KEMON IS DEAD
|
|-weather|SunnyDay|[upkeep]
|upkeep
|turn|16
|
|t:|1760743024
|move|p2a: Ceruledge|Shadow Sneak|p1a: PHO-KEMON IS DEAD
|-damage|p1a: PHO-KEMON IS DEAD|52/100
|move|p1a: PHO-KEMON IS DEAD|Earth Power|p2a: Ceruledge
|-supereffective|p2a: Ceruledge
|-damage|p2a: Ceruledge|0 fnt
|faint|p2a: Ceruledge
|
|-weather|SunnyDay|[upkeep]
|upkeep
|
|t:|1760743033
|switch|p2a: Walking Wake|Walking Wake, tera:Water|100/100
|-activate|p2a: Walking Wake|ability: Protosynthesis
|-start|p2a: Walking Wake|protosynthesisspa
|turn|17
|
|t:|1760743039
|move|p1a: PHO-KEMON IS DEAD|Freeze-Dry|p2a: Walking Wake
|-supereffective|p2a: Walking Wake
|-damage|p2a: Walking Wake|20/100
|move|p2a: Walking Wake|Draco Meteor|p1a: PHO-KEMON IS DEAD
|-supereffective|p1a: PHO-KEMON IS DEAD
|-damage|p1a: PHO-KEMON IS DEAD|0 fnt
|-unboost|p2a: Walking Wake|spa|2
|faint|p1a: PHO-KEMON IS DEAD
|
|-weather|SunnyDay|[upkeep]
|upkeep
|
|t:|1760743048
|switch|p1a: POKEMON IS D3AD|Slowking-Galar, F|100/100 par
|turn|18
|-message|Pixeled One forfeited.
|
|win|elite four jesus
|raw|elite four jesus's rating: 1131 &rarr; <strong>1159</strong><br />(+28 for winning)
|raw|Pixeled One's rating: 1174 &rarr; <strong>1146</strong><br />(-28 for losing)
|l|☆Pixeled One
|player|p2|
|l|☆elite four jesus
|player|p1|
