|j|☆ThegreatHK
|j|☆liam2803
|t:|1760762333
|gametype|singles
|player|p1|ThegreatHK|unknown|1322
|player|p2|liam2803|2|1322
|gen|9
|tier|[Gen 9] OU
|rated|
|rule|HP Percentage Mod: HP is shown in percentages
|rule|Endless Battle Clause: Forcing endless battles is banned
|rule|Species Clause: Limit one of each Pokémon
|rule|OHKO Clause: OHKO moves are banned
|rule|Evasion Items Clause: Evasion items are banned
|rule|Evasion Moves Clause: Evasion moves are banned
|rule|Evasion Abilities Clause: Evasion abilities are banned
|rule|Sleep Moves Clause: Sleep-inducing moves are banned
|clearpoke
|poke|p1|Meowscarada, M|
|poke|p1|Zapdos-Galar|
|poke|p1|Iron Treads|
|poke|p1|Slowking-Galar, M|
|poke|p1|Garchomp, F|
|poke|p1|Polteageist|
|poke|p2|Moltres|
|poke|p2|Iron Hands|
|poke|p2|Iron Treads|
|poke|p2|Pecharunt|
|poke|p2|Meowscarada, F|
|poke|p2|Toxapex, F|
|teampreview
|inactive|Battle timer is ON: inactive players will automatically lose when time's up. (requested by ThegreatHK)
|
|t:|1760762357
|teamsize|p1|6
|teamsize|p2|6
|start
|switch|p1a: Garchomp|Garchomp, F|100/100
|switch|p2a: Meowscarada|Meowscarada, F, shiny|100/100
|turn|1
|
|t:|1760762362
|move|p2a: Meowscarada|Play Rough|p1a: Garchomp
|-start|p2a: Meowscarada|typechange|Fairy|[from] ability: Protean
|-supereffective|p1a: Garchomp
|-damage|p1a: Garchomp|52/100
|-damage|p2a: Meowscarada|88/100|[from] ability: Rough Skin|[of] p1a: Garchomp
|-damage|p2a: Meowscarada|72/100|[from] item: Rocky Helmet|[of] p1a: Garchomp
|move|p1a: Garchomp|Spikes|p2a: Meowscarada
|-sidestart|p2: liam2803|Spikes
|
|upkeep
|turn|2
|
|t:|1760762378
|switch|p1a: Slowking|Slowking-Galar, M|100/100
|move|p2a: Meowscarada|Play Rough|p1a: Slowking|[miss]
|-miss|p2a: Meowscarada|p1a: Slowking
|
|upkeep
|turn|3
|
|t:|1760762385
|switch|p2a: Iron Treads|Iron Treads, shiny|100/100
|-damage|p2a: Iron Treads|88/100|[from] Spikes
|-enditem|p2a: Iron Treads|Booster Energy
|-activate|p2a: Iron Treads|ability: Quark Drive|[fromitem]
|-start|p2a: Iron Treads|quarkdrivespe
|move|p1a: Slowking|Flamethrower|p2a: Iron Treads
|-supereffective|p2a: Iron Treads
|-damage|p2a: Iron Treads|2/100
|
|upkeep
|turn|4
|
|t:|1760762394
|move|p2a: Iron Treads|Knock Off|p1a: Slowking
|-supereffective|p1a: Slowking
|-damage|p1a: Slowking|40/100
|-enditem|p1a: Slowking|Assault Vest|[from] move: Knock Off|[of] p2a: Iron Treads
|move|p1a: Slowking|Flamethrower|p2a: Iron Treads
|-supereffective|p2a: Iron Treads
|-damage|p2a: Iron Treads|0 fnt
|faint|p2a: Iron Treads
|-end|p2a: Iron Treads|Quark Drive|[silent]
|
|upkeep
|
|t:|1760762403
|switch|p2a: Meowscarada|Meowscarada, F, shiny|72/100
|-damage|p2a: Meowscarada|60/100|[from] Spikes
|turn|5
|
|t:|1760762411
|switch|p1a: Garchomp|Garchomp, F|52/100
|move|p2a: Meowscarada|Play Rough|p1a: Garchomp
|-start|p2a: Meowscarada|typechange|Fairy|[from] ability: Protean
|-supereffective|p1a: Garchomp
|-damage|p1a: Garchomp|3/100
|-damage|p2a: Meowscarada|47/100|[from] ability: Rough Skin|[of] p1a: Garchomp
|-damage|p2a: Meowscarada|31/100|[from] item: Rocky Helmet|[of] p1a: Garchomp
|
|upkeep
|turn|6
|
|t:|1760762421
|switch|p1a: Slowking|Slowking-Galar, M|73/100
|move|p2a: Meowscarada|Play Rough|p1a: Slowking
|-resisted|p1a: Slowking
|-damage|p1a: Slowking|50/100
|
|upkeep
|turn|7
|
|t:|1760762430
|switch|p2a: Pecharunt|Pecharunt|100/100
|-damage|p2a: Pecharunt|88/100|[from] Spikes
|move|p1a: Slowking|Sludge Bomb|p2a: Pecharunt
|-resisted|p2a: Pecharunt
|-damage|p2a: Pecharunt|77/100
|
|-heal|p2a: Pecharunt|83/100|[from] item: Leftovers
|upkeep
|turn|8
|
|t:|1760762440
|switch|p1a: Garchomp|Garchomp, F|3/100
|move|p2a: Pecharunt|Shadow Ball|p1a: Garchomp
|-damage|p1a: Garchomp|0 fnt
|faint|p1a: Garchomp
|
|-heal|p2a: Pecharunt|89/100|[from] item: Leftovers
|upkeep
|
|t:|1760762455
|switch|p1a: Polteageist|Polteageist|100/100
|turn|9
|
|t:|1760762459
|move|p1a: Polteageist|Shell Smash|p1a: Polteageist
|-unboost|p1a: Polteageist|def|1
|-unboost|p1a: Polteageist|spd|1
|-boost|p1a: Polteageist|atk|2
|-boost|p1a: Polteageist|spa|2
|-boost|p1a: Polteageist|spe|2
|move|p2a: Pecharunt|Shadow Ball|p1a: Polteageist
|-supereffective|p1a: Polteageist
|-damage|p1a: Polteageist|19/100
|-unboost|p1a: Polteageist|spd|1
|
|-heal|p2a: Pecharunt|95/100|[from] item: Leftovers
|upkeep
|turn|10
|
|t:|1760762469
|move|p1a: Polteageist|Shadow Ball|p2a: Pecharunt
|-supereffective|p2a: Pecharunt
|-damage|p2a: Pecharunt|0 fnt
|faint|p2a: Pecharunt
|
|upkeep
|
|t:|1760762474
|switch|p2a: Meowscarada|Meowscarada, F, shiny|31/100
|-damage|p2a: Meowscarada|19/100|[from] Spikes
|turn|11
|
|t:|1760762497
|move|p2a: Meowscarada|Knock Off|p1a: Polteageist
|-start|p2a: Meowscarada|typechange|Dark|[from] ability: Protean
|-supereffective|p1a: Polteageist
|-damage|p1a: Polteageist|0 fnt
|-enditem|p1a: Polteageist|Focus Sash|[from] move: Knock Off|[of] p2a: Meowscarada
|faint|p1a: Polteageist
|
|upkeep
|
|t:|1760762509
|switch|p1a: Meowscarada|Meowscarada, M|100/100
|turn|12
|
|t:|1760762512
|switch|p2a: Moltres|Moltres, shiny|100/100
|move|p1a: Meowscarada|U-turn|p2a: Moltres
|-start|p1a: Meowscarada|typechange|Bug|[from] ability: Protean
|-resisted|p2a: Moltres
|-damage|p2a: Moltres|95/100
|
|t:|1760762525
|switch|p1a: Slowking|Slowking-Galar, M|84/100|[from] U-turn
|
|upkeep
|turn|13
|
|t:|1760762530
|move|p2a: Moltres|Scorching Sands|p1a: Slowking
|-supereffective|p1a: Slowking
|-damage|p1a: Slowking|56/100
|move|p1a: Slowking|Sludge Bomb|p2a: Moltres
|-damage|p2a: Moltres|52/100
|
|upkeep
|turn|14
|
|t:|1760762540
|switch|p2a: Toxapex|Toxapex, F, shiny|100/100
|-damage|p2a: Toxapex|88/100|[from] Spikes
|move|p1a: Slowking|Psyshock|p2a: Toxapex
|-supereffective|p2a: Toxapex
|-damage|p2a: Toxapex|34/100
|
|-heal|p2a: Toxapex|40/100|[from] item: Black Sludge
|upkeep
|turn|15
|
|t:|1760762550
|switch|p2a: Meowscarada|Meowscarada, F, shiny|19/100
|-damage|p2a: Meowscarada|6/100|[from] Spikes
|move|p1a: Slowking|Psyshock|p2a: Meowscarada
|-immune|p2a: Meowscarada
|
|upkeep
|turn|16
|
|t:|1760762558
|move|p2a: Meowscarada|Knock Off|p1a: Slowking
|-start|p2a: Meowscarada|typechange|Dark|[from] ability: Protean
|-supereffective|p1a: Slowking
|-damage|p1a: Slowking|0 fnt
|faint|p1a: Slowking
|
|upkeep
|
|t:|1760762562
|switch|p1a: Meowscarada|Meowscarada, M|100/100
|turn|17
|
|t:|1760762568
|move|p1a: Meowscarada|Flower Trick|p2a: Meowscarada
|-start|p1a: Meowscarada|typechange|Grass|[from] ability: Protean
|-crit|p2a: Meowscarada
|-damage|p2a: Meowscarada|0 fnt
|faint|p2a: Meowscarada
|
|upkeep
|
|t:|1760762584
|switch|p2a: Toxapex|Toxapex, F, shiny|74/100
|-damage|p2a: Toxapex|61/100|[from] Spikes
|turn|18
|
|t:|1760762587
|move|p2a: Toxapex|Baneful Bunker|p2a: Toxapex
|-singleturn|p2a: Toxapex|move: Protect
|move|p1a: Meowscarada|Flower Trick|p2a: Toxapex
|-activate|p2a: Toxapex|move: Protect
|
|-heal|p2a: Toxapex|67/100|[from] item: Black Sludge
|upkeep
|turn|19
|
|t:|1760762595
|move|p1a: Meowscarada|Flower Trick|p2a: Toxapex
|-crit|p2a: Toxapex
|-damage|p2a: Toxapex|31/100
|move|p2a: Toxapex|Toxic|p1a: Meowscarada
|-status|p1a: Meowscarada|tox
|
|-heal|p2a: Toxapex|37/100|[from] item: Black Sludge
|-damage|p1a: Meowscarada|94/100 tox|[from] psn
|upkeep
|turn|20
|
|t:|1760762604
|move|p1a: Meowscarada|Flower Trick|p2a: Toxapex
|-crit|p2a: Toxapex
|-damage|p2a: Toxapex|1/100
|move|p2a: Toxapex|Recover|p2a: Toxapex
|-heal|p2a: Toxapex|51/100
|
|-heal|p2a: Toxapex|57/100|[from] item: Black Sludge
|-damage|p1a: Meowscarada|82/100 tox|[from] psn
|upkeep
|turn|21
|
|t:|1760762613
|switch|p1a: Iron Treads|Iron Treads|100/100
|-enditem|p1a: Iron Treads|Booster Energy
|-activate|p1a: Iron Treads|ability: Quark Drive|[fromitem]
|-start|p1a: Iron Treads|quarkdrivespe
|move|p2a: Toxapex|Baneful Bunker||[still]
|-fail|p2a: Toxapex
|
|-heal|p2a: Toxapex|64/100|[from] item: Black Sludge
|upkeep
|turn|22
|
|t:|1760762621
|move|p1a: Iron Treads|Earth Power|p2a: Toxapex
|-supereffective|p2a: Toxapex
|-damage|p2a: Toxapex|25/100
|move|p2a: Toxapex|Surf|p1a: Iron Treads
|-supereffective|p1a: Iron Treads
|-damage|p1a: Iron Treads|46/100
|
|-heal|p2a: Toxapex|32/100|[from] item: Black Sludge
|upkeep
|turn|23
|
|t:|1760762628
|move|p2a: Toxapex|Baneful Bunker|p2a: Toxapex
|-singleturn|p2a: Toxapex|move: Protect
|move|p1a: Iron Treads|Steel Beam|p2a: Toxapex
|-activate|p2a: Toxapex|move: Protect
|-damage|p1a: Iron Treads|0 fnt|[from] steelbeam
|faint|p1a: Iron Treads
|-end|p1a: Iron Treads|Quark Drive|[silent]
|
|-heal|p2a: Toxapex|38/100|[from] item: Black Sludge
|upkeep
|
|t:|1760762632
|switch|p1a: Zapdos|Zapdos-Galar|100/100
|turn|24
|
|t:|1760762638
|move|p1a: Zapdos|Brave Bird|p2a: Toxapex
|-damage|p2a: Toxapex|0 fnt
|faint|p2a: Toxapex
|-damage|p1a: Zapdos|89/100|[from] Recoil
|
|upkeep
|
|t:|1760762657
|switch|p2a: Iron Hands|Iron Hands, shiny|100/100
|-damage|p2a: Iron Hands|88/100|[from] Spikes
|turn|25
|
|t:|1760762675
|-terastallize|p1a: Zapdos|Flying
|-terastallize|p2a: Iron Hands|Flying
|move|p1a: Zapdos|Brave Bird|p2a: Iron Hands
|-damage|p2a: Iron Hands|6/100
|-damage|p1a: Zapdos|51/100|[from] Recoil
|move|p2a: Iron Hands|Thunder Punch|p1a: Zapdos
|-supereffective|p1a: Zapdos
|-damage|p1a: Zapdos|0 fnt
|faint|p1a: Zapdos
|
|upkeep
|
|t:|1760762683
|switch|p1a: Meowscarada|Meowscarada, M|82/100 tox
|turn|26
|
|t:|1760762690
|move|p1a: Meowscarada|Knock Off|p2a: Iron Hands
|-start|p1a: Meowscarada|typechange|Dark|[from] ability: Protean
|-damage|p2a: Iron Hands|0 fnt
|-enditem|p2a: Iron Hands|Punching Glove|[from] move: Knock Off|[of] p1a: Meowscarada
|faint|p2a: Iron Hands
|-end|p2a: Iron Hands|Quark Drive|[silent]
|
|-damage|p1a: Meowscarada|76/100 tox|[from] psn
|upkeep
|
|t:|1760762697
|switch|p2a: Moltres|Moltres, shiny|52/100
|turn|27
|
|t:|1760762701
|move|p1a: Meowscarada|Knock Off|p2a: Moltres
|-damage|p2a: Moltres|21/100
|-enditem|p2a: Moltres|Heavy-Duty Boots|[from] move: Knock Off|[of] p1a: Meowscarada
|move|p2a: Moltres|Roost|p2a: Moltres
|-heal|p2a: Moltres|71/100
|-singleturn|p2a: Moltres|move: Roost
|
|-damage|p1a: Meowscarada|64/100 tox|[from] psn
|upkeep
|turn|28
|
|t:|1760762712
|move|p1a: Meowscarada|Knock Off|p2a: Moltres
|-damage|p2a: Moltres|51/100
|move|p2a: Moltres|Roost|p2a: Moltres
|-heal|p2a: Moltres|100/100
|-singleturn|p2a: Moltres|move: Roost
|
|-damage|p1a: Meowscarada|45/100 tox|[from] psn
|upkeep
|turn|29
|c|☆ThegreatHK|gg
|
|t:|1760762719
|move|p1a: Meowscarada|Knock Off|p2a: Moltres
|-damage|p2a: Moltres|79/100
|move|p2a: Moltres|Flamethrower|p1a: Meowscarada
|-crit|p1a: Meowscarada
|-damage|p1a: Meowscarada|0 fnt
|faint|p1a: Meowscarada
|
|win|liam2803
|raw|ThegreatHK's rating: 1322 &rarr; <strong>1302</strong><br />(-20 for losing)
|raw|liam2803's rating: 1322 &rarr; <strong>1342</strong><br />(+20 for winning)
|l|☆liam2803
|player|p2|
|l|☆ThegreatHK
|player|p1|
