|j|☆go b3yond
|j|☆gokubatman2
|t:|1760723853
|gametype|singles
|player|p1|go b3yond|waiter-gen4dp|1544
|player|p2|gokubatman2|bruno|1563
|gen|9
|tier|[Gen 9] OU
|rated|
|rule|HP Percentage Mod: HP is shown in percentages
|rule|Endless Battle Clause: Forcing endless battles is banned
|rule|Species Clause: Limit one of each Pokémon
|rule|OHKO Clause: OHKO moves are banned
|rule|Evasion Items Clause: Evasion items are banned
|rule|Evasion Moves Clause: Evasion moves are banned
|rule|Evasion Abilities Clause: Evasion abilities are banned
|rule|Sleep Moves Clause: Sleep-inducing moves are banned
|clearpoke
|poke|p1|Torkoal, F|
|poke|p1|Brute Bonnet|
|poke|p1|Walking Wake|
|poke|p1|Hatterene, F|
|poke|p1|Thundurus-Therian, M|
|poke|p1|Ceruledge, F|
|poke|p2|Gholdengo|
|poke|p2|Great Tusk|
|poke|p2|Clefable, F|
|poke|p2|Ogerpon-Wellspring, F|
|poke|p2|Ceruledge, F|
|poke|p2|Dragonite, M|
|teampreview
|inactive|Battle timer is ON: inactive players will automatically lose when time's up. (requested by gokubatman2)
|l|☆gokubatman2
|inactive|gokubatman2 disconnected and has a minute to reconnect!
|player|p2|
|inactive|go b3yond has 120 seconds left.
|
|t:|1760723888
|teamsize|p1|6
|teamsize|p2|6
|start
|switch|p1a: Great Bait|Torkoal, F, shiny|100/100
|switch|p2a: Ogerpon|Ogerpon-Wellspring, F|100/100
|-weather|SunnyDay|[from] ability: Drought|[of] p1a: Great Bait
|turn|1
|j|☆gokubatman2
|inactive|gokubatman2 reconnected and has 145 seconds left.
|player|p2|gokubatman2|bruno|
|
|t:|1760723901
|switch|p1a: Witch|Hatterene, F, shiny|100/100
|move|p2a: Ogerpon|Knock Off|p1a: Witch
|-damage|p1a: Witch|63/100
|-enditem|p1a: Witch|Eject Button|[from] move: Knock Off|[of] p2a: Ogerpon
|
|-weather|SunnyDay|[upkeep]
|upkeep
|turn|2
|
|t:|1760723909
|move|p2a: Ogerpon|U-turn|p1a: Witch
|-damage|p1a: Witch|39/100
|
|t:|1760723920
|switch|p2a: Clefable|Clefable, F|100/100|[from] U-turn
|move|p1a: Witch|Nuzzle|p2a: Clefable
|-damage|p2a: Clefable|97/100
|-status|p2a: Clefable|par
|
|-weather|SunnyDay|[upkeep]
|-damage|p1a: Witch|27/100|[from] item: Sticky Barb
|upkeep
|turn|3
|
|t:|1760723944
|move|p1a: Witch|Psychic Noise|p2a: Clefable
|-damage|p2a: Clefable|65/100 par
|-start|p2a: Clefable|move: Heal Block
|cant|p2a: Clefable|par
|
|-weather|SunnyDay|[upkeep]
|-damage|p1a: Witch|15/100|[from] item: Sticky Barb
|upkeep
|turn|4
|inactive|go b3yond has 120 seconds left.
|
|t:|1760723972
|move|p1a: Witch|Healing Wish|p1a: Witch
|faint|p1a: Witch
|cant|p2a: Clefable|par
|
|-weather|SunnyDay|[upkeep]
|-end|p2a: Clefable|move: Heal Block
|upkeep
|
|t:|1760724001
|switch|p1a: Storm|Thundurus-Therian, M|100/100
|turn|5
|
|t:|1760724009
|move|p1a: Storm|Weather Ball|p2a: Clefable
|-damage|p2a: Clefable|0 fnt
|faint|p2a: Clefable
|
|-weather|SunnyDay|[upkeep]
|upkeep
|inactive|gokubatman2 has 120 seconds left.
|
|t:|1760724041
|switch|p2a: Ogerpon|Ogerpon-Wellspring, F|100/100
|turn|6
|
|t:|1760724045
|move|p2a: Ogerpon|Spikes|p1a: Storm
|-sidestart|p1: go b3yond|Spikes
|move|p1a: Storm|Weather Ball|p2a: Ogerpon
|-damage|p2a: Ogerpon|0 fnt
|faint|p2a: Ogerpon
|
|-weather|SunnyDay|[upkeep]
|upkeep
|
|t:|1760724054
|switch|p2a: Dragonite|Dragonite, M|100/100
|turn|7
|
|t:|1760724058
|move|p1a: Storm|Weather Ball|p2a: Dragonite
|-resisted|p2a: Dragonite
|-damage|p2a: Dragonite|86/100
|move|p2a: Dragonite|Dragon Dance|p2a: Dragonite
|-boost|p2a: Dragonite|atk|1
|-boost|p2a: Dragonite|spe|1
|
|-weather|SunnyDay|[upkeep]
|upkeep
|turn|8
|
|t:|1760724067
|move|p2a: Dragonite|Dragon Dance|p2a: Dragonite
|-boost|p2a: Dragonite|atk|1
|-boost|p2a: Dragonite|spe|1
|move|p1a: Storm|Weather Ball|p2a: Dragonite
|-resisted|p2a: Dragonite
|-damage|p2a: Dragonite|57/100
|
|-weather|none
|upkeep
|turn|9
|
|t:|1760724083
|switch|p1a: Great Bait|Torkoal, F, shiny|100/100
|-damage|p1a: Great Bait|88/100|[from] Spikes
|-weather|SunnyDay|[from] ability: Drought|[of] p1a: Great Bait
|move|p2a: Dragonite|Dragon Dance|p2a: Dragonite
|-boost|p2a: Dragonite|atk|1
|-boost|p2a: Dragonite|spe|1
|
|-weather|SunnyDay|[upkeep]
|upkeep
|turn|10
|
|t:|1760724093
|move|p2a: Dragonite|Earthquake|p1a: Great Bait
|-supereffective|p1a: Great Bait
|-damage|p1a: Great Bait|0 fnt
|faint|p1a: Great Bait
|
|-weather|SunnyDay|[upkeep]
|upkeep
|
|t:|1760724105
|switch|p1a: Knight|Ceruledge, F|100/100
|-damage|p1a: Knight|88/100|[from] Spikes
|turn|11
|
|t:|1760724113
|move|p1a: Knight|Shadow Sneak|p2a: Dragonite
|-damage|p2a: Dragonite|37/100
|move|p2a: Dragonite|Earthquake|p1a: Knight
|-supereffective|p1a: Knight
|-damage|p1a: Knight|0 fnt
|faint|p1a: Knight
|
|-weather|SunnyDay|[upkeep]
|upkeep
|
|t:|1760724118
|switch|p1a: BRUTE FORCE|Brute Bonnet|100/100
|-damage|p1a: BRUTE FORCE|88/100|[from] Spikes
|-activate|p1a: BRUTE FORCE|ability: Protosynthesis
|-start|p1a: BRUTE FORCE|protosynthesisatk
|turn|12
|
|t:|1760724147
|-terastallize|p2a: Dragonite|Fairy
|move|p1a: BRUTE FORCE|Sucker Punch|p2a: Dragonite
|-resisted|p2a: Dragonite
|-damage|p2a: Dragonite|14/100
|move|p2a: Dragonite|Tera Blast|p1a: BRUTE FORCE|[anim] Tera Blast Fairy
|-supereffective|p1a: BRUTE FORCE
|-damage|p1a: BRUTE FORCE|0 fnt
|faint|p1a: BRUTE FORCE
|-end|p1a: BRUTE FORCE|Protosynthesis|[silent]
|
|-weather|SunnyDay|[upkeep]
|upkeep
|-message|go b3yond forfeited.
|
|win|gokubatman2
|raw|go b3yond's rating: 1544 &rarr; <strong>1525</strong><br />(-19 for losing)
|raw|gokubatman2's rating: 1563 &rarr; <strong>1582</strong><br />(+19 for winning)
|l|☆go b3yond
|player|p1|
|l|☆gokubatman2
|player|p2|
