|j|☆ioalla
|j|☆adv 1v1
|t:|1760819576
|gametype|singles
|player|p1|ioalla|101|1540
|player|p2|adv 1v1|lisia|1600
|gen|9
|tier|[Gen 9] OU
|rated|
|rule|HP Percentage Mod: HP is shown in percentages
|rule|Endless Battle Clause: Forcing endless battles is banned
|rule|Species Clause: Limit one of each Pokémon
|rule|OHKO Clause: OHKO moves are banned
|rule|Evasion Items Clause: Evasion items are banned
|rule|Evasion Moves Clause: Evasion moves are banned
|rule|Evasion Abilities Clause: Evasion abilities are banned
|rule|Sleep Moves Clause: Sleep-inducing moves are banned
|clearpoke
|poke|p1|Dondozo, F|
|poke|p1|Blissey, F|
|poke|p1|Corviknight, M|
|poke|p1|Weezing-Galar, F|
|poke|p1|Gliscor, F|
|poke|p1|Toxapex, M|
|poke|p2|Jirachi|
|poke|p2|Ursaluna, F|
|poke|p2|Iron Hands|
|poke|p2|Volcanion|
|poke|p2|Moltres-Galar|
|poke|p2|Rillaboom, M|
|teampreview
|inactive|Battle timer is ON: inactive players will automatically lose when time's up. (requested by adv 1v1)
|
|t:|1760819599
|teamsize|p1|6
|teamsize|p2|6
|start
|switch|p1a: Gliscor|Gliscor, F|100/100
|switch|p2a: Jirachi|Jirachi|100/100
|turn|1
|
|t:|1760819606
|switch|p2a: Volcanion|Volcanion|100/100
|move|p1a: Gliscor|Protect||[still]
|-fail|p1a: Gliscor
|
|-status|p1a: Gliscor|tox|[from] item: Toxic Orb
|upkeep
|turn|2
|
|t:|1760819631
|move|p1a: Gliscor|Earthquake|p2a: Volcanion
|-supereffective|p2a: Volcanion
|-damage|p2a: Volcanion|51/100
|move|p2a: Volcanion|Steam Eruption|p1a: Gliscor
|-supereffective|p1a: Gliscor
|-damage|p1a: Gliscor|0 fnt
|faint|p1a: Gliscor
|
|upkeep
|
|t:|1760819637
|switch|p1a: Blissey|Blissey, F|100/100
|turn|3
|
|t:|1760819648
|switch|p2a: Ursaluna|Ursaluna, F|100/100
|move|p1a: Blissey|Seismic Toss|p2a: Ursaluna
|-damage|p2a: Ursaluna|76/100
|
|-status|p2a: Ursaluna|brn|[from] item: Flame Orb
|upkeep
|turn|4
|
|t:|1760819659
|switch|p1a: Dondozo|Dondozo, F|100/100
|move|p2a: Ursaluna|Supercell Slam|p1a: Dondozo
|-supereffective|p1a: Dondozo
|-damage|p1a: Dondozo|47/100
|
|-heal|p1a: Dondozo|53/100|[from] item: Leftovers
|-damage|p2a: Ursaluna|69/100 brn|[from] brn
|upkeep
|turn|5
|
|t:|1760819665
|move|p2a: Ursaluna|Facade|p1a: Dondozo
|-damage|p1a: Dondozo|1/100
|move|p1a: Dondozo|Rest|p1a: Dondozo
|-status|p1a: Dondozo|slp|[from] move: Rest
|-heal|p1a: Dondozo|100/100 slp|[silent]
|
|-damage|p2a: Ursaluna|63/100 brn|[from] brn
|upkeep
|turn|6
|
|t:|1760819675
|switch|p2a: Iron Hands|Iron Hands|100/100
|-enditem|p2a: Iron Hands|Booster Energy
|-activate|p2a: Iron Hands|ability: Quark Drive|[fromitem]
|-start|p2a: Iron Hands|quarkdriveatk
|switch|p1a: Corviknight|Corviknight, M|100/100
|-ability|p1a: Corviknight|Pressure
|
|upkeep
|turn|7
|
|t:|1760819700
|switch|p1a: Blissey|Blissey, F|100/100
|move|p2a: Iron Hands|Thunder Punch|p1a: Blissey
|-damage|p1a: Blissey|39/100
|
|-heal|p1a: Blissey|45/100|[from] item: Leftovers
|upkeep
|turn|8
|
|t:|1760819708
|switch|p1a: Weezing|Weezing-Galar, F|100/100
|-ability|p1a: Weezing|Neutralizing Gas
|move|p2a: Iron Hands|Thunder Punch|p1a: Weezing
|-damage|p1a: Weezing|72/100
|
|upkeep
|turn|9
|
|t:|1760819717
|move|p1a: Weezing|Will-O-Wisp|p2a: Iron Hands
|-status|p2a: Iron Hands|brn
|move|p2a: Iron Hands|Heavy Slam|p1a: Weezing
|-supereffective|p1a: Weezing
|-crit|p1a: Weezing
|-damage|p1a: Weezing|27/100
|
|-damage|p2a: Iron Hands|94/100 brn|[from] brn
|upkeep
|turn|10
|
|t:|1760819725
|-end|p2a: Iron Hands|Quark Drive|[silent]
|switch|p2a: Volcanion|Volcanion|51/100
|move|p1a: Weezing|Pain Split|p2a: Volcanion
|-sethp|p2a: Volcanion|38/100|[from] move: Pain Split|[silent]
|-sethp|p1a: Weezing|41/100|[from] move: Pain Split
|
|upkeep
|turn|11
|
|t:|1760819734
|-end|p1a: Weezing|ability: Neutralizing Gas
|switch|p1a: Dondozo|Dondozo, F|100/100 slp
|move|p2a: Volcanion|Steam Eruption|p1a: Dondozo
|-resisted|p1a: Dondozo
|-damage|p1a: Dondozo|69/100 slp
|
|-heal|p1a: Dondozo|75/100 slp|[from] item: Leftovers
|upkeep
|turn|12
|
|t:|1760819742
|move|p2a: Volcanion|Sludge Bomb|p1a: Dondozo
|-damage|p1a: Dondozo|41/100 slp
|cant|p1a: Dondozo|slp
|move|p1a: Dondozo|Sleep Talk|p1a: Dondozo
|move|p1a: Dondozo|Avalanche|p2a: Volcanion|[from] move: Sleep Talk
|-resisted|p2a: Volcanion
|-damage|p2a: Volcanion|32/100
|
|-heal|p1a: Dondozo|47/100 slp|[from] item: Leftovers
|upkeep
|turn|13
|
|t:|1760819749
|switch|p1a: Blissey|Blissey, F|45/100
|move|p2a: Volcanion|Sludge Bomb|p1a: Blissey
|-damage|p1a: Blissey|34/100
|
|-heal|p1a: Blissey|40/100|[from] item: Leftovers
|upkeep
|turn|14
|
|t:|1760819763
|switch|p2a: Ursaluna|Ursaluna, F|63/100 brn
|move|p1a: Blissey|Soft-Boiled|p1a: Blissey
|-heal|p1a: Blissey|90/100
|
|-heal|p1a: Blissey|97/100|[from] item: Leftovers
|-damage|p2a: Ursaluna|57/100 brn|[from] brn
|upkeep
|turn|15
|
|t:|1760819770
|switch|p1a: Corviknight|Corviknight, M|100/100
|-ability|p1a: Corviknight|Pressure
|move|p2a: Ursaluna|Supercell Slam|p1a: Corviknight
|-supereffective|p1a: Corviknight
|-damage|p1a: Corviknight|29/100
|
|-heal|p1a: Corviknight|36/100|[from] item: Leftovers
|-damage|p2a: Ursaluna|51/100 brn|[from] brn
|upkeep
|turn|16
|
|t:|1760819783
|-terastallize|p2a: Ursaluna|Normal
|-terastallize|p1a: Corviknight|Fighting
|move|p2a: Ursaluna|Facade|p1a: Corviknight
|-damage|p1a: Corviknight|0 fnt
|faint|p1a: Corviknight
|
|-damage|p2a: Ursaluna|44/100 brn|[from] brn
|upkeep
|
|t:|1760819790
|switch|p1a: Toxapex|Toxapex, M|100/100
|turn|17
|-message|ioalla forfeited.
|
|win|adv 1v1
|raw|ioalla's rating: 1540 &rarr; <strong>1523</strong><br />(-17 for losing)
|raw|adv 1v1's rating: 1600 &rarr; <strong>1617</strong><br />(+17 for winning)
|l|☆ioalla
|player|p1|
|l|☆adv 1v1
|player|p2|
