|j|☆sly_sunflower
|j|☆arvends5
|t:|1760880595
|gametype|singles
|player|p1|sly_sunflower|cilan|1120
|player|p2|arvends5|psychic|1163
|gen|9
|tier|[Gen 9] OU
|rated|
|rule|HP Percentage Mod: HP is shown in percentages
|rule|Endless Battle Clause: Forcing endless battles is banned
|rule|Species Clause: Limit one of each Pokémon
|rule|OHKO Clause: OHKO moves are banned
|rule|Evasion Items Clause: Evasion items are banned
|rule|Evasion Moves Clause: Evasion moves are banned
|rule|Evasion Abilities Clause: Evasion abilities are banned
|rule|Sleep Moves Clause: Sleep-inducing moves are banned
|clearpoke
|poke|p1|Galvantula, M|
|poke|p1|Sudowoodo, M|
|poke|p1|Bruxish, M|
|poke|p1|Scrafty, M|
|poke|p1|Brambleghast, M|
|poke|p1|Pyroar, F|
|poke|p2|Glimmora, F|
|poke|p2|Garganacl, M|
|poke|p2|Chesnaught, M|
|poke|p2|Talonflame, M|
|poke|p2|Goodra, M|
|poke|p2|Florges-Yellow, F|
|teampreview
|inactive|Battle timer is ON: inactive players will automatically lose when time's up. (requested by sly_sunflower)
|
|t:|1760880611
|teamsize|p1|6
|teamsize|p2|6
|start
|switch|p1a: Galvantula|Galvantula, M|100/100
|switch|p2a: Goodra|Goodra, M|100/100
|turn|1
|
|t:|1760880617
|move|p1a: Galvantula|Sticky Web|p2a: Goodra
|-sidestart|p2: arvends5|move: Sticky Web
|move|p2a: Goodra|Ice Beam|p1a: Galvantula
|-damage|p1a: Galvantula|23/100
|-damage|p2a: Goodra|91/100|[from] item: Life Orb
|
|upkeep
|turn|2
|
|t:|1760880636
|move|p1a: Galvantula|Thunder|p2a: Goodra
|-resisted|p2a: Goodra
|-damage|p2a: Goodra|74/100
|move|p2a: Goodra|Surf|p1a: Galvantula
|-damage|p1a: Galvantula|0 fnt
|faint|p1a: Galvantula
|-damage|p2a: Goodra|64/100|[from] item: Life Orb
|
|upkeep
|
|t:|1760880646
|switch|p1a: Bruxish|Bruxish, M|100/100
|turn|3
|
|t:|1760880649
|move|p1a: Bruxish|Ice Fang|p2a: Goodra
|-supereffective|p2a: Goodra
|-damage|p2a: Goodra|0 fnt
|faint|p2a: Goodra
|
|upkeep
|
|t:|1760880656
|switch|p2a: Glimmora|Glimmora, F|100/100
|-activate|p2a: Glimmora|move: Sticky Web
|-unboost|p2a: Glimmora|spe|1
|turn|4
|
|t:|1760880662
|switch|p1a: Scrappers|Scrafty, M|100/100
|move|p2a: Glimmora|Mortal Spin|p1a: Scrappers
|-damage|p1a: Scrappers|93/100
|-status|p1a: Scrappers|psn
|-sideend|p2: arvends5|Sticky Web|[from] move: Mortal Spin|[of] p2a: Glimmora
|
|-activate|p1a: Scrappers|ability: Shed Skin
|-curestatus|p1a: Scrappers|psn|[msg]
|-heal|p1a: Scrappers|99/100|[from] item: Leftovers
|upkeep
|turn|5
|
|t:|1760880669
|move|p1a: Scrappers|Dragon Dance|p1a: Scrappers
|-boost|p1a: Scrappers|atk|1
|-boost|p1a: Scrappers|spe|1
|move|p2a: Glimmora|Stealth Rock|p1a: Scrappers
|-sidestart|p1: sly_sunflower|move: Stealth Rock
|
|-heal|p1a: Scrappers|100/100|[from] item: Leftovers
|upkeep
|turn|6
|
|t:|1760880673
|move|p1a: Scrappers|Dragon Dance|p1a: Scrappers
|-boost|p1a: Scrappers|atk|1
|-boost|p1a: Scrappers|spe|1
|move|p2a: Glimmora|Sludge Bomb|p1a: Scrappers
|-damage|p1a: Scrappers|44/100
|-status|p1a: Scrappers|psn
|
|-activate|p1a: Scrappers|ability: Shed Skin
|-curestatus|p1a: Scrappers|psn|[msg]
|-heal|p1a: Scrappers|50/100|[from] item: Leftovers
|upkeep
|turn|7
|
|t:|1760880683
|move|p1a: Scrappers|Drain Punch|p2a: Glimmora
|-damage|p2a: Glimmora|21/100
|-heal|p1a: Scrappers|95/100|[from] drain|[of] p2a: Glimmora
|-activate|p2a: Glimmora|ability: Toxic Debris
|-sidestart|p1: sly_sunflower|move: Toxic Spikes
|move|p2a: Glimmora|Sludge Bomb|p1a: Scrappers
|-damage|p1a: Scrappers|40/100
|-status|p1a: Scrappers|psn
|
|-heal|p1a: Scrappers|46/100 psn|[from] item: Leftovers
|-damage|p1a: Scrappers|33/100 psn|[from] psn
|upkeep
|turn|8
|
|t:|1760880689
|switch|p2a: Chesnaught|Chesnaught, M|100/100
|move|p1a: Scrappers|Knock Off|p2a: Chesnaught
|-resisted|p2a: Chesnaught
|-damage|p2a: Chesnaught|77/100
|-damage|p1a: Scrappers|17/100 psn|[from] item: Rocky Helmet|[of] p2a: Chesnaught
|-enditem|p2a: Chesnaught|Rocky Helmet|[from] move: Knock Off|[of] p1a: Scrappers
|
|-activate|p1a: Scrappers|ability: Shed Skin
|-curestatus|p1a: Scrappers|psn|[msg]
|-heal|p1a: Scrappers|23/100|[from] item: Leftovers
|upkeep
|turn|9
|
|t:|1760880702
|move|p1a: Scrappers|Drain Punch|p2a: Chesnaught
|-damage|p2a: Chesnaught|44/100
|-heal|p1a: Scrappers|46/100|[from] drain|[of] p2a: Chesnaught
|move|p2a: Chesnaught|Body Press|p1a: Scrappers
|-supereffective|p1a: Scrappers
|-damage|p1a: Scrappers|0 fnt
|faint|p1a: Scrappers
|
|upkeep
|
|t:|1760880711
|switch|p1a: Brambleghast|Brambleghast, M|100/100
|-damage|p1a: Brambleghast|88/100|[from] Stealth Rock
|-status|p1a: Brambleghast|psn
|turn|10
|
|t:|1760880719
|switch|p2a: Garganacl|Garganacl, M|100/100
|move|p1a: Brambleghast|Rapid Spin|p2a: Garganacl
|-resisted|p2a: Garganacl
|-damage|p2a: Garganacl|95/100
|-boost|p1a: Brambleghast|spe|1
|-sideend|p1: sly_sunflower|Toxic Spikes|[from] move: Rapid Spin|[of] p1a: Brambleghast
|-sideend|p1: sly_sunflower|Stealth Rock|[from] move: Rapid Spin|[of] p1a: Brambleghast
|
|-heal|p2a: Garganacl|100/100|[from] item: Leftovers
|-damage|p1a: Brambleghast|76/100 psn|[from] psn
|upkeep
|turn|11
|
|t:|1760880724
|move|p1a: Brambleghast|Power Whip|p2a: Garganacl
|-supereffective|p2a: Garganacl
|-damage|p2a: Garganacl|17/100
|move|p2a: Garganacl|Salt Cure|p1a: Brambleghast
|-damage|p1a: Brambleghast|50/100 psn
|-start|p1a: Brambleghast|Salt Cure
|
|-heal|p2a: Garganacl|23/100|[from] item: Leftovers
|-damage|p1a: Brambleghast|38/100 psn|[from] psn
|-damage|p1a: Brambleghast|26/100 psn|[from] Salt Cure
|upkeep
|turn|12
|
|t:|1760880729
|move|p2a: Garganacl|Protect|p2a: Garganacl
|-singleturn|p2a: Garganacl|Protect
|move|p1a: Brambleghast|Power Whip|p2a: Garganacl
|-activate|p2a: Garganacl|move: Protect
|
|-heal|p2a: Garganacl|29/100|[from] item: Leftovers
|-damage|p1a: Brambleghast|13/100 psn|[from] psn
|-damage|p1a: Brambleghast|1/100 psn|[from] Salt Cure
|upkeep
|turn|13
|
|t:|1760880742
|switch|p2a: Glimmora|Glimmora, F|21/100
|move|p1a: Brambleghast|Strength Sap|p2a: Glimmora
|-unboost|p2a: Glimmora|atk|1
|-heal|p1a: Brambleghast|53/100 psn
|
|-damage|p1a: Brambleghast|41/100 psn|[from] psn
|-damage|p1a: Brambleghast|28/100 psn|[from] Salt Cure
|upkeep
|turn|14
|
|t:|1760880754
|move|p1a: Brambleghast|Poltergeist|p2a: Glimmora|[miss]
|-miss|p1a: Brambleghast|p2a: Glimmora
|move|p2a: Glimmora|Power Gem|p1a: Brambleghast
|-damage|p1a: Brambleghast|0 fnt
|faint|p1a: Brambleghast
|
|upkeep
|
|t:|1760880765
|switch|p1a: Pyroar|Pyroar, F|100/100
|-ability|p1a: Pyroar|Unnerve
|turn|15
|
|t:|1760880776
|switch|p2a: Florges|Florges-Yellow, F|100/100
|move|p1a: Pyroar|Hyper Voice|p2a: Florges
|-damage|p2a: Florges|79/100
|-enditem|p1a: Pyroar|Throat Spray
|-boost|p1a: Pyroar|spa|1|[from] item: Throat Spray
|
|-heal|p2a: Florges|85/100|[from] item: Leftovers
|upkeep
|turn|16
|
|t:|1760880783
|move|p1a: Pyroar|Noble Roar|p2a: Florges
|-unboost|p2a: Florges|atk|1
|-unboost|p2a: Florges|spa|1
|move|p2a: Florges|Calm Mind|p2a: Florges
|-boost|p2a: Florges|spa|1
|-boost|p2a: Florges|spd|1
|
|-heal|p2a: Florges|92/100|[from] item: Leftovers
|upkeep
|turn|17
|
|t:|1760880793
|-terastallize|p1a: Pyroar|Fire
|move|p1a: Pyroar|Flamethrower|p2a: Florges
|-damage|p2a: Florges|66/100
|move|p2a: Florges|Calm Mind|p2a: Florges
|-boost|p2a: Florges|spa|1
|-boost|p2a: Florges|spd|1
|
|-heal|p2a: Florges|72/100|[from] item: Leftovers
|upkeep
|turn|18
|
|t:|1760880808
|switch|p1a: Sudowoodo|Sudowoodo, M|100/100
|move|p2a: Florges|Wish|p2a: Florges
|
|-heal|p2a: Florges|78/100|[from] item: Leftovers
|upkeep
|turn|19
|inactive|arvends5 has 120 seconds left.
|
|t:|1760880863
|move|p1a: Sudowoodo|Head Smash|p2a: Florges
|-damage|p2a: Florges|0 fnt
|faint|p2a: Florges
|
|upkeep
|
|t:|1760880867
|switch|p2a: Chesnaught|Chesnaught, M|44/100
|turn|20
|
|t:|1760880875
|switch|p1a: Pyroar|Pyroar, F, tera:Fire|100/100
|-ability|p1a: Pyroar|Unnerve
|move|p2a: Chesnaught|Leech Seed|p1a: Pyroar
|-start|p1a: Pyroar|move: Leech Seed
|
|-damage|p1a: Pyroar|88/100|[from] Leech Seed|[of] p2a: Chesnaught
|-heal|p2a: Chesnaught|54/100|[silent]
|upkeep
|turn|21
|inactive|arvends5 has 120 seconds left.
|
|t:|1760880884
|switch|p2a: Garganacl|Garganacl, M|29/100
|move|p1a: Pyroar|Flamethrower|p2a: Garganacl
|-resisted|p2a: Garganacl
|-damage|p2a: Garganacl|11/100
|
|-heal|p2a: Garganacl|18/100|[from] item: Leftovers
|-damage|p1a: Pyroar|76/100|[from] Leech Seed|[of] p2a: Garganacl
|-heal|p2a: Garganacl|27/100|[silent]
|upkeep
|turn|22
|
|t:|1760880890
|switch|p1a: Bruxish|Bruxish, M|100/100
|move|p2a: Garganacl|Protect||[still]
|-fail|p2a: Garganacl
|
|-heal|p2a: Garganacl|33/100|[from] item: Leftovers
|upkeep
|turn|23
|
|t:|1760880901
|switch|p2a: Glimmora|Glimmora, F|21/100
|move|p1a: Bruxish|Psychic Fangs|p2a: Glimmora
|-supereffective|p2a: Glimmora
|-damage|p2a: Glimmora|0 fnt
|-activate|p2a: Glimmora|ability: Toxic Debris
|-sidestart|p1: sly_sunflower|move: Toxic Spikes
|faint|p2a: Glimmora
|
|upkeep
|
|t:|1760880915
|switch|p2a: Garganacl|Garganacl, M|33/100
|turn|24
|inactive|arvends5 has 120 seconds left.
|inactive|arvends5 has 90 seconds left.
|
|t:|1760880966
|move|p1a: Bruxish|Psychic Fangs|p2a: Garganacl
|-damage|p2a: Garganacl|0 fnt
|faint|p2a: Garganacl
|
|upkeep
|inactive|arvends5 has 90 seconds left.
|inactive|arvends5 has 60 seconds left.
|inactive|arvends5 has 30 seconds left.
|inactive|arvends5 has 20 seconds left.
|inactive|arvends5 has 15 seconds left.
|inactive|arvends5 has 10 seconds left.
|inactive|arvends5 has 5 seconds left.
|-message|arvends5 lost due to inactivity.
|
|win|sly_sunflower
|raw|sly_sunflower's rating: 1120 &rarr; <strong>1148</strong><br />(+28 for winning)
|raw|arvends5's rating: 1163 &rarr; <strong>1135</strong><br />(-28 for losing)
|l|☆arvends5
|player|p2|
|l|☆sly_sunflower
|player|p1|
