|j|☆Mr.Cahil
|j|☆Himbus
|t:|1760732131
|gametype|singles
|player|p1|Mr.Cahil|lucian|1382
|player|p2|Himbus|benga|1415
|gen|9
|tier|[Gen 9] OU
|rated|
|rule|HP Percentage Mod: HP is shown in percentages
|rule|Endless Battle Clause: Forcing endless battles is banned
|rule|Species Clause: Limit one of each Pokémon
|rule|OHKO Clause: OHKO moves are banned
|rule|Evasion Items Clause: Evasion items are banned
|rule|Evasion Moves Clause: Evasion moves are banned
|rule|Evasion Abilities Clause: Evasion abilities are banned
|rule|Sleep Moves Clause: Sleep-inducing moves are banned
|clearpoke
|poke|p1|Toxapex, M|
|poke|p1|Gliscor, M|
|poke|p1|Weezing-Galar, M|
|poke|p1|Scizor, F|
|poke|p1|Blissey, F|
|poke|p1|Dondozo, F|
|poke|p2|Slowbro, M|
|poke|p2|Ursaluna, M|
|poke|p2|Enamorus-Therian, F|
|poke|p2|Crawdaunt, M|
|poke|p2|Goodra-Hisui, M|
|poke|p2|Cresselia, F|
|teampreview
|inactive|Battle timer is ON: inactive players will automatically lose when time's up. (requested by Himbus)
|
|t:|1760732148
|teamsize|p1|6
|teamsize|p2|6
|start
|switch|p1a: Burn|Gliscor, M|100/100
|switch|p2a: Livin Like Larry🦞|Crawdaunt, M|100/100
|turn|1
|
|t:|1760732154
|move|p1a: Burn|Protect|p1a: Burn
|-singleturn|p1a: Burn|Protect
|move|p2a: Livin Like Larry🦞|Knock Off|p1a: Burn
|-activate|p1a: Burn|move: Protect
|
|-status|p1a: Burn|tox|[from] item: Toxic Orb
|upkeep
|turn|2
|
|t:|1760732163
|switch|p1a: Dondozo|Dondozo, F|100/100
|move|p2a: Livin Like Larry🦞|Crabhammer|p1a: Dondozo
|-resisted|p1a: Dondozo
|-damage|p1a: Dondozo|85/100
|
|-heal|p1a: Dondozo|91/100|[from] item: Leftovers
|upkeep
|turn|3
|
|t:|1760732182
|switch|p2a: Uh..|Slowbro, M, shiny|100/100
|move|p1a: Dondozo|Bulldoze|p2a: Uh..
|-damage|p2a: Uh..|90/100
|-unboost|p2a: Uh..|spe|1
|
|-heal|p1a: Dondozo|97/100|[from] item: Leftovers
|upkeep
|turn|4
|
|t:|1760732187
|switch|p1a: Blissey|Blissey, F|100/100
|move|p2a: Uh..|Scald|p1a: Blissey
|-damage|p1a: Blissey|91/100
|-status|p1a: Blissey|brn
|
|-damage|p1a: Blissey|85/100 brn|[from] brn
|upkeep
|turn|5
|
|t:|1760732196
|switch|p2a: Freddy 5 Bear!|Ursaluna, M, shiny|100/100
|move|p1a: Blissey|Stealth Rock|p2a: Freddy 5 Bear!
|-sidestart|p2: Himbus|move: Stealth Rock
|
|-damage|p1a: Blissey|78/100 brn|[from] brn
|-status|p2a: Freddy 5 Bear!|brn|[from] item: Flame Orb
|upkeep
|turn|6
|
|t:|1760732207
|-curestatus|p1a: Blissey|brn|[from] ability: Natural Cure
|switch|p1a: Weezing|Weezing-Galar, M|100/100
|-ability|p1a: Weezing|Neutralizing Gas
|move|p2a: Freddy 5 Bear!|Supercell Slam|p1a: Weezing
|-damage|p1a: Weezing|87/100
|
|-heal|p1a: Weezing|93/100|[from] item: Leftovers
|-damage|p2a: Freddy 5 Bear!|94/100 brn|[from] brn
|upkeep
|turn|7
|
|t:|1760732217
|move|p1a: Weezing|Flamethrower|p2a: Freddy 5 Bear!
|-damage|p2a: Freddy 5 Bear!|79/100 brn
|move|p2a: Freddy 5 Bear!|Facade|p1a: Weezing
|-damage|p1a: Weezing|36/100
|
|-heal|p1a: Weezing|42/100|[from] item: Leftovers
|-damage|p2a: Freddy 5 Bear!|73/100 brn|[from] brn
|upkeep
|turn|8
|
|t:|1760732232
|move|p1a: Weezing|Rest|p1a: Weezing
|-status|p1a: Weezing|slp|[from] move: Rest
|-heal|p1a: Weezing|100/100 slp|[silent]
|move|p2a: Freddy 5 Bear!|Headlong Rush|p1a: Weezing
|-supereffective|p1a: Weezing
|-damage|p1a: Weezing|56/100 slp
|-unboost|p2a: Freddy 5 Bear!|def|1
|-unboost|p2a: Freddy 5 Bear!|spd|1
|
|-heal|p1a: Weezing|62/100 slp|[from] item: Leftovers
|-damage|p2a: Freddy 5 Bear!|67/100 brn|[from] brn
|upkeep
|turn|9
|
|t:|1760732253
|cant|p1a: Weezing|slp
|move|p2a: Freddy 5 Bear!|Facade|p1a: Weezing
|-damage|p1a: Weezing|7/100 slp
|
|-heal|p1a: Weezing|13/100 slp|[from] item: Leftovers
|-damage|p2a: Freddy 5 Bear!|61/100 brn|[from] brn
|upkeep
|turn|10
|
|t:|1760732258
|cant|p1a: Weezing|slp
|move|p2a: Freddy 5 Bear!|Facade|p1a: Weezing
|-damage|p1a: Weezing|0 fnt
|faint|p1a: Weezing
|-end|p1a: Weezing|ability: Neutralizing Gas
|
|-damage|p2a: Freddy 5 Bear!|55/100 brn|[from] brn
|upkeep
|
|t:|1760732262
|switch|p1a: Scizor|Scizor, F|100/100
|turn|11
|
|t:|1760732269
|switch|p2a: Goondra🧴|Goodra-Hisui, M|100/100
|-damage|p2a: Goondra🧴|94/100|[from] Stealth Rock
|move|p1a: Scizor|Bullet Punch|p2a: Goondra🧴
|-resisted|p2a: Goondra🧴
|-damage|p2a: Goondra🧴|79/100
|
|upkeep
|turn|12
|
|t:|1760732274
|move|p1a: Scizor|U-turn|p2a: Goondra🧴
|-resisted|p2a: Goondra🧴
|-damage|p2a: Goondra🧴|61/100
|
|t:|1760732280
|switch|p1a: Burn|Gliscor, M|100/100 tox|[from] U-turn
|move|p2a: Goondra🧴|Thunderbolt|p1a: Burn
|-immune|p1a: Burn
|
|upkeep
|turn|13
|
|t:|1760732287
|switch|p2a: Uh..|Slowbro, M, shiny|100/100
|move|p1a: Burn|Earthquake|p2a: Uh..
|-damage|p2a: Uh..|75/100
|
|upkeep
|turn|14
|
|t:|1760732297
|move|p1a: Burn|Knock Off|p2a: Uh..
|-supereffective|p2a: Uh..
|-damage|p2a: Uh..|46/100
|-enditem|p2a: Uh..|Heavy-Duty Boots|[from] move: Knock Off|[of] p1a: Burn
|move|p2a: Uh..|Scald|p1a: Burn
|-supereffective|p1a: Burn
|-damage|p1a: Burn|37/100 tox
|
|-heal|p1a: Burn|49/100 tox|[from] ability: Poison Heal
|upkeep
|turn|15
|
|t:|1760732307
|move|p1a: Burn|Protect|p1a: Burn
|-singleturn|p1a: Burn|Protect
|move|p2a: Uh..|Trick Room|p2a: Uh..
|-fieldstart|move: Trick Room|[of] p2a: Uh..
|
|-heal|p1a: Burn|62/100 tox|[from] ability: Poison Heal
|upkeep
|turn|16
|
|t:|1760732312
|switch|p1a: Blissey|Blissey, F|78/100
|move|p2a: Uh..|Scald|p1a: Blissey
|-damage|p1a: Blissey|68/100
|-status|p1a: Blissey|brn
|
|-damage|p1a: Blissey|62/100 brn|[from] brn
|upkeep
|turn|17
|
|t:|1760732328
|move|p2a: Uh..|Body Press|p1a: Blissey
|-supereffective|p1a: Blissey
|-damage|p1a: Blissey|26/100 brn
|move|p1a: Blissey|Soft-Boiled|p1a: Blissey
|-heal|p1a: Blissey|76/100 brn
|
|-damage|p1a: Blissey|70/100 brn|[from] brn
|upkeep
|turn|18
|
|t:|1760732344
|-curestatus|p1a: Blissey|brn|[from] ability: Natural Cure
|switch|p1a: Traps Are Gay|Toxapex, M, shiny|100/100
|move|p2a: Uh..|Body Press|p1a: Traps Are Gay
|-resisted|p1a: Traps Are Gay
|-damage|p1a: Traps Are Gay|92/100
|
|-heal|p1a: Traps Are Gay|98/100|[from] item: Black Sludge
|upkeep
|turn|19
|
|t:|1760732351
|move|p2a: Uh..|Future Sight|p1a: Traps Are Gay
|-start|p2a: Uh..|move: Future Sight
|move|p1a: Traps Are Gay|Surf|p2a: Uh..
|-resisted|p2a: Uh..
|-damage|p2a: Uh..|38/100
|
|-heal|p1a: Traps Are Gay|100/100|[from] item: Black Sludge
|-fieldend|move: Trick Room
|upkeep
|turn|20
|
|t:|1760732358
|switch|p2a: Livin Like Larry🦞|Crawdaunt, M|100/100
|move|p1a: Traps Are Gay|Toxic|p2a: Livin Like Larry🦞
|-status|p2a: Livin Like Larry🦞|tox
|
|-damage|p2a: Livin Like Larry🦞|94/100 tox|[from] psn
|upkeep
|turn|21
|
|t:|1760732363
|switch|p1a: Scizor|Scizor, F|100/100
|move|p2a: Livin Like Larry🦞|Knock Off|p1a: Scizor
|-damage|p1a: Scizor|27/100
|-enditem|p1a: Scizor|Leftovers|[from] move: Knock Off|[of] p2a: Livin Like Larry🦞
|
|-end|p1a: Scizor|move: Future Sight
|-resisted|p1a: Scizor
|-damage|p1a: Scizor|1/100
|-damage|p2a: Livin Like Larry🦞|82/100 tox|[from] psn
|upkeep
|turn|22
|
|t:|1760732375
|move|p2a: Livin Like Larry🦞|Aqua Jet|p1a: Scizor
|-damage|p1a: Scizor|0 fnt
|faint|p1a: Scizor
|
|-damage|p2a: Livin Like Larry🦞|64/100 tox|[from] psn
|upkeep
|
|t:|1760732378
|switch|p1a: Dondozo|Dondozo, F|97/100
|turn|23
|
|t:|1760732383
|switch|p2a: Uh..|Slowbro, M, shiny|72/100
|-damage|p2a: Uh..|59/100|[from] Stealth Rock
|move|p1a: Dondozo|Bulldoze|p2a: Uh..
|-damage|p2a: Uh..|49/100
|-unboost|p2a: Uh..|spe|1
|
|-heal|p1a: Dondozo|100/100|[from] item: Leftovers
|upkeep
|turn|24
|
|t:|1760732392
|move|p1a: Dondozo|Bulldoze|p2a: Uh..
|-damage|p2a: Uh..|39/100
|-unboost|p2a: Uh..|spe|1
|move|p2a: Uh..|Scald|p1a: Dondozo
|-resisted|p1a: Dondozo
|-damage|p1a: Dondozo|88/100
|
|-heal|p1a: Dondozo|94/100|[from] item: Leftovers
|upkeep
|turn|25
|
|t:|1760732396
|switch|p2a: Ugly :/|Enamorus-Therian, F|100/100
|move|p1a: Dondozo|Bulldoze|p2a: Ugly :/
|-immune|p2a: Ugly :/
|
|-heal|p1a: Dondozo|99/100|[from] item: Leftovers
|upkeep
|turn|26
|
|t:|1760732406
|switch|p1a: Traps Are Gay|Toxapex, M, shiny|100/100
|move|p2a: Ugly :/|Moonblast|p1a: Traps Are Gay
|-resisted|p1a: Traps Are Gay
|-damage|p1a: Traps Are Gay|82/100
|
|-heal|p1a: Traps Are Gay|89/100|[from] item: Black Sludge
|upkeep
|turn|27
|
|t:|1760732415
|switch|p2a: Goondra🧴|Goodra-Hisui, M|61/100
|-damage|p2a: Goondra🧴|55/100|[from] Stealth Rock
|move|p1a: Traps Are Gay|Toxic|p2a: Goondra🧴
|-immune|p2a: Goondra🧴
|
|-heal|p1a: Traps Are Gay|95/100|[from] item: Black Sludge
|upkeep
|turn|28
|
|t:|1760732422
|switch|p1a: Blissey|Blissey, F|70/100
|move|p2a: Goondra🧴|Draco Meteor|p1a: Blissey
|-damage|p1a: Blissey|36/100
|-unboost|p2a: Goondra🧴|spa|2
|
|upkeep
|turn|29
|
|t:|1760732431
|switch|p2a: Uh..|Slowbro, M, shiny|72/100
|-damage|p2a: Uh..|60/100|[from] Stealth Rock
|move|p1a: Blissey|Soft-Boiled|p1a: Blissey
|-heal|p1a: Blissey|86/100
|
|upkeep
|turn|30
|
|t:|1760732436
|move|p1a: Blissey|Thunderbolt|p2a: Uh..
|-supereffective|p2a: Uh..
|-damage|p2a: Uh..|31/100
|move|p2a: Uh..|Body Press|p1a: Blissey
|-supereffective|p1a: Blissey
|-damage|p1a: Blissey|44/100
|
|upkeep
|turn|31
|
|t:|1760732447
|switch|p2a: Freddy 5 Bear!|Ursaluna, M, shiny|55/100 brn
|-damage|p2a: Freddy 5 Bear!|49/100 brn|[from] Stealth Rock
|move|p1a: Blissey|Soft-Boiled|p1a: Blissey
|-heal|p1a: Blissey|94/100
|
|-damage|p2a: Freddy 5 Bear!|43/100 brn|[from] brn
|upkeep
|turn|32
|
|t:|1760732466
|switch|p1a: Traps Are Gay|Toxapex, M, shiny|100/100
|move|p2a: Freddy 5 Bear!|Facade|p1a: Traps Are Gay
|-damage|p1a: Traps Are Gay|2/100
|
|-heal|p1a: Traps Are Gay|9/100|[from] item: Black Sludge
|-damage|p2a: Freddy 5 Bear!|37/100 brn|[from] brn
|upkeep
|turn|33
|
|t:|1760732490
|switch|p2a: Sailor moon.+*•|Cresselia, F, shiny|100/100
|-damage|p2a: Sailor moon.+*•|88/100|[from] Stealth Rock
|move|p1a: Traps Are Gay|Surf|p2a: Sailor moon.+*•
|-damage|p2a: Sailor moon.+*•|77/100
|
|-heal|p2a: Sailor moon.+*•|83/100|[from] item: Leftovers
|-heal|p1a: Traps Are Gay|15/100|[from] item: Black Sludge
|upkeep
|turn|34
|
|t:|1760732498
|switch|p1a: Burn|Gliscor, M|62/100 tox
|move|p2a: Sailor moon.+*•|Future Sight|p1a: Burn
|-start|p2a: Sailor moon.+*•|move: Future Sight
|
|-heal|p2a: Sailor moon.+*•|89/100|[from] item: Leftovers
|-heal|p1a: Burn|74/100 tox|[from] ability: Poison Heal
|upkeep
|turn|35
|
|t:|1760732504
|move|p1a: Burn|Knock Off|p2a: Sailor moon.+*•
|-supereffective|p2a: Sailor moon.+*•
|-damage|p2a: Sailor moon.+*•|65/100
|-enditem|p2a: Sailor moon.+*•|Leftovers|[from] move: Knock Off|[of] p1a: Burn
|move|p2a: Sailor moon.+*•|Trick Room|p2a: Sailor moon.+*•
|-fieldstart|move: Trick Room|[of] p2a: Sailor moon.+*•
|
|-heal|p1a: Burn|87/100 tox|[from] ability: Poison Heal
|upkeep
|turn|36
|
|t:|1760732508
|switch|p1a: Blissey|Blissey, F|94/100
|move|p2a: Sailor moon.+*•|Lunar Dance|p2a: Sailor moon.+*•
|faint|p2a: Sailor moon.+*•
|
|-end|p1a: Blissey|move: Future Sight
|-damage|p1a: Blissey|82/100
|upkeep
|
|t:|1760732510
|switch|p2a: Freddy 5 Bear!|Ursaluna, M, shiny|37/100 brn
|-heal|p2a: Freddy 5 Bear!|100/100|[from] move: Lunar Dance
|-damage|p2a: Freddy 5 Bear!|94/100|[from] Stealth Rock
|turn|37
|
|t:|1760732521
|switch|p1a: Burn|Gliscor, M|87/100 tox
|move|p2a: Freddy 5 Bear!|Facade|p1a: Burn
|-damage|p1a: Burn|60/100 tox
|
|-heal|p1a: Burn|73/100 tox|[from] ability: Poison Heal
|-status|p2a: Freddy 5 Bear!|brn|[from] item: Flame Orb
|upkeep
|turn|38
|
|t:|1760732529
|-terastallize|p2a: Freddy 5 Bear!|Stellar
|move|p1a: Burn|Protect|p1a: Burn
|-singleturn|p1a: Burn|Protect
|move|p2a: Freddy 5 Bear!|Facade|p1a: Burn
|-activate|p1a: Burn|move: Protect
|
|-heal|p1a: Burn|85/100 tox|[from] ability: Poison Heal
|-damage|p2a: Freddy 5 Bear!|88/100 brn|[from] brn
|upkeep
|turn|39
|
|t:|1760732540
|-terastallize|p1a: Burn|Ghost
|move|p2a: Freddy 5 Bear!|Facade|p1a: Burn
|-immune|p1a: Burn
|move|p1a: Burn|Earthquake|p2a: Freddy 5 Bear!
|-damage|p2a: Freddy 5 Bear!|66/100 brn
|
|-heal|p1a: Burn|98/100 tox|[from] ability: Poison Heal
|-damage|p2a: Freddy 5 Bear!|60/100 brn|[from] brn
|-fieldend|move: Trick Room
|upkeep
|turn|40
|
|t:|1760732555
|move|p1a: Burn|Earthquake|p2a: Freddy 5 Bear!
|-damage|p2a: Freddy 5 Bear!|36/100 brn
|move|p2a: Freddy 5 Bear!|Headlong Rush|p1a: Burn
|-damage|p1a: Burn|18/100 tox
|-unboost|p2a: Freddy 5 Bear!|def|1
|-unboost|p2a: Freddy 5 Bear!|spd|1
|
|-heal|p1a: Burn|30/100 tox|[from] ability: Poison Heal
|-damage|p2a: Freddy 5 Bear!|30/100 brn|[from] brn
|upkeep
|turn|41
|
|t:|1760732562
|switch|p2a: Ugly :/|Enamorus-Therian, F|100/100
|move|p1a: Burn|Protect||[still]
|-fail|p1a: Burn
|
|-heal|p1a: Burn|43/100 tox|[from] ability: Poison Heal
|upkeep
|turn|42
|
|t:|1760732568
|move|p1a: Burn|Protect|p1a: Burn
|-singleturn|p1a: Burn|Protect
|move|p2a: Ugly :/|Moonblast|p1a: Burn
|-activate|p1a: Burn|move: Protect
|
|-heal|p1a: Burn|55/100 tox|[from] ability: Poison Heal
|upkeep
|turn|43
|
|t:|1760732575
|switch|p1a: Traps Are Gay|Toxapex, M, shiny|48/100
|switch|p2a: Livin Like Larry🦞|Crawdaunt, M|64/100 tox
|
|-heal|p1a: Traps Are Gay|54/100|[from] item: Black Sludge
|-damage|p2a: Livin Like Larry🦞|58/100 tox|[from] psn
|upkeep
|turn|44
|
|t:|1760732586
|switch|p1a: Dondozo|Dondozo, F|99/100
|move|p2a: Livin Like Larry🦞|Knock Off|p1a: Dondozo
|-damage|p1a: Dondozo|71/100
|-enditem|p1a: Dondozo|Leftovers|[from] move: Knock Off|[of] p2a: Livin Like Larry🦞
|
|-damage|p2a: Livin Like Larry🦞|46/100 tox|[from] psn
|upkeep
|turn|45
|
|t:|1760732593
|switch|p2a: Ugly :/|Enamorus-Therian, F|100/100
|move|p1a: Dondozo|Bulldoze|p2a: Ugly :/
|-immune|p2a: Ugly :/
|
|upkeep
|turn|46
|
|t:|1760732597
|switch|p1a: Blissey|Blissey, F|82/100
|move|p2a: Ugly :/|Earth Power|p1a: Blissey
|-damage|p1a: Blissey|69/100
|
|upkeep
|turn|47
|
|t:|1760732605
|switch|p1a: Burn|Gliscor, M, tera:Ghost|55/100 tox
|switch|p2a: Freddy 5 Bear!|Ursaluna, M, shiny, tera:Stellar|30/100 brn
|-damage|p2a: Freddy 5 Bear!|24/100 brn|[from] Stealth Rock
|
|-heal|p1a: Burn|68/100 tox|[from] ability: Poison Heal
|-damage|p2a: Freddy 5 Bear!|18/100 brn|[from] brn
|upkeep
|turn|48
|
|t:|1760732620
|move|p1a: Burn|Protect|p1a: Burn
|-singleturn|p1a: Burn|Protect
|move|p2a: Freddy 5 Bear!|Headlong Rush|p1a: Burn
|-activate|p1a: Burn|move: Protect
|
|-heal|p1a: Burn|80/100 tox|[from] ability: Poison Heal
|-damage|p2a: Freddy 5 Bear!|12/100 brn|[from] brn
|upkeep
|turn|49
|
|t:|1760732625
|move|p1a: Burn|Earthquake|p2a: Freddy 5 Bear!
|-damage|p2a: Freddy 5 Bear!|0 fnt
|faint|p2a: Freddy 5 Bear!
|
|-heal|p1a: Burn|93/100 tox|[from] ability: Poison Heal
|upkeep
|
|t:|1760732636
|switch|p2a: Goondra🧴|Goodra-Hisui, M|55/100
|-damage|p2a: Goondra🧴|49/100|[from] Stealth Rock
|turn|50
|
|t:|1760732640
|switch|p2a: Ugly :/|Enamorus-Therian, F|100/100
|move|p1a: Burn|Protect||[still]
|-fail|p1a: Burn
|
|-heal|p1a: Burn|100/100 tox|[from] ability: Poison Heal
|upkeep
|turn|51
|
|t:|1760732643
|move|p1a: Burn|Knock Off|p2a: Ugly :/
|-resisted|p2a: Ugly :/
|-damage|p2a: Ugly :/|91/100
|-enditem|p2a: Ugly :/|Heavy-Duty Boots|[from] move: Knock Off|[of] p1a: Burn
|move|p2a: Ugly :/|Moonblast|p1a: Burn
|-damage|p1a: Burn|34/100 tox
|
|-heal|p1a: Burn|46/100 tox|[from] ability: Poison Heal
|upkeep
|turn|52
|
|t:|1760732654
|switch|p2a: Livin Like Larry🦞|Crawdaunt, M|46/100 tox
|move|p1a: Burn|Protect||[still]
|-fail|p1a: Burn
|
|-heal|p1a: Burn|59/100 tox|[from] ability: Poison Heal
|-damage|p2a: Livin Like Larry🦞|40/100 tox|[from] psn
|upkeep
|turn|53
|
|t:|1760732665
|switch|p1a: Dondozo|Dondozo, F|71/100
|move|p2a: Livin Like Larry🦞|Knock Off|p1a: Dondozo
|-damage|p1a: Dondozo|51/100
|
|-damage|p2a: Livin Like Larry🦞|28/100 tox|[from] psn
|upkeep
|turn|54
|
|t:|1760732675
|switch|p2a: Uh..|Slowbro, M, shiny|65/100
|-damage|p2a: Uh..|52/100|[from] Stealth Rock
|move|p1a: Dondozo|Rest|p1a: Dondozo
|-status|p1a: Dondozo|slp|[from] move: Rest
|-heal|p1a: Dondozo|100/100 slp|[silent]
|
|upkeep
|turn|55
|
|t:|1760732681
|switch|p1a: Traps Are Gay|Toxapex, M, shiny|88/100
|move|p2a: Uh..|Future Sight|p1a: Traps Are Gay
|-start|p2a: Uh..|move: Future Sight
|
|-heal|p1a: Traps Are Gay|94/100|[from] item: Black Sludge
|upkeep
|turn|56
|
|t:|1760732689
|switch|p2a: Goondra🧴|Goodra-Hisui, M|49/100
|-damage|p2a: Goondra🧴|43/100|[from] Stealth Rock
|move|p1a: Traps Are Gay|Toxic|p2a: Goondra🧴
|-immune|p2a: Goondra🧴
|
|-heal|p1a: Traps Are Gay|99/100|[from] item: Black Sludge
|upkeep
|turn|57
|
|t:|1760732702
|switch|p1a: Blissey|Blissey, F|69/100
|move|p2a: Goondra🧴|Thunderbolt|p1a: Blissey
|-damage|p1a: Blissey|52/100
|
|-end|p1a: Blissey|move: Future Sight
|-damage|p1a: Blissey|37/100
|upkeep
|turn|58
|
|t:|1760732709
|move|p2a: Goondra🧴|Thunderbolt|p1a: Blissey
|-damage|p1a: Blissey|20/100
|move|p1a: Blissey|Soft-Boiled|p1a: Blissey
|-heal|p1a: Blissey|70/100
|
|upkeep
|turn|59
|
|t:|1760732716
|move|p2a: Goondra🧴|Thunderbolt|p1a: Blissey
|-damage|p1a: Blissey|54/100
|move|p1a: Blissey|Calm Mind|p1a: Blissey
|-boost|p1a: Blissey|spa|1
|-boost|p1a: Blissey|spd|1
|
|upkeep
|turn|60
|
|t:|1760732727
|switch|p2a: Uh..|Slowbro, M, shiny|86/100
|-damage|p2a: Uh..|73/100|[from] Stealth Rock
|move|p1a: Blissey|Soft-Boiled|p1a: Blissey
|-heal|p1a: Blissey|100/100
|
|upkeep
|turn|61
|
|t:|1760732730
|move|p1a: Blissey|Thunderbolt|p2a: Uh..
|-supereffective|p2a: Uh..
|-damage|p2a: Uh..|30/100
|move|p2a: Uh..|Body Press|p1a: Blissey
|-supereffective|p1a: Blissey
|-damage|p1a: Blissey|60/100
|
|upkeep
|turn|62
|
|t:|1760732735
|switch|p2a: Goondra🧴|Goodra-Hisui, M|43/100
|-damage|p2a: Goondra🧴|37/100|[from] Stealth Rock
|move|p1a: Blissey|Thunderbolt|p2a: Goondra🧴
|-resisted|p2a: Goondra🧴
|-damage|p2a: Goondra🧴|29/100
|
|upkeep
|turn|63
|
|t:|1760732744
|move|p2a: Goondra🧴|Draco Meteor|p1a: Blissey
|-damage|p1a: Blissey|35/100
|-unboost|p2a: Goondra🧴|spa|2
|move|p1a: Blissey|Soft-Boiled|p1a: Blissey
|-heal|p1a: Blissey|85/100
|
|upkeep
|turn|64
|-message|Himbus forfeited.
|
|win|Mr.Cahil
|raw|Mr.Cahil's rating: 1382 &rarr; <strong>1404</strong><br />(+22 for winning)
|raw|Himbus's rating: 1415 &rarr; <strong>1393</strong><br />(-22 for losing)
|l|☆Himbus
|player|p2|
|l|☆Mr.Cahil
|player|p1|
