|j|☆sly_sunflower
|j|☆Spotifytwinks
|t:|1760878184
|gametype|singles
|player|p1|sly_sunflower|cilan|1114
|player|p2|Spotifytwinks|169|1130
|gen|9
|tier|[Gen 9] OU
|rated|
|rule|HP Percentage Mod: HP is shown in percentages
|rule|Endless Battle Clause: Forcing endless battles is banned
|rule|Species Clause: Limit one of each Pokémon
|rule|OHKO Clause: OHKO moves are banned
|rule|Evasion Items Clause: Evasion items are banned
|rule|Evasion Moves Clause: Evasion moves are banned
|rule|Evasion Abilities Clause: Evasion abilities are banned
|rule|Sleep Moves Clause: Sleep-inducing moves are banned
|clearpoke
|poke|p1|Ambipom, F|
|poke|p1|Electrode-Hisui|
|poke|p1|Illumise, F|
|poke|p1|Froslass, F|
|poke|p1|Flareon, M|
|poke|p1|Dragalge, F|
|poke|p2|Great Tusk|
|poke|p2|Heatran, M|
|poke|p2|Weavile, M|
|poke|p2|Primarina, M|
|poke|p2|Ogerpon, F|
|poke|p2|Pecharunt|
|teampreview
|inactive|Battle timer is ON: inactive players will automatically lose when time's up. (requested by Spotifytwinks)
|inactive|sly_sunflower also wants the timer to be on.
|
|t:|1760878204
|teamsize|p1|6
|teamsize|p2|6
|start
|switch|p1a: Buzz ball|Electrode-Hisui|100/100
|switch|p2a: Bandit|Weavile, M, shiny|100/100
|-ability|p2a: Bandit|Pressure
|turn|1
|
|t:|1760878209
|move|p2a: Bandit|Ice Shard|p1a: Buzz ball
|-supereffective|p1a: Buzz ball
|-damage|p1a: Buzz ball|4/100
|move|p1a: Buzz ball|Volt Switch|p2a: Bandit
|-damage|p2a: Bandit|49/100
|
|t:|1760878217
|switch|p1a: Fae|Illumise, F|100/100|[from] Volt Switch
|
|upkeep
|turn|2
|
|t:|1760878237
|switch|p2a: Behemoth|Great Tusk, shiny|100/100
|move|p1a: Fae|Bug Buzz|p2a: Behemoth
|-resisted|p2a: Behemoth
|-damage|p2a: Behemoth|81/100
|
|upkeep
|turn|3
|
|t:|1760878240
|move|p1a: Fae|Trick|p2a: Behemoth
|-activate|p1a: Fae|move: Trick|[of] p2a: Behemoth
|-item|p2a: Behemoth|Ring Target|[from] move: Trick
|-item|p1a: Fae|Heavy-Duty Boots|[from] move: Trick
|move|p2a: Behemoth|Headlong Rush|p1a: Fae
|-resisted|p1a: Fae
|-damage|p1a: Fae|58/100
|-unboost|p2a: Behemoth|def|1
|-unboost|p2a: Behemoth|spd|1
|
|upkeep
|turn|4
|c|☆Spotifytwinks|!dt ring target
|c| Spotifytwinks|/raw <ul class="utilichart"><li class="result"><span class="col itemiconcol"><psicon item="ringtarget"></span> <span class="col namecol"><a href="https://dex.pokemonshowdown.com/items/ringtarget">Ring Target</a></span> <span class="col itemdesccol">The holder's type immunities granted solely by its typing are negated.</span> </li><li style="clear:both"></li></ul>
|c| Spotifytwinks|/raw <font size="1"><font color="#686868">Gen:</font> 5&nbsp;|&ThickSpace;<font color="#686868">Fling Base Power:</font> 10</font>

|
|t:|1760878264
|move|p1a: Fae|Thunder Wave|p2a: Behemoth
|-status|p2a: Behemoth|par
|cant|p2a: Behemoth|par
|
|upkeep
|turn|5
|c|☆Spotifytwinks|wtf
|
|t:|1760878277
|move|p1a: Fae|Bug Buzz|p2a: Behemoth
|-resisted|p2a: Behemoth
|-damage|p2a: Behemoth|50/100 par
|move|p2a: Behemoth|Headlong Rush|p1a: Fae
|-resisted|p1a: Fae
|-damage|p1a: Fae|20/100
|-unboost|p2a: Behemoth|def|1
|-unboost|p2a: Behemoth|spd|1
|
|upkeep
|turn|6
|
|t:|1760878288
|move|p1a: Fae|Bug Buzz|p2a: Behemoth
|-resisted|p2a: Behemoth
|-damage|p2a: Behemoth|8/100 par
|move|p2a: Behemoth|Headlong Rush|p1a: Fae
|-resisted|p1a: Fae
|-damage|p1a: Fae|0 fnt
|-unboost|p2a: Behemoth|def|1
|-unboost|p2a: Behemoth|spd|1
|faint|p1a: Fae
|
|upkeep
|
|t:|1760878302
|switch|p1a: Yuki|Froslass, F|100/100
|turn|7
|
|t:|1760878316
|move|p1a: Yuki|Spikes|p2a: Behemoth
|-sidestart|p2: Spotifytwinks|Spikes
|move|p2a: Behemoth|Headlong Rush|p1a: Yuki
|-damage|p1a: Yuki|5/100
|-unboost|p2a: Behemoth|def|1
|-unboost|p2a: Behemoth|spd|1
|
|upkeep
|turn|8
|
|t:|1760878327
|move|p1a: Yuki|Spikes|p2a: Behemoth
|-sidestart|p2: Spotifytwinks|Spikes
|move|p2a: Behemoth|Headlong Rush|p1a: Yuki
|-damage|p1a: Yuki|0 fnt
|-unboost|p2a: Behemoth|def|1
|-unboost|p2a: Behemoth|spd|1
|faint|p1a: Yuki
|
|upkeep
|
|t:|1760878337
|switch|p1a: Double Wack|Ambipom, F, shiny|100/100
|turn|9
|
|t:|1760878346
|move|p1a: Double Wack|U-turn|p2a: Behemoth
|-resisted|p2a: Behemoth
|-damage|p2a: Behemoth|0 fnt
|faint|p2a: Behemoth
|-end|p2a: Behemoth|Protosynthesis|[silent]
|
|t:|1760878365
|switch|p1a: Flame on|Flareon, M|100/100|[from] U-turn
|
|-status|p1a: Flame on|tox|[from] item: Toxic Orb
|upkeep
|
|t:|1760878379
|switch|p2a: Overseer|Pecharunt|100/100
|-damage|p2a: Overseer|84/100|[from] Spikes
|turn|10
|
|t:|1760878389
|move|p2a: Overseer|Shadow Ball|p1a: Flame on
|-damage|p1a: Flame on|70/100 tox
|move|p1a: Flame on|Roar|p2a: Overseer
|drag|p2a: Celestine|Primarina, M, shiny|100/100
|-damage|p2a: Celestine|84/100|[from] Spikes
|
|-damage|p1a: Flame on|64/100 tox|[from] psn
|upkeep
|turn|11
|
|t:|1760878399
|move|p1a: Flame on|Facade|p2a: Celestine
|-damage|p2a: Celestine|0 fnt
|faint|p2a: Celestine
|
|-damage|p1a: Flame on|53/100 tox|[from] psn
|upkeep
|
|t:|1760878402
|switch|p2a: Overseer|Pecharunt|84/100
|-damage|p2a: Overseer|67/100|[from] Spikes
|turn|12
|
|t:|1760878413
|move|p1a: Flame on|Flare Blitz|p2a: Overseer
|-damage|p2a: Overseer|24/100
|-damage|p1a: Flame on|36/100 tox|[from] item: Rocky Helmet|[of] p2a: Overseer
|-damage|p1a: Flame on|16/100 tox|[from] Recoil
|move|p2a: Overseer|Recover|p2a: Overseer
|-heal|p2a: Overseer|74/100
|
|-damage|p1a: Flame on|0 fnt|[from] psn
|faint|p1a: Flame on
|upkeep
|
|t:|1760878425
|switch|p1a: Kelp|Dragalge, F|100/100
|turn|13
|
|t:|1760878434
|move|p2a: Overseer|Parting Shot|p1a: Kelp
|-unboost|p1a: Kelp|atk|1
|-unboost|p1a: Kelp|spa|1
|
|t:|1760878437
|switch|p2a: Chaos|Heatran, M, shiny|100/100|[from] Parting Shot
|-item|p2a: Chaos|Air Balloon
|move|p1a: Kelp|Scald|p2a: Chaos
|-supereffective|p2a: Chaos
|-damage|p2a: Chaos|67/100
|-enditem|p2a: Chaos|Air Balloon
|
|upkeep
|turn|14
|
|t:|1760878448
|switch|p1a: Double Wack|Ambipom, F, shiny|100/100
|move|p2a: Chaos|Magma Storm|p1a: Double Wack
|-damage|p1a: Double Wack|8/100
|-activate|p1a: Double Wack|move: Magma Storm|[of] p2a: Chaos
|
|-damage|p1a: Double Wack|0 fnt|[from] move: Magma Storm|[partiallytrapped]
|faint|p1a: Double Wack
|upkeep
|
|t:|1760878451
|switch|p1a: Kelp|Dragalge, F|100/100
|turn|15
|
|t:|1760878455
|move|p2a: Chaos|Magma Storm|p1a: Kelp|[miss]
|-miss|p2a: Chaos|p1a: Kelp
|move|p1a: Kelp|Scald|p2a: Chaos
|-supereffective|p2a: Chaos
|-damage|p2a: Chaos|19/100
|
|upkeep
|turn|16
|
|t:|1760878468
|move|p2a: Chaos|Magma Storm|p1a: Kelp|[miss]
|-miss|p2a: Chaos|p1a: Kelp
|move|p1a: Kelp|Scald|p2a: Chaos
|-supereffective|p2a: Chaos
|-damage|p2a: Chaos|0 fnt
|faint|p2a: Chaos
|
|upkeep
|
|t:|1760878477
|switch|p2a: Bandit|Weavile, M, shiny|49/100
|-damage|p2a: Bandit|33/100|[from] Spikes
|-ability|p2a: Bandit|Pressure
|turn|17
|
|t:|1760878484
|switch|p1a: Buzz ball|Electrode-Hisui|4/100
|move|p2a: Bandit|Triple Axel|p1a: Buzz ball
|-supereffective|p1a: Buzz ball
|-damage|p1a: Buzz ball|0 fnt
|faint|p1a: Buzz ball
|-hitcount|p1: Buzz ball|1
|
|upkeep
|
|t:|1760878489
|switch|p1a: Kelp|Dragalge, F|100/100
|turn|18
|
|t:|1760878504
|-terastallize|p1a: Kelp|Water
|move|p2a: Bandit|Triple Axel|p1a: Kelp
|-resisted|p1a: Kelp
|-damage|p1a: Kelp|92/100
|-resisted|p1a: Kelp
|-damage|p1a: Kelp|77/100
|-resisted|p1a: Kelp
|-damage|p1a: Kelp|50/100
|-hitcount|p1a: Kelp|3
|move|p1a: Kelp|Scald|p2a: Bandit
|-damage|p2a: Bandit|0 fnt
|faint|p2a: Bandit
|
|upkeep
|
|t:|1760878508
|switch|p2a: Anonymous|Ogerpon, F|100/100
|-damage|p2a: Anonymous|84/100|[from] Spikes
|turn|19
|
|t:|1760878522
|-terastallize|p2a: Anonymous|Grass
|detailschange|p2a: Anonymous|Ogerpon-Teal-Tera, F, tera:Grass
|-ability|p2a: Anonymous|Embody Aspect (Teal)|boost
|-boost|p2a: Anonymous|spe|1
|move|p2a: Anonymous|Ivy Cudgel|p1a: Kelp
|-supereffective|p1a: Kelp
|-damage|p1a: Kelp|0 fnt
|faint|p1a: Kelp
|
|win|Spotifytwinks
|raw|sly_sunflower's rating: 1114 &rarr; <strong>1090</strong><br />(-24 for losing)
|raw|Spotifytwinks's rating: 1130 &rarr; <strong>1154</strong><br />(+24 for winning)
|l|☆sly_sunflower
|player|p1|
|l|☆Spotifytwinks
|player|p2|
