|j|☆Churrini
|j|☆Beefybreath
|t:|1760789671
|gametype|singles
|player|p1|Churrini|brawly|1208
|player|p2|Beefybreath|101|1219
|gen|9
|tier|[Gen 9] OU
|rated|
|rule|HP Percentage Mod: HP is shown in percentages
|rule|Endless Battle Clause: Forcing endless battles is banned
|rule|Species Clause: Limit one of each Pokémon
|rule|OHKO Clause: OHKO moves are banned
|rule|Evasion Items Clause: Evasion items are banned
|rule|Evasion Moves Clause: Evasion moves are banned
|rule|Evasion Abilities Clause: Evasion abilities are banned
|rule|Sleep Moves Clause: Sleep-inducing moves are banned
|clearpoke
|poke|p1|Carbink|
|poke|p1|Breloom, M|
|poke|p1|Dusclops, M|
|poke|p1|Diancie|
|poke|p1|Skeledirge, F|
|poke|p1|Ursaluna, F|
|poke|p2|Kommo-o, M|
|poke|p2|Ninetales, F|
|poke|p2|Venusaur, F|
|poke|p2|Great Tusk|
|poke|p2|Chansey, F|
|poke|p2|Gliscor, F|
|teampreview
|inactive|Battle timer is ON: inactive players will automatically lose when time's up. (requested by Churrini)
|
|t:|1760789691
|teamsize|p1|6
|teamsize|p2|6
|start
|switch|p1a: Kazuya|Carbink, shiny|100/100
|switch|p2a: Gliscor|Gliscor, F|100/100
|turn|1
|
|t:|1760789707
|move|p2a: Gliscor|Knock Off|p1a: Kazuya
|-resisted|p1a: Kazuya
|-damage|p1a: Kazuya|91/100
|-enditem|p1a: Kazuya|Mental Herb|[from] move: Knock Off|[of] p2a: Gliscor
|move|p1a: Kazuya|Trick Room|p1a: Kazuya
|-fieldstart|move: Trick Room|[of] p1a: Kazuya
|
|-status|p2a: Gliscor|tox|[from] item: Toxic Orb
|upkeep
|turn|2
|
|t:|1760789717
|move|p1a: Kazuya|Gravity|p1a: Kazuya
|-fieldstart|move: Gravity
|move|p2a: Gliscor|Spikes|p1a: Kazuya
|-sidestart|p1: Churrini|Spikes
|
|upkeep
|turn|3
|
|t:|1760789726
|move|p1a: Kazuya|Misty Explosion|p2a: Gliscor
|-damage|p2a: Gliscor|71/100 tox
|faint|p1a: Kazuya
|move|p2a: Gliscor|Spikes|p1: Kazuya
|-sidestart|p1: Churrini|Spikes
|
|-heal|p2a: Gliscor|83/100 tox|[from] ability: Poison Heal
|upkeep
|
|t:|1760789731
|switch|p1a: Ursaluna|Ursaluna, F|100/100
|-damage|p1a: Ursaluna|84/100|[from] Spikes
|turn|4
|inactive|Beefybreath has 120 seconds left.
|
|t:|1760789769
|switch|p2a: Kommo-o|Kommo-o, M|100/100
|move|p1a: Ursaluna|Earthquake|p2a: Kommo-o
|-damage|p2a: Kommo-o|48/100
|
|-heal|p2a: Kommo-o|54/100|[from] item: Leftovers
|-status|p1a: Ursaluna|brn|[from] item: Flame Orb
|upkeep
|turn|5
|inactive|Beefybreath has 120 seconds left.
|
|t:|1760789786
|move|p1a: Ursaluna|Earthquake|p2a: Kommo-o
|-damage|p2a: Kommo-o|0 fnt
|faint|p2a: Kommo-o
|
|-damage|p1a: Ursaluna|78/100 brn|[from] brn
|-fieldend|move: Trick Room
|upkeep
|
|t:|1760789794
|switch|p2a: Ninetales|Ninetales, F|100/100
|-weather|SunnyDay|[from] ability: Drought|[of] p2a: Ninetales
|turn|6
|
|t:|1760789803
|switch|p2a: Gliscor|Gliscor, F|83/100 tox
|move|p1a: Ursaluna|Facade|p2a: Gliscor
|-damage|p2a: Gliscor|0 fnt
|faint|p2a: Gliscor
|
|-weather|SunnyDay|[upkeep]
|-damage|p1a: Ursaluna|71/100 brn|[from] brn
|-fieldend|move: Gravity
|upkeep
|
|t:|1760789809
|switch|p2a: Venusaur|Venusaur, F|100/100
|turn|7
|inactive|Beefybreath has 120 seconds left.
|
|t:|1760789821
|switch|p1a: George Floyd|Dusclops, M|100/100
|-damage|p1a: George Floyd|84/100|[from] Spikes
|-ability|p1a: George Floyd|Pressure
|move|p2a: Venusaur|Growth|p2a: Venusaur
|-boost|p2a: Venusaur|atk|2
|-boost|p2a: Venusaur|spa|2
|
|-weather|SunnyDay|[upkeep]
|upkeep
|turn|8
|inactive|Beefybreath has 120 seconds left.
|
|t:|1760789831
|move|p2a: Venusaur|Giga Drain|p1a: George Floyd
|-damage|p1a: George Floyd|41/100
|-damage|p2a: Venusaur|91/100|[from] item: Life Orb
|move|p1a: George Floyd|Trick Room|p1a: George Floyd
|-fieldstart|move: Trick Room|[of] p1a: George Floyd
|
|-weather|SunnyDay|[upkeep]
|upkeep
|turn|9
|inactive|Beefybreath has 120 seconds left.
|
|t:|1760789857
|move|p1a: George Floyd|Night Shade|p2a: Venusaur
|-damage|p2a: Venusaur|57/100
|move|p2a: Venusaur|Giga Drain|p1a: George Floyd
|-damage|p1a: George Floyd|0 fnt
|-heal|p2a: Venusaur|77/100|[from] drain|[of] p1a: George Floyd
|faint|p1a: George Floyd
|-damage|p2a: Venusaur|67/100|[from] item: Life Orb
|
|-weather|SunnyDay|[upkeep]
|upkeep
|
|t:|1760789864
|switch|p1a: Ursaluna|Ursaluna, F|71/100 brn
|-damage|p1a: Ursaluna|55/100 brn|[from] Spikes
|turn|10
|inactive|Beefybreath has 90 seconds left.
|
|t:|1760789909
|switch|p2a: Great Tusk|Great Tusk|100/100
|-activate|p2a: Great Tusk|ability: Protosynthesis
|-start|p2a: Great Tusk|protosynthesisatk
|move|p1a: Ursaluna|Facade|p2a: Great Tusk
|-damage|p2a: Great Tusk|6/100
|
|-weather|SunnyDay|[upkeep]
|-damage|p1a: Ursaluna|49/100 brn|[from] brn
|upkeep
|turn|11
|
|t:|1760789931
|-end|p2a: Great Tusk|Protosynthesis|[silent]
|switch|p2a: Chansey|Chansey, F|100/100
|move|p1a: Ursaluna|Facade|p2a: Chansey
|-damage|p2a: Chansey|0 fnt
|faint|p2a: Chansey
|
|-weather|SunnyDay|[upkeep]
|-damage|p1a: Ursaluna|42/100 brn|[from] brn
|upkeep
|c|☆Churrini|XD
|inactive|Beefybreath has 60 seconds left.
|
|t:|1760789946
|switch|p2a: Great Tusk|Great Tusk|6/100
|-activate|p2a: Great Tusk|ability: Protosynthesis
|-start|p2a: Great Tusk|protosynthesisatk
|turn|12
|
|t:|1760789949
|move|p1a: Ursaluna|Facade|p2a: Great Tusk
|-damage|p2a: Great Tusk|0 fnt
|faint|p2a: Great Tusk
|-end|p2a: Great Tusk|Protosynthesis|[silent]
|
|-weather|SunnyDay|[upkeep]
|-damage|p1a: Ursaluna|36/100 brn|[from] brn
|-fieldend|move: Trick Room
|upkeep
|
|t:|1760789953
|switch|p2a: Venusaur|Venusaur, F|67/100
|turn|13
|
|t:|1760789960
|move|p2a: Venusaur|Giga Drain|p1a: Ursaluna
|-supereffective|p1a: Ursaluna
|-damage|p1a: Ursaluna|0 fnt
|-heal|p2a: Venusaur|94/100|[from] drain|[of] p1a: Ursaluna
|faint|p1a: Ursaluna
|-damage|p2a: Venusaur|84/100|[from] item: Life Orb
|
|-weather|none
|upkeep
|
|t:|1760789972
|switch|p1a: Skeledirge|Skeledirge, F|100/100
|turn|14
|
|t:|1760789979
|switch|p2a: Ninetales|Ninetales, F|100/100
|-weather|SunnyDay|[from] ability: Drought|[of] p2a: Ninetales
|move|p1a: Skeledirge|Torch Song|p2a: Ninetales
|-resisted|p2a: Ninetales
|-damage|p2a: Ninetales|79/100
|-boost|p1a: Skeledirge|spa|1
|
|-weather|SunnyDay|[upkeep]
|upkeep
|turn|15
|inactive|Beefybreath has 90 seconds left.
|
|t:|1760790003
|-terastallize|p1a: Skeledirge|Fairy
|move|p2a: Ninetales|Weather Ball|p1a: Skeledirge
|-damage|p1a: Skeledirge|71/100
|move|p1a: Skeledirge|Torch Song|p2a: Ninetales
|-resisted|p2a: Ninetales
|-damage|p2a: Ninetales|45/100
|-boost|p1a: Skeledirge|spa|1
|
|-weather|SunnyDay|[upkeep]
|upkeep
|turn|16
|
|t:|1760790012
|move|p2a: Ninetales|Weather Ball|p1a: Skeledirge
|-damage|p1a: Skeledirge|41/100
|move|p1a: Skeledirge|Slack Off|p1a: Skeledirge
|-heal|p1a: Skeledirge|91/100
|
|-weather|SunnyDay|[upkeep]
|upkeep
|turn|17
|
|t:|1760790018
|move|p2a: Ninetales|Encore|p1a: Skeledirge
|-start|p1a: Skeledirge|Encore
|move|p1a: Skeledirge|Slack Off|p1a: Skeledirge
|-heal|p1a: Skeledirge|100/100
|
|-weather|SunnyDay|[upkeep]
|upkeep
|turn|18
|
|t:|1760790021
|switch|p2a: Venusaur|Venusaur, F|84/100
|move|p1a: Skeledirge|Slack Off||[still]
|-fail|p1a: Skeledirge|heal
|
|-weather|SunnyDay|[upkeep]
|upkeep
|turn|19
|
|t:|1760790029
|move|p2a: Venusaur|Growth|p2a: Venusaur
|-boost|p2a: Venusaur|atk|2
|-boost|p2a: Venusaur|spa|2
|move|p1a: Skeledirge|Slack Off||[still]
|-fail|p1a: Skeledirge|heal
|
|-weather|SunnyDay|[upkeep]
|-end|p1a: Skeledirge|Encore
|upkeep
|turn|20
|inactive|Beefybreath has 120 seconds left.
|
|t:|1760790046
|-terastallize|p2a: Venusaur|Fire
|move|p2a: Venusaur|Growth|p2a: Venusaur
|-boost|p2a: Venusaur|atk|2
|-boost|p2a: Venusaur|spa|2
|move|p1a: Skeledirge|Torch Song|p2a: Venusaur
|-resisted|p2a: Venusaur
|-damage|p2a: Venusaur|32/100
|-boost|p1a: Skeledirge|spa|1
|
|-weather|SunnyDay|[upkeep]
|upkeep
|turn|21
|inactive|Beefybreath has 120 seconds left.
|
|t:|1760790054
|move|p2a: Venusaur|Sludge Bomb|p1a: Skeledirge
|-supereffective|p1a: Skeledirge
|-damage|p1a: Skeledirge|27/100
|-damage|p2a: Venusaur|22/100|[from] item: Life Orb
|move|p1a: Skeledirge|Torch Song|p2a: Venusaur
|-resisted|p2a: Venusaur
|-damage|p2a: Venusaur|0 fnt
|-boost|p1a: Skeledirge|spa|1
|faint|p2a: Venusaur
|
|-weather|none
|upkeep
|inactive|Beefybreath has 120 seconds left.
|
|t:|1760790060
|switch|p2a: Ninetales|Ninetales, F|45/100
|-weather|SunnyDay|[from] ability: Drought|[of] p2a: Ninetales
|turn|22
|
|t:|1760790064
|move|p2a: Ninetales|Weather Ball|p1a: Skeledirge
|-damage|p1a: Skeledirge|0 fnt
|faint|p1a: Skeledirge
|
|-weather|SunnyDay|[upkeep]
|upkeep
|
|t:|1760790068
|switch|p1a: Pablo Motos|Breloom, M|100/100
|-damage|p1a: Pablo Motos|84/100|[from] Spikes
|turn|23
|
|t:|1760790073
|move|p1a: Pablo Motos|Mach Punch|p2a: Ninetales
|-damage|p2a: Ninetales|0 fnt
|faint|p2a: Ninetales
|-damage|p1a: Pablo Motos|74/100|[from] item: Life Orb
|
|win|Churrini
|raw|Churrini's rating: 1208 &rarr; <strong>1234</strong><br />(+26 for winning)
|raw|Beefybreath's rating: 1219 &rarr; <strong>1193</strong><br />(-26 for losing)
|l|☆Beefybreath
|player|p2|
|c|☆Churrini|gg
