|j|☆catsdabest
|j|☆blackgokuking
|t:|1760737661
|gametype|singles
|player|p1|catsdabest|firebreather|1547
|player|p2|blackgokuking|depotagent|1501
|gen|9
|tier|[Gen 9] OU
|rated|
|rule|HP Percentage Mod: HP is shown in percentages
|rule|Endless Battle Clause: Forcing endless battles is banned
|rule|Species Clause: Limit one of each Pokémon
|rule|OHKO Clause: OHKO moves are banned
|rule|Evasion Items Clause: Evasion items are banned
|rule|Evasion Moves Clause: Evasion moves are banned
|rule|Evasion Abilities Clause: Evasion abilities are banned
|rule|Sleep Moves Clause: Sleep-inducing moves are banned
|clearpoke
|poke|p1|Ribombee, F|
|poke|p1|Gholdengo|
|poke|p1|Kingambit, M|
|poke|p1|Great Tusk|
|poke|p1|Enamorus, F|
|poke|p1|Landorus-Therian, M|
|poke|p2|Rillaboom, M|
|poke|p2|Magnezone|
|poke|p2|Great Tusk|
|poke|p2|Dragapult, F|
|poke|p2|Kingambit, M|
|poke|p2|Tornadus-Therian, M|
|teampreview
|
|t:|1760737669
|teamsize|p1|6
|teamsize|p2|6
|start
|switch|p1a: Mosquito|Ribombee, F|100/100
|switch|p2a: Magnezone|Magnezone|100/100
|turn|1
|
|t:|1760737675
|move|p1a: Mosquito|Sticky Web|p2a: Magnezone
|-sidestart|p2: blackgokuking|move: Sticky Web
|move|p2a: Magnezone|Flash Cannon|p1a: Mosquito
|-supereffective|p1a: Mosquito
|-enditem|p1a: Mosquito|Focus Sash
|-damage|p1a: Mosquito|1/100
|
|upkeep
|turn|2
|
|t:|1760737680
|move|p1a: Mosquito|Moonblast|p2a: Magnezone
|-resisted|p2a: Magnezone
|-damage|p2a: Magnezone|75/100
|-unboost|p2a: Magnezone|spa|1
|move|p2a: Magnezone|Flash Cannon|p1a: Mosquito
|-supereffective|p1a: Mosquito
|-damage|p1a: Mosquito|0 fnt
|faint|p1a: Mosquito
|
|upkeep
|
|t:|1760737699
|switch|p1a: Landorus|Landorus-Therian, M|100/100
|-ability|p1a: Landorus|Intimidate|boost
|-unboost|p2a: Magnezone|atk|1
|turn|3
|
|t:|1760737709
|switch|p2a: Rillaboom|Rillaboom, M|100/100
|-activate|p2a: Rillaboom|move: Sticky Web
|-unboost|p2a: Rillaboom|spe|1
|-fieldstart|move: Grassy Terrain|[from] ability: Grassy Surge|[of] p2a: Rillaboom
|move|p1a: Landorus|U-turn|p2a: Rillaboom
|-supereffective|p2a: Rillaboom
|-damage|p2a: Rillaboom|0 fnt
|faint|p2a: Rillaboom
|
|t:|1760737723
|switch|p1a: Enamorus|Enamorus, F|100/100|[from] U-turn
|
|upkeep
|inactive|Battle timer is ON: inactive players will automatically lose when time's up. (requested by catsdabest)
|
|t:|1760737729
|switch|p2a: Tornadus|Tornadus-Therian, M|100/100
|turn|4
|
|t:|1760737737
|move|p2a: Tornadus|Knock Off|p1a: Enamorus
|-resisted|p1a: Enamorus
|-damage|p1a: Enamorus|85/100
|-enditem|p1a: Enamorus|Choice Specs|[from] move: Knock Off|[of] p2a: Tornadus
|move|p1a: Enamorus|Moonblast|p2a: Tornadus
|-damage|p2a: Tornadus|62/100
|
|upkeep
|turn|5
|
|t:|1760737752
|move|p2a: Tornadus|Bleakwind Storm|p1a: Enamorus|[miss]
|-miss|p2a: Tornadus|p1a: Enamorus
|move|p1a: Enamorus|Moonblast|p2a: Tornadus
|-damage|p2a: Tornadus|23/100
|
|upkeep
|turn|6
|
|t:|1760737757
|move|p2a: Tornadus|U-turn|p1a: Enamorus
|-resisted|p1a: Enamorus
|-damage|p1a: Enamorus|80/100
|
|t:|1760737759
|switch|p2a: Magnezone|Magnezone|75/100|[from] U-turn
|-activate|p2a: Magnezone|move: Sticky Web
|-unboost|p2a: Magnezone|spe|1
|move|p1a: Enamorus|Moonblast|p2a: Magnezone
|-resisted|p2a: Magnezone
|-damage|p2a: Magnezone|37/100
|
|-heal|p2a: Magnezone|43/100|[from] Grassy Terrain
|upkeep
|turn|7
|
|t:|1760737765
|switch|p2a: Tornadus|Tornadus-Therian, M|56/100
|move|p1a: Enamorus|Mystical Fire|p2a: Tornadus
|-damage|p2a: Tornadus|37/100
|-unboost|p2a: Tornadus|spa|1
|
|-fieldend|move: Grassy Terrain
|upkeep
|turn|8
|
|t:|1760737772
|move|p2a: Tornadus|U-turn|p1a: Enamorus
|-resisted|p1a: Enamorus
|-damage|p1a: Enamorus|74/100
|
|t:|1760737775
|switch|p2a: Magnezone|Magnezone|43/100|[from] U-turn
|-activate|p2a: Magnezone|move: Sticky Web
|-unboost|p2a: Magnezone|spe|1
|move|p1a: Enamorus|Moonblast|p2a: Magnezone
|-resisted|p2a: Magnezone
|-damage|p2a: Magnezone|4/100
|-unboost|p2a: Magnezone|spa|1
|
|upkeep
|turn|9
|
|t:|1760737779
|move|p1a: Enamorus|Mystical Fire|p2a: Magnezone
|-supereffective|p2a: Magnezone
|-damage|p2a: Magnezone|0 fnt
|faint|p2a: Magnezone
|
|upkeep
|
|t:|1760737781
|switch|p2a: Tornadus|Tornadus-Therian, M|70/100
|turn|10
|
|t:|1760737789
|switch|p1a: Kingambit|Kingambit, M|100/100
|-activate|p1a: Kingambit|ability: Supreme Overlord
|-start|p1a: Kingambit|fallen1|[silent]
|move|p2a: Tornadus|Bleakwind Storm|p1a: Kingambit
|-resisted|p1a: Kingambit
|-damage|p1a: Kingambit|78/100
|
|upkeep
|turn|11
|
|t:|1760737795
|move|p2a: Tornadus|Heat Wave|p1a: Kingambit
|-supereffective|p1a: Kingambit
|-damage|p1a: Kingambit|26/100
|-status|p1a: Kingambit|brn
|move|p1a: Kingambit|Kowtow Cleave|p2a: Tornadus
|-damage|p2a: Tornadus|34/100
|
|-damage|p1a: Kingambit|20/100 brn|[from] brn
|upkeep
|turn|12
|
|t:|1760737805
|switch|p2a: Great Tusk|Great Tusk|100/100
|-activate|p2a: Great Tusk|move: Sticky Web
|-unboost|p2a: Great Tusk|spe|1
|move|p1a: Kingambit|Sucker Punch||[still]
|-fail|p1a: Kingambit
|
|-damage|p1a: Kingambit|14/100 brn|[from] brn
|upkeep
|turn|13
|
|t:|1760737811
|-end|p1a: Kingambit|fallen1|[silent]
|switch|p1a: Gholdengo|Gholdengo|100/100
|-item|p1a: Gholdengo|Air Balloon
|move|p2a: Great Tusk|Stealth Rock|p1a: Gholdengo
|-sidestart|p1: catsdabest|move: Stealth Rock
|
|upkeep
|turn|14
|
|t:|1760737817
|-end|p2a: Great Tusk|Protosynthesis|[silent]
|switch|p2a: Tornadus|Tornadus-Therian, M|67/100
|move|p1a: Gholdengo|Make It Rain|p2a: Tornadus
|-damage|p2a: Tornadus|17/100
|-unboost|p1a: Gholdengo|spa|1
|
|upkeep
|turn|15
|
|t:|1760737823
|switch|p2a: Kingambit|Kingambit, M|100/100
|-activate|p2a: Kingambit|move: Sticky Web
|-unboost|p2a: Kingambit|spe|1
|-activate|p2a: Kingambit|ability: Supreme Overlord
|-start|p2a: Kingambit|fallen2|[silent]
|move|p1a: Gholdengo|Make It Rain|p2a: Kingambit
|-resisted|p2a: Kingambit
|-damage|p2a: Kingambit|80/100
|-unboost|p1a: Gholdengo|spa|1
|
|upkeep
|turn|16
|
|t:|1760737833
|switch|p1a: Kingambit|Kingambit, M|14/100 brn
|-damage|p1a: Kingambit|8/100 brn|[from] Stealth Rock
|-activate|p1a: Kingambit|ability: Supreme Overlord
|-start|p1a: Kingambit|fallen1|[silent]
|move|p2a: Kingambit|Iron Head|p1a: Kingambit
|-resisted|p1a: Kingambit
|-crit|p1a: Kingambit
|-damage|p1a: Kingambit|0 fnt
|faint|p1a: Kingambit
|-end|p1a: Kingambit|fallen1|[silent]
|
|upkeep
|
|t:|1760737836
|switch|p1a: Great Tusk|Great Tusk|100/100
|-damage|p1a: Great Tusk|98/100|[from] Stealth Rock
|-enditem|p1a: Great Tusk|Booster Energy
|-activate|p1a: Great Tusk|ability: Protosynthesis|[fromitem]
|-start|p1a: Great Tusk|protosynthesisatk
|turn|17
|
|t:|1760737844
|-terastallize|p2a: Kingambit|Ghost
|move|p1a: Great Tusk|Rapid Spin|p2a: Kingambit
|-immune|p2a: Kingambit
|move|p2a: Kingambit|Iron Head|p1a: Great Tusk
|-damage|p1a: Great Tusk|57/100
|
|upkeep
|turn|18
|
|t:|1760737851
|-end|p2a: Kingambit|fallen2|[silent]
|switch|p2a: Tornadus|Tornadus-Therian, M|50/100
|move|p1a: Great Tusk|Headlong Rush|p2a: Tornadus
|-immune|p2a: Tornadus
|
|upkeep
|turn|19
|
|t:|1760737861
|move|p2a: Tornadus|Bleakwind Storm|p1a: Great Tusk
|-supereffective|p1a: Great Tusk
|-damage|p1a: Great Tusk|0 fnt
|faint|p1a: Great Tusk
|-end|p1a: Great Tusk|Protosynthesis|[silent]
|
|upkeep
|
|t:|1760737865
|switch|p1a: Landorus|Landorus-Therian, M|100/100
|-damage|p1a: Landorus|88/100|[from] Stealth Rock
|-ability|p1a: Landorus|Intimidate|boost
|-unboost|p2a: Tornadus|atk|1
|turn|20
|
|t:|1760737869
|switch|p2a: Great Tusk|Great Tusk|100/100
|-activate|p2a: Great Tusk|move: Sticky Web
|-unboost|p2a: Great Tusk|spe|1
|-terastallize|p1a: Landorus|Flying
|move|p1a: Landorus|Tera Blast|p2a: Great Tusk|[anim] Tera Blast Flying
|-supereffective|p2a: Great Tusk
|-damage|p2a: Great Tusk|15/100
|
|upkeep
|turn|21
|
|t:|1760737883
|move|p1a: Landorus|Tera Blast|p2a: Great Tusk|[anim] Tera Blast Flying
|-supereffective|p2a: Great Tusk
|-damage|p2a: Great Tusk|0 fnt
|faint|p2a: Great Tusk
|-end|p2a: Great Tusk|Protosynthesis|[silent]
|
|upkeep
|
|t:|1760737901
|switch|p2a: Tornadus|Tornadus-Therian, M|83/100
|turn|22
|
|t:|1760737906
|move|p2a: Tornadus|Knock Off|p1a: Landorus
|-damage|p1a: Landorus|63/100
|-enditem|p1a: Landorus|Choice Band|[from] move: Knock Off|[of] p2a: Tornadus
|move|p1a: Landorus|Tera Blast|p2a: Tornadus|[anim] Tera Blast Flying
|-damage|p2a: Tornadus|11/100
|
|upkeep
|turn|23
|
|t:|1760737926
|move|p2a: Tornadus|U-turn|p1a: Landorus
|-resisted|p1a: Landorus
|-damage|p1a: Landorus|54/100
|
|t:|1760737933
|switch|p2a: Dragapult|Dragapult, F|100/100|[from] U-turn
|-activate|p2a: Dragapult|move: Sticky Web
|-unboost|p2a: Dragapult|spe|1
|move|p1a: Landorus|Tera Blast|p2a: Dragapult|[anim] Tera Blast Flying
|-damage|p2a: Dragapult|7/100
|
|upkeep
|turn|24
|
|t:|1760737939
|move|p1a: Landorus|Tera Blast|p2a: Dragapult|[anim] Tera Blast Flying
|-damage|p2a: Dragapult|0 fnt
|faint|p2a: Dragapult
|
|upkeep
|
|t:|1760737941
|switch|p2a: Kingambit|Kingambit, M, tera:Ghost|80/100
|-activate|p2a: Kingambit|move: Sticky Web
|-unboost|p2a: Kingambit|spe|1
|-activate|p2a: Kingambit|ability: Supreme Overlord
|-start|p2a: Kingambit|fallen4|[silent]
|turn|25
|
|t:|1760737956
|switch|p1a: Gholdengo|Gholdengo|100/100
|-damage|p1a: Gholdengo|94/100|[from] Stealth Rock
|-item|p1a: Gholdengo|Air Balloon
|move|p2a: Kingambit|Sucker Punch||[still]
|-fail|p2a: Kingambit
|
|upkeep
|turn|26
|
|t:|1760737963
|-end|p2a: Kingambit|fallen4|[silent]
|switch|p2a: Tornadus|Tornadus-Therian, M|44/100
|move|p1a: Gholdengo|Shadow Ball|p2a: Tornadus
|-damage|p2a: Tornadus|9/100
|-unboost|p2a: Tornadus|spd|1
|
|upkeep
|turn|27
|
|t:|1760737971
|move|p2a: Tornadus|Heat Wave|p1a: Gholdengo
|-supereffective|p1a: Gholdengo
|-crit|p1a: Gholdengo
|-damage|p1a: Gholdengo|7/100
|-enditem|p1a: Gholdengo|Air Balloon
|move|p1a: Gholdengo|Shadow Ball|p2a: Tornadus
|-damage|p2a: Tornadus|0 fnt
|faint|p2a: Tornadus
|
|upkeep
|
|t:|1760737975
|switch|p2a: Kingambit|Kingambit, M, tera:Ghost|80/100
|-activate|p2a: Kingambit|move: Sticky Web
|-unboost|p2a: Kingambit|spe|1
|-activate|p2a: Kingambit|ability: Supreme Overlord
|-start|p2a: Kingambit|fallen5|[silent]
|turn|28
|
|t:|1760737980
|switch|p1a: Landorus|Landorus-Therian, M, tera:Flying|54/100
|-damage|p1a: Landorus|29/100|[from] Stealth Rock
|-ability|p1a: Landorus|Intimidate|boost
|-unboost|p2a: Kingambit|atk|1
|move|p2a: Kingambit|Sucker Punch||[still]
|-fail|p2a: Kingambit
|
|upkeep
|turn|29
|
|t:|1760737987
|switch|p1a: Gholdengo|Gholdengo|7/100
|-damage|p1a: Gholdengo|1/100|[from] Stealth Rock
|move|p2a: Kingambit|Sucker Punch||[still]
|-fail|p2a: Kingambit
|
|upkeep
|turn|30
|
|t:|1760737990
|move|p2a: Kingambit|Sucker Punch|p1a: Gholdengo
|-supereffective|p1a: Gholdengo
|-damage|p1a: Gholdengo|0 fnt
|faint|p1a: Gholdengo
|
|upkeep
|
|t:|1760737991
|switch|p1a: Landorus|Landorus-Therian, M, tera:Flying|29/100
|-damage|p1a: Landorus|4/100|[from] Stealth Rock
|-ability|p1a: Landorus|Intimidate|boost
|-unboost|p2a: Kingambit|atk|1
|turn|31
|
|t:|1760737996
|move|p2a: Kingambit|Sucker Punch|p1a: Landorus
|-damage|p1a: Landorus|0 fnt
|faint|p1a: Landorus
|
|upkeep
|
|t:|1760737998
|switch|p1a: Enamorus|Enamorus, F|74/100
|-damage|p1a: Enamorus|49/100|[from] Stealth Rock
|turn|32
|
|t:|1760738002
|move|p1a: Enamorus|Moonblast|p2a: Kingambit
|-damage|p2a: Kingambit|28/100
|move|p2a: Kingambit|Iron Head|p1a: Enamorus
|-supereffective|p1a: Enamorus
|-damage|p1a: Enamorus|0 fnt
|faint|p1a: Enamorus
|
|win|blackgokuking
|raw|catsdabest's rating: 1547 &rarr; <strong>1524</strong><br />(-23 for losing)
|raw|blackgokuking's rating: 1501 &rarr; <strong>1524</strong><br />(+23 for winning)
|l|☆blackgokuking
|player|p2|
|l|☆catsdabest
|player|p1|
