|j|☆ethanwayneooo
|j|☆Runredrun
|t:|1760739292
|gametype|singles
|player|p1|ethanwayneooo|1|1085
|player|p2|Runredrun|cameraman|1063
|gen|9
|tier|[Gen 9] OU
|rated|
|rule|HP Percentage Mod: HP is shown in percentages
|rule|Endless Battle Clause: Forcing endless battles is banned
|rule|Species Clause: Limit one of each Pokémon
|rule|OHKO Clause: OHKO moves are banned
|rule|Evasion Items Clause: Evasion items are banned
|rule|Evasion Moves Clause: Evasion moves are banned
|rule|Evasion Abilities Clause: Evasion abilities are banned
|rule|Sleep Moves Clause: Sleep-inducing moves are banned
|clearpoke
|poke|p1|Glimmora, M|
|poke|p1|Chandelure, F|
|poke|p1|Gliscor, M|
|poke|p1|Meowscarada, M|
|poke|p1|Garganacl, M|
|poke|p1|Gholdengo|
|poke|p2|Illumise, F|
|poke|p2|Rhydon, M|
|poke|p2|Suicune|
|poke|p2|Vileplume, F|
|poke|p2|Zapdos-Galar|
|poke|p2|Komala, F|
|teampreview
|
|t:|1760739299
|teamsize|p1|6
|teamsize|p2|6
|start
|switch|p1a: Glimmora|Glimmora, M|100/100
|switch|p2a: Mary Jane|Illumise, F, shiny|100/100
|turn|1
|inactive|Battle timer is ON: inactive players will automatically lose when time's up. (requested by Runredrun)
|
|t:|1760739310
|move|p2a: Mary Jane|Trick|p1a: Glimmora
|-activate|p2a: Mary Jane|move: Trick|[of] p1a: Glimmora
|-item|p1a: Glimmora|Sticky Barb|[from] move: Trick
|-item|p2a: Mary Jane|Assault Vest|[from] move: Trick
|move|p1a: Glimmora|Meteor Beam||[still]
|-prepare|p1a: Glimmora|Meteor Beam
|-boost|p1a: Glimmora|spa|1
|
|-damage|p1a: Glimmora|88/100|[from] item: Sticky Barb
|upkeep
|turn|2
|
|t:|1760739319
|move|p1a: Glimmora|Meteor Beam|p2a: Mary Jane|[from] lockedmove
|-supereffective|p2a: Mary Jane
|-damage|p2a: Mary Jane|0 fnt
|faint|p2a: Mary Jane
|
|-damage|p1a: Glimmora|76/100|[from] item: Sticky Barb
|upkeep
|
|t:|1760739333
|switch|p2a: Komala|Komala, F, shiny|100/100
|-ability|p2a: Komala|Comatose
|turn|3
|
|t:|1760739350
|switch|p1a: Gholdengo|Gholdengo|100/100
|-item|p1a: Gholdengo|Air Balloon
|move|p2a: Komala|Rapid Spin|p1a: Gholdengo
|-immune|p1a: Gholdengo
|
|upkeep
|turn|4
|
|t:|1760739359
|move|p1a: Gholdengo|Nasty Plot|p1a: Gholdengo
|-boost|p1a: Gholdengo|spa|2
|move|p2a: Komala|Knock Off|p1a: Gholdengo
|-supereffective|p1a: Gholdengo
|-damage|p1a: Gholdengo|37/100
|-enditem|p1a: Gholdengo|Air Balloon
|
|upkeep
|turn|5
|
|t:|1760739368
|move|p1a: Gholdengo|Focus Blast|p2a: Komala
|-supereffective|p2a: Komala
|-damage|p2a: Komala|0 fnt
|faint|p2a: Komala
|
|upkeep
|
|t:|1760739377
|switch|p2a: I Believe in You|Rhydon, M, shiny|100/100
|turn|6
|
|t:|1760739385
|-terastallize|p2a: I Believe in You|Flying
|move|p1a: Gholdengo|Focus Blast|p2a: I Believe in You
|-resisted|p2a: I Believe in You
|-damage|p2a: I Believe in You|61/100
|move|p2a: I Believe in You|Earthquake|p1a: Gholdengo
|-supereffective|p1a: Gholdengo
|-damage|p1a: Gholdengo|0 fnt
|faint|p1a: Gholdengo
|
|upkeep
|
|t:|1760739400
|switch|p1a: Garganacl|Garganacl, M|100/100
|turn|7
|
|t:|1760739404
|move|p1a: Garganacl|Salt Cure|p2a: I Believe in You
|-supereffective|p2a: I Believe in You
|-damage|p2a: I Believe in You|46/100
|-start|p2a: I Believe in You|Salt Cure
|move|p2a: I Believe in You|Stealth Rock|p1a: Garganacl
|-sidestart|p1: ethanwayneooo|move: Stealth Rock
|
|-damage|p2a: I Believe in You|34/100|[from] Salt Cure
|upkeep
|turn|8
|
|t:|1760739413
|switch|p2a: Vileplume|Vileplume, F, shiny|100/100
|move|p1a: Garganacl|Stealth Rock|p2a: Vileplume
|-sidestart|p2: Runredrun|move: Stealth Rock
|
|upkeep
|turn|9
|
|t:|1760739422
|move|p2a: Vileplume|Giga Drain|p1a: Garganacl
|-supereffective|p1a: Garganacl
|-damage|p1a: Garganacl|31/100
|move|p1a: Garganacl|Salt Cure|p2a: Vileplume
|-damage|p2a: Vileplume|82/100
|-start|p2a: Vileplume|Salt Cure
|
|-heal|p1a: Garganacl|37/100|[from] item: Leftovers
|-damage|p2a: Vileplume|69/100|[from] Salt Cure
|upkeep
|turn|10
|
|t:|1760739442
|switch|p1a: Gliscor|Gliscor, M|100/100
|-damage|p1a: Gliscor|88/100|[from] Stealth Rock
|move|p2a: Vileplume|Sludge Wave|p1a: Gliscor
|-resisted|p1a: Gliscor
|-damage|p1a: Gliscor|57/100
|
|-damage|p2a: Vileplume|57/100|[from] Salt Cure
|-status|p1a: Gliscor|tox|[from] item: Toxic Orb
|upkeep
|turn|11
|
|t:|1760739455
|move|p1a: Gliscor|Swords Dance|p1a: Gliscor
|-boost|p1a: Gliscor|atk|2
|move|p2a: Vileplume|Giga Drain|p1a: Gliscor
|-damage|p1a: Gliscor|11/100 tox
|-heal|p2a: Vileplume|77/100|[from] drain|[of] p1a: Gliscor
|
|-heal|p1a: Gliscor|23/100 tox|[from] ability: Poison Heal
|-damage|p2a: Vileplume|64/100|[from] Salt Cure
|upkeep
|turn|12
|
|t:|1760739467
|move|p1a: Gliscor|Dual Wingbeat|p2a: Vileplume
|-supereffective|p2a: Vileplume
|-damage|p2a: Vileplume|0 fnt
|-damage|p1a: Gliscor|7/100 tox|[from] item: Rocky Helmet|[of] p2a: Vileplume
|faint|p2a: Vileplume
|-hitcount|p2: Vileplume|1
|
|-heal|p1a: Gliscor|19/100 tox|[from] ability: Poison Heal
|upkeep
|
|t:|1760739477
|switch|p2a: DRover|Suicune, shiny|100/100
|-damage|p2a: DRover|88/100|[from] Stealth Rock
|-ability|p2a: DRover|Pressure
|turn|13
|
|t:|1760739487
|move|p1a: Gliscor|Dual Wingbeat|p2a: DRover
|-damage|p2a: DRover|67/100
|-damage|p2a: DRover|44/100
|-hitcount|p2a: DRover|2
|move|p2a: DRover|Ice Beam|p1a: Gliscor
|-supereffective|p1a: Gliscor
|-damage|p1a: Gliscor|0 fnt
|faint|p1a: Gliscor
|
|-heal|p2a: DRover|50/100|[from] item: Leftovers
|upkeep
|
|t:|1760739500
|switch|p1a: Chandelure|Chandelure, F|100/100
|-damage|p1a: Chandelure|76/100|[from] Stealth Rock
|-item|p1a: Chandelure|Air Balloon
|turn|14
|
|t:|1760739510
|move|p1a: Chandelure|Energy Ball|p2a: DRover
|-supereffective|p2a: DRover
|-damage|p2a: DRover|3/100
|move|p2a: DRover|Rest|p2a: DRover
|-status|p2a: DRover|slp|[from] move: Rest
|-heal|p2a: DRover|100/100 slp|[silent]
|
|upkeep
|turn|15
|
|t:|1760739519
|move|p1a: Chandelure|Calm Mind|p1a: Chandelure
|-boost|p1a: Chandelure|spa|1
|-boost|p1a: Chandelure|spd|1
|cant|p2a: DRover|slp
|move|p2a: DRover|Sleep Talk|p2a: DRover
|move|p2a: DRover|Rest||[from] move: Sleep Talk|[still]
|-fail|p2a: DRover
|
|upkeep
|turn|16
|
|t:|1760739530
|move|p1a: Chandelure|Energy Ball|p2a: DRover
|-supereffective|p2a: DRover
|-damage|p2a: DRover|34/100 slp
|-unboost|p2a: DRover|spd|1
|cant|p2a: DRover|slp
|move|p2a: DRover|Sleep Talk|p2a: DRover
|move|p2a: DRover|Ice Beam|p1a: Chandelure|[from] move: Sleep Talk
|-resisted|p1a: Chandelure
|-damage|p1a: Chandelure|66/100
|-enditem|p1a: Chandelure|Air Balloon
|
|-heal|p2a: DRover|40/100 slp|[from] item: Leftovers
|upkeep
|turn|17
|
|t:|1760739549
|move|p1a: Chandelure|Energy Ball|p2a: DRover
|-supereffective|p2a: DRover
|-damage|p2a: DRover|0 fnt
|faint|p2a: DRover
|
|upkeep
|
|t:|1760739554
|switch|p2a: I Believe in You|Rhydon, M, shiny, tera:Flying|34/100
|-damage|p2a: I Believe in You|9/100|[from] Stealth Rock
|turn|18
|
|t:|1760739562
|move|p1a: Chandelure|Energy Ball|p2a: I Believe in You
|-resisted|p2a: I Believe in You
|-damage|p2a: I Believe in You|0 fnt
|faint|p2a: I Believe in You
|
|upkeep
|
|t:|1760739566
|switch|p2a: Zapdos|Zapdos-Galar, shiny|100/100
|-damage|p2a: Zapdos|88/100|[from] Stealth Rock
|turn|19
|
|t:|1760739581
|move|p2a: Zapdos|Drill Peck|p1a: Chandelure
|-damage|p1a: Chandelure|13/100
|move|p1a: Chandelure|Calm Mind|p1a: Chandelure
|-boost|p1a: Chandelure|spa|1
|-boost|p1a: Chandelure|spd|1
|
|upkeep
|turn|20
|
|t:|1760739589
|move|p2a: Zapdos|Drill Peck|p1a: Chandelure
|-damage|p1a: Chandelure|0 fnt
|faint|p1a: Chandelure
|
|upkeep
|
|t:|1760739600
|switch|p1a: Garganacl|Garganacl, M|37/100
|-damage|p1a: Garganacl|25/100|[from] Stealth Rock
|turn|21
|
|t:|1760739607
|move|p2a: Zapdos|Thunderous Kick|p1a: Garganacl
|-supereffective|p1a: Garganacl
|-damage|p1a: Garganacl|0 fnt
|faint|p1a: Garganacl
|
|upkeep
|
|t:|1760739617
|switch|p1a: Glimmora|Glimmora, M|76/100
|-damage|p1a: Glimmora|63/100|[from] Stealth Rock
|turn|22
|
|t:|1760739623
|move|p2a: Zapdos|Thunderous Kick|p1a: Glimmora
|-damage|p1a: Glimmora|6/100
|-unboost|p1a: Glimmora|def|1
|-activate|p1a: Glimmora|ability: Toxic Debris
|-sidestart|p2: Runredrun|move: Toxic Spikes
|move|p1a: Glimmora|Earth Power|p2a: Zapdos
|-immune|p2a: Zapdos
|
|-damage|p1a: Glimmora|0 fnt|[from] item: Sticky Barb
|faint|p1a: Glimmora
|upkeep
|
|t:|1760739637
|switch|p1a: Meowscarada|Meowscarada, M|100/100
|-damage|p1a: Meowscarada|88/100|[from] Stealth Rock
|turn|23
|
|t:|1760739649
|move|p2a: Zapdos|Thunderous Kick|p1a: Meowscarada
|-supereffective|p1a: Meowscarada
|-damage|p1a: Meowscarada|0 fnt
|faint|p1a: Meowscarada
|
|win|Runredrun
|raw|ethanwayneooo's rating: 1085 &rarr; <strong>1061</strong><br />(-24 for losing)
|raw|Runredrun's rating: 1063 &rarr; <strong>1095</strong><br />(+32 for winning)
|l|☆ethanwayneooo
|player|p1|
