|j|☆grimppyyyy god
|j|☆Jambeanie02
|t:|1760786580
|gametype|singles
|player|p1|grimppyyyy god|riley|1198
|player|p2|Jambeanie02|101|1223
|gen|9
|tier|[Gen 9] OU
|rated|
|rule|HP Percentage Mod: HP is shown in percentages
|rule|Endless Battle Clause: Forcing endless battles is banned
|rule|Species Clause: Limit one of each Pokémon
|rule|OHKO Clause: OHKO moves are banned
|rule|Evasion Items Clause: Evasion items are banned
|rule|Evasion Moves Clause: Evasion moves are banned
|rule|Evasion Abilities Clause: Evasion abilities are banned
|rule|Sleep Moves Clause: Sleep-inducing moves are banned
|clearpoke
|poke|p1|Glimmora, M|
|poke|p1|Overqwil, M|
|poke|p1|Pelipper, M|
|poke|p1|Kingdra, M|
|poke|p1|Barraskewda, M|
|poke|p1|Golurk|
|poke|p2|Feraligatr, F|
|poke|p2|Deoxys-Speed|
|poke|p2|Great Tusk|
|poke|p2|Moltres-Galar|
|poke|p2|Corviknight, M|
|poke|p2|Iron Valiant|
|teampreview
|inactive|Battle timer is ON: inactive players will automatically lose when time's up. (requested by Jambeanie02)
|
|t:|1760786596
|teamsize|p1|6
|teamsize|p2|6
|start
|switch|p1a: Glimmora|Glimmora, M|100/100
|switch|p2a: Deoxys|Deoxys-Speed|100/100
|-ability|p2a: Deoxys|Pressure
|turn|1
|
|t:|1760786614
|move|p2a: Deoxys|Stealth Rock|p1a: Glimmora
|-sidestart|p1: grimppyyyy god|move: Stealth Rock
|move|p1a: Glimmora|Toxic Spikes|p2a: Deoxys
|-sidestart|p2: Jambeanie02|move: Toxic Spikes
|
|upkeep
|turn|2
|
|t:|1760786620
|move|p2a: Deoxys|Psychic Noise|p1a: Glimmora
|-supereffective|p1a: Glimmora
|-damage|p1a: Glimmora|45/100
|-start|p1a: Glimmora|move: Heal Block
|move|p1a: Glimmora|Stealth Rock|p2a: Deoxys
|-sidestart|p2: Jambeanie02|move: Stealth Rock
|
|upkeep
|turn|3
|
|t:|1760786643
|move|p2a: Deoxys|Psychic Noise|p1a: Glimmora
|-supereffective|p1a: Glimmora
|-damage|p1a: Glimmora|0 fnt
|faint|p1a: Glimmora
|
|upkeep
|
|t:|1760786650
|switch|p1a: Pelipper|Pelipper, M|100/100
|-damage|p1a: Pelipper|76/100|[from] Stealth Rock
|-weather|RainDance|[from] ability: Drizzle|[of] p1a: Pelipper
|turn|4
|
|t:|1760786657
|switch|p1a: Overqwil|Overqwil, M|100/100
|-damage|p1a: Overqwil|88/100|[from] Stealth Rock
|move|p2a: Deoxys|Knock Off|p1a: Overqwil
|-resisted|p1a: Overqwil
|-damage|p1a: Overqwil|76/100
|-enditem|p1a: Overqwil|Loaded Dice|[from] move: Knock Off|[of] p2a: Deoxys
|
|-weather|RainDance|[upkeep]
|upkeep
|turn|5
|
|t:|1760786669
|move|p1a: Overqwil|Swords Dance|p1a: Overqwil
|-boost|p1a: Overqwil|atk|2
|move|p2a: Deoxys|Superpower|p1a: Overqwil
|-crit|p1a: Overqwil
|-damage|p1a: Overqwil|29/100
|-unboost|p2a: Deoxys|atk|1
|-unboost|p2a: Deoxys|def|1
|
|-weather|RainDance|[upkeep]
|upkeep
|turn|6
|
|t:|1760786681
|move|p1a: Overqwil|Crunch|p2a: Deoxys
|-supereffective|p2a: Deoxys
|-enditem|p2a: Deoxys|Colbur Berry|[eat]
|-enditem|p2a: Deoxys|Colbur Berry|[weaken]
|-damage|p2a: Deoxys|0 fnt
|faint|p2a: Deoxys
|
|-weather|RainDance|[upkeep]
|upkeep
|
|t:|1760786695
|switch|p2a: Corviknight|Corviknight, M|100/100
|-damage|p2a: Corviknight|88/100|[from] Stealth Rock
|-ability|p2a: Corviknight|Pressure
|turn|7
|
|t:|1760786705
|move|p1a: Overqwil|Crunch|p2a: Corviknight
|-damage|p2a: Corviknight|34/100
|-damage|p1a: Overqwil|13/100|[from] item: Rocky Helmet|[of] p2a: Corviknight
|move|p2a: Corviknight|Brave Bird|p1a: Overqwil
|-damage|p1a: Overqwil|0 fnt
|faint|p1a: Overqwil
|-damage|p2a: Corviknight|31/100|[from] Recoil
|
|-weather|RainDance|[upkeep]
|upkeep
|
|t:|1760786718
|switch|p1a: Kingdra|Kingdra, M|100/100
|-damage|p1a: Kingdra|88/100|[from] Stealth Rock
|turn|8
|
|t:|1760786732
|move|p1a: Kingdra|Weather Ball|p2a: Corviknight
|-damage|p2a: Corviknight|0 fnt
|faint|p2a: Corviknight
|
|-weather|RainDance|[upkeep]
|upkeep
|
|t:|1760786748
|switch|p2a: Iron Valiant|Iron Valiant|100/100
|-status|p2a: Iron Valiant|psn
|-damage|p2a: Iron Valiant|94/100 psn|[from] Stealth Rock
|-enditem|p2a: Iron Valiant|Booster Energy
|-activate|p2a: Iron Valiant|ability: Quark Drive|[fromitem]
|-start|p2a: Iron Valiant|quarkdrivespe
|turn|9
|
|t:|1760786766
|move|p2a: Iron Valiant|Moonblast|p1a: Kingdra
|-supereffective|p1a: Kingdra
|-damage|p1a: Kingdra|0 fnt
|faint|p1a: Kingdra
|
|-weather|RainDance|[upkeep]
|-damage|p2a: Iron Valiant|82/100 psn|[from] psn
|upkeep
|
|t:|1760786780
|switch|p1a: Barraskewda|Barraskewda, M|100/100
|-damage|p1a: Barraskewda|88/100|[from] Stealth Rock
|turn|10
|
|t:|1760786792
|move|p1a: Barraskewda|Flip Turn|p2a: Iron Valiant
|-damage|p2a: Iron Valiant|0 fnt
|faint|p2a: Iron Valiant
|-end|p2a: Iron Valiant|Quark Drive|[silent]
|
|t:|1760786797
|switch|p1a: Golurk|Golurk|100/100|[from] Flip Turn
|-damage|p1a: Golurk|94/100|[from] Stealth Rock
|
|-weather|RainDance|[upkeep]
|-heal|p1a: Golurk|100/100|[from] item: Leftovers
|upkeep
|
|t:|1760786803
|switch|p2a: Feraligatr|Feraligatr, F|100/100
|-status|p2a: Feraligatr|psn
|-damage|p2a: Feraligatr|88/100 psn|[from] Stealth Rock
|turn|11
|
|t:|1760786812
|move|p2a: Feraligatr|Liquidation|p1a: Golurk
|-supereffective|p1a: Golurk
|-damage|p1a: Golurk|0 fnt
|faint|p1a: Golurk
|
|-weather|none
|-damage|p2a: Feraligatr|76/100 psn|[from] psn
|upkeep
|
|t:|1760786822
|switch|p1a: Pelipper|Pelipper, M|76/100
|-damage|p1a: Pelipper|51/100|[from] Stealth Rock
|-weather|RainDance|[from] ability: Drizzle|[of] p1a: Pelipper
|turn|12
|inactive|Jambeanie02 has 120 seconds left.
|
|t:|1760786856
|move|p2a: Feraligatr|Liquidation|p1a: Pelipper
|-resisted|p1a: Pelipper
|-damage|p1a: Pelipper|0 fnt
|faint|p1a: Pelipper
|
|-weather|RainDance|[upkeep]
|-damage|p2a: Feraligatr|64/100 psn|[from] psn
|upkeep
|
|t:|1760786864
|switch|p1a: Barraskewda|Barraskewda, M|88/100
|-damage|p1a: Barraskewda|76/100|[from] Stealth Rock
|turn|13
|
|t:|1760786869
|-terastallize|p1a: Barraskewda|Water
|move|p1a: Barraskewda|Liquidation|p2a: Feraligatr
|-resisted|p2a: Feraligatr
|-damage|p2a: Feraligatr|0 fnt
|faint|p2a: Feraligatr
|
|-weather|RainDance|[upkeep]
|upkeep
|
|t:|1760786882
|switch|p2a: Moltres|Moltres-Galar|100/100
|-damage|p2a: Moltres|76/100|[from] Stealth Rock
|turn|14
|
|t:|1760786889
|move|p1a: Barraskewda|Liquidation|p2a: Moltres
|-damage|p2a: Moltres|0 fnt
|faint|p2a: Moltres
|
|-weather|RainDance|[upkeep]
|upkeep
|
|t:|1760786893
|switch|p2a: Great Tusk|Great Tusk|100/100
|-status|p2a: Great Tusk|psn
|-damage|p2a: Great Tusk|98/100 psn|[from] Stealth Rock
|-enditem|p2a: Great Tusk|Booster Energy
|-activate|p2a: Great Tusk|ability: Protosynthesis|[fromitem]
|-start|p2a: Great Tusk|protosynthesisatk
|turn|15
|
|t:|1760786903
|-terastallize|p2a: Great Tusk|Ice
|move|p1a: Barraskewda|Liquidation|p2a: Great Tusk
|-damage|p2a: Great Tusk|0 fnt
|faint|p2a: Great Tusk
|-end|p2a: Great Tusk|Protosynthesis|[silent]
|
|win|grimppyyyy god
|raw|grimppyyyy god's rating: 1198 &rarr; <strong>1225</strong><br />(+27 for winning)
|raw|Jambeanie02's rating: 1223 &rarr; <strong>1196</strong><br />(-27 for losing)
|l|☆Jambeanie02
|player|p2|
|l|☆grimppyyyy god
|player|p1|
