|j|☆GateofGeass
|j|☆T0YE
|t:|1760775031
|gametype|singles
|player|p1|GateofGeass|bellelba|1178
|player|p2|T0YE|steven|1210
|gen|9
|tier|[Gen 9] OU
|rated|
|rule|HP Percentage Mod: HP is shown in percentages
|rule|Endless Battle Clause: Forcing endless battles is banned
|rule|Species Clause: Limit one of each Pokémon
|rule|OHKO Clause: OHKO moves are banned
|rule|Evasion Items Clause: Evasion items are banned
|rule|Evasion Moves Clause: Evasion moves are banned
|rule|Evasion Abilities Clause: Evasion abilities are banned
|rule|Sleep Moves Clause: Sleep-inducing moves are banned
|clearpoke
|poke|p1|Iron Moth|
|poke|p1|Rillaboom, F|
|poke|p1|Jolteon, F|
|poke|p1|Great Tusk|
|poke|p1|Gholdengo|
|poke|p1|Barraskewda, M|
|poke|p2|Torkoal, F|
|poke|p2|Brute Bonnet|
|poke|p2|Walking Wake|
|poke|p2|Hatterene, F|
|poke|p2|Thundurus-Therian, M|
|poke|p2|Ceruledge, M|
|teampreview
|inactive|Battle timer is ON: inactive players will automatically lose when time's up. (requested by GateofGeass)
|
|t:|1760775045
|teamsize|p1|6
|teamsize|p2|6
|start
|switch|p1a: chochito|Iron Moth, shiny|100/100
|switch|p2a: Storm|Thundurus-Therian, M|100/100
|-enditem|p1a: chochito|Booster Energy
|-activate|p1a: chochito|ability: Quark Drive|[fromitem]
|-start|p1a: chochito|quarkdrivespe
|turn|1
|
|t:|1760775057
|move|p1a: chochito|Fiery Dance|p2a: Storm
|-damage|p2a: Storm|48/100
|-boost|p1a: chochito|spa|1
|move|p2a: Storm|Thunderbolt|p1a: chochito
|-damage|p1a: chochito|31/100
|-status|p1a: chochito|par
|
|upkeep
|turn|2
|
|t:|1760775066
|move|p2a: Storm|Thunderbolt|p1a: chochito
|-damage|p1a: chochito|0 fnt
|faint|p1a: chochito
|-end|p1a: chochito|Quark Drive|[silent]
|
|upkeep
|
|t:|1760775088
|switch|p1a: Barraskewda|Barraskewda, M|100/100
|turn|3
|
|t:|1760775095
|switch|p2a: BRUTE FORCE|Brute Bonnet|100/100
|move|p1a: Barraskewda|Flip Turn|p2a: BRUTE FORCE
|-resisted|p2a: BRUTE FORCE
|-damage|p2a: BRUTE FORCE|78/100
|
|t:|1760775103
|switch|p1a: tetitas|Rillaboom, F, shiny|100/100|[from] Flip Turn
|-fieldstart|move: Grassy Terrain|[from] ability: Grassy Surge|[of] p1a: tetitas
|
|-heal|p2a: BRUTE FORCE|84/100|[from] Grassy Terrain
|upkeep
|turn|4
|
|t:|1760775111
|-end|p2a: BRUTE FORCE|Protosynthesis|[silent]
|switch|p2a: Great Bait|Torkoal, F, shiny|100/100
|-weather|SunnyDay|[from] ability: Drought|[of] p2a: Great Bait
|move|p1a: tetitas|U-turn|p2a: Great Bait
|-resisted|p2a: Great Bait
|-crit|p2a: Great Bait
|-damage|p2a: Great Bait|81/100
|-damage|p1a: tetitas|91/100|[from] item: Life Orb
|
|t:|1760775121
|switch|p1a: Great Tusk|Great Tusk, shiny|100/100|[from] U-turn
|-activate|p1a: Great Tusk|ability: Protosynthesis
|-start|p1a: Great Tusk|protosynthesisatk
|
|-weather|SunnyDay|[upkeep]
|-heal|p2a: Great Bait|87/100|[from] Grassy Terrain
|upkeep
|turn|5
|
|t:|1760775137
|-terastallize|p2a: Great Bait|Flying
|move|p1a: Great Tusk|Rapid Spin|p2a: Great Bait
|-damage|p2a: Great Bait|69/100
|-boost|p1a: Great Tusk|spe|1
|move|p2a: Great Bait|Eruption|p1a: Great Tusk
|-damage|p1a: Great Tusk|7/100
|
|-weather|SunnyDay|[upkeep]
|-heal|p1a: Great Tusk|13/100|[from] Grassy Terrain
|upkeep
|turn|6
|
|t:|1760775149
|move|p1a: Great Tusk|Ice Spinner|p2a: Great Bait
|-supereffective|p2a: Great Bait
|-damage|p2a: Great Bait|6/100
|-fieldend|move: Grassy Terrain
|move|p2a: Great Bait|Overheat|p1a: Great Tusk
|-damage|p1a: Great Tusk|0 fnt
|-unboost|p2a: Great Bait|spa|2
|faint|p1a: Great Tusk
|-end|p1a: Great Tusk|Protosynthesis|[silent]
|
|-weather|SunnyDay|[upkeep]
|upkeep
|
|t:|1760775166
|switch|p1a: Barraskewda|Barraskewda, M|100/100
|turn|7
|
|t:|1760775171
|switch|p2a: BRUTE FORCE|Brute Bonnet|84/100
|-activate|p2a: BRUTE FORCE|ability: Protosynthesis
|-start|p2a: BRUTE FORCE|protosynthesisatk
|move|p1a: Barraskewda|Flip Turn|p2a: BRUTE FORCE
|-resisted|p2a: BRUTE FORCE
|-damage|p2a: BRUTE FORCE|72/100
|
|t:|1760775179
|switch|p1a: tetitas|Rillaboom, F, shiny|91/100|[from] Flip Turn
|-fieldstart|move: Grassy Terrain|[from] ability: Grassy Surge|[of] p1a: tetitas
|
|-weather|SunnyDay|[upkeep]
|-heal|p1a: tetitas|97/100|[from] Grassy Terrain
|-heal|p2a: BRUTE FORCE|78/100|[from] Grassy Terrain
|upkeep
|turn|8
|
|t:|1760775188
|move|p1a: tetitas|U-turn|p2a: BRUTE FORCE
|-supereffective|p2a: BRUTE FORCE
|-damage|p2a: BRUTE FORCE|0 fnt
|faint|p2a: BRUTE FORCE
|-end|p2a: BRUTE FORCE|Protosynthesis|[silent]
|-damage|p1a: tetitas|87/100|[from] item: Life Orb
|
|t:|1760775207
|switch|p1a: squirting|Jolteon, F, shiny|100/100|[from] U-turn
|
|-weather|SunnyDay|[upkeep]
|upkeep
|
|t:|1760775214
|switch|p2a: Shark|Walking Wake|100/100
|-activate|p2a: Shark|ability: Protosynthesis
|-start|p2a: Shark|protosynthesisspe
|turn|9
|
|t:|1760775223
|-terastallize|p1a: squirting|Fairy
|move|p2a: Shark|Hydro Steam|p1a: squirting
|-damage|p1a: squirting|20/100
|move|p1a: squirting|Alluring Voice|p2a: Shark
|-supereffective|p2a: Shark
|-damage|p2a: Shark|16/100
|
|-weather|SunnyDay|[upkeep]
|-heal|p2a: Shark|22/100|[from] Grassy Terrain
|-heal|p1a: squirting|26/100|[from] Grassy Terrain
|upkeep
|turn|10
|
|t:|1760775238
|switch|p1a: tetitas|Rillaboom, F, shiny|87/100
|move|p2a: Shark|Hydro Steam|p1a: tetitas
|-resisted|p1a: tetitas
|-damage|p1a: tetitas|45/100
|
|-weather|SunnyDay|[upkeep]
|-heal|p2a: Shark|28/100|[from] Grassy Terrain
|-heal|p1a: tetitas|51/100|[from] Grassy Terrain
|upkeep
|turn|11
|
|t:|1760775249
|move|p2a: Shark|Flamethrower|p1a: tetitas
|-supereffective|p1a: tetitas
|-damage|p1a: tetitas|0 fnt
|faint|p1a: tetitas
|
|-weather|none
|-end|p2a: Shark|Protosynthesis
|-heal|p2a: Shark|34/100|[from] Grassy Terrain
|-fieldend|move: Grassy Terrain
|upkeep
|
|t:|1760775260
|switch|p1a: mitula|Gholdengo|100/100
|turn|12
|
|t:|1760775264
|-end|p2a: Shark|Protosynthesis|[silent]
|switch|p2a: Great Bait|Torkoal, F, shiny, tera:Flying|6/100
|-weather|SunnyDay|[from] ability: Drought|[of] p2a: Great Bait
|move|p1a: mitula|Shadow Ball|p2a: Great Bait
|-damage|p2a: Great Bait|0 fnt
|faint|p2a: Great Bait
|
|-weather|SunnyDay|[upkeep]
|upkeep
|
|t:|1760775274
|switch|p2a: Shark|Walking Wake|34/100
|-activate|p2a: Shark|ability: Protosynthesis
|-start|p2a: Shark|protosynthesisspe
|turn|13
|
|t:|1760775295
|move|p2a: Shark|Flamethrower|p1a: mitula
|-supereffective|p1a: mitula
|-damage|p1a: mitula|0 fnt
|faint|p1a: mitula
|
|-weather|SunnyDay|[upkeep]
|upkeep
|
|t:|1760775301
|switch|p1a: Barraskewda|Barraskewda, M|100/100
|turn|14
|
|t:|1760775309
|move|p2a: Shark|Draco Meteor|p1a: Barraskewda
|-damage|p1a: Barraskewda|0 fnt
|-unboost|p2a: Shark|spa|2
|faint|p1a: Barraskewda
|
|-weather|SunnyDay|[upkeep]
|upkeep
|
|t:|1760775315
|switch|p1a: squirting|Jolteon, F, shiny, tera:Fairy|26/100
|turn|15
|
|t:|1760775324
|move|p2a: Shark|Hydro Steam|p1a: squirting
|-damage|p1a: squirting|0 fnt
|faint|p1a: squirting
|
|win|T0YE
|raw|GateofGeass's rating: 1178 &rarr; <strong>1155</strong><br />(-23 for losing)
|raw|T0YE's rating: 1210 &rarr; <strong>1233</strong><br />(+23 for winning)
|l|☆T0YE
|player|p2|
|l|☆GateofGeass
|player|p1|
