|j|☆KennytheslugSmith
|j|☆healboy009
|t:|1760868053
|gametype|singles
|player|p1|KennytheslugSmith|scientist-gen4dp|1411
|player|p2|healboy009|backpacker|1463
|gen|9
|tier|[Gen 9] OU
|rated|
|rule|HP Percentage Mod: HP is shown in percentages
|rule|Endless Battle Clause: Forcing endless battles is banned
|rule|Species Clause: Limit one of each Pokémon
|rule|OHKO Clause: OHKO moves are banned
|rule|Evasion Items Clause: Evasion items are banned
|rule|Evasion Moves Clause: Evasion moves are banned
|rule|Evasion Abilities Clause: Evasion abilities are banned
|rule|Sleep Moves Clause: Sleep-inducing moves are banned
|clearpoke
|poke|p1|Hydrapple, M|
|poke|p1|Skarmory, M|
|poke|p1|Tyranitar, F|
|poke|p1|Alomomola, F|
|poke|p1|Clodsire, F|
|poke|p1|Clefable, F|
|poke|p2|Primarina, F|
|poke|p2|Ceruledge, M|
|poke|p2|Rillaboom, F|
|poke|p2|Garganacl, F|
|poke|p2|Zamazenta-*|
|poke|p2|Weezing-Galar, F|
|teampreview
|inactive|Battle timer is ON: inactive players will automatically lose when time's up. (requested by KennytheslugSmith)
|j| Chipcaol
|j| biryanilover
|j| OUZQ Crocodile
|inactive|healboy009 has 120 seconds left.
|l| OUZQ Crocodile
|
|t:|1760868097
|teamsize|p1|6
|teamsize|p2|6
|start
|switch|p1a: Tyranitar|Tyranitar, F|100/100
|switch|p2a: Ceruledge|Ceruledge, M, shiny|100/100
|-weather|Sandstorm|[from] ability: Sand Stream|[of] p1a: Tyranitar
|turn|1
|
|t:|1760868110
|switch|p1a: Alomomola|Alomomola, F, shiny|100/100
|move|p2a: Ceruledge|Close Combat|p1a: Alomomola
|-crit|p1a: Alomomola
|-damage|p1a: Alomomola|63/100
|-unboost|p2a: Ceruledge|def|1
|-unboost|p2a: Ceruledge|spd|1
|
|-weather|Sandstorm|[upkeep]
|-damage|p2a: Ceruledge|94/100|[from] Sandstorm
|-damage|p1a: Alomomola|57/100|[from] Sandstorm
|upkeep
|turn|2
|
|t:|1760868122
|switch|p2a: Rillaboom|Rillaboom, F|100/100
|move|p1a: Alomomola|Flip Turn|p2a: Rillaboom
|-resisted|p2a: Rillaboom
|-damage|p2a: Rillaboom|92/100
|
|t:|1760868132
|switch|p1a: Skarmory|Skarmory, M|100/100|[from] Flip Turn
|
|-weather|Sandstorm|[upkeep]
|-damage|p2a: Rillaboom|86/100|[from] Sandstorm
|upkeep
|turn|3
|
|t:|1760868143
|switch|p2a: Garganacl|Garganacl, F|100/100
|move|p1a: Skarmory|Spikes|p2a: Garganacl
|-sidestart|p2: healboy009|Spikes
|
|-weather|Sandstorm|[upkeep]
|upkeep
|turn|4
|
|t:|1760868149
|switch|p1a: Clefable|Clefable, F|100/100
|move|p2a: Garganacl|Salt Cure|p1a: Clefable
|-damage|p1a: Clefable|90/100
|-start|p1a: Clefable|Salt Cure
|
|-weather|Sandstorm|[upkeep]
|upkeep
|turn|5
|
|t:|1760868158
|switch|p2a: Weezing|Weezing-Galar, F|100/100
|-ability|p2a: Weezing|Neutralizing Gas
|move|p1a: Clefable|Knock Off|p2a: Weezing
|-resisted|p2a: Weezing
|-damage|p2a: Weezing|95/100
|-enditem|p2a: Weezing|Heavy-Duty Boots|[from] move: Knock Off|[of] p1a: Clefable
|
|-weather|none
|-damage|p1a: Clefable|77/100|[from] Salt Cure
|-damage|p1a: Clefable|65/100|[from] item: Sticky Barb
|upkeep
|turn|6
|
|t:|1760868175
|switch|p1a: Tyranitar|Tyranitar, F|100/100
|move|p2a: Weezing|Will-O-Wisp|p1a: Tyranitar
|-status|p1a: Tyranitar|brn
|
|-damage|p1a: Tyranitar|94/100 brn|[from] brn
|upkeep
|turn|7
|
|t:|1760868185
|move|p2a: Weezing|Defog|p1a: Tyranitar
|-unboost|p1a: Tyranitar|evasion|1
|-sideend|p2: healboy009|Spikes|[from] move: Defog|[of] p2a: Weezing
|move|p1a: Tyranitar|Stealth Rock|p2a: Weezing
|-sidestart|p2: healboy009|move: Stealth Rock
|
|-damage|p1a: Tyranitar|88/100 brn|[from] brn
|upkeep
|turn|8
|
|t:|1760868193
|switch|p1a: Hydrapple|Hydrapple, M|100/100
|move|p2a: Weezing|Sludge Wave|p1a: Hydrapple
|-supereffective|p1a: Hydrapple
|-damage|p1a: Hydrapple|48/100
|
|upkeep
|turn|9
|
|t:|1760868205
|switch|p1a: Alomomola|Alomomola, F, shiny|91/100
|move|p2a: Weezing|Will-O-Wisp|p1a: Alomomola
|-status|p1a: Alomomola|brn
|
|-damage|p1a: Alomomola|84/100 brn|[from] brn
|upkeep
|turn|10
|
|t:|1760868213
|move|p2a: Weezing|Sludge Wave|p1a: Alomomola
|-damage|p1a: Alomomola|59/100 brn
|move|p1a: Alomomola|Flip Turn|p2a: Weezing
|-damage|p2a: Weezing|88/100
|j| lab addict
|
|t:|1760868228
|switch|p1a: Tyranitar|Tyranitar, F|88/100 brn|[from] Flip Turn
|
|-damage|p1a: Tyranitar|82/100 brn|[from] brn
|upkeep
|turn|11
|
|t:|1760868234
|move|p2a: Weezing|Defog|p1a: Tyranitar
|-unboost|p1a: Tyranitar|evasion|1
|-sideend|p2: healboy009|Stealth Rock|[from] move: Defog|[of] p2a: Weezing
|move|p1a: Tyranitar|Roar|p2a: Weezing
|-end|p2a: Weezing|ability: Neutralizing Gas
|-weather|Sandstorm|[from] ability: Sand Stream|[of] p1a: Tyranitar
|drag|p2a: Primarina|Primarina, F|100/100
|
|-weather|Sandstorm|[upkeep]
|-damage|p2a: Primarina|94/100|[from] Sandstorm
|-damage|p1a: Tyranitar|76/100 brn|[from] brn
|upkeep
|turn|12
|
|t:|1760868252
|move|p2a: Primarina|Psychic Noise|p1a: Tyranitar
|-immune|p1a: Tyranitar
|move|p1a: Tyranitar|Stealth Rock|p2a: Primarina
|-sidestart|p2: healboy009|move: Stealth Rock
|
|-weather|Sandstorm|[upkeep]
|-damage|p2a: Primarina|88/100|[from] Sandstorm
|-damage|p1a: Tyranitar|70/100 brn|[from] brn
|upkeep
|turn|13
|
|t:|1760868262
|switch|p2a: Weezing|Weezing-Galar, F|88/100
|-ability|p2a: Weezing|Neutralizing Gas
|-damage|p2a: Weezing|75/100|[from] Stealth Rock
|move|p1a: Tyranitar|Knock Off|p2a: Weezing
|-resisted|p2a: Weezing
|-damage|p2a: Weezing|70/100
|
|-weather|Sandstorm|[upkeep]
|-damage|p2a: Weezing|64/100|[from] Sandstorm
|-damage|p1a: Tyranitar|63/100 brn|[from] brn
|upkeep
|turn|14
|
|t:|1760868275
|switch|p1a: Alomomola|Alomomola, F, shiny|59/100 brn
|move|p2a: Weezing|Pain Split|p1a: Alomomola
|-sethp|p1a: Alomomola|48/100 brn|[from] move: Pain Split|[silent]
|-sethp|p2a: Weezing|82/100|[from] move: Pain Split
|
|-weather|Sandstorm|[upkeep]
|-damage|p2a: Weezing|76/100|[from] Sandstorm
|-damage|p1a: Alomomola|42/100 brn|[from] Sandstorm
|-damage|p1a: Alomomola|36/100 brn|[from] brn
|upkeep
|turn|15
|
|t:|1760868286
|move|p2a: Weezing|Sludge Wave|p1a: Alomomola
|-damage|p1a: Alomomola|8/100 brn
|move|p1a: Alomomola|Wish|p1a: Alomomola
|
|-weather|none
|-damage|p1a: Alomomola|2/100 brn|[from] brn
|upkeep
|turn|16
|
|t:|1760868299
|switch|p1a: Tyranitar|Tyranitar, F|63/100 brn
|move|p2a: Weezing|Sludge Wave|p1a: Tyranitar
|-resisted|p1a: Tyranitar
|-damage|p1a: Tyranitar|54/100 brn
|
|-heal|p1a: Tyranitar|100/100 brn|[from] move: Wish|[wisher] Alomomola
|-damage|p1a: Tyranitar|94/100 brn|[from] brn
|upkeep
|turn|17
|
|t:|1760868309
|move|p2a: Weezing|Defog|p1a: Tyranitar
|-unboost|p1a: Tyranitar|evasion|1
|-sideend|p2: healboy009|Stealth Rock|[from] move: Defog|[of] p2a: Weezing
|move|p1a: Tyranitar|Ice Beam|p2a: Weezing
|-damage|p2a: Weezing|43/100
|
|-damage|p1a: Tyranitar|88/100 brn|[from] brn
|upkeep
|turn|18
|
|t:|1760868321
|move|p2a: Weezing|Pain Split|p1a: Tyranitar
|-sethp|p1a: Tyranitar|58/100 brn|[from] move: Pain Split|[silent]
|-sethp|p2a: Weezing|87/100|[from] move: Pain Split
|move|p1a: Tyranitar|Roar|p2a: Weezing
|-end|p2a: Weezing|ability: Neutralizing Gas
|-weather|Sandstorm|[from] ability: Sand Stream|[of] p1a: Tyranitar
|drag|p2a: Rillaboom|Rillaboom, F|86/100
|
|-weather|Sandstorm|[upkeep]
|-damage|p2a: Rillaboom|79/100|[from] Sandstorm
|-damage|p1a: Tyranitar|52/100 brn|[from] brn
|upkeep
|turn|19
|
|t:|1760868334
|move|p2a: Rillaboom|Drum Beating|p1a: Tyranitar
|-supereffective|p1a: Tyranitar
|-damage|p1a: Tyranitar|0 fnt
|faint|p1a: Tyranitar
|
|-weather|Sandstorm|[upkeep]
|-damage|p2a: Rillaboom|73/100|[from] Sandstorm
|upkeep
|
|t:|1760868342
|switch|p1a: Alomomola|Alomomola, F, shiny|2/100 brn
|turn|20
|
|t:|1760868346
|switch|p2a: Weezing|Weezing-Galar, F|87/100
|-ability|p2a: Weezing|Neutralizing Gas
|switch|p1a: Skarmory|Skarmory, M|100/100
|
|-weather|Sandstorm|[upkeep]
|-damage|p2a: Weezing|80/100|[from] Sandstorm
|upkeep
|turn|21
|
|t:|1760868357
|switch|p1a: Clefable|Clefable, F|65/100
|move|p2a: Weezing|Will-O-Wisp|p1a: Clefable
|-status|p1a: Clefable|brn
|
|-weather|Sandstorm|[upkeep]
|-damage|p2a: Weezing|74/100|[from] Sandstorm
|-damage|p1a: Clefable|59/100 brn|[from] Sandstorm
|-damage|p1a: Clefable|53/100 brn|[from] brn
|-damage|p1a: Clefable|40/100 brn|[from] item: Sticky Barb
|upkeep
|turn|22
|c|☆KennytheslugSmith|Gcsb
|-message|KennytheslugSmith forfeited.
|
|win|healboy009
|raw|KennytheslugSmith's rating: 1411 &rarr; <strong>1394</strong><br />(-17 for losing)
|raw|healboy009's rating: 1463 &rarr; <strong>1480</strong><br />(+17 for winning)
|l|☆KennytheslugSmith
|player|p1|
|c|☆healboy009|Gg
|c|☆healboy009|So guys
|c|☆healboy009|Is this team good?
|c|☆healboy009|Stall ended in 22 turns
