|j|☆Aethersome
|j|☆RovaRed
|t:|1760770469
|gametype|singles
|player|p1|Aethersome|nate|1315
|player|p2|RovaRed|sonia-masters|1359
|gen|9
|tier|[Gen 9] OU
|rated|
|rule|HP Percentage Mod: HP is shown in percentages
|rule|Endless Battle Clause: Forcing endless battles is banned
|rule|Species Clause: Limit one of each Pokémon
|rule|OHKO Clause: OHKO moves are banned
|rule|Evasion Items Clause: Evasion items are banned
|rule|Evasion Moves Clause: Evasion moves are banned
|rule|Evasion Abilities Clause: Evasion abilities are banned
|rule|Sleep Moves Clause: Sleep-inducing moves are banned
|clearpoke
|poke|p1|Torkoal, F|
|poke|p1|Great Tusk|
|poke|p1|Hatterene, F|
|poke|p1|Charizard, M|
|poke|p1|Slither Wing|
|poke|p1|Walking Wake|
|poke|p2|Shiftry, M|
|poke|p2|Rillaboom, F|
|poke|p2|Brambleghast, F|
|poke|p2|Hawlucha, M|
|poke|p2|Great Tusk|
|poke|p2|Iron Moth|
|teampreview
|inactive|Battle timer is ON: inactive players will automatically lose when time's up. (requested by Aethersome)
|
|t:|1760770475
|teamsize|p1|6
|teamsize|p2|6
|start
|switch|p1a: Sunny Shell|Torkoal, F|100/100
|switch|p2a: The Fumble|Shiftry, M|100/100
|-weather|SunnyDay|[from] ability: Drought|[of] p1a: Sunny Shell
|turn|1
|
|t:|1760770480
|move|p2a: The Fumble|Tailwind|p2a: The Fumble
|-sidestart|p2: RovaRed|move: Tailwind
|-ability|p2a: The Fumble|Wind Rider|boost
|-boost|p2a: The Fumble|atk|1
|move|p1a: Sunny Shell|Stealth Rock|p2a: The Fumble
|-sidestart|p2: RovaRed|move: Stealth Rock
|
|-weather|SunnyDay|[upkeep]
|upkeep
|turn|2
|
|t:|1760770485
|move|p2a: The Fumble|Knock Off|p1a: Sunny Shell
|-damage|p1a: Sunny Shell|49/100
|-enditem|p1a: Sunny Shell|Heat Rock|[from] move: Knock Off|[of] p2a: The Fumble
|move|p1a: Sunny Shell|Clear Smog|p2a: The Fumble
|-supereffective|p2a: The Fumble
|-damage|p2a: The Fumble|56/100
|-clearboost|p2a: The Fumble
|
|-weather|SunnyDay|[upkeep]
|upkeep
|turn|3
|
|t:|1760770494
|switch|p1a: Walking Wake|Walking Wake|100/100
|-activate|p1a: Walking Wake|ability: Protosynthesis
|-start|p1a: Walking Wake|protosynthesisspe
|move|p2a: The Fumble|Explosion|p1a: Walking Wake
|-damage|p1a: Walking Wake|19/100
|faint|p2a: The Fumble
|
|-weather|SunnyDay|[upkeep]
|upkeep
|
|t:|1760770501
|switch|p2a: The Tumble|Brambleghast, F|100/100
|-damage|p2a: The Tumble|88/100|[from] Stealth Rock
|-ability|p2a: The Tumble|Wind Rider|boost
|-boost|p2a: The Tumble|atk|1
|turn|4
|
|t:|1760770513
|-end|p1a: Walking Wake|Protosynthesis|[silent]
|switch|p1a: Slither Wing|Slither Wing|100/100
|-activate|p1a: Slither Wing|ability: Protosynthesis
|-start|p1a: Slither Wing|protosynthesisatk
|move|p2a: The Tumble|Shadow Sneak|p1a: Slither Wing
|-damage|p1a: Slither Wing|56/100
|
|-weather|SunnyDay|[upkeep]
|-sideend|p2: RovaRed|move: Tailwind
|upkeep
|turn|5
|
|t:|1760770541
|move|p2a: The Tumble|Poltergeist|p1a: Slither Wing
|-activate|p1a: Slither Wing|move: Poltergeist|Heavy-Duty Boots
|-damage|p1a: Slither Wing|0 fnt
|faint|p1a: Slither Wing
|-end|p1a: Slither Wing|Protosynthesis|[silent]
|
|-weather|SunnyDay|[upkeep]
|upkeep
|
|t:|1760770556
|switch|p1a: Halcyon of Light|Charizard, M|100/100
|turn|6
|inactive|RovaRed has 120 seconds left.
|
|t:|1760770583
|move|p2a: The Tumble|Shadow Sneak|p1a: Halcyon of Light
|-damage|p1a: Halcyon of Light|61/100
|move|p1a: Halcyon of Light|Weather Ball|p2a: The Tumble
|-supereffective|p2a: The Tumble
|-damage|p2a: The Tumble|0 fnt
|faint|p2a: The Tumble
|
|-weather|SunnyDay|[upkeep]
|-damage|p1a: Halcyon of Light|48/100|[from] ability: Solar Power|[of] p1a: Halcyon of Light
|upkeep
|
|t:|1760770593
|switch|p2a: Ronald Moth|Iron Moth, shiny|100/100
|-damage|p2a: Ronald Moth|76/100|[from] Stealth Rock
|-enditem|p2a: Ronald Moth|Booster Energy
|-activate|p2a: Ronald Moth|ability: Quark Drive|[fromitem]
|-start|p2a: Ronald Moth|quarkdrivespe
|turn|7
|
|t:|1760770608
|move|p2a: Ronald Moth|Sludge Wave|p1a: Halcyon of Light
|-damage|p1a: Halcyon of Light|0 fnt
|faint|p1a: Halcyon of Light
|
|-weather|SunnyDay|[upkeep]
|upkeep
|
|t:|1760770619
|switch|p1a: Great Tusk|Great Tusk|100/100
|-activate|p1a: Great Tusk|ability: Protosynthesis
|-start|p1a: Great Tusk|protosynthesisatk
|turn|8
|
|t:|1760770626
|-terastallize|p2a: Ronald Moth|Grass
|move|p2a: Ronald Moth|Energy Ball|p1a: Great Tusk
|-supereffective|p1a: Great Tusk
|-enditem|p1a: Great Tusk|Focus Sash
|-damage|p1a: Great Tusk|1/100
|move|p1a: Great Tusk|Headlong Rush|p2a: Ronald Moth
|-resisted|p2a: Ronald Moth
|-damage|p2a: Ronald Moth|12/100
|-unboost|p1a: Great Tusk|def|1
|-unboost|p1a: Great Tusk|spd|1
|
|-weather|none
|-end|p1a: Great Tusk|Protosynthesis
|upkeep
|turn|9
|
|t:|1760770635
|move|p2a: Ronald Moth|Fiery Dance|p1a: Great Tusk
|-damage|p1a: Great Tusk|0 fnt
|-boost|p2a: Ronald Moth|spa|1
|faint|p1a: Great Tusk
|-end|p1a: Great Tusk|Protosynthesis|[silent]
|
|upkeep
|
|t:|1760770638
|switch|p1a: Miracle Eye|Hatterene, F|100/100
|turn|10
|
|t:|1760770644
|move|p2a: Ronald Moth|Sludge Wave|p1a: Miracle Eye
|-supereffective|p1a: Miracle Eye
|-damage|p1a: Miracle Eye|0 fnt
|faint|p1a: Miracle Eye
|
|upkeep
|-message|Aethersome forfeited.
|
|win|RovaRed
|raw|Aethersome's rating: 1315 &rarr; <strong>1298</strong><br />(-17 for losing)
|raw|RovaRed's rating: 1359 &rarr; <strong>1376</strong><br />(+17 for winning)
|l|☆Aethersome
|player|p1|
|l|☆RovaRed
|player|p2|
