|j|☆Y.D.H.K.H.A
|j|☆alexis77350
|t:|1760789360
|gametype|singles
|player|p1|Y.D.H.K.H.A|marnie-masters3|1104
|player|p2|alexis77350|102|1215
|gen|9
|tier|[Gen 9] OU
|rated|
|rule|HP Percentage Mod: HP is shown in percentages
|rule|Endless Battle Clause: Forcing endless battles is banned
|rule|Species Clause: Limit one of each Pokémon
|rule|OHKO Clause: OHKO moves are banned
|rule|Evasion Items Clause: Evasion items are banned
|rule|Evasion Moves Clause: Evasion moves are banned
|rule|Evasion Abilities Clause: Evasion abilities are banned
|rule|Sleep Moves Clause: Sleep-inducing moves are banned
|clearpoke
|poke|p1|Dondozo, F|
|poke|p1|Blissey, F|
|poke|p1|Corviknight, M|
|poke|p1|Weezing-Galar, M|
|poke|p1|Gliscor, F|
|poke|p1|Toxapex, M|
|poke|p2|Ribombee, M|
|poke|p2|Cinderace, M|
|poke|p2|Serperior, M|
|poke|p2|Kingambit, M|
|poke|p2|Servine, F|
|poke|p2|Empoleon, F|
|teampreview
|
|t:|1760789378
|teamsize|p1|6
|teamsize|p2|6
|start
|switch|p1a: Blissey|Blissey, F|100/100
|switch|p2a: Ribombee|Ribombee, M|100/100
|turn|1
|
|t:|1760789382
|move|p2a: Ribombee|Sticky Web|p1a: Blissey
|-sidestart|p1: Y.D.H.K.H.A|move: Sticky Web
|move|p1a: Blissey|Stealth Rock|p2a: Ribombee
|-sidestart|p2: alexis77350|move: Stealth Rock
|
|upkeep
|turn|2
|
|t:|1760789389
|switch|p2a: Cinderace|Cinderace, M|100/100
|switch|p1a: Weezing|Weezing-Galar, M|100/100
|-ability|p1a: Weezing|Neutralizing Gas
|
|upkeep
|turn|3
|
|t:|1760789398
|-end|p1a: Weezing|ability: Neutralizing Gas
|switch|p1a: Dondozo|Dondozo, F|100/100
|-activate|p1a: Dondozo|move: Sticky Web
|-unboost|p1a: Dondozo|spe|1
|move|p2a: Cinderace|Court Change|p2a: Cinderace
|-swapsideconditions
|-activate|p2a: Cinderace|move: Court Change
|
|upkeep
|turn|4
|
|t:|1760789408
|move|p2a: Cinderace|U-turn|p1a: Dondozo
|-damage|p1a: Dondozo|93/100
|
|t:|1760789410
|switch|p2a: Servine|Servine, F|100/100|[from] U-turn
|-activate|p2a: Servine|move: Sticky Web
|-boost|p2a: Servine|spe|1
|move|p1a: Dondozo|Avalanche|p2a: Servine
|-supereffective|p2a: Servine
|-damage|p2a: Servine|78/100
|
|-heal|p1a: Dondozo|99/100|[from] item: Leftovers
|upkeep
|turn|5
|
|t:|1760789419
|switch|p1a: Corviknight|Corviknight, M|100/100
|-damage|p1a: Corviknight|88/100|[from] Stealth Rock
|-ability|p1a: Corviknight|Pressure
|move|p2a: Servine|Leaf Storm|p1a: Corviknight|[miss]
|-miss|p2a: Servine|p1a: Corviknight
|
|-heal|p1a: Corviknight|94/100|[from] item: Leftovers
|upkeep
|turn|6
|inactive|Battle timer is ON: inactive players will automatically lose when time's up. (requested by Y.D.H.K.H.A)
|
|t:|1760789425
|move|p2a: Servine|Knock Off|p1a: Corviknight
|-damage|p1a: Corviknight|86/100
|-enditem|p1a: Corviknight|Leftovers|[from] move: Knock Off|[of] p2a: Servine
|move|p1a: Corviknight|Defog|p2a: Servine
|-boost|p2a: Servine|evasion|1
|-sideend|p2: alexis77350|Sticky Web|[from] move: Defog|[of] p1a: Corviknight
|-sideend|p1: Y.D.H.K.H.A|Stealth Rock|[from] move: Defog|[of] p1a: Corviknight
|
|upkeep
|turn|7
|
|t:|1760789432
|move|p2a: Servine|Glare|p1a: Corviknight
|-status|p1a: Corviknight|par
|move|p1a: Corviknight|Iron Defense|p1a: Corviknight
|-boost|p1a: Corviknight|def|2
|
|upkeep
|turn|8
|
|t:|1760789449
|switch|p2a: Ribombee|Ribombee, M|100/100
|move|p1a: Corviknight|Iron Defense|p1a: Corviknight
|-boost|p1a: Corviknight|def|2
|
|upkeep
|turn|9
|
|t:|1760789460
|move|p2a: Ribombee|Sticky Web|p1a: Corviknight
|-sidestart|p1: Y.D.H.K.H.A|move: Sticky Web
|move|p1a: Corviknight|Body Press|p2a: Ribombee
|-resisted|p2a: Ribombee
|-damage|p2a: Ribombee|60/100
|
|upkeep
|turn|10
|
|t:|1760789471
|switch|p2a: Empoleon|Empoleon, F|100/100
|move|p1a: Corviknight|Body Press|p2a: Empoleon
|-supereffective|p2a: Empoleon
|-damage|p2a: Empoleon|0 fnt
|faint|p2a: Empoleon
|
|upkeep
|
|t:|1760789475
|switch|p2a: Cinderace|Cinderace, M|100/100
|turn|11
|
|t:|1760789479
|-terastallize|p1a: Corviknight|Fighting
|move|p2a: Cinderace|U-turn|p1a: Corviknight
|-resisted|p1a: Corviknight
|-damage|p1a: Corviknight|84/100 par
|
|t:|1760789483
|switch|p2a: Servine|Servine, F|78/100|[from] U-turn
|move|p1a: Corviknight|Body Press|p2a: Servine
|-damage|p2a: Servine|0 fnt
|faint|p2a: Servine
|
|upkeep
|
|t:|1760789484
|switch|p2a: Kingambit|Kingambit, M|100/100
|turn|12
|-message|alexis77350 forfeited.
|
|win|Y.D.H.K.H.A
|raw|Y.D.H.K.H.A's rating: 1104 &rarr; <strong>1137</strong><br />(+33 for winning)
|raw|alexis77350's rating: 1215 &rarr; <strong>1182</strong><br />(-33 for losing)
|l|☆alexis77350
|player|p2|
|l|☆Y.D.H.K.H.A
|player|p1|
