|j|☆CCL0611
|j|☆ThatFroot
|t:|1760886645
|gametype|singles
|player|p1|CCL0611|2|1195
|player|p2|ThatFroot|red|1182
|gen|9
|tier|[Gen 9] OU
|rated|
|rule|HP Percentage Mod: HP is shown in percentages
|rule|Endless Battle Clause: Forcing endless battles is banned
|rule|Species Clause: Limit one of each Pokémon
|rule|OHKO Clause: OHKO moves are banned
|rule|Evasion Items Clause: Evasion items are banned
|rule|Evasion Moves Clause: Evasion moves are banned
|rule|Evasion Abilities Clause: Evasion abilities are banned
|rule|Sleep Moves Clause: Sleep-inducing moves are banned
|clearpoke
|poke|p1|Rotom-Wash|
|poke|p1|Scizor, M|
|poke|p1|Iron Moth|
|poke|p1|Hatterene, F|
|poke|p1|Dragonite, M|
|poke|p1|Darkrai|
|poke|p2|Greninja-*, M|
|poke|p2|Salamence, M|
|poke|p2|Excadrill, M|
|poke|p2|Galvantula, F|
|poke|p2|Grimmsnarl, M|
|poke|p2|Magmortar, M|
|teampreview
|
|t:|1760886649
|teamsize|p1|6
|teamsize|p2|6
|start
|switch|p1a: Rotom|Rotom-Wash|100/100
|switch|p2a: Galvantula|Galvantula, F|100/100
|turn|1
|
|t:|1760886656
|switch|p1a: Hatterene|Hatterene, F|100/100
|move|p2a: Galvantula|Sticky Web|p1a: Hatterene
|move|p1a: Hatterene|Sticky Web|p2a: Galvantula|[from] ability: Magic Bounce
|-sidestart|p2: ThatFroot|move: Sticky Web
|
|upkeep
|turn|2
|
|t:|1760886668
|switch|p1a: Scizor|Scizor, M|100/100
|move|p2a: Galvantula|Volt Switch|p1a: Scizor
|-damage|p1a: Scizor|68/100
|
|t:|1760886676
|switch|p2a: Excadrill|Excadrill, M|100/100|[from] Volt Switch
|-ability|p2a: Excadrill|Mold Breaker
|-item|p2a: Excadrill|Air Balloon
|
|upkeep
|turn|3
|
|t:|1760886682
|switch|p1a: Rotom|Rotom-Wash|100/100
|move|p2a: Excadrill|Rapid Spin|p1a: Rotom
|-damage|p1a: Rotom|85/100
|-boost|p2a: Excadrill|spe|1
|-sideend|p2: ThatFroot|Sticky Web|[from] move: Rapid Spin|[of] p2a: Excadrill
|
|upkeep
|turn|4
|
|t:|1760886690
|move|p2a: Excadrill|Rock Slide|p1a: Rotom
|-damage|p1a: Rotom|65/100
|cant|p1a: Rotom|flinch
|
|upkeep
|turn|5
|
|t:|1760886696
|move|p2a: Excadrill|Iron Head|p1a: Rotom
|-resisted|p1a: Rotom
|-damage|p1a: Rotom|57/100
|move|p1a: Rotom|Reflect|p1a: Rotom
|-sidestart|p1: CCL0611|Reflect
|
|upkeep
|turn|6
|
|t:|1760886704
|move|p2a: Excadrill|Rock Slide|p1a: Rotom
|-damage|p1a: Rotom|47/100
|cant|p1a: Rotom|flinch
|
|upkeep
|turn|7
|
|t:|1760886711
|move|p2a: Excadrill|Rock Slide|p1a: Rotom
|-damage|p1a: Rotom|38/100
|move|p1a: Rotom|Hydro Pump|p2a: Excadrill
|-supereffective|p2a: Excadrill
|-damage|p2a: Excadrill|0 fnt
|-enditem|p2a: Excadrill|Air Balloon
|faint|p2a: Excadrill
|
|upkeep
|
|t:|1760886722
|switch|p2a: Grimmsnarl|Grimmsnarl, M|100/100
|turn|8
|
|t:|1760886726
|switch|p1a: Hatterene|Hatterene, F|100/100
|move|p2a: Grimmsnarl|Reflect|p2a: Grimmsnarl
|-sidestart|p2: ThatFroot|Reflect
|
|upkeep
|turn|9
|
|t:|1760886732
|switch|p2a: Greninja|Greninja, M|100/100
|move|p1a: Hatterene|Calm Mind|p1a: Hatterene
|-boost|p1a: Hatterene|spa|1
|-boost|p1a: Hatterene|spd|1
|
|upkeep
|turn|10
|
|t:|1760886737
|-terastallize|p2a: Greninja|Poison
|move|p2a: Greninja|Sludge Wave|p1a: Hatterene
|-supereffective|p1a: Hatterene
|-damage|p1a: Hatterene|22/100
|-damage|p2a: Greninja|91/100|[from] item: Life Orb
|move|p1a: Hatterene|Calm Mind|p1a: Hatterene
|-boost|p1a: Hatterene|spa|1
|-boost|p1a: Hatterene|spd|1
|
|-heal|p1a: Hatterene|28/100|[from] item: Leftovers
|upkeep
|turn|11
|inactive|Battle timer is ON: inactive players will automatically lose when time's up. (requested by ThatFroot)
|
|t:|1760886795
|move|p2a: Greninja|Surf|p1a: Hatterene
|-damage|p1a: Hatterene|0 fnt
|faint|p1a: Hatterene
|-ability|p2a: Greninja|Battle Bond|boost
|-boost|p2a: Greninja|atk|1
|-boost|p2a: Greninja|spa|1
|-boost|p2a: Greninja|spe|1
|-activate|p2a: Greninja|ability: Battle Bond
|-damage|p2a: Greninja|81/100|[from] item: Life Orb
|
|upkeep
|
|t:|1760886810
|switch|p1a: Dragonite|Dragonite, M|100/100
|turn|12
|
|t:|1760886814
|move|p2a: Greninja|Ice Beam|p1a: Dragonite
|-supereffective|p1a: Dragonite
|-damage|p1a: Dragonite|7/100
|-damage|p2a: Greninja|71/100|[from] item: Life Orb
|move|p1a: Dragonite|Earthquake|p2a: Greninja
|-supereffective|p2a: Greninja
|-damage|p2a: Greninja|0 fnt
|faint|p2a: Greninja
|
|-sideend|p1: CCL0611|Reflect
|upkeep
|
|t:|1760886824
|switch|p2a: Salamence|Salamence, M|100/100
|-ability|p2a: Salamence|Intimidate|boost
|-unboost|p1a: Dragonite|atk|1
|turn|13
|
|t:|1760886831
|switch|p1a: Rotom|Rotom-Wash|38/100
|move|p2a: Salamence|Dragon Pulse|p1a: Rotom
|-damage|p1a: Rotom|0 fnt
|faint|p1a: Rotom
|
|upkeep
|
|t:|1760886835
|switch|p1a: Iron Moth|Iron Moth|100/100
|-enditem|p1a: Iron Moth|Booster Energy
|-activate|p1a: Iron Moth|ability: Quark Drive|[fromitem]
|-start|p1a: Iron Moth|quarkdrivespe
|turn|14
|
|t:|1760886844
|-terastallize|p1a: Iron Moth|Fairy
|move|p1a: Iron Moth|Tera Blast|p2a: Salamence|[anim] Tera Blast Fairy
|-supereffective|p2a: Salamence
|-damage|p2a: Salamence|0 fnt
|faint|p2a: Salamence
|
|upkeep
|
|t:|1760886852
|switch|p2a: Grimmsnarl|Grimmsnarl, M|100/100
|turn|15
|
|t:|1760886855
|move|p2a: Grimmsnarl|Light Screen|p2a: Grimmsnarl
|-sidestart|p2: ThatFroot|move: Light Screen
|move|p1a: Iron Moth|Tera Blast|p2a: Grimmsnarl|[anim] Tera Blast Fairy
|-supereffective|p2a: Grimmsnarl
|-damage|p2a: Grimmsnarl|56/100
|
|-sideend|p2: ThatFroot|Reflect
|upkeep
|turn|16
|
|t:|1760886861
|move|p2a: Grimmsnarl|Sucker Punch|p1a: Iron Moth
|-resisted|p1a: Iron Moth
|-crit|p1a: Iron Moth
|-damage|p1a: Iron Moth|73/100
|move|p1a: Iron Moth|Fiery Dance|p2a: Grimmsnarl
|-crit|p2a: Grimmsnarl
|-damage|p2a: Grimmsnarl|0 fnt
|faint|p2a: Grimmsnarl
|
|upkeep
|
|t:|1760886874
|switch|p2a: Galvantula|Galvantula, F|100/100
|turn|17
|
|t:|1760886878
|move|p1a: Iron Moth|Fiery Dance|p2a: Galvantula
|-supereffective|p2a: Galvantula
|-damage|p2a: Galvantula|24/100
|-boost|p1a: Iron Moth|spa|1
|move|p2a: Galvantula|Thunder|p1a: Iron Moth
|-damage|p1a: Iron Moth|20/100
|-status|p1a: Iron Moth|par
|
|upkeep
|turn|18
|
|t:|1760886886
|move|p2a: Galvantula|Thunder|p1a: Iron Moth
|-damage|p1a: Iron Moth|0 fnt
|faint|p1a: Iron Moth
|-end|p1a: Iron Moth|Quark Drive|[silent]
|
|upkeep
|
|t:|1760886891
|switch|p1a: Dragonite|Dragonite, M|7/100
|turn|19
|
|t:|1760886899
|move|p1a: Dragonite|Extreme Speed|p2a: Galvantula
|-damage|p2a: Galvantula|0 fnt
|faint|p2a: Galvantula
|
|upkeep
|
|t:|1760886903
|switch|p2a: Magmortar|Magmortar, M|100/100
|turn|20
|
|t:|1760886906
|move|p2a: Magmortar|Flamethrower|p1a: Dragonite
|-resisted|p1a: Dragonite
|-crit|p1a: Dragonite
|-damage|p1a: Dragonite|0 fnt
|faint|p1a: Dragonite
|
|upkeep
|
|t:|1760886912
|switch|p1a: Darkrai|Darkrai|100/100
|turn|21
|
|t:|1760886915
|move|p1a: Darkrai|Dark Pulse|p2a: Magmortar
|-damage|p2a: Magmortar|76/100
|move|p2a: Magmortar|Flamethrower|p1a: Darkrai
|-damage|p1a: Darkrai|45/100
|
|-heal|p1a: Darkrai|51/100|[from] item: Leftovers
|upkeep
|turn|22
|
|t:|1760886922
|move|p1a: Darkrai|Dark Pulse|p2a: Magmortar
|-damage|p2a: Magmortar|51/100
|move|p2a: Magmortar|Flamethrower|p1a: Darkrai
|-damage|p1a: Darkrai|0 fnt
|faint|p1a: Darkrai
|
|-sideend|p2: ThatFroot|move: Light Screen
|upkeep
|
|t:|1760886926
|switch|p1a: Scizor|Scizor, M|68/100
|turn|23
|
|t:|1760886935
|move|p2a: Magmortar|Flamethrower|p1a: Scizor
|-supereffective|p1a: Scizor
|-damage|p1a: Scizor|0 fnt
|faint|p1a: Scizor
|
|win|ThatFroot
|raw|CCL0611's rating: 1195 &rarr; <strong>1169</strong><br />(-26 for losing)
|raw|ThatFroot's rating: 1182 &rarr; <strong>1208</strong><br />(+26 for winning)
|l|☆CCL0611
|player|p1|
|l|☆ThatFroot
|player|p2|
