|j|☆SasoriVzla7
|j|☆Alx12
|t:|1760732018
|gametype|singles
|player|p1|SasoriVzla7|lucian|1572
|player|p2|Alx12|skier|1634
|gen|9
|tier|[Gen 9] OU
|rated|
|rule|HP Percentage Mod: HP is shown in percentages
|rule|Endless Battle Clause: Forcing endless battles is banned
|rule|Species Clause: Limit one of each Pokémon
|rule|OHKO Clause: OHKO moves are banned
|rule|Evasion Items Clause: Evasion items are banned
|rule|Evasion Moves Clause: Evasion moves are banned
|rule|Evasion Abilities Clause: Evasion abilities are banned
|rule|Sleep Moves Clause: Sleep-inducing moves are banned
|clearpoke
|poke|p1|Empoleon, M|
|poke|p1|Great Tusk|
|poke|p1|Landorus-Therian, M|
|poke|p1|Sinistcha|
|poke|p1|Darkrai|
|poke|p1|Arcanine-Hisui, F|
|poke|p2|Ceruledge, F|
|poke|p2|Walking Wake|
|poke|p2|Zamazenta-*|
|poke|p2|Garchomp, M|
|poke|p2|Primarina, F|
|poke|p2|Ogerpon-Wellspring, F|
|teampreview
|inactive|Battle timer is ON: inactive players will automatically lose when time's up. (requested by SasoriVzla7)
|
|t:|1760732029
|teamsize|p1|6
|teamsize|p2|6
|start
|switch|p1a: Landorus|Landorus-Therian, M|100/100
|switch|p2a: Garchomp|Garchomp, M|100/100
|-ability|p1a: Landorus|Intimidate|boost
|-unboost|p2a: Garchomp|atk|1
|turn|1
|
|t:|1760732034
|switch|p1a: Great Tusk|Great Tusk|100/100
|move|p2a: Garchomp|Stealth Rock|p1a: Great Tusk
|-sidestart|p1: SasoriVzla7|move: Stealth Rock
|
|upkeep
|turn|2
|
|t:|1760732040
|move|p2a: Garchomp|Draco Meteor|p1a: Great Tusk
|-damage|p1a: Great Tusk|22/100
|-unboost|p2a: Garchomp|spa|2
|-damage|p2a: Garchomp|91/100|[from] item: Life Orb
|move|p1a: Great Tusk|Headlong Rush|p2a: Garchomp
|-damage|p2a: Garchomp|36/100
|-unboost|p1a: Great Tusk|def|1
|-unboost|p1a: Great Tusk|spd|1
|-damage|p1a: Great Tusk|10/100|[from] ability: Rough Skin|[of] p2a: Garchomp
|
|-heal|p1a: Great Tusk|16/100|[from] item: Leftovers
|upkeep
|turn|3
|
|t:|1760732050
|move|p2a: Garchomp|Earthquake|p1a: Great Tusk
|-damage|p1a: Great Tusk|0 fnt
|faint|p1a: Great Tusk
|-end|p1a: Great Tusk|Protosynthesis|[silent]
|-damage|p2a: Garchomp|26/100|[from] item: Life Orb
|
|upkeep
|
|t:|1760732061
|switch|p1a: Darkrai|Darkrai|100/100
|turn|4
|inactive|Alx12 has 120 seconds left.
|
|t:|1760732095
|switch|p2a: Primarina|Primarina, F|100/100
|move|p1a: Darkrai|Dark Pulse|p2a: Primarina
|-resisted|p2a: Primarina
|-damage|p2a: Primarina|88/100
|
|upkeep
|turn|5
|
|t:|1760732101
|switch|p1a: Empoleon|Empoleon, M|100/100
|-damage|p1a: Empoleon|94/100|[from] Stealth Rock
|move|p2a: Primarina|Flip Turn|p1a: Empoleon
|-resisted|p1a: Empoleon
|-damage|p1a: Empoleon|88/100
|
|t:|1760732108
|switch|p2a: Garchomp|Garchomp, M|26/100|[from] Flip Turn
|
|-heal|p1a: Empoleon|94/100|[from] item: Leftovers
|upkeep
|turn|6
|
|t:|1760732111
|move|p2a: Garchomp|Earthquake|p1a: Empoleon
|-supereffective|p1a: Empoleon
|-damage|p1a: Empoleon|0 fnt
|faint|p1a: Empoleon
|-damage|p2a: Garchomp|16/100|[from] item: Life Orb
|
|upkeep
|
|t:|1760732116
|switch|p1a: Darkrai|Darkrai|100/100
|turn|7
|
|t:|1760732119
|move|p1a: Darkrai|Sludge Bomb|p2a: Garchomp
|-resisted|p2a: Garchomp
|-crit|p2a: Garchomp
|-damage|p2a: Garchomp|0 fnt
|faint|p2a: Garchomp
|
|upkeep
|
|t:|1760732123
|switch|p2a: Primarina|Primarina, F|88/100
|turn|8
|
|t:|1760732129
|-terastallize|p1a: Darkrai|Poison
|move|p1a: Darkrai|Sludge Bomb|p2a: Primarina
|-supereffective|p2a: Primarina
|-damage|p2a: Primarina|39/100
|move|p2a: Primarina|Moonblast|p1a: Darkrai
|-resisted|p1a: Darkrai
|-damage|p1a: Darkrai|69/100
|-unboost|p1a: Darkrai|spa|1
|
|upkeep
|turn|9
|
|t:|1760732140
|move|p1a: Darkrai|Will-O-Wisp|p2a: Primarina
|-status|p2a: Primarina|brn
|move|p2a: Primarina|Psychic Noise|p1a: Darkrai
|-supereffective|p1a: Darkrai
|-damage|p1a: Darkrai|6/100
|-start|p1a: Darkrai|move: Heal Block
|
|-damage|p2a: Primarina|32/100 brn|[from] brn
|upkeep
|turn|10
|
|t:|1760732147
|move|p1a: Darkrai|Sludge Bomb|p2a: Primarina
|-supereffective|p2a: Primarina
|-damage|p2a: Primarina|0 fnt
|faint|p2a: Primarina
|
|-end|p1a: Darkrai|move: Heal Block
|upkeep
|
|t:|1760732150
|switch|p2a: Ceruledge|Ceruledge, F|100/100
|turn|11
|
|t:|1760732153
|switch|p1a: Landorus|Landorus-Therian, M|100/100
|-damage|p1a: Landorus|88/100|[from] Stealth Rock
|-ability|p1a: Landorus|Intimidate|boost
|-unboost|p2a: Ceruledge|atk|1
|move|p2a: Ceruledge|Shadow Sneak|p1a: Landorus
|-damage|p1a: Landorus|70/100
|
|upkeep
|turn|12
|
|t:|1760732163
|move|p2a: Ceruledge|Endure|p2a: Ceruledge
|-singleturn|p2a: Ceruledge|move: Endure
|move|p1a: Landorus|Earthquake|p2a: Ceruledge
|-supereffective|p2a: Ceruledge
|-activate|p2a: Ceruledge|move: Endure
|-damage|p2a: Ceruledge|1/100
|-ability|p2a: Ceruledge|Weak Armor|boost
|-unboost|p2a: Ceruledge|def|1
|-boost|p2a: Ceruledge|spe|2
|-enditem|p2a: Ceruledge|Weakness Policy
|-boost|p2a: Ceruledge|atk|2|[from] item: Weakness Policy
|-boost|p2a: Ceruledge|spa|2|[from] item: Weakness Policy
|
|upkeep
|turn|13
|
|t:|1760732188
|move|p2a: Ceruledge|Poltergeist|p1a: Landorus
|-activate|p1a: Landorus|move: Poltergeist|Choice Scarf
|-damage|p1a: Landorus|0 fnt
|faint|p1a: Landorus
|
|upkeep
|
|t:|1760732196
|switch|p1a: Darkrai|Darkrai, tera:Poison|6/100
|turn|14
|
|t:|1760732199
|switch|p1a: Sinistcha|Sinistcha|100/100
|-damage|p1a: Sinistcha|88/100|[from] Stealth Rock
|move|p2a: Ceruledge|Shadow Sneak|p1a: Sinistcha
|-supereffective|p1a: Sinistcha
|-damage|p1a: Sinistcha|33/100
|-damage|p2a: Ceruledge|0 fnt|[from] item: Rocky Helmet|[of] p1a: Sinistcha
|faint|p2a: Ceruledge
|
|upkeep
|
|t:|1760732206
|switch|p2a: Walking Wake|Walking Wake|100/100
|-enditem|p2a: Walking Wake|Booster Energy
|-activate|p2a: Walking Wake|ability: Protosynthesis|[fromitem]
|-start|p2a: Walking Wake|protosynthesisspa
|turn|15
|
|t:|1760732212
|move|p2a: Walking Wake|Agility|p2a: Walking Wake
|-boost|p2a: Walking Wake|spe|2
|move|p1a: Sinistcha|Matcha Gotcha|p2a: Walking Wake
|-damage|p2a: Walking Wake|56/100
|-heal|p1a: Sinistcha|56/100|[from] drain|[of] p2a: Walking Wake
|
|upkeep
|turn|16
|
|t:|1760732221
|switch|p1a: Darkrai|Darkrai, tera:Poison|6/100
|move|p2a: Walking Wake|Dragon Pulse|p1a: Darkrai
|-damage|p1a: Darkrai|0 fnt
|faint|p1a: Darkrai
|
|upkeep
|
|t:|1760732226
|switch|p1a: Arcanine|Arcanine-Hisui, F|100/100
|-damage|p1a: Arcanine|76/100|[from] Stealth Rock
|turn|17
|
|t:|1760732231
|move|p1a: Arcanine|Extreme Speed|p2a: Walking Wake
|-damage|p2a: Walking Wake|13/100
|move|p2a: Walking Wake|Surf|p1a: Arcanine
|-supereffective|p1a: Arcanine
|-damage|p1a: Arcanine|0 fnt
|faint|p1a: Arcanine
|
|upkeep
|
|t:|1760732237
|switch|p1a: Sinistcha|Sinistcha|56/100
|-damage|p1a: Sinistcha|44/100|[from] Stealth Rock
|turn|18
|
|t:|1760732239
|move|p2a: Walking Wake|Dragon Pulse|p1a: Sinistcha
|-damage|p1a: Sinistcha|0 fnt
|faint|p1a: Sinistcha
|
|win|Alx12
|raw|SasoriVzla7's rating: 1572 &rarr; <strong>1556</strong><br />(-16 for losing)
|raw|Alx12's rating: 1634 &rarr; <strong>1650</strong><br />(+16 for winning)
|l|☆SasoriVzla7
|player|p1|
|l|☆Alx12
|player|p2|
