|j|☆Dddddsf
|j|☆sp1t3
|inactive|Battle timer is ON: inactive players will automatically lose when time's up.
|t:|1760740905
|gametype|singles
|j|*Lady Monita ☀
|player|p1|Dddddsf|red|
|player|p2|sp1t3|zinzolin|
|gen|9
|tier|[Gen 9] OU
|rated|Tournament battle
|rule|HP Percentage Mod: HP is shown in percentages
|rule|Endless Battle Clause: Forcing endless battles is banned
|rule|Species Clause: Limit one of each Pokémon
|rule|OHKO Clause: OHKO moves are banned
|rule|Evasion Items Clause: Evasion items are banned
|rule|Evasion Moves Clause: Evasion moves are banned
|rule|Evasion Abilities Clause: Evasion abilities are banned
|rule|Sleep Moves Clause: Sleep-inducing moves are banned
|raw|<div class="infobox"><details class="readmore" open><summary><strong>2 custom rules:</strong></summary> -All Items, +Quick Claw</details></div>
|clearpoke
|poke|p1|Slowbro-Galar, M|
|poke|p1|Gholdengo|
|poke|p1|Great Tusk|
|poke|p1|Heatran, M|
|poke|p1|Rillaboom, M|
|poke|p1|Walking Wake|
|poke|p2|Grimmsnarl, M|
|poke|p2|Ursaluna, M|
|poke|p2|Iron Hands|
|poke|p2|Kingambit, M|
|poke|p2|Enamorus-Therian, F|
|poke|p2|Slowbro-Galar, M|
|teampreview
|
|t:|1760740917
|teamsize|p1|6
|teamsize|p2|6
|start
|switch|p1a: Heatran|Heatran, M|100/100
|switch|p2a: Grimmsnarl|Grimmsnarl, M|100/100
|turn|1
|
|t:|1760740922
|move|p2a: Grimmsnarl|Taunt|p1a: Heatran
|-start|p1a: Heatran|move: Taunt
|cant|p1a: Heatran|move: Taunt|Taunt
|
|upkeep
|turn|2
|-activate|p1a: Heatran|item: Quick Claw
|-activate|p2a: Grimmsnarl|item: Quick Claw
|
|t:|1760740928
|move|p1a: Heatran|Magma Storm|p2a: Grimmsnarl
|-damage|p2a: Grimmsnarl|53/100
|-activate|p2a: Grimmsnarl|move: Magma Storm|[of] p1a: Heatran
|move|p2a: Grimmsnarl|Spirit Break|p1a: Heatran
|-resisted|p1a: Heatran
|-crit|p1a: Heatran
|-damage|p1a: Heatran|91/100
|-unboost|p1a: Heatran|spa|1
|
|-damage|p2a: Grimmsnarl|40/100|[from] move: Magma Storm|[partiallytrapped]
|upkeep
|turn|3
|-activate|p2a: Grimmsnarl|item: Quick Claw
|
|t:|1760740937
|switch|p1a: Great Tusk|Great Tusk|100/100
|move|p2a: Grimmsnarl|Light Screen|p2a: Grimmsnarl
|-sidestart|p2: sp1t3|move: Light Screen
|
|-end|p2a: Grimmsnarl|Magma Storm|[partiallytrapped]|[silent]
|upkeep
|turn|4
|
|t:|1760740943
|move|p2a: Grimmsnarl|Reflect|p2a: Grimmsnarl
|-sidestart|p2: sp1t3|Reflect
|move|p1a: Great Tusk|Rapid Spin|p2a: Grimmsnarl
|-damage|p2a: Grimmsnarl|34/100
|-boost|p1a: Great Tusk|spe|1
|
|upkeep
|turn|5
|-activate|p1a: Great Tusk|item: Quick Claw
|
|t:|1760740950
|move|p2a: Grimmsnarl|Taunt|p1a: Great Tusk
|-start|p1a: Great Tusk|move: Taunt
|move|p1a: Great Tusk|Knock Off|p2a: Grimmsnarl
|-resisted|p2a: Grimmsnarl
|-damage|p2a: Grimmsnarl|31/100
|-enditem|p2a: Grimmsnarl|Quick Claw|[from] move: Knock Off|[of] p1a: Great Tusk
|
|upkeep
|turn|6
|
|t:|1760740959
|switch|p2a: Enamorus|Enamorus-Therian, F|100/100
|move|p1a: Great Tusk|Ice Spinner|p2a: Enamorus
|-supereffective|p2a: Enamorus
|-damage|p2a: Enamorus|78/100
|
|upkeep
|turn|7
|-activate|p1a: Great Tusk|item: Quick Claw
|
|t:|1760740970
|move|p1a: Great Tusk|Ice Spinner|p2a: Enamorus
|-supereffective|p2a: Enamorus
|-damage|p2a: Enamorus|56/100
|move|p2a: Enamorus|Mystical Fire|p1a: Great Tusk
|-damage|p1a: Great Tusk|63/100
|-unboost|p1a: Great Tusk|spa|1
|
|-end|p1a: Great Tusk|move: Taunt
|-sideend|p2: sp1t3|move: Light Screen
|upkeep
|turn|8
|-activate|p2a: Enamorus|item: Quick Claw
|
|t:|1760740976
|move|p2a: Enamorus|Moonblast|p1a: Great Tusk
|-supereffective|p1a: Great Tusk
|-damage|p1a: Great Tusk|0 fnt
|faint|p1a: Great Tusk
|-end|p1a: Great Tusk|Protosynthesis|[silent]
|
|-sideend|p2: sp1t3|Reflect
|upkeep
|
|t:|1760740986
|switch|p1a: Heatran|Heatran, M|91/100
|turn|9
|
|t:|1760740997
|move|p1a: Heatran|Stealth Rock|p2a: Enamorus
|-sidestart|p2: sp1t3|move: Stealth Rock
|move|p2a: Enamorus|Earth Power|p1a: Heatran
|-supereffective|p1a: Heatran
|-damage|p1a: Heatran|7/100
|
|upkeep
|turn|10
|-activate|p1a: Heatran|item: Quick Claw
|
|t:|1760741003
|move|p1a: Heatran|Magma Storm|p2a: Enamorus|[miss]
|-miss|p1a: Heatran|p2a: Enamorus
|move|p2a: Enamorus|Earth Power|p1a: Heatran
|-supereffective|p1a: Heatran
|-damage|p1a: Heatran|0 fnt
|faint|p1a: Heatran
|
|upkeep
|
|t:|1760741006
|switch|p1a: Slowbro|Slowbro-Galar, M|100/100
|turn|11
|-activate|p2a: Enamorus|item: Quick Claw
|
|t:|1760741011
|move|p2a: Enamorus|Earth Power|p1a: Slowbro
|-supereffective|p1a: Slowbro
|-damage|p1a: Slowbro|25/100
|move|p1a: Slowbro|Shell Side Arm|p2a: Enamorus|[anim] Shell Side Arm Special
|-supereffective|p2a: Enamorus
|-damage|p2a: Enamorus|0 fnt
|-hint|Special Shell Side Arm
|faint|p2a: Enamorus
|
|upkeep
|
|t:|1760741022
|switch|p2a: Ursaluna|Ursaluna, M|100/100
|-damage|p2a: Ursaluna|94/100|[from] Stealth Rock
|turn|12
|
|t:|1760741027
|move|p2a: Ursaluna|Crunch|p1a: Slowbro
|-supereffective|p1a: Slowbro
|-damage|p1a: Slowbro|0 fnt
|faint|p1a: Slowbro
|
|upkeep
|
|t:|1760741029
|switch|p1a: Rillaboom|Rillaboom, M|100/100
|-fieldstart|move: Grassy Terrain|[from] ability: Grassy Surge|[of] p1a: Rillaboom
|turn|13
|
|t:|1760741039
|-terastallize|p2a: Ursaluna|Normal
|move|p1a: Rillaboom|Grassy Glide|p2a: Ursaluna
|-damage|p2a: Ursaluna|67/100
|move|p2a: Ursaluna|Body Slam|p1a: Rillaboom
|-damage|p1a: Rillaboom|23/100
|
|-heal|p1a: Rillaboom|29/100|[from] Grassy Terrain
|-heal|p2a: Ursaluna|73/100|[from] Grassy Terrain
|upkeep
|turn|14
|-activate|p1a: Rillaboom|item: Quick Claw
|
|t:|1760741047
|move|p1a: Rillaboom|Wood Hammer|p2a: Ursaluna
|-damage|p2a: Ursaluna|10/100
|-damage|p1a: Rillaboom|1/100|[from] Recoil
|move|p2a: Ursaluna|Crunch|p1a: Rillaboom
|-damage|p1a: Rillaboom|0 fnt
|faint|p1a: Rillaboom
|
|-heal|p2a: Ursaluna|16/100|[from] Grassy Terrain
|upkeep
|
|t:|1760741051
|switch|p1a: Walking Wake|Walking Wake|100/100
|turn|15
|-activate|p2a: Ursaluna|item: Quick Claw
|
|t:|1760741056
|move|p2a: Ursaluna|Headlong Rush|p1a: Walking Wake
|-damage|p1a: Walking Wake|27/100
|-unboost|p2a: Ursaluna|def|1
|-unboost|p2a: Ursaluna|spd|1
|move|p1a: Walking Wake|Surf|p2a: Ursaluna
|-damage|p2a: Ursaluna|0 fnt
|faint|p2a: Ursaluna
|
|-heal|p1a: Walking Wake|33/100|[from] Grassy Terrain
|upkeep
|
|t:|1760741060
|switch|p2a: Iron Hands|Iron Hands|100/100
|-damage|p2a: Iron Hands|94/100|[from] Stealth Rock
|turn|16
|-activate|p2a: Iron Hands|item: Quick Claw
|
|t:|1760741062
|move|p2a: Iron Hands|Wild Charge|p1a: Walking Wake
|-damage|p1a: Walking Wake|0 fnt
|faint|p1a: Walking Wake
|-end|p1a: Walking Wake|Protosynthesis|[silent]
|-damage|p2a: Iron Hands|89/100|[from] Recoil
|
|-heal|p2a: Iron Hands|95/100|[from] Grassy Terrain
|upkeep
|
|t:|1760741065
|switch|p1a: Gholdengo|Gholdengo|100/100
|turn|17
|
|t:|1760741067
|move|p1a: Gholdengo|Nasty Plot|p1a: Gholdengo
|-boost|p1a: Gholdengo|spa|2
|move|p2a: Iron Hands|Wild Charge|p1a: Gholdengo
|-damage|p1a: Gholdengo|35/100
|-damage|p2a: Iron Hands|85/100|[from] Recoil
|
|-heal|p1a: Gholdengo|41/100|[from] Grassy Terrain
|-heal|p2a: Iron Hands|91/100|[from] Grassy Terrain
|-fieldend|move: Grassy Terrain
|upkeep
|turn|18
|
|t:|1760741072
|move|p1a: Gholdengo|Shadow Ball|p2a: Iron Hands
|-damage|p2a: Iron Hands|11/100
|-unboost|p2a: Iron Hands|spd|1
|move|p2a: Iron Hands|Wild Charge|p1a: Gholdengo
|-damage|p1a: Gholdengo|0 fnt
|faint|p1a: Gholdengo
|-damage|p2a: Iron Hands|5/100|[from] Recoil
|
|win|sp1t3
|n|☆Dddddsf|dddddsf
|n|☆sp1t3|sp1t3
|n|*Lady Monita ☀|ladymonita
