|j|☆daffoself
|j|☆ennvee98
|t:|1760732367
|gametype|singles
|player|p1|daffoself|n|1283
|player|p2|ennvee98|101|1247
|gen|9
|tier|[Gen 9] OU
|rated|
|rule|HP Percentage Mod: HP is shown in percentages
|rule|Endless Battle Clause: Forcing endless battles is banned
|rule|Species Clause: Limit one of each Pokémon
|rule|OHKO Clause: OHKO moves are banned
|rule|Evasion Items Clause: Evasion items are banned
|rule|Evasion Moves Clause: Evasion moves are banned
|rule|Evasion Abilities Clause: Evasion abilities are banned
|rule|Sleep Moves Clause: Sleep-inducing moves are banned
|clearpoke
|poke|p1|Hatterene, F|
|poke|p1|Slowking-Galar, F|
|poke|p1|Avalugg, F|
|poke|p1|Garganacl, M|
|poke|p1|Rillaboom, F|
|poke|p1|Coalossal, F|
|poke|p2|Weavile, F|
|poke|p2|Slowking-Galar, M|
|poke|p2|Raging Bolt|
|poke|p2|Corviknight, M|
|poke|p2|Cinderace, M|
|poke|p2|Kyurem|
|teampreview
|
|t:|1760732397
|teamsize|p1|6
|teamsize|p2|6
|start
|switch|p1a: Coalossal|Coalossal, F|100/100
|switch|p2a: Weavile|Weavile, F|100/100
|-ability|p2a: Weavile|Pressure
|turn|1
|
|t:|1760732425
|switch|p2a: Kyurem|Kyurem|100/100
|-ability|p2a: Kyurem|Pressure
|move|p1a: Coalossal|Will-O-Wisp|p2a: Kyurem
|-status|p2a: Kyurem|brn
|
|-damage|p2a: Kyurem|94/100 brn|[from] brn
|upkeep
|turn|2
|
|t:|1760732440
|switch|p1a: Avalugg|Avalugg, F|100/100
|move|p2a: Kyurem|Earth Power|p1a: Avalugg
|-damage|p1a: Avalugg|71/100
|-unboost|p1a: Avalugg|spd|1
|
|-heal|p2a: Kyurem|100/100 brn|[from] item: Leftovers
|-damage|p2a: Kyurem|94/100 brn|[from] brn
|upkeep
|turn|3
|
|t:|1760732451
|switch|p2a: Cinderace|Cinderace, M|100/100
|move|p1a: Avalugg|Body Press|p2a: Cinderace
|-damage|p2a: Cinderace|58/100
|
|upkeep
|turn|4
|
|t:|1760732459
|switch|p1a: Garganacl|Garganacl, M|100/100
|move|p2a: Cinderace|Pyro Ball|p1a: Garganacl
|-resisted|p1a: Garganacl
|-damage|p1a: Garganacl|80/100
|
|-heal|p1a: Garganacl|87/100|[from] item: Leftovers
|upkeep
|turn|5
|
|t:|1760732469
|move|p1a: Garganacl|Protect|p1a: Garganacl
|-singleturn|p1a: Garganacl|Protect
|move|p2a: Cinderace|U-turn|p1a: Garganacl
|-start|p2a: Cinderace|typechange|Bug|[from] ability: Libero
|-activate|p1a: Garganacl|move: Protect
|
|-heal|p1a: Garganacl|93/100|[from] item: Leftovers
|upkeep
|turn|6
|
|t:|1760732478
|move|p2a: Cinderace|U-turn|p1a: Garganacl
|-damage|p1a: Garganacl|70/100
|
|t:|1760732481
|switch|p2a: Raging Bolt|Raging Bolt|100/100|[from] U-turn
|move|p1a: Garganacl|Salt Cure|p2a: Raging Bolt
|-damage|p2a: Raging Bolt|86/100
|-start|p2a: Raging Bolt|Salt Cure
|
|-heal|p1a: Garganacl|76/100|[from] item: Leftovers
|-damage|p2a: Raging Bolt|74/100|[from] Salt Cure
|upkeep
|turn|7
|
|t:|1760732495
|switch|p1a: Slowking|Slowking-Galar, F|100/100
|move|p2a: Raging Bolt|Volt Switch|p1a: Slowking
|-crit|p1a: Slowking
|-damage|p1a: Slowking|41/100
|
|t:|1760732501
|-end|p2a: Raging Bolt|Protosynthesis|[silent]
|switch|p2a: Weavile|Weavile, F|100/100|[from] Volt Switch
|-ability|p2a: Weavile|Pressure
|
|upkeep
|turn|8
|
|t:|1760732523
|switch|p1a: Rillaboom|Rillaboom, F|100/100
|-fieldstart|move: Grassy Terrain|[from] ability: Grassy Surge|[of] p1a: Rillaboom
|move|p2a: Weavile|Knock Off|p1a: Rillaboom
|-damage|p1a: Rillaboom|50/100
|-enditem|p1a: Rillaboom|Terrain Extender|[from] move: Knock Off|[of] p2a: Weavile
|
|-heal|p1a: Rillaboom|57/100|[from] Grassy Terrain
|upkeep
|turn|9
|
|t:|1760732536
|switch|p2a: Corviknight|Corviknight, M|100/100
|-ability|p2a: Corviknight|Pressure
|move|p1a: Rillaboom|Fake Out|p2a: Corviknight
|-resisted|p2a: Corviknight
|-damage|p2a: Corviknight|97/100
|-damage|p1a: Rillaboom|40/100|[from] item: Rocky Helmet|[of] p2a: Corviknight
|
|-heal|p1a: Rillaboom|46/100|[from] Grassy Terrain
|upkeep
|turn|10
|
|t:|1760732554
|switch|p1a: Coalossal|Coalossal, F|100/100
|move|p2a: Corviknight|U-turn|p1a: Coalossal
|-resisted|p1a: Coalossal
|-damage|p1a: Coalossal|97/100
|
|t:|1760732562
|switch|p2a: Kyurem|Kyurem|94/100 brn|[from] U-turn
|-ability|p2a: Kyurem|Pressure
|
|-heal|p2a: Kyurem|100/100 brn|[from] Grassy Terrain
|-heal|p1a: Coalossal|100/100|[from] Grassy Terrain
|-damage|p2a: Kyurem|94/100 brn|[from] brn
|upkeep
|turn|11
|
|t:|1760732576
|switch|p1a: Slowking|Slowking-Galar, F|74/100
|move|p2a: Kyurem|Earth Power|p1a: Slowking
|-supereffective|p1a: Slowking
|-damage|p1a: Slowking|41/100
|-unboost|p1a: Slowking|spd|1
|
|-heal|p2a: Kyurem|100/100 brn|[from] Grassy Terrain
|-heal|p1a: Slowking|47/100|[from] Grassy Terrain
|-damage|p2a: Kyurem|94/100 brn|[from] brn
|upkeep
|turn|12
|
|t:|1760732605
|switch|p1a: Hatterene|Hatterene, F|100/100
|move|p2a: Kyurem|Earth Power|p1a: Hatterene
|-damage|p1a: Hatterene|67/100
|
|-heal|p2a: Kyurem|100/100 brn|[from] Grassy Terrain
|-heal|p1a: Hatterene|73/100|[from] Grassy Terrain
|-damage|p2a: Kyurem|94/100 brn|[from] brn
|upkeep
|turn|13
|
|t:|1760732621
|move|p2a: Kyurem|Substitute|p2a: Kyurem
|-start|p2a: Kyurem|Substitute
|-damage|p2a: Kyurem|69/100 brn
|move|p1a: Hatterene|Calm Mind|p1a: Hatterene
|-boost|p1a: Hatterene|spa|1
|-boost|p1a: Hatterene|spd|1
|
|-heal|p2a: Kyurem|75/100 brn|[from] Grassy Terrain
|-heal|p2a: Kyurem|82/100 brn|[from] item: Leftovers
|-heal|p1a: Hatterene|79/100|[from] Grassy Terrain
|-damage|p2a: Kyurem|75/100 brn|[from] brn
|upkeep
|turn|14
|
|t:|1760732638
|switch|p2a: Weavile|Weavile, F|100/100
|-ability|p2a: Weavile|Pressure
|move|p1a: Hatterene|Calm Mind|p1a: Hatterene
|-boost|p1a: Hatterene|spa|1
|-boost|p1a: Hatterene|spd|1
|
|-heal|p1a: Hatterene|85/100|[from] Grassy Terrain
|upkeep
|turn|15
|
|t:|1760732685
|switch|p1a: Rillaboom|Rillaboom, F|46/100
|-terastallize|p2a: Weavile|Ice
|move|p2a: Weavile|Triple Axel|p1a: Rillaboom
|-supereffective|p1a: Rillaboom
|-damage|p1a: Rillaboom|23/100
|-supereffective|p1a: Rillaboom
|-damage|p1a: Rillaboom|0 fnt
|faint|p1a: Rillaboom
|-hitcount|p1: Rillaboom|2
|
|-fieldend|move: Grassy Terrain
|upkeep
|
|t:|1760732695
|switch|p1a: Slowking|Slowking-Galar, F|80/100
|turn|16
|
|t:|1760732732
|switch|p1a: Avalugg|Avalugg, F|71/100
|move|p2a: Weavile|Triple Axel|p1a: Avalugg
|-resisted|p1a: Avalugg
|-damage|p1a: Avalugg|66/100
|-resisted|p1a: Avalugg
|-damage|p1a: Avalugg|55/100
|-resisted|p1a: Avalugg
|-damage|p1a: Avalugg|40/100
|-hitcount|p1a: Avalugg|3
|
|upkeep
|turn|17
|
|t:|1760732746
|switch|p2a: Corviknight|Corviknight, M|97/100
|-ability|p2a: Corviknight|Pressure
|move|p1a: Avalugg|Iron Defense|p1a: Avalugg
|-boost|p1a: Avalugg|def|2
|
|upkeep
|turn|18
|
|t:|1760732754
|switch|p1a: Hatterene|Hatterene, F|85/100
|move|p2a: Corviknight|U-turn|p1a: Hatterene
|-damage|p1a: Hatterene|68/100
|
|t:|1760732760
|switch|p2a: Weavile|Weavile, F, tera:Ice|100/100|[from] U-turn
|-ability|p2a: Weavile|Pressure
|
|upkeep
|turn|19
|
|t:|1760732766
|switch|p1a: Coalossal|Coalossal, F|100/100
|move|p2a: Weavile|Triple Axel|p1a: Coalossal
|-resisted|p1a: Coalossal
|-damage|p1a: Coalossal|96/100
|-resisted|p1a: Coalossal
|-damage|p1a: Coalossal|87/100
|-resisted|p1a: Coalossal
|-damage|p1a: Coalossal|72/100
|-hitcount|p1a: Coalossal|3
|
|upkeep
|turn|20
|
|t:|1760732777
|switch|p2a: Kyurem|Kyurem|75/100 brn
|-ability|p2a: Kyurem|Pressure
|move|p1a: Coalossal|Will-O-Wisp|p2a: Kyurem
|-fail|p2a: Kyurem|brn
|
|-heal|p2a: Kyurem|82/100 brn|[from] item: Leftovers
|-damage|p2a: Kyurem|75/100 brn|[from] brn
|upkeep
|turn|21
|
|t:|1760732789
|switch|p1a: Slowking|Slowking-Galar, F|100/100
|move|p2a: Kyurem|Earth Power|p1a: Slowking
|-supereffective|p1a: Slowking
|-damage|p1a: Slowking|64/100
|
|-heal|p2a: Kyurem|82/100 brn|[from] item: Leftovers
|-damage|p2a: Kyurem|75/100 brn|[from] brn
|upkeep
|turn|22
|
|t:|1760732799
|switch|p2a: Weavile|Weavile, F, tera:Ice|100/100
|-ability|p2a: Weavile|Pressure
|move|p1a: Slowking|Slack Off|p1a: Slowking
|-heal|p1a: Slowking|100/100
|
|upkeep
|turn|23
|
|t:|1760732810
|switch|p1a: Coalossal|Coalossal, F|72/100
|move|p2a: Weavile|Knock Off|p1a: Coalossal
|-damage|p1a: Coalossal|34/100
|-enditem|p1a: Coalossal|Heavy-Duty Boots|[from] move: Knock Off|[of] p2a: Weavile
|
|upkeep
|turn|24
|
|t:|1760732832
|switch|p2a: Corviknight|Corviknight, M|97/100
|-ability|p2a: Corviknight|Pressure
|move|p1a: Coalossal|Heat Crash|p2a: Corviknight
|-supereffective|p2a: Corviknight
|-damage|p2a: Corviknight|64/100
|-damage|p1a: Coalossal|17/100|[from] item: Rocky Helmet|[of] p2a: Corviknight
|
|upkeep
|turn|25
|
|t:|1760732846
|move|p2a: Corviknight|Roost|p2a: Corviknight
|-heal|p2a: Corviknight|100/100
|-singleturn|p2a: Corviknight|move: Roost
|move|p1a: Coalossal|Will-O-Wisp|p2a: Corviknight
|-status|p2a: Corviknight|brn
|
|-damage|p2a: Corviknight|94/100 brn|[from] brn
|upkeep
|turn|26
|
|t:|1760732859
|switch|p1a: Garganacl|Garganacl, M|76/100
|move|p2a: Corviknight|U-turn|p1a: Garganacl
|-crit|p1a: Garganacl
|-damage|p1a: Garganacl|69/100
|
|t:|1760732870
|switch|p2a: Raging Bolt|Raging Bolt|74/100|[from] U-turn
|
|-heal|p1a: Garganacl|75/100|[from] item: Leftovers
|upkeep
|turn|27
|
|t:|1760732881
|move|p2a: Raging Bolt|Volt Switch|p1a: Garganacl
|-damage|p1a: Garganacl|37/100
|
|t:|1760732884
|-end|p2a: Raging Bolt|Protosynthesis|[silent]
|switch|p2a: Slowking|Slowking-Galar, M|100/100|[from] Volt Switch
|move|p1a: Garganacl|Stealth Rock|p2a: Slowking
|-sidestart|p2: ennvee98|move: Stealth Rock
|
|-heal|p1a: Garganacl|43/100|[from] item: Leftovers
|upkeep
|turn|28
|
|t:|1760732892
|move|p1a: Garganacl|Recover|p1a: Garganacl
|-heal|p1a: Garganacl|93/100
|-prepare|p2a: Slowking|Chilly Reception|[premajor]
|move|p2a: Slowking|Chilly Reception|p2a: Slowking
|-weather|Snowscape
|
|t:|1760732900
|switch|p2a: Cinderace|Cinderace, M|58/100|[from] Chilly Reception
|
|-weather|Snowscape|[upkeep]
|-heal|p1a: Garganacl|99/100|[from] item: Leftovers
|upkeep
|turn|29
|
|t:|1760732907
|move|p2a: Cinderace|U-turn|p1a: Garganacl
|-start|p2a: Cinderace|typechange|Bug|[from] ability: Libero
|-damage|p1a: Garganacl|76/100
|
|t:|1760732911
|switch|p2a: Slowking|Slowking-Galar, M|100/100|[from] U-turn
|move|p1a: Garganacl|Salt Cure|p2a: Slowking
|-damage|p2a: Slowking|87/100
|-start|p2a: Slowking|Salt Cure
|
|-weather|Snowscape|[upkeep]
|-heal|p1a: Garganacl|82/100|[from] item: Leftovers
|-damage|p2a: Slowking|74/100|[from] Salt Cure
|upkeep
|turn|30
|
|t:|1760732924
|move|p1a: Garganacl|Salt Cure|p2a: Slowking
|-damage|p2a: Slowking|60/100
|-prepare|p2a: Slowking|Chilly Reception|[premajor]
|move|p2a: Slowking|Chilly Reception|p2a: Slowking
|
|t:|1760732929
|switch|p2a: Cinderace|Cinderace, M|58/100|[from] Chilly Reception
|
|-weather|Snowscape|[upkeep]
|-heal|p1a: Garganacl|89/100|[from] item: Leftovers
|upkeep
|turn|31
|
|t:|1760732936
|move|p2a: Cinderace|U-turn|p1a: Garganacl
|-start|p2a: Cinderace|typechange|Bug|[from] ability: Libero
|-damage|p1a: Garganacl|64/100
|
|t:|1760732940
|switch|p2a: Raging Bolt|Raging Bolt|74/100|[from] U-turn
|-damage|p2a: Raging Bolt|62/100|[from] Stealth Rock
|move|p1a: Garganacl|Salt Cure|p2a: Raging Bolt
|-damage|p2a: Raging Bolt|48/100
|-start|p2a: Raging Bolt|Salt Cure
|
|-weather|Snowscape|[upkeep]
|-heal|p1a: Garganacl|70/100|[from] item: Leftovers
|-damage|p2a: Raging Bolt|36/100|[from] Salt Cure
|upkeep
|turn|32
|
|t:|1760732961
|move|p2a: Raging Bolt|Draco Meteor|p1a: Garganacl
|-damage|p1a: Garganacl|0 fnt
|-unboost|p2a: Raging Bolt|spa|2
|faint|p1a: Garganacl
|
|-weather|none
|-damage|p2a: Raging Bolt|24/100|[from] Salt Cure
|upkeep
|
|t:|1760732970
|switch|p1a: Hatterene|Hatterene, F|68/100
|turn|33
|
|t:|1760732978
|-end|p2a: Raging Bolt|Protosynthesis|[silent]
|switch|p2a: Slowking|Slowking-Galar, M|93/100
|move|p1a: Hatterene|Mystical Fire|p2a: Slowking
|-damage|p2a: Slowking|76/100
|-unboost|p2a: Slowking|spa|1
|
|upkeep
|turn|34
|
|t:|1760732986
|-terastallize|p1a: Hatterene|Fire
|move|p1a: Hatterene|Psychic|p2a: Slowking
|-damage|p2a: Slowking|45/100
|move|p2a: Slowking|Sludge Bomb|p1a: Hatterene
|-damage|p1a: Hatterene|44/100
|-enditem|p1a: Hatterene|Sitrus Berry|[eat]
|-heal|p1a: Hatterene|69/100|[from] item: Sitrus Berry
|
|upkeep
|turn|35
|
|t:|1760733001
|move|p1a: Hatterene|Calm Mind|p1a: Hatterene
|-boost|p1a: Hatterene|spa|1
|-boost|p1a: Hatterene|spd|1
|move|p2a: Slowking|Future Sight|p1a: Hatterene
|-start|p2a: Slowking|move: Future Sight
|
|upkeep
|turn|36
|
|t:|1760733008
|move|p1a: Hatterene|Psychic|p2a: Slowking
|-damage|p2a: Slowking|0 fnt
|faint|p2a: Slowking
|
|upkeep
|
|t:|1760733016
|switch|p2a: Weavile|Weavile, F, tera:Ice|100/100
|-damage|p2a: Weavile|76/100|[from] Stealth Rock
|-ability|p2a: Weavile|Pressure
|turn|37
|
|t:|1760733022
|move|p2a: Weavile|Knock Off|p1a: Hatterene
|-damage|p1a: Hatterene|18/100
|move|p1a: Hatterene|Mystical Fire|p2a: Weavile
|-supereffective|p2a: Weavile
|-damage|p2a: Weavile|0 fnt
|faint|p2a: Weavile
|
|-end|p1a: Hatterene|move: Future Sight
|-damage|p1a: Hatterene|0 fnt
|faint|p1a: Hatterene
|upkeep
|
|t:|1760733038
|switch|p2a: Cinderace|Cinderace, M|58/100
|switch|p1a: Coalossal|Coalossal, F|17/100
|turn|38
|
|t:|1760733051
|switch|p2a: Corviknight|Corviknight, M|94/100 brn
|-damage|p2a: Corviknight|82/100 brn|[from] Stealth Rock
|-ability|p2a: Corviknight|Pressure
|move|p1a: Coalossal|Heat Crash|p2a: Corviknight
|-supereffective|p2a: Corviknight
|-damage|p2a: Corviknight|47/100 brn
|-damage|p1a: Coalossal|0 fnt|[from] item: Rocky Helmet|[of] p2a: Corviknight
|faint|p1a: Coalossal
|
|-damage|p2a: Corviknight|41/100 brn|[from] brn
|upkeep
|
|t:|1760733064
|switch|p1a: Slowking|Slowking-Galar, F|100/100
|turn|39
|
|t:|1760733071
|move|p2a: Corviknight|Brave Bird|p1a: Slowking
|-damage|p1a: Slowking|80/100
|-damage|p2a: Corviknight|34/100 brn|[from] Recoil
|-prepare|p1a: Slowking|Chilly Reception|[premajor]
|move|p1a: Slowking|Chilly Reception|p1a: Slowking
|-weather|Snowscape
|
|t:|1760733077
|switch|p1a: Avalugg|Avalugg, F|40/100|[from] Chilly Reception
|
|-weather|Snowscape|[upkeep]
|-heal|p1a: Avalugg|46/100|[from] ability: Ice Body
|-damage|p2a: Corviknight|28/100 brn|[from] brn
|upkeep
|turn|40
|
|t:|1760733086
|move|p2a: Corviknight|Brave Bird|p1a: Avalugg
|-damage|p1a: Avalugg|40/100
|-damage|p2a: Corviknight|26/100 brn|[from] Recoil
|move|p1a: Avalugg|Aurora Veil|p1a: Avalugg
|-sidestart|p1: daffoself|move: Aurora Veil
|
|-weather|Snowscape|[upkeep]
|-heal|p1a: Avalugg|46/100|[from] ability: Ice Body
|-damage|p2a: Corviknight|20/100 brn|[from] brn
|upkeep
|turn|41
|
|t:|1760733096
|move|p2a: Corviknight|Brave Bird|p1a: Avalugg
|-damage|p1a: Avalugg|43/100
|-damage|p2a: Corviknight|19/100 brn|[from] Recoil
|move|p1a: Avalugg|Body Press|p2a: Corviknight
|-damage|p2a: Corviknight|1/100 brn
|-damage|p1a: Avalugg|27/100|[from] item: Rocky Helmet|[of] p2a: Corviknight
|
|-weather|Snowscape|[upkeep]
|-heal|p1a: Avalugg|33/100|[from] ability: Ice Body
|-damage|p2a: Corviknight|0 fnt|[from] brn
|faint|p2a: Corviknight
|upkeep
|
|t:|1760733109
|switch|p2a: Cinderace|Cinderace, M|58/100
|turn|42
|
|t:|1760733115
|move|p2a: Cinderace|Court Change|p2a: Cinderace
|-start|p2a: Cinderace|typechange|Normal|[from] ability: Libero
|-swapsideconditions
|-activate|p2a: Cinderace|move: Court Change
|move|p1a: Avalugg|Body Press|p2a: Cinderace
|-supereffective|p2a: Cinderace
|-damage|p2a: Cinderace|10/100
|
|-weather|Snowscape|[upkeep]
|-heal|p1a: Avalugg|39/100|[from] ability: Ice Body
|upkeep
|turn|43
|
|t:|1760733124
|move|p2a: Cinderace|Pyro Ball|p1a: Avalugg
|-supereffective|p1a: Avalugg
|-damage|p1a: Avalugg|14/100
|move|p1a: Avalugg|Rapid Spin|p2a: Cinderace
|-damage|p2a: Cinderace|1/100
|-boost|p1a: Avalugg|spe|1
|-sideend|p1: daffoself|Stealth Rock|[from] move: Rapid Spin|[of] p1a: Avalugg
|
|-weather|none
|upkeep
|turn|44
|
|t:|1760733141
|switch|p1a: Slowking|Slowking-Galar, F|100/100
|move|p2a: Cinderace|Pyro Ball|p1a: Slowking
|-damage|p1a: Slowking|57/100
|
|-sideend|p2: ennvee98|move: Aurora Veil
|upkeep
|turn|45
|
|t:|1760733148
|move|p2a: Cinderace|Sucker Punch||[still]
|-fail|p2a: Cinderace
|move|p1a: Slowking|Slack Off|p1a: Slowking
|-heal|p1a: Slowking|100/100
|
|upkeep
|turn|46
|
|t:|1760733158
|move|p2a: Cinderace|Pyro Ball|p1a: Slowking
|-crit|p1a: Slowking
|-damage|p1a: Slowking|44/100
|move|p1a: Slowking|Toxic|p2a: Cinderace
|-status|p2a: Cinderace|tox
|
|-damage|p2a: Cinderace|0 fnt|[from] psn
|faint|p2a: Cinderace
|upkeep
|
|t:|1760733167
|switch|p2a: Kyurem|Kyurem|75/100 brn
|-ability|p2a: Kyurem|Pressure
|turn|47
|
|t:|1760733188
|move|p2a: Kyurem|Substitute|p2a: Kyurem
|-start|p2a: Kyurem|Substitute
|-damage|p2a: Kyurem|50/100 brn
|-prepare|p1a: Slowking|Chilly Reception|[premajor]
|move|p1a: Slowking|Chilly Reception|p1a: Slowking
|-weather|Snowscape
|
|t:|1760733193
|switch|p1a: Avalugg|Avalugg, F|14/100|[from] Chilly Reception
|
|-weather|Snowscape|[upkeep]
|-heal|p1a: Avalugg|20/100|[from] ability: Ice Body
|-heal|p2a: Kyurem|57/100 brn|[from] item: Leftovers
|-damage|p2a: Kyurem|50/100 brn|[from] brn
|upkeep
|turn|48
|
|t:|1760733208
|move|p2a: Kyurem|Earth Power|p1a: Avalugg
|-damage|p1a: Avalugg|0 fnt
|faint|p1a: Avalugg
|
|-weather|Snowscape|[upkeep]
|-heal|p2a: Kyurem|57/100 brn|[from] item: Leftovers
|-damage|p2a: Kyurem|50/100 brn|[from] brn
|upkeep
|
|t:|1760733215
|switch|p1a: Slowking|Slowking-Galar, F|77/100
|turn|49
|
|t:|1760733225
|move|p2a: Kyurem|Earth Power|p1a: Slowking
|-supereffective|p1a: Slowking
|-damage|p1a: Slowking|43/100
|move|p1a: Slowking|Slack Off|p1a: Slowking
|-heal|p1a: Slowking|93/100
|
|-weather|Snowscape|[upkeep]
|-heal|p2a: Kyurem|57/100 brn|[from] item: Leftovers
|-damage|p2a: Kyurem|50/100 brn|[from] brn
|upkeep
|turn|50
|
|t:|1760733239
|move|p2a: Kyurem|Earth Power|p1a: Slowking
|-supereffective|p1a: Slowking
|-damage|p1a: Slowking|58/100
|move|p1a: Slowking|Psychic Noise|p2a: Kyurem
|-damage|p2a: Kyurem|25/100 brn
|-start|p2a: Kyurem|move: Heal Block
|
|-weather|Snowscape|[upkeep]
|-damage|p2a: Kyurem|19/100 brn|[from] brn
|upkeep
|turn|51
|
|t:|1760733252
|move|p2a: Kyurem|Earth Power|p1a: Slowking
|-supereffective|p1a: Slowking
|-damage|p1a: Slowking|22/100
|move|p1a: Slowking|Slack Off|p1a: Slowking
|-heal|p1a: Slowking|72/100
|
|-weather|none
|-damage|p2a: Kyurem|13/100 brn|[from] brn
|-end|p2a: Kyurem|move: Heal Block
|upkeep
|turn|52
|
|t:|1760733265
|move|p2a: Kyurem|Earth Power|p1a: Slowking
|-supereffective|p1a: Slowking
|-damage|p1a: Slowking|38/100
|move|p1a: Slowking|Slack Off|p1a: Slowking
|-heal|p1a: Slowking|88/100
|
|-heal|p2a: Kyurem|19/100 brn|[from] item: Leftovers
|-damage|p2a: Kyurem|13/100 brn|[from] brn
|upkeep
|turn|53
|
|t:|1760733279
|move|p2a: Kyurem|Earth Power|p1a: Slowking
|-supereffective|p1a: Slowking
|-damage|p1a: Slowking|54/100
|move|p1a: Slowking|Psychic Noise|p2a: Kyurem
|-damage|p2a: Kyurem|0 fnt
|faint|p2a: Kyurem
|
|upkeep
|
|t:|1760733288
|switch|p2a: Raging Bolt|Raging Bolt|24/100
|turn|54
|
|t:|1760733294
|move|p2a: Raging Bolt|Thunderbolt|p1a: Slowking
|-damage|p1a: Slowking|8/100
|move|p1a: Slowking|Slack Off|p1a: Slowking
|-heal|p1a: Slowking|58/100
|
|upkeep
|turn|55
|
|t:|1760733304
|move|p2a: Raging Bolt|Thunderbolt|p1a: Slowking
|-crit|p1a: Slowking
|-damage|p1a: Slowking|0 fnt
|faint|p1a: Slowking
|
|win|ennvee98
|raw|daffoself's rating: 1283 &rarr; <strong>1255</strong><br />(-28 for losing)
|raw|ennvee98's rating: 1247 &rarr; <strong>1275</strong><br />(+28 for winning)
|c|☆daffoself|damn
|c|☆daffoself|gg
|l|☆ennvee98
|player|p2|
|l|☆daffoself
|player|p1|
