|j|☆Log God Neo✈️_✈️
|j|☆Palm X
|t:|1760751699
|gametype|singles
|player|p1|Log God Neo✈️_✈️|medium|1532
|player|p2|Palm X|caitlin|1577
|gen|9
|tier|[Gen 9] OU
|rated|
|rule|HP Percentage Mod: HP is shown in percentages
|rule|Endless Battle Clause: Forcing endless battles is banned
|rule|Species Clause: Limit one of each Pokémon
|rule|OHKO Clause: OHKO moves are banned
|rule|Evasion Items Clause: Evasion items are banned
|rule|Evasion Moves Clause: Evasion moves are banned
|rule|Evasion Abilities Clause: Evasion abilities are banned
|rule|Sleep Moves Clause: Sleep-inducing moves are banned
|clearpoke
|poke|p1|Tyranitar, F|
|poke|p1|Iron Moth|
|poke|p1|Staraptor, M|
|poke|p1|Garchomp, M|
|poke|p1|Torkoal, M|
|poke|p1|Dragonite, M|
|poke|p2|Cinderace, F|
|poke|p2|Ting-Lu|
|poke|p2|Alomomola, F|
|poke|p2|Slowking-Galar, F|
|poke|p2|Zamazenta-*|
|poke|p2|Iron Valiant|
|teampreview
|inactive|Battle timer is ON: inactive players will automatically lose when time's up. (requested by Palm X)
|inactive|Log God Neo✈️_✈️ also wants the timer to be on.
|
|t:|1760751707
|teamsize|p1|6
|teamsize|p2|6
|start
|switch|p1a: BIRD JESUS|Staraptor, M, shiny|100/100
|switch|p2a: Percules|Cinderace, F|100/100
|turn|1
|
|t:|1760751713
|switch|p1a: BLITZ SOME OPPS|Garchomp, M|100/100
|move|p2a: Percules|Will-O-Wisp|p1a: BLITZ SOME OPPS
|-status|p1a: BLITZ SOME OPPS|brn
|
|-damage|p1a: BLITZ SOME OPPS|94/100 brn|[from] brn
|upkeep
|turn|2
|
|t:|1760751718
|switch|p2a: What Is An Opp|Alomomola, F|100/100
|move|p1a: BLITZ SOME OPPS|Stealth Rock|p2a: What Is An Opp
|-sidestart|p2: Palm X|move: Stealth Rock
|
|-damage|p1a: BLITZ SOME OPPS|88/100 brn|[from] brn
|upkeep
|turn|3
|
|t:|1760751723
|switch|p1a: OVO CHUBBS|Torkoal, M|100/100
|-weather|SunnyDay|[from] ability: Drought|[of] p1a: OVO CHUBBS
|move|p2a: What Is An Opp|Flip Turn|p1a: OVO CHUBBS
|-supereffective|p1a: OVO CHUBBS
|-damage|p1a: OVO CHUBBS|93/100
|
|t:|1760751732
|switch|p2a: Drank Man Please|Slowking-Galar, F|100/100|[from] Flip Turn
|
|-weather|SunnyDay|[upkeep]
|upkeep
|turn|4
|
|t:|1760751749
|switch|p1a: VODECi IV|Iron Moth|100/100
|move|p2a: Drank Man Please|Future Sight|p1a: VODECi IV
|-start|p2a: Drank Man Please|move: Future Sight
|
|-weather|SunnyDay|[upkeep]
|upkeep
|turn|5
|
|t:|1760751754
|move|p1a: VODECi IV|Overheat|p2a: Drank Man Please
|-damage|p2a: Drank Man Please|0 fnt
|-unboost|p1a: VODECi IV|spa|2
|faint|p2a: Drank Man Please
|
|-weather|SunnyDay|[upkeep]
|upkeep
|
|t:|1760751758
|switch|p2a: Percules|Cinderace, F|100/100
|turn|6
|inactive|Palm X has 120 seconds left.
|
|t:|1760751811
|-end|p1a: VODECi IV|Quark Drive|[silent]
|switch|p1a: DA LAST REX(3005)|Tyranitar, F|100/100
|-weather|Sandstorm|[from] ability: Sand Stream|[of] p1a: DA LAST REX(3005)
|move|p2a: Percules|Court Change|p2a: Percules
|-start|p2a: Percules|typechange|Normal|[from] ability: Libero
|-swapsideconditions
|-activate|p2a: Percules|move: Court Change
|
|-weather|Sandstorm|[upkeep]
|-damage|p2a: Percules|95/100|[from] Sandstorm
|-end|p1a: DA LAST REX(3005)|move: Future Sight
|-immune|p1a: DA LAST REX(3005)
|upkeep
|turn|7
|
|t:|1760751824
|switch|p1a: BLITZ SOME OPPS|Garchomp, M|88/100 brn
|-damage|p1a: BLITZ SOME OPPS|82/100 brn|[from] Stealth Rock
|move|p2a: Percules|Will-O-Wisp|p1a: BLITZ SOME OPPS
|-fail|p1a: BLITZ SOME OPPS|brn
|
|-weather|Sandstorm|[upkeep]
|-damage|p2a: Percules|89/100|[from] Sandstorm
|-damage|p1a: BLITZ SOME OPPS|76/100 brn|[from] brn
|upkeep
|turn|8
|
|t:|1760751829
|switch|p2a: LuLu on dat BUTT|Ting-Lu|100/100
|-ability|p2a: LuLu on dat BUTT|Vessel of Ruin
|move|p1a: BLITZ SOME OPPS|Stealth Rock|p2a: LuLu on dat BUTT
|-sidestart|p2: Palm X|move: Stealth Rock
|
|-weather|Sandstorm|[upkeep]
|-damage|p1a: BLITZ SOME OPPS|69/100 brn|[from] brn
|upkeep
|turn|9
|
|t:|1760751836
|switch|p1a: OVO CHUBBS|Torkoal, M|93/100
|-weather|SunnyDay|[from] ability: Drought|[of] p1a: OVO CHUBBS
|move|p2a: LuLu on dat BUTT|Ruination|p1a: OVO CHUBBS
|-damage|p1a: OVO CHUBBS|47/100
|
|-weather|SunnyDay|[upkeep]
|upkeep
|turn|10
|
|t:|1760751842
|move|p2a: LuLu on dat BUTT|Earthquake|p1a: OVO CHUBBS
|-supereffective|p1a: OVO CHUBBS
|-damage|p1a: OVO CHUBBS|3/100
|move|p1a: OVO CHUBBS|Rapid Spin|p2a: LuLu on dat BUTT
|-damage|p2a: LuLu on dat BUTT|95/100
|-boost|p1a: OVO CHUBBS|spe|1
|-sideend|p1: Log God Neo✈️_✈️|Stealth Rock|[from] move: Rapid Spin|[of] p1a: OVO CHUBBS
|
|-weather|SunnyDay|[upkeep]
|-heal|p2a: LuLu on dat BUTT|100/100|[from] item: Leftovers
|upkeep
|turn|11
|
|t:|1760751849
|move|p2a: LuLu on dat BUTT|Stealth Rock|p1a: OVO CHUBBS
|-sidestart|p1: Log God Neo✈️_✈️|move: Stealth Rock
|move|p1a: OVO CHUBBS|Rapid Spin|p2a: LuLu on dat BUTT
|-damage|p2a: LuLu on dat BUTT|95/100
|-boost|p1a: OVO CHUBBS|spe|1
|-sideend|p1: Log God Neo✈️_✈️|Stealth Rock|[from] move: Rapid Spin|[of] p1a: OVO CHUBBS
|
|-weather|SunnyDay|[upkeep]
|-heal|p2a: LuLu on dat BUTT|100/100|[from] item: Leftovers
|upkeep
|turn|12
|
|t:|1760751855
|switch|p2a: Percules|Cinderace, F|89/100
|move|p1a: OVO CHUBBS|Will-O-Wisp|p2a: Percules
|-immune|p2a: Percules
|
|-weather|SunnyDay|[upkeep]
|upkeep
|turn|13
|
|t:|1760751860
|move|p2a: Percules|U-turn|p1a: OVO CHUBBS
|-start|p2a: Percules|typechange|Bug|[from] ability: Libero
|-resisted|p1a: OVO CHUBBS
|-damage|p1a: OVO CHUBBS|0 fnt
|faint|p1a: OVO CHUBBS
|
|t:|1760751871
|switch|p2a: LuLu on dat BUTT|Ting-Lu|100/100|[from] U-turn
|-damage|p2a: LuLu on dat BUTT|94/100|[from] Stealth Rock
|-ability|p2a: LuLu on dat BUTT|Vessel of Ruin
|
|-weather|none
|-heal|p2a: LuLu on dat BUTT|100/100|[from] item: Leftovers
|upkeep
|
|t:|1760751874
|switch|p1a: BIRD JESUS|Staraptor, M, shiny|100/100
|turn|14
|
|t:|1760751883
|switch|p2a: What Is An Opp|Alomomola, F|100/100
|-damage|p2a: What Is An Opp|88/100|[from] Stealth Rock
|move|p1a: BIRD JESUS|Brave Bird|p2a: What Is An Opp
|-damage|p2a: What Is An Opp|27/100
|-damage|p1a: BIRD JESUS|84/100|[from] item: Rocky Helmet|[of] p2a: What Is An Opp
|-damage|p1a: BIRD JESUS|49/100|[from] Recoil
|
|upkeep
|turn|15
|
|t:|1760751892
|move|p1a: BIRD JESUS|Brave Bird|p2a: What Is An Opp
|-damage|p2a: What Is An Opp|0 fnt
|-damage|p1a: BIRD JESUS|33/100|[from] item: Rocky Helmet|[of] p2a: What Is An Opp
|faint|p2a: What Is An Opp
|-damage|p1a: BIRD JESUS|18/100|[from] Recoil
|
|upkeep
|
|t:|1760751896
|switch|p2a: Percules|Cinderace, F|89/100
|turn|16
|
|t:|1760751901
|move|p2a: Percules|Court Change|p2a: Percules
|-start|p2a: Percules|typechange|Normal|[from] ability: Libero
|-swapsideconditions
|-activate|p2a: Percules|move: Court Change
|move|p1a: BIRD JESUS|Brave Bird|p2a: Percules
|-damage|p2a: Percules|0 fnt
|faint|p2a: Percules
|-damage|p1a: BIRD JESUS|0 fnt|[from] Recoil
|faint|p1a: BIRD JESUS
|
|upkeep
|
|t:|1760751905
|switch|p2a: Cap. Tin America|Iron Valiant|100/100
|switch|p1a: BLITZ SOME OPPS|Garchomp, M|69/100 brn
|-damage|p1a: BLITZ SOME OPPS|63/100 brn|[from] Stealth Rock
|turn|17
|
|t:|1760751911
|switch|p1a: VODECi IV|Iron Moth|100/100
|-damage|p1a: VODECi IV|76/100|[from] Stealth Rock
|move|p2a: Cap. Tin America|Moonblast|p1a: VODECi IV
|-resisted|p1a: VODECi IV
|-damage|p1a: VODECi IV|57/100
|-unboost|p1a: VODECi IV|spa|1
|
|upkeep
|turn|18
|
|t:|1760751915
|-end|p2a: Cap. Tin America|Quark Drive|[silent]
|switch|p2a: LuLu on dat BUTT|Ting-Lu|100/100
|-ability|p2a: LuLu on dat BUTT|Vessel of Ruin
|-end|p1a: VODECi IV|Quark Drive|[silent]
|switch|p1a: BLITZ SOME OPPS|Garchomp, M|63/100 brn
|-damage|p1a: BLITZ SOME OPPS|57/100 brn|[from] Stealth Rock
|
|-damage|p1a: BLITZ SOME OPPS|51/100 brn|[from] brn
|upkeep
|turn|19
|
|t:|1760751919
|switch|p2a: Cap. Tin America|Iron Valiant|100/100
|move|p1a: BLITZ SOME OPPS|Stealth Rock|p2a: Cap. Tin America
|-sidestart|p2: Palm X|move: Stealth Rock
|
|-damage|p1a: BLITZ SOME OPPS|45/100 brn|[from] brn
|upkeep
|turn|20
|
|t:|1760751925
|switch|p1a: VODECi IV|Iron Moth|57/100
|-damage|p1a: VODECi IV|32/100|[from] Stealth Rock
|move|p2a: Cap. Tin America|Moonblast|p1a: VODECi IV
|-resisted|p1a: VODECi IV
|-damage|p1a: VODECi IV|13/100
|-unboost|p1a: VODECi IV|spa|1
|
|upkeep
|turn|21
|
|t:|1760751927
|move|p2a: Cap. Tin America|Moonblast|p1a: VODECi IV
|-resisted|p1a: VODECi IV
|-damage|p1a: VODECi IV|0 fnt
|faint|p1a: VODECi IV
|-end|p1a: VODECi IV|Quark Drive|[silent]
|
|upkeep
|
|t:|1760751928
|switch|p1a: DA LAST REX(3005)|Tyranitar, F|100/100
|-damage|p1a: DA LAST REX(3005)|88/100|[from] Stealth Rock
|-weather|Sandstorm|[from] ability: Sand Stream|[of] p1a: DA LAST REX(3005)
|turn|22
|
|t:|1760751932
|-end|p2a: Cap. Tin America|Quark Drive|[silent]
|switch|p2a: LuLu on dat BUTT|Ting-Lu|100/100
|-damage|p2a: LuLu on dat BUTT|94/100|[from] Stealth Rock
|-ability|p2a: LuLu on dat BUTT|Vessel of Ruin
|move|p1a: DA LAST REX(3005)|Heavy Slam|p2a: LuLu on dat BUTT
|-damage|p2a: LuLu on dat BUTT|87/100
|
|-weather|Sandstorm|[upkeep]
|-heal|p2a: LuLu on dat BUTT|93/100|[from] item: Leftovers
|upkeep
|turn|23
|
|t:|1760751936
|switch|p1a: BLITZ SOME OPPS|Garchomp, M|45/100 brn
|-damage|p1a: BLITZ SOME OPPS|38/100 brn|[from] Stealth Rock
|move|p2a: LuLu on dat BUTT|Earthquake|p1a: BLITZ SOME OPPS
|-damage|p1a: BLITZ SOME OPPS|17/100 brn
|
|-weather|Sandstorm|[upkeep]
|-heal|p2a: LuLu on dat BUTT|99/100|[from] item: Leftovers
|-damage|p1a: BLITZ SOME OPPS|11/100 brn|[from] brn
|upkeep
|turn|24
|
|t:|1760751942
|move|p1a: BLITZ SOME OPPS|Spikes|p2a: LuLu on dat BUTT
|-sidestart|p2: Palm X|Spikes
|move|p2a: LuLu on dat BUTT|Earthquake|p1a: BLITZ SOME OPPS
|-damage|p1a: BLITZ SOME OPPS|0 fnt
|faint|p1a: BLITZ SOME OPPS
|
|-weather|Sandstorm|[upkeep]
|-heal|p2a: LuLu on dat BUTT|100/100|[from] item: Leftovers
|upkeep
|
|t:|1760751948
|switch|p1a: DA LAST REX(3005)|Tyranitar, F|88/100
|-damage|p1a: DA LAST REX(3005)|76/100|[from] Stealth Rock
|turn|25
|
|t:|1760751952
|move|p2a: LuLu on dat BUTT|Earthquake|p1a: DA LAST REX(3005)
|-supereffective|p1a: DA LAST REX(3005)
|-damage|p1a: DA LAST REX(3005)|13/100
|move|p1a: DA LAST REX(3005)|Knock Off|p2a: LuLu on dat BUTT
|-resisted|p2a: LuLu on dat BUTT
|-damage|p2a: LuLu on dat BUTT|90/100
|-enditem|p2a: LuLu on dat BUTT|Leftovers|[from] move: Knock Off|[of] p1a: DA LAST REX(3005)
|
|-weather|Sandstorm|[upkeep]
|upkeep
|turn|26
|
|t:|1760751955
|move|p2a: LuLu on dat BUTT|Earthquake|p1a: DA LAST REX(3005)
|-supereffective|p1a: DA LAST REX(3005)
|-damage|p1a: DA LAST REX(3005)|0 fnt
|faint|p1a: DA LAST REX(3005)
|
|-weather|none
|upkeep
|
|t:|1760751957
|switch|p1a: FAT CHARIZARD|Dragonite, M, shiny|100/100
|turn|27
|
|t:|1760751961
|move|p1a: FAT CHARIZARD|Dragon Dance|p1a: FAT CHARIZARD
|-boost|p1a: FAT CHARIZARD|atk|1
|-boost|p1a: FAT CHARIZARD|spe|1
|move|p2a: LuLu on dat BUTT|Ruination|p1a: FAT CHARIZARD
|-damage|p1a: FAT CHARIZARD|51/100
|
|upkeep
|turn|28
|
|t:|1760751963
|switch|p2a: Cap. Tin America|Iron Valiant|100/100
|-damage|p2a: Cap. Tin America|94/100|[from] Stealth Rock
|-damage|p2a: Cap. Tin America|82/100|[from] Spikes
|move|p1a: FAT CHARIZARD|Dragon Dance|p1a: FAT CHARIZARD
|-boost|p1a: FAT CHARIZARD|atk|1
|-boost|p1a: FAT CHARIZARD|spe|1
|
|upkeep
|turn|29
|
|t:|1760751968
|-terastallize|p2a: Cap. Tin America|Ghost
|move|p1a: FAT CHARIZARD|Earthquake|p2a: Cap. Tin America
|-damage|p2a: Cap. Tin America|0 fnt
|faint|p2a: Cap. Tin America
|-end|p2a: Cap. Tin America|Quark Drive|[silent]
|
|upkeep
|
|t:|1760751971
|switch|p2a: BillionsMustIDef|Zamazenta|100/100
|-damage|p2a: BillionsMustIDef|94/100|[from] Stealth Rock
|-damage|p2a: BillionsMustIDef|82/100|[from] Spikes
|-ability|p2a: BillionsMustIDef|Dauntless Shield|boost
|-boost|p2a: BillionsMustIDef|def|1
|turn|30
|
|t:|1760751974
|-terastallize|p1a: FAT CHARIZARD|Fairy
|move|p1a: FAT CHARIZARD|Tera Blast|p2a: BillionsMustIDef|[anim] Tera Blast Fairy
|-supereffective|p2a: BillionsMustIDef
|-damage|p2a: BillionsMustIDef|0 fnt
|faint|p2a: BillionsMustIDef
|
|upkeep
|
|t:|1760751978
|switch|p2a: LuLu on dat BUTT|Ting-Lu|90/100
|-damage|p2a: LuLu on dat BUTT|83/100|[from] Stealth Rock
|-damage|p2a: LuLu on dat BUTT|71/100|[from] Spikes
|-ability|p2a: LuLu on dat BUTT|Vessel of Ruin
|turn|31
|
|t:|1760751981
|move|p1a: FAT CHARIZARD|Tera Blast|p2a: LuLu on dat BUTT|[anim] Tera Blast Fairy
|-supereffective|p2a: LuLu on dat BUTT
|-crit|p2a: LuLu on dat BUTT
|-damage|p2a: LuLu on dat BUTT|0 fnt
|faint|p2a: LuLu on dat BUTT
|
|win|Log God Neo✈️_✈️
|raw|Log God Neo✈️_✈️'s rating: 1532 &rarr; <strong>1555</strong><br />(+23 for winning)
|raw|Palm X's rating: 1577 &rarr; <strong>1554</strong><br />(-23 for losing)
|l|☆Palm X
|player|p2|
|l|☆Log God Neo✈️_✈️
|player|p1|
