|j|☆cheusname
|j|☆sleepcactus
|t:|1760852330
|gametype|singles
|player|p1|cheusname|ninjaboy|1289
|player|p2|sleepcactus|pokemonbreederf-gen4|1341
|gen|9
|tier|[Gen 9] OU
|rated|
|rule|HP Percentage Mod: HP is shown in percentages
|rule|Endless Battle Clause: Forcing endless battles is banned
|rule|Species Clause: Limit one of each Pokémon
|rule|OHKO Clause: OHKO moves are banned
|rule|Evasion Items Clause: Evasion items are banned
|rule|Evasion Moves Clause: Evasion moves are banned
|rule|Evasion Abilities Clause: Evasion abilities are banned
|rule|Sleep Moves Clause: Sleep-inducing moves are banned
|clearpoke
|poke|p1|Garchomp, F|
|poke|p1|Alomomola, M|
|poke|p1|Iron Valiant|
|poke|p1|Gholdengo|
|poke|p1|Slowking-Galar, F|
|poke|p1|Iron Treads|
|poke|p2|Serperior, F|
|poke|p2|Samurott-Hisui, F|
|poke|p2|Iron Treads|
|poke|p2|Gholdengo|
|poke|p2|Moltres|
|poke|p2|Okidogi, M|
|teampreview
|inactive|Battle timer is ON: inactive players will automatically lose when time's up. (requested by sleepcactus)
|
|t:|1760852346
|teamsize|p1|6
|teamsize|p2|6
|start
|switch|p1a: Alomomola|Alomomola, M|100/100
|switch|p2a: Samurott|Samurott-Hisui, F|100/100
|turn|1
|
|t:|1760852351
|move|p2a: Samurott|Ceaseless Edge|p1a: Alomomola
|-damage|p1a: Alomomola|76/100
|-sidestart|p1: cheusname|Spikes
|move|p1a: Alomomola|Flip Turn|p2a: Samurott
|-resisted|p2a: Samurott
|-damage|p2a: Samurott|92/100
|
|t:|1760852355
|switch|p1a: Iron Valiant|Iron Valiant|100/100|[from] Flip Turn
|-damage|p1a: Iron Valiant|88/100|[from] Spikes
|
|upkeep
|turn|2
|
|t:|1760852377
|-terastallize|p2a: Samurott|Fairy
|move|p1a: Iron Valiant|Moonblast|p2a: Samurott
|-damage|p2a: Samurott|34/100
|move|p2a: Samurott|Razor Shell|p1a: Iron Valiant
|-damage|p1a: Iron Valiant|16/100
|
|upkeep
|turn|3
|
|t:|1760852386
|-end|p1a: Iron Valiant|Quark Drive|[silent]
|switch|p1a: Alomomola|Alomomola, M|100/100
|move|p2a: Samurott|Aqua Jet|p1a: Alomomola
|-resisted|p1a: Alomomola
|-damage|p1a: Alomomola|95/100
|
|upkeep
|turn|4
|
|t:|1760852400
|switch|p2a: Serperior|Serperior, F|100/100
|move|p1a: Alomomola|Flip Turn|p2a: Serperior
|-resisted|p2a: Serperior
|-damage|p2a: Serperior|91/100
|
|t:|1760852408
|switch|p1a: Slowking|Slowking-Galar, F|100/100|[from] Flip Turn
|
|-heal|p2a: Serperior|98/100|[from] item: Leftovers
|upkeep
|turn|5
|
|t:|1760852419
|switch|p2a: Gholdengo|Gholdengo|100/100
|-item|p2a: Gholdengo|Air Balloon
|move|p1a: Slowking|Thunder Wave|p2a: Gholdengo
|-immune|p2a: Gholdengo|[from] ability: Good as Gold
|
|upkeep
|turn|6
|
|t:|1760852427
|move|p2a: Gholdengo|Thunder Wave|p1a: Slowking|[miss]
|-miss|p2a: Gholdengo|p1a: Slowking
|-prepare|p1a: Slowking|Chilly Reception|[premajor]
|move|p1a: Slowking|Chilly Reception|p1a: Slowking
|-weather|Snowscape
|inactive|cheusname has 120 seconds left.
|
|t:|1760852465
|switch|p1a: Gholdengo|Gholdengo|100/100|[from] Chilly Reception
|-damage|p1a: Gholdengo|88/100|[from] Spikes
|
|-weather|Snowscape|[upkeep]
|upkeep
|turn|7
|inactive|cheusname has 120 seconds left.
|
|t:|1760852490
|switch|p2a: Samurott|Samurott-Hisui, F, tera:Fairy|34/100
|move|p1a: Gholdengo|Shadow Ball|p2a: Samurott
|-damage|p2a: Samurott|0 fnt
|faint|p2a: Samurott
|
|-weather|Snowscape|[upkeep]
|upkeep
|
|t:|1760852500
|switch|p2a: Iron Treads|Iron Treads|100/100
|-item|p2a: Iron Treads|Air Balloon
|turn|8
|
|t:|1760852510
|switch|p1a: Alomomola|Alomomola, M|100/100
|move|p2a: Iron Treads|Earthquake|p1a: Alomomola
|-damage|p1a: Alomomola|76/100
|
|-weather|Snowscape|[upkeep]
|upkeep
|turn|9
|
|t:|1760852523
|-end|p2a: Iron Treads|Quark Drive|[silent]
|switch|p2a: Serperior|Serperior, F|98/100
|move|p1a: Alomomola|Flip Turn|p2a: Serperior
|-resisted|p2a: Serperior
|-damage|p2a: Serperior|88/100
|
|t:|1760852528
|switch|p1a: Slowking|Slowking-Galar, F|100/100|[from] Flip Turn
|
|-weather|Snowscape|[upkeep]
|-heal|p2a: Serperior|95/100|[from] item: Leftovers
|upkeep
|turn|10
|
|t:|1760852538
|switch|p2a: Iron Treads|Iron Treads|100/100
|-item|p2a: Iron Treads|Air Balloon
|-prepare|p1a: Slowking|Chilly Reception|[premajor]
|move|p1a: Slowking|Chilly Reception|p1a: Slowking
|inactive|cheusname has 120 seconds left.
|
|t:|1760852573
|switch|p1a: Iron Treads|Iron Treads|100/100|[from] Chilly Reception
|-damage|p1a: Iron Treads|88/100|[from] Spikes
|
|-weather|none
|-heal|p1a: Iron Treads|94/100|[from] item: Leftovers
|upkeep
|turn|11
|
|t:|1760852581
|move|p2a: Iron Treads|Earthquake|p1a: Iron Treads
|-supereffective|p1a: Iron Treads
|-damage|p1a: Iron Treads|44/100
|move|p1a: Iron Treads|Rapid Spin|p2a: Iron Treads
|-resisted|p2a: Iron Treads
|-damage|p2a: Iron Treads|95/100
|-boost|p1a: Iron Treads|spe|1
|-enditem|p2a: Iron Treads|Air Balloon
|-sideend|p1: cheusname|Spikes|[from] move: Rapid Spin|[of] p1a: Iron Treads
|
|-heal|p1a: Iron Treads|50/100|[from] item: Leftovers
|upkeep
|turn|12
|inactive|cheusname has 120 seconds left.
|
|t:|1760852591
|-end|p1a: Iron Treads|Quark Drive|[silent]
|switch|p1a: Alomomola|Alomomola, M|100/100
|move|p2a: Iron Treads|Earthquake|p1a: Alomomola
|-damage|p1a: Alomomola|74/100
|
|upkeep
|turn|13
|
|t:|1760852595
|move|p2a: Iron Treads|Stealth Rock|p1a: Alomomola
|-sidestart|p1: cheusname|move: Stealth Rock
|move|p1a: Alomomola|Flip Turn|p2a: Iron Treads
|-supereffective|p2a: Iron Treads
|-damage|p2a: Iron Treads|64/100
|inactive|cheusname has 120 seconds left.
|inactive|cheusname has 90 seconds left.
|c|☆sleepcactus|time
|
|t:|1760852653
|switch|p1a: Garchomp|Garchomp, F|100/100|[from] Flip Turn
|-damage|p1a: Garchomp|94/100|[from] Stealth Rock
|
|upkeep
|turn|14
|
|t:|1760852661
|move|p2a: Iron Treads|Ice Spinner|p1a: Garchomp
|-supereffective|p1a: Garchomp
|-damage|p1a: Garchomp|0 fnt
|-damage|p2a: Iron Treads|52/100|[from] ability: Rough Skin|[of] p1a: Garchomp
|faint|p1a: Garchomp
|
|upkeep
|
|t:|1760852668
|switch|p1a: Alomomola|Alomomola, M|100/100
|turn|15
|inactive|cheusname has 90 seconds left.
|
|t:|1760852674
|-end|p2a: Iron Treads|Quark Drive|[silent]
|switch|p2a: Serperior|Serperior, F|95/100
|move|p1a: Alomomola|Scald|p2a: Serperior
|-resisted|p2a: Serperior
|-damage|p2a: Serperior|86/100
|-status|p2a: Serperior|brn
|
|-heal|p2a: Serperior|93/100 brn|[from] item: Leftovers
|-damage|p2a: Serperior|86/100 brn|[from] brn
|upkeep
|turn|16
|
|t:|1760852686
|move|p2a: Serperior|Substitute|p2a: Serperior
|-start|p2a: Serperior|Substitute
|-damage|p2a: Serperior|62/100 brn
|move|p1a: Alomomola|Flip Turn|p2a: Serperior
|-resisted|p2a: Serperior
|-activate|p2a: Serperior|move: Substitute|[damage]
|
|t:|1760852689
|switch|p1a: Slowking|Slowking-Galar, F|100/100|[from] Flip Turn
|
|-heal|p2a: Serperior|68/100 brn|[from] item: Leftovers
|-damage|p2a: Serperior|62/100 brn|[from] brn
|upkeep
|turn|17
|
|t:|1760852696
|move|p2a: Serperior|Glare|p1a: Slowking
|-status|p1a: Slowking|par
|move|p1a: Slowking|Sludge Bomb|p2a: Serperior
|-supereffective|p2a: Serperior
|-end|p2a: Serperior|Substitute
|
|-heal|p2a: Serperior|68/100 brn|[from] item: Leftovers
|-damage|p2a: Serperior|62/100 brn|[from] brn
|upkeep
|turn|18
|inactive|cheusname has 120 seconds left.
|
|t:|1760852708
|move|p2a: Serperior|Substitute|p2a: Serperior
|-start|p2a: Serperior|Substitute
|-damage|p2a: Serperior|37/100 brn
|move|p1a: Slowking|Future Sight|p2a: Serperior
|-start|p1a: Slowking|move: Future Sight
|
|-heal|p2a: Serperior|43/100 brn|[from] item: Leftovers
|-damage|p2a: Serperior|37/100 brn|[from] brn
|upkeep
|turn|19
|
|t:|1760852717
|move|p2a: Serperior|Leech Seed|p1a: Slowking
|-start|p1a: Slowking|move: Leech Seed
|cant|p1a: Slowking|par
|
|-heal|p2a: Serperior|43/100 brn|[from] item: Leftovers
|-damage|p1a: Slowking|88/100 par|[from] Leech Seed|[of] p2a: Serperior
|-heal|p2a: Serperior|58/100 brn|[silent]
|-damage|p2a: Serperior|52/100 brn|[from] brn
|upkeep
|turn|20
|
|t:|1760852729
|switch|p2a: Iron Treads|Iron Treads|52/100
|cant|p1a: Slowking|par
|
|-end|p2a: Iron Treads|move: Future Sight
|-resisted|p2a: Iron Treads
|-damage|p2a: Iron Treads|20/100
|-damage|p1a: Slowking|76/100 par|[from] Leech Seed|[of] p2a: Iron Treads
|-heal|p2a: Iron Treads|36/100|[silent]
|upkeep
|turn|21
|
|t:|1760852738
|switch|p1a: Alomomola|Alomomola, M|100/100
|move|p2a: Iron Treads|Earthquake|p1a: Alomomola
|-damage|p1a: Alomomola|76/100
|
|upkeep
|turn|22
|
|t:|1760852742
|-end|p2a: Iron Treads|Quark Drive|[silent]
|switch|p2a: Serperior|Serperior, F|52/100 brn
|move|p1a: Alomomola|Flip Turn|p2a: Serperior
|-resisted|p2a: Serperior
|-damage|p2a: Serperior|42/100 brn
|
|t:|1760852761
|switch|p1a: Gholdengo|Gholdengo|88/100|[from] Flip Turn
|-damage|p1a: Gholdengo|82/100|[from] Stealth Rock
|
|-heal|p2a: Serperior|48/100 brn|[from] item: Leftovers
|-damage|p2a: Serperior|42/100 brn|[from] brn
|upkeep
|turn|23
|
|t:|1760852779
|move|p1a: Gholdengo|Shadow Ball|p2a: Serperior
|-damage|p2a: Serperior|0 fnt
|faint|p2a: Serperior
|
|upkeep
|
|t:|1760852785
|switch|p2a: Moltres|Moltres|100/100
|turn|24
|
|t:|1760852791
|switch|p1a: Slowking|Slowking-Galar, F|100/100 par
|move|p2a: Moltres|Flamethrower|p1a: Slowking
|-damage|p1a: Slowking|75/100 par
|
|upkeep
|turn|25
|
|t:|1760852807
|switch|p2a: Iron Treads|Iron Treads|36/100
|switch|p1a: Alomomola|Alomomola, M|100/100
|
|upkeep
|turn|26
|
|t:|1760852818
|-end|p2a: Iron Treads|Quark Drive|[silent]
|switch|p2a: Okidogi|Okidogi, M|100/100
|move|p1a: Alomomola|Flip Turn|p2a: Okidogi
|-damage|p2a: Okidogi|86/100
|
|t:|1760852824
|switch|p1a: Iron Valiant|Iron Valiant|16/100|[from] Flip Turn
|-damage|p1a: Iron Valiant|10/100|[from] Stealth Rock
|
|-heal|p2a: Okidogi|92/100|[from] item: Leftovers
|upkeep
|turn|27
|
|t:|1760852841
|switch|p2a: Moltres|Moltres|100/100
|move|p1a: Iron Valiant|Psyshock|p2a: Moltres
|-damage|p2a: Moltres|71/100
|
|upkeep
|turn|28
|
|t:|1760852856
|-end|p1a: Iron Valiant|Quark Drive|[silent]
|switch|p1a: Alomomola|Alomomola, M|100/100
|move|p2a: Moltres|Flamethrower|p1a: Alomomola
|-resisted|p1a: Alomomola
|-damage|p1a: Alomomola|78/100
|
|upkeep
|turn|29
|
|t:|1760852861
|move|p2a: Moltres|Will-O-Wisp|p1a: Alomomola
|-status|p1a: Alomomola|brn
|move|p1a: Alomomola|Flip Turn|p2a: Moltres
|-supereffective|p2a: Moltres
|-damage|p2a: Moltres|59/100
|
|t:|1760852879
|switch|p1a: Iron Treads|Iron Treads|50/100|[from] Flip Turn
|-damage|p1a: Iron Treads|47/100|[from] Stealth Rock
|
|-heal|p1a: Iron Treads|54/100|[from] item: Leftovers
|upkeep
|turn|30
|
|t:|1760852888
|switch|p2a: Gholdengo|Gholdengo|100/100
|-item|p2a: Gholdengo|Air Balloon
|-terastallize|p1a: Iron Treads|Ghost
|move|p1a: Iron Treads|Rapid Spin|p2a: Gholdengo
|-immune|p2a: Gholdengo
|
|-heal|p1a: Iron Treads|60/100|[from] item: Leftovers
|upkeep
|turn|31
|
|t:|1760852908
|-end|p1a: Iron Treads|Quark Drive|[silent]
|switch|p1a: Slowking|Slowking-Galar, F|100/100 par
|move|p2a: Gholdengo|Hex|p1a: Slowking
|-supereffective|p1a: Slowking
|-damage|p1a: Slowking|28/100 par
|
|upkeep
|turn|32
|inactive|cheusname has 120 seconds left.
|
|t:|1760852944
|move|p2a: Gholdengo|Hex|p1a: Slowking
|-supereffective|p1a: Slowking
|-damage|p1a: Slowking|0 fnt
|faint|p1a: Slowking
|
|upkeep
|
|t:|1760852948
|switch|p1a: Alomomola|Alomomola, M|100/100 brn
|turn|33
|inactive|sleepcactus has 120 seconds left.
|
|t:|1760852983
|switch|p2a: Okidogi|Okidogi, M|92/100
|move|p1a: Alomomola|Flip Turn|p2a: Okidogi
|-damage|p2a: Okidogi|86/100
|inactive|cheusname has 120 seconds left.
|
|t:|1760852995
|switch|p1a: Iron Valiant|Iron Valiant|10/100|[from] Flip Turn
|-damage|p1a: Iron Valiant|4/100|[from] Stealth Rock
|
|-heal|p2a: Okidogi|92/100|[from] item: Leftovers
|upkeep
|turn|34
|inactive|cheusname has 120 seconds left.
|
|t:|1760853010
|switch|p2a: Moltres|Moltres|59/100
|move|p1a: Iron Valiant|Thunderbolt|p2a: Moltres
|-supereffective|p2a: Moltres
|-damage|p2a: Moltres|0 fnt
|faint|p2a: Moltres
|
|upkeep
|inactive|sleepcactus has 120 seconds left.
|
|t:|1760853020
|switch|p2a: Iron Treads|Iron Treads|36/100
|turn|35
|inactive|sleepcactus has 120 seconds left.
|
|t:|1760853033
|-end|p1a: Iron Valiant|Quark Drive|[silent]
|switch|p1a: Alomomola|Alomomola, M|100/100 brn
|move|p2a: Iron Treads|Earthquake|p1a: Alomomola
|-damage|p1a: Alomomola|74/100 brn
|
|-damage|p1a: Alomomola|68/100 brn|[from] brn
|upkeep
|turn|36
|
|t:|1760853038
|-end|p2a: Iron Treads|Quark Drive|[silent]
|switch|p2a: Okidogi|Okidogi, M|92/100
|move|p1a: Alomomola|Scald|p2a: Okidogi
|-damage|p2a: Okidogi|81/100
|
|-heal|p2a: Okidogi|87/100|[from] item: Leftovers
|-damage|p1a: Alomomola|62/100 brn|[from] brn
|upkeep
|turn|37
|
|t:|1760853048
|move|p2a: Okidogi|Knock Off|p1a: Alomomola
|-damage|p1a: Alomomola|47/100 brn
|-enditem|p1a: Alomomola|Heavy-Duty Boots|[from] move: Knock Off|[of] p2a: Okidogi
|move|p1a: Alomomola|Flip Turn|p2a: Okidogi
|-damage|p2a: Okidogi|81/100
|
|t:|1760853053
|switch|p1a: Iron Treads|Iron Treads, tera:Ghost|60/100|[from] Flip Turn
|-damage|p1a: Iron Treads|47/100|[from] Stealth Rock
|
|-heal|p1a: Iron Treads|54/100|[from] item: Leftovers
|-heal|p2a: Okidogi|87/100|[from] item: Leftovers
|upkeep
|turn|38
|
|t:|1760853062
|switch|p2a: Gholdengo|Gholdengo|100/100
|-item|p2a: Gholdengo|Air Balloon
|move|p1a: Iron Treads|Volt Switch|p2a: Gholdengo
|-damage|p2a: Gholdengo|89/100
|-enditem|p2a: Gholdengo|Air Balloon
|
|t:|1760853064
|-end|p1a: Iron Treads|Quark Drive|[silent]
|switch|p1a: Gholdengo|Gholdengo|82/100|[from] Volt Switch
|-damage|p1a: Gholdengo|76/100|[from] Stealth Rock
|
|upkeep
|turn|39
|
|t:|1760853075
|switch|p2a: Iron Treads|Iron Treads|36/100
|move|p1a: Gholdengo|Shadow Ball|p2a: Iron Treads
|-damage|p2a: Iron Treads|0 fnt
|faint|p2a: Iron Treads
|-end|p2a: Iron Treads|Quark Drive|[silent]
|
|upkeep
|
|t:|1760853080
|switch|p2a: Okidogi|Okidogi, M|87/100
|turn|40
|
|t:|1760853092
|switch|p1a: Alomomola|Alomomola, M|80/100 brn
|-damage|p1a: Alomomola|68/100 brn|[from] Stealth Rock
|move|p2a: Okidogi|Knock Off|p1a: Alomomola
|-damage|p1a: Alomomola|58/100 brn
|
|-heal|p2a: Okidogi|93/100|[from] item: Leftovers
|-damage|p1a: Alomomola|51/100 brn|[from] brn
|upkeep
|turn|41
|
|t:|1760853100
|move|p2a: Okidogi|Bulk Up|p2a: Okidogi
|-boost|p2a: Okidogi|atk|1
|-boost|p2a: Okidogi|def|1
|move|p1a: Alomomola|Scald|p2a: Okidogi
|-damage|p2a: Okidogi|82/100
|
|-heal|p2a: Okidogi|88/100|[from] item: Leftovers
|-damage|p1a: Alomomola|45/100 brn|[from] brn
|upkeep
|turn|42
|
|t:|1760853117
|move|p2a: Okidogi|Drain Punch|p1a: Alomomola
|-damage|p1a: Alomomola|19/100 brn
|-heal|p2a: Okidogi|100/100|[from] drain|[of] p1a: Alomomola
|move|p1a: Alomomola|Scald|p2a: Okidogi
|-damage|p2a: Okidogi|89/100
|-status|p2a: Okidogi|brn
|
|-heal|p2a: Okidogi|95/100 brn|[from] item: Leftovers
|-damage|p2a: Okidogi|89/100 brn|[from] brn
|-damage|p1a: Alomomola|13/100 brn|[from] brn
|upkeep
|turn|43
|
|t:|1760853125
|switch|p1a: Gholdengo|Gholdengo|76/100
|-damage|p1a: Gholdengo|70/100|[from] Stealth Rock
|move|p2a: Okidogi|Bulk Up|p2a: Okidogi
|-boost|p2a: Okidogi|atk|1
|-boost|p2a: Okidogi|def|1
|
|-heal|p2a: Okidogi|95/100 brn|[from] item: Leftovers
|-damage|p2a: Okidogi|89/100 brn|[from] brn
|upkeep
|turn|44
|
|t:|1760853132
|move|p1a: Gholdengo|Trick|p2a: Okidogi
|-activate|p1a: Gholdengo|move: Trick|[of] p2a: Okidogi
|-item|p2a: Okidogi|Choice Scarf|[from] move: Trick
|-item|p1a: Gholdengo|Leftovers|[from] move: Trick
|move|p2a: Okidogi|Knock Off|p1a: Gholdengo
|-supereffective|p1a: Gholdengo
|-damage|p1a: Gholdengo|7/100
|-enditem|p1a: Gholdengo|Leftovers|[from] move: Knock Off|[of] p2a: Okidogi
|
|-damage|p2a: Okidogi|83/100 brn|[from] brn
|upkeep
|turn|45
|
|t:|1760853153
|switch|p1a: Alomomola|Alomomola, M|46/100 brn
|-damage|p1a: Alomomola|34/100 brn|[from] Stealth Rock
|move|p2a: Okidogi|Knock Off|p1a: Alomomola
|-damage|p1a: Alomomola|23/100 brn
|
|-damage|p2a: Okidogi|77/100 brn|[from] brn
|-damage|p1a: Alomomola|17/100 brn|[from] brn
|upkeep
|turn|46
|c|☆sleepcactus|thank
|
|t:|1760853164
|move|p2a: Okidogi|Knock Off|p1a: Alomomola
|-damage|p1a: Alomomola|7/100 brn
|move|p1a: Alomomola|Flip Turn|p2a: Okidogi
|-damage|p2a: Okidogi|74/100 brn
|inactive|cheusname has 120 seconds left.
|
|t:|1760853183
|switch|p1a: Iron Treads|Iron Treads, tera:Ghost|54/100|[from] Flip Turn
|-damage|p1a: Iron Treads|41/100|[from] Stealth Rock
|
|-heal|p1a: Iron Treads|47/100|[from] item: Leftovers
|-damage|p2a: Okidogi|68/100 brn|[from] brn
|upkeep
|turn|47
|
|t:|1760853186
|move|p2a: Okidogi|Knock Off|p1a: Iron Treads
|-supereffective|p1a: Iron Treads
|-damage|p1a: Iron Treads|14/100
|-enditem|p1a: Iron Treads|Leftovers|[from] move: Knock Off|[of] p2a: Okidogi
|move|p1a: Iron Treads|Rapid Spin|p2a: Okidogi
|-damage|p2a: Okidogi|63/100 brn
|-boost|p1a: Iron Treads|spe|1
|-sideend|p1: cheusname|Stealth Rock|[from] move: Rapid Spin|[of] p1a: Iron Treads
|
|-damage|p2a: Okidogi|57/100 brn|[from] brn
|upkeep
|turn|48
|
|t:|1760853198
|move|p1a: Iron Treads|Earthquake|p2a: Okidogi
|-supereffective|p2a: Okidogi
|-damage|p2a: Okidogi|31/100 brn
|move|p2a: Okidogi|Knock Off|p1a: Iron Treads
|-supereffective|p1a: Iron Treads
|-damage|p1a: Iron Treads|0 fnt
|faint|p1a: Iron Treads
|-end|p1a: Iron Treads|Quark Drive|[silent]
|
|-damage|p2a: Okidogi|25/100 brn|[from] brn
|upkeep
|
|t:|1760853210
|switch|p1a: Iron Valiant|Iron Valiant|4/100
|turn|49
|
|t:|1760853216
|move|p1a: Iron Valiant|Shadow Ball|p2a: Okidogi
|-damage|p2a: Okidogi|0 fnt
|faint|p2a: Okidogi
|
|upkeep
|
|t:|1760853218
|switch|p2a: Gholdengo|Gholdengo|89/100
|turn|50
|
|t:|1760853221
|move|p1a: Iron Valiant|Shadow Ball|p2a: Gholdengo
|-supereffective|p2a: Gholdengo
|-damage|p2a: Gholdengo|17/100
|move|p2a: Gholdengo|Hex|p1a: Iron Valiant
|-damage|p1a: Iron Valiant|0 fnt
|faint|p1a: Iron Valiant
|-end|p1a: Iron Valiant|Quark Drive|[silent]
|
|upkeep
|
|t:|1760853232
|switch|p1a: Alomomola|Alomomola, M|41/100 brn
|turn|51
|
|t:|1760853246
|move|p2a: Gholdengo|Recover|p2a: Gholdengo
|-heal|p2a: Gholdengo|67/100
|move|p1a: Alomomola|Scald|p2a: Gholdengo
|-damage|p2a: Gholdengo|54/100
|
|-damage|p1a: Alomomola|34/100 brn|[from] brn
|upkeep
|turn|52
|
|t:|1760853250
|move|p2a: Gholdengo|Recover|p2a: Gholdengo
|-heal|p2a: Gholdengo|100/100
|move|p1a: Alomomola|Scald|p2a: Gholdengo
|-damage|p2a: Gholdengo|88/100
|-status|p2a: Gholdengo|brn
|
|-damage|p2a: Gholdengo|82/100 brn|[from] brn
|-damage|p1a: Alomomola|28/100 brn|[from] brn
|upkeep
|turn|53
|
|t:|1760853254
|move|p2a: Gholdengo|Hex|p1a: Alomomola
|-damage|p1a: Alomomola|0 fnt
|faint|p1a: Alomomola
|
|-damage|p2a: Gholdengo|76/100 brn|[from] brn
|upkeep
|
|t:|1760853256
|switch|p1a: Gholdengo|Gholdengo|7/100
|turn|54
|
|t:|1760853258
|move|p1a: Gholdengo|Shadow Ball|p2a: Gholdengo
|-supereffective|p2a: Gholdengo
|-damage|p2a: Gholdengo|0 fnt
|faint|p2a: Gholdengo
|
|win|cheusname
|raw|cheusname's rating: 1289 &rarr; <strong>1318</strong><br />(+29 for winning)
|raw|sleepcactus's rating: 1341 &rarr; <strong>1318</strong><br />(-23 for losing)
|c|☆sleepcactus|nooooo
|c|☆cheusname|gg
|l|☆sleepcactus
|player|p2|
