|j|☆charjabugzealot
|j|☆vdq
|t:|1760854348
|gametype|singles
|player|p1|charjabugzealot|artist-gen4|1148
|player|p2|vdq|brycen|1149
|gen|9
|tier|[Gen 9] OU
|rated|
|rule|HP Percentage Mod: HP is shown in percentages
|rule|Endless Battle Clause: Forcing endless battles is banned
|rule|Species Clause: Limit one of each Pokémon
|rule|OHKO Clause: OHKO moves are banned
|rule|Evasion Items Clause: Evasion items are banned
|rule|Evasion Moves Clause: Evasion moves are banned
|rule|Evasion Abilities Clause: Evasion abilities are banned
|rule|Sleep Moves Clause: Sleep-inducing moves are banned
|clearpoke
|poke|p1|Lokix, M|
|poke|p1|Great Tusk|
|poke|p1|Alomomola, F|
|poke|p1|Enamorus, F|
|poke|p1|Slowking-Galar, M|
|poke|p1|Emboar, M|
|poke|p2|Raging Bolt|
|poke|p2|Great Tusk|
|poke|p2|Pelipper, F|
|poke|p2|Blastoise, F|
|poke|p2|Dragapult, M|
|poke|p2|Darkrai|
|teampreview
|
|t:|1760854360
|teamsize|p1|6
|teamsize|p2|6
|start
|switch|p1a: Lokix|Lokix, M|100/100
|switch|p2a: Darkrai|Darkrai|100/100
|turn|1
|
|t:|1760854368
|move|p2a: Darkrai|Ice Beam|p1a: Lokix
|-damage|p1a: Lokix|17/100
|move|p1a: Lokix|U-turn|p2a: Darkrai
|-supereffective|p2a: Darkrai
|-damage|p2a: Darkrai|0 fnt
|faint|p2a: Darkrai
|
|t:|1760854378
|switch|p1a: Alomomola|Alomomola, F|100/100|[from] U-turn
|
|upkeep
|
|t:|1760854383
|switch|p2a: Raging Bolt|Raging Bolt|100/100
|turn|2
|
|t:|1760854386
|move|p2a: Raging Bolt|Calm Mind|p2a: Raging Bolt
|-boost|p2a: Raging Bolt|spa|1
|-boost|p2a: Raging Bolt|spd|1
|move|p1a: Alomomola|Mirror Coat||[still]
|-fail|p1a: Alomomola
|
|upkeep
|turn|3
|
|t:|1760854391
|switch|p1a: Great Tusk|Great Tusk|100/100
|move|p2a: Raging Bolt|Calm Mind|p2a: Raging Bolt
|-boost|p2a: Raging Bolt|spa|1
|-boost|p2a: Raging Bolt|spd|1
|
|upkeep
|turn|4
|
|t:|1760854398
|-terastallize|p2a: Raging Bolt|Bug
|move|p1a: Great Tusk|Earthquake|p2a: Raging Bolt
|-resisted|p2a: Raging Bolt
|-damage|p2a: Raging Bolt|83/100
|move|p2a: Raging Bolt|Dragon Pulse|p1a: Great Tusk
|-damage|p1a: Great Tusk|0 fnt
|faint|p1a: Great Tusk
|-end|p1a: Great Tusk|Protosynthesis|[silent]
|
|-heal|p2a: Raging Bolt|89/100|[from] item: Leftovers
|upkeep
|
|t:|1760854402
|switch|p1a: Emboar|Emboar, M|100/100
|turn|5
|
|t:|1760854409
|move|p2a: Raging Bolt|Calm Mind|p2a: Raging Bolt
|-boost|p2a: Raging Bolt|spa|1
|-boost|p2a: Raging Bolt|spd|1
|move|p1a: Emboar|Overheat|p2a: Raging Bolt
|-supereffective|p2a: Raging Bolt
|-crit|p2a: Raging Bolt
|-damage|p2a: Raging Bolt|0 fnt
|-unboost|p1a: Emboar|spa|2
|faint|p2a: Raging Bolt
|-end|p2a: Raging Bolt|Protosynthesis|[silent]
|-damage|p1a: Emboar|91/100|[from] item: Life Orb
|
|upkeep
|
|t:|1760854420
|switch|p2a: Pelipper|Pelipper, F|100/100
|-weather|RainDance|[from] ability: Drizzle|[of] p2a: Pelipper
|turn|6
|
|t:|1760854426
|move|p1a: Emboar|Scald|p2a: Pelipper
|-resisted|p2a: Pelipper
|-damage|p2a: Pelipper|82/100
|-status|p2a: Pelipper|brn
|-damage|p1a: Emboar|81/100|[from] item: Life Orb
|move|p2a: Pelipper|Weather Ball|p1a: Emboar
|-supereffective|p1a: Emboar
|-damage|p1a: Emboar|0 fnt
|faint|p1a: Emboar
|
|-weather|RainDance|[upkeep]
|-damage|p2a: Pelipper|76/100 brn|[from] brn
|upkeep
|
|t:|1760854437
|switch|p1a: Slowking|Slowking-Galar, M|100/100
|turn|7
|
|t:|1760854440
|move|p2a: Pelipper|U-turn|p1a: Slowking
|-damage|p1a: Slowking|97/100
|
|t:|1760854443
|switch|p2a: Great Tusk|Great Tusk|100/100|[from] U-turn
|-prepare|p1a: Slowking|Chilly Reception|[premajor]
|move|p1a: Slowking|Chilly Reception|p1a: Slowking
|-weather|Snowscape
|
|t:|1760854447
|switch|p1a: Enamorus|Enamorus, F|100/100|[from] Chilly Reception
|
|-weather|Snowscape|[upkeep]
|upkeep
|turn|8
|
|t:|1760854459
|-end|p2a: Great Tusk|Protosynthesis|[silent]
|switch|p2a: Pelipper|Pelipper, F|76/100 brn
|-weather|RainDance|[from] ability: Drizzle|[of] p2a: Pelipper
|-terastallize|p1a: Enamorus|Stellar
|move|p1a: Enamorus|Tera Blast|p2a: Pelipper|[anim] Tera Blast Stellar
|-damage|p2a: Pelipper|5/100 brn
|-boost|p1a: Enamorus|atk|1
|-boost|p1a: Enamorus|spa|1
|
|-weather|RainDance|[upkeep]
|-damage|p2a: Pelipper|0 fnt|[from] brn
|faint|p2a: Pelipper
|upkeep
|
|t:|1760854471
|switch|p2a: Dragapult|Dragapult, M|100/100
|turn|9
|
|t:|1760854485
|move|p2a: Dragapult|U-turn|p1a: Enamorus
|-resisted|p1a: Enamorus
|-damage|p1a: Enamorus|91/100
|
|t:|1760854488
|switch|p2a: Blastoise|Blastoise, F, shiny|100/100|[from] U-turn
|move|p1a: Enamorus|Tera Blast|p2a: Blastoise|[anim] Tera Blast Stellar
|-damage|p2a: Blastoise|37/100
|-boost|p1a: Enamorus|atk|1
|-boost|p1a: Enamorus|spa|1
|
|-weather|RainDance|[upkeep]
|upkeep
|turn|10
|
|t:|1760854500
|move|p1a: Enamorus|Tera Blast|p2a: Blastoise|[anim] Tera Blast Stellar
|-damage|p2a: Blastoise|0 fnt
|-boost|p1a: Enamorus|atk|1
|-boost|p1a: Enamorus|spa|1
|faint|p2a: Blastoise
|
|-weather|RainDance|[upkeep]
|upkeep
|
|t:|1760854507
|switch|p2a: Dragapult|Dragapult, M|100/100
|turn|11
|
|t:|1760854510
|move|p2a: Dragapult|Phantom Force||[still]
|-prepare|p2a: Dragapult|Phantom Force
|move|p1a: Enamorus|Tera Blast|p2a: Dragapult|[anim] Tera Blast Stellar|[miss]
|-miss|p1a: Enamorus|p2a: Dragapult
|
|-weather|RainDance|[upkeep]
|upkeep
|turn|12
|
|t:|1760854520
|switch|p1a: Alomomola|Alomomola, F|100/100
|move|p2a: Dragapult|Phantom Force|p1a: Alomomola|[from] lockedmove
|-damage|p1a: Alomomola|68/100
|
|-weather|RainDance|[upkeep]
|upkeep
|turn|13
|
|t:|1760854526
|move|p2a: Dragapult|Phantom Force||[still]
|-prepare|p2a: Dragapult|Phantom Force
|move|p1a: Alomomola|Flip Turn|p2a: Dragapult|[miss]
|-miss|p1a: Alomomola|p2a: Dragapult
|
|-weather|RainDance|[upkeep]
|upkeep
|turn|14
|
|t:|1760854531
|move|p2a: Dragapult|Phantom Force|p1a: Alomomola|[from] lockedmove
|-damage|p1a: Alomomola|33/100
|move|p1a: Alomomola|Flip Turn|p2a: Dragapult
|-resisted|p2a: Dragapult
|-damage|p2a: Dragapult|83/100
|
|t:|1760854536
|switch|p1a: Lokix|Lokix, M|17/100|[from] Flip Turn
|
|-weather|RainDance|[upkeep]
|upkeep
|turn|15
|
|t:|1760854539
|move|p1a: Lokix|First Impression|p2a: Dragapult
|-resisted|p2a: Dragapult
|-crit|p2a: Dragapult
|-damage|p2a: Dragapult|0 fnt
|faint|p2a: Dragapult
|
|-weather|none
|upkeep
|-message|vdq forfeited.
|
|win|charjabugzealot
|raw|charjabugzealot's rating: 1148 &rarr; <strong>1173</strong><br />(+25 for winning)
|raw|vdq's rating: 1149 &rarr; <strong>1124</strong><br />(-25 for losing)
|l|☆vdq
|player|p2|
|l|☆charjabugzealot
|player|p1|
