|j|☆KuroNoTamashi
|j|☆W4ll R0s3
|t:|1760720575
|gametype|singles
|player|p1|KuroNoTamashi|101|1341
|player|p2|W4ll R0s3|101|1307
|gen|9
|tier|[Gen 9] OU
|rated|
|rule|HP Percentage Mod: HP is shown in percentages
|rule|Endless Battle Clause: Forcing endless battles is banned
|rule|Species Clause: Limit one of each Pokémon
|rule|OHKO Clause: OHKO moves are banned
|rule|Evasion Items Clause: Evasion items are banned
|rule|Evasion Moves Clause: Evasion moves are banned
|rule|Evasion Abilities Clause: Evasion abilities are banned
|rule|Sleep Moves Clause: Sleep-inducing moves are banned
|clearpoke
|poke|p1|Ursaluna, F|
|poke|p1|Mimikyu, M|
|poke|p1|Hatterene, F|
|poke|p1|Copperajah, F|
|poke|p1|Crawdaunt, F|
|poke|p1|Hoopa|
|poke|p2|Gholdengo|
|poke|p2|Iron Valiant|
|poke|p2|Pecharunt|
|poke|p2|Ogerpon-Wellspring, F|
|poke|p2|Garganacl, M|
|poke|p2|Dragonite, F|
|teampreview
|
|t:|1760720596
|teamsize|p1|6
|teamsize|p2|6
|start
|switch|p1a: Hoopa|Hoopa|100/100
|switch|p2a: Pecharunt|Pecharunt|100/100
|turn|1
|
|t:|1760720607
|switch|p2a: Garganacl|Garganacl, M|100/100
|move|p1a: Hoopa|Trick Room|p1a: Hoopa
|-fieldstart|move: Trick Room|[of] p1a: Hoopa
|
|upkeep
|turn|2
|
|t:|1760720615
|move|p2a: Garganacl|Stealth Rock|p1a: Hoopa
|-sidestart|p1: KuroNoTamashi|move: Stealth Rock
|move|p1a: Hoopa|Nasty Plot|p1a: Hoopa
|-boost|p1a: Hoopa|spa|2
|
|upkeep
|turn|3
|
|t:|1760720626
|move|p2a: Garganacl|Salt Cure|p1a: Hoopa
|-damage|p1a: Hoopa|80/100
|-start|p1a: Hoopa|Salt Cure
|move|p1a: Hoopa|Psyshock|p2a: Garganacl
|-damage|p2a: Garganacl|28/100
|
|-heal|p2a: Garganacl|34/100|[from] item: Leftovers
|-damage|p1a: Hoopa|68/100|[from] Salt Cure
|upkeep
|turn|4
|
|t:|1760720637
|move|p2a: Garganacl|Recover|p2a: Garganacl
|-heal|p2a: Garganacl|84/100
|move|p1a: Hoopa|Psyshock|p2a: Garganacl
|-damage|p2a: Garganacl|20/100
|
|-heal|p2a: Garganacl|26/100|[from] item: Leftovers
|-damage|p1a: Hoopa|55/100|[from] Salt Cure
|upkeep
|turn|5
|
|t:|1760720647
|switch|p2a: Gholdengo|Gholdengo|100/100
|move|p1a: Hoopa|Nasty Plot|p1a: Hoopa
|-boost|p1a: Hoopa|spa|2
|
|-damage|p1a: Hoopa|43/100|[from] Salt Cure
|-fieldend|move: Trick Room
|upkeep
|turn|6
|
|t:|1760720656
|move|p2a: Gholdengo|Shadow Ball|p1a: Hoopa
|-supereffective|p1a: Hoopa
|-damage|p1a: Hoopa|0 fnt
|faint|p1a: Hoopa
|
|upkeep
|
|t:|1760720658
|switch|p1a: Copperajah|Copperajah, F, shiny|100/100
|-damage|p1a: Copperajah|94/100|[from] Stealth Rock
|turn|7
|l|☆KuroNoTamashi
|player|p1|
|
|t:|1760720676
|switch|p2a: Ogerpon|Ogerpon-Wellspring, F|100/100
|move|p1a: Copperajah|Heat Crash|p2a: Ogerpon
|-damage|p2a: Ogerpon|27/100
|-damage|p1a: Copperajah|84/100|[from] item: Life Orb
|
|upkeep
|turn|8
|j|☆KuroNoTamashi
|player|p1|KuroNoTamashi|101|
|
|t:|1760720689
|move|p2a: Ogerpon|Spikes|p1a: Copperajah
|-sidestart|p1: KuroNoTamashi|Spikes
|move|p1a: Copperajah|Heat Crash|p2a: Ogerpon
|-damage|p2a: Ogerpon|0 fnt
|faint|p2a: Ogerpon
|-damage|p1a: Copperajah|75/100|[from] item: Life Orb
|
|upkeep
|
|t:|1760720702
|switch|p2a: Dragonite|Dragonite, F|100/100
|turn|9
|
|t:|1760720706
|move|p2a: Dragonite|Dragon Dance|p2a: Dragonite
|-boost|p2a: Dragonite|atk|1
|-boost|p2a: Dragonite|spe|1
|move|p1a: Copperajah|Play Rough|p2a: Dragonite
|-supereffective|p2a: Dragonite
|-damage|p2a: Dragonite|51/100
|
|upkeep
|turn|10
|
|t:|1760720714
|move|p2a: Dragonite|Earthquake|p1a: Copperajah
|-supereffective|p1a: Copperajah
|-damage|p1a: Copperajah|0 fnt
|faint|p1a: Copperajah
|
|upkeep
|
|t:|1760720718
|switch|p1a: Hatterene|Hatterene, F|100/100
|-damage|p1a: Hatterene|88/100|[from] Stealth Rock
|-damage|p1a: Hatterene|76/100|[from] Spikes
|turn|11
|inactive|Battle timer is ON: inactive players will automatically lose when time's up. (requested by KuroNoTamashi)
|
|t:|1760720734
|move|p2a: Dragonite|Earthquake|p1a: Hatterene
|-damage|p1a: Hatterene|19/100
|move|p1a: Hatterene|Trick Room|p1a: Hatterene
|-fieldstart|move: Trick Room|[of] p1a: Hatterene
|
|upkeep
|turn|12
|
|t:|1760720740
|move|p2a: Dragonite|Extreme Speed|p1a: Hatterene
|-damage|p1a: Hatterene|0 fnt
|faint|p1a: Hatterene
|
|upkeep
|
|t:|1760720743
|switch|p1a: Ursaluna|Ursaluna, F, shiny|100/100
|-damage|p1a: Ursaluna|94/100|[from] Stealth Rock
|-damage|p1a: Ursaluna|82/100|[from] Spikes
|turn|13
|
|t:|1760720756
|move|p2a: Dragonite|Extreme Speed|p1a: Ursaluna
|-damage|p1a: Ursaluna|50/100
|move|p1a: Ursaluna|Ice Punch|p2a: Dragonite
|-supereffective|p2a: Dragonite
|-damage|p2a: Dragonite|0 fnt
|faint|p2a: Dragonite
|
|-status|p1a: Ursaluna|brn|[from] item: Flame Orb
|upkeep
|
|t:|1760720773
|switch|p2a: Pecharunt|Pecharunt|100/100
|turn|14
|
|t:|1760720782
|-terastallize|p2a: Pecharunt|Ghost
|move|p1a: Ursaluna|Headlong Rush|p2a: Pecharunt
|-damage|p2a: Pecharunt|40/100
|-unboost|p1a: Ursaluna|def|1
|-unboost|p1a: Ursaluna|spd|1
|move|p2a: Pecharunt|Recover|p2a: Pecharunt
|-heal|p2a: Pecharunt|90/100
|
|-damage|p1a: Ursaluna|44/100 brn|[from] brn
|upkeep
|turn|15
|
|t:|1760720806
|move|p1a: Ursaluna|Headlong Rush|p2a: Pecharunt
|-damage|p2a: Pecharunt|30/100
|-unboost|p1a: Ursaluna|def|1
|-unboost|p1a: Ursaluna|spd|1
|move|p2a: Pecharunt|Parting Shot|p1a: Ursaluna
|-unboost|p1a: Ursaluna|atk|1
|-unboost|p1a: Ursaluna|spa|1
|inactive|W4ll R0s3 has 120 seconds left.
|
|t:|1760720816
|switch|p2a: Iron Valiant|Iron Valiant|100/100|[from] Parting Shot
|-enditem|p2a: Iron Valiant|Booster Energy
|-activate|p2a: Iron Valiant|ability: Quark Drive|[fromitem]
|-start|p2a: Iron Valiant|quarkdrivespe
|
|-damage|p1a: Ursaluna|38/100 brn|[from] brn
|-fieldend|move: Trick Room
|upkeep
|turn|16
|
|t:|1760720826
|move|p2a: Iron Valiant|Moonblast|p1a: Ursaluna
|-damage|p1a: Ursaluna|0 fnt
|faint|p1a: Ursaluna
|
|upkeep
|
|t:|1760720828
|switch|p1a: Mimikyu|Mimikyu, M|100/100
|-damage|p1a: Mimikyu|88/100|[from] Stealth Rock
|-damage|p1a: Mimikyu|76/100|[from] Spikes
|turn|17
|
|t:|1760720842
|move|p2a: Iron Valiant|Moonblast|p1a: Mimikyu
|-activate|p1a: Mimikyu|ability: Disguise
|-damage|p1a: Mimikyu|76/100
|detailschange|p1a: Mimikyu|Mimikyu-Busted, M
|-damage|p1a: Mimikyu|63/100|[from] pokemon: Mimikyu-Busted
|move|p1a: Mimikyu|Trick Room|p1a: Mimikyu
|-fieldstart|move: Trick Room|[of] p1a: Mimikyu
|
|upkeep
|turn|18
|
|t:|1760720856
|move|p1a: Mimikyu|Curse|p2a: Iron Valiant
|-start|p2a: Iron Valiant|Curse|[of] p1a: Mimikyu
|-damage|p1a: Mimikyu|13/100
|move|p2a: Iron Valiant|Destiny Bond|p2a: Iron Valiant
|-singlemove|p2a: Iron Valiant|Destiny Bond
|
|-damage|p2a: Iron Valiant|76/100|[from] Curse
|upkeep
|turn|19
|inactive|W4ll R0s3 has 120 seconds left.
|
|t:|1760720877
|-end|p2a: Iron Valiant|Quark Drive|[silent]
|switch|p2a: Pecharunt|Pecharunt, tera:Ghost|30/100
|move|p1a: Mimikyu|Shadow Sneak|p2a: Pecharunt
|-supereffective|p2a: Pecharunt
|-damage|p2a: Pecharunt|10/100
|
|upkeep
|turn|20
|
|t:|1760720887
|switch|p2a: Garganacl|Garganacl, M|26/100
|move|p1a: Mimikyu|Curse|p2a: Garganacl
|-start|p2a: Garganacl|Curse|[of] p1a: Mimikyu
|-damage|p1a: Mimikyu|0 fnt
|faint|p1a: Mimikyu
|
|-heal|p2a: Garganacl|32/100|[from] item: Leftovers
|-damage|p2a: Garganacl|7/100|[from] Curse
|upkeep
|
|t:|1760720890
|switch|p1a: Crawdaunt|Crawdaunt, F|100/100
|-damage|p1a: Crawdaunt|88/100|[from] Stealth Rock
|-damage|p1a: Crawdaunt|76/100|[from] Spikes
|turn|21
|
|t:|1760720902
|-terastallize|p1a: Crawdaunt|Water
|move|p1a: Crawdaunt|Aqua Jet|p2a: Garganacl
|-supereffective|p2a: Garganacl
|-damage|p2a: Garganacl|0 fnt
|faint|p2a: Garganacl
|
|-fieldend|move: Trick Room
|upkeep
|
|t:|1760720913
|switch|p2a: Iron Valiant|Iron Valiant|76/100
|turn|22
|
|t:|1760720918
|move|p1a: Crawdaunt|Aqua Jet|p2a: Iron Valiant
|-damage|p2a: Iron Valiant|25/100
|move|p2a: Iron Valiant|Moonblast|p1a: Crawdaunt
|-damage|p1a: Crawdaunt|0 fnt
|faint|p1a: Crawdaunt
|
|win|W4ll R0s3
|raw|KuroNoTamashi's rating: 1341 &rarr; <strong>1319</strong><br />(-22 for losing)
|raw|W4ll R0s3's rating: 1307 &rarr; <strong>1329</strong><br />(+22 for winning)
|l|☆KuroNoTamashi
|player|p1|
|l|☆W4ll R0s3
|player|p2|
