|j|☆AlitaRevolt
|j|☆Bonsly Brian
|t:|1760872578
|gametype|singles
|player|p1|AlitaRevolt|265|1242
|player|p2|Bonsly Brian|riley|1212
|gen|9
|tier|[Gen 9] OU
|rated|
|rule|HP Percentage Mod: HP is shown in percentages
|rule|Endless Battle Clause: Forcing endless battles is banned
|rule|Species Clause: Limit one of each Pokémon
|rule|OHKO Clause: OHKO moves are banned
|rule|Evasion Items Clause: Evasion items are banned
|rule|Evasion Moves Clause: Evasion moves are banned
|rule|Evasion Abilities Clause: Evasion abilities are banned
|rule|Sleep Moves Clause: Sleep-inducing moves are banned
|clearpoke
|poke|p1|Blaziken, F|
|poke|p1|Dragapult, F|
|poke|p1|Hatterene, F|
|poke|p1|Excadrill, M|
|poke|p1|Tyranitar, M|
|poke|p1|Alomomola, F|
|poke|p2|Bonsly, M|
|poke|p2|Dragonite, M|
|poke|p2|Iron Valiant|
|poke|p2|Dragapult, F|
|poke|p2|Kingambit, M|
|poke|p2|Great Tusk|
|teampreview
|inactive|Battle timer is ON: inactive players will automatically lose when time's up. (requested by Bonsly Brian)
|
|t:|1760872589
|teamsize|p1|6
|teamsize|p2|6
|start
|switch|p1a: Tyranitar|Tyranitar, M|100/100
|switch|p2a: Bonsly|Bonsly, M, shiny|100/100
|-weather|Sandstorm|[from] ability: Sand Stream|[of] p1a: Tyranitar
|turn|1
|
|t:|1760872605
|move|p1a: Tyranitar|Dragon Dance|p1a: Tyranitar
|-boost|p1a: Tyranitar|atk|1
|-boost|p1a: Tyranitar|spe|1
|move|p2a: Bonsly|Counter||[still]
|-fail|p2a: Bonsly
|
|-weather|Sandstorm|[upkeep]
|upkeep
|turn|2
|
|t:|1760872611
|move|p1a: Tyranitar|Dragon Dance|p1a: Tyranitar
|-boost|p1a: Tyranitar|atk|1
|-boost|p1a: Tyranitar|spe|1
|move|p2a: Bonsly|Stealth Rock|p1a: Tyranitar
|-sidestart|p1: AlitaRevolt|move: Stealth Rock
|
|-weather|Sandstorm|[upkeep]
|upkeep
|turn|3
|
|t:|1760872617
|move|p1a: Tyranitar|Dragon Dance|p1a: Tyranitar
|-boost|p1a: Tyranitar|atk|1
|-boost|p1a: Tyranitar|spe|1
|move|p2a: Bonsly|Counter||[still]
|-fail|p2a: Bonsly
|
|-weather|Sandstorm|[upkeep]
|upkeep
|turn|4
|
|t:|1760872624
|move|p1a: Tyranitar|Knock Off|p2a: Bonsly
|-ability|p2a: Bonsly|Sturdy
|-damage|p2a: Bonsly|1/100
|-enditem|p2a: Bonsly|Custap Berry|[from] move: Knock Off|[of] p1a: Tyranitar
|move|p2a: Bonsly|Counter|p1a: Tyranitar
|-damage|p1a: Tyranitar|0 fnt
|faint|p1a: Tyranitar
|
|-weather|Sandstorm|[upkeep]
|upkeep
|
|t:|1760872632
|switch|p1a: Excadrill|Excadrill, M|100/100
|turn|5
|
|t:|1760872638
|move|p1a: Excadrill|Rapid Spin|p2a: Bonsly
|-resisted|p2a: Bonsly
|-damage|p2a: Bonsly|0 fnt
|-boost|p1a: Excadrill|spe|1
|-sideend|p1: AlitaRevolt|Stealth Rock|[from] move: Rapid Spin|[of] p1a: Excadrill
|faint|p2a: Bonsly
|
|-weather|none
|upkeep
|
|t:|1760872646
|switch|p2a: Great Tusk|Great Tusk|100/100
|-enditem|p2a: Great Tusk|Booster Energy
|-activate|p2a: Great Tusk|ability: Protosynthesis|[fromitem]
|-start|p2a: Great Tusk|protosynthesisatk
|turn|6
|
|t:|1760872654
|switch|p1a: Alomomola|Alomomola, F|100/100
|move|p2a: Great Tusk|Headlong Rush|p1a: Alomomola
|-damage|p1a: Alomomola|51/100
|-unboost|p2a: Great Tusk|def|1
|-unboost|p2a: Great Tusk|spd|1
|-damage|p2a: Great Tusk|84/100|[from] item: Rocky Helmet|[of] p1a: Alomomola
|
|upkeep
|turn|7
|
|t:|1760872663
|move|p2a: Great Tusk|Rapid Spin|p1a: Alomomola
|-damage|p1a: Alomomola|37/100
|-boost|p2a: Great Tusk|spe|1
|-damage|p2a: Great Tusk|68/100|[from] item: Rocky Helmet|[of] p1a: Alomomola
|move|p1a: Alomomola|Flip Turn|p2a: Great Tusk
|-supereffective|p2a: Great Tusk
|-damage|p2a: Great Tusk|28/100
|
|t:|1760872681
|switch|p1a: Dragapult|Dragapult, F|100/100|[from] Flip Turn
|
|upkeep
|turn|8
|
|t:|1760872688
|move|p2a: Great Tusk|Headlong Rush|p1a: Dragapult
|-crit|p1a: Dragapult
|-damage|p1a: Dragapult|0 fnt
|-unboost|p2a: Great Tusk|def|1
|-unboost|p2a: Great Tusk|spd|1
|faint|p1a: Dragapult
|
|upkeep
|
|t:|1760872694
|switch|p1a: Alomomola|Alomomola, F|70/100
|turn|9
|
|t:|1760872699
|move|p2a: Great Tusk|Headlong Rush|p1a: Alomomola
|-damage|p1a: Alomomola|25/100
|-unboost|p2a: Great Tusk|def|1
|-unboost|p2a: Great Tusk|spd|1
|-damage|p2a: Great Tusk|12/100|[from] item: Rocky Helmet|[of] p1a: Alomomola
|move|p1a: Alomomola|Flip Turn|p2a: Great Tusk
|-supereffective|p2a: Great Tusk
|-damage|p2a: Great Tusk|0 fnt
|faint|p2a: Great Tusk
|-end|p2a: Great Tusk|Protosynthesis|[silent]
|
|t:|1760872709
|switch|p1a: Blaziken|Blaziken, F|100/100|[from] Flip Turn
|
|upkeep
|
|t:|1760872718
|switch|p2a: Dragonite|Dragonite, M, shiny|100/100
|turn|10
|
|t:|1760872722
|move|p2a: Dragonite|Dragon Dance|p2a: Dragonite
|-boost|p2a: Dragonite|atk|1
|-boost|p2a: Dragonite|spe|1
|move|p1a: Blaziken|Close Combat|p2a: Dragonite
|-resisted|p2a: Dragonite
|-damage|p2a: Dragonite|78/100
|-unboost|p1a: Blaziken|def|1
|-unboost|p1a: Blaziken|spd|1
|-damage|p1a: Blaziken|91/100|[from] item: Life Orb
|
|-ability|p1a: Blaziken|Speed Boost|boost
|-boost|p1a: Blaziken|spe|1
|upkeep
|turn|11
|
|t:|1760872738
|switch|p1a: Alomomola|Alomomola, F|58/100
|move|p2a: Dragonite|Extreme Speed|p1a: Alomomola
|-damage|p1a: Alomomola|30/100
|-damage|p2a: Dragonite|61/100|[from] item: Rocky Helmet|[of] p1a: Alomomola
|
|upkeep
|turn|12
|
|t:|1760872753
|move|p2a: Dragonite|Dragon Dance|p2a: Dragonite
|-boost|p2a: Dragonite|atk|1
|-boost|p2a: Dragonite|spe|1
|move|p1a: Alomomola|Flip Turn|p2a: Dragonite
|-resisted|p2a: Dragonite
|-damage|p2a: Dragonite|52/100
|
|t:|1760872762
|switch|p1a: Hatterene|Hatterene, F|100/100|[from] Flip Turn
|
|upkeep
|turn|13
|
|t:|1760872768
|-terastallize|p2a: Dragonite|Normal
|move|p2a: Dragonite|Extreme Speed|p1a: Hatterene
|-crit|p1a: Hatterene
|-damage|p1a: Hatterene|0 fnt
|faint|p1a: Hatterene
|
|upkeep
|
|t:|1760872773
|switch|p1a: Blaziken|Blaziken, F|91/100
|turn|14
|
|t:|1760872776
|move|p1a: Blaziken|Protect|p1a: Blaziken
|-singleturn|p1a: Blaziken|Protect
|move|p2a: Dragonite|Extreme Speed|p1a: Blaziken
|-activate|p1a: Blaziken|move: Protect
|
|-ability|p1a: Blaziken|Speed Boost|boost
|-boost|p1a: Blaziken|spe|1
|upkeep
|turn|15
|
|t:|1760872789
|move|p1a: Blaziken|Protect||[still]
|-fail|p1a: Blaziken
|move|p2a: Dragonite|Extreme Speed|p1a: Blaziken
|-damage|p1a: Blaziken|0 fnt
|faint|p1a: Blaziken
|
|upkeep
|-message|AlitaRevolt forfeited.
|
|win|Bonsly Brian
|raw|AlitaRevolt's rating: 1242 &rarr; <strong>1215</strong><br />(-27 for losing)
|raw|Bonsly Brian's rating: 1212 &rarr; <strong>1239</strong><br />(+27 for winning)
|l|☆AlitaRevolt
|player|p1|
|l|☆Bonsly Brian
|player|p2|
