|j|☆motorskk
|j|☆Pkm Trainer Yellow
|t:|1760876729
|gametype|singles
|player|p1|motorskk|battlegirl-gen4|1525
|player|p2|Pkm Trainer Yellow|elesa|1552
|gen|9
|tier|[Gen 9] OU
|rated|
|rule|HP Percentage Mod: HP is shown in percentages
|rule|Endless Battle Clause: Forcing endless battles is banned
|rule|Species Clause: Limit one of each Pokémon
|rule|OHKO Clause: OHKO moves are banned
|rule|Evasion Items Clause: Evasion items are banned
|rule|Evasion Moves Clause: Evasion moves are banned
|rule|Evasion Abilities Clause: Evasion abilities are banned
|rule|Sleep Moves Clause: Sleep-inducing moves are banned
|clearpoke
|poke|p1|Tinkaton, F|
|poke|p1|Darkrai|
|poke|p1|Samurott-Hisui, F|
|poke|p1|Zapdos|
|poke|p1|Sinistcha|
|poke|p1|Clodsire, M|
|poke|p2|Araquanid, F|
|poke|p2|Ceruledge, F|
|poke|p2|Enamorus, F|
|poke|p2|Iron Treads|
|poke|p2|Gholdengo|
|poke|p2|Ogerpon-Cornerstone, F|
|teampreview
|inactive|Battle timer is ON: inactive players will automatically lose when time's up. (requested by motorskk)
|l|☆Pkm Trainer Yellow
|inactive|Pkm Trainer Yellow disconnected and has a minute to reconnect!
|player|p2|
|j|☆Pkm Trainer Yellow
|inactive|Pkm Trainer Yellow reconnected and has 110 seconds left.
|player|p2|Pkm Trainer Yellow|elesa|
|
|t:|1760876777
|teamsize|p1|6
|teamsize|p2|6
|start
|switch|p1a: Zapdos|Zapdos|100/100
|switch|p2a: Ogerpon|Ogerpon-Cornerstone, F|100/100
|turn|1
|inactive|motorskk has 120 seconds left.
|
|t:|1760876815
|switch|p1a: Sinistcha|Sinistcha|100/100
|move|p2a: Ogerpon|Ivy Cudgel|p1a: Sinistcha|[anim] Ivy Cudgel Rock
|-damage|p1a: Sinistcha|59/100
|
|upkeep
|turn|2
|
|t:|1760876819
|move|p2a: Ogerpon|Knock Off|p1a: Sinistcha
|-supereffective|p1a: Sinistcha
|-damage|p1a: Sinistcha|5/100
|-enditem|p1a: Sinistcha|Heavy-Duty Boots|[from] move: Knock Off|[of] p2a: Ogerpon
|move|p1a: Sinistcha|Strength Sap|p2a: Ogerpon
|-unboost|p2a: Ogerpon|atk|1
|-heal|p1a: Sinistcha|100/100
|
|upkeep
|turn|3
|
|t:|1760876832
|move|p2a: Ogerpon|Encore|p1a: Sinistcha
|-start|p1a: Sinistcha|Encore
|move|p1a: Sinistcha|Strength Sap|p2a: Ogerpon
|-unboost|p2a: Ogerpon|atk|1
|
|upkeep
|turn|4
|inactive|motorskk has 120 seconds left.
|
|t:|1760876850
|switch|p2a: Araquanid|Araquanid, F|100/100
|switch|p1a: Tinkaton|Tinkaton, F|100/100
|-item|p1a: Tinkaton|Air Balloon
|
|upkeep
|turn|5
|
|t:|1760876854
|move|p1a: Tinkaton|Stealth Rock|p2a: Araquanid
|-sidestart|p2: Pkm Trainer Yellow|move: Stealth Rock
|move|p2a: Araquanid|Surf|p1a: Tinkaton
|-damage|p1a: Tinkaton|51/100
|-enditem|p1a: Tinkaton|Air Balloon
|
|upkeep
|turn|6
|inactive|motorskk has 120 seconds left.
|
|t:|1760876886
|switch|p1a: Sinistcha|Sinistcha|100/100
|move|p2a: Araquanid|Surf|p1a: Sinistcha
|-resisted|p1a: Sinistcha
|-damage|p1a: Sinistcha|68/100
|
|upkeep
|turn|7
|
|t:|1760876894
|move|p1a: Sinistcha|Calm Mind|p1a: Sinistcha
|-boost|p1a: Sinistcha|spa|1
|-boost|p1a: Sinistcha|spd|1
|move|p2a: Araquanid|Sticky Web|p1a: Sinistcha
|-sidestart|p1: motorskk|move: Sticky Web
|
|upkeep
|turn|8
|inactive|motorskk has 120 seconds left.
|
|t:|1760876901
|move|p1a: Sinistcha|Matcha Gotcha|p2a: Araquanid
|-damage|p2a: Araquanid|61/100
|-heal|p1a: Sinistcha|87/100|[from] drain|[of] p2a: Araquanid
|move|p2a: Araquanid|Surf|p1a: Sinistcha
|-resisted|p1a: Sinistcha
|-damage|p1a: Sinistcha|65/100
|
|upkeep
|turn|9
|
|t:|1760876911
|move|p1a: Sinistcha|Matcha Gotcha|p2a: Araquanid|[miss]
|-miss|p1a: Sinistcha|p2a: Araquanid
|move|p2a: Araquanid|Surf|p1a: Sinistcha
|-resisted|p1a: Sinistcha
|-damage|p1a: Sinistcha|44/100
|
|upkeep
|turn|10
|
|t:|1760876919
|move|p1a: Sinistcha|Strength Sap|p2a: Araquanid
|-unboost|p2a: Araquanid|atk|1
|-heal|p1a: Sinistcha|82/100
|move|p2a: Araquanid|Surf|p1a: Sinistcha
|-resisted|p1a: Sinistcha
|-damage|p1a: Sinistcha|59/100
|
|upkeep
|turn|11
|
|t:|1760876925
|move|p1a: Sinistcha|Matcha Gotcha|p2a: Araquanid
|-damage|p2a: Araquanid|21/100
|-heal|p1a: Sinistcha|79/100|[from] drain|[of] p2a: Araquanid
|move|p2a: Araquanid|Surf|p1a: Sinistcha
|-resisted|p1a: Sinistcha
|-crit|p1a: Sinistcha
|-damage|p1a: Sinistcha|29/100
|
|upkeep
|turn|12
|l|☆Pkm Trainer Yellow
|inactive|Pkm Trainer Yellow disconnected and has a minute to reconnect!
|player|p2|
|j|☆Pkm Trainer Yellow
|inactive|Pkm Trainer Yellow reconnected and has 110 seconds left.
|player|p2|Pkm Trainer Yellow|elesa|
|-enditem|p2a: Araquanid|Custap Berry|[eat]
|-activate|p2a: Araquanid|item: Custap Berry|[consumed]
|
|t:|1760876970
|move|p2a: Araquanid|Surf|p1a: Sinistcha
|-resisted|p1a: Sinistcha
|-damage|p1a: Sinistcha|7/100
|move|p1a: Sinistcha|Matcha Gotcha|p2a: Araquanid
|-damage|p2a: Araquanid|0 fnt
|-heal|p1a: Sinistcha|17/100|[from] drain|[of] p2a: Araquanid
|faint|p2a: Araquanid
|
|upkeep
|
|t:|1760876978
|switch|p2a: Iron Treads|Iron Treads|100/100
|-damage|p2a: Iron Treads|97/100|[from] Stealth Rock
|-enditem|p2a: Iron Treads|Booster Energy
|-activate|p2a: Iron Treads|ability: Quark Drive|[fromitem]
|-start|p2a: Iron Treads|quarkdrivespe
|turn|13
|inactive|motorskk has 120 seconds left.
|inactive|motorskk has 90 seconds left.
|
|t:|1760877036
|move|p2a: Iron Treads|Ice Spinner|p1a: Sinistcha
|-supereffective|p1a: Sinistcha
|-damage|p1a: Sinistcha|0 fnt
|faint|p1a: Sinistcha
|
|upkeep
|inactive|motorskk has 90 seconds left.
|
|t:|1760877046
|switch|p1a: Samurott|Samurott-Hisui, F|100/100
|turn|14
|inactive|motorskk has 90 seconds left.
|
|t:|1760877054
|move|p2a: Iron Treads|Rapid Spin|p1a: Samurott
|-damage|p1a: Samurott|79/100
|-boost|p2a: Iron Treads|spe|1
|-sideend|p2: Pkm Trainer Yellow|Stealth Rock|[from] move: Rapid Spin|[of] p2a: Iron Treads
|move|p1a: Samurott|Razor Shell|p2a: Iron Treads
|-supereffective|p2a: Iron Treads
|-damage|p2a: Iron Treads|0 fnt
|faint|p2a: Iron Treads
|-end|p2a: Iron Treads|Quark Drive|[silent]
|
|upkeep
|
|t:|1760877059
|switch|p2a: Enamorus|Enamorus, F|100/100
|turn|15
|
|t:|1760877064
|switch|p1a: Clodsire|Clodsire, M|100/100
|move|p2a: Enamorus|Moonblast|p1a: Clodsire
|-resisted|p1a: Clodsire
|-damage|p1a: Clodsire|79/100
|
|upkeep
|turn|16
|inactive|motorskk has 90 seconds left.
|
|t:|1760877117
|switch|p2a: Gholdengo|Gholdengo|100/100
|-item|p2a: Gholdengo|Air Balloon
|move|p1a: Clodsire|Toxic|p2a: Gholdengo
|-immune|p2a: Gholdengo|[from] ability: Good as Gold
|
|upkeep
|turn|17
|inactive|motorskk has 60 seconds left.
|
|t:|1760877145
|switch|p1a: Samurott|Samurott-Hisui, F|79/100
|move|p2a: Gholdengo|Dazzling Gleam|p1a: Samurott
|-supereffective|p1a: Samurott
|-damage|p1a: Samurott|0 fnt
|faint|p1a: Samurott
|
|upkeep
|
|t:|1760877153
|switch|p1a: Darkrai|Darkrai|100/100
|-activate|p1a: Darkrai|move: Sticky Web
|-unboost|p1a: Darkrai|spe|1
|turn|18
|
|t:|1760877158
|switch|p2a: Enamorus|Enamorus, F|100/100
|-terastallize|p1a: Darkrai|Poison
|move|p1a: Darkrai|Dark Pulse|p2a: Enamorus
|-resisted|p2a: Enamorus
|-crit|p2a: Enamorus
|-damage|p2a: Enamorus|53/100
|
|upkeep
|turn|19
|
|t:|1760877165
|switch|p1a: Zapdos|Zapdos|100/100
|move|p2a: Enamorus|Earth Power|p1a: Zapdos
|-immune|p1a: Zapdos
|
|upkeep
|turn|20
|
|t:|1760877173
|switch|p2a: Ogerpon|Ogerpon-Cornerstone, F|100/100
|move|p1a: Zapdos|Volt Switch|p2a: Ogerpon
|-resisted|p2a: Ogerpon
|-damage|p2a: Ogerpon|85/100
|
|t:|1760877178
|switch|p1a: Darkrai|Darkrai, tera:Poison|100/100|[from] Volt Switch
|-activate|p1a: Darkrai|move: Sticky Web
|-unboost|p1a: Darkrai|spe|1
|
|upkeep
|turn|21
|
|t:|1760877186
|switch|p2a: Enamorus|Enamorus, F|53/100
|move|p1a: Darkrai|Ice Beam|p2a: Enamorus
|-supereffective|p2a: Enamorus
|-damage|p2a: Enamorus|0 fnt
|faint|p2a: Enamorus
|
|upkeep
|
|t:|1760877191
|switch|p2a: Ceruledge|Ceruledge, F|100/100
|turn|22
|
|t:|1760877202
|move|p2a: Ceruledge|Swords Dance|p2a: Ceruledge
|-boost|p2a: Ceruledge|atk|2
|move|p1a: Darkrai|Dark Pulse|p2a: Ceruledge
|-supereffective|p2a: Ceruledge
|-enditem|p2a: Ceruledge|Focus Sash
|-damage|p2a: Ceruledge|1/100
|
|upkeep
|turn|23
|inactive|motorskk has 60 seconds left.
|
|t:|1760877260
|switch|p1a: Tinkaton|Tinkaton, F|51/100
|-activate|p1a: Tinkaton|move: Sticky Web
|-unboost|p1a: Tinkaton|spe|1
|move|p2a: Ceruledge|Bitter Blade|p1a: Tinkaton
|-supereffective|p1a: Tinkaton
|-damage|p1a: Tinkaton|0 fnt
|-heal|p2a: Ceruledge|33/100|[from] drain|[of] p1a: Tinkaton
|faint|p1a: Tinkaton
|
|upkeep
|
|t:|1760877264
|switch|p1a: Clodsire|Clodsire, M|79/100
|turn|24
|
|t:|1760877277
|move|p2a: Ceruledge|Bitter Blade|p1a: Clodsire
|-damage|p1a: Clodsire|24/100
|-heal|p2a: Ceruledge|77/100|[from] drain|[of] p1a: Clodsire
|move|p1a: Clodsire|Earthquake|p2a: Ceruledge
|-supereffective|p2a: Ceruledge
|-damage|p2a: Ceruledge|8/100
|-ability|p2a: Ceruledge|Weak Armor|boost
|-unboost|p2a: Ceruledge|def|1
|-boost|p2a: Ceruledge|spe|2
|
|upkeep
|turn|25
|-message|motorskk forfeited.
|
|win|Pkm Trainer Yellow
|raw|motorskk's rating: 1525 &rarr; <strong>1507</strong><br />(-18 for losing)
|raw|Pkm Trainer Yellow's rating: 1552 &rarr; <strong>1570</strong><br />(+18 for winning)
|l|☆motorskk
|player|p1|
|l|☆Pkm Trainer Yellow
|player|p2|
