|j|☆kabutopzboy
|j|☆girasol3456
|t:|1760767144
|gametype|singles
|player|p1|kabutopzboy|acetrainer-gen4|1204
|player|p2|girasol3456|lass-gen4dp|1132
|gen|9
|tier|[Gen 9] OU
|rated|
|rule|HP Percentage Mod: HP is shown in percentages
|rule|Endless Battle Clause: Forcing endless battles is banned
|rule|Species Clause: Limit one of each Pokémon
|rule|OHKO Clause: OHKO moves are banned
|rule|Evasion Items Clause: Evasion items are banned
|rule|Evasion Moves Clause: Evasion moves are banned
|rule|Evasion Abilities Clause: Evasion abilities are banned
|rule|Sleep Moves Clause: Sleep-inducing moves are banned
|clearpoke
|poke|p1|Dragapult, F|
|poke|p1|Great Tusk|
|poke|p1|Zangoose, F|
|poke|p1|Zapdos|
|poke|p1|Clodsire, M|
|poke|p1|Ursaluna, M|
|poke|p2|Ninetales, F|
|poke|p2|Venusaur, M|
|poke|p2|Lilligant-Hisui, F|
|poke|p2|Ting-Lu|
|poke|p2|Raging Bolt|
|poke|p2|Bronzong|
|teampreview
|
|t:|1760767160
|teamsize|p1|6
|teamsize|p2|6
|start
|switch|p1a: Great Tusk|Great Tusk|100/100
|switch|p2a: Ninetales|Ninetales, F|100/100
|-weather|SunnyDay|[from] ability: Drought|[of] p2a: Ninetales
|-activate|p1a: Great Tusk|ability: Protosynthesis
|-start|p1a: Great Tusk|protosynthesisspe
|turn|1
|
|t:|1760767168
|switch|p2a: Bronzong|Bronzong|100/100
|move|p1a: Great Tusk|Bulk Up|p1a: Great Tusk
|-boost|p1a: Great Tusk|atk|1
|-boost|p1a: Great Tusk|def|1
|
|-weather|SunnyDay|[upkeep]
|upkeep
|turn|2
|inactive|Battle timer is ON: inactive players will automatically lose when time's up. (requested by girasol3456)
|
|t:|1760767190
|-end|p1a: Great Tusk|Protosynthesis|[silent]
|switch|p1a: Zangoose|Zangoose, F, shiny|100/100
|move|p2a: Bronzong|Psychic Noise|p1a: Zangoose
|-damage|p1a: Zangoose|65/100
|-start|p1a: Zangoose|move: Heal Block
|
|-weather|SunnyDay|[upkeep]
|-status|p1a: Zangoose|tox|[from] item: Toxic Orb
|upkeep
|turn|3
|
|t:|1760767212
|move|p1a: Zangoose|Knock Off|p2a: Bronzong
|-supereffective|p2a: Bronzong
|-damage|p2a: Bronzong|24/100
|-enditem|p2a: Bronzong|Leftovers|[from] move: Knock Off|[of] p1a: Zangoose
|move|p2a: Bronzong|Stealth Rock|p1a: Zangoose
|-sidestart|p1: kabutopzboy|move: Stealth Rock
|
|-weather|SunnyDay|[upkeep]
|-damage|p1a: Zangoose|59/100 tox|[from] psn
|-end|p1a: Zangoose|move: Heal Block
|upkeep
|turn|4
|
|t:|1760767227
|move|p1a: Zangoose|Knock Off|p2a: Bronzong
|-supereffective|p2a: Bronzong
|-damage|p2a: Bronzong|0 fnt
|faint|p2a: Bronzong
|
|-weather|SunnyDay|[upkeep]
|-damage|p1a: Zangoose|47/100 tox|[from] psn
|upkeep
|inactive|girasol3456 has 120 seconds left.
|
|t:|1760767247
|switch|p2a: Venusaur|Venusaur, M|100/100
|turn|5
|inactive|girasol3456 has 120 seconds left.
|
|t:|1760767257
|switch|p1a: Clodsire|Clodsire, M|100/100
|-damage|p1a: Clodsire|94/100|[from] Stealth Rock
|move|p2a: Venusaur|Giga Drain|p1a: Clodsire
|-damage|p1a: Clodsire|72/100
|-damage|p2a: Venusaur|91/100|[from] item: Life Orb
|
|-weather|SunnyDay|[upkeep]
|upkeep
|turn|6
|inactive|girasol3456 has 120 seconds left.
|
|t:|1760767270
|switch|p2a: Ting-Lu|Ting-Lu|100/100
|-ability|p2a: Ting-Lu|Vessel of Ruin
|move|p1a: Clodsire|Earthquake|p2a: Ting-Lu
|-damage|p2a: Ting-Lu|86/100
|
|-weather|SunnyDay|[upkeep]
|-heal|p2a: Ting-Lu|92/100|[from] item: Leftovers
|upkeep
|turn|7
|inactive|girasol3456 has 120 seconds left.
|inactive|kabutopzboy has 120 seconds left.
|
|t:|1760767310
|switch|p1a: Great Tusk|Great Tusk|100/100
|-damage|p1a: Great Tusk|98/100|[from] Stealth Rock
|-activate|p1a: Great Tusk|ability: Protosynthesis
|-start|p1a: Great Tusk|protosynthesisspe
|move|p2a: Ting-Lu|Earthquake|p1a: Great Tusk
|-damage|p1a: Great Tusk|75/100
|
|-weather|SunnyDay|[upkeep]
|-heal|p2a: Ting-Lu|98/100|[from] item: Leftovers
|upkeep
|turn|8
|inactive|kabutopzboy has 120 seconds left.
|inactive|girasol3456 has 120 seconds left.
|
|t:|1760767320
|move|p1a: Great Tusk|Rapid Spin|p2a: Ting-Lu
|-damage|p2a: Ting-Lu|91/100
|-boost|p1a: Great Tusk|spe|1
|-sideend|p1: kabutopzboy|Stealth Rock|[from] move: Rapid Spin|[of] p1a: Great Tusk
|move|p2a: Ting-Lu|Whirlwind|p1a: Great Tusk
|-end|p1a: Great Tusk|Protosynthesis|[silent]
|drag|p1a: Zapp|Zapdos|100/100
|
|-weather|none
|-heal|p2a: Ting-Lu|97/100|[from] item: Leftovers
|upkeep
|turn|9
|inactive|kabutopzboy has 120 seconds left.
|
|t:|1760767329
|move|p1a: Zapp|Tailwind|p1a: Zapp
|-sidestart|p1: kabutopzboy|move: Tailwind
|move|p2a: Ting-Lu|Ruination|p1a: Zapp
|-damage|p1a: Zapp|50/100
|
|-heal|p1a: Zapp|57/100|[from] item: Leftovers
|-heal|p2a: Ting-Lu|100/100|[from] item: Leftovers
|upkeep
|turn|10
|
|t:|1760767342
|switch|p1a: Ursaluna|Ursaluna, M|100/100
|switch|p2a: Ninetales|Ninetales, F|100/100
|-weather|SunnyDay|[from] ability: Drought|[of] p2a: Ninetales
|
|-weather|SunnyDay|[upkeep]
|-status|p1a: Ursaluna|brn|[from] item: Flame Orb
|upkeep
|turn|11
|
|t:|1760767354
|move|p1a: Ursaluna|Earthquake|p2a: Ninetales
|-supereffective|p2a: Ninetales
|-damage|p2a: Ninetales|0 fnt
|faint|p2a: Ninetales
|
|-weather|SunnyDay|[upkeep]
|-damage|p1a: Ursaluna|94/100 brn|[from] brn
|upkeep
|inactive|girasol3456 has 120 seconds left.
|
|t:|1760767373
|switch|p2a: Lilligant|Lilligant-Hisui, F|100/100
|turn|12
|
|t:|1760767390
|-terastallize|p1a: Ursaluna|Electric
|move|p2a: Lilligant|Solar Blade||[still]
|-prepare|p2a: Lilligant|Solar Blade
|-anim|p2a: Lilligant|Solar Blade|p1a: Ursaluna
|-damage|p1a: Ursaluna|23/100 brn
|-damage|p2a: Lilligant|91/100|[from] item: Life Orb
|move|p1a: Ursaluna|Facade|p2a: Lilligant
|-damage|p2a: Lilligant|0 fnt
|faint|p2a: Lilligant
|
|-weather|SunnyDay|[upkeep]
|-damage|p1a: Ursaluna|17/100 brn|[from] brn
|-sideend|p1: kabutopzboy|move: Tailwind
|upkeep
|
|t:|1760767396
|switch|p2a: Venusaur|Venusaur, M|91/100
|turn|13
|
|t:|1760767404
|switch|p1a: Clodsire|Clodsire, M|72/100
|move|p2a: Venusaur|Giga Drain|p1a: Clodsire
|-damage|p1a: Clodsire|52/100
|-heal|p2a: Venusaur|100/100|[from] drain|[of] p1a: Clodsire
|-damage|p2a: Venusaur|91/100|[from] item: Life Orb
|
|-weather|SunnyDay|[upkeep]
|upkeep
|turn|14
|
|t:|1760767422
|switch|p2a: Ting-Lu|Ting-Lu|100/100
|-ability|p2a: Ting-Lu|Vessel of Ruin
|move|p1a: Clodsire|Earthquake|p2a: Ting-Lu
|-damage|p2a: Ting-Lu|86/100
|
|-weather|SunnyDay|[upkeep]
|-heal|p2a: Ting-Lu|93/100|[from] item: Leftovers
|upkeep
|turn|15
|
|t:|1760767443
|move|p2a: Ting-Lu|Earthquake|p1a: Clodsire
|-supereffective|p1a: Clodsire
|-damage|p1a: Clodsire|0 fnt
|faint|p1a: Clodsire
|
|-weather|SunnyDay|[upkeep]
|-heal|p2a: Ting-Lu|99/100|[from] item: Leftovers
|upkeep
|
|t:|1760767452
|switch|p1a: Dragapult|Dragapult, F|100/100
|turn|16
|
|t:|1760767457
|move|p1a: Dragapult|Will-O-Wisp|p2a: Ting-Lu
|-status|p2a: Ting-Lu|brn
|move|p2a: Ting-Lu|Earthquake|p1a: Dragapult
|-damage|p1a: Dragapult|83/100
|
|-weather|SunnyDay|[upkeep]
|-heal|p2a: Ting-Lu|100/100 brn|[from] item: Leftovers
|-damage|p2a: Ting-Lu|94/100 brn|[from] brn
|upkeep
|turn|17
|
|t:|1760767472
|switch|p1a: Great Tusk|Great Tusk|75/100
|-activate|p1a: Great Tusk|ability: Protosynthesis
|-start|p1a: Great Tusk|protosynthesisspe
|move|p2a: Ting-Lu|Ruination|p1a: Great Tusk
|-damage|p1a: Great Tusk|38/100
|
|-weather|none
|-end|p1a: Great Tusk|Protosynthesis
|-heal|p2a: Ting-Lu|100/100 brn|[from] item: Leftovers
|-damage|p2a: Ting-Lu|94/100 brn|[from] brn
|upkeep
|-enditem|p1a: Great Tusk|Booster Energy
|-activate|p1a: Great Tusk|ability: Protosynthesis|[fromitem]
|-start|p1a: Great Tusk|protosynthesisspe
|turn|18
|
|t:|1760767487
|move|p1a: Great Tusk|Bulk Up|p1a: Great Tusk
|-boost|p1a: Great Tusk|atk|1
|-boost|p1a: Great Tusk|def|1
|move|p2a: Ting-Lu|Whirlwind|p1a: Great Tusk
|-end|p1a: Great Tusk|Protosynthesis|[silent]
|drag|p1a: Zapp|Zapdos|57/100
|
|-heal|p1a: Zapp|63/100|[from] item: Leftovers
|-heal|p2a: Ting-Lu|100/100 brn|[from] item: Leftovers
|-damage|p2a: Ting-Lu|94/100 brn|[from] brn
|upkeep
|turn|19
|
|t:|1760767497
|switch|p2a: Raging Bolt|Raging Bolt|100/100
|move|p1a: Zapp|Tailwind|p1a: Zapp
|-sidestart|p1: kabutopzboy|move: Tailwind
|
|-heal|p1a: Zapp|69/100|[from] item: Leftovers
|upkeep
|turn|20
|
|t:|1760767509
|switch|p1a: Ursaluna|Ursaluna, M, tera:Electric|17/100 brn
|move|p2a: Raging Bolt|Calm Mind|p2a: Raging Bolt
|-boost|p2a: Raging Bolt|spa|1
|-boost|p2a: Raging Bolt|spd|1
|
|-damage|p1a: Ursaluna|11/100 brn|[from] brn
|upkeep
|turn|21
|l|☆girasol3456
|inactive|girasol3456 disconnected and has a minute to reconnect!
|player|p2|
|j|☆girasol3456
|inactive|girasol3456 reconnected and has 125 seconds left.
|player|p2|girasol3456|lass-gen4dp|
|inactive|girasol3456 has 120 seconds left.
|
|t:|1760767541
|move|p2a: Raging Bolt|Thunderclap|p1a: Ursaluna
|-resisted|p1a: Ursaluna
|-damage|p1a: Ursaluna|0 fnt
|faint|p1a: Ursaluna
|
|upkeep
|
|t:|1760767546
|switch|p1a: Great Tusk|Great Tusk|38/100
|turn|22
|
|t:|1760767551
|-end|p2a: Raging Bolt|Protosynthesis|[silent]
|switch|p2a: Ting-Lu|Ting-Lu|94/100 brn
|-ability|p2a: Ting-Lu|Vessel of Ruin
|move|p1a: Great Tusk|Headlong Rush|p2a: Ting-Lu
|-damage|p2a: Ting-Lu|66/100 brn
|-unboost|p1a: Great Tusk|def|1
|-unboost|p1a: Great Tusk|spd|1
|
|-heal|p2a: Ting-Lu|72/100 brn|[from] item: Leftovers
|-damage|p2a: Ting-Lu|66/100 brn|[from] brn
|-sideend|p1: kabutopzboy|move: Tailwind
|upkeep
|turn|23
|
|t:|1760767562
|-end|p1a: Great Tusk|Protosynthesis|[silent]
|switch|p1a: Zangoose|Zangoose, F, shiny|47/100 tox
|move|p2a: Ting-Lu|Earthquake|p1a: Zangoose
|-damage|p1a: Zangoose|17/100 tox
|
|-heal|p2a: Ting-Lu|72/100 brn|[from] item: Leftovers
|-damage|p1a: Zangoose|11/100 tox|[from] psn
|-damage|p2a: Ting-Lu|66/100 brn|[from] brn
|upkeep
|turn|24
|
|t:|1760767572
|move|p1a: Zangoose|Close Combat|p2a: Ting-Lu
|-supereffective|p2a: Ting-Lu
|-damage|p2a: Ting-Lu|1/100 brn
|-unboost|p1a: Zangoose|def|1
|-unboost|p1a: Zangoose|spd|1
|move|p2a: Ting-Lu|Spikes|p1a: Zangoose
|-sidestart|p1: kabutopzboy|Spikes
|
|-heal|p2a: Ting-Lu|7/100 brn|[from] item: Leftovers
|-damage|p1a: Zangoose|0 fnt|[from] psn
|faint|p1a: Zangoose
|-damage|p2a: Ting-Lu|1/100 brn|[from] brn
|upkeep
|
|t:|1760767583
|switch|p1a: Great Tusk|Great Tusk|38/100
|-damage|p1a: Great Tusk|25/100|[from] Spikes
|turn|25
|
|t:|1760767587
|move|p1a: Great Tusk|Rapid Spin|p2a: Ting-Lu
|-damage|p2a: Ting-Lu|0 fnt
|-boost|p1a: Great Tusk|spe|1
|-sideend|p1: kabutopzboy|Spikes|[from] move: Rapid Spin|[of] p1a: Great Tusk
|faint|p2a: Ting-Lu
|
|upkeep
|
|t:|1760767590
|switch|p2a: Venusaur|Venusaur, M|91/100
|turn|26
|
|t:|1760767605
|move|p1a: Great Tusk|Ice Spinner|p2a: Venusaur
|-supereffective|p2a: Venusaur
|-damage|p2a: Venusaur|32/100
|move|p2a: Venusaur|Giga Drain|p1a: Great Tusk
|-supereffective|p1a: Great Tusk
|-damage|p1a: Great Tusk|0 fnt
|-heal|p2a: Venusaur|50/100|[from] drain|[of] p1a: Great Tusk
|faint|p1a: Great Tusk
|-end|p1a: Great Tusk|Protosynthesis|[silent]
|-damage|p2a: Venusaur|40/100|[from] item: Life Orb
|
|upkeep
|
|t:|1760767614
|switch|p1a: Dragapult|Dragapult, F|83/100
|turn|27
|
|t:|1760767621
|move|p1a: Dragapult|Dragon Dance|p1a: Dragapult
|-boost|p1a: Dragapult|atk|1
|-boost|p1a: Dragapult|spe|1
|move|p2a: Venusaur|Sludge Bomb|p1a: Dragapult
|-resisted|p1a: Dragapult
|-damage|p1a: Dragapult|49/100
|-damage|p2a: Venusaur|30/100|[from] item: Life Orb
|
|upkeep
|turn|28
|
|t:|1760767628
|move|p1a: Dragapult|Dragon Darts|p2a: Venusaur
|-damage|p2a: Venusaur|0 fnt
|faint|p2a: Venusaur
|
|upkeep
|
|t:|1760767630
|switch|p2a: Raging Bolt|Raging Bolt|100/100
|turn|29
|
|t:|1760767636
|-terastallize|p2a: Raging Bolt|Fairy
|move|p1a: Dragapult|Dragon Darts|p2a: Raging Bolt
|-immune|p2a: Raging Bolt
|move|p2a: Raging Bolt|Dragon Pulse|p1a: Dragapult
|-supereffective|p1a: Dragapult
|-damage|p1a: Dragapult|0 fnt
|faint|p1a: Dragapult
|
|upkeep
|
|t:|1760767643
|switch|p1a: Zapp|Zapdos|69/100
|turn|30
|
|t:|1760767649
|move|p2a: Raging Bolt|Dragon Pulse|p1a: Zapp
|-damage|p1a: Zapp|23/100
|move|p1a: Zapp|Discharge|p2a: Raging Bolt
|-crit|p2a: Raging Bolt
|-damage|p2a: Raging Bolt|49/100
|
|-heal|p2a: Raging Bolt|55/100|[from] item: Leftovers
|-heal|p1a: Zapp|29/100|[from] item: Leftovers
|upkeep
|turn|31
|
|t:|1760767665
|move|p2a: Raging Bolt|Thunderclap||[still]
|-fail|p2a: Raging Bolt
|move|p1a: Zapp|Roost|p1a: Zapp
|-heal|p1a: Zapp|79/100
|-singleturn|p1a: Zapp|move: Roost
|
|-heal|p2a: Raging Bolt|61/100|[from] item: Leftovers
|-heal|p1a: Zapp|86/100|[from] item: Leftovers
|upkeep
|turn|32
|
|t:|1760767673
|move|p2a: Raging Bolt|Calm Mind|p2a: Raging Bolt
|-boost|p2a: Raging Bolt|spa|1
|-boost|p2a: Raging Bolt|spd|1
|move|p1a: Zapp|Discharge|p2a: Raging Bolt
|-damage|p2a: Raging Bolt|38/100
|
|-heal|p2a: Raging Bolt|44/100|[from] item: Leftovers
|-heal|p1a: Zapp|92/100|[from] item: Leftovers
|upkeep
|turn|33
|
|t:|1760767681
|move|p2a: Raging Bolt|Thunderbolt|p1a: Zapp
|-damage|p1a: Zapp|21/100
|move|p1a: Zapp|Discharge|p2a: Raging Bolt
|-damage|p2a: Raging Bolt|22/100
|-status|p2a: Raging Bolt|par
|
|-heal|p1a: Zapp|27/100|[from] item: Leftovers
|-heal|p2a: Raging Bolt|28/100 par|[from] item: Leftovers
|upkeep
|turn|34
|
|t:|1760767689
|move|p1a: Zapp|Roost|p1a: Zapp
|-heal|p1a: Zapp|77/100
|-singleturn|p1a: Zapp|move: Roost
|move|p2a: Raging Bolt|Dragon Pulse|p1a: Zapp
|-damage|p1a: Zapp|7/100
|
|-heal|p1a: Zapp|13/100|[from] item: Leftovers
|-heal|p2a: Raging Bolt|34/100 par|[from] item: Leftovers
|upkeep
|turn|35
|
|t:|1760767698
|move|p1a: Zapp|Discharge|p2a: Raging Bolt
|-damage|p2a: Raging Bolt|12/100 par
|move|p2a: Raging Bolt|Dragon Pulse|p1a: Zapp
|-damage|p1a: Zapp|0 fnt
|faint|p1a: Zapp
|
|win|girasol3456
|raw|kabutopzboy's rating: 1204 &rarr; <strong>1174</strong><br />(-30 for losing)
|raw|girasol3456's rating: 1132 &rarr; <strong>1162</strong><br />(+30 for winning)
|c|☆girasol3456|ez
|l|☆kabutopzboy
|player|p1|
|l|☆girasol3456
|player|p2|
