|j|☆srandomg
|j|☆kshuaib734
|t:|1760735903
|gametype|singles
|player|p1|srandomg|burglar|1635
|player|p2|kshuaib734|steven|1763
|gen|9
|tier|[Gen 9] OU
|rated|
|rule|HP Percentage Mod: HP is shown in percentages
|rule|Endless Battle Clause: Forcing endless battles is banned
|rule|Species Clause: Limit one of each Pokémon
|rule|OHKO Clause: OHKO moves are banned
|rule|Evasion Items Clause: Evasion items are banned
|rule|Evasion Moves Clause: Evasion moves are banned
|rule|Evasion Abilities Clause: Evasion abilities are banned
|rule|Sleep Moves Clause: Sleep-inducing moves are banned
|clearpoke
|poke|p1|Ninetales, F|
|poke|p1|Cinderace, F|
|poke|p1|Cresselia, F|
|poke|p1|Walking Wake|
|poke|p1|Dragonite, M|
|poke|p1|Great Tusk|
|poke|p2|Tyranitar, F|
|poke|p2|Overqwil, M|
|poke|p2|Pelipper, M|
|poke|p2|Quaquaval, F|
|poke|p2|Kingdra, M|
|poke|p2|Excadrill, F|
|teampreview
|inactive|Battle timer is ON: inactive players will automatically lose when time's up. (requested by kshuaib734)
|
|t:|1760735916
|teamsize|p1|6
|teamsize|p2|6
|start
|switch|p1a: Walking Wake|Walking Wake|100/100
|switch|p2a: King Tyrant|Tyranitar, F|100/100
|-weather|Sandstorm|[from] ability: Sand Stream|[of] p2a: King Tyrant
|turn|1
|
|t:|1760735932
|move|p1a: Walking Wake|Hydro Steam|p2a: King Tyrant
|-supereffective|p2a: King Tyrant
|-damage|p2a: King Tyrant|33/100
|-enditem|p2a: King Tyrant|Weakness Policy
|-boost|p2a: King Tyrant|atk|2|[from] item: Weakness Policy
|-boost|p2a: King Tyrant|spa|2|[from] item: Weakness Policy
|move|p2a: King Tyrant|Ice Beam|p1a: Walking Wake
|-damage|p1a: Walking Wake|43/100
|
|-weather|Sandstorm|[upkeep]
|-damage|p1a: Walking Wake|37/100|[from] Sandstorm
|upkeep
|turn|2
|
|t:|1760735951
|switch|p2a: Tyrant's Vengeance|Kingdra, M|100/100
|move|p1a: Walking Wake|Hydro Steam|p2a: Tyrant's Vengeance
|-resisted|p2a: Tyrant's Vengeance
|-damage|p2a: Tyrant's Vengeance|80/100
|
|-weather|Sandstorm|[upkeep]
|-damage|p1a: Walking Wake|31/100|[from] Sandstorm
|-damage|p2a: Tyrant's Vengeance|74/100|[from] Sandstorm
|upkeep
|turn|3
|
|t:|1760735962
|-end|p1a: Walking Wake|Protosynthesis|[silent]
|switch|p1a: Ninetales|Ninetales, F|100/100
|-weather|SunnyDay|[from] ability: Drought|[of] p1a: Ninetales
|move|p2a: Tyrant's Vengeance|Flip Turn|p1a: Ninetales
|-supereffective|p1a: Ninetales
|-damage|p1a: Ninetales|73/100
|
|t:|1760735973
|switch|p2a: King Tyrant|Tyranitar, F|33/100|[from] Flip Turn
|-weather|Sandstorm|[from] ability: Sand Stream|[of] p2a: King Tyrant
|
|-weather|Sandstorm|[upkeep]
|-damage|p1a: Ninetales|67/100|[from] Sandstorm
|upkeep
|turn|4
|inactive|kshuaib734 has 120 seconds left.
|
|t:|1760735990
|switch|p1a: Cresselia|Cresselia, F|100/100
|move|p2a: King Tyrant|Knock Off|p1a: Cresselia
|-supereffective|p1a: Cresselia
|-damage|p1a: Cresselia|46/100
|-enditem|p1a: Cresselia|Eject Button|[from] move: Knock Off|[of] p2a: King Tyrant
|
|-weather|Sandstorm|[upkeep]
|-damage|p1a: Cresselia|40/100|[from] Sandstorm
|upkeep
|turn|5
|inactive|kshuaib734 has 120 seconds left.
|
|t:|1760736008
|switch|p2a: Tyrant's Legacy|Excadrill, F|100/100
|move|p1a: Cresselia|Moonlight|p1a: Cresselia
|-heal|p1a: Cresselia|65/100
|
|-weather|Sandstorm|[upkeep]
|-damage|p1a: Cresselia|59/100|[from] Sandstorm
|upkeep
|turn|6
|inactive|kshuaib734 has 120 seconds left.
|
|t:|1760736039
|switch|p1a: Great Tusk|Great Tusk|100/100
|move|p2a: Tyrant's Legacy|Stealth Rock|p1a: Great Tusk
|-sidestart|p1: srandomg|move: Stealth Rock
|
|-weather|Sandstorm|[upkeep]
|upkeep
|turn|7
|
|t:|1760736046
|switch|p2a: Tyrant's Downpour|Pelipper, M|100/100
|-weather|RainDance|[from] ability: Drizzle|[of] p2a: Tyrant's Downpour
|move|p1a: Great Tusk|Rapid Spin|p2a: Tyrant's Downpour
|-damage|p2a: Tyrant's Downpour|89/100
|-boost|p1a: Great Tusk|spe|1
|-sideend|p1: srandomg|Stealth Rock|[from] move: Rapid Spin|[of] p1a: Great Tusk
|
|-weather|RainDance|[upkeep]
|upkeep
|turn|8
|
|t:|1760736058
|-end|p1a: Great Tusk|Protosynthesis|[silent]
|switch|p1a: Ninetales|Ninetales, F|67/100
|-weather|SunnyDay|[from] ability: Drought|[of] p1a: Ninetales
|move|p2a: Tyrant's Downpour|U-turn|p1a: Ninetales
|-resisted|p1a: Ninetales
|-damage|p1a: Ninetales|59/100
|
|t:|1760736065
|switch|p2a: King Tyrant|Tyranitar, F|33/100|[from] U-turn
|-weather|Sandstorm|[from] ability: Sand Stream|[of] p2a: King Tyrant
|
|-weather|Sandstorm|[upkeep]
|-damage|p1a: Ninetales|53/100|[from] Sandstorm
|upkeep
|turn|9
|
|t:|1760736075
|move|p1a: Ninetales|Scorching Sands|p2a: King Tyrant
|-supereffective|p2a: King Tyrant
|-damage|p2a: King Tyrant|12/100
|move|p2a: King Tyrant|Ice Beam|p1a: Ninetales
|-resisted|p1a: Ninetales
|-damage|p1a: Ninetales|40/100
|
|-weather|Sandstorm|[upkeep]
|-damage|p1a: Ninetales|34/100|[from] Sandstorm
|upkeep
|turn|10
|
|t:|1760736089
|switch|p1a: Walking Wake|Walking Wake|31/100
|switch|p2a: Tyrant's Legacy|Excadrill, F|100/100
|
|-weather|Sandstorm|[upkeep]
|-damage|p1a: Walking Wake|24/100|[from] Sandstorm
|upkeep
|turn|11
|
|t:|1760736100
|-end|p1a: Walking Wake|Protosynthesis|[silent]
|switch|p1a: Cresselia|Cresselia, F|59/100
|move|p2a: Tyrant's Legacy|Stealth Rock|p1a: Cresselia
|-sidestart|p1: srandomg|move: Stealth Rock
|
|-weather|Sandstorm|[upkeep]
|-damage|p1a: Cresselia|53/100|[from] Sandstorm
|upkeep
|turn|12
|
|t:|1760736111
|switch|p2a: Tyrant's Downpour|Pelipper, M|89/100
|-weather|RainDance|[from] ability: Drizzle|[of] p2a: Tyrant's Downpour
|move|p1a: Cresselia|Moonlight|p1a: Cresselia
|-heal|p1a: Cresselia|78/100
|
|-weather|RainDance|[upkeep]
|upkeep
|turn|13
|
|t:|1760736121
|move|p1a: Cresselia|Thunder Wave|p2a: Tyrant's Downpour
|-status|p2a: Tyrant's Downpour|par
|move|p2a: Tyrant's Downpour|U-turn|p1a: Cresselia
|-supereffective|p1a: Cresselia
|-damage|p1a: Cresselia|67/100
|
|t:|1760736135
|switch|p2a: Tyrant's Endgame|Quaquaval, F|100/100|[from] U-turn
|
|-weather|RainDance|[upkeep]
|upkeep
|turn|14
|
|t:|1760736143
|move|p2a: Tyrant's Endgame|Wave Crash|p1a: Cresselia
|-damage|p1a: Cresselia|0 fnt
|faint|p1a: Cresselia
|-ability|p2a: Tyrant's Endgame|Moxie|boost
|-boost|p2a: Tyrant's Endgame|atk|1
|-damage|p2a: Tyrant's Endgame|69/100|[from] Recoil
|
|-weather|RainDance|[upkeep]
|upkeep
|
|t:|1760736153
|switch|p1a: Dragonite|Dragonite, M|100/100
|turn|15
|
|t:|1760736160
|move|p1a: Dragonite|Dragon Dance|p1a: Dragonite
|-boost|p1a: Dragonite|atk|1
|-boost|p1a: Dragonite|spe|1
|move|p2a: Tyrant's Endgame|Aqua Step|p1a: Dragonite
|-resisted|p1a: Dragonite
|-damage|p1a: Dragonite|70/100
|-boost|p2a: Tyrant's Endgame|spe|1
|
|-weather|RainDance|[upkeep]
|upkeep
|turn|16
|
|t:|1760736180
|move|p2a: Tyrant's Endgame|Aqua Jet|p1a: Dragonite
|-resisted|p1a: Dragonite
|-damage|p1a: Dragonite|38/100
|move|p1a: Dragonite|Earthquake|p2a: Tyrant's Endgame
|-damage|p2a: Tyrant's Endgame|5/100
|
|-weather|RainDance|[upkeep]
|upkeep
|turn|17
|inactive|kshuaib734 has 120 seconds left.
|
|t:|1760736187
|switch|p2a: Tyrant's Enforcer|Overqwil, M|100/100
|move|p1a: Dragonite|Earthquake|p2a: Tyrant's Enforcer
|-supereffective|p2a: Tyrant's Enforcer
|-damage|p2a: Tyrant's Enforcer|0 fnt
|faint|p2a: Tyrant's Enforcer
|
|-weather|RainDance|[upkeep]
|upkeep
|inactive|kshuaib734 has 120 seconds left.
|
|t:|1760736194
|switch|p2a: Tyrant's Vengeance|Kingdra, M|74/100
|turn|18
|j| coralvolar
|
|t:|1760736208
|switch|p1a: Walking Wake|Walking Wake|24/100
|-damage|p1a: Walking Wake|12/100|[from] Stealth Rock
|move|p2a: Tyrant's Vengeance|Weather Ball|p1a: Walking Wake
|-resisted|p1a: Walking Wake
|-damage|p1a: Walking Wake|0 fnt
|faint|p1a: Walking Wake
|-end|p1a: Walking Wake|Protosynthesis|[silent]
|
|-weather|RainDance|[upkeep]
|upkeep
|
|t:|1760736212
|switch|p1a: Ninetales|Ninetales, F|34/100
|-damage|p1a: Ninetales|9/100|[from] Stealth Rock
|-weather|SunnyDay|[from] ability: Drought|[of] p1a: Ninetales
|turn|19
|
|t:|1760736221
|switch|p2a: Tyrant's Downpour|Pelipper, M|89/100 par
|-weather|RainDance|[from] ability: Drizzle|[of] p2a: Tyrant's Downpour
|move|p1a: Ninetales|Healing Wish|p1a: Ninetales
|faint|p1a: Ninetales
|
|-weather|RainDance|[upkeep]
|upkeep
|
|t:|1760736227
|switch|p1a: Dragonite|Dragonite, M|38/100
|-heal|p1a: Dragonite|100/100|[from] move: Healing Wish
|turn|20
|
|t:|1760736231
|switch|p2a: King Tyrant|Tyranitar, F|12/100
|-weather|Sandstorm|[from] ability: Sand Stream|[of] p2a: King Tyrant
|move|p1a: Dragonite|Dragon Dance|p1a: Dragonite
|-boost|p1a: Dragonite|atk|1
|-boost|p1a: Dragonite|spe|1
|
|-weather|Sandstorm|[upkeep]
|-damage|p1a: Dragonite|94/100|[from] Sandstorm
|upkeep
|turn|21
|
|t:|1760736242
|move|p1a: Dragonite|Rock Slide|p2a: King Tyrant
|-damage|p2a: King Tyrant|0 fnt
|faint|p2a: King Tyrant
|
|-weather|Sandstorm|[upkeep]
|-damage|p1a: Dragonite|88/100|[from] Sandstorm
|upkeep
|
|t:|1760736248
|switch|p2a: Tyrant's Legacy|Excadrill, F|100/100
|turn|22
|
|t:|1760736254
|move|p2a: Tyrant's Legacy|Iron Head|p1a: Dragonite
|-damage|p1a: Dragonite|25/100
|-damage|p2a: Tyrant's Legacy|91/100|[from] item: Life Orb
|move|p1a: Dragonite|Earthquake|p2a: Tyrant's Legacy
|-supereffective|p2a: Tyrant's Legacy
|-damage|p2a: Tyrant's Legacy|0 fnt
|faint|p2a: Tyrant's Legacy
|
|-weather|Sandstorm|[upkeep]
|-damage|p1a: Dragonite|19/100|[from] Sandstorm
|upkeep
|
|t:|1760736266
|switch|p2a: Tyrant's Endgame|Quaquaval, F|5/100
|turn|23
|
|t:|1760736270
|move|p2a: Tyrant's Endgame|Aqua Jet|p1a: Dragonite
|-resisted|p1a: Dragonite
|-damage|p1a: Dragonite|5/100
|move|p1a: Dragonite|Tera Blast|p2a: Tyrant's Endgame
|-damage|p2a: Tyrant's Endgame|0 fnt
|faint|p2a: Tyrant's Endgame
|
|-weather|Sandstorm|[upkeep]
|-damage|p1a: Dragonite|0 fnt|[from] Sandstorm
|faint|p1a: Dragonite
|upkeep
|
|t:|1760736280
|switch|p1a: Great Tusk|Great Tusk|100/100
|switch|p2a: Tyrant's Downpour|Pelipper, M|89/100 par
|-damage|p1a: Great Tusk|98/100|[from] Stealth Rock
|-weather|RainDance|[from] ability: Drizzle|[of] p2a: Tyrant's Downpour
|turn|24
|
|t:|1760736290
|move|p1a: Great Tusk|Rapid Spin|p2a: Tyrant's Downpour
|-damage|p2a: Tyrant's Downpour|77/100 par
|-boost|p1a: Great Tusk|spe|1
|-sideend|p1: srandomg|Stealth Rock|[from] move: Rapid Spin|[of] p1a: Great Tusk
|move|p2a: Tyrant's Downpour|Weather Ball|p1a: Great Tusk
|-supereffective|p1a: Great Tusk
|-damage|p1a: Great Tusk|0 fnt
|faint|p1a: Great Tusk
|-end|p1a: Great Tusk|Protosynthesis|[silent]
|
|-weather|RainDance|[upkeep]
|upkeep
|
|t:|1760736293
|switch|p1a: Cinderace|Cinderace, F|100/100
|turn|25
|
|t:|1760736303
|move|p1a: Cinderace|U-turn|p2a: Tyrant's Downpour
|-start|p1a: Cinderace|typechange|Bug|[from] ability: Libero
|-resisted|p2a: Tyrant's Downpour
|-damage|p2a: Tyrant's Downpour|65/100 par
|move|p2a: Tyrant's Downpour|Weather Ball|p1a: Cinderace
|-damage|p1a: Cinderace|28/100
|
|-weather|RainDance|[upkeep]
|upkeep
|turn|26
|-message|srandomg forfeited.
|
|win|kshuaib734
|raw|srandomg's rating: 1635 &rarr; <strong>1622</strong><br />(-13 for losing)
|raw|kshuaib734's rating: 1763 &rarr; <strong>1776</strong><br />(+13 for winning)
|l|☆srandomg
|player|p1|
|l|☆kshuaib734
|player|p2|
