|j|☆asdf123home
|j|☆dustyfungus
|t:|1760765262
|gametype|singles
|player|p1|asdf123home|265|1162
|player|p2|dustyfungus|firebreather|1132
|gen|9
|tier|[Gen 9] OU
|rated|
|rule|HP Percentage Mod: HP is shown in percentages
|rule|Endless Battle Clause: Forcing endless battles is banned
|rule|Species Clause: Limit one of each Pokémon
|rule|OHKO Clause: OHKO moves are banned
|rule|Evasion Items Clause: Evasion items are banned
|rule|Evasion Moves Clause: Evasion moves are banned
|rule|Evasion Abilities Clause: Evasion abilities are banned
|rule|Sleep Moves Clause: Sleep-inducing moves are banned
|clearpoke
|poke|p1|Torkoal, F|
|poke|p1|Charizard, M|
|poke|p1|Great Tusk|
|poke|p1|Walking Wake|
|poke|p1|Dragonite, F|
|poke|p1|Ceruledge, M|
|poke|p2|Polteageist|
|poke|p2|Maushold-Four|
|poke|p2|Wo-Chien|
|poke|p2|Garganacl, M|
|poke|p2|Ditto|
|poke|p2|Pawmot, F|
|teampreview
|
|t:|1760765268
|teamsize|p1|6
|teamsize|p2|6
|start
|switch|p1a: Torkoal|Torkoal, F|100/100
|switch|p2a: Polteageist|Polteageist|100/100
|-weather|SunnyDay|[from] ability: Drought|[of] p1a: Torkoal
|turn|1
|
|t:|1760765279
|move|p2a: Polteageist|Shell Smash|p2a: Polteageist
|-unboost|p2a: Polteageist|def|1
|-unboost|p2a: Polteageist|spd|1
|-boost|p2a: Polteageist|atk|2
|-boost|p2a: Polteageist|spa|2
|-boost|p2a: Polteageist|spe|2
|move|p1a: Torkoal|Stealth Rock|p2a: Polteageist
|-sidestart|p2: dustyfungus|move: Stealth Rock
|
|-weather|SunnyDay|[upkeep]
|upkeep
|turn|2
|
|t:|1760765292
|move|p2a: Polteageist|Shell Smash|p2a: Polteageist
|-unboost|p2a: Polteageist|def|1
|-unboost|p2a: Polteageist|spd|1
|-boost|p2a: Polteageist|atk|2
|-boost|p2a: Polteageist|spa|2
|-boost|p2a: Polteageist|spe|2
|move|p1a: Torkoal|Solar Beam||[still]
|-prepare|p1a: Torkoal|Solar Beam
|-anim|p1a: Torkoal|Solar Beam|p2a: Polteageist
|-crit|p2a: Polteageist
|-damage|p2a: Polteageist|3/100
|
|-weather|SunnyDay|[upkeep]
|upkeep
|turn|3
|
|t:|1760765305
|switch|p1a: Dragonite|Dragonite, F|100/100
|move|p2a: Polteageist|Stored Power|p1a: Dragonite
|-damage|p1a: Dragonite|0 fnt
|faint|p1a: Dragonite
|
|-weather|SunnyDay|[upkeep]
|upkeep
|
|t:|1760765318
|switch|p1a: Ceruledge|Ceruledge, M|100/100
|turn|4
|
|t:|1760765324
|move|p2a: Polteageist|Dark Pulse|p1a: Ceruledge
|-supereffective|p1a: Ceruledge
|-enditem|p1a: Ceruledge|Focus Sash
|-damage|p1a: Ceruledge|1/100
|move|p1a: Ceruledge|Destiny Bond|p1a: Ceruledge
|-singlemove|p1a: Ceruledge|Destiny Bond
|
|-weather|SunnyDay|[upkeep]
|upkeep
|turn|5
|
|t:|1760765336
|move|p2a: Polteageist|Dark Pulse|p1a: Ceruledge
|-supereffective|p1a: Ceruledge
|-damage|p1a: Ceruledge|0 fnt
|faint|p1a: Ceruledge
|-activate|p1a: Ceruledge|move: Destiny Bond
|faint|p2a: Polteageist
|
|-weather|SunnyDay|[upkeep]
|upkeep
|
|t:|1760765348
|switch|p1a: Charizard|Charizard, M|100/100
|switch|p2a: Maushold|Maushold-Four|100/100
|-damage|p2a: Maushold|88/100|[from] Stealth Rock
|turn|6
|
|t:|1760765356
|move|p1a: Charizard|Weather Ball|p2a: Maushold
|-damage|p2a: Maushold|0 fnt
|faint|p2a: Maushold
|
|-weather|SunnyDay|[upkeep]
|-damage|p1a: Charizard|88/100|[from] ability: Solar Power|[of] p1a: Charizard
|upkeep
|
|t:|1760765365
|switch|p2a: Ditto|Ditto|100/100
|-damage|p2a: Ditto|88/100|[from] Stealth Rock
|-transform|p2a: Ditto|p1a: Charizard|[from] ability: Imposter
|turn|7
|
|t:|1760765387
|move|p1a: Charizard|Weather Ball|p2a: Ditto
|-resisted|p2a: Ditto
|-damage|p2a: Ditto|17/100
|move|p2a: Ditto|Air Slash|p1a: Charizard
|-damage|p1a: Charizard|13/100
|
|-weather|SunnyDay|[upkeep]
|-damage|p1a: Charizard|1/100|[from] ability: Solar Power|[of] p1a: Charizard
|-damage|p2a: Ditto|5/100|[from] ability: Solar Power|[of] p2a: Ditto
|upkeep
|turn|8
|
|t:|1760765400
|move|p1a: Charizard|Weather Ball|p2a: Ditto
|-resisted|p2a: Ditto
|-damage|p2a: Ditto|0 fnt
|faint|p2a: Ditto
|
|-weather|none
|upkeep
|
|t:|1760765413
|switch|p2a: Pawmot|Pawmot, F|100/100
|-damage|p2a: Pawmot|94/100|[from] Stealth Rock
|turn|9
|
|t:|1760765418
|move|p1a: Charizard|Weather Ball|p2a: Pawmot
|-damage|p2a: Pawmot|69/100
|move|p2a: Pawmot|Revival Blessing|p2a: Pawmot
|
|t:|1760765425
|-heal|p2: Maushold|50/100|[from] move: Revival Blessing
|
|upkeep
|turn|10
|
|t:|1760765434
|move|p1a: Charizard|Weather Ball|p2a: Pawmot
|-damage|p2a: Pawmot|42/100
|move|p2a: Pawmot|Wish|p2a: Pawmot
|
|upkeep
|turn|11
|
|t:|1760765442
|move|p1a: Charizard|Weather Ball|p2a: Pawmot
|-damage|p2a: Pawmot|16/100
|move|p2a: Pawmot|Volt Switch|p1a: Charizard
|-supereffective|p1a: Charizard
|-damage|p1a: Charizard|0 fnt
|faint|p1a: Charizard
|
|t:|1760765450
|switch|p2a: Maushold|Maushold-Four|50/100|[from] Volt Switch
|-damage|p2a: Maushold|38/100|[from] Stealth Rock
|
|-heal|p2a: Maushold|97/100|[from] move: Wish|[wisher] Pawmot
|upkeep
|
|t:|1760765459
|switch|p1a: Torkoal|Torkoal, F|100/100
|-weather|SunnyDay|[from] ability: Drought|[of] p1a: Torkoal
|turn|12
|
|t:|1760765466
|move|p2a: Maushold|Population Bomb|p1a: Torkoal
|-damage|p1a: Torkoal|90/100
|-damage|p1a: Torkoal|79/100
|-damage|p1a: Torkoal|68/100
|-damage|p1a: Torkoal|57/100
|-damage|p1a: Torkoal|46/100
|-damage|p1a: Torkoal|34/100
|-damage|p1a: Torkoal|23/100
|-damage|p1a: Torkoal|12/100
|-damage|p1a: Torkoal|0 fnt
|faint|p1a: Torkoal
|-hitcount|p1: Torkoal|9
|
|-weather|SunnyDay|[upkeep]
|upkeep
|
|t:|1760765482
|switch|p1a: Walking Wake|Walking Wake|100/100
|-activate|p1a: Walking Wake|ability: Protosynthesis
|-start|p1a: Walking Wake|protosynthesisspa
|turn|13
|
|t:|1760765488
|move|p1a: Walking Wake|Hydro Steam|p2a: Maushold
|-damage|p2a: Maushold|0 fnt
|faint|p2a: Maushold
|
|-weather|SunnyDay|[upkeep]
|upkeep
|
|t:|1760765494
|switch|p2a: Wo-Chien|Wo-Chien|100/100
|-damage|p2a: Wo-Chien|88/100|[from] Stealth Rock
|-ability|p2a: Wo-Chien|Tablets of Ruin
|turn|14
|
|t:|1760765503
|move|p1a: Walking Wake|Hydro Steam|p2a: Wo-Chien
|-resisted|p2a: Wo-Chien
|-damage|p2a: Wo-Chien|59/100
|move|p2a: Wo-Chien|Knock Off|p1a: Walking Wake
|-damage|p1a: Walking Wake|68/100
|-enditem|p1a: Walking Wake|Choice Specs|[from] move: Knock Off|[of] p2a: Wo-Chien
|
|-weather|SunnyDay|[upkeep]
|upkeep
|turn|15
|
|t:|1760765514
|-end|p1a: Walking Wake|Protosynthesis|[silent]
|switch|p1a: Great Tusk|Great Tusk|100/100
|-activate|p1a: Great Tusk|ability: Protosynthesis
|-start|p1a: Great Tusk|protosynthesisatk
|move|p2a: Wo-Chien|Leech Seed|p1a: Great Tusk
|-start|p1a: Great Tusk|move: Leech Seed
|
|-weather|SunnyDay|[upkeep]
|-damage|p1a: Great Tusk|88/100|[from] Leech Seed|[of] p2a: Wo-Chien
|-heal|p2a: Wo-Chien|71/100|[silent]
|upkeep
|turn|16
|
|t:|1760765531
|move|p1a: Great Tusk|Bulk Up|p1a: Great Tusk
|-boost|p1a: Great Tusk|atk|1
|-boost|p1a: Great Tusk|def|1
|move|p2a: Wo-Chien|Knock Off|p1a: Great Tusk
|-resisted|p1a: Great Tusk
|-crit|p1a: Great Tusk
|-damage|p1a: Great Tusk|72/100
|-enditem|p1a: Great Tusk|Leftovers|[from] move: Knock Off|[of] p2a: Wo-Chien
|
|-weather|SunnyDay|[upkeep]
|-damage|p1a: Great Tusk|60/100|[from] Leech Seed|[of] p2a: Wo-Chien
|-heal|p2a: Wo-Chien|83/100|[silent]
|upkeep
|turn|17
|
|t:|1760765547
|move|p1a: Great Tusk|Headlong Rush|p2a: Wo-Chien
|-resisted|p2a: Wo-Chien
|-damage|p2a: Wo-Chien|36/100
|-unboost|p1a: Great Tusk|def|1
|-unboost|p1a: Great Tusk|spd|1
|move|p2a: Wo-Chien|Knock Off|p1a: Great Tusk
|-resisted|p1a: Great Tusk
|-damage|p1a: Great Tusk|53/100
|
|-weather|SunnyDay|[upkeep]
|-damage|p1a: Great Tusk|41/100|[from] Leech Seed|[of] p2a: Wo-Chien
|-heal|p2a: Wo-Chien|48/100|[silent]
|upkeep
|turn|18
|
|t:|1760765559
|move|p1a: Great Tusk|Earthquake|p2a: Wo-Chien
|-resisted|p2a: Wo-Chien
|-damage|p2a: Wo-Chien|11/100
|move|p2a: Wo-Chien|Rest|p2a: Wo-Chien
|-status|p2a: Wo-Chien|slp|[from] move: Rest
|-heal|p2a: Wo-Chien|100/100 slp|[silent]
|-enditem|p2a: Wo-Chien|Chesto Berry|[eat]
|-curestatus|p2a: Wo-Chien|slp|[msg]
|
|-weather|SunnyDay|[upkeep]
|-damage|p1a: Great Tusk|28/100|[from] Leech Seed|[of] p2a: Wo-Chien
|upkeep
|turn|19
|
|t:|1760765572
|-end|p1a: Great Tusk|Protosynthesis|[silent]
|switch|p1a: Walking Wake|Walking Wake|68/100
|-activate|p1a: Walking Wake|ability: Protosynthesis
|-start|p1a: Walking Wake|protosynthesisspa
|move|p2a: Wo-Chien|Protect||[still]
|-fail|p2a: Wo-Chien
|
|-weather|none
|-end|p1a: Walking Wake|Protosynthesis
|upkeep
|turn|20
|
|t:|1760765583
|move|p1a: Walking Wake|Flamethrower|p2a: Wo-Chien
|-supereffective|p2a: Wo-Chien
|-damage|p2a: Wo-Chien|65/100
|move|p2a: Wo-Chien|Leech Seed|p1a: Walking Wake
|-start|p1a: Walking Wake|move: Leech Seed
|
|-damage|p1a: Walking Wake|55/100|[from] Leech Seed|[of] p2a: Wo-Chien
|-heal|p2a: Wo-Chien|76/100|[silent]
|upkeep
|turn|21
|
|t:|1760765605
|move|p1a: Walking Wake|Flamethrower|p2a: Wo-Chien
|-supereffective|p2a: Wo-Chien
|-damage|p2a: Wo-Chien|45/100
|-status|p2a: Wo-Chien|brn
|move|p2a: Wo-Chien|Knock Off|p1a: Walking Wake
|-damage|p1a: Walking Wake|46/100
|
|-damage|p1a: Walking Wake|33/100|[from] Leech Seed|[of] p2a: Wo-Chien
|-heal|p2a: Wo-Chien|57/100 brn|[silent]
|-damage|p2a: Wo-Chien|50/100 brn|[from] brn
|upkeep
|turn|22
|
|t:|1760765623
|move|p2a: Wo-Chien|Protect|p2a: Wo-Chien
|-singleturn|p2a: Wo-Chien|Protect
|move|p1a: Walking Wake|Dragon Pulse|p2a: Wo-Chien
|-activate|p2a: Wo-Chien|move: Protect
|
|-damage|p1a: Walking Wake|21/100|[from] Leech Seed|[of] p2a: Wo-Chien
|-heal|p2a: Wo-Chien|62/100 brn|[silent]
|-damage|p2a: Wo-Chien|56/100 brn|[from] brn
|upkeep
|turn|23
|
|t:|1760765646
|move|p1a: Walking Wake|Draco Meteor|p2a: Wo-Chien
|-damage|p2a: Wo-Chien|21/100 brn
|-unboost|p1a: Walking Wake|spa|2
|move|p2a: Wo-Chien|Knock Off|p1a: Walking Wake
|-damage|p1a: Walking Wake|10/100
|
|-damage|p1a: Walking Wake|0 fnt|[from] Leech Seed|[of] p2a: Wo-Chien
|-heal|p2a: Wo-Chien|29/100 brn|[silent]
|faint|p1a: Walking Wake
|-end|p1a: Walking Wake|Protosynthesis|[silent]
|-damage|p2a: Wo-Chien|23/100 brn|[from] brn
|upkeep
|
|t:|1760765659
|switch|p1a: Great Tusk|Great Tusk|28/100
|turn|24
|
|t:|1760765686
|move|p2a: Wo-Chien|Protect|p2a: Wo-Chien
|-singleturn|p2a: Wo-Chien|Protect
|move|p1a: Great Tusk|Headlong Rush|p2a: Wo-Chien
|-activate|p2a: Wo-Chien|move: Protect
|
|-damage|p2a: Wo-Chien|17/100 brn|[from] brn
|upkeep
|turn|25
|
|t:|1760765698
|move|p1a: Great Tusk|Headlong Rush|p2a: Wo-Chien
|-resisted|p2a: Wo-Chien
|-damage|p2a: Wo-Chien|0 fnt
|-unboost|p1a: Great Tusk|def|1
|-unboost|p1a: Great Tusk|spd|1
|faint|p2a: Wo-Chien
|
|upkeep
|
|t:|1760765705
|switch|p2a: Garganacl|Garganacl, M|100/100
|-damage|p2a: Garganacl|88/100|[from] Stealth Rock
|turn|26
|
|t:|1760765712
|-terastallize|p2a: Garganacl|Flying
|move|p1a: Great Tusk|Earthquake|p2a: Garganacl
|-immune|p2a: Garganacl
|move|p2a: Garganacl|Salt Cure|p1a: Great Tusk
|-resisted|p1a: Great Tusk
|-damage|p1a: Great Tusk|24/100
|-start|p1a: Great Tusk|Salt Cure
|
|-heal|p2a: Garganacl|94/100|[from] item: Leftovers
|-damage|p1a: Great Tusk|12/100|[from] Salt Cure
|upkeep
|turn|27
|
|t:|1760765727
|move|p2a: Garganacl|Protect|p2a: Garganacl
|-singleturn|p2a: Garganacl|Protect
|move|p1a: Great Tusk|Ice Spinner|p2a: Garganacl
|-activate|p2a: Garganacl|move: Protect
|
|-heal|p2a: Garganacl|100/100|[from] item: Leftovers
|-damage|p1a: Great Tusk|0 fnt|[from] Salt Cure
|faint|p1a: Great Tusk
|-end|p1a: Great Tusk|Protosynthesis|[silent]
|
|win|dustyfungus
|raw|asdf123home's rating: 1162 &rarr; <strong>1135</strong><br />(-27 for losing)
|raw|dustyfungus's rating: 1132 &rarr; <strong>1159</strong><br />(+27 for winning)
|l|☆asdf123home
|player|p1|
|l|☆dustyfungus
|player|p2|
