|j|☆NoNSket
|j|☆theKentoRico
|t:|1760849416
|gametype|singles
|player|p1|NoNSket|265|1111
|player|p2|theKentoRico|hilbert|1142
|gen|9
|tier|[Gen 9] OU
|rated|
|rule|HP Percentage Mod: HP is shown in percentages
|rule|Endless Battle Clause: Forcing endless battles is banned
|rule|Species Clause: Limit one of each Pokémon
|rule|OHKO Clause: OHKO moves are banned
|rule|Evasion Items Clause: Evasion items are banned
|rule|Evasion Moves Clause: Evasion moves are banned
|rule|Evasion Abilities Clause: Evasion abilities are banned
|rule|Sleep Moves Clause: Sleep-inducing moves are banned
|clearpoke
|poke|p1|Mimikyu, F|
|poke|p1|Venusaur, F|
|poke|p1|Skarmory, M|
|poke|p1|Electrode|
|poke|p1|Gyarados, F|
|poke|p1|Dugtrio, M|
|poke|p2|Decidueye, M|
|poke|p2|Ogerpon-Wellspring, F|
|poke|p2|Glimmora, M|
|poke|p2|Gholdengo|
|poke|p2|Primarina, M|
|poke|p2|Kingambit, M|
|teampreview
|inactive|Battle timer is ON: inactive players will automatically lose when time's up. (requested by theKentoRico)
|
|t:|1760849429
|teamsize|p1|6
|teamsize|p2|6
|start
|switch|p1a: Skarmory|Skarmory, M|100/100
|switch|p2a: Decidueye|Decidueye, M|100/100
|turn|1
|
|t:|1760849453
|move|p2a: Decidueye|Shadow Ball|p1a: Skarmory
|-damage|p1a: Skarmory|74/100
|move|p1a: Skarmory|Stealth Rock|p2a: Decidueye
|-sidestart|p2: theKentoRico|move: Stealth Rock
|
|upkeep
|turn|2
|
|t:|1760849464
|switch|p2a: Glimmora|Glimmora, M|100/100
|-damage|p2a: Glimmora|88/100|[from] Stealth Rock
|move|p1a: Skarmory|Roost|p1a: Skarmory
|-heal|p1a: Skarmory|100/100
|-singleturn|p1a: Skarmory|move: Roost
|
|upkeep
|turn|3
|
|t:|1760849473
|move|p2a: Glimmora|Meteor Beam||[still]
|-prepare|p2a: Glimmora|Meteor Beam
|-boost|p2a: Glimmora|spa|1
|-enditem|p2a: Glimmora|Power Herb
|-anim|p2a: Glimmora|Meteor Beam|p1a: Skarmory
|-damage|p1a: Skarmory|18/100
|move|p1a: Skarmory|Iron Defense|p1a: Skarmory
|-boost|p1a: Skarmory|def|2
|
|upkeep
|turn|4
|
|t:|1760849488
|move|p2a: Glimmora|Spikes|p1a: Skarmory
|-sidestart|p1: NoNSket|Spikes
|move|p1a: Skarmory|Body Press|p2a: Glimmora
|-crit|p2a: Glimmora
|-damage|p2a: Glimmora|0 fnt
|-activate|p2a: Glimmora|ability: Toxic Debris
|-sidestart|p1: NoNSket|move: Toxic Spikes
|faint|p2a: Glimmora
|
|upkeep
|
|t:|1760849505
|switch|p2a: Kingambit|Kingambit, M|100/100
|-damage|p2a: Kingambit|94/100|[from] Stealth Rock
|-activate|p2a: Kingambit|ability: Supreme Overlord
|-start|p2a: Kingambit|fallen1|[silent]
|turn|5
|
|t:|1760849512
|move|p2a: Kingambit|Kowtow Cleave|p1a: Skarmory
|-damage|p1a: Skarmory|0 fnt
|-damage|p2a: Kingambit|78/100|[from] item: Rocky Helmet|[of] p1a: Skarmory
|faint|p1a: Skarmory
|
|-heal|p2a: Kingambit|84/100|[from] item: Leftovers
|upkeep
|
|t:|1760849515
|switch|p1a: Venusaur|Venusaur, F|100/100
|-damage|p1a: Venusaur|88/100|[from] Spikes
|-sideend|p1: NoNSket|move: Toxic Spikes|[of] p1a: Venusaur
|turn|6
|
|t:|1760849526
|move|p2a: Kingambit|Kowtow Cleave|p1a: Venusaur
|-damage|p1a: Venusaur|32/100
|move|p1a: Venusaur|Leech Seed|p2a: Kingambit|[miss]
|-miss|p1a: Venusaur|p2a: Kingambit
|
|-heal|p2a: Kingambit|90/100|[from] item: Leftovers
|-heal|p1a: Venusaur|38/100|[from] item: Leftovers
|upkeep
|turn|7
|
|t:|1760849548
|switch|p1a: Dugtrio|Dugtrio, M|100/100
|-damage|p1a: Dugtrio|88/100|[from] Spikes
|move|p2a: Kingambit|Kowtow Cleave|p1a: Dugtrio
|-damage|p1a: Dugtrio|0 fnt
|faint|p1a: Dugtrio
|
|-heal|p2a: Kingambit|96/100|[from] item: Leftovers
|upkeep
|
|t:|1760849557
|switch|p1a: Mimikyu|Mimikyu, F|100/100
|-damage|p1a: Mimikyu|88/100|[from] Spikes
|turn|8
|
|t:|1760849564
|move|p1a: Mimikyu|Drain Punch|p2a: Kingambit
|-supereffective|p2a: Kingambit
|-damage|p2a: Kingambit|30/100
|-heal|p1a: Mimikyu|100/100|[from] drain|[of] p2a: Kingambit
|move|p2a: Kingambit|Kowtow Cleave|p1a: Mimikyu
|-activate|p1a: Mimikyu|ability: Disguise
|-damage|p1a: Mimikyu|100/100
|detailschange|p1a: Mimikyu|Mimikyu-Busted, F
|-damage|p1a: Mimikyu|88/100|[from] pokemon: Mimikyu-Busted
|
|-heal|p1a: Mimikyu|94/100|[from] item: Leftovers
|-heal|p2a: Kingambit|36/100|[from] item: Leftovers
|upkeep
|turn|9
|
|t:|1760849579
|move|p2a: Kingambit|Sucker Punch||[still]
|-fail|p2a: Kingambit
|move|p1a: Mimikyu|Bulk Up|p1a: Mimikyu
|-boost|p1a: Mimikyu|atk|1
|-boost|p1a: Mimikyu|def|1
|
|-heal|p1a: Mimikyu|99/100|[from] item: Leftovers
|-heal|p2a: Kingambit|42/100|[from] item: Leftovers
|upkeep
|turn|10
|
|t:|1760849589
|move|p1a: Mimikyu|Drain Punch|p2a: Kingambit
|-supereffective|p2a: Kingambit
|-damage|p2a: Kingambit|0 fnt
|-heal|p1a: Mimikyu|100/100|[from] drain|[of] p2a: Kingambit
|faint|p2a: Kingambit
|-end|p2a: Kingambit|fallen1|[silent]
|
|upkeep
|
|t:|1760849603
|switch|p2a: Decidueye|Decidueye, M|100/100
|-damage|p2a: Decidueye|88/100|[from] Stealth Rock
|turn|11
|
|t:|1760849620
|move|p2a: Decidueye|Spirit Shackle|p1a: Mimikyu
|-supereffective|p1a: Mimikyu
|-damage|p1a: Mimikyu|24/100
|move|p1a: Mimikyu|Shadow Claw|p2a: Decidueye
|-supereffective|p2a: Decidueye
|-damage|p2a: Decidueye|0 fnt
|faint|p2a: Decidueye
|
|-heal|p1a: Mimikyu|30/100|[from] item: Leftovers
|upkeep
|
|t:|1760849631
|switch|p2a: Primarina|Primarina, M|100/100
|-damage|p2a: Primarina|88/100|[from] Stealth Rock
|turn|12
|
|t:|1760849638
|move|p1a: Mimikyu|Shadow Claw|p2a: Primarina
|-damage|p2a: Primarina|34/100
|move|p2a: Primarina|Surf|p1a: Mimikyu
|-damage|p1a: Mimikyu|0 fnt
|faint|p1a: Mimikyu
|
|-heal|p2a: Primarina|40/100|[from] item: Leftovers
|upkeep
|
|t:|1760849642
|switch|p1a: Electrode|Electrode|100/100
|-damage|p1a: Electrode|88/100|[from] Spikes
|turn|13
|
|t:|1760849656
|switch|p2a: Gholdengo|Gholdengo|100/100
|-damage|p2a: Gholdengo|94/100|[from] Stealth Rock
|-item|p2a: Gholdengo|Air Balloon
|move|p1a: Electrode|Electroweb|p2a: Gholdengo
|-damage|p2a: Gholdengo|69/100
|-unboost|p2a: Gholdengo|spe|1
|-enditem|p2a: Gholdengo|Air Balloon
|
|upkeep
|turn|14
|
|t:|1760849673
|move|p1a: Electrode|Electro Ball|p2a: Gholdengo
|-crit|p2a: Gholdengo
|-damage|p2a: Gholdengo|14/100
|move|p2a: Gholdengo|Shadow Ball|p1a: Electrode
|-damage|p1a: Electrode|43/100
|-unboost|p1a: Electrode|spd|1
|
|upkeep
|turn|15
|
|t:|1760849684
|switch|p2a: Ogerpon|Ogerpon-Wellspring, F|100/100
|-damage|p2a: Ogerpon|88/100|[from] Stealth Rock
|move|p1a: Electrode|Volt Switch|p2a: Ogerpon
|-damage|p2a: Ogerpon|58/100
|
|t:|1760849692
|switch|p1a: Venusaur|Venusaur, F|38/100|[from] Volt Switch
|-damage|p1a: Venusaur|26/100|[from] Spikes
|
|-heal|p1a: Venusaur|32/100|[from] item: Leftovers
|upkeep
|turn|16
|
|t:|1760849705
|move|p2a: Ogerpon|Power Whip|p1a: Venusaur
|-resisted|p1a: Venusaur
|-damage|p1a: Venusaur|13/100
|move|p1a: Venusaur|Giga Drain|p2a: Ogerpon
|-damage|p2a: Ogerpon|0 fnt
|-heal|p1a: Venusaur|36/100|[from] drain|[of] p2a: Ogerpon
|faint|p2a: Ogerpon
|
|-heal|p1a: Venusaur|43/100|[from] item: Leftovers
|upkeep
|
|t:|1760849718
|switch|p2a: Gholdengo|Gholdengo|14/100
|-damage|p2a: Gholdengo|8/100|[from] Stealth Rock
|turn|17
|
|t:|1760849731
|move|p2a: Gholdengo|Make It Rain|p1a: Venusaur
|-damage|p1a: Venusaur|0 fnt
|-unboost|p2a: Gholdengo|spa|1
|faint|p1a: Venusaur
|
|upkeep
|
|t:|1760849735
|switch|p1a: Electrode|Electrode|43/100
|-damage|p1a: Electrode|31/100|[from] Spikes
|turn|18
|
|t:|1760849744
|move|p1a: Electrode|Charge Beam|p2a: Gholdengo
|-damage|p2a: Gholdengo|0 fnt
|-boost|p1a: Electrode|spa|1
|faint|p2a: Gholdengo
|
|upkeep
|
|t:|1760849750
|switch|p2a: Primarina|Primarina, M|40/100
|-damage|p2a: Primarina|28/100|[from] Stealth Rock
|turn|19
|
|t:|1760849756
|-terastallize|p2a: Primarina|Steel
|move|p1a: Electrode|Volt Switch|p2a: Primarina
|-damage|p2a: Primarina|0 fnt
|faint|p2a: Primarina
|
|win|NoNSket
|raw|NoNSket's rating: 1111 &rarr; <strong>1138</strong><br />(+27 for winning)
|raw|theKentoRico's rating: 1142 &rarr; <strong>1115</strong><br />(-27 for losing)
|l|☆theKentoRico
|player|p2|
|l|☆NoNSket
|player|p1|
