|j|☆alt824
|j|☆jeftherefxd
|t:|1760840827
|gametype|singles
|player|p1|alt824|265|1295
|player|p2|jeftherefxd|102|1322
|gen|9
|tier|[Gen 9] OU
|rated|
|rule|HP Percentage Mod: HP is shown in percentages
|rule|Endless Battle Clause: Forcing endless battles is banned
|rule|Species Clause: Limit one of each Pokémon
|rule|OHKO Clause: OHKO moves are banned
|rule|Evasion Items Clause: Evasion items are banned
|rule|Evasion Moves Clause: Evasion moves are banned
|rule|Evasion Abilities Clause: Evasion abilities are banned
|rule|Sleep Moves Clause: Sleep-inducing moves are banned
|clearpoke
|poke|p1|Vileplume, M|
|poke|p1|Basculegion-F, F|
|poke|p1|Cinderace, F|
|poke|p1|Hatterene, F|
|poke|p1|Gliscor, M|
|poke|p1|Tyranitar, M|
|poke|p2|Kingambit, F|
|poke|p2|Cinderace, F|
|poke|p2|Landorus-Therian, M|
|poke|p2|Iron Valiant|
|poke|p2|Kyurem|
|poke|p2|Slowking-Galar, M|
|teampreview
|inactive|Battle timer is ON: inactive players will automatically lose when time's up. (requested by alt824)
|
|t:|1760840836
|teamsize|p1|6
|teamsize|p2|6
|start
|switch|p1a: Basculegion|Basculegion-F, F|100/100
|switch|p2a: Mr. Freeze|Kyurem, shiny|100/100
|-ability|p2a: Mr. Freeze|Pressure
|turn|1
|
|t:|1760840844
|-terastallize|p1a: Basculegion|Ghost
|move|p2a: Mr. Freeze|Substitute|p2a: Mr. Freeze
|-start|p2a: Mr. Freeze|Substitute
|-damage|p2a: Mr. Freeze|75/100
|move|p1a: Basculegion|Shadow Ball|p2a: Mr. Freeze
|-end|p2a: Mr. Freeze|Substitute
|
|-heal|p2a: Mr. Freeze|82/100|[from] item: Leftovers
|upkeep
|turn|2
|
|t:|1760840855
|switch|p2a: Daenerys|Kingambit, F|100/100
|move|p1a: Basculegion|Shadow Ball|p2a: Daenerys
|-resisted|p2a: Daenerys
|-damage|p2a: Daenerys|53/100
|
|-heal|p2a: Daenerys|59/100|[from] item: Leftovers
|upkeep
|turn|3
|
|t:|1760840864
|switch|p1a: Vileplume|Vileplume, M|100/100
|move|p2a: Daenerys|Kowtow Cleave|p1a: Vileplume
|-damage|p1a: Vileplume|63/100
|-damage|p2a: Daenerys|43/100|[from] item: Rocky Helmet|[of] p1a: Vileplume
|
|-heal|p2a: Daenerys|49/100|[from] item: Leftovers
|upkeep
|turn|4
|
|t:|1760840877
|-end|p2a: Daenerys|fallenundefined|[silent]
|switch|p2a: Chillionaire|Slowking-Galar, M, shiny|100/100
|move|p1a: Vileplume|Leech Seed|p2a: Chillionaire
|-start|p2a: Chillionaire|move: Leech Seed
|
|-damage|p2a: Chillionaire|88/100|[from] Leech Seed|[of] p1a: Vileplume
|-heal|p1a: Vileplume|77/100|[silent]
|upkeep
|turn|5
|
|t:|1760840887
|switch|p1a: Tyranitar|Tyranitar, M|100/100
|-ability|p1a: Tyranitar|Unnerve
|-prepare|p2a: Chillionaire|Chilly Reception|[premajor]
|move|p2a: Chillionaire|Chilly Reception|p2a: Chillionaire
|-weather|Snowscape
|
|t:|1760840904
|switch|p2a: Homelandor|Landorus-Therian, M, shiny|100/100|[from] Chilly Reception
|-ability|p2a: Homelandor|Intimidate|boost
|-unboost|p1a: Tyranitar|atk|1
|
|-weather|Snowscape|[upkeep]
|upkeep
|turn|6
|
|t:|1760840910
|switch|p1a: Hatterene|Hatterene, F|100/100
|move|p2a: Homelandor|Stealth Rock|p1a: Hatterene
|move|p1a: Hatterene|Stealth Rock|p2a: Homelandor|[from] ability: Magic Bounce
|-sidestart|p2: jeftherefxd|move: Stealth Rock
|
|-weather|Snowscape|[upkeep]
|upkeep
|turn|7
|
|t:|1760840916
|move|p2a: Homelandor|U-turn|p1a: Hatterene
|-damage|p1a: Hatterene|83/100
|
|t:|1760840922
|switch|p2a: Chillionaire|Slowking-Galar, M, shiny|100/100|[from] U-turn
|move|p1a: Hatterene|Draining Kiss|p2a: Chillionaire
|-resisted|p2a: Chillionaire
|-damage|p2a: Chillionaire|94/100
|-heal|p1a: Hatterene|89/100|[from] drain|[of] p2a: Chillionaire
|
|-weather|Snowscape|[upkeep]
|-heal|p1a: Hatterene|95/100|[from] item: Leftovers
|upkeep
|turn|8
|
|t:|1760840930
|move|p1a: Hatterene|Nuzzle|p2a: Chillionaire
|-damage|p2a: Chillionaire|90/100
|-status|p2a: Chillionaire|par
|cant|p2a: Chillionaire|par
|
|-weather|Snowscape|[upkeep]
|-heal|p1a: Hatterene|100/100|[from] item: Leftovers
|upkeep
|turn|9
|
|t:|1760840937
|switch|p1a: Tyranitar|Tyranitar, M|100/100
|-ability|p1a: Tyranitar|Unnerve
|move|p2a: Chillionaire|Future Sight|p1a: Tyranitar
|-start|p2a: Chillionaire|move: Future Sight
|
|-weather|none
|upkeep
|turn|10
|
|t:|1760840942
|switch|p2a: Homelandor|Landorus-Therian, M, shiny|100/100
|-damage|p2a: Homelandor|88/100|[from] Stealth Rock
|-ability|p2a: Homelandor|Intimidate|boost
|-unboost|p1a: Tyranitar|atk|1
|move|p1a: Tyranitar|Knock Off|p2a: Homelandor
|-damage|p2a: Homelandor|46/100
|-damage|p1a: Tyranitar|84/100|[from] item: Rocky Helmet|[of] p2a: Homelandor
|-enditem|p2a: Homelandor|Rocky Helmet|[from] move: Knock Off|[of] p1a: Tyranitar
|
|upkeep
|turn|11
|
|t:|1760840952
|switch|p1a: Hatterene|Hatterene, F|100/100
|move|p2a: Homelandor|U-turn|p1a: Hatterene
|-damage|p1a: Hatterene|84/100
|
|t:|1760840963
|switch|p2a: Daenerys|Kingambit, F|49/100|[from] U-turn
|-damage|p2a: Daenerys|43/100|[from] Stealth Rock
|
|-end|p1a: Hatterene|move: Future Sight
|-resisted|p1a: Hatterene
|-damage|p1a: Hatterene|61/100
|-heal|p2a: Daenerys|49/100|[from] item: Leftovers
|-heal|p1a: Hatterene|67/100|[from] item: Leftovers
|upkeep
|turn|12
|
|t:|1760840973
|switch|p1a: Vileplume|Vileplume, M|77/100
|move|p2a: Daenerys|Iron Head|p1a: Vileplume
|-damage|p1a: Vileplume|41/100
|-damage|p2a: Daenerys|32/100|[from] item: Rocky Helmet|[of] p1a: Vileplume
|
|-heal|p2a: Daenerys|39/100|[from] item: Leftovers
|upkeep
|turn|13
|
|t:|1760840978
|move|p2a: Daenerys|Iron Head|p1a: Vileplume
|-damage|p1a: Vileplume|4/100
|-damage|p2a: Daenerys|22/100|[from] item: Rocky Helmet|[of] p1a: Vileplume
|-status|p2a: Daenerys|slp|[from] ability: Effect Spore|[of] p1a: Vileplume
|cant|p1a: Vileplume|flinch
|
|-heal|p2a: Daenerys|28/100 slp|[from] item: Leftovers
|upkeep
|turn|14
|
|t:|1760840992
|-end|p2a: Daenerys|fallenundefined|[silent]
|switch|p2a: Homelandor|Landorus-Therian, M, shiny|46/100
|-damage|p2a: Homelandor|34/100|[from] Stealth Rock
|-ability|p2a: Homelandor|Intimidate|boost
|-unboost|p1a: Vileplume|atk|1
|move|p1a: Vileplume|Strength Sap|p2a: Homelandor
|-unboost|p2a: Homelandor|atk|1
|-heal|p1a: Vileplume|87/100
|
|upkeep
|turn|15
|
|t:|1760840997
|switch|p1a: Hatterene|Hatterene, F|67/100
|move|p2a: Homelandor|U-turn|p1a: Hatterene
|-damage|p1a: Hatterene|56/100
|
|t:|1760841014
|switch|p2a: Chillionaire|Slowking-Galar, M, shiny|100/100 par|[from] U-turn
|
|-heal|p1a: Hatterene|62/100|[from] item: Leftovers
|upkeep
|turn|16
|
|t:|1760841019
|switch|p1a: Tyranitar|Tyranitar, M|84/100
|-ability|p1a: Tyranitar|Unnerve
|-prepare|p2a: Chillionaire|Chilly Reception|[premajor]
|move|p2a: Chillionaire|Chilly Reception|p2a: Chillionaire
|-weather|Snowscape
|
|t:|1760841041
|switch|p2a: Mr. Freeze|Kyurem, shiny|82/100|[from] Chilly Reception
|-damage|p2a: Mr. Freeze|57/100|[from] Stealth Rock
|-ability|p2a: Mr. Freeze|Pressure
|
|-weather|Snowscape|[upkeep]
|-heal|p2a: Mr. Freeze|63/100|[from] item: Leftovers
|upkeep
|turn|17
|
|t:|1760841047
|move|p2a: Mr. Freeze|Substitute|p2a: Mr. Freeze
|-start|p2a: Mr. Freeze|Substitute
|-damage|p2a: Mr. Freeze|38/100
|move|p1a: Tyranitar|Low Kick|p2a: Mr. Freeze
|-supereffective|p2a: Mr. Freeze
|-end|p2a: Mr. Freeze|Substitute
|
|-weather|Snowscape|[upkeep]
|-heal|p2a: Mr. Freeze|44/100|[from] item: Leftovers
|upkeep
|turn|18
|
|t:|1760841052
|move|p2a: Mr. Freeze|Body Press|p1a: Tyranitar
|-supereffective|p1a: Tyranitar
|-damage|p1a: Tyranitar|18/100
|move|p1a: Tyranitar|Low Kick|p2a: Mr. Freeze
|-supereffective|p2a: Mr. Freeze
|-damage|p2a: Mr. Freeze|0 fnt
|faint|p2a: Mr. Freeze
|
|-weather|Snowscape|[upkeep]
|upkeep
|
|t:|1760841061
|switch|p2a: Homelandor|Landorus-Therian, M, shiny|34/100
|-damage|p2a: Homelandor|21/100|[from] Stealth Rock
|-ability|p2a: Homelandor|Intimidate|boost
|-unboost|p1a: Tyranitar|atk|1
|turn|19
|
|t:|1760841068
|switch|p1a: Hatterene|Hatterene, F|62/100
|move|p2a: Homelandor|U-turn|p1a: Hatterene
|-damage|p1a: Hatterene|45/100
|
|t:|1760841074
|switch|p2a: Chillionaire|Slowking-Galar, M, shiny|100/100 par|[from] U-turn
|
|-weather|Snowscape|[upkeep]
|-heal|p1a: Hatterene|50/100|[from] item: Leftovers
|upkeep
|turn|20
|
|t:|1760841077
|switch|p1a: Tyranitar|Tyranitar, M|18/100
|-ability|p1a: Tyranitar|Unnerve
|-prepare|p2a: Chillionaire|Chilly Reception|[premajor]
|move|p2a: Chillionaire|Chilly Reception|p2a: Chillionaire
|
|t:|1760841083
|switch|p2a: Kristine|Cinderace, F, shiny|100/100|[from] Chilly Reception
|
|-weather|none
|upkeep
|turn|21
|
|t:|1760841089
|move|p2a: Kristine|Court Change|p2a: Kristine
|-swapsideconditions
|-activate|p2a: Kristine|move: Court Change
|move|p1a: Tyranitar|Knock Off|p2a: Kristine
|-damage|p2a: Kristine|0 fnt
|-enditem|p2a: Kristine|Heavy-Duty Boots|[from] move: Knock Off|[of] p1a: Tyranitar
|faint|p2a: Kristine
|
|upkeep
|
|t:|1760841094
|switch|p2a: Homelandor|Landorus-Therian, M, shiny|21/100
|-ability|p2a: Homelandor|Intimidate|boost
|-unboost|p1a: Tyranitar|atk|1
|turn|22
|
|t:|1760841109
|switch|p1a: Gliscor|Gliscor, M|100/100
|-damage|p1a: Gliscor|88/100|[from] Stealth Rock
|move|p2a: Homelandor|Earth Power|p1a: Gliscor
|-immune|p1a: Gliscor
|
|-status|p1a: Gliscor|tox|[from] item: Toxic Orb
|upkeep
|turn|23
|
|t:|1760841114
|move|p2a: Homelandor|U-turn|p1a: Gliscor
|-resisted|p1a: Gliscor
|-damage|p1a: Gliscor|80/100 tox
|
|t:|1760841121
|switch|p2a: WALL-Y|Iron Valiant|100/100|[from] U-turn
|-enditem|p2a: WALL-Y|Booster Energy
|-activate|p2a: WALL-Y|ability: Quark Drive|[fromitem]
|-start|p2a: WALL-Y|quarkdrivespe
|move|p1a: Gliscor|Swords Dance|p1a: Gliscor
|-boost|p1a: Gliscor|atk|2
|
|-heal|p1a: Gliscor|93/100 tox|[from] ability: Poison Heal
|upkeep
|turn|24
|
|t:|1760841129
|move|p2a: WALL-Y|Encore|p1a: Gliscor
|-start|p1a: Gliscor|Encore
|move|p1a: Gliscor|Swords Dance|p1a: Gliscor
|-boost|p1a: Gliscor|atk|2
|
|-heal|p1a: Gliscor|100/100 tox|[from] ability: Poison Heal
|upkeep
|turn|25
|
|t:|1760841140
|switch|p1a: Tyranitar|Tyranitar, M|18/100
|-ability|p1a: Tyranitar|Unnerve
|-damage|p1a: Tyranitar|6/100|[from] Stealth Rock
|move|p2a: WALL-Y|Calm Mind|p2a: WALL-Y
|-boost|p2a: WALL-Y|spa|1
|-boost|p2a: WALL-Y|spd|1
|
|upkeep
|turn|26
|
|t:|1760841147
|move|p2a: WALL-Y|Moonblast|p1a: Tyranitar
|-supereffective|p1a: Tyranitar
|-damage|p1a: Tyranitar|0 fnt
|faint|p1a: Tyranitar
|
|upkeep
|
|t:|1760841155
|switch|p1a: Vileplume|Vileplume, M|87/100
|-damage|p1a: Vileplume|75/100|[from] Stealth Rock
|turn|27
|
|t:|1760841172
|-terastallize|p2a: WALL-Y|Ghost
|move|p2a: WALL-Y|Shadow Ball|p1a: Vileplume
|-damage|p1a: Vileplume|10/100
|move|p1a: Vileplume|Leech Seed|p2a: WALL-Y
|-start|p2a: WALL-Y|move: Leech Seed
|
|-damage|p2a: WALL-Y|88/100|[from] Leech Seed|[of] p1a: Vileplume
|-heal|p1a: Vileplume|21/100|[silent]
|upkeep
|turn|28
|
|t:|1760841189
|switch|p1a: Hatterene|Hatterene, F|50/100
|-damage|p1a: Hatterene|38/100|[from] Stealth Rock
|move|p2a: WALL-Y|Shadow Ball|p1a: Hatterene
|-supereffective|p1a: Hatterene
|-damage|p1a: Hatterene|0 fnt
|faint|p1a: Hatterene
|
|upkeep
|
|t:|1760841194
|switch|p1a: Gliscor|Gliscor, M|100/100 tox
|-damage|p1a: Gliscor|88/100 tox|[from] Stealth Rock
|turn|29
|
|t:|1760841202
|move|p2a: WALL-Y|Moonblast|p1a: Gliscor
|-damage|p1a: Gliscor|26/100 tox
|move|p1a: Gliscor|Knock Off|p2a: WALL-Y
|-supereffective|p2a: WALL-Y
|-damage|p2a: WALL-Y|53/100
|
|-damage|p2a: WALL-Y|40/100|[from] Leech Seed|[of] p1a: Gliscor
|-heal|p1a: Gliscor|36/100 tox|[silent]
|-heal|p1a: Gliscor|49/100 tox|[from] ability: Poison Heal
|upkeep
|turn|30
|
|t:|1760841208
|move|p1a: Gliscor|Protect|p1a: Gliscor
|-singleturn|p1a: Gliscor|Protect
|move|p2a: WALL-Y|Moonblast|p1a: Gliscor
|-activate|p1a: Gliscor|move: Protect
|
|-damage|p2a: WALL-Y|28/100|[from] Leech Seed|[of] p1a: Gliscor
|-heal|p1a: Gliscor|59/100 tox|[silent]
|-heal|p1a: Gliscor|71/100 tox|[from] ability: Poison Heal
|upkeep
|turn|31
|
|t:|1760841214
|switch|p1a: Vileplume|Vileplume, M|21/100
|-damage|p1a: Vileplume|8/100|[from] Stealth Rock
|move|p2a: WALL-Y|Moonblast|p1a: Vileplume
|-resisted|p1a: Vileplume
|-damage|p1a: Vileplume|0 fnt
|faint|p1a: Vileplume
|
|upkeep
|
|t:|1760841216
|switch|p1a: Gliscor|Gliscor, M|71/100 tox
|-damage|p1a: Gliscor|59/100 tox|[from] Stealth Rock
|turn|32
|
|t:|1760841221
|move|p1a: Gliscor|Protect|p1a: Gliscor
|-singleturn|p1a: Gliscor|Protect
|move|p2a: WALL-Y|Calm Mind|p2a: WALL-Y
|-boost|p2a: WALL-Y|spa|1
|-boost|p2a: WALL-Y|spd|1
|
|-damage|p2a: WALL-Y|15/100|[from] Leech Seed|[of] p1a: Gliscor
|-heal|p1a: Gliscor|69/100 tox|[silent]
|-heal|p1a: Gliscor|81/100 tox|[from] ability: Poison Heal
|upkeep
|turn|33
|
|t:|1760841226
|move|p1a: Gliscor|Protect|p1a: Gliscor
|-singleturn|p1a: Gliscor|Protect
|move|p2a: WALL-Y|Moonblast|p1a: Gliscor
|-activate|p1a: Gliscor|move: Protect
|
|-damage|p2a: WALL-Y|3/100|[from] Leech Seed|[of] p1a: Gliscor
|-heal|p1a: Gliscor|92/100 tox|[silent]
|-heal|p1a: Gliscor|100/100 tox|[from] ability: Poison Heal
|upkeep
|turn|34
|
|t:|1760841241
|switch|p1a: Basculegion|Basculegion-F, F, tera:Ghost|100/100
|-damage|p1a: Basculegion|88/100|[from] Stealth Rock
|move|p2a: WALL-Y|Moonblast|p1a: Basculegion
|-damage|p1a: Basculegion|0 fnt
|faint|p1a: Basculegion
|
|upkeep
|
|t:|1760841244
|switch|p1a: Gliscor|Gliscor, M|100/100 tox
|-damage|p1a: Gliscor|88/100 tox|[from] Stealth Rock
|turn|35
|
|t:|1760841256
|-end|p2a: WALL-Y|Quark Drive|[silent]
|switch|p2a: Chillionaire|Slowking-Galar, M, shiny|100/100 par
|move|p1a: Gliscor|Protect||[still]
|-fail|p1a: Gliscor
|
|-heal|p1a: Gliscor|100/100 tox|[from] ability: Poison Heal
|upkeep
|turn|36
|
|t:|1760841263
|move|p1a: Gliscor|Earthquake|p2a: Chillionaire
|-supereffective|p2a: Chillionaire
|-damage|p2a: Chillionaire|39/100 par
|move|p2a: Chillionaire|Future Sight|p1a: Gliscor
|-start|p2a: Chillionaire|move: Future Sight
|
|upkeep
|turn|37
|
|t:|1760841271
|move|p1a: Gliscor|Earthquake|p2a: Chillionaire
|-supereffective|p2a: Chillionaire
|-damage|p2a: Chillionaire|0 fnt
|faint|p2a: Chillionaire
|
|upkeep
|
|t:|1760841282
|switch|p2a: WALL-Y|Iron Valiant, tera:Ghost|3/100
|turn|38
|
|t:|1760841287
|move|p2a: WALL-Y|Moonblast|p1a: Gliscor
|-damage|p1a: Gliscor|58/100 tox
|move|p1a: Gliscor|Earthquake|p2a: WALL-Y
|-damage|p2a: WALL-Y|0 fnt
|faint|p2a: WALL-Y
|-end|p2a: WALL-Y|Quark Drive|[silent]
|
|-end|p1a: Gliscor|move: Future Sight
|-damage|p1a: Gliscor|18/100 tox
|-heal|p1a: Gliscor|31/100 tox|[from] ability: Poison Heal
|upkeep
|
|t:|1760841291
|switch|p2a: Homelandor|Landorus-Therian, M, shiny|21/100
|-ability|p2a: Homelandor|Intimidate|boost
|-unboost|p1a: Gliscor|atk|1
|turn|39
|
|t:|1760841294
|move|p1a: Gliscor|Protect|p1a: Gliscor
|-singleturn|p1a: Gliscor|Protect
|move|p2a: Homelandor|Psychic|p1a: Gliscor
|-activate|p1a: Gliscor|move: Protect
|
|-heal|p1a: Gliscor|43/100 tox|[from] ability: Poison Heal
|upkeep
|turn|40
|-message|jeftherefxd forfeited.
|
|win|alt824
|raw|alt824's rating: 1295 &rarr; <strong>1322</strong><br />(+27 for winning)
|raw|jeftherefxd's rating: 1322 &rarr; <strong>1300</strong><br />(-22 for losing)
|l|☆jeftherefxd
|player|p2|
