|j|☆Bram1345
|j|☆AAA grade effort
|t:|1760736537
|gametype|singles
|player|p1|Bram1345|burgh|1401
|player|p2|AAA grade effort|twins|1414
|gen|9
|tier|[Gen 9] OU
|rated|
|rule|HP Percentage Mod: HP is shown in percentages
|rule|Endless Battle Clause: Forcing endless battles is banned
|rule|Species Clause: Limit one of each Pokémon
|rule|OHKO Clause: OHKO moves are banned
|rule|Evasion Items Clause: Evasion items are banned
|rule|Evasion Moves Clause: Evasion moves are banned
|rule|Evasion Abilities Clause: Evasion abilities are banned
|rule|Sleep Moves Clause: Sleep-inducing moves are banned
|clearpoke
|poke|p1|Moltres|
|poke|p1|Zapdos|
|poke|p1|Pelipper, F|
|poke|p1|Barraskewda, F|
|poke|p1|Revavroom, F|
|poke|p1|Iron Treads|
|poke|p2|Excadrill, F|
|poke|p2|Tyranitar, M|
|poke|p2|Tinkaton, F|
|poke|p2|Sinistcha|
|poke|p2|Moltres|
|poke|p2|Ogerpon-Wellspring, F|
|teampreview
|c|☆Bram1345|glhf
|inactive|Battle timer is ON: inactive players will automatically lose when time's up. (requested by Bram1345)
|
|t:|1760736563
|teamsize|p1|6
|teamsize|p2|6
|start
|switch|p1a: Barraskewda|Barraskewda, F|100/100
|switch|p2a: Tyranitar|Tyranitar, M|100/100
|-weather|Sandstorm|[from] ability: Sand Stream|[of] p2a: Tyranitar
|turn|1
|
|t:|1760736573
|switch|p2a: Ogerpon|Ogerpon-Wellspring, F|100/100
|move|p1a: Barraskewda|Close Combat|p2a: Ogerpon
|-damage|p2a: Ogerpon|13/100
|-unboost|p1a: Barraskewda|def|1
|-unboost|p1a: Barraskewda|spd|1
|
|-weather|Sandstorm|[upkeep]
|-damage|p1a: Barraskewda|94/100|[from] Sandstorm
|-damage|p2a: Ogerpon|7/100|[from] Sandstorm
|upkeep
|turn|2
|
|t:|1760736581
|switch|p2a: Moltres|Moltres|100/100
|move|p1a: Barraskewda|Close Combat|p2a: Moltres
|-resisted|p2a: Moltres
|-damage|p2a: Moltres|79/100
|-unboost|p1a: Barraskewda|def|1
|-unboost|p1a: Barraskewda|spd|1
|
|-weather|Sandstorm|[upkeep]
|-damage|p1a: Barraskewda|88/100|[from] Sandstorm
|-damage|p2a: Moltres|73/100|[from] Sandstorm
|upkeep
|turn|3
|
|t:|1760736588
|switch|p1a: Pelipper|Pelipper, F|100/100
|-weather|RainDance|[from] ability: Drizzle|[of] p1a: Pelipper
|move|p2a: Moltres|U-turn|p1a: Pelipper
|-resisted|p1a: Pelipper
|-damage|p1a: Pelipper|95/100
|
|t:|1760736594
|switch|p2a: Tyranitar|Tyranitar, M|100/100|[from] U-turn
|-weather|Sandstorm|[from] ability: Sand Stream|[of] p2a: Tyranitar
|
|-weather|Sandstorm|[upkeep]
|-damage|p1a: Pelipper|89/100|[from] Sandstorm
|upkeep
|turn|4
|
|t:|1760736601
|move|p2a: Tyranitar|Knock Off|p1a: Pelipper
|-damage|p1a: Pelipper|29/100
|-enditem|p1a: Pelipper|Damp Rock|[from] move: Knock Off|[of] p2a: Tyranitar
|move|p1a: Pelipper|U-turn|p2a: Tyranitar
|-supereffective|p2a: Tyranitar
|-damage|p2a: Tyranitar|82/100
|c|☆AAA grade effort|hf mb
|
|t:|1760736629
|switch|p1a: Revavroom|Revavroom, F|100/100|[from] U-turn
|
|-weather|Sandstorm|[upkeep]
|upkeep
|turn|5
|inactive|Bram1345 has 120 seconds left.
|
|t:|1760736646
|switch|p1a: Pelipper|Pelipper, F|29/100
|-weather|RainDance|[from] ability: Drizzle|[of] p1a: Pelipper
|switch|p2a: Excadrill|Excadrill, F|100/100
|
|-weather|RainDance|[upkeep]
|upkeep
|turn|6
|inactive|Bram1345 has 120 seconds left.
|
|t:|1760736676
|switch|p1a: Iron Treads|Iron Treads|100/100
|move|p2a: Excadrill|Substitute|p2a: Excadrill
|-start|p2a: Excadrill|Substitute
|-damage|p2a: Excadrill|76/100
|
|-weather|RainDance|[upkeep]
|-heal|p2a: Excadrill|82/100|[from] item: Leftovers
|upkeep
|turn|7
|inactive|Bram1345 has 120 seconds left.
|
|t:|1760736687
|move|p1a: Iron Treads|Earthquake|p2a: Excadrill
|-supereffective|p2a: Excadrill
|-end|p2a: Excadrill|Substitute
|move|p2a: Excadrill|Earthquake|p1a: Iron Treads
|-supereffective|p1a: Iron Treads
|-damage|p1a: Iron Treads|0 fnt
|faint|p1a: Iron Treads
|-end|p1a: Iron Treads|Quark Drive|[silent]
|
|-weather|RainDance|[upkeep]
|-heal|p2a: Excadrill|88/100|[from] item: Leftovers
|upkeep
|inactive|Bram1345 has 120 seconds left.
|
|t:|1760736693
|switch|p1a: Barraskewda|Barraskewda, F|88/100
|turn|8
|
|t:|1760736700
|switch|p2a: Ogerpon|Ogerpon-Wellspring, F|7/100
|move|p1a: Barraskewda|Flip Turn|p2a: Ogerpon
|-heal|p2a: Ogerpon|32/100|[from] ability: Water Absorb|[of] p1a: Barraskewda
|
|-weather|RainDance|[upkeep]
|upkeep
|turn|9
|
|t:|1760736707
|switch|p1a: Zapdos|Zapdos|100/100
|move|p2a: Ogerpon|U-turn|p1a: Zapdos
|-resisted|p1a: Zapdos
|-damage|p1a: Zapdos|82/100
|
|t:|1760736710
|switch|p2a: Tyranitar|Tyranitar, M|82/100|[from] U-turn
|-weather|Sandstorm|[from] ability: Sand Stream|[of] p2a: Tyranitar
|
|-weather|Sandstorm|[upkeep]
|-damage|p1a: Zapdos|76/100|[from] Sandstorm
|upkeep
|turn|10
|
|t:|1760736714
|move|p1a: Zapdos|Volt Switch|p2a: Tyranitar
|-damage|p2a: Tyranitar|57/100
|
|t:|1760736722
|switch|p1a: Revavroom|Revavroom, F|100/100|[from] Volt Switch
|move|p2a: Tyranitar|Stone Edge|p1a: Revavroom
|-resisted|p1a: Revavroom
|-crit|p1a: Revavroom
|-damage|p1a: Revavroom|17/100
|
|-weather|Sandstorm|[upkeep]
|upkeep
|turn|11
|
|t:|1760736737
|switch|p2a: Tinkaton|Tinkaton, F|100/100
|-ability|p2a: Tinkaton|Mold Breaker
|-item|p2a: Tinkaton|Air Balloon
|move|p1a: Revavroom|Iron Head|p2a: Tinkaton
|-damage|p2a: Tinkaton|52/100
|-enditem|p2a: Tinkaton|Air Balloon
|
|-weather|Sandstorm|[upkeep]
|upkeep
|turn|12
|
|t:|1760736749
|switch|p1a: Moltres|Moltres|100/100
|move|p2a: Tinkaton|Stealth Rock|p1a: Moltres
|-sidestart|p1: Bram1345|move: Stealth Rock
|
|-weather|Sandstorm|[upkeep]
|-damage|p1a: Moltres|94/100|[from] Sandstorm
|upkeep
|turn|13
|
|t:|1760736760
|move|p2a: Tinkaton|Thunder Wave|p1a: Moltres
|-status|p1a: Moltres|par
|cant|p1a: Moltres|par
|
|-weather|none
|upkeep
|turn|14
|
|t:|1760736771
|switch|p2a: Tyranitar|Tyranitar, M|57/100
|-weather|Sandstorm|[from] ability: Sand Stream|[of] p2a: Tyranitar
|cant|p1a: Moltres|par
|
|-weather|Sandstorm|[upkeep]
|-damage|p1a: Moltres|88/100 par|[from] Sandstorm
|upkeep
|turn|15
|
|t:|1760736782
|move|p2a: Tyranitar|Stone Edge|p1a: Moltres|[miss]
|-miss|p2a: Tyranitar|p1a: Moltres
|move|p1a: Moltres|U-turn|p2a: Tyranitar
|-supereffective|p2a: Tyranitar
|-crit|p2a: Tyranitar
|-damage|p2a: Tyranitar|14/100
|
|t:|1760736791
|switch|p1a: Barraskewda|Barraskewda, F|88/100|[from] U-turn
|-damage|p1a: Barraskewda|76/100|[from] Stealth Rock
|
|-weather|Sandstorm|[upkeep]
|-damage|p1a: Barraskewda|70/100|[from] Sandstorm
|upkeep
|turn|16
|c|☆AAA grade effort|oh :(
|
|t:|1760736800
|switch|p2a: Moltres|Moltres|73/100
|move|p1a: Barraskewda|Close Combat|p2a: Moltres
|-resisted|p2a: Moltres
|-damage|p2a: Moltres|49/100
|-unboost|p1a: Barraskewda|def|1
|-unboost|p1a: Barraskewda|spd|1
|
|-weather|Sandstorm|[upkeep]
|-damage|p1a: Barraskewda|64/100|[from] Sandstorm
|-damage|p2a: Moltres|43/100|[from] Sandstorm
|upkeep
|turn|17
|
|t:|1760736809
|switch|p1a: Moltres|Moltres|88/100 par
|move|p2a: Moltres|Roost|p2a: Moltres
|-heal|p2a: Moltres|93/100
|-singleturn|p2a: Moltres|move: Roost
|
|-weather|Sandstorm|[upkeep]
|-damage|p2a: Moltres|87/100|[from] Sandstorm
|-damage|p1a: Moltres|82/100 par|[from] Sandstorm
|upkeep
|turn|18
|
|t:|1760736816
|move|p2a: Moltres|U-turn|p1a: Moltres
|-resisted|p1a: Moltres
|-damage|p1a: Moltres|80/100 par
|
|t:|1760736826
|switch|p2a: Tyranitar|Tyranitar, M|14/100|[from] U-turn
|move|p1a: Moltres|Hurricane|p2a: Tyranitar
|-resisted|p2a: Tyranitar
|-damage|p2a: Tyranitar|0 fnt
|faint|p2a: Tyranitar
|
|-weather|none
|upkeep
|
|t:|1760736835
|switch|p2a: Excadrill|Excadrill, F|88/100
|turn|19
|
|t:|1760736860
|switch|p1a: Revavroom|Revavroom, F|17/100
|-damage|p1a: Revavroom|11/100|[from] Stealth Rock
|move|p2a: Excadrill|Rock Slide|p1a: Revavroom
|-resisted|p1a: Revavroom
|-damage|p1a: Revavroom|0 fnt
|faint|p1a: Revavroom
|
|-heal|p2a: Excadrill|94/100|[from] item: Leftovers
|upkeep
|
|t:|1760736862
|switch|p1a: Barraskewda|Barraskewda, F|64/100
|-damage|p1a: Barraskewda|52/100|[from] Stealth Rock
|turn|20
|
|t:|1760736870
|switch|p2a: Ogerpon|Ogerpon-Wellspring, F|32/100
|move|p1a: Barraskewda|Flip Turn|p2a: Ogerpon
|-heal|p2a: Ogerpon|57/100|[from] ability: Water Absorb|[of] p1a: Barraskewda
|
|upkeep
|turn|21
|
|t:|1760736877
|switch|p1a: Moltres|Moltres|80/100 par
|move|p2a: Ogerpon|Ivy Cudgel|p1a: Moltres|[anim] Ivy Cudgel Water
|-supereffective|p1a: Moltres
|-damage|p1a: Moltres|0 fnt
|faint|p1a: Moltres
|
|upkeep
|
|t:|1760736884
|switch|p1a: Barraskewda|Barraskewda, F|52/100
|-damage|p1a: Barraskewda|40/100|[from] Stealth Rock
|turn|22
|
|t:|1760736890
|switch|p2a: Tinkaton|Tinkaton, F|52/100
|-ability|p2a: Tinkaton|Mold Breaker
|move|p1a: Barraskewda|Close Combat|p2a: Tinkaton
|-crit|p2a: Tinkaton
|-damage|p2a: Tinkaton|0 fnt
|-unboost|p1a: Barraskewda|def|1
|-unboost|p1a: Barraskewda|spd|1
|faint|p2a: Tinkaton
|
|upkeep
|
|t:|1760736895
|switch|p2a: Sinistcha|Sinistcha|100/100
|turn|23
|
|t:|1760736901
|switch|p1a: Zapdos|Zapdos|76/100
|move|p2a: Sinistcha|Shadow Ball|p1a: Zapdos
|-crit|p1a: Zapdos
|-damage|p1a: Zapdos|15/100
|
|upkeep
|turn|24
|
|t:|1760736908
|move|p1a: Zapdos|Roost|p1a: Zapdos
|-heal|p1a: Zapdos|65/100
|-singleturn|p1a: Zapdos|move: Roost
|move|p2a: Sinistcha|Shadow Ball|p1a: Zapdos
|-damage|p1a: Zapdos|27/100
|
|upkeep
|turn|25
|
|t:|1760736916
|move|p1a: Zapdos|Roost|p1a: Zapdos
|-heal|p1a: Zapdos|77/100
|-singleturn|p1a: Zapdos|move: Roost
|move|p2a: Sinistcha|Shadow Ball|p1a: Zapdos
|-crit|p1a: Zapdos
|-damage|p1a: Zapdos|22/100
|
|upkeep
|turn|26
|
|t:|1760736926
|switch|p2a: Excadrill|Excadrill, F|94/100
|move|p1a: Zapdos|Roost|p1a: Zapdos
|-heal|p1a: Zapdos|72/100
|-singleturn|p1a: Zapdos|move: Roost
|
|-heal|p2a: Excadrill|99/100|[from] item: Leftovers
|upkeep
|turn|27
|
|t:|1760736939
|switch|p1a: Pelipper|Pelipper, F|29/100
|-damage|p1a: Pelipper|4/100|[from] Stealth Rock
|-weather|RainDance|[from] ability: Drizzle|[of] p1a: Pelipper
|move|p2a: Excadrill|Substitute|p2a: Excadrill
|-start|p2a: Excadrill|Substitute
|-damage|p2a: Excadrill|75/100
|
|-weather|RainDance|[upkeep]
|-heal|p2a: Excadrill|81/100|[from] item: Leftovers
|upkeep
|turn|28
|
|t:|1760736946
|move|p2a: Excadrill|Rapid Spin|p1a: Pelipper
|-crit|p1a: Pelipper
|-damage|p1a: Pelipper|0 fnt
|-boost|p2a: Excadrill|spe|1
|faint|p1a: Pelipper
|
|-weather|RainDance|[upkeep]
|-heal|p2a: Excadrill|87/100|[from] item: Leftovers
|upkeep
|
|t:|1760736949
|switch|p1a: Barraskewda|Barraskewda, F|40/100
|-damage|p1a: Barraskewda|27/100|[from] Stealth Rock
|turn|29
|
|t:|1760736953
|move|p1a: Barraskewda|Flip Turn|p2a: Excadrill
|-supereffective|p2a: Excadrill
|-end|p2a: Excadrill|Substitute
|
|t:|1760736956
|switch|p1a: Zapdos|Zapdos|72/100|[from] Flip Turn
|move|p2a: Excadrill|Earthquake|p1a: Zapdos
|-immune|p1a: Zapdos
|
|-weather|RainDance|[upkeep]
|-heal|p2a: Excadrill|93/100|[from] item: Leftovers
|upkeep
|turn|30
|
|t:|1760736961
|switch|p2a: Ogerpon|Ogerpon-Wellspring, F|57/100
|move|p1a: Zapdos|Hurricane|p2a: Ogerpon
|-supereffective|p2a: Ogerpon
|-damage|p2a: Ogerpon|0 fnt
|faint|p2a: Ogerpon
|
|-weather|RainDance|[upkeep]
|upkeep
|
|t:|1760736971
|switch|p2a: Excadrill|Excadrill, F|93/100
|turn|31
|
|t:|1760736976
|move|p1a: Zapdos|Hurricane|p2a: Excadrill
|-resisted|p2a: Excadrill
|-damage|p2a: Excadrill|56/100
|move|p2a: Excadrill|Rock Slide|p1a: Zapdos|[miss]
|-miss|p2a: Excadrill|p1a: Zapdos
|
|-weather|none
|-heal|p2a: Excadrill|62/100|[from] item: Leftovers
|upkeep
|turn|32
|
|t:|1760736993
|move|p1a: Zapdos|Hurricane|p2a: Excadrill
|-resisted|p2a: Excadrill
|-damage|p2a: Excadrill|25/100
|-start|p2a: Excadrill|confusion
|-activate|p2a: Excadrill|confusion
|move|p2a: Excadrill|Substitute|p2a: Excadrill
|-fail|p2a: Excadrill|move: Substitute|[weak]
|
|-heal|p2a: Excadrill|31/100|[from] item: Leftovers
|upkeep
|turn|33
|
|t:|1760737003
|move|p1a: Zapdos|Hurricane|p2a: Excadrill
|-resisted|p2a: Excadrill
|-damage|p2a: Excadrill|0 fnt
|faint|p2a: Excadrill
|
|upkeep
|
|t:|1760737005
|switch|p2a: Sinistcha|Sinistcha|100/100
|turn|34
|
|t:|1760737009
|-terastallize|p2a: Sinistcha|Poison
|move|p1a: Zapdos|Hurricane|p2a: Sinistcha
|-crit|p2a: Sinistcha
|-damage|p2a: Sinistcha|0 fnt
|faint|p2a: Sinistcha
|
|upkeep
|c|☆AAA grade effort|bro
|c|☆AAA grade effort|what
|
|t:|1760737026
|switch|p2a: Moltres|Moltres|87/100
|turn|35
|
|t:|1760737032
|move|p1a: Zapdos|Thunder|p2a: Moltres|[miss]
|-miss|p1a: Zapdos|p2a: Moltres
|move|p2a: Moltres|Flamethrower|p1a: Zapdos
|-damage|p1a: Zapdos|29/100
|
|upkeep
|turn|36
|
|t:|1760737040
|move|p1a: Zapdos|Thunder|p2a: Moltres|[miss]
|-miss|p1a: Zapdos|p2a: Moltres
|move|p2a: Moltres|Flamethrower|p1a: Zapdos
|-damage|p1a: Zapdos|0 fnt
|faint|p1a: Zapdos
|
|upkeep
|
|t:|1760737043
|switch|p1a: Barraskewda|Barraskewda, F|27/100
|-damage|p1a: Barraskewda|15/100|[from] Stealth Rock
|turn|37
|
|t:|1760737050
|move|p1a: Barraskewda|Liquidation|p2a: Moltres
|-supereffective|p2a: Moltres
|-damage|p2a: Moltres|0 fnt
|-status|p1a: Barraskewda|brn|[from] ability: Flame Body|[of] p2a: Moltres
|faint|p2a: Moltres
|
|win|Bram1345
|raw|Bram1345's rating: 1401 &rarr; <strong>1422</strong><br />(+21 for winning)
|raw|AAA grade effort's rating: 1414 &rarr; <strong>1393</strong><br />(-21 for losing)
|l|☆AAA grade effort
|player|p2|
|c|☆Bram1345|gg
|l|☆Bram1345
|player|p1|
|j|☆AAA grade effort
|player|p2|AAA grade effort|twins|
