|j|☆YT-Cyber-DJ
|j|☆Af Lele.Tomas
|t:|1760790249
|gametype|singles
|player|p1|YT-Cyber-DJ|gambler|1521
|player|p2|Af Lele.Tomas|nate|1554
|gen|9
|tier|[Gen 9] OU
|rated|
|rule|HP Percentage Mod: HP is shown in percentages
|rule|Endless Battle Clause: Forcing endless battles is banned
|rule|Species Clause: Limit one of each Pokémon
|rule|OHKO Clause: OHKO moves are banned
|rule|Evasion Items Clause: Evasion items are banned
|rule|Evasion Moves Clause: Evasion moves are banned
|rule|Evasion Abilities Clause: Evasion abilities are banned
|rule|Sleep Moves Clause: Sleep-inducing moves are banned
|clearpoke
|poke|p1|Reuniclus, M|
|poke|p1|Kingambit, M|
|poke|p1|Ogerpon-Wellspring, F|
|poke|p1|Landorus-Therian, M|
|poke|p1|Iron Valiant|
|poke|p1|Cinderace, M|
|poke|p2|Indeedee, M|
|poke|p2|Armarouge, M|
|poke|p2|Iron Treads|
|poke|p2|Polteageist|
|poke|p2|Hatterene, F|
|poke|p2|Kyurem|
|teampreview
|inactive|Battle timer is ON: inactive players will automatically lose when time's up. (requested by Af Lele.Tomas)
|inactive|YT-Cyber-DJ also wants the timer to be on.
|
|t:|1760790279
|teamsize|p1|6
|teamsize|p2|6
|start
|switch|p1a: Masking the Pain|Ogerpon-Wellspring, F|100/100
|switch|p2a: Indeedee|Indeedee, M|100/100
|-fieldstart|move: Psychic Terrain|[from] ability: Psychic Surge|[of] p2a: Indeedee
|turn|1
|
|t:|1760790288
|switch|p2a: Hatterene|Hatterene, F|100/100
|move|p1a: Masking the Pain|Substitute|p1a: Masking the Pain
|-start|p1a: Masking the Pain|Substitute
|-damage|p1a: Masking the Pain|76/100
|
|upkeep
|turn|2
|
|t:|1760790294
|move|p1a: Masking the Pain|Swords Dance|p1a: Masking the Pain
|-boost|p1a: Masking the Pain|atk|2
|move|p2a: Hatterene|Psyshock|p1a: Masking the Pain
|-end|p1a: Masking the Pain|Substitute
|
|upkeep
|turn|3
|
|t:|1760790320
|move|p1a: Masking the Pain|Ivy Cudgel|p2a: Hatterene|[anim] Ivy Cudgel Water
|-damage|p2a: Hatterene|14/100
|-enditem|p2a: Hatterene|Eject Button
|
|t:|1760790325
|switch|p2a: Polteageist|Polteageist|100/100
|
|upkeep
|turn|4
|
|t:|1760790341
|move|p1a: Masking the Pain|Horn Leech|p2a: Polteageist
|-enditem|p2a: Polteageist|Focus Sash
|-damage|p2a: Polteageist|1/100
|-heal|p1a: Masking the Pain|100/100|[from] drain|[of] p2a: Polteageist
|-ability|p2a: Polteageist|Weak Armor|boost
|-unboost|p2a: Polteageist|def|1
|-boost|p2a: Polteageist|spe|2
|move|p2a: Polteageist|Shell Smash|p2a: Polteageist
|-unboost|p2a: Polteageist|def|1
|-unboost|p2a: Polteageist|spd|1
|-boost|p2a: Polteageist|atk|2
|-boost|p2a: Polteageist|spa|2
|-boost|p2a: Polteageist|spe|2
|
|upkeep
|turn|5
|inactive|YT-Cyber-DJ has 120 seconds left.
|inactive|YT-Cyber-DJ has 90 seconds left.
|j| Disscratch
|
|t:|1760790399
|move|p2a: Polteageist|Shadow Ball|p1a: Masking the Pain
|-damage|p1a: Masking the Pain|0 fnt
|faint|p1a: Masking the Pain
|
|upkeep
|
|t:|1760790418
|switch|p1a: OU's Workaholic|Landorus-Therian, M|100/100
|-ability|p1a: OU's Workaholic|Intimidate|boost
|-unboost|p2a: Polteageist|atk|1
|turn|6
|
|t:|1760790421
|switch|p1a: Madara Uchiha|Kingambit, M|100/100
|-activate|p1a: Madara Uchiha|ability: Supreme Overlord
|-start|p1a: Madara Uchiha|fallen1|[silent]
|move|p2a: Polteageist|Stored Power|p1a: Madara Uchiha
|-immune|p1a: Madara Uchiha
|
|upkeep
|turn|7
|
|t:|1760790428
|switch|p2a: Iron Treads|Iron Treads|100/100
|-enditem|p2a: Iron Treads|Booster Energy
|-activate|p2a: Iron Treads|ability: Quark Drive|[fromitem]
|-start|p2a: Iron Treads|quarkdrivespe
|-end|p1a: Madara Uchiha|fallen1|[silent]
|switch|p1a: OU's Workaholic|Landorus-Therian, M|100/100
|-ability|p1a: OU's Workaholic|Intimidate|boost
|-unboost|p2a: Iron Treads|atk|1
|
|upkeep
|turn|8
|inactive|YT-Cyber-DJ has 90 seconds left.
|
|t:|1760790434
|-end|p2a: Iron Treads|Quark Drive|[silent]
|switch|p2a: Hatterene|Hatterene, F|14/100
|move|p1a: OU's Workaholic|Earthquake|p2a: Hatterene
|-crit|p2a: Hatterene
|-damage|p2a: Hatterene|0 fnt
|faint|p2a: Hatterene
|
|-fieldend|move: Psychic Terrain
|upkeep
|
|t:|1760790436
|switch|p2a: Kyurem|Kyurem|100/100
|-ability|p2a: Kyurem|Pressure
|turn|9
|
|t:|1760790441
|move|p2a: Kyurem|Icicle Spear|p1a: OU's Workaholic
|-supereffective|p1a: OU's Workaholic
|-damage|p1a: OU's Workaholic|53/100
|-supereffective|p1a: OU's Workaholic
|-damage|p1a: OU's Workaholic|8/100
|-supereffective|p1a: OU's Workaholic
|-damage|p1a: OU's Workaholic|0 fnt
|faint|p1a: OU's Workaholic
|-hitcount|p1: OU's Workaholic|3
|
|upkeep
|
|t:|1760790448
|switch|p1a: V-800|Iron Valiant, shiny|100/100
|turn|10
|
|t:|1760790458
|switch|p2a: Iron Treads|Iron Treads|100/100
|move|p1a: V-800|Knock Off|p2a: Iron Treads
|-damage|p2a: Iron Treads|84/100
|
|upkeep
|turn|11
|
|t:|1760790461
|-end|p1a: V-800|Quark Drive|[silent]
|switch|p1a: Ace Degenerate|Cinderace, M|100/100
|move|p2a: Iron Treads|Earthquake|p1a: Ace Degenerate
|-supereffective|p1a: Ace Degenerate
|-damage|p1a: Ace Degenerate|0 fnt
|faint|p1a: Ace Degenerate
|
|upkeep
|inactive|YT-Cyber-DJ has 120 seconds left.
|
|t:|1760790468
|switch|p1a: Gummygoo|Reuniclus, M, shiny|100/100
|turn|12
|
|t:|1760790470
|move|p2a: Iron Treads|Knock Off|p1a: Gummygoo
|-supereffective|p1a: Gummygoo
|-damage|p1a: Gummygoo|35/100
|-enditem|p1a: Gummygoo|Life Orb|[from] move: Knock Off|[of] p2a: Iron Treads
|move|p1a: Gummygoo|Focus Blast|p2a: Iron Treads|[miss]
|-miss|p1a: Gummygoo|p2a: Iron Treads
|
|upkeep
|turn|13
|-message|YT-Cyber-DJ forfeited.
|
|win|Af Lele.Tomas
|raw|YT-Cyber-DJ's rating: 1521 &rarr; <strong>1503</strong><br />(-18 for losing)
|raw|Af Lele.Tomas's rating: 1554 &rarr; <strong>1572</strong><br />(+18 for winning)
|l|☆YT-Cyber-DJ
|player|p1|
|l|☆Af Lele.Tomas
|player|p2|
|l| Disscratch
