|j|☆Loser I will lose
|j|☆ilikeeatingmetal
|t:|1760818623
|gametype|singles
|player|p1|Loser I will lose|drayden|
|player|p2|ilikeeatingmetal|2|
|gen|9
|tier|[Gen 9] OU
|rule|HP Percentage Mod: HP is shown in percentages
|rule|Endless Battle Clause: Forcing endless battles is banned
|rule|Species Clause: Limit one of each Pokémon
|rule|OHKO Clause: OHKO moves are banned
|rule|Evasion Items Clause: Evasion items are banned
|rule|Evasion Moves Clause: Evasion moves are banned
|rule|Evasion Abilities Clause: Evasion abilities are banned
|rule|Sleep Moves Clause: Sleep-inducing moves are banned
|clearpoke
|poke|p1|Ribombee, M|
|poke|p1|Alomomola, M|
|poke|p1|Excadrill, F|
|poke|p1|Glaceon, M|
|poke|p1|Rotom-Heat|
|poke|p1|Cyclizar, F|
|poke|p2|Lapras, F|
|poke|p2|Abomasnow, M|
|poke|p2|Zoroark-Hisui, M|
|poke|p2|Chandelure, F|
|poke|p2|Honchkrow, F|
|poke|p2|Toxtricity-Low-Key, M|
|teampreview
|
|t:|1760818639
|teamsize|p1|6
|teamsize|p2|6
|start
|switch|p1a: 50|Cyclizar, F|100/100
|switch|p2a: poncho|Honchkrow, F, shiny|100/100
|turn|1
|
|t:|1760818665
|move|p1a: 50|U-turn|p2a: poncho
|-damage|p2a: poncho|69/100
|
|t:|1760818671
|switch|p1a: 150 (But ugly)|Excadrill, F|100/100|[from] U-turn
|-ability|p1a: 150 (But ugly)|Mold Breaker
|move|p2a: poncho|Night Slash|p1a: 150 (But ugly)
|-crit|p1a: 150 (But ugly)
|-damage|p1a: 150 (But ugly)|21/100
|
|-heal|p1a: 150 (But ugly)|27/100|[from] item: Leftovers
|upkeep
|turn|2
|
|t:|1760818774
|move|p1a: 150 (But ugly)|Iron Head|p2a: poncho
|-damage|p2a: poncho|0 fnt
|faint|p2a: poncho
|
|-heal|p1a: 150 (But ugly)|33/100|[from] item: Leftovers
|upkeep
|
|t:|1760818794
|switch|p2a: mason a bow|Abomasnow, M, shiny|100/100
|turn|3
|
|t:|1760818803
|move|p2a: mason a bow|Bitter Malice|p1a: 150 (But ugly)
|-damage|p1a: 150 (But ugly)|0 fnt
|faint|p1a: 150 (But ugly)
|
|upkeep
|
|t:|1760818810
|switch|p1a: 50|Cyclizar, F|100/100
|turn|4
|
|t:|1760818915
|move|p1a: 50|Knock Off|p2a: mason a bow
|-supereffective|p2a: mason a bow
|-damage|p2a: mason a bow|0 fnt
|replace|p2a: zoro|Zoroark-Hisui, M, shiny
|-end|p2a: zoro|Illusion
|-enditem|p2a: zoro|Spooky Plate|[from] move: Knock Off|[of] p1a: 50
|faint|p2a: zoro
|
|upkeep
|
|t:|1760818985
|switch|p2a: lazuli|Lapras, F|100/100
|turn|5
|
|t:|1760818999
|move|p1a: 50|Knock Off|p2a: lazuli
|-damage|p2a: lazuli|75/100
|-enditem|p2a: lazuli|Expert Belt|[from] move: Knock Off|[of] p1a: 50
|move|p2a: lazuli|Alluring Voice|p1a: 50
|-supereffective|p1a: 50
|-damage|p1a: 50|58/100
|
|upkeep
|turn|6
|
|t:|1760819041
|switch|p2a: mason a bow|Abomasnow, M, shiny|100/100
|-weather|Snowscape|[from] ability: Snow Warning|[of] p2a: mason a bow
|move|p1a: 50|U-turn|p2a: mason a bow
|-supereffective|p2a: mason a bow
|-damage|p2a: mason a bow|81/100
|
|t:|1760819049
|switch|p1a: 150 (But red)|Rotom-Heat|100/100|[from] U-turn
|
|-weather|Snowscape|[upkeep]
|-heal|p2a: mason a bow|87/100|[from] item: Leftovers
|upkeep
|turn|7
|
|t:|1760819129
|move|p1a: 150 (But red)|Overheat|p2a: mason a bow
|-supereffective|p2a: mason a bow
|-damage|p2a: mason a bow|0 fnt
|-unboost|p1a: 150 (But red)|spa|2
|faint|p2a: mason a bow
|
|-weather|Snowscape|[upkeep]
|upkeep
|j| DoktorVodka
|
|t:|1760819164
|switch|p2a: 6' 4" dreadhead|Toxtricity-Low-Key, M, shiny|100/100
|-item|p2a: 6' 4" dreadhead|Air Balloon
|turn|8
|
|t:|1760819175
|move|p1a: 150 (But red)|Volt Switch|p2a: 6' 4" dreadhead
|-resisted|p2a: 6' 4" dreadhead
|-crit|p2a: 6' 4" dreadhead
|-damage|p2a: 6' 4" dreadhead|78/100
|-enditem|p2a: 6' 4" dreadhead|Air Balloon
|
|t:|1760819186
|switch|p1a: 150 (But yellow)|Ribombee, M|100/100|[from] Volt Switch
|move|p2a: 6' 4" dreadhead|Boomburst|p1a: 150 (But yellow)
|-damage|p1a: 150 (But yellow)|20/100
|
|-weather|Snowscape|[upkeep]
|upkeep
|turn|9
|
|t:|1760819213
|move|p1a: 150 (But yellow)|Moonblast|p2a: 6' 4" dreadhead
|-resisted|p2a: 6' 4" dreadhead
|-damage|p2a: 6' 4" dreadhead|52/100
|move|p2a: 6' 4" dreadhead|Boomburst|p1a: 150 (But yellow)
|-damage|p1a: 150 (But yellow)|0 fnt
|faint|p1a: 150 (But yellow)
|
|-weather|Snowscape|[upkeep]
|upkeep
|
|t:|1760819222
|switch|p1a: 100|Glaceon, M|100/100
|turn|10
|
|t:|1760819251
|-terastallize|p2a: 6' 4" dreadhead|Normal
|move|p2a: 6' 4" dreadhead|Boomburst|p1a: 100
|-damage|p1a: 100|5/100
|move|p1a: 100|Ice Beam|p2a: 6' 4" dreadhead
|-damage|p2a: 6' 4" dreadhead|0 fnt
|faint|p2a: 6' 4" dreadhead
|
|-weather|none
|upkeep
|
|t:|1760819266
|switch|p2a: delulu|Chandelure, F, shiny|100/100
|turn|11
|
|t:|1760819289
|switch|p1a: 150 (But red)|Rotom-Heat|100/100
|move|p2a: delulu|Flamethrower|p1a: 150 (But red)
|-resisted|p1a: 150 (But red)
|-damage|p1a: 150 (But red)|64/100
|
|upkeep
|turn|12
|
|t:|1760819321
|move|p1a: 150 (But red)|Volt Switch|p2a: delulu
|-crit|p2a: delulu
|-damage|p2a: delulu|50/100
|
|t:|1760819326
|switch|p1a: 50|Cyclizar, F|91/100|[from] Volt Switch
|move|p2a: delulu|Flamethrower|p1a: 50
|-resisted|p1a: 50
|-damage|p1a: 50|58/100
|
|upkeep
|turn|13
|
|t:|1760819345
|switch|p2a: lazuli|Lapras, F|75/100
|move|p1a: 50|Knock Off|p2a: lazuli
|-damage|p2a: lazuli|57/100
|
|upkeep
|turn|14
|
|t:|1760819400
|move|p1a: 50|U-turn|p2a: lazuli
|-damage|p2a: lazuli|38/100
|
|t:|1760819405
|switch|p1a: 150|Alomomola, M|100/100|[from] U-turn
|move|p2a: lazuli|Freeze-Dry|p1a: 150
|-supereffective|p1a: 150
|-damage|p1a: 150|39/100
|
|upkeep
|turn|15
|
|t:|1760819415
|move|p1a: 150|Protect|p1a: 150
|-singleturn|p1a: 150|Protect
|move|p2a: lazuli|Freeze-Dry|p1a: 150
|-activate|p1a: 150|move: Protect
|
|upkeep
|turn|16
|
|t:|1760819422
|-terastallize|p1a: 150|Steel
|move|p2a: lazuli|Freeze-Dry|p1a: 150
|-resisted|p1a: 150
|-damage|p1a: 150|24/100
|move|p1a: 150|Wish|p1a: 150
|
|upkeep
|turn|17
|
|t:|1760819479
|switch|p2a: delulu|Chandelure, F, shiny|50/100
|move|p1a: 150|Flip Turn|p2a: delulu
|-supereffective|p2a: delulu
|-damage|p2a: delulu|4/100
|
|t:|1760819490
|switch|p1a: 100|Glaceon, M|5/100|[from] Flip Turn
|
|-heal|p1a: 100|100/100|[from] move: Wish|[wisher] 150
|upkeep
|turn|18
|
|t:|1760819501
|move|p2a: delulu|Flamethrower|p1a: 100
|-supereffective|p1a: 100
|-damage|p1a: 100|0 fnt
|faint|p1a: 100
|
|upkeep
|
|t:|1760819513
|switch|p1a: 50|Cyclizar, F|92/100
|turn|19
|
|t:|1760819541
|move|p1a: 50|Draco Meteor|p2a: delulu
|-damage|p2a: delulu|0 fnt
|-unboost|p1a: 50|spa|2
|faint|p2a: delulu
|
|upkeep
|
|t:|1760819547
|switch|p2a: lazuli|Lapras, F|38/100
|turn|20
|
|t:|1760819561
|move|p1a: 50|Rapid Spin|p2a: lazuli
|-damage|p2a: lazuli|19/100
|-boost|p1a: 50|spe|1
|move|p2a: lazuli|Freeze-Dry|p1a: 50
|-supereffective|p1a: 50
|-damage|p1a: 50|32/100
|-status|p1a: 50|frz
|
|upkeep
|turn|21
|
|t:|1760819572
|cant|p1a: 50|frz
|move|p2a: lazuli|Freeze-Dry|p1a: 50
|-supereffective|p1a: 50
|-damage|p1a: 50|0 fnt
|faint|p1a: 50
|
|upkeep
|
|t:|1760819579
|switch|p1a: 150 (But red)|Rotom-Heat|64/100
|turn|22
|
|t:|1760819588
|move|p1a: 150 (But red)|Volt Switch|p2a: lazuli
|-supereffective|p2a: lazuli
|-damage|p2a: lazuli|0 fnt
|faint|p2a: lazuli
|
|win|Loser I will lose
