|j|☆Elpirulas666
|j|☆Agent Dave
|t:|1760782983
|gametype|singles
|player|p1|Elpirulas666|101|1197
|player|p2|Agent Dave|hugh|1137
|gen|9
|tier|[Gen 9] OU
|rated|
|rule|HP Percentage Mod: HP is shown in percentages
|rule|Endless Battle Clause: Forcing endless battles is banned
|rule|Species Clause: Limit one of each Pokémon
|rule|OHKO Clause: OHKO moves are banned
|rule|Evasion Items Clause: Evasion items are banned
|rule|Evasion Moves Clause: Evasion moves are banned
|rule|Evasion Abilities Clause: Evasion abilities are banned
|rule|Sleep Moves Clause: Sleep-inducing moves are banned
|clearpoke
|poke|p1|Pelipper, F|
|poke|p1|Barraskewda, M|
|poke|p1|Kingambit, M|
|poke|p1|Thundurus-Therian, M|
|poke|p1|Dragapult, F|
|poke|p1|Great Tusk|
|poke|p2|Slaking, F|
|poke|p2|Kingambit, M|
|poke|p2|Gholdengo|
|poke|p2|Regirock|
|poke|p2|Sinistcha-Masterpiece|
|poke|p2|Raging Bolt|
|teampreview
|inactive|Battle timer is ON: inactive players will automatically lose when time's up. (requested by Agent Dave)
|
|t:|1760783008
|teamsize|p1|6
|teamsize|p2|6
|start
|switch|p1a: Great Tusk|Great Tusk|100/100
|switch|p2a: Regirock|Regirock, shiny|100/100
|turn|1
|
|t:|1760783015
|move|p1a: Great Tusk|Stealth Rock|p2a: Regirock
|-sidestart|p2: Agent Dave|move: Stealth Rock
|move|p2a: Regirock|Iron Defense|p2a: Regirock
|-boost|p2a: Regirock|def|2
|
|upkeep
|turn|2
|
|t:|1760783043
|move|p1a: Great Tusk|Headlong Rush|p2a: Regirock
|-supereffective|p2a: Regirock
|-damage|p2a: Regirock|75/100
|-unboost|p1a: Great Tusk|def|1
|-unboost|p1a: Great Tusk|spd|1
|move|p2a: Regirock|Iron Defense|p2a: Regirock
|-boost|p2a: Regirock|def|2
|
|-heal|p2a: Regirock|81/100|[from] item: Leftovers
|upkeep
|turn|3
|inactive|Agent Dave has 120 seconds left.
|
|t:|1760783096
|-end|p1a: Great Tusk|Protosynthesis|[silent]
|switch|p1a: Dragapult|Dragapult, F|100/100
|move|p2a: Regirock|Iron Defense|p2a: Regirock
|-boost|p2a: Regirock|def|2
|
|-heal|p2a: Regirock|87/100|[from] item: Leftovers
|upkeep
|turn|4
|
|t:|1760783105
|-terastallize|p1a: Dragapult|Water
|move|p1a: Dragapult|Surf|p2a: Regirock
|-supereffective|p2a: Regirock
|-damage|p2a: Regirock|0 fnt
|faint|p2a: Regirock
|
|upkeep
|
|t:|1760783112
|switch|p2a: Slaking|Slaking, F, shiny|100/100
|-damage|p2a: Slaking|88/100|[from] Stealth Rock
|turn|5
|
|t:|1760783118
|-terastallize|p2a: Slaking|Normal
|move|p1a: Dragapult|Surf|p2a: Slaking
|-damage|p2a: Slaking|27/100
|move|p2a: Slaking|Giga Impact|p1a: Dragapult
|-damage|p1a: Dragapult|0 fnt
|-mustrecharge|p2a: Slaking
|faint|p1a: Dragapult
|
|upkeep
|
|t:|1760783126
|switch|p1a: Pelipper|Pelipper, F|100/100
|-weather|RainDance|[from] ability: Drizzle|[of] p1a: Pelipper
|turn|6
|
|t:|1760783131
|cant|p2a: Slaking|recharge
|move|p1a: Pelipper|Hurricane|p2a: Slaking
|-damage|p2a: Slaking|0 fnt
|faint|p2a: Slaking
|
|-weather|RainDance|[upkeep]
|upkeep
|inactive|Agent Dave has 120 seconds left.
|
|t:|1760783143
|switch|p2a: Sinistcha|Sinistcha-Masterpiece, shiny|100/100
|-damage|p2a: Sinistcha|88/100|[from] Stealth Rock
|turn|7
|inactive|Agent Dave has 120 seconds left.
|
|t:|1760783155
|switch|p2a: Raging Bolt|Raging Bolt|100/100
|-damage|p2a: Raging Bolt|88/100|[from] Stealth Rock
|-enditem|p2a: Raging Bolt|Booster Energy
|-activate|p2a: Raging Bolt|ability: Protosynthesis|[fromitem]
|-start|p2a: Raging Bolt|protosynthesisspa
|move|p1a: Pelipper|U-turn|p2a: Raging Bolt
|-damage|p2a: Raging Bolt|82/100
|
|t:|1760783169
|switch|p1a: Thundurus|Thundurus-Therian, M|100/100|[from] U-turn
|
|-weather|RainDance|[upkeep]
|upkeep
|turn|8
|
|t:|1760783180
|switch|p1a: Great Tusk|Great Tusk|100/100
|move|p2a: Raging Bolt|Thunderclap||[still]
|-fail|p2a: Raging Bolt
|
|-weather|RainDance|[upkeep]
|upkeep
|turn|9
|
|t:|1760783194
|-end|p2a: Raging Bolt|Protosynthesis|[silent]
|switch|p2a: Sinistcha|Sinistcha-Masterpiece, shiny|88/100
|-damage|p2a: Sinistcha|76/100|[from] Stealth Rock
|move|p1a: Great Tusk|Ice Spinner|p2a: Sinistcha
|-supereffective|p2a: Sinistcha
|-damage|p2a: Sinistcha|32/100
|
|-weather|RainDance|[upkeep]
|-heal|p2a: Sinistcha|38/100|[from] item: Leftovers
|upkeep
|turn|10
|inactive|Agent Dave has 120 seconds left.
|
|t:|1760783213
|move|p1a: Great Tusk|Ice Spinner|p2a: Sinistcha
|-supereffective|p2a: Sinistcha
|-damage|p2a: Sinistcha|0 fnt
|faint|p2a: Sinistcha
|
|-weather|RainDance|[upkeep]
|upkeep
|inactive|Agent Dave has 120 seconds left.
|
|t:|1760783226
|switch|p2a: Raging Bolt|Raging Bolt|82/100
|-damage|p2a: Raging Bolt|69/100|[from] Stealth Rock
|turn|11
|inactive|Agent Dave has 120 seconds left.
|
|t:|1760783231
|move|p1a: Great Tusk|Headlong Rush|p2a: Raging Bolt
|-supereffective|p2a: Raging Bolt
|-damage|p2a: Raging Bolt|0 fnt
|-unboost|p1a: Great Tusk|def|1
|-unboost|p1a: Great Tusk|spd|1
|faint|p2a: Raging Bolt
|-end|p2a: Raging Bolt|Protosynthesis|[silent]
|
|-weather|RainDance|[upkeep]
|upkeep
|inactive|Agent Dave has 120 seconds left.
|
|t:|1760783240
|switch|p2a: Gholdengo|Gholdengo|100/100
|-damage|p2a: Gholdengo|94/100|[from] Stealth Rock
|turn|12
|
|t:|1760783247
|move|p1a: Great Tusk|Headlong Rush|p2a: Gholdengo
|-supereffective|p2a: Gholdengo
|-damage|p2a: Gholdengo|0 fnt
|-unboost|p1a: Great Tusk|def|1
|-unboost|p1a: Great Tusk|spd|1
|faint|p2a: Gholdengo
|
|-weather|RainDance|[upkeep]
|upkeep
|
|t:|1760783254
|switch|p2a: Kingambit|Kingambit, M, shiny|100/100
|-damage|p2a: Kingambit|94/100|[from] Stealth Rock
|-activate|p2a: Kingambit|ability: Supreme Overlord
|-start|p2a: Kingambit|fallen5|[silent]
|turn|13
|
|t:|1760783261
|-end|p1a: Great Tusk|Protosynthesis|[silent]
|switch|p1a: Thundurus|Thundurus-Therian, M|100/100
|move|p2a: Kingambit|Sucker Punch||[still]
|-fail|p2a: Kingambit
|
|-weather|none
|upkeep
|turn|14
|
|t:|1760783267
|move|p1a: Thundurus|Thunder|p2a: Kingambit
|-damage|p2a: Kingambit|37/100
|move|p2a: Kingambit|Swords Dance|p2a: Kingambit
|-boost|p2a: Kingambit|atk|2
|
|upkeep
|turn|15
|
|t:|1760783276
|move|p2a: Kingambit|Sucker Punch|p1a: Thundurus
|-damage|p1a: Thundurus|0 fnt
|faint|p1a: Thundurus
|
|upkeep
|
|t:|1760783278
|switch|p1a: Pelipper|Pelipper, F|100/100
|-weather|RainDance|[from] ability: Drizzle|[of] p1a: Pelipper
|turn|16
|
|t:|1760783284
|move|p2a: Kingambit|Sucker Punch|p1a: Pelipper
|-damage|p1a: Pelipper|0 fnt
|faint|p1a: Pelipper
|
|-weather|RainDance|[upkeep]
|upkeep
|
|t:|1760783286
|switch|p1a: Barraskewda|Barraskewda, M|100/100
|turn|17
|
|t:|1760783290
|move|p1a: Barraskewda|Aqua Jet|p2a: Kingambit
|-damage|p2a: Kingambit|1/100
|move|p2a: Kingambit|Sucker Punch||[still]
|-fail|p2a: Kingambit
|
|-weather|RainDance|[upkeep]
|upkeep
|turn|18
|
|t:|1760783300
|move|p1a: Barraskewda|Aqua Jet|p2a: Kingambit
|-damage|p2a: Kingambit|0 fnt
|faint|p2a: Kingambit
|-end|p2a: Kingambit|fallen5|[silent]
|
|win|Elpirulas666
|raw|Elpirulas666's rating: 1197 &rarr; <strong>1218</strong><br />(+21 for winning)
|raw|Agent Dave's rating: 1137 &rarr; <strong>1116</strong><br />(-21 for losing)
|l|☆Agent Dave
|player|p2|
|l|☆Elpirulas666
|player|p1|
