|j|☆sahsingh
|j|☆TrentMercer
|t:|1760759863
|gametype|singles
|player|p1|sahsingh|265|1662
|player|p2|TrentMercer|n|1709
|gen|9
|tier|[Gen 9] OU
|rated|
|rule|HP Percentage Mod: HP is shown in percentages
|rule|Endless Battle Clause: Forcing endless battles is banned
|rule|Species Clause: Limit one of each Pokémon
|rule|OHKO Clause: OHKO moves are banned
|rule|Evasion Items Clause: Evasion items are banned
|rule|Evasion Moves Clause: Evasion moves are banned
|rule|Evasion Abilities Clause: Evasion abilities are banned
|rule|Sleep Moves Clause: Sleep-inducing moves are banned
|clearpoke
|poke|p1|Tyranitar, M|
|poke|p1|Excadrill, F|
|poke|p1|Keldeo-Resolute|
|poke|p1|Tornadus-Therian, M|
|poke|p1|Heatran, M|
|poke|p1|Hydrapple, M|
|poke|p2|Great Tusk|
|poke|p2|Slowking-Galar, M|
|poke|p2|Zapdos|
|poke|p2|Crawdaunt, F|
|poke|p2|Chandelure, M|
|poke|p2|Scizor, M|
|teampreview
|inactive|Battle timer is ON: inactive players will automatically lose when time's up. (requested by TrentMercer)
|
|t:|1760759878
|teamsize|p1|6
|teamsize|p2|6
|start
|switch|p1a: Tornadus|Tornadus-Therian, M|100/100
|switch|p2a: Zapdos|Zapdos|100/100
|turn|1
|
|t:|1760759889
|switch|p1a: Excadrill|Excadrill, F|100/100
|-item|p1a: Excadrill|Air Balloon
|move|p2a: Zapdos|Volt Switch|p1a: Excadrill
|-immune|p1a: Excadrill
|
|upkeep
|turn|2
|
|t:|1760759899
|switch|p1a: Heatran|Heatran, M|100/100
|switch|p2a: Scizor|Scizor, M|100/100
|
|upkeep
|turn|3
|
|t:|1760759914
|-terastallize|p2a: Scizor|Fire
|move|p1a: Heatran|Stealth Rock|p2a: Scizor
|-sidestart|p2: TrentMercer|move: Stealth Rock
|move|p2a: Scizor|Close Combat|p1a: Heatran
|-supereffective|p1a: Heatran
|-damage|p1a: Heatran|0 fnt
|-unboost|p2a: Scizor|def|1
|-unboost|p2a: Scizor|spd|1
|faint|p1a: Heatran
|-damage|p2a: Scizor|91/100|[from] item: Life Orb
|
|upkeep
|
|t:|1760759926
|switch|p1a: Keldeo|Keldeo-Resolute|100/100
|turn|4
|
|t:|1760759929
|switch|p2a: Slowking|Slowking-Galar, M|100/100
|-damage|p2a: Slowking|88/100|[from] Stealth Rock
|move|p1a: Keldeo|Flip Turn|p2a: Slowking
|-damage|p2a: Slowking|74/100
|
|t:|1760759935
|switch|p1a: Tyranitar|Tyranitar, M|100/100|[from] Flip Turn
|-weather|Sandstorm|[from] ability: Sand Stream|[of] p1a: Tyranitar
|
|-weather|Sandstorm|[upkeep]
|-damage|p2a: Slowking|68/100|[from] Sandstorm
|upkeep
|turn|5
|
|t:|1760759941
|switch|p2a: Crawdaunt|Crawdaunt, F|100/100
|-damage|p2a: Crawdaunt|88/100|[from] Stealth Rock
|move|p1a: Tyranitar|Ice Punch|p2a: Crawdaunt
|-resisted|p2a: Crawdaunt
|-damage|p2a: Crawdaunt|54/100
|
|-weather|Sandstorm|[upkeep]
|-damage|p2a: Crawdaunt|48/100|[from] Sandstorm
|upkeep
|turn|6
|
|t:|1760759950
|switch|p1a: Hydrapple|Hydrapple, M|100/100
|move|p2a: Crawdaunt|Crabhammer|p1a: Hydrapple
|-resisted|p1a: Hydrapple
|-damage|p1a: Hydrapple|86/100
|-damage|p2a: Crawdaunt|31/100|[from] item: Rocky Helmet|[of] p1a: Hydrapple
|
|-weather|Sandstorm|[upkeep]
|-damage|p2a: Crawdaunt|25/100|[from] Sandstorm
|-damage|p1a: Hydrapple|80/100|[from] Sandstorm
|upkeep
|turn|7
|
|t:|1760759960
|switch|p2a: Slowking|Slowking-Galar, M|100/100
|-damage|p2a: Slowking|88/100|[from] Stealth Rock
|move|p1a: Hydrapple|Earth Power|p2a: Slowking
|-supereffective|p2a: Slowking
|-damage|p2a: Slowking|66/100
|
|-weather|Sandstorm|[upkeep]
|-damage|p1a: Hydrapple|74/100|[from] Sandstorm
|-damage|p2a: Slowking|60/100|[from] Sandstorm
|upkeep
|turn|8
|
|t:|1760759967
|switch|p1a: Excadrill|Excadrill, F|100/100
|-item|p1a: Excadrill|Air Balloon
|switch|p2a: Crawdaunt|Crawdaunt, F|25/100
|-damage|p2a: Crawdaunt|13/100|[from] Stealth Rock
|
|-weather|none
|upkeep
|turn|9
|
|t:|1760759972
|switch|p1a: Hydrapple|Hydrapple, M|100/100
|move|p2a: Crawdaunt|Aqua Jet|p1a: Hydrapple
|-resisted|p1a: Hydrapple
|-damage|p1a: Hydrapple|94/100
|-damage|p2a: Crawdaunt|0 fnt|[from] item: Rocky Helmet|[of] p1a: Hydrapple
|faint|p2a: Crawdaunt
|
|upkeep
|
|t:|1760759985
|switch|p2a: Zapdos|Zapdos|100/100
|turn|10
|
|t:|1760759989
|switch|p1a: Tyranitar|Tyranitar, M|100/100
|-weather|Sandstorm|[from] ability: Sand Stream|[of] p1a: Tyranitar
|move|p2a: Zapdos|Hurricane|p1a: Tyranitar
|-resisted|p1a: Tyranitar
|-damage|p1a: Tyranitar|86/100
|-start|p1a: Tyranitar|confusion
|
|-weather|Sandstorm|[upkeep]
|-damage|p2a: Zapdos|94/100|[from] Sandstorm
|upkeep
|turn|11
|
|t:|1760760000
|move|p2a: Zapdos|Volt Switch|p1a: Tyranitar
|-damage|p1a: Tyranitar|68/100
|
|t:|1760760004
|switch|p2a: Great Tusk|Great Tusk|100/100|[from] Volt Switch
|-damage|p2a: Great Tusk|98/100|[from] Stealth Rock
|-enditem|p2a: Great Tusk|Booster Energy
|-activate|p2a: Great Tusk|ability: Protosynthesis|[fromitem]
|-start|p2a: Great Tusk|protosynthesisatk
|-activate|p1a: Tyranitar|confusion
|move|p1a: Tyranitar|Knock Off|p2a: Great Tusk
|-resisted|p2a: Great Tusk
|-damage|p2a: Great Tusk|76/100
|
|-weather|Sandstorm|[upkeep]
|upkeep
|turn|12
|
|t:|1760760017
|switch|p1a: Tornadus|Tornadus-Therian, M|100/100
|move|p2a: Great Tusk|Rapid Spin|p1a: Tornadus
|-crit|p1a: Tornadus
|-damage|p1a: Tornadus|62/100
|-boost|p2a: Great Tusk|spe|1
|-sideend|p2: TrentMercer|Stealth Rock|[from] move: Rapid Spin|[of] p2a: Great Tusk
|
|-weather|Sandstorm|[upkeep]
|-damage|p1a: Tornadus|56/100|[from] Sandstorm
|upkeep
|turn|13
|
|t:|1760760027
|-terastallize|p1a: Tornadus|Steel
|move|p2a: Great Tusk|Ice Spinner|p1a: Tornadus
|-resisted|p1a: Tornadus
|-damage|p1a: Tornadus|36/100
|move|p1a: Tornadus|Bleakwind Storm|p2a: Great Tusk
|-supereffective|p2a: Great Tusk
|-damage|p2a: Great Tusk|0 fnt
|faint|p2a: Great Tusk
|-end|p2a: Great Tusk|Protosynthesis|[silent]
|
|-weather|Sandstorm|[upkeep]
|upkeep
|
|t:|1760760053
|switch|p2a: Chandelure|Chandelure, M, shiny|100/100
|turn|14
|
|t:|1760760068
|switch|p1a: Hydrapple|Hydrapple, M|100/100
|move|p2a: Chandelure|Fire Blast|p1a: Hydrapple
|-damage|p1a: Hydrapple|38/100
|
|-weather|none
|upkeep
|turn|15
|
|t:|1760760078
|switch|p1a: Keldeo|Keldeo-Resolute|100/100
|move|p2a: Chandelure|Fire Blast|p1a: Keldeo
|-resisted|p1a: Keldeo
|-damage|p1a: Keldeo|64/100
|
|upkeep
|turn|16
|
|t:|1760760086
|switch|p2a: Slowking|Slowking-Galar, M|93/100
|move|p1a: Keldeo|Flip Turn|p2a: Slowking
|-damage|p2a: Slowking|78/100
|
|t:|1760760089
|switch|p1a: Tyranitar|Tyranitar, M|68/100|[from] Flip Turn
|-weather|Sandstorm|[from] ability: Sand Stream|[of] p1a: Tyranitar
|
|-weather|Sandstorm|[upkeep]
|-damage|p2a: Slowking|72/100|[from] Sandstorm
|upkeep
|turn|17
|
|t:|1760760111
|switch|p2a: Scizor|Scizor, M, tera:Fire|91/100
|move|p1a: Tyranitar|Knock Off|p2a: Scizor
|-damage|p2a: Scizor|0 fnt
|-enditem|p2a: Scizor|Life Orb|[from] move: Knock Off|[of] p1a: Tyranitar
|faint|p2a: Scizor
|
|-weather|Sandstorm|[upkeep]
|upkeep
|
|t:|1760760121
|switch|p2a: Chandelure|Chandelure, M, shiny|100/100
|turn|18
|
|t:|1760760130
|switch|p1a: Hydrapple|Hydrapple, M|71/100
|move|p2a: Chandelure|Energy Ball|p1a: Hydrapple
|-resisted|p1a: Hydrapple
|-damage|p1a: Hydrapple|63/100
|
|-weather|Sandstorm|[upkeep]
|-damage|p2a: Chandelure|94/100|[from] Sandstorm
|-damage|p1a: Hydrapple|57/100|[from] Sandstorm
|upkeep
|turn|19
|
|t:|1760760139
|switch|p2a: Slowking|Slowking-Galar, M|100/100
|switch|p1a: Tornadus|Tornadus-Therian, M, tera:Steel|69/100
|
|-weather|Sandstorm|[upkeep]
|-damage|p2a: Slowking|94/100|[from] Sandstorm
|upkeep
|turn|20
|
|t:|1760760142
|move|p1a: Tornadus|Taunt|p2a: Slowking
|-start|p2a: Slowking|move: Taunt
|move|p2a: Slowking|Flamethrower|p1a: Tornadus
|-supereffective|p1a: Tornadus
|-damage|p1a: Tornadus|11/100
|
|-weather|none
|upkeep
|turn|21
|
|t:|1760760150
|move|p1a: Tornadus|U-turn|p2a: Slowking
|-damage|p2a: Slowking|80/100
|
|t:|1760760153
|switch|p1a: Tyranitar|Tyranitar, M|68/100|[from] U-turn
|-weather|Sandstorm|[from] ability: Sand Stream|[of] p1a: Tyranitar
|move|p2a: Slowking|Sludge Bomb|p1a: Tyranitar
|-resisted|p1a: Tyranitar
|-damage|p1a: Tyranitar|55/100
|
|-weather|Sandstorm|[upkeep]
|-damage|p2a: Slowking|74/100|[from] Sandstorm
|upkeep
|turn|22
|
|t:|1760760157
|switch|p2a: Zapdos|Zapdos|94/100
|move|p1a: Tyranitar|Knock Off|p2a: Zapdos
|-damage|p2a: Zapdos|30/100
|-enditem|p2a: Zapdos|Heavy-Duty Boots|[from] move: Knock Off|[of] p1a: Tyranitar
|
|-weather|Sandstorm|[upkeep]
|-damage|p2a: Zapdos|24/100|[from] Sandstorm
|upkeep
|turn|23
|
|t:|1760760169
|move|p2a: Zapdos|Roost|p2a: Zapdos
|-heal|p2a: Zapdos|74/100
|-singleturn|p2a: Zapdos|move: Roost
|move|p1a: Tyranitar|Knock Off|p2a: Zapdos
|-damage|p2a: Zapdos|36/100
|
|-weather|Sandstorm|[upkeep]
|-damage|p2a: Zapdos|30/100|[from] Sandstorm
|upkeep
|turn|24
|
|t:|1760760179
|switch|p1a: Excadrill|Excadrill, F|100/100
|-item|p1a: Excadrill|Air Balloon
|move|p2a: Zapdos|Roost|p2a: Zapdos
|-heal|p2a: Zapdos|80/100
|-singleturn|p2a: Zapdos|move: Roost
|
|-weather|Sandstorm|[upkeep]
|-damage|p2a: Zapdos|74/100|[from] Sandstorm
|upkeep
|turn|25
|
|t:|1760760188
|move|p1a: Excadrill|Swords Dance|p1a: Excadrill
|-boost|p1a: Excadrill|atk|2
|move|p2a: Zapdos|Hurricane|p1a: Excadrill|[miss]
|-miss|p2a: Zapdos|p1a: Excadrill
|
|-weather|none
|upkeep
|turn|26
|
|t:|1760760195
|move|p1a: Excadrill|Iron Head|p2a: Zapdos
|-resisted|p2a: Zapdos
|-damage|p2a: Zapdos|41/100
|move|p2a: Zapdos|Hurricane|p1a: Excadrill
|-resisted|p1a: Excadrill
|-damage|p1a: Excadrill|72/100
|-start|p1a: Excadrill|confusion
|-enditem|p1a: Excadrill|Air Balloon
|
|upkeep
|turn|27
|
|t:|1760760205
|switch|p2a: Chandelure|Chandelure, M, shiny|94/100
|-activate|p1a: Excadrill|confusion
|-damage|p1a: Excadrill|28/100|[from] confusion
|
|upkeep
|turn|28
|
|t:|1760760215
|switch|p1a: Hydrapple|Hydrapple, M|90/100
|move|p2a: Chandelure|Fire Blast|p1a: Hydrapple
|-damage|p1a: Hydrapple|28/100
|-status|p1a: Hydrapple|brn
|
|-damage|p1a: Hydrapple|22/100 brn|[from] brn
|upkeep
|turn|29
|
|t:|1760760224
|move|p2a: Chandelure|Fire Blast|p1a: Hydrapple
|-damage|p1a: Hydrapple|0 fnt
|faint|p1a: Hydrapple
|
|upkeep
|
|t:|1760760227
|switch|p1a: Tyranitar|Tyranitar, M|55/100
|-weather|Sandstorm|[from] ability: Sand Stream|[of] p1a: Tyranitar
|turn|30
|
|t:|1760760231
|move|p2a: Chandelure|Fire Blast|p1a: Tyranitar
|-resisted|p1a: Tyranitar
|-damage|p1a: Tyranitar|33/100
|move|p1a: Tyranitar|Stone Edge|p2a: Chandelure
|-supereffective|p2a: Chandelure
|-damage|p2a: Chandelure|0 fnt
|faint|p2a: Chandelure
|
|-weather|Sandstorm|[upkeep]
|upkeep
|j| But The Government
|
|t:|1760760238
|switch|p2a: Slowking|Slowking-Galar, M|100/100
|turn|31
|
|t:|1760760246
|switch|p1a: Tornadus|Tornadus-Therian, M, tera:Steel|44/100
|move|p2a: Slowking|Flamethrower|p1a: Tornadus
|-supereffective|p1a: Tornadus
|-damage|p1a: Tornadus|0 fnt
|faint|p1a: Tornadus
|
|-weather|Sandstorm|[upkeep]
|-damage|p2a: Slowking|94/100|[from] Sandstorm
|upkeep
|
|t:|1760760255
|switch|p1a: Tyranitar|Tyranitar, M|33/100
|turn|32
|
|t:|1760760260
|move|p1a: Tyranitar|Knock Off|p2a: Slowking
|-supereffective|p2a: Slowking
|-damage|p2a: Slowking|0 fnt
|-enditem|p2a: Slowking|Assault Vest|[from] move: Knock Off|[of] p1a: Tyranitar
|faint|p2a: Slowking
|
|-weather|Sandstorm|[upkeep]
|upkeep
|
|t:|1760760262
|switch|p2a: Zapdos|Zapdos|41/100
|turn|33
|
|t:|1760760265
|switch|p1a: Excadrill|Excadrill, F|28/100
|move|p2a: Zapdos|Roost|p2a: Zapdos
|-heal|p2a: Zapdos|91/100
|-singleturn|p2a: Zapdos|move: Roost
|
|-weather|Sandstorm|[upkeep]
|-damage|p2a: Zapdos|85/100|[from] Sandstorm
|upkeep
|turn|34
|
|t:|1760760269
|move|p1a: Excadrill|Iron Head|p2a: Zapdos
|-resisted|p2a: Zapdos
|-crit|p2a: Zapdos
|-damage|p2a: Zapdos|58/100
|move|p2a: Zapdos|Hurricane|p1a: Excadrill
|-resisted|p1a: Excadrill
|-damage|p1a: Excadrill|0 fnt
|faint|p1a: Excadrill
|
|-weather|none
|upkeep
|
|t:|1760760271
|switch|p1a: Keldeo|Keldeo-Resolute|64/100
|turn|35
|
|t:|1760760275
|move|p1a: Keldeo|Surf|p2a: Zapdos
|-damage|p2a: Zapdos|0 fnt
|faint|p2a: Zapdos
|
|win|sahsingh
|raw|sahsingh's rating: 1662 &rarr; <strong>1685</strong><br />(+23 for winning)
|raw|TrentMercer's rating: 1709 &rarr; <strong>1686</strong><br />(-23 for losing)
|l|☆TrentMercer
|player|p2|
|l| But The Government
|l|☆sahsingh
|player|p1|
