|j|☆manwhocouldntcook
|j|☆Kaipro
|t:|1760809137
|gametype|singles
|player|p1|manwhocouldntcook|2|1505
|player|p2|Kaipro|#epl2023realaegislash|1523
|gen|9
|tier|[Gen 9] OU
|rated|
|rule|HP Percentage Mod: HP is shown in percentages
|rule|Endless Battle Clause: Forcing endless battles is banned
|rule|Species Clause: Limit one of each Pokémon
|rule|OHKO Clause: OHKO moves are banned
|rule|Evasion Items Clause: Evasion items are banned
|rule|Evasion Moves Clause: Evasion moves are banned
|rule|Evasion Abilities Clause: Evasion abilities are banned
|rule|Sleep Moves Clause: Sleep-inducing moves are banned
|clearpoke
|poke|p1|Kilowattrel, M|
|poke|p1|Scizor, M|
|poke|p1|Ogerpon-Wellspring, F|
|poke|p1|Brambleghast, M|
|poke|p1|Weezing-Galar, F|
|poke|p1|Deoxys-Speed|
|poke|p2|Kingambit, M|
|poke|p2|Iron Moth|
|poke|p2|Serperior, F|
|poke|p2|Zamazenta-*|
|poke|p2|Hatterene, F|
|poke|p2|Ursaluna, M|
|teampreview
|inactive|Battle timer is ON: inactive players will automatically lose when time's up. (requested by manwhocouldntcook)
|
|t:|1760809174
|teamsize|p1|6
|teamsize|p2|6
|start
|switch|p1a: Deoxys|Deoxys-Speed|100/100
|switch|p2a: Serperior|Serperior, F|100/100
|-ability|p1a: Deoxys|Pressure
|turn|1
|
|t:|1760809178
|switch|p1a: Kilowattrel|Kilowattrel, M|100/100
|move|p2a: Serperior|Glare|p1a: Kilowattrel
|-immune|p1a: Kilowattrel
|
|upkeep
|turn|2
|
|t:|1760809188
|switch|p2a: Kingambit|Kingambit, M|100/100
|move|p1a: Kilowattrel|Volt Switch|p2a: Kingambit
|-damage|p2a: Kingambit|68/100
|
|t:|1760809195
|switch|p1a: Scizor|Scizor, M|100/100|[from] Volt Switch
|
|-heal|p2a: Kingambit|74/100|[from] item: Leftovers
|upkeep
|turn|3
|
|t:|1760809203
|move|p1a: Scizor|Swords Dance|p1a: Scizor
|-boost|p1a: Scizor|atk|2
|move|p2a: Kingambit|Kowtow Cleave|p1a: Scizor
|-damage|p1a: Scizor|50/100
|
|-heal|p2a: Kingambit|80/100|[from] item: Leftovers
|upkeep
|turn|4
|
|t:|1760809212
|-end|p2a: Kingambit|fallenundefined|[silent]
|switch|p2a: Iron Moth|Iron Moth|100/100
|move|p1a: Scizor|Knock Off|p2a: Iron Moth
|-damage|p2a: Iron Moth|0 fnt
|-enditem|p2a: Iron Moth|Heavy-Duty Boots|[from] move: Knock Off|[of] p1a: Scizor
|faint|p2a: Iron Moth
|-end|p2a: Iron Moth|Quark Drive|[silent]
|
|upkeep
|
|t:|1760809224
|switch|p2a: Zamazenta|Zamazenta|100/100
|-ability|p2a: Zamazenta|Dauntless Shield|boost
|-boost|p2a: Zamazenta|def|1
|turn|5
|
|t:|1760809239
|switch|p1a: Deoxys|Deoxys-Speed|100/100
|-ability|p1a: Deoxys|Pressure
|move|p2a: Zamazenta|Iron Defense|p2a: Zamazenta
|-boost|p2a: Zamazenta|def|2
|
|upkeep
|turn|6
|
|t:|1760809253
|-terastallize|p2a: Zamazenta|Fire
|move|p1a: Deoxys|Psycho Boost|p2a: Zamazenta
|-damage|p2a: Zamazenta|62/100
|-unboost|p1a: Deoxys|spa|2
|move|p2a: Zamazenta|Crunch|p1a: Deoxys
|-supereffective|p1a: Deoxys
|-damage|p1a: Deoxys|32/100
|-damage|p2a: Zamazenta|46/100|[from] item: Rocky Helmet|[of] p1a: Deoxys
|
|-heal|p2a: Zamazenta|52/100|[from] item: Leftovers
|upkeep
|turn|7
|
|t:|1760809260
|move|p1a: Deoxys|Stealth Rock|p2a: Zamazenta
|-sidestart|p2: Kaipro|move: Stealth Rock
|move|p2a: Zamazenta|Body Press|p1a: Deoxys
|-resisted|p1a: Deoxys
|-damage|p1a: Deoxys|0 fnt
|-damage|p2a: Zamazenta|36/100|[from] item: Rocky Helmet|[of] p1a: Deoxys
|faint|p1a: Deoxys
|
|-heal|p2a: Zamazenta|42/100|[from] item: Leftovers
|upkeep
|
|t:|1760809271
|switch|p1a: Kilowattrel|Kilowattrel, M|100/100
|turn|8
|
|t:|1760809274
|move|p2a: Zamazenta|Crunch|p1a: Kilowattrel
|-damage|p1a: Kilowattrel|58/100
|move|p1a: Kilowattrel|Volt Switch|p2a: Zamazenta
|-crit|p2a: Zamazenta
|-damage|p2a: Zamazenta|3/100
|
|t:|1760809279
|switch|p1a: Scizor|Scizor, M|50/100|[from] Volt Switch
|
|-heal|p2a: Zamazenta|9/100|[from] item: Leftovers
|upkeep
|turn|9
|
|t:|1760809283
|move|p1a: Scizor|Bullet Punch|p2a: Zamazenta
|-resisted|p2a: Zamazenta
|-damage|p2a: Zamazenta|4/100
|move|p2a: Zamazenta|Body Press|p1a: Scizor
|-damage|p1a: Scizor|0 fnt
|faint|p1a: Scizor
|
|-heal|p2a: Zamazenta|11/100|[from] item: Leftovers
|upkeep
|
|t:|1760809287
|switch|p1a: Kilowattrel|Kilowattrel, M|58/100
|turn|10
|
|t:|1760809290
|move|p2a: Zamazenta|Body Press|p1a: Kilowattrel
|-resisted|p1a: Kilowattrel
|-damage|p1a: Kilowattrel|0 fnt
|faint|p1a: Kilowattrel
|
|-heal|p2a: Zamazenta|17/100|[from] item: Leftovers
|upkeep
|
|t:|1760809293
|switch|p1a: Ogerpon|Ogerpon-Wellspring, F|100/100
|turn|11
|
|t:|1760809295
|move|p2a: Zamazenta|Body Press|p1a: Ogerpon
|-damage|p1a: Ogerpon|0 fnt
|faint|p1a: Ogerpon
|
|-heal|p2a: Zamazenta|23/100|[from] item: Leftovers
|upkeep
|
|t:|1760809297
|switch|p1a: Brambleghast|Brambleghast, M|100/100
|turn|12
|
|t:|1760809300
|move|p2a: Zamazenta|Crunch|p1a: Brambleghast
|-supereffective|p1a: Brambleghast
|-damage|p1a: Brambleghast|34/100
|move|p1a: Brambleghast|Poltergeist|p2a: Zamazenta
|-activate|p2a: Zamazenta|move: Poltergeist|Leftovers
|-damage|p2a: Zamazenta|10/100
|
|-heal|p2a: Zamazenta|16/100|[from] item: Leftovers
|upkeep
|turn|13
|-message|manwhocouldntcook forfeited.
|
|win|Kaipro
|raw|manwhocouldntcook's rating: 1505 &rarr; <strong>1486</strong><br />(-19 for losing)
|raw|Kaipro's rating: 1523 &rarr; <strong>1542</strong><br />(+19 for winning)
|l|☆manwhocouldntcook
|player|p1|
|l|☆Kaipro
|player|p2|
