|j|☆himal_ad321
|j|☆BorderofSeal
|t:|1760839183
|gametype|singles
|player|p1|himal_ad321|cynthia|1343
|player|p2|BorderofSeal|1|1445
|gen|9
|tier|[Gen 9] OU
|rated|
|rule|HP Percentage Mod: HP is shown in percentages
|rule|Endless Battle Clause: Forcing endless battles is banned
|rule|Species Clause: Limit one of each Pokémon
|rule|OHKO Clause: OHKO moves are banned
|rule|Evasion Items Clause: Evasion items are banned
|rule|Evasion Moves Clause: Evasion moves are banned
|rule|Evasion Abilities Clause: Evasion abilities are banned
|rule|Sleep Moves Clause: Sleep-inducing moves are banned
|clearpoke
|poke|p1|Arcanine-Hisui, M|
|poke|p1|Darkrai|
|poke|p1|Great Tusk|
|poke|p1|Hatterene, F|
|poke|p1|Ogerpon-Wellspring, F|
|poke|p1|Zapdos|
|poke|p2|Weavile, F|
|poke|p2|Dragapult, F|
|poke|p2|Great Tusk|
|poke|p2|Slowking-Galar, F|
|poke|p2|Samurott-Hisui, M|
|poke|p2|Scizor, F|
|teampreview
|inactive|Battle timer is ON: inactive players will automatically lose when time's up. (requested by BorderofSeal)
|inactive|himal_ad321 also wants the timer to be on.
|
|t:|1760839199
|teamsize|p1|6
|teamsize|p2|6
|start
|switch|p1a: Zapdos|Zapdos|100/100
|switch|p2a: Samurott|Samurott-Hisui, M|100/100
|turn|1
|
|t:|1760839203
|move|p2a: Samurott|Knock Off|p1a: Zapdos
|-damage|p1a: Zapdos|67/100
|-enditem|p1a: Zapdos|Heavy-Duty Boots|[from] move: Knock Off|[of] p2a: Samurott
|move|p1a: Zapdos|Thunder Wave|p2a: Samurott
|-status|p2a: Samurott|par
|
|upkeep
|turn|2
|
|t:|1760839207
|move|p1a: Zapdos|Roost|p1a: Zapdos
|-heal|p1a: Zapdos|100/100
|-singleturn|p1a: Zapdos|move: Roost
|cant|p2a: Samurott|par
|
|upkeep
|turn|3
|
|t:|1760839213
|move|p1a: Zapdos|Volt Switch|p2a: Samurott
|-supereffective|p2a: Samurott
|-damage|p2a: Samurott|18/100 par
|
|t:|1760839220
|switch|p1a: Great Tusk|Great Tusk|100/100|[from] Volt Switch
|move|p2a: Samurott|Ceaseless Edge|p1a: Great Tusk
|-resisted|p1a: Great Tusk
|-damage|p1a: Great Tusk|84/100
|-damage|p2a: Samurott|2/100 par|[from] item: Rocky Helmet|[of] p1a: Great Tusk
|-sidestart|p1: himal_ad321|Spikes
|
|upkeep
|turn|4
|
|t:|1760839227
|switch|p2a: Dragapult|Dragapult, F|100/100
|move|p1a: Great Tusk|Ice Spinner|p2a: Dragapult
|-supereffective|p2a: Dragapult
|-damage|p2a: Dragapult|15/100
|
|-heal|p2a: Dragapult|21/100|[from] item: Leftovers
|upkeep
|turn|5
|
|t:|1760839242
|move|p2a: Dragapult|Will-O-Wisp|p1a: Great Tusk
|-status|p1a: Great Tusk|brn
|move|p1a: Great Tusk|Ice Spinner|p2a: Dragapult
|-supereffective|p2a: Dragapult
|-damage|p2a: Dragapult|0 fnt
|faint|p2a: Dragapult
|
|-damage|p1a: Great Tusk|78/100 brn|[from] brn
|upkeep
|
|t:|1760839265
|switch|p2a: Weavile|Weavile, F|100/100
|-ability|p2a: Weavile|Pressure
|turn|6
|
|t:|1760839277
|-end|p1a: Great Tusk|Protosynthesis|[silent]
|switch|p1a: Zapdos|Zapdos|100/100
|move|p2a: Weavile|Swords Dance|p2a: Weavile
|-boost|p2a: Weavile|atk|2
|
|upkeep
|turn|7
|
|t:|1760839284
|switch|p2a: Samurott|Samurott-Hisui, M|2/100 par
|move|p1a: Zapdos|Thunder Wave|p2a: Samurott
|-fail|p2a: Samurott|par
|
|upkeep
|turn|8
|
|t:|1760839291
|switch|p2a: Great Tusk|Great Tusk|100/100
|-enditem|p2a: Great Tusk|Booster Energy
|-activate|p2a: Great Tusk|ability: Protosynthesis|[fromitem]
|-start|p2a: Great Tusk|protosynthesisatk
|move|p1a: Zapdos|Volt Switch|p2a: Great Tusk
|-immune|p2a: Great Tusk
|
|upkeep
|turn|9
|
|t:|1760839298
|move|p2a: Great Tusk|Stealth Rock|p1a: Zapdos
|-sidestart|p1: himal_ad321|move: Stealth Rock
|move|p1a: Zapdos|Hurricane|p2a: Great Tusk
|-supereffective|p2a: Great Tusk
|-damage|p2a: Great Tusk|0 fnt
|faint|p2a: Great Tusk
|-end|p2a: Great Tusk|Protosynthesis|[silent]
|
|upkeep
|
|t:|1760839302
|switch|p2a: Slowking|Slowking-Galar, F|100/100
|turn|10
|
|t:|1760839307
|move|p1a: Zapdos|Thunder Wave|p2a: Slowking
|-status|p2a: Slowking|par
|move|p2a: Slowking|Future Sight|p1a: Zapdos
|-start|p2a: Slowking|move: Future Sight
|
|upkeep
|turn|11
|
|t:|1760839314
|move|p1a: Zapdos|Hurricane|p2a: Slowking
|-damage|p2a: Slowking|65/100 par
|move|p2a: Slowking|Sludge Bomb|p1a: Zapdos
|-damage|p1a: Zapdos|68/100
|
|upkeep
|turn|12
|
|t:|1760839321
|move|p1a: Zapdos|Volt Switch|p2a: Slowking
|-damage|p2a: Slowking|42/100 par
|
|t:|1760839326
|switch|p1a: Great Tusk|Great Tusk|78/100 brn|[from] Volt Switch
|-damage|p1a: Great Tusk|66/100 brn|[from] Spikes
|-damage|p1a: Great Tusk|63/100 brn|[from] Stealth Rock
|cant|p2a: Slowking|par
|
|-end|p1a: Great Tusk|move: Future Sight
|-supereffective|p1a: Great Tusk
|-damage|p1a: Great Tusk|0 fnt
|faint|p1a: Great Tusk
|-end|p1a: Great Tusk|Protosynthesis|[silent]
|upkeep
|
|t:|1760839342
|switch|p1a: Darkrai|Darkrai|100/100
|-damage|p1a: Darkrai|88/100|[from] Spikes
|-damage|p1a: Darkrai|76/100|[from] Stealth Rock
|turn|13
|
|t:|1760839346
|switch|p2a: Samurott|Samurott-Hisui, M|2/100 par
|move|p1a: Darkrai|Dark Pulse|p2a: Samurott
|-resisted|p2a: Samurott
|-damage|p2a: Samurott|0 fnt
|faint|p2a: Samurott
|
|upkeep
|
|t:|1760839348
|switch|p2a: Scizor|Scizor, F|100/100
|turn|14
|
|t:|1760839352
|move|p1a: Darkrai|Dark Pulse|p2a: Scizor
|-damage|p2a: Scizor|41/100
|move|p2a: Scizor|U-turn|p1a: Darkrai
|-supereffective|p1a: Darkrai
|-damage|p1a: Darkrai|0 fnt
|faint|p1a: Darkrai
|
|t:|1760839355
|switch|p2a: Weavile|Weavile, F|100/100|[from] U-turn
|-ability|p2a: Weavile|Pressure
|
|upkeep
|
|t:|1760839365
|switch|p1a: Ogerpon|Ogerpon-Wellspring, F|100/100
|-damage|p1a: Ogerpon|88/100|[from] Spikes
|-damage|p1a: Ogerpon|76/100|[from] Stealth Rock
|turn|15
|
|t:|1760839369
|move|p2a: Weavile|Triple Axel|p1a: Ogerpon
|-damage|p1a: Ogerpon|63/100
|-hitcount|p1a: Ogerpon|1
|move|p1a: Ogerpon|Ivy Cudgel|p2a: Weavile|[anim] Ivy Cudgel Water
|-damage|p2a: Weavile|3/100
|
|upkeep
|turn|16
|
|t:|1760839375
|move|p2a: Weavile|Triple Axel|p1a: Ogerpon
|-damage|p1a: Ogerpon|50/100
|-damage|p1a: Ogerpon|25/100
|-damage|p1a: Ogerpon|0 fnt
|faint|p1a: Ogerpon
|-hitcount|p1: Ogerpon|3
|
|upkeep
|
|t:|1760839386
|switch|p1a: Hatterene|Hatterene, F|100/100
|-damage|p1a: Hatterene|88/100|[from] Spikes
|-damage|p1a: Hatterene|76/100|[from] Stealth Rock
|turn|17
|
|t:|1760839396
|switch|p2a: Slowking|Slowking-Galar, F|76/100 par
|move|p1a: Hatterene|Nuzzle|p2a: Slowking
|-damage|p2a: Slowking|73/100 par
|
|upkeep
|turn|18
|
|t:|1760839404
|switch|p1a: Zapdos|Zapdos|68/100
|-damage|p1a: Zapdos|43/100|[from] Stealth Rock
|-prepare|p2a: Slowking|Chilly Reception|[premajor]
|move|p2a: Slowking|Chilly Reception|p2a: Slowking
|-weather|Snowscape
|
|t:|1760839414
|switch|p2a: Weavile|Weavile, F|3/100|[from] Chilly Reception
|-ability|p2a: Weavile|Pressure
|
|-weather|Snowscape|[upkeep]
|upkeep
|turn|19
|
|t:|1760839420
|move|p2a: Weavile|Triple Axel|p1a: Zapdos
|-supereffective|p1a: Zapdos
|-damage|p1a: Zapdos|28/100
|-supereffective|p1a: Zapdos
|-damage|p1a: Zapdos|0 fnt
|faint|p1a: Zapdos
|-hitcount|p1: Zapdos|2
|
|-weather|Snowscape|[upkeep]
|upkeep
|
|t:|1760839428
|switch|p1a: Arcanine|Arcanine-Hisui, M|100/100
|-damage|p1a: Arcanine|88/100|[from] Spikes
|-damage|p1a: Arcanine|63/100|[from] Stealth Rock
|turn|20
|
|t:|1760839431
|-terastallize|p2a: Weavile|Ghost
|move|p2a: Weavile|Low Kick|p1a: Arcanine
|-supereffective|p1a: Arcanine
|-damage|p1a: Arcanine|0 fnt
|faint|p1a: Arcanine
|
|-weather|Snowscape|[upkeep]
|upkeep
|
|t:|1760839435
|switch|p1a: Hatterene|Hatterene, F|76/100
|-damage|p1a: Hatterene|64/100|[from] Spikes
|-damage|p1a: Hatterene|51/100|[from] Stealth Rock
|turn|21
|
|t:|1760839455
|move|p2a: Weavile|Knock Off|p1a: Hatterene
|-damage|p1a: Hatterene|1/100
|-enditem|p1a: Hatterene|Assault Vest|[from] move: Knock Off|[of] p2a: Weavile
|move|p1a: Hatterene|Psyshock|p2a: Weavile
|-damage|p2a: Weavile|0 fnt
|faint|p2a: Weavile
|
|-weather|Snowscape|[upkeep]
|upkeep
|
|t:|1760839457
|switch|p2a: Scizor|Scizor, F|41/100
|turn|22
|-message|himal_ad321 forfeited.
|
|win|BorderofSeal
|raw|himal_ad321's rating: 1343 &rarr; <strong>1329</strong><br />(-14 for losing)
|raw|BorderofSeal's rating: 1445 &rarr; <strong>1459</strong><br />(+14 for winning)
|l|☆himal_ad321
|player|p1|
|l|☆BorderofSeal
|player|p2|
|j|☆BorderofSeal
|player|p2|BorderofSeal|1|
