|j|☆jkb195
|j|☆FavoriteMonsOnly
|t:|1760764763
|gametype|singles
|player|p1|jkb195|101|1098
|player|p2|FavoriteMonsOnly|170|1089
|gen|9
|tier|[Gen 9] OU
|rated|
|rule|HP Percentage Mod: HP is shown in percentages
|rule|Endless Battle Clause: Forcing endless battles is banned
|rule|Species Clause: Limit one of each Pokémon
|rule|OHKO Clause: OHKO moves are banned
|rule|Evasion Items Clause: Evasion items are banned
|rule|Evasion Moves Clause: Evasion moves are banned
|rule|Evasion Abilities Clause: Evasion abilities are banned
|rule|Sleep Moves Clause: Sleep-inducing moves are banned
|clearpoke
|poke|p1|Torkoal, M|
|poke|p1|Walking Wake|
|poke|p1|Hatterene, F|
|poke|p1|Great Tusk|
|poke|p1|Corviknight, F|
|poke|p1|Lokix, M|
|poke|p2|Crawdaunt, M|
|poke|p2|Thundurus-Therian, M|
|poke|p2|Lilligant-Hisui, F|
|poke|p2|Hitmonchan, M|
|poke|p2|Gengar, F|
|poke|p2|Kyurem|
|teampreview
|inactive|Battle timer is ON: inactive players will automatically lose when time's up. (requested by FavoriteMonsOnly)
|
|t:|1760764767
|teamsize|p1|6
|teamsize|p2|6
|start
|switch|p1a: Torkoal|Torkoal, M|100/100
|switch|p2a: Crawdaunt|Crawdaunt, M|100/100
|-weather|SunnyDay|[from] ability: Drought|[of] p1a: Torkoal
|turn|1
|
|t:|1760764778
|switch|p1a: Hatterene|Hatterene, F|100/100
|move|p2a: Crawdaunt|Knock Off|p1a: Hatterene
|-damage|p1a: Hatterene|43/100
|-enditem|p1a: Hatterene|Eject Button|[from] move: Knock Off|[of] p2a: Crawdaunt
|
|-weather|SunnyDay|[upkeep]
|upkeep
|turn|2
|
|t:|1760764792
|switch|p2a: Thundurus|Thundurus-Therian, M|100/100
|move|p1a: Hatterene|Nuzzle|p2a: Thundurus
|-immune|p2a: Thundurus|[from] ability: Volt Absorb
|
|-weather|SunnyDay|[upkeep]
|upkeep
|turn|3
|
|t:|1760764803
|move|p2a: Thundurus|Thunderbolt|p1a: Hatterene
|-damage|p1a: Hatterene|0 fnt
|faint|p1a: Hatterene
|
|-weather|SunnyDay|[upkeep]
|upkeep
|
|t:|1760764810
|switch|p1a: Walking Wake|Walking Wake|100/100
|-activate|p1a: Walking Wake|ability: Protosynthesis
|-start|p1a: Walking Wake|protosynthesisspe
|turn|4
|
|t:|1760764819
|move|p1a: Walking Wake|Draco Meteor|p2a: Thundurus
|-damage|p2a: Thundurus|0 fnt
|-unboost|p1a: Walking Wake|spa|2
|faint|p2a: Thundurus
|
|-weather|SunnyDay|[upkeep]
|upkeep
|
|t:|1760764832
|switch|p2a: Crawdaunt|Crawdaunt, M|100/100
|turn|5
|
|t:|1760764836
|-end|p1a: Walking Wake|Protosynthesis|[silent]
|switch|p1a: Corviknight|Corviknight, F|100/100
|-ability|p1a: Corviknight|Pressure
|move|p2a: Crawdaunt|Swords Dance|p2a: Crawdaunt
|-boost|p2a: Crawdaunt|atk|2
|
|-weather|SunnyDay|[upkeep]
|upkeep
|turn|6
|
|t:|1760764849
|move|p1a: Corviknight|Iron Defense|p1a: Corviknight
|-boost|p1a: Corviknight|def|2
|move|p2a: Crawdaunt|Knock Off|p1a: Corviknight
|-damage|p1a: Corviknight|60/100
|-enditem|p1a: Corviknight|Covert Cloak|[from] move: Knock Off|[of] p2a: Crawdaunt
|
|-weather|SunnyDay|[upkeep]
|upkeep
|turn|7
|
|t:|1760764858
|move|p1a: Corviknight|Iron Defense|p1a: Corviknight
|-boost|p1a: Corviknight|def|2
|move|p2a: Crawdaunt|Swords Dance|p2a: Crawdaunt
|-boost|p2a: Crawdaunt|atk|2
|
|-weather|SunnyDay|[upkeep]
|upkeep
|turn|8
|
|t:|1760764866
|switch|p2a: Gengar|Gengar, F|100/100
|move|p1a: Corviknight|Iron Defense|p1a: Corviknight
|-boost|p1a: Corviknight|def|2
|
|-weather|none
|upkeep
|turn|9
|
|t:|1760764874
|move|p2a: Gengar|Trick|p1a: Corviknight
|-activate|p2a: Gengar|move: Trick|[of] p1a: Corviknight
|-item|p1a: Corviknight|Choice Scarf|[from] move: Trick
|-enditem|p2a: Gengar|Choice Scarf|[silent]|[from] move: Trick
|move|p1a: Corviknight|U-turn|p2a: Gengar
|-resisted|p2a: Gengar
|-damage|p2a: Gengar|95/100
|-start|p1a: Corviknight|Disable|U-turn|[from] ability: Cursed Body|[of] p2a: Gengar
|
|t:|1760764882
|switch|p1a: Lokix|Lokix, M|100/100|[from] U-turn
|
|upkeep
|turn|10
|
|t:|1760764893
|move|p1a: Lokix|First Impression|p2a: Gengar
|-resisted|p2a: Gengar
|-crit|p2a: Gengar
|-damage|p2a: Gengar|19/100
|move|p2a: Gengar|Toxic Spikes|p1a: Lokix
|-sidestart|p1: jkb195|move: Toxic Spikes
|
|upkeep
|turn|11
|
|t:|1760764904
|switch|p1a: Great Tusk|Great Tusk|100/100
|-status|p1a: Great Tusk|psn
|move|p2a: Gengar|Destiny Bond|p2a: Gengar
|-singlemove|p2a: Gengar|Destiny Bond
|
|-damage|p1a: Great Tusk|88/100 psn|[from] psn
|upkeep
|turn|12
|
|t:|1760764918
|move|p2a: Gengar|Toxic Spikes|p1a: Great Tusk
|-sidestart|p1: jkb195|move: Toxic Spikes
|move|p1a: Great Tusk|Bulk Up|p1a: Great Tusk
|-boost|p1a: Great Tusk|atk|1
|-boost|p1a: Great Tusk|def|1
|
|-heal|p1a: Great Tusk|94/100 psn|[from] item: Leftovers
|-damage|p1a: Great Tusk|82/100 psn|[from] psn
|upkeep
|turn|13
|
|t:|1760764929
|move|p2a: Gengar|Taunt|p1a: Great Tusk
|-start|p1a: Great Tusk|move: Taunt
|move|p1a: Great Tusk|Rapid Spin|p2a: Gengar
|-immune|p2a: Gengar
|
|-heal|p1a: Great Tusk|88/100 psn|[from] item: Leftovers
|-damage|p1a: Great Tusk|76/100 psn|[from] psn
|upkeep
|turn|14
|
|t:|1760764946
|move|p2a: Gengar|Destiny Bond|p2a: Gengar
|-singlemove|p2a: Gengar|Destiny Bond
|move|p1a: Great Tusk|Ice Spinner|p2a: Gengar
|-crit|p2a: Gengar
|-damage|p2a: Gengar|0 fnt
|faint|p2a: Gengar
|-activate|p2a: Gengar|move: Destiny Bond
|faint|p1a: Great Tusk
|-end|p1a: Great Tusk|Protosynthesis|[silent]
|
|upkeep
|
|t:|1760764959
|switch|p2a: Hitmonchan|Hitmonchan, M|100/100
|switch|p1a: Torkoal|Torkoal, M|100/100
|-status|p1a: Torkoal|tox
|-weather|SunnyDay|[from] ability: Drought|[of] p1a: Torkoal
|turn|15
|
|t:|1760764967
|move|p2a: Hitmonchan|Fake Out|p1a: Torkoal
|-damage|p1a: Torkoal|93/100 tox
|cant|p1a: Torkoal|flinch
|
|-weather|SunnyDay|[upkeep]
|-damage|p1a: Torkoal|87/100 tox|[from] psn
|upkeep
|turn|16
|
|t:|1760764975
|move|p2a: Hitmonchan|Drain Punch|p1a: Torkoal
|-damage|p1a: Torkoal|63/100 tox
|move|p1a: Torkoal|Rapid Spin|p2a: Hitmonchan
|-damage|p2a: Hitmonchan|86/100
|-boost|p1a: Torkoal|spe|1
|-sideend|p1: jkb195|Toxic Spikes|[from] move: Rapid Spin|[of] p1a: Torkoal
|
|-weather|SunnyDay|[upkeep]
|-damage|p1a: Torkoal|51/100 tox|[from] psn
|upkeep
|turn|17
|
|t:|1760764988
|move|p2a: Hitmonchan|Drain Punch|p1a: Torkoal
|-damage|p1a: Torkoal|26/100 tox
|-heal|p2a: Hitmonchan|99/100|[from] drain|[of] p1a: Torkoal
|move|p1a: Torkoal|Lava Plume|p2a: Hitmonchan
|-damage|p2a: Hitmonchan|76/100
|
|-weather|SunnyDay|[upkeep]
|-damage|p1a: Torkoal|8/100 tox|[from] psn
|upkeep
|turn|18
|
|t:|1760764999
|move|p2a: Hitmonchan|Rapid Spin|p1a: Torkoal
|-damage|p1a: Torkoal|0 fnt
|-boost|p2a: Hitmonchan|spe|1
|faint|p1a: Torkoal
|
|-weather|SunnyDay|[upkeep]
|upkeep
|
|t:|1760765006
|switch|p1a: Walking Wake|Walking Wake|100/100
|-activate|p1a: Walking Wake|ability: Protosynthesis
|-start|p1a: Walking Wake|protosynthesisspe
|turn|19
|
|t:|1760765014
|move|p1a: Walking Wake|Dragon Pulse|p2a: Hitmonchan
|-damage|p2a: Hitmonchan|34/100
|move|p2a: Hitmonchan|Ice Punch|p1a: Walking Wake
|-damage|p1a: Walking Wake|70/100
|
|-weather|SunnyDay|[upkeep]
|upkeep
|turn|20
|
|t:|1760765024
|move|p1a: Walking Wake|Dragon Pulse|p2a: Hitmonchan
|-damage|p2a: Hitmonchan|0 fnt
|faint|p2a: Hitmonchan
|
|-weather|SunnyDay|[upkeep]
|upkeep
|
|t:|1760765026
|switch|p2a: Lilligant|Lilligant-Hisui, F|100/100
|turn|21
|
|t:|1760765034
|-terastallize|p1a: Walking Wake|Water
|move|p2a: Lilligant|Axe Kick|p1a: Walking Wake
|-damage|p1a: Walking Wake|7/100
|move|p1a: Walking Wake|Dragon Pulse|p2a: Lilligant
|-damage|p2a: Lilligant|3/100
|
|-weather|SunnyDay|[upkeep]
|upkeep
|turn|22
|
|t:|1760765045
|-end|p1a: Walking Wake|Protosynthesis|[silent]
|switch|p1a: Corviknight|Corviknight, F|60/100
|-ability|p1a: Corviknight|Pressure
|move|p2a: Lilligant|Solar Blade||[still]
|-prepare|p2a: Lilligant|Solar Blade
|-anim|p2a: Lilligant|Solar Blade|p1a: Corviknight
|-resisted|p1a: Corviknight
|-damage|p1a: Corviknight|51/100
|
|-weather|none
|upkeep
|turn|23
|
|t:|1760765056
|move|p2a: Lilligant|Axe Kick|p1a: Corviknight
|-damage|p1a: Corviknight|13/100
|-start|p1a: Corviknight|confusion
|-activate|p1a: Corviknight|confusion
|move|p1a: Corviknight|Roost|p1a: Corviknight
|-heal|p1a: Corviknight|63/100
|-singleturn|p1a: Corviknight|move: Roost
|
|upkeep
|turn|24
|
|t:|1760765067
|switch|p2a: Crawdaunt|Crawdaunt, M|100/100
|-activate|p1a: Corviknight|confusion
|-damage|p1a: Corviknight|57/100|[from] confusion
|
|upkeep
|turn|25
|
|t:|1760765074
|-terastallize|p2a: Crawdaunt|Water
|-end|p1a: Corviknight|confusion
|move|p1a: Corviknight|Roost|p1a: Corviknight
|-heal|p1a: Corviknight|100/100
|-singleturn|p1a: Corviknight|move: Roost
|move|p2a: Crawdaunt|Swords Dance|p2a: Crawdaunt
|-boost|p2a: Crawdaunt|atk|2
|
|upkeep
|turn|26
|
|t:|1760765086
|switch|p1a: Lokix|Lokix, M|100/100
|move|p2a: Crawdaunt|Swords Dance|p2a: Crawdaunt
|-boost|p2a: Crawdaunt|atk|2
|
|upkeep
|turn|27
|
|t:|1760765101
|move|p1a: Lokix|U-turn|p2a: Crawdaunt
|-damage|p2a: Crawdaunt|44/100
|
|t:|1760765104
|switch|p1a: Corviknight|Corviknight, F|100/100|[from] U-turn
|-ability|p1a: Corviknight|Pressure
|move|p2a: Crawdaunt|Crabhammer|p1a: Corviknight
|-damage|p1a: Corviknight|0 fnt
|faint|p1a: Corviknight
|
|upkeep
|
|t:|1760765117
|switch|p1a: Lokix|Lokix, M|100/100
|turn|28
|
|t:|1760765120
|move|p2a: Crawdaunt|Aqua Jet|p1a: Lokix
|-damage|p1a: Lokix|0 fnt
|faint|p1a: Lokix
|
|upkeep
|-message|jkb195 forfeited.
|
|win|FavoriteMonsOnly
|raw|jkb195's rating: 1098 &rarr; <strong>1073</strong><br />(-25 for losing)
|raw|FavoriteMonsOnly's rating: 1089 &rarr; <strong>1116</strong><br />(+27 for winning)
|l|☆jkb195
|player|p1|
|l|☆FavoriteMonsOnly
|player|p2|
