|j|☆morriganqrow
|j|☆davey scatino
|t:|1760736646
|gametype|singles
|player|p1|morriganqrow|miku-fairy|1339
|player|p2|davey scatino|lucas|1342
|gen|9
|tier|[Gen 9] OU
|rated|
|rule|HP Percentage Mod: HP is shown in percentages
|rule|Endless Battle Clause: Forcing endless battles is banned
|rule|Species Clause: Limit one of each Pokémon
|rule|OHKO Clause: OHKO moves are banned
|rule|Evasion Items Clause: Evasion items are banned
|rule|Evasion Moves Clause: Evasion moves are banned
|rule|Evasion Abilities Clause: Evasion abilities are banned
|rule|Sleep Moves Clause: Sleep-inducing moves are banned
|clearpoke
|poke|p1|Samurott-Hisui, F|
|poke|p1|Heatran, F|
|poke|p1|Latios, M|
|poke|p1|Iron Valiant|
|poke|p1|Iron Treads|
|poke|p1|Dragapult, M|
|poke|p2|Manaphy|
|poke|p2|Clodsire, M|
|poke|p2|Great Tusk|
|poke|p2|Zamazenta-*|
|poke|p2|Darkrai|
|poke|p2|Lokix, F|
|teampreview
|inactive|Battle timer is ON: inactive players will automatically lose when time's up. (requested by davey scatino)
|
|t:|1760736666
|teamsize|p1|6
|teamsize|p2|6
|start
|switch|p1a: Space Heavy|Iron Valiant|100/100
|switch|p2a: ON SIGHT|Lokix, F|100/100
|turn|1
|
|t:|1760736672
|switch|p2a: Clodie|Clodsire, M|100/100
|move|p1a: Space Heavy|Moonblast|p2a: Clodie
|-resisted|p2a: Clodie
|-damage|p2a: Clodie|81/100
|-unboost|p2a: Clodie|spa|1
|
|-heal|p2a: Clodie|87/100|[from] item: Leftovers
|upkeep
|turn|2
|
|t:|1760736687
|-end|p1a: Space Heavy|Quark Drive|[silent]
|switch|p1a: Ignore Grief|Heatran, F|100/100
|move|p2a: Clodie|Stealth Rock|p1a: Ignore Grief
|-sidestart|p1: morriganqrow|move: Stealth Rock
|
|-heal|p2a: Clodie|94/100|[from] item: Leftovers
|upkeep
|turn|3
|
|t:|1760736705
|-terastallize|p1a: Ignore Grief|Grass
|move|p1a: Ignore Grief|Will-O-Wisp|p2a: Clodie
|-status|p2a: Clodie|brn
|move|p2a: Clodie|Earthquake|p1a: Ignore Grief
|-resisted|p1a: Ignore Grief
|-damage|p1a: Ignore Grief|97/100
|
|-heal|p2a: Clodie|99/100 brn|[from] item: Leftovers
|-damage|p2a: Clodie|94/100 brn|[from] brn
|upkeep
|turn|4
|
|t:|1760736710
|move|p1a: Ignore Grief|Stealth Rock|p2a: Clodie
|-sidestart|p2: davey scatino|move: Stealth Rock
|move|p2a: Clodie|Toxic|p1a: Ignore Grief
|-status|p1a: Ignore Grief|tox
|
|-heal|p2a: Clodie|99/100 brn|[from] item: Leftovers
|-damage|p1a: Ignore Grief|90/100 tox|[from] psn
|-damage|p2a: Clodie|94/100 brn|[from] brn
|upkeep
|turn|5
|
|t:|1760736719
|switch|p1a: The Fragile|Iron Treads|100/100
|-damage|p1a: The Fragile|98/100|[from] Stealth Rock
|switch|p2a: Mammoth Graveyard|Great Tusk|100/100
|-damage|p2a: Mammoth Graveyard|98/100|[from] Stealth Rock
|
|-heal|p2a: Mammoth Graveyard|100/100|[from] item: Leftovers
|-heal|p1a: The Fragile|100/100|[from] item: Leftovers
|upkeep
|turn|6
|
|t:|1760736731
|move|p2a: Mammoth Graveyard|Rapid Spin|p1a: The Fragile
|-resisted|p1a: The Fragile
|-damage|p1a: The Fragile|95/100
|-boost|p2a: Mammoth Graveyard|spe|1
|-sideend|p2: davey scatino|Stealth Rock|[from] move: Rapid Spin|[of] p2a: Mammoth Graveyard
|move|p1a: The Fragile|Rapid Spin|p2a: Mammoth Graveyard
|-damage|p2a: Mammoth Graveyard|93/100
|-boost|p1a: The Fragile|spe|1
|-sideend|p1: morriganqrow|Stealth Rock|[from] move: Rapid Spin|[of] p1a: The Fragile
|
|-heal|p2a: Mammoth Graveyard|99/100|[from] item: Leftovers
|-heal|p1a: The Fragile|100/100|[from] item: Leftovers
|upkeep
|turn|7
|
|t:|1760736757
|-end|p1a: The Fragile|Quark Drive|[silent]
|switch|p1a: Ignore Grief|Heatran, F, tera:Grass|90/100 tox
|move|p2a: Mammoth Graveyard|Earthquake|p1a: Ignore Grief
|-resisted|p1a: Ignore Grief
|-crit|p1a: Ignore Grief
|-damage|p1a: Ignore Grief|69/100 tox
|
|-heal|p2a: Mammoth Graveyard|100/100|[from] item: Leftovers
|-damage|p1a: Ignore Grief|62/100 tox|[from] psn
|upkeep
|turn|8
|
|t:|1760736766
|move|p2a: Mammoth Graveyard|Ice Spinner|p1a: Ignore Grief
|-supereffective|p1a: Ignore Grief
|-damage|p1a: Ignore Grief|32/100 tox
|-damage|p2a: Mammoth Graveyard|84/100|[from] item: Rocky Helmet|[of] p1a: Ignore Grief
|-status|p2a: Mammoth Graveyard|brn|[from] ability: Flame Body|[of] p1a: Ignore Grief
|move|p1a: Ignore Grief|Lava Plume|p2a: Mammoth Graveyard
|-damage|p2a: Mammoth Graveyard|42/100 brn
|
|-heal|p2a: Mammoth Graveyard|48/100 brn|[from] item: Leftovers
|-damage|p1a: Ignore Grief|20/100 tox|[from] psn
|-damage|p2a: Mammoth Graveyard|42/100 brn|[from] brn
|upkeep
|turn|9
|
|t:|1760736785
|move|p2a: Mammoth Graveyard|Ice Spinner|p1a: Ignore Grief
|-supereffective|p1a: Ignore Grief
|-damage|p1a: Ignore Grief|5/100 tox
|-damage|p2a: Mammoth Graveyard|25/100 brn|[from] item: Rocky Helmet|[of] p1a: Ignore Grief
|move|p1a: Ignore Grief|Lava Plume|p2a: Mammoth Graveyard
|-damage|p2a: Mammoth Graveyard|0 fnt
|faint|p2a: Mammoth Graveyard
|-end|p2a: Mammoth Graveyard|Protosynthesis|[silent]
|
|-damage|p1a: Ignore Grief|0 fnt|[from] psn
|faint|p1a: Ignore Grief
|upkeep
|inactive|davey scatino has 120 seconds left.
|
|t:|1760736811
|switch|p2a: Bully|Darkrai|100/100
|switch|p1a: Absolute Elsewhere|Latios, M|100/100
|turn|10
|inactive|morriganqrow has 120 seconds left.
|
|t:|1760736830
|move|p2a: Bully|Dark Pulse|p1a: Absolute Elsewhere
|-supereffective|p1a: Absolute Elsewhere
|-damage|p1a: Absolute Elsewhere|14/100
|move|p1a: Absolute Elsewhere|Draco Meteor|p2a: Bully
|-damage|p2a: Bully|0 fnt
|-unboost|p1a: Absolute Elsewhere|spa|2
|faint|p2a: Bully
|
|upkeep
|
|t:|1760736836
|switch|p2a: ON SIGHT|Lokix, F|100/100
|turn|11
|inactive|davey scatino has 120 seconds left.
|
|t:|1760736846
|switch|p1a: Space Heavy|Iron Valiant|100/100
|move|p2a: ON SIGHT|First Impression|p1a: Space Heavy
|-resisted|p1a: Space Heavy
|-damage|p1a: Space Heavy|63/100
|-damage|p2a: ON SIGHT|91/100|[from] item: Life Orb
|
|upkeep
|turn|12
|
|t:|1760736852
|-end|p1a: Space Heavy|Quark Drive|[silent]
|switch|p1a: Absolute Elsewhere|Latios, M|14/100
|switch|p2a: Clodie|Clodsire, M|94/100 brn
|
|-heal|p2a: Clodie|99/100 brn|[from] item: Leftovers
|-damage|p2a: Clodie|94/100 brn|[from] brn
|upkeep
|turn|13
|
|t:|1760736858
|move|p1a: Absolute Elsewhere|Luster Purge|p2a: Clodie
|-supereffective|p2a: Clodie
|-damage|p2a: Clodie|34/100 brn
|move|p2a: Clodie|Stealth Rock|p1a: Absolute Elsewhere
|-sidestart|p1: morriganqrow|move: Stealth Rock
|
|-heal|p2a: Clodie|40/100 brn|[from] item: Leftovers
|-damage|p2a: Clodie|34/100 brn|[from] brn
|upkeep
|turn|14
|
|t:|1760736872
|switch|p1a: The Fragile|Iron Treads|100/100
|-damage|p1a: The Fragile|98/100|[from] Stealth Rock
|move|p2a: Clodie|Toxic|p1a: The Fragile
|-immune|p1a: The Fragile
|
|-heal|p1a: The Fragile|100/100|[from] item: Leftovers
|-heal|p2a: Clodie|40/100 brn|[from] item: Leftovers
|-damage|p2a: Clodie|34/100 brn|[from] brn
|upkeep
|turn|15
|
|t:|1760736883
|switch|p2a: DMX|Zamazenta|100/100
|-ability|p2a: DMX|Dauntless Shield|boost
|-boost|p2a: DMX|def|1
|move|p1a: The Fragile|Rapid Spin|p2a: DMX
|-damage|p2a: DMX|94/100
|-boost|p1a: The Fragile|spe|1
|-sideend|p1: morriganqrow|Stealth Rock|[from] move: Rapid Spin|[of] p1a: The Fragile
|
|-heal|p2a: DMX|99/100|[from] item: Leftovers
|upkeep
|turn|16
|
|t:|1760736887
|-end|p1a: The Fragile|Quark Drive|[silent]
|switch|p1a: She Reaches Out To|Dragapult, M|100/100
|move|p2a: DMX|Iron Defense|p2a: DMX
|-boost|p2a: DMX|def|2
|
|-heal|p2a: DMX|100/100|[from] item: Leftovers
|upkeep
|turn|17
|
|t:|1760736894
|-terastallize|p2a: DMX|Steel
|move|p1a: She Reaches Out To|Will-O-Wisp|p2a: DMX
|-status|p2a: DMX|brn
|move|p2a: DMX|Crunch|p1a: She Reaches Out To
|-supereffective|p1a: She Reaches Out To
|-damage|p1a: She Reaches Out To|71/100
|
|-damage|p2a: DMX|94/100 brn|[from] brn
|upkeep
|turn|18
|
|t:|1760736923
|switch|p1a: Space Heavy|Iron Valiant|63/100
|move|p2a: DMX|Crunch|p1a: Space Heavy
|-resisted|p1a: Space Heavy
|-damage|p1a: Space Heavy|60/100
|-unboost|p1a: Space Heavy|def|1
|
|-heal|p2a: DMX|100/100 brn|[from] item: Leftovers
|-damage|p2a: DMX|94/100 brn|[from] brn
|upkeep
|turn|19
|
|t:|1760736932
|move|p2a: DMX|Body Press|p1a: Space Heavy
|-resisted|p1a: Space Heavy
|-damage|p1a: Space Heavy|20/100
|move|p1a: Space Heavy|Shadow Ball|p2a: DMX
|-damage|p2a: DMX|63/100 brn
|
|-heal|p2a: DMX|70/100 brn|[from] item: Leftovers
|-damage|p2a: DMX|63/100 brn|[from] brn
|upkeep
|turn|20
|
|t:|1760736937
|-end|p1a: Space Heavy|Quark Drive|[silent]
|switch|p1a: She Reaches Out To|Dragapult, M|71/100
|move|p2a: DMX|Body Press|p1a: She Reaches Out To
|-immune|p1a: She Reaches Out To
|
|-heal|p2a: DMX|70/100 brn|[from] item: Leftovers
|-damage|p2a: DMX|63/100 brn|[from] brn
|upkeep
|turn|21
|
|t:|1760736941
|move|p1a: She Reaches Out To|U-turn|p2a: DMX
|-resisted|p2a: DMX
|-damage|p2a: DMX|58/100 brn
|
|t:|1760736960
|switch|p1a: Space Heavy|Iron Valiant|20/100|[from] U-turn
|move|p2a: DMX|Crunch|p1a: Space Heavy
|-resisted|p1a: Space Heavy
|-damage|p1a: Space Heavy|16/100
|-unboost|p1a: Space Heavy|def|1
|
|-heal|p2a: DMX|64/100 brn|[from] item: Leftovers
|-damage|p2a: DMX|58/100 brn|[from] brn
|upkeep
|turn|22
|
|t:|1760736974
|move|p1a: Space Heavy|Vacuum Wave|p2a: DMX
|-supereffective|p2a: DMX
|-damage|p2a: DMX|15/100 brn
|move|p2a: DMX|Body Press|p1a: Space Heavy
|-resisted|p1a: Space Heavy
|-damage|p1a: Space Heavy|0 fnt
|faint|p1a: Space Heavy
|-end|p1a: Space Heavy|Quark Drive|[silent]
|
|-heal|p2a: DMX|21/100 brn|[from] item: Leftovers
|-damage|p2a: DMX|15/100 brn|[from] brn
|upkeep
|
|t:|1760736989
|switch|p1a: She Reaches Out To|Dragapult, M|71/100
|turn|23
|inactive|davey scatino has 120 seconds left.
|
|t:|1760737025
|move|p1a: She Reaches Out To|Dragon Darts|p2a: DMX
|-resisted|p2a: DMX
|-damage|p2a: DMX|9/100 brn
|-anim|p1a: She Reaches Out To|Dragon Darts|p2a: DMX
|-resisted|p2a: DMX
|-damage|p2a: DMX|4/100 brn
|move|p2a: DMX|Crunch|p1a: She Reaches Out To
|-supereffective|p1a: She Reaches Out To
|-damage|p1a: She Reaches Out To|42/100
|
|-heal|p2a: DMX|10/100 brn|[from] item: Leftovers
|-damage|p2a: DMX|4/100 brn|[from] brn
|upkeep
|turn|24
|
|t:|1760737028
|move|p1a: She Reaches Out To|Dragon Darts|p2a: DMX
|-resisted|p2a: DMX
|-damage|p2a: DMX|0 fnt
|faint|p2a: DMX
|
|upkeep
|
|t:|1760737035
|switch|p2a: ON SIGHT|Lokix, F|91/100
|turn|25
|
|t:|1760737038
|move|p2a: ON SIGHT|First Impression|p1a: She Reaches Out To
|-resisted|p1a: She Reaches Out To
|-damage|p1a: She Reaches Out To|0 fnt
|faint|p1a: She Reaches Out To
|-damage|p2a: ON SIGHT|81/100|[from] item: Life Orb
|
|upkeep
|
|t:|1760737051
|switch|p1a: Absolute Elsewhere|Latios, M|14/100
|turn|26
|
|t:|1760737056
|move|p2a: ON SIGHT|Sucker Punch|p1a: Absolute Elsewhere
|-supereffective|p1a: Absolute Elsewhere
|-damage|p1a: Absolute Elsewhere|0 fnt
|faint|p1a: Absolute Elsewhere
|-damage|p2a: ON SIGHT|71/100|[from] item: Life Orb
|
|upkeep
|
|t:|1760737069
|switch|p1a: The Fragile|Iron Treads|100/100
|turn|27
|inactive|davey scatino has 120 seconds left.
|
|t:|1760737105
|switch|p2a: Clodie|Clodsire, M|34/100 brn
|move|p1a: The Fragile|Iron Head|p2a: Clodie
|-damage|p2a: Clodie|0 fnt
|faint|p2a: Clodie
|
|upkeep
|
|t:|1760737107
|switch|p2a: Bubbles|Manaphy|100/100
|turn|28
|
|t:|1760737113
|-end|p1a: The Fragile|Quark Drive|[silent]
|switch|p1a: Dogsbody|Samurott-Hisui, F|100/100
|move|p2a: Bubbles|Acid Armor|p2a: Bubbles
|-boost|p2a: Bubbles|def|2
|
|upkeep
|turn|29
|
|t:|1760737120
|move|p2a: Bubbles|Acid Armor|p2a: Bubbles
|-boost|p2a: Bubbles|def|2
|move|p1a: Dogsbody|Knock Off|p2a: Bubbles
|-damage|p2a: Bubbles|90/100
|-enditem|p2a: Bubbles|Leftovers|[from] move: Knock Off|[of] p1a: Dogsbody
|
|upkeep
|turn|30
|
|t:|1760737125
|move|p2a: Bubbles|Take Heart|p2a: Bubbles
|-boost|p2a: Bubbles|spa|1
|-boost|p2a: Bubbles|spd|1
|move|p1a: Dogsbody|Ceaseless Edge|p2a: Bubbles|[miss]
|-miss|p1a: Dogsbody|p2a: Bubbles
|
|upkeep
|turn|31
|
|t:|1760737130
|move|p2a: Bubbles|Scald|p1a: Dogsbody
|-resisted|p1a: Dogsbody
|-damage|p1a: Dogsbody|86/100
|move|p1a: Dogsbody|Ceaseless Edge|p2a: Bubbles
|-damage|p2a: Bubbles|80/100
|-sidestart|p2: davey scatino|Spikes
|
|upkeep
|turn|32
|
|t:|1760737133
|move|p2a: Bubbles|Take Heart|p2a: Bubbles
|-boost|p2a: Bubbles|spa|1
|-boost|p2a: Bubbles|spd|1
|move|p1a: Dogsbody|Ceaseless Edge|p2a: Bubbles
|-damage|p2a: Bubbles|70/100
|-sidestart|p2: davey scatino|Spikes
|
|upkeep
|turn|33
|
|t:|1760737136
|move|p2a: Bubbles|Scald|p1a: Dogsbody
|-resisted|p1a: Dogsbody
|-damage|p1a: Dogsbody|68/100
|move|p1a: Dogsbody|Ceaseless Edge|p2a: Bubbles
|-damage|p2a: Bubbles|59/100
|-sidestart|p2: davey scatino|Spikes
|
|upkeep
|turn|34
|
|t:|1760737143
|move|p2a: Bubbles|Scald|p1a: Dogsbody
|-resisted|p1a: Dogsbody
|-damage|p1a: Dogsbody|48/100
|-status|p1a: Dogsbody|brn
|move|p1a: Dogsbody|Ceaseless Edge|p2a: Bubbles
|-damage|p2a: Bubbles|54/100
|
|-damage|p1a: Dogsbody|42/100 brn|[from] brn
|upkeep
|turn|35
|
|t:|1760737146
|move|p2a: Bubbles|Scald|p1a: Dogsbody
|-resisted|p1a: Dogsbody
|-damage|p1a: Dogsbody|21/100 brn
|move|p1a: Dogsbody|Ceaseless Edge|p2a: Bubbles
|-damage|p2a: Bubbles|49/100
|
|-damage|p1a: Dogsbody|15/100 brn|[from] brn
|upkeep
|turn|36
|
|t:|1760737149
|move|p1a: Dogsbody|Sucker Punch|p2a: Bubbles
|-damage|p2a: Bubbles|45/100
|move|p2a: Bubbles|Scald|p1a: Dogsbody
|-resisted|p1a: Dogsbody
|-damage|p1a: Dogsbody|0 fnt
|faint|p1a: Dogsbody
|
|upkeep
|
|t:|1760737151
|switch|p1a: The Fragile|Iron Treads|100/100
|turn|37
|
|t:|1760737156
|move|p2a: Bubbles|Scald|p1a: The Fragile
|-supereffective|p1a: The Fragile
|-damage|p1a: The Fragile|19/100
|-status|p1a: The Fragile|brn
|move|p1a: The Fragile|Earthquake|p2a: Bubbles
|-damage|p2a: Bubbles|41/100
|
|-heal|p1a: The Fragile|25/100 brn|[from] item: Leftovers
|-damage|p1a: The Fragile|19/100 brn|[from] brn
|upkeep
|turn|38
|-message|morriganqrow forfeited.
|
|win|davey scatino
|raw|morriganqrow's rating: 1339 &rarr; <strong>1319</strong><br />(-20 for losing)
|raw|davey scatino's rating: 1342 &rarr; <strong>1362</strong><br />(+20 for winning)
|l|☆morriganqrow
|player|p1|
