|j|☆Thatguyhere_15
|j|☆HZBKAI8
|t:|1760838093
|gametype|singles
|player|p1|Thatguyhere_15|steven|1102
|player|p2|HZBKAI8|266|1111
|gen|9
|tier|[Gen 9] OU
|rated|
|rule|HP Percentage Mod: HP is shown in percentages
|rule|Endless Battle Clause: Forcing endless battles is banned
|rule|Species Clause: Limit one of each Pokémon
|rule|OHKO Clause: OHKO moves are banned
|rule|Evasion Items Clause: Evasion items are banned
|rule|Evasion Moves Clause: Evasion moves are banned
|rule|Evasion Abilities Clause: Evasion abilities are banned
|rule|Sleep Moves Clause: Sleep-inducing moves are banned
|clearpoke
|poke|p1|Reuniclus, M|
|poke|p1|Clefable, M|
|poke|p1|Dragonite, F|
|poke|p1|Cinderace, F|
|poke|p1|Garchomp, M|
|poke|p1|Diancie|
|poke|p2|Dragapult, M|
|poke|p2|Tinkaton, F|
|poke|p2|Rotom-Heat|
|poke|p2|Ludicolo, F|
|poke|p2|Dugtrio-Alola, M|
|poke|p2|Hydrapple, F|
|teampreview
|inactive|Battle timer is ON: inactive players will automatically lose when time's up. (requested by Thatguyhere_15)
|
|t:|1760838097
|teamsize|p1|6
|teamsize|p2|6
|start
|switch|p1a: Garchomp|Garchomp, M|100/100
|switch|p2a: Ludicolo|Ludicolo, F|100/100
|turn|1
|
|t:|1760838104
|move|p1a: Garchomp|Swords Dance|p1a: Garchomp
|-boost|p1a: Garchomp|atk|2
|move|p2a: Ludicolo|Icy Wind|p1a: Garchomp
|-supereffective|p1a: Garchomp
|-damage|p1a: Garchomp|24/100
|-unboost|p1a: Garchomp|spe|1
|
|upkeep
|turn|2
|
|t:|1760838112
|move|p2a: Ludicolo|Icy Wind|p1a: Garchomp
|-supereffective|p1a: Garchomp
|-damage|p1a: Garchomp|0 fnt
|faint|p1a: Garchomp
|
|upkeep
|
|t:|1760838120
|switch|p1a: Clefable|Clefable, M|100/100
|turn|3
|
|t:|1760838124
|move|p2a: Ludicolo|Giga Drain|p1a: Clefable
|-damage|p1a: Clefable|71/100
|move|p1a: Clefable|Cosmic Power|p1a: Clefable
|-boost|p1a: Clefable|def|1
|-boost|p1a: Clefable|spd|1
|
|upkeep
|turn|4
|
|t:|1760838134
|move|p2a: Ludicolo|Giga Drain|p1a: Clefable
|-damage|p1a: Clefable|50/100
|move|p1a: Clefable|Cosmic Power|p1a: Clefable
|-boost|p1a: Clefable|def|1
|-boost|p1a: Clefable|spd|1
|
|upkeep
|turn|5
|
|t:|1760838141
|move|p2a: Ludicolo|Giga Drain|p1a: Clefable
|-damage|p1a: Clefable|35/100
|move|p1a: Clefable|Moonlight|p1a: Clefable
|-heal|p1a: Clefable|85/100
|
|upkeep
|turn|6
|
|t:|1760838148
|move|p2a: Ludicolo|Giga Drain|p1a: Clefable
|-damage|p1a: Clefable|68/100
|move|p1a: Clefable|Cosmic Power|p1a: Clefable
|-boost|p1a: Clefable|def|1
|-boost|p1a: Clefable|spd|1
|
|upkeep
|turn|7
|
|t:|1760838155
|move|p2a: Ludicolo|Giga Drain|p1a: Clefable
|-damage|p1a: Clefable|56/100
|move|p1a: Clefable|Cosmic Power|p1a: Clefable
|-boost|p1a: Clefable|def|1
|-boost|p1a: Clefable|spd|1
|
|upkeep
|turn|8
|
|t:|1760838161
|move|p2a: Ludicolo|Giga Drain|p1a: Clefable
|-damage|p1a: Clefable|44/100
|move|p1a: Clefable|Moonlight|p1a: Clefable
|-heal|p1a: Clefable|94/100
|
|upkeep
|turn|9
|
|t:|1760838168
|move|p2a: Ludicolo|Giga Drain|p1a: Clefable
|-damage|p1a: Clefable|84/100
|move|p1a: Clefable|Cosmic Power|p1a: Clefable
|-boost|p1a: Clefable|def|1
|-boost|p1a: Clefable|spd|1
|
|upkeep
|turn|10
|
|t:|1760838176
|move|p2a: Ludicolo|Giga Drain|p1a: Clefable
|-damage|p1a: Clefable|75/100
|move|p1a: Clefable|Cosmic Power|p1a: Clefable
|-boost|p1a: Clefable|def|1
|-boost|p1a: Clefable|spd|1
|
|upkeep
|turn|11
|
|t:|1760838184
|move|p2a: Ludicolo|Giga Drain|p1a: Clefable
|-damage|p1a: Clefable|67/100
|move|p1a: Clefable|Stored Power|p2a: Ludicolo
|-damage|p2a: Ludicolo|0 fnt
|faint|p2a: Ludicolo
|
|upkeep
|
|t:|1760838184
|switch|p2a: Tinkaton|Tinkaton, F|100/100
|-item|p2a: Tinkaton|Air Balloon
|turn|12
|
|t:|1760838195
|move|p2a: Tinkaton|Gigaton Hammer|p1a: Clefable
|-supereffective|p1a: Clefable
|-damage|p1a: Clefable|37/100
|move|p1a: Clefable|Stored Power|p2a: Tinkaton
|-resisted|p2a: Tinkaton
|-damage|p2a: Tinkaton|49/100
|-enditem|p2a: Tinkaton|Air Balloon
|
|upkeep
|turn|13
|
|t:|1760838203
|move|p2a: Tinkaton|Metal Claw|p1a: Clefable
|-supereffective|p1a: Clefable
|-damage|p1a: Clefable|25/100
|move|p1a: Clefable|Moonlight|p1a: Clefable
|-heal|p1a: Clefable|75/100
|
|upkeep
|turn|14
|
|t:|1760838211
|move|p2a: Tinkaton|Gigaton Hammer|p1a: Clefable
|-supereffective|p1a: Clefable
|-crit|p1a: Clefable
|-damage|p1a: Clefable|0 fnt
|faint|p1a: Clefable
|
|upkeep
|
|t:|1760838217
|switch|p1a: Reuniclus|Reuniclus, M|100/100
|turn|15
|
|t:|1760838224
|move|p2a: Tinkaton|Metal Claw|p1a: Reuniclus|[miss]
|-miss|p2a: Tinkaton|p1a: Reuniclus
|move|p1a: Reuniclus|Flash Cannon|p2a: Tinkaton
|-damage|p2a: Tinkaton|12/100
|
|upkeep
|turn|16
|
|t:|1760838231
|move|p2a: Tinkaton|Gigaton Hammer|p1a: Reuniclus
|-damage|p1a: Reuniclus|42/100
|move|p1a: Reuniclus|Flash Cannon|p2a: Tinkaton
|-damage|p2a: Tinkaton|0 fnt
|faint|p2a: Tinkaton
|
|upkeep
|
|t:|1760838231
|switch|p2a: Dragapult|Dragapult, M|100/100
|turn|17
|
|t:|1760838241
|move|p2a: Dragapult|Shadow Ball|p1a: Reuniclus
|-supereffective|p1a: Reuniclus
|-damage|p1a: Reuniclus|0 fnt
|faint|p1a: Reuniclus
|-damage|p2a: Dragapult|91/100|[from] item: Life Orb
|
|upkeep
|
|t:|1760838248
|switch|p1a: Diancie|Diancie|100/100
|turn|18
|
|t:|1760838251
|move|p2a: Dragapult|Shadow Ball|p1a: Diancie
|-damage|p1a: Diancie|66/100
|-damage|p2a: Dragapult|81/100|[from] item: Life Orb
|move|p1a: Diancie|Calm Mind|p1a: Diancie
|-boost|p1a: Diancie|spa|1
|-boost|p1a: Diancie|spd|1
|
|-heal|p1a: Diancie|72/100|[from] item: Leftovers
|upkeep
|turn|19
|
|t:|1760838261
|move|p2a: Dragapult|Shadow Ball|p1a: Diancie
|-damage|p1a: Diancie|48/100
|-damage|p2a: Dragapult|71/100|[from] item: Life Orb
|move|p1a: Diancie|Calm Mind|p1a: Diancie
|-boost|p1a: Diancie|spa|1
|-boost|p1a: Diancie|spd|1
|
|-heal|p1a: Diancie|54/100|[from] item: Leftovers
|upkeep
|turn|20
|
|t:|1760838271
|move|p2a: Dragapult|Shadow Ball|p1a: Diancie
|-damage|p1a: Diancie|36/100
|-damage|p2a: Dragapult|61/100|[from] item: Life Orb
|move|p1a: Diancie|Draining Kiss|p2a: Dragapult
|-supereffective|p2a: Dragapult
|-damage|p2a: Dragapult|0 fnt
|-heal|p1a: Diancie|83/100|[from] drain|[of] p2a: Dragapult
|faint|p2a: Dragapult
|
|-heal|p1a: Diancie|90/100|[from] item: Leftovers
|upkeep
|
|t:|1760838272
|switch|p2a: Dugtrio|Dugtrio-Alola, M|100/100
|turn|21
|
|t:|1760838289
|move|p2a: Dugtrio|Iron Head|p1a: Diancie
|-supereffective|p1a: Diancie
|-damage|p1a: Diancie|0 fnt
|faint|p1a: Diancie
|
|upkeep
|
|t:|1760838299
|switch|p1a: Cinderace|Cinderace, F|100/100
|turn|22
|
|t:|1760838303
|move|p1a: Cinderace|High Jump Kick|p2a: Dugtrio
|-start|p1a: Cinderace|typechange|Fighting|[from] ability: Libero
|-supereffective|p2a: Dugtrio
|-damage|p2a: Dugtrio|0 fnt
|-ability|p2a: Dugtrio|Tangling Hair
|-unboost|p1a: Cinderace|spe|1
|faint|p2a: Dugtrio
|
|upkeep
|
|t:|1760838303
|switch|p2a: Rotom|Rotom-Heat|100/100
|turn|23
|
|t:|1760838315
|move|p2a: Rotom|Overheat|p1a: Cinderace
|-damage|p1a: Cinderace|11/100
|-unboost|p2a: Rotom|spa|2
|move|p1a: Cinderace|U-turn|p2a: Rotom
|-resisted|p2a: Rotom
|-damage|p2a: Rotom|84/100
|
|t:|1760838321
|switch|p1a: Dragonite|Dragonite, F|100/100|[from] U-turn
|
|-heal|p2a: Rotom|91/100|[from] item: Leftovers
|upkeep
|turn|24
|
|t:|1760838332
|move|p2a: Rotom|Discharge|p1a: Dragonite
|-damage|p1a: Dragonite|82/100
|move|p1a: Dragonite|Dragon Dance|p1a: Dragonite
|-boost|p1a: Dragonite|atk|1
|-boost|p1a: Dragonite|spe|1
|
|-heal|p2a: Rotom|97/100|[from] item: Leftovers
|upkeep
|turn|25
|
|t:|1760838341
|move|p1a: Dragonite|Dragon Dance|p1a: Dragonite
|-boost|p1a: Dragonite|atk|1
|-boost|p1a: Dragonite|spe|1
|move|p2a: Rotom|Discharge|p1a: Dragonite
|-damage|p1a: Dragonite|63/100
|
|-heal|p2a: Rotom|100/100|[from] item: Leftovers
|upkeep
|turn|26
|
|t:|1760838351
|-terastallize|p1a: Dragonite|Normal
|move|p1a: Dragonite|Extreme Speed|p2a: Rotom
|-damage|p2a: Rotom|0 fnt
|faint|p2a: Rotom
|
|upkeep
|
|t:|1760838351
|switch|p2a: Hydrapple|Hydrapple, F|100/100
|turn|27
|
|t:|1760838361
|move|p1a: Dragonite|Extreme Speed|p2a: Hydrapple
|-damage|p2a: Hydrapple|16/100
|move|p2a: Hydrapple|Fickle Beam|p1a: Dragonite
|-damage|p1a: Dragonite|23/100
|
|upkeep
|turn|28
|
|t:|1760838368
|move|p1a: Dragonite|Extreme Speed|p2a: Hydrapple
|-damage|p2a: Hydrapple|0 fnt
|faint|p2a: Hydrapple
|
|win|Thatguyhere_15
|raw|Thatguyhere_15's rating: 1102 &rarr; <strong>1128</strong><br />(+26 for winning)
|raw|HZBKAI8's rating: 1111 &rarr; <strong>1085</strong><br />(-26 for losing)
|l|☆HZBKAI8
|player|p2|
|l|☆Thatguyhere_15
|player|p1|
