|j|☆kinsword
|j|☆Weredude08
|t:|1760779904
|gametype|singles
|player|p1|kinsword|102|1510
|player|p2|Weredude08|steven|1503
|gen|9
|tier|[Gen 9] OU
|rated|
|rule|HP Percentage Mod: HP is shown in percentages
|rule|Endless Battle Clause: Forcing endless battles is banned
|rule|Species Clause: Limit one of each Pokémon
|rule|OHKO Clause: OHKO moves are banned
|rule|Evasion Items Clause: Evasion items are banned
|rule|Evasion Moves Clause: Evasion moves are banned
|rule|Evasion Abilities Clause: Evasion abilities are banned
|rule|Sleep Moves Clause: Sleep-inducing moves are banned
|clearpoke
|poke|p1|Charizard, M|
|poke|p1|Ursaluna, M|
|poke|p1|Azumarill, F|
|poke|p1|Corviknight, F|
|poke|p1|Fezandipiti, M|
|poke|p1|Meowscarada, F|
|poke|p2|Walking Wake|
|poke|p2|Gliscor, F|
|poke|p2|Kingambit, M|
|poke|p2|Clefable, M|
|poke|p2|Zamazenta-*|
|poke|p2|Pecharunt|
|teampreview
|inactive|Battle timer is ON: inactive players will automatically lose when time's up. (requested by kinsword)
|
|t:|1760779914
|teamsize|p1|6
|teamsize|p2|6
|start
|switch|p1a: Fezandipiti|Fezandipiti, M|100/100
|switch|p2a: Walking Wake|Walking Wake|100/100
|turn|1
|
|t:|1760779922
|move|p2a: Walking Wake|Flip Turn|p1a: Fezandipiti
|-damage|p1a: Fezandipiti|83/100
|
|t:|1760779925
|-end|p2a: Walking Wake|Protosynthesis|[silent]
|switch|p2a: Gliscor|Gliscor, F|100/100|[from] Flip Turn
|move|p1a: Fezandipiti|Nasty Plot|p1a: Fezandipiti
|-boost|p1a: Fezandipiti|spa|2
|
|-heal|p1a: Fezandipiti|89/100|[from] item: Leftovers
|-status|p2a: Gliscor|tox|[from] item: Toxic Orb
|upkeep
|turn|2
|
|t:|1760779939
|move|p1a: Fezandipiti|Moonblast|p2a: Gliscor
|-damage|p2a: Gliscor|49/100 tox
|move|p2a: Gliscor|Earthquake|p1a: Fezandipiti
|-supereffective|p1a: Fezandipiti
|-damage|p1a: Fezandipiti|13/100
|
|-heal|p1a: Fezandipiti|19/100|[from] item: Leftovers
|-heal|p2a: Gliscor|62/100 tox|[from] ability: Poison Heal
|upkeep
|turn|3
|
|t:|1760779953
|move|p1a: Fezandipiti|Heat Wave|p2a: Gliscor
|-damage|p2a: Gliscor|29/100 tox
|move|p2a: Gliscor|Earthquake|p1a: Fezandipiti
|-supereffective|p1a: Fezandipiti
|-damage|p1a: Fezandipiti|0 fnt
|faint|p1a: Fezandipiti
|
|-heal|p2a: Gliscor|41/100 tox|[from] ability: Poison Heal
|upkeep
|
|t:|1760779965
|switch|p1a: Azumarill|Azumarill, F|100/100
|turn|4
|
|t:|1760779972
|switch|p2a: Pecharunt|Pecharunt|100/100
|move|p1a: Azumarill|Knock Off|p2a: Pecharunt
|-supereffective|p2a: Pecharunt
|-damage|p2a: Pecharunt|64/100
|-enditem|p2a: Pecharunt|Heavy-Duty Boots|[from] move: Knock Off|[of] p1a: Azumarill
|
|upkeep
|turn|5
|
|t:|1760779983
|switch|p1a: Ursaluna|Ursaluna, M|100/100
|move|p2a: Pecharunt|Recover|p2a: Pecharunt
|-heal|p2a: Pecharunt|100/100
|
|-status|p1a: Ursaluna|brn|[from] item: Flame Orb
|upkeep
|turn|6
|
|t:|1760779996
|move|p2a: Pecharunt|Parting Shot|p1a: Ursaluna
|-unboost|p1a: Ursaluna|atk|1
|-unboost|p1a: Ursaluna|spa|1
|
|t:|1760780004
|switch|p2a: Gliscor|Gliscor, F|41/100 tox|[from] Parting Shot
|move|p1a: Ursaluna|Facade|p2a: Gliscor
|-damage|p2a: Gliscor|0 fnt
|faint|p2a: Gliscor
|
|-damage|p1a: Ursaluna|94/100 brn|[from] brn
|upkeep
|
|t:|1760780009
|switch|p2a: Walking Wake|Walking Wake|100/100
|turn|7
|
|t:|1760780022
|switch|p1a: Azumarill|Azumarill, F|100/100
|move|p2a: Walking Wake|Scald|p1a: Azumarill
|-resisted|p1a: Azumarill
|-damage|p1a: Azumarill|86/100
|
|upkeep
|turn|8
|j| boon1234
|
|t:|1760780034
|move|p2a: Walking Wake|Flip Turn|p1a: Azumarill
|-resisted|p1a: Azumarill
|-damage|p1a: Azumarill|79/100
|
|t:|1760780037
|-end|p2a: Walking Wake|Protosynthesis|[silent]
|switch|p2a: Pecharunt|Pecharunt|100/100|[from] Flip Turn
|move|p1a: Azumarill|Knock Off|p2a: Pecharunt
|-supereffective|p2a: Pecharunt
|-damage|p2a: Pecharunt|75/100
|
|upkeep
|turn|9
|
|t:|1760780045
|switch|p1a: Corviknight|Corviknight, F|100/100
|move|p2a: Pecharunt|Parting Shot|p1a: Corviknight
|-ability|p1a: Corviknight|Mirror Armor
|-unboost|p2a: Pecharunt|atk|1
|-ability|p1a: Corviknight|Mirror Armor
|-unboost|p2a: Pecharunt|spa|1
|
|t:|1760780050
|switch|p2a: Walking Wake|Walking Wake|100/100|[from] Parting Shot
|
|upkeep
|turn|10
|j| sire clod
|l| sire clod
|
|t:|1760780062
|switch|p1a: Azumarill|Azumarill, F|79/100
|move|p2a: Walking Wake|Scald|p1a: Azumarill
|-resisted|p1a: Azumarill
|-damage|p1a: Azumarill|65/100
|
|upkeep
|turn|11
|
|t:|1760780069
|move|p2a: Walking Wake|Flip Turn|p1a: Azumarill
|-resisted|p1a: Azumarill
|-damage|p1a: Azumarill|56/100
|
|t:|1760780071
|-end|p2a: Walking Wake|Protosynthesis|[silent]
|switch|p2a: Pecharunt|Pecharunt|75/100|[from] Flip Turn
|move|p1a: Azumarill|Liquidation|p2a: Pecharunt
|-damage|p2a: Pecharunt|49/100
|
|upkeep
|turn|12
|
|t:|1760780080
|move|p2a: Pecharunt|Recover|p2a: Pecharunt
|-heal|p2a: Pecharunt|99/100
|move|p1a: Azumarill|Liquidation|p2a: Pecharunt
|-damage|p2a: Pecharunt|75/100
|
|upkeep
|turn|13
|
|t:|1760780088
|move|p2a: Pecharunt|Parting Shot|p1a: Azumarill
|-unboost|p1a: Azumarill|atk|1
|-unboost|p1a: Azumarill|spa|1
|
|t:|1760780090
|switch|p2a: Clefable|Clefable, M|100/100|[from] Parting Shot
|move|p1a: Azumarill|Liquidation|p2a: Clefable
|-crit|p2a: Clefable
|-damage|p2a: Clefable|4/100
|
|-heal|p2a: Clefable|10/100|[from] item: Leftovers
|upkeep
|turn|14
|
|t:|1760780100
|move|p1a: Azumarill|Aqua Jet|p2a: Clefable
|-damage|p2a: Clefable|0 fnt
|faint|p2a: Clefable
|
|upkeep
|
|t:|1760780106
|switch|p2a: Kingambit|Kingambit, M|100/100
|-activate|p2a: Kingambit|ability: Supreme Overlord
|-start|p2a: Kingambit|fallen2|[silent]
|turn|15
|
|t:|1760780111
|switch|p1a: Corviknight|Corviknight, F|100/100
|move|p2a: Kingambit|Swords Dance|p2a: Kingambit
|-boost|p2a: Kingambit|atk|2
|
|upkeep
|turn|16
|
|t:|1760780117
|-terastallize|p2a: Kingambit|Ghost
|move|p1a: Corviknight|Body Press|p2a: Kingambit
|-immune|p2a: Kingambit
|move|p2a: Kingambit|Swords Dance|p2a: Kingambit
|-boost|p2a: Kingambit|atk|2
|
|upkeep
|turn|17
|
|t:|1760780126
|move|p1a: Corviknight|U-turn|p2a: Kingambit
|-resisted|p2a: Kingambit
|-damage|p2a: Kingambit|95/100
|
|t:|1760780132
|switch|p1a: Azumarill|Azumarill, F|56/100|[from] U-turn
|move|p2a: Kingambit|Kowtow Cleave|p1a: Azumarill
|-resisted|p1a: Azumarill
|-damage|p1a: Azumarill|0 fnt
|faint|p1a: Azumarill
|
|-heal|p2a: Kingambit|100/100|[from] item: Leftovers
|upkeep
|
|t:|1760780145
|switch|p1a: Meowscarada|Meowscarada, F|100/100
|turn|18
|
|t:|1760780162
|move|p2a: Kingambit|Sucker Punch|p1a: Meowscarada
|-resisted|p1a: Meowscarada
|-damage|p1a: Meowscarada|0 fnt
|faint|p1a: Meowscarada
|
|upkeep
|
|t:|1760780168
|switch|p1a: Ursaluna|Ursaluna, M|94/100 brn
|turn|19
|
|t:|1760780176
|move|p1a: Ursaluna|Headlong Rush|p2a: Kingambit
|-damage|p2a: Kingambit|33/100
|-unboost|p1a: Ursaluna|def|1
|-unboost|p1a: Ursaluna|spd|1
|move|p2a: Kingambit|Kowtow Cleave|p1a: Ursaluna
|-damage|p1a: Ursaluna|0 fnt
|faint|p1a: Ursaluna
|
|-heal|p2a: Kingambit|39/100|[from] item: Leftovers
|upkeep
|
|t:|1760780190
|switch|p1a: Charizard|Charizard, M|100/100
|turn|20
|inactive|Weredude08 has 120 seconds left.
|inactive|Weredude08 has 90 seconds left.
|l| boon1234
|
|t:|1760780280
|move|p2a: Kingambit|Sucker Punch|p1a: Charizard
|-damage|p1a: Charizard|0 fnt
|faint|p1a: Charizard
|
|-heal|p2a: Kingambit|45/100|[from] item: Leftovers
|upkeep
|
|t:|1760780292
|switch|p1a: Corviknight|Corviknight, F|100/100
|turn|21
|
|t:|1760780297
|move|p1a: Corviknight|U-turn|p2a: Kingambit
|-resisted|p2a: Kingambit
|-damage|p2a: Kingambit|40/100
|move|p2a: Kingambit|Kowtow Cleave|p1a: Corviknight
|-damage|p1a: Corviknight|2/100
|-damage|p2a: Kingambit|24/100|[from] item: Rocky Helmet|[of] p1a: Corviknight
|
|-heal|p2a: Kingambit|30/100|[from] item: Leftovers
|upkeep
|turn|22
|
|t:|1760780307
|move|p1a: Corviknight|U-turn|p2a: Kingambit
|-resisted|p2a: Kingambit
|-damage|p2a: Kingambit|24/100
|move|p2a: Kingambit|Kowtow Cleave|p1a: Corviknight
|-damage|p1a: Corviknight|0 fnt
|-damage|p2a: Kingambit|8/100|[from] item: Rocky Helmet|[of] p1a: Corviknight
|faint|p1a: Corviknight
|
|win|Weredude08
|raw|kinsword's rating: 1510 &rarr; <strong>1490</strong><br />(-20 for losing)
|raw|Weredude08's rating: 1503 &rarr; <strong>1523</strong><br />(+20 for winning)
|l|☆Weredude08
|player|p2|
|l|☆kinsword
|player|p1|
