|j|☆Notlubuto
|j|☆renzard
|t:|1760762190
|gametype|singles
|player|p1|Notlubuto|169|1174
|player|p2|renzard|265|1124
|gen|9
|tier|[Gen 9] OU
|rated|
|rule|HP Percentage Mod: HP is shown in percentages
|rule|Endless Battle Clause: Forcing endless battles is banned
|rule|Species Clause: Limit one of each Pokémon
|rule|OHKO Clause: OHKO moves are banned
|rule|Evasion Items Clause: Evasion items are banned
|rule|Evasion Moves Clause: Evasion moves are banned
|rule|Evasion Abilities Clause: Evasion abilities are banned
|rule|Sleep Moves Clause: Sleep-inducing moves are banned
|clearpoke
|poke|p1|Iron Valiant|
|poke|p1|Kingambit, F|
|poke|p1|Skeledirge, F|
|poke|p1|Samurott-Hisui, M|
|poke|p1|Ogerpon-Cornerstone, F|
|poke|p1|Corviknight, M|
|poke|p2|Maushold-Four|
|poke|p2|Talonflame, F|
|poke|p2|Corviknight, F|
|poke|p2|Blissey, F|
|poke|p2|Noivern, F|
|poke|p2|Clodsire, M|
|teampreview
|
|t:|1760762200
|teamsize|p1|6
|teamsize|p2|6
|start
|switch|p1a: Samurott|Samurott-Hisui, M|100/100
|switch|p2a: Talonflame|Talonflame, F, shiny|100/100
|turn|1
|
|t:|1760762210
|switch|p2a: Corviknight|Corviknight, F|100/100
|move|p1a: Samurott|Razor Shell|p2a: Corviknight
|-damage|p2a: Corviknight|61/100
|-damage|p1a: Samurott|84/100|[from] item: Rocky Helmet|[of] p2a: Corviknight
|
|upkeep
|turn|2
|
|t:|1760762221
|move|p1a: Samurott|Razor Shell|p2a: Corviknight
|-damage|p2a: Corviknight|25/100
|-ability|p2a: Corviknight|Mirror Armor
|-unboost|p1a: Samurott|def|1
|-damage|p1a: Samurott|67/100|[from] item: Rocky Helmet|[of] p2a: Corviknight
|move|p2a: Corviknight|Bulk Up|p2a: Corviknight
|-boost|p2a: Corviknight|atk|1
|-boost|p2a: Corviknight|def|1
|
|upkeep
|turn|3
|
|t:|1760762234
|move|p1a: Samurott|Razor Shell|p2a: Corviknight
|-damage|p2a: Corviknight|0 fnt
|-damage|p1a: Samurott|51/100|[from] item: Rocky Helmet|[of] p2a: Corviknight
|faint|p2a: Corviknight
|
|upkeep
|
|t:|1760762245
|switch|p2a: Noivern|Noivern, F, shiny|100/100
|turn|4
|
|t:|1760762251
|move|p2a: Noivern|Hurricane|p1a: Samurott
|-damage|p1a: Samurott|0 fnt
|faint|p1a: Samurott
|
|upkeep
|
|t:|1760762259
|switch|p1a: Iron Valiant|Iron Valiant|100/100
|-enditem|p1a: Iron Valiant|Booster Energy
|-activate|p1a: Iron Valiant|ability: Quark Drive|[fromitem]
|-start|p1a: Iron Valiant|quarkdrivespe
|turn|5
|
|t:|1760762281
|switch|p2a: Clodsire|Clodsire, M|100/100
|-terastallize|p1a: Iron Valiant|Steel
|move|p1a: Iron Valiant|Knock Off|p2a: Clodsire
|-damage|p2a: Clodsire|81/100
|-enditem|p2a: Clodsire|Sitrus Berry|[from] move: Knock Off|[of] p1a: Iron Valiant
|
|upkeep
|turn|6
|
|t:|1760762299
|-end|p1a: Iron Valiant|Quark Drive|[silent]
|switch|p1a: Corviknight|Corviknight, M|100/100
|-ability|p1a: Corviknight|Pressure
|move|p2a: Clodsire|Stealth Rock|p1a: Corviknight
|-sidestart|p1: Notlubuto|move: Stealth Rock
|
|upkeep
|turn|7
|
|t:|1760762311
|move|p1a: Corviknight|Brave Bird|p2a: Clodsire
|-damage|p2a: Clodsire|52/100
|-damage|p1a: Corviknight|89/100|[from] Recoil
|move|p2a: Clodsire|Toxic Spikes|p1a: Corviknight
|-sidestart|p1: Notlubuto|move: Toxic Spikes
|
|upkeep
|turn|8
|
|t:|1760762319
|move|p1a: Corviknight|Defog|p2a: Clodsire
|-unboost|p2a: Clodsire|evasion|1
|-sideend|p1: Notlubuto|Toxic Spikes|[from] move: Defog|[of] p1a: Corviknight
|-sideend|p1: Notlubuto|Stealth Rock|[from] move: Defog|[of] p1a: Corviknight
|move|p2a: Clodsire|Toxic Spikes|p1a: Corviknight
|-sidestart|p1: Notlubuto|move: Toxic Spikes
|
|upkeep
|turn|9
|
|t:|1760762330
|move|p1a: Corviknight|U-turn|p2a: Clodsire
|-resisted|p2a: Clodsire
|-damage|p2a: Clodsire|47/100
|
|t:|1760762342
|switch|p1a: Skeledirge|Skeledirge, F|100/100|[from] U-turn
|move|p2a: Clodsire|Stealth Rock|p1a: Skeledirge
|-sidestart|p1: Notlubuto|move: Stealth Rock
|
|upkeep
|turn|10
|
|t:|1760762357
|move|p1a: Skeledirge|Hex|p2a: Clodsire
|-crit|p2a: Clodsire
|-damage|p2a: Clodsire|22/100
|move|p2a: Clodsire|Spikes|p1a: Skeledirge
|-sidestart|p1: Notlubuto|Spikes
|
|upkeep
|turn|11
|l|☆Notlubuto
|player|p1|
|inactive|Battle timer is ON: inactive players will automatically lose when time's up. (requested by renzard)
|inactive|Notlubuto has 30 seconds to reconnect!
|inactive|Notlubuto has 20 seconds to reconnect!
|inactive|Notlubuto has 15 seconds to reconnect!
|inactive|Notlubuto has 10 seconds to reconnect!
|inactive|Notlubuto has 5 seconds to reconnect!
|-message|Notlubuto lost due to inactivity.
|
|win|renzard
|raw|Notlubuto's rating: 1174 &rarr; <strong>1145</strong><br />(-29 for losing)
|raw|renzard's rating: 1124 &rarr; <strong>1153</strong><br />(+29 for winning)
|l|☆renzard
|player|p2|
