|j|☆OP Earthquakes
|j|☆Pipich
|t:|1760765062
|gametype|singles
|player|p1|OP Earthquakes|giovanni-masters|1499
|player|p2|Pipich|266|1546
|gen|9
|tier|[Gen 9] OU
|rated|
|rule|HP Percentage Mod: HP is shown in percentages
|rule|Endless Battle Clause: Forcing endless battles is banned
|rule|Species Clause: Limit one of each Pokémon
|rule|OHKO Clause: OHKO moves are banned
|rule|Evasion Items Clause: Evasion items are banned
|rule|Evasion Moves Clause: Evasion moves are banned
|rule|Evasion Abilities Clause: Evasion abilities are banned
|rule|Sleep Moves Clause: Sleep-inducing moves are banned
|clearpoke
|poke|p1|Excadrill, M|
|poke|p1|Hawlucha, M|
|poke|p1|Kyurem|
|poke|p1|Tyranitar, M|
|poke|p1|Pawmot, F|
|poke|p1|Thundurus-Therian, M|
|poke|p2|Walking Wake|
|poke|p2|Ninetales, F|
|poke|p2|Raging Bolt|
|poke|p2|Rillaboom, M|
|poke|p2|Great Tusk|
|poke|p2|Infernape, M|
|teampreview
|inactive|Battle timer is ON: inactive players will automatically lose when time's up. (requested by OP Earthquakes)
|inactive|OP Earthquakes has 120 seconds left.
|inactive|Pipich has 120 seconds left.
|c|☆OP Earthquakes|GLHF!
|j| RedemptiveSketch
|
|t:|1760765099
|teamsize|p1|6
|teamsize|p2|6
|start
|switch|p1a: Frieza|Kyurem, shiny|100/100
|switch|p2a: Infernape|Infernape, M|100/100
|-ability|p1a: Frieza|Pressure
|turn|1
|
|t:|1760765114
|switch|p1a: Thundurus|Thundurus-Therian, M|100/100
|move|p2a: Infernape|Flare Blitz|p1a: Thundurus
|-damage|p1a: Thundurus|0 fnt
|faint|p1a: Thundurus
|-damage|p2a: Infernape|67/100|[from] Recoil
|
|upkeep
|
|t:|1760765130
|switch|p1a: Itachi|Hawlucha, M, shiny|100/100
|-ability|p1a: Itachi|Mold Breaker
|turn|2
|
|t:|1760765141
|switch|p2a: Raging Bolt|Raging Bolt|100/100
|move|p1a: Itachi|Brave Bird|p2a: Raging Bolt
|-resisted|p2a: Raging Bolt
|-damage|p2a: Raging Bolt|80/100
|-damage|p1a: Itachi|91/100|[from] Recoil
|
|upkeep
|turn|3
|
|t:|1760765157
|switch|p1a: OP|Excadrill, M|100/100
|-end|p2a: Raging Bolt|Protosynthesis|[silent]
|switch|p2a: Rillaboom|Rillaboom, M|100/100
|-fieldstart|move: Grassy Terrain|[from] ability: Grassy Surge|[of] p2a: Rillaboom
|
|upkeep
|turn|4
|
|t:|1760765168
|switch|p1a: Frieza|Kyurem, shiny|100/100
|-ability|p1a: Frieza|Pressure
|move|p2a: Rillaboom|U-turn|p1a: Frieza
|-damage|p1a: Frieza|62/100
|
|t:|1760765178
|switch|p2a: Infernape|Infernape, M|67/100|[from] U-turn
|
|-heal|p2a: Infernape|73/100|[from] Grassy Terrain
|-heal|p1a: Frieza|68/100|[from] Grassy Terrain
|upkeep
|turn|5
|
|t:|1760765186
|move|p2a: Infernape|Close Combat|p1a: Frieza
|-supereffective|p1a: Frieza
|-damage|p1a: Frieza|0 fnt
|-unboost|p2a: Infernape|def|1
|-unboost|p2a: Infernape|spd|1
|faint|p1a: Frieza
|
|-heal|p2a: Infernape|79/100|[from] Grassy Terrain
|upkeep
|
|t:|1760765193
|switch|p1a: Itachi|Hawlucha, M, shiny|91/100
|-ability|p1a: Itachi|Mold Breaker
|turn|6
|
|t:|1760765210
|move|p1a: Itachi|Swords Dance|p1a: Itachi
|-boost|p1a: Itachi|atk|2
|move|p2a: Infernape|Close Combat|p1a: Itachi
|-resisted|p1a: Itachi
|-damage|p1a: Itachi|37/100
|-unboost|p2a: Infernape|def|1
|-unboost|p2a: Infernape|spd|1
|-enditem|p1a: Itachi|Red Card|[of] p2a: Infernape
|drag|p2a: Walking Wake|Walking Wake|100/100
|
|upkeep
|turn|7
|inactive|Pipich has 120 seconds left.
|inactive|Pipich has 90 seconds left.
|inactive|Pipich has 60 seconds left.
|
|t:|1760765325
|-end|p2a: Walking Wake|Protosynthesis|[silent]
|switch|p2a: Infernape|Infernape, M|79/100
|move|p1a: Itachi|Brave Bird|p2a: Infernape
|-supereffective|p2a: Infernape
|-damage|p2a: Infernape|0 fnt
|faint|p2a: Infernape
|-damage|p1a: Itachi|12/100|[from] Recoil
|
|-fieldend|move: Grassy Terrain
|upkeep
|inactive|Pipich has 30 seconds left.
|
|t:|1760765335
|switch|p2a: Raging Bolt|Raging Bolt|80/100
|turn|8
|
|t:|1760765339
|move|p2a: Raging Bolt|Thunderclap|p1a: Itachi
|-supereffective|p1a: Itachi
|-damage|p1a: Itachi|0 fnt
|faint|p1a: Itachi
|
|upkeep
|
|t:|1760765341
|switch|p1a: Porunga|Pawmot, F|100/100
|turn|9
|
|t:|1760765347
|-end|p2a: Raging Bolt|Protosynthesis|[silent]
|switch|p2a: Great Tusk|Great Tusk|100/100
|move|p1a: Porunga|Revival Blessing|p1a: Porunga
|-enditem|p1a: Porunga|Leppa Berry|[eat]
|-activate|p1a: Porunga|item: Leppa Berry|Revival Blessing|[consumed]
|
|t:|1760765354
|-heal|p1: Thundurus|50/100|[from] move: Revival Blessing
|
|upkeep
|turn|10
|inactive|Pipich has 60 seconds left.
|
|t:|1760765361
|move|p1a: Porunga|Revival Blessing|p1a: Porunga
|
|t:|1760765365
|-heal|p1: Frieza|50/100|[from] move: Revival Blessing
|move|p2a: Great Tusk|Stealth Rock|p1a: Porunga
|-sidestart|p1: OP Earthquakes|move: Stealth Rock
|
|upkeep
|turn|11
|inactive|Pipich has 60 seconds left.
|
|t:|1760765386
|-end|p2a: Great Tusk|Protosynthesis|[silent]
|switch|p2a: Ninetales|Ninetales, F|100/100
|-weather|SunnyDay|[from] ability: Drought|[of] p2a: Ninetales
|move|p1a: Porunga|Metronome|p1a: Porunga
|move|p1a: Porunga|Shadow Sneak|p2a: Ninetales|[from] move: Metronome
|-damage|p2a: Ninetales|88/100
|
|-weather|SunnyDay|[upkeep]
|upkeep
|turn|12
|inactive|Pipich has 60 seconds left.
|
|t:|1760765398
|switch|p1a: Shukaku|Tyranitar, M, shiny|100/100
|-damage|p1a: Shukaku|88/100|[from] Stealth Rock
|-weather|Sandstorm|[from] ability: Sand Stream|[of] p1a: Shukaku
|move|p2a: Ninetales|Will-O-Wisp|p1a: Shukaku
|-status|p1a: Shukaku|brn
|
|-weather|Sandstorm|[upkeep]
|-damage|p2a: Ninetales|82/100|[from] Sandstorm
|-damage|p1a: Shukaku|82/100 brn|[from] brn
|upkeep
|turn|13
|inactive|Pipich has 60 seconds left.
|
|t:|1760765421
|switch|p2a: Rillaboom|Rillaboom, M|100/100
|-fieldstart|move: Grassy Terrain|[from] ability: Grassy Surge|[of] p2a: Rillaboom
|move|p1a: Shukaku|Ice Beam|p2a: Rillaboom
|-supereffective|p2a: Rillaboom
|-damage|p2a: Rillaboom|48/100
|
|-weather|Sandstorm|[upkeep]
|-damage|p2a: Rillaboom|42/100|[from] Sandstorm
|-heal|p2a: Rillaboom|48/100|[from] Grassy Terrain
|-heal|p1a: Shukaku|88/100 brn|[from] Grassy Terrain
|-damage|p1a: Shukaku|82/100 brn|[from] brn
|upkeep
|turn|14
|
|t:|1760765443
|switch|p1a: Frieza|Kyurem, shiny|50/100
|-damage|p1a: Frieza|25/100|[from] Stealth Rock
|-ability|p1a: Frieza|Pressure
|move|p2a: Rillaboom|Wood Hammer|p1a: Frieza
|-resisted|p1a: Frieza
|-damage|p1a: Frieza|0 fnt
|faint|p1a: Frieza
|-damage|p2a: Rillaboom|40/100|[from] Recoil
|
|-weather|Sandstorm|[upkeep]
|-damage|p2a: Rillaboom|34/100|[from] Sandstorm
|-heal|p2a: Rillaboom|40/100|[from] Grassy Terrain
|upkeep
|
|t:|1760765453
|switch|p1a: OP|Excadrill, M|100/100
|-damage|p1a: OP|97/100|[from] Stealth Rock
|turn|15
|inactive|Pipich has 60 seconds left.
|
|t:|1760765472
|switch|p2a: Great Tusk|Great Tusk|100/100
|move|p1a: OP|Iron Head|p2a: Great Tusk
|-damage|p2a: Great Tusk|59/100
|-damage|p1a: OP|81/100|[from] item: Rocky Helmet|[of] p2a: Great Tusk
|
|-weather|Sandstorm|[upkeep]
|-heal|p1a: OP|87/100|[from] Grassy Terrain
|-heal|p2a: Great Tusk|65/100|[from] Grassy Terrain
|upkeep
|turn|16
|inactive|Pipich has 60 seconds left.
|
|t:|1760765489
|switch|p1a: Thundurus|Thundurus-Therian, M|50/100
|-damage|p1a: Thundurus|26/100|[from] Stealth Rock
|move|p2a: Great Tusk|Rapid Spin|p1a: Thundurus
|-damage|p1a: Thundurus|3/100
|-boost|p2a: Great Tusk|spe|1
|
|-weather|Sandstorm|[upkeep]
|-damage|p1a: Thundurus|0 fnt|[from] Sandstorm
|faint|p1a: Thundurus
|-heal|p2a: Great Tusk|71/100|[from] Grassy Terrain
|upkeep
|
|t:|1760765499
|switch|p1a: Shukaku|Tyranitar, M, shiny|82/100 brn
|-damage|p1a: Shukaku|69/100 brn|[from] Stealth Rock
|turn|17
|inactive|Pipich has 60 seconds left.
|
|t:|1760765510
|move|p2a: Great Tusk|Headlong Rush|p1a: Shukaku
|-supereffective|p1a: Shukaku
|-damage|p1a: Shukaku|3/100 brn
|-unboost|p2a: Great Tusk|def|1
|-unboost|p2a: Great Tusk|spd|1
|move|p1a: Shukaku|Ice Beam|p2a: Great Tusk
|-supereffective|p2a: Great Tusk
|-damage|p2a: Great Tusk|0 fnt
|faint|p2a: Great Tusk
|-end|p2a: Great Tusk|Protosynthesis|[silent]
|
|-weather|Sandstorm|[upkeep]
|-heal|p1a: Shukaku|9/100 brn|[from] Grassy Terrain
|-damage|p1a: Shukaku|3/100 brn|[from] brn
|-fieldend|move: Grassy Terrain
|upkeep
|inactive|Pipich has 60 seconds left.
|
|t:|1760765526
|switch|p2a: Ninetales|Ninetales, F|82/100
|-weather|SunnyDay|[from] ability: Drought|[of] p2a: Ninetales
|turn|18
|
|t:|1760765535
|move|p2a: Ninetales|Flamethrower|p1a: Shukaku
|-resisted|p1a: Shukaku
|-damage|p1a: Shukaku|0 fnt
|faint|p1a: Shukaku
|
|-weather|SunnyDay|[upkeep]
|upkeep
|
|t:|1760765539
|switch|p1a: Porunga|Pawmot, F|100/100
|-damage|p1a: Porunga|95/100|[from] Stealth Rock
|turn|19
|inactive|Pipich has 60 seconds left.
|j| zapbros
|
|t:|1760765555
|move|p1a: Porunga|Rest|p1a: Porunga
|-status|p1a: Porunga|slp|[from] move: Rest
|-heal|p1a: Porunga|100/100 slp|[silent]
|move|p2a: Ninetales|Will-O-Wisp||[still]
|-fail|p2a: Ninetales
|
|-weather|SunnyDay|[upkeep]
|upkeep
|turn|20
|l| zapbros
|inactive|Pipich has 60 seconds left.
|
|t:|1760765567
|cant|p1a: Porunga|slp
|move|p1a: Porunga|Sleep Talk|p1a: Porunga
|move|p1a: Porunga|Revival Blessing|p1a: Porunga|[from] move: Sleep Talk
|
|t:|1760765572
|-heal|p1: Shukaku|50/100|[from] move: Revival Blessing
|move|p2a: Ninetales|Encore||[still]
|-fail|p2a: Ninetales
|
|-weather|SunnyDay|[upkeep]
|upkeep
|turn|21
|inactive|Pipich has 60 seconds left.
|c|☆Pipich|Omg you can do that 🤣🤣
|
|t:|1760765596
|switch|p1a: Shukaku|Tyranitar, M, shiny|50/100
|-damage|p1a: Shukaku|38/100|[from] Stealth Rock
|-weather|Sandstorm|[from] ability: Sand Stream|[of] p1a: Shukaku
|move|p2a: Ninetales|Flamethrower|p1a: Shukaku
|-resisted|p1a: Shukaku
|-damage|p1a: Shukaku|30/100
|
|-weather|Sandstorm|[upkeep]
|-damage|p2a: Ninetales|76/100|[from] Sandstorm
|upkeep
|turn|22
|
|t:|1760765611
|switch|p2a: Walking Wake|Walking Wake|100/100
|move|p1a: Shukaku|Thunder Wave|p2a: Walking Wake
|-status|p2a: Walking Wake|par
|
|-weather|Sandstorm|[upkeep]
|-damage|p2a: Walking Wake|94/100 par|[from] Sandstorm
|upkeep
|turn|23
|inactive|OP Earthquakes has 120 seconds left.
|
|t:|1760765646
|cant|p2a: Walking Wake|par
|move|p1a: Shukaku|Stealth Rock|p2a: Walking Wake
|-sidestart|p2: Pipich|move: Stealth Rock
|
|-weather|Sandstorm|[upkeep]
|-damage|p2a: Walking Wake|88/100 par|[from] Sandstorm
|upkeep
|turn|24
|inactive|OP Earthquakes has 120 seconds left.
|
|t:|1760765656
|switch|p1a: Porunga|Pawmot, F|100/100 slp
|-damage|p1a: Porunga|95/100 slp|[from] Stealth Rock
|cant|p2a: Walking Wake|par
|
|-weather|Sandstorm|[upkeep]
|-damage|p1a: Porunga|89/100 slp|[from] Sandstorm
|-damage|p2a: Walking Wake|82/100 par|[from] Sandstorm
|upkeep
|turn|25
|inactive|Pipich has 60 seconds left.
|
|t:|1760765672
|-end|p2a: Walking Wake|Protosynthesis|[silent]
|switch|p2a: Rillaboom|Rillaboom, M|40/100
|-damage|p2a: Rillaboom|28/100|[from] Stealth Rock
|-fieldstart|move: Grassy Terrain|[from] ability: Grassy Surge|[of] p2a: Rillaboom
|cant|p1a: Porunga|slp
|move|p1a: Porunga|Sleep Talk|p1a: Porunga
|move|p1a: Porunga|Revival Blessing|p1a: Porunga|[from] move: Sleep Talk
|inactive|OP Earthquakes has 120 seconds left.
|
|t:|1760765707
|-heal|p1: Frieza|50/100|[from] move: Revival Blessing
|
|-weather|Sandstorm|[upkeep]
|-damage|p1a: Porunga|83/100 slp|[from] Sandstorm
|-damage|p2a: Rillaboom|22/100|[from] Sandstorm
|-heal|p1a: Porunga|89/100 slp|[from] Grassy Terrain
|-heal|p2a: Rillaboom|28/100|[from] Grassy Terrain
|upkeep
|turn|26
|inactive|Pipich has 60 seconds left.
|
|t:|1760765718
|-terastallize|p2a: Rillaboom|Grass
|move|p2a: Rillaboom|Grassy Glide|p1a: Porunga
|-crit|p1a: Porunga
|-damage|p1a: Porunga|0 fnt
|faint|p1a: Porunga
|
|-weather|Sandstorm|[upkeep]
|-damage|p2a: Rillaboom|22/100|[from] Sandstorm
|-heal|p2a: Rillaboom|28/100|[from] Grassy Terrain
|upkeep
|
|t:|1760765729
|switch|p1a: OP|Excadrill, M|87/100
|-damage|p1a: OP|84/100|[from] Stealth Rock
|turn|27
|inactive|OP Earthquakes has 90 seconds left.
|
|t:|1760765772
|-terastallize|p1a: OP|Fire
|move|p2a: Rillaboom|Grassy Glide|p1a: OP
|-resisted|p1a: OP
|-damage|p1a: OP|28/100
|move|p1a: OP|Iron Head|p2a: Rillaboom
|-damage|p2a: Rillaboom|0 fnt
|faint|p2a: Rillaboom
|
|-weather|Sandstorm|[upkeep]
|-heal|p1a: OP|34/100|[from] Grassy Terrain
|upkeep
|inactive|Pipich has 60 seconds left.
|
|t:|1760765794
|switch|p2a: Ninetales|Ninetales, F|76/100
|-damage|p2a: Ninetales|52/100|[from] Stealth Rock
|-weather|SunnyDay|[from] ability: Drought|[of] p2a: Ninetales
|turn|28
|inactive|Pipich has 60 seconds left.
|
|t:|1760765811
|switch|p1a: Shukaku|Tyranitar, M, shiny|30/100
|-damage|p1a: Shukaku|18/100|[from] Stealth Rock
|-weather|Sandstorm|[from] ability: Sand Stream|[of] p1a: Shukaku
|move|p2a: Ninetales|Healing Wish|p2a: Ninetales
|faint|p2a: Ninetales
|
|-weather|Sandstorm|[upkeep]
|-heal|p1a: Shukaku|24/100|[from] Grassy Terrain
|upkeep
|
|t:|1760765822
|switch|p2a: Walking Wake|Walking Wake|82/100 par
|-heal|p2a: Walking Wake|100/100|[from] move: Healing Wish
|-damage|p2a: Walking Wake|88/100|[from] Stealth Rock
|turn|29
|inactive|OP Earthquakes has 60 seconds left.
|
|t:|1760765843
|move|p2a: Walking Wake|Hydro Steam|p1a: Shukaku
|-supereffective|p1a: Shukaku
|-damage|p1a: Shukaku|0 fnt
|faint|p1a: Shukaku
|
|-weather|Sandstorm|[upkeep]
|-damage|p2a: Walking Wake|82/100|[from] Sandstorm
|-heal|p2a: Walking Wake|88/100|[from] Grassy Terrain
|-fieldend|move: Grassy Terrain
|upkeep
|
|t:|1760765847
|switch|p1a: OP|Excadrill, M, tera:Fire|34/100
|-damage|p1a: OP|9/100|[from] Stealth Rock
|turn|30
|inactive|Pipich has 60 seconds left.
|
|t:|1760765862
|move|p1a: OP|Earthquake|p2a: Walking Wake
|-damage|p2a: Walking Wake|0 fnt
|faint|p2a: Walking Wake
|-end|p2a: Walking Wake|Protosynthesis|[silent]
|
|-weather|Sandstorm|[upkeep]
|upkeep
|
|t:|1760765868
|switch|p2a: Raging Bolt|Raging Bolt|80/100
|-damage|p2a: Raging Bolt|68/100|[from] Stealth Rock
|turn|31
|
|t:|1760765875
|move|p2a: Raging Bolt|Thunderclap|p1a: OP
|-damage|p1a: OP|0 fnt
|faint|p1a: OP
|
|-weather|Sandstorm|[upkeep]
|-damage|p2a: Raging Bolt|62/100|[from] Sandstorm
|upkeep
|
|t:|1760765878
|switch|p1a: Frieza|Kyurem, shiny|50/100
|-damage|p1a: Frieza|25/100|[from] Stealth Rock
|-ability|p1a: Frieza|Pressure
|turn|32
|inactive|Pipich has 60 seconds left.
|c|☆OP Earthquakes|GG
|
|t:|1760765894
|move|p2a: Raging Bolt|Thunderclap|p1a: Frieza
|-resisted|p1a: Frieza
|-damage|p1a: Frieza|7/100
|move|p1a: Frieza|Freeze-Dry|p2a: Raging Bolt
|-supereffective|p2a: Raging Bolt
|-damage|p2a: Raging Bolt|0 fnt
|faint|p2a: Raging Bolt
|-end|p2a: Raging Bolt|Protosynthesis|[silent]
|
|win|OP Earthquakes
|raw|OP Earthquakes's rating: 1499 &rarr; <strong>1522</strong><br />(+23 for winning)
|raw|Pipich's rating: 1546 &rarr; <strong>1523</strong><br />(-23 for losing)
|c|☆Pipich|🤣 gg
|c| RedemptiveSketch|lmfaooo
|c|☆Pipich|Yeah I did not know all this was légal
|c|☆Pipich|🤣
|c|☆Pipich|Funny sets
|c|☆Pipich|I'll know better next time
|l| RedemptiveSketch
|j| RedemptiveSketch
|l| RedemptiveSketch
|l|☆Pipich
|player|p2|
