|j|☆haveliscool
|j|☆Allheckers
|t:|1760776991
|gametype|singles
|player|p1|haveliscool|2|1288
|player|p2|Allheckers|sabrina|1225
|gen|9
|tier|[Gen 9] OU
|rated|
|rule|HP Percentage Mod: HP is shown in percentages
|rule|Endless Battle Clause: Forcing endless battles is banned
|rule|Species Clause: Limit one of each Pokémon
|rule|OHKO Clause: OHKO moves are banned
|rule|Evasion Items Clause: Evasion items are banned
|rule|Evasion Moves Clause: Evasion moves are banned
|rule|Evasion Abilities Clause: Evasion abilities are banned
|rule|Sleep Moves Clause: Sleep-inducing moves are banned
|clearpoke
|poke|p1|Torkoal, M|
|poke|p1|Hatterene, F|
|poke|p1|Raging Bolt|
|poke|p1|Slither Wing|
|poke|p1|Venusaur, F|
|poke|p1|Walking Wake|
|poke|p2|Keldeo-Resolute|
|poke|p2|Masquerain, F|
|poke|p2|Sableye, M|
|poke|p2|Glimmora, M|
|poke|p2|Whimsicott, F|
|poke|p2|Polteageist-Antique|
|teampreview
|
|t:|1760777006
|teamsize|p1|6
|teamsize|p2|6
|start
|switch|p1a: Torkoal|Torkoal, M|100/100
|switch|p2a: Polteageist|Polteageist-Antique|100/100
|-weather|SunnyDay|[from] ability: Drought|[of] p1a: Torkoal
|turn|1
|
|t:|1760777012
|move|p2a: Polteageist|Shell Smash|p2a: Polteageist
|-unboost|p2a: Polteageist|def|1
|-unboost|p2a: Polteageist|spd|1
|-boost|p2a: Polteageist|atk|2
|-boost|p2a: Polteageist|spa|2
|-boost|p2a: Polteageist|spe|2
|move|p1a: Torkoal|Stealth Rock|p2a: Polteageist
|-sidestart|p2: Allheckers|move: Stealth Rock
|
|-weather|SunnyDay|[upkeep]
|upkeep
|turn|2
|
|t:|1760777022
|move|p2a: Polteageist|Stored Power|p1a: Torkoal
|-damage|p1a: Torkoal|0 fnt
|faint|p1a: Torkoal
|
|-weather|SunnyDay|[upkeep]
|upkeep
|
|t:|1760777039
|switch|p1a: Venusaur|Venusaur, F|100/100
|turn|3
|
|t:|1760777046
|move|p1a: Venusaur|Weather Ball|p2a: Polteageist
|-damage|p2a: Polteageist|6/100
|-damage|p1a: Venusaur|91/100|[from] item: Life Orb
|move|p2a: Polteageist|Stored Power|p1a: Venusaur
|-supereffective|p1a: Venusaur
|-damage|p1a: Venusaur|0 fnt
|faint|p1a: Venusaur
|
|-weather|SunnyDay|[upkeep]
|upkeep
|
|t:|1760777052
|switch|p1a: Walking Wake|Walking Wake|100/100
|-activate|p1a: Walking Wake|ability: Protosynthesis
|-start|p1a: Walking Wake|protosynthesisspe
|turn|4
|
|t:|1760777056
|move|p1a: Walking Wake|Flip Turn|p2a: Polteageist
|-damage|p2a: Polteageist|0 fnt
|faint|p2a: Polteageist
|
|t:|1760777061
|-end|p1a: Walking Wake|Protosynthesis|[silent]
|switch|p1a: Slither Wing|Slither Wing|100/100|[from] Flip Turn
|-activate|p1a: Slither Wing|ability: Protosynthesis
|-start|p1a: Slither Wing|protosynthesisatk
|
|-weather|SunnyDay|[upkeep]
|upkeep
|
|t:|1760777066
|switch|p2a: Masquerain|Masquerain, F|100/100
|-damage|p2a: Masquerain|51/100|[from] Stealth Rock
|-ability|p2a: Masquerain|Intimidate|boost
|-unboost|p1a: Slither Wing|atk|1
|turn|5
|
|t:|1760777079
|-end|p1a: Slither Wing|Protosynthesis|[silent]
|switch|p1a: Hatterene|Hatterene, F|100/100
|-item|p1a: Hatterene|Air Balloon
|move|p2a: Masquerain|Sticky Web|p1a: Hatterene
|move|p1a: Hatterene|Sticky Web|p2a: Masquerain|[from] ability: Magic Bounce
|-sidestart|p2: Allheckers|move: Sticky Web
|
|-weather|SunnyDay|[upkeep]
|-heal|p2a: Masquerain|57/100|[from] item: Leftovers
|upkeep
|turn|6
|
|t:|1760777089
|move|p2a: Masquerain|Quiver Dance|p2a: Masquerain
|-boost|p2a: Masquerain|spa|1
|-boost|p2a: Masquerain|spd|1
|-boost|p2a: Masquerain|spe|1
|move|p1a: Hatterene|Trick Room|p1a: Hatterene
|-fieldstart|move: Trick Room|[of] p1a: Hatterene
|
|-weather|SunnyDay|[upkeep]
|-heal|p2a: Masquerain|63/100|[from] item: Leftovers
|upkeep
|turn|7
|
|t:|1760777097
|move|p1a: Hatterene|Healing Wish|p1a: Hatterene
|faint|p1a: Hatterene
|move|p2a: Masquerain|Air Slash|p1: Hatterene|[notarget]
|-fail|p2a: Masquerain
|
|-weather|SunnyDay|[upkeep]
|-heal|p2a: Masquerain|69/100|[from] item: Leftovers
|upkeep
|
|t:|1760777101
|switch|p1a: Slither Wing|Slither Wing|100/100
|-activate|p1a: Slither Wing|ability: Protosynthesis
|-start|p1a: Slither Wing|protosynthesisatk
|turn|8
|
|t:|1760777108
|-terastallize|p1a: Slither Wing|Fire
|move|p1a: Slither Wing|Temper Flare|p2a: Masquerain
|-supereffective|p2a: Masquerain
|-damage|p2a: Masquerain|0 fnt
|faint|p2a: Masquerain
|
|-weather|none
|-end|p1a: Slither Wing|Protosynthesis
|upkeep
|
|t:|1760777114
|switch|p2a: Keldeo|Keldeo-Resolute|100/100
|-damage|p2a: Keldeo|94/100|[from] Stealth Rock
|-activate|p2a: Keldeo|move: Sticky Web
|-unboost|p2a: Keldeo|spe|1
|turn|9
|inactive|Battle timer is ON: inactive players will automatically lose when time's up. (requested by Allheckers)
|
|t:|1760777154
|-end|p1a: Slither Wing|Protosynthesis|[silent]
|switch|p1a: Walking Wake|Walking Wake|100/100
|move|p2a: Keldeo|Surf|p1a: Walking Wake
|-resisted|p1a: Walking Wake
|-damage|p1a: Walking Wake|86/100
|
|upkeep
|turn|10
|
|t:|1760777160
|move|p2a: Keldeo|Secret Sword|p1a: Walking Wake
|-damage|p1a: Walking Wake|35/100
|move|p1a: Walking Wake|Flip Turn|p2a: Keldeo
|-resisted|p2a: Keldeo
|-damage|p2a: Keldeo|84/100
|
|t:|1760777169
|-end|p1a: Walking Wake|Protosynthesis|[silent]
|switch|p1a: Raging Bolt|Raging Bolt|100/100|[from] Flip Turn
|
|-fieldend|move: Trick Room
|upkeep
|turn|11
|
|t:|1760777172
|move|p1a: Raging Bolt|Thunderclap|p2a: Keldeo
|-supereffective|p2a: Keldeo
|-damage|p2a: Keldeo|0 fnt
|faint|p2a: Keldeo
|-damage|p1a: Raging Bolt|91/100|[from] item: Life Orb
|
|upkeep
|
|t:|1760777187
|switch|p2a: Whimsicott|Whimsicott, F|100/100
|-damage|p2a: Whimsicott|88/100|[from] Stealth Rock
|-activate|p2a: Whimsicott|move: Sticky Web
|-unboost|p2a: Whimsicott|spe|1
|turn|12
|
|t:|1760777213
|-end|p1a: Raging Bolt|Protosynthesis|[silent]
|switch|p1a: Slither Wing|Slither Wing, tera:Fire|100/100
|move|p2a: Whimsicott|Substitute|p2a: Whimsicott
|-start|p2a: Whimsicott|Substitute
|-damage|p2a: Whimsicott|63/100
|
|-heal|p2a: Whimsicott|69/100|[from] item: Leftovers
|upkeep
|turn|13
|
|t:|1760777219
|move|p1a: Slither Wing|First Impression|p2a: Whimsicott
|-end|p2a: Whimsicott|Substitute
|move|p2a: Whimsicott|Leech Seed|p1a: Slither Wing
|-start|p1a: Slither Wing|move: Leech Seed
|
|-heal|p2a: Whimsicott|76/100|[from] item: Leftovers
|-damage|p1a: Slither Wing|88/100|[from] Leech Seed|[of] p2a: Whimsicott
|-heal|p2a: Whimsicott|91/100|[silent]
|upkeep
|turn|14
|
|t:|1760777227
|move|p2a: Whimsicott|Substitute|p2a: Whimsicott
|-start|p2a: Whimsicott|Substitute
|-damage|p2a: Whimsicott|66/100
|move|p1a: Slither Wing|Temper Flare|p2a: Whimsicott
|-supereffective|p2a: Whimsicott
|-end|p2a: Whimsicott|Substitute
|
|-heal|p2a: Whimsicott|72/100|[from] item: Leftovers
|-damage|p1a: Slither Wing|76/100|[from] Leech Seed|[of] p2a: Whimsicott
|-heal|p2a: Whimsicott|87/100|[silent]
|upkeep
|turn|15
|
|t:|1760777236
|-end|p1a: Slither Wing|Protosynthesis|[silent]
|switch|p1a: Raging Bolt|Raging Bolt|91/100
|-heal|p1a: Raging Bolt|100/100|[from] move: Healing Wish
|move|p2a: Whimsicott|Substitute|p2a: Whimsicott
|-start|p2a: Whimsicott|Substitute
|-damage|p2a: Whimsicott|63/100
|
|-heal|p2a: Whimsicott|69/100|[from] item: Leftovers
|upkeep
|turn|16
|
|t:|1760777244
|move|p1a: Raging Bolt|Thunderclap||[still]
|-fail|p1a: Raging Bolt
|move|p2a: Whimsicott|Leech Seed|p1a: Raging Bolt
|-start|p1a: Raging Bolt|move: Leech Seed
|
|-heal|p2a: Whimsicott|75/100|[from] item: Leftovers
|-damage|p1a: Raging Bolt|88/100|[from] Leech Seed|[of] p2a: Whimsicott
|-heal|p2a: Whimsicott|93/100|[silent]
|upkeep
|turn|17
|
|t:|1760777252
|-end|p1a: Raging Bolt|Protosynthesis|[silent]
|switch|p1a: Walking Wake|Walking Wake|35/100
|move|p2a: Whimsicott|Encore||[still]
|-fail|p2a: Whimsicott
|
|-heal|p2a: Whimsicott|99/100|[from] item: Leftovers
|upkeep
|turn|18
|
|t:|1760777258
|-end|p1a: Walking Wake|Protosynthesis|[silent]
|switch|p1a: Slither Wing|Slither Wing, tera:Fire|76/100
|move|p2a: Whimsicott|Moonblast|p1a: Slither Wing
|-resisted|p1a: Slither Wing
|-damage|p1a: Slither Wing|64/100
|
|-heal|p2a: Whimsicott|100/100|[from] item: Leftovers
|upkeep
|turn|19
|
|t:|1760777261
|-end|p1a: Slither Wing|Protosynthesis|[silent]
|switch|p1a: Raging Bolt|Raging Bolt|88/100
|move|p2a: Whimsicott|Leech Seed|p1a: Raging Bolt
|-start|p1a: Raging Bolt|move: Leech Seed
|
|-damage|p1a: Raging Bolt|76/100|[from] Leech Seed|[of] p2a: Whimsicott
|upkeep
|turn|20
|
|t:|1760777266
|-end|p1a: Raging Bolt|Protosynthesis|[silent]
|switch|p1a: Slither Wing|Slither Wing, tera:Fire|64/100
|move|p2a: Whimsicott|Moonblast|p1a: Slither Wing
|-resisted|p1a: Slither Wing
|-damage|p1a: Slither Wing|53/100
|
|upkeep
|turn|21
|
|t:|1760777269
|-end|p1a: Slither Wing|Protosynthesis|[silent]
|switch|p1a: Walking Wake|Walking Wake|35/100
|move|p2a: Whimsicott|Moonblast|p1a: Walking Wake
|-supereffective|p1a: Walking Wake
|-damage|p1a: Walking Wake|0 fnt
|faint|p1a: Walking Wake
|-end|p1a: Walking Wake|Protosynthesis|[silent]
|
|upkeep
|
|t:|1760777276
|switch|p1a: Raging Bolt|Raging Bolt|76/100
|turn|22
|
|t:|1760777279
|-end|p1a: Raging Bolt|Protosynthesis|[silent]
|switch|p1a: Slither Wing|Slither Wing, tera:Fire|53/100
|move|p2a: Whimsicott|Leech Seed|p1a: Slither Wing
|-start|p1a: Slither Wing|move: Leech Seed
|
|-damage|p1a: Slither Wing|41/100|[from] Leech Seed|[of] p2a: Whimsicott
|upkeep
|turn|23
|-message|haveliscool forfeited.
|
|win|Allheckers
|raw|haveliscool's rating: 1288 &rarr; <strong>1259</strong><br />(-29 for losing)
|raw|Allheckers's rating: 1225 &rarr; <strong>1254</strong><br />(+29 for winning)
|l|☆haveliscool
|player|p1|
|l|☆Allheckers
|player|p2|
