|j|☆jeaverbuice
|j|☆constartus
|t:|1760760735
|gametype|singles
|player|p1|jeaverbuice|169|1235
|player|p2|constartus|az|1304
|gen|9
|tier|[Gen 9] OU
|rated|
|rule|HP Percentage Mod: HP is shown in percentages
|rule|Endless Battle Clause: Forcing endless battles is banned
|rule|Species Clause: Limit one of each Pokémon
|rule|OHKO Clause: OHKO moves are banned
|rule|Evasion Items Clause: Evasion items are banned
|rule|Evasion Moves Clause: Evasion moves are banned
|rule|Evasion Abilities Clause: Evasion abilities are banned
|rule|Sleep Moves Clause: Sleep-inducing moves are banned
|clearpoke
|poke|p1|Kingambit, F|
|poke|p1|Zapdos|
|poke|p1|Slowking-Galar, M|
|poke|p1|Ogerpon-Wellspring, F|
|poke|p1|Glimmora, F|
|poke|p1|Iron Valiant|
|poke|p2|Ribombee, F|
|poke|p2|Cinderace, F|
|poke|p2|Empoleon, M|
|poke|p2|Ogerpon, F|
|poke|p2|Kingambit, M|
|poke|p2|Gothitelle, F|
|teampreview
|inactive|Battle timer is ON: inactive players will automatically lose when time's up. (requested by constartus)
|
|t:|1760760741
|teamsize|p1|6
|teamsize|p2|6
|start
|switch|p1a: Glimmora|Glimmora, F, shiny|100/100
|switch|p2a: Ribombee|Ribombee, F, shiny|100/100
|-item|p1a: Glimmora|Air Balloon
|turn|1
|
|t:|1760760748
|move|p2a: Ribombee|Pollen Puff|p1a: Glimmora
|-resisted|p1a: Glimmora
|-damage|p1a: Glimmora|81/100
|-enditem|p1a: Glimmora|Air Balloon
|move|p1a: Glimmora|Spikes|p2a: Ribombee
|-sidestart|p2: constartus|Spikes
|
|upkeep
|turn|2
|
|t:|1760760762
|move|p2a: Ribombee|Stun Spore|p1a: Glimmora
|-status|p1a: Glimmora|par
|move|p1a: Glimmora|Spikes|p2a: Ribombee
|-sidestart|p2: constartus|Spikes
|
|upkeep
|turn|3
|
|t:|1760760770
|move|p2a: Ribombee|Sticky Web|p1a: Glimmora
|-sidestart|p1: jeaverbuice|move: Sticky Web
|move|p1a: Glimmora|Spikes|p2a: Ribombee
|-sidestart|p2: constartus|Spikes
|
|upkeep
|turn|4
|
|t:|1760760773
|switch|p2a: Cinderace|Cinderace, F|100/100
|-damage|p2a: Cinderace|76/100|[from] Spikes
|move|p1a: Glimmora|Mortal Spin|p2a: Cinderace
|-damage|p2a: Cinderace|66/100
|-status|p2a: Cinderace|psn
|-sideend|p1: jeaverbuice|Sticky Web|[from] move: Mortal Spin|[of] p1a: Glimmora
|
|-damage|p2a: Cinderace|53/100 psn|[from] psn
|upkeep
|turn|5
|
|t:|1760760782
|move|p2a: Cinderace|High Jump Kick|p1a: Glimmora|[miss]
|-start|p2a: Cinderace|typechange|Fighting|[from] ability: Libero
|-miss|p2a: Cinderace|p1a: Glimmora
|-damage|p2a: Cinderace|3/100 psn|[from] highjumpkick
|move|p1a: Glimmora|Mortal Spin|p2a: Cinderace
|-damage|p2a: Cinderace|0 fnt
|faint|p2a: Cinderace
|
|upkeep
|
|t:|1760760785
|switch|p2a: Ribombee|Ribombee, F, shiny|100/100
|-damage|p2a: Ribombee|75/100|[from] Spikes
|turn|6
|
|t:|1760760789
|move|p2a: Ribombee|Sticky Web|p1a: Glimmora
|-sidestart|p1: jeaverbuice|move: Sticky Web
|move|p1a: Glimmora|Mortal Spin|p2a: Ribombee
|-supereffective|p2a: Ribombee
|-damage|p2a: Ribombee|55/100
|-sideend|p1: jeaverbuice|Sticky Web|[from] move: Mortal Spin|[of] p1a: Glimmora
|
|upkeep
|turn|7
|
|t:|1760760793
|move|p2a: Ribombee|Pollen Puff|p1a: Glimmora
|-resisted|p1a: Glimmora
|-damage|p1a: Glimmora|63/100 par
|move|p1a: Glimmora|Mortal Spin|p2a: Ribombee
|-supereffective|p2a: Ribombee
|-damage|p2a: Ribombee|34/100
|
|upkeep
|turn|8
|
|t:|1760760800
|move|p2a: Ribombee|Pollen Puff|p1a: Glimmora
|-resisted|p1a: Glimmora
|-damage|p1a: Glimmora|45/100 par
|cant|p1a: Glimmora|par
|
|upkeep
|turn|9
|
|t:|1760760811
|switch|p2a: TC Nick 4|Empoleon, M|100/100
|-damage|p2a: TC Nick 4|76/100|[from] Spikes
|cant|p1a: Glimmora|par
|
|upkeep
|turn|10
|
|t:|1760760817
|switch|p1a: Slowking|Slowking-Galar, M|100/100
|move|p2a: TC Nick 4|Surf|p1a: Slowking
|-damage|p1a: Slowking|68/100
|-damage|p2a: TC Nick 4|66/100|[from] item: Life Orb
|
|upkeep
|turn|11
|
|t:|1760760824
|switch|p2a: Ribombee|Ribombee, F, shiny|34/100
|-damage|p2a: Ribombee|9/100|[from] Spikes
|-prepare|p1a: Slowking|Chilly Reception|[premajor]
|move|p1a: Slowking|Chilly Reception|p1a: Slowking
|-weather|Snowscape
|
|t:|1760760838
|switch|p1a: Glimmora|Glimmora, F, shiny|45/100 par|[from] Chilly Reception
|
|-weather|Snowscape|[upkeep]
|upkeep
|turn|12
|
|t:|1760760846
|move|p2a: Ribombee|Sticky Web|p1a: Glimmora
|-sidestart|p1: jeaverbuice|move: Sticky Web
|move|p1a: Glimmora|Stealth Rock|p2a: Ribombee
|-sidestart|p2: constartus|move: Stealth Rock
|
|-weather|Snowscape|[upkeep]
|upkeep
|turn|13
|
|t:|1760760849
|move|p2a: Ribombee|Pollen Puff|p1a: Glimmora
|-resisted|p1a: Glimmora
|-damage|p1a: Glimmora|26/100 par
|move|p1a: Glimmora|Mortal Spin|p2a: Ribombee
|-supereffective|p2a: Ribombee
|-damage|p2a: Ribombee|0 fnt
|-sideend|p1: jeaverbuice|Sticky Web|[from] move: Mortal Spin|[of] p1a: Glimmora
|faint|p2a: Ribombee
|
|-weather|Snowscape|[upkeep]
|upkeep
|
|t:|1760760854
|switch|p2a: TC Nick 4|Empoleon, M|66/100
|-damage|p2a: TC Nick 4|41/100|[from] Spikes
|-damage|p2a: TC Nick 4|35/100|[from] Stealth Rock
|turn|14
|
|t:|1760760858
|switch|p1a: Slowking|Slowking-Galar, M|100/100
|move|p2a: TC Nick 4|Ice Beam|p1a: Slowking
|-damage|p1a: Slowking|79/100
|-status|p1a: Slowking|frz
|-damage|p2a: TC Nick 4|25/100|[from] item: Life Orb
|
|-weather|Snowscape|[upkeep]
|upkeep
|turn|15
|
|t:|1760760863
|move|p2a: TC Nick 4|Surf|p1a: Slowking
|-damage|p1a: Slowking|45/100 frz
|-damage|p2a: TC Nick 4|15/100|[from] item: Life Orb
|-prepare|p1a: Slowking|Chilly Reception|[premajor]
|cant|p1a: Slowking|frz
|
|-weather|none
|upkeep
|turn|16
|
|t:|1760760875
|switch|p1a: Ogerpon|Ogerpon-Wellspring, F|100/100
|move|p2a: TC Nick 4|Surf|p1a: Ogerpon
|-immune|p1a: Ogerpon|[from] ability: Water Absorb
|
|upkeep
|turn|17
|
|t:|1760760881
|move|p1a: Ogerpon|Knock Off|p2a: TC Nick 4
|-damage|p2a: TC Nick 4|0 fnt
|-enditem|p2a: TC Nick 4|Life Orb|[from] move: Knock Off|[of] p1a: Ogerpon
|faint|p2a: TC Nick 4
|
|upkeep
|-message|constartus forfeited.
|
|win|jeaverbuice
|raw|jeaverbuice's rating: 1235 &rarr; <strong>1265</strong><br />(+30 for winning)
|raw|constartus's rating: 1304 &rarr; <strong>1280</strong><br />(-24 for losing)
|l|☆constartus
|player|p2|
|l|☆jeaverbuice
|player|p1|
