|j|☆Player569m
|j|☆go b3yond
|t:|1760720267
|gametype|singles
|player|p1|Player569m|102|1440
|player|p2|go b3yond|waiter-gen4dp|1396
|gen|9
|tier|[Gen 9] OU
|rated|
|rule|HP Percentage Mod: HP is shown in percentages
|rule|Endless Battle Clause: Forcing endless battles is banned
|rule|Species Clause: Limit one of each Pokémon
|rule|OHKO Clause: OHKO moves are banned
|rule|Evasion Items Clause: Evasion items are banned
|rule|Evasion Moves Clause: Evasion moves are banned
|rule|Evasion Abilities Clause: Evasion abilities are banned
|rule|Sleep Moves Clause: Sleep-inducing moves are banned
|clearpoke
|poke|p1|Kingambit, M|
|poke|p1|Torkoal, M|
|poke|p1|Pelipper, M|
|poke|p1|Ninetales-Alola, F|
|poke|p1|Venusaur, M|
|poke|p1|Walking Wake|
|poke|p2|Torkoal, M|
|poke|p2|Brute Bonnet|
|poke|p2|Walking Wake|
|poke|p2|Hatterene, F|
|poke|p2|Thundurus-Therian, M|
|poke|p2|Ceruledge, M|
|teampreview
|inactive|Battle timer is ON: inactive players will automatically lose when time's up. (requested by Player569m)
|inactive|go b3yond has 120 seconds left.
|c|☆go b3yond|cursed weather
|
|t:|1760720316
|teamsize|p1|6
|teamsize|p2|6
|start
|switch|p1a: Walking Wake|Walking Wake|100/100
|switch|p2a: Great Bait|Torkoal, M, shiny|100/100
|-weather|SunnyDay|[from] ability: Drought|[of] p2a: Great Bait
|-activate|p1a: Walking Wake|ability: Protosynthesis
|-start|p1a: Walking Wake|protosynthesisspa
|turn|1
|
|t:|1760720331
|switch|p2a: Witch|Hatterene, F, shiny|100/100
|move|p1a: Walking Wake|Hydro Steam|p2a: Witch
|-damage|p2a: Witch|9/100
|-enditem|p2a: Witch|Eject Button
|
|t:|1760720344
|switch|p2a: Shark|Walking Wake|100/100
|-activate|p2a: Shark|ability: Protosynthesis
|-start|p2a: Shark|protosynthesisspe
|
|-weather|SunnyDay|[upkeep]
|upkeep
|turn|2
|
|t:|1760720357
|-terastallize|p1a: Walking Wake|Fire
|move|p2a: Shark|Flip Turn|p1a: Walking Wake
|-supereffective|p1a: Walking Wake
|-damage|p1a: Walking Wake|84/100
|
|t:|1760720361
|-end|p2a: Shark|Protosynthesis|[silent]
|switch|p2a: Witch|Hatterene, F, shiny|9/100|[from] Flip Turn
|move|p1a: Walking Wake|Dragon Pulse|p2a: Witch
|-immune|p2a: Witch
|
|-weather|SunnyDay|[upkeep]
|upkeep
|turn|3
|
|t:|1760720367
|move|p1a: Walking Wake|Agility|p1a: Walking Wake
|-boost|p1a: Walking Wake|spe|2
|move|p2a: Witch|Nuzzle|p1a: Walking Wake
|-damage|p1a: Walking Wake|80/100
|-status|p1a: Walking Wake|par
|
|-weather|SunnyDay|[upkeep]
|upkeep
|turn|4
|
|t:|1760720374
|move|p1a: Walking Wake|Hydro Steam|p2a: Witch
|-damage|p2a: Witch|0 fnt
|faint|p2a: Witch
|
|-weather|SunnyDay|[upkeep]
|upkeep
|
|t:|1760720378
|switch|p2a: Shark|Walking Wake|100/100
|-activate|p2a: Shark|ability: Protosynthesis
|-start|p2a: Shark|protosynthesisspe
|turn|5
|
|t:|1760720386
|-end|p1a: Walking Wake|Protosynthesis|[silent]
|switch|p1a: Ninetales|Ninetales-Alola, F, shiny|100/100
|-weather|Snowscape|[from] ability: Snow Warning|[of] p1a: Ninetales
|-end|p2a: Shark|Protosynthesis
|move|p2a: Shark|Hydro Steam|p1a: Ninetales
|-damage|p1a: Ninetales|53/100
|
|-weather|Snowscape|[upkeep]
|upkeep
|turn|6
|
|t:|1760720394
|move|p2a: Shark|Flamethrower|p1a: Ninetales
|-supereffective|p1a: Ninetales
|-damage|p1a: Ninetales|0 fnt
|faint|p1a: Ninetales
|
|-weather|Snowscape|[upkeep]
|upkeep
|
|t:|1760720403
|switch|p1a: Pelipper|Pelipper, M, shiny|100/100
|-weather|RainDance|[from] ability: Drizzle|[of] p1a: Pelipper
|turn|7
|
|t:|1760720408
|move|p2a: Shark|Hydro Steam|p1a: Pelipper
|-resisted|p1a: Pelipper
|-damage|p1a: Pelipper|57/100
|move|p1a: Pelipper|Hurricane|p2a: Shark
|-damage|p2a: Shark|59/100
|
|-weather|RainDance|[upkeep]
|upkeep
|turn|8
|
|t:|1760720417
|move|p2a: Shark|Draco Meteor|p1a: Pelipper
|-damage|p1a: Pelipper|0 fnt
|-unboost|p2a: Shark|spa|2
|faint|p1a: Pelipper
|
|-weather|RainDance|[upkeep]
|upkeep
|
|t:|1760720432
|switch|p1a: Torkoal|Torkoal, M, shiny|100/100
|-weather|SunnyDay|[from] ability: Drought|[of] p1a: Torkoal
|-activate|p2a: Shark|ability: Protosynthesis
|-start|p2a: Shark|protosynthesisspe
|turn|9
|inactive|go b3yond has 120 seconds left.
|
|t:|1760720465
|move|p2a: Shark|Flip Turn|p1a: Torkoal
|-supereffective|p1a: Torkoal
|-damage|p1a: Torkoal|83/100
|
|t:|1760720470
|-end|p2a: Shark|Protosynthesis|[silent]
|switch|p2a: Great Bait|Torkoal, M, shiny|100/100|[from] Flip Turn
|move|p1a: Torkoal|Solar Beam||[still]
|-prepare|p1a: Torkoal|Solar Beam
|-anim|p1a: Torkoal|Solar Beam|p2a: Great Bait
|-resisted|p2a: Great Bait
|-damage|p2a: Great Bait|85/100
|
|-weather|SunnyDay|[upkeep]
|upkeep
|turn|10
|
|t:|1760720480
|switch|p1a: Walking Wake|Walking Wake, tera:Fire|80/100 par
|-activate|p1a: Walking Wake|ability: Protosynthesis
|-start|p1a: Walking Wake|protosynthesisspa
|move|p2a: Great Bait|Earthquake|p1a: Walking Wake
|-supereffective|p1a: Walking Wake
|-crit|p1a: Walking Wake
|-damage|p1a: Walking Wake|11/100 par
|
|-weather|SunnyDay|[upkeep]
|upkeep
|turn|11
|
|t:|1760720488
|move|p1a: Walking Wake|Hydro Steam|p2a: Great Bait
|-supereffective|p2a: Great Bait
|-damage|p2a: Great Bait|0 fnt
|faint|p2a: Great Bait
|
|-weather|SunnyDay|[upkeep]
|upkeep
|
|t:|1760720491
|switch|p2a: Knight|Ceruledge, M|100/100
|turn|12
|
|t:|1760720497
|move|p2a: Knight|Shadow Sneak|p1a: Walking Wake
|-damage|p1a: Walking Wake|0 fnt
|faint|p1a: Walking Wake
|-end|p1a: Walking Wake|Protosynthesis|[silent]
|
|-weather|SunnyDay|[upkeep]
|upkeep
|
|t:|1760720503
|switch|p1a: Venusaur|Venusaur, M, shiny|100/100
|turn|13
|
|t:|1760720511
|switch|p1a: Torkoal|Torkoal, M, shiny|83/100
|move|p2a: Knight|Swords Dance|p2a: Knight
|-boost|p2a: Knight|atk|2
|
|-weather|SunnyDay|[upkeep]
|upkeep
|turn|14
|
|t:|1760720519
|-terastallize|p2a: Knight|Ghost
|move|p2a: Knight|Poltergeist|p1a: Torkoal|[miss]
|-miss|p2a: Knight|p1a: Torkoal
|move|p1a: Torkoal|Flare Blitz|p2a: Knight
|-enditem|p2a: Knight|Focus Sash
|-damage|p2a: Knight|1/100
|-ability|p2a: Knight|Weak Armor|boost
|-unboost|p2a: Knight|def|1
|-boost|p2a: Knight|spe|2
|-damage|p1a: Torkoal|49/100|[from] Recoil
|
|-weather|SunnyDay|[upkeep]
|upkeep
|turn|15
|
|t:|1760720534
|move|p2a: Knight|Poltergeist|p1a: Torkoal
|-activate|p1a: Torkoal|move: Poltergeist|Heat Rock
|-damage|p1a: Torkoal|0 fnt
|faint|p1a: Torkoal
|
|-weather|SunnyDay|[upkeep]
|upkeep
|
|t:|1760720539
|switch|p1a: Kingambit|Kingambit, M, shiny|100/100
|-activate|p1a: Kingambit|ability: Supreme Overlord
|-start|p1a: Kingambit|fallen4|[silent]
|turn|16
|
|t:|1760720548
|move|p1a: Kingambit|Sucker Punch|p2a: Knight
|-supereffective|p2a: Knight
|-damage|p2a: Knight|0 fnt
|faint|p2a: Knight
|
|-weather|none
|upkeep
|
|t:|1760720561
|switch|p2a: Storm|Thundurus-Therian, M|100/100
|turn|17
|
|t:|1760720566
|-end|p1a: Kingambit|fallen4|[silent]
|switch|p1a: Venusaur|Venusaur, M, shiny|100/100
|move|p2a: Storm|Thunderbolt|p1a: Venusaur
|-resisted|p1a: Venusaur
|-damage|p1a: Venusaur|53/100
|-status|p1a: Venusaur|par
|
|upkeep
|turn|18
|
|t:|1760720573
|switch|p2a: BRUTE FORCE|Brute Bonnet|100/100
|cant|p1a: Venusaur|par
|
|upkeep
|turn|19
|
|t:|1760720577
|move|p2a: BRUTE FORCE|Sucker Punch|p1a: Venusaur
|-damage|p1a: Venusaur|2/100 par
|cant|p1a: Venusaur|par
|
|upkeep
|turn|20
|
|t:|1760720582
|move|p2a: BRUTE FORCE|Bullet Seed|p1a: Venusaur
|-resisted|p1a: Venusaur
|-damage|p1a: Venusaur|0 fnt
|faint|p1a: Venusaur
|-hitcount|p1: Venusaur|1
|
|upkeep
|
|t:|1760720584
|switch|p1a: Kingambit|Kingambit, M, shiny|100/100
|-activate|p1a: Kingambit|ability: Supreme Overlord
|-start|p1a: Kingambit|fallen5|[silent]
|turn|21
|
|t:|1760720588
|-end|p2a: BRUTE FORCE|Protosynthesis|[silent]
|switch|p2a: Shark|Walking Wake|59/100
|move|p1a: Kingambit|Swords Dance|p1a: Kingambit
|-boost|p1a: Kingambit|atk|2
|
|upkeep
|turn|22
|-message|go b3yond forfeited.
|
|win|Player569m
|raw|Player569m's rating: 1440 &rarr; <strong>1457</strong><br />(+17 for winning)
|raw|go b3yond's rating: 1396 &rarr; <strong>1379</strong><br />(-17 for losing)
|l|☆go b3yond
|player|p2|
|l|☆Player569m
|player|p1|
