|j|☆prettyhugedolphin
|j|☆guydedd
|t:|1760763819
|gametype|singles
|player|p1|prettyhugedolphin|veteran|1152
|player|p2|guydedd|battlegirl|1157
|gen|9
|tier|[Gen 9] OU
|rated|
|rule|HP Percentage Mod: HP is shown in percentages
|rule|Endless Battle Clause: Forcing endless battles is banned
|rule|Species Clause: Limit one of each Pokémon
|rule|OHKO Clause: OHKO moves are banned
|rule|Evasion Items Clause: Evasion items are banned
|rule|Evasion Moves Clause: Evasion moves are banned
|rule|Evasion Abilities Clause: Evasion abilities are banned
|rule|Sleep Moves Clause: Sleep-inducing moves are banned
|clearpoke
|poke|p1|Malamar, M|
|poke|p1|Lurantis, M|
|poke|p1|Hawlucha, M|
|poke|p1|Hitmonlee, M|
|poke|p1|Cinderace, M|
|poke|p1|Galvantula, M|
|poke|p2|Decidueye-Hisui, M|
|poke|p2|Samurott-Hisui, M|
|poke|p2|Galvantula, F|
|poke|p2|Garganacl, M|
|poke|p2|Lucario, F|
|poke|p2|Dragonite, F|
|teampreview
|inactive|Battle timer is ON: inactive players will automatically lose when time's up. (requested by prettyhugedolphin)
|
|t:|1760763829
|teamsize|p1|6
|teamsize|p2|6
|start
|switch|p1a: Galvantula|Galvantula, M, shiny|100/100
|switch|p2a: Galvantula|Galvantula, F, shiny|100/100
|turn|1
|
|t:|1760763835
|move|p2a: Galvantula|Sticky Web|p1a: Galvantula
|-sidestart|p1: prettyhugedolphin|move: Sticky Web
|move|p1a: Galvantula|Sticky Web|p2a: Galvantula
|-sidestart|p2: guydedd|move: Sticky Web
|
|upkeep
|turn|2
|
|t:|1760763844
|move|p1a: Galvantula|Thunder|p2a: Galvantula
|-resisted|p2a: Galvantula
|-damage|p2a: Galvantula|58/100
|move|p2a: Galvantula|Volt Switch|p1a: Galvantula
|-resisted|p1a: Galvantula
|-damage|p1a: Galvantula|74/100
|
|t:|1760763856
|switch|p2a: Garganacl|Garganacl, M, shiny|100/100|[from] Volt Switch
|-activate|p2a: Garganacl|move: Sticky Web
|-unboost|p2a: Garganacl|spe|1
|
|upkeep
|turn|3
|
|t:|1760763870
|move|p1a: Galvantula|Giga Drain|p2a: Garganacl
|-supereffective|p2a: Garganacl
|-damage|p2a: Garganacl|72/100
|-heal|p1a: Galvantula|94/100|[from] drain|[of] p2a: Garganacl
|move|p2a: Garganacl|Salt Cure|p1a: Galvantula
|-supereffective|p1a: Galvantula
|-damage|p1a: Galvantula|38/100
|-start|p1a: Galvantula|Salt Cure
|
|-heal|p2a: Garganacl|78/100|[from] item: Leftovers
|-damage|p1a: Galvantula|26/100|[from] Salt Cure
|upkeep
|turn|4
|
|t:|1760763886
|move|p1a: Galvantula|Thunder|p2a: Garganacl
|-damage|p2a: Garganacl|46/100
|move|p2a: Garganacl|Recover|p2a: Garganacl
|-heal|p2a: Garganacl|96/100
|
|-heal|p2a: Garganacl|100/100|[from] item: Leftovers
|-damage|p1a: Galvantula|13/100|[from] Salt Cure
|upkeep
|turn|5
|
|t:|1760763901
|move|p1a: Galvantula|Giga Drain|p2a: Garganacl
|-supereffective|p2a: Garganacl
|-damage|p2a: Garganacl|74/100
|-heal|p1a: Galvantula|33/100|[from] drain|[of] p2a: Garganacl
|move|p2a: Garganacl|Body Press|p1a: Galvantula
|-resisted|p1a: Galvantula
|-damage|p1a: Galvantula|11/100
|
|-heal|p2a: Garganacl|80/100|[from] item: Leftovers
|-damage|p1a: Galvantula|0 fnt|[from] Salt Cure
|faint|p1a: Galvantula
|upkeep
|
|t:|1760763915
|switch|p1a: Lurantis|Lurantis, M, shiny|100/100
|-activate|p1a: Lurantis|move: Sticky Web
|-boost|p1a: Lurantis|spe|1
|turn|6
|
|t:|1760763930
|move|p1a: Lurantis|Superpower|p2a: Garganacl
|-supereffective|p2a: Garganacl
|-damage|p2a: Garganacl|25/100
|-boost|p1a: Lurantis|atk|1
|-boost|p1a: Lurantis|def|1
|move|p2a: Garganacl|Salt Cure|p1a: Lurantis
|-damage|p1a: Lurantis|90/100
|-start|p1a: Lurantis|Salt Cure
|
|-heal|p2a: Garganacl|31/100|[from] item: Leftovers
|-damage|p1a: Lurantis|77/100|[from] Salt Cure
|upkeep
|turn|7
|
|t:|1760763949
|move|p1a: Lurantis|Superpower|p2a: Garganacl
|-supereffective|p2a: Garganacl
|-damage|p2a: Garganacl|0 fnt
|-boost|p1a: Lurantis|atk|1
|-boost|p1a: Lurantis|def|1
|faint|p2a: Garganacl
|
|-damage|p1a: Lurantis|65/100|[from] Salt Cure
|upkeep
|inactive|guydedd has 120 seconds left.
|
|t:|1760763971
|switch|p2a: Decidueye|Decidueye-Hisui, M, shiny|100/100
|-activate|p2a: Decidueye|move: Sticky Web
|-unboost|p2a: Decidueye|spe|1
|turn|8
|inactive|guydedd has 120 seconds left.
|
|t:|1760763983
|move|p2a: Decidueye|Shadow Sneak|p1a: Lurantis
|-damage|p1a: Lurantis|52/100
|move|p1a: Lurantis|Superpower|p2a: Decidueye
|-crit|p2a: Decidueye
|-damage|p2a: Decidueye|0 fnt
|-boost|p1a: Lurantis|atk|1
|-boost|p1a: Lurantis|def|1
|faint|p2a: Decidueye
|
|-damage|p1a: Lurantis|40/100|[from] Salt Cure
|upkeep
|inactive|guydedd has 120 seconds left.
|
|t:|1760764017
|switch|p2a: Lucario|Lucario, F|100/100
|-activate|p2a: Lucario|move: Sticky Web
|-unboost|p2a: Lucario|spe|1
|turn|9
|
|t:|1760764023
|move|p1a: Lurantis|Superpower|p2a: Lucario
|-supereffective|p2a: Lucario
|-damage|p2a: Lucario|0 fnt
|-boost|p1a: Lurantis|atk|1
|-boost|p1a: Lurantis|def|1
|faint|p2a: Lucario
|
|-damage|p1a: Lurantis|28/100|[from] Salt Cure
|upkeep
|inactive|guydedd has 90 seconds left.
|
|t:|1760764050
|switch|p2a: Dragonite|Dragonite, F, shiny|100/100
|turn|10
|
|t:|1760764069
|move|p2a: Dragonite|Fire Punch|p1a: Lurantis
|-supereffective|p1a: Lurantis
|-damage|p1a: Lurantis|2/100
|move|p1a: Lurantis|Knock Off|p2a: Dragonite
|-crit|p2a: Dragonite
|-damage|p2a: Dragonite|0 fnt
|-enditem|p2a: Dragonite|Heavy-Duty Boots|[from] move: Knock Off|[of] p1a: Lurantis
|faint|p2a: Dragonite
|
|-damage|p1a: Lurantis|0 fnt|[from] Salt Cure
|faint|p1a: Lurantis
|upkeep
|-message|guydedd forfeited.
|
|win|prettyhugedolphin
|raw|prettyhugedolphin's rating: 1152 &rarr; <strong>1177</strong><br />(+25 for winning)
|raw|guydedd's rating: 1157 &rarr; <strong>1132</strong><br />(-25 for losing)
|l|☆guydedd
|player|p2|
|l|☆prettyhugedolphin
|player|p1|
