|j|☆Dem Big Bois
|j|☆conwynaut
|t:|1760828819
|gametype|singles
|player|p1|Dem Big Bois|101|1270
|player|p2|conwynaut|102|1321
|gen|9
|tier|[Gen 9] OU
|rated|
|rule|HP Percentage Mod: HP is shown in percentages
|rule|Endless Battle Clause: Forcing endless battles is banned
|rule|Species Clause: Limit one of each Pokémon
|rule|OHKO Clause: OHKO moves are banned
|rule|Evasion Items Clause: Evasion items are banned
|rule|Evasion Moves Clause: Evasion moves are banned
|rule|Evasion Abilities Clause: Evasion abilities are banned
|rule|Sleep Moves Clause: Sleep-inducing moves are banned
|clearpoke
|poke|p1|Snorlax, F|
|poke|p1|Clefable, M|
|poke|p1|Porygon2|
|poke|p1|Maushold|
|poke|p1|Tauros, M|
|poke|p1|Wigglytuff, M|
|poke|p2|Raging Bolt|
|poke|p2|Pelipper, M|
|poke|p2|Barraskewda, F|
|poke|p2|Ogerpon-Wellspring, F|
|poke|p2|Pecharunt|
|poke|p2|Weezing-Galar, F|
|teampreview
|inactive|Battle timer is ON: inactive players will automatically lose when time's up. (requested by Dem Big Bois)
|
|t:|1760828828
|teamsize|p1|6
|teamsize|p2|6
|start
|switch|p1a: Tauros|Tauros, M|100/100
|switch|p2a: Ogerpon|Ogerpon-Wellspring, F|100/100
|turn|1
|
|t:|1760828836
|move|p1a: Tauros|Raging Bull|p2a: Ogerpon
|-damage|p2a: Ogerpon|28/100
|move|p2a: Ogerpon|Spikes|p1a: Tauros
|-sidestart|p1: Dem Big Bois|Spikes
|
|upkeep
|turn|2
|
|t:|1760828842
|move|p1a: Tauros|Raging Bull|p2a: Ogerpon
|-damage|p2a: Ogerpon|0 fnt
|faint|p2a: Ogerpon
|
|upkeep
|
|t:|1760828858
|switch|p2a: Pecharunt|Pecharunt|100/100
|turn|3
|
|t:|1760828867
|switch|p1a: Snorlax|Snorlax, F|100/100
|-damage|p1a: Snorlax|88/100|[from] Spikes
|move|p2a: Pecharunt|Foul Play|p1a: Snorlax
|-damage|p1a: Snorlax|68/100
|
|-heal|p1a: Snorlax|74/100|[from] item: Leftovers
|upkeep
|turn|4
|
|t:|1760828875
|move|p2a: Pecharunt|Malignant Chain|p1a: Snorlax
|-damage|p1a: Snorlax|61/100
|-status|p1a: Snorlax|tox
|-start|p1a: Snorlax|confusion|[from] ability: Poison Puppeteer|[of] p2a: Pecharunt
|-activate|p1a: Snorlax|confusion
|-damage|p1a: Snorlax|52/100 tox|[from] confusion
|
|-heal|p1a: Snorlax|59/100 tox|[from] item: Leftovers
|-damage|p1a: Snorlax|52/100 tox|[from] psn
|upkeep
|turn|5
|
|t:|1760828888
|move|p2a: Pecharunt|Parting Shot|p1a: Snorlax
|-unboost|p1a: Snorlax|atk|1
|-unboost|p1a: Snorlax|spa|1
|
|t:|1760828892
|switch|p2a: Pelipper|Pelipper, M|100/100|[from] Parting Shot
|-weather|RainDance|[from] ability: Drizzle|[of] p2a: Pelipper
|-activate|p1a: Snorlax|confusion
|move|p1a: Snorlax|Rest|p1a: Snorlax
|-status|p1a: Snorlax|slp|[from] move: Rest
|-heal|p1a: Snorlax|100/100 slp|[silent]
|
|-weather|RainDance|[upkeep]
|upkeep
|turn|6
|
|t:|1760828902
|move|p2a: Pelipper|U-turn|p1a: Snorlax
|-damage|p1a: Snorlax|92/100 slp
|
|t:|1760828913
|switch|p2a: Raging Bolt|Raging Bolt|100/100|[from] U-turn
|cant|p1a: Snorlax|slp
|-activate|p1a: Snorlax|confusion
|move|p1a: Snorlax|Sleep Talk|p1a: Snorlax
|move|p1a: Snorlax|Earthquake|p2a: Raging Bolt|[from] move: Sleep Talk
|-supereffective|p2a: Raging Bolt
|-damage|p2a: Raging Bolt|68/100
|
|-weather|RainDance|[upkeep]
|-heal|p1a: Snorlax|98/100 slp|[from] item: Leftovers
|upkeep
|turn|7
|
|t:|1760828923
|move|p2a: Raging Bolt|Thunder|p1a: Snorlax
|-damage|p1a: Snorlax|63/100 slp
|-damage|p2a: Raging Bolt|58/100|[from] item: Life Orb
|cant|p1a: Snorlax|slp
|-activate|p1a: Snorlax|confusion
|move|p1a: Snorlax|Sleep Talk|p1a: Snorlax
|move|p1a: Snorlax|Rest||[from] move: Sleep Talk|[still]
|-fail|p1a: Snorlax
|
|-weather|RainDance|[upkeep]
|-heal|p1a: Snorlax|70/100 slp|[from] item: Leftovers
|upkeep
|turn|8
|
|t:|1760828934
|move|p2a: Raging Bolt|Thunder|p1a: Snorlax
|-damage|p1a: Snorlax|34/100 slp
|-damage|p2a: Raging Bolt|48/100|[from] item: Life Orb
|-curestatus|p1a: Snorlax|slp|[msg]
|-end|p1a: Snorlax|confusion
|move|p1a: Snorlax|Rest|p1a: Snorlax
|-status|p1a: Snorlax|slp|[from] move: Rest
|-heal|p1a: Snorlax|100/100 slp|[silent]
|
|-weather|RainDance|[upkeep]
|upkeep
|turn|9
|
|t:|1760828945
|-end|p2a: Raging Bolt|Protosynthesis|[silent]
|switch|p2a: Barraskewda|Barraskewda, F|100/100
|cant|p1a: Snorlax|slp
|move|p1a: Snorlax|Sleep Talk|p1a: Snorlax
|move|p1a: Snorlax|Body Slam|p2a: Barraskewda|[from] move: Sleep Talk
|-damage|p2a: Barraskewda|58/100
|
|-weather|RainDance|[upkeep]
|upkeep
|turn|10
|
|t:|1760828957
|switch|p1a: Porygon2|Porygon2|100/100
|-damage|p1a: Porygon2|88/100|[from] Spikes
|move|p2a: Barraskewda|Close Combat|p1a: Porygon2
|-supereffective|p1a: Porygon2
|-damage|p1a: Porygon2|30/100
|-unboost|p2a: Barraskewda|def|1
|-unboost|p2a: Barraskewda|spd|1
|
|-weather|RainDance|[upkeep]
|upkeep
|turn|11
|
|t:|1760828971
|-terastallize|p1a: Porygon2|Ghost
|move|p2a: Barraskewda|Close Combat|p1a: Porygon2
|-immune|p1a: Porygon2
|move|p1a: Porygon2|Recover|p1a: Porygon2
|-heal|p1a: Porygon2|80/100
|
|-weather|RainDance|[upkeep]
|upkeep
|turn|12
|
|t:|1760828980
|switch|p2a: Pecharunt|Pecharunt|100/100
|move|p1a: Porygon2|Tri Attack|p2a: Pecharunt
|-immune|p2a: Pecharunt
|
|-weather|none
|upkeep
|turn|13
|
|t:|1760828989
|move|p2a: Pecharunt|Foul Play|p1a: Porygon2
|-supereffective|p1a: Porygon2
|-damage|p1a: Porygon2|67/100
|move|p1a: Porygon2|Psychic|p2a: Pecharunt
|-supereffective|p2a: Pecharunt
|-damage|p2a: Pecharunt|44/100
|-unboost|p2a: Pecharunt|spd|1
|
|upkeep
|turn|14
|
|t:|1760828998
|move|p2a: Pecharunt|Malignant Chain|p1a: Porygon2
|-resisted|p1a: Porygon2
|-damage|p1a: Porygon2|57/100
|move|p1a: Porygon2|Tri Attack|p2a: Pecharunt
|-immune|p2a: Pecharunt
|
|upkeep
|turn|15
|
|t:|1760829007
|switch|p1a: Snorlax|Snorlax, F|100/100 slp
|-damage|p1a: Snorlax|88/100 slp|[from] Spikes
|move|p2a: Pecharunt|Malignant Chain|p1a: Snorlax
|-crit|p1a: Snorlax
|-damage|p1a: Snorlax|68/100 slp
|
|-heal|p1a: Snorlax|74/100 slp|[from] item: Leftovers
|upkeep
|turn|16
|
|t:|1760829017
|switch|p2a: Barraskewda|Barraskewda, F|58/100
|cant|p1a: Snorlax|slp
|move|p1a: Snorlax|Sleep Talk|p1a: Snorlax
|move|p1a: Snorlax|Body Slam|p2a: Barraskewda|[from] move: Sleep Talk
|-damage|p2a: Barraskewda|0 fnt
|faint|p2a: Barraskewda
|
|-heal|p1a: Snorlax|80/100 slp|[from] item: Leftovers
|upkeep
|
|t:|1760829025
|switch|p2a: Pelipper|Pelipper, M|100/100
|-weather|RainDance|[from] ability: Drizzle|[of] p2a: Pelipper
|turn|17
|
|t:|1760829033
|move|p2a: Pelipper|Weather Ball|p1a: Snorlax
|-damage|p1a: Snorlax|60/100 slp
|-curestatus|p1a: Snorlax|slp|[msg]
|move|p1a: Snorlax|Earthquake|p2a: Pelipper
|-immune|p2a: Pelipper
|
|-weather|RainDance|[upkeep]
|-heal|p1a: Snorlax|66/100|[from] item: Leftovers
|upkeep
|turn|18
|
|t:|1760829044
|move|p2a: Pelipper|Weather Ball|p1a: Snorlax
|-damage|p1a: Snorlax|42/100
|move|p1a: Snorlax|Rest|p1a: Snorlax
|-status|p1a: Snorlax|slp|[from] move: Rest
|-heal|p1a: Snorlax|100/100 slp|[silent]
|
|-weather|RainDance|[upkeep]
|upkeep
|turn|19
|
|t:|1760829060
|move|p2a: Pelipper|Weather Ball|p1a: Snorlax
|-damage|p1a: Snorlax|78/100 slp
|cant|p1a: Snorlax|slp
|move|p1a: Snorlax|Sleep Talk|p1a: Snorlax
|move|p1a: Snorlax|Body Slam|p2a: Pelipper|[from] move: Sleep Talk
|-damage|p2a: Pelipper|78/100
|-status|p2a: Pelipper|par
|
|-weather|RainDance|[upkeep]
|-heal|p1a: Snorlax|84/100 slp|[from] item: Leftovers
|upkeep
|turn|20
|
|t:|1760829070
|cant|p1a: Snorlax|slp
|move|p1a: Snorlax|Sleep Talk|p1a: Snorlax
|move|p1a: Snorlax|Body Slam|p2a: Pelipper|[from] move: Sleep Talk
|-damage|p2a: Pelipper|53/100 par
|cant|p2a: Pelipper|par
|
|-weather|RainDance|[upkeep]
|-heal|p1a: Snorlax|90/100 slp|[from] item: Leftovers
|upkeep
|turn|21
|
|t:|1760829078
|-curestatus|p1a: Snorlax|slp|[msg]
|move|p1a: Snorlax|Body Slam|p2a: Pelipper
|-damage|p2a: Pelipper|30/100 par
|move|p2a: Pelipper|Roost|p2a: Pelipper
|-heal|p2a: Pelipper|80/100 par
|-singleturn|p2a: Pelipper|move: Roost
|
|-weather|RainDance|[upkeep]
|-heal|p1a: Snorlax|96/100|[from] item: Leftovers
|upkeep
|turn|22
|
|t:|1760829088
|move|p1a: Snorlax|Body Slam|p2a: Pelipper
|-damage|p2a: Pelipper|54/100 par
|cant|p2a: Pelipper|par
|
|-weather|RainDance|[upkeep]
|-heal|p1a: Snorlax|100/100|[from] item: Leftovers
|upkeep
|turn|23
|
|t:|1760829095
|move|p1a: Snorlax|Body Slam|p2a: Pelipper
|-damage|p2a: Pelipper|31/100 par
|cant|p2a: Pelipper|par
|
|-weather|RainDance|[upkeep]
|upkeep
|turn|24
|
|t:|1760829105
|move|p1a: Snorlax|Body Slam|p2a: Pelipper
|-damage|p2a: Pelipper|6/100 par
|move|p2a: Pelipper|Weather Ball|p1a: Snorlax
|-damage|p1a: Snorlax|80/100
|
|-weather|none
|-heal|p1a: Snorlax|86/100|[from] item: Leftovers
|upkeep
|turn|25
|
|t:|1760829123
|switch|p2a: Weezing|Weezing-Galar, F|100/100
|-ability|p2a: Weezing|Neutralizing Gas
|move|p1a: Snorlax|Body Slam|p2a: Weezing
|-damage|p2a: Weezing|79/100
|
|-heal|p1a: Snorlax|92/100|[from] item: Leftovers
|upkeep
|turn|26
|
|t:|1760829133
|move|p2a: Weezing|Pain Split|p1a: Snorlax
|-sethp|p1a: Snorlax|71/100|[from] move: Pain Split|[silent]
|-sethp|p2a: Weezing|100/100|[from] move: Pain Split
|move|p1a: Snorlax|Earthquake|p2a: Weezing
|-supereffective|p2a: Weezing
|-damage|p2a: Weezing|68/100
|
|-heal|p1a: Snorlax|78/100|[from] item: Leftovers
|upkeep
|turn|27
|
|t:|1760829143
|move|p2a: Weezing|Pain Split|p1a: Snorlax
|-sethp|p1a: Snorlax|61/100|[from] move: Pain Split|[silent]
|-sethp|p2a: Weezing|95/100|[from] move: Pain Split
|move|p1a: Snorlax|Earthquake|p2a: Weezing
|-supereffective|p2a: Weezing
|-damage|p2a: Weezing|61/100
|
|-heal|p1a: Snorlax|67/100|[from] item: Leftovers
|upkeep
|turn|28
|
|t:|1760829153
|move|p2a: Weezing|Pain Split|p1a: Snorlax
|-sethp|p1a: Snorlax|53/100|[from] move: Pain Split|[silent]
|-sethp|p2a: Weezing|83/100|[from] move: Pain Split
|move|p1a: Snorlax|Body Slam|p2a: Weezing
|-damage|p2a: Weezing|62/100
|
|-heal|p1a: Snorlax|59/100|[from] item: Leftovers
|upkeep
|turn|29
|
|t:|1760829160
|move|p2a: Weezing|Sludge Bomb|p1a: Snorlax
|-damage|p1a: Snorlax|47/100
|-status|p1a: Snorlax|psn
|move|p1a: Snorlax|Body Slam|p2a: Weezing
|-damage|p2a: Weezing|43/100
|
|-heal|p1a: Snorlax|54/100 psn|[from] item: Leftovers
|-damage|p1a: Snorlax|41/100 psn|[from] psn
|upkeep
|turn|30
|
|t:|1760829170
|move|p2a: Weezing|Pain Split|p1a: Snorlax
|-sethp|p1a: Snorlax|34/100 psn|[from] move: Pain Split|[silent]
|-sethp|p2a: Weezing|53/100|[from] move: Pain Split
|move|p1a: Snorlax|Body Slam|p2a: Weezing
|-damage|p2a: Weezing|32/100
|
|-heal|p1a: Snorlax|40/100 psn|[from] item: Leftovers
|-damage|p1a: Snorlax|28/100 psn|[from] psn
|upkeep
|turn|31
|
|t:|1760829179
|move|p2a: Weezing|Pain Split|p1a: Snorlax
|-sethp|p1a: Snorlax|24/100 psn|[from] move: Pain Split|[silent]
|-sethp|p2a: Weezing|38/100|[from] move: Pain Split
|move|p1a: Snorlax|Rest|p1a: Snorlax
|-status|p1a: Snorlax|slp|[from] move: Rest
|-heal|p1a: Snorlax|100/100 slp|[silent]
|
|upkeep
|turn|32
|
|t:|1760829186
|move|p2a: Weezing|Pain Split|p1a: Snorlax
|-sethp|p1a: Snorlax|62/100 slp|[from] move: Pain Split|[silent]
|-sethp|p2a: Weezing|98/100|[from] move: Pain Split
|cant|p1a: Snorlax|slp
|move|p1a: Snorlax|Sleep Talk|p1a: Snorlax
|move|p1a: Snorlax|Body Slam|p2a: Weezing|[from] move: Sleep Talk
|-damage|p2a: Weezing|78/100
|
|-heal|p1a: Snorlax|68/100 slp|[from] item: Leftovers
|upkeep
|turn|33
|
|t:|1760829195
|move|p2a: Weezing|Pain Split|p1a: Snorlax
|-sethp|p1a: Snorlax|59/100 slp|[from] move: Pain Split|[silent]
|-sethp|p2a: Weezing|92/100|[from] move: Pain Split
|cant|p1a: Snorlax|slp
|move|p1a: Snorlax|Sleep Talk|p1a: Snorlax
|move|p1a: Snorlax|Rest||[from] move: Sleep Talk|[still]
|-fail|p1a: Snorlax
|
|-heal|p1a: Snorlax|65/100 slp|[from] item: Leftovers
|upkeep
|turn|34
|
|t:|1760829204
|move|p2a: Weezing|Sludge Bomb|p1a: Snorlax
|-damage|p1a: Snorlax|54/100 slp
|-curestatus|p1a: Snorlax|slp|[msg]
|move|p1a: Snorlax|Body Slam|p2a: Weezing
|-damage|p2a: Weezing|72/100
|
|-heal|p1a: Snorlax|60/100|[from] item: Leftovers
|upkeep
|turn|35
|
|t:|1760829212
|move|p2a: Weezing|Sludge Bomb|p1a: Snorlax
|-crit|p1a: Snorlax
|-damage|p1a: Snorlax|44/100
|-status|p1a: Snorlax|psn
|move|p1a: Snorlax|Body Slam|p2a: Weezing
|-damage|p2a: Weezing|51/100
|-status|p2a: Weezing|par
|
|-heal|p1a: Snorlax|50/100 psn|[from] item: Leftovers
|-damage|p1a: Snorlax|37/100 psn|[from] psn
|upkeep
|turn|36
|
|t:|1760829223
|move|p1a: Snorlax|Rest|p1a: Snorlax
|-status|p1a: Snorlax|slp|[from] move: Rest
|-heal|p1a: Snorlax|100/100 slp|[silent]
|move|p2a: Weezing|Pain Split|p1a: Snorlax
|-sethp|p1a: Snorlax|67/100 slp|[from] move: Pain Split|[silent]
|-sethp|p2a: Weezing|100/100 par|[from] move: Pain Split
|
|-heal|p1a: Snorlax|73/100 slp|[from] item: Leftovers
|upkeep
|turn|37
|
|t:|1760829233
|cant|p1a: Snorlax|slp
|move|p1a: Snorlax|Sleep Talk|p1a: Snorlax
|move|p1a: Snorlax|Body Slam|p2a: Weezing|[from] move: Sleep Talk
|-damage|p2a: Weezing|81/100 par
|cant|p2a: Weezing|par
|
|-heal|p1a: Snorlax|79/100 slp|[from] item: Leftovers
|upkeep
|turn|38
|
|t:|1760829245
|cant|p1a: Snorlax|slp
|move|p1a: Snorlax|Sleep Talk|p1a: Snorlax
|move|p1a: Snorlax|Rest||[from] move: Sleep Talk|[still]
|-fail|p1a: Snorlax
|cant|p2a: Weezing|par
|
|-heal|p1a: Snorlax|85/100 slp|[from] item: Leftovers
|upkeep
|turn|39
|
|t:|1760829254
|-curestatus|p1a: Snorlax|slp|[msg]
|move|p1a: Snorlax|Body Slam|p2a: Weezing
|-damage|p2a: Weezing|61/100 par
|move|p2a: Weezing|Pain Split|p1a: Snorlax
|-sethp|p1a: Snorlax|62/100|[from] move: Pain Split|[silent]
|-sethp|p2a: Weezing|97/100 par|[from] move: Pain Split
|
|-heal|p1a: Snorlax|68/100|[from] item: Leftovers
|upkeep
|turn|40
|
|t:|1760829265
|switch|p1a: Maushold|Maushold|100/100
|-damage|p1a: Maushold|88/100|[from] Spikes
|move|p2a: Weezing|Will-O-Wisp|p1a: Maushold
|-status|p1a: Maushold|brn
|
|-damage|p1a: Maushold|82/100 brn|[from] brn
|upkeep
|turn|41
|
|t:|1760829273
|-end|p2a: Weezing|ability: Neutralizing Gas
|switch|p2a: Pecharunt|Pecharunt|44/100
|move|p1a: Maushold|Tidy Up|p1a: Maushold
|-sideend|p1: Dem Big Bois|Spikes
|-activate|p1a: Maushold|move: Tidy Up
|-boost|p1a: Maushold|atk|1
|-boost|p1a: Maushold|spe|1
|
|-damage|p1a: Maushold|76/100 brn|[from] brn
|upkeep
|turn|42
|
|t:|1760829298
|move|p1a: Maushold|Bite|p2a: Pecharunt
|-supereffective|p2a: Pecharunt
|-damage|p2a: Pecharunt|27/100
|move|p2a: Pecharunt|Malignant Chain|p1a: Maushold
|-damage|p1a: Maushold|27/100 brn
|
|-damage|p1a: Maushold|21/100 brn|[from] brn
|upkeep
|turn|43
|
|t:|1760829309
|move|p1a: Maushold|U-turn|p2a: Pecharunt
|-resisted|p2a: Pecharunt
|-damage|p2a: Pecharunt|26/100
|
|t:|1760829312
|switch|p1a: Snorlax|Snorlax, F|68/100|[from] U-turn
|move|p2a: Pecharunt|Foul Play|p1a: Snorlax
|-damage|p1a: Snorlax|48/100
|
|-heal|p1a: Snorlax|54/100|[from] item: Leftovers
|upkeep
|turn|44
|
|t:|1760829319
|switch|p2a: Weezing|Weezing-Galar, F|97/100 par
|-ability|p2a: Weezing|Neutralizing Gas
|move|p1a: Snorlax|Earthquake|p2a: Weezing
|-supereffective|p2a: Weezing
|-damage|p2a: Weezing|62/100 par
|
|-heal|p1a: Snorlax|60/100|[from] item: Leftovers
|upkeep
|turn|45
|inactive|Dem Big Bois has 120 seconds left.
|
|t:|1760829366
|move|p1a: Snorlax|Earthquake|p2a: Weezing
|-supereffective|p2a: Weezing
|-damage|p2a: Weezing|29/100 par
|cant|p2a: Weezing|par
|
|-heal|p1a: Snorlax|66/100|[from] item: Leftovers
|upkeep
|turn|46
|
|t:|1760829380
|move|p1a: Snorlax|Earthquake|p2a: Weezing
|-supereffective|p2a: Weezing
|-damage|p2a: Weezing|0 fnt
|faint|p2a: Weezing
|-end|p2a: Weezing|ability: Neutralizing Gas
|
|-heal|p1a: Snorlax|72/100|[from] item: Leftovers
|upkeep
|
|t:|1760829394
|switch|p2a: Raging Bolt|Raging Bolt|48/100
|turn|47
|inactive|Dem Big Bois has 120 seconds left.
|
|t:|1760829399
|move|p2a: Raging Bolt|Thunder|p1a: Snorlax
|-damage|p1a: Snorlax|37/100
|-damage|p2a: Raging Bolt|39/100|[from] item: Life Orb
|move|p1a: Snorlax|Earthquake|p2a: Raging Bolt
|-supereffective|p2a: Raging Bolt
|-damage|p2a: Raging Bolt|0 fnt
|faint|p2a: Raging Bolt
|-end|p2a: Raging Bolt|Protosynthesis|[silent]
|
|-heal|p1a: Snorlax|43/100|[from] item: Leftovers
|upkeep
|
|t:|1760829405
|switch|p2a: Pelipper|Pelipper, M|6/100 par
|-weather|RainDance|[from] ability: Drizzle|[of] p2a: Pelipper
|turn|48
|
|t:|1760829411
|move|p1a: Snorlax|Body Slam|p2a: Pelipper
|-damage|p2a: Pelipper|0 fnt
|faint|p2a: Pelipper
|
|-weather|RainDance|[upkeep]
|-heal|p1a: Snorlax|49/100|[from] item: Leftovers
|upkeep
|
|t:|1760829415
|switch|p2a: Pecharunt|Pecharunt|26/100
|turn|49
|
|t:|1760829418
|move|p2a: Pecharunt|Malignant Chain|p1a: Snorlax
|-damage|p1a: Snorlax|35/100
|-status|p1a: Snorlax|tox
|-start|p1a: Snorlax|confusion|[from] ability: Poison Puppeteer|[of] p2a: Pecharunt
|-activate|p1a: Snorlax|confusion
|-damage|p1a: Snorlax|26/100 tox|[from] confusion
|
|-weather|RainDance|[upkeep]
|-heal|p1a: Snorlax|33/100 tox|[from] item: Leftovers
|-damage|p1a: Snorlax|26/100 tox|[from] psn
|upkeep
|turn|50
|
|t:|1760829430
|move|p2a: Pecharunt|Malignant Chain|p1a: Snorlax
|-damage|p1a: Snorlax|12/100 tox
|-activate|p1a: Snorlax|confusion
|-damage|p1a: Snorlax|3/100 tox|[from] confusion
|
|-weather|RainDance|[upkeep]
|-heal|p1a: Snorlax|9/100 tox|[from] item: Leftovers
|-damage|p1a: Snorlax|0 fnt|[from] psn
|faint|p1a: Snorlax
|upkeep
|
|t:|1760829440
|switch|p1a: Tauros|Tauros, M|100/100
|turn|51
|
|t:|1760829443
|move|p1a: Tauros|Earthquake|p2a: Pecharunt
|-supereffective|p2a: Pecharunt
|-damage|p2a: Pecharunt|0 fnt
|faint|p2a: Pecharunt
|
|win|Dem Big Bois
|raw|Dem Big Bois's rating: 1270 &rarr; <strong>1299</strong><br />(+29 for winning)
|raw|conwynaut's rating: 1321 &rarr; <strong>1298</strong><br />(-23 for losing)
|l|☆Dem Big Bois
|player|p1|
|l|☆conwynaut
|player|p2|
