|j|☆darretyle2
|j|☆jghfcncmjhgkbn
|t:|1760719635
|gametype|singles
|player|p1|darretyle2|265|1407
|player|p2|jghfcncmjhgkbn|1|1397
|gen|9
|tier|[Gen 9] OU
|rated|
|rule|HP Percentage Mod: HP is shown in percentages
|rule|Endless Battle Clause: Forcing endless battles is banned
|rule|Species Clause: Limit one of each Pokémon
|rule|OHKO Clause: OHKO moves are banned
|rule|Evasion Items Clause: Evasion items are banned
|rule|Evasion Moves Clause: Evasion moves are banned
|rule|Evasion Abilities Clause: Evasion abilities are banned
|rule|Sleep Moves Clause: Sleep-inducing moves are banned
|clearpoke
|poke|p1|Pelipper, M|
|poke|p1|Barraskewda, F|
|poke|p1|Hatterene, F|
|poke|p1|Raging Bolt|
|poke|p1|Hoopa-Unbound|
|poke|p1|Landorus-Therian, M|
|poke|p2|Pelipper, M|
|poke|p2|Barraskewda, M|
|poke|p2|Zapdos|
|poke|p2|Ogerpon-Wellspring, F|
|poke|p2|Toxicroak, F|
|poke|p2|Iron Treads|
|teampreview
|inactive|Battle timer is ON: inactive players will automatically lose when time's up. (requested by jghfcncmjhgkbn)
|
|t:|1760719650
|teamsize|p1|6
|teamsize|p2|6
|start
|switch|p1a: Barraskewda|Barraskewda, F|100/100
|switch|p2a: Iron Treads|Iron Treads|100/100
|turn|1
|
|t:|1760719656
|-terastallize|p2a: Iron Treads|Ghost
|move|p1a: Barraskewda|Close Combat|p2a: Iron Treads
|-immune|p2a: Iron Treads
|move|p2a: Iron Treads|Stealth Rock|p1a: Barraskewda
|-sidestart|p1: darretyle2|move: Stealth Rock
|
|upkeep
|turn|2
|
|t:|1760719661
|move|p1a: Barraskewda|Flip Turn|p2a: Iron Treads
|-damage|p2a: Iron Treads|66/100
|-damage|p1a: Barraskewda|91/100|[from] item: Life Orb
|
|t:|1760719670
|switch|p1a: Landorus|Landorus-Therian, M|100/100|[from] Flip Turn
|-damage|p1a: Landorus|88/100|[from] Stealth Rock
|-ability|p1a: Landorus|Intimidate|boost
|-unboost|p2a: Iron Treads|atk|1
|move|p2a: Iron Treads|Volt Switch|p1a: Landorus
|-immune|p1a: Landorus
|
|upkeep
|turn|3
|
|t:|1760719677
|-end|p2a: Iron Treads|Quark Drive|[silent]
|switch|p2a: Pelipper|Pelipper, M|100/100
|-weather|RainDance|[from] ability: Drizzle|[of] p2a: Pelipper
|move|p1a: Landorus|Sandsear Storm|p2a: Pelipper
|-immune|p2a: Pelipper
|
|-weather|RainDance|[upkeep]
|upkeep
|turn|4
|
|t:|1760719682
|switch|p1a: Raging Bolt|Raging Bolt|100/100
|-damage|p1a: Raging Bolt|88/100|[from] Stealth Rock
|-enditem|p1a: Raging Bolt|Booster Energy
|-activate|p1a: Raging Bolt|ability: Protosynthesis|[fromitem]
|-start|p1a: Raging Bolt|protosynthesisspa
|move|p2a: Pelipper|Surf|p1a: Raging Bolt
|-resisted|p1a: Raging Bolt
|-damage|p1a: Raging Bolt|67/100
|
|-weather|RainDance|[upkeep]
|upkeep
|turn|5
|
|t:|1760719688
|switch|p2a: Iron Treads|Iron Treads, tera:Ghost|66/100
|move|p1a: Raging Bolt|Thunder|p2a: Iron Treads
|-damage|p2a: Iron Treads|0 fnt
|faint|p2a: Iron Treads
|-end|p2a: Iron Treads|Quark Drive|[silent]
|
|-weather|RainDance|[upkeep]
|upkeep
|
|t:|1760719699
|switch|p2a: Toxicroak|Toxicroak, F|100/100
|turn|6
|
|t:|1760719704
|move|p1a: Raging Bolt|Thunder|p2a: Toxicroak
|-damage|p2a: Toxicroak|25/100
|move|p2a: Toxicroak|Gunk Shot|p1a: Raging Bolt
|-damage|p1a: Raging Bolt|26/100
|-status|p1a: Raging Bolt|psn
|
|-weather|RainDance|[upkeep]
|-heal|p2a: Toxicroak|37/100|[from] ability: Dry Skin
|-heal|p2a: Toxicroak|44/100|[from] item: Leftovers
|-damage|p1a: Raging Bolt|13/100 psn|[from] psn
|upkeep
|turn|7
|
|t:|1760719717
|move|p1a: Raging Bolt|Thunder|p2a: Toxicroak
|-damage|p2a: Toxicroak|0 fnt
|faint|p2a: Toxicroak
|
|-weather|RainDance|[upkeep]
|-damage|p1a: Raging Bolt|1/100 psn|[from] psn
|upkeep
|
|t:|1760719725
|switch|p2a: Ogerpon|Ogerpon-Wellspring, F|100/100
|turn|8
|
|t:|1760719727
|move|p2a: Ogerpon|U-turn|p1a: Raging Bolt
|-damage|p1a: Raging Bolt|0 fnt
|faint|p1a: Raging Bolt
|-end|p1a: Raging Bolt|Protosynthesis|[silent]
|
|t:|1760719733
|switch|p2a: Barraskewda|Barraskewda, M|100/100|[from] U-turn
|
|-weather|RainDance|[upkeep]
|upkeep
|
|t:|1760719740
|switch|p1a: Pelipper|Pelipper, M|100/100
|-damage|p1a: Pelipper|76/100|[from] Stealth Rock
|turn|9
|
|t:|1760719747
|move|p2a: Barraskewda|Liquidation|p1a: Pelipper
|-resisted|p1a: Pelipper
|-damage|p1a: Pelipper|36/100
|move|p1a: Pelipper|Hurricane|p2a: Barraskewda
|-damage|p2a: Barraskewda|21/100
|
|-weather|RainDance|[upkeep]
|upkeep
|turn|10
|
|t:|1760719751
|move|p2a: Barraskewda|Liquidation|p1a: Pelipper
|-resisted|p1a: Pelipper
|-damage|p1a: Pelipper|0 fnt
|faint|p1a: Pelipper
|
|-weather|none
|upkeep
|
|t:|1760719757
|switch|p1a: Landorus|Landorus-Therian, M|88/100
|-damage|p1a: Landorus|76/100|[from] Stealth Rock
|-ability|p1a: Landorus|Intimidate|boost
|-unboost|p2a: Barraskewda|atk|1
|turn|11
|
|t:|1760719761
|-terastallize|p1a: Landorus|Flying
|move|p1a: Landorus|Tera Blast|p2a: Barraskewda|[anim] Tera Blast Flying
|-damage|p2a: Barraskewda|0 fnt
|faint|p2a: Barraskewda
|
|upkeep
|
|t:|1760719765
|switch|p2a: Pelipper|Pelipper, M|100/100
|-weather|RainDance|[from] ability: Drizzle|[of] p2a: Pelipper
|turn|12
|
|t:|1760719769
|move|p1a: Landorus|Tera Blast|p2a: Pelipper|[anim] Tera Blast Flying
|-damage|p2a: Pelipper|32/100
|move|p2a: Pelipper|Surf|p1a: Landorus
|-damage|p1a: Landorus|16/100
|
|-weather|RainDance|[upkeep]
|upkeep
|turn|13
|
|t:|1760719778
|move|p1a: Landorus|Tera Blast|p2a: Pelipper|[anim] Tera Blast Flying
|-damage|p2a: Pelipper|0 fnt
|faint|p2a: Pelipper
|
|-weather|RainDance|[upkeep]
|upkeep
|
|t:|1760719779
|switch|p2a: Zapdos|Zapdos|100/100
|turn|14
|
|t:|1760719781
|move|p1a: Landorus|Tera Blast|p2a: Zapdos|[anim] Tera Blast Flying
|-resisted|p2a: Zapdos
|-damage|p2a: Zapdos|69/100
|move|p2a: Zapdos|Thunder|p1a: Landorus
|-supereffective|p1a: Landorus
|-damage|p1a: Landorus|0 fnt
|faint|p1a: Landorus
|
|-weather|RainDance|[upkeep]
|upkeep
|
|t:|1760719784
|switch|p1a: Hoopa|Hoopa-Unbound|100/100
|-damage|p1a: Hoopa|88/100|[from] Stealth Rock
|turn|15
|
|t:|1760719788
|move|p2a: Zapdos|Thunder|p1a: Hoopa
|-damage|p1a: Hoopa|20/100
|move|p1a: Hoopa|Hyperspace Fury|p2a: Zapdos
|-damage|p2a: Zapdos|0 fnt
|-unboost|p1a: Hoopa|def|1
|faint|p2a: Zapdos
|
|-weather|RainDance|[upkeep]
|upkeep
|
|t:|1760719791
|switch|p2a: Ogerpon|Ogerpon-Wellspring, F|100/100
|turn|16
|
|t:|1760719794
|move|p2a: Ogerpon|U-turn|p1a: Hoopa
|-supereffective|p1a: Hoopa
|-damage|p1a: Hoopa|0 fnt
|faint|p1a: Hoopa
|
|-weather|RainDance|[upkeep]
|upkeep
|
|t:|1760719798
|switch|p1a: Barraskewda|Barraskewda, F|91/100
|-damage|p1a: Barraskewda|78/100|[from] Stealth Rock
|turn|17
|
|t:|1760719802
|move|p1a: Barraskewda|Close Combat|p2a: Ogerpon
|-damage|p2a: Ogerpon|27/100
|-unboost|p1a: Barraskewda|def|1
|-unboost|p1a: Barraskewda|spd|1
|-damage|p1a: Barraskewda|69/100|[from] item: Life Orb
|move|p2a: Ogerpon|Power Whip|p1a: Barraskewda
|-supereffective|p1a: Barraskewda
|-crit|p1a: Barraskewda
|-damage|p1a: Barraskewda|0 fnt
|faint|p1a: Barraskewda
|
|-weather|RainDance|[upkeep]
|upkeep
|
|t:|1760719805
|switch|p1a: Hatterene|Hatterene, F|100/100
|-damage|p1a: Hatterene|88/100|[from] Stealth Rock
|turn|18
|
|t:|1760719808
|move|p2a: Ogerpon|Ivy Cudgel|p1a: Hatterene|[anim] Ivy Cudgel Water
|-damage|p1a: Hatterene|14/100
|move|p1a: Hatterene|Psychic Noise|p2a: Ogerpon
|-damage|p2a: Ogerpon|0 fnt
|faint|p2a: Ogerpon
|
|win|darretyle2
|raw|darretyle2's rating: 1407 &rarr; <strong>1426</strong><br />(+19 for winning)
|raw|jghfcncmjhgkbn's rating: 1397 &rarr; <strong>1378</strong><br />(-19 for losing)
|l|☆darretyle2
|player|p1|
|l|☆jghfcncmjhgkbn
|player|p2|
