|j|☆kirrigamine
|j|☆Cre8ive.wav
|t:|1760852330
|gametype|singles
|player|p1|kirrigamine|shauntal|
|player|p2|Cre8ive.wav|steven|
|gen|9
|tier|[Gen 9] OU
|rule|HP Percentage Mod: HP is shown in percentages
|rule|Endless Battle Clause: Forcing endless battles is banned
|rule|Species Clause: Limit one of each Pokémon
|rule|OHKO Clause: OHKO moves are banned
|rule|Evasion Items Clause: Evasion items are banned
|rule|Evasion Moves Clause: Evasion moves are banned
|rule|Evasion Abilities Clause: Evasion abilities are banned
|rule|Sleep Moves Clause: Sleep-inducing moves are banned
|clearpoke
|poke|p1|Iron Valiant|
|poke|p1|Rotom-Wash|
|poke|p1|Latios, M|
|poke|p1|Ting-Lu|
|poke|p1|Hydreigon, F|
|poke|p1|Gholdengo|
|poke|p2|Dragapult, M|
|poke|p2|Blaziken, M|
|poke|p2|Glimmora, M|
|poke|p2|Comfey, M|
|poke|p2|Kingambit, M|
|poke|p2|Ogerpon-Wellspring, F|
|teampreview
|
|t:|1760852345
|teamsize|p1|6
|teamsize|p2|6
|start
|switch|p1a: Ting-Lu|Ting-Lu|100/100
|switch|p2a: Child Neglect|Dragapult, M|100/100
|-ability|p1a: Ting-Lu|Vessel of Ruin
|turn|1
|
|t:|1760852369
|-terastallize|p2a: Child Neglect|Dragon
|move|p2a: Child Neglect|Draco Meteor|p1a: Ting-Lu|[miss]
|-miss|p2a: Child Neglect|p1a: Ting-Lu
|move|p1a: Ting-Lu|Stealth Rock|p2a: Child Neglect
|-sidestart|p2: Cre8ive.wav|move: Stealth Rock
|
|upkeep
|turn|2
|
|t:|1760852382
|move|p2a: Child Neglect|Draco Meteor|p1a: Ting-Lu|[miss]
|-miss|p2a: Child Neglect|p1a: Ting-Lu
|move|p1a: Ting-Lu|Whirlwind|p2a: Child Neglect
|drag|p2a: John Chess|Kingambit, M|100/100
|-damage|p2a: John Chess|94/100|[from] Stealth Rock
|
|-heal|p2a: John Chess|100/100|[from] item: Leftovers
|upkeep
|turn|3
|
|t:|1760852396
|move|p2a: John Chess|Kowtow Cleave|p1a: Ting-Lu
|-resisted|p1a: Ting-Lu
|-damage|p1a: Ting-Lu|88/100
|move|p1a: Ting-Lu|Ruination|p2a: John Chess
|-damage|p2a: John Chess|51/100
|
|-heal|p2a: John Chess|57/100|[from] item: Leftovers
|-heal|p1a: Ting-Lu|94/100|[from] item: Leftovers
|upkeep
|turn|4
|
|t:|1760852408
|-end|p2a: John Chess|fallenundefined|[silent]
|switch|p2a: Wizard Installer|Glimmora, M|100/100
|-damage|p2a: Wizard Installer|88/100|[from] Stealth Rock
|move|p1a: Ting-Lu|Whirlwind|p2a: Wizard Installer
|drag|p2a: John Chess|Kingambit, M|57/100
|-damage|p2a: John Chess|51/100|[from] Stealth Rock
|
|-heal|p2a: John Chess|57/100|[from] item: Leftovers
|-heal|p1a: Ting-Lu|99/100|[from] item: Leftovers
|upkeep
|turn|5
|
|t:|1760852419
|-end|p2a: John Chess|fallenundefined|[silent]
|switch|p2a: Wizard Installer|Glimmora, M|88/100
|-damage|p2a: Wizard Installer|76/100|[from] Stealth Rock
|move|p1a: Ting-Lu|Whirlwind|p2a: Wizard Installer
|drag|p2a: ShatsuKhan|Blaziken, M|100/100
|-damage|p2a: ShatsuKhan|88/100|[from] Stealth Rock
|
|-heal|p1a: Ting-Lu|100/100|[from] item: Leftovers
|upkeep
|turn|6
|
|t:|1760852432
|-terastallize|p1a: Ting-Lu|Poison
|move|p2a: ShatsuKhan|Close Combat|p1a: Ting-Lu
|-resisted|p1a: Ting-Lu
|-damage|p1a: Ting-Lu|78/100
|-unboost|p2a: ShatsuKhan|def|1
|-unboost|p2a: ShatsuKhan|spd|1
|-damage|p2a: ShatsuKhan|78/100|[from] item: Life Orb
|move|p1a: Ting-Lu|Whirlwind|p2a: ShatsuKhan
|drag|p2a: The Silly|Ogerpon-Wellspring, F|100/100
|-damage|p2a: The Silly|88/100|[from] Stealth Rock
|
|-heal|p1a: Ting-Lu|85/100|[from] item: Leftovers
|upkeep
|turn|7
|
|t:|1760852448
|move|p2a: The Silly|Ivy Cudgel|p1a: Ting-Lu|[anim] Ivy Cudgel Water
|-crit|p1a: Ting-Lu
|-damage|p1a: Ting-Lu|38/100
|move|p1a: Ting-Lu|Ruination|p2a: The Silly
|-damage|p2a: The Silly|44/100
|
|-heal|p1a: Ting-Lu|44/100|[from] item: Leftovers
|upkeep
|turn|8
|
|t:|1760852455
|move|p2a: The Silly|Ivy Cudgel|p1a: Ting-Lu|[anim] Ivy Cudgel Water
|-damage|p1a: Ting-Lu|14/100
|move|p1a: Ting-Lu|Whirlwind|p2a: The Silly
|drag|p2a: Mental|Comfey, M, shiny|100/100
|-damage|p2a: Mental|88/100|[from] Stealth Rock
|
|-heal|p1a: Ting-Lu|20/100|[from] item: Leftovers
|upkeep
|turn|9
|
|t:|1760852465
|move|p2a: Mental|Tera Blast|p1a: Ting-Lu
|-damage|p1a: Ting-Lu|8/100
|-damage|p2a: Mental|78/100|[from] item: Life Orb
|move|p1a: Ting-Lu|Ruination|p2a: Mental
|-damage|p2a: Mental|40/100
|
|-heal|p1a: Ting-Lu|15/100|[from] item: Leftovers
|upkeep
|turn|10
|
|t:|1760852474
|move|p2a: Mental|Tera Blast|p1a: Ting-Lu
|-damage|p1a: Ting-Lu|3/100
|-damage|p2a: Mental|30/100|[from] item: Life Orb
|move|p1a: Ting-Lu|Whirlwind|p2a: Mental
|drag|p2a: The Silly|Ogerpon-Wellspring, F|44/100
|-damage|p2a: The Silly|32/100|[from] Stealth Rock
|
|-heal|p1a: Ting-Lu|9/100|[from] item: Leftovers
|upkeep
|turn|11
|
|t:|1760852483
|move|p2a: The Silly|Ivy Cudgel|p1a: Ting-Lu|[anim] Ivy Cudgel Water
|-damage|p1a: Ting-Lu|0 fnt
|faint|p1a: Ting-Lu
|
|upkeep
|
|t:|1760852494
|switch|p1a: Hydreigon|Hydreigon, F|100/100
|turn|12
|
|t:|1760852499
|move|p2a: The Silly|U-turn|p1a: Hydreigon
|-supereffective|p1a: Hydreigon
|-damage|p1a: Hydreigon|38/100
|
|t:|1760852503
|switch|p2a: Wizard Installer|Glimmora, M|76/100|[from] U-turn
|-damage|p2a: Wizard Installer|63/100|[from] Stealth Rock
|move|p1a: Hydreigon|Dark Pulse|p2a: Wizard Installer
|-crit|p2a: Wizard Installer
|-damage|p2a: Wizard Installer|0 fnt
|faint|p2a: Wizard Installer
|
|upkeep
|
|t:|1760852512
|switch|p2a: Child Neglect|Dragapult, M, tera:Dragon|100/100
|-damage|p2a: Child Neglect|88/100|[from] Stealth Rock
|turn|13
|
|t:|1760852517
|move|p2a: Child Neglect|Draco Meteor|p1a: Hydreigon
|-supereffective|p1a: Hydreigon
|-damage|p1a: Hydreigon|0 fnt
|-unboost|p2a: Child Neglect|spa|2
|faint|p1a: Hydreigon
|-damage|p2a: Child Neglect|78/100|[from] item: Life Orb
|
|upkeep
|
|t:|1760852534
|switch|p1a: Latios|Latios, M|100/100
|turn|14
|
|t:|1760852540
|switch|p2a: John Chess|Kingambit, M|57/100
|-damage|p2a: John Chess|51/100|[from] Stealth Rock
|-activate|p2a: John Chess|ability: Supreme Overlord
|-start|p2a: John Chess|fallen1|[silent]
|move|p1a: Latios|Draco Meteor|p2a: John Chess
|-resisted|p2a: John Chess
|-damage|p2a: John Chess|19/100
|-unboost|p1a: Latios|spa|2
|
|-heal|p2a: John Chess|26/100|[from] item: Leftovers
|upkeep
|turn|15
|
|t:|1760852563
|switch|p1a: Iron Valiant|Iron Valiant|100/100
|move|p2a: John Chess|Sucker Punch||[still]
|-fail|p2a: John Chess
|
|-heal|p2a: John Chess|32/100|[from] item: Leftovers
|upkeep
|turn|16
|
|t:|1760852576
|move|p1a: Iron Valiant|Close Combat|p2a: John Chess
|-supereffective|p2a: John Chess
|-damage|p2a: John Chess|0 fnt
|-unboost|p1a: Iron Valiant|def|1
|-unboost|p1a: Iron Valiant|spd|1
|faint|p2a: John Chess
|-end|p2a: John Chess|fallen1|[silent]
|
|upkeep
|
|t:|1760852583
|switch|p2a: Mental|Comfey, M, shiny|30/100
|-damage|p2a: Mental|17/100|[from] Stealth Rock
|turn|17
|
|t:|1760852607
|-end|p1a: Iron Valiant|Quark Drive|[silent]
|switch|p1a: Gholdengo|Gholdengo|100/100
|-item|p1a: Gholdengo|Air Balloon
|move|p2a: Mental|Draining Kiss|p1a: Gholdengo
|-resisted|p1a: Gholdengo
|-damage|p1a: Gholdengo|86/100
|-heal|p2a: Mental|30/100|[from] drain|[of] p1a: Gholdengo
|-enditem|p1a: Gholdengo|Air Balloon
|-damage|p2a: Mental|20/100|[from] item: Life Orb
|
|upkeep
|turn|18
|
|t:|1760852617
|move|p2a: Mental|Substitute|p2a: Mental
|-fail|p2a: Mental|move: Substitute|[weak]
|move|p1a: Gholdengo|Make It Rain|p2a: Mental
|-supereffective|p2a: Mental
|-damage|p2a: Mental|0 fnt
|-unboost|p1a: Gholdengo|spa|1
|faint|p2a: Mental
|
|upkeep
|
|t:|1760852627
|switch|p2a: The Silly|Ogerpon-Wellspring, F|32/100
|-damage|p2a: The Silly|20/100|[from] Stealth Rock
|turn|19
|
|t:|1760852633
|move|p2a: The Silly|Spikes|p1a: Gholdengo
|-sidestart|p1: kirrigamine|Spikes
|move|p1a: Gholdengo|Thunder Wave|p2a: The Silly
|-status|p2a: The Silly|par
|
|upkeep
|turn|20
|
|t:|1760852639
|move|p1a: Gholdengo|Make It Rain|p2a: The Silly
|-resisted|p2a: The Silly
|-damage|p2a: The Silly|0 fnt
|-unboost|p1a: Gholdengo|spa|1
|faint|p2a: The Silly
|
|upkeep
|
|t:|1760852645
|switch|p2a: ShatsuKhan|Blaziken, M|78/100
|-damage|p2a: ShatsuKhan|66/100|[from] Stealth Rock
|turn|21
|
|t:|1760852660
|switch|p1a: Iron Valiant|Iron Valiant|100/100
|move|p2a: ShatsuKhan|Swords Dance|p2a: ShatsuKhan
|-boost|p2a: ShatsuKhan|atk|2
|
|-ability|p2a: ShatsuKhan|Speed Boost|boost
|-boost|p2a: ShatsuKhan|spe|1
|upkeep
|turn|22
|
|t:|1760852672
|move|p2a: ShatsuKhan|Flare Blitz|p1a: Iron Valiant
|-damage|p1a: Iron Valiant|0 fnt
|faint|p1a: Iron Valiant
|-end|p1a: Iron Valiant|Quark Drive|[silent]
|-damage|p2a: ShatsuKhan|34/100|[from] Recoil
|-damage|p2a: ShatsuKhan|24/100|[from] item: Life Orb
|
|-ability|p2a: ShatsuKhan|Speed Boost|boost
|-boost|p2a: ShatsuKhan|spe|1
|upkeep
|
|t:|1760852685
|switch|p1a: Rotom|Rotom-Wash|100/100
|turn|23
|
|t:|1760852689
|move|p2a: ShatsuKhan|Close Combat|p1a: Rotom
|-damage|p1a: Rotom|0 fnt
|-unboost|p2a: ShatsuKhan|def|1
|-unboost|p2a: ShatsuKhan|spd|1
|faint|p1a: Rotom
|-damage|p2a: ShatsuKhan|14/100|[from] item: Life Orb
|
|-ability|p2a: ShatsuKhan|Speed Boost|boost
|-boost|p2a: ShatsuKhan|spe|1
|upkeep
|
|t:|1760852699
|switch|p1a: Gholdengo|Gholdengo|86/100
|-damage|p1a: Gholdengo|74/100|[from] Spikes
|turn|24
|
|t:|1760852703
|move|p2a: ShatsuKhan|Flare Blitz|p1a: Gholdengo
|-supereffective|p1a: Gholdengo
|-damage|p1a: Gholdengo|0 fnt
|faint|p1a: Gholdengo
|-damage|p2a: ShatsuKhan|0 fnt|[from] Recoil
|faint|p2a: ShatsuKhan
|
|upkeep
|
|t:|1760852710
|switch|p2a: Child Neglect|Dragapult, M, tera:Dragon|78/100
|switch|p1a: Latios|Latios, M|100/100
|-damage|p2a: Child Neglect|66/100|[from] Stealth Rock
|turn|25
|
|t:|1760852717
|move|p1a: Latios|Draco Meteor|p2a: Child Neglect
|-supereffective|p2a: Child Neglect
|-damage|p2a: Child Neglect|0 fnt
|-unboost|p1a: Latios|spa|2
|faint|p2a: Child Neglect
|
|win|kirrigamine
|l|☆Cre8ive.wav
|player|p2|
