|j|☆cissybtm4fun
|j|☆S-993311
|t:|1760837671
|gametype|singles
|player|p1|cissybtm4fun|marley|1437
|player|p2|S-993311|fisherman-gen4|1453
|gen|9
|tier|[Gen 9] OU
|rated|
|rule|HP Percentage Mod: HP is shown in percentages
|rule|Endless Battle Clause: Forcing endless battles is banned
|rule|Species Clause: Limit one of each Pokémon
|rule|OHKO Clause: OHKO moves are banned
|rule|Evasion Items Clause: Evasion items are banned
|rule|Evasion Moves Clause: Evasion moves are banned
|rule|Evasion Abilities Clause: Evasion abilities are banned
|rule|Sleep Moves Clause: Sleep-inducing moves are banned
|clearpoke
|poke|p1|Dragonite, F|
|poke|p1|Gholdengo|
|poke|p1|Iron Treads|
|poke|p1|Quaquaval, M|
|poke|p1|Slowking-Galar, F|
|poke|p1|Ting-Lu|
|poke|p2|Thundurus-Therian, M|
|poke|p2|Raging Bolt|
|poke|p2|Slowking-Galar, M|
|poke|p2|Kyurem|
|poke|p2|Great Tusk|
|poke|p2|Moltres|
|teampreview
|inactive|Battle timer is ON: inactive players will automatically lose when time's up. (requested by S-993311)
|inactive|cissybtm4fun also wants the timer to be on.
|
|t:|1760837691
|teamsize|p1|6
|teamsize|p2|6
|start
|switch|p1a: Gholdengo|Gholdengo|100/100
|switch|p2a: Thundurus|Thundurus-Therian, M|100/100
|turn|1
|
|t:|1760837697
|move|p1a: Gholdengo|Shadow Ball|p2a: Thundurus
|-damage|p2a: Thundurus|41/100
|move|p2a: Thundurus|Grass Knot|p1a: Gholdengo
|-resisted|p1a: Gholdengo
|-damage|p1a: Gholdengo|80/100
|
|upkeep
|turn|2
|
|t:|1760837708
|switch|p2a: Raging Bolt|Raging Bolt|100/100
|-enditem|p2a: Raging Bolt|Booster Energy
|-activate|p2a: Raging Bolt|ability: Protosynthesis|[fromitem]
|-start|p2a: Raging Bolt|protosynthesisspa
|move|p1a: Gholdengo|Shadow Ball|p2a: Raging Bolt
|-damage|p2a: Raging Bolt|67/100
|
|upkeep
|turn|3
|
|t:|1760837717
|switch|p1a: Ting-Lu|Ting-Lu|100/100
|-ability|p1a: Ting-Lu|Vessel of Ruin
|move|p2a: Raging Bolt|Dragon Pulse|p1a: Ting-Lu
|-crit|p1a: Ting-Lu
|-damage|p1a: Ting-Lu|61/100
|
|-heal|p1a: Ting-Lu|67/100|[from] item: Leftovers
|upkeep
|turn|4
|
|t:|1760837727
|-end|p2a: Raging Bolt|Protosynthesis|[silent]
|switch|p2a: Thundurus|Thundurus-Therian, M|41/100
|move|p1a: Ting-Lu|Spikes|p2a: Thundurus
|-sidestart|p2: S-993311|Spikes
|
|-heal|p1a: Ting-Lu|73/100|[from] item: Leftovers
|upkeep
|turn|5
|
|t:|1760837733
|move|p2a: Thundurus|Volt Switch|p1a: Ting-Lu
|-immune|p1a: Ting-Lu
|move|p1a: Ting-Lu|Spikes|p2a: Thundurus
|-sidestart|p2: S-993311|Spikes
|
|-heal|p1a: Ting-Lu|79/100|[from] item: Leftovers
|upkeep
|turn|6
|
|t:|1760837746
|switch|p2a: Great Tusk|Great Tusk|100/100
|move|p1a: Ting-Lu|Ruination|p2a: Great Tusk
|-damage|p2a: Great Tusk|50/100
|
|-heal|p1a: Ting-Lu|86/100|[from] item: Leftovers
|upkeep
|turn|7
|
|t:|1760837755
|move|p2a: Great Tusk|Rapid Spin|p1a: Ting-Lu
|-damage|p1a: Ting-Lu|77/100
|-boost|p2a: Great Tusk|spe|1
|-sideend|p2: S-993311|Spikes|[from] move: Rapid Spin|[of] p2a: Great Tusk
|move|p1a: Ting-Lu|Earthquake|p2a: Great Tusk
|-damage|p2a: Great Tusk|27/100
|
|-heal|p1a: Ting-Lu|83/100|[from] item: Leftovers
|upkeep
|turn|8
|
|t:|1760837763
|move|p2a: Great Tusk|Stealth Rock|p1a: Ting-Lu
|-sidestart|p1: cissybtm4fun|move: Stealth Rock
|move|p1a: Ting-Lu|Earthquake|p2a: Great Tusk
|-damage|p2a: Great Tusk|3/100
|
|-heal|p1a: Ting-Lu|90/100|[from] item: Leftovers
|upkeep
|turn|9
|
|t:|1760837771
|move|p2a: Great Tusk|Ice Spinner|p1a: Ting-Lu
|-supereffective|p1a: Ting-Lu
|-damage|p1a: Ting-Lu|62/100
|move|p1a: Ting-Lu|Earthquake|p2a: Great Tusk
|-damage|p2a: Great Tusk|0 fnt
|faint|p2a: Great Tusk
|-end|p2a: Great Tusk|Protosynthesis|[silent]
|
|-heal|p1a: Ting-Lu|69/100|[from] item: Leftovers
|upkeep
|
|t:|1760837783
|switch|p2a: Kyurem|Kyurem|100/100
|-ability|p2a: Kyurem|Pressure
|turn|10
|
|t:|1760837793
|move|p2a: Kyurem|Ice Beam|p1a: Ting-Lu
|-supereffective|p1a: Ting-Lu
|-damage|p1a: Ting-Lu|28/100
|move|p1a: Ting-Lu|Whirlwind|p2a: Kyurem
|drag|p2a: Slowking|Slowking-Galar, M|100/100
|
|-heal|p1a: Ting-Lu|34/100|[from] item: Leftovers
|upkeep
|turn|11
|
|t:|1760837803
|switch|p2a: Kyurem|Kyurem|100/100
|-ability|p2a: Kyurem|Pressure
|move|p1a: Ting-Lu|Earthquake|p2a: Kyurem
|-damage|p2a: Kyurem|63/100
|
|-heal|p1a: Ting-Lu|40/100|[from] item: Leftovers
|upkeep
|turn|12
|
|t:|1760837810
|-terastallize|p1a: Ting-Lu|Water
|move|p2a: Kyurem|Ice Beam|p1a: Ting-Lu
|-resisted|p1a: Ting-Lu
|-damage|p1a: Ting-Lu|30/100
|move|p1a: Ting-Lu|Ruination|p2a: Kyurem
|-damage|p2a: Kyurem|32/100
|
|-heal|p1a: Ting-Lu|36/100|[from] item: Leftovers
|upkeep
|turn|13
|
|t:|1760837820
|switch|p2a: Thundurus|Thundurus-Therian, M|41/100
|switch|p1a: Iron Treads|Iron Treads|100/100
|-damage|p1a: Iron Treads|97/100|[from] Stealth Rock
|
|-heal|p1a: Iron Treads|100/100|[from] item: Leftovers
|upkeep
|turn|14
|
|t:|1760837829
|move|p1a: Iron Treads|Rapid Spin|p2a: Thundurus
|-damage|p2a: Thundurus|15/100
|-boost|p1a: Iron Treads|spe|1
|-sideend|p1: cissybtm4fun|Stealth Rock|[from] move: Rapid Spin|[of] p1a: Iron Treads
|move|p2a: Thundurus|Focus Blast|p1a: Iron Treads|[miss]
|-miss|p2a: Thundurus|p1a: Iron Treads
|
|upkeep
|turn|15
|
|t:|1760837840
|switch|p2a: Moltres|Moltres|100/100
|move|p1a: Iron Treads|Stealth Rock|p2a: Moltres
|-sidestart|p2: S-993311|move: Stealth Rock
|
|upkeep
|turn|16
|
|t:|1760837845
|move|p1a: Iron Treads|Knock Off|p2a: Moltres
|-crit|p2a: Moltres
|-damage|p2a: Moltres|69/100
|-status|p1a: Iron Treads|brn|[from] ability: Flame Body|[of] p2a: Moltres
|-enditem|p2a: Moltres|Heavy-Duty Boots|[from] move: Knock Off|[of] p1a: Iron Treads
|move|p2a: Moltres|Flamethrower|p1a: Iron Treads
|-supereffective|p1a: Iron Treads
|-damage|p1a: Iron Treads|1/100 brn
|
|-heal|p1a: Iron Treads|7/100 brn|[from] item: Leftovers
|-damage|p1a: Iron Treads|1/100 brn|[from] brn
|upkeep
|turn|17
|c|☆S-993311|0/4 on focus blasts since reaching 1400
|c|☆S-993311|funny how that works
|
|t:|1760837874
|move|p1a: Iron Treads|Knock Off|p2a: Moltres
|-damage|p2a: Moltres|62/100
|move|p2a: Moltres|Roost|p2a: Moltres
|-heal|p2a: Moltres|100/100
|-singleturn|p2a: Moltres|move: Roost
|
|-heal|p1a: Iron Treads|7/100 brn|[from] item: Leftovers
|-damage|p1a: Iron Treads|1/100 brn|[from] brn
|upkeep
|turn|18
|inactive|cissybtm4fun has 120 seconds left.
|inactive|cissybtm4fun has 90 seconds left.
|inactive|cissybtm4fun has 60 seconds left.
|inactive|cissybtm4fun has 30 seconds left.
|inactive|cissybtm4fun has 20 seconds left.
|inactive|cissybtm4fun has 15 seconds left.
|inactive|cissybtm4fun has 10 seconds left.
|inactive|cissybtm4fun has 5 seconds left.
|-message|cissybtm4fun lost due to inactivity.
|
|win|S-993311
|raw|cissybtm4fun's rating: 1437 &rarr; <strong>1418</strong><br />(-19 for losing)
|raw|S-993311's rating: 1453 &rarr; <strong>1472</strong><br />(+19 for winning)
|c|☆S-993311|ez
