|j|☆Mrmonkey101
|j|☆MACHE_T77
|t:|1760725043
|gametype|singles
|player|p1|Mrmonkey101|266|1424
|player|p2|MACHE_T77|blackbelt-gen4dp|1478
|gen|9
|tier|[Gen 9] OU
|rated|
|rule|HP Percentage Mod: HP is shown in percentages
|rule|Endless Battle Clause: Forcing endless battles is banned
|rule|Species Clause: Limit one of each Pokémon
|rule|OHKO Clause: OHKO moves are banned
|rule|Evasion Items Clause: Evasion items are banned
|rule|Evasion Moves Clause: Evasion moves are banned
|rule|Evasion Abilities Clause: Evasion abilities are banned
|rule|Sleep Moves Clause: Sleep-inducing moves are banned
|clearpoke
|poke|p1|Slowking-Galar, M|
|poke|p1|Great Tusk|
|poke|p1|Alomomola, M|
|poke|p1|Gholdengo|
|poke|p1|Whimsicott, M|
|poke|p1|Kyurem|
|poke|p2|Hatterene, F|
|poke|p2|Cresselia, F|
|poke|p2|Slowking-Galar, F|
|poke|p2|Iron Hands|
|poke|p2|Ursaluna, M|
|poke|p2|Glastrier|
|teampreview
|inactive|Battle timer is ON: inactive players will automatically lose when time's up. (requested by MACHE_T77)
|
|t:|1760725053
|teamsize|p1|6
|teamsize|p2|6
|start
|switch|p1a: Kyurem|Kyurem|100/100
|switch|p2a: Hatterene|Hatterene, F|100/100
|-ability|p1a: Kyurem|Pressure
|turn|1
|
|t:|1760725060
|move|p1a: Kyurem|Icicle Spear|p2a: Hatterene
|-damage|p2a: Hatterene|84/100
|-damage|p2a: Hatterene|67/100
|-damage|p2a: Hatterene|50/100
|-damage|p2a: Hatterene|33/100
|-hitcount|p2a: Hatterene|4
|move|p2a: Hatterene|Trick Room|p2a: Hatterene
|-fieldstart|move: Trick Room|[of] p2a: Hatterene
|
|upkeep
|turn|2
|
|t:|1760725074
|switch|p2a: Iron Hands|Iron Hands|100/100
|switch|p1a: Slowking|Slowking-Galar, M|100/100
|
|upkeep
|turn|3
|
|t:|1760725085
|switch|p1a: Whimsicott|Whimsicott, M|100/100
|move|p2a: Iron Hands|Earthquake|p1a: Whimsicott
|-resisted|p1a: Whimsicott
|-damage|p1a: Whimsicott|84/100
|
|-heal|p1a: Whimsicott|91/100|[from] item: Leftovers
|upkeep
|turn|4
|
|t:|1760725095
|-end|p2a: Iron Hands|Quark Drive|[silent]
|switch|p2a: Slowking|Slowking-Galar, F|100/100
|-item|p2a: Slowking|Air Balloon
|move|p1a: Whimsicott|Encore||[still]
|-fail|p1a: Whimsicott
|
|-heal|p1a: Whimsicott|97/100|[from] item: Leftovers
|upkeep
|turn|5
|
|t:|1760725104
|switch|p1a: Slowking|Slowking-Galar, M|100/100
|-prepare|p2a: Slowking|Chilly Reception|[premajor]
|move|p2a: Slowking|Chilly Reception|p2a: Slowking
|-weather|Snowscape
|
|t:|1760725110
|switch|p2a: Glastrier|Glastrier|100/100|[from] Chilly Reception
|
|-weather|Snowscape|[upkeep]
|-fieldend|move: Trick Room
|upkeep
|turn|6
|inactive|Mrmonkey101 has 120 seconds left.
|
|t:|1760725146
|switch|p1a: Alomomola|Alomomola, M|100/100
|move|p2a: Glastrier|Crunch|p1a: Alomomola
|-damage|p1a: Alomomola|83/100
|-unboost|p1a: Alomomola|def|1
|
|-weather|Snowscape|[upkeep]
|upkeep
|turn|7
|
|t:|1760725153
|switch|p2a: Ursaluna|Ursaluna, M|100/100
|move|p1a: Alomomola|Flip Turn|p2a: Ursaluna
|-supereffective|p2a: Ursaluna
|-damage|p2a: Ursaluna|75/100
|
|t:|1760725157
|switch|p1a: Kyurem|Kyurem|100/100|[from] Flip Turn
|-ability|p1a: Kyurem|Pressure
|
|-weather|Snowscape|[upkeep]
|-status|p2a: Ursaluna|brn|[from] item: Flame Orb
|upkeep
|turn|8
|
|t:|1760725164
|switch|p2a: Iron Hands|Iron Hands|100/100
|move|p1a: Kyurem|Icicle Spear|p2a: Iron Hands
|-damage|p2a: Iron Hands|92/100
|-damage|p2a: Iron Hands|82/100
|-damage|p2a: Iron Hands|74/100
|-damage|p2a: Iron Hands|65/100
|-hitcount|p2a: Iron Hands|4
|
|-weather|Snowscape|[upkeep]
|-heal|p2a: Iron Hands|72/100|[from] item: Leftovers
|upkeep
|turn|9
|
|t:|1760725175
|switch|p1a: Whimsicott|Whimsicott, M|97/100
|move|p2a: Iron Hands|Play Rough|p1a: Whimsicott
|-damage|p1a: Whimsicott|67/100
|
|-weather|none
|-heal|p1a: Whimsicott|73/100|[from] item: Leftovers
|-heal|p2a: Iron Hands|78/100|[from] item: Leftovers
|upkeep
|turn|10
|
|t:|1760725183
|-end|p2a: Iron Hands|Quark Drive|[silent]
|switch|p2a: Glastrier|Glastrier|100/100
|move|p1a: Whimsicott|Moonblast|p2a: Glastrier
|-damage|p2a: Glastrier|80/100
|
|-heal|p1a: Whimsicott|79/100|[from] item: Leftovers
|upkeep
|turn|11
|
|t:|1760725190
|move|p1a: Whimsicott|U-turn|p2a: Glastrier
|-damage|p2a: Glastrier|73/100
|
|t:|1760725194
|switch|p1a: Alomomola|Alomomola, M|100/100|[from] U-turn
|move|p2a: Glastrier|Icicle Crash|p1a: Alomomola
|-resisted|p1a: Alomomola
|-damage|p1a: Alomomola|85/100
|
|upkeep
|turn|12
|
|t:|1760725202
|switch|p2a: Iron Hands|Iron Hands|78/100
|move|p1a: Alomomola|Flip Turn|p2a: Iron Hands
|-damage|p2a: Iron Hands|67/100
|-message|MACHE_T77 forfeited.
|
|win|Mrmonkey101
|raw|Mrmonkey101's rating: 1424 &rarr; <strong>1447</strong><br />(+23 for winning)
|raw|MACHE_T77's rating: 1478 &rarr; <strong>1455</strong><br />(-23 for losing)
|l|☆MACHE_T77
|player|p2|
|l|☆Mrmonkey101
|player|p1|
