|j|☆pikkledtmato
|j|☆texett
|t:|1760875193
|gametype|singles
|player|p1|pikkledtmato|265|1536
|player|p2|texett|lady|1600
|gen|9
|tier|[Gen 9] OU
|rated|
|rule|HP Percentage Mod: HP is shown in percentages
|rule|Endless Battle Clause: Forcing endless battles is banned
|rule|Species Clause: Limit one of each Pokémon
|rule|OHKO Clause: OHKO moves are banned
|rule|Evasion Items Clause: Evasion items are banned
|rule|Evasion Moves Clause: Evasion moves are banned
|rule|Evasion Abilities Clause: Evasion abilities are banned
|rule|Sleep Moves Clause: Sleep-inducing moves are banned
|clearpoke
|poke|p1|Snorlax, F|
|poke|p1|Iron Crown|
|poke|p1|Gholdengo|
|poke|p1|Kyurem|
|poke|p1|Kingambit, M|
|poke|p1|Sandy Shocks|
|poke|p2|Great Tusk|
|poke|p2|Raikou|
|poke|p2|Alomomola, F|
|poke|p2|Hydrapple, M|
|poke|p2|Sandaconda, M|
|poke|p2|Dragonite, M|
|teampreview
|inactive|Battle timer is ON: inactive players will automatically lose when time's up. (requested by texett)
|
|t:|1760875217
|teamsize|p1|6
|teamsize|p2|6
|start
|switch|p1a: Sandy Shocks|Sandy Shocks|100/100
|switch|p2a: Sandaconda|Sandaconda, M, shiny|100/100
|turn|1
|
|t:|1760875223
|move|p1a: Sandy Shocks|Stealth Rock|p2a: Sandaconda
|-sidestart|p2: texett|move: Stealth Rock
|move|p2a: Sandaconda|Stealth Rock|p1a: Sandy Shocks
|-sidestart|p1: pikkledtmato|move: Stealth Rock
|
|upkeep
|turn|2
|
|t:|1760875226
|move|p1a: Sandy Shocks|Earth Power|p2a: Sandaconda
|-damage|p2a: Sandaconda|37/100
|move|p2a: Sandaconda|Sand Tomb|p1a: Sandy Shocks
|-supereffective|p1a: Sandy Shocks
|-damage|p1a: Sandy Shocks|68/100
|-activate|p1a: Sandy Shocks|move: Sand Tomb|[of] p2a: Sandaconda
|
|-heal|p2a: Sandaconda|43/100|[from] item: Leftovers
|-damage|p1a: Sandy Shocks|55/100|[from] move: Sand Tomb|[partiallytrapped]
|upkeep
|turn|3
|
|t:|1760875234
|switch|p2a: Hydrapple|Hydrapple, M, shiny|100/100
|move|p1a: Sandy Shocks|Earth Power|p2a: Hydrapple
|-resisted|p2a: Hydrapple
|-damage|p2a: Hydrapple|78/100
|
|-end|p1a: Sandy Shocks|Sand Tomb|[partiallytrapped]|[silent]
|upkeep
|turn|4
|
|t:|1760875246
|-end|p1a: Sandy Shocks|Protosynthesis|[silent]
|switch|p1a: Snorlax|Snorlax, F|100/100
|-damage|p1a: Snorlax|88/100|[from] Stealth Rock
|move|p2a: Hydrapple|Giga Drain|p1a: Snorlax
|-damage|p1a: Snorlax|75/100
|-heal|p2a: Hydrapple|86/100|[from] drain|[of] p1a: Snorlax
|
|upkeep
|turn|5
|
|t:|1760875255
|switch|p2a: Alomomola|Alomomola, F, shiny|100/100
|move|p1a: Snorlax|Ice Punch|p2a: Alomomola
|-resisted|p2a: Alomomola
|-damage|p2a: Alomomola|94/100
|
|upkeep
|turn|6
|
|t:|1760875261
|move|p2a: Alomomola|Flip Turn|p1a: Snorlax
|-damage|p1a: Snorlax|63/100
|
|t:|1760875265
|switch|p2a: Sandaconda|Sandaconda, M, shiny|43/100|[from] Flip Turn
|-damage|p2a: Sandaconda|37/100|[from] Stealth Rock
|move|p1a: Snorlax|Body Slam|p2a: Sandaconda
|-damage|p2a: Sandaconda|11/100
|
|-heal|p2a: Sandaconda|17/100|[from] item: Leftovers
|upkeep
|turn|7
|
|t:|1760875268
|move|p2a: Sandaconda|Rest|p2a: Sandaconda
|-status|p2a: Sandaconda|slp|[from] move: Rest
|-heal|p2a: Sandaconda|100/100 slp|[silent]
|move|p1a: Snorlax|Body Slam|p2a: Sandaconda
|-damage|p2a: Sandaconda|73/100 slp
|
|-heal|p2a: Sandaconda|79/100 slp|[from] item: Leftovers
|upkeep
|turn|8
|
|t:|1760875277
|cant|p2a: Sandaconda|slp
|move|p1a: Snorlax|Ice Punch|p2a: Sandaconda
|-supereffective|p2a: Sandaconda
|-damage|p2a: Sandaconda|47/100 slp
|
|-activate|p2a: Sandaconda|ability: Shed Skin
|-curestatus|p2a: Sandaconda|slp|[msg]
|-heal|p2a: Sandaconda|53/100|[from] item: Leftovers
|upkeep
|turn|9
|
|t:|1760875284
|move|p2a: Sandaconda|Sand Tomb|p1a: Snorlax
|-damage|p1a: Snorlax|50/100
|-activate|p1a: Snorlax|move: Sand Tomb|[of] p2a: Sandaconda
|move|p1a: Snorlax|Ice Punch|p2a: Sandaconda
|-supereffective|p2a: Sandaconda
|-damage|p2a: Sandaconda|22/100
|
|-heal|p2a: Sandaconda|28/100|[from] item: Leftovers
|-damage|p1a: Snorlax|38/100|[from] move: Sand Tomb|[partiallytrapped]
|upkeep
|turn|10
|
|t:|1760875290
|move|p2a: Sandaconda|Rest|p2a: Sandaconda
|-status|p2a: Sandaconda|slp|[from] move: Rest
|-heal|p2a: Sandaconda|100/100 slp|[silent]
|move|p1a: Snorlax|Ice Punch|p2a: Sandaconda
|-supereffective|p2a: Sandaconda
|-damage|p2a: Sandaconda|70/100 slp
|
|-heal|p2a: Sandaconda|76/100 slp|[from] item: Leftovers
|-damage|p1a: Snorlax|26/100|[from] move: Sand Tomb|[partiallytrapped]
|upkeep
|turn|11
|
|t:|1760875298
|cant|p2a: Sandaconda|slp
|move|p1a: Snorlax|Ice Punch|p2a: Sandaconda
|-supereffective|p2a: Sandaconda
|-damage|p2a: Sandaconda|47/100 slp
|
|-activate|p2a: Sandaconda|ability: Shed Skin
|-curestatus|p2a: Sandaconda|slp|[msg]
|-heal|p2a: Sandaconda|53/100|[from] item: Leftovers
|-damage|p1a: Snorlax|13/100|[from] move: Sand Tomb|[partiallytrapped]
|upkeep
|turn|12
|
|t:|1760875303
|move|p2a: Sandaconda|Sand Tomb|p1a: Snorlax|[miss]
|-miss|p2a: Sandaconda|p1a: Snorlax
|move|p1a: Snorlax|Ice Punch|p2a: Sandaconda
|-supereffective|p2a: Sandaconda
|-damage|p2a: Sandaconda|22/100
|
|-heal|p2a: Sandaconda|28/100|[from] item: Leftovers
|-damage|p1a: Snorlax|1/100|[from] move: Sand Tomb|[partiallytrapped]
|upkeep
|turn|13
|
|t:|1760875309
|move|p2a: Sandaconda|Rest|p2a: Sandaconda
|-status|p2a: Sandaconda|slp|[from] move: Rest
|-heal|p2a: Sandaconda|100/100 slp|[silent]
|move|p1a: Snorlax|Ice Punch|p2a: Sandaconda
|-supereffective|p2a: Sandaconda
|-damage|p2a: Sandaconda|67/100 slp
|
|-heal|p2a: Sandaconda|73/100 slp|[from] item: Leftovers
|-end|p1a: Snorlax|Sand Tomb|[partiallytrapped]
|upkeep
|turn|14
|
|t:|1760875317
|cant|p2a: Sandaconda|slp
|move|p1a: Snorlax|Ice Punch|p2a: Sandaconda
|-supereffective|p2a: Sandaconda
|-damage|p2a: Sandaconda|41/100 slp
|
|-heal|p2a: Sandaconda|47/100 slp|[from] item: Leftovers
|upkeep
|turn|15
|
|t:|1760875320
|cant|p2a: Sandaconda|slp
|move|p1a: Snorlax|Ice Punch|p2a: Sandaconda
|-supereffective|p2a: Sandaconda
|-damage|p2a: Sandaconda|16/100 slp
|
|-heal|p2a: Sandaconda|22/100 slp|[from] item: Leftovers
|upkeep
|turn|16
|
|t:|1760875324
|-curestatus|p2a: Sandaconda|slp|[msg]
|move|p2a: Sandaconda|Rest|p2a: Sandaconda
|-status|p2a: Sandaconda|slp|[from] move: Rest
|-heal|p2a: Sandaconda|100/100 slp|[silent]
|move|p1a: Snorlax|Ice Punch|p2a: Sandaconda
|-supereffective|p2a: Sandaconda
|-damage|p2a: Sandaconda|70/100 slp
|
|-heal|p2a: Sandaconda|76/100 slp|[from] item: Leftovers
|upkeep
|turn|17
|
|t:|1760875329
|cant|p2a: Sandaconda|slp
|move|p1a: Snorlax|Ice Punch|p2a: Sandaconda
|-supereffective|p2a: Sandaconda
|-damage|p2a: Sandaconda|43/100 slp
|
|-heal|p2a: Sandaconda|49/100 slp|[from] item: Leftovers
|upkeep
|turn|18
|
|t:|1760875332
|cant|p2a: Sandaconda|slp
|move|p1a: Snorlax|Ice Punch|p2a: Sandaconda
|-supereffective|p2a: Sandaconda
|-damage|p2a: Sandaconda|19/100 slp
|
|-heal|p2a: Sandaconda|25/100 slp|[from] item: Leftovers
|upkeep
|turn|19
|
|t:|1760875336
|switch|p1a: Kyurem|Kyurem|100/100
|-damage|p1a: Kyurem|76/100|[from] Stealth Rock
|-ability|p1a: Kyurem|Pressure
|-curestatus|p2a: Sandaconda|slp|[msg]
|move|p2a: Sandaconda|Rest|p2a: Sandaconda
|-status|p2a: Sandaconda|slp|[from] move: Rest
|-heal|p2a: Sandaconda|100/100 slp|[silent]
|
|upkeep
|turn|20
|c|☆pikkledtmato|ok lets get serious
|
|t:|1760875347
|move|p1a: Kyurem|Dragon Dance|p1a: Kyurem
|-boost|p1a: Kyurem|atk|1
|-boost|p1a: Kyurem|spe|1
|cant|p2a: Sandaconda|slp
|
|-activate|p2a: Sandaconda|ability: Shed Skin
|-curestatus|p2a: Sandaconda|slp|[msg]
|upkeep
|turn|21
|
|t:|1760875353
|-terastallize|p1a: Kyurem|Electric
|-terastallize|p2a: Sandaconda|Steel
|move|p1a: Kyurem|Tera Blast|p2a: Sandaconda|[anim] Tera Blast Electric
|-damage|p2a: Sandaconda|58/100
|move|p2a: Sandaconda|Glare|p1a: Kyurem
|-immune|p1a: Kyurem
|
|-heal|p2a: Sandaconda|64/100|[from] item: Leftovers
|upkeep
|turn|22
|
|t:|1760875362
|move|p1a: Kyurem|Dragon Dance|p1a: Kyurem
|-boost|p1a: Kyurem|atk|1
|-boost|p1a: Kyurem|spe|1
|move|p2a: Sandaconda|Sand Tomb|p1a: Kyurem
|-supereffective|p1a: Kyurem
|-damage|p1a: Kyurem|51/100
|-activate|p1a: Kyurem|move: Sand Tomb|[of] p2a: Sandaconda
|
|-heal|p2a: Sandaconda|70/100|[from] item: Leftovers
|-damage|p1a: Kyurem|39/100|[from] move: Sand Tomb|[partiallytrapped]
|upkeep
|turn|23
|
|t:|1760875366
|move|p1a: Kyurem|Tera Blast|p2a: Sandaconda|[anim] Tera Blast Electric
|-damage|p2a: Sandaconda|17/100
|move|p2a: Sandaconda|Rest|p2a: Sandaconda
|-status|p2a: Sandaconda|slp|[from] move: Rest
|-heal|p2a: Sandaconda|100/100 slp|[silent]
|
|-damage|p1a: Kyurem|27/100|[from] move: Sand Tomb|[partiallytrapped]
|upkeep
|turn|24
|
|t:|1760875377
|move|p1a: Kyurem|Tera Blast|p2a: Sandaconda|[anim] Tera Blast Electric
|-damage|p2a: Sandaconda|49/100 slp
|cant|p2a: Sandaconda|slp
|
|-heal|p2a: Sandaconda|55/100 slp|[from] item: Leftovers
|-damage|p1a: Kyurem|14/100|[from] move: Sand Tomb|[partiallytrapped]
|upkeep
|turn|25
|
|t:|1760875384
|move|p1a: Kyurem|Tera Blast|p2a: Sandaconda|[anim] Tera Blast Electric
|-damage|p2a: Sandaconda|0 fnt
|faint|p2a: Sandaconda
|
|-end|p1a: Kyurem|Sand Tomb|[partiallytrapped]|[silent]
|upkeep
|
|t:|1760875392
|switch|p2a: Dragonite|Dragonite, M, shiny|100/100
|-damage|p2a: Dragonite|76/100|[from] Stealth Rock
|turn|26
|
|t:|1760875394
|move|p2a: Dragonite|Extreme Speed|p1a: Kyurem
|-damage|p1a: Kyurem|0 fnt
|faint|p1a: Kyurem
|
|upkeep
|
|t:|1760875401
|switch|p1a: Iron Crown|Iron Crown|100/100
|-damage|p1a: Iron Crown|94/100|[from] Stealth Rock
|-enditem|p1a: Iron Crown|Booster Energy
|-activate|p1a: Iron Crown|ability: Quark Drive|[fromitem]
|-start|p1a: Iron Crown|quarkdrivespa
|turn|27
|
|t:|1760875413
|switch|p2a: Raikou|Raikou, shiny|100/100
|-damage|p2a: Raikou|88/100|[from] Stealth Rock
|-ability|p2a: Raikou|Pressure
|move|p1a: Iron Crown|Psychic Noise|p2a: Raikou
|-damage|p2a: Raikou|34/100
|-start|p2a: Raikou|move: Heal Block
|
|upkeep
|turn|28
|
|t:|1760875418
|move|p2a: Raikou|Volt Switch|p1a: Iron Crown
|-damage|p1a: Iron Crown|45/100
|
|t:|1760875422
|switch|p2a: Alomomola|Alomomola, F, shiny|100/100|[from] Volt Switch
|move|p1a: Iron Crown|Psychic Noise|p2a: Alomomola
|-damage|p2a: Alomomola|46/100
|-start|p2a: Alomomola|move: Heal Block
|
|upkeep
|turn|29
|
|t:|1760875426
|move|p2a: Alomomola|Protect|p2a: Alomomola
|-singleturn|p2a: Alomomola|Protect
|move|p1a: Iron Crown|Psychic Noise|p2a: Alomomola
|-activate|p2a: Alomomola|move: Protect
|
|-end|p2a: Alomomola|move: Heal Block
|upkeep
|turn|30
|
|t:|1760875437
|move|p1a: Iron Crown|Psychic Noise|p2a: Alomomola
|-damage|p2a: Alomomola|0 fnt
|faint|p2a: Alomomola
|
|upkeep
|
|t:|1760875439
|switch|p2a: Raikou|Raikou, shiny|34/100
|-damage|p2a: Raikou|21/100|[from] Stealth Rock
|-ability|p2a: Raikou|Pressure
|turn|31
|
|t:|1760875456
|-end|p1a: Iron Crown|Quark Drive|[silent]
|switch|p1a: Snorlax|Snorlax, F|1/100
|-damage|p1a: Snorlax|0 fnt|[from] Stealth Rock
|faint|p1a: Snorlax
|move|p2a: Raikou|Thunderbolt|p1: Snorlax|[notarget]
|-fail|p2a: Raikou
|
|upkeep
|inactive|pikkledtmato has 120 seconds left.
|
|t:|1760875478
|switch|p1a: Sandy Shocks|Sandy Shocks|55/100
|-damage|p1a: Sandy Shocks|49/100|[from] Stealth Rock
|turn|32
|
|t:|1760875483
|switch|p2a: Great Tusk|Great Tusk, shiny|100/100
|-damage|p2a: Great Tusk|98/100|[from] Stealth Rock
|move|p1a: Sandy Shocks|Thunderbolt|p2a: Great Tusk
|-immune|p2a: Great Tusk
|
|upkeep
|turn|33
|
|t:|1760875488
|move|p1a: Sandy Shocks|Earth Power|p2a: Great Tusk
|-damage|p2a: Great Tusk|71/100
|move|p2a: Great Tusk|Knock Off|p1a: Sandy Shocks
|-damage|p1a: Sandy Shocks|18/100
|-enditem|p1a: Sandy Shocks|Focus Sash|[from] move: Knock Off|[of] p2a: Great Tusk
|
|upkeep
|turn|34
|
|t:|1760875491
|move|p1a: Sandy Shocks|Earth Power|p2a: Great Tusk
|-damage|p2a: Great Tusk|46/100
|move|p2a: Great Tusk|Rapid Spin|p1a: Sandy Shocks
|-damage|p1a: Sandy Shocks|1/100
|-boost|p2a: Great Tusk|spe|1
|-sideend|p2: texett|Stealth Rock|[from] move: Rapid Spin|[of] p2a: Great Tusk
|
|upkeep
|turn|35
|
|t:|1760875496
|move|p1a: Sandy Shocks|Earth Power|p2a: Great Tusk
|-damage|p2a: Great Tusk|20/100
|move|p2a: Great Tusk|Rapid Spin|p1a: Sandy Shocks
|-damage|p1a: Sandy Shocks|0 fnt
|-boost|p2a: Great Tusk|spe|1
|faint|p1a: Sandy Shocks
|-end|p1a: Sandy Shocks|Protosynthesis|[silent]
|
|upkeep
|
|t:|1760875501
|switch|p1a: Gholdengo|Gholdengo|100/100
|-damage|p1a: Gholdengo|94/100|[from] Stealth Rock
|-item|p1a: Gholdengo|Air Balloon
|turn|36
|
|t:|1760875504
|move|p2a: Great Tusk|Knock Off|p1a: Gholdengo
|-supereffective|p1a: Gholdengo
|-damage|p1a: Gholdengo|37/100
|-enditem|p1a: Gholdengo|Air Balloon
|move|p1a: Gholdengo|Shadow Ball|p2a: Great Tusk
|-damage|p2a: Great Tusk|0 fnt
|faint|p2a: Great Tusk
|-end|p2a: Great Tusk|Protosynthesis|[silent]
|
|upkeep
|
|t:|1760875512
|switch|p2a: Raikou|Raikou, shiny|21/100
|-ability|p2a: Raikou|Pressure
|turn|37
|
|t:|1760875518
|switch|p1a: Iron Crown|Iron Crown|45/100
|-damage|p1a: Iron Crown|39/100|[from] Stealth Rock
|move|p2a: Raikou|Thunderbolt|p1a: Iron Crown
|-damage|p1a: Iron Crown|0 fnt
|faint|p1a: Iron Crown
|-end|p1a: Iron Crown|Quark Drive|[silent]
|
|upkeep
|
|t:|1760875520
|switch|p1a: Kingambit|Kingambit, M|100/100
|-damage|p1a: Kingambit|94/100|[from] Stealth Rock
|-activate|p1a: Kingambit|ability: Supreme Overlord
|-start|p1a: Kingambit|fallen4|[silent]
|turn|38
|
|t:|1760875525
|switch|p2a: Hydrapple|Hydrapple, M, shiny|100/100
|move|p1a: Kingambit|Sucker Punch||[still]
|-fail|p1a: Kingambit
|
|upkeep
|turn|39
|
|t:|1760875529
|move|p1a: Kingambit|Kowtow Cleave|p2a: Hydrapple
|-damage|p2a: Hydrapple|57/100
|move|p2a: Hydrapple|Earth Power|p1a: Kingambit
|-supereffective|p1a: Kingambit
|-damage|p1a: Kingambit|43/100
|
|upkeep
|turn|40
|
|t:|1760875538
|move|p1a: Kingambit|Iron Head|p2a: Hydrapple
|-damage|p2a: Hydrapple|17/100
|move|p2a: Hydrapple|Earth Power|p1a: Kingambit
|-supereffective|p1a: Kingambit
|-damage|p1a: Kingambit|0 fnt
|faint|p1a: Kingambit
|-end|p1a: Kingambit|fallen4|[silent]
|
|upkeep
|
|t:|1760875549
|switch|p1a: Gholdengo|Gholdengo|37/100
|-damage|p1a: Gholdengo|31/100|[from] Stealth Rock
|turn|41
|
|t:|1760875551
|move|p1a: Gholdengo|Recover|p1a: Gholdengo
|-heal|p1a: Gholdengo|81/100
|move|p2a: Hydrapple|Earth Power|p1a: Gholdengo
|-supereffective|p1a: Gholdengo
|-damage|p1a: Gholdengo|31/100
|
|upkeep
|turn|42
|
|t:|1760875554
|move|p1a: Gholdengo|Shadow Ball|p2a: Hydrapple
|-damage|p2a: Hydrapple|0 fnt
|faint|p2a: Hydrapple
|
|upkeep
|
|t:|1760875557
|switch|p2a: Dragonite|Dragonite, M, shiny|76/100
|turn|43
|
|t:|1760875559
|move|p2a: Dragonite|Earthquake|p1a: Gholdengo
|-supereffective|p1a: Gholdengo
|-damage|p1a: Gholdengo|0 fnt
|faint|p1a: Gholdengo
|
|win|texett
|raw|pikkledtmato's rating: 1536 &rarr; <strong>1520</strong><br />(-16 for losing)
|raw|texett's rating: 1600 &rarr; <strong>1616</strong><br />(+16 for winning)
|l|☆pikkledtmato
|player|p1|
|l|☆texett
|player|p2|
