|j|☆Shadeless8
|j|☆guydedd
|t:|1760846822
|gametype|singles
|player|p1|Shadeless8|169|1095
|player|p2|guydedd|battlegirl|1149
|gen|9
|tier|[Gen 9] OU
|rated|
|rule|HP Percentage Mod: HP is shown in percentages
|rule|Endless Battle Clause: Forcing endless battles is banned
|rule|Species Clause: Limit one of each Pokémon
|rule|OHKO Clause: OHKO moves are banned
|rule|Evasion Items Clause: Evasion items are banned
|rule|Evasion Moves Clause: Evasion moves are banned
|rule|Evasion Abilities Clause: Evasion abilities are banned
|rule|Sleep Moves Clause: Sleep-inducing moves are banned
|clearpoke
|poke|p1|Venusaur, F|
|poke|p1|Charizard, F|
|poke|p1|Blastoise, M|
|poke|p1|Clefable, F|
|poke|p1|Dragonite, F|
|poke|p1|Hitmonchan, M|
|poke|p2|Galvantula, F|
|poke|p2|Grimmsnarl, M|
|poke|p2|Weavile, F|
|poke|p2|Latias, F|
|poke|p2|Suicune|
|poke|p2|Glimmora, M|
|teampreview
|
|t:|1760846844
|teamsize|p1|6
|teamsize|p2|6
|start
|switch|p1a: Hitmonchan|Hitmonchan, M|100/100
|switch|p2a: Grimmsnarl|Grimmsnarl, M|100/100
|turn|1
|
|t:|1760846855
|switch|p1a: Clefable|Clefable, F|100/100
|move|p2a: Grimmsnarl|Reflect|p2a: Grimmsnarl
|-sidestart|p2: guydedd|Reflect
|
|upkeep
|turn|2
|
|t:|1760846862
|move|p2a: Grimmsnarl|Thunder Wave|p1a: Clefable
|-status|p1a: Clefable|par
|move|p1a: Clefable|Draining Kiss|p2a: Grimmsnarl
|-supereffective|p2a: Grimmsnarl
|-damage|p2a: Grimmsnarl|54/100
|
|upkeep
|turn|3
|
|t:|1760846872
|move|p2a: Grimmsnarl|Light Screen|p2a: Grimmsnarl
|-sidestart|p2: guydedd|move: Light Screen
|move|p1a: Clefable|Draining Kiss|p2a: Grimmsnarl
|-supereffective|p2a: Grimmsnarl
|-damage|p2a: Grimmsnarl|33/100
|
|upkeep
|turn|4
|
|t:|1760846880
|move|p2a: Grimmsnarl|Parting Shot|p1a: Clefable
|-unboost|p1a: Clefable|atk|1
|-unboost|p1a: Clefable|spa|1
|
|t:|1760846885
|switch|p2a: Galvantula|Galvantula, F, shiny|100/100|[from] Parting Shot
|move|p1a: Clefable|Draining Kiss|p2a: Galvantula
|-damage|p2a: Galvantula|83/100
|
|upkeep
|turn|5
|
|t:|1760846892
|switch|p1a: Hitmonchan|Hitmonchan, M|100/100
|move|p2a: Galvantula|Sticky Web|p1a: Hitmonchan
|-sidestart|p1: Shadeless8|move: Sticky Web
|
|upkeep
|turn|6
|
|t:|1760846898
|move|p2a: Galvantula|Volt Switch|p1a: Hitmonchan
|-damage|p1a: Hitmonchan|71/100
|
|t:|1760846905
|switch|p2a: Glimmora|Glimmora, M, shiny|100/100|[from] Volt Switch
|move|p1a: Hitmonchan|Rapid Spin|p2a: Glimmora
|-resisted|p2a: Glimmora
|-damage|p2a: Glimmora|96/100
|-boost|p1a: Hitmonchan|spe|1
|-activate|p2a: Glimmora|ability: Toxic Debris
|-sidestart|p1: Shadeless8|move: Toxic Spikes
|-sideend|p1: Shadeless8|Toxic Spikes|[from] move: Rapid Spin|[of] p1a: Hitmonchan
|-sideend|p1: Shadeless8|Sticky Web|[from] move: Rapid Spin|[of] p1a: Hitmonchan
|
|upkeep
|turn|7
|
|t:|1760846919
|move|p2a: Glimmora|Earth Power|p1a: Hitmonchan
|-damage|p1a: Hitmonchan|40/100
|move|p1a: Hitmonchan|Bulk Up|p1a: Hitmonchan
|-boost|p1a: Hitmonchan|atk|1
|-boost|p1a: Hitmonchan|def|1
|
|upkeep
|turn|8
|
|t:|1760846927
|move|p2a: Glimmora|Meteor Beam||[still]
|-prepare|p2a: Glimmora|Meteor Beam
|-boost|p2a: Glimmora|spa|1
|-enditem|p2a: Glimmora|Power Herb
|-anim|p2a: Glimmora|Meteor Beam|p1a: Hitmonchan
|-resisted|p1a: Hitmonchan
|-damage|p1a: Hitmonchan|0 fnt
|faint|p1a: Hitmonchan
|
|-sideend|p2: guydedd|Reflect
|upkeep
|
|t:|1760846939
|switch|p1a: Blastoise|Blastoise, M|100/100
|turn|9
|
|t:|1760846959
|move|p2a: Glimmora|Stealth Rock|p1a: Blastoise
|-sidestart|p1: Shadeless8|move: Stealth Rock
|move|p1a: Blastoise|Shell Smash|p1a: Blastoise
|-unboost|p1a: Blastoise|def|1
|-unboost|p1a: Blastoise|spd|1
|-boost|p1a: Blastoise|atk|2
|-boost|p1a: Blastoise|spa|2
|-boost|p1a: Blastoise|spe|2
|-enditem|p1a: Blastoise|White Herb
|-clearnegativeboost|p1a: Blastoise|[silent]
|
|upkeep
|turn|10
|
|t:|1760846971
|move|p1a: Blastoise|Surf|p2a: Glimmora
|-supereffective|p2a: Glimmora
|-damage|p2a: Glimmora|0 fnt
|faint|p2a: Glimmora
|
|-sideend|p2: guydedd|move: Light Screen
|upkeep
|
|t:|1760846983
|switch|p2a: Grimmsnarl|Grimmsnarl, M|33/100
|turn|11
|
|t:|1760846987
|move|p2a: Grimmsnarl|Thunder Wave|p1a: Blastoise|[miss]
|-miss|p2a: Grimmsnarl|p1a: Blastoise
|move|p1a: Blastoise|Surf|p2a: Grimmsnarl
|-damage|p2a: Grimmsnarl|0 fnt
|faint|p2a: Grimmsnarl
|
|upkeep
|
|t:|1760847015
|switch|p2a: Galvantula|Galvantula, F, shiny|83/100
|turn|12
|
|t:|1760847019
|move|p1a: Blastoise|Surf|p2a: Galvantula
|-damage|p2a: Galvantula|0 fnt
|faint|p2a: Galvantula
|
|upkeep
|-message|guydedd forfeited.
|
|win|Shadeless8
|raw|Shadeless8's rating: 1095 &rarr; <strong>1125</strong><br />(+30 for winning)
|raw|guydedd's rating: 1149 &rarr; <strong>1120</strong><br />(-29 for losing)
|l|☆guydedd
|player|p2|
|c|☆Shadeless8|GG
|l|☆Shadeless8
|player|p1|
