|j|☆rigolomiya
|j|☆eatsleepjdm
|t:|1760849010
|gametype|singles
|player|p1|rigolomiya|265|1403
|player|p2|eatsleepjdm|1|1408
|gen|9
|tier|[Gen 9] OU
|rated|
|rule|HP Percentage Mod: HP is shown in percentages
|rule|Endless Battle Clause: Forcing endless battles is banned
|rule|Species Clause: Limit one of each Pokémon
|rule|OHKO Clause: OHKO moves are banned
|rule|Evasion Items Clause: Evasion items are banned
|rule|Evasion Moves Clause: Evasion moves are banned
|rule|Evasion Abilities Clause: Evasion abilities are banned
|rule|Sleep Moves Clause: Sleep-inducing moves are banned
|clearpoke
|poke|p1|Samurott-Hisui, F|
|poke|p1|Gholdengo|
|poke|p1|Glimmora, M|
|poke|p1|Iron Moth|
|poke|p1|Dragonite, F|
|poke|p1|Kingambit, M|
|poke|p2|Sableye, M|
|poke|p2|Slowking-Galar, F|
|poke|p2|Great Tusk|
|poke|p2|Ogerpon-Wellspring, F|
|poke|p2|Scizor, F|
|poke|p2|Magnezone|
|teampreview
|
|t:|1760849024
|teamsize|p1|6
|teamsize|p2|6
|start
|switch|p1a: Glimmora|Glimmora, M|100/100
|switch|p2a: Ogerpon|Ogerpon-Wellspring, F|100/100
|turn|1
|
|t:|1760849037
|move|p2a: Ogerpon|U-turn|p1a: Glimmora
|-resisted|p1a: Glimmora
|-damage|p1a: Glimmora|83/100
|-activate|p1a: Glimmora|ability: Toxic Debris
|-sidestart|p2: eatsleepjdm|move: Toxic Spikes
|
|t:|1760849038
|switch|p2a: Slowking|Slowking-Galar, F|100/100|[from] U-turn
|-sideend|p2: eatsleepjdm|move: Toxic Spikes|[of] p2a: Slowking
|move|p1a: Glimmora|Mortal Spin|p2a: Slowking
|-resisted|p2a: Slowking
|-damage|p2a: Slowking|98/100
|
|-heal|p2a: Slowking|100/100|[from] item: Black Sludge
|upkeep
|turn|2
|
|t:|1760849048
|switch|p1a: Samurott|Samurott-Hisui, F|100/100
|move|p2a: Slowking|Future Sight|p1a: Samurott
|-start|p2a: Slowking|move: Future Sight
|
|upkeep
|turn|3
|
|t:|1760849056
|switch|p2a: Magnezone|Magnezone|100/100
|move|p1a: Samurott|Razor Shell|p2a: Magnezone
|-damage|p2a: Magnezone|56/100
|-unboost|p2a: Magnezone|def|1
|-damage|p1a: Samurott|84/100|[from] item: Rocky Helmet|[of] p2a: Magnezone
|
|upkeep
|turn|4
|
|t:|1760849065
|switch|p2a: Sableye|Sableye, M|100/100
|move|p1a: Samurott|Ceaseless Edge|p2a: Sableye
|-damage|p2a: Sableye|55/100
|-damage|p1a: Samurott|67/100|[from] item: Rocky Helmet|[of] p2a: Sableye
|-sidestart|p2: eatsleepjdm|Spikes
|
|-end|p1a: Samurott|move: Future Sight
|-immune|p1a: Samurott
|upkeep
|turn|5
|
|t:|1760849072
|move|p2a: Sableye|Reflect|p2a: Sableye
|-sidestart|p2: eatsleepjdm|Reflect
|move|p1a: Samurott|Knock Off|p2a: Sableye
|-damage|p2a: Sableye|34/100
|-damage|p1a: Samurott|51/100|[from] item: Rocky Helmet|[of] p2a: Sableye
|-enditem|p2a: Sableye|Rocky Helmet|[from] move: Knock Off|[of] p1a: Samurott
|
|upkeep
|turn|6
|
|t:|1760849075
|move|p2a: Sableye|Recover|p2a: Sableye
|-heal|p2a: Sableye|84/100
|move|p1a: Samurott|Ceaseless Edge|p2a: Sableye
|-damage|p2a: Sableye|63/100
|-sidestart|p2: eatsleepjdm|Spikes
|
|upkeep
|turn|7
|
|t:|1760849084
|switch|p2a: Great Tusk|Great Tusk|100/100
|move|p1a: Samurott|Ceaseless Edge|p2a: Great Tusk
|-resisted|p2a: Great Tusk
|-damage|p2a: Great Tusk|94/100
|-sidestart|p2: eatsleepjdm|Spikes
|
|upkeep
|turn|8
|
|t:|1760849092
|switch|p1a: Gholdengo|Gholdengo, shiny|100/100
|-item|p1a: Gholdengo|Air Balloon
|move|p2a: Great Tusk|Stealth Rock|p1a: Gholdengo
|-sidestart|p1: rigolomiya|move: Stealth Rock
|
|upkeep
|turn|9
|
|t:|1760849106
|-end|p2a: Great Tusk|Protosynthesis|[silent]
|switch|p2a: Magnezone|Magnezone|56/100
|-damage|p2a: Magnezone|31/100|[from] Spikes
|move|p1a: Gholdengo|Dazzling Gleam|p2a: Magnezone
|-resisted|p2a: Magnezone
|-damage|p2a: Magnezone|17/100
|
|-sideend|p2: eatsleepjdm|Reflect
|upkeep
|turn|10
|
|t:|1760849111
|move|p1a: Gholdengo|Shadow Ball|p2a: Magnezone
|-damage|p2a: Magnezone|0 fnt
|faint|p2a: Magnezone
|
|upkeep
|
|t:|1760849118
|switch|p2a: Ogerpon|Ogerpon-Wellspring, F|100/100
|-damage|p2a: Ogerpon|76/100|[from] Spikes
|turn|11
|
|t:|1760849131
|switch|p1a: Samurott|Samurott-Hisui, F|51/100
|-damage|p1a: Samurott|39/100|[from] Stealth Rock
|move|p2a: Ogerpon|Ivy Cudgel|p1a: Samurott|[anim] Ivy Cudgel Water
|-resisted|p1a: Samurott
|-crit|p1a: Samurott
|-damage|p1a: Samurott|0 fnt
|faint|p1a: Samurott
|
|upkeep
|
|t:|1760849139
|switch|p1a: Dragonite|Dragonite, F|100/100
|turn|12
|
|t:|1760849147
|switch|p2a: Sableye|Sableye, M|63/100
|-damage|p2a: Sableye|38/100|[from] Spikes
|move|p1a: Dragonite|Dragon Dance|p1a: Dragonite
|-boost|p1a: Dragonite|atk|1
|-boost|p1a: Dragonite|spe|1
|
|upkeep
|turn|13
|
|t:|1760849155
|move|p2a: Sableye|Encore|p1a: Dragonite
|-start|p1a: Dragonite|Encore
|move|p1a: Dragonite|Dragon Dance|p1a: Dragonite
|-boost|p1a: Dragonite|atk|1
|-boost|p1a: Dragonite|spe|1
|
|upkeep
|turn|14
|
|t:|1760849158
|move|p2a: Sableye|Recover|p2a: Sableye
|-heal|p2a: Sableye|88/100
|move|p1a: Dragonite|Dragon Dance|p1a: Dragonite
|-boost|p1a: Dragonite|atk|1
|-boost|p1a: Dragonite|spe|1
|
|upkeep
|turn|15
|
|t:|1760849161
|move|p1a: Dragonite|Dragon Dance|p1a: Dragonite
|-boost|p1a: Dragonite|atk|1
|-boost|p1a: Dragonite|spe|1
|move|p2a: Sableye|Knock Off|p1a: Dragonite
|-damage|p1a: Dragonite|86/100
|-enditem|p1a: Dragonite|Heavy-Duty Boots|[from] move: Knock Off|[of] p2a: Sableye
|
|-end|p1a: Dragonite|Encore
|upkeep
|turn|16
|
|t:|1760849163
|move|p2a: Sableye|Encore|p1a: Dragonite
|-start|p1a: Dragonite|Encore
|move|p1a: Dragonite|Dragon Dance|p1a: Dragonite
|-boost|p1a: Dragonite|atk|1
|-boost|p1a: Dragonite|spe|1
|
|upkeep
|turn|17
|
|t:|1760849170
|switch|p2a: Great Tusk|Great Tusk|94/100
|move|p1a: Dragonite|Dragon Dance|p1a: Dragonite
|-boost|p1a: Dragonite|atk|1
|-boost|p1a: Dragonite|spe|1
|
|upkeep
|turn|18
|
|t:|1760849178
|move|p1a: Dragonite|Dragon Dance|p1a: Dragonite
|-boost|p1a: Dragonite|atk|0
|-boost|p1a: Dragonite|spe|0
|move|p2a: Great Tusk|Ice Spinner|p1a: Dragonite
|-supereffective|p1a: Dragonite
|-damage|p1a: Dragonite|0 fnt
|faint|p1a: Dragonite
|
|upkeep
|
|t:|1760849182
|switch|p1a: Gholdengo|Gholdengo, shiny|100/100
|-damage|p1a: Gholdengo|94/100|[from] Stealth Rock
|-item|p1a: Gholdengo|Air Balloon
|turn|19
|
|t:|1760849188
|-end|p2a: Great Tusk|Protosynthesis|[silent]
|switch|p2a: Ogerpon|Ogerpon-Wellspring, F|76/100
|-damage|p2a: Ogerpon|51/100|[from] Spikes
|move|p1a: Gholdengo|Shadow Ball|p2a: Ogerpon
|-damage|p2a: Ogerpon|0 fnt
|faint|p2a: Ogerpon
|
|upkeep
|
|t:|1760849192
|switch|p2a: Scizor|Scizor, F|100/100
|-damage|p2a: Scizor|76/100|[from] Spikes
|turn|20
|
|t:|1760849211
|switch|p1a: Glimmora|Glimmora, M|83/100
|-damage|p1a: Glimmora|71/100|[from] Stealth Rock
|move|p2a: Scizor|Knock Off|p1a: Glimmora
|-damage|p1a: Glimmora|2/100
|-activate|p1a: Glimmora|ability: Toxic Debris
|-sidestart|p2: eatsleepjdm|move: Toxic Spikes
|-enditem|p1a: Glimmora|Focus Sash|[from] move: Knock Off|[of] p2a: Scizor
|
|upkeep
|turn|21
|
|t:|1760849219
|move|p1a: Glimmora|Stealth Rock|p2a: Scizor
|-sidestart|p2: eatsleepjdm|move: Stealth Rock
|move|p2a: Scizor|Knock Off|p1a: Glimmora
|-damage|p1a: Glimmora|0 fnt
|-activate|p1a: Glimmora|ability: Toxic Debris
|-sidestart|p2: eatsleepjdm|move: Toxic Spikes
|faint|p1a: Glimmora
|
|upkeep
|
|t:|1760849230
|switch|p1a: Gholdengo|Gholdengo, shiny|94/100
|-damage|p1a: Gholdengo|88/100|[from] Stealth Rock
|-item|p1a: Gholdengo|Air Balloon
|turn|22
|
|t:|1760849236
|-terastallize|p1a: Gholdengo|Fairy
|move|p1a: Gholdengo|Nasty Plot|p1a: Gholdengo
|-boost|p1a: Gholdengo|spa|2
|move|p2a: Scizor|Knock Off|p1a: Gholdengo
|-resisted|p1a: Gholdengo
|-damage|p1a: Gholdengo|56/100
|-enditem|p1a: Gholdengo|Air Balloon
|
|upkeep
|turn|23
|
|t:|1760849242
|switch|p2a: Sableye|Sableye, M|88/100
|-damage|p2a: Sableye|64/100|[from] Spikes
|-status|p2a: Sableye|tox
|-damage|p2a: Sableye|51/100 tox|[from] Stealth Rock
|move|p1a: Gholdengo|Shadow Ball|p2a: Sableye
|-damage|p2a: Sableye|0 fnt
|faint|p2a: Sableye
|
|upkeep
|
|t:|1760849262
|switch|p2a: Scizor|Scizor, F|76/100
|-damage|p2a: Scizor|51/100|[from] Spikes
|-damage|p2a: Scizor|39/100|[from] Stealth Rock
|turn|24
|
|t:|1760849265
|switch|p1a: Kingambit|Kingambit, M|100/100
|-damage|p1a: Kingambit|94/100|[from] Stealth Rock
|-activate|p1a: Kingambit|ability: Supreme Overlord
|-start|p1a: Kingambit|fallen3|[silent]
|-item|p1a: Kingambit|Air Balloon
|move|p2a: Scizor|Bullet Punch|p1a: Kingambit
|-resisted|p1a: Kingambit
|-damage|p1a: Kingambit|73/100
|-enditem|p1a: Kingambit|Air Balloon
|
|upkeep
|turn|25
|
|t:|1760849284
|switch|p2a: Great Tusk|Great Tusk|94/100
|move|p1a: Kingambit|Iron Head|p2a: Great Tusk
|-damage|p2a: Great Tusk|56/100
|
|upkeep
|turn|26
|
|t:|1760849296
|move|p2a: Great Tusk|Rapid Spin|p1a: Kingambit
|-resisted|p1a: Kingambit
|-damage|p1a: Kingambit|67/100
|-boost|p2a: Great Tusk|spe|1
|-sideend|p2: eatsleepjdm|Spikes|[from] move: Rapid Spin|[of] p2a: Great Tusk
|-sideend|p2: eatsleepjdm|Toxic Spikes|[from] move: Rapid Spin|[of] p2a: Great Tusk
|-sideend|p2: eatsleepjdm|Stealth Rock|[from] move: Rapid Spin|[of] p2a: Great Tusk
|move|p1a: Kingambit|Iron Head|p2a: Great Tusk
|-damage|p2a: Great Tusk|19/100
|
|upkeep
|turn|27
|
|t:|1760849305
|move|p2a: Great Tusk|Stealth Rock||[still]
|-fail|p2a: Great Tusk
|move|p1a: Kingambit|Iron Head|p2a: Great Tusk
|-damage|p2a: Great Tusk|0 fnt
|faint|p2a: Great Tusk
|-end|p2a: Great Tusk|Protosynthesis|[silent]
|
|upkeep
|
|t:|1760849310
|switch|p2a: Scizor|Scizor, F|39/100
|turn|28
|
|t:|1760849313
|-terastallize|p2a: Scizor|Steel
|move|p2a: Scizor|Bullet Punch|p1a: Kingambit
|-resisted|p1a: Kingambit
|-damage|p1a: Kingambit|40/100
|move|p1a: Kingambit|Kowtow Cleave|p2a: Scizor
|-damage|p2a: Scizor|0 fnt
|faint|p2a: Scizor
|
|upkeep
|
|t:|1760849316
|switch|p2a: Slowking|Slowking-Galar, F|100/100
|turn|29
|
|t:|1760849318
|move|p1a: Kingambit|Kowtow Cleave|p2a: Slowking
|-supereffective|p2a: Slowking
|-damage|p2a: Slowking|0 fnt
|faint|p2a: Slowking
|
|win|rigolomiya
|raw|rigolomiya's rating: 1403 &rarr; <strong>1423</strong><br />(+20 for winning)
|raw|eatsleepjdm's rating: 1408 &rarr; <strong>1388</strong><br />(-20 for losing)
|l|☆eatsleepjdm
|player|p2|
|l|☆rigolomiya
|player|p1|
