|j|☆b00mie
|j|☆theawesomeking182
|t:|1760765410
|gametype|singles
|player|p1|b00mie|266|1305
|player|p2|theawesomeking182|101|1291
|gen|9
|tier|[Gen 9] OU
|rated|
|rule|HP Percentage Mod: HP is shown in percentages
|rule|Endless Battle Clause: Forcing endless battles is banned
|rule|Species Clause: Limit one of each Pokémon
|rule|OHKO Clause: OHKO moves are banned
|rule|Evasion Items Clause: Evasion items are banned
|rule|Evasion Moves Clause: Evasion moves are banned
|rule|Evasion Abilities Clause: Evasion abilities are banned
|rule|Sleep Moves Clause: Sleep-inducing moves are banned
|clearpoke
|poke|p1|Torkoal, M|
|poke|p1|Grimmsnarl, M|
|poke|p1|Charizard, M|
|poke|p1|Walking Wake|
|poke|p1|Dragapult, M|
|poke|p1|Great Tusk|
|poke|p2|Dragapult, F|
|poke|p2|Corviknight, F|
|poke|p2|Slowking-Galar, M|
|poke|p2|Zamazenta-*|
|poke|p2|Iron Valiant|
|poke|p2|Great Tusk|
|teampreview
|
|t:|1760765427
|teamsize|p1|6
|teamsize|p2|6
|start
|switch|p1a: Torkoal|Torkoal, M|100/100
|switch|p2a: Great Tusk|Great Tusk, shiny|100/100
|-weather|SunnyDay|[from] ability: Drought|[of] p1a: Torkoal
|-activate|p2a: Great Tusk|ability: Protosynthesis
|-start|p2a: Great Tusk|protosynthesisspe
|turn|1
|inactive|Battle timer is ON: inactive players will automatically lose when time's up. (requested by theawesomeking182)
|
|t:|1760765444
|move|p2a: Great Tusk|Bulk Up|p2a: Great Tusk
|-boost|p2a: Great Tusk|atk|1
|-boost|p2a: Great Tusk|def|1
|move|p1a: Torkoal|Eruption|p2a: Great Tusk
|-damage|p2a: Great Tusk|0 fnt
|faint|p2a: Great Tusk
|-end|p2a: Great Tusk|Protosynthesis|[silent]
|
|-weather|SunnyDay|[upkeep]
|upkeep
|
|t:|1760765464
|switch|p2a: Iron Valiant|Iron Valiant, shiny|100/100
|turn|2
|
|t:|1760765471
|switch|p1a: Charizard|Charizard, M|100/100
|move|p2a: Iron Valiant|Knock Off|p1a: Charizard
|-damage|p1a: Charizard|59/100
|-enditem|p1a: Charizard|Heavy-Duty Boots|[from] move: Knock Off|[of] p2a: Iron Valiant
|
|-weather|SunnyDay|[upkeep]
|-damage|p1a: Charizard|46/100|[from] ability: Solar Power|[of] p1a: Charizard
|upkeep
|turn|3
|
|t:|1760765485
|-end|p2a: Iron Valiant|Quark Drive|[silent]
|switch|p2a: Slowking|Slowking-Galar, M, shiny|100/100
|move|p1a: Charizard|Weather Ball|p2a: Slowking
|-damage|p2a: Slowking|36/100
|
|-weather|SunnyDay|[upkeep]
|-damage|p1a: Charizard|34/100|[from] ability: Solar Power|[of] p1a: Charizard
|upkeep
|turn|4
|
|t:|1760765500
|move|p1a: Charizard|Weather Ball|p2a: Slowking
|-damage|p2a: Slowking|0 fnt
|faint|p2a: Slowking
|
|-weather|SunnyDay|[upkeep]
|-damage|p1a: Charizard|22/100|[from] ability: Solar Power|[of] p1a: Charizard
|upkeep
|
|t:|1760765510
|switch|p2a: Dragapult|Dragapult, F, shiny|100/100
|turn|5
|
|t:|1760765513
|move|p2a: Dragapult|Shadow Ball|p1a: Charizard
|-damage|p1a: Charizard|0 fnt
|faint|p1a: Charizard
|
|-weather|SunnyDay|[upkeep]
|upkeep
|
|t:|1760765520
|switch|p1a: Grimmsnarl|Grimmsnarl, M, shiny|100/100
|turn|6
|
|t:|1760765527
|switch|p2a: Iron Valiant|Iron Valiant, shiny|100/100
|move|p1a: Grimmsnarl|Spirit Break|p2a: Iron Valiant
|-supereffective|p2a: Iron Valiant
|-damage|p2a: Iron Valiant|0 fnt
|faint|p2a: Iron Valiant
|-end|p2a: Iron Valiant|Quark Drive|[silent]
|
|-weather|SunnyDay|[upkeep]
|upkeep
|
|t:|1760765535
|switch|p2a: Dragapult|Dragapult, F, shiny|100/100
|turn|7
|
|t:|1760765545
|move|p1a: Grimmsnarl|Trick|p2a: Dragapult
|-activate|p1a: Grimmsnarl|move: Trick|[of] p2a: Dragapult
|-item|p2a: Dragapult|Lagging Tail|[from] move: Trick
|-item|p1a: Grimmsnarl|Choice Specs|[from] move: Trick
|move|p2a: Dragapult|Fire Blast|p1a: Grimmsnarl
|-damage|p1a: Grimmsnarl|43/100
|
|-weather|SunnyDay|[upkeep]
|upkeep
|turn|8
|
|t:|1760765559
|switch|p2a: Corviknight|Corviknight, F, shiny|100/100
|-ability|p2a: Corviknight|Pressure
|move|p1a: Grimmsnarl|Spirit Break|p2a: Corviknight
|-resisted|p2a: Corviknight
|-damage|p2a: Corviknight|89/100
|-unboost|p2a: Corviknight|spa|1
|
|-weather|none
|-heal|p2a: Corviknight|95/100|[from] item: Leftovers
|upkeep
|turn|9
|
|t:|1760765574
|switch|p1a: Great Tusk|Great Tusk|100/100
|move|p2a: Corviknight|Bulk Up|p2a: Corviknight
|-boost|p2a: Corviknight|atk|1
|-boost|p2a: Corviknight|def|1
|
|-heal|p2a: Corviknight|100/100|[from] item: Leftovers
|upkeep
|turn|10
|
|t:|1760765585
|-end|p1a: Great Tusk|Protosynthesis|[silent]
|switch|p1a: Grimmsnarl|Grimmsnarl, M, shiny|43/100
|move|p2a: Corviknight|Bulk Up|p2a: Corviknight
|-boost|p2a: Corviknight|atk|1
|-boost|p2a: Corviknight|def|1
|
|upkeep
|turn|11
|
|t:|1760765593
|move|p1a: Grimmsnarl|Trick|p2a: Corviknight
|-activate|p1a: Grimmsnarl|move: Trick|[of] p2a: Corviknight
|-item|p2a: Corviknight|Choice Specs|[from] move: Trick
|-item|p1a: Grimmsnarl|Leftovers|[from] move: Trick
|move|p2a: Corviknight|Bulk Up|p2a: Corviknight
|-boost|p2a: Corviknight|atk|1
|-boost|p2a: Corviknight|def|1
|
|-heal|p1a: Grimmsnarl|50/100|[from] item: Leftovers
|upkeep
|turn|12
|-message|theawesomeking182 forfeited.
|
|win|b00mie
|raw|b00mie's rating: 1305 &rarr; <strong>1324</strong><br />(+19 for winning)
|raw|theawesomeking182's rating: 1291 &rarr; <strong>1267</strong><br />(-24 for losing)
|l|☆theawesomeking182
|player|p2|
|l|☆b00mie
|player|p1|
