|j|☆magikarp soup
|j|☆zu 2 the t0p
|t:|1760837476
|gametype|singles
|player|p1|magikarp soup|medium|1650
|player|p2|zu 2 the t0p|dancer|1623
|gen|9
|tier|[Gen 9] OU
|rated|
|rule|HP Percentage Mod: HP is shown in percentages
|rule|Endless Battle Clause: Forcing endless battles is banned
|rule|Species Clause: Limit one of each Pokémon
|rule|OHKO Clause: OHKO moves are banned
|rule|Evasion Items Clause: Evasion items are banned
|rule|Evasion Moves Clause: Evasion moves are banned
|rule|Evasion Abilities Clause: Evasion abilities are banned
|rule|Sleep Moves Clause: Sleep-inducing moves are banned
|clearpoke
|poke|p1|Breloom, M|
|poke|p1|Alomomola, F|
|poke|p1|Raging Bolt|
|poke|p1|Scizor, F|
|poke|p1|Landorus-Therian, M|
|poke|p1|Dragapult, F|
|poke|p2|Entei|
|poke|p2|Zamazenta-*|
|poke|p2|Ting-Lu|
|poke|p2|Cinderace, M|
|poke|p2|Dudunsparce-*, F|
|poke|p2|Reuniclus, M|
|teampreview
|inactive|Battle timer is ON: inactive players will automatically lose when time's up. (requested by zu 2 the t0p)
|j| JonArbuckleKart
|inactive|magikarp soup has 120 seconds left.
|
|t:|1760837529
|teamsize|p1|6
|teamsize|p2|6
|start
|switch|p1a: Breloom|Breloom, M|100/100
|switch|p2a: Dudunsparce|Dudunsparce-Three-Segment, F, shiny|100/100
|turn|1
|
|t:|1760837537
|move|p1a: Breloom|Swords Dance|p1a: Breloom
|-boost|p1a: Breloom|atk|2
|move|p2a: Dudunsparce|Body Slam|p1a: Breloom
|-damage|p1a: Breloom|55/100
|-status|p1a: Breloom|par
|
|upkeep
|turn|2
|
|t:|1760837547
|-terastallize|p2a: Dudunsparce|Bug
|move|p2a: Dudunsparce|Ancient Power|p1a: Breloom
|-resisted|p1a: Breloom
|-damage|p1a: Breloom|43/100 par
|move|p1a: Breloom|Bullet Seed|p2a: Dudunsparce
|-resisted|p2a: Dudunsparce
|-damage|p2a: Dudunsparce|84/100
|-resisted|p2a: Dudunsparce
|-damage|p2a: Dudunsparce|67/100
|-hitcount|p2a: Dudunsparce|2
|-damage|p1a: Breloom|33/100 par|[from] item: Life Orb
|
|-heal|p2a: Dudunsparce|73/100|[from] item: Leftovers
|upkeep
|turn|3
|
|t:|1760837557
|move|p2a: Dudunsparce|Body Slam|p1a: Breloom
|-damage|p1a: Breloom|0 fnt
|faint|p1a: Breloom
|
|-heal|p2a: Dudunsparce|80/100|[from] item: Leftovers
|upkeep
|
|t:|1760837564
|switch|p1a: Raging Bolt|Raging Bolt|100/100
|turn|4
|
|t:|1760837568
|switch|p2a: Ting-Lu|Ting-Lu|100/100
|-ability|p2a: Ting-Lu|Vessel of Ruin
|move|p1a: Raging Bolt|Calm Mind|p1a: Raging Bolt
|-boost|p1a: Raging Bolt|spa|1
|-boost|p1a: Raging Bolt|spd|1
|
|upkeep
|turn|5
|
|t:|1760837577
|-terastallize|p1a: Raging Bolt|Flying
|move|p1a: Raging Bolt|Draco Meteor|p2a: Ting-Lu
|-damage|p2a: Ting-Lu|38/100
|-unboost|p1a: Raging Bolt|spa|2
|-damage|p1a: Raging Bolt|91/100|[from] item: Life Orb
|move|p2a: Ting-Lu|Earthquake|p1a: Raging Bolt
|-immune|p1a: Raging Bolt
|
|-heal|p2a: Ting-Lu|44/100|[from] item: Leftovers
|upkeep
|turn|6
|
|t:|1760837599
|-end|p1a: Raging Bolt|Protosynthesis|[silent]
|switch|p1a: Scizor|Scizor, F|100/100
|move|p2a: Ting-Lu|Whirlwind|p1a: Scizor
|drag|p1a: Raging Bolt|Raging Bolt, tera:Flying|91/100
|
|-heal|p2a: Ting-Lu|51/100|[from] item: Leftovers
|upkeep
|turn|7
|
|t:|1760837623
|move|p1a: Raging Bolt|Draco Meteor|p2a: Ting-Lu
|-damage|p2a: Ting-Lu|7/100
|-unboost|p1a: Raging Bolt|spa|2
|-damage|p1a: Raging Bolt|81/100|[from] item: Life Orb
|move|p2a: Ting-Lu|Payback|p1a: Raging Bolt
|-damage|p1a: Raging Bolt|47/100
|
|-heal|p2a: Ting-Lu|13/100|[from] item: Leftovers
|upkeep
|turn|8
|
|t:|1760837636
|move|p1a: Raging Bolt|Draco Meteor|p2a: Ting-Lu
|-damage|p2a: Ting-Lu|0 fnt
|-unboost|p1a: Raging Bolt|spa|2
|faint|p2a: Ting-Lu
|-damage|p1a: Raging Bolt|37/100|[from] item: Life Orb
|
|upkeep
|
|t:|1760837638
|switch|p2a: Reuniclus|Reuniclus, M, shiny|100/100
|turn|9
|
|t:|1760837646
|-end|p1a: Raging Bolt|Protosynthesis|[silent]
|switch|p1a: Scizor|Scizor, F|100/100
|move|p2a: Reuniclus|Psychic Noise|p1a: Scizor
|-resisted|p1a: Scizor
|-damage|p1a: Scizor|68/100
|-start|p1a: Scizor|move: Heal Block
|
|upkeep
|turn|10
|
|t:|1760837652
|switch|p2a: Dudunsparce|Dudunsparce-Three-Segment, F, shiny, tera:Bug|80/100
|move|p1a: Scizor|U-turn|p2a: Dudunsparce
|-damage|p2a: Dudunsparce|56/100
|inactive|magikarp soup has 120 seconds left.
|
|t:|1760837687
|switch|p1a: Dragapult|Dragapult, F|100/100|[from] U-turn
|
|-heal|p2a: Dudunsparce|62/100|[from] item: Leftovers
|upkeep
|turn|11
|inactive|magikarp soup has 120 seconds left.
|
|t:|1760837698
|move|p1a: Dragapult|Draco Meteor|p2a: Dudunsparce
|-damage|p2a: Dudunsparce|0 fnt
|-unboost|p1a: Dragapult|spa|2
|faint|p2a: Dudunsparce
|-damage|p1a: Dragapult|91/100|[from] item: Life Orb
|
|upkeep
|
|t:|1760837701
|switch|p2a: Reuniclus|Reuniclus, M, shiny|100/100
|turn|12
|
|t:|1760837711
|switch|p1a: Scizor|Scizor, F|68/100
|move|p2a: Reuniclus|Focus Blast|p1a: Scizor
|-damage|p1a: Scizor|0 fnt
|faint|p1a: Scizor
|
|upkeep
|
|t:|1760837720
|switch|p1a: Alomomola|Alomomola, F|100/100
|turn|13
|
|t:|1760837725
|move|p1a: Alomomola|Mirror Coat||[still]
|-fail|p1a: Alomomola
|move|p2a: Reuniclus|Trick Room|p2a: Reuniclus
|-fieldstart|move: Trick Room|[of] p2a: Reuniclus
|
|upkeep
|turn|14
|
|t:|1760837747
|switch|p2a: Cinderace|Cinderace, M|100/100
|move|p1a: Alomomola|Mirror Coat||[still]
|-fail|p1a: Alomomola
|
|upkeep
|turn|15
|
|t:|1760837752
|move|p1a: Alomomola|Body Slam|p2a: Cinderace
|-damage|p2a: Cinderace|80/100
|move|p2a: Cinderace|Will-O-Wisp|p1a: Alomomola
|-status|p1a: Alomomola|brn
|
|-damage|p1a: Alomomola|94/100 brn|[from] brn
|upkeep
|turn|16
|
|t:|1760837758
|move|p1a: Alomomola|Body Slam|p2a: Cinderace
|-damage|p2a: Cinderace|71/100
|move|p2a: Cinderace|U-turn|p1a: Alomomola
|-damage|p1a: Alomomola|83/100 brn
|
|t:|1760837769
|switch|p2a: Reuniclus|Reuniclus, M, shiny|100/100|[from] U-turn
|
|-damage|p1a: Alomomola|77/100 brn|[from] brn
|upkeep
|turn|17
|
|t:|1760837776
|switch|p2a: Cinderace|Cinderace, M|71/100
|move|p1a: Alomomola|Mirror Coat||[still]
|-fail|p1a: Alomomola
|
|-damage|p1a: Alomomola|70/100 brn|[from] brn
|-fieldend|move: Trick Room
|upkeep
|turn|18
|
|t:|1760837788
|move|p2a: Cinderace|U-turn|p1a: Alomomola
|-damage|p1a: Alomomola|58/100 brn
|
|t:|1760837789
|switch|p2a: Zamazenta|Zamazenta|100/100|[from] U-turn
|-ability|p2a: Zamazenta|Dauntless Shield|boost
|-boost|p2a: Zamazenta|def|1
|move|p1a: Alomomola|Flip Turn|p2a: Zamazenta
|-damage|p2a: Zamazenta|96/100
|
|t:|1760837808
|switch|p1a: Landorus|Landorus-Therian, M|100/100|[from] Flip Turn
|-ability|p1a: Landorus|Intimidate|boost
|-unboost|p2a: Zamazenta|atk|1
|
|-heal|p2a: Zamazenta|100/100|[from] item: Leftovers
|upkeep
|turn|19
|
|t:|1760837813
|move|p2a: Zamazenta|Substitute|p2a: Zamazenta
|-start|p2a: Zamazenta|Substitute
|-damage|p2a: Zamazenta|75/100
|move|p1a: Landorus|Earth Power|p2a: Zamazenta
|-end|p2a: Zamazenta|Substitute
|
|-heal|p2a: Zamazenta|82/100|[from] item: Leftovers
|upkeep
|turn|20
|
|t:|1760837828
|switch|p2a: Cinderace|Cinderace, M|71/100
|move|p1a: Landorus|Earth Power|p2a: Cinderace
|-supereffective|p2a: Cinderace
|-damage|p2a: Cinderace|0 fnt
|faint|p2a: Cinderace
|
|upkeep
|
|t:|1760837831
|switch|p2a: Reuniclus|Reuniclus, M, shiny|100/100
|turn|21
|
|t:|1760837836
|move|p1a: Landorus|Taunt|p2a: Reuniclus
|-start|p2a: Reuniclus|move: Taunt
|cant|p2a: Reuniclus|move: Taunt|Trick Room
|
|upkeep
|turn|22
|
|t:|1760837841
|move|p1a: Landorus|U-turn|p2a: Reuniclus
|-supereffective|p2a: Reuniclus
|-damage|p2a: Reuniclus|60/100
|
|t:|1760837845
|switch|p1a: Alomomola|Alomomola, F|92/100 brn|[from] U-turn
|move|p2a: Reuniclus|Psychic Noise|p1a: Alomomola
|-damage|p1a: Alomomola|62/100 brn
|-start|p1a: Alomomola|move: Heal Block
|
|-damage|p1a: Alomomola|56/100 brn|[from] brn
|upkeep
|turn|23
|
|t:|1760837855
|switch|p2a: Zamazenta|Zamazenta|82/100
|move|p1a: Alomomola|Flip Turn|p2a: Zamazenta
|-damage|p2a: Zamazenta|75/100
|
|t:|1760837857
|switch|p1a: Landorus|Landorus-Therian, M|100/100|[from] Flip Turn
|-ability|p1a: Landorus|Intimidate|boost
|-unboost|p2a: Zamazenta|atk|1
|
|-heal|p2a: Zamazenta|82/100|[from] item: Leftovers
|upkeep
|turn|24
|
|t:|1760837869
|move|p2a: Zamazenta|Iron Defense|p2a: Zamazenta
|-boost|p2a: Zamazenta|def|2
|move|p1a: Landorus|Earth Power|p2a: Zamazenta
|-damage|p2a: Zamazenta|54/100
|-unboost|p2a: Zamazenta|spd|1
|
|-heal|p2a: Zamazenta|61/100|[from] item: Leftovers
|upkeep
|turn|25
|
|t:|1760837875
|move|p2a: Zamazenta|Body Press|p1a: Landorus
|-resisted|p1a: Landorus
|-damage|p1a: Landorus|68/100
|-damage|p2a: Zamazenta|44/100|[from] item: Rocky Helmet|[of] p1a: Landorus
|move|p1a: Landorus|Earth Power|p2a: Zamazenta
|-damage|p2a: Zamazenta|7/100
|
|-heal|p2a: Zamazenta|13/100|[from] item: Leftovers
|upkeep
|turn|26
|
|t:|1760837882
|move|p2a: Zamazenta|Crunch|p1a: Landorus
|-damage|p1a: Landorus|53/100
|-damage|p2a: Zamazenta|0 fnt|[from] item: Rocky Helmet|[of] p1a: Landorus
|faint|p2a: Zamazenta
|move|p1a: Landorus|Stealth Rock|p2: Zamazenta
|-sidestart|p2: zu 2 the t0p|move: Stealth Rock
|
|upkeep
|
|t:|1760837888
|switch|p2a: Entei|Entei, shiny|100/100
|-damage|p2a: Entei|76/100|[from] Stealth Rock
|turn|27
|
|t:|1760837892
|switch|p1a: Alomomola|Alomomola, F|89/100 brn
|move|p2a: Entei|Swagger|p1a: Alomomola
|-boost|p1a: Alomomola|atk|2
|-start|p1a: Alomomola|confusion
|-enditem|p2a: Entei|Mirror Herb
|-boost|p2a: Entei|atk|2|[from] item: Mirror Herb
|
|-damage|p1a: Alomomola|83/100 brn|[from] brn
|upkeep
|turn|28
|
|t:|1760837902
|move|p2a: Entei|Extreme Speed|p1a: Alomomola
|-damage|p1a: Alomomola|49/100 brn
|-activate|p1a: Alomomola|confusion
|-damage|p1a: Alomomola|39/100 brn|[from] confusion
|
|-damage|p1a: Alomomola|33/100 brn|[from] brn
|upkeep
|turn|29
|inactive|zu 2 the t0p has 120 seconds left.
|inactive|zu 2 the t0p has 90 seconds left.
|
|t:|1760837976
|switch|p1a: Raging Bolt|Raging Bolt, tera:Flying|37/100
|move|p2a: Entei|Extreme Speed|p1a: Raging Bolt
|-damage|p1a: Raging Bolt|0 fnt
|faint|p1a: Raging Bolt
|-end|p1a: Raging Bolt|Protosynthesis|[silent]
|
|upkeep
|
|t:|1760837988
|switch|p1a: Landorus|Landorus-Therian, M|53/100
|-ability|p1a: Landorus|Intimidate|boost
|-fail|p2a: Entei|unboost|Attack|[from] ability: Inner Focus|[of] p2a: Entei
|turn|30
|
|t:|1760837996
|move|p1a: Landorus|Earth Power|p2a: Entei
|-supereffective|p2a: Entei
|-damage|p2a: Entei|0 fnt
|faint|p2a: Entei
|
|upkeep
|inactive|zu 2 the t0p has 90 seconds left.
|-message|zu 2 the t0p forfeited.
|
|win|magikarp soup
|raw|magikarp soup's rating: 1650 &rarr; <strong>1668</strong><br />(+18 for winning)
|raw|zu 2 the t0p's rating: 1623 &rarr; <strong>1605</strong><br />(-18 for losing)
|l|☆magikarp soup
|player|p1|
|l| JonArbuckleKart
