|j|‽XIXINANA
|j|☆Team BBIO 38
|t:|1760754314
|gametype|singles
|player|p1|XIXINANA|nate|1388
|player|p2|Team BBIO 38|dragontamer|1443
|gen|9
|tier|[Gen 9] OU
|rated|
|rule|HP Percentage Mod: HP is shown in percentages
|rule|Endless Battle Clause: Forcing endless battles is banned
|rule|Species Clause: Limit one of each Pokémon
|rule|OHKO Clause: OHKO moves are banned
|rule|Evasion Items Clause: Evasion items are banned
|rule|Evasion Moves Clause: Evasion moves are banned
|rule|Evasion Abilities Clause: Evasion abilities are banned
|rule|Sleep Moves Clause: Sleep-inducing moves are banned
|clearpoke
|poke|p1|Lycanroc-Midnight, F|
|poke|p1|Zoroark-Hisui, M|
|poke|p1|Greninja-*, M|
|poke|p1|Kleavor, F|
|poke|p1|Iron Hands|
|poke|p1|Regidrago|
|poke|p2|Dusclops, M|
|poke|p2|Blissey, F|
|poke|p2|Flamigo, M|
|poke|p2|Latias, F|
|poke|p2|Darkrai|
|poke|p2|Tinkaton, F|
|teampreview
|inactive|Battle timer is ON: inactive players will automatically lose when time's up. (requested by Team BBIO 38)
|
|t:|1760754324
|teamsize|p1|6
|teamsize|p2|6
|start
|switch|p1a: Kleavor|Kleavor, F|100/100
|switch|p2a: Flamigo|Flamigo, M|100/100
|turn|1
|
|t:|1760754331
|move|p2a: Flamigo|Close Combat|p1a: Kleavor
|-damage|p1a: Kleavor|31/100
|-unboost|p2a: Flamigo|def|1
|-unboost|p2a: Flamigo|spd|1
|move|p1a: Kleavor|Stone Axe|p2a: Flamigo
|-damage|p2a: Flamigo|0 fnt
|-sidestart|p2: Team BBIO 38|move: Stealth Rock
|faint|p2a: Flamigo
|
|upkeep
|
|t:|1760754339
|switch|p2a: Tinkaton|Tinkaton, F|100/100
|-damage|p2a: Tinkaton|94/100|[from] Stealth Rock
|-ability|p2a: Tinkaton|Mold Breaker
|turn|2
|
|t:|1760754348
|switch|p1a: Iron Hands|Iron Hands|100/100
|move|p2a: Tinkaton|Gigaton Hammer|p1a: Iron Hands
|-resisted|p1a: Iron Hands
|-damage|p1a: Iron Hands|82/100
|
|-heal|p2a: Tinkaton|100/100|[from] item: Leftovers
|upkeep
|turn|3
|
|t:|1760754362
|move|p2a: Tinkaton|Knock Off|p1a: Iron Hands
|-resisted|p1a: Iron Hands
|-damage|p1a: Iron Hands|76/100
|-enditem|p1a: Iron Hands|Assault Vest|[from] move: Knock Off|[of] p2a: Tinkaton
|move|p1a: Iron Hands|Close Combat|p2a: Tinkaton
|-damage|p2a: Tinkaton|21/100
|-unboost|p1a: Iron Hands|def|1
|-unboost|p1a: Iron Hands|spd|1
|
|-heal|p2a: Tinkaton|27/100|[from] item: Leftovers
|upkeep
|turn|4
|
|t:|1760754377
|switch|p2a: Dusclops|Dusclops, M|100/100
|-damage|p2a: Dusclops|88/100|[from] Stealth Rock
|-end|p1a: Iron Hands|Quark Drive|[silent]
|switch|p1a: Greninja|Greninja, M|100/100
|
|upkeep
|turn|5
|
|t:|1760754385
|switch|p2a: Blissey|Blissey, F|100/100
|-damage|p2a: Blissey|88/100|[from] Stealth Rock
|move|p1a: Greninja|Dark Pulse|p2a: Blissey
|-damage|p2a: Blissey|75/100
|
|-heal|p2a: Blissey|81/100|[from] item: Leftovers
|upkeep
|turn|6
|
|t:|1760754397
|switch|p1a: Lycanroc|Lycanroc-Midnight, F|100/100
|move|p2a: Blissey|Thunder Wave|p1a: Lycanroc
|-status|p1a: Lycanroc|par
|
|-heal|p2a: Blissey|87/100|[from] item: Leftovers
|upkeep
|turn|7
|
|t:|1760754408
|switch|p2a: Tinkaton|Tinkaton, F|27/100
|-damage|p2a: Tinkaton|21/100|[from] Stealth Rock
|-ability|p2a: Tinkaton|Mold Breaker
|move|p1a: Lycanroc|Close Combat|p2a: Tinkaton
|-damage|p2a: Tinkaton|0 fnt
|-unboost|p1a: Lycanroc|def|1
|-unboost|p1a: Lycanroc|spd|1
|faint|p2a: Tinkaton
|-damage|p1a: Lycanroc|91/100 par|[from] item: Life Orb
|
|upkeep
|
|t:|1760754422
|switch|p2a: Darkrai|Darkrai|100/100
|-damage|p2a: Darkrai|88/100|[from] Stealth Rock
|turn|8
|
|t:|1760754429
|switch|p1a: Iron Hands|Iron Hands|76/100
|move|p2a: Darkrai|Ice Beam|p1a: Iron Hands
|-damage|p1a: Iron Hands|40/100
|
|upkeep
|turn|9
|
|t:|1760754438
|switch|p2a: Dusclops|Dusclops, M|88/100
|-damage|p2a: Dusclops|76/100|[from] Stealth Rock
|move|p1a: Iron Hands|Volt Switch|p2a: Dusclops
|-damage|p2a: Dusclops|67/100
|
|t:|1760754459
|-end|p1a: Iron Hands|Quark Drive|[silent]
|switch|p1a: Greninja|Greninja, M|100/100|[from] Volt Switch
|
|upkeep
|turn|10
|
|t:|1760754467
|switch|p1a: Kleavor|Kleavor, F|31/100
|switch|p2a: Blissey|Blissey, F|87/100
|-damage|p2a: Blissey|75/100|[from] Stealth Rock
|
|-heal|p2a: Blissey|81/100|[from] item: Leftovers
|upkeep
|turn|11
|
|t:|1760754478
|switch|p2a: Dusclops|Dusclops, M|67/100
|-damage|p2a: Dusclops|55/100|[from] Stealth Rock
|-item|p1a: Kleavor|Choice Scarf|[from] ability: Frisk|[of] p2a: Dusclops
|move|p1a: Kleavor|X-Scissor|p2a: Dusclops
|-resisted|p2a: Dusclops
|-damage|p2a: Dusclops|40/100
|
|upkeep
|turn|12
|
|t:|1760754488
|switch|p1a: Lycanroc|Lycanroc-Midnight, F|91/100 par
|move|p2a: Dusclops|Night Shade|p1a: Lycanroc
|-damage|p1a: Lycanroc|58/100 par
|
|upkeep
|turn|13
|
|t:|1760754495
|move|p1a: Lycanroc|Stone Edge|p2a: Dusclops
|-damage|p2a: Dusclops|8/100
|-damage|p1a: Lycanroc|48/100 par|[from] item: Life Orb
|move|p2a: Dusclops|Pain Split|p1a: Lycanroc
|-sethp|p1a: Lycanroc|28/100 par|[from] move: Pain Split|[silent]
|-sethp|p2a: Dusclops|30/100|[from] move: Pain Split
|
|upkeep
|turn|14
|
|t:|1760754504
|move|p1a: Lycanroc|Stone Edge|p2a: Dusclops
|-damage|p2a: Dusclops|0 fnt
|faint|p2a: Dusclops
|-damage|p1a: Lycanroc|18/100 par|[from] item: Life Orb
|
|upkeep
|
|t:|1760754510
|switch|p2a: Darkrai|Darkrai|88/100
|-damage|p2a: Darkrai|76/100|[from] Stealth Rock
|turn|15
|
|t:|1760754515
|cant|p1a: Lycanroc|par
|move|p2a: Darkrai|Psychic|p1a: Lycanroc
|-damage|p1a: Lycanroc|0 fnt
|faint|p1a: Lycanroc
|
|upkeep
|
|t:|1760754536
|switch|p1a: Regidrago|Regidrago|100/100
|turn|16
|
|t:|1760754540
|switch|p2a: Blissey|Blissey, F|81/100
|-damage|p2a: Blissey|68/100|[from] Stealth Rock
|move|p1a: Regidrago|Explosion|p2a: Blissey
|-damage|p2a: Blissey|20/100
|faint|p1a: Regidrago
|
|-heal|p2a: Blissey|26/100|[from] item: Leftovers
|upkeep
|
|t:|1760754554
|switch|p1a: Kleavor|Kleavor, F|31/100
|turn|17
|
|t:|1760754557
|move|p1a: Kleavor|U-turn|p2a: Blissey
|-damage|p2a: Blissey|0 fnt
|faint|p2a: Blissey
|
|t:|1760754565
|switch|p1a: Iron Hands|Iron Hands|40/100|[from] U-turn
|
|upkeep
|
|t:|1760754574
|switch|p2a: Darkrai|Darkrai|76/100
|-damage|p2a: Darkrai|63/100|[from] Stealth Rock
|turn|18
|
|t:|1760754578
|move|p1a: Iron Hands|Fake Out|p2a: Darkrai
|-damage|p2a: Darkrai|40/100
|cant|p2a: Darkrai|flinch
|
|upkeep
|turn|19
|
|t:|1760754591
|move|p2a: Darkrai|Dark Pulse|p1a: Iron Hands
|-resisted|p1a: Iron Hands
|-damage|p1a: Iron Hands|14/100
|cant|p1a: Iron Hands|flinch
|
|upkeep
|turn|20
|
|t:|1760754597
|move|p2a: Darkrai|Dark Pulse|p1a: Iron Hands
|-resisted|p1a: Iron Hands
|-damage|p1a: Iron Hands|0 fnt
|faint|p1a: Iron Hands
|-end|p1a: Iron Hands|Quark Drive|[silent]
|
|upkeep
|
|t:|1760754603
|switch|p1a: Greninja|Greninja, M|100/100
|turn|21
|
|t:|1760754611
|-terastallize|p1a: Greninja|Water
|move|p1a: Greninja|Water Shuriken|p2a: Darkrai
|-damage|p2a: Darkrai|28/100
|-damage|p2a: Darkrai|15/100
|-damage|p2a: Darkrai|2/100
|-damage|p2a: Darkrai|0 fnt
|faint|p2a: Darkrai
|-ability|p1a: Greninja|Battle Bond|boost
|-boost|p1a: Greninja|atk|1
|-boost|p1a: Greninja|spa|1
|-boost|p1a: Greninja|spe|1
|-activate|p1a: Greninja|ability: Battle Bond
|-hitcount|p2: Darkrai|4
|
|upkeep
|
|t:|1760754623
|switch|p2a: Alaric|Latias, F|100/100
|-damage|p2a: Alaric|88/100|[from] Stealth Rock
|turn|22
|
|t:|1760754627
|-terastallize|p2a: Alaric|Steel
|move|p1a: Greninja|Dark Pulse|p2a: Alaric
|-damage|p2a: Alaric|42/100
|move|p2a: Alaric|Calm Mind|p2a: Alaric
|-boost|p2a: Alaric|spa|1
|-boost|p2a: Alaric|spd|1
|
|upkeep
|turn|23
|
|t:|1760754635
|move|p1a: Greninja|Surf|p2a: Alaric
|-damage|p2a: Alaric|0 fnt
|faint|p2a: Alaric
|
|win|XIXINANA
|raw|XIXINANA's rating: 1388 &rarr; <strong>1411</strong><br />(+23 for winning)
|raw|Team BBIO 38's rating: 1443 &rarr; <strong>1420</strong><br />(-23 for losing)
|l|☆Team BBIO 38
|player|p2|
|l|‽XIXINANA
|player|p1|
