|j|☆Demonfromthemist
|j|☆YJIOG
|t:|1760851829
|gametype|singles
|player|p1|Demonfromthemist|2|1453
|player|p2|YJIOG|scientist-gen4dp|1460
|gen|9
|tier|[Gen 9] OU
|rated|
|rule|HP Percentage Mod: HP is shown in percentages
|rule|Endless Battle Clause: Forcing endless battles is banned
|rule|Species Clause: Limit one of each Pokémon
|rule|OHKO Clause: OHKO moves are banned
|rule|Evasion Items Clause: Evasion items are banned
|rule|Evasion Moves Clause: Evasion moves are banned
|rule|Evasion Abilities Clause: Evasion abilities are banned
|rule|Sleep Moves Clause: Sleep-inducing moves are banned
|clearpoke
|poke|p1|Ogerpon, F|
|poke|p1|Rillaboom, F|
|poke|p1|Great Tusk|
|poke|p1|Gholdengo|
|poke|p1|Moltres|
|poke|p1|Muk-Alola, F|
|poke|p2|Electivire, F|
|poke|p2|Alomomola, F|
|poke|p2|Dragapult, M|
|poke|p2|Hydrapple, M|
|poke|p2|Great Tusk|
|poke|p2|Goodra-Hisui, M|
|teampreview
|
|t:|1760851844
|teamsize|p1|6
|teamsize|p2|6
|start
|switch|p1a: Rillaboom|Rillaboom, F|100/100
|switch|p2a: Electivire|Electivire, F|100/100
|-fieldstart|move: Grassy Terrain|[from] ability: Grassy Surge|[of] p1a: Rillaboom
|turn|1
|inactive|Battle timer is ON: inactive players will automatically lose when time's up. (requested by YJIOG)
|
|t:|1760851851
|switch|p2a: Hydrapple|Hydrapple, M|100/100
|move|p1a: Rillaboom|U-turn|p2a: Hydrapple
|-supereffective|p2a: Hydrapple
|-damage|p2a: Hydrapple|71/100
|
|t:|1760851856
|switch|p1a: Gholdengo|Gholdengo|100/100|[from] U-turn
|
|-heal|p2a: Hydrapple|77/100|[from] Grassy Terrain
|upkeep
|turn|2
|
|t:|1760851863
|switch|p2a: Goodra|Goodra-Hisui, M|100/100
|move|p1a: Gholdengo|Make It Rain|p2a: Goodra
|-resisted|p2a: Goodra
|-damage|p2a: Goodra|81/100
|-unboost|p1a: Gholdengo|spa|1
|
|-heal|p2a: Goodra|87/100|[from] Grassy Terrain
|upkeep
|turn|3
|
|t:|1760851873
|switch|p1a: Tyrantr|Muk-Alola, F|100/100
|move|p2a: Goodra|Knock Off|p1a: Tyrantr
|-resisted|p1a: Tyrantr
|-damage|p1a: Tyrantr|87/100
|-enditem|p1a: Tyrantr|Assault Vest|[from] move: Knock Off|[of] p2a: Goodra
|
|-heal|p2a: Goodra|93/100|[from] Grassy Terrain
|-heal|p1a: Tyrantr|93/100|[from] Grassy Terrain
|upkeep
|turn|4
|
|t:|1760851883
|switch|p2a: Alomomola|Alomomola, F|100/100
|move|p1a: Tyrantr|Knock Off|p2a: Alomomola
|-damage|p2a: Alomomola|80/100
|-enditem|p2a: Alomomola|Heavy-Duty Boots|[from] move: Knock Off|[of] p1a: Tyrantr
|
|-heal|p2a: Alomomola|86/100|[from] Grassy Terrain
|-heal|p1a: Tyrantr|99/100|[from] Grassy Terrain
|upkeep
|turn|5
|
|t:|1760851893
|move|p2a: Alomomola|Scald|p1a: Tyrantr
|-damage|p1a: Tyrantr|91/100
|-status|p1a: Tyrantr|brn
|move|p1a: Tyrantr|Poison Jab|p2a: Alomomola
|-damage|p2a: Alomomola|77/100
|-status|p2a: Alomomola|psn
|
|-heal|p2a: Alomomola|83/100 psn|[from] Grassy Terrain
|-heal|p1a: Tyrantr|97/100 brn|[from] Grassy Terrain
|-damage|p2a: Alomomola|71/100 psn|[from] psn
|-damage|p1a: Tyrantr|91/100 brn|[from] brn
|upkeep
|turn|6
|
|t:|1760851911
|move|p2a: Alomomola|Flip Turn|p1a: Tyrantr
|-damage|p1a: Tyrantr|74/100 brn
|
|t:|1760851914
|switch|p2a: Electivire|Electivire, F|100/100|[from] Flip Turn
|move|p1a: Tyrantr|Poison Jab|p2a: Electivire
|-damage|p2a: Electivire|72/100
|-status|p2a: Electivire|psn
|
|-heal|p2a: Electivire|79/100 psn|[from] Grassy Terrain
|-heal|p1a: Tyrantr|80/100 brn|[from] Grassy Terrain
|-damage|p2a: Electivire|66/100 psn|[from] psn
|-damage|p1a: Tyrantr|74/100 brn|[from] brn
|upkeep
|turn|7
|
|t:|1760851933
|switch|p1a: Rillaboom|Rillaboom, F|100/100
|move|p2a: Electivire|Earthquake|p1a: Rillaboom
|-resisted|p1a: Rillaboom
|-damage|p1a: Rillaboom|90/100
|-damage|p2a: Electivire|56/100 psn|[from] item: Life Orb
|
|-heal|p2a: Electivire|62/100 psn|[from] Grassy Terrain
|-heal|p1a: Rillaboom|96/100|[from] Grassy Terrain
|-damage|p2a: Electivire|50/100 psn|[from] psn
|upkeep
|turn|8
|
|t:|1760851945
|switch|p2a: Hydrapple|Hydrapple, M|100/100
|move|p1a: Rillaboom|U-turn|p2a: Hydrapple
|-supereffective|p2a: Hydrapple
|-damage|p2a: Hydrapple|71/100
|
|t:|1760851950
|switch|p1a: Gholdengo|Gholdengo|100/100|[from] U-turn
|
|-heal|p2a: Hydrapple|77/100|[from] Grassy Terrain
|-fieldend|move: Grassy Terrain
|upkeep
|turn|9
|
|t:|1760851958
|switch|p2a: Goodra|Goodra-Hisui, M|93/100
|move|p1a: Gholdengo|Focus Blast|p2a: Goodra|[miss]
|-miss|p1a: Gholdengo|p2a: Goodra
|
|upkeep
|turn|10
|
|t:|1760851965
|switch|p1a: Tyrantr|Muk-Alola, F|74/100 brn
|move|p2a: Goodra|Knock Off|p1a: Tyrantr
|-resisted|p1a: Tyrantr
|-damage|p1a: Tyrantr|66/100 brn
|
|-damage|p1a: Tyrantr|60/100 brn|[from] brn
|upkeep
|turn|11
|
|t:|1760851978
|switch|p1a: Gholdengo|Gholdengo|100/100
|move|p2a: Goodra|Earthquake|p1a: Gholdengo
|-supereffective|p1a: Gholdengo
|-damage|p1a: Gholdengo|38/100
|
|upkeep
|turn|12
|
|t:|1760851985
|move|p1a: Gholdengo|Focus Blast|p2a: Goodra|[miss]
|-miss|p1a: Gholdengo|p2a: Goodra
|move|p2a: Goodra|Knock Off|p1a: Gholdengo
|-supereffective|p1a: Gholdengo
|-damage|p1a: Gholdengo|0 fnt
|-enditem|p1a: Gholdengo|Choice Specs|[from] move: Knock Off|[of] p2a: Goodra
|faint|p1a: Gholdengo
|
|upkeep
|-message|Demonfromthemist forfeited.
|
|win|YJIOG
|raw|Demonfromthemist's rating: 1453 &rarr; <strong>1433</strong><br />(-20 for losing)
|raw|YJIOG's rating: 1460 &rarr; <strong>1480</strong><br />(+20 for winning)
|l|☆Demonfromthemist
|player|p1|
