|j|☆vryfast
|j|☆lovely_femboy-Tt
|t:|1760782848
|gametype|singles
|player|p1|vryfast|169|1092
|player|p2|lovely_femboy-Tt|fantina|1050
|gen|9
|tier|[Gen 9] OU
|rated|
|rule|HP Percentage Mod: HP is shown in percentages
|rule|Endless Battle Clause: Forcing endless battles is banned
|rule|Species Clause: Limit one of each Pokémon
|rule|OHKO Clause: OHKO moves are banned
|rule|Evasion Items Clause: Evasion items are banned
|rule|Evasion Moves Clause: Evasion moves are banned
|rule|Evasion Abilities Clause: Evasion abilities are banned
|rule|Sleep Moves Clause: Sleep-inducing moves are banned
|clearpoke
|poke|p1|Venusaur, F|
|poke|p1|Ninetales, M|
|poke|p1|Walking Wake|
|poke|p1|Sandy Shocks|
|poke|p1|Deoxys-Defense|
|poke|p1|Wartortle, M|
|poke|p2|Kingdra, F|
|poke|p2|Dragonite, F|
|poke|p2|Altaria, M|
|poke|p2|Salamence, M|
|poke|p2|Garchomp, F|
|poke|p2|Gyarados, M|
|teampreview
|inactive|Battle timer is ON: inactive players will automatically lose when time's up. (requested by lovely_femboy-Tt)
|
|t:|1760782863
|teamsize|p1|6
|teamsize|p2|6
|start
|switch|p1a: Deoxys|Deoxys-Defense|100/100
|switch|p2a: Gyarados|Gyarados, M|100/100
|-ability|p2a: Gyarados|Intimidate|boost
|-unboost|p1a: Deoxys|atk|1
|-ability|p1a: Deoxys|Pressure
|turn|1
|
|t:|1760782871
|move|p2a: Gyarados|Dragon Dance|p2a: Gyarados
|-boost|p2a: Gyarados|atk|1
|-boost|p2a: Gyarados|spe|1
|move|p1a: Deoxys|Stealth Rock|p2a: Gyarados
|-sidestart|p2: lovely_femboy-Tt|move: Stealth Rock
|
|upkeep
|turn|2
|
|t:|1760782878
|move|p2a: Gyarados|Dragon Dance|p2a: Gyarados
|-boost|p2a: Gyarados|atk|1
|-boost|p2a: Gyarados|spe|1
|move|p1a: Deoxys|Spikes|p2a: Gyarados
|-sidestart|p2: lovely_femboy-Tt|Spikes
|
|upkeep
|turn|3
|
|t:|1760782885
|move|p1a: Deoxys|Spikes|p2a: Gyarados
|-sidestart|p2: lovely_femboy-Tt|Spikes
|move|p2a: Gyarados|Dragon Tail|p1a: Deoxys
|-damage|p1a: Deoxys|73/100
|drag|p1a: Walking Wake|Walking Wake|100/100
|
|upkeep
|turn|4
|
|t:|1760782898
|move|p1a: Walking Wake|Dragon Pulse|p2a: Gyarados
|-damage|p2a: Gyarados|60/100
|move|p2a: Gyarados|Dragon Tail|p1a: Walking Wake|[miss]
|-miss|p2a: Gyarados|p1a: Walking Wake
|
|upkeep
|turn|5
|
|t:|1760782908
|move|p1a: Walking Wake|Dragon Pulse|p2a: Gyarados
|-damage|p2a: Gyarados|19/100
|move|p2a: Gyarados|Dragon Tail|p1a: Walking Wake
|-supereffective|p1a: Walking Wake
|-damage|p1a: Walking Wake|6/100
|-end|p1a: Walking Wake|Protosynthesis|[silent]
|drag|p1a: Venusaur|Venusaur, F|100/100
|
|upkeep
|turn|6
|
|t:|1760782918
|move|p2a: Gyarados|Earthquake|p1a: Venusaur
|-damage|p1a: Venusaur|15/100
|move|p1a: Venusaur|Sludge Bomb|p2a: Gyarados
|-damage|p2a: Gyarados|0 fnt
|faint|p2a: Gyarados
|-damage|p1a: Venusaur|5/100|[from] item: Life Orb
|
|upkeep
|
|t:|1760782934
|switch|p2a: Salamence|Salamence, M|100/100
|-damage|p2a: Salamence|76/100|[from] Stealth Rock
|turn|7
|
|t:|1760782954
|move|p2a: Salamence|Earthquake|p1a: Venusaur
|-damage|p1a: Venusaur|0 fnt
|faint|p1a: Venusaur
|-ability|p2a: Salamence|Moxie|boost
|-boost|p2a: Salamence|atk|1
|
|upkeep
|
|t:|1760782961
|switch|p1a: Walking Wake|Walking Wake|6/100
|turn|8
|
|t:|1760782968
|move|p1a: Walking Wake|Dragon Pulse|p2a: Salamence
|-supereffective|p2a: Salamence
|-damage|p2a: Salamence|0 fnt
|faint|p2a: Salamence
|
|upkeep
|
|t:|1760782988
|switch|p2a: Garchomp|Garchomp, F|100/100
|-damage|p2a: Garchomp|94/100|[from] Stealth Rock
|-damage|p2a: Garchomp|78/100|[from] Spikes
|turn|9
|
|t:|1760783001
|-end|p1a: Walking Wake|Protosynthesis|[silent]
|switch|p1a: Deoxys|Deoxys-Defense|73/100
|-ability|p1a: Deoxys|Pressure
|move|p2a: Garchomp|Scale Shot|p1a: Deoxys
|-damage|p1a: Deoxys|65/100
|-damage|p1a: Deoxys|56/100
|-hitcount|p1a: Deoxys|2
|-unboost|p2a: Garchomp|def|1
|-boost|p2a: Garchomp|spe|1
|
|upkeep
|turn|10
|
|t:|1760783021
|move|p2a: Garchomp|Swords Dance|p2a: Garchomp
|-boost|p2a: Garchomp|atk|2
|move|p1a: Deoxys|Sunny Day|p1a: Deoxys
|-weather|SunnyDay
|
|-weather|SunnyDay|[upkeep]
|upkeep
|turn|11
|
|t:|1760783027
|move|p2a: Garchomp|Earthquake|p1a: Deoxys
|-damage|p1a: Deoxys|0 fnt
|faint|p1a: Deoxys
|
|-weather|SunnyDay|[upkeep]
|upkeep
|
|t:|1760783031
|switch|p1a: Walking Wake|Walking Wake|6/100
|-activate|p1a: Walking Wake|ability: Protosynthesis
|-start|p1a: Walking Wake|protosynthesisspe
|turn|12
|
|t:|1760783037
|move|p1a: Walking Wake|Hydro Steam|p2a: Garchomp
|-crit|p2a: Garchomp
|-damage|p2a: Garchomp|0 fnt
|faint|p2a: Garchomp
|
|-weather|SunnyDay|[upkeep]
|upkeep
|
|t:|1760783045
|switch|p2a: Altaria|Altaria, M|100/100
|-damage|p2a: Altaria|76/100|[from] Stealth Rock
|turn|13
|
|t:|1760783057
|move|p1a: Walking Wake|Noble Roar|p2a: Altaria
|-unboost|p2a: Altaria|atk|1
|-unboost|p2a: Altaria|spa|1
|-enditem|p1a: Walking Wake|Throat Spray
|-boost|p1a: Walking Wake|spa|1|[from] item: Throat Spray
|move|p2a: Altaria|Fire Blast|p1a: Walking Wake
|-resisted|p1a: Walking Wake
|-damage|p1a: Walking Wake|0 fnt
|faint|p1a: Walking Wake
|-end|p1a: Walking Wake|Protosynthesis|[silent]
|
|-weather|SunnyDay|[upkeep]
|-heal|p2a: Altaria|82/100|[from] item: Leftovers
|upkeep
|
|t:|1760783071
|switch|p1a: Sandy Shocks|Sandy Shocks|100/100
|-activate|p1a: Sandy Shocks|ability: Protosynthesis
|-start|p1a: Sandy Shocks|protosynthesisspe
|turn|14
|
|t:|1760783079
|-terastallize|p1a: Sandy Shocks|Electric
|move|p1a: Sandy Shocks|Thunderbolt|p2a: Altaria
|-damage|p2a: Altaria|9/100
|-status|p2a: Altaria|par
|-damage|p1a: Sandy Shocks|91/100|[from] item: Life Orb
|cant|p2a: Altaria|par
|
|-weather|SunnyDay|[upkeep]
|-heal|p2a: Altaria|15/100 par|[from] item: Leftovers
|upkeep
|turn|15
|
|t:|1760783090
|move|p1a: Sandy Shocks|Thunderbolt|p2a: Altaria
|-damage|p2a: Altaria|0 fnt
|faint|p2a: Altaria
|-damage|p1a: Sandy Shocks|81/100|[from] item: Life Orb
|
|-weather|SunnyDay|[upkeep]
|upkeep
|
|t:|1760783097
|switch|p2a: Dragonite|Dragonite, F|100/100
|-damage|p2a: Dragonite|76/100|[from] Stealth Rock
|turn|16
|
|t:|1760783110
|-terastallize|p2a: Dragonite|Ground
|move|p1a: Sandy Shocks|Thunderbolt|p2a: Dragonite
|-immune|p2a: Dragonite
|move|p2a: Dragonite|Earthquake|p1a: Sandy Shocks
|-supereffective|p1a: Sandy Shocks
|-damage|p1a: Sandy Shocks|0 fnt
|faint|p1a: Sandy Shocks
|-end|p1a: Sandy Shocks|Protosynthesis|[silent]
|
|-weather|SunnyDay|[upkeep]
|upkeep
|
|t:|1760783118
|switch|p1a: Ninetales|Ninetales, M|100/100
|turn|17
|
|t:|1760783123
|move|p1a: Ninetales|Will-O-Wisp|p2a: Dragonite
|-status|p2a: Dragonite|brn
|move|p2a: Dragonite|Earthquake|p1a: Ninetales
|-supereffective|p1a: Ninetales
|-damage|p1a: Ninetales|33/100
|
|-weather|none
|-damage|p2a: Dragonite|69/100 brn|[from] brn
|upkeep
|turn|18
|
|t:|1760783132
|move|p1a: Ninetales|Memento|p2a: Dragonite
|-unboost|p2a: Dragonite|atk|2
|-unboost|p2a: Dragonite|spa|2
|faint|p1a: Ninetales
|move|p2a: Dragonite|Earthquake|p1: Ninetales|[notarget]
|-fail|p2a: Dragonite
|
|-damage|p2a: Dragonite|63/100 brn|[from] brn
|upkeep
|
|t:|1760783141
|switch|p1a: Wartortle|Wartortle, M|100/100
|turn|19
|
|t:|1760783148
|move|p2a: Dragonite|Extreme Speed|p1a: Wartortle
|-damage|p1a: Wartortle|96/100
|move|p1a: Wartortle|Wave Crash|p2a: Dragonite
|-supereffective|p2a: Dragonite
|-damage|p2a: Dragonite|10/100 brn
|-damage|p1a: Wartortle|75/100|[from] Recoil
|
|-damage|p2a: Dragonite|4/100 brn|[from] brn
|upkeep
|turn|20
|
|t:|1760783158
|move|p2a: Dragonite|Extreme Speed|p1a: Wartortle
|-damage|p1a: Wartortle|70/100
|move|p1a: Wartortle|Aqua Jet|p2a: Dragonite
|-supereffective|p2a: Dragonite
|-damage|p2a: Dragonite|0 fnt
|faint|p2a: Dragonite
|
|upkeep
|
|t:|1760783166
|switch|p2a: Kingdra|Kingdra, F, shiny|100/100
|-damage|p2a: Kingdra|88/100|[from] Stealth Rock
|-damage|p2a: Kingdra|72/100|[from] Spikes
|turn|21
|
|t:|1760783176
|move|p2a: Kingdra|Dragon Dance|p2a: Kingdra
|-boost|p2a: Kingdra|atk|1
|-boost|p2a: Kingdra|spe|1
|move|p1a: Wartortle|Rapid Spin|p2a: Kingdra
|-damage|p2a: Kingdra|62/100
|-boost|p1a: Wartortle|spe|1
|
|upkeep
|turn|22
|
|t:|1760783185
|move|p2a: Kingdra|Outrage|p1a: Wartortle
|-crit|p1a: Wartortle
|-damage|p1a: Wartortle|0 fnt
|faint|p1a: Wartortle
|
|win|lovely_femboy-Tt
|raw|vryfast's rating: 1092 &rarr; <strong>1065</strong><br />(-27 for losing)
|raw|lovely_femboy-Tt's rating: 1050 &rarr; <strong>1086</strong><br />(+36 for winning)
|l|☆vryfast
|player|p1|
|l|☆lovely_femboy-Tt
|player|p2|
