|j|☆NoNSket
|j|☆soyadcf
|t:|1760851747
|gametype|singles
|player|p1|NoNSket|265|1155
|player|p2|soyadcf|marlon|1120
|gen|9
|tier|[Gen 9] OU
|rated|
|rule|HP Percentage Mod: HP is shown in percentages
|rule|Endless Battle Clause: Forcing endless battles is banned
|rule|Species Clause: Limit one of each Pokémon
|rule|OHKO Clause: OHKO moves are banned
|rule|Evasion Items Clause: Evasion items are banned
|rule|Evasion Moves Clause: Evasion moves are banned
|rule|Evasion Abilities Clause: Evasion abilities are banned
|rule|Sleep Moves Clause: Sleep-inducing moves are banned
|clearpoke
|poke|p1|Mimikyu, M|
|poke|p1|Venusaur, M|
|poke|p1|Skarmory, F|
|poke|p1|Electrode|
|poke|p1|Gyarados, F|
|poke|p1|Dugtrio, F|
|poke|p2|Iron Hands|
|poke|p2|Grimmsnarl, M|
|poke|p2|Great Tusk|
|poke|p2|Dragonite, F|
|poke|p2|Glimmora, M|
|poke|p2|Iron Crown|
|teampreview
|
|t:|1760851751
|teamsize|p1|6
|teamsize|p2|6
|start
|switch|p1a: Skarmory|Skarmory, F|100/100
|switch|p2a: Grimmsnarl|Grimmsnarl, M, shiny|100/100
|turn|1
|
|t:|1760851759
|move|p2a: Grimmsnarl|Reflect|p2a: Grimmsnarl
|-sidestart|p2: soyadcf|Reflect
|move|p1a: Skarmory|Stealth Rock|p2a: Grimmsnarl
|-sidestart|p2: soyadcf|move: Stealth Rock
|
|upkeep
|turn|2
|
|t:|1760851764
|move|p2a: Grimmsnarl|Light Screen|p2a: Grimmsnarl
|-sidestart|p2: soyadcf|move: Light Screen
|move|p1a: Skarmory|Iron Defense|p1a: Skarmory
|-boost|p1a: Skarmory|def|2
|
|upkeep
|turn|3
|
|t:|1760851766
|move|p2a: Grimmsnarl|Parting Shot|p1a: Skarmory
|-unboost|p1a: Skarmory|atk|1
|-unboost|p1a: Skarmory|spa|1
|
|t:|1760851770
|switch|p2a: Great Tusk|Great Tusk|100/100|[from] Parting Shot
|-damage|p2a: Great Tusk|98/100|[from] Stealth Rock
|-enditem|p2a: Great Tusk|Booster Energy
|-activate|p2a: Great Tusk|ability: Protosynthesis|[fromitem]
|-start|p2a: Great Tusk|protosynthesisspe
|move|p1a: Skarmory|Iron Defense|p1a: Skarmory
|-boost|p1a: Skarmory|def|2
|
|upkeep
|turn|4
|
|t:|1760851775
|move|p2a: Great Tusk|Rapid Spin|p1a: Skarmory
|-resisted|p1a: Skarmory
|-damage|p1a: Skarmory|98/100
|-boost|p2a: Great Tusk|spe|1
|-damage|p2a: Great Tusk|81/100|[from] item: Rocky Helmet|[of] p1a: Skarmory
|-sideend|p2: soyadcf|Stealth Rock|[from] move: Rapid Spin|[of] p2a: Great Tusk
|move|p1a: Skarmory|Iron Defense|p1a: Skarmory
|-boost|p1a: Skarmory|def|2
|
|upkeep
|turn|5
|
|t:|1760851783
|move|p2a: Great Tusk|Bulk Up|p2a: Great Tusk
|-boost|p2a: Great Tusk|atk|1
|-boost|p2a: Great Tusk|def|1
|move|p1a: Skarmory|Body Press|p2a: Great Tusk
|-damage|p2a: Great Tusk|62/100
|
|upkeep
|turn|6
|
|t:|1760851786
|move|p2a: Great Tusk|Bulk Up|p2a: Great Tusk
|-boost|p2a: Great Tusk|atk|1
|-boost|p2a: Great Tusk|def|1
|move|p1a: Skarmory|Body Press|p2a: Great Tusk
|-damage|p2a: Great Tusk|46/100
|
|upkeep
|turn|7
|
|t:|1760851794
|move|p2a: Great Tusk|Ice Spinner|p1a: Skarmory
|-damage|p1a: Skarmory|89/100
|-damage|p2a: Great Tusk|30/100|[from] item: Rocky Helmet|[of] p1a: Skarmory
|move|p1a: Skarmory|Body Press|p2a: Great Tusk
|-damage|p2a: Great Tusk|14/100
|
|upkeep
|turn|8
|
|t:|1760851800
|move|p2a: Great Tusk|Ice Spinner|p1a: Skarmory
|-damage|p1a: Skarmory|80/100
|-damage|p2a: Great Tusk|0 fnt|[from] item: Rocky Helmet|[of] p1a: Skarmory
|faint|p2a: Great Tusk
|-end|p2a: Great Tusk|Protosynthesis|[silent]
|move|p1a: Skarmory|Body Press|p2: Great Tusk|[notarget]
|-fail|p1a: Skarmory
|
|-sideend|p2: soyadcf|Reflect
|upkeep
|
|t:|1760851803
|switch|p2a: Glimmora|Glimmora, M|100/100
|turn|9
|
|t:|1760851806
|move|p2a: Glimmora|Meteor Beam||[still]
|-prepare|p2a: Glimmora|Meteor Beam
|-boost|p2a: Glimmora|spa|1
|-enditem|p2a: Glimmora|Power Herb
|-anim|p2a: Glimmora|Meteor Beam|p1a: Skarmory
|-damage|p1a: Skarmory|0 fnt
|faint|p1a: Skarmory
|
|-sideend|p2: soyadcf|move: Light Screen
|upkeep
|
|t:|1760851816
|switch|p1a: Mimikyu|Mimikyu, M|100/100
|turn|10
|
|t:|1760851822
|move|p1a: Mimikyu|Bulk Up|p1a: Mimikyu
|-boost|p1a: Mimikyu|atk|1
|-boost|p1a: Mimikyu|def|1
|move|p2a: Glimmora|Earth Power|p1a: Mimikyu
|-activate|p1a: Mimikyu|ability: Disguise
|-damage|p1a: Mimikyu|100/100
|detailschange|p1a: Mimikyu|Mimikyu-Busted, M
|-damage|p1a: Mimikyu|88/100|[from] pokemon: Mimikyu-Busted
|
|-heal|p1a: Mimikyu|94/100|[from] item: Leftovers
|upkeep
|turn|11
|
|t:|1760851828
|move|p1a: Mimikyu|Drain Punch|p2a: Glimmora
|-damage|p2a: Glimmora|63/100
|-heal|p1a: Mimikyu|100/100|[from] drain|[of] p2a: Glimmora
|-activate|p2a: Glimmora|ability: Toxic Debris
|-sidestart|p1: NoNSket|move: Toxic Spikes
|move|p2a: Glimmora|Earth Power|p1a: Mimikyu
|-damage|p1a: Mimikyu|28/100
|-unboost|p1a: Mimikyu|spd|1
|
|-heal|p1a: Mimikyu|34/100|[from] item: Leftovers
|upkeep
|turn|12
|
|t:|1760851836
|move|p1a: Mimikyu|Drain Punch|p2a: Glimmora
|-damage|p2a: Glimmora|23/100
|-heal|p1a: Mimikyu|59/100|[from] drain|[of] p2a: Glimmora
|-activate|p2a: Glimmora|ability: Toxic Debris
|-sidestart|p1: NoNSket|move: Toxic Spikes
|move|p2a: Glimmora|Rock Polish|p2a: Glimmora
|-boost|p2a: Glimmora|spe|2
|
|-heal|p1a: Mimikyu|65/100|[from] item: Leftovers
|upkeep
|turn|13
|
|t:|1760851840
|move|p2a: Glimmora|Earth Power|p1a: Mimikyu
|-damage|p1a: Mimikyu|0 fnt
|faint|p1a: Mimikyu
|
|upkeep
|
|t:|1760851844
|switch|p1a: Venusaur|Venusaur, M|100/100
|-sideend|p1: NoNSket|move: Toxic Spikes|[of] p1a: Venusaur
|turn|14
|
|t:|1760851852
|move|p2a: Glimmora|Earth Power|p1a: Venusaur
|-damage|p1a: Venusaur|55/100
|move|p1a: Venusaur|Giga Drain|p2a: Glimmora
|-damage|p2a: Glimmora|0 fnt
|-heal|p1a: Venusaur|64/100|[from] drain|[of] p2a: Glimmora
|faint|p2a: Glimmora
|
|-heal|p1a: Venusaur|70/100|[from] item: Leftovers
|upkeep
|
|t:|1760851859
|switch|p2a: Grimmsnarl|Grimmsnarl, M, shiny|100/100
|turn|15
|
|t:|1760851863
|move|p2a: Grimmsnarl|Light Screen|p2a: Grimmsnarl
|-sidestart|p2: soyadcf|move: Light Screen
|move|p1a: Venusaur|Leech Seed|p2a: Grimmsnarl
|-start|p2a: Grimmsnarl|move: Leech Seed
|
|-heal|p1a: Venusaur|76/100|[from] item: Leftovers
|-damage|p2a: Grimmsnarl|88/100|[from] Leech Seed|[of] p1a: Venusaur
|-heal|p1a: Venusaur|90/100|[silent]
|upkeep
|turn|16
|
|t:|1760851867
|move|p2a: Grimmsnarl|Parting Shot|p1a: Venusaur
|-unboost|p1a: Venusaur|atk|1
|-unboost|p1a: Venusaur|spa|1
|
|t:|1760851870
|switch|p2a: Iron Hands|Iron Hands|100/100|[from] Parting Shot
|move|p1a: Venusaur|Sludge Bomb|p2a: Iron Hands
|-damage|p2a: Iron Hands|89/100
|
|-heal|p1a: Venusaur|96/100|[from] item: Leftovers
|-heal|p2a: Iron Hands|95/100|[from] item: Leftovers
|upkeep
|turn|17
|
|t:|1760851875
|move|p1a: Venusaur|Leech Seed|p2a: Iron Hands
|-start|p2a: Iron Hands|move: Leech Seed
|move|p2a: Iron Hands|Swords Dance|p2a: Iron Hands
|-boost|p2a: Iron Hands|atk|2
|
|-heal|p1a: Venusaur|100/100|[from] item: Leftovers
|-heal|p2a: Iron Hands|100/100|[from] item: Leftovers
|-damage|p2a: Iron Hands|88/100|[from] Leech Seed|[of] p1a: Venusaur
|upkeep
|turn|18
|
|t:|1760851890
|move|p1a: Venusaur|Giga Drain|p2a: Iron Hands
|-damage|p2a: Iron Hands|78/100
|move|p2a: Iron Hands|Ice Punch|p1a: Venusaur
|-supereffective|p1a: Venusaur
|-damage|p1a: Venusaur|0 fnt
|faint|p1a: Venusaur
|
|-heal|p2a: Iron Hands|84/100|[from] item: Leftovers
|upkeep
|
|t:|1760851892
|switch|p1a: Dugtrio|Dugtrio, F|100/100
|turn|19
|
|t:|1760851905
|move|p1a: Dugtrio|Curse|p1a: Dugtrio
|-unboost|p1a: Dugtrio|spe|1
|-boost|p1a: Dugtrio|atk|1
|-boost|p1a: Dugtrio|def|1
|move|p2a: Iron Hands|Drain Punch|p1a: Dugtrio
|-damage|p1a: Dugtrio|0 fnt
|-heal|p2a: Iron Hands|100/100|[from] drain|[of] p1a: Dugtrio
|faint|p1a: Dugtrio
|
|upkeep
|
|t:|1760851913
|switch|p1a: Gyarados|Gyarados, F|100/100
|-ability|p1a: Gyarados|Intimidate|boost
|-unboost|p2a: Iron Hands|atk|1
|turn|20
|
|t:|1760851916
|move|p1a: Gyarados|Body Slam|p2a: Iron Hands
|-damage|p2a: Iron Hands|82/100
|move|p2a: Iron Hands|Thunder Punch|p1a: Gyarados
|-supereffective|p1a: Gyarados
|-damage|p1a: Gyarados|0 fnt
|faint|p1a: Gyarados
|
|-heal|p2a: Iron Hands|88/100|[from] item: Leftovers
|upkeep
|
|t:|1760851922
|switch|p1a: Electrode|Electrode|100/100
|turn|21
|
|t:|1760851926
|move|p1a: Electrode|Charge Beam|p2a: Iron Hands
|-resisted|p2a: Iron Hands
|-damage|p2a: Iron Hands|84/100
|-boost|p1a: Electrode|spa|1
|move|p2a: Iron Hands|Drain Punch|p1a: Electrode
|-damage|p1a: Electrode|5/100
|-heal|p2a: Iron Hands|100/100|[from] drain|[of] p1a: Electrode
|
|-damage|p2a: Iron Hands|88/100|[from] Leech Seed|[of] p1a: Electrode
|-heal|p1a: Electrode|29/100|[silent]
|upkeep
|turn|22
|
|t:|1760851934
|move|p1a: Electrode|Volt Switch|p2a: Iron Hands
|-resisted|p2a: Iron Hands
|-damage|p2a: Iron Hands|81/100
|move|p2a: Iron Hands|Drain Punch|p1a: Electrode
|-damage|p1a: Electrode|0 fnt
|-heal|p2a: Iron Hands|88/100|[from] drain|[of] p1a: Electrode
|faint|p1a: Electrode
|
|win|soyadcf
|raw|NoNSket's rating: 1155 &rarr; <strong>1127</strong><br />(-28 for losing)
|raw|soyadcf's rating: 1120 &rarr; <strong>1148</strong><br />(+28 for winning)
|l|☆soyadcf
|player|p2|
|l|☆NoNSket
|player|p1|
