|j|☆plsnostealthrock
|j|☆Sisterfister03
|t:|1760801089
|gametype|singles
|player|p1|plsnostealthrock|roxie|1048
|player|p2|Sisterfister03|1|1100
|gen|9
|tier|[Gen 9] OU
|rated|
|rule|HP Percentage Mod: HP is shown in percentages
|rule|Endless Battle Clause: Forcing endless battles is banned
|rule|Species Clause: Limit one of each Pokémon
|rule|OHKO Clause: OHKO moves are banned
|rule|Evasion Items Clause: Evasion items are banned
|rule|Evasion Moves Clause: Evasion moves are banned
|rule|Evasion Abilities Clause: Evasion abilities are banned
|rule|Sleep Moves Clause: Sleep-inducing moves are banned
|clearpoke
|poke|p1|Lucario, F|
|poke|p1|Clodsire, M|
|poke|p1|Dusclops, F|
|poke|p1|Ogerpon-Wellspring, F|
|poke|p1|Weavile, M|
|poke|p1|Zapdos|
|poke|p2|Quaquaval, F|
|poke|p2|Kyurem|
|poke|p2|Skeledirge, F|
|poke|p2|Gallade, M|
|poke|p2|Glimmora, M|
|poke|p2|Ribombee, M|
|teampreview
|
|t:|1760801103
|teamsize|p1|6
|teamsize|p2|6
|start
|switch|p1a: Goku|Lucario, F, shiny|100/100
|switch|p2a: Glimmora|Glimmora, M|100/100
|turn|1
|
|t:|1760801114
|move|p1a: Goku|Nasty Plot|p1a: Goku
|-boost|p1a: Goku|spa|2
|move|p2a: Glimmora|Acid Armor|p2a: Glimmora
|-boost|p2a: Glimmora|def|2
|
|upkeep
|turn|2
|
|t:|1760801123
|switch|p2a: Skeledirge|Skeledirge, F, shiny|100/100
|move|p1a: Goku|Nasty Plot|p1a: Goku
|-boost|p1a: Goku|spa|2
|
|upkeep
|turn|3
|inactive|Battle timer is ON: inactive players will automatically lose when time's up. (requested by Sisterfister03)
|
|t:|1760801138
|switch|p1a: Clodsire|Clodsire, M, shiny|100/100
|move|p2a: Skeledirge|Flame Charge|p1a: Clodsire
|-damage|p1a: Clodsire|90/100
|-boost|p2a: Skeledirge|spe|1
|
|-heal|p1a: Clodsire|96/100|[from] item: Black Sludge
|upkeep
|turn|4
|
|t:|1760801147
|move|p2a: Skeledirge|Torch Song|p1a: Clodsire
|-damage|p1a: Clodsire|69/100
|-boost|p2a: Skeledirge|spa|1
|move|p1a: Clodsire|Earthquake|p2a: Skeledirge
|-supereffective|p2a: Skeledirge
|-damage|p2a: Skeledirge|45/100
|
|-heal|p1a: Clodsire|75/100|[from] item: Black Sludge
|upkeep
|turn|5
|
|t:|1760801154
|move|p2a: Skeledirge|Torch Song|p1a: Clodsire
|-damage|p1a: Clodsire|37/100
|-boost|p2a: Skeledirge|spa|1
|move|p1a: Clodsire|Earthquake|p2a: Skeledirge
|-supereffective|p2a: Skeledirge
|-damage|p2a: Skeledirge|0 fnt
|faint|p2a: Skeledirge
|
|-heal|p1a: Clodsire|43/100|[from] item: Black Sludge
|upkeep
|
|t:|1760801158
|switch|p2a: Quaquaval|Quaquaval, F|100/100
|turn|6
|
|t:|1760801163
|move|p2a: Quaquaval|Aqua Step|p1a: Clodsire
|-heal|p1a: Clodsire|68/100|[from] ability: Water Absorb|[of] p2a: Quaquaval
|move|p1a: Clodsire|Poison Jab|p2a: Quaquaval
|-damage|p2a: Quaquaval|72/100
|
|-heal|p1a: Clodsire|74/100|[from] item: Black Sludge
|upkeep
|turn|7
|
|t:|1760801175
|move|p2a: Quaquaval|Ice Spinner|p1a: Clodsire
|-supereffective|p1a: Clodsire
|-damage|p1a: Clodsire|26/100
|move|p1a: Clodsire|Stealth Rock|p2a: Quaquaval
|-sidestart|p2: Sisterfister03|move: Stealth Rock
|
|-heal|p1a: Clodsire|33/100|[from] item: Black Sludge
|upkeep
|turn|8
|
|t:|1760801182
|switch|p1a: Weavile|Weavile, M|100/100
|-ability|p1a: Weavile|Pressure
|move|p2a: Quaquaval|Ice Spinner|p1a: Weavile
|-resisted|p1a: Weavile
|-damage|p1a: Weavile|77/100
|
|upkeep
|turn|9
|
|t:|1760801189
|move|p1a: Weavile|Fake Out|p2a: Quaquaval
|-damage|p2a: Quaquaval|58/100
|cant|p2a: Quaquaval|flinch
|
|upkeep
|turn|10
|
|t:|1760801200
|-terastallize|p1a: Weavile|Ice
|move|p1a: Weavile|Icicle Spear|p2a: Quaquaval
|-resisted|p2a: Quaquaval
|-damage|p2a: Quaquaval|48/100
|-resisted|p2a: Quaquaval
|-damage|p2a: Quaquaval|38/100
|-resisted|p2a: Quaquaval
|-damage|p2a: Quaquaval|28/100
|-resisted|p2a: Quaquaval
|-damage|p2a: Quaquaval|19/100
|-hitcount|p2a: Quaquaval|4
|move|p2a: Quaquaval|Aqua Step|p1a: Weavile
|-damage|p1a: Weavile|14/100
|-boost|p2a: Quaquaval|spe|1
|
|upkeep
|turn|11
|
|t:|1760801210
|move|p2a: Quaquaval|Aqua Step|p1a: Weavile
|-damage|p1a: Weavile|0 fnt
|-boost|p2a: Quaquaval|spe|1
|faint|p1a: Weavile
|-ability|p2a: Quaquaval|Moxie|boost
|-boost|p2a: Quaquaval|atk|1
|
|upkeep
|
|t:|1760801213
|switch|p1a: Goku|Lucario, F, shiny|100/100
|turn|12
|
|t:|1760801221
|move|p1a: Goku|Vacuum Wave|p2a: Quaquaval
|-damage|p2a: Quaquaval|0 fnt
|faint|p2a: Quaquaval
|-damage|p1a: Goku|91/100|[from] item: Life Orb
|
|upkeep
|
|t:|1760801234
|switch|p2a: Kyurem|Kyurem|100/100
|-damage|p2a: Kyurem|76/100|[from] Stealth Rock
|-ability|p2a: Kyurem|Pressure
|turn|13
|
|t:|1760801246
|-terastallize|p2a: Kyurem|Ghost
|move|p1a: Goku|Aura Sphere|p2a: Kyurem
|-immune|p2a: Kyurem
|move|p2a: Kyurem|Dragon Dance|p2a: Kyurem
|-boost|p2a: Kyurem|atk|1
|-boost|p2a: Kyurem|spe|1
|
|upkeep
|turn|14
|
|t:|1760801258
|move|p2a: Kyurem|Dragon Dance|p2a: Kyurem
|-boost|p2a: Kyurem|atk|1
|-boost|p2a: Kyurem|spe|1
|move|p1a: Goku|Flash Cannon|p2a: Kyurem
|-damage|p2a: Kyurem|27/100
|-damage|p1a: Goku|81/100|[from] item: Life Orb
|
|upkeep
|turn|15
|
|t:|1760801268
|move|p2a: Kyurem|Scale Shot|p1a: Goku
|-resisted|p1a: Goku
|-damage|p1a: Goku|56/100
|-resisted|p1a: Goku
|-damage|p1a: Goku|32/100
|-resisted|p1a: Goku
|-damage|p1a: Goku|9/100
|-resisted|p1a: Goku
|-damage|p1a: Goku|0 fnt
|faint|p1a: Goku
|-hitcount|p1: Goku|4
|-unboost|p2a: Kyurem|def|1
|-boost|p2a: Kyurem|spe|1
|
|upkeep
|
|t:|1760801284
|switch|p1a: Dusclops|Dusclops, F, shiny|100/100
|-item|p2a: Kyurem|Loaded Dice|[from] ability: Frisk|[of] p1a: Dusclops
|turn|16
|
|t:|1760801291
|move|p2a: Kyurem|Icicle Spear|p1a: Dusclops
|-damage|p1a: Dusclops|82/100
|-damage|p1a: Dusclops|65/100
|-damage|p1a: Dusclops|48/100
|-damage|p1a: Dusclops|30/100
|-damage|p1a: Dusclops|13/100
|-hitcount|p1a: Dusclops|5
|move|p1a: Dusclops|Poltergeist|p2a: Kyurem
|-activate|p2a: Kyurem|move: Poltergeist|Loaded Dice
|-supereffective|p2a: Kyurem
|-damage|p2a: Kyurem|0 fnt
|faint|p2a: Kyurem
|
|upkeep
|
|t:|1760801303
|switch|p2a: Glimmora|Glimmora, M|100/100
|-damage|p2a: Glimmora|88/100|[from] Stealth Rock
|turn|17
|
|t:|1760801313
|move|p2a: Glimmora|Acid Armor|p2a: Glimmora
|-boost|p2a: Glimmora|def|2
|move|p1a: Dusclops|Poltergeist|p2a: Glimmora
|-activate|p2a: Glimmora|move: Poltergeist|Leftovers
|-damage|p2a: Glimmora|74/100
|-activate|p2a: Glimmora|ability: Toxic Debris
|-sidestart|p1: plsnostealthrock|move: Toxic Spikes
|
|-heal|p2a: Glimmora|80/100|[from] item: Leftovers
|upkeep
|turn|18
|
|t:|1760801316
|move|p2a: Glimmora|Acid Armor|p2a: Glimmora
|-boost|p2a: Glimmora|def|2
|move|p1a: Dusclops|Haze|p1a: Dusclops
|-clearallboost
|
|-heal|p2a: Glimmora|86/100|[from] item: Leftovers
|upkeep
|turn|19
|inactive|plsnostealthrock has 120 seconds left.
|
|t:|1760801355
|move|p2a: Glimmora|Mortal Spin|p1a: Dusclops
|-resisted|p1a: Dusclops
|-damage|p1a: Dusclops|11/100
|-status|p1a: Dusclops|psn
|-sideend|p2: Sisterfister03|Stealth Rock|[from] move: Mortal Spin|[of] p2a: Glimmora
|move|p1a: Dusclops|Trick Room|p1a: Dusclops
|-fieldstart|move: Trick Room|[of] p1a: Dusclops
|
|-heal|p2a: Glimmora|93/100|[from] item: Leftovers
|-damage|p1a: Dusclops|0 fnt|[from] psn
|faint|p1a: Dusclops
|upkeep
|
|t:|1760801360
|switch|p1a: Clodsire|Clodsire, M, shiny|33/100
|-sideend|p1: plsnostealthrock|move: Toxic Spikes|[of] p1a: Clodsire
|turn|20
|
|t:|1760801383
|switch|p2a: Ribombee|Ribombee, M|100/100
|move|p1a: Clodsire|Earthquake|p2a: Ribombee
|-resisted|p2a: Ribombee
|-damage|p2a: Ribombee|73/100
|
|-heal|p1a: Clodsire|39/100|[from] item: Black Sludge
|-heal|p2a: Ribombee|79/100|[from] item: Leftovers
|upkeep
|turn|21
|
|t:|1760801386
|move|p1a: Clodsire|Poison Jab|p2a: Ribombee
|-supereffective|p2a: Ribombee
|-damage|p2a: Ribombee|0 fnt
|faint|p2a: Ribombee
|
|-heal|p1a: Clodsire|45/100|[from] item: Black Sludge
|upkeep
|
|t:|1760801390
|switch|p2a: Gallade|Gallade, M|100/100
|turn|22
|
|t:|1760801408
|move|p1a: Clodsire|Earthquake|p2a: Gallade
|-damage|p2a: Gallade|56/100
|move|p2a: Gallade|Leaf Blade|p1a: Clodsire
|-damage|p1a: Clodsire|6/100
|
|-heal|p1a: Clodsire|12/100|[from] item: Black Sludge
|upkeep
|turn|23
|
|t:|1760801418
|move|p1a: Clodsire|Earthquake|p2a: Gallade
|-damage|p2a: Gallade|6/100
|move|p2a: Gallade|Agility|p2a: Gallade
|-boost|p2a: Gallade|spe|2
|
|-heal|p1a: Clodsire|18/100|[from] item: Black Sludge
|-fieldend|move: Trick Room
|upkeep
|turn|24
|
|t:|1760801441
|move|p2a: Gallade|Psycho Cut|p1a: Clodsire
|-supereffective|p1a: Clodsire
|-damage|p1a: Clodsire|0 fnt
|faint|p1a: Clodsire
|
|upkeep
|inactive|plsnostealthrock has 120 seconds left.
|
|t:|1760801451
|switch|p1a: Zapdos|Zapdos|100/100
|turn|25
|inactive|plsnostealthrock has 120 seconds left.
|
|t:|1760801468
|move|p2a: Gallade|Psycho Cut|p1a: Zapdos
|-crit|p1a: Zapdos
|-damage|p1a: Zapdos|0 fnt
|faint|p1a: Zapdos
|
|upkeep
|
|t:|1760801470
|switch|p1a: Ogerpon|Ogerpon-Wellspring, F|100/100
|turn|26
|
|t:|1760801483
|move|p2a: Gallade|Leaf Blade|p1a: Ogerpon
|-damage|p1a: Ogerpon|37/100
|move|p1a: Ogerpon|Ivy Cudgel|p2a: Gallade|[anim] Ivy Cudgel Water
|-damage|p2a: Gallade|0 fnt
|faint|p2a: Gallade
|
|upkeep
|
|t:|1760801489
|switch|p2a: Glimmora|Glimmora, M|93/100
|turn|27
|
|t:|1760801503
|move|p1a: Ogerpon|Ivy Cudgel|p2a: Glimmora|[anim] Ivy Cudgel Water
|-supereffective|p2a: Glimmora
|-damage|p2a: Glimmora|0 fnt
|-activate|p2a: Glimmora|ability: Toxic Debris
|-sidestart|p1: plsnostealthrock|move: Toxic Spikes
|faint|p2a: Glimmora
|
|win|plsnostealthrock
|raw|plsnostealthrock's rating: 1048 &rarr; <strong>1086</strong><br />(+38 for winning)
|raw|Sisterfister03's rating: 1100 &rarr; <strong>1071</strong><br />(-29 for losing)
|c|☆plsnostealthrock|Gg
|l|☆Sisterfister03
|player|p2|
