|j|☆Denvertzzz
|j|☆AdrianPoop1234
|t:|1760835606
|gametype|singles
|player|p1|Denvertzzz|2|1270
|player|p2|AdrianPoop1234|265|1218
|gen|9
|tier|[Gen 9] OU
|rated|
|rule|HP Percentage Mod: HP is shown in percentages
|rule|Endless Battle Clause: Forcing endless battles is banned
|rule|Species Clause: Limit one of each Pokémon
|rule|OHKO Clause: OHKO moves are banned
|rule|Evasion Items Clause: Evasion items are banned
|rule|Evasion Moves Clause: Evasion moves are banned
|rule|Evasion Abilities Clause: Evasion abilities are banned
|rule|Sleep Moves Clause: Sleep-inducing moves are banned
|clearpoke
|poke|p1|Politoed, F|
|poke|p1|Quaquaval, M|
|poke|p1|Grimmsnarl, M|
|poke|p1|Drednaw, M|
|poke|p1|Dragonite, F|
|poke|p1|Registeel|
|poke|p2|Iron Valiant|
|poke|p2|Araquanid, M|
|poke|p2|Deoxys-Speed|
|poke|p2|Corviknight, F|
|poke|p2|Garganacl, M|
|poke|p2|Wo-Chien|
|teampreview
|
|t:|1760835623
|teamsize|p1|6
|teamsize|p2|6
|start
|switch|p1a: Lotta Cox|Grimmsnarl, M|100/100
|switch|p2a: Wo-Chien|Wo-Chien|100/100
|-ability|p2a: Wo-Chien|Tablets of Ruin
|turn|1
|inactive|Battle timer is ON: inactive players will automatically lose when time's up. (requested by AdrianPoop1234)
|
|t:|1760835632
|move|p2a: Wo-Chien|Taunt|p1a: Lotta Cox
|-start|p1a: Lotta Cox|move: Taunt
|move|p1a: Lotta Cox|Spirit Break|p2a: Wo-Chien
|-supereffective|p2a: Wo-Chien
|-damage|p2a: Wo-Chien|60/100
|-unboost|p2a: Wo-Chien|spa|1
|
|-heal|p2a: Wo-Chien|66/100|[from] item: Leftovers
|upkeep
|turn|2
|
|t:|1760835644
|move|p2a: Wo-Chien|Leech Seed|p1a: Lotta Cox|[miss]
|-miss|p2a: Wo-Chien|p1a: Lotta Cox
|move|p1a: Lotta Cox|Spirit Break|p2a: Wo-Chien
|-supereffective|p2a: Wo-Chien
|-damage|p2a: Wo-Chien|30/100
|-unboost|p2a: Wo-Chien|spa|1
|
|-heal|p2a: Wo-Chien|36/100|[from] item: Leftovers
|upkeep
|turn|3
|
|t:|1760835662
|switch|p2a: Corviknight|Corviknight, F|100/100
|move|p1a: Lotta Cox|Spirit Break|p2a: Corviknight
|-resisted|p2a: Corviknight
|-damage|p2a: Corviknight|90/100
|-ability|p2a: Corviknight|Mirror Armor
|-unboost|p1a: Lotta Cox|spa|1
|
|-end|p1a: Lotta Cox|move: Taunt
|upkeep
|turn|4
|
|t:|1760835673
|move|p1a: Lotta Cox|Parting Shot|p2a: Corviknight
|-ability|p2a: Corviknight|Mirror Armor
|-unboost|p1a: Lotta Cox|atk|1
|-ability|p2a: Corviknight|Mirror Armor
|-unboost|p1a: Lotta Cox|spa|1
|
|t:|1760835681
|switch|p1a: Ligma Bolzak|Politoed, F, shiny|100/100|[from] Parting Shot
|-weather|RainDance|[from] ability: Drizzle|[of] p1a: Ligma Bolzak
|move|p2a: Corviknight|Iron Head|p1a: Ligma Bolzak
|-resisted|p1a: Ligma Bolzak
|-damage|p1a: Ligma Bolzak|82/100
|
|-weather|RainDance|[upkeep]
|upkeep
|turn|5
|
|t:|1760835693
|move|p1a: Ligma Bolzak|Weather Ball|p2a: Corviknight
|-damage|p2a: Corviknight|51/100
|move|p2a: Corviknight|U-turn|p1a: Ligma Bolzak
|-damage|p1a: Ligma Bolzak|60/100
|
|t:|1760835706
|switch|p2a: Deoxys|Deoxys-Speed|100/100|[from] U-turn
|-ability|p2a: Deoxys|Pressure
|
|-weather|RainDance|[upkeep]
|upkeep
|turn|6
|
|t:|1760835718
|move|p2a: Deoxys|Stealth Rock|p1a: Ligma Bolzak
|-sidestart|p1: Denvertzzz|move: Stealth Rock
|move|p1a: Ligma Bolzak|Weather Ball|p2a: Deoxys
|-damage|p2a: Deoxys|3/100
|
|-weather|RainDance|[upkeep]
|upkeep
|turn|7
|
|t:|1760835733
|move|p2a: Deoxys|Psycho Boost|p1a: Ligma Bolzak
|-damage|p1a: Ligma Bolzak|9/100
|-unboost|p2a: Deoxys|spa|2
|move|p1a: Ligma Bolzak|Ice Beam|p2a: Deoxys
|-damage|p2a: Deoxys|0 fnt
|faint|p2a: Deoxys
|
|-weather|RainDance|[upkeep]
|upkeep
|
|t:|1760835741
|switch|p2a: Wo-Chien|Wo-Chien|36/100
|-ability|p2a: Wo-Chien|Tablets of Ruin
|turn|8
|
|t:|1760835750
|switch|p1a: Drew Peacock|Quaquaval, M|100/100
|move|p2a: Wo-Chien|Giga Drain|p1a: Drew Peacock
|-supereffective|p1a: Drew Peacock
|-damage|p1a: Drew Peacock|29/100
|-heal|p2a: Wo-Chien|69/100|[from] drain|[of] p1a: Drew Peacock
|
|-weather|RainDance|[upkeep]
|-heal|p2a: Wo-Chien|75/100|[from] item: Leftovers
|upkeep
|turn|9
|
|t:|1760835762
|move|p1a: Drew Peacock|Rapid Spin|p2a: Wo-Chien
|-damage|p2a: Wo-Chien|62/100
|-boost|p1a: Drew Peacock|spe|1
|-sideend|p1: Denvertzzz|Stealth Rock|[from] move: Rapid Spin|[of] p1a: Drew Peacock
|move|p2a: Wo-Chien|Giga Drain|p1a: Drew Peacock
|-supereffective|p1a: Drew Peacock
|-damage|p1a: Drew Peacock|0 fnt
|-heal|p2a: Wo-Chien|76/100|[from] drain|[of] p1a: Drew Peacock
|faint|p1a: Drew Peacock
|
|-weather|RainDance|[upkeep]
|-heal|p2a: Wo-Chien|82/100|[from] item: Leftovers
|upkeep
|
|t:|1760835779
|switch|p1a: Buster Hyman|Registeel, shiny|100/100
|turn|10
|
|t:|1760835783
|move|p2a: Wo-Chien|Taunt|p1a: Buster Hyman
|-start|p1a: Buster Hyman|move: Taunt
|cant|p1a: Buster Hyman|move: Taunt|Thunder Wave
|
|-weather|RainDance|[upkeep]
|-heal|p2a: Wo-Chien|88/100|[from] item: Leftovers
|upkeep
|turn|11
|
|t:|1760835793
|-terastallize|p1a: Buster Hyman|Fighting
|move|p2a: Wo-Chien|Leech Seed|p1a: Buster Hyman
|-start|p1a: Buster Hyman|move: Leech Seed
|move|p1a: Buster Hyman|Body Press|p2a: Wo-Chien
|-supereffective|p2a: Wo-Chien
|-damage|p2a: Wo-Chien|10/100
|
|-weather|none
|-heal|p2a: Wo-Chien|16/100|[from] item: Leftovers
|-damage|p1a: Buster Hyman|88/100|[from] Leech Seed|[of] p2a: Wo-Chien
|-heal|p2a: Wo-Chien|29/100|[silent]
|upkeep
|turn|12
|
|t:|1760835809
|move|p2a: Wo-Chien|Ruination|p1a: Buster Hyman
|-damage|p1a: Buster Hyman|44/100
|move|p1a: Buster Hyman|Body Press|p2a: Wo-Chien
|-supereffective|p2a: Wo-Chien
|-damage|p2a: Wo-Chien|0 fnt
|faint|p2a: Wo-Chien
|
|-end|p1a: Buster Hyman|move: Taunt
|upkeep
|
|t:|1760835812
|switch|p2a: Araquanid|Araquanid, M|100/100
|turn|13
|
|t:|1760835824
|move|p1a: Buster Hyman|Thunder Wave|p2a: Araquanid|[miss]
|-miss|p1a: Buster Hyman|p2a: Araquanid
|move|p2a: Araquanid|Sticky Web|p1a: Buster Hyman
|-sidestart|p1: Denvertzzz|move: Sticky Web
|
|-damage|p1a: Buster Hyman|32/100|[from] Leech Seed|[of] p2a: Araquanid
|upkeep
|turn|14
|
|t:|1760835835
|move|p1a: Buster Hyman|Thunder Wave|p2a: Araquanid
|-status|p2a: Araquanid|par
|cant|p2a: Araquanid|par
|
|-damage|p1a: Buster Hyman|20/100|[from] Leech Seed|[of] p2a: Araquanid
|upkeep
|turn|15
|
|t:|1760835845
|move|p1a: Buster Hyman|Stealth Rock|p2a: Araquanid
|-sidestart|p2: AdrianPoop1234|move: Stealth Rock
|move|p2a: Araquanid|Liquidation|p1a: Buster Hyman
|-damage|p1a: Buster Hyman|0 fnt
|faint|p1a: Buster Hyman
|
|upkeep
|
|t:|1760835863
|switch|p1a: Ligma Bolzak|Politoed, F, shiny|9/100
|-activate|p1a: Ligma Bolzak|move: Sticky Web
|-unboost|p1a: Ligma Bolzak|spe|1
|-weather|RainDance|[from] ability: Drizzle|[of] p1a: Ligma Bolzak
|turn|16
|
|t:|1760835880
|switch|p1a: Lotta Cox|Grimmsnarl, M|100/100
|-activate|p1a: Lotta Cox|move: Sticky Web
|-unboost|p1a: Lotta Cox|spe|1
|cant|p2a: Araquanid|par
|
|-weather|RainDance|[upkeep]
|upkeep
|turn|17
|
|t:|1760835892
|move|p1a: Lotta Cox|Reflect|p1a: Lotta Cox
|-sidestart|p1: Denvertzzz|Reflect
|cant|p2a: Araquanid|par
|
|-weather|RainDance|[upkeep]
|upkeep
|turn|18
|
|t:|1760835911
|move|p1a: Lotta Cox|Parting Shot|p2a: Araquanid
|-unboost|p2a: Araquanid|atk|1
|-unboost|p2a: Araquanid|spa|1
|
|t:|1760835916
|switch|p1a: Yuri Tarted|Drednaw, M, shiny|100/100|[from] Parting Shot
|-activate|p1a: Yuri Tarted|move: Sticky Web
|-unboost|p1a: Yuri Tarted|spe|1
|-enditem|p1a: Yuri Tarted|White Herb
|-clearnegativeboost|p1a: Yuri Tarted|[silent]
|cant|p2a: Araquanid|par
|
|-weather|RainDance|[upkeep]
|upkeep
|turn|19
|
|t:|1760835931
|cant|p2a: Araquanid|par
|move|p1a: Yuri Tarted|Shell Smash|p1a: Yuri Tarted
|-unboost|p1a: Yuri Tarted|def|1
|-unboost|p1a: Yuri Tarted|spd|1
|-boost|p1a: Yuri Tarted|atk|2
|-boost|p1a: Yuri Tarted|spa|2
|-boost|p1a: Yuri Tarted|spe|2
|
|-weather|RainDance|[upkeep]
|upkeep
|turn|20
|
|t:|1760835950
|move|p1a: Yuri Tarted|Jaw Lock|p2a: Araquanid
|-damage|p2a: Araquanid|11/100 par
|-activate|p1a: Yuri Tarted|trapped
|-activate|p2a: Araquanid|trapped
|move|p2a: Araquanid|Leech Life|p1a: Yuri Tarted
|-damage|p1a: Yuri Tarted|89/100
|-heal|p2a: Araquanid|17/100 par|[from] drain|[of] p1a: Yuri Tarted
|
|-weather|RainDance|[upkeep]
|upkeep
|turn|21
|
|t:|1760835967
|move|p1a: Yuri Tarted|Jaw Lock|p2a: Araquanid
|-damage|p2a: Araquanid|0 fnt
|faint|p2a: Araquanid
|
|-weather|RainDance|[upkeep]
|upkeep
|
|t:|1760835978
|switch|p2a: Corviknight|Corviknight, F|51/100
|-damage|p2a: Corviknight|39/100|[from] Stealth Rock
|turn|22
|
|t:|1760835984
|move|p1a: Yuri Tarted|Waterfall|p2a: Corviknight
|-damage|p2a: Corviknight|0 fnt
|faint|p2a: Corviknight
|
|-weather|RainDance|[upkeep]
|upkeep
|
|t:|1760835995
|switch|p2a: Garganacl|Garganacl, M|100/100
|-damage|p2a: Garganacl|88/100|[from] Stealth Rock
|turn|23
|
|t:|1760836001
|-terastallize|p2a: Garganacl|Grass
|move|p1a: Yuri Tarted|Waterfall|p2a: Garganacl
|-resisted|p2a: Garganacl
|-damage|p2a: Garganacl|52/100
|move|p2a: Garganacl|Body Press|p1a: Yuri Tarted
|-supereffective|p1a: Yuri Tarted
|-crit|p1a: Yuri Tarted
|-damage|p1a: Yuri Tarted|0 fnt
|faint|p1a: Yuri Tarted
|
|-weather|none
|-heal|p2a: Garganacl|58/100|[from] item: Leftovers
|upkeep
|
|t:|1760836021
|switch|p1a: Ligma Bolzak|Politoed, F, shiny|9/100
|-activate|p1a: Ligma Bolzak|move: Sticky Web
|-unboost|p1a: Ligma Bolzak|spe|1
|-weather|RainDance|[from] ability: Drizzle|[of] p1a: Ligma Bolzak
|turn|24
|
|t:|1760836031
|move|p1a: Ligma Bolzak|Ice Beam|p2a: Garganacl
|-supereffective|p2a: Garganacl
|-damage|p2a: Garganacl|21/100
|move|p2a: Garganacl|Salt Cure|p1a: Ligma Bolzak
|-damage|p1a: Ligma Bolzak|0 fnt
|faint|p1a: Ligma Bolzak
|
|-weather|RainDance|[upkeep]
|-heal|p2a: Garganacl|27/100|[from] item: Leftovers
|-sideend|p1: Denvertzzz|Reflect
|upkeep
|
|t:|1760836049
|switch|p1a: Lotta Cox|Grimmsnarl, M|100/100
|-activate|p1a: Lotta Cox|move: Sticky Web
|-unboost|p1a: Lotta Cox|spe|1
|turn|25
|
|t:|1760836057
|move|p2a: Garganacl|Body Press|p1a: Lotta Cox
|-damage|p1a: Lotta Cox|68/100
|move|p1a: Lotta Cox|Spirit Break|p2a: Garganacl
|-damage|p2a: Garganacl|8/100
|-unboost|p2a: Garganacl|spa|1
|
|-weather|RainDance|[upkeep]
|-heal|p2a: Garganacl|14/100|[from] item: Leftovers
|upkeep
|turn|26
|
|t:|1760836075
|move|p1a: Lotta Cox|Reflect|p1a: Lotta Cox
|-sidestart|p1: Denvertzzz|Reflect
|move|p2a: Garganacl|Body Press|p1a: Lotta Cox
|-damage|p1a: Lotta Cox|52/100
|
|-weather|RainDance|[upkeep]
|-heal|p2a: Garganacl|21/100|[from] item: Leftovers
|upkeep
|turn|27
|
|t:|1760836089
|move|p2a: Garganacl|Salt Cure|p1a: Lotta Cox
|-crit|p1a: Lotta Cox
|-damage|p1a: Lotta Cox|26/100
|-start|p1a: Lotta Cox|Salt Cure
|move|p1a: Lotta Cox|Spirit Break|p2a: Garganacl
|-damage|p2a: Garganacl|3/100
|-unboost|p2a: Garganacl|spa|1
|
|-weather|RainDance|[upkeep]
|-heal|p2a: Garganacl|9/100|[from] item: Leftovers
|-damage|p1a: Lotta Cox|13/100|[from] Salt Cure
|upkeep
|turn|28
|inactive|Denvertzzz has 120 seconds left.
|
|t:|1760836109
|move|p2a: Garganacl|Recover|p2a: Garganacl
|-heal|p2a: Garganacl|59/100
|move|p1a: Lotta Cox|Spirit Break|p2a: Garganacl
|-damage|p2a: Garganacl|40/100
|-unboost|p2a: Garganacl|spa|1
|
|-weather|RainDance|[upkeep]
|-heal|p2a: Garganacl|46/100|[from] item: Leftovers
|-damage|p1a: Lotta Cox|1/100|[from] Salt Cure
|upkeep
|turn|29
|inactive|Denvertzzz has 120 seconds left.
|
|t:|1760836129
|move|p1a: Lotta Cox|Parting Shot|p2a: Garganacl
|-unboost|p2a: Garganacl|atk|1
|-unboost|p2a: Garganacl|spa|1
|
|t:|1760836134
|switch|p1a: Hugh Jass|Dragonite, F, shiny|100/100|[from] Parting Shot
|move|p2a: Garganacl|Recover|p2a: Garganacl
|-heal|p2a: Garganacl|96/100
|
|-weather|RainDance|[upkeep]
|-heal|p2a: Garganacl|100/100|[from] item: Leftovers
|upkeep
|turn|30
|
|t:|1760836150
|move|p1a: Hugh Jass|Dragon Dance|p1a: Hugh Jass
|-boost|p1a: Hugh Jass|atk|1
|-boost|p1a: Hugh Jass|spe|1
|move|p2a: Garganacl|Iron Defense|p2a: Garganacl
|-boost|p2a: Garganacl|def|2
|
|-weather|RainDance|[upkeep]
|upkeep
|turn|31
|
|t:|1760836166
|move|p1a: Hugh Jass|Dragon Dance|p1a: Hugh Jass
|-boost|p1a: Hugh Jass|atk|1
|-boost|p1a: Hugh Jass|spe|1
|move|p2a: Garganacl|Iron Defense|p2a: Garganacl
|-boost|p2a: Garganacl|def|2
|
|-weather|none
|upkeep
|turn|32
|
|t:|1760836179
|move|p1a: Hugh Jass|Ice Spinner|p2a: Garganacl
|-supereffective|p2a: Garganacl
|-damage|p2a: Garganacl|73/100
|move|p2a: Garganacl|Iron Defense|p2a: Garganacl
|-boost|p2a: Garganacl|def|2
|
|-heal|p2a: Garganacl|79/100|[from] item: Leftovers
|upkeep
|turn|33
|
|t:|1760836195
|move|p1a: Hugh Jass|Ice Spinner|p2a: Garganacl
|-supereffective|p2a: Garganacl
|-damage|p2a: Garganacl|58/100
|move|p2a: Garganacl|Salt Cure|p1a: Hugh Jass
|-supereffective|p1a: Hugh Jass
|-damage|p1a: Hugh Jass|95/100
|-start|p1a: Hugh Jass|Salt Cure
|
|-heal|p2a: Garganacl|64/100|[from] item: Leftovers
|-damage|p1a: Hugh Jass|83/100|[from] Salt Cure
|-sideend|p1: Denvertzzz|Reflect
|upkeep
|turn|34
|inactive|Denvertzzz has 90 seconds left.
|
|t:|1760836215
|move|p1a: Hugh Jass|Ice Spinner|p2a: Garganacl
|-supereffective|p2a: Garganacl
|-damage|p2a: Garganacl|46/100
|move|p2a: Garganacl|Body Press|p1a: Hugh Jass
|-resisted|p1a: Hugh Jass
|-damage|p1a: Hugh Jass|30/100
|
|-heal|p2a: Garganacl|52/100|[from] item: Leftovers
|-damage|p1a: Hugh Jass|18/100|[from] Salt Cure
|upkeep
|turn|35
|inactive|Denvertzzz has 90 seconds left.
|
|t:|1760836233
|move|p1a: Hugh Jass|Ice Spinner|p2a: Garganacl
|-supereffective|p2a: Garganacl
|-damage|p2a: Garganacl|31/100
|move|p2a: Garganacl|Recover|p2a: Garganacl
|-heal|p2a: Garganacl|81/100
|
|-heal|p2a: Garganacl|88/100|[from] item: Leftovers
|-damage|p1a: Hugh Jass|5/100|[from] Salt Cure
|upkeep
|turn|36
|inactive|Denvertzzz has 90 seconds left.
|-message|Denvertzzz forfeited.
|
|win|AdrianPoop1234
|raw|Denvertzzz's rating: 1270 &rarr; <strong>1241</strong><br />(-29 for losing)
|raw|AdrianPoop1234's rating: 1218 &rarr; <strong>1247</strong><br />(+29 for winning)
|l|☆Denvertzzz
|player|p1|
|l|☆AdrianPoop1234
|player|p2|
