|j|☆EdgingCeaselesslly
|j|☆blunts89
|t:|1760848089
|gametype|singles
|player|p1|EdgingCeaselesslly|blaine|1484
|player|p2|blunts89|ghetsis|1456
|gen|9
|tier|[Gen 9] OU
|rated|
|rule|HP Percentage Mod: HP is shown in percentages
|rule|Endless Battle Clause: Forcing endless battles is banned
|rule|Species Clause: Limit one of each Pokémon
|rule|OHKO Clause: OHKO moves are banned
|rule|Evasion Items Clause: Evasion items are banned
|rule|Evasion Moves Clause: Evasion moves are banned
|rule|Evasion Abilities Clause: Evasion abilities are banned
|rule|Sleep Moves Clause: Sleep-inducing moves are banned
|clearpoke
|poke|p1|Landorus-Therian, M|
|poke|p1|Samurott-Hisui, F|
|poke|p1|Scizor, M|
|poke|p1|Latios, M|
|poke|p1|Zamazenta-*|
|poke|p1|Pecharunt|
|poke|p2|Great Tusk|
|poke|p2|Kingambit, F|
|poke|p2|Dragonite, M|
|poke|p2|Scizor, M|
|poke|p2|Enamorus, F|
|poke|p2|Iron Crown|
|teampreview
|inactive|Battle timer is ON: inactive players will automatically lose when time's up. (requested by blunts89)
|inactive|EdgingCeaselesslly also wants the timer to be on.
|
|t:|1760848139
|teamsize|p1|6
|teamsize|p2|6
|start
|switch|p1a: Landorus|Landorus-Therian, M|100/100
|switch|p2a: Enamorus|Enamorus, F|100/100
|-ability|p1a: Landorus|Intimidate|boost
|-unboost|p2a: Enamorus|atk|1
|turn|1
|
|t:|1760848149
|switch|p1a: Scizor|Scizor, M|100/100
|move|p2a: Enamorus|Moonblast|p1a: Scizor
|-resisted|p1a: Scizor
|-damage|p1a: Scizor|58/100
|
|upkeep
|turn|2
|
|t:|1760848153
|switch|p2a: Great Tusk|Great Tusk, shiny|100/100
|move|p1a: Scizor|Bullet Punch|p2a: Great Tusk
|-damage|p2a: Great Tusk|74/100
|
|upkeep
|turn|3
|
|t:|1760848162
|switch|p1a: Latios|Latios, M|100/100
|move|p2a: Great Tusk|Ice Spinner|p1a: Latios
|-supereffective|p1a: Latios
|-damage|p1a: Latios|19/100
|
|upkeep
|turn|4
|
|t:|1760848166
|move|p1a: Latios|Psychic Noise|p2a: Great Tusk
|-supereffective|p2a: Great Tusk
|-damage|p2a: Great Tusk|5/100
|-start|p2a: Great Tusk|move: Heal Block
|move|p2a: Great Tusk|Ice Spinner|p1a: Latios
|-supereffective|p1a: Latios
|-damage|p1a: Latios|0 fnt
|faint|p1a: Latios
|
|upkeep
|
|t:|1760848176
|switch|p1a: Landorus|Landorus-Therian, M|100/100
|-ability|p1a: Landorus|Intimidate|boost
|-unboost|p2a: Great Tusk|atk|1
|turn|5
|
|t:|1760848177
|move|p1a: Landorus|U-turn|p2a: Great Tusk
|-resisted|p2a: Great Tusk
|-damage|p2a: Great Tusk|0 fnt
|faint|p2a: Great Tusk
|-end|p2a: Great Tusk|Protosynthesis|[silent]
|
|t:|1760848185
|switch|p1a: Scizor|Scizor, M|58/100|[from] U-turn
|
|upkeep
|
|t:|1760848194
|switch|p2a: Scizor|Scizor, M|100/100
|turn|6
|
|t:|1760848201
|switch|p1a: Landorus|Landorus-Therian, M|100/100
|-ability|p1a: Landorus|Intimidate|boost
|-unboost|p2a: Scizor|atk|1
|move|p2a: Scizor|Brick Break|p1a: Landorus
|-resisted|p1a: Landorus
|-damage|p1a: Landorus|87/100
|-damage|p2a: Scizor|84/100|[from] item: Rocky Helmet|[of] p1a: Landorus
|
|upkeep
|turn|7
|
|t:|1760848206
|switch|p2a: Enamorus|Enamorus, F|100/100
|move|p1a: Landorus|Stealth Rock|p2a: Enamorus
|-sidestart|p2: blunts89|move: Stealth Rock
|
|upkeep
|turn|8
|
|t:|1760848215
|move|p2a: Enamorus|Moonblast|p1a: Landorus
|-damage|p1a: Landorus|30/100
|-unboost|p1a: Landorus|spa|1
|move|p1a: Landorus|Smack Down|p2a: Enamorus
|-supereffective|p2a: Enamorus
|-damage|p2a: Enamorus|46/100
|-start|p2a: Enamorus|Smack Down
|
|upkeep
|turn|9
|
|t:|1760848218
|switch|p1a: Scizor|Scizor, M|58/100
|move|p2a: Enamorus|Moonblast|p1a: Scizor
|-resisted|p1a: Scizor
|-damage|p1a: Scizor|20/100
|
|upkeep
|turn|10
|
|t:|1760848225
|switch|p2a: Scizor|Scizor, M|84/100
|-damage|p2a: Scizor|71/100|[from] Stealth Rock
|move|p1a: Scizor|Bullet Punch|p2a: Scizor
|-resisted|p2a: Scizor
|-damage|p2a: Scizor|49/100
|
|upkeep
|turn|11
|
|t:|1760848229
|switch|p1a: Pecharunt|Pecharunt|100/100
|move|p2a: Scizor|U-turn|p1a: Pecharunt
|-resisted|p1a: Pecharunt
|-damage|p1a: Pecharunt|92/100
|
|t:|1760848234
|switch|p2a: Iron Crown|Iron Crown|100/100|[from] U-turn
|-damage|p2a: Iron Crown|94/100|[from] Stealth Rock
|-enditem|p2a: Iron Crown|Booster Energy
|-activate|p2a: Iron Crown|ability: Quark Drive|[fromitem]
|-start|p2a: Iron Crown|quarkdrivespe
|
|upkeep
|turn|12
|
|t:|1760848240
|switch|p1a: Samurott|Samurott-Hisui, F|100/100
|move|p2a: Iron Crown|Calm Mind|p2a: Iron Crown
|-boost|p2a: Iron Crown|spa|1
|-boost|p2a: Iron Crown|spd|1
|
|upkeep
|turn|13
|
|t:|1760848247
|-terastallize|p2a: Iron Crown|Fighting
|move|p2a: Iron Crown|Tera Blast|p1a: Samurott|[anim] Tera Blast Fighting
|-supereffective|p1a: Samurott
|-damage|p1a: Samurott|0 fnt
|faint|p1a: Samurott
|
|upkeep
|inactive|EdgingCeaselesslly has 120 seconds left.
|inactive|EdgingCeaselesslly has 90 seconds left.
|
|t:|1760848316
|switch|p1a: Zamazenta|Zamazenta|100/100
|-ability|p1a: Zamazenta|Dauntless Shield|boost
|-boost|p1a: Zamazenta|def|1
|turn|14
|
|t:|1760848322
|-terastallize|p1a: Zamazenta|Fire
|move|p2a: Iron Crown|Psychic|p1a: Zamazenta
|-damage|p1a: Zamazenta|43/100
|move|p1a: Zamazenta|Roar|p2a: Iron Crown
|-end|p2a: Iron Crown|Quark Drive|[silent]
|drag|p2a: Scizor|Scizor, M|49/100
|-damage|p2a: Scizor|37/100|[from] Stealth Rock
|
|-heal|p1a: Zamazenta|49/100|[from] item: Leftovers
|upkeep
|turn|15
|
|t:|1760848329
|move|p2a: Scizor|Bullet Punch|p1a: Zamazenta
|-resisted|p1a: Zamazenta
|-damage|p1a: Zamazenta|36/100
|move|p1a: Zamazenta|Body Press|p2a: Scizor
|-damage|p2a: Scizor|0 fnt
|faint|p2a: Scizor
|
|-heal|p1a: Zamazenta|42/100|[from] item: Leftovers
|upkeep
|
|t:|1760848334
|switch|p2a: Enamorus|Enamorus, F|46/100
|-damage|p2a: Enamorus|21/100|[from] Stealth Rock
|turn|16
|
|t:|1760848355
|switch|p1a: Pecharunt|Pecharunt|92/100
|move|p2a: Enamorus|Earth Power|p1a: Pecharunt
|-supereffective|p1a: Pecharunt
|-damage|p1a: Pecharunt|17/100
|
|upkeep
|turn|17
|
|t:|1760848363
|switch|p1a: Landorus|Landorus-Therian, M|30/100
|-ability|p1a: Landorus|Intimidate|boost
|-unboost|p2a: Enamorus|atk|1
|move|p2a: Enamorus|Earth Power|p1a: Landorus
|-immune|p1a: Landorus
|
|upkeep
|turn|18
|
|t:|1760848369
|switch|p2a: Dragonite|Dragonite, M|100/100
|-damage|p2a: Dragonite|75/100|[from] Stealth Rock
|move|p1a: Landorus|Smack Down|p2a: Dragonite
|-supereffective|p2a: Dragonite
|-damage|p2a: Dragonite|38/100
|-start|p2a: Dragonite|Smack Down
|-enditem|p2a: Dragonite|Weakness Policy
|-boost|p2a: Dragonite|atk|2|[from] item: Weakness Policy
|-boost|p2a: Dragonite|spa|2|[from] item: Weakness Policy
|
|upkeep
|turn|19
|
|t:|1760848381
|move|p2a: Dragonite|Extreme Speed|p1a: Landorus
|-damage|p1a: Landorus|0 fnt
|-damage|p2a: Dragonite|21/100|[from] item: Rocky Helmet|[of] p1a: Landorus
|faint|p1a: Landorus
|
|upkeep
|
|t:|1760848384
|switch|p1a: Pecharunt|Pecharunt|17/100
|turn|20
|
|t:|1760848388
|move|p1a: Pecharunt|Malignant Chain|p2a: Dragonite
|-damage|p2a: Dragonite|0 fnt
|faint|p2a: Dragonite
|
|upkeep
|
|t:|1760848395
|switch|p2a: Iron Crown|Iron Crown, tera:Fighting|94/100
|-damage|p2a: Iron Crown|88/100|[from] Stealth Rock
|turn|21
|
|t:|1760848398
|move|p2a: Iron Crown|Psychic|p1a: Pecharunt
|-supereffective|p1a: Pecharunt
|-damage|p1a: Pecharunt|0 fnt
|faint|p1a: Pecharunt
|
|upkeep
|
|t:|1760848408
|switch|p1a: Scizor|Scizor, M|20/100
|turn|22
|
|t:|1760848410
|move|p1a: Scizor|Bullet Punch|p2a: Iron Crown
|-damage|p2a: Iron Crown|56/100
|move|p2a: Iron Crown|Tera Blast|p1a: Scizor|[anim] Tera Blast Fighting
|-damage|p1a: Scizor|0 fnt
|faint|p1a: Scizor
|
|upkeep
|
|t:|1760848415
|switch|p1a: Zamazenta|Zamazenta, tera:Fire|42/100
|turn|23
|
|t:|1760848418
|move|p1a: Zamazenta|Body Press|p2a: Iron Crown
|-damage|p2a: Iron Crown|17/100
|move|p2a: Iron Crown|Psychic|p1a: Zamazenta
|-damage|p1a: Zamazenta|5/100
|
|-heal|p1a: Zamazenta|11/100|[from] item: Leftovers
|upkeep
|turn|24
|
|t:|1760848424
|move|p1a: Zamazenta|Body Press|p2a: Iron Crown
|-damage|p2a: Iron Crown|0 fnt
|faint|p2a: Iron Crown
|-end|p2a: Iron Crown|Quark Drive|[silent]
|
|-heal|p1a: Zamazenta|17/100|[from] item: Leftovers
|upkeep
|
|t:|1760848427
|switch|p2a: Enamorus|Enamorus, F|21/100
|-damage|p2a: Enamorus|0 fnt|[from] Stealth Rock
|faint|p2a: Enamorus
|
|t:|1760848430
|switch|p2a: Kingambit|Kingambit, F|100/100
|-damage|p2a: Kingambit|94/100|[from] Stealth Rock
|-activate|p2a: Kingambit|ability: Supreme Overlord
|-start|p2a: Kingambit|fallen5|[silent]
|turn|25
|
|t:|1760848432
|move|p1a: Zamazenta|Iron Defense|p1a: Zamazenta
|-boost|p1a: Zamazenta|def|2
|move|p2a: Kingambit|Kowtow Cleave|p1a: Zamazenta
|-damage|p1a: Zamazenta|0 fnt
|faint|p1a: Zamazenta
|
|win|blunts89
|raw|EdgingCeaselesslly's rating: 1484 &rarr; <strong>1462</strong><br />(-22 for losing)
|raw|blunts89's rating: 1456 &rarr; <strong>1478</strong><br />(+22 for winning)
|l|☆EdgingCeaselesslly
|player|p1|
|l|☆blunts89
|player|p2|
