|j|☆Jason5823
|j|☆daffoself
|t:|1760729121
|gametype|singles
|player|p1|Jason5823|169|1160
|player|p2|daffoself|n|1176
|gen|9
|tier|[Gen 9] OU
|rated|
|rule|HP Percentage Mod: HP is shown in percentages
|rule|Endless Battle Clause: Forcing endless battles is banned
|rule|Species Clause: Limit one of each Pokémon
|rule|OHKO Clause: OHKO moves are banned
|rule|Evasion Items Clause: Evasion items are banned
|rule|Evasion Moves Clause: Evasion moves are banned
|rule|Evasion Abilities Clause: Evasion abilities are banned
|rule|Sleep Moves Clause: Sleep-inducing moves are banned
|clearpoke
|poke|p1|Ogerpon-Wellspring, F|
|poke|p1|Slowking-Galar, F|
|poke|p1|Kyurem|
|poke|p1|Landorus-Therian, M|
|poke|p1|Pecharunt|
|poke|p1|Corviknight, M|
|poke|p2|Hatterene, F|
|poke|p2|Slowking-Galar, F|
|poke|p2|Avalugg, F|
|poke|p2|Garganacl, F|
|poke|p2|Rillaboom, M|
|poke|p2|Coalossal, M|
|teampreview
|inactive|Battle timer is ON: inactive players will automatically lose when time's up. (requested by Jason5823)
|
|t:|1760729140
|teamsize|p1|6
|teamsize|p2|6
|start
|switch|p1a: Corviknight|Corviknight, M|100/100
|switch|p2a: Garganacl|Garganacl, F|100/100
|turn|1
|
|t:|1760729149
|move|p1a: Corviknight|Body Press|p2a: Garganacl
|-supereffective|p2a: Garganacl
|-damage|p2a: Garganacl|62/100
|move|p2a: Garganacl|Salt Cure|p1a: Corviknight
|-damage|p1a: Corviknight|92/100
|-start|p1a: Corviknight|Salt Cure
|
|-heal|p1a: Corviknight|98/100|[from] item: Leftovers
|-heal|p2a: Garganacl|68/100|[from] item: Leftovers
|-damage|p1a: Corviknight|73/100|[from] Salt Cure
|upkeep
|turn|2
|
|t:|1760729173
|move|p1a: Corviknight|U-turn|p2a: Garganacl
|-damage|p2a: Garganacl|58/100
|
|t:|1760729185
|switch|p1a: Landorus|Landorus-Therian, M|100/100|[from] U-turn
|-ability|p1a: Landorus|Intimidate|boost
|-unboost|p2a: Garganacl|atk|1
|move|p2a: Garganacl|Recover|p2a: Garganacl
|-heal|p2a: Garganacl|100/100
|
|upkeep
|turn|3
|
|t:|1760729194
|switch|p2a: Rillaboom|Rillaboom, M|100/100
|-fieldstart|move: Grassy Terrain|[from] ability: Grassy Surge|[of] p2a: Rillaboom
|move|p1a: Landorus|Earthquake|p2a: Rillaboom
|-resisted|p2a: Rillaboom
|-crit|p2a: Rillaboom
|-damage|p2a: Rillaboom|89/100
|
|-heal|p2a: Rillaboom|96/100|[from] Grassy Terrain
|upkeep
|turn|4
|
|t:|1760729203
|move|p2a: Rillaboom|Fake Out|p1a: Landorus
|-damage|p1a: Landorus|93/100
|-damage|p2a: Rillaboom|79/100|[from] item: Rocky Helmet|[of] p1a: Landorus
|cant|p1a: Landorus|flinch
|
|-heal|p2a: Rillaboom|85/100|[from] Grassy Terrain
|upkeep
|turn|5
|
|t:|1760729210
|move|p1a: Landorus|Taunt|p2a: Rillaboom
|-start|p2a: Rillaboom|move: Taunt
|cant|p2a: Rillaboom|move: Taunt|Leech Seed
|
|-heal|p2a: Rillaboom|91/100|[from] Grassy Terrain
|upkeep
|turn|6
|
|t:|1760729235
|switch|p2a: Hatterene|Hatterene, F|100/100
|move|p1a: Landorus|Stealth Rock|p2a: Hatterene
|move|p2a: Hatterene|Stealth Rock|p1a: Landorus|[from] ability: Magic Bounce
|-sidestart|p1: Jason5823|move: Stealth Rock
|
|upkeep
|turn|7
|
|t:|1760729244
|move|p1a: Landorus|U-turn|p2a: Hatterene
|-damage|p2a: Hatterene|77/100
|
|t:|1760729251
|switch|p1a: Corviknight|Corviknight, M|73/100|[from] U-turn
|-damage|p1a: Corviknight|61/100|[from] Stealth Rock
|move|p2a: Hatterene|Draining Kiss|p1a: Corviknight
|-resisted|p1a: Corviknight
|-damage|p1a: Corviknight|45/100
|-heal|p2a: Hatterene|92/100|[from] drain|[of] p1a: Corviknight
|
|-heal|p1a: Corviknight|51/100|[from] item: Leftovers
|-heal|p2a: Hatterene|98/100|[from] Grassy Terrain
|upkeep
|turn|8
|
|t:|1760729261
|move|p1a: Corviknight|Roost|p1a: Corviknight
|-heal|p1a: Corviknight|100/100
|-singleturn|p1a: Corviknight|move: Roost
|move|p2a: Hatterene|Mystical Fire|p1a: Corviknight
|-supereffective|p1a: Corviknight
|-damage|p1a: Corviknight|37/100
|-ability|p1a: Corviknight|Mirror Armor
|-unboost|p2a: Hatterene|spa|1
|
|-heal|p1a: Corviknight|44/100|[from] Grassy Terrain
|-heal|p1a: Corviknight|50/100|[from] item: Leftovers
|-heal|p2a: Hatterene|100/100|[from] Grassy Terrain
|upkeep
|turn|9
|
|t:|1760729282
|move|p1a: Corviknight|Roost|p1a: Corviknight
|-heal|p1a: Corviknight|99/100
|-singleturn|p1a: Corviknight|move: Roost
|move|p2a: Hatterene|Calm Mind|p2a: Hatterene
|-boost|p2a: Hatterene|spa|1
|-boost|p2a: Hatterene|spd|1
|
|-heal|p1a: Corviknight|100/100|[from] Grassy Terrain
|upkeep
|turn|10
|
|t:|1760729290
|move|p1a: Corviknight|Defog|p2a: Hatterene
|move|p2a: Hatterene|Defog|p1a: Corviknight|[from] ability: Magic Bounce
|-ability|p1a: Corviknight|Mirror Armor
|-unboost|p2a: Hatterene|evasion|1
|-sideend|p1: Jason5823|Stealth Rock|[from] move: Defog|[of] p2a: Hatterene
|-fieldend|move: Grassy Terrain
|move|p2a: Hatterene|Calm Mind|p2a: Hatterene
|-boost|p2a: Hatterene|spa|1
|-boost|p2a: Hatterene|spd|1
|
|upkeep
|turn|11
|
|t:|1760729301
|move|p1a: Corviknight|U-turn|p2a: Hatterene
|-damage|p2a: Hatterene|85/100
|
|t:|1760729304
|switch|p1a: Pecharunt|Pecharunt|100/100|[from] U-turn
|move|p2a: Hatterene|Mystical Fire|p1a: Pecharunt
|-damage|p1a: Pecharunt|67/100
|-unboost|p1a: Pecharunt|spa|1
|
|-heal|p1a: Pecharunt|73/100|[from] item: Black Sludge
|upkeep
|turn|12
|
|t:|1760729312
|move|p1a: Pecharunt|Malignant Chain|p2a: Hatterene
|-supereffective|p2a: Hatterene
|-damage|p2a: Hatterene|63/100
|move|p2a: Hatterene|Psychic|p1a: Pecharunt
|-supereffective|p1a: Pecharunt
|-damage|p1a: Pecharunt|0 fnt
|faint|p1a: Pecharunt
|
|upkeep
|
|t:|1760729328
|switch|p1a: Ogerpon|Ogerpon-Wellspring, F|100/100
|turn|13
|
|t:|1760729337
|switch|p2a: Rillaboom|Rillaboom, M|91/100
|-fieldstart|move: Grassy Terrain|[from] ability: Grassy Surge|[of] p2a: Rillaboom
|move|p1a: Ogerpon|Ivy Cudgel|p2a: Rillaboom|[anim] Ivy Cudgel Water
|-resisted|p2a: Rillaboom
|-damage|p2a: Rillaboom|73/100
|
|-heal|p2a: Rillaboom|79/100|[from] Grassy Terrain
|upkeep
|turn|14
|
|t:|1760729347
|switch|p1a: Landorus|Landorus-Therian, M|93/100
|-ability|p1a: Landorus|Intimidate|boost
|-unboost|p2a: Rillaboom|atk|1
|move|p2a: Rillaboom|Fake Out|p1a: Landorus
|-crit|p1a: Landorus
|-damage|p1a: Landorus|80/100
|-damage|p2a: Rillaboom|63/100|[from] item: Rocky Helmet|[of] p1a: Landorus
|
|-heal|p2a: Rillaboom|69/100|[from] Grassy Terrain
|upkeep
|turn|15
|
|t:|1760729363
|move|p1a: Landorus|U-turn|p2a: Rillaboom
|-supereffective|p2a: Rillaboom
|-damage|p2a: Rillaboom|38/100
|
|t:|1760729366
|switch|p1a: Corviknight|Corviknight, M|100/100|[from] U-turn
|move|p2a: Rillaboom|Leech Seed|p1a: Corviknight
|-start|p1a: Corviknight|move: Leech Seed
|
|-heal|p2a: Rillaboom|45/100|[from] Grassy Terrain
|-damage|p1a: Corviknight|88/100|[from] Leech Seed|[of] p2a: Rillaboom
|-heal|p2a: Rillaboom|57/100|[silent]
|upkeep
|turn|16
|
|t:|1760729377
|move|p2a: Rillaboom|Taunt|p1a: Corviknight
|-start|p1a: Corviknight|move: Taunt
|move|p1a: Corviknight|U-turn|p2a: Rillaboom
|-supereffective|p2a: Rillaboom
|-damage|p2a: Rillaboom|39/100
|
|t:|1760729390
|switch|p1a: Slowking|Slowking-Galar, F|100/100|[from] U-turn
|
|-heal|p2a: Rillaboom|45/100|[from] Grassy Terrain
|upkeep
|turn|17
|
|t:|1760729397
|move|p2a: Rillaboom|U-turn|p1a: Slowking
|-damage|p1a: Slowking|87/100
|
|t:|1760729403
|switch|p2a: Hatterene|Hatterene, F|63/100|[from] U-turn
|-prepare|p1a: Slowking|Chilly Reception|[premajor]
|move|p1a: Slowking|Chilly Reception|p1a: Slowking
|-weather|Snowscape
|
|t:|1760729411
|switch|p1a: Ogerpon|Ogerpon-Wellspring, F|100/100|[from] Chilly Reception
|
|-weather|Snowscape|[upkeep]
|-heal|p2a: Hatterene|69/100|[from] Grassy Terrain
|upkeep
|turn|18
|
|t:|1760729436
|switch|p2a: Rillaboom|Rillaboom, M|45/100
|move|p1a: Ogerpon|Swords Dance|p1a: Ogerpon
|-boost|p1a: Ogerpon|atk|2
|
|-weather|Snowscape|[upkeep]
|-heal|p2a: Rillaboom|51/100|[from] Grassy Terrain
|upkeep
|turn|19
|
|t:|1760729446
|move|p2a: Rillaboom|Fake Out|p1a: Ogerpon
|-damage|p1a: Ogerpon|85/100
|cant|p1a: Ogerpon|flinch
|
|-weather|Snowscape|[upkeep]
|-heal|p1a: Ogerpon|91/100|[from] Grassy Terrain
|-heal|p2a: Rillaboom|58/100|[from] Grassy Terrain
|upkeep
|turn|20
|
|t:|1760729454
|move|p1a: Ogerpon|Knock Off|p2a: Rillaboom
|-damage|p2a: Rillaboom|10/100
|-enditem|p2a: Rillaboom|Terrain Extender|[from] move: Knock Off|[of] p1a: Ogerpon
|move|p2a: Rillaboom|U-turn|p1a: Ogerpon
|-supereffective|p1a: Ogerpon
|-damage|p1a: Ogerpon|43/100
|
|t:|1760729468
|switch|p2a: Garganacl|Garganacl, F|100/100|[from] U-turn
|
|-weather|Snowscape|[upkeep]
|-heal|p1a: Ogerpon|49/100|[from] Grassy Terrain
|-fieldend|move: Grassy Terrain
|upkeep
|turn|21
|
|t:|1760729477
|-terastallize|p1a: Ogerpon|Water
|detailschange|p1a: Ogerpon|Ogerpon-Wellspring-Tera, F, tera:Water
|-ability|p1a: Ogerpon|Embody Aspect (Wellspring)|boost
|-boost|p1a: Ogerpon|spd|1
|-terastallize|p2a: Garganacl|Grass
|move|p1a: Ogerpon|Ivy Cudgel|p2a: Garganacl|[anim] Ivy Cudgel Water
|-resisted|p2a: Garganacl
|-damage|p2a: Garganacl|48/100
|move|p2a: Garganacl|Salt Cure|p1a: Ogerpon
|-damage|p1a: Ogerpon|32/100
|-start|p1a: Ogerpon|Salt Cure
|
|-weather|Snowscape|[upkeep]
|-heal|p2a: Garganacl|54/100|[from] item: Leftovers
|-damage|p1a: Ogerpon|7/100|[from] Salt Cure
|upkeep
|turn|22
|
|t:|1760729491
|move|p2a: Garganacl|Protect|p2a: Garganacl
|-singleturn|p2a: Garganacl|Protect
|move|p1a: Ogerpon|Ivy Cudgel|p2a: Garganacl|[anim] Ivy Cudgel Water
|-activate|p2a: Garganacl|move: Protect
|
|-weather|Snowscape|[upkeep]
|-heal|p2a: Garganacl|61/100|[from] item: Leftovers
|-damage|p1a: Ogerpon|0 fnt|[from] Salt Cure
|faint|p1a: Ogerpon
|detailschange|p1: Ogerpon|Ogerpon-Wellspring, F|[silent]
|upkeep
|
|t:|1760729495
|switch|p1a: Kyurem|Kyurem|100/100
|-ability|p1a: Kyurem|Pressure
|turn|23
|
|t:|1760729504
|switch|p2a: Coalossal|Coalossal, M|100/100
|move|p1a: Kyurem|Blizzard|p2a: Coalossal
|-resisted|p2a: Coalossal
|-damage|p2a: Coalossal|71/100
|
|-weather|Snowscape|[upkeep]
|upkeep
|turn|24
|
|t:|1760729515
|switch|p1a: Landorus|Landorus-Therian, M|80/100
|-ability|p1a: Landorus|Intimidate|boost
|-unboost|p2a: Coalossal|atk|1
|move|p2a: Coalossal|Heat Crash|p1a: Landorus
|-damage|p1a: Landorus|66/100
|-damage|p2a: Coalossal|55/100|[from] item: Rocky Helmet|[of] p1a: Landorus
|
|-weather|none
|upkeep
|turn|25
|
|t:|1760729525
|switch|p2a: Garganacl|Garganacl, F, tera:Grass|61/100
|move|p1a: Landorus|Earthquake|p2a: Garganacl
|-resisted|p2a: Garganacl
|-damage|p2a: Garganacl|46/100
|
|-heal|p2a: Garganacl|52/100|[from] item: Leftovers
|upkeep
|turn|26
|
|t:|1760729534
|move|p1a: Landorus|U-turn|p2a: Garganacl
|-supereffective|p2a: Garganacl
|-damage|p2a: Garganacl|21/100
|
|t:|1760729541
|switch|p1a: Slowking|Slowking-Galar, F|100/100|[from] U-turn
|move|p2a: Garganacl|Recover|p2a: Garganacl
|-heal|p2a: Garganacl|71/100
|
|-heal|p2a: Garganacl|77/100|[from] item: Leftovers
|upkeep
|turn|27
|
|t:|1760729553
|move|p2a: Garganacl|Protect|p2a: Garganacl
|-singleturn|p2a: Garganacl|Protect
|-prepare|p1a: Slowking|Chilly Reception|[premajor]
|move|p1a: Slowking|Chilly Reception|p1a: Slowking
|-weather|Snowscape
|
|t:|1760729556
|switch|p1a: Kyurem|Kyurem|100/100|[from] Chilly Reception
|-ability|p1a: Kyurem|Pressure
|
|-weather|Snowscape|[upkeep]
|-heal|p2a: Garganacl|84/100|[from] item: Leftovers
|upkeep
|turn|28
|
|t:|1760729564
|switch|p2a: Slowking|Slowking-Galar, F|100/100
|move|p1a: Kyurem|Blizzard|p2a: Slowking
|-damage|p2a: Slowking|62/100
|
|-weather|Snowscape|[upkeep]
|upkeep
|turn|29
|
|t:|1760729573
|move|p1a: Kyurem|Earth Power|p2a: Slowking
|-supereffective|p2a: Slowking
|-damage|p2a: Slowking|25/100
|move|p2a: Slowking|Toxic|p1a: Kyurem
|-status|p1a: Kyurem|tox
|
|-weather|Snowscape|[upkeep]
|-damage|p1a: Kyurem|94/100 tox|[from] psn
|upkeep
|turn|30
|
|t:|1760729590
|switch|p2a: Garganacl|Garganacl, F, tera:Grass|84/100
|move|p1a: Kyurem|Blizzard|p2a: Garganacl
|-supereffective|p2a: Garganacl
|-damage|p2a: Garganacl|0 fnt
|faint|p2a: Garganacl
|
|-weather|Snowscape|[upkeep]
|-damage|p1a: Kyurem|82/100 tox|[from] psn
|upkeep
|
|t:|1760729599
|switch|p2a: Slowking|Slowking-Galar, F|58/100
|turn|31
|
|t:|1760729602
|switch|p1a: Landorus|Landorus-Therian, M|66/100
|-ability|p1a: Landorus|Intimidate|boost
|-unboost|p2a: Slowking|atk|1
|move|p2a: Slowking|Slack Off|p2a: Slowking
|-heal|p2a: Slowking|100/100
|
|-weather|Snowscape|[upkeep]
|upkeep
|turn|32
|
|t:|1760729618
|switch|p2a: Avalugg|Avalugg, F|100/100
|move|p1a: Landorus|Earthquake|p2a: Avalugg
|-damage|p2a: Avalugg|84/100
|
|-weather|Snowscape|[upkeep]
|-heal|p2a: Avalugg|90/100|[from] ability: Ice Body
|upkeep
|turn|33
|
|t:|1760729625
|move|p1a: Landorus|Taunt|p2a: Avalugg
|-start|p2a: Avalugg|move: Taunt
|cant|p2a: Avalugg|move: Taunt|Aurora Veil
|
|-weather|Snowscape|[upkeep]
|-heal|p2a: Avalugg|96/100|[from] ability: Ice Body
|upkeep
|turn|34
|
|t:|1760729640
|switch|p2a: Slowking|Slowking-Galar, F|100/100
|move|p1a: Landorus|U-turn|p2a: Slowking
|-damage|p2a: Slowking|77/100
|
|t:|1760729647
|switch|p1a: Corviknight|Corviknight, M|88/100|[from] U-turn
|
|-weather|none
|-heal|p1a: Corviknight|94/100|[from] item: Leftovers
|upkeep
|turn|35
|
|t:|1760729655
|move|p1a: Corviknight|U-turn|p2a: Slowking
|-damage|p2a: Slowking|61/100
|
|t:|1760729658
|switch|p1a: Landorus|Landorus-Therian, M|66/100|[from] U-turn
|-ability|p1a: Landorus|Intimidate|boost
|-unboost|p2a: Slowking|atk|1
|-prepare|p2a: Slowking|Chilly Reception|[premajor]
|move|p2a: Slowking|Chilly Reception|p2a: Slowking
|-weather|Snowscape
|
|t:|1760729664
|switch|p2a: Avalugg|Avalugg, F|96/100|[from] Chilly Reception
|
|-weather|Snowscape|[upkeep]
|-heal|p2a: Avalugg|100/100|[from] ability: Ice Body
|upkeep
|turn|36
|
|t:|1760729678
|move|p1a: Landorus|U-turn|p2a: Avalugg
|-damage|p2a: Avalugg|93/100
|
|t:|1760729681
|switch|p1a: Corviknight|Corviknight, M|94/100|[from] U-turn
|move|p2a: Avalugg|Body Press|p1a: Corviknight
|-damage|p1a: Corviknight|74/100
|
|-weather|Snowscape|[upkeep]
|-heal|p2a: Avalugg|99/100|[from] ability: Ice Body
|-heal|p1a: Corviknight|80/100|[from] item: Leftovers
|upkeep
|turn|37
|
|t:|1760729691
|move|p1a: Corviknight|Body Press|p2a: Avalugg
|-supereffective|p2a: Avalugg
|-damage|p2a: Avalugg|82/100
|move|p2a: Avalugg|Iron Defense|p2a: Avalugg
|-boost|p2a: Avalugg|def|2
|
|-weather|Snowscape|[upkeep]
|-heal|p2a: Avalugg|88/100|[from] ability: Ice Body
|-heal|p1a: Corviknight|86/100|[from] item: Leftovers
|upkeep
|turn|38
|-message|Jason5823 forfeited.
|
|win|daffoself
|raw|Jason5823's rating: 1160 &rarr; <strong>1136</strong><br />(-24 for losing)
|raw|daffoself's rating: 1176 &rarr; <strong>1200</strong><br />(+24 for winning)
|l|☆Jason5823
|player|p1|
|l|☆daffoself
|player|p2|
