|j|☆JimmyCWard
|j|☆Churrini
|t:|1760789211
|gametype|singles
|player|p1|JimmyCWard|benga|1245
|player|p2|Churrini|brawly|1232
|gen|9
|tier|[Gen 9] OU
|rated|
|rule|HP Percentage Mod: HP is shown in percentages
|rule|Endless Battle Clause: Forcing endless battles is banned
|rule|Species Clause: Limit one of each Pokémon
|rule|OHKO Clause: OHKO moves are banned
|rule|Evasion Items Clause: Evasion items are banned
|rule|Evasion Moves Clause: Evasion moves are banned
|rule|Evasion Abilities Clause: Evasion abilities are banned
|rule|Sleep Moves Clause: Sleep-inducing moves are banned
|clearpoke
|poke|p1|Metagross|
|poke|p1|Gyarados, M|
|poke|p1|Zoroark-Hisui, M|
|poke|p1|Grimmsnarl, M|
|poke|p1|Ursaluna, F|
|poke|p1|Garchomp, M|
|poke|p2|Carbink|
|poke|p2|Rhyperior, M|
|poke|p2|Breloom, M|
|poke|p2|Hydrapple, M|
|poke|p2|Dusclops, M|
|poke|p2|Hoopa-Unbound|
|teampreview
|
|t:|1760789217
|teamsize|p1|6
|teamsize|p2|6
|start
|switch|p1a: Metagross|Metagross|100/100
|switch|p2a: Kazuya|Carbink, shiny|100/100
|turn|1
|
|t:|1760789226
|move|p1a: Metagross|Reflect|p1a: Metagross
|-sidestart|p1: JimmyCWard|Reflect
|move|p2a: Kazuya|Trick Room|p2a: Kazuya
|-fieldstart|move: Trick Room|[of] p2a: Kazuya
|
|upkeep
|turn|2
|
|t:|1760789233
|move|p2a: Kazuya|Stealth Rock|p1a: Metagross
|-sidestart|p1: JimmyCWard|move: Stealth Rock
|move|p1a: Metagross|Light Screen|p1a: Metagross
|-sidestart|p1: JimmyCWard|move: Light Screen
|
|upkeep
|turn|3
|
|t:|1760789239
|move|p2a: Kazuya|Gravity|p2a: Kazuya
|-fieldstart|move: Gravity
|move|p1a: Metagross|Stealth Rock|p2a: Kazuya
|-sidestart|p2: Churrini|move: Stealth Rock
|
|upkeep
|turn|4
|
|t:|1760789248
|switch|p1a: Grimmsnarl|Grimmsnarl, M|100/100
|-damage|p1a: Grimmsnarl|88/100|[from] Stealth Rock
|move|p2a: Kazuya|Misty Explosion|p1a: Grimmsnarl
|-supereffective|p1a: Grimmsnarl
|-damage|p1a: Grimmsnarl|59/100
|faint|p2a: Kazuya
|
|upkeep
|
|t:|1760789264
|switch|p2a: Torrente|Rhyperior, M|100/100
|-damage|p2a: Torrente|94/100|[from] Stealth Rock
|turn|5
|inactive|Battle timer is ON: inactive players will automatically lose when time's up. (requested by Churrini)
|
|t:|1760789298
|switch|p1a: Ursaluna|Ursaluna, F|100/100
|-damage|p1a: Ursaluna|94/100|[from] Stealth Rock
|-terastallize|p2a: Torrente|Ground
|move|p2a: Torrente|Earthquake|p1a: Ursaluna
|-damage|p1a: Ursaluna|45/100
|
|-fieldend|move: Trick Room
|-status|p1a: Ursaluna|brn|[from] item: Flame Orb
|upkeep
|turn|6
|
|t:|1760789312
|move|p1a: Ursaluna|Earthquake|p2a: Torrente
|-damage|p2a: Torrente|38/100
|move|p2a: Torrente|Earthquake|p1a: Ursaluna
|-damage|p1a: Ursaluna|0 fnt
|faint|p1a: Ursaluna
|
|upkeep
|
|t:|1760789335
|switch|p1a: Gyarados|Gyarados, M, shiny|100/100
|turn|7
|
|t:|1760789342
|switch|p2a: George Floyd|Dusclops, M|100/100
|-damage|p2a: George Floyd|88/100|[from] Stealth Rock
|-ability|p2a: George Floyd|Pressure
|move|p1a: Gyarados|Earthquake|p2a: George Floyd
|-damage|p2a: George Floyd|67/100
|
|-fieldend|move: Gravity
|upkeep
|turn|8
|
|t:|1760789354
|move|p1a: Gyarados|Dragon Dance|p1a: Gyarados
|-boost|p1a: Gyarados|atk|1
|-boost|p1a: Gyarados|spe|1
|move|p2a: George Floyd|Trick Room|p2a: George Floyd
|-fieldstart|move: Trick Room|[of] p2a: George Floyd
|
|-sideend|p1: JimmyCWard|Reflect
|upkeep
|turn|9
|
|t:|1760789362
|move|p2a: George Floyd|Haze|p2a: George Floyd
|-clearallboost
|move|p1a: Gyarados|Dragon Dance|p1a: Gyarados
|-boost|p1a: Gyarados|atk|1
|-boost|p1a: Gyarados|spe|1
|
|-sideend|p1: JimmyCWard|move: Light Screen
|upkeep
|turn|10
|
|t:|1760789375
|switch|p1a: Grimmsnarl|Grimmsnarl, M|59/100
|-damage|p1a: Grimmsnarl|47/100|[from] Stealth Rock
|move|p2a: George Floyd|Will-O-Wisp|p1a: Grimmsnarl
|-status|p1a: Grimmsnarl|brn
|
|-damage|p1a: Grimmsnarl|41/100 brn|[from] brn
|upkeep
|turn|11
|
|t:|1760789386
|switch|p2a: Torrente|Rhyperior, M, tera:Ground|38/100
|-damage|p2a: Torrente|32/100|[from] Stealth Rock
|move|p1a: Grimmsnarl|Thunder Wave|p2a: Torrente
|-immune|p2a: Torrente
|
|-damage|p1a: Grimmsnarl|35/100 brn|[from] brn
|upkeep
|turn|12
|
|t:|1760789396
|move|p1a: Grimmsnarl|Reflect|p1a: Grimmsnarl
|-sidestart|p1: JimmyCWard|Reflect
|move|p2a: Torrente|Stone Edge|p1a: Grimmsnarl
|-damage|p1a: Grimmsnarl|0 fnt
|faint|p1a: Grimmsnarl
|
|-fieldend|move: Trick Room
|upkeep
|
|t:|1760789406
|switch|p1a: Garchomp|Garchomp, M, shiny|100/100
|-damage|p1a: Garchomp|94/100|[from] Stealth Rock
|turn|13
|
|t:|1760789413
|switch|p2a: George Floyd|Dusclops, M|67/100
|-damage|p2a: George Floyd|55/100|[from] Stealth Rock
|-ability|p2a: George Floyd|Pressure
|move|p1a: Garchomp|Swords Dance|p1a: Garchomp
|-boost|p1a: Garchomp|atk|2
|
|upkeep
|turn|14
|
|t:|1760789422
|move|p1a: Garchomp|Scale Shot|p2a: George Floyd
|-damage|p2a: George Floyd|37/100
|-damage|p2a: George Floyd|19/100
|-damage|p2a: George Floyd|3/100
|-damage|p2a: George Floyd|0 fnt
|faint|p2a: George Floyd
|-hitcount|p2: George Floyd|4
|-unboost|p1a: Garchomp|def|1
|-boost|p1a: Garchomp|spe|1
|
|upkeep
|
|t:|1760789429
|switch|p2a: Wise Yuri|Hoopa-Unbound|100/100
|-damage|p2a: Wise Yuri|88/100|[from] Stealth Rock
|turn|15
|
|t:|1760789440
|move|p1a: Garchomp|Scale Shot|p2a: Wise Yuri
|-damage|p2a: Wise Yuri|57/100
|-damage|p2a: Wise Yuri|28/100
|-damage|p2a: Wise Yuri|0 fnt
|faint|p2a: Wise Yuri
|-hitcount|p2: Wise Yuri|3
|-unboost|p1a: Garchomp|def|1
|-boost|p1a: Garchomp|spe|1
|
|upkeep
|
|t:|1760789449
|switch|p2a: Pablo Motos|Breloom, M|100/100
|-damage|p2a: Pablo Motos|94/100|[from] Stealth Rock
|turn|16
|
|t:|1760789454
|move|p2a: Pablo Motos|Mach Punch|p1a: Garchomp
|-damage|p1a: Garchomp|47/100
|-damage|p2a: Pablo Motos|82/100|[from] ability: Rough Skin|[of] p1a: Garchomp
|-damage|p2a: Pablo Motos|72/100|[from] item: Life Orb
|move|p1a: Garchomp|Scale Shot|p2a: Pablo Motos
|-damage|p2a: Pablo Motos|36/100
|-damage|p2a: Pablo Motos|1/100
|-damage|p2a: Pablo Motos|0 fnt
|faint|p2a: Pablo Motos
|-hitcount|p2: Pablo Motos|3
|-unboost|p1a: Garchomp|def|1
|-boost|p1a: Garchomp|spe|1
|
|upkeep
|
|t:|1760789461
|switch|p2a: Torrente|Rhyperior, M, tera:Ground|32/100
|-damage|p2a: Torrente|26/100|[from] Stealth Rock
|turn|17
|
|t:|1760789471
|move|p1a: Garchomp|Earthquake|p2a: Torrente
|-damage|p2a: Torrente|0 fnt
|faint|p2a: Torrente
|
|upkeep
|
|t:|1760789474
|switch|p2a: Manzanita|Hydrapple, M|100/100
|-damage|p2a: Manzanita|88/100|[from] Stealth Rock
|turn|18
|
|t:|1760789480
|move|p1a: Garchomp|Scale Shot|p2a: Manzanita
|-supereffective|p2a: Manzanita
|-damage|p2a: Manzanita|46/100
|-supereffective|p2a: Manzanita
|-damage|p2a: Manzanita|5/100
|-supereffective|p2a: Manzanita
|-damage|p2a: Manzanita|0 fnt
|faint|p2a: Manzanita
|-hitcount|p2: Manzanita|3
|
|win|JimmyCWard
|raw|JimmyCWard's rating: 1245 &rarr; <strong>1269</strong><br />(+24 for winning)
|raw|Churrini's rating: 1232 &rarr; <strong>1208</strong><br />(-24 for losing)
|l|☆Churrini
|player|p2|
|l|☆JimmyCWard
|player|p1|
