|j|☆Mr.X&Y97
|j|☆Megumin's Husband
|t:|1760719334
|gametype|singles
|player|p1|Mr.X&Y97|ingo|1700
|player|p2|Megumin's Husband|alder|1726
|gen|9
|tier|[Gen 9] OU
|rated|
|rule|HP Percentage Mod: HP is shown in percentages
|rule|Endless Battle Clause: Forcing endless battles is banned
|rule|Species Clause: Limit one of each Pokémon
|rule|OHKO Clause: OHKO moves are banned
|rule|Evasion Items Clause: Evasion items are banned
|rule|Evasion Moves Clause: Evasion moves are banned
|rule|Evasion Abilities Clause: Evasion abilities are banned
|rule|Sleep Moves Clause: Sleep-inducing moves are banned
|clearpoke
|poke|p1|Indeedee, M|
|poke|p1|Armarouge, F|
|poke|p1|Hatterene, F|
|poke|p1|Polteageist|
|poke|p1|Hawlucha, F|
|poke|p1|Maushold|
|poke|p2|Pecharunt|
|poke|p2|Primarina, F|
|poke|p2|Heatran, M|
|poke|p2|Great Tusk|
|poke|p2|Weavile, F|
|poke|p2|Ogerpon, F|
|teampreview
|inactive|Battle timer is ON: inactive players will automatically lose when time's up. (requested by Mr.X&Y97)
|j| Bravestheart
|
|t:|1760719347
|teamsize|p1|6
|teamsize|p2|6
|start
|switch|p1a: Indeedee|Indeedee, M|100/100
|switch|p2a: Chomusuke|Weavile, F|100/100
|-ability|p2a: Chomusuke|Pressure
|-fieldstart|move: Psychic Terrain|[from] ability: Psychic Surge|[of] p1a: Indeedee
|turn|1
|j| Ggtggg
|
|t:|1760719372
|switch|p1a: Hatterene|Hatterene, F|100/100
|move|p2a: Chomusuke|Knock Off|p1a: Hatterene
|-damage|p1a: Hatterene|40/100
|-enditem|p1a: Hatterene|Eject Button|[from] move: Knock Off|[of] p2a: Chomusuke
|
|upkeep
|turn|2
|
|t:|1760719385
|move|p2a: Chomusuke|Knock Off|p1a: Hatterene
|-damage|p1a: Hatterene|1/100
|move|p1a: Hatterene|Draining Kiss|p2a: Chomusuke
|-supereffective|p2a: Chomusuke
|-damage|p2a: Chomusuke|42/100
|-heal|p1a: Hatterene|40/100|[from] drain|[of] p2a: Chomusuke
|
|upkeep
|turn|3
|j| IM AT MY LIMIT
|
|t:|1760719396
|move|p2a: Chomusuke|Knock Off|p1a: Hatterene
|-damage|p1a: Hatterene|0 fnt
|faint|p1a: Hatterene
|
|upkeep
|
|t:|1760719398
|switch|p1a: Armarouge|Armarouge, F|100/100
|turn|4
|j| PIDGEY GORDITO
|l| PIDGEY GORDITO
|
|t:|1760719423
|switch|p2a: Heatran|Heatran, M, shiny|100/100
|-item|p2a: Heatran|Air Balloon
|move|p1a: Armarouge|Expanding Force|p2a: Heatran
|-resisted|p2a: Heatran
|-damage|p2a: Heatran|74/100
|-enditem|p2a: Heatran|Air Balloon
|
|upkeep
|turn|5
|
|t:|1760719431
|move|p1a: Armarouge|Endure|p1a: Armarouge
|-singleturn|p1a: Armarouge|move: Endure
|move|p2a: Heatran|Stealth Rock|p1a: Armarouge
|-sidestart|p1: Mr.X&Y97|move: Stealth Rock
|
|upkeep
|turn|6
|
|t:|1760719444
|move|p1a: Armarouge|Aura Sphere|p2a: Heatran
|-supereffective|p2a: Heatran
|-crit|p2a: Heatran
|-damage|p2a: Heatran|15/100
|move|p2a: Heatran|Earth Power|p1a: Armarouge
|-supereffective|p1a: Armarouge
|-damage|p1a: Armarouge|36/100
|-enditem|p1a: Armarouge|Weakness Policy
|-boost|p1a: Armarouge|atk|2|[from] item: Weakness Policy
|-boost|p1a: Armarouge|spa|2|[from] item: Weakness Policy
|
|upkeep
|turn|7
|l| IM AT MY LIMIT
|
|t:|1760719455
|move|p1a: Armarouge|Expanding Force|p2a: Heatran
|-resisted|p2a: Heatran
|-damage|p2a: Heatran|0 fnt
|faint|p2a: Heatran
|
|upkeep
|
|t:|1760719464
|switch|p2a: Chomusuke|Weavile, F|42/100
|-ability|p2a: Chomusuke|Pressure
|turn|8
|inactive|Mr.X&Y97 has 120 seconds left.
|
|t:|1760719499
|move|p1a: Armarouge|Endure|p1a: Armarouge
|-singleturn|p1a: Armarouge|move: Endure
|move|p2a: Chomusuke|Triple Axel|p1a: Armarouge
|-resisted|p1a: Armarouge
|-damage|p1a: Armarouge|28/100
|-ability|p1a: Armarouge|Weak Armor|boost
|-unboost|p1a: Armarouge|def|1
|-boost|p1a: Armarouge|spe|2
|-resisted|p1a: Armarouge
|-damage|p1a: Armarouge|5/100
|-ability|p1a: Armarouge|Weak Armor|boost
|-unboost|p1a: Armarouge|def|1
|-boost|p1a: Armarouge|spe|2
|-resisted|p1a: Armarouge
|-activate|p1a: Armarouge|move: Endure
|-damage|p1a: Armarouge|1/100
|-ability|p1a: Armarouge|Weak Armor|boost
|-unboost|p1a: Armarouge|def|1
|-boost|p1a: Armarouge|spe|2
|-hitcount|p1a: Armarouge|3
|
|-fieldend|move: Psychic Terrain
|upkeep
|turn|9
|inactive|Mr.X&Y97 has 120 seconds left.
|
|t:|1760719516
|switch|p2a: Primarina|Primarina, F|100/100
|move|p1a: Armarouge|Aura Sphere|p2a: Primarina
|-resisted|p2a: Primarina
|-damage|p2a: Primarina|85/100
|
|upkeep
|turn|10
|
|t:|1760719521
|move|p1a: Armarouge|Expanding Force|p2a: Primarina
|-damage|p2a: Primarina|41/100
|move|p2a: Primarina|Flip Turn|p1a: Armarouge
|-supereffective|p1a: Armarouge
|-damage|p1a: Armarouge|0 fnt
|faint|p1a: Armarouge
|
|t:|1760719524
|switch|p2a: Chomusuke|Weavile, F|42/100|[from] Flip Turn
|-ability|p2a: Chomusuke|Pressure
|
|upkeep
|
|t:|1760719538
|switch|p1a: Indeedee|Indeedee, M|100/100
|-damage|p1a: Indeedee|88/100|[from] Stealth Rock
|-fieldstart|move: Psychic Terrain|[from] ability: Psychic Surge|[of] p1a: Indeedee
|turn|11
|inactive|Mr.X&Y97 has 120 seconds left.
|
|t:|1760719555
|move|p2a: Chomusuke|Triple Axel|p1a: Indeedee
|-damage|p1a: Indeedee|62/100
|-damage|p1a: Indeedee|10/100
|-damage|p1a: Indeedee|0 fnt
|faint|p1a: Indeedee
|-hitcount|p1: Indeedee|3
|
|upkeep
|inactive|Mr.X&Y97 has 120 seconds left.
|
|t:|1760719561
|switch|p1a: Hawlucha|Hawlucha, F|100/100
|-damage|p1a: Hawlucha|88/100|[from] Stealth Rock
|-enditem|p1a: Hawlucha|Psychic Seed
|-boost|p1a: Hawlucha|spd|1|[from] item: Psychic Seed
|turn|12
|
|t:|1760719569
|-terastallize|p1a: Hawlucha|Steel
|move|p1a: Hawlucha|Swords Dance|p1a: Hawlucha
|-boost|p1a: Hawlucha|atk|2
|move|p2a: Chomusuke|Triple Axel|p1a: Hawlucha
|-resisted|p1a: Hawlucha
|-damage|p1a: Hawlucha|79/100
|-resisted|p1a: Hawlucha
|-damage|p1a: Hawlucha|59/100
|-resisted|p1a: Hawlucha
|-damage|p1a: Hawlucha|31/100
|-hitcount|p1a: Hawlucha|3
|
|upkeep
|turn|13
|
|t:|1760719577
|move|p1a: Hawlucha|Acrobatics|p2a: Chomusuke
|-damage|p2a: Chomusuke|0 fnt
|faint|p2a: Chomusuke
|
|upkeep
|
|t:|1760719580
|switch|p2a: Pecharunt|Pecharunt|100/100
|turn|14
|
|t:|1760719585
|move|p1a: Hawlucha|Acrobatics|p2a: Pecharunt
|-damage|p2a: Pecharunt|58/100
|-damage|p1a: Hawlucha|14/100|[from] item: Rocky Helmet|[of] p2a: Pecharunt
|move|p2a: Pecharunt|Recover|p2a: Pecharunt
|-heal|p2a: Pecharunt|100/100
|
|upkeep
|turn|15
|
|t:|1760719589
|move|p1a: Hawlucha|Encore|p2a: Pecharunt
|-start|p2a: Pecharunt|Encore
|move|p2a: Pecharunt|Recover||[still]
|-fail|p2a: Pecharunt|heal
|
|upkeep
|turn|16
|
|t:|1760719594
|switch|p2a: Primarina|Primarina, F|41/100
|move|p1a: Hawlucha|Swords Dance|p1a: Hawlucha
|-boost|p1a: Hawlucha|atk|2
|
|upkeep
|turn|17
|
|t:|1760719598
|move|p1a: Hawlucha|Acrobatics|p2a: Primarina
|-damage|p2a: Primarina|0 fnt
|faint|p2a: Primarina
|
|upkeep
|
|t:|1760719600
|switch|p2a: Pecharunt|Pecharunt|100/100
|turn|18
|
|t:|1760719603
|move|p1a: Hawlucha|Acrobatics|p2a: Pecharunt
|-damage|p2a: Pecharunt|31/100
|-damage|p1a: Hawlucha|0 fnt|[from] item: Rocky Helmet|[of] p2a: Pecharunt
|faint|p1a: Hawlucha
|move|p2a: Pecharunt|Shadow Ball|p1: Hawlucha|[notarget]
|-fail|p2a: Pecharunt
|
|-fieldend|move: Psychic Terrain
|upkeep
|
|t:|1760719610
|switch|p1a: Maushold|Maushold|100/100
|-damage|p1a: Maushold|88/100|[from] Stealth Rock
|turn|19
|
|t:|1760719615
|move|p1a: Maushold|Tidy Up|p1a: Maushold
|-sideend|p1: Mr.X&Y97|Stealth Rock
|-activate|p1a: Maushold|move: Tidy Up
|-boost|p1a: Maushold|atk|1
|-boost|p1a: Maushold|spe|1
|move|p2a: Pecharunt|Recover|p2a: Pecharunt
|-heal|p2a: Pecharunt|82/100
|
|upkeep
|turn|20
|
|t:|1760719627
|move|p1a: Maushold|Bite|p2a: Pecharunt
|-supereffective|p2a: Pecharunt
|-damage|p2a: Pecharunt|50/100
|-damage|p1a: Maushold|71/100|[from] item: Rocky Helmet|[of] p2a: Pecharunt
|move|p2a: Pecharunt|Malignant Chain|p1a: Maushold
|-damage|p1a: Maushold|23/100
|-status|p1a: Maushold|tox
|-start|p1a: Maushold|confusion|[from] ability: Poison Puppeteer|[of] p2a: Pecharunt
|
|-damage|p1a: Maushold|17/100 tox|[from] psn
|upkeep
|turn|21
|
|t:|1760719636
|-activate|p1a: Maushold|confusion
|-damage|p1a: Maushold|0 fnt|[from] confusion
|faint|p1a: Maushold
|move|p2a: Pecharunt|Recover|p2a: Pecharunt
|-heal|p2a: Pecharunt|100/100
|
|upkeep
|
|t:|1760719638
|switch|p1a: Polteageist|Polteageist|100/100
|turn|22
|
|t:|1760719656
|move|p1a: Polteageist|Shell Smash|p1a: Polteageist
|-unboost|p1a: Polteageist|def|1
|-unboost|p1a: Polteageist|spd|1
|-boost|p1a: Polteageist|atk|2
|-boost|p1a: Polteageist|spa|2
|-boost|p1a: Polteageist|spe|2
|move|p2a: Pecharunt|Malignant Chain|p1a: Polteageist
|-resisted|p1a: Polteageist
|-damage|p1a: Polteageist|71/100
|
|upkeep
|turn|23
|
|t:|1760719669
|move|p1a: Polteageist|Shadow Ball|p2a: Pecharunt
|-supereffective|p2a: Pecharunt
|-damage|p2a: Pecharunt|0 fnt
|faint|p2a: Pecharunt
|
|upkeep
|
|t:|1760719673
|switch|p2a: Yamawaro|Ogerpon, F|100/100
|turn|24
|
|t:|1760719678
|-terastallize|p2a: Yamawaro|Grass
|detailschange|p2a: Yamawaro|Ogerpon-Teal-Tera, F, tera:Grass
|-ability|p2a: Yamawaro|Embody Aspect (Teal)|boost
|-boost|p2a: Yamawaro|spe|1
|move|p2a: Yamawaro|Ivy Cudgel|p1a: Polteageist
|-damage|p1a: Polteageist|0 fnt
|faint|p1a: Polteageist
|
|win|Megumin's Husband
|raw|Mr.X&amp;Y97's rating: 1700 &rarr; <strong>1681</strong><br />(-19 for losing)
|raw|Megumin&apos;s Husband's rating: 1726 &rarr; <strong>1745</strong><br />(+19 for winning)
|l|☆Mr.X&Y97
|player|p1|
|l| Bravestheart
|l|☆Megumin's Husband
|player|p2|
|l| Ggtggg
