|j|☆Reqkt
|j|☆we2022
|t:|1760761869
|gametype|singles
|player|p1|Reqkt|102|1185
|player|p2|we2022|1|1178
|gen|9
|tier|[Gen 9] OU
|rated|
|rule|HP Percentage Mod: HP is shown in percentages
|rule|Endless Battle Clause: Forcing endless battles is banned
|rule|Species Clause: Limit one of each Pokémon
|rule|OHKO Clause: OHKO moves are banned
|rule|Evasion Items Clause: Evasion items are banned
|rule|Evasion Moves Clause: Evasion moves are banned
|rule|Evasion Abilities Clause: Evasion abilities are banned
|rule|Sleep Moves Clause: Sleep-inducing moves are banned
|clearpoke
|poke|p1|Clodsire, M|
|poke|p1|Clefable, F|
|poke|p1|Houndoom, M|
|poke|p1|Gastrodon, F|
|poke|p1|Kingambit, M|
|poke|p1|Ogerpon-Wellspring, F|
|poke|p2|Ceruledge, F|
|poke|p2|Ogerpon-Wellspring, F|
|poke|p2|Dragapult, F|
|poke|p2|Great Tusk|
|poke|p2|Glimmora, M|
|poke|p2|Moltres|
|teampreview
|
|t:|1760761897
|teamsize|p1|6
|teamsize|p2|6
|start
|switch|p1a: Ogerpon|Ogerpon-Wellspring, F|100/100
|switch|p2a: Moltres|Moltres|100/100
|turn|1
|inactive|Battle timer is ON: inactive players will automatically lose when time's up. (requested by Reqkt)
|
|t:|1760761919
|-terastallize|p1a: Ogerpon|Water
|detailschange|p1a: Ogerpon|Ogerpon-Wellspring-Tera, F, tera:Water
|-ability|p1a: Ogerpon|Embody Aspect (Wellspring)|boost
|-boost|p1a: Ogerpon|spd|1
|-terastallize|p2a: Moltres|Fairy
|move|p1a: Ogerpon|Ivy Cudgel|p2a: Moltres|[anim] Ivy Cudgel Water
|-damage|p2a: Moltres|43/100
|move|p2a: Moltres|Will-O-Wisp|p1a: Ogerpon
|-status|p1a: Ogerpon|brn
|
|-damage|p1a: Ogerpon|95/100 brn|[from] brn
|upkeep
|turn|2
|
|t:|1760761946
|switch|p1a: Clodsire|Clodsire, M|100/100
|move|p2a: Moltres|Roost|p2a: Moltres
|-heal|p2a: Moltres|93/100
|
|upkeep
|turn|3
|
|t:|1760761953
|move|p2a: Moltres|U-turn|p1a: Clodsire
|-resisted|p1a: Clodsire
|-damage|p1a: Clodsire|93/100
|
|t:|1760761957
|switch|p2a: Glimmora|Glimmora, M|100/100|[from] U-turn
|move|p1a: Clodsire|Poison Jab|p2a: Glimmora
|-resisted|p2a: Glimmora
|-damage|p2a: Glimmora|93/100
|-activate|p2a: Glimmora|ability: Toxic Debris
|-sidestart|p1: Reqkt|move: Toxic Spikes
|
|-heal|p1a: Clodsire|99/100|[from] item: Leftovers
|upkeep
|turn|4
|
|t:|1760761964
|move|p2a: Glimmora|Earth Power|p1a: Clodsire
|-supereffective|p1a: Clodsire
|-damage|p1a: Clodsire|65/100
|move|p1a: Clodsire|Earthquake|p2a: Glimmora
|-supereffective|p2a: Glimmora
|-damage|p2a: Glimmora|0 fnt
|-activate|p2a: Glimmora|ability: Toxic Debris
|-sidestart|p1: Reqkt|move: Toxic Spikes
|faint|p2a: Glimmora
|
|-heal|p1a: Clodsire|71/100|[from] item: Leftovers
|upkeep
|
|t:|1760761970
|switch|p2a: Dragapult|Dragapult, F|100/100
|turn|5
|
|t:|1760761980
|switch|p1a: Clefable|Clefable, F|100/100
|-status|p1a: Clefable|tox
|move|p2a: Dragapult|U-turn|p1a: Clefable
|-resisted|p1a: Clefable
|-damage|p1a: Clefable|91/100 tox
|
|t:|1760761990
|switch|p2a: Ogerpon|Ogerpon-Wellspring, F|100/100|[from] U-turn
|
|upkeep
|turn|6
|
|t:|1760761996
|switch|p1a: Clodsire|Clodsire, M|71/100
|-sideend|p1: Reqkt|move: Toxic Spikes|[of] p1a: Clodsire
|move|p2a: Ogerpon|Knock Off|p1a: Clodsire
|-damage|p1a: Clodsire|26/100
|-enditem|p1a: Clodsire|Leftovers|[from] move: Knock Off|[of] p2a: Ogerpon
|
|upkeep
|turn|7
|
|t:|1760762017
|switch|p1a: Clefable|Clefable, F|91/100 tox
|move|p2a: Ogerpon|Horn Leech|p1a: Clefable
|-damage|p1a: Clefable|42/100 tox
|
|upkeep
|turn|8
|
|t:|1760762026
|move|p2a: Ogerpon|Horn Leech|p1a: Clefable
|-damage|p1a: Clefable|0 fnt
|faint|p1a: Clefable
|
|upkeep
|
|t:|1760762037
|switch|p1a: Gastrodon|Gastrodon, F|100/100
|turn|9
|
|t:|1760762052
|switch|p1a: Ogerpon|Ogerpon-Wellspring-Tera, F, tera:Water|95/100 brn
|-ability|p1a: Ogerpon|Embody Aspect (Wellspring)|boost
|-boost|p1a: Ogerpon|spd|1
|move|p2a: Ogerpon|Horn Leech|p1a: Ogerpon
|-supereffective|p1a: Ogerpon
|-damage|p1a: Ogerpon|0 fnt
|faint|p1a: Ogerpon
|detailschange|p1: Ogerpon|Ogerpon-Wellspring, F|[silent]
|
|upkeep
|
|t:|1760762062
|switch|p1a: Houndoom|Houndoom, M|100/100
|turn|10
|
|t:|1760762077
|move|p1a: Houndoom|Destiny Bond|p1a: Houndoom
|-singlemove|p1a: Houndoom|Destiny Bond
|move|p2a: Ogerpon|Ivy Cudgel|p1a: Houndoom|[anim] Ivy Cudgel Water
|-supereffective|p1a: Houndoom
|-damage|p1a: Houndoom|0 fnt
|faint|p1a: Houndoom
|-activate|p1a: Houndoom|move: Destiny Bond
|faint|p2a: Ogerpon
|
|upkeep
|inactive|Reqkt has 120 seconds left.
|
|t:|1760762094
|switch|p2a: Great Tusk|Great Tusk|100/100
|switch|p1a: Clodsire|Clodsire, M|26/100
|turn|11
|inactive|Reqkt has 120 seconds left.
|
|t:|1760762100
|move|p2a: Great Tusk|Ice Spinner|p1a: Clodsire
|-supereffective|p1a: Clodsire
|-damage|p1a: Clodsire|0 fnt
|faint|p1a: Clodsire
|
|upkeep
|inactive|Reqkt has 120 seconds left.
|
|t:|1760762105
|switch|p1a: Gastrodon|Gastrodon, F|100/100
|turn|12
|
|t:|1760762113
|move|p2a: Great Tusk|Headlong Rush|p1a: Gastrodon
|-damage|p1a: Gastrodon|35/100
|-unboost|p2a: Great Tusk|def|1
|-unboost|p2a: Great Tusk|spd|1
|move|p1a: Gastrodon|Ice Beam|p2a: Great Tusk
|-supereffective|p2a: Great Tusk
|-damage|p2a: Great Tusk|0 fnt
|faint|p2a: Great Tusk
|-end|p2a: Great Tusk|Protosynthesis|[silent]
|
|-damage|p1a: Gastrodon|23/100|[from] item: Black Sludge
|upkeep
|
|t:|1760762117
|switch|p2a: Dragapult|Dragapult, F|100/100
|turn|13
|
|t:|1760762127
|move|p2a: Dragapult|Draco Meteor|p1a: Gastrodon
|-damage|p1a: Gastrodon|0 fnt
|-unboost|p2a: Dragapult|spa|2
|faint|p1a: Gastrodon
|
|upkeep
|
|t:|1760762133
|switch|p1a: Kingambit|Kingambit, M, shiny|100/100
|-activate|p1a: Kingambit|ability: Supreme Overlord
|-start|p1a: Kingambit|fallen5|[silent]
|turn|14
|
|t:|1760762147
|switch|p2a: Moltres|Moltres, tera:Fairy|93/100
|move|p1a: Kingambit|Iron Head|p2a: Moltres
|-supereffective|p2a: Moltres
|-damage|p2a: Moltres|0 fnt
|faint|p2a: Moltres
|
|upkeep
|
|t:|1760762152
|switch|p2a: Ceruledge|Ceruledge, F|100/100
|turn|15
|
|t:|1760762157
|move|p1a: Kingambit|Sucker Punch|p2a: Ceruledge
|-supereffective|p2a: Ceruledge
|-enditem|p2a: Ceruledge|Focus Sash
|-damage|p2a: Ceruledge|1/100
|-ability|p2a: Ceruledge|Weak Armor|boost
|-unboost|p2a: Ceruledge|def|1
|-boost|p2a: Ceruledge|spe|2
|move|p2a: Ceruledge|Bitter Blade|p1a: Kingambit
|-supereffective|p1a: Kingambit
|-damage|p1a: Kingambit|35/100
|-heal|p2a: Ceruledge|46/100|[from] drain|[of] p1a: Kingambit
|-enditem|p1a: Kingambit|Sitrus Berry|[eat]
|-heal|p1a: Kingambit|60/100|[from] item: Sitrus Berry
|
|upkeep
|turn|16
|
|t:|1760762176
|move|p2a: Ceruledge|Shadow Sneak|p1a: Kingambit
|-resisted|p1a: Kingambit
|-damage|p1a: Kingambit|53/100
|move|p1a: Kingambit|Sucker Punch||[still]
|-fail|p1a: Kingambit
|
|upkeep
|turn|17
|
|t:|1760762187
|move|p1a: Kingambit|Sucker Punch|p2a: Ceruledge
|-supereffective|p2a: Ceruledge
|-damage|p2a: Ceruledge|0 fnt
|faint|p2a: Ceruledge
|
|upkeep
|
|t:|1760762189
|switch|p2a: Dragapult|Dragapult, F|100/100
|turn|18
|
|t:|1760762194
|move|p1a: Kingambit|Sucker Punch|p2a: Dragapult
|-supereffective|p2a: Dragapult
|-damage|p2a: Dragapult|0 fnt
|faint|p2a: Dragapult
|
|win|Reqkt
|raw|Reqkt's rating: 1185 &rarr; <strong>1209</strong><br />(+24 for winning)
|raw|we2022's rating: 1178 &rarr; <strong>1154</strong><br />(-24 for losing)
|l|☆Reqkt
|player|p1|
|l|☆we2022
|player|p2|
