|j|☆Essayemm
|j|☆Deez nuts 1230
|t:|1760809232
|gametype|singles
|player|p1|Essayemm|1|1317
|player|p2|Deez nuts 1230|biker-gen4|1323
|gen|9
|tier|[Gen 9] OU
|rated|
|rule|HP Percentage Mod: HP is shown in percentages
|rule|Endless Battle Clause: Forcing endless battles is banned
|rule|Species Clause: Limit one of each Pokémon
|rule|OHKO Clause: OHKO moves are banned
|rule|Evasion Items Clause: Evasion items are banned
|rule|Evasion Moves Clause: Evasion moves are banned
|rule|Evasion Abilities Clause: Evasion abilities are banned
|rule|Sleep Moves Clause: Sleep-inducing moves are banned
|clearpoke
|poke|p1|Iron Boulder|
|poke|p1|Araquanid, F|
|poke|p1|Gliscor, F|
|poke|p1|Dragapult, F|
|poke|p1|Zamazenta-*|
|poke|p1|Slowking-Galar, M|
|poke|p2|Rillaboom, F|
|poke|p2|Ogerpon-Cornerstone, F|
|poke|p2|Heatran, F|
|poke|p2|Hawlucha, M|
|poke|p2|Quaquaval, F|
|poke|p2|Gholdengo|
|teampreview
|inactive|Battle timer is ON: inactive players will automatically lose when time's up. (requested by Deez nuts 1230)
|
|t:|1760809236
|teamsize|p1|6
|teamsize|p2|6
|start
|switch|p1a: Araquanid|Araquanid, F|100/100
|switch|p2a: Rillaboom|Rillaboom, F|100/100
|-fieldstart|move: Grassy Terrain|[from] ability: Grassy Surge|[of] p2a: Rillaboom
|turn|1
|
|t:|1760809242
|move|p2a: Rillaboom|Knock Off|p1a: Araquanid
|-damage|p1a: Araquanid|68/100
|-enditem|p1a: Araquanid|Custap Berry|[from] move: Knock Off|[of] p2a: Rillaboom
|move|p1a: Araquanid|Sticky Web|p2a: Rillaboom
|-sidestart|p2: Deez nuts 1230|move: Sticky Web
|
|-heal|p1a: Araquanid|74/100|[from] Grassy Terrain
|upkeep
|turn|2
|
|t:|1760809247
|move|p2a: Rillaboom|U-turn|p1a: Araquanid
|-damage|p1a: Araquanid|49/100
|
|t:|1760809250
|switch|p2a: Quaquaval|Quaquaval, F|100/100|[from] U-turn
|-activate|p2a: Quaquaval|move: Sticky Web
|-unboost|p2a: Quaquaval|spe|1
|move|p1a: Araquanid|Leech Life|p2a: Quaquaval
|-resisted|p2a: Quaquaval
|-damage|p2a: Quaquaval|81/100
|-heal|p1a: Araquanid|57/100|[from] drain|[of] p2a: Quaquaval
|
|-heal|p2a: Quaquaval|87/100|[from] Grassy Terrain
|-heal|p2a: Quaquaval|93/100|[from] item: Leftovers
|-heal|p1a: Araquanid|64/100|[from] Grassy Terrain
|upkeep
|turn|3
|
|t:|1760809275
|switch|p1a: Slowking|Slowking-Galar, M|100/100
|move|p2a: Quaquaval|Brave Bird|p1a: Slowking
|-damage|p1a: Slowking|59/100
|-damage|p2a: Quaquaval|76/100|[from] Recoil
|
|-heal|p2a: Quaquaval|82/100|[from] Grassy Terrain
|-heal|p2a: Quaquaval|88/100|[from] item: Leftovers
|-heal|p1a: Slowking|65/100|[from] Grassy Terrain
|-heal|p1a: Slowking|71/100|[from] item: Leftovers
|upkeep
|turn|4
|
|t:|1760809284
|move|p2a: Quaquaval|Rapid Spin|p1a: Slowking
|-damage|p1a: Slowking|55/100
|-boost|p2a: Quaquaval|spe|1
|-sideend|p2: Deez nuts 1230|Sticky Web|[from] move: Rapid Spin|[of] p2a: Quaquaval
|-prepare|p1a: Slowking|Chilly Reception|[premajor]
|move|p1a: Slowking|Chilly Reception|p1a: Slowking
|-weather|Snowscape
|
|t:|1760809291
|switch|p1a: Dragapult|Dragapult, F|100/100|[from] Chilly Reception
|
|-weather|Snowscape|[upkeep]
|-heal|p2a: Quaquaval|94/100|[from] Grassy Terrain
|-heal|p2a: Quaquaval|100/100|[from] item: Leftovers
|upkeep
|turn|5
|
|t:|1760809303
|move|p1a: Dragapult|Draco Meteor|p2a: Quaquaval
|-damage|p2a: Quaquaval|0 fnt
|-unboost|p1a: Dragapult|spa|2
|faint|p2a: Quaquaval
|
|-weather|Snowscape|[upkeep]
|-fieldend|move: Grassy Terrain
|upkeep
|
|t:|1760809308
|switch|p2a: Rillaboom|Rillaboom, F|100/100
|-fieldstart|move: Grassy Terrain|[from] ability: Grassy Surge|[of] p2a: Rillaboom
|turn|6
|
|t:|1760809313
|switch|p1a: Zamazenta|Zamazenta|100/100
|-ability|p1a: Zamazenta|Dauntless Shield|boost
|-boost|p1a: Zamazenta|def|1
|move|p2a: Rillaboom|Knock Off|p1a: Zamazenta
|-resisted|p1a: Zamazenta
|-crit|p1a: Zamazenta
|-damage|p1a: Zamazenta|82/100
|-enditem|p1a: Zamazenta|Heavy-Duty Boots|[from] move: Knock Off|[of] p2a: Rillaboom
|
|-weather|Snowscape|[upkeep]
|-heal|p1a: Zamazenta|88/100|[from] Grassy Terrain
|upkeep
|turn|7
|
|t:|1760809317
|move|p1a: Zamazenta|Iron Defense|p1a: Zamazenta
|-boost|p1a: Zamazenta|def|2
|move|p2a: Rillaboom|U-turn|p1a: Zamazenta
|-resisted|p1a: Zamazenta
|-damage|p1a: Zamazenta|85/100
|
|t:|1760809321
|switch|p2a: Gholdengo|Gholdengo|100/100|[from] U-turn
|
|-weather|Snowscape|[upkeep]
|-heal|p1a: Zamazenta|91/100|[from] Grassy Terrain
|upkeep
|turn|8
|
|t:|1760809326
|move|p1a: Zamazenta|Crunch|p2a: Gholdengo
|-supereffective|p2a: Gholdengo
|-damage|p2a: Gholdengo|51/100
|move|p2a: Gholdengo|Thunder Wave|p1a: Zamazenta
|-status|p1a: Zamazenta|par
|
|-weather|none
|-heal|p2a: Gholdengo|57/100|[from] Grassy Terrain
|-heal|p1a: Zamazenta|97/100 par|[from] Grassy Terrain
|upkeep
|turn|9
|
|t:|1760809332
|move|p2a: Gholdengo|Dazzling Gleam|p1a: Zamazenta
|-supereffective|p1a: Zamazenta
|-damage|p1a: Zamazenta|53/100 par
|cant|p1a: Zamazenta|par
|
|-heal|p2a: Gholdengo|63/100|[from] Grassy Terrain
|-heal|p1a: Zamazenta|59/100 par|[from] Grassy Terrain
|upkeep
|turn|10
|
|t:|1760809337
|move|p2a: Gholdengo|Hex|p1a: Zamazenta
|-damage|p1a: Zamazenta|11/100 par
|move|p1a: Zamazenta|Crunch|p2a: Gholdengo
|-supereffective|p2a: Gholdengo
|-damage|p2a: Gholdengo|18/100
|-unboost|p2a: Gholdengo|def|1
|
|-heal|p2a: Gholdengo|24/100|[from] Grassy Terrain
|-heal|p1a: Zamazenta|17/100 par|[from] Grassy Terrain
|-fieldend|move: Grassy Terrain
|upkeep
|turn|11
|
|t:|1760809342
|move|p2a: Gholdengo|Hex|p1a: Zamazenta
|-damage|p1a: Zamazenta|0 fnt
|faint|p1a: Zamazenta
|
|upkeep
|
|t:|1760809345
|switch|p1a: Araquanid|Araquanid, F|64/100
|turn|12
|
|t:|1760809350
|move|p2a: Gholdengo|Thunder Wave|p1a: Araquanid
|-status|p1a: Araquanid|par
|move|p1a: Araquanid|Sticky Web|p2a: Gholdengo
|-sidestart|p2: Deez nuts 1230|move: Sticky Web
|
|upkeep
|turn|13
|
|t:|1760809356
|move|p2a: Gholdengo|Hex|p1a: Araquanid
|-damage|p1a: Araquanid|16/100 par
|move|p1a: Araquanid|Mirror Coat|p2a: Gholdengo
|-damage|p2a: Gholdengo|0 fnt
|faint|p2a: Gholdengo
|
|upkeep
|
|t:|1760809365
|switch|p2a: Rillaboom|Rillaboom, F|100/100
|-activate|p2a: Rillaboom|move: Sticky Web
|-unboost|p2a: Rillaboom|spe|1
|-fieldstart|move: Grassy Terrain|[from] ability: Grassy Surge|[of] p2a: Rillaboom
|turn|14
|
|t:|1760809369
|move|p2a: Rillaboom|Grassy Glide|p1a: Araquanid
|-damage|p1a: Araquanid|0 fnt
|faint|p1a: Araquanid
|
|upkeep
|
|t:|1760809373
|switch|p1a: Slowking|Slowking-Galar, M|88/100
|turn|15
|
|t:|1760809375
|move|p2a: Rillaboom|Knock Off|p1a: Slowking
|-supereffective|p1a: Slowking
|-damage|p1a: Slowking|23/100
|-enditem|p1a: Slowking|Leftovers|[from] move: Knock Off|[of] p2a: Rillaboom
|move|p1a: Slowking|Future Sight|p2a: Rillaboom
|-start|p1a: Slowking|move: Future Sight
|
|-heal|p1a: Slowking|29/100|[from] Grassy Terrain
|upkeep
|turn|16
|
|t:|1760809396
|move|p2a: Rillaboom|Knock Off|p1a: Slowking
|-supereffective|p1a: Slowking
|-damage|p1a: Slowking|0 fnt
|faint|p1a: Slowking
|
|upkeep
|
|t:|1760809398
|switch|p1a: Gliscor|Gliscor, F|100/100
|turn|17
|
|t:|1760809407
|move|p1a: Gliscor|Protect|p1a: Gliscor
|-singleturn|p1a: Gliscor|Protect
|move|p2a: Rillaboom|Wood Hammer|p1a: Gliscor
|-activate|p1a: Gliscor|move: Protect
|
|-end|p2a: Rillaboom|move: Future Sight
|-damage|p2a: Rillaboom|49/100
|-heal|p2a: Rillaboom|56/100|[from] Grassy Terrain
|-status|p1a: Gliscor|tox|[from] item: Toxic Orb
|upkeep
|turn|18
|
|t:|1760809416
|move|p1a: Gliscor|Toxic|p2a: Rillaboom
|-status|p2a: Rillaboom|tox
|move|p2a: Rillaboom|Wood Hammer|p1a: Gliscor
|-damage|p1a: Gliscor|52/100 tox
|-damage|p2a: Rillaboom|39/100 tox|[from] Recoil
|
|-heal|p2a: Rillaboom|45/100 tox|[from] Grassy Terrain
|-heal|p1a: Gliscor|65/100 tox|[from] ability: Poison Heal
|-damage|p2a: Rillaboom|39/100 tox|[from] psn
|-fieldend|move: Grassy Terrain
|upkeep
|turn|19
|
|t:|1760809424
|move|p1a: Gliscor|Stealth Rock|p2a: Rillaboom
|-sidestart|p2: Deez nuts 1230|move: Stealth Rock
|move|p2a: Rillaboom|U-turn|p1a: Gliscor
|-resisted|p1a: Gliscor
|-damage|p1a: Gliscor|57/100 tox
|
|t:|1760809429
|switch|p2a: Heatran|Heatran, F|100/100|[from] U-turn
|-damage|p2a: Heatran|88/100|[from] Stealth Rock
|-item|p2a: Heatran|Air Balloon
|
|-heal|p1a: Gliscor|70/100 tox|[from] ability: Poison Heal
|upkeep
|turn|20
|
|t:|1760809433
|move|p1a: Gliscor|Knock Off|p2a: Heatran
|-crit|p2a: Heatran
|-damage|p2a: Heatran|60/100
|-enditem|p2a: Heatran|Air Balloon
|move|p2a: Heatran|Magma Storm|p1a: Gliscor
|-damage|p1a: Gliscor|21/100 tox
|-activate|p1a: Gliscor|move: Magma Storm|[of] p2a: Heatran
|
|-heal|p1a: Gliscor|33/100 tox|[from] ability: Poison Heal
|-damage|p1a: Gliscor|21/100 tox|[from] move: Magma Storm|[partiallytrapped]
|upkeep
|turn|21
|
|t:|1760809444
|-terastallize|p2a: Heatran|Grass
|move|p1a: Gliscor|Knock Off|p2a: Heatran
|-damage|p2a: Heatran|47/100
|move|p2a: Heatran|Flash Cannon|p1a: Gliscor
|-damage|p1a: Gliscor|0 fnt
|faint|p1a: Gliscor
|
|upkeep
|
|t:|1760809451
|switch|p1a: Dragapult|Dragapult, F|100/100
|turn|22
|
|t:|1760809455
|move|p1a: Dragapult|Shadow Ball|p2a: Heatran
|-damage|p2a: Heatran|14/100
|move|p2a: Heatran|Flash Cannon|p1a: Dragapult
|-damage|p1a: Dragapult|52/100
|
|upkeep
|turn|23
|
|t:|1760809460
|move|p1a: Dragapult|Shadow Ball|p2a: Heatran
|-damage|p2a: Heatran|0 fnt
|faint|p2a: Heatran
|
|upkeep
|
|t:|1760809466
|switch|p2a: Ogerpon|Ogerpon-Cornerstone, F|100/100
|-activate|p2a: Ogerpon|move: Sticky Web
|-unboost|p2a: Ogerpon|spe|1
|-damage|p2a: Ogerpon|88/100|[from] Stealth Rock
|turn|24
|
|t:|1760809472
|move|p1a: Dragapult|Shadow Ball|p2a: Ogerpon
|-damage|p2a: Ogerpon|26/100
|move|p2a: Ogerpon|Play Rough|p1a: Dragapult
|-supereffective|p1a: Dragapult
|-crit|p1a: Dragapult
|-damage|p1a: Dragapult|0 fnt
|faint|p1a: Dragapult
|
|upkeep
|
|t:|1760809477
|switch|p1a: Iron Boulder|Iron Boulder|100/100
|-enditem|p1a: Iron Boulder|Booster Energy
|-activate|p1a: Iron Boulder|ability: Quark Drive|[fromitem]
|-start|p1a: Iron Boulder|quarkdrivespe
|turn|25
|
|t:|1760809483
|-terastallize|p1a: Iron Boulder|Fighting
|move|p1a: Iron Boulder|Swords Dance|p1a: Iron Boulder
|-boost|p1a: Iron Boulder|atk|2
|move|p2a: Ogerpon|Trailblaze|p1a: Iron Boulder
|-damage|p1a: Iron Boulder|62/100
|-boost|p2a: Ogerpon|spe|1
|
|upkeep
|turn|26
|
|t:|1760809490
|move|p1a: Iron Boulder|Psycho Cut|p2a: Ogerpon
|-damage|p2a: Ogerpon|0 fnt
|faint|p2a: Ogerpon
|
|upkeep
|
|t:|1760809493
|switch|p2a: Hawlucha|Hawlucha, M|100/100
|-damage|p2a: Hawlucha|88/100|[from] Stealth Rock
|turn|27
|
|t:|1760809497
|move|p1a: Iron Boulder|Psycho Cut|p2a: Hawlucha
|-supereffective|p2a: Hawlucha
|-damage|p2a: Hawlucha|0 fnt
|faint|p2a: Hawlucha
|
|upkeep
|
|t:|1760809499
|switch|p2a: Rillaboom|Rillaboom, F|39/100 tox
|-activate|p2a: Rillaboom|move: Sticky Web
|-unboost|p2a: Rillaboom|spe|1
|-damage|p2a: Rillaboom|27/100 tox|[from] Stealth Rock
|-fieldstart|move: Grassy Terrain|[from] ability: Grassy Surge|[of] p2a: Rillaboom
|turn|28
|
|t:|1760809501
|move|p2a: Rillaboom|Grassy Glide|p1a: Iron Boulder
|-damage|p1a: Iron Boulder|14/100
|move|p1a: Iron Boulder|Close Combat|p2a: Rillaboom
|-damage|p2a: Rillaboom|0 fnt
|-unboost|p1a: Iron Boulder|def|1
|-unboost|p1a: Iron Boulder|spd|1
|faint|p2a: Rillaboom
|
|win|Essayemm
|raw|Essayemm's rating: 1317 &rarr; <strong>1337</strong><br />(+20 for winning)
|raw|Deez nuts 1230's rating: 1323 &rarr; <strong>1303</strong><br />(-20 for losing)
|l|☆Deez nuts 1230
|player|p2|
