|j|☆Volga123
|j|☆Garebare1213
|t:|1760721403
|gametype|singles
|player|p1|Volga123|cynthia|1455
|player|p2|Garebare1213|265|1475
|gen|9
|tier|[Gen 9] OU
|rated|
|rule|HP Percentage Mod: HP is shown in percentages
|rule|Endless Battle Clause: Forcing endless battles is banned
|rule|Species Clause: Limit one of each Pokémon
|rule|OHKO Clause: OHKO moves are banned
|rule|Evasion Items Clause: Evasion items are banned
|rule|Evasion Moves Clause: Evasion moves are banned
|rule|Evasion Abilities Clause: Evasion abilities are banned
|rule|Sleep Moves Clause: Sleep-inducing moves are banned
|clearpoke
|poke|p1|Araquanid, M|
|poke|p1|Politoed, F|
|poke|p1|Raging Bolt|
|poke|p1|Bisharp, M|
|poke|p1|Iron Jugulis|
|poke|p1|Clodsire, F|
|poke|p2|Iron Boulder|
|poke|p2|Clefable, F|
|poke|p2|Ting-Lu|
|poke|p2|Corviknight, M|
|poke|p2|Keldeo-Resolute|
|poke|p2|Goodra-Hisui, M|
|teampreview
|inactive|Battle timer is ON: inactive players will automatically lose when time's up. (requested by Garebare1213)
|inactive|Garebare1213 has 120 seconds left.
|inactive|Garebare1213 has 90 seconds left.
|
|t:|1760721474
|teamsize|p1|6
|teamsize|p2|6
|start
|switch|p1a: Araquanid|Araquanid, M|100/100
|switch|p2a: Corviknight|Corviknight, M|100/100
|-ability|p2a: Corviknight|Pressure
|turn|1
|
|t:|1760721479
|switch|p1a: Politoed|Politoed, F|100/100
|-weather|RainDance|[from] ability: Drizzle|[of] p1a: Politoed
|move|p2a: Corviknight|Brave Bird|p1a: Politoed
|-damage|p1a: Politoed|55/100
|-damage|p2a: Corviknight|86/100|[from] Recoil
|
|-weather|RainDance|[upkeep]
|upkeep
|turn|2
|
|t:|1760721496
|switch|p1a: Clodsire|Clodsire, F|100/100
|switch|p2a: Goodra|Goodra-Hisui, M|100/100
|
|-weather|RainDance|[upkeep]
|upkeep
|turn|3
|
|t:|1760721499
|move|p2a: Goodra|Knock Off|p1a: Clodsire
|-damage|p1a: Clodsire|83/100
|-enditem|p1a: Clodsire|Black Sludge|[from] move: Knock Off|[of] p2a: Goodra
|move|p1a: Clodsire|Earthquake|p2a: Goodra
|-supereffective|p2a: Goodra
|-damage|p2a: Goodra|61/100
|
|-weather|RainDance|[upkeep]
|upkeep
|turn|4
|
|t:|1760721516
|switch|p2a: Corviknight|Corviknight, M|86/100
|-ability|p2a: Corviknight|Pressure
|move|p1a: Clodsire|Stealth Rock|p2a: Corviknight
|-sidestart|p2: Garebare1213|move: Stealth Rock
|
|-weather|RainDance|[upkeep]
|upkeep
|turn|5
|
|t:|1760721529
|switch|p1a: Raging Bolt|Raging Bolt|100/100
|-enditem|p1a: Raging Bolt|Booster Energy
|-activate|p1a: Raging Bolt|ability: Protosynthesis|[fromitem]
|-start|p1a: Raging Bolt|protosynthesisspa
|move|p2a: Corviknight|Defog|p1a: Raging Bolt
|-unboost|p1a: Raging Bolt|evasion|1
|-sideend|p2: Garebare1213|Stealth Rock|[from] move: Defog|[of] p2a: Corviknight
|
|-weather|RainDance|[upkeep]
|upkeep
|turn|6
|
|t:|1760721537
|switch|p2a: Ting-Lu|Ting-Lu|100/100
|-ability|p2a: Ting-Lu|Vessel of Ruin
|move|p1a: Raging Bolt|Weather Ball|p2a: Ting-Lu
|-supereffective|p2a: Ting-Lu
|-damage|p2a: Ting-Lu|32/100
|
|-weather|RainDance|[upkeep]
|-heal|p2a: Ting-Lu|38/100|[from] item: Leftovers
|upkeep
|turn|7
|inactive|Garebare1213 has 120 seconds left.
|
|t:|1760721597
|switch|p2a: Corviknight|Corviknight, M|86/100
|-ability|p2a: Corviknight|Pressure
|move|p1a: Raging Bolt|Dragon Pulse|p2a: Corviknight
|-resisted|p2a: Corviknight
|-damage|p2a: Corviknight|56/100
|
|-weather|RainDance|[upkeep]
|upkeep
|turn|8
|
|t:|1760721604
|switch|p2a: Goodra|Goodra-Hisui, M|61/100
|move|p1a: Raging Bolt|Thunder|p2a: Goodra
|-resisted|p2a: Goodra
|-damage|p2a: Goodra|41/100
|
|-weather|none
|upkeep
|turn|9
|
|t:|1760721614
|-terastallize|p1a: Raging Bolt|Water
|move|p1a: Raging Bolt|Dragon Pulse|p2a: Goodra
|-damage|p2a: Goodra|10/100
|move|p2a: Goodra|Draco Meteor|p1a: Raging Bolt
|-damage|p1a: Raging Bolt|57/100
|-unboost|p2a: Goodra|spa|2
|
|upkeep
|turn|10
|inactive|Garebare1213 has 90 seconds left.
|
|t:|1760721640
|switch|p2a: Clefable|Clefable, F|100/100
|move|p1a: Raging Bolt|Dragon Pulse|p2a: Clefable
|-immune|p2a: Clefable
|
|upkeep
|turn|11
|
|t:|1760721645
|move|p1a: Raging Bolt|Thunder|p2a: Clefable
|-damage|p2a: Clefable|17/100
|move|p2a: Clefable|Calm Mind|p2a: Clefable
|-boost|p2a: Clefable|spa|1
|-boost|p2a: Clefable|spd|1
|
|-heal|p2a: Clefable|23/100|[from] item: Leftovers
|upkeep
|turn|12
|inactive|Garebare1213 has 90 seconds left.
|
|t:|1760721665
|move|p1a: Raging Bolt|Thunder|p2a: Clefable
|-damage|p2a: Clefable|0 fnt
|faint|p2a: Clefable
|
|upkeep
|inactive|Garebare1213 has 90 seconds left.
|inactive|Garebare1213 has 60 seconds left.
|
|t:|1760721712
|switch|p2a: Iron Boulder|Iron Boulder|100/100
|-enditem|p2a: Iron Boulder|Booster Energy
|-activate|p2a: Iron Boulder|ability: Quark Drive|[fromitem]
|-start|p2a: Iron Boulder|quarkdrivespe
|turn|13
|
|t:|1760721731
|-end|p1a: Raging Bolt|Protosynthesis|[silent]
|switch|p1a: Politoed|Politoed, F|55/100
|-weather|RainDance|[from] ability: Drizzle|[of] p1a: Politoed
|-terastallize|p2a: Iron Boulder|Electric
|move|p2a: Iron Boulder|Tera Blast|p1a: Politoed|[anim] Tera Blast Electric
|-supereffective|p1a: Politoed
|-damage|p1a: Politoed|0 fnt
|faint|p1a: Politoed
|
|-weather|RainDance|[upkeep]
|upkeep
|
|t:|1760721753
|switch|p1a: Clodsire|Clodsire, F|83/100
|turn|14
|
|t:|1760721773
|-end|p2a: Iron Boulder|Quark Drive|[silent]
|switch|p2a: Corviknight|Corviknight, M|56/100
|-ability|p2a: Corviknight|Pressure
|move|p1a: Clodsire|Earthquake|p2a: Corviknight
|-immune|p2a: Corviknight
|
|-weather|RainDance|[upkeep]
|upkeep
|turn|15
|
|t:|1760721786
|switch|p1a: Bisharp|Bisharp, M|100/100
|move|p2a: Corviknight|Roost|p2a: Corviknight
|-heal|p2a: Corviknight|100/100
|-singleturn|p2a: Corviknight|move: Roost
|
|-weather|RainDance|[upkeep]
|upkeep
|turn|16
|
|t:|1760721792
|move|p1a: Bisharp|Swords Dance|p1a: Bisharp
|-boost|p1a: Bisharp|atk|2
|move|p2a: Corviknight|U-turn|p1a: Bisharp
|-damage|p1a: Bisharp|93/100
|
|t:|1760721794
|switch|p2a: Keldeo|Keldeo-Resolute|100/100|[from] U-turn
|
|-weather|RainDance|[upkeep]
|upkeep
|turn|17
|
|t:|1760721804
|switch|p1a: Araquanid|Araquanid, M|100/100
|move|p2a: Keldeo|Secret Sword|p1a: Araquanid
|-resisted|p1a: Araquanid
|-damage|p1a: Araquanid|65/100
|
|-weather|RainDance|[upkeep]
|upkeep
|turn|18
|inactive|Garebare1213 has 60 seconds left.
|
|t:|1760721825
|switch|p2a: Goodra|Goodra-Hisui, M|10/100
|move|p1a: Araquanid|Liquidation|p2a: Goodra
|-resisted|p2a: Goodra
|-damage|p2a: Goodra|0 fnt
|faint|p2a: Goodra
|
|-weather|RainDance|[upkeep]
|upkeep
|
|t:|1760721849
|switch|p2a: Corviknight|Corviknight, M|100/100
|-ability|p2a: Corviknight|Pressure
|turn|19
|
|t:|1760721851
|move|p2a: Corviknight|Brave Bird|p1a: Araquanid
|-supereffective|p1a: Araquanid
|-damage|p1a: Araquanid|0 fnt
|faint|p1a: Araquanid
|-damage|p2a: Corviknight|82/100|[from] Recoil
|
|-weather|RainDance|[upkeep]
|upkeep
|
|t:|1760721854
|switch|p1a: Raging Bolt|Raging Bolt, tera:Water|57/100
|turn|20
|inactive|Garebare1213 has 60 seconds left.
|
|t:|1760721862
|switch|p2a: Ting-Lu|Ting-Lu|38/100
|-ability|p2a: Ting-Lu|Vessel of Ruin
|move|p1a: Raging Bolt|Weather Ball|p2a: Ting-Lu
|-supereffective|p2a: Ting-Lu
|-damage|p2a: Ting-Lu|0 fnt
|faint|p2a: Ting-Lu
|
|-weather|none
|upkeep
|inactive|Garebare1213 has 60 seconds left.
|
|t:|1760721870
|switch|p2a: Iron Boulder|Iron Boulder, tera:Electric|100/100
|turn|21
|inactive|Garebare1213 has 60 seconds left.
|
|t:|1760721889
|-end|p1a: Raging Bolt|Protosynthesis|[silent]
|switch|p1a: Clodsire|Clodsire, F|83/100
|move|p2a: Iron Boulder|Swords Dance|p2a: Iron Boulder
|-boost|p2a: Iron Boulder|atk|2
|
|upkeep
|turn|22
|inactive|Garebare1213 has 60 seconds left.
|
|t:|1760721902
|move|p2a: Iron Boulder|Mighty Cleave|p1a: Clodsire
|-resisted|p1a: Clodsire
|-damage|p1a: Clodsire|52/100
|move|p1a: Clodsire|Earthquake|p2a: Iron Boulder
|-supereffective|p2a: Iron Boulder
|-damage|p2a: Iron Boulder|29/100
|
|upkeep
|turn|23
|inactive|Garebare1213 has 60 seconds left.
|
|t:|1760721915
|-end|p2a: Iron Boulder|Quark Drive|[silent]
|switch|p2a: Corviknight|Corviknight, M|82/100
|-ability|p2a: Corviknight|Pressure
|move|p1a: Clodsire|Recover|p1a: Clodsire
|-heal|p1a: Clodsire|100/100
|
|upkeep
|turn|24
|l|☆Volga123
|inactive|Volga123 disconnected and has a minute to reconnect!
|player|p1|
|inactive|Volga123 has 30 seconds to reconnect!
|inactive|Volga123 has 20 seconds to reconnect!
|inactive|Volga123 has 15 seconds to reconnect!
|inactive|Volga123 has 10 seconds to reconnect!
|inactive|Volga123 has 5 seconds to reconnect!
|-message|Volga123 lost due to inactivity.
|
|win|Garebare1213
|raw|Volga123's rating: 1455 &rarr; <strong>1436</strong><br />(-19 for losing)
|raw|Garebare1213's rating: 1475 &rarr; <strong>1494</strong><br />(+19 for winning)
|j|☆Volga123
|player|p1|Volga123|cynthia|
|l|☆Volga123
|player|p1|
|l|☆Garebare1213
|player|p2|
