|j|☆Adoumi_
|j|☆Jeremie17
|t:|1760772443
|gametype|singles
|player|p1|Adoumi_|hiker-gen4|1101
|player|p2|Jeremie17|benga|1173
|gen|9
|tier|[Gen 9] OU
|rated|
|rule|HP Percentage Mod: HP is shown in percentages
|rule|Endless Battle Clause: Forcing endless battles is banned
|rule|Species Clause: Limit one of each Pokémon
|rule|OHKO Clause: OHKO moves are banned
|rule|Evasion Items Clause: Evasion items are banned
|rule|Evasion Moves Clause: Evasion moves are banned
|rule|Evasion Abilities Clause: Evasion abilities are banned
|rule|Sleep Moves Clause: Sleep-inducing moves are banned
|clearpoke
|poke|p1|Squawkabilly, F|
|poke|p1|Basculin, F|
|poke|p1|Calyrex|
|poke|p1|Crabominable, F|
|poke|p1|Drifblim, M|
|poke|p1|Clawitzer, F|
|poke|p2|Ribombee, F|
|poke|p2|Great Tusk|
|poke|p2|Enamorus, F|
|poke|p2|Greninja-*, M|
|poke|p2|Garchomp, F|
|poke|p2|Raging Bolt|
|teampreview
|inactive|Battle timer is ON: inactive players will automatically lose when time's up. (requested by Adoumi_)
|inactive|Adoumi_ has 120 seconds left.
|
|t:|1760772480
|teamsize|p1|6
|teamsize|p2|6
|start
|switch|p1a: Krot2nez|Basculin, F|100/100
|switch|p2a: Garchomp|Garchomp, F|100/100
|turn|1
|
|t:|1760772489
|move|p1a: Krot2nez|Ice Fang|p2a: Garchomp
|-supereffective|p2a: Garchomp
|-damage|p2a: Garchomp|31/100
|-damage|p1a: Krot2nez|88/100|[from] ability: Rough Skin|[of] p2a: Garchomp
|-damage|p1a: Krot2nez|72/100|[from] item: Rocky Helmet|[of] p2a: Garchomp
|move|p2a: Garchomp|Stealth Rock|p1a: Krot2nez
|-sidestart|p1: Adoumi_|move: Stealth Rock
|
|upkeep
|turn|2
|
|t:|1760772500
|move|p1a: Krot2nez|Ice Fang|p2a: Garchomp
|-supereffective|p2a: Garchomp
|-damage|p2a: Garchomp|0 fnt
|-damage|p1a: Krot2nez|59/100|[from] ability: Rough Skin|[of] p2a: Garchomp
|-damage|p1a: Krot2nez|43/100|[from] item: Rocky Helmet|[of] p2a: Garchomp
|faint|p2a: Garchomp
|
|upkeep
|
|t:|1760772509
|switch|p2a: S. pneumoniae|Enamorus, F|100/100
|turn|3
|
|t:|1760772520
|move|p2a: S. pneumoniae|Moonblast|p1a: Krot2nez
|-damage|p1a: Krot2nez|0 fnt
|faint|p1a: Krot2nez
|
|upkeep
|
|t:|1760772537
|switch|p1a: Cerf|Calyrex|100/100
|-ability|p1a: Cerf|Unnerve
|turn|4
|
|t:|1760772546
|switch|p2a: S. scabei hominis|Ribombee, F|100/100
|-terastallize|p1a: Cerf|Steel
|move|p1a: Cerf|Encore||[still]
|-fail|p1a: Cerf
|
|upkeep
|turn|5
|
|t:|1760772554
|move|p2a: S. scabei hominis|Sticky Web|p1a: Cerf
|-sidestart|p1: Adoumi_|move: Sticky Web
|move|p1a: Cerf|Leech Seed|p2a: S. scabei hominis
|-start|p2a: S. scabei hominis|move: Leech Seed
|
|-damage|p2a: S. scabei hominis|88/100|[from] Leech Seed|[of] p1a: Cerf
|upkeep
|turn|6
|
|t:|1760772562
|switch|p2a: S. pneumoniae|Enamorus, F|100/100
|move|p1a: Cerf|Encore||[still]
|-fail|p1a: Cerf
|
|upkeep
|turn|7
|
|t:|1760772568
|move|p2a: S. pneumoniae|Mystical Fire|p1a: Cerf
|-supereffective|p1a: Cerf
|-crit|p1a: Cerf
|-damage|p1a: Cerf|17/100
|-unboost|p1a: Cerf|spa|1
|move|p1a: Cerf|Substitute|p1a: Cerf
|-fail|p1a: Cerf|move: Substitute|[weak]
|
|upkeep
|turn|8
|
|t:|1760772583
|move|p2a: S. pneumoniae|Mystical Fire|p1a: Cerf
|-supereffective|p1a: Cerf
|-damage|p1a: Cerf|0 fnt
|faint|p1a: Cerf
|
|upkeep
|
|t:|1760772593
|switch|p1a: Yanis|Squawkabilly, F|100/100
|-damage|p1a: Yanis|76/100|[from] Stealth Rock
|turn|9
|
|t:|1760772606
|switch|p2a: S. scabei hominis|Ribombee, F|88/100
|move|p1a: Yanis|Double-Edge|p2a: S. scabei hominis
|-damage|p2a: S. scabei hominis|0 fnt
|faint|p2a: S. scabei hominis
|-damage|p1a: Yanis|51/100|[from] Recoil
|
|upkeep
|
|t:|1760772612
|switch|p2a: Anisakis spp.|Raging Bolt|100/100
|-enditem|p2a: Anisakis spp.|Booster Energy
|-activate|p2a: Anisakis spp.|ability: Protosynthesis|[fromitem]
|-start|p2a: Anisakis spp.|protosynthesisspa
|turn|10
|
|t:|1760772619
|move|p2a: Anisakis spp.|Thunderclap|p1a: Yanis
|-supereffective|p1a: Yanis
|-damage|p1a: Yanis|0 fnt
|faint|p1a: Yanis
|
|upkeep
|
|t:|1760772634
|switch|p1a: Patate|Crabominable, F|100/100
|-damage|p1a: Patate|88/100|[from] Stealth Rock
|-activate|p1a: Patate|move: Sticky Web
|-unboost|p1a: Patate|spe|1
|turn|11
|
|t:|1760772646
|-terastallize|p2a: Anisakis spp.|Fairy
|move|p2a: Anisakis spp.|Calm Mind|p2a: Anisakis spp.
|-boost|p2a: Anisakis spp.|spa|1
|-boost|p2a: Anisakis spp.|spd|1
|move|p1a: Patate|Bulk Up|p1a: Patate
|-boost|p1a: Patate|atk|1
|-boost|p1a: Patate|def|1
|
|-heal|p1a: Patate|94/100|[from] item: Leftovers
|upkeep
|turn|12
|
|t:|1760772657
|move|p2a: Anisakis spp.|Thunderbolt|p1a: Patate
|-damage|p1a: Patate|0 fnt
|faint|p1a: Patate
|
|upkeep
|
|t:|1760772664
|switch|p1a: Sniper|Clawitzer, F|100/100
|-damage|p1a: Sniper|88/100|[from] Stealth Rock
|-activate|p1a: Sniper|move: Sticky Web
|-unboost|p1a: Sniper|spe|1
|turn|13
|
|t:|1760772676
|move|p2a: Anisakis spp.|Thunderclap|p1a: Sniper
|-supereffective|p1a: Sniper
|-damage|p1a: Sniper|0 fnt
|faint|p1a: Sniper
|
|upkeep
|
|t:|1760772682
|switch|p1a: Ballon|Drifblim, M|100/100
|-damage|p1a: Ballon|76/100|[from] Stealth Rock
|turn|14
|
|t:|1760772689
|move|p2a: Anisakis spp.|Thunderclap|p1a: Ballon
|-supereffective|p1a: Ballon
|-damage|p1a: Ballon|0 fnt
|faint|p1a: Ballon
|
|win|Jeremie17
|raw|Adoumi_'s rating: 1101 &rarr; <strong>1081</strong><br />(-20 for losing)
|raw|Jeremie17's rating: 1173 &rarr; <strong>1193</strong><br />(+20 for winning)
|l|☆Adoumi_
|player|p1|
|l|☆Jeremie17
|player|p2|
