|j|☆LykosWendigo00
|j|☆kantoking1307
|t:|1760740215
|gametype|singles
|player|p1|LykosWendigo00|musician|1387
|player|p2|kantoking1307|shadowtriad|1455
|gen|9
|tier|[Gen 9] OU
|rated|
|rule|HP Percentage Mod: HP is shown in percentages
|rule|Endless Battle Clause: Forcing endless battles is banned
|rule|Species Clause: Limit one of each Pokémon
|rule|OHKO Clause: OHKO moves are banned
|rule|Evasion Items Clause: Evasion items are banned
|rule|Evasion Moves Clause: Evasion moves are banned
|rule|Evasion Abilities Clause: Evasion abilities are banned
|rule|Sleep Moves Clause: Sleep-inducing moves are banned
|clearpoke
|poke|p1|Zamazenta-*|
|poke|p1|Ninetales-Alola, F|
|poke|p1|Darkrai|
|poke|p1|Ceruledge, F|
|poke|p1|Gliscor, M|
|poke|p1|Hatterene, F|
|poke|p2|Jolteon, M|
|poke|p2|Gyarados, M|
|poke|p2|Arcanine-Hisui, M|
|poke|p2|Corviknight, M|
|poke|p2|Scizor, M|
|poke|p2|Mew|
|teampreview
|
|t:|1760740249
|teamsize|p1|6
|teamsize|p2|6
|start
|switch|p1a: my armor is weak|Ceruledge, F|100/100
|switch|p2a: Scizor|Scizor, M|100/100
|turn|1
|inactive|Battle timer is ON: inactive players will automatically lose when time's up. (requested by LykosWendigo00)
|
|t:|1760740272
|move|p1a: my armor is weak|Bulk Up|p1a: my armor is weak
|-boost|p1a: my armor is weak|atk|1
|-boost|p1a: my armor is weak|def|1
|move|p2a: Scizor|Knock Off|p1a: my armor is weak
|-supereffective|p1a: my armor is weak
|-damage|p1a: my armor is weak|19/100
|-enditem|p1a: my armor is weak|Covert Cloak|[from] move: Knock Off|[of] p2a: Scizor
|
|upkeep
|turn|2
|
|t:|1760740291
|switch|p2a: Arcanine|Arcanine-Hisui, M|100/100
|move|p1a: my armor is weak|Bitter Blade|p2a: Arcanine
|-resisted|p2a: Arcanine
|-damage|p2a: Arcanine|83/100
|-heal|p1a: my armor is weak|27/100|[from] drain|[of] p2a: Arcanine
|
|upkeep
|turn|3
|
|t:|1760740304
|move|p1a: my armor is weak|Shadow Sneak|p2a: Arcanine
|-damage|p2a: Arcanine|52/100
|move|p2a: Arcanine|Head Smash|p1a: my armor is weak
|-supereffective|p1a: my armor is weak
|-damage|p1a: my armor is weak|0 fnt
|faint|p1a: my armor is weak
|
|upkeep
|
|t:|1760740312
|switch|p1a: slop enjoyer|Gliscor, M|100/100
|turn|4
|
|t:|1760740329
|move|p2a: Arcanine|Head Smash|p1a: slop enjoyer|[miss]
|-miss|p2a: Arcanine|p1a: slop enjoyer
|move|p1a: slop enjoyer|Swords Dance|p1a: slop enjoyer
|-boost|p1a: slop enjoyer|atk|2
|
|-status|p1a: slop enjoyer|tox|[from] item: Toxic Orb
|upkeep
|turn|5
|
|t:|1760740341
|move|p2a: Arcanine|Head Smash|p1a: slop enjoyer
|-damage|p1a: slop enjoyer|10/100 tox
|move|p1a: slop enjoyer|Earthquake|p2a: Arcanine
|-supereffective|p2a: Arcanine
|-damage|p2a: Arcanine|0 fnt
|faint|p2a: Arcanine
|
|-heal|p1a: slop enjoyer|23/100 tox|[from] ability: Poison Heal
|upkeep
|
|t:|1760740350
|switch|p2a: Gyarados|Gyarados, M|100/100
|turn|6
|
|t:|1760740357
|move|p1a: slop enjoyer|Facade|p2a: Gyarados
|-damage|p2a: Gyarados|23/100
|move|p2a: Gyarados|Waterfall|p1a: slop enjoyer
|-supereffective|p1a: slop enjoyer
|-damage|p1a: slop enjoyer|0 fnt
|faint|p1a: slop enjoyer
|-ability|p2a: Gyarados|Moxie|boost
|-boost|p2a: Gyarados|atk|1
|
|upkeep
|
|t:|1760740377
|switch|p1a: yeessssss king|Darkrai|100/100
|turn|7
|
|t:|1760740380
|move|p1a: yeessssss king|Dark Pulse|p2a: Gyarados
|-damage|p2a: Gyarados|0 fnt
|faint|p2a: Gyarados
|
|upkeep
|
|t:|1760740390
|switch|p2a: Scizor|Scizor, M|100/100
|turn|8
|
|t:|1760740415
|-terastallize|p1a: yeessssss king|Poison
|move|p1a: yeessssss king|Nasty Plot|p1a: yeessssss king
|-boost|p1a: yeessssss king|spa|2
|move|p2a: Scizor|U-turn|p1a: yeessssss king
|-resisted|p1a: yeessssss king
|-damage|p1a: yeessssss king|64/100
|
|t:|1760740422
|switch|p2a: Jolteon|Jolteon, M|100/100|[from] U-turn
|
|-heal|p1a: yeessssss king|70/100|[from] item: Leftovers
|upkeep
|turn|9
|
|t:|1760740428
|move|p2a: Jolteon|Thunderbolt|p1a: yeessssss king
|-damage|p1a: yeessssss king|0 fnt
|faint|p1a: yeessssss king
|
|upkeep
|
|t:|1760740433
|switch|p1a: pirate legends za|Ninetales-Alola, F|100/100
|-weather|Snowscape|[from] ability: Snow Warning|[of] p1a: pirate legends za
|turn|10
|
|t:|1760740440
|move|p2a: Jolteon|Thunderbolt|p1a: pirate legends za
|-damage|p1a: pirate legends za|35/100
|-status|p1a: pirate legends za|par
|move|p1a: pirate legends za|Aurora Veil|p1a: pirate legends za
|-sidestart|p1: LykosWendigo00|move: Aurora Veil
|
|-weather|Snowscape|[upkeep]
|upkeep
|turn|11
|
|t:|1760740447
|switch|p2a: Corviknight|Corviknight, M|100/100
|switch|p1a: za za dog|Zamazenta|100/100
|-ability|p1a: za za dog|Dauntless Shield|boost
|-boost|p1a: za za dog|def|1
|
|-weather|Snowscape|[upkeep]
|upkeep
|turn|12
|
|t:|1760740457
|move|p1a: za za dog|Iron Defense|p1a: za za dog
|-boost|p1a: za za dog|def|2
|move|p2a: Corviknight|Defog|p1a: za za dog
|-unboost|p1a: za za dog|evasion|1
|-sideend|p1: LykosWendigo00|move: Aurora Veil
|
|-weather|Snowscape|[upkeep]
|upkeep
|turn|13
|
|t:|1760740463
|move|p1a: za za dog|Body Press|p2a: Corviknight
|-damage|p2a: Corviknight|51/100
|-damage|p1a: za za dog|84/100|[from] item: Rocky Helmet|[of] p2a: Corviknight
|move|p2a: Corviknight|U-turn|p1a: za za dog
|-resisted|p1a: za za dog
|-damage|p1a: za za dog|81/100
|
|t:|1760740471
|switch|p2a: Mew|Mew, shiny|100/100|[from] U-turn
|
|-weather|Snowscape|[upkeep]
|upkeep
|turn|14
|
|t:|1760740496
|move|p1a: za za dog|Crunch|p2a: Mew
|-supereffective|p2a: Mew
|-damage|p2a: Mew|56/100
|move|p2a: Mew|Nasty Plot|p2a: Mew
|-boost|p2a: Mew|spa|2
|
|-weather|none
|upkeep
|turn|15
|inactive|kantoking1307 has 120 seconds left.
|
|t:|1760740516
|switch|p1a: nu uh|Hatterene, F|100/100
|move|p2a: Mew|Draining Kiss|p1a: nu uh
|-damage|p1a: nu uh|66/100
|-heal|p2a: Mew|80/100|[from] drain|[of] p1a: nu uh
|
|-heal|p1a: nu uh|72/100|[from] item: Leftovers
|upkeep
|turn|16
|inactive|kantoking1307 has 120 seconds left.
|
|t:|1760740534
|switch|p2a: Jolteon|Jolteon, M|100/100
|move|p1a: nu uh|Mystical Fire|p2a: Jolteon
|-damage|p2a: Jolteon|69/100
|-unboost|p2a: Jolteon|spa|1
|
|-heal|p1a: nu uh|78/100|[from] item: Leftovers
|upkeep
|turn|17
|inactive|kantoking1307 has 120 seconds left.
|
|t:|1760740549
|move|p2a: Jolteon|Volt Switch|p1a: nu uh
|-damage|p1a: nu uh|42/100
|
|t:|1760740556
|switch|p2a: Corviknight|Corviknight, M|51/100|[from] Volt Switch
|move|p1a: nu uh|Calm Mind|p1a: nu uh
|-boost|p1a: nu uh|spa|1
|-boost|p1a: nu uh|spd|1
|
|-heal|p1a: nu uh|48/100|[from] item: Leftovers
|upkeep
|turn|18
|inactive|kantoking1307 has 120 seconds left.
|
|t:|1760740562
|move|p2a: Corviknight|U-turn|p1a: nu uh
|-damage|p1a: nu uh|36/100
|
|t:|1760740566
|switch|p2a: Jolteon|Jolteon, M|69/100|[from] U-turn
|move|p1a: nu uh|Mystical Fire|p2a: Jolteon
|-damage|p2a: Jolteon|27/100
|-unboost|p2a: Jolteon|spa|1
|
|-heal|p1a: nu uh|42/100|[from] item: Leftovers
|upkeep
|turn|19
|
|t:|1760740574
|move|p2a: Jolteon|Shadow Ball|p1a: nu uh
|-supereffective|p1a: nu uh
|-damage|p1a: nu uh|10/100
|move|p1a: nu uh|Draining Kiss|p2a: Jolteon
|-damage|p2a: Jolteon|0 fnt
|-heal|p1a: nu uh|27/100|[from] drain|[of] p2a: Jolteon
|faint|p2a: Jolteon
|
|-heal|p1a: nu uh|33/100|[from] item: Leftovers
|upkeep
|
|t:|1760740584
|switch|p2a: Scizor|Scizor, M|100/100
|turn|20
|
|t:|1760740587
|move|p2a: Scizor|Bullet Punch|p1a: nu uh
|-supereffective|p1a: nu uh
|-damage|p1a: nu uh|0 fnt
|faint|p1a: nu uh
|
|upkeep
|
|t:|1760740591
|switch|p1a: za za dog|Zamazenta|81/100
|turn|21
|
|t:|1760740595
|switch|p2a: Corviknight|Corviknight, M|51/100
|move|p1a: za za dog|Crunch|p2a: Corviknight
|-crit|p2a: Corviknight
|-damage|p2a: Corviknight|32/100
|-damage|p1a: za za dog|65/100|[from] item: Rocky Helmet|[of] p2a: Corviknight
|
|upkeep
|turn|22
|
|t:|1760740602
|move|p1a: za za dog|Crunch|p2a: Corviknight
|-crit|p2a: Corviknight
|-damage|p2a: Corviknight|10/100
|-ability|p2a: Corviknight|Mirror Armor
|-unboost|p1a: za za dog|def|1
|-damage|p1a: za za dog|48/100|[from] item: Rocky Helmet|[of] p2a: Corviknight
|move|p2a: Corviknight|U-turn|p1a: za za dog
|-resisted|p1a: za za dog
|-damage|p1a: za za dog|40/100
|
|t:|1760740610
|switch|p2a: Mew|Mew, shiny|80/100|[from] U-turn
|
|upkeep
|turn|23
|-message|LykosWendigo00 forfeited.
|
|win|kantoking1307
|raw|LykosWendigo00's rating: 1387 &rarr; <strong>1371</strong><br />(-16 for losing)
|raw|kantoking1307's rating: 1455 &rarr; <strong>1471</strong><br />(+16 for winning)
|l|☆LykosWendigo00
|player|p1|
|l|☆kantoking1307
|player|p2|
