|j|☆lumi678
|j|☆JapYap
|t:|1760853626
|gametype|singles
|player|p1|lumi678|caitlin|1168
|player|p2|JapYap|169|1113
|gen|9
|tier|[Gen 9] OU
|rated|
|rule|HP Percentage Mod: HP is shown in percentages
|rule|Endless Battle Clause: Forcing endless battles is banned
|rule|Species Clause: Limit one of each Pokémon
|rule|OHKO Clause: OHKO moves are banned
|rule|Evasion Items Clause: Evasion items are banned
|rule|Evasion Moves Clause: Evasion moves are banned
|rule|Evasion Abilities Clause: Evasion abilities are banned
|rule|Sleep Moves Clause: Sleep-inducing moves are banned
|clearpoke
|poke|p1|Glimmora, M|
|poke|p1|Hatterene, F|
|poke|p1|Dragapult, F|
|poke|p1|Ogerpon-Wellspring, F|
|poke|p1|Zamazenta-*|
|poke|p1|Darkrai|
|poke|p2|Sceptile, M|
|poke|p2|Charizard, M|
|poke|p2|Magnezone|
|poke|p2|Dragalge, M|
|poke|p2|Weezing, M|
|poke|p2|Noivern, M|
|teampreview
|
|t:|1760853632
|teamsize|p1|6
|teamsize|p2|6
|start
|switch|p1a: Glimmora|Glimmora, M|100/100
|switch|p2a: Charizard|Charizard, M|100/100
|turn|1
|
|t:|1760853641
|move|p2a: Charizard|Scorching Sands|p1a: Glimmora
|-supereffective|p1a: Glimmora
|-enditem|p1a: Glimmora|Focus Sash
|-damage|p1a: Glimmora|1/100
|move|p1a: Glimmora|Stealth Rock|p2a: Charizard
|-sidestart|p2: JapYap|move: Stealth Rock
|
|upkeep
|turn|2
|
|t:|1760853649
|move|p2a: Charizard|Fire Blast|p1a: Glimmora|[miss]
|-miss|p2a: Charizard|p1a: Glimmora
|move|p1a: Glimmora|Mortal Spin|p2a: Charizard
|-damage|p2a: Charizard|92/100
|-status|p2a: Charizard|psn
|
|-damage|p2a: Charizard|80/100 psn|[from] psn
|upkeep
|turn|3
|
|t:|1760853656
|move|p2a: Charizard|Fire Blast|p1a: Glimmora
|-resisted|p1a: Glimmora
|-damage|p1a: Glimmora|0 fnt
|faint|p1a: Glimmora
|
|-damage|p2a: Charizard|68/100 psn|[from] psn
|upkeep
|
|t:|1760853658
|switch|p1a: Zamazenta|Zamazenta|100/100
|-ability|p1a: Zamazenta|Dauntless Shield|boost
|-boost|p1a: Zamazenta|def|1
|turn|4
|
|t:|1760853665
|switch|p2a: Weezing|Weezing, M|100/100
|move|p1a: Zamazenta|Stone Edge|p2a: Weezing
|-damage|p2a: Weezing|74/100
|-damage|p1a: Zamazenta|91/100|[from] item: Life Orb
|
|upkeep
|turn|5
|
|t:|1760853675
|move|p1a: Zamazenta|Crunch|p2a: Weezing
|-damage|p2a: Weezing|53/100
|-unboost|p2a: Weezing|def|1
|-damage|p1a: Zamazenta|81/100|[from] item: Life Orb
|move|p2a: Weezing|Toxic|p1a: Zamazenta
|-status|p1a: Zamazenta|tox
|
|-damage|p1a: Zamazenta|75/100 tox|[from] psn
|upkeep
|turn|6
|
|t:|1760853679
|move|p1a: Zamazenta|Heavy Slam|p2a: Weezing
|-damage|p2a: Weezing|6/100
|-damage|p1a: Zamazenta|65/100 tox|[from] item: Life Orb
|move|p2a: Weezing|Pain Split|p1a: Zamazenta
|-sethp|p1a: Zamazenta|36/100 tox|[from] move: Pain Split|[silent]
|-sethp|p2a: Weezing|35/100|[from] move: Pain Split
|
|-damage|p1a: Zamazenta|23/100 tox|[from] psn
|upkeep
|turn|7
|
|t:|1760853692
|switch|p2a: Magnezone|Magnezone|100/100
|-damage|p2a: Magnezone|94/100|[from] Stealth Rock
|move|p1a: Zamazenta|Heavy Slam|p2a: Magnezone
|-resisted|p2a: Magnezone
|-damage|p2a: Magnezone|91/100
|-damage|p1a: Zamazenta|13/100 tox|[from] item: Life Orb
|
|-damage|p1a: Zamazenta|0 fnt|[from] psn
|faint|p1a: Zamazenta
|upkeep
|
|t:|1760853699
|switch|p1a: Hatterene|Hatterene, F|100/100
|turn|8
|
|t:|1760853704
|-terastallize|p1a: Hatterene|Water
|move|p1a: Hatterene|Calm Mind|p1a: Hatterene
|-boost|p1a: Hatterene|spa|1
|-boost|p1a: Hatterene|spd|1
|move|p2a: Magnezone|Mirror Coat||[still]
|-fail|p2a: Magnezone
|
|upkeep
|turn|9
|
|t:|1760853709
|move|p2a: Magnezone|Volt Switch|p1a: Hatterene
|-supereffective|p1a: Hatterene
|-damage|p1a: Hatterene|55/100
|
|t:|1760853712
|switch|p2a: Weezing|Weezing, M|35/100|[from] Volt Switch
|move|p1a: Hatterene|Calm Mind|p1a: Hatterene
|-boost|p1a: Hatterene|spa|1
|-boost|p1a: Hatterene|spd|1
|
|-heal|p1a: Hatterene|61/100|[from] item: Leftovers
|upkeep
|turn|10
|
|t:|1760853717
|move|p2a: Weezing|Clear Smog|p1a: Hatterene
|-damage|p1a: Hatterene|53/100
|-clearboost|p1a: Hatterene
|move|p1a: Hatterene|Psychic Noise|p2a: Weezing
|-supereffective|p2a: Weezing
|-damage|p2a: Weezing|0 fnt
|faint|p2a: Weezing
|
|-heal|p1a: Hatterene|59/100|[from] item: Leftovers
|upkeep
|
|t:|1760853726
|switch|p2a: Magnezone|Magnezone|91/100
|-damage|p2a: Magnezone|85/100|[from] Stealth Rock
|turn|11
|
|t:|1760853734
|move|p2a: Magnezone|Volt Switch|p1a: Hatterene
|-supereffective|p1a: Hatterene
|-damage|p1a: Hatterene|0 fnt
|faint|p1a: Hatterene
|
|t:|1760853745
|switch|p2a: Noivern|Noivern, M|100/100|[from] Volt Switch
|
|upkeep
|
|t:|1760853749
|switch|p1a: Dragapult|Dragapult, F|100/100
|turn|12
|
|t:|1760853752
|switch|p2a: Magnezone|Magnezone|85/100
|-damage|p2a: Magnezone|79/100|[from] Stealth Rock
|move|p1a: Dragapult|Dragon Darts|p2a: Magnezone
|-resisted|p2a: Magnezone
|-damage|p2a: Magnezone|64/100
|-anim|p1a: Dragapult|Dragon Darts|p2a: Magnezone
|-resisted|p2a: Magnezone
|-damage|p2a: Magnezone|50/100
|
|upkeep
|turn|13
|
|t:|1760853761
|switch|p1a: Darkrai|Darkrai|100/100
|move|p2a: Magnezone|Volt Switch|p1a: Darkrai
|-damage|p1a: Darkrai|60/100
|-message|lumi678 forfeited.
|
|win|JapYap
|raw|lumi678's rating: 1168 &rarr; <strong>1139</strong><br />(-29 for losing)
|raw|JapYap's rating: 1113 &rarr; <strong>1142</strong><br />(+29 for winning)
|l|☆lumi678
|player|p1|
|l|☆JapYap
|player|p2|
