|badge|p1|bronze|gen9ubers|100-7
|uhtml|medal-msg|<div class="broadcast-blue">Curious what those medals under the avatar are? PS now has Ladder Seasons! For more information, check out the <a href="https://www.smogon.com/forums/threads/3740067/">thread on Smogon.</a></div>
|j|☆Nikator98
|j|☆caesar nivis
|t:|1760790220
|gametype|singles
|player|p1|Nikator98|giovanni|1641
|player|p2|caesar nivis|lance|1546
|gen|9
|tier|[Gen 9] OU
|rated|
|rule|HP Percentage Mod: HP is shown in percentages
|rule|Endless Battle Clause: Forcing endless battles is banned
|rule|Species Clause: Limit one of each Pokémon
|rule|OHKO Clause: OHKO moves are banned
|rule|Evasion Items Clause: Evasion items are banned
|rule|Evasion Moves Clause: Evasion moves are banned
|rule|Evasion Abilities Clause: Evasion abilities are banned
|rule|Sleep Moves Clause: Sleep-inducing moves are banned
|clearpoke
|poke|p1|Metagross|
|poke|p1|Great Tusk|
|poke|p1|Haxorus, M|
|poke|p1|Iron Moth|
|poke|p1|Zoroark-Hisui, M|
|poke|p1|Ninetales-Alola, F|
|poke|p2|Ninetales-Alola, M|
|poke|p2|Ursaluna, M|
|poke|p2|Moltres-Galar|
|poke|p2|Iron Treads|
|poke|p2|Glastrier|
|poke|p2|Dondozo, F|
|teampreview
|inactive|Battle timer is ON: inactive players will automatically lose when time's up. (requested by caesar nivis)
|
|t:|1760790227
|teamsize|p1|6
|teamsize|p2|6
|start
|switch|p1a: Arquillian Sentry|Metagross|100/100
|switch|p2a: Iron Treads|Iron Treads|100/100
|turn|1
|
|t:|1760790234
|switch|p1a: Kumaryia|Great Tusk, shiny|100/100
|move|p2a: Iron Treads|Earthquake|p1a: Kumaryia
|-damage|p1a: Kumaryia|69/100
|
|upkeep
|turn|2
|
|t:|1760790244
|-end|p2a: Iron Treads|Quark Drive|[silent]
|switch|p2a: Moltres|Moltres-Galar|100/100
|move|p1a: Kumaryia|Knock Off|p2a: Moltres
|-resisted|p2a: Moltres
|-damage|p2a: Moltres|80/100
|-enditem|p2a: Moltres|Leftovers|[from] move: Knock Off|[of] p1a: Kumaryia
|
|upkeep
|turn|3
|
|t:|1760790260
|-end|p1a: Kumaryia|Protosynthesis|[silent]
|switch|p1a: Asfaloth|Ninetales-Alola, F, shiny|100/100
|-weather|Snowscape|[from] ability: Snow Warning|[of] p1a: Asfaloth
|move|p2a: Moltres|Air Slash|p1a: Asfaloth
|-damage|p1a: Asfaloth|63/100
|
|-weather|Snowscape|[upkeep]
|upkeep
|turn|4
|
|t:|1760790268
|switch|p2a: Ninetales|Ninetales-Alola, M|100/100
|move|p1a: Asfaloth|Aurora Veil|p1a: Asfaloth
|-sidestart|p1: Nikator98|move: Aurora Veil
|
|-weather|Snowscape|[upkeep]
|upkeep
|turn|5
|
|t:|1760790275
|switch|p1a: Arquillian Sentry|Metagross|100/100
|move|p2a: Ninetales|Aurora Veil|p2a: Ninetales
|-sidestart|p2: caesar nivis|move: Aurora Veil
|
|-weather|Snowscape|[upkeep]
|upkeep
|turn|6
|
|t:|1760790281
|switch|p2a: Ursaluna|Ursaluna, M|100/100
|move|p1a: Arquillian Sentry|Psychic Fangs|p2a: Ursaluna
|-sideend|p2: caesar nivis|move: Aurora Veil
|-damage|p2a: Ursaluna|63/100
|
|-weather|Snowscape|[upkeep]
|-status|p2a: Ursaluna|brn|[from] item: Flame Orb
|upkeep
|turn|7
|
|t:|1760790289
|move|p1a: Arquillian Sentry|Stealth Rock|p2a: Ursaluna
|-sidestart|p2: caesar nivis|move: Stealth Rock
|move|p2a: Ursaluna|Earthquake|p1a: Arquillian Sentry
|-supereffective|p1a: Arquillian Sentry
|-damage|p1a: Arquillian Sentry|34/100
|
|-weather|none
|-damage|p2a: Ursaluna|57/100 brn|[from] brn
|upkeep
|turn|8
|
|t:|1760790299
|switch|p1a: Kumaryia|Great Tusk, shiny|69/100
|switch|p2a: Iron Treads|Iron Treads|100/100
|-damage|p2a: Iron Treads|97/100|[from] Stealth Rock
|
|upkeep
|turn|9
|
|t:|1760790306
|-end|p1a: Kumaryia|Protosynthesis|[silent]
|switch|p1a: Kumaryia|Great Tusk, shiny|100/100
|move|p2a: Iron Treads|Rapid Spin|p1a: Kumaryia
|-immune|p1a: Kumaryia
|
|upkeep
|turn|10
|
|t:|1760790313
|move|p1a: Kumaryia|Flamethrower|p2a: Iron Treads
|-supereffective|p2a: Iron Treads
|-damage|p2a: Iron Treads|0 fnt
|faint|p2a: Iron Treads
|-end|p2a: Iron Treads|Quark Drive|[silent]
|
|upkeep
|
|t:|1760790319
|switch|p2a: Moltres|Moltres-Galar|80/100
|-damage|p2a: Moltres|55/100|[from] Stealth Rock
|turn|11
|
|t:|1760790346
|switch|p1a: Asfaloth|Ninetales-Alola, F, shiny|63/100
|-weather|Snowscape|[from] ability: Snow Warning|[of] p1a: Asfaloth
|move|p2a: Moltres|Agility|p2a: Moltres
|-boost|p2a: Moltres|spe|2
|
|-weather|Snowscape|[upkeep]
|-sideend|p1: Nikator98|move: Aurora Veil
|upkeep
|turn|12
|
|t:|1760790355
|move|p2a: Moltres|Air Slash|p1a: Asfaloth
|-damage|p1a: Asfaloth|26/100
|move|p1a: Asfaloth|Aurora Veil|p1a: Asfaloth
|-sidestart|p1: Nikator98|move: Aurora Veil
|
|-weather|Snowscape|[upkeep]
|upkeep
|turn|13
|
|t:|1760790363
|move|p2a: Moltres|Air Slash|p1a: Asfaloth
|-crit|p1a: Asfaloth
|-damage|p1a: Asfaloth|0 fnt
|faint|p1a: Asfaloth
|
|-weather|Snowscape|[upkeep]
|upkeep
|inactive|Nikator98 has 120 seconds left.
|
|t:|1760790392
|switch|p1a: Lacelle|Haxorus, M|100/100
|-ability|p1a: Lacelle|Mold Breaker
|turn|14
|inactive|Nikator98 has 120 seconds left.
|
|t:|1760790399
|move|p2a: Moltres|Fiery Wrath|p1a: Lacelle
|-damage|p1a: Lacelle|67/100
|move|p1a: Lacelle|Scale Shot|p2a: Moltres
|-damage|p2a: Moltres|39/100
|-damage|p2a: Moltres|22/100
|-damage|p2a: Moltres|5/100
|-damage|p2a: Moltres|0 fnt
|faint|p2a: Moltres
|-hitcount|p2: Moltres|4
|-unboost|p1a: Lacelle|def|1
|-boost|p1a: Lacelle|spe|1
|
|-weather|Snowscape|[upkeep]
|upkeep
|
|t:|1760790413
|switch|p2a: Glastrier|Glastrier|100/100
|-damage|p2a: Glastrier|76/100|[from] Stealth Rock
|turn|15
|
|t:|1760790422
|move|p1a: Lacelle|Close Combat|p2a: Glastrier
|-supereffective|p2a: Glastrier
|-crit|p2a: Glastrier
|-damage|p2a: Glastrier|18/100
|-unboost|p1a: Lacelle|def|1
|-unboost|p1a: Lacelle|spd|1
|move|p2a: Glastrier|Avalanche|p1a: Lacelle
|-supereffective|p1a: Lacelle
|-damage|p1a: Lacelle|0 fnt
|faint|p1a: Lacelle
|-ability|p2a: Glastrier|Chilling Neigh|boost
|-boost|p2a: Glastrier|atk|1
|
|-weather|none
|upkeep
|
|t:|1760790435
|switch|p1a: Gothmog|Iron Moth|100/100
|-enditem|p1a: Gothmog|Booster Energy
|-activate|p1a: Gothmog|ability: Quark Drive|[fromitem]
|-start|p1a: Gothmog|quarkdrivespe
|turn|16
|
|t:|1760790440
|-terastallize|p2a: Glastrier|Water
|move|p1a: Gothmog|Fiery Dance|p2a: Glastrier
|-resisted|p2a: Glastrier
|-damage|p2a: Glastrier|7/100
|-boost|p1a: Gothmog|spa|1
|move|p2a: Glastrier|High Horsepower|p1a: Gothmog|[miss]
|-miss|p2a: Glastrier|p1a: Gothmog
|
|upkeep
|turn|17
|
|t:|1760790448
|move|p1a: Gothmog|Fiery Dance|p2a: Glastrier
|-resisted|p2a: Glastrier
|-damage|p2a: Glastrier|0 fnt
|-boost|p1a: Gothmog|spa|1
|faint|p2a: Glastrier
|
|upkeep
|-message|caesar nivis forfeited.
|
|win|Nikator98
|raw|Nikator98's rating: 1641 &rarr; <strong>1656</strong><br />(+15 for winning)
|raw|caesar nivis's rating: 1546 &rarr; <strong>1531</strong><br />(-15 for losing)
|l|☆caesar nivis
|player|p2|
|l|☆Nikator98
|player|p1|
