|j|☆iyufg98g809og
|j|☆ellieisapuppy
|t:|1760757542
|gametype|singles
|player|p1|iyufg98g809og|265|1109
|player|p2|ellieisapuppy|lady|1081
|gen|9
|tier|[Gen 9] OU
|rated|
|rule|HP Percentage Mod: HP is shown in percentages
|rule|Endless Battle Clause: Forcing endless battles is banned
|rule|Species Clause: Limit one of each Pokémon
|rule|OHKO Clause: OHKO moves are banned
|rule|Evasion Items Clause: Evasion items are banned
|rule|Evasion Moves Clause: Evasion moves are banned
|rule|Evasion Abilities Clause: Evasion abilities are banned
|rule|Sleep Moves Clause: Sleep-inducing moves are banned
|clearpoke
|poke|p1|Sableye, M|
|poke|p1|Frosmoth, F|
|poke|p1|Meowscarada, M|
|poke|p1|Moltres|
|poke|p1|Iron Valiant|
|poke|p1|Toxapex, M|
|poke|p2|Zapdos|
|poke|p2|Pelipper, F|
|poke|p2|Iron Treads|
|poke|p2|Alomomola, F|
|poke|p2|Floatzel, M|
|poke|p2|Ogerpon-Wellspring, F|
|teampreview
|
|t:|1760757558
|teamsize|p1|6
|teamsize|p2|6
|start
|switch|p1a: Meowscarada|Meowscarada, M|100/100
|switch|p2a: Pelipper|Pelipper, F, shiny|100/100
|-weather|RainDance|[from] ability: Drizzle|[of] p2a: Pelipper
|turn|1
|
|t:|1760757570
|move|p1a: Meowscarada|U-turn|p2a: Pelipper
|-start|p1a: Meowscarada|typechange|Bug|[from] ability: Protean
|-resisted|p2a: Pelipper
|-damage|p2a: Pelipper|85/100
|
|t:|1760757574
|switch|p1a: Toxapex|Toxapex, M|100/100|[from] U-turn
|move|p2a: Pelipper|U-turn|p1a: Toxapex
|-resisted|p1a: Toxapex
|-damage|p1a: Toxapex|97/100
|
|t:|1760757582
|switch|p2a: Zapdos|Zapdos, shiny|100/100|[from] U-turn
|
|-weather|RainDance|[upkeep]
|upkeep
|turn|2
|
|t:|1760757609
|move|p2a: Zapdos|Volt Switch|p1a: Toxapex
|-supereffective|p1a: Toxapex
|-damage|p1a: Toxapex|51/100
|
|t:|1760757612
|switch|p2a: Iron Treads|Iron Treads|100/100|[from] Volt Switch
|move|p1a: Toxapex|Muddy Water|p2a: Iron Treads
|-supereffective|p2a: Iron Treads
|-damage|p2a: Iron Treads|33/100
|
|-weather|RainDance|[upkeep]
|upkeep
|turn|3
|
|t:|1760757619
|switch|p1a: Moltres|Moltres|100/100
|move|p2a: Iron Treads|Earthquake|p1a: Moltres
|-immune|p1a: Moltres
|
|-weather|RainDance|[upkeep]
|upkeep
|turn|4
|
|t:|1760757629
|-end|p2a: Iron Treads|Quark Drive|[silent]
|switch|p2a: Zapdos|Zapdos, shiny|100/100
|move|p1a: Moltres|Hurricane|p2a: Zapdos
|-resisted|p2a: Zapdos
|-damage|p2a: Zapdos|73/100
|
|-weather|RainDance|[upkeep]
|upkeep
|turn|5
|
|t:|1760757637
|switch|p1a: Sableye|Sableye, M|100/100
|move|p2a: Zapdos|Thunder|p1a: Sableye
|-damage|p1a: Sableye|3/100
|
|-weather|RainDance|[upkeep]
|-heal|p1a: Sableye|9/100|[from] item: Leftovers
|upkeep
|turn|6
|
|t:|1760757648
|move|p1a: Sableye|Disable|p2a: Zapdos
|-start|p2a: Zapdos|Disable|Thunder
|cant|p2a: Zapdos|Disable|Thunder
|
|-weather|RainDance|[upkeep]
|-heal|p1a: Sableye|15/100|[from] item: Leftovers
|upkeep
|turn|7
|
|t:|1760757658
|switch|p2a: Alomomola|Alomomola, F, shiny|100/100
|move|p1a: Sableye|Encore||[still]
|-fail|p1a: Sableye
|
|-weather|RainDance|[upkeep]
|-heal|p1a: Sableye|21/100|[from] item: Leftovers
|upkeep
|turn|8
|
|t:|1760757666
|switch|p1a: Toxapex|Toxapex, M|85/100
|move|p2a: Alomomola|Flip Turn|p1a: Toxapex
|-resisted|p1a: Toxapex
|-damage|p1a: Toxapex|76/100
|
|t:|1760757673
|switch|p2a: Iron Treads|Iron Treads|33/100|[from] Flip Turn
|
|-weather|none
|upkeep
|turn|9
|
|t:|1760757683
|move|p2a: Iron Treads|Earthquake|p1a: Toxapex
|-supereffective|p1a: Toxapex
|-damage|p1a: Toxapex|8/100
|move|p1a: Toxapex|Muddy Water|p2a: Iron Treads
|-supereffective|p2a: Iron Treads
|-damage|p2a: Iron Treads|0 fnt
|faint|p2a: Iron Treads
|-end|p2a: Iron Treads|Quark Drive|[silent]
|
|upkeep
|
|t:|1760757688
|switch|p2a: Pelipper|Pelipper, F, shiny|85/100
|-weather|RainDance|[from] ability: Drizzle|[of] p2a: Pelipper
|turn|10
|
|t:|1760757696
|switch|p1a: Sableye|Sableye, M|21/100
|move|p2a: Pelipper|Hurricane|p1a: Sableye
|-damage|p1a: Sableye|0 fnt
|faint|p1a: Sableye
|
|-weather|RainDance|[upkeep]
|upkeep
|
|t:|1760757713
|switch|p1a: Iron Valiant|Iron Valiant|100/100
|turn|11
|
|t:|1760757722
|move|p1a: Iron Valiant|Spirit Break|p2a: Pelipper
|-damage|p2a: Pelipper|30/100
|-unboost|p2a: Pelipper|spa|1
|move|p2a: Pelipper|Hurricane|p1a: Iron Valiant
|-supereffective|p1a: Iron Valiant
|-damage|p1a: Iron Valiant|5/100
|-start|p1a: Iron Valiant|confusion
|
|-weather|RainDance|[upkeep]
|upkeep
|turn|12
|
|t:|1760757732
|switch|p2a: Alomomola|Alomomola, F, shiny|100/100
|-activate|p1a: Iron Valiant|confusion
|move|p1a: Iron Valiant|Spirit Break|p2a: Alomomola
|-damage|p2a: Alomomola|67/100
|-unboost|p2a: Alomomola|spa|1
|
|-weather|RainDance|[upkeep]
|upkeep
|turn|13
|
|t:|1760757741
|-end|p1a: Iron Valiant|Quark Drive|[silent]
|switch|p1a: Toxapex|Toxapex, M|41/100
|move|p2a: Alomomola|Wish|p2a: Alomomola
|
|-weather|RainDance|[upkeep]
|upkeep
|turn|14
|
|t:|1760757752
|move|p2a: Alomomola|Flip Turn|p1a: Toxapex
|-resisted|p1a: Toxapex
|-damage|p1a: Toxapex|31/100
|
|t:|1760757764
|switch|p2a: Zapdos|Zapdos, shiny|73/100|[from] Flip Turn
|move|p1a: Toxapex|Sludge Bomb|p2a: Zapdos
|-damage|p2a: Zapdos|42/100
|-status|p2a: Zapdos|psn
|
|-weather|RainDance|[upkeep]
|-heal|p2a: Zapdos|100/100 psn|[from] move: Wish|[wisher] Alomomola
|-damage|p2a: Zapdos|88/100 psn|[from] psn
|upkeep
|turn|15
|
|t:|1760757784
|switch|p1a: Iron Valiant|Iron Valiant|5/100
|move|p2a: Zapdos|Volt Switch|p1a: Iron Valiant
|-damage|p1a: Iron Valiant|0 fnt
|faint|p1a: Iron Valiant
|-end|p1a: Iron Valiant|Quark Drive|[silent]
|
|t:|1760757794
|switch|p2a: Floatzel|Floatzel, M|100/100|[from] Volt Switch
|
|-weather|RainDance|[upkeep]
|upkeep
|
|t:|1760757811
|switch|p1a: Toxapex|Toxapex, M|65/100
|turn|16
|
|t:|1760757826
|move|p2a: Floatzel|Flip Turn|p1a: Toxapex
|-resisted|p1a: Toxapex
|-crit|p1a: Toxapex
|-damage|p1a: Toxapex|23/100
|
|t:|1760757831
|switch|p2a: Alomomola|Alomomola, F, shiny|99/100|[from] Flip Turn
|move|p1a: Toxapex|Mud Shot|p2a: Alomomola|[miss]
|-miss|p1a: Toxapex|p2a: Alomomola
|
|-weather|RainDance|[upkeep]
|upkeep
|turn|17
|
|t:|1760757845
|move|p2a: Alomomola|Wish|p2a: Alomomola
|move|p1a: Toxapex|Sludge Bomb|p2a: Alomomola
|-damage|p2a: Alomomola|65/100
|
|-weather|none
|upkeep
|turn|18
|
|t:|1760757855
|move|p2a: Alomomola|Flip Turn|p1a: Toxapex
|-resisted|p1a: Toxapex
|-damage|p1a: Toxapex|16/100
|
|t:|1760757858
|switch|p2a: Pelipper|Pelipper, F, shiny|30/100|[from] Flip Turn
|-weather|RainDance|[from] ability: Drizzle|[of] p2a: Pelipper
|move|p1a: Toxapex|Sludge Bomb|p2a: Pelipper
|-damage|p2a: Pelipper|0 fnt
|faint|p2a: Pelipper
|
|-weather|RainDance|[upkeep]
|upkeep
|
|t:|1760757864
|switch|p2a: Zapdos|Zapdos, shiny|88/100 psn
|turn|19
|
|t:|1760757873
|move|p2a: Zapdos|Volt Switch|p1a: Toxapex
|-supereffective|p1a: Toxapex
|-damage|p1a: Toxapex|0 fnt
|faint|p1a: Toxapex
|
|t:|1760757879
|switch|p2a: Floatzel|Floatzel, M|100/100|[from] Volt Switch
|
|-weather|RainDance|[upkeep]
|upkeep
|
|t:|1760757886
|switch|p1a: Meowscarada|Meowscarada, M|100/100
|turn|20
|
|t:|1760757894
|move|p2a: Floatzel|Wave Crash|p1a: Meowscarada
|-resisted|p1a: Meowscarada
|-damage|p1a: Meowscarada|0 fnt
|faint|p1a: Meowscarada
|-damage|p2a: Floatzel|69/100|[from] Recoil
|
|-weather|RainDance|[upkeep]
|upkeep
|
|t:|1760757900
|switch|p1a: Moltres|Moltres|100/100
|turn|21
|
|t:|1760757906
|-terastallize|p1a: Moltres|Grass
|move|p2a: Floatzel|Wave Crash|p1a: Moltres
|-resisted|p1a: Moltres
|-damage|p1a: Moltres|57/100
|-damage|p2a: Floatzel|52/100|[from] Recoil
|move|p1a: Moltres|U-turn|p2a: Floatzel
|-damage|p2a: Floatzel|26/100
|
|t:|1760757913
|switch|p1a: Frosmoth|Frosmoth, F|100/100|[from] U-turn
|
|-weather|RainDance|[upkeep]
|upkeep
|turn|22
|
|t:|1760757918
|switch|p1a: Moltres|Moltres, tera:Grass|57/100
|move|p2a: Floatzel|Wave Crash|p1a: Moltres
|-resisted|p1a: Moltres
|-damage|p1a: Moltres|10/100
|-damage|p2a: Floatzel|7/100|[from] Recoil
|
|-weather|RainDance|[upkeep]
|upkeep
|turn|23
|
|t:|1760757925
|move|p2a: Floatzel|Wave Crash|p1a: Moltres
|-resisted|p1a: Moltres
|-damage|p1a: Moltres|0 fnt
|faint|p1a: Moltres
|-damage|p2a: Floatzel|3/100|[from] Recoil
|
|-weather|RainDance|[upkeep]
|upkeep
|-message|iyufg98g809og forfeited.
|
|win|ellieisapuppy
|raw|iyufg98g809og's rating: 1109 &rarr; <strong>1082</strong><br />(-27 for losing)
|raw|ellieisapuppy's rating: 1081 &rarr; <strong>1111</strong><br />(+30 for winning)
|l|☆iyufg98g809og
|player|p1|
|c|☆ellieisapuppy|gg
