|j|☆adjkadssad
|j|☆6 7 reasons why
|t:|1760876121
|gametype|singles
|player|p1|adjkadssad|101|1286
|player|p2|6 7 reasons why|265|1342
|gen|9
|tier|[Gen 9] OU
|rated|
|rule|HP Percentage Mod: HP is shown in percentages
|rule|Endless Battle Clause: Forcing endless battles is banned
|rule|Species Clause: Limit one of each Pokémon
|rule|OHKO Clause: OHKO moves are banned
|rule|Evasion Items Clause: Evasion items are banned
|rule|Evasion Moves Clause: Evasion moves are banned
|rule|Evasion Abilities Clause: Evasion abilities are banned
|rule|Sleep Moves Clause: Sleep-inducing moves are banned
|clearpoke
|poke|p1|Pelipper, M|
|poke|p1|Poliwrath, F|
|poke|p1|Kilowattrel, M|
|poke|p1|Scream Tail|
|poke|p1|Overqwil, M|
|poke|p1|Zamazenta-*|
|poke|p2|Zamazenta-*|
|poke|p2|Ninetales-Alola, F|
|poke|p2|Darkrai|
|poke|p2|Ceruledge, M|
|poke|p2|Gliscor, M|
|poke|p2|Hatterene, F|
|teampreview
|inactive|Battle timer is ON: inactive players will automatically lose when time's up. (requested by 6 7 reasons why)
|
|t:|1760876131
|teamsize|p1|6
|teamsize|p2|6
|start
|switch|p1a: Pelipper|Pelipper, M, shiny|100/100
|switch|p2a: Ninetales|Ninetales-Alola, F|100/100
|-weather|Snowscape|[from] ability: Snow Warning|[of] p2a: Ninetales
|-weather|RainDance|[from] ability: Drizzle|[of] p1a: Pelipper
|turn|1
|
|t:|1760876153
|switch|p2a: Ceruledge|Ceruledge, M|100/100
|switch|p1a: Overqwil|Overqwil, M, shiny|100/100
|
|-weather|RainDance|[upkeep]
|upkeep
|turn|2
|
|t:|1760876163
|switch|p2a: Hatterene|Hatterene, F|100/100
|move|p1a: Overqwil|Swords Dance|p1a: Overqwil
|-boost|p1a: Overqwil|atk|2
|
|-weather|RainDance|[upkeep]
|upkeep
|turn|3
|
|t:|1760876186
|switch|p2a: Gliscor|Gliscor, M|100/100
|move|p1a: Overqwil|Gunk Shot|p2a: Gliscor
|-resisted|p2a: Gliscor
|-damage|p2a: Gliscor|34/100
|-status|p2a: Gliscor|psn
|-damage|p1a: Overqwil|91/100|[from] item: Life Orb
|
|-weather|RainDance|[upkeep]
|-heal|p2a: Gliscor|47/100 psn|[from] ability: Poison Heal
|upkeep
|turn|4
|
|t:|1760876196
|switch|p2a: Ninetales|Ninetales-Alola, F|100/100
|-weather|Snowscape|[from] ability: Snow Warning|[of] p2a: Ninetales
|move|p1a: Overqwil|Crunch|p2a: Ninetales
|-resisted|p2a: Ninetales
|-damage|p2a: Ninetales|54/100
|-damage|p1a: Overqwil|81/100|[from] item: Life Orb
|
|-weather|Snowscape|[upkeep]
|upkeep
|turn|5
|
|t:|1760876208
|move|p2a: Ninetales|Aurora Veil|p2a: Ninetales
|-sidestart|p2: 6 7 reasons why|move: Aurora Veil
|move|p1a: Overqwil|Gunk Shot|p2a: Ninetales
|-supereffective|p2a: Ninetales
|-damage|p2a: Ninetales|0 fnt
|faint|p2a: Ninetales
|-damage|p1a: Overqwil|71/100|[from] item: Life Orb
|
|-weather|Snowscape|[upkeep]
|upkeep
|inactive|6 7 reasons why has 120 seconds left.
|
|t:|1760876238
|switch|p2a: Gliscor|Gliscor, M|47/100 psn
|turn|6
|
|t:|1760876243
|move|p2a: Gliscor|Swords Dance|p2a: Gliscor
|-boost|p2a: Gliscor|atk|2
|move|p1a: Overqwil|Waterfall|p2a: Gliscor
|-supereffective|p2a: Gliscor
|-damage|p2a: Gliscor|0 fnt
|faint|p2a: Gliscor
|-damage|p1a: Overqwil|61/100|[from] item: Life Orb
|
|-weather|Snowscape|[upkeep]
|upkeep
|inactive|6 7 reasons why has 120 seconds left.
|
|t:|1760876253
|switch|p2a: Ceruledge|Ceruledge, M|100/100
|turn|7
|
|t:|1760876262
|move|p1a: Overqwil|Crunch|p2a: Ceruledge
|-supereffective|p2a: Ceruledge
|-damage|p2a: Ceruledge|0 fnt
|faint|p2a: Ceruledge
|-damage|p1a: Overqwil|51/100|[from] item: Life Orb
|
|-weather|Snowscape|[upkeep]
|upkeep
|
|t:|1760876268
|switch|p2a: Zamazenta|Zamazenta|100/100
|-ability|p2a: Zamazenta|Dauntless Shield|boost
|-boost|p2a: Zamazenta|def|1
|turn|8
|
|t:|1760876277
|switch|p1a: Scream Tail|Scream Tail|100/100
|move|p2a: Zamazenta|Iron Defense|p2a: Zamazenta
|-boost|p2a: Zamazenta|def|2
|
|-weather|none
|upkeep
|turn|9
|
|t:|1760876287
|move|p2a: Zamazenta|Body Press|p1a: Scream Tail
|-resisted|p1a: Scream Tail
|-damage|p1a: Scream Tail|84/100
|move|p1a: Scream Tail|Encore|p2a: Zamazenta
|-start|p2a: Zamazenta|Encore
|
|upkeep
|turn|10
|
|t:|1760876298
|switch|p2a: Hatterene|Hatterene, F|100/100
|move|p1a: Scream Tail|Light Screen|p1a: Scream Tail
|-sidestart|p1: adjkadssad|move: Light Screen
|
|upkeep
|turn|11
|
|t:|1760876304
|move|p1a: Scream Tail|Reflect|p1a: Scream Tail
|-sidestart|p1: adjkadssad|Reflect
|move|p2a: Hatterene|Calm Mind|p2a: Hatterene
|-boost|p2a: Hatterene|spa|1
|-boost|p2a: Hatterene|spd|1
|
|upkeep
|turn|12
|
|t:|1760876326
|move|p1a: Scream Tail|Wish|p1a: Scream Tail
|move|p2a: Hatterene|Calm Mind|p2a: Hatterene
|-boost|p2a: Hatterene|spa|1
|-boost|p2a: Hatterene|spd|1
|
|-sideend|p2: 6 7 reasons why|move: Aurora Veil
|upkeep
|turn|13
|
|t:|1760876333
|-end|p1a: Scream Tail|Protosynthesis|[silent]
|switch|p1a: Overqwil|Overqwil, M, shiny|51/100
|move|p2a: Hatterene|Calm Mind|p2a: Hatterene
|-boost|p2a: Hatterene|spa|1
|-boost|p2a: Hatterene|spd|1
|
|-heal|p1a: Overqwil|100/100|[from] move: Wish|[wisher] Scream Tail
|upkeep
|turn|14
|
|t:|1760876344
|move|p1a: Overqwil|Gunk Shot|p2a: Hatterene
|-supereffective|p2a: Hatterene
|-damage|p2a: Hatterene|0 fnt
|faint|p2a: Hatterene
|-damage|p1a: Overqwil|91/100|[from] item: Life Orb
|
|upkeep
|-message|6 7 reasons why forfeited.
|
|win|adjkadssad
|raw|adjkadssad's rating: 1286 &rarr; <strong>1316</strong><br />(+30 for winning)
|raw|6 7 reasons why's rating: 1359 &rarr; <strong>1335</strong><br />(-24 for losing)
|l|☆6 7 reasons why
|player|p2|
|l|☆adjkadssad
|player|p1|
