|j|☆ethanwayneooo
|j|☆oficial matute
|t:|1760847455
|gametype|singles
|player|p1|ethanwayneooo|1|1134
|player|p2|oficial matute|policeman|1170
|gen|9
|tier|[Gen 9] OU
|rated|
|rule|HP Percentage Mod: HP is shown in percentages
|rule|Endless Battle Clause: Forcing endless battles is banned
|rule|Species Clause: Limit one of each Pokémon
|rule|OHKO Clause: OHKO moves are banned
|rule|Evasion Items Clause: Evasion items are banned
|rule|Evasion Moves Clause: Evasion moves are banned
|rule|Evasion Abilities Clause: Evasion abilities are banned
|rule|Sleep Moves Clause: Sleep-inducing moves are banned
|clearpoke
|poke|p1|Gliscor, M|
|poke|p1|Cloyster, F|
|poke|p1|Lokix, M|
|poke|p1|Decidueye, F|
|poke|p1|Arcanine, M|
|poke|p1|Corviknight, M|
|poke|p2|Noivern, M|
|poke|p2|Tropius, F|
|poke|p2|Garchomp, M|
|poke|p2|Hydrapple, M|
|poke|p2|Torterra, M|
|poke|p2|Landorus-Therian, M|
|teampreview
|
|t:|1760847462
|teamsize|p1|6
|teamsize|p2|6
|start
|switch|p1a: Cloyster|Cloyster, F|100/100
|switch|p2a: 👁👅👁|Noivern, M|100/100
|-item|p1a: Cloyster|Focus Sash|[from] ability: Frisk|[of] p2a: 👁👅👁
|turn|1
|inactive|Battle timer is ON: inactive players will automatically lose when time's up. (requested by oficial matute)
|
|t:|1760847473
|move|p2a: 👁👅👁|Switcheroo|p1a: Cloyster
|-activate|p2a: 👁👅👁|move: Trick|[of] p1a: Cloyster
|-item|p1a: Cloyster|Choice Scarf|[from] move: Switcheroo
|-item|p2a: 👁👅👁|Focus Sash|[from] move: Switcheroo
|move|p1a: Cloyster|Shell Smash|p1a: Cloyster
|-unboost|p1a: Cloyster|def|1
|-unboost|p1a: Cloyster|spd|1
|-boost|p1a: Cloyster|atk|2
|-boost|p1a: Cloyster|spa|2
|-boost|p1a: Cloyster|spe|2
|
|upkeep
|turn|2
|inactive|ethanwayneooo has 120 seconds left.
|
|t:|1760847503
|switch|p1a: Gliscor|Gliscor, M|100/100
|switch|p2a: 👁👃👁|Landorus-Therian, M|100/100
|-ability|p2a: 👁👃👁|Intimidate|boost
|-unboost|p1a: Gliscor|atk|1
|
|-status|p1a: Gliscor|tox|[from] item: Toxic Orb
|upkeep
|turn|3
|inactive|ethanwayneooo has 120 seconds left.
|
|t:|1760847513
|move|p1a: Gliscor|Swords Dance|p1a: Gliscor
|-boost|p1a: Gliscor|atk|2
|move|p2a: 👁👃👁|Stealth Rock|p1a: Gliscor
|-sidestart|p1: ethanwayneooo|move: Stealth Rock
|
|upkeep
|turn|4
|
|t:|1760847520
|switch|p2a: 👁👅👁|Noivern, M|100/100
|-item|p1a: Gliscor|Toxic Orb|[from] ability: Frisk|[of] p2a: 👁👅👁
|move|p1a: Gliscor|Swords Dance|p1a: Gliscor
|-boost|p1a: Gliscor|atk|2
|
|upkeep
|turn|5
|
|t:|1760847529
|move|p2a: 👁👅👁|Air Slash|p1a: Gliscor
|-damage|p1a: Gliscor|58/100 tox
|move|p1a: Gliscor|Dual Wingbeat|p2a: 👁👅👁
|-damage|p2a: 👁👅👁|44/100
|-damage|p2a: 👁👅👁|0 fnt
|faint|p2a: 👁👅👁
|-hitcount|p2: 👁👅👁|2
|
|-heal|p1a: Gliscor|70/100 tox|[from] ability: Poison Heal
|upkeep
|
|t:|1760847542
|switch|p2a: 👁🫦👁|Garchomp, M|100/100
|turn|6
|
|t:|1760847552
|move|p2a: 👁🫦👁|Swords Dance|p2a: 👁🫦👁
|-boost|p2a: 👁🫦👁|atk|2
|move|p1a: Gliscor|Dual Wingbeat|p2a: 👁🫦👁
|-damage|p2a: 👁🫦👁|58/100
|-damage|p1a: Gliscor|58/100 tox|[from] ability: Rough Skin|[of] p2a: 👁🫦👁
|-damage|p2a: 👁🫦👁|17/100
|-damage|p1a: Gliscor|45/100 tox|[from] ability: Rough Skin|[of] p2a: 👁🫦👁
|-hitcount|p2a: 👁🫦👁|2
|
|-heal|p1a: Gliscor|58/100 tox|[from] ability: Poison Heal
|upkeep
|turn|7
|
|t:|1760847567
|move|p2a: 👁🫦👁|Scale Shot|p1a: Gliscor
|-damage|p1a: Gliscor|31/100 tox
|-damage|p1a: Gliscor|8/100 tox
|-damage|p1a: Gliscor|0 fnt
|faint|p1a: Gliscor
|-hitcount|p1: Gliscor|3
|-unboost|p2a: 👁🫦👁|def|1
|-boost|p2a: 👁🫦👁|spe|1
|
|upkeep
|
|t:|1760847577
|switch|p1a: Lokix|Lokix, M|100/100
|-damage|p1a: Lokix|75/100|[from] Stealth Rock
|turn|8
|
|t:|1760847582
|switch|p2a: 👁👃👁|Landorus-Therian, M|100/100
|-ability|p2a: 👁👃👁|Intimidate|boost
|-unboost|p1a: Lokix|atk|1
|move|p1a: Lokix|First Impression|p2a: 👁👃👁
|-resisted|p2a: 👁👃👁
|-damage|p2a: 👁👃👁|77/100
|-damage|p1a: Lokix|59/100|[from] item: Rocky Helmet|[of] p2a: 👁👃👁
|-damage|p1a: Lokix|49/100|[from] item: Life Orb
|
|upkeep
|turn|9
|
|t:|1760847598
|move|p1a: Lokix|Knock Off|p2a: 👁👃👁
|-damage|p2a: 👁👃👁|52/100
|-damage|p1a: Lokix|33/100|[from] item: Rocky Helmet|[of] p2a: 👁👃👁
|-enditem|p2a: 👁👃👁|Rocky Helmet|[from] move: Knock Off|[of] p1a: Lokix
|-damage|p1a: Lokix|23/100|[from] item: Life Orb
|move|p2a: 👁👃👁|Smack Down|p1a: Lokix
|-supereffective|p1a: Lokix
|-damage|p1a: Lokix|0 fnt
|faint|p1a: Lokix
|
|upkeep
|
|t:|1760847613
|switch|p1a: Corviknight|Corviknight, M|100/100
|-damage|p1a: Corviknight|88/100|[from] Stealth Rock
|turn|10
|
|t:|1760847618
|move|p2a: 👁👃👁|Smack Down|p1a: Corviknight
|-damage|p1a: Corviknight|76/100
|-start|p1a: Corviknight|Smack Down
|move|p1a: Corviknight|Defog|p2a: 👁👃👁
|-unboost|p2a: 👁👃👁|evasion|1
|-sideend|p1: ethanwayneooo|Stealth Rock|[from] move: Defog|[of] p1a: Corviknight
|
|upkeep
|turn|11
|
|t:|1760847632
|switch|p1a: Decidueye|Decidueye, F|100/100
|move|p2a: 👁👃👁|Stealth Rock|p1a: Decidueye
|-sidestart|p1: ethanwayneooo|move: Stealth Rock
|
|upkeep
|turn|12
|
|t:|1760847644
|move|p1a: Decidueye|Acrobatics|p2a: 👁👃👁
|-damage|p2a: 👁👃👁|28/100
|move|p2a: 👁👃👁|U-turn|p1a: Decidueye
|-damage|p1a: Decidueye|73/100
|
|t:|1760847654
|switch|p2a: 👁👄👁|Hydrapple, M|100/100|[from] U-turn
|
|upkeep
|turn|13
|
|t:|1760847662
|move|p1a: Decidueye|Acrobatics|p2a: 👁👄👁
|-supereffective|p2a: 👁👄👁
|-damage|p2a: 👁👄👁|53/100
|move|p2a: 👁👄👁|Dragon Breath|p1a: Decidueye
|-damage|p1a: Decidueye|42/100
|
|upkeep
|turn|14
|
|t:|1760847678
|move|p1a: Decidueye|Acrobatics|p2a: 👁👄👁
|-supereffective|p2a: 👁👄👁
|-damage|p2a: 👁👄👁|9/100
|move|p2a: 👁👄👁|Dragon Breath|p1a: Decidueye
|-damage|p1a: Decidueye|10/100
|-status|p1a: Decidueye|par
|
|upkeep
|turn|15
|
|t:|1760847686
|switch|p2a: 👁🐽👁|Tropius, F, shiny|100/100
|move|p1a: Decidueye|Shadow Sneak|p2a: 👁🐽👁
|-damage|p2a: 👁🐽👁|83/100
|
|upkeep
|turn|16
|
|t:|1760847695
|move|p2a: 👁🐽👁|Substitute|p2a: 👁🐽👁
|-start|p2a: 👁🐽👁|Substitute
|-damage|p2a: 👁🐽👁|58/100
|move|p1a: Decidueye|Acrobatics|p2a: 👁🐽👁
|-supereffective|p2a: 👁🐽👁
|-end|p2a: 👁🐽👁|Substitute
|
|upkeep
|turn|17
|
|t:|1760847705
|-terastallize|p2a: 👁🐽👁|Ghost
|move|p2a: 👁🐽👁|Substitute|p2a: 👁🐽👁
|-start|p2a: 👁🐽👁|Substitute
|-damage|p2a: 👁🐽👁|34/100
|-enditem|p2a: 👁🐽👁|Sitrus Berry|[eat]
|-heal|p2a: 👁🐽👁|58/100|[from] item: Sitrus Berry
|move|p1a: Decidueye|Acrobatics|p2a: 👁🐽👁
|-end|p2a: 👁🐽👁|Substitute
|
|-item|p2a: 👁🐽👁|Sitrus Berry|[from] ability: Harvest
|upkeep
|turn|18
|
|t:|1760847720
|move|p2a: 👁🐽👁|Substitute|p2a: 👁🐽👁
|-start|p2a: 👁🐽👁|Substitute
|-damage|p2a: 👁🐽👁|34/100
|-enditem|p2a: 👁🐽👁|Sitrus Berry|[eat]
|-heal|p2a: 👁🐽👁|58/100|[from] item: Sitrus Berry
|move|p1a: Decidueye|Acrobatics|p2a: 👁🐽👁
|-end|p2a: 👁🐽👁|Substitute
|
|upkeep
|turn|19
|
|t:|1760847731
|move|p2a: 👁🐽👁|Protect|p2a: 👁🐽👁
|-singleturn|p2a: 👁🐽👁|Protect
|cant|p1a: Decidueye|par
|
|upkeep
|turn|20
|
|t:|1760847740
|move|p1a: Decidueye|Shadow Sneak|p2a: 👁🐽👁
|-supereffective|p2a: 👁🐽👁
|-damage|p2a: 👁🐽👁|25/100
|move|p2a: 👁🐽👁|Substitute|p2a: 👁🐽👁
|-fail|p2a: 👁🐽👁|move: Substitute|[weak]
|
|upkeep
|turn|21
|
|t:|1760847747
|move|p2a: 👁🐽👁|Protect|p2a: 👁🐽👁
|-singleturn|p2a: 👁🐽👁|Protect
|move|p1a: Decidueye|Shadow Sneak|p2a: 👁🐽👁
|-activate|p2a: 👁🐽👁|move: Protect
|
|upkeep
|turn|22
|
|t:|1760847753
|switch|p2a: 👁🫦👁|Garchomp, M|17/100
|move|p1a: Decidueye|Shadow Sneak|p2a: 👁🫦👁
|-damage|p2a: 👁🫦👁|0 fnt
|faint|p2a: 👁🫦👁
|
|upkeep
|
|t:|1760847763
|switch|p2a: 👁👃👁|Landorus-Therian, M|28/100
|-ability|p2a: 👁👃👁|Intimidate|boost
|-unboost|p1a: Decidueye|atk|1
|turn|23
|
|t:|1760847773
|move|p1a: Decidueye|Shadow Sneak|p2a: 👁👃👁
|-damage|p2a: 👁👃👁|20/100
|move|p2a: 👁👃👁|Smack Down|p1a: Decidueye
|-damage|p1a: Decidueye|0 fnt
|faint|p1a: Decidueye
|
|upkeep
|
|t:|1760847782
|switch|p1a: Corviknight|Corviknight, M|76/100
|-damage|p1a: Corviknight|64/100|[from] Stealth Rock
|turn|24
|
|t:|1760847791
|move|p2a: 👁👃👁|Smack Down|p1a: Corviknight
|-damage|p1a: Corviknight|52/100
|-start|p1a: Corviknight|Smack Down
|move|p1a: Corviknight|Air Slash|p2a: 👁👃👁
|-damage|p2a: 👁👃👁|1/100
|
|upkeep
|turn|25
|
|t:|1760847806
|move|p2a: 👁👃👁|Scorching Sands|p1a: Corviknight
|-supereffective|p1a: Corviknight
|-damage|p1a: Corviknight|0 fnt
|faint|p1a: Corviknight
|
|upkeep
|
|t:|1760847813
|switch|p1a: Arcanine|Arcanine, M|100/100
|-damage|p1a: Arcanine|76/100|[from] Stealth Rock
|turn|26
|
|t:|1760847819
|switch|p2a: 👁👄👁|Hydrapple, M|42/100
|move|p1a: Arcanine|Extreme Speed|p2a: 👁👄👁
|-damage|p2a: 👁👄👁|25/100
|
|upkeep
|turn|27
|
|t:|1760847830
|move|p1a: Arcanine|Close Combat|p2a: 👁👄👁
|-damage|p2a: 👁👄👁|0 fnt
|-unboost|p1a: Arcanine|def|1
|-unboost|p1a: Arcanine|spd|1
|faint|p2a: 👁👄👁
|
|upkeep
|
|t:|1760847837
|switch|p2a: 👁🐽👁|Tropius, F, shiny, tera:Ghost|25/100
|turn|28
|
|t:|1760847846
|move|p2a: 👁🐽👁|Protect|p2a: 👁🐽👁
|-singleturn|p2a: 👁🐽👁|Protect
|move|p1a: Arcanine|Flare Blitz|p2a: 👁🐽👁
|-activate|p2a: 👁🐽👁|move: Protect
|
|-item|p2a: 👁🐽👁|Sitrus Berry|[from] ability: Harvest
|upkeep
|-enditem|p2a: 👁🐽👁|Sitrus Berry|[eat]
|-heal|p2a: 👁🐽👁|50/100|[from] item: Sitrus Berry
|turn|29
|
|t:|1760847867
|switch|p2a: 👁💋👁|Torterra, M|100/100
|move|p1a: Arcanine|Flare Blitz|p2a: 👁💋👁
|-supereffective|p2a: 👁💋👁
|-enditem|p2a: 👁💋👁|Focus Sash
|-damage|p2a: 👁💋👁|1/100
|-damage|p1a: Arcanine|43/100|[from] Recoil
|
|upkeep
|turn|30
|
|t:|1760847878
|move|p1a: Arcanine|Extreme Speed|p2a: 👁💋👁
|-crit|p2a: 👁💋👁
|-damage|p2a: 👁💋👁|0 fnt
|faint|p2a: 👁💋👁
|
|upkeep
|
|t:|1760847884
|switch|p2a: 👁👃👁|Landorus-Therian, M|1/100
|-ability|p2a: 👁👃👁|Intimidate|boost
|-unboost|p1a: Arcanine|atk|1
|turn|31
|
|t:|1760847890
|switch|p2a: 👁🐽👁|Tropius, F, shiny, tera:Ghost|50/100
|move|p1a: Arcanine|Extreme Speed|p2a: 👁🐽👁
|-immune|p2a: 👁🐽👁
|
|upkeep
|turn|32
|
|t:|1760847897
|move|p2a: 👁🐽👁|Protect|p2a: 👁🐽👁
|-singleturn|p2a: 👁🐽👁|Protect
|move|p1a: Arcanine|Flare Blitz|p2a: 👁🐽👁
|-activate|p2a: 👁🐽👁|move: Protect
|
|-item|p2a: 👁🐽👁|Sitrus Berry|[from] ability: Harvest
|upkeep
|-enditem|p2a: 👁🐽👁|Sitrus Berry|[eat]
|-heal|p2a: 👁🐽👁|75/100|[from] item: Sitrus Berry
|turn|33
|
|t:|1760847911
|move|p1a: Arcanine|Flare Blitz|p2a: 👁🐽👁
|-damage|p2a: 👁🐽👁|41/100
|-damage|p1a: Arcanine|30/100|[from] Recoil
|move|p2a: 👁🐽👁|Leech Seed|p1a: Arcanine
|-start|p1a: Arcanine|move: Leech Seed
|
|-damage|p1a: Arcanine|18/100|[from] Leech Seed|[of] p2a: 👁🐽👁
|-heal|p2a: 👁🐽👁|52/100|[silent]
|upkeep
|turn|34
|
|t:|1760847930
|move|p1a: Arcanine|Flare Blitz|p2a: 👁🐽👁
|-damage|p2a: 👁🐽👁|17/100
|-damage|p1a: Arcanine|4/100|[from] Recoil
|move|p2a: 👁🐽👁|Substitute|p2a: 👁🐽👁
|-fail|p2a: 👁🐽👁|move: Substitute|[weak]
|
|-damage|p1a: Arcanine|0 fnt|[from] Leech Seed|[of] p2a: 👁🐽👁
|-heal|p2a: 👁🐽👁|20/100|[silent]
|faint|p1a: Arcanine
|-item|p2a: 👁🐽👁|Sitrus Berry|[from] ability: Harvest
|upkeep
|-enditem|p2a: 👁🐽👁|Sitrus Berry|[eat]
|-heal|p2a: 👁🐽👁|45/100|[from] item: Sitrus Berry
|
|t:|1760847944
|switch|p1a: Cloyster|Cloyster, F|100/100
|-damage|p1a: Cloyster|76/100|[from] Stealth Rock
|turn|35
|
|t:|1760847955
|move|p2a: 👁🐽👁|Protect|p2a: 👁🐽👁
|-singleturn|p2a: 👁🐽👁|Protect
|move|p1a: Cloyster|Icicle Spear|p2a: 👁🐽👁
|-activate|p2a: 👁🐽👁|move: Protect
|
|-item|p2a: 👁🐽👁|Sitrus Berry|[from] ability: Harvest
|upkeep
|-enditem|p2a: 👁🐽👁|Sitrus Berry|[eat]
|-heal|p2a: 👁🐽👁|70/100|[from] item: Sitrus Berry
|turn|36
|
|t:|1760847967
|switch|p2a: 👁👃👁|Landorus-Therian, M|1/100
|-ability|p2a: 👁👃👁|Intimidate|boost
|-unboost|p1a: Cloyster|atk|1
|move|p1a: Cloyster|Icicle Spear|p2a: 👁👃👁
|-supereffective|p2a: 👁👃👁
|-damage|p2a: 👁👃👁|0 fnt
|faint|p2a: 👁👃👁
|-hitcount|p2: 👁👃👁|1
|
|upkeep
|
|t:|1760847977
|switch|p2a: 👁🐽👁|Tropius, F, shiny, tera:Ghost|70/100
|turn|37
|
|t:|1760847980
|move|p2a: 👁🐽👁|Protect|p2a: 👁🐽👁
|-singleturn|p2a: 👁🐽👁|Protect
|move|p1a: Cloyster|Icicle Spear|p2a: 👁🐽👁
|-activate|p2a: 👁🐽👁|move: Protect
|
|upkeep
|turn|38
|
|t:|1760847987
|move|p1a: Cloyster|Icicle Spear|p2a: 👁🐽👁
|-damage|p2a: 👁🐽👁|64/100
|-crit|p2a: 👁🐽👁
|-damage|p2a: 👁🐽👁|50/100
|-damage|p2a: 👁🐽👁|44/100
|-damage|p2a: 👁🐽👁|38/100
|-damage|p2a: 👁🐽👁|31/100
|-hitcount|p2a: 👁🐽👁|5
|move|p2a: 👁🐽👁|Leech Seed|p1a: Cloyster
|-start|p1a: Cloyster|move: Leech Seed
|
|-damage|p1a: Cloyster|63/100|[from] Leech Seed|[of] p2a: 👁🐽👁
|-heal|p2a: 👁🐽👁|39/100|[silent]
|-item|p2a: 👁🐽👁|Sitrus Berry|[from] ability: Harvest
|upkeep
|-enditem|p2a: 👁🐽👁|Sitrus Berry|[eat]
|-heal|p2a: 👁🐽👁|64/100|[from] item: Sitrus Berry
|turn|39
|
|t:|1760848004
|-terastallize|p1a: Cloyster|Water
|move|p2a: 👁🐽👁|Protect|p2a: 👁🐽👁
|-singleturn|p2a: 👁🐽👁|Protect
|move|p1a: Cloyster|Icicle Spear|p2a: 👁🐽👁
|-activate|p2a: 👁🐽👁|move: Protect
|
|-damage|p1a: Cloyster|51/100|[from] Leech Seed|[of] p2a: 👁🐽👁
|-heal|p2a: 👁🐽👁|72/100|[silent]
|upkeep
|turn|40
|
|t:|1760848016
|move|p1a: Cloyster|Icicle Spear|p2a: 👁🐽👁
|-damage|p2a: 👁🐽👁|65/100
|-crit|p2a: 👁🐽👁
|-damage|p2a: 👁🐽👁|52/100
|-damage|p2a: 👁🐽👁|44/100
|-damage|p2a: 👁🐽👁|37/100
|-damage|p2a: 👁🐽👁|31/100
|-hitcount|p2a: 👁🐽👁|5
|move|p2a: 👁🐽👁|Substitute|p2a: 👁🐽👁
|-start|p2a: 👁🐽👁|Substitute
|-damage|p2a: 👁🐽👁|6/100
|
|-damage|p1a: Cloyster|38/100|[from] Leech Seed|[of] p2a: 👁🐽👁
|-heal|p2a: 👁🐽👁|14/100|[silent]
|upkeep
|turn|41
|
|t:|1760848030
|move|p2a: 👁🐽👁|Protect|p2a: 👁🐽👁
|-singleturn|p2a: 👁🐽👁|Protect
|move|p1a: Cloyster|Icicle Spear|p2a: 👁🐽👁
|-activate|p2a: 👁🐽👁|move: Protect
|
|-damage|p1a: Cloyster|26/100|[from] Leech Seed|[of] p2a: 👁🐽👁
|-heal|p2a: 👁🐽👁|23/100|[silent]
|-item|p2a: 👁🐽👁|Sitrus Berry|[from] ability: Harvest
|upkeep
|-enditem|p2a: 👁🐽👁|Sitrus Berry|[eat]
|-heal|p2a: 👁🐽👁|48/100|[from] item: Sitrus Berry
|turn|42
|-message|ethanwayneooo forfeited.
|
|win|oficial matute
|raw|ethanwayneooo's rating: 1134 &rarr; <strong>1112</strong><br />(-22 for losing)
|raw|oficial matute's rating: 1170 &rarr; <strong>1192</strong><br />(+22 for winning)
|l|☆ethanwayneooo
|player|p1|
|l|☆oficial matute
|player|p2|
