|j|☆haxorus3
|j|☆GodBananaBread
|t:|1760829400
|gametype|singles
|player|p1|haxorus3|169|1427
|player|p2|GodBananaBread|steven|1502
|gen|9
|tier|[Gen 9] OU
|rated|
|rule|HP Percentage Mod: HP is shown in percentages
|rule|Endless Battle Clause: Forcing endless battles is banned
|rule|Species Clause: Limit one of each Pokémon
|rule|OHKO Clause: OHKO moves are banned
|rule|Evasion Items Clause: Evasion items are banned
|rule|Evasion Moves Clause: Evasion moves are banned
|rule|Evasion Abilities Clause: Evasion abilities are banned
|rule|Sleep Moves Clause: Sleep-inducing moves are banned
|clearpoke
|poke|p1|Raging Bolt|
|poke|p1|Rillaboom, F|
|poke|p1|Heatran, F|
|poke|p1|Kingambit, M|
|poke|p1|Feraligatr, M|
|poke|p1|Slowking-Galar, M|
|poke|p2|Alomomola, F|
|poke|p2|Slowking-Galar, F|
|poke|p2|Weezing-Galar, F|
|poke|p2|Samurott-Hisui, F|
|poke|p2|Raging Bolt|
|poke|p2|Ogerpon-Wellspring, F|
|teampreview
|inactive|Battle timer is ON: inactive players will automatically lose when time's up. (requested by GodBananaBread)
|
|t:|1760829419
|teamsize|p1|6
|teamsize|p2|6
|start
|switch|p1a: Feraligatr|Feraligatr, M|100/100
|switch|p2a: Glowking|Slowking-Galar, F|100/100
|turn|1
|
|t:|1760829423
|switch|p2a: Fishhh|Alomomola, F, shiny|100/100
|move|p1a: Feraligatr|Crunch|p2a: Fishhh
|-damage|p2a: Fishhh|75/100
|-damage|p1a: Feraligatr|84/100|[from] item: Rocky Helmet|[of] p2a: Fishhh
|
|upkeep
|turn|2
|
|t:|1760829428
|switch|p1a: Rillaboom|Rillaboom, F|100/100
|-fieldstart|move: Grassy Terrain|[from] ability: Grassy Surge|[of] p1a: Rillaboom
|move|p2a: Fishhh|Flip Turn|p1a: Rillaboom
|-resisted|p1a: Rillaboom
|-damage|p1a: Rillaboom|91/100
|
|t:|1760829431
|switch|p2a: Global warming|Weezing-Galar, F, shiny|100/100|[from] Flip Turn
|-ability|p2a: Global warming|Neutralizing Gas
|
|-heal|p1a: Rillaboom|97/100|[from] Grassy Terrain
|upkeep
|turn|3
|
|t:|1760829437
|move|p1a: Rillaboom|U-turn|p2a: Global warming
|-resisted|p2a: Global warming
|-damage|p2a: Global warming|97/100
|
|t:|1760829441
|switch|p1a: Heatran|Heatran, F|100/100|[from] U-turn
|move|p2a: Global warming|Will-O-Wisp|p1a: Heatran
|-immune|p1a: Heatran
|
|-heal|p2a: Global warming|100/100|[from] Grassy Terrain
|upkeep
|turn|4
|
|t:|1760829449
|-end|p2a: Global warming|ability: Neutralizing Gas
|switch|p2a: Fishhh|Alomomola, F, shiny|100/100
|move|p1a: Heatran|Will-O-Wisp|p2a: Fishhh
|-status|p2a: Fishhh|brn
|
|-damage|p2a: Fishhh|94/100 brn|[from] brn
|upkeep
|turn|5
|
|t:|1760829455
|move|p1a: Heatran|Dark Pulse|p2a: Fishhh
|-damage|p2a: Fishhh|60/100 brn
|cant|p2a: Fishhh|flinch
|
|-heal|p2a: Fishhh|66/100 brn|[from] Grassy Terrain
|-damage|p2a: Fishhh|60/100 brn|[from] brn
|upkeep
|turn|6
|
|t:|1760829470
|move|p1a: Heatran|Dark Pulse|p2a: Fishhh
|-damage|p2a: Fishhh|22/100 brn
|move|p2a: Fishhh|Flip Turn|p1a: Heatran
|-supereffective|p1a: Heatran
|-damage|p1a: Heatran|87/100
|
|t:|1760829473
|switch|p2a: Ogerpawn|Ogerpon-Wellspring, F|100/100|[from] Flip Turn
|
|-heal|p1a: Heatran|93/100|[from] Grassy Terrain
|-fieldend|move: Grassy Terrain
|upkeep
|turn|7
|
|t:|1760829485
|-terastallize|p1a: Heatran|Grass
|move|p2a: Ogerpawn|Ivy Cudgel|p1a: Heatran|[anim] Ivy Cudgel Water
|-resisted|p1a: Heatran
|-damage|p1a: Heatran|66/100
|move|p1a: Heatran|Will-O-Wisp|p2a: Ogerpawn|[miss]
|-miss|p1a: Heatran|p2a: Ogerpawn
|
|upkeep
|turn|8
|
|t:|1760829493
|switch|p1a: Slowking|Slowking-Galar, M|100/100
|move|p2a: Ogerpawn|U-turn|p1a: Slowking
|-damage|p1a: Slowking|70/100
|
|t:|1760829497
|switch|p2a: Samurai|Samurott-Hisui, F, shiny|100/100|[from] U-turn
|
|upkeep
|turn|9
|
|t:|1760829501
|switch|p1a: Rillaboom|Rillaboom, F|97/100
|-fieldstart|move: Grassy Terrain|[from] ability: Grassy Surge|[of] p1a: Rillaboom
|move|p2a: Samurai|Ceaseless Edge|p1a: Rillaboom
|-damage|p1a: Rillaboom|49/100
|-sidestart|p1: haxorus3|Spikes
|
|-heal|p1a: Rillaboom|56/100|[from] Grassy Terrain
|upkeep
|turn|10
|
|t:|1760829509
|switch|p2a: Fishhh|Alomomola, F, shiny|55/100 brn
|move|p1a: Rillaboom|Grassy Glide|p2a: Fishhh
|-supereffective|p2a: Fishhh
|-damage|p2a: Fishhh|18/100 brn
|-damage|p1a: Rillaboom|39/100|[from] item: Rocky Helmet|[of] p2a: Fishhh
|
|-heal|p1a: Rillaboom|45/100|[from] Grassy Terrain
|-heal|p2a: Fishhh|24/100 brn|[from] Grassy Terrain
|-damage|p2a: Fishhh|18/100 brn|[from] brn
|upkeep
|turn|11
|
|t:|1760829515
|switch|p2a: Global warming|Weezing-Galar, F, shiny|100/100
|-ability|p2a: Global warming|Neutralizing Gas
|move|p1a: Rillaboom|Knock Off|p2a: Global warming
|-resisted|p2a: Global warming
|-damage|p2a: Global warming|90/100
|-enditem|p2a: Global warming|Heavy-Duty Boots|[from] move: Knock Off|[of] p1a: Rillaboom
|
|-heal|p1a: Rillaboom|52/100|[from] Grassy Terrain
|-heal|p2a: Global warming|96/100|[from] Grassy Terrain
|upkeep
|turn|12
|
|t:|1760829524
|move|p1a: Rillaboom|U-turn|p2a: Global warming
|-resisted|p2a: Global warming
|-damage|p2a: Global warming|92/100
|
|t:|1760829526
|switch|p1a: Slowking|Slowking-Galar, M|100/100|[from] U-turn
|move|p2a: Global warming|Will-O-Wisp|p1a: Slowking
|-status|p1a: Slowking|brn
|
|-heal|p2a: Global warming|98/100|[from] Grassy Terrain
|-damage|p1a: Slowking|94/100 brn|[from] brn
|upkeep
|turn|13
|
|t:|1760829532
|-end|p2a: Global warming|ability: Neutralizing Gas
|switch|p2a: Glowking|Slowking-Galar, F|100/100
|move|p1a: Slowking|Eerie Spell|p2a: Glowking
|-damage|p2a: Glowking|81/100
|
|-heal|p1a: Slowking|100/100 brn|[from] Grassy Terrain
|-heal|p2a: Glowking|87/100|[from] Grassy Terrain
|-heal|p2a: Glowking|94/100|[from] item: Leftovers
|-damage|p1a: Slowking|94/100 brn|[from] brn
|-fieldend|move: Grassy Terrain
|upkeep
|turn|14
|
|t:|1760829538
|move|p1a: Slowking|Thunder Wave|p2a: Glowking
|-status|p2a: Glowking|par
|cant|p2a: Glowking|par
|
|-heal|p2a: Glowking|99/100 par|[from] item: Leftovers
|-damage|p1a: Slowking|88/100 brn|[from] brn
|upkeep
|turn|15
|
|t:|1760829546
|-prepare|p1a: Slowking|Chilly Reception|[premajor]
|move|p1a: Slowking|Chilly Reception|p1a: Slowking
|-weather|Snowscape
|
|t:|1760829551
|switch|p1a: Heatran|Heatran, F, tera:Grass|66/100|[from] Chilly Reception
|-prepare|p2a: Glowking|Chilly Reception|[premajor]
|cant|p2a: Glowking|par
|
|-weather|Snowscape|[upkeep]
|-heal|p2a: Glowking|100/100 par|[from] item: Leftovers
|upkeep
|turn|16
|
|t:|1760829556
|move|p1a: Heatran|Dark Pulse|p2a: Glowking
|-supereffective|p2a: Glowking
|-damage|p2a: Glowking|62/100 par
|-prepare|p2a: Glowking|Chilly Reception|[premajor]
|cant|p2a: Glowking|flinch
|
|-weather|Snowscape|[upkeep]
|-heal|p2a: Glowking|68/100 par|[from] item: Leftovers
|upkeep
|turn|17
|
|t:|1760829563
|move|p1a: Heatran|Dark Pulse|p2a: Glowking
|-supereffective|p2a: Glowking
|-damage|p2a: Glowking|30/100 par
|-prepare|p2a: Glowking|Chilly Reception|[premajor]
|cant|p2a: Glowking|flinch
|
|-weather|Snowscape|[upkeep]
|-heal|p2a: Glowking|36/100 par|[from] item: Leftovers
|upkeep
|turn|18
|c|☆GodBananaBread|What is this gng
|c|☆haxorus3|This game sucks
|c|☆GodBananaBread|What did i do to god
|c|☆GodBananaBread|To deserve this
|inactive|GodBananaBread has 120 seconds left.
|c|☆haxorus3|Ive gotten hit by like 13 moves no flame body proc
|c|☆haxorus3|On lokix
|c|☆haxorus3|All i needed was 1
|c|☆GodBananaBread|Bro last game i missed a crusial toxic
|c|☆GodBananaBread|And the game before that
|c|☆GodBananaBread|The guy crit me 7 tines
|inactive|GodBananaBread has 90 seconds left.
|c|☆GodBananaBread|Times
|c|☆haxorus3|Highkey VGC better solely cuz
|c|☆haxorus3|At least u lose faster
|
|t:|1760829644
|switch|p2a: Ogerpawn|Ogerpon-Wellspring, F|100/100
|move|p1a: Heatran|Dark Pulse|p2a: Ogerpawn
|-damage|p2a: Ogerpawn|61/100
|
|-weather|Snowscape|[upkeep]
|upkeep
|turn|19
|
|t:|1760829653
|switch|p1a: Raging Bolt|Raging Bolt|100/100
|-damage|p1a: Raging Bolt|88/100|[from] Spikes
|-enditem|p1a: Raging Bolt|Booster Energy
|-activate|p1a: Raging Bolt|ability: Protosynthesis|[fromitem]
|-start|p1a: Raging Bolt|protosynthesisspa
|move|p2a: Ogerpawn|U-turn|p1a: Raging Bolt
|-damage|p1a: Raging Bolt|65/100
|
|t:|1760829666
|switch|p2a: Dinoswaur|Raging Bolt|100/100|[from] U-turn
|
|-weather|none
|upkeep
|turn|20
|
|t:|1760829674
|-end|p1a: Raging Bolt|Protosynthesis|[silent]
|switch|p1a: Slowking|Slowking-Galar, M|100/100 brn
|-terastallize|p2a: Dinoswaur|Fairy
|move|p2a: Dinoswaur|Thunderbolt|p1a: Slowking
|-damage|p1a: Slowking|55/100 brn
|
|-damage|p1a: Slowking|49/100 brn|[from] brn
|upkeep
|turn|21
|
|t:|1760829679
|move|p2a: Dinoswaur|Thunderbolt|p1a: Slowking
|-damage|p1a: Slowking|4/100 brn
|move|p1a: Slowking|Thunder Wave|p2a: Dinoswaur
|-status|p2a: Dinoswaur|par
|
|-damage|p1a: Slowking|0 fnt|[from] brn
|faint|p1a: Slowking
|upkeep
|
|t:|1760829689
|switch|p1a: Kingambit|Kingambit, M|100/100
|-damage|p1a: Kingambit|88/100|[from] Spikes
|-activate|p1a: Kingambit|ability: Supreme Overlord
|-start|p1a: Kingambit|fallen1|[silent]
|turn|22
|
|t:|1760829695
|-end|p2a: Dinoswaur|Protosynthesis|[silent]
|switch|p2a: Fishhh|Alomomola, F, shiny|51/100 brn
|move|p1a: Kingambit|Iron Head|p2a: Fishhh
|-resisted|p2a: Fishhh
|-damage|p2a: Fishhh|36/100 brn
|-damage|p1a: Kingambit|72/100|[from] item: Rocky Helmet|[of] p2a: Fishhh
|
|-heal|p1a: Kingambit|78/100|[from] item: Leftovers
|-damage|p2a: Fishhh|30/100 brn|[from] brn
|upkeep
|turn|23
|
|t:|1760829707
|switch|p2a: Global warming|Weezing-Galar, F, shiny|98/100
|-ability|p2a: Global warming|Neutralizing Gas
|move|p1a: Kingambit|Swords Dance|p1a: Kingambit
|-boost|p1a: Kingambit|atk|2
|
|-heal|p1a: Kingambit|84/100|[from] item: Leftovers
|upkeep
|turn|24
|
|t:|1760829712
|move|p2a: Global warming|Will-O-Wisp|p1a: Kingambit|[miss]
|-miss|p2a: Global warming|p1a: Kingambit
|move|p1a: Kingambit|Iron Head|p2a: Global warming
|-supereffective|p2a: Global warming
|-damage|p2a: Global warming|0 fnt
|faint|p2a: Global warming
|-end|p2a: Global warming|ability: Neutralizing Gas
|-activate|p1a: Kingambit|ability: Supreme Overlord
|-start|p1a: Kingambit|fallen1|[silent]
|
|-heal|p1a: Kingambit|90/100|[from] item: Leftovers
|upkeep
|c|☆GodBananaBread|Help
|c|☆haxorus3|Dawg
|
|t:|1760829730
|switch|p2a: Samurai|Samurott-Hisui, F, shiny|100/100
|turn|25
|
|t:|1760829735
|move|p2a: Samurai|Sacred Sword|p1a: Kingambit
|-supereffective|p1a: Kingambit
|-damage|p1a: Kingambit|0 fnt
|faint|p1a: Kingambit
|-end|p1a: Kingambit|fallen1|[silent]
|
|upkeep
|
|t:|1760829739
|switch|p1a: Rillaboom|Rillaboom, F|52/100
|-damage|p1a: Rillaboom|39/100|[from] Spikes
|-fieldstart|move: Grassy Terrain|[from] ability: Grassy Surge|[of] p1a: Rillaboom
|turn|26
|c|☆GodBananaBread|Was that on purpose?
|inactive|GodBananaBread has 120 seconds left.
|c|☆GodBananaBread|Or do u not got sucker or sum
|
|t:|1760829762
|switch|p2a: Dinoswaur|Raging Bolt, tera:Fairy|100/100 par
|move|p1a: Rillaboom|Wood Hammer|p2a: Dinoswaur
|-damage|p2a: Dinoswaur|33/100 par
|-damage|p1a: Rillaboom|10/100|[from] Recoil
|
|-heal|p1a: Rillaboom|16/100|[from] Grassy Terrain
|-heal|p2a: Dinoswaur|39/100 par|[from] Grassy Terrain
|upkeep
|turn|27
|
|t:|1760829776
|switch|p1a: Raging Bolt|Raging Bolt|65/100
|-damage|p1a: Raging Bolt|52/100|[from] Spikes
|-end|p2a: Dinoswaur|Protosynthesis|[silent]
|switch|p2a: Glowking|Slowking-Galar, F|69/100 par
|
|-heal|p1a: Raging Bolt|59/100|[from] Grassy Terrain
|-heal|p2a: Glowking|75/100 par|[from] Grassy Terrain
|-heal|p2a: Glowking|82/100 par|[from] item: Leftovers
|upkeep
|turn|28
|
|t:|1760829784
|move|p1a: Raging Bolt|Calm Mind|p1a: Raging Bolt
|-boost|p1a: Raging Bolt|spa|1
|-boost|p1a: Raging Bolt|spd|1
|move|p2a: Glowking|Sludge Bomb|p1a: Raging Bolt
|-damage|p1a: Raging Bolt|38/100
|-status|p1a: Raging Bolt|psn
|
|-heal|p1a: Raging Bolt|44/100 psn|[from] Grassy Terrain
|-heal|p2a: Glowking|88/100 par|[from] Grassy Terrain
|-heal|p2a: Glowking|94/100 par|[from] item: Leftovers
|-damage|p1a: Raging Bolt|31/100 psn|[from] psn
|upkeep
|turn|29
|
|t:|1760829791
|move|p1a: Raging Bolt|Thunderbolt|p2a: Glowking
|-damage|p2a: Glowking|43/100 par
|-prepare|p2a: Glowking|Chilly Reception|[premajor]
|move|p2a: Glowking|Chilly Reception|p2a: Glowking
|-weather|Snowscape
|
|t:|1760829799
|switch|p2a: Samurai|Samurott-Hisui, F, shiny|100/100|[from] Chilly Reception
|
|-weather|Snowscape|[upkeep]
|-heal|p1a: Raging Bolt|38/100 psn|[from] Grassy Terrain
|-damage|p1a: Raging Bolt|25/100 psn|[from] psn
|upkeep
|turn|30
|
|t:|1760829802
|switch|p2a: Glowking|Slowking-Galar, F|76/100 par
|move|p1a: Raging Bolt|Thunderclap||[still]
|-fail|p1a: Raging Bolt
|
|-weather|Snowscape|[upkeep]
|-heal|p1a: Raging Bolt|31/100 psn|[from] Grassy Terrain
|-heal|p2a: Glowking|82/100 par|[from] Grassy Terrain
|-heal|p2a: Glowking|89/100 par|[from] item: Leftovers
|-damage|p1a: Raging Bolt|19/100 psn|[from] psn
|-fieldend|move: Grassy Terrain
|upkeep
|turn|31
|
|t:|1760829807
|-end|p1a: Raging Bolt|Protosynthesis|[silent]
|switch|p1a: Heatran|Heatran, F, tera:Grass|66/100
|-prepare|p2a: Glowking|Chilly Reception|[premajor]
|move|p2a: Glowking|Chilly Reception|p2a: Glowking
|
|t:|1760829810
|switch|p2a: Ogerpawn|Ogerpon-Wellspring, F|61/100|[from] Chilly Reception
|
|-weather|Snowscape|[upkeep]
|upkeep
|turn|32
|
|t:|1760829820
|move|p2a: Ogerpawn|U-turn|p1a: Heatran
|-supereffective|p1a: Heatran
|-damage|p1a: Heatran|21/100
|-status|p2a: Ogerpawn|brn|[from] ability: Flame Body|[of] p1a: Heatran
|
|t:|1760829826
|switch|p2a: Glowking|Slowking-Galar, F|100/100 par|[from] U-turn
|move|p1a: Heatran|Dark Pulse|p2a: Glowking
|-supereffective|p2a: Glowking
|-damage|p2a: Glowking|59/100 par
|
|-weather|Snowscape|[upkeep]
|-heal|p2a: Glowking|65/100 par|[from] item: Leftovers
|upkeep
|turn|33
|
|t:|1760829831
|move|p1a: Heatran|Dark Pulse|p2a: Glowking
|-supereffective|p2a: Glowking
|-damage|p2a: Glowking|27/100 par
|-prepare|p2a: Glowking|Chilly Reception|[premajor]
|move|p2a: Glowking|Chilly Reception|p2a: Glowking
|
|t:|1760829839
|switch|p2a: Samurai|Samurott-Hisui, F, shiny|100/100|[from] Chilly Reception
|
|-weather|none
|upkeep
|turn|34
|
|t:|1760829844
|move|p2a: Samurai|Ceaseless Edge|p1a: Heatran
|-damage|p1a: Heatran|0 fnt
|-status|p2a: Samurai|brn|[from] ability: Flame Body|[of] p1a: Heatran
|-sidestart|p1: haxorus3|Spikes
|faint|p1a: Heatran
|
|-damage|p2a: Samurai|94/100 brn|[from] brn
|upkeep
|
|t:|1760829851
|switch|p1a: Rillaboom|Rillaboom, F|16/100
|-damage|p1a: Rillaboom|0 fnt|[from] Spikes
|faint|p1a: Rillaboom
|c|☆GodBananaBread|It seems my luck is worse then yours..
|
|t:|1760829860
|switch|p1a: Raging Bolt|Raging Bolt|19/100 psn
|-damage|p1a: Raging Bolt|2/100 psn|[from] Spikes
|turn|35
|c|☆GodBananaBread|Lmao..
|c|☆GodBananaBread|Looks like u got those flame body procs
|
|t:|1760829875
|move|p2a: Samurai|Ceaseless Edge|p1a: Raging Bolt
|-crit|p1a: Raging Bolt
|-damage|p1a: Raging Bolt|0 fnt
|-sidestart|p1: haxorus3|Spikes
|faint|p1a: Raging Bolt
|-end|p1a: Raging Bolt|Protosynthesis|[silent]
|
|-damage|p2a: Samurai|88/100 brn|[from] brn
|upkeep
|
|t:|1760829877
|switch|p1a: Feraligatr|Feraligatr, M|84/100
|-damage|p1a: Feraligatr|59/100|[from] Spikes
|turn|36
|
|t:|1760829885
|move|p2a: Samurai|Ceaseless Edge|p1a: Feraligatr
|-damage|p1a: Feraligatr|34/100
|move|p1a: Feraligatr|Liquidation|p2a: Samurai
|-resisted|p2a: Samurai
|-damage|p2a: Samurai|45/100 brn
|
|-damage|p2a: Samurai|38/100 brn|[from] brn
|upkeep
|turn|37
|-message|haxorus3 forfeited.
|
|win|GodBananaBread
|raw|haxorus3's rating: 1427 &rarr; <strong>1411</strong><br />(-16 for losing)
|raw|GodBananaBread's rating: 1502 &rarr; <strong>1518</strong><br />(+16 for winning)
|l|☆haxorus3
|player|p1|
|l|☆GodBananaBread
|player|p2|
