|j|☆adjkadssad
|j|☆scj2012
|t:|1760877857
|gametype|singles
|player|p1|adjkadssad|101|1337
|player|p2|scj2012|richboy|1307
|gen|9
|tier|[Gen 9] OU
|rated|
|rule|HP Percentage Mod: HP is shown in percentages
|rule|Endless Battle Clause: Forcing endless battles is banned
|rule|Species Clause: Limit one of each Pokémon
|rule|OHKO Clause: OHKO moves are banned
|rule|Evasion Items Clause: Evasion items are banned
|rule|Evasion Moves Clause: Evasion moves are banned
|rule|Evasion Abilities Clause: Evasion abilities are banned
|rule|Sleep Moves Clause: Sleep-inducing moves are banned
|clearpoke
|poke|p1|Pelipper, M|
|poke|p1|Poliwrath, F|
|poke|p1|Kilowattrel, M|
|poke|p1|Scream Tail|
|poke|p1|Overqwil, M|
|poke|p1|Zamazenta-*|
|poke|p2|Deoxys-Speed|
|poke|p2|Raging Bolt|
|poke|p2|Rillaboom, F|
|poke|p2|Ogerpon-Wellspring, F|
|poke|p2|Moltres|
|poke|p2|Scizor, M|
|teampreview
|inactive|Battle timer is ON: inactive players will automatically lose when time's up. (requested by scj2012)
|
|t:|1760877868
|teamsize|p1|6
|teamsize|p2|6
|start
|switch|p1a: Pelipper|Pelipper, M, shiny|100/100
|switch|p2a: Raging Bolt|Raging Bolt|100/100
|-weather|RainDance|[from] ability: Drizzle|[of] p1a: Pelipper
|-enditem|p2a: Raging Bolt|Booster Energy
|-activate|p2a: Raging Bolt|ability: Protosynthesis|[fromitem]
|-start|p2a: Raging Bolt|protosynthesisspa
|turn|1
|
|t:|1760877873
|switch|p1a: Scream Tail|Scream Tail|100/100
|move|p2a: Raging Bolt|Thunderbolt|p1a: Scream Tail
|-damage|p1a: Scream Tail|56/100
|
|-weather|RainDance|[upkeep]
|upkeep
|turn|2
|
|t:|1760877881
|-end|p2a: Raging Bolt|Protosynthesis|[silent]
|switch|p2a: Scizor|Scizor, M, shiny|100/100
|move|p1a: Scream Tail|Light Screen|p1a: Scream Tail
|-sidestart|p1: adjkadssad|move: Light Screen
|
|-weather|RainDance|[upkeep]
|upkeep
|turn|3
|
|t:|1760877903
|move|p2a: Scizor|Bullet Punch|p1a: Scream Tail
|-supereffective|p1a: Scream Tail
|-damage|p1a: Scream Tail|0 fnt
|faint|p1a: Scream Tail
|-end|p1a: Scream Tail|Protosynthesis|[silent]
|
|-weather|RainDance|[upkeep]
|upkeep
|
|t:|1760877908
|switch|p1a: Poliwrath|Poliwrath, F|100/100
|turn|4
|
|t:|1760877915
|move|p1a: Poliwrath|Belly Drum|p1a: Poliwrath
|-damage|p1a: Poliwrath|51/100
|-setboost|p1a: Poliwrath|atk|6|[from] move: Belly Drum
|move|p2a: Scizor|Defog|p1a: Poliwrath
|-unboost|p1a: Poliwrath|evasion|1
|-sideend|p1: adjkadssad|move: Light Screen
|
|-weather|RainDance|[upkeep]
|upkeep
|turn|5
|
|t:|1760877922
|move|p1a: Poliwrath|Drain Punch|p2a: Scizor
|-damage|p2a: Scizor|0 fnt
|-heal|p1a: Poliwrath|100/100|[from] drain|[of] p2a: Scizor
|faint|p2a: Scizor
|
|-weather|RainDance|[upkeep]
|upkeep
|
|t:|1760877927
|switch|p2a: Raging Bolt|Raging Bolt|100/100
|turn|6
|
|t:|1760877930
|-terastallize|p1a: Poliwrath|Steel
|move|p2a: Raging Bolt|Thunderclap|p1a: Poliwrath
|-damage|p1a: Poliwrath|52/100
|move|p1a: Poliwrath|Ice Punch|p2a: Raging Bolt
|-supereffective|p2a: Raging Bolt
|-damage|p2a: Raging Bolt|0 fnt
|faint|p2a: Raging Bolt
|-end|p2a: Raging Bolt|Protosynthesis|[silent]
|
|-weather|RainDance|[upkeep]
|upkeep
|
|t:|1760877940
|switch|p2a: Ogerpon|Ogerpon-Wellspring, F|100/100
|turn|7
|
|t:|1760877944
|move|p1a: Poliwrath|Drain Punch|p2a: Ogerpon
|-damage|p2a: Ogerpon|0 fnt
|-heal|p1a: Poliwrath|99/100|[from] drain|[of] p2a: Ogerpon
|faint|p2a: Ogerpon
|
|-weather|RainDance|[upkeep]
|upkeep
|-message|scj2012 forfeited.
|
|win|adjkadssad
|raw|adjkadssad's rating: 1357 &rarr; <strong>1374</strong><br />(+17 for winning)
|raw|scj2012's rating: 1307 &rarr; <strong>1290</strong><br />(-17 for losing)
|l|☆scj2012
|player|p2|
|l|☆adjkadssad
|player|p1|
