|j|☆cocamatt
|j|☆apotato135
|t:|1760877128
|gametype|singles
|player|p1|cocamatt|170|1633
|player|p2|apotato135|swimmer-gen4dp|1631
|gen|9
|tier|[Gen 9] OU
|rated|
|rule|HP Percentage Mod: HP is shown in percentages
|rule|Endless Battle Clause: Forcing endless battles is banned
|rule|Species Clause: Limit one of each Pokémon
|rule|OHKO Clause: OHKO moves are banned
|rule|Evasion Items Clause: Evasion items are banned
|rule|Evasion Moves Clause: Evasion moves are banned
|rule|Evasion Abilities Clause: Evasion abilities are banned
|rule|Sleep Moves Clause: Sleep-inducing moves are banned
|clearpoke
|poke|p1|Rillaboom, M|
|poke|p1|Hawlucha, M|
|poke|p1|Ogerpon-Wellspring, F|
|poke|p1|Iron Valiant|
|poke|p1|Corviknight, M|
|poke|p1|Dragapult, M|
|poke|p2|Azumarill, F|
|poke|p2|Hydrapple, M|
|poke|p2|Moltres|
|poke|p2|Slowking-Galar, M|
|poke|p2|Dragapult, F|
|poke|p2|Great Tusk|
|teampreview
|
|t:|1760877145
|teamsize|p1|6
|teamsize|p2|6
|start
|switch|p1a: Rillaboom|Rillaboom, M|100/100
|switch|p2a: Dragapult|Dragapult, F|100/100
|-fieldstart|move: Grassy Terrain|[from] ability: Grassy Surge|[of] p1a: Rillaboom
|turn|1
|inactive|Battle timer is ON: inactive players will automatically lose when time's up. (requested by cocamatt)
|
|t:|1760877150
|move|p2a: Dragapult|Will-O-Wisp|p1a: Rillaboom
|-status|p1a: Rillaboom|brn
|move|p1a: Rillaboom|Knock Off|p2a: Dragapult
|-supereffective|p2a: Dragapult
|-damage|p2a: Dragapult|54/100
|-enditem|p2a: Dragapult|Heavy-Duty Boots|[from] move: Knock Off|[of] p1a: Rillaboom
|
|-heal|p2a: Dragapult|60/100|[from] Grassy Terrain
|-damage|p1a: Rillaboom|94/100 brn|[from] brn
|upkeep
|turn|2
|
|t:|1760877160
|move|p2a: Dragapult|Hex|p1a: Rillaboom
|-damage|p1a: Rillaboom|25/100 brn
|move|p1a: Rillaboom|U-turn|p2a: Dragapult
|-resisted|p2a: Dragapult
|-damage|p2a: Dragapult|52/100
|
|t:|1760877167
|switch|p1a: Iron Valiant|Iron Valiant|100/100|[from] U-turn
|-enditem|p1a: Iron Valiant|Booster Energy
|-activate|p1a: Iron Valiant|ability: Quark Drive|[fromitem]
|-start|p1a: Iron Valiant|quarkdrivespe
|
|-heal|p2a: Dragapult|58/100|[from] Grassy Terrain
|upkeep
|turn|3
|
|t:|1760877174
|switch|p2a: Slowking|Slowking-Galar, M|100/100
|move|p1a: Iron Valiant|Calm Mind|p1a: Iron Valiant
|-boost|p1a: Iron Valiant|spa|1
|-boost|p1a: Iron Valiant|spd|1
|
|upkeep
|turn|4
|
|t:|1760877178
|move|p1a: Iron Valiant|Shadow Ball|p2a: Slowking
|-supereffective|p2a: Slowking
|-damage|p2a: Slowking|55/100
|move|p2a: Slowking|Thunder Wave|p1a: Iron Valiant
|-status|p1a: Iron Valiant|par
|
|-heal|p2a: Slowking|61/100|[from] Grassy Terrain
|upkeep
|turn|5
|
|t:|1760877188
|move|p1a: Iron Valiant|Shadow Ball|p2a: Slowking
|-supereffective|p2a: Slowking
|-damage|p2a: Slowking|15/100
|-prepare|p2a: Slowking|Chilly Reception|[premajor]
|move|p2a: Slowking|Chilly Reception|p2a: Slowking
|-weather|Snowscape
|
|t:|1760877198
|switch|p2a: Dragapult|Dragapult, F|58/100|[from] Chilly Reception
|
|-weather|Snowscape|[upkeep]
|-heal|p2a: Dragapult|64/100|[from] Grassy Terrain
|upkeep
|turn|6
|
|t:|1760877204
|move|p2a: Dragapult|Hex|p1a: Iron Valiant
|-damage|p1a: Iron Valiant|33/100 par
|cant|p1a: Iron Valiant|par
|
|-weather|Snowscape|[upkeep]
|-heal|p2a: Dragapult|70/100|[from] Grassy Terrain
|-heal|p1a: Iron Valiant|39/100 par|[from] Grassy Terrain
|upkeep
|turn|7
|
|t:|1760877212
|move|p2a: Dragapult|Hex|p1a: Iron Valiant
|-damage|p1a: Iron Valiant|0 fnt
|faint|p1a: Iron Valiant
|-end|p1a: Iron Valiant|Quark Drive|[silent]
|
|-weather|Snowscape|[upkeep]
|-heal|p2a: Dragapult|76/100|[from] Grassy Terrain
|upkeep
|
|t:|1760877225
|switch|p1a: Dragapult|Dragapult, M|100/100
|turn|8
|
|t:|1760877233
|move|p2a: Dragapult|Dragon Darts|p1a: Dragapult
|-supereffective|p1a: Dragapult
|-damage|p1a: Dragapult|42/100
|-anim|p2a: Dragapult|Dragon Darts|p1a: Dragapult
|-supereffective|p1a: Dragapult
|-damage|p1a: Dragapult|0 fnt
|faint|p1a: Dragapult
|
|-weather|Snowscape|[upkeep]
|-heal|p2a: Dragapult|82/100|[from] Grassy Terrain
|-fieldend|move: Grassy Terrain
|upkeep
|
|t:|1760877239
|switch|p1a: Rillaboom|Rillaboom, M|25/100 brn
|-fieldstart|move: Grassy Terrain|[from] ability: Grassy Surge|[of] p1a: Rillaboom
|turn|9
|
|t:|1760877252
|switch|p1a: Corviknight|Corviknight, M|100/100
|-ability|p1a: Corviknight|Pressure
|move|p2a: Dragapult|U-turn|p1a: Corviknight
|-resisted|p1a: Corviknight
|-damage|p1a: Corviknight|97/100
|-damage|p2a: Dragapult|65/100|[from] item: Rocky Helmet|[of] p1a: Corviknight
|
|t:|1760877267
|switch|p2a: Moltres|Moltres|100/100|[from] U-turn
|
|-weather|none
|upkeep
|turn|10
|
|t:|1760877270
|move|p2a: Moltres|Flamethrower|p1a: Corviknight
|-supereffective|p1a: Corviknight
|-damage|p1a: Corviknight|27/100
|move|p1a: Corviknight|U-turn|p2a: Moltres
|-resisted|p2a: Moltres
|-damage|p2a: Moltres|98/100
|
|t:|1760877279
|switch|p1a: Hawlucha|Hawlucha, M|100/100|[from] U-turn
|-enditem|p1a: Hawlucha|Grassy Seed
|-boost|p1a: Hawlucha|def|1|[from] item: Grassy Seed
|
|upkeep
|turn|11
|
|t:|1760877286
|move|p1a: Hawlucha|Swords Dance|p1a: Hawlucha
|-boost|p1a: Hawlucha|atk|2
|move|p2a: Moltres|Roar|p1a: Hawlucha
|drag|p1a: Corviknight|Corviknight, M|27/100
|-ability|p1a: Corviknight|Pressure
|
|upkeep
|turn|12
|
|t:|1760877290
|move|p2a: Moltres|Flamethrower|p1a: Corviknight
|-supereffective|p1a: Corviknight
|-damage|p1a: Corviknight|0 fnt
|faint|p1a: Corviknight
|
|upkeep
|
|t:|1760877292
|switch|p1a: Ogerpon|Ogerpon-Wellspring, F|100/100
|turn|13
|
|t:|1760877295
|switch|p2a: Hydrapple|Hydrapple, M|100/100
|move|p1a: Ogerpon|Swords Dance|p1a: Ogerpon
|-boost|p1a: Ogerpon|atk|2
|
|upkeep
|turn|14
|
|t:|1760877300
|move|p1a: Ogerpon|Play Rough|p2a: Hydrapple
|-supereffective|p2a: Hydrapple
|-damage|p2a: Hydrapple|27/100
|-damage|p1a: Ogerpon|84/100|[from] item: Rocky Helmet|[of] p2a: Hydrapple
|move|p2a: Hydrapple|Fickle Beam|p1a: Ogerpon
|-damage|p1a: Ogerpon|45/100
|
|-heal|p1a: Ogerpon|51/100|[from] Grassy Terrain
|-heal|p2a: Hydrapple|33/100|[from] Grassy Terrain
|upkeep
|turn|15
|
|t:|1760877309
|move|p1a: Ogerpon|Ivy Cudgel|p2a: Hydrapple|[anim] Ivy Cudgel Water
|-resisted|p2a: Hydrapple
|-damage|p2a: Hydrapple|16/100
|move|p2a: Hydrapple|Giga Drain|p1a: Ogerpon
|-damage|p1a: Ogerpon|3/100
|-heal|p2a: Hydrapple|34/100|[from] drain|[of] p1a: Ogerpon
|
|-heal|p1a: Ogerpon|9/100|[from] Grassy Terrain
|-heal|p2a: Hydrapple|40/100|[from] Grassy Terrain
|upkeep
|turn|16
|-message|cocamatt forfeited.
|
|win|apotato135
|raw|cocamatt's rating: 1633 &rarr; <strong>1613</strong><br />(-20 for losing)
|raw|apotato135's rating: 1631 &rarr; <strong>1651</strong><br />(+20 for winning)
|l|☆cocamatt
|player|p1|
|l|☆apotato135
|player|p2|
