|inactive|Battle timer is ON: inactive players will automatically lose when time's up.
|t:|1760882588
|gametype|singles
|player|p1|memphisdepayy|#bltxiipangoros|
|player|p2|ayatou|alec-anime|
|gen|9
|tier|[Gen 9] OU
|rule|HP Percentage Mod: HP is shown in percentages
|rule|Endless Battle Clause: Forcing endless battles is banned
|rule|Species Clause: Limit one of each Pokémon
|rule|OHKO Clause: OHKO moves are banned
|rule|Evasion Items Clause: Evasion items are banned
|rule|Evasion Moves Clause: Evasion moves are banned
|rule|Evasion Abilities Clause: Evasion abilities are banned
|rule|Sleep Moves Clause: Sleep-inducing moves are banned
|clearpoke
|poke|p1|Garganacl, F|
|poke|p1|Darkrai|
|poke|p1|Great Tusk|
|poke|p1|Hatterene, F|
|poke|p1|Tornadus-Therian, M|
|poke|p1|Dragonite, M|
|poke|p2|Dragonite, M|
|poke|p2|Weezing-Galar, M|
|poke|p2|Alomomola, F|
|poke|p2|Ceruledge, M|
|poke|p2|Darkrai|
|poke|p2|Landorus-Therian, M|
|teampreview
|c|☆ayatou|hf
|inactive|memphisdepayy has 270 seconds left.
|c|☆memphisdepayy|u2
|inactive|ayatou has 270 seconds left.
|
|t:|1760882646
|teamsize|p1|6
|teamsize|p2|6
|start
|switch|p1a: Tornadus|Tornadus-Therian, M|100/100
|switch|p2a: Landorus|Landorus-Therian, M|100/100
|-ability|p2a: Landorus|Intimidate|boost
|-unboost|p1a: Tornadus|atk|1
|turn|1
|
|t:|1760882666
|move|p2a: Landorus|Stone Edge|p1a: Tornadus|[miss]
|-miss|p2a: Landorus|p1a: Tornadus
|move|p1a: Tornadus|Bleakwind Storm|p2a: Landorus|[miss]
|-miss|p1a: Tornadus|p2a: Landorus
|
|upkeep
|turn|2
|
|t:|1760882675
|switch|p1a: Great Tusk|Great Tusk|100/100
|move|p2a: Landorus|Stone Edge|p1a: Great Tusk
|-resisted|p1a: Great Tusk
|-damage|p1a: Great Tusk|94/100
|
|upkeep
|turn|3
|
|t:|1760882682
|switch|p2a: Alomomola|Alomomola, F|100/100
|move|p1a: Great Tusk|Stealth Rock|p2a: Alomomola
|-sidestart|p2: ayatou|move: Stealth Rock
|
|upkeep
|turn|4
|
|t:|1760882689
|-end|p1a: Great Tusk|Protosynthesis|[silent]
|switch|p1a: Hatterene|Hatterene, F|100/100
|move|p2a: Alomomola|Flip Turn|p1a: Hatterene
|-damage|p1a: Hatterene|86/100
|-damage|p2a: Alomomola|84/100|[from] item: Rocky Helmet|[of] p1a: Hatterene
|inactive|ayatou has 270 seconds left.
|
|t:|1760882725
|switch|p2a: Landorus|Landorus-Therian, M|100/100|[from] Flip Turn
|-damage|p2a: Landorus|88/100|[from] Stealth Rock
|-ability|p2a: Landorus|Intimidate|boost
|-unboost|p1a: Hatterene|atk|1
|
|upkeep
|turn|5
|
|t:|1760882732
|move|p2a: Landorus|U-turn|p1a: Hatterene
|-damage|p1a: Hatterene|64/100
|-damage|p2a: Landorus|72/100|[from] item: Rocky Helmet|[of] p1a: Hatterene
|
|t:|1760882735
|switch|p2a: Alomomola|Alomomola, F|100/100|[from] U-turn
|-damage|p2a: Alomomola|88/100|[from] Stealth Rock
|move|p1a: Hatterene|Pain Split|p2a: Alomomola
|-sethp|p2a: Alomomola|66/100|[from] move: Pain Split|[silent]
|-sethp|p1a: Hatterene|97/100|[from] move: Pain Split
|
|upkeep
|turn|6
|
|t:|1760882742
|move|p2a: Alomomola|Flip Turn|p1a: Hatterene
|-damage|p1a: Hatterene|83/100
|-damage|p2a: Alomomola|49/100|[from] item: Rocky Helmet|[of] p1a: Hatterene
|
|t:|1760882757
|switch|p2a: Landorus|Landorus-Therian, M|72/100|[from] Flip Turn
|-damage|p2a: Landorus|59/100|[from] Stealth Rock
|-ability|p2a: Landorus|Intimidate|boost
|-unboost|p1a: Hatterene|atk|1
|move|p1a: Hatterene|Future Sight|p2a: Landorus
|-start|p1a: Hatterene|move: Future Sight
|
|upkeep
|turn|7
|
|t:|1760882767
|switch|p1a: Great Tusk|Great Tusk|94/100
|move|p2a: Landorus|Earthquake|p1a: Great Tusk
|-damage|p1a: Great Tusk|51/100
|
|upkeep
|turn|8
|
|t:|1760882778
|switch|p2a: Alomomola|Alomomola, F|83/100
|-damage|p2a: Alomomola|70/100|[from] Stealth Rock
|-end|p1a: Great Tusk|Protosynthesis|[silent]
|switch|p1a: Tornadus|Tornadus-Therian, M|100/100
|
|-end|p2a: Alomomola|move: Future Sight
|-damage|p2a: Alomomola|38/100
|upkeep
|turn|9
|
|t:|1760882794
|switch|p2a: Landorus|Landorus-Therian, M|59/100
|-damage|p2a: Landorus|47/100|[from] Stealth Rock
|-ability|p2a: Landorus|Intimidate|boost
|-unboost|p1a: Tornadus|atk|1
|move|p1a: Tornadus|Knock Off|p2a: Landorus
|-damage|p2a: Landorus|31/100
|-enditem|p2a: Landorus|Choice Scarf|[from] move: Knock Off|[of] p1a: Tornadus
|
|upkeep
|turn|10
|
|t:|1760882803
|move|p1a: Tornadus|Bleakwind Storm|p2a: Landorus
|-crit|p2a: Landorus
|-damage|p2a: Landorus|0 fnt
|faint|p2a: Landorus
|
|upkeep
|inactive|ayatou has 270 seconds left.
|
|t:|1760882839
|switch|p2a: Weezing|Weezing-Galar, M|100/100
|-ability|p2a: Weezing|Neutralizing Gas
|turn|11
|
|t:|1760882846
|move|p1a: Tornadus|Knock Off|p2a: Weezing
|-resisted|p2a: Weezing
|-damage|p2a: Weezing|96/100
|-enditem|p2a: Weezing|Heavy-Duty Boots|[from] move: Knock Off|[of] p1a: Tornadus
|move|p2a: Weezing|Defog|p1a: Tornadus
|-unboost|p1a: Tornadus|evasion|1
|-sideend|p2: ayatou|Stealth Rock|[from] move: Defog|[of] p2a: Weezing
|
|upkeep
|turn|12
|
|t:|1760882850
|move|p1a: Tornadus|Bleakwind Storm|p2a: Weezing
|-damage|p2a: Weezing|42/100
|move|p2a: Weezing|Sludge Bomb|p1a: Tornadus
|-damage|p1a: Tornadus|83/100
|
|upkeep
|turn|13
|
|t:|1760882855
|-end|p2a: Weezing|ability: Neutralizing Gas
|switch|p2a: Alomomola|Alomomola, F|71/100
|move|p1a: Tornadus|U-turn|p2a: Alomomola
|-damage|p2a: Alomomola|65/100
|
|t:|1760882864
|switch|p1a: Great Tusk|Great Tusk|51/100|[from] U-turn
|
|upkeep
|turn|14
|
|t:|1760882870
|move|p1a: Great Tusk|Stealth Rock|p2a: Alomomola
|-sidestart|p2: ayatou|move: Stealth Rock
|move|p2a: Alomomola|Flip Turn|p1a: Great Tusk
|-supereffective|p1a: Great Tusk
|-damage|p1a: Great Tusk|26/100
|-damage|p2a: Alomomola|48/100|[from] item: Rocky Helmet|[of] p1a: Great Tusk
|
|t:|1760882876
|switch|p2a: Darkrai|Darkrai|100/100|[from] Flip Turn
|
|upkeep
|turn|15
|
|t:|1760882892
|-end|p1a: Great Tusk|Protosynthesis|[silent]
|switch|p1a: Garganacl|Garganacl, F|100/100
|move|p2a: Darkrai|Ice Beam|p1a: Garganacl
|-damage|p1a: Garganacl|79/100
|
|-heal|p1a: Garganacl|85/100|[from] item: Leftovers
|upkeep
|turn|16
|
|t:|1760882898
|switch|p2a: Weezing|Weezing-Galar, M|42/100
|-ability|p2a: Weezing|Neutralizing Gas
|-damage|p2a: Weezing|30/100|[from] Stealth Rock
|move|p1a: Garganacl|Salt Cure|p2a: Weezing
|-damage|p2a: Weezing|21/100
|-start|p2a: Weezing|Salt Cure
|
|-heal|p1a: Garganacl|91/100|[from] item: Leftovers
|-damage|p2a: Weezing|9/100|[from] Salt Cure
|upkeep
|turn|17
|
|t:|1760882904
|switch|p1a: Great Tusk|Great Tusk|26/100
|move|p2a: Weezing|Pain Split|p1a: Great Tusk
|-sethp|p1a: Great Tusk|17/100|[from] move: Pain Split|[silent]
|-sethp|p2a: Weezing|19/100|[from] move: Pain Split
|
|-damage|p2a: Weezing|6/100|[from] Salt Cure
|upkeep
|turn|18
|
|t:|1760882913
|move|p1a: Great Tusk|Rapid Spin|p2a: Weezing
|-damage|p2a: Weezing|0 fnt
|-boost|p1a: Great Tusk|spe|1
|faint|p2a: Weezing
|-end|p2a: Weezing|ability: Neutralizing Gas
|
|upkeep
|
|t:|1760882916
|switch|p2a: Alomomola|Alomomola, F|82/100
|-damage|p2a: Alomomola|70/100|[from] Stealth Rock
|turn|19
|
|t:|1760882921
|-end|p1a: Great Tusk|Protosynthesis|[silent]
|switch|p1a: Hatterene|Hatterene, F|83/100
|move|p2a: Alomomola|Flip Turn|p1a: Hatterene
|-damage|p1a: Hatterene|69/100
|-damage|p2a: Alomomola|53/100|[from] item: Rocky Helmet|[of] p1a: Hatterene
|
|t:|1760882924
|switch|p2a: Ceruledge|Ceruledge, M|100/100|[from] Flip Turn
|-damage|p2a: Ceruledge|76/100|[from] Stealth Rock
|
|upkeep
|turn|20
|
|t:|1760882933
|switch|p1a: Garganacl|Garganacl, F|91/100
|move|p2a: Ceruledge|Swords Dance|p2a: Ceruledge
|-boost|p2a: Ceruledge|atk|2
|
|-heal|p1a: Garganacl|98/100|[from] item: Leftovers
|upkeep
|turn|21
|
|t:|1760882940
|switch|p1a: Great Tusk|Great Tusk|17/100
|move|p2a: Ceruledge|Poltergeist|p1a: Great Tusk
|-activate|p1a: Great Tusk|move: Poltergeist|Rocky Helmet
|-damage|p1a: Great Tusk|0 fnt
|faint|p1a: Great Tusk
|-end|p1a: Great Tusk|Protosynthesis|[silent]
|-damage|p2a: Ceruledge|66/100|[from] item: Life Orb
|
|upkeep
|
|t:|1760882953
|switch|p1a: Dragonite|Dragonite, M|100/100
|turn|22
|
|t:|1760882965
|-terastallize|p1a: Dragonite|Normal
|move|p2a: Ceruledge|Poltergeist|p1a: Dragonite
|-immune|p1a: Dragonite
|move|p1a: Dragonite|Dragon Dance|p1a: Dragonite
|-boost|p1a: Dragonite|atk|1
|-boost|p1a: Dragonite|spe|1
|
|upkeep
|turn|23
|
|t:|1760882968
|move|p1a: Dragonite|Earthquake|p2a: Ceruledge
|-supereffective|p2a: Ceruledge
|-damage|p2a: Ceruledge|0 fnt
|faint|p2a: Ceruledge
|
|upkeep
|
|t:|1760882972
|switch|p2a: Alomomola|Alomomola, F|86/100
|-damage|p2a: Alomomola|74/100|[from] Stealth Rock
|turn|24
|
|t:|1760882975
|move|p1a: Dragonite|Extreme Speed|p2a: Alomomola
|-damage|p2a: Alomomola|14/100
|move|p2a: Alomomola|Flip Turn|p1a: Dragonite
|-damage|p1a: Dragonite|92/100
|
|t:|1760882978
|switch|p2a: Darkrai|Darkrai|100/100|[from] Flip Turn
|
|upkeep
|turn|25
|
|t:|1760882982
|move|p1a: Dragonite|Extreme Speed|p2a: Darkrai
|-damage|p2a: Darkrai|0 fnt
|faint|p2a: Darkrai
|
|upkeep
|
|t:|1760882991
|switch|p2a: Dragonite|Dragonite, M|100/100
|-damage|p2a: Dragonite|76/100|[from] Stealth Rock
|turn|26
|c|☆ayatou|gg
|
|t:|1760882999
|move|p1a: Dragonite|Extreme Speed|p2a: Dragonite
|-damage|p2a: Dragonite|0 fnt
|faint|p2a: Dragonite
|
|upkeep
|
|t:|1760883000
|switch|p2a: Alomomola|Alomomola, F|47/100
|-damage|p2a: Alomomola|35/100|[from] Stealth Rock
|turn|27
|
|t:|1760883002
|move|p1a: Dragonite|Extreme Speed|p2a: Alomomola
|-damage|p2a: Alomomola|0 fnt
|faint|p2a: Alomomola
|
|win|memphisdepayy
|c|☆memphisdepayy|gg
|player|p2|
