|j|☆mankindes
|j|☆Lotadfan22
|t:|1760794635
|gametype|singles
|player|p1|mankindes|steven|1223
|player|p2|Lotadfan22|blaine|1188
|gen|9
|tier|[Gen 9] OU
|rated|
|rule|HP Percentage Mod: HP is shown in percentages
|rule|Endless Battle Clause: Forcing endless battles is banned
|rule|Species Clause: Limit one of each Pokémon
|rule|OHKO Clause: OHKO moves are banned
|rule|Evasion Items Clause: Evasion items are banned
|rule|Evasion Moves Clause: Evasion moves are banned
|rule|Evasion Abilities Clause: Evasion abilities are banned
|rule|Sleep Moves Clause: Sleep-inducing moves are banned
|clearpoke
|poke|p1|Dragonite, M|
|poke|p1|Dondozo, M|
|poke|p1|Iron Moth|
|poke|p1|Kingambit, M|
|poke|p1|Gliscor, F|
|poke|p1|Raging Bolt|
|poke|p2|Pelipper, F|
|poke|p2|Barraskewda, M|
|poke|p2|Zapdos|
|poke|p2|Kingambit, F|
|poke|p2|Ogerpon-Wellspring, F|
|poke|p2|Iron Treads|
|teampreview
|
|t:|1760794655
|teamsize|p1|6
|teamsize|p2|6
|start
|switch|p1a: Gliscor|Gliscor, F|100/100
|switch|p2a: Ogerpon|Ogerpon-Wellspring, F|100/100
|turn|1
|
|t:|1760794667
|move|p1a: Gliscor|Protect|p1a: Gliscor
|-singleturn|p1a: Gliscor|Protect
|move|p2a: Ogerpon|Ivy Cudgel|p1a: Gliscor|[anim] Ivy Cudgel Water
|-activate|p1a: Gliscor|move: Protect
|
|-status|p1a: Gliscor|tox|[from] item: Toxic Orb
|upkeep
|turn|2
|
|t:|1760794675
|move|p2a: Ogerpon|Encore|p1a: Gliscor
|-start|p1a: Gliscor|Encore
|move|p1a: Gliscor|Protect||[still]
|-fail|p1a: Gliscor
|
|upkeep
|turn|3
|
|t:|1760794690
|switch|p2a: Pelipper|Pelipper, F|100/100
|-weather|RainDance|[from] ability: Drizzle|[of] p2a: Pelipper
|switch|p1a: Raging Bolt|Raging Bolt|100/100
|
|-weather|RainDance|[upkeep]
|upkeep
|turn|4
|
|t:|1760794700
|switch|p2a: Iron Treads|Iron Treads|100/100
|move|p1a: Raging Bolt|Thunder|p2a: Iron Treads
|-immune|p2a: Iron Treads
|
|-weather|RainDance|[upkeep]
|upkeep
|turn|5
|
|t:|1760794710
|-end|p1a: Raging Bolt|Protosynthesis|[silent]
|switch|p1a: Gliscor|Gliscor, F|100/100 tox
|move|p2a: Iron Treads|Stealth Rock|p1a: Gliscor
|-sidestart|p1: mankindes|move: Stealth Rock
|
|-weather|RainDance|[upkeep]
|upkeep
|turn|6
|
|t:|1760794724
|-end|p2a: Iron Treads|Quark Drive|[silent]
|switch|p2a: Barraskewda|Barraskewda, M|100/100
|move|p1a: Gliscor|Stealth Rock|p2a: Barraskewda
|-sidestart|p2: Lotadfan22|move: Stealth Rock
|
|-weather|RainDance|[upkeep]
|upkeep
|turn|7
|
|t:|1760794741
|move|p1a: Gliscor|Protect|p1a: Gliscor
|-singleturn|p1a: Gliscor|Protect
|move|p2a: Barraskewda|Liquidation|p1a: Gliscor
|-activate|p1a: Gliscor|move: Protect
|
|-weather|RainDance|[upkeep]
|upkeep
|turn|8
|
|t:|1760794754
|switch|p1a: Raging Bolt|Raging Bolt|100/100
|-damage|p1a: Raging Bolt|88/100|[from] Stealth Rock
|move|p2a: Barraskewda|Liquidation|p1a: Raging Bolt
|-resisted|p1a: Raging Bolt
|-damage|p1a: Raging Bolt|60/100
|
|-weather|RainDance|[upkeep]
|upkeep
|turn|9
|
|t:|1760794766
|switch|p2a: Iron Treads|Iron Treads|100/100
|-damage|p2a: Iron Treads|97/100|[from] Stealth Rock
|move|p1a: Raging Bolt|Thunder|p2a: Iron Treads
|-immune|p2a: Iron Treads
|
|-weather|RainDance|[upkeep]
|upkeep
|turn|10
|
|t:|1760794775
|-end|p1a: Raging Bolt|Protosynthesis|[silent]
|switch|p1a: Gliscor|Gliscor, F|100/100 tox
|-damage|p1a: Gliscor|88/100 tox|[from] Stealth Rock
|move|p2a: Iron Treads|Rapid Spin|p1a: Gliscor
|-damage|p1a: Gliscor|77/100 tox
|-boost|p2a: Iron Treads|spe|1
|-sideend|p2: Lotadfan22|Stealth Rock|[from] move: Rapid Spin|[of] p2a: Iron Treads
|
|-weather|none
|-heal|p1a: Gliscor|89/100 tox|[from] ability: Poison Heal
|upkeep
|turn|11
|
|t:|1760794787
|-end|p2a: Iron Treads|Quark Drive|[silent]
|switch|p2a: Pelipper|Pelipper, F|100/100
|-weather|RainDance|[from] ability: Drizzle|[of] p2a: Pelipper
|move|p1a: Gliscor|Stealth Rock|p2a: Pelipper
|-sidestart|p2: Lotadfan22|move: Stealth Rock
|
|-weather|RainDance|[upkeep]
|-heal|p1a: Gliscor|100/100 tox|[from] ability: Poison Heal
|upkeep
|turn|12
|
|t:|1760794800
|move|p1a: Gliscor|Toxic|p2a: Pelipper
|-status|p2a: Pelipper|tox
|move|p2a: Pelipper|U-turn|p1a: Gliscor
|-resisted|p1a: Gliscor
|-crit|p1a: Gliscor
|-damage|p1a: Gliscor|95/100 tox
|
|t:|1760794807
|switch|p2a: Barraskewda|Barraskewda, M|100/100|[from] U-turn
|
|-weather|RainDance|[upkeep]
|-heal|p1a: Gliscor|100/100 tox|[from] ability: Poison Heal
|upkeep
|turn|13
|
|t:|1760794824
|move|p1a: Gliscor|Protect|p1a: Gliscor
|-singleturn|p1a: Gliscor|Protect
|move|p2a: Barraskewda|Liquidation|p1a: Gliscor
|-activate|p1a: Gliscor|move: Protect
|
|-weather|RainDance|[upkeep]
|upkeep
|turn|14
|
|t:|1760794843
|switch|p1a: Dondozo|Dondozo, M|100/100
|-damage|p1a: Dondozo|88/100|[from] Stealth Rock
|move|p2a: Barraskewda|Flip Turn|p1a: Dondozo
|-resisted|p1a: Dondozo
|-damage|p1a: Dondozo|77/100
|
|t:|1760794860
|switch|p2a: Zapdos|Zapdos|100/100|[from] Flip Turn
|
|-weather|RainDance|[upkeep]
|-heal|p1a: Dondozo|83/100|[from] item: Leftovers
|upkeep
|turn|15
|
|t:|1760794879
|move|p1a: Dondozo|Protect|p1a: Dondozo
|-singleturn|p1a: Dondozo|Protect
|move|p2a: Zapdos|Hurricane|p1a: Dondozo
|-activate|p1a: Dondozo|move: Protect
|
|-weather|RainDance|[upkeep]
|-heal|p1a: Dondozo|89/100|[from] item: Leftovers
|upkeep
|turn|16
|
|t:|1760794895
|switch|p1a: Gliscor|Gliscor, F|100/100 tox
|-damage|p1a: Gliscor|88/100 tox|[from] Stealth Rock
|move|p2a: Zapdos|Hurricane|p1a: Gliscor
|-damage|p1a: Gliscor|26/100 tox
|
|-weather|RainDance|[upkeep]
|-heal|p1a: Gliscor|39/100 tox|[from] ability: Poison Heal
|upkeep
|turn|17
|
|t:|1760794915
|move|p1a: Gliscor|Protect|p1a: Gliscor
|-singleturn|p1a: Gliscor|Protect
|move|p2a: Zapdos|Hurricane|p1a: Gliscor
|-activate|p1a: Gliscor|move: Protect
|
|-weather|RainDance|[upkeep]
|-heal|p1a: Gliscor|51/100 tox|[from] ability: Poison Heal
|upkeep
|turn|18
|
|t:|1760794935
|switch|p1a: Dondozo|Dondozo, M|89/100
|-damage|p1a: Dondozo|76/100|[from] Stealth Rock
|move|p2a: Zapdos|Hurricane|p1a: Dondozo
|-damage|p1a: Dondozo|25/100
|
|-weather|none
|-heal|p1a: Dondozo|31/100|[from] item: Leftovers
|upkeep
|turn|19
|
|t:|1760794944
|move|p1a: Dondozo|Protect|p1a: Dondozo
|-singleturn|p1a: Dondozo|Protect
|move|p2a: Zapdos|Volt Switch|p1a: Dondozo
|-activate|p1a: Dondozo|move: Protect
|
|-heal|p1a: Dondozo|37/100|[from] item: Leftovers
|upkeep
|turn|20
|
|t:|1760794951
|switch|p1a: Gliscor|Gliscor, F|51/100 tox
|-damage|p1a: Gliscor|39/100 tox|[from] Stealth Rock
|move|p2a: Zapdos|Hurricane|p1a: Gliscor
|-damage|p1a: Gliscor|0 fnt
|faint|p1a: Gliscor
|
|upkeep
|
|t:|1760794959
|switch|p1a: Iron Moth|Iron Moth|100/100
|turn|21
|
|t:|1760794986
|switch|p2a: Pelipper|Pelipper, F|100/100 tox
|-damage|p2a: Pelipper|76/100 tox|[from] Stealth Rock
|-weather|RainDance|[from] ability: Drizzle|[of] p2a: Pelipper
|move|p1a: Iron Moth|Sludge Wave|p2a: Pelipper
|-damage|p2a: Pelipper|2/100 tox
|
|-weather|RainDance|[upkeep]
|-damage|p2a: Pelipper|0 fnt|[from] psn
|faint|p2a: Pelipper
|upkeep
|
|t:|1760795003
|switch|p2a: Barraskewda|Barraskewda, M|100/100
|turn|22
|
|t:|1760795017
|-terastallize|p1a: Iron Moth|Grass
|move|p2a: Barraskewda|Liquidation|p1a: Iron Moth
|-resisted|p1a: Iron Moth
|-damage|p1a: Iron Moth|45/100
|move|p1a: Iron Moth|Energy Ball|p2a: Barraskewda
|-supereffective|p2a: Barraskewda
|-damage|p2a: Barraskewda|0 fnt
|faint|p2a: Barraskewda
|
|-weather|RainDance|[upkeep]
|upkeep
|
|t:|1760795029
|switch|p2a: Zapdos|Zapdos|100/100
|turn|23
|
|t:|1760795036
|-end|p1a: Iron Moth|Quark Drive|[silent]
|switch|p1a: Dondozo|Dondozo, M|37/100
|-damage|p1a: Dondozo|25/100|[from] Stealth Rock
|move|p2a: Zapdos|Hurricane|p1a: Dondozo
|-damage|p1a: Dondozo|0 fnt
|faint|p1a: Dondozo
|
|-weather|RainDance|[upkeep]
|upkeep
|
|t:|1760795056
|switch|p1a: Dragonite|Dragonite, M, shiny|100/100
|turn|24
|
|t:|1760795061
|move|p2a: Zapdos|Thunder|p1a: Dragonite
|-damage|p1a: Dragonite|70/100
|-status|p1a: Dragonite|par
|move|p1a: Dragonite|Dragon Dance|p1a: Dragonite
|-boost|p1a: Dragonite|atk|1
|-boost|p1a: Dragonite|spe|1
|
|-weather|RainDance|[upkeep]
|upkeep
|turn|25
|
|t:|1760795069
|move|p2a: Zapdos|Hurricane|p1a: Dragonite
|-damage|p1a: Dragonite|14/100 par
|cant|p1a: Dragonite|par
|
|-weather|RainDance|[upkeep]
|upkeep
|turn|26
|
|t:|1760795076
|move|p2a: Zapdos|Hurricane|p1a: Dragonite
|-damage|p1a: Dragonite|0 fnt
|faint|p1a: Dragonite
|
|-weather|RainDance|[upkeep]
|upkeep
|-message|mankindes forfeited.
|
|win|Lotadfan22
|raw|mankindes's rating: 1223 &rarr; <strong>1195</strong><br />(-28 for losing)
|raw|Lotadfan22's rating: 1188 &rarr; <strong>1216</strong><br />(+28 for winning)
|l|☆mankindes
|player|p1|
