|j|☆The Emster
|j|☆lafrappedu13
|t:|1760722364
|gametype|singles
|player|p1|The Emster|roxie|1259
|player|p2|lafrappedu13|2|1338
|gen|9
|tier|[Gen 9] OU
|rated|
|rule|HP Percentage Mod: HP is shown in percentages
|rule|Endless Battle Clause: Forcing endless battles is banned
|rule|Species Clause: Limit one of each Pokémon
|rule|OHKO Clause: OHKO moves are banned
|rule|Evasion Items Clause: Evasion items are banned
|rule|Evasion Moves Clause: Evasion moves are banned
|rule|Evasion Abilities Clause: Evasion abilities are banned
|rule|Sleep Moves Clause: Sleep-inducing moves are banned
|clearpoke
|poke|p1|Araquanid, M|
|poke|p1|Excadrill, M|
|poke|p1|Thundurus-Therian, M|
|poke|p1|Rampardos, M|
|poke|p1|Chandelure, F|
|poke|p1|Alomomola, M|
|poke|p2|Torkoal, M|
|poke|p2|Walking Wake|
|poke|p2|Hatterene, F|
|poke|p2|Great Tusk|
|poke|p2|Venusaur, F|
|poke|p2|Kingambit, F|
|teampreview
|inactive|Battle timer is ON: inactive players will automatically lose when time's up. (requested by The Emster)
|
|t:|1760722375
|teamsize|p1|6
|teamsize|p2|6
|start
|switch|p1a: Araquanid|Araquanid, M|100/100
|switch|p2a: Torkoal|Torkoal, M|100/100
|-weather|SunnyDay|[from] ability: Drought|[of] p2a: Torkoal
|turn|1
|
|t:|1760722382
|move|p1a: Araquanid|Liquidation|p2a: Torkoal
|-supereffective|p2a: Torkoal
|-crit|p2a: Torkoal
|-damage|p2a: Torkoal|45/100
|move|p2a: Torkoal|Stealth Rock|p1a: Araquanid
|-sidestart|p1: The Emster|move: Stealth Rock
|
|-weather|SunnyDay|[upkeep]
|upkeep
|turn|2
|
|t:|1760722400
|switch|p2a: Venusaur|Venusaur, F|100/100
|move|p1a: Araquanid|Sticky Web|p2a: Venusaur
|-sidestart|p2: lafrappedu13|move: Sticky Web
|
|-weather|SunnyDay|[upkeep]
|upkeep
|turn|3
|
|t:|1760722405
|move|p2a: Venusaur|Growth|p2a: Venusaur
|-boost|p2a: Venusaur|atk|2
|-boost|p2a: Venusaur|spa|2
|move|p1a: Araquanid|Scary Face|p2a: Venusaur
|-unboost|p2a: Venusaur|spe|2
|
|-weather|SunnyDay|[upkeep]
|upkeep
|turn|4
|
|t:|1760722414
|move|p2a: Venusaur|Giga Drain|p1a: Araquanid
|-damage|p1a: Araquanid|35/100
|-damage|p2a: Venusaur|91/100|[from] item: Life Orb
|move|p1a: Araquanid|Scary Face|p2a: Venusaur
|-unboost|p2a: Venusaur|spe|2
|
|-weather|SunnyDay|[upkeep]
|upkeep
|turn|5
|
|t:|1760722422
|switch|p1a: Thundurus|Thundurus-Therian, M|100/100
|move|p2a: Venusaur|Giga Drain|p1a: Thundurus
|-resisted|p1a: Thundurus
|-damage|p1a: Thundurus|38/100
|-heal|p2a: Venusaur|100/100|[from] drain|[of] p1a: Thundurus
|-damage|p2a: Venusaur|91/100|[from] item: Life Orb
|
|-weather|SunnyDay|[upkeep]
|upkeep
|turn|6
|inactive|The Emster has 120 seconds left.
|
|t:|1760722453
|move|p1a: Thundurus|Sludge Bomb|p2a: Venusaur
|-damage|p2a: Venusaur|52/100
|move|p2a: Venusaur|Giga Drain|p1a: Thundurus
|-resisted|p1a: Thundurus
|-damage|p1a: Thundurus|0 fnt
|-heal|p2a: Venusaur|70/100|[from] drain|[of] p1a: Thundurus
|faint|p1a: Thundurus
|-damage|p2a: Venusaur|60/100|[from] item: Life Orb
|
|-weather|SunnyDay|[upkeep]
|upkeep
|inactive|The Emster has 120 seconds left.
|
|t:|1760722459
|switch|p1a: Chandelure|Chandelure, F|100/100
|-damage|p1a: Chandelure|76/100|[from] Stealth Rock
|turn|7
|
|t:|1760722468
|move|p1a: Chandelure|Flamethrower|p2a: Venusaur
|-supereffective|p2a: Venusaur
|-crit|p2a: Venusaur
|-damage|p2a: Venusaur|0 fnt
|faint|p2a: Venusaur
|-damage|p1a: Chandelure|66/100|[from] item: Life Orb
|
|-weather|SunnyDay|[upkeep]
|upkeep
|
|t:|1760722475
|switch|p2a: Great Tusk|Great Tusk|100/100
|-activate|p2a: Great Tusk|move: Sticky Web
|-unboost|p2a: Great Tusk|spe|1
|-activate|p2a: Great Tusk|ability: Protosynthesis
|-start|p2a: Great Tusk|protosynthesisatk
|turn|8
|
|t:|1760722482
|move|p1a: Chandelure|Psychic|p2a: Great Tusk
|-supereffective|p2a: Great Tusk
|-damage|p2a: Great Tusk|0 fnt
|faint|p2a: Great Tusk
|-end|p2a: Great Tusk|Protosynthesis|[silent]
|-damage|p1a: Chandelure|56/100|[from] item: Life Orb
|
|-weather|none
|upkeep
|
|t:|1760722491
|switch|p2a: Hatterene|Hatterene, F|100/100
|-activate|p2a: Hatterene|move: Sticky Web
|-unboost|p2a: Hatterene|spe|1
|turn|9
|
|t:|1760722497
|move|p1a: Chandelure|Shadow Ball|p2a: Hatterene
|-supereffective|p2a: Hatterene
|-damage|p2a: Hatterene|0 fnt
|faint|p2a: Hatterene
|-damage|p1a: Chandelure|46/100|[from] item: Life Orb
|
|upkeep
|
|t:|1760722502
|switch|p2a: Kingambit|Kingambit, F, shiny|100/100
|-activate|p2a: Kingambit|move: Sticky Web
|-unboost|p2a: Kingambit|spe|1
|-activate|p2a: Kingambit|ability: Supreme Overlord
|-start|p2a: Kingambit|fallen3|[silent]
|turn|10
|
|t:|1760722508
|move|p2a: Kingambit|Sucker Punch|p1a: Chandelure
|-supereffective|p1a: Chandelure
|-damage|p1a: Chandelure|0 fnt
|faint|p1a: Chandelure
|
|upkeep
|
|t:|1760722516
|switch|p1a: Excadrill|Excadrill, M|100/100
|-damage|p1a: Excadrill|97/100|[from] Stealth Rock
|-ability|p1a: Excadrill|Mold Breaker
|-item|p1a: Excadrill|Air Balloon
|turn|11
|
|t:|1760722526
|-end|p2a: Kingambit|fallen3|[silent]
|switch|p2a: Torkoal|Torkoal, M|45/100
|-activate|p2a: Torkoal|move: Sticky Web
|-unboost|p2a: Torkoal|spe|1
|-weather|SunnyDay|[from] ability: Drought|[of] p2a: Torkoal
|move|p1a: Excadrill|Earthquake|p2a: Torkoal
|-supereffective|p2a: Torkoal
|-damage|p2a: Torkoal|0 fnt
|faint|p2a: Torkoal
|
|-weather|SunnyDay|[upkeep]
|upkeep
|
|t:|1760722552
|switch|p2a: Walking Wake|Walking Wake|100/100
|-activate|p2a: Walking Wake|move: Sticky Web
|-unboost|p2a: Walking Wake|spe|1
|-activate|p2a: Walking Wake|ability: Protosynthesis
|-start|p2a: Walking Wake|protosynthesisspa
|turn|12
|
|t:|1760722563
|move|p1a: Excadrill|Rapid Spin|p2a: Walking Wake
|-damage|p2a: Walking Wake|80/100
|-boost|p1a: Excadrill|spe|1
|-sideend|p1: The Emster|Stealth Rock|[from] move: Rapid Spin|[of] p1a: Excadrill
|move|p2a: Walking Wake|Hydro Steam|p1a: Excadrill
|-supereffective|p1a: Excadrill
|-damage|p1a: Excadrill|0 fnt
|-enditem|p1a: Excadrill|Air Balloon
|faint|p1a: Excadrill
|
|-weather|SunnyDay|[upkeep]
|upkeep
|
|t:|1760722573
|switch|p1a: Alomomola|Alomomola, M|100/100
|turn|13
|
|t:|1760722576
|move|p2a: Walking Wake|Hydro Steam|p1a: Alomomola
|-resisted|p1a: Alomomola
|-damage|p1a: Alomomola|27/100
|move|p1a: Alomomola|Wish|p1a: Alomomola
|
|-weather|SunnyDay|[upkeep]
|upkeep
|turn|14
|
|t:|1760722587
|-terastallize|p2a: Walking Wake|Water
|move|p1a: Alomomola|Protect|p1a: Alomomola
|-singleturn|p1a: Alomomola|Protect
|move|p2a: Walking Wake|Hydro Steam|p1a: Alomomola
|-activate|p1a: Alomomola|move: Protect
|
|-weather|SunnyDay|[upkeep]
|-heal|p1a: Alomomola|77/100|[from] move: Wish|[wisher] Alomomola
|upkeep
|turn|15
|
|t:|1760722602
|move|p2a: Walking Wake|Hydro Steam|p1a: Alomomola
|-resisted|p1a: Alomomola
|-damage|p1a: Alomomola|0 fnt
|faint|p1a: Alomomola
|
|-weather|SunnyDay|[upkeep]
|upkeep
|
|t:|1760722614
|switch|p1a: Rampardos|Rampardos, M|100/100
|turn|16
|
|t:|1760722622
|move|p1a: Rampardos|Head Smash|p2a: Walking Wake
|-damage|p2a: Walking Wake|0 fnt
|faint|p2a: Walking Wake
|-end|p2a: Walking Wake|Protosynthesis|[silent]
|-damage|p1a: Rampardos|60/100|[from] Recoil
|-damage|p1a: Rampardos|50/100|[from] item: Life Orb
|
|-weather|SunnyDay|[upkeep]
|upkeep
|
|t:|1760722629
|switch|p2a: Kingambit|Kingambit, F, shiny|100/100
|-activate|p2a: Kingambit|move: Sticky Web
|-unboost|p2a: Kingambit|spe|1
|-activate|p2a: Kingambit|ability: Supreme Overlord
|-start|p2a: Kingambit|fallen5|[silent]
|turn|17
|
|t:|1760722635
|move|p2a: Kingambit|Sucker Punch|p1a: Rampardos
|-damage|p1a: Rampardos|0 fnt
|faint|p1a: Rampardos
|
|-weather|SunnyDay|[upkeep]
|upkeep
|
|t:|1760722637
|switch|p1a: Araquanid|Araquanid, M|35/100
|turn|18
|
|t:|1760722642
|-terastallize|p1a: Araquanid|Water
|move|p2a: Kingambit|Sucker Punch|p1a: Araquanid
|-damage|p1a: Araquanid|0 fnt
|faint|p1a: Araquanid
|
|win|lafrappedu13
|raw|The Emster's rating: 1259 &rarr; <strong>1240</strong><br />(-19 for losing)
|raw|lafrappedu13's rating: 1338 &rarr; <strong>1354</strong><br />(+16 for winning)
|c|☆The Emster|gg
|c|☆lafrappedu13|gg
|l|☆The Emster
|player|p1|
|l|☆lafrappedu13
|player|p2|
