|j|☆capitolg
|j|☆Gjopoppoppppavaun
|t:|1760749494
|gametype|singles
|player|p1|capitolg|bellelba|1113
|player|p2|Gjopoppoppppavaun|pokemaniac|1134
|gen|9
|tier|[Gen 9] OU
|rated|
|rule|HP Percentage Mod: HP is shown in percentages
|rule|Endless Battle Clause: Forcing endless battles is banned
|rule|Species Clause: Limit one of each Pokémon
|rule|OHKO Clause: OHKO moves are banned
|rule|Evasion Items Clause: Evasion items are banned
|rule|Evasion Moves Clause: Evasion moves are banned
|rule|Evasion Abilities Clause: Evasion abilities are banned
|rule|Sleep Moves Clause: Sleep-inducing moves are banned
|clearpoke
|poke|p1|Vikavolt, F|
|poke|p1|Gothitelle, F|
|poke|p1|Smeargle, M|
|poke|p1|Empoleon, F|
|poke|p1|Passimian, F|
|poke|p1|Dusknoir, M|
|poke|p2|Pyroar, F|
|poke|p2|Slowbro, F|
|poke|p2|Garganacl, F|
|poke|p2|Kommo-o, M|
|poke|p2|Ninetales, M|
|poke|p2|Wo-Chien|
|teampreview
|inactive|Battle timer is ON: inactive players will automatically lose when time's up. (requested by Gjopoppoppppavaun)
|
|t:|1760749515
|teamsize|p1|6
|teamsize|p2|6
|start
|switch|p1a: Vikavolt|Vikavolt, F|100/100
|switch|p2a: Queen|Pyroar, F, shiny|100/100
|-ability|p2a: Queen|Unnerve
|turn|1
|
|t:|1760749528
|move|p2a: Queen|Flamethrower|p1a: Vikavolt
|-supereffective|p1a: Vikavolt
|-enditem|p1a: Vikavolt|Focus Sash
|-damage|p1a: Vikavolt|1/100
|-damage|p2a: Queen|91/100|[from] item: Life Orb
|move|p1a: Vikavolt|Sticky Web|p2a: Queen
|-sidestart|p2: Gjopoppoppppavaun|move: Sticky Web
|
|upkeep
|turn|2
|
|t:|1760749533
|move|p2a: Queen|Flamethrower|p1a: Vikavolt
|-supereffective|p1a: Vikavolt
|-damage|p1a: Vikavolt|0 fnt
|faint|p1a: Vikavolt
|-damage|p2a: Queen|81/100|[from] item: Life Orb
|
|upkeep
|
|t:|1760749546
|switch|p1a: Smeargle|Smeargle, M|100/100
|turn|3
|
|t:|1760749553
|move|p2a: Queen|Overheat|p1a: Smeargle
|-damage|p1a: Smeargle|8/100
|-unboost|p2a: Queen|spa|2
|-damage|p2a: Queen|71/100|[from] item: Life Orb
|move|p1a: Smeargle|Trick Room|p1a: Smeargle
|-fieldstart|move: Trick Room|[of] p1a: Smeargle
|
|upkeep
|turn|4
|
|t:|1760749571
|move|p1a: Smeargle|Court Change|p1a: Smeargle
|-swapsideconditions
|-activate|p1a: Smeargle|move: Court Change
|move|p2a: Queen|Flamethrower|p1a: Smeargle
|-damage|p1a: Smeargle|0 fnt
|faint|p1a: Smeargle
|-damage|p2a: Queen|61/100|[from] item: Life Orb
|
|upkeep
|
|t:|1760749581
|switch|p1a: Passimian|Passimian, F|100/100
|-activate|p1a: Passimian|move: Sticky Web
|-unboost|p1a: Passimian|spe|1
|-ability|p1a: Passimian|Defiant|boost
|-boost|p1a: Passimian|atk|2
|turn|5
|
|t:|1760749588
|switch|p2a: Fastgirl|Slowbro, F, shiny|100/100
|move|p1a: Passimian|Earthquake|p2a: Fastgirl
|-damage|p2a: Fastgirl|60/100
|
|-heal|p2a: Fastgirl|66/100|[from] item: Leftovers
|upkeep
|turn|6
|
|t:|1760749598
|switch|p1a: Dusknoir|Dusknoir, M|100/100
|-activate|p1a: Dusknoir|move: Sticky Web
|-unboost|p1a: Dusknoir|spe|1
|-ability|p1a: Dusknoir|Pressure
|move|p2a: Fastgirl|Future Sight|p1a: Dusknoir
|-start|p2a: Fastgirl|move: Future Sight
|
|-heal|p2a: Fastgirl|72/100|[from] item: Leftovers
|upkeep
|turn|7
|
|t:|1760749606
|switch|p2a: Queen|Pyroar, F, shiny|61/100
|-ability|p2a: Queen|Unnerve
|move|p1a: Dusknoir|Poltergeist|p2a: Queen
|-immune|p2a: Queen
|
|-fieldend|move: Trick Room
|upkeep
|turn|8
|
|t:|1760749613
|move|p2a: Queen|Overheat|p1a: Dusknoir
|-damage|p1a: Dusknoir|25/100
|-unboost|p2a: Queen|spa|2
|-damage|p2a: Queen|51/100|[from] item: Life Orb
|move|p1a: Dusknoir|Trick Room|p1a: Dusknoir
|-fieldstart|move: Trick Room|[of] p1a: Dusknoir
|
|-end|p1a: Dusknoir|move: Future Sight
|-damage|p1a: Dusknoir|0 fnt
|faint|p1a: Dusknoir
|upkeep
|
|t:|1760749618
|switch|p1a: Passimian|Passimian, F|100/100
|-activate|p1a: Passimian|move: Sticky Web
|-unboost|p1a: Passimian|spe|1
|-ability|p1a: Passimian|Defiant|boost
|-boost|p1a: Passimian|atk|2
|turn|9
|
|t:|1760749635
|switch|p2a: Fastgirl|Slowbro, F, shiny|100/100
|move|p1a: Passimian|Earthquake|p2a: Fastgirl
|-damage|p2a: Fastgirl|60/100
|
|-heal|p2a: Fastgirl|66/100|[from] item: Leftovers
|upkeep
|turn|10
|
|t:|1760749643
|switch|p1a: Gothitelle|Gothitelle, F|100/100
|-activate|p1a: Gothitelle|move: Sticky Web
|-unboost|p1a: Gothitelle|spe|1
|-ability|p1a: Gothitelle|Competitive|boost
|-boost|p1a: Gothitelle|spa|2
|move|p2a: Fastgirl|Future Sight|p1a: Gothitelle
|-start|p2a: Fastgirl|move: Future Sight
|
|-heal|p2a: Fastgirl|72/100|[from] item: Leftovers
|upkeep
|turn|11
|
|t:|1760749653
|move|p2a: Fastgirl|Scald|p1a: Gothitelle
|-damage|p1a: Gothitelle|77/100
|move|p1a: Gothitelle|Shadow Ball|p2a: Fastgirl
|-supereffective|p2a: Fastgirl
|-damage|p2a: Fastgirl|0 fnt
|faint|p2a: Fastgirl
|
|-heal|p1a: Gothitelle|83/100|[from] item: Leftovers
|upkeep
|
|t:|1760749666
|switch|p2a: Kurama|Ninetales, M|100/100
|-weather|SunnyDay|[from] ability: Drought|[of] p2a: Kurama
|turn|12
|
|t:|1760749672
|move|p1a: Gothitelle|Psychic Noise|p2a: Kurama
|-damage|p2a: Kurama|18/100
|-start|p2a: Kurama|move: Heal Block
|move|p2a: Kurama|Will-O-Wisp|p1a: Gothitelle|[miss]
|-miss|p2a: Kurama|p1a: Gothitelle
|
|-weather|SunnyDay|[upkeep]
|-end|p1a: Gothitelle|move: Future Sight
|-resisted|p1a: Gothitelle
|-damage|p1a: Gothitelle|64/100
|-heal|p1a: Gothitelle|71/100|[from] item: Leftovers
|-fieldend|move: Trick Room
|upkeep
|turn|13
|
|t:|1760749684
|move|p2a: Kurama|Protect|p2a: Kurama
|-singleturn|p2a: Kurama|Protect
|move|p1a: Gothitelle|Trick Room|p1a: Gothitelle
|-fieldstart|move: Trick Room|[of] p1a: Gothitelle
|
|-weather|SunnyDay|[upkeep]
|-heal|p1a: Gothitelle|77/100|[from] item: Leftovers
|-end|p2a: Kurama|move: Heal Block
|upkeep
|turn|14
|
|t:|1760749704
|move|p1a: Gothitelle|Psychic Noise|p2a: Kurama
|-damage|p2a: Kurama|0 fnt
|faint|p2a: Kurama
|
|-weather|SunnyDay|[upkeep]
|-heal|p1a: Gothitelle|83/100|[from] item: Leftovers
|upkeep
|
|t:|1760749709
|switch|p2a: Slug|Wo-Chien|100/100
|-ability|p2a: Slug|Tablets of Ruin
|turn|15
|inactive|capitolg has 120 seconds left.
|
|t:|1760749747
|switch|p1a: Passimian|Passimian, F|100/100
|-activate|p1a: Passimian|move: Sticky Web
|-unboost|p1a: Passimian|spe|1
|-ability|p1a: Passimian|Defiant|boost
|-boost|p1a: Passimian|atk|2
|move|p2a: Slug|Knock Off|p1a: Passimian
|-resisted|p1a: Passimian
|-damage|p1a: Passimian|89/100
|-enditem|p1a: Passimian|Assault Vest|[from] move: Knock Off|[of] p2a: Slug
|
|-weather|SunnyDay|[upkeep]
|upkeep
|turn|16
|
|t:|1760749767
|move|p1a: Passimian|Drain Punch|p2a: Slug
|-supereffective|p2a: Slug
|-damage|p2a: Slug|3/100
|-heal|p1a: Passimian|100/100|[from] drain|[of] p2a: Slug
|move|p2a: Slug|Zen Headbutt|p1a: Passimian
|-supereffective|p1a: Passimian
|-damage|p1a: Passimian|69/100
|
|-weather|SunnyDay|[upkeep]
|upkeep
|turn|17
|
|t:|1760749781
|switch|p2a: TonTon|Kommo-o, M|100/100
|move|p1a: Passimian|Drain Punch|p2a: TonTon
|-damage|p2a: TonTon|18/100
|-heal|p1a: Passimian|100/100|[from] drain|[of] p2a: TonTon
|
|-weather|SunnyDay|[upkeep]
|-fieldend|move: Trick Room
|upkeep
|turn|18
|
|t:|1760749788
|move|p2a: TonTon|Clangorous Soul||[still]
|-fail|p2a: TonTon
|move|p1a: Passimian|Drain Punch|p2a: TonTon
|-damage|p2a: TonTon|0 fnt
|faint|p2a: TonTon
|
|-weather|SunnyDay|[upkeep]
|upkeep
|
|t:|1760749799
|switch|p2a: Queen|Pyroar, F, shiny|51/100
|-ability|p2a: Queen|Unnerve
|turn|19
|
|t:|1760749806
|move|p2a: Queen|Overheat|p1a: Passimian
|-damage|p1a: Passimian|0 fnt
|-unboost|p2a: Queen|spa|2
|faint|p1a: Passimian
|-damage|p2a: Queen|41/100|[from] item: Life Orb
|
|-weather|none
|upkeep
|
|t:|1760749810
|switch|p1a: Gothitelle|Gothitelle, F|83/100
|-activate|p1a: Gothitelle|move: Sticky Web
|-unboost|p1a: Gothitelle|spe|1
|-ability|p1a: Gothitelle|Competitive|boost
|-boost|p1a: Gothitelle|spa|2
|turn|20
|
|t:|1760749820
|switch|p2a: Saalt|Garganacl, F, shiny|100/100
|-item|p2a: Saalt|Air Balloon
|move|p1a: Gothitelle|Trick Room|p1a: Gothitelle
|-fieldstart|move: Trick Room|[of] p1a: Gothitelle
|
|-heal|p1a: Gothitelle|89/100|[from] item: Leftovers
|upkeep
|turn|21
|
|t:|1760749831
|-terastallize|p1a: Gothitelle|Fighting
|move|p1a: Gothitelle|Tera Blast|p2a: Saalt|[anim] Tera Blast Fighting
|-supereffective|p2a: Saalt
|-damage|p2a: Saalt|0 fnt
|-enditem|p2a: Saalt|Air Balloon
|faint|p2a: Saalt
|
|-heal|p1a: Gothitelle|95/100|[from] item: Leftovers
|upkeep
|
|t:|1760749836
|switch|p2a: Slug|Wo-Chien|3/100
|-ability|p2a: Slug|Tablets of Ruin
|turn|22
|
|t:|1760749847
|move|p1a: Gothitelle|Tera Blast|p2a: Slug|[anim] Tera Blast Fighting
|-supereffective|p2a: Slug
|-damage|p2a: Slug|0 fnt
|faint|p2a: Slug
|
|-heal|p1a: Gothitelle|100/100|[from] item: Leftovers
|upkeep
|
|t:|1760749849
|switch|p2a: Queen|Pyroar, F, shiny|41/100
|-ability|p2a: Queen|Unnerve
|turn|23
|
|t:|1760749852
|-terastallize|p2a: Queen|Water
|move|p1a: Gothitelle|Tera Blast|p2a: Queen|[anim] Tera Blast Fighting
|-damage|p2a: Queen|0 fnt
|faint|p2a: Queen
|
|win|capitolg
|raw|capitolg's rating: 1113 &rarr; <strong>1140</strong><br />(+27 for winning)
|raw|Gjopoppoppppavaun's rating: 1134 &rarr; <strong>1107</strong><br />(-27 for losing)
|l|☆Gjopoppoppppavaun
|player|p2|
|l|☆capitolg
|player|p1|
