|j|☆MrLegilimens
|j|☆Veridis Quo Zurau
|t:|1760833426
|gametype|singles
|player|p1|MrLegilimens|2|1327
|player|p2|Veridis Quo Zurau|ingo|1320
|gen|9
|tier|[Gen 9] OU
|rated|
|rule|HP Percentage Mod: HP is shown in percentages
|rule|Endless Battle Clause: Forcing endless battles is banned
|rule|Species Clause: Limit one of each Pokémon
|rule|OHKO Clause: OHKO moves are banned
|rule|Evasion Items Clause: Evasion items are banned
|rule|Evasion Moves Clause: Evasion moves are banned
|rule|Evasion Abilities Clause: Evasion abilities are banned
|rule|Sleep Moves Clause: Sleep-inducing moves are banned
|clearpoke
|poke|p1|Hoopa-Unbound|
|poke|p1|Hydrapple, F|
|poke|p1|Gliscor, M|
|poke|p1|Cinderace, M|
|poke|p1|Alomomola, F|
|poke|p1|Gholdengo|
|poke|p2|Toxapex, F|
|poke|p2|Gliscor, F|
|poke|p2|Salazzle, F|
|poke|p2|Slowking-Galar, M|
|poke|p2|Ting-Lu|
|poke|p2|Corviknight, M|
|teampreview
|inactive|Battle timer is ON: inactive players will automatically lose when time's up. (requested by Veridis Quo Zurau)
|inactive|MrLegilimens also wants the timer to be on.
|
|t:|1760833451
|teamsize|p1|6
|teamsize|p2|6
|start
|switch|p1a: Hoopa|Hoopa-Unbound|100/100
|switch|p2a: Salazzle|Salazzle, F|100/100
|turn|1
|
|t:|1760833461
|move|p1a: Hoopa|Knock Off|p2a: Salazzle
|-damage|p2a: Salazzle|9/100
|-enditem|p2a: Salazzle|Leftovers|[from] move: Knock Off|[of] p1a: Hoopa
|move|p2a: Salazzle|Toxic|p1a: Hoopa
|-status|p1a: Hoopa|tox
|
|-damage|p1a: Hoopa|95/100 tox|[from] psn
|upkeep
|turn|2
|
|t:|1760833476
|move|p2a: Salazzle|Protect|p2a: Salazzle
|-singleturn|p2a: Salazzle|Protect
|move|p1a: Hoopa|Knock Off|p2a: Salazzle
|-activate|p2a: Salazzle|move: Protect
|
|-damage|p1a: Hoopa|83/100 tox|[from] psn
|upkeep
|turn|3
|
|t:|1760833484
|move|p1a: Hoopa|Knock Off|p2a: Salazzle
|-damage|p2a: Salazzle|0 fnt
|faint|p2a: Salazzle
|
|-damage|p1a: Hoopa|65/100 tox|[from] psn
|upkeep
|
|t:|1760833488
|switch|p2a: Gliscor|Gliscor, F|100/100
|turn|4
|
|t:|1760833494
|switch|p1a: Gliscor|Gliscor, M|100/100
|move|p2a: Gliscor|Protect||[still]
|-fail|p2a: Gliscor
|
|-status|p1a: Gliscor|tox|[from] item: Toxic Orb
|-status|p2a: Gliscor|tox|[from] item: Toxic Orb
|upkeep
|turn|5
|
|t:|1760833511
|switch|p1a: Hydrapple|Hydrapple, F, shiny|100/100
|move|p2a: Gliscor|Substitute|p2a: Gliscor
|-start|p2a: Gliscor|Substitute
|-damage|p2a: Gliscor|76/100 tox
|
|-heal|p2a: Gliscor|88/100 tox|[from] ability: Poison Heal
|upkeep
|turn|6
|
|t:|1760833524
|move|p2a: Gliscor|Toxic|p1a: Hydrapple
|-status|p1a: Hydrapple|tox
|move|p1a: Hydrapple|Giga Drain|p2a: Gliscor
|-end|p2a: Gliscor|Substitute
|
|-heal|p2a: Gliscor|100/100 tox|[from] ability: Poison Heal
|-damage|p1a: Hydrapple|94/100 tox|[from] psn
|upkeep
|turn|7
|
|t:|1760833530
|move|p2a: Gliscor|Protect|p2a: Gliscor
|-singleturn|p2a: Gliscor|Protect
|move|p1a: Hydrapple|Giga Drain|p2a: Gliscor
|-activate|p2a: Gliscor|move: Protect
|
|-damage|p1a: Hydrapple|82/100 tox|[from] psn
|upkeep
|turn|8
|
|t:|1760833534
|move|p2a: Gliscor|Substitute|p2a: Gliscor
|-start|p2a: Gliscor|Substitute
|-damage|p2a: Gliscor|76/100 tox
|move|p1a: Hydrapple|Giga Drain|p2a: Gliscor
|-crit|p2a: Gliscor
|-end|p2a: Gliscor|Substitute
|-heal|p1a: Hydrapple|93/100 tox|[from] drain|[of] p2a: Gliscor
|
|-heal|p2a: Gliscor|88/100 tox|[from] ability: Poison Heal
|-damage|p1a: Hydrapple|75/100 tox|[from] psn
|upkeep
|turn|9
|
|t:|1760833554
|switch|p1a: Alomomola|Alomomola, F|100/100
|move|p2a: Gliscor|Substitute|p2a: Gliscor
|-start|p2a: Gliscor|Substitute
|-damage|p2a: Gliscor|63/100 tox
|
|-heal|p2a: Gliscor|76/100 tox|[from] ability: Poison Heal
|upkeep
|turn|10
|
|t:|1760833560
|move|p2a: Gliscor|Toxic|p1a: Alomomola
|-status|p1a: Alomomola|tox
|move|p1a: Alomomola|Scald|p2a: Gliscor
|-supereffective|p2a: Gliscor
|-end|p2a: Gliscor|Substitute
|
|-heal|p2a: Gliscor|88/100 tox|[from] ability: Poison Heal
|-damage|p1a: Alomomola|94/100 tox|[from] psn
|upkeep
|turn|11
|
|t:|1760833567
|move|p2a: Gliscor|Protect|p2a: Gliscor
|-singleturn|p2a: Gliscor|Protect
|move|p1a: Alomomola|Flip Turn|p2a: Gliscor
|-activate|p2a: Gliscor|move: Protect
|
|-heal|p2a: Gliscor|100/100 tox|[from] ability: Poison Heal
|-damage|p1a: Alomomola|82/100 tox|[from] psn
|upkeep
|turn|12
|
|t:|1760833575
|switch|p2a: Toxapex|Toxapex, F|100/100
|move|p1a: Alomomola|Flip Turn|p2a: Toxapex
|-resisted|p2a: Toxapex
|-damage|p2a: Toxapex|95/100
|
|t:|1760833587
|switch|p1a: Gliscor|Gliscor, M|100/100 tox|[from] Flip Turn
|
|-heal|p2a: Toxapex|100/100|[from] item: Black Sludge
|upkeep
|turn|13
|
|t:|1760833592
|switch|p2a: Corviknight|Corviknight, M|100/100
|-ability|p2a: Corviknight|Pressure
|move|p1a: Gliscor|Earthquake|p2a: Corviknight
|-immune|p2a: Corviknight
|
|upkeep
|turn|14
|
|t:|1760833599
|switch|p1a: Hydrapple|Hydrapple, F, shiny|100/100 tox
|move|p2a: Corviknight|Nasty Plot|p2a: Corviknight
|-boost|p2a: Corviknight|spa|2
|
|-damage|p1a: Hydrapple|94/100 tox|[from] psn
|upkeep
|turn|15
|
|t:|1760833607
|move|p2a: Corviknight|Flash Cannon|p1a: Hydrapple
|-damage|p1a: Hydrapple|63/100 tox
|move|p1a: Hydrapple|Fickle Beam|p2a: Corviknight
|-resisted|p2a: Corviknight
|-damage|p2a: Corviknight|86/100
|
|-damage|p1a: Hydrapple|51/100 tox|[from] psn
|upkeep
|turn|16
|
|t:|1760833613
|switch|p1a: Alomomola|Alomomola, F|100/100 tox
|move|p2a: Corviknight|Flash Cannon|p1a: Alomomola
|-resisted|p1a: Alomomola
|-damage|p1a: Alomomola|92/100 tox
|
|-damage|p1a: Alomomola|86/100 tox|[from] psn
|upkeep
|turn|17
|
|t:|1760833617
|move|p2a: Corviknight|Nasty Plot|p2a: Corviknight
|-boost|p2a: Corviknight|spa|2
|move|p1a: Alomomola|Mirror Coat||[still]
|-fail|p1a: Alomomola
|
|-damage|p1a: Alomomola|74/100 tox|[from] psn
|upkeep
|turn|18
|
|t:|1760833623
|move|p2a: Corviknight|Nasty Plot|p2a: Corviknight
|-boost|p2a: Corviknight|spa|2
|move|p1a: Alomomola|Scald|p2a: Corviknight
|-damage|p2a: Corviknight|77/100
|
|-damage|p1a: Alomomola|55/100 tox|[from] psn
|upkeep
|turn|19
|
|t:|1760833630
|move|p2a: Corviknight|Defog|p1a: Alomomola
|-unboost|p1a: Alomomola|evasion|1
|move|p1a: Alomomola|Mirror Coat||[still]
|-fail|p1a: Alomomola
|
|-damage|p1a: Alomomola|30/100 tox|[from] psn
|upkeep
|turn|20
|
|t:|1760833638
|switch|p1a: Hydrapple|Hydrapple, F, shiny|84/100 tox
|move|p2a: Corviknight|Flash Cannon|p1a: Hydrapple
|-crit|p1a: Hydrapple
|-damage|p1a: Hydrapple|0 fnt
|faint|p1a: Hydrapple
|
|upkeep
|-message|MrLegilimens forfeited.
|
|win|Veridis Quo Zurau
|raw|MrLegilimens's rating: 1327 &rarr; <strong>1307</strong><br />(-20 for losing)
|raw|Veridis Quo Zurau's rating: 1320 &rarr; <strong>1340</strong><br />(+20 for winning)
|l|☆MrLegilimens
|player|p1|
|l|☆Veridis Quo Zurau
|player|p2|
