|j|☆Weymint
|j|☆SR251
|t:|1760847538
|gametype|singles
|player|p1|Weymint|roxanne|1285
|player|p2|SR251|palmer|1242
|gen|9
|tier|[Gen 9] OU
|rated|
|rule|HP Percentage Mod: HP is shown in percentages
|rule|Endless Battle Clause: Forcing endless battles is banned
|rule|Species Clause: Limit one of each Pokémon
|rule|OHKO Clause: OHKO moves are banned
|rule|Evasion Items Clause: Evasion items are banned
|rule|Evasion Moves Clause: Evasion moves are banned
|rule|Evasion Abilities Clause: Evasion abilities are banned
|rule|Sleep Moves Clause: Sleep-inducing moves are banned
|clearpoke
|poke|p1|Muk-Alola, F|
|poke|p1|Volcanion|
|poke|p1|Clefable, F|
|poke|p1|Jirachi|
|poke|p1|Great Tusk|
|poke|p1|Thundurus-Therian, M|
|poke|p2|Great Tusk|
|poke|p2|Kingambit, M|
|poke|p2|Raging Bolt|
|poke|p2|Walking Wake|
|poke|p2|Ninetales, F|
|poke|p2|Ceruledge, F|
|teampreview
|inactive|Battle timer is ON: inactive players will automatically lose when time's up. (requested by SR251)
|
|t:|1760847546
|teamsize|p1|6
|teamsize|p2|6
|start
|switch|p1a: Muk|Muk-Alola, F, shiny|100/100
|switch|p2a: Walking Wake|Walking Wake|100/100
|turn|1
|
|t:|1760847550
|move|p2a: Walking Wake|Hydro Steam|p1a: Muk
|-damage|p1a: Muk|73/100
|move|p1a: Muk|Poison Fang|p2a: Walking Wake
|-damage|p2a: Walking Wake|73/100
|-status|p2a: Walking Wake|tox
|
|-damage|p2a: Walking Wake|67/100 tox|[from] psn
|upkeep
|turn|2
|
|t:|1760847556
|move|p2a: Walking Wake|Flip Turn|p1a: Muk
|-damage|p1a: Muk|59/100
|
|t:|1760847560
|-end|p2a: Walking Wake|Protosynthesis|[silent]
|switch|p2a: Kingambit|Kingambit, M|100/100|[from] Flip Turn
|-item|p2a: Kingambit|Air Balloon
|move|p1a: Muk|Knock Off|p2a: Kingambit
|-resisted|p2a: Kingambit
|-damage|p2a: Kingambit|81/100
|-enditem|p2a: Kingambit|Air Balloon
|
|upkeep
|turn|3
|
|t:|1760847570
|move|p2a: Kingambit|Swords Dance|p2a: Kingambit
|-boost|p2a: Kingambit|atk|2
|move|p1a: Muk|Brick Break|p2a: Kingambit
|-supereffective|p2a: Kingambit
|-damage|p2a: Kingambit|7/100
|
|upkeep
|turn|4
|
|t:|1760847577
|switch|p1a: Great Tusk|Great Tusk|100/100
|move|p2a: Kingambit|Kowtow Cleave|p1a: Great Tusk
|-resisted|p1a: Great Tusk
|-damage|p1a: Great Tusk|73/100
|-damage|p2a: Kingambit|0 fnt|[from] item: Rocky Helmet|[of] p1a: Great Tusk
|faint|p2a: Kingambit
|-end|p2a: Kingambit|fallenundefined|[silent]
|
|upkeep
|
|t:|1760847580
|switch|p2a: Walking Wake|Walking Wake|67/100 tox
|turn|5
|
|t:|1760847584
|-end|p1a: Great Tusk|Protosynthesis|[silent]
|switch|p1a: Muk|Muk-Alola, F, shiny|59/100
|move|p2a: Walking Wake|Flip Turn|p1a: Muk
|-damage|p1a: Muk|44/100
|
|t:|1760847588
|-end|p2a: Walking Wake|Protosynthesis|[silent]
|switch|p2a: Ninetales|Ninetales, F|100/100|[from] Flip Turn
|-weather|SunnyDay|[from] ability: Drought|[of] p2a: Ninetales
|
|-weather|SunnyDay|[upkeep]
|upkeep
|turn|6
|
|t:|1760847603
|move|p2a: Ninetales|Scorching Sands|p1a: Muk
|-supereffective|p1a: Muk
|-damage|p1a: Muk|22/100
|move|p1a: Muk|Knock Off|p2a: Ninetales
|-damage|p2a: Ninetales|26/100
|-status|p2a: Ninetales|psn|[from] ability: Poison Touch|[of] p1a: Muk
|-enditem|p2a: Ninetales|Heat Rock|[from] move: Knock Off|[of] p1a: Muk
|
|-weather|SunnyDay|[upkeep]
|-damage|p2a: Ninetales|14/100 psn|[from] psn
|upkeep
|turn|7
|-message|SR251 forfeited.
|
|win|Weymint
|raw|Weymint's rating: 1285 &rarr; <strong>1307</strong><br />(+22 for winning)
|raw|SR251's rating: 1242 &rarr; <strong>1220</strong><br />(-22 for losing)
|l|☆SR251
|player|p2|
