|j|☆deep value
|j|☆vghhjg
|t:|1760816145
|gametype|singles
|player|p1|deep value|yellow|1596
|player|p2|vghhjg|1|1661
|gen|9
|tier|[Gen 9] OU
|rated|
|rule|HP Percentage Mod: HP is shown in percentages
|rule|Endless Battle Clause: Forcing endless battles is banned
|rule|Species Clause: Limit one of each Pokémon
|rule|OHKO Clause: OHKO moves are banned
|rule|Evasion Items Clause: Evasion items are banned
|rule|Evasion Moves Clause: Evasion moves are banned
|rule|Evasion Abilities Clause: Evasion abilities are banned
|rule|Sleep Moves Clause: Sleep-inducing moves are banned
|clearpoke
|poke|p1|Dragonite, F|
|poke|p1|Iron Crown|
|poke|p1|Iron Valiant|
|poke|p1|Samurott-Hisui, F|
|poke|p1|Ting-Lu|
|poke|p1|Pecharunt|
|poke|p2|Ribombee, M|
|poke|p2|Gholdengo|
|poke|p2|Dragonite, F|
|poke|p2|Kingambit, F|
|poke|p2|Latias, F|
|poke|p2|Gliscor, M|
|teampreview
|
|t:|1760816199
|teamsize|p1|6
|teamsize|p2|6
|start
|switch|p1a: Iron Crown|Iron Crown|100/100
|switch|p2a: Ribombee|Ribombee, M|100/100
|turn|1
|
|t:|1760816203
|move|p2a: Ribombee|Sticky Web|p1a: Iron Crown
|-sidestart|p1: deep value|move: Sticky Web
|move|p1a: Iron Crown|Tachyon Cutter|p2a: Ribombee
|-supereffective|p2a: Ribombee
|-enditem|p2a: Ribombee|Focus Sash
|-damage|p2a: Ribombee|1/100
|-supereffective|p2a: Ribombee
|-damage|p2a: Ribombee|0 fnt
|faint|p2a: Ribombee
|-hitcount|p2: Ribombee|2
|
|upkeep
|
|t:|1760816213
|switch|p2a: Gliscor|Gliscor, M|100/100
|turn|2
|
|t:|1760816217
|move|p1a: Iron Crown|Tachyon Cutter|p2a: Gliscor
|-damage|p2a: Gliscor|70/100
|-damage|p2a: Gliscor|37/100
|-hitcount|p2a: Gliscor|2
|move|p2a: Gliscor|Knock Off|p1a: Iron Crown
|-supereffective|p1a: Iron Crown
|-damage|p1a: Iron Crown|56/100
|-enditem|p1a: Iron Crown|Choice Specs|[from] move: Knock Off|[of] p2a: Gliscor
|
|-status|p2a: Gliscor|tox|[from] item: Toxic Orb
|upkeep
|turn|3
|
|t:|1760816231
|switch|p2a: Latias|Latias, F|100/100
|move|p1a: Iron Crown|Tachyon Cutter|p2a: Latias
|-damage|p2a: Latias|83/100
|-damage|p2a: Latias|62/100
|-hitcount|p2a: Latias|2
|
|upkeep
|turn|4
|
|t:|1760816248
|move|p1a: Iron Crown|Volt Switch|p2a: Latias
|-resisted|p2a: Latias
|-damage|p2a: Latias|53/100
|
|t:|1760816250
|-end|p1a: Iron Crown|Quark Drive|[silent]
|switch|p1a: Ting-Lu|Ting-Lu|100/100|[from] Volt Switch
|-activate|p1a: Ting-Lu|move: Sticky Web
|-unboost|p1a: Ting-Lu|spe|1
|-ability|p1a: Ting-Lu|Vessel of Ruin
|move|p2a: Latias|Calm Mind|p2a: Latias
|-boost|p2a: Latias|spa|1
|-boost|p2a: Latias|spd|1
|
|upkeep
|turn|5
|
|t:|1760816255
|move|p2a: Latias|Aura Sphere|p1a: Ting-Lu
|-supereffective|p1a: Ting-Lu
|-damage|p1a: Ting-Lu|74/100
|move|p1a: Ting-Lu|Whirlwind|p2a: Latias
|drag|p2a: Kingambit|Kingambit, F|100/100
|-activate|p2a: Kingambit|ability: Supreme Overlord
|-start|p2a: Kingambit|fallen1|[silent]
|
|-heal|p1a: Ting-Lu|80/100|[from] item: Leftovers
|upkeep
|turn|6
|
|t:|1760816262
|-end|p2a: Kingambit|fallen1|[silent]
|switch|p2a: Gliscor|Gliscor, M|37/100 tox
|move|p1a: Ting-Lu|Stealth Rock|p2a: Gliscor
|-sidestart|p2: vghhjg|move: Stealth Rock
|
|-heal|p1a: Ting-Lu|86/100|[from] item: Leftovers
|-heal|p2a: Gliscor|50/100 tox|[from] ability: Poison Heal
|upkeep
|turn|7
|
|t:|1760816269
|move|p2a: Gliscor|Knock Off|p1a: Ting-Lu
|-resisted|p1a: Ting-Lu
|-damage|p1a: Ting-Lu|81/100
|-enditem|p1a: Ting-Lu|Leftovers|[from] move: Knock Off|[of] p2a: Gliscor
|move|p1a: Ting-Lu|Whirlwind|p2a: Gliscor
|drag|p2a: Latias|Latias, F|53/100
|-damage|p2a: Latias|41/100|[from] Stealth Rock
|
|upkeep
|turn|8
|
|t:|1760816275
|move|p2a: Latias|Aura Sphere|p1a: Ting-Lu
|-supereffective|p1a: Ting-Lu
|-damage|p1a: Ting-Lu|63/100
|move|p1a: Ting-Lu|Whirlwind|p2a: Latias
|drag|p2a: Dragonite|Dragonite, F|100/100
|
|upkeep
|turn|9
|inactive|Battle timer is ON: inactive players will automatically lose when time's up. (requested by deep value)
|
|t:|1760816282
|switch|p2a: Gliscor|Gliscor, M|50/100 tox
|-damage|p2a: Gliscor|37/100 tox|[from] Stealth Rock
|move|p1a: Ting-Lu|Ruination|p2a: Gliscor
|-damage|p2a: Gliscor|19/100 tox
|
|-heal|p2a: Gliscor|31/100 tox|[from] ability: Poison Heal
|upkeep
|turn|10
|
|t:|1760816287
|switch|p1a: Samurott|Samurott-Hisui, F|100/100
|move|p2a: Gliscor|Stealth Rock|p1a: Samurott
|-sidestart|p1: deep value|move: Stealth Rock
|
|-heal|p2a: Gliscor|44/100 tox|[from] ability: Poison Heal
|upkeep
|turn|11
|
|t:|1760816300
|switch|p2a: Latias|Latias, F|41/100
|-damage|p2a: Latias|29/100|[from] Stealth Rock
|move|p1a: Samurott|Razor Shell|p2a: Latias
|-resisted|p2a: Latias
|-damage|p2a: Latias|7/100
|
|upkeep
|turn|12
|
|t:|1760816309
|move|p1a: Samurott|Ceaseless Edge|p2a: Latias
|-supereffective|p2a: Latias
|-damage|p2a: Latias|0 fnt
|-sidestart|p2: vghhjg|Spikes
|faint|p2a: Latias
|
|upkeep
|
|t:|1760816313
|switch|p2a: Kingambit|Kingambit, F|100/100
|-activate|p2a: Kingambit|ability: Supreme Overlord
|-start|p2a: Kingambit|fallen2|[silent]
|turn|13
|
|t:|1760816320
|move|p1a: Samurott|Razor Shell|p2a: Kingambit
|-damage|p2a: Kingambit|54/100
|-unboost|p2a: Kingambit|def|1
|move|p2a: Kingambit|Low Kick|p1a: Samurott
|-supereffective|p1a: Samurott
|-damage|p1a: Samurott|8/100
|
|upkeep
|turn|14
|
|t:|1760816331
|move|p2a: Kingambit|Sucker Punch||[still]
|-fail|p2a: Kingambit
|move|p1a: Samurott|Encore|p2a: Kingambit
|-start|p2a: Kingambit|Encore
|
|upkeep
|turn|15
|
|t:|1760816336
|move|p2a: Kingambit|Sucker Punch||[still]
|-fail|p2a: Kingambit
|move|p1a: Samurott|Encore||[still]
|-fail|p1a: Samurott
|
|upkeep
|turn|16
|
|t:|1760816340
|move|p2a: Kingambit|Sucker Punch||[still]
|-fail|p2a: Kingambit
|move|p1a: Samurott|Encore||[still]
|-fail|p1a: Samurott
|
|upkeep
|turn|17
|
|t:|1760816346
|move|p2a: Kingambit|Sucker Punch||[still]
|-fail|p2a: Kingambit
|move|p1a: Samurott|Encore||[still]
|-fail|p1a: Samurott
|
|-end|p2a: Kingambit|Encore
|upkeep
|turn|18
|
|t:|1760816354
|move|p2a: Kingambit|Sucker Punch||[still]
|-fail|p2a: Kingambit
|move|p1a: Samurott|Encore|p2a: Kingambit
|-start|p2a: Kingambit|Encore
|
|upkeep
|turn|19
|
|t:|1760816358
|move|p2a: Kingambit|Sucker Punch||[still]
|-fail|p2a: Kingambit
|move|p1a: Samurott|Encore||[still]
|-fail|p1a: Samurott
|
|upkeep
|turn|20
|
|t:|1760816362
|move|p2a: Kingambit|Sucker Punch||[still]
|-fail|p2a: Kingambit
|move|p1a: Samurott|Encore||[still]
|-fail|p1a: Samurott
|
|upkeep
|turn|21
|c|☆vghhjg|that is hilarous
|
|t:|1760816369
|move|p2a: Kingambit|Sucker Punch||[still]
|-fail|p2a: Kingambit
|move|p1a: Samurott|Encore||[still]
|-fail|p1a: Samurott
|
|-end|p2a: Kingambit|Encore
|upkeep
|turn|22
|c|☆deep value|lol
|
|t:|1760816378
|move|p1a: Samurott|Razor Shell|p2a: Kingambit
|-damage|p2a: Kingambit|0 fnt
|faint|p2a: Kingambit
|-end|p2a: Kingambit|fallen2|[silent]
|
|upkeep
|
|t:|1760816382
|switch|p2a: Dragonite|Dragonite, F|100/100
|turn|23
|
|t:|1760816385
|move|p1a: Samurott|Ceaseless Edge|p2a: Dragonite
|-damage|p2a: Dragonite|78/100
|-sidestart|p2: vghhjg|Spikes
|move|p2a: Dragonite|Dragon Dance|p2a: Dragonite
|-boost|p2a: Dragonite|atk|1
|-boost|p2a: Dragonite|spe|1
|
|upkeep
|turn|24
|
|t:|1760816399
|move|p2a: Dragonite|Dragon Dance|p2a: Dragonite
|-boost|p2a: Dragonite|atk|1
|-boost|p2a: Dragonite|spe|1
|move|p1a: Samurott|Ceaseless Edge|p2a: Dragonite
|-damage|p2a: Dragonite|32/100
|-sidestart|p2: vghhjg|Spikes
|
|upkeep
|turn|25
|
|t:|1760816405
|move|p2a: Dragonite|Roost|p2a: Dragonite
|-heal|p2a: Dragonite|82/100
|-singleturn|p2a: Dragonite|move: Roost
|move|p1a: Samurott|Knock Off|p2a: Dragonite
|-damage|p2a: Dragonite|40/100
|-enditem|p2a: Dragonite|Heavy-Duty Boots|[from] move: Knock Off|[of] p1a: Samurott
|
|upkeep
|turn|26
|
|t:|1760816411
|move|p2a: Dragonite|Roost|p2a: Dragonite
|-heal|p2a: Dragonite|90/100
|-singleturn|p2a: Dragonite|move: Roost
|move|p1a: Samurott|Ceaseless Edge|p2a: Dragonite
|-damage|p2a: Dragonite|47/100
|
|upkeep
|turn|27
|
|t:|1760816416
|switch|p1a: Pecharunt|Pecharunt|100/100
|-damage|p1a: Pecharunt|88/100|[from] Stealth Rock
|-item|p1a: Pecharunt|Air Balloon
|move|p2a: Dragonite|Roost|p2a: Dragonite
|-heal|p2a: Dragonite|97/100
|-singleturn|p2a: Dragonite|move: Roost
|
|upkeep
|turn|28
|
|t:|1760816420
|-terastallize|p2a: Dragonite|Ghost
|move|p2a: Dragonite|Tera Blast|p1a: Pecharunt|[anim] Tera Blast Ghost
|-supereffective|p1a: Pecharunt
|-damage|p1a: Pecharunt|3/100
|-enditem|p1a: Pecharunt|Air Balloon
|move|p1a: Pecharunt|Malignant Chain|p2a: Dragonite
|-resisted|p2a: Dragonite
|-damage|p2a: Dragonite|83/100
|
|upkeep
|turn|29
|c|☆vghhjg|noooooooooooo
|
|t:|1760816430
|move|p2a: Dragonite|Tera Blast|p1a: Pecharunt|[anim] Tera Blast Ghost
|-supereffective|p1a: Pecharunt
|-damage|p1a: Pecharunt|0 fnt
|faint|p1a: Pecharunt
|
|upkeep
|c|☆deep value|i still lose
|
|t:|1760816438
|switch|p1a: Ting-Lu|Ting-Lu|63/100
|-activate|p1a: Ting-Lu|move: Sticky Web
|-unboost|p1a: Ting-Lu|spe|1
|-damage|p1a: Ting-Lu|57/100|[from] Stealth Rock
|-ability|p1a: Ting-Lu|Vessel of Ruin
|turn|30
|
|t:|1760816444
|-terastallize|p1a: Ting-Lu|Ghost
|move|p2a: Dragonite|Low Kick|p1a: Ting-Lu
|-immune|p1a: Ting-Lu
|move|p1a: Ting-Lu|Whirlwind|p2a: Dragonite
|drag|p2a: Gholdengo|Gholdengo|100/100
|-damage|p2a: Gholdengo|94/100|[from] Stealth Rock
|-item|p2a: Gholdengo|Air Balloon
|
|upkeep
|turn|31
|
|t:|1760816451
|move|p2a: Gholdengo|Shadow Ball|p1a: Ting-Lu
|-supereffective|p1a: Ting-Lu
|-damage|p1a: Ting-Lu|22/100
|move|p1a: Ting-Lu|Earthquake|p2a: Gholdengo
|-immune|p2a: Gholdengo
|
|upkeep
|turn|32
|
|t:|1760816459
|switch|p1a: Iron Crown|Iron Crown|56/100
|-activate|p1a: Iron Crown|move: Sticky Web
|-unboost|p1a: Iron Crown|spe|1
|-damage|p1a: Iron Crown|50/100|[from] Stealth Rock
|move|p2a: Gholdengo|Shadow Ball|p1a: Iron Crown
|-supereffective|p1a: Iron Crown
|-damage|p1a: Iron Crown|0 fnt
|faint|p1a: Iron Crown
|-end|p1a: Iron Crown|Quark Drive|[silent]
|
|upkeep
|
|t:|1760816461
|switch|p1a: Samurott|Samurott-Hisui, F|8/100
|turn|33
|
|t:|1760816472
|switch|p2a: Dragonite|Dragonite, F, tera:Ghost|83/100
|-damage|p2a: Dragonite|71/100|[from] Stealth Rock
|-damage|p2a: Dragonite|46/100|[from] Spikes
|move|p1a: Samurott|Ceaseless Edge|p2a: Dragonite
|-supereffective|p2a: Dragonite
|-damage|p2a: Dragonite|0 fnt
|faint|p2a: Dragonite
|
|upkeep
|
|t:|1760816474
|switch|p2a: Gliscor|Gliscor, M|44/100 tox
|-damage|p2a: Gliscor|31/100 tox|[from] Stealth Rock
|turn|34
|
|t:|1760816479
|move|p1a: Samurott|Razor Shell|p2a: Gliscor
|-supereffective|p2a: Gliscor
|-damage|p2a: Gliscor|0 fnt
|faint|p2a: Gliscor
|
|upkeep
|
|t:|1760816483
|switch|p2a: Gholdengo|Gholdengo|94/100
|-damage|p2a: Gholdengo|88/100|[from] Stealth Rock
|-item|p2a: Gholdengo|Air Balloon
|turn|35
|
|t:|1760816487
|move|p1a: Samurott|Knock Off|p2a: Gholdengo
|-supereffective|p2a: Gholdengo
|-damage|p2a: Gholdengo|0 fnt
|-enditem|p2a: Gholdengo|Air Balloon
|faint|p2a: Gholdengo
|
|win|deep value
|raw|deep value's rating: 1596 &rarr; <strong>1620</strong><br />(+24 for winning)
|raw|vghhjg's rating: 1661 &rarr; <strong>1637</strong><br />(-24 for losing)
