|j|☆MrSpeakerKnockers
|j|☆HZBKAI4
|t:|1760847915
|gametype|singles
|player|p1|MrSpeakerKnockers|266|1076
|player|p2|HZBKAI4|169|1075
|gen|9
|tier|[Gen 9] OU
|rated|
|rule|HP Percentage Mod: HP is shown in percentages
|rule|Endless Battle Clause: Forcing endless battles is banned
|rule|Species Clause: Limit one of each Pokémon
|rule|OHKO Clause: OHKO moves are banned
|rule|Evasion Items Clause: Evasion items are banned
|rule|Evasion Moves Clause: Evasion moves are banned
|rule|Evasion Abilities Clause: Evasion abilities are banned
|rule|Sleep Moves Clause: Sleep-inducing moves are banned
|clearpoke
|poke|p1|Snorlax, M|
|poke|p1|Serperior, F|
|poke|p1|Dragonite, M|
|poke|p1|Quagsire, M|
|poke|p1|Eelektross, M|
|poke|p1|Metagross|
|poke|p2|Ninetales, F|
|poke|p2|Raging Bolt|
|poke|p2|Hatterene, F|
|poke|p2|Walking Wake|
|poke|p2|Great Tusk|
|poke|p2|Scizor, F|
|teampreview
|
|t:|1760847923
|teamsize|p1|6
|teamsize|p2|6
|start
|switch|p1a: Snorlax|Snorlax, M, shiny|100/100
|switch|p2a: Ninetales|Ninetales, F, shiny|100/100
|-weather|SunnyDay|[from] ability: Drought|[of] p2a: Ninetales
|turn|1
|
|t:|1760848055
|move|p2a: Ninetales|Will-O-Wisp|p1a: Snorlax
|-status|p1a: Snorlax|brn
|move|p1a: Snorlax|Earthquake|p2a: Ninetales
|-supereffective|p2a: Ninetales
|-crit|p2a: Ninetales
|-damage|p2a: Ninetales|42/100
|
|-weather|SunnyDay|[upkeep]
|-damage|p1a: Snorlax|94/100 brn|[from] brn
|upkeep
|turn|2
|
|t:|1760848063
|move|p2a: Ninetales|Will-O-Wisp|p1a: Snorlax
|-fail|p1a: Snorlax|brn
|move|p1a: Snorlax|Earthquake|p2a: Ninetales
|-supereffective|p2a: Ninetales
|-damage|p2a: Ninetales|0 fnt
|faint|p2a: Ninetales
|
|-weather|SunnyDay|[upkeep]
|-heal|p1a: Snorlax|100/100 brn|[from] item: Leftovers
|-damage|p1a: Snorlax|94/100 brn|[from] brn
|upkeep
|
|t:|1760848063
|switch|p2a: Scizor|Scizor, F|100/100
|turn|3
|
|t:|1760848077
|move|p2a: Scizor|Close Combat|p1a: Snorlax
|-supereffective|p1a: Snorlax
|-damage|p1a: Snorlax|0 fnt
|-unboost|p2a: Scizor|def|1
|-unboost|p2a: Scizor|spd|1
|faint|p1a: Snorlax
|
|-weather|SunnyDay|[upkeep]
|upkeep
|
|t:|1760848084
|switch|p1a: Dragonite|Dragonite, M|100/100
|turn|4
|
|t:|1760848089
|switch|p2a: Walking Wake|Walking Wake|100/100
|-activate|p2a: Walking Wake|ability: Protosynthesis
|-start|p2a: Walking Wake|protosynthesisspe
|move|p1a: Dragonite|Flamethrower|p2a: Walking Wake
|-resisted|p2a: Walking Wake
|-damage|p2a: Walking Wake|91/100
|
|-weather|SunnyDay|[upkeep]
|upkeep
|turn|5
|
|t:|1760848108
|-terastallize|p1a: Dragonite|Ground
|move|p2a: Walking Wake|Draco Meteor|p1a: Dragonite
|-damage|p1a: Dragonite|46/100
|-unboost|p2a: Walking Wake|spa|2
|move|p1a: Dragonite|Outrage|p2a: Walking Wake
|-supereffective|p2a: Walking Wake
|-damage|p2a: Walking Wake|0 fnt
|faint|p2a: Walking Wake
|-end|p2a: Walking Wake|Protosynthesis|[silent]
|
|-weather|SunnyDay|[upkeep]
|upkeep
|
|t:|1760848108
|switch|p2a: Raging Bolt|Raging Bolt|100/100
|-activate|p2a: Raging Bolt|ability: Protosynthesis
|-start|p2a: Raging Bolt|protosynthesisspa
|turn|6
|
|t:|1760848122
|move|p1a: Dragonite|Outrage|p2a: Raging Bolt|[from] lockedmove
|-supereffective|p2a: Raging Bolt
|-damage|p2a: Raging Bolt|0 fnt
|faint|p2a: Raging Bolt
|-end|p2a: Raging Bolt|Protosynthesis|[silent]
|
|-weather|SunnyDay|[upkeep]
|upkeep
|
|t:|1760848123
|switch|p2a: Great Tusk|Great Tusk, shiny|100/100
|-activate|p2a: Great Tusk|ability: Protosynthesis
|-start|p2a: Great Tusk|protosynthesisatk
|turn|7
|
|t:|1760848133
|move|p2a: Great Tusk|Headlong Rush|p1a: Dragonite
|-damage|p1a: Dragonite|0 fnt
|-unboost|p2a: Great Tusk|def|1
|-unboost|p2a: Great Tusk|spd|1
|faint|p1a: Dragonite
|
|-weather|SunnyDay|[upkeep]
|upkeep
|
|t:|1760848142
|switch|p1a: Serperior|Serperior, F|100/100
|turn|8
|
|t:|1760848151
|move|p1a: Serperior|Leaf Storm|p2a: Great Tusk
|-supereffective|p2a: Great Tusk
|-damage|p2a: Great Tusk|0 fnt
|-boost|p1a: Serperior|spa|2
|faint|p2a: Great Tusk
|-end|p2a: Great Tusk|Protosynthesis|[silent]
|
|-weather|none
|upkeep
|
|t:|1760848151
|switch|p2a: Scizor|Scizor, F|100/100
|turn|9
|
|t:|1760848183
|move|p1a: Serperior|Tera Blast|p2a: Scizor
|-resisted|p2a: Scizor
|-damage|p2a: Scizor|77/100
|move|p2a: Scizor|U-turn|p1a: Serperior
|-supereffective|p1a: Serperior
|-crit|p1a: Serperior
|-damage|p1a: Serperior|0 fnt
|faint|p1a: Serperior
|
|t:|1760848183
|switch|p2a: Hatterene|Hatterene, F|100/100|[from] U-turn
|
|upkeep
|
|t:|1760848202
|switch|p1a: Metagross|Metagross, shiny|100/100
|turn|10
|
|t:|1760848206
|move|p1a: Metagross|Bullet Punch|p2a: Hatterene
|-supereffective|p2a: Hatterene
|-crit|p2a: Hatterene
|-damage|p2a: Hatterene|28/100
|move|p2a: Hatterene|Mystical Fire|p1a: Metagross
|-supereffective|p1a: Metagross
|-damage|p1a: Metagross|53/100
|
|upkeep
|turn|11
|
|t:|1760848213
|move|p1a: Metagross|Bullet Punch|p2a: Hatterene
|-supereffective|p2a: Hatterene
|-damage|p2a: Hatterene|0 fnt
|faint|p2a: Hatterene
|
|upkeep
|
|t:|1760848213
|switch|p2a: Scizor|Scizor, F|77/100
|turn|12
|
|t:|1760848227
|move|p2a: Scizor|U-turn|p1a: Metagross
|-damage|p1a: Metagross|5/100
|move|p1a: Metagross|Earthquake|p2a: Scizor
|-damage|p2a: Scizor|32/100
|
|upkeep
|turn|13
|
|t:|1760848240
|move|p1a: Metagross|Bullet Punch|p2a: Scizor
|-resisted|p2a: Scizor
|-damage|p2a: Scizor|17/100
|move|p2a: Scizor|U-turn|p1a: Metagross
|-crit|p1a: Metagross
|-damage|p1a: Metagross|0 fnt
|faint|p1a: Metagross
|
|upkeep
|
|t:|1760848247
|switch|p1a: Eelektross|Eelektross, M|100/100
|turn|14
|
|t:|1760848250
|move|p2a: Scizor|U-turn|p1a: Eelektross
|-damage|p1a: Eelektross|30/100
|move|p1a: Eelektross|Flamethrower|p2a: Scizor
|-supereffective|p2a: Scizor
|-damage|p2a: Scizor|0 fnt
|faint|p2a: Scizor
|
|win|MrSpeakerKnockers
|raw|MrSpeakerKnockers's rating: 1076 &rarr; <strong>1105</strong><br />(+29 for winning)
|raw|HZBKAI4's rating: 1075 &rarr; <strong>1054</strong><br />(-21 for losing)
|l|☆HZBKAI4
|player|p2|
|l|☆MrSpeakerKnockers
|player|p1|
