|j|☆310YM4N74N3R0
|j|☆Af Lele.Tomas
|t:|1760860957
|gametype|singles
|player|p1|310YM4N74N3R0|pokemonrangerf|1598
|player|p2|Af Lele.Tomas|nate|1698
|gen|9
|tier|[Gen 9] OU
|rated|
|rule|HP Percentage Mod: HP is shown in percentages
|rule|Endless Battle Clause: Forcing endless battles is banned
|rule|Species Clause: Limit one of each Pokémon
|rule|OHKO Clause: OHKO moves are banned
|rule|Evasion Items Clause: Evasion items are banned
|rule|Evasion Moves Clause: Evasion moves are banned
|rule|Evasion Abilities Clause: Evasion abilities are banned
|rule|Sleep Moves Clause: Sleep-inducing moves are banned
|clearpoke
|poke|p1|Yanmega, F|
|poke|p1|Gholdengo|
|poke|p1|Rillaboom, F|
|poke|p1|Blaziken, M|
|poke|p1|Blastoise, M|
|poke|p1|Tyranitar, F|
|poke|p2|Indeedee, M|
|poke|p2|Armarouge, M|
|poke|p2|Iron Treads|
|poke|p2|Polteageist|
|poke|p2|Hatterene, F|
|poke|p2|Kyurem|
|teampreview
|inactive|Battle timer is ON: inactive players will automatically lose when time's up. (requested by Af Lele.Tomas)
|j| My Infinity War
|l| My Infinity War
|inactive|310YM4N74N3R0 has 120 seconds left.
|
|t:|1760861010
|teamsize|p1|6
|teamsize|p2|6
|start
|switch|p1a: Blaziken|Blaziken, M|100/100
|switch|p2a: Indeedee|Indeedee, M|100/100
|-fieldstart|move: Psychic Terrain|[from] ability: Psychic Surge|[of] p2a: Indeedee
|turn|1
|
|t:|1760861028
|switch|p2a: Armarouge|Armarouge, M|100/100
|switch|p1a: Tyranitar|Tyranitar, F, shiny|100/100
|-weather|Sandstorm|[from] ability: Sand Stream|[of] p1a: Tyranitar
|
|-weather|Sandstorm|[upkeep]
|-damage|p2a: Armarouge|94/100|[from] Sandstorm
|upkeep
|turn|2
|
|t:|1760861035
|switch|p2a: Hatterene|Hatterene, F|100/100
|move|p1a: Tyranitar|Stone Edge|p2a: Hatterene
|-damage|p2a: Hatterene|56/100
|-enditem|p2a: Hatterene|Eject Button
|
|t:|1760861040
|switch|p2a: Iron Treads|Iron Treads|100/100
|-enditem|p2a: Iron Treads|Booster Energy
|-activate|p2a: Iron Treads|ability: Quark Drive|[fromitem]
|-start|p2a: Iron Treads|quarkdrivespe
|
|-weather|Sandstorm|[upkeep]
|upkeep
|turn|3
|
|t:|1760861052
|move|p2a: Iron Treads|Knock Off|p1a: Tyranitar
|-resisted|p1a: Tyranitar
|-damage|p1a: Tyranitar|87/100
|-enditem|p1a: Tyranitar|Salac Berry|[from] move: Knock Off|[of] p2a: Iron Treads
|move|p1a: Tyranitar|Low Kick|p2a: Iron Treads
|-supereffective|p2a: Iron Treads
|-damage|p2a: Iron Treads|17/100
|
|-weather|Sandstorm|[upkeep]
|upkeep
|turn|4
|
|t:|1760861061
|switch|p1a: Yanmega|Yanmega, F|100/100
|move|p2a: Iron Treads|Earthquake|p1a: Yanmega
|-immune|p1a: Yanmega
|
|-weather|Sandstorm|[upkeep]
|-damage|p1a: Yanmega|94/100|[from] Sandstorm
|upkeep
|turn|5
|
|t:|1760861069
|move|p1a: Yanmega|Protect|p1a: Yanmega
|-singleturn|p1a: Yanmega|Protect
|move|p2a: Iron Treads|Stealth Rock|p1a: Yanmega
|-sidestart|p1: 310YM4N74N3R0|move: Stealth Rock
|
|-weather|none
|-ability|p1a: Yanmega|Speed Boost|boost
|-boost|p1a: Yanmega|spe|1
|upkeep
|turn|6
|
|t:|1760861075
|-end|p2a: Iron Treads|Quark Drive|[silent]
|switch|p2a: Hatterene|Hatterene, F|56/100
|move|p1a: Yanmega|Bug Buzz|p2a: Hatterene
|-damage|p2a: Hatterene|7/100
|-enditem|p1a: Yanmega|Throat Spray
|-boost|p1a: Yanmega|spa|1|[from] item: Throat Spray
|
|-ability|p1a: Yanmega|Speed Boost|boost
|-boost|p1a: Yanmega|spe|1
|upkeep
|turn|7
|
|t:|1760861087
|move|p1a: Yanmega|Bug Buzz|p2a: Hatterene
|-damage|p2a: Hatterene|0 fnt
|faint|p2a: Hatterene
|
|-ability|p1a: Yanmega|Speed Boost|boost
|-boost|p1a: Yanmega|spe|1
|upkeep
|
|t:|1760861094
|switch|p2a: Armarouge|Armarouge, M|94/100
|turn|8
|
|t:|1760861106
|-terastallize|p1a: Yanmega|Ground
|move|p1a: Yanmega|Tera Blast|p2a: Armarouge|[anim] Tera Blast Ground
|-supereffective|p2a: Armarouge
|-damage|p2a: Armarouge|0 fnt
|faint|p2a: Armarouge
|
|-fieldend|move: Psychic Terrain
|-ability|p1a: Yanmega|Speed Boost|boost
|-boost|p1a: Yanmega|spe|1
|upkeep
|
|t:|1760861118
|switch|p2a: Kyurem|Kyurem|100/100
|-ability|p2a: Kyurem|Pressure
|turn|9
|
|t:|1760861121
|move|p1a: Yanmega|Air Slash|p2a: Kyurem
|-damage|p2a: Kyurem|45/100
|cant|p2a: Kyurem|flinch
|
|-ability|p1a: Yanmega|Speed Boost|boost
|-boost|p1a: Yanmega|spe|1
|upkeep
|turn|10
|-message|Af Lele.Tomas forfeited.
|
|win|310YM4N74N3R0
|raw|310YM4N74N3R0's rating: 1598 &rarr; <strong>1624</strong><br />(+26 for winning)
|raw|Af Lele.Tomas's rating: 1698 &rarr; <strong>1672</strong><br />(-26 for losing)
|l|☆Af Lele.Tomas
|player|p2|
|l|☆310YM4N74N3R0
|player|p1|
