|j|☆Prolicious123
|j|☆Sakuya2024
|t:|1760768887
|gametype|singles
|player|p1|Prolicious123|169|1290
|player|p2|Sakuya2024|102|1327
|gen|9
|tier|[Gen 9] OU
|rated|
|rule|HP Percentage Mod: HP is shown in percentages
|rule|Endless Battle Clause: Forcing endless battles is banned
|rule|Species Clause: Limit one of each Pokémon
|rule|OHKO Clause: OHKO moves are banned
|rule|Evasion Items Clause: Evasion items are banned
|rule|Evasion Moves Clause: Evasion moves are banned
|rule|Evasion Abilities Clause: Evasion abilities are banned
|rule|Sleep Moves Clause: Sleep-inducing moves are banned
|clearpoke
|poke|p1|Hitmonlee, M|
|poke|p1|Gholdengo|
|poke|p1|Garganacl, M|
|poke|p1|Lokix, F|
|poke|p1|Toxapex, M|
|poke|p1|Walking Wake|
|poke|p2|Landorus-Therian, M|
|poke|p2|Samurott-Hisui, F|
|poke|p2|Pecharunt|
|poke|p2|Scizor, M|
|poke|p2|Latios, M|
|poke|p2|Zamazenta-*|
|teampreview
|inactive|Battle timer is ON: inactive players will automatically lose when time's up. (requested by Prolicious123)
|
|t:|1760768905
|teamsize|p1|6
|teamsize|p2|6
|start
|switch|p1a: Garganacl|Garganacl, M|100/100
|switch|p2a: Scizor|Scizor, M|100/100
|turn|1
|
|t:|1760768919
|move|p2a: Scizor|Swords Dance|p2a: Scizor
|-boost|p2a: Scizor|atk|2
|move|p1a: Garganacl|Salt Cure|p2a: Scizor
|-damage|p2a: Scizor|83/100
|-start|p2a: Scizor|Salt Cure
|
|-damage|p2a: Scizor|59/100|[from] Salt Cure
|upkeep
|turn|2
|
|t:|1760768929
|switch|p1a: Hitmonlee|Hitmonlee, M|100/100
|move|p2a: Scizor|Bullet Punch|p1a: Hitmonlee
|-damage|p1a: Hitmonlee|0 fnt
|faint|p1a: Hitmonlee
|
|-damage|p2a: Scizor|34/100|[from] Salt Cure
|upkeep
|
|t:|1760768935
|switch|p1a: Toxapex|Toxapex, M|100/100
|turn|3
|
|t:|1760768939
|switch|p1a: Gholdengo|Gholdengo|100/100
|move|p2a: Scizor|Knock Off|p1a: Gholdengo
|-supereffective|p1a: Gholdengo
|-damage|p1a: Gholdengo|0 fnt
|-enditem|p1a: Gholdengo|Leftovers|[from] move: Knock Off|[of] p2a: Scizor
|faint|p1a: Gholdengo
|
|-damage|p2a: Scizor|9/100|[from] Salt Cure
|upkeep
|
|t:|1760768944
|switch|p1a: Toxapex|Toxapex, M|100/100
|turn|4
|
|t:|1760768953
|move|p1a: Toxapex|Baneful Bunker|p1a: Toxapex
|-singleturn|p1a: Toxapex|move: Protect
|move|p2a: Scizor|Knock Off|p1a: Toxapex
|-activate|p1a: Toxapex|move: Protect
|
|-damage|p2a: Scizor|0 fnt|[from] Salt Cure
|faint|p2a: Scizor
|upkeep
|
|t:|1760768966
|switch|p2a: Samurott|Samurott-Hisui, F|100/100
|turn|5
|
|t:|1760768971
|move|p1a: Toxapex|Baneful Bunker||[still]
|-fail|p1a: Toxapex
|move|p2a: Samurott|Knock Off|p1a: Toxapex
|-damage|p1a: Toxapex|68/100
|-enditem|p1a: Toxapex|Leftovers|[from] move: Knock Off|[of] p2a: Samurott
|
|upkeep
|turn|6
|
|t:|1760768976
|move|p1a: Toxapex|Baneful Bunker|p1a: Toxapex
|-singleturn|p1a: Toxapex|move: Protect
|move|p2a: Samurott|Ceaseless Edge|p1a: Toxapex
|-activate|p1a: Toxapex|move: Protect
|-status|p2a: Samurott|psn
|
|-damage|p2a: Samurott|88/100 psn|[from] psn
|upkeep
|turn|7
|
|t:|1760768990
|switch|p1a: Lokix|Lokix, F|100/100
|move|p2a: Samurott|Ceaseless Edge|p1a: Lokix
|-resisted|p1a: Lokix
|-damage|p1a: Lokix|66/100
|-sidestart|p1: Prolicious123|Spikes
|
|-damage|p2a: Samurott|76/100 psn|[from] psn
|upkeep
|turn|8
|
|t:|1760769003
|switch|p2a: Zamazenta|Zamazenta|100/100
|-ability|p2a: Zamazenta|Dauntless Shield|boost
|-boost|p2a: Zamazenta|def|1
|move|p1a: Lokix|Leech Life|p2a: Zamazenta
|-resisted|p2a: Zamazenta
|-damage|p2a: Zamazenta|76/100
|-heal|p1a: Lokix|81/100|[from] drain|[of] p2a: Zamazenta
|
|-heal|p2a: Zamazenta|82/100|[from] item: Leftovers
|upkeep
|turn|9
|
|t:|1760769012
|switch|p1a: Toxapex|Toxapex, M|100/100
|-damage|p1a: Toxapex|88/100|[from] Spikes
|move|p2a: Zamazenta|Iron Defense|p2a: Zamazenta
|-boost|p2a: Zamazenta|def|2
|
|-heal|p2a: Zamazenta|88/100|[from] item: Leftovers
|upkeep
|turn|10
|
|t:|1760769022
|move|p1a: Toxapex|Baneful Bunker|p1a: Toxapex
|-singleturn|p1a: Toxapex|move: Protect
|move|p2a: Zamazenta|Roar|p1a: Toxapex
|drag|p1a: Walking Wake|Walking Wake|100/100
|-damage|p1a: Walking Wake|88/100|[from] Spikes
|-enditem|p1a: Walking Wake|Booster Energy
|-activate|p1a: Walking Wake|ability: Protosynthesis|[fromitem]
|-start|p1a: Walking Wake|protosynthesisspa
|
|-heal|p2a: Zamazenta|94/100|[from] item: Leftovers
|upkeep
|turn|11
|
|t:|1760769036
|move|p2a: Zamazenta|Body Press|p1a: Walking Wake
|-damage|p1a: Walking Wake|0 fnt
|faint|p1a: Walking Wake
|-end|p1a: Walking Wake|Protosynthesis|[silent]
|
|-heal|p2a: Zamazenta|100/100|[from] item: Leftovers
|upkeep
|
|t:|1760769042
|switch|p1a: Lokix|Lokix, F|81/100
|-damage|p1a: Lokix|68/100|[from] Spikes
|turn|12
|
|t:|1760769047
|move|p2a: Zamazenta|Body Press|p1a: Lokix
|-damage|p1a: Lokix|0 fnt
|faint|p1a: Lokix
|
|upkeep
|-message|Prolicious123 forfeited.
|
|win|Sakuya2024
|raw|Prolicious123's rating: 1290 &rarr; <strong>1268</strong><br />(-22 for losing)
|raw|Sakuya2024's rating: 1327 &rarr; <strong>1345</strong><br />(+18 for winning)
|l|☆Prolicious123
|player|p1|
|l|☆Sakuya2024
|player|p2|
