|j|☆Cocobreezy
|j|☆Chris466
|t:|1760840166
|gametype|singles
|player|p1|Cocobreezy|yellow|1350
|player|p2|Chris466|red|1350
|gen|9
|tier|[Gen 9] OU
|rated|
|rule|HP Percentage Mod: HP is shown in percentages
|rule|Endless Battle Clause: Forcing endless battles is banned
|rule|Species Clause: Limit one of each Pokémon
|rule|OHKO Clause: OHKO moves are banned
|rule|Evasion Items Clause: Evasion items are banned
|rule|Evasion Moves Clause: Evasion moves are banned
|rule|Evasion Abilities Clause: Evasion abilities are banned
|rule|Sleep Moves Clause: Sleep-inducing moves are banned
|clearpoke
|poke|p1|Primarina, F|
|poke|p1|Keldeo-Resolute|
|poke|p1|Pikachu, M|
|poke|p1|Greninja-*, M|
|poke|p1|Meowscarada, F|
|poke|p1|Pelipper, M|
|poke|p2|Tyranitar, M|
|poke|p2|Landorus-Therian, M|
|poke|p2|Meowscarada, F|
|poke|p2|Zamazenta-*|
|poke|p2|Scizor, M|
|poke|p2|Primarina, M|
|teampreview
|inactive|Battle timer is ON: inactive players will automatically lose when time's up. (requested by Cocobreezy)
|inactive|Cocobreezy has 120 seconds left.
|
|t:|1760840216
|teamsize|p1|6
|teamsize|p2|6
|start
|switch|p1a: Pelipper|Pelipper, M|100/100
|switch|p2a: Primarina|Primarina, M|100/100
|-weather|RainDance|[from] ability: Drizzle|[of] p1a: Pelipper
|turn|1
|
|t:|1760840221
|move|p2a: Primarina|Hyper Voice|p1a: Pelipper
|-resisted|p1a: Pelipper
|-damage|p1a: Pelipper|40/100
|move|p1a: Pelipper|Tailwind|p1a: Pelipper
|-sidestart|p1: Cocobreezy|move: Tailwind
|
|-weather|RainDance|[upkeep]
|upkeep
|turn|2
|
|t:|1760840234
|move|p1a: Pelipper|Hurricane|p2a: Primarina
|-damage|p2a: Primarina|64/100
|-start|p2a: Primarina|confusion
|-activate|p2a: Primarina|confusion
|move|p2a: Primarina|Hyper Voice|p1a: Pelipper
|-resisted|p1a: Pelipper
|-damage|p1a: Pelipper|0 fnt
|faint|p1a: Pelipper
|
|-weather|RainDance|[upkeep]
|upkeep
|
|t:|1760840240
|switch|p1a: Pikachu|Pikachu, M|100/100
|turn|3
|
|t:|1760840249
|switch|p2a: Landorus|Landorus-Therian, M|100/100
|-ability|p2a: Landorus|Intimidate|boost
|-unboost|p1a: Pikachu|atk|1
|move|p1a: Pikachu|Knock Off|p2a: Landorus
|-damage|p2a: Landorus|75/100
|-damage|p1a: Pikachu|84/100|[from] item: Rocky Helmet|[of] p2a: Landorus
|-enditem|p2a: Landorus|Rocky Helmet|[from] move: Knock Off|[of] p1a: Pikachu
|
|-weather|RainDance|[upkeep]
|upkeep
|turn|4
|
|t:|1760840258
|switch|p1a: Greninja|Greninja, M|100/100
|move|p2a: Landorus|Stealth Rock|p1a: Greninja
|-sidestart|p1: Cocobreezy|move: Stealth Rock
|
|-weather|RainDance|[upkeep]
|-sideend|p1: Cocobreezy|move: Tailwind
|upkeep
|turn|5
|
|t:|1760840263
|switch|p2a: Primarina|Primarina, M|64/100
|move|p1a: Greninja|Hydro Pump|p2a: Primarina
|-resisted|p2a: Primarina
|-crit|p2a: Primarina
|-damage|p2a: Primarina|12/100
|
|-weather|RainDance|[upkeep]
|upkeep
|turn|6
|
|t:|1760840268
|move|p1a: Greninja|Water Shuriken|p2a: Primarina
|-resisted|p2a: Primarina
|-damage|p2a: Primarina|6/100
|-resisted|p2a: Primarina
|-damage|p2a: Primarina|1/100
|-resisted|p2a: Primarina
|-damage|p2a: Primarina|0 fnt
|faint|p2a: Primarina
|-ability|p1a: Greninja|Battle Bond|boost
|-boost|p1a: Greninja|atk|1
|-boost|p1a: Greninja|spa|1
|-boost|p1a: Greninja|spe|1
|-activate|p1a: Greninja|ability: Battle Bond
|-hitcount|p2: Primarina|3
|
|-weather|RainDance|[upkeep]
|upkeep
|
|t:|1760840270
|switch|p2a: Meowscarada|Meowscarada, F|100/100
|turn|7
|
|t:|1760840277
|-terastallize|p1a: Greninja|Steel
|move|p2a: Meowscarada|U-turn|p1a: Greninja
|-start|p2a: Meowscarada|typechange|Bug|[from] ability: Protean
|-resisted|p1a: Greninja
|-damage|p1a: Greninja|73/100
|
|t:|1760840285
|switch|p2a: Tyranitar|Tyranitar, M|100/100|[from] U-turn
|-weather|Sandstorm|[from] ability: Sand Stream|[of] p2a: Tyranitar
|move|p1a: Greninja|Ice Beam|p2a: Tyranitar
|-damage|p2a: Tyranitar|76/100
|
|-weather|Sandstorm|[upkeep]
|upkeep
|turn|8
|
|t:|1760840289
|-terastallize|p2a: Tyranitar|Flying
|move|p1a: Greninja|Hydro Pump|p2a: Tyranitar
|-damage|p2a: Tyranitar|11/100
|move|p2a: Tyranitar|Knock Off|p1a: Greninja
|-damage|p1a: Greninja|0 fnt
|-enditem|p1a: Greninja|Loaded Dice|[from] move: Knock Off|[of] p2a: Tyranitar
|faint|p1a: Greninja
|
|-weather|Sandstorm|[upkeep]
|-damage|p2a: Tyranitar|5/100|[from] Sandstorm
|upkeep
|
|t:|1760840299
|switch|p1a: Pikachu|Pikachu, M|84/100
|-damage|p1a: Pikachu|72/100|[from] Stealth Rock
|turn|9
|
|t:|1760840306
|move|p1a: Pikachu|Knock Off|p2a: Tyranitar
|-damage|p2a: Tyranitar|0 fnt
|-enditem|p2a: Tyranitar|Choice Band|[from] move: Knock Off|[of] p1a: Pikachu
|faint|p2a: Tyranitar
|
|-weather|Sandstorm|[upkeep]
|-damage|p1a: Pikachu|65/100|[from] Sandstorm
|upkeep
|
|t:|1760840309
|switch|p2a: Zamazenta|Zamazenta|100/100
|-ability|p2a: Zamazenta|Dauntless Shield|boost
|-boost|p2a: Zamazenta|def|1
|turn|10
|
|t:|1760840312
|move|p2a: Zamazenta|Crunch|p1a: Pikachu
|-damage|p1a: Pikachu|0 fnt
|faint|p1a: Pikachu
|-damage|p2a: Zamazenta|91/100|[from] item: Life Orb
|
|-weather|Sandstorm|[upkeep]
|-damage|p2a: Zamazenta|84/100|[from] Sandstorm
|upkeep
|
|t:|1760840317
|switch|p1a: Primarina|Primarina, F, shiny|100/100
|-damage|p1a: Primarina|88/100|[from] Stealth Rock
|turn|11
|
|t:|1760840324
|switch|p2a: Scizor|Scizor, M|100/100
|move|p1a: Primarina|Surf|p2a: Scizor
|-damage|p2a: Scizor|34/100
|-enditem|p2a: Scizor|Sitrus Berry|[eat]
|-heal|p2a: Scizor|59/100|[from] item: Sitrus Berry
|
|-weather|none
|upkeep
|turn|12
|
|t:|1760840329
|move|p2a: Scizor|Bullet Punch|p1a: Primarina
|-damage|p1a: Primarina|38/100
|move|p1a: Primarina|Surf|p2a: Scizor
|-crit|p2a: Scizor
|-damage|p2a: Scizor|0 fnt
|faint|p2a: Scizor
|
|upkeep
|
|t:|1760840332
|switch|p2a: Zamazenta|Zamazenta|84/100
|turn|13
|
|t:|1760840335
|move|p2a: Zamazenta|Heavy Slam|p1a: Primarina
|-damage|p1a: Primarina|0 fnt
|faint|p1a: Primarina
|-damage|p2a: Zamazenta|75/100|[from] item: Life Orb
|
|upkeep
|
|t:|1760840340
|switch|p1a: Keldeo|Keldeo-Resolute|100/100
|-damage|p1a: Keldeo|94/100|[from] Stealth Rock
|turn|14
|
|t:|1760840345
|switch|p2a: Landorus|Landorus-Therian, M|75/100
|-ability|p2a: Landorus|Intimidate|boost
|-unboost|p1a: Keldeo|atk|1
|move|p1a: Keldeo|Calm Mind|p1a: Keldeo
|-boost|p1a: Keldeo|spa|1
|-boost|p1a: Keldeo|spd|1
|
|upkeep
|turn|15
|
|t:|1760840350
|move|p1a: Keldeo|Surf|p2a: Landorus
|-supereffective|p2a: Landorus
|-crit|p2a: Landorus
|-damage|p2a: Landorus|0 fnt
|faint|p2a: Landorus
|
|upkeep
|
|t:|1760840354
|switch|p2a: Zamazenta|Zamazenta|75/100
|turn|16
|
|t:|1760840365
|move|p2a: Zamazenta|Close Combat|p1a: Keldeo
|-damage|p1a: Keldeo|12/100
|-unboost|p2a: Zamazenta|def|1
|-unboost|p2a: Zamazenta|spd|1
|-damage|p2a: Zamazenta|65/100|[from] item: Life Orb
|move|p1a: Keldeo|Surf|p2a: Zamazenta
|-damage|p2a: Zamazenta|0 fnt
|faint|p2a: Zamazenta
|
|upkeep
|
|t:|1760840367
|switch|p2a: Meowscarada|Meowscarada, F|100/100
|turn|17
|c|☆Cocobreezy|don't know how I did it
|
|t:|1760840375
|move|p1a: Keldeo|Vacuum Wave|p2a: Meowscarada
|-supereffective|p2a: Meowscarada
|-damage|p2a: Meowscarada|0 fnt
|faint|p2a: Meowscarada
|
|win|Cocobreezy
|raw|Cocobreezy's rating: 1350 &rarr; <strong>1370</strong><br />(+20 for winning)
|raw|Chris466's rating: 1350 &rarr; <strong>1330</strong><br />(-20 for losing)
|c|☆Cocobreezy|With pikachu
|l|☆Chris466
|player|p2|
|l|☆Cocobreezy
|player|p1|
