|j|☆RyleyTheDinoBrain
|j|☆hegui
|t:|1760881879
|gametype|singles
|player|p1|RyleyTheDinoBrain|grimsley|1098
|player|p2|hegui|102|1072
|gen|9
|tier|[Gen 9] OU
|rated|
|rule|HP Percentage Mod: HP is shown in percentages
|rule|Endless Battle Clause: Forcing endless battles is banned
|rule|Species Clause: Limit one of each Pokémon
|rule|OHKO Clause: OHKO moves are banned
|rule|Evasion Items Clause: Evasion items are banned
|rule|Evasion Moves Clause: Evasion moves are banned
|rule|Evasion Abilities Clause: Evasion abilities are banned
|rule|Sleep Moves Clause: Sleep-inducing moves are banned
|clearpoke
|poke|p1|Quagsire, M|
|poke|p1|Cryogonal|
|poke|p1|Ribombee, F|
|poke|p1|Dudunsparce-*, F|
|poke|p1|Vikavolt, M|
|poke|p1|Sableye, F|
|poke|p2|Rillaboom, M|
|poke|p2|Gholdengo|
|poke|p2|Incineroar, M|
|poke|p2|Walking Wake|
|poke|p2|Ursaluna, F|
|poke|p2|Heatran, F|
|teampreview
|inactive|Battle timer is ON: inactive players will automatically lose when time's up. (requested by RyleyTheDinoBrain)
|
|t:|1760881898
|teamsize|p1|6
|teamsize|p2|6
|start
|switch|p1a: Buzzy|Ribombee, F, shiny|100/100
|switch|p2a: Ursaluna|Ursaluna, F, shiny|100/100
|turn|1
|
|t:|1760881921
|move|p1a: Buzzy|Stun Spore|p2a: Ursaluna
|-status|p2a: Ursaluna|par
|move|p2a: Ursaluna|Facade|p1a: Buzzy
|-enditem|p1a: Buzzy|Focus Sash
|-damage|p1a: Buzzy|1/100
|
|upkeep
|turn|2
|
|t:|1760881933
|move|p1a: Buzzy|Sticky Web|p2a: Ursaluna
|-sidestart|p2: hegui|move: Sticky Web
|cant|p2a: Ursaluna|par
|
|upkeep
|turn|3
|
|t:|1760881940
|move|p1a: Buzzy|Moonblast|p2a: Ursaluna
|-damage|p2a: Ursaluna|64/100 par
|move|p2a: Ursaluna|Facade|p1a: Buzzy
|-damage|p1a: Buzzy|0 fnt
|faint|p1a: Buzzy
|
|upkeep
|
|t:|1760881945
|switch|p1a: Stitch|Sableye, F|100/100
|turn|4
|
|t:|1760881953
|move|p1a: Stitch|Encore|p2a: Ursaluna
|-start|p2a: Ursaluna|Encore
|move|p2a: Ursaluna|Facade|p1a: Stitch
|-immune|p1a: Stitch
|
|upkeep
|turn|5
|
|t:|1760881967
|switch|p2a: Incineroar|Incineroar, M|100/100
|-activate|p2a: Incineroar|move: Sticky Web
|-unboost|p2a: Incineroar|spe|1
|-ability|p2a: Incineroar|Intimidate|boost
|-unboost|p1a: Stitch|atk|1
|move|p1a: Stitch|Foul Play|p2a: Incineroar
|-resisted|p2a: Incineroar
|-damage|p2a: Incineroar|83/100
|
|upkeep
|turn|6
|
|t:|1760881984
|switch|p1a: Cryogonal|Cryogonal|100/100
|move|p2a: Incineroar|Fake Out|p1a: Cryogonal
|-damage|p1a: Cryogonal|79/100
|
|-heal|p1a: Cryogonal|85/100|[from] item: Leftovers
|upkeep
|turn|7
|
|t:|1760882000
|move|p1a: Cryogonal|Ice Spinner|p2a: Incineroar
|-resisted|p2a: Incineroar
|-damage|p2a: Incineroar|76/100
|move|p2a: Incineroar|Flare Blitz|p1a: Cryogonal
|-supereffective|p1a: Cryogonal
|-damage|p1a: Cryogonal|0 fnt
|faint|p1a: Cryogonal
|-damage|p2a: Incineroar|50/100|[from] Recoil
|
|upkeep
|
|t:|1760882010
|switch|p1a: Dudunsparce|Dudunsparce-Three-Segment, F, shiny|100/100
|turn|8
|
|t:|1760882015
|move|p1a: Dudunsparce|Calm Mind|p1a: Dudunsparce
|-boost|p1a: Dudunsparce|spa|1
|-boost|p1a: Dudunsparce|spd|1
|move|p2a: Incineroar|Flare Blitz|p1a: Dudunsparce
|-damage|p1a: Dudunsparce|62/100
|-status|p1a: Dudunsparce|brn
|-damage|p2a: Incineroar|36/100|[from] Recoil
|
|-heal|p1a: Dudunsparce|68/100 brn|[from] item: Leftovers
|-damage|p1a: Dudunsparce|62/100 brn|[from] brn
|upkeep
|turn|9
|
|t:|1760882029
|move|p1a: Dudunsparce|Calm Mind|p1a: Dudunsparce
|-boost|p1a: Dudunsparce|spa|1
|-boost|p1a: Dudunsparce|spd|1
|move|p2a: Incineroar|Flare Blitz|p1a: Dudunsparce
|-damage|p1a: Dudunsparce|26/100 brn
|-damage|p2a: Incineroar|22/100|[from] Recoil
|
|-heal|p1a: Dudunsparce|32/100 brn|[from] item: Leftovers
|-damage|p1a: Dudunsparce|26/100 brn|[from] brn
|upkeep
|turn|10
|
|t:|1760882042
|move|p1a: Dudunsparce|Roost|p1a: Dudunsparce
|-heal|p1a: Dudunsparce|76/100 brn
|-singleturn|p1a: Dudunsparce|move: Roost
|move|p2a: Incineroar|Knock Off|p1a: Dudunsparce
|-damage|p1a: Dudunsparce|44/100 brn
|-ability|p1a: Dudunsparce|Rattled|boost
|-boost|p1a: Dudunsparce|spe|1
|-enditem|p1a: Dudunsparce|Leftovers|[from] move: Knock Off|[of] p2a: Incineroar
|
|-damage|p1a: Dudunsparce|38/100 brn|[from] brn
|upkeep
|turn|11
|
|t:|1760882056
|move|p1a: Dudunsparce|Roost|p1a: Dudunsparce
|-heal|p1a: Dudunsparce|88/100 brn
|-singleturn|p1a: Dudunsparce|move: Roost
|move|p2a: Incineroar|Flare Blitz|p1a: Dudunsparce
|-damage|p1a: Dudunsparce|49/100 brn
|-damage|p2a: Incineroar|7/100|[from] Recoil
|
|-damage|p1a: Dudunsparce|42/100 brn|[from] brn
|upkeep
|turn|12
|
|t:|1760882068
|move|p1a: Dudunsparce|Calm Mind|p1a: Dudunsparce
|-boost|p1a: Dudunsparce|spa|1
|-boost|p1a: Dudunsparce|spd|1
|move|p2a: Incineroar|Flare Blitz|p1a: Dudunsparce
|-crit|p1a: Dudunsparce
|-damage|p1a: Dudunsparce|0 fnt
|faint|p1a: Dudunsparce
|-damage|p2a: Incineroar|0 fnt|[from] Recoil
|faint|p2a: Incineroar
|
|upkeep
|
|t:|1760882082
|switch|p2a: Ursaluna|Ursaluna, F, shiny|64/100 par
|switch|p1a: Vikavolt|Vikavolt, M, shiny|100/100
|-activate|p2a: Ursaluna|move: Sticky Web
|-unboost|p2a: Ursaluna|spe|1
|turn|13
|
|t:|1760882094
|move|p1a: Vikavolt|Agility|p1a: Vikavolt
|-boost|p1a: Vikavolt|spe|2
|cant|p2a: Ursaluna|par
|
|upkeep
|turn|14
|
|t:|1760882101
|move|p1a: Vikavolt|Bug Buzz|p2a: Ursaluna
|-damage|p2a: Ursaluna|15/100 par
|-enditem|p1a: Vikavolt|Throat Spray
|-boost|p1a: Vikavolt|spa|1|[from] item: Throat Spray
|move|p2a: Ursaluna|Facade|p1a: Vikavolt
|-damage|p1a: Vikavolt|0 fnt
|faint|p1a: Vikavolt
|
|upkeep
|
|t:|1760882109
|switch|p1a: Quagsire|Quagsire, M, shiny|100/100
|turn|15
|
|t:|1760882114
|move|p1a: Quagsire|Surf|p2a: Ursaluna
|-supereffective|p2a: Ursaluna
|-damage|p2a: Ursaluna|0 fnt
|faint|p2a: Ursaluna
|
|upkeep
|
|t:|1760882123
|switch|p2a: Rillaboom|Rillaboom, M, shiny|100/100
|-activate|p2a: Rillaboom|move: Sticky Web
|-unboost|p2a: Rillaboom|spe|1
|-fieldstart|move: Grassy Terrain|[from] ability: Grassy Surge|[of] p2a: Rillaboom
|turn|16
|
|t:|1760882132
|move|p2a: Rillaboom|Knock Off|p1a: Quagsire
|-crit|p1a: Quagsire
|-damage|p1a: Quagsire|64/100
|-enditem|p1a: Quagsire|Leftovers|[from] move: Knock Off|[of] p2a: Rillaboom
|move|p1a: Quagsire|Toxic|p2a: Rillaboom
|-status|p2a: Rillaboom|tox
|
|-heal|p1a: Quagsire|70/100|[from] Grassy Terrain
|-damage|p2a: Rillaboom|94/100 tox|[from] psn
|upkeep
|turn|17
|
|t:|1760882146
|switch|p1a: Stitch|Sableye, F|100/100
|move|p2a: Rillaboom|Grassy Glide|p1a: Stitch
|-damage|p1a: Stitch|46/100
|
|-heal|p2a: Rillaboom|100/100 tox|[from] Grassy Terrain
|-heal|p1a: Stitch|52/100|[from] Grassy Terrain
|-heal|p1a: Stitch|58/100|[from] item: Leftovers
|-damage|p2a: Rillaboom|88/100 tox|[from] psn
|upkeep
|turn|18
|
|t:|1760882160
|move|p2a: Rillaboom|Knock Off|p1a: Stitch
|-damage|p1a: Stitch|10/100
|-enditem|p1a: Stitch|Leftovers|[from] move: Knock Off|[of] p2a: Rillaboom
|move|p1a: Stitch|Foul Play|p2a: Rillaboom
|-damage|p2a: Rillaboom|33/100 tox
|
|-heal|p2a: Rillaboom|39/100 tox|[from] Grassy Terrain
|-heal|p1a: Stitch|17/100|[from] Grassy Terrain
|-damage|p2a: Rillaboom|20/100 tox|[from] psn
|upkeep
|turn|19
|
|t:|1760882173
|move|p2a: Rillaboom|Grassy Glide|p1a: Stitch
|-damage|p1a: Stitch|0 fnt
|faint|p1a: Stitch
|
|-heal|p2a: Rillaboom|27/100 tox|[from] Grassy Terrain
|-damage|p2a: Rillaboom|2/100 tox|[from] psn
|upkeep
|
|t:|1760882175
|switch|p1a: Quagsire|Quagsire, M, shiny|70/100
|turn|20
|
|t:|1760882185
|move|p2a: Rillaboom|Grassy Glide|p1a: Quagsire
|-supereffective|p1a: Quagsire
|-damage|p1a: Quagsire|0 fnt
|faint|p1a: Quagsire
|
|win|hegui
|raw|RyleyTheDinoBrain's rating: 1098 &rarr; <strong>1071</strong><br />(-27 for losing)
|raw|hegui's rating: 1072 &rarr; <strong>1103</strong><br />(+31 for winning)
|l|☆RyleyTheDinoBrain
|player|p1|
|l|☆hegui
|player|p2|
