|j|☆Clairrr03
|j|☆healboy009
|t:|1760789282
|gametype|singles
|player|p1|Clairrr03|1|1481
|player|p2|healboy009|backpacker|1440
|gen|9
|tier|[Gen 9] OU
|rated|
|rule|HP Percentage Mod: HP is shown in percentages
|rule|Endless Battle Clause: Forcing endless battles is banned
|rule|Species Clause: Limit one of each Pokémon
|rule|OHKO Clause: OHKO moves are banned
|rule|Evasion Items Clause: Evasion items are banned
|rule|Evasion Moves Clause: Evasion moves are banned
|rule|Evasion Abilities Clause: Evasion abilities are banned
|rule|Sleep Moves Clause: Sleep-inducing moves are banned
|clearpoke
|poke|p1|Ceruledge, F|
|poke|p1|Kyurem|
|poke|p1|Iron Treads|
|poke|p1|Primarina, M|
|poke|p1|Mandibuzz, F|
|poke|p1|Rillaboom, F|
|poke|p2|Skeledirge, F|
|poke|p2|Ogerpon-Wellspring, F|
|poke|p2|Dragapult, F|
|poke|p2|Weezing-Galar, M|
|poke|p2|Ting-Lu|
|poke|p2|Corviknight, F|
|teampreview
|inactive|Battle timer is ON: inactive players will automatically lose when time's up. (requested by Clairrr03)
|
|t:|1760789302
|teamsize|p1|6
|teamsize|p2|6
|start
|switch|p1a: Primarina|Primarina, M|100/100
|switch|p2a: Ogerpon|Ogerpon-Wellspring, F|100/100
|turn|1
|
|t:|1760789320
|switch|p1a: Mandibuzz|Mandibuzz, F|100/100
|move|p2a: Ogerpon|Knock Off|p1a: Mandibuzz
|-resisted|p1a: Mandibuzz
|-crit|p1a: Mandibuzz
|-damage|p1a: Mandibuzz|85/100
|-enditem|p1a: Mandibuzz|Heavy-Duty Boots|[from] move: Knock Off|[of] p2a: Ogerpon
|
|upkeep
|turn|2
|inactive|Clairrr03 has 120 seconds left.
|
|t:|1760789345
|move|p2a: Ogerpon|Spikes|p1a: Mandibuzz
|-sidestart|p1: Clairrr03|Spikes
|move|p1a: Mandibuzz|Toxic|p2a: Ogerpon
|-status|p2a: Ogerpon|tox
|
|-damage|p2a: Ogerpon|94/100 tox|[from] psn
|upkeep
|turn|3
|
|t:|1760789350
|move|p2a: Ogerpon|Ivy Cudgel|p1a: Mandibuzz|[anim] Ivy Cudgel Water
|-damage|p1a: Mandibuzz|53/100
|move|p1a: Mandibuzz|Foul Play|p2a: Ogerpon
|-damage|p2a: Ogerpon|52/100 tox
|
|-damage|p2a: Ogerpon|40/100 tox|[from] psn
|upkeep
|turn|4
|inactive|Clairrr03 has 120 seconds left.
|inactive|Clairrr03 has 90 seconds left.
|
|t:|1760789406
|switch|p2a: Dragapult|Dragapult, F|100/100
|move|p1a: Mandibuzz|Roost|p1a: Mandibuzz
|-heal|p1a: Mandibuzz|100/100
|-singleturn|p1a: Mandibuzz|move: Roost
|
|upkeep
|turn|5
|
|t:|1760789414
|move|p2a: Dragapult|U-turn|p1a: Mandibuzz
|-damage|p1a: Mandibuzz|92/100
|
|t:|1760789416
|switch|p2a: Corviknight|Corviknight, F|100/100|[from] U-turn
|-ability|p2a: Corviknight|Pressure
|move|p1a: Mandibuzz|Foul Play|p2a: Corviknight
|-damage|p2a: Corviknight|84/100
|-damage|p1a: Mandibuzz|75/100|[from] item: Rocky Helmet|[of] p2a: Corviknight
|
|upkeep
|turn|6
|
|t:|1760789425
|switch|p1a: Ceruledge|Ceruledge, F|100/100
|-damage|p1a: Ceruledge|88/100|[from] Spikes
|move|p2a: Corviknight|Brave Bird|p1a: Ceruledge
|-damage|p1a: Ceruledge|40/100
|-damage|p2a: Corviknight|72/100|[from] Recoil
|
|upkeep
|turn|7
|
|t:|1760789432
|switch|p2a: Ogerpon|Ogerpon-Wellspring, F|40/100 tox
|move|p1a: Ceruledge|Bitter Blade|p2a: Ogerpon
|-damage|p2a: Ogerpon|0 fnt
|-heal|p1a: Ceruledge|65/100|[from] drain|[of] p2a: Ogerpon
|faint|p2a: Ogerpon
|
|upkeep
|
|t:|1760789440
|switch|p2a: Dragapult|Dragapult, F|100/100
|turn|8
|inactive|Clairrr03 has 120 seconds left.
|
|t:|1760789469
|switch|p1a: Primarina|Primarina, M|100/100
|-damage|p1a: Primarina|88/100|[from] Spikes
|move|p2a: Dragapult|Shadow Ball|p1a: Primarina
|-damage|p1a: Primarina|53/100
|
|upkeep
|turn|9
|
|t:|1760789488
|-terastallize|p2a: Dragapult|Ghost
|move|p2a: Dragapult|Shadow Ball|p1a: Primarina
|-damage|p1a: Primarina|7/100
|move|p1a: Primarina|Moonblast|p2a: Dragapult
|-damage|p2a: Dragapult|27/100
|
|upkeep
|turn|10
|
|t:|1760789493
|move|p2a: Dragapult|Shadow Ball|p1a: Primarina
|-damage|p1a: Primarina|0 fnt
|faint|p1a: Primarina
|
|upkeep
|
|t:|1760789500
|switch|p1a: Rillaboom|Rillaboom, F|100/100
|-damage|p1a: Rillaboom|88/100|[from] Spikes
|-fieldstart|move: Grassy Terrain|[from] ability: Grassy Surge|[of] p1a: Rillaboom
|turn|11
|
|t:|1760789503
|switch|p2a: Corviknight|Corviknight, F|72/100
|-ability|p2a: Corviknight|Pressure
|move|p1a: Rillaboom|Knock Off|p2a: Corviknight
|-damage|p2a: Corviknight|45/100
|-damage|p1a: Rillaboom|72/100|[from] item: Rocky Helmet|[of] p2a: Corviknight
|-enditem|p2a: Corviknight|Rocky Helmet|[from] move: Knock Off|[of] p1a: Rillaboom
|-damage|p1a: Rillaboom|62/100|[from] item: Life Orb
|
|-heal|p1a: Rillaboom|68/100|[from] Grassy Terrain
|upkeep
|turn|12
|inactive|Clairrr03 has 120 seconds left.
|
|t:|1760789514
|switch|p1a: Ceruledge|Ceruledge, F|65/100
|-damage|p1a: Ceruledge|53/100|[from] Spikes
|move|p2a: Corviknight|Roost|p2a: Corviknight
|-heal|p2a: Corviknight|95/100
|-singleturn|p2a: Corviknight|move: Roost
|
|-heal|p1a: Ceruledge|59/100|[from] Grassy Terrain
|-heal|p2a: Corviknight|100/100|[from] Grassy Terrain
|upkeep
|turn|13
|
|t:|1760789526
|switch|p2a: Ting-Lu|Ting-Lu, shiny|100/100
|-ability|p2a: Ting-Lu|Vessel of Ruin
|move|p1a: Ceruledge|Bitter Blade|p2a: Ting-Lu
|-damage|p2a: Ting-Lu|62/100
|-heal|p1a: Ceruledge|93/100|[from] drain|[of] p2a: Ting-Lu
|
|-heal|p1a: Ceruledge|99/100|[from] Grassy Terrain
|-heal|p2a: Ting-Lu|69/100|[from] Grassy Terrain
|-heal|p2a: Ting-Lu|75/100|[from] item: Leftovers
|upkeep
|turn|14
|
|t:|1760789545
|switch|p1a: Kyurem|Kyurem|100/100
|-damage|p1a: Kyurem|88/100|[from] Spikes
|-ability|p1a: Kyurem|Pressure
|move|p2a: Ting-Lu|Throat Chop|p1a: Kyurem
|-damage|p1a: Kyurem|59/100
|-start|p1a: Kyurem|Throat Chop|[silent]
|
|-heal|p1a: Kyurem|65/100|[from] Grassy Terrain
|-heal|p2a: Ting-Lu|81/100|[from] Grassy Terrain
|-heal|p2a: Ting-Lu|87/100|[from] item: Leftovers
|upkeep
|turn|15
|
|t:|1760789551
|switch|p2a: Corviknight|Corviknight, F|100/100
|-ability|p2a: Corviknight|Pressure
|move|p1a: Kyurem|Ice Beam|p2a: Corviknight
|-damage|p2a: Corviknight|56/100
|
|-heal|p1a: Kyurem|71/100|[from] Grassy Terrain
|-end|p1a: Kyurem|Throat Chop|[silent]
|-fieldend|move: Grassy Terrain
|upkeep
|turn|16
|
|t:|1760789559
|switch|p2a: Skeledirge|Skeledirge, F|100/100
|-terastallize|p1a: Kyurem|Ice
|move|p1a: Kyurem|Ice Beam|p2a: Skeledirge
|-resisted|p2a: Skeledirge
|-damage|p2a: Skeledirge|77/100
|-status|p2a: Skeledirge|frz
|
|upkeep
|turn|17
|
|t:|1760789564
|switch|p1a: Ceruledge|Ceruledge, F|99/100
|-damage|p1a: Ceruledge|87/100|[from] Spikes
|cant|p2a: Skeledirge|frz
|
|upkeep
|turn|18
|
|t:|1760789574
|switch|p2a: Ting-Lu|Ting-Lu, shiny|87/100
|-ability|p2a: Ting-Lu|Vessel of Ruin
|move|p1a: Ceruledge|Poltergeist|p2a: Ting-Lu
|-activate|p2a: Ting-Lu|move: Poltergeist|Leftovers
|-resisted|p2a: Ting-Lu
|-damage|p2a: Ting-Lu|67/100
|
|-heal|p2a: Ting-Lu|73/100|[from] item: Leftovers
|upkeep
|turn|19
|
|t:|1760789581
|switch|p1a: Rillaboom|Rillaboom, F|68/100
|-damage|p1a: Rillaboom|56/100|[from] Spikes
|-fieldstart|move: Grassy Terrain|[from] ability: Grassy Surge|[of] p1a: Rillaboom
|move|p2a: Ting-Lu|Throat Chop|p1a: Rillaboom
|-damage|p1a: Rillaboom|24/100
|-start|p1a: Rillaboom|Throat Chop|[silent]
|
|-heal|p1a: Rillaboom|30/100|[from] Grassy Terrain
|-heal|p2a: Ting-Lu|79/100|[from] Grassy Terrain
|-heal|p2a: Ting-Lu|85/100|[from] item: Leftovers
|upkeep
|turn|20
|
|t:|1760789595
|switch|p2a: Corviknight|Corviknight, F|56/100
|-ability|p2a: Corviknight|Pressure
|move|p1a: Rillaboom|Knock Off|p2a: Corviknight
|-damage|p2a: Corviknight|36/100
|-damage|p1a: Rillaboom|20/100|[from] item: Life Orb
|
|-heal|p1a: Rillaboom|26/100|[from] Grassy Terrain
|-end|p1a: Rillaboom|Throat Chop|[silent]
|upkeep
|turn|21
|
|t:|1760789599
|switch|p1a: Ceruledge|Ceruledge, F|87/100
|-damage|p1a: Ceruledge|74/100|[from] Spikes
|move|p2a: Corviknight|Roost|p2a: Corviknight
|-heal|p2a: Corviknight|86/100
|-singleturn|p2a: Corviknight|move: Roost
|
|-heal|p1a: Ceruledge|81/100|[from] Grassy Terrain
|-heal|p2a: Corviknight|92/100|[from] Grassy Terrain
|upkeep
|turn|22
|
|t:|1760789605
|switch|p2a: Ting-Lu|Ting-Lu, shiny|85/100
|-ability|p2a: Ting-Lu|Vessel of Ruin
|move|p1a: Ceruledge|Bitter Blade|p2a: Ting-Lu
|-damage|p2a: Ting-Lu|49/100
|-heal|p1a: Ceruledge|100/100|[from] drain|[of] p2a: Ting-Lu
|
|-heal|p2a: Ting-Lu|55/100|[from] Grassy Terrain
|-heal|p2a: Ting-Lu|61/100|[from] item: Leftovers
|upkeep
|turn|23
|
|t:|1760789614
|switch|p1a: Iron Treads|Iron Treads|100/100
|-damage|p1a: Iron Treads|88/100|[from] Spikes
|move|p2a: Ting-Lu|Throat Chop|p1a: Iron Treads
|-damage|p1a: Iron Treads|59/100
|-start|p1a: Iron Treads|Throat Chop|[silent]
|
|-heal|p1a: Iron Treads|65/100|[from] Grassy Terrain
|-heal|p1a: Iron Treads|71/100|[from] item: Leftovers
|-heal|p2a: Ting-Lu|68/100|[from] Grassy Terrain
|-heal|p2a: Ting-Lu|74/100|[from] item: Leftovers
|-fieldend|move: Grassy Terrain
|upkeep
|turn|24
|
|t:|1760789620
|switch|p2a: Corviknight|Corviknight, F|92/100
|-ability|p2a: Corviknight|Pressure
|move|p1a: Iron Treads|Stealth Rock|p2a: Corviknight
|-sidestart|p2: healboy009|move: Stealth Rock
|
|-heal|p1a: Iron Treads|77/100|[from] item: Leftovers
|-end|p1a: Iron Treads|Throat Chop|[silent]
|upkeep
|turn|25
|
|t:|1760789624
|-end|p1a: Iron Treads|Quark Drive|[silent]
|switch|p1a: Mandibuzz|Mandibuzz, F|75/100
|move|p2a: Corviknight|Brave Bird|p1a: Mandibuzz
|-damage|p1a: Mandibuzz|53/100
|-damage|p2a: Corviknight|84/100|[from] Recoil
|
|upkeep
|turn|26
|
|t:|1760789631
|switch|p1a: Ceruledge|Ceruledge, F|100/100
|-damage|p1a: Ceruledge|88/100|[from] Spikes
|move|p2a: Corviknight|Iron Defense|p2a: Corviknight
|-boost|p2a: Corviknight|def|2
|
|upkeep
|turn|27
|
|t:|1760789635
|move|p1a: Ceruledge|Bitter Blade|p2a: Corviknight
|-supereffective|p2a: Corviknight
|-damage|p2a: Corviknight|41/100
|-heal|p1a: Ceruledge|100/100|[from] drain|[of] p2a: Corviknight
|move|p2a: Corviknight|Brave Bird|p1a: Ceruledge
|-damage|p1a: Ceruledge|51/100
|-damage|p2a: Corviknight|29/100|[from] Recoil
|
|upkeep
|turn|28
|
|t:|1760789650
|move|p1a: Ceruledge|Bitter Blade|p2a: Corviknight
|-supereffective|p2a: Corviknight
|-damage|p2a: Corviknight|0 fnt
|-heal|p1a: Ceruledge|71/100|[from] drain|[of] p2a: Corviknight
|faint|p2a: Corviknight
|
|upkeep
|
|t:|1760789654
|switch|p2a: Dragapult|Dragapult, F, tera:Ghost|27/100
|-damage|p2a: Dragapult|14/100|[from] Stealth Rock
|turn|29
|
|t:|1760789680
|switch|p1a: Mandibuzz|Mandibuzz, F|53/100
|move|p2a: Dragapult|Draco Meteor|p1a: Mandibuzz
|-damage|p1a: Mandibuzz|0 fnt
|-unboost|p2a: Dragapult|spa|2
|faint|p1a: Mandibuzz
|
|upkeep
|
|t:|1760789682
|switch|p1a: Rillaboom|Rillaboom, F|26/100
|-damage|p1a: Rillaboom|14/100|[from] Spikes
|-fieldstart|move: Grassy Terrain|[from] ability: Grassy Surge|[of] p1a: Rillaboom
|turn|30
|
|t:|1760789692
|switch|p2a: Weezing|Weezing-Galar, M|100/100
|-ability|p2a: Weezing|Neutralizing Gas
|move|p1a: Rillaboom|Grassy Glide|p2a: Weezing
|-resisted|p2a: Weezing
|-damage|p2a: Weezing|80/100
|-damage|p1a: Rillaboom|4/100|[from] item: Life Orb
|
|-heal|p1a: Rillaboom|10/100|[from] Grassy Terrain
|-heal|p2a: Weezing|86/100|[from] Grassy Terrain
|upkeep
|turn|31
|inactive|Clairrr03 has 120 seconds left.
|
|t:|1760789731
|move|p1a: Rillaboom|Wood Hammer|p2a: Weezing
|-resisted|p2a: Weezing
|-damage|p2a: Weezing|41/100
|-damage|p1a: Rillaboom|0 fnt|[from] Recoil
|faint|p1a: Rillaboom
|move|p2a: Weezing|Defog|p1: Rillaboom|[notarget]
|-fail|p2a: Weezing
|
|-heal|p2a: Weezing|47/100|[from] Grassy Terrain
|upkeep
|
|t:|1760789735
|switch|p1a: Ceruledge|Ceruledge, F|71/100
|-damage|p1a: Ceruledge|58/100|[from] Spikes
|turn|32
|
|t:|1760789739
|-end|p2a: Weezing|ability: Neutralizing Gas
|switch|p2a: Skeledirge|Skeledirge, F|77/100 frz
|move|p1a: Ceruledge|Bitter Blade|p2a: Skeledirge
|-resisted|p2a: Skeledirge
|-damage|p2a: Skeledirge|47/100 frz
|-heal|p1a: Ceruledge|80/100|[from] drain|[of] p2a: Skeledirge
|-curestatus|p2a: Skeledirge|frz|[msg]
|
|-heal|p1a: Ceruledge|86/100|[from] Grassy Terrain
|-heal|p2a: Skeledirge|53/100|[from] Grassy Terrain
|upkeep
|turn|33
|
|t:|1760789749
|move|p1a: Ceruledge|Bitter Blade|p2a: Skeledirge
|-resisted|p2a: Skeledirge
|-damage|p2a: Skeledirge|25/100
|-heal|p1a: Ceruledge|100/100|[from] drain|[of] p2a: Skeledirge
|move|p2a: Skeledirge|Slack Off|p2a: Skeledirge
|-heal|p2a: Skeledirge|75/100
|
|-heal|p2a: Skeledirge|81/100|[from] Grassy Terrain
|upkeep
|turn|34
|
|t:|1760789753
|switch|p1a: Iron Treads|Iron Treads|77/100
|-damage|p1a: Iron Treads|65/100|[from] Spikes
|move|p2a: Skeledirge|Torch Song|p1a: Iron Treads
|-supereffective|p1a: Iron Treads
|-damage|p1a: Iron Treads|0 fnt
|-boost|p2a: Skeledirge|spa|1
|faint|p1a: Iron Treads
|-end|p1a: Iron Treads|Quark Drive|[silent]
|
|-heal|p2a: Skeledirge|87/100|[from] Grassy Terrain
|-fieldend|move: Grassy Terrain
|upkeep
|
|t:|1760789755
|switch|p1a: Kyurem|Kyurem, tera:Ice|71/100
|-damage|p1a: Kyurem|59/100|[from] Spikes
|-ability|p1a: Kyurem|Pressure
|turn|35
|
|t:|1760789758
|move|p1a: Kyurem|Earth Power|p2a: Skeledirge
|-supereffective|p2a: Skeledirge
|-damage|p2a: Skeledirge|39/100
|move|p2a: Skeledirge|Torch Song|p1a: Kyurem
|-supereffective|p1a: Kyurem
|-damage|p1a: Kyurem|0 fnt
|-boost|p2a: Skeledirge|spa|1
|faint|p1a: Kyurem
|
|upkeep
|
|t:|1760789761
|switch|p1a: Ceruledge|Ceruledge, F|100/100
|-damage|p1a: Ceruledge|88/100|[from] Spikes
|turn|36
|
|t:|1760789765
|move|p1a: Ceruledge|Poltergeist|p2a: Skeledirge
|-activate|p2a: Skeledirge|move: Poltergeist|Heavy-Duty Boots
|-supereffective|p2a: Skeledirge
|-damage|p2a: Skeledirge|0 fnt
|faint|p2a: Skeledirge
|
|upkeep
|
|t:|1760789770
|switch|p2a: Dragapult|Dragapult, F, tera:Ghost|14/100
|-damage|p2a: Dragapult|2/100|[from] Stealth Rock
|turn|37
|c|☆healboy009|Gg
|c|☆healboy009|Nice choice band ceruledge
|inactive|Clairrr03 has 120 seconds left.
|c|☆healboy009|You almost fooled me
|c|☆healboy009|XD
|
|t:|1760789813
|move|p2a: Dragapult|Shadow Ball|p1a: Ceruledge
|-supereffective|p1a: Ceruledge
|-damage|p1a: Ceruledge|0 fnt
|faint|p1a: Ceruledge
|
|win|healboy009
|raw|Clairrr03's rating: 1481 &rarr; <strong>1459</strong><br />(-22 for losing)
|raw|healboy009's rating: 1440 &rarr; <strong>1462</strong><br />(+22 for winning)
|l|☆Clairrr03
|player|p1|
|c|☆healboy009|Gg
|l|☆healboy009
|player|p2|
