|j|☆Mouu'd
|j|☆H3ra_GIGI
|t:|1760722521
|gametype|singles
|player|p1|Mouu'd|1|1276
|player|p2|H3ra_GIGI|266|1263
|gen|9
|tier|[Gen 9] OU
|rated|
|rule|HP Percentage Mod: HP is shown in percentages
|rule|Endless Battle Clause: Forcing endless battles is banned
|rule|Species Clause: Limit one of each Pokémon
|rule|OHKO Clause: OHKO moves are banned
|rule|Evasion Items Clause: Evasion items are banned
|rule|Evasion Moves Clause: Evasion moves are banned
|rule|Evasion Abilities Clause: Evasion abilities are banned
|rule|Sleep Moves Clause: Sleep-inducing moves are banned
|clearpoke
|poke|p1|Slowbro, M|
|poke|p1|Diancie|
|poke|p1|Glastrier|
|poke|p1|Ursaluna, M|
|poke|p1|Exeggutor-Alola, M|
|poke|p1|Conkeldurr, F|
|poke|p2|Ting-Lu|
|poke|p2|Slowking-Galar, M|
|poke|p2|Dragapult, F|
|poke|p2|Azumarill, M|
|poke|p2|Great Tusk|
|poke|p2|Corviknight, F|
|teampreview
|inactive|Battle timer is ON: inactive players will automatically lose when time's up. (requested by Mouu'd)
|
|t:|1760722550
|teamsize|p1|6
|teamsize|p2|6
|start
|switch|p1a: Sodom|Exeggutor-Alola, M, shiny|100/100
|switch|p2a: Azumarill|Azumarill, M|100/100
|turn|1
|
|t:|1760722560
|move|p2a: Azumarill|Play Rough|p1a: Sodom
|-supereffective|p1a: Sodom
|-damage|p1a: Sodom|0 fnt
|faint|p1a: Sodom
|
|upkeep
|
|t:|1760722574
|switch|p1a: Jinbei|Slowbro, M, shiny|100/100
|turn|2
|
|t:|1760722589
|switch|p2a: Corviknight|Corviknight, F|100/100
|-ability|p2a: Corviknight|Pressure
|move|p1a: Jinbei|Trick Room|p1a: Jinbei
|-fieldstart|move: Trick Room|[of] p1a: Jinbei
|
|upkeep
|turn|3
|
|t:|1760722602
|move|p1a: Jinbei|Fire Blast|p2a: Corviknight|[miss]
|-miss|p1a: Jinbei|p2a: Corviknight
|move|p2a: Corviknight|U-turn|p1a: Jinbei
|-supereffective|p1a: Jinbei
|-damage|p1a: Jinbei|83/100
|
|t:|1760722608
|switch|p2a: Azumarill|Azumarill, M|100/100|[from] U-turn
|
|upkeep
|turn|4
|
|t:|1760722620
|switch|p1a: Chopper|Ursaluna, M|100/100
|move|p2a: Azumarill|Play Rough|p1a: Chopper|[miss]
|-miss|p2a: Azumarill|p1a: Chopper
|
|-status|p1a: Chopper|brn|[from] item: Flame Orb
|upkeep
|turn|5
|
|t:|1760722637
|move|p1a: Chopper|Facade|p2a: Azumarill
|-damage|p2a: Azumarill|0 fnt
|faint|p2a: Azumarill
|
|-damage|p1a: Chopper|94/100 brn|[from] brn
|upkeep
|
|t:|1760722649
|switch|p2a: Ting-Lu|Ting-Lu|100/100
|-ability|p2a: Ting-Lu|Vessel of Ruin
|turn|6
|
|t:|1760722661
|move|p1a: Chopper|Hammer Arm|p2a: Ting-Lu
|-supereffective|p2a: Ting-Lu
|-damage|p2a: Ting-Lu|34/100
|-unboost|p1a: Chopper|spe|1
|move|p2a: Ting-Lu|Ruination|p1a: Chopper|[miss]
|-miss|p2a: Ting-Lu|p1a: Chopper
|
|-heal|p2a: Ting-Lu|40/100|[from] item: Leftovers
|-damage|p1a: Chopper|88/100 brn|[from] brn
|-fieldend|move: Trick Room
|upkeep
|turn|7
|-message|H3ra_GIGI forfeited.
|
|win|Mouu'd
|raw|Mouu&apos;d's rating: 1276 &rarr; <strong>1300</strong><br />(+24 for winning)
|raw|H3ra_GIGI's rating: 1263 &rarr; <strong>1239</strong><br />(-24 for losing)
|l|☆H3ra_GIGI
|player|p2|
|l|☆Mouu'd
|player|p1|
