|j|☆taerola
|j|☆BigJulius
|t:|1760728313
|gametype|singles
|player|p1|taerola|102|1372
|player|p2|BigJulius|266|1419
|gen|9
|tier|[Gen 9] OU
|rated|
|rule|HP Percentage Mod: HP is shown in percentages
|rule|Endless Battle Clause: Forcing endless battles is banned
|rule|Species Clause: Limit one of each Pokémon
|rule|OHKO Clause: OHKO moves are banned
|rule|Evasion Items Clause: Evasion items are banned
|rule|Evasion Moves Clause: Evasion moves are banned
|rule|Evasion Abilities Clause: Evasion abilities are banned
|rule|Sleep Moves Clause: Sleep-inducing moves are banned
|clearpoke
|poke|p1|Iron Moth|
|poke|p1|Azelf|
|poke|p1|Dragapult, F|
|poke|p1|Iron Treads|
|poke|p1|Primeape, F|
|poke|p1|Rillaboom, M|
|poke|p2|Clodsire, F|
|poke|p2|Rillaboom, M|
|poke|p2|Mandibuzz, F|
|poke|p2|Mienshao, F|
|poke|p2|Iron Valiant|
|poke|p2|Skeledirge, F|
|teampreview
|inactive|Battle timer is ON: inactive players will automatically lose when time's up. (requested by BigJulius)
|
|t:|1760728326
|teamsize|p1|6
|teamsize|p2|6
|start
|switch|p1a: Azelf|Azelf|100/100
|switch|p2a: Mienshao|Mienshao, F|100/100
|turn|1
|
|t:|1760728333
|move|p2a: Mienshao|Knock Off|p1a: Azelf
|-supereffective|p1a: Azelf
|-damage|p1a: Azelf|0 fnt
|-enditem|p1a: Azelf|Light Clay|[from] move: Knock Off|[of] p2a: Mienshao
|faint|p1a: Azelf
|
|upkeep
|inactive|taerola has 120 seconds left.
|
|t:|1760728381
|switch|p1a: Dragapult|Dragapult, F|100/100
|turn|2
|
|t:|1760728386
|switch|p1a: Primeape|Primeape, F|100/100
|move|p2a: Mienshao|Knock Off|p1a: Primeape
|-resisted|p1a: Primeape
|-damage|p1a: Primeape|81/100
|-enditem|p1a: Primeape|Eviolite|[from] move: Knock Off|[of] p2a: Mienshao
|
|upkeep
|turn|3
|
|t:|1760728396
|switch|p2a: Skeledirge|Skeledirge, F|100/100
|move|p1a: Primeape|Rage Fist|p2a: Skeledirge
|-supereffective|p2a: Skeledirge
|-damage|p2a: Skeledirge|73/100
|-damage|p1a: Primeape|64/100|[from] item: Rocky Helmet|[of] p2a: Skeledirge
|
|upkeep
|turn|4
|
|t:|1760728406
|switch|p1a: Iron Moth|Iron Moth|100/100
|-enditem|p1a: Iron Moth|Booster Energy
|-activate|p1a: Iron Moth|ability: Quark Drive|[fromitem]
|-start|p1a: Iron Moth|quarkdrivespe
|move|p2a: Skeledirge|Will-O-Wisp|p1a: Iron Moth
|-immune|p1a: Iron Moth
|
|upkeep
|turn|5
|
|t:|1760728417
|-end|p1a: Iron Moth|Quark Drive|[silent]
|switch|p1a: Dragapult|Dragapult, F|100/100
|move|p2a: Skeledirge|Earth Power|p1a: Dragapult
|-damage|p1a: Dragapult|72/100
|
|upkeep
|turn|6
|
|t:|1760728422
|switch|p2a: Mandibuzz|Mandibuzz, F|100/100
|-terastallize|p1a: Dragapult|Ghost
|move|p1a: Dragapult|Tera Blast|p2a: Mandibuzz|[anim] Tera Blast Ghost
|-resisted|p2a: Mandibuzz
|-damage|p2a: Mandibuzz|73/100
|
|upkeep
|turn|7
|inactive|taerola has 120 seconds left.
|
|t:|1760728446
|switch|p1a: Primeape|Primeape, F|64/100
|move|p2a: Mandibuzz|U-turn|p1a: Primeape
|-resisted|p1a: Primeape
|-damage|p1a: Primeape|56/100
|
|t:|1760728453
|switch|p2a: Mienshao|Mienshao, F|100/100|[from] U-turn
|
|upkeep
|turn|8
|
|t:|1760728460
|switch|p1a: Iron Moth|Iron Moth|100/100
|move|p2a: Mienshao|Close Combat|p1a: Iron Moth
|-resisted|p1a: Iron Moth
|-damage|p1a: Iron Moth|47/100
|-unboost|p2a: Mienshao|def|1
|-unboost|p2a: Mienshao|spd|1
|
|upkeep
|turn|9
|
|t:|1760728467
|-end|p1a: Iron Moth|Quark Drive|[silent]
|switch|p1a: Dragapult|Dragapult, F, tera:Ghost|72/100
|move|p2a: Mienshao|Close Combat|p1a: Dragapult
|-immune|p1a: Dragapult
|
|upkeep
|turn|10
|
|t:|1760728482
|switch|p2a: Mandibuzz|Mandibuzz, F|73/100
|move|p1a: Dragapult|Dragon Darts|p2a: Mandibuzz
|-damage|p2a: Mandibuzz|50/100
|-anim|p1a: Dragapult|Dragon Darts|p2a: Mandibuzz
|-damage|p2a: Mandibuzz|24/100
|
|upkeep
|turn|11
|
|t:|1760728492
|switch|p1a: Iron Moth|Iron Moth|47/100
|switch|p2a: Iron Valiant|Iron Valiant|100/100
|-enditem|p2a: Iron Valiant|Booster Energy
|-activate|p2a: Iron Valiant|ability: Quark Drive|[fromitem]
|-start|p2a: Iron Valiant|quarkdrivespe
|
|upkeep
|turn|12
|
|t:|1760728500
|-end|p2a: Iron Valiant|Quark Drive|[silent]
|switch|p2a: Clodsire|Clodsire, F, shiny|100/100
|move|p1a: Iron Moth|Sludge Wave|p2a: Clodsire
|-resisted|p2a: Clodsire
|-damage|p2a: Clodsire|94/100
|
|-heal|p2a: Clodsire|99/100|[from] item: Leftovers
|upkeep
|turn|13
|
|t:|1760728507
|-end|p1a: Iron Moth|Quark Drive|[silent]
|switch|p1a: Iron Treads|Iron Treads|100/100
|-item|p1a: Iron Treads|Air Balloon
|move|p2a: Clodsire|Toxic|p1a: Iron Treads
|-immune|p1a: Iron Treads
|
|-heal|p2a: Clodsire|100/100|[from] item: Leftovers
|upkeep
|turn|14
|
|t:|1760728516
|switch|p2a: Mandibuzz|Mandibuzz, F|24/100
|move|p1a: Iron Treads|Ice Spinner|p2a: Mandibuzz
|-supereffective|p2a: Mandibuzz
|-damage|p2a: Mandibuzz|0 fnt
|faint|p2a: Mandibuzz
|
|upkeep
|
|t:|1760728529
|switch|p2a: Mienshao|Mienshao, F|100/100
|turn|15
|
|t:|1760728542
|-end|p1a: Iron Treads|Quark Drive|[silent]
|switch|p1a: Iron Moth|Iron Moth|47/100
|move|p2a: Mienshao|Knock Off|p1a: Iron Moth
|-damage|p1a: Iron Moth|5/100
|
|upkeep
|turn|16
|
|t:|1760728554
|-end|p1a: Iron Moth|Quark Drive|[silent]
|switch|p1a: Primeape|Primeape, F|56/100
|move|p2a: Mienshao|Knock Off|p1a: Primeape
|-resisted|p1a: Primeape
|-damage|p1a: Primeape|39/100
|
|upkeep
|turn|17
|
|t:|1760728565
|switch|p2a: Skeledirge|Skeledirge, F|73/100
|move|p1a: Primeape|Rage Fist|p2a: Skeledirge
|-supereffective|p2a: Skeledirge
|-damage|p2a: Skeledirge|12/100
|-damage|p1a: Primeape|22/100|[from] item: Rocky Helmet|[of] p2a: Skeledirge
|
|upkeep
|turn|18
|
|t:|1760728573
|move|p1a: Primeape|Rage Fist|p2a: Skeledirge
|-supereffective|p2a: Skeledirge
|-damage|p2a: Skeledirge|0 fnt
|-damage|p1a: Primeape|6/100|[from] item: Rocky Helmet|[of] p2a: Skeledirge
|faint|p2a: Skeledirge
|
|upkeep
|
|t:|1760728585
|switch|p2a: Mienshao|Mienshao, F|100/100
|turn|19
|
|t:|1760728605
|switch|p1a: Iron Moth|Iron Moth|5/100
|move|p2a: Mienshao|Knock Off|p1a: Iron Moth
|-damage|p1a: Iron Moth|0 fnt
|faint|p1a: Iron Moth
|-end|p1a: Iron Moth|Quark Drive|[silent]
|
|upkeep
|
|t:|1760728617
|switch|p1a: Rillaboom|Rillaboom, M|100/100
|-fieldstart|move: Grassy Terrain|[from] ability: Grassy Surge|[of] p1a: Rillaboom
|turn|20
|
|t:|1760728622
|switch|p2a: Rillaboom|Rillaboom, M|100/100
|move|p1a: Rillaboom|Grassy Glide|p2a: Rillaboom
|-resisted|p2a: Rillaboom
|-damage|p2a: Rillaboom|73/100
|-damage|p1a: Rillaboom|91/100|[from] item: Life Orb
|
|-heal|p1a: Rillaboom|97/100|[from] Grassy Terrain
|-heal|p2a: Rillaboom|79/100|[from] Grassy Terrain
|upkeep
|turn|21
|
|t:|1760728635
|move|p1a: Rillaboom|Knock Off|p2a: Rillaboom
|-damage|p2a: Rillaboom|36/100
|-enditem|p2a: Rillaboom|Miracle Seed|[from] move: Knock Off|[of] p1a: Rillaboom
|-damage|p1a: Rillaboom|87/100|[from] item: Life Orb
|move|p2a: Rillaboom|Swords Dance|p2a: Rillaboom
|-boost|p2a: Rillaboom|atk|2
|
|-heal|p1a: Rillaboom|93/100|[from] Grassy Terrain
|-heal|p2a: Rillaboom|42/100|[from] Grassy Terrain
|upkeep
|turn|22
|inactive|taerola has 120 seconds left.
|
|t:|1760728677
|move|p1a: Rillaboom|Grassy Glide|p2a: Rillaboom
|-resisted|p2a: Rillaboom
|-damage|p2a: Rillaboom|18/100
|-damage|p1a: Rillaboom|83/100|[from] item: Life Orb
|move|p2a: Rillaboom|Drain Punch|p1a: Rillaboom
|-damage|p1a: Rillaboom|25/100
|-heal|p2a: Rillaboom|47/100|[from] drain|[of] p1a: Rillaboom
|
|-heal|p1a: Rillaboom|31/100|[from] Grassy Terrain
|-heal|p2a: Rillaboom|53/100|[from] Grassy Terrain
|upkeep
|turn|23
|
|t:|1760728688
|switch|p1a: Dragapult|Dragapult, F, tera:Ghost|72/100
|move|p2a: Rillaboom|Grassy Glide|p1a: Dragapult
|-damage|p1a: Dragapult|0 fnt
|faint|p1a: Dragapult
|
|-heal|p2a: Rillaboom|60/100|[from] Grassy Terrain
|upkeep
|-message|taerola forfeited.
|
|win|BigJulius
|raw|taerola's rating: 1372 &rarr; <strong>1355</strong><br />(-17 for losing)
|raw|BigJulius's rating: 1419 &rarr; <strong>1436</strong><br />(+17 for winning)
|l|☆taerola
|player|p1|
|l|☆BigJulius
|player|p2|
