|j|☆PokeStarBros
|j|☆6 7 reasons why
|t:|1760876368
|gametype|singles
|player|p1|PokeStarBros|102|1287
|player|p2|6 7 reasons why|265|1335
|gen|9
|tier|[Gen 9] OU
|rated|
|rule|HP Percentage Mod: HP is shown in percentages
|rule|Endless Battle Clause: Forcing endless battles is banned
|rule|Species Clause: Limit one of each Pokémon
|rule|OHKO Clause: OHKO moves are banned
|rule|Evasion Items Clause: Evasion items are banned
|rule|Evasion Moves Clause: Evasion moves are banned
|rule|Evasion Abilities Clause: Evasion abilities are banned
|rule|Sleep Moves Clause: Sleep-inducing moves are banned
|clearpoke
|poke|p1|Malamar, M|
|poke|p1|Corviknight, F|
|poke|p1|Zoroark-Hisui, F|
|poke|p1|Iron Moth|
|poke|p1|Araquanid, F|
|poke|p1|Weavile, F|
|poke|p2|Zamazenta-*|
|poke|p2|Ninetales-Alola, F|
|poke|p2|Darkrai|
|poke|p2|Ceruledge, M|
|poke|p2|Gliscor, M|
|poke|p2|Hatterene, F|
|teampreview
|inactive|Battle timer is ON: inactive players will automatically lose when time's up. (requested by 6 7 reasons why)
|inactive|PokeStarBros has 120 seconds left.
|inactive|PokeStarBros has 90 seconds left.
|
|t:|1760876444
|teamsize|p1|6
|teamsize|p2|6
|start
|switch|p1a: Araquanid|Araquanid, F|100/100
|switch|p2a: Ninetales|Ninetales-Alola, F|100/100
|-weather|Snowscape|[from] ability: Snow Warning|[of] p2a: Ninetales
|turn|1
|
|t:|1760876450
|switch|p2a: Hatterene|Hatterene, F|100/100
|move|p1a: Araquanid|Sticky Web|p2a: Hatterene
|move|p2a: Hatterene|Sticky Web|p1a: Araquanid|[from] ability: Magic Bounce
|-sidestart|p1: PokeStarBros|move: Sticky Web
|
|-weather|Snowscape|[upkeep]
|upkeep
|turn|2
|
|t:|1760876462
|switch|p1a: Corviknight|Corviknight, F|100/100
|move|p2a: Hatterene|Psyshock|p1a: Corviknight
|-resisted|p1a: Corviknight
|-damage|p1a: Corviknight|90/100
|
|-weather|Snowscape|[upkeep]
|upkeep
|turn|3
|
|t:|1760876471
|move|p1a: Corviknight|Defog|p2a: Hatterene
|move|p2a: Hatterene|Defog|p1a: Corviknight|[from] ability: Magic Bounce
|-ability|p1a: Corviknight|Mirror Armor
|-unboost|p2a: Hatterene|evasion|1
|-sideend|p1: PokeStarBros|Sticky Web|[from] move: Defog|[of] p2a: Hatterene
|move|p2a: Hatterene|Mystical Fire|p1a: Corviknight
|-supereffective|p1a: Corviknight
|-damage|p1a: Corviknight|46/100
|-ability|p1a: Corviknight|Mirror Armor
|-unboost|p2a: Hatterene|spa|1
|
|-weather|Snowscape|[upkeep]
|upkeep
|turn|4
|
|t:|1760876488
|switch|p1a: Araquanid|Araquanid, F|100/100
|switch|p2a: Ceruledge|Ceruledge, M|100/100
|
|-weather|Snowscape|[upkeep]
|upkeep
|turn|5
|
|t:|1760876496
|switch|p2a: Hatterene|Hatterene, F|100/100
|move|p1a: Araquanid|Liquidation|p2a: Hatterene
|-damage|p2a: Hatterene|30/100
|
|-weather|none
|-heal|p2a: Hatterene|36/100|[from] item: Leftovers
|upkeep
|turn|6
|
|t:|1760876504
|switch|p2a: Ninetales|Ninetales-Alola, F|100/100
|-weather|Snowscape|[from] ability: Snow Warning|[of] p2a: Ninetales
|move|p1a: Araquanid|Liquidation|p2a: Ninetales
|-damage|p2a: Ninetales|39/100
|
|-weather|Snowscape|[upkeep]
|upkeep
|turn|7
|
|t:|1760876511
|switch|p2a: Hatterene|Hatterene, F|36/100
|move|p1a: Araquanid|Liquidation|p2a: Hatterene
|-damage|p2a: Hatterene|0 fnt
|faint|p2a: Hatterene
|
|-weather|Snowscape|[upkeep]
|upkeep
|
|t:|1760876514
|switch|p2a: Ninetales|Ninetales-Alola, F|39/100
|turn|8
|
|t:|1760876520
|move|p2a: Ninetales|Aurora Veil|p2a: Ninetales
|-sidestart|p2: 6 7 reasons why|move: Aurora Veil
|move|p1a: Araquanid|Liquidation|p2a: Ninetales
|-damage|p2a: Ninetales|8/100
|
|-weather|Snowscape|[upkeep]
|upkeep
|turn|9
|
|t:|1760876530
|move|p2a: Ninetales|Freeze-Dry|p1a: Araquanid
|-supereffective|p1a: Araquanid
|-damage|p1a: Araquanid|69/100
|move|p1a: Araquanid|Sticky Web|p2a: Ninetales
|-sidestart|p2: 6 7 reasons why|move: Sticky Web
|
|-weather|Snowscape|[upkeep]
|upkeep
|turn|10
|
|t:|1760876539
|move|p2a: Ninetales|Freeze-Dry|p1a: Araquanid
|-supereffective|p1a: Araquanid
|-damage|p1a: Araquanid|36/100
|move|p1a: Araquanid|Liquidation|p2a: Ninetales
|-damage|p2a: Ninetales|0 fnt
|faint|p2a: Ninetales
|
|-weather|none
|upkeep
|
|t:|1760876543
|switch|p2a: Gliscor|Gliscor, M|100/100
|turn|11
|
|t:|1760876566
|switch|p1a: Corviknight|Corviknight, F|46/100
|-terastallize|p2a: Gliscor|Normal
|move|p2a: Gliscor|Agility|p2a: Gliscor
|-boost|p2a: Gliscor|spe|2
|
|-status|p2a: Gliscor|tox|[from] item: Toxic Orb
|upkeep
|turn|12
|
|t:|1760876577
|move|p2a: Gliscor|Swords Dance|p2a: Gliscor
|-boost|p2a: Gliscor|atk|2
|move|p1a: Corviknight|Defog|p2a: Gliscor
|-unboost|p2a: Gliscor|evasion|1
|-sideend|p2: 6 7 reasons why|move: Aurora Veil
|-sideend|p2: 6 7 reasons why|Sticky Web|[from] move: Defog|[of] p1a: Corviknight
|
|upkeep
|turn|13
|inactive|PokeStarBros has 120 seconds left.
|
|t:|1760876598
|move|p2a: Gliscor|Swords Dance|p2a: Gliscor
|-boost|p2a: Gliscor|atk|2
|move|p1a: Corviknight|Roost|p1a: Corviknight
|-heal|p1a: Corviknight|96/100
|-singleturn|p1a: Corviknight|move: Roost
|
|upkeep
|turn|14
|
|t:|1760876605
|move|p2a: Gliscor|Swords Dance|p2a: Gliscor
|-boost|p2a: Gliscor|atk|2
|move|p1a: Corviknight|Iron Defense|p1a: Corviknight
|-boost|p1a: Corviknight|def|2
|
|upkeep
|turn|15
|
|t:|1760876610
|move|p2a: Gliscor|Facade|p1a: Corviknight
|-resisted|p1a: Corviknight
|-damage|p1a: Corviknight|70/100
|-damage|p2a: Gliscor|84/100 tox|[from] item: Rocky Helmet|[of] p1a: Corviknight
|move|p1a: Corviknight|Iron Defense|p1a: Corviknight
|-boost|p1a: Corviknight|def|2
|
|-heal|p2a: Gliscor|97/100 tox|[from] ability: Poison Heal
|upkeep
|turn|16
|
|t:|1760876618
|move|p2a: Gliscor|Facade|p1a: Corviknight
|-resisted|p1a: Corviknight
|-damage|p1a: Corviknight|51/100
|-damage|p2a: Gliscor|80/100 tox|[from] item: Rocky Helmet|[of] p1a: Corviknight
|move|p1a: Corviknight|Iron Defense|p1a: Corviknight
|-boost|p1a: Corviknight|def|2
|
|-heal|p2a: Gliscor|93/100 tox|[from] ability: Poison Heal
|upkeep
|turn|17
|
|t:|1760876627
|switch|p2a: Ceruledge|Ceruledge, M|100/100
|move|p1a: Corviknight|Body Press|p2a: Ceruledge
|-immune|p2a: Ceruledge
|
|upkeep
|turn|18
|
|t:|1760876634
|move|p2a: Ceruledge|Bulk Up|p2a: Ceruledge
|-boost|p2a: Ceruledge|atk|1
|-boost|p2a: Ceruledge|def|1
|move|p1a: Corviknight|Roost|p1a: Corviknight
|-heal|p1a: Corviknight|100/100
|-singleturn|p1a: Corviknight|move: Roost
|
|upkeep
|turn|19
|
|t:|1760876646
|switch|p1a: Araquanid|Araquanid, F|36/100
|move|p2a: Ceruledge|Bulk Up|p2a: Ceruledge
|-boost|p2a: Ceruledge|atk|1
|-boost|p2a: Ceruledge|def|1
|
|upkeep
|turn|20
|
|t:|1760876657
|move|p2a: Ceruledge|Bitter Blade|p1a: Araquanid
|-damage|p1a: Araquanid|0 fnt
|faint|p1a: Araquanid
|
|upkeep
|
|t:|1760876665
|switch|p1a: Weavile|Weavile, F|100/100
|-ability|p1a: Weavile|Pressure
|turn|21
|
|t:|1760876670
|move|p1a: Weavile|Knock Off|p2a: Ceruledge
|-supereffective|p2a: Ceruledge
|-damage|p2a: Ceruledge|39/100
|-enditem|p2a: Ceruledge|Covert Cloak|[from] move: Knock Off|[of] p1a: Weavile
|move|p2a: Ceruledge|Bitter Blade|p1a: Weavile
|-supereffective|p1a: Weavile
|-enditem|p1a: Weavile|Focus Sash
|-damage|p1a: Weavile|1/100
|-heal|p2a: Ceruledge|79/100|[from] drain|[of] p1a: Weavile
|
|upkeep
|turn|22
|
|t:|1760876684
|switch|p1a: Weavile|Weavile, F|100/100
|move|p2a: Ceruledge|Shadow Sneak|p1a: Weavile
|-immune|p1a: Weavile
|
|upkeep
|turn|23
|
|t:|1760876696
|switch|p2a: Darkrai|Darkrai|100/100
|move|p1a: Weavile|Bitter Malice|p2a: Darkrai
|-resisted|p2a: Darkrai
|-damage|p2a: Darkrai|71/100
|-unboost|p2a: Darkrai|atk|1
|
|-heal|p2a: Darkrai|77/100|[from] item: Leftovers
|upkeep
|turn|24
|
|t:|1760876711
|switch|p1a: Iron Moth|Iron Moth|100/100
|move|p2a: Darkrai|Dark Pulse|p1a: Iron Moth
|-damage|p1a: Iron Moth|78/100
|
|-heal|p2a: Darkrai|83/100|[from] item: Leftovers
|upkeep
|turn|25
|
|t:|1760876729
|move|p2a: Darkrai|Psyshock|p1a: Iron Moth
|-supereffective|p1a: Iron Moth
|-damage|p1a: Iron Moth|0 fnt
|faint|p1a: Iron Moth
|-end|p1a: Iron Moth|Quark Drive|[silent]
|
|-heal|p2a: Darkrai|89/100|[from] item: Leftovers
|upkeep
|
|t:|1760876742
|switch|p1a: Malamar|Malamar, M, shiny|100/100
|turn|26
|
|t:|1760876747
|switch|p2a: Ceruledge|Ceruledge, M|79/100
|-terastallize|p1a: Malamar|Fighting
|move|p1a: Malamar|Superpower|p2a: Ceruledge
|-immune|p2a: Ceruledge
|
|upkeep
|turn|27
|
|t:|1760876758
|move|p2a: Ceruledge|Bulk Up|p2a: Ceruledge
|-boost|p2a: Ceruledge|atk|1
|-boost|p2a: Ceruledge|def|1
|move|p1a: Malamar|Knock Off|p2a: Ceruledge
|-supereffective|p2a: Ceruledge
|-damage|p2a: Ceruledge|33/100
|
|upkeep
|turn|28
|
|t:|1760876765
|move|p2a: Ceruledge|Bitter Blade|p1a: Malamar
|-damage|p1a: Malamar|52/100
|-heal|p2a: Ceruledge|54/100|[from] drain|[of] p1a: Malamar
|-damage|p2a: Ceruledge|38/100|[from] item: Rocky Helmet|[of] p1a: Malamar
|move|p1a: Malamar|Knock Off|p2a: Ceruledge
|-supereffective|p2a: Ceruledge
|-damage|p2a: Ceruledge|0 fnt
|faint|p2a: Ceruledge
|
|upkeep
|
|t:|1760876782
|switch|p2a: Zamazenta|Zamazenta|100/100
|-ability|p2a: Zamazenta|Dauntless Shield|boost
|-boost|p2a: Zamazenta|def|1
|turn|29
|
|t:|1760876788
|move|p2a: Zamazenta|Iron Defense|p2a: Zamazenta
|-boost|p2a: Zamazenta|def|2
|move|p1a: Malamar|Topsy-Turvy|p2a: Zamazenta
|-invertboost|p2a: Zamazenta|[from] move: Topsy-Turvy
|
|upkeep
|turn|30
|c|☆PokeStarBros|Topsy-Turvy underrated lol
|
|t:|1760876806
|move|p2a: Zamazenta|Iron Defense|p2a: Zamazenta
|-boost|p2a: Zamazenta|def|2
|move|p1a: Malamar|Psycho Cut|p2a: Zamazenta
|-supereffective|p2a: Zamazenta
|-damage|p2a: Zamazenta|24/100
|
|upkeep
|turn|31
|c|☆6 7 reasons why|stop ragebating broooo
|
|t:|1760876818
|move|p2a: Zamazenta|Rest|p2a: Zamazenta
|-status|p2a: Zamazenta|slp|[from] move: Rest
|-heal|p2a: Zamazenta|100/100 slp|[silent]
|-enditem|p2a: Zamazenta|Chesto Berry|[eat]
|-curestatus|p2a: Zamazenta|slp|[msg]
|move|p1a: Malamar|Psycho Cut|p2a: Zamazenta
|-supereffective|p2a: Zamazenta
|-damage|p2a: Zamazenta|19/100
|
|upkeep
|turn|32
|
|t:|1760876829
|move|p2a: Zamazenta|Body Press|p1a: Malamar
|-damage|p1a: Malamar|31/100
|-damage|p2a: Zamazenta|2/100|[from] item: Rocky Helmet|[of] p1a: Malamar
|move|p1a: Malamar|Psycho Cut|p2a: Zamazenta
|-supereffective|p2a: Zamazenta
|-damage|p2a: Zamazenta|0 fnt
|faint|p2a: Zamazenta
|
|upkeep
|
|t:|1760876833
|switch|p2a: Darkrai|Darkrai|89/100
|turn|33
|c|☆6 7 reasons why|stop clipfarming
|c|☆PokeStarBros|Not rage baiting. It really is underrated.
|c|☆6 7 reasons why|ah.
|c|☆6 7 reasons why|my bad.
|inactive|PokeStarBros has 120 seconds left.
|
|t:|1760876865
|move|p2a: Darkrai|Psyshock|p1a: Malamar
|-supereffective|p1a: Malamar
|-damage|p1a: Malamar|0 fnt
|faint|p1a: Malamar
|
|-heal|p2a: Darkrai|95/100|[from] item: Leftovers
|upkeep
|inactive|PokeStarBros has 120 seconds left.
|
|t:|1760876875
|switch|p1a: Corviknight|Corviknight, F|100/100
|turn|34
|
|t:|1760876878
|move|p2a: Darkrai|Nasty Plot|p2a: Darkrai
|-boost|p2a: Darkrai|spa|2
|move|p1a: Corviknight|Body Press|p2a: Darkrai
|-supereffective|p2a: Darkrai
|-damage|p2a: Darkrai|28/100
|
|-heal|p2a: Darkrai|34/100|[from] item: Leftovers
|upkeep
|turn|35
|
|t:|1760876886
|move|p2a: Darkrai|Dark Pulse|p1a: Corviknight
|-damage|p1a: Corviknight|11/100
|move|p1a: Corviknight|Body Press|p2a: Darkrai
|-supereffective|p2a: Darkrai
|-damage|p2a: Darkrai|0 fnt
|faint|p2a: Darkrai
|
|upkeep
|
|t:|1760876890
|switch|p2a: Gliscor|Gliscor, M, tera:Normal|93/100 tox
|turn|36
|
|t:|1760876899
|move|p2a: Gliscor|Facade|p1a: Corviknight
|-resisted|p1a: Corviknight
|-damage|p1a: Corviknight|0 fnt
|-damage|p2a: Gliscor|76/100 tox|[from] item: Rocky Helmet|[of] p1a: Corviknight
|faint|p1a: Corviknight
|
|-heal|p2a: Gliscor|89/100 tox|[from] ability: Poison Heal
|upkeep
|
|t:|1760876914
|switch|p1a: Weavile|Weavile, F|1/100
|-ability|p1a: Weavile|Pressure
|turn|37
|
|t:|1760876922
|move|p1a: Weavile|Ice Spinner|p2a: Gliscor
|-damage|p2a: Gliscor|54/100 tox
|move|p2a: Gliscor|Agility|p2a: Gliscor
|-boost|p2a: Gliscor|spe|2
|
|-heal|p2a: Gliscor|66/100 tox|[from] ability: Poison Heal
|upkeep
|turn|38
|
|t:|1760876934
|move|p2a: Gliscor|Earthquake|p1a: Weavile
|-damage|p1a: Weavile|0 fnt
|faint|p1a: Weavile
|
|-heal|p2a: Gliscor|79/100 tox|[from] ability: Poison Heal
|upkeep
|
|t:|1760876940
|switch|p1a: Zoroark|Zoroark-Hisui, F|100/100
|turn|39
|inactive|6 7 reasons why has 120 seconds left.
|
|t:|1760876972
|move|p2a: Gliscor|Earthquake|p1a: Zoroark
|-crit|p1a: Zoroark
|-damage|p1a: Zoroark|0 fnt
|faint|p1a: Zoroark
|
|win|6 7 reasons why
|raw|PokeStarBros's rating: 1287 &rarr; <strong>1265</strong><br />(-22 for losing)
|raw|6 7 reasons why's rating: 1335 &rarr; <strong>1352</strong><br />(+17 for winning)
|l|☆6 7 reasons why
|player|p2|
|c|☆PokeStarBros|gg
|l|☆PokeStarBros
|player|p1|
