|j|☆TheBigBoiPippo
|j|☆houzy
|t:|1760789052
|gametype|singles
|player|p1|TheBigBoiPippo|harlequin|1424
|player|p2|houzy|170|1329
|gen|9
|tier|[Gen 9] OU
|rated|
|rule|HP Percentage Mod: HP is shown in percentages
|rule|Endless Battle Clause: Forcing endless battles is banned
|rule|Species Clause: Limit one of each Pokémon
|rule|OHKO Clause: OHKO moves are banned
|rule|Evasion Items Clause: Evasion items are banned
|rule|Evasion Moves Clause: Evasion moves are banned
|rule|Evasion Abilities Clause: Evasion abilities are banned
|rule|Sleep Moves Clause: Sleep-inducing moves are banned
|clearpoke
|poke|p1|Necrozma|
|poke|p1|Weezing-Galar, M|
|poke|p1|Cryogonal|
|poke|p1|Heatran, M|
|poke|p1|Tentacruel, F|
|poke|p1|Rillaboom, F|
|poke|p2|Dondozo, F|
|poke|p2|Blissey, F|
|poke|p2|Corviknight, F|
|poke|p2|Weezing-Galar, F|
|poke|p2|Gliscor, F|
|poke|p2|Toxapex, M|
|teampreview
|inactive|Battle timer is ON: inactive players will automatically lose when time's up. (requested by TheBigBoiPippo)
|
|t:|1760789081
|teamsize|p1|6
|teamsize|p2|6
|start
|switch|p1a: Roaring Knight|Necrozma|100/100
|switch|p2a: Gliscor|Gliscor, F|100/100
|turn|1
|
|t:|1760789090
|switch|p1a: Fine Print|Weezing-Galar, M|100/100
|move|p2a: Gliscor|Protect||[still]
|-fail|p2a: Gliscor
|
|-status|p2a: Gliscor|tox|[from] item: Toxic Orb
|upkeep
|turn|2
|
|t:|1760789103
|switch|p1a: December|Cryogonal|100/100
|move|p2a: Gliscor|Knock Off|p1a: December
|-damage|p1a: December|61/100
|-enditem|p1a: December|Heavy-Duty Boots|[from] move: Knock Off|[of] p2a: Gliscor
|
|upkeep
|turn|3
|
|t:|1760789116
|switch|p2a: Toxapex|Toxapex, M|100/100
|move|p1a: December|Confuse Ray|p2a: Toxapex
|-start|p2a: Toxapex|confusion
|
|upkeep
|turn|4
|
|t:|1760789130
|move|p1a: December|Freeze-Dry|p2a: Toxapex
|-supereffective|p2a: Toxapex
|-damage|p2a: Toxapex|65/100
|-activate|p2a: Toxapex|confusion
|-damage|p2a: Toxapex|61/100|[from] confusion
|
|-heal|p2a: Toxapex|67/100|[from] item: Leftovers
|upkeep
|turn|5
|
|t:|1760789139
|switch|p2a: Blissey|Blissey, F|100/100
|move|p1a: December|Freeze-Dry|p2a: Blissey
|-damage|p2a: Blissey|91/100
|
|-heal|p2a: Blissey|98/100|[from] item: Leftovers
|upkeep
|turn|6
|
|t:|1760789148
|switch|p1a: DK|Rillaboom, F|100/100
|-fieldstart|move: Grassy Terrain|[from] ability: Grassy Surge|[of] p1a: DK
|move|p2a: Blissey|Stealth Rock|p1a: DK
|-sidestart|p1: TheBigBoiPippo|move: Stealth Rock
|
|-heal|p2a: Blissey|100/100|[from] Grassy Terrain
|upkeep
|turn|7
|
|t:|1760789157
|switch|p1a: Furnace|Heatran, M|100/100
|-damage|p1a: Furnace|88/100|[from] Stealth Rock
|-item|p1a: Furnace|Air Balloon
|switch|p2a: Corviknight|Corviknight, F|100/100
|-ability|p2a: Corviknight|Pressure
|
|upkeep
|turn|8
|
|t:|1760789170
|switch|p1a: Fine Print|Weezing-Galar, M|100/100
|-damage|p1a: Fine Print|88/100|[from] Stealth Rock
|switch|p2a: Blissey|Blissey, F|100/100
|
|upkeep
|turn|9
|
|t:|1760789179
|move|p1a: Fine Print|Defog|p2a: Blissey
|-unboost|p2a: Blissey|evasion|1
|-sideend|p1: TheBigBoiPippo|Stealth Rock|[from] move: Defog|[of] p1a: Fine Print
|-fieldend|move: Grassy Terrain
|move|p2a: Blissey|Seismic Toss|p1a: Fine Print
|-damage|p1a: Fine Print|58/100
|
|upkeep
|turn|10
|
|t:|1760789188
|move|p1a: Fine Print|Will-O-Wisp|p2a: Blissey
|-status|p2a: Blissey|brn
|move|p2a: Blissey|Seismic Toss|p1a: Fine Print
|-damage|p1a: Fine Print|28/100
|
|-damage|p2a: Blissey|94/100 brn|[from] brn
|upkeep
|turn|11
|
|t:|1760789197
|move|p1a: Fine Print|Destiny Bond|p1a: Fine Print
|-singlemove|p1a: Fine Print|Destiny Bond
|move|p2a: Blissey|Seismic Toss|p1a: Fine Print
|-damage|p1a: Fine Print|0 fnt
|faint|p1a: Fine Print
|-activate|p1a: Fine Print|move: Destiny Bond
|faint|p2a: Blissey
|
|upkeep
|
|t:|1760789211
|switch|p1a: December|Cryogonal|61/100
|switch|p2a: Gliscor|Gliscor, F|100/100 tox
|turn|12
|
|t:|1760789218
|switch|p2a: Toxapex|Toxapex, M|100/100
|move|p1a: December|Freeze-Dry|p2a: Toxapex
|-supereffective|p2a: Toxapex
|-damage|p2a: Toxapex|60/100
|
|-heal|p2a: Toxapex|67/100|[from] item: Leftovers
|upkeep
|turn|13
|
|t:|1760789228
|switch|p1a: Chtulu|Tentacruel, F|100/100
|move|p2a: Toxapex|Toxic|p1a: Chtulu
|-immune|p1a: Chtulu
|
|-heal|p2a: Toxapex|73/100|[from] item: Leftovers
|upkeep
|turn|14
|
|t:|1760789239
|switch|p2a: Weezing|Weezing-Galar, F|100/100
|-ability|p2a: Weezing|Neutralizing Gas
|move|p1a: Chtulu|Rapid Spin|p2a: Weezing
|-damage|p2a: Weezing|95/100
|-boost|p1a: Chtulu|spe|1
|
|upkeep
|turn|15
|
|t:|1760789252
|-end|p2a: Weezing|ability: Neutralizing Gas
|switch|p2a: Corviknight|Corviknight, F|100/100
|-ability|p2a: Corviknight|Pressure
|move|p1a: Chtulu|Sludge Bomb|p2a: Corviknight
|-immune|p2a: Corviknight
|
|upkeep
|turn|16
|
|t:|1760789262
|move|p1a: Chtulu|Chilling Water|p2a: Corviknight
|-damage|p2a: Corviknight|81/100
|-unboost|p2a: Corviknight|atk|1
|move|p2a: Corviknight|Body Press|p1a: Chtulu
|-resisted|p1a: Chtulu
|-damage|p1a: Chtulu|81/100
|
|-heal|p2a: Corviknight|88/100|[from] item: Leftovers
|upkeep
|turn|17
|
|t:|1760789274
|move|p1a: Chtulu|Chilling Water|p2a: Corviknight
|-damage|p2a: Corviknight|68/100
|-unboost|p2a: Corviknight|atk|1
|move|p2a: Corviknight|U-turn|p1a: Chtulu
|-resisted|p1a: Chtulu
|-damage|p1a: Chtulu|75/100
|
|t:|1760789281
|switch|p2a: Toxapex|Toxapex, M|100/100|[from] U-turn
|
|upkeep
|turn|18
|
|t:|1760789287
|switch|p1a: Furnace|Heatran, M|88/100
|-item|p1a: Furnace|Air Balloon
|move|p2a: Toxapex|Toxic Spikes|p1a: Furnace
|-sidestart|p1: TheBigBoiPippo|move: Toxic Spikes
|
|upkeep
|turn|19
|
|t:|1760789295
|switch|p2a: Gliscor|Gliscor, F|100/100 tox
|move|p1a: Furnace|Earth Power|p2a: Gliscor
|-immune|p2a: Gliscor
|
|upkeep
|turn|20
|
|t:|1760789303
|move|p2a: Gliscor|Knock Off|p1a: Furnace
|-damage|p1a: Furnace|70/100
|-enditem|p1a: Furnace|Air Balloon
|move|p1a: Furnace|Flash Cannon|p2a: Gliscor
|-damage|p2a: Gliscor|64/100 tox
|
|-heal|p2a: Gliscor|76/100 tox|[from] ability: Poison Heal
|upkeep
|turn|21
|
|t:|1760789313
|-terastallize|p1a: Furnace|Flying
|move|p2a: Gliscor|Earthquake|p1a: Furnace
|-immune|p1a: Furnace
|move|p1a: Furnace|Flash Cannon|p2a: Gliscor
|-damage|p2a: Gliscor|37/100 tox
|-unboost|p2a: Gliscor|spd|1
|
|-heal|p2a: Gliscor|50/100 tox|[from] ability: Poison Heal
|upkeep
|turn|22
|
|t:|1760789326
|move|p2a: Gliscor|Protect|p2a: Gliscor
|-singleturn|p2a: Gliscor|Protect
|move|p1a: Furnace|Lava Plume|p2a: Gliscor
|-activate|p2a: Gliscor|move: Protect
|
|-heal|p2a: Gliscor|62/100 tox|[from] ability: Poison Heal
|upkeep
|turn|23
|
|t:|1760789337
|switch|p2a: Toxapex|Toxapex, M|100/100
|move|p1a: Furnace|Earth Power|p2a: Toxapex
|-supereffective|p2a: Toxapex
|-crit|p2a: Toxapex
|-damage|p2a: Toxapex|34/100
|
|-heal|p2a: Toxapex|40/100|[from] item: Leftovers
|upkeep
|turn|24
|
|t:|1760789355
|switch|p2a: Corviknight|Corviknight, F|68/100
|-ability|p2a: Corviknight|Pressure
|move|p1a: Furnace|Lava Plume|p2a: Corviknight
|-supereffective|p2a: Corviknight
|-damage|p2a: Corviknight|0 fnt
|faint|p2a: Corviknight
|
|upkeep
|
|t:|1760789365
|switch|p2a: Dondozo|Dondozo, F|100/100
|turn|25
|
|t:|1760789371
|switch|p1a: Chtulu|Tentacruel, F|75/100
|-sideend|p1: TheBigBoiPippo|move: Toxic Spikes|[of] p1a: Chtulu
|move|p2a: Dondozo|Avalanche|p1a: Chtulu
|-resisted|p1a: Chtulu
|-damage|p1a: Chtulu|65/100
|
|upkeep
|turn|26
|
|t:|1760789381
|switch|p1a: DK|Rillaboom, F|100/100
|-fieldstart|move: Grassy Terrain|[from] ability: Grassy Surge|[of] p1a: DK
|move|p2a: Dondozo|Body Press|p1a: DK
|-damage|p1a: DK|71/100
|
|-heal|p1a: DK|78/100|[from] Grassy Terrain
|upkeep
|turn|27
|
|t:|1760789391
|switch|p2a: Gliscor|Gliscor, F|62/100 tox
|move|p1a: DK|U-turn|p2a: Gliscor
|-resisted|p2a: Gliscor
|-damage|p2a: Gliscor|47/100 tox
|
|t:|1760789395
|switch|p1a: December|Cryogonal|61/100|[from] U-turn
|
|-heal|p2a: Gliscor|60/100 tox|[from] ability: Poison Heal
|upkeep
|turn|28
|
|t:|1760789403
|move|p2a: Gliscor|Protect|p2a: Gliscor
|-singleturn|p2a: Gliscor|Protect
|move|p1a: December|Freeze-Dry|p2a: Gliscor
|-activate|p2a: Gliscor|move: Protect
|
|-heal|p2a: Gliscor|72/100 tox|[from] ability: Poison Heal
|upkeep
|turn|29
|
|t:|1760789413
|switch|p2a: Weezing|Weezing-Galar, F|95/100
|-ability|p2a: Weezing|Neutralizing Gas
|move|p1a: December|Freeze-Dry|p2a: Weezing
|-damage|p2a: Weezing|55/100
|
|-heal|p1a: December|67/100|[from] Grassy Terrain
|-heal|p2a: Weezing|61/100|[from] Grassy Terrain
|upkeep
|turn|30
|
|t:|1760789425
|move|p1a: December|Freeze-Dry|p2a: Weezing
|-damage|p2a: Weezing|20/100
|move|p2a: Weezing|Strange Steam|p1a: December
|-damage|p1a: December|42/100
|-start|p1a: December|confusion
|
|-heal|p1a: December|48/100|[from] Grassy Terrain
|-heal|p2a: Weezing|26/100|[from] Grassy Terrain
|-fieldend|move: Grassy Terrain
|upkeep
|turn|31
|
|t:|1760789437
|switch|p1a: Chtulu|Tentacruel, F|65/100
|move|p2a: Weezing|Pain Split|p1a: Chtulu
|-sethp|p1a: Chtulu|47/100|[from] move: Pain Split|[silent]
|-sethp|p2a: Weezing|42/100|[from] move: Pain Split
|
|upkeep
|turn|32
|
|t:|1760789445
|-end|p2a: Weezing|ability: Neutralizing Gas
|switch|p2a: Gliscor|Gliscor, F|72/100 tox
|move|p1a: Chtulu|Sludge Bomb|p2a: Gliscor
|-resisted|p2a: Gliscor
|-damage|p2a: Gliscor|58/100 tox
|
|-heal|p2a: Gliscor|71/100 tox|[from] ability: Poison Heal
|upkeep
|turn|33
|
|t:|1760789457
|move|p1a: Chtulu|Chilling Water|p2a: Gliscor
|-supereffective|p2a: Gliscor
|-crit|p2a: Gliscor
|-damage|p2a: Gliscor|19/100 tox
|-unboost|p2a: Gliscor|atk|1
|move|p2a: Gliscor|Earthquake|p1a: Chtulu
|-supereffective|p1a: Chtulu
|-damage|p1a: Chtulu|0 fnt
|faint|p1a: Chtulu
|
|-heal|p2a: Gliscor|32/100 tox|[from] ability: Poison Heal
|upkeep
|
|t:|1760789466
|switch|p1a: DK|Rillaboom, F|78/100
|-fieldstart|move: Grassy Terrain|[from] ability: Grassy Surge|[of] p1a: DK
|turn|34
|
|t:|1760789472
|move|p2a: Gliscor|Protect|p2a: Gliscor
|-singleturn|p2a: Gliscor|Protect
|move|p1a: DK|Wood Hammer|p2a: Gliscor
|-activate|p2a: Gliscor|move: Protect
|
|-heal|p1a: DK|84/100|[from] Grassy Terrain
|-heal|p2a: Gliscor|44/100 tox|[from] ability: Poison Heal
|upkeep
|turn|35
|
|t:|1760789488
|switch|p2a: Weezing|Weezing-Galar, F|42/100
|-ability|p2a: Weezing|Neutralizing Gas
|move|p1a: DK|Wood Hammer|p2a: Weezing
|-resisted|p2a: Weezing
|-damage|p2a: Weezing|4/100
|-damage|p1a: DK|71/100|[from] Recoil
|
|-heal|p1a: DK|78/100|[from] Grassy Terrain
|-heal|p2a: Weezing|10/100|[from] Grassy Terrain
|upkeep
|turn|36
|
|t:|1760789501
|move|p1a: DK|Wood Hammer|p2a: Weezing
|-resisted|p2a: Weezing
|-damage|p2a: Weezing|0 fnt
|faint|p2a: Weezing
|-end|p2a: Weezing|ability: Neutralizing Gas
|-damage|p1a: DK|74/100|[from] Recoil
|
|-heal|p1a: DK|81/100|[from] Grassy Terrain
|upkeep
|
|t:|1760789510
|switch|p2a: Dondozo|Dondozo, F|100/100
|turn|37
|
|t:|1760789514
|-terastallize|p2a: Dondozo|Dragon
|move|p1a: DK|Wood Hammer|p2a: Dondozo
|-resisted|p2a: Dondozo
|-damage|p2a: Dondozo|75/100
|-damage|p1a: DK|64/100|[from] item: Rocky Helmet|[of] p2a: Dondozo
|-damage|p1a: DK|52/100|[from] Recoil
|move|p2a: Dondozo|Avalanche|p1a: DK
|-supereffective|p1a: DK
|-damage|p1a: DK|0 fnt
|faint|p1a: DK
|
|-heal|p2a: Dondozo|82/100|[from] Grassy Terrain
|upkeep
|
|t:|1760789527
|switch|p1a: Furnace|Heatran, M, tera:Flying|70/100
|turn|38
|
|t:|1760789533
|move|p1a: Furnace|Lava Plume|p2a: Dondozo
|-resisted|p2a: Dondozo
|-damage|p2a: Dondozo|58/100
|-status|p2a: Dondozo|brn
|move|p2a: Dondozo|Avalanche|p1a: Furnace
|-supereffective|p1a: Furnace
|-damage|p1a: Furnace|45/100
|
|-heal|p2a: Dondozo|64/100 brn|[from] Grassy Terrain
|-damage|p2a: Dondozo|58/100 brn|[from] brn
|-fieldend|move: Grassy Terrain
|upkeep
|turn|39
|
|t:|1760789548
|move|p1a: Furnace|Flash Cannon|p2a: Dondozo
|-damage|p2a: Dondozo|10/100 brn
|move|p2a: Dondozo|Rest|p2a: Dondozo
|-status|p2a: Dondozo|slp|[from] move: Rest
|-heal|p2a: Dondozo|100/100 slp|[silent]
|
|upkeep
|turn|40
|
|t:|1760789556
|move|p1a: Furnace|Flash Cannon|p2a: Dondozo
|-damage|p2a: Dondozo|54/100 slp
|cant|p2a: Dondozo|slp
|move|p2a: Dondozo|Sleep Talk|p2a: Dondozo
|move|p2a: Dondozo|Avalanche|p1a: Furnace|[from] move: Sleep Talk
|-supereffective|p1a: Furnace
|-damage|p1a: Furnace|0 fnt
|faint|p1a: Furnace
|
|upkeep
|
|t:|1760789563
|switch|p1a: Roaring Knight|Necrozma|100/100
|turn|41
|
|t:|1760789579
|switch|p2a: Toxapex|Toxapex, M|74/100
|move|p1a: Roaring Knight|Photon Geyser|p2a: Toxapex
|-supereffective|p2a: Toxapex
|-damage|p2a: Toxapex|4/100
|
|-heal|p2a: Toxapex|11/100|[from] item: Leftovers
|upkeep
|turn|42
|
|t:|1760789592
|move|p1a: Roaring Knight|Dragon Dance|p1a: Roaring Knight
|-boost|p1a: Roaring Knight|atk|1
|-boost|p1a: Roaring Knight|spe|1
|move|p2a: Toxapex|Toxic|p1a: Roaring Knight
|-status|p1a: Roaring Knight|tox
|-enditem|p1a: Roaring Knight|Lum Berry|[eat]
|-curestatus|p1a: Roaring Knight|tox|[msg]
|
|-heal|p2a: Toxapex|17/100|[from] item: Leftovers
|upkeep
|turn|43
|
|t:|1760789603
|move|p1a: Roaring Knight|Photon Geyser|p2a: Toxapex
|-supereffective|p2a: Toxapex
|-damage|p2a: Toxapex|0 fnt
|faint|p2a: Toxapex
|
|upkeep
|
|t:|1760789611
|switch|p2a: Dondozo|Dondozo, F, tera:Dragon|54/100 slp
|turn|44
|
|t:|1760789615
|move|p1a: Roaring Knight|Photon Geyser|p2a: Dondozo
|-damage|p2a: Dondozo|25/100 slp
|cant|p2a: Dondozo|slp
|move|p2a: Dondozo|Sleep Talk|p2a: Dondozo
|move|p2a: Dondozo|Rest||[from] move: Sleep Talk|[still]
|-fail|p2a: Dondozo
|
|upkeep
|turn|45
|
|t:|1760789626
|move|p1a: Roaring Knight|Photon Geyser|p2a: Dondozo
|-damage|p2a: Dondozo|0 fnt
|faint|p2a: Dondozo
|
|upkeep
|
|t:|1760789633
|switch|p2a: Gliscor|Gliscor, F|44/100 tox
|turn|46
|c|☆TheBigBoiPippo|Gg
|
|t:|1760789637
|move|p2a: Gliscor|Protect|p2a: Gliscor
|-singleturn|p2a: Gliscor|Protect
|move|p1a: Roaring Knight|Photon Geyser|p2a: Gliscor
|-activate|p2a: Gliscor|move: Protect
|
|-heal|p2a: Gliscor|57/100 tox|[from] ability: Poison Heal
|upkeep
|turn|47
|c|☆TheBigBoiPippo|Glory to Big Stall
|
|t:|1760789648
|move|p1a: Roaring Knight|Photon Geyser|p2a: Gliscor
|-damage|p2a: Gliscor|4/100 tox
|move|p2a: Gliscor|Knock Off|p1a: Roaring Knight
|-supereffective|p1a: Roaring Knight
|-damage|p1a: Roaring Knight|78/100
|
|-heal|p2a: Gliscor|16/100 tox|[from] ability: Poison Heal
|upkeep
|turn|48
|-message|houzy forfeited.
|
|win|TheBigBoiPippo
|raw|TheBigBoiPippo's rating: 1424 &rarr; <strong>1439</strong><br />(+15 for winning)
|raw|houzy's rating: 1329 &rarr; <strong>1314</strong><br />(-15 for losing)
|l|☆houzy
|player|p2|
