|j|☆dgp1397
|j|☆mightynoctowl
|t:|1760794921
|gametype|singles
|player|p1|dgp1397|fisherman-gen4|1227
|player|p2|mightynoctowl|170|1230
|gen|9
|tier|[Gen 9] OU
|rated|
|rule|HP Percentage Mod: HP is shown in percentages
|rule|Endless Battle Clause: Forcing endless battles is banned
|rule|Species Clause: Limit one of each Pokémon
|rule|OHKO Clause: OHKO moves are banned
|rule|Evasion Items Clause: Evasion items are banned
|rule|Evasion Moves Clause: Evasion moves are banned
|rule|Evasion Abilities Clause: Evasion abilities are banned
|rule|Sleep Moves Clause: Sleep-inducing moves are banned
|clearpoke
|poke|p1|Gliscor, M|
|poke|p1|Garganacl, M|
|poke|p1|Ambipom, M|
|poke|p1|Dragapult, M|
|poke|p1|Iron Treads|
|poke|p1|Clodsire, M|
|poke|p2|Moltres|
|poke|p2|Chansey, F|
|poke|p2|Clefable, F|
|poke|p2|Hitmonlee, M|
|poke|p2|Sandslash, M|
|poke|p2|Vileplume, M|
|teampreview
|inactive|Battle timer is ON: inactive players will automatically lose when time's up. (requested by mightynoctowl)
|
|t:|1760794936
|teamsize|p1|6
|teamsize|p2|6
|start
|switch|p1a: Ambipom|Ambipom, M|100/100
|switch|p2a: Chansey|Chansey, F|100/100
|turn|1
|
|t:|1760794951
|switch|p2a: Moltres|Moltres|100/100
|move|p1a: Ambipom|Fake Out|p2a: Moltres
|-crit|p2a: Moltres
|-damage|p2a: Moltres|75/100
|
|upkeep
|turn|2
|
|t:|1760794960
|move|p1a: Ambipom|U-turn|p2a: Moltres
|-resisted|p2a: Moltres
|-damage|p2a: Moltres|72/100
|
|t:|1760794963
|switch|p1a: Clodsire|Clodsire, M|100/100|[from] U-turn
|move|p2a: Moltres|U-turn|p1a: Clodsire
|-resisted|p1a: Clodsire
|-damage|p1a: Clodsire|92/100
|
|t:|1760794968
|switch|p2a: Sandslash|Sandslash, M|100/100|[from] U-turn
|
|-heal|p1a: Clodsire|98/100|[from] item: Black Sludge
|upkeep
|turn|3
|
|t:|1760794974
|move|p2a: Sandslash|Spikes|p1a: Clodsire
|-sidestart|p1: dgp1397|Spikes
|move|p1a: Clodsire|Stealth Rock|p2a: Sandslash
|-sidestart|p2: mightynoctowl|move: Stealth Rock
|
|-heal|p1a: Clodsire|100/100|[from] item: Black Sludge
|upkeep
|turn|4
|
|t:|1760794980
|move|p2a: Sandslash|Rapid Spin|p1a: Clodsire
|-damage|p1a: Clodsire|88/100
|-boost|p2a: Sandslash|spe|1
|-sideend|p2: mightynoctowl|Stealth Rock|[from] move: Rapid Spin|[of] p2a: Sandslash
|move|p1a: Clodsire|Toxic|p2a: Sandslash
|-status|p2a: Sandslash|tox
|
|-heal|p1a: Clodsire|94/100|[from] item: Black Sludge
|-damage|p2a: Sandslash|94/100 tox|[from] psn
|upkeep
|turn|5
|
|t:|1760794994
|move|p2a: Sandslash|Knock Off|p1a: Clodsire
|-damage|p1a: Clodsire|68/100
|-enditem|p1a: Clodsire|Black Sludge|[from] move: Knock Off|[of] p2a: Sandslash
|move|p1a: Clodsire|Earthquake|p2a: Sandslash
|-damage|p2a: Sandslash|75/100 tox
|
|-heal|p2a: Sandslash|82/100 tox|[from] item: Leftovers
|-damage|p2a: Sandslash|69/100 tox|[from] psn
|upkeep
|turn|6
|
|t:|1760795005
|switch|p2a: Chansey|Chansey, F|100/100
|move|p1a: Clodsire|Recover|p1a: Clodsire
|-heal|p1a: Clodsire|100/100
|
|upkeep
|turn|7
|
|t:|1760795010
|move|p2a: Chansey|Stealth Rock|p1a: Clodsire
|-sidestart|p1: dgp1397|move: Stealth Rock
|move|p1a: Clodsire|Toxic|p2a: Chansey
|-status|p2a: Chansey|tox
|
|-damage|p2a: Chansey|94/100 tox|[from] psn
|upkeep
|turn|8
|
|t:|1760795019
|-curestatus|p2a: Chansey|tox|[from] ability: Natural Cure
|switch|p2a: Vileplume|Vileplume, M|100/100
|switch|p1a: Iron Treads|Iron Treads|100/100
|-damage|p1a: Iron Treads|88/100|[from] Spikes
|-damage|p1a: Iron Treads|85/100|[from] Stealth Rock
|-enditem|p1a: Iron Treads|Booster Energy
|-activate|p1a: Iron Treads|ability: Quark Drive|[fromitem]
|-start|p1a: Iron Treads|quarkdrivespe
|
|upkeep
|turn|9
|
|t:|1760795030
|switch|p2a: Moltres|Moltres|72/100
|move|p1a: Iron Treads|Rapid Spin|p2a: Moltres
|-damage|p2a: Moltres|60/100
|-boost|p1a: Iron Treads|spe|1
|-status|p1a: Iron Treads|brn|[from] ability: Flame Body|[of] p2a: Moltres
|-sideend|p1: dgp1397|Spikes|[from] move: Rapid Spin|[of] p1a: Iron Treads
|-sideend|p1: dgp1397|Stealth Rock|[from] move: Rapid Spin|[of] p1a: Iron Treads
|
|-damage|p1a: Iron Treads|79/100 brn|[from] brn
|upkeep
|turn|10
|
|t:|1760795043
|move|p1a: Iron Treads|Stealth Rock|p2a: Moltres
|-sidestart|p2: mightynoctowl|move: Stealth Rock
|move|p2a: Moltres|U-turn|p1a: Iron Treads
|-resisted|p1a: Iron Treads
|-crit|p1a: Iron Treads
|-damage|p1a: Iron Treads|69/100 brn
|
|t:|1760795048
|switch|p2a: Sandslash|Sandslash, M|69/100 tox|[from] U-turn
|-damage|p2a: Sandslash|63/100 tox|[from] Stealth Rock
|
|-heal|p2a: Sandslash|69/100 tox|[from] item: Leftovers
|-damage|p2a: Sandslash|63/100 tox|[from] psn
|-damage|p1a: Iron Treads|63/100 brn|[from] brn
|upkeep
|turn|11
|
|t:|1760795057
|-end|p1a: Iron Treads|Quark Drive|[silent]
|switch|p1a: Dragapult|Dragapult, M|100/100
|move|p2a: Sandslash|Rapid Spin|p1a: Dragapult
|-immune|p1a: Dragapult
|
|-heal|p2a: Sandslash|69/100 tox|[from] item: Leftovers
|-damage|p2a: Sandslash|57/100 tox|[from] psn
|upkeep
|turn|12
|
|t:|1760795066
|switch|p2a: Clefable|Clefable, F|100/100
|-damage|p2a: Clefable|88/100|[from] Stealth Rock
|move|p1a: Dragapult|Shadow Ball|p2a: Clefable
|-damage|p2a: Clefable|37/100
|-unboost|p2a: Clefable|spd|1
|
|-heal|p2a: Clefable|43/100|[from] item: Leftovers
|upkeep
|turn|13
|
|t:|1760795076
|switch|p2a: Chansey|Chansey, F|94/100
|-damage|p2a: Chansey|82/100|[from] Stealth Rock
|move|p1a: Dragapult|Shadow Ball|p2a: Chansey
|-immune|p2a: Chansey
|
|upkeep
|turn|14
|
|t:|1760795091
|switch|p1a: Gliscor|Gliscor, M|100/100
|move|p2a: Chansey|Stealth Rock|p1a: Gliscor
|-sidestart|p1: dgp1397|move: Stealth Rock
|
|-status|p1a: Gliscor|tox|[from] item: Toxic Orb
|upkeep
|turn|15
|
|t:|1760795103
|switch|p2a: Moltres|Moltres|60/100
|move|p1a: Gliscor|Spikes|p2a: Moltres
|-sidestart|p2: mightynoctowl|Spikes
|
|upkeep
|turn|16
|
|t:|1760795109
|move|p1a: Gliscor|Knock Off|p2a: Moltres
|-damage|p2a: Moltres|45/100
|-enditem|p2a: Moltres|Heavy-Duty Boots|[from] move: Knock Off|[of] p1a: Gliscor
|move|p2a: Moltres|U-turn|p1a: Gliscor
|-resisted|p1a: Gliscor
|-damage|p1a: Gliscor|95/100 tox
|
|t:|1760795114
|switch|p2a: Sandslash|Sandslash, M|57/100 tox|[from] U-turn
|-damage|p2a: Sandslash|50/100 tox|[from] Stealth Rock
|-damage|p2a: Sandslash|38/100 tox|[from] Spikes
|
|-heal|p2a: Sandslash|44/100 tox|[from] item: Leftovers
|-heal|p1a: Gliscor|100/100 tox|[from] ability: Poison Heal
|-damage|p2a: Sandslash|38/100 tox|[from] psn
|upkeep
|turn|17
|
|t:|1760795124
|move|p1a: Gliscor|Protect|p1a: Gliscor
|-singleturn|p1a: Gliscor|Protect
|move|p2a: Sandslash|Spikes|p1a: Gliscor
|-sidestart|p1: dgp1397|Spikes
|
|-heal|p2a: Sandslash|44/100 tox|[from] item: Leftovers
|-damage|p2a: Sandslash|32/100 tox|[from] psn
|upkeep
|turn|18
|
|t:|1760795135
|move|p1a: Gliscor|Knock Off|p2a: Sandslash
|-damage|p2a: Sandslash|17/100 tox
|-enditem|p2a: Sandslash|Leftovers|[from] move: Knock Off|[of] p1a: Gliscor
|move|p2a: Sandslash|Rapid Spin|p1a: Gliscor
|-damage|p1a: Gliscor|91/100 tox
|-boost|p2a: Sandslash|spe|1
|-sideend|p2: mightynoctowl|Spikes|[from] move: Rapid Spin|[of] p2a: Sandslash
|-sideend|p2: mightynoctowl|Stealth Rock|[from] move: Rapid Spin|[of] p2a: Sandslash
|
|-damage|p2a: Sandslash|0 fnt|[from] psn
|faint|p2a: Sandslash
|-heal|p1a: Gliscor|100/100 tox|[from] ability: Poison Heal
|upkeep
|
|t:|1760795153
|switch|p2a: Clefable|Clefable, F|43/100
|turn|19
|
|t:|1760795160
|move|p1a: Gliscor|Knock Off|p2a: Clefable
|-resisted|p2a: Clefable
|-damage|p2a: Clefable|34/100
|-enditem|p2a: Clefable|Leftovers|[from] move: Knock Off|[of] p1a: Gliscor
|move|p2a: Clefable|Moonlight|p2a: Clefable
|-heal|p2a: Clefable|84/100
|
|upkeep
|turn|20
|
|t:|1760795171
|switch|p1a: Dragapult|Dragapult, M|100/100
|-damage|p1a: Dragapult|88/100|[from] Stealth Rock
|-damage|p1a: Dragapult|76/100|[from] Spikes
|move|p2a: Clefable|Flamethrower|p1a: Dragapult
|-resisted|p1a: Dragapult
|-damage|p1a: Dragapult|64/100
|
|upkeep
|turn|21
|
|t:|1760795182
|move|p1a: Dragapult|Draco Meteor|p2a: Clefable
|-immune|p2a: Clefable
|move|p2a: Clefable|Moonblast|p1a: Dragapult
|-supereffective|p1a: Dragapult
|-damage|p1a: Dragapult|0 fnt
|faint|p1a: Dragapult
|
|upkeep
|
|t:|1760795190
|switch|p1a: Iron Treads|Iron Treads|63/100 brn
|-damage|p1a: Iron Treads|60/100 brn|[from] Stealth Rock
|-damage|p1a: Iron Treads|48/100 brn|[from] Spikes
|turn|22
|
|t:|1760795198
|move|p1a: Iron Treads|Rapid Spin|p2a: Clefable
|-damage|p2a: Clefable|78/100
|-boost|p1a: Iron Treads|spe|1
|-sideend|p1: dgp1397|Spikes|[from] move: Rapid Spin|[of] p1a: Iron Treads
|-sideend|p1: dgp1397|Stealth Rock|[from] move: Rapid Spin|[of] p1a: Iron Treads
|move|p2a: Clefable|Flamethrower|p1a: Iron Treads
|-supereffective|p1a: Iron Treads
|-damage|p1a: Iron Treads|0 fnt
|faint|p1a: Iron Treads
|-end|p1a: Iron Treads|Quark Drive|[silent]
|
|upkeep
|
|t:|1760795208
|switch|p1a: Ambipom|Ambipom, M|100/100
|turn|23
|
|t:|1760795219
|switch|p2a: Vileplume|Vileplume, M|100/100
|move|p1a: Ambipom|Fake Out|p2a: Vileplume
|-damage|p2a: Vileplume|78/100
|
|-heal|p2a: Vileplume|85/100|[from] item: Leftovers
|upkeep
|turn|24
|
|t:|1760795229
|move|p1a: Ambipom|Knock Off|p2a: Vileplume
|-damage|p2a: Vileplume|63/100
|-enditem|p2a: Vileplume|Leftovers|[from] move: Knock Off|[of] p1a: Ambipom
|move|p2a: Vileplume|Giga Drain|p1a: Ambipom
|-damage|p1a: Ambipom|50/100
|-heal|p2a: Vileplume|84/100|[from] drain|[of] p1a: Ambipom
|
|upkeep
|turn|25
|
|t:|1760795236
|move|p1a: Ambipom|U-turn|p2a: Vileplume
|-damage|p2a: Vileplume|68/100
|
|t:|1760795239
|switch|p1a: Clodsire|Clodsire, M|100/100|[from] U-turn
|move|p2a: Vileplume|Giga Drain|p1a: Clodsire
|-damage|p1a: Clodsire|86/100
|-heal|p2a: Vileplume|77/100|[from] drain|[of] p1a: Clodsire
|
|upkeep
|turn|26
|
|t:|1760795247
|switch|p2a: Moltres|Moltres|45/100
|move|p1a: Clodsire|Stealth Rock|p2a: Moltres
|-sidestart|p2: mightynoctowl|move: Stealth Rock
|
|upkeep
|turn|27
|
|t:|1760795254
|move|p2a: Moltres|Roost|p2a: Moltres
|-heal|p2a: Moltres|95/100
|-singleturn|p2a: Moltres|move: Roost
|move|p1a: Clodsire|Toxic|p2a: Moltres
|-status|p2a: Moltres|tox
|
|-damage|p2a: Moltres|89/100 tox|[from] psn
|upkeep
|turn|28
|
|t:|1760795264
|switch|p1a: Gliscor|Gliscor, M|100/100 tox
|move|p2a: Moltres|U-turn|p1a: Gliscor
|-resisted|p1a: Gliscor
|-damage|p1a: Gliscor|95/100 tox
|
|t:|1760795269
|switch|p2a: Vileplume|Vileplume, M|77/100|[from] U-turn
|-damage|p2a: Vileplume|65/100|[from] Stealth Rock
|
|-heal|p1a: Gliscor|100/100 tox|[from] ability: Poison Heal
|upkeep
|turn|29
|
|t:|1760795277
|move|p1a: Gliscor|Spikes|p2a: Vileplume
|-sidestart|p2: mightynoctowl|Spikes
|move|p2a: Vileplume|Leech Seed|p1a: Gliscor
|-start|p1a: Gliscor|move: Leech Seed
|
|-damage|p1a: Gliscor|88/100 tox|[from] Leech Seed|[of] p2a: Vileplume
|-heal|p2a: Vileplume|77/100|[silent]
|-heal|p1a: Gliscor|100/100 tox|[from] ability: Poison Heal
|upkeep
|turn|30
|
|t:|1760795288
|move|p1a: Gliscor|Spikes|p2a: Vileplume
|-sidestart|p2: mightynoctowl|Spikes
|move|p2a: Vileplume|Giga Drain|p1a: Gliscor
|-damage|p1a: Gliscor|76/100 tox
|-heal|p2a: Vileplume|90/100|[from] drain|[of] p1a: Gliscor
|
|-damage|p1a: Gliscor|63/100 tox|[from] Leech Seed|[of] p2a: Vileplume
|-heal|p2a: Vileplume|100/100|[silent]
|-heal|p1a: Gliscor|76/100 tox|[from] ability: Poison Heal
|upkeep
|turn|31
|
|t:|1760795302
|switch|p1a: Clodsire|Clodsire, M|86/100
|move|p2a: Vileplume|Strength Sap|p1a: Clodsire
|-unboost|p1a: Clodsire|atk|1
|
|upkeep
|turn|32
|
|t:|1760795310
|move|p2a: Vileplume|Leech Seed|p1a: Clodsire|[miss]
|-miss|p2a: Vileplume|p1a: Clodsire
|move|p1a: Clodsire|Earthquake|p2a: Vileplume
|-damage|p2a: Vileplume|86/100
|
|upkeep
|turn|33
|
|t:|1760795316
|switch|p1a: Garganacl|Garganacl, M|100/100
|move|p2a: Vileplume|Leech Seed|p1a: Garganacl
|-start|p1a: Garganacl|move: Leech Seed
|
|-damage|p1a: Garganacl|88/100|[from] Leech Seed|[of] p2a: Vileplume
|-heal|p2a: Vileplume|99/100|[silent]
|upkeep
|turn|34
|
|t:|1760795327
|switch|p2a: Chansey|Chansey, F|82/100
|-damage|p2a: Chansey|70/100|[from] Stealth Rock
|-damage|p2a: Chansey|53/100|[from] Spikes
|-terastallize|p1a: Garganacl|Fairy
|move|p1a: Garganacl|Salt Cure|p2a: Chansey
|-damage|p2a: Chansey|44/100
|-start|p2a: Chansey|Salt Cure
|
|-heal|p1a: Garganacl|94/100|[from] item: Leftovers
|-damage|p1a: Garganacl|82/100|[from] Leech Seed|[of] p2a: Chansey
|-heal|p2a: Chansey|51/100|[silent]
|-damage|p2a: Chansey|39/100|[from] Salt Cure
|upkeep
|turn|35
|
|t:|1760795340
|switch|p1a: Ambipom|Ambipom, M|50/100
|move|p2a: Chansey|Stealth Rock|p1a: Ambipom
|-sidestart|p1: dgp1397|move: Stealth Rock
|
|-damage|p2a: Chansey|27/100|[from] Salt Cure
|upkeep
|turn|36
|
|t:|1760795350
|move|p1a: Ambipom|Knock Off|p2a: Chansey
|-damage|p2a: Chansey|6/100
|-enditem|p2a: Chansey|Eviolite|[from] move: Knock Off|[of] p1a: Ambipom
|move|p2a: Chansey|Seismic Toss|p1a: Ambipom
|-damage|p1a: Ambipom|16/100
|
|-damage|p2a: Chansey|0 fnt|[from] Salt Cure
|faint|p2a: Chansey
|upkeep
|
|t:|1760795361
|switch|p2a: Hitmonlee|Hitmonlee, M|100/100
|-damage|p2a: Hitmonlee|94/100|[from] Stealth Rock
|-damage|p2a: Hitmonlee|78/100|[from] Spikes
|turn|37
|
|t:|1760795366
|move|p2a: Hitmonlee|Sucker Punch|p1a: Ambipom
|-damage|p1a: Ambipom|0 fnt
|faint|p1a: Ambipom
|-damage|p2a: Hitmonlee|68/100|[from] item: Life Orb
|
|upkeep
|
|t:|1760795375
|switch|p1a: Garganacl|Garganacl, M, tera:Fairy|82/100
|-damage|p1a: Garganacl|70/100|[from] Stealth Rock
|turn|38
|
|t:|1760795385
|move|p2a: Hitmonlee|Double-Edge|p1a: Garganacl
|-damage|p1a: Garganacl|30/100
|-damage|p2a: Hitmonlee|46/100|[from] Recoil
|-damage|p2a: Hitmonlee|36/100|[from] item: Life Orb
|move|p1a: Garganacl|Salt Cure|p2a: Hitmonlee
|-resisted|p2a: Hitmonlee
|-damage|p2a: Hitmonlee|19/100
|-start|p2a: Hitmonlee|Salt Cure
|
|-heal|p1a: Garganacl|36/100|[from] item: Leftovers
|-damage|p2a: Hitmonlee|7/100|[from] Salt Cure
|upkeep
|turn|39
|
|t:|1760795398
|move|p1a: Garganacl|Protect|p1a: Garganacl
|-singleturn|p1a: Garganacl|Protect
|move|p2a: Hitmonlee|Double-Edge|p1a: Garganacl
|-activate|p1a: Garganacl|move: Protect
|
|-heal|p1a: Garganacl|42/100|[from] item: Leftovers
|-damage|p2a: Hitmonlee|0 fnt|[from] Salt Cure
|faint|p2a: Hitmonlee
|upkeep
|
|t:|1760795401
|switch|p2a: Vileplume|Vileplume, M|99/100
|-damage|p2a: Vileplume|88/100|[from] Stealth Rock
|-damage|p2a: Vileplume|71/100|[from] Spikes
|turn|40
|
|t:|1760795416
|move|p2a: Vileplume|Sludge Bomb|p1a: Garganacl
|-supereffective|p1a: Garganacl
|-damage|p1a: Garganacl|0 fnt
|faint|p1a: Garganacl
|
|upkeep
|
|t:|1760795422
|switch|p1a: Gliscor|Gliscor, M|76/100 tox
|-damage|p1a: Gliscor|63/100 tox|[from] Stealth Rock
|turn|41
|
|t:|1760795427
|move|p1a: Gliscor|Knock Off|p2a: Vileplume
|-damage|p2a: Vileplume|60/100
|move|p2a: Vileplume|Strength Sap|p1a: Gliscor
|-unboost|p1a: Gliscor|atk|1
|-heal|p2a: Vileplume|100/100
|
|-heal|p1a: Gliscor|76/100 tox|[from] ability: Poison Heal
|upkeep
|turn|42
|c|☆dgp1397|wp
|-message|dgp1397 forfeited.
|
|win|mightynoctowl
|raw|dgp1397's rating: 1227 &rarr; <strong>1202</strong><br />(-25 for losing)
|raw|mightynoctowl's rating: 1230 &rarr; <strong>1255</strong><br />(+25 for winning)
|l|☆dgp1397
|player|p1|
|c|☆mightynoctowl|gg
|l|☆mightynoctowl
|player|p2|
