|j|☆Grindset mindset
|j|☆NiZZaYe
|t:|1760731401
|gametype|singles
|player|p1|Grindset mindset|skyla|1686
|player|p2|NiZZaYe|169|1697
|gen|9
|tier|[Gen 9] OU
|rated|
|rule|HP Percentage Mod: HP is shown in percentages
|rule|Endless Battle Clause: Forcing endless battles is banned
|rule|Species Clause: Limit one of each Pokémon
|rule|OHKO Clause: OHKO moves are banned
|rule|Evasion Items Clause: Evasion items are banned
|rule|Evasion Moves Clause: Evasion moves are banned
|rule|Evasion Abilities Clause: Evasion abilities are banned
|rule|Sleep Moves Clause: Sleep-inducing moves are banned
|clearpoke
|poke|p1|Ogerpon-Cornerstone, F|
|poke|p1|Primarina, F|
|poke|p1|Armarouge, M|
|poke|p1|Raging Bolt|
|poke|p1|Great Tusk|
|poke|p1|Zapdos-Galar|
|poke|p2|Torkoal, M|
|poke|p2|Brute Bonnet|
|poke|p2|Walking Wake|
|poke|p2|Hatterene, F|
|poke|p2|Thundurus-Therian, M|
|poke|p2|Ceruledge, F|
|teampreview
|inactive|Battle timer is ON: inactive players will automatically lose when time's up. (requested by Grindset mindset)
|
|t:|1760731412
|teamsize|p1|6
|teamsize|p2|6
|start
|switch|p1a: Raging Bolt|Raging Bolt|100/100
|switch|p2a: Great Bait|Torkoal, M, shiny|100/100
|-weather|SunnyDay|[from] ability: Drought|[of] p2a: Great Bait
|-activate|p1a: Raging Bolt|ability: Protosynthesis
|-start|p1a: Raging Bolt|protosynthesisspa
|turn|1
|
|t:|1760731417
|switch|p2a: Witch|Hatterene, F, shiny|100/100
|move|p1a: Raging Bolt|Ancient Power|p2a: Witch
|-damage|p2a: Witch|65/100
|-enditem|p2a: Witch|Eject Button
|
|t:|1760731433
|switch|p2a: Shark|Walking Wake|100/100
|-activate|p2a: Shark|ability: Protosynthesis
|-start|p2a: Shark|protosynthesisspe
|
|-weather|SunnyDay|[upkeep]
|upkeep
|turn|2
|
|t:|1760731440
|-end|p1a: Raging Bolt|Protosynthesis|[silent]
|switch|p1a: Primarina|Primarina, F|100/100
|move|p2a: Shark|Draco Meteor|p1a: Primarina
|-immune|p1a: Primarina
|
|-weather|SunnyDay|[upkeep]
|upkeep
|turn|3
|
|t:|1760731448
|move|p2a: Shark|Flip Turn|p1a: Primarina
|-resisted|p1a: Primarina
|-damage|p1a: Primarina|96/100
|
|t:|1760731450
|-end|p2a: Shark|Protosynthesis|[silent]
|switch|p2a: Storm|Thundurus-Therian, M|100/100|[from] Flip Turn
|move|p1a: Primarina|Flip Turn|p2a: Storm
|-damage|p2a: Storm|90/100
|
|t:|1760731454
|switch|p1a: Raging Bolt|Raging Bolt|100/100|[from] Flip Turn
|-activate|p1a: Raging Bolt|ability: Protosynthesis
|-start|p1a: Raging Bolt|protosynthesisspa
|
|-weather|SunnyDay|[upkeep]
|upkeep
|turn|4
|
|t:|1760731458
|move|p2a: Storm|Volt Switch|p1a: Raging Bolt
|-resisted|p1a: Raging Bolt
|-damage|p1a: Raging Bolt|87/100
|
|t:|1760731462
|switch|p2a: Witch|Hatterene, F, shiny|65/100|[from] Volt Switch
|move|p1a: Raging Bolt|Ancient Power|p2a: Witch
|-damage|p2a: Witch|31/100
|
|-weather|SunnyDay|[upkeep]
|-heal|p1a: Raging Bolt|93/100|[from] item: Leftovers
|upkeep
|turn|5
|
|t:|1760731469
|move|p1a: Raging Bolt|Ancient Power|p2a: Witch
|-damage|p2a: Witch|0 fnt
|faint|p2a: Witch
|
|-weather|SunnyDay|[upkeep]
|-heal|p1a: Raging Bolt|99/100|[from] item: Leftovers
|upkeep
|
|t:|1760731481
|switch|p2a: Shark|Walking Wake|100/100
|-activate|p2a: Shark|ability: Protosynthesis
|-start|p2a: Shark|protosynthesisspe
|turn|6
|
|t:|1760731483
|move|p2a: Shark|Flip Turn|p1a: Raging Bolt
|-resisted|p1a: Raging Bolt
|-damage|p1a: Raging Bolt|96/100
|
|t:|1760731487
|-end|p2a: Shark|Protosynthesis|[silent]
|switch|p2a: BRUTE FORCE|Brute Bonnet|100/100|[from] Flip Turn
|-activate|p2a: BRUTE FORCE|ability: Protosynthesis
|-start|p2a: BRUTE FORCE|protosynthesisatk
|move|p1a: Raging Bolt|Ancient Power|p2a: BRUTE FORCE
|-damage|p2a: BRUTE FORCE|75/100
|-boost|p1a: Raging Bolt|atk|1
|-boost|p1a: Raging Bolt|def|1
|-boost|p1a: Raging Bolt|spa|1
|-boost|p1a: Raging Bolt|spd|1
|-boost|p1a: Raging Bolt|spe|1
|
|-weather|SunnyDay|[upkeep]
|-heal|p1a: Raging Bolt|100/100|[from] item: Leftovers
|upkeep
|turn|7
|
|t:|1760731498
|move|p2a: BRUTE FORCE|Sucker Punch|p1a: Raging Bolt
|-damage|p1a: Raging Bolt|72/100
|move|p1a: Raging Bolt|Dragon Pulse|p2a: BRUTE FORCE
|-damage|p2a: BRUTE FORCE|0 fnt
|faint|p2a: BRUTE FORCE
|-end|p2a: BRUTE FORCE|Protosynthesis|[silent]
|
|-weather|SunnyDay|[upkeep]
|-heal|p1a: Raging Bolt|78/100|[from] item: Leftovers
|upkeep
|
|t:|1760731505
|switch|p2a: Shark|Walking Wake|100/100
|-activate|p2a: Shark|ability: Protosynthesis
|-start|p2a: Shark|protosynthesisspe
|turn|8
|
|t:|1760731510
|move|p1a: Raging Bolt|Thunderclap|p2a: Shark
|-damage|p2a: Shark|40/100
|move|p2a: Shark|Flip Turn|p1a: Raging Bolt
|-resisted|p1a: Raging Bolt
|-damage|p1a: Raging Bolt|76/100
|
|t:|1760731516
|-end|p2a: Shark|Protosynthesis|[silent]
|switch|p2a: Knight|Ceruledge, F|100/100|[from] Flip Turn
|
|-weather|none
|-end|p1a: Raging Bolt|Protosynthesis
|-heal|p1a: Raging Bolt|82/100|[from] item: Leftovers
|upkeep
|turn|9
|
|t:|1760731524
|-terastallize|p2a: Knight|Ghost
|move|p1a: Raging Bolt|Ancient Power|p2a: Knight
|-damage|p2a: Knight|56/100
|move|p2a: Knight|Poltergeist|p1a: Raging Bolt
|-activate|p1a: Raging Bolt|move: Poltergeist|Leftovers
|-damage|p1a: Raging Bolt|37/100
|
|-heal|p1a: Raging Bolt|43/100|[from] item: Leftovers
|upkeep
|turn|10
|-message|NiZZaYe forfeited.
|
|win|Grindset mindset
|raw|Grindset mindset's rating: 1686 &rarr; <strong>1707</strong><br />(+21 for winning)
|raw|NiZZaYe's rating: 1697 &rarr; <strong>1676</strong><br />(-21 for losing)
|l|☆NiZZaYe
|player|p2|
|l|☆Grindset mindset
|player|p1|
