|j|☆ori456
|j|☆jadhe
|t:|1760742783
|gametype|singles
|player|p1|ori456|169|1276
|player|p2|jadhe|170|1273
|gen|9
|tier|[Gen 9] OU
|rated|
|rule|HP Percentage Mod: HP is shown in percentages
|rule|Endless Battle Clause: Forcing endless battles is banned
|rule|Species Clause: Limit one of each Pokémon
|rule|OHKO Clause: OHKO moves are banned
|rule|Evasion Items Clause: Evasion items are banned
|rule|Evasion Moves Clause: Evasion moves are banned
|rule|Evasion Abilities Clause: Evasion abilities are banned
|rule|Sleep Moves Clause: Sleep-inducing moves are banned
|clearpoke
|poke|p1|Samurott-Hisui, M|
|poke|p1|Venusaur, F|
|poke|p1|Torkoal, M|
|poke|p1|Walking Wake|
|poke|p1|Dragapult, M|
|poke|p1|Kingambit, F|
|poke|p2|Gliscor, M|
|poke|p2|Tropius, F|
|poke|p2|Dragonite, M|
|poke|p2|Indeedee, M|
|poke|p2|Iron Treads|
|poke|p2|Latios, M|
|teampreview
|
|t:|1760742790
|teamsize|p1|6
|teamsize|p2|6
|start
|switch|p1a: Dragapult|Dragapult, M|100/100
|switch|p2a: Tropius|Tropius, F|100/100
|turn|1
|
|t:|1760742801
|move|p1a: Dragapult|Flamethrower|p2a: Tropius
|-supereffective|p2a: Tropius
|-damage|p2a: Tropius|51/100
|-damage|p1a: Dragapult|91/100|[from] item: Life Orb
|move|p2a: Tropius|Leech Seed|p1a: Dragapult
|-start|p1a: Dragapult|move: Leech Seed
|
|-damage|p1a: Dragapult|78/100|[from] Leech Seed|[of] p2a: Tropius
|-heal|p2a: Tropius|60/100|[silent]
|upkeep
|turn|2
|
|t:|1760742825
|switch|p1a: Torkoal|Torkoal, M|100/100
|-weather|SunnyDay|[from] ability: Drought|[of] p1a: Torkoal
|move|p2a: Tropius|Protect||[still]
|-fail|p2a: Tropius
|
|-weather|SunnyDay|[upkeep]
|upkeep
|turn|3
|
|t:|1760742834
|switch|p1a: Venusaur|Venusaur, F|100/100
|-terastallize|p2a: Tropius|Water
|move|p2a: Tropius|Leech Seed|p1a: Venusaur
|-immune|p1a: Venusaur
|
|-weather|SunnyDay|[upkeep]
|upkeep
|turn|4
|
|t:|1760742848
|move|p1a: Venusaur|Knock Off|p2a: Tropius
|-damage|p2a: Tropius|35/100
|-enditem|p2a: Tropius|Sitrus Berry|[from] move: Knock Off|[of] p1a: Venusaur
|move|p2a: Tropius|Air Slash|p1a: Venusaur
|-supereffective|p1a: Venusaur
|-damage|p1a: Venusaur|39/100
|
|-weather|SunnyDay|[upkeep]
|-heal|p1a: Venusaur|45/100|[from] item: Leftovers
|upkeep
|turn|5
|
|t:|1760742865
|switch|p2a: Iron Treads|Iron Treads|100/100
|-enditem|p2a: Iron Treads|Booster Energy
|-activate|p2a: Iron Treads|ability: Quark Drive|[fromitem]
|-start|p2a: Iron Treads|quarkdrivespe
|move|p1a: Venusaur|Bullet Seed|p2a: Iron Treads
|-damage|p2a: Iron Treads|92/100
|-damage|p2a: Iron Treads|85/100
|-hitcount|p2a: Iron Treads|2
|
|-weather|SunnyDay|[upkeep]
|-heal|p1a: Venusaur|51/100|[from] item: Leftovers
|upkeep
|turn|6
|
|t:|1760742901
|switch|p1a: Samurott|Samurott-Hisui, M|100/100
|move|p2a: Iron Treads|Earthquake|p1a: Samurott
|-damage|p1a: Samurott|52/100
|
|-weather|none
|upkeep
|turn|7
|
|t:|1760742916
|move|p2a: Iron Treads|Ice Spinner|p1a: Samurott
|-resisted|p1a: Samurott
|-damage|p1a: Samurott|39/100
|move|p1a: Samurott|Aqua Cutter|p2a: Iron Treads
|-supereffective|p2a: Iron Treads
|-crit|p2a: Iron Treads
|-damage|p2a: Iron Treads|0 fnt
|faint|p2a: Iron Treads
|-end|p2a: Iron Treads|Quark Drive|[silent]
|
|upkeep
|
|t:|1760742919
|switch|p2a: Latios|Latios, M, shiny|100/100
|turn|8
|
|t:|1760742933
|switch|p1a: Torkoal|Torkoal, M|100/100
|-weather|SunnyDay|[from] ability: Drought|[of] p1a: Torkoal
|move|p2a: Latios|Dragon Pulse|p1a: Torkoal
|-damage|p1a: Torkoal|53/100
|
|-weather|SunnyDay|[upkeep]
|upkeep
|turn|9
|
|t:|1760742969
|move|p2a: Latios|Psychic|p1a: Torkoal
|-damage|p1a: Torkoal|2/100
|move|p1a: Torkoal|Fire Blast|p2a: Latios
|-resisted|p2a: Latios
|-damage|p2a: Latios|76/100
|
|-weather|SunnyDay|[upkeep]
|upkeep
|turn|10
|
|t:|1760742978
|move|p2a: Latios|Dragon Pulse|p1a: Torkoal
|-damage|p1a: Torkoal|0 fnt
|faint|p1a: Torkoal
|
|-weather|SunnyDay|[upkeep]
|upkeep
|
|t:|1760742990
|switch|p1a: Walking Wake|Walking Wake|100/100
|-activate|p1a: Walking Wake|ability: Protosynthesis
|-start|p1a: Walking Wake|protosynthesisspa
|turn|11
|
|t:|1760742995
|move|p1a: Walking Wake|Dragon Pulse|p2a: Latios
|-supereffective|p2a: Latios
|-damage|p2a: Latios|0 fnt
|faint|p2a: Latios
|
|-weather|SunnyDay|[upkeep]
|upkeep
|
|t:|1760743006
|switch|p2a: Tropius|Tropius, F, tera:Water|35/100
|turn|12
|
|t:|1760743009
|move|p2a: Tropius|Protect|p2a: Tropius
|-singleturn|p2a: Tropius|Protect
|move|p1a: Walking Wake|Dragon Pulse|p2a: Tropius
|-activate|p2a: Tropius|move: Protect
|
|-weather|none
|-end|p1a: Walking Wake|Protosynthesis
|upkeep
|turn|13
|
|t:|1760743021
|-end|p1a: Walking Wake|Protosynthesis|[silent]
|switch|p1a: Dragapult|Dragapult, M|78/100
|switch|p2a: Gliscor|Gliscor, M|100/100
|
|-status|p2a: Gliscor|tox|[from] item: Toxic Orb
|upkeep
|turn|14
|
|t:|1760743032
|move|p1a: Dragapult|Dragon Darts|p2a: Gliscor
|-damage|p2a: Gliscor|78/100 tox
|-anim|p1a: Dragapult|Dragon Darts|p2a: Gliscor
|-damage|p2a: Gliscor|55/100 tox
|-damage|p1a: Dragapult|69/100|[from] item: Life Orb
|move|p2a: Gliscor|Substitute|p2a: Gliscor
|-start|p2a: Gliscor|Substitute
|-damage|p2a: Gliscor|30/100 tox
|
|-heal|p2a: Gliscor|43/100 tox|[from] ability: Poison Heal
|upkeep
|turn|15
|
|t:|1760743043
|move|p2a: Gliscor|Protect|p2a: Gliscor
|-singleturn|p2a: Gliscor|Protect
|move|p1a: Dragapult|Dragon Darts|p2a: Gliscor
|-activate|p2a: Gliscor|move: Protect
|
|-heal|p2a: Gliscor|55/100 tox|[from] ability: Poison Heal
|upkeep
|turn|16
|
|t:|1760743051
|move|p1a: Dragapult|Dragon Darts|p2a: Gliscor
|-damage|p2a: Gliscor|34/100 tox
|-anim|p1a: Dragapult|Dragon Darts|p2a: Gliscor
|-damage|p2a: Gliscor|14/100 tox
|-damage|p1a: Dragapult|59/100|[from] item: Life Orb
|move|p2a: Gliscor|Toxic|p1a: Dragapult
|-status|p1a: Dragapult|tox
|
|-damage|p1a: Dragapult|53/100 tox|[from] psn
|-heal|p2a: Gliscor|26/100 tox|[from] ability: Poison Heal
|upkeep
|turn|17
|
|t:|1760743065
|move|p2a: Gliscor|Protect|p2a: Gliscor
|-singleturn|p2a: Gliscor|Protect
|move|p1a: Dragapult|Dragon Darts|p2a: Gliscor
|-activate|p2a: Gliscor|move: Protect
|
|-damage|p1a: Dragapult|41/100 tox|[from] psn
|-heal|p2a: Gliscor|39/100 tox|[from] ability: Poison Heal
|upkeep
|turn|18
|
|t:|1760743080
|switch|p2a: Tropius|Tropius, F, tera:Water|35/100
|move|p1a: Dragapult|Dragon Darts|p2a: Tropius
|-damage|p2a: Tropius|2/100
|-anim|p1a: Dragapult|Dragon Darts|p2a: Tropius
|-damage|p2a: Tropius|0 fnt
|faint|p2a: Tropius
|-damage|p1a: Dragapult|31/100 tox|[from] item: Life Orb
|
|-damage|p1a: Dragapult|13/100 tox|[from] psn
|upkeep
|
|t:|1760743086
|switch|p2a: Gliscor|Gliscor, M|39/100 tox
|turn|19
|
|t:|1760743097
|switch|p1a: Kingambit|Kingambit, F|100/100
|-activate|p1a: Kingambit|ability: Supreme Overlord
|-start|p1a: Kingambit|fallen1|[silent]
|move|p2a: Gliscor|Substitute|p2a: Gliscor
|-start|p2a: Gliscor|Substitute
|-damage|p2a: Gliscor|14/100 tox
|
|-heal|p2a: Gliscor|26/100 tox|[from] ability: Poison Heal
|upkeep
|turn|20
|
|t:|1760743109
|move|p2a: Gliscor|Earthquake|p1a: Kingambit
|-supereffective|p1a: Kingambit
|-damage|p1a: Kingambit|51/100
|move|p1a: Kingambit|Kowtow Cleave|p2a: Gliscor
|-end|p2a: Gliscor|Substitute
|-damage|p1a: Kingambit|42/100|[from] item: Life Orb
|
|-heal|p2a: Gliscor|39/100 tox|[from] ability: Poison Heal
|upkeep
|turn|21
|
|t:|1760743123
|move|p2a: Gliscor|Protect|p2a: Gliscor
|-singleturn|p2a: Gliscor|Protect
|move|p1a: Kingambit|Kowtow Cleave|p2a: Gliscor
|-activate|p2a: Gliscor|move: Protect
|
|-heal|p2a: Gliscor|51/100 tox|[from] ability: Poison Heal
|upkeep
|turn|22
|
|t:|1760743132
|move|p1a: Kingambit|Sucker Punch|p2a: Gliscor
|-damage|p2a: Gliscor|17/100 tox
|-damage|p1a: Kingambit|32/100|[from] item: Life Orb
|move|p2a: Gliscor|Earthquake|p1a: Kingambit
|-supereffective|p1a: Kingambit
|-damage|p1a: Kingambit|0 fnt
|faint|p1a: Kingambit
|-end|p1a: Kingambit|fallen1|[silent]
|
|-heal|p2a: Gliscor|29/100 tox|[from] ability: Poison Heal
|upkeep
|
|t:|1760743143
|switch|p1a: Samurott|Samurott-Hisui, M|39/100
|turn|23
|
|t:|1760743154
|switch|p2a: Indeedee|Indeedee, M|100/100
|-fieldstart|move: Psychic Terrain|[from] ability: Psychic Surge|[of] p2a: Indeedee
|move|p1a: Samurott|Ceaseless Edge|p2a: Indeedee
|-supereffective|p2a: Indeedee
|-damage|p2a: Indeedee|0 fnt
|-sidestart|p2: jadhe|Spikes
|faint|p2a: Indeedee
|
|upkeep
|
|t:|1760743157
|switch|p2a: Dragonite|Dragonite, M|100/100
|turn|24
|
|t:|1760743167
|move|p1a: Samurott|Ceaseless Edge|p2a: Dragonite
|-damage|p2a: Dragonite|75/100
|-sidestart|p2: jadhe|Spikes
|move|p2a: Dragonite|Dragon Dance|p2a: Dragonite
|-boost|p2a: Dragonite|atk|1
|-boost|p2a: Dragonite|spe|1
|
|upkeep
|turn|25
|
|t:|1760743175
|move|p2a: Dragonite|Dragon Dance|p2a: Dragonite
|-boost|p2a: Dragonite|atk|1
|-boost|p2a: Dragonite|spe|1
|move|p1a: Samurott|Ceaseless Edge|p2a: Dragonite
|-crit|p2a: Dragonite
|-damage|p2a: Dragonite|0 fnt
|-sidestart|p2: jadhe|Spikes
|faint|p2a: Dragonite
|
|upkeep
|
|t:|1760743182
|switch|p2a: Gliscor|Gliscor, M|29/100 tox
|turn|26
|
|t:|1760743185
|move|p2a: Gliscor|Protect|p2a: Gliscor
|-singleturn|p2a: Gliscor|Protect
|move|p1a: Samurott|Ceaseless Edge|p2a: Gliscor
|-activate|p2a: Gliscor|move: Protect
|
|-heal|p2a: Gliscor|42/100 tox|[from] ability: Poison Heal
|upkeep
|turn|27
|-message|jadhe forfeited.
|
|win|ori456
|raw|ori456's rating: 1276 &rarr; <strong>1301</strong><br />(+25 for winning)
|raw|jadhe's rating: 1273 &rarr; <strong>1248</strong><br />(-25 for losing)
|l|☆jadhe
|player|p2|
