|j|☆the flavius
|j|☆rhruficc
|t:|1760790493
|gametype|singles
|player|p1|the flavius|aaron|1333
|player|p2|rhruficc|maid|1305
|gen|9
|tier|[Gen 9] OU
|rated|
|rule|HP Percentage Mod: HP is shown in percentages
|rule|Endless Battle Clause: Forcing endless battles is banned
|rule|Species Clause: Limit one of each Pokémon
|rule|OHKO Clause: OHKO moves are banned
|rule|Evasion Items Clause: Evasion items are banned
|rule|Evasion Moves Clause: Evasion moves are banned
|rule|Evasion Abilities Clause: Evasion abilities are banned
|rule|Sleep Moves Clause: Sleep-inducing moves are banned
|clearpoke
|poke|p1|Mismagius, M|
|poke|p1|Lilligant, F|
|poke|p1|Salazzle, F|
|poke|p1|Torkoal, F|
|poke|p1|Milotic, M|
|poke|p1|Flygon, M|
|poke|p2|Ninetales-Alola, F|
|poke|p2|Hatterene, F|
|poke|p2|Zamazenta-*|
|poke|p2|Latias, F|
|poke|p2|Volcanion|
|poke|p2|Kingambit, M|
|teampreview
|inactive|Battle timer is ON: inactive players will automatically lose when time's up. (requested by the flavius)
|
|t:|1760790499
|teamsize|p1|6
|teamsize|p2|6
|start
|switch|p1a: Rain|Milotic, M|100/100
|switch|p2a: Volcanion|Volcanion|100/100
|turn|1
|
|t:|1760790504
|switch|p2a: Kingambit|Kingambit, M|100/100
|move|p1a: Rain|Wrap|p2a: Kingambit
|-resisted|p2a: Kingambit
|-damage|p2a: Kingambit|99/100
|-activate|p2a: Kingambit|move: Wrap|[of] p1a: Rain
|
|-heal|p2a: Kingambit|100/100|[from] item: Leftovers
|-damage|p2a: Kingambit|88/100|[from] move: Wrap|[partiallytrapped]
|upkeep
|turn|2
|
|t:|1760790511
|move|p2a: Kingambit|Kowtow Cleave|p1a: Rain
|-damage|p1a: Rain|48/100
|move|p1a: Rain|Scald|p2a: Kingambit
|-damage|p2a: Kingambit|59/100
|
|-heal|p2a: Kingambit|65/100|[from] item: Leftovers
|-heal|p1a: Rain|54/100|[from] item: Leftovers
|-damage|p2a: Kingambit|53/100|[from] move: Wrap|[partiallytrapped]
|upkeep
|turn|3
|
|t:|1760790520
|move|p2a: Kingambit|Kowtow Cleave|p1a: Rain
|-damage|p1a: Rain|9/100
|move|p1a: Rain|Recover|p1a: Rain
|-heal|p1a: Rain|59/100
|
|-heal|p2a: Kingambit|59/100|[from] item: Leftovers
|-heal|p1a: Rain|65/100|[from] item: Leftovers
|-damage|p2a: Kingambit|47/100|[from] move: Wrap|[partiallytrapped]
|upkeep
|turn|4
|
|t:|1760790528
|switch|p1a: Light Shower|Torkoal, F|100/100
|-weather|SunnyDay|[from] ability: Drought|[of] p1a: Light Shower
|move|p2a: Kingambit|Swords Dance|p2a: Kingambit
|-boost|p2a: Kingambit|atk|2
|
|-weather|SunnyDay|[upkeep]
|-heal|p2a: Kingambit|53/100|[from] item: Leftovers
|-end|p2a: Kingambit|Wrap|[partiallytrapped]|[silent]
|upkeep
|turn|5
|
|t:|1760790533
|move|p2a: Kingambit|Kowtow Cleave|p1a: Light Shower
|-damage|p1a: Light Shower|42/100
|move|p1a: Light Shower|Lava Plume|p2a: Kingambit
|-supereffective|p2a: Kingambit
|-crit|p2a: Kingambit
|-damage|p2a: Kingambit|0 fnt
|faint|p2a: Kingambit
|-end|p2a: Kingambit|fallenundefined|[silent]
|
|-weather|SunnyDay|[upkeep]
|upkeep
|
|t:|1760790537
|switch|p2a: Ninetales|Ninetales-Alola, F|100/100
|-weather|Snowscape|[from] ability: Snow Warning|[of] p2a: Ninetales
|turn|6
|
|t:|1760790545
|move|p2a: Ninetales|Aurora Veil|p2a: Ninetales
|-sidestart|p2: rhruficc|move: Aurora Veil
|move|p1a: Light Shower|Stealth Rock|p2a: Ninetales
|-sidestart|p2: rhruficc|move: Stealth Rock
|
|-weather|Snowscape|[upkeep]
|upkeep
|turn|7
|
|t:|1760790550
|switch|p1a: Rain|Milotic, M|65/100
|move|p2a: Ninetales|Encore||[still]
|-fail|p2a: Ninetales
|
|-weather|Snowscape|[upkeep]
|-heal|p1a: Rain|71/100|[from] item: Leftovers
|upkeep
|turn|8
|
|t:|1760790555
|move|p2a: Ninetales|Freeze-Dry|p1a: Rain
|-supereffective|p1a: Rain
|-damage|p1a: Rain|49/100
|move|p1a: Rain|Wrap|p2a: Ninetales
|-damage|p2a: Ninetales|99/100
|-activate|p2a: Ninetales|move: Wrap|[of] p1a: Rain
|
|-weather|Snowscape|[upkeep]
|-heal|p1a: Rain|55/100|[from] item: Leftovers
|-damage|p2a: Ninetales|87/100|[from] move: Wrap|[partiallytrapped]
|upkeep
|turn|9
|
|t:|1760790565
|switch|p1a: Light Shower|Torkoal, F|42/100
|-weather|SunnyDay|[from] ability: Drought|[of] p1a: Light Shower
|move|p2a: Ninetales|Encore||[still]
|-fail|p2a: Ninetales
|
|-weather|SunnyDay|[upkeep]
|-end|p2a: Ninetales|Wrap|[partiallytrapped]|[silent]
|upkeep
|turn|10
|
|t:|1760790571
|switch|p2a: Volcanion|Volcanion|100/100
|-damage|p2a: Volcanion|76/100|[from] Stealth Rock
|move|p1a: Light Shower|Lava Plume|p2a: Volcanion
|-resisted|p2a: Volcanion
|-damage|p2a: Volcanion|70/100
|
|-weather|SunnyDay|[upkeep]
|upkeep
|turn|11
|
|t:|1760790576
|switch|p1a: Rain|Milotic, M|55/100
|move|p2a: Volcanion|Steam Eruption|p1a: Rain
|-resisted|p1a: Rain
|-damage|p1a: Rain|41/100
|-status|p1a: Rain|brn
|
|-weather|SunnyDay|[upkeep]
|-heal|p1a: Rain|47/100 brn|[from] item: Leftovers
|-damage|p1a: Rain|41/100 brn|[from] brn
|upkeep
|turn|12
|
|t:|1760790582
|move|p2a: Volcanion|Steam Eruption|p1a: Rain
|-resisted|p1a: Rain
|-damage|p1a: Rain|26/100 brn
|move|p1a: Rain|Recover|p1a: Rain
|-heal|p1a: Rain|77/100 brn
|
|-weather|SunnyDay|[upkeep]
|-heal|p1a: Rain|83/100 brn|[from] item: Leftovers
|-damage|p1a: Rain|77/100 brn|[from] brn
|upkeep
|turn|13
|
|t:|1760790598
|switch|p2a: Ninetales|Ninetales-Alola, F|87/100
|-damage|p2a: Ninetales|62/100|[from] Stealth Rock
|-weather|Snowscape|[from] ability: Snow Warning|[of] p2a: Ninetales
|move|p1a: Rain|Wrap|p2a: Ninetales
|-damage|p2a: Ninetales|62/100
|-activate|p2a: Ninetales|move: Wrap|[of] p1a: Rain
|
|-weather|Snowscape|[upkeep]
|-heal|p1a: Rain|83/100 brn|[from] item: Leftovers
|-damage|p1a: Rain|77/100 brn|[from] brn
|-damage|p2a: Ninetales|50/100|[from] move: Wrap|[partiallytrapped]
|-sideend|p2: rhruficc|move: Aurora Veil
|upkeep
|turn|14
|
|t:|1760790611
|switch|p1a: Light Shower|Torkoal, F|42/100
|-weather|SunnyDay|[from] ability: Drought|[of] p1a: Light Shower
|move|p2a: Ninetales|Moonblast|p1a: Light Shower
|-resisted|p1a: Light Shower
|-damage|p1a: Light Shower|23/100
|
|-weather|SunnyDay|[upkeep]
|-end|p2a: Ninetales|Wrap|[partiallytrapped]|[silent]
|upkeep
|turn|15
|
|t:|1760790621
|switch|p2a: Volcanion|Volcanion|70/100
|-damage|p2a: Volcanion|45/100|[from] Stealth Rock
|move|p1a: Light Shower|Lava Plume|p2a: Volcanion
|-resisted|p2a: Volcanion
|-damage|p2a: Volcanion|33/100
|
|-weather|SunnyDay|[upkeep]
|upkeep
|turn|16
|
|t:|1760790627
|switch|p1a: Rain|Milotic, M|77/100 brn
|move|p2a: Volcanion|Flamethrower|p1a: Rain
|-resisted|p1a: Rain
|-damage|p1a: Rain|40/100 brn
|
|-weather|SunnyDay|[upkeep]
|-heal|p1a: Rain|46/100 brn|[from] item: Leftovers
|-damage|p1a: Rain|40/100 brn|[from] brn
|upkeep
|turn|17
|
|t:|1760790631
|move|p2a: Volcanion|Flamethrower|p1a: Rain
|-resisted|p1a: Rain
|-damage|p1a: Rain|5/100 brn
|move|p1a: Rain|Wrap|p2a: Volcanion
|-damage|p2a: Volcanion|32/100
|-activate|p2a: Volcanion|move: Wrap|[of] p1a: Rain
|
|-weather|SunnyDay|[upkeep]
|-heal|p1a: Rain|12/100 brn|[from] item: Leftovers
|-damage|p1a: Rain|5/100 brn|[from] brn
|-damage|p2a: Volcanion|20/100|[from] move: Wrap|[partiallytrapped]
|upkeep
|turn|18
|
|t:|1760790636
|move|p2a: Volcanion|Flamethrower|p1a: Rain
|-resisted|p1a: Rain
|-damage|p1a: Rain|0 fnt
|faint|p1a: Rain
|
|-weather|none
|-end|p2a: Volcanion|Wrap|[partiallytrapped]|[silent]
|upkeep
|
|t:|1760790639
|switch|p1a: Moon cycle|Salazzle, F|100/100
|turn|19
|
|t:|1760790643
|move|p1a: Moon cycle|Sludge Wave|p2a: Volcanion
|-crit|p2a: Volcanion
|-damage|p2a: Volcanion|0 fnt
|faint|p2a: Volcanion
|
|upkeep
|
|t:|1760790649
|switch|p2a: drinkin a soy lati|Latias, F|100/100
|-damage|p2a: drinkin a soy lati|88/100|[from] Stealth Rock
|turn|20
|
|t:|1760790652
|move|p1a: Moon cycle|Toxic|p2a: drinkin a soy lati
|-status|p2a: drinkin a soy lati|tox
|move|p2a: drinkin a soy lati|Agility|p2a: drinkin a soy lati
|-boost|p2a: drinkin a soy lati|spe|2
|
|-damage|p2a: drinkin a soy lati|82/100 tox|[from] psn
|upkeep
|turn|21
|
|t:|1760790660
|move|p2a: drinkin a soy lati|Stored Power|p1a: Moon cycle
|-supereffective|p1a: Moon cycle
|-damage|p1a: Moon cycle|17/100
|move|p1a: Moon cycle|Sludge Wave|p2a: drinkin a soy lati
|-damage|p2a: drinkin a soy lati|52/100 tox
|
|-damage|p2a: drinkin a soy lati|40/100 tox|[from] psn
|upkeep
|turn|22
|
|t:|1760790667
|move|p2a: drinkin a soy lati|Stored Power|p1a: Moon cycle
|-supereffective|p1a: Moon cycle
|-damage|p1a: Moon cycle|0 fnt
|faint|p1a: Moon cycle
|
|-damage|p2a: drinkin a soy lati|21/100 tox|[from] psn
|upkeep
|
|t:|1760790672
|switch|p1a: Light Shower|Torkoal, F|23/100
|-weather|SunnyDay|[from] ability: Drought|[of] p1a: Light Shower
|turn|23
|
|t:|1760790678
|move|p2a: drinkin a soy lati|Stored Power|p1a: Light Shower
|-damage|p1a: Light Shower|0 fnt
|faint|p1a: Light Shower
|
|-weather|SunnyDay|[upkeep]
|-damage|p2a: drinkin a soy lati|0 fnt|[from] psn
|faint|p2a: drinkin a soy lati
|upkeep
|
|t:|1760790681
|switch|p2a: Ninetales|Ninetales-Alola, F|50/100
|switch|p1a: Sabrina|Lilligant, F|100/100
|-damage|p2a: Ninetales|25/100|[from] Stealth Rock
|-weather|Snowscape|[from] ability: Snow Warning|[of] p2a: Ninetales
|turn|24
|
|t:|1760790685
|move|p2a: Ninetales|Aurora Veil|p2a: Ninetales
|-sidestart|p2: rhruficc|move: Aurora Veil
|move|p1a: Sabrina|Giga Drain|p2a: Ninetales
|-damage|p2a: Ninetales|8/100
|
|-weather|Snowscape|[upkeep]
|upkeep
|turn|25
|
|t:|1760790690
|switch|p2a: Hatterene|Hatterene, F|100/100
|-damage|p2a: Hatterene|88/100|[from] Stealth Rock
|move|p1a: Sabrina|Giga Drain|p2a: Hatterene
|-damage|p2a: Hatterene|67/100
|
|-weather|Snowscape|[upkeep]
|-heal|p2a: Hatterene|73/100|[from] item: Leftovers
|upkeep
|turn|26
|
|t:|1760790693
|move|p1a: Sabrina|Weather Ball|p2a: Hatterene
|-damage|p2a: Hatterene|56/100
|move|p2a: Hatterene|Nuzzle|p1a: Sabrina
|-resisted|p1a: Sabrina
|-damage|p1a: Sabrina|97/100
|-status|p1a: Sabrina|par
|
|-weather|Snowscape|[upkeep]
|-heal|p2a: Hatterene|62/100|[from] item: Leftovers
|upkeep
|turn|27
|
|t:|1760790699
|move|p1a: Sabrina|Giga Drain|p2a: Hatterene
|-damage|p2a: Hatterene|42/100
|-heal|p1a: Sabrina|100/100 par|[from] drain|[of] p2a: Hatterene
|move|p2a: Hatterene|Psychic Noise|p1a: Sabrina
|-crit|p1a: Sabrina
|-damage|p1a: Sabrina|19/100 par
|-start|p1a: Sabrina|move: Heal Block
|
|-weather|Snowscape|[upkeep]
|-heal|p2a: Hatterene|48/100|[from] item: Leftovers
|upkeep
|turn|28
|
|t:|1760790708
|move|p1a: Sabrina|Weather Ball|p2a: Hatterene
|-crit|p2a: Hatterene
|-damage|p2a: Hatterene|0 fnt
|faint|p2a: Hatterene
|
|-weather|none
|-end|p1a: Sabrina|move: Heal Block
|upkeep
|
|t:|1760790711
|switch|p2a: Zamazenta|Zamazenta|100/100
|-damage|p2a: Zamazenta|94/100|[from] Stealth Rock
|-ability|p2a: Zamazenta|Dauntless Shield|boost
|-boost|p2a: Zamazenta|def|1
|turn|29
|
|t:|1760790718
|move|p2a: Zamazenta|Crunch|p1a: Sabrina
|-damage|p1a: Sabrina|0 fnt
|faint|p1a: Sabrina
|-damage|p2a: Zamazenta|84/100|[from] item: Life Orb
|
|upkeep
|
|t:|1760790720
|switch|p1a: Wiccano|Mismagius, M|100/100
|turn|30
|
|t:|1760790724
|move|p1a: Wiccano|Trick|p2a: Zamazenta
|-activate|p1a: Wiccano|move: Trick|[of] p2a: Zamazenta
|-item|p2a: Zamazenta|Choice Scarf|[from] move: Trick
|-item|p1a: Wiccano|Life Orb|[from] move: Trick
|move|p2a: Zamazenta|Crunch|p1a: Wiccano
|-supereffective|p1a: Wiccano
|-damage|p1a: Wiccano|0 fnt
|faint|p1a: Wiccano
|
|upkeep
|
|t:|1760790730
|switch|p1a: Emerald|Flygon, M|100/100
|turn|31
|
|t:|1760790734
|switch|p2a: Ninetales|Ninetales-Alola, F|8/100
|-damage|p2a: Ninetales|0 fnt|[from] Stealth Rock
|faint|p2a: Ninetales
|-terastallize|p1a: Emerald|Fairy
|move|p1a: Emerald|Dragon Dance|p1a: Emerald
|-boost|p1a: Emerald|atk|1
|-boost|p1a: Emerald|spe|1
|
|-sideend|p2: rhruficc|move: Aurora Veil
|upkeep
|
|t:|1760790741
|switch|p2a: Zamazenta|Zamazenta|84/100
|-damage|p2a: Zamazenta|78/100|[from] Stealth Rock
|turn|32
|
|t:|1760790745
|move|p2a: Zamazenta|Heavy Slam|p1a: Emerald
|-supereffective|p1a: Emerald
|-damage|p1a: Emerald|48/100
|move|p1a: Emerald|Substitute|p1a: Emerald
|-start|p1a: Emerald|Substitute
|-damage|p1a: Emerald|23/100
|
|-heal|p1a: Emerald|29/100|[from] item: Leftovers
|upkeep
|turn|33
|
|t:|1760790748
|move|p2a: Zamazenta|Heavy Slam|p1a: Emerald
|-supereffective|p1a: Emerald
|-end|p1a: Emerald|Substitute
|move|p1a: Emerald|Dragon Dance|p1a: Emerald
|-boost|p1a: Emerald|atk|1
|-boost|p1a: Emerald|spe|1
|
|-heal|p1a: Emerald|35/100|[from] item: Leftovers
|upkeep
|turn|34
|
|t:|1760790753
|move|p1a: Emerald|Tera Blast|p2a: Zamazenta|[anim] Tera Blast Fairy
|-supereffective|p2a: Zamazenta
|-damage|p2a: Zamazenta|0 fnt
|faint|p2a: Zamazenta
|
|win|the flavius
|raw|the flavius's rating: 1333 &rarr; <strong>1351</strong><br />(+18 for winning)
|raw|rhruficc's rating: 1305 &rarr; <strong>1287</strong><br />(-18 for losing)
|l|☆rhruficc
|player|p2|
|l|☆the flavius
|player|p1|
