|j|☆flailingfirework
|j|☆miscellandorus
|t:|1760811652
|gametype|singles
|player|p1|flailingfirework|roxie-masters|1416
|player|p2|miscellandorus|2|1479
|gen|9
|tier|[Gen 9] OU
|rated|
|rule|HP Percentage Mod: HP is shown in percentages
|rule|Endless Battle Clause: Forcing endless battles is banned
|rule|Species Clause: Limit one of each Pokémon
|rule|OHKO Clause: OHKO moves are banned
|rule|Evasion Items Clause: Evasion items are banned
|rule|Evasion Moves Clause: Evasion moves are banned
|rule|Evasion Abilities Clause: Evasion abilities are banned
|rule|Sleep Moves Clause: Sleep-inducing moves are banned
|clearpoke
|poke|p1|Ogerpon-Wellspring, F|
|poke|p1|Cloyster, F|
|poke|p1|Ninetales-Alola, M|
|poke|p1|Polteageist|
|poke|p1|Iron Treads|
|poke|p1|Cetitan, M|
|poke|p2|Walking Wake|
|poke|p2|Maushold-Four|
|poke|p2|Dragonite, M|
|poke|p2|Weezing-Galar, F|
|poke|p2|Great Tusk|
|poke|p2|Muk-Alola, M|
|teampreview
|inactive|Battle timer is ON: inactive players will automatically lose when time's up. (requested by flailingfirework)
|j| GracieVGC
|inactive|miscellandorus has 120 seconds left.
|inactive|miscellandorus has 90 seconds left.
|inactive|miscellandorus has 60 seconds left.
|
|t:|1760811773
|teamsize|p1|6
|teamsize|p2|6
|start
|switch|p1a: Iron Treads|Iron Treads|100/100
|switch|p2a: Maushold|Maushold-Four|100/100
|-enditem|p1a: Iron Treads|Booster Energy
|-activate|p1a: Iron Treads|ability: Quark Drive|[fromitem]
|-start|p1a: Iron Treads|quarkdrivespe
|turn|1
|
|t:|1760811795
|switch|p2a: Great Tusk|Great Tusk|100/100
|move|p1a: Iron Treads|Steel Beam|p2a: Great Tusk
|-damage|p2a: Great Tusk|33/100
|-damage|p1a: Iron Treads|50/100|[from] steelbeam
|
|upkeep
|turn|2
|
|t:|1760811822
|-end|p2a: Great Tusk|Protosynthesis|[silent]
|switch|p2a: Muk|Muk-Alola, M|100/100
|move|p1a: Iron Treads|Earth Power|p2a: Muk
|-supereffective|p2a: Muk
|-damage|p2a: Muk|62/100
|
|-heal|p2a: Muk|68/100|[from] item: Black Sludge
|upkeep
|turn|3
|
|t:|1760811829
|move|p2a: Muk|Protect|p2a: Muk
|-singleturn|p2a: Muk|Protect
|move|p1a: Iron Treads|Stealth Rock|p2a: Muk
|-sidestart|p2: miscellandorus|move: Stealth Rock
|
|-heal|p2a: Muk|74/100|[from] item: Black Sludge
|upkeep
|turn|4
|
|t:|1760811833
|move|p1a: Iron Treads|Earth Power|p2a: Muk
|-supereffective|p2a: Muk
|-damage|p2a: Muk|35/100
|move|p2a: Muk|Drain Punch|p1a: Iron Treads
|-supereffective|p1a: Iron Treads
|-damage|p1a: Iron Treads|20/100
|-heal|p2a: Muk|47/100|[from] drain|[of] p1a: Iron Treads
|
|-heal|p2a: Muk|53/100|[from] item: Black Sludge
|upkeep
|turn|5
|inactive|miscellandorus has 120 seconds left.
|
|t:|1760811860
|switch|p2a: Walking Wake|Walking Wake|100/100
|-damage|p2a: Walking Wake|88/100|[from] Stealth Rock
|move|p1a: Iron Treads|Earth Power|p2a: Walking Wake
|-damage|p2a: Walking Wake|53/100
|
|upkeep
|turn|6
|
|t:|1760811863
|move|p2a: Walking Wake|Flip Turn|p1a: Iron Treads
|-supereffective|p1a: Iron Treads
|-damage|p1a: Iron Treads|0 fnt
|faint|p1a: Iron Treads
|-end|p1a: Iron Treads|Quark Drive|[silent]
|inactive|miscellandorus has 120 seconds left.
|
|t:|1760811872
|-end|p2a: Walking Wake|Protosynthesis|[silent]
|switch|p2a: Maushold|Maushold-Four|100/100|[from] Flip Turn
|-damage|p2a: Maushold|88/100|[from] Stealth Rock
|
|upkeep
|
|t:|1760811892
|switch|p1a: Polteageist|Polteageist|100/100
|turn|7
|inactive|miscellandorus has 120 seconds left.
|
|t:|1760811908
|-terastallize|p1a: Polteageist|Fighting
|move|p2a: Maushold|Tidy Up|p2a: Maushold
|-sideend|p2: miscellandorus|Stealth Rock
|-activate|p2a: Maushold|move: Tidy Up
|-boost|p2a: Maushold|atk|1
|-boost|p2a: Maushold|spe|1
|move|p1a: Polteageist|Tera Blast|p2a: Maushold|[anim] Tera Blast Fighting
|-supereffective|p2a: Maushold
|-damage|p2a: Maushold|0 fnt
|faint|p2a: Maushold
|
|upkeep
|inactive|miscellandorus has 120 seconds left.
|
|t:|1760811930
|switch|p2a: Dragonite|Dragonite, M|100/100
|turn|8
|
|t:|1760811935
|move|p2a: Dragonite|Extreme Speed|p1a: Polteageist
|-damage|p1a: Polteageist|44/100
|-start|p2a: Dragonite|Disable|Extreme Speed|[from] ability: Cursed Body|[of] p1a: Polteageist
|move|p1a: Polteageist|Shell Smash|p1a: Polteageist
|-unboost|p1a: Polteageist|def|1
|-unboost|p1a: Polteageist|spd|1
|-boost|p1a: Polteageist|atk|2
|-boost|p1a: Polteageist|spa|2
|-boost|p1a: Polteageist|spe|2
|-enditem|p1a: Polteageist|White Herb
|-clearnegativeboost|p1a: Polteageist|[silent]
|
|upkeep
|turn|9
|inactive|miscellandorus has 120 seconds left.
|
|t:|1760811943
|switch|p2a: Muk|Muk-Alola, M|53/100
|move|p1a: Polteageist|Shadow Ball|p2a: Muk
|-resisted|p2a: Muk
|-damage|p2a: Muk|30/100
|-unboost|p2a: Muk|spd|1
|
|-heal|p2a: Muk|36/100|[from] item: Black Sludge
|upkeep
|turn|10
|
|t:|1760811957
|move|p2a: Muk|Protect|p2a: Muk
|-singleturn|p2a: Muk|Protect
|move|p1a: Polteageist|Tera Blast|p2a: Muk|[anim] Tera Blast Fighting
|-activate|p2a: Muk|move: Protect
|
|-heal|p2a: Muk|42/100|[from] item: Black Sludge
|upkeep
|turn|11
|
|t:|1760811964
|move|p1a: Polteageist|Tera Blast|p2a: Muk|[anim] Tera Blast Fighting
|-damage|p2a: Muk|0 fnt
|faint|p2a: Muk
|
|upkeep
|inactive|miscellandorus has 120 seconds left.
|
|t:|1760811994
|switch|p2a: Dragonite|Dragonite, M|100/100
|turn|12
|
|t:|1760811999
|move|p2a: Dragonite|Extreme Speed|p1a: Polteageist
|-damage|p1a: Polteageist|0 fnt
|faint|p1a: Polteageist
|
|upkeep
|
|t:|1760812003
|switch|p1a: Ninetales|Ninetales-Alola, M|100/100
|-weather|Snowscape|[from] ability: Snow Warning|[of] p1a: Ninetales
|turn|13
|inactive|miscellandorus has 120 seconds left.
|
|t:|1760812027
|move|p2a: Dragonite|Extreme Speed|p1a: Ninetales
|-damage|p1a: Ninetales|56/100
|move|p1a: Ninetales|Freeze-Dry|p2a: Dragonite
|-supereffective|p2a: Dragonite
|-damage|p2a: Dragonite|44/100
|
|-weather|Snowscape|[upkeep]
|upkeep
|turn|14
|
|t:|1760812036
|-terastallize|p2a: Dragonite|Normal
|move|p2a: Dragonite|Extreme Speed|p1a: Ninetales
|-damage|p1a: Ninetales|0 fnt
|faint|p1a: Ninetales
|
|-weather|Snowscape|[upkeep]
|upkeep
|
|t:|1760812041
|switch|p1a: Ogerpon|Ogerpon-Wellspring, F|100/100
|turn|15
|
|t:|1760812049
|switch|p2a: Walking Wake|Walking Wake|53/100
|move|p1a: Ogerpon|Ivy Cudgel|p2a: Walking Wake|[anim] Ivy Cudgel Water
|-resisted|p2a: Walking Wake
|-damage|p2a: Walking Wake|38/100
|
|-weather|Snowscape|[upkeep]
|upkeep
|turn|16
|
|t:|1760812075
|move|p2a: Walking Wake|Flamethrower|p1a: Ogerpon
|-damage|p1a: Ogerpon|63/100
|move|p1a: Ogerpon|Power Whip|p2a: Walking Wake
|-damage|p2a: Walking Wake|0 fnt
|faint|p2a: Walking Wake
|-end|p2a: Walking Wake|Protosynthesis|[silent]
|
|-weather|Snowscape|[upkeep]
|upkeep
|inactive|miscellandorus has 120 seconds left.
|
|t:|1760812094
|switch|p2a: Weezing|Weezing-Galar, F|100/100
|turn|17
|
|t:|1760812096
|move|p1a: Ogerpon|Ivy Cudgel|p2a: Weezing|[anim] Ivy Cudgel Water
|-damage|p2a: Weezing|31/100
|move|p2a: Weezing|Sludge Bomb|p1a: Ogerpon
|-supereffective|p1a: Ogerpon
|-damage|p1a: Ogerpon|0 fnt
|faint|p1a: Ogerpon
|
|-weather|none
|upkeep
|
|t:|1760812102
|switch|p1a: Cetitan|Cetitan, M|100/100
|turn|18
|
|t:|1760812109
|move|p1a: Cetitan|Icicle Crash|p2a: Weezing
|-damage|p2a: Weezing|0 fnt
|faint|p2a: Weezing
|
|upkeep
|
|t:|1760812128
|switch|p2a: Dragonite|Dragonite, M, tera:Normal|44/100
|turn|19
|
|t:|1760812132
|move|p1a: Cetitan|Icicle Crash|p2a: Dragonite
|-damage|p2a: Dragonite|5/100
|cant|p2a: Dragonite|flinch
|
|upkeep
|turn|20
|-message|miscellandorus forfeited.
|
|win|flailingfirework
|raw|flailingfirework's rating: 1454 &rarr; <strong>1475</strong><br />(+21 for winning)
|raw|miscellandorus's rating: 1479 &rarr; <strong>1458</strong><br />(-21 for losing)
|l|☆miscellandorus
|player|p2|
|l|☆flailingfirework
|player|p1|
