|j|☆Chocokoala VGC
|j|☆hareeb
|t:|1760871335
|gametype|singles
|player|p1|Chocokoala VGC|aaron|1250
|player|p2|hareeb|170|1219
|gen|9
|tier|[Gen 9] OU
|rated|
|rule|HP Percentage Mod: HP is shown in percentages
|rule|Endless Battle Clause: Forcing endless battles is banned
|rule|Species Clause: Limit one of each Pokémon
|rule|OHKO Clause: OHKO moves are banned
|rule|Evasion Items Clause: Evasion items are banned
|rule|Evasion Moves Clause: Evasion moves are banned
|rule|Evasion Abilities Clause: Evasion abilities are banned
|rule|Sleep Moves Clause: Sleep-inducing moves are banned
|clearpoke
|poke|p1|Dragalge, M|
|poke|p1|Ting-Lu|
|poke|p1|Gholdengo|
|poke|p1|Zamazenta-*|
|poke|p1|Gliscor, F|
|poke|p1|Quaquaval, M|
|poke|p2|Great Tusk|
|poke|p2|Iron Moth|
|poke|p2|Scizor, F|
|poke|p2|Primarina, F|
|poke|p2|Corviknight, M|
|poke|p2|Dragapult, F|
|teampreview
|inactive|Battle timer is ON: inactive players will automatically lose when time's up. (requested by Chocokoala VGC)
|
|t:|1760871346
|teamsize|p1|6
|teamsize|p2|6
|start
|switch|p1a: Ting-Lu|Ting-Lu|100/100
|switch|p2a: Corviknight|Corviknight, M, shiny|100/100
|-ability|p2a: Corviknight|Pressure
|-ability|p1a: Ting-Lu|Vessel of Ruin
|turn|1
|
|t:|1760871354
|move|p2a: Corviknight|Taunt|p1a: Ting-Lu
|-start|p1a: Ting-Lu|move: Taunt
|cant|p1a: Ting-Lu|move: Taunt|Whirlwind
|
|upkeep
|turn|2
|
|t:|1760871363
|switch|p1a: Gliscor|Gliscor, F|100/100
|move|p2a: Corviknight|U-turn|p1a: Gliscor
|-resisted|p1a: Gliscor
|-damage|p1a: Gliscor|95/100
|
|t:|1760871365
|switch|p2a: Primarina|Primarina, F, shiny|100/100|[from] U-turn
|
|-status|p1a: Gliscor|tox|[from] item: Toxic Orb
|upkeep
|turn|3
|
|t:|1760871376
|switch|p1a: Dragalge|Dragalge, M|100/100
|move|p2a: Primarina|Sparkling Aria|p1a: Dragalge
|-resisted|p1a: Dragalge
|-crit|p1a: Dragalge
|-damage|p1a: Dragalge|51/100
|
|-heal|p1a: Dragalge|57/100|[from] item: Leftovers
|upkeep
|turn|4
|
|t:|1760871382
|switch|p2a: Corviknight|Corviknight, M, shiny|100/100
|-ability|p2a: Corviknight|Pressure
|move|p1a: Dragalge|Sludge Wave|p2a: Corviknight
|-immune|p2a: Corviknight
|
|-heal|p1a: Dragalge|63/100|[from] item: Leftovers
|upkeep
|turn|5
|
|t:|1760871392
|switch|p1a: Gliscor|Gliscor, F|95/100 tox
|move|p2a: Corviknight|U-turn|p1a: Gliscor
|-resisted|p1a: Gliscor
|-damage|p1a: Gliscor|89/100 tox
|
|t:|1760871396
|switch|p2a: Primarina|Primarina, F, shiny|100/100|[from] U-turn
|
|-heal|p1a: Gliscor|100/100 tox|[from] ability: Poison Heal
|upkeep
|turn|6
|
|t:|1760871406
|move|p1a: Gliscor|Protect|p1a: Gliscor
|-singleturn|p1a: Gliscor|Protect
|move|p2a: Primarina|Sparkling Aria|p1a: Gliscor
|-activate|p1a: Gliscor|move: Protect
|
|upkeep
|turn|7
|
|t:|1760871414
|switch|p1a: Dragalge|Dragalge, M|63/100
|move|p2a: Primarina|Sparkling Aria|p1a: Dragalge
|-resisted|p1a: Dragalge
|-damage|p1a: Dragalge|33/100
|
|-heal|p1a: Dragalge|39/100|[from] item: Leftovers
|upkeep
|turn|8
|
|t:|1760871420
|switch|p2a: Corviknight|Corviknight, M, shiny|100/100
|-ability|p2a: Corviknight|Pressure
|move|p1a: Dragalge|Sludge Wave|p2a: Corviknight
|-immune|p2a: Corviknight
|
|-heal|p1a: Dragalge|45/100|[from] item: Leftovers
|upkeep
|turn|9
|
|t:|1760871426
|switch|p1a: Gliscor|Gliscor, F|100/100 tox
|move|p2a: Corviknight|U-turn|p1a: Gliscor
|-resisted|p1a: Gliscor
|-damage|p1a: Gliscor|95/100 tox
|
|t:|1760871429
|switch|p2a: Primarina|Primarina, F, shiny|100/100|[from] U-turn
|
|-heal|p1a: Gliscor|100/100 tox|[from] ability: Poison Heal
|upkeep
|turn|10
|
|t:|1760871439
|-terastallize|p1a: Gliscor|Ghost
|move|p1a: Gliscor|Toxic|p2a: Primarina
|-status|p2a: Primarina|tox
|move|p2a: Primarina|Psychic Noise|p1a: Gliscor
|-damage|p1a: Gliscor|66/100 tox
|-start|p1a: Gliscor|move: Heal Block
|
|-damage|p2a: Primarina|94/100 tox|[from] psn
|upkeep
|turn|11
|
|t:|1760871455
|switch|p1a: Ting-Lu|Ting-Lu|100/100
|-ability|p1a: Ting-Lu|Vessel of Ruin
|switch|p2a: Dragapult|Dragapult, F, shiny|100/100
|
|upkeep
|turn|12
|
|t:|1760871462
|move|p2a: Dragapult|U-turn|p1a: Ting-Lu
|-supereffective|p1a: Ting-Lu
|-damage|p1a: Ting-Lu|80/100
|
|t:|1760871466
|switch|p2a: Corviknight|Corviknight, M, shiny|100/100|[from] U-turn
|-ability|p2a: Corviknight|Pressure
|move|p1a: Ting-Lu|Spikes|p2a: Corviknight
|-sidestart|p2: hareeb|Spikes
|
|-heal|p1a: Ting-Lu|86/100|[from] item: Leftovers
|upkeep
|turn|13
|
|t:|1760871476
|switch|p1a: Gliscor|Gliscor, F, tera:Ghost|66/100 tox
|move|p2a: Corviknight|Defog|p1a: Gliscor
|-unboost|p1a: Gliscor|evasion|1
|-sideend|p2: hareeb|Spikes|[from] move: Defog|[of] p2a: Corviknight
|
|-heal|p1a: Gliscor|78/100 tox|[from] ability: Poison Heal
|upkeep
|turn|14
|
|t:|1760871488
|move|p1a: Gliscor|Protect|p1a: Gliscor
|-singleturn|p1a: Gliscor|Protect
|move|p2a: Corviknight|Taunt|p1a: Gliscor
|-activate|p1a: Gliscor|move: Protect
|
|-heal|p1a: Gliscor|91/100 tox|[from] ability: Poison Heal
|upkeep
|turn|15
|
|t:|1760871498
|switch|p1a: Gholdengo|Gholdengo|100/100
|-item|p1a: Gholdengo|Air Balloon
|move|p2a: Corviknight|U-turn|p1a: Gholdengo
|-resisted|p1a: Gholdengo
|-damage|p1a: Gholdengo|98/100
|-enditem|p1a: Gholdengo|Air Balloon
|
|t:|1760871500
|switch|p2a: Iron Moth|Iron Moth, shiny|100/100|[from] U-turn
|-enditem|p2a: Iron Moth|Booster Energy
|-activate|p2a: Iron Moth|ability: Quark Drive|[fromitem]
|-start|p2a: Iron Moth|quarkdrivespa
|
|upkeep
|turn|16
|
|t:|1760871507
|switch|p1a: Quaquaval|Quaquaval, M|100/100
|move|p2a: Iron Moth|Fiery Dance|p1a: Quaquaval
|-resisted|p1a: Quaquaval
|-damage|p1a: Quaquaval|74/100
|
|upkeep
|turn|17
|
|t:|1760871518
|-terastallize|p2a: Iron Moth|Electric
|move|p2a: Iron Moth|Discharge|p1a: Quaquaval
|-supereffective|p1a: Quaquaval
|-damage|p1a: Quaquaval|0 fnt
|faint|p1a: Quaquaval
|
|upkeep
|
|t:|1760871528
|switch|p1a: Ting-Lu|Ting-Lu|86/100
|-ability|p1a: Ting-Lu|Vessel of Ruin
|turn|18
|
|t:|1760871531
|-end|p2a: Iron Moth|Quark Drive|[silent]
|switch|p2a: Corviknight|Corviknight, M, shiny|100/100
|-ability|p2a: Corviknight|Pressure
|move|p1a: Ting-Lu|Spikes|p2a: Corviknight
|-sidestart|p2: hareeb|Spikes
|
|-heal|p1a: Ting-Lu|92/100|[from] item: Leftovers
|upkeep
|turn|19
|
|t:|1760871536
|switch|p1a: Gholdengo|Gholdengo|98/100
|move|p2a: Corviknight|Defog|p1a: Gholdengo
|-immune|p1a: Gholdengo|[from] ability: Good as Gold
|
|upkeep
|turn|20
|
|t:|1760871542
|move|p1a: Gholdengo|Thunder Wave|p2a: Corviknight|[miss]
|-miss|p1a: Gholdengo|p2a: Corviknight
|move|p2a: Corviknight|Taunt|p1a: Gholdengo
|-immune|p1a: Gholdengo|[from] ability: Good as Gold
|
|upkeep
|turn|21
|
|t:|1760871548
|switch|p2a: Great Tusk|Great Tusk, shiny|100/100
|-damage|p2a: Great Tusk|88/100|[from] Spikes
|-enditem|p2a: Great Tusk|Booster Energy
|-activate|p2a: Great Tusk|ability: Protosynthesis|[fromitem]
|-start|p2a: Great Tusk|protosynthesisatk
|move|p1a: Gholdengo|Thunder Wave|p2a: Great Tusk
|-immune|p2a: Great Tusk
|
|upkeep
|turn|22
|
|t:|1760871560
|switch|p1a: Zamazenta|Zamazenta|100/100
|-ability|p1a: Zamazenta|Dauntless Shield|boost
|-boost|p1a: Zamazenta|def|1
|move|p2a: Great Tusk|Ice Spinner|p1a: Zamazenta
|-damage|p1a: Zamazenta|82/100
|
|-heal|p1a: Zamazenta|88/100|[from] item: Leftovers
|upkeep
|turn|23
|
|t:|1760871570
|move|p1a: Zamazenta|Iron Defense|p1a: Zamazenta
|-boost|p1a: Zamazenta|def|2
|move|p2a: Great Tusk|Headlong Rush|p1a: Zamazenta
|-damage|p1a: Zamazenta|64/100
|-unboost|p2a: Great Tusk|def|1
|-unboost|p2a: Great Tusk|spd|1
|
|-heal|p1a: Zamazenta|70/100|[from] item: Leftovers
|upkeep
|turn|24
|
|t:|1760871577
|-end|p2a: Great Tusk|Protosynthesis|[silent]
|switch|p2a: Corviknight|Corviknight, M, shiny|100/100
|-ability|p2a: Corviknight|Pressure
|move|p1a: Zamazenta|Body Press|p2a: Corviknight
|-damage|p2a: Corviknight|51/100
|
|-heal|p1a: Zamazenta|76/100|[from] item: Leftovers
|-heal|p2a: Corviknight|58/100|[from] item: Leftovers
|upkeep
|turn|25
|
|t:|1760871584
|move|p1a: Zamazenta|Body Press|p2a: Corviknight
|-damage|p2a: Corviknight|6/100
|move|p2a: Corviknight|Roost|p2a: Corviknight
|-heal|p2a: Corviknight|56/100
|-singleturn|p2a: Corviknight|move: Roost
|
|-heal|p1a: Zamazenta|82/100|[from] item: Leftovers
|-heal|p2a: Corviknight|62/100|[from] item: Leftovers
|upkeep
|turn|26
|
|t:|1760871592
|switch|p2a: Dragapult|Dragapult, F, shiny|100/100
|-damage|p2a: Dragapult|88/100|[from] Spikes
|move|p1a: Zamazenta|Body Press|p2a: Dragapult
|-immune|p2a: Dragapult
|
|-heal|p1a: Zamazenta|89/100|[from] item: Leftovers
|upkeep
|turn|27
|
|t:|1760871598
|move|p2a: Dragapult|Dragon Darts|p1a: Zamazenta
|-crit|p1a: Zamazenta
|-damage|p1a: Zamazenta|59/100
|-anim|p2a: Dragapult|Dragon Darts|p1a: Zamazenta
|-damage|p1a: Zamazenta|52/100
|move|p1a: Zamazenta|Crunch|p2a: Dragapult
|-supereffective|p2a: Dragapult
|-damage|p2a: Dragapult|26/100
|-unboost|p2a: Dragapult|def|1
|
|-heal|p1a: Zamazenta|58/100|[from] item: Leftovers
|upkeep
|turn|28
|
|t:|1760871607
|switch|p2a: Great Tusk|Great Tusk, shiny|88/100
|-damage|p2a: Great Tusk|76/100|[from] Spikes
|move|p1a: Zamazenta|Crunch|p2a: Great Tusk
|-resisted|p2a: Great Tusk
|-damage|p2a: Great Tusk|69/100
|
|-heal|p1a: Zamazenta|64/100|[from] item: Leftovers
|upkeep
|turn|29
|
|t:|1760871616
|move|p1a: Zamazenta|Body Press|p2a: Great Tusk
|-damage|p2a: Great Tusk|15/100
|move|p2a: Great Tusk|Bulk Up|p2a: Great Tusk
|-boost|p2a: Great Tusk|atk|1
|-boost|p2a: Great Tusk|def|1
|
|-heal|p1a: Zamazenta|70/100|[from] item: Leftovers
|upkeep
|turn|30
|
|t:|1760871621
|-end|p2a: Great Tusk|Protosynthesis|[silent]
|switch|p2a: Dragapult|Dragapult, F, shiny|26/100
|-damage|p2a: Dragapult|13/100|[from] Spikes
|move|p1a: Zamazenta|Body Press|p2a: Dragapult
|-immune|p2a: Dragapult
|
|-heal|p1a: Zamazenta|76/100|[from] item: Leftovers
|upkeep
|turn|31
|
|t:|1760871632
|move|p2a: Dragapult|Dragon Darts|p1a: Zamazenta
|-damage|p1a: Zamazenta|69/100
|-anim|p2a: Dragapult|Dragon Darts|p1a: Zamazenta
|-damage|p1a: Zamazenta|62/100
|move|p1a: Zamazenta|Iron Defense|p1a: Zamazenta
|-boost|p1a: Zamazenta|def|2
|
|-heal|p1a: Zamazenta|68/100|[from] item: Leftovers
|upkeep
|turn|32
|
|t:|1760871637
|move|p2a: Dragapult|Dragon Darts|p1a: Zamazenta
|-damage|p1a: Zamazenta|63/100
|-anim|p2a: Dragapult|Dragon Darts|p1a: Zamazenta
|-damage|p1a: Zamazenta|58/100
|move|p1a: Zamazenta|Crunch|p2a: Dragapult
|-supereffective|p2a: Dragapult
|-damage|p2a: Dragapult|0 fnt
|faint|p2a: Dragapult
|
|-heal|p1a: Zamazenta|64/100|[from] item: Leftovers
|upkeep
|
|t:|1760871642
|switch|p2a: Primarina|Primarina, F, shiny|94/100 tox
|-damage|p2a: Primarina|82/100 tox|[from] Spikes
|turn|33
|
|t:|1760871648
|move|p1a: Zamazenta|Body Press|p2a: Primarina
|-resisted|p2a: Primarina
|-damage|p2a: Primarina|9/100 tox
|move|p2a: Primarina|Moonblast|p1a: Zamazenta
|-supereffective|p1a: Zamazenta
|-damage|p1a: Zamazenta|0 fnt
|faint|p1a: Zamazenta
|
|-damage|p2a: Primarina|3/100 tox|[from] psn
|upkeep
|
|t:|1760871664
|switch|p1a: Ting-Lu|Ting-Lu|92/100
|-ability|p1a: Ting-Lu|Vessel of Ruin
|turn|34
|
|t:|1760871670
|move|p2a: Primarina|Moonblast|p1a: Ting-Lu
|-supereffective|p1a: Ting-Lu
|-damage|p1a: Ting-Lu|0 fnt
|faint|p1a: Ting-Lu
|
|-damage|p2a: Primarina|0 fnt|[from] psn
|faint|p2a: Primarina
|upkeep
|
|t:|1760871680
|switch|p2a: Corviknight|Corviknight, M, shiny|62/100
|switch|p1a: Gholdengo|Gholdengo|98/100
|-ability|p2a: Corviknight|Pressure
|turn|35
|
|t:|1760871683
|move|p1a: Gholdengo|Thunder Wave|p2a: Corviknight
|-status|p2a: Corviknight|par
|cant|p2a: Corviknight|par
|
|-heal|p2a: Corviknight|68/100 par|[from] item: Leftovers
|upkeep
|turn|36
|
|t:|1760871688
|move|p1a: Gholdengo|Hex|p2a: Corviknight
|-damage|p2a: Corviknight|12/100 par
|move|p2a: Corviknight|Roost|p2a: Corviknight
|-heal|p2a: Corviknight|62/100 par
|-singleturn|p2a: Corviknight|move: Roost
|
|-heal|p2a: Corviknight|68/100 par|[from] item: Leftovers
|upkeep
|turn|37
|
|t:|1760871698
|switch|p2a: Great Tusk|Great Tusk, shiny|15/100
|-damage|p2a: Great Tusk|3/100|[from] Spikes
|move|p1a: Gholdengo|Hex|p2a: Great Tusk
|-damage|p2a: Great Tusk|0 fnt
|faint|p2a: Great Tusk
|-end|p2a: Great Tusk|Protosynthesis|[silent]
|
|upkeep
|
|t:|1760871699
|switch|p2a: Iron Moth|Iron Moth, shiny, tera:Electric|100/100
|-damage|p2a: Iron Moth|88/100|[from] Spikes
|turn|38
|
|t:|1760871705
|move|p2a: Iron Moth|Fiery Dance|p1a: Gholdengo
|-supereffective|p1a: Gholdengo
|-damage|p1a: Gholdengo|9/100
|-boost|p2a: Iron Moth|spa|1
|move|p1a: Gholdengo|Hex|p2a: Iron Moth
|-damage|p2a: Iron Moth|60/100
|
|upkeep
|turn|39
|
|t:|1760871713
|switch|p1a: Dragalge|Dragalge, M|45/100
|move|p2a: Iron Moth|Fiery Dance|p1a: Dragalge
|-resisted|p1a: Dragalge
|-damage|p1a: Dragalge|19/100
|
|-heal|p1a: Dragalge|25/100|[from] item: Leftovers
|upkeep
|turn|40
|
|t:|1760871719
|move|p2a: Iron Moth|Fiery Dance|p1a: Dragalge
|-resisted|p1a: Dragalge
|-damage|p1a: Dragalge|0 fnt
|faint|p1a: Dragalge
|
|upkeep
|
|t:|1760871722
|switch|p1a: Gliscor|Gliscor, F, tera:Ghost|91/100 tox
|turn|41
|
|t:|1760871727
|move|p2a: Iron Moth|Discharge|p1a: Gliscor
|-damage|p1a: Gliscor|38/100 tox
|move|p1a: Gliscor|Earthquake|p2a: Iron Moth
|-supereffective|p2a: Iron Moth
|-damage|p2a: Iron Moth|0 fnt
|faint|p2a: Iron Moth
|-end|p2a: Iron Moth|Quark Drive|[silent]
|
|-heal|p1a: Gliscor|50/100 tox|[from] ability: Poison Heal
|upkeep
|
|t:|1760871732
|switch|p2a: Scizor|Scizor, F, shiny|100/100
|-damage|p2a: Scizor|88/100|[from] Spikes
|turn|42
|
|t:|1760871739
|move|p1a: Gliscor|Protect|p1a: Gliscor
|-singleturn|p1a: Gliscor|Protect
|move|p2a: Scizor|Knock Off|p1a: Gliscor
|-activate|p1a: Gliscor|move: Protect
|
|-heal|p1a: Gliscor|63/100 tox|[from] ability: Poison Heal
|upkeep
|turn|43
|
|t:|1760871743
|move|p1a: Gliscor|Earthquake|p2a: Scizor
|-damage|p2a: Scizor|58/100
|move|p2a: Scizor|Knock Off|p1a: Gliscor
|-supereffective|p1a: Gliscor
|-crit|p1a: Gliscor
|-damage|p1a: Gliscor|0 fnt
|-enditem|p1a: Gliscor|Toxic Orb|[from] move: Knock Off|[of] p2a: Scizor
|faint|p1a: Gliscor
|
|upkeep
|
|t:|1760871746
|switch|p1a: Gholdengo|Gholdengo|9/100
|turn|44
|
|t:|1760871748
|switch|p2a: Corviknight|Corviknight, M, shiny|68/100 par
|-ability|p2a: Corviknight|Pressure
|move|p1a: Gholdengo|Thunder Wave|p2a: Corviknight
|-fail|p2a: Corviknight|par
|
|-heal|p2a: Corviknight|75/100 par|[from] item: Leftovers
|upkeep
|turn|45
|
|t:|1760871751
|move|p1a: Gholdengo|Hex|p2a: Corviknight
|-damage|p2a: Corviknight|19/100 par
|move|p2a: Corviknight|U-turn|p1a: Gholdengo
|-resisted|p1a: Gholdengo
|-damage|p1a: Gholdengo|7/100
|
|t:|1760871754
|switch|p2a: Scizor|Scizor, F, shiny|58/100|[from] U-turn
|-damage|p2a: Scizor|45/100|[from] Spikes
|
|upkeep
|turn|46
|
|t:|1760871757
|move|p2a: Scizor|Bullet Punch|p1a: Gholdengo
|-resisted|p1a: Gholdengo
|-damage|p1a: Gholdengo|0 fnt
|faint|p1a: Gholdengo
|
|win|hareeb
|raw|Chocokoala VGC's rating: 1250 &rarr; <strong>1223</strong><br />(-27 for losing)
|raw|hareeb's rating: 1219 &rarr; <strong>1246</strong><br />(+27 for winning)
|l|☆Chocokoala VGC
|player|p1|
|l|☆hareeb
|player|p2|
