|j|☆such a rat man
|j|☆ennvee98
|t:|1760736800
|gametype|singles
|player|p1|such a rat man|2|1294
|player|p2|ennvee98|101|1289
|gen|9
|tier|[Gen 9] OU
|rated|
|rule|HP Percentage Mod: HP is shown in percentages
|rule|Endless Battle Clause: Forcing endless battles is banned
|rule|Species Clause: Limit one of each Pokémon
|rule|OHKO Clause: OHKO moves are banned
|rule|Evasion Items Clause: Evasion items are banned
|rule|Evasion Moves Clause: Evasion moves are banned
|rule|Evasion Abilities Clause: Evasion abilities are banned
|rule|Sleep Moves Clause: Sleep-inducing moves are banned
|clearpoke
|poke|p1|Gholdengo|
|poke|p1|Rillaboom, F|
|poke|p1|Ting-Lu|
|poke|p1|Alomomola, M|
|poke|p1|Ogerpon, F|
|poke|p1|Hatterene, F|
|poke|p2|Landorus-Therian, M|
|poke|p2|Samurott-Hisui, M|
|poke|p2|Pecharunt|
|poke|p2|Scizor, M|
|poke|p2|Latios, M|
|poke|p2|Zamazenta-*|
|teampreview
|inactive|Battle timer is ON: inactive players will automatically lose when time's up. (requested by such a rat man)
|
|t:|1760736815
|teamsize|p1|6
|teamsize|p2|6
|start
|switch|p1a: Rillaboom|Rillaboom, F|100/100
|switch|p2a: Landorus|Landorus-Therian, M|100/100
|-ability|p2a: Landorus|Intimidate|boost
|-unboost|p1a: Rillaboom|atk|1
|-fieldstart|move: Grassy Terrain|[from] ability: Grassy Surge|[of] p1a: Rillaboom
|turn|1
|
|t:|1760736824
|move|p2a: Landorus|U-turn|p1a: Rillaboom
|-supereffective|p1a: Rillaboom
|-damage|p1a: Rillaboom|48/100
|
|t:|1760736828
|switch|p2a: Pecharunt|Pecharunt|100/100|[from] U-turn
|move|p1a: Rillaboom|U-turn|p2a: Pecharunt
|-resisted|p2a: Pecharunt
|-damage|p2a: Pecharunt|98/100
|
|t:|1760736851
|switch|p1a: Gholdengo|Gholdengo|100/100|[from] U-turn
|
|-heal|p2a: Pecharunt|100/100|[from] Grassy Terrain
|upkeep
|turn|2
|
|t:|1760736861
|move|p2a: Pecharunt|Parting Shot|p1a: Gholdengo
|-immune|p1a: Gholdengo|[from] ability: Good as Gold
|move|p1a: Gholdengo|Shadow Ball|p2a: Pecharunt
|-supereffective|p2a: Pecharunt
|-damage|p2a: Pecharunt|12/100
|
|-heal|p2a: Pecharunt|18/100|[from] Grassy Terrain
|upkeep
|turn|3
|
|t:|1760736871
|switch|p2a: Samurott|Samurott-Hisui, M|100/100
|move|p1a: Gholdengo|Shadow Ball|p2a: Samurott
|-resisted|p2a: Samurott
|-damage|p2a: Samurott|76/100
|
|-heal|p2a: Samurott|83/100|[from] Grassy Terrain
|upkeep
|turn|4
|
|t:|1760736880
|switch|p1a: Ogerpon|Ogerpon, F|100/100
|move|p2a: Samurott|Ceaseless Edge|p1a: Ogerpon
|-damage|p1a: Ogerpon|36/100
|-sidestart|p1: such a rat man|Spikes
|
|-heal|p1a: Ogerpon|42/100|[from] Grassy Terrain
|-heal|p2a: Samurott|89/100|[from] Grassy Terrain
|upkeep
|turn|5
|
|t:|1760736890
|switch|p2a: Landorus|Landorus-Therian, M|100/100
|-ability|p2a: Landorus|Intimidate|boost
|-unboost|p1a: Ogerpon|atk|1
|-ability|p1a: Ogerpon|Defiant|boost
|-boost|p1a: Ogerpon|atk|2
|move|p1a: Ogerpon|Ivy Cudgel|p2a: Landorus
|-damage|p2a: Landorus|2/100
|
|-heal|p1a: Ogerpon|48/100|[from] Grassy Terrain
|upkeep
|turn|6
|-message|ennvee98 forfeited.
|
|win|such a rat man
|raw|such a rat man's rating: 1294 &rarr; <strong>1319</strong><br />(+25 for winning)
|raw|ennvee98's rating: 1289 &rarr; <strong>1264</strong><br />(-25 for losing)
|l|☆ennvee98
|player|p2|
