|j|☆Kanehusky13
|j|☆Demonfromthemist
|t:|1760872752
|gametype|singles
|player|p1|Kanehusky13|169|1548
|player|p2|Demonfromthemist|2|1530
|gen|9
|tier|[Gen 9] OU
|rated|
|rule|HP Percentage Mod: HP is shown in percentages
|rule|Endless Battle Clause: Forcing endless battles is banned
|rule|Species Clause: Limit one of each Pokémon
|rule|OHKO Clause: OHKO moves are banned
|rule|Evasion Items Clause: Evasion items are banned
|rule|Evasion Moves Clause: Evasion moves are banned
|rule|Evasion Abilities Clause: Evasion abilities are banned
|rule|Sleep Moves Clause: Sleep-inducing moves are banned
|clearpoke
|poke|p1|Dragapult, M|
|poke|p1|Glimmora, M|
|poke|p1|Comfey, M|
|poke|p1|Kingambit, M|
|poke|p1|Ogerpon-Wellspring, F|
|poke|p1|Blaziken, M|
|poke|p2|Ogerpon, F|
|poke|p2|Rillaboom, F|
|poke|p2|Great Tusk|
|poke|p2|Gholdengo|
|poke|p2|Moltres|
|poke|p2|Muk-Alola, F|
|teampreview
|
|t:|1760872760
|teamsize|p1|6
|teamsize|p2|6
|start
|switch|p1a: Blaziken|Blaziken, M, shiny|100/100
|switch|p2a: Tyrantr|Muk-Alola, F|100/100
|turn|1
|
|t:|1760872766
|switch|p2a: Great Tusk|Great Tusk|100/100
|move|p1a: Blaziken|Flare Blitz|p2a: Great Tusk
|-damage|p2a: Great Tusk|46/100
|-damage|p1a: Blaziken|77/100|[from] Recoil
|-damage|p1a: Blaziken|67/100|[from] item: Life Orb
|
|-ability|p1a: Blaziken|Speed Boost|boost
|-boost|p1a: Blaziken|spe|1
|upkeep
|turn|2
|
|t:|1760872771
|move|p1a: Blaziken|Flare Blitz|p2a: Great Tusk
|-damage|p2a: Great Tusk|0 fnt
|faint|p2a: Great Tusk
|-end|p2a: Great Tusk|Protosynthesis|[silent]
|-damage|p1a: Blaziken|47/100|[from] Recoil
|-damage|p1a: Blaziken|37/100|[from] item: Life Orb
|
|-ability|p1a: Blaziken|Speed Boost|boost
|-boost|p1a: Blaziken|spe|1
|upkeep
|
|t:|1760872773
|switch|p2a: Moltres|Moltres|100/100
|turn|3
|j| Rocksane
|l| Rocksane
|
|t:|1760872777
|move|p1a: Blaziken|Knock Off|p2a: Moltres
|-damage|p2a: Moltres|68/100
|-enditem|p2a: Moltres|Heavy-Duty Boots|[from] move: Knock Off|[of] p1a: Blaziken
|-damage|p1a: Blaziken|27/100|[from] item: Life Orb
|move|p2a: Moltres|Brave Bird|p1a: Blaziken
|-supereffective|p1a: Blaziken
|-damage|p1a: Blaziken|0 fnt
|faint|p1a: Blaziken
|-damage|p2a: Moltres|61/100|[from] Recoil
|
|upkeep
|
|t:|1760872783
|switch|p1a: Glimmora|Glimmora, M, shiny|100/100
|turn|4
|
|t:|1760872788
|switch|p2a: Rillaboom|Rillaboom, F|100/100
|-fieldstart|move: Grassy Terrain|[from] ability: Grassy Surge|[of] p2a: Rillaboom
|move|p1a: Glimmora|Stealth Rock|p2a: Rillaboom
|-sidestart|p2: Demonfromthemist|move: Stealth Rock
|
|upkeep
|turn|5
|
|t:|1760872792
|move|p2a: Rillaboom|Wood Hammer|p1a: Glimmora
|-damage|p1a: Glimmora|35/100
|-activate|p1a: Glimmora|ability: Toxic Debris
|-sidestart|p2: Demonfromthemist|move: Toxic Spikes
|-damage|p2a: Rillaboom|78/100|[from] Recoil
|-enditem|p1a: Glimmora|Red Card|[of] p2a: Rillaboom
|drag|p2a: Tyrantr|Muk-Alola, F|100/100
|-damage|p2a: Tyrantr|88/100|[from] Stealth Rock
|-sideend|p2: Demonfromthemist|move: Toxic Spikes|[of] p2a: Tyrantr
|move|p1a: Glimmora|Mortal Spin|p2a: Tyrantr
|-resisted|p2a: Tyrantr
|-damage|p2a: Tyrantr|85/100
|
|-heal|p1a: Glimmora|41/100|[from] Grassy Terrain
|-heal|p2a: Tyrantr|91/100|[from] Grassy Terrain
|upkeep
|turn|6
|
|t:|1760872800
|move|p1a: Glimmora|Earth Power|p2a: Tyrantr
|-supereffective|p2a: Tyrantr
|-crit|p2a: Tyrantr
|-damage|p2a: Tyrantr|55/100
|move|p2a: Tyrantr|Knock Off|p1a: Glimmora
|-damage|p1a: Glimmora|20/100
|-activate|p1a: Glimmora|ability: Toxic Debris
|-sidestart|p2: Demonfromthemist|move: Toxic Spikes
|
|-heal|p1a: Glimmora|27/100|[from] Grassy Terrain
|-heal|p2a: Tyrantr|61/100|[from] Grassy Terrain
|upkeep
|turn|7
|inactive|Battle timer is ON: inactive players will automatically lose when time's up. (requested by Kanehusky13)
|
|t:|1760872823
|move|p1a: Glimmora|Earth Power|p2a: Tyrantr
|-supereffective|p2a: Tyrantr
|-damage|p2a: Tyrantr|38/100
|move|p2a: Tyrantr|Poison Jab|p1a: Glimmora
|-resisted|p1a: Glimmora
|-damage|p1a: Glimmora|21/100
|-activate|p1a: Glimmora|ability: Toxic Debris
|-sidestart|p2: Demonfromthemist|move: Toxic Spikes
|
|-heal|p1a: Glimmora|27/100|[from] Grassy Terrain
|-heal|p2a: Tyrantr|44/100|[from] Grassy Terrain
|upkeep
|turn|8
|
|t:|1760872828
|move|p1a: Glimmora|Earth Power|p2a: Tyrantr
|-supereffective|p2a: Tyrantr
|-damage|p2a: Tyrantr|18/100
|move|p2a: Tyrantr|Knock Off|p1a: Glimmora
|-damage|p1a: Glimmora|8/100
|
|-heal|p1a: Glimmora|15/100|[from] Grassy Terrain
|-heal|p2a: Tyrantr|24/100|[from] Grassy Terrain
|upkeep
|turn|9
|
|t:|1760872831
|move|p1a: Glimmora|Earth Power|p2a: Tyrantr
|-supereffective|p2a: Tyrantr
|-damage|p2a: Tyrantr|0 fnt
|faint|p2a: Tyrantr
|
|-heal|p1a: Glimmora|21/100|[from] Grassy Terrain
|upkeep
|
|t:|1760872840
|switch|p2a: Rillaboom|Rillaboom, F|78/100
|-damage|p2a: Rillaboom|66/100|[from] Stealth Rock
|-status|p2a: Rillaboom|tox
|turn|10
|
|t:|1760872846
|move|p2a: Rillaboom|Grassy Glide|p1a: Glimmora
|-damage|p1a: Glimmora|0 fnt
|faint|p1a: Glimmora
|
|-heal|p2a: Rillaboom|72/100 tox|[from] Grassy Terrain
|-damage|p2a: Rillaboom|66/100 tox|[from] psn
|upkeep
|
|t:|1760872852
|switch|p1a: Dragapult|Dragapult, M, shiny|100/100
|turn|11
|
|t:|1760872856
|move|p1a: Dragapult|Flamethrower|p2a: Rillaboom
|-supereffective|p2a: Rillaboom
|-damage|p2a: Rillaboom|0 fnt
|faint|p2a: Rillaboom
|-damage|p1a: Dragapult|91/100|[from] item: Life Orb
|
|-heal|p1a: Dragapult|97/100|[from] Grassy Terrain
|-fieldend|move: Grassy Terrain
|upkeep
|
|t:|1760872863
|switch|p2a: Gholdengo|Gholdengo|100/100
|-damage|p2a: Gholdengo|94/100|[from] Stealth Rock
|turn|12
|
|t:|1760872866
|move|p1a: Dragapult|Shadow Ball|p2a: Gholdengo
|-supereffective|p2a: Gholdengo
|-damage|p2a: Gholdengo|0 fnt
|faint|p2a: Gholdengo
|-damage|p1a: Dragapult|87/100|[from] item: Life Orb
|
|upkeep
|-message|Demonfromthemist forfeited.
|
|win|Kanehusky13
|raw|Kanehusky13's rating: 1548 &rarr; <strong>1567</strong><br />(+19 for winning)
|raw|Demonfromthemist's rating: 1530 &rarr; <strong>1511</strong><br />(-19 for losing)
|l|☆Demonfromthemist
|player|p2|
|l|☆Kanehusky13
|player|p1|
