|j|☆Feyitomi
|j|☆downtownclown
|t:|1760723192
|gametype|singles
|player|p1|Feyitomi|102|1444
|player|p2|downtownclown|265|1405
|gen|9
|tier|[Gen 9] OU
|rated|
|rule|HP Percentage Mod: HP is shown in percentages
|rule|Endless Battle Clause: Forcing endless battles is banned
|rule|Species Clause: Limit one of each Pokémon
|rule|OHKO Clause: OHKO moves are banned
|rule|Evasion Items Clause: Evasion items are banned
|rule|Evasion Moves Clause: Evasion moves are banned
|rule|Evasion Abilities Clause: Evasion abilities are banned
|rule|Sleep Moves Clause: Sleep-inducing moves are banned
|clearpoke
|poke|p1|Ceruledge, M|
|poke|p1|Ninetales, F|
|poke|p1|Leavanny, F|
|poke|p1|Great Tusk|
|poke|p1|Raging Bolt|
|poke|p1|Walking Wake|
|poke|p2|Blastoise, M|
|poke|p2|Corviknight, M|
|poke|p2|Kyurem|
|poke|p2|Moltres|
|poke|p2|Deoxys-Speed|
|poke|p2|Kingambit, F|
|teampreview
|inactive|Battle timer is ON: inactive players will automatically lose when time's up. (requested by downtownclown)
|
|t:|1760723219
|teamsize|p1|6
|teamsize|p2|6
|start
|switch|p1a: Ninetales|Ninetales, F|100/100
|switch|p2a: Deoxys|Deoxys-Speed|100/100
|-ability|p2a: Deoxys|Pressure
|-weather|SunnyDay|[from] ability: Drought|[of] p1a: Ninetales
|turn|1
|
|t:|1760723230
|switch|p1a: Leavanny|Leavanny, F|100/100
|move|p2a: Deoxys|Stealth Rock|p1a: Leavanny
|-sidestart|p1: Feyitomi|move: Stealth Rock
|
|-weather|SunnyDay|[upkeep]
|upkeep
|turn|2
|
|t:|1760723237
|move|p1a: Leavanny|Sticky Web|p2a: Deoxys
|-sidestart|p2: downtownclown|move: Sticky Web
|move|p2a: Deoxys|Taunt|p1a: Leavanny
|-start|p1a: Leavanny|move: Taunt
|
|-weather|SunnyDay|[upkeep]
|upkeep
|turn|3
|
|t:|1760723244
|move|p2a: Deoxys|Protect|p2a: Deoxys
|-singleturn|p2a: Deoxys|Protect
|move|p1a: Leavanny|Leaf Storm|p2a: Deoxys
|-activate|p2a: Deoxys|move: Protect
|
|-weather|SunnyDay|[upkeep]
|upkeep
|turn|4
|
|t:|1760723252
|switch|p2a: Corviknight|Corviknight, M|100/100
|-ability|p2a: Corviknight|Pressure
|move|p1a: Leavanny|Leaf Storm|p2a: Corviknight
|-resisted|p2a: Corviknight
|-damage|p2a: Corviknight|91/100
|-unboost|p1a: Leavanny|spa|2
|
|-weather|SunnyDay|[upkeep]
|upkeep
|turn|5
|
|t:|1760723265
|switch|p1a: Raging Bolt|Raging Bolt|100/100
|-damage|p1a: Raging Bolt|88/100|[from] Stealth Rock
|-activate|p1a: Raging Bolt|ability: Protosynthesis
|-start|p1a: Raging Bolt|protosynthesisspa
|move|p2a: Corviknight|Defog|p1a: Raging Bolt
|-unboost|p1a: Raging Bolt|evasion|1
|-sideend|p1: Feyitomi|Stealth Rock|[from] move: Defog|[of] p2a: Corviknight
|-sideend|p2: downtownclown|Sticky Web|[from] move: Defog|[of] p2a: Corviknight
|
|-weather|SunnyDay|[upkeep]
|-heal|p1a: Raging Bolt|94/100|[from] item: Leftovers
|upkeep
|turn|6
|
|t:|1760723278
|switch|p2a: Deoxys|Deoxys-Speed|100/100
|-ability|p2a: Deoxys|Pressure
|move|p1a: Raging Bolt|Calm Mind|p1a: Raging Bolt
|-boost|p1a: Raging Bolt|spa|1
|-boost|p1a: Raging Bolt|spd|1
|
|-weather|SunnyDay|[upkeep]
|-heal|p1a: Raging Bolt|100/100|[from] item: Leftovers
|upkeep
|turn|7
|
|t:|1760723288
|move|p2a: Deoxys|Protect|p2a: Deoxys
|-singleturn|p2a: Deoxys|Protect
|move|p1a: Raging Bolt|Thunderbolt|p2a: Deoxys
|-activate|p2a: Deoxys|move: Protect
|
|-weather|SunnyDay|[upkeep]
|upkeep
|turn|8
|
|t:|1760723296
|move|p2a: Deoxys|Taunt|p1a: Raging Bolt
|-start|p1a: Raging Bolt|move: Taunt
|move|p1a: Raging Bolt|Thunderbolt|p2a: Deoxys
|-crit|p2a: Deoxys
|-enditem|p2a: Deoxys|Focus Sash
|-damage|p2a: Deoxys|1/100
|
|-weather|none
|-end|p1a: Raging Bolt|Protosynthesis
|upkeep
|turn|9
|
|t:|1760723305
|move|p2a: Deoxys|Stealth Rock|p1a: Raging Bolt
|-sidestart|p1: Feyitomi|move: Stealth Rock
|move|p1a: Raging Bolt|Thunderbolt|p2a: Deoxys
|-damage|p2a: Deoxys|0 fnt
|faint|p2a: Deoxys
|
|upkeep
|
|t:|1760723314
|switch|p2a: Blastoise|Blastoise, M|100/100
|turn|10
|
|t:|1760723322
|move|p2a: Blastoise|Shell Smash|p2a: Blastoise
|-unboost|p2a: Blastoise|def|1
|-unboost|p2a: Blastoise|spd|1
|-boost|p2a: Blastoise|atk|2
|-boost|p2a: Blastoise|spa|2
|-boost|p2a: Blastoise|spe|2
|move|p1a: Raging Bolt|Thunderbolt|p2a: Blastoise
|-supereffective|p2a: Blastoise
|-enditem|p2a: Blastoise|Focus Sash
|-damage|p2a: Blastoise|1/100
|
|-end|p1a: Raging Bolt|move: Taunt
|upkeep
|turn|11
|
|t:|1760723336
|-terastallize|p2a: Blastoise|Ground
|move|p2a: Blastoise|Earthquake|p1a: Raging Bolt
|-supereffective|p1a: Raging Bolt
|-damage|p1a: Raging Bolt|0 fnt
|faint|p1a: Raging Bolt
|-end|p1a: Raging Bolt|Protosynthesis|[silent]
|
|upkeep
|
|t:|1760723344
|switch|p1a: Ceruledge|Ceruledge, M|100/100
|-damage|p1a: Ceruledge|76/100|[from] Stealth Rock
|turn|12
|
|t:|1760723349
|move|p2a: Blastoise|Aqua Jet|p1a: Ceruledge
|-supereffective|p1a: Ceruledge
|-damage|p1a: Ceruledge|0 fnt
|faint|p1a: Ceruledge
|
|upkeep
|
|t:|1760723356
|switch|p1a: Ninetales|Ninetales, F|100/100
|-damage|p1a: Ninetales|76/100|[from] Stealth Rock
|-weather|SunnyDay|[from] ability: Drought|[of] p1a: Ninetales
|turn|13
|
|t:|1760723365
|move|p2a: Blastoise|Flail|p1a: Ninetales
|-damage|p1a: Ninetales|0 fnt
|faint|p1a: Ninetales
|
|-weather|SunnyDay|[upkeep]
|upkeep
|
|t:|1760723371
|switch|p1a: Leavanny|Leavanny, F|100/100
|-damage|p1a: Leavanny|76/100|[from] Stealth Rock
|turn|14
|
|t:|1760723380
|move|p2a: Blastoise|Aqua Jet|p1a: Leavanny
|-resisted|p1a: Leavanny
|-damage|p1a: Leavanny|58/100
|move|p1a: Leavanny|Low Kick|p2a: Blastoise
|-damage|p2a: Blastoise|0 fnt
|faint|p2a: Blastoise
|
|-weather|SunnyDay|[upkeep]
|upkeep
|
|t:|1760723389
|switch|p2a: Moltres|Moltres|100/100
|turn|15
|
|t:|1760723394
|move|p1a: Leavanny|Sticky Web|p2a: Moltres
|-sidestart|p2: downtownclown|move: Sticky Web
|move|p2a: Moltres|Roar|p1a: Leavanny
|drag|p1a: Walking Wake|Walking Wake|100/100
|-damage|p1a: Walking Wake|88/100|[from] Stealth Rock
|-activate|p1a: Walking Wake|ability: Protosynthesis
|-start|p1a: Walking Wake|protosynthesisspa
|
|-weather|SunnyDay|[upkeep]
|upkeep
|turn|16
|
|t:|1760723405
|move|p2a: Moltres|Protect|p2a: Moltres
|-singleturn|p2a: Moltres|Protect
|move|p1a: Walking Wake|Hydro Steam|p2a: Moltres
|-activate|p2a: Moltres|move: Protect
|
|-weather|SunnyDay|[upkeep]
|upkeep
|turn|17
|
|t:|1760723420
|switch|p2a: Kingambit|Kingambit, F|100/100
|-activate|p2a: Kingambit|move: Sticky Web
|-unboost|p2a: Kingambit|spe|1
|-activate|p2a: Kingambit|ability: Supreme Overlord
|-start|p2a: Kingambit|fallen2|[silent]
|move|p1a: Walking Wake|Hydro Steam|p2a: Kingambit
|-damage|p2a: Kingambit|16/100
|
|-weather|SunnyDay|[upkeep]
|-heal|p2a: Kingambit|22/100|[from] item: Leftovers
|upkeep
|turn|18
|
|t:|1760723434
|-end|p1a: Walking Wake|Protosynthesis|[silent]
|switch|p1a: Great Tusk|Great Tusk|100/100
|-activate|p1a: Great Tusk|ability: Protosynthesis
|-start|p1a: Great Tusk|protosynthesisatk
|move|p2a: Kingambit|Protect||[still]
|-fail|p2a: Kingambit
|
|-weather|SunnyDay|[upkeep]
|-heal|p2a: Kingambit|29/100|[from] item: Leftovers
|upkeep
|turn|19
|
|t:|1760723443
|move|p2a: Kingambit|Protect|p2a: Kingambit
|-singleturn|p2a: Kingambit|Protect
|move|p1a: Great Tusk|Rapid Spin|p2a: Kingambit
|-activate|p2a: Kingambit|move: Protect
|
|-weather|SunnyDay|[upkeep]
|-heal|p2a: Kingambit|35/100|[from] item: Leftovers
|upkeep
|turn|20
|
|t:|1760723453
|-end|p2a: Kingambit|fallen2|[silent]
|switch|p2a: Moltres|Moltres|100/100
|move|p1a: Great Tusk|Temper Flare|p2a: Moltres
|-resisted|p2a: Moltres
|-damage|p2a: Moltres|76/100
|-status|p1a: Great Tusk|brn|[from] ability: Flame Body|[of] p2a: Moltres
|
|-weather|none
|-end|p1a: Great Tusk|Protosynthesis
|-damage|p1a: Great Tusk|94/100 brn|[from] brn
|upkeep
|turn|21
|
|t:|1760723464
|move|p1a: Great Tusk|Rapid Spin|p2a: Moltres
|-damage|p2a: Moltres|68/100
|-boost|p1a: Great Tusk|spe|1
|-sideend|p1: Feyitomi|Stealth Rock|[from] move: Rapid Spin|[of] p1a: Great Tusk
|move|p2a: Moltres|Roar|p1a: Great Tusk
|-end|p1a: Great Tusk|Protosynthesis|[silent]
|drag|p1a: Walking Wake|Walking Wake|88/100
|
|upkeep
|turn|22
|
|t:|1760723475
|switch|p2a: Kingambit|Kingambit, F|35/100
|-activate|p2a: Kingambit|move: Sticky Web
|-unboost|p2a: Kingambit|spe|1
|-activate|p2a: Kingambit|ability: Supreme Overlord
|-start|p2a: Kingambit|fallen2|[silent]
|move|p1a: Walking Wake|Hydro Steam|p2a: Kingambit
|-damage|p2a: Kingambit|0 fnt
|faint|p2a: Kingambit
|-end|p2a: Kingambit|fallen2|[silent]
|
|upkeep
|
|t:|1760723485
|switch|p2a: Kyurem|Kyurem|100/100
|-activate|p2a: Kyurem|move: Sticky Web
|-unboost|p2a: Kyurem|spe|1
|-ability|p2a: Kyurem|Pressure
|turn|23
|
|t:|1760723495
|-end|p1a: Walking Wake|Protosynthesis|[silent]
|switch|p1a: Leavanny|Leavanny, F|58/100
|move|p2a: Kyurem|Protect||[still]
|-fail|p2a: Kyurem
|
|upkeep
|turn|24
|
|t:|1760723503
|move|p1a: Leavanny|Low Kick|p2a: Kyurem
|-supereffective|p2a: Kyurem
|-damage|p2a: Kyurem|43/100
|move|p2a: Kyurem|Dragon Dance|p2a: Kyurem
|-boost|p2a: Kyurem|atk|1
|-boost|p2a: Kyurem|spe|1
|
|-heal|p2a: Kyurem|49/100|[from] item: Leftovers
|upkeep
|turn|25
|
|t:|1760723512
|move|p2a: Kyurem|Protect|p2a: Kyurem
|-singleturn|p2a: Kyurem|Protect
|move|p1a: Leavanny|Low Kick|p2a: Kyurem
|-activate|p2a: Kyurem|move: Protect
|
|-heal|p2a: Kyurem|55/100|[from] item: Leftovers
|upkeep
|turn|26
|
|t:|1760723521
|switch|p2a: Moltres|Moltres|68/100
|move|p1a: Leavanny|Low Kick|p2a: Moltres
|-resisted|p2a: Moltres
|-damage|p2a: Moltres|56/100
|
|upkeep
|turn|27
|
|t:|1760723528
|switch|p1a: Walking Wake|Walking Wake|88/100
|move|p2a: Moltres|Will-O-Wisp|p1a: Walking Wake|[miss]
|-miss|p2a: Moltres|p1a: Walking Wake
|
|upkeep
|turn|28
|
|t:|1760723537
|-terastallize|p1a: Walking Wake|Water
|move|p2a: Moltres|Protect|p2a: Moltres
|-singleturn|p2a: Moltres|Protect
|move|p1a: Walking Wake|Hydro Steam|p2a: Moltres
|-activate|p2a: Moltres|move: Protect
|
|upkeep
|turn|29
|
|t:|1760723545
|move|p1a: Walking Wake|Hydro Steam|p2a: Moltres
|-supereffective|p2a: Moltres
|-damage|p2a: Moltres|0 fnt
|faint|p2a: Moltres
|
|upkeep
|
|t:|1760723550
|switch|p2a: Corviknight|Corviknight, M|91/100
|-ability|p2a: Corviknight|Pressure
|turn|30
|
|t:|1760723554
|move|p1a: Walking Wake|Hydro Steam|p2a: Corviknight
|-damage|p2a: Corviknight|2/100
|move|p2a: Corviknight|Defog|p1a: Walking Wake
|-unboost|p1a: Walking Wake|evasion|1
|-sideend|p2: downtownclown|Sticky Web|[from] move: Defog|[of] p2a: Corviknight
|
|upkeep
|turn|31
|
|t:|1760723561
|move|p1a: Walking Wake|Hydro Steam|p2a: Corviknight
|-crit|p2a: Corviknight
|-damage|p2a: Corviknight|0 fnt
|faint|p2a: Corviknight
|
|upkeep
|
|t:|1760723566
|switch|p2a: Kyurem|Kyurem|55/100
|-ability|p2a: Kyurem|Pressure
|turn|32
|
|t:|1760723570
|move|p2a: Kyurem|Protect|p2a: Kyurem
|-singleturn|p2a: Kyurem|Protect
|move|p1a: Walking Wake|Hydro Steam|p2a: Kyurem
|-activate|p2a: Kyurem|move: Protect
|
|-heal|p2a: Kyurem|61/100|[from] item: Leftovers
|upkeep
|turn|33
|
|t:|1760723580
|move|p1a: Walking Wake|Hydro Steam|p2a: Kyurem
|-resisted|p2a: Kyurem
|-damage|p2a: Kyurem|28/100
|move|p2a: Kyurem|Dragon Dance|p2a: Kyurem
|-boost|p2a: Kyurem|atk|1
|-boost|p2a: Kyurem|spe|1
|
|-heal|p2a: Kyurem|34/100|[from] item: Leftovers
|upkeep
|turn|34
|
|t:|1760723588
|move|p2a: Kyurem|Protect|p2a: Kyurem
|-singleturn|p2a: Kyurem|Protect
|move|p1a: Walking Wake|Hydro Steam|p2a: Kyurem
|-activate|p2a: Kyurem|move: Protect
|
|-heal|p2a: Kyurem|40/100|[from] item: Leftovers
|upkeep
|turn|35
|
|t:|1760723595
|move|p2a: Kyurem|Substitute|p2a: Kyurem
|-start|p2a: Kyurem|Substitute
|-damage|p2a: Kyurem|15/100
|move|p1a: Walking Wake|Hydro Steam|p2a: Kyurem
|-resisted|p2a: Kyurem
|-end|p2a: Kyurem|Substitute
|
|-heal|p2a: Kyurem|21/100|[from] item: Leftovers
|upkeep
|turn|36
|
|t:|1760723607
|-end|p1a: Walking Wake|Protosynthesis|[silent]
|switch|p1a: Leavanny|Leavanny, F|58/100
|move|p2a: Kyurem|Protect||[still]
|-fail|p2a: Kyurem
|
|-heal|p2a: Kyurem|27/100|[from] item: Leftovers
|upkeep
|turn|37
|
|t:|1760723613
|move|p2a: Kyurem|Protect|p2a: Kyurem
|-singleturn|p2a: Kyurem|Protect
|move|p1a: Leavanny|Low Kick|p2a: Kyurem
|-activate|p2a: Kyurem|move: Protect
|
|-heal|p2a: Kyurem|34/100|[from] item: Leftovers
|upkeep
|turn|38
|
|t:|1760723625
|move|p2a: Kyurem|Substitute|p2a: Kyurem
|-start|p2a: Kyurem|Substitute
|-damage|p2a: Kyurem|9/100
|move|p1a: Leavanny|Low Kick|p2a: Kyurem
|-supereffective|p2a: Kyurem
|-end|p2a: Kyurem|Substitute
|
|-heal|p2a: Kyurem|15/100|[from] item: Leftovers
|upkeep
|turn|39
|
|t:|1760723633
|move|p2a: Kyurem|Protect|p2a: Kyurem
|-singleturn|p2a: Kyurem|Protect
|move|p1a: Leavanny|Low Kick|p2a: Kyurem
|-activate|p2a: Kyurem|move: Protect
|
|-heal|p2a: Kyurem|21/100|[from] item: Leftovers
|upkeep
|turn|40
|
|t:|1760723640
|move|p2a: Kyurem|Iron Head|p1a: Leavanny
|-damage|p1a: Leavanny|0 fnt
|faint|p1a: Leavanny
|
|-heal|p2a: Kyurem|27/100|[from] item: Leftovers
|upkeep
|
|t:|1760723647
|switch|p1a: Walking Wake|Walking Wake, tera:Water|88/100
|turn|41
|
|t:|1760723658
|move|p2a: Kyurem|Protect|p2a: Kyurem
|-singleturn|p2a: Kyurem|Protect
|move|p1a: Walking Wake|Dragon Pulse|p2a: Kyurem
|-activate|p2a: Kyurem|move: Protect
|
|-heal|p2a: Kyurem|33/100|[from] item: Leftovers
|upkeep
|turn|42
|
|t:|1760723666
|move|p2a: Kyurem|Dragon Dance|p2a: Kyurem
|-boost|p2a: Kyurem|atk|1
|-boost|p2a: Kyurem|spe|1
|move|p1a: Walking Wake|Dragon Pulse|p2a: Kyurem
|-supereffective|p2a: Kyurem
|-damage|p2a: Kyurem|0 fnt
|faint|p2a: Kyurem
|
|win|Feyitomi
|raw|Feyitomi's rating: 1444 &rarr; <strong>1462</strong><br />(+18 for winning)
|raw|downtownclown's rating: 1405 &rarr; <strong>1387</strong><br />(-18 for losing)
|l|☆Feyitomi
|player|p1|
|l|☆downtownclown
|player|p2|
