|j|☆flinchirator
|j|☆Kricketot2325
|t:|1760822547
|gametype|singles
|player|p1|flinchirator|miku-ice|1381
|player|p2|Kricketot2325|rood|1395
|gen|9
|tier|[Gen 9] OU
|rated|
|rule|HP Percentage Mod: HP is shown in percentages
|rule|Endless Battle Clause: Forcing endless battles is banned
|rule|Species Clause: Limit one of each Pokémon
|rule|OHKO Clause: OHKO moves are banned
|rule|Evasion Items Clause: Evasion items are banned
|rule|Evasion Moves Clause: Evasion moves are banned
|rule|Evasion Abilities Clause: Evasion abilities are banned
|rule|Sleep Moves Clause: Sleep-inducing moves are banned
|clearpoke
|poke|p1|Zapdos|
|poke|p1|Iron Treads|
|poke|p1|Sinistcha-Masterpiece|
|poke|p1|Kingambit, F|
|poke|p1|Blissey, F|
|poke|p1|Bellibolt, M|
|poke|p2|Kyurem|
|poke|p2|Iron Moth|
|poke|p2|Kingambit, M|
|poke|p2|Landorus-Therian, M|
|poke|p2|Hatterene, F|
|poke|p2|Zamazenta-*|
|teampreview
|inactive|Battle timer is ON: inactive players will automatically lose when time's up. (requested by flinchirator)
|inactive|Kricketot2325 also wants the timer to be on.
|inactive|Kricketot2325 has 120 seconds left.
|
|t:|1760822593
|teamsize|p1|6
|teamsize|p2|6
|start
|switch|p1a: Bellibolt|Bellibolt, M|100/100
|switch|p2a: Landorus|Landorus-Therian, M|100/100
|-ability|p2a: Landorus|Intimidate|boost
|-unboost|p1a: Bellibolt|atk|1
|turn|1
|inactive|flinchirator has 120 seconds left.
|
|t:|1760822651
|switch|p1a: Zapdos|Zapdos|100/100
|move|p2a: Landorus|Earthquake|p1a: Zapdos
|-immune|p1a: Zapdos
|
|upkeep
|turn|2
|
|t:|1760822660
|move|p2a: Landorus|Stone Edge|p1a: Zapdos
|-supereffective|p1a: Zapdos
|-damage|p1a: Zapdos|58/100
|move|p1a: Zapdos|U-turn|p2a: Landorus
|-resisted|p2a: Landorus
|-damage|p2a: Landorus|94/100
|-damage|p1a: Zapdos|41/100|[from] item: Rocky Helmet|[of] p2a: Landorus
|
|t:|1760822667
|switch|p1a: Sinistcha|Sinistcha-Masterpiece|100/100|[from] U-turn
|
|upkeep
|turn|3
|
|t:|1760822673
|move|p2a: Landorus|Stealth Rock|p1a: Sinistcha
|-sidestart|p1: flinchirator|move: Stealth Rock
|move|p1a: Sinistcha|Matcha Gotcha|p2a: Landorus
|-damage|p2a: Landorus|60/100
|
|upkeep
|turn|4
|
|t:|1760822679
|switch|p2a: Hatterene|Hatterene, F|100/100
|move|p1a: Sinistcha|Matcha Gotcha|p2a: Hatterene
|-damage|p2a: Hatterene|68/100
|
|upkeep
|turn|5
|
|t:|1760822684
|move|p1a: Sinistcha|Shadow Ball|p2a: Hatterene
|-supereffective|p2a: Hatterene
|-damage|p2a: Hatterene|1/100
|-unboost|p2a: Hatterene|spd|1
|move|p2a: Hatterene|Nuzzle|p1a: Sinistcha
|-resisted|p1a: Sinistcha
|-damage|p1a: Sinistcha|99/100
|-status|p1a: Sinistcha|par
|
|-heal|p1a: Sinistcha|100/100 par|[from] item: Leftovers
|upkeep
|turn|6
|-enditem|p2a: Hatterene|Custap Berry|[eat]
|-activate|p2a: Hatterene|item: Custap Berry|[consumed]
|
|t:|1760822696
|move|p2a: Hatterene|Healing Wish|p2a: Hatterene
|faint|p2a: Hatterene
|move|p1a: Sinistcha|Matcha Gotcha|p2: Hatterene|[notarget]
|-fail|p1a: Sinistcha
|
|upkeep
|
|t:|1760822697
|switch|p2a: Kyurem|Kyurem|100/100
|-ability|p2a: Kyurem|Pressure
|turn|7
|
|t:|1760822721
|switch|p1a: Iron Treads|Iron Treads|100/100
|-damage|p1a: Iron Treads|98/100|[from] Stealth Rock
|move|p2a: Kyurem|Dragon Dance|p2a: Kyurem
|-boost|p2a: Kyurem|atk|1
|-boost|p2a: Kyurem|spe|1
|
|-heal|p1a: Iron Treads|100/100|[from] item: Leftovers
|upkeep
|turn|8
|
|t:|1760822739
|move|p2a: Kyurem|Icicle Spear|p1a: Iron Treads
|-damage|p1a: Iron Treads|83/100
|-damage|p1a: Iron Treads|66/100
|-damage|p1a: Iron Treads|51/100
|-damage|p1a: Iron Treads|34/100
|-hitcount|p1a: Iron Treads|4
|move|p1a: Iron Treads|Knock Off|p2a: Kyurem
|-damage|p2a: Kyurem|77/100
|-enditem|p2a: Kyurem|Loaded Dice|[from] move: Knock Off|[of] p1a: Iron Treads
|
|-heal|p1a: Iron Treads|40/100|[from] item: Leftovers
|upkeep
|turn|9
|
|t:|1760822751
|move|p2a: Kyurem|Icicle Spear|p1a: Iron Treads
|-damage|p1a: Iron Treads|22/100
|-damage|p1a: Iron Treads|5/100
|-hitcount|p1a: Iron Treads|2
|move|p1a: Iron Treads|Earthquake|p2a: Kyurem
|-damage|p2a: Kyurem|42/100
|
|-heal|p1a: Iron Treads|11/100|[from] item: Leftovers
|upkeep
|turn|10
|
|t:|1760822757
|move|p2a: Kyurem|Icicle Spear|p1a: Iron Treads
|-damage|p1a: Iron Treads|0 fnt
|faint|p1a: Iron Treads
|-end|p1a: Iron Treads|Quark Drive|[silent]
|-hitcount|p1: Iron Treads|1
|
|upkeep
|
|t:|1760822762
|switch|p1a: Bellibolt|Bellibolt, M|100/100
|turn|11
|
|t:|1760822766
|move|p2a: Kyurem|Icicle Spear|p1a: Bellibolt
|-damage|p1a: Bellibolt|88/100
|-start|p1a: Bellibolt|Charge|Icicle Spear|[from] ability: Electromorphosis
|-damage|p1a: Bellibolt|74/100
|-start|p1a: Bellibolt|Charge|Icicle Spear|[from] ability: Electromorphosis
|-hitcount|p1a: Bellibolt|2
|move|p1a: Bellibolt|Discharge|p2a: Kyurem
|-resisted|p2a: Kyurem
|-damage|p2a: Kyurem|14/100
|-status|p2a: Kyurem|par
|-end|p1a: Bellibolt|Charge|[silent]
|
|upkeep
|turn|12
|
|t:|1760822774
|move|p2a: Kyurem|Scale Shot|p1a: Bellibolt
|-damage|p1a: Bellibolt|61/100
|-start|p1a: Bellibolt|Charge|Scale Shot|[from] ability: Electromorphosis
|-damage|p1a: Bellibolt|46/100
|-start|p1a: Bellibolt|Charge|Scale Shot|[from] ability: Electromorphosis
|-damage|p1a: Bellibolt|32/100
|-start|p1a: Bellibolt|Charge|Scale Shot|[from] ability: Electromorphosis
|-hitcount|p1a: Bellibolt|3
|-unboost|p2a: Kyurem|def|1
|-boost|p2a: Kyurem|spe|1
|move|p1a: Bellibolt|Volt Switch|p2a: Kyurem
|-resisted|p2a: Kyurem
|-damage|p2a: Kyurem|0 fnt
|faint|p2a: Kyurem
|-end|p1a: Bellibolt|Charge|[silent]
|
|t:|1760822789
|switch|p1a: Sinistcha|Sinistcha-Masterpiece|100/100 par|[from] Volt Switch
|-damage|p1a: Sinistcha|88/100 par|[from] Stealth Rock
|
|-heal|p1a: Sinistcha|94/100 par|[from] item: Leftovers
|upkeep
|
|t:|1760822795
|switch|p2a: Kingambit|Kingambit, M|100/100
|-activate|p2a: Kingambit|ability: Supreme Overlord
|-start|p2a: Kingambit|fallen2|[silent]
|turn|13
|
|t:|1760822819
|switch|p1a: Kingambit|Kingambit, F|100/100
|-damage|p1a: Kingambit|94/100|[from] Stealth Rock
|-activate|p1a: Kingambit|ability: Supreme Overlord
|-start|p1a: Kingambit|fallen1|[silent]
|move|p2a: Kingambit|Swords Dance|p2a: Kingambit
|-boost|p2a: Kingambit|atk|2
|
|-heal|p1a: Kingambit|100/100|[from] item: Leftovers
|upkeep
|turn|14
|
|t:|1760822827
|move|p1a: Kingambit|Swords Dance|p1a: Kingambit
|-boost|p1a: Kingambit|atk|2
|move|p2a: Kingambit|Low Kick|p1a: Kingambit
|-supereffective|p1a: Kingambit
|-damage|p1a: Kingambit|0 fnt
|faint|p1a: Kingambit
|-end|p1a: Kingambit|fallen1|[silent]
|
|upkeep
|l|☆flinchirator
|inactive|flinchirator disconnected and has a minute to reconnect!
|player|p1|
|inactive|flinchirator has 30 seconds to reconnect!
|inactive|flinchirator has 20 seconds to reconnect!
|inactive|flinchirator has 15 seconds to reconnect!
|inactive|flinchirator has 10 seconds to reconnect!
|inactive|flinchirator has 5 seconds to reconnect!
|-message|flinchirator lost due to inactivity.
|
|win|Kricketot2325
|raw|flinchirator's rating: 1381 &rarr; <strong>1362</strong><br />(-19 for losing)
|raw|Kricketot2325's rating: 1395 &rarr; <strong>1414</strong><br />(+19 for winning)
|l|☆Kricketot2325
|player|p2|
