|j|☆Deathfrogie
|j|☆stariaki
|t:|1760829868
|gametype|singles
|player|p1|Deathfrogie|101|1609
|player|p2|stariaki|101|1709
|gen|9
|tier|[Gen 9] OU
|rated|
|rule|HP Percentage Mod: HP is shown in percentages
|rule|Endless Battle Clause: Forcing endless battles is banned
|rule|Species Clause: Limit one of each Pokémon
|rule|OHKO Clause: OHKO moves are banned
|rule|Evasion Items Clause: Evasion items are banned
|rule|Evasion Moves Clause: Evasion moves are banned
|rule|Evasion Abilities Clause: Evasion abilities are banned
|rule|Sleep Moves Clause: Sleep-inducing moves are banned
|clearpoke
|poke|p1|Pelipper, F|
|poke|p1|Toxicroak, M|
|poke|p1|Iron Treads|
|poke|p1|Hatterene, F|
|poke|p1|Zapdos|
|poke|p1|Barraskewda, M|
|poke|p2|Polteageist|
|poke|p2|Scizor, M|
|poke|p2|Dragonite, F|
|poke|p2|Great Tusk|
|poke|p2|Cinderace, M|
|poke|p2|Alomomola, F|
|teampreview
|c|☆stariaki|Toxicroak, sick
|c|☆Deathfrogie|ty
|c|☆Deathfrogie|it's better than you'd think
|c|☆stariaki|I believe that
|
|t:|1760829903
|teamsize|p1|6
|teamsize|p2|6
|start
|switch|p1a: Pelipper|Pelipper, F|100/100
|switch|p2a: Dragonite|Dragonite, F|100/100
|-weather|RainDance|[from] ability: Drizzle|[of] p1a: Pelipper
|turn|1
|
|t:|1760829908
|move|p2a: Dragonite|Dragon Dance|p2a: Dragonite
|-boost|p2a: Dragonite|atk|1
|-boost|p2a: Dragonite|spe|1
|move|p1a: Pelipper|U-turn|p2a: Dragonite
|-resisted|p2a: Dragonite
|-damage|p2a: Dragonite|98/100
|
|t:|1760829929
|switch|p1a: Toxicroak|Toxicroak, M|100/100|[from] U-turn
|
|-weather|RainDance|[upkeep]
|-heal|p2a: Dragonite|100/100|[from] item: Leftovers
|upkeep
|turn|2
|
|t:|1760829937
|-terastallize|p1a: Toxicroak|Ghost
|move|p2a: Dragonite|Earthquake|p1a: Toxicroak
|-damage|p1a: Toxicroak|58/100
|move|p1a: Toxicroak|Toxic|p2a: Dragonite
|-status|p2a: Dragonite|tox
|
|-weather|RainDance|[upkeep]
|-heal|p1a: Toxicroak|70/100|[from] ability: Dry Skin
|-damage|p2a: Dragonite|94/100 tox|[from] psn
|upkeep
|turn|3
|c|☆stariaki|Wow bulky??
|c|☆Deathfrogie|very
|
|t:|1760829950
|move|p2a: Dragonite|Ice Spinner|p1a: Toxicroak
|-damage|p1a: Toxicroak|35/100
|-damage|p2a: Dragonite|78/100 tox|[from] item: Rocky Helmet|[of] p1a: Toxicroak
|move|p1a: Toxicroak|Knock Off|p2a: Dragonite
|-damage|p2a: Dragonite|54/100 tox
|-enditem|p2a: Dragonite|Leftovers|[from] move: Knock Off|[of] p1a: Toxicroak
|
|-weather|RainDance|[upkeep]
|-heal|p1a: Toxicroak|48/100|[from] ability: Dry Skin
|-damage|p2a: Dragonite|42/100 tox|[from] psn
|upkeep
|turn|4
|
|t:|1760829961
|move|p2a: Dragonite|Roost|p2a: Dragonite
|-heal|p2a: Dragonite|92/100 tox
|-singleturn|p2a: Dragonite|move: Roost
|move|p1a: Toxicroak|Drain Punch|p2a: Dragonite
|-damage|p2a: Dragonite|67/100 tox
|-heal|p1a: Toxicroak|61/100|[from] drain|[of] p2a: Dragonite
|
|-weather|RainDance|[upkeep]
|-heal|p1a: Toxicroak|73/100|[from] ability: Dry Skin
|-damage|p2a: Dragonite|48/100 tox|[from] psn
|upkeep
|turn|5
|
|t:|1760829965
|move|p2a: Dragonite|Earthquake|p1a: Toxicroak
|-damage|p1a: Toxicroak|27/100
|move|p1a: Toxicroak|Drain Punch|p2a: Dragonite
|-resisted|p2a: Dragonite
|-damage|p2a: Dragonite|35/100 tox
|-heal|p1a: Toxicroak|34/100|[from] drain|[of] p2a: Dragonite
|
|-weather|RainDance|[upkeep]
|-heal|p1a: Toxicroak|47/100|[from] ability: Dry Skin
|-damage|p2a: Dragonite|10/100 tox|[from] psn
|upkeep
|turn|6
|
|t:|1760829968
|move|p2a: Dragonite|Earthquake|p1a: Toxicroak
|-damage|p1a: Toxicroak|0 fnt
|faint|p1a: Toxicroak
|
|-weather|RainDance|[upkeep]
|-damage|p2a: Dragonite|0 fnt|[from] psn
|faint|p2a: Dragonite
|upkeep
|c|☆stariaki|Thats so cool
|c|☆Deathfrogie|I'll take that trade any day
|c|☆stariaki|Can i have the set
|c|☆Deathfrogie|yeah uh
|c|☆Deathfrogie|pokepaste right?
|c|☆stariaki|Yeah please
|inactive|Battle timer is ON: inactive players will automatically lose when time's up. (requested by stariaki)
|c|☆stariaki|Oh sorry wait
|inactiveoff|Battle timer is now OFF.
|c|☆Deathfrogie|https://pokepast.es/00c1eaabed55b93e
|c|☆Deathfrogie|I think that should work
|
|t:|1760830086
|switch|p2a: Great Tusk|Great Tusk|100/100
|switch|p1a: Zapdos|Zapdos|100/100
|turn|7
|c|☆stariaki|Thnx!
|c|☆Deathfrogie|it walls kingambit
|
|t:|1760830110
|-terastallize|p2a: Great Tusk|Ghost
|move|p1a: Zapdos|Hurricane|p2a: Great Tusk
|-damage|p2a: Great Tusk|32/100
|-start|p2a: Great Tusk|confusion
|-activate|p2a: Great Tusk|confusion
|move|p2a: Great Tusk|Ice Spinner|p1a: Zapdos
|-supereffective|p1a: Zapdos
|-damage|p1a: Zapdos|21/100
|
|-weather|RainDance|[upkeep]
|upkeep
|turn|8
|c|☆Deathfrogie|and ogerpon wellspring
|
|t:|1760830115
|move|p1a: Zapdos|Hurricane|p2a: Great Tusk
|-damage|p2a: Great Tusk|0 fnt
|faint|p2a: Great Tusk
|-end|p2a: Great Tusk|Protosynthesis|[silent]
|
|-weather|none
|upkeep
|
|t:|1760830118
|switch|p2a: Cinderace|Cinderace, M|100/100
|turn|9
|
|t:|1760830123
|switch|p1a: Pelipper|Pelipper, F|100/100
|-weather|RainDance|[from] ability: Drizzle|[of] p1a: Pelipper
|move|p2a: Cinderace|U-turn|p1a: Pelipper
|-resisted|p1a: Pelipper
|-damage|p1a: Pelipper|88/100
|
|t:|1760830129
|switch|p2a: Scizor|Scizor, M|100/100|[from] U-turn
|
|-weather|RainDance|[upkeep]
|upkeep
|turn|10
|
|t:|1760830137
|switch|p1a: Iron Treads|Iron Treads|100/100
|move|p2a: Scizor|Knock Off|p1a: Iron Treads
|-damage|p1a: Iron Treads|61/100
|-enditem|p1a: Iron Treads|Leftovers|[from] move: Knock Off|[of] p2a: Scizor
|
|-weather|RainDance|[upkeep]
|upkeep
|turn|11
|
|t:|1760830142
|switch|p2a: Alomomola|Alomomola, F|100/100
|move|p1a: Iron Treads|Volt Switch|p2a: Alomomola
|-supereffective|p2a: Alomomola
|-damage|p2a: Alomomola|74/100
|
|t:|1760830149
|-end|p1a: Iron Treads|Quark Drive|[silent]
|switch|p1a: Zapdos|Zapdos|21/100|[from] Volt Switch
|
|-weather|RainDance|[upkeep]
|upkeep
|turn|12
|
|t:|1760830152
|move|p1a: Zapdos|Thunder|p2a: Alomomola
|-supereffective|p2a: Alomomola
|-damage|p2a: Alomomola|0 fnt
|faint|p2a: Alomomola
|
|-weather|RainDance|[upkeep]
|upkeep
|
|t:|1760830154
|switch|p2a: Cinderace|Cinderace, M|100/100
|turn|13
|
|t:|1760830160
|switch|p1a: Iron Treads|Iron Treads|61/100
|move|p2a: Cinderace|Pyro Ball|p1a: Iron Treads
|-supereffective|p1a: Iron Treads
|-damage|p1a: Iron Treads|17/100
|
|-weather|RainDance|[upkeep]
|upkeep
|turn|14
|
|t:|1760830168
|move|p2a: Cinderace|U-turn|p1a: Iron Treads
|-resisted|p1a: Iron Treads
|-damage|p1a: Iron Treads|9/100
|
|t:|1760830170
|switch|p2a: Scizor|Scizor, M|100/100|[from] U-turn
|move|p1a: Iron Treads|Volt Switch|p2a: Scizor
|-damage|p2a: Scizor|88/100
|
|t:|1760830173
|-end|p1a: Iron Treads|Quark Drive|[silent]
|switch|p1a: Barraskewda|Barraskewda, M|100/100|[from] Volt Switch
|
|-weather|RainDance|[upkeep]
|upkeep
|turn|15
|
|t:|1760830181
|move|p1a: Barraskewda|Flip Turn|p2a: Scizor
|-damage|p2a: Scizor|13/100
|
|t:|1760830186
|switch|p1a: Iron Treads|Iron Treads|9/100|[from] Flip Turn
|move|p2a: Scizor|U-turn|p1a: Iron Treads
|-resisted|p1a: Iron Treads
|-damage|p1a: Iron Treads|0 fnt
|faint|p1a: Iron Treads
|-end|p1a: Iron Treads|Quark Drive|[silent]
|c|☆Deathfrogie|should have liquadation'ed
|
|t:|1760830198
|switch|p2a: Polteageist|Polteageist|100/100|[from] U-turn
|
|-weather|RainDance|[upkeep]
|upkeep
|
|t:|1760830207
|switch|p1a: Zapdos|Zapdos|21/100
|turn|16
|
|t:|1760830214
|switch|p2a: Scizor|Scizor, M|13/100
|move|p1a: Zapdos|Hurricane|p2a: Scizor
|-damage|p2a: Scizor|0 fnt
|faint|p2a: Scizor
|
|-weather|none
|upkeep
|
|t:|1760830221
|switch|p2a: Polteageist|Polteageist|100/100
|turn|17
|
|t:|1760830225
|move|p1a: Zapdos|Hurricane|p2a: Polteageist|[miss]
|-miss|p1a: Zapdos|p2a: Polteageist
|move|p2a: Polteageist|Shell Smash|p2a: Polteageist
|-unboost|p2a: Polteageist|def|1
|-unboost|p2a: Polteageist|spd|1
|-boost|p2a: Polteageist|atk|2
|-boost|p2a: Polteageist|spa|2
|-boost|p2a: Polteageist|spe|2
|
|upkeep
|turn|18
|c|☆Deathfrogie|oh no
|
|t:|1760830233
|move|p2a: Polteageist|Shadow Ball|p1a: Zapdos
|-damage|p1a: Zapdos|0 fnt
|faint|p1a: Zapdos
|
|upkeep
|
|t:|1760830235
|switch|p1a: Pelipper|Pelipper, F|88/100
|-weather|RainDance|[from] ability: Drizzle|[of] p1a: Pelipper
|turn|19
|
|t:|1760830263
|move|p2a: Polteageist|Shadow Ball|p1a: Pelipper
|-crit|p1a: Pelipper
|-damage|p1a: Pelipper|0 fnt
|faint|p1a: Pelipper
|
|-weather|RainDance|[upkeep]
|upkeep
|
|t:|1760830269
|switch|p1a: Barraskewda|Barraskewda, M|100/100
|turn|20
|
|t:|1760830291
|switch|p2a: Cinderace|Cinderace, M|100/100
|move|p1a: Barraskewda|Flip Turn|p2a: Cinderace
|-supereffective|p2a: Cinderace
|-damage|p2a: Cinderace|0 fnt
|faint|p2a: Cinderace
|
|t:|1760830295
|switch|p1a: Hatterene|Hatterene, F|100/100|[from] Flip Turn
|
|-weather|RainDance|[upkeep]
|upkeep
|c|☆stariaki|This is the only play i have right
|
|t:|1760830303
|switch|p2a: Polteageist|Polteageist|100/100
|turn|21
|
|t:|1760830309
|move|p2a: Polteageist|Shadow Ball|p1a: Hatterene
|-supereffective|p1a: Hatterene
|-damage|p1a: Hatterene|0 fnt
|faint|p1a: Hatterene
|
|-weather|RainDance|[upkeep]
|upkeep
|
|t:|1760830311
|switch|p1a: Barraskewda|Barraskewda, M|100/100
|turn|22
|c|☆stariaki|Do you have jet
|
|t:|1760830326
|move|p1a: Barraskewda|Liquidation|p2a: Polteageist
|-enditem|p2a: Polteageist|Focus Sash
|-damage|p2a: Polteageist|1/100
|-ability|p2a: Polteageist|Weak Armor|boost
|-unboost|p2a: Polteageist|def|1
|-boost|p2a: Polteageist|spe|2
|move|p2a: Polteageist|Shadow Ball|p1a: Barraskewda
|-damage|p1a: Barraskewda|1/100
|-unboost|p1a: Barraskewda|spd|1
|
|-weather|RainDance|[upkeep]
|upkeep
|turn|23
|c|☆Deathfrogie|yeah
|c|☆stariaki|Okay well
|c|☆Deathfrogie|but uh
|c|☆Deathfrogie|I'm the luckiest man alive also
|
|t:|1760830348
|move|p1a: Barraskewda|Liquidation|p2a: Polteageist
|-damage|p2a: Polteageist|0 fnt
|faint|p2a: Polteageist
|
|win|Deathfrogie
|raw|Deathfrogie's rating: 1609 &rarr; <strong>1635</strong><br />(+26 for winning)
|raw|stariaki's rating: 1709 &rarr; <strong>1683</strong><br />(-26 for losing)
|c|☆Deathfrogie|good game
|c|☆stariaki|Why :)
|c|☆Deathfrogie|should have been yours
|c|☆stariaki|Ah well
|c|☆stariaki|It be like that
|c|☆Deathfrogie|it do
|c|☆stariaki|Have a nice day!
|c|☆Deathfrogie|You too!
|l|☆stariaki
|player|p2|
