|j|☆Tungsten Daniel
|j|☆eatsleepjdm
|t:|1760867015
|gametype|singles
|player|p1|Tungsten Daniel|ingo|1340
|player|p2|eatsleepjdm|1|1336
|gen|9
|tier|[Gen 9] OU
|rated|
|rule|HP Percentage Mod: HP is shown in percentages
|rule|Endless Battle Clause: Forcing endless battles is banned
|rule|Species Clause: Limit one of each Pokémon
|rule|OHKO Clause: OHKO moves are banned
|rule|Evasion Items Clause: Evasion items are banned
|rule|Evasion Moves Clause: Evasion moves are banned
|rule|Evasion Abilities Clause: Evasion abilities are banned
|rule|Sleep Moves Clause: Sleep-inducing moves are banned
|clearpoke
|poke|p1|Alomomola, M|
|poke|p1|Gallade, M|
|poke|p1|Slowking-Galar, M|
|poke|p1|Serperior, M|
|poke|p1|Latios, M|
|poke|p1|Ursaluna, F|
|poke|p2|Sableye, M|
|poke|p2|Tentacruel, F|
|poke|p2|Deoxys-Speed|
|poke|p2|Mamoswine, M|
|poke|p2|Dragonite, M|
|poke|p2|Barraskewda, F|
|teampreview
|
|t:|1760867025
|teamsize|p1|6
|teamsize|p2|6
|start
|switch|p1a: Serperior|Serperior, M|100/100
|switch|p2a: Barraskewda|Barraskewda, F|100/100
|turn|1
|
|t:|1760867034
|move|p2a: Barraskewda|Flip Turn|p1a: Serperior
|-resisted|p1a: Serperior
|-damage|p1a: Serperior|78/100
|
|t:|1760867040
|switch|p2a: Sableye|Sableye, M|100/100|[from] Flip Turn
|move|p1a: Serperior|Glare|p2a: Sableye
|-status|p2a: Sableye|par
|
|-heal|p1a: Serperior|84/100|[from] item: Leftovers
|upkeep
|turn|2
|
|t:|1760867046
|cant|p2a: Sableye|par
|move|p1a: Serperior|Substitute|p1a: Serperior
|-start|p1a: Serperior|Substitute
|-damage|p1a: Serperior|59/100
|
|-heal|p1a: Serperior|66/100|[from] item: Leftovers
|upkeep
|turn|3
|
|t:|1760867049
|move|p2a: Sableye|Encore|p1a: Serperior
|-start|p1a: Serperior|Encore
|move|p1a: Serperior|Substitute|p1a: Serperior
|-fail|p1a: Serperior|move: Substitute
|
|-heal|p1a: Serperior|72/100|[from] item: Leftovers
|upkeep
|turn|4
|
|t:|1760867054
|switch|p2a: Tentacruel|Tentacruel, F|100/100
|move|p1a: Serperior|Substitute|p1a: Serperior
|-fail|p1a: Serperior|move: Substitute
|
|-heal|p1a: Serperior|78/100|[from] item: Leftovers
|upkeep
|turn|5
|
|t:|1760867060
|switch|p1a: Slowking|Slowking-Galar, M|100/100
|move|p2a: Tentacruel|Toxic Spikes|p1a: Slowking
|-sidestart|p1: Tungsten Daniel|move: Toxic Spikes
|
|upkeep
|turn|6
|
|t:|1760867064
|move|p2a: Tentacruel|Rain Dance|p2a: Tentacruel
|-weather|RainDance
|move|p1a: Slowking|Future Sight|p2a: Tentacruel
|-start|p1a: Slowking|move: Future Sight
|
|-weather|RainDance|[upkeep]
|upkeep
|turn|7
|
|t:|1760867067
|move|p2a: Tentacruel|Flip Turn|p1a: Slowking
|-damage|p1a: Slowking|85/100
|
|t:|1760867074
|switch|p2a: Deoxys|Deoxys-Speed|100/100|[from] Flip Turn
|-ability|p2a: Deoxys|Pressure
|-prepare|p1a: Slowking|Chilly Reception|[premajor]
|move|p1a: Slowking|Chilly Reception|p1a: Slowking
|-weather|Snowscape
|
|t:|1760867078
|switch|p1a: Latios|Latios, M|100/100|[from] Chilly Reception
|
|-weather|Snowscape|[upkeep]
|upkeep
|turn|8
|
|t:|1760867082
|move|p1a: Latios|Flip Turn|p2a: Deoxys
|-damage|p2a: Deoxys|87/100
|
|t:|1760867085
|switch|p1a: Slowking|Slowking-Galar, M|100/100|[from] Flip Turn
|-sideend|p1: Tungsten Daniel|move: Toxic Spikes|[of] p1a: Slowking
|move|p2a: Deoxys|Calm Mind|p2a: Deoxys
|-boost|p2a: Deoxys|spa|1
|-boost|p2a: Deoxys|spd|1
|
|-weather|Snowscape|[upkeep]
|-end|p2a: Deoxys|move: Future Sight
|-resisted|p2a: Deoxys
|-damage|p2a: Deoxys|68/100
|upkeep
|turn|9
|
|t:|1760867099
|move|p2a: Deoxys|Calm Mind|p2a: Deoxys
|-boost|p2a: Deoxys|spa|1
|-boost|p2a: Deoxys|spd|1
|-prepare|p1a: Slowking|Chilly Reception|[premajor]
|move|p1a: Slowking|Chilly Reception|p1a: Slowking
|
|t:|1760867102
|switch|p1a: Ursaluna|Ursaluna, F|100/100|[from] Chilly Reception
|
|-weather|Snowscape|[upkeep]
|upkeep
|turn|10
|
|t:|1760867106
|move|p2a: Deoxys|Focus Blast|p1a: Ursaluna
|-immune|p1a: Ursaluna|[from] ability: Bulletproof
|move|p1a: Ursaluna|Headlong Rush|p2a: Deoxys
|-damage|p2a: Deoxys|4/100
|-unboost|p1a: Ursaluna|def|1
|-unboost|p1a: Ursaluna|spd|1
|
|-weather|Snowscape|[upkeep]
|upkeep
|turn|11
|
|t:|1760867114
|switch|p1a: Latios|Latios, M|100/100
|move|p2a: Deoxys|Stored Power|p1a: Latios
|-resisted|p1a: Latios
|-damage|p1a: Latios|61/100
|
|-weather|none
|upkeep
|turn|12
|
|t:|1760867121
|move|p1a: Latios|Flip Turn|p2a: Deoxys
|-damage|p2a: Deoxys|0 fnt
|faint|p2a: Deoxys
|
|t:|1760867126
|switch|p1a: Slowking|Slowking-Galar, M|100/100|[from] Flip Turn
|
|upkeep
|
|t:|1760867132
|switch|p2a: Tentacruel|Tentacruel, F|100/100
|turn|13
|
|t:|1760867136
|move|p2a: Tentacruel|Toxic Spikes|p1a: Slowking
|-sidestart|p1: Tungsten Daniel|move: Toxic Spikes
|move|p1a: Slowking|Future Sight|p2a: Tentacruel
|-start|p1a: Slowking|move: Future Sight
|
|upkeep
|turn|14
|
|t:|1760867143
|move|p2a: Tentacruel|Flip Turn|p1a: Slowking
|-damage|p1a: Slowking|90/100
|
|t:|1760867145
|switch|p2a: Mamoswine|Mamoswine, M|100/100|[from] Flip Turn
|-prepare|p1a: Slowking|Chilly Reception|[premajor]
|move|p1a: Slowking|Chilly Reception|p1a: Slowking
|-weather|Snowscape
|
|t:|1760867163
|switch|p1a: Gallade|Gallade, M|100/100|[from] Chilly Reception
|-status|p1a: Gallade|psn
|
|-weather|Snowscape|[upkeep]
|-damage|p1a: Gallade|88/100 psn|[from] psn
|upkeep
|turn|15
|
|t:|1760867166
|switch|p2a: Sableye|Sableye, M|100/100 par
|move|p1a: Gallade|Sacred Sword|p2a: Sableye
|-immune|p2a: Sableye
|
|-weather|Snowscape|[upkeep]
|-end|p2a: Sableye|move: Future Sight
|-immune|p2a: Sableye
|-damage|p1a: Gallade|76/100 psn|[from] psn
|upkeep
|turn|16
|
|t:|1760867168
|switch|p1a: Slowking|Slowking-Galar, M|100/100
|-sideend|p1: Tungsten Daniel|move: Toxic Spikes|[of] p1a: Slowking
|cant|p2a: Sableye|par
|
|-weather|Snowscape|[upkeep]
|upkeep
|turn|17
|
|t:|1760867178
|cant|p2a: Sableye|par
|-prepare|p1a: Slowking|Chilly Reception|[premajor]
|move|p1a: Slowking|Chilly Reception|p1a: Slowking
|
|t:|1760867184
|switch|p1a: Serperior|Serperior, M|78/100|[from] Chilly Reception
|
|-weather|Snowscape|[upkeep]
|-heal|p1a: Serperior|84/100|[from] item: Leftovers
|upkeep
|turn|18
|
|t:|1760867191
|move|p1a: Serperior|Leaf Storm|p2a: Sableye
|-damage|p2a: Sableye|27/100 par
|-boost|p1a: Serperior|spa|2
|move|p2a: Sableye|Knock Off|p1a: Serperior
|-damage|p1a: Serperior|52/100
|-enditem|p1a: Serperior|Leftovers|[from] move: Knock Off|[of] p2a: Sableye
|
|-weather|none
|upkeep
|turn|19
|
|t:|1760867202
|cant|p2a: Sableye|par
|move|p1a: Serperior|Leaf Storm|p2a: Sableye
|-damage|p2a: Sableye|0 fnt
|-boost|p1a: Serperior|spa|2
|faint|p2a: Sableye
|
|upkeep
|
|t:|1760867205
|switch|p2a: Barraskewda|Barraskewda, F|100/100
|turn|20
|
|t:|1760867215
|switch|p1a: Slowking|Slowking-Galar, M|100/100
|move|p2a: Barraskewda|Poison Jab|p1a: Slowking
|-resisted|p1a: Slowking
|-damage|p1a: Slowking|90/100
|
|-heal|p1a: Slowking|96/100|[from] item: Leftovers
|upkeep
|turn|21
|
|t:|1760867220
|move|p2a: Barraskewda|Flip Turn|p1a: Slowking
|-damage|p1a: Slowking|69/100
|
|t:|1760867221
|switch|p2a: Mamoswine|Mamoswine, M|100/100|[from] Flip Turn
|move|p1a: Slowking|Future Sight|p2a: Mamoswine
|-start|p1a: Slowking|move: Future Sight
|
|-heal|p1a: Slowking|75/100|[from] item: Leftovers
|upkeep
|turn|22
|
|t:|1760867227
|switch|p1a: Latios|Latios, M|61/100
|move|p2a: Mamoswine|Stealth Rock|p1a: Latios
|-sidestart|p1: Tungsten Daniel|move: Stealth Rock
|
|upkeep
|turn|23
|
|t:|1760867230
|move|p2a: Mamoswine|Ice Shard|p1a: Latios
|-supereffective|p1a: Latios
|-damage|p1a: Latios|0 fnt
|faint|p1a: Latios
|
|-end|p2a: Mamoswine|move: Future Sight
|-damage|p2a: Mamoswine|43/100
|-heal|p2a: Mamoswine|49/100|[from] item: Leftovers
|upkeep
|
|t:|1760867239
|switch|p1a: Serperior|Serperior, M|52/100
|-damage|p1a: Serperior|40/100|[from] Stealth Rock
|turn|24
|
|t:|1760867241
|move|p2a: Mamoswine|Ice Shard|p1a: Serperior
|-supereffective|p1a: Serperior
|-damage|p1a: Serperior|0 fnt
|faint|p1a: Serperior
|
|-heal|p2a: Mamoswine|55/100|[from] item: Leftovers
|upkeep
|
|t:|1760867245
|switch|p1a: Alomomola|Alomomola, M|100/100
|-damage|p1a: Alomomola|88/100|[from] Stealth Rock
|turn|25
|
|t:|1760867248
|switch|p2a: Tentacruel|Tentacruel, F|100/100
|move|p1a: Alomomola|Scald|p2a: Tentacruel
|-resisted|p2a: Tentacruel
|-damage|p2a: Tentacruel|96/100
|
|-heal|p1a: Alomomola|94/100|[from] item: Leftovers
|upkeep
|turn|26
|
|t:|1760867253
|move|p2a: Tentacruel|Rain Dance|p2a: Tentacruel
|-weather|RainDance
|move|p1a: Alomomola|Wish|p1a: Alomomola
|
|-weather|RainDance|[upkeep]
|-heal|p2a: Tentacruel|100/100|[from] ability: Rain Dish
|-heal|p1a: Alomomola|100/100|[from] item: Leftovers
|upkeep
|turn|27
|
|t:|1760867255
|move|p2a: Tentacruel|Toxic Spikes|p1a: Alomomola
|-sidestart|p1: Tungsten Daniel|move: Toxic Spikes
|move|p1a: Alomomola|Flip Turn|p2a: Tentacruel
|-resisted|p2a: Tentacruel
|-damage|p2a: Tentacruel|85/100
|
|t:|1760867257
|switch|p1a: Slowking|Slowking-Galar, M|100/100|[from] Flip Turn
|-damage|p1a: Slowking|88/100|[from] Stealth Rock
|-sideend|p1: Tungsten Daniel|move: Toxic Spikes|[of] p1a: Slowking
|
|-weather|RainDance|[upkeep]
|-heal|p2a: Tentacruel|91/100|[from] ability: Rain Dish
|-heal|p1a: Slowking|100/100|[from] move: Wish|[wisher] Alomomola
|upkeep
|turn|28
|
|t:|1760867259
|move|p2a: Tentacruel|Toxic Spikes|p1a: Slowking
|-sidestart|p1: Tungsten Daniel|move: Toxic Spikes
|-prepare|p1a: Slowking|Chilly Reception|[premajor]
|move|p1a: Slowking|Chilly Reception|p1a: Slowking
|-weather|Snowscape
|
|t:|1760867262
|switch|p1a: Gallade|Gallade, M|76/100 psn|[from] Chilly Reception
|-damage|p1a: Gallade|70/100 psn|[from] Stealth Rock
|
|-weather|Snowscape|[upkeep]
|-damage|p1a: Gallade|58/100 psn|[from] psn
|upkeep
|turn|29
|
|t:|1760867273
|switch|p2a: Dragonite|Dragonite, M|100/100
|move|p1a: Gallade|Psycho Cut|p2a: Dragonite
|-damage|p2a: Dragonite|60/100
|
|-weather|Snowscape|[upkeep]
|-damage|p1a: Gallade|45/100 psn|[from] psn
|upkeep
|turn|30
|
|t:|1760867281
|switch|p1a: Slowking|Slowking-Galar, M|100/100
|-damage|p1a: Slowking|88/100|[from] Stealth Rock
|-sideend|p1: Tungsten Daniel|move: Toxic Spikes|[of] p1a: Slowking
|move|p2a: Dragonite|Extreme Speed|p1a: Slowking
|-damage|p1a: Slowking|68/100
|
|-weather|Snowscape|[upkeep]
|-heal|p1a: Slowking|74/100|[from] item: Leftovers
|upkeep
|turn|31
|
|t:|1760867287
|move|p2a: Dragonite|Dragon Dance|p2a: Dragonite
|-boost|p2a: Dragonite|atk|1
|-boost|p2a: Dragonite|spe|1
|move|p1a: Slowking|Ice Beam|p2a: Dragonite
|-supereffective|p2a: Dragonite
|-damage|p2a: Dragonite|0 fnt
|faint|p2a: Dragonite
|
|-weather|Snowscape|[upkeep]
|-heal|p1a: Slowking|80/100|[from] item: Leftovers
|upkeep
|
|t:|1760867291
|switch|p2a: Mamoswine|Mamoswine, M|55/100
|turn|32
|
|t:|1760867313
|switch|p1a: Alomomola|Alomomola, M|100/100
|-damage|p1a: Alomomola|88/100|[from] Stealth Rock
|move|p2a: Mamoswine|Earthquake|p1a: Alomomola
|-damage|p1a: Alomomola|46/100
|
|-weather|none
|-heal|p2a: Mamoswine|61/100|[from] item: Leftovers
|-heal|p1a: Alomomola|52/100|[from] item: Leftovers
|upkeep
|turn|33
|
|t:|1760867325
|move|p2a: Mamoswine|Earthquake|p1a: Alomomola
|-damage|p1a: Alomomola|9/100
|move|p1a: Alomomola|Flip Turn|p2a: Mamoswine
|-supereffective|p2a: Mamoswine
|-damage|p2a: Mamoswine|31/100
|
|t:|1760867328
|switch|p1a: Ursaluna|Ursaluna, F|100/100|[from] Flip Turn
|-damage|p1a: Ursaluna|94/100|[from] Stealth Rock
|
|-heal|p2a: Mamoswine|37/100|[from] item: Leftovers
|upkeep
|turn|34
|
|t:|1760867338
|move|p2a: Mamoswine|Earthquake|p1a: Ursaluna
|-damage|p1a: Ursaluna|60/100
|move|p1a: Ursaluna|Close Combat|p2a: Mamoswine
|-supereffective|p2a: Mamoswine
|-damage|p2a: Mamoswine|0 fnt
|-unboost|p1a: Ursaluna|def|1
|-unboost|p1a: Ursaluna|spd|1
|faint|p2a: Mamoswine
|
|upkeep
|
|t:|1760867341
|switch|p2a: Barraskewda|Barraskewda, F|100/100
|turn|35
|
|t:|1760867358
|switch|p1a: Slowking|Slowking-Galar, M|100/100
|-damage|p1a: Slowking|88/100|[from] Stealth Rock
|-terastallize|p2a: Barraskewda|Water
|move|p2a: Barraskewda|Liquidation|p1a: Slowking
|-damage|p1a: Slowking|36/100
|
|-heal|p1a: Slowking|42/100|[from] item: Leftovers
|upkeep
|turn|36
|
|t:|1760867392
|-terastallize|p1a: Slowking|Grass
|move|p2a: Barraskewda|Liquidation|p1a: Slowking
|-resisted|p1a: Slowking
|-damage|p1a: Slowking|16/100
|-prepare|p1a: Slowking|Chilly Reception|[premajor]
|move|p1a: Slowking|Chilly Reception|p1a: Slowking
|-weather|Snowscape
|
|t:|1760867399
|switch|p1a: Alomomola|Alomomola, M|42/100|[from] Chilly Reception
|-damage|p1a: Alomomola|30/100|[from] Stealth Rock
|
|-weather|Snowscape|[upkeep]
|-heal|p1a: Alomomola|36/100|[from] item: Leftovers
|upkeep
|turn|37
|
|t:|1760867412
|move|p1a: Alomomola|Protect|p1a: Alomomola
|-singleturn|p1a: Alomomola|Protect
|move|p2a: Barraskewda|Poison Jab|p1a: Alomomola
|-activate|p1a: Alomomola|move: Protect
|
|-weather|Snowscape|[upkeep]
|-heal|p1a: Alomomola|42/100|[from] item: Leftovers
|upkeep
|turn|38
|
|t:|1760867419
|move|p2a: Barraskewda|Flip Turn|p1a: Alomomola
|-resisted|p1a: Alomomola
|-damage|p1a: Alomomola|21/100
|
|t:|1760867421
|switch|p2a: Tentacruel|Tentacruel, F|91/100|[from] Flip Turn
|move|p1a: Alomomola|Wish|p1a: Alomomola
|
|-weather|Snowscape|[upkeep]
|-heal|p1a: Alomomola|27/100|[from] item: Leftovers
|upkeep
|turn|39
|
|t:|1760867429
|move|p1a: Alomomola|Protect|p1a: Alomomola
|-singleturn|p1a: Alomomola|Protect
|move|p2a: Tentacruel|Toxic Spikes|p1a: Alomomola
|-sidestart|p1: Tungsten Daniel|move: Toxic Spikes
|
|-weather|Snowscape|[upkeep]
|-heal|p1a: Alomomola|77/100|[from] move: Wish|[wisher] Alomomola
|-heal|p1a: Alomomola|84/100|[from] item: Leftovers
|upkeep
|turn|40
|
|t:|1760867435
|move|p2a: Tentacruel|Rain Dance|p2a: Tentacruel
|-weather|RainDance
|move|p1a: Alomomola|Wish|p1a: Alomomola
|
|-weather|RainDance|[upkeep]
|-heal|p2a: Tentacruel|97/100|[from] ability: Rain Dish
|-heal|p1a: Alomomola|90/100|[from] item: Leftovers
|upkeep
|turn|41
|
|t:|1760867442
|move|p2a: Tentacruel|Flip Turn|p1a: Alomomola
|-resisted|p1a: Alomomola
|-damage|p1a: Alomomola|82/100
|
|t:|1760867444
|switch|p2a: Barraskewda|Barraskewda, F, tera:Water|100/100|[from] Flip Turn
|move|p1a: Alomomola|Flip Turn|p2a: Barraskewda
|-resisted|p2a: Barraskewda
|-crit|p2a: Barraskewda
|-damage|p2a: Barraskewda|64/100
|
|t:|1760867451
|switch|p1a: Slowking|Slowking-Galar, M, tera:Grass|49/100|[from] Flip Turn
|-damage|p1a: Slowking|37/100|[from] Stealth Rock
|-status|p1a: Slowking|psn
|
|-weather|RainDance|[upkeep]
|-heal|p1a: Slowking|100/100 psn|[from] move: Wish|[wisher] Alomomola
|-damage|p1a: Slowking|88/100 psn|[from] psn
|upkeep
|turn|42
|
|t:|1760867468
|move|p2a: Barraskewda|Poison Jab|p1a: Slowking
|-supereffective|p1a: Slowking
|-damage|p1a: Slowking|45/100 psn
|move|p1a: Slowking|Sludge Bomb|p2a: Barraskewda
|-damage|p2a: Barraskewda|0 fnt
|faint|p2a: Barraskewda
|
|-weather|RainDance|[upkeep]
|-heal|p1a: Slowking|51/100 psn|[from] item: Leftovers
|-damage|p1a: Slowking|39/100 psn|[from] psn
|upkeep
|
|t:|1760867471
|switch|p2a: Tentacruel|Tentacruel, F|97/100
|turn|43
|
|t:|1760867475
|move|p2a: Tentacruel|Rapid Spin|p1a: Slowking
|-crit|p1a: Slowking
|-damage|p1a: Slowking|29/100 psn
|-boost|p2a: Tentacruel|spe|1
|move|p1a: Slowking|Future Sight|p2a: Tentacruel
|-start|p1a: Slowking|move: Future Sight
|
|-weather|RainDance|[upkeep]
|-heal|p2a: Tentacruel|100/100|[from] ability: Rain Dish
|-heal|p1a: Slowking|35/100 psn|[from] item: Leftovers
|-damage|p1a: Slowking|23/100 psn|[from] psn
|upkeep
|turn|44
|
|t:|1760867479
|move|p2a: Tentacruel|Rapid Spin|p1a: Slowking
|-damage|p1a: Slowking|17/100 psn
|-boost|p2a: Tentacruel|spe|1
|-prepare|p1a: Slowking|Chilly Reception|[premajor]
|move|p1a: Slowking|Chilly Reception|p1a: Slowking
|-weather|Snowscape
|
|t:|1760867482
|switch|p1a: Ursaluna|Ursaluna, F|60/100|[from] Chilly Reception
|-damage|p1a: Ursaluna|54/100|[from] Stealth Rock
|-status|p1a: Ursaluna|psn
|
|-weather|Snowscape|[upkeep]
|-damage|p1a: Ursaluna|42/100 psn|[from] psn
|upkeep
|turn|45
|
|t:|1760867487
|move|p2a: Tentacruel|Flip Turn|p1a: Ursaluna
|-supereffective|p1a: Ursaluna
|-damage|p1a: Ursaluna|26/100 psn
|move|p1a: Ursaluna|Headlong Rush|p2a: Tentacruel
|-supereffective|p2a: Tentacruel
|-damage|p2a: Tentacruel|0 fnt
|-unboost|p1a: Ursaluna|def|1
|-unboost|p1a: Ursaluna|spd|1
|faint|p2a: Tentacruel
|
|win|Tungsten Daniel
|raw|Tungsten Daniel's rating: 1340 &rarr; <strong>1360</strong><br />(+20 for winning)
|raw|eatsleepjdm's rating: 1336 &rarr; <strong>1316</strong><br />(-20 for losing)
|l|☆eatsleepjdm
|player|p2|
|l|☆Tungsten Daniel
|player|p1|
