|j|☆eros maniac
|j|☆151htyrneh
|t:|1760849087
|gametype|singles
|player|p1|eros maniac|hilbert-wonderlauncher|1871
|player|p2|151htyrneh|wallace|1747
|gen|9
|tier|[Gen 9] OU
|rated|
|rule|HP Percentage Mod: HP is shown in percentages
|rule|Endless Battle Clause: Forcing endless battles is banned
|rule|Species Clause: Limit one of each Pokémon
|rule|OHKO Clause: OHKO moves are banned
|rule|Evasion Items Clause: Evasion items are banned
|rule|Evasion Moves Clause: Evasion moves are banned
|rule|Evasion Abilities Clause: Evasion abilities are banned
|rule|Sleep Moves Clause: Sleep-inducing moves are banned
|clearpoke
|poke|p1|Frosmoth, F|
|poke|p1|Maushold-Four|
|poke|p1|Krookodile, M|
|poke|p1|Sinistcha|
|poke|p1|Alomomola, F|
|poke|p1|Weezing-Galar, F|
|poke|p2|Dondozo, M|
|poke|p2|Blissey, F|
|poke|p2|Corviknight, M|
|poke|p2|Weezing-Galar, M|
|poke|p2|Gliscor, M|
|poke|p2|Toxapex, F|
|teampreview
|inactive|Battle timer is ON: inactive players will automatically lose when time's up. (requested by eros maniac)
|
|t:|1760849098
|teamsize|p1|6
|teamsize|p2|6
|start
|switch|p1a: Krookodile|Krookodile, M|100/100
|switch|p2a: Gliscor|Gliscor, M|100/100
|-ability|p1a: Krookodile|Intimidate|boost
|-unboost|p2a: Gliscor|atk|1
|turn|1
|
|t:|1760849102
|switch|p1a: Weezing|Weezing-Galar, F|100/100
|-ability|p1a: Weezing|Neutralizing Gas
|move|p2a: Gliscor|Protect||[still]
|-fail|p2a: Gliscor
|
|-status|p2a: Gliscor|tox|[from] item: Toxic Orb
|upkeep
|turn|2
|
|t:|1760849112
|switch|p2a: Blissey|Blissey, F|100/100
|move|p1a: Weezing|Strange Steam|p2a: Blissey
|-crit|p2a: Blissey
|-damage|p2a: Blissey|87/100
|
|-heal|p2a: Blissey|93/100|[from] item: Leftovers
|upkeep
|turn|3
|
|t:|1760849115
|move|p1a: Weezing|Toxic|p2a: Blissey
|-status|p2a: Blissey|tox
|move|p2a: Blissey|Seismic Toss|p1a: Weezing
|-damage|p1a: Weezing|71/100
|
|-heal|p2a: Blissey|99/100 tox|[from] item: Leftovers
|-damage|p2a: Blissey|93/100 tox|[from] psn
|upkeep
|turn|4
|
|t:|1760849120
|switch|p2a: Toxapex|Toxapex, F|100/100
|move|p1a: Weezing|Strange Steam|p2a: Toxapex
|-resisted|p2a: Toxapex
|-damage|p2a: Toxapex|93/100
|
|-heal|p2a: Toxapex|99/100|[from] item: Leftovers
|upkeep
|turn|5
|
|t:|1760849126
|-end|p1a: Weezing|ability: Neutralizing Gas
|switch|p1a: Krookodile|Krookodile, M|100/100
|-ability|p1a: Krookodile|Intimidate|boost
|-unboost|p2a: Toxapex|atk|1
|move|p2a: Toxapex|Toxic|p1a: Krookodile
|-status|p1a: Krookodile|tox
|
|-heal|p2a: Toxapex|100/100|[from] item: Leftovers
|-damage|p1a: Krookodile|94/100 tox|[from] psn
|upkeep
|turn|6
|
|t:|1760849134
|switch|p2a: Corviknight|Corviknight, M|100/100
|-ability|p2a: Corviknight|Pressure
|move|p1a: Krookodile|Knock Off|p2a: Corviknight
|-damage|p2a: Corviknight|51/100
|-enditem|p2a: Corviknight|Leftovers|[from] move: Knock Off|[of] p1a: Krookodile
|
|-damage|p1a: Krookodile|82/100 tox|[from] psn
|upkeep
|turn|7
|
|t:|1760849141
|switch|p1a: Alomomola|Alomomola, F, shiny|100/100
|move|p2a: Corviknight|Defog|p1a: Alomomola
|-unboost|p1a: Alomomola|evasion|1
|
|upkeep
|turn|8
|
|t:|1760849144
|move|p2a: Corviknight|Roost|p2a: Corviknight
|-heal|p2a: Corviknight|100/100
|-singleturn|p2a: Corviknight|move: Roost
|move|p1a: Alomomola|Flip Turn|p2a: Corviknight
|-damage|p2a: Corviknight|91/100
|l|☆eros maniac
|inactive|eros maniac disconnected and has a minute to reconnect!
|player|p1|
|j|☆eros maniac
|inactive|eros maniac reconnected and has 120 seconds left.
|player|p1|eros maniac|hilbert-wonderlauncher|
|
|t:|1760849180
|switch|p1a: Sinistcha|Sinistcha, shiny|100/100|[from] Flip Turn
|
|upkeep
|turn|9
|
|t:|1760849185
|switch|p2a: Blissey|Blissey, F|93/100 tox
|move|p1a: Sinistcha|Matcha Gotcha|p2a: Blissey
|-damage|p2a: Blissey|82/100 tox
|
|-heal|p2a: Blissey|89/100 tox|[from] item: Leftovers
|-damage|p2a: Blissey|82/100 tox|[from] psn
|upkeep
|turn|10
|
|t:|1760849192
|switch|p1a: Weezing|Weezing-Galar, F|71/100
|-ability|p1a: Weezing|Neutralizing Gas
|switch|p2a: Gliscor|Gliscor, M|100/100 tox
|
|-damage|p2a: Gliscor|94/100 tox|[from] psn
|upkeep
|turn|11
|
|t:|1760849199
|move|p2a: Gliscor|Earthquake|p1a: Weezing
|-supereffective|p1a: Weezing
|-enditem|p1a: Weezing|Shuca Berry|[eat]
|-enditem|p1a: Weezing|Shuca Berry|[weaken]
|-damage|p1a: Weezing|49/100
|move|p1a: Weezing|Pain Split|p2a: Gliscor
|-sethp|p2a: Gliscor|70/100 tox|[from] move: Pain Split|[silent]
|-sethp|p1a: Weezing|74/100|[from] move: Pain Split
|
|-damage|p2a: Gliscor|58/100 tox|[from] psn
|upkeep
|turn|12
|
|t:|1760849209
|move|p2a: Gliscor|Earthquake|p1a: Weezing
|-supereffective|p1a: Weezing
|-damage|p1a: Weezing|30/100
|move|p1a: Weezing|Pain Split|p2a: Gliscor
|-sethp|p2a: Gliscor|43/100 tox|[from] move: Pain Split|[silent]
|-sethp|p1a: Weezing|45/100|[from] move: Pain Split
|
|-damage|p2a: Gliscor|24/100 tox|[from] psn
|upkeep
|turn|13
|
|t:|1760849221
|switch|p2a: Toxapex|Toxapex, F|100/100
|move|p1a: Weezing|Strange Steam|p2a: Toxapex|[miss]
|-miss|p1a: Weezing|p2a: Toxapex
|
|upkeep
|turn|14
|j| Scoob252525
|
|t:|1760849226
|switch|p2a: Gliscor|Gliscor, M|24/100 tox
|move|p1a: Weezing|Strange Steam|p2a: Gliscor
|-crit|p2a: Gliscor
|-damage|p2a: Gliscor|0 fnt
|faint|p2a: Gliscor
|
|upkeep
|
|t:|1760849232
|switch|p2a: Blissey|Blissey, F|82/100 tox
|turn|15
|
|t:|1760849238
|move|p1a: Weezing|Pain Split|p2a: Blissey
|-sethp|p2a: Blissey|53/100 tox|[from] move: Pain Split|[silent]
|-sethp|p1a: Weezing|100/100|[from] move: Pain Split
|move|p2a: Blissey|Seismic Toss|p1a: Weezing
|-damage|p1a: Weezing|71/100
|
|-heal|p2a: Blissey|59/100 tox|[from] item: Leftovers
|-damage|p2a: Blissey|53/100 tox|[from] psn
|upkeep
|turn|16
|
|t:|1760849244
|move|p1a: Weezing|Strange Steam|p2a: Blissey
|-damage|p2a: Blissey|44/100 tox
|move|p2a: Blissey|Soft-Boiled|p2a: Blissey
|-heal|p2a: Blissey|94/100 tox
|
|-heal|p2a: Blissey|100/100 tox|[from] item: Leftovers
|-damage|p2a: Blissey|88/100 tox|[from] psn
|upkeep
|turn|17
|
|t:|1760849248
|switch|p2a: Toxapex|Toxapex, F|100/100
|move|p1a: Weezing|Pain Split|p2a: Toxapex
|-sethp|p2a: Toxapex|89/100|[from] move: Pain Split|[silent]
|-sethp|p1a: Weezing|81/100|[from] move: Pain Split
|
|-heal|p2a: Toxapex|95/100|[from] item: Leftovers
|upkeep
|turn|18
|
|t:|1760849256
|-end|p1a: Weezing|ability: Neutralizing Gas
|switch|p1a: Krookodile|Krookodile, M|82/100 tox
|-ability|p1a: Krookodile|Intimidate|boost
|-unboost|p2a: Toxapex|atk|1
|move|p2a: Toxapex|Toxic Spikes|p1a: Krookodile
|-sidestart|p1: eros maniac|move: Toxic Spikes
|
|-heal|p2a: Toxapex|100/100|[from] item: Leftovers
|-damage|p1a: Krookodile|76/100 tox|[from] psn
|upkeep
|turn|19
|
|t:|1760849261
|switch|p1a: Weezing|Weezing-Galar, F|81/100
|-ability|p1a: Weezing|Neutralizing Gas
|-sideend|p1: eros maniac|move: Toxic Spikes|[of] p1a: Weezing
|switch|p2a: Corviknight|Corviknight, M|91/100
|
|upkeep
|turn|20
|
|t:|1760849264
|switch|p2a: Toxapex|Toxapex, F|100/100
|-end|p1a: Weezing|ability: Neutralizing Gas
|switch|p1a: Alomomola|Alomomola, F, shiny|100/100
|
|upkeep
|turn|21
|
|t:|1760849272
|move|p1a: Alomomola|Flip Turn|p2a: Toxapex
|-resisted|p2a: Toxapex
|-damage|p2a: Toxapex|95/100
|
|t:|1760849274
|switch|p1a: Krookodile|Krookodile, M|76/100 tox|[from] Flip Turn
|-ability|p1a: Krookodile|Intimidate|boost
|-unboost|p2a: Toxapex|atk|1
|move|p2a: Toxapex|Toxic Spikes|p1a: Krookodile
|-sidestart|p1: eros maniac|move: Toxic Spikes
|
|-heal|p2a: Toxapex|100/100|[from] item: Leftovers
|-damage|p1a: Krookodile|70/100 tox|[from] psn
|upkeep
|turn|22
|
|t:|1760849278
|switch|p2a: Corviknight|Corviknight, M|91/100
|-ability|p2a: Corviknight|Pressure
|move|p1a: Krookodile|Knock Off|p2a: Corviknight
|-damage|p2a: Corviknight|57/100
|
|-damage|p1a: Krookodile|58/100 tox|[from] psn
|upkeep
|turn|23
|
|t:|1760849282
|move|p1a: Krookodile|Knock Off|p2a: Corviknight
|-damage|p2a: Corviknight|24/100
|move|p2a: Corviknight|Roost|p2a: Corviknight
|-heal|p2a: Corviknight|74/100
|-singleturn|p2a: Corviknight|move: Roost
|
|-damage|p1a: Krookodile|40/100 tox|[from] psn
|upkeep
|turn|24
|
|t:|1760849289
|switch|p1a: Weezing|Weezing-Galar, F|81/100
|-ability|p1a: Weezing|Neutralizing Gas
|-sideend|p1: eros maniac|move: Toxic Spikes|[of] p1a: Weezing
|move|p2a: Corviknight|Body Press|p1a: Weezing
|-resisted|p1a: Weezing
|-damage|p1a: Weezing|76/100
|
|upkeep
|turn|25
|
|t:|1760849291
|switch|p2a: Toxapex|Toxapex, F|100/100
|-end|p1a: Weezing|ability: Neutralizing Gas
|switch|p1a: Alomomola|Alomomola, F, shiny|100/100
|
|upkeep
|turn|26
|
|t:|1760849295
|move|p1a: Alomomola|Wish|p1a: Alomomola
|move|p2a: Toxapex|Toxic Spikes|p1a: Alomomola
|-sidestart|p1: eros maniac|move: Toxic Spikes
|
|upkeep
|turn|27
|
|t:|1760849306
|switch|p2a: Weezing|Weezing-Galar, M|100/100
|-ability|p2a: Weezing|Neutralizing Gas
|move|p1a: Alomomola|Flip Turn|p2a: Weezing
|-damage|p2a: Weezing|89/100
|
|t:|1760849310
|switch|p1a: Krookodile|Krookodile, M|40/100 tox|[from] Flip Turn
|
|-heal|p1a: Krookodile|100/100 tox|[from] move: Wish|[wisher] Alomomola
|-damage|p1a: Krookodile|94/100 tox|[from] psn
|upkeep
|turn|28
|
|t:|1760849314
|-end|p2a: Weezing|ability: Neutralizing Gas
|-ability|p1a: Krookodile|Intimidate|boost
|-unboost|p2a: Weezing|atk|1
|switch|p2a: Corviknight|Corviknight, M|74/100
|-ability|p2a: Corviknight|Pressure
|move|p1a: Krookodile|Knock Off|p2a: Corviknight
|-damage|p2a: Corviknight|45/100
|
|-damage|p1a: Krookodile|82/100 tox|[from] psn
|upkeep
|turn|29
|
|t:|1760849320
|move|p1a: Krookodile|Knock Off|p2a: Corviknight
|-damage|p2a: Corviknight|16/100
|move|p2a: Corviknight|Roost|p2a: Corviknight
|-heal|p2a: Corviknight|66/100
|-singleturn|p2a: Corviknight|move: Roost
|
|-damage|p1a: Krookodile|64/100 tox|[from] psn
|upkeep
|turn|30
|
|t:|1760849325
|switch|p2a: Weezing|Weezing-Galar, M|89/100
|-ability|p2a: Weezing|Neutralizing Gas
|move|p1a: Krookodile|Knock Off|p2a: Weezing
|-resisted|p2a: Weezing
|-damage|p2a: Weezing|63/100
|-enditem|p2a: Weezing|Heavy-Duty Boots|[from] move: Knock Off|[of] p1a: Krookodile
|
|-damage|p1a: Krookodile|40/100 tox|[from] psn
|upkeep
|turn|31
|
|t:|1760849331
|switch|p1a: Weezing|Weezing-Galar, F|76/100
|-ability|p1a: Weezing|Neutralizing Gas
|-sideend|p1: eros maniac|move: Toxic Spikes|[of] p1a: Weezing
|move|p2a: Weezing|Will-O-Wisp|p1a: Weezing
|-status|p1a: Weezing|brn
|
|-damage|p1a: Weezing|70/100 brn|[from] brn
|upkeep
|turn|32
|
|t:|1760849338
|move|p1a: Weezing|Pain Split|p2a: Weezing
|-sethp|p2a: Weezing|66/100|[from] move: Pain Split|[silent]
|-sethp|p1a: Weezing|66/100 brn|[from] move: Pain Split
|move|p2a: Weezing|Strange Steam|p1a: Weezing
|-resisted|p1a: Weezing
|-damage|p1a: Weezing|47/100 brn
|-start|p1a: Weezing|confusion
|
|-damage|p1a: Weezing|41/100 brn|[from] brn
|upkeep
|turn|33
|
|t:|1760849350
|switch|p1a: Alomomola|Alomomola, F, shiny|100/100
|move|p2a: Weezing|Strange Steam|p1a: Alomomola
|-damage|p1a: Alomomola|76/100
|-start|p1a: Alomomola|confusion
|
|upkeep
|turn|34
|
|t:|1760849355
|switch|p1a: Sinistcha|Sinistcha, shiny|100/100
|move|p2a: Weezing|Will-O-Wisp|p1a: Sinistcha|[miss]
|-miss|p2a: Weezing|p1a: Sinistcha
|
|upkeep
|turn|35
|
|t:|1760849363
|-end|p2a: Weezing|ability: Neutralizing Gas
|switch|p2a: Blissey|Blissey, F|88/100 tox
|move|p1a: Sinistcha|Matcha Gotcha|p2a: Blissey
|-damage|p2a: Blissey|78/100 tox
|
|-heal|p2a: Blissey|84/100 tox|[from] item: Leftovers
|-damage|p2a: Blissey|78/100 tox|[from] psn
|upkeep
|turn|36
|
|t:|1760849366
|switch|p1a: Weezing|Weezing-Galar, F|41/100 brn
|-ability|p1a: Weezing|Neutralizing Gas
|switch|p2a: Weezing|Weezing-Galar, M|66/100
|-ability|p2a: Weezing|Neutralizing Gas
|
|-damage|p1a: Weezing|35/100 brn|[from] brn
|upkeep
|turn|37
|
|t:|1760849370
|switch|p2a: Blissey|Blissey, F|78/100 tox
|move|p1a: Weezing|Pain Split|p2a: Blissey
|-sethp|p2a: Blissey|48/100 tox|[from] move: Pain Split|[silent]
|-sethp|p1a: Weezing|94/100 brn|[from] move: Pain Split
|
|-heal|p2a: Blissey|54/100 tox|[from] item: Leftovers
|-damage|p2a: Blissey|48/100 tox|[from] psn
|-damage|p1a: Weezing|88/100 brn|[from] brn
|upkeep
|turn|38
|
|t:|1760849373
|switch|p2a: Weezing|Weezing-Galar, M|66/100
|-ability|p2a: Weezing|Neutralizing Gas
|move|p1a: Weezing|Strange Steam|p2a: Weezing
|-resisted|p2a: Weezing
|-damage|p2a: Weezing|48/100
|
|-damage|p1a: Weezing|82/100 brn|[from] brn
|upkeep
|turn|39
|
|t:|1760849376
|switch|p1a: Sinistcha|Sinistcha, shiny|100/100
|move|p2a: Weezing|Pain Split|p1a: Sinistcha
|-sethp|p1a: Sinistcha|74/100|[from] move: Pain Split|[silent]
|-sethp|p2a: Weezing|76/100|[from] move: Pain Split
|
|upkeep
|turn|40
|
|t:|1760849381
|-end|p2a: Weezing|ability: Neutralizing Gas
|switch|p2a: Toxapex|Toxapex, F|100/100
|move|p1a: Sinistcha|Matcha Gotcha|p2a: Toxapex
|-damage|p2a: Toxapex|81/100
|-heal|p1a: Sinistcha|82/100|[from] drain|[of] p2a: Toxapex
|
|-heal|p2a: Toxapex|87/100|[from] item: Leftovers
|upkeep
|turn|41
|
|t:|1760849386
|switch|p1a: Alomomola|Alomomola, F, shiny|76/100
|move|p2a: Toxapex|Toxic|p1a: Alomomola
|-status|p1a: Alomomola|tox
|
|-heal|p2a: Toxapex|93/100|[from] item: Leftovers
|-damage|p1a: Alomomola|70/100 tox|[from] psn
|upkeep
|turn|42
|
|t:|1760849389
|move|p1a: Alomomola|Wish|p1a: Alomomola
|move|p2a: Toxapex|Toxic|p1a: Alomomola
|-fail|p1a: Alomomola|tox
|
|-heal|p2a: Toxapex|99/100|[from] item: Leftovers
|-damage|p1a: Alomomola|57/100 tox|[from] psn
|upkeep
|turn|43
|
|t:|1760849392
|switch|p1a: Krookodile|Krookodile, M|40/100 tox
|-ability|p1a: Krookodile|Intimidate|boost
|-unboost|p2a: Toxapex|atk|1
|move|p2a: Toxapex|Toxic|p1a: Krookodile
|-fail|p1a: Krookodile|tox
|
|-heal|p1a: Krookodile|100/100 tox|[from] move: Wish|[wisher] Alomomola
|-heal|p2a: Toxapex|100/100|[from] item: Leftovers
|-damage|p1a: Krookodile|94/100 tox|[from] psn
|upkeep
|turn|44
|
|t:|1760849404
|switch|p2a: Corviknight|Corviknight, M|66/100
|-ability|p2a: Corviknight|Pressure
|move|p1a: Krookodile|Earthquake|p2a: Corviknight
|-immune|p2a: Corviknight
|
|-damage|p1a: Krookodile|82/100 tox|[from] psn
|upkeep
|turn|45
|
|t:|1760849409
|switch|p1a: Alomomola|Alomomola, F, shiny|91/100 tox
|switch|p2a: Weezing|Weezing-Galar, M|76/100
|-ability|p2a: Weezing|Neutralizing Gas
|
|-damage|p1a: Alomomola|84/100 tox|[from] psn
|upkeep
|turn|46
|
|t:|1760849416
|move|p2a: Weezing|Strange Steam|p1a: Alomomola
|-damage|p1a: Alomomola|57/100 tox
|move|p1a: Alomomola|Mirror Coat|p2a: Weezing
|-damage|p2a: Weezing|0 fnt
|faint|p2a: Weezing
|-end|p2a: Weezing|ability: Neutralizing Gas
|
|-damage|p1a: Alomomola|45/100 tox|[from] psn
|upkeep
|
|t:|1760849425
|switch|p2a: Blissey|Blissey, F|48/100 tox
|turn|47
|
|t:|1760849429
|switch|p1a: Weezing|Weezing-Galar, F|82/100 brn
|-ability|p1a: Weezing|Neutralizing Gas
|move|p2a: Blissey|Stealth Rock|p1a: Weezing
|-sidestart|p1: eros maniac|move: Stealth Rock
|
|-heal|p2a: Blissey|54/100 tox|[from] item: Leftovers
|-damage|p2a: Blissey|48/100 tox|[from] psn
|-damage|p1a: Weezing|76/100 brn|[from] brn
|upkeep
|turn|48
|
|t:|1760849432
|switch|p2a: Toxapex|Toxapex, F|100/100
|move|p1a: Weezing|Defog|p2a: Toxapex
|-unboost|p2a: Toxapex|evasion|1
|-sideend|p1: eros maniac|Stealth Rock|[from] move: Defog|[of] p1a: Weezing
|
|-damage|p1a: Weezing|70/100 brn|[from] brn
|upkeep
|turn|49
|
|t:|1760849438
|-end|p1a: Weezing|ability: Neutralizing Gas
|switch|p1a: Maushold|Maushold-Four|100/100
|switch|p2a: Blissey|Blissey, F|48/100 tox
|
|-heal|p2a: Blissey|54/100 tox|[from] item: Leftovers
|-damage|p2a: Blissey|48/100 tox|[from] psn
|upkeep
|turn|50
|
|t:|1760849452
|-curestatus|p2a: Blissey|tox|[from] ability: Natural Cure
|switch|p2a: Dondozo|Dondozo, M|100/100
|move|p1a: Maushold|Population Bomb|p2a: Dondozo
|-damage|p2a: Dondozo|95/100
|-damage|p2a: Dondozo|90/100
|-damage|p2a: Dondozo|85/100
|-damage|p2a: Dondozo|80/100
|-damage|p2a: Dondozo|75/100
|-damage|p2a: Dondozo|71/100
|-damage|p2a: Dondozo|66/100
|-damage|p2a: Dondozo|61/100
|-damage|p2a: Dondozo|56/100
|-damage|p2a: Dondozo|51/100
|-hitcount|p2a: Dondozo|10
|
|-heal|p2a: Dondozo|57/100|[from] item: Leftovers
|upkeep
|turn|51
|
|t:|1760849459
|move|p1a: Maushold|Population Bomb|p2a: Dondozo
|-damage|p2a: Dondozo|52/100
|-hitcount|p2a: Dondozo|1
|move|p2a: Dondozo|Rest|p2a: Dondozo
|-status|p2a: Dondozo|slp|[from] move: Rest
|-heal|p2a: Dondozo|100/100 slp|[silent]
|
|upkeep
|turn|52
|
|t:|1760849463
|switch|p2a: Corviknight|Corviknight, M|66/100
|-ability|p2a: Corviknight|Pressure
|move|p1a: Maushold|Population Bomb|p2a: Corviknight
|-resisted|p2a: Corviknight
|-damage|p2a: Corviknight|63/100
|-resisted|p2a: Corviknight
|-damage|p2a: Corviknight|60/100
|-resisted|p2a: Corviknight
|-damage|p2a: Corviknight|57/100
|-resisted|p2a: Corviknight
|-damage|p2a: Corviknight|53/100
|-resisted|p2a: Corviknight
|-damage|p2a: Corviknight|50/100
|-resisted|p2a: Corviknight
|-damage|p2a: Corviknight|47/100
|-resisted|p2a: Corviknight
|-damage|p2a: Corviknight|43/100
|-resisted|p2a: Corviknight
|-damage|p2a: Corviknight|40/100
|-resisted|p2a: Corviknight
|-damage|p2a: Corviknight|37/100
|-resisted|p2a: Corviknight
|-damage|p2a: Corviknight|33/100
|-hitcount|p2a: Corviknight|10
|
|upkeep
|turn|53
|
|t:|1760849469
|move|p1a: Maushold|Population Bomb|p2a: Corviknight
|-resisted|p2a: Corviknight
|-damage|p2a: Corviknight|30/100
|-resisted|p2a: Corviknight
|-damage|p2a: Corviknight|27/100
|-resisted|p2a: Corviknight
|-damage|p2a: Corviknight|23/100
|-resisted|p2a: Corviknight
|-damage|p2a: Corviknight|20/100
|-resisted|p2a: Corviknight
|-damage|p2a: Corviknight|16/100
|-resisted|p2a: Corviknight
|-damage|p2a: Corviknight|13/100
|-resisted|p2a: Corviknight
|-damage|p2a: Corviknight|10/100
|-resisted|p2a: Corviknight
|-damage|p2a: Corviknight|7/100
|-resisted|p2a: Corviknight
|-damage|p2a: Corviknight|3/100
|-resisted|p2a: Corviknight
|-damage|p2a: Corviknight|0 fnt
|faint|p2a: Corviknight
|-hitcount|p2: Corviknight|10
|
|upkeep
|
|t:|1760849480
|switch|p2a: Toxapex|Toxapex, F|100/100
|turn|54
|
|t:|1760849483
|move|p1a: Maushold|Population Bomb|p2a: Toxapex
|-damage|p2a: Toxapex|92/100
|-damage|p2a: Toxapex|83/100
|-damage|p2a: Toxapex|74/100
|-crit|p2a: Toxapex
|-damage|p2a: Toxapex|61/100
|-damage|p2a: Toxapex|53/100
|-damage|p2a: Toxapex|45/100
|-damage|p2a: Toxapex|36/100
|-damage|p2a: Toxapex|27/100
|-damage|p2a: Toxapex|17/100
|-damage|p2a: Toxapex|8/100
|-hitcount|p2a: Toxapex|10
|move|p2a: Toxapex|Toxic|p1a: Maushold
|-status|p1a: Maushold|tox
|
|-heal|p2a: Toxapex|14/100|[from] item: Leftovers
|-damage|p1a: Maushold|94/100 tox|[from] psn
|upkeep
|turn|55
|
|t:|1760849488
|switch|p2a: Dondozo|Dondozo, M|100/100 slp
|move|p1a: Maushold|Population Bomb|p2a: Dondozo
|-damage|p2a: Dondozo|96/100 slp
|-damage|p2a: Dondozo|90/100 slp
|-damage|p2a: Dondozo|85/100 slp
|-damage|p2a: Dondozo|81/100 slp
|-damage|p2a: Dondozo|76/100 slp
|-damage|p2a: Dondozo|70/100 slp
|-damage|p2a: Dondozo|65/100 slp
|-damage|p2a: Dondozo|60/100 slp
|-damage|p2a: Dondozo|55/100 slp
|-damage|p2a: Dondozo|50/100 slp
|-hitcount|p2a: Dondozo|10
|
|-heal|p2a: Dondozo|56/100 slp|[from] item: Leftovers
|-damage|p1a: Maushold|82/100 tox|[from] psn
|upkeep
|turn|56
|
|t:|1760849494
|move|p1a: Maushold|Population Bomb|p2a: Dondozo
|-damage|p2a: Dondozo|50/100 slp
|-damage|p2a: Dondozo|46/100 slp
|-damage|p2a: Dondozo|41/100 slp
|-damage|p2a: Dondozo|36/100 slp
|-damage|p2a: Dondozo|31/100 slp
|-damage|p2a: Dondozo|26/100 slp
|-damage|p2a: Dondozo|21/100 slp
|-damage|p2a: Dondozo|16/100 slp
|-damage|p2a: Dondozo|11/100 slp
|-damage|p2a: Dondozo|6/100 slp
|-hitcount|p2a: Dondozo|10
|cant|p2a: Dondozo|slp
|move|p2a: Dondozo|Sleep Talk|p2a: Dondozo
|move|p2a: Dondozo|Body Press|p1a: Maushold|[from] move: Sleep Talk
|-supereffective|p1a: Maushold
|-damage|p1a: Maushold|0 fnt
|faint|p1a: Maushold
|
|-heal|p2a: Dondozo|12/100 slp|[from] item: Leftovers
|upkeep
|
|t:|1760849497
|switch|p1a: Krookodile|Krookodile, M|82/100 tox
|-ability|p1a: Krookodile|Intimidate|boost
|-unboost|p2a: Dondozo|atk|1
|turn|57
|
|t:|1760849500
|move|p1a: Krookodile|Earthquake|p2a: Dondozo
|-damage|p2a: Dondozo|0 fnt
|faint|p2a: Dondozo
|
|-damage|p1a: Krookodile|76/100 tox|[from] psn
|upkeep
|
|t:|1760849503
|switch|p2a: Toxapex|Toxapex, F|48/100
|turn|58
|-message|151htyrneh forfeited.
|
|win|eros maniac
|raw|eros maniac's rating: 1871 &rarr; <strong>1884</strong><br />(+13 for winning)
|raw|151htyrneh's rating: 1747 &rarr; <strong>1734</strong><br />(-13 for losing)
|c|☆eros maniac|Gg
|l|☆eros maniac
|player|p1|
|l|☆151htyrneh
|player|p2|
