|j|‽Lucid Coffee
|j|☆fafewf
|t:|1760721064
|gametype|singles
|player|p1|Lucid Coffee|blue|1579
|player|p2|fafewf|wallace|1631
|gen|9
|tier|[Gen 9] OU
|rated|
|rule|HP Percentage Mod: HP is shown in percentages
|rule|Endless Battle Clause: Forcing endless battles is banned
|rule|Species Clause: Limit one of each Pokémon
|rule|OHKO Clause: OHKO moves are banned
|rule|Evasion Items Clause: Evasion items are banned
|rule|Evasion Moves Clause: Evasion moves are banned
|rule|Evasion Abilities Clause: Evasion abilities are banned
|rule|Sleep Moves Clause: Sleep-inducing moves are banned
|clearpoke
|poke|p1|Kyurem|
|poke|p1|Landorus-Therian, M|
|poke|p1|Kingambit, F|
|poke|p1|Zamazenta-*|
|poke|p1|Great Tusk|
|poke|p1|Zapdos|
|poke|p2|Suicune|
|poke|p2|Garchomp, M|
|poke|p2|Gholdengo|
|poke|p2|Chesnaught, M|
|poke|p2|Cyclizar, M|
|poke|p2|Gliscor, F|
|teampreview
|
|t:|1760721079
|teamsize|p1|6
|teamsize|p2|6
|start
|switch|p1a: Kyurem|Kyurem|100/100
|switch|p2a: Chesnaught|Chesnaught, M|100/100
|-ability|p1a: Kyurem|Pressure
|turn|1
|
|t:|1760721087
|switch|p2a: Gholdengo|Gholdengo|100/100
|-terastallize|p1a: Kyurem|Fairy
|move|p1a: Kyurem|Ice Beam|p2a: Gholdengo
|-resisted|p2a: Gholdengo
|-damage|p2a: Gholdengo|71/100
|
|upkeep
|turn|2
|
|t:|1760721096
|switch|p1a: Zapdos|Zapdos|100/100
|move|p2a: Gholdengo|Make It Rain|p1a: Zapdos
|-resisted|p1a: Zapdos
|-damage|p1a: Zapdos|74/100
|-unboost|p2a: Gholdengo|spa|1
|
|upkeep
|turn|3
|
|t:|1760721102
|switch|p2a: Gliscor|Gliscor, F|100/100
|switch|p1a: Kyurem|Kyurem, tera:Fairy|100/100
|-ability|p1a: Kyurem|Pressure
|
|-status|p2a: Gliscor|tox|[from] item: Toxic Orb
|upkeep
|turn|4
|
|t:|1760721116
|move|p2a: Gliscor|Protect|p2a: Gliscor
|-singleturn|p2a: Gliscor|Protect
|move|p1a: Kyurem|Freeze-Dry|p2a: Gliscor
|-activate|p2a: Gliscor|move: Protect
|
|upkeep
|turn|5
|
|t:|1760721127
|switch|p2a: Cyclizar|Cyclizar, M|100/100
|move|p1a: Kyurem|Freeze-Dry|p2a: Cyclizar
|-supereffective|p2a: Cyclizar
|-damage|p2a: Cyclizar|27/100
|
|upkeep
|turn|6
|
|t:|1760721139
|switch|p2a: Gholdengo|Gholdengo|71/100
|move|p1a: Kyurem|Freeze-Dry|p2a: Gholdengo
|-resisted|p2a: Gholdengo
|-damage|p2a: Gholdengo|50/100
|
|upkeep
|turn|7
|
|t:|1760721144
|switch|p1a: Zapdos|Zapdos|74/100
|move|p2a: Gholdengo|Recover|p2a: Gholdengo
|-heal|p2a: Gholdengo|99/100
|
|upkeep
|turn|8
|
|t:|1760721151
|switch|p2a: Table setter|Garchomp, M|100/100
|move|p1a: Zapdos|Volt Switch|p2a: Table setter
|-immune|p2a: Table setter
|
|upkeep
|turn|9
|
|t:|1760721158
|switch|p1a: Landorus|Landorus-Therian, M|100/100
|-ability|p1a: Landorus|Intimidate|boost
|-unboost|p2a: Table setter|atk|1
|move|p2a: Table setter|Stealth Rock|p1a: Landorus
|-sidestart|p1: Lucid Coffee|move: Stealth Rock
|
|upkeep
|turn|10
|
|t:|1760721162
|move|p1a: Landorus|Stealth Rock|p2a: Table setter
|-sidestart|p2: fafewf|move: Stealth Rock
|move|p2a: Table setter|Spikes|p1a: Landorus
|-sidestart|p1: Lucid Coffee|Spikes
|
|upkeep
|turn|11
|
|t:|1760721167
|move|p1a: Landorus|Earth Power|p2a: Table setter
|-damage|p2a: Table setter|69/100
|move|p2a: Table setter|Dragon Tail|p1a: Landorus
|-damage|p1a: Landorus|82/100
|-damage|p2a: Table setter|52/100|[from] item: Rocky Helmet|[of] p1a: Landorus
|drag|p1a: Kingambit|Kingambit, F|100/100
|-damage|p1a: Kingambit|94/100|[from] Stealth Rock
|-damage|p1a: Kingambit|82/100|[from] Spikes
|
|-heal|p1a: Kingambit|88/100|[from] item: Leftovers
|upkeep
|turn|12
|
|t:|1760721177
|-end|p1a: Kingambit|fallenundefined|[silent]
|switch|p1a: Landorus|Landorus-Therian, M|82/100
|-damage|p1a: Landorus|70/100|[from] Stealth Rock
|-ability|p1a: Landorus|Intimidate|boost
|-unboost|p2a: Table setter|atk|1
|move|p2a: Table setter|Earthquake|p1a: Landorus
|-immune|p1a: Landorus
|
|upkeep
|turn|13
|
|t:|1760721189
|switch|p2a: Cyclizar|Cyclizar, M|60/100
|-damage|p2a: Cyclizar|47/100|[from] Stealth Rock
|move|p1a: Landorus|Earth Power|p2a: Cyclizar
|-damage|p2a: Cyclizar|19/100
|-unboost|p2a: Cyclizar|spd|1
|
|upkeep
|turn|14
|
|t:|1760721197
|move|p2a: Cyclizar|U-turn|p1a: Landorus
|-resisted|p1a: Landorus
|-damage|p1a: Landorus|62/100
|-damage|p2a: Cyclizar|2/100|[from] item: Rocky Helmet|[of] p1a: Landorus
|
|t:|1760721200
|switch|p2a: Gliscor|Gliscor, F|100/100 tox|[from] U-turn
|-damage|p2a: Gliscor|88/100 tox|[from] Stealth Rock
|move|p1a: Landorus|U-turn|p2a: Gliscor
|-resisted|p2a: Gliscor
|-damage|p2a: Gliscor|79/100 tox
|
|t:|1760721204
|switch|p1a: Great Tusk|Great Tusk|100/100|[from] U-turn
|
|-heal|p2a: Gliscor|92/100 tox|[from] ability: Poison Heal
|upkeep
|turn|15
|
|t:|1760721225
|switch|p2a: Gholdengo|Gholdengo|99/100
|-damage|p2a: Gholdengo|94/100|[from] Stealth Rock
|move|p1a: Great Tusk|Ice Spinner|p2a: Gholdengo
|-resisted|p2a: Gholdengo
|-damage|p2a: Gholdengo|77/100
|
|upkeep
|turn|16
|
|t:|1760721238
|switch|p2a: Chesnaught|Chesnaught, M|100/100
|-damage|p2a: Chesnaught|94/100|[from] Stealth Rock
|move|p1a: Great Tusk|Knock Off|p2a: Chesnaught
|-resisted|p2a: Chesnaught
|-damage|p2a: Chesnaught|82/100
|-enditem|p2a: Chesnaught|Leftovers|[from] move: Knock Off|[of] p1a: Great Tusk
|
|upkeep
|turn|17
|inactive|Battle timer is ON: inactive players will automatically lose when time's up. (requested by Lucid Coffee)
|
|t:|1760721271
|move|p1a: Great Tusk|Rapid Spin|p2a: Chesnaught
|-damage|p2a: Chesnaught|68/100
|-boost|p1a: Great Tusk|spe|1
|-sideend|p1: Lucid Coffee|Spikes|[from] move: Rapid Spin|[of] p1a: Great Tusk
|-sideend|p1: Lucid Coffee|Stealth Rock|[from] move: Rapid Spin|[of] p1a: Great Tusk
|move|p2a: Chesnaught|Leech Seed|p1a: Great Tusk
|-start|p1a: Great Tusk|move: Leech Seed
|
|-damage|p1a: Great Tusk|88/100|[from] Leech Seed|[of] p2a: Chesnaught
|-heal|p2a: Chesnaught|80/100|[silent]
|upkeep
|turn|18
|
|t:|1760721285
|-end|p1a: Great Tusk|Protosynthesis|[silent]
|switch|p1a: Kyurem|Kyurem, tera:Fairy|100/100
|-ability|p1a: Kyurem|Pressure
|move|p2a: Chesnaught|Leech Seed|p1a: Kyurem
|-start|p1a: Kyurem|move: Leech Seed
|
|-damage|p1a: Kyurem|88/100|[from] Leech Seed|[of] p2a: Chesnaught
|-heal|p2a: Chesnaught|95/100|[silent]
|upkeep
|turn|19
|
|t:|1760721308
|switch|p1a: Zapdos|Zapdos|74/100
|switch|p2a: Main course|Suicune|100/100
|-damage|p2a: Main course|88/100|[from] Stealth Rock
|-ability|p2a: Main course|Pressure
|
|-heal|p2a: Main course|94/100|[from] item: Leftovers
|upkeep
|turn|20
|
|t:|1760721317
|move|p2a: Main course|Protect|p2a: Main course
|-singleturn|p2a: Main course|Protect
|move|p1a: Zapdos|Volt Switch|p2a: Main course
|-activate|p2a: Main course|move: Protect
|
|-heal|p2a: Main course|100/100|[from] item: Leftovers
|upkeep
|turn|21
|
|t:|1760721324
|switch|p1a: Kyurem|Kyurem, tera:Fairy|88/100
|-ability|p1a: Kyurem|Pressure
|switch|p2a: Gliscor|Gliscor, F|92/100 tox
|-damage|p2a: Gliscor|79/100 tox|[from] Stealth Rock
|
|-heal|p2a: Gliscor|92/100 tox|[from] ability: Poison Heal
|upkeep
|turn|22
|
|t:|1760721343
|switch|p2a: Gholdengo|Gholdengo|77/100
|-damage|p2a: Gholdengo|71/100|[from] Stealth Rock
|move|p1a: Kyurem|Ice Beam|p2a: Gholdengo
|-resisted|p2a: Gholdengo
|-damage|p2a: Gholdengo|43/100
|
|upkeep
|turn|23
|
|t:|1760721358
|switch|p1a: Kingambit|Kingambit, F|88/100
|move|p2a: Gholdengo|Recover|p2a: Gholdengo
|-heal|p2a: Gholdengo|93/100
|
|-heal|p1a: Kingambit|94/100|[from] item: Leftovers
|upkeep
|turn|24
|
|t:|1760721369
|switch|p2a: Chesnaught|Chesnaught, M|95/100
|-damage|p2a: Chesnaught|89/100|[from] Stealth Rock
|-end|p1a: Kingambit|fallenundefined|[silent]
|switch|p1a: Kyurem|Kyurem, tera:Fairy|88/100
|-ability|p1a: Kyurem|Pressure
|
|upkeep
|turn|25
|
|t:|1760721379
|move|p1a: Kyurem|Ice Beam|p2a: Chesnaught
|-supereffective|p2a: Chesnaught
|-damage|p2a: Chesnaught|14/100
|move|p2a: Chesnaught|Leech Seed|p1a: Kyurem
|-start|p1a: Kyurem|move: Leech Seed
|
|-damage|p1a: Kyurem|76/100|[from] Leech Seed|[of] p2a: Chesnaught
|-heal|p2a: Chesnaught|28/100|[silent]
|upkeep
|turn|26
|
|t:|1760721389
|switch|p2a: Gholdengo|Gholdengo|93/100
|-damage|p2a: Gholdengo|87/100|[from] Stealth Rock
|move|p1a: Kyurem|Earth Power|p2a: Gholdengo
|-supereffective|p2a: Gholdengo
|-damage|p2a: Gholdengo|3/100
|
|-damage|p1a: Kyurem|63/100|[from] Leech Seed|[of] p2a: Gholdengo
|-heal|p2a: Gholdengo|20/100|[silent]
|upkeep
|turn|27
|
|t:|1760721396
|switch|p1a: Zapdos|Zapdos|74/100
|move|p2a: Gholdengo|Recover|p2a: Gholdengo
|-heal|p2a: Gholdengo|71/100
|
|upkeep
|turn|28
|
|t:|1760721401
|switch|p2a: Table setter|Garchomp, M|52/100
|-damage|p2a: Table setter|46/100|[from] Stealth Rock
|move|p1a: Zapdos|Heat Wave|p2a: Table setter
|-resisted|p2a: Table setter
|-damage|p2a: Table setter|32/100
|
|upkeep
|turn|29
|
|t:|1760721410
|move|p1a: Zapdos|Hurricane|p2a: Table setter
|-damage|p2a: Table setter|0 fnt
|faint|p2a: Table setter
|
|upkeep
|-message|fafewf forfeited.
|
|win|Lucid Coffee
|raw|Lucid Coffee's rating: 1579 &rarr; <strong>1602</strong><br />(+23 for winning)
|raw|fafewf's rating: 1631 &rarr; <strong>1608</strong><br />(-23 for losing)
|l|☆fafewf
|player|p2|
|l|‽Lucid Coffee
|player|p1|
