|j|‽firepowah
|j|☆olaf-18
|t:|1760839720
|gametype|singles
|player|p1|firepowah|265|1478
|player|p2|olaf-18|102|1533
|gen|9
|tier|[Gen 9] OU
|rated|
|rule|HP Percentage Mod: HP is shown in percentages
|rule|Endless Battle Clause: Forcing endless battles is banned
|rule|Species Clause: Limit one of each Pokémon
|rule|OHKO Clause: OHKO moves are banned
|rule|Evasion Items Clause: Evasion items are banned
|rule|Evasion Moves Clause: Evasion moves are banned
|rule|Evasion Abilities Clause: Evasion abilities are banned
|rule|Sleep Moves Clause: Sleep-inducing moves are banned
|clearpoke
|poke|p1|Ting-Lu|
|poke|p1|Gholdengo|
|poke|p1|Zapdos|
|poke|p1|Iron Crown|
|poke|p1|Rillaboom, M|
|poke|p1|Dragonite, M|
|poke|p2|Slowking-Galar, M|
|poke|p2|Armarouge, F|
|poke|p2|Gholdengo|
|poke|p2|Ursaluna, M|
|poke|p2|Regidrago|
|poke|p2|Whimsicott, F|
|teampreview
|
|t:|1760839726
|teamsize|p1|6
|teamsize|p2|6
|start
|switch|p1a: Ting-Lu|Ting-Lu|100/100
|switch|p2a: Whimsicott|Whimsicott, F|100/100
|-ability|p1a: Ting-Lu|Vessel of Ruin
|turn|1
|
|t:|1760839776
|switch|p2a: Regidrago|Regidrago|100/100
|move|p1a: Ting-Lu|Spikes|p2a: Regidrago
|-sidestart|p2: olaf-18|Spikes
|
|upkeep
|turn|2
|
|t:|1760839782
|move|p2a: Regidrago|Dragon Energy|p1a: Ting-Lu
|-damage|p1a: Ting-Lu|35/100
|move|p1a: Ting-Lu|Ruination|p2a: Regidrago
|-damage|p2a: Regidrago|51/100
|
|-heal|p1a: Ting-Lu|41/100|[from] item: Leftovers
|upkeep
|turn|3
|
|t:|1760839802
|switch|p2a: Ursaluna|Ursaluna, M|100/100
|-damage|p2a: Ursaluna|88/100|[from] Spikes
|move|p1a: Ting-Lu|Earthquake|p2a: Ursaluna
|-damage|p2a: Ursaluna|60/100
|
|-heal|p1a: Ting-Lu|48/100|[from] item: Leftovers
|-status|p2a: Ursaluna|brn|[from] item: Flame Orb
|upkeep
|turn|4
|
|t:|1760839808
|switch|p1a: Iron Crown|Iron Crown|100/100
|move|p2a: Ursaluna|Facade|p1a: Iron Crown
|-resisted|p1a: Iron Crown
|-damage|p1a: Iron Crown|34/100
|
|-damage|p2a: Ursaluna|54/100 brn|[from] brn
|upkeep
|turn|5
|
|t:|1760839814
|switch|p2a: Regidrago|Regidrago|51/100
|-damage|p2a: Regidrago|38/100|[from] Spikes
|move|p1a: Iron Crown|Tachyon Cutter|p2a: Regidrago
|-damage|p2a: Regidrago|0 fnt
|faint|p2a: Regidrago
|-hitcount|p2: Regidrago|1
|
|upkeep
|
|t:|1760839823
|switch|p2a: Armarouge|Armarouge, F|100/100
|-damage|p2a: Armarouge|88/100|[from] Spikes
|turn|6
|
|t:|1760839847
|move|p1a: Iron Crown|Tachyon Cutter|p2a: Armarouge
|-resisted|p2a: Armarouge
|-damage|p2a: Armarouge|68/100
|-resisted|p2a: Armarouge
|-damage|p2a: Armarouge|47/100
|-hitcount|p2a: Armarouge|2
|move|p2a: Armarouge|Armor Cannon|p1a: Iron Crown
|-supereffective|p1a: Iron Crown
|-damage|p1a: Iron Crown|0 fnt
|-unboost|p2a: Armarouge|def|1
|-unboost|p2a: Armarouge|spd|1
|faint|p1a: Iron Crown
|-end|p1a: Iron Crown|Quark Drive|[silent]
|
|upkeep
|
|t:|1760839853
|switch|p1a: Zapdos|Zapdos|100/100
|turn|7
|
|t:|1760839870
|move|p1a: Zapdos|Volt Switch|p2a: Armarouge
|-damage|p2a: Armarouge|0 fnt
|faint|p2a: Armarouge
|inactive|Battle timer is ON: inactive players will automatically lose when time's up. (requested by olaf-18)
|
|t:|1760839910
|switch|p1a: Ting-Lu|Ting-Lu|48/100|[from] Volt Switch
|-ability|p1a: Ting-Lu|Vessel of Ruin
|
|-heal|p1a: Ting-Lu|54/100|[from] item: Leftovers
|upkeep
|
|t:|1760839916
|switch|p2a: Ursaluna|Ursaluna, M|54/100 brn
|-damage|p2a: Ursaluna|41/100 brn|[from] Spikes
|turn|8
|inactive|firepowah has 120 seconds left.
|
|t:|1760839949
|move|p2a: Ursaluna|Facade|p1a: Ting-Lu
|-damage|p1a: Ting-Lu|0 fnt
|faint|p1a: Ting-Lu
|
|-damage|p2a: Ursaluna|35/100 brn|[from] brn
|upkeep
|inactive|firepowah has 120 seconds left.
|
|t:|1760839955
|switch|p1a: Dragonite|Dragonite, M, shiny|100/100
|turn|9
|
|t:|1760839960
|move|p1a: Dragonite|Earthquake|p2a: Ursaluna
|-damage|p2a: Ursaluna|9/100 brn
|move|p2a: Ursaluna|Avalanche|p1a: Dragonite
|-supereffective|p1a: Dragonite
|-damage|p1a: Dragonite|0 fnt
|faint|p1a: Dragonite
|
|-damage|p2a: Ursaluna|3/100 brn|[from] brn
|upkeep
|
|t:|1760839972
|switch|p1a: Gholdengo|Gholdengo|100/100
|turn|10
|
|t:|1760839978
|move|p1a: Gholdengo|Make It Rain|p2a: Ursaluna
|-damage|p2a: Ursaluna|0 fnt
|-unboost|p1a: Gholdengo|spa|1
|faint|p2a: Ursaluna
|
|upkeep
|
|t:|1760839983
|switch|p2a: Gholdengo|Gholdengo|100/100
|-item|p2a: Gholdengo|Air Balloon
|turn|11
|
|t:|1760839986
|switch|p1a: Zapdos|Zapdos|100/100
|move|p2a: Gholdengo|Nasty Plot|p2a: Gholdengo
|-boost|p2a: Gholdengo|spa|2
|
|upkeep
|turn|12
|
|t:|1760839988
|move|p2a: Gholdengo|Shadow Ball|p1a: Zapdos
|-crit|p1a: Zapdos
|-damage|p1a: Zapdos|0 fnt
|faint|p1a: Zapdos
|
|upkeep
|
|t:|1760839991
|switch|p1a: Rillaboom|Rillaboom, M|100/100
|-fieldstart|move: Grassy Terrain|[from] ability: Grassy Surge|[of] p1a: Rillaboom
|turn|13
|
|t:|1760839998
|move|p2a: Gholdengo|Make It Rain|p1a: Rillaboom
|-damage|p1a: Rillaboom|0 fnt
|-unboost|p2a: Gholdengo|spa|1
|faint|p1a: Rillaboom
|
|upkeep
|
|t:|1760840016
|switch|p1a: Gholdengo|Gholdengo|100/100
|turn|14
|
|t:|1760840021
|move|p2a: Gholdengo|Shadow Ball|p1a: Gholdengo
|-supereffective|p1a: Gholdengo
|-damage|p1a: Gholdengo|0 fnt
|faint|p1a: Gholdengo
|
|win|olaf-18
|raw|firepowah's rating: 1496 &rarr; <strong>1479</strong><br />(-17 for losing)
|raw|olaf-18's rating: 1550 &rarr; <strong>1567</strong><br />(+17 for winning)
|l|☆olaf-18
|player|p2|
|l|‽firepowah
|player|p1|
