|j|☆HZBKAI5
|j|☆ImMikeyCzn
|t:|1760734349
|gametype|singles
|player|p1|HZBKAI5|1|1038
|player|p2|ImMikeyCzn|guitarist|1050
|gen|9
|tier|[Gen 9] OU
|rated|
|rule|HP Percentage Mod: HP is shown in percentages
|rule|Endless Battle Clause: Forcing endless battles is banned
|rule|Species Clause: Limit one of each Pokémon
|rule|OHKO Clause: OHKO moves are banned
|rule|Evasion Items Clause: Evasion items are banned
|rule|Evasion Moves Clause: Evasion moves are banned
|rule|Evasion Abilities Clause: Evasion abilities are banned
|rule|Sleep Moves Clause: Sleep-inducing moves are banned
|clearpoke
|poke|p1|Latias, F|
|poke|p1|Ceruledge, F|
|poke|p1|Iron Valiant|
|poke|p1|Moltres-Galar|
|poke|p1|Glimmora, F|
|poke|p1|Scizor, M|
|poke|p2|Breloom, F|
|poke|p2|Pelipper, M|
|poke|p2|Basculegion-F, F|
|poke|p2|Ogerpon-Wellspring, F|
|poke|p2|Zapdos|
|poke|p2|Clawitzer, M|
|teampreview
|inactive|Battle timer is ON: inactive players will automatically lose when time's up. (requested by ImMikeyCzn)
|
|t:|1760734358
|teamsize|p1|6
|teamsize|p2|6
|start
|switch|p1a: Latias|Latias, F|100/100
|switch|p2a: Pelipper|Pelipper, M|100/100
|-weather|RainDance|[from] ability: Drizzle|[of] p2a: Pelipper
|turn|1
|
|t:|1760734383
|move|p1a: Latias|Calm Mind|p1a: Latias
|-boost|p1a: Latias|spa|1
|-boost|p1a: Latias|spd|1
|move|p2a: Pelipper|U-turn|p1a: Latias
|-supereffective|p1a: Latias
|-damage|p1a: Latias|86/100
|-enditem|p1a: Latias|Weakness Policy
|-boost|p1a: Latias|atk|2|[from] item: Weakness Policy
|-boost|p1a: Latias|spa|2|[from] item: Weakness Policy
|
|t:|1760734390
|switch|p2a: Clawitzer|Clawitzer, M|100/100|[from] U-turn
|
|-weather|RainDance|[upkeep]
|upkeep
|turn|2
|
|t:|1760734399
|move|p1a: Latias|Aura Sphere|p2a: Clawitzer
|-damage|p2a: Clawitzer|59/100
|move|p2a: Clawitzer|Ice Beam|p1a: Latias
|-supereffective|p1a: Latias
|-damage|p1a: Latias|58/100
|
|-weather|RainDance|[upkeep]
|upkeep
|turn|3
|
|t:|1760734409
|move|p1a: Latias|Aura Sphere|p2a: Clawitzer
|-damage|p2a: Clawitzer|15/100
|move|p2a: Clawitzer|Dark Pulse|p1a: Latias
|-supereffective|p1a: Latias
|-damage|p1a: Latias|21/100
|
|-weather|RainDance|[upkeep]
|upkeep
|turn|4
|
|t:|1760734423
|switch|p2a: Basculegion|Basculegion-F, F|100/100
|-terastallize|p1a: Latias|Poison
|move|p1a: Latias|Aura Sphere|p2a: Basculegion
|-immune|p2a: Basculegion
|
|-weather|RainDance|[upkeep]
|upkeep
|turn|5
|
|t:|1760734438
|move|p2a: Basculegion|Shadow Ball|p1a: Latias
|-damage|p1a: Latias|0 fnt
|faint|p1a: Latias
|-damage|p2a: Basculegion|91/100|[from] item: Life Orb
|
|-weather|RainDance|[upkeep]
|upkeep
|
|t:|1760734438
|switch|p1a: Ceruledge|Ceruledge, F|100/100
|turn|6
|
|t:|1760734452
|move|p2a: Basculegion|Surf|p1a: Ceruledge
|-supereffective|p1a: Ceruledge
|-enditem|p1a: Ceruledge|Focus Sash
|-damage|p1a: Ceruledge|1/100
|-damage|p2a: Basculegion|81/100|[from] item: Life Orb
|move|p1a: Ceruledge|Poltergeist|p2a: Basculegion
|-activate|p2a: Basculegion|move: Poltergeist|Life Orb
|-supereffective|p2a: Basculegion
|-damage|p2a: Basculegion|0 fnt
|faint|p2a: Basculegion
|
|-weather|RainDance|[upkeep]
|upkeep
|inactive|ImMikeyCzn has 120 seconds left.
|
|t:|1760734482
|switch|p2a: Zapdos|Zapdos, shiny|100/100
|turn|7
|
|t:|1760734487
|move|p2a: Zapdos|Thunder|p1a: Ceruledge
|-damage|p1a: Ceruledge|0 fnt
|faint|p1a: Ceruledge
|
|-weather|RainDance|[upkeep]
|upkeep
|
|t:|1760734487
|switch|p1a: Moltres|Moltres-Galar|100/100
|turn|8
|
|t:|1760734505
|move|p2a: Zapdos|Thunder|p1a: Moltres
|-supereffective|p1a: Moltres
|-damage|p1a: Moltres|3/100
|-status|p1a: Moltres|par
|-ability|p1a: Moltres|Berserk|boost
|-boost|p1a: Moltres|spa|1
|-enditem|p1a: Moltres|Sitrus Berry|[eat]
|-heal|p1a: Moltres|28/100 par|[from] item: Sitrus Berry
|move|p1a: Moltres|Fiery Wrath|p2a: Zapdos
|-damage|p2a: Zapdos|27/100
|
|-weather|none
|upkeep
|turn|9
|
|t:|1760734519
|move|p2a: Zapdos|Volt Switch|p1a: Moltres
|-supereffective|p1a: Moltres
|-damage|p1a: Moltres|0 fnt
|faint|p1a: Moltres
|
|t:|1760734532
|switch|p2a: Breloom|Breloom, F|100/100|[from] Volt Switch
|
|-status|p2a: Breloom|tox|[from] item: Toxic Orb
|upkeep
|
|t:|1760734532
|switch|p1a: Glimmora|Glimmora, F|100/100
|turn|10
|
|t:|1760734540
|move|p1a: Glimmora|Mortal Spin|p2a: Breloom
|-supereffective|p2a: Breloom
|-damage|p2a: Breloom|89/100 tox
|move|p2a: Breloom|Drain Punch|p1a: Glimmora
|-damage|p1a: Glimmora|57/100
|-heal|p2a: Breloom|100/100 tox|[from] drain|[of] p1a: Glimmora
|-activate|p1a: Glimmora|ability: Toxic Debris
|-sidestart|p2: ImMikeyCzn|move: Toxic Spikes
|
|upkeep
|turn|11
|
|t:|1760734550
|move|p1a: Glimmora|Mortal Spin|p2a: Breloom
|-supereffective|p2a: Breloom
|-damage|p2a: Breloom|89/100 tox
|move|p2a: Breloom|Leech Seed|p1a: Glimmora
|-start|p1a: Glimmora|move: Leech Seed
|
|-damage|p1a: Glimmora|44/100|[from] Leech Seed|[of] p2a: Breloom
|-heal|p2a: Breloom|100/100 tox|[silent]
|upkeep
|turn|12
|
|t:|1760734557
|move|p1a: Glimmora|Mortal Spin|p2a: Breloom
|-supereffective|p2a: Breloom
|-damage|p2a: Breloom|88/100 tox
|-end|p1a: Glimmora|Leech Seed|[from] move: Mortal Spin|[of] p1a: Glimmora
|move|p2a: Breloom|Drain Punch|p1a: Glimmora
|-crit|p1a: Glimmora
|-damage|p1a: Glimmora|0 fnt
|-heal|p2a: Breloom|100/100 tox|[from] drain|[of] p1a: Glimmora
|-activate|p1a: Glimmora|ability: Toxic Debris
|-sidestart|p2: ImMikeyCzn|move: Toxic Spikes
|faint|p1a: Glimmora
|
|upkeep
|
|t:|1760734557
|switch|p1a: Iron Valiant|Iron Valiant|100/100
|-enditem|p1a: Iron Valiant|Booster Energy
|-activate|p1a: Iron Valiant|ability: Quark Drive|[fromitem]
|-start|p1a: Iron Valiant|quarkdrivespe
|turn|13
|
|t:|1760734571
|move|p1a: Iron Valiant|Moonblast|p2a: Breloom
|-supereffective|p2a: Breloom
|-damage|p2a: Breloom|0 fnt
|faint|p2a: Breloom
|
|upkeep
|
|t:|1760734576
|switch|p2a: Zapdos|Zapdos, shiny|27/100
|turn|14
|
|t:|1760734580
|move|p1a: Iron Valiant|Moonblast|p2a: Zapdos
|-damage|p2a: Zapdos|0 fnt
|faint|p2a: Zapdos
|
|upkeep
|
|t:|1760734585
|switch|p2a: Pelipper|Pelipper, M|100/100
|-weather|RainDance|[from] ability: Drizzle|[of] p2a: Pelipper
|turn|15
|
|t:|1760734590
|move|p1a: Iron Valiant|Moonblast|p2a: Pelipper
|-damage|p2a: Pelipper|48/100
|move|p2a: Pelipper|Hurricane|p1a: Iron Valiant
|-supereffective|p1a: Iron Valiant
|-damage|p1a: Iron Valiant|0 fnt
|faint|p1a: Iron Valiant
|-end|p1a: Iron Valiant|Quark Drive|[silent]
|
|-weather|RainDance|[upkeep]
|upkeep
|
|t:|1760734590
|switch|p1a: Scizor|Scizor, M|100/100
|turn|16
|
|t:|1760734605
|move|p1a: Scizor|Knock Off|p2a: Pelipper
|-damage|p2a: Pelipper|0 fnt
|-enditem|p2a: Pelipper|Damp Rock|[from] move: Knock Off|[of] p1a: Scizor
|faint|p2a: Pelipper
|-damage|p1a: Scizor|91/100|[from] item: Life Orb
|
|-weather|RainDance|[upkeep]
|upkeep
|
|t:|1760734612
|switch|p2a: Clawitzer|Clawitzer, M|15/100
|-status|p2a: Clawitzer|tox
|turn|17
|
|t:|1760734617
|move|p1a: Scizor|Close Combat|p2a: Clawitzer
|-crit|p2a: Clawitzer
|-damage|p2a: Clawitzer|0 fnt
|-unboost|p1a: Scizor|def|1
|-unboost|p1a: Scizor|spd|1
|faint|p2a: Clawitzer
|-damage|p1a: Scizor|81/100|[from] item: Life Orb
|
|-weather|RainDance|[upkeep]
|upkeep
|
|t:|1760734625
|switch|p2a: Ogerpon|Ogerpon-Wellspring, F|100/100
|-status|p2a: Ogerpon|tox
|turn|18
|
|t:|1760734642
|move|p2a: Ogerpon|Ivy Cudgel|p1a: Scizor|[anim] Ivy Cudgel Water
|-damage|p1a: Scizor|0 fnt
|faint|p1a: Scizor
|
|win|ImMikeyCzn
|raw|HZBKAI5's rating: 1038 &rarr; <strong>1023</strong><br />(-15 for losing)
|raw|ImMikeyCzn's rating: 1050 &rarr; <strong>1081</strong><br />(+31 for winning)
|l|☆HZBKAI5
|player|p1|
