|j|☆Hybbridd
|j|☆dia90
|t:|1760825090
|gametype|singles
|player|p1|Hybbridd|170|1598
|player|p2|dia90|265|1604
|gen|9
|tier|[Gen 9] OU
|rated|
|rule|HP Percentage Mod: HP is shown in percentages
|rule|Endless Battle Clause: Forcing endless battles is banned
|rule|Species Clause: Limit one of each Pokémon
|rule|OHKO Clause: OHKO moves are banned
|rule|Evasion Items Clause: Evasion items are banned
|rule|Evasion Moves Clause: Evasion moves are banned
|rule|Evasion Abilities Clause: Evasion abilities are banned
|rule|Sleep Moves Clause: Sleep-inducing moves are banned
|clearpoke
|poke|p1|Great Tusk|
|poke|p1|Raging Bolt|
|poke|p1|Iron Valiant|
|poke|p1|Dudunsparce-*, F|
|poke|p1|Latios, M|
|poke|p1|Gholdengo|
|poke|p2|Samurott-Hisui, F|
|poke|p2|Rillaboom, F|
|poke|p2|Gholdengo|
|poke|p2|Emboar, F|
|poke|p2|Dondozo, M|
|poke|p2|Iron Treads|
|teampreview
|
|t:|1760825097
|teamsize|p1|6
|teamsize|p2|6
|start
|switch|p1a: Great Tusk|Great Tusk|100/100
|switch|p2a: Rillaboom|Rillaboom, F|100/100
|-fieldstart|move: Grassy Terrain|[from] ability: Grassy Surge|[of] p2a: Rillaboom
|-enditem|p1a: Great Tusk|Booster Energy
|-activate|p1a: Great Tusk|ability: Protosynthesis|[fromitem]
|-start|p1a: Great Tusk|protosynthesisspe
|turn|1
|inactive|Battle timer is ON: inactive players will automatically lose when time's up. (requested by dia90)
|
|t:|1760825145
|move|p1a: Great Tusk|Ice Spinner|p2a: Rillaboom
|-supereffective|p2a: Rillaboom
|-damage|p2a: Rillaboom|59/100
|-fieldend|move: Grassy Terrain
|move|p2a: Rillaboom|U-turn|p1a: Great Tusk
|-resisted|p1a: Great Tusk
|-damage|p1a: Great Tusk|92/100
|
|t:|1760825152
|switch|p2a: Dondozo|Dondozo, M|100/100|[from] U-turn
|
|upkeep
|turn|2
|
|t:|1760825163
|-end|p1a: Great Tusk|Protosynthesis|[silent]
|switch|p1a: Dudunsparce|Dudunsparce-Three-Segment, F|100/100
|move|p2a: Dondozo|Wave Crash|p1a: Dudunsparce
|-damage|p1a: Dudunsparce|63/100
|-damage|p2a: Dondozo|90/100|[from] Recoil
|
|-heal|p1a: Dudunsparce|69/100|[from] item: Leftovers
|-heal|p2a: Dondozo|96/100|[from] item: Leftovers
|upkeep
|turn|3
|
|t:|1760825173
|switch|p2a: Iron Treads|Iron Treads|100/100
|move|p1a: Dudunsparce|Glare|p2a: Iron Treads
|-status|p2a: Iron Treads|par
|
|-heal|p1a: Dudunsparce|75/100|[from] item: Leftovers
|upkeep
|turn|4
|
|t:|1760825181
|move|p1a: Dudunsparce|Earth Power|p2a: Iron Treads
|-supereffective|p2a: Iron Treads
|-damage|p2a: Iron Treads|68/100 par
|move|p2a: Iron Treads|Knock Off|p1a: Dudunsparce
|-damage|p1a: Dudunsparce|48/100
|-ability|p1a: Dudunsparce|Rattled|boost
|-boost|p1a: Dudunsparce|spe|1
|-enditem|p1a: Dudunsparce|Leftovers|[from] move: Knock Off|[of] p2a: Iron Treads
|
|upkeep
|turn|5
|
|t:|1760825192
|-end|p2a: Iron Treads|Quark Drive|[silent]
|switch|p2a: Rillaboom|Rillaboom, F|59/100
|-fieldstart|move: Grassy Terrain|[from] ability: Grassy Surge|[of] p2a: Rillaboom
|move|p1a: Dudunsparce|Earth Power|p2a: Rillaboom
|-resisted|p2a: Rillaboom
|-damage|p2a: Rillaboom|46/100
|
|-heal|p1a: Dudunsparce|54/100|[from] Grassy Terrain
|-heal|p2a: Rillaboom|52/100|[from] Grassy Terrain
|upkeep
|turn|6
|
|t:|1760825200
|move|p1a: Dudunsparce|Boomburst|p2a: Rillaboom
|-damage|p2a: Rillaboom|0 fnt
|faint|p2a: Rillaboom
|
|-heal|p1a: Dudunsparce|60/100|[from] Grassy Terrain
|upkeep
|
|t:|1760825212
|switch|p2a: Emboar|Emboar, F|100/100
|turn|7
|
|t:|1760825216
|move|p1a: Dudunsparce|Glare|p2a: Emboar
|-status|p2a: Emboar|par
|move|p2a: Emboar|Bulk Up|p2a: Emboar
|-boost|p2a: Emboar|atk|1
|-boost|p2a: Emboar|def|1
|
|-heal|p1a: Dudunsparce|67/100|[from] Grassy Terrain
|upkeep
|turn|8
|
|t:|1760825228
|move|p1a: Dudunsparce|Boomburst|p2a: Emboar
|-damage|p2a: Emboar|37/100 par
|move|p2a: Emboar|Drain Punch|p1a: Dudunsparce
|-supereffective|p1a: Dudunsparce
|-damage|p1a: Dudunsparce|0 fnt
|-heal|p2a: Emboar|78/100 par|[from] drain|[of] p1a: Dudunsparce
|faint|p1a: Dudunsparce
|-damage|p2a: Emboar|68/100 par|[from] item: Life Orb
|
|-heal|p2a: Emboar|74/100 par|[from] Grassy Terrain
|upkeep
|
|t:|1760825239
|switch|p1a: Latios|Latios, M|100/100
|turn|9
|
|t:|1760825252
|cant|p2a: Emboar|par
|move|p1a: Latios|Draco Meteor|p2a: Emboar
|-damage|p2a: Emboar|0 fnt
|-unboost|p1a: Latios|spa|2
|faint|p2a: Emboar
|
|upkeep
|
|t:|1760825258
|switch|p2a: Samurott|Samurott-Hisui, F|100/100
|turn|10
|
|t:|1760825265
|switch|p1a: Great Tusk|Great Tusk|92/100
|move|p2a: Samurott|Ceaseless Edge|p1a: Great Tusk
|-resisted|p1a: Great Tusk
|-crit|p1a: Great Tusk
|-damage|p1a: Great Tusk|56/100
|-sidestart|p1: Hybbridd|Spikes
|
|-heal|p1a: Great Tusk|62/100|[from] Grassy Terrain
|upkeep
|turn|11
|
|t:|1760825274
|-terastallize|p1a: Great Tusk|Ice
|move|p1a: Great Tusk|Bulk Up|p1a: Great Tusk
|-boost|p1a: Great Tusk|atk|1
|-boost|p1a: Great Tusk|def|1
|move|p2a: Samurott|Ceaseless Edge|p1a: Great Tusk
|-damage|p1a: Great Tusk|31/100
|-sidestart|p1: Hybbridd|Spikes
|
|-heal|p1a: Great Tusk|38/100|[from] Grassy Terrain
|upkeep
|turn|12
|
|t:|1760825284
|switch|p2a: Gholdengo|Gholdengo|100/100
|move|p1a: Great Tusk|Rapid Spin|p2a: Gholdengo
|-immune|p2a: Gholdengo
|
|-heal|p1a: Great Tusk|44/100|[from] Grassy Terrain
|-fieldend|move: Grassy Terrain
|upkeep
|turn|13
|
|t:|1760825292
|-terastallize|p2a: Gholdengo|Water
|move|p1a: Great Tusk|Headlong Rush|p2a: Gholdengo
|-damage|p2a: Gholdengo|49/100
|-unboost|p1a: Great Tusk|def|1
|-unboost|p1a: Great Tusk|spd|1
|move|p2a: Gholdengo|Thunder Wave|p1a: Great Tusk
|-status|p1a: Great Tusk|par
|
|-heal|p2a: Gholdengo|55/100|[from] item: Leftovers
|upkeep
|turn|14
|
|t:|1760825302
|move|p2a: Gholdengo|Hex|p1a: Great Tusk
|-damage|p1a: Great Tusk|0 fnt
|faint|p1a: Great Tusk
|-end|p1a: Great Tusk|Protosynthesis|[silent]
|
|-heal|p2a: Gholdengo|61/100|[from] item: Leftovers
|upkeep
|
|t:|1760825307
|switch|p1a: Raging Bolt|Raging Bolt|100/100
|-damage|p1a: Raging Bolt|84/100|[from] Spikes
|-enditem|p1a: Raging Bolt|Booster Energy
|-activate|p1a: Raging Bolt|ability: Protosynthesis|[fromitem]
|-start|p1a: Raging Bolt|protosynthesisspa
|turn|15
|
|t:|1760825314
|switch|p2a: Iron Treads|Iron Treads|68/100 par
|move|p1a: Raging Bolt|Calm Mind|p1a: Raging Bolt
|-boost|p1a: Raging Bolt|spa|1
|-boost|p1a: Raging Bolt|spd|1
|
|upkeep
|turn|16
|
|t:|1760825320
|move|p1a: Raging Bolt|Dragon Pulse|p2a: Iron Treads
|-resisted|p2a: Iron Treads
|-damage|p2a: Iron Treads|39/100 par
|move|p2a: Iron Treads|Knock Off|p1a: Raging Bolt
|-damage|p1a: Raging Bolt|67/100
|
|upkeep
|turn|17
|
|t:|1760825327
|move|p1a: Raging Bolt|Dragon Pulse|p2a: Iron Treads
|-resisted|p2a: Iron Treads
|-damage|p2a: Iron Treads|5/100 par
|move|p2a: Iron Treads|High Horsepower|p1a: Raging Bolt
|-supereffective|p1a: Raging Bolt
|-damage|p1a: Raging Bolt|0 fnt
|faint|p1a: Raging Bolt
|-end|p1a: Raging Bolt|Protosynthesis|[silent]
|
|upkeep
|
|t:|1760825341
|switch|p1a: Latios|Latios, M|100/100
|turn|18
|
|t:|1760825345
|move|p1a: Latios|Psychic Noise|p2a: Iron Treads
|-resisted|p2a: Iron Treads
|-damage|p2a: Iron Treads|0 fnt
|faint|p2a: Iron Treads
|-end|p2a: Iron Treads|Quark Drive|[silent]
|
|upkeep
|
|t:|1760825350
|switch|p2a: Samurott|Samurott-Hisui, F|100/100
|turn|19
|
|t:|1760825358
|switch|p1a: Iron Valiant|Iron Valiant|100/100
|-damage|p1a: Iron Valiant|84/100|[from] Spikes
|-enditem|p1a: Iron Valiant|Booster Energy
|-activate|p1a: Iron Valiant|ability: Quark Drive|[fromitem]
|-start|p1a: Iron Valiant|quarkdrivespe
|move|p2a: Samurott|Ceaseless Edge|p1a: Iron Valiant
|-resisted|p1a: Iron Valiant
|-damage|p1a: Iron Valiant|62/100
|-sidestart|p1: Hybbridd|Spikes
|
|upkeep
|turn|20
|
|t:|1760825370
|switch|p2a: Dondozo|Dondozo, M|96/100
|move|p1a: Iron Valiant|Moonblast|p2a: Dondozo
|-damage|p2a: Dondozo|67/100
|
|-heal|p2a: Dondozo|73/100|[from] item: Leftovers
|upkeep
|turn|21
|
|t:|1760825378
|move|p1a: Iron Valiant|Moonblast|p2a: Dondozo
|-damage|p2a: Dondozo|45/100
|-unboost|p2a: Dondozo|spa|1
|move|p2a: Dondozo|Wave Crash|p1a: Iron Valiant
|-damage|p1a: Iron Valiant|7/100
|-damage|p2a: Dondozo|35/100|[from] Recoil
|
|-heal|p2a: Dondozo|41/100|[from] item: Leftovers
|upkeep
|turn|22
|
|t:|1760825386
|move|p1a: Iron Valiant|Moonblast|p2a: Dondozo
|-damage|p2a: Dondozo|13/100
|move|p2a: Dondozo|Wave Crash|p1a: Iron Valiant
|-damage|p1a: Iron Valiant|0 fnt
|faint|p1a: Iron Valiant
|-end|p1a: Iron Valiant|Quark Drive|[silent]
|-damage|p2a: Dondozo|12/100|[from] Recoil
|
|-heal|p2a: Dondozo|18/100|[from] item: Leftovers
|upkeep
|
|t:|1760825391
|switch|p1a: Latios|Latios, M|100/100
|turn|23
|
|t:|1760825397
|move|p1a: Latios|Calm Mind|p1a: Latios
|-boost|p1a: Latios|spa|1
|-boost|p1a: Latios|spd|1
|move|p2a: Dondozo|Curse|p2a: Dondozo
|-unboost|p2a: Dondozo|spe|1
|-boost|p2a: Dondozo|atk|1
|-boost|p2a: Dondozo|def|1
|
|-heal|p2a: Dondozo|24/100|[from] item: Leftovers
|upkeep
|turn|24
|
|t:|1760825406
|move|p1a: Latios|Calm Mind|p1a: Latios
|-boost|p1a: Latios|spa|1
|-boost|p1a: Latios|spd|1
|move|p2a: Dondozo|Rest|p2a: Dondozo
|-status|p2a: Dondozo|slp|[from] move: Rest
|-heal|p2a: Dondozo|100/100 slp|[silent]
|
|upkeep
|turn|25
|
|t:|1760825414
|move|p1a: Latios|Calm Mind|p1a: Latios
|-boost|p1a: Latios|spa|1
|-boost|p1a: Latios|spd|1
|cant|p2a: Dondozo|slp
|
|upkeep
|turn|26
|
|t:|1760825422
|move|p1a: Latios|Psychic Noise|p2a: Dondozo
|-damage|p2a: Dondozo|70/100 slp
|-start|p2a: Dondozo|move: Heal Block
|cant|p2a: Dondozo|slp
|
|upkeep
|turn|27
|
|t:|1760825428
|move|p1a: Latios|Psychic Noise|p2a: Dondozo
|-damage|p2a: Dondozo|34/100 slp
|-curestatus|p2a: Dondozo|slp|[msg]
|move|p2a: Dondozo|Wave Crash|p1a: Latios
|-resisted|p1a: Latios
|-damage|p1a: Latios|60/100
|-damage|p2a: Dondozo|26/100|[from] Recoil
|
|-end|p2a: Dondozo|move: Heal Block
|upkeep
|turn|28
|
|t:|1760825438
|move|p1a: Latios|Psychic Noise|p2a: Dondozo
|-damage|p2a: Dondozo|0 fnt
|faint|p2a: Dondozo
|
|upkeep
|
|t:|1760825442
|switch|p2a: Samurott|Samurott-Hisui, F|100/100
|turn|29
|
|t:|1760825446
|move|p1a: Latios|Draco Meteor|p2a: Samurott|[miss]
|-miss|p1a: Latios|p2a: Samurott
|move|p2a: Samurott|Ceaseless Edge|p1a: Latios
|-supereffective|p1a: Latios
|-damage|p1a: Latios|0 fnt
|faint|p1a: Latios
|
|upkeep
|-message|Hybbridd forfeited.
|
|win|dia90
|raw|Hybbridd's rating: 1598 &rarr; <strong>1578</strong><br />(-20 for losing)
|raw|dia90's rating: 1604 &rarr; <strong>1624</strong><br />(+20 for winning)
|l|☆dia90
|player|p2|
|l|☆Hybbridd
|player|p1|
