|j|☆Petey2210
|j|☆Noobskillstrongs
|t:|1760793895
|gametype|singles
|player|p1|Petey2210|169|1159
|player|p2|Noobskillstrongs|lucian|1109
|gen|9
|tier|[Gen 9] OU
|rated|
|rule|HP Percentage Mod: HP is shown in percentages
|rule|Endless Battle Clause: Forcing endless battles is banned
|rule|Species Clause: Limit one of each Pokémon
|rule|OHKO Clause: OHKO moves are banned
|rule|Evasion Items Clause: Evasion items are banned
|rule|Evasion Moves Clause: Evasion moves are banned
|rule|Evasion Abilities Clause: Evasion abilities are banned
|rule|Sleep Moves Clause: Sleep-inducing moves are banned
|clearpoke
|poke|p1|Ceruledge, F|
|poke|p1|Venusaur, F|
|poke|p1|Ninetales, M|
|poke|p1|Walking Wake|
|poke|p1|Landorus-Therian, M|
|poke|p1|Slowking-Galar, F|
|poke|p2|Squawkabilly-White, M|
|poke|p2|Thundurus-Therian, M|
|poke|p2|Mandibuzz, F|
|poke|p2|Gyarados, M|
|poke|p2|Volcanion|
|poke|p2|Noivern, F|
|teampreview
|inactive|Battle timer is ON: inactive players will automatically lose when time's up. (requested by Petey2210)
|
|t:|1760793909
|teamsize|p1|6
|teamsize|p2|6
|start
|switch|p1a: Landorus|Landorus-Therian, M|100/100
|switch|p2a: Squawkabilly|Squawkabilly-White, M|100/100
|-ability|p2a: Squawkabilly|Intimidate|boost
|-unboost|p1a: Landorus|atk|1
|-ability|p1a: Landorus|Intimidate|boost
|-unboost|p2a: Squawkabilly|atk|1
|turn|1
|
|t:|1760793912
|move|p2a: Squawkabilly|Parting Shot|p1a: Landorus
|-unboost|p1a: Landorus|atk|1
|-unboost|p1a: Landorus|spa|1
|
|t:|1760793917
|switch|p2a: Thundurus|Thundurus-Therian, M|100/100|[from] Parting Shot
|move|p1a: Landorus|Taunt|p2a: Thundurus
|-start|p2a: Thundurus|move: Taunt
|
|upkeep
|turn|2
|
|t:|1760793924
|-terastallize|p2a: Thundurus|Ice
|move|p2a: Thundurus|Tera Blast|p1a: Landorus|[anim] Tera Blast Ice
|-supereffective|p1a: Landorus
|-damage|p1a: Landorus|0 fnt
|faint|p1a: Landorus
|-damage|p2a: Thundurus|91/100|[from] item: Life Orb
|
|upkeep
|
|t:|1760793930
|switch|p1a: Ninetales|Ninetales, M|100/100
|-weather|SunnyDay|[from] ability: Drought|[of] p1a: Ninetales
|turn|3
|
|t:|1760793933
|move|p2a: Thundurus|Volt Switch|p1a: Ninetales
|-damage|p1a: Ninetales|64/100
|-damage|p2a: Thundurus|81/100|[from] item: Life Orb
|
|t:|1760793937
|switch|p2a: Volcanion|Volcanion|100/100|[from] Volt Switch
|move|p1a: Ninetales|Flamethrower|p2a: Volcanion
|-resisted|p2a: Volcanion
|-damage|p2a: Volcanion|91/100
|
|-weather|SunnyDay|[upkeep]
|upkeep
|turn|4
|
|t:|1760793944
|switch|p1a: Slowking|Slowking-Galar, F|100/100
|move|p2a: Volcanion|Steam Eruption|p1a: Slowking
|-damage|p1a: Slowking|83/100
|
|-weather|SunnyDay|[upkeep]
|-heal|p1a: Slowking|89/100|[from] item: Black Sludge
|upkeep
|turn|5
|
|t:|1760793959
|move|p2a: Volcanion|Earth Power|p1a: Slowking
|-supereffective|p1a: Slowking
|-damage|p1a: Slowking|50/100
|move|p1a: Slowking|Thunder Wave|p2a: Volcanion
|-status|p2a: Volcanion|par
|
|-weather|SunnyDay|[upkeep]
|-heal|p1a: Slowking|56/100|[from] item: Black Sludge
|upkeep
|turn|6
|
|t:|1760793975
|switch|p2a: Gyarados|Gyarados, M|100/100
|-ability|p2a: Gyarados|Intimidate|boost
|-unboost|p1a: Slowking|atk|1
|move|p1a: Slowking|Future Sight|p2a: Gyarados
|-start|p1a: Slowking|move: Future Sight
|
|-weather|SunnyDay|[upkeep]
|-heal|p1a: Slowking|62/100|[from] item: Black Sludge
|upkeep
|turn|7
|
|t:|1760793980
|switch|p1a: Venusaur|Venusaur, F|100/100
|move|p2a: Gyarados|Scale Shot|p1a: Venusaur
|-damage|p1a: Venusaur|90/100
|-crit|p1a: Venusaur
|-damage|p1a: Venusaur|73/100
|-hitcount|p1a: Venusaur|2
|-unboost|p2a: Gyarados|def|1
|-boost|p2a: Gyarados|spe|1
|
|-weather|SunnyDay|[upkeep]
|-heal|p1a: Venusaur|79/100|[from] item: Leftovers
|upkeep
|turn|8
|
|t:|1760793990
|move|p1a: Venusaur|Growth|p1a: Venusaur
|-boost|p1a: Venusaur|atk|2
|-boost|p1a: Venusaur|spa|2
|move|p2a: Gyarados|Scale Shot|p1a: Venusaur
|-damage|p1a: Venusaur|69/100
|-damage|p1a: Venusaur|58/100
|-damage|p1a: Venusaur|47/100
|-damage|p1a: Venusaur|37/100
|-hitcount|p1a: Venusaur|4
|-unboost|p2a: Gyarados|def|1
|-boost|p2a: Gyarados|spe|1
|
|-weather|SunnyDay|[upkeep]
|-end|p2a: Gyarados|move: Future Sight
|-damage|p2a: Gyarados|77/100
|-heal|p1a: Venusaur|43/100|[from] item: Leftovers
|upkeep
|turn|9
|
|t:|1760794001
|move|p1a: Venusaur|Giga Drain|p2a: Gyarados
|-damage|p2a: Gyarados|47/100
|-heal|p1a: Venusaur|59/100|[from] drain|[of] p2a: Gyarados
|move|p2a: Gyarados|Scale Shot|p1a: Venusaur
|-damage|p1a: Venusaur|48/100
|-damage|p1a: Venusaur|38/100
|-damage|p1a: Venusaur|27/100
|-damage|p1a: Venusaur|15/100
|-damage|p1a: Venusaur|4/100
|-hitcount|p1a: Venusaur|5
|-unboost|p2a: Gyarados|def|1
|-boost|p2a: Gyarados|spe|1
|
|-weather|SunnyDay|[upkeep]
|-heal|p1a: Venusaur|10/100|[from] item: Leftovers
|upkeep
|turn|10
|
|t:|1760794010
|move|p1a: Venusaur|Giga Drain|p2a: Gyarados
|-damage|p2a: Gyarados|16/100
|-heal|p1a: Venusaur|26/100|[from] drain|[of] p2a: Gyarados
|move|p2a: Gyarados|Scale Shot|p1a: Venusaur
|-crit|p1a: Venusaur
|-damage|p1a: Venusaur|11/100
|-damage|p1a: Venusaur|1/100
|-hitcount|p1a: Venusaur|2
|-unboost|p2a: Gyarados|def|1
|-boost|p2a: Gyarados|spe|1
|
|-weather|none
|-heal|p1a: Venusaur|8/100|[from] item: Leftovers
|upkeep
|turn|11
|
|t:|1760794016
|move|p2a: Gyarados|Scale Shot|p1a: Venusaur
|-damage|p1a: Venusaur|0 fnt
|faint|p1a: Venusaur
|-hitcount|p1: Venusaur|1
|-unboost|p2a: Gyarados|def|1
|-boost|p2a: Gyarados|spe|1
|
|upkeep
|
|t:|1760794019
|switch|p1a: Ceruledge|Ceruledge, F|100/100
|turn|12
|
|t:|1760794024
|move|p1a: Ceruledge|Shadow Sneak|p2a: Gyarados
|-damage|p2a: Gyarados|0 fnt
|faint|p2a: Gyarados
|
|upkeep
|
|t:|1760794030
|switch|p2a: Mandibuzz|Mandibuzz, F|100/100
|turn|13
|
|t:|1760794045
|switch|p1a: Ninetales|Ninetales, M|64/100
|-weather|SunnyDay|[from] ability: Drought|[of] p1a: Ninetales
|move|p2a: Mandibuzz|Foul Play|p1a: Ninetales
|-damage|p1a: Ninetales|42/100
|
|-weather|SunnyDay|[upkeep]
|upkeep
|turn|14
|
|t:|1760794049
|move|p1a: Ninetales|Will-O-Wisp|p2a: Mandibuzz
|-status|p2a: Mandibuzz|brn
|move|p2a: Mandibuzz|Toxic|p1a: Ninetales
|-status|p1a: Ninetales|tox
|
|-weather|SunnyDay|[upkeep]
|-damage|p1a: Ninetales|36/100 tox|[from] psn
|-damage|p2a: Mandibuzz|94/100 brn|[from] brn
|upkeep
|turn|15
|
|t:|1760794070
|switch|p1a: Walking Wake|Walking Wake|100/100
|-activate|p1a: Walking Wake|ability: Protosynthesis
|-start|p1a: Walking Wake|protosynthesisspe
|switch|p2a: Noivern|Noivern, F|100/100
|-item|p1a: Walking Wake|Life Orb|[from] ability: Frisk|[of] p2a: Noivern
|
|-weather|SunnyDay|[upkeep]
|upkeep
|turn|16
|
|t:|1760794077
|switch|p2a: Volcanion|Volcanion|91/100 par
|-terastallize|p1a: Walking Wake|Steel
|move|p1a: Walking Wake|Draco Meteor|p2a: Volcanion
|-damage|p2a: Volcanion|7/100 par
|-unboost|p1a: Walking Wake|spa|2
|-damage|p1a: Walking Wake|91/100|[from] item: Life Orb
|
|-weather|SunnyDay|[upkeep]
|upkeep
|turn|17
|
|t:|1760794085
|move|p1a: Walking Wake|Weather Ball|p2a: Volcanion
|-resisted|p2a: Volcanion
|-damage|p2a: Volcanion|0 fnt
|faint|p2a: Volcanion
|-damage|p1a: Walking Wake|81/100|[from] item: Life Orb
|
|-weather|SunnyDay|[upkeep]
|upkeep
|
|t:|1760794089
|switch|p2a: Noivern|Noivern, F|100/100
|-item|p1a: Walking Wake|Life Orb|[from] ability: Frisk|[of] p2a: Noivern
|turn|18
|inactive|Petey2210 has 120 seconds left.
|
|t:|1760794123
|-end|p1a: Walking Wake|Protosynthesis|[silent]
|switch|p1a: Slowking|Slowking-Galar, F|96/100
|move|p2a: Noivern|Boomburst|p1a: Slowking
|-damage|p1a: Slowking|68/100
|-enditem|p2a: Noivern|Throat Spray
|-boost|p2a: Noivern|spa|1|[from] item: Throat Spray
|
|-weather|SunnyDay|[upkeep]
|-heal|p1a: Slowking|74/100|[from] item: Black Sludge
|upkeep
|turn|19
|inactive|Petey2210 has 120 seconds left.
|
|t:|1760794136
|move|p2a: Noivern|Boomburst|p1a: Slowking
|-damage|p1a: Slowking|36/100
|move|p1a: Slowking|Thunder Wave|p2a: Noivern|[miss]
|-miss|p1a: Slowking|p2a: Noivern
|
|-weather|SunnyDay|[upkeep]
|-heal|p1a: Slowking|42/100|[from] item: Black Sludge
|upkeep
|turn|20
|inactive|Petey2210 has 120 seconds left.
|
|t:|1760794146
|move|p2a: Noivern|Draco Meteor|p1a: Slowking
|-damage|p1a: Slowking|0 fnt
|-unboost|p2a: Noivern|spa|2
|faint|p1a: Slowking
|
|-weather|none
|upkeep
|
|t:|1760794149
|switch|p1a: Walking Wake|Walking Wake, tera:Steel|81/100
|turn|21
|
|t:|1760794155
|switch|p2a: Mandibuzz|Mandibuzz, F|94/100 brn
|move|p1a: Walking Wake|Draco Meteor|p2a: Mandibuzz
|-damage|p2a: Mandibuzz|45/100 brn
|-unboost|p1a: Walking Wake|spa|2
|-damage|p1a: Walking Wake|71/100|[from] item: Life Orb
|
|-heal|p2a: Mandibuzz|51/100 brn|[from] item: Leftovers
|-damage|p2a: Mandibuzz|45/100 brn|[from] brn
|upkeep
|turn|22
|inactive|Petey2210 has 120 seconds left.
|
|t:|1760794204
|move|p1a: Walking Wake|Hydro Steam|p2a: Mandibuzz
|-damage|p2a: Mandibuzz|30/100 brn
|-damage|p1a: Walking Wake|62/100|[from] item: Life Orb
|move|p2a: Mandibuzz|Roost|p2a: Mandibuzz
|-heal|p2a: Mandibuzz|80/100 brn
|-singleturn|p2a: Mandibuzz|move: Roost
|
|-heal|p2a: Mandibuzz|86/100 brn|[from] item: Leftovers
|-damage|p2a: Mandibuzz|80/100 brn|[from] brn
|upkeep
|turn|23
|
|t:|1760794212
|-end|p1a: Walking Wake|Protosynthesis|[silent]
|switch|p1a: Ceruledge|Ceruledge, F|100/100
|move|p2a: Mandibuzz|Foul Play|p1a: Ceruledge
|-supereffective|p1a: Ceruledge
|-damage|p1a: Ceruledge|43/100
|-ability|p1a: Ceruledge|Weak Armor|boost
|-unboost|p1a: Ceruledge|def|1
|-boost|p1a: Ceruledge|spe|2
|
|-heal|p2a: Mandibuzz|86/100 brn|[from] item: Leftovers
|-damage|p2a: Mandibuzz|80/100 brn|[from] brn
|upkeep
|turn|24
|
|t:|1760794224
|move|p1a: Ceruledge|Bulk Up|p1a: Ceruledge
|-boost|p1a: Ceruledge|atk|1
|-boost|p1a: Ceruledge|def|1
|move|p2a: Mandibuzz|Foul Play|p1a: Ceruledge
|-supereffective|p1a: Ceruledge
|-damage|p1a: Ceruledge|0 fnt
|faint|p1a: Ceruledge
|
|-heal|p2a: Mandibuzz|86/100 brn|[from] item: Leftovers
|-damage|p2a: Mandibuzz|80/100 brn|[from] brn
|upkeep
|-message|Petey2210 forfeited.
|
|win|Noobskillstrongs
|raw|Petey2210's rating: 1159 &rarr; <strong>1130</strong><br />(-29 for losing)
|raw|Noobskillstrongs's rating: 1109 &rarr; <strong>1138</strong><br />(+29 for winning)
|l|☆Petey2210
|player|p1|
|l|☆Noobskillstrongs
|player|p2|
