|j|☆one_angry_jew
|j|☆gfhfghjsgdfhj
|t:|1760780317
|gametype|singles
|player|p1|one_angry_jew|266|1451
|player|p2|gfhfghjsgdfhj|rosa-pokestar2|1513
|gen|9
|tier|[Gen 9] OU
|rated|
|rule|HP Percentage Mod: HP is shown in percentages
|rule|Endless Battle Clause: Forcing endless battles is banned
|rule|Species Clause: Limit one of each Pokémon
|rule|OHKO Clause: OHKO moves are banned
|rule|Evasion Items Clause: Evasion items are banned
|rule|Evasion Moves Clause: Evasion moves are banned
|rule|Evasion Abilities Clause: Evasion abilities are banned
|rule|Sleep Moves Clause: Sleep-inducing moves are banned
|clearpoke
|poke|p1|Vaporeon, F|
|poke|p1|Sylveon, M|
|poke|p1|Espeon, F|
|poke|p1|Jolteon, F|
|poke|p1|Glaceon, M|
|poke|p1|Umbreon, F|
|poke|p2|Slowking-Galar, M|
|poke|p2|Iron Valiant|
|poke|p2|Cinderace, F|
|poke|p2|Landorus-Therian, M|
|poke|p2|Kyurem|
|poke|p2|Kingambit, F|
|teampreview
|inactive|Battle timer is ON: inactive players will automatically lose when time's up. (requested by gfhfghjsgdfhj)
|
|t:|1760780341
|teamsize|p1|6
|teamsize|p2|6
|start
|switch|p1a: Vaporeon|Vaporeon, F|100/100
|switch|p2a: Cinderace|Cinderace, F, shiny|100/100
|turn|1
|
|t:|1760780367
|move|p2a: Cinderace|U-turn|p1a: Vaporeon
|-damage|p1a: Vaporeon|79/100
|
|t:|1760780369
|switch|p2a: Kyurem|Kyurem, shiny|100/100|[from] U-turn
|-ability|p2a: Kyurem|Pressure
|move|p1a: Vaporeon|Shadow Ball|p2a: Kyurem
|-crit|p2a: Kyurem
|-damage|p2a: Kyurem|46/100
|-unboost|p2a: Kyurem|spd|1
|
|-heal|p2a: Kyurem|53/100|[from] item: Leftovers
|upkeep
|turn|2
|
|t:|1760780383
|switch|p1a: Sylveon|Sylveon, M|100/100
|move|p2a: Kyurem|Freeze-Dry|p1a: Sylveon
|-damage|p1a: Sylveon|84/100
|
|-heal|p2a: Kyurem|59/100|[from] item: Leftovers
|upkeep
|turn|3
|
|t:|1760780391
|move|p2a: Kyurem|Protect|p2a: Kyurem
|-singleturn|p2a: Kyurem|Protect
|move|p1a: Sylveon|Shadow Ball|p2a: Kyurem
|-activate|p2a: Kyurem|move: Protect
|
|-heal|p2a: Kyurem|65/100|[from] item: Leftovers
|upkeep
|turn|4
|
|t:|1760780401
|switch|p2a: Slowking|Slowking-Galar, M, shiny|100/100
|move|p1a: Sylveon|Shadow Ball|p2a: Slowking
|-supereffective|p2a: Slowking
|-damage|p2a: Slowking|69/100
|
|upkeep
|turn|5
|
|t:|1760780406
|move|p1a: Sylveon|Shadow Ball|p2a: Slowking
|-supereffective|p2a: Slowking
|-damage|p2a: Slowking|34/100
|move|p2a: Slowking|Sludge Bomb|p1a: Sylveon
|-supereffective|p1a: Sylveon
|-damage|p1a: Sylveon|53/100
|-status|p1a: Sylveon|psn
|
|-damage|p1a: Sylveon|40/100 psn|[from] psn
|upkeep
|turn|6
|
|t:|1760780419
|switch|p2a: Kingambit|Kingambit, F|100/100
|move|p1a: Sylveon|Hyper Voice|p2a: Kingambit
|-damage|p2a: Kingambit|45/100
|
|-heal|p2a: Kingambit|51/100|[from] item: Leftovers
|-damage|p1a: Sylveon|28/100 psn|[from] psn
|upkeep
|turn|7
|
|t:|1760780433
|move|p2a: Kingambit|Sucker Punch|p1a: Sylveon
|-resisted|p1a: Sylveon
|-damage|p1a: Sylveon|0 fnt
|faint|p1a: Sylveon
|
|-heal|p2a: Kingambit|57/100|[from] item: Leftovers
|upkeep
|
|t:|1760780437
|switch|p1a: Espeon|Espeon, F|100/100
|turn|8
|
|t:|1760780442
|move|p1a: Espeon|Trick|p2a: Kingambit
|-activate|p1a: Espeon|move: Trick|[of] p2a: Kingambit
|-item|p2a: Kingambit|Choice Scarf|[from] move: Trick
|-item|p1a: Espeon|Leftovers|[from] move: Trick
|move|p2a: Kingambit|Kowtow Cleave|p1a: Espeon
|-supereffective|p1a: Espeon
|-damage|p1a: Espeon|0 fnt
|faint|p1a: Espeon
|
|upkeep
|
|t:|1760780446
|switch|p1a: Umbreon|Umbreon, F|100/100
|turn|9
|
|t:|1760780449
|-end|p2a: Kingambit|fallenundefined|[silent]
|switch|p2a: Iron Valiant|Iron Valiant|100/100
|-enditem|p2a: Iron Valiant|Booster Energy
|-activate|p2a: Iron Valiant|ability: Quark Drive|[fromitem]
|-start|p2a: Iron Valiant|quarkdrivespe
|move|p1a: Umbreon|Foul Play|p2a: Iron Valiant
|-resisted|p2a: Iron Valiant
|-damage|p2a: Iron Valiant|89/100
|
|upkeep
|turn|10
|
|t:|1760780466
|switch|p1a: Glaceon|Glaceon, M|100/100
|move|p2a: Iron Valiant|Encore||[still]
|-fail|p2a: Iron Valiant
|
|upkeep
|turn|11
|
|t:|1760780475
|move|p2a: Iron Valiant|Calm Mind|p2a: Iron Valiant
|-boost|p2a: Iron Valiant|spa|1
|-boost|p2a: Iron Valiant|spd|1
|move|p1a: Glaceon|Freeze-Dry|p2a: Iron Valiant
|-crit|p2a: Iron Valiant
|-damage|p2a: Iron Valiant|0 fnt
|faint|p2a: Iron Valiant
|-end|p2a: Iron Valiant|Quark Drive|[silent]
|
|upkeep
|
|t:|1760780480
|switch|p2a: Cinderace|Cinderace, F, shiny|100/100
|turn|12
|
|t:|1760780488
|-terastallize|p1a: Glaceon|Water
|move|p2a: Cinderace|Pyro Ball|p1a: Glaceon
|-resisted|p1a: Glaceon
|-damage|p1a: Glaceon|77/100
|move|p1a: Glaceon|Chilling Water|p2a: Cinderace
|-supereffective|p2a: Cinderace
|-damage|p2a: Cinderace|16/100
|-unboost|p2a: Cinderace|atk|1
|
|upkeep
|turn|13
|
|t:|1760780496
|move|p2a: Cinderace|U-turn|p1a: Glaceon
|-damage|p1a: Glaceon|65/100
|
|t:|1760780499
|switch|p2a: Slowking|Slowking-Galar, M, shiny|67/100|[from] U-turn
|move|p1a: Glaceon|Shadow Ball|p2a: Slowking
|-supereffective|p2a: Slowking
|-damage|p2a: Slowking|30/100
|
|upkeep
|turn|14
|
|t:|1760780515
|switch|p2a: Kyurem|Kyurem, shiny|65/100
|-ability|p2a: Kyurem|Pressure
|move|p1a: Glaceon|Shadow Ball|p2a: Kyurem
|-damage|p2a: Kyurem|36/100
|
|-heal|p2a: Kyurem|42/100|[from] item: Leftovers
|upkeep
|turn|15
|
|t:|1760780528
|switch|p1a: Jolteon|Jolteon, F|100/100
|move|p2a: Kyurem|Substitute|p2a: Kyurem
|-start|p2a: Kyurem|Substitute
|-damage|p2a: Kyurem|18/100
|
|-heal|p2a: Kyurem|24/100|[from] item: Leftovers
|upkeep
|turn|16
|inactive|one_angry_jew has 120 seconds left.
|inactive|one_angry_jew has 90 seconds left.
|
|t:|1760780595
|-terastallize|p2a: Kyurem|Ground
|move|p1a: Jolteon|Alluring Voice|p2a: Kyurem
|-damage|p2a: Kyurem|0 fnt
|faint|p2a: Kyurem
|
|upkeep
|
|t:|1760780614
|switch|p2a: Landorus|Landorus-Therian, M, shiny|100/100
|-ability|p2a: Landorus|Intimidate|boost
|-unboost|p1a: Jolteon|atk|1
|turn|17
|
|t:|1760780625
|move|p1a: Jolteon|Alluring Voice|p2a: Landorus
|-damage|p2a: Landorus|56/100
|move|p2a: Landorus|Earthquake|p1a: Jolteon
|-supereffective|p1a: Jolteon
|-damage|p1a: Jolteon|0 fnt
|faint|p1a: Jolteon
|
|upkeep
|
|t:|1760780635
|switch|p1a: Vaporeon|Vaporeon, F|79/100
|turn|18
|
|t:|1760780644
|move|p2a: Landorus|U-turn|p1a: Vaporeon
|-damage|p1a: Vaporeon|56/100
|
|t:|1760780646
|switch|p2a: Cinderace|Cinderace, F, shiny|16/100|[from] U-turn
|move|p1a: Vaporeon|Scald|p2a: Cinderace
|-supereffective|p2a: Cinderace
|-damage|p2a: Cinderace|0 fnt
|faint|p2a: Cinderace
|
|upkeep
|
|t:|1760780649
|switch|p2a: Kingambit|Kingambit, F|57/100
|-activate|p2a: Kingambit|ability: Supreme Overlord
|-start|p2a: Kingambit|fallen3|[silent]
|turn|19
|
|t:|1760780655
|switch|p1a: Umbreon|Umbreon, F|100/100
|move|p2a: Kingambit|Kowtow Cleave|p1a: Umbreon
|-resisted|p1a: Umbreon
|-damage|p1a: Umbreon|82/100
|
|-heal|p1a: Umbreon|88/100|[from] item: Leftovers
|upkeep
|turn|20
|
|t:|1760780665
|-end|p2a: Kingambit|fallen3|[silent]
|switch|p2a: Landorus|Landorus-Therian, M, shiny|56/100
|-ability|p2a: Landorus|Intimidate|boost
|-unboost|p1a: Umbreon|atk|1
|move|p1a: Umbreon|Foul Play|p2a: Landorus
|-damage|p2a: Landorus|15/100
|-damage|p1a: Umbreon|71/100|[from] item: Rocky Helmet|[of] p2a: Landorus
|
|-heal|p1a: Umbreon|77/100|[from] item: Leftovers
|upkeep
|turn|21
|
|t:|1760780673
|move|p2a: Landorus|Earthquake|p1a: Umbreon
|-damage|p1a: Umbreon|48/100
|move|p1a: Umbreon|Wish|p1a: Umbreon
|
|-heal|p1a: Umbreon|55/100|[from] item: Leftovers
|upkeep
|turn|22
|
|t:|1760780681
|move|p1a: Umbreon|Protect|p1a: Umbreon
|-singleturn|p1a: Umbreon|Protect
|move|p2a: Landorus|U-turn|p1a: Umbreon
|-activate|p1a: Umbreon|move: Protect
|
|-heal|p1a: Umbreon|100/100|[from] move: Wish|[wisher] Umbreon
|upkeep
|turn|23
|
|t:|1760780688
|move|p2a: Landorus|Taunt|p1a: Umbreon
|-start|p1a: Umbreon|move: Taunt
|move|p1a: Umbreon|Foul Play|p2a: Landorus
|-crit|p2a: Landorus
|-damage|p2a: Landorus|0 fnt
|-damage|p1a: Umbreon|84/100|[from] item: Rocky Helmet|[of] p2a: Landorus
|faint|p2a: Landorus
|
|-heal|p1a: Umbreon|90/100|[from] item: Leftovers
|upkeep
|
|t:|1760780689
|switch|p2a: Slowking|Slowking-Galar, M, shiny|63/100
|turn|24
|
|t:|1760780691
|move|p1a: Umbreon|Foul Play|p2a: Slowking
|-supereffective|p2a: Slowking
|-damage|p2a: Slowking|24/100
|move|p2a: Slowking|Thunder Wave|p1a: Umbreon
|-status|p1a: Umbreon|par
|-activate|p1a: Umbreon|ability: Synchronize
|-status|p2a: Slowking|par
|
|-heal|p1a: Umbreon|96/100 par|[from] item: Leftovers
|upkeep
|turn|25
|
|t:|1760780697
|move|p1a: Umbreon|Foul Play|p2a: Slowking
|-supereffective|p2a: Slowking
|-damage|p2a: Slowking|0 fnt
|faint|p2a: Slowking
|
|-heal|p1a: Umbreon|100/100 par|[from] item: Leftovers
|-end|p1a: Umbreon|move: Taunt
|upkeep
|
|t:|1760780698
|switch|p2a: Kingambit|Kingambit, F|57/100
|-activate|p2a: Kingambit|ability: Supreme Overlord
|-start|p2a: Kingambit|fallen5|[silent]
|turn|26
|
|t:|1760780702
|move|p2a: Kingambit|Iron Head|p1a: Umbreon
|-damage|p1a: Umbreon|56/100 par
|cant|p1a: Umbreon|flinch
|
|-heal|p1a: Umbreon|62/100 par|[from] item: Leftovers
|upkeep
|turn|27
|
|t:|1760780707
|move|p2a: Kingambit|Iron Head|p1a: Umbreon
|-damage|p1a: Umbreon|20/100 par
|move|p1a: Umbreon|Foul Play|p2a: Kingambit
|-resisted|p2a: Kingambit
|-damage|p2a: Kingambit|35/100
|
|-heal|p1a: Umbreon|26/100 par|[from] item: Leftovers
|upkeep
|turn|28
|
|t:|1760780712
|move|p2a: Kingambit|Iron Head|p1a: Umbreon
|-damage|p1a: Umbreon|0 fnt
|faint|p1a: Umbreon
|
|upkeep
|
|t:|1760780713
|switch|p1a: Glaceon|Glaceon, M, tera:Water|65/100
|turn|29
|
|t:|1760780716
|move|p2a: Kingambit|Iron Head|p1a: Glaceon
|-resisted|p1a: Glaceon
|-damage|p1a: Glaceon|31/100
|move|p1a: Glaceon|Chilling Water|p2a: Kingambit
|-damage|p2a: Kingambit|0 fnt
|faint|p2a: Kingambit
|-end|p2a: Kingambit|fallen5|[silent]
|
|win|one_angry_jew
|raw|one_angry_jew's rating: 1451 &rarr; <strong>1475</strong><br />(+24 for winning)
|raw|gfhfghjsgdfhj's rating: 1513 &rarr; <strong>1489</strong><br />(-24 for losing)
|l|☆one_angry_jew
|player|p1|
|l|☆gfhfghjsgdfhj
|player|p2|
