|j|☆zsu-twink
|j|☆lagrubance
|t:|1760803135
|gametype|singles
|player|p1|zsu-twink|skyla|1145
|player|p2|lagrubance|101|1156
|gen|9
|tier|[Gen 9] OU
|rated|
|rule|HP Percentage Mod: HP is shown in percentages
|rule|Endless Battle Clause: Forcing endless battles is banned
|rule|Species Clause: Limit one of each Pokémon
|rule|OHKO Clause: OHKO moves are banned
|rule|Evasion Items Clause: Evasion items are banned
|rule|Evasion Moves Clause: Evasion moves are banned
|rule|Evasion Abilities Clause: Evasion abilities are banned
|rule|Sleep Moves Clause: Sleep-inducing moves are banned
|clearpoke
|poke|p1|Necrozma|
|poke|p1|Ribombee, M|
|poke|p1|Gholdengo|
|poke|p1|Ursaluna, F|
|poke|p1|Hoopa-Unbound|
|poke|p1|Avalugg, M|
|poke|p2|Landorus-Therian, M|
|poke|p2|Great Tusk|
|poke|p2|Pelipper, F|
|poke|p2|Iron Moth|
|poke|p2|Samurott-Hisui, M|
|poke|p2|Zapdos|
|teampreview
|inactive|Battle timer is ON: inactive players will automatically lose when time's up. (requested by lagrubance)
|
|t:|1760803140
|teamsize|p1|6
|teamsize|p2|6
|start
|switch|p1a: Ribombee|Ribombee, M|100/100
|switch|p2a: Pelipper|Pelipper, F|100/100
|-weather|RainDance|[from] ability: Drizzle|[of] p2a: Pelipper
|turn|1
|
|t:|1760803146
|move|p1a: Ribombee|Sticky Web|p2a: Pelipper
|-sidestart|p2: lagrubance|move: Sticky Web
|move|p2a: Pelipper|Tailwind|p2a: Pelipper
|-sidestart|p2: lagrubance|move: Tailwind
|
|-weather|RainDance|[upkeep]
|upkeep
|turn|2
|
|t:|1760803152
|move|p1a: Ribombee|Reflect|p1a: Ribombee
|-sidestart|p1: zsu-twink|Reflect
|move|p2a: Pelipper|Hurricane|p1a: Ribombee
|-supereffective|p1a: Ribombee
|-enditem|p1a: Ribombee|Focus Sash
|-damage|p1a: Ribombee|1/100
|
|-weather|RainDance|[upkeep]
|upkeep
|turn|3
|
|t:|1760803162
|switch|p1a: Gholdengo|Gholdengo|100/100
|move|p2a: Pelipper|Ice Beam|p1a: Gholdengo
|-resisted|p1a: Gholdengo
|-damage|p1a: Gholdengo|87/100
|
|-weather|RainDance|[upkeep]
|upkeep
|turn|4
|
|t:|1760803169
|move|p2a: Pelipper|Weather Ball|p1a: Gholdengo
|-damage|p1a: Gholdengo|21/100
|-enditem|p1a: Gholdengo|Sitrus Berry|[eat]
|-heal|p1a: Gholdengo|46/100|[from] item: Sitrus Berry
|move|p1a: Gholdengo|Nasty Plot|p1a: Gholdengo
|-boost|p1a: Gholdengo|spa|2
|
|-weather|RainDance|[upkeep]
|-sideend|p2: lagrubance|move: Tailwind
|upkeep
|turn|5
|
|t:|1760803180
|switch|p1a: Hoopa|Hoopa-Unbound|100/100
|move|p2a: Pelipper|Tailwind|p2a: Pelipper
|-sidestart|p2: lagrubance|move: Tailwind
|
|-weather|none
|upkeep
|turn|6
|
|t:|1760803192
|move|p2a: Pelipper|Ice Beam|p1a: Hoopa
|-damage|p1a: Hoopa|81/100
|move|p1a: Hoopa|Calm Mind|p1a: Hoopa
|-boost|p1a: Hoopa|spa|1
|-boost|p1a: Hoopa|spd|1
|
|-sideend|p1: zsu-twink|Reflect
|upkeep
|turn|7
|
|t:|1760803199
|switch|p2a: Landorus|Landorus-Therian, M, shiny|100/100
|-ability|p2a: Landorus|Intimidate|boost
|-unboost|p1a: Hoopa|atk|1
|move|p1a: Hoopa|Dark Pulse|p2a: Landorus
|-damage|p2a: Landorus|0 fnt
|faint|p2a: Landorus
|
|upkeep
|
|t:|1760803206
|switch|p2a: Great Tusk|Great Tusk|100/100
|-activate|p2a: Great Tusk|move: Sticky Web
|-unboost|p2a: Great Tusk|spe|1
|-enditem|p2a: Great Tusk|Booster Energy
|-activate|p2a: Great Tusk|ability: Protosynthesis|[fromitem]
|-start|p2a: Great Tusk|protosynthesisatk
|turn|8
|
|t:|1760803211
|move|p2a: Great Tusk|Rapid Spin|p1a: Hoopa
|-damage|p1a: Hoopa|44/100
|-boost|p2a: Great Tusk|spe|1
|-sideend|p2: lagrubance|Sticky Web|[from] move: Rapid Spin|[of] p2a: Great Tusk
|move|p1a: Hoopa|Psyshock|p2a: Great Tusk
|-supereffective|p2a: Great Tusk
|-damage|p2a: Great Tusk|0 fnt
|faint|p2a: Great Tusk
|-end|p2a: Great Tusk|Protosynthesis|[silent]
|
|-sideend|p2: lagrubance|move: Tailwind
|upkeep
|
|t:|1760803218
|switch|p2a: Samurott|Samurott-Hisui, M|100/100
|turn|9
|
|t:|1760803229
|switch|p1a: Ursaluna|Ursaluna, F|100/100
|move|p2a: Samurott|Ceaseless Edge|p1a: Ursaluna|[miss]
|-miss|p2a: Samurott|p1a: Ursaluna
|
|-status|p1a: Ursaluna|brn|[from] item: Flame Orb
|upkeep
|turn|10
|
|t:|1760803242
|-terastallize|p1a: Ursaluna|Fighting
|move|p2a: Samurott|Aqua Cutter|p1a: Ursaluna
|-crit|p1a: Ursaluna
|-damage|p1a: Ursaluna|44/100 brn
|move|p1a: Ursaluna|Drain Punch|p2a: Samurott
|-supereffective|p2a: Samurott
|-damage|p2a: Samurott|0 fnt
|-heal|p1a: Ursaluna|84/100 brn|[from] drain|[of] p2a: Samurott
|faint|p2a: Samurott
|
|-damage|p1a: Ursaluna|78/100 brn|[from] brn
|upkeep
|
|t:|1760803250
|switch|p2a: Pelipper|Pelipper, F|100/100
|-weather|RainDance|[from] ability: Drizzle|[of] p2a: Pelipper
|turn|11
|
|t:|1760803254
|move|p2a: Pelipper|Tailwind|p2a: Pelipper
|-sidestart|p2: lagrubance|move: Tailwind
|move|p1a: Ursaluna|Supercell Slam|p2a: Pelipper
|-supereffective|p2a: Pelipper
|-damage|p2a: Pelipper|0 fnt
|faint|p2a: Pelipper
|
|-weather|RainDance|[upkeep]
|-damage|p1a: Ursaluna|71/100 brn|[from] brn
|upkeep
|
|t:|1760803258
|switch|p2a: Zapdos|Zapdos, shiny|100/100
|turn|12
|
|t:|1760803261
|move|p2a: Zapdos|Hurricane|p1a: Ursaluna
|-supereffective|p1a: Ursaluna
|-damage|p1a: Ursaluna|0 fnt
|faint|p1a: Ursaluna
|
|-weather|RainDance|[upkeep]
|upkeep
|
|t:|1760803268
|switch|p1a: Avalugg|Avalugg, M|100/100
|turn|13
|
|t:|1760803272
|-terastallize|p2a: Zapdos|Electric
|move|p2a: Zapdos|Thunder|p1a: Avalugg
|-damage|p1a: Avalugg|3/100
|move|p1a: Avalugg|Icicle Crash|p2a: Zapdos
|-damage|p2a: Zapdos|61/100
|
|-weather|RainDance|[upkeep]
|upkeep
|turn|14
|
|t:|1760803282
|move|p2a: Zapdos|Ancient Power|p1a: Avalugg
|-supereffective|p1a: Avalugg
|-damage|p1a: Avalugg|0 fnt
|faint|p1a: Avalugg
|
|-weather|RainDance|[upkeep]
|-sideend|p2: lagrubance|move: Tailwind
|upkeep
|
|t:|1760803290
|switch|p1a: Ribombee|Ribombee, M|1/100
|turn|15
|
|t:|1760803293
|move|p1a: Ribombee|Sticky Web|p2a: Zapdos
|-sidestart|p2: lagrubance|move: Sticky Web
|move|p2a: Zapdos|Ancient Power|p1a: Ribombee
|-supereffective|p1a: Ribombee
|-damage|p1a: Ribombee|0 fnt
|faint|p1a: Ribombee
|
|-weather|none
|upkeep
|
|t:|1760803302
|switch|p1a: Necrozma|Necrozma|100/100
|turn|16
|
|t:|1760803306
|move|p1a: Necrozma|Photon Geyser|p2a: Zapdos
|-damage|p2a: Zapdos|19/100
|move|p2a: Zapdos|Volt Switch|p1a: Necrozma
|-damage|p1a: Necrozma|55/100
|
|t:|1760803314
|switch|p2a: Iron Moth|Iron Moth, shiny|100/100|[from] Volt Switch
|-activate|p2a: Iron Moth|move: Sticky Web
|-unboost|p2a: Iron Moth|spe|1
|-enditem|p2a: Iron Moth|Booster Energy
|-activate|p2a: Iron Moth|ability: Quark Drive|[fromitem]
|-start|p2a: Iron Moth|quarkdrivespa
|
|upkeep
|turn|17
|
|t:|1760803321
|move|p1a: Necrozma|Photon Geyser|p2a: Iron Moth
|-supereffective|p2a: Iron Moth
|-damage|p2a: Iron Moth|0 fnt
|faint|p2a: Iron Moth
|-end|p2a: Iron Moth|Quark Drive|[silent]
|
|upkeep
|
|t:|1760803325
|switch|p2a: Zapdos|Zapdos, shiny, tera:Electric|19/100
|-activate|p2a: Zapdos|move: Sticky Web
|-unboost|p2a: Zapdos|spe|1
|turn|18
|
|t:|1760803329
|move|p1a: Necrozma|Photon Geyser|p2a: Zapdos
|-damage|p2a: Zapdos|0 fnt
|faint|p2a: Zapdos
|
|win|zsu-twink
|raw|zsu-twink's rating: 1145 &rarr; <strong>1171</strong><br />(+26 for winning)
|raw|lagrubance's rating: 1156 &rarr; <strong>1130</strong><br />(-26 for losing)
|l|☆lagrubance
|player|p2|
