|j|☆aspiii
|j|☆Shwarmalama
|t:|1760849839
|gametype|singles
|player|p1|aspiii|volkner|1224
|player|p2|Shwarmalama|selene|1301
|gen|9
|tier|[Gen 9] OU
|rated|
|rule|HP Percentage Mod: HP is shown in percentages
|rule|Endless Battle Clause: Forcing endless battles is banned
|rule|Species Clause: Limit one of each Pokémon
|rule|OHKO Clause: OHKO moves are banned
|rule|Evasion Items Clause: Evasion items are banned
|rule|Evasion Moves Clause: Evasion moves are banned
|rule|Evasion Abilities Clause: Evasion abilities are banned
|rule|Sleep Moves Clause: Sleep-inducing moves are banned
|clearpoke
|poke|p1|Ditto|
|poke|p1|Hoopa-Unbound|
|poke|p1|Alomomola, M|
|poke|p1|Weezing-Galar, F|
|poke|p1|Corviknight, M|
|poke|p1|Gliscor, F|
|poke|p2|Kyurem|
|poke|p2|Rotom-Wash|
|poke|p2|Gholdengo|
|poke|p2|Dragapult, F|
|poke|p2|Slowking-Galar, F|
|poke|p2|Slither Wing|
|teampreview
|c|☆aspiii|shawarma?
|inactive|Battle timer is ON: inactive players will automatically lose when time's up. (requested by aspiii)
|
|t:|1760849879
|teamsize|p1|6
|teamsize|p2|6
|start
|switch|p1a: Scald...|Alomomola, M|100/100
|switch|p2a: Slither Wing|Slither Wing|100/100
|turn|1
|
|t:|1760849908
|move|p1a: Scald...|Protect|p1a: Scald...
|-singleturn|p1a: Scald...|Protect
|move|p2a: Slither Wing|Low Kick|p1a: Scald...
|-activate|p1a: Scald...|move: Protect
|
|upkeep
|turn|2
|
|t:|1760849916
|move|p2a: Slither Wing|Low Kick|p1a: Scald...
|-damage|p1a: Scald...|86/100
|move|p1a: Scald...|Scald|p2a: Slither Wing
|-damage|p2a: Slither Wing|89/100
|
|upkeep
|turn|3
|
|t:|1760849933
|move|p2a: Slither Wing|Low Kick|p1a: Scald...
|-damage|p1a: Scald...|70/100
|move|p1a: Scald...|Scald|p2a: Slither Wing
|-damage|p2a: Slither Wing|76/100
|
|upkeep
|turn|4
|
|t:|1760849944
|-end|p2a: Slither Wing|Protosynthesis|[silent]
|switch|p2a: Slowking|Slowking-Galar, F|100/100
|move|p1a: Scald...|Scald|p2a: Slowking
|-damage|p2a: Slowking|91/100
|-status|p2a: Slowking|brn
|
|-damage|p2a: Slowking|85/100 brn|[from] brn
|upkeep
|turn|5
|
|t:|1760849953
|move|p1a: Scald...|Protect|p1a: Scald...
|-singleturn|p1a: Scald...|Protect
|-prepare|p2a: Slowking|Chilly Reception|[premajor]
|move|p2a: Slowking|Chilly Reception|p2a: Slowking
|-weather|Snowscape
|
|t:|1760849955
|switch|p2a: Mariah Kyurey|Kyurem|100/100|[from] Chilly Reception
|-ability|p2a: Mariah Kyurey|Pressure
|
|-weather|Snowscape|[upkeep]
|upkeep
|turn|6
|
|t:|1760849961
|switch|p1a: No U|Ditto|100/100
|-transform|p1a: No U|p2a: Mariah Kyurey|[from] ability: Imposter
|-ability|p1a: No U|Pressure
|move|p2a: Mariah Kyurey|Substitute|p2a: Mariah Kyurey
|-start|p2a: Mariah Kyurey|Substitute
|-damage|p2a: Mariah Kyurey|76/100
|
|-weather|Snowscape|[upkeep]
|upkeep
|turn|7
|
|t:|1760849979
|move|p1a: No U|Blizzard|p2a: Mariah Kyurey
|-end|p2a: Mariah Kyurey|Substitute
|move|p2a: Mariah Kyurey|Blizzard|p1a: No U
|-damage|p1a: No U|22/100
|
|-weather|Snowscape|[upkeep]
|upkeep
|turn|8
|
|t:|1760849995
|switch|p2a: Gholdengo|Gholdengo|100/100
|move|p1a: No U|Blizzard|p2a: Gholdengo
|-resisted|p2a: Gholdengo
|-damage|p2a: Gholdengo|69/100
|
|-weather|Snowscape|[upkeep]
|upkeep
|turn|9
|
|t:|1760850005
|switch|p1a: Gliscor|Gliscor, F|100/100
|move|p2a: Gholdengo|Trick|p1a: Gliscor
|-activate|p2a: Gholdengo|move: Trick|[of] p1a: Gliscor
|-item|p1a: Gliscor|Choice Scarf|[from] move: Trick
|-item|p2a: Gholdengo|Toxic Orb|[from] move: Trick
|
|-weather|none
|upkeep
|turn|10
|inactive|Shwarmalama has 120 seconds left.
|
|t:|1760850030
|switch|p2a: Slither Wing|Slither Wing|76/100
|move|p1a: Gliscor|Spikes|p2a: Slither Wing
|-sidestart|p2: Shwarmalama|Spikes
|
|upkeep
|turn|11
|
|t:|1760850035
|move|p1a: Gliscor|Spikes|p2a: Slither Wing
|-sidestart|p2: Shwarmalama|Spikes
|move|p2a: Slither Wing|U-turn|p1a: Gliscor
|-resisted|p1a: Gliscor
|-damage|p1a: Gliscor|89/100
|
|t:|1760850040
|-end|p2a: Slither Wing|Protosynthesis|[silent]
|switch|p2a: Mariah Kyurey|Kyurem|76/100|[from] U-turn
|-ability|p2a: Mariah Kyurey|Pressure
|
|upkeep
|turn|12
|
|t:|1760850050
|switch|p1a: Scald...|Alomomola, M|100/100
|move|p2a: Mariah Kyurey|Freeze-Dry|p1a: Scald...
|-supereffective|p1a: Scald...
|-damage|p1a: Scald...|16/100
|
|upkeep
|turn|13
|
|t:|1760850061
|move|p1a: Scald...|Protect|p1a: Scald...
|-singleturn|p1a: Scald...|Protect
|move|p2a: Mariah Kyurey|Substitute|p2a: Mariah Kyurey
|-start|p2a: Mariah Kyurey|Substitute
|-damage|p2a: Mariah Kyurey|51/100
|
|upkeep
|turn|14
|
|t:|1760850068
|switch|p1a: Anti-Meta|Weezing-Galar, F|100/100
|-ability|p1a: Anti-Meta|Neutralizing Gas
|move|p2a: Mariah Kyurey|Freeze-Dry|p1a: Anti-Meta
|-damage|p1a: Anti-Meta|51/100
|
|upkeep
|turn|15
|
|t:|1760850078
|move|p2a: Mariah Kyurey|Freeze-Dry|p1a: Anti-Meta
|-damage|p1a: Anti-Meta|0 fnt
|faint|p1a: Anti-Meta
|-end|p1a: Anti-Meta|ability: Neutralizing Gas
|-ability|p2a: Mariah Kyurey|Pressure
|
|upkeep
|l|☆aspiii
|inactive|aspiii disconnected and has a minute to reconnect!
|player|p1|
|inactive|aspiii has 30 seconds to reconnect!
|inactive|aspiii has 20 seconds to reconnect!
|inactive|aspiii has 15 seconds to reconnect!
|inactive|aspiii has 10 seconds to reconnect!
|inactive|aspiii has 5 seconds to reconnect!
|-message|aspiii lost due to inactivity.
|
|win|Shwarmalama
|raw|aspiii's rating: 1224 &rarr; <strong>1204</strong><br />(-20 for losing)
|raw|Shwarmalama's rating: 1301 &rarr; <strong>1317</strong><br />(+16 for winning)
|l|☆Shwarmalama
|player|p2|
