|j|☆lalololole
|j|☆ExSabre
|t:|1760766672
|gametype|singles
|player|p1|lalololole|unknownf|1108
|player|p2|ExSabre|doctor|1115
|gen|9
|tier|[Gen 9] OU
|rated|
|rule|HP Percentage Mod: HP is shown in percentages
|rule|Endless Battle Clause: Forcing endless battles is banned
|rule|Species Clause: Limit one of each Pokémon
|rule|OHKO Clause: OHKO moves are banned
|rule|Evasion Items Clause: Evasion items are banned
|rule|Evasion Moves Clause: Evasion moves are banned
|rule|Evasion Abilities Clause: Evasion abilities are banned
|rule|Sleep Moves Clause: Sleep-inducing moves are banned
|clearpoke
|poke|p1|Clefable, M|
|poke|p1|Garchomp, F|
|poke|p1|Ceruledge, M|
|poke|p1|Empoleon, F|
|poke|p1|Froslass, F|
|poke|p1|Fezandipiti, M|
|poke|p2|Rillaboom, M|
|poke|p2|Ting-Lu|
|poke|p2|Alomomola, F|
|poke|p2|Raging Bolt|
|poke|p2|Iron Valiant|
|poke|p2|Corviknight, M|
|teampreview
|
|t:|1760766701
|teamsize|p1|6
|teamsize|p2|6
|start
|switch|p1a: Ceruledge|Ceruledge, M|100/100
|switch|p2a: BIG BOOM x3|Rillaboom, M|100/100
|-fieldstart|move: Grassy Terrain|[from] ability: Grassy Surge|[of] p2a: BIG BOOM x3
|turn|1
|inactive|Battle timer is ON: inactive players will automatically lose when time's up. (requested by lalololole)
|
|t:|1760766717
|move|p1a: Ceruledge|Swords Dance|p1a: Ceruledge
|-boost|p1a: Ceruledge|atk|2
|move|p2a: BIG BOOM x3|Knock Off|p1a: Ceruledge
|-supereffective|p1a: Ceruledge
|-damage|p1a: Ceruledge|0 fnt
|-enditem|p1a: Ceruledge|Heavy-Duty Boots|[from] move: Knock Off|[of] p2a: BIG BOOM x3
|faint|p1a: Ceruledge
|
|upkeep
|
|t:|1760766731
|switch|p1a: Clefable|Clefable, M|100/100
|turn|2
|
|t:|1760766734
|move|p2a: BIG BOOM x3|Knock Off|p1a: Clefable
|-resisted|p1a: Clefable
|-damage|p1a: Clefable|68/100
|-enditem|p1a: Clefable|Leftovers|[from] move: Knock Off|[of] p2a: BIG BOOM x3
|move|p1a: Clefable|Calm Mind|p1a: Clefable
|-boost|p1a: Clefable|spa|1
|-boost|p1a: Clefable|spd|1
|
|-heal|p1a: Clefable|74/100|[from] Grassy Terrain
|upkeep
|turn|3
|
|t:|1760766749
|switch|p2a: Corviknight|Corviknight, M|100/100
|-ability|p2a: Corviknight|Pressure
|move|p1a: Clefable|Flamethrower|p2a: Corviknight
|-supereffective|p2a: Corviknight
|-damage|p2a: Corviknight|16/100
|
|-heal|p2a: Corviknight|23/100|[from] item: Leftovers
|-heal|p1a: Clefable|80/100|[from] Grassy Terrain
|upkeep
|turn|4
|
|t:|1760766758
|move|p2a: Corviknight|Iron Head|p1a: Clefable
|-supereffective|p1a: Clefable
|-crit|p1a: Clefable
|-damage|p1a: Clefable|0 fnt
|faint|p1a: Clefable
|
|-heal|p2a: Corviknight|29/100|[from] item: Leftovers
|upkeep
|
|t:|1760766769
|switch|p1a: Froslass|Froslass, F|100/100
|turn|5
|
|t:|1760766780
|switch|p2a: aloe vera|Alomomola, F|100/100
|move|p1a: Froslass|Frost Breath|p2a: aloe vera
|-resisted|p2a: aloe vera
|-crit|p2a: aloe vera
|-damage|p2a: aloe vera|79/100
|
|-heal|p2a: aloe vera|85/100|[from] Grassy Terrain
|-fieldend|move: Grassy Terrain
|upkeep
|turn|6
|inactive|lalololole has 120 seconds left.
|
|t:|1760766818
|move|p1a: Froslass|Will-O-Wisp|p2a: aloe vera|[miss]
|-miss|p1a: Froslass|p2a: aloe vera
|move|p2a: aloe vera|Wish|p2a: aloe vera
|
|upkeep
|turn|7
|inactive|lalololole has 120 seconds left.
|
|t:|1760766825
|move|p1a: Froslass|Will-O-Wisp|p2a: aloe vera
|-status|p2a: aloe vera|brn
|move|p2a: aloe vera|Scald|p1a: Froslass
|-damage|p1a: Froslass|77/100
|
|-heal|p2a: aloe vera|100/100 brn|[from] move: Wish|[wisher] aloe vera
|-damage|p2a: aloe vera|94/100 brn|[from] brn
|upkeep
|turn|8
|
|t:|1760766836
|move|p1a: Froslass|Hex|p2a: aloe vera
|-damage|p2a: aloe vera|35/100 brn
|move|p2a: aloe vera|Scald|p1a: Froslass
|-damage|p1a: Froslass|53/100
|-status|p1a: Froslass|brn
|
|-damage|p1a: Froslass|47/100 brn|[from] brn
|-damage|p2a: aloe vera|29/100 brn|[from] brn
|upkeep
|turn|9
|inactive|lalololole has 120 seconds left.
|l|☆lalololole
|inactive|lalololole disconnected and has a minute to reconnect!
|player|p1|
|inactive|lalololole has 30 seconds to reconnect!
|inactive|lalololole has 20 seconds to reconnect!
|inactive|lalololole has 15 seconds to reconnect!
|inactive|lalololole has 10 seconds to reconnect!
|inactive|lalololole has 5 seconds to reconnect!
|-message|lalololole lost due to inactivity.
|
|win|ExSabre
|raw|lalololole's rating: 1108 &rarr; <strong>1084</strong><br />(-24 for losing)
|raw|ExSabre's rating: 1115 &rarr; <strong>1139</strong><br />(+24 for winning)
|l|☆ExSabre
|player|p2|
