|j|☆Flapjack Hero
|j|☆Trumpontop
|t:|1760722772
|gametype|singles
|player|p1|Flapjack Hero|265|1329
|player|p2|Trumpontop|psychic-gen4|1365
|gen|9
|tier|[Gen 9] OU
|rated|
|rule|HP Percentage Mod: HP is shown in percentages
|rule|Endless Battle Clause: Forcing endless battles is banned
|rule|Species Clause: Limit one of each Pokémon
|rule|OHKO Clause: OHKO moves are banned
|rule|Evasion Items Clause: Evasion items are banned
|rule|Evasion Moves Clause: Evasion moves are banned
|rule|Evasion Abilities Clause: Evasion abilities are banned
|rule|Sleep Moves Clause: Sleep-inducing moves are banned
|clearpoke
|poke|p1|Blaziken, F|
|poke|p1|Great Tusk|
|poke|p1|Alomomola, M|
|poke|p1|Kyurem|
|poke|p1|Darkrai|
|poke|p1|Zapdos|
|poke|p2|Samurott-Hisui, M|
|poke|p2|Heatran, M|
|poke|p2|Latios, M|
|poke|p2|Iron Valiant|
|poke|p2|Iron Treads|
|poke|p2|Dragapult, M|
|teampreview
|inactive|Battle timer is ON: inactive players will automatically lose when time's up. (requested by Trumpontop)
|
|t:|1760722787
|teamsize|p1|6
|teamsize|p2|6
|start
|switch|p1a: Darkrai|Darkrai|100/100
|switch|p2a: Latios|Latios, M|100/100
|turn|1
|
|t:|1760722792
|switch|p2a: Samurott|Samurott-Hisui, M|100/100
|move|p1a: Darkrai|Dark Pulse|p2a: Samurott
|-resisted|p2a: Samurott
|-damage|p2a: Samurott|84/100
|
|upkeep
|turn|2
|
|t:|1760722796
|switch|p1a: Alomomola|Alomomola, M|100/100
|move|p2a: Samurott|Ceaseless Edge|p1a: Alomomola
|-damage|p1a: Alomomola|80/100
|-damage|p2a: Samurott|68/100|[from] item: Rocky Helmet|[of] p1a: Alomomola
|-sidestart|p1: Flapjack Hero|Spikes
|
|upkeep
|turn|3
|
|t:|1760722800
|move|p2a: Samurott|Knock Off|p1a: Alomomola
|-damage|p1a: Alomomola|55/100
|-damage|p2a: Samurott|51/100|[from] item: Rocky Helmet|[of] p1a: Alomomola
|-enditem|p1a: Alomomola|Rocky Helmet|[from] move: Knock Off|[of] p2a: Samurott
|move|p1a: Alomomola|Flip Turn|p2a: Samurott
|-resisted|p2a: Samurott
|-damage|p2a: Samurott|43/100
|l|☆Flapjack Hero
|inactive|Flapjack Hero disconnected and has a minute to reconnect!
|player|p1|
|j|☆Flapjack Hero
|inactive|Flapjack Hero reconnected and has 140 seconds left.
|player|p1|Flapjack Hero|265|
|
|t:|1760722815
|switch|p1a: Great Tusk|Great Tusk|100/100|[from] Flip Turn
|-damage|p1a: Great Tusk|88/100|[from] Spikes
|
|upkeep
|turn|4
|
|t:|1760722822
|move|p1a: Great Tusk|Headlong Rush|p2a: Samurott
|-damage|p2a: Samurott|0 fnt
|-unboost|p1a: Great Tusk|def|1
|-unboost|p1a: Great Tusk|spd|1
|faint|p2a: Samurott
|
|upkeep
|
|t:|1760722828
|switch|p2a: Iron Valiant|Iron Valiant|100/100
|turn|5
|
|t:|1760722832
|-end|p1a: Great Tusk|Protosynthesis|[silent]
|switch|p1a: Zapdos|Zapdos|100/100
|move|p2a: Iron Valiant|Moonblast|p1a: Zapdos
|-damage|p1a: Zapdos|52/100
|
|upkeep
|turn|6
|
|t:|1760722840
|-end|p2a: Iron Valiant|Quark Drive|[silent]
|switch|p2a: Iron Treads|Iron Treads|100/100
|move|p1a: Zapdos|Thunder Wave|p2a: Iron Treads
|-immune|p2a: Iron Treads
|
|upkeep
|turn|7
|
|t:|1760722852
|switch|p1a: Great Tusk|Great Tusk|88/100
|-damage|p1a: Great Tusk|76/100|[from] Spikes
|move|p2a: Iron Treads|Ice Spinner|p1a: Great Tusk
|-supereffective|p1a: Great Tusk
|-damage|p1a: Great Tusk|50/100
|-damage|p2a: Iron Treads|84/100|[from] item: Rocky Helmet|[of] p1a: Great Tusk
|
|-heal|p2a: Iron Treads|90/100|[from] item: Leftovers
|upkeep
|turn|8
|
|t:|1760722871
|-end|p2a: Iron Treads|Quark Drive|[silent]
|switch|p2a: Latios|Latios, M|100/100
|move|p1a: Great Tusk|Headlong Rush|p2a: Latios
|-immune|p2a: Latios|[from] ability: Levitate
|
|upkeep
|turn|9
|
|t:|1760722879
|-end|p1a: Great Tusk|Protosynthesis|[silent]
|switch|p1a: Zapdos|Zapdos|52/100
|move|p2a: Latios|Draco Meteor|p1a: Zapdos
|-damage|p1a: Zapdos|1/100
|-unboost|p2a: Latios|spa|2
|
|upkeep
|turn|10
|
|t:|1760722886
|switch|p2a: Iron Treads|Iron Treads|90/100
|move|p1a: Zapdos|Roost|p1a: Zapdos
|-heal|p1a: Zapdos|51/100
|-singleturn|p1a: Zapdos|move: Roost
|
|-heal|p2a: Iron Treads|96/100|[from] item: Leftovers
|upkeep
|turn|11
|
|t:|1760722890
|switch|p1a: Alomomola|Alomomola, M|89/100
|-damage|p1a: Alomomola|76/100|[from] Spikes
|move|p2a: Iron Treads|Ice Spinner|p1a: Alomomola
|-resisted|p1a: Alomomola
|-damage|p1a: Alomomola|70/100
|
|-heal|p2a: Iron Treads|100/100|[from] item: Leftovers
|upkeep
|turn|12
|
|t:|1760722899
|-end|p2a: Iron Treads|Quark Drive|[silent]
|switch|p2a: Latios|Latios, M|100/100
|move|p1a: Alomomola|Flip Turn|p2a: Latios
|-resisted|p2a: Latios
|-damage|p2a: Latios|91/100
|
|t:|1760722904
|switch|p1a: Darkrai|Darkrai|100/100|[from] Flip Turn
|-damage|p1a: Darkrai|88/100|[from] Spikes
|
|upkeep
|turn|13
|
|t:|1760722911
|switch|p2a: Heatran|Heatran, M|100/100
|move|p1a: Darkrai|Sludge Bomb|p2a: Heatran
|-immune|p2a: Heatran
|
|upkeep
|turn|14
|
|t:|1760722919
|switch|p1a: Alomomola|Alomomola, M|100/100
|-damage|p1a: Alomomola|88/100|[from] Spikes
|move|p2a: Heatran|Lava Plume|p1a: Alomomola
|-resisted|p1a: Alomomola
|-damage|p1a: Alomomola|69/100
|-status|p1a: Alomomola|brn
|
|-damage|p1a: Alomomola|63/100 brn|[from] brn
|upkeep
|turn|15
|
|t:|1760722925
|move|p2a: Heatran|Stealth Rock|p1a: Alomomola
|-sidestart|p1: Flapjack Hero|move: Stealth Rock
|move|p1a: Alomomola|Flip Turn|p2a: Heatran
|-supereffective|p2a: Heatran
|-damage|p2a: Heatran|91/100
|-damage|p1a: Alomomola|46/100 brn|[from] item: Rocky Helmet|[of] p2a: Heatran
|
|t:|1760722927
|switch|p1a: Great Tusk|Great Tusk|50/100|[from] Flip Turn
|-damage|p1a: Great Tusk|38/100|[from] Spikes
|-damage|p1a: Great Tusk|35/100|[from] Stealth Rock
|
|upkeep
|turn|16
|
|t:|1760722931
|switch|p2a: Dragapult|Dragapult, M|100/100
|move|p1a: Great Tusk|Rapid Spin|p2a: Dragapult
|-immune|p2a: Dragapult
|
|upkeep
|turn|17
|
|t:|1760722936
|move|p2a: Dragapult|Dragon Darts|p1a: Great Tusk
|-damage|p1a: Great Tusk|13/100
|-anim|p2a: Dragapult|Dragon Darts|p1a: Great Tusk
|-damage|p1a: Great Tusk|0 fnt
|faint|p1a: Great Tusk
|-end|p1a: Great Tusk|Protosynthesis|[silent]
|
|upkeep
|
|t:|1760722940
|switch|p1a: Kyurem|Kyurem|100/100
|-damage|p1a: Kyurem|88/100|[from] Spikes
|-damage|p1a: Kyurem|63/100|[from] Stealth Rock
|-ability|p1a: Kyurem|Pressure
|turn|18
|
|t:|1760722945
|switch|p2a: Iron Treads|Iron Treads|100/100
|-terastallize|p1a: Kyurem|Steel
|move|p1a: Kyurem|Dragon Dance|p1a: Kyurem
|-boost|p1a: Kyurem|atk|1
|-boost|p1a: Kyurem|spe|1
|
|upkeep
|turn|19
|
|t:|1760722950
|move|p1a: Kyurem|Icicle Spear|p2a: Iron Treads
|-damage|p2a: Iron Treads|85/100
|-damage|p2a: Iron Treads|69/100
|-damage|p2a: Iron Treads|52/100
|-damage|p2a: Iron Treads|36/100
|-hitcount|p2a: Iron Treads|4
|move|p2a: Iron Treads|Earthquake|p1a: Kyurem
|-supereffective|p1a: Kyurem
|-damage|p1a: Kyurem|0 fnt
|faint|p1a: Kyurem
|
|-heal|p2a: Iron Treads|42/100|[from] item: Leftovers
|upkeep
|
|t:|1760722959
|switch|p1a: Blaziken|Blaziken, F|100/100
|-damage|p1a: Blaziken|88/100|[from] Stealth Rock
|-item|p1a: Blaziken|Air Balloon
|turn|20
|
|t:|1760722966
|-end|p2a: Iron Treads|Quark Drive|[silent]
|switch|p2a: Heatran|Heatran, M|91/100
|move|p1a: Blaziken|Swords Dance|p1a: Blaziken
|-boost|p1a: Blaziken|atk|2
|
|-ability|p1a: Blaziken|Speed Boost|boost
|-boost|p1a: Blaziken|spe|1
|upkeep
|turn|21
|
|t:|1760722988
|-terastallize|p2a: Heatran|Grass
|move|p1a: Blaziken|Close Combat|p2a: Heatran
|-damage|p2a: Heatran|12/100
|-unboost|p1a: Blaziken|def|1
|-unboost|p1a: Blaziken|spd|1
|-damage|p1a: Blaziken|72/100|[from] item: Rocky Helmet|[of] p2a: Heatran
|move|p2a: Heatran|Lava Plume|p1a: Blaziken
|-resisted|p1a: Blaziken
|-damage|p1a: Blaziken|31/100
|-enditem|p1a: Blaziken|Air Balloon
|
|-ability|p1a: Blaziken|Speed Boost|boost
|-boost|p1a: Blaziken|spe|1
|upkeep
|turn|22
|
|t:|1760723000
|move|p1a: Blaziken|Close Combat|p2a: Heatran
|-damage|p2a: Heatran|0 fnt
|-unboost|p1a: Blaziken|def|1
|-unboost|p1a: Blaziken|spd|1
|-damage|p1a: Blaziken|14/100|[from] item: Rocky Helmet|[of] p2a: Heatran
|faint|p2a: Heatran
|
|-ability|p1a: Blaziken|Speed Boost|boost
|-boost|p1a: Blaziken|spe|1
|upkeep
|
|t:|1760723003
|switch|p2a: Iron Valiant|Iron Valiant|100/100
|turn|23
|
|t:|1760723004
|move|p1a: Blaziken|Upper Hand|p2a: Iron Valiant
|-resisted|p2a: Iron Valiant
|-damage|p2a: Iron Valiant|57/100
|cant|p2a: Iron Valiant|flinch
|
|-ability|p1a: Blaziken|Speed Boost|boost
|-boost|p1a: Blaziken|spe|1
|upkeep
|turn|24
|
|t:|1760723009
|move|p1a: Blaziken|Upper Hand|p2a: Iron Valiant
|-resisted|p2a: Iron Valiant
|-damage|p2a: Iron Valiant|15/100
|cant|p2a: Iron Valiant|flinch
|
|-ability|p1a: Blaziken|Speed Boost|boost
|-boost|p1a: Blaziken|spe|1
|upkeep
|turn|25
|
|t:|1760723011
|move|p1a: Blaziken|Upper Hand|p2a: Iron Valiant
|-resisted|p2a: Iron Valiant
|-damage|p2a: Iron Valiant|0 fnt
|faint|p2a: Iron Valiant
|-end|p2a: Iron Valiant|Quark Drive|[silent]
|
|-ability|p1a: Blaziken|Speed Boost|boost
|-boost|p1a: Blaziken|spe|1
|upkeep
|
|t:|1760723013
|switch|p2a: Dragapult|Dragapult, M|100/100
|turn|26
|
|t:|1760723016
|move|p1a: Blaziken|Flare Blitz|p2a: Dragapult
|-resisted|p2a: Dragapult
|-damage|p2a: Dragapult|0 fnt
|faint|p2a: Dragapult
|-damage|p1a: Blaziken|0 fnt|[from] Recoil
|faint|p1a: Blaziken
|
|upkeep
|
|t:|1760723024
|switch|p2a: Iron Treads|Iron Treads|42/100
|switch|p1a: Zapdos|Zapdos|51/100
|turn|27
|
|t:|1760723030
|-end|p2a: Iron Treads|Quark Drive|[silent]
|switch|p2a: Latios|Latios, M|91/100
|move|p1a: Zapdos|Roost|p1a: Zapdos
|-heal|p1a: Zapdos|100/100
|-singleturn|p1a: Zapdos|move: Roost
|
|upkeep
|turn|28
|
|t:|1760723032
|move|p2a: Latios|Luster Purge|p1a: Zapdos
|-damage|p1a: Zapdos|63/100
|-unboost|p1a: Zapdos|spd|1
|move|p1a: Zapdos|Thunder Wave|p2a: Latios|[miss]
|-miss|p1a: Zapdos|p2a: Latios
|
|upkeep
|turn|29
|
|t:|1760723036
|switch|p2a: Iron Treads|Iron Treads|42/100
|switch|p1a: Darkrai|Darkrai|88/100
|-damage|p1a: Darkrai|76/100|[from] Spikes
|-damage|p1a: Darkrai|63/100|[from] Stealth Rock
|
|-heal|p2a: Iron Treads|48/100|[from] item: Leftovers
|upkeep
|turn|30
|
|t:|1760723038
|-end|p2a: Iron Treads|Quark Drive|[silent]
|switch|p2a: Latios|Latios, M|91/100
|move|p1a: Darkrai|Dark Pulse|p2a: Latios
|-supereffective|p2a: Latios
|-damage|p2a: Latios|0 fnt
|faint|p2a: Latios
|
|upkeep
|-message|Trumpontop forfeited.
|
|win|Flapjack Hero
|raw|Flapjack Hero's rating: 1329 &rarr; <strong>1351</strong><br />(+22 for winning)
|raw|Trumpontop's rating: 1365 &rarr; <strong>1343</strong><br />(-22 for losing)
|l|☆Trumpontop
|player|p2|
