|j|☆Moath2m
|j|☆leosyspu
|t:|1760885683
|gametype|singles
|player|p1|Moath2m|lucas|1345
|player|p2|leosyspu|cynthia|1366
|gen|9
|tier|[Gen 9] OU
|rated|
|rule|HP Percentage Mod: HP is shown in percentages
|rule|Endless Battle Clause: Forcing endless battles is banned
|rule|Species Clause: Limit one of each Pokémon
|rule|OHKO Clause: OHKO moves are banned
|rule|Evasion Items Clause: Evasion items are banned
|rule|Evasion Moves Clause: Evasion moves are banned
|rule|Evasion Abilities Clause: Evasion abilities are banned
|rule|Sleep Moves Clause: Sleep-inducing moves are banned
|clearpoke
|poke|p1|Landorus-Therian, M|
|poke|p1|Samurott-Hisui, M|
|poke|p1|Glimmora, F|
|poke|p1|Hatterene, F|
|poke|p1|Kingambit, F|
|poke|p1|Gholdengo|
|poke|p2|Gardevoir, F|
|poke|p2|Conkeldurr, M|
|poke|p2|Empoleon, M|
|poke|p2|Arcanine-Hisui, M|
|poke|p2|Dusclops, M|
|poke|p2|Meowscarada, F|
|teampreview
|inactive|Battle timer is ON: inactive players will automatically lose when time's up. (requested by Moath2m)
|inactive|leosyspu also wants the timer to be on.
|
|t:|1760885706
|teamsize|p1|6
|teamsize|p2|6
|start
|switch|p1a: Samurott|Samurott-Hisui, M|100/100
|switch|p2a: Meowscarada|Meowscarada, F|100/100
|turn|1
|
|t:|1760885713
|switch|p1a: Landorus|Landorus-Therian, M|100/100
|-ability|p1a: Landorus|Intimidate|boost
|-unboost|p2a: Meowscarada|atk|1
|move|p2a: Meowscarada|U-turn|p1a: Landorus
|-start|p2a: Meowscarada|typechange|Bug|[from] ability: Protean
|-resisted|p1a: Landorus
|-damage|p1a: Landorus|87/100
|
|t:|1760885730
|switch|p2a: Conkeldurr|Conkeldurr, M|100/100|[from] U-turn
|
|-status|p2a: Conkeldurr|brn|[from] item: Flame Orb
|upkeep
|turn|2
|
|t:|1760885739
|move|p1a: Landorus|Stealth Rock|p2a: Conkeldurr
|-sidestart|p2: leosyspu|move: Stealth Rock
|move|p2a: Conkeldurr|Knock Off|p1a: Landorus
|-damage|p1a: Landorus|14/100
|-enditem|p1a: Landorus|Choice Scarf|[from] move: Knock Off|[of] p2a: Conkeldurr
|
|-damage|p2a: Conkeldurr|94/100 brn|[from] brn
|upkeep
|turn|3
|
|t:|1760885748
|move|p2a: Conkeldurr|Mach Punch|p1a: Landorus
|-resisted|p1a: Landorus
|-damage|p1a: Landorus|0 fnt
|faint|p1a: Landorus
|
|-damage|p2a: Conkeldurr|88/100 brn|[from] brn
|upkeep
|
|t:|1760885751
|switch|p1a: Hatterene|Hatterene, F|100/100
|turn|4
|
|t:|1760885760
|switch|p2a: Empoleon|Empoleon, M|100/100
|-damage|p2a: Empoleon|94/100|[from] Stealth Rock
|-terastallize|p1a: Hatterene|Steel
|move|p1a: Hatterene|Draining Kiss|p2a: Empoleon
|-resisted|p2a: Empoleon
|-damage|p2a: Empoleon|80/100
|-damage|p1a: Hatterene|84/100|[from] item: Rocky Helmet|[of] p2a: Empoleon
|-damage|p1a: Hatterene|74/100|[from] item: Life Orb
|
|upkeep
|turn|5
|
|t:|1760885772
|move|p1a: Hatterene|Mystical Fire|p2a: Empoleon
|-damage|p2a: Empoleon|47/100
|-unboost|p2a: Empoleon|spa|1
|-ability|p2a: Empoleon|Competitive|boost
|-boost|p2a: Empoleon|spa|2
|-damage|p1a: Hatterene|64/100|[from] item: Life Orb
|move|p2a: Empoleon|Roar|p1a: Hatterene
|move|p1a: Hatterene|Roar|p2a: Empoleon|[from] ability: Magic Bounce
|drag|p2a: 消音器|Dusclops, M|100/100
|-damage|p2a: 消音器|88/100|[from] Stealth Rock
|-item|p1a: Hatterene|Life Orb|[from] ability: Frisk|[of] p2a: 消音器
|
|upkeep
|turn|6
|
|t:|1760885789
|move|p2a: 消音器|Curse|p1a: Hatterene
|-start|p1a: Hatterene|Curse|[of] p2a: 消音器
|-damage|p2a: 消音器|38/100
|move|p1a: Hatterene|Calm Mind|p1a: Hatterene
|-boost|p1a: Hatterene|spa|1
|-boost|p1a: Hatterene|spd|1
|
|-damage|p1a: Hatterene|39/100|[from] Curse
|upkeep
|turn|7
|
|t:|1760885799
|switch|p1a: Samurott|Samurott-Hisui, M|100/100
|move|p2a: 消音器|Night Shade|p1a: Samurott
|-damage|p1a: Samurott|69/100
|
|upkeep
|turn|8
|
|t:|1760885806
|switch|p2a: Conkeldurr|Conkeldurr, M|88/100 brn
|-damage|p2a: Conkeldurr|82/100 brn|[from] Stealth Rock
|move|p1a: Samurott|Knock Off|p2a: Conkeldurr
|-resisted|p2a: Conkeldurr
|-damage|p2a: Conkeldurr|64/100 brn
|-enditem|p2a: Conkeldurr|Flame Orb|[from] move: Knock Off|[of] p1a: Samurott
|
|-damage|p2a: Conkeldurr|58/100 brn|[from] brn
|upkeep
|turn|9
|
|t:|1760885816
|move|p1a: Samurott|Aqua Cutter|p2a: Conkeldurr
|-damage|p2a: Conkeldurr|17/100 brn
|move|p2a: Conkeldurr|Drain Punch|p1a: Samurott
|-supereffective|p1a: Samurott
|-damage|p1a: Samurott|0 fnt
|-heal|p2a: Conkeldurr|44/100 brn|[from] drain|[of] p1a: Samurott
|faint|p1a: Samurott
|
|-damage|p2a: Conkeldurr|38/100 brn|[from] brn
|upkeep
|
|t:|1760885822
|switch|p1a: Gholdengo|Gholdengo|100/100
|-item|p1a: Gholdengo|Air Balloon
|turn|10
|
|t:|1760885850
|switch|p2a: Meowscarada|Meowscarada, F|100/100
|move|p1a: Gholdengo|Shadow Ball|p2a: Meowscarada
|-resisted|p2a: Meowscarada
|-damage|p2a: Meowscarada|67/100
|
|upkeep
|turn|11
|
|t:|1760885860
|switch|p1a: Hatterene|Hatterene, F, tera:Steel|39/100
|move|p2a: Meowscarada|U-turn|p1a: Hatterene
|-start|p2a: Meowscarada|typechange|Bug|[from] ability: Protean
|-resisted|p1a: Hatterene
|-damage|p1a: Hatterene|22/100
|inactive|leosyspu has 120 seconds left.
|
|t:|1760885875
|switch|p2a: Arcanine|Arcanine-Hisui, M|100/100|[from] U-turn
|-damage|p2a: Arcanine|76/100|[from] Stealth Rock
|
|upkeep
|turn|12
|inactive|leosyspu has 120 seconds left.
|
|t:|1760885882
|move|p2a: Arcanine|Flare Blitz|p1a: Hatterene
|-supereffective|p1a: Hatterene
|-damage|p1a: Hatterene|0 fnt
|faint|p1a: Hatterene
|
|upkeep
|
|t:|1760885887
|switch|p1a: Glimmora|Glimmora, F|100/100
|-item|p1a: Glimmora|Air Balloon
|turn|13
|
|t:|1760885892
|move|p2a: Arcanine|Flare Blitz|p1a: Glimmora
|-resisted|p1a: Glimmora
|-damage|p1a: Glimmora|45/100
|-activate|p1a: Glimmora|ability: Toxic Debris
|-sidestart|p2: leosyspu|move: Toxic Spikes
|-enditem|p1a: Glimmora|Air Balloon
|move|p1a: Glimmora|Earth Power|p2a: Arcanine
|-supereffective|p2a: Arcanine
|-damage|p2a: Arcanine|0 fnt
|faint|p2a: Arcanine
|
|upkeep
|
|t:|1760885910
|switch|p2a: Meowscarada|Meowscarada, F|67/100
|turn|14
|
|t:|1760885914
|move|p2a: Meowscarada|Flower Trick|p1a: Glimmora
|-start|p2a: Meowscarada|typechange|Grass|[from] ability: Protean
|-crit|p1a: Glimmora
|-damage|p1a: Glimmora|0 fnt
|-activate|p1a: Glimmora|ability: Toxic Debris
|-sidestart|p2: leosyspu|move: Toxic Spikes
|faint|p1a: Glimmora
|
|upkeep
|
|t:|1760885935
|switch|p1a: Gholdengo|Gholdengo|100/100
|-item|p1a: Gholdengo|Air Balloon
|turn|15
|
|t:|1760885940
|move|p2a: Meowscarada|Sucker Punch|p1a: Gholdengo
|-supereffective|p1a: Gholdengo
|-damage|p1a: Gholdengo|55/100
|-enditem|p1a: Gholdengo|Air Balloon
|move|p1a: Gholdengo|Shadow Ball|p2a: Meowscarada
|-damage|p2a: Meowscarada|2/100
|-unboost|p2a: Meowscarada|spd|1
|
|upkeep
|turn|16
|
|t:|1760885950
|move|p2a: Meowscarada|Flower Trick|p1a: Gholdengo
|-resisted|p1a: Gholdengo
|-crit|p1a: Gholdengo
|-damage|p1a: Gholdengo|28/100
|move|p1a: Gholdengo|Recover|p1a: Gholdengo
|-heal|p1a: Gholdengo|78/100
|
|upkeep
|turn|17
|
|t:|1760885959
|move|p2a: Meowscarada|Sucker Punch||[still]
|-fail|p2a: Meowscarada
|move|p1a: Gholdengo|Recover|p1a: Gholdengo
|-heal|p1a: Gholdengo|100/100
|
|upkeep
|turn|18
|
|t:|1760885965
|move|p2a: Meowscarada|U-turn|p1a: Gholdengo
|-resisted|p1a: Gholdengo
|-damage|p1a: Gholdengo|95/100
|
|t:|1760885972
|switch|p2a: 老婆|Gardevoir, F|100/100|[from] U-turn
|-damage|p2a: 老婆|88/100|[from] Stealth Rock
|-status|p2a: 老婆|tox
|-ability|p2a: 老婆|Good as Gold|Trace|[from] ability: Trace|[of] p1a: Gholdengo
|move|p1a: Gholdengo|Nasty Plot|p1a: Gholdengo
|-boost|p1a: Gholdengo|spa|2
|
|-damage|p2a: 老婆|82/100 tox|[from] psn
|upkeep
|turn|19
|
|t:|1760885987
|move|p2a: 老婆|Healing Wish|p2a: 老婆
|faint|p2a: 老婆
|move|p1a: Gholdengo|Shadow Ball|p2: 老婆|[notarget]
|-fail|p1a: Gholdengo
|
|upkeep
|
|t:|1760885993
|switch|p2a: Conkeldurr|Conkeldurr, M|38/100 brn
|-heal|p2a: Conkeldurr|100/100|[from] move: Healing Wish
|-damage|p2a: Conkeldurr|94/100|[from] Stealth Rock
|-status|p2a: Conkeldurr|tox
|turn|20
|
|t:|1760886000
|move|p1a: Gholdengo|Make It Rain|p2a: Conkeldurr
|-damage|p2a: Conkeldurr|0 fnt
|-unboost|p1a: Gholdengo|spa|1
|faint|p2a: Conkeldurr
|
|upkeep
|-message|leosyspu forfeited.
|
|win|Moath2m
|raw|Moath2m's rating: 1345 &rarr; <strong>1366</strong><br />(+21 for winning)
|raw|leosyspu's rating: 1366 &rarr; <strong>1345</strong><br />(-21 for losing)
|l|☆leosyspu
|player|p2|
|l|☆Moath2m
|player|p1|
