|j|☆how play pkm
|j|☆deepfriedmagikarp
|t:|1760772737
|gametype|singles
|player|p1|how play pkm|#bltxiipangoros|1661
|player|p2|deepfriedmagikarp|pokemonranger-gen4|1740
|gen|9
|tier|[Gen 9] OU
|rated|
|rule|HP Percentage Mod: HP is shown in percentages
|rule|Endless Battle Clause: Forcing endless battles is banned
|rule|Species Clause: Limit one of each Pokémon
|rule|OHKO Clause: OHKO moves are banned
|rule|Evasion Items Clause: Evasion items are banned
|rule|Evasion Moves Clause: Evasion moves are banned
|rule|Evasion Abilities Clause: Evasion abilities are banned
|rule|Sleep Moves Clause: Sleep-inducing moves are banned
|clearpoke
|poke|p1|Ceruledge, F|
|poke|p1|Comfey, F|
|poke|p1|Mew|
|poke|p1|Glimmora, F|
|poke|p1|Dragonite, F|
|poke|p1|Iron Crown|
|poke|p2|Ogerpon-Wellspring, F|
|poke|p2|Kingambit, M|
|poke|p2|Landorus-Therian, M|
|poke|p2|Glimmora, F|
|poke|p2|Dragapult, F|
|poke|p2|Iron Valiant|
|teampreview
|inactive|Battle timer is ON: inactive players will automatically lose when time's up. (requested by deepfriedmagikarp)
|inactive|how play pkm also wants the timer to be on.
|j| universe mon
|
|t:|1760772756
|teamsize|p1|6
|teamsize|p2|6
|start
|switch|p1a: Mew|Mew|100/100
|switch|p2a: Dragapult|Dragapult, F|100/100
|turn|1
|
|t:|1760772782
|move|p2a: Dragapult|Shadow Ball|p1a: Mew
|-supereffective|p1a: Mew
|-damage|p1a: Mew|6/100
|move|p1a: Mew|Reflect|p1a: Mew
|-sidestart|p1: how play pkm|Reflect
|
|upkeep
|turn|2
|
|t:|1760772793
|move|p2a: Dragapult|Shadow Ball|p1a: Mew
|-supereffective|p1a: Mew
|-damage|p1a: Mew|0 fnt
|faint|p1a: Mew
|
|upkeep
|
|t:|1760772795
|switch|p1a: Comfey|Comfey, F|100/100
|turn|3
|
|t:|1760772798
|switch|p2a: Kingambit|Kingambit, M|100/100
|move|p1a: Comfey|Calm Mind|p1a: Comfey
|-boost|p1a: Comfey|spa|1
|-boost|p1a: Comfey|spd|1
|
|upkeep
|turn|4
|
|t:|1760772803
|move|p1a: Comfey|Calm Mind|p1a: Comfey
|-boost|p1a: Comfey|spa|1
|-boost|p1a: Comfey|spd|1
|move|p2a: Kingambit|Iron Head|p1a: Comfey
|-supereffective|p1a: Comfey
|-damage|p1a: Comfey|47/100
|
|upkeep
|turn|5
|
|t:|1760772807
|move|p1a: Comfey|Draining Kiss|p2a: Kingambit
|-damage|p2a: Kingambit|62/100
|-heal|p1a: Comfey|84/100|[from] drain|[of] p2a: Kingambit
|move|p2a: Kingambit|Iron Head|p1a: Comfey
|-supereffective|p1a: Comfey
|-damage|p1a: Comfey|30/100
|
|-heal|p2a: Kingambit|68/100|[from] item: Leftovers
|upkeep
|turn|6
|
|t:|1760772811
|move|p1a: Comfey|Draining Kiss|p2a: Kingambit
|-damage|p2a: Kingambit|28/100
|-heal|p1a: Comfey|69/100|[from] drain|[of] p2a: Kingambit
|move|p2a: Kingambit|Iron Head|p1a: Comfey
|-supereffective|p1a: Comfey
|-damage|p1a: Comfey|14/100
|
|-heal|p2a: Kingambit|35/100|[from] item: Leftovers
|upkeep
|turn|7
|c| universe mon|wow no terra?
|
|t:|1760772820
|-terastallize|p2a: Kingambit|Fire
|move|p1a: Comfey|Draining Kiss|p2a: Kingambit
|-resisted|p2a: Kingambit
|-damage|p2a: Kingambit|13/100
|-heal|p1a: Comfey|35/100|[from] drain|[of] p2a: Kingambit
|move|p2a: Kingambit|Iron Head|p1a: Comfey
|-supereffective|p1a: Comfey
|-damage|p1a: Comfey|0 fnt
|faint|p1a: Comfey
|
|-heal|p2a: Kingambit|19/100|[from] item: Leftovers
|upkeep
|
|t:|1760772824
|switch|p1a: Glimmora|Glimmora, F|100/100
|turn|8
|
|t:|1760772828
|move|p1a: Glimmora|Earth Power|p2a: Kingambit
|-supereffective|p2a: Kingambit
|-damage|p2a: Kingambit|0 fnt
|faint|p2a: Kingambit
|-end|p2a: Kingambit|fallenundefined|[silent]
|
|-sideend|p1: how play pkm|Reflect
|upkeep
|
|t:|1760772833
|switch|p2a: Ogerpon|Ogerpon-Wellspring, F|100/100
|turn|9
|
|t:|1760772847
|move|p2a: Ogerpon|Ivy Cudgel|p1a: Glimmora|[anim] Ivy Cudgel Water
|-supereffective|p1a: Glimmora
|-damage|p1a: Glimmora|0 fnt
|-activate|p1a: Glimmora|ability: Toxic Debris
|-sidestart|p2: deepfriedmagikarp|move: Toxic Spikes
|faint|p1a: Glimmora
|
|upkeep
|
|t:|1760772848
|switch|p1a: Iron Crown|Iron Crown|100/100
|-enditem|p1a: Iron Crown|Booster Energy
|-activate|p1a: Iron Crown|ability: Quark Drive|[fromitem]
|-start|p1a: Iron Crown|quarkdrivespe
|turn|10
|c| universe mon|oof
|
|t:|1760772859
|move|p1a: Iron Crown|Iron Defense|p1a: Iron Crown
|-boost|p1a: Iron Crown|def|2
|move|p2a: Ogerpon|Ivy Cudgel|p1a: Iron Crown|[anim] Ivy Cudgel Water
|-damage|p1a: Iron Crown|72/100
|
|upkeep
|turn|11
|
|t:|1760772865
|switch|p2a: Iron Valiant|Iron Valiant|100/100
|-status|p2a: Iron Valiant|psn
|-enditem|p2a: Iron Valiant|Booster Energy
|-activate|p2a: Iron Valiant|ability: Quark Drive|[fromitem]
|-start|p2a: Iron Valiant|quarkdrivespe
|move|p1a: Iron Crown|Focus Blast|p2a: Iron Valiant|[miss]
|-miss|p1a: Iron Crown|p2a: Iron Valiant
|
|-damage|p2a: Iron Valiant|88/100 psn|[from] psn
|upkeep
|turn|12
|
|t:|1760772869
|move|p2a: Iron Valiant|Encore|p1a: Iron Crown
|-start|p1a: Iron Crown|Encore
|move|p1a: Iron Crown|Focus Blast|p2a: Iron Valiant
|-resisted|p2a: Iron Valiant
|-damage|p2a: Iron Valiant|54/100 psn
|
|-damage|p2a: Iron Valiant|41/100 psn|[from] psn
|upkeep
|turn|13
|
|t:|1760772873
|move|p2a: Iron Valiant|Knock Off|p1a: Iron Crown
|-supereffective|p1a: Iron Crown
|-damage|p1a: Iron Crown|51/100
|move|p1a: Iron Crown|Focus Blast|p2a: Iron Valiant|[miss]
|-miss|p1a: Iron Crown|p2a: Iron Valiant
|
|-damage|p2a: Iron Valiant|29/100 psn|[from] psn
|upkeep
|turn|14
|
|t:|1760772878
|move|p2a: Iron Valiant|Knock Off|p1a: Iron Crown
|-supereffective|p1a: Iron Crown
|-damage|p1a: Iron Crown|26/100
|move|p1a: Iron Crown|Focus Blast|p2a: Iron Valiant
|-resisted|p2a: Iron Valiant
|-damage|p2a: Iron Valiant|0 fnt
|faint|p2a: Iron Valiant
|-end|p2a: Iron Valiant|Quark Drive|[silent]
|
|-end|p1a: Iron Crown|Encore
|upkeep
|c| universe mon|wow
|c| universe mon|1/3
|
|t:|1760772891
|switch|p2a: Dragapult|Dragapult, F|100/100
|-status|p2a: Dragapult|psn
|turn|15
|
|t:|1760772896
|move|p1a: Iron Crown|Stored Power|p2a: Dragapult
|-damage|p2a: Dragapult|63/100 psn
|move|p2a: Dragapult|Shadow Ball|p1a: Iron Crown
|-supereffective|p1a: Iron Crown
|-crit|p1a: Iron Crown
|-damage|p1a: Iron Crown|0 fnt
|faint|p1a: Iron Crown
|-end|p1a: Iron Crown|Quark Drive|[silent]
|
|-damage|p2a: Dragapult|50/100 psn|[from] psn
|upkeep
|
|t:|1760772907
|switch|p1a: Ceruledge|Ceruledge, F|100/100
|turn|16
|
|t:|1760772908
|move|p1a: Ceruledge|Shadow Sneak|p2a: Dragapult
|-supereffective|p2a: Dragapult
|-damage|p2a: Dragapult|0 fnt
|faint|p2a: Dragapult
|-damage|p1a: Ceruledge|91/100|[from] item: Life Orb
|
|upkeep
|
|t:|1760772912
|switch|p2a: Glimmora|Glimmora, F|100/100
|-sideend|p2: deepfriedmagikarp|move: Toxic Spikes|[of] p2a: Glimmora
|turn|17
|
|t:|1760772916
|move|p2a: Glimmora|Earth Power|p1a: Ceruledge
|-supereffective|p1a: Ceruledge
|-damage|p1a: Ceruledge|13/100
|move|p1a: Ceruledge|Poltergeist|p2a: Glimmora|[miss]
|-miss|p1a: Ceruledge|p2a: Glimmora
|
|upkeep
|turn|18
|c| universe mon|welp
|
|t:|1760772923
|move|p1a: Ceruledge|Shadow Sneak|p2a: Glimmora
|-damage|p2a: Glimmora|65/100
|-activate|p2a: Glimmora|ability: Toxic Debris
|-sidestart|p1: how play pkm|move: Toxic Spikes
|-damage|p1a: Ceruledge|3/100|[from] item: Life Orb
|move|p2a: Glimmora|Earth Power|p1a: Ceruledge
|-supereffective|p1a: Ceruledge
|-damage|p1a: Ceruledge|0 fnt
|faint|p1a: Ceruledge
|
|upkeep
|
|t:|1760772925
|switch|p1a: Dragonite|Dragonite, F|100/100
|turn|19
|c| universe mon|bad luck
|
|t:|1760772931
|-terastallize|p1a: Dragonite|Ground
|move|p2a: Glimmora|Mortal Spin|p1a: Dragonite
|-resisted|p1a: Dragonite
|-damage|p1a: Dragonite|99/100
|-status|p1a: Dragonite|psn
|move|p1a: Dragonite|Dragon Dance|p1a: Dragonite
|-boost|p1a: Dragonite|atk|1
|-boost|p1a: Dragonite|spe|1
|
|-damage|p1a: Dragonite|87/100 psn|[from] psn
|upkeep
|turn|20
|
|t:|1760772935
|move|p1a: Dragonite|Dragon Dance|p1a: Dragonite
|-boost|p1a: Dragonite|atk|1
|-boost|p1a: Dragonite|spe|1
|move|p2a: Glimmora|Earth Power|p1a: Dragonite
|-crit|p1a: Dragonite
|-damage|p1a: Dragonite|36/100 psn
|
|-damage|p1a: Dragonite|24/100 psn|[from] psn
|upkeep
|turn|21
|
|t:|1760772940
|move|p1a: Dragonite|Roost|p1a: Dragonite
|-heal|p1a: Dragonite|74/100 psn
|move|p2a: Glimmora|Earth Power|p1a: Dragonite
|-damage|p1a: Dragonite|38/100 psn
|
|-damage|p1a: Dragonite|26/100 psn|[from] psn
|upkeep
|turn|22
|
|t:|1760772946
|switch|p2a: Landorus|Landorus-Therian, M|100/100
|-ability|p2a: Landorus|Intimidate|boost
|-unboost|p1a: Dragonite|atk|1
|move|p1a: Dragonite|Roost|p1a: Dragonite
|-heal|p1a: Dragonite|76/100 psn
|
|-damage|p1a: Dragonite|63/100 psn|[from] psn
|upkeep
|turn|23
|c| universe mon|lmao
|
|t:|1760772950
|move|p1a: Dragonite|Stone Edge|p2a: Landorus
|-damage|p2a: Landorus|42/100
|move|p2a: Landorus|Earthquake|p1a: Dragonite
|-damage|p1a: Dragonite|14/100 psn
|
|-damage|p1a: Dragonite|1/100 psn|[from] psn
|upkeep
|turn|24
|c| universe mon|what
|c| universe mon|roost?
|
|t:|1760772954
|move|p1a: Dragonite|Stone Edge|p2a: Landorus
|-damage|p2a: Landorus|0 fnt
|faint|p2a: Landorus
|
|-damage|p1a: Dragonite|0 fnt|[from] psn
|faint|p1a: Dragonite
|
|win|deepfriedmagikarp
|raw|how play pkm's rating: 1661 &rarr; <strong>1645</strong><br />(-16 for losing)
|raw|deepfriedmagikarp's rating: 1740 &rarr; <strong>1756</strong><br />(+16 for winning)
|c| universe mon|nice
|l|☆how play pkm
|player|p1|
|c| universe mon|guy sucks
|l| universe mon
|l|☆deepfriedmagikarp
|player|p2|
|j|☆deepfriedmagikarp
|player|p2|deepfriedmagikarp|pokemonranger-gen4|
|l|☆deepfriedmagikarp
|player|p2|
