|j|☆N00676918
|j|☆Af Lele.Tomas
|t:|1760790770
|gametype|singles
|player|p1|N00676918|2|1598
|player|p2|Af Lele.Tomas|nate|1595
|gen|9
|tier|[Gen 9] OU
|rated|
|rule|HP Percentage Mod: HP is shown in percentages
|rule|Endless Battle Clause: Forcing endless battles is banned
|rule|Species Clause: Limit one of each Pokémon
|rule|OHKO Clause: OHKO moves are banned
|rule|Evasion Items Clause: Evasion items are banned
|rule|Evasion Moves Clause: Evasion moves are banned
|rule|Evasion Abilities Clause: Evasion abilities are banned
|rule|Sleep Moves Clause: Sleep-inducing moves are banned
|clearpoke
|poke|p1|Kyurem|
|poke|p1|Cinderace, F|
|poke|p1|Iron Moth|
|poke|p1|Lokix, F|
|poke|p1|Primarina, F|
|poke|p1|Thundurus-Therian, M|
|poke|p2|Indeedee, M|
|poke|p2|Armarouge, M|
|poke|p2|Iron Treads|
|poke|p2|Polteageist|
|poke|p2|Hatterene, F|
|poke|p2|Kyurem|
|teampreview
|inactive|Battle timer is ON: inactive players will automatically lose when time's up. (requested by Af Lele.Tomas)
|
|t:|1760790787
|teamsize|p1|6
|teamsize|p2|6
|start
|switch|p1a: Cinderace|Cinderace, F|100/100
|switch|p2a: Indeedee|Indeedee, M|100/100
|-fieldstart|move: Psychic Terrain|[from] ability: Psychic Surge|[of] p2a: Indeedee
|turn|1
|
|t:|1760790795
|switch|p2a: Hatterene|Hatterene, F|100/100
|move|p1a: Cinderace|Pyro Ball|p2a: Hatterene
|-damage|p2a: Hatterene|57/100
|-enditem|p2a: Hatterene|Eject Button
|
|t:|1760790803
|switch|p2a: Kyurem|Kyurem|100/100
|-ability|p2a: Kyurem|Pressure
|
|upkeep
|turn|2
|
|t:|1760790808
|move|p1a: Cinderace|High Jump Kick|p2a: Kyurem
|-start|p1a: Cinderace|typechange|Fighting|[from] ability: Libero
|-supereffective|p2a: Kyurem
|-damage|p2a: Kyurem|0 fnt
|faint|p2a: Kyurem
|
|upkeep
|
|t:|1760790812
|switch|p2a: Polteageist|Polteageist|100/100
|turn|3
|
|t:|1760790818
|move|p1a: Cinderace|Pyro Ball|p2a: Polteageist
|-damage|p2a: Polteageist|40/100
|-ability|p2a: Polteageist|Weak Armor|boost
|-unboost|p2a: Polteageist|def|1
|-boost|p2a: Polteageist|spe|2
|move|p2a: Polteageist|Shell Smash|p2a: Polteageist
|-unboost|p2a: Polteageist|def|1
|-unboost|p2a: Polteageist|spd|1
|-boost|p2a: Polteageist|atk|2
|-boost|p2a: Polteageist|spa|2
|-boost|p2a: Polteageist|spe|2
|
|upkeep
|turn|4
|
|t:|1760790829
|switch|p1a: Lokix|Lokix, F|100/100
|move|p2a: Polteageist|Shadow Ball|p1a: Lokix
|-resisted|p1a: Lokix
|-damage|p1a: Lokix|16/100
|
|upkeep
|turn|5
|
|t:|1760790848
|switch|p1a: Cinderace|Cinderace, F|100/100
|move|p2a: Polteageist|Shadow Ball|p1a: Cinderace
|-damage|p1a: Cinderace|0 fnt
|faint|p1a: Cinderace
|
|upkeep
|
|t:|1760790858
|switch|p1a: Primarina|Primarina, F|100/100
|turn|6
|
|t:|1760790864
|-terastallize|p1a: Primarina|Steel
|move|p2a: Polteageist|Stored Power|p1a: Primarina
|-resisted|p1a: Primarina
|-damage|p1a: Primarina|20/100
|move|p1a: Primarina|Psychic Noise|p2a: Polteageist
|-damage|p2a: Polteageist|0 fnt
|faint|p2a: Polteageist
|
|-heal|p1a: Primarina|27/100|[from] item: Leftovers
|upkeep
|
|t:|1760790870
|switch|p2a: Armarouge|Armarouge, M|100/100
|turn|7
|
|t:|1760790876
|switch|p1a: Iron Moth|Iron Moth|100/100
|move|p2a: Armarouge|Armor Cannon|p1a: Iron Moth
|-resisted|p1a: Iron Moth
|-crit|p1a: Iron Moth
|-damage|p1a: Iron Moth|46/100
|-unboost|p2a: Armarouge|def|1
|-unboost|p2a: Armarouge|spd|1
|
|upkeep
|turn|8
|
|t:|1760790879
|-end|p1a: Iron Moth|Quark Drive|[silent]
|switch|p1a: Lokix|Lokix, F|16/100
|move|p2a: Armarouge|Expanding Force|p1a: Lokix
|-immune|p1a: Lokix
|
|-fieldend|move: Psychic Terrain
|upkeep
|turn|9
|
|t:|1760790887
|switch|p2a: Indeedee|Indeedee, M|100/100
|-fieldstart|move: Psychic Terrain|[from] ability: Psychic Surge|[of] p2a: Indeedee
|move|p1a: Lokix|Knock Off|p2a: Indeedee
|-supereffective|p2a: Indeedee
|-damage|p2a: Indeedee|0 fnt
|-enditem|p2a: Indeedee|Terrain Extender|[from] move: Knock Off|[of] p1a: Lokix
|faint|p2a: Indeedee
|
|upkeep
|
|t:|1760790890
|switch|p2a: Armarouge|Armarouge, M|100/100
|turn|10
|
|t:|1760790896
|switch|p1a: Iron Moth|Iron Moth|46/100
|move|p2a: Armarouge|Calm Mind|p2a: Armarouge
|-boost|p2a: Armarouge|spa|1
|-boost|p2a: Armarouge|spd|1
|
|upkeep
|turn|11
|
|t:|1760790904
|move|p1a: Iron Moth|Overheat|p2a: Armarouge
|-resisted|p2a: Armarouge
|-damage|p2a: Armarouge|56/100
|-unboost|p1a: Iron Moth|spa|2
|move|p2a: Armarouge|Expanding Force|p1a: Iron Moth
|-supereffective|p1a: Iron Moth
|-damage|p1a: Iron Moth|0 fnt
|faint|p1a: Iron Moth
|-end|p1a: Iron Moth|Quark Drive|[silent]
|
|upkeep
|
|t:|1760790911
|switch|p1a: Lokix|Lokix, F|16/100
|turn|12
|
|t:|1760790916
|move|p2a: Armarouge|Endure|p2a: Armarouge
|-singleturn|p2a: Armarouge|move: Endure
|move|p1a: Lokix|Sucker Punch||[still]
|-fail|p1a: Lokix
|
|upkeep
|turn|13
|
|t:|1760790923
|move|p1a: Lokix|Knock Off|p2a: Armarouge
|-supereffective|p2a: Armarouge
|-damage|p2a: Armarouge|0 fnt
|-enditem|p2a: Armarouge|Focus Sash|[from] move: Knock Off|[of] p1a: Lokix
|faint|p2a: Armarouge
|
|upkeep
|-message|Af Lele.Tomas forfeited.
|
|win|N00676918
|raw|N00676918's rating: 1598 &rarr; <strong>1618</strong><br />(+20 for winning)
|raw|Af Lele.Tomas's rating: 1595 &rarr; <strong>1575</strong><br />(-20 for losing)
|l|☆Af Lele.Tomas
|player|p2|
|l|☆N00676918
|player|p1|
