|j|☆galinaito
|j|☆greendude44
|t:|1760885103
|gametype|singles
|player|p1|galinaito|nate|1233
|player|p2|greendude44|janitor|1289
|gen|9
|tier|[Gen 9] OU
|rated|
|rule|HP Percentage Mod: HP is shown in percentages
|rule|Endless Battle Clause: Forcing endless battles is banned
|rule|Species Clause: Limit one of each Pokémon
|rule|OHKO Clause: OHKO moves are banned
|rule|Evasion Items Clause: Evasion items are banned
|rule|Evasion Moves Clause: Evasion moves are banned
|rule|Evasion Abilities Clause: Evasion abilities are banned
|rule|Sleep Moves Clause: Sleep-inducing moves are banned
|clearpoke
|poke|p1|Scrafty, F|
|poke|p1|Zoroark-Hisui, F|
|poke|p1|Araquanid, M|
|poke|p1|Ursaluna, F|
|poke|p1|Scizor, M|
|poke|p1|Cinderace, M|
|poke|p2|Raging Bolt|
|poke|p2|Landorus-Therian, M|
|poke|p2|Slowking-Galar, F|
|poke|p2|Gholdengo|
|poke|p2|Great Tusk|
|poke|p2|Lokix, M|
|teampreview
|
|t:|1760885109
|teamsize|p1|6
|teamsize|p2|6
|start
|switch|p1a: Araquanid|Araquanid, M|100/100
|switch|p2a: Raging Bolt|Raging Bolt|100/100
|turn|1
|
|t:|1760885117
|switch|p1a: Ursaluna|Ursaluna, F|100/100
|move|p2a: Raging Bolt|Calm Mind|p2a: Raging Bolt
|-boost|p2a: Raging Bolt|spa|1
|-boost|p2a: Raging Bolt|spd|1
|
|-status|p1a: Ursaluna|brn|[from] item: Flame Orb
|upkeep
|turn|2
|
|t:|1760885126
|move|p2a: Raging Bolt|Dragon Pulse|p1a: Ursaluna
|-damage|p1a: Ursaluna|31/100 brn
|move|p1a: Ursaluna|Facade|p2a: Raging Bolt
|-damage|p2a: Raging Bolt|0 fnt
|faint|p2a: Raging Bolt
|-end|p2a: Raging Bolt|Protosynthesis|[silent]
|
|-damage|p1a: Ursaluna|24/100 brn|[from] brn
|upkeep
|
|t:|1760885133
|switch|p2a: Great Tusk|Great Tusk|100/100
|-enditem|p2a: Great Tusk|Booster Energy
|-activate|p2a: Great Tusk|ability: Protosynthesis|[fromitem]
|-start|p2a: Great Tusk|protosynthesisspe
|turn|3
|
|t:|1760885147
|switch|p1a: Araquanid|Araquanid, M|100/100
|move|p2a: Great Tusk|Ice Spinner|p1a: Araquanid
|-resisted|p1a: Araquanid
|-damage|p1a: Araquanid|88/100
|
|upkeep
|turn|4
|
|t:|1760885153
|-end|p2a: Great Tusk|Protosynthesis|[silent]
|switch|p2a: Lokix|Lokix, M|100/100
|move|p1a: Araquanid|Liquidation|p2a: Lokix
|-damage|p2a: Lokix|20/100
|
|upkeep
|turn|5
|
|t:|1760885162
|move|p1a: Araquanid|Endure|p1a: Araquanid
|-singleturn|p1a: Araquanid|move: Endure
|move|p2a: Lokix|Leech Life|p1a: Araquanid
|-damage|p1a: Araquanid|33/100
|-heal|p2a: Lokix|52/100|[from] drain|[of] p1a: Araquanid
|
|upkeep
|turn|6
|
|t:|1760885177
|move|p2a: Lokix|Leech Life|p1a: Araquanid
|-damage|p1a: Araquanid|0 fnt
|-heal|p2a: Lokix|72/100|[from] drain|[of] p1a: Araquanid
|faint|p1a: Araquanid
|
|upkeep
|
|t:|1760885184
|switch|p1a: Cinderace|Cinderace, M|100/100
|turn|7
|
|t:|1760885188
|switch|p2a: Landorus|Landorus-Therian, M|100/100
|-ability|p2a: Landorus|Intimidate|boost
|-unboost|p1a: Cinderace|atk|1
|move|p1a: Cinderace|Pyro Ball|p2a: Landorus
|-damage|p2a: Landorus|64/100
|
|upkeep
|turn|8
|
|t:|1760885197
|move|p1a: Cinderace|U-turn|p2a: Landorus
|-start|p1a: Cinderace|typechange|Bug|[from] ability: Libero
|-resisted|p2a: Landorus
|-damage|p2a: Landorus|53/100
|-damage|p1a: Cinderace|84/100|[from] item: Rocky Helmet|[of] p2a: Landorus
|
|t:|1760885204
|switch|p1a: Scrafty|Scrafty, F|100/100|[from] U-turn
|-ability|p1a: Scrafty|Intimidate|boost
|-unboost|p2a: Landorus|atk|1
|move|p2a: Landorus|Stealth Rock|p1a: Scrafty
|-sidestart|p1: galinaito|move: Stealth Rock
|
|upkeep
|turn|9
|
|t:|1760885212
|move|p2a: Landorus|Taunt|p1a: Scrafty
|-start|p1a: Scrafty|move: Taunt
|cant|p1a: Scrafty|move: Taunt|Bulk Up
|
|upkeep
|turn|10
|
|t:|1760885220
|move|p2a: Landorus|U-turn|p1a: Scrafty
|-damage|p1a: Scrafty|88/100
|
|t:|1760885222
|switch|p2a: Great Tusk|Great Tusk|100/100|[from] U-turn
|move|p1a: Scrafty|Knock Off|p2a: Great Tusk
|-resisted|p2a: Great Tusk
|-damage|p2a: Great Tusk|91/100
|
|-heal|p1a: Scrafty|94/100|[from] item: Leftovers
|upkeep
|turn|11
|
|t:|1760885261
|switch|p1a: Scizor|Scizor, M|100/100
|-damage|p1a: Scizor|88/100|[from] Stealth Rock
|move|p2a: Great Tusk|Rapid Spin|p1a: Scizor
|-resisted|p1a: Scizor
|-damage|p1a: Scizor|81/100
|-boost|p2a: Great Tusk|spe|1
|
|upkeep
|turn|12
|
|t:|1760885271
|move|p2a: Great Tusk|Bulk Up|p2a: Great Tusk
|-boost|p2a: Great Tusk|atk|1
|-boost|p2a: Great Tusk|def|1
|move|p1a: Scizor|Swords Dance|p1a: Scizor
|-boost|p1a: Scizor|atk|2
|
|upkeep
|turn|13
|
|t:|1760885279
|move|p2a: Great Tusk|Headlong Rush|p1a: Scizor
|-damage|p1a: Scizor|6/100
|-unboost|p2a: Great Tusk|def|1
|-unboost|p2a: Great Tusk|spd|1
|-enditem|p1a: Scizor|Sitrus Berry|[eat]
|-heal|p1a: Scizor|31/100|[from] item: Sitrus Berry
|move|p1a: Scizor|Close Combat|p2a: Great Tusk
|-damage|p2a: Great Tusk|38/100
|-unboost|p1a: Scizor|def|1
|-unboost|p1a: Scizor|spd|1
|
|upkeep
|turn|14
|
|t:|1760885291
|move|p1a: Scizor|Bullet Punch|p2a: Great Tusk
|-damage|p2a: Great Tusk|0 fnt
|faint|p2a: Great Tusk
|-end|p2a: Great Tusk|Protosynthesis|[silent]
|
|upkeep
|
|t:|1760885294
|switch|p2a: Lokix|Lokix, M|72/100
|turn|15
|
|t:|1760885298
|move|p2a: Lokix|First Impression|p1a: Scizor
|-resisted|p1a: Scizor
|-damage|p1a: Scizor|0 fnt
|faint|p1a: Scizor
|
|upkeep
|
|t:|1760885304
|switch|p1a: Cinderace|Cinderace, M|84/100
|turn|16
|
|t:|1760885311
|switch|p2a: Landorus|Landorus-Therian, M|53/100
|-ability|p2a: Landorus|Intimidate|boost
|-unboost|p1a: Cinderace|atk|1
|move|p1a: Cinderace|Pyro Ball|p2a: Landorus
|-crit|p2a: Landorus
|-damage|p2a: Landorus|0 fnt
|faint|p2a: Landorus
|
|upkeep
|
|t:|1760885316
|switch|p2a: Lokix|Lokix, M|72/100
|turn|17
|
|t:|1760885324
|-terastallize|p2a: Lokix|Bug
|move|p2a: Lokix|First Impression|p1a: Cinderace
|-resisted|p1a: Cinderace
|-damage|p1a: Cinderace|0 fnt
|faint|p1a: Cinderace
|
|upkeep
|
|t:|1760885335
|switch|p1a: Scrafty|Scrafty, F|94/100
|-damage|p1a: Scrafty|88/100|[from] Stealth Rock
|-ability|p1a: Scrafty|Intimidate|boost
|-unboost|p2a: Lokix|atk|1
|turn|18
|
|t:|1760885344
|switch|p2a: Gholdengo|Gholdengo|100/100
|move|p1a: Scrafty|Knock Off|p2a: Gholdengo
|-supereffective|p2a: Gholdengo
|-damage|p2a: Gholdengo|0 fnt
|-enditem|p2a: Gholdengo|Choice Specs|[from] move: Knock Off|[of] p1a: Scrafty
|faint|p2a: Gholdengo
|
|-heal|p1a: Scrafty|94/100|[from] item: Leftovers
|upkeep
|
|t:|1760885347
|switch|p2a: Lokix|Lokix, M, tera:Bug|72/100
|turn|19
|
|t:|1760885366
|move|p2a: Lokix|Leech Life|p1a: Scrafty
|-damage|p1a: Scrafty|33/100
|-heal|p2a: Lokix|100/100|[from] drain|[of] p1a: Scrafty
|move|p1a: Scrafty|Knock Off|p2a: Lokix
|-damage|p2a: Lokix|41/100
|-enditem|p2a: Lokix|Choice Band|[from] move: Knock Off|[of] p1a: Scrafty
|
|-heal|p1a: Scrafty|39/100|[from] item: Leftovers
|upkeep
|turn|20
|
|t:|1760885384
|move|p2a: Lokix|Leech Life|p1a: Scrafty
|-damage|p1a: Scrafty|0 fnt
|-heal|p2a: Lokix|64/100|[from] drain|[of] p1a: Scrafty
|faint|p1a: Scrafty
|
|upkeep
|
|t:|1760885392
|switch|p1a: Ursaluna|Ursaluna, F|100/100
|-damage|p1a: Ursaluna|88/100|[from] Stealth Rock
|turn|21
|
|t:|1760885409
|switch|p2a: Slowking|Slowking-Galar, F|100/100
|move|p1a: Ursaluna|Hyper Voice|p2a: Slowking
|-damage|p2a: Slowking|69/100
|-enditem|p1a: Ursaluna|Throat Spray
|-boost|p1a: Ursaluna|spa|1|[from] item: Throat Spray
|
|upkeep
|turn|22
|
|t:|1760885419
|move|p1a: Ursaluna|Bitter Malice|p2a: Slowking
|-supereffective|p2a: Slowking
|-damage|p2a: Slowking|0 fnt
|faint|p2a: Slowking
|
|upkeep
|
|t:|1760885423
|switch|p2a: Lokix|Lokix, M, tera:Bug|64/100
|turn|23
|
|t:|1760885431
|move|p2a: Lokix|First Impression|p1a: Ursaluna
|-resisted|p1a: Ursaluna
|-damage|p1a: Ursaluna|7/100
|replace|p1a: Zoroark|Zoroark-Hisui, F
|-end|p1a: Zoroark|Illusion
|move|p1a: Zoroark|Bitter Malice|p2a: Lokix
|-damage|p2a: Lokix|0 fnt
|faint|p2a: Lokix
|
|win|galinaito
|raw|galinaito's rating: 1233 &rarr; <strong>1262</strong><br />(+29 for winning)
|raw|greendude44's rating: 1289 &rarr; <strong>1260</strong><br />(-29 for losing)
|l|☆greendude44
|player|p2|
|l|☆galinaito
|player|p1|
