|j|☆OffrateAndy
|j|☆eemiee
|t:|1760890233
|gametype|singles
|player|p1|OffrateAndy|170|1576
|player|p2|eemiee|1|1743
|gen|9
|tier|[Gen 9] OU
|rated|
|rule|HP Percentage Mod: HP is shown in percentages
|rule|Endless Battle Clause: Forcing endless battles is banned
|rule|Species Clause: Limit one of each Pokémon
|rule|OHKO Clause: OHKO moves are banned
|rule|Evasion Items Clause: Evasion items are banned
|rule|Evasion Moves Clause: Evasion moves are banned
|rule|Evasion Abilities Clause: Evasion abilities are banned
|rule|Sleep Moves Clause: Sleep-inducing moves are banned
|clearpoke
|poke|p1|Rillaboom, M|
|poke|p1|Garganacl, M|
|poke|p1|Cinderace, M|
|poke|p1|Raging Bolt|
|poke|p1|Slowking-Galar, F|
|poke|p1|Landorus-Therian, M|
|poke|p2|Chandelure, M|
|poke|p2|Torkoal, M|
|poke|p2|Dragonite, F|
|poke|p2|Walking Wake|
|poke|p2|Slither Wing|
|poke|p2|Corviknight, F|
|teampreview
|
|t:|1760890251
|teamsize|p1|6
|teamsize|p2|6
|start
|switch|p1a: Thunder Gale|Raging Bolt|100/100
|switch|p2a: Slither Wing|Slither Wing|100/100
|turn|1
|
|t:|1760890256
|-end|p1a: Thunder Gale|Protosynthesis|[silent]
|switch|p1a: Landorus|Landorus-Therian, M|100/100
|-ability|p1a: Landorus|Intimidate|boost
|-unboost|p2a: Slither Wing|atk|1
|move|p2a: Slither Wing|U-turn|p1a: Landorus
|-resisted|p1a: Landorus
|-damage|p1a: Landorus|86/100
|-damage|p2a: Slither Wing|84/100|[from] item: Rocky Helmet|[of] p1a: Landorus
|
|t:|1760890263
|-end|p2a: Slither Wing|Protosynthesis|[silent]
|switch|p2a: Walking Wake|Walking Wake|100/100|[from] U-turn
|
|upkeep
|turn|2
|
|t:|1760890272
|switch|p1a: Slowking|Slowking-Galar, F|100/100
|move|p2a: Walking Wake|Flip Turn|p1a: Slowking
|-damage|p1a: Slowking|88/100
|-damage|p2a: Walking Wake|84/100|[from] item: Rocky Helmet|[of] p1a: Slowking
|
|t:|1760890278
|-end|p2a: Walking Wake|Protosynthesis|[silent]
|switch|p2a: Chandelure|Chandelure, M|100/100|[from] Flip Turn
|
|upkeep
|turn|3
|
|t:|1760890286
|switch|p1a: TANK|Garganacl, M|100/100
|move|p2a: Chandelure|Trick|p1a: TANK
|-activate|p2a: Chandelure|move: Trick|[of] p1a: TANK
|-item|p1a: TANK|Choice Specs|[from] move: Trick
|-item|p2a: Chandelure|Leftovers|[from] move: Trick
|
|upkeep
|turn|4
|
|t:|1760890295
|switch|p2a: Dragonite|Dragonite, F|100/100
|move|p1a: TANK|Salt Cure|p2a: Dragonite
|-supereffective|p2a: Dragonite
|-crit|p2a: Dragonite
|-damage|p2a: Dragonite|79/100
|
|upkeep
|turn|5
|l|☆OffrateAndy
|player|p1|
|j|☆OffrateAndy
|player|p1|OffrateAndy|170|
|
|t:|1760890349
|switch|p1a: Slowking|Slowking-Galar, F|100/100
|move|p2a: Dragonite|Dragon Dance|p2a: Dragonite
|-boost|p2a: Dragonite|atk|1
|-boost|p2a: Dragonite|spe|1
|
|upkeep
|turn|6
|
|t:|1760890359
|move|p2a: Dragonite|Earthquake|p1a: Slowking
|-supereffective|p1a: Slowking
|-damage|p1a: Slowking|37/100
|move|p1a: Slowking|Ice Beam|p2a: Dragonite
|-supereffective|p2a: Dragonite
|-damage|p2a: Dragonite|18/100
|
|upkeep
|turn|7
|
|t:|1760890363
|switch|p1a: Landorus|Landorus-Therian, M|86/100
|-ability|p1a: Landorus|Intimidate|boost
|-unboost|p2a: Dragonite|atk|1
|move|p2a: Dragonite|Roost|p2a: Dragonite
|-heal|p2a: Dragonite|68/100
|-singleturn|p2a: Dragonite|move: Roost
|
|upkeep
|turn|8
|
|t:|1760890371
|move|p2a: Dragonite|Dragon Dance|p2a: Dragonite
|-boost|p2a: Dragonite|atk|1
|-boost|p2a: Dragonite|spe|1
|move|p1a: Landorus|U-turn|p2a: Dragonite
|-resisted|p2a: Dragonite
|-damage|p2a: Dragonite|59/100
|
|t:|1760890391
|switch|p1a: Slowking|Slowking-Galar, F|70/100|[from] U-turn
|
|upkeep
|turn|9
|
|t:|1760890404
|-terastallize|p1a: Slowking|Fairy
|move|p2a: Dragonite|Roost|p2a: Dragonite
|-heal|p2a: Dragonite|100/100
|-singleturn|p2a: Dragonite|move: Roost
|move|p1a: Slowking|Ice Beam|p2a: Dragonite
|-supereffective|p2a: Dragonite
|-damage|p2a: Dragonite|87/100
|
|upkeep
|turn|10
|
|t:|1760890417
|switch|p2a: Torkoal|Torkoal, M|100/100
|-weather|SunnyDay|[from] ability: Drought|[of] p2a: Torkoal
|-prepare|p1a: Slowking|Chilly Reception|[premajor]
|move|p1a: Slowking|Chilly Reception|p1a: Slowking
|-weather|Snowscape
|
|t:|1760890422
|switch|p1a: Thunder Gale|Raging Bolt|100/100|[from] Chilly Reception
|
|-weather|Snowscape|[upkeep]
|upkeep
|turn|11
|
|t:|1760890433
|move|p1a: Thunder Gale|Thunderbolt|p2a: Torkoal
|-damage|p2a: Torkoal|0 fnt
|faint|p2a: Torkoal
|
|-weather|Snowscape|[upkeep]
|upkeep
|
|t:|1760890441
|switch|p2a: Chandelure|Chandelure, M|100/100
|turn|12
|
|t:|1760890448
|-end|p1a: Thunder Gale|Protosynthesis|[silent]
|switch|p1a: TANK|Garganacl, M|100/100
|-terastallize|p2a: Chandelure|Grass
|move|p2a: Chandelure|Overheat|p1a: TANK
|-resisted|p1a: TANK
|-damage|p1a: TANK|75/100
|-unboost|p2a: Chandelure|spa|2
|
|-weather|Snowscape|[upkeep]
|upkeep
|turn|13
|
|t:|1760890454
|switch|p2a: Dragonite|Dragonite, F|87/100
|move|p1a: TANK|Salt Cure|p2a: Dragonite
|-supereffective|p2a: Dragonite
|-damage|p2a: Dragonite|62/100
|
|-weather|Snowscape|[upkeep]
|upkeep
|turn|14
|
|t:|1760890463
|switch|p1a: Slowking|Slowking-Galar, F, tera:Fairy|100/100
|move|p2a: Dragonite|Dragon Dance|p2a: Dragonite
|-boost|p2a: Dragonite|atk|1
|-boost|p2a: Dragonite|spe|1
|
|-weather|none
|upkeep
|turn|15
|
|t:|1760890467
|move|p2a: Dragonite|Roost|p2a: Dragonite
|-heal|p2a: Dragonite|100/100
|-singleturn|p2a: Dragonite|move: Roost
|move|p1a: Slowking|Future Sight|p2a: Dragonite
|-start|p1a: Slowking|move: Future Sight
|
|upkeep
|turn|16
|
|t:|1760890470
|move|p2a: Dragonite|Dragon Dance|p2a: Dragonite
|-boost|p2a: Dragonite|atk|1
|-boost|p2a: Dragonite|spe|1
|move|p1a: Slowking|Ice Beam|p2a: Dragonite
|-supereffective|p2a: Dragonite
|-damage|p2a: Dragonite|73/100
|
|upkeep
|turn|17
|
|t:|1760890479
|move|p2a: Dragonite|Roost|p2a: Dragonite
|-heal|p2a: Dragonite|100/100
|-singleturn|p2a: Dragonite|move: Roost
|move|p1a: Slowking|Ice Beam|p2a: Dragonite
|-supereffective|p2a: Dragonite
|-damage|p2a: Dragonite|87/100
|
|-end|p2a: Dragonite|move: Future Sight
|-damage|p2a: Dragonite|56/100
|upkeep
|turn|18
|
|t:|1760890490
|move|p2a: Dragonite|Roost|p2a: Dragonite
|-heal|p2a: Dragonite|100/100
|-singleturn|p2a: Dragonite|move: Roost
|-prepare|p1a: Slowking|Chilly Reception|[premajor]
|move|p1a: Slowking|Chilly Reception|p1a: Slowking
|-weather|Snowscape
|
|t:|1760890492
|switch|p1a: Landorus|Landorus-Therian, M|86/100|[from] Chilly Reception
|-ability|p1a: Landorus|Intimidate|boost
|-unboost|p2a: Dragonite|atk|1
|
|-weather|Snowscape|[upkeep]
|upkeep
|turn|19
|
|t:|1760890495
|move|p2a: Dragonite|Dragon Dance|p2a: Dragonite
|-boost|p2a: Dragonite|atk|1
|-boost|p2a: Dragonite|spe|1
|move|p1a: Landorus|Weather Ball|p2a: Dragonite
|-supereffective|p2a: Dragonite
|-damage|p2a: Dragonite|71/100
|
|-weather|Snowscape|[upkeep]
|upkeep
|turn|20
|
|t:|1760890503
|switch|p2a: Corviknight|Corviknight, F|100/100
|-ability|p2a: Corviknight|Pressure
|move|p1a: Landorus|U-turn|p2a: Corviknight
|-resisted|p2a: Corviknight
|-damage|p2a: Corviknight|97/100
|-damage|p1a: Landorus|70/100|[from] item: Rocky Helmet|[of] p2a: Corviknight
|
|t:|1760890507
|switch|p1a: Thunder Gale|Raging Bolt|100/100|[from] U-turn
|
|-weather|Snowscape|[upkeep]
|upkeep
|turn|21
|
|t:|1760890515
|switch|p2a: Chandelure|Chandelure, M, tera:Grass|100/100
|move|p1a: Thunder Gale|Volt Switch|p2a: Chandelure
|-resisted|p2a: Chandelure
|-crit|p2a: Chandelure
|-damage|p2a: Chandelure|35/100
|-message|eemiee forfeited.
|
|win|OffrateAndy
|raw|OffrateAndy's rating: 1576 &rarr; <strong>1605</strong><br />(+29 for winning)
|raw|eemiee's rating: 1743 &rarr; <strong>1714</strong><br />(-29 for losing)
|l|☆eemiee
|player|p2|
|l|☆OffrateAndy
|player|p1|
