|j|☆420Pimmelberger
|j|☆jarxP
|t:|1760778679
|gametype|singles
|player|p1|420Pimmelberger|265|1198
|player|p2|jarxP|roxanne|1229
|gen|9
|tier|[Gen 9] OU
|rated|
|rule|HP Percentage Mod: HP is shown in percentages
|rule|Endless Battle Clause: Forcing endless battles is banned
|rule|Species Clause: Limit one of each Pokémon
|rule|OHKO Clause: OHKO moves are banned
|rule|Evasion Items Clause: Evasion items are banned
|rule|Evasion Moves Clause: Evasion moves are banned
|rule|Evasion Abilities Clause: Evasion abilities are banned
|rule|Sleep Moves Clause: Sleep-inducing moves are banned
|clearpoke
|poke|p1|Conkeldurr, M|
|poke|p1|Porygon-Z|
|poke|p1|Gyarados, F|
|poke|p1|Magnezone|
|poke|p1|Muk-Alola, F|
|poke|p1|Dusknoir, M|
|poke|p2|Gliscor, M|
|poke|p2|Great Tusk|
|poke|p2|Iron Valiant|
|poke|p2|Ting-Lu|
|poke|p2|Dragapult, M|
|poke|p2|Meowscarada, F|
|teampreview
|inactive|Battle timer is ON: inactive players will automatically lose when time's up. (requested by jarxP)
|
|t:|1760778700
|teamsize|p1|6
|teamsize|p2|6
|start
|switch|p1a: Mr Worldwide|Gyarados, F|100/100
|switch|p2a: hesgonnasaythenwor|Dragapult, M|100/100
|turn|1
|
|t:|1760778723
|switch|p1a: Geoffrey|Dusknoir, M|100/100
|-item|p2a: hesgonnasaythenwor|Choice Specs|[from] ability: Frisk|[of] p1a: Geoffrey
|move|p2a: hesgonnasaythenwor|Draco Meteor|p1a: Geoffrey
|-damage|p1a: Geoffrey|30/100
|-unboost|p2a: hesgonnasaythenwor|spa|2
|
|upkeep
|turn|2
|
|t:|1760778733
|switch|p1a: Backwards|Muk-Alola, F|100/100
|move|p2a: hesgonnasaythenwor|Draco Meteor|p1a: Backwards
|-damage|p1a: Backwards|75/100
|-unboost|p2a: hesgonnasaythenwor|spa|2
|
|-heal|p1a: Backwards|81/100|[from] item: Leftovers
|upkeep
|turn|3
|
|t:|1760778746
|switch|p2a: Ting-Lu|Ting-Lu|100/100
|-ability|p2a: Ting-Lu|Vessel of Ruin
|move|p1a: Backwards|Knock Off|p2a: Ting-Lu
|-resisted|p2a: Ting-Lu
|-damage|p2a: Ting-Lu|90/100
|-enditem|p2a: Ting-Lu|Leftovers|[from] move: Knock Off|[of] p1a: Backwards
|
|-heal|p1a: Backwards|87/100|[from] item: Leftovers
|upkeep
|turn|4
|
|t:|1760778765
|move|p1a: Backwards|Poison Jab|p2a: Ting-Lu
|-resisted|p2a: Ting-Lu
|-damage|p2a: Ting-Lu|83/100
|move|p2a: Ting-Lu|Earthquake|p1a: Backwards
|-supereffective|p1a: Backwards
|-damage|p1a: Backwards|10/100
|
|-heal|p1a: Backwards|16/100|[from] item: Leftovers
|upkeep
|turn|5
|
|t:|1760778775
|switch|p1a: Mr Worldwide|Gyarados, F|100/100
|move|p2a: Ting-Lu|Stealth Rock|p1a: Mr Worldwide
|-sidestart|p1: 420Pimmelberger|move: Stealth Rock
|
|upkeep
|turn|6
|
|t:|1760778783
|move|p1a: Mr Worldwide|Dragon Dance|p1a: Mr Worldwide
|-boost|p1a: Mr Worldwide|atk|1
|-boost|p1a: Mr Worldwide|spe|1
|move|p2a: Ting-Lu|Whirlwind|p1a: Mr Worldwide
|drag|p1a: Geoffrey|Dusknoir, M|30/100
|
|upkeep
|turn|7
|
|t:|1760778796
|move|p2a: Ting-Lu|Ruination|p1a: Geoffrey
|-damage|p1a: Geoffrey|15/100
|move|p1a: Geoffrey|Pain Split|p2a: Ting-Lu
|-sethp|p2a: Ting-Lu|46/100|[from] move: Pain Split|[silent]
|-sethp|p1a: Geoffrey|80/100|[from] move: Pain Split
|
|upkeep
|turn|8
|
|t:|1760778805
|switch|p2a: :gulp:|Meowscarada, F, shiny|100/100
|move|p1a: Geoffrey|Will-O-Wisp|p2a: :gulp:|[miss]
|-miss|p1a: Geoffrey|p2a: :gulp:
|
|upkeep
|turn|9
|
|t:|1760778813
|move|p2a: :gulp:|U-turn|p1a: Geoffrey
|-start|p2a: :gulp:|typechange|Bug|[from] ability: Protean
|-resisted|p1a: Geoffrey
|-damage|p1a: Geoffrey|66/100
|
|t:|1760778816
|switch|p2a: ban me|Iron Valiant|100/100|[from] U-turn
|-enditem|p2a: ban me|Booster Energy
|-activate|p2a: ban me|ability: Quark Drive|[fromitem]
|-start|p2a: ban me|quarkdrivespe
|move|p1a: Geoffrey|Will-O-Wisp|p2a: ban me
|-status|p2a: ban me|brn
|
|-damage|p2a: ban me|94/100 brn|[from] brn
|upkeep
|turn|10
|
|t:|1760778836
|switch|p1a: Backwards|Muk-Alola, F|16/100
|-damage|p1a: Backwards|4/100|[from] Stealth Rock
|move|p2a: ban me|Calm Mind|p2a: ban me
|-boost|p2a: ban me|spa|1
|-boost|p2a: ban me|spd|1
|
|-heal|p1a: Backwards|10/100|[from] item: Leftovers
|-damage|p2a: ban me|88/100 brn|[from] brn
|upkeep
|turn|11
|
|t:|1760778850
|move|p2a: ban me|Moonblast|p1a: Backwards
|-damage|p1a: Backwards|0 fnt
|faint|p1a: Backwards
|
|-damage|p2a: ban me|82/100 brn|[from] brn
|upkeep
|c|☆jarxP|OHIGETITBECAUSE ABCKWARDS IT REEADS CUM LIKE THE SEMEN
|inactive|420Pimmelberger has 120 seconds left.
|c|☆jarxP|LIKE THEE SEMEN
|c|☆jarxP|LIKE THE SEMEN
|c|☆420Pimmelberger|YES
|c|☆jarxP|LIKE THHE SEMEN
|
|t:|1760778878
|switch|p1a: Zonenious|Magnezone|100/100
|-damage|p1a: Zonenious|94/100|[from] Stealth Rock
|turn|12
|
|t:|1760778892
|-end|p2a: ban me|Quark Drive|[silent]
|switch|p2a: :gulp:|Meowscarada, F, shiny|100/100
|move|p1a: Zonenious|Thunderbolt|p2a: :gulp:
|-resisted|p2a: :gulp:
|-damage|p2a: :gulp:|73/100
|
|-heal|p1a: Zonenious|100/100|[from] item: Leftovers
|upkeep
|turn|13
|
|t:|1760778906
|move|p2a: :gulp:|Knock Off|p1a: Zonenious
|-start|p2a: :gulp:|typechange|Dark|[from] ability: Protean
|-damage|p1a: Zonenious|61/100
|-enditem|p1a: Zonenious|Leftovers|[from] move: Knock Off|[of] p2a: :gulp:
|move|p1a: Zonenious|Iron Defense|p1a: Zonenious
|-boost|p1a: Zonenious|def|2
|
|upkeep
|turn|14
|
|t:|1760778916
|move|p2a: :gulp:|Flower Trick|p1a: Zonenious
|-resisted|p1a: Zonenious
|-crit|p1a: Zonenious
|-damage|p1a: Zonenious|47/100
|move|p1a: Zonenious|Body Press|p2a: :gulp:
|-supereffective|p2a: :gulp:
|-damage|p2a: :gulp:|0 fnt
|faint|p2a: :gulp:
|
|upkeep
|
|t:|1760778927
|switch|p2a: Ting-Lu|Ting-Lu|46/100
|-ability|p2a: Ting-Lu|Vessel of Ruin
|turn|15
|
|t:|1760778936
|move|p1a: Zonenious|Body Press|p2a: Ting-Lu
|-supereffective|p2a: Ting-Lu
|-damage|p2a: Ting-Lu|0 fnt
|faint|p2a: Ting-Lu
|
|upkeep
|
|t:|1760778939
|switch|p2a: sv goat|Great Tusk|100/100
|-enditem|p2a: sv goat|Booster Energy
|-activate|p2a: sv goat|ability: Protosynthesis|[fromitem]
|-start|p2a: sv goat|protosynthesisspe
|turn|16
|c|☆420Pimmelberger|big tusk lets go
|c|☆420Pimmelberger|true goat
|inactive|420Pimmelberger has 120 seconds left.
|c|☆jarxP|like bron
|c|☆420Pimmelberger|fr
|
|t:|1760778983
|move|p2a: sv goat|Headlong Rush|p1a: Zonenious
|-supereffective|p1a: Zonenious
|-damage|p1a: Zonenious|0 fnt
|-unboost|p2a: sv goat|def|1
|-unboost|p2a: sv goat|spd|1
|faint|p1a: Zonenious
|
|upkeep
|
|t:|1760778993
|switch|p1a: Geoffrey|Dusknoir, M|66/100
|turn|17
|
|t:|1760779001
|-end|p2a: sv goat|Protosynthesis|[silent]
|switch|p2a: ban me|Iron Valiant|82/100 brn
|move|p1a: Geoffrey|Will-O-Wisp|p2a: ban me|[miss]
|-miss|p1a: Geoffrey|p2a: ban me
|
|-damage|p2a: ban me|76/100 brn|[from] brn
|upkeep
|turn|18
|
|t:|1760779008
|move|p2a: ban me|Encore|p1a: Geoffrey
|-start|p1a: Geoffrey|Encore
|move|p1a: Geoffrey|Will-O-Wisp|p2a: ban me
|-fail|p2a: ban me|brn
|
|-damage|p2a: ban me|69/100 brn|[from] brn
|upkeep
|turn|19
|
|t:|1760779016
|switch|p1a: Mr Worldwide|Gyarados, F|100/100
|-damage|p1a: Mr Worldwide|76/100|[from] Stealth Rock
|move|p2a: ban me|Calm Mind|p2a: ban me
|-boost|p2a: ban me|spa|1
|-boost|p2a: ban me|spd|1
|
|-heal|p1a: Mr Worldwide|82/100|[from] item: Leftovers
|-damage|p2a: ban me|63/100 brn|[from] brn
|upkeep
|turn|20
|inactive|420Pimmelberger has 120 seconds left.
|c|☆jarxP|dont do it
|c|☆420Pimmelberger|i cant resist
|c|☆jarxP|mista world wide
|inactive|420Pimmelberger has 90 seconds left.
|
|t:|1760779053
|move|p2a: ban me|Thunderbolt|p1a: Mr Worldwide
|-supereffective|p1a: Mr Worldwide
|-damage|p1a: Mr Worldwide|0 fnt
|faint|p1a: Mr Worldwide
|
|-damage|p2a: ban me|57/100 brn|[from] brn
|upkeep
|inactive|420Pimmelberger has 90 seconds left.
|c|☆420Pimmelberger|ngl i forgot about that
|c|☆jarxP|is that tera ground
|
|t:|1760779066
|switch|p1a: Big Excel|Porygon-Z|100/100
|-damage|p1a: Big Excel|88/100|[from] Stealth Rock
|turn|21
|c|☆jarxP|thats what iw as referenign to
|inactive|420Pimmelberger has 90 seconds left.
|c|☆420Pimmelberger|yes sir but i excpected a moonblast
|
|t:|1760779096
|move|p2a: ban me|Moonblast|p1a: Big Excel
|-damage|p1a: Big Excel|0 fnt
|faint|p1a: Big Excel
|
|-damage|p2a: ban me|51/100 brn|[from] brn
|upkeep
|c|☆jarxP|oh i feel
|
|t:|1760779104
|switch|p1a: No Leg Day|Conkeldurr, M|100/100
|-damage|p1a: No Leg Day|94/100|[from] Stealth Rock
|turn|22
|
|t:|1760779119
|-terastallize|p1a: No Leg Day|Fairy
|move|p2a: ban me|Moonblast|p1a: No Leg Day
|-damage|p1a: No Leg Day|38/100
|move|p1a: No Leg Day|Bulk Up|p1a: No Leg Day
|-boost|p1a: No Leg Day|atk|1
|-boost|p1a: No Leg Day|def|1
|
|-heal|p1a: No Leg Day|44/100|[from] item: Leftovers
|-damage|p2a: ban me|44/100 brn|[from] brn
|upkeep
|turn|23
|c|☆420Pimmelberger|ngl i forgot about encore
|c|☆jarxP|tera elec brand new antarctic superserver tecc
|inactive|420Pimmelberger has 60 seconds left.
|c|☆420Pimmelberger|gg
|-message|420Pimmelberger forfeited.
|
|win|jarxP
|raw|420Pimmelberger's rating: 1198 &rarr; <strong>1175</strong><br />(-23 for losing)
|raw|jarxP's rating: 1229 &rarr; <strong>1252</strong><br />(+23 for winning)
|l|☆420Pimmelberger
|player|p1|
|c|☆jarxP|gg
|c|☆jarxP|just imported
|c|☆jarxP|to drop dic and cuck you with your girl
|l|☆jarxP
|player|p2|
