|j|☆deepfriedmagikarp
|j|☆StarChewer
|t:|1760864263
|gametype|singles
|player|p1|deepfriedmagikarp|pokemonranger-gen4|1790
|player|p2|StarChewer|lusamine-nihilego|1805
|gen|9
|tier|[Gen 9] OU
|rated|
|rule|HP Percentage Mod: HP is shown in percentages
|rule|Endless Battle Clause: Forcing endless battles is banned
|rule|Species Clause: Limit one of each Pokémon
|rule|OHKO Clause: OHKO moves are banned
|rule|Evasion Items Clause: Evasion items are banned
|rule|Evasion Moves Clause: Evasion moves are banned
|rule|Evasion Abilities Clause: Evasion abilities are banned
|rule|Sleep Moves Clause: Sleep-inducing moves are banned
|clearpoke
|poke|p1|Ogerpon-Wellspring, F|
|poke|p1|Kingambit, F|
|poke|p1|Landorus-Therian, M|
|poke|p1|Glimmora, F|
|poke|p1|Dragapult, F|
|poke|p1|Iron Valiant|
|poke|p2|Dragapult, F|
|poke|p2|Glimmora, F|
|poke|p2|Kingambit, M|
|poke|p2|Serperior, F|
|poke|p2|Zamazenta-*|
|poke|p2|Slowking-Galar, M|
|teampreview
|inactive|Battle timer is ON: inactive players will automatically lose when time's up. (requested by deepfriedmagikarp)
|inactive|StarChewer also wants the timer to be on.
|
|t:|1760864267
|teamsize|p1|6
|teamsize|p2|6
|start
|switch|p1a: Dragapult|Dragapult, F|100/100
|switch|p2a: Medusa|Serperior, F, shiny|100/100
|turn|1
|
|t:|1760864272
|move|p1a: Dragapult|U-turn|p2a: Medusa
|-supereffective|p2a: Medusa
|-damage|p2a: Medusa|57/100
|j| pirolino
|
|t:|1760864279
|switch|p1a: Kingambit|Kingambit, F|100/100|[from] U-turn
|move|p2a: Medusa|Glare|p1a: Kingambit
|-status|p1a: Kingambit|par
|
|-heal|p2a: Medusa|63/100|[from] item: Leftovers
|upkeep
|turn|2
|j| crackstone
|
|t:|1760864288
|move|p2a: Medusa|Substitute|p2a: Medusa
|-start|p2a: Medusa|Substitute
|-damage|p2a: Medusa|38/100
|move|p1a: Kingambit|Kowtow Cleave|p2a: Medusa
|-end|p2a: Medusa|Substitute
|
|-heal|p2a: Medusa|44/100|[from] item: Leftovers
|upkeep
|turn|3
|
|t:|1760864298
|switch|p2a: DogeCoin|Zamazenta|100/100
|-ability|p2a: DogeCoin|Dauntless Shield|boost
|-boost|p2a: DogeCoin|def|1
|-end|p1a: Kingambit|fallenundefined|[silent]
|switch|p1a: Dragapult|Dragapult, F|100/100
|
|upkeep
|turn|4
|
|t:|1760864302
|move|p2a: DogeCoin|Protect|p2a: DogeCoin
|-singleturn|p2a: DogeCoin|Protect
|move|p1a: Dragapult|Shadow Ball|p2a: DogeCoin
|-activate|p2a: DogeCoin|move: Protect
|
|upkeep
|turn|5
|
|t:|1760864309
|move|p1a: Dragapult|Shadow Ball|p2a: DogeCoin
|-damage|p2a: DogeCoin|57/100
|-unboost|p2a: DogeCoin|spd|1
|move|p2a: DogeCoin|Crunch|p1a: Dragapult
|-supereffective|p1a: Dragapult
|-damage|p1a: Dragapult|39/100
|
|-heal|p2a: DogeCoin|63/100|[from] item: Leftovers
|upkeep
|turn|6
|
|t:|1760864315
|move|p2a: DogeCoin|Protect|p2a: DogeCoin
|-singleturn|p2a: DogeCoin|Protect
|move|p1a: Dragapult|Shadow Ball|p2a: DogeCoin
|-activate|p2a: DogeCoin|move: Protect
|
|-heal|p2a: DogeCoin|69/100|[from] item: Leftovers
|upkeep
|turn|7
|
|t:|1760864321
|switch|p2a: Cockroach|Kingambit, M|100/100
|-terastallize|p1a: Dragapult|Ghost
|move|p1a: Dragapult|Shadow Ball|p2a: Cockroach
|-resisted|p2a: Cockroach
|-damage|p2a: Cockroach|59/100
|
|-heal|p2a: Cockroach|66/100|[from] item: Leftovers
|upkeep
|turn|8
|
|t:|1760864329
|switch|p1a: Landorus|Landorus-Therian, M|100/100
|-ability|p1a: Landorus|Intimidate|boost
|-unboost|p2a: Cockroach|atk|1
|move|p2a: Cockroach|Iron Head|p1a: Landorus
|-damage|p1a: Landorus|71/100
|-damage|p2a: Cockroach|49/100|[from] item: Rocky Helmet|[of] p1a: Landorus
|
|-heal|p2a: Cockroach|55/100|[from] item: Leftovers
|upkeep
|turn|9
|
|t:|1760864334
|-end|p2a: Cockroach|fallenundefined|[silent]
|switch|p2a: Bubonic|Dragapult, F, shiny|100/100
|move|p1a: Landorus|Stealth Rock|p2a: Bubonic
|-sidestart|p2: StarChewer|move: Stealth Rock
|
|upkeep
|turn|10
|
|t:|1760864338
|switch|p1a: Kingambit|Kingambit, F|100/100 par
|move|p2a: Bubonic|Will-O-Wisp|p1a: Kingambit|[miss]
|-miss|p2a: Bubonic|p1a: Kingambit
|
|upkeep
|turn|11
|
|t:|1760864347
|switch|p2a: Asbestos|Glimmora, F, shiny|100/100
|-damage|p2a: Asbestos|88/100|[from] Stealth Rock
|move|p1a: Kingambit|Iron Head|p2a: Asbestos
|-supereffective|p2a: Asbestos
|-damage|p2a: Asbestos|0 fnt
|-activate|p2a: Asbestos|ability: Toxic Debris
|-sidestart|p1: deepfriedmagikarp|move: Toxic Spikes
|faint|p2a: Asbestos
|
|upkeep
|
|t:|1760864357
|switch|p2a: DogeCoin|Zamazenta|69/100
|-damage|p2a: DogeCoin|63/100|[from] Stealth Rock
|turn|12
|
|t:|1760864361
|-end|p1a: Kingambit|fallenundefined|[silent]
|switch|p1a: Landorus|Landorus-Therian, M|71/100
|-ability|p1a: Landorus|Intimidate|boost
|-unboost|p2a: DogeCoin|atk|1
|move|p2a: DogeCoin|Iron Defense|p2a: DogeCoin
|-boost|p2a: DogeCoin|def|2
|
|-heal|p2a: DogeCoin|69/100|[from] item: Leftovers
|upkeep
|turn|13
|
|t:|1760864365
|switch|p1a: Glimmora|Glimmora, F|100/100
|-sideend|p1: deepfriedmagikarp|move: Toxic Spikes|[of] p1a: Glimmora
|move|p2a: DogeCoin|Protect||[still]
|-fail|p2a: DogeCoin
|
|-heal|p2a: DogeCoin|75/100|[from] item: Leftovers
|upkeep
|turn|14
|
|t:|1760864370
|move|p2a: DogeCoin|Body Press|p1a: Glimmora
|-damage|p1a: Glimmora|23/100
|-activate|p1a: Glimmora|ability: Toxic Debris
|-sidestart|p2: StarChewer|move: Toxic Spikes
|move|p1a: Glimmora|Spikes|p2a: DogeCoin
|-sidestart|p2: StarChewer|Spikes
|
|-heal|p2a: DogeCoin|81/100|[from] item: Leftovers
|upkeep
|turn|15
|
|t:|1760864374
|switch|p1a: Landorus|Landorus-Therian, M|71/100
|-ability|p1a: Landorus|Intimidate|boost
|-unboost|p2a: DogeCoin|atk|1
|move|p2a: DogeCoin|Body Press|p1a: Landorus
|-resisted|p1a: Landorus
|-damage|p1a: Landorus|35/100
|-damage|p2a: DogeCoin|65/100|[from] item: Rocky Helmet|[of] p1a: Landorus
|
|-heal|p2a: DogeCoin|71/100|[from] item: Leftovers
|upkeep
|turn|16
|
|t:|1760864378
|switch|p1a: Dragapult|Dragapult, F, tera:Ghost|39/100
|move|p2a: DogeCoin|Iron Defense|p2a: DogeCoin
|-boost|p2a: DogeCoin|def|2
|
|-heal|p2a: DogeCoin|77/100|[from] item: Leftovers
|upkeep
|turn|17
|
|t:|1760864380
|move|p2a: DogeCoin|Protect|p2a: DogeCoin
|-singleturn|p2a: DogeCoin|Protect
|move|p1a: Dragapult|Shadow Ball|p2a: DogeCoin
|-activate|p2a: DogeCoin|move: Protect
|
|-heal|p2a: DogeCoin|83/100|[from] item: Leftovers
|upkeep
|turn|18
|
|t:|1760864383
|move|p1a: Dragapult|Shadow Ball|p2a: DogeCoin
|-damage|p2a: DogeCoin|29/100
|-unboost|p2a: DogeCoin|spd|1
|move|p2a: DogeCoin|Crunch|p1a: Dragapult
|-supereffective|p1a: Dragapult
|-damage|p1a: Dragapult|9/100
|-unboost|p1a: Dragapult|def|1
|
|-heal|p2a: DogeCoin|35/100|[from] item: Leftovers
|upkeep
|turn|19
|
|t:|1760864388
|move|p2a: DogeCoin|Protect|p2a: DogeCoin
|-singleturn|p2a: DogeCoin|Protect
|move|p1a: Dragapult|Shadow Ball|p2a: DogeCoin
|-activate|p2a: DogeCoin|move: Protect
|
|-heal|p2a: DogeCoin|41/100|[from] item: Leftovers
|upkeep
|turn|20
|
|t:|1760864394
|switch|p2a: GlowUp|Slowking-Galar, M|100/100
|-damage|p2a: GlowUp|88/100|[from] Stealth Rock
|-sideend|p2: StarChewer|move: Toxic Spikes|[of] p2a: GlowUp
|-damage|p2a: GlowUp|76/100|[from] Spikes
|move|p1a: Dragapult|Shadow Ball|p2a: GlowUp
|-supereffective|p2a: GlowUp
|-damage|p2a: GlowUp|20/100
|-unboost|p2a: GlowUp|spd|1
|
|upkeep
|turn|21
|j| Ctannn
|
|t:|1760864399
|move|p1a: Dragapult|Shadow Ball|p2a: GlowUp
|-supereffective|p2a: GlowUp
|-damage|p2a: GlowUp|0 fnt
|faint|p2a: GlowUp
|
|upkeep
|
|t:|1760864403
|switch|p2a: Cockroach|Kingambit, M|55/100
|-damage|p2a: Cockroach|49/100|[from] Stealth Rock
|-damage|p2a: Cockroach|37/100|[from] Spikes
|-activate|p2a: Cockroach|ability: Supreme Overlord
|-start|p2a: Cockroach|fallen2|[silent]
|turn|22
|
|t:|1760864406
|switch|p1a: Landorus|Landorus-Therian, M|35/100
|-ability|p1a: Landorus|Intimidate|boost
|-unboost|p2a: Cockroach|atk|1
|move|p2a: Cockroach|Sucker Punch||[still]
|-fail|p2a: Cockroach
|
|-heal|p2a: Cockroach|43/100|[from] item: Leftovers
|upkeep
|turn|23
|
|t:|1760864412
|-end|p2a: Cockroach|fallen2|[silent]
|switch|p2a: Medusa|Serperior, F, shiny|44/100
|-damage|p2a: Medusa|32/100|[from] Stealth Rock
|-damage|p2a: Medusa|19/100|[from] Spikes
|move|p1a: Landorus|Earthquake|p2a: Medusa
|-resisted|p2a: Medusa
|-damage|p2a: Medusa|0 fnt
|faint|p2a: Medusa
|
|upkeep
|
|t:|1760864414
|switch|p2a: Bubonic|Dragapult, F, shiny|100/100
|turn|24
|
|t:|1760864418
|switch|p1a: Kingambit|Kingambit, F|100/100 par
|move|p2a: Bubonic|Hex|p1a: Kingambit
|-resisted|p1a: Kingambit
|-damage|p1a: Kingambit|72/100 par
|
|-heal|p1a: Kingambit|78/100 par|[from] item: Leftovers
|upkeep
|turn|25
|
|t:|1760864423
|move|p2a: Bubonic|Draco Meteor|p1a: Kingambit
|-resisted|p1a: Kingambit
|-damage|p1a: Kingambit|50/100 par
|-unboost|p2a: Bubonic|spa|2
|move|p1a: Kingambit|Kowtow Cleave|p2a: Bubonic
|-supereffective|p2a: Bubonic
|-crit|p2a: Bubonic
|-damage|p2a: Bubonic|0 fnt
|faint|p2a: Bubonic
|
|-heal|p1a: Kingambit|56/100 par|[from] item: Leftovers
|upkeep
|
|t:|1760864427
|switch|p2a: DogeCoin|Zamazenta|41/100
|-damage|p2a: DogeCoin|35/100|[from] Stealth Rock
|-damage|p2a: DogeCoin|23/100|[from] Spikes
|turn|26
|
|t:|1760864429
|-end|p1a: Kingambit|fallenundefined|[silent]
|switch|p1a: Landorus|Landorus-Therian, M|35/100
|-ability|p1a: Landorus|Intimidate|boost
|-unboost|p2a: DogeCoin|atk|1
|move|p2a: DogeCoin|Iron Defense|p2a: DogeCoin
|-boost|p2a: DogeCoin|def|2
|
|-heal|p2a: DogeCoin|29/100|[from] item: Leftovers
|upkeep
|turn|27
|
|t:|1760864432
|switch|p1a: Glimmora|Glimmora, F|23/100
|move|p2a: DogeCoin|Protect||[still]
|-fail|p2a: DogeCoin
|
|-heal|p2a: DogeCoin|35/100|[from] item: Leftovers
|upkeep
|turn|28
|
|t:|1760864437
|move|p2a: DogeCoin|Protect|p2a: DogeCoin
|-singleturn|p2a: DogeCoin|Protect
|move|p1a: Glimmora|Spikes|p2a: DogeCoin
|-sidestart|p2: StarChewer|Spikes
|
|-heal|p2a: DogeCoin|41/100|[from] item: Leftovers
|upkeep
|turn|29
|
|t:|1760864440
|move|p2a: DogeCoin|Iron Defense|p2a: DogeCoin
|-boost|p2a: DogeCoin|def|2
|move|p1a: Glimmora|Earth Power|p2a: DogeCoin
|-damage|p2a: DogeCoin|13/100
|
|-heal|p2a: DogeCoin|19/100|[from] item: Leftovers
|upkeep
|turn|30
|
|t:|1760864443
|move|p2a: DogeCoin|Protect|p2a: DogeCoin
|-singleturn|p2a: DogeCoin|Protect
|move|p1a: Glimmora|Spikes|p2a: DogeCoin
|-sidestart|p2: StarChewer|Spikes
|
|-heal|p2a: DogeCoin|25/100|[from] item: Leftovers
|upkeep
|turn|31
|
|t:|1760864445
|move|p2a: DogeCoin|Body Press|p1a: Glimmora
|-damage|p1a: Glimmora|0 fnt
|-activate|p1a: Glimmora|ability: Toxic Debris
|-sidestart|p2: StarChewer|move: Toxic Spikes
|faint|p1a: Glimmora
|
|-heal|p2a: DogeCoin|31/100|[from] item: Leftovers
|upkeep
|
|t:|1760864447
|switch|p1a: Dragapult|Dragapult, F, tera:Ghost|9/100
|turn|32
|
|t:|1760864450
|move|p2a: DogeCoin|Protect|p2a: DogeCoin
|-singleturn|p2a: DogeCoin|Protect
|move|p1a: Dragapult|Shadow Ball|p2a: DogeCoin
|-activate|p2a: DogeCoin|move: Protect
|
|-heal|p2a: DogeCoin|37/100|[from] item: Leftovers
|upkeep
|turn|33
|
|t:|1760864452
|move|p2a: DogeCoin|Protect|p2a: DogeCoin
|-singleturn|p2a: DogeCoin|Protect
|move|p1a: Dragapult|Shadow Ball|p2a: DogeCoin
|-activate|p2a: DogeCoin|move: Protect
|
|-heal|p2a: DogeCoin|43/100|[from] item: Leftovers
|upkeep
|turn|34
|
|t:|1760864456
|move|p2a: DogeCoin|Protect||[still]
|-fail|p2a: DogeCoin
|move|p1a: Dragapult|Shadow Ball|p2a: DogeCoin
|-damage|p2a: DogeCoin|0 fnt
|faint|p2a: DogeCoin
|
|upkeep
|-message|StarChewer forfeited.
|
|win|deepfriedmagikarp
|raw|deepfriedmagikarp's rating: 1790 &rarr; <strong>1811</strong><br />(+21 for winning)
|raw|StarChewer's rating: 1805 &rarr; <strong>1784</strong><br />(-21 for losing)
|l|☆StarChewer
|player|p2|
|l|☆deepfriedmagikarp
|player|p1|
|l| pirolino
