|j|☆mo007001
|j|☆trippi-troppi6969
|t:|1760767860
|gametype|singles
|player|p1|mo007001|burglar|1129
|player|p2|trippi-troppi6969|ghetsis|1150
|gen|9
|tier|[Gen 9] OU
|rated|
|rule|HP Percentage Mod: HP is shown in percentages
|rule|Endless Battle Clause: Forcing endless battles is banned
|rule|Species Clause: Limit one of each Pokémon
|rule|OHKO Clause: OHKO moves are banned
|rule|Evasion Items Clause: Evasion items are banned
|rule|Evasion Moves Clause: Evasion moves are banned
|rule|Evasion Abilities Clause: Evasion abilities are banned
|rule|Sleep Moves Clause: Sleep-inducing moves are banned
|clearpoke
|poke|p1|Ursaluna, F|
|poke|p1|Gumshoos, M|
|poke|p1|Lokix, M|
|poke|p1|Kingambit, M|
|poke|p1|Skeledirge, M|
|poke|p1|Slowking, M|
|poke|p2|Weavile, M|
|poke|p2|Kingambit, M|
|poke|p2|Iron Moth|
|poke|p2|Garchomp, M|
|poke|p2|Iron Valiant|
|poke|p2|Moltres-Galar|
|teampreview
|inactive|Battle timer is ON: inactive players will automatically lose when time's up. (requested by trippi-troppi6969)
|
|t:|1760767866
|teamsize|p1|6
|teamsize|p2|6
|start
|switch|p1a: Gumshoos|Gumshoos, M|100/100
|switch|p2a: Garchomp|Garchomp, M|100/100
|turn|1
|
|t:|1760767874
|-singleturn|p1a: Gumshoos|move: Focus Punch
|move|p2a: Garchomp|Stealth Rock|p1a: Gumshoos
|-sidestart|p1: mo007001|move: Stealth Rock
|move|p1a: Gumshoos|Focus Punch|p2a: Garchomp
|-damage|p2a: Garchomp|70/100
|-damage|p1a: Gumshoos|88/100|[from] ability: Rough Skin|[of] p2a: Garchomp
|-damage|p1a: Gumshoos|72/100|[from] item: Rocky Helmet|[of] p2a: Garchomp
|
|upkeep
|turn|2
|
|t:|1760767884
|move|p2a: Garchomp|Spikes|p1a: Gumshoos
|-sidestart|p1: mo007001|Spikes
|move|p1a: Gumshoos|Double-Edge|p2a: Garchomp
|-damage|p2a: Garchomp|35/100
|-damage|p1a: Gumshoos|59/100|[from] ability: Rough Skin|[of] p2a: Garchomp
|-damage|p1a: Gumshoos|43/100|[from] item: Rocky Helmet|[of] p2a: Garchomp
|-damage|p1a: Gumshoos|30/100|[from] Recoil
|
|upkeep
|turn|3
|
|t:|1760767902
|switch|p1a: Slowking|Slowking, M, shiny|100/100
|-damage|p1a: Slowking|88/100|[from] Stealth Rock
|-damage|p1a: Slowking|76/100|[from] Spikes
|-terastallize|p2a: Garchomp|Ghost
|move|p2a: Garchomp|Spikes|p1a: Slowking
|-sidestart|p1: mo007001|Spikes
|
|upkeep
|turn|4
|
|t:|1760767912
|move|p2a: Garchomp|Spikes|p1a: Slowking
|-sidestart|p1: mo007001|Spikes
|move|p1a: Slowking|Trick Room|p1a: Slowking
|-fieldstart|move: Trick Room|[of] p1a: Slowking
|
|upkeep
|turn|5
|
|t:|1760767921
|switch|p1a: Ursaluna|Ursaluna, F|100/100
|-damage|p1a: Ursaluna|94/100|[from] Stealth Rock
|-damage|p1a: Ursaluna|69/100|[from] Spikes
|move|p2a: Garchomp|Dragon Tail|p1a: Ursaluna
|-damage|p1a: Ursaluna|50/100
|drag|p1a: Slowking|Slowking, M, shiny|100/100
|-damage|p1a: Slowking|88/100|[from] Stealth Rock
|-damage|p1a: Slowking|63/100|[from] Spikes
|
|upkeep
|turn|6
|
|t:|1760767933
|move|p1a: Slowking|Future Sight|p2a: Garchomp
|-start|p1a: Slowking|move: Future Sight
|move|p2a: Garchomp|Dragon Tail|p1a: Slowking
|-damage|p1a: Slowking|46/100
|drag|p1a: Lokix|Lokix, M|100/100
|-damage|p1a: Lokix|76/100|[from] Stealth Rock
|-damage|p1a: Lokix|51/100|[from] Spikes
|
|upkeep
|turn|7
|
|t:|1760767943
|move|p1a: Lokix|First Impression|p2a: Garchomp
|-resisted|p2a: Garchomp
|-damage|p2a: Garchomp|0 fnt
|-damage|p1a: Lokix|38/100|[from] ability: Rough Skin|[of] p2a: Garchomp
|-damage|p1a: Lokix|22/100|[from] item: Rocky Helmet|[of] p2a: Garchomp
|faint|p2a: Garchomp
|
|upkeep
|
|t:|1760767947
|switch|p2a: Moltres|Moltres-Galar|100/100
|turn|8
|
|t:|1760767964
|switch|p1a: Skeledirge|Skeledirge, M, shiny|100/100
|move|p2a: Moltres|Agility|p2a: Moltres
|-boost|p2a: Moltres|spe|2
|
|-end|p2a: Moltres|move: Future Sight
|-immune|p2a: Moltres
|-fieldend|move: Trick Room
|upkeep
|turn|9
|
|t:|1760767979
|-terastallize|p1a: Skeledirge|Fairy
|move|p2a: Moltres|Nasty Plot|p2a: Moltres
|-boost|p2a: Moltres|spa|2
|move|p1a: Skeledirge|Torch Song|p2a: Moltres
|-damage|p2a: Moltres|76/100
|-boost|p1a: Skeledirge|spa|1
|
|upkeep
|turn|10
|
|t:|1760768008
|move|p2a: Moltres|Fiery Wrath|p1a: Skeledirge
|-resisted|p1a: Skeledirge
|-damage|p1a: Skeledirge|80/100
|move|p1a: Skeledirge|Torch Song|p2a: Moltres
|-damage|p2a: Moltres|35/100
|-boost|p1a: Skeledirge|spa|1
|-ability|p2a: Moltres|Berserk|boost
|-boost|p2a: Moltres|spa|1
|-enditem|p2a: Moltres|Sitrus Berry|[eat]
|-heal|p2a: Moltres|60/100|[from] item: Sitrus Berry
|
|upkeep
|turn|11
|
|t:|1760768019
|move|p2a: Moltres|Fiery Wrath|p1a: Skeledirge
|-resisted|p1a: Skeledirge
|-damage|p1a: Skeledirge|61/100
|move|p1a: Skeledirge|Torch Song|p2a: Moltres
|-damage|p2a: Moltres|6/100
|-boost|p1a: Skeledirge|spa|1
|-ability|p2a: Moltres|Berserk|boost
|-boost|p2a: Moltres|spa|1
|
|upkeep
|turn|12
|
|t:|1760768030
|switch|p2a: Iron Moth|Iron Moth|100/100
|-enditem|p2a: Iron Moth|Booster Energy
|-activate|p2a: Iron Moth|ability: Quark Drive|[fromitem]
|-start|p2a: Iron Moth|quarkdrivespe
|move|p1a: Skeledirge|Slack Off|p1a: Skeledirge
|-heal|p1a: Skeledirge|100/100
|
|upkeep
|turn|13
|
|t:|1760768052
|switch|p1a: Slowking|Slowking, M, shiny|79/100
|-damage|p1a: Slowking|66/100|[from] Stealth Rock
|-damage|p1a: Slowking|42/100|[from] Spikes
|move|p2a: Iron Moth|Fiery Dance|p1a: Slowking
|-resisted|p1a: Slowking
|-damage|p1a: Slowking|26/100
|-boost|p2a: Iron Moth|spa|1
|
|upkeep
|turn|14
|
|t:|1760768068
|switch|p1a: Gumshoos|Gumshoos, M|30/100
|-damage|p1a: Gumshoos|18/100|[from] Stealth Rock
|-damage|p1a: Gumshoos|0 fnt|[from] Spikes
|faint|p1a: Gumshoos
|move|p2a: Iron Moth|Fiery Dance|p1: Gumshoos|[notarget]
|-fail|p2a: Iron Moth
|
|upkeep
|
|t:|1760768081
|switch|p1a: Lokix|Lokix, M|22/100
|-damage|p1a: Lokix|0 fnt|[from] Stealth Rock
|faint|p1a: Lokix
|inactive|mo007001 has 120 seconds left.
|
|t:|1760768092
|switch|p1a: Kingambit|Kingambit, M|100/100
|-damage|p1a: Kingambit|94/100|[from] Stealth Rock
|-activate|p1a: Kingambit|ability: Supreme Overlord
|-start|p1a: Kingambit|fallen2|[silent]
|-item|p1a: Kingambit|Air Balloon
|turn|15
|
|t:|1760768100
|move|p1a: Kingambit|Sucker Punch|p2a: Iron Moth
|-damage|p2a: Iron Moth|36/100
|move|p2a: Iron Moth|Fiery Dance|p1a: Kingambit
|-supereffective|p1a: Kingambit
|-damage|p1a: Kingambit|0 fnt
|-enditem|p1a: Kingambit|Air Balloon
|faint|p1a: Kingambit
|-end|p1a: Kingambit|fallen2|[silent]
|
|upkeep
|
|t:|1760768110
|switch|p1a: Skeledirge|Skeledirge, M, shiny, tera:Fairy|100/100
|turn|16
|-message|mo007001 forfeited.
|
|win|trippi-troppi6969
|raw|mo007001's rating: 1129 &rarr; <strong>1106</strong><br />(-23 for losing)
|raw|trippi-troppi6969's rating: 1150 &rarr; <strong>1173</strong><br />(+23 for winning)
|l|☆mo007001
|player|p1|
|j|☆mo007001
|player|p1|mo007001|burglar|
|c|☆trippi-troppi6969|GGS
|l|☆mo007001
|player|p1|
|l|☆trippi-troppi6969
|player|p2|
