|j|☆donofair
|j|☆stevstacks
|t:|1760764569
|gametype|singles
|player|p1|donofair|rancher|1526
|player|p2|stevstacks|102|1531
|gen|9
|tier|[Gen 9] OU
|rated|
|rule|HP Percentage Mod: HP is shown in percentages
|rule|Endless Battle Clause: Forcing endless battles is banned
|rule|Species Clause: Limit one of each Pokémon
|rule|OHKO Clause: OHKO moves are banned
|rule|Evasion Items Clause: Evasion items are banned
|rule|Evasion Moves Clause: Evasion moves are banned
|rule|Evasion Abilities Clause: Evasion abilities are banned
|rule|Sleep Moves Clause: Sleep-inducing moves are banned
|clearpoke
|poke|p1|Hydrapple, M|
|poke|p1|Slowking, F|
|poke|p1|Great Tusk|
|poke|p1|Moltres|
|poke|p1|Zamazenta-*|
|poke|p1|Kingambit, F|
|poke|p2|Torkoal, F|
|poke|p2|Corviknight, M|
|poke|p2|Walking Wake|
|poke|p2|Raging Bolt|
|poke|p2|Great Tusk|
|poke|p2|Cinderace, F|
|teampreview
|inactive|Battle timer is ON: inactive players will automatically lose when time's up. (requested by stevstacks)
|
|t:|1760764584
|teamsize|p1|6
|teamsize|p2|6
|start
|switch|p1a: Slowking|Slowking, F|100/100
|switch|p2a: hydrocodone|Walking Wake|100/100
|turn|1
|
|t:|1760764587
|move|p2a: hydrocodone|Draco Meteor|p1a: Slowking
|-damage|p1a: Slowking|47/100
|-unboost|p2a: hydrocodone|spa|2
|move|p1a: Slowking|Thunder Wave|p2a: hydrocodone
|-status|p2a: hydrocodone|par
|
|upkeep
|turn|2
|
|t:|1760764595
|move|p2a: hydrocodone|Draco Meteor|p1a: Slowking
|-damage|p1a: Slowking|20/100
|-unboost|p2a: hydrocodone|spa|2
|move|p1a: Slowking|Future Sight|p2a: hydrocodone
|-start|p1a: Slowking|move: Future Sight
|
|upkeep
|turn|3
|
|t:|1760764600
|-end|p2a: hydrocodone|Protosynthesis|[silent]
|switch|p2a: ’02 E46 330Ci|Torkoal, F, shiny|100/100
|-weather|SunnyDay|[from] ability: Drought|[of] p2a: ’02 E46 330Ci
|-prepare|p1a: Slowking|Chilly Reception|[premajor]
|move|p1a: Slowking|Chilly Reception|p1a: Slowking
|-weather|Snowscape
|
|t:|1760764606
|switch|p1a: Great Tusk|Great Tusk|100/100|[from] Chilly Reception
|
|-weather|Snowscape|[upkeep]
|upkeep
|turn|4
|
|t:|1760764610
|switch|p2a: bird allegiance|Corviknight, M|100/100
|-ability|p2a: bird allegiance|Pressure
|move|p1a: Great Tusk|Stealth Rock|p2a: bird allegiance
|-sidestart|p2: stevstacks|move: Stealth Rock
|
|-weather|Snowscape|[upkeep]
|-end|p2a: bird allegiance|move: Future Sight
|-resisted|p2a: bird allegiance
|-damage|p2a: bird allegiance|86/100
|-heal|p2a: bird allegiance|92/100|[from] item: Leftovers
|upkeep
|turn|5
|
|t:|1760764615
|-end|p1a: Great Tusk|Protosynthesis|[silent]
|switch|p1a: Slowking|Slowking, F|53/100
|move|p2a: bird allegiance|Defog|p1a: Slowking
|-unboost|p1a: Slowking|evasion|1
|-sideend|p2: stevstacks|Stealth Rock|[from] move: Defog|[of] p2a: bird allegiance
|
|-weather|Snowscape|[upkeep]
|-heal|p2a: bird allegiance|98/100|[from] item: Leftovers
|upkeep
|turn|6
|
|t:|1760764619
|move|p2a: bird allegiance|U-turn|p1a: Slowking
|-supereffective|p1a: Slowking
|-damage|p1a: Slowking|23/100
|
|t:|1760764624
|switch|p2a: ’02 E46 330Ci|Torkoal, F, shiny|100/100|[from] U-turn
|-weather|SunnyDay|[from] ability: Drought|[of] p2a: ’02 E46 330Ci
|move|p1a: Slowking|Thunder Wave|p2a: ’02 E46 330Ci
|-status|p2a: ’02 E46 330Ci|par
|
|-weather|SunnyDay|[upkeep]
|upkeep
|turn|7
|
|t:|1760764637
|switch|p2a: Fake Swiper|Cinderace, F|100/100
|-prepare|p1a: Slowking|Chilly Reception|[premajor]
|move|p1a: Slowking|Chilly Reception|p1a: Slowking
|-weather|Snowscape
|
|t:|1760764663
|switch|p1a: Zamazenta|Zamazenta|100/100|[from] Chilly Reception
|-ability|p1a: Zamazenta|Dauntless Shield|boost
|-boost|p1a: Zamazenta|def|1
|
|-weather|Snowscape|[upkeep]
|upkeep
|turn|8
|
|t:|1760764674
|switch|p2a: ’02 E46 330Ci|Torkoal, F, shiny|100/100 par
|-weather|SunnyDay|[from] ability: Drought|[of] p2a: ’02 E46 330Ci
|-terastallize|p1a: Zamazenta|Fighting
|move|p1a: Zamazenta|Close Combat|p2a: ’02 E46 330Ci
|-damage|p2a: ’02 E46 330Ci|14/100 par
|-unboost|p1a: Zamazenta|def|1
|-unboost|p1a: Zamazenta|spd|1
|
|-weather|SunnyDay|[upkeep]
|upkeep
|turn|9
|
|t:|1760764682
|switch|p1a: Slowking|Slowking, F|57/100
|switch|p2a: hydrocodone|Walking Wake|100/100 par
|-activate|p2a: hydrocodone|ability: Protosynthesis
|-start|p2a: hydrocodone|protosynthesisspe
|
|-weather|SunnyDay|[upkeep]
|upkeep
|turn|10
|
|t:|1760764692
|switch|p1a: Kingambit|Kingambit, F|100/100
|cant|p2a: hydrocodone|par
|
|-weather|SunnyDay|[upkeep]
|upkeep
|turn|11
|
|t:|1760764707
|-end|p1a: Kingambit|fallenundefined|[silent]
|switch|p1a: Moltres|Moltres|100/100
|move|p2a: hydrocodone|Flip Turn|p1a: Moltres
|-supereffective|p1a: Moltres
|-crit|p1a: Moltres
|-damage|p1a: Moltres|86/100
|
|t:|1760764717
|-end|p2a: hydrocodone|Protosynthesis|[silent]
|switch|p2a: 2hollis|Raging Bolt|100/100|[from] Flip Turn
|-activate|p2a: 2hollis|ability: Protosynthesis
|-start|p2a: 2hollis|protosynthesisspa
|
|-weather|SunnyDay|[upkeep]
|upkeep
|turn|12
|
|t:|1760764721
|move|p2a: 2hollis|Calm Mind|p2a: 2hollis
|-boost|p2a: 2hollis|spa|1
|-boost|p2a: 2hollis|spd|1
|move|p1a: Moltres|U-turn|p2a: 2hollis
|-damage|p2a: 2hollis|89/100
|
|t:|1760764745
|switch|p1a: Great Tusk|Great Tusk|100/100|[from] U-turn
|-activate|p1a: Great Tusk|ability: Protosynthesis
|-start|p1a: Great Tusk|protosynthesisatk
|
|-weather|SunnyDay|[upkeep]
|upkeep
|turn|13
|
|t:|1760764752
|-end|p1a: Great Tusk|Protosynthesis|[silent]
|switch|p1a: Slowking|Slowking, F|90/100
|-terastallize|p2a: 2hollis|Flying
|move|p2a: 2hollis|Dragon Pulse|p1a: Slowking
|-damage|p1a: Slowking|35/100
|
|-weather|SunnyDay|[upkeep]
|upkeep
|turn|14
|
|t:|1760764769
|switch|p1a: Kingambit|Kingambit, F|100/100
|move|p2a: 2hollis|Dragon Pulse|p1a: Kingambit
|-resisted|p1a: Kingambit
|-damage|p1a: Kingambit|52/100
|
|-weather|SunnyDay|[upkeep]
|-heal|p1a: Kingambit|58/100|[from] item: Leftovers
|upkeep
|turn|15
|
|t:|1760764779
|move|p2a: 2hollis|Thunderclap|p1a: Kingambit
|-damage|p1a: Kingambit|0 fnt
|faint|p1a: Kingambit
|-end|p1a: Kingambit|fallenundefined|[silent]
|
|-weather|none
|-end|p2a: 2hollis|Protosynthesis
|upkeep
|
|t:|1760764784
|switch|p1a: Slowking|Slowking, F|68/100
|turn|16
|
|t:|1760764788
|move|p2a: 2hollis|Calm Mind|p2a: 2hollis
|-boost|p2a: 2hollis|spa|1
|-boost|p2a: 2hollis|spd|1
|move|p1a: Slowking|Thunder Wave|p2a: 2hollis
|-status|p2a: 2hollis|par
|
|upkeep
|turn|17
|
|t:|1760764795
|move|p2a: 2hollis|Dragon Pulse|p1a: Slowking
|-damage|p1a: Slowking|8/100
|-prepare|p1a: Slowking|Chilly Reception|[premajor]
|move|p1a: Slowking|Chilly Reception|p1a: Slowking
|-weather|Snowscape
|
|t:|1760764797
|switch|p1a: Hydrapple|Hydrapple, M|100/100|[from] Chilly Reception
|
|-weather|Snowscape|[upkeep]
|upkeep
|turn|18
|
|t:|1760764801
|move|p1a: Hydrapple|Nasty Plot|p1a: Hydrapple
|-boost|p1a: Hydrapple|spa|2
|move|p2a: 2hollis|Dragon Pulse|p1a: Hydrapple
|-supereffective|p1a: Hydrapple
|-damage|p1a: Hydrapple|0 fnt
|faint|p1a: Hydrapple
|
|-weather|Snowscape|[upkeep]
|upkeep
|-message|donofair forfeited.
|
|win|stevstacks
|raw|donofair's rating: 1526 &rarr; <strong>1506</strong><br />(-20 for losing)
|raw|stevstacks's rating: 1531 &rarr; <strong>1551</strong><br />(+20 for winning)
|l|☆donofair
|player|p1|
|l|☆stevstacks
|player|p2|
