|j|☆pacole10
|j|☆rulochupo
|t:|1760873238
|gametype|singles
|player|p1|pacole10|2|1341
|player|p2|rulochupo|101|1298
|gen|9
|tier|[Gen 9] OU
|rated|
|rule|HP Percentage Mod: HP is shown in percentages
|rule|Endless Battle Clause: Forcing endless battles is banned
|rule|Species Clause: Limit one of each Pokémon
|rule|OHKO Clause: OHKO moves are banned
|rule|Evasion Items Clause: Evasion items are banned
|rule|Evasion Moves Clause: Evasion moves are banned
|rule|Evasion Abilities Clause: Evasion abilities are banned
|rule|Sleep Moves Clause: Sleep-inducing moves are banned
|clearpoke
|poke|p1|Scizor, M|
|poke|p1|Ceruledge, M|
|poke|p1|Deoxys-Speed|
|poke|p1|Iron Valiant|
|poke|p1|Great Tusk|
|poke|p1|Slowking-Galar, M|
|poke|p2|Wo-Chien|
|poke|p2|Entei|
|poke|p2|Garganacl, M|
|poke|p2|Iron Treads|
|poke|p2|Walking Wake|
|poke|p2|Tornadus-Therian, M|
|teampreview
|inactive|Battle timer is ON: inactive players will automatically lose when time's up. (requested by rulochupo)
|
|t:|1760873255
|teamsize|p1|6
|teamsize|p2|6
|start
|switch|p1a: Deoxys|Deoxys-Speed|100/100
|switch|p2a: Tornadus|Tornadus-Therian, M|100/100
|-ability|p1a: Deoxys|Pressure
|turn|1
|
|t:|1760873262
|move|p1a: Deoxys|Ice Beam|p2a: Tornadus
|-supereffective|p2a: Tornadus
|-crit|p2a: Tornadus
|-damage|p2a: Tornadus|28/100
|move|p2a: Tornadus|U-turn|p1a: Deoxys
|-supereffective|p1a: Deoxys
|-damage|p1a: Deoxys|52/100
|
|t:|1760873274
|switch|p2a: Garganacl|Garganacl, M|100/100|[from] U-turn
|
|upkeep
|turn|2
|
|t:|1760873280
|switch|p1a: Scizor|Scizor, M|100/100
|move|p2a: Garganacl|Salt Cure|p1a: Scizor
|-damage|p1a: Scizor|88/100
|-start|p1a: Scizor|Salt Cure
|
|-damage|p1a: Scizor|63/100|[from] Salt Cure
|upkeep
|turn|3
|
|t:|1760873294
|move|p2a: Garganacl|Protect|p2a: Garganacl
|-singleturn|p2a: Garganacl|Protect
|move|p1a: Scizor|Bullet Punch|p2a: Garganacl
|-activate|p2a: Garganacl|move: Protect
|
|-damage|p1a: Scizor|38/100|[from] Salt Cure
|upkeep
|turn|4
|
|t:|1760873302
|move|p1a: Scizor|Bullet Punch|p2a: Garganacl
|-supereffective|p2a: Garganacl
|-crit|p2a: Garganacl
|-damage|p2a: Garganacl|17/100
|move|p2a: Garganacl|Curse|p2a: Garganacl
|-unboost|p2a: Garganacl|spe|1
|-boost|p2a: Garganacl|atk|1
|-boost|p2a: Garganacl|def|1
|
|-heal|p2a: Garganacl|23/100|[from] item: Leftovers
|-damage|p1a: Scizor|14/100|[from] Salt Cure
|upkeep
|turn|5
|
|t:|1760873313
|move|p2a: Garganacl|Protect|p2a: Garganacl
|-singleturn|p2a: Garganacl|Protect
|move|p1a: Scizor|Bullet Punch|p2a: Garganacl
|-activate|p2a: Garganacl|move: Protect
|
|-heal|p2a: Garganacl|29/100|[from] item: Leftovers
|-damage|p1a: Scizor|0 fnt|[from] Salt Cure
|faint|p1a: Scizor
|upkeep
|
|t:|1760873323
|switch|p1a: Iron Valiant|Iron Valiant|100/100
|turn|6
|
|t:|1760873330
|-terastallize|p2a: Garganacl|Ghost
|move|p1a: Iron Valiant|Moonblast|p2a: Garganacl
|-damage|p2a: Garganacl|0 fnt
|faint|p2a: Garganacl
|
|upkeep
|
|t:|1760873341
|switch|p2a: Entei|Entei|100/100
|-ability|p2a: Entei|Pressure
|turn|7
|
|t:|1760873359
|-end|p1a: Iron Valiant|Quark Drive|[silent]
|switch|p1a: Ceruledge|Ceruledge, M|100/100
|move|p2a: Entei|Sacred Fire|p1a: Ceruledge
|-start|p1a: Ceruledge|ability: Flash Fire
|
|upkeep
|turn|8
|
|t:|1760873366
|switch|p2a: Walking Wake|Walking Wake|100/100
|-enditem|p2a: Walking Wake|Booster Energy
|-activate|p2a: Walking Wake|ability: Protosynthesis|[fromitem]
|-start|p2a: Walking Wake|protosynthesisspa
|move|p1a: Ceruledge|Swords Dance|p1a: Ceruledge
|-boost|p1a: Ceruledge|atk|2
|
|upkeep
|turn|9
|
|t:|1760873383
|-terastallize|p1a: Ceruledge|Grass
|move|p1a: Ceruledge|Shadow Sneak|p2a: Walking Wake
|-damage|p2a: Walking Wake|63/100
|move|p2a: Walking Wake|Scald|p1a: Ceruledge
|-resisted|p1a: Ceruledge
|-damage|p1a: Ceruledge|72/100
|-status|p1a: Ceruledge|brn
|
|-damage|p1a: Ceruledge|66/100 brn|[from] brn
|upkeep
|turn|10
|
|t:|1760873395
|move|p2a: Walking Wake|Flamethrower|p1a: Ceruledge
|-immune|p1a: Ceruledge|[from] ability: Flash Fire
|move|p1a: Ceruledge|Destiny Bond|p1a: Ceruledge
|-singlemove|p1a: Ceruledge|Destiny Bond
|
|-damage|p1a: Ceruledge|60/100 brn|[from] brn
|upkeep
|turn|11
|
|t:|1760873416
|move|p2a: Walking Wake|Scald|p1a: Ceruledge
|-resisted|p1a: Ceruledge
|-damage|p1a: Ceruledge|31/100 brn
|move|p1a: Ceruledge|Swords Dance|p1a: Ceruledge
|-boost|p1a: Ceruledge|atk|2
|
|-damage|p1a: Ceruledge|25/100 brn|[from] brn
|upkeep
|turn|12
|
|t:|1760873425
|move|p1a: Ceruledge|Shadow Sneak|p2a: Walking Wake
|-damage|p2a: Walking Wake|35/100
|move|p2a: Walking Wake|Flamethrower|p1a: Ceruledge
|-immune|p1a: Ceruledge|[from] ability: Flash Fire
|
|-damage|p1a: Ceruledge|19/100 brn|[from] brn
|upkeep
|turn|13
|
|t:|1760873433
|move|p1a: Ceruledge|Shadow Sneak|p2a: Walking Wake
|-damage|p2a: Walking Wake|5/100
|move|p2a: Walking Wake|Scald|p1a: Ceruledge
|-resisted|p1a: Ceruledge
|-damage|p1a: Ceruledge|0 fnt
|faint|p1a: Ceruledge
|
|upkeep
|
|t:|1760873444
|switch|p1a: Deoxys|Deoxys-Speed|52/100
|-ability|p1a: Deoxys|Pressure
|turn|14
|
|t:|1760873453
|move|p1a: Deoxys|Ice Beam|p2a: Walking Wake
|-damage|p2a: Walking Wake|0 fnt
|faint|p2a: Walking Wake
|-end|p2a: Walking Wake|Protosynthesis|[silent]
|
|upkeep
|
|t:|1760873459
|switch|p2a: Entei|Entei|100/100
|-ability|p2a: Entei|Pressure
|turn|15
|
|t:|1760873465
|switch|p1a: Great Tusk|Great Tusk, shiny|100/100
|move|p2a: Entei|Sacred Fire|p1a: Great Tusk
|-damage|p1a: Great Tusk|67/100
|-status|p1a: Great Tusk|brn
|
|-heal|p1a: Great Tusk|73/100 brn|[from] item: Leftovers
|-damage|p1a: Great Tusk|67/100 brn|[from] brn
|upkeep
|turn|16
|
|t:|1760873476
|switch|p2a: Tornadus|Tornadus-Therian, M|61/100
|move|p1a: Great Tusk|Body Press|p2a: Tornadus
|-resisted|p2a: Tornadus
|-damage|p2a: Tornadus|47/100
|
|-heal|p1a: Great Tusk|73/100 brn|[from] item: Leftovers
|-damage|p1a: Great Tusk|67/100 brn|[from] brn
|upkeep
|turn|17
|
|t:|1760873487
|-end|p1a: Great Tusk|Protosynthesis|[silent]
|switch|p1a: Slowking|Slowking-Galar, M|100/100
|move|p2a: Tornadus|Air Slash|p1a: Slowking
|-damage|p1a: Slowking|76/100
|
|upkeep
|turn|18
|
|t:|1760873494
|move|p2a: Tornadus|U-turn|p1a: Slowking
|-damage|p1a: Slowking|62/100
|
|t:|1760873497
|switch|p2a: Iron Treads|Iron Treads|100/100|[from] U-turn
|-prepare|p1a: Slowking|Chilly Reception|[premajor]
|move|p1a: Slowking|Chilly Reception|p1a: Slowking
|-weather|Snowscape
|
|t:|1760873504
|switch|p1a: Iron Valiant|Iron Valiant|100/100|[from] Chilly Reception
|
|-weather|Snowscape|[upkeep]
|upkeep
|turn|19
|
|t:|1760873513
|-end|p2a: Iron Treads|Quark Drive|[silent]
|switch|p2a: Tornadus|Tornadus-Therian, M|80/100
|move|p1a: Iron Valiant|Aura Sphere|p2a: Tornadus
|-resisted|p2a: Tornadus
|-damage|p2a: Tornadus|65/100
|
|-weather|Snowscape|[upkeep]
|upkeep
|turn|20
|
|t:|1760873523
|-end|p1a: Iron Valiant|Quark Drive|[silent]
|switch|p1a: Slowking|Slowking-Galar, M|95/100
|move|p2a: Tornadus|Air Slash|p1a: Slowking
|-damage|p1a: Slowking|73/100
|
|-weather|Snowscape|[upkeep]
|upkeep
|turn|21
|
|t:|1760873532
|move|p2a: Tornadus|Dark Pulse|p1a: Slowking
|-supereffective|p1a: Slowking
|-crit|p1a: Slowking
|-damage|p1a: Slowking|26/100
|-prepare|p1a: Slowking|Chilly Reception|[premajor]
|move|p1a: Slowking|Chilly Reception|p1a: Slowking
|
|t:|1760873539
|switch|p1a: Deoxys|Deoxys-Speed|52/100|[from] Chilly Reception
|-ability|p1a: Deoxys|Pressure
|
|-weather|Snowscape|[upkeep]
|upkeep
|turn|22
|
|t:|1760873546
|switch|p2a: Entei|Entei|100/100
|-ability|p2a: Entei|Pressure
|move|p1a: Deoxys|Ice Beam|p2a: Entei
|-resisted|p2a: Entei
|-damage|p2a: Entei|79/100
|
|-weather|none
|upkeep
|turn|23
|
|t:|1760873556
|switch|p1a: Great Tusk|Great Tusk, shiny|67/100 brn
|move|p2a: Entei|Sacred Fire|p1a: Great Tusk
|-damage|p1a: Great Tusk|31/100 brn
|
|-heal|p1a: Great Tusk|37/100 brn|[from] item: Leftovers
|-damage|p1a: Great Tusk|31/100 brn|[from] brn
|upkeep
|turn|24
|
|t:|1760873568
|move|p2a: Entei|Sacred Fire|p1a: Great Tusk
|-damage|p1a: Great Tusk|0 fnt
|faint|p1a: Great Tusk
|-end|p1a: Great Tusk|Protosynthesis|[silent]
|
|upkeep
|
|t:|1760873574
|switch|p1a: Deoxys|Deoxys-Speed|52/100
|-ability|p1a: Deoxys|Pressure
|turn|25
|
|t:|1760873579
|move|p1a: Deoxys|Psycho Boost|p2a: Entei|[miss]
|-miss|p1a: Deoxys|p2a: Entei
|move|p2a: Entei|Sacred Fire|p1a: Deoxys
|-damage|p1a: Deoxys|0 fnt
|faint|p1a: Deoxys
|
|upkeep
|-message|pacole10 forfeited.
|
|win|rulochupo
|raw|pacole10's rating: 1341 &rarr; <strong>1319</strong><br />(-22 for losing)
|raw|rulochupo's rating: 1298 &rarr; <strong>1326</strong><br />(+28 for winning)
|l|☆pacole10
|player|p1|
|l|☆rulochupo
|player|p2|
