|j|☆ashy_tony
|j|☆himal_ad321
|t:|1760848829
|gametype|singles
|player|p1|ashy_tony|biker-gen4|1404
|player|p2|himal_ad321|cynthia|1354
|gen|9
|tier|[Gen 9] OU
|rated|
|rule|HP Percentage Mod: HP is shown in percentages
|rule|Endless Battle Clause: Forcing endless battles is banned
|rule|Species Clause: Limit one of each Pokémon
|rule|OHKO Clause: OHKO moves are banned
|rule|Evasion Items Clause: Evasion items are banned
|rule|Evasion Moves Clause: Evasion moves are banned
|rule|Evasion Abilities Clause: Evasion abilities are banned
|rule|Sleep Moves Clause: Sleep-inducing moves are banned
|clearpoke
|poke|p1|Chesnaught, M|
|poke|p1|Clodsire, F|
|poke|p1|Garganacl, M|
|poke|p1|Mandibuzz, F|
|poke|p1|Iron Crown|
|poke|p1|Ogerpon-Wellspring, F|
|poke|p2|Landorus-Therian, M|
|poke|p2|Samurott-Hisui, M|
|poke|p2|Pecharunt|
|poke|p2|Scizor, F|
|poke|p2|Latios, M|
|poke|p2|Zamazenta-*|
|teampreview
|inactive|Battle timer is ON: inactive players will automatically lose when time's up. (requested by himal_ad321)
|
|t:|1760848839
|teamsize|p1|6
|teamsize|p2|6
|start
|switch|p1a: Ogerpon|Ogerpon-Wellspring, F|100/100
|switch|p2a: Latios|Latios, M|100/100
|turn|1
|
|t:|1760848846
|move|p1a: Ogerpon|U-turn|p2a: Latios
|-supereffective|p2a: Latios
|-damage|p2a: Latios|27/100
|
|t:|1760848851
|switch|p1a: Mandibuzz|Mandibuzz, F|100/100|[from] U-turn
|move|p2a: Latios|Draco Meteor|p1a: Mandibuzz
|-damage|p1a: Mandibuzz|32/100
|-unboost|p2a: Latios|spa|2
|
|upkeep
|turn|2
|
|t:|1760848864
|move|p2a: Latios|Recover|p2a: Latios
|-heal|p2a: Latios|78/100
|move|p1a: Mandibuzz|Roost|p1a: Mandibuzz
|-heal|p1a: Mandibuzz|82/100
|-singleturn|p1a: Mandibuzz|move: Roost
|
|upkeep
|turn|3
|
|t:|1760848875
|switch|p2a: Landorus|Landorus-Therian, M|100/100
|-ability|p2a: Landorus|Intimidate|boost
|-unboost|p1a: Mandibuzz|atk|1
|move|p1a: Mandibuzz|U-turn|p2a: Landorus
|-resisted|p2a: Landorus
|-damage|p2a: Landorus|97/100
|-damage|p1a: Mandibuzz|66/100|[from] item: Rocky Helmet|[of] p2a: Landorus
|
|t:|1760848882
|switch|p1a: Ogerpon|Ogerpon-Wellspring, F|100/100|[from] U-turn
|
|upkeep
|turn|4
|
|t:|1760848910
|switch|p2a: Pecharunt|Pecharunt|100/100
|move|p1a: Ogerpon|Ivy Cudgel|p2a: Pecharunt|[anim] Ivy Cudgel Water
|-damage|p2a: Pecharunt|63/100
|
|upkeep
|turn|5
|
|t:|1760848918
|move|p1a: Ogerpon|U-turn|p2a: Pecharunt
|-resisted|p2a: Pecharunt
|-damage|p2a: Pecharunt|59/100
|
|t:|1760848921
|switch|p1a: Iron Crown|Iron Crown|100/100|[from] U-turn
|move|p2a: Pecharunt|Malignant Chain|p1a: Iron Crown
|-immune|p1a: Iron Crown
|
|upkeep
|turn|6
|
|t:|1760848932
|switch|p2a: Scizor|Scizor, F|100/100
|move|p1a: Iron Crown|Psychic Noise|p2a: Scizor
|-resisted|p2a: Scizor
|-damage|p2a: Scizor|73/100
|-start|p2a: Scizor|move: Heal Block
|
|upkeep
|turn|7
|
|t:|1760848941
|move|p1a: Iron Crown|Volt Switch|p2a: Scizor
|-damage|p2a: Scizor|37/100
|
|t:|1760848949
|-end|p1a: Iron Crown|Quark Drive|[silent]
|switch|p1a: Chesnaught|Chesnaught, M, shiny|100/100|[from] Volt Switch
|move|p2a: Scizor|Knock Off|p1a: Chesnaught
|-resisted|p1a: Chesnaught
|-damage|p1a: Chesnaught|91/100
|-damage|p2a: Scizor|21/100|[from] item: Rocky Helmet|[of] p1a: Chesnaught
|-enditem|p1a: Chesnaught|Rocky Helmet|[from] move: Knock Off|[of] p2a: Scizor
|
|-end|p2a: Scizor|move: Heal Block
|upkeep
|turn|8
|
|t:|1760848962
|switch|p2a: Landorus|Landorus-Therian, M|97/100
|-ability|p2a: Landorus|Intimidate|boost
|-unboost|p1a: Chesnaught|atk|1
|move|p1a: Chesnaught|Leech Seed|p2a: Landorus
|-start|p2a: Landorus|move: Leech Seed
|
|-damage|p2a: Landorus|85/100|[from] Leech Seed|[of] p1a: Chesnaught
|-heal|p1a: Chesnaught|100/100|[silent]
|upkeep
|turn|9
|
|t:|1760848969
|move|p2a: Landorus|Stealth Rock|p1a: Chesnaught
|-sidestart|p1: ashy_tony|move: Stealth Rock
|move|p1a: Chesnaught|Knock Off|p2a: Landorus
|-damage|p2a: Landorus|70/100
|-damage|p1a: Chesnaught|84/100|[from] item: Rocky Helmet|[of] p2a: Landorus
|-enditem|p2a: Landorus|Rocky Helmet|[from] move: Knock Off|[of] p1a: Chesnaught
|
|-damage|p2a: Landorus|58/100|[from] Leech Seed|[of] p1a: Chesnaught
|-heal|p1a: Chesnaught|97/100|[silent]
|upkeep
|turn|10
|
|t:|1760848980
|move|p1a: Chesnaught|Spiky Shield|p1a: Chesnaught
|-singleturn|p1a: Chesnaught|move: Protect
|move|p2a: Landorus|U-turn|p1a: Chesnaught
|-activate|p1a: Chesnaught|move: Protect
|-damage|p2a: Landorus|46/100|[from] Spiky Shield|[of] p1a: Chesnaught
|
|-damage|p2a: Landorus|33/100|[from] Leech Seed|[of] p1a: Chesnaught
|-heal|p1a: Chesnaught|100/100|[silent]
|upkeep
|turn|11
|
|t:|1760848988
|move|p2a: Landorus|U-turn|p1a: Chesnaught
|-damage|p1a: Chesnaught|89/100
|
|t:|1760848997
|switch|p2a: Pecharunt|Pecharunt|59/100|[from] U-turn
|move|p1a: Chesnaught|Knock Off|p2a: Pecharunt
|-supereffective|p2a: Pecharunt
|-damage|p2a: Pecharunt|38/100
|-enditem|p2a: Pecharunt|Heavy-Duty Boots|[from] move: Knock Off|[of] p1a: Chesnaught
|
|upkeep
|turn|12
|
|t:|1760849006
|move|p1a: Chesnaught|Spiky Shield|p1a: Chesnaught
|-singleturn|p1a: Chesnaught|move: Protect
|move|p2a: Pecharunt|Recover|p2a: Pecharunt
|-heal|p2a: Pecharunt|88/100
|
|upkeep
|turn|13
|
|t:|1760849013
|move|p2a: Pecharunt|Shadow Ball|p1a: Chesnaught
|-immune|p1a: Chesnaught|[from] ability: Bulletproof
|move|p1a: Chesnaught|Leech Seed|p2a: Pecharunt
|-start|p2a: Pecharunt|move: Leech Seed
|
|-damage|p2a: Pecharunt|76/100|[from] Leech Seed|[of] p1a: Chesnaught
|-heal|p1a: Chesnaught|100/100|[silent]
|upkeep
|turn|14
|
|t:|1760849021
|switch|p2a: Latios|Latios, M|78/100
|switch|p1a: Iron Crown|Iron Crown|100/100
|-damage|p1a: Iron Crown|94/100|[from] Stealth Rock
|
|upkeep
|turn|15
|
|t:|1760849045
|move|p1a: Iron Crown|Tachyon Cutter|p2a: Latios
|-damage|p2a: Latios|50/100
|-damage|p2a: Latios|23/100
|-hitcount|p2a: Latios|2
|move|p2a: Latios|Draco Meteor|p1a: Iron Crown
|-resisted|p1a: Iron Crown
|-damage|p1a: Iron Crown|62/100
|-unboost|p2a: Latios|spa|2
|
|upkeep
|turn|16
|
|t:|1760849058
|switch|p2a: Landorus|Landorus-Therian, M|33/100
|-ability|p2a: Landorus|Intimidate|boost
|-unboost|p1a: Iron Crown|atk|1
|move|p1a: Iron Crown|Tachyon Cutter|p2a: Landorus
|-damage|p2a: Landorus|5/100
|-damage|p2a: Landorus|0 fnt
|faint|p2a: Landorus
|-hitcount|p2: Landorus|2
|
|upkeep
|
|t:|1760849063
|switch|p2a: Samurott|Samurott-Hisui, M|100/100
|turn|17
|
|t:|1760849068
|move|p1a: Iron Crown|Volt Switch|p2a: Samurott
|-supereffective|p2a: Samurott
|-damage|p2a: Samurott|56/100
|
|t:|1760849073
|-end|p1a: Iron Crown|Quark Drive|[silent]
|switch|p1a: Chesnaught|Chesnaught, M, shiny|100/100|[from] Volt Switch
|-damage|p1a: Chesnaught|94/100|[from] Stealth Rock
|move|p2a: Samurott|Ceaseless Edge|p1a: Chesnaught
|-resisted|p1a: Chesnaught
|-damage|p1a: Chesnaught|81/100
|-sidestart|p1: ashy_tony|Spikes
|
|upkeep
|turn|18
|
|t:|1760849086
|switch|p2a: Pecharunt|Pecharunt|76/100
|move|p1a: Chesnaught|Leech Seed|p2a: Pecharunt
|-start|p2a: Pecharunt|move: Leech Seed
|
|-damage|p2a: Pecharunt|64/100|[from] Leech Seed|[of] p1a: Chesnaught
|-heal|p1a: Chesnaught|93/100|[silent]
|upkeep
|turn|19
|
|t:|1760849097
|switch|p1a: Garganacl|Garganacl, M|100/100
|-damage|p1a: Garganacl|88/100|[from] Stealth Rock
|-damage|p1a: Garganacl|76/100|[from] Spikes
|move|p2a: Pecharunt|Recover|p2a: Pecharunt
|-heal|p2a: Pecharunt|100/100
|
|-heal|p1a: Garganacl|82/100|[from] item: Leftovers
|-damage|p2a: Pecharunt|88/100|[from] Leech Seed|[of] p1a: Garganacl
|-heal|p1a: Garganacl|94/100|[silent]
|upkeep
|turn|20
|
|t:|1760849107
|move|p2a: Pecharunt|Parting Shot|p1a: Garganacl
|-unboost|p1a: Garganacl|atk|1
|-unboost|p1a: Garganacl|spa|1
|
|t:|1760849116
|switch|p2a: Zamazenta|Zamazenta|100/100|[from] Parting Shot
|-ability|p2a: Zamazenta|Dauntless Shield|boost
|-boost|p2a: Zamazenta|def|1
|move|p1a: Garganacl|Curse|p1a: Garganacl
|-unboost|p1a: Garganacl|spe|1
|-boost|p1a: Garganacl|atk|1
|-boost|p1a: Garganacl|def|1
|
|-heal|p1a: Garganacl|99/100|[from] item: Leftovers
|upkeep
|turn|21
|
|t:|1760849126
|switch|p1a: Mandibuzz|Mandibuzz, F|66/100
|move|p2a: Zamazenta|Roar|p1a: Mandibuzz
|drag|p1a: Clodsire|Clodsire, F|100/100
|-damage|p1a: Clodsire|94/100|[from] Stealth Rock
|-damage|p1a: Clodsire|82/100|[from] Spikes
|
|-heal|p1a: Clodsire|88/100|[from] item: Black Sludge
|upkeep
|turn|22
|
|t:|1760849145
|switch|p2a: Latios|Latios, M|23/100
|move|p1a: Clodsire|Toxic|p2a: Latios
|-status|p2a: Latios|tox
|
|-heal|p1a: Clodsire|94/100|[from] item: Black Sludge
|-damage|p2a: Latios|17/100 tox|[from] psn
|upkeep
|turn|23
|
|t:|1760849155
|move|p2a: Latios|Recover|p2a: Latios
|-heal|p2a: Latios|68/100 tox
|move|p1a: Clodsire|Recover|p1a: Clodsire
|-heal|p1a: Clodsire|100/100
|
|-damage|p2a: Latios|56/100 tox|[from] psn
|upkeep
|turn|24
|
|t:|1760849166
|switch|p2a: Pecharunt|Pecharunt|88/100
|switch|p1a: Mandibuzz|Mandibuzz, F|66/100
|
|upkeep
|turn|25
|
|t:|1760849174
|move|p2a: Pecharunt|Malignant Chain|p1a: Mandibuzz
|-damage|p1a: Mandibuzz|41/100
|move|p1a: Mandibuzz|Roost|p1a: Mandibuzz
|-heal|p1a: Mandibuzz|92/100
|-singleturn|p1a: Mandibuzz|move: Roost
|
|upkeep
|turn|26
|
|t:|1760849182
|switch|p1a: Clodsire|Clodsire, F|100/100
|-damage|p1a: Clodsire|94/100|[from] Stealth Rock
|-damage|p1a: Clodsire|82/100|[from] Spikes
|move|p2a: Pecharunt|Malignant Chain|p1a: Clodsire
|-resisted|p1a: Clodsire
|-damage|p1a: Clodsire|78/100
|
|-heal|p1a: Clodsire|84/100|[from] item: Black Sludge
|upkeep
|turn|27
|
|t:|1760849193
|move|p2a: Pecharunt|Shadow Ball|p1a: Clodsire
|-damage|p1a: Clodsire|71/100
|move|p1a: Clodsire|Stealth Rock|p2a: Pecharunt
|-sidestart|p2: himal_ad321|move: Stealth Rock
|
|-heal|p1a: Clodsire|77/100|[from] item: Black Sludge
|upkeep
|turn|28
|
|t:|1760849199
|move|p2a: Pecharunt|Parting Shot|p1a: Clodsire
|-unboost|p1a: Clodsire|atk|1
|-unboost|p1a: Clodsire|spa|1
|
|t:|1760849203
|switch|p2a: Latios|Latios, M|56/100 tox|[from] Parting Shot
|-damage|p2a: Latios|43/100 tox|[from] Stealth Rock
|move|p1a: Clodsire|Earthquake|p2a: Latios
|-immune|p2a: Latios|[from] ability: Levitate
|
|-heal|p1a: Clodsire|84/100|[from] item: Black Sludge
|-damage|p2a: Latios|37/100 tox|[from] psn
|upkeep
|turn|29
|
|t:|1760849219
|switch|p1a: Iron Crown|Iron Crown|62/100
|-damage|p1a: Iron Crown|56/100|[from] Stealth Rock
|-damage|p1a: Iron Crown|43/100|[from] Spikes
|move|p2a: Latios|Draco Meteor|p1a: Iron Crown
|-resisted|p1a: Iron Crown
|-damage|p1a: Iron Crown|13/100
|-unboost|p2a: Latios|spa|2
|
|-damage|p2a: Latios|25/100 tox|[from] psn
|upkeep
|turn|30
|
|t:|1760849232
|switch|p2a: Pecharunt|Pecharunt|88/100
|-damage|p2a: Pecharunt|76/100|[from] Stealth Rock
|move|p1a: Iron Crown|Tachyon Cutter|p2a: Pecharunt
|-damage|p2a: Pecharunt|50/100
|-damage|p2a: Pecharunt|26/100
|-hitcount|p2a: Pecharunt|2
|
|upkeep
|turn|31
|
|t:|1760849241
|switch|p2a: Zamazenta|Zamazenta|100/100
|-damage|p2a: Zamazenta|94/100|[from] Stealth Rock
|move|p1a: Iron Crown|Tachyon Cutter|p2a: Zamazenta
|-damage|p2a: Zamazenta|71/100
|-damage|p2a: Zamazenta|47/100
|-hitcount|p2a: Zamazenta|2
|
|-heal|p2a: Zamazenta|53/100|[from] item: Leftovers
|upkeep
|turn|32
|
|t:|1760849253
|move|p2a: Zamazenta|Body Press|p1a: Iron Crown
|-damage|p1a: Iron Crown|0 fnt
|faint|p1a: Iron Crown
|-end|p1a: Iron Crown|Quark Drive|[silent]
|
|-heal|p2a: Zamazenta|59/100|[from] item: Leftovers
|upkeep
|
|t:|1760849259
|switch|p1a: Chesnaught|Chesnaught, M, shiny|93/100
|-damage|p1a: Chesnaught|87/100|[from] Stealth Rock
|-damage|p1a: Chesnaught|75/100|[from] Spikes
|turn|33
|
|t:|1760849271
|move|p2a: Zamazenta|Iron Defense|p2a: Zamazenta
|-boost|p2a: Zamazenta|def|2
|move|p1a: Chesnaught|Leech Seed|p2a: Zamazenta
|-start|p2a: Zamazenta|move: Leech Seed
|
|-heal|p2a: Zamazenta|65/100|[from] item: Leftovers
|-damage|p2a: Zamazenta|53/100|[from] Leech Seed|[of] p1a: Chesnaught
|-heal|p1a: Chesnaught|86/100|[silent]
|upkeep
|turn|34
|
|t:|1760849281
|switch|p1a: Mandibuzz|Mandibuzz, F|92/100
|move|p2a: Zamazenta|Iron Defense|p2a: Zamazenta
|-boost|p2a: Zamazenta|def|2
|
|-heal|p2a: Zamazenta|59/100|[from] item: Leftovers
|-damage|p2a: Zamazenta|46/100|[from] Leech Seed|[of] p1a: Mandibuzz
|-heal|p1a: Mandibuzz|100/100|[silent]
|upkeep
|turn|35
|
|t:|1760849290
|move|p2a: Zamazenta|Body Press|p1a: Mandibuzz
|-damage|p1a: Mandibuzz|38/100
|move|p1a: Mandibuzz|Whirlwind|p2a: Zamazenta
|drag|p2a: Scizor|Scizor, F|21/100
|
|upkeep
|turn|36
|
|t:|1760849299
|move|p2a: Scizor|Bullet Punch|p1a: Mandibuzz
|-damage|p1a: Mandibuzz|20/100
|move|p1a: Mandibuzz|Roost|p1a: Mandibuzz
|-heal|p1a: Mandibuzz|70/100
|-singleturn|p1a: Mandibuzz|move: Roost
|
|upkeep
|turn|37
|
|t:|1760849306
|move|p2a: Scizor|Swords Dance|p2a: Scizor
|-boost|p2a: Scizor|atk|2
|move|p1a: Mandibuzz|Foul Play|p2a: Scizor
|-crit|p2a: Scizor
|-damage|p2a: Scizor|0 fnt
|faint|p2a: Scizor
|
|upkeep
|
|t:|1760849314
|switch|p2a: Latios|Latios, M|25/100 tox
|-damage|p2a: Latios|13/100 tox|[from] Stealth Rock
|turn|38
|
|t:|1760849321
|move|p2a: Latios|Recover|p2a: Latios
|-heal|p2a: Latios|63/100 tox
|move|p1a: Mandibuzz|Roost|p1a: Mandibuzz
|-heal|p1a: Mandibuzz|100/100
|-singleturn|p1a: Mandibuzz|move: Roost
|
|-damage|p2a: Latios|57/100 tox|[from] psn
|upkeep
|turn|39
|
|t:|1760849329
|switch|p1a: Clodsire|Clodsire, F|84/100
|-damage|p1a: Clodsire|77/100|[from] Stealth Rock
|-damage|p1a: Clodsire|65/100|[from] Spikes
|move|p2a: Latios|Draco Meteor|p1a: Clodsire
|-damage|p1a: Clodsire|15/100
|-unboost|p2a: Latios|spa|2
|
|-heal|p1a: Clodsire|21/100|[from] item: Black Sludge
|-damage|p2a: Latios|45/100 tox|[from] psn
|upkeep
|turn|40
|
|t:|1760849349
|switch|p2a: Samurott|Samurott-Hisui, M|56/100
|-damage|p2a: Samurott|44/100|[from] Stealth Rock
|move|p1a: Clodsire|Recover|p1a: Clodsire
|-heal|p1a: Clodsire|71/100
|
|-heal|p1a: Clodsire|78/100|[from] item: Black Sludge
|upkeep
|turn|41
|
|t:|1760849364
|switch|p2a: Zamazenta|Zamazenta|46/100
|-damage|p2a: Zamazenta|40/100|[from] Stealth Rock
|move|p1a: Clodsire|Stealth Rock||[still]
|-fail|p1a: Clodsire
|
|-heal|p2a: Zamazenta|46/100|[from] item: Leftovers
|-heal|p1a: Clodsire|84/100|[from] item: Black Sludge
|upkeep
|turn|42
|
|t:|1760849372
|move|p2a: Zamazenta|Iron Defense|p2a: Zamazenta
|-boost|p2a: Zamazenta|def|2
|move|p1a: Clodsire|Toxic|p2a: Zamazenta
|-status|p2a: Zamazenta|tox
|
|-heal|p2a: Zamazenta|52/100 tox|[from] item: Leftovers
|-heal|p1a: Clodsire|90/100|[from] item: Black Sludge
|-damage|p2a: Zamazenta|46/100 tox|[from] psn
|upkeep
|turn|43
|
|t:|1760849383
|move|p2a: Zamazenta|Iron Defense|p2a: Zamazenta
|-boost|p2a: Zamazenta|def|2
|move|p1a: Clodsire|Earthquake|p2a: Zamazenta
|-damage|p2a: Zamazenta|40/100 tox
|
|-heal|p2a: Zamazenta|46/100 tox|[from] item: Leftovers
|-heal|p1a: Clodsire|96/100|[from] item: Black Sludge
|-damage|p2a: Zamazenta|34/100 tox|[from] psn
|upkeep
|turn|44
|
|t:|1760849392
|move|p2a: Zamazenta|Iron Defense|p2a: Zamazenta
|-boost|p2a: Zamazenta|def|2
|move|p1a: Clodsire|Earthquake|p2a: Zamazenta
|-damage|p2a: Zamazenta|29/100 tox
|
|-heal|p2a: Zamazenta|35/100 tox|[from] item: Leftovers
|-heal|p1a: Clodsire|100/100|[from] item: Black Sludge
|-damage|p2a: Zamazenta|17/100 tox|[from] psn
|upkeep
|turn|45
|
|t:|1760849404
|switch|p1a: Mandibuzz|Mandibuzz, F|100/100
|move|p2a: Zamazenta|Body Press|p1a: Mandibuzz
|-damage|p1a: Mandibuzz|10/100
|
|-heal|p2a: Zamazenta|23/100 tox|[from] item: Leftovers
|-damage|p2a: Zamazenta|0 fnt|[from] psn
|faint|p2a: Zamazenta
|upkeep
|
|t:|1760849422
|switch|p2a: Samurott|Samurott-Hisui, M|44/100
|-damage|p2a: Samurott|31/100|[from] Stealth Rock
|turn|46
|
|t:|1760849431
|switch|p1a: Chesnaught|Chesnaught, M, shiny|86/100
|-damage|p1a: Chesnaught|80/100|[from] Stealth Rock
|-damage|p1a: Chesnaught|68/100|[from] Spikes
|move|p2a: Samurott|Ceaseless Edge|p1a: Chesnaught
|-resisted|p1a: Chesnaught
|-damage|p1a: Chesnaught|54/100
|-sidestart|p1: ashy_tony|Spikes
|
|upkeep
|turn|47
|
|t:|1760849444
|move|p2a: Samurott|Ceaseless Edge|p1a: Chesnaught
|-resisted|p1a: Chesnaught
|-damage|p1a: Chesnaught|41/100
|-sidestart|p1: ashy_tony|Spikes
|move|p1a: Chesnaught|Leech Seed|p2a: Samurott
|-start|p2a: Samurott|move: Leech Seed
|
|-damage|p2a: Samurott|19/100|[from] Leech Seed|[of] p1a: Chesnaught
|-heal|p1a: Chesnaught|52/100|[silent]
|upkeep
|turn|48
|
|t:|1760849455
|switch|p2a: Pecharunt|Pecharunt|26/100
|-damage|p2a: Pecharunt|13/100|[from] Stealth Rock
|move|p1a: Chesnaught|Spiky Shield||[still]
|-fail|p1a: Chesnaught
|
|upkeep
|turn|49
|
|t:|1760849465
|move|p2a: Pecharunt|Recover|p2a: Pecharunt
|-heal|p2a: Pecharunt|64/100
|move|p1a: Chesnaught|Leech Seed|p2a: Pecharunt
|-start|p2a: Pecharunt|move: Leech Seed
|
|-damage|p2a: Pecharunt|51/100|[from] Leech Seed|[of] p1a: Chesnaught
|-heal|p1a: Chesnaught|65/100|[silent]
|upkeep
|turn|50
|
|t:|1760849472
|move|p1a: Chesnaught|Spiky Shield|p1a: Chesnaught
|-singleturn|p1a: Chesnaught|move: Protect
|move|p2a: Pecharunt|Recover|p2a: Pecharunt
|-heal|p2a: Pecharunt|100/100
|
|-damage|p2a: Pecharunt|88/100|[from] Leech Seed|[of] p1a: Chesnaught
|-heal|p1a: Chesnaught|77/100|[silent]
|upkeep
|turn|51
|
|t:|1760849479
|switch|p1a: Garganacl|Garganacl, M|99/100
|-damage|p1a: Garganacl|87/100|[from] Stealth Rock
|-damage|p1a: Garganacl|62/100|[from] Spikes
|move|p2a: Pecharunt|Malignant Chain|p1a: Garganacl
|-resisted|p1a: Garganacl
|-crit|p1a: Garganacl
|-damage|p1a: Garganacl|46/100
|
|-heal|p1a: Garganacl|52/100|[from] item: Leftovers
|-damage|p2a: Pecharunt|76/100|[from] Leech Seed|[of] p1a: Garganacl
|-heal|p1a: Garganacl|64/100|[silent]
|upkeep
|turn|52
|
|t:|1760849493
|move|p2a: Pecharunt|Parting Shot|p1a: Garganacl
|-unboost|p1a: Garganacl|atk|1
|-unboost|p1a: Garganacl|spa|1
|
|t:|1760849496
|switch|p2a: Latios|Latios, M|45/100 tox|[from] Parting Shot
|-damage|p2a: Latios|33/100 tox|[from] Stealth Rock
|move|p1a: Garganacl|Salt Cure|p2a: Latios
|-damage|p2a: Latios|20/100 tox
|-start|p2a: Latios|Salt Cure
|
|-heal|p1a: Garganacl|70/100|[from] item: Leftovers
|-damage|p2a: Latios|14/100 tox|[from] psn
|-damage|p2a: Latios|1/100 tox|[from] Salt Cure
|upkeep
|turn|53
|
|t:|1760849506
|move|p2a: Latios|Recover|p2a: Latios
|-heal|p2a: Latios|52/100 tox
|move|p1a: Garganacl|Recover|p1a: Garganacl
|-heal|p1a: Garganacl|100/100
|
|-damage|p2a: Latios|40/100 tox|[from] psn
|-damage|p2a: Latios|27/100 tox|[from] Salt Cure
|upkeep
|turn|54
|
|t:|1760849515
|move|p2a: Latios|Draco Meteor|p1a: Garganacl
|-damage|p1a: Garganacl|43/100
|-unboost|p2a: Latios|spa|2
|move|p1a: Garganacl|Recover|p1a: Garganacl
|-heal|p1a: Garganacl|93/100
|
|-heal|p1a: Garganacl|99/100|[from] item: Leftovers
|-damage|p2a: Latios|9/100 tox|[from] psn
|-damage|p2a: Latios|0 fnt|[from] Salt Cure
|faint|p2a: Latios
|upkeep
|
|t:|1760849520
|switch|p2a: Samurott|Samurott-Hisui, M|19/100
|-damage|p2a: Samurott|7/100|[from] Stealth Rock
|turn|55
|
|t:|1760849538
|-terastallize|p1a: Garganacl|Ghost
|move|p2a: Samurott|Razor Shell|p1a: Garganacl
|-damage|p1a: Garganacl|60/100
|-unboost|p1a: Garganacl|def|1
|move|p1a: Garganacl|Salt Cure|p2a: Samurott
|-crit|p2a: Samurott
|-damage|p2a: Samurott|0 fnt
|faint|p2a: Samurott
|
|-heal|p1a: Garganacl|66/100|[from] item: Leftovers
|upkeep
|
|t:|1760849550
|switch|p2a: Pecharunt|Pecharunt|76/100
|-damage|p2a: Pecharunt|63/100|[from] Stealth Rock
|turn|56
|
|t:|1760849560
|move|p2a: Pecharunt|Malignant Chain|p1a: Garganacl
|-resisted|p1a: Garganacl
|-damage|p1a: Garganacl|56/100
|move|p1a: Garganacl|Recover|p1a: Garganacl
|-heal|p1a: Garganacl|100/100
|
|upkeep
|turn|57
|
|t:|1760849567
|move|p2a: Pecharunt|Malignant Chain|p1a: Garganacl
|-resisted|p1a: Garganacl
|-damage|p1a: Garganacl|90/100
|move|p1a: Garganacl|Salt Cure|p2a: Pecharunt
|-damage|p2a: Pecharunt|58/100
|-start|p2a: Pecharunt|Salt Cure
|
|-heal|p1a: Garganacl|96/100|[from] item: Leftovers
|-damage|p2a: Pecharunt|45/100|[from] Salt Cure
|upkeep
|turn|58
|
|t:|1760849576
|move|p2a: Pecharunt|Malignant Chain|p1a: Garganacl
|-resisted|p1a: Garganacl
|-damage|p1a: Garganacl|87/100
|move|p1a: Garganacl|Curse|p2a: Pecharunt
|-start|p2a: Pecharunt|Curse|[of] p1a: Garganacl
|-damage|p1a: Garganacl|37/100
|
|-heal|p1a: Garganacl|43/100|[from] item: Leftovers
|-damage|p2a: Pecharunt|21/100|[from] Curse
|-damage|p2a: Pecharunt|8/100|[from] Salt Cure
|upkeep
|turn|59
|
|t:|1760849587
|move|p2a: Pecharunt|Recover|p2a: Pecharunt
|-heal|p2a: Pecharunt|58/100
|move|p1a: Garganacl|Recover|p1a: Garganacl
|-heal|p1a: Garganacl|93/100
|
|-heal|p1a: Garganacl|99/100|[from] item: Leftovers
|-damage|p2a: Pecharunt|33/100|[from] Curse
|-damage|p2a: Pecharunt|21/100|[from] Salt Cure
|upkeep
|turn|60
|
|t:|1760849599
|move|p2a: Pecharunt|Recover|p2a: Pecharunt
|-heal|p2a: Pecharunt|71/100
|move|p1a: Garganacl|Earthquake|p2a: Pecharunt
|-supereffective|p2a: Pecharunt
|-damage|p2a: Pecharunt|53/100
|
|-heal|p1a: Garganacl|100/100|[from] item: Leftovers
|-damage|p2a: Pecharunt|28/100|[from] Curse
|-damage|p2a: Pecharunt|16/100|[from] Salt Cure
|upkeep
|turn|61
|-message|himal_ad321 forfeited.
|
|win|ashy_tony
|raw|ashy_tony's rating: 1404 &rarr; <strong>1421</strong><br />(+17 for winning)
|raw|himal_ad321's rating: 1354 &rarr; <strong>1337</strong><br />(-17 for losing)
|l|☆himal_ad321
|player|p2|
|l|☆ashy_tony
|player|p1|
