|j|☆lalololole
|j|☆sbob9638
|t:|1760763104
|gametype|singles
|player|p1|lalololole|unknownf|1082
|player|p2|sbob9638|1|1089
|gen|9
|tier|[Gen 9] OU
|rated|
|rule|HP Percentage Mod: HP is shown in percentages
|rule|Endless Battle Clause: Forcing endless battles is banned
|rule|Species Clause: Limit one of each Pokémon
|rule|OHKO Clause: OHKO moves are banned
|rule|Evasion Items Clause: Evasion items are banned
|rule|Evasion Moves Clause: Evasion moves are banned
|rule|Evasion Abilities Clause: Evasion abilities are banned
|rule|Sleep Moves Clause: Sleep-inducing moves are banned
|clearpoke
|poke|p1|Clefable, M|
|poke|p1|Garchomp, F|
|poke|p1|Ceruledge, M|
|poke|p1|Empoleon, F|
|poke|p1|Vivillon-Fancy, F|
|poke|p1|Froslass, F|
|poke|p2|Alomomola, F|
|poke|p2|Ceruledge, M|
|poke|p2|Deoxys-Defense|
|poke|p2|Dragapult, M|
|poke|p2|Zapdos|
|poke|p2|Greninja-*, M|
|teampreview
|inactive|Battle timer is ON: inactive players will automatically lose when time's up. (requested by sbob9638)
|
|t:|1760763116
|teamsize|p1|6
|teamsize|p2|6
|start
|switch|p1a: Vivillon|Vivillon-Fancy, F, shiny|100/100
|switch|p2a: Alomomola|Alomomola, F|100/100
|turn|1
|
|t:|1760763140
|move|p1a: Vivillon|Poison Powder|p2a: Alomomola
|-status|p2a: Alomomola|psn
|move|p2a: Alomomola|Rain Dance|p2a: Alomomola
|-weather|RainDance
|
|-weather|RainDance|[upkeep]
|-damage|p2a: Alomomola|88/100 psn|[from] psn
|upkeep
|turn|2
|
|t:|1760763152
|move|p1a: Vivillon|Quiver Dance|p1a: Vivillon
|-boost|p1a: Vivillon|spa|1
|-boost|p1a: Vivillon|spd|1
|-boost|p1a: Vivillon|spe|1
|move|p2a: Alomomola|Flip Turn|p1a: Vivillon
|-damage|p1a: Vivillon|54/100
|
|t:|1760763164
|switch|p2a: Zapdos|Zapdos|100/100|[from] Flip Turn
|-ability|p2a: Zapdos|Pressure
|
|-weather|RainDance|[upkeep]
|upkeep
|turn|3
|
|t:|1760763172
|move|p1a: Vivillon|Hurricane|p2a: Zapdos
|-resisted|p2a: Zapdos
|-damage|p2a: Zapdos|63/100
|move|p2a: Zapdos|Thunder|p1a: Vivillon
|-supereffective|p1a: Vivillon
|-damage|p1a: Vivillon|0 fnt
|faint|p1a: Vivillon
|
|-weather|RainDance|[upkeep]
|-heal|p2a: Zapdos|69/100|[from] item: Leftovers
|upkeep
|
|t:|1760763179
|switch|p1a: Clefable|Clefable, M|100/100
|turn|4
|
|t:|1760763193
|move|p2a: Zapdos|Hurricane|p1a: Clefable
|-damage|p1a: Clefable|52/100
|-start|p1a: Clefable|confusion
|-activate|p1a: Clefable|confusion
|move|p1a: Clefable|Calm Mind|p1a: Clefable
|-boost|p1a: Clefable|spa|1
|-boost|p1a: Clefable|spd|1
|
|-weather|RainDance|[upkeep]
|-heal|p2a: Zapdos|76/100|[from] item: Leftovers
|-heal|p1a: Clefable|58/100|[from] item: Leftovers
|upkeep
|turn|5
|
|t:|1760763204
|move|p2a: Zapdos|Thunder|p1a: Clefable
|-damage|p1a: Clefable|22/100
|-activate|p1a: Clefable|confusion
|-damage|p1a: Clefable|15/100|[from] confusion
|
|-weather|none
|-heal|p2a: Zapdos|82/100|[from] item: Leftovers
|-heal|p1a: Clefable|21/100|[from] item: Leftovers
|upkeep
|turn|6
|
|t:|1760763214
|move|p2a: Zapdos|Thunderbolt|p1a: Clefable
|-damage|p1a: Clefable|0 fnt
|faint|p1a: Clefable
|
|-heal|p2a: Zapdos|88/100|[from] item: Leftovers
|upkeep
|
|t:|1760763221
|switch|p1a: Froslass|Froslass, F|100/100
|turn|7
|
|t:|1760763239
|switch|p2a: Ceruledge|Ceruledge, M|100/100
|move|p1a: Froslass|Frost Breath|p2a: Ceruledge
|-resisted|p2a: Ceruledge
|-crit|p2a: Ceruledge
|-damage|p2a: Ceruledge|80/100
|
|upkeep
|turn|8
|
|t:|1760763250
|switch|p1a: Empoleon|Empoleon, F|100/100
|-terastallize|p2a: Ceruledge|Normal
|move|p2a: Ceruledge|Bitter Blade|p1a: Empoleon
|-crit|p1a: Empoleon
|-damage|p1a: Empoleon|2/100
|-heal|p2a: Ceruledge|100/100|[from] drain|[of] p1a: Empoleon
|-damage|p2a: Ceruledge|91/100|[from] item: Life Orb
|
|upkeep
|turn|9
|
|t:|1760763261
|move|p2a: Ceruledge|Bitter Blade|p1a: Empoleon
|-damage|p1a: Empoleon|0 fnt
|-heal|p2a: Ceruledge|91/100|[from] drain|[of] p1a: Empoleon
|faint|p1a: Empoleon
|-damage|p2a: Ceruledge|81/100|[from] item: Life Orb
|
|upkeep
|
|t:|1760763267
|switch|p1a: Garchomp|Garchomp, F|100/100
|turn|10
|
|t:|1760763280
|move|p1a: Garchomp|Earthquake|p2a: Ceruledge
|-damage|p2a: Ceruledge|11/100
|move|p2a: Ceruledge|Poltergeist|p1a: Garchomp
|-activate|p1a: Garchomp|move: Poltergeist|Rocky Helmet
|-damage|p1a: Garchomp|27/100
|-damage|p2a: Ceruledge|1/100|[from] item: Life Orb
|
|upkeep
|turn|11
|
|t:|1760763296
|move|p1a: Garchomp|Earthquake|p2a: Ceruledge
|-damage|p2a: Ceruledge|0 fnt
|faint|p2a: Ceruledge
|
|upkeep
|
|t:|1760763302
|switch|p2a: Greninja|Greninja, M|100/100
|turn|12
|
|t:|1760763311
|move|p2a: Greninja|Ice Beam|p1a: Garchomp
|-supereffective|p1a: Garchomp
|-damage|p1a: Garchomp|0 fnt
|faint|p1a: Garchomp
|-ability|p2a: Greninja|Battle Bond|boost
|-boost|p2a: Greninja|atk|1
|-boost|p2a: Greninja|spa|1
|-boost|p2a: Greninja|spe|1
|-activate|p2a: Greninja|ability: Battle Bond
|-damage|p2a: Greninja|91/100|[from] item: Life Orb
|
|upkeep
|
|t:|1760763313
|switch|p1a: Froslass|Froslass, F|100/100
|turn|13
|
|t:|1760763326
|move|p2a: Greninja|Dark Pulse|p1a: Froslass
|-supereffective|p1a: Froslass
|-enditem|p1a: Froslass|Focus Sash
|-damage|p1a: Froslass|1/100
|-start|p2a: Greninja|Disable|Dark Pulse|[from] ability: Cursed Body|[of] p1a: Froslass
|-damage|p2a: Greninja|81/100|[from] item: Life Orb
|move|p1a: Froslass|Destiny Bond|p1a: Froslass
|-singlemove|p1a: Froslass|Destiny Bond
|
|upkeep
|turn|14
|
|t:|1760763344
|switch|p2a: Alomomola|Alomomola, F|100/100 psn
|move|p1a: Froslass|Will-O-Wisp||[still]
|-fail|p1a: Froslass
|
|-damage|p2a: Alomomola|88/100 psn|[from] psn
|upkeep
|turn|15
|
|t:|1760763354
|move|p1a: Froslass|Hex|p2a: Alomomola
|-damage|p2a: Alomomola|49/100 psn
|move|p2a: Alomomola|Flip Turn|p1a: Froslass
|-damage|p1a: Froslass|0 fnt
|faint|p1a: Froslass
|
|t:|1760763368
|switch|p2a: Greninja|Greninja, M|81/100|[from] Flip Turn
|
|upkeep
|-message|lalololole forfeited.
|
|win|sbob9638
|raw|lalololole's rating: 1082 &rarr; <strong>1060</strong><br />(-22 for losing)
|raw|sbob9638's rating: 1089 &rarr; <strong>1115</strong><br />(+26 for winning)
|l|☆lalololole
|player|p1|
|l|☆sbob9638
|player|p2|
