|j|☆Drakolithe
|j|☆adjkadssad
|t:|1760878796
|gametype|singles
|player|p1|Drakolithe|265|1377
|player|p2|adjkadssad|101|1397
|gen|9
|tier|[Gen 9] OU
|rated|
|rule|HP Percentage Mod: HP is shown in percentages
|rule|Endless Battle Clause: Forcing endless battles is banned
|rule|Species Clause: Limit one of each Pokémon
|rule|OHKO Clause: OHKO moves are banned
|rule|Evasion Items Clause: Evasion items are banned
|rule|Evasion Moves Clause: Evasion moves are banned
|rule|Evasion Abilities Clause: Evasion abilities are banned
|rule|Sleep Moves Clause: Sleep-inducing moves are banned
|clearpoke
|poke|p1|Glimmora, F|
|poke|p1|Zamazenta-*|
|poke|p1|Latias, F|
|poke|p1|Gholdengo|
|poke|p1|Dragonite, F|
|poke|p1|Iron Valiant|
|poke|p2|Pelipper, M|
|poke|p2|Poliwrath, F|
|poke|p2|Kilowattrel, M|
|poke|p2|Scream Tail|
|poke|p2|Overqwil, M|
|poke|p2|Zamazenta-*|
|teampreview
|inactive|Battle timer is ON: inactive players will automatically lose when time's up. (requested by Drakolithe)
|
|t:|1760878810
|teamsize|p1|6
|teamsize|p2|6
|start
|switch|p1a: Glimmora|Glimmora, F|100/100
|switch|p2a: Pelipper|Pelipper, M, shiny|100/100
|-weather|RainDance|[from] ability: Drizzle|[of] p2a: Pelipper
|turn|1
|
|t:|1760878837
|switch|p2a: Overqwil|Overqwil, M, shiny|100/100
|move|p1a: Glimmora|Stealth Rock|p2a: Overqwil
|-sidestart|p2: adjkadssad|move: Stealth Rock
|
|-weather|RainDance|[upkeep]
|upkeep
|turn|2
|
|t:|1760878841
|move|p2a: Overqwil|Waterfall|p1a: Glimmora
|-supereffective|p1a: Glimmora
|-damage|p1a: Glimmora|0 fnt
|-activate|p1a: Glimmora|ability: Toxic Debris
|-sidestart|p2: adjkadssad|move: Toxic Spikes
|faint|p1a: Glimmora
|-damage|p2a: Overqwil|91/100|[from] item: Life Orb
|
|-weather|RainDance|[upkeep]
|upkeep
|
|t:|1760878846
|switch|p1a: Zamazenta|Zamazenta|100/100
|-ability|p1a: Zamazenta|Dauntless Shield|boost
|-boost|p1a: Zamazenta|def|1
|turn|3
|
|t:|1760878861
|switch|p2a: Scream Tail|Scream Tail|100/100
|-damage|p2a: Scream Tail|88/100|[from] Stealth Rock
|-status|p2a: Scream Tail|psn
|move|p1a: Zamazenta|Iron Defense|p1a: Zamazenta
|-boost|p1a: Zamazenta|def|2
|
|-weather|RainDance|[upkeep]
|-damage|p2a: Scream Tail|76/100 psn|[from] psn
|upkeep
|turn|4
|
|t:|1760878873
|switch|p1a: Gholdengo|Gholdengo|100/100
|move|p2a: Scream Tail|Reflect|p2a: Scream Tail
|-sidestart|p2: adjkadssad|Reflect
|
|-weather|RainDance|[upkeep]
|-damage|p2a: Scream Tail|63/100 psn|[from] psn
|upkeep
|turn|5
|
|t:|1760878885
|-end|p2a: Scream Tail|Protosynthesis|[silent]
|switch|p2a: Overqwil|Overqwil, M, shiny|91/100
|-damage|p2a: Overqwil|78/100|[from] Stealth Rock
|-sideend|p2: adjkadssad|move: Toxic Spikes|[of] p2a: Overqwil
|move|p1a: Gholdengo|Shadow Ball|p2a: Overqwil
|-resisted|p2a: Overqwil
|-damage|p2a: Overqwil|48/100
|
|-weather|RainDance|[upkeep]
|upkeep
|turn|6
|
|t:|1760878891
|switch|p1a: Zamazenta|Zamazenta|100/100
|move|p2a: Overqwil|Crunch|p1a: Zamazenta
|-resisted|p1a: Zamazenta
|-damage|p1a: Zamazenta|81/100
|-damage|p2a: Overqwil|38/100|[from] item: Life Orb
|
|-weather|RainDance|[upkeep]
|-heal|p1a: Zamazenta|87/100|[from] item: Leftovers
|upkeep
|turn|7
|
|t:|1760878895
|move|p2a: Overqwil|Gunk Shot|p1a: Zamazenta
|-crit|p1a: Zamazenta
|-damage|p1a: Zamazenta|0 fnt
|faint|p1a: Zamazenta
|-damage|p2a: Overqwil|28/100|[from] item: Life Orb
|
|-weather|RainDance|[upkeep]
|upkeep
|
|t:|1760878904
|switch|p1a: Dragonite|Dragonite, F|100/100
|turn|8
|
|t:|1760878908
|move|p2a: Overqwil|Crunch|p1a: Dragonite
|-damage|p1a: Dragonite|69/100
|-unboost|p1a: Dragonite|def|1
|-damage|p2a: Overqwil|18/100|[from] item: Life Orb
|move|p1a: Dragonite|Dragon Dance|p1a: Dragonite
|-boost|p1a: Dragonite|atk|1
|-boost|p1a: Dragonite|spe|1
|
|-weather|none
|upkeep
|turn|9
|
|t:|1760878916
|move|p1a: Dragonite|Earthquake|p2a: Overqwil
|-supereffective|p2a: Overqwil
|-damage|p2a: Overqwil|0 fnt
|faint|p2a: Overqwil
|
|upkeep
|
|t:|1760878918
|switch|p2a: Pelipper|Pelipper, M, shiny|100/100
|-damage|p2a: Pelipper|76/100|[from] Stealth Rock
|-weather|RainDance|[from] ability: Drizzle|[of] p2a: Pelipper
|turn|10
|
|t:|1760878929
|move|p1a: Dragonite|Dragon Dance|p1a: Dragonite
|-boost|p1a: Dragonite|atk|1
|-boost|p1a: Dragonite|spe|1
|move|p2a: Pelipper|Hurricane|p1a: Dragonite
|-damage|p1a: Dragonite|32/100
|-start|p1a: Dragonite|confusion
|
|-weather|RainDance|[upkeep]
|upkeep
|turn|11
|inactive|Drakolithe has 120 seconds left.
|
|t:|1760878976
|-activate|p1a: Dragonite|confusion
|move|p1a: Dragonite|Extreme Speed|p2a: Pelipper
|-damage|p2a: Pelipper|49/100
|move|p2a: Pelipper|Hurricane|p1a: Dragonite
|-damage|p1a: Dragonite|0 fnt
|faint|p1a: Dragonite
|
|-weather|RainDance|[upkeep]
|-sideend|p2: adjkadssad|Reflect
|upkeep
|
|t:|1760878979
|switch|p1a: Latias|Latias, F|100/100
|turn|12
|
|t:|1760878988
|move|p1a: Latias|Agility|p1a: Latias
|-boost|p1a: Latias|spe|2
|move|p2a: Pelipper|Hurricane|p1a: Latias
|-damage|p1a: Latias|74/100
|-start|p1a: Latias|confusion
|
|-weather|RainDance|[upkeep]
|-heal|p1a: Latias|80/100|[from] item: Leftovers
|upkeep
|turn|13
|
|t:|1760878991
|-activate|p1a: Latias|confusion
|move|p1a: Latias|Calm Mind|p1a: Latias
|-boost|p1a: Latias|spa|1
|-boost|p1a: Latias|spd|1
|move|p2a: Pelipper|U-turn|p1a: Latias
|-supereffective|p1a: Latias
|-damage|p1a: Latias|65/100
|
|t:|1760879001
|switch|p2a: Scream Tail|Scream Tail|63/100 psn|[from] U-turn
|-damage|p2a: Scream Tail|51/100 psn|[from] Stealth Rock
|
|-weather|RainDance|[upkeep]
|-heal|p1a: Latias|71/100|[from] item: Leftovers
|-damage|p2a: Scream Tail|39/100 psn|[from] psn
|upkeep
|turn|14
|
|t:|1760879006
|-activate|p1a: Latias|confusion
|-damage|p1a: Latias|66/100|[from] confusion
|move|p2a: Scream Tail|Encore|p1a: Latias
|-start|p1a: Latias|Encore
|
|-weather|RainDance|[upkeep]
|-heal|p1a: Latias|72/100|[from] item: Leftovers
|-damage|p2a: Scream Tail|26/100 psn|[from] psn
|upkeep
|turn|15
|
|t:|1760879010
|-activate|p1a: Latias|confusion
|move|p1a: Latias|Calm Mind|p1a: Latias
|-boost|p1a: Latias|spa|1
|-boost|p1a: Latias|spd|1
|move|p2a: Scream Tail|Light Screen|p2a: Scream Tail
|-sidestart|p2: adjkadssad|move: Light Screen
|
|-weather|RainDance|[upkeep]
|-heal|p1a: Latias|79/100|[from] item: Leftovers
|-damage|p2a: Scream Tail|14/100 psn|[from] psn
|upkeep
|turn|16
|
|t:|1760879014
|-end|p1a: Latias|confusion
|move|p1a: Latias|Calm Mind|p1a: Latias
|-boost|p1a: Latias|spa|1
|-boost|p1a: Latias|spd|1
|move|p2a: Scream Tail|Wish|p2a: Scream Tail
|
|-weather|RainDance|[upkeep]
|-heal|p1a: Latias|85/100|[from] item: Leftovers
|-damage|p2a: Scream Tail|1/100 psn|[from] psn
|upkeep
|turn|17
|
|t:|1760879030
|-end|p2a: Scream Tail|Protosynthesis|[silent]
|switch|p2a: Poliwrath|Poliwrath, F|100/100
|-damage|p2a: Poliwrath|94/100|[from] Stealth Rock
|move|p1a: Latias|Calm Mind|p1a: Latias
|-boost|p1a: Latias|spa|1
|-boost|p1a: Latias|spd|1
|
|-weather|none
|-heal|p2a: Poliwrath|100/100|[from] move: Wish|[wisher] Scream Tail
|-heal|p1a: Latias|91/100|[from] item: Leftovers
|-end|p1a: Latias|Encore
|upkeep
|turn|18
|
|t:|1760879041
|-terastallize|p2a: Poliwrath|Steel
|move|p1a: Latias|Stored Power|p2a: Poliwrath
|-resisted|p2a: Poliwrath
|-damage|p2a: Poliwrath|26/100
|-enditem|p2a: Poliwrath|Sitrus Berry|[eat]
|-heal|p2a: Poliwrath|51/100|[from] item: Sitrus Berry
|move|p2a: Poliwrath|Ice Punch|p1a: Latias
|-supereffective|p1a: Latias
|-damage|p1a: Latias|53/100
|
|-heal|p1a: Latias|59/100|[from] item: Leftovers
|upkeep
|turn|19
|
|t:|1760879064
|move|p1a: Latias|Stored Power|p2a: Poliwrath
|-resisted|p2a: Poliwrath
|-damage|p2a: Poliwrath|0 fnt
|faint|p2a: Poliwrath
|
|-heal|p1a: Latias|65/100|[from] item: Leftovers
|upkeep
|inactive|adjkadssad has 120 seconds left.
|inactive|adjkadssad has 90 seconds left.
|inactive|adjkadssad has 60 seconds left.
|inactive|adjkadssad has 30 seconds left.
|inactive|adjkadssad has 20 seconds left.
|inactive|adjkadssad has 15 seconds left.
|inactive|adjkadssad has 10 seconds left.
|inactive|adjkadssad has 5 seconds left.
|-message|adjkadssad lost due to inactivity.
|
|win|Drakolithe
|raw|Drakolithe's rating: 1377 &rarr; <strong>1398</strong><br />(+21 for winning)
|raw|adjkadssad's rating: 1397 &rarr; <strong>1376</strong><br />(-21 for losing)
|l|☆adjkadssad
|player|p2|
