|j|☆Lezhaper
|j|☆Jakedagreat94
|t:|1760734702
|gametype|singles
|player|p1|Lezhaper|skyla|1098
|player|p2|Jakedagreat94|170|1105
|gen|9
|tier|[Gen 9] OU
|rated|
|rule|HP Percentage Mod: HP is shown in percentages
|rule|Endless Battle Clause: Forcing endless battles is banned
|rule|Species Clause: Limit one of each Pokémon
|rule|OHKO Clause: OHKO moves are banned
|rule|Evasion Items Clause: Evasion items are banned
|rule|Evasion Moves Clause: Evasion moves are banned
|rule|Evasion Abilities Clause: Evasion abilities are banned
|rule|Sleep Moves Clause: Sleep-inducing moves are banned
|clearpoke
|poke|p1|Polteageist|
|poke|p1|Moltres-Galar|
|poke|p1|Zebstrika, M|
|poke|p1|Skarmory, F|
|poke|p1|Glimmora, M|
|poke|p1|Lapras, M|
|poke|p2|Kingambit, M|
|poke|p2|Dragapult, F|
|poke|p2|Slowking-Galar, M|
|poke|p2|Alomomola, M|
|poke|p2|Moltres|
|poke|p2|Iron Treads|
|teampreview
|
|t:|1760734709
|teamsize|p1|6
|teamsize|p2|6
|start
|switch|p1a: Polteageist|Polteageist|100/100
|switch|p2a: Iron Treads|Iron Treads|100/100
|turn|1
|
|t:|1760734720
|move|p2a: Iron Treads|Earthquake|p1a: Polteageist
|-damage|p1a: Polteageist|4/100
|-ability|p1a: Polteageist|Weak Armor|boost
|-unboost|p1a: Polteageist|def|1
|-boost|p1a: Polteageist|spe|2
|-enditem|p1a: Polteageist|White Herb
|-clearnegativeboost|p1a: Polteageist|[silent]
|move|p1a: Polteageist|Shell Smash|p1a: Polteageist
|-unboost|p1a: Polteageist|def|1
|-unboost|p1a: Polteageist|spd|1
|-boost|p1a: Polteageist|atk|2
|-boost|p1a: Polteageist|spa|2
|-boost|p1a: Polteageist|spe|2
|
|upkeep
|turn|2
|
|t:|1760734739
|-end|p2a: Iron Treads|Quark Drive|[silent]
|switch|p2a: Alomomola|Alomomola, M|100/100
|move|p1a: Polteageist|Stored Power|p2a: Alomomola
|-damage|p2a: Alomomola|0 fnt
|faint|p2a: Alomomola
|
|upkeep
|
|t:|1760734744
|switch|p2a: Kingambit|Kingambit, M|100/100
|-activate|p2a: Kingambit|ability: Supreme Overlord
|-start|p2a: Kingambit|fallen1|[silent]
|turn|3
|
|t:|1760734750
|move|p1a: Polteageist|Stored Power|p2a: Kingambit
|-immune|p2a: Kingambit
|move|p2a: Kingambit|Kowtow Cleave|p1a: Polteageist
|-supereffective|p1a: Polteageist
|-damage|p1a: Polteageist|0 fnt
|faint|p1a: Polteageist
|
|upkeep
|
|t:|1760734759
|switch|p1a: Zebstrika|Zebstrika, M|100/100
|turn|4
|
|t:|1760734765
|move|p1a: Zebstrika|High Horsepower|p2a: Kingambit
|-supereffective|p2a: Kingambit
|-damage|p2a: Kingambit|44/100
|move|p2a: Kingambit|Kowtow Cleave|p1a: Zebstrika
|-damage|p1a: Zebstrika|14/100
|
|-heal|p2a: Kingambit|50/100|[from] item: Leftovers
|upkeep
|turn|5
|
|t:|1760734771
|move|p2a: Kingambit|Sucker Punch|p1a: Zebstrika
|-damage|p1a: Zebstrika|0 fnt
|faint|p1a: Zebstrika
|
|-heal|p2a: Kingambit|57/100|[from] item: Leftovers
|upkeep
|
|t:|1760734775
|switch|p1a: Skarmory|Skarmory, F|100/100
|turn|6
|
|t:|1760734778
|-end|p2a: Kingambit|fallen1|[silent]
|switch|p2a: Moltres|Moltres|100/100
|move|p1a: Skarmory|Drill Run|p2a: Moltres
|-immune|p2a: Moltres
|
|upkeep
|turn|7
|
|t:|1760734791
|switch|p1a: Glimmora|Glimmora, M|100/100
|move|p2a: Moltres|Will-O-Wisp|p1a: Glimmora
|-status|p1a: Glimmora|brn
|
|-damage|p1a: Glimmora|94/100 brn|[from] brn
|upkeep
|turn|8
|
|t:|1760734800
|switch|p2a: Kingambit|Kingambit, M|57/100
|-activate|p2a: Kingambit|ability: Supreme Overlord
|-start|p2a: Kingambit|fallen1|[silent]
|move|p1a: Glimmora|Power Gem|p2a: Kingambit
|-resisted|p2a: Kingambit
|-damage|p2a: Kingambit|35/100
|
|-heal|p2a: Kingambit|42/100|[from] item: Leftovers
|-damage|p1a: Glimmora|88/100 brn|[from] brn
|upkeep
|turn|9
|
|t:|1760734807
|move|p2a: Kingambit|Sucker Punch|p1a: Glimmora
|-damage|p1a: Glimmora|47/100 brn
|-activate|p1a: Glimmora|ability: Toxic Debris
|-sidestart|p2: Jakedagreat94|move: Toxic Spikes
|move|p1a: Glimmora|Earth Power|p2a: Kingambit
|-supereffective|p2a: Kingambit
|-damage|p2a: Kingambit|0 fnt
|faint|p2a: Kingambit
|-end|p2a: Kingambit|fallen1|[silent]
|
|-damage|p1a: Glimmora|41/100 brn|[from] brn
|upkeep
|
|t:|1760734819
|switch|p2a: Dragapult|Dragapult, F|100/100
|turn|10
|
|t:|1760734823
|move|p2a: Dragapult|Hex|p1a: Glimmora
|-damage|p1a: Glimmora|0 fnt
|faint|p1a: Glimmora
|
|upkeep
|
|t:|1760734834
|switch|p1a: Lapras|Lapras, M|100/100
|turn|11
|
|t:|1760734838
|move|p2a: Dragapult|U-turn|p1a: Lapras
|-damage|p1a: Lapras|80/100
|
|t:|1760734840
|switch|p2a: Slowking|Slowking-Galar, M|100/100|[from] U-turn
|-sideend|p2: Jakedagreat94|move: Toxic Spikes|[of] p2a: Slowking
|move|p1a: Lapras|Freeze-Dry|p2a: Slowking
|-damage|p2a: Slowking|83/100
|
|upkeep
|turn|12
|
|t:|1760734848
|move|p1a: Lapras|Surf|p2a: Slowking
|-damage|p2a: Slowking|58/100
|move|p2a: Slowking|Thunder Wave|p1a: Lapras
|-status|p1a: Lapras|par
|
|upkeep
|turn|13
|
|t:|1760734854
|cant|p1a: Lapras|par
|move|p2a: Slowking|Future Sight|p1a: Lapras
|-start|p2a: Slowking|move: Future Sight
|
|upkeep
|turn|14
|
|t:|1760734858
|move|p1a: Lapras|Surf|p2a: Slowking
|-damage|p2a: Slowking|35/100
|-prepare|p2a: Slowking|Chilly Reception|[premajor]
|move|p2a: Slowking|Chilly Reception|p2a: Slowking
|-weather|Snowscape
|
|t:|1760734862
|switch|p2a: Iron Treads|Iron Treads|100/100|[from] Chilly Reception
|
|-weather|Snowscape|[upkeep]
|upkeep
|turn|15
|
|t:|1760734867
|switch|p1a: Skarmory|Skarmory, F|100/100
|move|p2a: Iron Treads|Volt Switch|p1a: Skarmory
|-supereffective|p1a: Skarmory
|-damage|p1a: Skarmory|62/100
|
|t:|1760734874
|-end|p2a: Iron Treads|Quark Drive|[silent]
|switch|p2a: Moltres|Moltres|100/100|[from] Volt Switch
|
|-weather|Snowscape|[upkeep]
|-end|p1a: Skarmory|move: Future Sight
|-resisted|p1a: Skarmory
|-damage|p1a: Skarmory|28/100
|-heal|p1a: Skarmory|34/100|[from] item: Leftovers
|upkeep
|turn|16
|
|t:|1760734881
|move|p2a: Moltres|Flamethrower|p1a: Skarmory
|-supereffective|p1a: Skarmory
|-damage|p1a: Skarmory|0 fnt
|faint|p1a: Skarmory
|
|-weather|Snowscape|[upkeep]
|upkeep
|
|t:|1760734886
|switch|p1a: Lapras|Lapras, M|80/100 par
|turn|17
|
|t:|1760734889
|move|p2a: Moltres|U-turn|p1a: Lapras
|-damage|p1a: Lapras|69/100 par
|
|t:|1760734891
|switch|p2a: Slowking|Slowking-Galar, M|68/100|[from] U-turn
|move|p1a: Lapras|Surf|p2a: Slowking
|-crit|p2a: Slowking
|-damage|p2a: Slowking|36/100
|
|-weather|Snowscape|[upkeep]
|upkeep
|turn|18
|
|t:|1760734899
|cant|p1a: Lapras|par
|-prepare|p2a: Slowking|Chilly Reception|[premajor]
|move|p2a: Slowking|Chilly Reception|p2a: Slowking
|
|t:|1760734901
|switch|p2a: Iron Treads|Iron Treads|100/100|[from] Chilly Reception
|
|-weather|none
|upkeep
|turn|19
|
|t:|1760734903
|move|p2a: Iron Treads|Volt Switch|p1a: Lapras
|-supereffective|p1a: Lapras
|-damage|p1a: Lapras|53/100 par
|
|t:|1760734907
|-end|p2a: Iron Treads|Quark Drive|[silent]
|switch|p2a: Slowking|Slowking-Galar, M|69/100|[from] Volt Switch
|move|p1a: Lapras|Surf|p2a: Slowking
|-damage|p2a: Slowking|47/100
|
|upkeep
|turn|20
|
|t:|1760734915
|move|p1a: Lapras|Thunderbolt|p2a: Slowking
|-damage|p2a: Slowking|31/100
|-prepare|p2a: Slowking|Chilly Reception|[premajor]
|move|p2a: Slowking|Chilly Reception|p2a: Slowking
|-weather|Snowscape
|
|t:|1760734918
|switch|p2a: Iron Treads|Iron Treads|100/100|[from] Chilly Reception
|
|-weather|Snowscape|[upkeep]
|upkeep
|turn|21
|
|t:|1760734920
|move|p2a: Iron Treads|Volt Switch|p1a: Lapras
|-supereffective|p1a: Lapras
|-damage|p1a: Lapras|37/100 par
|
|t:|1760734923
|-end|p2a: Iron Treads|Quark Drive|[silent]
|switch|p2a: Slowking|Slowking-Galar, M|65/100|[from] Volt Switch
|move|p1a: Lapras|Surf|p2a: Slowking
|-damage|p2a: Slowking|43/100
|
|-weather|Snowscape|[upkeep]
|upkeep
|turn|22
|
|t:|1760734933
|move|p1a: Lapras|Surf|p2a: Slowking
|-damage|p2a: Slowking|21/100
|move|p2a: Slowking|Future Sight|p1a: Lapras
|-start|p2a: Slowking|move: Future Sight
|
|-weather|Snowscape|[upkeep]
|upkeep
|turn|23
|
|t:|1760734959
|switch|p2a: Dragapult|Dragapult, F|100/100
|move|p1a: Lapras|Surf|p2a: Dragapult
|-resisted|p2a: Dragapult
|-damage|p2a: Dragapult|69/100
|
|-weather|Snowscape|[upkeep]
|upkeep
|turn|24
|
|t:|1760734964
|move|p2a: Dragapult|Hex|p1a: Lapras
|-damage|p1a: Lapras|2/100 par
|move|p1a: Lapras|Freeze-Dry|p2a: Dragapult
|-supereffective|p2a: Dragapult
|-damage|p2a: Dragapult|0 fnt
|faint|p2a: Dragapult
|
|-weather|none
|-end|p1a: Lapras|move: Future Sight
|-damage|p1a: Lapras|0 fnt
|faint|p1a: Lapras
|upkeep
|
|t:|1760734984
|switch|p2a: Slowking|Slowking-Galar, M|54/100
|switch|p1a: Moltres|Moltres-Galar|100/100
|turn|25
|
|t:|1760734990
|move|p1a: Moltres|Nasty Plot|p1a: Moltres
|-boost|p1a: Moltres|spa|2
|move|p2a: Slowking|Thunder Wave|p1a: Moltres
|-status|p1a: Moltres|par
|
|upkeep
|turn|26
|
|t:|1760734995
|cant|p1a: Moltres|par
|move|p2a: Slowking|Ice Beam|p1a: Moltres
|-supereffective|p1a: Moltres
|-damage|p1a: Moltres|62/100 par
|
|upkeep
|turn|27
|
|t:|1760734999
|move|p1a: Moltres|Dark Pulse|p2a: Slowking
|-supereffective|p2a: Slowking
|-damage|p2a: Slowking|0 fnt
|faint|p2a: Slowking
|
|upkeep
|
|t:|1760735007
|switch|p2a: Moltres|Moltres|100/100
|turn|28
|
|t:|1760735016
|move|p2a: Moltres|Flamethrower|p1a: Moltres
|-damage|p1a: Moltres|31/100 par
|-ability|p1a: Moltres|Berserk|boost
|-boost|p1a: Moltres|spa|1
|-enditem|p1a: Moltres|Sitrus Berry|[eat]
|-heal|p1a: Moltres|56/100 par|[from] item: Sitrus Berry
|move|p1a: Moltres|Dark Pulse|p2a: Moltres
|-damage|p2a: Moltres|4/100
|
|upkeep
|turn|29
|
|t:|1760735025
|move|p2a: Moltres|Flamethrower|p1a: Moltres
|-damage|p1a: Moltres|25/100 par
|-ability|p1a: Moltres|Berserk|boost
|-boost|p1a: Moltres|spa|1
|move|p1a: Moltres|Dark Pulse|p2a: Moltres
|-damage|p2a: Moltres|0 fnt
|faint|p2a: Moltres
|
|upkeep
|
|t:|1760735031
|switch|p2a: Iron Treads|Iron Treads|100/100
|turn|30
|
|t:|1760735035
|move|p2a: Iron Treads|Ice Spinner|p1a: Moltres
|-supereffective|p1a: Moltres
|-damage|p1a: Moltres|0 fnt
|faint|p1a: Moltres
|
|win|Jakedagreat94
|raw|Lezhaper's rating: 1098 &rarr; <strong>1074</strong><br />(-24 for losing)
|raw|Jakedagreat94's rating: 1105 &rarr; <strong>1129</strong><br />(+24 for winning)
|l|☆Lezhaper
|player|p1|
|l|☆Jakedagreat94
|player|p2|
