|j|☆RCDB
|j|☆sakuraba emma
|t:|1760792102
|gametype|singles
|player|p1|RCDB|170|1276
|player|p2|sakuraba emma|hilda-wonderlauncher|1330
|gen|9
|tier|[Gen 9] OU
|rated|
|rule|HP Percentage Mod: HP is shown in percentages
|rule|Endless Battle Clause: Forcing endless battles is banned
|rule|Species Clause: Limit one of each Pokémon
|rule|OHKO Clause: OHKO moves are banned
|rule|Evasion Items Clause: Evasion items are banned
|rule|Evasion Moves Clause: Evasion moves are banned
|rule|Evasion Abilities Clause: Evasion abilities are banned
|rule|Sleep Moves Clause: Sleep-inducing moves are banned
|clearpoke
|poke|p1|Altaria, M|
|poke|p1|Glimmora, M|
|poke|p1|Cinderace, F|
|poke|p1|Dondozo, M|
|poke|p1|Dragapult, F|
|poke|p1|Metagross|
|poke|p2|Great Tusk|
|poke|p2|Kyurem|
|poke|p2|Hatterene, F|
|poke|p2|Dragonite, M|
|poke|p2|Ceruledge, M|
|poke|p2|Ting-Lu|
|teampreview
|inactive|Battle timer is ON: inactive players will automatically lose when time's up. (requested by RCDB)
|
|t:|1760792119
|teamsize|p1|6
|teamsize|p2|6
|start
|switch|p1a: Glimmora|Glimmora, M|100/100
|switch|p2a: Ting-Lu|Ting-Lu|100/100
|-ability|p2a: Ting-Lu|Vessel of Ruin
|turn|1
|
|t:|1760792126
|move|p1a: Glimmora|Mortal Spin|p2a: Ting-Lu
|-resisted|p2a: Ting-Lu
|-damage|p2a: Ting-Lu|99/100
|-status|p2a: Ting-Lu|psn
|move|p2a: Ting-Lu|Earthquake|p1a: Glimmora
|-supereffective|p1a: Glimmora
|-enditem|p1a: Glimmora|Focus Sash
|-damage|p1a: Glimmora|1/100
|-activate|p1a: Glimmora|ability: Toxic Debris
|-sidestart|p2: sakuraba emma|move: Toxic Spikes
|
|-heal|p2a: Ting-Lu|100/100 psn|[from] item: Leftovers
|-damage|p2a: Ting-Lu|88/100 psn|[from] psn
|upkeep
|turn|2
|
|t:|1760792137
|move|p1a: Glimmora|Stealth Rock|p2a: Ting-Lu
|-sidestart|p2: sakuraba emma|move: Stealth Rock
|move|p2a: Ting-Lu|Stealth Rock|p1a: Glimmora
|-sidestart|p1: RCDB|move: Stealth Rock
|
|-heal|p2a: Ting-Lu|94/100 psn|[from] item: Leftovers
|-damage|p2a: Ting-Lu|82/100 psn|[from] psn
|upkeep
|turn|3
|
|t:|1760792153
|move|p1a: Glimmora|Mortal Spin|p2a: Ting-Lu
|-resisted|p2a: Ting-Lu
|-damage|p2a: Ting-Lu|80/100 psn
|-sideend|p1: RCDB|Stealth Rock|[from] move: Mortal Spin|[of] p1a: Glimmora
|move|p2a: Ting-Lu|Whirlwind|p1a: Glimmora
|drag|p1a: Metagross|Metagross|100/100
|
|-heal|p2a: Ting-Lu|86/100 psn|[from] item: Leftovers
|-damage|p2a: Ting-Lu|74/100 psn|[from] psn
|upkeep
|turn|4
|
|t:|1760792178
|move|p1a: Metagross|Meteor Mash|p2a: Ting-Lu
|-crit|p2a: Ting-Lu
|-damage|p2a: Ting-Lu|33/100 psn
|move|p2a: Ting-Lu|Stealth Rock|p1a: Metagross
|-sidestart|p1: RCDB|move: Stealth Rock
|
|-heal|p2a: Ting-Lu|39/100 psn|[from] item: Leftovers
|-damage|p2a: Ting-Lu|27/100 psn|[from] psn
|upkeep
|turn|5
|inactive|sakuraba emma has 120 seconds left.
|
|t:|1760792207
|move|p1a: Metagross|Meteor Mash|p2a: Ting-Lu
|-damage|p2a: Ting-Lu|0 fnt
|faint|p2a: Ting-Lu
|
|upkeep
|
|t:|1760792210
|switch|p2a: Great Tusk|Great Tusk|100/100
|turn|6
|inactive|sakuraba emma has 120 seconds left.
|
|t:|1760792220
|switch|p1a: Altaria|Altaria, M|100/100
|-damage|p1a: Altaria|76/100|[from] Stealth Rock
|move|p2a: Great Tusk|Rapid Spin|p1a: Altaria
|-damage|p1a: Altaria|56/100
|-boost|p2a: Great Tusk|spe|1
|-sideend|p2: sakuraba emma|Toxic Spikes|[from] move: Rapid Spin|[of] p2a: Great Tusk
|-sideend|p2: sakuraba emma|Stealth Rock|[from] move: Rapid Spin|[of] p2a: Great Tusk
|
|-heal|p1a: Altaria|62/100|[from] item: Leftovers
|upkeep
|turn|7
|
|t:|1760792230
|switch|p1a: Dondozo|Dondozo, M|100/100
|-damage|p1a: Dondozo|88/100|[from] Stealth Rock
|move|p2a: Great Tusk|Ice Spinner|p1a: Dondozo
|-resisted|p1a: Dondozo
|-damage|p1a: Dondozo|82/100
|
|upkeep
|turn|8
|inactive|sakuraba emma has 120 seconds left.
|
|t:|1760792251
|-end|p2a: Great Tusk|Protosynthesis|[silent]
|switch|p2a: Hatterene|Hatterene, F|100/100
|move|p1a: Dondozo|Curse|p1a: Dondozo
|-unboost|p1a: Dondozo|spe|1
|-boost|p1a: Dondozo|atk|1
|-boost|p1a: Dondozo|def|1
|
|upkeep
|turn|9
|inactive|sakuraba emma has 120 seconds left.
|
|t:|1760792264
|move|p2a: Hatterene|Nuzzle|p1a: Dondozo
|-supereffective|p1a: Dondozo
|-damage|p1a: Dondozo|79/100
|-status|p1a: Dondozo|par
|move|p1a: Dondozo|Liquidation|p2a: Hatterene
|-damage|p2a: Hatterene|60/100
|
|upkeep
|turn|10
|inactive|sakuraba emma has 120 seconds left.
|
|t:|1760792272
|move|p2a: Hatterene|Draining Kiss|p1a: Dondozo
|-damage|p1a: Dondozo|53/100 par
|-heal|p2a: Hatterene|91/100|[from] drain|[of] p1a: Dondozo
|move|p1a: Dondozo|Rest|p1a: Dondozo
|-status|p1a: Dondozo|slp|[from] move: Rest
|-heal|p1a: Dondozo|100/100 slp|[silent]
|-enditem|p1a: Dondozo|Chesto Berry|[eat]
|-curestatus|p1a: Dondozo|slp|[msg]
|
|upkeep
|turn|11
|inactive|sakuraba emma has 120 seconds left.
|
|t:|1760792283
|move|p2a: Hatterene|Nuzzle|p1a: Dondozo
|-supereffective|p1a: Dondozo
|-damage|p1a: Dondozo|98/100
|-status|p1a: Dondozo|par
|move|p1a: Dondozo|Liquidation|p2a: Hatterene
|-damage|p2a: Hatterene|51/100
|
|upkeep
|turn|12
|inactive|sakuraba emma has 120 seconds left.
|
|t:|1760792295
|move|p2a: Hatterene|Draining Kiss|p1a: Dondozo
|-damage|p1a: Dondozo|71/100 par
|-heal|p2a: Hatterene|83/100|[from] drain|[of] p1a: Dondozo
|move|p1a: Dondozo|Liquidation|p2a: Hatterene
|-damage|p2a: Hatterene|40/100
|
|upkeep
|turn|13
|
|t:|1760792306
|move|p2a: Hatterene|Draining Kiss|p1a: Dondozo
|-damage|p1a: Dondozo|45/100 par
|-heal|p2a: Hatterene|72/100|[from] drain|[of] p1a: Dondozo
|cant|p1a: Dondozo|par
|
|upkeep
|turn|14
|
|t:|1760792312
|move|p2a: Hatterene|Draining Kiss|p1a: Dondozo
|-damage|p1a: Dondozo|21/100 par
|-heal|p2a: Hatterene|99/100|[from] drain|[of] p1a: Dondozo
|move|p1a: Dondozo|Rest|p1a: Dondozo
|-status|p1a: Dondozo|slp|[from] move: Rest
|-heal|p1a: Dondozo|100/100 slp|[silent]
|
|upkeep
|turn|15
|inactive|sakuraba emma has 120 seconds left.
|
|t:|1760792334
|move|p2a: Hatterene|Psyshock|p1a: Dondozo
|-damage|p1a: Dondozo|89/100 slp
|cant|p1a: Dondozo|slp
|
|upkeep
|turn|16
|
|t:|1760792340
|move|p2a: Hatterene|Draining Kiss|p1a: Dondozo
|-damage|p1a: Dondozo|64/100 slp
|-heal|p2a: Hatterene|100/100|[from] drain|[of] p1a: Dondozo
|cant|p1a: Dondozo|slp
|
|upkeep
|turn|17
|
|t:|1760792343
|move|p2a: Hatterene|Draining Kiss|p1a: Dondozo
|-damage|p1a: Dondozo|39/100 slp
|-curestatus|p1a: Dondozo|slp|[msg]
|move|p1a: Dondozo|Liquidation|p2a: Hatterene
|-damage|p2a: Hatterene|57/100
|
|upkeep
|turn|18
|
|t:|1760792348
|move|p2a: Hatterene|Nuzzle|p1a: Dondozo
|-supereffective|p1a: Dondozo
|-damage|p1a: Dondozo|36/100
|-status|p1a: Dondozo|par
|cant|p1a: Dondozo|par
|
|upkeep
|turn|19
|
|t:|1760792355
|move|p2a: Hatterene|Draining Kiss|p1a: Dondozo
|-damage|p1a: Dondozo|13/100 par
|-heal|p2a: Hatterene|85/100|[from] drain|[of] p1a: Dondozo
|cant|p1a: Dondozo|par
|
|upkeep
|turn|20
|
|t:|1760792360
|move|p2a: Hatterene|Draining Kiss|p1a: Dondozo
|-damage|p1a: Dondozo|0 fnt
|-heal|p2a: Hatterene|99/100|[from] drain|[of] p1a: Dondozo
|faint|p1a: Dondozo
|
|upkeep
|
|t:|1760792363
|switch|p1a: Metagross|Metagross|100/100
|-damage|p1a: Metagross|94/100|[from] Stealth Rock
|turn|21
|
|t:|1760792375
|-terastallize|p2a: Hatterene|Steel
|move|p1a: Metagross|Meteor Mash|p2a: Hatterene
|-resisted|p2a: Hatterene
|-damage|p2a: Hatterene|73/100
|move|p2a: Hatterene|Nuzzle|p1a: Metagross
|-damage|p1a: Metagross|91/100
|-status|p1a: Metagross|par
|
|upkeep
|turn|22
|
|t:|1760792385
|move|p2a: Hatterene|Mystical Fire|p1a: Metagross
|-supereffective|p1a: Metagross
|-damage|p1a: Metagross|54/100 par
|cant|p1a: Metagross|par
|
|upkeep
|turn|23
|
|t:|1760792391
|move|p2a: Hatterene|Mystical Fire|p1a: Metagross
|-supereffective|p1a: Metagross
|-damage|p1a: Metagross|16/100 par
|move|p1a: Metagross|Earthquake|p2a: Hatterene
|-supereffective|p2a: Hatterene
|-damage|p2a: Hatterene|0 fnt
|faint|p2a: Hatterene
|
|upkeep
|
|t:|1760792400
|switch|p2a: Dragonite|Dragonite, M|100/100
|turn|24
|
|t:|1760792414
|cant|p1a: Metagross|par
|move|p2a: Dragonite|Outrage|p1a: Metagross
|-resisted|p1a: Metagross
|-damage|p1a: Metagross|0 fnt
|faint|p1a: Metagross
|
|upkeep
|
|t:|1760792417
|switch|p1a: Altaria|Altaria, M|62/100
|-damage|p1a: Altaria|37/100|[from] Stealth Rock
|turn|25
|
|t:|1760792421
|-terastallize|p1a: Altaria|Fairy
|move|p2a: Dragonite|Outrage|p1a: Altaria|[from] lockedmove
|-immune|p1a: Altaria
|-start|p2a: Dragonite|confusion|[fatigue]
|move|p1a: Altaria|Roost|p1a: Altaria
|-heal|p1a: Altaria|87/100
|
|-heal|p1a: Altaria|93/100|[from] item: Leftovers
|upkeep
|turn|26
|
|t:|1760792438
|switch|p2a: Ceruledge|Ceruledge, M|100/100
|move|p1a: Altaria|Will-O-Wisp|p2a: Ceruledge|[miss]
|-miss|p1a: Altaria|p2a: Ceruledge
|
|-heal|p1a: Altaria|99/100|[from] item: Leftovers
|upkeep
|turn|27
|
|t:|1760792447
|move|p2a: Ceruledge|Swords Dance|p2a: Ceruledge
|-boost|p2a: Ceruledge|atk|2
|move|p1a: Altaria|Fire Spin|p2a: Ceruledge
|-resisted|p2a: Ceruledge
|-damage|p2a: Ceruledge|97/100
|-activate|p2a: Ceruledge|move: Fire Spin|[of] p1a: Altaria
|
|-heal|p1a: Altaria|100/100|[from] item: Leftovers
|-damage|p2a: Ceruledge|85/100|[from] move: Fire Spin|[partiallytrapped]
|upkeep
|turn|28
|
|t:|1760792464
|move|p2a: Ceruledge|Swords Dance|p2a: Ceruledge
|-boost|p2a: Ceruledge|atk|2
|move|p1a: Altaria|Perish Song|p1a: Altaria
|-start|p1a: Altaria|perish3|[silent]
|-start|p2a: Ceruledge|perish3|[silent]
|-fieldactivate|move: Perish Song
|
|-damage|p2a: Ceruledge|72/100|[from] move: Fire Spin|[partiallytrapped]
|-start|p2a: Ceruledge|perish3
|-start|p1a: Altaria|perish3
|upkeep
|turn|29
|
|t:|1760792473
|move|p2a: Ceruledge|Bitter Blade|p1a: Altaria
|-damage|p1a: Altaria|0 fnt
|-heal|p2a: Ceruledge|100/100|[from] drain|[of] p1a: Altaria
|faint|p1a: Altaria
|
|-end|p2a: Ceruledge|Fire Spin|[partiallytrapped]|[silent]
|-start|p2a: Ceruledge|perish2
|upkeep
|
|t:|1760792495
|switch|p1a: Dragapult|Dragapult, F|100/100
|-damage|p1a: Dragapult|88/100|[from] Stealth Rock
|turn|30
|
|t:|1760792500
|move|p2a: Ceruledge|Shadow Sneak|p1a: Dragapult
|-supereffective|p1a: Dragapult
|-damage|p1a: Dragapult|0 fnt
|faint|p1a: Dragapult
|
|-start|p2a: Ceruledge|perish1
|upkeep
|
|t:|1760792503
|switch|p1a: Cinderace|Cinderace, F|100/100
|turn|31
|
|t:|1760792514
|move|p2a: Ceruledge|Shadow Sneak|p1a: Cinderace
|-damage|p1a: Cinderace|18/100
|move|p1a: Cinderace|Court Change|p1a: Cinderace
|-start|p1a: Cinderace|typechange|Normal|[from] ability: Libero
|-swapsideconditions
|-activate|p1a: Cinderace|move: Court Change
|
|-start|p2a: Ceruledge|perish0
|upkeep
|faint|p2a: Ceruledge
|
|t:|1760792533
|switch|p2a: Great Tusk|Great Tusk|100/100
|turn|32
|
|t:|1760792539
|move|p1a: Cinderace|U-turn|p2a: Great Tusk
|-resisted|p2a: Great Tusk
|-damage|p2a: Great Tusk|92/100
|
|t:|1760792542
|switch|p1a: Glimmora|Glimmora, M|1/100|[from] U-turn
|move|p2a: Great Tusk|Rapid Spin|p1a: Glimmora
|-resisted|p1a: Glimmora
|-damage|p1a: Glimmora|0 fnt
|-boost|p2a: Great Tusk|spe|1
|-activate|p1a: Glimmora|ability: Toxic Debris
|-sidestart|p2: sakuraba emma|move: Toxic Spikes
|-sideend|p2: sakuraba emma|Toxic Spikes|[from] move: Rapid Spin|[of] p2a: Great Tusk
|-sideend|p2: sakuraba emma|Stealth Rock|[from] move: Rapid Spin|[of] p2a: Great Tusk
|faint|p1a: Glimmora
|
|upkeep
|
|t:|1760792546
|switch|p1a: Cinderace|Cinderace, F|18/100
|turn|33
|
|t:|1760792548
|move|p2a: Great Tusk|Headlong Rush|p1a: Cinderace
|-supereffective|p1a: Cinderace
|-damage|p1a: Cinderace|0 fnt
|-unboost|p2a: Great Tusk|def|1
|-unboost|p2a: Great Tusk|spd|1
|faint|p1a: Cinderace
|
|win|sakuraba emma
|raw|RCDB's rating: 1276 &rarr; <strong>1255</strong><br />(-21 for losing)
|raw|sakuraba emma's rating: 1330 &rarr; <strong>1347</strong><br />(+17 for winning)
|l|☆RCDB
|player|p1|
|l|☆sakuraba emma
|player|p2|
