|j|☆eatsleepjdm
|j|☆cutesteduck1
|t:|1760824114
|gametype|singles
|player|p1|eatsleepjdm|265|1437
|player|p2|cutesteduck1|dawn-gen4pt|1497
|gen|9
|tier|[Gen 9] OU
|rated|
|rule|HP Percentage Mod: HP is shown in percentages
|rule|Endless Battle Clause: Forcing endless battles is banned
|rule|Species Clause: Limit one of each Pokémon
|rule|OHKO Clause: OHKO moves are banned
|rule|Evasion Items Clause: Evasion items are banned
|rule|Evasion Moves Clause: Evasion moves are banned
|rule|Evasion Abilities Clause: Evasion abilities are banned
|rule|Sleep Moves Clause: Sleep-inducing moves are banned
|clearpoke
|poke|p1|Sableye, F|
|poke|p1|Slowking-Galar, F|
|poke|p1|Great Tusk|
|poke|p1|Ogerpon-Wellspring, F|
|poke|p1|Scizor, M|
|poke|p1|Enamorus, F|
|poke|p2|Ogerpon, F|
|poke|p2|Raging Bolt|
|poke|p2|Slowking-Galar, F|
|poke|p2|Corviknight, F|
|poke|p2|Ting-Lu|
|poke|p2|Volcanion|
|teampreview
|inactive|Battle timer is ON: inactive players will automatically lose when time's up. (requested by cutesteduck1)
|
|t:|1760824129
|teamsize|p1|6
|teamsize|p2|6
|start
|switch|p1a: Scizor|Scizor, M|100/100
|switch|p2a: Ogerpon|Ogerpon, F|100/100
|turn|1
|
|t:|1760824132
|switch|p2a: Corviknight|Corviknight, F|100/100
|-ability|p2a: Corviknight|Pressure
|move|p1a: Scizor|U-turn|p2a: Corviknight
|-resisted|p2a: Corviknight
|-damage|p2a: Corviknight|92/100
|-damage|p1a: Scizor|84/100|[from] item: Rocky Helmet|[of] p2a: Corviknight
|
|t:|1760824137
|switch|p1a: Slowking|Slowking-Galar, F|100/100|[from] U-turn
|
|upkeep
|turn|2
|
|t:|1760824140
|move|p2a: Corviknight|U-turn|p1a: Slowking
|-damage|p1a: Slowking|84/100
|
|t:|1760824142
|switch|p2a: Ting-Lu|Ting-Lu|100/100|[from] U-turn
|-ability|p2a: Ting-Lu|Vessel of Ruin
|move|p1a: Slowking|Trick|p2a: Ting-Lu
|-activate|p1a: Slowking|move: Trick|[of] p2a: Ting-Lu
|-item|p2a: Ting-Lu|Black Sludge|[from] move: Trick
|-item|p1a: Slowking|Leftovers|[from] move: Trick
|
|-damage|p2a: Ting-Lu|88/100|[from] item: Black Sludge
|-heal|p1a: Slowking|90/100|[from] item: Leftovers
|upkeep
|turn|3
|
|t:|1760824152
|switch|p1a: Ogerpon|Ogerpon-Wellspring, F|100/100
|move|p2a: Ting-Lu|Stealth Rock|p1a: Ogerpon
|-sidestart|p1: eatsleepjdm|move: Stealth Rock
|
|-damage|p2a: Ting-Lu|76/100|[from] item: Black Sludge
|upkeep
|turn|4
|
|t:|1760824158
|switch|p2a: Volcanion|Volcanion|100/100
|move|p1a: Ogerpon|Spikes|p2a: Volcanion
|-sidestart|p2: cutesteduck1|Spikes
|
|upkeep
|turn|5
|
|t:|1760824165
|move|p1a: Ogerpon|U-turn|p2a: Volcanion
|-resisted|p2a: Volcanion
|-damage|p2a: Volcanion|88/100
|
|t:|1760824167
|switch|p1a: Slowking|Slowking-Galar, F|100/100|[from] U-turn
|-damage|p1a: Slowking|88/100|[from] Stealth Rock
|move|p2a: Volcanion|Will-O-Wisp|p1a: Slowking
|-status|p1a: Slowking|brn
|
|-heal|p1a: Slowking|94/100 brn|[from] item: Leftovers
|-damage|p1a: Slowking|88/100 brn|[from] brn
|upkeep
|turn|6
|
|t:|1760824180
|switch|p2a: Slowking|Slowking-Galar, F|100/100
|move|p1a: Slowking|Future Sight|p2a: Slowking
|-start|p1a: Slowking|move: Future Sight
|
|-heal|p1a: Slowking|94/100 brn|[from] item: Leftovers
|-damage|p1a: Slowking|88/100 brn|[from] brn
|upkeep
|turn|7
|
|t:|1760824184
|-prepare|p1a: Slowking|Chilly Reception|[premajor]
|move|p1a: Slowking|Chilly Reception|p1a: Slowking
|-weather|Snowscape
|
|t:|1760824187
|switch|p1a: Sableye|Sableye, F|100/100|[from] Chilly Reception
|-damage|p1a: Sableye|88/100|[from] Stealth Rock
|move|p2a: Slowking|Future Sight|p1a: Sableye
|-start|p2a: Slowking|move: Future Sight
|
|-weather|Snowscape|[upkeep]
|upkeep
|turn|8
|
|t:|1760824194
|switch|p2a: Ting-Lu|Ting-Lu|76/100
|-damage|p2a: Ting-Lu|63/100|[from] Spikes
|-ability|p2a: Ting-Lu|Vessel of Ruin
|move|p1a: Sableye|Reflect|p1a: Sableye
|-sidestart|p1: eatsleepjdm|Reflect
|
|-weather|Snowscape|[upkeep]
|-end|p2a: Ting-Lu|move: Future Sight
|-immune|p2a: Ting-Lu
|-damage|p2a: Ting-Lu|51/100|[from] item: Black Sludge
|upkeep
|turn|9
|
|t:|1760824204
|switch|p1a: Ogerpon|Ogerpon-Wellspring, F|100/100
|-damage|p1a: Ogerpon|88/100|[from] Stealth Rock
|switch|p2a: Corviknight|Corviknight, F|92/100
|-ability|p2a: Corviknight|Pressure
|
|-weather|Snowscape|[upkeep]
|-end|p1a: Ogerpon|move: Future Sight
|-crit|p1a: Ogerpon
|-damage|p1a: Ogerpon|10/100
|upkeep
|turn|10
|
|t:|1760824212
|move|p1a: Ogerpon|Spikes|p2a: Corviknight
|-sidestart|p2: cutesteduck1|Spikes
|move|p2a: Corviknight|U-turn|p1a: Ogerpon
|-supereffective|p1a: Ogerpon
|-damage|p1a: Ogerpon|0 fnt
|faint|p1a: Ogerpon
|
|t:|1760824218
|switch|p2a: Slowking|Slowking-Galar, F|100/100|[from] U-turn
|
|-weather|Snowscape|[upkeep]
|upkeep
|
|t:|1760824224
|switch|p1a: Great Tusk|Great Tusk|100/100
|turn|11
|
|t:|1760824228
|switch|p2a: Corviknight|Corviknight, F|92/100
|-ability|p2a: Corviknight|Pressure
|move|p1a: Great Tusk|Rapid Spin|p2a: Corviknight
|-resisted|p2a: Corviknight
|-damage|p2a: Corviknight|88/100
|-boost|p1a: Great Tusk|spe|1
|-damage|p1a: Great Tusk|84/100|[from] item: Rocky Helmet|[of] p2a: Corviknight
|-sideend|p1: eatsleepjdm|Stealth Rock|[from] move: Rapid Spin|[of] p1a: Great Tusk
|
|-weather|none
|upkeep
|turn|12
|
|t:|1760824240
|-end|p1a: Great Tusk|Protosynthesis|[silent]
|switch|p1a: Enamorus|Enamorus, F|100/100
|move|p2a: Corviknight|Defog|p1a: Enamorus
|-unboost|p1a: Enamorus|evasion|1
|-sideend|p1: eatsleepjdm|Reflect
|-sideend|p2: cutesteduck1|Spikes|[from] move: Defog|[of] p2a: Corviknight
|
|upkeep
|turn|13
|
|t:|1760824246
|switch|p2a: Slowking|Slowking-Galar, F|100/100
|move|p1a: Enamorus|Mystical Fire|p2a: Slowking
|-damage|p2a: Slowking|85/100
|-unboost|p2a: Slowking|spa|1
|
|upkeep
|turn|14
|
|t:|1760824259
|switch|p1a: Scizor|Scizor, M|84/100
|move|p2a: Slowking|Sludge Bomb|p1a: Scizor
|-immune|p1a: Scizor
|
|upkeep
|turn|15
|
|t:|1760824263
|switch|p2a: Corviknight|Corviknight, F|88/100
|-ability|p2a: Corviknight|Pressure
|move|p1a: Scizor|Knock Off|p2a: Corviknight
|-damage|p2a: Corviknight|57/100
|-damage|p1a: Scizor|67/100|[from] item: Rocky Helmet|[of] p2a: Corviknight
|-enditem|p2a: Corviknight|Rocky Helmet|[from] move: Knock Off|[of] p1a: Scizor
|
|upkeep
|turn|16
|
|t:|1760824275
|switch|p1a: Enamorus|Enamorus, F|100/100
|move|p2a: Corviknight|U-turn|p1a: Enamorus
|-resisted|p1a: Enamorus
|-crit|p1a: Enamorus
|-damage|p1a: Enamorus|92/100
|
|t:|1760824279
|switch|p2a: Volcanion|Volcanion|88/100|[from] U-turn
|
|upkeep
|turn|17
|
|t:|1760824286
|move|p1a: Enamorus|Earth Power|p2a: Volcanion
|-supereffective|p2a: Volcanion
|-damage|p2a: Volcanion|16/100
|move|p2a: Volcanion|Sludge Bomb|p1a: Enamorus
|-supereffective|p1a: Enamorus
|-damage|p1a: Enamorus|7/100
|
|upkeep
|turn|18
|
|t:|1760824293
|switch|p1a: Slowking|Slowking-Galar, F|100/100 brn
|switch|p2a: Corviknight|Corviknight, F|57/100
|-ability|p2a: Corviknight|Pressure
|
|-damage|p1a: Slowking|94/100 brn|[from] brn
|upkeep
|turn|19
|
|t:|1760824297
|move|p2a: Corviknight|Roost|p2a: Corviknight
|-heal|p2a: Corviknight|100/100
|-singleturn|p2a: Corviknight|move: Roost
|-prepare|p1a: Slowking|Chilly Reception|[premajor]
|move|p1a: Slowking|Chilly Reception|p1a: Slowking
|-weather|Snowscape
|
|t:|1760824299
|switch|p1a: Enamorus|Enamorus, F|7/100|[from] Chilly Reception
|
|-weather|Snowscape|[upkeep]
|upkeep
|turn|20
|
|t:|1760824310
|switch|p2a: Slowking|Slowking-Galar, F|100/100
|move|p1a: Enamorus|Mystical Fire|p2a: Slowking
|-damage|p2a: Slowking|83/100
|-unboost|p2a: Slowking|spa|1
|
|-weather|Snowscape|[upkeep]
|upkeep
|turn|21
|
|t:|1760824314
|switch|p1a: Slowking|Slowking-Galar, F|100/100 brn
|move|p2a: Slowking|Future Sight|p1a: Slowking
|-start|p2a: Slowking|move: Future Sight
|
|-weather|Snowscape|[upkeep]
|-damage|p1a: Slowking|94/100 brn|[from] brn
|upkeep
|turn|22
|
|t:|1760824317
|move|p1a: Slowking|Future Sight|p2a: Slowking
|-start|p1a: Slowking|move: Future Sight
|-prepare|p2a: Slowking|Chilly Reception|[premajor]
|move|p2a: Slowking|Chilly Reception|p2a: Slowking
|
|t:|1760824320
|switch|p2a: Ting-Lu|Ting-Lu|51/100|[from] Chilly Reception
|-ability|p2a: Ting-Lu|Vessel of Ruin
|
|-weather|Snowscape|[upkeep]
|-damage|p2a: Ting-Lu|38/100|[from] item: Black Sludge
|-heal|p1a: Slowking|100/100 brn|[from] item: Leftovers
|-damage|p1a: Slowking|94/100 brn|[from] brn
|upkeep
|turn|23
|
|t:|1760824324
|move|p2a: Ting-Lu|Stealth Rock|p1a: Slowking
|-sidestart|p1: eatsleepjdm|move: Stealth Rock
|move|p1a: Slowking|Sludge Bomb|p2a: Ting-Lu
|-resisted|p2a: Ting-Lu
|-damage|p2a: Ting-Lu|31/100
|
|-weather|none
|-end|p1a: Slowking|move: Future Sight
|-damage|p1a: Slowking|75/100 brn
|-damage|p2a: Ting-Lu|18/100|[from] item: Black Sludge
|-heal|p1a: Slowking|81/100 brn|[from] item: Leftovers
|-damage|p1a: Slowking|75/100 brn|[from] brn
|upkeep
|turn|24
|
|t:|1760824332
|move|p2a: Ting-Lu|Ruination|p1a: Slowking
|-damage|p1a: Slowking|38/100 brn
|move|p1a: Slowking|Sludge Bomb|p2a: Ting-Lu
|-resisted|p2a: Ting-Lu
|-damage|p2a: Ting-Lu|11/100
|
|-end|p2a: Ting-Lu|move: Future Sight
|-immune|p2a: Ting-Lu
|-damage|p2a: Ting-Lu|0 fnt|[from] item: Black Sludge
|faint|p2a: Ting-Lu
|-heal|p1a: Slowking|44/100 brn|[from] item: Leftovers
|-damage|p1a: Slowking|38/100 brn|[from] brn
|upkeep
|
|t:|1760824338
|switch|p2a: Ogerpon|Ogerpon, F|100/100
|turn|25
|
|t:|1760824341
|switch|p1a: Enamorus|Enamorus, F|7/100
|-damage|p1a: Enamorus|0 fnt|[from] Stealth Rock
|faint|p1a: Enamorus
|move|p2a: Ogerpon|Knock Off|p1: Enamorus|[notarget]
|-fail|p2a: Ogerpon
|
|upkeep
|
|t:|1760824343
|switch|p1a: Scizor|Scizor, M|67/100
|-damage|p1a: Scizor|55/100|[from] Stealth Rock
|turn|26
|
|t:|1760824345
|switch|p2a: Corviknight|Corviknight, F|100/100
|-ability|p2a: Corviknight|Pressure
|move|p1a: Scizor|Close Combat|p2a: Corviknight
|-damage|p2a: Corviknight|62/100
|-unboost|p1a: Scizor|def|1
|-unboost|p1a: Scizor|spd|1
|
|upkeep
|turn|27
|
|t:|1760824349
|switch|p1a: Slowking|Slowking-Galar, F|71/100 brn
|-damage|p1a: Slowking|59/100 brn|[from] Stealth Rock
|move|p2a: Corviknight|U-turn|p1a: Slowking
|-damage|p1a: Slowking|43/100 brn
|
|t:|1760824351
|switch|p2a: Ogerpon|Ogerpon, F|100/100|[from] U-turn
|
|-heal|p1a: Slowking|49/100 brn|[from] item: Leftovers
|-damage|p1a: Slowking|43/100 brn|[from] brn
|upkeep
|turn|28
|
|t:|1760824354
|switch|p1a: Sableye|Sableye, F|88/100
|-damage|p1a: Sableye|76/100|[from] Stealth Rock
|move|p2a: Ogerpon|U-turn|p1a: Sableye
|-damage|p1a: Sableye|41/100
|-damage|p2a: Ogerpon|84/100|[from] item: Rocky Helmet|[of] p1a: Sableye
|
|t:|1760824360
|switch|p2a: Corviknight|Corviknight, F|62/100|[from] U-turn
|-ability|p2a: Corviknight|Pressure
|
|upkeep
|turn|29
|
|t:|1760824363
|move|p1a: Sableye|Recover|p1a: Sableye
|-heal|p1a: Sableye|92/100
|move|p2a: Corviknight|U-turn|p1a: Sableye
|-damage|p1a: Sableye|78/100
|-damage|p2a: Corviknight|45/100|[from] item: Rocky Helmet|[of] p1a: Sableye
|
|t:|1760824367
|switch|p2a: Slowking|Slowking-Galar, F|100/100|[from] U-turn
|
|upkeep
|turn|30
|
|t:|1760824371
|move|p1a: Sableye|Knock Off|p2a: Slowking
|-supereffective|p2a: Slowking
|-damage|p2a: Slowking|49/100
|-enditem|p2a: Slowking|Heavy-Duty Boots|[from] move: Knock Off|[of] p1a: Sableye
|move|p2a: Slowking|Sludge Bomb|p1a: Sableye
|-resisted|p1a: Sableye
|-damage|p1a: Sableye|51/100
|-status|p1a: Sableye|psn
|
|-damage|p1a: Sableye|38/100 psn|[from] psn
|upkeep
|turn|31
|
|t:|1760824384
|switch|p1a: Scizor|Scizor, M|55/100
|-damage|p1a: Scizor|43/100|[from] Stealth Rock
|move|p2a: Slowking|Future Sight|p1a: Scizor
|-start|p2a: Slowking|move: Future Sight
|
|upkeep
|turn|32
|
|t:|1760824388
|move|p1a: Scizor|Close Combat|p2a: Slowking
|-resisted|p2a: Slowking
|-damage|p2a: Slowking|31/100
|-unboost|p1a: Scizor|def|1
|-unboost|p1a: Scizor|spd|1
|move|p2a: Slowking|Thunder Wave|p1a: Scizor
|-status|p1a: Scizor|par
|
|upkeep
|turn|33
|
|t:|1760824392
|move|p1a: Scizor|Close Combat|p2a: Slowking
|-resisted|p2a: Slowking
|-damage|p2a: Slowking|13/100
|-unboost|p1a: Scizor|def|1
|-unboost|p1a: Scizor|spd|1
|-prepare|p2a: Slowking|Chilly Reception|[premajor]
|move|p2a: Slowking|Chilly Reception|p2a: Slowking
|-weather|Snowscape
|
|t:|1760824395
|switch|p2a: Ogerpon|Ogerpon, F|84/100|[from] Chilly Reception
|
|-weather|Snowscape|[upkeep]
|-end|p1a: Scizor|move: Future Sight
|-resisted|p1a: Scizor
|-damage|p1a: Scizor|0 fnt
|faint|p1a: Scizor
|upkeep
|-message|eatsleepjdm forfeited.
|
|win|cutesteduck1
|raw|eatsleepjdm's rating: 1437 &rarr; <strong>1420</strong><br />(-17 for losing)
|raw|cutesteduck1's rating: 1497 &rarr; <strong>1514</strong><br />(+17 for winning)
|l|☆eatsleepjdm
|player|p1|
|l|☆cutesteduck1
|player|p2|
