|j|☆lalololole
|j|☆121Gigawattsbolt
|t:|1760731346
|gametype|singles
|player|p1|lalololole|unknownf|1086
|player|p2|121Gigawattsbolt|steven|1068
|gen|9
|tier|[Gen 9] OU
|rated|
|rule|HP Percentage Mod: HP is shown in percentages
|rule|Endless Battle Clause: Forcing endless battles is banned
|rule|Species Clause: Limit one of each Pokémon
|rule|OHKO Clause: OHKO moves are banned
|rule|Evasion Items Clause: Evasion items are banned
|rule|Evasion Moves Clause: Evasion moves are banned
|rule|Evasion Abilities Clause: Evasion abilities are banned
|rule|Sleep Moves Clause: Sleep-inducing moves are banned
|clearpoke
|poke|p1|Clefable, M|
|poke|p1|Garchomp, F|
|poke|p1|Ceruledge, M|
|poke|p1|Empoleon, F|
|poke|p1|Vivillon-Fancy, F|
|poke|p1|Froslass, F|
|poke|p2|Zamazenta-*|
|poke|p2|Darkrai|
|poke|p2|Mew|
|poke|p2|Iron Valiant|
|poke|p2|Deoxys-Speed|
|poke|p2|Iron Treads|
|teampreview
|inactive|Battle timer is ON: inactive players will automatically lose when time's up. (requested by 121Gigawattsbolt)
|
|t:|1760731370
|teamsize|p1|6
|teamsize|p2|6
|start
|switch|p1a: Vivillon|Vivillon-Fancy, F, shiny|100/100
|switch|p2a: Mew|Mew|100/100
|turn|1
|inactive|lalololole has 120 seconds left.
|
|t:|1760731409
|move|p1a: Vivillon|Stun Spore|p2a: Mew
|-status|p2a: Mew|par
|-activate|p2a: Mew|ability: Synchronize
|-status|p1a: Vivillon|par
|cant|p2a: Mew|par
|
|upkeep
|turn|2
|
|t:|1760731418
|move|p1a: Vivillon|Quiver Dance|p1a: Vivillon
|-boost|p1a: Vivillon|spa|1
|-boost|p1a: Vivillon|spd|1
|-boost|p1a: Vivillon|spe|1
|move|p2a: Mew|Stealth Rock|p1a: Vivillon
|-sidestart|p1: lalololole|move: Stealth Rock
|
|upkeep
|turn|3
|
|t:|1760731425
|cant|p1a: Vivillon|par
|move|p2a: Mew|Transform|p1a: Vivillon
|-transform|p2a: Mew|p1a: Vivillon
|
|upkeep
|turn|4
|
|t:|1760731435
|move|p1a: Vivillon|Quiver Dance|p1a: Vivillon
|-boost|p1a: Vivillon|spa|1
|-boost|p1a: Vivillon|spd|1
|-boost|p1a: Vivillon|spe|1
|move|p2a: Mew|Hurricane|p1a: Vivillon
|-supereffective|p1a: Vivillon
|-enditem|p1a: Vivillon|Focus Sash
|-damage|p1a: Vivillon|1/100 par
|
|upkeep
|turn|5
|
|t:|1760731443
|move|p1a: Vivillon|Hurricane|p2a: Mew
|-supereffective|p2a: Mew
|-damage|p2a: Mew|0 fnt
|faint|p2a: Mew
|
|upkeep
|
|t:|1760731453
|switch|p2a: Iron Valiant|Iron Valiant|100/100
|-enditem|p2a: Iron Valiant|Booster Energy
|-activate|p2a: Iron Valiant|ability: Quark Drive|[fromitem]
|-start|p2a: Iron Valiant|quarkdrivespe
|turn|6
|
|t:|1760731472
|move|p2a: Iron Valiant|Moonblast|p1a: Vivillon
|-damage|p1a: Vivillon|0 fnt
|faint|p1a: Vivillon
|
|upkeep
|
|t:|1760731481
|switch|p1a: Clefable|Clefable, M|100/100
|-damage|p1a: Clefable|88/100|[from] Stealth Rock
|turn|7
|inactive|121Gigawattsbolt has 120 seconds left.
|inactive|121Gigawattsbolt has 90 seconds left.
|
|t:|1760731566
|move|p2a: Iron Valiant|Moonblast|p1a: Clefable
|-damage|p1a: Clefable|46/100
|move|p1a: Clefable|Future Sight|p2a: Iron Valiant
|-start|p1a: Clefable|move: Future Sight
|
|-heal|p1a: Clefable|52/100|[from] item: Leftovers
|upkeep
|turn|8
|inactive|lalololole has 120 seconds left.
|
|t:|1760731606
|move|p2a: Iron Valiant|Destiny Bond|p2a: Iron Valiant
|-singlemove|p2a: Iron Valiant|Destiny Bond
|move|p1a: Clefable|Moonlight|p1a: Clefable
|-heal|p1a: Clefable|100/100
|
|upkeep
|turn|9
|
|t:|1760731614
|move|p2a: Iron Valiant|Calm Mind|p2a: Iron Valiant
|-boost|p2a: Iron Valiant|spa|1
|-boost|p2a: Iron Valiant|spd|1
|move|p1a: Clefable|Calm Mind|p1a: Clefable
|-boost|p1a: Clefable|spa|1
|-boost|p1a: Clefable|spd|1
|
|-end|p2a: Iron Valiant|move: Future Sight
|-supereffective|p2a: Iron Valiant
|-damage|p2a: Iron Valiant|0 fnt
|faint|p2a: Iron Valiant
|-end|p2a: Iron Valiant|Quark Drive|[silent]
|upkeep
|
|t:|1760731626
|switch|p2a: Zamazenta|Zamazenta|100/100
|-ability|p2a: Zamazenta|Dauntless Shield|boost
|-boost|p2a: Zamazenta|def|1
|turn|10
|inactive|lalololole has 120 seconds left.
|
|t:|1760731649
|move|p2a: Zamazenta|Heavy Slam|p1a: Clefable
|-supereffective|p1a: Clefable
|-damage|p1a: Clefable|0 fnt
|faint|p1a: Clefable
|
|upkeep
|
|t:|1760731655
|switch|p1a: Froslass|Froslass, F|100/100
|-damage|p1a: Froslass|76/100|[from] Stealth Rock
|turn|11
|inactive|121Gigawattsbolt has 90 seconds left.
|
|t:|1760731661
|move|p2a: Zamazenta|Heavy Slam|p1a: Froslass
|-supereffective|p1a: Froslass
|-damage|p1a: Froslass|0 fnt
|faint|p1a: Froslass
|
|upkeep
|inactive|lalololole has 120 seconds left.
|inactive|lalololole has 90 seconds left.
|
|t:|1760731727
|switch|p1a: Ceruledge|Ceruledge, M|100/100
|turn|12
|inactive|lalololole has 60 seconds left.
|
|t:|1760731743
|switch|p2a: Deoxys|Deoxys-Speed|100/100
|-ability|p2a: Deoxys|Pressure
|move|p1a: Ceruledge|Swords Dance|p1a: Ceruledge
|-boost|p1a: Ceruledge|atk|2
|
|upkeep
|turn|13
|
|t:|1760731753
|move|p1a: Ceruledge|Shadow Sneak|p2a: Deoxys
|-supereffective|p2a: Deoxys
|-damage|p2a: Deoxys|0 fnt
|faint|p2a: Deoxys
|
|upkeep
|
|t:|1760731760
|switch|p2a: Zamazenta|Zamazenta|100/100
|turn|14
|
|t:|1760731766
|move|p2a: Zamazenta|Crunch|p1a: Ceruledge
|-supereffective|p1a: Ceruledge
|-damage|p1a: Ceruledge|0 fnt
|faint|p1a: Ceruledge
|
|upkeep
|
|t:|1760731771
|switch|p1a: Garchomp|Garchomp, F|100/100
|-damage|p1a: Garchomp|94/100|[from] Stealth Rock
|turn|15
|
|t:|1760731785
|move|p2a: Zamazenta|Crunch|p1a: Garchomp
|-damage|p1a: Garchomp|56/100
|-damage|p2a: Zamazenta|88/100|[from] ability: Rough Skin|[of] p1a: Garchomp
|-damage|p2a: Zamazenta|72/100|[from] item: Rocky Helmet|[of] p1a: Garchomp
|move|p1a: Garchomp|Earthquake|p2a: Zamazenta
|-damage|p2a: Zamazenta|25/100
|
|upkeep
|turn|16
|inactive|121Gigawattsbolt has 120 seconds left.
|
|t:|1760731795
|move|p2a: Zamazenta|Crunch|p1a: Garchomp
|-damage|p1a: Garchomp|15/100
|-damage|p2a: Zamazenta|13/100|[from] ability: Rough Skin|[of] p1a: Garchomp
|-damage|p2a: Zamazenta|0 fnt|[from] item: Rocky Helmet|[of] p1a: Garchomp
|faint|p2a: Zamazenta
|move|p1a: Garchomp|Earthquake|p2: Zamazenta|[notarget]
|-fail|p1a: Garchomp
|
|upkeep
|
|t:|1760731804
|switch|p2a: Darkrai|Darkrai|100/100
|turn|17
|inactive|lalololole has 90 seconds left.
|inactive|121Gigawattsbolt has 120 seconds left.
|
|t:|1760731814
|move|p2a: Darkrai|Ice Beam|p1a: Garchomp
|-supereffective|p1a: Garchomp
|-damage|p1a: Garchomp|0 fnt
|faint|p1a: Garchomp
|-damage|p2a: Darkrai|91/100|[from] item: Life Orb
|
|upkeep
|inactive|lalololole has 90 seconds left.
|
|t:|1760731821
|switch|p1a: Empoleon|Empoleon, F|100/100
|-damage|p1a: Empoleon|94/100|[from] Stealth Rock
|turn|18
|
|t:|1760731825
|move|p2a: Darkrai|Focus Blast|p1a: Empoleon|[miss]
|-miss|p2a: Darkrai|p1a: Empoleon
|move|p1a: Empoleon|Surf|p2a: Darkrai
|-damage|p2a: Darkrai|28/100
|
|upkeep
|turn|19
|
|t:|1760731838
|-terastallize|p1a: Empoleon|Flying
|move|p2a: Darkrai|Focus Blast|p1a: Empoleon
|-resisted|p1a: Empoleon
|-damage|p1a: Empoleon|70/100
|-damage|p2a: Darkrai|18/100|[from] item: Life Orb
|move|p1a: Empoleon|Surf|p2a: Darkrai
|-damage|p2a: Darkrai|0 fnt
|faint|p2a: Darkrai
|
|upkeep
|
|t:|1760731849
|switch|p2a: Iron Treads|Iron Treads|100/100
|turn|20
|
|t:|1760731862
|move|p2a: Iron Treads|Iron Head|p1a: Empoleon
|-crit|p1a: Empoleon
|-damage|p1a: Empoleon|14/100
|move|p1a: Empoleon|Surf|p2a: Iron Treads
|-supereffective|p2a: Iron Treads
|-damage|p2a: Iron Treads|0 fnt
|faint|p2a: Iron Treads
|-end|p2a: Iron Treads|Quark Drive|[silent]
|
|win|lalololole
|raw|lalololole's rating: 1086 &rarr; <strong>1112</strong><br />(+26 for winning)
|raw|121Gigawattsbolt's rating: 1068 &rarr; <strong>1049</strong><br />(-19 for losing)
|l|☆121Gigawattsbolt
|player|p2|
|l|☆lalololole
|player|p1|
