|j|☆Pecibiches
|j|☆sn0w973
|t:|1760846394
|gametype|singles
|player|p1|Pecibiches|102|1314
|player|p2|sn0w973|veteran|1369
|gen|9
|tier|[Gen 9] OU
|rated|
|rule|HP Percentage Mod: HP is shown in percentages
|rule|Endless Battle Clause: Forcing endless battles is banned
|rule|Species Clause: Limit one of each Pokémon
|rule|OHKO Clause: OHKO moves are banned
|rule|Evasion Items Clause: Evasion items are banned
|rule|Evasion Moves Clause: Evasion moves are banned
|rule|Evasion Abilities Clause: Evasion abilities are banned
|rule|Sleep Moves Clause: Sleep-inducing moves are banned
|clearpoke
|poke|p1|Pelipper, M|
|poke|p1|Zapdos|
|poke|p1|Ogerpon-Wellspring, F|
|poke|p1|Barraskewda, F|
|poke|p1|Walking Wake|
|poke|p1|Gholdengo|
|poke|p2|Ninetales-Alola, M|
|poke|p2|Ceruledge, M|
|poke|p2|Darkrai|
|poke|p2|Gliscor, F|
|poke|p2|Ogerpon-Wellspring, F|
|poke|p2|Hatterene, F|
|teampreview
|inactive|Battle timer is ON: inactive players will automatically lose when time's up. (requested by sn0w973)
|
|t:|1760846408
|teamsize|p1|6
|teamsize|p2|6
|start
|switch|p1a: Barraskewda|Barraskewda, F|100/100
|switch|p2a: Ninetales|Ninetales-Alola, M|100/100
|-weather|Snowscape|[from] ability: Snow Warning|[of] p2a: Ninetales
|turn|1
|
|t:|1760846414
|switch|p2a: Hatterene|Hatterene, F|100/100
|move|p1a: Barraskewda|Flip Turn|p2a: Hatterene
|-damage|p2a: Hatterene|48/100
|
|t:|1760846420
|switch|p1a: Ogerpon|Ogerpon-Wellspring, F|100/100|[from] Flip Turn
|
|-weather|Snowscape|[upkeep]
|upkeep
|turn|2
|
|t:|1760846429
|move|p1a: Ogerpon|Power Whip|p2a: Hatterene|[miss]
|-miss|p1a: Ogerpon|p2a: Hatterene
|move|p2a: Hatterene|Nuzzle|p1a: Ogerpon
|-damage|p1a: Ogerpon|95/100
|-status|p1a: Ogerpon|par
|
|-weather|Snowscape|[upkeep]
|upkeep
|turn|3
|
|t:|1760846434
|switch|p2a: Ogerpon|Ogerpon-Wellspring, F|100/100
|cant|p1a: Ogerpon|par
|
|-weather|Snowscape|[upkeep]
|upkeep
|turn|4
|
|t:|1760846439
|switch|p1a: Pelipper|Pelipper, M|100/100
|-weather|RainDance|[from] ability: Drizzle|[of] p1a: Pelipper
|move|p2a: Ogerpon|Swords Dance|p2a: Ogerpon
|-boost|p2a: Ogerpon|atk|2
|
|-weather|RainDance|[upkeep]
|upkeep
|turn|5
|
|t:|1760846445
|move|p2a: Ogerpon|Ivy Cudgel|p1a: Pelipper|[anim] Ivy Cudgel Water
|-resisted|p1a: Pelipper
|-damage|p1a: Pelipper|34/100
|move|p1a: Pelipper|Hurricane|p2a: Ogerpon
|-supereffective|p2a: Ogerpon
|-damage|p2a: Ogerpon|9/100
|-start|p2a: Ogerpon|confusion
|
|-weather|RainDance|[upkeep]
|upkeep
|turn|6
|
|t:|1760846452
|switch|p1a: Ogerpon|Ogerpon-Wellspring, F|95/100 par
|-activate|p2a: Ogerpon|confusion
|move|p2a: Ogerpon|Ivy Cudgel|p1a: Ogerpon|[anim] Ivy Cudgel Water
|-heal|p1a: Ogerpon|100/100 par|[from] ability: Water Absorb|[of] p2a: Ogerpon
|
|-weather|RainDance|[upkeep]
|upkeep
|turn|7
|
|t:|1760846464
|switch|p1a: Zapdos|Zapdos|100/100
|-activate|p2a: Ogerpon|confusion
|-damage|p2a: Ogerpon|0 fnt|[from] confusion
|faint|p2a: Ogerpon
|
|-weather|RainDance|[upkeep]
|upkeep
|
|t:|1760846468
|switch|p2a: Ninetales|Ninetales-Alola, M|100/100
|-weather|Snowscape|[from] ability: Snow Warning|[of] p2a: Ninetales
|turn|8
|
|t:|1760846487
|move|p2a: Ninetales|Aurora Veil|p2a: Ninetales
|-sidestart|p2: sn0w973|move: Aurora Veil
|move|p1a: Zapdos|Thunder Wave|p2a: Ninetales
|-status|p2a: Ninetales|par
|
|-weather|Snowscape|[upkeep]
|upkeep
|turn|9
|
|t:|1760846491
|move|p1a: Zapdos|Volt Switch|p2a: Ninetales
|-damage|p2a: Ninetales|84/100 par
|
|t:|1760846494
|switch|p1a: Gholdengo|Gholdengo|100/100|[from] Volt Switch
|-item|p1a: Gholdengo|Air Balloon
|move|p2a: Ninetales|Moonblast|p1a: Gholdengo
|-resisted|p1a: Gholdengo
|-damage|p1a: Gholdengo|84/100
|-unboost|p1a: Gholdengo|spa|1
|-enditem|p1a: Gholdengo|Air Balloon
|
|-weather|Snowscape|[upkeep]
|upkeep
|turn|10
|
|t:|1760846503
|switch|p2a: Hatterene|Hatterene, F|48/100
|move|p1a: Gholdengo|Shadow Ball|p2a: Hatterene
|-supereffective|p2a: Hatterene
|-damage|p2a: Hatterene|34/100
|
|-weather|Snowscape|[upkeep]
|upkeep
|turn|11
|
|t:|1760846510
|move|p1a: Gholdengo|Make It Rain|p2a: Hatterene
|-supereffective|p2a: Hatterene
|-damage|p2a: Hatterene|12/100
|-unboost|p1a: Gholdengo|spa|1
|move|p2a: Hatterene|Psychic Noise|p1a: Gholdengo
|-resisted|p1a: Gholdengo
|-damage|p1a: Gholdengo|64/100
|-start|p1a: Gholdengo|move: Heal Block
|
|-weather|Snowscape|[upkeep]
|upkeep
|turn|12
|
|t:|1760846517
|switch|p2a: Darkrai|Darkrai|100/100
|move|p1a: Gholdengo|Shadow Ball|p2a: Darkrai
|-resisted|p2a: Darkrai
|-damage|p2a: Darkrai|94/100
|
|-weather|none
|-end|p1a: Gholdengo|move: Heal Block
|upkeep
|turn|13
|
|t:|1760846519
|switch|p1a: Pelipper|Pelipper, M|34/100
|-weather|RainDance|[from] ability: Drizzle|[of] p1a: Pelipper
|move|p2a: Darkrai|Nasty Plot|p2a: Darkrai
|-boost|p2a: Darkrai|spa|2
|
|-weather|RainDance|[upkeep]
|upkeep
|turn|14
|
|t:|1760846532
|switch|p1a: Zapdos|Zapdos|100/100
|move|p2a: Darkrai|Dark Pulse|p1a: Zapdos
|-damage|p1a: Zapdos|0 fnt
|faint|p1a: Zapdos
|-damage|p2a: Darkrai|84/100|[from] item: Life Orb
|
|-weather|RainDance|[upkeep]
|upkeep
|
|t:|1760846543
|switch|p1a: Ogerpon|Ogerpon-Wellspring, F|100/100 par
|turn|15
|
|t:|1760846548
|-terastallize|p1a: Ogerpon|Water
|detailschange|p1a: Ogerpon|Ogerpon-Wellspring-Tera, F, tera:Water
|-ability|p1a: Ogerpon|Embody Aspect (Wellspring)|boost
|-boost|p1a: Ogerpon|spd|1
|move|p2a: Darkrai|Sludge Bomb|p1a: Ogerpon
|-damage|p1a: Ogerpon|37/100 par
|-damage|p2a: Darkrai|75/100|[from] item: Life Orb
|move|p1a: Ogerpon|Ivy Cudgel|p2a: Darkrai|[anim] Ivy Cudgel Water
|-damage|p2a: Darkrai|2/100
|
|-weather|RainDance|[upkeep]
|-sideend|p2: sn0w973|move: Aurora Veil
|upkeep
|turn|16
|
|t:|1760846564
|switch|p1a: Walking Wake|Walking Wake|100/100
|move|p2a: Darkrai|Dark Pulse|p1a: Walking Wake
|-damage|p1a: Walking Wake|0 fnt
|faint|p1a: Walking Wake
|-end|p1a: Walking Wake|Protosynthesis|[silent]
|-damage|p2a: Darkrai|0 fnt|[from] item: Life Orb
|faint|p2a: Darkrai
|
|-weather|RainDance|[upkeep]
|upkeep
|
|t:|1760846573
|switch|p2a: Gliscor|Gliscor, F|100/100
|switch|p1a: Barraskewda|Barraskewda, F|100/100
|turn|17
|inactive|Pecibiches has 120 seconds left.
|l|☆Pecibiches
|inactive|Pecibiches disconnected and has a minute to reconnect!
|player|p1|
|j|☆Pecibiches
|inactive|Pecibiches reconnected and has 100 seconds left.
|player|p1|Pecibiches|102|
|
|t:|1760846624
|move|p2a: Gliscor|Protect|p2a: Gliscor
|-singleturn|p2a: Gliscor|Protect
|move|p1a: Barraskewda|Flip Turn|p2a: Gliscor
|-activate|p2a: Gliscor|move: Protect
|
|-weather|RainDance|[upkeep]
|-status|p2a: Gliscor|tox|[from] item: Toxic Orb
|upkeep
|turn|18
|
|t:|1760846636
|-terastallize|p2a: Gliscor|Water
|move|p1a: Barraskewda|Flip Turn|p2a: Gliscor
|-resisted|p2a: Gliscor
|-damage|p2a: Gliscor|78/100 tox
|
|t:|1760846639
|switch|p1a: Gholdengo|Gholdengo|64/100|[from] Flip Turn
|move|p2a: Gliscor|Knock Off|p1a: Gholdengo
|-supereffective|p1a: Gholdengo
|-damage|p1a: Gholdengo|44/100
|
|-weather|RainDance|[upkeep]
|-heal|p2a: Gliscor|90/100 tox|[from] ability: Poison Heal
|upkeep
|turn|19
|
|t:|1760846650
|move|p2a: Gliscor|Earthquake|p1a: Gholdengo
|-supereffective|p1a: Gholdengo
|-damage|p1a: Gholdengo|0 fnt
|faint|p1a: Gholdengo
|
|-weather|RainDance|[upkeep]
|-heal|p2a: Gliscor|100/100 tox|[from] ability: Poison Heal
|upkeep
|
|t:|1760846654
|switch|p1a: Ogerpon|Ogerpon-Wellspring-Tera, F, tera:Water|37/100 par
|-ability|p1a: Ogerpon|Embody Aspect (Wellspring)|boost
|-boost|p1a: Ogerpon|spd|1
|turn|20
|
|t:|1760846670
|switch|p2a: Hatterene|Hatterene, F|12/100
|move|p1a: Ogerpon|Power Whip|p2a: Hatterene
|-damage|p2a: Hatterene|0 fnt
|faint|p2a: Hatterene
|
|-weather|none
|upkeep
|
|t:|1760846673
|switch|p2a: Ceruledge|Ceruledge, M|100/100
|turn|21
|
|t:|1760846677
|switch|p1a: Pelipper|Pelipper, M|34/100
|-weather|RainDance|[from] ability: Drizzle|[of] p1a: Pelipper
|move|p2a: Ceruledge|Swords Dance|p2a: Ceruledge
|-boost|p2a: Ceruledge|atk|2
|
|-weather|RainDance|[upkeep]
|upkeep
|turn|22
|
|t:|1760846683
|move|p2a: Ceruledge|Shadow Sneak|p1a: Pelipper
|-damage|p1a: Pelipper|2/100
|move|p1a: Pelipper|Hurricane|p2a: Ceruledge
|-damage|p2a: Ceruledge|61/100
|
|-weather|RainDance|[upkeep]
|upkeep
|turn|23
|
|t:|1760846686
|move|p2a: Ceruledge|Shadow Sneak|p1a: Pelipper
|-damage|p1a: Pelipper|0 fnt
|faint|p1a: Pelipper
|
|-weather|RainDance|[upkeep]
|upkeep
|
|t:|1760846689
|switch|p1a: Barraskewda|Barraskewda, F|100/100
|turn|24
|
|t:|1760846694
|move|p2a: Ceruledge|Shadow Sneak|p1a: Barraskewda
|-damage|p1a: Barraskewda|23/100
|move|p1a: Barraskewda|Flip Turn|p2a: Ceruledge
|-supereffective|p2a: Ceruledge
|-damage|p2a: Ceruledge|0 fnt
|faint|p2a: Ceruledge
|
|t:|1760846698
|switch|p1a: Ogerpon|Ogerpon-Wellspring-Tera, F, tera:Water|37/100 par|[from] Flip Turn
|-ability|p1a: Ogerpon|Embody Aspect (Wellspring)|boost
|-boost|p1a: Ogerpon|spd|1
|
|-weather|RainDance|[upkeep]
|upkeep
|
|t:|1760846702
|switch|p2a: Ninetales|Ninetales-Alola, M|84/100 par
|-weather|Snowscape|[from] ability: Snow Warning|[of] p2a: Ninetales
|turn|25
|
|t:|1760846711
|move|p1a: Ogerpon|Ivy Cudgel|p2a: Ninetales|[anim] Ivy Cudgel Water
|-damage|p2a: Ninetales|6/100 par
|move|p2a: Ninetales|Moonblast|p1a: Ogerpon
|-damage|p1a: Ogerpon|10/100 par
|
|-weather|Snowscape|[upkeep]
|upkeep
|turn|26
|
|t:|1760846717
|cant|p1a: Ogerpon|par
|move|p2a: Ninetales|Moonblast|p1a: Ogerpon
|-damage|p1a: Ogerpon|0 fnt
|faint|p1a: Ogerpon
|detailschange|p1: Ogerpon|Ogerpon-Wellspring, F|[silent]
|
|-weather|Snowscape|[upkeep]
|upkeep
|
|t:|1760846719
|switch|p1a: Barraskewda|Barraskewda, F|23/100
|turn|27
|
|t:|1760846721
|move|p1a: Barraskewda|Close Combat|p2a: Ninetales
|-damage|p2a: Ninetales|0 fnt
|-unboost|p1a: Barraskewda|def|1
|-unboost|p1a: Barraskewda|spd|1
|faint|p2a: Ninetales
|
|-weather|Snowscape|[upkeep]
|upkeep
|
|t:|1760846723
|switch|p2a: Gliscor|Gliscor, F, tera:Water|100/100 tox
|turn|28
|
|t:|1760846727
|move|p1a: Barraskewda|Close Combat|p2a: Gliscor
|-damage|p2a: Gliscor|62/100 tox
|-unboost|p1a: Barraskewda|def|1
|-unboost|p1a: Barraskewda|spd|1
|move|p2a: Gliscor|Earthquake|p1a: Barraskewda
|-damage|p1a: Barraskewda|0 fnt
|faint|p1a: Barraskewda
|
|win|sn0w973
|raw|Pecibiches's rating: 1314 &rarr; <strong>1297</strong><br />(-17 for losing)
|raw|sn0w973's rating: 1369 &rarr; <strong>1386</strong><br />(+17 for winning)
|l|☆Pecibiches
|player|p1|
|l|☆sn0w973
|player|p2|
