|j|☆ethanwayneooo
|j|☆HZBKAI2
|t:|1760847180
|gametype|singles
|player|p1|ethanwayneooo|1|1112
|player|p2|HZBKAI2|265|1069
|gen|9
|tier|[Gen 9] OU
|rated|
|rule|HP Percentage Mod: HP is shown in percentages
|rule|Endless Battle Clause: Forcing endless battles is banned
|rule|Species Clause: Limit one of each Pokémon
|rule|OHKO Clause: OHKO moves are banned
|rule|Evasion Items Clause: Evasion items are banned
|rule|Evasion Moves Clause: Evasion moves are banned
|rule|Evasion Abilities Clause: Evasion abilities are banned
|rule|Sleep Moves Clause: Sleep-inducing moves are banned
|clearpoke
|poke|p1|Gliscor, F|
|poke|p1|Cloyster, F|
|poke|p1|Lokix, F|
|poke|p1|Decidueye, F|
|poke|p1|Arcanine, F|
|poke|p1|Corviknight, M|
|poke|p2|Pecharunt|
|poke|p2|Darkrai|
|poke|p2|Zoroark-Hisui, M|
|poke|p2|Glimmora, M|
|poke|p2|Garchomp, M|
|poke|p2|Zamazenta-*|
|teampreview
|
|t:|1760847186
|teamsize|p1|6
|teamsize|p2|6
|start
|switch|p1a: Arcanine|Arcanine, F|100/100
|switch|p2a: Zamazenta|Zamazenta|100/100
|-ability|p2a: Zamazenta|Dauntless Shield|boost
|-boost|p2a: Zamazenta|def|1
|turn|1
|
|t:|1760847205
|switch|p1a: Decidueye|Decidueye, F|100/100
|move|p2a: Zamazenta|Crunch|p1a: Decidueye
|-supereffective|p1a: Decidueye
|-damage|p1a: Decidueye|30/100
|
|upkeep
|turn|2
|
|t:|1760847215
|move|p2a: Zamazenta|Crunch|p1a: Decidueye
|-supereffective|p1a: Decidueye
|-damage|p1a: Decidueye|0 fnt
|faint|p1a: Decidueye
|
|upkeep
|
|t:|1760847224
|switch|p1a: Cloyster|Cloyster, F|100/100
|turn|3
|
|t:|1760847229
|move|p2a: Zamazenta|Play Rough|p1a: Cloyster
|-damage|p1a: Cloyster|78/100
|move|p1a: Cloyster|Shell Smash|p1a: Cloyster
|-unboost|p1a: Cloyster|def|1
|-unboost|p1a: Cloyster|spd|1
|-boost|p1a: Cloyster|atk|2
|-boost|p1a: Cloyster|spa|2
|-boost|p1a: Cloyster|spe|2
|
|upkeep
|turn|4
|
|t:|1760847240
|move|p1a: Cloyster|Icicle Spear|p2a: Zamazenta
|-damage|p2a: Zamazenta|89/100
|-damage|p2a: Zamazenta|77/100
|-damage|p2a: Zamazenta|64/100
|-damage|p2a: Zamazenta|52/100
|-damage|p2a: Zamazenta|40/100
|-hitcount|p2a: Zamazenta|5
|move|p2a: Zamazenta|Play Rough|p1a: Cloyster
|-damage|p1a: Cloyster|44/100
|
|-heal|p2a: Zamazenta|46/100|[from] item: Leftovers
|upkeep
|turn|5
|
|t:|1760847254
|move|p1a: Cloyster|Icicle Spear|p2a: Zamazenta
|-damage|p2a: Zamazenta|33/100
|-damage|p2a: Zamazenta|21/100
|-damage|p2a: Zamazenta|9/100
|-damage|p2a: Zamazenta|0 fnt
|faint|p2a: Zamazenta
|-hitcount|p2: Zamazenta|4
|
|upkeep
|
|t:|1760847259
|switch|p2a: Garchomp|Garchomp, M|100/100
|turn|6
|
|t:|1760847265
|move|p1a: Cloyster|Icicle Spear|p2a: Garchomp
|-supereffective|p2a: Garchomp
|-damage|p2a: Garchomp|31/100
|-supereffective|p2a: Garchomp
|-damage|p2a: Garchomp|0 fnt
|faint|p2a: Garchomp
|-hitcount|p2: Garchomp|2
|
|upkeep
|
|t:|1760847268
|switch|p2a: Pecharunt|Pecharunt|100/100
|turn|7
|
|t:|1760847274
|move|p1a: Cloyster|Rock Blast|p2a: Pecharunt
|-crit|p2a: Pecharunt
|-damage|p2a: Pecharunt|88/100
|-damage|p2a: Pecharunt|78/100
|-damage|p2a: Pecharunt|70/100
|-damage|p2a: Pecharunt|61/100
|-damage|p2a: Pecharunt|53/100
|-hitcount|p2a: Pecharunt|5
|move|p2a: Pecharunt|Malignant Chain|p1a: Cloyster
|-damage|p1a: Cloyster|0 fnt
|faint|p1a: Cloyster
|
|upkeep
|
|t:|1760847291
|switch|p1a: Lokix|Lokix, F|100/100
|turn|8
|
|t:|1760847297
|move|p2a: Pecharunt|Malignant Chain|p1a: Lokix
|-damage|p1a: Lokix|8/100
|-status|p1a: Lokix|tox
|-start|p1a: Lokix|confusion|[from] ability: Poison Puppeteer|[of] p2a: Pecharunt
|-activate|p1a: Lokix|confusion
|-damage|p1a: Lokix|0 fnt|[from] confusion
|faint|p1a: Lokix
|
|upkeep
|
|t:|1760847310
|switch|p1a: Gliscor|Gliscor, F|100/100
|turn|9
|
|t:|1760847313
|move|p2a: Pecharunt|Hex|p1a: Gliscor
|-damage|p1a: Gliscor|69/100
|move|p1a: Gliscor|Swords Dance|p1a: Gliscor
|-boost|p1a: Gliscor|atk|2
|
|-status|p1a: Gliscor|tox|[from] item: Toxic Orb
|upkeep
|turn|10
|
|t:|1760847324
|move|p1a: Gliscor|Protect|p1a: Gliscor
|-singleturn|p1a: Gliscor|Protect
|move|p2a: Pecharunt|Hex|p1a: Gliscor
|-activate|p1a: Gliscor|move: Protect
|
|-heal|p1a: Gliscor|82/100 tox|[from] ability: Poison Heal
|upkeep
|turn|11
|
|t:|1760847333
|move|p2a: Pecharunt|Hex|p1a: Gliscor
|-damage|p1a: Gliscor|20/100 tox
|move|p1a: Gliscor|Earthquake|p2a: Pecharunt
|-supereffective|p2a: Pecharunt
|-damage|p2a: Pecharunt|0 fnt
|faint|p2a: Pecharunt
|
|-heal|p1a: Gliscor|33/100 tox|[from] ability: Poison Heal
|upkeep
|
|t:|1760847333
|switch|p2a: Darkrai|Darkrai|100/100
|turn|12
|
|t:|1760847352
|move|p2a: Darkrai|Blizzard|p1a: Gliscor
|-supereffective|p1a: Gliscor
|-damage|p1a: Gliscor|0 fnt
|faint|p1a: Gliscor
|
|upkeep
|
|t:|1760847358
|switch|p1a: Arcanine|Arcanine, F|100/100
|turn|13
|
|t:|1760847362
|move|p2a: Darkrai|Dark Pulse|p1a: Arcanine
|-damage|p1a: Arcanine|55/100
|-ability|p1a: Arcanine|Justified|boost
|-boost|p1a: Arcanine|atk|1
|move|p1a: Arcanine|Close Combat|p2a: Darkrai
|-supereffective|p2a: Darkrai
|-damage|p2a: Darkrai|0 fnt
|-unboost|p1a: Arcanine|def|1
|-unboost|p1a: Arcanine|spd|1
|-damage|p1a: Arcanine|39/100|[from] item: Rocky Helmet|[of] p2a: Darkrai
|faint|p2a: Darkrai
|
|upkeep
|
|t:|1760847363
|switch|p2a: Glimmora|Glimmora, M|100/100
|turn|14
|
|t:|1760847392
|move|p2a: Glimmora|Foul Play|p1a: Arcanine
|-damage|p1a: Arcanine|0 fnt
|faint|p1a: Arcanine
|
|upkeep
|
|t:|1760847397
|switch|p1a: Corviknight|Corviknight, M|100/100
|turn|15
|
|t:|1760847402
|move|p2a: Glimmora|Foul Play|p1a: Corviknight
|-damage|p1a: Corviknight|87/100
|-damage|p2a: Glimmora|84/100|[from] item: Rocky Helmet|[of] p1a: Corviknight
|move|p1a: Corviknight|Nasty Plot|p1a: Corviknight
|-boost|p1a: Corviknight|spa|2
|
|upkeep
|turn|16
|
|t:|1760847409
|move|p2a: Glimmora|Foul Play|p1a: Corviknight
|-damage|p1a: Corviknight|73/100
|-damage|p2a: Glimmora|67/100|[from] item: Rocky Helmet|[of] p1a: Corviknight
|move|p1a: Corviknight|Nasty Plot|p1a: Corviknight
|-boost|p1a: Corviknight|spa|2
|
|upkeep
|turn|17
|
|t:|1760847425
|move|p2a: Glimmora|Foul Play|p1a: Corviknight
|-damage|p1a: Corviknight|60/100
|-damage|p2a: Glimmora|51/100|[from] item: Rocky Helmet|[of] p1a: Corviknight
|move|p1a: Corviknight|Flash Cannon|p2a: Glimmora
|-damage|p2a: Glimmora|0 fnt
|replace|p2a: Zoroark|Zoroark-Hisui, M
|-end|p2a: Zoroark|Illusion
|faint|p2a: Zoroark
|
|upkeep
|
|t:|1760847425
|switch|p2a: Glimmora|Glimmora, M|100/100
|turn|18
|
|t:|1760847436
|move|p2a: Glimmora|Reflect|p2a: Glimmora
|-sidestart|p2: HZBKAI2|Reflect
|move|p1a: Corviknight|Flash Cannon|p2a: Glimmora
|-supereffective|p2a: Glimmora
|-damage|p2a: Glimmora|6/100
|
|upkeep
|turn|19
|
|t:|1760847443
|move|p2a: Glimmora|Reflect||[still]
|-fail|p2a: Glimmora
|move|p1a: Corviknight|Flash Cannon|p2a: Glimmora
|-supereffective|p2a: Glimmora
|-damage|p2a: Glimmora|0 fnt
|faint|p2a: Glimmora
|
|win|ethanwayneooo
|raw|ethanwayneooo's rating: 1112 &rarr; <strong>1134</strong><br />(+22 for winning)
|raw|HZBKAI2's rating: 1069 &rarr; <strong>1051</strong><br />(-18 for losing)
|l|☆HZBKAI2
|player|p2|
|l|☆ethanwayneooo
|player|p1|
