|j|☆art of unmoning
|j|☆Ho3nConfirm3d
|t:|1760793647
|gametype|singles
|player|p1|art of unmoning|waiter-gen4dp|1721
|player|p2|Ho3nConfirm3d|#scl5shoguns|1766
|gen|9
|tier|[Gen 9] OU
|rated|
|rule|HP Percentage Mod: HP is shown in percentages
|rule|Endless Battle Clause: Forcing endless battles is banned
|rule|Species Clause: Limit one of each Pokémon
|rule|OHKO Clause: OHKO moves are banned
|rule|Evasion Items Clause: Evasion items are banned
|rule|Evasion Moves Clause: Evasion moves are banned
|rule|Evasion Abilities Clause: Evasion abilities are banned
|rule|Sleep Moves Clause: Sleep-inducing moves are banned
|clearpoke
|poke|p1|Slowking, F|
|poke|p1|Tyranitar, F|
|poke|p1|Excadrill, F|
|poke|p1|Zamazenta-*|
|poke|p1|Corviknight, F|
|poke|p1|Weezing-Galar, M|
|poke|p2|Weezing-Galar, M|
|poke|p2|Hawlucha, F|
|poke|p2|Alomomola, F|
|poke|p2|Iron Treads|
|poke|p2|Dragapult, M|
|poke|p2|Hoopa-Unbound|
|teampreview
|inactive|Battle timer is ON: inactive players will automatically lose when time's up. (requested by art of unmoning)
|c|☆art of unmoning|Hf
|
|t:|1760793666
|teamsize|p1|6
|teamsize|p2|6
|start
|switch|p1a: Weezing|Weezing-Galar, M|100/100
|switch|p2a: Dragapult|Dragapult, M|100/100
|-ability|p1a: Weezing|Neutralizing Gas
|turn|1
|
|t:|1760793672
|-end|p1a: Weezing|ability: Neutralizing Gas
|switch|p1a: Tyranitar|Tyranitar, F|100/100
|-weather|Sandstorm|[from] ability: Sand Stream|[of] p1a: Tyranitar
|move|p2a: Dragapult|Will-O-Wisp|p1a: Tyranitar
|-status|p1a: Tyranitar|brn
|
|-weather|Sandstorm|[upkeep]
|-damage|p2a: Dragapult|95/100|[from] Sandstorm
|-damage|p1a: Tyranitar|94/100 brn|[from] brn
|upkeep
|turn|2
|
|t:|1760793675
|move|p2a: Dragapult|U-turn|p1a: Tyranitar
|-supereffective|p1a: Tyranitar
|-damage|p1a: Tyranitar|69/100 brn
|
|t:|1760793680
|switch|p2a: Iron Treads|Iron Treads|100/100|[from] U-turn
|-item|p2a: Iron Treads|Air Balloon
|move|p1a: Tyranitar|Knock Off|p2a: Iron Treads
|-damage|p2a: Iron Treads|83/100
|-enditem|p2a: Iron Treads|Air Balloon
|
|-weather|Sandstorm|[upkeep]
|-heal|p1a: Tyranitar|75/100 brn|[from] item: Leftovers
|-damage|p1a: Tyranitar|69/100 brn|[from] brn
|upkeep
|turn|3
|
|t:|1760793686
|switch|p1a: Corviknight|Corviknight, F|100/100
|-ability|p1a: Corviknight|Pressure
|move|p2a: Iron Treads|Stealth Rock|p1a: Corviknight
|-sidestart|p1: art of unmoning|move: Stealth Rock
|
|-weather|Sandstorm|[upkeep]
|upkeep
|turn|4
|
|t:|1760793696
|move|p2a: Iron Treads|Knock Off|p1a: Corviknight
|-damage|p1a: Corviknight|83/100
|-enditem|p1a: Corviknight|Leftovers|[from] move: Knock Off|[of] p2a: Iron Treads
|move|p1a: Corviknight|Body Press|p2a: Iron Treads
|-supereffective|p2a: Iron Treads
|-damage|p2a: Iron Treads|40/100
|
|-weather|Sandstorm|[upkeep]
|upkeep
|turn|5
|
|t:|1760793701
|-end|p2a: Iron Treads|Quark Drive|[silent]
|switch|p2a: Alomomola|Alomomola, F|100/100
|switch|p1a: Weezing|Weezing-Galar, M|100/100
|-ability|p1a: Weezing|Neutralizing Gas
|
|-weather|none
|upkeep
|turn|6
|
|t:|1760793706
|move|p1a: Weezing|Will-O-Wisp|p2a: Alomomola|[miss]
|-miss|p1a: Weezing|p2a: Alomomola
|move|p2a: Alomomola|Flip Turn|p1a: Weezing
|-damage|p1a: Weezing|91/100
|
|t:|1760793708
|switch|p2a: Hoopa|Hoopa-Unbound|100/100|[from] Flip Turn
|
|upkeep
|turn|7
|
|t:|1760793716
|switch|p2a: Dragapult|Dragapult, M|95/100
|-end|p1a: Weezing|ability: Neutralizing Gas
|switch|p1a: Tyranitar|Tyranitar, F|69/100 brn
|-damage|p1a: Tyranitar|56/100 brn|[from] Stealth Rock
|-weather|Sandstorm|[from] ability: Sand Stream|[of] p1a: Tyranitar
|
|-weather|Sandstorm|[upkeep]
|-damage|p2a: Dragapult|89/100|[from] Sandstorm
|-heal|p1a: Tyranitar|62/100 brn|[from] item: Leftovers
|-damage|p1a: Tyranitar|56/100 brn|[from] brn
|upkeep
|turn|8
|
|t:|1760793724
|switch|p1a: Weezing|Weezing-Galar, M|91/100
|-ability|p1a: Weezing|Neutralizing Gas
|move|p2a: Dragapult|U-turn|p1a: Weezing
|-resisted|p1a: Weezing
|-damage|p1a: Weezing|88/100
|
|t:|1760793727
|switch|p2a: Hoopa|Hoopa-Unbound|100/100|[from] U-turn
|
|-weather|Sandstorm|[upkeep]
|-damage|p2a: Hoopa|95/100|[from] Sandstorm
|-damage|p1a: Weezing|82/100|[from] Sandstorm
|upkeep
|turn|9
|
|t:|1760793734
|-end|p1a: Weezing|ability: Neutralizing Gas
|switch|p1a: Tyranitar|Tyranitar, F|56/100 brn
|-damage|p1a: Tyranitar|44/100 brn|[from] Stealth Rock
|move|p2a: Hoopa|Hyperspace Fury|p1a: Tyranitar
|-resisted|p1a: Tyranitar
|-damage|p1a: Tyranitar|21/100 brn
|-unboost|p2a: Hoopa|def|1
|
|-weather|Sandstorm|[upkeep]
|-damage|p2a: Hoopa|89/100|[from] Sandstorm
|-heal|p1a: Tyranitar|27/100 brn|[from] item: Leftovers
|-damage|p1a: Tyranitar|21/100 brn|[from] brn
|upkeep
|turn|10
|
|t:|1760793746
|switch|p1a: Weezing|Weezing-Galar, M|82/100
|-ability|p1a: Weezing|Neutralizing Gas
|move|p2a: Hoopa|Hyperspace Fury|p1a: Weezing
|-resisted|p1a: Weezing
|-damage|p1a: Weezing|61/100
|-unboost|p2a: Hoopa|def|1
|
|-weather|Sandstorm|[upkeep]
|-damage|p2a: Hoopa|83/100|[from] Sandstorm
|-damage|p1a: Weezing|55/100|[from] Sandstorm
|upkeep
|turn|11
|
|t:|1760793750
|switch|p2a: Iron Treads|Iron Treads|40/100
|move|p1a: Weezing|Defog|p2a: Iron Treads
|-unboost|p2a: Iron Treads|evasion|1
|-sideend|p1: art of unmoning|Stealth Rock|[from] move: Defog|[of] p1a: Weezing
|
|-weather|none
|upkeep
|turn|12
|
|t:|1760793762
|-end|p1a: Weezing|ability: Neutralizing Gas
|switch|p1a: Corviknight|Corviknight, F|83/100
|-ability|p1a: Corviknight|Pressure
|move|p2a: Iron Treads|Earthquake|p1a: Corviknight
|-immune|p1a: Corviknight
|
|upkeep
|turn|13
|
|t:|1760793766
|move|p2a: Iron Treads|Stealth Rock|p1a: Corviknight
|-sidestart|p1: art of unmoning|move: Stealth Rock
|move|p1a: Corviknight|Body Press|p2a: Iron Treads
|-supereffective|p2a: Iron Treads
|-damage|p2a: Iron Treads|0 fnt
|faint|p2a: Iron Treads
|-end|p2a: Iron Treads|Quark Drive|[silent]
|
|upkeep
|
|t:|1760793772
|switch|p2a: Hawlucha|Hawlucha, F|100/100
|turn|14
|
|t:|1760793776
|switch|p1a: Slowking|Slowking, F|100/100
|-damage|p1a: Slowking|88/100|[from] Stealth Rock
|move|p2a: Hawlucha|Swords Dance|p2a: Hawlucha
|-boost|p2a: Hawlucha|atk|2
|
|upkeep
|turn|15
|
|t:|1760793780
|move|p2a: Hawlucha|Close Combat|p1a: Slowking
|-resisted|p1a: Slowking
|-damage|p1a: Slowking|42/100
|-unboost|p2a: Hawlucha|def|1
|-unboost|p2a: Hawlucha|spd|1
|-enditem|p2a: Hawlucha|White Herb
|-clearnegativeboost|p2a: Hawlucha|[silent]
|move|p1a: Slowking|Psychic Noise|p2a: Hawlucha
|-supereffective|p2a: Hawlucha
|-damage|p2a: Hawlucha|3/100
|-start|p2a: Hawlucha|move: Heal Block
|
|upkeep
|turn|16
|
|t:|1760793787
|switch|p1a: Tyranitar|Tyranitar, F|21/100 brn
|-damage|p1a: Tyranitar|8/100 brn|[from] Stealth Rock
|-weather|Sandstorm|[from] ability: Sand Stream|[of] p1a: Tyranitar
|move|p2a: Hawlucha|Acrobatics|p1a: Tyranitar
|-resisted|p1a: Tyranitar
|-damage|p1a: Tyranitar|0 fnt
|faint|p1a: Tyranitar
|
|-weather|Sandstorm|[upkeep]
|-damage|p2a: Hawlucha|0 fnt|[from] Sandstorm
|faint|p2a: Hawlucha
|upkeep
|
|t:|1760793797
|switch|p2a: Alomomola|Alomomola, F|100/100
|switch|p1a: Weezing|Weezing-Galar, M|55/100
|-ability|p1a: Weezing|Neutralizing Gas
|turn|17
|
|t:|1760793800
|move|p1a: Weezing|Pain Split|p2a: Alomomola
|-sethp|p2a: Alomomola|70/100|[from] move: Pain Split|[silent]
|-sethp|p1a: Weezing|99/100|[from] move: Pain Split
|move|p2a: Alomomola|Flip Turn|p1a: Weezing
|-damage|p1a: Weezing|88/100
|
|t:|1760793801
|switch|p2a: Hoopa|Hoopa-Unbound|83/100|[from] Flip Turn
|
|-weather|Sandstorm|[upkeep]
|-damage|p2a: Hoopa|77/100|[from] Sandstorm
|-damage|p1a: Weezing|82/100|[from] Sandstorm
|upkeep
|turn|18
|
|t:|1760793808
|-end|p1a: Weezing|ability: Neutralizing Gas
|switch|p1a: Slowking|Slowking, F|75/100
|-damage|p1a: Slowking|63/100|[from] Stealth Rock
|move|p2a: Hoopa|Psychic Noise|p1a: Slowking
|-resisted|p1a: Slowking
|-damage|p1a: Slowking|53/100
|-start|p1a: Slowking|move: Heal Block
|
|-weather|Sandstorm|[upkeep]
|-damage|p2a: Hoopa|71/100|[from] Sandstorm
|-damage|p1a: Slowking|47/100|[from] Sandstorm
|upkeep
|turn|19
|
|t:|1760793813
|move|p2a: Hoopa|Psychic Noise|p1a: Slowking
|-resisted|p1a: Slowking
|-damage|p1a: Slowking|37/100
|move|p1a: Slowking|Future Sight|p2a: Hoopa
|-start|p1a: Slowking|move: Future Sight
|
|-weather|Sandstorm|[upkeep]
|-damage|p2a: Hoopa|65/100|[from] Sandstorm
|-damage|p1a: Slowking|31/100|[from] Sandstorm
|-end|p1a: Slowking|move: Heal Block
|upkeep
|turn|20
|
|t:|1760793817
|move|p2a: Hoopa|Psychic Noise|p1a: Slowking
|-resisted|p1a: Slowking
|-damage|p1a: Slowking|20/100
|-start|p1a: Slowking|move: Heal Block
|move|p1a: Slowking|Scald|p2a: Hoopa
|-damage|p2a: Hoopa|32/100
|
|-weather|none
|upkeep
|turn|21
|
|t:|1760793827
|move|p2a: Hoopa|Psychic Noise|p1a: Slowking
|-resisted|p1a: Slowking
|-damage|p1a: Slowking|9/100
|move|p1a: Slowking|Scald|p2a: Hoopa
|-damage|p2a: Hoopa|1/100
|
|-end|p2a: Hoopa|move: Future Sight
|-immune|p2a: Hoopa
|-end|p1a: Slowking|move: Heal Block
|upkeep
|turn|22
|
|t:|1760793833
|switch|p1a: Excadrill|Excadrill, F|100/100
|-damage|p1a: Excadrill|98/100|[from] Stealth Rock
|move|p2a: Hoopa|Psychic Noise|p1a: Excadrill
|-resisted|p1a: Excadrill
|-damage|p1a: Excadrill|76/100
|-start|p1a: Excadrill|move: Heal Block
|
|upkeep
|turn|23
|
|t:|1760793837
|switch|p2a: Weezing|Weezing-Galar, M|100/100
|-ability|p2a: Weezing|Neutralizing Gas
|move|p1a: Excadrill|Earthquake|p2a: Weezing
|-supereffective|p2a: Weezing
|-damage|p2a: Weezing|32/100
|
|-end|p1a: Excadrill|move: Heal Block
|upkeep
|turn|24
|
|t:|1760793845
|switch|p1a: Weezing|Weezing-Galar, M|82/100
|-ability|p1a: Weezing|Neutralizing Gas
|move|p2a: Weezing|Will-O-Wisp|p1a: Weezing
|-status|p1a: Weezing|brn
|
|-damage|p1a: Weezing|76/100 brn|[from] brn
|upkeep
|turn|25
|
|t:|1760793848
|move|p1a: Weezing|Defog|p2a: Weezing
|-unboost|p2a: Weezing|evasion|1
|-sideend|p1: art of unmoning|Stealth Rock|[from] move: Defog|[of] p1a: Weezing
|move|p2a: Weezing|Pain Split|p1a: Weezing
|-sethp|p1a: Weezing|54/100 brn|[from] move: Pain Split|[silent]
|-sethp|p2a: Weezing|54/100|[from] move: Pain Split
|
|-damage|p1a: Weezing|48/100 brn|[from] brn
|upkeep
|turn|26
|
|t:|1760793853
|move|p1a: Weezing|Sludge Bomb|p2a: Weezing
|-damage|p2a: Weezing|14/100
|move|p2a: Weezing|Sludge Bomb|p1a: Weezing
|-crit|p1a: Weezing
|-damage|p1a: Weezing|0 fnt
|faint|p1a: Weezing
|
|upkeep
|
|t:|1760793863
|switch|p1a: Excadrill|Excadrill, F|76/100
|turn|27
|
|t:|1760793869
|-end|p2a: Weezing|ability: Neutralizing Gas
|switch|p2a: Dragapult|Dragapult, M|89/100
|move|p1a: Excadrill|Earthquake|p2a: Dragapult
|-damage|p2a: Dragapult|20/100
|
|-heal|p1a: Excadrill|83/100|[from] item: Leftovers
|upkeep
|turn|28
|
|t:|1760793876
|switch|p1a: Slowking|Slowking, F|42/100
|move|p2a: Dragapult|Will-O-Wisp|p1a: Slowking
|-status|p1a: Slowking|brn
|
|-damage|p1a: Slowking|36/100 brn|[from] brn
|upkeep
|turn|29
|
|t:|1760793879
|switch|p2a: Weezing|Weezing-Galar, M|14/100
|-ability|p2a: Weezing|Neutralizing Gas
|switch|p1a: Corviknight|Corviknight, F|83/100
|
|upkeep
|turn|30
|
|t:|1760793885
|switch|p1a: Slowking|Slowking, F|36/100 brn
|move|p2a: Weezing|Pain Split|p1a: Slowking
|-sethp|p1a: Slowking|24/100 brn|[from] move: Pain Split|[silent]
|-sethp|p2a: Weezing|28/100|[from] move: Pain Split
|
|-damage|p1a: Slowking|18/100 brn|[from] brn
|upkeep
|turn|31
|
|t:|1760793891
|move|p2a: Weezing|Sludge Bomb|p1a: Slowking
|-damage|p1a: Slowking|5/100 brn
|move|p1a: Slowking|Scald|p2a: Weezing
|-damage|p2a: Weezing|0 fnt
|faint|p2a: Weezing
|-end|p2a: Weezing|ability: Neutralizing Gas
|
|-damage|p1a: Slowking|0 fnt|[from] brn
|faint|p1a: Slowking
|upkeep
|
|t:|1760793899
|switch|p2a: Dragapult|Dragapult, M|20/100
|switch|p1a: Excadrill|Excadrill, F|83/100
|turn|32
|
|t:|1760793903
|move|p2a: Dragapult|Will-O-Wisp|p1a: Excadrill
|-status|p1a: Excadrill|brn
|move|p1a: Excadrill|Earthquake|p2a: Dragapult
|-damage|p2a: Dragapult|0 fnt
|faint|p2a: Dragapult
|
|-heal|p1a: Excadrill|89/100 brn|[from] item: Leftovers
|-damage|p1a: Excadrill|83/100 brn|[from] brn
|upkeep
|
|t:|1760793904
|switch|p2a: Alomomola|Alomomola, F|70/100
|turn|33
|
|t:|1760793910
|move|p1a: Excadrill|Swords Dance|p1a: Excadrill
|-boost|p1a: Excadrill|atk|2
|move|p2a: Alomomola|Flip Turn|p1a: Excadrill
|-supereffective|p1a: Excadrill
|-crit|p1a: Excadrill
|-damage|p1a: Excadrill|14/100 brn
|
|t:|1760793911
|switch|p2a: Hoopa|Hoopa-Unbound|1/100|[from] Flip Turn
|
|-heal|p1a: Excadrill|20/100 brn|[from] item: Leftovers
|-damage|p1a: Excadrill|14/100 brn|[from] brn
|upkeep
|turn|34
|
|t:|1760793914
|switch|p2a: Alomomola|Alomomola, F|100/100
|move|p1a: Excadrill|Rapid Spin|p2a: Alomomola
|-damage|p2a: Alomomola|90/100
|-boost|p1a: Excadrill|spe|1
|
|-heal|p1a: Excadrill|20/100 brn|[from] item: Leftovers
|-damage|p1a: Excadrill|14/100 brn|[from] brn
|upkeep
|turn|35
|
|t:|1760793924
|move|p1a: Excadrill|Earthquake|p2a: Alomomola
|-damage|p2a: Alomomola|60/100
|move|p2a: Alomomola|Scald|p1a: Excadrill
|-supereffective|p1a: Excadrill
|-damage|p1a: Excadrill|0 fnt
|faint|p1a: Excadrill
|
|upkeep
|
|t:|1760793926
|switch|p1a: Corviknight|Corviknight, F|83/100
|-ability|p1a: Corviknight|Pressure
|turn|36
|
|t:|1760793935
|move|p1a: Corviknight|Iron Defense|p1a: Corviknight
|-boost|p1a: Corviknight|def|2
|move|p2a: Alomomola|Scald|p1a: Corviknight
|-damage|p1a: Corviknight|68/100
|
|upkeep
|turn|37
|
|t:|1760793938
|move|p1a: Corviknight|Iron Defense|p1a: Corviknight
|-boost|p1a: Corviknight|def|2
|move|p2a: Alomomola|Scald|p1a: Corviknight
|-damage|p1a: Corviknight|54/100
|
|upkeep
|turn|38
|
|t:|1760793940
|move|p1a: Corviknight|Body Press|p2a: Alomomola
|-damage|p2a: Alomomola|7/100
|move|p2a: Alomomola|Scald|p1a: Corviknight
|-damage|p1a: Corviknight|41/100
|
|upkeep
|turn|39
|
|t:|1760793944
|move|p1a: Corviknight|Roost|p1a: Corviknight
|-heal|p1a: Corviknight|91/100
|-singleturn|p1a: Corviknight|move: Roost
|move|p2a: Alomomola|Flip Turn|p1a: Corviknight
|-damage|p1a: Corviknight|87/100
|
|t:|1760793945
|switch|p2a: Hoopa|Hoopa-Unbound|1/100|[from] Flip Turn
|
|upkeep
|turn|40
|
|t:|1760793955
|-terastallize|p1a: Corviknight|Dragon
|move|p2a: Hoopa|Trick|p1a: Corviknight
|-activate|p2a: Hoopa|move: Trick|[of] p1a: Corviknight
|-item|p1a: Corviknight|Choice Scarf|[from] move: Trick
|-enditem|p2a: Hoopa|Choice Scarf|[silent]|[from] move: Trick
|move|p1a: Corviknight|Body Press|p2a: Hoopa
|-damage|p2a: Hoopa|0 fnt
|faint|p2a: Hoopa
|
|upkeep
|-message|Ho3nConfirm3d forfeited.
|
|win|art of unmoning
|raw|art of unmoning's rating: 1721 &rarr; <strong>1744</strong><br />(+23 for winning)
|raw|Ho3nConfirm3d's rating: 1766 &rarr; <strong>1743</strong><br />(-23 for losing)
|c|☆art of unmoning|Gg
|l|☆art of unmoning
|player|p1|
