|j|☆ThatFroot
|j|☆oPistyl
|t:|1760826155
|gametype|singles
|player|p1|ThatFroot|red|1206
|player|p2|oPistyl|n|1221
|gen|9
|tier|[Gen 9] OU
|rated|
|rule|HP Percentage Mod: HP is shown in percentages
|rule|Endless Battle Clause: Forcing endless battles is banned
|rule|Species Clause: Limit one of each Pokémon
|rule|OHKO Clause: OHKO moves are banned
|rule|Evasion Items Clause: Evasion items are banned
|rule|Evasion Moves Clause: Evasion moves are banned
|rule|Evasion Abilities Clause: Evasion abilities are banned
|rule|Sleep Moves Clause: Sleep-inducing moves are banned
|clearpoke
|poke|p1|Greninja-*, M|
|poke|p1|Salamence, M|
|poke|p1|Excadrill, F|
|poke|p1|Galvantula, F|
|poke|p1|Grimmsnarl, M|
|poke|p1|Magmortar, M|
|poke|p2|Clodsire, F|
|poke|p2|Dondozo, F|
|poke|p2|Alomomola, M|
|poke|p2|Talonflame, M|
|poke|p2|Toxapex, M|
|poke|p2|Blissey, F|
|teampreview
|
|t:|1760826163
|teamsize|p1|6
|teamsize|p2|6
|start
|switch|p1a: Galvantula|Galvantula, F|100/100
|switch|p2a: Toxapex|Toxapex, M|100/100
|turn|1
|inactive|Battle timer is ON: inactive players will automatically lose when time's up. (requested by oPistyl)
|
|t:|1760826168
|move|p1a: Galvantula|Sticky Web|p2a: Toxapex
|-sidestart|p2: oPistyl|move: Sticky Web
|move|p2a: Toxapex|Toxic|p1a: Galvantula
|-status|p1a: Galvantula|tox
|
|-damage|p1a: Galvantula|94/100 tox|[from] psn
|upkeep
|turn|2
|
|t:|1760826176
|switch|p1a: Excadrill|Excadrill, F|100/100
|-ability|p1a: Excadrill|Mold Breaker
|-item|p1a: Excadrill|Air Balloon
|move|p2a: Toxapex|Infestation|p1a: Excadrill
|-resisted|p1a: Excadrill
|-damage|p1a: Excadrill|99/100
|-activate|p1a: Excadrill|move: Infestation|[of] p2a: Toxapex
|-enditem|p1a: Excadrill|Air Balloon
|
|-damage|p1a: Excadrill|86/100|[from] move: Infestation|[partiallytrapped]
|upkeep
|turn|3
|
|t:|1760826186
|switch|p2a: Talonflame|Talonflame, M|100/100
|move|p1a: Excadrill|Rock Slide|p2a: Talonflame
|-supereffective|p2a: Talonflame
|-crit|p2a: Talonflame
|-damage|p2a: Talonflame|0 fnt
|faint|p2a: Talonflame
|
|-end|p1a: Excadrill|Infestation|[partiallytrapped]|[silent]
|upkeep
|
|t:|1760826196
|switch|p2a: Alomomola|Alomomola, M|100/100
|turn|4
|
|t:|1760826200
|switch|p1a: Salamence|Salamence, M|100/100
|-ability|p1a: Salamence|Intimidate|boost
|-unboost|p2a: Alomomola|atk|1
|move|p2a: Alomomola|Chilling Water|p1a: Salamence
|-resisted|p1a: Salamence
|-damage|p1a: Salamence|95/100
|-unboost|p1a: Salamence|atk|1
|
|upkeep
|turn|5
|
|t:|1760826216
|move|p2a: Alomomola|Whirlpool|p1a: Salamence
|-resisted|p1a: Salamence
|-damage|p1a: Salamence|91/100
|-activate|p1a: Salamence|move: Whirlpool|[of] p2a: Alomomola
|move|p1a: Salamence|Roar|p2a: Alomomola
|-enditem|p1a: Salamence|Throat Spray
|-boost|p1a: Salamence|spa|1|[from] item: Throat Spray
|drag|p2a: Toxapex|Toxapex, M|100/100
|
|-end|p1a: Salamence|Whirlpool|[partiallytrapped]|[silent]
|upkeep
|turn|6
|
|t:|1760826225
|move|p1a: Salamence|Dragon Pulse|p2a: Toxapex
|-damage|p2a: Toxapex|56/100
|move|p2a: Toxapex|Toxic|p1a: Salamence
|-status|p1a: Salamence|tox
|
|-damage|p1a: Salamence|85/100 tox|[from] psn
|upkeep
|turn|7
|
|t:|1760826232
|switch|p2a: Blissey|Blissey, F|100/100
|move|p1a: Salamence|Air Slash|p2a: Blissey
|-damage|p2a: Blissey|87/100
|
|-damage|p1a: Salamence|73/100 tox|[from] psn
|upkeep
|turn|8
|
|t:|1760826239
|switch|p1a: Galvantula|Galvantula, F|94/100 tox
|move|p2a: Blissey|Seismic Toss|p1a: Galvantula
|-damage|p1a: Galvantula|59/100 tox
|
|-damage|p1a: Galvantula|53/100 tox|[from] psn
|upkeep
|turn|9
|
|t:|1760826246
|move|p1a: Galvantula|Volt Switch|p2a: Blissey
|-damage|p2a: Blissey|78/100
|
|t:|1760826250
|switch|p1a: Excadrill|Excadrill, F|86/100|[from] Volt Switch
|-ability|p1a: Excadrill|Mold Breaker
|move|p2a: Blissey|Stealth Rock|p1a: Excadrill
|-sidestart|p1: ThatFroot|move: Stealth Rock
|
|upkeep
|turn|10
|
|t:|1760826262
|switch|p2a: Alomomola|Alomomola, M|100/100
|move|p1a: Excadrill|Rapid Spin|p2a: Alomomola
|-damage|p2a: Alomomola|91/100
|-boost|p1a: Excadrill|spe|1
|-sideend|p1: ThatFroot|Stealth Rock|[from] move: Rapid Spin|[of] p1a: Excadrill
|
|upkeep
|turn|11
|
|t:|1760826268
|move|p1a: Excadrill|Earthquake|p2a: Alomomola
|-damage|p2a: Alomomola|64/100
|move|p2a: Alomomola|Wish|p2a: Alomomola
|
|upkeep
|turn|12
|
|t:|1760826276
|switch|p1a: Grimmsnarl|Grimmsnarl, M|100/100
|move|p2a: Alomomola|Chilling Water|p1a: Grimmsnarl
|-damage|p1a: Grimmsnarl|91/100
|-unboost|p1a: Grimmsnarl|atk|1
|
|-heal|p2a: Alomomola|100/100|[from] move: Wish|[wisher] Alomomola
|upkeep
|turn|13
|
|t:|1760826285
|switch|p2a: Toxapex|Toxapex, M|89/100
|move|p1a: Grimmsnarl|Reflect|p1a: Grimmsnarl
|-sidestart|p1: ThatFroot|Reflect
|
|upkeep
|turn|14
|
|t:|1760826290
|move|p1a: Grimmsnarl|Light Screen|p1a: Grimmsnarl
|-sidestart|p1: ThatFroot|move: Light Screen
|move|p2a: Toxapex|Toxic|p1a: Grimmsnarl
|-status|p1a: Grimmsnarl|tox
|
|-damage|p1a: Grimmsnarl|85/100 tox|[from] psn
|upkeep
|turn|15
|
|t:|1760826296
|switch|p1a: Magmortar|Magmortar, M|100/100
|move|p2a: Toxapex|Infestation|p1a: Magmortar
|-resisted|p1a: Magmortar
|-damage|p1a: Magmortar|99/100
|-activate|p1a: Magmortar|move: Infestation|[of] p2a: Toxapex
|
|-damage|p1a: Magmortar|87/100|[from] move: Infestation|[partiallytrapped]
|upkeep
|turn|16
|
|t:|1760826303
|move|p1a: Magmortar|Psychic|p2a: Toxapex
|-supereffective|p2a: Toxapex
|-damage|p2a: Toxapex|38/100
|move|p2a: Toxapex|Toxic|p1a: Magmortar
|-status|p1a: Magmortar|tox
|
|-damage|p1a: Magmortar|81/100 tox|[from] psn
|-damage|p1a: Magmortar|69/100 tox|[from] move: Infestation|[partiallytrapped]
|upkeep
|turn|17
|
|t:|1760826313
|switch|p2a: Blissey|Blissey, F|78/100
|move|p1a: Magmortar|Psychic|p2a: Blissey
|-damage|p2a: Blissey|69/100
|-unboost|p2a: Blissey|spd|1
|
|-damage|p1a: Magmortar|57/100 tox|[from] psn
|-end|p1a: Magmortar|Infestation|[partiallytrapped]|[silent]
|upkeep
|turn|18
|
|t:|1760826323
|move|p1a: Magmortar|Thunderbolt|p2a: Blissey
|-damage|p2a: Blissey|56/100
|move|p2a: Blissey|Soft-Boiled|p2a: Blissey
|-heal|p2a: Blissey|100/100
|
|-damage|p1a: Magmortar|38/100 tox|[from] psn
|upkeep
|turn|19
|
|t:|1760826330
|switch|p1a: Excadrill|Excadrill, F|86/100
|-ability|p1a: Excadrill|Mold Breaker
|move|p2a: Blissey|Seismic Toss|p1a: Excadrill
|-damage|p1a: Excadrill|59/100
|
|upkeep
|turn|20
|
|t:|1760826339
|switch|p2a: Alomomola|Alomomola, M|100/100
|-terastallize|p1a: Excadrill|Ghost
|move|p1a: Excadrill|Earthquake|p2a: Alomomola
|-damage|p2a: Alomomola|70/100
|
|-sideend|p1: ThatFroot|Reflect
|upkeep
|turn|21
|
|t:|1760826346
|move|p2a: Alomomola|Protect|p2a: Alomomola
|-singleturn|p2a: Alomomola|Protect
|move|p1a: Excadrill|Iron Head|p2a: Alomomola
|-activate|p2a: Alomomola|move: Protect
|
|-sideend|p1: ThatFroot|move: Light Screen
|upkeep
|turn|22
|
|t:|1760826358
|move|p1a: Excadrill|Iron Head|p2a: Alomomola
|-resisted|p2a: Alomomola
|-damage|p2a: Alomomola|59/100
|cant|p2a: Alomomola|flinch
|
|upkeep
|turn|23
|
|t:|1760826363
|move|p1a: Excadrill|Earthquake|p2a: Alomomola
|-damage|p2a: Alomomola|30/100
|move|p2a: Alomomola|Wish|p2a: Alomomola
|
|upkeep
|turn|24
|
|t:|1760826368
|move|p2a: Alomomola|Protect|p2a: Alomomola
|-singleturn|p2a: Alomomola|Protect
|move|p1a: Excadrill|Earthquake|p2a: Alomomola
|-activate|p2a: Alomomola|move: Protect
|
|-heal|p2a: Alomomola|80/100|[from] move: Wish|[wisher] Alomomola
|upkeep
|turn|25
|
|t:|1760826375
|move|p1a: Excadrill|Earthquake|p2a: Alomomola
|-damage|p2a: Alomomola|52/100
|move|p2a: Alomomola|Whirlpool|p1a: Excadrill
|-damage|p1a: Excadrill|51/100
|-activate|p1a: Excadrill|move: Whirlpool|[of] p2a: Alomomola
|
|-damage|p1a: Excadrill|38/100|[from] move: Whirlpool|[partiallytrapped]
|upkeep
|turn|26
|
|t:|1760826383
|switch|p1a: Galvantula|Galvantula, F|53/100 tox
|move|p2a: Alomomola|Wish|p2a: Alomomola
|
|-damage|p1a: Galvantula|47/100 tox|[from] psn
|upkeep
|turn|27
|
|t:|1760826390
|move|p2a: Alomomola|Protect|p2a: Alomomola
|-singleturn|p2a: Alomomola|Protect
|move|p1a: Galvantula|Bug Buzz|p2a: Alomomola
|-activate|p2a: Alomomola|move: Protect
|
|-heal|p2a: Alomomola|100/100|[from] move: Wish|[wisher] Alomomola
|-damage|p1a: Galvantula|35/100 tox|[from] psn
|upkeep
|turn|28
|
|t:|1760826398
|switch|p2a: Blissey|Blissey, F|100/100
|move|p1a: Galvantula|Thunder|p2a: Blissey|[miss]
|-miss|p1a: Galvantula|p2a: Blissey
|
|-damage|p1a: Galvantula|17/100 tox|[from] psn
|upkeep
|turn|29
|
|t:|1760826409
|switch|p1a: Salamence|Salamence, M|73/100 tox
|-ability|p1a: Salamence|Intimidate|boost
|-unboost|p2a: Blissey|atk|1
|move|p2a: Blissey|Seismic Toss|p1a: Salamence
|-damage|p1a: Salamence|42/100 tox
|
|-damage|p1a: Salamence|36/100 tox|[from] psn
|upkeep
|turn|30
|
|t:|1760826419
|move|p2a: Blissey|Seismic Toss|p1a: Salamence
|-damage|p1a: Salamence|6/100 tox
|move|p1a: Salamence|Roar|p2a: Blissey
|drag|p2a: Alomomola|Alomomola, M|100/100
|
|-damage|p1a: Salamence|0 fnt|[from] psn
|faint|p1a: Salamence
|upkeep
|
|t:|1760826429
|switch|p1a: Greninja|Greninja, M|100/100
|turn|31
|
|t:|1760826436
|move|p2a: Alomomola|Protect|p2a: Alomomola
|-singleturn|p2a: Alomomola|Protect
|move|p1a: Greninja|Dark Pulse|p2a: Alomomola
|-activate|p2a: Alomomola|move: Protect
|
|upkeep
|turn|32
|
|t:|1760826446
|switch|p2a: Blissey|Blissey, F|100/100
|move|p1a: Greninja|Dark Pulse|p2a: Blissey
|-damage|p2a: Blissey|86/100
|-damage|p1a: Greninja|91/100|[from] item: Life Orb
|
|upkeep
|turn|33
|
|t:|1760826460
|switch|p1a: Excadrill|Excadrill, F, tera:Ghost|38/100
|-ability|p1a: Excadrill|Mold Breaker
|move|p2a: Blissey|Stealth Rock|p1a: Excadrill
|-sidestart|p1: ThatFroot|move: Stealth Rock
|
|upkeep
|turn|34
|
|t:|1760826469
|switch|p2a: Alomomola|Alomomola, M|100/100
|move|p1a: Excadrill|Rapid Spin|p2a: Alomomola
|-damage|p2a: Alomomola|90/100
|-boost|p1a: Excadrill|spe|1
|-sideend|p1: ThatFroot|Stealth Rock|[from] move: Rapid Spin|[of] p1a: Excadrill
|
|upkeep
|turn|35
|
|t:|1760826478
|move|p1a: Excadrill|Iron Head|p2a: Alomomola
|-resisted|p2a: Alomomola
|-damage|p2a: Alomomola|80/100
|move|p2a: Alomomola|Whirlpool|p1a: Excadrill|[miss]
|-miss|p2a: Alomomola|p1a: Excadrill
|
|upkeep
|turn|36
|
|t:|1760826484
|move|p1a: Excadrill|Iron Head|p2a: Alomomola
|-resisted|p2a: Alomomola
|-damage|p2a: Alomomola|67/100
|move|p2a: Alomomola|Whirlpool|p1a: Excadrill|[miss]
|-miss|p2a: Alomomola|p1a: Excadrill
|
|upkeep
|turn|37
|
|t:|1760826490
|move|p1a: Excadrill|Iron Head|p2a: Alomomola
|-resisted|p2a: Alomomola
|-damage|p2a: Alomomola|57/100
|move|p2a: Alomomola|Whirlpool|p1a: Excadrill
|-damage|p1a: Excadrill|30/100
|-activate|p1a: Excadrill|move: Whirlpool|[of] p2a: Alomomola
|
|-damage|p1a: Excadrill|18/100|[from] move: Whirlpool|[partiallytrapped]
|upkeep
|turn|38
|
|t:|1760826498
|move|p2a: Alomomola|Protect|p2a: Alomomola
|-singleturn|p2a: Alomomola|Protect
|move|p1a: Excadrill|Earthquake|p2a: Alomomola
|-activate|p2a: Alomomola|move: Protect
|
|-damage|p1a: Excadrill|5/100|[from] move: Whirlpool|[partiallytrapped]
|upkeep
|turn|39
|
|t:|1760826509
|switch|p1a: Magmortar|Magmortar, M|38/100 tox
|move|p2a: Alomomola|Wish|p2a: Alomomola
|
|-damage|p1a: Magmortar|32/100 tox|[from] psn
|upkeep
|turn|40
|
|t:|1760826526
|move|p2a: Alomomola|Protect|p2a: Alomomola
|-singleturn|p2a: Alomomola|Protect
|move|p1a: Magmortar|Thunderbolt|p2a: Alomomola
|-activate|p2a: Alomomola|move: Protect
|
|-heal|p2a: Alomomola|100/100|[from] move: Wish|[wisher] Alomomola
|-damage|p1a: Magmortar|19/100 tox|[from] psn
|upkeep
|turn|41
|
|t:|1760826534
|switch|p2a: Blissey|Blissey, F|86/100
|move|p1a: Magmortar|Solar Beam||[still]
|-prepare|p1a: Magmortar|Solar Beam
|-enditem|p1a: Magmortar|Power Herb
|-anim|p1a: Magmortar|Solar Beam|p2a: Blissey
|-damage|p2a: Blissey|74/100
|
|-damage|p1a: Magmortar|1/100 tox|[from] psn
|upkeep
|turn|42
|
|t:|1760826547
|move|p1a: Magmortar|Thunderbolt|p2a: Blissey
|-damage|p2a: Blissey|65/100
|move|p2a: Blissey|Seismic Toss|p1a: Magmortar
|-damage|p1a: Magmortar|0 fnt
|faint|p1a: Magmortar
|
|upkeep
|
|t:|1760826559
|switch|p1a: Galvantula|Galvantula, F|17/100 tox
|turn|43
|
|t:|1760826567
|move|p1a: Galvantula|Thunder|p2a: Blissey
|-damage|p2a: Blissey|52/100
|move|p2a: Blissey|Soft-Boiled|p2a: Blissey
|-heal|p2a: Blissey|100/100
|
|-damage|p1a: Galvantula|10/100 tox|[from] psn
|upkeep
|turn|44
|
|t:|1760826574
|move|p1a: Galvantula|Volt Switch|p2a: Blissey
|-damage|p2a: Blissey|92/100
|
|t:|1760826585
|switch|p1a: Excadrill|Excadrill, F, tera:Ghost|5/100|[from] Volt Switch
|-ability|p1a: Excadrill|Mold Breaker
|move|p2a: Blissey|Stealth Rock|p1a: Excadrill
|-sidestart|p1: ThatFroot|move: Stealth Rock
|
|upkeep
|turn|45
|
|t:|1760826592
|switch|p2a: Alomomola|Alomomola, M|100/100
|move|p1a: Excadrill|Earthquake|p2a: Alomomola
|-damage|p2a: Alomomola|73/100
|
|upkeep
|turn|46
|
|t:|1760826600
|move|p1a: Excadrill|Rapid Spin|p2a: Alomomola
|-damage|p2a: Alomomola|63/100
|-boost|p1a: Excadrill|spe|1
|-sideend|p1: ThatFroot|Stealth Rock|[from] move: Rapid Spin|[of] p1a: Excadrill
|move|p2a: Alomomola|Chilling Water|p1a: Excadrill
|-damage|p1a: Excadrill|0 fnt
|faint|p1a: Excadrill
|
|upkeep
|
|t:|1760826608
|switch|p1a: Grimmsnarl|Grimmsnarl, M|85/100 tox
|turn|47
|
|t:|1760826613
|move|p2a: Alomomola|Protect|p2a: Alomomola
|-singleturn|p2a: Alomomola|Protect
|move|p1a: Grimmsnarl|Play Rough|p2a: Alomomola
|-activate|p2a: Alomomola|move: Protect
|
|-damage|p1a: Grimmsnarl|79/100 tox|[from] psn
|upkeep
|turn|48
|
|t:|1760826627
|move|p1a: Grimmsnarl|Reflect|p1a: Grimmsnarl
|-sidestart|p1: ThatFroot|Reflect
|move|p2a: Alomomola|Wish|p2a: Alomomola
|
|-damage|p1a: Grimmsnarl|67/100 tox|[from] psn
|upkeep
|turn|49
|
|t:|1760826636
|move|p1a: Grimmsnarl|Light Screen|p1a: Grimmsnarl
|-sidestart|p1: ThatFroot|move: Light Screen
|move|p2a: Alomomola|Chilling Water|p1a: Grimmsnarl
|-damage|p1a: Grimmsnarl|62/100 tox
|-unboost|p1a: Grimmsnarl|atk|1
|
|-heal|p2a: Alomomola|100/100|[from] move: Wish|[wisher] Alomomola
|-damage|p1a: Grimmsnarl|44/100 tox|[from] psn
|upkeep
|turn|50
|
|t:|1760826648
|switch|p1a: Galvantula|Galvantula, F|10/100 tox
|move|p2a: Alomomola|Whirlpool|p1a: Galvantula
|-damage|p1a: Galvantula|5/100 tox
|-activate|p1a: Galvantula|move: Whirlpool|[of] p2a: Alomomola
|
|-damage|p1a: Galvantula|0 fnt|[from] psn
|faint|p1a: Galvantula
|upkeep
|
|t:|1760826656
|switch|p1a: Greninja|Greninja, M|91/100
|turn|51
|
|t:|1760826659
|switch|p2a: Blissey|Blissey, F|92/100
|move|p1a: Greninja|Dark Pulse|p2a: Blissey
|-damage|p2a: Blissey|78/100
|-damage|p1a: Greninja|81/100|[from] item: Life Orb
|
|upkeep
|turn|52
|
|t:|1760826669
|move|p1a: Greninja|Sludge Wave|p2a: Blissey
|-damage|p2a: Blissey|68/100
|-damage|p1a: Greninja|71/100|[from] item: Life Orb
|move|p2a: Blissey|Seismic Toss|p1a: Greninja
|-damage|p1a: Greninja|36/100
|
|upkeep
|turn|53
|
|t:|1760826681
|move|p1a: Greninja|Surf|p2a: Blissey
|-damage|p2a: Blissey|53/100
|-damage|p1a: Greninja|26/100|[from] item: Life Orb
|move|p2a: Blissey|Soft-Boiled|p2a: Blissey
|-heal|p2a: Blissey|100/100
|
|upkeep
|turn|54
|
|t:|1760826690
|move|p1a: Greninja|Surf|p2a: Blissey
|-damage|p2a: Blissey|87/100
|-damage|p1a: Greninja|16/100|[from] item: Life Orb
|move|p2a: Blissey|Seismic Toss|p1a: Greninja
|-damage|p1a: Greninja|0 fnt
|faint|p1a: Greninja
|
|upkeep
|
|t:|1760826697
|switch|p1a: Grimmsnarl|Grimmsnarl, M|44/100 tox
|turn|55
|
|t:|1760826709
|switch|p2a: Alomomola|Alomomola, M|100/100
|move|p1a: Grimmsnarl|Play Rough|p2a: Alomomola
|-damage|p2a: Alomomola|81/100
|
|-damage|p1a: Grimmsnarl|38/100 tox|[from] psn
|-sideend|p1: ThatFroot|Reflect
|upkeep
|turn|56
|
|t:|1760826733
|move|p2a: Alomomola|Protect|p2a: Alomomola
|-singleturn|p2a: Alomomola|Protect
|move|p1a: Grimmsnarl|Play Rough|p2a: Alomomola
|-activate|p2a: Alomomola|move: Protect
|
|-damage|p1a: Grimmsnarl|25/100 tox|[from] psn
|-sideend|p1: ThatFroot|move: Light Screen
|upkeep
|turn|57
|
|t:|1760826748
|move|p1a: Grimmsnarl|Play Rough|p2a: Alomomola
|-damage|p2a: Alomomola|60/100
|move|p2a: Alomomola|Wish|p2a: Alomomola
|
|-damage|p1a: Grimmsnarl|7/100 tox|[from] psn
|upkeep
|turn|58
|
|t:|1760826768
|move|p2a: Alomomola|Protect|p2a: Alomomola
|-singleturn|p2a: Alomomola|Protect
|move|p1a: Grimmsnarl|Play Rough|p2a: Alomomola
|-activate|p2a: Alomomola|move: Protect
|
|-heal|p2a: Alomomola|100/100|[from] move: Wish|[wisher] Alomomola
|-damage|p1a: Grimmsnarl|0 fnt|[from] psn
|faint|p1a: Grimmsnarl
|
|win|oPistyl
|raw|ThatFroot's rating: 1206 &rarr; <strong>1182</strong><br />(-24 for losing)
|raw|oPistyl's rating: 1221 &rarr; <strong>1245</strong><br />(+24 for winning)
