|j|☆tjlepro24
|j|☆Noobskillstrongs
|t:|1760794244
|gametype|singles
|player|p1|tjlepro24|102|1127
|player|p2|Noobskillstrongs|lucian|1138
|gen|9
|tier|[Gen 9] OU
|rated|
|rule|HP Percentage Mod: HP is shown in percentages
|rule|Endless Battle Clause: Forcing endless battles is banned
|rule|Species Clause: Limit one of each Pokémon
|rule|OHKO Clause: OHKO moves are banned
|rule|Evasion Items Clause: Evasion items are banned
|rule|Evasion Moves Clause: Evasion moves are banned
|rule|Evasion Abilities Clause: Evasion abilities are banned
|rule|Sleep Moves Clause: Sleep-inducing moves are banned
|clearpoke
|poke|p1|Cinderace, F|
|poke|p1|Darkrai|
|poke|p1|Landorus-Therian, M|
|poke|p1|Zamazenta-*|
|poke|p1|Pecharunt|
|poke|p1|Primarina, F|
|poke|p2|Squawkabilly-White, F|
|poke|p2|Thundurus-Therian, M|
|poke|p2|Mandibuzz, F|
|poke|p2|Gyarados, F|
|poke|p2|Volcanion|
|poke|p2|Noivern, M|
|teampreview
|inactive|Battle timer is ON: inactive players will automatically lose when time's up. (requested by tjlepro24)
|
|t:|1760794273
|teamsize|p1|6
|teamsize|p2|6
|start
|switch|p1a: Darkrai|Darkrai|100/100
|switch|p2a: Thundurus|Thundurus-Therian, M|100/100
|turn|1
|
|t:|1760794280
|switch|p2a: Mandibuzz|Mandibuzz, F|100/100
|move|p1a: Darkrai|Ice Beam|p2a: Mandibuzz
|-supereffective|p2a: Mandibuzz
|-damage|p2a: Mandibuzz|62/100
|
|-heal|p2a: Mandibuzz|68/100|[from] item: Leftovers
|upkeep
|turn|2
|
|t:|1760794287
|move|p1a: Darkrai|Ice Beam|p2a: Mandibuzz
|-supereffective|p2a: Mandibuzz
|-damage|p2a: Mandibuzz|27/100
|move|p2a: Mandibuzz|Toxic|p1a: Darkrai
|-status|p1a: Darkrai|tox
|
|-heal|p2a: Mandibuzz|34/100|[from] item: Leftovers
|-damage|p1a: Darkrai|94/100 tox|[from] psn
|upkeep
|turn|3
|
|t:|1760794295
|switch|p2a: Volcanion|Volcanion|100/100
|move|p1a: Darkrai|Ice Beam|p2a: Volcanion
|-resisted|p2a: Volcanion
|-crit|p2a: Volcanion
|-damage|p2a: Volcanion|89/100
|
|-damage|p1a: Darkrai|82/100 tox|[from] psn
|upkeep
|turn|4
|
|t:|1760794312
|move|p1a: Darkrai|Dark Pulse|p2a: Volcanion
|-damage|p2a: Volcanion|44/100
|cant|p2a: Volcanion|flinch
|
|-damage|p1a: Darkrai|64/100 tox|[from] psn
|upkeep
|turn|5
|
|t:|1760794318
|move|p1a: Darkrai|Dark Pulse|p2a: Volcanion
|-damage|p2a: Volcanion|0 fnt
|faint|p2a: Volcanion
|
|-damage|p1a: Darkrai|40/100 tox|[from] psn
|upkeep
|
|t:|1760794341
|switch|p2a: Squawkabilly|Squawkabilly-White, F|100/100
|-ability|p2a: Squawkabilly|Intimidate|boost
|-unboost|p1a: Darkrai|atk|1
|turn|6
|
|t:|1760794347
|move|p2a: Squawkabilly|Brave Bird|p1a: Darkrai
|-damage|p1a: Darkrai|0 fnt
|faint|p1a: Darkrai
|-damage|p2a: Squawkabilly|88/100|[from] Recoil
|
|upkeep
|
|t:|1760794357
|switch|p1a: Landorus|Landorus-Therian, M|100/100
|-ability|p1a: Landorus|Intimidate|boost
|-unboost|p2a: Squawkabilly|atk|1
|turn|7
|
|t:|1760794375
|switch|p2a: Gyarados|Gyarados, F|100/100
|-ability|p2a: Gyarados|Intimidate|boost
|-unboost|p1a: Landorus|atk|1
|move|p1a: Landorus|Stealth Rock|p2a: Gyarados
|-sidestart|p2: Noobskillstrongs|move: Stealth Rock
|
|upkeep
|turn|8
|
|t:|1760794384
|switch|p1a: Pecharunt|Pecharunt|100/100
|move|p2a: Gyarados|Scale Shot|p1a: Pecharunt
|-damage|p1a: Pecharunt|95/100
|-crit|p1a: Pecharunt
|-damage|p1a: Pecharunt|87/100
|-damage|p1a: Pecharunt|82/100
|-hitcount|p1a: Pecharunt|3
|-unboost|p2a: Gyarados|def|1
|-boost|p2a: Gyarados|spe|1
|
|upkeep
|turn|9
|inactive|Noobskillstrongs has 120 seconds left.
|l|☆Noobskillstrongs
|inactive|Noobskillstrongs disconnected and has a minute to reconnect!
|player|p2|
|inactive|Noobskillstrongs has 30 seconds to reconnect!
|inactive|Noobskillstrongs has 20 seconds to reconnect!
|inactive|Noobskillstrongs has 15 seconds to reconnect!
|inactive|Noobskillstrongs has 10 seconds to reconnect!
|inactive|Noobskillstrongs has 5 seconds to reconnect!
|-message|Noobskillstrongs lost due to inactivity.
|
|win|tjlepro24
|raw|tjlepro24's rating: 1127 &rarr; <strong>1153</strong><br />(+26 for winning)
|raw|Noobskillstrongs's rating: 1138 &rarr; <strong>1112</strong><br />(-26 for losing)
|l|☆tjlepro24
|player|p1|
