|badge|p1|bronze|gen9ou|100-7
|uhtml|medal-msg|<div class="broadcast-blue">Curious what those medals under the avatar are? PS now has Ladder Seasons! For more information, check out the <a href="https://www.smogon.com/forums/threads/3740067/">thread on Smogon.</a></div>
|badge|p2|silver|gen9ou|30-7
|uhtml|medal-msg|<div class="broadcast-blue">Curious what those medals under the avatar are? PS now has Ladder Seasons! For more information, check out the <a href="https://www.smogon.com/forums/threads/3740067/">thread on Smogon.</a></div>
|j|☆ouww miguel o hara
|j|☆torvik en place
|t:|1760800135
|gametype|singles
|player|p1|ouww miguel o hara|giovanni|1881
|player|p2|torvik en place|lucas|1932
|gen|9
|tier|[Gen 9] OU
|rated|
|rule|HP Percentage Mod: HP is shown in percentages
|rule|Endless Battle Clause: Forcing endless battles is banned
|rule|Species Clause: Limit one of each Pokémon
|rule|OHKO Clause: OHKO moves are banned
|rule|Evasion Items Clause: Evasion items are banned
|rule|Evasion Moves Clause: Evasion moves are banned
|rule|Evasion Abilities Clause: Evasion abilities are banned
|rule|Sleep Moves Clause: Sleep-inducing moves are banned
|clearpoke
|poke|p1|Zamazenta-*|
|poke|p1|Iron Moth|
|poke|p1|Gliscor, M|
|poke|p1|Clefable, F|
|poke|p1|Blissey, F|
|poke|p1|Dragapult, F|
|poke|p2|Darkrai|
|poke|p2|Enamorus, F|
|poke|p2|Cinderace, F|
|poke|p2|Great Tusk|
|poke|p2|Alomomola, F|
|poke|p2|Amoonguss, F|
|teampreview
|inactive|Battle timer is ON: inactive players will automatically lose when time's up. (requested by ouww miguel o hara)
|
|t:|1760800160
|teamsize|p1|6
|teamsize|p2|6
|start
|switch|p1a: Blissey|Blissey, F|100/100
|switch|p2a: Darkrai|Darkrai|100/100
|turn|1
|
|t:|1760800163
|move|p2a: Darkrai|Knock Off|p1a: Blissey
|-damage|p1a: Blissey|69/100
|-enditem|p1a: Blissey|Heavy-Duty Boots|[from] move: Knock Off|[of] p2a: Darkrai
|move|p1a: Blissey|Thunder Wave|p2a: Darkrai
|-status|p2a: Darkrai|par
|
|upkeep
|turn|2
|
|t:|1760800174
|switch|p2a: Alomomola|Alomomola, F|100/100
|move|p1a: Blissey|Stealth Rock|p2a: Alomomola
|-sidestart|p2: torvik en place|move: Stealth Rock
|
|upkeep
|turn|3
|
|t:|1760800177
|move|p1a: Blissey|Thunder Wave|p2a: Alomomola
|-status|p2a: Alomomola|par
|move|p2a: Alomomola|Flip Turn|p1a: Blissey
|-damage|p1a: Blissey|54/100
|
|t:|1760800179
|switch|p2a: Cinderace|Cinderace, F|100/100|[from] Flip Turn
|
|upkeep
|turn|4
|
|t:|1760800183
|move|p2a: Cinderace|Court Change|p2a: Cinderace
|-swapsideconditions
|-activate|p2a: Cinderace|move: Court Change
|move|p1a: Blissey|Soft-Boiled|p1a: Blissey
|-heal|p1a: Blissey|100/100
|
|upkeep
|turn|5
|
|t:|1760800192
|move|p2a: Cinderace|U-turn|p1a: Blissey
|-damage|p1a: Blissey|85/100
|
|t:|1760800195
|switch|p2a: Great Tusk|Great Tusk|100/100|[from] U-turn
|move|p1a: Blissey|Stealth Rock|p2a: Great Tusk
|-sidestart|p2: torvik en place|move: Stealth Rock
|
|upkeep
|turn|6
|
|t:|1760800198
|move|p2a: Great Tusk|Ice Spinner|p1a: Blissey
|-damage|p1a: Blissey|62/100
|move|p1a: Blissey|Ice Beam|p2a: Great Tusk
|-supereffective|p2a: Great Tusk
|-damage|p2a: Great Tusk|52/100
|
|upkeep
|turn|7
|
|t:|1760800209
|move|p2a: Great Tusk|Ice Spinner|p1a: Blissey
|-damage|p1a: Blissey|39/100
|move|p1a: Blissey|Ice Beam|p2a: Great Tusk
|-supereffective|p2a: Great Tusk
|-damage|p2a: Great Tusk|1/100
|
|upkeep
|turn|8
|
|t:|1760800226
|move|p2a: Great Tusk|Ice Spinner|p1a: Blissey
|-damage|p1a: Blissey|12/100
|move|p1a: Blissey|Ice Beam|p2a: Great Tusk
|-supereffective|p2a: Great Tusk
|-damage|p2a: Great Tusk|0 fnt
|faint|p2a: Great Tusk
|-end|p2a: Great Tusk|Protosynthesis|[silent]
|
|upkeep
|
|t:|1760800242
|switch|p2a: Cinderace|Cinderace, F|100/100
|turn|9
|
|t:|1760800250
|switch|p1a: Zamazenta|Zamazenta|100/100
|-damage|p1a: Zamazenta|94/100|[from] Stealth Rock
|-ability|p1a: Zamazenta|Dauntless Shield|boost
|-boost|p1a: Zamazenta|def|1
|move|p2a: Cinderace|U-turn|p1a: Zamazenta
|-resisted|p1a: Zamazenta
|-damage|p1a: Zamazenta|90/100
|
|t:|1760800253
|switch|p2a: Amoonguss|Amoonguss, F|100/100|[from] U-turn
|-damage|p2a: Amoonguss|88/100|[from] Stealth Rock
|
|-heal|p1a: Zamazenta|96/100|[from] item: Leftovers
|upkeep
|turn|10
|
|t:|1760800259
|switch|p1a: Blissey|Blissey, F|12/100
|-damage|p1a: Blissey|0 fnt|[from] Stealth Rock
|faint|p1a: Blissey
|move|p2a: Amoonguss|Leaf Storm|p1: Blissey|[notarget]
|-fail|p2a: Amoonguss
|
|upkeep
|
|t:|1760800281
|switch|p1a: Dragapult|Dragapult, F|100/100
|turn|11
|
|t:|1760800295
|move|p1a: Dragapult|Substitute|p1a: Dragapult
|-start|p1a: Dragapult|Substitute
|-damage|p1a: Dragapult|76/100
|move|p2a: Amoonguss|Leaf Storm|p1a: Dragapult
|-resisted|p1a: Dragapult
|-end|p1a: Dragapult|Substitute
|-unboost|p2a: Amoonguss|spa|2
|-enditem|p2a: Amoonguss|Eject Pack
|inactive|torvik en place has 120 seconds left.
|
|t:|1760800320
|switch|p2a: Enamorus|Enamorus, F|100/100
|-damage|p2a: Enamorus|76/100|[from] Stealth Rock
|
|upkeep
|turn|12
|
|t:|1760800328
|switch|p1a: Iron Moth|Iron Moth|100/100
|move|p2a: Enamorus|Earth Power|p1a: Iron Moth
|-supereffective|p1a: Iron Moth
|-damage|p1a: Iron Moth|0 fnt
|faint|p1a: Iron Moth
|-end|p1a: Iron Moth|Quark Drive|[silent]
|
|upkeep
|
|t:|1760800338
|switch|p1a: Gliscor|Gliscor, M|100/100
|-damage|p1a: Gliscor|88/100|[from] Stealth Rock
|turn|13
|
|t:|1760800343
|switch|p2a: Alomomola|Alomomola, F|100/100 par
|-damage|p2a: Alomomola|88/100 par|[from] Stealth Rock
|move|p1a: Gliscor|Knock Off|p2a: Alomomola
|-damage|p2a: Alomomola|71/100 par
|-enditem|p2a: Alomomola|Assault Vest|[from] move: Knock Off|[of] p1a: Gliscor
|
|-status|p1a: Gliscor|tox|[from] item: Toxic Orb
|upkeep
|turn|14
|
|t:|1760800348
|move|p1a: Gliscor|Protect|p1a: Gliscor
|-singleturn|p1a: Gliscor|Protect
|cant|p2a: Alomomola|par
|
|-heal|p1a: Gliscor|100/100 tox|[from] ability: Poison Heal
|upkeep
|turn|15
|
|t:|1760800350
|move|p1a: Gliscor|Earthquake|p2a: Alomomola
|-crit|p2a: Alomomola
|-damage|p2a: Alomomola|37/100 par
|move|p2a: Alomomola|Flip Turn|p1a: Gliscor
|-supereffective|p1a: Gliscor
|-damage|p1a: Gliscor|75/100 tox
|
|t:|1760800355
|switch|p2a: Enamorus|Enamorus, F|76/100|[from] Flip Turn
|-damage|p2a: Enamorus|51/100|[from] Stealth Rock
|
|-heal|p1a: Gliscor|87/100 tox|[from] ability: Poison Heal
|upkeep
|turn|16
|
|t:|1760800360
|move|p1a: Gliscor|Protect|p1a: Gliscor
|-singleturn|p1a: Gliscor|Protect
|move|p2a: Enamorus|Moonblast|p1a: Gliscor
|-activate|p1a: Gliscor|move: Protect
|
|-heal|p1a: Gliscor|99/100 tox|[from] ability: Poison Heal
|upkeep
|turn|17
|j| RIPhomieqwan
|
|t:|1760800373
|move|p2a: Enamorus|Moonblast|p1a: Gliscor
|-damage|p1a: Gliscor|38/100 tox
|move|p1a: Gliscor|Knock Off|p2a: Enamorus
|-resisted|p2a: Enamorus
|-damage|p2a: Enamorus|34/100
|-enditem|p2a: Enamorus|Choice Specs|[from] move: Knock Off|[of] p1a: Gliscor
|
|-heal|p1a: Gliscor|50/100 tox|[from] ability: Poison Heal
|upkeep
|turn|18
|
|t:|1760800379
|move|p1a: Gliscor|Protect|p1a: Gliscor
|-singleturn|p1a: Gliscor|Protect
|move|p2a: Enamorus|Moonblast|p1a: Gliscor
|-activate|p1a: Gliscor|move: Protect
|
|-heal|p1a: Gliscor|62/100 tox|[from] ability: Poison Heal
|upkeep
|turn|19
|
|t:|1760800383
|move|p2a: Enamorus|Moonblast|p1a: Gliscor
|-damage|p1a: Gliscor|21/100 tox
|move|p1a: Gliscor|Toxic|p2a: Enamorus
|-status|p2a: Enamorus|tox
|
|-damage|p2a: Enamorus|27/100 tox|[from] psn
|-heal|p1a: Gliscor|34/100 tox|[from] ability: Poison Heal
|upkeep
|turn|20
|
|t:|1760800391
|move|p1a: Gliscor|Protect|p1a: Gliscor
|-singleturn|p1a: Gliscor|Protect
|move|p2a: Enamorus|Healing Wish|p2a: Enamorus
|faint|p2a: Enamorus
|
|-heal|p1a: Gliscor|46/100 tox|[from] ability: Poison Heal
|upkeep
|
|t:|1760800393
|switch|p2a: Darkrai|Darkrai|100/100 par
|-heal|p2a: Darkrai|100/100|[from] move: Healing Wish
|-damage|p2a: Darkrai|88/100|[from] Stealth Rock
|turn|21
|
|t:|1760800398
|switch|p1a: Zamazenta|Zamazenta|96/100
|-damage|p1a: Zamazenta|90/100|[from] Stealth Rock
|move|p2a: Darkrai|Ice Beam|p1a: Zamazenta
|-damage|p1a: Zamazenta|58/100
|
|-heal|p1a: Zamazenta|64/100|[from] item: Leftovers
|upkeep
|turn|22
|
|t:|1760800412
|switch|p2a: Amoonguss|Amoonguss, F|100/100
|-damage|p2a: Amoonguss|88/100|[from] Stealth Rock
|move|p1a: Zamazenta|Body Press|p2a: Amoonguss
|-resisted|p2a: Amoonguss
|-damage|p2a: Amoonguss|72/100
|
|-heal|p1a: Zamazenta|70/100|[from] item: Leftovers
|upkeep
|turn|23
|
|t:|1760800419
|move|p1a: Zamazenta|Iron Defense|p1a: Zamazenta
|-boost|p1a: Zamazenta|def|2
|move|p2a: Amoonguss|Leaf Storm|p1a: Zamazenta
|-damage|p1a: Zamazenta|34/100
|-unboost|p2a: Amoonguss|spa|2
|
|-heal|p1a: Zamazenta|40/100|[from] item: Leftovers
|upkeep
|turn|24
|
|t:|1760800425
|move|p1a: Zamazenta|Body Press|p2a: Amoonguss
|-resisted|p2a: Amoonguss
|-damage|p2a: Amoonguss|42/100
|move|p2a: Amoonguss|Toxic|p1a: Zamazenta
|-status|p1a: Zamazenta|tox
|
|-heal|p1a: Zamazenta|46/100 tox|[from] item: Leftovers
|-damage|p1a: Zamazenta|40/100 tox|[from] psn
|upkeep
|turn|25
|
|t:|1760800433
|move|p1a: Zamazenta|Body Press|p2a: Amoonguss
|-resisted|p2a: Amoonguss
|-damage|p2a: Amoonguss|13/100
|move|p2a: Amoonguss|Clear Smog|p1a: Zamazenta
|-damage|p1a: Zamazenta|32/100 tox
|-clearboost|p1a: Zamazenta
|
|-heal|p1a: Zamazenta|38/100 tox|[from] item: Leftovers
|-damage|p1a: Zamazenta|26/100 tox|[from] psn
|upkeep
|turn|26
|
|t:|1760800438
|switch|p2a: Alomomola|Alomomola, F|70/100 par
|-damage|p2a: Alomomola|58/100 par|[from] Stealth Rock
|move|p1a: Zamazenta|Rest|p1a: Zamazenta
|-status|p1a: Zamazenta|slp|[from] move: Rest
|-heal|p1a: Zamazenta|100/100 slp|[silent]
|
|upkeep
|turn|27
|
|t:|1760800445
|switch|p2a: Amoonguss|Amoonguss, F|47/100
|-damage|p2a: Amoonguss|34/100|[from] Stealth Rock
|cant|p1a: Zamazenta|slp
|
|upkeep
|turn|28
|
|t:|1760800450
|switch|p2a: Alomomola|Alomomola, F|91/100 par
|-damage|p2a: Alomomola|78/100 par|[from] Stealth Rock
|cant|p1a: Zamazenta|slp
|
|upkeep
|turn|29
|
|t:|1760800453
|-curestatus|p1a: Zamazenta|slp|[msg]
|move|p1a: Zamazenta|Iron Defense|p1a: Zamazenta
|-boost|p1a: Zamazenta|def|2
|cant|p2a: Alomomola|par
|
|upkeep
|turn|30
|
|t:|1760800459
|move|p1a: Zamazenta|Iron Defense|p1a: Zamazenta
|-boost|p1a: Zamazenta|def|2
|move|p2a: Alomomola|Flip Turn|p1a: Zamazenta
|-damage|p1a: Zamazenta|97/100
|
|t:|1760800461
|switch|p2a: Amoonguss|Amoonguss, F|68/100|[from] Flip Turn
|-damage|p2a: Amoonguss|55/100|[from] Stealth Rock
|
|-heal|p1a: Zamazenta|100/100|[from] item: Leftovers
|upkeep
|turn|31
|
|t:|1760800465
|-terastallize|p1a: Zamazenta|Steel
|move|p1a: Zamazenta|Body Press|p2a: Amoonguss
|-resisted|p2a: Amoonguss
|-crit|p2a: Amoonguss
|-damage|p2a: Amoonguss|0 fnt
|faint|p2a: Amoonguss
|
|upkeep
|-message|torvik en place forfeited.
|
|win|ouww miguel o hara
|raw|ouww miguel o hara's rating: 1881 &rarr; <strong>1904</strong><br />(+23 for winning)
|raw|torvik en place's rating: 1932 &rarr; <strong>1909</strong><br />(-23 for losing)
|l|☆torvik en place
|player|p2|
|l|☆ouww miguel o hara
|player|p1|
