|j|☆Ascendn
|j|☆Team BBIO 38
|t:|1760723592
|gametype|singles
|player|p1|Ascendn|101|1432
|player|p2|Team BBIO 38|dragontamer|1391
|gen|9
|tier|[Gen 9] OU
|rated|
|rule|HP Percentage Mod: HP is shown in percentages
|rule|Endless Battle Clause: Forcing endless battles is banned
|rule|Species Clause: Limit one of each Pokémon
|rule|OHKO Clause: OHKO moves are banned
|rule|Evasion Items Clause: Evasion items are banned
|rule|Evasion Moves Clause: Evasion moves are banned
|rule|Evasion Abilities Clause: Evasion abilities are banned
|rule|Sleep Moves Clause: Sleep-inducing moves are banned
|clearpoke
|poke|p1|Primarina, M|
|poke|p1|Great Tusk|
|poke|p1|Kingambit, M|
|poke|p1|Slowking-Galar, M|
|poke|p1|Ogerpon, F|
|poke|p1|Enamorus, F|
|poke|p2|Dusclops, M|
|poke|p2|Blissey, F|
|poke|p2|Flamigo, M|
|poke|p2|Latias, F|
|poke|p2|Darkrai|
|poke|p2|Tinkaton, F|
|teampreview
|inactive|Battle timer is ON: inactive players will automatically lose when time's up. (requested by Team BBIO 38)
|
|t:|1760723609
|teamsize|p1|6
|teamsize|p2|6
|start
|switch|p1a: Celestine|Primarina, M, shiny|100/100
|switch|p2a: Tinkaton|Tinkaton, F|100/100
|-ability|p2a: Tinkaton|Mold Breaker
|turn|1
|
|t:|1760723631
|switch|p1a: Overgod|Kingambit, M, shiny|100/100
|move|p2a: Tinkaton|Stealth Rock|p1a: Overgod
|-sidestart|p1: Ascendn|move: Stealth Rock
|
|upkeep
|turn|2
|
|t:|1760723641
|move|p2a: Tinkaton|Knock Off|p1a: Overgod
|-resisted|p1a: Overgod
|-damage|p1a: Overgod|91/100
|-enditem|p1a: Overgod|Leftovers|[from] move: Knock Off|[of] p2a: Tinkaton
|move|p1a: Overgod|Swords Dance|p1a: Overgod
|-boost|p1a: Overgod|atk|2
|
|upkeep
|turn|3
|
|t:|1760723650
|move|p2a: Tinkaton|Encore|p1a: Overgod
|-start|p1a: Overgod|Encore
|move|p1a: Overgod|Swords Dance|p1a: Overgod
|-boost|p1a: Overgod|atk|2
|
|upkeep
|turn|4
|
|t:|1760723660
|switch|p2a: Flamigo|Flamigo, M|100/100
|move|p1a: Overgod|Swords Dance|p1a: Overgod
|-boost|p1a: Overgod|atk|2
|
|upkeep
|turn|5
|
|t:|1760723665
|-terastallize|p1a: Overgod|Ghost
|move|p2a: Flamigo|Close Combat|p1a: Overgod
|-damage|p1a: Overgod|47/100
|-unboost|p2a: Flamigo|def|1
|-unboost|p2a: Flamigo|spd|1
|move|p1a: Overgod|Swords Dance|p1a: Overgod
|-boost|p1a: Overgod|atk|0
|
|-end|p1a: Overgod|Encore
|upkeep
|turn|6
|
|t:|1760723679
|switch|p2a: Tinkaton|Tinkaton, F|100/100
|-ability|p2a: Tinkaton|Mold Breaker
|move|p1a: Overgod|Sucker Punch||[still]
|-fail|p1a: Overgod
|
|upkeep
|turn|7
|
|t:|1760723695
|move|p2a: Tinkaton|Encore|p1a: Overgod
|-start|p1a: Overgod|Encore
|move|p1a: Overgod|Sucker Punch||[still]
|-fail|p1a: Overgod
|
|upkeep
|turn|8
|
|t:|1760723701
|switch|p2a: Flamigo|Flamigo, M|100/100
|-end|p1a: Overgod|fallenundefined|[silent]
|switch|p1a: Celestine|Primarina, M, shiny|100/100
|-damage|p1a: Celestine|88/100|[from] Stealth Rock
|
|-heal|p1a: Celestine|94/100|[from] item: Leftovers
|upkeep
|turn|9
|
|t:|1760723708
|move|p2a: Flamigo|U-turn|p1a: Celestine
|-resisted|p1a: Celestine
|-damage|p1a: Celestine|77/100
|
|t:|1760723711
|switch|p2a: Blissey|Blissey, F|100/100|[from] U-turn
|move|p1a: Celestine|Substitute|p1a: Celestine
|-start|p1a: Celestine|Substitute
|-damage|p1a: Celestine|52/100
|
|-heal|p1a: Celestine|58/100|[from] item: Leftovers
|upkeep
|turn|10
|
|t:|1760723719
|move|p1a: Celestine|Whirlpool|p2a: Blissey|[miss]
|-miss|p1a: Celestine|p2a: Blissey
|move|p2a: Blissey|Seismic Toss|p1a: Celestine
|-end|p1a: Celestine|Substitute
|
|-heal|p1a: Celestine|64/100|[from] item: Leftovers
|upkeep
|turn|11
|
|t:|1760723727
|switch|p1a: Overgod|Kingambit, M, shiny, tera:Ghost|47/100
|-damage|p1a: Overgod|35/100|[from] Stealth Rock
|move|p2a: Blissey|Seismic Toss|p1a: Overgod
|-immune|p1a: Overgod
|
|upkeep
|turn|12
|
|t:|1760723734
|move|p2a: Blissey|Thunder Wave|p1a: Overgod
|-status|p1a: Overgod|par
|move|p1a: Overgod|Iron Head|p2a: Blissey
|-crit|p2a: Blissey
|-damage|p2a: Blissey|37/100
|
|-heal|p2a: Blissey|43/100|[from] item: Leftovers
|upkeep
|turn|13
|
|t:|1760723744
|switch|p2a: Dusclops|Dusclops, M|100/100
|-end|p1a: Overgod|fallenundefined|[silent]
|switch|p1a: Anonymous|Ogerpon, F|100/100
|-damage|p1a: Anonymous|88/100|[from] Stealth Rock
|
|upkeep
|turn|14
|
|t:|1760723749
|move|p1a: Anonymous|Knock Off|p2a: Dusclops
|-supereffective|p2a: Dusclops
|-damage|p2a: Dusclops|52/100
|-enditem|p2a: Dusclops|Eviolite|[from] move: Knock Off|[of] p1a: Anonymous
|move|p2a: Dusclops|Will-O-Wisp|p1a: Anonymous|[miss]
|-miss|p2a: Dusclops|p1a: Anonymous
|
|upkeep
|turn|15
|
|t:|1760723758
|switch|p1a: Overgod|Kingambit, M, shiny, tera:Ghost|35/100 par
|-damage|p1a: Overgod|22/100 par|[from] Stealth Rock
|move|p2a: Dusclops|Pain Split|p1a: Overgod
|-sethp|p1a: Overgod|30/100 par|[from] move: Pain Split|[silent]
|-sethp|p2a: Dusclops|42/100|[from] move: Pain Split
|
|upkeep
|turn|16
|
|t:|1760723765
|move|p2a: Dusclops|Night Shade|p1a: Overgod
|-damage|p1a: Overgod|5/100 par
|move|p1a: Overgod|Kowtow Cleave|p2a: Dusclops
|-supereffective|p2a: Dusclops
|-damage|p2a: Dusclops|0 fnt
|faint|p2a: Dusclops
|
|upkeep
|
|t:|1760723772
|switch|p2a: Flamigo|Flamigo, M|100/100
|turn|17
|
|t:|1760723779
|move|p2a: Flamigo|Upper Hand||[still]
|-fail|p2a: Flamigo
|move|p1a: Overgod|Iron Head|p2a: Flamigo
|-damage|p2a: Flamigo|30/100
|
|upkeep
|turn|18
|
|t:|1760723786
|switch|p2a: Tinkaton|Tinkaton, F|100/100
|-ability|p2a: Tinkaton|Mold Breaker
|move|p1a: Overgod|Sucker Punch||[still]
|-fail|p1a: Overgod
|
|upkeep
|turn|19
|
|t:|1760723792
|move|p2a: Tinkaton|Encore|p1a: Overgod
|-start|p1a: Overgod|Encore
|cant|p1a: Overgod|par
|
|upkeep
|turn|20
|
|t:|1760723798
|switch|p2a: Flamigo|Flamigo, M|30/100
|cant|p1a: Overgod|par
|
|upkeep
|turn|21
|
|t:|1760723803
|move|p2a: Flamigo|Upper Hand|p1a: Overgod
|-crit|p1a: Overgod
|-damage|p1a: Overgod|0 fnt
|faint|p1a: Overgod
|-end|p1a: Overgod|fallenundefined|[silent]
|
|upkeep
|
|t:|1760723821
|switch|p1a: Celestine|Primarina, M, shiny|64/100
|-damage|p1a: Celestine|52/100|[from] Stealth Rock
|turn|22
|
|t:|1760723833
|switch|p2a: Blissey|Blissey, F|43/100
|move|p1a: Celestine|Substitute|p1a: Celestine
|-start|p1a: Celestine|Substitute
|-damage|p1a: Celestine|27/100
|
|-heal|p1a: Celestine|33/100|[from] item: Leftovers
|-heal|p2a: Blissey|49/100|[from] item: Leftovers
|upkeep
|turn|23
|inactive|Team BBIO 38 has 120 seconds left.
|inactive|Team BBIO 38 has 90 seconds left.
|inactive|Team BBIO 38 has 60 seconds left.
|
|t:|1760723931
|move|p1a: Celestine|Psychic Noise|p2a: Blissey
|-damage|p2a: Blissey|33/100
|-start|p2a: Blissey|move: Heal Block
|move|p2a: Blissey|Seismic Toss|p1a: Celestine
|-end|p1a: Celestine|Substitute
|
|-heal|p1a: Celestine|39/100|[from] item: Leftovers
|upkeep
|turn|24
|inactive|Team BBIO 38 has 60 seconds left.
|
|t:|1760723947
|move|p1a: Celestine|Substitute|p1a: Celestine
|-start|p1a: Celestine|Substitute
|-damage|p1a: Celestine|14/100
|move|p2a: Blissey|Seismic Toss|p1a: Celestine
|-end|p1a: Celestine|Substitute
|
|-heal|p1a: Celestine|20/100|[from] item: Leftovers
|-end|p2a: Blissey|move: Heal Block
|upkeep
|turn|25
|
|t:|1760723955
|move|p1a: Celestine|Psychic Noise|p2a: Blissey
|-damage|p2a: Blissey|17/100
|-start|p2a: Blissey|move: Heal Block
|move|p2a: Blissey|Seismic Toss|p1a: Celestine
|-damage|p1a: Celestine|0 fnt
|faint|p1a: Celestine
|
|upkeep
|
|t:|1760723967
|switch|p1a: Behemoth|Great Tusk, shiny|100/100
|-damage|p1a: Behemoth|98/100|[from] Stealth Rock
|turn|26
|
|t:|1760723972
|move|p1a: Behemoth|Rapid Spin|p2a: Blissey
|-damage|p2a: Blissey|1/100
|-boost|p1a: Behemoth|spe|1
|-sideend|p1: Ascendn|Stealth Rock|[from] move: Rapid Spin|[of] p1a: Behemoth
|move|p2a: Blissey|Seismic Toss|p1a: Behemoth
|-damage|p1a: Behemoth|71/100
|-damage|p2a: Blissey|0 fnt|[from] item: Rocky Helmet|[of] p1a: Behemoth
|faint|p2a: Blissey
|
|upkeep
|
|t:|1760723983
|switch|p2a: Flamigo|Flamigo, M|30/100
|turn|27
|
|t:|1760723994
|move|p2a: Flamigo|Brave Bird|p1a: Behemoth
|-supereffective|p1a: Behemoth
|-damage|p1a: Behemoth|0 fnt
|-damage|p2a: Flamigo|13/100|[from] item: Rocky Helmet|[of] p1a: Behemoth
|faint|p1a: Behemoth
|-end|p1a: Behemoth|Protosynthesis|[silent]
|-damage|p2a: Flamigo|0 fnt|[from] Recoil
|faint|p2a: Flamigo
|
|upkeep
|
|t:|1760724005
|switch|p2a: Darkrai|Darkrai|100/100
|switch|p1a: Anonymous|Ogerpon, F|88/100
|turn|28
|
|t:|1760724009
|move|p2a: Darkrai|Ice Beam|p1a: Anonymous
|-supereffective|p1a: Anonymous
|-damage|p1a: Anonymous|0 fnt
|faint|p1a: Anonymous
|
|upkeep
|
|t:|1760724013
|switch|p1a: Mantra|Slowking-Galar, M, shiny|100/100
|turn|29
|
|t:|1760724016
|switch|p2a: Tinkaton|Tinkaton, F|100/100
|-ability|p2a: Tinkaton|Mold Breaker
|move|p1a: Mantra|Flamethrower|p2a: Tinkaton
|-supereffective|p2a: Tinkaton
|-damage|p2a: Tinkaton|49/100
|
|-heal|p2a: Tinkaton|55/100|[from] item: Leftovers
|upkeep
|turn|30
|inactive|Team BBIO 38 has 90 seconds left.
|
|t:|1760724042
|move|p2a: Tinkaton|Stealth Rock|p1a: Mantra
|-sidestart|p1: Ascendn|move: Stealth Rock
|move|p1a: Mantra|Flamethrower|p2a: Tinkaton
|-supereffective|p2a: Tinkaton
|-damage|p2a: Tinkaton|11/100
|-status|p2a: Tinkaton|brn
|
|-heal|p2a: Tinkaton|17/100 brn|[from] item: Leftovers
|-damage|p2a: Tinkaton|11/100 brn|[from] brn
|upkeep
|turn|31
|inactive|Team BBIO 38 has 90 seconds left.
|
|t:|1760724052
|move|p2a: Tinkaton|Knock Off|p1a: Mantra
|-supereffective|p1a: Mantra
|-damage|p1a: Mantra|83/100
|-enditem|p1a: Mantra|Assault Vest|[from] move: Knock Off|[of] p2a: Tinkaton
|move|p1a: Mantra|Flamethrower|p2a: Tinkaton
|-supereffective|p2a: Tinkaton
|-damage|p2a: Tinkaton|0 fnt
|faint|p2a: Tinkaton
|
|upkeep
|
|t:|1760724062
|switch|p2a: Darkrai|Darkrai|100/100
|turn|32
|
|t:|1760724065
|move|p2a: Darkrai|Dark Pulse|p1a: Mantra
|-supereffective|p1a: Mantra
|-damage|p1a: Mantra|0 fnt
|faint|p1a: Mantra
|
|upkeep
|
|t:|1760724068
|switch|p1a: Gin|Enamorus, F, shiny|100/100
|-damage|p1a: Gin|76/100|[from] Stealth Rock
|turn|33
|
|t:|1760724072
|move|p1a: Gin|Moonblast|p2a: Darkrai
|-supereffective|p2a: Darkrai
|-crit|p2a: Darkrai
|-damage|p2a: Darkrai|0 fnt
|faint|p2a: Darkrai
|
|upkeep
|
|t:|1760724077
|switch|p2a: Alaric|Latias, F|100/100
|turn|34
|
|t:|1760724080
|-terastallize|p2a: Alaric|Steel
|move|p1a: Gin|Moonblast|p2a: Alaric
|-resisted|p2a: Alaric
|-damage|p2a: Alaric|77/100
|move|p2a: Alaric|Calm Mind|p2a: Alaric
|-boost|p2a: Alaric|spa|1
|-boost|p2a: Alaric|spd|1
|
|upkeep
|turn|35
|-message|Ascendn forfeited.
|
|win|Team BBIO 38
|raw|Ascendn's rating: 1432 &rarr; <strong>1410</strong><br />(-22 for losing)
|raw|Team BBIO 38's rating: 1391 &rarr; <strong>1413</strong><br />(+22 for winning)
|l|☆Ascendn
|player|p1|
|l|☆Team BBIO 38
|player|p2|
