|j|☆lzw00
|j|☆epichackergirl
|t:|1760763312
|gametype|singles
|player|p1|lzw00|cynthia|1078
|player|p2|epichackergirl|iris-gen5bw2|1095
|gen|9
|tier|[Gen 9] OU
|rated|
|rule|HP Percentage Mod: HP is shown in percentages
|rule|Endless Battle Clause: Forcing endless battles is banned
|rule|Species Clause: Limit one of each Pokémon
|rule|OHKO Clause: OHKO moves are banned
|rule|Evasion Items Clause: Evasion items are banned
|rule|Evasion Moves Clause: Evasion moves are banned
|rule|Evasion Abilities Clause: Evasion abilities are banned
|rule|Sleep Moves Clause: Sleep-inducing moves are banned
|clearpoke
|poke|p1|Regidrago|
|poke|p1|Moltres-Galar|
|poke|p1|Great Tusk|
|poke|p1|Ceruledge, M|
|poke|p1|Fezandipiti, M|
|poke|p1|Zapdos|
|poke|p2|Dragonite, M|
|poke|p2|Great Tusk|
|poke|p2|Gliscor, M|
|poke|p2|Gholdengo|
|poke|p2|Alomomola, F|
|poke|p2|Ogerpon-Wellspring, F|
|teampreview
|
|t:|1760763320
|teamsize|p1|6
|teamsize|p2|6
|start
|switch|p1a: Regidrago|Regidrago|100/100
|switch|p2a: Gliscor|Gliscor, M|100/100
|turn|1
|
|t:|1760763329
|move|p1a: Regidrago|Dragon Energy|p2a: Gliscor
|-damage|p2a: Gliscor|19/100
|move|p2a: Gliscor|Toxic|p1a: Regidrago
|-status|p1a: Regidrago|tox
|
|-damage|p1a: Regidrago|94/100 tox|[from] psn
|-status|p2a: Gliscor|tox|[from] item: Toxic Orb
|upkeep
|turn|2
|
|t:|1760763338
|move|p2a: Gliscor|Protect|p2a: Gliscor
|-singleturn|p2a: Gliscor|Protect
|move|p1a: Regidrago|Dragon Energy|p2a: Gliscor
|-activate|p2a: Gliscor|move: Protect
|
|-damage|p1a: Regidrago|82/100 tox|[from] psn
|-heal|p2a: Gliscor|32/100 tox|[from] ability: Poison Heal
|upkeep
|turn|3
|
|t:|1760763370
|switch|p2a: Gholdengo|Gholdengo|100/100
|-item|p2a: Gholdengo|Air Balloon
|move|p1a: Regidrago|Dragon Energy|p2a: Gholdengo
|-resisted|p2a: Gholdengo
|-damage|p2a: Gholdengo|59/100
|-enditem|p2a: Gholdengo|Air Balloon
|
|-damage|p1a: Regidrago|64/100 tox|[from] psn
|upkeep
|turn|4
|
|t:|1760763379
|switch|p1a: Fezandipiti|Fezandipiti, M|100/100
|move|p2a: Gholdengo|Recover|p2a: Gholdengo
|-heal|p2a: Gholdengo|100/100
|
|upkeep
|turn|5
|
|t:|1760763388
|move|p1a: Fezandipiti|U-turn|p2a: Gholdengo
|-resisted|p2a: Gholdengo
|-damage|p2a: Gholdengo|98/100
|
|t:|1760763396
|switch|p1a: Moltres|Moltres-Galar, shiny|100/100|[from] U-turn
|move|p2a: Gholdengo|Nasty Plot|p2a: Gholdengo
|-boost|p2a: Gholdengo|spa|2
|
|upkeep
|turn|6
|
|t:|1760763407
|-terastallize|p1a: Moltres|Fire
|move|p1a: Moltres|Tera Blast|p2a: Gholdengo|[anim] Tera Blast Fire
|-supereffective|p2a: Gholdengo
|-damage|p2a: Gholdengo|27/100
|move|p2a: Gholdengo|Make It Rain|p1a: Moltres
|-resisted|p1a: Moltres
|-damage|p1a: Moltres|51/100
|-unboost|p2a: Gholdengo|spa|1
|
|upkeep
|turn|7
|
|t:|1760763419
|switch|p2a: Alomomola|Alomomola, F|100/100
|move|p1a: Moltres|Tera Blast|p2a: Alomomola|[anim] Tera Blast Fire
|-resisted|p2a: Alomomola
|-damage|p2a: Alomomola|76/100
|
|upkeep
|turn|8
|
|t:|1760763435
|switch|p1a: Zapdos|Zapdos|100/100
|-ability|p1a: Zapdos|Pressure
|move|p2a: Alomomola|Wish|p2a: Alomomola
|
|upkeep
|turn|9
|
|t:|1760763445
|switch|p2a: Gholdengo|Gholdengo|27/100
|move|p1a: Zapdos|U-turn|p2a: Gholdengo
|-resisted|p2a: Gholdengo
|-damage|p2a: Gholdengo|24/100
|
|t:|1760763451
|switch|p1a: Moltres|Moltres-Galar, shiny, tera:Fire|51/100|[from] U-turn
|
|-heal|p2a: Gholdengo|95/100|[from] move: Wish|[wisher] Alomomola
|upkeep
|turn|10
|
|t:|1760763461
|switch|p2a: Alomomola|Alomomola, F|100/100
|move|p1a: Moltres|Agility|p1a: Moltres
|-boost|p1a: Moltres|spe|2
|
|upkeep
|turn|11
|
|t:|1760763474
|move|p1a: Moltres|Nasty Plot|p1a: Moltres
|-boost|p1a: Moltres|spa|2
|move|p2a: Alomomola|Scald|p1a: Moltres
|-supereffective|p1a: Moltres
|-damage|p1a: Moltres|28/100
|-ability|p1a: Moltres|Berserk|boost
|-boost|p1a: Moltres|spa|1
|-enditem|p1a: Moltres|Sitrus Berry|[eat]
|-heal|p1a: Moltres|53/100|[from] item: Sitrus Berry
|
|upkeep
|turn|12
|
|t:|1760763483
|move|p1a: Moltres|Fiery Wrath|p2a: Alomomola
|-damage|p2a: Alomomola|0 fnt
|faint|p2a: Alomomola
|
|upkeep
|
|t:|1760763491
|switch|p2a: Great Tusk|Great Tusk|100/100
|turn|13
|
|t:|1760763495
|move|p1a: Moltres|Fiery Wrath|p2a: Great Tusk
|-resisted|p2a: Great Tusk
|-damage|p2a: Great Tusk|27/100
|move|p2a: Great Tusk|Headlong Rush|p1a: Moltres
|-supereffective|p1a: Moltres
|-damage|p1a: Moltres|0 fnt
|-unboost|p2a: Great Tusk|def|1
|-unboost|p2a: Great Tusk|spd|1
|faint|p1a: Moltres
|
|upkeep
|
|t:|1760763503
|switch|p1a: Ceruledge|Ceruledge, M|100/100
|turn|14
|
|t:|1760763511
|move|p2a: Great Tusk|Headlong Rush|p1a: Ceruledge
|-supereffective|p1a: Ceruledge
|-enditem|p1a: Ceruledge|Focus Sash
|-damage|p1a: Ceruledge|1/100
|-unboost|p2a: Great Tusk|def|1
|-unboost|p2a: Great Tusk|spd|1
|-ability|p1a: Ceruledge|Weak Armor|boost
|-unboost|p1a: Ceruledge|def|1
|-boost|p1a: Ceruledge|spe|2
|move|p1a: Ceruledge|Swords Dance|p1a: Ceruledge
|-boost|p1a: Ceruledge|atk|2
|
|upkeep
|turn|15
|
|t:|1760763533
|-end|p2a: Great Tusk|Protosynthesis|[silent]
|switch|p2a: Gliscor|Gliscor, M|32/100 tox
|move|p1a: Ceruledge|Bitter Blade|p2a: Gliscor
|-damage|p2a: Gliscor|0 fnt
|-heal|p1a: Ceruledge|20/100|[from] drain|[of] p2a: Gliscor
|faint|p2a: Gliscor
|
|upkeep
|
|t:|1760763540
|switch|p2a: Dragonite|Dragonite, M|100/100
|turn|16
|
|t:|1760763551
|move|p1a: Ceruledge|Bitter Blade|p2a: Dragonite
|-resisted|p2a: Dragonite
|-damage|p2a: Dragonite|77/100
|-heal|p1a: Ceruledge|33/100|[from] drain|[of] p2a: Dragonite
|move|p2a: Dragonite|Earthquake|p1a: Ceruledge
|-supereffective|p1a: Ceruledge
|-damage|p1a: Ceruledge|0 fnt
|faint|p1a: Ceruledge
|
|upkeep
|
|t:|1760763561
|switch|p1a: Great Tusk|Great Tusk|100/100
|turn|17
|
|t:|1760763598
|switch|p2a: Gholdengo|Gholdengo|95/100
|move|p1a: Great Tusk|Ice Spinner|p2a: Gholdengo
|-resisted|p2a: Gholdengo
|-damage|p2a: Gholdengo|86/100
|
|upkeep
|turn|18
|
|t:|1760763620
|move|p1a: Great Tusk|Headlong Rush|p2a: Gholdengo
|-supereffective|p2a: Gholdengo
|-damage|p2a: Gholdengo|0 fnt
|-unboost|p1a: Great Tusk|def|1
|-unboost|p1a: Great Tusk|spd|1
|faint|p2a: Gholdengo
|
|upkeep
|
|t:|1760763626
|switch|p2a: Ogerpon|Ogerpon-Wellspring, F|100/100
|turn|19
|
|t:|1760763635
|-end|p1a: Great Tusk|Protosynthesis|[silent]
|switch|p1a: Zapdos|Zapdos|100/100
|-ability|p1a: Zapdos|Pressure
|move|p2a: Ogerpon|Ivy Cudgel|p1a: Zapdos|[anim] Ivy Cudgel Water
|-damage|p1a: Zapdos|54/100
|
|upkeep
|turn|20
|
|t:|1760763648
|-terastallize|p2a: Ogerpon|Water
|detailschange|p2a: Ogerpon|Ogerpon-Wellspring-Tera, F, tera:Water
|-ability|p2a: Ogerpon|Embody Aspect (Wellspring)|boost
|-boost|p2a: Ogerpon|spd|1
|move|p2a: Ogerpon|Ivy Cudgel|p1a: Zapdos|[anim] Ivy Cudgel Water
|-damage|p1a: Zapdos|0 fnt
|faint|p1a: Zapdos
|
|upkeep
|
|t:|1760763662
|switch|p1a: Fezandipiti|Fezandipiti, M|100/100
|turn|21
|
|t:|1760763669
|move|p2a: Ogerpon|Ivy Cudgel|p1a: Fezandipiti|[anim] Ivy Cudgel Water
|-damage|p1a: Fezandipiti|23/100
|move|p1a: Fezandipiti|U-turn|p2a: Ogerpon
|-damage|p2a: Ogerpon|82/100
|-status|p2a: Ogerpon|tox|[from] ability: Toxic Chain|[of] p1a: Fezandipiti
|
|t:|1760763676
|switch|p1a: Regidrago|Regidrago|64/100 tox|[from] U-turn
|
|-damage|p1a: Regidrago|58/100 tox|[from] psn
|-damage|p2a: Ogerpon|76/100 tox|[from] psn
|upkeep
|turn|22
|
|t:|1760763681
|move|p1a: Regidrago|Draco Meteor|p2a: Ogerpon
|-damage|p2a: Ogerpon|14/100 tox
|-unboost|p1a: Regidrago|spa|2
|move|p2a: Ogerpon|Play Rough|p1a: Regidrago
|-supereffective|p1a: Regidrago
|-damage|p1a: Regidrago|0 fnt
|faint|p1a: Regidrago
|
|-damage|p2a: Ogerpon|2/100 tox|[from] psn
|upkeep
|
|t:|1760763699
|switch|p1a: Fezandipiti|Fezandipiti, M|23/100
|turn|23
|
|t:|1760763703
|move|p2a: Ogerpon|Ivy Cudgel|p1a: Fezandipiti|[anim] Ivy Cudgel Water
|-damage|p1a: Fezandipiti|0 fnt
|faint|p1a: Fezandipiti
|
|-damage|p2a: Ogerpon|0 fnt|[from] psn
|faint|p2a: Ogerpon
|detailschange|p2: Ogerpon|Ogerpon-Wellspring, F|[silent]
|upkeep
|
|t:|1760763711
|switch|p2a: Dragonite|Dragonite, M|77/100
|switch|p1a: Great Tusk|Great Tusk|100/100
|turn|24
|
|t:|1760763720
|move|p1a: Great Tusk|Rapid Spin|p2a: Dragonite
|-damage|p2a: Dragonite|58/100
|-boost|p1a: Great Tusk|spe|1
|move|p2a: Dragonite|Ice Spinner|p1a: Great Tusk
|-supereffective|p1a: Great Tusk
|-damage|p1a: Great Tusk|58/100
|
|upkeep
|turn|25
|
|t:|1760763731
|move|p1a: Great Tusk|Ice Spinner|p2a: Dragonite
|-supereffective|p2a: Dragonite
|-damage|p2a: Dragonite|0 fnt
|faint|p2a: Dragonite
|
|upkeep
|
|t:|1760763735
|switch|p2a: Great Tusk|Great Tusk|27/100
|turn|26
|
|t:|1760763746
|move|p1a: Great Tusk|Headlong Rush|p2a: Great Tusk
|-damage|p2a: Great Tusk|0 fnt
|-unboost|p1a: Great Tusk|def|1
|-unboost|p1a: Great Tusk|spd|1
|faint|p2a: Great Tusk
|-end|p2a: Great Tusk|Protosynthesis|[silent]
|
|win|lzw00
|raw|lzw00's rating: 1078 &rarr; <strong>1108</strong><br />(+30 for winning)
|raw|epichackergirl's rating: 1095 &rarr; <strong>1070</strong><br />(-25 for losing)
|l|☆lzw00
|player|p1|
|l|☆epichackergirl
|player|p2|
