|j|☆Pancake619
|j|☆supermonst
|t:|1760721051
|gametype|singles
|player|p1|Pancake619|101|1526
|player|p2|supermonst|benga|1496
|gen|9
|tier|[Gen 9] OU
|rated|
|rule|HP Percentage Mod: HP is shown in percentages
|rule|Endless Battle Clause: Forcing endless battles is banned
|rule|Species Clause: Limit one of each Pokémon
|rule|OHKO Clause: OHKO moves are banned
|rule|Evasion Items Clause: Evasion items are banned
|rule|Evasion Moves Clause: Evasion moves are banned
|rule|Evasion Abilities Clause: Evasion abilities are banned
|rule|Sleep Moves Clause: Sleep-inducing moves are banned
|clearpoke
|poke|p1|Pelipper, F|
|poke|p1|Hatterene, F|
|poke|p1|Iron Treads|
|poke|p1|Toxicroak, F|
|poke|p1|Barraskewda, F|
|poke|p1|Zapdos|
|poke|p2|Dragapult, F|
|poke|p2|Dragonite, M|
|poke|p2|Garchomp, F|
|poke|p2|Raging Bolt|
|poke|p2|Scizor, F|
|poke|p2|Greninja-*, M|
|teampreview
|inactive|Battle timer is ON: inactive players will automatically lose when time's up. (requested by Pancake619)
|inactive|supermonst also wants the timer to be on.
|c|☆Pancake619|glhf
|c|☆supermonst|u 2
|
|t:|1760721063
|teamsize|p1|6
|teamsize|p2|6
|start
|switch|p1a: Pelipper|Pelipper, F|100/100
|switch|p2a: Garchomp|Garchomp, F|100/100
|-weather|RainDance|[from] ability: Drizzle|[of] p1a: Pelipper
|turn|1
|
|t:|1760721068
|switch|p1a: Hatterene|Hatterene, F|100/100
|move|p2a: Garchomp|Earthquake|p1a: Hatterene
|-damage|p1a: Hatterene|63/100
|-enditem|p1a: Hatterene|Eject Button
|inactive|Pancake619 has 120 seconds left.
|
|t:|1760721106
|switch|p1a: Zapdos|Zapdos|100/100
|
|-weather|RainDance|[upkeep]
|upkeep
|turn|2
|
|t:|1760721110
|switch|p2a: Scizor|Scizor, F|100/100
|move|p1a: Zapdos|Hurricane|p2a: Scizor
|-damage|p2a: Scizor|0 fnt
|faint|p2a: Scizor
|
|-weather|RainDance|[upkeep]
|upkeep
|
|t:|1760721113
|switch|p2a: Dragapult|Dragapult, F|100/100
|turn|3
|
|t:|1760721117
|move|p2a: Dragapult|Dragon Dance|p2a: Dragapult
|-boost|p2a: Dragapult|atk|1
|-boost|p2a: Dragapult|spe|1
|move|p1a: Zapdos|Hurricane|p2a: Dragapult
|-damage|p2a: Dragapult|0 fnt
|faint|p2a: Dragapult
|
|-weather|RainDance|[upkeep]
|upkeep
|
|t:|1760721119
|switch|p2a: Greninja|Greninja, M|100/100
|turn|4
|
|t:|1760721126
|switch|p1a: Toxicroak|Toxicroak, F|100/100
|move|p2a: Greninja|Hydro Pump|p1a: Toxicroak
|-immune|p1a: Toxicroak|[from] ability: Dry Skin
|
|-weather|RainDance|[upkeep]
|upkeep
|turn|5
|
|t:|1760721130
|switch|p2a: Garchomp|Garchomp, F|100/100
|move|p1a: Toxicroak|Knock Off|p2a: Garchomp
|-damage|p2a: Garchomp|85/100
|-damage|p1a: Toxicroak|88/100|[from] ability: Rough Skin|[of] p2a: Garchomp
|-damage|p1a: Toxicroak|72/100|[from] item: Rocky Helmet|[of] p2a: Garchomp
|-enditem|p2a: Garchomp|Rocky Helmet|[from] move: Knock Off|[of] p1a: Toxicroak
|
|-weather|RainDance|[upkeep]
|-heal|p1a: Toxicroak|84/100|[from] ability: Dry Skin
|upkeep
|turn|6
|
|t:|1760721134
|switch|p1a: Zapdos|Zapdos|100/100
|move|p2a: Garchomp|Earthquake|p1a: Zapdos
|-immune|p1a: Zapdos
|
|-weather|RainDance|[upkeep]
|upkeep
|turn|7
|
|t:|1760721136
|move|p1a: Zapdos|Hurricane|p2a: Garchomp
|-damage|p2a: Garchomp|0 fnt
|faint|p2a: Garchomp
|
|-weather|RainDance|[upkeep]
|upkeep
|
|t:|1760721139
|switch|p2a: Dragonite|Dragonite, M|100/100
|turn|8
|
|t:|1760721141
|move|p1a: Zapdos|Hurricane|p2a: Dragonite
|-damage|p2a: Dragonite|56/100
|move|p2a: Dragonite|Dragon Dance|p2a: Dragonite
|-boost|p2a: Dragonite|atk|1
|-boost|p2a: Dragonite|spe|1
|
|-weather|none
|upkeep
|turn|9
|
|t:|1760721147
|switch|p1a: Pelipper|Pelipper, F|100/100
|-weather|RainDance|[from] ability: Drizzle|[of] p1a: Pelipper
|move|p2a: Dragonite|Dragon Dance|p2a: Dragonite
|-boost|p2a: Dragonite|atk|1
|-boost|p2a: Dragonite|spe|1
|
|-weather|RainDance|[upkeep]
|upkeep
|turn|10
|
|t:|1760721149
|-terastallize|p2a: Dragonite|Normal
|move|p2a: Dragonite|Extreme Speed|p1a: Pelipper
|-damage|p1a: Pelipper|6/100
|move|p1a: Pelipper|Hurricane|p2a: Dragonite
|-damage|p2a: Dragonite|20/100
|-start|p2a: Dragonite|confusion
|
|-weather|RainDance|[upkeep]
|upkeep
|turn|11
|
|t:|1760721155
|switch|p1a: Toxicroak|Toxicroak, F|84/100
|-activate|p2a: Dragonite|confusion
|move|p2a: Dragonite|Extreme Speed|p1a: Toxicroak
|-damage|p1a: Toxicroak|2/100
|-damage|p2a: Dragonite|4/100|[from] item: Rocky Helmet|[of] p1a: Toxicroak
|
|-weather|RainDance|[upkeep]
|-heal|p1a: Toxicroak|15/100|[from] ability: Dry Skin
|upkeep
|turn|12
|
|t:|1760721163
|-activate|p2a: Dragonite|confusion
|move|p2a: Dragonite|Earthquake|p1a: Toxicroak
|-supereffective|p1a: Toxicroak
|-damage|p1a: Toxicroak|0 fnt
|faint|p1a: Toxicroak
|
|-weather|RainDance|[upkeep]
|upkeep
|
|t:|1760721178
|switch|p1a: Iron Treads|Iron Treads|100/100
|turn|13
|
|t:|1760721181
|-terastallize|p1a: Iron Treads|Normal
|-end|p2a: Dragonite|confusion
|move|p2a: Dragonite|Earthquake|p1a: Iron Treads
|-damage|p1a: Iron Treads|40/100
|move|p1a: Iron Treads|Volt Switch|p2a: Dragonite
|-damage|p2a: Dragonite|0 fnt
|faint|p2a: Dragonite
|
|t:|1760721192
|-end|p1a: Iron Treads|Quark Drive|[silent]
|switch|p1a: Zapdos|Zapdos|100/100|[from] Volt Switch
|
|-weather|RainDance|[upkeep]
|upkeep
|
|t:|1760721194
|switch|p2a: Greninja|Greninja, M|100/100
|turn|14
|inactive|Pancake619 has 120 seconds left.
|
|t:|1760721232
|switch|p1a: Iron Treads|Iron Treads, tera:Normal|40/100
|move|p2a: Greninja|Hydro Pump|p1a: Iron Treads
|-damage|p1a: Iron Treads|0 fnt
|faint|p1a: Iron Treads
|-end|p1a: Iron Treads|Quark Drive|[silent]
|-ability|p2a: Greninja|Battle Bond|boost
|-boost|p2a: Greninja|atk|1
|-boost|p2a: Greninja|spa|1
|-boost|p2a: Greninja|spe|1
|-activate|p2a: Greninja|ability: Battle Bond
|-damage|p2a: Greninja|91/100|[from] item: Life Orb
|
|-weather|RainDance|[upkeep]
|upkeep
|
|t:|1760721238
|switch|p1a: Barraskewda|Barraskewda, F|100/100
|turn|15
|
|t:|1760721240
|move|p2a: Greninja|Water Shuriken|p1a: Barraskewda
|-resisted|p1a: Barraskewda
|-damage|p1a: Barraskewda|78/100
|-resisted|p1a: Barraskewda
|-damage|p1a: Barraskewda|57/100
|-resisted|p1a: Barraskewda
|-damage|p1a: Barraskewda|33/100
|-resisted|p1a: Barraskewda
|-damage|p1a: Barraskewda|10/100
|-resisted|p1a: Barraskewda
|-damage|p1a: Barraskewda|0 fnt
|faint|p1a: Barraskewda
|-hitcount|p1: Barraskewda|5
|-damage|p2a: Greninja|81/100|[from] item: Life Orb
|
|-weather|RainDance|[upkeep]
|upkeep
|c|☆supermonst|im so good
|inactive|Pancake619 has 120 seconds left.
|inactive|Pancake619 has 90 seconds left.
|
|t:|1760721296
|switch|p1a: Pelipper|Pelipper, F|6/100
|turn|16
|
|t:|1760721298
|move|p2a: Greninja|Dark Pulse|p1a: Pelipper
|-damage|p1a: Pelipper|0 fnt
|faint|p1a: Pelipper
|-damage|p2a: Greninja|71/100|[from] item: Life Orb
|
|-weather|none
|upkeep
|
|t:|1760721302
|switch|p1a: Zapdos|Zapdos|100/100
|turn|17
|
|t:|1760721321
|move|p2a: Greninja|Hydro Pump|p1a: Zapdos
|-crit|p1a: Zapdos
|-damage|p1a: Zapdos|0 fnt
|faint|p1a: Zapdos
|-damage|p2a: Greninja|61/100|[from] item: Life Orb
|
|upkeep
|inactive|Pancake619 has 90 seconds left.
|
|t:|1760721342
|switch|p1a: Hatterene|Hatterene, F|63/100
|turn|18
|
|t:|1760721345
|move|p2a: Greninja|Hydro Pump|p1a: Hatterene
|-damage|p1a: Hatterene|0 fnt
|faint|p1a: Hatterene
|-damage|p2a: Greninja|51/100|[from] item: Life Orb
|
|win|supermonst
|raw|Pancake619's rating: 1526 &rarr; <strong>1504</strong><br />(-22 for losing)
|raw|supermonst's rating: 1496 &rarr; <strong>1518</strong><br />(+22 for winning)
|l|☆supermonst
|player|p2|
|l|☆Pancake619
|player|p1|
