|j|☆superbigmariofan1
|j|☆ice spice enjoyer
|t:|1760792521
|gametype|singles
|player|p1|superbigmariofan1|2|1643
|player|p2|ice spice enjoyer|hoopster|1650
|gen|9
|tier|[Gen 9] OU
|rated|
|rule|HP Percentage Mod: HP is shown in percentages
|rule|Endless Battle Clause: Forcing endless battles is banned
|rule|Species Clause: Limit one of each Pokémon
|rule|OHKO Clause: OHKO moves are banned
|rule|Evasion Items Clause: Evasion items are banned
|rule|Evasion Moves Clause: Evasion moves are banned
|rule|Evasion Abilities Clause: Evasion abilities are banned
|rule|Sleep Moves Clause: Sleep-inducing moves are banned
|clearpoke
|poke|p1|Ogerpon-Wellspring, F|
|poke|p1|Kingambit, M|
|poke|p1|Landorus-Therian, M|
|poke|p1|Glimmora, M|
|poke|p1|Dragapult, F|
|poke|p1|Iron Valiant|
|poke|p2|Weezing-Galar, F|
|poke|p2|Alomomola, F|
|poke|p2|Corviknight, F|
|poke|p2|Ting-Lu|
|poke|p2|Deoxys-Speed|
|poke|p2|Zamazenta-*|
|teampreview
|inactive|Battle timer is ON: inactive players will automatically lose when time's up. (requested by superbigmariofan1)
|inactive|ice spice enjoyer has 120 seconds left.
|
|t:|1760792564
|teamsize|p1|6
|teamsize|p2|6
|start
|switch|p1a: Kingambit|Kingambit, M|100/100
|switch|p2a: Alomomola|Alomomola, F|100/100
|turn|1
|
|t:|1760792578
|switch|p2a: Weezing|Weezing-Galar, F|100/100
|-ability|p2a: Weezing|Neutralizing Gas
|move|p1a: Kingambit|Swords Dance|p1a: Kingambit
|-boost|p1a: Kingambit|atk|2
|
|upkeep
|turn|2
|
|t:|1760792590
|move|p2a: Weezing|Will-O-Wisp|p1a: Kingambit
|-status|p1a: Kingambit|brn
|move|p1a: Kingambit|Iron Head|p2a: Weezing
|-supereffective|p2a: Weezing
|-damage|p2a: Weezing|36/100
|
|-damage|p1a: Kingambit|94/100 brn|[from] brn
|upkeep
|turn|3
|
|t:|1760792596
|move|p2a: Weezing|Pain Split|p1a: Kingambit
|-sethp|p1a: Kingambit|62/100 brn|[from] move: Pain Split|[silent]
|-sethp|p2a: Weezing|74/100|[from] move: Pain Split
|move|p1a: Kingambit|Iron Head|p2a: Weezing
|-supereffective|p2a: Weezing
|-damage|p2a: Weezing|10/100
|
|-heal|p1a: Kingambit|68/100 brn|[from] item: Leftovers
|-damage|p1a: Kingambit|62/100 brn|[from] brn
|upkeep
|turn|4
|
|t:|1760792601
|move|p2a: Weezing|Pain Split|p1a: Kingambit
|-sethp|p1a: Kingambit|35/100 brn|[from] move: Pain Split|[silent]
|-sethp|p2a: Weezing|42/100|[from] move: Pain Split
|move|p1a: Kingambit|Kowtow Cleave|p2a: Weezing
|-resisted|p2a: Weezing
|-damage|p2a: Weezing|25/100
|
|-heal|p1a: Kingambit|41/100 brn|[from] item: Leftovers
|-damage|p1a: Kingambit|35/100 brn|[from] brn
|upkeep
|turn|5
|inactive|ice spice enjoyer has 120 seconds left.
|
|t:|1760792642
|-end|p2a: Weezing|ability: Neutralizing Gas
|switch|p2a: Alomomola|Alomomola, F|100/100
|move|p1a: Kingambit|Swords Dance|p1a: Kingambit
|-boost|p1a: Kingambit|atk|2
|
|-heal|p1a: Kingambit|41/100 brn|[from] item: Leftovers
|-damage|p1a: Kingambit|35/100 brn|[from] brn
|upkeep
|turn|6
|
|t:|1760792655
|-end|p1a: Kingambit|fallenundefined|[silent]
|switch|p1a: Ogerpon|Ogerpon-Wellspring, F|100/100
|move|p2a: Alomomola|Flip Turn|p1a: Ogerpon
|-immune|p1a: Ogerpon|[from] ability: Water Absorb
|
|upkeep
|turn|7
|inactive|ice spice enjoyer has 120 seconds left.
|
|t:|1760792662
|switch|p2a: Corviknight|Corviknight, F|100/100
|-ability|p2a: Corviknight|Pressure
|move|p1a: Ogerpon|Ivy Cudgel|p2a: Corviknight|[anim] Ivy Cudgel Water
|-damage|p2a: Corviknight|63/100
|
|-heal|p2a: Corviknight|69/100|[from] item: Leftovers
|upkeep
|turn|8
|
|t:|1760792665
|-terastallize|p1a: Ogerpon|Water
|detailschange|p1a: Ogerpon|Ogerpon-Wellspring-Tera, F, tera:Water
|-ability|p1a: Ogerpon|Embody Aspect (Wellspring)|boost
|-boost|p1a: Ogerpon|spd|1
|move|p1a: Ogerpon|Ivy Cudgel|p2a: Corviknight|[anim] Ivy Cudgel Water
|-damage|p2a: Corviknight|21/100
|move|p2a: Corviknight|Brave Bird|p1a: Ogerpon
|-damage|p1a: Ogerpon|50/100
|-damage|p2a: Corviknight|8/100|[from] Recoil
|
|-heal|p2a: Corviknight|14/100|[from] item: Leftovers
|upkeep
|turn|9
|
|t:|1760792674
|move|p1a: Ogerpon|Ivy Cudgel|p2a: Corviknight|[anim] Ivy Cudgel Water
|-damage|p2a: Corviknight|0 fnt
|faint|p2a: Corviknight
|
|upkeep
|
|t:|1760792686
|switch|p2a: Zamazenta|Zamazenta|100/100
|-ability|p2a: Zamazenta|Dauntless Shield|boost
|-boost|p2a: Zamazenta|def|1
|turn|10
|
|t:|1760792693
|switch|p1a: Iron Valiant|Iron Valiant|100/100
|-enditem|p1a: Iron Valiant|Booster Energy
|-activate|p1a: Iron Valiant|ability: Quark Drive|[fromitem]
|-start|p1a: Iron Valiant|quarkdrivespe
|move|p2a: Zamazenta|Body Press|p1a: Iron Valiant
|-resisted|p1a: Iron Valiant
|-damage|p1a: Iron Valiant|66/100
|
|upkeep
|turn|11
|
|t:|1760792700
|move|p1a: Iron Valiant|Swords Dance|p1a: Iron Valiant
|-boost|p1a: Iron Valiant|atk|2
|move|p2a: Zamazenta|Heavy Slam|p1a: Iron Valiant
|-supereffective|p1a: Iron Valiant
|-damage|p1a: Iron Valiant|0 fnt
|faint|p1a: Iron Valiant
|-end|p1a: Iron Valiant|Quark Drive|[silent]
|
|upkeep
|
|t:|1760792704
|switch|p1a: Landorus|Landorus-Therian, M|100/100
|-ability|p1a: Landorus|Intimidate|boost
|-unboost|p2a: Zamazenta|atk|1
|turn|12
|
|t:|1760792711
|move|p2a: Zamazenta|Iron Defense|p2a: Zamazenta
|-boost|p2a: Zamazenta|def|2
|move|p1a: Landorus|Stealth Rock|p2a: Zamazenta
|-sidestart|p2: ice spice enjoyer|move: Stealth Rock
|
|upkeep
|turn|13
|
|t:|1760792727
|move|p2a: Zamazenta|Body Press|p1a: Landorus
|-resisted|p1a: Landorus
|-damage|p1a: Landorus|55/100
|-damage|p2a: Zamazenta|84/100|[from] item: Rocky Helmet|[of] p1a: Landorus
|move|p1a: Landorus|Earthquake|p2a: Zamazenta
|-damage|p2a: Zamazenta|68/100
|
|-heal|p2a: Zamazenta|74/100|[from] item: Leftovers
|upkeep
|turn|14
|
|t:|1760792734
|switch|p1a: Kingambit|Kingambit, M|35/100 brn
|-activate|p1a: Kingambit|ability: Supreme Overlord
|-start|p1a: Kingambit|fallen1|[silent]
|move|p2a: Zamazenta|Iron Defense|p2a: Zamazenta
|-boost|p2a: Zamazenta|def|2
|
|-heal|p2a: Zamazenta|80/100|[from] item: Leftovers
|-heal|p1a: Kingambit|41/100 brn|[from] item: Leftovers
|-damage|p1a: Kingambit|35/100 brn|[from] brn
|upkeep
|turn|15
|
|t:|1760792738
|move|p2a: Zamazenta|Body Press|p1a: Kingambit
|-supereffective|p1a: Kingambit
|-damage|p1a: Kingambit|0 fnt
|faint|p1a: Kingambit
|-end|p1a: Kingambit|fallen1|[silent]
|
|-heal|p2a: Zamazenta|87/100|[from] item: Leftovers
|upkeep
|
|t:|1760792747
|switch|p1a: Dragapult|Dragapult, F|100/100
|turn|16
|
|t:|1760792754
|switch|p2a: Alomomola|Alomomola, F|100/100
|-damage|p2a: Alomomola|88/100|[from] Stealth Rock
|move|p1a: Dragapult|Draco Meteor|p2a: Alomomola
|-damage|p2a: Alomomola|44/100
|-unboost|p1a: Dragapult|spa|2
|
|upkeep
|turn|17
|
|t:|1760792763
|move|p1a: Dragapult|Draco Meteor|p2a: Alomomola
|-damage|p2a: Alomomola|21/100
|-unboost|p1a: Dragapult|spa|2
|move|p2a: Alomomola|Flip Turn|p1a: Dragapult
|-resisted|p1a: Dragapult
|-damage|p1a: Dragapult|89/100
|
|t:|1760792770
|switch|p2a: Deoxys|Deoxys-Speed|100/100|[from] Flip Turn
|-damage|p2a: Deoxys|88/100|[from] Stealth Rock
|-ability|p2a: Deoxys|Pressure
|
|upkeep
|turn|18
|
|t:|1760792776
|switch|p1a: Landorus|Landorus-Therian, M|55/100
|-ability|p1a: Landorus|Intimidate|boost
|-unboost|p2a: Deoxys|atk|1
|move|p2a: Deoxys|Nasty Plot|p2a: Deoxys
|-boost|p2a: Deoxys|spa|2
|
|upkeep
|turn|19
|-message|superbigmariofan1 forfeited.
|
|win|ice spice enjoyer
|raw|superbigmariofan1's rating: 1643 &rarr; <strong>1623</strong><br />(-20 for losing)
|raw|ice spice enjoyer's rating: 1650 &rarr; <strong>1670</strong><br />(+20 for winning)
|l|☆superbigmariofan1
|player|p1|
|l|☆ice spice enjoyer
|player|p2|
