|j|☆WalkingOnionRings
|j|☆dr.freeze931
|t:|1760807398
|gametype|singles
|player|p1|WalkingOnionRings|blue|1401
|player|p2|dr.freeze931|102|1448
|gen|9
|tier|[Gen 9] OU
|rated|
|rule|HP Percentage Mod: HP is shown in percentages
|rule|Endless Battle Clause: Forcing endless battles is banned
|rule|Species Clause: Limit one of each Pokémon
|rule|OHKO Clause: OHKO moves are banned
|rule|Evasion Items Clause: Evasion items are banned
|rule|Evasion Moves Clause: Evasion moves are banned
|rule|Evasion Abilities Clause: Evasion abilities are banned
|rule|Sleep Moves Clause: Sleep-inducing moves are banned
|clearpoke
|poke|p1|Flamigo, F|
|poke|p1|Kyurem|
|poke|p1|Hatterene, F|
|poke|p1|Slowking-Galar, M|
|poke|p1|Great Tusk|
|poke|p1|Tornadus-Therian, M|
|poke|p2|Dragonite, M|
|poke|p2|Glimmora, F|
|poke|p2|Zamazenta-*|
|poke|p2|Pecharunt|
|poke|p2|Deoxys-Defense|
|poke|p2|Iron Treads|
|teampreview
|inactive|Battle timer is ON: inactive players will automatically lose when time's up. (requested by WalkingOnionRings)
|c|☆WalkingOnionRings|Hf
|inactive|dr.freeze931 has 120 seconds left.
|inactive|dr.freeze931 has 90 seconds left.
|l|☆WalkingOnionRings
|inactive|WalkingOnionRings disconnected and has a minute to reconnect!
|player|p1|
|
|t:|1760807464
|teamsize|p1|6
|teamsize|p2|6
|start
|switch|p1a: Kyurem|Kyurem|100/100
|switch|p2a: Iron Treads|Iron Treads|100/100
|-ability|p1a: Kyurem|Pressure
|turn|1
|j|☆WalkingOnionRings
|inactive|WalkingOnionRings reconnected and has 150 seconds left.
|player|p1|WalkingOnionRings|blue|
|inactive|dr.freeze931 has 120 seconds left.
|
|t:|1760807515
|move|p2a: Iron Treads|Knock Off|p1a: Kyurem
|-damage|p1a: Kyurem|70/100
|-enditem|p1a: Kyurem|Loaded Dice|[from] move: Knock Off|[of] p2a: Iron Treads
|move|p1a: Kyurem|Earth Power|p2a: Iron Treads
|-supereffective|p2a: Iron Treads
|-damage|p2a: Iron Treads|41/100
|
|upkeep
|turn|2
|
|t:|1760807534
|-end|p2a: Iron Treads|Quark Drive|[silent]
|switch|p2a: Deoxys|Deoxys-Defense|100/100
|-ability|p2a: Deoxys|Pressure
|move|p1a: Kyurem|Dragon Dance|p1a: Kyurem
|-boost|p1a: Kyurem|atk|1
|-boost|p1a: Kyurem|spe|1
|
|upkeep
|turn|3
|
|t:|1760807540
|switch|p1a: Hatterene|Hatterene, F|100/100
|move|p2a: Deoxys|Taunt|p1a: Hatterene
|move|p1a: Hatterene|Taunt|p2a: Deoxys|[from] ability: Magic Bounce
|-start|p2a: Deoxys|move: Taunt
|
|upkeep
|turn|4
|
|t:|1760807547
|move|p2a: Deoxys|Knock Off|p1a: Hatterene
|-damage|p1a: Hatterene|82/100
|-enditem|p1a: Hatterene|Eject Button|[from] move: Knock Off|[of] p2a: Deoxys
|move|p1a: Hatterene|Nuzzle|p2a: Deoxys
|-damage|p2a: Deoxys|97/100
|-status|p2a: Deoxys|par
|
|-heal|p2a: Deoxys|100/100 par|[from] item: Leftovers
|upkeep
|turn|5
|
|t:|1760807553
|switch|p2a: Dragonite|Dragonite, M|100/100
|move|p1a: Hatterene|Calm Mind|p1a: Hatterene
|-boost|p1a: Hatterene|spa|1
|-boost|p1a: Hatterene|spd|1
|
|upkeep
|turn|6
|inactive|dr.freeze931 has 120 seconds left.
|
|t:|1760807559
|move|p2a: Dragonite|Dragon Dance|p2a: Dragonite
|-boost|p2a: Dragonite|atk|1
|-boost|p2a: Dragonite|spe|1
|move|p1a: Hatterene|Draining Kiss|p2a: Dragonite
|-supereffective|p2a: Dragonite
|-damage|p2a: Dragonite|61/100
|-heal|p1a: Hatterene|100/100|[from] drain|[of] p2a: Dragonite
|
|upkeep
|turn|7
|inactive|dr.freeze931 has 120 seconds left.
|
|t:|1760807581
|switch|p2a: Pecharunt|Pecharunt|100/100
|move|p1a: Hatterene|Draining Kiss|p2a: Pecharunt
|-resisted|p2a: Pecharunt
|-damage|p2a: Pecharunt|78/100
|
|-heal|p2a: Pecharunt|84/100|[from] item: Leftovers
|upkeep
|turn|8
|
|t:|1760807587
|switch|p1a: Slowking|Slowking-Galar, M|100/100
|move|p2a: Pecharunt|Malignant Chain|p1a: Slowking
|-resisted|p1a: Slowking
|-damage|p1a: Slowking|91/100
|
|-heal|p2a: Pecharunt|90/100|[from] item: Leftovers
|upkeep
|turn|9
|
|t:|1760807591
|move|p2a: Pecharunt|Parting Shot|p1a: Slowking
|-unboost|p1a: Slowking|atk|1
|-unboost|p1a: Slowking|spa|1
|
|t:|1760807595
|switch|p2a: Glimmora|Glimmora, F|100/100|[from] Parting Shot
|-prepare|p1a: Slowking|Chilly Reception|[premajor]
|move|p1a: Slowking|Chilly Reception|p1a: Slowking
|-weather|Snowscape
|
|t:|1760807601
|switch|p1a: Kyurem|Kyurem|70/100|[from] Chilly Reception
|-ability|p1a: Kyurem|Pressure
|
|-weather|Snowscape|[upkeep]
|upkeep
|turn|10
|
|t:|1760807605
|switch|p2a: Deoxys|Deoxys-Defense|100/100 par
|-ability|p2a: Deoxys|Pressure
|move|p1a: Kyurem|Earth Power|p2a: Deoxys
|-damage|p2a: Deoxys|80/100 par
|
|-weather|Snowscape|[upkeep]
|-heal|p2a: Deoxys|86/100 par|[from] item: Leftovers
|upkeep
|turn|11
|
|t:|1760807608
|switch|p1a: Hatterene|Hatterene, F|100/100
|move|p2a: Deoxys|Teleport|p2a: Deoxys
|
|t:|1760807613
|switch|p2a: Pecharunt|Pecharunt|90/100|[from] Teleport
|
|-weather|Snowscape|[upkeep]
|-heal|p2a: Pecharunt|97/100|[from] item: Leftovers
|upkeep
|turn|12
|
|t:|1760807618
|move|p2a: Pecharunt|Shadow Ball|p1a: Hatterene
|-supereffective|p1a: Hatterene
|-damage|p1a: Hatterene|46/100
|move|p1a: Hatterene|Nuzzle|p2a: Pecharunt
|-damage|p2a: Pecharunt|94/100
|-status|p2a: Pecharunt|par
|
|-weather|Snowscape|[upkeep]
|-heal|p2a: Pecharunt|100/100 par|[from] item: Leftovers
|upkeep
|turn|13
|
|t:|1760807624
|switch|p1a: Slowking|Slowking-Galar, M|100/100
|cant|p2a: Pecharunt|par
|
|-weather|none
|upkeep
|turn|14
|
|t:|1760807636
|switch|p2a: Deoxys|Deoxys-Defense|86/100 par
|-ability|p2a: Deoxys|Pressure
|-prepare|p1a: Slowking|Chilly Reception|[premajor]
|move|p1a: Slowking|Chilly Reception|p1a: Slowking
|-weather|Snowscape
|
|t:|1760807647
|switch|p1a: Hatterene|Hatterene, F|46/100|[from] Chilly Reception
|
|-weather|Snowscape|[upkeep]
|-heal|p2a: Deoxys|93/100 par|[from] item: Leftovers
|upkeep
|turn|15
|
|t:|1760807652
|move|p1a: Hatterene|Draining Kiss|p2a: Deoxys
|-damage|p2a: Deoxys|74/100 par
|-heal|p1a: Hatterene|59/100|[from] drain|[of] p2a: Deoxys
|move|p2a: Deoxys|Teleport|p2a: Deoxys
|
|t:|1760807659
|switch|p2a: Pecharunt|Pecharunt|100/100 par|[from] Teleport
|
|-weather|Snowscape|[upkeep]
|upkeep
|turn|16
|
|t:|1760807663
|switch|p1a: Slowking|Slowking-Galar, M|100/100
|move|p2a: Pecharunt|Shadow Ball|p1a: Slowking
|-supereffective|p1a: Slowking
|-damage|p1a: Slowking|70/100
|-unboost|p1a: Slowking|spd|1
|
|-weather|Snowscape|[upkeep]
|upkeep
|turn|17
|
|t:|1760807669
|move|p2a: Pecharunt|Shadow Ball|p1a: Slowking
|-supereffective|p1a: Slowking
|-damage|p1a: Slowking|25/100
|-unboost|p1a: Slowking|spd|1
|-prepare|p1a: Slowking|Chilly Reception|[premajor]
|move|p1a: Slowking|Chilly Reception|p1a: Slowking
|
|t:|1760807673
|switch|p1a: Kyurem|Kyurem|70/100|[from] Chilly Reception
|-ability|p1a: Kyurem|Pressure
|
|-weather|Snowscape|[upkeep]
|upkeep
|turn|18
|
|t:|1760807679
|switch|p2a: Deoxys|Deoxys-Defense|74/100 par
|-ability|p2a: Deoxys|Pressure
|move|p1a: Kyurem|Dragon Dance|p1a: Kyurem
|-boost|p1a: Kyurem|atk|1
|-boost|p1a: Kyurem|spe|1
|
|-weather|none
|-heal|p2a: Deoxys|80/100 par|[from] item: Leftovers
|upkeep
|turn|19
|
|t:|1760807689
|switch|p2a: Zamazenta|Zamazenta|100/100
|-ability|p2a: Zamazenta|Dauntless Shield|boost
|-boost|p2a: Zamazenta|def|1
|move|p1a: Kyurem|Icicle Spear|p2a: Zamazenta
|-damage|p2a: Zamazenta|90/100
|-damage|p2a: Zamazenta|80/100
|-damage|p2a: Zamazenta|70/100
|-hitcount|p2a: Zamazenta|3
|
|upkeep
|turn|20
|
|t:|1760807695
|move|p1a: Kyurem|Freeze-Dry|p2a: Zamazenta
|-damage|p2a: Zamazenta|30/100
|-status|p2a: Zamazenta|frz
|cant|p2a: Zamazenta|frz
|
|upkeep
|turn|21
|
|t:|1760807701
|move|p1a: Kyurem|Freeze-Dry|p2a: Zamazenta
|-damage|p2a: Zamazenta|0 fnt
|faint|p2a: Zamazenta
|
|upkeep
|c|☆WalkingOnionRings|Mb
|c|☆dr.freeze931|all g
|
|t:|1760807713
|switch|p2a: Glimmora|Glimmora, F|100/100
|turn|22
|
|t:|1760807717
|move|p1a: Kyurem|Earth Power|p2a: Glimmora
|-supereffective|p2a: Glimmora
|-enditem|p2a: Glimmora|Focus Sash
|-damage|p2a: Glimmora|1/100
|move|p2a: Glimmora|Stealth Rock|p1a: Kyurem
|-sidestart|p1: WalkingOnionRings|move: Stealth Rock
|
|upkeep
|turn|23
|
|t:|1760807725
|move|p1a: Kyurem|Freeze-Dry|p2a: Glimmora
|-damage|p2a: Glimmora|0 fnt
|faint|p2a: Glimmora
|
|upkeep
|
|t:|1760807728
|switch|p2a: Iron Treads|Iron Treads|41/100
|turn|24
|
|t:|1760807731
|move|p1a: Kyurem|Earth Power|p2a: Iron Treads
|-supereffective|p2a: Iron Treads
|-damage|p2a: Iron Treads|0 fnt
|faint|p2a: Iron Treads
|-end|p2a: Iron Treads|Quark Drive|[silent]
|
|upkeep
|
|t:|1760807741
|switch|p2a: Pecharunt|Pecharunt|100/100 par
|turn|25
|
|t:|1760807743
|move|p1a: Kyurem|Earth Power|p2a: Pecharunt
|-supereffective|p2a: Pecharunt
|-damage|p2a: Pecharunt|34/100 par
|cant|p2a: Pecharunt|par
|
|-heal|p2a: Pecharunt|40/100 par|[from] item: Leftovers
|upkeep
|turn|26
|
|t:|1760807750
|move|p1a: Kyurem|Earth Power|p2a: Pecharunt
|-supereffective|p2a: Pecharunt
|-damage|p2a: Pecharunt|0 fnt
|faint|p2a: Pecharunt
|
|upkeep
|
|t:|1760807752
|switch|p2a: Deoxys|Deoxys-Defense|80/100 par
|-ability|p2a: Deoxys|Pressure
|turn|27
|
|t:|1760807756
|move|p1a: Kyurem|Icicle Spear|p2a: Deoxys
|-damage|p2a: Deoxys|68/100 par
|-damage|p2a: Deoxys|56/100 par
|-hitcount|p2a: Deoxys|2
|cant|p2a: Deoxys|par
|
|-heal|p2a: Deoxys|63/100 par|[from] item: Leftovers
|upkeep
|turn|28
|
|t:|1760807761
|move|p1a: Kyurem|Icicle Spear|p2a: Deoxys
|-damage|p2a: Deoxys|51/100 par
|-crit|p2a: Deoxys
|-damage|p2a: Deoxys|33/100 par
|-damage|p2a: Deoxys|20/100 par
|-damage|p2a: Deoxys|8/100 par
|-hitcount|p2a: Deoxys|4
|cant|p2a: Deoxys|par
|
|-heal|p2a: Deoxys|14/100 par|[from] item: Leftovers
|upkeep
|turn|29
|-message|dr.freeze931 forfeited.
|
|win|WalkingOnionRings
|raw|WalkingOnionRings's rating: 1401 &rarr; <strong>1424</strong><br />(+23 for winning)
|raw|dr.freeze931's rating: 1448 &rarr; <strong>1425</strong><br />(-23 for losing)
|l|☆dr.freeze931
|player|p2|
|l|☆WalkingOnionRings
|player|p1|
