|j|☆Ences8_
|j|☆pantuxd
|t:|1760856420
|gametype|singles
|player|p1|Ences8_|maid|1453
|player|p2|pantuxd|1|1436
|gen|9
|tier|[Gen 9] OU
|rated|
|rule|HP Percentage Mod: HP is shown in percentages
|rule|Endless Battle Clause: Forcing endless battles is banned
|rule|Species Clause: Limit one of each Pokémon
|rule|OHKO Clause: OHKO moves are banned
|rule|Evasion Items Clause: Evasion items are banned
|rule|Evasion Moves Clause: Evasion moves are banned
|rule|Evasion Abilities Clause: Evasion abilities are banned
|rule|Sleep Moves Clause: Sleep-inducing moves are banned
|clearpoke
|poke|p1|Heatran, M|
|poke|p1|Iron Valiant|
|poke|p1|Iron Treads|
|poke|p1|Dragapult, F|
|poke|p1|Samurott-Hisui, F|
|poke|p1|Tornadus-Therian, M|
|poke|p2|Carbink, L1|
|poke|p2|Braviary-Hisui, M|
|poke|p2|Ursaluna, M|
|poke|p2|Kingambit, F|
|poke|p2|Iron Hands|
|poke|p2|Hatterene, F|
|teampreview
|inactive|Battle timer is ON: inactive players will automatically lose when time's up. (requested by pantuxd)
|
|t:|1760856436
|teamsize|p1|6
|teamsize|p2|6
|start
|switch|p1a: Samurott|Samurott-Hisui, F|100/100
|switch|p2a: Carbink|Carbink, L1|100/100
|turn|1
|
|t:|1760856453
|move|p1a: Samurott|Ceaseless Edge|p2a: Carbink
|-resisted|p2a: Carbink
|-ability|p2a: Carbink|Sturdy
|-damage|p2a: Carbink|9/100
|-sidestart|p2: pantuxd|Spikes
|move|p2a: Carbink|Trick Room|p2a: Carbink
|-fieldstart|move: Trick Room|[of] p2a: Carbink
|
|-damage|p2a: Carbink|0 fnt|[from] item: Black Sludge
|faint|p2a: Carbink
|upkeep
|inactive|pantuxd has 120 seconds left.
|
|t:|1760856481
|switch|p2a: Iron Hands|Iron Hands|100/100
|-damage|p2a: Iron Hands|88/100|[from] Spikes
|-enditem|p2a: Iron Hands|Booster Energy
|-activate|p2a: Iron Hands|ability: Quark Drive|[fromitem]
|-start|p2a: Iron Hands|quarkdriveatk
|turn|2
|
|t:|1760856486
|switch|p1a: Heatran|Heatran, M|100/100
|move|p2a: Iron Hands|Swords Dance|p2a: Iron Hands
|-boost|p2a: Iron Hands|atk|2
|
|upkeep
|turn|3
|
|t:|1760856500
|-terastallize|p1a: Heatran|Grass
|move|p2a: Iron Hands|Drain Punch|p1a: Heatran
|-damage|p1a: Heatran|23/100
|-heal|p2a: Iron Hands|100/100|[from] drain|[of] p1a: Heatran
|-damage|p2a: Iron Hands|84/100|[from] item: Rocky Helmet|[of] p1a: Heatran
|move|p1a: Heatran|Will-O-Wisp|p2a: Iron Hands
|-status|p2a: Iron Hands|brn
|
|-damage|p2a: Iron Hands|78/100 brn|[from] brn
|upkeep
|turn|4
|inactive|pantuxd has 120 seconds left.
|
|t:|1760856519
|switch|p1a: Tornadus|Tornadus-Therian, M|100/100
|move|p2a: Iron Hands|Drain Punch|p1a: Tornadus
|-resisted|p1a: Tornadus
|-damage|p1a: Tornadus|68/100
|-heal|p2a: Iron Hands|91/100 brn|[from] drain|[of] p1a: Tornadus
|
|-damage|p2a: Iron Hands|84/100 brn|[from] brn
|upkeep
|turn|5
|
|t:|1760856533
|switch|p1a: Heatran|Heatran, M, tera:Grass|23/100
|move|p2a: Iron Hands|Ice Punch|p1a: Heatran
|-supereffective|p1a: Heatran
|-damage|p1a: Heatran|0 fnt
|-damage|p2a: Iron Hands|68/100 brn|[from] item: Rocky Helmet|[of] p1a: Heatran
|faint|p1a: Heatran
|
|-damage|p2a: Iron Hands|62/100 brn|[from] brn
|-fieldend|move: Trick Room
|upkeep
|
|t:|1760856537
|switch|p1a: Iron Valiant|Iron Valiant|100/100
|turn|6
|inactive|pantuxd has 120 seconds left.
|
|t:|1760856563
|move|p1a: Iron Valiant|Moonblast|p2a: Iron Hands
|-supereffective|p2a: Iron Hands
|-crit|p2a: Iron Hands
|-damage|p2a: Iron Hands|0 fnt
|faint|p2a: Iron Hands
|-end|p2a: Iron Hands|Quark Drive|[silent]
|
|upkeep
|inactive|pantuxd has 120 seconds left.
|
|t:|1760856580
|switch|p2a: Braviary|Braviary-Hisui, M|100/100
|turn|7
|
|t:|1760856606
|-end|p1a: Iron Valiant|Quark Drive|[silent]
|switch|p1a: Samurott|Samurott-Hisui, F|100/100
|move|p2a: Braviary|Psychic|p1a: Samurott
|-immune|p1a: Samurott
|
|upkeep
|turn|8
|inactive|pantuxd has 120 seconds left.
|
|t:|1760856630
|-terastallize|p2a: Braviary|Fighting
|move|p2a: Braviary|Vacuum Wave|p1a: Samurott
|-supereffective|p1a: Samurott
|-damage|p1a: Samurott|65/100
|-damage|p2a: Braviary|91/100|[from] item: Life Orb
|move|p1a: Samurott|Ceaseless Edge|p2a: Braviary
|-resisted|p2a: Braviary
|-damage|p2a: Braviary|68/100
|-sidestart|p2: pantuxd|Spikes
|
|upkeep
|turn|9
|
|t:|1760856640
|move|p1a: Samurott|Razor Shell|p2a: Braviary
|-damage|p2a: Braviary|15/100
|-unboost|p2a: Braviary|def|1
|move|p2a: Braviary|Hurricane|p1a: Samurott|[miss]
|-miss|p2a: Braviary|p1a: Samurott
|
|upkeep
|turn|10
|
|t:|1760856645
|move|p1a: Samurott|Sucker Punch|p2a: Braviary
|-resisted|p2a: Braviary
|-damage|p2a: Braviary|0 fnt
|faint|p2a: Braviary
|
|upkeep
|
|t:|1760856649
|switch|p2a: Ursaluna|Ursaluna, M|100/100
|-damage|p2a: Ursaluna|84/100|[from] Spikes
|turn|11
|
|t:|1760856653
|move|p1a: Samurott|Razor Shell|p2a: Ursaluna
|-supereffective|p2a: Ursaluna
|-damage|p2a: Ursaluna|15/100
|-unboost|p2a: Ursaluna|def|1
|move|p2a: Ursaluna|Headlong Rush|p1a: Samurott
|-damage|p1a: Samurott|0 fnt
|-unboost|p2a: Ursaluna|def|1
|-unboost|p2a: Ursaluna|spd|1
|faint|p1a: Samurott
|
|-status|p2a: Ursaluna|brn|[from] item: Flame Orb
|upkeep
|
|t:|1760856659
|switch|p1a: Iron Valiant|Iron Valiant|100/100
|turn|12
|
|t:|1760856662
|move|p1a: Iron Valiant|Moonblast|p2a: Ursaluna
|-damage|p2a: Ursaluna|0 fnt
|faint|p2a: Ursaluna
|
|upkeep
|
|t:|1760856664
|switch|p2a: Hatterene|Hatterene, F|100/100
|-damage|p2a: Hatterene|84/100|[from] Spikes
|turn|13
|
|t:|1760856669
|-end|p1a: Iron Valiant|Quark Drive|[silent]
|switch|p1a: Tornadus|Tornadus-Therian, M|100/100
|move|p2a: Hatterene|Trick Room|p2a: Hatterene
|-fieldstart|move: Trick Room|[of] p2a: Hatterene
|
|upkeep
|turn|14
|
|t:|1760856673
|switch|p2a: Kingambit|Kingambit, F|100/100
|-damage|p2a: Kingambit|84/100|[from] Spikes
|-activate|p2a: Kingambit|ability: Supreme Overlord
|-start|p2a: Kingambit|fallen4|[silent]
|move|p1a: Tornadus|Knock Off|p2a: Kingambit
|-resisted|p2a: Kingambit
|-damage|p2a: Kingambit|76/100
|-enditem|p2a: Kingambit|Dread Plate|[from] move: Knock Off|[of] p1a: Tornadus
|
|upkeep
|turn|15
|
|t:|1760856677
|move|p2a: Kingambit|Swords Dance|p2a: Kingambit
|-boost|p2a: Kingambit|atk|2
|move|p1a: Tornadus|U-turn|p2a: Kingambit
|-damage|p2a: Kingambit|65/100
|
|t:|1760856679
|switch|p1a: Dragapult|Dragapult, F|100/100|[from] U-turn
|
|upkeep
|turn|16
|
|t:|1760856683
|move|p2a: Kingambit|Iron Head|p1a: Dragapult
|-damage|p1a: Dragapult|0 fnt
|faint|p1a: Dragapult
|
|upkeep
|
|t:|1760856685
|switch|p1a: Iron Valiant|Iron Valiant|100/100
|turn|17
|
|t:|1760856688
|move|p1a: Iron Valiant|Vacuum Wave|p2a: Kingambit
|-supereffective|p2a: Kingambit
|-damage|p2a: Kingambit|0 fnt
|faint|p2a: Kingambit
|-end|p2a: Kingambit|fallen4|[silent]
|
|-fieldend|move: Trick Room
|upkeep
|-message|pantuxd forfeited.
|
|win|Ences8_
|raw|Ences8_'s rating: 1453 &rarr; <strong>1472</strong><br />(+19 for winning)
|raw|pantuxd's rating: 1436 &rarr; <strong>1417</strong><br />(-19 for losing)
|l|☆pantuxd
|player|p2|
|l|☆Ences8_
|player|p1|
