|j|☆1l0vm4r13
|j|☆Oydess222
|t:|1760785637
|gametype|singles
|player|p1|1l0vm4r13|2|1236
|player|p2|Oydess222|265|1261
|gen|9
|tier|[Gen 9] OU
|rated|
|rule|HP Percentage Mod: HP is shown in percentages
|rule|Endless Battle Clause: Forcing endless battles is banned
|rule|Species Clause: Limit one of each Pokémon
|rule|OHKO Clause: OHKO moves are banned
|rule|Evasion Items Clause: Evasion items are banned
|rule|Evasion Moves Clause: Evasion moves are banned
|rule|Evasion Abilities Clause: Evasion abilities are banned
|rule|Sleep Moves Clause: Sleep-inducing moves are banned
|clearpoke
|poke|p1|Skeledirge, F|
|poke|p1|Slowking-Galar, F|
|poke|p1|Meowscarada, M|
|poke|p1|Great Tusk|
|poke|p1|Ogerpon-Wellspring, F|
|poke|p1|Landorus-Therian, M|
|poke|p2|Ambipom, M|
|poke|p2|Dragapult, M|
|poke|p2|Hatterene, F|
|poke|p2|Volcanion|
|poke|p2|Sinistcha|
|poke|p2|Forretress, M|
|teampreview
|inactive|Battle timer is ON: inactive players will automatically lose when time's up. (requested by Oydess222)
|inactive|1l0vm4r13 also wants the timer to be on.
|
|t:|1760785644
|teamsize|p1|6
|teamsize|p2|6
|start
|switch|p1a: Pavarotti|Skeledirge, F|100/100
|switch|p2a: Ambipom|Ambipom, M|100/100
|turn|1
|
|t:|1760785658
|switch|p2a: Volcanion|Volcanion|100/100
|move|p1a: Pavarotti|Will-O-Wisp|p2a: Volcanion
|-immune|p2a: Volcanion
|
|upkeep
|turn|2
|
|t:|1760785662
|switch|p1a: Sida Crotte-de-nez|Slowking-Galar, F|100/100
|move|p2a: Volcanion|Sludge Wave|p1a: Sida Crotte-de-nez
|-resisted|p1a: Sida Crotte-de-nez
|-damage|p1a: Sida Crotte-de-nez|87/100
|
|-heal|p1a: Sida Crotte-de-nez|93/100|[from] item: Black Sludge
|upkeep
|turn|3
|
|t:|1760785668
|move|p2a: Volcanion|Earth Power|p1a: Sida Crotte-de-nez
|-supereffective|p1a: Sida Crotte-de-nez
|-damage|p1a: Sida Crotte-de-nez|36/100
|-unboost|p1a: Sida Crotte-de-nez|spd|1
|move|p1a: Sida Crotte-de-nez|Future Sight|p2a: Volcanion
|-start|p1a: Sida Crotte-de-nez|move: Future Sight
|
|-heal|p1a: Sida Crotte-de-nez|42/100|[from] item: Black Sludge
|upkeep
|turn|4
|
|t:|1760785677
|switch|p1a: Moustache U|Landorus-Therian, M|100/100
|-ability|p1a: Moustache U|Intimidate|boost
|-unboost|p2a: Volcanion|atk|1
|move|p2a: Volcanion|Steam Eruption|p1a: Moustache U
|-supereffective|p1a: Moustache U
|-damage|p1a: Moustache U|0 fnt
|faint|p1a: Moustache U
|
|upkeep
|
|t:|1760785688
|switch|p1a: Sida Crotte-de-nez|Slowking-Galar, F|76/100
|turn|5
|
|t:|1760785692
|move|p2a: Volcanion|Earth Power|p1a: Sida Crotte-de-nez
|-supereffective|p1a: Sida Crotte-de-nez
|-damage|p1a: Sida Crotte-de-nez|21/100
|move|p1a: Sida Crotte-de-nez|Sludge Bomb|p2a: Volcanion
|-damage|p2a: Volcanion|68/100
|
|-end|p2a: Volcanion|move: Future Sight
|-damage|p2a: Volcanion|26/100
|-heal|p1a: Sida Crotte-de-nez|27/100|[from] item: Black Sludge
|upkeep
|turn|6
|
|t:|1760785704
|switch|p1a: Majora|Ogerpon-Wellspring, F|100/100
|move|p2a: Volcanion|Earth Power|p1a: Majora
|-resisted|p1a: Majora
|-damage|p1a: Majora|80/100
|
|upkeep
|turn|7
|
|t:|1760785710
|move|p1a: Majora|Horn Leech|p2a: Volcanion
|-damage|p2a: Volcanion|0 fnt
|-heal|p1a: Majora|96/100|[from] drain|[of] p2a: Volcanion
|faint|p2a: Volcanion
|
|upkeep
|
|t:|1760785720
|switch|p2a: Dragapult|Dragapult, M|100/100
|turn|8
|
|t:|1760785725
|move|p2a: Dragapult|Will-O-Wisp|p1a: Majora
|-status|p1a: Majora|brn
|move|p1a: Majora|Play Rough|p2a: Dragapult
|-supereffective|p2a: Dragapult
|-damage|p2a: Dragapult|42/100
|
|-damage|p1a: Majora|90/100 brn|[from] brn
|upkeep
|turn|9
|
|t:|1760785737
|switch|p2a: Forretress|Forretress, M|100/100
|move|p1a: Majora|Ivy Cudgel|p2a: Forretress|[anim] Ivy Cudgel Water
|-damage|p2a: Forretress|84/100
|
|-damage|p1a: Majora|84/100 brn|[from] brn
|upkeep
|turn|10
|
|t:|1760785750
|move|p1a: Majora|Ivy Cudgel|p2a: Forretress|[anim] Ivy Cudgel Water
|-damage|p2a: Forretress|66/100
|move|p2a: Forretress|Thunder Wave||[still]
|-fail|p2a: Forretress
|
|-damage|p1a: Majora|78/100 brn|[from] brn
|upkeep
|turn|11
|
|t:|1760785759
|move|p1a: Majora|Ivy Cudgel|p2a: Forretress|[anim] Ivy Cudgel Water
|-damage|p2a: Forretress|50/100
|move|p2a: Forretress|Stealth Rock|p1a: Majora
|-sidestart|p1: 1l0vm4r13|move: Stealth Rock
|
|-damage|p1a: Majora|72/100 brn|[from] brn
|upkeep
|turn|12
|
|t:|1760785767
|move|p1a: Majora|Ivy Cudgel|p2a: Forretress|[anim] Ivy Cudgel Water
|-damage|p2a: Forretress|33/100
|move|p2a: Forretress|Rapid Spin|p1a: Majora
|-damage|p1a: Majora|58/100 brn
|-boost|p2a: Forretress|spe|1
|
|-damage|p1a: Majora|52/100 brn|[from] brn
|upkeep
|turn|13
|
|t:|1760785776
|move|p1a: Majora|Ivy Cudgel|p2a: Forretress|[anim] Ivy Cudgel Water
|-damage|p2a: Forretress|18/100
|move|p2a: Forretress|Pain Split|p1a: Majora
|-sethp|p1a: Majora|36/100 brn|[from] move: Pain Split|[silent]
|-sethp|p2a: Forretress|31/100|[from] move: Pain Split
|
|-damage|p1a: Majora|30/100 brn|[from] brn
|upkeep
|turn|14
|
|t:|1760785784
|move|p1a: Majora|Ivy Cudgel|p2a: Forretress|[anim] Ivy Cudgel Water
|-damage|p2a: Forretress|14/100
|move|p2a: Forretress|Rapid Spin|p1a: Majora
|-damage|p1a: Majora|18/100 brn
|-boost|p2a: Forretress|spe|1
|
|-damage|p1a: Majora|12/100 brn|[from] brn
|upkeep
|turn|15
|
|t:|1760785792
|move|p1a: Majora|Ivy Cudgel|p2a: Forretress|[anim] Ivy Cudgel Water
|-damage|p2a: Forretress|0 fnt
|faint|p2a: Forretress
|
|-damage|p1a: Majora|6/100 brn|[from] brn
|upkeep
|
|t:|1760785797
|switch|p2a: Ambipom|Ambipom, M|100/100
|turn|16
|
|t:|1760785800
|move|p2a: Ambipom|Protect|p2a: Ambipom
|-singleturn|p2a: Ambipom|Protect
|move|p1a: Majora|Ivy Cudgel|p2a: Ambipom|[anim] Ivy Cudgel Water
|-activate|p2a: Ambipom|move: Protect
|
|-damage|p1a: Majora|0 fnt|[from] brn
|faint|p1a: Majora
|upkeep
|
|t:|1760785806
|switch|p1a: Sida Crotte-de-nez|Slowking-Galar, F|61/100
|-damage|p1a: Sida Crotte-de-nez|48/100|[from] Stealth Rock
|turn|17
|
|t:|1760785817
|switch|p2a: Dragapult|Dragapult, M|42/100
|switch|p1a: Cocofantoelefanto|Great Tusk|100/100
|-damage|p1a: Cocofantoelefanto|98/100|[from] Stealth Rock
|
|-heal|p1a: Cocofantoelefanto|100/100|[from] item: Leftovers
|upkeep
|turn|18
|
|t:|1760785824
|move|p2a: Dragapult|Phantom Force||[still]
|-prepare|p2a: Dragapult|Phantom Force
|move|p1a: Cocofantoelefanto|Ice Spinner|p2a: Dragapult|[miss]
|-miss|p1a: Cocofantoelefanto|p2a: Dragapult
|
|upkeep
|turn|19
|
|t:|1760785827
|move|p2a: Dragapult|Phantom Force|p1a: Cocofantoelefanto|[from] lockedmove
|-damage|p1a: Cocofantoelefanto|67/100
|move|p1a: Cocofantoelefanto|Ice Spinner|p2a: Dragapult
|-supereffective|p2a: Dragapult
|-damage|p2a: Dragapult|0 fnt
|faint|p2a: Dragapult
|
|-heal|p1a: Cocofantoelefanto|73/100|[from] item: Leftovers
|upkeep
|
|t:|1760785833
|switch|p2a: Ambipom|Ambipom, M|100/100
|turn|20
|
|t:|1760785838
|move|p2a: Ambipom|Fake Out|p1a: Cocofantoelefanto
|-damage|p1a: Cocofantoelefanto|54/100
|cant|p1a: Cocofantoelefanto|flinch
|
|-heal|p1a: Cocofantoelefanto|60/100|[from] item: Leftovers
|upkeep
|turn|21
|
|t:|1760785842
|move|p2a: Ambipom|Triple Axel|p1a: Cocofantoelefanto
|-supereffective|p1a: Cocofantoelefanto
|-damage|p1a: Cocofantoelefanto|46/100
|-supereffective|p1a: Cocofantoelefanto
|-damage|p1a: Cocofantoelefanto|19/100
|-supereffective|p1a: Cocofantoelefanto
|-damage|p1a: Cocofantoelefanto|0 fnt
|faint|p1a: Cocofantoelefanto
|-end|p1a: Cocofantoelefanto|Protosynthesis|[silent]
|-hitcount|p1: Cocofantoelefanto|3
|
|upkeep
|
|t:|1760785846
|switch|p1a: Sida Crotte-de-nez|Slowking-Galar, F|81/100
|-damage|p1a: Sida Crotte-de-nez|69/100|[from] Stealth Rock
|turn|22
|
|t:|1760785858
|switch|p2a: Hatterene|Hatterene, F|100/100
|move|p1a: Sida Crotte-de-nez|Future Sight|p2a: Hatterene
|-start|p1a: Sida Crotte-de-nez|move: Future Sight
|
|-heal|p1a: Sida Crotte-de-nez|75/100|[from] item: Black Sludge
|upkeep
|turn|23
|
|t:|1760785870
|move|p1a: Sida Crotte-de-nez|Sludge Bomb|p2a: Hatterene
|-supereffective|p2a: Hatterene
|-damage|p2a: Hatterene|21/100
|move|p2a: Hatterene|Nuzzle|p1a: Sida Crotte-de-nez
|-damage|p1a: Sida Crotte-de-nez|71/100
|-status|p1a: Sida Crotte-de-nez|par
|
|-heal|p1a: Sida Crotte-de-nez|77/100 par|[from] item: Black Sludge
|upkeep
|turn|24
|
|t:|1760785899
|move|p1a: Sida Crotte-de-nez|Sludge Bomb|p2a: Hatterene
|-supereffective|p2a: Hatterene
|-damage|p2a: Hatterene|0 fnt
|faint|p2a: Hatterene
|
|-hint|Future Sight did not hit because the target is fainted.
|-heal|p1a: Sida Crotte-de-nez|83/100 par|[from] item: Black Sludge
|upkeep
|
|t:|1760785903
|switch|p2a: Sinistcha|Sinistcha|100/100
|turn|25
|inactive|1l0vm4r13 has 120 seconds left.
|
|t:|1760785923
|move|p2a: Sinistcha|Calm Mind|p2a: Sinistcha
|-boost|p2a: Sinistcha|spa|1
|-boost|p2a: Sinistcha|spd|1
|cant|p1a: Sida Crotte-de-nez|par
|
|-heal|p1a: Sida Crotte-de-nez|89/100 par|[from] item: Black Sludge
|upkeep
|turn|26
|
|t:|1760785929
|move|p2a: Sinistcha|Calm Mind|p2a: Sinistcha
|-boost|p2a: Sinistcha|spa|1
|-boost|p2a: Sinistcha|spd|1
|cant|p1a: Sida Crotte-de-nez|par
|
|-heal|p1a: Sida Crotte-de-nez|95/100 par|[from] item: Black Sludge
|upkeep
|turn|27
|
|t:|1760785936
|move|p2a: Sinistcha|Calm Mind|p2a: Sinistcha
|-boost|p2a: Sinistcha|spa|1
|-boost|p2a: Sinistcha|spd|1
|cant|p1a: Sida Crotte-de-nez|par
|
|-heal|p1a: Sida Crotte-de-nez|100/100 par|[from] item: Black Sludge
|upkeep
|turn|28
|
|t:|1760785943
|move|p2a: Sinistcha|Shadow Ball|p1a: Sida Crotte-de-nez
|-supereffective|p1a: Sida Crotte-de-nez
|-damage|p1a: Sida Crotte-de-nez|0 fnt
|faint|p1a: Sida Crotte-de-nez
|
|upkeep
|
|t:|1760785954
|switch|p1a: Taylor Sweep|Meowscarada, M|100/100
|-damage|p1a: Taylor Sweep|88/100|[from] Stealth Rock
|turn|29
|
|t:|1760785962
|-terastallize|p2a: Sinistcha|Fairy
|move|p1a: Taylor Sweep|Triple Axel|p2a: Sinistcha
|-start|p1a: Taylor Sweep|typechange|Ice|[from] ability: Protean
|-damage|p2a: Sinistcha|92/100
|-damage|p2a: Sinistcha|75/100
|-damage|p2a: Sinistcha|47/100
|-hitcount|p2a: Sinistcha|3
|move|p2a: Sinistcha|Strength Sap|p1a: Taylor Sweep
|-unboost|p1a: Taylor Sweep|atk|1
|-heal|p2a: Sinistcha|100/100
|
|upkeep
|turn|30
|
|t:|1760785976
|switch|p1a: Pavarotti|Skeledirge, F|100/100
|move|p2a: Sinistcha|Matcha Gotcha|p1a: Pavarotti
|-resisted|p1a: Pavarotti
|-crit|p1a: Pavarotti
|-damage|p1a: Pavarotti|76/100
|
|upkeep
|turn|31
|
|t:|1760785979
|move|p2a: Sinistcha|Shadow Ball|p1a: Pavarotti
|-supereffective|p1a: Pavarotti
|-damage|p1a: Pavarotti|17/100
|move|p1a: Pavarotti|Torch Song|p2a: Sinistcha
|-damage|p2a: Sinistcha|83/100
|-boost|p1a: Pavarotti|spa|1
|
|upkeep
|turn|32
|-message|1l0vm4r13 forfeited.
|
|win|Oydess222
|raw|1l0vm4r13's rating: 1236 &rarr; <strong>1213</strong><br />(-23 for losing)
|raw|Oydess222's rating: 1261 &rarr; <strong>1284</strong><br />(+23 for winning)
|l|☆1l0vm4r13
|player|p1|
|l|☆Oydess222
|player|p2|
