|badge|p2|bronze|gen9ubers|100-7
|uhtml|medal-msg|<div class="broadcast-blue">Curious what those medals under the avatar are? PS now has Ladder Seasons! For more information, check out the <a href="https://www.smogon.com/forums/threads/3740067/">thread on Smogon.</a></div>
|j|☆mansonabuluting
|j|☆RoaringMoonlight2
|t:|1760877111
|gametype|singles
|player|p1|mansonabuluting|265|1697
|player|p2|RoaringMoonlight2|turo-ai|1722
|gen|9
|tier|[Gen 9] OU
|rated|
|rule|HP Percentage Mod: HP is shown in percentages
|rule|Endless Battle Clause: Forcing endless battles is banned
|rule|Species Clause: Limit one of each Pokémon
|rule|OHKO Clause: OHKO moves are banned
|rule|Evasion Items Clause: Evasion items are banned
|rule|Evasion Moves Clause: Evasion moves are banned
|rule|Evasion Abilities Clause: Evasion abilities are banned
|rule|Sleep Moves Clause: Sleep-inducing moves are banned
|clearpoke
|poke|p1|Volcanion|
|poke|p1|Rillaboom, M|
|poke|p1|Hawlucha, M|
|poke|p1|Thundurus-Therian, M|
|poke|p1|Goodra-Hisui, M|
|poke|p1|Great Tusk|
|poke|p2|Glimmora, M|
|poke|p2|Iron Valiant|
|poke|p2|Raging Bolt|
|poke|p2|Ogerpon-Wellspring, F|
|poke|p2|Kingambit, M|
|poke|p2|Ceruledge, M|
|teampreview
|inactive|Battle timer is ON: inactive players will automatically lose when time's up. (requested by RoaringMoonlight2)
|inactive|RoaringMoonlight2 has 120 seconds left.
|
|t:|1760877147
|teamsize|p1|6
|teamsize|p2|6
|start
|switch|p1a: Thundurus|Thundurus-Therian, M|100/100
|switch|p2a: Escrameur|Ceruledge, M|100/100
|turn|1
|
|t:|1760877150
|move|p1a: Thundurus|Volt Switch|p2a: Escrameur
|-damage|p2a: Escrameur|49/100
|
|t:|1760877152
|switch|p1a: Volcanion|Volcanion|100/100|[from] Volt Switch
|move|p2a: Escrameur|Poltergeist|p1a: Volcanion
|-activate|p1a: Volcanion|move: Poltergeist|Choice Specs
|-damage|p1a: Volcanion|56/100
|
|upkeep
|turn|2
|
|t:|1760877160
|switch|p2a: Masqurécage|Ogerpon-Wellspring, F|100/100
|move|p1a: Volcanion|Overheat|p2a: Masqurécage
|-damage|p2a: Masqurécage|0 fnt
|-unboost|p1a: Volcanion|spa|2
|faint|p2a: Masqurécage
|
|upkeep
|
|t:|1760877171
|switch|p2a: Fleur de Cuivre|Glimmora, M|100/100
|turn|3
|
|t:|1760877177
|switch|p1a: Goodra|Goodra-Hisui, M|100/100
|move|p2a: Fleur de Cuivre|Stealth Rock|p1a: Goodra
|-sidestart|p1: mansonabuluting|move: Stealth Rock
|
|upkeep
|turn|4
|
|t:|1760877193
|move|p2a: Fleur de Cuivre|Meteor Beam||[still]
|-prepare|p2a: Fleur de Cuivre|Meteor Beam
|-boost|p2a: Fleur de Cuivre|spa|1
|-enditem|p2a: Fleur de Cuivre|Power Herb
|-anim|p2a: Fleur de Cuivre|Meteor Beam|p1a: Goodra|[miss]
|-miss|p2a: Fleur de Cuivre|p1a: Goodra
|move|p1a: Goodra|Flash Cannon|p2a: Fleur de Cuivre
|-supereffective|p2a: Fleur de Cuivre
|-damage|p2a: Fleur de Cuivre|0 fnt
|faint|p2a: Fleur de Cuivre
|
|upkeep
|
|t:|1760877198
|switch|p2a: Général 50/50|Kingambit, M|100/100
|-activate|p2a: Général 50/50|ability: Supreme Overlord
|-start|p2a: Général 50/50|fallen2|[silent]
|turn|5
|
|t:|1760877204
|switch|p1a: Great Tusk|Great Tusk|100/100
|-damage|p1a: Great Tusk|97/100|[from] Stealth Rock
|move|p2a: Général 50/50|Swords Dance|p2a: Général 50/50
|-boost|p2a: Général 50/50|atk|2
|
|upkeep
|turn|6
|
|t:|1760877211
|-end|p2a: Général 50/50|fallen2|[silent]
|switch|p2a: Escrameur|Ceruledge, M|49/100
|move|p1a: Great Tusk|Headlong Rush|p2a: Escrameur
|-supereffective|p2a: Escrameur
|-damage|p2a: Escrameur|0 fnt
|-unboost|p1a: Great Tusk|def|1
|-unboost|p1a: Great Tusk|spd|1
|faint|p2a: Escrameur
|
|upkeep
|
|t:|1760877213
|switch|p2a: Terminator|Iron Valiant|100/100
|-enditem|p2a: Terminator|Booster Energy
|-activate|p2a: Terminator|ability: Quark Drive|[fromitem]
|-start|p2a: Terminator|quarkdrivespe
|turn|7
|
|t:|1760877216
|-end|p1a: Great Tusk|Protosynthesis|[silent]
|switch|p1a: Rillaboom|Rillaboom, M|100/100
|-damage|p1a: Rillaboom|88/100|[from] Stealth Rock
|-fieldstart|move: Grassy Terrain|[from] ability: Grassy Surge|[of] p1a: Rillaboom
|move|p2a: Terminator|Moonblast|p1a: Rillaboom
|-damage|p1a: Rillaboom|39/100
|
|-heal|p1a: Rillaboom|46/100|[from] Grassy Terrain
|upkeep
|turn|8
|
|t:|1760877218
|move|p1a: Rillaboom|Grassy Glide|p2a: Terminator
|-damage|p2a: Terminator|23/100
|move|p2a: Terminator|Moonblast|p1a: Rillaboom
|-damage|p1a: Rillaboom|0 fnt
|faint|p1a: Rillaboom
|
|-heal|p2a: Terminator|30/100|[from] Grassy Terrain
|upkeep
|
|t:|1760877223
|switch|p1a: Hawlucha|Hawlucha, M|100/100
|-damage|p1a: Hawlucha|88/100|[from] Stealth Rock
|-enditem|p1a: Hawlucha|Grassy Seed
|-boost|p1a: Hawlucha|def|1|[from] item: Grassy Seed
|turn|9
|
|t:|1760877224
|move|p1a: Hawlucha|Acrobatics|p2a: Terminator
|-supereffective|p2a: Terminator
|-damage|p2a: Terminator|0 fnt
|faint|p2a: Terminator
|-end|p2a: Terminator|Quark Drive|[silent]
|
|upkeep
|
|t:|1760877228
|switch|p2a: Raille-Cou|Raging Bolt|100/100
|turn|10
|
|t:|1760877229
|move|p1a: Hawlucha|Close Combat|p2a: Raille-Cou
|-damage|p2a: Raille-Cou|51/100
|-unboost|p1a: Hawlucha|def|1
|-unboost|p1a: Hawlucha|spd|1
|move|p2a: Raille-Cou|Dragon Pulse|p1a: Hawlucha
|-damage|p1a: Hawlucha|0 fnt
|faint|p1a: Hawlucha
|
|-heal|p2a: Raille-Cou|57/100|[from] Grassy Terrain
|-heal|p2a: Raille-Cou|63/100|[from] item: Leftovers
|upkeep
|
|t:|1760877231
|switch|p1a: Goodra|Goodra-Hisui, M|100/100
|-damage|p1a: Goodra|94/100|[from] Stealth Rock
|turn|11
|
|t:|1760877235
|-terastallize|p2a: Raille-Cou|Fairy
|move|p2a: Raille-Cou|Calm Mind|p2a: Raille-Cou
|-boost|p2a: Raille-Cou|spa|1
|-boost|p2a: Raille-Cou|spd|1
|move|p1a: Goodra|Draco Meteor|p2a: Raille-Cou
|-immune|p2a: Raille-Cou
|
|-heal|p2a: Raille-Cou|70/100|[from] Grassy Terrain
|-heal|p2a: Raille-Cou|76/100|[from] item: Leftovers
|-heal|p1a: Goodra|100/100|[from] Grassy Terrain
|-fieldend|move: Grassy Terrain
|upkeep
|turn|12
|
|t:|1760877239
|move|p2a: Raille-Cou|Dragon Pulse|p1a: Goodra
|-damage|p1a: Goodra|69/100
|move|p1a: Goodra|Flash Cannon|p2a: Raille-Cou
|-supereffective|p2a: Raille-Cou
|-damage|p2a: Raille-Cou|20/100
|
|-heal|p2a: Raille-Cou|26/100|[from] item: Leftovers
|upkeep
|turn|13
|
|t:|1760877248
|move|p2a: Raille-Cou|Dragon Pulse|p1a: Goodra
|-damage|p1a: Goodra|33/100
|move|p1a: Goodra|Flash Cannon|p2a: Raille-Cou
|-supereffective|p2a: Raille-Cou
|-damage|p2a: Raille-Cou|0 fnt
|faint|p2a: Raille-Cou
|-end|p2a: Raille-Cou|Protosynthesis|[silent]
|
|upkeep
|
|t:|1760877250
|switch|p2a: Général 50/50|Kingambit, M|100/100
|-activate|p2a: Général 50/50|ability: Supreme Overlord
|-start|p2a: Général 50/50|fallen5|[silent]
|turn|14
|
|t:|1760877253
|move|p2a: Général 50/50|Swords Dance|p2a: Général 50/50
|-boost|p2a: Général 50/50|atk|2
|move|p1a: Goodra|Flamethrower|p2a: Général 50/50
|-supereffective|p2a: Général 50/50
|-damage|p2a: Général 50/50|28/100
|-status|p2a: Général 50/50|brn
|
|-damage|p2a: Général 50/50|22/100 brn|[from] brn
|upkeep
|turn|15
|inactive|RoaringMoonlight2 has 120 seconds left.
|c|☆mansonabuluting|What is he doing to max Def hp great tusk
|l|☆mansonabuluting
|inactive|mansonabuluting disconnected and has a minute to reconnect!
|player|p1|
|inactive|RoaringMoonlight2 has 90 seconds left.
|j|☆mansonabuluting
|inactive|mansonabuluting reconnected.
|player|p1|mansonabuluting|265|
|c|☆RoaringMoonlight2|nothing now
|
|t:|1760877323
|move|p2a: Général 50/50|Low Kick|p1a: Goodra
|-supereffective|p1a: Goodra
|-damage|p1a: Goodra|0 fnt
|-ability|p1a: Goodra|Gooey
|-unboost|p2a: Général 50/50|spe|1
|faint|p1a: Goodra
|
|-damage|p2a: Général 50/50|16/100 brn|[from] brn
|upkeep
|
|t:|1760877328
|switch|p1a: Great Tusk|Great Tusk|97/100
|-damage|p1a: Great Tusk|94/100|[from] Stealth Rock
|turn|16
|
|t:|1760877332
|move|p1a: Great Tusk|Headlong Rush|p2a: Général 50/50
|-supereffective|p2a: Général 50/50
|-damage|p2a: Général 50/50|0 fnt
|-unboost|p1a: Great Tusk|def|1
|-unboost|p1a: Great Tusk|spd|1
|faint|p2a: Général 50/50
|-end|p2a: Général 50/50|fallen5|[silent]
|
|win|mansonabuluting
|raw|mansonabuluting's rating: 1697 &rarr; <strong>1718</strong><br />(+21 for winning)
|raw|RoaringMoonlight2's rating: 1722 &rarr; <strong>1701</strong><br />(-21 for losing)
|c|☆mansonabuluting|Nothing ever
|c|☆RoaringMoonlight2|gg
|l|☆mansonabuluting
|player|p1|
|l|☆RoaringMoonlight2
|player|p2|
