|j|☆Keshari
|j|☆njfkln
|t:|1760800444
|gametype|singles
|player|p1|Keshari|cynthia-gen4|1195
|player|p2|njfkln|169|1141
|gen|9
|tier|[Gen 9] OU
|rated|
|rule|HP Percentage Mod: HP is shown in percentages
|rule|Endless Battle Clause: Forcing endless battles is banned
|rule|Species Clause: Limit one of each Pokémon
|rule|OHKO Clause: OHKO moves are banned
|rule|Evasion Items Clause: Evasion items are banned
|rule|Evasion Moves Clause: Evasion moves are banned
|rule|Evasion Abilities Clause: Evasion abilities are banned
|rule|Sleep Moves Clause: Sleep-inducing moves are banned
|clearpoke
|poke|p1|Kingambit, M|
|poke|p1|Mimikyu, F|
|poke|p1|Rillaboom, M|
|poke|p1|Dragonite, F|
|poke|p1|Landorus-Therian, M|
|poke|p1|Zamazenta-*|
|poke|p2|Zapdos|
|poke|p2|Iron Moth|
|poke|p2|Dragapult, M|
|poke|p2|Zamazenta-*|
|poke|p2|Grimmsnarl, M|
|poke|p2|Iron Treads|
|teampreview
|
|t:|1760800491
|teamsize|p1|6
|teamsize|p2|6
|start
|switch|p1a: Landorus|Landorus-Therian, M|100/100
|switch|p2a: Grimmsnarl|Grimmsnarl, M|100/100
|-ability|p1a: Landorus|Intimidate|boost
|-unboost|p2a: Grimmsnarl|atk|1
|turn|1
|
|t:|1760800515
|move|p2a: Grimmsnarl|Reflect|p2a: Grimmsnarl
|-sidestart|p2: njfkln|Reflect
|move|p1a: Landorus|U-turn|p2a: Grimmsnarl
|-damage|p2a: Grimmsnarl|86/100
|
|t:|1760800523
|switch|p1a: Mimikyu|Mimikyu, F|100/100|[from] U-turn
|
|upkeep
|turn|2
|
|t:|1760800530
|move|p2a: Grimmsnarl|Parting Shot|p1a: Mimikyu
|-unboost|p1a: Mimikyu|atk|1
|-unboost|p1a: Mimikyu|spa|1
|
|t:|1760800543
|switch|p2a: Iron Treads|Iron Treads|100/100|[from] Parting Shot
|-enditem|p2a: Iron Treads|Booster Energy
|-activate|p2a: Iron Treads|ability: Quark Drive|[fromitem]
|-start|p2a: Iron Treads|quarkdrivespe
|move|p1a: Mimikyu|Play Rough|p2a: Iron Treads
|-resisted|p2a: Iron Treads
|-damage|p2a: Iron Treads|95/100
|
|upkeep
|turn|3
|
|t:|1760800569
|switch|p1a: Landorus|Landorus-Therian, M|100/100
|-ability|p1a: Landorus|Intimidate|boost
|-unboost|p2a: Iron Treads|atk|1
|move|p2a: Iron Treads|Iron Head|p1a: Landorus
|-damage|p1a: Landorus|75/100
|
|-heal|p1a: Landorus|81/100|[from] item: Leftovers
|upkeep
|turn|4
|
|t:|1760800588
|-end|p2a: Iron Treads|Quark Drive|[silent]
|switch|p2a: Dragapult|Dragapult, M|100/100
|move|p1a: Landorus|Substitute|p1a: Landorus
|-start|p1a: Landorus|Substitute
|-damage|p1a: Landorus|56/100
|
|-heal|p1a: Landorus|62/100|[from] item: Leftovers
|upkeep
|turn|5
|
|t:|1760800632
|move|p2a: Dragapult|Dragon Dance|p2a: Dragapult
|-boost|p2a: Dragapult|atk|1
|-boost|p2a: Dragapult|spe|1
|move|p1a: Landorus|U-turn|p2a: Dragapult
|-resisted|p2a: Dragapult
|-damage|p2a: Dragapult|92/100
|
|t:|1760800638
|switch|p1a: Mimikyu|Mimikyu, F|100/100|[from] U-turn
|
|upkeep
|turn|6
|
|t:|1760800670
|move|p2a: Dragapult|U-turn|p1a: Mimikyu
|-activate|p1a: Mimikyu|ability: Disguise
|-damage|p1a: Mimikyu|100/100
|detailschange|p1a: Mimikyu|Mimikyu-Busted, F
|-damage|p1a: Mimikyu|88/100|[from] pokemon: Mimikyu-Busted
|-enditem|p1a: Mimikyu|Red Card|[of] p2a: Dragapult
|drag|p2a: Zapdos|Zapdos|100/100
|move|p1a: Mimikyu|Play Rough|p2a: Zapdos
|-damage|p2a: Zapdos|78/100
|
|upkeep
|turn|7
|
|t:|1760800697
|move|p2a: Zapdos|Volt Switch|p1a: Mimikyu
|-damage|p1a: Mimikyu|29/100
|-damage|p2a: Zapdos|68/100|[from] item: Life Orb
|
|t:|1760800730
|switch|p2a: Zamazenta|Zamazenta|100/100|[from] Volt Switch
|-ability|p2a: Zamazenta|Dauntless Shield|boost
|-boost|p2a: Zamazenta|def|1
|move|p1a: Mimikyu|Wood Hammer|p2a: Zamazenta
|-damage|p2a: Zamazenta|90/100
|-damage|p1a: Mimikyu|24/100|[from] Recoil
|
|upkeep
|turn|8
|
|t:|1760800749
|move|p2a: Zamazenta|Trailblaze|p1a: Mimikyu
|-damage|p1a: Mimikyu|0 fnt
|-boost|p2a: Zamazenta|spe|1
|faint|p1a: Mimikyu
|-damage|p2a: Zamazenta|80/100|[from] item: Life Orb
|
|-sideend|p2: njfkln|Reflect
|upkeep
|
|t:|1760800758
|switch|p1a: Landorus|Landorus-Therian, M|62/100
|-ability|p1a: Landorus|Intimidate|boost
|-unboost|p2a: Zamazenta|atk|1
|turn|9
|
|t:|1760800782
|move|p2a: Zamazenta|Play Rough|p1a: Landorus
|-damage|p1a: Landorus|38/100
|-damage|p2a: Zamazenta|70/100|[from] item: Life Orb
|move|p1a: Landorus|Earthquake|p2a: Zamazenta
|-crit|p2a: Zamazenta
|-damage|p2a: Zamazenta|0 fnt
|faint|p2a: Zamazenta
|
|-heal|p1a: Landorus|44/100|[from] item: Leftovers
|upkeep
|
|t:|1760800787
|switch|p2a: Grimmsnarl|Grimmsnarl, M|86/100
|turn|10
|inactive|Battle timer is ON: inactive players will automatically lose when time's up. (requested by njfkln)
|
|t:|1760800844
|move|p2a: Grimmsnarl|Reflect|p2a: Grimmsnarl
|-sidestart|p2: njfkln|Reflect
|move|p1a: Landorus|U-turn|p2a: Grimmsnarl
|-damage|p2a: Grimmsnarl|69/100
|
|t:|1760800849
|switch|p1a: Dragonite|Dragonite, F|100/100|[from] U-turn
|
|upkeep
|turn|11
|
|t:|1760800858
|-terastallize|p1a: Dragonite|Normal
|move|p1a: Dragonite|Extreme Speed|p2a: Grimmsnarl
|-damage|p2a: Grimmsnarl|41/100
|move|p2a: Grimmsnarl|Parting Shot|p1a: Dragonite
|-unboost|p1a: Dragonite|atk|1
|-unboost|p1a: Dragonite|spa|1
|
|t:|1760800867
|switch|p2a: Iron Treads|Iron Treads|95/100|[from] Parting Shot
|
|upkeep
|turn|12
|
|t:|1760800891
|switch|p1a: Zamazenta|Zamazenta|100/100
|-ability|p1a: Zamazenta|Dauntless Shield|boost
|-boost|p1a: Zamazenta|def|1
|move|p2a: Iron Treads|Rapid Spin|p1a: Zamazenta
|-damage|p1a: Zamazenta|92/100
|-boost|p2a: Iron Treads|spe|1
|
|-heal|p1a: Zamazenta|98/100|[from] item: Leftovers
|upkeep
|turn|13
|
|t:|1760800917
|-end|p2a: Iron Treads|Quark Drive|[silent]
|switch|p2a: Dragapult|Dragapult, M|92/100
|move|p1a: Zamazenta|Body Press|p2a: Dragapult
|-immune|p2a: Dragapult
|
|-heal|p1a: Zamazenta|100/100|[from] item: Leftovers
|upkeep
|turn|14
|inactive|Keshari has 120 seconds left.
|
|t:|1760800932
|move|p1a: Zamazenta|Crunch|p2a: Dragapult
|-supereffective|p2a: Dragapult
|-damage|p2a: Dragapult|60/100
|move|p2a: Dragapult|Dragon Dance|p2a: Dragapult
|-boost|p2a: Dragapult|atk|1
|-boost|p2a: Dragapult|spe|1
|
|upkeep
|turn|15
|inactive|Keshari has 120 seconds left.
|
|t:|1760800953
|switch|p1a: Landorus|Landorus-Therian, M|44/100
|-ability|p1a: Landorus|Intimidate|boost
|-fail|p2a: Dragapult|unboost|[from] ability: Clear Body|[of] p2a: Dragapult
|move|p2a: Dragapult|Dragon Darts|p1a: Landorus
|-damage|p1a: Landorus|2/100
|-anim|p2a: Dragapult|Dragon Darts|p1a: Landorus
|-damage|p1a: Landorus|0 fnt
|faint|p1a: Landorus
|
|upkeep
|
|t:|1760800963
|switch|p1a: Rillaboom|Rillaboom, M|100/100
|-fieldstart|move: Grassy Terrain|[from] ability: Grassy Surge|[of] p1a: Rillaboom
|turn|16
|
|t:|1760800983
|move|p2a: Dragapult|Dragon Darts|p1a: Rillaboom
|-damage|p1a: Rillaboom|60/100
|-anim|p2a: Dragapult|Dragon Darts|p1a: Rillaboom
|-damage|p1a: Rillaboom|13/100
|move|p1a: Rillaboom|Knock Off|p2a: Dragapult
|-supereffective|p2a: Dragapult
|-damage|p2a: Dragapult|2/100
|-enditem|p2a: Dragapult|Focus Sash|[from] move: Knock Off|[of] p1a: Rillaboom
|-damage|p1a: Rillaboom|3/100|[from] item: Life Orb
|
|-heal|p2a: Dragapult|8/100|[from] Grassy Terrain
|-heal|p1a: Rillaboom|9/100|[from] Grassy Terrain
|upkeep
|turn|17
|inactive|Keshari has 120 seconds left.
|
|t:|1760800995
|move|p2a: Dragapult|Sucker Punch|p1a: Rillaboom
|-damage|p1a: Rillaboom|0 fnt
|faint|p1a: Rillaboom
|
|-heal|p2a: Dragapult|14/100|[from] Grassy Terrain
|-sideend|p2: njfkln|Reflect
|upkeep
|
|t:|1760801004
|switch|p1a: Dragonite|Dragonite, F, tera:Normal|100/100
|turn|18
|inactive|Keshari has 120 seconds left.
|
|t:|1760801013
|move|p2a: Dragapult|Dragon Darts|p1a: Dragonite
|-damage|p1a: Dragonite|62/100
|-anim|p2a: Dragapult|Dragon Darts|p1a: Dragonite
|-damage|p1a: Dragonite|24/100
|move|p1a: Dragonite|Scale Shot|p2a: Dragapult
|-supereffective|p2a: Dragapult
|-damage|p2a: Dragapult|0 fnt
|faint|p2a: Dragapult
|-hitcount|p2: Dragapult|1
|-unboost|p1a: Dragonite|def|1
|-boost|p1a: Dragonite|spe|1
|
|-heal|p1a: Dragonite|30/100|[from] Grassy Terrain
|upkeep
|
|t:|1760801019
|switch|p2a: Grimmsnarl|Grimmsnarl, M|41/100
|turn|19
|inactive|Keshari has 120 seconds left.
|
|t:|1760801044
|move|p1a: Dragonite|Extreme Speed|p2a: Grimmsnarl
|-damage|p2a: Grimmsnarl|0 fnt
|faint|p2a: Grimmsnarl
|
|-heal|p1a: Dragonite|37/100|[from] Grassy Terrain
|upkeep
|
|t:|1760801056
|switch|p2a: Iron Moth|Iron Moth|100/100
|-enditem|p2a: Iron Moth|Booster Energy
|-activate|p2a: Iron Moth|ability: Quark Drive|[fromitem]
|-start|p2a: Iron Moth|quarkdrivespe
|turn|20
|inactive|Keshari has 120 seconds left.
|inactive|Keshari has 90 seconds left.
|
|t:|1760801104
|-terastallize|p2a: Iron Moth|Ground
|move|p1a: Dragonite|Extreme Speed|p2a: Iron Moth
|-damage|p2a: Iron Moth|23/100
|move|p2a: Iron Moth|Fiery Dance|p1a: Dragonite
|-damage|p1a: Dragonite|13/100
|-boost|p2a: Iron Moth|spa|1
|
|-heal|p2a: Iron Moth|29/100|[from] Grassy Terrain
|-heal|p1a: Dragonite|19/100|[from] Grassy Terrain
|-fieldend|move: Grassy Terrain
|upkeep
|turn|21
|inactive|njfkln has 120 seconds left.
|
|t:|1760801129
|-end|p2a: Iron Moth|Quark Drive|[silent]
|switch|p2a: Iron Treads|Iron Treads|95/100
|move|p1a: Dragonite|Extreme Speed|p2a: Iron Treads
|-resisted|p2a: Iron Treads
|-damage|p2a: Iron Treads|74/100
|
|upkeep
|turn|22
|inactive|njfkln has 120 seconds left.
|
|t:|1760801163
|move|p2a: Iron Treads|High Horsepower|p1a: Dragonite
|-damage|p1a: Dragonite|0 fnt
|faint|p1a: Dragonite
|
|upkeep
|inactive|Keshari has 60 seconds left.
|
|t:|1760801180
|switch|p1a: Zamazenta|Zamazenta|100/100
|turn|23
|inactive|Keshari has 60 seconds left.
|inactive|njfkln has 120 seconds left.
|
|t:|1760801210
|move|p1a: Zamazenta|Body Press|p2a: Iron Treads
|-supereffective|p2a: Iron Treads
|-damage|p2a: Iron Treads|10/100
|move|p2a: Iron Treads|Rapid Spin|p1a: Zamazenta
|-damage|p1a: Zamazenta|89/100
|-boost|p2a: Iron Treads|spe|1
|
|-heal|p1a: Zamazenta|95/100|[from] item: Leftovers
|upkeep
|turn|24
|
|t:|1760801222
|move|p2a: Iron Treads|High Horsepower|p1a: Zamazenta
|-damage|p1a: Zamazenta|64/100
|move|p1a: Zamazenta|Crunch|p2a: Iron Treads
|-damage|p2a: Iron Treads|0 fnt
|faint|p2a: Iron Treads
|-end|p2a: Iron Treads|Quark Drive|[silent]
|
|-heal|p1a: Zamazenta|70/100|[from] item: Leftovers
|upkeep
|
|t:|1760801225
|switch|p2a: Zapdos|Zapdos|68/100
|turn|25
|inactive|Keshari has 60 seconds left.
|
|t:|1760801245
|move|p1a: Zamazenta|Substitute|p1a: Zamazenta
|-start|p1a: Zamazenta|Substitute
|-damage|p1a: Zamazenta|45/100
|move|p2a: Zapdos|Hurricane|p1a: Zamazenta
|-supereffective|p1a: Zamazenta
|-end|p1a: Zamazenta|Substitute
|-damage|p2a: Zapdos|58/100|[from] item: Life Orb
|
|-heal|p1a: Zamazenta|51/100|[from] item: Leftovers
|upkeep
|turn|26
|
|t:|1760801264
|move|p1a: Zamazenta|Crunch|p2a: Zapdos
|-damage|p2a: Zapdos|30/100
|-unboost|p2a: Zapdos|def|1
|move|p2a: Zapdos|Roost|p2a: Zapdos
|-heal|p2a: Zapdos|80/100
|-singleturn|p2a: Zapdos|move: Roost
|
|-heal|p1a: Zamazenta|57/100|[from] item: Leftovers
|upkeep
|turn|27
|
|t:|1760801275
|switch|p2a: Iron Moth|Iron Moth, tera:Ground|29/100
|move|p1a: Zamazenta|Crunch|p2a: Iron Moth
|-damage|p2a: Iron Moth|0 fnt
|faint|p2a: Iron Moth
|-end|p2a: Iron Moth|Quark Drive|[silent]
|
|-heal|p1a: Zamazenta|64/100|[from] item: Leftovers
|upkeep
|
|t:|1760801277
|switch|p2a: Zapdos|Zapdos|80/100
|turn|28
|inactive|Keshari has 60 seconds left.
|
|t:|1760801287
|move|p1a: Zamazenta|Crunch|p2a: Zapdos
|-damage|p2a: Zapdos|55/100
|-unboost|p2a: Zapdos|def|1
|move|p2a: Zapdos|Hurricane|p1a: Zamazenta|[miss]
|-miss|p2a: Zapdos|p1a: Zamazenta
|
|-heal|p1a: Zamazenta|70/100|[from] item: Leftovers
|upkeep
|turn|29
|inactive|Keshari has 60 seconds left.
|inactive|njfkln has 120 seconds left.
|
|t:|1760801301
|move|p1a: Zamazenta|Crunch|p2a: Zapdos
|-damage|p2a: Zapdos|14/100
|-unboost|p2a: Zapdos|def|1
|move|p2a: Zapdos|Hurricane|p1a: Zamazenta|[miss]
|-miss|p2a: Zapdos|p1a: Zamazenta
|
|-heal|p1a: Zamazenta|76/100|[from] item: Leftovers
|upkeep
|turn|30
|inactive|njfkln has 120 seconds left.
|-message|njfkln forfeited.
|
|win|Keshari
|raw|Keshari's rating: 1195 &rarr; <strong>1216</strong><br />(+21 for winning)
|raw|njfkln's rating: 1141 &rarr; <strong>1120</strong><br />(-21 for losing)
|l|☆njfkln
|player|p2|
|c|☆Keshari|holy
