|j|☆grimppyyyy god
|j|☆Kadeerkarim64
|t:|1760796891
|gametype|singles
|player|p1|grimppyyyy god|riley|1223
|player|p2|Kadeerkarim64|iris-gen5bw2|1195
|gen|9
|tier|[Gen 9] OU
|rated|
|rule|HP Percentage Mod: HP is shown in percentages
|rule|Endless Battle Clause: Forcing endless battles is banned
|rule|Species Clause: Limit one of each Pokémon
|rule|OHKO Clause: OHKO moves are banned
|rule|Evasion Items Clause: Evasion items are banned
|rule|Evasion Moves Clause: Evasion moves are banned
|rule|Evasion Abilities Clause: Evasion abilities are banned
|rule|Sleep Moves Clause: Sleep-inducing moves are banned
|clearpoke
|poke|p1|Glimmora, M|
|poke|p1|Overqwil, M|
|poke|p1|Pelipper, F|
|poke|p1|Kingdra, M|
|poke|p1|Barraskewda, M|
|poke|p1|Golurk|
|poke|p2|Galvantula, M|
|poke|p2|Cinderace, F|
|poke|p2|Goodra, M|
|poke|p2|Blastoise, M|
|poke|p2|Donphan, F|
|poke|p2|Primeape, M|
|teampreview
|inactive|Battle timer is ON: inactive players will automatically lose when time's up. (requested by grimppyyyy god)
|
|t:|1760796933
|teamsize|p1|6
|teamsize|p2|6
|start
|switch|p1a: Glimmora|Glimmora, M|100/100
|switch|p2a: Donphan|Donphan, F|100/100
|turn|1
|
|t:|1760796948
|switch|p1a: Pelipper|Pelipper, F|100/100
|-weather|RainDance|[from] ability: Drizzle|[of] p1a: Pelipper
|move|p2a: Donphan|Earthquake|p1a: Pelipper
|-immune|p1a: Pelipper
|
|-weather|RainDance|[upkeep]
|upkeep
|turn|2
|
|t:|1760796964
|move|p1a: Pelipper|U-turn|p2a: Donphan
|-damage|p2a: Donphan|96/100
|-damage|p1a: Pelipper|84/100|[from] item: Rocky Helmet|[of] p2a: Donphan
|
|t:|1760796971
|switch|p1a: Kingdra|Kingdra, M|100/100|[from] U-turn
|move|p2a: Donphan|Stealth Rock|p1a: Kingdra
|-sidestart|p1: grimppyyyy god|move: Stealth Rock
|
|-weather|RainDance|[upkeep]
|upkeep
|turn|3
|inactive|Kadeerkarim64 has 120 seconds left.
|
|t:|1760797003
|move|p1a: Kingdra|Weather Ball|p2a: Donphan
|-supereffective|p2a: Donphan
|-damage|p2a: Donphan|0 fnt
|faint|p2a: Donphan
|
|-weather|RainDance|[upkeep]
|upkeep
|inactive|Kadeerkarim64 has 120 seconds left.
|
|t:|1760797010
|switch|p2a: Galvantula|Galvantula, M|100/100
|turn|4
|
|t:|1760797015
|move|p1a: Kingdra|Weather Ball|p2a: Galvantula
|-enditem|p2a: Galvantula|Focus Sash
|-damage|p2a: Galvantula|1/100
|move|p2a: Galvantula|Thunder Wave|p1a: Kingdra
|-status|p1a: Kingdra|par
|
|-weather|RainDance|[upkeep]
|upkeep
|turn|5
|
|t:|1760797035
|move|p2a: Galvantula|Sticky Web|p1a: Kingdra
|-sidestart|p1: grimppyyyy god|move: Sticky Web
|move|p1a: Kingdra|Weather Ball|p2a: Galvantula
|-damage|p2a: Galvantula|0 fnt
|faint|p2a: Galvantula
|
|-weather|RainDance|[upkeep]
|upkeep
|inactive|Kadeerkarim64 has 120 seconds left.
|
|t:|1760797049
|switch|p2a: Goodra|Goodra, M|100/100
|turn|6
|inactive|Kadeerkarim64 has 120 seconds left.
|
|t:|1760797060
|switch|p1a: Golurk|Golurk|100/100
|-damage|p1a: Golurk|94/100|[from] Stealth Rock
|-activate|p1a: Golurk|move: Sticky Web
|-unboost|p1a: Golurk|spe|1
|move|p2a: Goodra|Draco Meteor|p1a: Golurk|[miss]
|-miss|p2a: Goodra|p1a: Golurk
|
|-weather|RainDance|[upkeep]
|-heal|p1a: Golurk|100/100|[from] item: Leftovers
|upkeep
|turn|7
|inactive|Kadeerkarim64 has 120 seconds left.
|
|t:|1760797083
|switch|p2a: Primeape|Primeape, M|100/100
|move|p1a: Golurk|Ice Punch|p2a: Primeape
|-damage|p2a: Primeape|63/100
|
|-weather|RainDance|[upkeep]
|upkeep
|turn|8
|inactive|Kadeerkarim64 has 90 seconds left.
|
|t:|1760797114
|-terastallize|p2a: Primeape|Ghost
|move|p2a: Primeape|Rage Fist|p1a: Golurk
|-supereffective|p1a: Golurk
|-damage|p1a: Golurk|18/100
|move|p1a: Golurk|Curse|p2a: Primeape
|-start|p2a: Primeape|Curse|[of] p1a: Golurk
|-damage|p1a: Golurk|0 fnt
|faint|p1a: Golurk
|
|-weather|none
|-damage|p2a: Primeape|38/100|[from] Curse
|upkeep
|inactive|grimppyyyy god has 120 seconds left.
|
|t:|1760797141
|switch|p1a: Glimmora|Glimmora, M|100/100
|-damage|p1a: Glimmora|88/100|[from] Stealth Rock
|-activate|p1a: Glimmora|move: Sticky Web
|-unboost|p1a: Glimmora|spe|1
|turn|9
|inactive|grimppyyyy god has 120 seconds left.
|
|t:|1760797153
|move|p2a: Primeape|Taunt|p1a: Glimmora
|-start|p1a: Glimmora|move: Taunt
|move|p1a: Glimmora|Mortal Spin|p2a: Primeape
|-resisted|p2a: Primeape
|-damage|p2a: Primeape|34/100
|-status|p2a: Primeape|psn
|-sideend|p1: grimppyyyy god|Stealth Rock|[from] move: Mortal Spin|[of] p1a: Glimmora
|-sideend|p1: grimppyyyy god|Sticky Web|[from] move: Mortal Spin|[of] p1a: Glimmora
|
|-damage|p2a: Primeape|22/100 psn|[from] psn
|-damage|p2a: Primeape|0 fnt|[from] Curse
|faint|p2a: Primeape
|upkeep
|inactive|Kadeerkarim64 has 90 seconds left.
|
|t:|1760797190
|switch|p2a: Blastoise|Blastoise, M|100/100
|turn|10
|inactive|grimppyyyy god has 120 seconds left.
|
|t:|1760797205
|switch|p1a: Kingdra|Kingdra, M|100/100 par
|move|p2a: Blastoise|Shell Smash|p2a: Blastoise
|-unboost|p2a: Blastoise|def|1
|-unboost|p2a: Blastoise|spd|1
|-boost|p2a: Blastoise|atk|2
|-boost|p2a: Blastoise|spa|2
|-boost|p2a: Blastoise|spe|2
|-enditem|p2a: Blastoise|White Herb
|-clearnegativeboost|p2a: Blastoise|[silent]
|
|upkeep
|turn|11
|inactive|grimppyyyy god has 120 seconds left.
|
|t:|1760797219
|move|p2a: Blastoise|Ice Beam|p1a: Kingdra
|-damage|p1a: Kingdra|43/100 par
|move|p1a: Kingdra|Draco Meteor|p2a: Blastoise|[miss]
|-miss|p1a: Kingdra|p2a: Blastoise
|
|upkeep
|turn|12
|inactive|grimppyyyy god has 120 seconds left.
|
|t:|1760797231
|-terastallize|p1a: Kingdra|Water
|move|p2a: Blastoise|Ice Beam|p1a: Kingdra
|-resisted|p1a: Kingdra
|-damage|p1a: Kingdra|15/100 par
|cant|p1a: Kingdra|par
|
|upkeep
|turn|13
|inactive|grimppyyyy god has 120 seconds left.
|
|t:|1760797244
|move|p2a: Blastoise|Surf|p1a: Kingdra
|-resisted|p1a: Kingdra
|-damage|p1a: Kingdra|0 fnt
|faint|p1a: Kingdra
|
|upkeep
|
|t:|1760797256
|switch|p1a: Pelipper|Pelipper, F|84/100
|-weather|RainDance|[from] ability: Drizzle|[of] p1a: Pelipper
|turn|14
|
|t:|1760797265
|move|p2a: Blastoise|Shell Smash|p2a: Blastoise
|-unboost|p2a: Blastoise|def|1
|-unboost|p2a: Blastoise|spd|1
|-boost|p2a: Blastoise|atk|2
|-boost|p2a: Blastoise|spa|2
|-boost|p2a: Blastoise|spe|2
|move|p1a: Pelipper|U-turn|p2a: Blastoise
|-damage|p2a: Blastoise|86/100
|
|t:|1760797287
|switch|p1a: Overqwil|Overqwil, M|100/100|[from] U-turn
|
|-weather|RainDance|[upkeep]
|-heal|p2a: Blastoise|92/100|[from] ability: Rain Dish
|upkeep
|turn|15
|
|t:|1760797304
|move|p2a: Blastoise|Surf|p1a: Overqwil
|-damage|p1a: Overqwil|0 fnt
|faint|p1a: Overqwil
|
|-weather|RainDance|[upkeep]
|-heal|p2a: Blastoise|98/100|[from] ability: Rain Dish
|upkeep
|
|t:|1760797313
|switch|p1a: Barraskewda|Barraskewda, M|100/100
|turn|16
|
|t:|1760797320
|move|p2a: Blastoise|Surf|p1a: Barraskewda
|-resisted|p1a: Barraskewda
|-damage|p1a: Barraskewda|0 fnt
|faint|p1a: Barraskewda
|
|-weather|RainDance|[upkeep]
|-heal|p2a: Blastoise|100/100|[from] ability: Rain Dish
|upkeep
|-message|grimppyyyy god forfeited.
|
|win|Kadeerkarim64
|raw|grimppyyyy god's rating: 1223 &rarr; <strong>1196</strong><br />(-27 for losing)
|raw|Kadeerkarim64's rating: 1195 &rarr; <strong>1222</strong><br />(+27 for winning)
|l|☆grimppyyyy god
|player|p1|
|l|☆Kadeerkarim64
|player|p2|
