|j|☆ShaneGrabs
|j|☆moi88764
|t:|1760833576
|gametype|singles
|player|p1|ShaneGrabs|cynthia-masters|1138
|player|p2|moi88764|buck|1180
|gen|9
|tier|[Gen 9] OU
|rated|
|rule|HP Percentage Mod: HP is shown in percentages
|rule|Endless Battle Clause: Forcing endless battles is banned
|rule|Species Clause: Limit one of each Pokémon
|rule|OHKO Clause: OHKO moves are banned
|rule|Evasion Items Clause: Evasion items are banned
|rule|Evasion Moves Clause: Evasion moves are banned
|rule|Evasion Abilities Clause: Evasion abilities are banned
|rule|Sleep Moves Clause: Sleep-inducing moves are banned
|clearpoke
|poke|p1|Garchomp, F|
|poke|p1|Gliscor, M|
|poke|p1|Moltres|
|poke|p1|Darkrai|
|poke|p1|Weezing-Galar, M|
|poke|p1|Hatterene, F|
|poke|p2|Torkoal, M|
|poke|p2|Raging Bolt|
|poke|p2|Walking Wake|
|poke|p2|Toedscruel, M|
|poke|p2|Mandibuzz, F|
|poke|p2|Metagross|
|teampreview
|
|t:|1760833582
|teamsize|p1|6
|teamsize|p2|6
|start
|switch|p1a: Hatterene|Hatterene, F|100/100
|switch|p2a: Toedscruel|Toedscruel, M|100/100
|turn|1
|
|t:|1760833593
|switch|p2a: Metagross|Metagross|100/100
|move|p1a: Hatterene|Calm Mind|p1a: Hatterene
|-boost|p1a: Hatterene|spa|1
|-boost|p1a: Hatterene|spd|1
|
|upkeep
|turn|2
|
|t:|1760833621
|switch|p1a: Garchomp|Garchomp, F|100/100
|move|p2a: Metagross|Meteor Mash|p1a: Garchomp
|-damage|p1a: Garchomp|68/100
|-boost|p2a: Metagross|atk|1
|-damage|p2a: Metagross|88/100|[from] ability: Rough Skin|[of] p1a: Garchomp
|-damage|p2a: Metagross|72/100|[from] item: Rocky Helmet|[of] p1a: Garchomp
|
|upkeep
|turn|3
|
|t:|1760833631
|switch|p2a: Mandibuzz|Mandibuzz, F|100/100
|move|p1a: Garchomp|Stealth Rock|p2a: Mandibuzz
|-sidestart|p2: moi88764|move: Stealth Rock
|
|upkeep
|turn|4
|
|t:|1760833639
|move|p1a: Garchomp|Spikes|p2a: Mandibuzz
|-sidestart|p2: moi88764|Spikes
|move|p2a: Mandibuzz|Defog|p1a: Garchomp
|-unboost|p1a: Garchomp|evasion|1
|-sideend|p2: moi88764|Spikes|[from] move: Defog|[of] p2a: Mandibuzz
|-sideend|p2: moi88764|Stealth Rock|[from] move: Defog|[of] p2a: Mandibuzz
|
|upkeep
|turn|5
|
|t:|1760833646
|move|p1a: Garchomp|Stealth Rock|p2a: Mandibuzz
|-sidestart|p2: moi88764|move: Stealth Rock
|move|p2a: Mandibuzz|Foul Play|p1a: Garchomp
|-damage|p1a: Garchomp|43/100
|-damage|p2a: Mandibuzz|88/100|[from] ability: Rough Skin|[of] p1a: Garchomp
|-damage|p2a: Mandibuzz|72/100|[from] item: Rocky Helmet|[of] p1a: Garchomp
|
|upkeep
|turn|6
|
|t:|1760833653
|move|p2a: Mandibuzz|Defog|p1a: Garchomp
|-unboost|p1a: Garchomp|evasion|1
|-sideend|p2: moi88764|Stealth Rock|[from] move: Defog|[of] p2a: Mandibuzz
|move|p1a: Garchomp|Dragon Tail|p2a: Mandibuzz|[miss]
|-miss|p1a: Garchomp|p2a: Mandibuzz
|
|upkeep
|turn|7
|
|t:|1760833660
|move|p2a: Mandibuzz|Toxic|p1a: Garchomp
|-status|p1a: Garchomp|tox
|move|p1a: Garchomp|Dragon Tail|p2a: Mandibuzz
|-damage|p2a: Mandibuzz|57/100
|-damage|p1a: Garchomp|26/100 tox|[from] item: Rocky Helmet|[of] p2a: Mandibuzz
|drag|p2a: Walking Wake|Walking Wake|100/100
|
|-damage|p1a: Garchomp|20/100 tox|[from] psn
|upkeep
|turn|8
|
|t:|1760833678
|move|p2a: Walking Wake|Hydro Steam|p1a: Garchomp
|-damage|p1a: Garchomp|0 fnt
|faint|p1a: Garchomp
|
|upkeep
|
|t:|1760833684
|switch|p1a: Hatterene|Hatterene, F|100/100
|turn|9
|
|t:|1760833691
|-end|p2a: Walking Wake|Protosynthesis|[silent]
|switch|p2a: Metagross|Metagross|72/100
|move|p1a: Hatterene|Calm Mind|p1a: Hatterene
|-boost|p1a: Hatterene|spa|1
|-boost|p1a: Hatterene|spd|1
|
|upkeep
|turn|10
|
|t:|1760833699
|move|p2a: Metagross|Meteor Mash|p1a: Hatterene
|-supereffective|p1a: Hatterene
|-damage|p1a: Hatterene|16/100
|-boost|p2a: Metagross|atk|1
|move|p1a: Hatterene|Nuzzle|p2a: Metagross
|-damage|p2a: Metagross|69/100
|-status|p2a: Metagross|par
|
|-heal|p1a: Hatterene|22/100|[from] item: Leftovers
|upkeep
|turn|11
|
|t:|1760833719
|switch|p1a: Moltres|Moltres|100/100
|-ability|p1a: Moltres|Pressure
|move|p2a: Metagross|Meteor Mash|p1a: Moltres
|-resisted|p1a: Moltres
|-damage|p1a: Moltres|72/100
|
|upkeep
|turn|12
|
|t:|1760833729
|switch|p2a: Walking Wake|Walking Wake|100/100
|move|p1a: Moltres|Flamethrower|p2a: Walking Wake
|-resisted|p2a: Walking Wake
|-damage|p2a: Walking Wake|90/100
|-status|p2a: Walking Wake|brn
|
|-heal|p2a: Walking Wake|96/100 brn|[from] item: Leftovers
|-damage|p2a: Walking Wake|90/100 brn|[from] brn
|upkeep
|turn|13
|
|t:|1760833745
|move|p2a: Walking Wake|Hydro Steam|p1a: Moltres
|-supereffective|p1a: Moltres
|-damage|p1a: Moltres|0 fnt
|faint|p1a: Moltres
|
|-heal|p2a: Walking Wake|96/100 brn|[from] item: Leftovers
|-damage|p2a: Walking Wake|90/100 brn|[from] brn
|upkeep
|
|t:|1760833760
|switch|p1a: Gliscor|Gliscor, M, shiny|100/100
|turn|14
|
|t:|1760833765
|-terastallize|p1a: Gliscor|Normal
|move|p2a: Walking Wake|Hydro Steam|p1a: Gliscor
|-damage|p1a: Gliscor|59/100
|move|p1a: Gliscor|Swords Dance|p1a: Gliscor
|-boost|p1a: Gliscor|atk|2
|
|-heal|p2a: Walking Wake|96/100 brn|[from] item: Leftovers
|-damage|p2a: Walking Wake|90/100 brn|[from] brn
|-status|p1a: Gliscor|tox|[from] item: Toxic Orb
|upkeep
|turn|15
|
|t:|1760833789
|move|p1a: Gliscor|Protect|p1a: Gliscor
|-singleturn|p1a: Gliscor|Protect
|move|p2a: Walking Wake|Flip Turn|p1a: Gliscor
|-activate|p1a: Gliscor|move: Protect
|
|-heal|p2a: Walking Wake|96/100 brn|[from] item: Leftovers
|-heal|p1a: Gliscor|71/100 tox|[from] ability: Poison Heal
|-damage|p2a: Walking Wake|90/100 brn|[from] brn
|upkeep
|turn|16
|
|t:|1760833804
|move|p2a: Walking Wake|Flip Turn|p1a: Gliscor
|-damage|p1a: Gliscor|66/100 tox
|
|t:|1760833810
|-end|p2a: Walking Wake|Protosynthesis|[silent]
|switch|p2a: Toedscruel|Toedscruel, M|100/100|[from] Flip Turn
|move|p1a: Gliscor|Knock Off|p2a: Toedscruel
|-damage|p2a: Toedscruel|28/100
|-enditem|p2a: Toedscruel|Leftovers|[from] move: Knock Off|[of] p1a: Gliscor
|
|-heal|p1a: Gliscor|78/100 tox|[from] ability: Poison Heal
|upkeep
|turn|17
|
|t:|1760833818
|move|p1a: Gliscor|Protect|p1a: Gliscor
|-singleturn|p1a: Gliscor|Protect
|move|p2a: Toedscruel|Earth Power|p1a: Gliscor
|-activate|p1a: Gliscor|move: Protect
|
|-heal|p1a: Gliscor|91/100 tox|[from] ability: Poison Heal
|upkeep
|turn|18
|
|t:|1760833825
|move|p2a: Toedscruel|Earth Power|p1a: Gliscor
|-damage|p1a: Gliscor|57/100 tox
|move|p1a: Gliscor|Facade|p2a: Toedscruel
|-damage|p2a: Toedscruel|0 fnt
|faint|p2a: Toedscruel
|
|-heal|p1a: Gliscor|70/100 tox|[from] ability: Poison Heal
|upkeep
|
|t:|1760833834
|switch|p2a: Mandibuzz|Mandibuzz, F|57/100
|turn|19
|
|t:|1760833839
|move|p1a: Gliscor|Protect|p1a: Gliscor
|-singleturn|p1a: Gliscor|Protect
|move|p2a: Mandibuzz|Roost|p2a: Mandibuzz
|-heal|p2a: Mandibuzz|100/100
|-singleturn|p2a: Mandibuzz|move: Roost
|
|-heal|p1a: Gliscor|82/100 tox|[from] ability: Poison Heal
|upkeep
|turn|20
|
|t:|1760833850
|move|p1a: Gliscor|Facade|p2a: Mandibuzz
|-damage|p2a: Mandibuzz|51/100
|-damage|p1a: Gliscor|66/100 tox|[from] item: Rocky Helmet|[of] p2a: Mandibuzz
|move|p2a: Mandibuzz|Foul Play|p1a: Gliscor
|-damage|p1a: Gliscor|25/100 tox
|
|-heal|p1a: Gliscor|37/100 tox|[from] ability: Poison Heal
|upkeep
|turn|21
|
|t:|1760833862
|move|p1a: Gliscor|Protect|p1a: Gliscor
|-singleturn|p1a: Gliscor|Protect
|move|p2a: Mandibuzz|Roost|p2a: Mandibuzz
|-heal|p2a: Mandibuzz|100/100
|-singleturn|p2a: Mandibuzz|move: Roost
|
|-heal|p1a: Gliscor|50/100 tox|[from] ability: Poison Heal
|upkeep
|turn|22
|
|t:|1760833880
|switch|p1a: Weezing|Weezing-Galar, M|100/100
|-ability|p1a: Weezing|Neutralizing Gas
|move|p2a: Mandibuzz|Foul Play|p1a: Weezing
|-resisted|p1a: Weezing
|-damage|p1a: Weezing|93/100
|
|-heal|p1a: Weezing|99/100|[from] item: Black Sludge
|upkeep
|turn|23
|
|t:|1760833898
|switch|p2a: Metagross|Metagross|69/100 par
|move|p1a: Weezing|Strange Steam|p2a: Metagross
|-resisted|p2a: Metagross
|-damage|p2a: Metagross|54/100 par
|-start|p2a: Metagross|confusion
|
|-heal|p1a: Weezing|100/100|[from] item: Black Sludge
|upkeep
|turn|24
|
|t:|1760833912
|-end|p1a: Weezing|ability: Neutralizing Gas
|switch|p1a: Gliscor|Gliscor, M, shiny, tera:Normal|50/100 tox
|-activate|p2a: Metagross|confusion
|-damage|p2a: Metagross|41/100 par|[from] confusion
|
|-heal|p1a: Gliscor|62/100 tox|[from] ability: Poison Heal
|upkeep
|turn|25
|
|t:|1760833921
|switch|p2a: Walking Wake|Walking Wake|90/100 brn
|move|p1a: Gliscor|Knock Off|p2a: Walking Wake
|-damage|p2a: Walking Wake|68/100 brn
|-enditem|p2a: Walking Wake|Leftovers|[from] move: Knock Off|[of] p1a: Gliscor
|
|-heal|p1a: Gliscor|75/100 tox|[from] ability: Poison Heal
|-damage|p2a: Walking Wake|62/100 brn|[from] brn
|upkeep
|turn|26
|
|t:|1760833930
|move|p1a: Gliscor|Protect|p1a: Gliscor
|-singleturn|p1a: Gliscor|Protect
|move|p2a: Walking Wake|Flip Turn|p1a: Gliscor
|-activate|p1a: Gliscor|move: Protect
|
|-heal|p1a: Gliscor|87/100 tox|[from] ability: Poison Heal
|-damage|p2a: Walking Wake|56/100 brn|[from] brn
|upkeep
|turn|27
|
|t:|1760833938
|move|p2a: Walking Wake|Flip Turn|p1a: Gliscor
|-damage|p1a: Gliscor|82/100 tox
|
|t:|1760833955
|-end|p2a: Walking Wake|Protosynthesis|[silent]
|switch|p2a: Raging Bolt|Raging Bolt|100/100|[from] Flip Turn
|move|p1a: Gliscor|Facade|p2a: Raging Bolt
|-damage|p2a: Raging Bolt|53/100
|
|-heal|p1a: Gliscor|94/100 tox|[from] ability: Poison Heal
|upkeep
|turn|28
|
|t:|1760833962
|move|p2a: Raging Bolt|Thunderbolt|p1a: Gliscor
|-damage|p1a: Gliscor|49/100 tox
|move|p1a: Gliscor|Swords Dance|p1a: Gliscor
|-boost|p1a: Gliscor|atk|2
|
|-heal|p1a: Gliscor|61/100 tox|[from] ability: Poison Heal
|upkeep
|turn|29
|
|t:|1760833969
|move|p1a: Gliscor|Protect|p1a: Gliscor
|-singleturn|p1a: Gliscor|Protect
|move|p2a: Raging Bolt|Thunderbolt|p1a: Gliscor
|-activate|p1a: Gliscor|move: Protect
|
|-heal|p1a: Gliscor|74/100 tox|[from] ability: Poison Heal
|upkeep
|turn|30
|
|t:|1760833976
|move|p2a: Raging Bolt|Thunderbolt|p1a: Gliscor
|-damage|p1a: Gliscor|25/100 tox
|move|p1a: Gliscor|Facade|p2a: Raging Bolt
|-damage|p2a: Raging Bolt|0 fnt
|faint|p2a: Raging Bolt
|-end|p2a: Raging Bolt|Protosynthesis|[silent]
|
|-heal|p1a: Gliscor|38/100 tox|[from] ability: Poison Heal
|upkeep
|
|t:|1760833980
|switch|p2a: Torkoal|Torkoal, M|100/100
|-weather|SunnyDay|[from] ability: Drought|[of] p2a: Torkoal
|turn|31
|
|t:|1760833986
|move|p1a: Gliscor|Protect|p1a: Gliscor
|-singleturn|p1a: Gliscor|Protect
|move|p2a: Torkoal|Heat Wave|p1a: Gliscor
|-activate|p1a: Gliscor|move: Protect
|
|-weather|SunnyDay|[upkeep]
|-heal|p1a: Gliscor|50/100 tox|[from] ability: Poison Heal
|upkeep
|turn|32
|
|t:|1760833993
|move|p1a: Gliscor|Facade|p2a: Torkoal
|-damage|p2a: Torkoal|35/100
|move|p2a: Torkoal|Heat Wave|p1a: Gliscor
|-damage|p1a: Gliscor|0 fnt
|faint|p1a: Gliscor
|
|-weather|SunnyDay|[upkeep]
|-heal|p2a: Torkoal|41/100|[from] item: Leftovers
|upkeep
|
|t:|1760834003
|switch|p1a: Darkrai|Darkrai, shiny|100/100
|turn|33
|
|t:|1760834010
|move|p1a: Darkrai|Dark Pulse|p2a: Torkoal
|-damage|p2a: Torkoal|0 fnt
|faint|p2a: Torkoal
|
|-weather|SunnyDay|[upkeep]
|upkeep
|
|t:|1760834029
|switch|p2a: Mandibuzz|Mandibuzz, F|100/100
|turn|34
|
|t:|1760834033
|move|p1a: Darkrai|Ice Beam|p2a: Mandibuzz
|-supereffective|p2a: Mandibuzz
|-damage|p2a: Mandibuzz|46/100
|move|p2a: Mandibuzz|Toxic|p1a: Darkrai
|-status|p1a: Darkrai|tox
|
|-weather|SunnyDay|[upkeep]
|-damage|p1a: Darkrai|94/100 tox|[from] psn
|upkeep
|turn|35
|
|t:|1760834041
|move|p1a: Darkrai|Nasty Plot|p1a: Darkrai
|-boost|p1a: Darkrai|spa|2
|move|p2a: Mandibuzz|Roost|p2a: Mandibuzz
|-heal|p2a: Mandibuzz|96/100
|-singleturn|p2a: Mandibuzz|move: Roost
|
|-weather|none
|-heal|p1a: Darkrai|100/100 tox|[from] item: Leftovers
|-damage|p1a: Darkrai|88/100 tox|[from] psn
|upkeep
|turn|36
|
|t:|1760834051
|move|p1a: Darkrai|Ice Beam|p2a: Mandibuzz
|-supereffective|p2a: Mandibuzz
|-damage|p2a: Mandibuzz|0 fnt
|faint|p2a: Mandibuzz
|
|-heal|p1a: Darkrai|94/100 tox|[from] item: Leftovers
|-damage|p1a: Darkrai|76/100 tox|[from] psn
|upkeep
|
|t:|1760834055
|switch|p2a: Walking Wake|Walking Wake|56/100 brn
|turn|37
|
|t:|1760834061
|move|p1a: Darkrai|Dark Pulse|p2a: Walking Wake
|-damage|p2a: Walking Wake|0 fnt
|faint|p2a: Walking Wake
|-end|p2a: Walking Wake|Protosynthesis|[silent]
|
|-heal|p1a: Darkrai|82/100 tox|[from] item: Leftovers
|-damage|p1a: Darkrai|58/100 tox|[from] psn
|upkeep
|
|t:|1760834065
|switch|p2a: Metagross|Metagross|41/100 par
|turn|38
|
|t:|1760834069
|move|p1a: Darkrai|Dark Pulse|p2a: Metagross
|-supereffective|p2a: Metagross
|-damage|p2a: Metagross|0 fnt
|faint|p2a: Metagross
|
|win|ShaneGrabs
|raw|ShaneGrabs's rating: 1138 &rarr; <strong>1166</strong><br />(+28 for winning)
|raw|moi88764's rating: 1180 &rarr; <strong>1152</strong><br />(-28 for losing)
|l|☆moi88764
|player|p2|
|c|☆ShaneGrabs|gg
|l|☆ShaneGrabs
|player|p1|
