|j|☆Rat Conjoe
|j|☆masquerade bail
|t:|1760764311
|gametype|singles
|player|p1|Rat Conjoe|dawn|1152
|player|p2|masquerade bail|evelyn|1267
|gen|9
|tier|[Gen 9] OU
|rated|
|rule|HP Percentage Mod: HP is shown in percentages
|rule|Endless Battle Clause: Forcing endless battles is banned
|rule|Species Clause: Limit one of each Pokémon
|rule|OHKO Clause: OHKO moves are banned
|rule|Evasion Items Clause: Evasion items are banned
|rule|Evasion Moves Clause: Evasion moves are banned
|rule|Evasion Abilities Clause: Evasion abilities are banned
|rule|Sleep Moves Clause: Sleep-inducing moves are banned
|clearpoke
|poke|p1|Flygon, F|
|poke|p1|Ceruledge, F|
|poke|p1|Umbreon, F|
|poke|p1|Eelektross, F|
|poke|p1|Scizor, F|
|poke|p1|Meowscarada, M|
|poke|p2|Primarina, M|
|poke|p2|Great Tusk|
|poke|p2|Kingambit, M|
|poke|p2|Slowking-Galar, M|
|poke|p2|Ogerpon, F|
|poke|p2|Enamorus, F|
|teampreview
|inactive|Battle timer is ON: inactive players will automatically lose when time's up. (requested by masquerade bail)
|
|t:|1760764319
|teamsize|p1|6
|teamsize|p2|6
|start
|switch|p1a: Eelektross|Eelektross, F|100/100
|switch|p2a: Ogerpon|Ogerpon, F|100/100
|turn|1
|
|t:|1760764325
|move|p2a: Ogerpon|U-turn|p1a: Eelektross
|-damage|p1a: Eelektross|60/100
|
|t:|1760764339
|switch|p2a: Slowking|Slowking-Galar, M, shiny|100/100|[from] U-turn
|move|p1a: Eelektross|Flamethrower|p2a: Slowking
|-damage|p2a: Slowking|86/100
|
|upkeep
|turn|2
|
|t:|1760764345
|move|p1a: Eelektross|Knock Off|p2a: Slowking
|-supereffective|p2a: Slowking
|-damage|p2a: Slowking|50/100
|-enditem|p2a: Slowking|Assault Vest|[from] move: Knock Off|[of] p1a: Eelektross
|move|p2a: Slowking|Psychic Noise|p1a: Eelektross
|-damage|p1a: Eelektross|38/100
|-start|p1a: Eelektross|move: Heal Block
|
|upkeep
|turn|3
|
|t:|1760764356
|move|p1a: Eelektross|Knock Off|p2a: Slowking
|-supereffective|p2a: Slowking
|-damage|p2a: Slowking|24/100
|move|p2a: Slowking|Sludge Bomb|p1a: Eelektross
|-damage|p1a: Eelektross|15/100
|-status|p1a: Eelektross|psn
|
|-damage|p1a: Eelektross|2/100 psn|[from] psn
|-end|p1a: Eelektross|move: Heal Block
|upkeep
|turn|4
|
|t:|1760764368
|switch|p2a: Great Tusk|Great Tusk, shiny|100/100
|move|p1a: Eelektross|Knock Off|p2a: Great Tusk
|-resisted|p2a: Great Tusk
|-damage|p2a: Great Tusk|92/100
|-damage|p1a: Eelektross|0 fnt|[from] item: Rocky Helmet|[of] p2a: Great Tusk
|faint|p1a: Eelektross
|
|upkeep
|
|t:|1760764392
|switch|p1a: Scizor|Scizor, F|100/100
|turn|5
|
|t:|1760764403
|move|p2a: Great Tusk|Stealth Rock|p1a: Scizor
|-sidestart|p1: Rat Conjoe|move: Stealth Rock
|move|p1a: Scizor|Aerial Ace|p2a: Great Tusk
|-supereffective|p2a: Great Tusk
|-damage|p2a: Great Tusk|11/100
|-damage|p1a: Scizor|84/100|[from] item: Rocky Helmet|[of] p2a: Great Tusk
|
|upkeep
|turn|6
|
|t:|1760764410
|move|p2a: Great Tusk|Headlong Rush|p1a: Scizor
|-damage|p1a: Scizor|17/100
|-unboost|p2a: Great Tusk|def|1
|-unboost|p2a: Great Tusk|spd|1
|move|p1a: Scizor|Aerial Ace|p2a: Great Tusk
|-supereffective|p2a: Great Tusk
|-damage|p2a: Great Tusk|0 fnt
|-damage|p1a: Scizor|0 fnt|[from] item: Rocky Helmet|[of] p2a: Great Tusk
|faint|p2a: Great Tusk
|-end|p2a: Great Tusk|Protosynthesis|[silent]
|faint|p1a: Scizor
|
|upkeep
|c|☆masquerade bail|band aerial ace?
|inactive|masquerade bail has 120 seconds left.
|
|t:|1760764442
|switch|p2a: Ogerpon|Ogerpon, F|100/100
|switch|p1a: Umbreon|Umbreon, F, shiny|100/100
|turn|7
|
|t:|1760764449
|move|p2a: Ogerpon|U-turn|p1a: Umbreon
|-supereffective|p1a: Umbreon
|-damage|p1a: Umbreon|48/100
|
|t:|1760764452
|switch|p2a: Primarina|Primarina, M, shiny|100/100|[from] U-turn
|move|p1a: Umbreon|Toxic|p2a: Primarina
|-status|p2a: Primarina|tox
|
|-damage|p2a: Primarina|95/100 tox|[from] psn
|upkeep
|turn|8
|
|t:|1760764461
|-terastallize|p1a: Umbreon|Poison
|move|p2a: Primarina|Moonblast|p1a: Umbreon
|-resisted|p1a: Umbreon
|-damage|p1a: Umbreon|33/100
|move|p1a: Umbreon|Moonlight|p1a: Umbreon
|-heal|p1a: Umbreon|83/100
|
|-heal|p2a: Primarina|100/100 tox|[from] item: Leftovers
|-damage|p2a: Primarina|89/100 tox|[from] psn
|upkeep
|turn|9
|
|t:|1760764471
|switch|p2a: Kingambit|Kingambit, M, shiny|100/100
|-activate|p2a: Kingambit|ability: Supreme Overlord
|-start|p2a: Kingambit|fallen1|[silent]
|move|p1a: Umbreon|Wish|p1a: Umbreon
|
|upkeep
|turn|10
|
|t:|1760764481
|move|p1a: Umbreon|Toxic|p2a: Kingambit
|-immune|p2a: Kingambit
|move|p2a: Kingambit|Swords Dance|p2a: Kingambit
|-boost|p2a: Kingambit|atk|2
|
|-heal|p1a: Umbreon|100/100|[from] move: Wish|[wisher] Umbreon
|upkeep
|turn|11
|c|☆Rat Conjoe|Omg
|
|t:|1760764489
|move|p1a: Umbreon|Wish|p1a: Umbreon
|move|p2a: Kingambit|Kowtow Cleave|p1a: Umbreon
|-damage|p1a: Umbreon|9/100
|
|upkeep
|turn|12
|
|t:|1760764497
|move|p1a: Umbreon|Moonlight|p1a: Umbreon
|-heal|p1a: Umbreon|59/100
|move|p2a: Kingambit|Swords Dance|p2a: Kingambit
|-boost|p2a: Kingambit|atk|2
|
|-heal|p1a: Umbreon|100/100|[from] move: Wish|[wisher] Umbreon
|upkeep
|turn|13
|
|t:|1760764505
|move|p1a: Umbreon|Foul Play|p2a: Kingambit
|-resisted|p2a: Kingambit
|-damage|p2a: Kingambit|42/100
|move|p2a: Kingambit|Kowtow Cleave|p1a: Umbreon
|-damage|p1a: Umbreon|0 fnt
|faint|p1a: Umbreon
|
|-heal|p2a: Kingambit|48/100|[from] item: Leftovers
|upkeep
|
|t:|1760764514
|switch|p1a: Ceruledge|Ceruledge, F|100/100
|-damage|p1a: Ceruledge|76/100|[from] Stealth Rock
|turn|14
|
|t:|1760764523
|move|p2a: Kingambit|Sucker Punch|p1a: Ceruledge
|-supereffective|p1a: Ceruledge
|-damage|p1a: Ceruledge|0 fnt
|faint|p1a: Ceruledge
|
|-heal|p2a: Kingambit|54/100|[from] item: Leftovers
|upkeep
|
|t:|1760764530
|switch|p1a: Flygon|Flygon, F|100/100
|-damage|p1a: Flygon|95/100|[from] Stealth Rock
|turn|15
|
|t:|1760764534
|move|p2a: Kingambit|Sucker Punch|p1a: Flygon
|-damage|p1a: Flygon|0 fnt
|faint|p1a: Flygon
|
|-heal|p2a: Kingambit|61/100|[from] item: Leftovers
|upkeep
|c|☆Rat Conjoe|Yeah ggs
|
|t:|1760764539
|switch|p1a: Meowscarada|Meowscarada, M|100/100
|-damage|p1a: Meowscarada|88/100|[from] Stealth Rock
|turn|16
|
|t:|1760764547
|move|p2a: Kingambit|Sucker Punch|p1a: Meowscarada
|-resisted|p1a: Meowscarada
|-damage|p1a: Meowscarada|0 fnt
|faint|p1a: Meowscarada
|
|win|masquerade bail
|raw|Rat Conjoe's rating: 1152 &rarr; <strong>1135</strong><br />(-17 for losing)
|raw|masquerade bail's rating: 1267 &rarr; <strong>1284</strong><br />(+17 for winning)
|c|☆masquerade bail|gg
|l|☆masquerade bail
|player|p2|
|l|☆Rat Conjoe
|player|p1|
