|j|☆solstic3
|j|☆Megumin's Husband
|t:|1760730152
|gametype|singles
|player|p1|solstic3|170|1619
|player|p2|Megumin's Husband|alder|1760
|gen|9
|tier|[Gen 9] OU
|rated|
|rule|HP Percentage Mod: HP is shown in percentages
|rule|Endless Battle Clause: Forcing endless battles is banned
|rule|Species Clause: Limit one of each Pokémon
|rule|OHKO Clause: OHKO moves are banned
|rule|Evasion Items Clause: Evasion items are banned
|rule|Evasion Moves Clause: Evasion moves are banned
|rule|Evasion Abilities Clause: Evasion abilities are banned
|rule|Sleep Moves Clause: Sleep-inducing moves are banned
|clearpoke
|poke|p1|Tornadus-Therian, M|
|poke|p1|Slowking-Galar, M|
|poke|p1|Great Tusk|
|poke|p1|Kyurem|
|poke|p1|Darkrai|
|poke|p1|Corviknight, M|
|poke|p2|Pecharunt|
|poke|p2|Primarina, F|
|poke|p2|Heatran, M|
|poke|p2|Great Tusk|
|poke|p2|Weavile, F|
|poke|p2|Ogerpon, F|
|teampreview
|inactive|Battle timer is ON: inactive players will automatically lose when time's up. (requested by solstic3)
|
|t:|1760730165
|teamsize|p1|6
|teamsize|p2|6
|start
|switch|p1a: Kyurem|Kyurem|100/100
|switch|p2a: Yamawaro|Ogerpon, F|100/100
|-ability|p1a: Kyurem|Pressure
|turn|1
|
|t:|1760730174
|switch|p1a: Corviknight|Corviknight, M|100/100
|-ability|p1a: Corviknight|Pressure
|-terastallize|p2a: Yamawaro|Grass
|detailschange|p2a: Yamawaro|Ogerpon-Teal-Tera, F, tera:Grass
|-ability|p2a: Yamawaro|Embody Aspect (Teal)|boost
|-boost|p2a: Yamawaro|spe|1
|move|p2a: Yamawaro|U-turn|p1a: Corviknight
|-resisted|p1a: Corviknight
|-damage|p1a: Corviknight|95/100
|-damage|p2a: Yamawaro|84/100|[from] item: Rocky Helmet|[of] p1a: Corviknight
|
|t:|1760730177
|switch|p2a: Great Tusk|Great Tusk|100/100|[from] U-turn
|
|upkeep
|turn|2
|
|t:|1760730183
|move|p2a: Great Tusk|Knock Off|p1a: Corviknight
|-damage|p1a: Corviknight|75/100
|-damage|p2a: Great Tusk|84/100|[from] item: Rocky Helmet|[of] p1a: Corviknight
|-enditem|p1a: Corviknight|Rocky Helmet|[from] move: Knock Off|[of] p2a: Great Tusk
|move|p1a: Corviknight|Defog|p2a: Great Tusk
|-unboost|p2a: Great Tusk|evasion|1
|
|upkeep
|turn|3
|
|t:|1760730190
|-end|p2a: Great Tusk|Protosynthesis|[silent]
|switch|p2a: Pecharunt|Pecharunt|100/100
|move|p1a: Corviknight|U-turn|p2a: Pecharunt
|-resisted|p2a: Pecharunt
|-damage|p2a: Pecharunt|99/100
|-damage|p1a: Corviknight|58/100|[from] item: Rocky Helmet|[of] p2a: Pecharunt
|
|t:|1760730194
|switch|p1a: Darkrai|Darkrai|100/100|[from] U-turn
|
|upkeep
|turn|4
|
|t:|1760730202
|switch|p2a: Chomusuke|Weavile, F|100/100
|-ability|p2a: Chomusuke|Pressure
|move|p1a: Darkrai|Knock Off|p2a: Chomusuke
|-resisted|p2a: Chomusuke
|-damage|p2a: Chomusuke|61/100
|-enditem|p2a: Chomusuke|Choice Band|[from] move: Knock Off|[of] p1a: Darkrai
|
|upkeep
|turn|5
|
|t:|1760730209
|move|p2a: Chomusuke|Triple Axel|p1a: Darkrai|[miss]
|-miss|p2a: Chomusuke|p1a: Darkrai
|move|p1a: Darkrai|Will-O-Wisp|p2a: Chomusuke
|-status|p2a: Chomusuke|brn
|
|-damage|p2a: Chomusuke|55/100 brn|[from] brn
|upkeep
|turn|6
|
|t:|1760730229
|switch|p1a: Corviknight|Corviknight, M|58/100
|-ability|p1a: Corviknight|Pressure
|switch|p2a: Heatran|Heatran, M, shiny|100/100
|-item|p2a: Heatran|Air Balloon
|
|upkeep
|turn|7
|
|t:|1760730245
|switch|p1a: Kyurem|Kyurem|100/100
|-ability|p1a: Kyurem|Pressure
|move|p2a: Heatran|Stealth Rock|p1a: Kyurem
|-sidestart|p1: solstic3|move: Stealth Rock
|
|upkeep
|turn|8
|
|t:|1760730249
|move|p1a: Kyurem|Substitute|p1a: Kyurem
|-start|p1a: Kyurem|Substitute
|-damage|p1a: Kyurem|76/100
|move|p2a: Heatran|Power Gem|p1a: Kyurem
|-supereffective|p1a: Kyurem
|-end|p1a: Kyurem|Substitute
|
|-heal|p1a: Kyurem|82/100|[from] item: Leftovers
|upkeep
|turn|9
|
|t:|1760730258
|-terastallize|p1a: Kyurem|Ground
|move|p1a: Kyurem|Substitute|p1a: Kyurem
|-start|p1a: Kyurem|Substitute
|-damage|p1a: Kyurem|57/100
|move|p2a: Heatran|Power Gem|p1a: Kyurem
|-resisted|p1a: Kyurem
|-activate|p1a: Kyurem|move: Substitute|[damage]
|
|-heal|p1a: Kyurem|63/100|[from] item: Leftovers
|upkeep
|turn|10
|
|t:|1760730262
|move|p1a: Kyurem|Freeze-Dry|p2a: Heatran
|-resisted|p2a: Heatran
|-damage|p2a: Heatran|95/100
|-enditem|p2a: Heatran|Air Balloon
|move|p2a: Heatran|Lava Plume|p1a: Kyurem
|-end|p1a: Kyurem|Substitute
|
|-heal|p1a: Kyurem|69/100|[from] item: Leftovers
|upkeep
|turn|11
|
|t:|1760730267
|switch|p2a: Yamawaro|Ogerpon-Teal-Tera, F, tera:Grass|84/100
|-ability|p2a: Yamawaro|Embody Aspect (Teal)|boost
|-boost|p2a: Yamawaro|spe|1
|move|p1a: Kyurem|Substitute|p1a: Kyurem
|-start|p1a: Kyurem|Substitute
|-damage|p1a: Kyurem|44/100
|
|-heal|p1a: Kyurem|50/100|[from] item: Leftovers
|upkeep
|turn|12
|
|t:|1760730270
|move|p1a: Kyurem|Protect|p1a: Kyurem
|-singleturn|p1a: Kyurem|Protect
|move|p2a: Yamawaro|U-turn|p1a: Kyurem
|-activate|p1a: Kyurem|move: Protect
|
|-heal|p1a: Kyurem|57/100|[from] item: Leftovers
|upkeep
|turn|13
|
|t:|1760730272
|move|p2a: Yamawaro|U-turn|p1a: Kyurem
|-end|p1a: Kyurem|Substitute
|
|t:|1760730274
|switch|p2a: Chomusuke|Weavile, F|55/100 brn|[from] U-turn
|-ability|p2a: Chomusuke|Pressure
|move|p1a: Kyurem|Freeze-Dry|p2a: Chomusuke
|-resisted|p2a: Chomusuke
|-damage|p2a: Chomusuke|32/100 brn
|
|-heal|p1a: Kyurem|63/100|[from] item: Leftovers
|-damage|p2a: Chomusuke|26/100 brn|[from] brn
|upkeep
|turn|14
|
|t:|1760730285
|switch|p2a: Heatran|Heatran, M, shiny|95/100
|move|p1a: Kyurem|Protect||[still]
|-fail|p1a: Kyurem
|
|-heal|p1a: Kyurem|69/100|[from] item: Leftovers
|upkeep
|turn|15
|
|t:|1760730297
|switch|p2a: Primarina|Primarina, F|100/100
|move|p1a: Kyurem|Substitute|p1a: Kyurem
|-start|p1a: Kyurem|Substitute
|-damage|p1a: Kyurem|44/100
|
|-heal|p1a: Kyurem|50/100|[from] item: Leftovers
|upkeep
|turn|16
|
|t:|1760730303
|move|p1a: Kyurem|Protect|p1a: Kyurem
|-singleturn|p1a: Kyurem|Protect
|move|p2a: Primarina|Psychic Noise|p1a: Kyurem
|-activate|p1a: Kyurem|move: Protect
|
|-heal|p1a: Kyurem|56/100|[from] item: Leftovers
|upkeep
|turn|17
|
|t:|1760730311
|switch|p1a: Slowking|Slowking-Galar, M|100/100
|-damage|p1a: Slowking|88/100|[from] Stealth Rock
|move|p2a: Primarina|Flip Turn|p1a: Slowking
|-damage|p1a: Slowking|73/100
|
|t:|1760730314
|switch|p2a: Great Tusk|Great Tusk|84/100|[from] Flip Turn
|
|-heal|p1a: Slowking|79/100|[from] item: Black Sludge
|upkeep
|turn|18
|
|t:|1760730317
|-end|p2a: Great Tusk|Protosynthesis|[silent]
|switch|p2a: Heatran|Heatran, M, shiny|95/100
|switch|p1a: Corviknight|Corviknight, M|58/100
|-damage|p1a: Corviknight|46/100|[from] Stealth Rock
|-ability|p1a: Corviknight|Pressure
|
|upkeep
|turn|19
|
|t:|1760730339
|switch|p2a: Yamawaro|Ogerpon-Teal-Tera, F, tera:Grass|84/100
|-ability|p2a: Yamawaro|Embody Aspect (Teal)|boost
|-boost|p2a: Yamawaro|spe|1
|switch|p1a: Slowking|Slowking-Galar, M|100/100
|-damage|p1a: Slowking|88/100|[from] Stealth Rock
|
|-heal|p1a: Slowking|94/100|[from] item: Black Sludge
|upkeep
|turn|20
|
|t:|1760730346
|switch|p1a: Corviknight|Corviknight, M|46/100
|-damage|p1a: Corviknight|34/100|[from] Stealth Rock
|-ability|p1a: Corviknight|Pressure
|move|p2a: Yamawaro|Knock Off|p1a: Corviknight
|-damage|p1a: Corviknight|13/100
|
|upkeep
|turn|21
|
|t:|1760730349
|switch|p1a: Great Tusk|Great Tusk|100/100
|move|p2a: Yamawaro|Knock Off|p1a: Great Tusk
|-resisted|p1a: Great Tusk
|-damage|p1a: Great Tusk|84/100
|-enditem|p1a: Great Tusk|Heavy-Duty Boots|[from] move: Knock Off|[of] p2a: Yamawaro
|
|upkeep
|turn|22
|
|t:|1760730362
|switch|p2a: Pecharunt|Pecharunt|99/100
|move|p1a: Great Tusk|Headlong Rush|p2a: Pecharunt
|-supereffective|p2a: Pecharunt
|-damage|p2a: Pecharunt|37/100
|-unboost|p1a: Great Tusk|def|1
|-unboost|p1a: Great Tusk|spd|1
|-damage|p1a: Great Tusk|68/100|[from] item: Rocky Helmet|[of] p2a: Pecharunt
|
|upkeep
|turn|23
|
|t:|1760730371
|switch|p2a: Chomusuke|Weavile, F|26/100 brn
|-ability|p2a: Chomusuke|Pressure
|move|p1a: Great Tusk|Stealth Rock|p2a: Chomusuke
|-sidestart|p2: Megumin's Husband|move: Stealth Rock
|
|-damage|p2a: Chomusuke|20/100 brn|[from] brn
|upkeep
|turn|24
|
|t:|1760730382
|move|p2a: Chomusuke|Triple Axel|p1a: Great Tusk
|-supereffective|p1a: Great Tusk
|-damage|p1a: Great Tusk|57/100
|-supereffective|p1a: Great Tusk
|-damage|p1a: Great Tusk|34/100
|-supereffective|p1a: Great Tusk
|-damage|p1a: Great Tusk|3/100
|-hitcount|p1a: Great Tusk|3
|move|p1a: Great Tusk|Rapid Spin|p2a: Chomusuke
|-damage|p2a: Chomusuke|0 fnt
|-boost|p1a: Great Tusk|spe|1
|-sideend|p1: solstic3|Stealth Rock|[from] move: Rapid Spin|[of] p1a: Great Tusk
|faint|p2a: Chomusuke
|
|upkeep
|
|t:|1760730390
|switch|p2a: Yamawaro|Ogerpon-Teal-Tera, F, tera:Grass|84/100
|-damage|p2a: Yamawaro|72/100|[from] Stealth Rock
|-ability|p2a: Yamawaro|Embody Aspect (Teal)|boost
|-boost|p2a: Yamawaro|spe|1
|turn|25
|
|t:|1760730397
|-end|p1a: Great Tusk|Protosynthesis|[silent]
|switch|p1a: Corviknight|Corviknight, M|13/100
|-ability|p1a: Corviknight|Pressure
|move|p2a: Yamawaro|Ivy Cudgel|p1a: Corviknight
|-resisted|p1a: Corviknight
|-damage|p1a: Corviknight|0 fnt
|faint|p1a: Corviknight
|
|upkeep
|
|t:|1760730405
|switch|p1a: Slowking|Slowking-Galar, M|100/100
|turn|26
|
|t:|1760730412
|switch|p2a: Great Tusk|Great Tusk|84/100
|-prepare|p1a: Slowking|Chilly Reception|[premajor]
|move|p1a: Slowking|Chilly Reception|p1a: Slowking
|-weather|Snowscape
|
|t:|1760730415
|switch|p1a: Tornadus|Tornadus-Therian, M|100/100|[from] Chilly Reception
|
|-weather|Snowscape|[upkeep]
|upkeep
|turn|27
|
|t:|1760730423
|move|p1a: Tornadus|Nasty Plot|p1a: Tornadus
|-boost|p1a: Tornadus|spa|2
|move|p2a: Great Tusk|Rapid Spin|p1a: Tornadus
|-damage|p1a: Tornadus|75/100
|-boost|p2a: Great Tusk|spe|1
|-sideend|p2: Megumin's Husband|Stealth Rock|[from] move: Rapid Spin|[of] p2a: Great Tusk
|
|-weather|Snowscape|[upkeep]
|upkeep
|turn|28
|
|t:|1760730436
|move|p2a: Great Tusk|Ice Spinner|p1a: Tornadus
|-supereffective|p1a: Tornadus
|-damage|p1a: Tornadus|1/100
|move|p1a: Tornadus|Bleakwind Storm|p2a: Great Tusk
|-supereffective|p2a: Great Tusk
|-crit|p2a: Great Tusk
|-damage|p2a: Great Tusk|0 fnt
|faint|p2a: Great Tusk
|-end|p2a: Great Tusk|Protosynthesis|[silent]
|-damage|p1a: Tornadus|0 fnt|[from] item: Life Orb
|faint|p1a: Tornadus
|
|-weather|Snowscape|[upkeep]
|upkeep
|
|t:|1760730442
|switch|p1a: Kyurem|Kyurem, tera:Ground|56/100
|switch|p2a: Yamawaro|Ogerpon-Teal-Tera, F, tera:Grass|72/100
|-ability|p2a: Yamawaro|Embody Aspect (Teal)|boost
|-boost|p2a: Yamawaro|spe|1
|-ability|p1a: Kyurem|Pressure
|turn|29
|
|t:|1760730445
|move|p1a: Kyurem|Protect|p1a: Kyurem
|-singleturn|p1a: Kyurem|Protect
|move|p2a: Yamawaro|Ivy Cudgel|p1a: Kyurem
|-activate|p1a: Kyurem|move: Protect
|
|-weather|Snowscape|[upkeep]
|-heal|p1a: Kyurem|62/100|[from] item: Leftovers
|upkeep
|turn|30
|
|t:|1760730454
|move|p2a: Yamawaro|Ivy Cudgel|p1a: Kyurem
|-supereffective|p1a: Kyurem
|-crit|p1a: Kyurem
|-damage|p1a: Kyurem|0 fnt
|faint|p1a: Kyurem
|
|-weather|none
|upkeep
|
|t:|1760730456
|switch|p1a: Slowking|Slowking-Galar, M|100/100
|turn|31
|
|t:|1760730463
|switch|p2a: Pecharunt|Pecharunt|37/100
|-prepare|p1a: Slowking|Chilly Reception|[premajor]
|move|p1a: Slowking|Chilly Reception|p1a: Slowking
|-weather|Snowscape
|
|t:|1760730465
|switch|p1a: Darkrai|Darkrai|100/100|[from] Chilly Reception
|
|-weather|Snowscape|[upkeep]
|upkeep
|turn|32
|
|t:|1760730474
|switch|p2a: Primarina|Primarina, F|100/100
|move|p1a: Darkrai|Knock Off|p2a: Primarina
|-resisted|p2a: Primarina
|-damage|p2a: Primarina|73/100
|-enditem|p2a: Primarina|Assault Vest|[from] move: Knock Off|[of] p1a: Darkrai
|
|-weather|Snowscape|[upkeep]
|upkeep
|turn|33
|
|t:|1760730479
|move|p1a: Darkrai|Will-O-Wisp|p2a: Primarina
|-status|p2a: Primarina|brn
|move|p2a: Primarina|Flip Turn|p1a: Darkrai
|-damage|p1a: Darkrai|89/100
|
|t:|1760730481
|switch|p2a: Yamawaro|Ogerpon-Teal-Tera, F, tera:Grass|72/100|[from] Flip Turn
|-ability|p2a: Yamawaro|Embody Aspect (Teal)|boost
|-boost|p2a: Yamawaro|spe|1
|
|-weather|Snowscape|[upkeep]
|upkeep
|turn|34
|
|t:|1760730486
|switch|p1a: Slowking|Slowking-Galar, M|100/100
|move|p2a: Yamawaro|Ivy Cudgel|p1a: Slowking
|-resisted|p1a: Slowking
|-damage|p1a: Slowking|47/100
|
|-weather|Snowscape|[upkeep]
|-heal|p1a: Slowking|53/100|[from] item: Black Sludge
|upkeep
|turn|35
|
|t:|1760730498
|move|p2a: Yamawaro|Ivy Cudgel|p1a: Slowking
|-resisted|p1a: Slowking
|-damage|p1a: Slowking|0 fnt
|faint|p1a: Slowking
|
|-weather|none
|upkeep
|
|t:|1760730502
|switch|p1a: Darkrai|Darkrai|89/100
|turn|36
|
|t:|1760730504
|move|p2a: Yamawaro|Ivy Cudgel|p1a: Darkrai
|-damage|p1a: Darkrai|0 fnt
|faint|p1a: Darkrai
|
|upkeep
|-message|solstic3 forfeited.
|
|win|Megumin's Husband
|raw|solstic3's rating: 1619 &rarr; <strong>1607</strong><br />(-12 for losing)
|raw|Megumin&apos;s Husband's rating: 1760 &rarr; <strong>1772</strong><br />(+12 for winning)
|l|☆solstic3
|player|p1|
