|j|☆meganub123
|j|☆AdrianPoop1234
|t:|1760876660
|gametype|singles
|player|p1|meganub123|roark|1146
|player|p2|AdrianPoop1234|266|1170
|gen|9
|tier|[Gen 9] OU
|rated|
|rule|HP Percentage Mod: HP is shown in percentages
|rule|Endless Battle Clause: Forcing endless battles is banned
|rule|Species Clause: Limit one of each Pokémon
|rule|OHKO Clause: OHKO moves are banned
|rule|Evasion Items Clause: Evasion items are banned
|rule|Evasion Moves Clause: Evasion moves are banned
|rule|Evasion Abilities Clause: Evasion abilities are banned
|rule|Sleep Moves Clause: Sleep-inducing moves are banned
|clearpoke
|poke|p1|Cinderace, M|
|poke|p1|Great Tusk|
|poke|p1|Araquanid, M|
|poke|p1|Milotic, M|
|poke|p1|Kingambit, F|
|poke|p1|Malamar, F|
|poke|p2|Ting-Lu|
|poke|p2|Gholdengo|
|poke|p2|Iron Crown|
|poke|p2|Great Tusk|
|poke|p2|Primarina, M|
|poke|p2|Dragonite, F|
|teampreview
|inactive|Battle timer is ON: inactive players will automatically lose when time's up. (requested by meganub123)
|
|t:|1760876691
|teamsize|p1|6
|teamsize|p2|6
|start
|switch|p1a: Araquanid|Araquanid, M|100/100
|switch|p2a: Great Tusk|Great Tusk|100/100
|-enditem|p2a: Great Tusk|Booster Energy
|-activate|p2a: Great Tusk|ability: Protosynthesis|[fromitem]
|-start|p2a: Great Tusk|protosynthesisatk
|turn|1
|
|t:|1760876701
|move|p2a: Great Tusk|Tera Blast|p1a: Araquanid
|-damage|p1a: Araquanid|94/100
|move|p1a: Araquanid|Surf|p2a: Great Tusk
|-supereffective|p2a: Great Tusk
|-damage|p2a: Great Tusk|0 fnt
|faint|p2a: Great Tusk
|-end|p2a: Great Tusk|Protosynthesis|[silent]
|
|upkeep
|
|t:|1760876722
|switch|p2a: Dragonite|Dragonite, F|100/100
|turn|2
|
|t:|1760876725
|move|p2a: Dragonite|Dragon Dance|p2a: Dragonite
|-boost|p2a: Dragonite|atk|1
|-boost|p2a: Dragonite|spe|1
|move|p1a: Araquanid|Sticky Web|p2a: Dragonite
|-sidestart|p2: AdrianPoop1234|move: Sticky Web
|
|upkeep
|turn|3
|
|t:|1760876731
|switch|p1a: Milotic|Milotic, M|100/100
|move|p2a: Dragonite|Dragon Dance|p2a: Dragonite
|-boost|p2a: Dragonite|atk|1
|-boost|p2a: Dragonite|spe|1
|
|upkeep
|turn|4
|
|t:|1760876737
|move|p2a: Dragonite|Dragon Dance|p2a: Dragonite
|-boost|p2a: Dragonite|atk|1
|-boost|p2a: Dragonite|spe|1
|move|p1a: Milotic|Ice Beam|p2a: Dragonite
|-supereffective|p2a: Dragonite
|-damage|p2a: Dragonite|55/100
|
|-heal|p2a: Dragonite|61/100|[from] item: Leftovers
|upkeep
|turn|5
|
|t:|1760876743
|-terastallize|p2a: Dragonite|Dragon
|move|p2a: Dragonite|Earthquake|p1a: Milotic
|-damage|p1a: Milotic|24/100
|move|p1a: Milotic|Ice Beam|p2a: Dragonite
|-supereffective|p2a: Dragonite
|-damage|p2a: Dragonite|20/100
|
|-heal|p2a: Dragonite|26/100|[from] item: Leftovers
|-heal|p1a: Milotic|30/100|[from] item: Leftovers
|upkeep
|turn|6
|
|t:|1760876750
|move|p2a: Dragonite|Earthquake|p1a: Milotic
|-damage|p1a: Milotic|0 fnt
|faint|p1a: Milotic
|
|-heal|p2a: Dragonite|32/100|[from] item: Leftovers
|upkeep
|
|t:|1760876753
|switch|p1a: Kingambit|Kingambit, F|100/100
|turn|7
|
|t:|1760876755
|move|p1a: Kingambit|Sucker Punch|p2a: Dragonite
|-damage|p2a: Dragonite|0 fnt
|faint|p2a: Dragonite
|
|upkeep
|
|t:|1760876760
|switch|p2a: Ting-Lu|Ting-Lu|100/100
|-activate|p2a: Ting-Lu|move: Sticky Web
|-unboost|p2a: Ting-Lu|spe|1
|-ability|p2a: Ting-Lu|Vessel of Ruin
|turn|8
|
|t:|1760876766
|switch|p1a: Cinderace|Cinderace, M|100/100
|move|p2a: Ting-Lu|Spikes|p1a: Cinderace
|-sidestart|p1: meganub123|Spikes
|
|upkeep
|turn|9
|
|t:|1760876774
|move|p1a: Cinderace|Pyro Ball|p2a: Ting-Lu
|-damage|p2a: Ting-Lu|78/100
|move|p2a: Ting-Lu|Earthquake|p1a: Cinderace
|-supereffective|p1a: Cinderace
|-damage|p1a: Cinderace|1/100
|
|-heal|p2a: Ting-Lu|84/100|[from] item: Leftovers
|upkeep
|turn|10
|
|t:|1760876779
|move|p1a: Cinderace|Court Change|p1a: Cinderace
|-start|p1a: Cinderace|typechange|Normal|[from] ability: Libero
|-swapsideconditions
|-activate|p1a: Cinderace|move: Court Change
|move|p2a: Ting-Lu|Stealth Rock|p1a: Cinderace
|-sidestart|p1: meganub123|move: Stealth Rock
|
|-heal|p2a: Ting-Lu|91/100|[from] item: Leftovers
|upkeep
|turn|11
|
|t:|1760876785
|move|p1a: Cinderace|U-turn|p2a: Ting-Lu
|-supereffective|p2a: Ting-Lu
|-damage|p2a: Ting-Lu|72/100
|
|t:|1760876789
|switch|p1a: Kingambit|Kingambit, F|100/100|[from] U-turn
|-activate|p1a: Kingambit|move: Sticky Web
|-unboost|p1a: Kingambit|spe|1
|-ability|p1a: Kingambit|Defiant|boost
|-boost|p1a: Kingambit|atk|2
|-damage|p1a: Kingambit|94/100|[from] Stealth Rock
|move|p2a: Ting-Lu|Earthquake|p1a: Kingambit
|-supereffective|p1a: Kingambit
|-damage|p1a: Kingambit|44/100
|
|-heal|p2a: Ting-Lu|78/100|[from] item: Leftovers
|-heal|p1a: Kingambit|50/100|[from] item: Leftovers
|upkeep
|turn|12
|
|t:|1760876809
|-terastallize|p1a: Kingambit|Fairy
|move|p2a: Ting-Lu|Earthquake|p1a: Kingambit
|-damage|p1a: Kingambit|23/100
|move|p1a: Kingambit|Low Kick|p2a: Ting-Lu
|-supereffective|p2a: Ting-Lu
|-damage|p2a: Ting-Lu|0 fnt
|faint|p2a: Ting-Lu
|
|-heal|p1a: Kingambit|29/100|[from] item: Leftovers
|upkeep
|
|t:|1760876817
|switch|p2a: Iron Crown|Iron Crown|100/100
|-damage|p2a: Iron Crown|88/100|[from] Spikes
|-enditem|p2a: Iron Crown|Booster Energy
|-activate|p2a: Iron Crown|ability: Quark Drive|[fromitem]
|-start|p2a: Iron Crown|quarkdrivespe
|turn|13
|
|t:|1760876822
|move|p1a: Kingambit|Sucker Punch|p2a: Iron Crown
|-supereffective|p2a: Iron Crown
|-damage|p2a: Iron Crown|0 fnt
|faint|p2a: Iron Crown
|-end|p2a: Iron Crown|Quark Drive|[silent]
|
|-heal|p1a: Kingambit|36/100|[from] item: Leftovers
|upkeep
|
|t:|1760876824
|switch|p2a: Gholdengo|Gholdengo|100/100
|-damage|p2a: Gholdengo|88/100|[from] Spikes
|turn|14
|
|t:|1760876829
|move|p2a: Gholdengo|Make It Rain|p1a: Kingambit
|-supereffective|p1a: Kingambit
|-damage|p1a: Kingambit|0 fnt
|-unboost|p2a: Gholdengo|spa|1
|faint|p1a: Kingambit
|
|upkeep
|
|t:|1760876834
|switch|p1a: Great Tusk|Great Tusk|100/100
|turn|15
|
|t:|1760876838
|switch|p2a: Primarina|Primarina, M|100/100
|-damage|p2a: Primarina|88/100|[from] Spikes
|move|p1a: Great Tusk|Headlong Rush|p2a: Primarina
|-damage|p2a: Primarina|11/100
|-unboost|p1a: Great Tusk|def|1
|-unboost|p1a: Great Tusk|spd|1
|
|upkeep
|turn|16
|
|t:|1760876847
|move|p1a: Great Tusk|Headlong Rush|p2a: Primarina
|-damage|p2a: Primarina|0 fnt
|-unboost|p1a: Great Tusk|def|1
|-unboost|p1a: Great Tusk|spd|1
|faint|p2a: Primarina
|
|upkeep
|
|t:|1760876850
|switch|p2a: Gholdengo|Gholdengo|88/100
|-damage|p2a: Gholdengo|76/100|[from] Spikes
|turn|17
|
|t:|1760876867
|move|p2a: Gholdengo|Shadow Ball|p1a: Great Tusk
|-damage|p1a: Great Tusk|0 fnt
|faint|p1a: Great Tusk
|-end|p1a: Great Tusk|Protosynthesis|[silent]
|
|upkeep
|
|t:|1760876882
|switch|p1a: Cinderace|Cinderace, M|1/100
|turn|18
|
|t:|1760876887
|move|p1a: Cinderace|Sucker Punch|p2a: Gholdengo
|-start|p1a: Cinderace|typechange|Dark|[from] ability: Libero
|-supereffective|p2a: Gholdengo
|-damage|p2a: Gholdengo|5/100
|move|p2a: Gholdengo|Shadow Ball|p1a: Cinderace
|-resisted|p1a: Cinderace
|-damage|p1a: Cinderace|0 fnt
|faint|p1a: Cinderace
|
|upkeep
|
|t:|1760876894
|switch|p1a: Araquanid|Araquanid, M|94/100
|-activate|p1a: Araquanid|move: Sticky Web
|-unboost|p1a: Araquanid|spe|1
|-damage|p1a: Araquanid|69/100|[from] Stealth Rock
|turn|19
|
|t:|1760876902
|move|p2a: Gholdengo|Shadow Ball|p1a: Araquanid
|-crit|p1a: Araquanid
|-damage|p1a: Araquanid|28/100
|move|p1a: Araquanid|Leech Life|p2a: Gholdengo
|-resisted|p2a: Gholdengo
|-damage|p2a: Gholdengo|0 fnt
|-heal|p1a: Araquanid|30/100|[from] drain|[of] p2a: Gholdengo
|faint|p2a: Gholdengo
|
|win|meganub123
|raw|meganub123's rating: 1146 &rarr; <strong>1173</strong><br />(+27 for winning)
|raw|AdrianPoop1234's rating: 1170 &rarr; <strong>1143</strong><br />(-27 for losing)
|l|☆meganub123
|player|p1|
|l|☆AdrianPoop1234
|player|p2|
