|j|☆YeatLover267
|j|☆elikyle07
|t:|1760840613
|gametype|singles
|player|p1|YeatLover267|backersf|1359
|player|p2|elikyle07|266|1277
|gen|9
|tier|[Gen 9] OU
|rated|
|rule|HP Percentage Mod: HP is shown in percentages
|rule|Endless Battle Clause: Forcing endless battles is banned
|rule|Species Clause: Limit one of each Pokémon
|rule|OHKO Clause: OHKO moves are banned
|rule|Evasion Items Clause: Evasion items are banned
|rule|Evasion Moves Clause: Evasion moves are banned
|rule|Evasion Abilities Clause: Evasion abilities are banned
|rule|Sleep Moves Clause: Sleep-inducing moves are banned
|clearpoke
|poke|p1|Lycanroc-Dusk, F|
|poke|p1|Enamorus, F|
|poke|p1|Heatran, F|
|poke|p1|Dondozo, M|
|poke|p1|Slowking, M|
|poke|p1|Toedscruel, M|
|poke|p2|Heracross, M|
|poke|p2|Crawdaunt, F|
|poke|p2|Ninetales-Alola, F|
|poke|p2|Iron Valiant|
|poke|p2|Torterra, M|
|poke|p2|Kommo-o, M|
|teampreview
|inactive|Battle timer is ON: inactive players will automatically lose when time's up. (requested by YeatLover267)
|
|t:|1760840635
|teamsize|p1|6
|teamsize|p2|6
|start
|switch|p1a: Heatran|Heatran, F|100/100
|switch|p2a: Ninetales|Ninetales-Alola, F|100/100
|-weather|Snowscape|[from] ability: Snow Warning|[of] p2a: Ninetales
|-item|p1a: Heatran|Air Balloon
|turn|1
|
|t:|1760840644
|move|p2a: Ninetales|Aurora Veil|p2a: Ninetales
|-sidestart|p2: elikyle07|move: Aurora Veil
|move|p1a: Heatran|Flash Cannon|p2a: Ninetales
|-supereffective|p2a: Ninetales
|-damage|p2a: Ninetales|35/100
|
|-weather|Snowscape|[upkeep]
|upkeep
|turn|2
|
|t:|1760840651
|move|p2a: Ninetales|Chilling Water|p1a: Heatran
|-supereffective|p1a: Heatran
|-damage|p1a: Heatran|89/100
|-unboost|p1a: Heatran|atk|1
|-enditem|p1a: Heatran|Air Balloon
|move|p1a: Heatran|Will-O-Wisp|p2a: Ninetales
|-status|p2a: Ninetales|brn
|
|-weather|Snowscape|[upkeep]
|-damage|p2a: Ninetales|29/100 brn|[from] brn
|upkeep
|turn|3
|
|t:|1760840664
|move|p2a: Ninetales|Moonblast|p1a: Heatran
|-resisted|p1a: Heatran
|-damage|p1a: Heatran|84/100
|move|p1a: Heatran|Stealth Rock|p2a: Ninetales
|-sidestart|p2: elikyle07|move: Stealth Rock
|
|-weather|Snowscape|[upkeep]
|-damage|p2a: Ninetales|23/100 brn|[from] brn
|upkeep
|turn|4
|
|t:|1760840673
|move|p2a: Ninetales|Moonblast|p1a: Heatran
|-resisted|p1a: Heatran
|-damage|p1a: Heatran|80/100
|-unboost|p1a: Heatran|spa|1
|move|p1a: Heatran|Will-O-Wisp|p2a: Ninetales
|-fail|p2a: Ninetales|brn
|
|-weather|Snowscape|[upkeep]
|-damage|p2a: Ninetales|17/100 brn|[from] brn
|upkeep
|turn|5
|
|t:|1760840686
|move|p2a: Ninetales|Freeze-Dry|p1a: Heatran
|-resisted|p1a: Heatran
|-damage|p1a: Heatran|77/100
|move|p1a: Heatran|Will-O-Wisp|p2a: Ninetales
|-fail|p2a: Ninetales|brn
|
|-weather|none
|-damage|p2a: Ninetales|11/100 brn|[from] brn
|upkeep
|turn|6
|
|t:|1760840696
|move|p2a: Ninetales|Freeze-Dry|p1a: Heatran
|-resisted|p1a: Heatran
|-damage|p1a: Heatran|74/100
|move|p1a: Heatran|Will-O-Wisp|p2a: Ninetales|[miss]
|-miss|p1a: Heatran|p2a: Ninetales
|
|-damage|p2a: Ninetales|5/100 brn|[from] brn
|upkeep
|turn|7
|
|t:|1760840704
|move|p2a: Ninetales|Freeze-Dry|p1a: Heatran
|-resisted|p1a: Heatran
|-damage|p1a: Heatran|71/100
|move|p1a: Heatran|Will-O-Wisp|p2a: Ninetales|[miss]
|-miss|p1a: Heatran|p2a: Ninetales
|
|-damage|p2a: Ninetales|0 fnt|[from] brn
|faint|p2a: Ninetales
|upkeep
|
|t:|1760840714
|switch|p2a: Crawdaunt|Crawdaunt, F|100/100
|-damage|p2a: Crawdaunt|88/100|[from] Stealth Rock
|turn|8
|
|t:|1760840725
|move|p2a: Crawdaunt|Liquidation|p1a: Heatran
|-supereffective|p1a: Heatran
|-damage|p1a: Heatran|0 fnt
|faint|p1a: Heatran
|
|-sideend|p2: elikyle07|move: Aurora Veil
|upkeep
|
|t:|1760840728
|switch|p1a: Lycanroc|Lycanroc-Dusk, F, shiny|100/100
|turn|9
|
|t:|1760840734
|switch|p1a: Dondozo|Dondozo, M, shiny|100/100
|move|p2a: Crawdaunt|Liquidation|p1a: Dondozo
|-resisted|p1a: Dondozo
|-damage|p1a: Dondozo|80/100
|
|-heal|p1a: Dondozo|86/100|[from] item: Leftovers
|upkeep
|turn|10
|
|t:|1760840743
|move|p2a: Crawdaunt|Liquidation|p1a: Dondozo
|-resisted|p1a: Dondozo
|-damage|p1a: Dondozo|67/100
|move|p1a: Dondozo|Wave Crash|p2a: Crawdaunt
|-resisted|p2a: Crawdaunt
|-damage|p2a: Crawdaunt|57/100
|-damage|p1a: Dondozo|62/100|[from] Recoil
|
|-heal|p1a: Dondozo|68/100|[from] item: Leftovers
|upkeep
|turn|11
|
|t:|1760840754
|move|p2a: Crawdaunt|Liquidation|p1a: Dondozo
|-resisted|p1a: Dondozo
|-damage|p1a: Dondozo|47/100
|move|p1a: Dondozo|Curse|p1a: Dondozo
|-unboost|p1a: Dondozo|spe|1
|-boost|p1a: Dondozo|atk|1
|-boost|p1a: Dondozo|def|1
|
|-heal|p1a: Dondozo|53/100|[from] item: Leftovers
|upkeep
|turn|12
|
|t:|1760840764
|move|p2a: Crawdaunt|Liquidation|p1a: Dondozo
|-resisted|p1a: Dondozo
|-damage|p1a: Dondozo|40/100
|move|p1a: Dondozo|Rest|p1a: Dondozo
|-status|p1a: Dondozo|slp|[from] move: Rest
|-heal|p1a: Dondozo|100/100 slp|[silent]
|
|upkeep
|turn|13
|
|t:|1760840773
|switch|p2a: Nuevo robos|Iron Valiant|100/100
|-damage|p2a: Nuevo robos|94/100|[from] Stealth Rock
|-enditem|p2a: Nuevo robos|Booster Energy
|-activate|p2a: Nuevo robos|ability: Quark Drive|[fromitem]
|-start|p2a: Nuevo robos|quarkdrivespe
|cant|p1a: Dondozo|slp
|move|p1a: Dondozo|Sleep Talk|p1a: Dondozo
|move|p1a: Dondozo|Rest||[from] move: Sleep Talk|[still]
|-fail|p1a: Dondozo
|
|upkeep
|turn|14
|
|t:|1760840789
|move|p2a: Nuevo robos|Moonblast|p1a: Dondozo
|-damage|p1a: Dondozo|55/100 slp
|cant|p1a: Dondozo|slp
|move|p1a: Dondozo|Sleep Talk|p1a: Dondozo
|move|p1a: Dondozo|Rest||[from] move: Sleep Talk|[still]
|-fail|p1a: Dondozo
|
|-heal|p1a: Dondozo|61/100 slp|[from] item: Leftovers
|upkeep
|turn|15
|
|t:|1760840802
|switch|p1a: Slowking|Slowking, M|100/100
|-terastallize|p2a: Nuevo robos|Fairy
|move|p2a: Nuevo robos|Moonblast|p1a: Slowking
|-damage|p1a: Slowking|64/100
|
|upkeep
|turn|16
|
|t:|1760840810
|move|p2a: Nuevo robos|Calm Mind|p2a: Nuevo robos
|-boost|p2a: Nuevo robos|spa|1
|-boost|p2a: Nuevo robos|spd|1
|-prepare|p1a: Slowking|Chilly Reception|[premajor]
|move|p1a: Slowking|Chilly Reception|p1a: Slowking
|-weather|Snowscape
|
|t:|1760840814
|switch|p1a: Toedscruel|Toedscruel, M|100/100|[from] Chilly Reception
|
|-weather|Snowscape|[upkeep]
|upkeep
|turn|17
|
|t:|1760840826
|move|p2a: Nuevo robos|Psyshock|p1a: Toedscruel
|-damage|p1a: Toedscruel|49/100
|move|p1a: Toedscruel|Stun Spore|p2a: Nuevo robos|[miss]
|-miss|p1a: Toedscruel|p2a: Nuevo robos
|
|-weather|Snowscape|[upkeep]
|upkeep
|turn|18
|
|t:|1760840834
|move|p2a: Nuevo robos|Psyshock|p1a: Toedscruel
|-crit|p1a: Toedscruel
|-damage|p1a: Toedscruel|0 fnt
|faint|p1a: Toedscruel
|
|-weather|Snowscape|[upkeep]
|upkeep
|
|t:|1760840837
|switch|p1a: Slowking|Slowking, M|98/100
|turn|19
|
|t:|1760840843
|move|p2a: Nuevo robos|Moonblast|p1a: Slowking
|-damage|p1a: Slowking|45/100
|-unboost|p1a: Slowking|spa|1
|move|p1a: Slowking|Thunder Wave|p2a: Nuevo robos
|-status|p2a: Nuevo robos|par
|
|-weather|Snowscape|[upkeep]
|upkeep
|turn|20
|
|t:|1760840853
|move|p2a: Nuevo robos|Moonblast|p1a: Slowking
|-damage|p1a: Slowking|0 fnt
|faint|p1a: Slowking
|
|-weather|none
|upkeep
|
|t:|1760840856
|switch|p1a: Enamorus|Enamorus, F|100/100
|turn|21
|
|t:|1760840862
|-terastallize|p1a: Enamorus|Fairy
|move|p1a: Enamorus|Moonblast|p2a: Nuevo robos
|-crit|p2a: Nuevo robos
|-damage|p2a: Nuevo robos|0 fnt
|faint|p2a: Nuevo robos
|-end|p2a: Nuevo robos|Quark Drive|[silent]
|
|upkeep
|
|t:|1760840877
|switch|p2a: Crawdaunt|Crawdaunt, F|57/100
|-damage|p2a: Crawdaunt|45/100|[from] Stealth Rock
|turn|22
|
|t:|1760840881
|move|p2a: Crawdaunt|Aqua Jet|p1a: Enamorus
|-damage|p1a: Enamorus|29/100
|move|p1a: Enamorus|Moonblast|p2a: Crawdaunt
|-supereffective|p2a: Crawdaunt
|-damage|p2a: Crawdaunt|0 fnt
|faint|p2a: Crawdaunt
|
|upkeep
|
|t:|1760840895
|switch|p2a: Torterra|Torterra, M|100/100
|-damage|p2a: Torterra|94/100|[from] Stealth Rock
|turn|23
|
|t:|1760840905
|move|p1a: Enamorus|Moonblast|p2a: Torterra
|-damage|p2a: Torterra|19/100
|move|p2a: Torterra|Shell Smash|p2a: Torterra
|-unboost|p2a: Torterra|def|1
|-unboost|p2a: Torterra|spd|1
|-boost|p2a: Torterra|atk|2
|-boost|p2a: Torterra|spa|2
|-boost|p2a: Torterra|spe|2
|
|upkeep
|turn|24
|
|t:|1760840916
|move|p1a: Enamorus|Moonblast|p2a: Torterra
|-crit|p2a: Torterra
|-damage|p2a: Torterra|0 fnt
|faint|p2a: Torterra
|
|upkeep
|
|t:|1760840923
|switch|p2a: Heracross|Heracross, M|100/100
|-damage|p2a: Heracross|88/100|[from] Stealth Rock
|turn|25
|
|t:|1760840930
|move|p1a: Enamorus|Moonblast|p2a: Heracross
|-supereffective|p2a: Heracross
|-damage|p2a: Heracross|0 fnt
|faint|p2a: Heracross
|
|upkeep
|-message|elikyle07 forfeited.
|
|win|YeatLover267
|raw|YeatLover267's rating: 1359 &rarr; <strong>1374</strong><br />(+15 for winning)
|raw|elikyle07's rating: 1277 &rarr; <strong>1258</strong><br />(-19 for losing)
|l|☆elikyle07
|player|p2|
|l|☆YeatLover267
|player|p1|
