|j|☆fraud101
|j|☆hyujrrruihgk
|t:|1760819524
|gametype|singles
|player|p1|fraud101|170|1042
|player|p2|hyujrrruihgk|169|1000
|gen|9
|tier|[Gen 9] OU
|rated|
|rule|HP Percentage Mod: HP is shown in percentages
|rule|Endless Battle Clause: Forcing endless battles is banned
|rule|Species Clause: Limit one of each Pokémon
|rule|OHKO Clause: OHKO moves are banned
|rule|Evasion Items Clause: Evasion items are banned
|rule|Evasion Moves Clause: Evasion moves are banned
|rule|Evasion Abilities Clause: Evasion abilities are banned
|rule|Sleep Moves Clause: Sleep-inducing moves are banned
|clearpoke
|poke|p1|Lucario, M|
|poke|p1|Dragapult, M|
|poke|p1|Iron Valiant|
|poke|p1|Ting-Lu|
|poke|p1|Corviknight, F|
|poke|p1|Kingambit, M|
|poke|p2|Weavile, F|
|poke|p2|Kingambit, F|
|poke|p2|Muk-Alola, M|
|poke|p2|Rotom-Wash|
|poke|p2|Noivern, M|
|poke|p2|Iron Valiant|
|teampreview
|inactive|Battle timer is ON: inactive players will automatically lose when time's up. (requested by hyujrrruihgk)
|
|t:|1760819551
|teamsize|p1|6
|teamsize|p2|6
|start
|switch|p1a: Lucario|Lucario, M|100/100
|switch|p2a: Weavile|Weavile, F|100/100
|turn|1
|
|t:|1760819561
|move|p2a: Weavile|Brick Break|p1a: Lucario
|-supereffective|p1a: Lucario
|-damage|p1a: Lucario|0 fnt
|faint|p1a: Lucario
|-damage|p2a: Weavile|91/100|[from] item: Life Orb
|
|upkeep
|
|t:|1760819576
|switch|p1a: Iron Valiant|Iron Valiant|100/100
|-enditem|p1a: Iron Valiant|Booster Energy
|-activate|p1a: Iron Valiant|ability: Quark Drive|[fromitem]
|-start|p1a: Iron Valiant|quarkdrivespe
|turn|2
|
|t:|1760819586
|move|p1a: Iron Valiant|Close Combat|p2a: Weavile
|-supereffective|p2a: Weavile
|-damage|p2a: Weavile|0 fnt
|-unboost|p1a: Iron Valiant|def|1
|-unboost|p1a: Iron Valiant|spd|1
|faint|p2a: Weavile
|
|upkeep
|
|t:|1760819590
|switch|p2a: Muk|Muk-Alola, M|100/100
|turn|3
|
|t:|1760819601
|-terastallize|p1a: Iron Valiant|Ghost
|move|p1a: Iron Valiant|Moonblast|p2a: Muk
|-damage|p2a: Muk|77/100
|-unboost|p2a: Muk|spa|1
|move|p2a: Muk|Poison Jab|p1a: Iron Valiant
|-resisted|p1a: Iron Valiant
|-damage|p1a: Iron Valiant|71/100
|
|upkeep
|turn|4
|
|t:|1760819613
|move|p1a: Iron Valiant|Moonblast|p2a: Muk
|-damage|p2a: Muk|54/100
|move|p2a: Muk|Knock Off|p1a: Iron Valiant
|-supereffective|p1a: Iron Valiant
|-damage|p1a: Iron Valiant|0 fnt
|faint|p1a: Iron Valiant
|-end|p1a: Iron Valiant|Quark Drive|[silent]
|
|upkeep
|
|t:|1760819623
|switch|p1a: Corviknight|Corviknight, F|100/100
|-ability|p1a: Corviknight|Pressure
|turn|5
|
|t:|1760819639
|move|p1a: Corviknight|Iron Defense|p1a: Corviknight
|-boost|p1a: Corviknight|def|2
|move|p2a: Muk|Knock Off|p1a: Corviknight
|-damage|p1a: Corviknight|87/100
|-damage|p2a: Muk|37/100|[from] item: Rocky Helmet|[of] p1a: Corviknight
|-enditem|p1a: Corviknight|Rocky Helmet|[from] move: Knock Off|[of] p2a: Muk
|
|upkeep
|turn|6
|
|t:|1760819647
|switch|p2a: Rotom|Rotom-Wash|100/100
|move|p1a: Corviknight|Body Press|p2a: Rotom
|-damage|p2a: Rotom|60/100
|
|-heal|p2a: Rotom|67/100|[from] item: Leftovers
|upkeep
|turn|7
|
|t:|1760819657
|move|p2a: Rotom|Will-O-Wisp|p1a: Corviknight|[miss]
|-miss|p2a: Rotom|p1a: Corviknight
|move|p1a: Corviknight|Iron Defense|p1a: Corviknight
|-boost|p1a: Corviknight|def|2
|
|-heal|p2a: Rotom|73/100|[from] item: Leftovers
|upkeep
|turn|8
|
|t:|1760819664
|move|p2a: Rotom|Thunderbolt|p1a: Corviknight
|-supereffective|p1a: Corviknight
|-damage|p1a: Corviknight|12/100
|move|p1a: Corviknight|Body Press|p2a: Rotom
|-damage|p2a: Rotom|19/100
|
|-heal|p2a: Rotom|25/100|[from] item: Leftovers
|upkeep
|turn|9
|
|t:|1760819673
|move|p2a: Rotom|Thunderbolt|p1a: Corviknight
|-supereffective|p1a: Corviknight
|-damage|p1a: Corviknight|0 fnt
|faint|p1a: Corviknight
|
|-heal|p2a: Rotom|31/100|[from] item: Leftovers
|upkeep
|
|t:|1760819680
|switch|p1a: Dragapult|Dragapult, M|100/100
|turn|10
|
|t:|1760819701
|move|p1a: Dragapult|Phantom Force||[still]
|-prepare|p1a: Dragapult|Phantom Force
|-enditem|p1a: Dragapult|Power Herb
|-anim|p1a: Dragapult|Phantom Force|p2a: Rotom
|-damage|p2a: Rotom|0 fnt
|faint|p2a: Rotom
|
|upkeep
|
|t:|1760819706
|switch|p2a: Muk|Muk-Alola, M|37/100
|turn|11
|
|t:|1760819711
|move|p1a: Dragapult|Phantom Force||[still]
|-prepare|p1a: Dragapult|Phantom Force
|move|p2a: Muk|Knock Off|p1a: Dragapult|[miss]
|-miss|p2a: Muk|p1a: Dragapult
|
|upkeep
|turn|12
|
|t:|1760819716
|move|p1a: Dragapult|Phantom Force|p2a: Muk|[from] lockedmove
|-resisted|p2a: Muk
|-damage|p2a: Muk|19/100
|move|p2a: Muk|Knock Off|p1a: Dragapult
|-supereffective|p1a: Dragapult
|-damage|p1a: Dragapult|30/100
|
|upkeep
|turn|13
|
|t:|1760819729
|move|p1a: Dragapult|Dragon Darts|p2a: Muk
|-damage|p2a: Muk|0 fnt
|faint|p2a: Muk
|
|upkeep
|
|t:|1760819736
|switch|p2a: Kingambit|Kingambit, F|100/100
|-activate|p2a: Kingambit|ability: Supreme Overlord
|-start|p2a: Kingambit|fallen3|[silent]
|turn|14
|
|t:|1760819742
|move|p1a: Dragapult|Phantom Force||[still]
|-prepare|p1a: Dragapult|Phantom Force
|move|p2a: Kingambit|Iron Head|p1a: Dragapult|[miss]
|-miss|p2a: Kingambit|p1a: Dragapult
|
|upkeep
|turn|15
|
|t:|1760819747
|move|p1a: Dragapult|Phantom Force|p2a: Kingambit|[from] lockedmove
|-resisted|p2a: Kingambit
|-damage|p2a: Kingambit|83/100
|move|p2a: Kingambit|Kowtow Cleave|p1a: Dragapult
|-supereffective|p1a: Dragapult
|-damage|p1a: Dragapult|0 fnt
|faint|p1a: Dragapult
|-damage|p2a: Kingambit|73/100|[from] item: Life Orb
|
|upkeep
|
|t:|1760819757
|switch|p1a: Ting-Lu|Ting-Lu|100/100
|-ability|p1a: Ting-Lu|Vessel of Ruin
|turn|16
|
|t:|1760819764
|-end|p2a: Kingambit|fallen3|[silent]
|switch|p2a: Iron Valiant|Iron Valiant|100/100
|-enditem|p2a: Iron Valiant|Booster Energy
|-activate|p2a: Iron Valiant|ability: Quark Drive|[fromitem]
|-start|p2a: Iron Valiant|quarkdrivespe
|move|p1a: Ting-Lu|Earthquake|p2a: Iron Valiant
|-damage|p2a: Iron Valiant|42/100
|
|upkeep
|turn|17
|
|t:|1760819773
|move|p2a: Iron Valiant|Encore|p1a: Ting-Lu
|-start|p1a: Ting-Lu|Encore
|move|p1a: Ting-Lu|Earthquake|p2a: Iron Valiant
|-damage|p2a: Iron Valiant|0 fnt
|faint|p2a: Iron Valiant
|-end|p2a: Iron Valiant|Quark Drive|[silent]
|
|upkeep
|
|t:|1760819775
|switch|p2a: Noivern|Noivern, M|100/100
|turn|18
|
|t:|1760819782
|move|p2a: Noivern|Focus Blast|p1a: Ting-Lu|[miss]
|-miss|p2a: Noivern|p1a: Ting-Lu
|move|p1a: Ting-Lu|Earthquake|p2a: Noivern
|-immune|p2a: Noivern
|
|upkeep
|turn|19
|
|t:|1760819792
|move|p2a: Noivern|Focus Blast|p1a: Ting-Lu
|-supereffective|p1a: Ting-Lu
|-damage|p1a: Ting-Lu|44/100
|move|p1a: Ting-Lu|Earthquake|p2a: Noivern
|-immune|p2a: Noivern
|
|-heal|p1a: Ting-Lu|50/100|[from] item: Leftovers
|-end|p1a: Ting-Lu|Encore
|upkeep
|turn|20
|
|t:|1760819802
|move|p2a: Noivern|Focus Blast|p1a: Ting-Lu|[miss]
|-miss|p2a: Noivern|p1a: Ting-Lu
|move|p1a: Ting-Lu|Ruination|p2a: Noivern
|-damage|p2a: Noivern|51/100
|
|-heal|p1a: Ting-Lu|56/100|[from] item: Leftovers
|upkeep
|turn|21
|
|t:|1760819810
|move|p2a: Noivern|Focus Blast|p1a: Ting-Lu
|-supereffective|p1a: Ting-Lu
|-damage|p1a: Ting-Lu|0 fnt
|faint|p1a: Ting-Lu
|
|upkeep
|
|t:|1760819814
|switch|p1a: Kingambit|Kingambit, M|100/100
|-activate|p1a: Kingambit|ability: Supreme Overlord
|-start|p1a: Kingambit|fallen5|[silent]
|turn|22
|
|t:|1760819820
|move|p1a: Kingambit|Sucker Punch|p2a: Noivern
|-damage|p2a: Noivern|0 fnt
|faint|p2a: Noivern
|-damage|p1a: Kingambit|91/100|[from] item: Life Orb
|
|upkeep
|
|t:|1760819822
|switch|p2a: Kingambit|Kingambit, F|73/100
|-activate|p2a: Kingambit|ability: Supreme Overlord
|-start|p2a: Kingambit|fallen5|[silent]
|turn|23
|c|☆fraud101|lets dance
|
|t:|1760819845
|move|p1a: Kingambit|Sucker Punch|p2a: Kingambit
|-resisted|p2a: Kingambit
|-damage|p2a: Kingambit|43/100
|-damage|p1a: Kingambit|81/100|[from] item: Life Orb
|move|p2a: Kingambit|Kowtow Cleave|p1a: Kingambit
|-resisted|p1a: Kingambit
|-damage|p1a: Kingambit|46/100
|-damage|p2a: Kingambit|33/100|[from] item: Life Orb
|
|upkeep
|turn|24
|
|t:|1760819860
|-terastallize|p2a: Kingambit|Dark
|move|p2a: Kingambit|Kowtow Cleave|p1a: Kingambit
|-resisted|p1a: Kingambit
|-damage|p1a: Kingambit|5/100
|-damage|p2a: Kingambit|24/100|[from] item: Life Orb
|move|p1a: Kingambit|Low Kick|p2a: Kingambit
|-supereffective|p2a: Kingambit
|-damage|p2a: Kingambit|0 fnt
|faint|p2a: Kingambit
|-end|p2a: Kingambit|fallen5|[silent]
|-damage|p1a: Kingambit|0 fnt|[from] item: Life Orb
|faint|p1a: Kingambit
|-end|p1a: Kingambit|fallen5|[silent]
|
|win|fraud101
|raw|fraud101's rating: 1042 &rarr; <strong>1072</strong><br />(+30 for winning)
|raw|hyujrrruihgk's rating: 1000 &rarr; <strong>1000</strong><br />(+0 for losing)
