|j|☆thepippy27
|j|☆GEM0816
|t:|1760837778
|gametype|singles
|player|p1|thepippy27|acetrainerf-gen4dp|1319
|player|p2|GEM0816|lady|1326
|gen|9
|tier|[Gen 9] OU
|rated|
|rule|HP Percentage Mod: HP is shown in percentages
|rule|Endless Battle Clause: Forcing endless battles is banned
|rule|Species Clause: Limit one of each Pokémon
|rule|OHKO Clause: OHKO moves are banned
|rule|Evasion Items Clause: Evasion items are banned
|rule|Evasion Moves Clause: Evasion moves are banned
|rule|Evasion Abilities Clause: Evasion abilities are banned
|rule|Sleep Moves Clause: Sleep-inducing moves are banned
|clearpoke
|poke|p1|Glimmora, M|
|poke|p1|Ogerpon-Wellspring, F|
|poke|p1|Great Tusk|
|poke|p1|Incineroar, M|
|poke|p1|Deoxys-Speed|
|poke|p1|Rillaboom, M|
|poke|p2|Gallade, M|
|poke|p2|Zoroark-Hisui, M|
|poke|p2|Corviknight, M|
|poke|p2|Clodsire, M|
|poke|p2|Arcanine, M|
|poke|p2|Dachsbun, M|
|teampreview
|j| Antman3513
|
|t:|1760837789
|teamsize|p1|6
|teamsize|p2|6
|start
|switch|p1a: Deoxys|Deoxys-Speed|100/100
|switch|p2a: 艾路雷朵|Gallade, M|100/100
|-ability|p1a: Deoxys|Pressure
|turn|1
|inactive|Battle timer is ON: inactive players will automatically lose when time's up. (requested by GEM0816)
|
|t:|1760837800
|-terastallize|p2a: 艾路雷朵|Grass
|move|p1a: Deoxys|Psycho Boost|p2a: 艾路雷朵
|-damage|p2a: 艾路雷朵|46/100
|-unboost|p1a: Deoxys|spa|2
|move|p2a: 艾路雷朵|Leaf Blade|p1a: Deoxys
|-enditem|p1a: Deoxys|Focus Sash
|-damage|p1a: Deoxys|1/100
|
|upkeep
|turn|2
|
|t:|1760837821
|move|p1a: Deoxys|Stealth Rock|p2a: 艾路雷朵
|-sidestart|p2: GEM0816|move: Stealth Rock
|move|p2a: 艾路雷朵|Leaf Blade|p1a: Deoxys
|-damage|p1a: Deoxys|0 fnt
|faint|p1a: Deoxys
|
|upkeep
|
|t:|1760837830
|switch|p1a: Rillaboom|Rillaboom, M, shiny|100/100
|-fieldstart|move: Grassy Terrain|[from] ability: Grassy Surge|[of] p1a: Rillaboom
|turn|3
|
|t:|1760837839
|switch|p2a: 钢铠鸦|Corviknight, M|100/100
|-damage|p2a: 钢铠鸦|88/100|[from] Stealth Rock
|move|p1a: Rillaboom|U-turn|p2a: 钢铠鸦
|-resisted|p2a: 钢铠鸦
|-damage|p2a: 钢铠鸦|83/100
|
|t:|1760837846
|switch|p1a: Incineroar|Incineroar, M, shiny|100/100|[from] U-turn
|-ability|p1a: Incineroar|Intimidate|boost
|-ability|p2a: 钢铠鸦|Mirror Armor
|-unboost|p1a: Incineroar|atk|1
|
|-heal|p2a: 钢铠鸦|89/100|[from] item: Leftovers
|upkeep
|turn|4
|
|t:|1760837854
|move|p2a: 钢铠鸦|Defog|p1a: Incineroar
|-unboost|p1a: Incineroar|evasion|1
|-sideend|p2: GEM0816|Stealth Rock|[from] move: Defog|[of] p2a: 钢铠鸦
|-fieldend|move: Grassy Terrain
|move|p1a: Incineroar|Parting Shot|p2a: 钢铠鸦
|-ability|p2a: 钢铠鸦|Mirror Armor
|-unboost|p1a: Incineroar|atk|1
|-ability|p2a: 钢铠鸦|Mirror Armor
|-unboost|p1a: Incineroar|spa|1
|
|t:|1760837867
|switch|p1a: Ogerpon|Ogerpon-Wellspring, F|100/100|[from] Parting Shot
|
|-heal|p2a: 钢铠鸦|95/100|[from] item: Leftovers
|upkeep
|turn|5
|
|t:|1760837873
|move|p1a: Ogerpon|Swords Dance|p1a: Ogerpon
|-boost|p1a: Ogerpon|atk|2
|move|p2a: 钢铠鸦|Iron Defense|p2a: 钢铠鸦
|-boost|p2a: 钢铠鸦|def|2
|
|-heal|p2a: 钢铠鸦|100/100|[from] item: Leftovers
|upkeep
|turn|6
|
|t:|1760837880
|move|p1a: Ogerpon|Ivy Cudgel|p2a: 钢铠鸦|[anim] Ivy Cudgel Water
|-damage|p2a: 钢铠鸦|67/100
|move|p2a: 钢铠鸦|Body Press|p1a: Ogerpon
|-damage|p1a: Ogerpon|33/100
|
|-heal|p2a: 钢铠鸦|73/100|[from] item: Leftovers
|upkeep
|turn|7
|
|t:|1760837887
|move|p1a: Ogerpon|Spikes|p2a: 钢铠鸦
|-sidestart|p2: GEM0816|Spikes
|move|p2a: 钢铠鸦|Body Press|p1a: Ogerpon
|-damage|p1a: Ogerpon|0 fnt
|faint|p1a: Ogerpon
|
|-heal|p2a: 钢铠鸦|80/100|[from] item: Leftovers
|upkeep
|
|t:|1760837890
|switch|p1a: Incineroar|Incineroar, M, shiny|100/100
|-ability|p1a: Incineroar|Intimidate|boost
|-ability|p2a: 钢铠鸦|Mirror Armor
|-unboost|p1a: Incineroar|atk|1
|turn|8
|
|t:|1760837899
|-terastallize|p1a: Incineroar|Ghost
|move|p2a: 钢铠鸦|Defog|p1a: Incineroar
|-unboost|p1a: Incineroar|evasion|1
|-sideend|p2: GEM0816|Spikes|[from] move: Defog|[of] p2a: 钢铠鸦
|move|p1a: Incineroar|Will-O-Wisp|p2a: 钢铠鸦
|-status|p2a: 钢铠鸦|brn
|
|-heal|p2a: 钢铠鸦|86/100 brn|[from] item: Leftovers
|-damage|p2a: 钢铠鸦|80/100 brn|[from] brn
|upkeep
|turn|9
|
|t:|1760837910
|switch|p1a: Great Tusk|Great Tusk|100/100
|move|p2a: 钢铠鸦|Iron Defense|p2a: 钢铠鸦
|-boost|p2a: 钢铠鸦|def|2
|
|-heal|p2a: 钢铠鸦|86/100 brn|[from] item: Leftovers
|-damage|p2a: 钢铠鸦|80/100 brn|[from] brn
|upkeep
|turn|10
|
|t:|1760837918
|move|p1a: Great Tusk|Knock Off|p2a: 钢铠鸦
|-damage|p2a: 钢铠鸦|73/100 brn
|-enditem|p2a: 钢铠鸦|Leftovers|[from] move: Knock Off|[of] p1a: Great Tusk
|move|p2a: 钢铠鸦|Body Press|p1a: Great Tusk
|-damage|p1a: Great Tusk|70/100
|
|-damage|p2a: 钢铠鸦|66/100 brn|[from] brn
|upkeep
|turn|11
|
|t:|1760837936
|-end|p1a: Great Tusk|Protosynthesis|[silent]
|switch|p1a: Rillaboom|Rillaboom, M, shiny|100/100
|-fieldstart|move: Grassy Terrain|[from] ability: Grassy Surge|[of] p1a: Rillaboom
|move|p2a: 钢铠鸦|Iron Defense|p2a: 钢铠鸦
|-boost|p2a: 钢铠鸦|def|2
|
|-damage|p2a: 钢铠鸦|60/100 brn|[from] brn
|upkeep
|turn|12
|
|t:|1760837944
|move|p1a: Rillaboom|U-turn|p2a: 钢铠鸦
|-resisted|p2a: 钢铠鸦
|-crit|p2a: 钢铠鸦
|-damage|p2a: 钢铠鸦|52/100 brn
|
|t:|1760837952
|switch|p1a: Glimmora|Glimmora, M|100/100|[from] U-turn
|move|p2a: 钢铠鸦|Body Press|p1a: Glimmora
|-damage|p1a: Glimmora|39/100
|-activate|p1a: Glimmora|ability: Toxic Debris
|-sidestart|p2: GEM0816|move: Toxic Spikes
|
|-heal|p1a: Glimmora|46/100|[from] Grassy Terrain
|-damage|p2a: 钢铠鸦|46/100 brn|[from] brn
|upkeep
|turn|13
|
|t:|1760837963
|move|p1a: Glimmora|Power Gem|p2a: 钢铠鸦
|-damage|p2a: 钢铠鸦|0 fnt
|faint|p2a: 钢铠鸦
|
|-heal|p1a: Glimmora|52/100|[from] Grassy Terrain
|upkeep
|
|t:|1760837970
|switch|p2a: 土王|Clodsire, M|100/100
|-sideend|p2: GEM0816|move: Toxic Spikes|[of] p2a: 土王
|turn|14
|
|t:|1760837976
|switch|p1a: Incineroar|Incineroar, M, shiny, tera:Ghost|100/100
|-ability|p1a: Incineroar|Intimidate|boost
|-unboost|p2a: 土王|atk|1
|move|p2a: 土王|Earthquake|p1a: Incineroar
|-damage|p1a: Incineroar|91/100
|
|-heal|p1a: Incineroar|97/100|[from] Grassy Terrain
|upkeep
|turn|15
|
|t:|1760837983
|move|p1a: Incineroar|Will-O-Wisp|p2a: 土王
|-status|p2a: 土王|brn
|move|p2a: 土王|Toxic|p1a: Incineroar
|-status|p1a: Incineroar|tox
|
|-heal|p1a: Incineroar|100/100 tox|[from] Grassy Terrain
|-damage|p1a: Incineroar|94/100 tox|[from] psn
|-damage|p2a: 土王|94/100 brn|[from] brn
|-fieldend|move: Grassy Terrain
|upkeep
|turn|16
|
|t:|1760837994
|switch|p2a: 麻花犬|Dachsbun, M|100/100
|move|p1a: Incineroar|Taunt|p2a: 麻花犬
|-start|p2a: 麻花犬|move: Taunt
|
|-damage|p1a: Incineroar|82/100 tox|[from] psn
|upkeep
|turn|17
|
|t:|1760838002
|move|p2a: 麻花犬|Thunder Fang|p1a: Incineroar
|-damage|p1a: Incineroar|70/100 tox
|move|p1a: Incineroar|Parting Shot|p2a: 麻花犬
|-unboost|p2a: 麻花犬|atk|1
|-unboost|p2a: 麻花犬|spa|1
|
|t:|1760838006
|switch|p1a: Glimmora|Glimmora, M|52/100|[from] Parting Shot
|
|upkeep
|turn|18
|
|t:|1760838011
|switch|p2a: 土王|Clodsire, M|94/100 brn
|move|p1a: Glimmora|Sludge Wave|p2a: 土王
|-resisted|p2a: 土王
|-damage|p2a: 土王|87/100 brn
|
|-heal|p2a: 土王|93/100 brn|[from] item: Black Sludge
|-damage|p2a: 土王|87/100 brn|[from] brn
|upkeep
|turn|19
|
|t:|1760838019
|switch|p1a: Incineroar|Incineroar, M, shiny, tera:Ghost|70/100 tox
|-ability|p1a: Incineroar|Intimidate|boost
|-unboost|p2a: 土王|atk|1
|move|p2a: 土王|Earthquake|p1a: Incineroar
|-damage|p1a: Incineroar|61/100 tox
|
|-heal|p2a: 土王|93/100 brn|[from] item: Black Sludge
|-damage|p1a: Incineroar|55/100 tox|[from] psn
|-damage|p2a: 土王|87/100 brn|[from] brn
|upkeep
|turn|20
|
|t:|1760838034
|move|p2a: 土王|Protect|p2a: 土王
|-singleturn|p2a: 土王|Protect
|move|p1a: Incineroar|Parting Shot|p2a: 土王
|-activate|p2a: 土王|move: Protect
|
|-heal|p2a: 土王|93/100 brn|[from] item: Black Sludge
|-damage|p1a: Incineroar|43/100 tox|[from] psn
|-damage|p2a: 土王|87/100 brn|[from] brn
|upkeep
|turn|21
|
|t:|1760838043
|move|p1a: Incineroar|Taunt|p2a: 土王
|-start|p2a: 土王|move: Taunt
|cant|p2a: 土王|move: Taunt|Toxic
|
|-heal|p2a: 土王|93/100 brn|[from] item: Black Sludge
|-damage|p1a: Incineroar|24/100 tox|[from] psn
|-damage|p2a: 土王|87/100 brn|[from] brn
|upkeep
|turn|22
|
|t:|1760838048
|move|p1a: Incineroar|Parting Shot|p2a: 土王
|-unboost|p2a: 土王|atk|1
|-unboost|p2a: 土王|spa|1
|
|t:|1760838051
|switch|p1a: Rillaboom|Rillaboom, M, shiny|100/100|[from] Parting Shot
|-fieldstart|move: Grassy Terrain|[from] ability: Grassy Surge|[of] p1a: Rillaboom
|move|p2a: 土王|Poison Jab|p1a: Rillaboom
|-supereffective|p1a: Rillaboom
|-damage|p1a: Rillaboom|88/100
|
|-heal|p1a: Rillaboom|94/100|[from] Grassy Terrain
|-heal|p2a: 土王|93/100 brn|[from] Grassy Terrain
|-heal|p2a: 土王|99/100 brn|[from] item: Black Sludge
|-damage|p2a: 土王|93/100 brn|[from] brn
|upkeep
|turn|23
|
|t:|1760838064
|switch|p2a: 疯狗|Arcanine, M|100/100
|-ability|p2a: 疯狗|Intimidate|boost
|-unboost|p1a: Rillaboom|atk|1
|move|p1a: Rillaboom|High Horsepower|p2a: 疯狗
|-supereffective|p2a: 疯狗
|-damage|p2a: 疯狗|55/100
|-damage|p1a: Rillaboom|78/100|[from] item: Rocky Helmet|[of] p2a: 疯狗
|
|-heal|p1a: Rillaboom|84/100|[from] Grassy Terrain
|-heal|p2a: 疯狗|61/100|[from] Grassy Terrain
|upkeep
|turn|24
|
|t:|1760838079
|switch|p1a: Incineroar|Incineroar, M, shiny, tera:Ghost|24/100 tox
|-ability|p1a: Incineroar|Intimidate|boost
|-unboost|p2a: 疯狗|atk|1
|move|p2a: 疯狗|Morning Sun|p2a: 疯狗
|-heal|p2a: 疯狗|100/100
|
|-heal|p1a: Incineroar|30/100 tox|[from] Grassy Terrain
|-damage|p1a: Incineroar|24/100 tox|[from] psn
|upkeep
|turn|25
|
|t:|1760838089
|move|p2a: 疯狗|Flare Blitz|p1a: Incineroar
|-damage|p1a: Incineroar|0 fnt
|faint|p1a: Incineroar
|-damage|p2a: 疯狗|92/100|[from] Recoil
|
|-heal|p2a: 疯狗|99/100|[from] Grassy Terrain
|upkeep
|
|t:|1760838091
|switch|p1a: Glimmora|Glimmora, M|52/100
|turn|26
|
|t:|1760838099
|move|p1a: Glimmora|Earth Power|p2a: 疯狗
|-supereffective|p2a: 疯狗
|-damage|p2a: 疯狗|25/100
|move|p2a: 疯狗|Scorching Sands|p1a: Glimmora
|-supereffective|p1a: Glimmora
|-damage|p1a: Glimmora|0 fnt
|faint|p1a: Glimmora
|
|-heal|p2a: 疯狗|31/100|[from] Grassy Terrain
|-fieldend|move: Grassy Terrain
|upkeep
|-message|thepippy27 forfeited.
|
|win|GEM0816
|raw|thepippy27's rating: 1319 &rarr; <strong>1299</strong><br />(-20 for losing)
|raw|GEM0816's rating: 1326 &rarr; <strong>1346</strong><br />(+20 for winning)
|l|☆thepippy27
|player|p1|
|l|☆GEM0816
|player|p2|
