|j|☆Spwert
|j|☆mizizizi
|t:|1760873487
|gametype|singles
|player|p1|Spwert|yellow|1370
|player|p2|mizizizi|silver|1336
|gen|9
|tier|[Gen 9] OU
|rated|
|rule|HP Percentage Mod: HP is shown in percentages
|rule|Endless Battle Clause: Forcing endless battles is banned
|rule|Species Clause: Limit one of each Pokémon
|rule|OHKO Clause: OHKO moves are banned
|rule|Evasion Items Clause: Evasion items are banned
|rule|Evasion Moves Clause: Evasion moves are banned
|rule|Evasion Abilities Clause: Evasion abilities are banned
|rule|Sleep Moves Clause: Sleep-inducing moves are banned
|clearpoke
|poke|p1|Iron Valiant|
|poke|p1|Landorus-Therian, M|
|poke|p1|Tornadus-Therian, M|
|poke|p1|Hatterene, F|
|poke|p1|Kingambit, M|
|poke|p1|Samurott-Hisui, M|
|poke|p2|Lilligant, F|
|poke|p2|Heatran, F|
|poke|p2|Walking Wake|
|poke|p2|Great Tusk|
|poke|p2|Torkoal, M|
|poke|p2|Samurott-Hisui, F|
|teampreview
|
|t:|1760873495
|teamsize|p1|6
|teamsize|p2|6
|start
|switch|p1a: Tornadus|Tornadus-Therian, M|100/100
|switch|p2a: Samurott|Samurott-Hisui, F|100/100
|turn|1
|inactive|Battle timer is ON: inactive players will automatically lose when time's up. (requested by mizizizi)
|
|t:|1760873503
|move|p1a: Tornadus|U-turn|p2a: Samurott
|-supereffective|p2a: Samurott
|-damage|p2a: Samurott|65/100
|
|t:|1760873513
|switch|p1a: Landorus|Landorus-Therian, M|100/100|[from] U-turn
|-ability|p1a: Landorus|Intimidate|boost
|-unboost|p2a: Samurott|atk|1
|move|p2a: Samurott|Knock Off|p1a: Landorus
|-damage|p1a: Landorus|68/100
|-enditem|p1a: Landorus|Choice Scarf|[from] move: Knock Off|[of] p2a: Samurott
|
|upkeep
|turn|2
|
|t:|1760873524
|switch|p2a: Great Tusk|Great Tusk|100/100
|move|p1a: Landorus|U-turn|p2a: Great Tusk
|-resisted|p2a: Great Tusk
|-crit|p2a: Great Tusk
|-damage|p2a: Great Tusk|85/100
|
|t:|1760873528
|switch|p1a: Tornadus|Tornadus-Therian, M|100/100|[from] U-turn
|
|upkeep
|turn|3
|
|t:|1760873533
|move|p1a: Tornadus|Bleakwind Storm|p2a: Great Tusk|[miss]
|-miss|p1a: Tornadus|p2a: Great Tusk
|move|p2a: Great Tusk|Knock Off|p1a: Tornadus
|-damage|p1a: Tornadus|61/100
|-enditem|p1a: Tornadus|Assault Vest|[from] move: Knock Off|[of] p2a: Great Tusk
|
|upkeep
|turn|4
|
|t:|1760873541
|-end|p2a: Great Tusk|Protosynthesis|[silent]
|switch|p2a: Torkoal|Torkoal, M|100/100
|-weather|SunnyDay|[from] ability: Drought|[of] p2a: Torkoal
|move|p1a: Tornadus|Bleakwind Storm|p2a: Torkoal
|-damage|p2a: Torkoal|67/100
|
|-weather|SunnyDay|[upkeep]
|upkeep
|turn|5
|
|t:|1760873553
|move|p1a: Tornadus|U-turn|p2a: Torkoal
|-resisted|p2a: Torkoal
|-damage|p2a: Torkoal|62/100
|
|t:|1760873557
|switch|p1a: Hatterene|Hatterene, F|100/100|[from] U-turn
|move|p2a: Torkoal|Will-O-Wisp|p1a: Hatterene
|move|p1a: Hatterene|Will-O-Wisp|p2a: Torkoal|[from] ability: Magic Bounce
|-immune|p2a: Torkoal
|
|-weather|SunnyDay|[upkeep]
|upkeep
|turn|6
|
|t:|1760873577
|switch|p2a: Heatran|Heatran, F|100/100
|move|p1a: Hatterene|Nuzzle|p2a: Heatran
|-damage|p2a: Heatran|97/100
|-status|p2a: Heatran|par
|
|-weather|SunnyDay|[upkeep]
|-heal|p2a: Heatran|100/100 par|[from] item: Leftovers
|upkeep
|turn|7
|
|t:|1760873591
|switch|p1a: Landorus|Landorus-Therian, M|68/100
|-ability|p1a: Landorus|Intimidate|boost
|-unboost|p2a: Heatran|atk|1
|move|p2a: Heatran|Lava Plume|p1a: Landorus
|-crit|p1a: Landorus
|-damage|p1a: Landorus|0 fnt
|faint|p1a: Landorus
|
|-weather|SunnyDay|[upkeep]
|upkeep
|
|t:|1760873593
|switch|p1a: Samurott|Samurott-Hisui, M|100/100
|turn|8
|
|t:|1760873602
|move|p1a: Samurott|Ceaseless Edge|p2a: Heatran
|-damage|p2a: Heatran|63/100 par
|-sidestart|p2: mizizizi|Spikes
|move|p2a: Heatran|Stealth Rock|p1a: Samurott
|-sidestart|p1: Spwert|move: Stealth Rock
|
|-weather|SunnyDay|[upkeep]
|-heal|p2a: Heatran|69/100 par|[from] item: Leftovers
|upkeep
|turn|9
|
|t:|1760873614
|switch|p2a: Samurott|Samurott-Hisui, F|65/100
|-damage|p2a: Samurott|53/100|[from] Spikes
|move|p1a: Samurott|Ceaseless Edge|p2a: Samurott
|-resisted|p2a: Samurott
|-damage|p2a: Samurott|25/100
|-sidestart|p2: mizizizi|Spikes
|
|-weather|SunnyDay|[upkeep]
|upkeep
|turn|10
|
|t:|1760873620
|move|p1a: Samurott|Ceaseless Edge|p2a: Samurott
|-resisted|p2a: Samurott
|-damage|p2a: Samurott|0 fnt
|-sidestart|p2: mizizizi|Spikes
|faint|p2a: Samurott
|
|-weather|SunnyDay|[upkeep]
|upkeep
|
|t:|1760873624
|switch|p2a: Great Tusk|Great Tusk|85/100
|-damage|p2a: Great Tusk|60/100|[from] Spikes
|-activate|p2a: Great Tusk|ability: Protosynthesis
|-start|p2a: Great Tusk|protosynthesisatk
|turn|11
|
|t:|1760873630
|-terastallize|p1a: Samurott|Ghost
|move|p2a: Great Tusk|Rapid Spin|p1a: Samurott
|-immune|p1a: Samurott
|move|p1a: Samurott|Razor Shell|p2a: Great Tusk
|-supereffective|p2a: Great Tusk
|-damage|p2a: Great Tusk|20/100
|
|-weather|none
|-end|p2a: Great Tusk|Protosynthesis
|upkeep
|turn|12
|
|t:|1760873639
|move|p1a: Samurott|Aqua Jet|p2a: Great Tusk
|-supereffective|p2a: Great Tusk
|-damage|p2a: Great Tusk|0 fnt
|faint|p2a: Great Tusk
|-end|p2a: Great Tusk|Protosynthesis|[silent]
|
|upkeep
|
|t:|1760873646
|switch|p2a: Torkoal|Torkoal, M|62/100
|-damage|p2a: Torkoal|37/100|[from] Spikes
|-weather|SunnyDay|[from] ability: Drought|[of] p2a: Torkoal
|turn|13
|
|t:|1760873650
|move|p1a: Samurott|Razor Shell|p2a: Torkoal
|-supereffective|p2a: Torkoal
|-damage|p2a: Torkoal|3/100
|move|p2a: Torkoal|Will-O-Wisp|p1a: Samurott
|-status|p1a: Samurott|brn
|
|-weather|SunnyDay|[upkeep]
|-damage|p1a: Samurott|94/100 brn|[from] brn
|upkeep
|turn|14
|
|t:|1760873659
|move|p1a: Samurott|Knock Off|p2a: Torkoal
|-damage|p2a: Torkoal|0 fnt
|-enditem|p2a: Torkoal|Heat Rock|[from] move: Knock Off|[of] p1a: Samurott
|faint|p2a: Torkoal
|
|-weather|SunnyDay|[upkeep]
|-damage|p1a: Samurott|88/100 brn|[from] brn
|upkeep
|
|t:|1760873662
|switch|p2a: Lilligant|Lilligant, F|100/100
|-damage|p2a: Lilligant|76/100|[from] Spikes
|turn|15
|
|t:|1760873667
|move|p2a: Lilligant|Quiver Dance|p2a: Lilligant
|-boost|p2a: Lilligant|spa|1
|-boost|p2a: Lilligant|spd|1
|-boost|p2a: Lilligant|spe|1
|move|p1a: Samurott|Knock Off|p2a: Lilligant
|-damage|p2a: Lilligant|40/100
|-enditem|p2a: Lilligant|Leftovers|[from] move: Knock Off|[of] p1a: Samurott
|
|-weather|SunnyDay|[upkeep]
|-damage|p1a: Samurott|82/100 brn|[from] brn
|upkeep
|turn|16
|
|t:|1760873675
|move|p2a: Lilligant|Giga Drain|p1a: Samurott
|-damage|p1a: Samurott|3/100 brn
|-heal|p2a: Lilligant|85/100|[from] drain|[of] p1a: Samurott
|move|p1a: Samurott|Ceaseless Edge|p2a: Lilligant
|-damage|p2a: Lilligant|50/100
|
|-weather|SunnyDay|[upkeep]
|-damage|p1a: Samurott|0 fnt|[from] brn
|faint|p1a: Samurott
|upkeep
|
|t:|1760873683
|switch|p1a: Kingambit|Kingambit, M|100/100
|-damage|p1a: Kingambit|94/100|[from] Stealth Rock
|-activate|p1a: Kingambit|ability: Supreme Overlord
|-start|p1a: Kingambit|fallen2|[silent]
|turn|17
|
|t:|1760873690
|move|p1a: Kingambit|Sucker Punch||[still]
|-fail|p1a: Kingambit
|move|p2a: Lilligant|Leech Seed|p1a: Kingambit
|-start|p1a: Kingambit|move: Leech Seed
|
|-weather|SunnyDay|[upkeep]
|-heal|p1a: Kingambit|100/100|[from] item: Leftovers
|-damage|p1a: Kingambit|88/100|[from] Leech Seed|[of] p2a: Lilligant
|-heal|p2a: Lilligant|65/100|[silent]
|upkeep
|turn|18
|
|t:|1760873700
|move|p2a: Lilligant|Quiver Dance|p2a: Lilligant
|-boost|p2a: Lilligant|spa|1
|-boost|p2a: Lilligant|spd|1
|-boost|p2a: Lilligant|spe|1
|move|p1a: Kingambit|Kowtow Cleave|p2a: Lilligant
|-damage|p2a: Lilligant|0 fnt
|faint|p2a: Lilligant
|
|-weather|SunnyDay|[upkeep]
|-heal|p1a: Kingambit|94/100|[from] item: Leftovers
|upkeep
|
|t:|1760873708
|switch|p2a: Walking Wake|Walking Wake|100/100
|-damage|p2a: Walking Wake|76/100|[from] Spikes
|-activate|p2a: Walking Wake|ability: Protosynthesis
|-start|p2a: Walking Wake|protosynthesisspa
|turn|19
|
|t:|1760873714
|move|p2a: Walking Wake|Hydro Steam|p1a: Kingambit
|-damage|p1a: Kingambit|10/100
|move|p1a: Kingambit|Kowtow Cleave|p2a: Walking Wake
|-damage|p2a: Walking Wake|5/100
|
|-weather|SunnyDay|[upkeep]
|-heal|p1a: Kingambit|16/100|[from] item: Leftovers
|-damage|p1a: Kingambit|3/100|[from] Leech Seed|[of] p2a: Walking Wake
|-heal|p2a: Walking Wake|17/100|[silent]
|upkeep
|turn|20
|
|t:|1760873724
|-end|p2a: Walking Wake|Protosynthesis|[silent]
|switch|p2a: Heatran|Heatran, F|69/100 par
|-damage|p2a: Heatran|44/100 par|[from] Spikes
|move|p1a: Kingambit|Kowtow Cleave|p2a: Heatran
|-damage|p2a: Heatran|0 fnt
|faint|p2a: Heatran
|
|-weather|none
|-heal|p1a: Kingambit|10/100|[from] item: Leftovers
|upkeep
|
|t:|1760873726
|switch|p2a: Walking Wake|Walking Wake|17/100
|-damage|p2a: Walking Wake|0 fnt|[from] Spikes
|faint|p2a: Walking Wake
|-end|p2a: Walking Wake|Protosynthesis|[silent]
|
|win|Spwert
|raw|Spwert's rating: 1370 &rarr; <strong>1388</strong><br />(+18 for winning)
|raw|mizizizi's rating: 1336 &rarr; <strong>1318</strong><br />(-18 for losing)
|l|☆mizizizi
|player|p2|
|l|☆Spwert
|player|p1|
