|j|☆Timburr fan
|j|☆vryfast
|t:|1760782395
|gametype|singles
|player|p1|Timburr fan|265|1094
|player|p2|vryfast|169|1095
|gen|9
|tier|[Gen 9] OU
|rated|
|rule|HP Percentage Mod: HP is shown in percentages
|rule|Endless Battle Clause: Forcing endless battles is banned
|rule|Species Clause: Limit one of each Pokémon
|rule|OHKO Clause: OHKO moves are banned
|rule|Evasion Items Clause: Evasion items are banned
|rule|Evasion Moves Clause: Evasion moves are banned
|rule|Evasion Abilities Clause: Evasion abilities are banned
|rule|Sleep Moves Clause: Sleep-inducing moves are banned
|clearpoke
|poke|p1|Corviknight, M|
|poke|p1|Gholdengo|
|poke|p1|Heatran, F|
|poke|p1|Walking Wake|
|poke|p1|Conkeldurr, M|
|poke|p1|Ninetales, F|
|poke|p2|Venusaur, F|
|poke|p2|Ninetales, F|
|poke|p2|Walking Wake|
|poke|p2|Sandy Shocks|
|poke|p2|Deoxys-Defense|
|poke|p2|Wartortle, F|
|teampreview
|
|t:|1760782410
|teamsize|p1|6
|teamsize|p2|6
|start
|switch|p1a: Conkeldurr|Conkeldurr, M|100/100
|switch|p2a: Sandy Shocks|Sandy Shocks|100/100
|turn|1
|inactive|Battle timer is ON: inactive players will automatically lose when time's up. (requested by vryfast)
|
|t:|1760782422
|move|p1a: Conkeldurr|Detect|p1a: Conkeldurr
|-singleturn|p1a: Conkeldurr|Protect
|move|p2a: Sandy Shocks|Volt Switch|p1a: Conkeldurr
|-activate|p1a: Conkeldurr|move: Protect
|
|-status|p1a: Conkeldurr|brn|[from] item: Flame Orb
|upkeep
|turn|2
|
|t:|1760782447
|-terastallize|p2a: Sandy Shocks|Electric
|move|p2a: Sandy Shocks|Thunderbolt|p1a: Conkeldurr
|-crit|p1a: Conkeldurr
|-damage|p1a: Conkeldurr|0 fnt
|faint|p1a: Conkeldurr
|-damage|p2a: Sandy Shocks|91/100|[from] item: Life Orb
|
|upkeep
|
|t:|1760782469
|switch|p1a: Ninetales|Ninetales, F|100/100
|-weather|SunnyDay|[from] ability: Drought|[of] p1a: Ninetales
|-activate|p2a: Sandy Shocks|ability: Protosynthesis
|-start|p2a: Sandy Shocks|protosynthesisspe
|turn|3
|
|t:|1760782482
|move|p2a: Sandy Shocks|Thunderbolt|p1a: Ninetales
|-damage|p1a: Ninetales|31/100
|-damage|p2a: Sandy Shocks|81/100|[from] item: Life Orb
|move|p1a: Ninetales|Weather Ball|p2a: Sandy Shocks
|-damage|p2a: Sandy Shocks|25/100
|
|-weather|SunnyDay|[upkeep]
|upkeep
|turn|4
|
|t:|1760782491
|move|p2a: Sandy Shocks|Thunderbolt|p1a: Ninetales
|-damage|p1a: Ninetales|0 fnt
|faint|p1a: Ninetales
|-damage|p2a: Sandy Shocks|15/100|[from] item: Life Orb
|
|-weather|SunnyDay|[upkeep]
|upkeep
|
|t:|1760782499
|switch|p1a: Walking Wake|Walking Wake|100/100
|-activate|p1a: Walking Wake|ability: Protosynthesis
|-start|p1a: Walking Wake|protosynthesisspa
|turn|5
|
|t:|1760782505
|move|p1a: Walking Wake|Aqua Jet|p2a: Sandy Shocks
|-damage|p2a: Sandy Shocks|8/100
|move|p2a: Sandy Shocks|Thunderbolt|p1a: Walking Wake
|-damage|p1a: Walking Wake|36/100
|-damage|p2a: Sandy Shocks|0 fnt|[from] item: Life Orb
|faint|p2a: Sandy Shocks
|-end|p2a: Sandy Shocks|Protosynthesis|[silent]
|
|-weather|SunnyDay|[upkeep]
|upkeep
|
|t:|1760782514
|switch|p2a: Walking Wake|Walking Wake|100/100
|-activate|p2a: Walking Wake|ability: Protosynthesis
|-start|p2a: Walking Wake|protosynthesisspe
|turn|6
|
|t:|1760782522
|move|p2a: Walking Wake|Noble Roar|p1a: Walking Wake
|-unboost|p1a: Walking Wake|atk|1
|-unboost|p1a: Walking Wake|spa|1
|-enditem|p2a: Walking Wake|Throat Spray
|-boost|p2a: Walking Wake|spa|1|[from] item: Throat Spray
|move|p1a: Walking Wake|Draco Meteor|p2a: Walking Wake
|-supereffective|p2a: Walking Wake
|-damage|p2a: Walking Wake|0 fnt
|-unboost|p1a: Walking Wake|spa|2
|faint|p2a: Walking Wake
|-end|p2a: Walking Wake|Protosynthesis|[silent]
|
|-weather|SunnyDay|[upkeep]
|upkeep
|
|t:|1760782533
|switch|p2a: Venusaur|Venusaur, F|100/100
|turn|7
|
|t:|1760782546
|-end|p1a: Walking Wake|Protosynthesis|[silent]
|switch|p1a: Heatran|Heatran, F|100/100
|-item|p1a: Heatran|Air Balloon
|move|p2a: Venusaur|Growth|p2a: Venusaur
|-boost|p2a: Venusaur|atk|2
|-boost|p2a: Venusaur|spa|2
|
|-weather|none
|upkeep
|turn|8
|
|t:|1760782560
|switch|p2a: Wartortle|Wartortle, F|100/100
|move|p1a: Heatran|Magma Storm|p2a: Wartortle
|-resisted|p2a: Wartortle
|-damage|p2a: Wartortle|85/100
|-activate|p2a: Wartortle|move: Magma Storm|[of] p1a: Heatran
|
|-damage|p2a: Wartortle|72/100|[from] move: Magma Storm|[partiallytrapped]
|upkeep
|turn|9
|
|t:|1760782573
|switch|p1a: Gholdengo|Gholdengo|100/100
|move|p2a: Wartortle|Flip Turn|p1a: Gholdengo
|-damage|p1a: Gholdengo|81/100
|
|t:|1760782579
|switch|p2a: Deoxys|Deoxys-Defense|100/100|[from] Flip Turn
|-ability|p2a: Deoxys|Pressure
|
|upkeep
|turn|10
|
|t:|1760782586
|move|p1a: Gholdengo|Nasty Plot|p1a: Gholdengo
|-boost|p1a: Gholdengo|spa|2
|move|p2a: Deoxys|Stealth Rock|p1a: Gholdengo
|-sidestart|p1: Timburr fan|move: Stealth Rock
|
|upkeep
|turn|11
|
|t:|1760782594
|move|p1a: Gholdengo|Nasty Plot|p1a: Gholdengo
|-boost|p1a: Gholdengo|spa|2
|move|p2a: Deoxys|Spikes|p1a: Gholdengo
|-sidestart|p1: Timburr fan|Spikes
|
|upkeep
|turn|12
|
|t:|1760782601
|move|p1a: Gholdengo|Nasty Plot|p1a: Gholdengo
|-boost|p1a: Gholdengo|spa|2
|move|p2a: Deoxys|Spikes|p1a: Gholdengo
|-sidestart|p1: Timburr fan|Spikes
|
|upkeep
|turn|13
|
|t:|1760782607
|move|p1a: Gholdengo|Nasty Plot|p1a: Gholdengo
|-boost|p1a: Gholdengo|spa|0
|move|p2a: Deoxys|Spikes|p1a: Gholdengo
|-sidestart|p1: Timburr fan|Spikes
|
|upkeep
|turn|14
|
|t:|1760782618
|move|p1a: Gholdengo|Recover|p1a: Gholdengo
|-heal|p1a: Gholdengo|100/100
|move|p2a: Deoxys|Sunny Day|p2a: Deoxys
|-weather|SunnyDay
|
|-weather|SunnyDay|[upkeep]
|upkeep
|turn|15
|
|t:|1760782625
|move|p1a: Gholdengo|Shadow Ball|p2a: Deoxys
|-supereffective|p2a: Deoxys
|-damage|p2a: Deoxys|0 fnt
|faint|p2a: Deoxys
|-damage|p1a: Gholdengo|91/100|[from] item: Life Orb
|
|-weather|SunnyDay|[upkeep]
|upkeep
|
|t:|1760782637
|switch|p2a: Venusaur|Venusaur, F|100/100
|turn|16
|
|t:|1760782654
|move|p2a: Venusaur|Weather Ball|p1a: Gholdengo
|-supereffective|p1a: Gholdengo
|-damage|p1a: Gholdengo|0 fnt
|faint|p1a: Gholdengo
|-damage|p2a: Venusaur|91/100|[from] item: Life Orb
|
|-weather|SunnyDay|[upkeep]
|upkeep
|
|t:|1760782662
|switch|p1a: Heatran|Heatran, F|100/100
|-damage|p1a: Heatran|88/100|[from] Stealth Rock
|-item|p1a: Heatran|Air Balloon
|turn|17
|
|t:|1760782671
|switch|p2a: Wartortle|Wartortle, F|72/100
|move|p1a: Heatran|Solar Beam||[still]
|-prepare|p1a: Heatran|Solar Beam
|-anim|p1a: Heatran|Solar Beam|p2a: Wartortle
|-supereffective|p2a: Wartortle
|-damage|p2a: Wartortle|23/100
|
|-weather|SunnyDay|[upkeep]
|upkeep
|turn|18
|
|t:|1760782685
|switch|p1a: Walking Wake|Walking Wake|36/100
|-damage|p1a: Walking Wake|24/100|[from] Stealth Rock
|-damage|p1a: Walking Wake|0 fnt|[from] Spikes
|faint|p1a: Walking Wake
|-end|p1a: Walking Wake|Protosynthesis|[silent]
|move|p2a: Wartortle|Wave Crash|p1: Walking Wake|[notarget]
|-fail|p2a: Wartortle
|
|-weather|SunnyDay|[upkeep]
|upkeep
|inactive|Timburr fan has 120 seconds left.
|
|t:|1760782711
|switch|p1a: Heatran|Heatran, F|88/100
|-damage|p1a: Heatran|76/100|[from] Stealth Rock
|-item|p1a: Heatran|Air Balloon
|turn|19
|inactive|Timburr fan has 120 seconds left.
|
|t:|1760782723
|-terastallize|p1a: Heatran|Grass
|move|p2a: Wartortle|Aqua Jet|p1a: Heatran
|-resisted|p1a: Heatran
|-damage|p1a: Heatran|74/100
|-enditem|p1a: Heatran|Air Balloon
|move|p1a: Heatran|Solar Beam||[still]
|-prepare|p1a: Heatran|Solar Beam
|-anim|p1a: Heatran|Solar Beam|p2a: Wartortle
|-supereffective|p2a: Wartortle
|-damage|p2a: Wartortle|0 fnt
|faint|p2a: Wartortle
|
|-weather|SunnyDay|[upkeep]
|upkeep
|
|t:|1760782733
|switch|p2a: Venusaur|Venusaur, F|91/100
|turn|20
|
|t:|1760782742
|move|p2a: Venusaur|Sludge Bomb|p1a: Heatran
|-supereffective|p1a: Heatran
|-damage|p1a: Heatran|0 fnt
|faint|p1a: Heatran
|-damage|p2a: Venusaur|81/100|[from] item: Life Orb
|
|-weather|SunnyDay|[upkeep]
|upkeep
|
|t:|1760782748
|switch|p1a: Corviknight|Corviknight, M|100/100
|-damage|p1a: Corviknight|88/100|[from] Stealth Rock
|turn|21
|
|t:|1760782754
|move|p2a: Venusaur|Weather Ball|p1a: Corviknight
|-supereffective|p1a: Corviknight
|-damage|p1a: Corviknight|0 fnt
|faint|p1a: Corviknight
|-damage|p2a: Venusaur|71/100|[from] item: Life Orb
|
|win|vryfast
|raw|Timburr fan's rating: 1094 &rarr; <strong>1070</strong><br />(-24 for losing)
|raw|vryfast's rating: 1095 &rarr; <strong>1121</strong><br />(+26 for winning)
|l|☆vryfast
|player|p2|
|l|☆Timburr fan
|player|p1|
