|j|☆Jar Red Fogle
|j|☆sucker puns
|inactive|Battle timer is ON: inactive players will automatically lose when time's up.
|t:|1760803769
|gametype|singles
|player|p1|Jar Red Fogle|marshal|
|player|p2|sucker puns|skyla-masters|
|gen|9
|tier|[Gen 9] OU
|rated|Tournament battle
|rule|HP Percentage Mod: HP is shown in percentages
|rule|Endless Battle Clause: Forcing endless battles is banned
|rule|Species Clause: Limit one of each Pokémon
|rule|OHKO Clause: OHKO moves are banned
|rule|Evasion Items Clause: Evasion items are banned
|rule|Evasion Moves Clause: Evasion moves are banned
|rule|Evasion Abilities Clause: Evasion abilities are banned
|rule|Sleep Moves Clause: Sleep-inducing moves are banned
|clearpoke
|poke|p1|Walking Wake|
|poke|p1|Ninetales, M|
|poke|p1|Hatterene, F|
|poke|p1|Ceruledge, M|
|poke|p1|Lilligant, F|
|poke|p1|Great Tusk|
|poke|p2|Lokix, M|
|poke|p2|Alomomola, F|
|poke|p2|Gholdengo|
|poke|p2|Great Tusk|
|poke|p2|Serperior, M|
|poke|p2|Garganacl, M|
|teampreview
|j|*Lady Monita ☀
|
|t:|1760803791
|teamsize|p1|6
|teamsize|p2|6
|start
|switch|p1a: Ninetales|Ninetales, M|100/100
|switch|p2a: Great Tusk|Great Tusk|100/100
|-weather|SunnyDay|[from] ability: Drought|[of] p1a: Ninetales
|-activate|p2a: Great Tusk|ability: Protosynthesis
|-start|p2a: Great Tusk|protosynthesisatk
|turn|1
|
|t:|1760803807
|switch|p1a: Hatterene|Hatterene, F|100/100
|move|p2a: Great Tusk|Headlong Rush|p1a: Hatterene
|-damage|p1a: Hatterene|23/100
|-unboost|p2a: Great Tusk|def|1
|-unboost|p2a: Great Tusk|spd|1
|-enditem|p1a: Hatterene|Eject Button
|j| guensama
|
|t:|1760803809
|switch|p1a: Walking Wake|Walking Wake|100/100
|-activate|p1a: Walking Wake|ability: Protosynthesis
|-start|p1a: Walking Wake|protosynthesisspa
|
|-weather|SunnyDay|[upkeep]
|upkeep
|turn|2
|j| Albrtix
|inactive|sucker puns has 120 seconds left.
|
|t:|1760803868
|-end|p2a: Great Tusk|Protosynthesis|[silent]
|switch|p2a: Alomomola|Alomomola, F|100/100
|move|p1a: Walking Wake|Hydro Steam|p2a: Alomomola
|-resisted|p2a: Alomomola
|-damage|p2a: Alomomola|61/100
|
|-weather|SunnyDay|[upkeep]
|upkeep
|turn|3
|inactive|Jar Red Fogle has 120 seconds left.
|inactive|sucker puns has 90 seconds left.
|inactive|Jar Red Fogle has 90 seconds left.
|inactive|sucker puns has 60 seconds left.
|
|t:|1760803926
|-end|p1a: Walking Wake|Protosynthesis|[silent]
|switch|p1a: Lilligant|Lilligant, F|100/100
|switch|p2a: Gholdengo|Gholdengo|100/100
|-item|p2a: Gholdengo|Air Balloon
|
|-weather|SunnyDay|[upkeep]
|upkeep
|turn|4
|inactive|sucker puns has 60 seconds left.
|
|t:|1760803943
|move|p1a: Lilligant|Growth|p1a: Lilligant
|-boost|p1a: Lilligant|atk|2
|-boost|p1a: Lilligant|spa|2
|move|p2a: Gholdengo|Make It Rain|p1a: Lilligant
|-damage|p1a: Lilligant|0 fnt
|-unboost|p2a: Gholdengo|spa|1
|faint|p1a: Lilligant
|
|-weather|SunnyDay|[upkeep]
|upkeep
|inactive|Jar Red Fogle has 60 seconds left.
|
|t:|1760803979
|switch|p1a: Walking Wake|Walking Wake|100/100
|-activate|p1a: Walking Wake|ability: Protosynthesis
|-start|p1a: Walking Wake|protosynthesisspa
|turn|5
|inactive|sucker puns has 60 seconds left.
|
|t:|1760803999
|-terastallize|p1a: Walking Wake|Water
|move|p1a: Walking Wake|Hydro Steam|p2a: Gholdengo
|-damage|p2a: Gholdengo|0 fnt
|-enditem|p2a: Gholdengo|Air Balloon
|faint|p2a: Gholdengo
|
|-weather|SunnyDay|[upkeep]
|upkeep
|
|t:|1760804006
|switch|p2a: Alomomola|Alomomola, F|94/100
|turn|6
|inactive|Jar Red Fogle has 60 seconds left.
|
|t:|1760804019
|move|p1a: Walking Wake|Hydro Steam|p2a: Alomomola
|-resisted|p2a: Alomomola
|-damage|p2a: Alomomola|34/100
|move|p2a: Alomomola|Mirror Coat|p1a: Walking Wake
|-damage|p1a: Walking Wake|0 fnt
|faint|p1a: Walking Wake
|-end|p1a: Walking Wake|Protosynthesis|[silent]
|
|-weather|SunnyDay|[upkeep]
|upkeep
|
|t:|1760804026
|switch|p1a: Great Tusk|Great Tusk|100/100
|-activate|p1a: Great Tusk|ability: Protosynthesis
|-start|p1a: Great Tusk|protosynthesisatk
|turn|7
|inactive|Jar Red Fogle has 60 seconds left.
|inactive|sucker puns has 60 seconds left.
|
|t:|1760804056
|switch|p2a: Lokix|Lokix, M|100/100
|move|p1a: Great Tusk|Ice Spinner|p2a: Lokix
|-crit|p2a: Lokix
|-damage|p2a: Lokix|14/100
|
|-weather|SunnyDay|[upkeep]
|upkeep
|turn|8
|inactive|sucker puns has 60 seconds left.
|inactive|Jar Red Fogle has 60 seconds left.
|
|t:|1760804071
|move|p2a: Lokix|First Impression|p1a: Great Tusk
|-resisted|p1a: Great Tusk
|-damage|p1a: Great Tusk|60/100
|-damage|p2a: Lokix|0 fnt|[from] item: Rocky Helmet|[of] p1a: Great Tusk
|faint|p2a: Lokix
|move|p1a: Great Tusk|Ice Spinner|p2: Lokix|[notarget]
|-fail|p1a: Great Tusk
|
|-weather|none
|-end|p1a: Great Tusk|Protosynthesis
|upkeep
|
|t:|1760804075
|switch|p2a: Serperior|Serperior, M|100/100
|turn|9
|
|t:|1760804083
|-end|p1a: Great Tusk|Protosynthesis|[silent]
|switch|p1a: Ninetales|Ninetales, M|100/100
|-weather|SunnyDay|[from] ability: Drought|[of] p1a: Ninetales
|move|p2a: Serperior|Leaf Storm|p1a: Ninetales
|-resisted|p1a: Ninetales
|-damage|p1a: Ninetales|78/100
|-boost|p2a: Serperior|spa|2
|
|-weather|SunnyDay|[upkeep]
|upkeep
|turn|10
|
|t:|1760804096
|-terastallize|p2a: Serperior|Rock
|move|p2a: Serperior|Substitute|p2a: Serperior
|-start|p2a: Serperior|Substitute
|-damage|p2a: Serperior|76/100
|move|p1a: Ninetales|Weather Ball|p2a: Serperior
|-resisted|p2a: Serperior
|-end|p2a: Serperior|Substitute
|
|-weather|SunnyDay|[upkeep]
|-heal|p2a: Serperior|82/100|[from] item: Leftovers
|upkeep
|turn|11
|inactive|Jar Red Fogle has 90 seconds left.
|
|t:|1760804105
|move|p2a: Serperior|Tera Blast|p1a: Ninetales|[anim] Tera Blast Rock
|-supereffective|p1a: Ninetales
|-damage|p1a: Ninetales|0 fnt
|faint|p1a: Ninetales
|
|-weather|SunnyDay|[upkeep]
|-heal|p2a: Serperior|88/100|[from] item: Leftovers
|upkeep
|inactive|Jar Red Fogle has 90 seconds left.
|
|t:|1760804112
|switch|p1a: Ceruledge|Ceruledge, M|100/100
|turn|12
|
|t:|1760804116
|move|p2a: Serperior|Tera Blast|p1a: Ceruledge|[anim] Tera Blast Rock
|-supereffective|p1a: Ceruledge
|-enditem|p1a: Ceruledge|Focus Sash
|-damage|p1a: Ceruledge|1/100
|move|p1a: Ceruledge|Swords Dance|p1a: Ceruledge
|-boost|p1a: Ceruledge|atk|2
|
|-weather|SunnyDay|[upkeep]
|-heal|p2a: Serperior|94/100|[from] item: Leftovers
|upkeep
|turn|13
|
|t:|1760804119
|move|p1a: Ceruledge|Shadow Sneak|p2a: Serperior
|-damage|p2a: Serperior|37/100
|move|p2a: Serperior|Tera Blast|p1a: Ceruledge|[anim] Tera Blast Rock
|-supereffective|p1a: Ceruledge
|-damage|p1a: Ceruledge|0 fnt
|faint|p1a: Ceruledge
|
|-weather|SunnyDay|[upkeep]
|-heal|p2a: Serperior|43/100|[from] item: Leftovers
|upkeep
|-message|Jar Red Fogle forfeited.
|
|win|sucker puns
|n|☆Jar Red Fogle|jarredfogle
|n|☆sucker puns|suckerpuns
|n|*Lady Monita ☀|ladymonita
|n| guensama|guensama
|n| Albrtix|albrtix
|l|*Lady Monita ☀
|l|☆Jar Red Fogle
|player|p1|
|l|☆sucker puns
|player|p2|
