|j|☆galoop
|j|☆NebulaTrainer
|t:|1760727189
|gametype|singles
|player|p1|galoop|1|1616
|player|p2|NebulaTrainer|cynthia-gen4|1557
|gen|9
|tier|[Gen 9] OU
|rated|
|rule|HP Percentage Mod: HP is shown in percentages
|rule|Endless Battle Clause: Forcing endless battles is banned
|rule|Species Clause: Limit one of each Pokémon
|rule|OHKO Clause: OHKO moves are banned
|rule|Evasion Items Clause: Evasion items are banned
|rule|Evasion Moves Clause: Evasion moves are banned
|rule|Evasion Abilities Clause: Evasion abilities are banned
|rule|Sleep Moves Clause: Sleep-inducing moves are banned
|clearpoke
|poke|p1|Tyranitar, M|
|poke|p1|Excadrill, F|
|poke|p1|Gholdengo|
|poke|p1|Iron Valiant|
|poke|p1|Garchomp, F|
|poke|p1|Primarina, M|
|poke|p2|Hippowdon, M|
|poke|p2|Excadrill, M|
|poke|p2|Hydrapple, F|
|poke|p2|Tornadus-Therian, M|
|poke|p2|Heatran, F|
|poke|p2|Keldeo-Resolute|
|teampreview
|inactive|Battle timer is ON: inactive players will automatically lose when time's up. (requested by galoop)
|
|t:|1760727204
|teamsize|p1|6
|teamsize|p2|6
|start
|switch|p1a: Garchomp|Garchomp, F|100/100
|switch|p2a: Keldeo|Keldeo-Resolute|100/100
|turn|1
|
|t:|1760727225
|switch|p1a: Primarina|Primarina, M|100/100
|move|p2a: Keldeo|Icy Wind|p1a: Primarina
|-resisted|p1a: Primarina
|-damage|p1a: Primarina|92/100
|-unboost|p1a: Primarina|spe|1
|
|upkeep
|turn|2
|
|t:|1760727237
|switch|p2a: Tornadus|Tornadus-Therian, M, shiny|100/100
|move|p1a: Primarina|Moonblast|p2a: Tornadus
|-damage|p2a: Tornadus|65/100
|-unboost|p2a: Tornadus|spa|1
|
|upkeep
|turn|3
|
|t:|1760727248
|move|p2a: Tornadus|Knock Off|p1a: Primarina
|-resisted|p1a: Primarina
|-damage|p1a: Primarina|78/100
|-enditem|p1a: Primarina|Assault Vest|[from] move: Knock Off|[of] p2a: Tornadus
|move|p1a: Primarina|Flip Turn|p2a: Tornadus
|-damage|p2a: Tornadus|49/100
|
|t:|1760727250
|switch|p1a: Tyranitar|Tyranitar, M|100/100|[from] Flip Turn
|-weather|Sandstorm|[from] ability: Sand Stream|[of] p1a: Tyranitar
|
|-weather|Sandstorm|[upkeep]
|-damage|p2a: Tornadus|43/100|[from] Sandstorm
|upkeep
|turn|4
|
|t:|1760727261
|move|p2a: Tornadus|U-turn|p1a: Tyranitar
|-supereffective|p1a: Tyranitar
|-damage|p1a: Tyranitar|72/100
|
|t:|1760727266
|switch|p2a: Hippowdon|Hippowdon, M, shiny|100/100|[from] U-turn
|move|p1a: Tyranitar|Knock Off|p2a: Hippowdon
|-damage|p2a: Hippowdon|56/100
|-enditem|p2a: Hippowdon|Smooth Rock|[from] move: Knock Off|[of] p1a: Tyranitar
|
|-weather|Sandstorm|[upkeep]
|upkeep
|turn|5
|
|t:|1760727276
|switch|p1a: Garchomp|Garchomp, F|100/100
|move|p2a: Hippowdon|Slack Off|p2a: Hippowdon
|-heal|p2a: Hippowdon|100/100
|
|-weather|Sandstorm|[upkeep]
|upkeep
|turn|6
|
|t:|1760727284
|switch|p2a: Keldeo|Keldeo-Resolute|100/100
|move|p1a: Garchomp|Stealth Rock|p2a: Keldeo
|-sidestart|p2: NebulaTrainer|move: Stealth Rock
|
|-weather|Sandstorm|[upkeep]
|-damage|p2a: Keldeo|94/100|[from] Sandstorm
|upkeep
|turn|7
|
|t:|1760727292
|switch|p1a: Primarina|Primarina, M|78/100
|move|p2a: Keldeo|Hydro Pump|p1a: Primarina
|-resisted|p1a: Primarina
|-damage|p1a: Primarina|41/100
|
|-weather|none
|upkeep
|turn|8
|
|t:|1760727301
|switch|p2a: Tornadus|Tornadus-Therian, M, shiny|76/100
|-damage|p2a: Tornadus|51/100|[from] Stealth Rock
|move|p1a: Primarina|Moonblast|p2a: Tornadus
|-damage|p2a: Tornadus|16/100
|
|upkeep
|turn|9
|
|t:|1760727310
|move|p2a: Tornadus|U-turn|p1a: Primarina
|-resisted|p1a: Primarina
|-damage|p1a: Primarina|32/100
|
|t:|1760727315
|switch|p2a: Heatran|Heatran, F, shiny|100/100|[from] U-turn
|-damage|p2a: Heatran|88/100|[from] Stealth Rock
|move|p1a: Primarina|Surf|p2a: Heatran
|-supereffective|p2a: Heatran
|-damage|p2a: Heatran|0 fnt
|faint|p2a: Heatran
|
|upkeep
|
|t:|1760727328
|switch|p2a: Excadrill|Excadrill, M, shiny|100/100
|-damage|p2a: Excadrill|97/100|[from] Stealth Rock
|turn|10
|
|t:|1760727334
|switch|p1a: Garchomp|Garchomp, F|100/100
|move|p2a: Excadrill|Earthquake|p1a: Garchomp
|-damage|p1a: Garchomp|64/100
|
|-heal|p2a: Excadrill|100/100|[from] item: Leftovers
|upkeep
|turn|11
|
|t:|1760727346
|move|p2a: Excadrill|Earthquake|p1a: Garchomp
|-damage|p1a: Garchomp|31/100
|move|p1a: Garchomp|Spikes|p2a: Excadrill
|-sidestart|p2: NebulaTrainer|Spikes
|
|upkeep
|turn|12
|
|t:|1760727353
|switch|p1a: Gholdengo|Gholdengo|100/100
|-item|p1a: Gholdengo|Air Balloon
|move|p2a: Excadrill|Earthquake|p1a: Gholdengo
|-immune|p1a: Gholdengo
|
|upkeep
|turn|13
|
|t:|1760727361
|switch|p2a: Keldeo|Keldeo-Resolute|94/100
|-damage|p2a: Keldeo|88/100|[from] Stealth Rock
|-damage|p2a: Keldeo|76/100|[from] Spikes
|move|p1a: Gholdengo|Shadow Ball|p2a: Keldeo
|-damage|p2a: Keldeo|35/100
|-unboost|p2a: Keldeo|spd|1
|
|upkeep
|turn|14
|
|t:|1760727372
|switch|p1a: Primarina|Primarina, M|32/100
|move|p2a: Keldeo|Hydro Pump|p1a: Primarina
|-resisted|p1a: Primarina
|-damage|p1a: Primarina|0 fnt
|faint|p1a: Primarina
|
|upkeep
|
|t:|1760727378
|switch|p1a: Iron Valiant|Iron Valiant|100/100
|-enditem|p1a: Iron Valiant|Booster Energy
|-activate|p1a: Iron Valiant|ability: Quark Drive|[fromitem]
|-start|p1a: Iron Valiant|quarkdrivespe
|turn|15
|
|t:|1760727387
|move|p1a: Iron Valiant|Moonblast|p2a: Keldeo
|-supereffective|p2a: Keldeo
|-damage|p2a: Keldeo|0 fnt
|faint|p2a: Keldeo
|
|upkeep
|
|t:|1760727393
|switch|p2a: Hippowdon|Hippowdon, M, shiny|100/100
|-damage|p2a: Hippowdon|94/100|[from] Stealth Rock
|-damage|p2a: Hippowdon|82/100|[from] Spikes
|-weather|Sandstorm|[from] ability: Sand Stream|[of] p2a: Hippowdon
|turn|16
|
|t:|1760727403
|-end|p1a: Iron Valiant|Quark Drive|[silent]
|switch|p1a: Garchomp|Garchomp, F|31/100
|switch|p2a: Tornadus|Tornadus-Therian, M, shiny|49/100
|-damage|p2a: Tornadus|24/100|[from] Stealth Rock
|
|-weather|Sandstorm|[upkeep]
|-damage|p2a: Tornadus|18/100|[from] Sandstorm
|upkeep
|turn|17
|
|t:|1760727412
|move|p2a: Tornadus|Hurricane|p1a: Garchomp
|-damage|p1a: Garchomp|0 fnt
|faint|p1a: Garchomp
|
|-weather|Sandstorm|[upkeep]
|-damage|p2a: Tornadus|12/100|[from] Sandstorm
|upkeep
|
|t:|1760727416
|switch|p1a: Excadrill|Excadrill, F|100/100
|turn|18
|
|t:|1760727421
|move|p1a: Excadrill|Iron Head|p2a: Tornadus
|-damage|p2a: Tornadus|0 fnt
|faint|p2a: Tornadus
|
|-weather|Sandstorm|[upkeep]
|upkeep
|
|t:|1760727430
|switch|p2a: Hippowdon|Hippowdon, M, shiny|82/100
|-damage|p2a: Hippowdon|76/100|[from] Stealth Rock
|-damage|p2a: Hippowdon|63/100|[from] Spikes
|turn|19
|
|t:|1760727443
|switch|p1a: Gholdengo|Gholdengo|100/100
|-item|p1a: Gholdengo|Air Balloon
|move|p2a: Hippowdon|Whirlwind|p1a: Gholdengo
|-immune|p1a: Gholdengo|[from] ability: Good as Gold
|
|-weather|Sandstorm|[upkeep]
|upkeep
|turn|20
|
|t:|1760727454
|switch|p2a: Hydrapple|Hydrapple, F|100/100
|move|p1a: Gholdengo|Nasty Plot|p1a: Gholdengo
|-boost|p1a: Gholdengo|spa|2
|
|-weather|none
|upkeep
|turn|21
|
|t:|1760727464
|switch|p1a: Tyranitar|Tyranitar, M|72/100
|-weather|Sandstorm|[from] ability: Sand Stream|[of] p1a: Tyranitar
|move|p2a: Hydrapple|Giga Drain|p1a: Tyranitar
|-supereffective|p1a: Tyranitar
|-damage|p1a: Tyranitar|14/100
|
|-weather|Sandstorm|[upkeep]
|-damage|p2a: Hydrapple|94/100|[from] Sandstorm
|upkeep
|turn|22
|
|t:|1760727474
|switch|p2a: Hippowdon|Hippowdon, M, shiny|63/100
|-damage|p2a: Hippowdon|57/100|[from] Stealth Rock
|-damage|p2a: Hippowdon|45/100|[from] Spikes
|move|p1a: Tyranitar|Ice Punch|p2a: Hippowdon
|-supereffective|p2a: Hippowdon
|-damage|p2a: Hippowdon|2/100
|
|-weather|Sandstorm|[upkeep]
|upkeep
|turn|23
|
|t:|1760727484
|move|p1a: Tyranitar|Ice Punch|p2a: Hippowdon
|-supereffective|p2a: Hippowdon
|-damage|p2a: Hippowdon|0 fnt
|faint|p2a: Hippowdon
|
|-weather|Sandstorm|[upkeep]
|upkeep
|
|t:|1760727491
|switch|p2a: Excadrill|Excadrill, M, shiny|100/100
|-damage|p2a: Excadrill|97/100|[from] Stealth Rock
|-damage|p2a: Excadrill|85/100|[from] Spikes
|turn|24
|
|t:|1760727499
|move|p2a: Excadrill|Swords Dance|p2a: Excadrill
|-boost|p2a: Excadrill|atk|2
|move|p1a: Tyranitar|Ice Punch|p2a: Excadrill
|-damage|p2a: Excadrill|26/100
|
|-weather|Sandstorm|[upkeep]
|-heal|p2a: Excadrill|32/100|[from] item: Leftovers
|upkeep
|turn|25
|
|t:|1760727508
|move|p2a: Excadrill|Rapid Spin|p1a: Tyranitar
|-resisted|p1a: Tyranitar
|-damage|p1a: Tyranitar|0 fnt
|-boost|p2a: Excadrill|spe|1
|-sideend|p2: NebulaTrainer|Spikes|[from] move: Rapid Spin|[of] p2a: Excadrill
|-sideend|p2: NebulaTrainer|Stealth Rock|[from] move: Rapid Spin|[of] p2a: Excadrill
|faint|p1a: Tyranitar
|
|-weather|none
|-heal|p2a: Excadrill|38/100|[from] item: Leftovers
|upkeep
|
|t:|1760727515
|switch|p1a: Gholdengo|Gholdengo|100/100
|-item|p1a: Gholdengo|Air Balloon
|turn|26
|
|t:|1760727520
|move|p2a: Excadrill|Iron Head|p1a: Gholdengo
|-resisted|p1a: Gholdengo
|-damage|p1a: Gholdengo|68/100
|-enditem|p1a: Gholdengo|Air Balloon
|move|p1a: Gholdengo|Shadow Ball|p2a: Excadrill
|-damage|p2a: Excadrill|0 fnt
|faint|p2a: Excadrill
|
|upkeep
|
|t:|1760727531
|switch|p2a: Hydrapple|Hydrapple, F|100/100
|turn|27
|
|t:|1760727537
|move|p1a: Gholdengo|Nasty Plot|p1a: Gholdengo
|-boost|p1a: Gholdengo|spa|2
|move|p2a: Hydrapple|Earth Power|p1a: Gholdengo
|-supereffective|p1a: Gholdengo
|-damage|p1a: Gholdengo|0 fnt
|faint|p1a: Gholdengo
|
|upkeep
|
|t:|1760727544
|switch|p1a: Iron Valiant|Iron Valiant|100/100
|turn|28
|
|t:|1760727548
|-terastallize|p2a: Hydrapple|Fairy
|move|p1a: Iron Valiant|Moonblast|p2a: Hydrapple
|-crit|p2a: Hydrapple
|-damage|p2a: Hydrapple|27/100
|-unboost|p2a: Hydrapple|spa|1
|move|p2a: Hydrapple|Giga Drain|p1a: Iron Valiant
|-damage|p1a: Iron Valiant|42/100
|-heal|p2a: Hydrapple|48/100|[from] drain|[of] p1a: Iron Valiant
|
|upkeep
|turn|29
|l|☆NebulaTrainer
|inactive|NebulaTrainer disconnected and has a minute to reconnect!
|player|p2|
|inactive|NebulaTrainer has 30 seconds to reconnect!
|inactive|NebulaTrainer has 20 seconds to reconnect!
|inactive|NebulaTrainer has 15 seconds to reconnect!
|inactive|NebulaTrainer has 10 seconds to reconnect!
|inactive|NebulaTrainer has 5 seconds to reconnect!
|-message|NebulaTrainer lost due to inactivity.
|
|win|galoop
|raw|galoop's rating: 1616 &rarr; <strong>1633</strong><br />(+17 for winning)
|raw|NebulaTrainer's rating: 1557 &rarr; <strong>1540</strong><br />(-17 for losing)
|l|☆galoop
|player|p1|
