|j|☆Megumin's Husband
|j|☆Johnny tots
|t:|1760827768
|gametype|singles
|player|p1|Megumin's Husband|alder|1749
|player|p2|Johnny tots|101|1734
|gen|9
|tier|[Gen 9] OU
|rated|
|rule|HP Percentage Mod: HP is shown in percentages
|rule|Endless Battle Clause: Forcing endless battles is banned
|rule|Species Clause: Limit one of each Pokémon
|rule|OHKO Clause: OHKO moves are banned
|rule|Evasion Items Clause: Evasion items are banned
|rule|Evasion Moves Clause: Evasion moves are banned
|rule|Evasion Abilities Clause: Evasion abilities are banned
|rule|Sleep Moves Clause: Sleep-inducing moves are banned
|clearpoke
|poke|p1|Pecharunt|
|poke|p1|Primarina, F|
|poke|p1|Heatran, F|
|poke|p1|Great Tusk|
|poke|p1|Weavile, F|
|poke|p1|Ogerpon, F|
|poke|p2|Rillaboom, F|
|poke|p2|Klefki, M|
|poke|p2|Manaphy|
|poke|p2|Ogerpon-Wellspring, F|
|poke|p2|Clefable, M|
|poke|p2|Dragapult, M|
|teampreview
|inactive|Battle timer is ON: inactive players will automatically lose when time's up. (requested by Johnny tots)
|
|t:|1760827776
|teamsize|p1|6
|teamsize|p2|6
|start
|switch|p1a: Dolores|Heatran, F, shiny|100/100
|switch|p2a: Ogerpon|Ogerpon-Wellspring, F|100/100
|-item|p1a: Dolores|Air Balloon
|turn|1
|
|t:|1760827791
|switch|p2a: Rillaboom|Rillaboom, F|100/100
|-fieldstart|move: Grassy Terrain|[from] ability: Grassy Surge|[of] p2a: Rillaboom
|switch|p1a: Froag|Pecharunt|100/100
|
|upkeep
|turn|2
|
|t:|1760827797
|move|p2a: Rillaboom|Knock Off|p1a: Froag
|-supereffective|p1a: Froag
|-damage|p1a: Froag|68/100
|-damage|p2a: Rillaboom|84/100|[from] item: Rocky Helmet|[of] p1a: Froag
|-enditem|p1a: Froag|Rocky Helmet|[from] move: Knock Off|[of] p2a: Rillaboom
|move|p1a: Froag|Parting Shot|p2a: Rillaboom
|-unboost|p2a: Rillaboom|atk|1
|-unboost|p2a: Rillaboom|spa|1
|
|t:|1760827801
|switch|p1a: Yamawaro|Ogerpon, F|100/100|[from] Parting Shot
|
|-heal|p2a: Rillaboom|90/100|[from] Grassy Terrain
|upkeep
|turn|3
|
|t:|1760827803
|switch|p2a: Klefki|Klefki, M|100/100
|move|p1a: Yamawaro|U-turn|p2a: Klefki
|-resisted|p2a: Klefki
|-damage|p2a: Klefki|93/100
|
|t:|1760827809
|switch|p1a: Dolores|Heatran, F, shiny|100/100|[from] U-turn
|-item|p1a: Dolores|Air Balloon
|
|-heal|p2a: Klefki|99/100|[from] Grassy Terrain
|upkeep
|turn|4
|
|t:|1760827812
|move|p2a: Klefki|Light Screen|p2a: Klefki
|-sidestart|p2: Johnny tots|move: Light Screen
|move|p1a: Dolores|Stealth Rock|p2a: Klefki
|-sidestart|p2: Johnny tots|move: Stealth Rock
|
|-heal|p2a: Klefki|100/100|[from] Grassy Terrain
|upkeep
|turn|5
|
|t:|1760827814
|move|p2a: Klefki|Thunder Wave|p1a: Dolores
|-status|p1a: Dolores|par
|cant|p1a: Dolores|par
|
|upkeep
|turn|6
|
|t:|1760827818
|switch|p2a: Clefable|Clefable, M|100/100
|cant|p1a: Dolores|par
|
|upkeep
|turn|7
|
|t:|1760827825
|switch|p1a: Yamawaro|Ogerpon, F|100/100
|move|p2a: Clefable|Calm Mind|p2a: Clefable
|-boost|p2a: Clefable|spa|1
|-boost|p2a: Clefable|spd|1
|
|upkeep
|turn|8
|
|t:|1760827829
|switch|p2a: Klefki|Klefki, M|100/100
|-damage|p2a: Klefki|95/100|[from] Stealth Rock
|-terastallize|p1a: Yamawaro|Grass
|detailschange|p1a: Yamawaro|Ogerpon-Teal-Tera, F, tera:Grass
|-ability|p1a: Yamawaro|Embody Aspect (Teal)|boost
|-boost|p1a: Yamawaro|spe|1
|move|p1a: Yamawaro|Ivy Cudgel|p2a: Klefki
|-resisted|p2a: Klefki
|-damage|p2a: Klefki|44/100
|
|-heal|p2a: Klefki|50/100|[from] Grassy Terrain
|-fieldend|move: Grassy Terrain
|upkeep
|turn|9
|j| tabata toxapex
|
|t:|1760827836
|switch|p1a: Dolores|Heatran, F, shiny|100/100 par
|-item|p1a: Dolores|Air Balloon
|move|p2a: Klefki|Reflect|p2a: Klefki
|-sidestart|p2: Johnny tots|Reflect
|
|upkeep
|turn|10
|
|t:|1760827840
|switch|p2a: Rillaboom|Rillaboom, F|90/100
|-damage|p2a: Rillaboom|78/100|[from] Stealth Rock
|-fieldstart|move: Grassy Terrain|[from] ability: Grassy Surge|[of] p2a: Rillaboom
|move|p1a: Dolores|Lava Plume|p2a: Rillaboom
|-supereffective|p2a: Rillaboom
|-damage|p2a: Rillaboom|36/100
|-status|p2a: Rillaboom|brn
|
|-heal|p2a: Rillaboom|42/100 brn|[from] Grassy Terrain
|-damage|p2a: Rillaboom|36/100 brn|[from] brn
|upkeep
|turn|11
|
|t:|1760827851
|switch|p2a: Clefable|Clefable, M|100/100
|switch|p1a: Froag|Pecharunt|68/100
|
|-heal|p1a: Froag|74/100|[from] Grassy Terrain
|-sideend|p2: Johnny tots|move: Light Screen
|upkeep
|turn|12
|
|t:|1760827854
|switch|p2a: Klefki|Klefki, M|50/100
|-damage|p2a: Klefki|44/100|[from] Stealth Rock
|move|p1a: Froag|Parting Shot|p2a: Klefki
|-unboost|p2a: Klefki|atk|1
|-unboost|p2a: Klefki|spa|1
|
|t:|1760827856
|switch|p1a: Dolores|Heatran, F, shiny|100/100 par|[from] Parting Shot
|-item|p1a: Dolores|Air Balloon
|
|-heal|p2a: Klefki|50/100|[from] Grassy Terrain
|upkeep
|turn|13
|
|t:|1760827865
|move|p2a: Klefki|Light Screen|p2a: Klefki
|-sidestart|p2: Johnny tots|move: Light Screen
|move|p1a: Dolores|Lava Plume|p2a: Klefki
|-supereffective|p2a: Klefki
|-damage|p2a: Klefki|6/100
|
|-heal|p2a: Klefki|12/100|[from] Grassy Terrain
|upkeep
|turn|14
|
|t:|1760827869
|move|p2a: Klefki|Spikes|p1a: Dolores
|-sidestart|p1: Megumin's Husband|Spikes
|cant|p1a: Dolores|par
|
|-heal|p2a: Klefki|18/100|[from] Grassy Terrain
|upkeep
|turn|15
|
|t:|1760827889
|switch|p2a: Clefable|Clefable, M|100/100
|switch|p1a: Nacho|Great Tusk|100/100
|
|upkeep
|turn|16
|
|t:|1760827896
|move|p1a: Nacho|Rapid Spin|p2a: Clefable
|-damage|p2a: Clefable|92/100
|-boost|p1a: Nacho|spe|1
|-sideend|p1: Megumin's Husband|Spikes|[from] move: Rapid Spin|[of] p1a: Nacho
|move|p2a: Clefable|Moonblast|p1a: Nacho
|-supereffective|p1a: Nacho
|-damage|p1a: Nacho|0 fnt
|faint|p1a: Nacho
|-end|p1a: Nacho|Protosynthesis|[silent]
|
|-heal|p2a: Clefable|98/100|[from] Grassy Terrain
|-heal|p2a: Clefable|100/100|[from] item: Leftovers
|-sideend|p2: Johnny tots|Reflect
|upkeep
|
|t:|1760827900
|switch|p1a: Yamawaro|Ogerpon-Teal-Tera, F, tera:Grass|100/100
|-ability|p1a: Yamawaro|Embody Aspect (Teal)|boost
|-boost|p1a: Yamawaro|spe|1
|turn|17
|
|t:|1760827921
|move|p1a: Yamawaro|Spikes|p2a: Clefable
|-sidestart|p2: Johnny tots|Spikes
|move|p2a: Clefable|Fire Blast|p1a: Yamawaro
|-supereffective|p1a: Yamawaro
|-damage|p1a: Yamawaro|31/100
|
|-heal|p1a: Yamawaro|37/100|[from] Grassy Terrain
|-fieldend|move: Grassy Terrain
|upkeep
|turn|18
|
|t:|1760827935
|switch|p1a: Froag|Pecharunt|74/100
|move|p2a: Clefable|Fire Blast|p1a: Froag
|-damage|p1a: Froag|41/100
|
|upkeep
|turn|19
|
|t:|1760827941
|switch|p1a: Yamawaro|Ogerpon-Teal-Tera, F, tera:Grass|37/100
|-ability|p1a: Yamawaro|Embody Aspect (Teal)|boost
|-boost|p1a: Yamawaro|spe|1
|move|p2a: Clefable|Calm Mind|p2a: Clefable
|-boost|p2a: Clefable|spa|1
|-boost|p2a: Clefable|spd|1
|
|upkeep
|turn|20
|
|t:|1760827946
|move|p1a: Yamawaro|Ivy Cudgel|p2a: Clefable
|-crit|p2a: Clefable
|-damage|p2a: Clefable|0 fnt
|faint|p2a: Clefable
|
|-sideend|p2: Johnny tots|move: Light Screen
|upkeep
|
|t:|1760827954
|switch|p2a: Rillaboom|Rillaboom, F|36/100 brn
|-damage|p2a: Rillaboom|23/100 brn|[from] Stealth Rock
|-damage|p2a: Rillaboom|11/100 brn|[from] Spikes
|-fieldstart|move: Grassy Terrain|[from] ability: Grassy Surge|[of] p2a: Rillaboom
|turn|21
|
|t:|1760827958
|switch|p1a: Froag|Pecharunt|41/100
|switch|p2a: Klefki|Klefki, M|18/100
|-damage|p2a: Klefki|12/100|[from] Stealth Rock
|-damage|p2a: Klefki|0 fnt|[from] Spikes
|faint|p2a: Klefki
|
|-heal|p1a: Froag|47/100|[from] Grassy Terrain
|upkeep
|
|t:|1760827961
|switch|p2a: Manaphy|Manaphy|100/100
|-damage|p2a: Manaphy|88/100|[from] Stealth Rock
|-damage|p2a: Manaphy|76/100|[from] Spikes
|turn|22
|
|t:|1760827968
|move|p2a: Manaphy|Acid Armor|p2a: Manaphy
|-boost|p2a: Manaphy|def|2
|move|p1a: Froag|Parting Shot|p2a: Manaphy
|-unboost|p2a: Manaphy|atk|1
|-unboost|p2a: Manaphy|spa|1
|
|t:|1760827972
|switch|p1a: Yamawaro|Ogerpon-Teal-Tera, F, tera:Grass|37/100|[from] Parting Shot
|-ability|p1a: Yamawaro|Embody Aspect (Teal)|boost
|-boost|p1a: Yamawaro|spe|1
|
|-heal|p1a: Yamawaro|43/100|[from] Grassy Terrain
|-heal|p2a: Manaphy|82/100|[from] Grassy Terrain
|-heal|p2a: Manaphy|88/100|[from] item: Leftovers
|upkeep
|turn|23
|
|t:|1760827974
|-terastallize|p2a: Manaphy|Grass
|move|p1a: Yamawaro|Ivy Cudgel|p2a: Manaphy
|-resisted|p2a: Manaphy
|-damage|p2a: Manaphy|57/100
|move|p2a: Manaphy|Take Heart|p2a: Manaphy
|-boost|p2a: Manaphy|spa|1
|-boost|p2a: Manaphy|spd|1
|
|-heal|p1a: Yamawaro|49/100|[from] Grassy Terrain
|-heal|p2a: Manaphy|63/100|[from] Grassy Terrain
|-heal|p2a: Manaphy|69/100|[from] item: Leftovers
|upkeep
|turn|24
|
|t:|1760827983
|switch|p1a: Froag|Pecharunt|47/100
|move|p2a: Manaphy|Acid Armor|p2a: Manaphy
|-boost|p2a: Manaphy|def|2
|
|-heal|p2a: Manaphy|76/100|[from] Grassy Terrain
|-heal|p2a: Manaphy|82/100|[from] item: Leftovers
|-heal|p1a: Froag|53/100|[from] Grassy Terrain
|upkeep
|turn|25
|
|t:|1760827986
|move|p2a: Manaphy|Stored Power|p1a: Froag
|-supereffective|p1a: Froag
|-damage|p1a: Froag|0 fnt
|faint|p1a: Froag
|
|-heal|p2a: Manaphy|88/100|[from] Grassy Terrain
|-heal|p2a: Manaphy|94/100|[from] item: Leftovers
|upkeep
|
|t:|1760827996
|switch|p1a: Chomusuke|Weavile, F|100/100
|-ability|p1a: Chomusuke|Pressure
|turn|26
|
|t:|1760827999
|move|p1a: Chomusuke|Triple Axel|p2a: Manaphy
|-supereffective|p2a: Manaphy
|-damage|p2a: Manaphy|85/100
|-supereffective|p2a: Manaphy
|-damage|p2a: Manaphy|66/100
|-supereffective|p2a: Manaphy
|-damage|p2a: Manaphy|37/100
|-hitcount|p2a: Manaphy|3
|move|p2a: Manaphy|Scald|p1a: Chomusuke
|-damage|p1a: Chomusuke|47/100
|-status|p1a: Chomusuke|brn
|
|-heal|p1a: Chomusuke|53/100 brn|[from] Grassy Terrain
|-heal|p2a: Manaphy|43/100|[from] Grassy Terrain
|-heal|p2a: Manaphy|49/100|[from] item: Leftovers
|-damage|p1a: Chomusuke|47/100 brn|[from] brn
|upkeep
|turn|27
|
|t:|1760828010
|move|p1a: Chomusuke|Triple Axel|p2a: Manaphy
|-supereffective|p2a: Manaphy
|-damage|p2a: Manaphy|45/100
|-supereffective|p2a: Manaphy
|-damage|p2a: Manaphy|36/100
|-supereffective|p2a: Manaphy
|-damage|p2a: Manaphy|23/100
|-hitcount|p2a: Manaphy|3
|move|p2a: Manaphy|Acid Armor|p2a: Manaphy
|-boost|p2a: Manaphy|def|2
|
|-heal|p1a: Chomusuke|53/100 brn|[from] Grassy Terrain
|-heal|p2a: Manaphy|29/100|[from] Grassy Terrain
|-heal|p2a: Manaphy|35/100|[from] item: Leftovers
|-damage|p1a: Chomusuke|47/100 brn|[from] brn
|upkeep
|turn|28
|
|t:|1760828014
|move|p1a: Chomusuke|Triple Axel|p2a: Manaphy
|-supereffective|p2a: Manaphy
|-damage|p2a: Manaphy|32/100
|-supereffective|p2a: Manaphy
|-damage|p2a: Manaphy|25/100
|-supereffective|p2a: Manaphy
|-crit|p2a: Manaphy
|-damage|p2a: Manaphy|0 fnt
|faint|p2a: Manaphy
|-hitcount|p2: Manaphy|3
|
|-heal|p1a: Chomusuke|53/100 brn|[from] Grassy Terrain
|-damage|p1a: Chomusuke|47/100 brn|[from] brn
|-fieldend|move: Grassy Terrain
|upkeep
|
|t:|1760828026
|switch|p2a: Cutmylifein2|Dragapult, M|100/100
|-damage|p2a: Cutmylifein2|88/100|[from] Stealth Rock
|-damage|p2a: Cutmylifein2|76/100|[from] Spikes
|turn|29
|
|t:|1760828031
|switch|p1a: Stacy|Primarina, F|100/100
|move|p2a: Cutmylifein2|Dragon Dance|p2a: Cutmylifein2
|-boost|p2a: Cutmylifein2|atk|1
|-boost|p2a: Cutmylifein2|spe|1
|
|-heal|p2a: Cutmylifein2|82/100|[from] item: Leftovers
|upkeep
|turn|30
|j| Ctannn
|
|t:|1760828038
|switch|p2a: Rillaboom|Rillaboom, F|11/100 brn
|-damage|p2a: Rillaboom|0 fnt|[from] Stealth Rock
|faint|p2a: Rillaboom
|move|p1a: Stacy|Moonblast|p2: Rillaboom|[notarget]
|-fail|p1a: Stacy
|
|upkeep
|
|t:|1760828040
|switch|p2a: Ogerpon|Ogerpon-Wellspring, F|100/100
|-damage|p2a: Ogerpon|88/100|[from] Stealth Rock
|-damage|p2a: Ogerpon|76/100|[from] Spikes
|turn|31
|
|t:|1760828043
|switch|p1a: Chomusuke|Weavile, F|47/100 brn
|-ability|p1a: Chomusuke|Pressure
|move|p2a: Ogerpon|Power Whip|p1a: Chomusuke
|-damage|p1a: Chomusuke|0 fnt
|faint|p1a: Chomusuke
|
|upkeep
|
|t:|1760828045
|switch|p1a: Yamawaro|Ogerpon-Teal-Tera, F, tera:Grass|49/100
|-ability|p1a: Yamawaro|Embody Aspect (Teal)|boost
|-boost|p1a: Yamawaro|spe|1
|turn|32
|
|t:|1760828050
|move|p1a: Yamawaro|Ivy Cudgel|p2a: Ogerpon
|-damage|p2a: Ogerpon|0 fnt
|faint|p2a: Ogerpon
|
|upkeep
|
|t:|1760828051
|switch|p2a: Cutmylifein2|Dragapult, M|82/100
|-damage|p2a: Cutmylifein2|69/100|[from] Stealth Rock
|-damage|p2a: Cutmylifein2|57/100|[from] Spikes
|turn|33
|
|t:|1760828068
|move|p1a: Yamawaro|Ivy Cudgel|p2a: Cutmylifein2
|-resisted|p2a: Cutmylifein2
|-damage|p2a: Cutmylifein2|4/100
|move|p2a: Cutmylifein2|Dragon Dance|p2a: Cutmylifein2
|-boost|p2a: Cutmylifein2|atk|1
|-boost|p2a: Cutmylifein2|spe|1
|
|-heal|p2a: Cutmylifein2|10/100|[from] item: Leftovers
|upkeep
|turn|34
|
|t:|1760828073
|move|p1a: Yamawaro|Ivy Cudgel|p2a: Cutmylifein2
|-resisted|p2a: Cutmylifein2
|-damage|p2a: Cutmylifein2|0 fnt
|faint|p2a: Cutmylifein2
|
|win|Megumin's Husband
|raw|Megumin&apos;s Husband's rating: 1749 &rarr; <strong>1768</strong><br />(+19 for winning)
|raw|Johnny tots's rating: 1734 &rarr; <strong>1715</strong><br />(-19 for losing)
|l|☆Johnny tots
|player|p2|
|l|☆Megumin's Husband
|player|p1|
|l| Ctannn
