|badge|p1|bronze|gen9ou|100-7
|uhtml|medal-msg|<div class="broadcast-blue">Curious what those medals under the avatar are? PS now has Ladder Seasons! For more information, check out the <a href="https://www.smogon.com/forums/threads/3740067/">thread on Smogon.</a></div>
|j|☆ajonymousnon
|j|☆karakel
|t:|1760824526
|gametype|singles
|player|p1|ajonymousnon|1|1612
|player|p2|karakel|cowgirl|1591
|gen|9
|tier|[Gen 9] OU
|rated|
|rule|HP Percentage Mod: HP is shown in percentages
|rule|Endless Battle Clause: Forcing endless battles is banned
|rule|Species Clause: Limit one of each Pokémon
|rule|OHKO Clause: OHKO moves are banned
|rule|Evasion Items Clause: Evasion items are banned
|rule|Evasion Moves Clause: Evasion moves are banned
|rule|Evasion Abilities Clause: Evasion abilities are banned
|rule|Sleep Moves Clause: Sleep-inducing moves are banned
|clearpoke
|poke|p1|Great Tusk|
|poke|p1|Ogerpon-Cornerstone, F|
|poke|p1|Rillaboom, F|
|poke|p1|Tyranitar, M|
|poke|p1|Corviknight, F|
|poke|p1|Dragapult, F|
|poke|p2|Lilligant-Hisui, F|
|poke|p2|Ninetales, M|
|poke|p2|Great Tusk|
|poke|p2|Walking Wake|
|poke|p2|Cresselia, F|
|poke|p2|Cinderace, M|
|teampreview
|
|t:|1760824529
|teamsize|p1|6
|teamsize|p2|6
|start
|switch|p1a: Dragapult|Dragapult, F|100/100
|switch|p2a: Cinderace|Cinderace, M|100/100
|turn|1
|inactive|Battle timer is ON: inactive players will automatically lose when time's up. (requested by karakel)
|inactive|ajonymousnon has 120 seconds left.
|
|t:|1760824566
|move|p2a: Cinderace|U-turn|p1a: Dragapult
|-start|p2a: Cinderace|typechange|Bug|[from] ability: Libero
|-resisted|p1a: Dragapult
|-damage|p1a: Dragapult|74/100
|
|t:|1760824587
|switch|p2a: Ninetales|Ninetales, M|100/100|[from] U-turn
|-weather|SunnyDay|[from] ability: Drought|[of] p2a: Ninetales
|move|p1a: Dragapult|Substitute|p1a: Dragapult
|-start|p1a: Dragapult|Substitute
|-damage|p1a: Dragapult|49/100
|
|-weather|SunnyDay|[upkeep]
|-heal|p1a: Dragapult|55/100|[from] item: Leftovers
|upkeep
|turn|2
|
|t:|1760824591
|move|p1a: Dragapult|Dragon Darts|p2a: Ninetales
|-damage|p2a: Ninetales|74/100
|-anim|p1a: Dragapult|Dragon Darts|p2a: Ninetales
|-damage|p2a: Ninetales|47/100
|move|p2a: Ninetales|Encore|p1a: Dragapult
|-start|p1a: Dragapult|Encore
|
|-weather|SunnyDay|[upkeep]
|-heal|p1a: Dragapult|62/100|[from] item: Leftovers
|upkeep
|turn|3
|
|t:|1760824595
|switch|p2a: Cresselia|Cresselia, F|100/100
|move|p1a: Dragapult|Dragon Darts|p2a: Cresselia
|-damage|p2a: Cresselia|89/100
|-anim|p1a: Dragapult|Dragon Darts|p2a: Cresselia
|-damage|p2a: Cresselia|77/100
|-enditem|p2a: Cresselia|Eject Button
|
|t:|1760824602
|switch|p2a: Great Tusk|Great Tusk|100/100
|-activate|p2a: Great Tusk|ability: Protosynthesis
|-start|p2a: Great Tusk|protosynthesisspe
|
|-weather|SunnyDay|[upkeep]
|-heal|p1a: Dragapult|68/100|[from] item: Leftovers
|upkeep
|turn|4
|
|t:|1760824607
|switch|p1a: Corviknight|Corviknight, F|100/100
|-ability|p1a: Corviknight|Pressure
|move|p2a: Great Tusk|Ice Spinner|p1a: Corviknight
|-damage|p1a: Corviknight|87/100
|-damage|p2a: Great Tusk|84/100|[from] item: Rocky Helmet|[of] p1a: Corviknight
|
|-weather|SunnyDay|[upkeep]
|upkeep
|turn|5
|
|t:|1760824613
|move|p2a: Great Tusk|Close Combat|p1a: Corviknight
|-damage|p1a: Corviknight|57/100
|-unboost|p2a: Great Tusk|def|1
|-unboost|p2a: Great Tusk|spd|1
|-damage|p2a: Great Tusk|67/100|[from] item: Rocky Helmet|[of] p1a: Corviknight
|-enditem|p2a: Great Tusk|Eject Pack
|
|t:|1760824616
|-end|p2a: Great Tusk|Protosynthesis|[silent]
|switch|p2a: Walking Wake|Walking Wake|100/100
|-activate|p2a: Walking Wake|ability: Protosynthesis
|-start|p2a: Walking Wake|protosynthesisspa
|move|p1a: Corviknight|Brave Bird|p2a: Walking Wake
|-damage|p2a: Walking Wake|62/100
|-damage|p1a: Corviknight|46/100|[from] Recoil
|
|-weather|SunnyDay|[upkeep]
|upkeep
|turn|6
|
|t:|1760824619
|switch|p1a: Tyranitar|Tyranitar, M|100/100
|-weather|Sandstorm|[from] ability: Sand Stream|[of] p1a: Tyranitar
|-end|p2a: Walking Wake|Protosynthesis
|move|p2a: Walking Wake|Hydro Steam|p1a: Tyranitar
|-supereffective|p1a: Tyranitar
|-damage|p1a: Tyranitar|42/100
|
|-weather|Sandstorm|[upkeep]
|-damage|p2a: Walking Wake|56/100|[from] Sandstorm
|-heal|p1a: Tyranitar|48/100|[from] item: Leftovers
|upkeep
|turn|7
|
|t:|1760824621
|switch|p1a: Rillaboom|Rillaboom, F|100/100
|-fieldstart|move: Grassy Terrain|[from] ability: Grassy Surge|[of] p1a: Rillaboom
|move|p2a: Walking Wake|Hydro Steam|p1a: Rillaboom
|-resisted|p1a: Rillaboom
|-damage|p1a: Rillaboom|53/100
|
|-weather|Sandstorm|[upkeep]
|-damage|p2a: Walking Wake|50/100|[from] Sandstorm
|-damage|p1a: Rillaboom|47/100|[from] Sandstorm
|-heal|p2a: Walking Wake|56/100|[from] Grassy Terrain
|-heal|p1a: Rillaboom|53/100|[from] Grassy Terrain
|upkeep
|turn|8
|
|t:|1760824636
|-end|p2a: Walking Wake|Protosynthesis|[silent]
|switch|p2a: Cresselia|Cresselia, F|77/100
|move|p1a: Rillaboom|U-turn|p2a: Cresselia
|-supereffective|p2a: Cresselia
|-damage|p2a: Cresselia|28/100
|
|t:|1760824644
|switch|p1a: Dragapult|Dragapult, F|68/100|[from] U-turn
|
|-weather|Sandstorm|[upkeep]
|-damage|p1a: Dragapult|62/100|[from] Sandstorm
|-damage|p2a: Cresselia|22/100|[from] Sandstorm
|-heal|p1a: Dragapult|68/100|[from] Grassy Terrain
|-heal|p1a: Dragapult|74/100|[from] item: Leftovers
|upkeep
|turn|9
|
|t:|1760824647
|move|p1a: Dragapult|Hex|p2a: Cresselia
|-supereffective|p2a: Cresselia
|-damage|p2a: Cresselia|0 fnt
|faint|p2a: Cresselia
|
|-weather|Sandstorm|[upkeep]
|-damage|p1a: Dragapult|68/100|[from] Sandstorm
|-heal|p1a: Dragapult|74/100|[from] Grassy Terrain
|-heal|p1a: Dragapult|80/100|[from] item: Leftovers
|upkeep
|
|t:|1760824650
|switch|p2a: Ninetales|Ninetales, M|47/100
|-weather|SunnyDay|[from] ability: Drought|[of] p2a: Ninetales
|turn|10
|
|t:|1760824653
|move|p1a: Dragapult|Dragon Darts|p2a: Ninetales
|-damage|p2a: Ninetales|20/100
|-anim|p1a: Dragapult|Dragon Darts|p2a: Ninetales
|-crit|p2a: Ninetales
|-damage|p2a: Ninetales|0 fnt
|faint|p2a: Ninetales
|
|-weather|SunnyDay|[upkeep]
|-heal|p1a: Dragapult|86/100|[from] Grassy Terrain
|-heal|p1a: Dragapult|93/100|[from] item: Leftovers
|upkeep
|
|t:|1760824662
|switch|p2a: Lilligant|Lilligant-Hisui, F|100/100
|turn|11
|
|t:|1760824665
|move|p2a: Lilligant|Victory Dance|p2a: Lilligant
|-boost|p2a: Lilligant|atk|1
|-boost|p2a: Lilligant|def|1
|-boost|p2a: Lilligant|spe|1
|move|p1a: Dragapult|Will-O-Wisp|p2a: Lilligant
|-status|p2a: Lilligant|brn
|
|-weather|SunnyDay|[upkeep]
|-heal|p1a: Dragapult|99/100|[from] Grassy Terrain
|-heal|p1a: Dragapult|100/100|[from] item: Leftovers
|-damage|p2a: Lilligant|94/100 brn|[from] brn
|-fieldend|move: Grassy Terrain
|upkeep
|turn|12
|-message|karakel forfeited.
|
|win|ajonymousnon
|raw|ajonymousnon's rating: 1590 &rarr; <strong>1610</strong><br />(+20 for winning)
|raw|karakel's rating: 1591 &rarr; <strong>1571</strong><br />(-20 for losing)
|l|☆ajonymousnon
|player|p1|
|l|☆karakel
|player|p2|
