|j|☆MewEnRage
|j|☆table_man_10293
|t:|1760804240
|gametype|singles
|player|p1|MewEnRage|pokemaniac|1437
|player|p2|table_man_10293|bruno-gen1rb|1450
|gen|9
|tier|[Gen 9] OU
|rated|
|rule|HP Percentage Mod: HP is shown in percentages
|rule|Endless Battle Clause: Forcing endless battles is banned
|rule|Species Clause: Limit one of each Pokémon
|rule|OHKO Clause: OHKO moves are banned
|rule|Evasion Items Clause: Evasion items are banned
|rule|Evasion Moves Clause: Evasion moves are banned
|rule|Evasion Abilities Clause: Evasion abilities are banned
|rule|Sleep Moves Clause: Sleep-inducing moves are banned
|clearpoke
|poke|p1|Oricorio, F|
|poke|p1|Landorus-Therian, M|
|poke|p1|Primarina, F|
|poke|p1|Great Tusk|
|poke|p1|Iron Crown|
|poke|p1|Staraptor, F|
|poke|p2|Ninetales, F|
|poke|p2|Raging Bolt|
|poke|p2|Hatterene, F|
|poke|p2|Walking Wake|
|poke|p2|Great Tusk|
|poke|p2|Scizor, F|
|teampreview
|
|t:|1760804255
|teamsize|p1|6
|teamsize|p2|6
|start
|switch|p1a: Staraptor|Staraptor, F|100/100
|switch|p2a: aurora veil setter|Ninetales, F, shiny|100/100
|-weather|SunnyDay|[from] ability: Drought|[of] p2a: aurora veil setter
|turn|1
|
|t:|1760804260
|move|p1a: Staraptor|Brave Bird|p2a: aurora veil setter
|-damage|p2a: aurora veil setter|0 fnt
|faint|p2a: aurora veil setter
|-damage|p1a: Staraptor|64/100|[from] Recoil
|
|-weather|SunnyDay|[upkeep]
|upkeep
|c|☆MewEnRage|gl hf
|c|☆table_man_10293|u2 :)
|
|t:|1760804275
|switch|p2a: Bob|Walking Wake|100/100
|-activate|p2a: Bob|ability: Protosynthesis
|-start|p2a: Bob|protosynthesisspe
|turn|2
|
|t:|1760804281
|switch|p1a: Primarina|Primarina, F|100/100
|-terastallize|p2a: Bob|Water
|move|p2a: Bob|Hydro Steam|p1a: Primarina
|-resisted|p1a: Primarina
|-damage|p1a: Primarina|65/100
|
|-weather|SunnyDay|[upkeep]
|upkeep
|turn|3
|
|t:|1760804291
|move|p2a: Bob|Hydro Steam|p1a: Primarina
|-resisted|p1a: Primarina
|-crit|p1a: Primarina
|-damage|p1a: Primarina|11/100
|move|p1a: Primarina|Moonblast|p2a: Bob
|-damage|p2a: Bob|36/100
|-unboost|p2a: Bob|spa|1
|
|-weather|SunnyDay|[upkeep]
|upkeep
|turn|4
|
|t:|1760804305
|move|p2a: Bob|Hydro Steam|p1a: Primarina
|-resisted|p1a: Primarina
|-damage|p1a: Primarina|0 fnt
|faint|p1a: Primarina
|
|-weather|SunnyDay|[upkeep]
|upkeep
|
|t:|1760804309
|switch|p1a: Iron Crown|Iron Crown|100/100
|turn|5
|
|t:|1760804314
|-end|p2a: Bob|Protosynthesis|[silent]
|switch|p2a: stronger than you|Great Tusk, shiny|100/100
|-activate|p2a: stronger than you|ability: Protosynthesis
|-start|p2a: stronger than you|protosynthesisatk
|move|p1a: Iron Crown|Volt Switch|p2a: stronger than you
|-immune|p2a: stronger than you
|
|-weather|SunnyDay|[upkeep]
|upkeep
|turn|6
|
|t:|1760804324
|move|p1a: Iron Crown|Tachyon Cutter|p2a: stronger than you
|-damage|p2a: stronger than you|59/100
|-damage|p2a: stronger than you|21/100
|-hitcount|p2a: stronger than you|2
|move|p2a: stronger than you|Ice Spinner|p1a: Iron Crown
|-resisted|p1a: Iron Crown
|-damage|p1a: Iron Crown|80/100
|
|-weather|SunnyDay|[upkeep]
|upkeep
|turn|7
|
|t:|1760804330
|move|p1a: Iron Crown|Tachyon Cutter|p2a: stronger than you
|-damage|p2a: stronger than you|0 fnt
|faint|p2a: stronger than you
|-end|p2a: stronger than you|Protosynthesis|[silent]
|-hitcount|p2: stronger than you|1
|
|-weather|SunnyDay|[upkeep]
|upkeep
|
|t:|1760804333
|switch|p2a: Bob|Walking Wake, tera:Water|36/100
|-activate|p2a: Bob|ability: Protosynthesis
|-start|p2a: Bob|protosynthesisspe
|turn|8
|
|t:|1760804338
|move|p2a: Bob|Hydro Steam|p1a: Iron Crown
|-damage|p1a: Iron Crown|0 fnt
|faint|p1a: Iron Crown
|-end|p1a: Iron Crown|Quark Drive|[silent]
|
|-weather|none
|-end|p2a: Bob|Protosynthesis
|upkeep
|
|t:|1760804348
|switch|p1a: Great Tusk|Great Tusk|100/100
|-enditem|p1a: Great Tusk|Booster Energy
|-activate|p1a: Great Tusk|ability: Protosynthesis|[fromitem]
|-start|p1a: Great Tusk|protosynthesisspe
|turn|9
|
|t:|1760804358
|-end|p2a: Bob|Protosynthesis|[silent]
|switch|p2a: HIM|Scizor, F|100/100
|move|p1a: Great Tusk|Headlong Rush|p2a: HIM
|-damage|p2a: HIM|42/100
|-unboost|p1a: Great Tusk|def|1
|-unboost|p1a: Great Tusk|spd|1
|
|upkeep
|turn|10
|
|t:|1760804363
|move|p2a: HIM|Bullet Punch|p1a: Great Tusk
|-damage|p1a: Great Tusk|53/100
|move|p1a: Great Tusk|Headlong Rush|p2a: HIM
|-damage|p2a: HIM|0 fnt
|-unboost|p1a: Great Tusk|def|1
|-unboost|p1a: Great Tusk|spd|1
|faint|p2a: HIM
|
|upkeep
|
|t:|1760804367
|switch|p2a: jamal|Hatterene, F|100/100
|turn|11
|
|t:|1760804379
|move|p1a: Great Tusk|Headlong Rush|p2a: jamal
|-damage|p2a: jamal|53/100
|-unboost|p1a: Great Tusk|def|1
|-unboost|p1a: Great Tusk|spd|1
|move|p2a: jamal|Draining Kiss|p1a: Great Tusk
|-supereffective|p1a: Great Tusk
|-damage|p1a: Great Tusk|0 fnt
|-heal|p2a: jamal|100/100|[from] drain|[of] p1a: Great Tusk
|faint|p1a: Great Tusk
|-end|p1a: Great Tusk|Protosynthesis|[silent]
|
|upkeep
|
|t:|1760804381
|switch|p1a: Oricorio|Oricorio, F|100/100
|turn|12
|
|t:|1760804387
|switch|p2a: FaRiGaRaIf?|Raging Bolt|100/100
|-enditem|p2a: FaRiGaRaIf?|Booster Energy
|-activate|p2a: FaRiGaRaIf?|ability: Protosynthesis|[fromitem]
|-start|p2a: FaRiGaRaIf?|protosynthesisspa
|move|p1a: Oricorio|Quiver Dance|p1a: Oricorio
|-boost|p1a: Oricorio|spa|1
|-boost|p1a: Oricorio|spd|1
|-boost|p1a: Oricorio|spe|1
|
|upkeep
|turn|13
|
|t:|1760804392
|-terastallize|p1a: Oricorio|Ground
|move|p1a: Oricorio|Revelation Dance|p2a: FaRiGaRaIf?
|-supereffective|p2a: FaRiGaRaIf?
|-damage|p2a: FaRiGaRaIf?|0 fnt
|faint|p2a: FaRiGaRaIf?
|-end|p2a: FaRiGaRaIf?|Protosynthesis|[silent]
|
|upkeep
|
|t:|1760804395
|switch|p2a: Bob|Walking Wake, tera:Water|36/100
|turn|14
|
|t:|1760804400
|move|p1a: Oricorio|Revelation Dance|p2a: Bob
|-damage|p2a: Bob|0 fnt
|faint|p2a: Bob
|-end|p2a: Bob|Protosynthesis|[silent]
|
|upkeep
|c|☆table_man_10293|gg
|c|☆MewEnRage|gg
|c|☆table_man_10293|is your staraptor scarfed?
|
|t:|1760804416
|switch|p2a: jamal|Hatterene, F|100/100
|turn|15
|
|t:|1760804419
|move|p1a: Oricorio|Revelation Dance|p2a: jamal
|-damage|p2a: jamal|39/100
|move|p2a: jamal|Psyshock|p1a: Oricorio
|-damage|p1a: Oricorio|41/100
|
|upkeep
|turn|16
|c|☆MewEnRage|nope band
|
|t:|1760804428
|move|p1a: Oricorio|Revelation Dance|p2a: jamal
|-damage|p2a: jamal|0 fnt
|faint|p2a: jamal
|
|win|MewEnRage
|raw|MewEnRage's rating: 1437 &rarr; <strong>1458</strong><br />(+21 for winning)
|raw|table_man_10293's rating: 1450 &rarr; <strong>1429</strong><br />(-21 for losing)
|c|☆table_man_10293|oh gg
|l|☆table_man_10293
|player|p2|
|c|☆MewEnRage|thanks gg too
|l|☆MewEnRage
|player|p1|
