|j|☆Spartan929
|j|☆Jeremie17
|t:|1760772201
|gametype|singles
|player|p1|Spartan929|hilbert|1144
|player|p2|Jeremie17|benga|1148
|gen|9
|tier|[Gen 9] OU
|rated|
|rule|HP Percentage Mod: HP is shown in percentages
|rule|Endless Battle Clause: Forcing endless battles is banned
|rule|Species Clause: Limit one of each Pokémon
|rule|OHKO Clause: OHKO moves are banned
|rule|Evasion Items Clause: Evasion items are banned
|rule|Evasion Moves Clause: Evasion moves are banned
|rule|Evasion Abilities Clause: Evasion abilities are banned
|rule|Sleep Moves Clause: Sleep-inducing moves are banned
|clearpoke
|poke|p1|Araquanid, M|
|poke|p1|Ceruledge, M|
|poke|p1|Hawlucha, M|
|poke|p1|Jolteon, M|
|poke|p1|Cryogonal|
|poke|p1|Flygon, M|
|poke|p2|Ribombee, F|
|poke|p2|Great Tusk|
|poke|p2|Enamorus, F|
|poke|p2|Greninja-*, M|
|poke|p2|Garchomp, M|
|poke|p2|Raging Bolt|
|teampreview
|inactive|Battle timer is ON: inactive players will automatically lose when time's up. (requested by Jeremie17)
|
|t:|1760772217
|teamsize|p1|6
|teamsize|p2|6
|start
|switch|p1a: Executioner|Jolteon, M|100/100
|switch|p2a: Garchomp|Garchomp, M|100/100
|turn|1
|
|t:|1760772221
|switch|p1a: Subzero|Cryogonal, shiny|100/100
|move|p2a: Garchomp|Earthquake|p1a: Subzero
|-immune|p1a: Subzero|[from] ability: Levitate
|
|upkeep
|turn|2
|
|t:|1760772225
|move|p1a: Subzero|Freeze-Dry|p2a: Garchomp
|-supereffective|p2a: Garchomp
|-damage|p2a: Garchomp|0 fnt
|faint|p2a: Garchomp
|
|upkeep
|
|t:|1760772230
|switch|p2a: S. pneumoniae|Enamorus, F|100/100
|turn|3
|
|t:|1760772233
|move|p2a: S. pneumoniae|Mystical Fire|p1a: Subzero
|-supereffective|p1a: Subzero
|-damage|p1a: Subzero|44/100
|-unboost|p1a: Subzero|spa|1
|move|p1a: Subzero|Freeze-Dry|p2a: S. pneumoniae
|-supereffective|p2a: S. pneumoniae
|-damage|p2a: S. pneumoniae|23/100
|
|upkeep
|turn|4
|
|t:|1760772241
|switch|p1a: Bubbelz|Araquanid, M|100/100
|move|p2a: S. pneumoniae|Mystical Fire|p1a: Bubbelz
|-damage|p1a: Bubbelz|90/100
|-unboost|p1a: Bubbelz|spa|1
|
|-heal|p1a: Bubbelz|96/100|[from] item: Leftovers
|upkeep
|turn|5
|
|t:|1760772246
|switch|p2a: S. scabei hominis|Ribombee, F|100/100
|move|p1a: Bubbelz|Sticky Web|p2a: S. scabei hominis
|-sidestart|p2: Jeremie17|move: Sticky Web
|
|-heal|p1a: Bubbelz|100/100|[from] item: Leftovers
|upkeep
|turn|6
|
|t:|1760772254
|move|p2a: S. scabei hominis|Sticky Web|p1a: Bubbelz
|-sidestart|p1: Spartan929|move: Sticky Web
|move|p1a: Bubbelz|Poison Jab|p2a: S. scabei hominis
|-supereffective|p2a: S. scabei hominis
|-damage|p2a: S. scabei hominis|35/100
|
|upkeep
|turn|7
|
|t:|1760772258
|move|p2a: S. scabei hominis|Moonblast|p1a: Bubbelz
|-damage|p1a: Bubbelz|72/100
|move|p1a: Bubbelz|Liquidation|p2a: S. scabei hominis
|-damage|p2a: S. scabei hominis|0 fnt
|faint|p2a: S. scabei hominis
|
|-heal|p1a: Bubbelz|78/100|[from] item: Leftovers
|upkeep
|
|t:|1760772262
|switch|p2a: S. pneumoniae|Enamorus, F|23/100
|turn|8
|
|t:|1760772265
|move|p2a: S. pneumoniae|Earth Power|p1a: Bubbelz
|-resisted|p1a: Bubbelz
|-damage|p1a: Bubbelz|65/100
|move|p1a: Bubbelz|Liquidation|p2a: S. pneumoniae
|-damage|p2a: S. pneumoniae|0 fnt
|faint|p2a: S. pneumoniae
|
|-heal|p1a: Bubbelz|71/100|[from] item: Leftovers
|upkeep
|
|t:|1760772270
|switch|p2a: Anisakis spp.|Raging Bolt|100/100
|-activate|p2a: Anisakis spp.|move: Sticky Web
|-unboost|p2a: Anisakis spp.|spe|1
|-enditem|p2a: Anisakis spp.|Booster Energy
|-activate|p2a: Anisakis spp.|ability: Protosynthesis|[fromitem]
|-start|p2a: Anisakis spp.|protosynthesisspa
|turn|9
|
|t:|1760772273
|switch|p1a: Texas|Flygon, M|100/100
|move|p2a: Anisakis spp.|Calm Mind|p2a: Anisakis spp.
|-boost|p2a: Anisakis spp.|spa|1
|-boost|p2a: Anisakis spp.|spd|1
|
|upkeep
|turn|10
|
|t:|1760772278
|-terastallize|p2a: Anisakis spp.|Fairy
|move|p1a: Texas|Dragon Claw|p2a: Anisakis spp.
|-immune|p2a: Anisakis spp.
|move|p2a: Anisakis spp.|Dragon Pulse|p1a: Texas
|-supereffective|p1a: Texas
|-damage|p1a: Texas|0 fnt
|faint|p1a: Texas
|
|upkeep
|
|t:|1760772286
|switch|p1a: Subzero|Cryogonal, shiny|44/100
|turn|11
|
|t:|1760772290
|move|p1a: Subzero|Flash Cannon|p2a: Anisakis spp.
|-supereffective|p2a: Anisakis spp.
|-damage|p2a: Anisakis spp.|62/100
|move|p2a: Anisakis spp.|Thunderbolt|p1a: Subzero
|-damage|p1a: Subzero|0 fnt
|faint|p1a: Subzero
|
|upkeep
|
|t:|1760772306
|switch|p1a: Arbiter|Ceruledge, M|100/100
|-activate|p1a: Arbiter|move: Sticky Web
|-unboost|p1a: Arbiter|spe|1
|turn|12
|
|t:|1760772311
|move|p1a: Arbiter|Poltergeist||[still]
|-fail|p1a: Arbiter
|move|p2a: Anisakis spp.|Thunderbolt|p1a: Arbiter
|-enditem|p1a: Arbiter|Focus Sash
|-damage|p1a: Arbiter|1/100
|
|upkeep
|turn|13
|
|t:|1760772315
|move|p2a: Anisakis spp.|Thunderclap|p1a: Arbiter
|-damage|p1a: Arbiter|0 fnt
|faint|p1a: Arbiter
|
|upkeep
|
|t:|1760772318
|switch|p1a: Executioner|Jolteon, M|100/100
|-activate|p1a: Executioner|move: Sticky Web
|-unboost|p1a: Executioner|spe|1
|turn|14
|
|t:|1760772323
|move|p1a: Executioner|Calm Mind|p1a: Executioner
|-boost|p1a: Executioner|spa|1
|-boost|p1a: Executioner|spd|1
|move|p2a: Anisakis spp.|Dragon Pulse|p1a: Executioner
|-damage|p1a: Executioner|10/100
|
|-status|p1a: Executioner|brn|[from] item: Flame Orb
|upkeep
|turn|15
|
|t:|1760772331
|move|p2a: Anisakis spp.|Thunderclap|p1a: Executioner
|-resisted|p1a: Executioner
|-damage|p1a: Executioner|0 fnt
|faint|p1a: Executioner
|
|upkeep
|
|t:|1760772334
|switch|p1a: Tacoboi|Hawlucha, M|100/100
|turn|16
|
|t:|1760772338
|-terastallize|p1a: Tacoboi|Fighting
|move|p1a: Tacoboi|Swords Dance|p1a: Tacoboi
|-boost|p1a: Tacoboi|atk|2
|move|p2a: Anisakis spp.|Thunderbolt|p1a: Tacoboi
|-damage|p1a: Tacoboi|0 fnt
|faint|p1a: Tacoboi
|
|upkeep
|
|t:|1760772342
|switch|p1a: Bubbelz|Araquanid, M|71/100
|-activate|p1a: Bubbelz|move: Sticky Web
|-unboost|p1a: Bubbelz|spe|1
|turn|17
|
|t:|1760772351
|move|p2a: Anisakis spp.|Thunderbolt|p1a: Bubbelz
|-supereffective|p1a: Bubbelz
|-damage|p1a: Bubbelz|0 fnt
|faint|p1a: Bubbelz
|
|win|Jeremie17
|raw|Spartan929's rating: 1144 &rarr; <strong>1119</strong><br />(-25 for losing)
|raw|Jeremie17's rating: 1148 &rarr; <strong>1173</strong><br />(+25 for winning)
|l|☆Spartan929
|player|p1|
|l|☆Jeremie17
|player|p2|
