|j|☆BorderofSeal
|j|☆sdor16
|t:|1760747559
|gametype|singles
|player|p1|BorderofSeal|169|1540
|player|p2|sdor16|101|1434
|gen|9
|tier|[Gen 9] OU
|rated|
|rule|HP Percentage Mod: HP is shown in percentages
|rule|Endless Battle Clause: Forcing endless battles is banned
|rule|Species Clause: Limit one of each Pokémon
|rule|OHKO Clause: OHKO moves are banned
|rule|Evasion Items Clause: Evasion items are banned
|rule|Evasion Moves Clause: Evasion moves are banned
|rule|Evasion Abilities Clause: Evasion abilities are banned
|rule|Sleep Moves Clause: Sleep-inducing moves are banned
|clearpoke
|poke|p1|Heatran, M|
|poke|p1|Ogerpon-Wellspring, F|
|poke|p1|Great Tusk|
|poke|p1|Kingambit, F|
|poke|p1|Tornadus-Therian, M|
|poke|p1|Slowking-Galar, F|
|poke|p2|Ting-Lu|
|poke|p2|Raging Bolt|
|poke|p2|Slowking-Galar, F|
|poke|p2|Weavile, F|
|poke|p2|Great Tusk|
|poke|p2|Gholdengo|
|teampreview
|inactive|Battle timer is ON: inactive players will automatically lose when time's up. (requested by BorderofSeal)
|
|t:|1760747567
|teamsize|p1|6
|teamsize|p2|6
|start
|switch|p1a: Tornadus|Tornadus-Therian, M|100/100
|switch|p2a: Ting-Lu|Ting-Lu|100/100
|-ability|p2a: Ting-Lu|Vessel of Ruin
|turn|1
|inactive|BorderofSeal has 120 seconds left.
|
|t:|1760747605
|move|p1a: Tornadus|Focus Blast|p2a: Ting-Lu|[miss]
|-miss|p1a: Tornadus|p2a: Ting-Lu
|move|p2a: Ting-Lu|Payback|p1a: Tornadus
|-damage|p1a: Tornadus|40/100
|
|upkeep
|turn|2
|inactive|BorderofSeal has 120 seconds left.
|inactive|sdor16 has 120 seconds left.
|
|t:|1760747637
|move|p1a: Tornadus|U-turn|p2a: Ting-Lu
|-supereffective|p2a: Ting-Lu
|-damage|p2a: Ting-Lu|83/100
|-enditem|p2a: Ting-Lu|Weakness Policy
|-boost|p2a: Ting-Lu|atk|2|[from] item: Weakness Policy
|-boost|p2a: Ting-Lu|spa|2|[from] item: Weakness Policy
|inactive|BorderofSeal has 120 seconds left.
|c|☆BorderofSeal|huh
|
|t:|1760747660
|switch|p1a: Great Tusk|Great Tusk|100/100|[from] U-turn
|move|p2a: Ting-Lu|Payback|p1a: Great Tusk
|-resisted|p1a: Great Tusk
|-damage|p1a: Great Tusk|84/100
|
|upkeep
|turn|3
|
|t:|1760747666
|move|p1a: Great Tusk|Headlong Rush|p2a: Ting-Lu
|-damage|p2a: Ting-Lu|51/100
|-unboost|p1a: Great Tusk|def|1
|-unboost|p1a: Great Tusk|spd|1
|move|p2a: Ting-Lu|Earthquake|p1a: Great Tusk
|-damage|p1a: Great Tusk|0 fnt
|faint|p1a: Great Tusk
|-end|p1a: Great Tusk|Protosynthesis|[silent]
|
|upkeep
|
|t:|1760747670
|switch|p1a: Heatran|Heatran, M|100/100
|turn|4
|inactive|sdor16 has 120 seconds left.
|
|t:|1760747696
|move|p1a: Heatran|Will-O-Wisp|p2a: Ting-Lu
|-status|p2a: Ting-Lu|brn
|move|p2a: Ting-Lu|Rest|p2a: Ting-Lu
|-status|p2a: Ting-Lu|slp|[from] move: Rest
|-heal|p2a: Ting-Lu|100/100 slp|[silent]
|
|upkeep
|turn|5
|inactive|BorderofSeal has 120 seconds left.
|
|t:|1760747722
|move|p1a: Heatran|Taunt|p2a: Ting-Lu
|-start|p2a: Ting-Lu|move: Taunt
|cant|p2a: Ting-Lu|slp
|cant|p2a: Ting-Lu|move: Taunt|Sleep Talk
|
|upkeep
|turn|6
|c|☆sdor16|sum different im trying
|
|t:|1760747730
|switch|p1a: Ogerpon|Ogerpon-Wellspring, F|100/100
|cant|p2a: Ting-Lu|slp
|
|upkeep
|turn|7
|
|t:|1760747733
|move|p1a: Ogerpon|Swords Dance|p1a: Ogerpon
|-boost|p1a: Ogerpon|atk|2
|-curestatus|p2a: Ting-Lu|slp|[msg]
|move|p2a: Ting-Lu|Payback|p1a: Ogerpon
|-damage|p1a: Ogerpon|0 fnt
|faint|p1a: Ogerpon
|
|-end|p2a: Ting-Lu|move: Taunt
|upkeep
|
|t:|1760747747
|switch|p1a: Heatran|Heatran, M|100/100
|turn|8
|
|t:|1760747750
|move|p1a: Heatran|Magma Storm|p2a: Ting-Lu
|-damage|p2a: Ting-Lu|76/100
|-activate|p2a: Ting-Lu|move: Magma Storm|[of] p1a: Heatran
|move|p2a: Ting-Lu|Earthquake|p1a: Heatran
|-supereffective|p1a: Heatran
|-crit|p1a: Heatran
|-damage|p1a: Heatran|0 fnt
|faint|p1a: Heatran
|
|-end|p2a: Ting-Lu|Magma Storm|[partiallytrapped]|[silent]
|upkeep
|
|t:|1760747760
|switch|p1a: Tornadus|Tornadus-Therian, M|73/100
|turn|9
|
|t:|1760747763
|move|p1a: Tornadus|Focus Blast|p2a: Ting-Lu
|-supereffective|p2a: Ting-Lu
|-damage|p2a: Ting-Lu|38/100
|move|p2a: Ting-Lu|Payback|p1a: Tornadus
|-damage|p1a: Tornadus|0 fnt
|faint|p1a: Tornadus
|
|upkeep
|
|t:|1760747769
|switch|p1a: Kingambit|Kingambit, F|100/100
|-activate|p1a: Kingambit|ability: Supreme Overlord
|-start|p1a: Kingambit|fallen4|[silent]
|turn|10
|
|t:|1760747773
|move|p1a: Kingambit|Iron Head|p2a: Ting-Lu
|-crit|p2a: Ting-Lu
|-damage|p2a: Ting-Lu|0 fnt
|faint|p2a: Ting-Lu
|
|upkeep
|
|t:|1760747780
|switch|p2a: Gholdengo|Gholdengo|100/100
|turn|11
|
|t:|1760747783
|move|p2a: Gholdengo|Trick|p1a: Kingambit
|-activate|p2a: Gholdengo|move: Trick|[of] p1a: Kingambit
|-item|p1a: Kingambit|Choice Scarf|[from] move: Trick
|-item|p2a: Gholdengo|Leftovers|[from] move: Trick
|move|p1a: Kingambit|Kowtow Cleave|p2a: Gholdengo
|-supereffective|p2a: Gholdengo
|-damage|p2a: Gholdengo|0 fnt
|faint|p2a: Gholdengo
|
|upkeep
|
|t:|1760747786
|switch|p2a: Great Tusk|Great Tusk|100/100
|turn|12
|
|t:|1760747791
|-end|p1a: Kingambit|fallen4|[silent]
|switch|p1a: Slowking|Slowking-Galar, F|100/100
|move|p2a: Great Tusk|Stealth Rock|p1a: Slowking
|-sidestart|p1: BorderofSeal|move: Stealth Rock
|
|upkeep
|turn|13
|
|t:|1760747807
|-end|p2a: Great Tusk|Protosynthesis|[silent]
|switch|p2a: Slowking|Slowking-Galar, F|100/100
|-prepare|p1a: Slowking|Chilly Reception|[premajor]
|move|p1a: Slowking|Chilly Reception|p1a: Slowking
|-weather|Snowscape
|
|t:|1760747831
|switch|p1a: Kingambit|Kingambit, F|100/100|[from] Chilly Reception
|-damage|p1a: Kingambit|94/100|[from] Stealth Rock
|-activate|p1a: Kingambit|ability: Supreme Overlord
|-start|p1a: Kingambit|fallen4|[silent]
|
|-weather|Snowscape|[upkeep]
|upkeep
|turn|14
|
|t:|1760747838
|move|p1a: Kingambit|Iron Head|p2a: Slowking
|-damage|p2a: Slowking|32/100
|move|p2a: Slowking|Thunder Wave|p1a: Kingambit
|-status|p1a: Kingambit|par
|
|-weather|Snowscape|[upkeep]
|upkeep
|turn|15
|
|t:|1760747843
|move|p1a: Kingambit|Iron Head|p2a: Slowking
|-damage|p2a: Slowking|0 fnt
|faint|p2a: Slowking
|
|-weather|Snowscape|[upkeep]
|upkeep
|
|t:|1760747854
|switch|p2a: Raging Bolt|Raging Bolt|100/100
|turn|16
|
|t:|1760747857
|-end|p1a: Kingambit|fallen4|[silent]
|switch|p1a: Slowking|Slowking-Galar, F|100/100
|move|p2a: Raging Bolt|Volt Switch|p1a: Slowking
|-damage|p1a: Slowking|72/100
|
|t:|1760747859
|-end|p2a: Raging Bolt|Protosynthesis|[silent]
|switch|p2a: Weavile|Weavile, F|100/100|[from] Volt Switch
|
|-weather|Snowscape|[upkeep]
|upkeep
|turn|17
|
|t:|1760747862
|move|p2a: Weavile|Triple Axel|p1a: Slowking
|-damage|p1a: Slowking|61/100
|-damage|p1a: Slowking|40/100
|-damage|p1a: Slowking|10/100
|-hitcount|p1a: Slowking|3
|move|p1a: Slowking|Thunder Wave|p2a: Weavile
|-status|p2a: Weavile|par
|
|-weather|none
|upkeep
|turn|18
|
|t:|1760747865
|switch|p1a: Kingambit|Kingambit, F|94/100 par
|-damage|p1a: Kingambit|88/100 par|[from] Stealth Rock
|-activate|p1a: Kingambit|ability: Supreme Overlord
|-start|p1a: Kingambit|fallen4|[silent]
|move|p2a: Weavile|Triple Axel|p1a: Kingambit
|-resisted|p1a: Kingambit
|-damage|p1a: Kingambit|83/100 par
|-resisted|p1a: Kingambit
|-damage|p1a: Kingambit|72/100 par
|-hitcount|p1a: Kingambit|2
|
|upkeep
|turn|19
|
|t:|1760747872
|switch|p2a: Raging Bolt|Raging Bolt|100/100
|move|p1a: Kingambit|Iron Head|p2a: Raging Bolt
|-resisted|p2a: Raging Bolt
|-damage|p2a: Raging Bolt|72/100
|
|upkeep
|turn|20
|
|t:|1760747875
|move|p2a: Raging Bolt|Volt Switch|p1a: Kingambit
|-crit|p1a: Kingambit
|-damage|p1a: Kingambit|17/100 par
|
|t:|1760747878
|-end|p2a: Raging Bolt|Protosynthesis|[silent]
|switch|p2a: Great Tusk|Great Tusk|100/100|[from] Volt Switch
|move|p1a: Kingambit|Iron Head|p2a: Great Tusk
|-damage|p2a: Great Tusk|56/100
|-damage|p1a: Kingambit|0 fnt|[from] item: Rocky Helmet|[of] p2a: Great Tusk
|faint|p1a: Kingambit
|-end|p1a: Kingambit|fallen4|[silent]
|
|upkeep
|
|t:|1760747881
|switch|p1a: Slowking|Slowking-Galar, F|43/100
|turn|21
|
|t:|1760747884
|move|p2a: Great Tusk|Knock Off|p1a: Slowking
|-supereffective|p1a: Slowking
|-damage|p1a: Slowking|4/100
|-enditem|p1a: Slowking|Heavy-Duty Boots|[from] move: Knock Off|[of] p2a: Great Tusk
|move|p1a: Slowking|Future Sight|p2a: Great Tusk
|-start|p1a: Slowking|move: Future Sight
|
|upkeep
|turn|22
|
|t:|1760747890
|move|p2a: Great Tusk|Knock Off|p1a: Slowking
|-supereffective|p1a: Slowking
|-damage|p1a: Slowking|0 fnt
|faint|p1a: Slowking
|
|win|sdor16
|raw|BorderofSeal's rating: 1540 &rarr; <strong>1514</strong><br />(-26 for losing)
|raw|sdor16's rating: 1434 &rarr; <strong>1460</strong><br />(+26 for winning)
|c|☆sdor16|gg
|l|☆BorderofSeal
|player|p1|
