|j|☆151htyrneh
|j|☆dia90
|t:|1760882550
|gametype|singles
|player|p1|151htyrneh|wallace|1714
|player|p2|dia90|169|1647
|gen|9
|tier|[Gen 9] OU
|rated|
|rule|HP Percentage Mod: HP is shown in percentages
|rule|Endless Battle Clause: Forcing endless battles is banned
|rule|Species Clause: Limit one of each Pokémon
|rule|OHKO Clause: OHKO moves are banned
|rule|Evasion Items Clause: Evasion items are banned
|rule|Evasion Moves Clause: Evasion moves are banned
|rule|Evasion Abilities Clause: Evasion abilities are banned
|rule|Sleep Moves Clause: Sleep-inducing moves are banned
|clearpoke
|poke|p1|Zapdos|
|poke|p1|Iron Valiant|
|poke|p1|Great Tusk|
|poke|p1|Alomomola, F|
|poke|p1|Slowking-Galar, M|
|poke|p1|Cinderace, M|
|poke|p2|Samurott-Hisui, F|
|poke|p2|Rillaboom, F|
|poke|p2|Gholdengo|
|poke|p2|Emboar, F|
|poke|p2|Dondozo, F|
|poke|p2|Iron Treads|
|teampreview
|inactive|Battle timer is ON: inactive players will automatically lose when time's up. (requested by 151htyrneh)
|
|t:|1760882566
|teamsize|p1|6
|teamsize|p2|6
|start
|switch|p1a: Zapdos|Zapdos|100/100
|switch|p2a: Rillaboom|Rillaboom, F|100/100
|-fieldstart|move: Grassy Terrain|[from] ability: Grassy Surge|[of] p2a: Rillaboom
|turn|1
|
|t:|1760882574
|move|p1a: Zapdos|Hurricane|p2a: Rillaboom
|-supereffective|p2a: Rillaboom
|-damage|p2a: Rillaboom|0 fnt
|faint|p2a: Rillaboom
|
|upkeep
|
|t:|1760882582
|switch|p2a: Samurott|Samurott-Hisui, F|100/100
|turn|2
|
|t:|1760882585
|move|p1a: Zapdos|Discharge|p2a: Samurott
|-supereffective|p2a: Samurott
|-damage|p2a: Samurott|16/100
|-status|p2a: Samurott|par
|move|p2a: Samurott|Razor Shell|p1a: Zapdos
|-damage|p1a: Zapdos|44/100
|-damage|p2a: Samurott|0 fnt|[from] item: Rocky Helmet|[of] p1a: Zapdos
|faint|p2a: Samurott
|
|upkeep
|
|t:|1760882594
|switch|p2a: Emboar|Emboar, F|100/100
|turn|3
|
|t:|1760882600
|move|p1a: Zapdos|Volt Switch|p2a: Emboar
|-crit|p2a: Emboar
|-damage|p2a: Emboar|53/100
|
|t:|1760882603
|switch|p1a: Cinderace|Cinderace, M|100/100|[from] Volt Switch
|move|p2a: Emboar|Bulk Up|p2a: Emboar
|-boost|p2a: Emboar|atk|1
|-boost|p2a: Emboar|def|1
|
|-heal|p2a: Emboar|59/100|[from] Grassy Terrain
|upkeep
|turn|4
|
|t:|1760882611
|move|p1a: Cinderace|U-turn|p2a: Emboar
|-resisted|p2a: Emboar
|-damage|p2a: Emboar|56/100
|
|t:|1760882612
|switch|p1a: Slowking|Slowking-Galar, M|100/100|[from] U-turn
|move|p2a: Emboar|Drain Punch|p1a: Slowking
|-resisted|p1a: Slowking
|-damage|p1a: Slowking|85/100
|-heal|p2a: Emboar|64/100|[from] drain|[of] p1a: Slowking
|-damage|p2a: Emboar|54/100|[from] item: Life Orb
|
|-heal|p2a: Emboar|60/100|[from] Grassy Terrain
|-heal|p1a: Slowking|91/100|[from] Grassy Terrain
|upkeep
|turn|5
|
|t:|1760882625
|move|p2a: Emboar|Flare Blitz|p1a: Slowking
|-damage|p1a: Slowking|0 fnt
|faint|p1a: Slowking
|-damage|p2a: Emboar|28/100|[from] Recoil
|-damage|p2a: Emboar|18/100|[from] item: Life Orb
|
|-heal|p2a: Emboar|24/100|[from] Grassy Terrain
|upkeep
|
|t:|1760882629
|switch|p1a: Great Tusk|Great Tusk|100/100
|turn|6
|
|t:|1760882635
|move|p1a: Great Tusk|Headlong Rush|p2a: Emboar
|-supereffective|p2a: Emboar
|-damage|p2a: Emboar|0 fnt
|-unboost|p1a: Great Tusk|def|1
|-unboost|p1a: Great Tusk|spd|1
|faint|p2a: Emboar
|
|upkeep
|-message|dia90 forfeited.
|
|win|151htyrneh
|raw|151htyrneh's rating: 1714 &rarr; <strong>1730</strong><br />(+16 for winning)
|raw|dia90's rating: 1647 &rarr; <strong>1631</strong><br />(-16 for losing)
|l|☆dia90
|player|p2|
|l|☆151htyrneh
|player|p1|
