|j|☆berryjuicejoy
|j|☆Monarith
|t:|1760850540
|gametype|singles
|player|p1|berryjuicejoy|karen-gen2|1185
|player|p2|Monarith|wicke|1224
|gen|9
|tier|[Gen 9] OU
|rated|
|rule|HP Percentage Mod: HP is shown in percentages
|rule|Endless Battle Clause: Forcing endless battles is banned
|rule|Species Clause: Limit one of each Pokémon
|rule|OHKO Clause: OHKO moves are banned
|rule|Evasion Items Clause: Evasion items are banned
|rule|Evasion Moves Clause: Evasion moves are banned
|rule|Evasion Abilities Clause: Evasion abilities are banned
|rule|Sleep Moves Clause: Sleep-inducing moves are banned
|clearpoke
|poke|p1|Darkrai|
|poke|p1|Pawmot, M|
|poke|p1|Zapdos|
|poke|p1|Hatterene, F|
|poke|p1|Dragapult, M|
|poke|p1|Corviknight, M|
|poke|p2|Eelektross, F|
|poke|p2|Dragapult, M|
|poke|p2|Hatterene, F|
|poke|p2|Iron Treads|
|poke|p2|Iron Moth|
|poke|p2|Ogerpon-Wellspring, F|
|teampreview
|
|t:|1760850565
|teamsize|p1|6
|teamsize|p2|6
|start
|switch|p1a: Zapdos|Zapdos|100/100
|switch|p2a: Dragapult|Dragapult, M|100/100
|turn|1
|inactive|Battle timer is ON: inactive players will automatically lose when time's up. (requested by berryjuicejoy)
|
|t:|1760850571
|move|p2a: Dragapult|Will-O-Wisp|p1a: Zapdos|[miss]
|-miss|p2a: Dragapult|p1a: Zapdos
|move|p1a: Zapdos|Thunder Wave|p2a: Dragapult
|-status|p2a: Dragapult|par
|
|upkeep
|turn|2
|
|t:|1760850575
|move|p1a: Zapdos|Volt Switch|p2a: Dragapult
|-resisted|p2a: Dragapult
|-damage|p2a: Dragapult|82/100 par
|
|t:|1760850578
|switch|p1a: Hatterene|Hatterene, F|100/100|[from] Volt Switch
|move|p2a: Dragapult|Will-O-Wisp|p1a: Hatterene
|move|p1a: Hatterene|Will-O-Wisp|p2a: Dragapult|[from] ability: Magic Bounce|[miss]
|-miss|p1a: Hatterene|p2a: Dragapult
|
|upkeep
|turn|3
|
|t:|1760850590
|switch|p2a: Iron Treads|Iron Treads|100/100
|move|p1a: Hatterene|Dazzling Gleam|p2a: Iron Treads
|-resisted|p2a: Iron Treads
|-damage|p2a: Iron Treads|76/100
|
|upkeep
|turn|4
|
|t:|1760850594
|-terastallize|p1a: Hatterene|Fire
|move|p2a: Iron Treads|Iron Head|p1a: Hatterene
|-resisted|p1a: Hatterene
|-damage|p1a: Hatterene|80/100
|move|p1a: Hatterene|Mystical Fire|p2a: Iron Treads
|-supereffective|p2a: Iron Treads
|-damage|p2a: Iron Treads|0 fnt
|faint|p2a: Iron Treads
|-end|p2a: Iron Treads|Quark Drive|[silent]
|
|upkeep
|
|t:|1760850602
|switch|p2a: Eelektross|Eelektross, F|100/100
|turn|5
|
|t:|1760850611
|move|p2a: Eelektross|Coil|p2a: Eelektross
|-boost|p2a: Eelektross|atk|1
|-boost|p2a: Eelektross|def|1
|-boost|p2a: Eelektross|accuracy|1
|move|p1a: Hatterene|Mystical Fire|p2a: Eelektross
|-damage|p2a: Eelektross|76/100
|-unboost|p2a: Eelektross|spa|1
|
|-heal|p2a: Eelektross|82/100|[from] item: Leftovers
|upkeep
|turn|6
|
|t:|1760850621
|switch|p1a: Dragapult|Dragapult, M|100/100
|move|p2a: Eelektross|Coil|p2a: Eelektross
|-boost|p2a: Eelektross|atk|1
|-boost|p2a: Eelektross|def|1
|-boost|p2a: Eelektross|accuracy|1
|
|-heal|p2a: Eelektross|88/100|[from] item: Leftovers
|upkeep
|turn|7
|
|t:|1760850632
|-terastallize|p2a: Eelektross|Poison
|move|p1a: Dragapult|Shadow Ball|p2a: Eelektross
|-damage|p2a: Eelektross|52/100
|-damage|p1a: Dragapult|91/100|[from] item: Life Orb
|move|p2a: Eelektross|Zap Cannon|p1a: Dragapult
|-resisted|p1a: Dragapult
|-damage|p1a: Dragapult|71/100
|-status|p1a: Dragapult|par
|
|-heal|p2a: Eelektross|58/100|[from] item: Leftovers
|upkeep
|turn|8
|
|t:|1760850643
|cant|p1a: Dragapult|par
|move|p2a: Eelektross|Knock Off|p1a: Dragapult
|-supereffective|p1a: Dragapult
|-damage|p1a: Dragapult|0 fnt
|-enditem|p1a: Dragapult|Life Orb|[from] move: Knock Off|[of] p2a: Eelektross
|faint|p1a: Dragapult
|
|-heal|p2a: Eelektross|64/100|[from] item: Leftovers
|upkeep
|
|t:|1760850657
|switch|p1a: Pawmot|Pawmot, M|100/100
|turn|9
|
|t:|1760850662
|move|p1a: Pawmot|Nuzzle|p2a: Eelektross
|-damage|p2a: Eelektross|59/100
|-status|p2a: Eelektross|par
|move|p2a: Eelektross|Drain Punch|p1a: Pawmot
|-damage|p1a: Pawmot|36/100
|-heal|p2a: Eelektross|83/100 par|[from] drain|[of] p1a: Pawmot
|
|-heal|p2a: Eelektross|89/100 par|[from] item: Leftovers
|upkeep
|turn|10
|
|t:|1760850686
|move|p1a: Pawmot|Revival Blessing|p1a: Pawmot
|
|t:|1760850687
|-heal|p1: Dragapult|50/100|[from] move: Revival Blessing
|cant|p2a: Eelektross|par
|
|-heal|p2a: Eelektross|95/100 par|[from] item: Leftovers
|upkeep
|turn|11
|
|t:|1760850697
|switch|p1a: Zapdos|Zapdos|100/100
|move|p2a: Eelektross|Knock Off|p1a: Zapdos
|-damage|p1a: Zapdos|44/100
|-enditem|p1a: Zapdos|Heavy-Duty Boots|[from] move: Knock Off|[of] p2a: Eelektross
|
|-heal|p2a: Eelektross|100/100 par|[from] item: Leftovers
|upkeep
|turn|12
|
|t:|1760850706
|move|p1a: Zapdos|Discharge|p2a: Eelektross
|-damage|p2a: Eelektross|71/100 par
|cant|p2a: Eelektross|par
|
|-heal|p2a: Eelektross|77/100 par|[from] item: Leftovers
|upkeep
|turn|13
|
|t:|1760850714
|move|p1a: Zapdos|Discharge|p2a: Eelektross
|-damage|p2a: Eelektross|47/100 par
|cant|p2a: Eelektross|par
|
|-heal|p2a: Eelektross|53/100 par|[from] item: Leftovers
|upkeep
|turn|14
|
|t:|1760850740
|move|p1a: Zapdos|Discharge|p2a: Eelektross
|-damage|p2a: Eelektross|23/100 par
|move|p2a: Eelektross|Drain Punch|p1a: Zapdos
|-resisted|p1a: Zapdos
|-damage|p1a: Zapdos|20/100
|-heal|p2a: Eelektross|34/100 par|[from] drain|[of] p1a: Zapdos
|
|-heal|p2a: Eelektross|40/100 par|[from] item: Leftovers
|upkeep
|turn|15
|
|t:|1760850745
|move|p1a: Zapdos|Discharge|p2a: Eelektross
|-damage|p2a: Eelektross|11/100 par
|cant|p2a: Eelektross|par
|
|-heal|p2a: Eelektross|17/100 par|[from] item: Leftovers
|upkeep
|turn|16
|
|t:|1760850748
|move|p1a: Zapdos|Discharge|p2a: Eelektross
|-damage|p2a: Eelektross|0 fnt
|faint|p2a: Eelektross
|
|upkeep
|-message|Monarith forfeited.
|
|win|berryjuicejoy
|raw|berryjuicejoy's rating: 1213 &rarr; <strong>1239</strong><br />(+26 for winning)
|raw|Monarith's rating: 1224 &rarr; <strong>1198</strong><br />(-26 for losing)
|l|☆Monarith
|player|p2|
|l|☆berryjuicejoy
|player|p1|
