|j|☆ineverhaxed
|j|☆Avl2121
|t:|1760807708
|gametype|singles
|player|p1|ineverhaxed|2|1371
|player|p2|Avl2121|dragontamer|1366
|gen|9
|tier|[Gen 9] OU
|rated|
|rule|HP Percentage Mod: HP is shown in percentages
|rule|Endless Battle Clause: Forcing endless battles is banned
|rule|Species Clause: Limit one of each Pokémon
|rule|OHKO Clause: OHKO moves are banned
|rule|Evasion Items Clause: Evasion items are banned
|rule|Evasion Moves Clause: Evasion moves are banned
|rule|Evasion Abilities Clause: Evasion abilities are banned
|rule|Sleep Moves Clause: Sleep-inducing moves are banned
|clearpoke
|poke|p1|Illumise, F|
|poke|p1|Cloyster, F|
|poke|p1|Blissey, F|
|poke|p1|Darkrai|
|poke|p1|Cinderace, F|
|poke|p1|Lokix, M|
|poke|p2|Garganacl, F|
|poke|p2|Blaziken, F|
|poke|p2|Landorus-Therian, M|
|poke|p2|Kyurem|
|poke|p2|Rotom-Wash|
|poke|p2|Meowscarada, M|
|teampreview
|inactive|Battle timer is ON: inactive players will automatically lose when time's up. (requested by Avl2121)
|
|t:|1760807712
|teamsize|p1|6
|teamsize|p2|6
|start
|switch|p1a: Darkrai|Darkrai|100/100
|switch|p2a: Meowscarada|Meowscarada, M|100/100
|turn|1
|
|t:|1760807715
|move|p2a: Meowscarada|U-turn|p1a: Darkrai
|-start|p2a: Meowscarada|typechange|Bug|[from] ability: Protean
|-supereffective|p1a: Darkrai
|-damage|p1a: Darkrai|19/100
|
|t:|1760807721
|switch|p2a: Rotom|Rotom-Wash|100/100|[from] U-turn
|move|p1a: Darkrai|Ice Beam|p2a: Rotom
|-resisted|p2a: Rotom
|-damage|p2a: Rotom|76/100
|
|upkeep
|turn|2
|
|t:|1760807724
|move|p1a: Darkrai|Ice Beam|p2a: Rotom
|-resisted|p2a: Rotom
|-damage|p2a: Rotom|52/100
|-status|p2a: Rotom|frz
|-curestatus|p2a: Rotom|frz|[msg]
|move|p2a: Rotom|Trick|p1a: Darkrai
|-activate|p2a: Rotom|move: Trick|[of] p1a: Darkrai
|-item|p1a: Darkrai|Choice Scarf|[from] move: Trick
|-item|p2a: Rotom|Choice Scarf|[from] move: Trick
|
|upkeep
|turn|3
|
|t:|1760807731
|move|p1a: Darkrai|Ice Beam|p2a: Rotom
|-resisted|p2a: Rotom
|-damage|p2a: Rotom|27/100
|move|p2a: Rotom|Volt Switch|p1a: Darkrai
|-damage|p1a: Darkrai|0 fnt
|faint|p1a: Darkrai
|
|t:|1760807734
|switch|p2a: Meowscarada|Meowscarada, M|100/100|[from] Volt Switch
|
|upkeep
|
|t:|1760807737
|switch|p1a: Lokix|Lokix, M|100/100
|turn|4
|
|t:|1760807744
|switch|p2a: Landorus|Landorus-Therian, M|100/100
|-ability|p2a: Landorus|Intimidate|boost
|-unboost|p1a: Lokix|atk|1
|move|p1a: Lokix|U-turn|p2a: Landorus
|-resisted|p2a: Landorus
|-damage|p2a: Landorus|75/100
|-damage|p1a: Lokix|84/100|[from] item: Rocky Helmet|[of] p2a: Landorus
|
|t:|1760807748
|switch|p1a: Cloyster|Cloyster, F|100/100|[from] U-turn
|
|upkeep
|turn|5
|
|t:|1760807753
|move|p1a: Cloyster|Ice Shard|p2a: Landorus
|-supereffective|p2a: Landorus
|-damage|p2a: Landorus|0 fnt
|faint|p2a: Landorus
|
|upkeep
|
|t:|1760807757
|switch|p2a: Meowscarada|Meowscarada, M|100/100
|turn|6
|
|t:|1760807764
|move|p2a: Meowscarada|Flower Trick|p1a: Cloyster
|-start|p2a: Meowscarada|typechange|Grass|[from] ability: Protean
|-supereffective|p1a: Cloyster
|-crit|p1a: Cloyster
|-damage|p1a: Cloyster|13/100
|move|p1a: Cloyster|Shell Smash|p1a: Cloyster
|-unboost|p1a: Cloyster|def|1
|-unboost|p1a: Cloyster|spd|1
|-boost|p1a: Cloyster|atk|2
|-boost|p1a: Cloyster|spa|2
|-boost|p1a: Cloyster|spe|2
|
|upkeep
|turn|7
|
|t:|1760807769
|move|p1a: Cloyster|Ice Shard|p2a: Meowscarada
|-supereffective|p2a: Meowscarada
|-damage|p2a: Meowscarada|0 fnt
|faint|p2a: Meowscarada
|
|upkeep
|
|t:|1760807774
|switch|p2a: Blaziken|Blaziken, F|100/100
|turn|8
|
|t:|1760807778
|move|p2a: Blaziken|Protect|p2a: Blaziken
|-singleturn|p2a: Blaziken|Protect
|move|p1a: Cloyster|Icicle Spear|p2a: Blaziken
|-activate|p2a: Blaziken|move: Protect
|
|-ability|p2a: Blaziken|Speed Boost|boost
|-boost|p2a: Blaziken|spe|1
|upkeep
|turn|9
|
|t:|1760807786
|move|p1a: Cloyster|Icicle Spear|p2a: Blaziken
|-resisted|p2a: Blaziken
|-damage|p2a: Blaziken|84/100
|-resisted|p2a: Blaziken
|-damage|p2a: Blaziken|67/100
|-resisted|p2a: Blaziken
|-damage|p2a: Blaziken|50/100
|-resisted|p2a: Blaziken
|-damage|p2a: Blaziken|33/100
|-resisted|p2a: Blaziken
|-damage|p2a: Blaziken|15/100
|-hitcount|p2a: Blaziken|5
|move|p2a: Blaziken|Swords Dance|p2a: Blaziken
|-boost|p2a: Blaziken|atk|2
|
|-heal|p2a: Blaziken|21/100|[from] item: Leftovers
|-ability|p2a: Blaziken|Speed Boost|boost
|-boost|p2a: Blaziken|spe|1
|upkeep
|turn|10
|
|t:|1760807789
|move|p2a: Blaziken|Protect|p2a: Blaziken
|-singleturn|p2a: Blaziken|Protect
|move|p1a: Cloyster|Ice Shard|p2a: Blaziken
|-activate|p2a: Blaziken|move: Protect
|
|-heal|p2a: Blaziken|27/100|[from] item: Leftovers
|-ability|p2a: Blaziken|Speed Boost|boost
|-boost|p2a: Blaziken|spe|1
|upkeep
|turn|11
|
|t:|1760807793
|move|p1a: Cloyster|Ice Shard|p2a: Blaziken
|-resisted|p2a: Blaziken
|-damage|p2a: Blaziken|0 fnt
|faint|p2a: Blaziken
|
|upkeep
|
|t:|1760807797
|switch|p2a: Kyurem|Kyurem|100/100
|-ability|p2a: Kyurem|Pressure
|turn|12
|
|t:|1760807799
|move|p1a: Cloyster|Icicle Spear|p2a: Kyurem
|-damage|p2a: Kyurem|80/100
|-damage|p2a: Kyurem|61/100
|-damage|p2a: Kyurem|43/100
|-damage|p2a: Kyurem|25/100
|-damage|p2a: Kyurem|6/100
|-hitcount|p2a: Kyurem|5
|move|p2a: Kyurem|Freeze-Dry|p1a: Cloyster
|-damage|p1a: Cloyster|0 fnt
|faint|p1a: Cloyster
|
|-heal|p2a: Kyurem|12/100|[from] item: Leftovers
|upkeep
|
|t:|1760807805
|switch|p1a: Lokix|Lokix, M|84/100
|turn|13
|
|t:|1760807808
|move|p2a: Kyurem|Protect|p2a: Kyurem
|-singleturn|p2a: Kyurem|Protect
|move|p1a: Lokix|First Impression|p2a: Kyurem
|-activate|p2a: Kyurem|move: Protect
|
|-heal|p2a: Kyurem|18/100|[from] item: Leftovers
|upkeep
|turn|14
|
|t:|1760807814
|switch|p2a: Garganacl|Garganacl, F|100/100
|move|p1a: Lokix|U-turn|p2a: Garganacl
|-damage|p2a: Garganacl|84/100
|
|t:|1760807817
|switch|p1a: Illumise|Illumise, F|100/100|[from] U-turn
|
|-heal|p2a: Garganacl|90/100|[from] item: Leftovers
|upkeep
|turn|15
|
|t:|1760807821
|move|p1a: Illumise|Infestation|p2a: Garganacl
|-damage|p2a: Garganacl|85/100
|-activate|p2a: Garganacl|move: Infestation|[of] p1a: Illumise
|move|p2a: Garganacl|Curse|p2a: Garganacl
|-unboost|p2a: Garganacl|spe|1
|-boost|p2a: Garganacl|atk|1
|-boost|p2a: Garganacl|def|1
|
|-heal|p2a: Garganacl|91/100|[from] item: Leftovers
|-damage|p2a: Garganacl|79/100|[from] move: Infestation|[partiallytrapped]
|upkeep
|turn|16
|
|t:|1760807824
|move|p1a: Illumise|Encore|p2a: Garganacl
|-start|p2a: Garganacl|Encore
|move|p2a: Garganacl|Curse|p2a: Garganacl
|-unboost|p2a: Garganacl|spe|1
|-boost|p2a: Garganacl|atk|1
|-boost|p2a: Garganacl|def|1
|
|-heal|p2a: Garganacl|85/100|[from] item: Leftovers
|-damage|p2a: Garganacl|73/100|[from] move: Infestation|[partiallytrapped]
|upkeep
|turn|17
|
|t:|1760807827
|move|p1a: Illumise|Mud-Slap|p2a: Garganacl
|-supereffective|p2a: Garganacl
|-damage|p2a: Garganacl|65/100
|-unboost|p2a: Garganacl|accuracy|1
|move|p2a: Garganacl|Curse|p2a: Garganacl
|-unboost|p2a: Garganacl|spe|1
|-boost|p2a: Garganacl|atk|1
|-boost|p2a: Garganacl|def|1
|
|-heal|p2a: Garganacl|71/100|[from] item: Leftovers
|-damage|p2a: Garganacl|59/100|[from] move: Infestation|[partiallytrapped]
|upkeep
|turn|18
|
|t:|1760807831
|move|p1a: Illumise|Mud-Slap|p2a: Garganacl
|-supereffective|p2a: Garganacl
|-damage|p2a: Garganacl|52/100
|-unboost|p2a: Garganacl|accuracy|1
|move|p2a: Garganacl|Curse|p2a: Garganacl
|-unboost|p2a: Garganacl|spe|1
|-boost|p2a: Garganacl|atk|1
|-boost|p2a: Garganacl|def|1
|
|-heal|p2a: Garganacl|58/100|[from] item: Leftovers
|-damage|p2a: Garganacl|46/100|[from] move: Infestation|[partiallytrapped]
|-end|p2a: Garganacl|Encore
|upkeep
|turn|19
|
|t:|1760807835
|move|p2a: Garganacl|Protect|p2a: Garganacl
|-singleturn|p2a: Garganacl|Protect
|move|p1a: Illumise|Encore|p2a: Garganacl
|-activate|p2a: Garganacl|move: Protect
|
|-heal|p2a: Garganacl|52/100|[from] item: Leftovers
|-damage|p2a: Garganacl|40/100|[from] move: Infestation|[partiallytrapped]
|upkeep
|turn|20
|
|t:|1760807839
|move|p1a: Illumise|Encore|p2a: Garganacl
|-start|p2a: Garganacl|Encore
|move|p2a: Garganacl|Protect||[still]
|-fail|p2a: Garganacl
|
|-heal|p2a: Garganacl|46/100|[from] item: Leftovers
|-end|p2a: Garganacl|Infestation|[partiallytrapped]
|upkeep
|turn|21
|
|t:|1760807842
|move|p2a: Garganacl|Protect|p2a: Garganacl
|-singleturn|p2a: Garganacl|Protect
|move|p1a: Illumise|Infestation|p2a: Garganacl
|-activate|p2a: Garganacl|move: Protect
|
|-heal|p2a: Garganacl|52/100|[from] item: Leftovers
|upkeep
|turn|22
|
|t:|1760807849
|switch|p2a: Rotom|Rotom-Wash|27/100
|move|p1a: Illumise|Infestation|p2a: Rotom
|-damage|p2a: Rotom|19/100
|-activate|p2a: Rotom|move: Infestation|[of] p1a: Illumise
|
|-damage|p2a: Rotom|6/100|[from] move: Infestation|[partiallytrapped]
|upkeep
|turn|23
|
|t:|1760807856
|switch|p1a: Lokix|Lokix, M|84/100
|move|p2a: Rotom|Thunder Wave|p1a: Lokix
|-status|p1a: Lokix|par
|
|-end|p2a: Rotom|Infestation|[partiallytrapped]|[silent]
|upkeep
|turn|24
|
|t:|1760807861
|switch|p2a: Garganacl|Garganacl, F|52/100
|cant|p1a: Lokix|par
|
|-heal|p2a: Garganacl|58/100|[from] item: Leftovers
|upkeep
|turn|25
|
|t:|1760807865
|move|p1a: Lokix|U-turn|p2a: Garganacl
|-damage|p2a: Garganacl|42/100
|
|t:|1760807868
|switch|p1a: Illumise|Illumise, F|100/100|[from] U-turn
|move|p2a: Garganacl|Salt Cure|p1a: Illumise
|-supereffective|p1a: Illumise
|-damage|p1a: Illumise|73/100
|-start|p1a: Illumise|Salt Cure
|
|-heal|p1a: Illumise|79/100|[from] item: Leftovers
|-heal|p2a: Garganacl|49/100|[from] item: Leftovers
|-damage|p1a: Illumise|67/100|[from] Salt Cure
|upkeep
|turn|26
|
|t:|1760807872
|move|p2a: Garganacl|Protect|p2a: Garganacl
|-singleturn|p2a: Garganacl|Protect
|move|p1a: Illumise|Encore|p2a: Garganacl
|-activate|p2a: Garganacl|move: Protect
|
|-heal|p1a: Illumise|73/100|[from] item: Leftovers
|-heal|p2a: Garganacl|55/100|[from] item: Leftovers
|-damage|p1a: Illumise|60/100|[from] Salt Cure
|upkeep
|turn|27
|-message|ineverhaxed forfeited.
|
|win|Avl2121
|raw|ineverhaxed's rating: 1371 &rarr; <strong>1351</strong><br />(-20 for losing)
|raw|Avl2121's rating: 1366 &rarr; <strong>1386</strong><br />(+20 for winning)
|l|☆ineverhaxed
|player|p1|
|l|☆Avl2121
|player|p2|
