|j|☆Jogeta On Youtube
|j|‽Scrafty.YN
|t:|1760790390
|gametype|singles
|player|p1|Jogeta On Youtube|2|1224
|player|p2|Scrafty.YN|hoopster|1226
|gen|9
|tier|[Gen 9] OU
|rated|
|rule|HP Percentage Mod: HP is shown in percentages
|rule|Endless Battle Clause: Forcing endless battles is banned
|rule|Species Clause: Limit one of each Pokémon
|rule|OHKO Clause: OHKO moves are banned
|rule|Evasion Items Clause: Evasion items are banned
|rule|Evasion Moves Clause: Evasion moves are banned
|rule|Evasion Abilities Clause: Evasion abilities are banned
|rule|Sleep Moves Clause: Sleep-inducing moves are banned
|clearpoke
|poke|p1|Mew|
|poke|p1|Frosmoth, F|
|poke|p1|Moltres|
|poke|p1|Keldeo-Resolute|
|poke|p1|Darkrai|
|poke|p1|Cinderace, F|
|poke|p2|Gholdengo|
|poke|p2|Clodsire, F|
|poke|p2|Skarmory, F|
|poke|p2|Hariyama, F|
|poke|p2|Darkrai|
|poke|p2|Gliscor, M|
|teampreview
|
|t:|1760790408
|teamsize|p1|6
|teamsize|p2|6
|start
|switch|p1a: Darkrai|Darkrai|100/100
|switch|p2a: Clodsire|Clodsire, F, shiny|100/100
|turn|1
|
|t:|1760790414
|-terastallize|p1a: Darkrai|Psychic
|move|p1a: Darkrai|Psyshock|p2a: Clodsire
|-supereffective|p2a: Clodsire
|-damage|p2a: Clodsire|0 fnt
|faint|p2a: Clodsire
|
|upkeep
|
|t:|1760790421
|switch|p2a: Darkrai|Darkrai|100/100
|turn|2
|
|t:|1760790426
|switch|p1a: Frosmoth|Frosmoth, F, shiny|100/100
|move|p2a: Darkrai|Dark Pulse|p1a: Frosmoth
|-damage|p1a: Frosmoth|78/100
|
|-heal|p1a: Frosmoth|84/100|[from] item: Leftovers
|upkeep
|turn|3
|
|t:|1760790438
|switch|p2a: Hariyama|Hariyama, F, shiny|100/100
|move|p1a: Frosmoth|Ice Beam|p2a: Hariyama
|-damage|p2a: Hariyama|90/100
|
|-heal|p1a: Frosmoth|90/100|[from] item: Leftovers
|upkeep
|turn|4
|
|t:|1760790445
|switch|p1a: Moltres|Moltres|100/100
|move|p2a: Hariyama|Drain Punch|p1a: Moltres
|-resisted|p1a: Moltres
|-damage|p1a: Moltres|89/100
|-heal|p2a: Hariyama|95/100|[from] drain|[of] p1a: Moltres
|
|upkeep
|turn|5
|
|t:|1760790461
|switch|p2a: Gliscor|Gliscor, M, shiny|100/100
|move|p1a: Moltres|Fire Spin|p2a: Gliscor|[miss]
|-miss|p1a: Moltres|p2a: Gliscor
|
|-status|p2a: Gliscor|tox|[from] item: Toxic Orb
|upkeep
|turn|6
|
|t:|1760790467
|move|p2a: Gliscor|Swords Dance|p2a: Gliscor
|-boost|p2a: Gliscor|atk|2
|move|p1a: Moltres|Fire Spin|p2a: Gliscor
|-damage|p2a: Gliscor|83/100 tox
|-activate|p2a: Gliscor|move: Fire Spin|[of] p1a: Moltres
|
|-heal|p2a: Gliscor|95/100 tox|[from] ability: Poison Heal
|-damage|p2a: Gliscor|83/100 tox|[from] move: Fire Spin|[partiallytrapped]
|upkeep
|turn|7
|
|t:|1760790473
|move|p2a: Gliscor|Swords Dance|p2a: Gliscor
|-boost|p2a: Gliscor|atk|2
|move|p1a: Moltres|Fire Spin|p2a: Gliscor
|-damage|p2a: Gliscor|65/100 tox
|
|-heal|p2a: Gliscor|77/100 tox|[from] ability: Poison Heal
|-damage|p2a: Gliscor|65/100 tox|[from] move: Fire Spin|[partiallytrapped]
|upkeep
|turn|8
|
|t:|1760790480
|move|p2a: Gliscor|Protect|p2a: Gliscor
|-singleturn|p2a: Gliscor|Protect
|move|p1a: Moltres|Fire Spin|p2a: Gliscor
|-activate|p2a: Gliscor|move: Protect
|
|-heal|p2a: Gliscor|77/100 tox|[from] ability: Poison Heal
|-damage|p2a: Gliscor|65/100 tox|[from] move: Fire Spin|[partiallytrapped]
|upkeep
|turn|9
|
|t:|1760790495
|move|p2a: Gliscor|Knock Off|p1a: Moltres
|-damage|p1a: Moltres|47/100
|-enditem|p1a: Moltres|Heavy-Duty Boots|[from] move: Knock Off|[of] p2a: Gliscor
|move|p1a: Moltres|Fire Spin|p2a: Gliscor|[miss]
|-miss|p1a: Moltres|p2a: Gliscor
|
|-heal|p2a: Gliscor|77/100 tox|[from] ability: Poison Heal
|-damage|p2a: Gliscor|65/100 tox|[from] move: Fire Spin|[partiallytrapped]
|upkeep
|turn|10
|
|t:|1760790500
|move|p2a: Gliscor|Knock Off|p1a: Moltres
|-damage|p1a: Moltres|19/100
|move|p1a: Moltres|Roost|p1a: Moltres
|-heal|p1a: Moltres|69/100
|-singleturn|p1a: Moltres|move: Roost
|
|-heal|p2a: Gliscor|77/100 tox|[from] ability: Poison Heal
|-end|p2a: Gliscor|Fire Spin|[partiallytrapped]
|upkeep
|turn|11
|
|t:|1760790506
|move|p2a: Gliscor|Protect|p2a: Gliscor
|-singleturn|p2a: Gliscor|Protect
|move|p1a: Moltres|Fire Spin|p2a: Gliscor
|-activate|p2a: Gliscor|move: Protect
|
|-heal|p2a: Gliscor|90/100 tox|[from] ability: Poison Heal
|upkeep
|turn|12
|
|t:|1760790513
|move|p2a: Gliscor|Swords Dance|p2a: Gliscor
|-boost|p2a: Gliscor|atk|2
|move|p1a: Moltres|Fire Spin|p2a: Gliscor
|-damage|p2a: Gliscor|73/100 tox
|-activate|p2a: Gliscor|move: Fire Spin|[of] p1a: Moltres
|
|-heal|p2a: Gliscor|85/100 tox|[from] ability: Poison Heal
|-damage|p2a: Gliscor|73/100 tox|[from] move: Fire Spin|[partiallytrapped]
|upkeep
|turn|13
|
|t:|1760790518
|move|p2a: Gliscor|Knock Off|p1a: Moltres
|-damage|p1a: Moltres|33/100
|move|p1a: Moltres|U-turn|p2a: Gliscor
|-resisted|p2a: Gliscor
|-damage|p2a: Gliscor|69/100 tox
|
|t:|1760790521
|switch|p1a: Mew|Mew, shiny|100/100|[from] U-turn
|
|-heal|p2a: Gliscor|81/100 tox|[from] ability: Poison Heal
|-end|p2a: Gliscor|Fire Spin|[partiallytrapped]|[silent]
|upkeep
|turn|14
|
|t:|1760790526
|move|p1a: Mew|Icicle Spear|p2a: Gliscor
|-supereffective|p2a: Gliscor
|-damage|p2a: Gliscor|62/100 tox
|-supereffective|p2a: Gliscor
|-damage|p2a: Gliscor|41/100 tox
|-supereffective|p2a: Gliscor
|-damage|p2a: Gliscor|20/100 tox
|-supereffective|p2a: Gliscor
|-damage|p2a: Gliscor|2/100 tox
|-hitcount|p2a: Gliscor|4
|move|p2a: Gliscor|Knock Off|p1a: Mew
|-supereffective|p1a: Mew
|-damage|p1a: Mew|0 fnt
|-enditem|p1a: Mew|Loaded Dice|[from] move: Knock Off|[of] p2a: Gliscor
|faint|p1a: Mew
|
|-heal|p2a: Gliscor|14/100 tox|[from] ability: Poison Heal
|upkeep
|
|t:|1760790544
|switch|p1a: Keldeo|Keldeo-Resolute|100/100
|turn|15
|
|t:|1760790547
|move|p2a: Gliscor|Protect|p2a: Gliscor
|-singleturn|p2a: Gliscor|Protect
|move|p1a: Keldeo|Muddy Water|p2a: Gliscor
|-activate|p2a: Gliscor|move: Protect
|
|-heal|p2a: Gliscor|27/100 tox|[from] ability: Poison Heal
|upkeep
|turn|16
|
|t:|1760790554
|switch|p2a: Hariyama|Hariyama, F, shiny|95/100
|move|p1a: Keldeo|Muddy Water|p2a: Hariyama
|-damage|p2a: Hariyama|64/100
|-unboost|p2a: Hariyama|accuracy|1
|-damage|p1a: Keldeo|91/100|[from] item: Life Orb
|
|upkeep
|turn|17
|
|t:|1760790561
|move|p1a: Keldeo|Muddy Water|p2a: Hariyama
|-damage|p2a: Hariyama|31/100
|-damage|p1a: Keldeo|81/100|[from] item: Life Orb
|move|p2a: Hariyama|Drain Punch|p1a: Keldeo
|-damage|p1a: Keldeo|38/100
|-heal|p2a: Hariyama|46/100|[from] drain|[of] p1a: Keldeo
|
|upkeep
|turn|18
|
|t:|1760790568
|move|p1a: Keldeo|Muddy Water|p2a: Hariyama
|-damage|p2a: Hariyama|17/100
|-damage|p1a: Keldeo|28/100|[from] item: Life Orb
|move|p2a: Hariyama|Drain Punch|p1a: Keldeo
|-damage|p1a: Keldeo|0 fnt
|-heal|p2a: Hariyama|26/100|[from] drain|[of] p1a: Keldeo
|faint|p1a: Keldeo
|
|upkeep
|
|t:|1760790577
|switch|p1a: Darkrai|Darkrai, tera:Psychic|100/100
|turn|19
|
|t:|1760790600
|switch|p2a: Gholdengo|Gholdengo|100/100
|-item|p2a: Gholdengo|Air Balloon
|move|p1a: Darkrai|Thunder|p2a: Gholdengo
|-damage|p2a: Gholdengo|59/100
|-status|p2a: Gholdengo|par
|-enditem|p2a: Gholdengo|Air Balloon
|
|upkeep
|turn|20
|
|t:|1760790613
|switch|p1a: Moltres|Moltres|33/100
|move|p2a: Gholdengo|Shadow Ball|p1a: Moltres
|-damage|p1a: Moltres|0 fnt
|faint|p1a: Moltres
|
|upkeep
|
|t:|1760790618
|switch|p1a: Frosmoth|Frosmoth, F, shiny|90/100
|turn|21
|
|t:|1760790622
|switch|p2a: Hariyama|Hariyama, F, shiny|26/100
|move|p1a: Frosmoth|Quiver Dance|p1a: Frosmoth
|-boost|p1a: Frosmoth|spa|1
|-boost|p1a: Frosmoth|spd|1
|-boost|p1a: Frosmoth|spe|1
|
|-heal|p1a: Frosmoth|96/100|[from] item: Leftovers
|upkeep
|turn|22
|
|t:|1760790664
|move|p1a: Frosmoth|Ice Beam|p2a: Hariyama
|-damage|p2a: Hariyama|11/100
|move|p2a: Hariyama|Drain Punch|p1a: Frosmoth
|-damage|p1a: Frosmoth|37/100
|-heal|p2a: Hariyama|28/100|[from] drain|[of] p1a: Frosmoth
|
|-heal|p1a: Frosmoth|43/100|[from] item: Leftovers
|upkeep
|turn|23
|
|t:|1760790672
|move|p1a: Frosmoth|Ice Beam|p2a: Hariyama
|-damage|p2a: Hariyama|14/100
|move|p2a: Hariyama|Drain Punch|p1a: Frosmoth
|-damage|p1a: Frosmoth|0 fnt
|-heal|p2a: Hariyama|27/100|[from] drain|[of] p1a: Frosmoth
|faint|p1a: Frosmoth
|
|upkeep
|
|t:|1760790680
|switch|p1a: Darkrai|Darkrai, tera:Psychic|100/100
|turn|24
|
|t:|1760790683
|move|p1a: Darkrai|Psyshock|p2a: Hariyama
|-supereffective|p2a: Hariyama
|-damage|p2a: Hariyama|0 fnt
|faint|p2a: Hariyama
|
|upkeep
|
|t:|1760790700
|switch|p2a: Gholdengo|Gholdengo|59/100 par
|turn|25
|
|t:|1760790706
|move|p1a: Darkrai|Psyshock|p2a: Gholdengo
|-resisted|p2a: Gholdengo
|-damage|p2a: Gholdengo|41/100 par
|move|p2a: Gholdengo|Shadow Ball|p1a: Darkrai
|-supereffective|p1a: Darkrai
|-damage|p1a: Darkrai|0 fnt
|faint|p1a: Darkrai
|
|upkeep
|-message|Jogeta On Youtube forfeited.
|
|win|Scrafty.YN
|raw|Jogeta On Youtube's rating: 1224 &rarr; <strong>1199</strong><br />(-25 for losing)
|raw|Scrafty.YN's rating: 1226 &rarr; <strong>1251</strong><br />(+25 for winning)
|l|☆Jogeta On Youtube
|player|p1|
|l|‽Scrafty.YN
|player|p2|
