|j|☆player jack
|j|☆Dogerunner
|t:|1760853840
|gametype|singles
|player|p1|player jack|roxie|1279
|player|p2|Dogerunner|101|1249
|gen|9
|tier|[Gen 9] OU
|rated|
|rule|HP Percentage Mod: HP is shown in percentages
|rule|Endless Battle Clause: Forcing endless battles is banned
|rule|Species Clause: Limit one of each Pokémon
|rule|OHKO Clause: OHKO moves are banned
|rule|Evasion Items Clause: Evasion items are banned
|rule|Evasion Moves Clause: Evasion moves are banned
|rule|Evasion Abilities Clause: Evasion abilities are banned
|rule|Sleep Moves Clause: Sleep-inducing moves are banned
|clearpoke
|poke|p1|Iron Treads|
|poke|p1|Rillaboom, F|
|poke|p1|Falinks|
|poke|p1|Landorus-Therian, M|
|poke|p1|Hatterene, F|
|poke|p1|Zoroark-Hisui, F|
|poke|p2|Hoopa-Unbound|
|poke|p2|Dondozo, F|
|poke|p2|Slowking-Galar, M|
|poke|p2|Heatran, F|
|poke|p2|Great Tusk|
|poke|p2|Weezing-Galar, M|
|teampreview
|inactive|Battle timer is ON: inactive players will automatically lose when time's up. (requested by player jack)
|
|t:|1760853870
|teamsize|p1|6
|teamsize|p2|6
|start
|switch|p1a: Landorus|Landorus-Therian, M, shiny|100/100
|switch|p2a: Weezing|Weezing-Galar, M|100/100
|-ability|p2a: Weezing|Neutralizing Gas
|-item|p2a: Weezing|Air Balloon
|turn|1
|
|t:|1760853880
|move|p1a: Landorus|U-turn|p2a: Weezing
|-resisted|p2a: Weezing
|-damage|p2a: Weezing|92/100
|-enditem|p2a: Weezing|Air Balloon
|
|t:|1760853884
|switch|p1a: Hatterene|Hatterene, F, shiny|100/100|[from] U-turn
|move|p2a: Weezing|Will-O-Wisp|p1a: Hatterene
|-status|p1a: Hatterene|brn
|
|-damage|p1a: Hatterene|95/100 brn|[from] brn
|upkeep
|turn|2
|
|t:|1760853890
|move|p2a: Weezing|Toxic Spikes|p1a: Hatterene
|-sidestart|p1: player jack|move: Toxic Spikes
|move|p1a: Hatterene|Psychic Noise|p2a: Weezing
|-supereffective|p2a: Weezing
|-damage|p2a: Weezing|0 fnt
|faint|p2a: Weezing
|-end|p2a: Weezing|ability: Neutralizing Gas
|
|-damage|p1a: Hatterene|89/100 brn|[from] brn
|upkeep
|
|t:|1760853894
|switch|p2a: Hoopa|Hoopa-Unbound|100/100
|turn|3
|
|t:|1760853903
|switch|p1a: Iron Treads|Iron Treads, shiny|100/100
|-enditem|p1a: Iron Treads|Booster Energy
|-activate|p1a: Iron Treads|ability: Quark Drive|[fromitem]
|-start|p1a: Iron Treads|quarkdrivespe
|move|p2a: Hoopa|Hyperspace Fury|p1a: Iron Treads
|-damage|p1a: Iron Treads|43/100
|-unboost|p2a: Hoopa|def|1
|-damage|p2a: Hoopa|91/100|[from] item: Life Orb
|
|upkeep
|turn|4
|
|t:|1760853917
|switch|p2a: Great Tusk|Great Tusk|100/100
|move|p1a: Iron Treads|Volt Switch|p2a: Great Tusk
|-immune|p2a: Great Tusk
|
|upkeep
|turn|5
|
|t:|1760853927
|-end|p1a: Iron Treads|Quark Drive|[silent]
|switch|p1a: Landorus|Landorus-Therian, M, shiny|100/100
|-ability|p1a: Landorus|Intimidate|boost
|-unboost|p2a: Great Tusk|atk|1
|move|p2a: Great Tusk|Earthquake|p1a: Landorus
|-immune|p1a: Landorus
|
|upkeep
|turn|6
|
|t:|1760853948
|-terastallize|p1a: Landorus|Flying
|move|p1a: Landorus|Tera Blast|p2a: Great Tusk|[anim] Tera Blast Flying
|-supereffective|p2a: Great Tusk
|-damage|p2a: Great Tusk|0 fnt
|faint|p2a: Great Tusk
|-end|p2a: Great Tusk|Protosynthesis|[silent]
|
|upkeep
|
|t:|1760853954
|switch|p2a: Dondozo|Dondozo, F|100/100
|turn|7
|
|t:|1760853960
|switch|p1a: Iron Treads|Iron Treads, shiny|43/100
|move|p2a: Dondozo|Liquidation|p1a: Iron Treads
|-supereffective|p1a: Iron Treads
|-damage|p1a: Iron Treads|0 fnt
|faint|p1a: Iron Treads
|-end|p1a: Iron Treads|Quark Drive|[silent]
|
|upkeep
|
|t:|1760853969
|switch|p1a: Landorus|Landorus-Therian, M, shiny|100/100
|-status|p1a: Landorus|psn
|-start|p1a: Landorus|typechange|Flying|[silent]
|turn|8
|
|t:|1760853975
|switch|p2a: Slowking|Slowking-Galar, M|100/100
|move|p1a: Landorus|Shadow Ball|p2a: Slowking
|-supereffective|p2a: Slowking
|-damage|p2a: Slowking|70/100
|
|-damage|p1a: Landorus|88/100 psn|[from] psn
|upkeep
|turn|9
|
|t:|1760853981
|move|p1a: Landorus|Shadow Ball|p2a: Slowking
|-supereffective|p2a: Slowking
|-damage|p2a: Slowking|39/100
|-unboost|p2a: Slowking|spd|1
|move|p2a: Slowking|Future Sight|p1a: Landorus
|-start|p2a: Slowking|move: Future Sight
|
|-damage|p1a: Landorus|76/100 psn|[from] psn
|upkeep
|turn|10
|
|t:|1760853988
|switch|p2a: Heatran|Heatran, F|100/100
|move|p1a: Landorus|Shadow Ball|p2a: Heatran
|-damage|p2a: Heatran|75/100
|
|-heal|p2a: Heatran|81/100|[from] item: Leftovers
|-damage|p1a: Landorus|64/100 psn|[from] psn
|upkeep
|turn|11
|
|t:|1760853993
|switch|p1a: Rillaboom|Rillaboom, F, shiny|100/100
|-status|p1a: Rillaboom|psn
|-fieldstart|move: Grassy Terrain|[from] ability: Grassy Surge|[of] p1a: Rillaboom
|move|p2a: Heatran|Magma Storm|p1a: Rillaboom
|-supereffective|p1a: Rillaboom
|-damage|p1a: Rillaboom|2/100 psn
|-activate|p1a: Rillaboom|move: Magma Storm|[of] p2a: Heatran
|
|-end|p1a: Rillaboom|move: Future Sight
|-damage|p1a: Rillaboom|0 fnt
|faint|p1a: Rillaboom
|-heal|p2a: Heatran|87/100|[from] Grassy Terrain
|-heal|p2a: Heatran|93/100|[from] item: Leftovers
|upkeep
|
|t:|1760853995
|switch|p1a: Falinks|Falinks, shiny|100/100
|-status|p1a: Falinks|psn
|turn|12
|
|t:|1760854000
|move|p1a: Falinks|High Horsepower|p2a: Heatran
|-supereffective|p2a: Heatran
|-damage|p2a: Heatran|0 fnt
|faint|p2a: Heatran
|
|-damage|p1a: Falinks|88/100 psn|[from] psn
|upkeep
|
|t:|1760854007
|switch|p2a: Hoopa|Hoopa-Unbound|91/100
|turn|13
|
|t:|1760854013
|switch|p1a: Landorus|Landorus-Therian, M, shiny|64/100 psn
|move|p2a: Hoopa|Psychic Noise|p1a: Landorus
|-damage|p1a: Landorus|0 fnt
|replace|p1a: Zoroark|Zoroark-Hisui, F, shiny
|-end|p1a: Zoroark|Illusion
|faint|p1a: Zoroark
|-damage|p2a: Hoopa|81/100|[from] item: Life Orb
|
|-heal|p2a: Hoopa|87/100|[from] Grassy Terrain
|upkeep
|
|t:|1760854015
|switch|p1a: Hatterene|Hatterene, F, shiny|89/100 brn
|turn|14
|
|t:|1760854021
|switch|p2a: Slowking|Slowking-Galar, M|72/100
|move|p1a: Hatterene|Draining Kiss|p2a: Slowking
|-resisted|p2a: Slowking
|-damage|p2a: Slowking|65/100
|-heal|p1a: Hatterene|95/100 brn|[from] drain|[of] p2a: Slowking
|
|-heal|p2a: Slowking|72/100|[from] Grassy Terrain
|-heal|p1a: Hatterene|100/100 brn|[from] Grassy Terrain
|-damage|p1a: Hatterene|95/100 brn|[from] brn
|upkeep
|turn|15
|
|t:|1760854038
|switch|p1a: Landorus|Landorus-Therian, M, shiny, tera:Flying|100/100
|-ability|p1a: Landorus|Intimidate|boost
|-unboost|p2a: Slowking|atk|1
|move|p2a: Slowking|Sludge Bomb|p1a: Landorus
|-damage|p1a: Landorus|53/100
|-status|p1a: Landorus|psn
|
|-heal|p2a: Slowking|78/100|[from] Grassy Terrain
|-damage|p1a: Landorus|41/100 psn|[from] psn
|upkeep
|turn|16
|
|t:|1760854043
|switch|p2a: Dondozo|Dondozo, F|100/100
|move|p1a: Landorus|Earthquake|p2a: Dondozo
|-damage|p2a: Dondozo|83/100
|
|-heal|p2a: Dondozo|89/100|[from] Grassy Terrain
|-heal|p2a: Dondozo|95/100|[from] item: Leftovers
|-damage|p1a: Landorus|28/100 psn|[from] psn
|upkeep
|turn|17
|
|t:|1760854050
|switch|p1a: Hatterene|Hatterene, F, shiny|95/100 brn
|move|p2a: Dondozo|Liquidation|p1a: Hatterene
|-damage|p1a: Hatterene|64/100 brn
|
|-heal|p2a: Dondozo|100/100|[from] Grassy Terrain
|-heal|p1a: Hatterene|70/100 brn|[from] Grassy Terrain
|-damage|p1a: Hatterene|64/100 brn|[from] brn
|upkeep
|turn|18
|
|t:|1760854055
|switch|p2a: Slowking|Slowking-Galar, M|100/100
|move|p1a: Hatterene|Draining Kiss|p2a: Slowking
|-resisted|p2a: Slowking
|-damage|p2a: Slowking|94/100
|-heal|p1a: Hatterene|71/100 brn|[from] drain|[of] p2a: Slowking
|
|-heal|p2a: Slowking|99/100|[from] Grassy Terrain
|-heal|p1a: Hatterene|77/100 brn|[from] Grassy Terrain
|-damage|p1a: Hatterene|71/100 brn|[from] brn
|-fieldend|move: Grassy Terrain
|upkeep
|turn|19
|
|t:|1760854060
|move|p2a: Slowking|Future Sight|p1a: Hatterene
|-start|p2a: Slowking|move: Future Sight
|move|p1a: Hatterene|Draining Kiss|p2a: Slowking
|-resisted|p2a: Slowking
|-damage|p2a: Slowking|93/100
|-heal|p1a: Hatterene|78/100 brn|[from] drain|[of] p2a: Slowking
|
|-damage|p1a: Hatterene|72/100 brn|[from] brn
|upkeep
|turn|20
|
|t:|1760854063
|move|p2a: Slowking|Sludge Bomb|p1a: Hatterene
|-supereffective|p1a: Hatterene
|-damage|p1a: Hatterene|15/100 brn
|move|p1a: Hatterene|Draining Kiss|p2a: Slowking
|-resisted|p2a: Slowking
|-damage|p2a: Slowking|86/100
|-heal|p1a: Hatterene|21/100 brn|[from] drain|[of] p2a: Slowking
|
|-damage|p1a: Hatterene|15/100 brn|[from] brn
|upkeep
|turn|21
|
|t:|1760854070
|move|p2a: Slowking|Future Sight||[still]
|-fail|p2a: Slowking
|move|p1a: Hatterene|Draining Kiss|p2a: Slowking
|-resisted|p2a: Slowking
|-damage|p2a: Slowking|78/100
|-heal|p1a: Hatterene|22/100 brn|[from] drain|[of] p2a: Slowking
|
|-end|p1a: Hatterene|move: Future Sight
|-resisted|p1a: Hatterene
|-damage|p1a: Hatterene|1/100 brn
|-damage|p1a: Hatterene|0 fnt|[from] brn
|faint|p1a: Hatterene
|upkeep
|
|t:|1760854072
|switch|p1a: Falinks|Falinks, shiny|88/100 psn
|turn|22
|
|t:|1760854075
|move|p1a: Falinks|Knock Off|p2a: Slowking
|-supereffective|p2a: Slowking
|-damage|p2a: Slowking|18/100
|-enditem|p2a: Slowking|Assault Vest|[from] move: Knock Off|[of] p1a: Falinks
|move|p2a: Slowking|Future Sight|p1a: Falinks
|-start|p2a: Slowking|move: Future Sight
|
|-heal|p1a: Falinks|94/100 psn|[from] item: Leftovers
|-damage|p1a: Falinks|82/100 psn|[from] psn
|upkeep
|turn|23
|
|t:|1760854081
|move|p1a: Falinks|High Horsepower|p2a: Slowking
|-supereffective|p2a: Slowking
|-damage|p2a: Slowking|0 fnt
|faint|p2a: Slowking
|
|-heal|p1a: Falinks|88/100 psn|[from] item: Leftovers
|-damage|p1a: Falinks|75/100 psn|[from] psn
|upkeep
|
|t:|1760854083
|switch|p2a: Dondozo|Dondozo, F|100/100
|turn|24
|
|t:|1760854086
|move|p1a: Falinks|Close Combat|p2a: Dondozo
|-damage|p2a: Dondozo|79/100
|-unboost|p1a: Falinks|def|1
|-unboost|p1a: Falinks|spd|1
|move|p2a: Dondozo|Curse|p2a: Dondozo
|-unboost|p2a: Dondozo|spe|1
|-boost|p2a: Dondozo|atk|1
|-boost|p2a: Dondozo|def|1
|
|-end|p1a: Falinks|move: Future Sight
|-supereffective|p1a: Falinks
|-damage|p1a: Falinks|0 fnt
|faint|p1a: Falinks
|-heal|p2a: Dondozo|85/100|[from] item: Leftovers
|upkeep
|
|t:|1760854091
|switch|p1a: Landorus|Landorus-Therian, M, shiny, tera:Flying|28/100 psn
|-ability|p1a: Landorus|Intimidate|boost
|-unboost|p2a: Dondozo|atk|1
|turn|25
|
|t:|1760854094
|move|p1a: Landorus|Tera Blast|p2a: Dondozo|[anim] Tera Blast Flying
|-damage|p2a: Dondozo|56/100
|move|p2a: Dondozo|Liquidation|p1a: Landorus
|-damage|p1a: Landorus|0 fnt
|faint|p1a: Landorus
|
|win|Dogerunner
|raw|player jack's rating: 1279 &rarr; <strong>1252</strong><br />(-27 for losing)
|raw|Dogerunner's rating: 1249 &rarr; <strong>1276</strong><br />(+27 for winning)
|l|☆Dogerunner
|player|p2|
|l|☆player jack
|player|p1|
