|j|☆axcen
|j|☆aeromystic
|t:|1760805037
|gametype|singles
|player|p1|axcen|palmer|1301
|player|p2|aeromystic|veteran|1316
|gen|9
|tier|[Gen 9] OU
|rated|
|rule|HP Percentage Mod: HP is shown in percentages
|rule|Endless Battle Clause: Forcing endless battles is banned
|rule|Species Clause: Limit one of each Pokémon
|rule|OHKO Clause: OHKO moves are banned
|rule|Evasion Items Clause: Evasion items are banned
|rule|Evasion Moves Clause: Evasion moves are banned
|rule|Evasion Abilities Clause: Evasion abilities are banned
|rule|Sleep Moves Clause: Sleep-inducing moves are banned
|clearpoke
|poke|p1|Arbok, M|
|poke|p1|Keldeo|
|poke|p1|Electrode-Hisui|
|poke|p1|Bombirdier, M|
|poke|p1|Lokix, F|
|poke|p1|Corviknight, F|
|poke|p2|Flygon, M|
|poke|p2|Sceptile, M|
|poke|p2|Bisharp, F|
|poke|p2|Umbreon, F|
|poke|p2|Iron Hands|
|poke|p2|Milotic, F|
|teampreview
|inactive|Battle timer is ON: inactive players will automatically lose when time's up. (requested by aeromystic)
|
|t:|1760805046
|teamsize|p1|6
|teamsize|p2|6
|start
|switch|p1a: Arbok|Arbok, M|100/100
|switch|p2a: Flygon|Flygon, M|100/100
|turn|1
|
|t:|1760805057
|-terastallize|p1a: Arbok|Flying
|move|p2a: Flygon|Earthquake|p1a: Arbok
|-immune|p1a: Arbok
|move|p1a: Arbok|Coil|p1a: Arbok
|-boost|p1a: Arbok|atk|1
|-boost|p1a: Arbok|def|1
|-boost|p1a: Arbok|accuracy|1
|
|upkeep
|turn|2
|
|t:|1760805071
|switch|p2a: Milotic|Milotic, F, shiny|100/100
|move|p1a: Arbok|Scale Shot|p2a: Milotic
|-damage|p2a: Milotic|88/100
|-damage|p2a: Milotic|76/100
|-damage|p2a: Milotic|64/100
|-damage|p2a: Milotic|51/100
|-damage|p2a: Milotic|39/100
|-hitcount|p2a: Milotic|5
|-unboost|p1a: Arbok|def|1
|-boost|p1a: Arbok|spe|1
|
|upkeep
|turn|3
|
|t:|1760805081
|switch|p2a: Bisharp|Bisharp, F|100/100
|move|p1a: Arbok|Scale Shot|p2a: Bisharp
|-resisted|p2a: Bisharp
|-damage|p2a: Bisharp|98/100
|-resisted|p2a: Bisharp
|-damage|p2a: Bisharp|95/100
|-resisted|p2a: Bisharp
|-crit|p2a: Bisharp
|-damage|p2a: Bisharp|90/100
|-resisted|p2a: Bisharp
|-damage|p2a: Bisharp|87/100
|-hitcount|p2a: Bisharp|4
|-unboost|p1a: Arbok|def|1
|-boost|p1a: Arbok|spe|1
|
|upkeep
|turn|4
|
|t:|1760805087
|move|p1a: Arbok|Coil|p1a: Arbok
|-boost|p1a: Arbok|atk|1
|-boost|p1a: Arbok|def|1
|-boost|p1a: Arbok|accuracy|1
|move|p2a: Bisharp|Iron Defense|p2a: Bisharp
|-boost|p2a: Bisharp|def|2
|
|upkeep
|turn|5
|
|t:|1760805094
|move|p1a: Arbok|Earthquake|p2a: Bisharp
|-supereffective|p2a: Bisharp
|-damage|p2a: Bisharp|55/100
|move|p2a: Bisharp|Iron Defense|p2a: Bisharp
|-boost|p2a: Bisharp|def|2
|
|upkeep
|turn|6
|
|t:|1760805098
|move|p1a: Arbok|Coil|p1a: Arbok
|-boost|p1a: Arbok|atk|1
|-boost|p1a: Arbok|def|1
|-boost|p1a: Arbok|accuracy|1
|move|p2a: Bisharp|Iron Defense|p2a: Bisharp
|-boost|p2a: Bisharp|def|2
|
|upkeep
|turn|7
|
|t:|1760805102
|move|p1a: Arbok|Coil|p1a: Arbok
|-boost|p1a: Arbok|atk|1
|-boost|p1a: Arbok|def|1
|-boost|p1a: Arbok|accuracy|1
|move|p2a: Bisharp|Metal Burst||[still]
|-fail|p2a: Bisharp
|
|upkeep
|turn|8
|
|t:|1760805110
|move|p1a: Arbok|Coil|p1a: Arbok
|-boost|p1a: Arbok|atk|1
|-boost|p1a: Arbok|def|1
|-boost|p1a: Arbok|accuracy|1
|move|p2a: Bisharp|Metal Burst||[still]
|-fail|p2a: Bisharp
|
|upkeep
|turn|9
|
|t:|1760805114
|move|p1a: Arbok|Coil|p1a: Arbok
|-boost|p1a: Arbok|atk|1
|-boost|p1a: Arbok|def|1
|-boost|p1a: Arbok|accuracy|1
|move|p2a: Bisharp|Metal Burst||[still]
|-fail|p2a: Bisharp
|
|upkeep
|turn|10
|
|t:|1760805118
|move|p1a: Arbok|Earthquake|p2a: Bisharp
|-supereffective|p2a: Bisharp
|-damage|p2a: Bisharp|23/100
|move|p2a: Bisharp|Metal Burst|p1a: Arbok
|-damage|p1a: Arbok|40/100
|
|upkeep
|turn|11
|
|t:|1760805132
|-terastallize|p2a: Bisharp|Flying
|move|p1a: Arbok|Earthquake|p2a: Bisharp
|-immune|p2a: Bisharp
|move|p2a: Bisharp|Low Kick|p1a: Arbok
|-resisted|p1a: Arbok
|-damage|p1a: Arbok|33/100
|
|upkeep
|turn|12
|
|t:|1760805135
|move|p1a: Arbok|Coil|p1a: Arbok
|-boost|p1a: Arbok|atk|0
|-boost|p1a: Arbok|def|1
|-boost|p1a: Arbok|accuracy|0
|move|p2a: Bisharp|Metal Burst||[still]
|-fail|p2a: Bisharp
|
|upkeep
|turn|13
|
|t:|1760805137
|move|p1a: Arbok|Coil|p1a: Arbok
|-boost|p1a: Arbok|atk|0
|-boost|p1a: Arbok|def|1
|-boost|p1a: Arbok|accuracy|0
|move|p2a: Bisharp|Metal Burst||[still]
|-fail|p2a: Bisharp
|
|upkeep
|turn|14
|
|t:|1760805141
|move|p1a: Arbok|Scale Shot|p2a: Bisharp
|-damage|p2a: Bisharp|19/100
|-damage|p2a: Bisharp|15/100
|-damage|p2a: Bisharp|12/100
|-damage|p2a: Bisharp|8/100
|-hitcount|p2a: Bisharp|4
|-unboost|p1a: Arbok|def|1
|-boost|p1a: Arbok|spe|1
|move|p2a: Bisharp|Metal Burst|p1a: Arbok
|-damage|p1a: Arbok|25/100
|
|upkeep
|turn|15
|
|t:|1760805166
|move|p1a: Arbok|Scale Shot|p2a: Bisharp
|-damage|p2a: Bisharp|3/100
|-damage|p2a: Bisharp|0 fnt
|faint|p2a: Bisharp
|-hitcount|p2: Bisharp|2
|-unboost|p1a: Arbok|def|1
|-boost|p1a: Arbok|spe|1
|
|upkeep
|
|t:|1760805168
|switch|p2a: Iron Hands|Iron Hands|100/100
|turn|16
|
|t:|1760805178
|move|p1a: Arbok|Earthquake|p2a: Iron Hands
|-supereffective|p2a: Iron Hands
|-damage|p2a: Iron Hands|0 fnt
|faint|p2a: Iron Hands
|-end|p2a: Iron Hands|Quark Drive|[silent]
|
|upkeep
|-message|aeromystic forfeited.
|
|win|axcen
|raw|axcen's rating: 1301 &rarr; <strong>1322</strong><br />(+21 for winning)
|raw|aeromystic's rating: 1316 &rarr; <strong>1295</strong><br />(-21 for losing)
|l|☆aeromystic
|player|p2|
|l|☆axcen
|player|p1|
