|j|☆Denshiz
|j|☆offhthezaa
|t:|1760815343
|gametype|singles
|player|p1|Denshiz|265|1000
|player|p2|offhthezaa|266|1000
|gen|9
|tier|[Gen 9] OU
|rated|
|rule|HP Percentage Mod: HP is shown in percentages
|rule|Endless Battle Clause: Forcing endless battles is banned
|rule|Species Clause: Limit one of each Pokémon
|rule|OHKO Clause: OHKO moves are banned
|rule|Evasion Items Clause: Evasion items are banned
|rule|Evasion Moves Clause: Evasion moves are banned
|rule|Evasion Abilities Clause: Evasion abilities are banned
|rule|Sleep Moves Clause: Sleep-inducing moves are banned
|clearpoke
|poke|p1|Raging Bolt|
|poke|p1|Gholdengo|
|poke|p1|Great Tusk|
|poke|p1|Alomomola, M|
|poke|p1|Dragonite, M|
|poke|p1|Garganacl, M|
|poke|p2|Clefable, M|
|poke|p2|Garganacl, M|
|poke|p2|Dragapult, F|
|poke|p2|Corviknight, M|
|poke|p2|Lokix, F|
|poke|p2|Iron Valiant|
|teampreview
|
|t:|1760815352
|teamsize|p1|6
|teamsize|p2|6
|start
|switch|p1a: Garganacl|Garganacl, M|100/100
|switch|p2a: Garganacl|Garganacl, M|100/100
|turn|1
|
|t:|1760815367
|move|p1a: Garganacl|Stealth Rock|p2a: Garganacl
|-sidestart|p2: offhthezaa|move: Stealth Rock
|move|p2a: Garganacl|Salt Cure|p1a: Garganacl
|-damage|p1a: Garganacl|91/100
|-start|p1a: Garganacl|Salt Cure
|
|-heal|p1a: Garganacl|97/100|[from] item: Leftovers
|-damage|p1a: Garganacl|85/100|[from] Salt Cure
|upkeep
|turn|2
|
|t:|1760815378
|move|p2a: Garganacl|Protect|p2a: Garganacl
|-singleturn|p2a: Garganacl|Protect
|move|p1a: Garganacl|Salt Cure|p2a: Garganacl
|-activate|p2a: Garganacl|move: Protect
|
|-heal|p1a: Garganacl|91/100|[from] item: Leftovers
|-damage|p1a: Garganacl|78/100|[from] Salt Cure
|upkeep
|turn|3
|
|t:|1760815393
|switch|p2a: Clefable|Clefable, M|100/100
|move|p1a: Garganacl|Salt Cure|p2a: Clefable
|-damage|p2a: Clefable|84/100
|-start|p2a: Clefable|Salt Cure
|
|-heal|p1a: Garganacl|85/100|[from] item: Leftovers
|-damage|p1a: Garganacl|72/100|[from] Salt Cure
|upkeep
|turn|4
|
|t:|1760815404
|move|p1a: Garganacl|Protect|p1a: Garganacl
|-singleturn|p1a: Garganacl|Protect
|move|p2a: Clefable|Calm Mind|p2a: Clefable
|-boost|p2a: Clefable|spa|1
|-boost|p2a: Clefable|spd|1
|
|-heal|p1a: Garganacl|78/100|[from] item: Leftovers
|-damage|p1a: Garganacl|66/100|[from] Salt Cure
|upkeep
|turn|5
|
|t:|1760815421
|move|p2a: Clefable|Calm Mind|p2a: Clefable
|-boost|p2a: Clefable|spa|1
|-boost|p2a: Clefable|spd|1
|move|p1a: Garganacl|Recover|p1a: Garganacl
|-heal|p1a: Garganacl|100/100
|
|-damage|p1a: Garganacl|88/100|[from] Salt Cure
|upkeep
|turn|6
|
|t:|1760815433
|switch|p1a: Raging Bolt|Raging Bolt|100/100
|move|p2a: Clefable|Calm Mind|p2a: Clefable
|-boost|p2a: Clefable|spa|1
|-boost|p2a: Clefable|spd|1
|
|upkeep
|turn|7
|
|t:|1760815441
|-terastallize|p1a: Raging Bolt|Dragon
|move|p1a: Raging Bolt|Draco Meteor|p2a: Clefable
|-immune|p2a: Clefable
|move|p2a: Clefable|Moonblast|p1a: Raging Bolt
|-supereffective|p1a: Raging Bolt
|-damage|p1a: Raging Bolt|0 fnt
|faint|p1a: Raging Bolt
|-end|p1a: Raging Bolt|Protosynthesis|[silent]
|
|upkeep
|-message|Denshiz forfeited.
|
|win|offhthezaa
|raw|Denshiz's rating: 1000 &rarr; <strong>1000</strong><br />(+0 for losing)
|raw|offhthezaa's rating: 1000 &rarr; <strong>1040</strong><br />(+40 for winning)
|l|☆Denshiz
|player|p1|
