|j|☆lalololole
|j|☆luizindn
|t:|1760765199
|gametype|singles
|player|p1|lalololole|unknownf|1088
|player|p2|luizindn|102|1138
|gen|9
|tier|[Gen 9] OU
|rated|
|rule|HP Percentage Mod: HP is shown in percentages
|rule|Endless Battle Clause: Forcing endless battles is banned
|rule|Species Clause: Limit one of each Pokémon
|rule|OHKO Clause: OHKO moves are banned
|rule|Evasion Items Clause: Evasion items are banned
|rule|Evasion Moves Clause: Evasion moves are banned
|rule|Evasion Abilities Clause: Evasion abilities are banned
|rule|Sleep Moves Clause: Sleep-inducing moves are banned
|clearpoke
|poke|p1|Clefable, M|
|poke|p1|Garchomp, F|
|poke|p1|Ceruledge, M|
|poke|p1|Empoleon, F|
|poke|p1|Froslass, F|
|poke|p1|Fezandipiti, M|
|poke|p2|Charizard, M|
|poke|p2|Dragapult, F|
|poke|p2|Iron Valiant|
|poke|p2|Rillaboom, M|
|poke|p2|Magnezone|
|poke|p2|Krookodile, F|
|teampreview
|inactive|Battle timer is ON: inactive players will automatically lose when time's up. (requested by luizindn)
|
|t:|1760765217
|teamsize|p1|6
|teamsize|p2|6
|start
|switch|p1a: Ceruledge|Ceruledge, M|100/100
|switch|p2a: Dragapult|Dragapult, F|100/100
|turn|1
|
|t:|1760765231
|switch|p2a: Krookodile|Krookodile, F|100/100
|move|p1a: Ceruledge|Shadow Claw|p2a: Krookodile
|-resisted|p2a: Krookodile
|-damage|p2a: Krookodile|80/100
|
|upkeep
|turn|2
|inactive|lalololole has 120 seconds left.
|
|t:|1760765280
|switch|p1a: Garchomp|Garchomp, F|100/100
|move|p2a: Krookodile|Crunch|p1a: Garchomp
|-damage|p1a: Garchomp|63/100
|-damage|p2a: Krookodile|67/100|[from] ability: Rough Skin|[of] p1a: Garchomp
|
|upkeep
|turn|3
|inactive|luizindn has 120 seconds left.
|
|t:|1760765339
|move|p1a: Garchomp|Earthquake|p2a: Krookodile
|-damage|p2a: Krookodile|2/100
|move|p2a: Krookodile|Scale Shot|p1a: Garchomp
|-supereffective|p1a: Garchomp
|-damage|p1a: Garchomp|46/100
|-supereffective|p1a: Garchomp
|-crit|p1a: Garchomp
|-damage|p1a: Garchomp|20/100
|-hitcount|p1a: Garchomp|2
|-unboost|p2a: Krookodile|def|1
|-boost|p2a: Krookodile|spe|1
|
|upkeep
|turn|4
|inactive|luizindn has 90 seconds left.
|inactive|lalololole has 90 seconds left.
|
|t:|1760765372
|move|p1a: Garchomp|Liquidation|p2a: Krookodile
|-supereffective|p2a: Krookodile
|-damage|p2a: Krookodile|0 fnt
|faint|p2a: Krookodile
|
|upkeep
|inactive|luizindn has 90 seconds left.
|
|t:|1760765382
|switch|p2a: Iron Valiant|Iron Valiant|100/100
|-enditem|p2a: Iron Valiant|Booster Energy
|-activate|p2a: Iron Valiant|ability: Quark Drive|[fromitem]
|-start|p2a: Iron Valiant|quarkdrivespe
|turn|5
|inactive|lalololole has 90 seconds left.
|
|t:|1760765394
|move|p2a: Iron Valiant|Swords Dance|p2a: Iron Valiant
|-boost|p2a: Iron Valiant|atk|2
|move|p1a: Garchomp|Iron Head|p2a: Iron Valiant
|-supereffective|p2a: Iron Valiant
|-damage|p2a: Iron Valiant|31/100
|
|upkeep
|turn|6
|
|t:|1760765403
|move|p2a: Iron Valiant|Spirit Break|p1a: Garchomp
|-supereffective|p1a: Garchomp
|-damage|p1a: Garchomp|0 fnt
|-damage|p2a: Iron Valiant|19/100|[from] ability: Rough Skin|[of] p1a: Garchomp
|faint|p1a: Garchomp
|
|upkeep
|inactive|lalololole has 90 seconds left.
|
|t:|1760765414
|switch|p1a: Ceruledge|Ceruledge, M|100/100
|turn|7
|
|t:|1760765418
|move|p1a: Ceruledge|Shadow Sneak|p2a: Iron Valiant
|-damage|p2a: Iron Valiant|0 fnt
|faint|p2a: Iron Valiant
|-end|p2a: Iron Valiant|Quark Drive|[silent]
|
|upkeep
|
|t:|1760765422
|switch|p2a: Charizard|Charizard, M|100/100
|turn|8
|
|t:|1760765433
|move|p2a: Charizard|Dragon Pulse|p1a: Ceruledge
|-damage|p1a: Ceruledge|67/100
|move|p1a: Ceruledge|Swords Dance|p1a: Ceruledge
|-boost|p1a: Ceruledge|atk|2
|
|upkeep
|turn|9
|
|t:|1760765442
|switch|p2a: Rillaboom|Rillaboom, M|100/100
|-fieldstart|move: Grassy Terrain|[from] ability: Grassy Surge|[of] p2a: Rillaboom
|-enditem|p2a: Rillaboom|Grassy Seed
|-boost|p2a: Rillaboom|def|1|[from] item: Grassy Seed
|move|p1a: Ceruledge|Bitter Blade|p2a: Rillaboom
|-supereffective|p2a: Rillaboom
|-damage|p2a: Rillaboom|0 fnt
|-heal|p1a: Ceruledge|100/100|[from] drain|[of] p2a: Rillaboom
|faint|p2a: Rillaboom
|
|upkeep
|
|t:|1760765444
|switch|p2a: Dragapult|Dragapult, F|100/100
|turn|10
|inactive|lalololole has 120 seconds left.
|
|t:|1760765456
|-terastallize|p2a: Dragapult|Poison
|move|p1a: Ceruledge|Shadow Sneak|p2a: Dragapult
|-damage|p2a: Dragapult|36/100
|move|p2a: Dragapult|Shadow Ball|p1a: Ceruledge
|-supereffective|p1a: Ceruledge
|-damage|p1a: Ceruledge|26/100
|-unboost|p1a: Ceruledge|spd|1
|
|-heal|p2a: Dragapult|42/100|[from] Grassy Terrain
|-heal|p1a: Ceruledge|32/100|[from] Grassy Terrain
|upkeep
|turn|11
|
|t:|1760765465
|move|p1a: Ceruledge|Shadow Sneak|p2a: Dragapult
|-damage|p2a: Dragapult|0 fnt
|faint|p2a: Dragapult
|
|-heal|p1a: Ceruledge|38/100|[from] Grassy Terrain
|upkeep
|
|t:|1760765468
|switch|p2a: Charizard|Charizard, M|100/100
|turn|12
|
|t:|1760765492
|move|p1a: Ceruledge|Shadow Sneak|p2a: Charizard
|-damage|p2a: Charizard|47/100
|move|p2a: Charizard|Hurricane|p1a: Ceruledge
|-damage|p1a: Ceruledge|0 fnt
|faint|p1a: Ceruledge
|
|upkeep
|inactive|lalololole has 120 seconds left.
|
|t:|1760765507
|switch|p1a: Empoleon|Empoleon, F|100/100
|-item|p1a: Empoleon|Air Balloon
|turn|13
|
|t:|1760765520
|move|p2a: Charizard|Hurricane|p1a: Empoleon
|-resisted|p1a: Empoleon
|-damage|p1a: Empoleon|74/100
|-start|p1a: Empoleon|confusion
|-enditem|p1a: Empoleon|Air Balloon
|-activate|p1a: Empoleon|confusion
|-damage|p1a: Empoleon|67/100|[from] confusion
|
|-heal|p1a: Empoleon|73/100|[from] Grassy Terrain
|-fieldend|move: Grassy Terrain
|upkeep
|turn|14
|
|t:|1760765535
|switch|p2a: Magnezone|Magnezone|100/100
|-activate|p1a: Empoleon|confusion
|move|p1a: Empoleon|Surf|p2a: Magnezone
|-damage|p2a: Magnezone|52/100
|
|-heal|p2a: Magnezone|58/100|[from] item: Leftovers
|upkeep
|turn|15
|
|t:|1760765546
|move|p2a: Magnezone|Thunderbolt|p1a: Empoleon
|-supereffective|p1a: Empoleon
|-damage|p1a: Empoleon|2/100
|-status|p1a: Empoleon|par
|-activate|p1a: Empoleon|confusion
|-damage|p1a: Empoleon|0 fnt|[from] confusion
|faint|p1a: Empoleon
|
|-heal|p2a: Magnezone|64/100|[from] item: Leftovers
|upkeep
|inactive|lalololole has 120 seconds left.
|
|t:|1760765562
|switch|p1a: Froslass|Froslass, F|100/100
|turn|16
|
|t:|1760765568
|move|p1a: Froslass|Will-O-Wisp|p2a: Magnezone
|-status|p2a: Magnezone|brn
|move|p2a: Magnezone|Volt Switch|p1a: Froslass
|-damage|p1a: Froslass|26/100
|
|t:|1760765574
|switch|p2a: Charizard|Charizard, M|47/100|[from] Volt Switch
|
|upkeep
|turn|17
|
|t:|1760765578
|move|p2a: Charizard|Flamethrower|p1a: Froslass
|-supereffective|p1a: Froslass
|-damage|p1a: Froslass|0 fnt
|faint|p1a: Froslass
|
|upkeep
|
|t:|1760765582
|switch|p1a: Clefable|Clefable, M|100/100
|turn|18
|
|t:|1760765585
|move|p2a: Charizard|Flamethrower|p1a: Clefable
|-damage|p1a: Clefable|58/100
|move|p1a: Clefable|Calm Mind|p1a: Clefable
|-boost|p1a: Clefable|spa|1
|-boost|p1a: Clefable|spd|1
|
|-heal|p1a: Clefable|64/100|[from] item: Leftovers
|upkeep
|turn|19
|
|t:|1760765606
|switch|p2a: Magnezone|Magnezone|64/100 brn
|move|p1a: Clefable|Moonlight|p1a: Clefable
|-heal|p1a: Clefable|100/100
|
|-heal|p2a: Magnezone|70/100 brn|[from] item: Leftovers
|-damage|p2a: Magnezone|64/100 brn|[from] brn
|upkeep
|turn|20
|
|t:|1760765618
|-terastallize|p1a: Clefable|Fire
|move|p1a: Clefable|Flamethrower|p2a: Magnezone
|-supereffective|p2a: Magnezone
|-damage|p2a: Magnezone|0 fnt
|faint|p2a: Magnezone
|
|upkeep
|
|t:|1760765620
|switch|p2a: Charizard|Charizard, M|47/100
|turn|21
|-message|luizindn forfeited.
|
|win|lalololole
|raw|lalololole's rating: 1088 &rarr; <strong>1119</strong><br />(+31 for winning)
|raw|luizindn's rating: 1138 &rarr; <strong>1109</strong><br />(-29 for losing)
|l|☆luizindn
|player|p2|
|l|☆lalololole
|player|p1|
