|j|☆Cameron 2007
|j|☆HZBKAI7
|t:|1760847853
|gametype|singles
|player|p1|Cameron 2007|265|1192
|player|p2|HZBKAI7|2|1160
|gen|9
|tier|[Gen 9] OU
|rated|
|rule|HP Percentage Mod: HP is shown in percentages
|rule|Endless Battle Clause: Forcing endless battles is banned
|rule|Species Clause: Limit one of each Pokémon
|rule|OHKO Clause: OHKO moves are banned
|rule|Evasion Items Clause: Evasion items are banned
|rule|Evasion Moves Clause: Evasion moves are banned
|rule|Evasion Abilities Clause: Evasion abilities are banned
|rule|Sleep Moves Clause: Sleep-inducing moves are banned
|clearpoke
|poke|p1|Kingambit, M|
|poke|p1|Slowking-Galar, F|
|poke|p1|Dragapult, F|
|poke|p1|Primarina, F|
|poke|p1|Kyurem|
|poke|p1|Great Tusk|
|poke|p2|Kingambit, F|
|poke|p2|Iron Treads|
|poke|p2|Necrozma|
|poke|p2|Pecharunt|
|poke|p2|Enamorus, F|
|poke|p2|Samurott-Hisui, F|
|teampreview
|
|t:|1760847867
|teamsize|p1|6
|teamsize|p2|6
|start
|switch|p1a: Dragapult|Dragapult, F, shiny|100/100
|switch|p2a: Iron Treads|Iron Treads|100/100
|turn|1
|
|t:|1760847877
|move|p1a: Dragapult|Shadow Ball|p2a: Iron Treads
|-damage|p2a: Iron Treads|48/100
|-unboost|p2a: Iron Treads|spd|1
|move|p2a: Iron Treads|Ice Spinner|p1a: Dragapult
|-supereffective|p1a: Dragapult
|-crit|p1a: Dragapult
|-damage|p1a: Dragapult|0 fnt
|faint|p1a: Dragapult
|
|upkeep
|
|t:|1760847886
|switch|p1a: Slowking|Slowking-Galar, F, shiny|100/100
|turn|2
|
|t:|1760847889
|move|p2a: Iron Treads|Earthquake|p1a: Slowking
|-supereffective|p1a: Slowking
|-enditem|p1a: Slowking|Shuca Berry|[eat]
|-enditem|p1a: Slowking|Shuca Berry|[weaken]
|-damage|p1a: Slowking|61/100
|move|p1a: Slowking|Ice Beam|p2a: Iron Treads
|-damage|p2a: Iron Treads|10/100
|
|upkeep
|turn|3
|
|t:|1760847899
|switch|p1a: Great Tusk|Great Tusk, shiny|100/100
|move|p2a: Iron Treads|Earthquake|p1a: Great Tusk
|-damage|p1a: Great Tusk|69/100
|
|upkeep
|turn|4
|
|t:|1760847903
|move|p2a: Iron Treads|Ice Spinner|p1a: Great Tusk
|-supereffective|p1a: Great Tusk
|-damage|p1a: Great Tusk|30/100
|move|p1a: Great Tusk|Rapid Spin|p2a: Iron Treads
|-resisted|p2a: Iron Treads
|-damage|p2a: Iron Treads|2/100
|-boost|p1a: Great Tusk|spe|1
|
|upkeep
|turn|5
|
|t:|1760847909
|move|p1a: Great Tusk|Ice Spinner|p2a: Iron Treads
|-damage|p2a: Iron Treads|0 fnt
|faint|p2a: Iron Treads
|-end|p2a: Iron Treads|Quark Drive|[silent]
|
|upkeep
|
|t:|1760847909
|switch|p2a: Necrozma|Necrozma, shiny|100/100
|turn|6
|
|t:|1760847913
|move|p1a: Great Tusk|Headlong Rush|p2a: Necrozma
|-damage|p2a: Necrozma|45/100
|-unboost|p1a: Great Tusk|def|1
|-unboost|p1a: Great Tusk|spd|1
|move|p2a: Necrozma|Photon Geyser|p1a: Great Tusk
|-supereffective|p1a: Great Tusk
|-damage|p1a: Great Tusk|0 fnt
|faint|p1a: Great Tusk
|-end|p1a: Great Tusk|Protosynthesis|[silent]
|
|upkeep
|c|☆Cameron 2007|Is my pokemon usin nerf swords?
|
|t:|1760847942
|switch|p1a: Kingambit|Kingambit, M, shiny|100/100
|-activate|p1a: Kingambit|ability: Supreme Overlord
|-start|p1a: Kingambit|fallen2|[silent]
|turn|7
|
|t:|1760847947
|move|p2a: Necrozma|Earth Power|p1a: Kingambit
|-supereffective|p1a: Kingambit
|-damage|p1a: Kingambit|39/100
|move|p1a: Kingambit|Kowtow Cleave|p2a: Necrozma
|-supereffective|p2a: Necrozma
|-enditem|p2a: Necrozma|Colbur Berry|[eat]
|-enditem|p2a: Necrozma|Colbur Berry|[weaken]
|-damage|p2a: Necrozma|8/100
|
|-heal|p1a: Kingambit|45/100|[from] item: Leftovers
|upkeep
|turn|8
|
|t:|1760847954
|move|p1a: Kingambit|Sucker Punch|p2a: Necrozma
|-supereffective|p2a: Necrozma
|-damage|p2a: Necrozma|0 fnt
|faint|p2a: Necrozma
|
|-heal|p1a: Kingambit|51/100|[from] item: Leftovers
|upkeep
|
|t:|1760847954
|switch|p2a: Enamorus|Enamorus, F, shiny|100/100
|turn|9
|
|t:|1760847959
|-end|p1a: Kingambit|fallen2|[silent]
|switch|p1a: Slowking|Slowking-Galar, F, shiny|94/100
|move|p2a: Enamorus|Earth Power|p1a: Slowking
|-supereffective|p1a: Slowking
|-damage|p1a: Slowking|34/100
|
|upkeep
|turn|10
|
|t:|1760847967
|-terastallize|p1a: Slowking|Water
|move|p2a: Enamorus|Earth Power|p1a: Slowking
|-damage|p1a: Slowking|5/100
|move|p1a: Slowking|Sludge Bomb|p2a: Enamorus
|-supereffective|p2a: Enamorus
|-damage|p2a: Enamorus|0 fnt
|faint|p2a: Enamorus
|
|upkeep
|
|t:|1760847967
|switch|p2a: Pecharunt|Pecharunt|100/100
|-item|p2a: Pecharunt|Air Balloon
|turn|11
|
|t:|1760847975
|switch|p1a: Kingambit|Kingambit, M, shiny|51/100
|-activate|p1a: Kingambit|ability: Supreme Overlord
|-start|p1a: Kingambit|fallen2|[silent]
|move|p2a: Pecharunt|Malignant Chain|p1a: Kingambit
|-immune|p1a: Kingambit
|
|-heal|p1a: Kingambit|57/100|[from] item: Leftovers
|upkeep
|turn|12
|
|t:|1760847984
|move|p2a: Pecharunt|Shadow Ball|p1a: Kingambit
|-resisted|p1a: Kingambit
|-damage|p1a: Kingambit|45/100
|-unboost|p1a: Kingambit|spd|1
|move|p1a: Kingambit|Stone Edge|p2a: Pecharunt
|-damage|p2a: Pecharunt|73/100
|-enditem|p2a: Pecharunt|Air Balloon
|
|-heal|p1a: Kingambit|51/100|[from] item: Leftovers
|upkeep
|turn|13
|
|t:|1760847992
|move|p1a: Kingambit|Sucker Punch|p2a: Pecharunt
|-supereffective|p2a: Pecharunt
|-damage|p2a: Pecharunt|12/100
|move|p2a: Pecharunt|Shadow Ball|p1a: Kingambit
|-resisted|p1a: Kingambit
|-damage|p1a: Kingambit|32/100
|
|-heal|p1a: Kingambit|38/100|[from] item: Leftovers
|upkeep
|turn|14
|
|t:|1760847997
|move|p2a: Pecharunt|Shadow Ball|p1a: Kingambit
|-resisted|p1a: Kingambit
|-damage|p1a: Kingambit|20/100
|move|p1a: Kingambit|Kowtow Cleave|p2a: Pecharunt
|-supereffective|p2a: Pecharunt
|-damage|p2a: Pecharunt|0 fnt
|faint|p2a: Pecharunt
|
|-heal|p1a: Kingambit|26/100|[from] item: Leftovers
|upkeep
|
|t:|1760847997
|switch|p2a: Samurott|Samurott-Hisui, F, shiny|100/100
|turn|15
|
|t:|1760848005
|-end|p1a: Kingambit|fallen2|[silent]
|switch|p1a: Primarina|Primarina, F, shiny|100/100
|move|p2a: Samurott|Razor Shell|p1a: Primarina
|-resisted|p1a: Primarina
|-damage|p1a: Primarina|53/100
|-unboost|p1a: Primarina|def|1
|
|-heal|p1a: Primarina|59/100|[from] item: Leftovers
|upkeep
|turn|16
|
|t:|1760848012
|move|p2a: Samurott|Razor Shell|p1a: Primarina
|-resisted|p1a: Primarina
|-damage|p1a: Primarina|0 fnt
|faint|p1a: Primarina
|
|upkeep
|
|t:|1760848015
|switch|p1a: Slowking|Slowking-Galar, F, shiny, tera:Water|38/100
|turn|17
|
|t:|1760848019
|move|p2a: Samurott|Razor Shell|p1a: Slowking
|-resisted|p1a: Slowking
|-damage|p1a: Slowking|6/100
|-unboost|p1a: Slowking|def|1
|move|p1a: Slowking|Sludge Bomb|p2a: Samurott
|-damage|p2a: Samurott|48/100
|
|upkeep
|turn|18
|
|t:|1760848027
|switch|p1a: Kingambit|Kingambit, M, shiny|26/100
|-activate|p1a: Kingambit|ability: Supreme Overlord
|-start|p1a: Kingambit|fallen3|[silent]
|move|p2a: Samurott|Razor Shell|p1a: Kingambit
|-damage|p1a: Kingambit|0 fnt
|faint|p1a: Kingambit
|-end|p1a: Kingambit|fallen3|[silent]
|
|upkeep
|
|t:|1760848034
|switch|p1a: Slowking|Slowking-Galar, F, shiny, tera:Water|39/100
|turn|19
|
|t:|1760848036
|move|p2a: Samurott|Razor Shell|p1a: Slowking
|-resisted|p1a: Slowking
|-damage|p1a: Slowking|4/100
|move|p1a: Slowking|Sludge Bomb|p2a: Samurott
|-damage|p2a: Samurott|0 fnt
|faint|p2a: Samurott
|
|upkeep
|
|t:|1760848036
|switch|p2a: Kingambit|Kingambit, F, shiny|100/100
|-activate|p2a: Kingambit|ability: Supreme Overlord
|-start|p2a: Kingambit|fallen5|[silent]
|turn|20
|
|t:|1760848047
|move|p2a: Kingambit|Kowtow Cleave|p1a: Slowking
|-damage|p1a: Slowking|0 fnt
|faint|p1a: Slowking
|
|upkeep
|
|t:|1760848049
|switch|p1a: Kyurem|Kyurem, shiny|100/100
|-ability|p1a: Kyurem|Pressure
|turn|21
|
|t:|1760848051
|move|p1a: Kyurem|Dragon Dance|p1a: Kyurem
|-boost|p1a: Kyurem|atk|1
|-boost|p1a: Kyurem|spe|1
|move|p2a: Kingambit|Iron Head|p1a: Kyurem
|-supereffective|p1a: Kyurem
|-damage|p1a: Kyurem|0 fnt
|faint|p1a: Kyurem
|
|win|HZBKAI7
|raw|Cameron 2007's rating: 1192 &rarr; <strong>1165</strong><br />(-27 for losing)
|raw|HZBKAI7's rating: 1160 &rarr; <strong>1187</strong><br />(+27 for winning)
|l|☆HZBKAI7
|player|p2|
|l|☆Cameron 2007
|player|p1|
