|j|☆Flothauvinho
|j|☆Bonsly Brian
|t:|1760872378
|gametype|singles
|player|p1|Flothauvinho|infielder|1265
|player|p2|Bonsly Brian|riley|1181
|gen|9
|tier|[Gen 9] OU
|rated|
|rule|HP Percentage Mod: HP is shown in percentages
|rule|Endless Battle Clause: Forcing endless battles is banned
|rule|Species Clause: Limit one of each Pokémon
|rule|OHKO Clause: OHKO moves are banned
|rule|Evasion Items Clause: Evasion items are banned
|rule|Evasion Moves Clause: Evasion moves are banned
|rule|Evasion Abilities Clause: Evasion abilities are banned
|rule|Sleep Moves Clause: Sleep-inducing moves are banned
|clearpoke
|poke|p1|Dragonite, M|
|poke|p1|Raging Bolt|
|poke|p1|Gliscor, M|
|poke|p1|Darkrai|
|poke|p1|Glimmora, M|
|poke|p1|Torterra, M|
|poke|p2|Bonsly, M|
|poke|p2|Dragonite, M|
|poke|p2|Iron Valiant|
|poke|p2|Dragapult, F|
|poke|p2|Kingambit, M|
|poke|p2|Great Tusk|
|teampreview
|inactive|Battle timer is ON: inactive players will automatically lose when time's up. (requested by Bonsly Brian)
|inactive|Flothauvinho also wants the timer to be on.
|
|t:|1760872389
|teamsize|p1|6
|teamsize|p2|6
|start
|switch|p1a: Torterra|Torterra, M|100/100
|switch|p2a: Great Tusk|Great Tusk|100/100
|-enditem|p2a: Great Tusk|Booster Energy
|-activate|p2a: Great Tusk|ability: Protosynthesis|[fromitem]
|-start|p2a: Great Tusk|protosynthesisatk
|turn|1
|
|t:|1760872403
|-terastallize|p1a: Torterra|Rock
|move|p2a: Great Tusk|Headlong Rush|p1a: Torterra
|-supereffective|p1a: Torterra
|-damage|p1a: Torterra|0 fnt
|-unboost|p2a: Great Tusk|def|1
|-unboost|p2a: Great Tusk|spd|1
|faint|p1a: Torterra
|
|upkeep
|
|t:|1760872411
|switch|p1a: Gliscor|Gliscor, M, shiny|100/100
|turn|2
|
|t:|1760872425
|-end|p2a: Great Tusk|Protosynthesis|[silent]
|switch|p2a: Dragapult|Dragapult, F|100/100
|move|p1a: Gliscor|Agility|p1a: Gliscor
|-boost|p1a: Gliscor|spe|2
|
|-status|p1a: Gliscor|tox|[from] item: Toxic Orb
|upkeep
|turn|3
|
|t:|1760872433
|move|p1a: Gliscor|Poison Jab|p2a: Dragapult
|-resisted|p2a: Dragapult
|-damage|p2a: Dragapult|84/100
|-status|p2a: Dragapult|psn
|move|p2a: Dragapult|Draco Meteor|p1a: Gliscor
|-damage|p1a: Gliscor|0 fnt
|-unboost|p2a: Dragapult|spa|2
|faint|p1a: Gliscor
|
|-damage|p2a: Dragapult|72/100 psn|[from] psn
|upkeep
|
|t:|1760872443
|switch|p1a: Glimmora|Glimmora, M|100/100
|turn|4
|
|t:|1760872446
|move|p2a: Dragapult|Draco Meteor|p1a: Glimmora
|-damage|p1a: Glimmora|53/100
|-unboost|p2a: Dragapult|spa|2
|move|p1a: Glimmora|Toxic||[still]
|-fail|p1a: Glimmora
|
|-heal|p1a: Glimmora|59/100|[from] item: Leftovers
|-damage|p2a: Dragapult|60/100 psn|[from] psn
|upkeep
|turn|5
|
|t:|1760872455
|switch|p2a: Kingambit|Kingambit, M|100/100
|move|p1a: Glimmora|Toxic|p2a: Kingambit
|-status|p2a: Kingambit|tox
|
|-heal|p1a: Glimmora|66/100|[from] item: Leftovers
|-damage|p2a: Kingambit|94/100 tox|[from] psn
|upkeep
|turn|6
|
|t:|1760872463
|move|p1a: Glimmora|Spiky Shield|p1a: Glimmora
|-singleturn|p1a: Glimmora|move: Protect
|move|p2a: Kingambit|Iron Head|p1a: Glimmora
|-activate|p1a: Glimmora|move: Protect
|-damage|p2a: Kingambit|82/100 tox|[from] Spiky Shield|[of] p1a: Glimmora
|
|-heal|p1a: Glimmora|72/100|[from] item: Leftovers
|-heal|p2a: Kingambit|88/100 tox|[from] item: Leftovers
|-damage|p2a: Kingambit|76/100 tox|[from] psn
|upkeep
|turn|7
|
|t:|1760872475
|switch|p1a: Darkrai|Darkrai, shiny|100/100
|move|p2a: Kingambit|Iron Head|p1a: Darkrai
|-damage|p1a: Darkrai|26/100
|
|-heal|p2a: Kingambit|82/100 tox|[from] item: Leftovers
|-damage|p2a: Kingambit|63/100 tox|[from] psn
|upkeep
|turn|8
|
|t:|1760872487
|move|p2a: Kingambit|Sucker Punch|p1a: Darkrai
|-resisted|p1a: Darkrai
|-damage|p1a: Darkrai|0 fnt
|faint|p1a: Darkrai
|
|-heal|p2a: Kingambit|70/100 tox|[from] item: Leftovers
|-damage|p2a: Kingambit|45/100 tox|[from] psn
|upkeep
|
|t:|1760872493
|switch|p1a: Glimmora|Glimmora, M|72/100
|turn|9
|
|t:|1760872500
|move|p1a: Glimmora|Toxic|p2a: Kingambit
|-fail|p2a: Kingambit|tox
|move|p2a: Kingambit|Iron Head|p1a: Glimmora
|-supereffective|p1a: Glimmora
|-damage|p1a: Glimmora|6/100
|
|-heal|p1a: Glimmora|13/100|[from] item: Leftovers
|-heal|p2a: Kingambit|51/100 tox|[from] item: Leftovers
|-damage|p2a: Kingambit|20/100 tox|[from] psn
|upkeep
|turn|10
|
|t:|1760872509
|move|p1a: Glimmora|Spiky Shield|p1a: Glimmora
|-singleturn|p1a: Glimmora|move: Protect
|move|p2a: Kingambit|Swords Dance|p2a: Kingambit
|-boost|p2a: Kingambit|atk|2
|
|-heal|p1a: Glimmora|19/100|[from] item: Leftovers
|-heal|p2a: Kingambit|26/100 tox|[from] item: Leftovers
|-damage|p2a: Kingambit|0 fnt|[from] psn
|faint|p2a: Kingambit
|-end|p2a: Kingambit|fallenundefined|[silent]
|upkeep
|
|t:|1760872515
|switch|p2a: Iron Valiant|Iron Valiant|100/100
|-enditem|p2a: Iron Valiant|Booster Energy
|-activate|p2a: Iron Valiant|ability: Quark Drive|[fromitem]
|-start|p2a: Iron Valiant|quarkdrivespe
|turn|11
|
|t:|1760872523
|move|p2a: Iron Valiant|Aura Sphere|p1a: Glimmora
|-damage|p1a: Glimmora|0 fnt
|faint|p1a: Glimmora
|
|upkeep
|
|t:|1760872529
|switch|p1a: Raging Bolt|Raging Bolt|100/100
|-enditem|p1a: Raging Bolt|Booster Energy
|-activate|p1a: Raging Bolt|ability: Protosynthesis|[fromitem]
|-start|p1a: Raging Bolt|protosynthesisspa
|turn|12
|
|t:|1760872537
|move|p2a: Iron Valiant|Moonblast|p1a: Raging Bolt
|-supereffective|p1a: Raging Bolt
|-damage|p1a: Raging Bolt|25/100
|move|p1a: Raging Bolt|Thunderbolt|p2a: Iron Valiant
|-damage|p2a: Iron Valiant|0 fnt
|faint|p2a: Iron Valiant
|-end|p2a: Iron Valiant|Quark Drive|[silent]
|
|upkeep
|
|t:|1760872545
|switch|p2a: Dragonite|Dragonite, M, shiny|100/100
|turn|13
|
|t:|1760872552
|-terastallize|p2a: Dragonite|Normal
|move|p2a: Dragonite|Dragon Dance|p2a: Dragonite
|-boost|p2a: Dragonite|atk|1
|-boost|p2a: Dragonite|spe|1
|move|p1a: Raging Bolt|Thunderbolt|p2a: Dragonite
|-damage|p2a: Dragonite|63/100
|
|upkeep
|turn|14
|
|t:|1760872561
|move|p2a: Dragonite|Extreme Speed|p1a: Raging Bolt
|-damage|p1a: Raging Bolt|0 fnt
|faint|p1a: Raging Bolt
|-end|p1a: Raging Bolt|Protosynthesis|[silent]
|
|upkeep
|-message|Flothauvinho forfeited.
|
|win|Bonsly Brian
|raw|Flothauvinho's rating: 1265 &rarr; <strong>1234</strong><br />(-31 for losing)
|raw|Bonsly Brian's rating: 1181 &rarr; <strong>1212</strong><br />(+31 for winning)
|l|☆Flothauvinho
|player|p1|
|l|☆Bonsly Brian
|player|p2|
