|j|☆EleaRosea
|j|☆IamLonny
|t:|1760878380
|gametype|singles
|player|p1|EleaRosea|harmony|1155
|player|p2|IamLonny|bruno|1153
|gen|9
|tier|[Gen 9] OU
|rated|
|rule|HP Percentage Mod: HP is shown in percentages
|rule|Endless Battle Clause: Forcing endless battles is banned
|rule|Species Clause: Limit one of each Pokémon
|rule|OHKO Clause: OHKO moves are banned
|rule|Evasion Items Clause: Evasion items are banned
|rule|Evasion Moves Clause: Evasion moves are banned
|rule|Evasion Abilities Clause: Evasion abilities are banned
|rule|Sleep Moves Clause: Sleep-inducing moves are banned
|clearpoke
|poke|p1|Ogerpon, F|
|poke|p1|Gliscor, M|
|poke|p1|Heatran, F|
|poke|p1|Walking Wake|
|poke|p1|Tornadus-Therian, M|
|poke|p1|Kingambit, M|
|poke|p2|Sandy Shocks|
|poke|p2|Conkeldurr, M|
|poke|p2|Dusclops, F|
|poke|p2|Scizor, F|
|poke|p2|Gyarados, M|
|poke|p2|Altaria, F|
|teampreview
|
|t:|1760878407
|teamsize|p1|6
|teamsize|p2|6
|start
|switch|p1a: Ogerpon|Ogerpon, F|100/100
|switch|p2a: Gyarados|Gyarados, M|100/100
|-ability|p2a: Gyarados|Intimidate|boost
|-unboost|p1a: Ogerpon|atk|1
|-ability|p1a: Ogerpon|Defiant|boost
|-boost|p1a: Ogerpon|atk|2
|turn|1
|
|t:|1760878424
|-terastallize|p1a: Ogerpon|Grass
|detailschange|p1a: Ogerpon|Ogerpon-Teal-Tera, F, tera:Grass
|-ability|p1a: Ogerpon|Embody Aspect (Teal)|boost
|-boost|p1a: Ogerpon|spe|1
|move|p1a: Ogerpon|Ivy Cudgel|p2a: Gyarados
|-crit|p2a: Gyarados
|-damage|p2a: Gyarados|0 fnt
|faint|p2a: Gyarados
|
|upkeep
|
|t:|1760878448
|switch|p2a: Conkeldurr|Conkeldurr, M|100/100
|turn|2
|
|t:|1760878453
|move|p1a: Ogerpon|U-turn|p2a: Conkeldurr
|-resisted|p2a: Conkeldurr
|-damage|p2a: Conkeldurr|86/100
|
|t:|1760878456
|switch|p1a: Tornadus|Tornadus-Therian, M|100/100|[from] U-turn
|move|p2a: Conkeldurr|Knock Off|p1a: Tornadus
|-damage|p1a: Tornadus|57/100
|-enditem|p1a: Tornadus|Heavy-Duty Boots|[from] move: Knock Off|[of] p2a: Conkeldurr
|
|-status|p2a: Conkeldurr|brn|[from] item: Flame Orb
|upkeep
|turn|3
|inactive|Battle timer is ON: inactive players will automatically lose when time's up. (requested by IamLonny)
|
|t:|1760878470
|switch|p2a: Dusclops|Dusclops, F|100/100
|-ability|p2a: Dusclops|Pressure
|move|p1a: Tornadus|Bleakwind Storm|p2a: Dusclops
|-damage|p2a: Dusclops|76/100
|-unboost|p2a: Dusclops|spe|1
|
|upkeep
|turn|4
|
|t:|1760878479
|move|p1a: Tornadus|Knock Off|p2a: Dusclops
|-supereffective|p2a: Dusclops
|-damage|p2a: Dusclops|50/100
|-enditem|p2a: Dusclops|Eviolite|[from] move: Knock Off|[of] p1a: Tornadus
|move|p2a: Dusclops|Night Shade|p1a: Tornadus
|-damage|p1a: Tornadus|29/100
|
|upkeep
|turn|5
|
|t:|1760878487
|move|p1a: Tornadus|U-turn|p2a: Dusclops
|-resisted|p2a: Dusclops
|-damage|p2a: Dusclops|43/100
|
|t:|1760878503
|switch|p1a: Ogerpon|Ogerpon-Teal-Tera, F, tera:Grass|100/100|[from] U-turn
|-ability|p1a: Ogerpon|Embody Aspect (Teal)|boost
|-boost|p1a: Ogerpon|spe|1
|move|p2a: Dusclops|Pain Split|p1a: Ogerpon
|-sethp|p1a: Ogerpon|66/100|[from] move: Pain Split|[silent]
|-sethp|p2a: Dusclops|89/100|[from] move: Pain Split
|
|upkeep
|turn|6
|
|t:|1760878512
|move|p1a: Ogerpon|Ivy Cudgel|p2a: Dusclops
|-crit|p2a: Dusclops
|-damage|p2a: Dusclops|0 fnt
|faint|p2a: Dusclops
|
|upkeep
|-message|IamLonny forfeited.
|
|win|EleaRosea
|raw|EleaRosea's rating: 1155 &rarr; <strong>1180</strong><br />(+25 for winning)
|raw|IamLonny's rating: 1153 &rarr; <strong>1128</strong><br />(-25 for losing)
|l|☆IamLonny
|player|p2|
