|j|☆Grand daddy palps
|j|☆Punta.7
|t:|1760849412
|gametype|singles
|player|p1|Grand daddy palps|1|1203
|player|p2|Punta.7|265|1179
|gen|9
|tier|[Gen 9] OU
|rated|
|rule|HP Percentage Mod: HP is shown in percentages
|rule|Endless Battle Clause: Forcing endless battles is banned
|rule|Species Clause: Limit one of each Pokémon
|rule|OHKO Clause: OHKO moves are banned
|rule|Evasion Items Clause: Evasion items are banned
|rule|Evasion Moves Clause: Evasion moves are banned
|rule|Evasion Abilities Clause: Evasion abilities are banned
|rule|Sleep Moves Clause: Sleep-inducing moves are banned
|clearpoke
|poke|p1|Tinkaton, F|
|poke|p1|Dondozo, F|
|poke|p1|Skeledirge, F|
|poke|p1|Kilowattrel, F|
|poke|p1|Glimmora, M|
|poke|p1|Great Tusk|
|poke|p2|Weavile, M|
|poke|p2|Ceruledge, M|
|poke|p2|Jirachi|
|poke|p2|Darkrai|
|poke|p2|Tatsugiri-Stretchy, M|
|poke|p2|Dragapult, M|
|teampreview
|
|t:|1760849437
|teamsize|p1|6
|teamsize|p2|6
|start
|switch|p1a: Glimmora|Glimmora, M|100/100
|switch|p2a: Tatsugiri|Tatsugiri-Stretchy, M|100/100
|-item|p1a: Glimmora|Air Balloon
|turn|1
|
|t:|1760849462
|switch|p1a: Dondozo|Dondozo, F|100/100
|move|p2a: Tatsugiri|Rapid Spin|p1a: Dondozo
|-damage|p1a: Dondozo|97/100
|-boost|p2a: Tatsugiri|spe|1
|
|-heal|p1a: Dondozo|100/100|[from] item: Leftovers
|upkeep
|turn|2
|
|t:|1760849483
|move|p2a: Tatsugiri|Draco Meteor|p1a: Dondozo
|-damage|p1a: Dondozo|49/100
|-unboost|p2a: Tatsugiri|spa|2
|move|p1a: Dondozo|Curse|p1a: Dondozo
|-unboost|p1a: Dondozo|spe|1
|-boost|p1a: Dondozo|atk|1
|-boost|p1a: Dondozo|def|1
|
|-heal|p1a: Dondozo|55/100|[from] item: Leftovers
|upkeep
|turn|3
|
|t:|1760849499
|switch|p2a: Dragapult|Dragapult, M|100/100
|move|p1a: Dondozo|Curse|p1a: Dondozo
|-unboost|p1a: Dondozo|spe|1
|-boost|p1a: Dondozo|atk|1
|-boost|p1a: Dondozo|def|1
|
|-heal|p1a: Dondozo|62/100|[from] item: Leftovers
|upkeep
|turn|4
|
|t:|1760849503
|move|p2a: Dragapult|Thunderbolt|p1a: Dondozo
|-supereffective|p1a: Dondozo
|-damage|p1a: Dondozo|16/100
|move|p1a: Dondozo|Wave Crash|p2a: Dragapult
|-resisted|p2a: Dragapult
|-damage|p2a: Dragapult|40/100
|-damage|p1a: Dondozo|3/100|[from] Recoil
|
|-heal|p1a: Dondozo|9/100|[from] item: Leftovers
|upkeep
|turn|5
|
|t:|1760849510
|move|p2a: Dragapult|Thunderbolt|p1a: Dondozo
|-supereffective|p1a: Dondozo
|-damage|p1a: Dondozo|0 fnt
|faint|p1a: Dondozo
|
|upkeep
|
|t:|1760849538
|switch|p1a: Tinkaton|Tinkaton, F|100/100
|-ability|p1a: Tinkaton|Mold Breaker
|turn|6
|
|t:|1760849549
|switch|p2a: Jirachi|Jirachi|100/100
|move|p1a: Tinkaton|Gigaton Hammer|p2a: Jirachi
|-resisted|p2a: Jirachi
|-damage|p2a: Jirachi|61/100
|
|-heal|p2a: Jirachi|67/100|[from] item: Leftovers
|upkeep
|turn|7
|
|t:|1760849554
|switch|p1a: Skeledirge|Skeledirge, F|100/100
|move|p2a: Jirachi|Wish|p2a: Jirachi
|
|-heal|p2a: Jirachi|73/100|[from] item: Leftovers
|upkeep
|turn|8
|
|t:|1760849571
|move|p2a: Jirachi|U-turn|p1a: Skeledirge
|-resisted|p1a: Skeledirge
|-damage|p1a: Skeledirge|98/100
|
|t:|1760849578
|switch|p2a: Dragapult|Dragapult, M|40/100|[from] U-turn
|move|p1a: Skeledirge|Torch Song|p2a: Dragapult
|-resisted|p2a: Dragapult
|-damage|p2a: Dragapult|19/100
|-boost|p1a: Skeledirge|spa|1
|
|-heal|p2a: Dragapult|83/100|[from] move: Wish|[wisher] Jirachi
|upkeep
|turn|9
|
|t:|1760849595
|-terastallize|p1a: Skeledirge|Water
|move|p2a: Dragapult|U-turn|p1a: Skeledirge
|-damage|p1a: Skeledirge|84/100
|
|t:|1760849612
|switch|p2a: Darkrai|Darkrai|100/100|[from] U-turn
|move|p1a: Skeledirge|Hex|p2a: Darkrai
|-resisted|p2a: Darkrai
|-damage|p2a: Darkrai|78/100
|
|upkeep
|turn|10
|
|t:|1760849631
|move|p2a: Darkrai|Dark Pulse|p1a: Skeledirge
|-damage|p1a: Skeledirge|35/100
|-damage|p2a: Darkrai|68/100|[from] item: Life Orb
|move|p1a: Skeledirge|Torch Song|p2a: Darkrai
|-damage|p2a: Darkrai|5/100
|-boost|p1a: Skeledirge|spa|1
|
|upkeep
|turn|11
|
|t:|1760849642
|move|p2a: Darkrai|Dark Pulse|p1a: Skeledirge
|-damage|p1a: Skeledirge|0 fnt
|faint|p1a: Skeledirge
|-damage|p2a: Darkrai|0 fnt|[from] item: Life Orb
|faint|p2a: Darkrai
|
|upkeep
|
|t:|1760849664
|switch|p2a: Jirachi|Jirachi|73/100
|switch|p1a: Glimmora|Glimmora, M|100/100
|-item|p1a: Glimmora|Air Balloon
|turn|12
|
|t:|1760849683
|move|p1a: Glimmora|Earth Power|p2a: Jirachi
|-supereffective|p2a: Jirachi
|-damage|p2a: Jirachi|31/100
|-unboost|p2a: Jirachi|spd|1
|move|p2a: Jirachi|Doom Desire|p1a: Glimmora
|-start|p2a: Jirachi|Doom Desire
|
|-heal|p2a: Jirachi|37/100|[from] item: Leftovers
|upkeep
|turn|13
|
|t:|1760849702
|move|p1a: Glimmora|Earth Power|p2a: Jirachi
|-supereffective|p2a: Jirachi
|-damage|p2a: Jirachi|0 fnt
|faint|p2a: Jirachi
|
|upkeep
|
|t:|1760849720
|switch|p2a: Tatsugiri|Tatsugiri-Stretchy, M|100/100
|turn|14
|
|t:|1760849737
|move|p1a: Glimmora|Sludge Wave|p2a: Tatsugiri
|-damage|p2a: Tatsugiri|34/100
|move|p2a: Tatsugiri|Rapid Spin|p1a: Glimmora
|-resisted|p1a: Glimmora
|-damage|p1a: Glimmora|97/100
|-boost|p2a: Tatsugiri|spe|1
|-activate|p1a: Glimmora|ability: Toxic Debris
|-sidestart|p2: Punta.7|move: Toxic Spikes
|-enditem|p1a: Glimmora|Air Balloon
|-sideend|p2: Punta.7|Toxic Spikes|[from] move: Rapid Spin|[of] p2a: Tatsugiri
|
|-end|p1a: Glimmora|move: Doom Desire
|-supereffective|p1a: Glimmora
|-damage|p1a: Glimmora|0 fnt
|faint|p1a: Glimmora
|upkeep
|
|t:|1760849749
|switch|p1a: Tinkaton|Tinkaton, F|100/100
|-ability|p1a: Tinkaton|Mold Breaker
|turn|15
|
|t:|1760849754
|move|p2a: Tatsugiri|Surf|p1a: Tinkaton
|-damage|p1a: Tinkaton|50/100
|move|p1a: Tinkaton|Play Rough|p2a: Tatsugiri
|-supereffective|p2a: Tatsugiri
|-damage|p2a: Tatsugiri|0 fnt
|faint|p2a: Tatsugiri
|
|upkeep
|
|t:|1760849795
|switch|p2a: Dragapult|Dragapult, M|83/100
|turn|16
|
|t:|1760849811
|move|p2a: Dragapult|Shadow Ball|p1a: Tinkaton
|-damage|p1a: Tinkaton|0 fnt
|faint|p1a: Tinkaton
|
|upkeep
|
|t:|1760849821
|switch|p1a: Kilowattrel|Kilowattrel, F|100/100
|turn|17
|
|t:|1760849830
|move|p2a: Dragapult|Shadow Ball|p1a: Kilowattrel
|-damage|p1a: Kilowattrel|7/100
|-unboost|p1a: Kilowattrel|spd|1
|move|p1a: Kilowattrel|Hurricane|p2a: Dragapult
|-damage|p2a: Dragapult|10/100
|-start|p2a: Dragapult|confusion
|
|upkeep
|turn|18
|
|t:|1760849838
|switch|p2a: Weavile|Weavile, M|100/100
|-ability|p2a: Weavile|Pressure
|move|p1a: Kilowattrel|Tailwind|p1a: Kilowattrel
|-sidestart|p1: Grand daddy palps|move: Tailwind
|
|upkeep
|turn|19
|
|t:|1760849847
|move|p1a: Kilowattrel|Hurricane|p2a: Weavile
|-damage|p2a: Weavile|34/100
|-start|p2a: Weavile|confusion
|-activate|p2a: Weavile|confusion
|move|p2a: Weavile|Knock Off|p1a: Kilowattrel
|-damage|p1a: Kilowattrel|0 fnt
|-enditem|p1a: Kilowattrel|Heavy-Duty Boots|[from] move: Knock Off|[of] p2a: Weavile
|faint|p1a: Kilowattrel
|
|-heal|p2a: Weavile|40/100|[from] item: Leftovers
|upkeep
|
|t:|1760849857
|switch|p1a: Great Tusk|Great Tusk|100/100
|turn|20
|
|t:|1760849878
|switch|p2a: Dragapult|Dragapult, M|10/100
|move|p1a: Great Tusk|Close Combat|p2a: Dragapult
|-immune|p2a: Dragapult
|
|upkeep
|turn|21
|
|t:|1760849894
|switch|p2a: Weavile|Weavile, M|40/100
|-ability|p2a: Weavile|Pressure
|move|p1a: Great Tusk|Ice Spinner|p2a: Weavile
|-resisted|p2a: Weavile
|-damage|p2a: Weavile|9/100
|-damage|p1a: Great Tusk|91/100|[from] item: Life Orb
|
|-heal|p2a: Weavile|15/100|[from] item: Leftovers
|-sideend|p1: Grand daddy palps|move: Tailwind
|upkeep
|turn|22
|
|t:|1760849905
|move|p2a: Weavile|Knock Off|p1a: Great Tusk
|-resisted|p1a: Great Tusk
|-damage|p1a: Great Tusk|73/100
|-enditem|p1a: Great Tusk|Life Orb|[from] move: Knock Off|[of] p2a: Weavile
|move|p1a: Great Tusk|Rapid Spin|p2a: Weavile
|-damage|p2a: Weavile|0 fnt
|-boost|p1a: Great Tusk|spe|1
|faint|p2a: Weavile
|
|upkeep
|
|t:|1760849918
|switch|p2a: Ceruledge|Ceruledge, M|100/100
|turn|23
|
|t:|1760849924
|-terastallize|p2a: Ceruledge|Fire
|move|p1a: Great Tusk|Headlong Rush|p2a: Ceruledge
|-supereffective|p2a: Ceruledge
|-enditem|p2a: Ceruledge|Focus Sash
|-damage|p2a: Ceruledge|1/100
|-unboost|p1a: Great Tusk|def|1
|-unboost|p1a: Great Tusk|spd|1
|-ability|p2a: Ceruledge|Weak Armor|boost
|-unboost|p2a: Ceruledge|def|1
|-boost|p2a: Ceruledge|spe|2
|move|p2a: Ceruledge|Bitter Blade|p1a: Great Tusk
|-damage|p1a: Great Tusk|10/100
|-heal|p2a: Ceruledge|41/100|[from] drain|[of] p1a: Great Tusk
|
|upkeep
|turn|24
|
|t:|1760849941
|move|p2a: Ceruledge|Shadow Sneak|p1a: Great Tusk
|-damage|p1a: Great Tusk|0 fnt
|faint|p1a: Great Tusk
|-end|p1a: Great Tusk|Protosynthesis|[silent]
|
|win|Punta.7
|raw|Grand daddy palps's rating: 1203 &rarr; <strong>1176</strong><br />(-27 for losing)
|raw|Punta.7's rating: 1179 &rarr; <strong>1206</strong><br />(+27 for winning)
|l|☆Punta.7
|player|p2|
|l|☆Grand daddy palps
|player|p1|
|j|☆Grand daddy palps
|player|p1|Grand daddy palps|1|
