|j|☆GodBananaBread
|j|☆catsdabest
|t:|1760832178
|gametype|singles
|player|p1|GodBananaBread|steven|1509
|player|p2|catsdabest|firebreather|1464
|gen|9
|tier|[Gen 9] OU
|rated|
|rule|HP Percentage Mod: HP is shown in percentages
|rule|Endless Battle Clause: Forcing endless battles is banned
|rule|Species Clause: Limit one of each Pokémon
|rule|OHKO Clause: OHKO moves are banned
|rule|Evasion Items Clause: Evasion items are banned
|rule|Evasion Moves Clause: Evasion moves are banned
|rule|Evasion Abilities Clause: Evasion abilities are banned
|rule|Sleep Moves Clause: Sleep-inducing moves are banned
|clearpoke
|poke|p1|Alomomola, F|
|poke|p1|Slowking-Galar, M|
|poke|p1|Weezing-Galar, M|
|poke|p1|Samurott-Hisui, M|
|poke|p1|Raging Bolt|
|poke|p1|Ogerpon-Wellspring, F|
|poke|p2|Armarouge, F|
|poke|p2|Deoxys-Speed|
|poke|p2|Sceptile, F|
|poke|p2|Indeedee, M|
|poke|p2|Hawlucha, M|
|poke|p2|Maushold|
|teampreview
|inactive|Battle timer is ON: inactive players will automatically lose when time's up. (requested by GodBananaBread)
|
|t:|1760832189
|teamsize|p1|6
|teamsize|p2|6
|start
|switch|p1a: Samurai|Samurott-Hisui, M, shiny|100/100
|switch|p2a: Indeedee|Indeedee, M|100/100
|-fieldstart|move: Psychic Terrain|[from] ability: Psychic Surge|[of] p2a: Indeedee
|turn|1
|
|t:|1760832213
|switch|p2a: Hawlucha|Hawlucha, M|100/100
|-enditem|p2a: Hawlucha|Psychic Seed
|-boost|p2a: Hawlucha|spd|1|[from] item: Psychic Seed
|move|p1a: Samurai|Ceaseless Edge|p2a: Hawlucha
|-resisted|p2a: Hawlucha
|-damage|p2a: Hawlucha|68/100
|-sidestart|p2: catsdabest|Spikes
|
|upkeep
|turn|2
|
|t:|1760832219
|switch|p1a: Fishhh|Alomomola, F, shiny|100/100
|move|p2a: Hawlucha|Swords Dance|p2a: Hawlucha
|-boost|p2a: Hawlucha|atk|2
|
|upkeep
|turn|3
|
|t:|1760832224
|move|p2a: Hawlucha|Swords Dance|p2a: Hawlucha
|-boost|p2a: Hawlucha|atk|2
|move|p1a: Fishhh|Scald|p2a: Hawlucha
|-damage|p2a: Hawlucha|55/100
|-status|p2a: Hawlucha|brn
|
|-damage|p2a: Hawlucha|49/100 brn|[from] brn
|upkeep
|turn|4
|
|t:|1760832230
|move|p2a: Hawlucha|Acrobatics|p1a: Fishhh
|-damage|p1a: Fishhh|59/100
|-damage|p2a: Hawlucha|33/100 brn|[from] item: Rocky Helmet|[of] p1a: Fishhh
|move|p1a: Fishhh|Flip Turn|p2a: Hawlucha
|-damage|p2a: Hawlucha|11/100 brn
|
|t:|1760832236
|switch|p1a: Dinoswaur|Raging Bolt|100/100|[from] Flip Turn
|
|-damage|p2a: Hawlucha|5/100 brn|[from] brn
|upkeep
|turn|5
|
|t:|1760832239
|move|p1a: Dinoswaur|Thunderclap|p2a: Hawlucha
|-hint|Psychic Terrain doesn't affect Pokémon immune to Ground.
|-supereffective|p2a: Hawlucha
|-damage|p2a: Hawlucha|0 fnt
|faint|p2a: Hawlucha
|
|upkeep
|c|☆GodBananaBread|Oh
|
|t:|1760832254
|switch|p2a: Deoxys|Deoxys-Speed|100/100
|-damage|p2a: Deoxys|88/100|[from] Spikes
|-ability|p2a: Deoxys|Pressure
|turn|6
|c|☆GodBananaBread|Plan flailed sucessfully
|
|t:|1760832265
|-end|p1a: Dinoswaur|Protosynthesis|[silent]
|switch|p1a: Glowking|Slowking-Galar, M|100/100
|move|p2a: Deoxys|Expanding Force|p1a: Glowking
|-damage|p1a: Glowking|48/100
|-damage|p2a: Deoxys|78/100|[from] item: Life Orb
|
|-heal|p1a: Glowking|54/100|[from] item: Leftovers
|upkeep
|turn|7
|
|t:|1760832277
|switch|p1a: Samurai|Samurott-Hisui, M, shiny|100/100
|move|p2a: Deoxys|Nasty Plot|p2a: Deoxys
|-boost|p2a: Deoxys|spa|2
|
|upkeep
|turn|8
|
|t:|1760832283
|-terastallize|p1a: Samurai|Dark
|move|p2a: Deoxys|Focus Blast|p1a: Samurai
|-supereffective|p1a: Samurai
|-damage|p1a: Samurai|0 fnt
|faint|p1a: Samurai
|-damage|p2a: Deoxys|68/100|[from] item: Life Orb
|
|-fieldend|move: Psychic Terrain
|upkeep
|
|t:|1760832291
|switch|p1a: Dinoswaur|Raging Bolt|100/100
|turn|9
|
|t:|1760832298
|-terastallize|p2a: Deoxys|Psychic
|move|p2a: Deoxys|Expanding Force|p1a: Dinoswaur
|-damage|p1a: Dinoswaur|12/100
|-damage|p2a: Deoxys|58/100|[from] item: Life Orb
|move|p1a: Dinoswaur|Volt Switch|p2a: Deoxys
|-damage|p2a: Deoxys|0 fnt
|faint|p2a: Deoxys
|
|t:|1760832307
|-end|p1a: Dinoswaur|Protosynthesis|[silent]
|switch|p1a: Ogerpawn|Ogerpon-Wellspring, F|100/100|[from] Volt Switch
|
|upkeep
|
|t:|1760832310
|switch|p2a: Indeedee|Indeedee, M|100/100
|-damage|p2a: Indeedee|88/100|[from] Spikes
|-fieldstart|move: Psychic Terrain|[from] ability: Psychic Surge|[of] p2a: Indeedee
|turn|10
|
|t:|1760832315
|move|p1a: Ogerpawn|Ivy Cudgel|p2a: Indeedee|[anim] Ivy Cudgel Water
|-damage|p2a: Indeedee|21/100
|move|p2a: Indeedee|Healing Wish|p2a: Indeedee
|faint|p2a: Indeedee
|
|upkeep
|
|t:|1760832321
|switch|p2a: Sceptile|Sceptile, F|100/100
|-damage|p2a: Sceptile|88/100|[from] Spikes
|-enditem|p2a: Sceptile|Psychic Seed
|-boost|p2a: Sceptile|spd|1|[from] item: Psychic Seed
|turn|11
|
|t:|1760832324
|move|p2a: Sceptile|Swords Dance|p2a: Sceptile
|-boost|p2a: Sceptile|atk|2
|move|p1a: Ogerpawn|U-turn|p2a: Sceptile
|-supereffective|p2a: Sceptile
|-damage|p2a: Sceptile|15/100
|
|t:|1760832327
|switch|p1a: Dinoswaur|Raging Bolt|12/100|[from] U-turn
|
|upkeep
|turn|12
|
|t:|1760832334
|-end|p1a: Dinoswaur|Protosynthesis|[silent]
|switch|p1a: Glowking|Slowking-Galar, M|87/100
|move|p2a: Sceptile|Leaf Blade|p1a: Glowking
|-resisted|p1a: Glowking
|-damage|p1a: Glowking|45/100
|
|-heal|p1a: Glowking|51/100|[from] item: Leftovers
|upkeep
|turn|13
|
|t:|1760832340
|switch|p1a: Fishhh|Alomomola, F, shiny|93/100
|move|p2a: Sceptile|Earthquake|p1a: Fishhh
|-damage|p1a: Fishhh|60/100
|
|upkeep
|turn|14
|
|t:|1760832354
|move|p2a: Sceptile|Leaf Blade|p1a: Fishhh
|-supereffective|p1a: Fishhh
|-damage|p1a: Fishhh|0 fnt
|-damage|p2a: Sceptile|0 fnt|[from] item: Rocky Helmet|[of] p1a: Fishhh
|faint|p1a: Fishhh
|faint|p2a: Sceptile
|
|upkeep
|
|t:|1760832362
|switch|p2a: Maushold|Maushold|100/100
|switch|p1a: Ogerpawn|Ogerpon-Wellspring, F|100/100
|-damage|p2a: Maushold|88/100|[from] Spikes
|turn|15
|
|t:|1760832367
|move|p2a: Maushold|Population Bomb|p1a: Ogerpawn
|-damage|p1a: Ogerpawn|86/100
|-damage|p1a: Ogerpawn|72/100
|-crit|p1a: Ogerpawn
|-damage|p1a: Ogerpawn|49/100
|-damage|p1a: Ogerpawn|34/100
|-damage|p1a: Ogerpawn|20/100
|-damage|p1a: Ogerpawn|4/100
|-damage|p1a: Ogerpawn|0 fnt
|faint|p1a: Ogerpawn
|-hitcount|p1: Ogerpawn|7
|
|upkeep
|
|t:|1760832375
|switch|p1a: Global warming|Weezing-Galar, M, shiny|100/100
|-ability|p1a: Global warming|Neutralizing Gas
|turn|16
|
|t:|1760832380
|switch|p2a: Armarouge|Armarouge, F|100/100
|-damage|p2a: Armarouge|88/100|[from] Spikes
|move|p1a: Global warming|Will-O-Wisp|p2a: Armarouge
|-immune|p2a: Armarouge
|
|upkeep
|turn|17
|
|t:|1760832385
|-end|p1a: Global warming|ability: Neutralizing Gas
|switch|p1a: Glowking|Slowking-Galar, M|84/100
|move|p2a: Armarouge|Calm Mind|p2a: Armarouge
|-boost|p2a: Armarouge|spa|1
|-boost|p2a: Armarouge|spd|1
|
|-heal|p1a: Glowking|90/100|[from] item: Leftovers
|-fieldend|move: Psychic Terrain
|upkeep
|turn|18
|
|t:|1760832391
|move|p2a: Armarouge|Calm Mind|p2a: Armarouge
|-boost|p2a: Armarouge|spa|1
|-boost|p2a: Armarouge|spd|1
|move|p1a: Glowking|Sludge Bomb|p2a: Armarouge
|-damage|p2a: Armarouge|63/100
|
|-heal|p1a: Glowking|96/100|[from] item: Leftovers
|upkeep
|turn|19
|
|t:|1760832398
|move|p2a: Armarouge|Armor Cannon|p1a: Glowking
|-damage|p1a: Glowking|0 fnt
|-unboost|p2a: Armarouge|def|1
|-unboost|p2a: Armarouge|spd|1
|faint|p1a: Glowking
|-damage|p2a: Armarouge|53/100|[from] item: Life Orb
|
|upkeep
|
|t:|1760832404
|switch|p1a: Dinoswaur|Raging Bolt|12/100
|turn|20
|
|t:|1760832407
|move|p1a: Dinoswaur|Thunderclap|p2a: Armarouge
|-damage|p2a: Armarouge|0 fnt
|faint|p2a: Armarouge
|
|upkeep
|
|t:|1760832410
|switch|p2a: Maushold|Maushold|88/100
|-heal|p2a: Maushold|100/100|[from] move: Healing Wish
|-damage|p2a: Maushold|88/100|[from] Spikes
|turn|21
|
|t:|1760832415
|move|p1a: Dinoswaur|Thunderclap||[still]
|-fail|p1a: Dinoswaur
|move|p2a: Maushold|Encore|p1a: Dinoswaur
|-start|p1a: Dinoswaur|Encore
|
|upkeep
|turn|22
|
|t:|1760832421
|move|p1a: Dinoswaur|Thunderclap||[still]
|-fail|p1a: Dinoswaur
|move|p2a: Maushold|Tidy Up|p2a: Maushold
|-sideend|p2: catsdabest|Spikes
|-activate|p2a: Maushold|move: Tidy Up
|-boost|p2a: Maushold|atk|1
|-boost|p2a: Maushold|spe|1
|
|upkeep
|turn|23
|
|t:|1760832425
|move|p1a: Dinoswaur|Thunderclap||[still]
|-fail|p1a: Dinoswaur
|move|p2a: Maushold|Tidy Up|p2a: Maushold
|-boost|p2a: Maushold|atk|1
|-boost|p2a: Maushold|spe|1
|
|upkeep
|turn|24
|
|t:|1760832430
|move|p1a: Dinoswaur|Thunderclap||[still]
|-fail|p1a: Dinoswaur
|move|p2a: Maushold|Tidy Up|p2a: Maushold
|-boost|p2a: Maushold|atk|1
|-boost|p2a: Maushold|spe|1
|
|-end|p1a: Dinoswaur|Encore
|upkeep
|turn|25
|
|t:|1760832434
|move|p1a: Dinoswaur|Thunderclap||[still]
|-fail|p1a: Dinoswaur
|move|p2a: Maushold|Encore|p1a: Dinoswaur
|-start|p1a: Dinoswaur|Encore
|
|upkeep
|turn|26
|
|t:|1760832438
|-end|p1a: Dinoswaur|Protosynthesis|[silent]
|switch|p1a: Global warming|Weezing-Galar, M, shiny|100/100
|-ability|p1a: Global warming|Neutralizing Gas
|move|p2a: Maushold|Tidy Up|p2a: Maushold
|-boost|p2a: Maushold|atk|1
|-boost|p2a: Maushold|spe|1
|
|upkeep
|turn|27
|
|t:|1760832445
|move|p2a: Maushold|Population Bomb|p1a: Global warming
|-damage|p1a: Global warming|87/100
|-damage|p1a: Global warming|71/100
|-damage|p1a: Global warming|57/100
|-damage|p1a: Global warming|44/100
|-damage|p1a: Global warming|29/100
|-damage|p1a: Global warming|13/100
|-damage|p1a: Global warming|0 fnt
|faint|p1a: Global warming
|-end|p1a: Global warming|ability: Neutralizing Gas
|-hitcount|p1: Global warming|7
|
|upkeep
|
|t:|1760832448
|switch|p1a: Dinoswaur|Raging Bolt|12/100
|turn|28
|
|t:|1760832459
|move|p2a: Maushold|Population Bomb|p1a: Dinoswaur
|-damage|p1a: Dinoswaur|0 fnt
|faint|p1a: Dinoswaur
|-end|p1a: Dinoswaur|Protosynthesis|[silent]
|-hitcount|p1: Dinoswaur|1
|
|win|catsdabest
|raw|GodBananaBread's rating: 1509 &rarr; <strong>1486</strong><br />(-23 for losing)
|raw|catsdabest's rating: 1464 &rarr; <strong>1487</strong><br />(+23 for winning)
|c|☆GodBananaBread|Gg
|l|☆GodBananaBread
|player|p1|
|l|☆catsdabest
|player|p2|
