|j|☆Pipich
|j|☆Aimsss
|t:|1760868196
|gametype|singles
|player|p1|Pipich|102|1441
|player|p2|Aimsss|policeman-gen4|1379
|gen|9
|tier|[Gen 9] OU
|rated|
|rule|HP Percentage Mod: HP is shown in percentages
|rule|Endless Battle Clause: Forcing endless battles is banned
|rule|Species Clause: Limit one of each Pokémon
|rule|OHKO Clause: OHKO moves are banned
|rule|Evasion Items Clause: Evasion items are banned
|rule|Evasion Moves Clause: Evasion moves are banned
|rule|Evasion Abilities Clause: Evasion abilities are banned
|rule|Sleep Moves Clause: Sleep-inducing moves are banned
|clearpoke
|poke|p1|Walking Wake|
|poke|p1|Ninetales, M|
|poke|p1|Raging Bolt|
|poke|p1|Rillaboom, M|
|poke|p1|Great Tusk|
|poke|p1|Infernape, F|
|poke|p2|Dragapult, F|
|poke|p2|Kingambit, F|
|poke|p2|Hawlucha, M|
|poke|p2|Glimmora, F|
|poke|p2|Chesnaught, F|
|poke|p2|Gallade, M|
|teampreview
|
|t:|1760868216
|teamsize|p1|6
|teamsize|p2|6
|start
|switch|p1a: Raging Bolt|Raging Bolt|100/100
|switch|p2a: Chesnaught|Chesnaught, F|100/100
|turn|1
|inactive|Battle timer is ON: inactive players will automatically lose when time's up. (requested by Aimsss)
|
|t:|1760868225
|-end|p1a: Raging Bolt|Protosynthesis|[silent]
|switch|p1a: Ninetales|Ninetales, M|100/100
|-weather|SunnyDay|[from] ability: Drought|[of] p1a: Ninetales
|move|p2a: Chesnaught|Knock Off|p1a: Ninetales
|-damage|p1a: Ninetales|70/100
|-enditem|p1a: Ninetales|Heat Rock|[from] move: Knock Off|[of] p2a: Chesnaught
|
|-weather|SunnyDay|[upkeep]
|upkeep
|turn|2
|
|t:|1760868242
|switch|p2a: Glimmora|Glimmora, F|100/100
|-item|p2a: Glimmora|Air Balloon
|move|p1a: Ninetales|Will-O-Wisp|p2a: Glimmora
|-status|p2a: Glimmora|brn
|
|-weather|SunnyDay|[upkeep]
|-damage|p2a: Glimmora|94/100 brn|[from] brn
|upkeep
|turn|3
|
|t:|1760868252
|switch|p1a: Raging Bolt|Raging Bolt|100/100
|-activate|p1a: Raging Bolt|ability: Protosynthesis
|-start|p1a: Raging Bolt|protosynthesisspa
|move|p2a: Glimmora|Energy Ball|p1a: Raging Bolt
|-resisted|p1a: Raging Bolt
|-damage|p1a: Raging Bolt|87/100
|
|-weather|SunnyDay|[upkeep]
|-damage|p2a: Glimmora|88/100 brn|[from] brn
|upkeep
|turn|4
|inactive|Pipich has 120 seconds left.
|
|t:|1760868284
|move|p1a: Raging Bolt|Thunderbolt|p2a: Glimmora
|-damage|p2a: Glimmora|27/100 brn
|-enditem|p2a: Glimmora|Air Balloon
|move|p2a: Glimmora|Mortal Spin|p1a: Raging Bolt
|-damage|p1a: Raging Bolt|85/100
|-status|p1a: Raging Bolt|psn
|
|-weather|SunnyDay|[upkeep]
|-damage|p1a: Raging Bolt|73/100 psn|[from] psn
|-damage|p2a: Glimmora|20/100 brn|[from] brn
|upkeep
|turn|5
|inactive|Pipich has 120 seconds left.
|
|t:|1760868296
|switch|p2a: Chesnaught|Chesnaught, F|100/100
|move|p1a: Raging Bolt|Thunderbolt|p2a: Chesnaught
|-resisted|p2a: Chesnaught
|-damage|p2a: Chesnaught|73/100
|
|-weather|SunnyDay|[upkeep]
|-damage|p1a: Raging Bolt|60/100 psn|[from] psn
|upkeep
|turn|6
|inactive|Pipich has 120 seconds left.
|
|t:|1760868312
|-end|p1a: Raging Bolt|Protosynthesis|[silent]
|switch|p1a: Infernape|Infernape, F|100/100
|move|p2a: Chesnaught|Leech Seed|p1a: Infernape
|-start|p1a: Infernape|move: Leech Seed
|
|-weather|SunnyDay|[upkeep]
|-damage|p1a: Infernape|88/100|[from] Leech Seed|[of] p2a: Chesnaught
|-heal|p2a: Chesnaught|82/100|[silent]
|upkeep
|turn|7
|
|t:|1760868322
|switch|p1a: Walking Wake|Walking Wake|100/100
|-activate|p1a: Walking Wake|ability: Protosynthesis
|-start|p1a: Walking Wake|protosynthesisspe
|switch|p2a: Glimmora|Glimmora, F|20/100 brn
|
|-weather|SunnyDay|[upkeep]
|-damage|p2a: Glimmora|14/100 brn|[from] brn
|upkeep
|turn|8
|inactive|Pipich has 120 seconds left.
|
|t:|1760868333
|move|p1a: Walking Wake|Hydro Steam|p2a: Glimmora
|-supereffective|p2a: Glimmora
|-damage|p2a: Glimmora|0 fnt
|faint|p2a: Glimmora
|
|-weather|none
|-end|p1a: Walking Wake|Protosynthesis
|upkeep
|
|t:|1760868342
|switch|p2a: Gallade|Gallade, M, shiny|100/100
|turn|9
|
|t:|1760868349
|-end|p1a: Walking Wake|Protosynthesis|[silent]
|switch|p1a: Great Tusk|Great Tusk|100/100
|move|p2a: Gallade|Agility|p2a: Gallade
|-boost|p2a: Gallade|spe|2
|
|upkeep
|turn|10
|
|t:|1760868360
|move|p2a: Gallade|Psycho Cut|p1a: Great Tusk
|-supereffective|p1a: Great Tusk
|-damage|p1a: Great Tusk|31/100
|move|p1a: Great Tusk|Stealth Rock|p2a: Gallade
|-sidestart|p2: Aimsss|move: Stealth Rock
|
|upkeep
|turn|11
|
|t:|1760868368
|move|p2a: Gallade|Psycho Cut|p1a: Great Tusk
|-supereffective|p1a: Great Tusk
|-damage|p1a: Great Tusk|0 fnt
|faint|p1a: Great Tusk
|-end|p1a: Great Tusk|Protosynthesis|[silent]
|
|upkeep
|inactive|Pipich has 120 seconds left.
|
|t:|1760868384
|switch|p1a: Ninetales|Ninetales, M|70/100
|-weather|SunnyDay|[from] ability: Drought|[of] p1a: Ninetales
|turn|12
|
|t:|1760868391
|move|p2a: Gallade|Sacred Sword|p1a: Ninetales
|-damage|p1a: Ninetales|0 fnt
|faint|p1a: Ninetales
|
|-weather|SunnyDay|[upkeep]
|upkeep
|
|t:|1760868398
|switch|p1a: Walking Wake|Walking Wake|100/100
|-activate|p1a: Walking Wake|ability: Protosynthesis
|-start|p1a: Walking Wake|protosynthesisspe
|turn|13
|
|t:|1760868407
|move|p1a: Walking Wake|Hydro Steam|p2a: Gallade
|-damage|p2a: Gallade|27/100
|-enditem|p2a: Gallade|Sitrus Berry|[eat]
|-heal|p2a: Gallade|52/100|[from] item: Sitrus Berry
|move|p2a: Gallade|Sacred Sword|p1a: Walking Wake
|-damage|p1a: Walking Wake|22/100
|
|-weather|SunnyDay|[upkeep]
|upkeep
|turn|14
|
|t:|1760868423
|switch|p2a: Chesnaught|Chesnaught, F|82/100
|-damage|p2a: Chesnaught|76/100|[from] Stealth Rock
|move|p1a: Walking Wake|Hydro Steam|p2a: Chesnaught
|-resisted|p2a: Chesnaught
|-damage|p2a: Chesnaught|44/100
|-enditem|p2a: Chesnaught|Sitrus Berry|[eat]
|-heal|p2a: Chesnaught|69/100|[from] item: Sitrus Berry
|
|-weather|SunnyDay|[upkeep]
|upkeep
|turn|15
|
|t:|1760868434
|move|p1a: Walking Wake|Flamethrower|p2a: Chesnaught
|-supereffective|p2a: Chesnaught
|-crit|p2a: Chesnaught
|-damage|p2a: Chesnaught|0 fnt
|faint|p2a: Chesnaught
|
|-weather|SunnyDay|[upkeep]
|upkeep
|
|t:|1760868446
|switch|p2a: Gallade|Gallade, M, shiny|52/100
|-damage|p2a: Gallade|46/100|[from] Stealth Rock
|turn|16
|inactive|Pipich has 120 seconds left.
|
|t:|1760868476
|move|p1a: Walking Wake|Hydro Steam|p2a: Gallade
|-damage|p2a: Gallade|0 fnt
|faint|p2a: Gallade
|
|-weather|none
|-end|p1a: Walking Wake|Protosynthesis
|upkeep
|
|t:|1760868484
|switch|p2a: Dragapult|Dragapult, F|100/100
|turn|17
|
|t:|1760868490
|move|p2a: Dragapult|Dragon Darts|p1a: Walking Wake
|-supereffective|p1a: Walking Wake
|-damage|p1a: Walking Wake|0 fnt
|faint|p1a: Walking Wake
|-end|p1a: Walking Wake|Protosynthesis|[silent]
|
|upkeep
|
|t:|1760868500
|switch|p1a: Rillaboom|Rillaboom, M|100/100
|-fieldstart|move: Grassy Terrain|[from] ability: Grassy Surge|[of] p1a: Rillaboom
|turn|18
|
|t:|1760868505
|-terastallize|p1a: Rillaboom|Grass
|move|p1a: Rillaboom|Grassy Glide|p2a: Dragapult
|-resisted|p2a: Dragapult
|-damage|p2a: Dragapult|43/100
|move|p2a: Dragapult|Will-O-Wisp|p1a: Rillaboom
|-status|p1a: Rillaboom|brn
|
|-heal|p2a: Dragapult|49/100|[from] Grassy Terrain
|-damage|p1a: Rillaboom|94/100 brn|[from] brn
|upkeep
|turn|19
|
|t:|1760868518
|switch|p2a: Kingambit|Kingambit, F|100/100
|-damage|p2a: Kingambit|94/100|[from] Stealth Rock
|move|p1a: Rillaboom|Grassy Glide|p2a: Kingambit
|-resisted|p2a: Kingambit
|-damage|p2a: Kingambit|79/100
|
|-heal|p1a: Rillaboom|100/100 brn|[from] Grassy Terrain
|-heal|p2a: Kingambit|86/100|[from] Grassy Terrain
|-damage|p1a: Rillaboom|94/100 brn|[from] brn
|upkeep
|turn|20
|
|t:|1760868533
|switch|p1a: Raging Bolt|Raging Bolt|60/100 psn
|move|p2a: Kingambit|Swords Dance|p2a: Kingambit
|-boost|p2a: Kingambit|atk|2
|
|-heal|p1a: Raging Bolt|66/100 psn|[from] Grassy Terrain
|-heal|p2a: Kingambit|92/100|[from] Grassy Terrain
|-damage|p1a: Raging Bolt|54/100 psn|[from] psn
|upkeep
|turn|21
|
|t:|1760868545
|move|p2a: Kingambit|Sucker Punch||[still]
|-fail|p2a: Kingambit
|move|p1a: Raging Bolt|Calm Mind|p1a: Raging Bolt
|-boost|p1a: Raging Bolt|spa|1
|-boost|p1a: Raging Bolt|spd|1
|
|-heal|p1a: Raging Bolt|60/100 psn|[from] Grassy Terrain
|-heal|p2a: Kingambit|98/100|[from] Grassy Terrain
|-damage|p1a: Raging Bolt|48/100 psn|[from] psn
|upkeep
|turn|22
|
|t:|1760868554
|move|p1a: Raging Bolt|Thunderclap||[still]
|-fail|p1a: Raging Bolt
|move|p2a: Kingambit|Substitute|p2a: Kingambit
|-start|p2a: Kingambit|Substitute
|-damage|p2a: Kingambit|73/100
|
|-heal|p1a: Raging Bolt|54/100 psn|[from] Grassy Terrain
|-heal|p2a: Kingambit|79/100|[from] Grassy Terrain
|-damage|p1a: Raging Bolt|42/100 psn|[from] psn
|-fieldend|move: Grassy Terrain
|upkeep
|turn|23
|
|t:|1760868564
|move|p1a: Raging Bolt|Thunderclap|p2a: Kingambit
|-end|p2a: Kingambit|Substitute
|move|p2a: Kingambit|Iron Head|p1a: Raging Bolt
|-resisted|p1a: Raging Bolt
|-damage|p1a: Raging Bolt|1/100 psn
|
|-damage|p1a: Raging Bolt|0 fnt|[from] psn
|faint|p1a: Raging Bolt
|-end|p1a: Raging Bolt|Protosynthesis|[silent]
|upkeep
|
|t:|1760868574
|switch|p1a: Infernape|Infernape, F|88/100
|turn|24
|
|t:|1760868580
|move|p2a: Kingambit|Sucker Punch|p1a: Infernape
|-resisted|p1a: Infernape
|-damage|p1a: Infernape|27/100
|move|p1a: Infernape|Flare Blitz|p2a: Kingambit
|-supereffective|p2a: Kingambit
|-damage|p2a: Kingambit|0 fnt
|faint|p2a: Kingambit
|-damage|p1a: Infernape|0 fnt|[from] Recoil
|faint|p1a: Infernape
|
|upkeep
|
|t:|1760868591
|switch|p1a: Rillaboom|Rillaboom, M, tera:Grass|94/100 brn
|switch|p2a: Dragapult|Dragapult, F|49/100
|-fieldstart|move: Grassy Terrain|[from] ability: Grassy Surge|[of] p1a: Rillaboom
|turn|25
|
|t:|1760868606
|move|p2a: Dragapult|Hex|p1a: Rillaboom
|-damage|p1a: Rillaboom|29/100 brn
|move|p1a: Rillaboom|Wood Hammer|p2a: Dragapult
|-resisted|p2a: Dragapult
|-damage|p2a: Dragapult|0 fnt
|faint|p2a: Dragapult
|-damage|p1a: Rillaboom|17/100 brn|[from] Recoil
|
|-heal|p1a: Rillaboom|23/100 brn|[from] Grassy Terrain
|-damage|p1a: Rillaboom|17/100 brn|[from] brn
|upkeep
|
|t:|1760868620
|switch|p2a: Hawlucha|Hawlucha, M|100/100
|-damage|p2a: Hawlucha|88/100|[from] Stealth Rock
|turn|26
|
|t:|1760868624
|move|p2a: Hawlucha|Acrobatics|p1a: Rillaboom
|-supereffective|p1a: Rillaboom
|-damage|p1a: Rillaboom|0 fnt
|faint|p1a: Rillaboom
|
|win|Aimsss
|raw|Pipich's rating: 1441 &rarr; <strong>1417</strong><br />(-24 for losing)
|raw|Aimsss's rating: 1379 &rarr; <strong>1403</strong><br />(+24 for winning)
|l|☆Aimsss
|player|p2|
