|j|☆capitolg
|j|☆thegoatttttttt
|t:|1760751648
|gametype|singles
|player|p1|capitolg|bellelba|1214
|player|p2|thegoatttttttt|policeman-gen4|1190
|gen|9
|tier|[Gen 9] OU
|rated|
|rule|HP Percentage Mod: HP is shown in percentages
|rule|Endless Battle Clause: Forcing endless battles is banned
|rule|Species Clause: Limit one of each Pokémon
|rule|OHKO Clause: OHKO moves are banned
|rule|Evasion Items Clause: Evasion items are banned
|rule|Evasion Moves Clause: Evasion moves are banned
|rule|Evasion Abilities Clause: Evasion abilities are banned
|rule|Sleep Moves Clause: Sleep-inducing moves are banned
|clearpoke
|poke|p1|Vikavolt, M|
|poke|p1|Gothitelle, F|
|poke|p1|Smeargle, F|
|poke|p1|Empoleon, M|
|poke|p1|Passimian, M|
|poke|p1|Dusknoir, F|
|poke|p2|Glimmora, M|
|poke|p2|Rotom-Wash|
|poke|p2|Pecharunt|
|poke|p2|Corviknight, M|
|poke|p2|Gliscor, M|
|poke|p2|Ceruledge, F|
|teampreview
|inactive|Battle timer is ON: inactive players will automatically lose when time's up. (requested by thegoatttttttt)
|
|t:|1760751660
|teamsize|p1|6
|teamsize|p2|6
|start
|switch|p1a: Vikavolt|Vikavolt, M|100/100
|switch|p2a: Glimmora|Glimmora, M|100/100
|turn|1
|
|t:|1760751667
|move|p2a: Glimmora|Mortal Spin|p1a: Vikavolt
|-damage|p1a: Vikavolt|95/100
|-status|p1a: Vikavolt|psn
|move|p1a: Vikavolt|Sticky Web|p2a: Glimmora
|-sidestart|p2: thegoatttttttt|move: Sticky Web
|
|-damage|p1a: Vikavolt|82/100 psn|[from] psn
|upkeep
|turn|2
|
|t:|1760751676
|switch|p1a: Empoleon|Empoleon, M|100/100
|move|p2a: Glimmora|Stealth Rock|p1a: Empoleon
|-sidestart|p1: capitolg|move: Stealth Rock
|
|upkeep
|turn|3
|
|t:|1760751682
|move|p2a: Glimmora|Earth Power|p1a: Empoleon
|-supereffective|p1a: Empoleon
|-damage|p1a: Empoleon|64/100
|move|p1a: Empoleon|Surf|p2a: Glimmora
|-supereffective|p2a: Glimmora
|-enditem|p2a: Glimmora|Focus Sash
|-damage|p2a: Glimmora|1/100
|
|upkeep
|turn|4
|
|t:|1760751692
|move|p1a: Empoleon|Vacuum Wave|p2a: Glimmora
|-damage|p2a: Glimmora|0 fnt
|faint|p2a: Glimmora
|
|upkeep
|
|t:|1760751700
|switch|p2a: Rotom|Rotom-Wash|100/100
|turn|5
|
|t:|1760751705
|switch|p1a: Dusknoir|Dusknoir, F|100/100
|-damage|p1a: Dusknoir|88/100|[from] Stealth Rock
|-ability|p1a: Dusknoir|Pressure
|move|p2a: Rotom|Will-O-Wisp|p1a: Dusknoir
|-status|p1a: Dusknoir|brn
|
|-damage|p1a: Dusknoir|82/100 brn|[from] brn
|upkeep
|turn|6
|
|t:|1760751717
|move|p2a: Rotom|Volt Switch|p1a: Dusknoir
|-damage|p1a: Dusknoir|61/100 brn
|
|t:|1760751722
|switch|p2a: Ceruledge|Ceruledge, F|100/100|[from] Volt Switch
|-activate|p2a: Ceruledge|move: Sticky Web
|-unboost|p2a: Ceruledge|spe|1
|move|p1a: Dusknoir|Trick Room|p1a: Dusknoir
|-fieldstart|move: Trick Room|[of] p1a: Dusknoir
|
|-damage|p1a: Dusknoir|55/100 brn|[from] brn
|upkeep
|turn|7
|
|t:|1760751730
|move|p2a: Ceruledge|Shadow Sneak|p1a: Dusknoir
|-supereffective|p1a: Dusknoir
|-damage|p1a: Dusknoir|16/100 brn
|-enditem|p1a: Dusknoir|Weakness Policy
|-boost|p1a: Dusknoir|atk|2|[from] item: Weakness Policy
|-boost|p1a: Dusknoir|spa|2|[from] item: Weakness Policy
|move|p1a: Dusknoir|Poltergeist|p2a: Ceruledge
|-activate|p2a: Ceruledge|move: Poltergeist|Focus Sash
|-supereffective|p2a: Ceruledge
|-enditem|p2a: Ceruledge|Focus Sash
|-damage|p2a: Ceruledge|1/100
|-ability|p2a: Ceruledge|Weak Armor|boost
|-unboost|p2a: Ceruledge|def|1
|-boost|p2a: Ceruledge|spe|2
|
|-damage|p1a: Dusknoir|10/100 brn|[from] brn
|upkeep
|turn|8
|
|t:|1760751744
|move|p1a: Dusknoir|Shadow Sneak|p2a: Ceruledge
|-supereffective|p2a: Ceruledge
|-damage|p2a: Ceruledge|0 fnt
|faint|p2a: Ceruledge
|
|-damage|p1a: Dusknoir|4/100 brn|[from] brn
|upkeep
|
|t:|1760751753
|switch|p2a: Pecharunt|Pecharunt|100/100
|turn|9
|
|t:|1760751767
|move|p1a: Dusknoir|Poltergeist|p2a: Pecharunt
|-activate|p2a: Pecharunt|move: Poltergeist|Heavy-Duty Boots
|-supereffective|p2a: Pecharunt
|-crit|p2a: Pecharunt
|-damage|p2a: Pecharunt|21/100
|move|p2a: Pecharunt|Shadow Ball|p1a: Dusknoir
|-supereffective|p1a: Dusknoir
|-damage|p1a: Dusknoir|0 fnt
|faint|p1a: Dusknoir
|
|upkeep
|
|t:|1760751775
|switch|p1a: Gothitelle|Gothitelle, F|100/100
|-damage|p1a: Gothitelle|88/100|[from] Stealth Rock
|turn|10
|
|t:|1760751781
|move|p1a: Gothitelle|Psychic Noise|p2a: Pecharunt
|-supereffective|p2a: Pecharunt
|-damage|p2a: Pecharunt|0 fnt
|faint|p2a: Pecharunt
|
|-heal|p1a: Gothitelle|94/100|[from] item: Leftovers
|-fieldend|move: Trick Room
|upkeep
|
|t:|1760751790
|switch|p2a: Gliscor|Gliscor, M|100/100
|turn|11
|
|t:|1760751796
|move|p2a: Gliscor|Knock Off|p1a: Gothitelle
|-supereffective|p1a: Gothitelle
|-damage|p1a: Gothitelle|49/100
|-enditem|p1a: Gothitelle|Leftovers|[from] move: Knock Off|[of] p2a: Gliscor
|move|p1a: Gothitelle|Psychic Noise|p2a: Gliscor
|-damage|p2a: Gliscor|69/100
|-start|p2a: Gliscor|move: Heal Block
|
|-status|p2a: Gliscor|tox|[from] item: Toxic Orb
|upkeep
|turn|12
|
|t:|1760751811
|-terastallize|p2a: Gliscor|Ground
|move|p2a: Gliscor|Earthquake|p1a: Gothitelle
|-damage|p1a: Gothitelle|6/100
|move|p1a: Gothitelle|Trick Room|p1a: Gothitelle
|-fieldstart|move: Trick Room|[of] p1a: Gothitelle
|
|-end|p2a: Gliscor|move: Heal Block
|upkeep
|turn|13
|
|t:|1760751820
|move|p2a: Gliscor|Protect|p2a: Gliscor
|-singleturn|p2a: Gliscor|Protect
|move|p1a: Gothitelle|Psychic Noise|p2a: Gliscor
|-activate|p2a: Gliscor|move: Protect
|
|-heal|p2a: Gliscor|81/100 tox|[from] ability: Poison Heal
|upkeep
|turn|14
|
|t:|1760751832
|move|p1a: Gothitelle|Psychic Noise|p2a: Gliscor
|-damage|p2a: Gliscor|51/100 tox
|-start|p2a: Gliscor|move: Heal Block
|move|p2a: Gliscor|Swords Dance|p2a: Gliscor
|-boost|p2a: Gliscor|atk|2
|
|upkeep
|turn|15
|
|t:|1760751841
|move|p1a: Gothitelle|Shadow Ball|p2a: Gliscor
|-damage|p2a: Gliscor|29/100 tox
|move|p2a: Gliscor|Knock Off|p1a: Gothitelle
|-supereffective|p1a: Gothitelle
|-damage|p1a: Gothitelle|0 fnt
|faint|p1a: Gothitelle
|
|-end|p2a: Gliscor|move: Heal Block
|upkeep
|
|t:|1760751846
|switch|p1a: Smeargle|Smeargle, F|100/100
|-damage|p1a: Smeargle|88/100|[from] Stealth Rock
|turn|16
|
|t:|1760751853
|move|p2a: Gliscor|Protect|p2a: Gliscor
|-singleturn|p2a: Gliscor|Protect
|move|p1a: Smeargle|Court Change|p1a: Smeargle
|-swapsideconditions
|-activate|p1a: Smeargle|move: Court Change
|
|-heal|p2a: Gliscor|42/100 tox|[from] ability: Poison Heal
|-fieldend|move: Trick Room
|upkeep
|turn|17
|
|t:|1760751867
|move|p2a: Gliscor|Knock Off|p1a: Smeargle
|-damage|p1a: Smeargle|0 fnt
|-enditem|p1a: Smeargle|Focus Sash|[from] move: Knock Off|[of] p2a: Gliscor
|faint|p1a: Smeargle
|
|-heal|p2a: Gliscor|54/100 tox|[from] ability: Poison Heal
|upkeep
|
|t:|1760751871
|switch|p1a: Vikavolt|Vikavolt, M|82/100 psn
|turn|18
|
|t:|1760751877
|move|p2a: Gliscor|Knock Off|p1a: Vikavolt
|-damage|p1a: Vikavolt|37/100 psn
|-enditem|p1a: Vikavolt|Focus Sash|[from] move: Knock Off|[of] p2a: Gliscor
|move|p1a: Vikavolt|Energy Ball|p2a: Gliscor
|-supereffective|p2a: Gliscor
|-damage|p2a: Gliscor|0 fnt
|faint|p2a: Gliscor
|
|-damage|p1a: Vikavolt|25/100 psn|[from] psn
|upkeep
|
|t:|1760751886
|switch|p2a: Corviknight|Corviknight, M|100/100
|-damage|p2a: Corviknight|88/100|[from] Stealth Rock
|-ability|p2a: Corviknight|Pressure
|turn|19
|
|t:|1760751893
|move|p2a: Corviknight|Defog|p1a: Vikavolt
|-unboost|p1a: Vikavolt|evasion|1
|-sideend|p1: capitolg|Sticky Web|[from] move: Defog|[of] p2a: Corviknight
|-sideend|p2: thegoatttttttt|Stealth Rock|[from] move: Defog|[of] p2a: Corviknight
|move|p1a: Vikavolt|Discharge|p2a: Corviknight
|-supereffective|p2a: Corviknight
|-damage|p2a: Corviknight|0 fnt
|faint|p2a: Corviknight
|
|-damage|p1a: Vikavolt|12/100 psn|[from] psn
|upkeep
|
|t:|1760751902
|switch|p2a: Rotom|Rotom-Wash|100/100
|turn|20
|
|t:|1760751910
|move|p2a: Rotom|Hydro Pump|p1a: Vikavolt
|-damage|p1a: Vikavolt|0 fnt
|faint|p1a: Vikavolt
|
|upkeep
|
|t:|1760751917
|switch|p1a: Empoleon|Empoleon, M|64/100
|turn|21
|
|t:|1760751921
|move|p2a: Rotom|Will-O-Wisp|p1a: Empoleon
|-status|p1a: Empoleon|brn
|move|p1a: Empoleon|Surf|p2a: Rotom
|-resisted|p2a: Rotom
|-damage|p2a: Rotom|78/100
|
|-heal|p2a: Rotom|84/100|[from] item: Leftovers
|-damage|p1a: Empoleon|58/100 brn|[from] brn
|upkeep
|turn|22
|-message|capitolg forfeited.
|
|win|thegoatttttttt
|raw|capitolg's rating: 1214 &rarr; <strong>1187</strong><br />(-27 for losing)
|raw|thegoatttttttt's rating: 1190 &rarr; <strong>1217</strong><br />(+27 for winning)
|l|☆capitolg
|player|p1|
|l|☆thegoatttttttt
|player|p2|
