|j|☆reudige Gurke
|j|☆BananaHau
|t:|1760834677
|gametype|singles
|player|p1|reudige Gurke|265|1410
|player|p2|BananaHau|alec-anime|1474
|gen|9
|tier|[Gen 9] OU
|rated|
|rule|HP Percentage Mod: HP is shown in percentages
|rule|Endless Battle Clause: Forcing endless battles is banned
|rule|Species Clause: Limit one of each Pokémon
|rule|OHKO Clause: OHKO moves are banned
|rule|Evasion Items Clause: Evasion items are banned
|rule|Evasion Moves Clause: Evasion moves are banned
|rule|Evasion Abilities Clause: Evasion abilities are banned
|rule|Sleep Moves Clause: Sleep-inducing moves are banned
|clearpoke
|poke|p1|Mew|
|poke|p1|Alomomola, M|
|poke|p1|Cinderace, M|
|poke|p1|Primarina, M|
|poke|p1|Persian-Alola, M|
|poke|p1|Kyurem|
|poke|p2|Great Tusk|
|poke|p2|Raging Bolt|
|poke|p2|Iron Valiant|
|poke|p2|Dudunsparce-*, F|
|poke|p2|Latios, M|
|poke|p2|Gholdengo|
|teampreview
|
|t:|1760834687
|teamsize|p1|6
|teamsize|p2|6
|start
|switch|p1a: Persian|Persian-Alola, M|100/100
|switch|p2a: Ananta|Dudunsparce-Three-Segment, F, shiny|100/100
|turn|1
|
|t:|1760834699
|move|p1a: Persian|Switcheroo|p2a: Ananta
|-activate|p1a: Persian|move: Trick|[of] p2a: Ananta
|-item|p2a: Ananta|Choice Scarf|[from] move: Switcheroo
|-item|p1a: Persian|Leftovers|[from] move: Switcheroo
|move|p2a: Ananta|Glare|p1a: Persian
|-status|p1a: Persian|par
|
|upkeep
|turn|2
|
|t:|1760834708
|move|p2a: Ananta|Glare|p1a: Persian
|-fail|p1a: Persian|par
|cant|p1a: Persian|par
|
|upkeep
|turn|3
|
|t:|1760834715
|move|p2a: Ananta|Glare|p1a: Persian
|-fail|p1a: Persian|par
|move|p1a: Persian|Thunder Wave|p2a: Ananta
|-status|p2a: Ananta|par
|
|upkeep
|turn|4
|
|t:|1760834720
|move|p1a: Persian|Foul Play|p2a: Ananta
|-damage|p2a: Ananta|79/100 par
|-ability|p2a: Ananta|Rattled|boost
|-boost|p2a: Ananta|spe|1
|move|p2a: Ananta|Glare|p1a: Persian
|-fail|p1a: Persian|par
|
|upkeep
|turn|5
|
|t:|1760834724
|move|p1a: Persian|Foul Play|p2a: Ananta
|-damage|p2a: Ananta|53/100 par
|-ability|p2a: Ananta|Rattled|boost
|-boost|p2a: Ananta|spe|1
|move|p2a: Ananta|Glare|p1a: Persian
|-fail|p1a: Persian|par
|
|upkeep
|turn|6
|
|t:|1760834735
|move|p2a: Ananta|Glare|p1a: Persian
|-fail|p1a: Persian|par
|move|p1a: Persian|Foul Play|p2a: Ananta
|-damage|p2a: Ananta|29/100 par
|-ability|p2a: Ananta|Rattled|boost
|-boost|p2a: Ananta|spe|1
|
|upkeep
|turn|7
|
|t:|1760834742
|switch|p2a: Durga|Iron Valiant, shiny|100/100
|-enditem|p2a: Durga|Booster Energy
|-activate|p2a: Durga|ability: Quark Drive|[fromitem]
|-start|p2a: Durga|quarkdrivespe
|move|p1a: Persian|Foul Play|p2a: Durga
|-resisted|p2a: Durga
|-crit|p2a: Durga
|-damage|p2a: Durga|79/100
|
|upkeep
|turn|8
|
|t:|1760834749
|move|p2a: Durga|Knock Off|p1a: Persian
|-resisted|p1a: Persian
|-damage|p1a: Persian|90/100 par
|-enditem|p1a: Persian|Leftovers|[from] move: Knock Off|[of] p2a: Durga
|cant|p1a: Persian|par
|
|upkeep
|turn|9
|
|t:|1760834754
|move|p2a: Durga|Moonblast|p1a: Persian
|-supereffective|p1a: Persian
|-damage|p1a: Persian|0 fnt
|faint|p1a: Persian
|
|upkeep
|
|t:|1760834766
|switch|p1a: Primarina|Primarina, M|100/100
|turn|10
|
|t:|1760834771
|move|p2a: Durga|Knock Off|p1a: Primarina
|-resisted|p1a: Primarina
|-damage|p1a: Primarina|82/100
|-enditem|p1a: Primarina|Assault Vest|[from] move: Knock Off|[of] p2a: Durga
|move|p1a: Primarina|Moonblast|p2a: Durga
|-supereffective|p2a: Durga
|-damage|p2a: Durga|0 fnt
|faint|p2a: Durga
|-end|p2a: Durga|Quark Drive|[silent]
|
|upkeep
|
|t:|1760834780
|switch|p2a: Indra|Raging Bolt|100/100
|-enditem|p2a: Indra|Booster Energy
|-activate|p2a: Indra|ability: Protosynthesis|[fromitem]
|-start|p2a: Indra|protosynthesisspa
|turn|11
|
|t:|1760834787
|move|p2a: Indra|Thunderbolt|p1a: Primarina
|-supereffective|p1a: Primarina
|-damage|p1a: Primarina|0 fnt
|faint|p1a: Primarina
|
|upkeep
|
|t:|1760834800
|switch|p1a: Kyurem|Kyurem|100/100
|-ability|p1a: Kyurem|Pressure
|turn|12
|
|t:|1760834809
|-terastallize|p2a: Indra|Bug
|move|p1a: Kyurem|Substitute|p1a: Kyurem
|-start|p1a: Kyurem|Substitute
|-damage|p1a: Kyurem|76/100
|move|p2a: Indra|Dragon Pulse|p1a: Kyurem
|-supereffective|p1a: Kyurem
|-end|p1a: Kyurem|Substitute
|
|-heal|p1a: Kyurem|82/100|[from] item: Leftovers
|upkeep
|turn|13
|inactive|Battle timer is ON: inactive players will automatically lose when time's up. (requested by reudige Gurke)
|
|t:|1760834818
|move|p1a: Kyurem|Protect|p1a: Kyurem
|-singleturn|p1a: Kyurem|Protect
|move|p2a: Indra|Dragon Pulse|p1a: Kyurem
|-activate|p1a: Kyurem|move: Protect
|
|-heal|p1a: Kyurem|88/100|[from] item: Leftovers
|upkeep
|turn|14
|inactive|reudige Gurke has 120 seconds left.
|
|t:|1760834856
|switch|p1a: Alomomola|Alomomola, M|100/100
|move|p2a: Indra|Dragon Pulse|p1a: Alomomola
|-damage|p1a: Alomomola|21/100
|
|upkeep
|turn|15
|
|t:|1760834869
|move|p2a: Indra|Thunderbolt|p1a: Alomomola
|-supereffective|p1a: Alomomola
|-crit|p1a: Alomomola
|-damage|p1a: Alomomola|0 fnt
|faint|p1a: Alomomola
|
|upkeep
|
|t:|1760834871
|switch|p1a: Cinderace|Cinderace, M|100/100
|turn|16
|
|t:|1760834875
|move|p2a: Indra|Thunderclap|p1a: Cinderace
|-damage|p1a: Cinderace|23/100
|move|p1a: Cinderace|Pyro Ball|p2a: Indra
|-supereffective|p2a: Indra
|-crit|p2a: Indra
|-damage|p2a: Indra|0 fnt
|faint|p2a: Indra
|-end|p2a: Indra|Protosynthesis|[silent]
|
|upkeep
|
|t:|1760834884
|switch|p2a: Ganesha|Great Tusk, shiny|100/100
|-enditem|p2a: Ganesha|Booster Energy
|-activate|p2a: Ganesha|ability: Protosynthesis|[fromitem]
|-start|p2a: Ganesha|protosynthesisspe
|turn|17
|
|t:|1760834891
|move|p2a: Ganesha|Headlong Rush|p1a: Cinderace
|-supereffective|p1a: Cinderace
|-damage|p1a: Cinderace|0 fnt
|-unboost|p2a: Ganesha|def|1
|-unboost|p2a: Ganesha|spd|1
|faint|p1a: Cinderace
|
|upkeep
|
|t:|1760834895
|switch|p1a: Mew|Mew|100/100
|turn|18
|
|t:|1760834897
|move|p2a: Ganesha|Headlong Rush|p1a: Mew
|-damage|p1a: Mew|68/100
|-unboost|p2a: Ganesha|def|1
|-unboost|p2a: Ganesha|spd|1
|move|p1a: Mew|Agility|p1a: Mew
|-boost|p1a: Mew|spe|2
|
|upkeep
|turn|19
|
|t:|1760834903
|-end|p2a: Ganesha|Protosynthesis|[silent]
|switch|p2a: Kubera|Gholdengo, shiny|100/100
|move|p1a: Mew|Calm Mind|p1a: Mew
|-boost|p1a: Mew|spa|1
|-boost|p1a: Mew|spd|1
|
|upkeep
|turn|20
|
|t:|1760834912
|move|p1a: Mew|Calm Mind|p1a: Mew
|-boost|p1a: Mew|spa|1
|-boost|p1a: Mew|spd|1
|move|p2a: Kubera|Shadow Ball|p1a: Mew
|-supereffective|p1a: Mew
|-damage|p1a: Mew|31/100
|-enditem|p1a: Mew|Weakness Policy
|-boost|p1a: Mew|atk|2|[from] item: Weakness Policy
|-boost|p1a: Mew|spa|2|[from] item: Weakness Policy
|
|upkeep
|turn|21
|
|t:|1760834922
|-terastallize|p1a: Mew|Fairy
|move|p1a: Mew|Stored Power|p2a: Kubera
|-resisted|p2a: Kubera
|-damage|p2a: Kubera|0 fnt
|faint|p2a: Kubera
|
|upkeep
|
|t:|1760834929
|switch|p2a: Garuda|Latios, M, shiny|100/100
|turn|22
|
|t:|1760834936
|move|p1a: Mew|Draining Kiss|p2a: Garuda
|-supereffective|p2a: Garuda
|-damage|p2a: Garuda|0 fnt
|-heal|p1a: Mew|87/100|[from] drain|[of] p2a: Garuda
|faint|p2a: Garuda
|
|upkeep
|-message|BananaHau forfeited.
|
|win|reudige Gurke
|raw|reudige Gurke's rating: 1410 &rarr; <strong>1434</strong><br />(+24 for winning)
|raw|BananaHau's rating: 1474 &rarr; <strong>1450</strong><br />(-24 for losing)
|c|☆reudige Gurke|gg
|l|☆BananaHau
|player|p2|
|l|☆reudige Gurke
|player|p1|
