|j|☆AlexCHZ
|j|☆peqmen 0.0
|t:|1760823813
|gametype|singles
|player|p1|AlexCHZ|hilbert-wonderlauncher|1185
|player|p2|peqmen 0.0|giovanni|1187
|gen|9
|tier|[Gen 9] OU
|rated|
|rule|HP Percentage Mod: HP is shown in percentages
|rule|Endless Battle Clause: Forcing endless battles is banned
|rule|Species Clause: Limit one of each Pokémon
|rule|OHKO Clause: OHKO moves are banned
|rule|Evasion Items Clause: Evasion items are banned
|rule|Evasion Moves Clause: Evasion moves are banned
|rule|Evasion Abilities Clause: Evasion abilities are banned
|rule|Sleep Moves Clause: Sleep-inducing moves are banned
|clearpoke
|poke|p1|Pincurchin, M|
|poke|p1|Hawlucha, F|
|poke|p1|Iron Moth|
|poke|p1|Moltres-Galar|
|poke|p1|Arboliva, M|
|poke|p1|Mienshao, M|
|poke|p2|Gholdengo|
|poke|p2|Drifblim, F|
|poke|p2|Haunter, M|
|poke|p2|Samurott-Hisui, F|
|poke|p2|Tyranitar, M|
|poke|p2|Slowking-Galar, F|
|teampreview
|
|t:|1760823821
|teamsize|p1|6
|teamsize|p2|6
|start
|switch|p1a: Arboliva|Arboliva, M|100/100
|switch|p2a: Samurott|Samurott-Hisui, F|100/100
|turn|1
|inactive|Battle timer is ON: inactive players will automatically lose when time's up. (requested by AlexCHZ)
|
|t:|1760823834
|move|p2a: Samurott|Sacred Sword|p1a: Arboliva
|-supereffective|p1a: Arboliva
|-damage|p1a: Arboliva|13/100
|move|p1a: Arboliva|Energy Ball|p2a: Samurott
|-supereffective|p2a: Samurott
|-damage|p2a: Samurott|0 fnt
|faint|p2a: Samurott
|
|upkeep
|
|t:|1760823840
|switch|p2a: Forgotten king|Tyranitar, M|100/100
|-weather|Sandstorm|[from] ability: Sand Stream|[of] p2a: Forgotten king
|turn|2
|
|t:|1760823849
|move|p2a: Forgotten king|Stealth Rock|p1a: Arboliva
|-sidestart|p1: AlexCHZ|move: Stealth Rock
|move|p1a: Arboliva|Energy Ball|p2a: Forgotten king
|-supereffective|p2a: Forgotten king
|-damage|p2a: Forgotten king|42/100
|
|-weather|Sandstorm|[upkeep]
|-damage|p1a: Arboliva|7/100|[from] Sandstorm
|-heal|p2a: Forgotten king|48/100|[from] item: Leftovers
|upkeep
|turn|3
|
|t:|1760823859
|switch|p2a: Slowking|Slowking-Galar, F|100/100
|move|p1a: Arboliva|Energy Ball|p2a: Slowking
|-resisted|p2a: Slowking
|-damage|p2a: Slowking|86/100
|
|-weather|Sandstorm|[upkeep]
|-damage|p1a: Arboliva|1/100|[from] Sandstorm
|-damage|p2a: Slowking|80/100|[from] Sandstorm
|upkeep
|turn|4
|
|t:|1760823869
|move|p1a: Arboliva|Earth Power|p2a: Slowking
|-supereffective|p2a: Slowking
|-damage|p2a: Slowking|41/100
|move|p2a: Slowking|Future Sight|p1a: Arboliva
|-start|p2a: Slowking|move: Future Sight
|
|-weather|Sandstorm|[upkeep]
|-damage|p1a: Arboliva|0 fnt|[from] Sandstorm
|-damage|p2a: Slowking|35/100|[from] Sandstorm
|faint|p1a: Arboliva
|upkeep
|
|t:|1760823883
|switch|p1a: Moltres|Moltres-Galar|100/100
|-damage|p1a: Moltres|76/100|[from] Stealth Rock
|turn|5
|
|t:|1760823889
|move|p1a: Moltres|Fiery Wrath|p2a: Slowking
|-supereffective|p2a: Slowking
|-damage|p2a: Slowking|0 fnt
|faint|p2a: Slowking
|
|-weather|Sandstorm|[upkeep]
|-damage|p1a: Moltres|69/100|[from] Sandstorm
|upkeep
|
|t:|1760823897
|switch|p2a: Forgotten king|Tyranitar, M|48/100
|turn|6
|
|t:|1760823906
|move|p1a: Moltres|Air Slash|p2a: Forgotten king
|-resisted|p2a: Forgotten king
|-damage|p2a: Forgotten king|40/100
|move|p2a: Forgotten king|Ice Beam|p1a: Moltres
|-supereffective|p1a: Moltres
|-damage|p1a: Moltres|20/100
|-status|p1a: Moltres|frz
|-enditem|p1a: Moltres|Salac Berry|[eat]
|-boost|p1a: Moltres|spe|1|[from] item: Salac Berry
|-ability|p1a: Moltres|Berserk|boost
|-boost|p1a: Moltres|spa|1
|
|-weather|none
|-end|p1a: Moltres|move: Future Sight
|-immune|p1a: Moltres
|-heal|p2a: Forgotten king|46/100|[from] item: Leftovers
|upkeep
|turn|7
|
|t:|1760823921
|switch|p2a: Haunter|Haunter, M|100/100
|-curestatus|p1a: Moltres|frz|[msg]
|move|p1a: Moltres|Air Slash|p2a: Haunter
|-damage|p2a: Haunter|43/100
|
|upkeep
|turn|8
|
|t:|1760823929
|switch|p2a: Forgotten king|Tyranitar, M|46/100
|-weather|Sandstorm|[from] ability: Sand Stream|[of] p2a: Forgotten king
|move|p1a: Moltres|Fiery Wrath|p2a: Forgotten king
|-resisted|p2a: Forgotten king
|-damage|p2a: Forgotten king|28/100
|
|-weather|Sandstorm|[upkeep]
|-damage|p1a: Moltres|13/100|[from] Sandstorm
|-heal|p2a: Forgotten king|34/100|[from] item: Leftovers
|upkeep
|turn|9
|
|t:|1760823941
|move|p1a: Moltres|Air Slash|p2a: Forgotten king
|-resisted|p2a: Forgotten king
|-damage|p2a: Forgotten king|19/100
|cant|p2a: Forgotten king|flinch
|
|-weather|Sandstorm|[upkeep]
|-damage|p1a: Moltres|7/100|[from] Sandstorm
|-heal|p2a: Forgotten king|25/100|[from] item: Leftovers
|upkeep
|turn|10
|
|t:|1760823950
|move|p1a: Moltres|Air Slash|p2a: Forgotten king
|-resisted|p2a: Forgotten king
|-damage|p2a: Forgotten king|12/100
|move|p2a: Forgotten king|Knock Off|p1a: Moltres
|-resisted|p1a: Moltres
|-damage|p1a: Moltres|0 fnt
|faint|p1a: Moltres
|
|-weather|Sandstorm|[upkeep]
|-heal|p2a: Forgotten king|18/100|[from] item: Leftovers
|upkeep
|
|t:|1760823965
|switch|p1a: Mienshao|Mienshao, M|100/100
|-damage|p1a: Mienshao|95/100|[from] Stealth Rock
|turn|11
|
|t:|1760823975
|switch|p2a: Anti tusk|Drifblim, F|100/100
|move|p1a: Mienshao|U-turn|p2a: Anti tusk
|-resisted|p2a: Anti tusk
|-damage|p2a: Anti tusk|94/100
|-damage|p1a: Mienshao|85/100|[from] item: Life Orb
|
|t:|1760823984
|switch|p1a: Pincurchin|Pincurchin, M|100/100|[from] U-turn
|-damage|p1a: Pincurchin|88/100|[from] Stealth Rock
|-fieldstart|move: Electric Terrain|[from] ability: Electric Surge|[of] p1a: Pincurchin
|
|-weather|Sandstorm|[upkeep]
|-damage|p2a: Anti tusk|88/100|[from] Sandstorm
|-damage|p1a: Pincurchin|82/100|[from] Sandstorm
|-heal|p2a: Anti tusk|94/100|[from] item: Leftovers
|upkeep
|turn|12
|
|t:|1760823995
|switch|p2a: Gholdengo|Gholdengo|100/100
|move|p1a: Pincurchin|Zing Zap|p2a: Gholdengo
|-damage|p2a: Gholdengo|44/100
|
|-weather|none
|upkeep
|turn|13
|
|t:|1760824002
|move|p1a: Pincurchin|Sucker Punch|p2a: Gholdengo
|-supereffective|p2a: Gholdengo
|-damage|p2a: Gholdengo|0 fnt
|faint|p2a: Gholdengo
|
|upkeep
|-message|peqmen 0.0 forfeited.
|
|win|AlexCHZ
|raw|AlexCHZ's rating: 1185 &rarr; <strong>1210</strong><br />(+25 for winning)
|raw|peqmen 0.0's rating: 1187 &rarr; <strong>1162</strong><br />(-25 for losing)
|l|☆peqmen 0.0
|player|p2|
