|j|☆wangischangis
|j|☆Exatamer
|t:|1760848614
|gametype|singles
|player|p1|wangischangis|170|1161
|player|p2|Exatamer|170|1121
|gen|9
|tier|[Gen 9] OU
|rated|
|rule|HP Percentage Mod: HP is shown in percentages
|rule|Endless Battle Clause: Forcing endless battles is banned
|rule|Species Clause: Limit one of each Pokémon
|rule|OHKO Clause: OHKO moves are banned
|rule|Evasion Items Clause: Evasion items are banned
|rule|Evasion Moves Clause: Evasion moves are banned
|rule|Evasion Abilities Clause: Evasion abilities are banned
|rule|Sleep Moves Clause: Sleep-inducing moves are banned
|clearpoke
|poke|p1|Alomomola, M|
|poke|p1|Scizor, F|
|poke|p1|Incineroar, M|
|poke|p1|Porygon2|
|poke|p1|Glimmora, M|
|poke|p1|Gliscor, F|
|poke|p2|Ninetales-Alola, M|
|poke|p2|Sandslash-Alola, M|
|poke|p2|Slowking-Galar, M|
|poke|p2|Froslass, F|
|poke|p2|Hatterene, F|
|poke|p2|Cetitan, M|
|teampreview
|
|t:|1760848639
|teamsize|p1|6
|teamsize|p2|6
|start
|switch|p1a: Gliscor|Gliscor, F|100/100
|switch|p2a: Slowking|Slowking-Galar, M|100/100
|turn|1
|
|t:|1760848653
|move|p1a: Gliscor|Protect|p1a: Gliscor
|-singleturn|p1a: Gliscor|Protect
|move|p2a: Slowking|Future Sight|p1a: Gliscor
|-start|p2a: Slowking|move: Future Sight
|
|-status|p1a: Gliscor|tox|[from] item: Toxic Orb
|upkeep
|turn|2
|
|t:|1760848659
|move|p1a: Gliscor|Stealth Rock|p2a: Slowking
|-sidestart|p2: Exatamer|move: Stealth Rock
|-prepare|p2a: Slowking|Chilly Reception|[premajor]
|move|p2a: Slowking|Chilly Reception|p2a: Slowking
|-weather|Snowscape
|
|t:|1760848666
|switch|p2a: Sandslash|Sandslash-Alola, M|100/100|[from] Chilly Reception
|
|-weather|Snowscape|[upkeep]
|upkeep
|turn|3
|
|t:|1760848671
|switch|p1a: Incineroar|Incineroar, M|100/100
|-ability|p1a: Incineroar|Intimidate|boost
|-unboost|p2a: Sandslash|atk|1
|move|p2a: Sandslash|Rapid Spin|p1a: Incineroar
|-damage|p1a: Incineroar|91/100
|-boost|p2a: Sandslash|spe|1
|-sideend|p2: Exatamer|Stealth Rock|[from] move: Rapid Spin|[of] p2a: Sandslash
|
|-weather|Snowscape|[upkeep]
|-end|p1a: Incineroar|move: Future Sight
|-immune|p1a: Incineroar
|-heal|p1a: Incineroar|97/100|[from] item: Leftovers
|upkeep
|turn|4
|
|t:|1760848691
|switch|p2a: Hatterene|Hatterene, F|100/100
|move|p1a: Incineroar|Flare Blitz|p2a: Hatterene
|-damage|p2a: Hatterene|28/100
|-damage|p1a: Incineroar|78/100|[from] Recoil
|
|-weather|Snowscape|[upkeep]
|-heal|p1a: Incineroar|84/100|[from] item: Leftovers
|-heal|p2a: Hatterene|34/100|[from] item: Leftovers
|upkeep
|turn|5
|
|t:|1760848699
|move|p1a: Incineroar|Knock Off|p2a: Hatterene
|-damage|p2a: Hatterene|0 fnt
|-enditem|p2a: Hatterene|Leftovers|[from] move: Knock Off|[of] p1a: Incineroar
|faint|p2a: Hatterene
|
|-weather|Snowscape|[upkeep]
|-heal|p1a: Incineroar|90/100|[from] item: Leftovers
|upkeep
|
|t:|1760848706
|switch|p2a: Froslass|Froslass, F|100/100
|turn|6
|
|t:|1760848711
|switch|p1a: Porygon2|Porygon2|100/100
|-ability|p1a: Porygon2|Download|boost
|-boost|p1a: Porygon2|atk|1
|-terastallize|p2a: Froslass|Water
|move|p2a: Froslass|Tera Blast|p1a: Porygon2|[anim] Tera Blast Water
|-damage|p1a: Porygon2|81/100
|
|-weather|none
|upkeep
|turn|7
|
|t:|1760848722
|switch|p2a: Ninetales|Ninetales-Alola, M, shiny|100/100
|-weather|Snowscape|[from] ability: Snow Warning|[of] p2a: Ninetales
|move|p1a: Porygon2|Trick Room|p1a: Porygon2
|-fieldstart|move: Trick Room|[of] p1a: Porygon2
|
|-weather|Snowscape|[upkeep]
|upkeep
|turn|8
|
|t:|1760848732
|switch|p1a: Incineroar|Incineroar, M|90/100
|-ability|p1a: Incineroar|Intimidate|boost
|-unboost|p2a: Ninetales|atk|1
|switch|p2a: Slowking|Slowking-Galar, M|100/100
|
|-weather|Snowscape|[upkeep]
|-heal|p1a: Incineroar|96/100|[from] item: Leftovers
|upkeep
|turn|9
|
|t:|1760848742
|move|p2a: Slowking|Toxic|p1a: Incineroar
|-status|p1a: Incineroar|tox
|move|p1a: Incineroar|Knock Off|p2a: Slowking
|-supereffective|p2a: Slowking
|-damage|p2a: Slowking|0 fnt
|-enditem|p2a: Slowking|Black Sludge|[from] move: Knock Off|[of] p1a: Incineroar
|faint|p2a: Slowking
|
|-weather|Snowscape|[upkeep]
|-heal|p1a: Incineroar|100/100 tox|[from] item: Leftovers
|-damage|p1a: Incineroar|94/100 tox|[from] psn
|upkeep
|
|t:|1760848756
|switch|p2a: Ninetales|Ninetales-Alola, M, shiny|100/100
|turn|10
|
|t:|1760848761
|move|p1a: Incineroar|Flare Blitz|p2a: Ninetales
|-supereffective|p2a: Ninetales
|-damage|p2a: Ninetales|0 fnt
|faint|p2a: Ninetales
|-damage|p1a: Incineroar|70/100 tox|[from] Recoil
|
|-weather|Snowscape|[upkeep]
|-heal|p1a: Incineroar|76/100 tox|[from] item: Leftovers
|-damage|p1a: Incineroar|64/100 tox|[from] psn
|upkeep
|
|t:|1760848771
|switch|p2a: Cetitan|Cetitan, M|100/100
|turn|11
|
|t:|1760848775
|move|p1a: Incineroar|Flare Blitz|p2a: Cetitan
|-supereffective|p2a: Cetitan
|-damage|p2a: Cetitan|27/100
|-enditem|p2a: Cetitan|Sitrus Berry|[eat]
|-heal|p2a: Cetitan|52/100|[from] item: Sitrus Berry
|-damage|p1a: Incineroar|31/100 tox|[from] Recoil
|move|p2a: Cetitan|Earthquake|p1a: Incineroar
|-supereffective|p1a: Incineroar
|-damage|p1a: Incineroar|0 fnt
|faint|p1a: Incineroar
|
|-weather|none
|-fieldend|move: Trick Room
|upkeep
|
|t:|1760848787
|switch|p1a: Scizor|Scizor, F|100/100
|turn|12
|
|t:|1760848793
|move|p1a: Scizor|Bullet Punch|p2a: Cetitan
|-supereffective|p2a: Cetitan
|-damage|p2a: Cetitan|0 fnt
|faint|p2a: Cetitan
|
|upkeep
|
|t:|1760848799
|switch|p2a: Sandslash|Sandslash-Alola, M|100/100
|turn|13
|
|t:|1760848804
|switch|p1a: Gliscor|Gliscor, F|100/100 tox
|move|p2a: Sandslash|Knock Off|p1a: Gliscor
|-damage|p1a: Gliscor|78/100 tox
|-enditem|p1a: Gliscor|Toxic Orb|[from] move: Knock Off|[of] p2a: Sandslash
|
|-heal|p1a: Gliscor|90/100 tox|[from] ability: Poison Heal
|upkeep
|turn|14
|
|t:|1760848814
|move|p2a: Sandslash|Ice Shard|p1a: Gliscor
|-supereffective|p1a: Gliscor
|-damage|p1a: Gliscor|29/100 tox
|move|p1a: Gliscor|Stealth Rock|p2a: Sandslash
|-sidestart|p2: Exatamer|move: Stealth Rock
|
|-heal|p1a: Gliscor|41/100 tox|[from] ability: Poison Heal
|upkeep
|turn|15
|
|t:|1760848820
|move|p1a: Gliscor|Protect|p1a: Gliscor
|-singleturn|p1a: Gliscor|Protect
|move|p2a: Sandslash|Ice Shard|p1a: Gliscor
|-activate|p1a: Gliscor|move: Protect
|
|-heal|p1a: Gliscor|54/100 tox|[from] ability: Poison Heal
|upkeep
|turn|16
|
|t:|1760848828
|switch|p1a: Porygon2|Porygon2|81/100
|-ability|p1a: Porygon2|Download|boost
|-boost|p1a: Porygon2|spa|1
|move|p2a: Sandslash|Rapid Spin|p1a: Porygon2
|-damage|p1a: Porygon2|70/100
|-boost|p2a: Sandslash|spe|1
|-sideend|p2: Exatamer|Stealth Rock|[from] move: Rapid Spin|[of] p2a: Sandslash
|
|upkeep
|turn|17
|
|t:|1760848840
|-terastallize|p1a: Porygon2|Ground
|move|p2a: Sandslash|Iron Head|p1a: Porygon2
|-damage|p1a: Porygon2|44/100
|move|p1a: Porygon2|Tera Blast|p2a: Sandslash|[anim] Tera Blast Ground
|-supereffective|p2a: Sandslash
|-damage|p2a: Sandslash|0 fnt
|faint|p2a: Sandslash
|
|upkeep
|
|t:|1760848848
|switch|p2a: Froslass|Froslass, F, tera:Water|100/100
|turn|18
|
|t:|1760848852
|switch|p1a: Alomomola|Alomomola, M|100/100
|move|p2a: Froslass|Blizzard|p1a: Alomomola
|-resisted|p1a: Alomomola
|-damage|p1a: Alomomola|82/100
|-enditem|p1a: Alomomola|Eject Button
|-message|Exatamer forfeited.
|
|win|wangischangis
|raw|wangischangis's rating: 1161 &rarr; <strong>1183</strong><br />(+22 for winning)
|raw|Exatamer's rating: 1121 &rarr; <strong>1099</strong><br />(-22 for losing)
|l|☆Exatamer
|player|p2|
|l|☆wangischangis
|player|p1|
