|j|☆Nyarlachan
|j|☆Dansiger
|t:|1760853790
|gametype|singles
|player|p1|Nyarlachan|twins-gen4dp|1107
|player|p2|Dansiger|palmer|1153
|gen|9
|tier|[Gen 9] OU
|rated|
|rule|HP Percentage Mod: HP is shown in percentages
|rule|Endless Battle Clause: Forcing endless battles is banned
|rule|Species Clause: Limit one of each Pokémon
|rule|OHKO Clause: OHKO moves are banned
|rule|Evasion Items Clause: Evasion items are banned
|rule|Evasion Moves Clause: Evasion moves are banned
|rule|Evasion Abilities Clause: Evasion abilities are banned
|rule|Sleep Moves Clause: Sleep-inducing moves are banned
|clearpoke
|poke|p1|Grafaiai, M|
|poke|p1|Iron Hands|
|poke|p1|Tinkaton, F|
|poke|p1|Dondozo, M|
|poke|p1|Glimmora, F|
|poke|p1|Sinistcha|
|poke|p2|Arcanine, M|
|poke|p2|Blastoise, M|
|poke|p2|Raichu, M|
|poke|p2|Vileplume, F|
|poke|p2|Heracross, M|
|poke|p2|Umbreon, M|
|teampreview
|
|t:|1760853795
|teamsize|p1|6
|teamsize|p2|6
|start
|switch|p1a: Glimmora|Glimmora, F|100/100
|switch|p2a: Heracross|Heracross, M|100/100
|turn|1
|
|t:|1760853810
|move|p1a: Glimmora|Meteor Beam||[still]
|-prepare|p1a: Glimmora|Meteor Beam
|-boost|p1a: Glimmora|spa|1
|-enditem|p1a: Glimmora|Power Herb
|-anim|p1a: Glimmora|Meteor Beam|p2a: Heracross
|-damage|p2a: Heracross|0 fnt
|faint|p2a: Heracross
|
|upkeep
|
|t:|1760853823
|switch|p2a: Arcanine|Arcanine, M|100/100
|-ability|p2a: Arcanine|Intimidate|boost
|-unboost|p1a: Glimmora|atk|1
|turn|2
|
|t:|1760853829
|move|p2a: Arcanine|Scorching Sands|p1a: Glimmora
|-supereffective|p1a: Glimmora
|-damage|p1a: Glimmora|16/100
|move|p1a: Glimmora|Stealth Rock|p2a: Arcanine
|-sidestart|p2: Dansiger|move: Stealth Rock
|
|upkeep
|turn|3
|
|t:|1760853840
|switch|p1a: Dondozo|Dondozo, M|100/100
|move|p2a: Arcanine|Scorching Sands|p1a: Dondozo
|-damage|p1a: Dondozo|86/100
|
|-heal|p1a: Dondozo|92/100|[from] item: Leftovers
|upkeep
|turn|4
|
|t:|1760853850
|switch|p2a: Vileplume|Vileplume, F|100/100
|-damage|p2a: Vileplume|88/100|[from] Stealth Rock
|move|p1a: Dondozo|Curse|p1a: Dondozo
|-unboost|p1a: Dondozo|spe|1
|-boost|p1a: Dondozo|atk|1
|-boost|p1a: Dondozo|def|1
|
|-heal|p2a: Vileplume|94/100|[from] item: Leftovers
|-heal|p1a: Dondozo|98/100|[from] item: Leftovers
|upkeep
|turn|5
|
|t:|1760853871
|switch|p1a: Tinkaton|Tinkaton, F|100/100
|-ability|p1a: Tinkaton|Mold Breaker
|-item|p1a: Tinkaton|Air Balloon
|move|p2a: Vileplume|Strength Sap|p1a: Tinkaton
|-unboost|p1a: Tinkaton|atk|1
|-heal|p2a: Vileplume|100/100
|
|upkeep
|turn|6
|
|t:|1760853883
|move|p1a: Tinkaton|Knock Off|p2a: Vileplume
|-damage|p2a: Vileplume|88/100
|-status|p1a: Tinkaton|slp|[from] ability: Effect Spore|[of] p2a: Vileplume
|-enditem|p2a: Vileplume|Leftovers|[from] move: Knock Off|[of] p1a: Tinkaton
|move|p2a: Vileplume|Strength Sap|p1a: Tinkaton
|-unboost|p1a: Tinkaton|atk|1
|-heal|p2a: Vileplume|100/100
|
|upkeep
|turn|7
|
|t:|1760853898
|switch|p1a: Glimmora|Glimmora, F|16/100
|switch|p2a: Arcanine|Arcanine, M|100/100
|-damage|p2a: Arcanine|76/100|[from] Stealth Rock
|-ability|p2a: Arcanine|Intimidate|boost
|-unboost|p1a: Glimmora|atk|1
|
|upkeep
|turn|8
|
|t:|1760853917
|switch|p1a: Dondozo|Dondozo, M|98/100
|move|p2a: Arcanine|Scorching Sands|p1a: Dondozo
|-damage|p1a: Dondozo|84/100
|
|-heal|p1a: Dondozo|90/100|[from] item: Leftovers
|upkeep
|turn|9
|
|t:|1760853929
|switch|p2a: Vileplume|Vileplume, F|100/100
|-damage|p2a: Vileplume|88/100|[from] Stealth Rock
|move|p1a: Dondozo|Dive||[still]
|-prepare|p1a: Dondozo|Dive
|
|-heal|p1a: Dondozo|96/100|[from] item: Leftovers
|upkeep
|turn|10
|
|t:|1760853943
|move|p2a: Vileplume|Giga Drain|p1a: Dondozo|[miss]
|-miss|p2a: Vileplume|p1a: Dondozo
|move|p1a: Dondozo|Dive|p2a: Vileplume|[from] lockedmove
|-resisted|p2a: Vileplume
|-damage|p2a: Vileplume|73/100
|
|-heal|p1a: Dondozo|100/100|[from] item: Leftovers
|upkeep
|turn|11
|
|t:|1760853957
|switch|p1a: Iron Hands|Iron Hands|100/100
|move|p2a: Vileplume|Moonblast|p1a: Iron Hands
|-supereffective|p1a: Iron Hands
|-damage|p1a: Iron Hands|47/100
|-unboost|p1a: Iron Hands|spa|1
|
|upkeep
|turn|12
|-message|Nyarlachan forfeited.
|
|win|Dansiger
|raw|Nyarlachan's rating: 1107 &rarr; <strong>1085</strong><br />(-22 for losing)
|raw|Dansiger's rating: 1153 &rarr; <strong>1175</strong><br />(+22 for winning)
|l|☆Nyarlachan
|player|p1|
|l|☆Dansiger
|player|p2|
