|j|☆oficial matute
|j|☆yungestyeet
|t:|1760847216
|gametype|singles
|player|p1|oficial matute|policeman|1148
|player|p2|yungestyeet|170|1107
|gen|9
|tier|[Gen 9] OU
|rated|
|rule|HP Percentage Mod: HP is shown in percentages
|rule|Endless Battle Clause: Forcing endless battles is banned
|rule|Species Clause: Limit one of each Pokémon
|rule|OHKO Clause: OHKO moves are banned
|rule|Evasion Items Clause: Evasion items are banned
|rule|Evasion Moves Clause: Evasion moves are banned
|rule|Evasion Abilities Clause: Evasion abilities are banned
|rule|Sleep Moves Clause: Sleep-inducing moves are banned
|clearpoke
|poke|p1|Noivern, F|
|poke|p1|Tropius, F|
|poke|p1|Garchomp, F|
|poke|p1|Hydrapple, M|
|poke|p1|Torterra, F|
|poke|p1|Landorus-Therian, M|
|poke|p2|Arbok, M|
|poke|p2|Sandy Shocks|
|poke|p2|Garchomp, F|
|poke|p2|Lycanroc-Dusk, F|
|poke|p2|Exeggutor, F|
|poke|p2|Torkoal, F|
|teampreview
|inactive|Battle timer is ON: inactive players will automatically lose when time's up. (requested by yungestyeet)
|
|t:|1760847233
|teamsize|p1|6
|teamsize|p2|6
|start
|switch|p1a: 👁👅👁|Noivern, F|100/100
|switch|p2a: Torkoal|Torkoal, F, shiny|100/100
|-item|p2a: Torkoal|Heat Rock|[from] ability: Frisk|[of] p1a: 👁👅👁
|-weather|SunnyDay|[from] ability: Drought|[of] p2a: Torkoal
|turn|1
|
|t:|1760847241
|move|p1a: 👁👅👁|Switcheroo|p2a: Torkoal
|-activate|p1a: 👁👅👁|move: Trick|[of] p2a: Torkoal
|-item|p2a: Torkoal|Choice Scarf|[from] move: Switcheroo
|-item|p1a: 👁👅👁|Heat Rock|[from] move: Switcheroo
|move|p2a: Torkoal|Stealth Rock|p1a: 👁👅👁
|-sidestart|p1: oficial matute|move: Stealth Rock
|
|-weather|SunnyDay|[upkeep]
|upkeep
|turn|2
|
|t:|1760847251
|switch|p2a: Lycanroc|Lycanroc-Dusk, F, shiny|100/100
|move|p1a: 👁👅👁|Defog|p2a: Lycanroc
|-unboost|p2a: Lycanroc|evasion|1
|-sideend|p1: oficial matute|Stealth Rock|[from] move: Defog|[of] p1a: 👁👅👁
|
|-weather|SunnyDay|[upkeep]
|upkeep
|turn|3
|
|t:|1760847262
|switch|p1a: 👁👃👁|Landorus-Therian, M|100/100
|-ability|p1a: 👁👃👁|Intimidate|boost
|-unboost|p2a: Lycanroc|atk|1
|move|p2a: Lycanroc|Accelerock|p1a: 👁👃👁
|-damage|p1a: 👁👃👁|89/100
|-damage|p2a: Lycanroc|84/100|[from] item: Rocky Helmet|[of] p1a: 👁👃👁
|
|-weather|SunnyDay|[upkeep]
|upkeep
|turn|4
|
|t:|1760847279
|switch|p2a: Exeggutor|Exeggutor, F, shiny|100/100
|move|p1a: 👁👃👁|Stealth Rock|p2a: Exeggutor
|-sidestart|p2: yungestyeet|move: Stealth Rock
|
|-weather|SunnyDay|[upkeep]
|upkeep
|turn|5
|
|t:|1760847289
|move|p2a: Exeggutor|Growth|p2a: Exeggutor
|-boost|p2a: Exeggutor|atk|2
|-boost|p2a: Exeggutor|spa|2
|move|p1a: 👁👃👁|U-turn|p2a: Exeggutor
|-supereffective|p2a: Exeggutor
|-damage|p2a: Exeggutor|12/100
|
|t:|1760847298
|switch|p1a: 👁🐽👁|Tropius, F, shiny|100/100|[from] U-turn
|
|-weather|SunnyDay|[upkeep]
|upkeep
|turn|6
|
|t:|1760847305
|-terastallize|p2a: Exeggutor|Fire
|move|p1a: 👁🐽👁|Protect|p1a: 👁🐽👁
|-singleturn|p1a: 👁🐽👁|Protect
|move|p2a: Exeggutor|Tera Blast|p1a: 👁🐽👁|[anim] Tera Blast Fire
|-activate|p1a: 👁🐽👁|move: Protect
|
|-weather|SunnyDay|[upkeep]
|upkeep
|turn|7
|
|t:|1760847315
|-terastallize|p1a: 👁🐽👁|Ghost
|move|p2a: Exeggutor|Tera Blast|p1a: 👁🐽👁|[anim] Tera Blast Fire
|-damage|p1a: 👁🐽👁|0 fnt
|faint|p1a: 👁🐽👁
|-damage|p2a: Exeggutor|2/100|[from] item: Life Orb
|
|-weather|SunnyDay|[upkeep]
|upkeep
|
|t:|1760847324
|switch|p1a: 👁👅👁|Noivern, F|100/100
|-item|p2a: Exeggutor|Life Orb|[from] ability: Frisk|[of] p1a: 👁👅👁
|turn|8
|
|t:|1760847335
|move|p2a: Exeggutor|Psychic|p1a: 👁👅👁
|-damage|p1a: 👁👅👁|0 fnt
|faint|p1a: 👁👅👁
|-damage|p2a: Exeggutor|0 fnt|[from] item: Life Orb
|faint|p2a: Exeggutor
|
|-weather|none
|upkeep
|
|t:|1760847346
|switch|p1a: 👁🫦👁|Garchomp, F|100/100
|switch|p2a: Torkoal|Torkoal, F, shiny|100/100
|-damage|p2a: Torkoal|76/100|[from] Stealth Rock
|-weather|SunnyDay|[from] ability: Drought|[of] p2a: Torkoal
|turn|9
|
|t:|1760847354
|move|p1a: 👁🫦👁|Swords Dance|p1a: 👁🫦👁
|-boost|p1a: 👁🫦👁|atk|2
|move|p2a: Torkoal|Will-O-Wisp|p1a: 👁🫦👁|[miss]
|-miss|p2a: Torkoal|p1a: 👁🫦👁
|
|-weather|SunnyDay|[upkeep]
|upkeep
|turn|10
|
|t:|1760847362
|move|p1a: 👁🫦👁|Earthquake|p2a: Torkoal
|-supereffective|p2a: Torkoal
|-damage|p2a: Torkoal|0 fnt
|faint|p2a: Torkoal
|
|-weather|SunnyDay|[upkeep]
|upkeep
|
|t:|1760847373
|switch|p2a: Sandy Shocks|Sandy Shocks|100/100
|-damage|p2a: Sandy Shocks|94/100|[from] Stealth Rock
|-activate|p2a: Sandy Shocks|ability: Protosynthesis
|-start|p2a: Sandy Shocks|protosynthesisspe
|turn|11
|
|t:|1760847382
|move|p2a: Sandy Shocks|Earth Power|p1a: 👁🫦👁
|-damage|p1a: 👁🫦👁|50/100
|move|p1a: 👁🫦👁|Scale Shot|p2a: Sandy Shocks
|-damage|p2a: Sandy Shocks|64/100
|-damage|p2a: Sandy Shocks|35/100
|-damage|p2a: Sandy Shocks|6/100
|-damage|p2a: Sandy Shocks|0 fnt
|faint|p2a: Sandy Shocks
|-end|p2a: Sandy Shocks|Protosynthesis|[silent]
|-hitcount|p2: Sandy Shocks|4
|-unboost|p1a: 👁🫦👁|def|1
|-boost|p1a: 👁🫦👁|spe|1
|
|-weather|SunnyDay|[upkeep]
|upkeep
|
|t:|1760847397
|switch|p2a: Garchomp|Garchomp, F|100/100
|-damage|p2a: Garchomp|94/100|[from] Stealth Rock
|turn|12
|
|t:|1760847411
|move|p1a: 👁🫦👁|Scale Shot|p2a: Garchomp
|-supereffective|p2a: Garchomp
|-damage|p2a: Garchomp|40/100
|-supereffective|p2a: Garchomp
|-crit|p2a: Garchomp
|-damage|p2a: Garchomp|0 fnt
|faint|p2a: Garchomp
|-hitcount|p2: Garchomp|2
|-unboost|p1a: 👁🫦👁|def|1
|-boost|p1a: 👁🫦👁|spe|1
|
|-weather|SunnyDay|[upkeep]
|upkeep
|
|t:|1760847420
|switch|p2a: Lycanroc|Lycanroc-Dusk, F, shiny|84/100
|-damage|p2a: Lycanroc|72/100|[from] Stealth Rock
|turn|13
|
|t:|1760847424
|move|p2a: Lycanroc|Accelerock|p1a: 👁🫦👁
|-resisted|p1a: 👁🫦👁
|-damage|p1a: 👁🫦👁|26/100
|-damage|p2a: Lycanroc|59/100|[from] ability: Rough Skin|[of] p1a: 👁🫦👁
|move|p1a: 👁🫦👁|Earthquake|p2a: Lycanroc
|-supereffective|p2a: Lycanroc
|-damage|p2a: Lycanroc|0 fnt
|faint|p2a: Lycanroc
|
|-weather|none
|upkeep
|
|t:|1760847428
|switch|p2a: Arbok|Arbok, M, shiny|100/100
|-damage|p2a: Arbok|88/100|[from] Stealth Rock
|-ability|p2a: Arbok|Intimidate|boost
|-unboost|p1a: 👁🫦👁|atk|1
|turn|14
|
|t:|1760847439
|move|p1a: 👁🫦👁|Earthquake|p2a: Arbok
|-supereffective|p2a: Arbok
|-damage|p2a: Arbok|0 fnt
|faint|p2a: Arbok
|
|win|oficial matute
|raw|oficial matute's rating: 1148 &rarr; <strong>1170</strong><br />(+22 for winning)
|raw|yungestyeet's rating: 1107 &rarr; <strong>1085</strong><br />(-22 for losing)
|l|☆yungestyeet
|player|p2|
|l|☆oficial matute
|player|p1|
