|j|☆flygonisdragon
|j|☆griggsn
|t:|1760848550
|gametype|singles
|player|p1|flygonisdragon|serena-masters|1590
|player|p2|griggsn|psychic-gen4|1558
|gen|9
|tier|[Gen 9] OU
|rated|
|rule|HP Percentage Mod: HP is shown in percentages
|rule|Endless Battle Clause: Forcing endless battles is banned
|rule|Species Clause: Limit one of each Pokémon
|rule|OHKO Clause: OHKO moves are banned
|rule|Evasion Items Clause: Evasion items are banned
|rule|Evasion Moves Clause: Evasion moves are banned
|rule|Evasion Abilities Clause: Evasion abilities are banned
|rule|Sleep Moves Clause: Sleep-inducing moves are banned
|clearpoke
|poke|p1|Heatran, M|
|poke|p1|Corviknight, M|
|poke|p1|Ursaluna, F|
|poke|p1|Clefable, M|
|poke|p1|Dragapult, M|
|poke|p1|Zamazenta-*|
|poke|p2|Pelipper, M|
|poke|p2|Tornadus-Therian, M|
|poke|p2|Barraskewda, M|
|poke|p2|Ogerpon-Wellspring, F|
|poke|p2|Kingambit, M|
|poke|p2|Iron Treads|
|teampreview
|
|t:|1760848575
|teamsize|p1|6
|teamsize|p2|6
|start
|switch|p1a: Dragapult|Dragapult, M|100/100
|switch|p2a: Pelipper|Pelipper, M|100/100
|-weather|RainDance|[from] ability: Drizzle|[of] p2a: Pelipper
|turn|1
|
|t:|1760848604
|move|p1a: Dragapult|Draco Meteor|p2a: Pelipper|[miss]
|-miss|p1a: Dragapult|p2a: Pelipper
|move|p2a: Pelipper|U-turn|p1a: Dragapult
|-resisted|p1a: Dragapult
|-damage|p1a: Dragapult|94/100
|
|t:|1760848633
|switch|p2a: Iron Treads|Iron Treads|100/100|[from] U-turn
|-enditem|p2a: Iron Treads|Booster Energy
|-activate|p2a: Iron Treads|ability: Quark Drive|[fromitem]
|-start|p2a: Iron Treads|quarkdrivespe
|
|-weather|RainDance|[upkeep]
|upkeep
|turn|2
|
|t:|1760848647
|switch|p1a: Corviknight|Corviknight, M|100/100
|-ability|p1a: Corviknight|Pressure
|move|p2a: Iron Treads|Knock Off|p1a: Corviknight
|-damage|p1a: Corviknight|81/100
|-damage|p2a: Iron Treads|84/100|[from] item: Rocky Helmet|[of] p1a: Corviknight
|-enditem|p1a: Corviknight|Rocky Helmet|[from] move: Knock Off|[of] p2a: Iron Treads
|
|-weather|RainDance|[upkeep]
|upkeep
|turn|3
|
|t:|1760848656
|move|p2a: Iron Treads|Stealth Rock|p1a: Corviknight
|-sidestart|p1: flygonisdragon|move: Stealth Rock
|move|p1a: Corviknight|U-turn|p2a: Iron Treads
|-resisted|p2a: Iron Treads
|-damage|p2a: Iron Treads|77/100
|
|t:|1760848698
|switch|p1a: Ursaluna|Ursaluna, F|100/100|[from] U-turn
|-damage|p1a: Ursaluna|94/100|[from] Stealth Rock
|
|-weather|RainDance|[upkeep]
|upkeep
|turn|4
|
|t:|1760848705
|move|p2a: Iron Treads|Knock Off|p1a: Ursaluna
|-damage|p1a: Ursaluna|75/100
|-enditem|p1a: Ursaluna|Assault Vest|[from] move: Knock Off|[of] p2a: Iron Treads
|move|p1a: Ursaluna|Headlong Rush|p2a: Iron Treads
|-supereffective|p2a: Iron Treads
|-damage|p2a: Iron Treads|0 fnt
|-unboost|p1a: Ursaluna|def|1
|-unboost|p1a: Ursaluna|spd|1
|faint|p2a: Iron Treads
|-end|p2a: Iron Treads|Quark Drive|[silent]
|
|-weather|RainDance|[upkeep]
|upkeep
|
|t:|1760848723
|switch|p2a: Tornadus|Tornadus-Therian, M|100/100
|turn|5
|
|t:|1760848730
|switch|p1a: Heatran|Heatran, M|100/100
|-damage|p1a: Heatran|88/100|[from] Stealth Rock
|move|p2a: Tornadus|Hurricane|p1a: Heatran
|-resisted|p1a: Heatran
|-damage|p1a: Heatran|68/100
|-damage|p2a: Tornadus|91/100|[from] item: Life Orb
|
|-weather|RainDance|[upkeep]
|-heal|p1a: Heatran|74/100|[from] item: Leftovers
|upkeep
|turn|6
|
|t:|1760848737
|move|p2a: Tornadus|Weather Ball|p1a: Heatran
|-supereffective|p1a: Heatran
|-crit|p1a: Heatran
|-damage|p1a: Heatran|0 fnt
|faint|p1a: Heatran
|-damage|p2a: Tornadus|81/100|[from] item: Life Orb
|
|-weather|RainDance|[upkeep]
|upkeep
|
|t:|1760848740
|switch|p1a: Dragapult|Dragapult, M|94/100
|-damage|p1a: Dragapult|81/100|[from] Stealth Rock
|turn|7
|
|t:|1760848750
|switch|p2a: Kingambit|Kingambit, M|100/100
|-activate|p2a: Kingambit|ability: Supreme Overlord
|-start|p2a: Kingambit|fallen1|[silent]
|move|p1a: Dragapult|Draco Meteor|p2a: Kingambit
|-resisted|p2a: Kingambit
|-damage|p2a: Kingambit|49/100
|-unboost|p1a: Dragapult|spa|2
|
|-weather|RainDance|[upkeep]
|upkeep
|turn|8
|
|t:|1760848763
|switch|p1a: Zamazenta|Zamazenta|100/100
|-damage|p1a: Zamazenta|94/100|[from] Stealth Rock
|-ability|p1a: Zamazenta|Dauntless Shield|boost
|-boost|p1a: Zamazenta|def|1
|move|p2a: Kingambit|Kowtow Cleave|p1a: Zamazenta
|-resisted|p1a: Zamazenta
|-damage|p1a: Zamazenta|81/100
|
|-weather|none
|-heal|p1a: Zamazenta|87/100|[from] item: Leftovers
|upkeep
|turn|9
|
|t:|1760848768
|switch|p1a: Ursaluna|Ursaluna, F|75/100
|-damage|p1a: Ursaluna|69/100|[from] Stealth Rock
|-end|p2a: Kingambit|fallen1|[silent]
|switch|p2a: Pelipper|Pelipper, M|100/100
|-weather|RainDance|[from] ability: Drizzle|[of] p2a: Pelipper
|
|-weather|RainDance|[upkeep]
|upkeep
|turn|10
|
|t:|1760848776
|move|p1a: Ursaluna|Supercell Slam|p2a: Pelipper
|-supereffective|p2a: Pelipper
|-damage|p2a: Pelipper|0 fnt
|faint|p2a: Pelipper
|
|-weather|RainDance|[upkeep]
|upkeep
|
|t:|1760848794
|switch|p2a: Barraskewda|Barraskewda, M|100/100
|turn|11
|
|t:|1760848808
|switch|p1a: Corviknight|Corviknight, M|81/100
|-damage|p1a: Corviknight|68/100|[from] Stealth Rock
|-ability|p1a: Corviknight|Pressure
|move|p2a: Barraskewda|Liquidation|p1a: Corviknight
|-damage|p1a: Corviknight|22/100
|
|-weather|RainDance|[upkeep]
|upkeep
|turn|12
|
|t:|1760848829
|move|p2a: Barraskewda|Liquidation|p1a: Corviknight
|-damage|p1a: Corviknight|0 fnt
|faint|p1a: Corviknight
|
|-weather|RainDance|[upkeep]
|upkeep
|
|t:|1760848839
|switch|p1a: Dragapult|Dragapult, M|81/100
|-damage|p1a: Dragapult|69/100|[from] Stealth Rock
|turn|13
|
|t:|1760848850
|-terastallize|p2a: Barraskewda|Water
|move|p2a: Barraskewda|Liquidation|p1a: Dragapult
|-resisted|p1a: Dragapult
|-damage|p1a: Dragapult|0 fnt
|faint|p1a: Dragapult
|
|-weather|RainDance|[upkeep]
|upkeep
|
|t:|1760848854
|switch|p1a: Zamazenta|Zamazenta|87/100
|-damage|p1a: Zamazenta|81/100|[from] Stealth Rock
|turn|14
|
|t:|1760848858
|move|p2a: Barraskewda|Liquidation|p1a: Zamazenta
|-damage|p1a: Zamazenta|0 fnt
|faint|p1a: Zamazenta
|
|-weather|RainDance|[upkeep]
|upkeep
|
|t:|1760848862
|switch|p1a: Clefable|Clefable, M|100/100
|turn|15
|
|t:|1760848894
|move|p2a: Barraskewda|Flip Turn|p1a: Clefable
|-damage|p1a: Clefable|39/100
|
|t:|1760848903
|switch|p2a: Tornadus|Tornadus-Therian, M|100/100|[from] Flip Turn
|move|p1a: Clefable|Thunder Wave|p2a: Tornadus
|-status|p2a: Tornadus|par
|
|-weather|RainDance|[upkeep]
|upkeep
|turn|16
|
|t:|1760848909
|move|p2a: Tornadus|Hurricane|p1a: Clefable
|-damage|p1a: Clefable|0 fnt
|faint|p1a: Clefable
|-damage|p2a: Tornadus|91/100 par|[from] item: Life Orb
|
|-weather|none
|upkeep
|
|t:|1760848912
|switch|p1a: Ursaluna|Ursaluna, F|69/100
|-damage|p1a: Ursaluna|62/100|[from] Stealth Rock
|turn|17
|
|t:|1760848918
|move|p2a: Tornadus|Hurricane|p1a: Ursaluna
|-damage|p1a: Ursaluna|8/100
|-start|p1a: Ursaluna|confusion
|-damage|p2a: Tornadus|81/100 par|[from] item: Life Orb
|-activate|p1a: Ursaluna|confusion
|move|p1a: Ursaluna|Supercell Slam|p2a: Tornadus
|-supereffective|p2a: Tornadus
|-damage|p2a: Tornadus|0 fnt
|faint|p2a: Tornadus
|
|upkeep
|
|t:|1760848921
|switch|p2a: Barraskewda|Barraskewda, M, tera:Water|100/100
|turn|18
|
|t:|1760848923
|move|p2a: Barraskewda|Aqua Jet|p1a: Ursaluna
|-supereffective|p1a: Ursaluna
|-damage|p1a: Ursaluna|0 fnt
|faint|p1a: Ursaluna
|
|win|griggsn
|raw|flygonisdragon's rating: 1590 &rarr; <strong>1568</strong><br />(-22 for losing)
|raw|griggsn's rating: 1558 &rarr; <strong>1580</strong><br />(+22 for winning)
|l|☆flygonisdragon
|player|p1|
|l|☆griggsn
|player|p2|
