|j|☆OP Earthquakes
|j|☆Jausave7
|t:|1760820735
|gametype|singles
|player|p1|OP Earthquakes|giovanni-masters|1542
|player|p2|Jausave7|102|1608
|gen|9
|tier|[Gen 9] OU
|rated|
|rule|HP Percentage Mod: HP is shown in percentages
|rule|Endless Battle Clause: Forcing endless battles is banned
|rule|Species Clause: Limit one of each Pokémon
|rule|OHKO Clause: OHKO moves are banned
|rule|Evasion Items Clause: Evasion items are banned
|rule|Evasion Moves Clause: Evasion moves are banned
|rule|Evasion Abilities Clause: Evasion abilities are banned
|rule|Sleep Moves Clause: Sleep-inducing moves are banned
|clearpoke
|poke|p1|Excadrill, F|
|poke|p1|Hawlucha, M|
|poke|p1|Kyurem|
|poke|p1|Tyranitar, F|
|poke|p1|Pawmot, F|
|poke|p1|Thundurus-Therian, M|
|poke|p2|Scizor, M|
|poke|p2|Alomomola, M|
|poke|p2|Ceruledge, M|
|poke|p2|Great Tusk|
|poke|p2|Zapdos|
|poke|p2|Hatterene, F|
|teampreview
|inactive|Battle timer is ON: inactive players will automatically lose when time's up. (requested by OP Earthquakes)
|c|☆OP Earthquakes|GLHF!
|
|t:|1760820753
|teamsize|p1|6
|teamsize|p2|6
|start
|switch|p1a: OP|Excadrill, F|100/100
|switch|p2a: Scizor|Scizor, M|100/100
|turn|1
|
|t:|1760820760
|-terastallize|p1a: OP|Fire
|move|p1a: OP|Tera Blast|p2a: Scizor|[anim] Tera Blast Fire
|-supereffective|p2a: Scizor
|-damage|p2a: Scizor|0 fnt
|faint|p2a: Scizor
|
|upkeep
|
|t:|1760820769
|switch|p2a: Alomomola|Alomomola, M|100/100
|turn|2
|
|t:|1760820775
|switch|p1a: Thundurus|Thundurus-Therian, M|100/100
|move|p2a: Alomomola|Flip Turn|p1a: Thundurus
|-damage|p1a: Thundurus|74/100
|
|t:|1760820782
|switch|p2a: Hatterene|Hatterene, F|100/100|[from] Flip Turn
|
|upkeep
|turn|3
|
|t:|1760820793
|move|p1a: Thundurus|Volt Switch|p2a: Hatterene
|-damage|p2a: Hatterene|68/100
|
|t:|1760820802
|switch|p1a: OP|Excadrill, F, tera:Fire|100/100|[from] Volt Switch
|move|p2a: Hatterene|Draining Kiss|p1a: OP
|-resisted|p1a: OP
|-damage|p1a: OP|81/100
|-heal|p2a: Hatterene|84/100|[from] drain|[of] p1a: OP
|
|upkeep
|turn|4
|
|t:|1760820812
|switch|p2a: Alomomola|Alomomola, M|100/100
|move|p1a: OP|Tera Blast|p2a: Alomomola|[anim] Tera Blast Fire
|-resisted|p2a: Alomomola
|-damage|p2a: Alomomola|83/100
|
|upkeep
|turn|5
|
|t:|1760820818
|switch|p1a: Frieza|Kyurem, shiny|100/100
|-ability|p1a: Frieza|Pressure
|move|p2a: Alomomola|Flip Turn|p1a: Frieza
|-resisted|p1a: Frieza
|-damage|p1a: Frieza|93/100
|
|t:|1760820827
|switch|p2a: Hatterene|Hatterene, F|84/100|[from] Flip Turn
|
|upkeep
|turn|6
|
|t:|1760820834
|switch|p1a: Shukaku|Tyranitar, F, shiny|100/100
|-weather|Sandstorm|[from] ability: Sand Stream|[of] p1a: Shukaku
|move|p2a: Hatterene|Nuzzle|p1a: Shukaku
|-damage|p1a: Shukaku|98/100
|-status|p1a: Shukaku|par
|
|-weather|Sandstorm|[upkeep]
|-damage|p2a: Hatterene|78/100|[from] Sandstorm
|upkeep
|turn|7
|
|t:|1760820847
|switch|p2a: Alomomola|Alomomola, M|100/100
|move|p1a: Shukaku|Roar|p2a: Alomomola
|drag|p2a: Great Tusk|Great Tusk|100/100
|
|-weather|Sandstorm|[upkeep]
|upkeep
|turn|8
|
|t:|1760820853
|move|p2a: Great Tusk|Stealth Rock|p1a: Shukaku
|-sidestart|p1: OP Earthquakes|move: Stealth Rock
|cant|p1a: Shukaku|par
|
|-weather|Sandstorm|[upkeep]
|upkeep
|turn|9
|
|t:|1760820861
|move|p2a: Great Tusk|Rapid Spin|p1a: Shukaku
|-resisted|p1a: Shukaku
|-damage|p1a: Shukaku|91/100 par
|-boost|p2a: Great Tusk|spe|1
|move|p1a: Shukaku|Ice Beam|p2a: Great Tusk
|-supereffective|p2a: Great Tusk
|-damage|p2a: Great Tusk|23/100
|
|-weather|Sandstorm|[upkeep]
|upkeep
|turn|10
|
|t:|1760820868
|move|p2a: Great Tusk|Headlong Rush|p1a: Shukaku
|-supereffective|p1a: Shukaku
|-damage|p1a: Shukaku|3/100 par
|-unboost|p2a: Great Tusk|def|1
|-unboost|p2a: Great Tusk|spd|1
|move|p1a: Shukaku|Ice Beam|p2a: Great Tusk
|-supereffective|p2a: Great Tusk
|-damage|p2a: Great Tusk|0 fnt
|faint|p2a: Great Tusk
|-end|p2a: Great Tusk|Protosynthesis|[silent]
|
|-weather|Sandstorm|[upkeep]
|upkeep
|
|t:|1760820884
|switch|p2a: Alomomola|Alomomola, M|100/100
|turn|11
|
|t:|1760820888
|switch|p1a: Itachi|Hawlucha, M, shiny|100/100
|-damage|p1a: Itachi|88/100|[from] Stealth Rock
|-ability|p1a: Itachi|Mold Breaker
|move|p2a: Alomomola|Flip Turn|p1a: Itachi
|-damage|p1a: Itachi|62/100
|-enditem|p1a: Itachi|Red Card|[of] p2a: Alomomola
|drag|p2a: Zapdos|Zapdos|100/100
|
|-weather|Sandstorm|[upkeep]
|-damage|p1a: Itachi|56/100|[from] Sandstorm
|-damage|p2a: Zapdos|94/100|[from] Sandstorm
|-heal|p2a: Zapdos|100/100|[from] item: Leftovers
|upkeep
|turn|12
|
|t:|1760820897
|switch|p1a: Thundurus|Thundurus-Therian, M|74/100
|-damage|p1a: Thundurus|49/100|[from] Stealth Rock
|move|p2a: Zapdos|Hurricane|p1a: Thundurus
|-resisted|p1a: Thundurus
|-damage|p1a: Thundurus|17/100
|-start|p1a: Thundurus|confusion
|
|-weather|Sandstorm|[upkeep]
|-damage|p1a: Thundurus|11/100|[from] Sandstorm
|-damage|p2a: Zapdos|94/100|[from] Sandstorm
|-heal|p2a: Zapdos|100/100|[from] item: Leftovers
|upkeep
|turn|13
|
|t:|1760820909
|-activate|p1a: Thundurus|confusion
|move|p1a: Thundurus|Weather Ball|p2a: Zapdos
|-supereffective|p2a: Zapdos
|-damage|p2a: Zapdos|18/100
|move|p2a: Zapdos|Heat Wave|p1a: Thundurus
|-damage|p1a: Thundurus|0 fnt
|faint|p1a: Thundurus
|
|-weather|none
|-heal|p2a: Zapdos|24/100|[from] item: Leftovers
|upkeep
|
|t:|1760820921
|switch|p1a: Frieza|Kyurem, shiny|93/100
|-damage|p1a: Frieza|68/100|[from] Stealth Rock
|-ability|p1a: Frieza|Pressure
|turn|14
|
|t:|1760820932
|switch|p2a: Hatterene|Hatterene, F|78/100
|move|p1a: Frieza|Shadow Ball|p2a: Hatterene
|-supereffective|p2a: Hatterene
|-damage|p2a: Hatterene|28/100
|
|upkeep
|turn|15
|
|t:|1760820959
|move|p1a: Frieza|Freeze-Dry|p2a: Hatterene
|-damage|p2a: Hatterene|0 fnt
|faint|p2a: Hatterene
|
|upkeep
|
|t:|1760820968
|switch|p2a: Ceruledge|Ceruledge, M|100/100
|turn|16
|inactive|Jausave7 has 120 seconds left.
|inactive|OP Earthquakes has 120 seconds left.
|
|t:|1760821010
|move|p1a: Frieza|Earth Power|p2a: Ceruledge
|-supereffective|p2a: Ceruledge
|-enditem|p2a: Ceruledge|Focus Sash
|-damage|p2a: Ceruledge|1/100
|move|p2a: Ceruledge|Bitter Blade|p1a: Frieza
|-damage|p1a: Frieza|16/100
|-heal|p2a: Ceruledge|36/100|[from] drain|[of] p1a: Frieza
|
|upkeep
|turn|17
|inactive|OP Earthquakes has 120 seconds left.
|
|t:|1760821029
|switch|p1a: Shukaku|Tyranitar, F, shiny|3/100 par
|-damage|p1a: Shukaku|0 fnt|[from] Stealth Rock
|faint|p1a: Shukaku
|move|p2a: Ceruledge|Shadow Sneak|p1: Shukaku|[notarget]
|-fail|p2a: Ceruledge
|
|upkeep
|
|t:|1760821049
|switch|p1a: Porunga|Pawmot, F|100/100
|-damage|p1a: Porunga|95/100|[from] Stealth Rock
|turn|18
|inactive|Jausave7 has 120 seconds left.
|
|t:|1760821067
|switch|p2a: Alomomola|Alomomola, M|100/100
|move|p1a: Porunga|Revival Blessing|p1a: Porunga
|-enditem|p1a: Porunga|Leppa Berry|[eat]
|-activate|p1a: Porunga|item: Leppa Berry|Revival Blessing|[consumed]
|
|t:|1760821073
|-heal|p1: Thundurus|50/100|[from] move: Revival Blessing
|
|upkeep
|turn|19
|inactive|Jausave7 has 120 seconds left.
|
|t:|1760821083
|switch|p1a: Frieza|Kyurem, shiny|16/100
|-damage|p1a: Frieza|0 fnt|[from] Stealth Rock
|faint|p1a: Frieza
|move|p2a: Alomomola|Wish|p2a: Alomomola
|
|upkeep
|
|t:|1760821089
|switch|p1a: Itachi|Hawlucha, M, shiny|56/100
|-damage|p1a: Itachi|43/100|[from] Stealth Rock
|-ability|p1a: Itachi|Mold Breaker
|turn|20
|
|t:|1760821097
|move|p1a: Itachi|Encore|p2a: Alomomola
|-start|p2a: Alomomola|Encore
|move|p2a: Alomomola|Wish||[still]
|-fail|p2a: Alomomola
|
|upkeep
|turn|21
|
|t:|1760821100
|move|p1a: Itachi|Defog|p2a: Alomomola
|-unboost|p2a: Alomomola|evasion|1
|-sideend|p1: OP Earthquakes|Stealth Rock|[from] move: Defog|[of] p1a: Itachi
|move|p2a: Alomomola|Wish|p2a: Alomomola
|
|upkeep
|turn|22
|
|t:|1760821123
|switch|p1a: Thundurus|Thundurus-Therian, M|50/100
|switch|p2a: Zapdos|Zapdos|24/100
|
|-heal|p2a: Zapdos|94/100|[from] move: Wish|[wisher] Alomomola
|-heal|p2a: Zapdos|99/100|[from] item: Leftovers
|upkeep
|turn|23
|
|t:|1760821134
|move|p1a: Thundurus|Volt Switch|p2a: Zapdos
|-damage|p2a: Zapdos|56/100
|
|t:|1760821141
|switch|p1a: Porunga|Pawmot, F|95/100|[from] Volt Switch
|move|p2a: Zapdos|Heat Wave|p1a: Porunga
|-damage|p1a: Porunga|57/100
|
|-heal|p2a: Zapdos|62/100|[from] item: Leftovers
|upkeep
|turn|24
|
|t:|1760821154
|move|p1a: Porunga|Revival Blessing|p1a: Porunga
|
|t:|1760821168
|-heal|p1: Frieza|50/100|[from] move: Revival Blessing
|move|p2a: Zapdos|Roost|p2a: Zapdos
|-heal|p2a: Zapdos|100/100
|-singleturn|p2a: Zapdos|move: Roost
|
|upkeep
|turn|25
|
|t:|1760821174
|switch|p1a: Thundurus|Thundurus-Therian, M|50/100
|move|p2a: Zapdos|Hurricane|p1a: Thundurus
|-resisted|p1a: Thundurus
|-damage|p1a: Thundurus|18/100
|
|upkeep
|turn|26
|
|t:|1760821182
|move|p1a: Thundurus|Volt Switch|p2a: Zapdos
|-damage|p2a: Zapdos|58/100
|
|t:|1760821188
|switch|p1a: Frieza|Kyurem, shiny|50/100|[from] Volt Switch
|-ability|p1a: Frieza|Pressure
|move|p2a: Zapdos|Heat Wave|p1a: Frieza
|-damage|p1a: Frieza|26/100
|
|-heal|p2a: Zapdos|64/100|[from] item: Leftovers
|upkeep
|turn|27
|
|t:|1760821216
|-terastallize|p2a: Zapdos|Steel
|move|p1a: Frieza|Freeze-Dry|p2a: Zapdos
|-resisted|p2a: Zapdos
|-damage|p2a: Zapdos|46/100
|move|p2a: Zapdos|Heat Wave|p1a: Frieza
|-damage|p1a: Frieza|0 fnt
|faint|p1a: Frieza
|
|-heal|p2a: Zapdos|52/100|[from] item: Leftovers
|upkeep
|
|t:|1760821237
|switch|p1a: OP|Excadrill, F, tera:Fire|81/100
|turn|28
|
|t:|1760821242
|switch|p2a: Alomomola|Alomomola, M|100/100
|move|p1a: OP|Earthquake|p2a: Alomomola
|-damage|p2a: Alomomola|54/100
|
|upkeep
|turn|29
|
|t:|1760821254
|move|p1a: OP|Earthquake|p2a: Alomomola
|-damage|p2a: Alomomola|6/100
|move|p2a: Alomomola|Flip Turn|p1a: OP
|-supereffective|p1a: OP
|-damage|p1a: OP|37/100
|inactive|Jausave7 has 120 seconds left.
|
|t:|1760821282
|switch|p2a: Zapdos|Zapdos, tera:Steel|52/100|[from] Flip Turn
|
|-heal|p2a: Zapdos|58/100|[from] item: Leftovers
|upkeep
|turn|30
|inactive|Jausave7 has 120 seconds left.
|
|t:|1760821289
|switch|p1a: Thundurus|Thundurus-Therian, M|18/100
|move|p2a: Zapdos|Volt Switch|p1a: Thundurus
|-heal|p1a: Thundurus|43/100|[from] ability: Volt Absorb|[of] p2a: Zapdos
|
|-heal|p2a: Zapdos|64/100|[from] item: Leftovers
|upkeep
|turn|31
|
|t:|1760821298
|move|p1a: Thundurus|Volt Switch|p2a: Zapdos
|-damage|p2a: Zapdos|22/100
|
|t:|1760821304
|switch|p1a: OP|Excadrill, F, tera:Fire|37/100|[from] Volt Switch
|move|p2a: Zapdos|Hurricane|p1a: OP
|-damage|p1a: OP|0 fnt
|faint|p1a: OP
|
|-heal|p2a: Zapdos|28/100|[from] item: Leftovers
|upkeep
|
|t:|1760821307
|switch|p1a: Thundurus|Thundurus-Therian, M|43/100
|turn|32
|
|t:|1760821321
|move|p1a: Thundurus|Volt Switch|p2a: Zapdos
|-crit|p2a: Zapdos
|-damage|p2a: Zapdos|0 fnt
|faint|p2a: Zapdos
|
|t:|1760821325
|switch|p1a: Itachi|Hawlucha, M, shiny|43/100|[from] Volt Switch
|-ability|p1a: Itachi|Mold Breaker
|
|upkeep
|
|t:|1760821331
|switch|p2a: Alomomola|Alomomola, M|39/100
|turn|33
|
|t:|1760821344
|move|p1a: Itachi|Swords Dance|p1a: Itachi
|-boost|p1a: Itachi|atk|2
|move|p2a: Alomomola|Flip Turn|p1a: Itachi
|-damage|p1a: Itachi|18/100
|
|t:|1760821349
|switch|p2a: Ceruledge|Ceruledge, M|36/100|[from] Flip Turn
|
|upkeep
|turn|34
|
|t:|1760821359
|move|p2a: Ceruledge|Shadow Sneak|p1a: Itachi
|-damage|p1a: Itachi|0 fnt
|faint|p1a: Itachi
|
|upkeep
|
|t:|1760821361
|switch|p1a: Thundurus|Thundurus-Therian, M|43/100
|turn|35
|
|t:|1760821365
|move|p2a: Ceruledge|Shadow Sneak|p1a: Thundurus
|-damage|p1a: Thundurus|6/100
|move|p1a: Thundurus|Volt Switch|p2a: Ceruledge
|-damage|p2a: Ceruledge|0 fnt
|faint|p2a: Ceruledge
|
|t:|1760821369
|switch|p1a: Porunga|Pawmot, F|57/100|[from] Volt Switch
|
|upkeep
|
|t:|1760821372
|switch|p2a: Alomomola|Alomomola, M|73/100
|turn|36
|
|t:|1760821376
|move|p1a: Porunga|Rest|p1a: Porunga
|-status|p1a: Porunga|slp|[from] move: Rest
|-heal|p1a: Porunga|100/100 slp|[silent]
|move|p2a: Alomomola|Scald|p1a: Porunga
|-damage|p1a: Porunga|82/100 slp
|
|upkeep
|turn|37
|c|☆OP Earthquakes|enjoy
|
|t:|1760821383
|cant|p1a: Porunga|slp
|move|p1a: Porunga|Sleep Talk|p1a: Porunga
|move|p1a: Porunga|Rest||[from] move: Sleep Talk|[still]
|-fail|p1a: Porunga
|move|p2a: Alomomola|Wish|p2a: Alomomola
|
|upkeep
|turn|38
|
|t:|1760821388
|cant|p1a: Porunga|slp
|move|p1a: Porunga|Sleep Talk|p1a: Porunga
|move|p1a: Porunga|Rest||[from] move: Sleep Talk|[still]
|-fail|p1a: Porunga
|move|p2a: Alomomola|Scald|p1a: Porunga
|-damage|p1a: Porunga|63/100 slp
|
|-heal|p2a: Alomomola|100/100|[from] move: Wish|[wisher] Alomomola
|upkeep
|turn|39
|
|t:|1760821392
|-curestatus|p1a: Porunga|slp|[msg]
|move|p1a: Porunga|Rest|p1a: Porunga
|-status|p1a: Porunga|slp|[from] move: Rest
|-heal|p1a: Porunga|100/100 slp|[silent]
|move|p2a: Alomomola|Scald|p1a: Porunga
|-damage|p1a: Porunga|82/100 slp
|
|upkeep
|turn|40
|
|t:|1760821404
|cant|p1a: Porunga|slp
|move|p1a: Porunga|Sleep Talk|p1a: Porunga
|move|p1a: Porunga|Rest||[from] move: Sleep Talk|[still]
|-fail|p1a: Porunga
|move|p2a: Alomomola|Flip Turn|p1a: Porunga
|-damage|p1a: Porunga|57/100 slp
|
|upkeep
|turn|41
|
|t:|1760821408
|cant|p1a: Porunga|slp
|move|p1a: Porunga|Sleep Talk|p1a: Porunga
|move|p1a: Porunga|Rest||[from] move: Sleep Talk|[still]
|-fail|p1a: Porunga
|move|p2a: Alomomola|Flip Turn|p1a: Porunga
|-damage|p1a: Porunga|33/100 slp
|
|upkeep
|turn|42
|
|t:|1760821418
|-curestatus|p1a: Porunga|slp|[msg]
|move|p1a: Porunga|Rest|p1a: Porunga
|-status|p1a: Porunga|slp|[from] move: Rest
|-heal|p1a: Porunga|100/100 slp|[silent]
|move|p2a: Alomomola|Flip Turn|p1a: Porunga
|-damage|p1a: Porunga|75/100 slp
|
|upkeep
|turn|43
|
|t:|1760821420
|cant|p1a: Porunga|slp
|move|p1a: Porunga|Sleep Talk|p1a: Porunga
|move|p1a: Porunga|Revival Blessing|p1a: Porunga|[from] move: Sleep Talk
|
|t:|1760821428
|-heal|p1: Frieza|50/100|[from] move: Revival Blessing
|move|p2a: Alomomola|Flip Turn|p1a: Porunga
|-damage|p1a: Porunga|54/100 slp
|
|upkeep
|turn|44
|-message|Jausave7 forfeited.
|
|win|OP Earthquakes
|raw|OP Earthquakes's rating: 1542 &rarr; <strong>1566</strong><br />(+24 for winning)
|raw|Jausave7's rating: 1608 &rarr; <strong>1584</strong><br />(-24 for losing)
|l|☆Jausave7
|player|p2|
