|j|☆homero sompson
|j|☆pankake69
|t:|1760787293
|gametype|singles
|player|p1|homero sompson|102|1357
|player|p2|pankake69|hiker-gen4|1505
|gen|9
|tier|[Gen 9] OU
|rated|
|rule|HP Percentage Mod: HP is shown in percentages
|rule|Endless Battle Clause: Forcing endless battles is banned
|rule|Species Clause: Limit one of each Pokémon
|rule|OHKO Clause: OHKO moves are banned
|rule|Evasion Items Clause: Evasion items are banned
|rule|Evasion Moves Clause: Evasion moves are banned
|rule|Evasion Abilities Clause: Evasion abilities are banned
|rule|Sleep Moves Clause: Sleep-inducing moves are banned
|clearpoke
|poke|p1|Hatterene, F|
|poke|p1|Iron Hands|
|poke|p1|Ursaluna, F|
|poke|p1|Mimikyu, M|
|poke|p1|Slowking, F|
|poke|p1|Glastrier|
|poke|p2|Rillaboom, F|
|poke|p2|Heatran, F|
|poke|p2|Gholdengo|
|poke|p2|Tornadus-Therian, M|
|poke|p2|Primarina, F|
|poke|p2|Ting-Lu|
|teampreview
|inactive|Battle timer is ON: inactive players will automatically lose when time's up. (requested by pankake69)
|
|t:|1760787304
|teamsize|p1|6
|teamsize|p2|6
|start
|switch|p1a: El Cbron|Mimikyu, M, shiny|100/100
|switch|p2a: Gholdengo|Gholdengo|100/100
|-item|p2a: Gholdengo|Air Balloon
|turn|1
|
|t:|1760787311
|move|p2a: Gholdengo|Shadow Ball|p1a: El Cbron
|-activate|p1a: El Cbron|ability: Disguise
|-damage|p1a: El Cbron|100/100
|detailschange|p1a: El Cbron|Mimikyu-Busted, M, shiny
|-damage|p1a: El Cbron|88/100|[from] pokemon: Mimikyu-Busted
|-enditem|p1a: El Cbron|Red Card|[of] p2a: Gholdengo
|drag|p2a: Heatran|Heatran, F|100/100
|move|p1a: El Cbron|Trick Room|p1a: El Cbron
|-fieldstart|move: Trick Room|[of] p1a: El Cbron
|
|upkeep
|turn|2
|
|t:|1760787321
|move|p2a: Heatran|Magma Storm|p1a: El Cbron
|-damage|p1a: El Cbron|41/100
|-activate|p1a: El Cbron|move: Magma Storm|[of] p2a: Heatran
|move|p1a: El Cbron|Curse|p2a: Heatran
|-start|p2a: Heatran|Curse|[of] p1a: El Cbron
|-damage|p1a: El Cbron|0 fnt
|faint|p1a: El Cbron
|
|-damage|p2a: Heatran|76/100|[from] Curse
|upkeep
|
|t:|1760787327
|switch|p1a: La paja|Iron Hands|100/100
|-enditem|p1a: La paja|Booster Energy
|-activate|p1a: La paja|ability: Quark Drive|[fromitem]
|-start|p1a: La paja|quarkdriveatk
|turn|3
|
|t:|1760787331
|switch|p2a: Ting-Lu|Ting-Lu|100/100
|-ability|p2a: Ting-Lu|Vessel of Ruin
|move|p1a: La paja|Swords Dance|p1a: La paja
|-boost|p1a: La paja|atk|2
|
|upkeep
|turn|4
|
|t:|1760787335
|move|p1a: La paja|Drain Punch|p2a: Ting-Lu
|-supereffective|p2a: Ting-Lu
|-damage|p2a: Ting-Lu|0 fnt
|faint|p2a: Ting-Lu
|
|upkeep
|
|t:|1760787348
|switch|p2a: Rillaboom|Rillaboom, F|100/100
|-fieldstart|move: Grassy Terrain|[from] ability: Grassy Surge|[of] p2a: Rillaboom
|turn|5
|
|t:|1760787354
|switch|p2a: Gholdengo|Gholdengo|100/100
|-item|p2a: Gholdengo|Air Balloon
|move|p1a: La paja|Drain Punch|p2a: Gholdengo
|-immune|p2a: Gholdengo
|
|-fieldend|move: Trick Room
|upkeep
|turn|6
|
|t:|1760787376
|switch|p2a: Heatran|Heatran, F|76/100
|move|p1a: La paja|Thunder Punch|p2a: Heatran
|-damage|p2a: Heatran|0 fnt
|faint|p2a: Heatran
|
|upkeep
|
|t:|1760787379
|switch|p2a: Rillaboom|Rillaboom, F|100/100
|turn|7
|
|t:|1760787383
|move|p2a: Rillaboom|Wood Hammer|p1a: La paja
|-damage|p1a: La paja|43/100
|-damage|p2a: Rillaboom|79/100|[from] Recoil
|move|p1a: La paja|Drain Punch|p2a: Rillaboom
|-crit|p2a: Rillaboom
|-damage|p2a: Rillaboom|0 fnt
|-heal|p1a: La paja|77/100|[from] drain|[of] p2a: Rillaboom
|faint|p2a: Rillaboom
|
|-heal|p1a: La paja|84/100|[from] Grassy Terrain
|upkeep
|
|t:|1760787390
|switch|p2a: Primarina|Primarina, F|100/100
|turn|8
|
|t:|1760787393
|-terastallize|p1a: La paja|Flying
|move|p2a: Primarina|Moonblast|p1a: La paja
|-damage|p1a: La paja|37/100
|move|p1a: La paja|Thunder Punch|p2a: Primarina
|-supereffective|p2a: Primarina
|-damage|p2a: Primarina|0 fnt
|faint|p2a: Primarina
|
|upkeep
|
|t:|1760787401
|switch|p2a: Tornadus|Tornadus-Therian, M|100/100
|turn|9
|
|t:|1760787404
|move|p2a: Tornadus|Bleakwind Storm|p1a: La paja|[miss]
|-miss|p2a: Tornadus|p1a: La paja
|move|p1a: La paja|Thunder Punch|p2a: Tornadus
|-supereffective|p2a: Tornadus
|-damage|p2a: Tornadus|0 fnt
|faint|p2a: Tornadus
|
|upkeep
|inactive|pankake69 has 120 seconds left.
|
|t:|1760787444
|switch|p2a: Gholdengo|Gholdengo|100/100
|-item|p2a: Gholdengo|Air Balloon
|turn|10
|
|t:|1760787452
|move|p2a: Gholdengo|Shadow Ball|p1a: La paja
|-damage|p1a: La paja|4/100
|-unboost|p1a: La paja|spd|1
|move|p1a: La paja|Thunder Punch|p2a: Gholdengo
|-damage|p2a: Gholdengo|0 fnt
|-enditem|p2a: Gholdengo|Air Balloon
|faint|p2a: Gholdengo
|
|win|homero sompson
|raw|homero sompson's rating: 1357 &rarr; <strong>1386</strong><br />(+29 for winning)
|raw|pankake69's rating: 1535 &rarr; <strong>1506</strong><br />(-29 for losing)
|l|☆pankake69
|player|p2|
|l|☆homero sompson
|player|p1|
