|j|☆Mithyk Noob
|j|☆3lit
|t:|1760864201
|gametype|singles
|player|p1|Mithyk Noob|gentleman-gen4|1165
|player|p2|3lit|169|1210
|gen|9
|tier|[Gen 9] OU
|rated|
|rule|HP Percentage Mod: HP is shown in percentages
|rule|Endless Battle Clause: Forcing endless battles is banned
|rule|Species Clause: Limit one of each Pokémon
|rule|OHKO Clause: OHKO moves are banned
|rule|Evasion Items Clause: Evasion items are banned
|rule|Evasion Moves Clause: Evasion moves are banned
|rule|Evasion Abilities Clause: Evasion abilities are banned
|rule|Sleep Moves Clause: Sleep-inducing moves are banned
|clearpoke
|poke|p1|Ursaring, F|
|poke|p1|Dusknoir, M|
|poke|p1|Iron Treads|
|poke|p1|Cinderace, M|
|poke|p1|Dondozo, F|
|poke|p1|Blissey, F|
|poke|p2|Dragapult, F|
|poke|p2|Gliscor, F|
|poke|p2|Kingambit, M|
|poke|p2|Slowking-Galar, F|
|poke|p2|Ogerpon-Wellspring, F|
|poke|p2|Great Tusk|
|teampreview
|inactive|Battle timer is ON: inactive players will automatically lose when time's up. (requested by 3lit)
|
|t:|1760864232
|teamsize|p1|6
|teamsize|p2|6
|start
|switch|p1a: Dondozo|Dondozo, F|100/100
|switch|p2a: Gliscor|Gliscor, F|100/100
|turn|1
|
|t:|1760864239
|move|p2a: Gliscor|Toxic|p1a: Dondozo
|-status|p1a: Dondozo|tox
|move|p1a: Dondozo|Avalanche|p2a: Gliscor
|-supereffective|p2a: Gliscor
|-damage|p2a: Gliscor|58/100
|
|-damage|p1a: Dondozo|94/100 tox|[from] psn
|-status|p2a: Gliscor|tox|[from] item: Toxic Orb
|upkeep
|turn|2
|
|t:|1760864244
|move|p2a: Gliscor|Protect|p2a: Gliscor
|-singleturn|p2a: Gliscor|Protect
|move|p1a: Dondozo|Aqua Tail|p2a: Gliscor
|-activate|p2a: Gliscor|move: Protect
|
|-heal|p1a: Dondozo|100/100 tox|[from] item: Leftovers
|-heal|p2a: Gliscor|70/100 tox|[from] ability: Poison Heal
|-damage|p1a: Dondozo|88/100 tox|[from] psn
|upkeep
|turn|3
|
|t:|1760864247
|move|p2a: Gliscor|Knock Off|p1a: Dondozo
|-damage|p1a: Dondozo|76/100 tox
|-enditem|p1a: Dondozo|Leftovers|[from] move: Knock Off|[of] p2a: Gliscor
|move|p1a: Dondozo|Aqua Tail|p2a: Gliscor
|-supereffective|p2a: Gliscor
|-damage|p2a: Gliscor|26/100 tox
|
|-heal|p2a: Gliscor|38/100 tox|[from] ability: Poison Heal
|-damage|p1a: Dondozo|58/100 tox|[from] psn
|upkeep
|turn|4
|
|t:|1760864257
|move|p2a: Gliscor|U-turn|p1a: Dondozo
|-damage|p1a: Dondozo|50/100 tox
|
|t:|1760864260
|switch|p2a: Pon Welly|Ogerpon-Wellspring, F|100/100|[from] U-turn
|move|p1a: Dondozo|Aqua Tail|p2a: Pon Welly
|-immune|p2a: Pon Welly|[from] ability: Water Absorb
|
|-damage|p1a: Dondozo|26/100 tox|[from] psn
|upkeep
|turn|5
|
|t:|1760864271
|move|p2a: Pon Welly|Horn Leech|p1a: Dondozo
|-supereffective|p1a: Dondozo
|-crit|p1a: Dondozo
|-damage|p1a: Dondozo|0 fnt
|faint|p1a: Dondozo
|
|upkeep
|
|t:|1760864281
|switch|p1a: Dusknoir|Dusknoir, M|100/100
|-ability|p1a: Dusknoir|Pressure
|turn|6
|
|t:|1760864287
|move|p2a: Pon Welly|U-turn|p1a: Dusknoir
|-resisted|p1a: Dusknoir
|-damage|p1a: Dusknoir|89/100
|
|t:|1760864289
|switch|p2a: Gliscor|Gliscor, F|38/100 tox|[from] U-turn
|move|p1a: Dusknoir|Poltergeist|p2a: Gliscor
|-activate|p2a: Gliscor|move: Poltergeist|Toxic Orb
|-damage|p2a: Gliscor|5/100 tox
|
|-heal|p2a: Gliscor|17/100 tox|[from] ability: Poison Heal
|upkeep
|turn|7
|
|t:|1760864298
|switch|p1a: Iron Treads|Iron Treads|100/100
|move|p2a: Gliscor|Protect||[still]
|-fail|p2a: Gliscor
|
|-heal|p2a: Gliscor|30/100 tox|[from] ability: Poison Heal
|upkeep
|turn|8
|
|t:|1760864304
|move|p2a: Gliscor|Protect|p2a: Gliscor
|-singleturn|p2a: Gliscor|Protect
|move|p1a: Iron Treads|Stealth Rock|p2a: Gliscor
|-sidestart|p2: 3lit|move: Stealth Rock
|
|-heal|p2a: Gliscor|42/100 tox|[from] ability: Poison Heal
|upkeep
|turn|9
|
|t:|1760864311
|move|p2a: Gliscor|Knock Off|p1a: Iron Treads
|-damage|p1a: Iron Treads|89/100
|-enditem|p1a: Iron Treads|Heavy-Duty Boots|[from] move: Knock Off|[of] p2a: Gliscor
|move|p1a: Iron Treads|Rapid Spin|p2a: Gliscor
|-damage|p2a: Gliscor|34/100 tox
|-boost|p1a: Iron Treads|spe|1
|
|-heal|p2a: Gliscor|47/100 tox|[from] ability: Poison Heal
|upkeep
|turn|10
|
|t:|1760864317
|move|p2a: Gliscor|Protect|p2a: Gliscor
|-singleturn|p2a: Gliscor|Protect
|move|p1a: Iron Treads|Rapid Spin|p2a: Gliscor
|-activate|p2a: Gliscor|move: Protect
|
|-heal|p2a: Gliscor|59/100 tox|[from] ability: Poison Heal
|upkeep
|turn|11
|
|t:|1760864324
|-end|p1a: Iron Treads|Quark Drive|[silent]
|switch|p1a: Dusknoir|Dusknoir, M|89/100
|-ability|p1a: Dusknoir|Pressure
|move|p2a: Gliscor|U-turn|p1a: Dusknoir
|-resisted|p1a: Dusknoir
|-damage|p1a: Dusknoir|82/100
|
|t:|1760864330
|switch|p2a: Dragapult|Dragapult, F|100/100|[from] U-turn
|-damage|p2a: Dragapult|88/100|[from] Stealth Rock
|
|upkeep
|turn|12
|
|t:|1760864345
|move|p1a: Dusknoir|Shadow Sneak|p2a: Dragapult
|-supereffective|p2a: Dragapult
|-damage|p2a: Dragapult|33/100
|move|p2a: Dragapult|U-turn|p1a: Dusknoir
|-resisted|p1a: Dusknoir
|-damage|p1a: Dusknoir|74/100
|
|t:|1760864358
|switch|p2a: Gliscor|Gliscor, F|59/100 tox|[from] U-turn
|-damage|p2a: Gliscor|47/100 tox|[from] Stealth Rock
|
|-heal|p2a: Gliscor|59/100 tox|[from] ability: Poison Heal
|upkeep
|turn|13
|
|t:|1760864364
|move|p2a: Gliscor|Toxic|p1a: Dusknoir
|-status|p1a: Dusknoir|tox
|move|p1a: Dusknoir|Ice Punch|p2a: Gliscor
|-supereffective|p2a: Gliscor
|-damage|p2a: Gliscor|7/100 tox
|
|-heal|p2a: Gliscor|20/100 tox|[from] ability: Poison Heal
|-damage|p1a: Dusknoir|68/100 tox|[from] psn
|upkeep
|turn|14
|
|t:|1760864370
|move|p1a: Dusknoir|Shadow Sneak|p2a: Gliscor
|-damage|p2a: Gliscor|8/100 tox
|move|p2a: Gliscor|U-turn|p1a: Dusknoir
|-resisted|p1a: Dusknoir
|-damage|p1a: Dusknoir|61/100 tox
|
|t:|1760864375
|switch|p2a: Tusker|Great Tusk|100/100|[from] U-turn
|
|-damage|p1a: Dusknoir|49/100 tox|[from] psn
|upkeep
|turn|15
|
|t:|1760864379
|move|p2a: Tusker|Knock Off|p1a: Dusknoir
|-supereffective|p1a: Dusknoir
|-damage|p1a: Dusknoir|0 fnt
|-enditem|p1a: Dusknoir|Assault Vest|[from] move: Knock Off|[of] p2a: Tusker
|faint|p1a: Dusknoir
|
|upkeep
|
|t:|1760864389
|switch|p1a: Ursaring|Ursaring, F|100/100
|turn|16
|
|t:|1760864394
|move|p2a: Tusker|Rapid Spin|p1a: Ursaring
|-damage|p1a: Ursaring|75/100
|-boost|p2a: Tusker|spe|1
|-sideend|p2: 3lit|Stealth Rock|[from] move: Rapid Spin|[of] p2a: Tusker
|move|p1a: Ursaring|Swords Dance|p1a: Ursaring
|-boost|p1a: Ursaring|atk|2
|
|-status|p1a: Ursaring|brn|[from] item: Flame Orb
|upkeep
|turn|17
|
|t:|1760864404
|move|p2a: Tusker|Close Combat|p1a: Ursaring
|-supereffective|p1a: Ursaring
|-damage|p1a: Ursaring|0 fnt
|-unboost|p2a: Tusker|def|1
|-unboost|p2a: Tusker|spd|1
|faint|p1a: Ursaring
|
|upkeep
|-message|Mithyk Noob forfeited.
|
|win|3lit
|raw|Mithyk Noob's rating: 1165 &rarr; <strong>1143</strong><br />(-22 for losing)
|raw|3lit's rating: 1210 &rarr; <strong>1232</strong><br />(+22 for winning)
|l|☆Mithyk Noob
|player|p1|
|l|☆3lit
|player|p2|
