|j|☆tijzen
|j|☆DolipraneEnFeu
|t:|1760724205
|gametype|singles
|player|p1|tijzen|ruinmaniac|1355
|player|p2|DolipraneEnFeu|flannery|1386
|gen|9
|tier|[Gen 9] OU
|rated|
|rule|HP Percentage Mod: HP is shown in percentages
|rule|Endless Battle Clause: Forcing endless battles is banned
|rule|Species Clause: Limit one of each Pokémon
|rule|OHKO Clause: OHKO moves are banned
|rule|Evasion Items Clause: Evasion items are banned
|rule|Evasion Moves Clause: Evasion moves are banned
|rule|Evasion Abilities Clause: Evasion abilities are banned
|rule|Sleep Moves Clause: Sleep-inducing moves are banned
|clearpoke
|poke|p1|Alomomola, M|
|poke|p1|Raging Bolt|
|poke|p1|Lokix, M|
|poke|p1|Great Tusk|
|poke|p1|Latios, M|
|poke|p1|Snorlax, F|
|poke|p2|Tyranitar, F|
|poke|p2|Slowking-Galar, F|
|poke|p2|Hydrapple, M|
|poke|p2|Excadrill, F|
|poke|p2|Moltres|
|poke|p2|Azumarill, F|
|teampreview
|inactive|Battle timer is ON: inactive players will automatically lose when time's up. (requested by DolipraneEnFeu)
|
|t:|1760724214
|teamsize|p1|6
|teamsize|p2|6
|start
|switch|p1a: Great Tusk|Great Tusk|100/100
|switch|p2a: Hydrapple|Hydrapple, M, shiny|100/100
|turn|1
|
|t:|1760724220
|move|p1a: Great Tusk|Stealth Rock|p2a: Hydrapple
|-sidestart|p2: DolipraneEnFeu|move: Stealth Rock
|move|p2a: Hydrapple|Giga Drain|p1a: Great Tusk
|-supereffective|p1a: Great Tusk
|-damage|p1a: Great Tusk|1/100
|
|upkeep
|turn|2
|
|t:|1760724225
|-end|p1a: Great Tusk|Protosynthesis|[silent]
|switch|p1a: Snorlax|Snorlax, F|100/100
|move|p2a: Hydrapple|Giga Drain|p1a: Snorlax
|-crit|p1a: Snorlax
|-damage|p1a: Snorlax|76/100
|
|upkeep
|turn|3
|
|t:|1760724229
|move|p2a: Hydrapple|Nasty Plot|p2a: Hydrapple
|-boost|p2a: Hydrapple|spa|2
|move|p1a: Snorlax|Ice Punch|p2a: Hydrapple
|-supereffective|p2a: Hydrapple
|-damage|p2a: Hydrapple|23/100
|
|upkeep
|turn|4
|
|t:|1760724236
|move|p2a: Hydrapple|Fickle Beam|p1a: Snorlax
|-damage|p1a: Snorlax|45/100
|move|p1a: Snorlax|Body Slam|p2a: Hydrapple
|-damage|p2a: Hydrapple|0 fnt
|faint|p2a: Hydrapple
|
|upkeep
|
|t:|1760724239
|switch|p2a: Tyranitar|Tyranitar, F, shiny|100/100
|-weather|Sandstorm|[from] ability: Sand Stream|[of] p2a: Tyranitar
|turn|5
|
|t:|1760724243
|switch|p1a: Alomomola|Alomomola, M|100/100
|move|p2a: Tyranitar|Knock Off|p1a: Alomomola
|-damage|p1a: Alomomola|77/100
|-enditem|p1a: Alomomola|Heavy-Duty Boots|[from] move: Knock Off|[of] p2a: Tyranitar
|
|-weather|Sandstorm|[upkeep]
|-damage|p1a: Alomomola|71/100|[from] Sandstorm
|upkeep
|turn|6
|
|t:|1760724247
|switch|p2a: Slowking|Slowking-Galar, F, shiny|100/100
|-damage|p2a: Slowking|88/100|[from] Stealth Rock
|move|p1a: Alomomola|Wish|p1a: Alomomola
|
|-weather|Sandstorm|[upkeep]
|-damage|p1a: Alomomola|65/100|[from] Sandstorm
|-damage|p2a: Slowking|82/100|[from] Sandstorm
|-heal|p2a: Slowking|88/100|[from] item: Black Sludge
|upkeep
|turn|7
|
|t:|1760724252
|move|p1a: Alomomola|Flip Turn|p2a: Slowking
|-damage|p2a: Slowking|76/100
|
|t:|1760724255
|switch|p1a: Snorlax|Snorlax, F|45/100|[from] Flip Turn
|move|p2a: Slowking|Sludge Bomb|p1a: Snorlax
|-damage|p1a: Snorlax|30/100
|
|-weather|Sandstorm|[upkeep]
|-damage|p1a: Snorlax|24/100|[from] Sandstorm
|-damage|p2a: Slowking|70/100|[from] Sandstorm
|-heal|p1a: Snorlax|75/100|[from] move: Wish|[wisher] Alomomola
|-heal|p2a: Slowking|76/100|[from] item: Black Sludge
|upkeep
|turn|8
|
|t:|1760724267
|move|p1a: Snorlax|Crunch|p2a: Slowking
|-supereffective|p2a: Slowking
|-damage|p2a: Slowking|35/100
|move|p2a: Slowking|Trick|p1a: Snorlax
|-activate|p2a: Slowking|move: Trick|[of] p1a: Snorlax
|-item|p1a: Snorlax|Black Sludge|[from] move: Trick
|-item|p2a: Slowking|Assault Vest|[from] move: Trick
|
|-weather|Sandstorm|[upkeep]
|-damage|p1a: Snorlax|69/100|[from] Sandstorm
|-damage|p2a: Slowking|29/100|[from] Sandstorm
|-damage|p1a: Snorlax|57/100|[from] item: Black Sludge
|upkeep
|turn|9
|
|t:|1760724278
|switch|p2a: Tyranitar|Tyranitar, F, shiny|100/100
|move|p1a: Snorlax|Crunch|p2a: Tyranitar
|-resisted|p2a: Tyranitar
|-damage|p2a: Tyranitar|90/100
|
|-weather|none
|-damage|p1a: Snorlax|44/100|[from] item: Black Sludge
|upkeep
|turn|10
|
|t:|1760724282
|switch|p1a: Alomomola|Alomomola, M|98/100
|move|p2a: Tyranitar|Stealth Rock|p1a: Alomomola
|-sidestart|p1: tijzen|move: Stealth Rock
|
|upkeep
|turn|11
|
|t:|1760724289
|switch|p2a: Excadrill|Excadrill, F, shiny|100/100
|-damage|p2a: Excadrill|97/100|[from] Stealth Rock
|move|p1a: Alomomola|Wish|p1a: Alomomola
|
|-heal|p2a: Excadrill|100/100|[from] item: Leftovers
|upkeep
|turn|12
|
|t:|1760724293
|move|p2a: Excadrill|Rapid Spin|p1a: Alomomola
|-damage|p1a: Alomomola|88/100
|-boost|p2a: Excadrill|spe|1
|-sideend|p2: DolipraneEnFeu|Stealth Rock|[from] move: Rapid Spin|[of] p2a: Excadrill
|move|p1a: Alomomola|Scald|p2a: Excadrill
|-supereffective|p2a: Excadrill
|-damage|p2a: Excadrill|63/100
|
|-heal|p1a: Alomomola|100/100|[from] move: Wish|[wisher] Alomomola
|-heal|p2a: Excadrill|69/100|[from] item: Leftovers
|upkeep
|turn|13
|
|t:|1760724297
|move|p2a: Excadrill|Swords Dance|p2a: Excadrill
|-boost|p2a: Excadrill|atk|2
|move|p1a: Alomomola|Flip Turn|p2a: Excadrill
|-supereffective|p2a: Excadrill
|-damage|p2a: Excadrill|29/100
|
|t:|1760724304
|switch|p1a: Lokix|Lokix, M|100/100|[from] Flip Turn
|-damage|p1a: Lokix|76/100|[from] Stealth Rock
|
|-heal|p2a: Excadrill|35/100|[from] item: Leftovers
|upkeep
|turn|14
|
|t:|1760724308
|switch|p2a: Moltres|Moltres, shiny|100/100
|-terastallize|p1a: Lokix|Bug
|move|p1a: Lokix|First Impression|p2a: Moltres
|-resisted|p2a: Moltres
|-damage|p2a: Moltres|78/100
|-damage|p1a: Lokix|66/100|[from] item: Life Orb
|
|upkeep
|turn|15
|
|t:|1760724315
|switch|p1a: Alomomola|Alomomola, M|100/100
|-damage|p1a: Alomomola|88/100|[from] Stealth Rock
|move|p2a: Moltres|U-turn|p1a: Alomomola
|-damage|p1a: Alomomola|81/100
|
|t:|1760724319
|switch|p2a: Azumarill|Azumarill, F, shiny|100/100|[from] U-turn
|
|upkeep
|turn|16
|
|t:|1760724322
|move|p2a: Azumarill|Play Rough|p1a: Alomomola
|-damage|p1a: Alomomola|53/100
|move|p1a: Alomomola|Flip Turn|p2a: Azumarill
|-resisted|p2a: Azumarill
|-damage|p2a: Azumarill|92/100
|-message|DolipraneEnFeu forfeited.
|
|win|tijzen
|raw|tijzen's rating: 1355 &rarr; <strong>1377</strong><br />(+22 for winning)
|raw|DolipraneEnFeu's rating: 1386 &rarr; <strong>1364</strong><br />(-22 for losing)
|l|☆DolipraneEnFeu
|player|p2|
|l|☆tijzen
|player|p1|
