|j|☆Krusher Kane
|j|☆Bleez145
|t:|1760764039
|gametype|singles
|player|p1|Krusher Kane|101|1134
|player|p2|Bleez145|1|1138
|gen|9
|tier|[Gen 9] OU
|rated|
|rule|HP Percentage Mod: HP is shown in percentages
|rule|Endless Battle Clause: Forcing endless battles is banned
|rule|Species Clause: Limit one of each Pokémon
|rule|OHKO Clause: OHKO moves are banned
|rule|Evasion Items Clause: Evasion items are banned
|rule|Evasion Moves Clause: Evasion moves are banned
|rule|Evasion Abilities Clause: Evasion abilities are banned
|rule|Sleep Moves Clause: Sleep-inducing moves are banned
|clearpoke
|poke|p1|Falinks|
|poke|p1|Mimikyu, F|
|poke|p1|Kyurem|
|poke|p1|Metagross|
|poke|p1|Morpeko, M|
|poke|p1|Iron Jugulis|
|poke|p2|Dusknoir, M|
|poke|p2|Ambipom, M|
|poke|p2|Yanmega, M|
|poke|p2|Bombirdier, F|
|poke|p2|Copperajah, F|
|poke|p2|Blaziken, M|
|teampreview
|
|t:|1760764047
|teamsize|p1|6
|teamsize|p2|6
|start
|switch|p1a: Iron Jugulis|Iron Jugulis|100/100
|switch|p2a: Blaziken|Blaziken, M|100/100
|turn|1
|inactive|Battle timer is ON: inactive players will automatically lose when time's up. (requested by Bleez145)
|
|t:|1760764065
|move|p1a: Iron Jugulis|Hurricane|p2a: Blaziken
|-supereffective|p2a: Blaziken
|-damage|p2a: Blaziken|0 fnt
|faint|p2a: Blaziken
|
|upkeep
|
|t:|1760764076
|switch|p2a: Ambipom|Ambipom, M|100/100
|turn|2
|
|t:|1760764096
|-end|p1a: Iron Jugulis|Quark Drive|[silent]
|switch|p1a: Metagross|Metagross, shiny|100/100
|move|p2a: Ambipom|Fake Out|p1a: Metagross
|-resisted|p1a: Metagross
|-damage|p1a: Metagross|91/100
|
|upkeep
|turn|3
|
|t:|1760764104
|move|p2a: Ambipom|Knock Off|p1a: Metagross
|-supereffective|p1a: Metagross
|-damage|p1a: Metagross|43/100
|-enditem|p1a: Metagross|Weakness Policy
|-boost|p1a: Metagross|atk|2|[from] item: Weakness Policy
|-boost|p1a: Metagross|spa|2|[from] item: Weakness Policy
|move|p1a: Metagross|Agility|p1a: Metagross
|-boost|p1a: Metagross|spe|2
|
|upkeep
|turn|4
|
|t:|1760764119
|move|p1a: Metagross|Earthquake|p2a: Ambipom
|-enditem|p2a: Ambipom|Focus Sash
|-damage|p2a: Ambipom|1/100
|move|p2a: Ambipom|Knock Off|p1a: Metagross
|-supereffective|p1a: Metagross
|-damage|p1a: Metagross|14/100
|
|upkeep
|turn|5
|
|t:|1760764130
|move|p1a: Metagross|Earthquake|p2a: Ambipom
|-damage|p2a: Ambipom|0 fnt
|faint|p2a: Ambipom
|
|upkeep
|
|t:|1760764137
|switch|p2a: Dusknoir|Dusknoir, M|100/100
|-ability|p2a: Dusknoir|Pressure
|turn|6
|
|t:|1760764155
|move|p1a: Metagross|Psychic Fangs|p2a: Dusknoir
|-damage|p2a: Dusknoir|6/100
|move|p2a: Dusknoir|Earthquake|p1a: Metagross
|-supereffective|p1a: Metagross
|-damage|p1a: Metagross|0 fnt
|faint|p1a: Metagross
|
|-heal|p2a: Dusknoir|12/100|[from] item: Leftovers
|upkeep
|inactive|Krusher Kane has 120 seconds left.
|
|t:|1760764176
|switch|p1a: Falinks|Falinks, shiny|100/100
|turn|7
|
|t:|1760764179
|move|p1a: Falinks|No Retreat|p1a: Falinks
|-boost|p1a: Falinks|atk|1
|-boost|p1a: Falinks|def|1
|-boost|p1a: Falinks|spa|1
|-boost|p1a: Falinks|spd|1
|-boost|p1a: Falinks|spe|1
|-start|p1a: Falinks|move: No Retreat
|move|p2a: Dusknoir|Will-O-Wisp|p1a: Falinks
|-status|p1a: Falinks|brn
|
|-heal|p2a: Dusknoir|18/100|[from] item: Leftovers
|-damage|p1a: Falinks|94/100 brn|[from] brn
|upkeep
|turn|8
|
|t:|1760764187
|move|p1a: Falinks|Zen Headbutt|p2a: Dusknoir
|-damage|p2a: Dusknoir|1/100
|move|p2a: Dusknoir|Pain Split|p1a: Falinks
|-sethp|p1a: Falinks|48/100 brn|[from] move: Pain Split|[silent]
|-sethp|p2a: Dusknoir|49/100|[from] move: Pain Split
|
|-heal|p2a: Dusknoir|55/100|[from] item: Leftovers
|-damage|p1a: Falinks|42/100 brn|[from] brn
|upkeep
|turn|9
|
|t:|1760764195
|move|p1a: Falinks|Poison Jab|p2a: Dusknoir
|-resisted|p2a: Dusknoir
|-damage|p2a: Dusknoir|47/100
|move|p2a: Dusknoir|Poltergeist|p1a: Falinks
|-activate|p1a: Falinks|move: Poltergeist|Focus Sash
|-damage|p1a: Falinks|0 fnt
|faint|p1a: Falinks
|
|-heal|p2a: Dusknoir|53/100|[from] item: Leftovers
|upkeep
|
|t:|1760764210
|switch|p1a: Mimikyu|Mimikyu, F|100/100
|turn|10
|
|t:|1760764214
|move|p1a: Mimikyu|Trick|p2a: Dusknoir
|-activate|p1a: Mimikyu|move: Trick|[of] p2a: Dusknoir
|-item|p2a: Dusknoir|Choice Scarf|[from] move: Trick
|-item|p1a: Mimikyu|Leftovers|[from] move: Trick
|move|p2a: Dusknoir|Will-O-Wisp|p1a: Mimikyu
|-status|p1a: Mimikyu|brn
|
|-damage|p1a: Mimikyu|94/100 brn|[from] brn
|upkeep
|turn|11
|
|t:|1760764225
|switch|p2a: Bombirdier|Bombirdier, F|100/100
|move|p1a: Mimikyu|Shadow Claw|p2a: Bombirdier
|-resisted|p2a: Bombirdier
|-damage|p2a: Bombirdier|92/100
|
|-heal|p1a: Mimikyu|100/100 brn|[from] item: Leftovers
|-damage|p1a: Mimikyu|94/100 brn|[from] brn
|upkeep
|turn|12
|
|t:|1760764234
|move|p2a: Bombirdier|Knock Off|p1a: Mimikyu
|-activate|p1a: Mimikyu|ability: Disguise
|-damage|p1a: Mimikyu|94/100 brn
|-enditem|p1a: Mimikyu|Leftovers|[from] move: Knock Off|[of] p2a: Bombirdier
|detailschange|p1a: Mimikyu|Mimikyu-Busted, F
|-damage|p1a: Mimikyu|82/100 brn|[from] pokemon: Mimikyu-Busted
|move|p1a: Mimikyu|Play Rough|p2a: Bombirdier
|-supereffective|p2a: Bombirdier
|-damage|p2a: Bombirdier|50/100
|
|-damage|p1a: Mimikyu|76/100 brn|[from] brn
|upkeep
|turn|13
|
|t:|1760764250
|move|p2a: Bombirdier|Stealth Rock|p1a: Mimikyu
|-sidestart|p1: Krusher Kane|move: Stealth Rock
|move|p1a: Mimikyu|Trick|p2a: Bombirdier
|-activate|p1a: Mimikyu|move: Trick|[of] p2a: Bombirdier
|-enditem|p2a: Bombirdier|Liechi Berry|[silent]|[from] move: Trick
|-item|p1a: Mimikyu|Liechi Berry|[from] move: Trick
|
|-damage|p1a: Mimikyu|70/100 brn|[from] brn
|upkeep
|turn|14
|
|t:|1760764265
|move|p2a: Bombirdier|Roost|p2a: Bombirdier
|-heal|p2a: Bombirdier|99/100
|-singleturn|p2a: Bombirdier|move: Roost
|move|p1a: Mimikyu|Play Rough|p2a: Bombirdier
|-supereffective|p2a: Bombirdier
|-damage|p2a: Bombirdier|57/100
|
|-damage|p1a: Mimikyu|64/100 brn|[from] brn
|upkeep
|turn|15
|
|t:|1760764272
|move|p2a: Bombirdier|Knock Off|p1a: Mimikyu
|-damage|p1a: Mimikyu|14/100 brn
|-enditem|p1a: Mimikyu|Liechi Berry|[from] move: Knock Off|[of] p2a: Bombirdier
|move|p1a: Mimikyu|Play Rough|p2a: Bombirdier
|-supereffective|p2a: Bombirdier
|-damage|p2a: Bombirdier|9/100
|
|-damage|p1a: Mimikyu|8/100 brn|[from] brn
|upkeep
|turn|16
|
|t:|1760764289
|move|p2a: Bombirdier|Roost|p2a: Bombirdier
|-heal|p2a: Bombirdier|59/100
|-singleturn|p2a: Bombirdier|move: Roost
|move|p1a: Mimikyu|Destiny Bond|p1a: Mimikyu
|-singlemove|p1a: Mimikyu|Destiny Bond
|
|-damage|p1a: Mimikyu|2/100 brn|[from] brn
|upkeep
|turn|17
|
|t:|1760764300
|move|p2a: Bombirdier|Roost|p2a: Bombirdier
|-heal|p2a: Bombirdier|100/100
|-singleturn|p2a: Bombirdier|move: Roost
|move|p1a: Mimikyu|Play Rough|p2a: Bombirdier
|-supereffective|p2a: Bombirdier
|-damage|p2a: Bombirdier|57/100
|
|-damage|p1a: Mimikyu|0 fnt|[from] brn
|faint|p1a: Mimikyu
|upkeep
|
|t:|1760764308
|switch|p1a: Morpeko|Morpeko, M, shiny|100/100
|turn|18
|l|☆Bleez145
|inactive|Bleez145 disconnected and has a minute to reconnect!
|player|p2|
|j|☆Bleez145
|inactive|Bleez145 reconnected and has 145 seconds left.
|player|p2|Bleez145|1|
|
|t:|1760764320
|move|p1a: Morpeko|Aura Wheel|p2a: Bombirdier
|-supereffective|p2a: Bombirdier
|-damage|p2a: Bombirdier|0 fnt
|-boost|p1a: Morpeko|spe|1
|faint|p2a: Bombirdier
|
|-formechange|p1a: Morpeko|Morpeko-Hangry||[from] ability: Hunger Switch
|upkeep
|
|t:|1760764324
|switch|p2a: Dusknoir|Dusknoir, M|53/100
|-ability|p2a: Dusknoir|Pressure
|turn|19
|
|t:|1760764329
|move|p1a: Morpeko|Aura Wheel|p2a: Dusknoir
|-supereffective|p2a: Dusknoir
|-damage|p2a: Dusknoir|0 fnt
|-boost|p1a: Morpeko|spe|1
|faint|p2a: Dusknoir
|
|-formechange|p1a: Morpeko|Morpeko||[from] ability: Hunger Switch
|upkeep
|
|t:|1760764334
|switch|p2a: Copperajah|Copperajah, F|100/100
|turn|20
|
|t:|1760764340
|move|p1a: Morpeko|Protect|p1a: Morpeko
|-singleturn|p1a: Morpeko|Protect
|move|p2a: Copperajah|Earthquake|p1a: Morpeko
|-activate|p1a: Morpeko|move: Protect
|
|-formechange|p1a: Morpeko|Morpeko-Hangry||[from] ability: Hunger Switch
|upkeep
|turn|21
|
|t:|1760764353
|-terastallize|p1a: Morpeko|Flying
|move|p1a: Morpeko|Aura Wheel|p2a: Copperajah
|-damage|p2a: Copperajah|68/100
|-boost|p1a: Morpeko|spe|1
|move|p2a: Copperajah|Play Rough|p1a: Morpeko
|-damage|p1a: Morpeko|29/100
|
|upkeep
|turn|22
|
|t:|1760764365
|move|p1a: Morpeko|Rapid Spin|p2a: Copperajah
|-resisted|p2a: Copperajah
|-damage|p2a: Copperajah|63/100
|-boost|p1a: Morpeko|spe|1
|-sideend|p1: Krusher Kane|Stealth Rock|[from] move: Rapid Spin|[of] p1a: Morpeko
|move|p2a: Copperajah|Curse|p2a: Copperajah
|-unboost|p2a: Copperajah|spe|1
|-boost|p2a: Copperajah|atk|1
|-boost|p2a: Copperajah|def|1
|
|upkeep
|turn|23
|
|t:|1760764376
|move|p1a: Morpeko|Aura Wheel|p2a: Copperajah
|-damage|p2a: Copperajah|41/100
|-boost|p1a: Morpeko|spe|1
|-enditem|p2a: Copperajah|Sitrus Berry|[eat]
|-heal|p2a: Copperajah|66/100|[from] item: Sitrus Berry
|move|p2a: Copperajah|Iron Head|p1a: Morpeko
|-damage|p1a: Morpeko|0 fnt
|faint|p1a: Morpeko
|detailschange|p1: Morpeko|Morpeko, M, shiny|[silent]
|
|upkeep
|
|t:|1760764392
|switch|p1a: Iron Jugulis|Iron Jugulis|100/100
|turn|24
|
|t:|1760764399
|move|p1a: Iron Jugulis|Fire Blast|p2a: Copperajah
|-supereffective|p2a: Copperajah
|-damage|p2a: Copperajah|0 fnt
|faint|p2a: Copperajah
|
|upkeep
|
|t:|1760764405
|switch|p2a: Yanmega|Yanmega, M|100/100
|turn|25
|
|t:|1760764413
|move|p1a: Iron Jugulis|Fire Blast|p2a: Yanmega
|-supereffective|p2a: Yanmega
|-damage|p2a: Yanmega|0 fnt
|faint|p2a: Yanmega
|
|win|Krusher Kane
|raw|Krusher Kane's rating: 1134 &rarr; <strong>1159</strong><br />(+25 for winning)
|raw|Bleez145's rating: 1138 &rarr; <strong>1113</strong><br />(-25 for losing)
|l|☆Bleez145
|player|p2|
|l|☆Krusher Kane
|player|p1|
