|j|☆BigJulius
|j|☆Vince1314
|t:|1760776529
|gametype|singles
|player|p1|BigJulius|102|1430
|player|p2|Vince1314|170|1552
|gen|9
|tier|[Gen 9] OU
|rated|
|rule|HP Percentage Mod: HP is shown in percentages
|rule|Endless Battle Clause: Forcing endless battles is banned
|rule|Species Clause: Limit one of each Pokémon
|rule|OHKO Clause: OHKO moves are banned
|rule|Evasion Items Clause: Evasion items are banned
|rule|Evasion Moves Clause: Evasion moves are banned
|rule|Evasion Abilities Clause: Evasion abilities are banned
|rule|Sleep Moves Clause: Sleep-inducing moves are banned
|clearpoke
|poke|p1|Clodsire, F|
|poke|p1|Rillaboom, F|
|poke|p1|Mandibuzz, F|
|poke|p1|Skeledirge, M|
|poke|p1|Ogerpon-Wellspring, F|
|poke|p1|Zamazenta-*|
|poke|p2|Ting-Lu|
|poke|p2|Walking Wake|
|poke|p2|Clodsire, M|
|poke|p2|Dragapult, F|
|poke|p2|Cinderace, F|
|poke|p2|Iron Crown|
|teampreview
|inactive|Battle timer is ON: inactive players will automatically lose when time's up. (requested by BigJulius)
|
|t:|1760776540
|teamsize|p1|6
|teamsize|p2|6
|start
|switch|p1a: Zamazenta|Zamazenta|100/100
|switch|p2a: Cinderace|Cinderace, F|100/100
|-ability|p1a: Zamazenta|Dauntless Shield|boost
|-boost|p1a: Zamazenta|def|1
|turn|1
|
|t:|1760776552
|move|p1a: Zamazenta|Iron Defense|p1a: Zamazenta
|-boost|p1a: Zamazenta|def|2
|move|p2a: Cinderace|U-turn|p1a: Zamazenta
|-start|p2a: Cinderace|typechange|Bug|[from] ability: Libero
|-resisted|p1a: Zamazenta
|-damage|p1a: Zamazenta|95/100
|
|t:|1760776558
|switch|p2a: Iron Crown|Iron Crown|100/100|[from] U-turn
|
|upkeep
|turn|2
|
|t:|1760776564
|move|p2a: Iron Crown|Psychic Noise|p1a: Zamazenta
|-supereffective|p1a: Zamazenta
|-damage|p1a: Zamazenta|38/100
|-start|p1a: Zamazenta|move: Heal Block
|move|p1a: Zamazenta|Body Press|p2a: Iron Crown
|-damage|p2a: Iron Crown|22/100
|
|upkeep
|turn|3
|
|t:|1760776573
|switch|p1a: Mandibuzz|Mandibuzz, F|100/100
|move|p2a: Iron Crown|Psychic Noise|p1a: Mandibuzz
|-immune|p1a: Mandibuzz
|
|upkeep
|turn|4
|
|t:|1760776581
|-end|p2a: Iron Crown|Quark Drive|[silent]
|switch|p2a: Ting-Lu|Ting-Lu|100/100
|-ability|p2a: Ting-Lu|Vessel of Ruin
|move|p1a: Mandibuzz|U-turn|p2a: Ting-Lu
|-supereffective|p2a: Ting-Lu
|-damage|p2a: Ting-Lu|91/100
|
|t:|1760776584
|switch|p1a: Zamazenta|Zamazenta|38/100|[from] U-turn
|
|-heal|p2a: Ting-Lu|97/100|[from] item: Leftovers
|upkeep
|turn|5
|
|t:|1760776593
|move|p1a: Zamazenta|Rest|p1a: Zamazenta
|-status|p1a: Zamazenta|slp|[from] move: Rest
|-heal|p1a: Zamazenta|100/100 slp|[silent]
|-enditem|p1a: Zamazenta|Chesto Berry|[eat]
|-curestatus|p1a: Zamazenta|slp|[msg]
|move|p2a: Ting-Lu|Whirlwind|p1a: Zamazenta
|drag|p1a: Skeledirge|Skeledirge, M|100/100
|
|-heal|p2a: Ting-Lu|100/100|[from] item: Leftovers
|upkeep
|turn|6
|
|t:|1760776605
|switch|p2a: Cinderace|Cinderace, F|100/100
|move|p1a: Skeledirge|Will-O-Wisp|p2a: Cinderace
|-immune|p2a: Cinderace
|
|upkeep
|turn|7
|
|t:|1760776616
|move|p2a: Cinderace|U-turn|p1a: Skeledirge
|-start|p2a: Cinderace|typechange|Bug|[from] ability: Libero
|-resisted|p1a: Skeledirge
|-damage|p1a: Skeledirge|96/100
|-damage|p2a: Cinderace|84/100|[from] item: Rocky Helmet|[of] p1a: Skeledirge
|
|t:|1760776623
|switch|p2a: Clodsire|Clodsire, M|100/100|[from] U-turn
|move|p1a: Skeledirge|Torch Song|p2a: Clodsire
|-damage|p2a: Clodsire|84/100
|-boost|p1a: Skeledirge|spa|1
|
|-heal|p2a: Clodsire|90/100|[from] item: Leftovers
|upkeep
|turn|8
|
|t:|1760776631
|switch|p1a: Clodsire|Clodsire, F, shiny|100/100
|move|p2a: Clodsire|Toxic|p1a: Clodsire
|-immune|p1a: Clodsire
|
|-heal|p2a: Clodsire|96/100|[from] item: Leftovers
|upkeep
|turn|9
|
|t:|1760776638
|move|p2a: Clodsire|Earthquake|p1a: Clodsire
|-supereffective|p1a: Clodsire
|-crit|p1a: Clodsire
|-damage|p1a: Clodsire|0 fnt
|faint|p1a: Clodsire
|
|-heal|p2a: Clodsire|100/100|[from] item: Leftovers
|upkeep
|c|☆BigJulius|Loooool
|
|t:|1760776648
|switch|p1a: Ogerpon|Ogerpon-Wellspring, F|100/100
|turn|10
|
|t:|1760776651
|move|p1a: Ogerpon|Swords Dance|p1a: Ogerpon
|-boost|p1a: Ogerpon|atk|2
|move|p2a: Clodsire|Toxic|p1a: Ogerpon
|-status|p1a: Ogerpon|tox
|
|-damage|p1a: Ogerpon|95/100 tox|[from] psn
|upkeep
|turn|11
|
|t:|1760776658
|switch|p2a: Dragapult|Dragapult, F|100/100
|move|p1a: Ogerpon|Horn Leech|p2a: Dragapult
|-resisted|p2a: Dragapult
|-damage|p2a: Dragapult|39/100
|-heal|p1a: Ogerpon|100/100 tox|[from] drain|[of] p2a: Dragapult
|
|-damage|p1a: Ogerpon|89/100 tox|[from] psn
|upkeep
|turn|12
|
|t:|1760776668
|-terastallize|p1a: Ogerpon|Water
|detailschange|p1a: Ogerpon|Ogerpon-Wellspring-Tera, F, tera:Water
|-ability|p1a: Ogerpon|Embody Aspect (Wellspring)|boost
|-boost|p1a: Ogerpon|spd|1
|move|p2a: Dragapult|Dragon Darts|p1a: Ogerpon
|-damage|p1a: Ogerpon|36/100 tox
|-anim|p2a: Dragapult|Dragon Darts|p1a: Ogerpon
|-damage|p1a: Ogerpon|0 fnt
|faint|p1a: Ogerpon
|detailschange|p1: Ogerpon|Ogerpon-Wellspring, F|[silent]
|
|upkeep
|
|t:|1760776676
|switch|p1a: Skeledirge|Skeledirge, M|96/100
|turn|13
|
|t:|1760776682
|switch|p2a: Clodsire|Clodsire, M|100/100
|move|p1a: Skeledirge|Earth Power|p2a: Clodsire
|-supereffective|p2a: Clodsire
|-damage|p2a: Clodsire|78/100
|
|-heal|p2a: Clodsire|84/100|[from] item: Leftovers
|upkeep
|turn|14
|
|t:|1760776689
|move|p1a: Skeledirge|Will-O-Wisp|p2a: Clodsire
|-status|p2a: Clodsire|brn
|move|p2a: Clodsire|Toxic|p1a: Skeledirge
|-status|p1a: Skeledirge|tox
|
|-heal|p2a: Clodsire|90/100 brn|[from] item: Leftovers
|-damage|p1a: Skeledirge|90/100 tox|[from] psn
|-damage|p2a: Clodsire|84/100 brn|[from] brn
|upkeep
|turn|15
|
|t:|1760776699
|switch|p2a: Walking Wake|Walking Wake|100/100
|move|p1a: Skeledirge|Torch Song|p2a: Walking Wake
|-resisted|p2a: Walking Wake
|-damage|p2a: Walking Wake|91/100
|-boost|p1a: Skeledirge|spa|1
|
|-damage|p1a: Skeledirge|77/100 tox|[from] psn
|upkeep
|turn|16
|
|t:|1760776709
|move|p2a: Walking Wake|Knock Off|p1a: Skeledirge
|-supereffective|p1a: Skeledirge
|-damage|p1a: Skeledirge|55/100 tox
|-damage|p2a: Walking Wake|75/100|[from] item: Rocky Helmet|[of] p1a: Skeledirge
|-enditem|p1a: Skeledirge|Rocky Helmet|[from] move: Knock Off|[of] p2a: Walking Wake
|move|p1a: Skeledirge|Earth Power|p2a: Walking Wake
|-damage|p2a: Walking Wake|32/100
|
|-damage|p1a: Skeledirge|37/100 tox|[from] psn
|upkeep
|turn|17
|
|t:|1760776719
|move|p2a: Walking Wake|Hydro Pump|p1a: Skeledirge
|-supereffective|p1a: Skeledirge
|-damage|p1a: Skeledirge|0 fnt
|faint|p1a: Skeledirge
|
|upkeep
|
|t:|1760776721
|switch|p1a: Rillaboom|Rillaboom, F|100/100
|-fieldstart|move: Grassy Terrain|[from] ability: Grassy Surge|[of] p1a: Rillaboom
|turn|18
|
|t:|1760776730
|move|p2a: Walking Wake|Flip Turn|p1a: Rillaboom
|-resisted|p1a: Rillaboom
|-damage|p1a: Rillaboom|91/100
|
|t:|1760776737
|-end|p2a: Walking Wake|Protosynthesis|[silent]
|switch|p2a: Ting-Lu|Ting-Lu|100/100|[from] Flip Turn
|-ability|p2a: Ting-Lu|Vessel of Ruin
|move|p1a: Rillaboom|Wood Hammer|p2a: Ting-Lu
|-supereffective|p2a: Ting-Lu
|-damage|p2a: Ting-Lu|13/100
|-damage|p1a: Rillaboom|48/100|[from] Recoil
|
|-heal|p1a: Rillaboom|54/100|[from] Grassy Terrain
|-heal|p2a: Ting-Lu|19/100|[from] Grassy Terrain
|-heal|p2a: Ting-Lu|25/100|[from] item: Leftovers
|upkeep
|turn|19
|
|t:|1760776751
|move|p1a: Rillaboom|Wood Hammer|p2a: Ting-Lu
|-supereffective|p2a: Ting-Lu
|-damage|p2a: Ting-Lu|0 fnt
|faint|p2a: Ting-Lu
|-damage|p1a: Rillaboom|42/100|[from] Recoil
|
|-heal|p1a: Rillaboom|48/100|[from] Grassy Terrain
|upkeep
|
|t:|1760776759
|switch|p2a: Cinderace|Cinderace, F|84/100
|turn|20
|
|t:|1760776763
|switch|p1a: Mandibuzz|Mandibuzz, F|100/100
|move|p2a: Cinderace|U-turn|p1a: Mandibuzz
|-start|p2a: Cinderace|typechange|Bug|[from] ability: Libero
|-damage|p1a: Mandibuzz|79/100
|
|t:|1760776770
|switch|p2a: Iron Crown|Iron Crown|22/100|[from] U-turn
|
|-heal|p2a: Iron Crown|28/100|[from] Grassy Terrain
|upkeep
|turn|21
|
|t:|1760776776
|move|p2a: Iron Crown|Volt Switch|p1a: Mandibuzz
|-supereffective|p1a: Mandibuzz
|-damage|p1a: Mandibuzz|35/100
|
|t:|1760776781
|-end|p2a: Iron Crown|Quark Drive|[silent]
|switch|p2a: Clodsire|Clodsire, M|84/100 brn|[from] Volt Switch
|move|p1a: Mandibuzz|Foul Play|p2a: Clodsire
|-damage|p2a: Clodsire|53/100 brn
|
|-heal|p2a: Clodsire|59/100 brn|[from] Grassy Terrain
|-heal|p2a: Clodsire|65/100 brn|[from] item: Leftovers
|-damage|p2a: Clodsire|59/100 brn|[from] brn
|upkeep
|turn|22
|
|t:|1760776791
|move|p1a: Mandibuzz|Roost|p1a: Mandibuzz
|-heal|p1a: Mandibuzz|85/100
|-singleturn|p1a: Mandibuzz|move: Roost
|move|p2a: Clodsire|Toxic|p1a: Mandibuzz
|-status|p1a: Mandibuzz|tox
|
|-heal|p1a: Mandibuzz|91/100 tox|[from] Grassy Terrain
|-heal|p2a: Clodsire|65/100 brn|[from] Grassy Terrain
|-heal|p2a: Clodsire|71/100 brn|[from] item: Leftovers
|-damage|p1a: Mandibuzz|85/100 tox|[from] psn
|-damage|p2a: Clodsire|65/100 brn|[from] brn
|-fieldend|move: Grassy Terrain
|upkeep
|turn|23
|
|t:|1760776803
|move|p1a: Mandibuzz|U-turn|p2a: Clodsire
|-resisted|p2a: Clodsire
|-damage|p2a: Clodsire|59/100 brn
|
|t:|1760776812
|switch|p1a: Zamazenta|Zamazenta|100/100|[from] U-turn
|move|p2a: Clodsire|Stealth Rock|p1a: Zamazenta
|-sidestart|p1: BigJulius|move: Stealth Rock
|
|-heal|p2a: Clodsire|65/100 brn|[from] item: Leftovers
|-damage|p2a: Clodsire|59/100 brn|[from] brn
|upkeep
|turn|24
|
|t:|1760776822
|move|p1a: Zamazenta|Iron Defense|p1a: Zamazenta
|-boost|p1a: Zamazenta|def|2
|move|p2a: Clodsire|Toxic|p1a: Zamazenta
|-status|p1a: Zamazenta|tox
|
|-heal|p2a: Clodsire|65/100 brn|[from] item: Leftovers
|-damage|p1a: Zamazenta|94/100 tox|[from] psn
|-damage|p2a: Clodsire|59/100 brn|[from] brn
|upkeep
|turn|25
|
|t:|1760776831
|move|p1a: Zamazenta|Body Press|p2a: Clodsire
|-resisted|p2a: Clodsire
|-damage|p2a: Clodsire|27/100 brn
|move|p2a: Clodsire|Recover|p2a: Clodsire
|-heal|p2a: Clodsire|77/100 brn
|
|-heal|p2a: Clodsire|83/100 brn|[from] item: Leftovers
|-damage|p1a: Zamazenta|82/100 tox|[from] psn
|-damage|p2a: Clodsire|77/100 brn|[from] brn
|upkeep
|turn|26
|
|t:|1760776841
|switch|p2a: Dragapult|Dragapult, F|39/100
|move|p1a: Zamazenta|Iron Defense|p1a: Zamazenta
|-boost|p1a: Zamazenta|def|2
|
|-damage|p1a: Zamazenta|63/100 tox|[from] psn
|upkeep
|turn|27
|
|t:|1760776850
|move|p2a: Dragapult|U-turn|p1a: Zamazenta
|-resisted|p1a: Zamazenta
|-damage|p1a: Zamazenta|59/100 tox
|
|t:|1760776858
|switch|p2a: Clodsire|Clodsire, M|77/100 brn|[from] U-turn
|move|p1a: Zamazenta|Rest|p1a: Zamazenta
|-status|p1a: Zamazenta|slp|[from] move: Rest
|-heal|p1a: Zamazenta|100/100 slp|[silent]
|
|-heal|p2a: Clodsire|83/100 brn|[from] item: Leftovers
|-damage|p2a: Clodsire|77/100 brn|[from] brn
|upkeep
|turn|28
|
|t:|1760776868
|switch|p2a: Iron Crown|Iron Crown|28/100
|cant|p1a: Zamazenta|slp
|
|upkeep
|turn|29
|
|t:|1760776878
|move|p2a: Iron Crown|Tachyon Cutter|p1a: Zamazenta
|-damage|p1a: Zamazenta|82/100 slp
|-damage|p1a: Zamazenta|62/100 slp
|-hitcount|p1a: Zamazenta|2
|cant|p1a: Zamazenta|slp
|
|upkeep
|turn|30
|
|t:|1760776887
|-terastallize|p2a: Iron Crown|Steel
|move|p2a: Iron Crown|Tachyon Cutter|p1a: Zamazenta
|-damage|p1a: Zamazenta|39/100 slp
|-damage|p1a: Zamazenta|14/100 slp
|-hitcount|p1a: Zamazenta|2
|-curestatus|p1a: Zamazenta|slp|[msg]
|move|p1a: Zamazenta|Moonblast|p2a: Iron Crown
|-resisted|p2a: Iron Crown
|-damage|p2a: Iron Crown|19/100
|
|upkeep
|turn|31
|
|t:|1760776897
|switch|p1a: Mandibuzz|Mandibuzz, F|85/100 tox
|move|p2a: Iron Crown|Tachyon Cutter|p1a: Mandibuzz
|-damage|p1a: Mandibuzz|54/100 tox
|-damage|p1a: Mandibuzz|22/100 tox
|-hitcount|p1a: Mandibuzz|2
|
|-damage|p1a: Mandibuzz|16/100 tox|[from] psn
|upkeep
|turn|32
|
|t:|1760776905
|move|p2a: Iron Crown|Tachyon Cutter|p1a: Mandibuzz
|-damage|p1a: Mandibuzz|0 fnt
|faint|p1a: Mandibuzz
|-hitcount|p1: Mandibuzz|1
|
|upkeep
|
|t:|1760776907
|switch|p1a: Rillaboom|Rillaboom, F|48/100
|-damage|p1a: Rillaboom|36/100|[from] Stealth Rock
|-fieldstart|move: Grassy Terrain|[from] ability: Grassy Surge|[of] p1a: Rillaboom
|turn|33
|
|t:|1760776913
|move|p2a: Iron Crown|Tachyon Cutter|p1a: Rillaboom
|-damage|p1a: Rillaboom|0 fnt
|faint|p1a: Rillaboom
|-hitcount|p1: Rillaboom|1
|
|-heal|p2a: Iron Crown|25/100|[from] Grassy Terrain
|upkeep
|-message|BigJulius forfeited.
|
|win|Vince1314
|raw|BigJulius's rating: 1430 &rarr; <strong>1417</strong><br />(-13 for losing)
|raw|Vince1314's rating: 1552 &rarr; <strong>1565</strong><br />(+13 for winning)
|l|☆BigJulius
|player|p1|
|l|☆Vince1314
|player|p2|
