|j|‽dwellingabyss
|j|☆o monstro01
|t:|1760877605
|gametype|singles
|player|p1|dwellingabyss|169|1510
|player|p2|o monstro01|clay|1479
|gen|9
|tier|[Gen 9] OU
|rated|
|rule|HP Percentage Mod: HP is shown in percentages
|rule|Endless Battle Clause: Forcing endless battles is banned
|rule|Species Clause: Limit one of each Pokémon
|rule|OHKO Clause: OHKO moves are banned
|rule|Evasion Items Clause: Evasion items are banned
|rule|Evasion Moves Clause: Evasion moves are banned
|rule|Evasion Abilities Clause: Evasion abilities are banned
|rule|Sleep Moves Clause: Sleep-inducing moves are banned
|clearpoke
|poke|p1|Landorus-Therian, M|
|poke|p1|Gholdengo|
|poke|p1|Samurott-Hisui, M|
|poke|p1|Dragapult, M|
|poke|p1|Dragonite, M|
|poke|p1|Latios, M|
|poke|p2|Great Tusk|
|poke|p2|Iron Moth|
|poke|p2|Walking Wake|
|poke|p2|Comfey, M|
|poke|p2|Ninetales, M|
|poke|p2|Whimsicott, F|
|teampreview
|
|t:|1760877624
|teamsize|p1|6
|teamsize|p2|6
|start
|switch|p1a: Samurott|Samurott-Hisui, M|100/100
|switch|p2a: Walking Wake|Walking Wake|100/100
|turn|1
|
|t:|1760877632
|switch|p1a: Gholdengo|Gholdengo|100/100
|-item|p1a: Gholdengo|Air Balloon
|move|p2a: Walking Wake|Dragon Pulse|p1a: Gholdengo
|-resisted|p1a: Gholdengo
|-damage|p1a: Gholdengo|82/100
|-enditem|p1a: Gholdengo|Air Balloon
|
|upkeep
|turn|2
|l|‽dwellingabyss
|player|p1|
|j|‽dwellingabyss
|player|p1|dwellingabyss|169|
|n|‽dwellingabyss|dwellingabyss
|
|t:|1760877687
|move|p2a: Walking Wake|Knock Off|p1a: Gholdengo
|-supereffective|p1a: Gholdengo
|-damage|p1a: Gholdengo|61/100
|move|p1a: Gholdengo|Thunder Wave|p2a: Walking Wake
|-status|p2a: Walking Wake|par
|
|upkeep
|turn|3
|
|t:|1760877694
|move|p1a: Gholdengo|Recover|p1a: Gholdengo
|-heal|p1a: Gholdengo|100/100
|move|p2a: Walking Wake|Flamethrower|p1a: Gholdengo
|-supereffective|p1a: Gholdengo
|-damage|p1a: Gholdengo|56/100
|
|upkeep
|turn|4
|
|t:|1760877702
|move|p1a: Gholdengo|Hex|p2a: Walking Wake
|-damage|p2a: Walking Wake|55/100 par
|move|p2a: Walking Wake|Flamethrower|p1a: Gholdengo
|-supereffective|p1a: Gholdengo
|-damage|p1a: Gholdengo|9/100
|
|upkeep
|turn|5
|
|t:|1760877710
|-end|p2a: Walking Wake|Protosynthesis|[silent]
|switch|p2a: Iron Moth|Iron Moth|100/100
|-enditem|p2a: Iron Moth|Booster Energy
|-activate|p2a: Iron Moth|ability: Quark Drive|[fromitem]
|-start|p2a: Iron Moth|quarkdrivespa
|move|p1a: Gholdengo|Recover|p1a: Gholdengo
|-heal|p1a: Gholdengo|59/100
|
|upkeep
|turn|6
|
|t:|1760877720
|switch|p1a: Latios|Latios, M|100/100
|move|p2a: Iron Moth|Fiery Dance|p1a: Latios
|-resisted|p1a: Latios
|-damage|p1a: Latios|73/100
|-boost|p2a: Iron Moth|spa|1
|
|upkeep
|turn|7
|
|t:|1760877729
|move|p1a: Latios|Psychic|p2a: Iron Moth
|-supereffective|p2a: Iron Moth
|-damage|p2a: Iron Moth|0 fnt
|faint|p2a: Iron Moth
|-end|p2a: Iron Moth|Quark Drive|[silent]
|
|upkeep
|
|t:|1760877743
|switch|p2a: Ninetales|Ninetales, M|100/100
|-weather|SunnyDay|[from] ability: Drought|[of] p2a: Ninetales
|turn|8
|
|t:|1760877752
|switch|p2a: Walking Wake|Walking Wake|55/100 par
|-activate|p2a: Walking Wake|ability: Protosynthesis
|-start|p2a: Walking Wake|protosynthesisspe
|move|p1a: Latios|Psychic|p2a: Walking Wake
|-damage|p2a: Walking Wake|24/100 par
|
|-weather|SunnyDay|[upkeep]
|upkeep
|turn|9
|
|t:|1760877765
|switch|p1a: Gholdengo|Gholdengo|59/100
|cant|p2a: Walking Wake|par
|
|-weather|SunnyDay|[upkeep]
|upkeep
|turn|10
|
|t:|1760877773
|switch|p1a: Samurott|Samurott-Hisui, M|100/100
|move|p2a: Walking Wake|Flamethrower|p1a: Samurott
|-resisted|p1a: Samurott
|-damage|p1a: Samurott|76/100
|
|-weather|SunnyDay|[upkeep]
|-heal|p1a: Samurott|83/100|[from] item: Leftovers
|upkeep
|turn|11
|
|t:|1760877782
|move|p1a: Samurott|Sucker Punch|p2a: Walking Wake
|-damage|p2a: Walking Wake|0 fnt
|faint|p2a: Walking Wake
|-end|p2a: Walking Wake|Protosynthesis|[silent]
|
|-weather|SunnyDay|[upkeep]
|-heal|p1a: Samurott|89/100|[from] item: Leftovers
|upkeep
|
|t:|1760877789
|switch|p2a: Whimsicott|Whimsicott, F|100/100
|turn|12
|
|t:|1760877806
|move|p2a: Whimsicott|Growth|p2a: Whimsicott
|-boost|p2a: Whimsicott|atk|2
|-boost|p2a: Whimsicott|spa|2
|move|p1a: Samurott|Ceaseless Edge|p2a: Whimsicott
|-resisted|p2a: Whimsicott
|-damage|p2a: Whimsicott|67/100
|-sidestart|p2: o monstro01|Spikes
|
|-weather|SunnyDay|[upkeep]
|-heal|p1a: Samurott|95/100|[from] item: Leftovers
|upkeep
|turn|13
|
|t:|1760877820
|move|p2a: Whimsicott|Moonblast|p1a: Samurott
|-supereffective|p1a: Samurott
|-damage|p1a: Samurott|0 fnt
|faint|p1a: Samurott
|-damage|p2a: Whimsicott|57/100|[from] item: Life Orb
|
|-weather|SunnyDay|[upkeep]
|upkeep
|
|t:|1760877825
|switch|p1a: Dragonite|Dragonite, M|100/100
|turn|14
|
|t:|1760877832
|-terastallize|p2a: Whimsicott|Ghost
|-terastallize|p1a: Dragonite|Normal
|move|p1a: Dragonite|Extreme Speed|p2a: Whimsicott
|-immune|p2a: Whimsicott
|move|p2a: Whimsicott|Moonblast|p1a: Dragonite
|-damage|p1a: Dragonite|50/100
|-damage|p2a: Whimsicott|47/100|[from] item: Life Orb
|
|-weather|SunnyDay|[upkeep]
|upkeep
|turn|15
|
|t:|1760877847
|switch|p1a: Gholdengo|Gholdengo|59/100
|move|p2a: Whimsicott|Moonblast|p1a: Gholdengo
|-resisted|p1a: Gholdengo
|-damage|p1a: Gholdengo|12/100
|-damage|p2a: Whimsicott|37/100|[from] item: Life Orb
|
|-weather|none
|upkeep
|turn|16
|
|t:|1760877857
|move|p2a: Whimsicott|Moonblast|p1a: Gholdengo
|-resisted|p1a: Gholdengo
|-damage|p1a: Gholdengo|0 fnt
|faint|p1a: Gholdengo
|-damage|p2a: Whimsicott|27/100|[from] item: Life Orb
|
|upkeep
|
|t:|1760877864
|switch|p1a: Dragapult|Dragapult, M|100/100
|turn|17
|
|t:|1760877869
|switch|p2a: Ninetales|Ninetales, M|100/100
|-damage|p2a: Ninetales|88/100|[from] Spikes
|-weather|SunnyDay|[from] ability: Drought|[of] p2a: Ninetales
|move|p1a: Dragapult|Shadow Ball|p2a: Ninetales
|-damage|p2a: Ninetales|22/100
|
|-weather|SunnyDay|[upkeep]
|upkeep
|turn|18
|
|t:|1760877881
|switch|p2a: Great Tusk|Great Tusk|100/100
|-damage|p2a: Great Tusk|88/100|[from] Spikes
|-activate|p2a: Great Tusk|ability: Protosynthesis
|-start|p2a: Great Tusk|protosynthesisatk
|move|p1a: Dragapult|Shadow Ball|p2a: Great Tusk
|-damage|p2a: Great Tusk|7/100
|
|-weather|SunnyDay|[upkeep]
|upkeep
|turn|19
|
|t:|1760877892
|move|p1a: Dragapult|Shadow Ball|p2a: Great Tusk
|-damage|p2a: Great Tusk|0 fnt
|faint|p2a: Great Tusk
|-end|p2a: Great Tusk|Protosynthesis|[silent]
|
|-weather|SunnyDay|[upkeep]
|upkeep
|
|t:|1760877899
|switch|p2a: Comfey|Comfey, M|100/100
|-damage|p2a: Comfey|88/100|[from] Spikes
|turn|20
|
|t:|1760877904
|move|p1a: Dragapult|Shadow Ball|p2a: Comfey
|-damage|p2a: Comfey|29/100
|-unboost|p2a: Comfey|spd|1
|move|p2a: Comfey|Growth|p2a: Comfey
|-boost|p2a: Comfey|atk|2
|-boost|p2a: Comfey|spa|2
|
|-weather|SunnyDay|[upkeep]
|upkeep
|turn|21
|
|t:|1760877914
|move|p2a: Comfey|Draining Kiss|p1a: Dragapult
|-supereffective|p1a: Dragapult
|-damage|p1a: Dragapult|0 fnt
|-heal|p2a: Comfey|100/100|[from] drain|[of] p1a: Dragapult
|faint|p1a: Dragapult
|-damage|p2a: Comfey|91/100|[from] item: Life Orb
|
|-weather|SunnyDay|[upkeep]
|upkeep
|
|t:|1760877918
|switch|p1a: Landorus|Landorus-Therian, M|100/100
|-ability|p1a: Landorus|Intimidate|boost
|-unboost|p2a: Comfey|atk|1
|turn|22
|
|t:|1760877930
|move|p2a: Comfey|Giga Drain|p1a: Landorus
|-damage|p1a: Landorus|33/100
|-heal|p2a: Comfey|100/100|[from] drain|[of] p1a: Landorus
|-damage|p2a: Comfey|91/100|[from] item: Life Orb
|move|p1a: Landorus|Earthquake|p2a: Comfey
|-damage|p2a: Comfey|25/100
|
|-weather|SunnyDay|[upkeep]
|upkeep
|turn|23
|
|t:|1760877942
|move|p2a: Comfey|Giga Drain|p1a: Landorus
|-damage|p1a: Landorus|0 fnt
|-heal|p2a: Comfey|42/100|[from] drain|[of] p1a: Landorus
|faint|p1a: Landorus
|-damage|p2a: Comfey|33/100|[from] item: Life Orb
|
|-weather|SunnyDay|[upkeep]
|upkeep
|
|t:|1760877945
|switch|p1a: Dragonite|Dragonite, M, tera:Normal|50/100
|turn|24
|
|t:|1760877953
|move|p2a: Comfey|Draining Kiss|p1a: Dragonite
|-damage|p1a: Dragonite|0 fnt
|-heal|p2a: Comfey|79/100|[from] drain|[of] p1a: Dragonite
|faint|p1a: Dragonite
|-damage|p2a: Comfey|69/100|[from] item: Life Orb
|
|-weather|none
|upkeep
|-message|dwellingabyss forfeited.
|
|win|o monstro01
|raw|dwellingabyss's rating: 1510 &rarr; <strong>1488</strong><br />(-22 for losing)
|raw|o monstro01's rating: 1479 &rarr; <strong>1501</strong><br />(+22 for winning)
|l|‽dwellingabyss
|player|p1|
|l|☆o monstro01
|player|p2|
