|j|☆HZBKAI7
|j|☆cafe_xd_
|t:|1760763519
|gametype|singles
|player|p1|HZBKAI7|2|1097
|player|p2|cafe_xd_|hiker-gen4|1093
|gen|9
|tier|[Gen 9] OU
|rated|
|rule|HP Percentage Mod: HP is shown in percentages
|rule|Endless Battle Clause: Forcing endless battles is banned
|rule|Species Clause: Limit one of each Pokémon
|rule|OHKO Clause: OHKO moves are banned
|rule|Evasion Items Clause: Evasion items are banned
|rule|Evasion Moves Clause: Evasion moves are banned
|rule|Evasion Abilities Clause: Evasion abilities are banned
|rule|Sleep Moves Clause: Sleep-inducing moves are banned
|clearpoke
|poke|p1|Diancie|
|poke|p1|Rillaboom, F|
|poke|p1|Necrozma|
|poke|p1|Corviknight, F|
|poke|p1|Ogerpon-Wellspring, F|
|poke|p1|Iron Hands|
|poke|p2|Ninetales-Alola, M|
|poke|p2|Tornadus-Therian, M|
|poke|p2|Zapdos|
|poke|p2|Great Tusk|
|poke|p2|Gholdengo|
|poke|p2|Greninja-*, M|
|teampreview
|inactive|Battle timer is ON: inactive players will automatically lose when time's up. (requested by cafe_xd_)
|
|t:|1760763526
|teamsize|p1|6
|teamsize|p2|6
|start
|switch|p1a: Necrozma|Necrozma|100/100
|switch|p2a: Greninja|Greninja, M|100/100
|turn|1
|
|t:|1760763531
|move|p2a: Greninja|Dark Pulse|p1a: Necrozma
|-supereffective|p1a: Necrozma
|-damage|p1a: Necrozma|37/100
|-damage|p2a: Greninja|91/100|[from] item: Life Orb
|cant|p1a: Necrozma|flinch
|
|-heal|p1a: Necrozma|43/100|[from] item: Leftovers
|upkeep
|turn|2
|
|t:|1760763538
|move|p2a: Greninja|Dark Pulse|p1a: Necrozma
|-supereffective|p1a: Necrozma
|-damage|p1a: Necrozma|0 fnt
|faint|p1a: Necrozma
|-ability|p2a: Greninja|Battle Bond|boost
|-boost|p2a: Greninja|atk|1
|-boost|p2a: Greninja|spa|1
|-boost|p2a: Greninja|spe|1
|-activate|p2a: Greninja|ability: Battle Bond
|-damage|p2a: Greninja|81/100|[from] item: Life Orb
|
|upkeep
|
|t:|1760763538
|switch|p1a: Iron Hands|Iron Hands|100/100
|-enditem|p1a: Iron Hands|Booster Energy
|-activate|p1a: Iron Hands|ability: Quark Drive|[fromitem]
|-start|p1a: Iron Hands|quarkdriveatk
|turn|3
|
|t:|1760763543
|move|p2a: Greninja|Hydro Pump|p1a: Iron Hands
|-damage|p1a: Iron Hands|21/100
|-damage|p2a: Greninja|71/100|[from] item: Life Orb
|move|p1a: Iron Hands|Drain Punch|p2a: Greninja
|-supereffective|p2a: Greninja
|-crit|p2a: Greninja
|-damage|p2a: Greninja|0 fnt
|-heal|p1a: Iron Hands|44/100|[from] drain|[of] p2a: Greninja
|faint|p2a: Greninja
|
|upkeep
|inactive|cafe_xd_ has 120 seconds left.
|
|t:|1760763574
|switch|p2a: Great Tusk|Great Tusk|100/100
|turn|4
|
|t:|1760763575
|move|p2a: Great Tusk|Rapid Spin|p1a: Iron Hands
|-damage|p1a: Iron Hands|31/100
|-boost|p2a: Great Tusk|spe|1
|move|p1a: Iron Hands|Ice Punch|p2a: Great Tusk
|-supereffective|p2a: Great Tusk
|-damage|p2a: Great Tusk|46/100
|
|upkeep
|turn|5
|
|t:|1760763577
|-terastallize|p1a: Iron Hands|Flying
|move|p2a: Great Tusk|Headlong Rush|p1a: Iron Hands
|-immune|p1a: Iron Hands
|move|p1a: Iron Hands|Ice Punch|p2a: Great Tusk
|-supereffective|p2a: Great Tusk
|-crit|p2a: Great Tusk
|-damage|p2a: Great Tusk|0 fnt
|faint|p2a: Great Tusk
|-end|p2a: Great Tusk|Protosynthesis|[silent]
|
|upkeep
|
|t:|1760763582
|switch|p2a: Zapdos|Zapdos|100/100
|turn|6
|
|t:|1760763583
|move|p2a: Zapdos|Volt Switch|p1a: Iron Hands
|-supereffective|p1a: Iron Hands
|-damage|p1a: Iron Hands|0 fnt
|faint|p1a: Iron Hands
|-end|p1a: Iron Hands|Quark Drive|[silent]
|
|t:|1760763586
|switch|p2a: Tornadus|Tornadus-Therian, M|100/100|[from] Volt Switch
|
|upkeep
|
|t:|1760763586
|switch|p1a: Diancie|Diancie|100/100
|turn|7
|
|t:|1760763589
|-terastallize|p2a: Tornadus|Steel
|move|p2a: Tornadus|Nasty Plot|p2a: Tornadus
|-boost|p2a: Tornadus|spa|2
|move|p1a: Diancie|Ancient Power|p2a: Tornadus
|-resisted|p2a: Tornadus
|-damage|p2a: Tornadus|82/100
|
|upkeep
|turn|8
|
|t:|1760763591
|move|p2a: Tornadus|Grass Knot|p1a: Diancie
|-supereffective|p1a: Diancie
|-damage|p1a: Diancie|68/100
|-damage|p2a: Tornadus|66/100|[from] item: Rocky Helmet|[of] p1a: Diancie
|-damage|p2a: Tornadus|56/100|[from] item: Life Orb
|move|p1a: Diancie|Ancient Power|p2a: Tornadus
|-resisted|p2a: Tornadus
|-damage|p2a: Tornadus|38/100
|
|upkeep
|turn|9
|inactive|cafe_xd_ has 120 seconds left.
|
|t:|1760763621
|move|p2a: Tornadus|Bleakwind Storm|p1a: Diancie
|-resisted|p1a: Diancie
|-damage|p1a: Diancie|7/100
|-damage|p2a: Tornadus|28/100|[from] item: Life Orb
|move|p1a: Diancie|Ancient Power|p2a: Tornadus
|-resisted|p2a: Tornadus
|-damage|p2a: Tornadus|12/100
|
|upkeep
|turn|10
|
|t:|1760763625
|move|p2a: Tornadus|Bleakwind Storm|p1a: Diancie
|-resisted|p1a: Diancie
|-damage|p1a: Diancie|0 fnt
|faint|p1a: Diancie
|-damage|p2a: Tornadus|2/100|[from] item: Life Orb
|
|upkeep
|
|t:|1760763625
|switch|p1a: Corviknight|Corviknight, F|100/100
|-ability|p1a: Corviknight|Pressure
|turn|11
|
|t:|1760763628
|move|p2a: Tornadus|Heat Wave|p1a: Corviknight
|-supereffective|p1a: Corviknight
|-damage|p1a: Corviknight|0 fnt
|faint|p1a: Corviknight
|-damage|p2a: Tornadus|0 fnt|[from] item: Life Orb
|faint|p2a: Tornadus
|
|upkeep
|
|t:|1760763632
|switch|p2a: Ninetales|Ninetales-Alola, M|100/100
|switch|p1a: Rillaboom|Rillaboom, F|100/100
|-weather|Snowscape|[from] ability: Snow Warning|[of] p2a: Ninetales
|-fieldstart|move: Grassy Terrain|[from] ability: Grassy Surge|[of] p1a: Rillaboom
|turn|12
|
|t:|1760763634
|move|p1a: Rillaboom|Grassy Glide|p2a: Ninetales
|-damage|p2a: Ninetales|60/100
|move|p2a: Ninetales|Aurora Veil|p2a: Ninetales
|-sidestart|p2: cafe_xd_|move: Aurora Veil
|
|-weather|Snowscape|[upkeep]
|-heal|p2a: Ninetales|66/100|[from] Grassy Terrain
|upkeep
|turn|13
|
|t:|1760763636
|move|p1a: Rillaboom|Grassy Glide|p2a: Ninetales
|-damage|p2a: Ninetales|45/100
|move|p2a: Ninetales|Blizzard|p1a: Rillaboom
|-supereffective|p1a: Rillaboom
|-damage|p1a: Rillaboom|2/100
|
|-weather|Snowscape|[upkeep]
|-heal|p2a: Ninetales|51/100|[from] Grassy Terrain
|-heal|p1a: Rillaboom|8/100|[from] Grassy Terrain
|upkeep
|turn|14
|
|t:|1760763639
|move|p1a: Rillaboom|Grassy Glide|p2a: Ninetales
|-damage|p2a: Ninetales|29/100
|move|p2a: Ninetales|Blizzard|p1a: Rillaboom
|-supereffective|p1a: Rillaboom
|-damage|p1a: Rillaboom|0 fnt
|faint|p1a: Rillaboom
|
|-weather|Snowscape|[upkeep]
|-heal|p2a: Ninetales|35/100|[from] Grassy Terrain
|upkeep
|
|t:|1760763640
|switch|p1a: Ogerpon|Ogerpon-Wellspring, F|100/100
|turn|15
|
|t:|1760763642
|move|p1a: Ogerpon|Ivy Cudgel|p2a: Ninetales|[anim] Ivy Cudgel Water
|-damage|p2a: Ninetales|7/100
|move|p2a: Ninetales|Freeze-Dry|p1a: Ogerpon
|-supereffective|p1a: Ogerpon
|-damage|p1a: Ogerpon|0 fnt
|faint|p1a: Ogerpon
|
|win|cafe_xd_
|raw|HZBKAI7's rating: 1097 &rarr; <strong>1072</strong><br />(-25 for losing)
|raw|cafe_xd_'s rating: 1093 &rarr; <strong>1119</strong><br />(+26 for winning)
|l|☆HZBKAI7
|player|p1|
|l|☆cafe_xd_
|player|p2|
|j|☆cafe_xd_
|player|p2|cafe_xd_|hiker-gen4|
|l|☆cafe_xd_
|player|p2|
