|j|☆nirelishezetov
|j|☆tri644
|t:|1760814671
|gametype|singles
|player|p1|nirelishezetov|sage|1404
|player|p2|tri644|schoolkidf-gen4|1415
|gen|9
|tier|[Gen 9] OU
|rated|
|rule|HP Percentage Mod: HP is shown in percentages
|rule|Endless Battle Clause: Forcing endless battles is banned
|rule|Species Clause: Limit one of each Pokémon
|rule|OHKO Clause: OHKO moves are banned
|rule|Evasion Items Clause: Evasion items are banned
|rule|Evasion Moves Clause: Evasion moves are banned
|rule|Evasion Abilities Clause: Evasion abilities are banned
|rule|Sleep Moves Clause: Sleep-inducing moves are banned
|clearpoke
|poke|p1|Slither Wing|
|poke|p1|Ninetales, M|
|poke|p1|Raging Bolt|
|poke|p1|Dragapult, F|
|poke|p1|Great Tusk|
|poke|p1|Fezandipiti, M|
|poke|p2|Weavile, F|
|poke|p2|Scizor, M|
|poke|p2|Kleavor, M|
|poke|p2|Pikachu-Alola, M|
|poke|p2|Slowbro-Galar, M|
|poke|p2|Zoroark-Hisui, F|
|teampreview
|
|t:|1760814677
|teamsize|p1|6
|teamsize|p2|6
|start
|switch|p1a: Ninetales|Ninetales, M|100/100
|switch|p2a: Nagatora|Weavile, F|100/100
|-weather|SunnyDay|[from] ability: Drought|[of] p1a: Ninetales
|turn|1
|
|t:|1760814698
|switch|p1a: Fezandipiti|Fezandipiti, M|100/100
|move|p2a: Nagatora|Swords Dance|p2a: Nagatora
|-boost|p2a: Nagatora|atk|2
|
|-weather|SunnyDay|[upkeep]
|upkeep
|turn|2
|
|t:|1760814706
|move|p2a: Nagatora|Beat Up|p1a: Fezandipiti
|-resisted|p1a: Fezandipiti
|-damage|p1a: Fezandipiti|92/100
|-resisted|p1a: Fezandipiti
|-damage|p1a: Fezandipiti|84/100
|-resisted|p1a: Fezandipiti
|-damage|p1a: Fezandipiti|74/100
|-resisted|p1a: Fezandipiti
|-damage|p1a: Fezandipiti|64/100
|-resisted|p1a: Fezandipiti
|-damage|p1a: Fezandipiti|58/100
|-resisted|p1a: Fezandipiti
|-damage|p1a: Fezandipiti|51/100
|-hitcount|p1a: Fezandipiti|6
|move|p1a: Fezandipiti|Play Rough|p2a: Nagatora
|-supereffective|p2a: Nagatora
|-enditem|p2a: Nagatora|Focus Sash
|-damage|p2a: Nagatora|1/100
|-status|p2a: Nagatora|tox|[from] ability: Toxic Chain|[of] p1a: Fezandipiti
|-enditem|p1a: Fezandipiti|Heavy-Duty Boots|[silent]|[from] ability: Pickpocket|[of] p1a: Fezandipiti
|-item|p2a: Nagatora|Heavy-Duty Boots|[from] ability: Pickpocket|[of] p1a: Fezandipiti
|
|-weather|SunnyDay|[upkeep]
|-damage|p2a: Nagatora|0 fnt|[from] psn
|faint|p2a: Nagatora
|upkeep
|
|t:|1760814717
|switch|p2a: Ka|Pikachu-Alola, M|100/100
|turn|3
|
|t:|1760814721
|move|p2a: Ka|Psychic|p1a: Fezandipiti
|-supereffective|p1a: Fezandipiti
|-damage|p1a: Fezandipiti|10/100
|move|p1a: Fezandipiti|U-turn|p2a: Ka
|-resisted|p2a: Ka
|-damage|p2a: Ka|83/100
|replace|p2a: Sia|Zoroark-Hisui, F
|-end|p2a: Sia|Illusion
|
|t:|1760814730
|switch|p1a: Dragapult|Dragapult, F|100/100|[from] U-turn
|
|-weather|SunnyDay|[upkeep]
|upkeep
|turn|4
|
|t:|1760814737
|move|p1a: Dragapult|Dragon Darts|p2a: Sia
|-damage|p2a: Sia|31/100
|-anim|p1a: Dragapult|Dragon Darts|p2a: Sia
|-damage|p2a: Sia|0 fnt
|faint|p2a: Sia
|-damage|p1a: Dragapult|91/100|[from] item: Life Orb
|
|-weather|SunnyDay|[upkeep]
|upkeep
|
|t:|1760814745
|switch|p2a: Wacky|Kleavor, M|100/100
|turn|5
|
|t:|1760814761
|move|p1a: Dragapult|Draco Meteor|p2a: Wacky
|-damage|p2a: Wacky|6/100
|-unboost|p1a: Dragapult|spa|2
|-damage|p1a: Dragapult|81/100|[from] item: Life Orb
|move|p2a: Wacky|Stone Axe|p1a: Dragapult|[miss]
|-miss|p2a: Wacky|p1a: Dragapult
|
|-weather|SunnyDay|[upkeep]
|upkeep
|turn|6
|-message|tri644 forfeited.
|
|win|nirelishezetov
|raw|nirelishezetov's rating: 1404 &rarr; <strong>1425</strong><br />(+21 for winning)
|raw|tri644's rating: 1415 &rarr; <strong>1394</strong><br />(-21 for losing)
|l|☆tri644
|player|p2|
|l|☆nirelishezetov
|player|p1|
