|j|☆sus skibidi
|j|☆HahaYoung
|t:|1760764528
|gametype|singles
|player|p1|sus skibidi|miku-ice|1430
|player|p2|HahaYoung|bugcatcher-gen4dp|1350
|gen|9
|tier|[Gen 9] OU
|rated|
|rule|HP Percentage Mod: HP is shown in percentages
|rule|Endless Battle Clause: Forcing endless battles is banned
|rule|Species Clause: Limit one of each Pokémon
|rule|OHKO Clause: OHKO moves are banned
|rule|Evasion Items Clause: Evasion items are banned
|rule|Evasion Moves Clause: Evasion moves are banned
|rule|Evasion Abilities Clause: Evasion abilities are banned
|rule|Sleep Moves Clause: Sleep-inducing moves are banned
|clearpoke
|poke|p1|Heatran, M|
|poke|p1|Ogerpon-Wellspring, F|
|poke|p1|Dragonite, F|
|poke|p1|Hatterene, F|
|poke|p1|Garganacl, M|
|poke|p1|Great Tusk|
|poke|p2|Tyranitar, F|
|poke|p2|Excadrill, F|
|poke|p2|Keldeo-Resolute|
|poke|p2|Tornadus-Therian, M|
|poke|p2|Heatran, F|
|poke|p2|Hydrapple, F|
|teampreview
|inactive|Battle timer is ON: inactive players will automatically lose when time's up. (requested by HahaYoung)
|inactive|sus skibidi also wants the timer to be on.
|j| tonyfrostzzz
|j| toxiccroc12
|c| toxiccroc12|sussy baka
|
|t:|1760764548
|teamsize|p1|6
|teamsize|p2|6
|start
|switch|p1a: Forever More Quoth|Hatterene, F|100/100
|switch|p2a: Keldeo|Keldeo-Resolute|100/100
|turn|1
|
|t:|1760764554
|switch|p2a: Heatran|Heatran, F|100/100
|move|p1a: Forever More Quoth|Nuzzle|p2a: Heatran
|-damage|p2a: Heatran|97/100
|-status|p2a: Heatran|par
|
|-heal|p2a: Heatran|100/100 par|[from] item: Leftovers
|upkeep
|turn|2
|
|t:|1760764563
|move|p1a: Forever More Quoth|Psychic Noise|p2a: Heatran
|-resisted|p2a: Heatran
|-damage|p2a: Heatran|90/100 par
|-start|p2a: Heatran|move: Heal Block
|move|p2a: Heatran|Magma Storm|p1a: Forever More Quoth|[miss]
|-miss|p2a: Heatran|p1a: Forever More Quoth
|
|upkeep
|turn|3
|
|t:|1760764573
|switch|p1a: Guanciale|Garganacl, M, shiny|100/100
|cant|p2a: Heatran|par
|
|-end|p2a: Heatran|move: Heal Block
|upkeep
|turn|4
|
|t:|1760764580
|switch|p2a: Hydrapple|Hydrapple, F|100/100
|move|p1a: Guanciale|Salt Cure|p2a: Hydrapple
|-damage|p2a: Hydrapple|93/100
|-start|p2a: Hydrapple|Salt Cure
|
|-damage|p2a: Hydrapple|81/100|[from] Salt Cure
|upkeep
|turn|5
|
|t:|1760764587
|switch|p1a: Forever More Quoth|Hatterene, F|100/100
|move|p2a: Hydrapple|Nasty Plot|p2a: Hydrapple
|-boost|p2a: Hydrapple|spa|2
|
|-damage|p2a: Hydrapple|68/100|[from] Salt Cure
|upkeep
|turn|6
|
|t:|1760764595
|switch|p2a: Heatran|Heatran, F|90/100 par
|move|p1a: Forever More Quoth|Psychic Noise|p2a: Heatran
|-resisted|p2a: Heatran
|-damage|p2a: Heatran|79/100 par
|-start|p2a: Heatran|move: Heal Block
|
|upkeep
|turn|7
|
|t:|1760764603
|switch|p1a: Guanciale|Garganacl, M, shiny|100/100
|move|p2a: Heatran|Magma Storm|p1a: Guanciale
|-resisted|p1a: Guanciale
|-damage|p1a: Guanciale|86/100
|-activate|p1a: Guanciale|move: Magma Storm|[of] p2a: Heatran
|
|-heal|p1a: Guanciale|92/100|[from] item: Leftovers
|-damage|p1a: Guanciale|80/100|[from] move: Magma Storm|[partiallytrapped]
|-end|p2a: Heatran|move: Heal Block
|upkeep
|turn|8
|
|t:|1760764612
|switch|p2a: Hydrapple|Hydrapple, F|100/100
|move|p1a: Guanciale|Salt Cure|p2a: Hydrapple
|-damage|p2a: Hydrapple|92/100
|-start|p2a: Hydrapple|Salt Cure
|
|-heal|p1a: Guanciale|86/100|[from] item: Leftovers
|-damage|p2a: Hydrapple|79/100|[from] Salt Cure
|-end|p1a: Guanciale|Magma Storm|[partiallytrapped]|[silent]
|upkeep
|turn|9
|
|t:|1760764621
|switch|p1a: Forever More Quoth|Hatterene, F|100/100
|move|p2a: Hydrapple|Giga Drain|p1a: Forever More Quoth
|-damage|p1a: Forever More Quoth|70/100
|-heal|p2a: Hydrapple|91/100|[from] drain|[of] p1a: Forever More Quoth
|
|-damage|p2a: Hydrapple|79/100|[from] Salt Cure
|upkeep
|turn|10
|
|t:|1760764629
|switch|p2a: Heatran|Heatran, F|79/100 par
|move|p1a: Forever More Quoth|Psychic Noise|p2a: Heatran
|-resisted|p2a: Heatran
|-damage|p2a: Heatran|69/100 par
|-start|p2a: Heatran|move: Heal Block
|
|upkeep
|turn|11
|l| tonyfrostzzz
|
|t:|1760764637
|move|p1a: Forever More Quoth|Psychic Noise|p2a: Heatran
|-resisted|p2a: Heatran
|-damage|p2a: Heatran|59/100 par
|move|p2a: Heatran|Stealth Rock|p1a: Forever More Quoth
|move|p1a: Forever More Quoth|Stealth Rock|p2a: Heatran|[from] ability: Magic Bounce
|-sidestart|p2: HahaYoung|move: Stealth Rock
|
|-end|p2a: Heatran|move: Heal Block
|upkeep
|turn|12
|-message|HahaYoung forfeited.
|
|win|sus skibidi
|raw|sus skibidi's rating: 1430 &rarr; <strong>1445</strong><br />(+15 for winning)
|raw|HahaYoung's rating: 1350 &rarr; <strong>1335</strong><br />(-15 for losing)
|l|☆HahaYoung
|player|p2|
|c|☆sus skibidi|w play
