|j|☆fulcrumz
|j|☆Kiviruweinau
|t:|1760852643
|gametype|singles
|player|p1|fulcrumz|102|1273
|player|p2|Kiviruweinau|roughneck|1204
|gen|9
|tier|[Gen 9] OU
|rated|
|rule|HP Percentage Mod: HP is shown in percentages
|rule|Endless Battle Clause: Forcing endless battles is banned
|rule|Species Clause: Limit one of each Pokémon
|rule|OHKO Clause: OHKO moves are banned
|rule|Evasion Items Clause: Evasion items are banned
|rule|Evasion Moves Clause: Evasion moves are banned
|rule|Evasion Abilities Clause: Evasion abilities are banned
|rule|Sleep Moves Clause: Sleep-inducing moves are banned
|clearpoke
|poke|p1|Feraligatr, F|
|poke|p1|Incineroar, F|
|poke|p1|Rillaboom, F|
|poke|p1|Primarina, F|
|poke|p1|Venusaur, F|
|poke|p1|Skeledirge, M|
|poke|p2|Darkrai|
|poke|p2|Hatterene, F|
|poke|p2|Landorus-Therian, M|
|poke|p2|Conkeldurr, F|
|poke|p2|Volcanion|
|poke|p2|Great Tusk|
|teampreview
|inactive|Battle timer is ON: inactive players will automatically lose when time's up. (requested by fulcrumz)
|inactive|Kiviruweinau has 120 seconds left.
|
|t:|1760852688
|teamsize|p1|6
|teamsize|p2|6
|start
|switch|p1a: Primarina|Primarina, F|100/100
|switch|p2a: Landorus|Landorus-Therian, M|100/100
|-ability|p2a: Landorus|Intimidate|boost
|-unboost|p1a: Primarina|atk|1
|turn|1
|
|t:|1760852695
|move|p2a: Landorus|U-turn|p1a: Primarina
|-resisted|p1a: Primarina
|-damage|p1a: Primarina|83/100
|
|t:|1760852700
|switch|p2a: Volcanion|Volcanion|100/100|[from] U-turn
|move|p1a: Primarina|Surf|p2a: Volcanion
|-immune|p2a: Volcanion|[from] ability: Water Absorb
|
|upkeep
|turn|2
|
|t:|1760852723
|switch|p1a: Incineroar|Incineroar, F|100/100
|-ability|p1a: Incineroar|Intimidate|boost
|-unboost|p2a: Volcanion|atk|1
|move|p2a: Volcanion|Sludge Wave|p1a: Incineroar
|-damage|p1a: Incineroar|52/100
|
|upkeep
|turn|3
|
|t:|1760852731
|switch|p2a: Landorus|Landorus-Therian, M|100/100
|-ability|p2a: Landorus|Intimidate|boost
|-unboost|p1a: Incineroar|atk|1
|move|p1a: Incineroar|Sunny Day|p1a: Incineroar
|-weather|SunnyDay
|
|-weather|SunnyDay|[upkeep]
|upkeep
|turn|4
|
|t:|1760852741
|switch|p1a: Rillaboom|Rillaboom, F|100/100
|-fieldstart|move: Grassy Terrain|[from] ability: Grassy Surge|[of] p1a: Rillaboom
|move|p2a: Landorus|U-turn|p1a: Rillaboom
|-supereffective|p1a: Rillaboom
|-damage|p1a: Rillaboom|40/100
|
|t:|1760852765
|switch|p2a: Great Tusk|Great Tusk|100/100|[from] U-turn
|-activate|p2a: Great Tusk|ability: Protosynthesis
|-start|p2a: Great Tusk|protosynthesisdef
|
|-weather|SunnyDay|[upkeep]
|-heal|p1a: Rillaboom|46/100|[from] Grassy Terrain
|upkeep
|turn|5
|
|t:|1760852778
|-terastallize|p1a: Rillaboom|Grass
|-terastallize|p2a: Great Tusk|Fairy
|move|p1a: Rillaboom|Grassy Glide|p2a: Great Tusk
|-damage|p2a: Great Tusk|76/100
|-damage|p1a: Rillaboom|36/100|[from] item: Life Orb
|move|p2a: Great Tusk|Earthquake|p1a: Rillaboom
|-resisted|p1a: Rillaboom
|-crit|p1a: Rillaboom
|-damage|p1a: Rillaboom|19/100
|
|-weather|SunnyDay|[upkeep]
|-heal|p1a: Rillaboom|25/100|[from] Grassy Terrain
|-heal|p2a: Great Tusk|82/100|[from] Grassy Terrain
|-heal|p2a: Great Tusk|88/100|[from] item: Leftovers
|upkeep
|turn|6
|
|t:|1760852793
|move|p1a: Rillaboom|Drum Beating|p2a: Great Tusk
|-damage|p2a: Great Tusk|56/100
|-unboost|p2a: Great Tusk|spe|1
|-damage|p1a: Rillaboom|15/100|[from] item: Life Orb
|move|p2a: Great Tusk|Close Combat|p1a: Rillaboom
|-damage|p1a: Rillaboom|0 fnt
|-unboost|p2a: Great Tusk|def|1
|-unboost|p2a: Great Tusk|spd|1
|faint|p1a: Rillaboom
|
|-weather|SunnyDay|[upkeep]
|-heal|p2a: Great Tusk|62/100|[from] Grassy Terrain
|-heal|p2a: Great Tusk|68/100|[from] item: Leftovers
|upkeep
|
|t:|1760852802
|switch|p1a: Venusaur|Venusaur, F|100/100
|turn|7
|inactive|Kiviruweinau has 120 seconds left.
|inactive|Kiviruweinau has 90 seconds left.
|-message|fulcrumz forfeited.
|
|win|Kiviruweinau
|raw|fulcrumz's rating: 1273 &rarr; <strong>1243</strong><br />(-30 for losing)
|raw|Kiviruweinau's rating: 1204 &rarr; <strong>1234</strong><br />(+30 for winning)
|l|☆fulcrumz
|player|p1|
|l|☆Kiviruweinau
|player|p2|
