|j|☆RaeRae0
|j|☆0rnge
|t:|1760726308
|gametype|singles
|player|p1|RaeRae0|lass|1382
|player|p2|0rnge|170|1332
|gen|9
|tier|[Gen 9] OU
|rated|
|rule|HP Percentage Mod: HP is shown in percentages
|rule|Endless Battle Clause: Forcing endless battles is banned
|rule|Species Clause: Limit one of each Pokémon
|rule|OHKO Clause: OHKO moves are banned
|rule|Evasion Items Clause: Evasion items are banned
|rule|Evasion Moves Clause: Evasion moves are banned
|rule|Evasion Abilities Clause: Evasion abilities are banned
|rule|Sleep Moves Clause: Sleep-inducing moves are banned
|clearpoke
|poke|p1|Ninetales, F|
|poke|p1|Sandy Shocks|
|poke|p1|Walking Wake|
|poke|p1|Hatterene, F|
|poke|p1|Heatran, M|
|poke|p1|Slither Wing|
|poke|p2|Dragonite, M|
|poke|p2|Gholdengo|
|poke|p2|Regidrago|
|poke|p2|Scizor, F|
|poke|p2|Ting-Lu|
|poke|p2|Weezing-Galar, F|
|teampreview
|inactive|Battle timer is ON: inactive players will automatically lose when time's up. (requested by RaeRae0)
|
|t:|1760726332
|teamsize|p1|6
|teamsize|p2|6
|start
|switch|p1a: Vulpes|Ninetales, F|100/100
|switch|p2a: Ting-Lu|Ting-Lu|100/100
|-weather|SunnyDay|[from] ability: Drought|[of] p1a: Vulpes
|-ability|p2a: Ting-Lu|Vessel of Ruin
|turn|1
|inactive|RaeRae0 has 120 seconds left.
|
|t:|1760726363
|switch|p1a: Umarin|Walking Wake|100/100
|-activate|p1a: Umarin|ability: Protosynthesis
|-start|p1a: Umarin|protosynthesisspe
|move|p2a: Ting-Lu|Stealth Rock|p1a: Umarin
|-sidestart|p1: RaeRae0|move: Stealth Rock
|
|-weather|SunnyDay|[upkeep]
|upkeep
|turn|2
|inactive|RaeRae0 has 120 seconds left.
|
|t:|1760726383
|-terastallize|p2a: Ting-Lu|Water
|move|p1a: Umarin|Hydro Steam|p2a: Ting-Lu
|-resisted|p2a: Ting-Lu
|-damage|p2a: Ting-Lu|82/100
|move|p2a: Ting-Lu|Ruination|p1a: Umarin|[miss]
|-miss|p2a: Ting-Lu|p1a: Umarin
|
|-weather|SunnyDay|[upkeep]
|-heal|p2a: Ting-Lu|88/100|[from] item: Leftovers
|upkeep
|turn|3
|
|t:|1760726388
|-end|p1a: Umarin|Protosynthesis|[silent]
|switch|p1a: Taiba|Hatterene, F, shiny|100/100
|-damage|p1a: Taiba|88/100|[from] Stealth Rock
|move|p2a: Ting-Lu|Ruination|p1a: Taiba
|-damage|p1a: Taiba|45/100
|-enditem|p1a: Taiba|Eject Button
|
|t:|1760726394
|switch|p1a: Heatran|Heatran, M|100/100
|-damage|p1a: Heatran|88/100|[from] Stealth Rock
|-item|p1a: Heatran|Air Balloon
|
|-weather|SunnyDay|[upkeep]
|-heal|p2a: Ting-Lu|94/100|[from] item: Leftovers
|upkeep
|turn|4
|inactive|0rnge has 120 seconds left.
|
|t:|1760726431
|switch|p2a: Regidrago|Regidrago|100/100
|move|p1a: Heatran|Stealth Rock|p2a: Regidrago
|-sidestart|p2: 0rnge|move: Stealth Rock
|
|-weather|SunnyDay|[upkeep]
|upkeep
|turn|5
|inactive|0rnge has 120 seconds left.
|
|t:|1760726446
|move|p2a: Regidrago|Dragon Energy|p1a: Heatran
|-resisted|p1a: Heatran
|-damage|p1a: Heatran|40/100
|-enditem|p1a: Heatran|Air Balloon
|move|p1a: Heatran|Earth Power|p2a: Regidrago
|-damage|p2a: Regidrago|68/100
|
|-weather|SunnyDay|[upkeep]
|upkeep
|turn|6
|inactive|0rnge has 120 seconds left.
|
|t:|1760726470
|move|p2a: Regidrago|Dragon Energy|p1a: Heatran
|-resisted|p1a: Heatran
|-damage|p1a: Heatran|10/100
|move|p1a: Heatran|Earth Power|p2a: Regidrago
|-damage|p2a: Regidrago|35/100
|-unboost|p2a: Regidrago|spd|1
|
|-weather|SunnyDay|[upkeep]
|upkeep
|turn|7
|
|t:|1760726475
|move|p2a: Regidrago|Dragon Energy|p1a: Heatran
|-resisted|p1a: Heatran
|-damage|p1a: Heatran|0 fnt
|faint|p1a: Heatran
|
|-weather|SunnyDay|[upkeep]
|upkeep
|
|t:|1760726481
|switch|p1a: Umarin|Walking Wake|100/100
|-damage|p1a: Umarin|88/100|[from] Stealth Rock
|-activate|p1a: Umarin|ability: Protosynthesis
|-start|p1a: Umarin|protosynthesisspe
|turn|8
|
|t:|1760726490
|switch|p2a: Ting-Lu|Ting-Lu, tera:Water|94/100
|-damage|p2a: Ting-Lu|82/100|[from] Stealth Rock
|-ability|p2a: Ting-Lu|Vessel of Ruin
|move|p1a: Umarin|Hydro Steam|p2a: Ting-Lu
|-resisted|p2a: Ting-Lu
|-damage|p2a: Ting-Lu|63/100
|
|-weather|none
|-end|p1a: Umarin|Protosynthesis
|-heal|p2a: Ting-Lu|70/100|[from] item: Leftovers
|upkeep
|turn|9
|inactive|0rnge has 120 seconds left.
|
|t:|1760726513
|-end|p1a: Umarin|Protosynthesis|[silent]
|switch|p1a: Taiba|Hatterene, F, shiny|45/100
|-damage|p1a: Taiba|32/100|[from] Stealth Rock
|move|p2a: Ting-Lu|Ruination|p1a: Taiba
|-damage|p1a: Taiba|17/100
|
|-heal|p2a: Ting-Lu|76/100|[from] item: Leftovers
|upkeep
|turn|10
|inactive|RaeRae0 has 120 seconds left.
|
|t:|1760726559
|move|p2a: Ting-Lu|Earthquake|p1a: Taiba
|-damage|p1a: Taiba|0 fnt
|faint|p1a: Taiba
|
|-heal|p2a: Ting-Lu|82/100|[from] item: Leftovers
|upkeep
|
|t:|1760726562
|switch|p1a: So-o-oka|Sandy Shocks, shiny|100/100
|-damage|p1a: So-o-oka|94/100|[from] Stealth Rock
|turn|11
|
|t:|1760726587
|switch|p2a: Regidrago|Regidrago|35/100
|-damage|p2a: Regidrago|23/100|[from] Stealth Rock
|move|p1a: So-o-oka|Volt Switch|p2a: Regidrago
|-resisted|p2a: Regidrago
|-damage|p2a: Regidrago|0 fnt
|faint|p2a: Regidrago
|inactive|RaeRae0 has 120 seconds left.
|
|t:|1760726595
|-end|p1a: So-o-oka|Protosynthesis|[silent]
|switch|p1a: Vulpes|Ninetales, F|100/100|[from] Volt Switch
|-damage|p1a: Vulpes|76/100|[from] Stealth Rock
|-weather|SunnyDay|[from] ability: Drought|[of] p1a: Vulpes
|
|-weather|SunnyDay|[upkeep]
|upkeep
|inactive|0rnge has 120 seconds left.
|
|t:|1760726626
|switch|p2a: Ting-Lu|Ting-Lu, tera:Water|82/100
|-damage|p2a: Ting-Lu|70/100|[from] Stealth Rock
|-ability|p2a: Ting-Lu|Vessel of Ruin
|turn|12
|
|t:|1760726633
|switch|p1a: Slither Wing|Slither Wing|100/100
|-damage|p1a: Slither Wing|88/100|[from] Stealth Rock
|-activate|p1a: Slither Wing|ability: Protosynthesis
|-start|p1a: Slither Wing|protosynthesisatk
|move|p2a: Ting-Lu|Earthquake|p1a: Slither Wing
|-resisted|p1a: Slither Wing
|-damage|p1a: Slither Wing|66/100
|
|-weather|SunnyDay|[upkeep]
|-heal|p2a: Ting-Lu|76/100|[from] item: Leftovers
|upkeep
|turn|13
|
|t:|1760726637
|move|p1a: Slither Wing|Close Combat|p2a: Ting-Lu
|-damage|p2a: Ting-Lu|4/100
|-unboost|p1a: Slither Wing|def|1
|-unboost|p1a: Slither Wing|spd|1
|move|p2a: Ting-Lu|Ruination|p1a: Slither Wing
|-damage|p1a: Slither Wing|33/100
|
|-weather|SunnyDay|[upkeep]
|-heal|p2a: Ting-Lu|10/100|[from] item: Leftovers
|upkeep
|turn|14
|
|t:|1760726645
|move|p1a: Slither Wing|Close Combat|p2a: Ting-Lu
|-damage|p2a: Ting-Lu|0 fnt
|-unboost|p1a: Slither Wing|def|1
|-unboost|p1a: Slither Wing|spd|1
|faint|p2a: Ting-Lu
|
|-weather|SunnyDay|[upkeep]
|upkeep
|
|t:|1760726650
|switch|p2a: Scizor|Scizor, F|100/100
|-damage|p2a: Scizor|88/100|[from] Stealth Rock
|turn|15
|
|t:|1760726657
|-end|p1a: Slither Wing|Protosynthesis|[silent]
|switch|p1a: So-o-oka|Sandy Shocks, shiny|94/100
|-damage|p1a: So-o-oka|88/100|[from] Stealth Rock
|-activate|p1a: So-o-oka|ability: Protosynthesis
|-start|p1a: So-o-oka|protosynthesisspe
|move|p2a: Scizor|Bullet Punch|p1a: So-o-oka
|-resisted|p1a: So-o-oka
|-damage|p1a: So-o-oka|61/100
|
|-weather|SunnyDay|[upkeep]
|upkeep
|turn|16
|
|t:|1760726669
|switch|p2a: Dragonite|Dragonite, M|100/100
|move|p1a: So-o-oka|Volt Switch|p2a: Dragonite
|-damage|p2a: Dragonite|76/100
|
|t:|1760726673
|-end|p1a: So-o-oka|Protosynthesis|[silent]
|switch|p1a: Umarin|Walking Wake|88/100|[from] Volt Switch
|-damage|p1a: Umarin|76/100|[from] Stealth Rock
|-activate|p1a: Umarin|ability: Protosynthesis
|-start|p1a: Umarin|protosynthesisspe
|
|-weather|SunnyDay|[upkeep]
|upkeep
|turn|17
|
|t:|1760726684
|switch|p2a: Weezing|Weezing-Galar, F|100/100
|-ability|p2a: Weezing|Neutralizing Gas
|move|p1a: Umarin|Hydro Steam|p2a: Weezing
|-damage|p2a: Weezing|0 fnt
|faint|p2a: Weezing
|-end|p2a: Weezing|ability: Neutralizing Gas
|
|-weather|SunnyDay|[upkeep]
|upkeep
|
|t:|1760726694
|switch|p2a: Gholdengo|Gholdengo|100/100
|-damage|p2a: Gholdengo|94/100|[from] Stealth Rock
|turn|18
|
|t:|1760726706
|move|p1a: Umarin|Hydro Steam|p2a: Gholdengo
|-damage|p2a: Gholdengo|0 fnt
|faint|p2a: Gholdengo
|
|-weather|none
|-end|p1a: Umarin|Protosynthesis
|upkeep
|
|t:|1760726711
|switch|p2a: Dragonite|Dragonite, M|76/100
|turn|19
|
|t:|1760726716
|-terastallize|p1a: Umarin|Water
|move|p1a: Umarin|Hydro Steam|p2a: Dragonite
|-resisted|p2a: Dragonite
|-damage|p2a: Dragonite|37/100
|move|p2a: Dragonite|Earthquake|p1a: Umarin
|-damage|p1a: Umarin|36/100
|
|upkeep
|turn|20
|
|t:|1760726721
|-end|p1a: Umarin|Protosynthesis|[silent]
|switch|p1a: Vulpes|Ninetales, F|76/100
|-damage|p1a: Vulpes|51/100|[from] Stealth Rock
|-weather|SunnyDay|[from] ability: Drought|[of] p1a: Vulpes
|move|p2a: Dragonite|Extreme Speed|p1a: Vulpes
|-damage|p1a: Vulpes|12/100
|
|-weather|SunnyDay|[upkeep]
|upkeep
|turn|21
|
|t:|1760726726
|move|p1a: Vulpes|Healing Wish|p1a: Vulpes
|faint|p1a: Vulpes
|move|p2a: Dragonite|Dragon Dance|p2a: Dragonite
|-boost|p2a: Dragonite|atk|1
|-boost|p2a: Dragonite|spe|1
|
|-weather|SunnyDay|[upkeep]
|upkeep
|
|t:|1760726731
|switch|p1a: Umarin|Walking Wake, tera:Water|36/100
|-heal|p1a: Umarin|100/100|[from] move: Healing Wish
|-damage|p1a: Umarin|88/100|[from] Stealth Rock
|-activate|p1a: Umarin|ability: Protosynthesis
|-start|p1a: Umarin|protosynthesisspe
|turn|22
|
|t:|1760726739
|move|p1a: Umarin|Hydro Steam|p2a: Dragonite
|-resisted|p2a: Dragonite
|-crit|p2a: Dragonite
|-damage|p2a: Dragonite|0 fnt
|faint|p2a: Dragonite
|
|-weather|SunnyDay|[upkeep]
|upkeep
|
|t:|1760726741
|switch|p2a: Scizor|Scizor, F|88/100
|-damage|p2a: Scizor|76/100|[from] Stealth Rock
|turn|23
|
|t:|1760726749
|move|p1a: Umarin|Hydro Steam|p2a: Scizor
|-damage|p2a: Scizor|0 fnt
|faint|p2a: Scizor
|
|win|RaeRae0
|raw|RaeRae0's rating: 1382 &rarr; <strong>1399</strong><br />(+17 for winning)
|raw|0rnge's rating: 1332 &rarr; <strong>1315</strong><br />(-17 for losing)
|l|☆0rnge
|player|p2|
|l|☆RaeRae0
|player|p1|
