|j|☆ineverhaxed
|j|☆idnvu
|t:|1760750974
|gametype|singles
|player|p1|ineverhaxed|265|1299
|player|p2|idnvu|169|1301
|gen|9
|tier|[Gen 9] OU
|rated|
|rule|HP Percentage Mod: HP is shown in percentages
|rule|Endless Battle Clause: Forcing endless battles is banned
|rule|Species Clause: Limit one of each Pokémon
|rule|OHKO Clause: OHKO moves are banned
|rule|Evasion Items Clause: Evasion items are banned
|rule|Evasion Moves Clause: Evasion moves are banned
|rule|Evasion Abilities Clause: Evasion abilities are banned
|rule|Sleep Moves Clause: Sleep-inducing moves are banned
|clearpoke
|poke|p1|Illumise, F|
|poke|p1|Cloyster, F|
|poke|p1|Blissey, F|
|poke|p1|Darkrai|
|poke|p1|Cinderace, F|
|poke|p1|Lokix, M|
|poke|p2|Deoxys-Speed|
|poke|p2|Dragonite, M|
|poke|p2|Darkrai|
|poke|p2|Iron Moth|
|poke|p2|Scizor, M|
|poke|p2|Great Tusk|
|teampreview
|inactive|Battle timer is ON: inactive players will automatically lose when time's up. (requested by ineverhaxed)
|
|t:|1760751018
|teamsize|p1|6
|teamsize|p2|6
|start
|switch|p1a: Illumise|Illumise, F|100/100
|switch|p2a: nettspend|Deoxys-Speed, shiny|100/100
|-ability|p2a: nettspend|Pressure
|turn|1
|
|t:|1760751029
|move|p2a: nettspend|Stealth Rock|p1a: Illumise
|-sidestart|p1: ineverhaxed|move: Stealth Rock
|move|p1a: Illumise|Infestation|p2a: nettspend
|-supereffective|p2a: nettspend
|-damage|p2a: nettspend|86/100
|-activate|p2a: nettspend|move: Infestation|[of] p1a: Illumise
|-damage|p1a: Illumise|84/100|[from] item: Rocky Helmet|[of] p2a: nettspend
|
|-heal|p1a: Illumise|90/100|[from] item: Leftovers
|-damage|p2a: nettspend|74/100|[from] move: Infestation|[partiallytrapped]
|upkeep
|turn|2
|
|t:|1760751038
|move|p1a: Illumise|Encore|p2a: nettspend
|-start|p2a: nettspend|Encore
|move|p2a: nettspend|Stealth Rock||[still]
|-fail|p2a: nettspend
|
|-heal|p1a: Illumise|96/100|[from] item: Leftovers
|-damage|p2a: nettspend|61/100|[from] move: Infestation|[partiallytrapped]
|upkeep
|turn|3
|
|t:|1760751045
|move|p1a: Illumise|Substitute|p1a: Illumise
|-start|p1a: Illumise|Substitute
|-damage|p1a: Illumise|71/100
|move|p2a: nettspend|Stealth Rock||[still]
|-fail|p2a: nettspend
|
|-heal|p1a: Illumise|77/100|[from] item: Leftovers
|-damage|p2a: nettspend|49/100|[from] move: Infestation|[partiallytrapped]
|upkeep
|turn|4
|
|t:|1760751054
|move|p2a: nettspend|Stealth Rock||[still]
|-fail|p2a: nettspend
|move|p1a: Illumise|Mud-Slap|p2a: nettspend
|-damage|p2a: nettspend|44/100
|-unboost|p2a: nettspend|accuracy|1
|
|-heal|p1a: Illumise|83/100|[from] item: Leftovers
|-damage|p2a: nettspend|32/100|[from] move: Infestation|[partiallytrapped]
|-end|p2a: nettspend|Encore
|upkeep
|turn|5
|
|t:|1760751074
|move|p1a: Illumise|Encore|p2a: nettspend
|-start|p2a: nettspend|Encore
|move|p2a: nettspend|Stealth Rock||[still]
|-fail|p2a: nettspend
|
|-heal|p1a: Illumise|90/100|[from] item: Leftovers
|-end|p2a: nettspend|Infestation|[partiallytrapped]
|upkeep
|turn|6
|
|t:|1760751081
|move|p2a: nettspend|Stealth Rock||[still]
|-fail|p2a: nettspend
|move|p1a: Illumise|Infestation|p2a: nettspend
|-supereffective|p2a: nettspend
|-damage|p2a: nettspend|17/100
|-activate|p2a: nettspend|move: Infestation|[of] p1a: Illumise
|-damage|p1a: Illumise|73/100|[from] item: Rocky Helmet|[of] p2a: nettspend
|
|-heal|p1a: Illumise|79/100|[from] item: Leftovers
|-damage|p2a: nettspend|5/100|[from] move: Infestation|[partiallytrapped]
|upkeep
|turn|7
|
|t:|1760751090
|move|p2a: nettspend|Stealth Rock||[still]
|-fail|p2a: nettspend
|move|p1a: Illumise|Mud-Slap|p2a: nettspend
|-damage|p2a: nettspend|0 fnt
|faint|p2a: nettspend
|
|-heal|p1a: Illumise|85/100|[from] item: Leftovers
|upkeep
|
|t:|1760751102
|switch|p2a: 2hollis|Scizor, M, shiny|100/100
|turn|8
|
|t:|1760751107
|move|p1a: Illumise|Mud-Slap|p2a: 2hollis
|-damage|p2a: 2hollis|95/100
|-unboost|p2a: 2hollis|accuracy|1
|move|p2a: 2hollis|U-turn|p1a: Illumise
|-end|p1a: Illumise|Substitute
|
|t:|1760751129
|switch|p2a: plaqueboymax|Iron Moth|100/100|[from] U-turn
|-enditem|p2a: plaqueboymax|Booster Energy
|-activate|p2a: plaqueboymax|ability: Quark Drive|[fromitem]
|-start|p2a: plaqueboymax|quarkdrivespe
|
|-heal|p1a: Illumise|91/100|[from] item: Leftovers
|upkeep
|turn|9
|
|t:|1760751136
|switch|p1a: Blissey|Blissey, F|100/100
|-damage|p1a: Blissey|88/100|[from] Stealth Rock
|move|p2a: plaqueboymax|Fiery Dance|p1a: Blissey
|-damage|p1a: Blissey|70/100
|
|-heal|p1a: Blissey|76/100|[from] item: Leftovers
|upkeep
|turn|10
|
|t:|1760751146
|move|p2a: plaqueboymax|Sludge Wave|p1a: Blissey
|-damage|p1a: Blissey|57/100
|-status|p1a: Blissey|psn
|move|p1a: Blissey|Shadow Ball|p2a: plaqueboymax
|-damage|p2a: plaqueboymax|81/100
|
|-heal|p1a: Blissey|63/100 psn|[from] item: Leftovers
|-damage|p1a: Blissey|51/100 psn|[from] psn
|upkeep
|turn|11
|
|t:|1760751155
|move|p2a: plaqueboymax|Fiery Dance|p1a: Blissey
|-damage|p1a: Blissey|34/100 psn
|-boost|p2a: plaqueboymax|spa|1
|move|p1a: Blissey|Shadow Ball|p2a: plaqueboymax
|-damage|p2a: plaqueboymax|60/100
|
|-heal|p1a: Blissey|40/100 psn|[from] item: Leftovers
|-damage|p1a: Blissey|28/100 psn|[from] psn
|upkeep
|turn|12
|
|t:|1760751165
|move|p2a: plaqueboymax|Fiery Dance|p1a: Blissey
|-damage|p1a: Blissey|2/100 psn
|move|p1a: Blissey|Shadow Ball|p2a: plaqueboymax
|-damage|p2a: plaqueboymax|40/100
|
|-heal|p1a: Blissey|8/100 psn|[from] item: Leftovers
|-damage|p1a: Blissey|0 fnt|[from] psn
|faint|p1a: Blissey
|upkeep
|
|t:|1760751174
|switch|p1a: Darkrai|Darkrai|100/100
|-damage|p1a: Darkrai|88/100|[from] Stealth Rock
|turn|13
|
|t:|1760751180
|move|p2a: plaqueboymax|Dazzling Gleam|p1a: Darkrai
|-supereffective|p1a: Darkrai
|-damage|p1a: Darkrai|0 fnt
|faint|p1a: Darkrai
|
|upkeep
|-message|ineverhaxed forfeited.
|
|win|idnvu
|raw|ineverhaxed's rating: 1299 &rarr; <strong>1274</strong><br />(-25 for losing)
|raw|idnvu's rating: 1301 &rarr; <strong>1321</strong><br />(+20 for winning)
|l|☆ineverhaxed
|player|p1|
|l|☆idnvu
|player|p2|
