|j|☆Adamsludicoloo
|j|☆ontario_kanji
|t:|1760740558
|gametype|singles
|player|p1|Adamsludicoloo|brock|1081
|player|p2|ontario_kanji|169|1061
|gen|9
|tier|[Gen 9] OU
|rated|
|rule|HP Percentage Mod: HP is shown in percentages
|rule|Endless Battle Clause: Forcing endless battles is banned
|rule|Species Clause: Limit one of each Pokémon
|rule|OHKO Clause: OHKO moves are banned
|rule|Evasion Items Clause: Evasion items are banned
|rule|Evasion Moves Clause: Evasion moves are banned
|rule|Evasion Abilities Clause: Evasion abilities are banned
|rule|Sleep Moves Clause: Sleep-inducing moves are banned
|clearpoke
|poke|p1|Floatzel, M|
|poke|p1|Staraptor, F|
|poke|p1|Hitmonchan, M|
|poke|p1|Rotom-Wash|
|poke|p1|Ludicolo, F|
|poke|p1|Quagsire, F|
|poke|p2|Kingambit, F|
|poke|p2|Cinderace, F|
|poke|p2|Landorus-Therian, M|
|poke|p2|Iron Valiant|
|poke|p2|Kyurem|
|poke|p2|Slowking-Galar, M|
|teampreview
|
|t:|1760740584
|teamsize|p1|6
|teamsize|p2|6
|start
|switch|p1a: Rotom|Rotom-Wash|100/100
|switch|p2a: Kyurem|Kyurem, shiny|100/100
|-ability|p2a: Kyurem|Pressure
|turn|1
|inactive|Battle timer is ON: inactive players will automatically lose when time's up. (requested by Adamsludicoloo)
|
|t:|1760740597
|move|p2a: Kyurem|Freeze-Dry|p1a: Rotom
|-supereffective|p1a: Rotom
|-damage|p1a: Rotom|8/100
|move|p1a: Rotom|Thunder Wave|p2a: Kyurem
|-status|p2a: Kyurem|par
|
|upkeep
|turn|2
|
|t:|1760740602
|move|p1a: Rotom|Rain Dance|p1a: Rotom
|-weather|RainDance
|cant|p2a: Kyurem|par
|
|-weather|RainDance|[upkeep]
|upkeep
|turn|3
|
|t:|1760740611
|move|p1a: Rotom|Volt Switch|p2a: Kyurem
|-resisted|p2a: Kyurem
|-damage|p2a: Kyurem|87/100 par
|
|t:|1760740615
|switch|p1a: Hitmonchan|Hitmonchan, M|100/100|[from] Volt Switch
|cant|p2a: Kyurem|par
|
|-weather|RainDance|[upkeep]
|-heal|p2a: Kyurem|93/100 par|[from] item: Leftovers
|upkeep
|turn|4
|
|t:|1760740628
|switch|p2a: Landorus|Landorus-Therian, M, shiny|100/100
|-ability|p2a: Landorus|Intimidate|boost
|-unboost|p1a: Hitmonchan|atk|1
|move|p1a: Hitmonchan|Ice Punch|p2a: Landorus
|-supereffective|p2a: Landorus
|-damage|p2a: Landorus|24/100
|-damage|p1a: Hitmonchan|84/100|[from] item: Rocky Helmet|[of] p2a: Landorus
|
|-weather|RainDance|[upkeep]
|upkeep
|turn|5
|
|t:|1760740647
|switch|p1a: Ludicolo|Ludicolo, F|100/100
|move|p2a: Landorus|U-turn|p1a: Ludicolo
|-supereffective|p1a: Ludicolo
|-damage|p1a: Ludicolo|46/100
|
|t:|1760740654
|switch|p2a: Slowking|Slowking-Galar, M, shiny|100/100|[from] U-turn
|
|-weather|RainDance|[upkeep]
|-heal|p1a: Ludicolo|52/100|[from] item: Leftovers
|upkeep
|turn|6
|
|t:|1760740661
|move|p1a: Ludicolo|Substitute|p1a: Ludicolo
|-start|p1a: Ludicolo|Substitute
|-damage|p1a: Ludicolo|27/100
|move|p2a: Slowking|Sludge Bomb|p1a: Ludicolo
|-supereffective|p1a: Ludicolo
|-end|p1a: Ludicolo|Substitute
|
|-weather|RainDance|[upkeep]
|-heal|p1a: Ludicolo|33/100|[from] item: Leftovers
|upkeep
|turn|7
|
|t:|1760740674
|switch|p1a: Quagsire|Quagsire, F|100/100
|move|p2a: Slowking|Sludge Bomb|p1a: Quagsire
|-resisted|p1a: Quagsire
|-damage|p1a: Quagsire|81/100
|
|-weather|RainDance|[upkeep]
|-heal|p1a: Quagsire|87/100|[from] item: Leftovers
|upkeep
|turn|8
|
|t:|1760740684
|switch|p2a: Landorus|Landorus-Therian, M, shiny|24/100
|-ability|p2a: Landorus|Intimidate|boost
|-unboost|p1a: Quagsire|atk|1
|move|p1a: Quagsire|Earthquake|p2a: Landorus
|-immune|p2a: Landorus
|
|-weather|RainDance|[upkeep]
|-heal|p1a: Quagsire|93/100|[from] item: Leftovers
|upkeep
|turn|9
|
|t:|1760740694
|move|p2a: Landorus|Stealth Rock|p1a: Quagsire
|-sidestart|p1: Adamsludicoloo|move: Stealth Rock
|move|p1a: Quagsire|Toxic|p2a: Landorus
|-status|p2a: Landorus|tox
|
|-weather|none
|-heal|p1a: Quagsire|99/100|[from] item: Leftovers
|-damage|p2a: Landorus|18/100 tox|[from] psn
|upkeep
|turn|10
|
|t:|1760740700
|move|p1a: Quagsire|Protect|p1a: Quagsire
|-singleturn|p1a: Quagsire|Protect
|move|p2a: Landorus|Earthquake|p1a: Quagsire
|-activate|p1a: Quagsire|move: Protect
|
|-heal|p1a: Quagsire|100/100|[from] item: Leftovers
|-damage|p2a: Landorus|6/100 tox|[from] psn
|upkeep
|turn|11
|
|t:|1760740707
|move|p2a: Landorus|U-turn|p1a: Quagsire
|-damage|p1a: Quagsire|86/100
|
|t:|1760740713
|switch|p2a: Iron Valiant|Iron Valiant|100/100|[from] U-turn
|-enditem|p2a: Iron Valiant|Booster Energy
|-activate|p2a: Iron Valiant|ability: Quark Drive|[fromitem]
|-start|p2a: Iron Valiant|quarkdrivespe
|move|p1a: Quagsire|Recover|p1a: Quagsire
|-heal|p1a: Quagsire|100/100
|
|upkeep
|turn|12
|
|t:|1760740723
|move|p2a: Iron Valiant|Calm Mind|p2a: Iron Valiant
|-boost|p2a: Iron Valiant|spa|1
|-boost|p2a: Iron Valiant|spd|1
|move|p1a: Quagsire|Toxic|p2a: Iron Valiant
|-status|p2a: Iron Valiant|tox
|
|-damage|p2a: Iron Valiant|94/100 tox|[from] psn
|upkeep
|turn|13
|
|t:|1760740731
|move|p2a: Iron Valiant|Moonblast|p1a: Quagsire
|-damage|p1a: Quagsire|38/100
|move|p1a: Quagsire|Earthquake|p2a: Iron Valiant
|-damage|p2a: Iron Valiant|66/100 tox
|
|-heal|p1a: Quagsire|44/100|[from] item: Leftovers
|-damage|p2a: Iron Valiant|53/100 tox|[from] psn
|upkeep
|turn|14
|
|t:|1760740740
|move|p1a: Quagsire|Protect|p1a: Quagsire
|-singleturn|p1a: Quagsire|Protect
|move|p2a: Iron Valiant|Moonblast|p1a: Quagsire
|-activate|p1a: Quagsire|move: Protect
|
|-heal|p1a: Quagsire|50/100|[from] item: Leftovers
|-damage|p2a: Iron Valiant|35/100 tox|[from] psn
|upkeep
|turn|15
|inactive|Adamsludicoloo has 120 seconds left.
|
|t:|1760740771
|switch|p1a: Rotom|Rotom-Wash|8/100
|-damage|p1a: Rotom|0 fnt|[from] Stealth Rock
|faint|p1a: Rotom
|move|p2a: Iron Valiant|Moonblast|p1: Rotom|[notarget]
|-fail|p2a: Iron Valiant
|
|-damage|p2a: Iron Valiant|10/100 tox|[from] psn
|upkeep
|inactive|Adamsludicoloo has 120 seconds left.
|
|t:|1760740785
|switch|p1a: Floatzel|Floatzel, M|100/100
|-damage|p1a: Floatzel|88/100|[from] Stealth Rock
|turn|16
|
|t:|1760740789
|move|p1a: Floatzel|Aqua Jet|p2a: Iron Valiant
|-damage|p2a: Iron Valiant|0 fnt
|faint|p2a: Iron Valiant
|-end|p2a: Iron Valiant|Quark Drive|[silent]
|
|upkeep
|
|t:|1760740794
|switch|p2a: Kyurem|Kyurem, shiny|93/100 par
|-ability|p2a: Kyurem|Pressure
|turn|17
|
|t:|1760740801
|move|p1a: Floatzel|Flip Turn|p2a: Kyurem
|-resisted|p2a: Kyurem
|-damage|p2a: Kyurem|79/100 par
|
|t:|1760740805
|switch|p1a: Hitmonchan|Hitmonchan, M|84/100|[from] Flip Turn
|-damage|p1a: Hitmonchan|78/100|[from] Stealth Rock
|cant|p2a: Kyurem|par
|
|-heal|p2a: Kyurem|85/100 par|[from] item: Leftovers
|upkeep
|turn|18
|
|t:|1760740824
|switch|p2a: Landorus|Landorus-Therian, M, shiny|6/100 tox
|-ability|p2a: Landorus|Intimidate|boost
|-unboost|p1a: Hitmonchan|atk|1
|move|p1a: Hitmonchan|Rapid Spin|p2a: Landorus
|-damage|p2a: Landorus|0 fnt
|-boost|p1a: Hitmonchan|spe|1
|-damage|p1a: Hitmonchan|62/100|[from] item: Rocky Helmet|[of] p2a: Landorus
|-sideend|p1: Adamsludicoloo|Stealth Rock|[from] move: Rapid Spin|[of] p1a: Hitmonchan
|faint|p2a: Landorus
|
|upkeep
|
|t:|1760740836
|switch|p2a: Cinderace|Cinderace, F, shiny|100/100
|turn|19
|
|t:|1760740843
|move|p2a: Cinderace|Pyro Ball|p1a: Hitmonchan
|-damage|p1a: Hitmonchan|1/100
|move|p1a: Hitmonchan|Drain Punch|p2a: Cinderace
|-damage|p2a: Cinderace|66/100
|-heal|p1a: Hitmonchan|22/100|[from] drain|[of] p2a: Cinderace
|
|upkeep
|turn|20
|
|t:|1760740856
|switch|p1a: Floatzel|Floatzel, M|88/100
|move|p2a: Cinderace|Pyro Ball|p1a: Floatzel
|-resisted|p1a: Floatzel
|-damage|p1a: Floatzel|47/100
|
|upkeep
|turn|21
|
|t:|1760740864
|switch|p2a: Slowking|Slowking-Galar, M, shiny|100/100
|move|p1a: Floatzel|Aqua Jet|p2a: Slowking
|-damage|p2a: Slowking|81/100
|
|upkeep
|turn|22
|
|t:|1760740882
|move|p1a: Floatzel|Flip Turn|p2a: Slowking
|-damage|p2a: Slowking|49/100
|
|t:|1760740893
|switch|p1a: Quagsire|Quagsire, F|50/100|[from] Flip Turn
|move|p2a: Slowking|Psychic Noise|p1a: Quagsire
|-damage|p1a: Quagsire|14/100
|-start|p1a: Quagsire|move: Heal Block
|
|upkeep
|turn|23
|
|t:|1760740904
|move|p1a: Quagsire|Earthquake|p2a: Slowking
|-supereffective|p2a: Slowking
|-damage|p2a: Slowking|0 fnt
|faint|p2a: Slowking
|
|-end|p1a: Quagsire|move: Heal Block
|upkeep
|
|t:|1760740911
|switch|p2a: Cinderace|Cinderace, F, shiny|66/100
|turn|24
|
|t:|1760740917
|move|p2a: Cinderace|Will-O-Wisp|p1a: Quagsire
|-status|p1a: Quagsire|brn
|move|p1a: Quagsire|Earthquake|p2a: Cinderace
|-supereffective|p2a: Cinderace
|-damage|p2a: Cinderace|31/100
|
|-heal|p1a: Quagsire|21/100 brn|[from] item: Leftovers
|-damage|p1a: Quagsire|14/100 brn|[from] brn
|upkeep
|turn|25
|
|t:|1760740927
|move|p2a: Cinderace|Pyro Ball|p1a: Quagsire
|-resisted|p1a: Quagsire
|-damage|p1a: Quagsire|0 fnt
|faint|p1a: Quagsire
|
|upkeep
|
|t:|1760740935
|switch|p1a: Floatzel|Floatzel, M|47/100
|turn|26
|
|t:|1760740942
|switch|p2a: Kyurem|Kyurem, shiny|85/100 par
|-ability|p2a: Kyurem|Pressure
|move|p1a: Floatzel|Aqua Jet|p2a: Kyurem
|-resisted|p2a: Kyurem
|-damage|p2a: Kyurem|75/100 par
|
|-heal|p2a: Kyurem|81/100 par|[from] item: Leftovers
|upkeep
|turn|27
|
|t:|1760740954
|move|p1a: Floatzel|Flip Turn|p2a: Kyurem
|-resisted|p2a: Kyurem
|-damage|p2a: Kyurem|68/100 par
|
|t:|1760740960
|switch|p1a: Hitmonchan|Hitmonchan, M|22/100|[from] Flip Turn
|cant|p2a: Kyurem|par
|
|-heal|p2a: Kyurem|74/100 par|[from] item: Leftovers
|upkeep
|turn|28
|
|t:|1760740970
|-terastallize|p2a: Kyurem|Ground
|move|p1a: Hitmonchan|Drain Punch|p2a: Kyurem
|-damage|p2a: Kyurem|34/100 par
|-heal|p1a: Hitmonchan|49/100|[from] drain|[of] p2a: Kyurem
|move|p2a: Kyurem|Freeze-Dry|p1a: Hitmonchan
|-damage|p1a: Hitmonchan|22/100
|
|-heal|p2a: Kyurem|40/100 par|[from] item: Leftovers
|upkeep
|turn|29
|
|t:|1760740984
|switch|p2a: Cinderace|Cinderace, F, shiny|31/100
|move|p1a: Hitmonchan|Drain Punch|p2a: Cinderace
|-damage|p2a: Cinderace|0 fnt
|-heal|p1a: Hitmonchan|40/100|[from] drain|[of] p2a: Cinderace
|faint|p2a: Cinderace
|
|upkeep
|
|t:|1760740985
|switch|p2a: Kingambit|Kingambit, F|100/100
|-activate|p2a: Kingambit|ability: Supreme Overlord
|-start|p2a: Kingambit|fallen4|[silent]
|turn|30
|
|t:|1760740996
|move|p1a: Hitmonchan|Mach Punch|p2a: Kingambit
|-supereffective|p2a: Kingambit
|-damage|p2a: Kingambit|22/100
|move|p2a: Kingambit|Sucker Punch||[still]
|-fail|p2a: Kingambit
|
|-heal|p2a: Kingambit|29/100|[from] item: Leftovers
|upkeep
|turn|31
|
|t:|1760741011
|move|p1a: Hitmonchan|Mach Punch|p2a: Kingambit
|-supereffective|p2a: Kingambit
|-damage|p2a: Kingambit|0 fnt
|faint|p2a: Kingambit
|-end|p2a: Kingambit|fallen4|[silent]
|
|upkeep
|
|t:|1760741013
|switch|p2a: Kyurem|Kyurem, shiny, tera:Ground|40/100 par
|-ability|p2a: Kyurem|Pressure
|turn|32
|
|t:|1760741019
|move|p1a: Hitmonchan|Ice Punch|p2a: Kyurem
|-supereffective|p2a: Kyurem
|-damage|p2a: Kyurem|0 fnt
|faint|p2a: Kyurem
|
|win|Adamsludicoloo
|raw|Adamsludicoloo's rating: 1081 &rarr; <strong>1107</strong><br />(+26 for winning)
|raw|ontario_kanji's rating: 1061 &rarr; <strong>1043</strong><br />(-18 for losing)
|l|☆ontario_kanji
|player|p2|
|l|☆Adamsludicoloo
|player|p1|
