|j|☆braisedporkyy
|j|☆mf ghoul
|t:|1760781331
|gametype|singles
|player|p1|braisedporkyy|1|1026
|player|p2|mf ghoul|skyla|1069
|gen|9
|tier|[Gen 9] OU
|rated|
|rule|HP Percentage Mod: HP is shown in percentages
|rule|Endless Battle Clause: Forcing endless battles is banned
|rule|Species Clause: Limit one of each Pokémon
|rule|OHKO Clause: OHKO moves are banned
|rule|Evasion Items Clause: Evasion items are banned
|rule|Evasion Moves Clause: Evasion moves are banned
|rule|Evasion Abilities Clause: Evasion abilities are banned
|rule|Sleep Moves Clause: Sleep-inducing moves are banned
|clearpoke
|poke|p1|Scrafty, M|
|poke|p1|Vaporeon, F|
|poke|p1|Heatran, F|
|poke|p1|Tentacruel, M|
|poke|p1|Pecharunt|
|poke|p1|Hydreigon, F|
|poke|p2|Gliscor, M|
|poke|p2|Gholdengo|
|poke|p2|Great Tusk|
|poke|p2|Dragapult, M|
|poke|p2|Heatran, M|
|poke|p2|Iron Valiant|
|teampreview
|inactive|Battle timer is ON: inactive players will automatically lose when time's up. (requested by braisedporkyy)
|
|t:|1760781340
|teamsize|p1|6
|teamsize|p2|6
|start
|switch|p1a: Scrafty|Scrafty, M|100/100
|switch|p2a: Gliscor|Gliscor, M|100/100
|turn|1
|
|t:|1760781352
|move|p2a: Gliscor|Stealth Rock|p1a: Scrafty
|-sidestart|p1: braisedporkyy|move: Stealth Rock
|move|p1a: Scrafty|Bulk Up|p1a: Scrafty
|-boost|p1a: Scrafty|atk|1
|-boost|p1a: Scrafty|def|1
|
|-status|p2a: Gliscor|tox|[from] item: Toxic Orb
|upkeep
|turn|2
|
|t:|1760781369
|move|p2a: Gliscor|Knock Off|p1a: Scrafty
|-resisted|p1a: Scrafty
|-damage|p1a: Scrafty|97/100
|-enditem|p1a: Scrafty|Leftovers|[from] move: Knock Off|[of] p2a: Gliscor
|move|p1a: Scrafty|Bulk Up|p1a: Scrafty
|-boost|p1a: Scrafty|atk|1
|-boost|p1a: Scrafty|def|1
|
|upkeep
|turn|3
|
|t:|1760781381
|switch|p2a: Great Tusk|Great Tusk|100/100
|move|p1a: Scrafty|Bulk Up|p1a: Scrafty
|-boost|p1a: Scrafty|atk|1
|-boost|p1a: Scrafty|def|1
|
|upkeep
|turn|4
|
|t:|1760781398
|move|p2a: Great Tusk|Ice Spinner|p1a: Scrafty
|-crit|p1a: Scrafty
|-damage|p1a: Scrafty|58/100
|move|p1a: Scrafty|Drain Punch|p2a: Great Tusk
|-damage|p2a: Great Tusk|40/100
|-heal|p1a: Scrafty|99/100|[from] drain|[of] p2a: Great Tusk
|
|-heal|p2a: Great Tusk|46/100|[from] item: Leftovers
|upkeep
|turn|5
|inactive|mf ghoul has 120 seconds left.
|
|t:|1760781424
|-end|p2a: Great Tusk|Protosynthesis|[silent]
|switch|p2a: Heatran|Heatran, M|100/100
|move|p1a: Scrafty|Crunch|p2a: Heatran
|-damage|p2a: Heatran|30/100
|
|-heal|p2a: Heatran|36/100|[from] item: Leftovers
|upkeep
|turn|6
|inactive|mf ghoul has 120 seconds left.
|
|t:|1760781435
|move|p2a: Heatran|Magma Storm|p1a: Scrafty|[miss]
|-miss|p2a: Heatran|p1a: Scrafty
|move|p1a: Scrafty|Drain Punch|p2a: Heatran
|-supereffective|p2a: Heatran
|-damage|p2a: Heatran|0 fnt
|-heal|p1a: Scrafty|100/100|[from] drain|[of] p2a: Heatran
|faint|p2a: Heatran
|
|upkeep
|inactive|mf ghoul has 120 seconds left.
|
|t:|1760781446
|switch|p2a: Dragapult|Dragapult, M|100/100
|turn|7
|inactive|mf ghoul has 120 seconds left.
|
|t:|1760781453
|move|p2a: Dragapult|Phantom Force||[still]
|-prepare|p2a: Dragapult|Phantom Force
|move|p1a: Scrafty|Crunch|p2a: Dragapult|[miss]
|-miss|p1a: Scrafty|p2a: Dragapult
|
|upkeep
|turn|8
|
|t:|1760781463
|move|p2a: Dragapult|Phantom Force|p1a: Scrafty|[from] lockedmove
|-resisted|p1a: Scrafty
|-damage|p1a: Scrafty|88/100
|move|p1a: Scrafty|Crunch|p2a: Dragapult
|-supereffective|p2a: Dragapult
|-damage|p2a: Dragapult|0 fnt
|faint|p2a: Dragapult
|
|upkeep
|
|t:|1760781471
|switch|p2a: Iron Valiant|Iron Valiant|100/100
|-enditem|p2a: Iron Valiant|Booster Energy
|-activate|p2a: Iron Valiant|ability: Quark Drive|[fromitem]
|-start|p2a: Iron Valiant|quarkdrivespe
|turn|9
|
|t:|1760781483
|-terastallize|p1a: Scrafty|Poison
|move|p2a: Iron Valiant|Close Combat|p1a: Scrafty
|-resisted|p1a: Scrafty
|-damage|p1a: Scrafty|77/100
|-unboost|p2a: Iron Valiant|def|1
|-unboost|p2a: Iron Valiant|spd|1
|move|p1a: Scrafty|Drain Punch|p2a: Iron Valiant
|-resisted|p2a: Iron Valiant
|-damage|p2a: Iron Valiant|13/100
|-heal|p1a: Scrafty|100/100|[from] drain|[of] p2a: Iron Valiant
|
|upkeep
|turn|10
|
|t:|1760781499
|move|p2a: Iron Valiant|Ice Punch|p1a: Scrafty
|-damage|p1a: Scrafty|90/100
|move|p1a: Scrafty|Crunch|p2a: Iron Valiant
|-resisted|p2a: Iron Valiant
|-damage|p2a: Iron Valiant|0 fnt
|faint|p2a: Iron Valiant
|-end|p2a: Iron Valiant|Quark Drive|[silent]
|
|upkeep
|
|t:|1760781504
|switch|p2a: Gliscor|Gliscor, M|100/100 tox
|turn|11
|
|t:|1760781510
|move|p2a: Gliscor|Earthquake|p1a: Scrafty
|-supereffective|p1a: Scrafty
|-damage|p1a: Scrafty|65/100
|move|p1a: Scrafty|Bulk Up|p1a: Scrafty
|-boost|p1a: Scrafty|atk|1
|-boost|p1a: Scrafty|def|1
|
|upkeep
|turn|12
|
|t:|1760781519
|switch|p2a: Gholdengo|Gholdengo|100/100
|-item|p2a: Gholdengo|Air Balloon
|move|p1a: Scrafty|Drain Punch|p2a: Gholdengo
|-immune|p2a: Gholdengo
|
|upkeep
|turn|13
|
|t:|1760781531
|move|p2a: Gholdengo|Nasty Plot|p2a: Gholdengo
|-boost|p2a: Gholdengo|spa|2
|move|p1a: Scrafty|Crunch|p2a: Gholdengo
|-supereffective|p2a: Gholdengo
|-damage|p2a: Gholdengo|0 fnt
|-enditem|p2a: Gholdengo|Air Balloon
|faint|p2a: Gholdengo
|
|upkeep
|
|t:|1760781537
|switch|p2a: Gliscor|Gliscor, M|100/100 tox
|turn|14
|
|t:|1760781545
|move|p2a: Gliscor|Spikes|p1a: Scrafty
|-sidestart|p1: braisedporkyy|Spikes
|move|p1a: Scrafty|Drain Punch|p2a: Gliscor
|-resisted|p2a: Gliscor
|-damage|p2a: Gliscor|72/100 tox
|-heal|p1a: Scrafty|84/100|[from] drain|[of] p2a: Gliscor
|
|-heal|p2a: Gliscor|84/100 tox|[from] ability: Poison Heal
|upkeep
|turn|15
|
|t:|1760781557
|switch|p2a: Great Tusk|Great Tusk|46/100
|move|p1a: Scrafty|Crunch|p2a: Great Tusk
|-resisted|p2a: Great Tusk
|-damage|p2a: Great Tusk|10/100
|
|-heal|p2a: Great Tusk|16/100|[from] item: Leftovers
|upkeep
|turn|16
|
|t:|1760781569
|move|p2a: Great Tusk|Headlong Rush|p1a: Scrafty
|-supereffective|p1a: Scrafty
|-damage|p1a: Scrafty|46/100
|-unboost|p2a: Great Tusk|def|1
|-unboost|p2a: Great Tusk|spd|1
|move|p1a: Scrafty|Crunch|p2a: Great Tusk
|-resisted|p2a: Great Tusk
|-damage|p2a: Great Tusk|0 fnt
|faint|p2a: Great Tusk
|-end|p2a: Great Tusk|Protosynthesis|[silent]
|
|upkeep
|
|t:|1760781576
|switch|p2a: Gliscor|Gliscor, M|84/100 tox
|turn|17
|
|t:|1760781584
|move|p2a: Gliscor|Knock Off|p1a: Scrafty
|-damage|p1a: Scrafty|42/100
|move|p1a: Scrafty|Rest|p1a: Scrafty
|-status|p1a: Scrafty|slp|[from] move: Rest
|-heal|p1a: Scrafty|100/100 slp|[silent]
|
|-activate|p1a: Scrafty|ability: Shed Skin
|-curestatus|p1a: Scrafty|slp|[msg]
|-heal|p2a: Gliscor|97/100 tox|[from] ability: Poison Heal
|upkeep
|turn|18
|-message|braisedporkyy forfeited.
|
|win|mf ghoul
|raw|braisedporkyy's rating: 1026 &rarr; <strong>1014</strong><br />(-12 for losing)
|raw|mf ghoul's rating: 1069 &rarr; <strong>1095</strong><br />(+26 for winning)
|l|☆braisedporkyy
|player|p1|
