|j|☆Bicasuuuu
|j|☆charliereall
|t:|1760728017
|gametype|singles
|player|p1|Bicasuuuu|266|1501
|player|p2|charliereall|teamrocket|1489
|gen|9
|tier|[Gen 9] OU
|rated|
|rule|HP Percentage Mod: HP is shown in percentages
|rule|Endless Battle Clause: Forcing endless battles is banned
|rule|Species Clause: Limit one of each Pokémon
|rule|OHKO Clause: OHKO moves are banned
|rule|Evasion Items Clause: Evasion items are banned
|rule|Evasion Moves Clause: Evasion moves are banned
|rule|Evasion Abilities Clause: Evasion abilities are banned
|rule|Sleep Moves Clause: Sleep-inducing moves are banned
|clearpoke
|poke|p1|Corviknight, F|
|poke|p1|Iron Valiant|
|poke|p1|Garganacl, M|
|poke|p1|Meowscarada, F|
|poke|p1|Skeledirge, M|
|poke|p1|Alomomola, F|
|poke|p2|Hoopa-Unbound|
|poke|p2|Slowking-Galar, L99, M|
|poke|p2|Corviknight, F|
|poke|p2|Ting-Lu|
|poke|p2|Alomomola, M|
|poke|p2|Darkrai|
|teampreview
|inactive|Battle timer is ON: inactive players will automatically lose when time's up. (requested by charliereall)
|inactive|charliereall has 120 seconds left.
|
|t:|1760728064
|teamsize|p1|6
|teamsize|p2|6
|start
|switch|p1a: Garganacl|Garganacl, M|100/100
|switch|p2a: The Master Hand(s)|Hoopa-Unbound|100/100
|turn|1
|
|t:|1760728072
|move|p2a: The Master Hand(s)|Knock Off|p1a: Garganacl
|-damage|p1a: Garganacl|46/100
|-enditem|p1a: Garganacl|Sitrus Berry|[from] move: Knock Off|[of] p2a: The Master Hand(s)
|move|p1a: Garganacl|Salt Cure|p2a: The Master Hand(s)
|-crit|p2a: The Master Hand(s)
|-damage|p2a: The Master Hand(s)|64/100
|-start|p2a: The Master Hand(s)|Salt Cure
|
|-damage|p2a: The Master Hand(s)|51/100|[from] Salt Cure
|upkeep
|turn|2
|
|t:|1760728085
|switch|p2a: Cuphead|Ting-Lu|100/100
|-ability|p2a: Cuphead|Vessel of Ruin
|move|p1a: Garganacl|Protect||[still]
|-fail|p1a: Garganacl
|
|upkeep
|turn|3
|
|t:|1760728095
|move|p2a: Cuphead|Stealth Rock|p1a: Garganacl
|-sidestart|p1: Bicasuuuu|move: Stealth Rock
|move|p1a: Garganacl|Recover|p1a: Garganacl
|-heal|p1a: Garganacl|96/100
|
|upkeep
|turn|4
|
|t:|1760728102
|move|p2a: Cuphead|Ruination|p1a: Garganacl
|-damage|p1a: Garganacl|48/100
|move|p1a: Garganacl|Stealth Rock|p2a: Cuphead
|-sidestart|p2: charliereall|move: Stealth Rock
|
|upkeep
|turn|5
|
|t:|1760728122
|move|p1a: Garganacl|Protect|p1a: Garganacl
|-singleturn|p1a: Garganacl|Protect
|move|p2a: Cuphead|Whirlwind|p1a: Garganacl
|drag|p1a: Alomomola|Alomomola, F|100/100
|-damage|p1a: Alomomola|88/100|[from] Stealth Rock
|
|-heal|p1a: Alomomola|94/100|[from] item: Leftovers
|upkeep
|turn|6
|
|t:|1760728134
|move|p1a: Alomomola|Wish|p1a: Alomomola
|move|p2a: Cuphead|Whirlwind|p1a: Alomomola
|drag|p1a: Iron Valiant|Iron Valiant|100/100
|-damage|p1a: Iron Valiant|94/100|[from] Stealth Rock
|
|upkeep
|turn|7
|
|t:|1760728146
|switch|p2a: Cobalt|Corviknight, F|100/100
|-damage|p2a: Cobalt|88/100|[from] Stealth Rock
|-ability|p2a: Cobalt|Pressure
|-terastallize|p1a: Iron Valiant|Ghost
|move|p1a: Iron Valiant|Shadow Ball|p2a: Cobalt
|-damage|p2a: Cobalt|31/100
|
|-heal|p1a: Iron Valiant|100/100|[from] move: Wish|[wisher] Alomomola
|upkeep
|turn|8
|
|t:|1760728164
|move|p1a: Iron Valiant|Shadow Ball|p2a: Cobalt
|-damage|p2a: Cobalt|0 fnt
|faint|p2a: Cobalt
|
|upkeep
|
|t:|1760728177
|switch|p2a: The Master Hand(s)|Hoopa-Unbound|51/100
|-damage|p2a: The Master Hand(s)|39/100|[from] Stealth Rock
|turn|9
|
|t:|1760728187
|-end|p1a: Iron Valiant|Quark Drive|[silent]
|switch|p1a: Corviknight|Corviknight, F|100/100
|-damage|p1a: Corviknight|88/100|[from] Stealth Rock
|-ability|p1a: Corviknight|Pressure
|-terastallize|p2a: The Master Hand(s)|Fairy
|move|p2a: The Master Hand(s)|Hyperspace Fury|p1a: Corviknight
|-damage|p1a: Corviknight|27/100
|-unboost|p2a: The Master Hand(s)|def|1
|
|upkeep
|turn|10
|
|t:|1760728196
|move|p2a: The Master Hand(s)|Hyperspace Fury|p1a: Corviknight
|-crit|p1a: Corviknight
|-damage|p1a: Corviknight|0 fnt
|-unboost|p2a: The Master Hand(s)|def|1
|faint|p1a: Corviknight
|
|upkeep
|
|t:|1760728202
|switch|p1a: Meowscarada|Meowscarada, F|100/100
|-damage|p1a: Meowscarada|88/100|[from] Stealth Rock
|turn|11
|
|t:|1760728209
|switch|p2a: Glowking|Slowking-Galar, L99, M|100/100
|move|p1a: Meowscarada|Flower Trick|p2a: Glowking
|-start|p1a: Meowscarada|typechange|Grass|[from] ability: Protean
|-resisted|p2a: Glowking
|-crit|p2a: Glowking
|-damage|p2a: Glowking|59/100
|
|upkeep
|turn|12
|
|t:|1760728221
|switch|p1a: Garganacl|Garganacl, M|48/100
|-damage|p1a: Garganacl|36/100|[from] Stealth Rock
|move|p2a: Glowking|Sludge Bomb|p1a: Garganacl
|-resisted|p1a: Garganacl
|-damage|p1a: Garganacl|23/100
|
|upkeep
|turn|13
|
|t:|1760728229
|switch|p2a: The Fisch|Alomomola, M|100/100
|move|p1a: Garganacl|Recover|p1a: Garganacl
|-heal|p1a: Garganacl|73/100
|
|upkeep
|turn|14
|
|t:|1760728236
|switch|p1a: Meowscarada|Meowscarada, F|88/100
|-damage|p1a: Meowscarada|76/100|[from] Stealth Rock
|move|p2a: The Fisch|Wish|p2a: The Fisch
|
|upkeep
|turn|15
|
|t:|1760728260
|switch|p2a: Dreamy|Darkrai, shiny|100/100
|move|p1a: Meowscarada|Flower Trick|p2a: Dreamy
|-start|p1a: Meowscarada|typechange|Grass|[from] ability: Protean
|-crit|p2a: Dreamy
|-damage|p2a: Dreamy|11/100
|
|-heal|p2a: Dreamy|95/100|[from] move: Wish|[wisher] The Fisch
|upkeep
|turn|16
|
|t:|1760728275
|switch|p1a: Alomomola|Alomomola, F|100/100
|-damage|p1a: Alomomola|88/100|[from] Stealth Rock
|move|p2a: Dreamy|Ice Beam|p1a: Alomomola
|-resisted|p1a: Alomomola
|-damage|p1a: Alomomola|72/100
|
|-heal|p1a: Alomomola|78/100|[from] item: Leftovers
|upkeep
|turn|17
|
|t:|1760728288
|switch|p2a: The Fisch|Alomomola, M|100/100
|move|p1a: Alomomola|Flip Turn|p2a: The Fisch
|-resisted|p2a: The Fisch
|-damage|p2a: The Fisch|96/100
|
|t:|1760728292
|switch|p1a: Meowscarada|Meowscarada, F|76/100|[from] Flip Turn
|-damage|p1a: Meowscarada|64/100|[from] Stealth Rock
|
|upkeep
|turn|18
|
|t:|1760728300
|switch|p2a: Glowking|Slowking-Galar, L99, M|92/100
|move|p1a: Meowscarada|Flower Trick|p2a: Glowking
|-start|p1a: Meowscarada|typechange|Grass|[from] ability: Protean
|-resisted|p2a: Glowking
|-crit|p2a: Glowking
|-damage|p2a: Glowking|51/100
|
|upkeep
|turn|19
|
|t:|1760728322
|switch|p2a: The Fisch|Alomomola, M|100/100
|move|p1a: Meowscarada|Flower Trick|p2a: The Fisch
|-supereffective|p2a: The Fisch
|-crit|p2a: The Fisch
|-damage|p2a: The Fisch|9/100
|
|upkeep
|turn|20
|
|t:|1760728331
|switch|p2a: Glowking|Slowking-Galar, L99, M|84/100
|move|p1a: Meowscarada|Flower Trick|p2a: Glowking
|-resisted|p2a: Glowking
|-crit|p2a: Glowking
|-damage|p2a: Glowking|47/100
|
|upkeep
|turn|21
|
|t:|1760728343
|switch|p1a: Skeledirge|Skeledirge, M|100/100
|-damage|p1a: Skeledirge|75/100|[from] Stealth Rock
|move|p2a: Glowking|Sludge Bomb|p1a: Skeledirge
|-resisted|p1a: Skeledirge
|-damage|p1a: Skeledirge|63/100
|
|-heal|p1a: Skeledirge|69/100|[from] item: Leftovers
|upkeep
|turn|22
|
|t:|1760728351
|switch|p2a: Dreamy|Darkrai, shiny|95/100
|move|p1a: Skeledirge|Shadow Ball|p2a: Dreamy
|-resisted|p2a: Dreamy
|-damage|p2a: Dreamy|77/100
|
|-heal|p1a: Skeledirge|75/100|[from] item: Leftovers
|upkeep
|turn|23
|
|t:|1760728361
|move|p2a: Dreamy|Dark Pulse|p1a: Skeledirge
|-supereffective|p1a: Skeledirge
|-damage|p1a: Skeledirge|2/100
|move|p1a: Skeledirge|Torch Song|p2a: Dreamy
|-damage|p2a: Dreamy|40/100
|-boost|p1a: Skeledirge|spa|1
|
|-heal|p1a: Skeledirge|8/100|[from] item: Leftovers
|upkeep
|turn|24
|
|t:|1760728369
|move|p2a: Dreamy|Sludge Bomb|p1a: Skeledirge
|-resisted|p1a: Skeledirge
|-damage|p1a: Skeledirge|0 fnt
|faint|p1a: Skeledirge
|
|upkeep
|
|t:|1760728374
|switch|p1a: Alomomola|Alomomola, F|100/100
|-damage|p1a: Alomomola|88/100|[from] Stealth Rock
|turn|25
|
|t:|1760728382
|move|p2a: Dreamy|Nasty Plot|p2a: Dreamy
|-boost|p2a: Dreamy|spa|2
|move|p1a: Alomomola|Flip Turn|p2a: Dreamy
|-damage|p2a: Dreamy|19/100
|
|t:|1760728404
|switch|p1a: Garganacl|Garganacl, M|73/100|[from] Flip Turn
|-damage|p1a: Garganacl|60/100|[from] Stealth Rock
|
|upkeep
|turn|26
|
|t:|1760728411
|move|p2a: Dreamy|Dark Pulse|p1a: Garganacl
|-crit|p1a: Garganacl
|-damage|p1a: Garganacl|0 fnt
|faint|p1a: Garganacl
|
|upkeep
|
|t:|1760728414
|switch|p1a: Alomomola|Alomomola, F|100/100
|-damage|p1a: Alomomola|88/100|[from] Stealth Rock
|turn|27
|
|t:|1760728421
|move|p1a: Alomomola|Protect|p1a: Alomomola
|-singleturn|p1a: Alomomola|Protect
|move|p2a: Dreamy|Dark Pulse|p1a: Alomomola
|-activate|p1a: Alomomola|move: Protect
|
|-heal|p1a: Alomomola|94/100|[from] item: Leftovers
|upkeep
|turn|28
|
|t:|1760728428
|move|p2a: Dreamy|Dark Pulse|p1a: Alomomola
|-damage|p1a: Alomomola|10/100
|move|p1a: Alomomola|Flip Turn|p2a: Dreamy
|-damage|p2a: Dreamy|0 fnt
|faint|p2a: Dreamy
|
|t:|1760728438
|switch|p1a: Meowscarada|Meowscarada, F|64/100|[from] Flip Turn
|-damage|p1a: Meowscarada|51/100|[from] Stealth Rock
|
|upkeep
|inactive|charliereall has 120 seconds left.
|
|t:|1760728473
|switch|p2a: Cuphead|Ting-Lu|100/100
|-damage|p2a: Cuphead|94/100|[from] Stealth Rock
|-ability|p2a: Cuphead|Vessel of Ruin
|turn|29
|
|t:|1760728483
|switch|p2a: Glowking|Slowking-Galar, L99, M|80/100
|move|p1a: Meowscarada|Flower Trick|p2a: Glowking
|-start|p1a: Meowscarada|typechange|Grass|[from] ability: Protean
|-resisted|p2a: Glowking
|-crit|p2a: Glowking
|-damage|p2a: Glowking|44/100
|
|upkeep
|turn|30
|
|t:|1760728493
|switch|p1a: Alomomola|Alomomola, F|43/100
|-damage|p1a: Alomomola|31/100|[from] Stealth Rock
|move|p2a: Glowking|Sludge Bomb|p1a: Alomomola
|-damage|p1a: Alomomola|0 fnt
|faint|p1a: Alomomola
|
|upkeep
|
|t:|1760728497
|switch|p1a: Meowscarada|Meowscarada, F|51/100
|-damage|p1a: Meowscarada|39/100|[from] Stealth Rock
|turn|31
|
|t:|1760728509
|switch|p2a: Cuphead|Ting-Lu|94/100
|-damage|p2a: Cuphead|88/100|[from] Stealth Rock
|-ability|p2a: Cuphead|Vessel of Ruin
|move|p1a: Meowscarada|Flower Trick|p2a: Cuphead
|-start|p1a: Meowscarada|typechange|Grass|[from] ability: Protean
|-supereffective|p2a: Cuphead
|-crit|p2a: Cuphead
|-damage|p2a: Cuphead|11/100
|
|-heal|p2a: Cuphead|17/100|[from] item: Leftovers
|upkeep
|turn|32
|
|t:|1760728523
|move|p1a: Meowscarada|Flower Trick|p2a: Cuphead
|-supereffective|p2a: Cuphead
|-crit|p2a: Cuphead
|-damage|p2a: Cuphead|0 fnt
|faint|p2a: Cuphead
|
|upkeep
|
|t:|1760728528
|switch|p2a: Glowking|Slowking-Galar, L99, M|77/100
|turn|33
|
|t:|1760728534
|switch|p1a: Iron Valiant|Iron Valiant, tera:Ghost|100/100
|-damage|p1a: Iron Valiant|88/100|[from] Stealth Rock
|move|p2a: Glowking|Sludge Bomb|p1a: Iron Valiant
|-resisted|p1a: Iron Valiant
|-damage|p1a: Iron Valiant|57/100
|
|upkeep
|turn|34
|c|☆Bicasuuuu|ggs!
|
|t:|1760728554
|move|p1a: Iron Valiant|Shadow Ball|p2a: Glowking
|-supereffective|p2a: Glowking
|-damage|p2a: Glowking|4/100
|move|p2a: Glowking|Future Sight|p1a: Iron Valiant
|-start|p2a: Glowking|move: Future Sight
|
|upkeep
|turn|35
|
|t:|1760728564
|switch|p2a: The Fisch|Alomomola, M|42/100
|move|p1a: Iron Valiant|Shadow Ball|p2a: The Fisch
|-damage|p2a: The Fisch|0 fnt
|faint|p2a: The Fisch
|
|upkeep
|
|t:|1760728568
|switch|p2a: The Master Hand(s)|Hoopa-Unbound, tera:Fairy|39/100
|-damage|p2a: The Master Hand(s)|27/100|[from] Stealth Rock
|turn|36
|
|t:|1760728583
|-end|p1a: Iron Valiant|Quark Drive|[silent]
|switch|p1a: Meowscarada|Meowscarada, F|39/100
|-damage|p1a: Meowscarada|27/100|[from] Stealth Rock
|move|p2a: The Master Hand(s)|Drain Punch|p1a: Meowscarada
|-supereffective|p1a: Meowscarada
|-damage|p1a: Meowscarada|0 fnt
|-heal|p2a: The Master Hand(s)|39/100|[from] drain|[of] p1a: Meowscarada
|faint|p1a: Meowscarada
|
|-hint|Future Sight did not hit because the target is fainted.
|upkeep
|
|t:|1760728589
|switch|p1a: Iron Valiant|Iron Valiant, tera:Ghost|57/100
|-damage|p1a: Iron Valiant|45/100|[from] Stealth Rock
|turn|37
|
|t:|1760728611
|switch|p2a: Glowking|Slowking-Galar, L99, M|38/100
|move|p1a: Iron Valiant|Shadow Ball|p2a: Glowking
|-supereffective|p2a: Glowking
|-damage|p2a: Glowking|0 fnt
|faint|p2a: Glowking
|
|upkeep
|
|t:|1760728613
|switch|p2a: The Master Hand(s)|Hoopa-Unbound, tera:Fairy|39/100
|-damage|p2a: The Master Hand(s)|27/100|[from] Stealth Rock
|turn|38
|
|t:|1760728620
|move|p1a: Iron Valiant|Shadow Ball|p2a: The Master Hand(s)
|-damage|p2a: The Master Hand(s)|0 fnt
|faint|p2a: The Master Hand(s)
|
|win|Bicasuuuu
|raw|Bicasuuuu's rating: 1501 &rarr; <strong>1520</strong><br />(+19 for winning)
|raw|charliereall's rating: 1489 &rarr; <strong>1470</strong><br />(-19 for losing)
