|j|☆deep value
|j|☆razerblake
|t:|1760835399
|gametype|singles
|player|p1|deep value|yellow|1480
|player|p2|razerblake|preschoolerf|1407
|gen|9
|tier|[Gen 9] OU
|rated|
|rule|HP Percentage Mod: HP is shown in percentages
|rule|Endless Battle Clause: Forcing endless battles is banned
|rule|Species Clause: Limit one of each Pokémon
|rule|OHKO Clause: OHKO moves are banned
|rule|Evasion Items Clause: Evasion items are banned
|rule|Evasion Moves Clause: Evasion moves are banned
|rule|Evasion Abilities Clause: Evasion abilities are banned
|rule|Sleep Moves Clause: Sleep-inducing moves are banned
|clearpoke
|poke|p1|Ogerpon, F|
|poke|p1|Weavile, F|
|poke|p1|Great Tusk|
|poke|p1|Heatran, F|
|poke|p1|Primarina, F|
|poke|p1|Pecharunt|
|poke|p2|Zamazenta-*|
|poke|p2|Ninetales-Alola, M|
|poke|p2|Darkrai|
|poke|p2|Ceruledge, F|
|poke|p2|Gliscor, M|
|poke|p2|Hatterene, F|
|teampreview
|inactive|Battle timer is ON: inactive players will automatically lose when time's up. (requested by razerblake)
|j| regi2232
|l| regi2232
|inactive|razerblake has 120 seconds left.
|inactive|deep value has 120 seconds left.
|
|t:|1760835445
|teamsize|p1|6
|teamsize|p2|6
|start
|switch|p1a: Ogerpon|Ogerpon, F|100/100
|switch|p2a: Darkrai|Darkrai|100/100
|turn|1
|
|t:|1760835450
|-terastallize|p1a: Ogerpon|Grass
|detailschange|p1a: Ogerpon|Ogerpon-Teal-Tera, F, tera:Grass
|-ability|p1a: Ogerpon|Embody Aspect (Teal)|boost
|-boost|p1a: Ogerpon|spe|1
|move|p1a: Ogerpon|Ivy Cudgel|p2a: Darkrai
|-damage|p2a: Darkrai|0 fnt
|faint|p2a: Darkrai
|
|upkeep
|
|t:|1760835466
|switch|p2a: Ninetales|Ninetales-Alola, M|100/100
|-weather|Snowscape|[from] ability: Snow Warning|[of] p2a: Ninetales
|turn|2
|
|t:|1760835468
|move|p1a: Ogerpon|Ivy Cudgel|p2a: Ninetales
|-damage|p2a: Ninetales|16/100
|move|p2a: Ninetales|Aurora Veil|p2a: Ninetales
|-sidestart|p2: razerblake|move: Aurora Veil
|
|-weather|Snowscape|[upkeep]
|upkeep
|turn|3
|
|t:|1760835480
|switch|p1a: Heatran|Heatran, F|100/100
|-item|p1a: Heatran|Air Balloon
|switch|p2a: Ceruledge|Ceruledge, F|100/100
|
|-weather|Snowscape|[upkeep]
|upkeep
|turn|4
|
|t:|1760835483
|switch|p2a: Gliscor|Gliscor, M|100/100
|move|p1a: Heatran|Taunt|p2a: Gliscor
|-start|p2a: Gliscor|move: Taunt
|
|-weather|Snowscape|[upkeep]
|-status|p2a: Gliscor|tox|[from] item: Toxic Orb
|upkeep
|turn|5
|
|t:|1760835507
|switch|p1a: Primarina|Primarina, F|100/100
|move|p2a: Gliscor|Facade|p1a: Primarina
|-damage|p1a: Primarina|59/100
|
|-weather|Snowscape|[upkeep]
|upkeep
|turn|6
|
|t:|1760835521
|move|p2a: Gliscor|Facade|p1a: Primarina
|-damage|p1a: Primarina|23/100
|move|p1a: Primarina|Psychic Noise|p2a: Gliscor
|-supereffective|p2a: Gliscor
|-damage|p2a: Gliscor|60/100 tox
|-start|p2a: Gliscor|move: Heal Block
|
|-weather|none
|-end|p2a: Gliscor|move: Taunt
|upkeep
|turn|7
|inactive|deep value has 120 seconds left.
|
|t:|1760835543
|move|p2a: Gliscor|Agility|p2a: Gliscor
|-boost|p2a: Gliscor|spe|2
|move|p1a: Primarina|Psychic Noise|p2a: Gliscor
|-supereffective|p2a: Gliscor
|-damage|p2a: Gliscor|19/100 tox
|
|-end|p2a: Gliscor|move: Heal Block
|upkeep
|turn|8
|
|t:|1760835550
|move|p2a: Gliscor|Facade|p1a: Primarina
|-damage|p1a: Primarina|0 fnt
|faint|p1a: Primarina
|
|-heal|p2a: Gliscor|31/100 tox|[from] ability: Poison Heal
|upkeep
|inactive|deep value has 120 seconds left.
|
|t:|1760835570
|switch|p1a: Weavile|Weavile, F|100/100
|-ability|p1a: Weavile|Pressure
|turn|9
|inactive|deep value has 120 seconds left.
|
|t:|1760835576
|move|p2a: Gliscor|Facade|p1a: Weavile
|-damage|p1a: Weavile|48/100
|move|p1a: Weavile|Triple Axel|p2a: Gliscor|[miss]
|-miss|p1a: Weavile|p2a: Gliscor
|
|-heal|p2a: Gliscor|44/100 tox|[from] ability: Poison Heal
|-sideend|p2: razerblake|move: Aurora Veil
|upkeep
|turn|10
|
|t:|1760835582
|move|p2a: Gliscor|Facade|p1a: Weavile
|-damage|p1a: Weavile|0 fnt
|faint|p1a: Weavile
|
|-heal|p2a: Gliscor|56/100 tox|[from] ability: Poison Heal
|upkeep
|
|t:|1760835585
|switch|p1a: Great Tusk|Great Tusk|100/100
|turn|11
|
|t:|1760835589
|move|p2a: Gliscor|Earthquake|p1a: Great Tusk
|-damage|p1a: Great Tusk|76/100
|move|p1a: Great Tusk|Ice Spinner|p2a: Gliscor
|-supereffective|p2a: Gliscor
|-damage|p2a: Gliscor|0 fnt
|faint|p2a: Gliscor
|
|upkeep
|
|t:|1760835592
|switch|p2a: Ninetales|Ninetales-Alola, M|16/100
|-weather|Snowscape|[from] ability: Snow Warning|[of] p2a: Ninetales
|turn|12
|
|t:|1760835594
|move|p2a: Ninetales|Aurora Veil|p2a: Ninetales
|-sidestart|p2: razerblake|move: Aurora Veil
|move|p1a: Great Tusk|Rapid Spin|p2a: Ninetales
|-damage|p2a: Ninetales|9/100
|-boost|p1a: Great Tusk|spe|1
|
|-weather|Snowscape|[upkeep]
|upkeep
|turn|13
|
|t:|1760835611
|move|p1a: Great Tusk|Headlong Rush|p2a: Ninetales
|-damage|p2a: Ninetales|0 fnt
|-unboost|p1a: Great Tusk|def|1
|-unboost|p1a: Great Tusk|spd|1
|faint|p2a: Ninetales
|
|-weather|Snowscape|[upkeep]
|upkeep
|
|t:|1760835613
|switch|p2a: Ceruledge|Ceruledge, F|100/100
|turn|14
|
|t:|1760835616
|-end|p1a: Great Tusk|Protosynthesis|[silent]
|switch|p1a: Heatran|Heatran, F|100/100
|-item|p1a: Heatran|Air Balloon
|move|p2a: Ceruledge|Bulk Up|p2a: Ceruledge
|-boost|p2a: Ceruledge|atk|1
|-boost|p2a: Ceruledge|def|1
|
|-weather|Snowscape|[upkeep]
|upkeep
|turn|15
|
|t:|1760835619
|move|p1a: Heatran|Taunt|p2a: Ceruledge
|-start|p2a: Ceruledge|move: Taunt
|cant|p2a: Ceruledge|move: Taunt|Bulk Up
|
|-weather|Snowscape|[upkeep]
|upkeep
|turn|16
|
|t:|1760835624
|move|p2a: Ceruledge|Shadow Sneak|p1a: Heatran
|-damage|p1a: Heatran|69/100
|-enditem|p1a: Heatran|Air Balloon
|move|p1a: Heatran|Stealth Rock|p2a: Ceruledge
|-sidestart|p2: razerblake|move: Stealth Rock
|
|-weather|none
|upkeep
|turn|17
|
|t:|1760835628
|move|p2a: Ceruledge|Shadow Sneak|p1a: Heatran
|-damage|p1a: Heatran|37/100
|move|p1a: Heatran|Earth Power|p2a: Ceruledge
|-supereffective|p2a: Ceruledge
|-damage|p2a: Ceruledge|70/100
|
|-end|p2a: Ceruledge|move: Taunt
|upkeep
|turn|18
|
|t:|1760835632
|move|p2a: Ceruledge|Shadow Sneak|p1a: Heatran
|-damage|p1a: Heatran|8/100
|move|p1a: Heatran|Taunt|p2a: Ceruledge
|-start|p2a: Ceruledge|move: Taunt
|
|upkeep
|turn|19
|
|t:|1760835635
|move|p2a: Ceruledge|Shadow Sneak|p1a: Heatran
|-damage|p1a: Heatran|0 fnt
|faint|p1a: Heatran
|
|-sideend|p2: razerblake|move: Aurora Veil
|upkeep
|
|t:|1760835637
|switch|p1a: Pecharunt|Pecharunt|100/100
|turn|20
|
|t:|1760835642
|move|p2a: Ceruledge|Bitter Blade|p1a: Pecharunt
|-damage|p1a: Pecharunt|66/100
|-heal|p2a: Ceruledge|92/100|[from] drain|[of] p1a: Pecharunt
|-damage|p2a: Ceruledge|75/100|[from] item: Rocky Helmet|[of] p1a: Pecharunt
|move|p1a: Pecharunt|Malignant Chain|p2a: Ceruledge
|-resisted|p2a: Ceruledge
|-damage|p2a: Ceruledge|61/100
|
|upkeep
|turn|21
|
|t:|1760835656
|move|p2a: Ceruledge|Bitter Blade|p1a: Pecharunt
|-crit|p1a: Pecharunt
|-damage|p1a: Pecharunt|16/100
|-heal|p2a: Ceruledge|94/100|[from] drain|[of] p1a: Pecharunt
|-damage|p2a: Ceruledge|77/100|[from] item: Rocky Helmet|[of] p1a: Pecharunt
|move|p1a: Pecharunt|Shadow Ball|p2a: Ceruledge
|-supereffective|p2a: Ceruledge
|-damage|p2a: Ceruledge|32/100
|
|-end|p2a: Ceruledge|move: Taunt
|upkeep
|turn|22
|
|t:|1760835673
|switch|p1a: Great Tusk|Great Tusk|76/100
|move|p2a: Ceruledge|Bitter Blade|p1a: Great Tusk
|-damage|p1a: Great Tusk|25/100
|-heal|p2a: Ceruledge|65/100|[from] drain|[of] p1a: Great Tusk
|
|upkeep
|turn|23
|
|t:|1760835681
|-terastallize|p2a: Ceruledge|Bug
|move|p1a: Great Tusk|Headlong Rush|p2a: Ceruledge
|-resisted|p2a: Ceruledge
|-damage|p2a: Ceruledge|36/100
|-unboost|p1a: Great Tusk|def|1
|-unboost|p1a: Great Tusk|spd|1
|move|p2a: Ceruledge|Bitter Blade|p1a: Great Tusk
|-damage|p1a: Great Tusk|0 fnt
|-heal|p2a: Ceruledge|51/100|[from] drain|[of] p1a: Great Tusk
|faint|p1a: Great Tusk
|-end|p1a: Great Tusk|Protosynthesis|[silent]
|
|upkeep
|
|t:|1760835687
|switch|p1a: Ogerpon|Ogerpon-Teal-Tera, F, tera:Grass|100/100
|-ability|p1a: Ogerpon|Embody Aspect (Teal)|boost
|-boost|p1a: Ogerpon|spe|1
|turn|24
|
|t:|1760835703
|move|p1a: Ogerpon|Rock Tomb|p2a: Ceruledge
|-supereffective|p2a: Ceruledge
|-damage|p2a: Ceruledge|0 fnt
|faint|p2a: Ceruledge
|
|upkeep
|
|t:|1760835706
|switch|p2a: Zamazenta|Zamazenta|100/100
|-damage|p2a: Zamazenta|94/100|[from] Stealth Rock
|-ability|p2a: Zamazenta|Dauntless Shield|boost
|-boost|p2a: Zamazenta|def|1
|turn|25
|
|t:|1760835709
|move|p1a: Ogerpon|Rock Tomb|p2a: Zamazenta
|-resisted|p2a: Zamazenta
|-damage|p2a: Zamazenta|86/100
|-unboost|p2a: Zamazenta|spe|1
|move|p2a: Zamazenta|Body Press|p1a: Ogerpon
|-damage|p1a: Ogerpon|32/100
|
|upkeep
|turn|26
|
|t:|1760835712
|move|p1a: Ogerpon|Rock Tomb|p2a: Zamazenta
|-resisted|p2a: Zamazenta
|-damage|p2a: Zamazenta|78/100
|-unboost|p2a: Zamazenta|spe|1
|move|p2a: Zamazenta|Body Press|p1a: Ogerpon
|-damage|p1a: Ogerpon|0 fnt
|faint|p1a: Ogerpon
|detailschange|p1: Ogerpon|Ogerpon, F|[silent]
|
|upkeep
|
|t:|1760835715
|switch|p1a: Pecharunt|Pecharunt|16/100
|turn|27
|
|t:|1760835717
|move|p1a: Pecharunt|Recover|p1a: Pecharunt
|-heal|p1a: Pecharunt|66/100
|move|p2a: Zamazenta|Crunch|p1a: Pecharunt
|-supereffective|p1a: Pecharunt
|-damage|p1a: Pecharunt|46/100
|-damage|p2a: Zamazenta|62/100|[from] item: Rocky Helmet|[of] p1a: Pecharunt
|
|upkeep
|turn|28
|
|t:|1760835719
|move|p1a: Pecharunt|Recover|p1a: Pecharunt
|-heal|p1a: Pecharunt|96/100
|move|p2a: Zamazenta|Crunch|p1a: Pecharunt
|-supereffective|p1a: Pecharunt
|-damage|p1a: Pecharunt|75/100
|-damage|p2a: Zamazenta|45/100|[from] item: Rocky Helmet|[of] p1a: Pecharunt
|
|upkeep
|turn|29
|
|t:|1760835722
|move|p1a: Pecharunt|Recover|p1a: Pecharunt
|-heal|p1a: Pecharunt|100/100
|move|p2a: Zamazenta|Rest|p2a: Zamazenta
|-status|p2a: Zamazenta|slp|[from] move: Rest
|-heal|p2a: Zamazenta|100/100 slp|[silent]
|-enditem|p2a: Zamazenta|Chesto Berry|[eat]
|-curestatus|p2a: Zamazenta|slp|[msg]
|
|upkeep
|turn|30
|
|t:|1760835726
|move|p1a: Pecharunt|Malignant Chain|p2a: Zamazenta
|-damage|p2a: Zamazenta|74/100
|move|p2a: Zamazenta|Crunch|p1a: Pecharunt
|-supereffective|p1a: Pecharunt
|-damage|p1a: Pecharunt|80/100
|-damage|p2a: Zamazenta|57/100|[from] item: Rocky Helmet|[of] p1a: Pecharunt
|
|upkeep
|turn|31
|
|t:|1760835730
|move|p1a: Pecharunt|Malignant Chain|p2a: Zamazenta
|-damage|p2a: Zamazenta|28/100
|move|p2a: Zamazenta|Crunch|p1a: Pecharunt
|-supereffective|p1a: Pecharunt
|-damage|p1a: Pecharunt|59/100
|-damage|p2a: Zamazenta|12/100|[from] item: Rocky Helmet|[of] p1a: Pecharunt
|
|upkeep
|turn|32
|
|t:|1760835733
|move|p1a: Pecharunt|Recover|p1a: Pecharunt
|-heal|p1a: Pecharunt|100/100
|move|p2a: Zamazenta|Rest|p2a: Zamazenta
|-status|p2a: Zamazenta|slp|[from] move: Rest
|-heal|p2a: Zamazenta|100/100 slp|[silent]
|
|upkeep
|turn|33
|
|t:|1760835737
|move|p1a: Pecharunt|Shadow Ball|p2a: Zamazenta
|-damage|p2a: Zamazenta|76/100 slp
|cant|p2a: Zamazenta|slp
|
|upkeep
|turn|34
|inactive|razerblake has 120 seconds left.
|
|t:|1760835771
|move|p1a: Pecharunt|Shadow Ball|p2a: Zamazenta
|-damage|p2a: Zamazenta|51/100 slp
|cant|p2a: Zamazenta|slp
|
|upkeep
|turn|35
|
|t:|1760835774
|move|p1a: Pecharunt|Shadow Ball|p2a: Zamazenta
|-damage|p2a: Zamazenta|27/100 slp
|-curestatus|p2a: Zamazenta|slp|[msg]
|move|p2a: Zamazenta|Crunch|p1a: Pecharunt
|-supereffective|p1a: Pecharunt
|-damage|p1a: Pecharunt|79/100
|-damage|p2a: Zamazenta|10/100|[from] item: Rocky Helmet|[of] p1a: Pecharunt
|
|upkeep
|turn|36
|inactive|razerblake has 120 seconds left.
|
|t:|1760835801
|move|p1a: Pecharunt|Shadow Ball|p2a: Zamazenta
|-damage|p2a: Zamazenta|0 fnt
|faint|p2a: Zamazenta
|
|upkeep
|
|t:|1760835803
|switch|p2a: Hatterene|Hatterene, F|100/100
|-damage|p2a: Hatterene|88/100|[from] Stealth Rock
|turn|37
|
|t:|1760835807
|move|p1a: Pecharunt|Malignant Chain|p2a: Hatterene
|-supereffective|p2a: Hatterene
|-damage|p2a: Hatterene|28/100
|move|p2a: Hatterene|Calm Mind|p2a: Hatterene
|-boost|p2a: Hatterene|spa|1
|-boost|p2a: Hatterene|spd|1
|
|-heal|p2a: Hatterene|34/100|[from] item: Leftovers
|upkeep
|turn|38
|
|t:|1760835812
|move|p1a: Pecharunt|Malignant Chain|p2a: Hatterene
|-supereffective|p2a: Hatterene
|-damage|p2a: Hatterene|0 fnt
|faint|p2a: Hatterene
|
|win|deep value
|raw|deep value's rating: 1480 &rarr; <strong>1496</strong><br />(+16 for winning)
|raw|razerblake's rating: 1407 &rarr; <strong>1391</strong><br />(-16 for losing)
|l|☆razerblake
|player|p2|
