|j|‽ECHEVES
|j|☆Princessjosie1001!
|t:|1760886677
|gametype|singles
|player|p1|ECHEVES|169|1372
|player|p2|Princessjosie1001!|nurse|1352
|gen|9
|tier|[Gen 9] OU
|rated|
|rule|HP Percentage Mod: HP is shown in percentages
|rule|Endless Battle Clause: Forcing endless battles is banned
|rule|Species Clause: Limit one of each Pokémon
|rule|OHKO Clause: OHKO moves are banned
|rule|Evasion Items Clause: Evasion items are banned
|rule|Evasion Moves Clause: Evasion moves are banned
|rule|Evasion Abilities Clause: Evasion abilities are banned
|rule|Sleep Moves Clause: Sleep-inducing moves are banned
|clearpoke
|poke|p1|Kingambit, M|
|poke|p1|Great Tusk|
|poke|p1|Slowking-Galar, M|
|poke|p1|Dragapult, M|
|poke|p1|Ogerpon-Wellspring, F|
|poke|p1|Heatran, M|
|poke|p2|Yanmega, M|
|poke|p2|Cloyster, M|
|poke|p2|Salazzle, F|
|poke|p2|Espeon, M|
|poke|p2|Jirachi|
|poke|p2|Maushold-Four|
|teampreview
|inactive|Battle timer is ON: inactive players will automatically lose when time's up. (requested by Princessjosie1001!)
|inactive|ECHEVES has 120 seconds left.
|
|t:|1760886742
|teamsize|p1|6
|teamsize|p2|6
|start
|switch|p1a: Great Tusk|Great Tusk|100/100
|switch|p2a: Jirachi|Jirachi|100/100
|turn|1
|inactive|ECHEVES has 120 seconds left.
|
|t:|1760886790
|move|p2a: Jirachi|Iron Head|p1a: Great Tusk
|-damage|p1a: Great Tusk|74/100
|-damage|p2a: Jirachi|84/100|[from] item: Rocky Helmet|[of] p1a: Great Tusk
|cant|p1a: Great Tusk|flinch
|
|upkeep
|turn|2
|
|t:|1760886796
|switch|p2a: No hazard allowed|Espeon, M|100/100
|move|p1a: Great Tusk|Headlong Rush|p2a: No hazard allowed
|-damage|p2a: No hazard allowed|0 fnt
|-unboost|p1a: Great Tusk|def|1
|-unboost|p1a: Great Tusk|spd|1
|faint|p2a: No hazard allowed
|
|upkeep
|
|t:|1760886807
|switch|p2a: Cloyster|Cloyster, M|100/100
|turn|3
|
|t:|1760886814
|-end|p1a: Great Tusk|Protosynthesis|[silent]
|switch|p1a: Kingambit|Kingambit, M|100/100
|move|p2a: Cloyster|Shell Smash|p2a: Cloyster
|-unboost|p2a: Cloyster|def|1
|-unboost|p2a: Cloyster|spd|1
|-boost|p2a: Cloyster|atk|2
|-boost|p2a: Cloyster|spa|2
|-boost|p2a: Cloyster|spe|2
|
|upkeep
|turn|4
|
|t:|1760886826
|move|p2a: Cloyster|Icicle Spear|p1a: Kingambit
|-resisted|p1a: Kingambit
|-damage|p1a: Kingambit|91/100
|-resisted|p1a: Kingambit
|-damage|p1a: Kingambit|81/100
|-resisted|p1a: Kingambit
|-damage|p1a: Kingambit|72/100
|-resisted|p1a: Kingambit
|-damage|p1a: Kingambit|63/100
|-resisted|p1a: Kingambit
|-damage|p1a: Kingambit|52/100
|-hitcount|p1a: Kingambit|5
|move|p1a: Kingambit|Iron Head|p2a: Cloyster
|-damage|p2a: Cloyster|38/100
|
|-heal|p1a: Kingambit|58/100|[from] item: Leftovers
|upkeep
|turn|5
|inactive|ECHEVES has 120 seconds left.
|inactive|ECHEVES has 90 seconds left.
|
|t:|1760886889
|move|p1a: Kingambit|Sucker Punch||[still]
|-fail|p1a: Kingambit
|move|p2a: Cloyster|Shell Smash|p2a: Cloyster
|-unboost|p2a: Cloyster|def|1
|-unboost|p2a: Cloyster|spd|1
|-boost|p2a: Cloyster|atk|2
|-boost|p2a: Cloyster|spa|2
|-boost|p2a: Cloyster|spe|2
|
|-heal|p1a: Kingambit|64/100|[from] item: Leftovers
|upkeep
|turn|6
|
|t:|1760886898
|move|p1a: Kingambit|Sucker Punch||[still]
|-fail|p1a: Kingambit
|move|p2a: Cloyster|Shell Smash|p2a: Cloyster
|-unboost|p2a: Cloyster|def|1
|-unboost|p2a: Cloyster|spd|1
|-boost|p2a: Cloyster|atk|2
|-boost|p2a: Cloyster|spa|2
|-boost|p2a: Cloyster|spe|2
|
|-heal|p1a: Kingambit|71/100|[from] item: Leftovers
|upkeep
|turn|7
|
|t:|1760886907
|-terastallize|p2a: Cloyster|Ice
|move|p2a: Cloyster|Ice Shard|p1a: Kingambit
|-resisted|p1a: Kingambit
|-damage|p1a: Kingambit|28/100
|move|p1a: Kingambit|Sucker Punch||[still]
|-fail|p1a: Kingambit
|
|-heal|p1a: Kingambit|34/100|[from] item: Leftovers
|upkeep
|turn|8
|-message|ECHEVES forfeited.
|
|win|Princessjosie1001!
|raw|ECHEVES's rating: 1372 &rarr; <strong>1351</strong><br />(-21 for losing)
|raw|Princessjosie1001!'s rating: 1352 &rarr; <strong>1373</strong><br />(+21 for winning)
|l|‽ECHEVES
|player|p1|
|l|☆Princessjosie1001!
|player|p2|
