|j|☆Rob Rancid
|j|☆DrapionElectivire
|t:|1760757759
|gametype|singles
|player|p1|Rob Rancid|marlon|1341
|player|p2|DrapionElectivire|101|1291
|gen|9
|tier|[Gen 9] OU
|rated|
|rule|HP Percentage Mod: HP is shown in percentages
|rule|Endless Battle Clause: Forcing endless battles is banned
|rule|Species Clause: Limit one of each Pokémon
|rule|OHKO Clause: OHKO moves are banned
|rule|Evasion Items Clause: Evasion items are banned
|rule|Evasion Moves Clause: Evasion moves are banned
|rule|Evasion Abilities Clause: Evasion abilities are banned
|rule|Sleep Moves Clause: Sleep-inducing moves are banned
|clearpoke
|poke|p1|Grimmsnarl, M|
|poke|p1|Tauros-Paldea-Blaze, M|
|poke|p1|Enamorus, F|
|poke|p1|Iron Crown|
|poke|p1|Cinderace, F|
|poke|p1|Ogerpon-Wellspring, F|
|poke|p2|Raging Bolt|
|poke|p2|Iron Hands|
|poke|p2|Ursaluna, F|
|poke|p2|Grimmsnarl, M|
|poke|p2|Moltres|
|poke|p2|Dragapult, M|
|teampreview
|inactive|Battle timer is ON: inactive players will automatically lose when time's up. (requested by DrapionElectivire)
|
|t:|1760757778
|teamsize|p1|6
|teamsize|p2|6
|start
|switch|p1a: Enamorus|Enamorus, F|100/100
|switch|p2a: Grimmsnarl|Grimmsnarl, M, shiny|100/100
|turn|1
|
|t:|1760757805
|switch|p2a: Moltres|Moltres|100/100
|move|p1a: Enamorus|Superpower|p2a: Moltres
|-resisted|p2a: Moltres
|-damage|p2a: Moltres|78/100
|-boost|p1a: Enamorus|atk|1
|-boost|p1a: Enamorus|def|1
|-status|p1a: Enamorus|brn|[from] ability: Flame Body|[of] p2a: Moltres
|
|-damage|p1a: Enamorus|94/100 brn|[from] brn
|upkeep
|turn|2
|inactive|Rob Rancid has 120 seconds left.
|inactive|DrapionElectivire has 120 seconds left.
|
|t:|1760757832
|switch|p1a: Tauros|Tauros-Paldea-Blaze, M|100/100
|-ability|p1a: Tauros|Intimidate|boost
|-unboost|p2a: Moltres|atk|1
|move|p2a: Moltres|Scorching Sands|p1a: Tauros
|-supereffective|p1a: Tauros
|-damage|p1a: Tauros|21/100
|-enditem|p1a: Tauros|Weakness Policy
|-boost|p1a: Tauros|atk|2|[from] item: Weakness Policy
|-boost|p1a: Tauros|spa|2|[from] item: Weakness Policy
|
|upkeep
|turn|3
|inactive|Rob Rancid has 120 seconds left.
|inactive|DrapionElectivire has 120 seconds left.
|
|t:|1760757855
|move|p1a: Tauros|Raging Bull|p2a: Moltres
|-resisted|p2a: Moltres
|-damage|p2a: Moltres|32/100
|move|p2a: Moltres|Scorching Sands|p1a: Tauros
|-supereffective|p1a: Tauros
|-damage|p1a: Tauros|0 fnt
|faint|p1a: Tauros
|
|upkeep
|
|t:|1760757880
|switch|p1a: Iron Crown|Iron Crown|100/100
|turn|4
|inactive|DrapionElectivire has 120 seconds left.
|
|t:|1760757889
|switch|p2a: Ursaluna|Ursaluna, F|100/100
|move|p1a: Iron Crown|Calm Mind|p1a: Iron Crown
|-boost|p1a: Iron Crown|spa|1
|-boost|p1a: Iron Crown|spd|1
|
|-status|p2a: Ursaluna|brn|[from] item: Flame Orb
|upkeep
|turn|5
|
|t:|1760757907
|-terastallize|p1a: Iron Crown|Flying
|move|p1a: Iron Crown|Agility|p1a: Iron Crown
|-boost|p1a: Iron Crown|spe|2
|move|p2a: Ursaluna|Earthquake|p1a: Iron Crown
|-immune|p1a: Iron Crown
|
|-damage|p2a: Ursaluna|94/100 brn|[from] brn
|upkeep
|turn|6
|
|t:|1760757919
|move|p1a: Iron Crown|Tachyon Cutter|p2a: Ursaluna
|-damage|p2a: Ursaluna|57/100 brn
|-damage|p2a: Ursaluna|19/100 brn
|-hitcount|p2a: Ursaluna|2
|move|p2a: Ursaluna|Facade|p1a: Iron Crown
|-damage|p1a: Iron Crown|0 fnt
|faint|p1a: Iron Crown
|-end|p1a: Iron Crown|Quark Drive|[silent]
|
|-damage|p2a: Ursaluna|13/100 brn|[from] brn
|upkeep
|
|t:|1760757932
|switch|p1a: Grimmsnarl|Grimmsnarl, M|100/100
|turn|7
|
|t:|1760757939
|move|p1a: Grimmsnarl|Reflect|p1a: Grimmsnarl
|-sidestart|p1: Rob Rancid|Reflect
|move|p2a: Ursaluna|Facade|p1a: Grimmsnarl
|-damage|p1a: Grimmsnarl|26/100
|
|-damage|p2a: Ursaluna|7/100 brn|[from] brn
|upkeep
|turn|8
|
|t:|1760757948
|move|p1a: Grimmsnarl|Light Screen|p1a: Grimmsnarl
|-sidestart|p1: Rob Rancid|move: Light Screen
|move|p2a: Ursaluna|Earthquake|p1a: Grimmsnarl
|-damage|p1a: Grimmsnarl|0 fnt
|faint|p1a: Grimmsnarl
|
|-damage|p2a: Ursaluna|0 fnt|[from] brn
|faint|p2a: Ursaluna
|upkeep
|
|t:|1760757961
|switch|p1a: Ogerpon|Ogerpon-Wellspring, F|100/100
|switch|p2a: Raging Bolt|Raging Bolt|100/100
|turn|9
|
|t:|1760757969
|move|p1a: Ogerpon|Swords Dance|p1a: Ogerpon
|-boost|p1a: Ogerpon|atk|2
|move|p2a: Raging Bolt|Calm Mind|p2a: Raging Bolt
|-boost|p2a: Raging Bolt|spa|1
|-boost|p2a: Raging Bolt|spd|1
|
|upkeep
|turn|10
|
|t:|1760757977
|move|p1a: Ogerpon|Ivy Cudgel|p2a: Raging Bolt|[anim] Ivy Cudgel Water
|-resisted|p2a: Raging Bolt
|-crit|p2a: Raging Bolt
|-damage|p2a: Raging Bolt|24/100
|move|p2a: Raging Bolt|Thunderbolt|p1a: Ogerpon
|-crit|p1a: Ogerpon
|-damage|p1a: Ogerpon|0 fnt
|faint|p1a: Ogerpon
|
|upkeep
|
|t:|1760757990
|switch|p1a: Cinderace|Cinderace, F|100/100
|turn|11
|
|t:|1760757995
|move|p1a: Cinderace|Low Kick|p2a: Raging Bolt
|-damage|p2a: Raging Bolt|0 fnt
|faint|p2a: Raging Bolt
|-end|p2a: Raging Bolt|Protosynthesis|[silent]
|
|upkeep
|
|t:|1760758001
|switch|p2a: Grimmsnarl|Grimmsnarl, M, shiny|100/100
|turn|12
|
|t:|1760758010
|switch|p2a: Dragapult|Dragapult, M|100/100
|move|p1a: Cinderace|Pyro Ball|p2a: Dragapult
|-resisted|p2a: Dragapult
|-damage|p2a: Dragapult|61/100
|
|upkeep
|turn|13
|
|t:|1760758024
|move|p1a: Cinderace|Sucker Punch|p2a: Dragapult
|-supereffective|p2a: Dragapult
|-damage|p2a: Dragapult|0 fnt
|faint|p2a: Dragapult
|
|upkeep
|
|t:|1760758031
|switch|p2a: Iron Hands|Iron Hands|100/100
|turn|14
|
|t:|1760758037
|move|p2a: Iron Hands|Fake Out|p1a: Cinderace
|-damage|p1a: Cinderace|90/100
|cant|p1a: Cinderace|flinch
|
|-sideend|p1: Rob Rancid|Reflect
|upkeep
|turn|15
|
|t:|1760758047
|move|p1a: Cinderace|Low Kick|p2a: Iron Hands
|-damage|p2a: Iron Hands|73/100
|move|p2a: Iron Hands|Drain Punch|p1a: Cinderace
|-damage|p1a: Cinderace|19/100
|-heal|p2a: Iron Hands|97/100|[from] drain|[of] p1a: Cinderace
|
|-sideend|p1: Rob Rancid|move: Light Screen
|upkeep
|turn|16
|
|t:|1760758058
|move|p1a: Cinderace|Pyro Ball|p2a: Iron Hands
|-damage|p2a: Iron Hands|35/100
|move|p2a: Iron Hands|Drain Punch|p1a: Cinderace
|-damage|p1a: Cinderace|0 fnt
|-heal|p2a: Iron Hands|41/100|[from] drain|[of] p1a: Cinderace
|faint|p1a: Cinderace
|
|upkeep
|
|t:|1760758068
|switch|p1a: Enamorus|Enamorus, F|94/100 brn
|turn|17
|
|t:|1760758077
|-end|p2a: Iron Hands|Quark Drive|[silent]
|switch|p2a: Grimmsnarl|Grimmsnarl, M, shiny|100/100
|move|p1a: Enamorus|Play Rough|p2a: Grimmsnarl
|-supereffective|p2a: Grimmsnarl
|-damage|p2a: Grimmsnarl|60/100
|
|-damage|p1a: Enamorus|88/100 brn|[from] brn
|upkeep
|turn|18
|
|t:|1760758087
|move|p2a: Grimmsnarl|Reflect|p2a: Grimmsnarl
|-sidestart|p2: DrapionElectivire|Reflect
|move|p1a: Enamorus|Superpower|p2a: Grimmsnarl
|-damage|p2a: Grimmsnarl|50/100
|-boost|p1a: Enamorus|atk|1
|-boost|p1a: Enamorus|def|1
|
|-damage|p1a: Enamorus|82/100 brn|[from] brn
|upkeep
|turn|19
|
|t:|1760758101
|switch|p2a: Moltres|Moltres|32/100
|move|p1a: Enamorus|Superpower|p2a: Moltres
|-resisted|p2a: Moltres
|-damage|p2a: Moltres|24/100
|-boost|p1a: Enamorus|atk|1
|-boost|p1a: Enamorus|def|1
|
|-damage|p1a: Enamorus|76/100 brn|[from] brn
|upkeep
|turn|20
|
|t:|1760758115
|move|p1a: Enamorus|Play Rough|p2a: Moltres
|-resisted|p2a: Moltres
|-damage|p2a: Moltres|11/100
|move|p2a: Moltres|Overheat|p1a: Enamorus
|-damage|p1a: Enamorus|7/100 brn
|-unboost|p2a: Moltres|spa|2
|
|-damage|p1a: Enamorus|1/100 brn|[from] brn
|upkeep
|turn|21
|
|t:|1760758129
|move|p1a: Enamorus|Superpower|p2a: Moltres
|-resisted|p2a: Moltres
|-damage|p2a: Moltres|0 fnt
|-boost|p1a: Enamorus|atk|1
|-boost|p1a: Enamorus|def|1
|faint|p2a: Moltres
|
|-damage|p1a: Enamorus|0 fnt|[from] brn
|faint|p1a: Enamorus
|
|win|DrapionElectivire
|raw|Rob Rancid's rating: 1341 &rarr; <strong>1318</strong><br />(-23 for losing)
|raw|DrapionElectivire's rating: 1291 &rarr; <strong>1320</strong><br />(+29 for winning)
|l|☆Rob Rancid
|player|p1|
|l|☆DrapionElectivire
|player|p2|
