|j|☆Dream54301
|j|☆HZBKAI
|t:|1760728001
|gametype|singles
|player|p1|Dream54301|lusamine-nihilego|1131
|player|p2|HZBKAI|266|1079
|gen|9
|tier|[Gen 9] OU
|rated|
|rule|HP Percentage Mod: HP is shown in percentages
|rule|Endless Battle Clause: Forcing endless battles is banned
|rule|Species Clause: Limit one of each Pokémon
|rule|OHKO Clause: OHKO moves are banned
|rule|Evasion Items Clause: Evasion items are banned
|rule|Evasion Moves Clause: Evasion moves are banned
|rule|Evasion Abilities Clause: Evasion abilities are banned
|rule|Sleep Moves Clause: Sleep-inducing moves are banned
|clearpoke
|poke|p1|Lapras, F|
|poke|p1|Rotom-Heat|
|poke|p1|Breloom, M|
|poke|p1|Gliscor, F|
|poke|p1|Mandibuzz, F|
|poke|p1|Magnezone|
|poke|p2|Ceruledge, M|
|poke|p2|Kyurem|
|poke|p2|Manaphy|
|poke|p2|Metagross|
|poke|p2|Okidogi, M|
|poke|p2|Zoroark-Hisui, M|
|teampreview
|
|t:|1760728009
|teamsize|p1|6
|teamsize|p2|6
|start
|switch|p1a: Mandibuzz|Mandibuzz, F|100/100
|switch|p2a: Ceruledge|Ceruledge, M|100/100
|turn|1
|
|t:|1760728015
|move|p2a: Ceruledge|Flamethrower|p1a: Mandibuzz
|-damage|p1a: Mandibuzz|79/100
|move|p1a: Mandibuzz|U-turn|p2a: Ceruledge
|-resisted|p2a: Ceruledge
|-damage|p2a: Ceruledge|85/100
|-damage|p1a: Mandibuzz|62/100|[from] item: Rocky Helmet|[of] p2a: Ceruledge
|replace|p2a: Zoroark|Zoroark-Hisui, M
|-end|p2a: Zoroark|Illusion
|
|t:|1760728027
|switch|p1a: Gliscor|Gliscor, F|100/100|[from] U-turn
|
|-status|p1a: Gliscor|tox|[from] item: Toxic Orb
|upkeep
|turn|2
|
|t:|1760728030
|move|p2a: Zoroark|Shadow Ball|p1a: Gliscor
|-damage|p1a: Gliscor|43/100 tox
|move|p1a: Gliscor|Stealth Rock|p2a: Zoroark
|-sidestart|p2: HZBKAI|move: Stealth Rock
|
|-heal|p1a: Gliscor|56/100 tox|[from] ability: Poison Heal
|upkeep
|turn|3
|
|t:|1760728038
|move|p1a: Gliscor|Protect|p1a: Gliscor
|-singleturn|p1a: Gliscor|Protect
|move|p2a: Zoroark|Shadow Ball|p1a: Gliscor
|-activate|p1a: Gliscor|move: Protect
|
|-heal|p1a: Gliscor|68/100 tox|[from] ability: Poison Heal
|upkeep
|turn|4
|
|t:|1760728055
|-terastallize|p1a: Gliscor|Normal
|move|p2a: Zoroark|Shadow Ball|p1a: Gliscor
|-immune|p1a: Gliscor
|move|p1a: Gliscor|Earthquake|p2a: Zoroark
|-damage|p2a: Zoroark|6/100
|
|-heal|p1a: Gliscor|81/100 tox|[from] ability: Poison Heal
|upkeep
|turn|5
|
|t:|1760728067
|-terastallize|p2a: Zoroark|Normal
|move|p1a: Gliscor|Protect|p1a: Gliscor
|-singleturn|p1a: Gliscor|Protect
|move|p2a: Zoroark|Flamethrower|p1a: Gliscor
|-activate|p1a: Gliscor|move: Protect
|
|-heal|p1a: Gliscor|93/100 tox|[from] ability: Poison Heal
|upkeep
|turn|6
|
|t:|1760728075
|move|p2a: Zoroark|Flamethrower|p1a: Gliscor
|-damage|p1a: Gliscor|47/100 tox
|move|p1a: Gliscor|Facade|p2a: Zoroark
|-damage|p2a: Zoroark|0 fnt
|-damage|p1a: Gliscor|30/100 tox|[from] item: Rocky Helmet|[of] p2a: Zoroark
|faint|p2a: Zoroark
|
|-heal|p1a: Gliscor|42/100 tox|[from] ability: Poison Heal
|upkeep
|
|t:|1760728075
|switch|p2a: Okidogi|Okidogi, M|100/100
|-damage|p2a: Okidogi|94/100|[from] Stealth Rock
|turn|7
|
|t:|1760728082
|move|p1a: Gliscor|Facade|p2a: Okidogi
|-damage|p2a: Okidogi|49/100
|move|p2a: Okidogi|Drain Punch|p1a: Gliscor
|-supereffective|p1a: Gliscor
|-damage|p1a: Gliscor|0 fnt
|-heal|p2a: Okidogi|65/100|[from] drain|[of] p1a: Gliscor
|faint|p1a: Gliscor
|
|-heal|p2a: Okidogi|71/100|[from] item: Leftovers
|upkeep
|
|t:|1760728090
|switch|p1a: Mandibuzz|Mandibuzz, F|62/100
|turn|8
|
|t:|1760728092
|move|p2a: Okidogi|Ice Punch|p1a: Mandibuzz
|-supereffective|p1a: Mandibuzz
|-damage|p1a: Mandibuzz|28/100
|-ability|p1a: Mandibuzz|Weak Armor|boost
|-unboost|p1a: Mandibuzz|def|1
|-boost|p1a: Mandibuzz|spe|2
|move|p1a: Mandibuzz|Brave Bird|p2a: Okidogi
|-supereffective|p2a: Okidogi
|-damage|p2a: Okidogi|6/100
|-damage|p1a: Mandibuzz|9/100|[from] Recoil
|
|-heal|p2a: Okidogi|12/100|[from] item: Leftovers
|upkeep
|turn|9
|
|t:|1760728103
|move|p1a: Mandibuzz|Roost|p1a: Mandibuzz
|-heal|p1a: Mandibuzz|59/100
|-singleturn|p1a: Mandibuzz|move: Roost
|move|p2a: Okidogi|Ice Punch|p1a: Mandibuzz
|-damage|p1a: Mandibuzz|33/100
|-ability|p1a: Mandibuzz|Weak Armor|boost
|-unboost|p1a: Mandibuzz|def|1
|-boost|p1a: Mandibuzz|spe|2
|
|-heal|p2a: Okidogi|18/100|[from] item: Leftovers
|upkeep
|turn|10
|
|t:|1760728106
|move|p1a: Mandibuzz|Roost|p1a: Mandibuzz
|-heal|p1a: Mandibuzz|83/100
|-singleturn|p1a: Mandibuzz|move: Roost
|move|p2a: Okidogi|Ice Punch|p1a: Mandibuzz
|-damage|p1a: Mandibuzz|50/100
|-ability|p1a: Mandibuzz|Weak Armor|boost
|-unboost|p1a: Mandibuzz|def|1
|-boost|p1a: Mandibuzz|spe|2
|
|-heal|p2a: Okidogi|24/100|[from] item: Leftovers
|upkeep
|turn|11
|
|t:|1760728115
|move|p1a: Mandibuzz|Brave Bird|p2a: Okidogi
|-supereffective|p2a: Okidogi
|-damage|p2a: Okidogi|0 fnt
|faint|p2a: Okidogi
|-damage|p1a: Mandibuzz|43/100|[from] Recoil
|
|upkeep
|
|t:|1760728115
|switch|p2a: Kyurem|Kyurem|100/100
|-damage|p2a: Kyurem|76/100|[from] Stealth Rock
|-ability|p2a: Kyurem|Pressure
|turn|12
|
|t:|1760728120
|move|p1a: Mandibuzz|Roost|p1a: Mandibuzz
|-heal|p1a: Mandibuzz|93/100
|-singleturn|p1a: Mandibuzz|move: Roost
|move|p2a: Kyurem|Icicle Spear|p1a: Mandibuzz
|-damage|p1a: Mandibuzz|69/100
|-ability|p1a: Mandibuzz|Weak Armor|boost
|-unboost|p1a: Mandibuzz|def|1
|-damage|p1a: Mandibuzz|41/100
|-ability|p1a: Mandibuzz|Weak Armor|boost
|-unboost|p1a: Mandibuzz|def|1
|-damage|p1a: Mandibuzz|4/100
|-ability|p1a: Mandibuzz|Weak Armor|boost
|-unboost|p1a: Mandibuzz|def|1
|-damage|p1a: Mandibuzz|0 fnt
|faint|p1a: Mandibuzz
|-hitcount|p1: Mandibuzz|4
|
|upkeep
|
|t:|1760728122
|switch|p1a: Magnezone|Magnezone|100/100
|-item|p1a: Magnezone|Air Balloon
|turn|13
|
|t:|1760728125
|move|p2a: Kyurem|Tera Blast|p1a: Magnezone
|-resisted|p1a: Magnezone
|-damage|p1a: Magnezone|89/100
|-enditem|p1a: Magnezone|Air Balloon
|move|p1a: Magnezone|Flash Cannon|p2a: Kyurem
|-supereffective|p2a: Kyurem
|-damage|p2a: Kyurem|4/100
|
|upkeep
|turn|14
|
|t:|1760728134
|move|p1a: Magnezone|Protect|p1a: Magnezone
|-singleturn|p1a: Magnezone|Protect
|move|p2a: Kyurem|Tera Blast|p1a: Magnezone
|-activate|p1a: Magnezone|move: Protect
|
|upkeep
|turn|15
|
|t:|1760728138
|move|p2a: Kyurem|Tera Blast|p1a: Magnezone
|-resisted|p1a: Magnezone
|-damage|p1a: Magnezone|79/100
|move|p1a: Magnezone|Volt Switch|p2a: Kyurem
|-resisted|p2a: Kyurem
|-damage|p2a: Kyurem|0 fnt
|faint|p2a: Kyurem
|
|t:|1760728144
|switch|p1a: Rotom|Rotom-Heat|100/100|[from] Volt Switch
|
|upkeep
|
|t:|1760728144
|switch|p2a: Manaphy|Manaphy|100/100
|-damage|p2a: Manaphy|88/100|[from] Stealth Rock
|turn|16
|
|t:|1760728148
|move|p1a: Rotom|Volt Switch|p2a: Manaphy
|-supereffective|p2a: Manaphy
|-damage|p2a: Manaphy|30/100
|
|t:|1760728152
|switch|p1a: Breloom|Breloom, M|100/100|[from] Volt Switch
|move|p2a: Manaphy|Surf|p1a: Breloom
|-resisted|p1a: Breloom
|-damage|p1a: Breloom|64/100
|
|-heal|p2a: Manaphy|36/100|[from] item: Leftovers
|upkeep
|turn|17
|
|t:|1760728155
|move|p2a: Manaphy|Alluring Voice|p1a: Breloom
|-supereffective|p1a: Breloom
|-damage|p1a: Breloom|0 fnt
|faint|p1a: Breloom
|
|-heal|p2a: Manaphy|42/100|[from] item: Leftovers
|upkeep
|
|t:|1760728158
|switch|p1a: Rotom|Rotom-Heat|100/100
|turn|18
|
|t:|1760728160
|move|p1a: Rotom|Volt Switch|p2a: Manaphy
|-supereffective|p2a: Manaphy
|-damage|p2a: Manaphy|0 fnt
|faint|p2a: Manaphy
|
|t:|1760728168
|switch|p1a: Lapras|Lapras, F|100/100|[from] Volt Switch
|
|upkeep
|
|t:|1760728169
|switch|p2a: Metagross|Metagross|100/100
|-damage|p2a: Metagross|94/100|[from] Stealth Rock
|turn|19
|
|t:|1760728175
|switch|p1a: Rotom|Rotom-Heat|100/100
|move|p2a: Metagross|Explosion|p1a: Rotom
|-damage|p1a: Rotom|0 fnt
|faint|p2a: Metagross
|faint|p1a: Rotom
|
|upkeep
|
|t:|1760728179
|switch|p1a: Lapras|Lapras, F|100/100
|switch|p2a: Ceruledge|Ceruledge, M|100/100
|-damage|p2a: Ceruledge|76/100|[from] Stealth Rock
|turn|20
|
|t:|1760728183
|move|p2a: Ceruledge|Poltergeist|p1a: Lapras
|-activate|p1a: Lapras|move: Poltergeist|Leftovers
|-damage|p1a: Lapras|48/100
|move|p1a: Lapras|Surf|p2a: Ceruledge
|-supereffective|p2a: Ceruledge
|-damage|p2a: Ceruledge|0 fnt
|faint|p2a: Ceruledge
|
|win|Dream54301
|raw|Dream54301's rating: 1131 &rarr; <strong>1152</strong><br />(+21 for winning)
|raw|HZBKAI's rating: 1079 &rarr; <strong>1060</strong><br />(-19 for losing)
|l|☆HZBKAI
|player|p2|
|c|☆Dream54301|gg
