|j|☆Aggrhy
|j|☆I am Patrat
|t:|1760748087
|gametype|singles
|player|p1|Aggrhy|red-masters|1362
|player|p2|I am Patrat|170|1366
|gen|9
|tier|[Gen 9] OU
|rated|
|rule|HP Percentage Mod: HP is shown in percentages
|rule|Endless Battle Clause: Forcing endless battles is banned
|rule|Species Clause: Limit one of each Pokémon
|rule|OHKO Clause: OHKO moves are banned
|rule|Evasion Items Clause: Evasion items are banned
|rule|Evasion Moves Clause: Evasion moves are banned
|rule|Evasion Abilities Clause: Evasion abilities are banned
|rule|Sleep Moves Clause: Sleep-inducing moves are banned
|clearpoke
|poke|p1|Pikachu, F|
|poke|p1|Charizard, M|
|poke|p1|Venusaur, M|
|poke|p1|Blastoise, M|
|poke|p1|Snorlax, F|
|poke|p1|Lapras, M|
|poke|p2|Hoopa-Unbound|
|poke|p2|Hydrapple, F|
|poke|p2|Gliscor, F|
|poke|p2|Cinderace, F|
|poke|p2|Alomomola, M|
|poke|p2|Gholdengo|
|teampreview
|inactive|Battle timer is ON: inactive players will automatically lose when time's up. (requested by Aggrhy)
|
|t:|1760748103
|teamsize|p1|6
|teamsize|p2|6
|start
|switch|p1a: Pikachu|Pikachu, F|100/100
|switch|p2a: Gliscor|Gliscor, F|100/100
|turn|1
|
|t:|1760748110
|move|p2a: Gliscor|Protect|p2a: Gliscor
|-singleturn|p2a: Gliscor|Protect
|move|p1a: Pikachu|Knock Off|p2a: Gliscor
|-activate|p2a: Gliscor|move: Protect
|
|-status|p2a: Gliscor|tox|[from] item: Toxic Orb
|upkeep
|turn|2
|
|t:|1760748118
|switch|p1a: Blastoise|Blastoise, M|100/100
|move|p2a: Gliscor|Earthquake|p1a: Blastoise
|-damage|p1a: Blastoise|73/100
|
|upkeep
|turn|3
|
|t:|1760748132
|switch|p2a: Gholdengo|Gholdengo|100/100
|-item|p2a: Gholdengo|Air Balloon
|move|p1a: Blastoise|Ice Beam|p2a: Gholdengo
|-resisted|p2a: Gholdengo
|-damage|p2a: Gholdengo|87/100
|-enditem|p2a: Gholdengo|Air Balloon
|
|upkeep
|turn|4
|
|t:|1760748142
|move|p2a: Gholdengo|Thunder Wave|p1a: Blastoise|[miss]
|-miss|p2a: Gholdengo|p1a: Blastoise
|move|p1a: Blastoise|Surf|p2a: Gholdengo
|-damage|p2a: Gholdengo|49/100
|
|upkeep
|turn|5
|
|t:|1760748149
|switch|p1a: Pikachu|Pikachu, F|100/100
|move|p2a: Gholdengo|Thunder Wave|p1a: Pikachu
|-ability|p1a: Pikachu|Lightning Rod|boost
|-boost|p1a: Pikachu|spa|1
|
|upkeep
|turn|6
|
|t:|1760748156
|switch|p2a: Gliscor|Gliscor, F|100/100 tox
|move|p1a: Pikachu|Volt Tackle|p2a: Gliscor
|-immune|p2a: Gliscor
|
|upkeep
|turn|7
|
|t:|1760748163
|switch|p1a: Blastoise|Blastoise, M|73/100
|move|p2a: Gliscor|Earthquake|p1a: Blastoise
|-damage|p1a: Blastoise|44/100
|
|upkeep
|turn|8
|
|t:|1760748172
|switch|p2a: Gholdengo|Gholdengo|49/100
|move|p1a: Blastoise|Surf|p2a: Gholdengo
|-damage|p2a: Gholdengo|10/100
|
|upkeep
|turn|9
|
|t:|1760748178
|move|p2a: Gholdengo|Recover|p2a: Gholdengo
|-heal|p2a: Gholdengo|60/100
|move|p1a: Blastoise|Surf|p2a: Gholdengo
|-damage|p2a: Gholdengo|20/100
|
|upkeep
|turn|10
|
|t:|1760748187
|move|p2a: Gholdengo|Recover|p2a: Gholdengo
|-heal|p2a: Gholdengo|70/100
|move|p1a: Blastoise|Surf|p2a: Gholdengo
|-damage|p2a: Gholdengo|30/100
|
|upkeep
|turn|11
|
|t:|1760748196
|move|p2a: Gholdengo|Recover|p2a: Gholdengo
|-heal|p2a: Gholdengo|80/100
|move|p1a: Blastoise|Surf|p2a: Gholdengo
|-damage|p2a: Gholdengo|42/100
|
|upkeep
|turn|12
|
|t:|1760748202
|move|p2a: Gholdengo|Thunder Wave|p1a: Blastoise
|-status|p1a: Blastoise|par
|cant|p1a: Blastoise|par
|
|upkeep
|turn|13
|
|t:|1760748208
|move|p2a: Gholdengo|Hex|p1a: Blastoise
|-damage|p1a: Blastoise|8/100 par
|move|p1a: Blastoise|Surf|p2a: Gholdengo
|-damage|p2a: Gholdengo|0 fnt
|faint|p2a: Gholdengo
|
|upkeep
|
|t:|1760748216
|switch|p2a: Hydrapple|Hydrapple, F, shiny|100/100
|turn|14
|
|t:|1760748231
|move|p2a: Hydrapple|Giga Drain|p1a: Blastoise
|-supereffective|p1a: Blastoise
|-damage|p1a: Blastoise|0 fnt
|faint|p1a: Blastoise
|
|upkeep
|
|t:|1760748236
|switch|p1a: Lapras|Lapras, M|100/100
|turn|15
|
|t:|1760748251
|switch|p2a: Alomomola|Alomomola, M|100/100
|move|p1a: Lapras|Substitute|p1a: Lapras
|-start|p1a: Lapras|Substitute
|-damage|p1a: Lapras|76/100
|
|upkeep
|turn|16
|
|t:|1760748268
|switch|p2a: Hoopa|Hoopa-Unbound|100/100
|move|p1a: Lapras|Dragon Dance|p1a: Lapras
|-boost|p1a: Lapras|atk|1
|-boost|p1a: Lapras|spe|1
|
|upkeep
|turn|17
|
|t:|1760748282
|move|p2a: Hoopa|Trick||[still]
|-fail|p2a: Hoopa
|move|p1a: Lapras|Icicle Spear|p2a: Hoopa
|-damage|p2a: Hoopa|71/100
|-damage|p2a: Hoopa|38/100
|-damage|p2a: Hoopa|7/100
|-damage|p2a: Hoopa|0 fnt
|faint|p2a: Hoopa
|-hitcount|p2: Hoopa|4
|
|upkeep
|
|t:|1760748295
|switch|p2a: Hydrapple|Hydrapple, F, shiny|100/100
|turn|18
|
|t:|1760748299
|-terastallize|p2a: Hydrapple|Steel
|move|p1a: Lapras|Icicle Spear|p2a: Hydrapple
|-resisted|p2a: Hydrapple
|-damage|p2a: Hydrapple|95/100
|-resisted|p2a: Hydrapple
|-damage|p2a: Hydrapple|90/100
|-resisted|p2a: Hydrapple
|-damage|p2a: Hydrapple|85/100
|-resisted|p2a: Hydrapple
|-damage|p2a: Hydrapple|80/100
|-hitcount|p2a: Hydrapple|4
|move|p2a: Hydrapple|Giga Drain|p1a: Lapras
|-supereffective|p1a: Lapras
|-end|p1a: Lapras|Substitute
|-heal|p2a: Hydrapple|92/100|[from] drain|[of] p1a: Lapras
|
|upkeep
|turn|19
|
|t:|1760748320
|-terastallize|p1a: Lapras|Grass
|move|p1a: Lapras|Earthquake|p2a: Hydrapple
|-supereffective|p2a: Hydrapple
|-damage|p2a: Hydrapple|39/100
|move|p2a: Hydrapple|Giga Drain|p1a: Lapras
|-resisted|p1a: Lapras
|-damage|p1a: Lapras|60/100
|-heal|p2a: Hydrapple|47/100|[from] drain|[of] p1a: Lapras
|
|upkeep
|turn|20
|
|t:|1760748332
|switch|p2a: Gliscor|Gliscor, F|100/100 tox
|move|p1a: Lapras|Dragon Dance|p1a: Lapras
|-boost|p1a: Lapras|atk|1
|-boost|p1a: Lapras|spe|1
|
|upkeep
|turn|21
|
|t:|1760748343
|switch|p2a: Alomomola|Alomomola, M|100/100
|move|p1a: Lapras|Icicle Spear|p2a: Alomomola
|-resisted|p2a: Alomomola
|-damage|p2a: Alomomola|93/100
|-resisted|p2a: Alomomola
|-damage|p2a: Alomomola|85/100
|-resisted|p2a: Alomomola
|-damage|p2a: Alomomola|76/100
|-resisted|p2a: Alomomola
|-damage|p2a: Alomomola|68/100
|-resisted|p2a: Alomomola
|-damage|p2a: Alomomola|60/100
|-hitcount|p2a: Alomomola|5
|
|upkeep
|turn|22
|
|t:|1760748357
|move|p1a: Lapras|Substitute|p1a: Lapras
|-start|p1a: Lapras|Substitute
|-damage|p1a: Lapras|35/100
|move|p2a: Alomomola|Body Slam|p1a: Lapras
|-activate|p1a: Lapras|move: Substitute|[damage]
|
|upkeep
|turn|23
|
|t:|1760748364
|move|p1a: Lapras|Earthquake|p2a: Alomomola
|-damage|p2a: Alomomola|17/100
|move|p2a: Alomomola|Body Slam|p1a: Lapras
|-end|p1a: Lapras|Substitute
|
|upkeep
|turn|24
|
|t:|1760748374
|move|p1a: Lapras|Substitute|p1a: Lapras
|-start|p1a: Lapras|Substitute
|-damage|p1a: Lapras|10/100
|move|p2a: Alomomola|Body Slam|p1a: Lapras
|-activate|p1a: Lapras|move: Substitute|[damage]
|
|upkeep
|turn|25
|
|t:|1760748382
|move|p1a: Lapras|Icicle Spear|p2a: Alomomola
|-resisted|p2a: Alomomola
|-damage|p2a: Alomomola|8/100
|-resisted|p2a: Alomomola
|-damage|p2a: Alomomola|0 fnt
|faint|p2a: Alomomola
|-hitcount|p2: Alomomola|2
|
|upkeep
|
|t:|1760748395
|switch|p2a: Hydrapple|Hydrapple, F, shiny, tera:Steel|80/100
|turn|26
|
|t:|1760748405
|move|p1a: Lapras|Earthquake|p2a: Hydrapple
|-supereffective|p2a: Hydrapple
|-damage|p2a: Hydrapple|7/100
|move|p2a: Hydrapple|Giga Drain|p1a: Lapras
|-resisted|p1a: Lapras
|-end|p1a: Lapras|Substitute
|-heal|p2a: Hydrapple|11/100|[from] drain|[of] p1a: Lapras
|
|upkeep
|turn|27
|
|t:|1760748417
|switch|p2a: Gliscor|Gliscor, F|100/100 tox
|move|p1a: Lapras|Icicle Spear|p2a: Gliscor
|-supereffective|p2a: Gliscor
|-damage|p2a: Gliscor|24/100 tox
|-supereffective|p2a: Gliscor
|-damage|p2a: Gliscor|0 fnt
|faint|p2a: Gliscor
|-hitcount|p2: Gliscor|2
|
|upkeep
|
|t:|1760748426
|switch|p2a: Hydrapple|Hydrapple, F, shiny, tera:Steel|45/100
|turn|28
|
|t:|1760748430
|switch|p2a: Cinderace|Cinderace, F|100/100
|move|p1a: Lapras|Earthquake|p2a: Cinderace
|-supereffective|p2a: Cinderace
|-damage|p2a: Cinderace|0 fnt
|faint|p2a: Cinderace
|
|upkeep
|
|t:|1760748439
|switch|p2a: Hydrapple|Hydrapple, F, shiny, tera:Steel|78/100
|turn|29
|
|t:|1760748443
|move|p1a: Lapras|Earthquake|p2a: Hydrapple
|-supereffective|p2a: Hydrapple
|-damage|p2a: Hydrapple|0 fnt
|faint|p2a: Hydrapple
|
|win|Aggrhy
|raw|Aggrhy's rating: 1362 &rarr; <strong>1382</strong><br />(+20 for winning)
|raw|I am Patrat's rating: 1366 &rarr; <strong>1346</strong><br />(-20 for losing)
|l|☆I am Patrat
|player|p2|
|l|☆Aggrhy
|player|p1|
