|j|☆stevstacks
|j|☆Chris Reformed
|t:|1760767839
|gametype|singles
|player|p1|stevstacks|102|1546
|player|p2|Chris Reformed|169|1500
|gen|9
|tier|[Gen 9] OU
|rated|
|rule|HP Percentage Mod: HP is shown in percentages
|rule|Endless Battle Clause: Forcing endless battles is banned
|rule|Species Clause: Limit one of each Pokémon
|rule|OHKO Clause: OHKO moves are banned
|rule|Evasion Items Clause: Evasion items are banned
|rule|Evasion Moves Clause: Evasion moves are banned
|rule|Evasion Abilities Clause: Evasion abilities are banned
|rule|Sleep Moves Clause: Sleep-inducing moves are banned
|clearpoke
|poke|p1|Torkoal, F|
|poke|p1|Corviknight, F|
|poke|p1|Walking Wake|
|poke|p1|Raging Bolt|
|poke|p1|Great Tusk|
|poke|p1|Cinderace, F|
|poke|p2|Garganacl, M|
|poke|p2|Hippowdon, M|
|poke|p2|Hydrapple, M|
|poke|p2|Slowking-Galar, M|
|poke|p2|Samurott-Hisui, M|
|poke|p2|Excadrill, M|
|teampreview
|inactive|Battle timer is ON: inactive players will automatically lose when time's up. (requested by stevstacks)
|
|t:|1760767852
|teamsize|p1|6
|teamsize|p2|6
|start
|switch|p1a: ’02 E46 330Ci|Torkoal, F, shiny|100/100
|switch|p2a: Samurott|Samurott-Hisui, M, shiny|100/100
|-weather|SunnyDay|[from] ability: Drought|[of] p1a: ’02 E46 330Ci
|turn|1
|
|t:|1760767858
|switch|p1a: TuskMadeRevz|Great Tusk|100/100
|-activate|p1a: TuskMadeRevz|ability: Protosynthesis
|-start|p1a: TuskMadeRevz|protosynthesisatk
|move|p2a: Samurott|Flip Turn|p1a: TuskMadeRevz
|-supereffective|p1a: TuskMadeRevz
|-damage|p1a: TuskMadeRevz|79/100
|
|t:|1760767861
|switch|p2a: Hippowdon|Hippowdon, M, shiny|100/100|[from] Flip Turn
|-weather|Sandstorm|[from] ability: Sand Stream|[of] p2a: Hippowdon
|-end|p1a: TuskMadeRevz|Protosynthesis
|
|-weather|Sandstorm|[upkeep]
|upkeep
|turn|2
|
|t:|1760767878
|-end|p1a: TuskMadeRevz|Protosynthesis|[silent]
|switch|p1a: ’02 E46 330Ci|Torkoal, F, shiny|100/100
|-weather|SunnyDay|[from] ability: Drought|[of] p1a: ’02 E46 330Ci
|move|p2a: Hippowdon|Scorching Sands|p1a: ’02 E46 330Ci
|-supereffective|p1a: ’02 E46 330Ci
|-damage|p1a: ’02 E46 330Ci|70/100
|
|-weather|SunnyDay|[upkeep]
|upkeep
|turn|3
|inactive|Chris Reformed has 120 seconds left.
|
|t:|1760767921
|switch|p2a: Slowking|Slowking-Galar, M, shiny|100/100
|switch|p1a: TuskMadeRevz|Great Tusk|79/100
|-activate|p1a: TuskMadeRevz|ability: Protosynthesis
|-start|p1a: TuskMadeRevz|protosynthesisatk
|
|-weather|SunnyDay|[upkeep]
|upkeep
|turn|4
|
|t:|1760767929
|switch|p2a: Hippowdon|Hippowdon, M, shiny|100/100
|-weather|Sandstorm|[from] ability: Sand Stream|[of] p2a: Hippowdon
|-end|p1a: TuskMadeRevz|Protosynthesis
|move|p1a: TuskMadeRevz|Headlong Rush|p2a: Hippowdon
|-damage|p2a: Hippowdon|69/100
|-unboost|p1a: TuskMadeRevz|def|1
|-unboost|p1a: TuskMadeRevz|spd|1
|-damage|p1a: TuskMadeRevz|62/100|[from] item: Rocky Helmet|[of] p2a: Hippowdon
|
|-weather|Sandstorm|[upkeep]
|upkeep
|turn|5
|inactive|Chris Reformed has 120 seconds left.
|
|t:|1760767944
|-end|p1a: TuskMadeRevz|Protosynthesis|[silent]
|switch|p1a: ’02 E46 330Ci|Torkoal, F, shiny|70/100
|-weather|SunnyDay|[from] ability: Drought|[of] p1a: ’02 E46 330Ci
|move|p2a: Hippowdon|Stealth Rock|p1a: ’02 E46 330Ci
|-sidestart|p1: stevstacks|move: Stealth Rock
|
|-weather|SunnyDay|[upkeep]
|upkeep
|turn|6
|
|t:|1760767950
|switch|p2a: Slowking|Slowking-Galar, M, shiny|100/100
|switch|p1a: TuskMadeRevz|Great Tusk|62/100
|-activate|p1a: TuskMadeRevz|ability: Protosynthesis
|-start|p1a: TuskMadeRevz|protosynthesisatk
|
|-weather|SunnyDay|[upkeep]
|upkeep
|turn|7
|
|t:|1760767956
|switch|p2a: Hippowdon|Hippowdon, M, shiny|69/100
|-weather|Sandstorm|[from] ability: Sand Stream|[of] p2a: Hippowdon
|-end|p1a: TuskMadeRevz|Protosynthesis
|move|p1a: TuskMadeRevz|Headlong Rush|p2a: Hippowdon
|-damage|p2a: Hippowdon|36/100
|-unboost|p1a: TuskMadeRevz|def|1
|-unboost|p1a: TuskMadeRevz|spd|1
|-damage|p1a: TuskMadeRevz|46/100|[from] item: Rocky Helmet|[of] p2a: Hippowdon
|
|-weather|Sandstorm|[upkeep]
|upkeep
|turn|8
|
|t:|1760767964
|-terastallize|p1a: TuskMadeRevz|Ground
|move|p1a: TuskMadeRevz|Headlong Rush|p2a: Hippowdon
|-damage|p2a: Hippowdon|0 fnt
|-unboost|p1a: TuskMadeRevz|def|1
|-unboost|p1a: TuskMadeRevz|spd|1
|-damage|p1a: TuskMadeRevz|30/100|[from] item: Rocky Helmet|[of] p2a: Hippowdon
|faint|p2a: Hippowdon
|
|-weather|Sandstorm|[upkeep]
|upkeep
|
|t:|1760767979
|switch|p2a: Excadrill|Excadrill, M, shiny|100/100
|turn|9
|
|t:|1760767993
|-end|p1a: TuskMadeRevz|Protosynthesis|[silent]
|switch|p1a: bird allegiance|Corviknight, F|100/100
|-damage|p1a: bird allegiance|88/100|[from] Stealth Rock
|-ability|p1a: bird allegiance|Pressure
|move|p2a: Excadrill|Iron Head|p1a: bird allegiance
|-resisted|p1a: bird allegiance
|-damage|p1a: bird allegiance|67/100
|
|-weather|Sandstorm|[upkeep]
|-heal|p1a: bird allegiance|73/100|[from] item: Leftovers
|upkeep
|turn|10
|inactive|stevstacks has 120 seconds left.
|
|t:|1760768027
|switch|p2a: Garganacl|Garganacl, M, shiny|100/100
|move|p1a: bird allegiance|U-turn|p2a: Garganacl
|-crit|p2a: Garganacl
|-damage|p2a: Garganacl|87/100
|inactive|stevstacks has 120 seconds left.
|
|t:|1760768035
|switch|p1a: TuskMadeRevz|Great Tusk, tera:Ground|30/100|[from] U-turn
|
|-weather|Sandstorm|[upkeep]
|-heal|p2a: Garganacl|93/100|[from] item: Leftovers
|upkeep
|turn|11
|
|t:|1760768047
|-terastallize|p2a: Garganacl|Fairy
|move|p1a: TuskMadeRevz|Headlong Rush|p2a: Garganacl
|-damage|p2a: Garganacl|44/100
|-unboost|p1a: TuskMadeRevz|def|1
|-unboost|p1a: TuskMadeRevz|spd|1
|move|p2a: Garganacl|Ice Punch|p1a: TuskMadeRevz
|-supereffective|p1a: TuskMadeRevz
|-damage|p1a: TuskMadeRevz|0 fnt
|faint|p1a: TuskMadeRevz
|-end|p1a: TuskMadeRevz|Protosynthesis|[silent]
|
|-weather|none
|-heal|p2a: Garganacl|51/100|[from] item: Leftovers
|upkeep
|inactive|stevstacks has 120 seconds left.
|
|t:|1760768074
|switch|p1a: hydrocodone|Walking Wake|100/100
|-damage|p1a: hydrocodone|88/100|[from] Stealth Rock
|turn|12
|
|t:|1760768079
|move|p2a: Garganacl|Protect|p2a: Garganacl
|-singleturn|p2a: Garganacl|Protect
|move|p1a: hydrocodone|Hydro Steam|p2a: Garganacl
|-activate|p2a: Garganacl|move: Protect
|
|-heal|p2a: Garganacl|57/100|[from] item: Leftovers
|upkeep
|turn|13
|
|t:|1760768090
|switch|p2a: Hydrapple|Hydrapple, M, shiny|100/100
|move|p1a: hydrocodone|Hydro Steam|p2a: Hydrapple
|-resisted|p2a: Hydrapple
|-damage|p2a: Hydrapple|86/100
|
|upkeep
|turn|14
|
|t:|1760768117
|-end|p1a: hydrocodone|Protosynthesis|[silent]
|switch|p1a: bird allegiance|Corviknight, F|73/100
|-damage|p1a: bird allegiance|61/100|[from] Stealth Rock
|-ability|p1a: bird allegiance|Pressure
|move|p2a: Hydrapple|Fickle Beam|p1a: bird allegiance|[anim] Fickle Beam All Out
|-activate|p2a: Hydrapple|move: Fickle Beam
|-resisted|p1a: bird allegiance
|-damage|p1a: bird allegiance|31/100
|
|-heal|p1a: bird allegiance|37/100|[from] item: Leftovers
|upkeep
|turn|15
|inactive|stevstacks has 120 seconds left.
|
|t:|1760768144
|switch|p2a: Garganacl|Garganacl, M, shiny, tera:Fairy|57/100
|move|p1a: bird allegiance|Roost|p1a: bird allegiance
|-heal|p1a: bird allegiance|87/100
|-singleturn|p1a: bird allegiance|move: Roost
|
|-heal|p1a: bird allegiance|93/100|[from] item: Leftovers
|-heal|p2a: Garganacl|63/100|[from] item: Leftovers
|upkeep
|turn|16
|
|t:|1760768155
|move|p1a: bird allegiance|Defog|p2a: Garganacl
|-unboost|p2a: Garganacl|evasion|1
|-sideend|p1: stevstacks|Stealth Rock|[from] move: Defog|[of] p1a: bird allegiance
|move|p2a: Garganacl|Salt Cure|p1a: bird allegiance
|-damage|p1a: bird allegiance|83/100
|-start|p1a: bird allegiance|Salt Cure
|
|-heal|p1a: bird allegiance|89/100|[from] item: Leftovers
|-heal|p2a: Garganacl|69/100|[from] item: Leftovers
|-damage|p1a: bird allegiance|64/100|[from] Salt Cure
|upkeep
|turn|17
|
|t:|1760768163
|move|p1a: bird allegiance|Brave Bird|p2a: Garganacl
|-damage|p2a: Garganacl|45/100
|-damage|p1a: bird allegiance|56/100|[from] Recoil
|move|p2a: Garganacl|Salt Cure|p1a: bird allegiance
|-damage|p1a: bird allegiance|45/100
|
|-heal|p1a: bird allegiance|51/100|[from] item: Leftovers
|-heal|p2a: Garganacl|52/100|[from] item: Leftovers
|-damage|p1a: bird allegiance|26/100|[from] Salt Cure
|upkeep
|turn|18
|inactive|Chris Reformed has 120 seconds left.
|
|t:|1760768192
|switch|p1a: ’02 E46 330Ci|Torkoal, F, shiny|70/100
|-weather|SunnyDay|[from] ability: Drought|[of] p1a: ’02 E46 330Ci
|move|p2a: Garganacl|Recover|p2a: Garganacl
|-heal|p2a: Garganacl|100/100
|
|-weather|SunnyDay|[upkeep]
|upkeep
|turn|19
|inactive|stevstacks has 120 seconds left.
|
|t:|1760768224
|switch|p1a: Fake Swiper|Cinderace, F|100/100
|move|p2a: Garganacl|Salt Cure|p1a: Fake Swiper
|-supereffective|p1a: Fake Swiper
|-damage|p1a: Fake Swiper|61/100
|-start|p1a: Fake Swiper|Salt Cure
|
|-weather|SunnyDay|[upkeep]
|-damage|p1a: Fake Swiper|48/100|[from] Salt Cure
|upkeep
|turn|20
|
|t:|1760768231
|move|p2a: Garganacl|Protect|p2a: Garganacl
|-singleturn|p2a: Garganacl|Protect
|move|p1a: Fake Swiper|Pyro Ball|p2a: Garganacl
|-activate|p2a: Garganacl|move: Protect
|
|-weather|SunnyDay|[upkeep]
|-damage|p1a: Fake Swiper|36/100|[from] Salt Cure
|upkeep
|turn|21
|
|t:|1760768249
|move|p1a: Fake Swiper|Pyro Ball|p2a: Garganacl
|-damage|p2a: Garganacl|50/100
|move|p2a: Garganacl|Recover|p2a: Garganacl
|-heal|p2a: Garganacl|100/100
|
|-weather|SunnyDay|[upkeep]
|-damage|p1a: Fake Swiper|24/100|[from] Salt Cure
|upkeep
|turn|22
|
|t:|1760768256
|move|p2a: Garganacl|Protect|p2a: Garganacl
|-singleturn|p2a: Garganacl|Protect
|move|p1a: Fake Swiper|Pyro Ball|p2a: Garganacl
|-activate|p2a: Garganacl|move: Protect
|
|-weather|SunnyDay|[upkeep]
|-damage|p1a: Fake Swiper|11/100|[from] Salt Cure
|upkeep
|turn|23
|
|t:|1760768261
|move|p1a: Fake Swiper|Pyro Ball|p2a: Garganacl
|-damage|p2a: Garganacl|16/100
|move|p2a: Garganacl|Recover|p2a: Garganacl
|-heal|p2a: Garganacl|67/100
|
|-weather|SunnyDay|[upkeep]
|-heal|p2a: Garganacl|73/100|[from] item: Leftovers
|-damage|p1a: Fake Swiper|0 fnt|[from] Salt Cure
|faint|p1a: Fake Swiper
|upkeep
|
|t:|1760768265
|switch|p1a: 2hollis|Raging Bolt|100/100
|-activate|p1a: 2hollis|ability: Protosynthesis
|-start|p1a: 2hollis|protosynthesisspa
|turn|24
|
|t:|1760768280
|switch|p2a: Excadrill|Excadrill, M, shiny|100/100
|move|p1a: 2hollis|Calm Mind|p1a: 2hollis
|-boost|p1a: 2hollis|spa|1
|-boost|p1a: 2hollis|spd|1
|
|-weather|SunnyDay|[upkeep]
|upkeep
|turn|25
|
|t:|1760768289
|-end|p1a: 2hollis|Protosynthesis|[silent]
|switch|p1a: bird allegiance|Corviknight, F|26/100
|-ability|p1a: bird allegiance|Pressure
|move|p2a: Excadrill|Rock Slide|p1a: bird allegiance
|-damage|p1a: bird allegiance|2/100
|
|-weather|none
|-heal|p1a: bird allegiance|8/100|[from] item: Leftovers
|upkeep
|turn|26
|
|t:|1760768297
|move|p2a: Excadrill|Iron Head|p1a: bird allegiance
|-resisted|p1a: bird allegiance
|-damage|p1a: bird allegiance|0 fnt
|faint|p1a: bird allegiance
|
|upkeep
|
|t:|1760768300
|switch|p1a: ’02 E46 330Ci|Torkoal, F, shiny|70/100
|-weather|SunnyDay|[from] ability: Drought|[of] p1a: ’02 E46 330Ci
|turn|27
|
|t:|1760768303
|move|p2a: Excadrill|Earthquake|p1a: ’02 E46 330Ci
|-supereffective|p1a: ’02 E46 330Ci
|-damage|p1a: ’02 E46 330Ci|0 fnt
|faint|p1a: ’02 E46 330Ci
|
|-weather|SunnyDay|[upkeep]
|upkeep
|
|t:|1760768308
|switch|p1a: hydrocodone|Walking Wake|88/100
|-activate|p1a: hydrocodone|ability: Protosynthesis
|-start|p1a: hydrocodone|protosynthesisspe
|turn|28
|
|t:|1760768318
|switch|p2a: Garganacl|Garganacl, M, shiny, tera:Fairy|73/100
|move|p1a: hydrocodone|Hydro Steam|p2a: Garganacl
|-damage|p2a: Garganacl|3/100
|
|-weather|SunnyDay|[upkeep]
|-heal|p2a: Garganacl|9/100|[from] item: Leftovers
|upkeep
|turn|29
|
|t:|1760768324
|move|p2a: Garganacl|Protect|p2a: Garganacl
|-singleturn|p2a: Garganacl|Protect
|move|p1a: hydrocodone|Hydro Steam|p2a: Garganacl
|-activate|p2a: Garganacl|move: Protect
|
|-weather|SunnyDay|[upkeep]
|-heal|p2a: Garganacl|15/100|[from] item: Leftovers
|upkeep
|turn|30
|
|t:|1760768331
|move|p2a: Garganacl|Protect||[still]
|-fail|p2a: Garganacl
|move|p1a: hydrocodone|Hydro Steam|p2a: Garganacl
|-damage|p2a: Garganacl|0 fnt
|faint|p2a: Garganacl
|
|-weather|SunnyDay|[upkeep]
|upkeep
|
|t:|1760768334
|switch|p2a: Hydrapple|Hydrapple, M, shiny|100/100
|turn|31
|
|t:|1760768340
|move|p1a: hydrocodone|Hydro Steam|p2a: Hydrapple
|-resisted|p2a: Hydrapple
|-damage|p2a: Hydrapple|77/100
|move|p2a: Hydrapple|Fickle Beam|p1a: hydrocodone|[anim] Fickle Beam All Out
|-activate|p2a: Hydrapple|move: Fickle Beam
|-supereffective|p1a: hydrocodone
|-damage|p1a: hydrocodone|0 fnt
|faint|p1a: hydrocodone
|-end|p1a: hydrocodone|Protosynthesis|[silent]
|
|-weather|SunnyDay|[upkeep]
|upkeep
|
|t:|1760768342
|switch|p1a: 2hollis|Raging Bolt|100/100
|-activate|p1a: 2hollis|ability: Protosynthesis
|-start|p1a: 2hollis|protosynthesisspa
|turn|32
|
|t:|1760768352
|move|p1a: 2hollis|Dragon Pulse|p2a: Hydrapple
|-supereffective|p2a: Hydrapple
|-damage|p2a: Hydrapple|0 fnt
|faint|p2a: Hydrapple
|
|-weather|SunnyDay|[upkeep]
|upkeep
|
|t:|1760768357
|switch|p2a: Excadrill|Excadrill, M, shiny|100/100
|turn|33
|
|t:|1760768360
|move|p2a: Excadrill|Earthquake|p1a: 2hollis
|-supereffective|p1a: 2hollis
|-damage|p1a: 2hollis|0 fnt
|faint|p1a: 2hollis
|-end|p1a: 2hollis|Protosynthesis|[silent]
|
|win|Chris Reformed
|raw|stevstacks's rating: 1546 &rarr; <strong>1523</strong><br />(-23 for losing)
|raw|Chris Reformed's rating: 1500 &rarr; <strong>1523</strong><br />(+23 for winning)
|l|☆stevstacks
|player|p1|
|l|☆Chris Reformed
|player|p2|
