|j|☆will-i-am2
|j|☆MicrowaveHeart
|t:|1760745315
|gametype|singles
|player|p1|will-i-am2|170|1563
|player|p2|MicrowaveHeart|workerice|1618
|gen|9
|tier|[Gen 9] OU
|rated|
|rule|HP Percentage Mod: HP is shown in percentages
|rule|Endless Battle Clause: Forcing endless battles is banned
|rule|Species Clause: Limit one of each Pokémon
|rule|OHKO Clause: OHKO moves are banned
|rule|Evasion Items Clause: Evasion items are banned
|rule|Evasion Moves Clause: Evasion moves are banned
|rule|Evasion Abilities Clause: Evasion abilities are banned
|rule|Sleep Moves Clause: Sleep-inducing moves are banned
|clearpoke
|poke|p1|Registeel|
|poke|p1|Mamoswine, M|
|poke|p1|Ambipom, M|
|poke|p1|Hydreigon, F|
|poke|p1|Slowbro, F|
|poke|p1|Mandibuzz, F|
|poke|p2|Gholdengo|
|poke|p2|Incineroar, M|
|poke|p2|Ogerpon-Wellspring, F|
|poke|p2|Iron Treads|
|poke|p2|Tornadus-Therian, M|
|poke|p2|Mamoswine, F|
|teampreview
|inactive|Battle timer is ON: inactive players will automatically lose when time's up. (requested by will-i-am2)
|
|t:|1760745322
|teamsize|p1|6
|teamsize|p2|6
|start
|switch|p1a: Ambipom|Ambipom, M|100/100
|switch|p2a: Tornadus|Tornadus-Therian, M|100/100
|turn|1
|
|t:|1760745332
|switch|p2a: Incineroar|Incineroar, M|100/100
|-ability|p2a: Incineroar|Intimidate|boost
|-unboost|p1a: Ambipom|atk|1
|move|p1a: Ambipom|Fake Out|p2a: Incineroar
|-damage|p2a: Incineroar|89/100
|
|upkeep
|turn|2
|
|t:|1760745341
|switch|p1a: Mandibuzz|Mandibuzz, F|100/100
|move|p2a: Incineroar|Will-O-Wisp|p1a: Mandibuzz
|-status|p1a: Mandibuzz|brn
|
|-damage|p1a: Mandibuzz|94/100 brn|[from] brn
|upkeep
|turn|3
|
|t:|1760745347
|move|p1a: Mandibuzz|Foul Play|p2a: Incineroar
|-resisted|p2a: Incineroar
|-damage|p2a: Incineroar|82/100
|move|p2a: Incineroar|Knock Off|p1a: Mandibuzz
|-resisted|p1a: Mandibuzz
|-damage|p1a: Mandibuzz|83/100 brn
|-damage|p2a: Incineroar|66/100|[from] item: Rocky Helmet|[of] p1a: Mandibuzz
|-enditem|p1a: Mandibuzz|Rocky Helmet|[from] move: Knock Off|[of] p2a: Incineroar
|
|-damage|p1a: Mandibuzz|77/100 brn|[from] brn
|upkeep
|turn|4
|
|t:|1760745352
|move|p1a: Mandibuzz|Roost|p1a: Mandibuzz
|-heal|p1a: Mandibuzz|100/100 brn
|-singleturn|p1a: Mandibuzz|move: Roost
|move|p2a: Incineroar|Parting Shot|p1a: Mandibuzz
|-unboost|p1a: Mandibuzz|atk|1
|-unboost|p1a: Mandibuzz|spa|1
|
|t:|1760745365
|switch|p2a: Mamoswine|Mamoswine, F, shiny|100/100|[from] Parting Shot
|
|-damage|p1a: Mandibuzz|94/100 brn|[from] brn
|upkeep
|turn|5
|
|t:|1760745388
|switch|p1a: Slowbro|Slowbro, F|100/100
|move|p2a: Mamoswine|Curse|p2a: Mamoswine
|-unboost|p2a: Mamoswine|spe|1
|-boost|p2a: Mamoswine|atk|1
|-boost|p2a: Mamoswine|def|1
|
|upkeep
|turn|6
|
|t:|1760745397
|switch|p2a: Ogerpon|Ogerpon-Wellspring, F|100/100
|move|p1a: Slowbro|Scald|p2a: Ogerpon
|-immune|p2a: Ogerpon|[from] ability: Water Absorb
|
|upkeep
|turn|7
|
|t:|1760745412
|move|p2a: Ogerpon|Swords Dance|p2a: Ogerpon
|-boost|p2a: Ogerpon|atk|2
|move|p1a: Slowbro|Psychic|p2a: Ogerpon
|-damage|p2a: Ogerpon|54/100
|
|upkeep
|turn|8
|
|t:|1760745438
|-terastallize|p1a: Slowbro|Grass
|move|p2a: Ogerpon|Horn Leech|p1a: Slowbro
|-resisted|p1a: Slowbro
|-damage|p1a: Slowbro|63/100
|-heal|p2a: Ogerpon|78/100|[from] drain|[of] p1a: Slowbro
|move|p1a: Slowbro|Psychic|p2a: Ogerpon
|-crit|p2a: Ogerpon
|-damage|p2a: Ogerpon|0 fnt
|faint|p2a: Ogerpon
|
|-heal|p1a: Slowbro|69/100|[from] item: Leftovers
|upkeep
|
|t:|1760745457
|switch|p2a: Tornadus|Tornadus-Therian, M|100/100
|turn|9
|
|t:|1760745464
|switch|p1a: Registeel|Registeel|100/100
|move|p2a: Tornadus|Knock Off|p1a: Registeel
|-damage|p1a: Registeel|88/100
|-enditem|p1a: Registeel|Leftovers|[from] move: Knock Off|[of] p2a: Tornadus
|
|upkeep
|turn|10
|
|t:|1760745471
|move|p2a: Tornadus|Focus Blast|p1a: Registeel|[miss]
|-miss|p2a: Tornadus|p1a: Registeel
|move|p1a: Registeel|Stealth Rock|p2a: Tornadus
|-sidestart|p2: MicrowaveHeart|move: Stealth Rock
|
|upkeep
|turn|11
|
|t:|1760745488
|switch|p1a: Slowbro|Slowbro, F, tera:Grass|100/100
|move|p2a: Tornadus|U-turn|p1a: Slowbro
|-supereffective|p1a: Slowbro
|-damage|p1a: Slowbro|79/100
|
|t:|1760745497
|switch|p2a: Mamoswine|Mamoswine, F, shiny|100/100|[from] U-turn
|-damage|p2a: Mamoswine|88/100|[from] Stealth Rock
|
|-heal|p1a: Slowbro|85/100|[from] item: Leftovers
|upkeep
|turn|12
|
|t:|1760745514
|switch|p1a: Registeel|Registeel|88/100
|move|p2a: Mamoswine|Icicle Crash|p1a: Registeel
|-resisted|p1a: Registeel
|-crit|p1a: Registeel
|-damage|p1a: Registeel|68/100
|
|upkeep
|turn|13
|
|t:|1760745527
|move|p2a: Mamoswine|Earthquake|p1a: Registeel
|-supereffective|p1a: Registeel
|-damage|p1a: Registeel|4/100
|move|p1a: Registeel|Body Press|p2a: Mamoswine
|-supereffective|p2a: Mamoswine
|-damage|p2a: Mamoswine|32/100
|
|upkeep
|turn|14
|inactive|will-i-am2 has 120 seconds left.
|
|t:|1760745569
|move|p2a: Mamoswine|Icicle Crash|p1a: Registeel
|-resisted|p1a: Registeel
|-damage|p1a: Registeel|0 fnt
|faint|p1a: Registeel
|
|upkeep
|
|t:|1760745571
|switch|p1a: Hydreigon|Hydreigon, F|100/100
|turn|15
|
|t:|1760745588
|switch|p2a: Tornadus|Tornadus-Therian, M|100/100
|-damage|p2a: Tornadus|75/100|[from] Stealth Rock
|move|p1a: Hydreigon|Dark Pulse|p2a: Tornadus
|-damage|p2a: Tornadus|49/100
|
|upkeep
|turn|16
|inactive|will-i-am2 has 120 seconds left.
|
|t:|1760745618
|move|p2a: Tornadus|U-turn|p1a: Hydreigon
|-supereffective|p1a: Hydreigon
|-damage|p1a: Hydreigon|67/100
|
|t:|1760745623
|switch|p2a: Iron Treads|Iron Treads|100/100|[from] U-turn
|-damage|p2a: Iron Treads|97/100|[from] Stealth Rock
|move|p1a: Hydreigon|Draco Meteor|p2a: Iron Treads
|-resisted|p2a: Iron Treads
|-damage|p2a: Iron Treads|69/100
|-unboost|p1a: Hydreigon|spa|2
|
|-heal|p2a: Iron Treads|75/100|[from] item: Leftovers
|upkeep
|turn|17
|
|t:|1760745634
|switch|p1a: Slowbro|Slowbro, F, tera:Grass|100/100
|move|p2a: Iron Treads|Rapid Spin|p1a: Slowbro
|-damage|p1a: Slowbro|91/100
|-boost|p2a: Iron Treads|spe|1
|-sideend|p2: MicrowaveHeart|Stealth Rock|[from] move: Rapid Spin|[of] p2a: Iron Treads
|
|-heal|p2a: Iron Treads|82/100|[from] item: Leftovers
|-heal|p1a: Slowbro|97/100|[from] item: Leftovers
|upkeep
|turn|18
|
|t:|1760745651
|move|p2a: Iron Treads|Stealth Rock|p1a: Slowbro
|-sidestart|p1: will-i-am2|move: Stealth Rock
|move|p1a: Slowbro|Scald|p2a: Iron Treads
|-supereffective|p2a: Iron Treads
|-damage|p2a: Iron Treads|24/100
|
|-heal|p2a: Iron Treads|30/100|[from] item: Leftovers
|-heal|p1a: Slowbro|100/100|[from] item: Leftovers
|upkeep
|turn|19
|inactive|will-i-am2 has 120 seconds left.
|
|t:|1760745669
|move|p2a: Iron Treads|Knock Off|p1a: Slowbro
|-damage|p1a: Slowbro|82/100
|-enditem|p1a: Slowbro|Leftovers|[from] move: Knock Off|[of] p2a: Iron Treads
|move|p1a: Slowbro|Scald|p2a: Iron Treads
|-supereffective|p2a: Iron Treads
|-damage|p2a: Iron Treads|0 fnt
|faint|p2a: Iron Treads
|-end|p2a: Iron Treads|Quark Drive|[silent]
|
|upkeep
|
|t:|1760745679
|switch|p2a: Tornadus|Tornadus-Therian, M|82/100
|turn|20
|inactive|will-i-am2 has 120 seconds left.
|
|t:|1760745685
|switch|p1a: Mandibuzz|Mandibuzz, F|94/100 brn
|-damage|p1a: Mandibuzz|70/100 brn|[from] Stealth Rock
|move|p2a: Tornadus|Bleakwind Storm|p1a: Mandibuzz
|-damage|p1a: Mandibuzz|38/100 brn
|-unboost|p1a: Mandibuzz|spe|1
|
|-damage|p1a: Mandibuzz|31/100 brn|[from] brn
|upkeep
|turn|21
|
|t:|1760745700
|move|p2a: Tornadus|Bleakwind Storm|p1a: Mandibuzz
|-damage|p1a: Mandibuzz|0 fnt
|faint|p1a: Mandibuzz
|
|upkeep
|inactive|will-i-am2 has 120 seconds left.
|
|t:|1760745723
|switch|p1a: Mamoswine|Mamoswine, M|100/100
|-damage|p1a: Mamoswine|88/100|[from] Stealth Rock
|turn|22
|inactive|will-i-am2 has 120 seconds left.
|
|t:|1760745737
|switch|p2a: Incineroar|Incineroar, M|66/100
|-ability|p2a: Incineroar|Intimidate|boost
|-unboost|p1a: Mamoswine|atk|1
|move|p1a: Mamoswine|Ice Shard|p2a: Incineroar
|-resisted|p2a: Incineroar
|-damage|p2a: Incineroar|57/100
|
|upkeep
|turn|23
|
|t:|1760745746
|switch|p1a: Slowbro|Slowbro, F, tera:Grass|100/100
|-damage|p1a: Slowbro|88/100|[from] Stealth Rock
|move|p2a: Incineroar|Parting Shot|p1a: Slowbro
|-unboost|p1a: Slowbro|atk|1
|-unboost|p1a: Slowbro|spa|1
|
|t:|1760745758
|switch|p2a: Mamoswine|Mamoswine, F, shiny|32/100|[from] Parting Shot
|
|upkeep
|turn|24
|
|t:|1760745768
|switch|p1a: Mamoswine|Mamoswine, M|88/100
|-damage|p1a: Mamoswine|76/100|[from] Stealth Rock
|move|p2a: Mamoswine|Icicle Crash|p1a: Mamoswine
|-damage|p1a: Mamoswine|50/100
|
|upkeep
|turn|25
|
|t:|1760745782
|switch|p2a: Incineroar|Incineroar, M|57/100
|-ability|p2a: Incineroar|Intimidate|boost
|-unboost|p1a: Mamoswine|atk|1
|move|p1a: Mamoswine|Earthquake|p2a: Incineroar
|-supereffective|p2a: Incineroar
|-damage|p2a: Incineroar|0 fnt
|faint|p2a: Incineroar
|
|upkeep
|
|t:|1760745797
|switch|p2a: Tornadus|Tornadus-Therian, M|100/100
|turn|26
|
|t:|1760745825
|switch|p1a: Slowbro|Slowbro, F, tera:Grass|100/100
|-damage|p1a: Slowbro|88/100|[from] Stealth Rock
|move|p2a: Tornadus|Focus Blast|p1a: Slowbro|[miss]
|-miss|p2a: Tornadus|p1a: Slowbro
|
|upkeep
|turn|27
|
|t:|1760745836
|move|p2a: Tornadus|Bleakwind Storm|p1a: Slowbro
|-supereffective|p1a: Slowbro
|-damage|p1a: Slowbro|13/100
|move|p1a: Slowbro|Scald|p2a: Tornadus
|-damage|p2a: Tornadus|76/100
|
|upkeep
|turn|28
|
|t:|1760745844
|move|p2a: Tornadus|Bleakwind Storm|p1a: Slowbro
|-supereffective|p1a: Slowbro
|-damage|p1a: Slowbro|0 fnt
|faint|p1a: Slowbro
|
|upkeep
|
|t:|1760745846
|switch|p1a: Mamoswine|Mamoswine, M|50/100
|-damage|p1a: Mamoswine|37/100|[from] Stealth Rock
|turn|29
|
|t:|1760745860
|move|p2a: Tornadus|Bleakwind Storm|p1a: Mamoswine|[miss]
|-miss|p2a: Tornadus|p1a: Mamoswine
|move|p1a: Mamoswine|Earthquake|p2a: Tornadus
|-immune|p2a: Tornadus
|
|upkeep
|turn|30
|
|t:|1760745869
|switch|p1a: Hydreigon|Hydreigon, F|67/100
|-damage|p1a: Hydreigon|55/100|[from] Stealth Rock
|move|p2a: Tornadus|Bleakwind Storm|p1a: Hydreigon|[miss]
|-miss|p2a: Tornadus|p1a: Hydreigon
|
|upkeep
|turn|31
|
|t:|1760745880
|move|p2a: Tornadus|Bleakwind Storm|p1a: Hydreigon
|-damage|p1a: Hydreigon|9/100
|move|p1a: Hydreigon|Dark Pulse|p2a: Tornadus
|-damage|p2a: Tornadus|51/100
|
|upkeep
|turn|32
|
|t:|1760745888
|move|p2a: Tornadus|U-turn|p1a: Hydreigon
|-supereffective|p1a: Hydreigon
|-damage|p1a: Hydreigon|0 fnt
|faint|p1a: Hydreigon
|
|t:|1760745892
|switch|p2a: Gholdengo|Gholdengo|100/100|[from] U-turn
|
|upkeep
|
|t:|1760745895
|switch|p1a: Ambipom|Ambipom, M|100/100
|-damage|p1a: Ambipom|88/100|[from] Stealth Rock
|turn|33
|
|t:|1760745902
|-terastallize|p2a: Gholdengo|Fairy
|move|p1a: Ambipom|Knock Off|p2a: Gholdengo
|-resisted|p2a: Gholdengo
|-damage|p2a: Gholdengo|91/100
|-enditem|p2a: Gholdengo|Leftovers|[from] move: Knock Off|[of] p1a: Ambipom
|move|p2a: Gholdengo|Thunder Wave|p1a: Ambipom
|-status|p1a: Ambipom|par
|
|upkeep
|turn|34
|
|t:|1760745915
|move|p2a: Gholdengo|Make It Rain|p1a: Ambipom
|-damage|p1a: Ambipom|5/100 par
|-unboost|p2a: Gholdengo|spa|1
|cant|p1a: Ambipom|par
|
|upkeep
|turn|35
|inactive|will-i-am2 has 120 seconds left.
|
|t:|1760745962
|switch|p2a: Mamoswine|Mamoswine, F, shiny|32/100
|switch|p1a: Mamoswine|Mamoswine, M|37/100
|-damage|p1a: Mamoswine|25/100|[from] Stealth Rock
|
|upkeep
|turn|36
|
|t:|1760745977
|move|p1a: Mamoswine|Icicle Crash|p2a: Mamoswine
|-damage|p2a: Mamoswine|0 fnt
|faint|p2a: Mamoswine
|
|upkeep
|
|t:|1760745980
|switch|p2a: Gholdengo|Gholdengo, tera:Fairy|91/100
|turn|37
|inactive|will-i-am2 has 120 seconds left.
|
|t:|1760745986
|move|p1a: Mamoswine|Icicle Crash|p2a: Gholdengo
|-damage|p2a: Gholdengo|41/100
|move|p2a: Gholdengo|Make It Rain|p1a: Mamoswine
|-supereffective|p1a: Mamoswine
|-damage|p1a: Mamoswine|0 fnt
|-unboost|p2a: Gholdengo|spa|1
|faint|p1a: Mamoswine
|
|upkeep
|l|☆will-i-am2
|inactive|will-i-am2 disconnected and has a minute to reconnect!
|player|p1|
|inactive|will-i-am2 has 30 seconds to reconnect!
|inactive|will-i-am2 has 20 seconds to reconnect!
|inactive|will-i-am2 has 15 seconds to reconnect!
|inactive|will-i-am2 has 10 seconds to reconnect!
|inactive|will-i-am2 has 5 seconds to reconnect!
|-message|will-i-am2 lost due to inactivity.
|
|win|MicrowaveHeart
|raw|will-i-am2's rating: 1563 &rarr; <strong>1546</strong><br />(-17 for losing)
|raw|MicrowaveHeart's rating: 1618 &rarr; <strong>1635</strong><br />(+17 for winning)
|l|☆MicrowaveHeart
|player|p2|
