|j|☆apjkds
|j|☆Log God Neo✈️_✈️
|t:|1760752010
|gametype|singles
|player|p1|apjkds|101|1554
|player|p2|Log God Neo✈️_✈️|medium|1555
|gen|9
|tier|[Gen 9] OU
|rated|
|rule|HP Percentage Mod: HP is shown in percentages
|rule|Endless Battle Clause: Forcing endless battles is banned
|rule|Species Clause: Limit one of each Pokémon
|rule|OHKO Clause: OHKO moves are banned
|rule|Evasion Items Clause: Evasion items are banned
|rule|Evasion Moves Clause: Evasion moves are banned
|rule|Evasion Abilities Clause: Evasion abilities are banned
|rule|Sleep Moves Clause: Sleep-inducing moves are banned
|clearpoke
|poke|p1|Ribombee, M|
|poke|p1|Samurott-Hisui, F|
|poke|p1|Iron Valiant|
|poke|p1|Zamazenta-*|
|poke|p1|Gholdengo|
|poke|p1|Iron Moth|
|poke|p2|Tyranitar, F|
|poke|p2|Iron Moth|
|poke|p2|Staraptor, F|
|poke|p2|Garchomp, F|
|poke|p2|Torkoal, M|
|poke|p2|Dragonite, M|
|teampreview
|inactive|Battle timer is ON: inactive players will automatically lose when time's up. (requested by Log God Neo✈️_✈️)
|
|t:|1760752031
|teamsize|p1|6
|teamsize|p2|6
|start
|switch|p1a: Ribombee|Ribombee, M|100/100
|switch|p2a: DA LAST REX(3005)|Tyranitar, F|100/100
|-weather|Sandstorm|[from] ability: Sand Stream|[of] p2a: DA LAST REX(3005)
|turn|1
|inactive|apjkds has 120 seconds left.
|
|t:|1760752072
|move|p1a: Ribombee|Sticky Web|p2a: DA LAST REX(3005)
|-sidestart|p2: Log God Neo✈️_✈️|move: Sticky Web
|move|p2a: DA LAST REX(3005)|Heavy Slam|p1a: Ribombee
|-supereffective|p1a: Ribombee
|-enditem|p1a: Ribombee|Focus Sash
|-damage|p1a: Ribombee|1/100
|
|-weather|Sandstorm|[upkeep]
|-damage|p1a: Ribombee|0 fnt|[from] Sandstorm
|faint|p1a: Ribombee
|upkeep
|inactive|apjkds has 90 seconds left.
|
|t:|1760752119
|switch|p1a: Musashi's Scallop|Samurott-Hisui, F|100/100
|turn|2
|
|t:|1760752145
|switch|p2a: BLITZ SOME OPPS|Garchomp, F|100/100
|-activate|p2a: BLITZ SOME OPPS|move: Sticky Web
|-unboost|p2a: BLITZ SOME OPPS|spe|1
|move|p1a: Musashi's Scallop|Razor Shell|p2a: BLITZ SOME OPPS
|-damage|p2a: BLITZ SOME OPPS|63/100
|-damage|p1a: Musashi's Scallop|88/100|[from] ability: Rough Skin|[of] p2a: BLITZ SOME OPPS
|-damage|p1a: Musashi's Scallop|72/100|[from] item: Rocky Helmet|[of] p2a: BLITZ SOME OPPS
|
|-weather|Sandstorm|[upkeep]
|-damage|p1a: Musashi's Scallop|65/100|[from] Sandstorm
|upkeep
|turn|3
|
|t:|1760752168
|move|p1a: Musashi's Scallop|Ceaseless Edge|p2a: BLITZ SOME OPPS
|-crit|p2a: BLITZ SOME OPPS
|-damage|p2a: BLITZ SOME OPPS|6/100
|-damage|p1a: Musashi's Scallop|53/100|[from] ability: Rough Skin|[of] p2a: BLITZ SOME OPPS
|-damage|p1a: Musashi's Scallop|37/100|[from] item: Rocky Helmet|[of] p2a: BLITZ SOME OPPS
|-sidestart|p2: Log God Neo✈️_✈️|Spikes
|move|p2a: BLITZ SOME OPPS|Stealth Rock|p1a: Musashi's Scallop
|-sidestart|p1: apjkds|move: Stealth Rock
|
|-weather|Sandstorm|[upkeep]
|-damage|p1a: Musashi's Scallop|30/100|[from] Sandstorm
|upkeep
|turn|4
|
|t:|1760752182
|move|p1a: Musashi's Scallop|Ceaseless Edge|p2a: BLITZ SOME OPPS
|-damage|p2a: BLITZ SOME OPPS|0 fnt
|-damage|p1a: Musashi's Scallop|18/100|[from] ability: Rough Skin|[of] p2a: BLITZ SOME OPPS
|-damage|p1a: Musashi's Scallop|1/100|[from] item: Rocky Helmet|[of] p2a: BLITZ SOME OPPS
|-sidestart|p2: Log God Neo✈️_✈️|Spikes
|faint|p2a: BLITZ SOME OPPS
|
|-weather|Sandstorm|[upkeep]
|-damage|p1a: Musashi's Scallop|0 fnt|[from] Sandstorm
|faint|p1a: Musashi's Scallop
|upkeep
|inactive|apjkds has 60 seconds left.
|
|t:|1760752197
|switch|p1a: Goldilocks|Gholdengo|100/100
|switch|p2a: BIRD JESUS|Staraptor, F, shiny|100/100
|-damage|p1a: Goldilocks|94/100|[from] Stealth Rock
|-item|p1a: Goldilocks|Air Balloon
|turn|5
|inactive|apjkds has 60 seconds left.
|
|t:|1760752227
|move|p2a: BIRD JESUS|Brave Bird|p1a: Goldilocks
|-resisted|p1a: Goldilocks
|-damage|p1a: Goldilocks|31/100
|-enditem|p1a: Goldilocks|Air Balloon
|-damage|p2a: BIRD JESUS|79/100|[from] Recoil
|move|p1a: Goldilocks|Dazzling Gleam|p2a: BIRD JESUS
|-damage|p2a: BIRD JESUS|34/100
|
|-weather|none
|upkeep
|turn|6
|inactive|apjkds has 30 seconds left.
|inactive|apjkds has 20 seconds left.
|inactive|apjkds has 15 seconds left.
|inactive|apjkds has 10 seconds left.
|inactiveoff|Battle timer is now OFF.
|
|t:|1760752288
|move|p2a: BIRD JESUS|Brave Bird|p1a: Goldilocks
|-resisted|p1a: Goldilocks
|-damage|p1a: Goldilocks|0 fnt
|faint|p1a: Goldilocks
|-damage|p2a: BIRD JESUS|23/100|[from] Recoil
|
|upkeep
|inactive|Battle timer is ON: inactive players will automatically lose when time's up. (requested by apjkds)
|inactive|apjkds has 15 seconds left this turn.
|
|t:|1760752295
|switch|p1a: Zamazenta|Zamazenta|100/100
|-damage|p1a: Zamazenta|94/100|[from] Stealth Rock
|-ability|p1a: Zamazenta|Dauntless Shield|boost
|-boost|p1a: Zamazenta|def|1
|turn|7
|inactive|apjkds has 25 seconds left this turn.
|inactive|apjkds has 20 seconds left.
|
|t:|1760752302
|move|p1a: Zamazenta|Iron Defense|p1a: Zamazenta
|-boost|p1a: Zamazenta|def|2
|move|p2a: BIRD JESUS|Brave Bird|p1a: Zamazenta
|-supereffective|p1a: Zamazenta
|-damage|p1a: Zamazenta|18/100
|-damage|p2a: BIRD JESUS|0 fnt|[from] Recoil
|faint|p2a: BIRD JESUS
|
|-heal|p1a: Zamazenta|24/100|[from] item: Leftovers
|upkeep
|
|t:|1760752304
|switch|p2a: OVO CHUBBS|Torkoal, M|100/100
|-weather|SunnyDay|[from] ability: Drought|[of] p2a: OVO CHUBBS
|turn|8
|inactive|apjkds has 30 seconds left.
|
|t:|1760752314
|move|p1a: Zamazenta|Body Press|p2a: OVO CHUBBS
|-crit|p2a: OVO CHUBBS
|-damage|p2a: OVO CHUBBS|23/100
|move|p2a: OVO CHUBBS|Lava Plume|p1a: Zamazenta
|-crit|p1a: Zamazenta
|-damage|p1a: Zamazenta|0 fnt
|faint|p1a: Zamazenta
|
|-weather|SunnyDay|[upkeep]
|upkeep
|inactive|apjkds has 30 seconds left this turn.
|
|t:|1760752322
|switch|p1a: Iron Moth|Iron Moth|100/100
|-damage|p1a: Iron Moth|76/100|[from] Stealth Rock
|-enditem|p1a: Iron Moth|Booster Energy
|-activate|p1a: Iron Moth|ability: Quark Drive|[fromitem]
|-start|p1a: Iron Moth|quarkdrivespa
|turn|9
|inactive|apjkds has 30 seconds left.
|inactive|apjkds has 20 seconds left.
|inactive|apjkds has 15 seconds left.
|inactive|apjkds has 10 seconds left.
|inactive|apjkds has 5 seconds left.
|-message|apjkds lost due to inactivity.
|
|win|Log God Neo✈️_✈️
|raw|apjkds's rating: 1554 &rarr; <strong>1534</strong><br />(-20 for losing)
|raw|Log God Neo✈️_✈️'s rating: 1555 &rarr; <strong>1575</strong><br />(+20 for winning)
|l|☆apjkds
|player|p1|
|l|☆Log God Neo✈️_✈️
|player|p2|
