|j|☆mightynoctowl
|j|☆ip_zz
|t:|1760848740
|gametype|singles
|player|p1|mightynoctowl|169|1275
|player|p2|ip_zz|koga-lgpe|1267
|gen|9
|tier|[Gen 9] OU
|rated|
|rule|HP Percentage Mod: HP is shown in percentages
|rule|Endless Battle Clause: Forcing endless battles is banned
|rule|Species Clause: Limit one of each Pokémon
|rule|OHKO Clause: OHKO moves are banned
|rule|Evasion Items Clause: Evasion items are banned
|rule|Evasion Moves Clause: Evasion moves are banned
|rule|Evasion Abilities Clause: Evasion abilities are banned
|rule|Sleep Moves Clause: Sleep-inducing moves are banned
|clearpoke
|poke|p1|Moltres|
|poke|p1|Chansey, F|
|poke|p1|Clefable, F|
|poke|p1|Hitmonlee, M|
|poke|p1|Sandslash, F|
|poke|p1|Vileplume, F|
|poke|p2|Greninja-*, M|
|poke|p2|Toxtricity, M|
|poke|p2|Munkidori, M|
|poke|p2|Tentacruel, M|
|poke|p2|Amoonguss, M|
|poke|p2|Slowbro-Galar, M|
|teampreview
|inactive|Battle timer is ON: inactive players will automatically lose when time's up. (requested by mightynoctowl)
|
|t:|1760848759
|teamsize|p1|6
|teamsize|p2|6
|start
|switch|p1a: Chansey|Chansey, F|100/100
|switch|p2a: Munkidori|Munkidori, M|100/100
|turn|1
|
|t:|1760848765
|move|p2a: Munkidori|Parting Shot|p1a: Chansey
|-unboost|p1a: Chansey|atk|1
|-unboost|p1a: Chansey|spa|1
|
|t:|1760848772
|switch|p2a: Toxtricity|Toxtricity, M|100/100|[from] Parting Shot
|-item|p2a: Toxtricity|Air Balloon
|move|p1a: Chansey|Stealth Rock|p2a: Toxtricity
|-sidestart|p2: ip_zz|move: Stealth Rock
|
|upkeep
|turn|2
|
|t:|1760848781
|move|p2a: Toxtricity|Shift Gear|p2a: Toxtricity
|-boost|p2a: Toxtricity|spe|2
|-boost|p2a: Toxtricity|atk|1
|move|p1a: Chansey|Seismic Toss|p2a: Toxtricity
|-damage|p2a: Toxtricity|69/100
|-enditem|p2a: Toxtricity|Air Balloon
|
|upkeep
|turn|3
|
|t:|1760848794
|move|p2a: Toxtricity|Poison Tail|p1a: Chansey
|-damage|p1a: Chansey|62/100
|move|p1a: Chansey|Seismic Toss|p2a: Toxtricity
|-damage|p2a: Toxtricity|38/100
|
|upkeep
|turn|4
|
|t:|1760848800
|switch|p1a: Sandslash|Sandslash, F|100/100
|move|p2a: Toxtricity|Poison Tail|p1a: Sandslash
|-resisted|p1a: Sandslash
|-damage|p1a: Sandslash|82/100
|
|-heal|p1a: Sandslash|88/100|[from] item: Leftovers
|upkeep
|turn|5
|
|t:|1760848807
|-terastallize|p2a: Toxtricity|Grass
|move|p2a: Toxtricity|Trailblaze|p1a: Sandslash
|-supereffective|p1a: Sandslash
|-damage|p1a: Sandslash|15/100
|-boost|p2a: Toxtricity|spe|1
|move|p1a: Sandslash|Earthquake|p2a: Toxtricity
|-resisted|p2a: Toxtricity
|-damage|p2a: Toxtricity|15/100
|
|-heal|p1a: Sandslash|21/100|[from] item: Leftovers
|upkeep
|turn|6
|inactive|ip_zz has 120 seconds left.
|
|t:|1760848841
|switch|p1a: Vileplume|Vileplume, F|100/100
|move|p2a: Toxtricity|Trailblaze|p1a: Vileplume
|-resisted|p1a: Vileplume
|-damage|p1a: Vileplume|91/100
|-boost|p2a: Toxtricity|spe|1
|
|-heal|p1a: Vileplume|97/100|[from] item: Leftovers
|upkeep
|turn|7
|
|t:|1760848851
|move|p2a: Toxtricity|Thunder Punch|p1a: Vileplume
|-resisted|p1a: Vileplume
|-damage|p1a: Vileplume|77/100
|move|p1a: Vileplume|Sludge Bomb|p2a: Toxtricity
|-supereffective|p2a: Toxtricity
|-damage|p2a: Toxtricity|0 fnt
|faint|p2a: Toxtricity
|
|-heal|p1a: Vileplume|83/100|[from] item: Leftovers
|upkeep
|
|t:|1760848860
|switch|p2a: Tentacruel|Tentacruel, M|100/100
|-damage|p2a: Tentacruel|88/100|[from] Stealth Rock
|turn|8
|
|t:|1760848879
|move|p2a: Tentacruel|Rapid Spin|p1a: Vileplume
|-damage|p1a: Vileplume|78/100
|-boost|p2a: Tentacruel|spe|1
|-sideend|p2: ip_zz|Stealth Rock|[from] move: Rapid Spin|[of] p2a: Tentacruel
|move|p1a: Vileplume|Leech Seed|p2a: Tentacruel
|-start|p2a: Tentacruel|move: Leech Seed
|
|-heal|p2a: Tentacruel|94/100|[from] item: Leftovers
|-heal|p1a: Vileplume|84/100|[from] item: Leftovers
|-damage|p2a: Tentacruel|82/100|[from] Leech Seed|[of] p1a: Vileplume
|-heal|p1a: Vileplume|97/100|[silent]
|upkeep
|turn|9
|
|t:|1760848893
|switch|p2a: Munkidori|Munkidori, M|100/100
|move|p1a: Vileplume|Giga Drain|p2a: Munkidori
|-resisted|p2a: Munkidori
|-damage|p2a: Munkidori|84/100
|-heal|p1a: Vileplume|100/100|[from] drain|[of] p2a: Munkidori
|
|upkeep
|turn|10
|
|t:|1760848901
|switch|p1a: Chansey|Chansey, F|62/100
|move|p2a: Munkidori|Psychic|p1a: Chansey
|-damage|p1a: Chansey|48/100
|
|upkeep
|turn|11
|
|t:|1760848908
|move|p2a: Munkidori|Sludge Bomb|p1a: Chansey
|-damage|p1a: Chansey|36/100
|-status|p1a: Chansey|psn
|move|p1a: Chansey|Stealth Rock|p2a: Munkidori
|-sidestart|p2: ip_zz|move: Stealth Rock
|
|-damage|p1a: Chansey|23/100 psn|[from] psn
|upkeep
|turn|12
|
|t:|1760848914
|move|p2a: Munkidori|Parting Shot|p1a: Chansey
|-unboost|p1a: Chansey|atk|1
|-unboost|p1a: Chansey|spa|1
|
|t:|1760848917
|switch|p2a: Tentacruel|Tentacruel, M|82/100|[from] Parting Shot
|-damage|p2a: Tentacruel|69/100|[from] Stealth Rock
|move|p1a: Chansey|Thunder Wave|p2a: Tentacruel
|-status|p2a: Tentacruel|par
|
|-heal|p2a: Tentacruel|75/100 par|[from] item: Leftovers
|-damage|p1a: Chansey|11/100 psn|[from] psn
|upkeep
|turn|13
|
|t:|1760848927
|move|p1a: Chansey|Soft-Boiled|p1a: Chansey
|-heal|p1a: Chansey|61/100 psn
|move|p2a: Tentacruel|Rapid Spin|p1a: Chansey
|-damage|p1a: Chansey|56/100 psn
|-boost|p2a: Tentacruel|spe|1
|-sideend|p2: ip_zz|Stealth Rock|[from] move: Rapid Spin|[of] p2a: Tentacruel
|
|-heal|p2a: Tentacruel|82/100 par|[from] item: Leftovers
|-damage|p1a: Chansey|43/100 psn|[from] psn
|upkeep
|turn|14
|
|t:|1760848935
|switch|p2a: Slowbro|Slowbro-Galar, M|100/100
|move|p1a: Chansey|Soft-Boiled|p1a: Chansey
|-heal|p1a: Chansey|93/100 psn
|
|-damage|p1a: Chansey|81/100 psn|[from] psn
|upkeep
|turn|15
|-activate|p2a: Slowbro|ability: Quick Draw
|
|t:|1760848946
|move|p2a: Slowbro|Shell Side Arm|p1a: Chansey|[anim] Shell Side Arm Physical
|-damage|p1a: Chansey|54/100 psn
|-hint|Physical Shell Side Arm
|move|p1a: Chansey|Thunder Wave|p2a: Slowbro
|-status|p2a: Slowbro|par
|
|-damage|p1a: Chansey|42/100 psn|[from] psn
|upkeep
|turn|16
|
|t:|1760848955
|move|p1a: Chansey|Soft-Boiled|p1a: Chansey
|-heal|p1a: Chansey|92/100 psn
|move|p2a: Slowbro|Shell Side Arm|p1a: Chansey|[anim] Shell Side Arm Physical
|-damage|p1a: Chansey|63/100 psn
|-hint|Physical Shell Side Arm
|
|-damage|p1a: Chansey|50/100 psn|[from] psn
|upkeep
|turn|17
|-activate|p2a: Slowbro|ability: Quick Draw
|
|t:|1760848964
|move|p2a: Slowbro|Shell Side Arm|p1a: Chansey|[anim] Shell Side Arm Physical
|-damage|p1a: Chansey|20/100 psn
|-hint|Physical Shell Side Arm
|move|p1a: Chansey|Stealth Rock|p2a: Slowbro
|-sidestart|p2: ip_zz|move: Stealth Rock
|
|-damage|p1a: Chansey|7/100 psn|[from] psn
|upkeep
|turn|18
|-activate|p2a: Slowbro|item: Quick Claw
|
|t:|1760848973
|cant|p2a: Slowbro|par
|move|p1a: Chansey|Soft-Boiled|p1a: Chansey
|-heal|p1a: Chansey|57/100 psn
|
|-damage|p1a: Chansey|45/100 psn|[from] psn
|upkeep
|turn|19
|-activate|p2a: Slowbro|ability: Quick Draw
|
|t:|1760848976
|cant|p2a: Slowbro|par
|move|p1a: Chansey|Soft-Boiled|p1a: Chansey
|-heal|p1a: Chansey|95/100 psn
|
|-damage|p1a: Chansey|83/100 psn|[from] psn
|upkeep
|turn|20
|
|t:|1760848993
|-curestatus|p1a: Chansey|psn|[from] ability: Natural Cure
|switch|p1a: Vileplume|Vileplume, F|100/100
|move|p2a: Slowbro|Shell Side Arm|p1a: Vileplume|[anim] Shell Side Arm Physical
|-damage|p1a: Vileplume|68/100
|-hint|Physical Shell Side Arm
|
|-heal|p1a: Vileplume|75/100|[from] item: Leftovers
|upkeep
|turn|21
|
|t:|1760849003
|switch|p2a: Tentacruel|Tentacruel, M|82/100 par
|-damage|p2a: Tentacruel|69/100 par|[from] Stealth Rock
|move|p1a: Vileplume|Leech Seed|p2a: Tentacruel
|-start|p2a: Tentacruel|move: Leech Seed
|
|-heal|p1a: Vileplume|81/100|[from] item: Leftovers
|-heal|p2a: Tentacruel|75/100 par|[from] item: Leftovers
|-damage|p2a: Tentacruel|63/100 par|[from] Leech Seed|[of] p1a: Vileplume
|-heal|p1a: Vileplume|93/100|[silent]
|upkeep
|turn|22
|
|t:|1760849015
|move|p1a: Vileplume|Giga Drain|p2a: Tentacruel
|-damage|p2a: Tentacruel|46/100 par
|-heal|p1a: Vileplume|100/100|[from] drain|[of] p2a: Tentacruel
|move|p2a: Tentacruel|Rapid Spin|p1a: Vileplume
|-damage|p1a: Vileplume|94/100
|-boost|p2a: Tentacruel|spe|1
|-end|p2a: Tentacruel|Leech Seed|[from] move: Rapid Spin|[of] p2a: Tentacruel
|-sideend|p2: ip_zz|Stealth Rock|[from] move: Rapid Spin|[of] p2a: Tentacruel
|
|-heal|p2a: Tentacruel|52/100 par|[from] item: Leftovers
|-heal|p1a: Vileplume|100/100|[from] item: Leftovers
|upkeep
|turn|23
|
|t:|1760849034
|switch|p2a: Munkidori|Munkidori, M|84/100
|move|p1a: Vileplume|Leech Seed|p2a: Munkidori
|-start|p2a: Munkidori|move: Leech Seed
|
|-damage|p2a: Munkidori|72/100|[from] Leech Seed|[of] p1a: Vileplume
|upkeep
|turn|24
|
|t:|1760849044
|switch|p1a: Chansey|Chansey, F|83/100
|move|p2a: Munkidori|Parting Shot|p1a: Chansey
|-unboost|p1a: Chansey|atk|1
|-unboost|p1a: Chansey|spa|1
|
|t:|1760849052
|switch|p2a: Greninja|Greninja, M|100/100|[from] Parting Shot
|
|upkeep
|turn|25
|
|t:|1760849060
|move|p2a: Greninja|Sludge Wave|p1a: Chansey
|-start|p2a: Greninja|typechange|Poison|[from] ability: Protean
|-damage|p1a: Chansey|66/100
|move|p1a: Chansey|Thunder Wave|p2a: Greninja|[miss]
|-miss|p1a: Chansey|p2a: Greninja
|
|upkeep
|turn|26
|
|t:|1760849071
|switch|p2a: Slowbro|Slowbro-Galar, M|100/100 par
|move|p1a: Chansey|Stealth Rock|p2a: Slowbro
|-sidestart|p2: ip_zz|move: Stealth Rock
|
|upkeep
|turn|27
|
|t:|1760849084
|switch|p1a: Vileplume|Vileplume, F|100/100
|move|p2a: Slowbro|Shell Side Arm|p1a: Vileplume|[anim] Shell Side Arm Physical
|-damage|p1a: Vileplume|69/100
|-hint|Physical Shell Side Arm
|
|-heal|p1a: Vileplume|75/100|[from] item: Leftovers
|upkeep
|turn|28
|-activate|p2a: Slowbro|ability: Quick Draw
|
|t:|1760849093
|cant|p2a: Slowbro|par
|move|p1a: Vileplume|Leech Seed|p2a: Slowbro
|-start|p2a: Slowbro|move: Leech Seed
|
|-heal|p1a: Vileplume|82/100|[from] item: Leftovers
|-damage|p2a: Slowbro|88/100 par|[from] Leech Seed|[of] p1a: Vileplume
|-heal|p1a: Vileplume|95/100|[silent]
|upkeep
|turn|29
|
|t:|1760849100
|switch|p1a: Sandslash|Sandslash, F|21/100
|cant|p2a: Slowbro|par
|
|-heal|p1a: Sandslash|27/100|[from] item: Leftovers
|-damage|p2a: Slowbro|76/100 par|[from] Leech Seed|[of] p1a: Sandslash
|-heal|p1a: Sandslash|41/100|[silent]
|upkeep
|turn|30
|-activate|p2a: Slowbro|ability: Quick Draw
|
|t:|1760849114
|move|p2a: Slowbro|Ice Punch|p1a: Sandslash
|-supereffective|p1a: Sandslash
|-damage|p1a: Sandslash|11/100
|move|p1a: Sandslash|Knock Off|p2a: Slowbro
|-supereffective|p2a: Slowbro
|-damage|p2a: Slowbro|36/100 par
|-enditem|p2a: Slowbro|Quick Claw|[from] move: Knock Off|[of] p1a: Sandslash
|
|-heal|p1a: Sandslash|17/100|[from] item: Leftovers
|-damage|p2a: Slowbro|24/100 par|[from] Leech Seed|[of] p1a: Sandslash
|-heal|p1a: Sandslash|31/100|[silent]
|upkeep
|turn|31
|-activate|p2a: Slowbro|ability: Quick Draw
|
|t:|1760849130
|move|p2a: Slowbro|Ice Punch|p1a: Sandslash
|-supereffective|p1a: Sandslash
|-damage|p1a: Sandslash|0 fnt
|faint|p1a: Sandslash
|
|upkeep
|
|t:|1760849140
|switch|p1a: Hitmonlee|Hitmonlee, M|100/100
|turn|32
|
|t:|1760849149
|switch|p2a: Amoonguss|Amoonguss, M|100/100
|-damage|p2a: Amoonguss|88/100|[from] Stealth Rock
|move|p1a: Hitmonlee|Earthquake|p2a: Amoonguss
|-damage|p2a: Amoonguss|56/100
|-damage|p1a: Hitmonlee|91/100|[from] item: Life Orb
|
|upkeep
|turn|33
|
|t:|1760849155
|switch|p1a: Chansey|Chansey, F|66/100
|move|p2a: Amoonguss|Protect||[still]
|-fail|p2a: Amoonguss
|
|upkeep
|turn|34
|
|t:|1760849159
|move|p1a: Chansey|Thunder Wave|p2a: Amoonguss
|-status|p2a: Amoonguss|par
|move|p2a: Amoonguss|Toxic|p1a: Chansey
|-status|p1a: Chansey|tox
|
|-damage|p1a: Chansey|60/100 tox|[from] psn
|upkeep
|turn|35
|
|t:|1760849165
|-curestatus|p1a: Chansey|tox|[from] ability: Natural Cure
|switch|p1a: Moltres|Moltres|100/100
|move|p2a: Amoonguss|Synthesis|p2a: Amoonguss
|-heal|p2a: Amoonguss|100/100 par
|
|upkeep
|turn|36
|
|t:|1760849185
|switch|p2a: Greninja|Greninja, M|100/100
|-damage|p2a: Greninja|88/100|[from] Stealth Rock
|move|p1a: Moltres|Flamethrower|p2a: Greninja
|-resisted|p2a: Greninja
|-damage|p2a: Greninja|59/100
|
|upkeep
|turn|37
|
|t:|1760849192
|switch|p1a: Chansey|Chansey, F|60/100
|move|p2a: Greninja|Surf|p1a: Chansey
|-start|p2a: Greninja|typechange|Water|[from] ability: Protean
|-damage|p1a: Chansey|43/100
|
|upkeep
|turn|38
|
|t:|1760849200
|switch|p2a: Munkidori|Munkidori, M|72/100
|-damage|p2a: Munkidori|60/100|[from] Stealth Rock
|move|p1a: Chansey|Thunder Wave|p2a: Munkidori
|-status|p2a: Munkidori|par
|
|upkeep
|turn|39
|
|t:|1760849207
|move|p2a: Munkidori|Sludge Bomb|p1a: Chansey
|-damage|p1a: Chansey|29/100
|-status|p1a: Chansey|psn
|move|p1a: Chansey|Soft-Boiled|p1a: Chansey
|-heal|p1a: Chansey|79/100 psn
|
|-damage|p1a: Chansey|67/100 psn|[from] psn
|upkeep
|turn|40
|
|t:|1760849218
|switch|p2a: Amoonguss|Amoonguss, M|100/100 par
|-damage|p2a: Amoonguss|88/100 par|[from] Stealth Rock
|move|p1a: Chansey|Seismic Toss|p2a: Amoonguss
|-damage|p2a: Amoonguss|65/100 par
|-damage|p1a: Chansey|50/100 psn|[from] item: Rocky Helmet|[of] p2a: Amoonguss
|
|-damage|p1a: Chansey|38/100 psn|[from] psn
|upkeep
|turn|41
|
|t:|1760849229
|move|p1a: Chansey|Soft-Boiled|p1a: Chansey
|-heal|p1a: Chansey|88/100 psn
|cant|p2a: Amoonguss|par
|
|-damage|p1a: Chansey|75/100 psn|[from] psn
|upkeep
|turn|42
|
|t:|1760849232
|-curestatus|p1a: Chansey|psn|[from] ability: Natural Cure
|switch|p1a: Moltres|Moltres|100/100
|cant|p2a: Amoonguss|par
|
|upkeep
|turn|43
|
|t:|1760849238
|switch|p2a: Tentacruel|Tentacruel, M|52/100 par
|-damage|p2a: Tentacruel|40/100 par|[from] Stealth Rock
|move|p1a: Moltres|Flamethrower|p2a: Tentacruel
|-resisted|p2a: Tentacruel
|-damage|p2a: Tentacruel|30/100 par
|
|-heal|p2a: Tentacruel|36/100 par|[from] item: Leftovers
|upkeep
|turn|44
|
|t:|1760849249
|move|p1a: Moltres|U-turn|p2a: Tentacruel
|-resisted|p2a: Tentacruel
|-damage|p2a: Tentacruel|26/100 par
|
|t:|1760849254
|switch|p1a: Vileplume|Vileplume, F|95/100|[from] U-turn
|move|p2a: Tentacruel|Rapid Spin|p1a: Vileplume
|-damage|p1a: Vileplume|90/100
|-boost|p2a: Tentacruel|spe|1
|-sideend|p2: ip_zz|Stealth Rock|[from] move: Rapid Spin|[of] p2a: Tentacruel
|
|-heal|p2a: Tentacruel|32/100 par|[from] item: Leftovers
|-heal|p1a: Vileplume|96/100|[from] item: Leftovers
|upkeep
|turn|45
|
|t:|1760849261
|switch|p2a: Amoonguss|Amoonguss, M|98/100 par
|move|p1a: Vileplume|Giga Drain|p2a: Amoonguss
|-resisted|p2a: Amoonguss
|-damage|p2a: Amoonguss|92/100 par
|-heal|p1a: Vileplume|99/100|[from] drain|[of] p2a: Amoonguss
|
|-heal|p1a: Vileplume|100/100|[from] item: Leftovers
|upkeep
|turn|46
|
|t:|1760849271
|switch|p1a: Chansey|Chansey, F|75/100
|cant|p2a: Amoonguss|par
|
|upkeep
|turn|47
|
|t:|1760849278
|move|p1a: Chansey|Stealth Rock|p2a: Amoonguss
|-sidestart|p2: ip_zz|move: Stealth Rock
|move|p2a: Amoonguss|Toxic|p1a: Chansey
|-status|p1a: Chansey|tox
|
|-damage|p1a: Chansey|69/100 tox|[from] psn
|upkeep
|turn|48
|
|t:|1760849285
|-curestatus|p1a: Chansey|tox|[from] ability: Natural Cure
|switch|p1a: Moltres|Moltres|100/100
|move|p2a: Amoonguss|Giga Drain|p1a: Moltres
|-resisted|p1a: Moltres
|-damage|p1a: Moltres|95/100
|-heal|p2a: Amoonguss|95/100 par|[from] drain|[of] p1a: Moltres
|
|upkeep
|turn|49
|
|t:|1760849295
|switch|p2a: Tentacruel|Tentacruel, M|32/100 par
|-damage|p2a: Tentacruel|20/100 par|[from] Stealth Rock
|move|p1a: Moltres|Flamethrower|p2a: Tentacruel
|-resisted|p2a: Tentacruel
|-damage|p2a: Tentacruel|8/100 par
|
|-heal|p2a: Tentacruel|14/100 par|[from] item: Leftovers
|upkeep
|turn|50
|
|t:|1760849307
|move|p1a: Moltres|Flamethrower|p2a: Tentacruel
|-resisted|p2a: Tentacruel
|-damage|p2a: Tentacruel|2/100 par
|move|p2a: Tentacruel|Ice Beam|p1a: Moltres
|-damage|p1a: Moltres|77/100
|
|-heal|p2a: Tentacruel|8/100 par|[from] item: Leftovers
|upkeep
|turn|51
|
|t:|1760849313
|move|p2a: Tentacruel|Protect|p2a: Tentacruel
|-singleturn|p2a: Tentacruel|Protect
|move|p1a: Moltres|Flamethrower|p2a: Tentacruel
|-activate|p2a: Tentacruel|move: Protect
|
|-heal|p2a: Tentacruel|14/100 par|[from] item: Leftovers
|upkeep
|turn|52
|
|t:|1760849319
|move|p1a: Moltres|Flamethrower|p2a: Tentacruel
|-resisted|p2a: Tentacruel
|-damage|p2a: Tentacruel|2/100 par
|move|p2a: Tentacruel|Surf|p1a: Moltres
|-supereffective|p1a: Moltres
|-damage|p1a: Moltres|24/100
|
|-heal|p2a: Tentacruel|8/100 par|[from] item: Leftovers
|upkeep
|turn|53
|
|t:|1760849327
|move|p2a: Tentacruel|Protect|p2a: Tentacruel
|-singleturn|p2a: Tentacruel|Protect
|move|p1a: Moltres|Roar|p2a: Tentacruel
|drag|p2a: Slowbro|Slowbro-Galar, M|24/100 par
|-damage|p2a: Slowbro|11/100 par|[from] Stealth Rock
|
|upkeep
|turn|54
|-activate|p2a: Slowbro|ability: Quick Draw
|
|t:|1760849331
|move|p2a: Slowbro|Shell Side Arm|p1a: Moltres|[anim] Shell Side Arm Physical
|-damage|p1a: Moltres|0 fnt
|-hint|Physical Shell Side Arm
|faint|p1a: Moltres
|
|upkeep
|
|t:|1760849337
|switch|p1a: Hitmonlee|Hitmonlee, M|91/100
|turn|55
|
|t:|1760849344
|move|p1a: Hitmonlee|Earthquake|p2a: Slowbro
|-supereffective|p2a: Slowbro
|-damage|p2a: Slowbro|0 fnt
|faint|p2a: Slowbro
|-damage|p1a: Hitmonlee|81/100|[from] item: Life Orb
|
|upkeep
|
|t:|1760849355
|switch|p2a: Amoonguss|Amoonguss, M|100/100 par
|-damage|p2a: Amoonguss|88/100 par|[from] Stealth Rock
|turn|56
|
|t:|1760849368
|move|p1a: Hitmonlee|Double-Edge|p2a: Amoonguss
|-damage|p2a: Amoonguss|44/100 par
|-damage|p1a: Hitmonlee|64/100|[from] item: Rocky Helmet|[of] p2a: Amoonguss
|-damage|p1a: Hitmonlee|38/100|[from] Recoil
|-damage|p1a: Hitmonlee|28/100|[from] item: Life Orb
|move|p2a: Amoonguss|Synthesis|p2a: Amoonguss
|-heal|p2a: Amoonguss|94/100 par
|
|upkeep
|turn|57
|
|t:|1760849380
|move|p1a: Hitmonlee|Double-Edge|p2a: Amoonguss
|-damage|p2a: Amoonguss|50/100 par
|-damage|p1a: Hitmonlee|11/100|[from] item: Rocky Helmet|[of] p2a: Amoonguss
|-damage|p1a: Hitmonlee|0 fnt|[from] Recoil
|faint|p1a: Hitmonlee
|cant|p2a: Amoonguss|par
|
|upkeep
|
|t:|1760849387
|switch|p1a: Vileplume|Vileplume, F|100/100
|turn|58
|
|t:|1760849390
|move|p1a: Vileplume|Sludge Bomb|p2a: Amoonguss
|-damage|p2a: Amoonguss|22/100 par
|cant|p2a: Amoonguss|par
|
|upkeep
|turn|59
|
|t:|1760849398
|switch|p2a: Munkidori|Munkidori, M|60/100 par
|-damage|p2a: Munkidori|48/100 par|[from] Stealth Rock
|move|p1a: Vileplume|Leech Seed|p2a: Munkidori
|-start|p2a: Munkidori|move: Leech Seed
|
|-damage|p2a: Munkidori|35/100 par|[from] Leech Seed|[of] p1a: Vileplume
|upkeep
|turn|60
|
|t:|1760849406
|switch|p1a: Chansey|Chansey, F|69/100
|move|p2a: Munkidori|Psychic|p1a: Chansey
|-damage|p1a: Chansey|56/100
|
|-damage|p2a: Munkidori|23/100 par|[from] Leech Seed|[of] p1a: Chansey
|-heal|p1a: Chansey|62/100|[silent]
|upkeep
|turn|61
|
|t:|1760849412
|move|p2a: Munkidori|Sludge Bomb|p1a: Chansey
|-damage|p1a: Chansey|48/100
|-status|p1a: Chansey|psn
|move|p1a: Chansey|Seismic Toss|p2a: Munkidori
|-damage|p2a: Munkidori|0 fnt
|faint|p2a: Munkidori
|
|-damage|p1a: Chansey|35/100 psn|[from] psn
|upkeep
|
|t:|1760849425
|switch|p2a: Amoonguss|Amoonguss, M|55/100 par
|-damage|p2a: Amoonguss|43/100 par|[from] Stealth Rock
|turn|62
|
|t:|1760849432
|move|p1a: Chansey|Soft-Boiled|p1a: Chansey
|-heal|p1a: Chansey|85/100 psn
|move|p2a: Amoonguss|Synthesis|p2a: Amoonguss
|-heal|p2a: Amoonguss|93/100 par
|
|-damage|p1a: Chansey|73/100 psn|[from] psn
|upkeep
|turn|63
|
|t:|1760849442
|move|p1a: Chansey|Seismic Toss|p2a: Amoonguss
|-damage|p2a: Amoonguss|69/100 par
|-damage|p1a: Chansey|56/100 psn|[from] item: Rocky Helmet|[of] p2a: Amoonguss
|move|p2a: Amoonguss|Giga Drain|p1a: Chansey
|-damage|p1a: Chansey|50/100 psn
|-heal|p2a: Amoonguss|74/100 par|[from] drain|[of] p1a: Chansey
|
|-damage|p1a: Chansey|38/100 psn|[from] psn
|upkeep
|turn|64
|-message|mightynoctowl forfeited.
|
|win|ip_zz
|raw|mightynoctowl's rating: 1275 &rarr; <strong>1249</strong><br />(-26 for losing)
|raw|ip_zz's rating: 1267 &rarr; <strong>1293</strong><br />(+26 for winning)
|l|☆mightynoctowl
|player|p1|
|l|☆ip_zz
|player|p2|
