|j|☆EleaRosea
|j|☆Red1989
|t:|1760820268
|gametype|singles
|player|p1|EleaRosea|harmony|1075
|player|p2|Red1989|red|1040
|gen|9
|tier|[Gen 9] OU
|rated|
|rule|HP Percentage Mod: HP is shown in percentages
|rule|Endless Battle Clause: Forcing endless battles is banned
|rule|Species Clause: Limit one of each Pokémon
|rule|OHKO Clause: OHKO moves are banned
|rule|Evasion Items Clause: Evasion items are banned
|rule|Evasion Moves Clause: Evasion moves are banned
|rule|Evasion Abilities Clause: Evasion abilities are banned
|rule|Sleep Moves Clause: Sleep-inducing moves are banned
|clearpoke
|poke|p1|Ogerpon, F|
|poke|p1|Gliscor, M|
|poke|p1|Heatran, M|
|poke|p1|Walking Wake|
|poke|p1|Tornadus-Therian, M|
|poke|p1|Kingambit, M|
|poke|p2|Rillaboom, M|
|poke|p2|Dragonite, F|
|poke|p2|Raichu-Alola, F|
|poke|p2|Kyurem|
|poke|p2|Corviknight, M|
|poke|p2|Glimmora, F|
|teampreview
|inactive|Battle timer is ON: inactive players will automatically lose when time's up. (requested by Red1989)
|
|t:|1760820283
|teamsize|p1|6
|teamsize|p2|6
|start
|switch|p1a: Walking Wake|Walking Wake|100/100
|switch|p2a: Glimmora|Glimmora, F|100/100
|turn|1
|
|t:|1760820298
|move|p1a: Walking Wake|Dragon Pulse|p2a: Glimmora
|-damage|p2a: Glimmora|15/100
|move|p2a: Glimmora|Toxic|p1a: Walking Wake
|-status|p1a: Walking Wake|tox
|
|-heal|p2a: Glimmora|21/100|[from] item: Leftovers
|-damage|p1a: Walking Wake|94/100 tox|[from] psn
|upkeep
|turn|2
|
|t:|1760820302
|move|p1a: Walking Wake|Dragon Pulse|p2a: Glimmora
|-damage|p2a: Glimmora|0 fnt
|faint|p2a: Glimmora
|
|-damage|p1a: Walking Wake|82/100 tox|[from] psn
|upkeep
|
|t:|1760820309
|switch|p2a: Rillaboom|Rillaboom, M|100/100
|-fieldstart|move: Grassy Terrain|[from] ability: Grassy Surge|[of] p2a: Rillaboom
|turn|3
|
|t:|1760820316
|-end|p1a: Walking Wake|Protosynthesis|[silent]
|switch|p1a: Tornadus|Tornadus-Therian, M|100/100
|move|p2a: Rillaboom|U-turn|p1a: Tornadus
|-resisted|p1a: Tornadus
|-damage|p1a: Tornadus|86/100
|
|t:|1760820319
|switch|p2a: Raichu|Raichu-Alola, F|100/100|[from] U-turn
|
|upkeep
|turn|4
|
|t:|1760820336
|move|p1a: Tornadus|U-turn|p2a: Raichu
|-supereffective|p2a: Raichu
|-damage|p2a: Raichu|35/100
|
|t:|1760820341
|switch|p1a: Ogerpon|Ogerpon, F|100/100|[from] U-turn
|move|p2a: Raichu|Nasty Plot|p2a: Raichu
|-boost|p2a: Raichu|spa|2
|
|-heal|p2a: Raichu|41/100|[from] Grassy Terrain
|upkeep
|turn|5
|
|t:|1760820351
|move|p2a: Raichu|Draining Kiss|p1a: Ogerpon
|-damage|p1a: Ogerpon|56/100
|-heal|p2a: Raichu|79/100|[from] drain|[of] p1a: Ogerpon
|-damage|p2a: Raichu|69/100|[from] item: Life Orb
|move|p1a: Ogerpon|Knock Off|p2a: Raichu
|-supereffective|p2a: Raichu
|-damage|p2a: Raichu|0 fnt
|-enditem|p2a: Raichu|Life Orb|[from] move: Knock Off|[of] p1a: Ogerpon
|faint|p2a: Raichu
|
|-heal|p1a: Ogerpon|62/100|[from] Grassy Terrain
|upkeep
|
|t:|1760820355
|switch|p2a: Rillaboom|Rillaboom, M|100/100
|turn|6
|
|t:|1760820359
|move|p1a: Ogerpon|U-turn|p2a: Rillaboom
|-supereffective|p2a: Rillaboom
|-damage|p2a: Rillaboom|46/100
|
|t:|1760820365
|switch|p1a: Tornadus|Tornadus-Therian, M|100/100|[from] U-turn
|move|p2a: Rillaboom|U-turn|p1a: Tornadus
|-resisted|p1a: Tornadus
|-damage|p1a: Tornadus|86/100
|
|t:|1760820370
|switch|p2a: Corviknight|Corviknight, M|100/100|[from] U-turn
|
|upkeep
|turn|7
|
|t:|1760820377
|move|p1a: Tornadus|Heat Wave|p2a: Corviknight
|-supereffective|p2a: Corviknight
|-damage|p2a: Corviknight|52/100
|move|p2a: Corviknight|Curse|p2a: Corviknight
|-unboost|p2a: Corviknight|spe|1
|-boost|p2a: Corviknight|atk|1
|-boost|p2a: Corviknight|def|1
|
|-fieldend|move: Grassy Terrain
|upkeep
|turn|8
|
|t:|1760820383
|move|p1a: Tornadus|Knock Off|p2a: Corviknight
|-damage|p2a: Corviknight|44/100
|-enditem|p2a: Corviknight|Heavy-Duty Boots|[from] move: Knock Off|[of] p1a: Tornadus
|move|p2a: Corviknight|Body Press|p1a: Tornadus
|-resisted|p1a: Tornadus
|-damage|p1a: Tornadus|63/100
|
|upkeep
|turn|9
|
|t:|1760820387
|move|p1a: Tornadus|Heat Wave|p2a: Corviknight
|-supereffective|p2a: Corviknight
|-damage|p2a: Corviknight|0 fnt
|faint|p2a: Corviknight
|
|upkeep
|
|t:|1760820390
|switch|p2a: Kyurem|Kyurem|100/100
|-ability|p2a: Kyurem|Pressure
|turn|10
|
|t:|1760820394
|move|p1a: Tornadus|U-turn|p2a: Kyurem
|-damage|p2a: Kyurem|87/100
|
|t:|1760820396
|switch|p1a: Heatran|Heatran, M|100/100|[from] U-turn
|move|p2a: Kyurem|Ice Beam|p1a: Heatran
|-resisted|p1a: Heatran
|-damage|p1a: Heatran|90/100
|-damage|p2a: Kyurem|77/100|[from] item: Life Orb
|
|-heal|p1a: Heatran|97/100|[from] item: Leftovers
|upkeep
|turn|11
|
|t:|1760820401
|move|p2a: Kyurem|Earth Power|p1a: Heatran
|-supereffective|p1a: Heatran
|-damage|p1a: Heatran|0 fnt
|faint|p1a: Heatran
|-damage|p2a: Kyurem|67/100|[from] item: Life Orb
|
|upkeep
|
|t:|1760820412
|switch|p1a: Walking Wake|Walking Wake|82/100 tox
|turn|12
|
|t:|1760820418
|move|p1a: Walking Wake|Dragon Pulse|p2a: Kyurem
|-supereffective|p2a: Kyurem
|-damage|p2a: Kyurem|0 fnt
|faint|p2a: Kyurem
|
|-damage|p1a: Walking Wake|76/100 tox|[from] psn
|upkeep
|
|t:|1760820429
|switch|p2a: Dragonite|Dragonite, F|100/100
|turn|13
|
|t:|1760820440
|-end|p1a: Walking Wake|Protosynthesis|[silent]
|switch|p1a: Ogerpon|Ogerpon, F|62/100
|-terastallize|p2a: Dragonite|Steel
|move|p2a: Dragonite|Dragon Dance|p2a: Dragonite
|-boost|p2a: Dragonite|atk|1
|-boost|p2a: Dragonite|spe|1
|
|upkeep
|turn|14
|
|t:|1760820449
|-terastallize|p1a: Ogerpon|Grass
|detailschange|p1a: Ogerpon|Ogerpon-Teal-Tera, F, tera:Grass
|-ability|p1a: Ogerpon|Embody Aspect (Teal)|boost
|-boost|p1a: Ogerpon|spe|1
|move|p1a: Ogerpon|Encore|p2a: Dragonite
|-start|p2a: Dragonite|Encore
|move|p2a: Dragonite|Dragon Dance|p2a: Dragonite
|-boost|p2a: Dragonite|atk|1
|-boost|p2a: Dragonite|spe|1
|
|upkeep
|turn|15
|
|t:|1760820457
|move|p1a: Ogerpon|U-turn|p2a: Dragonite
|-resisted|p2a: Dragonite
|-crit|p2a: Dragonite
|-damage|p2a: Dragonite|82/100
|
|t:|1760820458
|switch|p1a: Walking Wake|Walking Wake|76/100 tox|[from] U-turn
|move|p2a: Dragonite|Dragon Dance|p2a: Dragonite
|-boost|p2a: Dragonite|atk|1
|-boost|p2a: Dragonite|spe|1
|
|-damage|p1a: Walking Wake|70/100 tox|[from] psn
|upkeep
|turn|16
|
|t:|1760820461
|move|p2a: Dragonite|Dragon Dance|p2a: Dragonite
|-boost|p2a: Dragonite|atk|1
|-boost|p2a: Dragonite|spe|1
|move|p1a: Walking Wake|Flamethrower|p2a: Dragonite
|-supereffective|p2a: Dragonite
|-damage|p2a: Dragonite|0 fnt
|faint|p2a: Dragonite
|
|-damage|p1a: Walking Wake|58/100 tox|[from] psn
|upkeep
|
|t:|1760820466
|switch|p2a: Rillaboom|Rillaboom, M|46/100
|-fieldstart|move: Grassy Terrain|[from] ability: Grassy Surge|[of] p2a: Rillaboom
|turn|17
|
|t:|1760820470
|-end|p1a: Walking Wake|Protosynthesis|[silent]
|switch|p1a: Tornadus|Tornadus-Therian, M|96/100
|move|p2a: Rillaboom|Trailblaze|p1a: Tornadus
|-resisted|p1a: Tornadus
|-damage|p1a: Tornadus|76/100
|-boost|p2a: Rillaboom|spe|1
|
|-heal|p2a: Rillaboom|52/100|[from] Grassy Terrain
|upkeep
|turn|18
|
|t:|1760820479
|move|p2a: Rillaboom|Knock Off|p1a: Tornadus
|-damage|p1a: Tornadus|36/100
|-enditem|p1a: Tornadus|Heavy-Duty Boots|[from] move: Knock Off|[of] p2a: Rillaboom
|move|p1a: Tornadus|Bleakwind Storm|p2a: Rillaboom
|-supereffective|p2a: Rillaboom
|-damage|p2a: Rillaboom|0 fnt
|faint|p2a: Rillaboom
|
|win|EleaRosea
|raw|EleaRosea's rating: 1075 &rarr; <strong>1101</strong><br />(+26 for winning)
|raw|Red1989's rating: 1040 &rarr; <strong>1026</strong><br />(-14 for losing)
|l|☆Red1989
|player|p2|
