|j|☆mastoon
|j|☆Captain Brusin'
|t:|1760853685
|gametype|singles
|player|p1|mastoon|hilda-wonderlauncher|1137
|player|p2|Captain Brusin'|harlequin|1146
|gen|9
|tier|[Gen 9] OU
|rated|
|rule|HP Percentage Mod: HP is shown in percentages
|rule|Endless Battle Clause: Forcing endless battles is banned
|rule|Species Clause: Limit one of each Pokémon
|rule|OHKO Clause: OHKO moves are banned
|rule|Evasion Items Clause: Evasion items are banned
|rule|Evasion Moves Clause: Evasion moves are banned
|rule|Evasion Abilities Clause: Evasion abilities are banned
|rule|Sleep Moves Clause: Sleep-inducing moves are banned
|clearpoke
|poke|p1|Ribombee, M|
|poke|p1|Deoxys-Speed|
|poke|p1|Forretress, F|
|poke|p1|Articuno-Galar|
|poke|p1|Dondozo, M|
|poke|p1|Kyurem|
|poke|p2|Dondozo, M|
|poke|p2|Slowking-Galar, L99, M|
|poke|p2|Kyurem|
|poke|p2|Corviknight, F|
|poke|p2|Conkeldurr, F|
|poke|p2|Hydreigon, F|
|teampreview
|c|☆mastoon|Gl hf
|
|t:|1760853692
|teamsize|p1|6
|teamsize|p2|6
|start
|switch|p1a: Deoxys|Deoxys-Speed|100/100
|switch|p2a: My boo <3|Hydreigon, F, shiny|100/100
|-ability|p1a: Deoxys|Pressure
|turn|1
|
|t:|1760853698
|move|p1a: Deoxys|Trick|p2a: My boo <3
|-activate|p1a: Deoxys|move: Trick|[of] p2a: My boo <3
|-item|p2a: My boo <3|Choice Scarf|[from] move: Trick
|-item|p1a: Deoxys|Choice Scarf|[from] move: Trick
|move|p2a: My boo <3|Dark Pulse|p1a: Deoxys
|-supereffective|p1a: Deoxys
|-damage|p1a: Deoxys|0 fnt
|faint|p1a: Deoxys
|
|upkeep
|c|☆mastoon|Huh....
|
|t:|1760853712
|switch|p1a: Ribombee|Ribombee, M|100/100
|turn|2
|
|t:|1760853718
|switch|p2a: Dr. Shrunk|Slowking-Galar, L99, M, shiny|100/100
|move|p1a: Ribombee|Sticky Web|p2a: Dr. Shrunk
|-sidestart|p2: Captain Brusin'|move: Sticky Web
|
|upkeep
|turn|3
|
|t:|1760853724
|move|p1a: Ribombee|Stun Spore|p2a: Dr. Shrunk
|-status|p2a: Dr. Shrunk|par
|-prepare|p2a: Dr. Shrunk|Chilly Reception|[premajor]
|move|p2a: Dr. Shrunk|Chilly Reception|p2a: Dr. Shrunk
|-weather|Snowscape
|
|t:|1760853734
|switch|p2a: Earl|Corviknight, F, shiny|100/100|[from] Chilly Reception
|-ability|p2a: Earl|Pressure
|
|-weather|Snowscape|[upkeep]
|upkeep
|turn|4
|
|t:|1760853743
|move|p1a: Ribombee|Stun Spore|p2a: Earl
|-status|p2a: Earl|par
|move|p2a: Earl|Defog|p1a: Ribombee
|-unboost|p1a: Ribombee|evasion|1
|-sideend|p2: Captain Brusin'|Sticky Web|[from] move: Defog|[of] p2a: Earl
|
|-weather|Snowscape|[upkeep]
|upkeep
|turn|5
|
|t:|1760853761
|switch|p2a: My boo <3|Hydreigon, F, shiny|100/100
|move|p1a: Ribombee|Sticky Web|p2a: My boo <3
|-sidestart|p2: Captain Brusin'|move: Sticky Web
|
|-weather|Snowscape|[upkeep]
|upkeep
|turn|6
|
|t:|1760853787
|move|p2a: My boo <3|Fire Blast|p1a: Ribombee
|-supereffective|p1a: Ribombee
|-enditem|p1a: Ribombee|Focus Sash
|-damage|p1a: Ribombee|1/100
|move|p1a: Ribombee|Stun Spore|p2a: My boo <3|[miss]
|-miss|p1a: Ribombee|p2a: My boo <3
|
|-weather|Snowscape|[upkeep]
|upkeep
|turn|7
|
|t:|1760853795
|move|p2a: My boo <3|Fire Blast|p1a: Ribombee
|-supereffective|p1a: Ribombee
|-damage|p1a: Ribombee|0 fnt
|faint|p1a: Ribombee
|
|-weather|none
|upkeep
|
|t:|1760853803
|switch|p1a: Articuno|Articuno-Galar|100/100
|turn|8
|
|t:|1760853809
|switch|p2a: Earl|Corviknight, F, shiny|100/100 par
|-ability|p2a: Earl|Pressure
|move|p1a: Articuno|Agility|p1a: Articuno
|-boost|p1a: Articuno|spe|2
|
|upkeep
|turn|9
|
|t:|1760853821
|switch|p2a: Blue Chungus|Dondozo, M|100/100
|-activate|p2a: Blue Chungus|move: Sticky Web
|-unboost|p2a: Blue Chungus|spe|1
|move|p1a: Articuno|Agility|p1a: Articuno
|-boost|p1a: Articuno|spe|2
|
|upkeep
|turn|10
|
|t:|1760853828
|move|p1a: Articuno|Calm Mind|p1a: Articuno
|-boost|p1a: Articuno|spa|1
|-boost|p1a: Articuno|spd|1
|move|p2a: Blue Chungus|Waterfall|p1a: Articuno
|-damage|p1a: Articuno|71/100
|
|upkeep
|turn|11
|
|t:|1760853833
|move|p1a: Articuno|Stored Power|p2a: Blue Chungus
|-damage|p2a: Blue Chungus|49/100
|move|p2a: Blue Chungus|Waterfall|p1a: Articuno
|-damage|p1a: Articuno|44/100
|
|-heal|p2a: Blue Chungus|55/100|[from] item: Leftovers
|upkeep
|turn|12
|
|t:|1760853841
|move|p1a: Articuno|Stored Power|p2a: Blue Chungus
|-damage|p2a: Blue Chungus|0 fnt
|faint|p2a: Blue Chungus
|
|upkeep
|
|t:|1760853853
|switch|p2a: My boo <3|Hydreigon, F, shiny|100/100
|turn|13
|
|t:|1760853862
|-terastallize|p1a: Articuno|Fighting
|-terastallize|p2a: My boo <3|Steel
|move|p1a: Articuno|Tera Blast|p2a: My boo <3|[anim] Tera Blast Fighting
|-supereffective|p2a: My boo <3
|-damage|p2a: My boo <3|0 fnt
|faint|p2a: My boo <3
|
|upkeep
|
|t:|1760853877
|switch|p2a: Dr. Shrunk|Slowking-Galar, L99, M, shiny|100/100 par
|-activate|p2a: Dr. Shrunk|move: Sticky Web
|-unboost|p2a: Dr. Shrunk|spe|1
|turn|14
|
|t:|1760853881
|move|p1a: Articuno|Stored Power|p2a: Dr. Shrunk
|-damage|p2a: Dr. Shrunk|33/100 par
|move|p2a: Dr. Shrunk|Psyshock|p1a: Articuno
|-supereffective|p1a: Articuno
|-damage|p1a: Articuno|0 fnt
|faint|p1a: Articuno
|
|upkeep
|
|t:|1760853892
|switch|p1a: Dondozo|Dondozo, M|100/100
|turn|15
|
|t:|1760853899
|move|p1a: Dondozo|Earthquake|p2a: Dr. Shrunk
|-supereffective|p2a: Dr. Shrunk
|-crit|p2a: Dr. Shrunk
|-enditem|p2a: Dr. Shrunk|Shuca Berry|[eat]
|-enditem|p2a: Dr. Shrunk|Shuca Berry|[weaken]
|-damage|p2a: Dr. Shrunk|3/100 par
|-prepare|p2a: Dr. Shrunk|Chilly Reception|[premajor]
|move|p2a: Dr. Shrunk|Chilly Reception|p2a: Dr. Shrunk
|-weather|Snowscape
|
|t:|1760853909
|switch|p2a: Kyurem|Kyurem, shiny|100/100|[from] Chilly Reception
|-activate|p2a: Kyurem|move: Sticky Web
|-unboost|p2a: Kyurem|spe|1
|-ability|p2a: Kyurem|Pressure
|
|-weather|Snowscape|[upkeep]
|upkeep
|turn|16
|
|t:|1760853915
|move|p2a: Kyurem|Freeze-Dry|p1a: Dondozo
|-supereffective|p1a: Dondozo
|-crit|p1a: Dondozo
|-damage|p1a: Dondozo|22/100
|move|p1a: Dondozo|Earthquake|p2a: Kyurem
|-damage|p2a: Kyurem|84/100
|
|-weather|Snowscape|[upkeep]
|upkeep
|turn|17
|
|t:|1760853921
|move|p2a: Kyurem|Freeze-Dry|p1a: Dondozo
|-supereffective|p1a: Dondozo
|-damage|p1a: Dondozo|0 fnt
|faint|p1a: Dondozo
|
|-weather|Snowscape|[upkeep]
|upkeep
|
|t:|1760853923
|switch|p1a: Forretress|Forretress, F|100/100
|turn|18
|
|t:|1760853929
|switch|p2a: Dr. Shrunk|Slowking-Galar, L99, M, shiny|36/100 par
|-activate|p2a: Dr. Shrunk|move: Sticky Web
|-unboost|p2a: Dr. Shrunk|spe|1
|move|p1a: Forretress|Stealth Rock|p2a: Dr. Shrunk
|-sidestart|p2: Captain Brusin'|move: Stealth Rock
|
|-weather|Snowscape|[upkeep]
|upkeep
|turn|19
|
|t:|1760853935
|move|p1a: Forretress|Iron Head|p2a: Dr. Shrunk
|-damage|p2a: Dr. Shrunk|19/100 par
|-prepare|p2a: Dr. Shrunk|Chilly Reception|[premajor]
|move|p2a: Dr. Shrunk|Chilly Reception|p2a: Dr. Shrunk
|
|t:|1760853942
|switch|p2a: Bonk|Conkeldurr, F, shiny|100/100|[from] Chilly Reception
|-activate|p2a: Bonk|move: Sticky Web
|-unboost|p2a: Bonk|spe|1
|-damage|p2a: Bonk|94/100|[from] Stealth Rock
|
|-weather|none
|-status|p2a: Bonk|brn|[from] item: Flame Orb
|upkeep
|turn|20
|
|t:|1760853946
|move|p2a: Bonk|Fire Punch|p1a: Forretress
|-supereffective|p1a: Forretress
|-crit|p1a: Forretress
|-ability|p1a: Forretress|Sturdy
|-damage|p1a: Forretress|1/100
|-enditem|p1a: Forretress|Red Card|[of] p2a: Bonk
|drag|p2a: Dr. Shrunk|Slowking-Galar, L99, M, shiny|52/100 par
|-activate|p2a: Dr. Shrunk|move: Sticky Web
|-unboost|p2a: Dr. Shrunk|spe|1
|-damage|p2a: Dr. Shrunk|40/100 par|[from] Stealth Rock
|move|p1a: Forretress|Counter|p2a: Dr. Shrunk
|-damage|p2a: Dr. Shrunk|0 fnt
|faint|p2a: Dr. Shrunk
|
|upkeep
|
|t:|1760853959
|switch|p2a: Bonk|Conkeldurr, F, shiny|94/100 brn
|-activate|p2a: Bonk|move: Sticky Web
|-unboost|p2a: Bonk|spe|1
|-damage|p2a: Bonk|88/100 brn|[from] Stealth Rock
|turn|21
|
|t:|1760853965
|move|p2a: Bonk|Mach Punch|p1a: Forretress
|-damage|p1a: Forretress|0 fnt
|faint|p1a: Forretress
|
|-damage|p2a: Bonk|82/100 brn|[from] brn
|upkeep
|
|t:|1760853967
|switch|p1a: Kyurem|Kyurem|100/100
|-ability|p1a: Kyurem|Pressure
|turn|22
|
|t:|1760853978
|move|p2a: Bonk|Mach Punch|p1a: Kyurem
|-supereffective|p1a: Kyurem
|-damage|p1a: Kyurem|36/100
|move|p1a: Kyurem|Zen Headbutt|p2a: Bonk
|-supereffective|p2a: Bonk
|-damage|p2a: Bonk|36/100 brn
|
|-damage|p2a: Bonk|30/100 brn|[from] brn
|upkeep
|turn|23
|
|t:|1760853985
|move|p2a: Bonk|Mach Punch|p1a: Kyurem
|-supereffective|p1a: Kyurem
|-damage|p1a: Kyurem|0 fnt
|faint|p1a: Kyurem
|
|win|Captain Brusin'
|raw|mastoon's rating: 1137 &rarr; <strong>1113</strong><br />(-24 for losing)
|raw|Captain Brusin&apos;'s rating: 1146 &rarr; <strong>1170</strong><br />(+24 for winning)
|c|☆mastoon|Gg
|l|☆mastoon
|player|p1|
|c|☆Captain Brusin'|Gg
|l|☆Captain Brusin'
|player|p2|
