|j|☆Arcadia Dominus
|j|☆RaeRae0
|t:|1760855973
|gametype|singles
|player|p1|Arcadia Dominus|red-masters2|1474
|player|p2|RaeRae0|unknownf|1469
|gen|9
|tier|[Gen 9] OU
|rated|
|rule|HP Percentage Mod: HP is shown in percentages
|rule|Endless Battle Clause: Forcing endless battles is banned
|rule|Species Clause: Limit one of each Pokémon
|rule|OHKO Clause: OHKO moves are banned
|rule|Evasion Items Clause: Evasion items are banned
|rule|Evasion Moves Clause: Evasion moves are banned
|rule|Evasion Abilities Clause: Evasion abilities are banned
|rule|Sleep Moves Clause: Sleep-inducing moves are banned
|clearpoke
|poke|p1|Iron Hands|
|poke|p1|Garchomp, F|
|poke|p1|Kingambit, F|
|poke|p1|Iron Treads|
|poke|p1|Sinistcha|
|poke|p1|Enamorus, F|
|poke|p2|Garganacl, F|
|poke|p2|Dragapult, F|
|poke|p2|Ogerpon-Wellspring, F|
|poke|p2|Moltres|
|poke|p2|Zamazenta-*|
|poke|p2|Iron Treads|
|teampreview
|inactive|Battle timer is ON: inactive players will automatically lose when time's up. (requested by Arcadia Dominus)
|c|☆Arcadia Dominus|Hf
|c|☆RaeRae0|hfhf
|inactive|RaeRae0 has 120 seconds left.
|
|t:|1760856008
|teamsize|p1|6
|teamsize|p2|6
|start
|switch|p1a: Iron Hands|Iron Hands|100/100
|switch|p2a: Dragapult|Dragapult, F|100/100
|turn|1
|
|t:|1760856027
|move|p2a: Dragapult|Will-O-Wisp|p1a: Iron Hands
|-status|p1a: Iron Hands|brn
|move|p1a: Iron Hands|Volt Switch|p2a: Dragapult
|-resisted|p2a: Dragapult
|-damage|p2a: Dragapult|92/100
|
|t:|1760856030
|-end|p1a: Iron Hands|Quark Drive|[silent]
|switch|p1a: Enamorus|Enamorus, F|100/100|[from] Volt Switch
|
|upkeep
|turn|2
|
|t:|1760856035
|switch|p2a: Moltres|Moltres|100/100
|-terastallize|p1a: Enamorus|Stellar
|move|p1a: Enamorus|Tera Blast|p2a: Moltres|[anim] Tera Blast Stellar
|-damage|p2a: Moltres|60/100
|-boost|p1a: Enamorus|atk|1
|-boost|p1a: Enamorus|spa|1
|
|upkeep
|turn|3
|
|t:|1760856039
|move|p1a: Enamorus|Tera Blast|p2a: Moltres|[anim] Tera Blast Stellar
|-damage|p2a: Moltres|11/100
|-boost|p1a: Enamorus|atk|1
|-boost|p1a: Enamorus|spa|1
|move|p2a: Moltres|Roost|p2a: Moltres
|-heal|p2a: Moltres|62/100
|-singleturn|p2a: Moltres|move: Roost
|
|upkeep
|turn|4
|
|t:|1760856044
|move|p1a: Enamorus|Tera Blast|p2a: Moltres|[anim] Tera Blast Stellar
|-damage|p2a: Moltres|0 fnt
|-boost|p1a: Enamorus|atk|1
|-boost|p1a: Enamorus|spa|1
|faint|p2a: Moltres
|
|upkeep
|
|t:|1760856072
|switch|p2a: Zamazenta|Zamazenta|100/100
|-ability|p2a: Zamazenta|Dauntless Shield|boost
|-boost|p2a: Zamazenta|def|1
|turn|5
|
|t:|1760856076
|move|p1a: Enamorus|Tera Blast|p2a: Zamazenta|[anim] Tera Blast Stellar
|-damage|p2a: Zamazenta|7/100
|-boost|p1a: Enamorus|atk|1
|-boost|p1a: Enamorus|spa|1
|move|p2a: Zamazenta|Heavy Slam|p1a: Enamorus
|-supereffective|p1a: Enamorus
|-crit|p1a: Enamorus
|-damage|p1a: Enamorus|0 fnt
|faint|p1a: Enamorus
|
|upkeep
|c|☆Arcadia Dominus|Lmao
|
|t:|1760856093
|switch|p1a: Garchomp|Garchomp, F|100/100
|turn|6
|
|t:|1760856102
|move|p2a: Zamazenta|Ice Fang|p1a: Garchomp
|-supereffective|p1a: Garchomp
|-damage|p1a: Garchomp|0 fnt
|-damage|p2a: Zamazenta|0 fnt|[from] ability: Rough Skin|[of] p1a: Garchomp
|faint|p1a: Garchomp
|faint|p2a: Zamazenta
|
|upkeep
|
|t:|1760856120
|switch|p2a: Garganacl|Garganacl, F|100/100
|switch|p1a: Iron Hands|Iron Hands|100/100 brn
|turn|7
|
|t:|1760856124
|switch|p2a: Dragapult|Dragapult, F|92/100
|move|p1a: Iron Hands|Drain Punch|p2a: Dragapult
|-immune|p2a: Dragapult
|
|-damage|p1a: Iron Hands|94/100 brn|[from] brn
|upkeep
|turn|8
|
|t:|1760856127
|move|p2a: Dragapult|Hex|p1a: Iron Hands
|-crit|p1a: Iron Hands
|-damage|p1a: Iron Hands|54/100 brn
|move|p1a: Iron Hands|Ice Punch|p2a: Dragapult
|-supereffective|p2a: Dragapult
|-damage|p2a: Dragapult|59/100
|-status|p2a: Dragapult|frz
|
|-damage|p1a: Iron Hands|48/100 brn|[from] brn
|upkeep
|turn|9
|
|t:|1760856134
|cant|p2a: Dragapult|frz
|move|p1a: Iron Hands|Ice Punch|p2a: Dragapult
|-supereffective|p2a: Dragapult
|-damage|p2a: Dragapult|25/100 frz
|
|-damage|p1a: Iron Hands|42/100 brn|[from] brn
|upkeep
|turn|10
|
|t:|1760856136
|-curestatus|p2a: Dragapult|frz|[msg]
|move|p2a: Dragapult|Hex|p1a: Iron Hands
|-damage|p1a: Iron Hands|13/100 brn
|move|p1a: Iron Hands|Ice Punch|p2a: Dragapult
|-supereffective|p2a: Dragapult
|-damage|p2a: Dragapult|0 fnt
|faint|p2a: Dragapult
|
|-damage|p1a: Iron Hands|6/100 brn|[from] brn
|upkeep
|
|t:|1760856141
|switch|p2a: Iron Treads|Iron Treads|100/100
|turn|11
|
|t:|1760856143
|move|p2a: Iron Treads|Rapid Spin|p1a: Iron Hands
|-damage|p1a: Iron Hands|0 fnt
|-boost|p2a: Iron Treads|spe|1
|faint|p1a: Iron Hands
|-end|p1a: Iron Hands|Quark Drive|[silent]
|
|upkeep
|
|t:|1760856146
|switch|p1a: Sinistcha|Sinistcha|100/100
|turn|12
|
|t:|1760856151
|move|p2a: Iron Treads|Knock Off|p1a: Sinistcha
|-supereffective|p1a: Sinistcha
|-damage|p1a: Sinistcha|64/100
|-enditem|p1a: Sinistcha|Leftovers|[from] move: Knock Off|[of] p2a: Iron Treads
|move|p1a: Sinistcha|Calm Mind|p1a: Sinistcha
|-boost|p1a: Sinistcha|spa|1
|-boost|p1a: Sinistcha|spd|1
|
|upkeep
|turn|13
|
|t:|1760856160
|-end|p2a: Iron Treads|Quark Drive|[silent]
|switch|p2a: Garganacl|Garganacl, F|100/100
|move|p1a: Sinistcha|Strength Sap|p2a: Garganacl
|-unboost|p2a: Garganacl|atk|1
|-heal|p1a: Sinistcha|100/100
|
|upkeep
|turn|14
|
|t:|1760856164
|-terastallize|p2a: Garganacl|Electric
|move|p1a: Sinistcha|Matcha Gotcha|p2a: Garganacl
|-damage|p2a: Garganacl|69/100
|move|p2a: Garganacl|Salt Cure|p1a: Sinistcha
|-damage|p1a: Sinistcha|94/100
|-start|p1a: Sinistcha|Salt Cure
|
|-heal|p2a: Garganacl|75/100|[from] item: Leftovers
|-damage|p1a: Sinistcha|82/100|[from] Salt Cure
|upkeep
|turn|15
|
|t:|1760856171
|move|p1a: Sinistcha|Calm Mind|p1a: Sinistcha
|-boost|p1a: Sinistcha|spa|1
|-boost|p1a: Sinistcha|spd|1
|move|p2a: Garganacl|Iron Defense|p2a: Garganacl
|-boost|p2a: Garganacl|def|2
|
|-heal|p2a: Garganacl|81/100|[from] item: Leftovers
|-damage|p1a: Sinistcha|69/100|[from] Salt Cure
|upkeep
|turn|16
|
|t:|1760856176
|move|p1a: Sinistcha|Matcha Gotcha|p2a: Garganacl
|-damage|p2a: Garganacl|40/100
|-heal|p1a: Sinistcha|94/100|[from] drain|[of] p2a: Garganacl
|move|p2a: Garganacl|Iron Defense|p2a: Garganacl
|-boost|p2a: Garganacl|def|2
|
|-heal|p2a: Garganacl|46/100|[from] item: Leftovers
|-damage|p1a: Sinistcha|81/100|[from] Salt Cure
|upkeep
|turn|17
|
|t:|1760856180
|move|p1a: Sinistcha|Calm Mind|p1a: Sinistcha
|-boost|p1a: Sinistcha|spa|1
|-boost|p1a: Sinistcha|spd|1
|move|p2a: Garganacl|Recover|p2a: Garganacl
|-heal|p2a: Garganacl|97/100
|
|-heal|p2a: Garganacl|100/100|[from] item: Leftovers
|-damage|p1a: Sinistcha|69/100|[from] Salt Cure
|upkeep
|turn|18
|
|t:|1760856183
|move|p1a: Sinistcha|Calm Mind|p1a: Sinistcha
|-boost|p1a: Sinistcha|spa|1
|-boost|p1a: Sinistcha|spd|1
|move|p2a: Garganacl|Salt Cure|p1a: Sinistcha
|-damage|p1a: Sinistcha|61/100
|
|-damage|p1a: Sinistcha|49/100|[from] Salt Cure
|upkeep
|turn|19
|
|t:|1760856194
|move|p1a: Sinistcha|Matcha Gotcha|p2a: Garganacl
|-damage|p2a: Garganacl|41/100
|-heal|p1a: Sinistcha|84/100|[from] drain|[of] p2a: Garganacl
|move|p2a: Garganacl|Salt Cure|p1a: Sinistcha
|-damage|p1a: Sinistcha|77/100
|
|-heal|p2a: Garganacl|47/100|[from] item: Leftovers
|-damage|p1a: Sinistcha|65/100|[from] Salt Cure
|upkeep
|turn|20
|
|t:|1760856199
|move|p1a: Sinistcha|Matcha Gotcha|p2a: Garganacl
|-damage|p2a: Garganacl|0 fnt
|-heal|p1a: Sinistcha|92/100|[from] drain|[of] p2a: Garganacl
|faint|p2a: Garganacl
|
|-damage|p1a: Sinistcha|80/100|[from] Salt Cure
|upkeep
|
|t:|1760856205
|switch|p2a: Iron Treads|Iron Treads|100/100
|turn|21
|
|t:|1760856208
|move|p2a: Iron Treads|Stealth Rock|p1a: Sinistcha
|-sidestart|p1: Arcadia Dominus|move: Stealth Rock
|move|p1a: Sinistcha|Strength Sap|p2a: Iron Treads
|-unboost|p2a: Iron Treads|atk|1
|-heal|p1a: Sinistcha|100/100
|
|-damage|p1a: Sinistcha|88/100|[from] Salt Cure
|upkeep
|turn|22
|
|t:|1760856216
|move|p2a: Iron Treads|Knock Off|p1a: Sinistcha
|-supereffective|p1a: Sinistcha
|-damage|p1a: Sinistcha|74/100
|move|p1a: Sinistcha|Matcha Gotcha|p2a: Iron Treads
|-damage|p2a: Iron Treads|22/100
|-heal|p1a: Sinistcha|100/100|[from] drain|[of] p2a: Iron Treads
|
|-heal|p2a: Iron Treads|28/100|[from] item: Leftovers
|-damage|p1a: Sinistcha|88/100|[from] Salt Cure
|upkeep
|turn|23
|
|t:|1760856227
|move|p2a: Iron Treads|Rapid Spin|p1a: Sinistcha
|-immune|p1a: Sinistcha
|move|p1a: Sinistcha|Matcha Gotcha|p2a: Iron Treads
|-damage|p2a: Iron Treads|0 fnt
|-heal|p1a: Sinistcha|100/100|[from] drain|[of] p2a: Iron Treads
|faint|p2a: Iron Treads
|-end|p2a: Iron Treads|Quark Drive|[silent]
|
|-damage|p1a: Sinistcha|88/100|[from] Salt Cure
|upkeep
|
|t:|1760856231
|switch|p2a: Ogerpon|Ogerpon-Wellspring, F|100/100
|turn|24
|
|t:|1760856239
|move|p2a: Ogerpon|Swords Dance|p2a: Ogerpon
|-boost|p2a: Ogerpon|atk|2
|move|p1a: Sinistcha|Matcha Gotcha|p2a: Ogerpon
|-damage|p2a: Ogerpon|0 fnt
|-heal|p1a: Sinistcha|100/100|[from] drain|[of] p2a: Ogerpon
|faint|p2a: Ogerpon
|
|win|Arcadia Dominus
|raw|Arcadia Dominus's rating: 1474 &rarr; <strong>1494</strong><br />(+20 for winning)
|raw|RaeRae0's rating: 1469 &rarr; <strong>1449</strong><br />(-20 for losing)
|l|☆RaeRae0
|player|p2|
|c|☆Arcadia Dominus|Gg
