|j|☆Sjones90420
|j|☆SOULEATERNOODLES
|t:|1760869215
|gametype|singles
|player|p1|Sjones90420|iris|1200
|player|p2|SOULEATERNOODLES|ltsurge|1232
|gen|9
|tier|[Gen 9] OU
|rated|
|rule|HP Percentage Mod: HP is shown in percentages
|rule|Endless Battle Clause: Forcing endless battles is banned
|rule|Species Clause: Limit one of each Pokémon
|rule|OHKO Clause: OHKO moves are banned
|rule|Evasion Items Clause: Evasion items are banned
|rule|Evasion Moves Clause: Evasion moves are banned
|rule|Evasion Abilities Clause: Evasion abilities are banned
|rule|Sleep Moves Clause: Sleep-inducing moves are banned
|clearpoke
|poke|p1|Torkoal, F|
|poke|p1|Great Tusk|
|poke|p1|Hatterene, F|
|poke|p1|Walking Wake|
|poke|p1|Sandy Shocks|
|poke|p1|Lilligant-Hisui, F|
|poke|p2|Ceruledge, F|
|poke|p2|Dragonite, M|
|poke|p2|Samurott-Hisui, M|
|poke|p2|Pelipper, F|
|poke|p2|Blastoise, M|
|poke|p2|Tatsugiri, M|
|teampreview
|inactive|Battle timer is ON: inactive players will automatically lose when time's up. (requested by SOULEATERNOODLES)
|
|t:|1760869224
|teamsize|p1|6
|teamsize|p2|6
|start
|switch|p1a: Sandy Shocks|Sandy Shocks|100/100
|switch|p2a: Pelipper|Pelipper, F|100/100
|-item|p1a: Sandy Shocks|Air Balloon
|-weather|RainDance|[from] ability: Drizzle|[of] p2a: Pelipper
|turn|1
|l|☆SOULEATERNOODLES
|inactive|SOULEATERNOODLES disconnected and has a minute to reconnect!
|player|p2|
|j|☆SOULEATERNOODLES
|inactive|SOULEATERNOODLES reconnected and has 130 seconds left.
|player|p2|SOULEATERNOODLES|ltsurge|
|
|t:|1760869251
|switch|p2a: Tatsugiri|Tatsugiri, M|100/100
|move|p1a: Sandy Shocks|Sunny Day|p1a: Sandy Shocks
|-weather|SunnyDay
|-activate|p1a: Sandy Shocks|ability: Protosynthesis
|-start|p1a: Sandy Shocks|protosynthesisspa
|
|-weather|SunnyDay|[upkeep]
|upkeep
|turn|2
|
|t:|1760869265
|move|p1a: Sandy Shocks|Thunderbolt|p2a: Tatsugiri
|-damage|p2a: Tatsugiri|30/100
|move|p2a: Tatsugiri|Nasty Plot|p2a: Tatsugiri
|-boost|p2a: Tatsugiri|spa|2
|
|-weather|SunnyDay|[upkeep]
|upkeep
|turn|3
|
|t:|1760869272
|move|p1a: Sandy Shocks|Thunderbolt|p2a: Tatsugiri
|-damage|p2a: Tatsugiri|0 fnt
|faint|p2a: Tatsugiri
|
|-weather|SunnyDay|[upkeep]
|upkeep
|
|t:|1760869286
|switch|p2a: Dragonite|Dragonite, M|100/100
|turn|4
|
|t:|1760869290
|-terastallize|p2a: Dragonite|Normal
|move|p1a: Sandy Shocks|Thunderbolt|p2a: Dragonite
|-damage|p2a: Dragonite|68/100
|move|p2a: Dragonite|Dragon Dance|p2a: Dragonite
|-boost|p2a: Dragonite|atk|1
|-boost|p2a: Dragonite|spe|1
|
|-weather|SunnyDay|[upkeep]
|-heal|p2a: Dragonite|74/100|[from] item: Leftovers
|upkeep
|turn|5
|
|t:|1760869301
|move|p2a: Dragonite|Extreme Speed|p1a: Sandy Shocks
|-damage|p1a: Sandy Shocks|25/100
|-enditem|p1a: Sandy Shocks|Air Balloon
|move|p1a: Sandy Shocks|Thunderbolt|p2a: Dragonite
|-damage|p2a: Dragonite|12/100
|-status|p2a: Dragonite|par
|
|-weather|none
|-end|p1a: Sandy Shocks|Protosynthesis
|-heal|p2a: Dragonite|18/100 par|[from] item: Leftovers
|upkeep
|turn|6
|
|t:|1760869311
|move|p2a: Dragonite|Extreme Speed|p1a: Sandy Shocks
|-damage|p1a: Sandy Shocks|0 fnt
|faint|p1a: Sandy Shocks
|-end|p1a: Sandy Shocks|Protosynthesis|[silent]
|
|-heal|p2a: Dragonite|24/100 par|[from] item: Leftovers
|upkeep
|
|t:|1760869319
|switch|p1a: Torkoal|Torkoal, F|100/100
|-weather|SunnyDay|[from] ability: Drought|[of] p1a: Torkoal
|turn|7
|l|☆SOULEATERNOODLES
|inactive|SOULEATERNOODLES disconnected and has a minute to reconnect!
|player|p2|
|j|☆SOULEATERNOODLES
|inactive|SOULEATERNOODLES reconnected and has 110 seconds left.
|player|p2|SOULEATERNOODLES|ltsurge|
|
|t:|1760869369
|move|p2a: Dragonite|Earthquake|p1a: Torkoal
|-supereffective|p1a: Torkoal
|-damage|p1a: Torkoal|40/100
|move|p1a: Torkoal|Lava Plume|p2a: Dragonite
|-damage|p2a: Dragonite|0 fnt
|faint|p2a: Dragonite
|
|-weather|SunnyDay|[upkeep]
|upkeep
|
|t:|1760869377
|switch|p2a: Pelipper|Pelipper, F|100/100
|-weather|RainDance|[from] ability: Drizzle|[of] p2a: Pelipper
|turn|8
|
|t:|1760869383
|switch|p1a: Walking Wake|Walking Wake|100/100
|move|p2a: Pelipper|Weather Ball|p1a: Walking Wake
|-resisted|p1a: Walking Wake
|-damage|p1a: Walking Wake|79/100
|
|-weather|RainDance|[upkeep]
|upkeep
|turn|9
|
|t:|1760869397
|move|p1a: Walking Wake|Sunny Day|p1a: Walking Wake
|-weather|SunnyDay
|-activate|p1a: Walking Wake|ability: Protosynthesis
|-start|p1a: Walking Wake|protosynthesisspa
|move|p2a: Pelipper|Ice Beam|p1a: Walking Wake
|-damage|p1a: Walking Wake|47/100
|
|-weather|SunnyDay|[upkeep]
|upkeep
|turn|10
|
|t:|1760869413
|move|p1a: Walking Wake|Draco Meteor|p2a: Pelipper
|-damage|p2a: Pelipper|0 fnt
|-unboost|p1a: Walking Wake|spa|2
|faint|p2a: Pelipper
|
|-weather|SunnyDay|[upkeep]
|upkeep
|
|t:|1760869421
|switch|p2a: Blastoise|Blastoise, M|100/100
|turn|11
|
|t:|1760869430
|move|p1a: Walking Wake|Draco Meteor|p2a: Blastoise
|-damage|p2a: Blastoise|52/100
|-unboost|p1a: Walking Wake|spa|2
|move|p2a: Blastoise|Shell Smash|p2a: Blastoise
|-unboost|p2a: Blastoise|def|1
|-unboost|p2a: Blastoise|spd|1
|-boost|p2a: Blastoise|atk|2
|-boost|p2a: Blastoise|spa|2
|-boost|p2a: Blastoise|spe|2
|-enditem|p2a: Blastoise|White Herb
|-clearnegativeboost|p2a: Blastoise|[silent]
|
|-weather|SunnyDay|[upkeep]
|upkeep
|turn|12
|
|t:|1760869447
|move|p2a: Blastoise|Ice Beam|p1a: Walking Wake
|-damage|p1a: Walking Wake|0 fnt
|faint|p1a: Walking Wake
|-end|p1a: Walking Wake|Protosynthesis|[silent]
|
|-weather|SunnyDay|[upkeep]
|upkeep
|
|t:|1760869452
|switch|p1a: Lilligant|Lilligant-Hisui, F, shiny|100/100
|turn|13
|
|t:|1760869459
|move|p1a: Lilligant|Solar Blade||[still]
|-prepare|p1a: Lilligant|Solar Blade
|-anim|p1a: Lilligant|Solar Blade|p2a: Blastoise
|-supereffective|p2a: Blastoise
|-damage|p2a: Blastoise|0 fnt
|faint|p2a: Blastoise
|
|-weather|none
|upkeep
|
|t:|1760869466
|switch|p2a: Ceruledge|Ceruledge, F|100/100
|turn|14
|inactive|SOULEATERNOODLES has 120 seconds left.
|
|t:|1760869471
|switch|p1a: Great Tusk|Great Tusk|100/100
|move|p2a: Ceruledge|Bitter Blade|p1a: Great Tusk
|-damage|p1a: Great Tusk|70/100
|
|-heal|p1a: Great Tusk|76/100|[from] item: Leftovers
|upkeep
|turn|15
|inactive|SOULEATERNOODLES has 120 seconds left.
|
|t:|1760869481
|move|p2a: Ceruledge|Poltergeist|p1a: Great Tusk
|-activate|p1a: Great Tusk|move: Poltergeist|Leftovers
|-damage|p1a: Great Tusk|37/100
|move|p1a: Great Tusk|Knock Off|p2a: Ceruledge
|-supereffective|p2a: Ceruledge
|-enditem|p2a: Ceruledge|Focus Sash
|-damage|p2a: Ceruledge|1/100
|-ability|p2a: Ceruledge|Weak Armor|boost
|-unboost|p2a: Ceruledge|def|1
|-boost|p2a: Ceruledge|spe|2
|
|-heal|p1a: Great Tusk|43/100|[from] item: Leftovers
|upkeep
|turn|16
|inactive|SOULEATERNOODLES has 120 seconds left.
|
|t:|1760869503
|move|p2a: Ceruledge|Poltergeist|p1a: Great Tusk
|-activate|p1a: Great Tusk|move: Poltergeist|Leftovers
|-damage|p1a: Great Tusk|2/100
|move|p1a: Great Tusk|Headlong Rush|p2a: Ceruledge
|-supereffective|p2a: Ceruledge
|-damage|p2a: Ceruledge|0 fnt
|-unboost|p1a: Great Tusk|def|1
|-unboost|p1a: Great Tusk|spd|1
|faint|p2a: Ceruledge
|
|-heal|p1a: Great Tusk|8/100|[from] item: Leftovers
|upkeep
|
|t:|1760869514
|switch|p2a: Samurott|Samurott-Hisui, M|100/100
|turn|17
|
|t:|1760869527
|move|p2a: Samurott|Aqua Cutter|p1a: Great Tusk
|-supereffective|p1a: Great Tusk
|-damage|p1a: Great Tusk|0 fnt
|faint|p1a: Great Tusk
|-end|p1a: Great Tusk|Protosynthesis|[silent]
|
|upkeep
|
|t:|1760869532
|switch|p1a: Torkoal|Torkoal, F|40/100
|-weather|SunnyDay|[from] ability: Drought|[of] p1a: Torkoal
|turn|18
|
|t:|1760869537
|move|p2a: Samurott|Aqua Cutter|p1a: Torkoal
|-supereffective|p1a: Torkoal
|-damage|p1a: Torkoal|13/100
|move|p1a: Torkoal|Solar Beam||[still]
|-prepare|p1a: Torkoal|Solar Beam
|-anim|p1a: Torkoal|Solar Beam|p2a: Samurott
|-supereffective|p2a: Samurott
|-damage|p2a: Samurott|26/100
|
|-weather|SunnyDay|[upkeep]
|upkeep
|turn|19
|-message|SOULEATERNOODLES forfeited.
|
|win|Sjones90420
|raw|Sjones90420's rating: 1200 &rarr; <strong>1227</strong><br />(+27 for winning)
|raw|SOULEATERNOODLES's rating: 1232 &rarr; <strong>1205</strong><br />(-27 for losing)
|l|☆SOULEATERNOODLES
|player|p2|
|l|☆Sjones90420
|player|p1|
