|j|☆doomdr2
|j|☆DiamondFury205
|t:|1760809353
|gametype|singles
|player|p1|doomdr2|1|1540
|player|p2|DiamondFury205|2|1531
|gen|9
|tier|[Gen 9] OU
|rated|
|rule|HP Percentage Mod: HP is shown in percentages
|rule|Endless Battle Clause: Forcing endless battles is banned
|rule|Species Clause: Limit one of each Pokémon
|rule|OHKO Clause: OHKO moves are banned
|rule|Evasion Items Clause: Evasion items are banned
|rule|Evasion Moves Clause: Evasion moves are banned
|rule|Evasion Abilities Clause: Evasion abilities are banned
|rule|Sleep Moves Clause: Sleep-inducing moves are banned
|clearpoke
|poke|p1|Kyurem|
|poke|p1|Landorus-Therian, M|
|poke|p1|Kingambit, M|
|poke|p1|Zamazenta-*|
|poke|p1|Great Tusk|
|poke|p1|Zapdos|
|poke|p2|Haxorus, M|
|poke|p2|Samurott-Hisui, F|
|poke|p2|Weavile, M|
|poke|p2|Great Tusk|
|poke|p2|Iron Crown|
|poke|p2|Tornadus-Therian, M|
|teampreview
|inactive|Battle timer is ON: inactive players will automatically lose when time's up. (requested by DiamondFury205)
|
|t:|1760809377
|teamsize|p1|6
|teamsize|p2|6
|start
|switch|p1a: Zapdos|Zapdos|100/100
|switch|p2a: Samurott|Samurott-Hisui, F|100/100
|turn|1
|
|t:|1760809387
|move|p1a: Zapdos|Volt Switch|p2a: Samurott
|-supereffective|p2a: Samurott
|-damage|p2a: Samurott|29/100
|
|t:|1760809391
|switch|p1a: Landorus|Landorus-Therian, M|100/100|[from] Volt Switch
|-ability|p1a: Landorus|Intimidate|boost
|-unboost|p2a: Samurott|atk|1
|move|p2a: Samurott|Knock Off|p1a: Landorus
|-damage|p1a: Landorus|71/100
|-damage|p2a: Samurott|13/100|[from] item: Rocky Helmet|[of] p1a: Landorus
|-enditem|p1a: Landorus|Rocky Helmet|[from] move: Knock Off|[of] p2a: Samurott
|
|upkeep
|turn|2
|
|t:|1760809404
|move|p1a: Landorus|U-turn|p2a: Samurott
|-supereffective|p2a: Samurott
|-damage|p2a: Samurott|0 fnt
|faint|p2a: Samurott
|
|t:|1760809421
|switch|p1a: Zapdos|Zapdos|100/100|[from] U-turn
|
|upkeep
|
|t:|1760809438
|switch|p2a: Iron Crown|Iron Crown|100/100
|turn|3
|
|t:|1760809449
|move|p1a: Zapdos|Heat Wave|p2a: Iron Crown
|-supereffective|p2a: Iron Crown
|-damage|p2a: Iron Crown|32/100
|-status|p2a: Iron Crown|brn
|move|p2a: Iron Crown|Psychic Noise|p1a: Zapdos
|-damage|p1a: Zapdos|58/100
|-start|p1a: Zapdos|move: Heal Block
|
|-damage|p2a: Iron Crown|26/100 brn|[from] brn
|upkeep
|turn|4
|
|t:|1760809461
|move|p1a: Zapdos|Heat Wave|p2a: Iron Crown
|-supereffective|p2a: Iron Crown
|-damage|p2a: Iron Crown|0 fnt
|faint|p2a: Iron Crown
|-end|p2a: Iron Crown|Quark Drive|[silent]
|
|-end|p1a: Zapdos|move: Heal Block
|upkeep
|
|t:|1760809472
|switch|p2a: Haxorus|Haxorus, M, shiny|100/100
|-ability|p2a: Haxorus|Mold Breaker
|turn|5
|
|t:|1760809479
|move|p1a: Zapdos|Volt Switch|p2a: Haxorus
|-resisted|p2a: Haxorus
|-damage|p2a: Haxorus|74/100
|
|t:|1760809486
|switch|p1a: Landorus|Landorus-Therian, M|71/100|[from] Volt Switch
|-ability|p1a: Landorus|Intimidate|boost
|-unboost|p2a: Haxorus|atk|1
|move|p2a: Haxorus|Swords Dance|p2a: Haxorus
|-boost|p2a: Haxorus|atk|2
|
|upkeep
|turn|6
|
|t:|1760809512
|switch|p1a: Zapdos|Zapdos|58/100
|move|p2a: Haxorus|Scale Shot|p1a: Zapdos
|-damage|p1a: Zapdos|30/100
|-damage|p1a: Zapdos|3/100
|-damage|p1a: Zapdos|0 fnt
|faint|p1a: Zapdos
|-hitcount|p1: Zapdos|3
|-unboost|p2a: Haxorus|def|1
|-boost|p2a: Haxorus|spe|1
|
|upkeep
|
|t:|1760809521
|switch|p1a: Landorus|Landorus-Therian, M|71/100
|-ability|p1a: Landorus|Intimidate|boost
|-unboost|p2a: Haxorus|atk|1
|turn|7
|
|t:|1760809527
|switch|p2a: Tornadus|Tornadus-Therian, M|100/100
|move|p1a: Landorus|Earth Power|p2a: Tornadus
|-immune|p2a: Tornadus
|
|upkeep
|turn|8
|
|t:|1760809541
|switch|p1a: Kyurem|Kyurem|100/100
|-ability|p1a: Kyurem|Pressure
|move|p2a: Tornadus|Bleakwind Storm|p1a: Kyurem
|-damage|p1a: Kyurem|78/100
|
|upkeep
|turn|9
|
|t:|1760809550
|move|p2a: Tornadus|Taunt|p1a: Kyurem
|-start|p1a: Kyurem|move: Taunt
|move|p1a: Kyurem|Ice Beam|p2a: Tornadus
|-supereffective|p2a: Tornadus
|-damage|p2a: Tornadus|1/100
|
|upkeep
|turn|10
|
|t:|1760809556
|move|p2a: Tornadus|Knock Off|p1a: Kyurem
|-damage|p1a: Kyurem|60/100
|-enditem|p1a: Kyurem|Assault Vest|[from] move: Knock Off|[of] p2a: Tornadus
|move|p1a: Kyurem|Ice Beam|p2a: Tornadus
|-supereffective|p2a: Tornadus
|-damage|p2a: Tornadus|0 fnt
|faint|p2a: Tornadus
|
|upkeep
|
|t:|1760809562
|switch|p2a: Weavile|Weavile, M|100/100
|-ability|p2a: Weavile|Pressure
|turn|11
|
|t:|1760809575
|move|p2a: Weavile|Swords Dance|p2a: Weavile
|-boost|p2a: Weavile|atk|2
|move|p1a: Kyurem|Focus Blast|p2a: Weavile
|-supereffective|p2a: Weavile
|-damage|p2a: Weavile|0 fnt
|faint|p2a: Weavile
|
|-end|p1a: Kyurem|move: Taunt
|upkeep
|-message|DiamondFury205 forfeited.
|
|win|doomdr2
|raw|doomdr2's rating: 1540 &rarr; <strong>1559</strong><br />(+19 for winning)
|raw|DiamondFury205's rating: 1531 &rarr; <strong>1512</strong><br />(-19 for losing)
|l|☆DiamondFury205
|player|p2|
