|j|☆healboy009
|j|☆kargreyy
|t:|1760775708
|gametype|singles
|player|p1|healboy009|backpacker|1363
|player|p2|kargreyy|170|1431
|gen|9
|tier|[Gen 9] OU
|rated|
|rule|HP Percentage Mod: HP is shown in percentages
|rule|Endless Battle Clause: Forcing endless battles is banned
|rule|Species Clause: Limit one of each Pokémon
|rule|OHKO Clause: OHKO moves are banned
|rule|Evasion Items Clause: Evasion items are banned
|rule|Evasion Moves Clause: Evasion moves are banned
|rule|Evasion Abilities Clause: Evasion abilities are banned
|rule|Sleep Moves Clause: Sleep-inducing moves are banned
|clearpoke
|poke|p1|Kingambit, F|
|poke|p1|Cinderace, F|
|poke|p1|Landorus-Therian, M|
|poke|p1|Iron Valiant|
|poke|p1|Kyurem|
|poke|p1|Slowking-Galar, M|
|poke|p2|Ogerpon, F|
|poke|p2|Alomomola, F|
|poke|p2|Slowking-Galar, M|
|poke|p2|Keldeo-Resolute|
|poke|p2|Garganacl, F|
|poke|p2|Kleavor, F|
|teampreview
|inactive|Battle timer is ON: inactive players will automatically lose when time's up. (requested by healboy009)
|
|t:|1760775729
|teamsize|p1|6
|teamsize|p2|6
|start
|switch|p1a: Homelandor|Landorus-Therian, M, shiny|100/100
|switch|p2a: Keldeo|Keldeo-Resolute|100/100
|-ability|p1a: Homelandor|Intimidate|boost
|-unboost|p2a: Keldeo|atk|1
|turn|1
|
|t:|1760775737
|switch|p1a: Chillionaire|Slowking-Galar, M, shiny|100/100
|move|p2a: Keldeo|Substitute|p2a: Keldeo
|-start|p2a: Keldeo|Substitute
|-damage|p2a: Keldeo|76/100
|
|-heal|p2a: Keldeo|82/100|[from] item: Leftovers
|upkeep
|turn|2
|
|t:|1760775742
|move|p2a: Keldeo|Hydro Pump|p1a: Chillionaire|[miss]
|-miss|p2a: Keldeo|p1a: Chillionaire
|move|p1a: Chillionaire|Psychic Noise|p2a: Keldeo
|-supereffective|p2a: Keldeo
|-damage|p2a: Keldeo|21/100
|-start|p2a: Keldeo|move: Heal Block
|
|upkeep
|turn|3
|
|t:|1760775753
|switch|p2a: Slowking|Slowking-Galar, M, shiny|100/100
|move|p1a: Chillionaire|Psychic Noise|p2a: Slowking
|-damage|p2a: Slowking|86/100
|-start|p2a: Slowking|move: Heal Block
|
|upkeep
|turn|4
|
|t:|1760775761
|move|p2a: Slowking|Future Sight|p1a: Chillionaire
|-start|p2a: Slowking|move: Future Sight
|move|p1a: Chillionaire|Thunder Wave|p2a: Slowking
|-status|p2a: Slowking|par
|
|-end|p2a: Slowking|move: Heal Block
|upkeep
|turn|5
|
|t:|1760775781
|switch|p1a: Daenerys|Kingambit, F|100/100
|cant|p2a: Slowking|par
|
|upkeep
|turn|6
|
|t:|1760775787
|switch|p2a: Alomomola|Alomomola, F, shiny|100/100
|move|p1a: Daenerys|Swords Dance|p1a: Daenerys
|-boost|p1a: Daenerys|atk|2
|
|-end|p1a: Daenerys|move: Future Sight
|-immune|p1a: Daenerys
|upkeep
|turn|7
|
|t:|1760775792
|move|p1a: Daenerys|Kowtow Cleave|p2a: Alomomola
|-damage|p2a: Alomomola|47/100
|-damage|p1a: Daenerys|84/100|[from] item: Rocky Helmet|[of] p2a: Alomomola
|move|p2a: Alomomola|Flip Turn|p1a: Daenerys
|-damage|p1a: Daenerys|72/100
|
|t:|1760775801
|switch|p2a: Garganacl|Garganacl, F, shiny|100/100|[from] Flip Turn
|
|-heal|p1a: Daenerys|78/100|[from] item: Leftovers
|upkeep
|turn|8
|
|t:|1760775810
|-terastallize|p2a: Garganacl|Water
|move|p1a: Daenerys|Iron Head|p2a: Garganacl
|-resisted|p2a: Garganacl
|-damage|p2a: Garganacl|73/100
|move|p2a: Garganacl|Iron Defense|p2a: Garganacl
|-boost|p2a: Garganacl|def|2
|
|-heal|p1a: Daenerys|84/100|[from] item: Leftovers
|-heal|p2a: Garganacl|79/100|[from] item: Leftovers
|upkeep
|turn|9
|
|t:|1760775825
|-end|p1a: Daenerys|fallenundefined|[silent]
|switch|p1a: Mr. Freeze|Kyurem, shiny|100/100
|-ability|p1a: Mr. Freeze|Pressure
|move|p2a: Garganacl|Salt Cure|p1a: Mr. Freeze
|-supereffective|p1a: Mr. Freeze
|-damage|p1a: Mr. Freeze|73/100
|-start|p1a: Mr. Freeze|Salt Cure
|
|-heal|p1a: Mr. Freeze|80/100|[from] item: Leftovers
|-heal|p2a: Garganacl|86/100|[from] item: Leftovers
|-damage|p1a: Mr. Freeze|67/100|[from] Salt Cure
|upkeep
|turn|10
|
|t:|1760775837
|switch|p2a: Slowking|Slowking-Galar, M, shiny|100/100 par
|move|p1a: Mr. Freeze|Freeze-Dry|p2a: Slowking
|-damage|p2a: Slowking|82/100 par
|
|-heal|p1a: Mr. Freeze|73/100|[from] item: Leftovers
|-damage|p1a: Mr. Freeze|61/100|[from] Salt Cure
|upkeep
|turn|11
|
|t:|1760775842
|-terastallize|p1a: Mr. Freeze|Ground
|move|p1a: Mr. Freeze|Earth Power|p2a: Slowking
|-supereffective|p2a: Slowking
|-damage|p2a: Slowking|36/100 par
|move|p2a: Slowking|Future Sight|p1a: Mr. Freeze
|-start|p2a: Slowking|move: Future Sight
|
|-heal|p1a: Mr. Freeze|67/100|[from] item: Leftovers
|-damage|p1a: Mr. Freeze|55/100|[from] Salt Cure
|upkeep
|turn|12
|
|t:|1760775850
|switch|p2a: Anonymous|Ogerpon, F|100/100
|move|p1a: Mr. Freeze|Freeze-Dry|p2a: Anonymous
|-supereffective|p2a: Anonymous
|-damage|p2a: Anonymous|20/100
|
|-heal|p1a: Mr. Freeze|61/100|[from] item: Leftovers
|-damage|p1a: Mr. Freeze|49/100|[from] Salt Cure
|upkeep
|turn|13
|
|t:|1760775858
|move|p2a: Anonymous|Rock Tomb|p1a: Mr. Freeze
|-resisted|p1a: Mr. Freeze
|-damage|p1a: Mr. Freeze|33/100
|-unboost|p1a: Mr. Freeze|spe|1
|move|p1a: Mr. Freeze|Freeze-Dry|p2a: Anonymous
|-supereffective|p2a: Anonymous
|-damage|p2a: Anonymous|0 fnt
|faint|p2a: Anonymous
|
|-end|p1a: Mr. Freeze|move: Future Sight
|-damage|p1a: Mr. Freeze|0 fnt
|faint|p1a: Mr. Freeze
|upkeep
|
|t:|1760775866
|switch|p2a: Alomomola|Alomomola, F, shiny|80/100
|switch|p1a: WALL-Y|Iron Valiant|100/100
|-enditem|p1a: WALL-Y|Booster Energy
|-activate|p1a: WALL-Y|ability: Quark Drive|[fromitem]
|-start|p1a: WALL-Y|quarkdrivespe
|turn|14
|
|t:|1760775870
|move|p1a: WALL-Y|Calm Mind|p1a: WALL-Y
|-boost|p1a: WALL-Y|spa|1
|-boost|p1a: WALL-Y|spd|1
|move|p2a: Alomomola|Wish|p2a: Alomomola
|
|upkeep
|turn|15
|
|t:|1760775875
|switch|p2a: Slowking|Slowking-Galar, M, shiny|70/100 par
|move|p1a: WALL-Y|Moonblast|p2a: Slowking
|-resisted|p2a: Slowking
|-damage|p2a: Slowking|51/100 par
|-unboost|p2a: Slowking|spa|1
|
|-heal|p2a: Slowking|100/100 par|[from] move: Wish|[wisher] Alomomola
|upkeep
|turn|16
|
|t:|1760775881
|move|p1a: WALL-Y|Shadow Ball|p2a: Slowking
|-supereffective|p2a: Slowking
|-damage|p2a: Slowking|60/100 par
|-unboost|p2a: Slowking|spd|1
|move|p2a: Slowking|Psyshock|p1a: WALL-Y
|-supereffective|p1a: WALL-Y
|-damage|p1a: WALL-Y|24/100
|
|upkeep
|turn|17
|
|t:|1760775891
|move|p1a: WALL-Y|Shadow Ball|p2a: Slowking
|-supereffective|p2a: Slowking
|-damage|p2a: Slowking|0 fnt
|faint|p2a: Slowking
|
|upkeep
|
|t:|1760775902
|switch|p2a: Garganacl|Garganacl, F, shiny, tera:Water|86/100
|turn|18
|
|t:|1760775908
|move|p1a: WALL-Y|Moonblast|p2a: Garganacl
|-damage|p2a: Garganacl|32/100
|move|p2a: Garganacl|Salt Cure|p1a: WALL-Y
|-resisted|p1a: WALL-Y
|-damage|p1a: WALL-Y|15/100
|-start|p1a: WALL-Y|Salt Cure
|
|-heal|p2a: Garganacl|38/100|[from] item: Leftovers
|-damage|p1a: WALL-Y|2/100|[from] Salt Cure
|upkeep
|turn|19
|
|t:|1760775921
|switch|p2a: Keldeo|Keldeo-Resolute|21/100
|move|p1a: WALL-Y|Moonblast|p2a: Keldeo
|-supereffective|p2a: Keldeo
|-damage|p2a: Keldeo|0 fnt
|faint|p2a: Keldeo
|
|-damage|p1a: WALL-Y|0 fnt|[from] Salt Cure
|faint|p1a: WALL-Y
|-end|p1a: WALL-Y|Quark Drive|[silent]
|upkeep
|
|t:|1760775930
|switch|p1a: Homelandor|Landorus-Therian, M, shiny|100/100
|switch|p2a: Alomomola|Alomomola, F, shiny|100/100
|-ability|p1a: Homelandor|Intimidate|boost
|-unboost|p2a: Alomomola|atk|1
|turn|20
|
|t:|1760775936
|move|p1a: Homelandor|Stealth Rock|p2a: Alomomola
|-sidestart|p2: kargreyy|move: Stealth Rock
|move|p2a: Alomomola|Wish|p2a: Alomomola
|
|upkeep
|turn|21
|
|t:|1760775943
|move|p1a: Homelandor|Earthquake|p2a: Alomomola
|-damage|p2a: Alomomola|74/100
|move|p2a: Alomomola|Flip Turn|p1a: Homelandor
|-supereffective|p1a: Homelandor
|-damage|p1a: Homelandor|80/100
|-damage|p2a: Alomomola|58/100|[from] item: Rocky Helmet|[of] p1a: Homelandor
|
|t:|1760775949
|switch|p2a: Garganacl|Garganacl, F, shiny, tera:Water|38/100|[from] Flip Turn
|-damage|p2a: Garganacl|25/100|[from] Stealth Rock
|
|-heal|p2a: Garganacl|98/100|[from] move: Wish|[wisher] Alomomola
|-heal|p2a: Garganacl|100/100|[from] item: Leftovers
|upkeep
|turn|22
|
|t:|1760775961
|move|p1a: Homelandor|Taunt|p2a: Garganacl
|-start|p2a: Garganacl|move: Taunt
|cant|p2a: Garganacl|move: Taunt|Iron Defense
|
|upkeep
|turn|23
|
|t:|1760775968
|switch|p1a: Chillionaire|Slowking-Galar, M, shiny|100/100
|switch|p2a: Alomomola|Alomomola, F, shiny|91/100
|-damage|p2a: Alomomola|79/100|[from] Stealth Rock
|
|upkeep
|turn|24
|
|t:|1760775974
|move|p2a: Alomomola|Flip Turn|p1a: Chillionaire
|-damage|p1a: Chillionaire|84/100
|
|t:|1760775976
|switch|p2a: Kleavor|Kleavor, F|100/100|[from] Flip Turn
|-damage|p2a: Kleavor|76/100|[from] Stealth Rock
|move|p1a: Chillionaire|Psychic Noise|p2a: Kleavor
|-damage|p2a: Kleavor|30/100
|-start|p2a: Kleavor|move: Heal Block
|
|upkeep
|turn|25
|
|t:|1760775983
|switch|p1a: Homelandor|Landorus-Therian, M, shiny|80/100
|-ability|p1a: Homelandor|Intimidate|boost
|-unboost|p2a: Kleavor|atk|1
|move|p2a: Kleavor|U-turn|p1a: Homelandor
|-resisted|p1a: Homelandor
|-damage|p1a: Homelandor|68/100
|-damage|p2a: Kleavor|14/100|[from] item: Rocky Helmet|[of] p1a: Homelandor
|
|t:|1760775992
|switch|p2a: Alomomola|Alomomola, F, shiny|100/100|[from] U-turn
|-damage|p2a: Alomomola|88/100|[from] Stealth Rock
|
|upkeep
|turn|26
|
|t:|1760775996
|move|p1a: Homelandor|Taunt|p2a: Alomomola
|-start|p2a: Alomomola|move: Taunt
|cant|p2a: Alomomola|move: Taunt|Wish
|
|upkeep
|turn|27
|
|t:|1760776001
|move|p1a: Homelandor|Earthquake|p2a: Alomomola
|-damage|p2a: Alomomola|63/100
|move|p2a: Alomomola|Flip Turn|p1a: Homelandor
|-supereffective|p1a: Homelandor
|-damage|p1a: Homelandor|37/100
|-damage|p2a: Alomomola|46/100|[from] item: Rocky Helmet|[of] p1a: Homelandor
|
|t:|1760776009
|switch|p2a: Garganacl|Garganacl, F, shiny, tera:Water|100/100|[from] Flip Turn
|-damage|p2a: Garganacl|88/100|[from] Stealth Rock
|
|-heal|p2a: Garganacl|94/100|[from] item: Leftovers
|upkeep
|turn|28
|
|t:|1760776013
|move|p1a: Homelandor|Taunt|p2a: Garganacl
|-start|p2a: Garganacl|move: Taunt
|move|p2a: Garganacl|Salt Cure|p1a: Homelandor
|-damage|p1a: Homelandor|24/100
|-start|p1a: Homelandor|Salt Cure
|
|-heal|p2a: Garganacl|100/100|[from] item: Leftovers
|-damage|p1a: Homelandor|12/100|[from] Salt Cure
|upkeep
|turn|29
|
|t:|1760776029
|move|p1a: Homelandor|Earthquake|p2a: Garganacl
|-damage|p2a: Garganacl|74/100
|move|p2a: Garganacl|Salt Cure|p1a: Homelandor
|-damage|p1a: Homelandor|0 fnt
|faint|p1a: Homelandor
|
|-heal|p2a: Garganacl|81/100|[from] item: Leftovers
|upkeep
|
|t:|1760776035
|switch|p1a: Chillionaire|Slowking-Galar, M, shiny|100/100
|turn|30
|
|t:|1760776040
|switch|p2a: Alomomola|Alomomola, F, shiny|80/100
|-damage|p2a: Alomomola|67/100|[from] Stealth Rock
|move|p1a: Chillionaire|Psychic Noise|p2a: Alomomola
|-damage|p2a: Alomomola|34/100
|-start|p2a: Alomomola|move: Heal Block
|
|upkeep
|turn|31
|
|t:|1760776049
|switch|p2a: Kleavor|Kleavor, F|14/100
|-damage|p2a: Kleavor|0 fnt|[from] Stealth Rock
|faint|p2a: Kleavor
|move|p1a: Chillionaire|Sludge Bomb|p2: Kleavor|[notarget]
|-fail|p1a: Chillionaire
|
|upkeep
|
|t:|1760776055
|switch|p2a: Alomomola|Alomomola, F, shiny|68/100
|-damage|p2a: Alomomola|55/100|[from] Stealth Rock
|turn|32
|
|t:|1760776058
|move|p1a: Chillionaire|Psychic Noise|p2a: Alomomola
|-damage|p2a: Alomomola|19/100
|-start|p2a: Alomomola|move: Heal Block
|move|p2a: Alomomola|Mirror Coat|p1a: Chillionaire
|-damage|p1a: Chillionaire|3/100
|
|upkeep
|turn|33
|
|t:|1760776069
|switch|p2a: Garganacl|Garganacl, F, shiny, tera:Water|81/100
|-damage|p2a: Garganacl|68/100|[from] Stealth Rock
|move|p1a: Chillionaire|Psychic Noise|p2a: Garganacl
|-damage|p2a: Garganacl|47/100
|-start|p2a: Garganacl|move: Heal Block
|
|upkeep
|turn|34
|
|t:|1760776076
|switch|p1a: Kristine|Cinderace, F, shiny|100/100
|move|p2a: Garganacl|Salt Cure|p1a: Kristine
|-supereffective|p1a: Kristine
|-damage|p1a: Kristine|69/100
|-start|p1a: Kristine|Salt Cure
|
|-damage|p1a: Kristine|56/100|[from] Salt Cure
|-end|p2a: Garganacl|move: Heal Block
|upkeep
|turn|35
|
|t:|1760776088
|move|p1a: Kristine|U-turn|p2a: Garganacl
|-damage|p2a: Garganacl|37/100
|
|t:|1760776090
|switch|p1a: Chillionaire|Slowking-Galar, M, shiny|36/100|[from] U-turn
|move|p2a: Garganacl|Recover|p2a: Garganacl
|-heal|p2a: Garganacl|87/100
|
|-heal|p2a: Garganacl|93/100|[from] item: Leftovers
|upkeep
|turn|36
|
|t:|1760776099
|switch|p1a: Kristine|Cinderace, F, shiny|56/100
|move|p2a: Garganacl|Salt Cure|p1a: Kristine
|-supereffective|p1a: Kristine
|-damage|p1a: Kristine|26/100
|-start|p1a: Kristine|Salt Cure
|
|-heal|p2a: Garganacl|99/100|[from] item: Leftovers
|-damage|p1a: Kristine|13/100|[from] Salt Cure
|upkeep
|turn|37
|
|t:|1760776106
|move|p1a: Kristine|U-turn|p2a: Garganacl
|-damage|p2a: Garganacl|89/100
|
|t:|1760776109
|switch|p1a: Chillionaire|Slowking-Galar, M, shiny|69/100|[from] U-turn
|move|p2a: Garganacl|Iron Defense|p2a: Garganacl
|-boost|p2a: Garganacl|def|2
|
|-heal|p2a: Garganacl|95/100|[from] item: Leftovers
|upkeep
|turn|38
|
|t:|1760776115
|move|p2a: Garganacl|Salt Cure|p1a: Chillionaire
|-damage|p1a: Chillionaire|54/100
|-start|p1a: Chillionaire|Salt Cure
|move|p1a: Chillionaire|Sludge Bomb|p2a: Garganacl
|-damage|p2a: Garganacl|67/100
|
|-heal|p2a: Garganacl|73/100|[from] item: Leftovers
|-damage|p1a: Chillionaire|42/100|[from] Salt Cure
|upkeep
|turn|39
|
|t:|1760776124
|move|p2a: Garganacl|Salt Cure|p1a: Chillionaire
|-damage|p1a: Chillionaire|29/100
|move|p1a: Chillionaire|Psychic Noise|p2a: Garganacl
|-damage|p2a: Garganacl|50/100
|-start|p2a: Garganacl|move: Heal Block
|
|-damage|p1a: Chillionaire|16/100|[from] Salt Cure
|upkeep
|turn|40
|
|t:|1760776134
|switch|p1a: Kristine|Cinderace, F, shiny|13/100
|move|p2a: Garganacl|Salt Cure|p1a: Kristine
|-supereffective|p1a: Kristine
|-damage|p1a: Kristine|0 fnt
|faint|p1a: Kristine
|
|-end|p2a: Garganacl|move: Heal Block
|upkeep
|
|t:|1760776143
|switch|p1a: Chillionaire|Slowking-Galar, M, shiny|50/100
|turn|41
|
|t:|1760776146
|move|p2a: Garganacl|Recover|p2a: Garganacl
|-heal|p2a: Garganacl|99/100
|move|p1a: Chillionaire|Psychic Noise|p2a: Garganacl
|-damage|p2a: Garganacl|77/100
|-start|p2a: Garganacl|move: Heal Block
|
|upkeep
|turn|42
|
|t:|1760776149
|move|p2a: Garganacl|Salt Cure|p1a: Chillionaire
|-damage|p1a: Chillionaire|35/100
|-start|p1a: Chillionaire|Salt Cure
|move|p1a: Chillionaire|Sludge Bomb|p2a: Garganacl
|-damage|p2a: Garganacl|46/100
|
|-damage|p1a: Chillionaire|23/100|[from] Salt Cure
|-end|p2a: Garganacl|move: Heal Block
|upkeep
|turn|43
|
|t:|1760776158
|switch|p1a: Daenerys|Kingambit, F|84/100
|-activate|p1a: Daenerys|ability: Supreme Overlord
|-start|p1a: Daenerys|fallen4|[silent]
|move|p2a: Garganacl|Recover|p2a: Garganacl
|-heal|p2a: Garganacl|96/100
|
|-heal|p1a: Daenerys|90/100|[from] item: Leftovers
|-heal|p2a: Garganacl|100/100|[from] item: Leftovers
|upkeep
|turn|44
|
|t:|1760776164
|-end|p1a: Daenerys|fallen4|[silent]
|switch|p1a: Chillionaire|Slowking-Galar, M, shiny|56/100
|move|p2a: Garganacl|Body Press|p1a: Chillionaire
|-resisted|p1a: Chillionaire
|-damage|p1a: Chillionaire|42/100
|
|upkeep
|turn|45
|
|t:|1760776171
|move|p2a: Garganacl|Salt Cure|p1a: Chillionaire
|-damage|p1a: Chillionaire|29/100
|-start|p1a: Chillionaire|Salt Cure
|move|p1a: Chillionaire|Psychic Noise|p2a: Garganacl
|-damage|p2a: Garganacl|76/100
|-start|p2a: Garganacl|move: Heal Block
|
|-damage|p1a: Chillionaire|16/100|[from] Salt Cure
|upkeep
|turn|46
|
|t:|1760776181
|switch|p1a: Daenerys|Kingambit, F|90/100
|-activate|p1a: Daenerys|ability: Supreme Overlord
|-start|p1a: Daenerys|fallen4|[silent]
|move|p2a: Garganacl|Body Press|p1a: Daenerys
|-supereffective|p1a: Daenerys
|-damage|p1a: Daenerys|0 fnt
|faint|p1a: Daenerys
|-end|p1a: Daenerys|fallen4|[silent]
|
|-end|p2a: Garganacl|move: Heal Block
|upkeep
|
|t:|1760776187
|switch|p1a: Chillionaire|Slowking-Galar, M, shiny|50/100
|turn|47
|
|t:|1760776190
|move|p2a: Garganacl|Salt Cure|p1a: Chillionaire
|-damage|p1a: Chillionaire|36/100
|-start|p1a: Chillionaire|Salt Cure
|move|p1a: Chillionaire|Psychic Noise|p2a: Garganacl
|-damage|p2a: Garganacl|53/100
|-start|p2a: Garganacl|move: Heal Block
|
|-damage|p1a: Chillionaire|24/100|[from] Salt Cure
|upkeep
|turn|48
|
|t:|1760776200
|move|p2a: Garganacl|Body Press|p1a: Chillionaire
|-resisted|p1a: Chillionaire
|-damage|p1a: Chillionaire|9/100
|move|p1a: Chillionaire|Psychic Noise|p2a: Garganacl
|-damage|p2a: Garganacl|28/100
|
|-damage|p1a: Chillionaire|0 fnt|[from] Salt Cure
|faint|p1a: Chillionaire
|
|win|kargreyy
|raw|healboy009's rating: 1363 &rarr; <strong>1347</strong><br />(-16 for losing)
|raw|kargreyy's rating: 1431 &rarr; <strong>1447</strong><br />(+16 for winning)
|l|☆kargreyy
|player|p2|
|l|☆healboy009
|player|p1|
