|j|☆swagataka
|j|☆TouchedByJoey
|t:|1760814679
|gametype|singles
|player|p1|swagataka|byron|1630
|player|p2|TouchedByJoey|n|1570
|gen|9
|tier|[Gen 9] OU
|rated|
|rule|HP Percentage Mod: HP is shown in percentages
|rule|Endless Battle Clause: Forcing endless battles is banned
|rule|Species Clause: Limit one of each Pokémon
|rule|OHKO Clause: OHKO moves are banned
|rule|Evasion Items Clause: Evasion items are banned
|rule|Evasion Moves Clause: Evasion moves are banned
|rule|Evasion Abilities Clause: Evasion abilities are banned
|rule|Sleep Moves Clause: Sleep-inducing moves are banned
|clearpoke
|poke|p1|Kingambit, F|
|poke|p1|Regigigas|
|poke|p1|Zoroark-Hisui, M|
|poke|p1|Great Tusk|
|poke|p1|Pecharunt|
|poke|p1|Quaquaval, F|
|poke|p2|Rillaboom, M|
|poke|p2|Gholdengo|
|poke|p2|Great Tusk|
|poke|p2|Primarina, F|
|poke|p2|Dragapult, F|
|poke|p2|Dragonite, M|
|teampreview
|inactive|Battle timer is ON: inactive players will automatically lose when time's up. (requested by TouchedByJoey)
|inactive|TouchedByJoey has 120 seconds left.
|
|t:|1760814731
|teamsize|p1|6
|teamsize|p2|6
|start
|switch|p1a: Irönhead|Kingambit, F|100/100
|switch|p2a: Dragapult|Dragapult, F|100/100
|-item|p1a: Irönhead|Air Balloon
|turn|1
|
|t:|1760814745
|switch|p2a: Great Tusk|Great Tusk|100/100
|switch|p1a: R.E.G.R.E.M.I.X|Regigigas, shiny|100/100
|-start|p1a: R.E.G.R.E.M.I.X|ability: Slow Start
|
|upkeep
|turn|2
|
|t:|1760814753
|move|p2a: Great Tusk|Stealth Rock|p1a: R.E.G.R.E.M.I.X
|-sidestart|p1: swagataka|move: Stealth Rock
|move|p1a: R.E.G.R.E.M.I.X|Earth Power|p2a: Great Tusk
|-damage|p2a: Great Tusk|55/100
|
|upkeep
|turn|3
|
|t:|1760814763
|-end|p2a: Great Tusk|Protosynthesis|[silent]
|switch|p2a: Rillaboom|Rillaboom, M|100/100
|-fieldstart|move: Grassy Terrain|[from] ability: Grassy Surge|[of] p2a: Rillaboom
|move|p1a: R.E.G.R.E.M.I.X|Earth Power|p2a: Rillaboom
|-resisted|p2a: Rillaboom
|-damage|p2a: Rillaboom|74/100
|
|-heal|p2a: Rillaboom|80/100|[from] Grassy Terrain
|upkeep
|turn|4
|
|t:|1760814768
|move|p2a: Rillaboom|Wood Hammer|p1a: R.E.G.R.E.M.I.X
|-damage|p1a: R.E.G.R.E.M.I.X|0 fnt
|faint|p1a: R.E.G.R.E.M.I.X
|-damage|p2a: Rillaboom|39/100|[from] Recoil
|
|-heal|p2a: Rillaboom|45/100|[from] Grassy Terrain
|upkeep
|
|t:|1760814773
|switch|p1a: Apacherunt|Pecharunt|100/100
|turn|5
|
|t:|1760814780
|switch|p2a: Gholdengo|Gholdengo|100/100
|-item|p2a: Gholdengo|Air Balloon
|switch|p1a: Steely Don|Great Tusk|100/100
|
|upkeep
|turn|6
|
|t:|1760814784
|move|p1a: Steely Don|Knock Off|p2a: Gholdengo
|-supereffective|p2a: Gholdengo
|-damage|p2a: Gholdengo|48/100
|-enditem|p2a: Gholdengo|Air Balloon
|move|p2a: Gholdengo|Make It Rain|p1a: Steely Don
|-damage|p1a: Steely Don|17/100
|-unboost|p2a: Gholdengo|spa|1
|
|-heal|p1a: Steely Don|23/100|[from] Grassy Terrain
|-heal|p2a: Gholdengo|54/100|[from] Grassy Terrain
|upkeep
|turn|7
|
|t:|1760814790
|switch|p2a: Rillaboom|Rillaboom, M|45/100
|move|p1a: Steely Don|Headlong Rush|p2a: Rillaboom
|-resisted|p2a: Rillaboom
|-damage|p2a: Rillaboom|13/100
|-unboost|p1a: Steely Don|def|1
|-unboost|p1a: Steely Don|spd|1
|
|-heal|p1a: Steely Don|29/100|[from] Grassy Terrain
|-heal|p2a: Rillaboom|19/100|[from] Grassy Terrain
|-fieldend|move: Grassy Terrain
|upkeep
|turn|8
|
|t:|1760814801
|switch|p2a: Great Tusk|Great Tusk|55/100
|move|p1a: Steely Don|Ice Spinner|p2a: Great Tusk
|-supereffective|p2a: Great Tusk
|-damage|p2a: Great Tusk|17/100
|-damage|p1a: Steely Don|13/100|[from] item: Rocky Helmet|[of] p2a: Great Tusk
|
|upkeep
|turn|9
|
|t:|1760814816
|-end|p1a: Steely Don|Protosynthesis|[silent]
|switch|p1a: Irönhead|Kingambit, F|100/100
|-damage|p1a: Irönhead|88/100|[from] Stealth Rock
|-item|p1a: Irönhead|Air Balloon
|move|p2a: Great Tusk|Ice Spinner|p1a: Irönhead
|-damage|p1a: Irönhead|43/100
|replace|p1a: Linkin Zark|Zoroark-Hisui, M, shiny
|-end|p1a: Linkin Zark|Illusion
|-enditem|p1a: Linkin Zark|Air Balloon
|
|upkeep
|turn|10
|
|t:|1760814826
|-end|p2a: Great Tusk|Protosynthesis|[silent]
|switch|p2a: Primarina|Primarina, F|100/100
|move|p1a: Linkin Zark|Shadow Ball|p2a: Primarina
|-damage|p2a: Primarina|72/100
|
|upkeep
|turn|11
|
|t:|1760814836
|move|p1a: Linkin Zark|Grass Knot|p2a: Primarina
|-supereffective|p2a: Primarina
|-damage|p2a: Primarina|48/100
|move|p2a: Primarina|Moonblast|p1a: Linkin Zark
|-crit|p1a: Linkin Zark
|-damage|p1a: Linkin Zark|0 fnt
|faint|p1a: Linkin Zark
|
|upkeep
|
|t:|1760814841
|switch|p1a: Steely Don|Great Tusk|13/100
|turn|12
|
|t:|1760814860
|move|p1a: Steely Don|Rapid Spin|p2a: Primarina
|-damage|p2a: Primarina|23/100
|-boost|p1a: Steely Don|spe|1
|-sideend|p1: swagataka|Stealth Rock|[from] move: Rapid Spin|[of] p1a: Steely Don
|move|p2a: Primarina|Flip Turn|p1a: Steely Don
|-supereffective|p1a: Steely Don
|-damage|p1a: Steely Don|0 fnt
|faint|p1a: Steely Don
|-end|p1a: Steely Don|Protosynthesis|[silent]
|
|t:|1760814868
|switch|p2a: Rillaboom|Rillaboom, M|19/100|[from] Flip Turn
|-fieldstart|move: Grassy Terrain|[from] ability: Grassy Surge|[of] p2a: Rillaboom
|
|-heal|p2a: Rillaboom|25/100|[from] Grassy Terrain
|upkeep
|
|t:|1760814875
|switch|p1a: Apacherunt|Pecharunt|100/100
|turn|13
|
|t:|1760814881
|switch|p2a: Gholdengo|Gholdengo|54/100
|move|p1a: Apacherunt|Shadow Ball|p2a: Gholdengo
|-supereffective|p2a: Gholdengo
|-damage|p2a: Gholdengo|9/100
|
|-heal|p2a: Gholdengo|15/100|[from] Grassy Terrain
|upkeep
|turn|14
|
|t:|1760814887
|switch|p1a: Irönhead|Kingambit, F|100/100
|-item|p1a: Irönhead|Air Balloon
|move|p2a: Gholdengo|Recover|p2a: Gholdengo
|-heal|p2a: Gholdengo|65/100
|
|-heal|p2a: Gholdengo|71/100|[from] Grassy Terrain
|upkeep
|turn|15
|
|t:|1760814892
|switch|p2a: Great Tusk|Great Tusk|17/100
|move|p1a: Irönhead|Stealth Rock|p2a: Great Tusk
|-sidestart|p2: TouchedByJoey|move: Stealth Rock
|
|-heal|p2a: Great Tusk|23/100|[from] Grassy Terrain
|upkeep
|turn|16
|
|t:|1760814901
|move|p2a: Great Tusk|Rapid Spin|p1a: Irönhead
|-resisted|p1a: Irönhead
|-damage|p1a: Irönhead|95/100
|-boost|p2a: Great Tusk|spe|1
|-enditem|p1a: Irönhead|Air Balloon
|-sideend|p2: TouchedByJoey|Stealth Rock|[from] move: Rapid Spin|[of] p2a: Great Tusk
|move|p1a: Irönhead|Iron Head|p2a: Great Tusk
|-crit|p2a: Great Tusk
|-damage|p2a: Great Tusk|0 fnt
|-damage|p1a: Irönhead|78/100|[from] item: Rocky Helmet|[of] p2a: Great Tusk
|faint|p2a: Great Tusk
|-end|p2a: Great Tusk|Protosynthesis|[silent]
|
|-heal|p1a: Irönhead|84/100|[from] Grassy Terrain
|-fieldend|move: Grassy Terrain
|upkeep
|
|t:|1760814906
|switch|p2a: Dragonite|Dragonite, M|100/100
|turn|17
|
|t:|1760814910
|switch|p1a: Apacherunt|Pecharunt|100/100
|move|p2a: Dragonite|Dragon Dance|p2a: Dragonite
|-boost|p2a: Dragonite|atk|1
|-boost|p2a: Dragonite|spe|1
|
|upkeep
|turn|18
|
|t:|1760814915
|move|p2a: Dragonite|Earthquake|p1a: Apacherunt
|-supereffective|p1a: Apacherunt
|-damage|p1a: Apacherunt|43/100
|move|p1a: Apacherunt|Toxic|p2a: Dragonite
|-status|p2a: Dragonite|tox
|-start|p2a: Dragonite|confusion|[from] ability: Poison Puppeteer|[of] p1a: Apacherunt
|
|-damage|p2a: Dragonite|94/100 tox|[from] psn
|upkeep
|turn|19
|
|t:|1760814927
|-activate|p2a: Dragonite|confusion
|move|p2a: Dragonite|Earthquake|p1a: Apacherunt
|-supereffective|p1a: Apacherunt
|-damage|p1a: Apacherunt|0 fnt
|faint|p1a: Apacherunt
|
|-damage|p2a: Dragonite|82/100 tox|[from] psn
|upkeep
|
|t:|1760814932
|switch|p1a: Quack Sabbath|Quaquaval, F|100/100
|turn|20
|
|t:|1760814940
|switch|p1a: Irönhead|Kingambit, F|84/100
|-activate|p2a: Dragonite|confusion
|move|p2a: Dragonite|Earthquake|p1a: Irönhead
|-supereffective|p1a: Irönhead
|-crit|p1a: Irönhead
|-damage|p1a: Irönhead|0 fnt
|faint|p1a: Irönhead
|
|-damage|p2a: Dragonite|63/100 tox|[from] psn
|upkeep
|
|t:|1760814943
|switch|p1a: Quack Sabbath|Quaquaval, F|100/100
|turn|21
|
|t:|1760814947
|-activate|p2a: Dragonite|confusion
|move|p2a: Dragonite|Earthquake|p1a: Quack Sabbath
|-damage|p1a: Quack Sabbath|42/100
|move|p1a: Quack Sabbath|Aqua Step|p2a: Dragonite
|-resisted|p2a: Dragonite
|-damage|p2a: Dragonite|42/100 tox
|-boost|p1a: Quack Sabbath|spe|1
|
|-heal|p1a: Quack Sabbath|48/100|[from] item: Leftovers
|-damage|p2a: Dragonite|17/100 tox|[from] psn
|upkeep
|turn|22
|
|t:|1760814953
|-activate|p2a: Dragonite|confusion
|move|p2a: Dragonite|Extreme Speed|p1a: Quack Sabbath
|-damage|p1a: Quack Sabbath|0 fnt
|faint|p1a: Quack Sabbath
|
|win|TouchedByJoey
|raw|swagataka's rating: 1630 &rarr; <strong>1607</strong><br />(-23 for losing)
|raw|TouchedByJoey's rating: 1570 &rarr; <strong>1593</strong><br />(+23 for winning)
|l|☆swagataka
|player|p1|
|l|☆TouchedByJoey
|player|p2|
