|j|☆averystonefan
|j|☆KennytheslugSmith
|t:|1760874912
|gametype|singles
|player|p1|averystonefan|102|1488
|player|p2|KennytheslugSmith|scientist-gen4dp|1498
|gen|9
|tier|[Gen 9] OU
|rated|
|rule|HP Percentage Mod: HP is shown in percentages
|rule|Endless Battle Clause: Forcing endless battles is banned
|rule|Species Clause: Limit one of each Pokémon
|rule|OHKO Clause: OHKO moves are banned
|rule|Evasion Items Clause: Evasion items are banned
|rule|Evasion Moves Clause: Evasion moves are banned
|rule|Evasion Abilities Clause: Evasion abilities are banned
|rule|Sleep Moves Clause: Sleep-inducing moves are banned
|clearpoke
|poke|p1|Tornadus-Therian, M|
|poke|p1|Great Tusk|
|poke|p1|Kyurem|
|poke|p1|Kingambit, M|
|poke|p1|Slowking-Galar, M|
|poke|p1|Hatterene, F|
|poke|p2|Hydrapple, M|
|poke|p2|Skarmory, M|
|poke|p2|Tyranitar, F|
|poke|p2|Alomomola, M|
|poke|p2|Clodsire, F|
|poke|p2|Clefable, M|
|teampreview
|inactive|Battle timer is ON: inactive players will automatically lose when time's up. (requested by KennytheslugSmith)
|
|t:|1760874919
|teamsize|p1|6
|teamsize|p2|6
|start
|switch|p1a: Tornadus|Tornadus-Therian, M|100/100
|switch|p2a: Tyranitar|Tyranitar, F|100/100
|-weather|Sandstorm|[from] ability: Sand Stream|[of] p2a: Tyranitar
|turn|1
|
|t:|1760874927
|move|p1a: Tornadus|U-turn|p2a: Tyranitar
|-supereffective|p2a: Tyranitar
|-damage|p2a: Tyranitar|77/100
|
|t:|1760874933
|switch|p1a: Great Tusk|Great Tusk|100/100|[from] U-turn
|move|p2a: Tyranitar|Knock Off|p1a: Great Tusk
|-resisted|p1a: Great Tusk
|-damage|p1a: Great Tusk|85/100
|-damage|p2a: Tyranitar|60/100|[from] item: Rocky Helmet|[of] p1a: Great Tusk
|-enditem|p1a: Great Tusk|Rocky Helmet|[from] move: Knock Off|[of] p2a: Tyranitar
|
|-weather|Sandstorm|[upkeep]
|upkeep
|turn|2
|
|t:|1760874944
|move|p1a: Great Tusk|Stealth Rock|p2a: Tyranitar
|-sidestart|p2: KennytheslugSmith|move: Stealth Rock
|move|p2a: Tyranitar|Ice Beam|p1a: Great Tusk
|-supereffective|p1a: Great Tusk
|-damage|p1a: Great Tusk|19/100
|
|-weather|Sandstorm|[upkeep]
|upkeep
|turn|3
|
|t:|1760874952
|switch|p2a: Alomomola|Alomomola, M, shiny|100/100
|move|p1a: Great Tusk|Headlong Rush|p2a: Alomomola
|-damage|p2a: Alomomola|64/100
|-unboost|p1a: Great Tusk|def|1
|-unboost|p1a: Great Tusk|spd|1
|
|-weather|Sandstorm|[upkeep]
|-damage|p2a: Alomomola|58/100|[from] Sandstorm
|upkeep
|turn|4
|
|t:|1760874970
|-end|p1a: Great Tusk|Protosynthesis|[silent]
|switch|p1a: Tornadus|Tornadus-Therian, M|100/100
|move|p2a: Alomomola|Flip Turn|p1a: Tornadus
|-damage|p1a: Tornadus|83/100
|
|t:|1760874976
|switch|p2a: Tyranitar|Tyranitar, F|60/100|[from] Flip Turn
|
|-weather|Sandstorm|[upkeep]
|-damage|p1a: Tornadus|77/100|[from] Sandstorm
|upkeep
|turn|5
|
|t:|1760874983
|switch|p2a: Alomomola|Alomomola, M, shiny|91/100
|move|p1a: Tornadus|U-turn|p2a: Alomomola
|-damage|p2a: Alomomola|82/100
|
|t:|1760874989
|switch|p1a: Kyurem|Kyurem|100/100|[from] U-turn
|-ability|p1a: Kyurem|Pressure
|
|-weather|none
|upkeep
|turn|6
|
|t:|1760874996
|move|p2a: Alomomola|Protect|p2a: Alomomola
|-singleturn|p2a: Alomomola|Protect
|move|p1a: Kyurem|Freeze-Dry|p2a: Alomomola
|-activate|p2a: Alomomola|move: Protect
|
|upkeep
|turn|7
|
|t:|1760875003
|switch|p2a: Tyranitar|Tyranitar, F|60/100
|-weather|Sandstorm|[from] ability: Sand Stream|[of] p2a: Tyranitar
|-terastallize|p1a: Kyurem|Ice
|move|p1a: Kyurem|Freeze-Dry|p2a: Tyranitar
|-damage|p2a: Tyranitar|31/100
|
|-weather|Sandstorm|[upkeep]
|-damage|p1a: Kyurem|94/100|[from] Sandstorm
|upkeep
|turn|8
|
|t:|1760875015
|switch|p1a: Hatterene|Hatterene, F|100/100
|move|p2a: Tyranitar|Knock Off|p1a: Hatterene
|-damage|p1a: Hatterene|67/100
|-enditem|p1a: Hatterene|Leftovers|[from] move: Knock Off|[of] p2a: Tyranitar
|
|-weather|Sandstorm|[upkeep]
|-damage|p1a: Hatterene|61/100|[from] Sandstorm
|upkeep
|turn|9
|
|t:|1760875025
|switch|p2a: Clefable|Clefable, M|100/100
|move|p1a: Hatterene|Draining Kiss|p2a: Clefable
|-damage|p2a: Clefable|81/100
|-heal|p1a: Hatterene|79/100|[from] drain|[of] p2a: Clefable
|
|-weather|Sandstorm|[upkeep]
|-damage|p1a: Hatterene|73/100|[from] Sandstorm
|-damage|p1a: Hatterene|61/100|[from] item: Sticky Barb
|upkeep
|turn|10
|
|t:|1760875036
|switch|p1a: Slowking|Slowking-Galar, M|100/100
|move|p2a: Clefable|Wish|p2a: Clefable
|
|-weather|Sandstorm|[upkeep]
|-damage|p1a: Slowking|94/100|[from] Sandstorm
|-heal|p1a: Slowking|100/100|[from] item: Black Sludge
|upkeep
|turn|11
|
|t:|1760875044
|switch|p2a: Tyranitar|Tyranitar, F|31/100
|-prepare|p1a: Slowking|Chilly Reception|[premajor]
|move|p1a: Slowking|Chilly Reception|p1a: Slowking
|-weather|Snowscape
|
|t:|1760875069
|switch|p1a: Tornadus|Tornadus-Therian, M|100/100|[from] Chilly Reception
|
|-weather|Snowscape|[upkeep]
|-heal|p2a: Tyranitar|80/100|[from] move: Wish|[wisher] Clefable
|upkeep
|turn|12
|
|t:|1760875077
|switch|p2a: Alomomola|Alomomola, M, shiny|100/100
|move|p1a: Tornadus|U-turn|p2a: Alomomola
|-crit|p2a: Alomomola
|-damage|p2a: Alomomola|88/100
|
|t:|1760875088
|switch|p1a: Slowking|Slowking-Galar, M|100/100|[from] U-turn
|
|-weather|Snowscape|[upkeep]
|upkeep
|turn|13
|
|t:|1760875094
|move|p2a: Alomomola|Flip Turn|p1a: Slowking
|-damage|p1a: Slowking|84/100
|
|t:|1760875097
|switch|p2a: Tyranitar|Tyranitar, F|80/100|[from] Flip Turn
|-weather|Sandstorm|[from] ability: Sand Stream|[of] p2a: Tyranitar
|move|p1a: Slowking|Trick|p2a: Tyranitar
|-activate|p1a: Slowking|move: Trick|[of] p2a: Tyranitar
|-item|p2a: Tyranitar|Black Sludge|[from] move: Trick
|-item|p1a: Slowking|Heavy-Duty Boots|[from] move: Trick
|
|-weather|Sandstorm|[upkeep]
|-damage|p1a: Slowking|78/100|[from] Sandstorm
|-damage|p2a: Tyranitar|68/100|[from] item: Black Sludge
|upkeep
|turn|14
|
|t:|1760875113
|switch|p1a: Hatterene|Hatterene, F|61/100
|move|p2a: Tyranitar|Knock Off|p1a: Hatterene
|-damage|p1a: Hatterene|25/100
|-enditem|p1a: Hatterene|Sticky Barb|[from] move: Knock Off|[of] p2a: Tyranitar
|
|-weather|Sandstorm|[upkeep]
|-damage|p1a: Hatterene|19/100|[from] Sandstorm
|-damage|p2a: Tyranitar|55/100|[from] item: Black Sludge
|upkeep
|turn|15
|
|t:|1760875127
|move|p2a: Tyranitar|Ice Beam|p1a: Hatterene
|-damage|p1a: Hatterene|0 fnt
|faint|p1a: Hatterene
|
|-weather|Sandstorm|[upkeep]
|-damage|p2a: Tyranitar|43/100|[from] item: Black Sludge
|upkeep
|
|t:|1760875136
|switch|p1a: Great Tusk|Great Tusk|19/100
|turn|16
|
|t:|1760875142
|-end|p1a: Great Tusk|Protosynthesis|[silent]
|switch|p1a: Slowking|Slowking-Galar, M|100/100
|switch|p2a: Alomomola|Alomomola, M, shiny|100/100
|
|-weather|Sandstorm|[upkeep]
|-damage|p2a: Alomomola|94/100|[from] Sandstorm
|-damage|p1a: Slowking|94/100|[from] Sandstorm
|upkeep
|turn|17
|
|t:|1760875151
|move|p2a: Alomomola|Wish|p2a: Alomomola
|-prepare|p1a: Slowking|Chilly Reception|[premajor]
|move|p1a: Slowking|Chilly Reception|p1a: Slowking
|-weather|Snowscape
|
|t:|1760875167
|switch|p1a: Kyurem|Kyurem, tera:Ice|94/100|[from] Chilly Reception
|-ability|p1a: Kyurem|Pressure
|
|-weather|Snowscape|[upkeep]
|upkeep
|turn|18
|
|t:|1760875176
|switch|p2a: Tyranitar|Tyranitar, F|43/100
|-damage|p2a: Tyranitar|31/100|[from] Stealth Rock
|-weather|Sandstorm|[from] ability: Sand Stream|[of] p2a: Tyranitar
|move|p1a: Kyurem|Freeze-Dry|p2a: Tyranitar
|-damage|p2a: Tyranitar|0 fnt
|faint|p2a: Tyranitar
|
|-weather|Sandstorm|[upkeep]
|-damage|p1a: Kyurem|88/100|[from] Sandstorm
|upkeep
|
|t:|1760875194
|switch|p2a: Clodsire|Clodsire, F|100/100
|turn|19
|
|t:|1760875209
|-terastallize|p2a: Clodsire|Dark
|move|p1a: Kyurem|Freeze-Dry|p2a: Clodsire
|-damage|p2a: Clodsire|58/100
|move|p2a: Clodsire|Toxic|p1a: Kyurem
|-status|p1a: Kyurem|tox
|
|-weather|Sandstorm|[upkeep]
|-damage|p1a: Kyurem|82/100 tox|[from] Sandstorm
|-damage|p2a: Clodsire|52/100|[from] Sandstorm
|-damage|p1a: Kyurem|76/100 tox|[from] psn
|upkeep
|turn|20
|
|t:|1760875223
|switch|p1a: Tornadus|Tornadus-Therian, M|100/100
|move|p2a: Clodsire|Recover|p2a: Clodsire
|-heal|p2a: Clodsire|100/100
|
|-weather|Sandstorm|[upkeep]
|-damage|p1a: Tornadus|94/100|[from] Sandstorm
|-damage|p2a: Clodsire|94/100|[from] Sandstorm
|upkeep
|turn|21
|
|t:|1760875233
|switch|p2a: Alomomola|Alomomola, M, shiny|100/100
|move|p1a: Tornadus|Knock Off|p2a: Alomomola
|-damage|p2a: Alomomola|89/100
|-enditem|p2a: Alomomola|Heavy-Duty Boots|[from] move: Knock Off|[of] p1a: Tornadus
|
|-weather|Sandstorm|[upkeep]
|-damage|p1a: Tornadus|88/100|[from] Sandstorm
|-damage|p2a: Alomomola|82/100|[from] Sandstorm
|upkeep
|turn|22
|
|t:|1760875242
|move|p1a: Tornadus|U-turn|p2a: Alomomola
|-damage|p2a: Alomomola|73/100
|
|t:|1760875247
|switch|p1a: Slowking|Slowking-Galar, M|100/100|[from] U-turn
|move|p2a: Alomomola|Flip Turn|p1a: Slowking
|-damage|p1a: Slowking|84/100
|
|t:|1760875256
|switch|p2a: Clodsire|Clodsire, F, tera:Dark|94/100|[from] Flip Turn
|
|-weather|none
|upkeep
|turn|23
|
|t:|1760875264
|-prepare|p1a: Slowking|Chilly Reception|[premajor]
|move|p1a: Slowking|Chilly Reception|p1a: Slowking
|-weather|Snowscape
|
|t:|1760875268
|switch|p1a: Tornadus|Tornadus-Therian, M|100/100|[from] Chilly Reception
|move|p2a: Clodsire|Earthquake|p1a: Tornadus
|-immune|p1a: Tornadus
|
|-weather|Snowscape|[upkeep]
|upkeep
|turn|24
|
|t:|1760875277
|switch|p2a: Alomomola|Alomomola, M, shiny|100/100
|-damage|p2a: Alomomola|88/100|[from] Stealth Rock
|move|p1a: Tornadus|U-turn|p2a: Alomomola
|-damage|p2a: Alomomola|79/100
|
|t:|1760875297
|switch|p1a: Slowking|Slowking-Galar, M|100/100|[from] U-turn
|
|-weather|Snowscape|[upkeep]
|upkeep
|turn|25
|
|t:|1760875306
|move|p2a: Alomomola|Flip Turn|p1a: Slowking
|-damage|p1a: Slowking|83/100
|
|t:|1760875309
|switch|p2a: Clodsire|Clodsire, F, tera:Dark|94/100|[from] Flip Turn
|move|p1a: Slowking|Future Sight|p2a: Clodsire
|-start|p1a: Slowking|move: Future Sight
|
|-weather|Snowscape|[upkeep]
|upkeep
|turn|26
|
|t:|1760875317
|-prepare|p1a: Slowking|Chilly Reception|[premajor]
|move|p1a: Slowking|Chilly Reception|p1a: Slowking
|
|t:|1760875319
|switch|p1a: Tornadus|Tornadus-Therian, M|100/100|[from] Chilly Reception
|move|p2a: Clodsire|Toxic|p1a: Tornadus|[miss]
|-miss|p2a: Clodsire|p1a: Tornadus
|
|-weather|Snowscape|[upkeep]
|upkeep
|turn|27
|
|t:|1760875328
|switch|p2a: Alomomola|Alomomola, M, shiny|100/100
|-damage|p2a: Alomomola|88/100|[from] Stealth Rock
|move|p1a: Tornadus|U-turn|p2a: Alomomola
|-damage|p2a: Alomomola|79/100
|
|t:|1760875344
|switch|p1a: Great Tusk|Great Tusk|19/100|[from] U-turn
|
|-weather|none
|-end|p2a: Alomomola|move: Future Sight
|-damage|p2a: Alomomola|37/100
|upkeep
|turn|28
|
|t:|1760875359
|-end|p1a: Great Tusk|Protosynthesis|[silent]
|switch|p1a: Tornadus|Tornadus-Therian, M|100/100
|move|p2a: Alomomola|Flip Turn|p1a: Tornadus
|-damage|p1a: Tornadus|81/100
|
|t:|1760875368
|switch|p2a: Clefable|Clefable, M|81/100|[from] Flip Turn
|
|upkeep
|turn|29
|
|t:|1760875372
|move|p1a: Tornadus|Knock Off|p2a: Clefable
|-resisted|p2a: Clefable
|-damage|p2a: Clefable|76/100
|move|p2a: Clefable|Knock Off|p1a: Tornadus
|-crit|p1a: Tornadus
|-damage|p1a: Tornadus|56/100
|-enditem|p1a: Tornadus|Assault Vest|[from] move: Knock Off|[of] p2a: Clefable
|
|upkeep
|turn|30
|
|t:|1760875380
|move|p1a: Tornadus|Bleakwind Storm|p2a: Clefable|[miss]
|-miss|p1a: Tornadus|p2a: Clefable
|move|p2a: Clefable|Knock Off|p1a: Tornadus
|-damage|p1a: Tornadus|44/100
|
|upkeep
|turn|31
|
|t:|1760875386
|move|p1a: Tornadus|Bleakwind Storm|p2a: Clefable
|-damage|p2a: Clefable|41/100
|move|p2a: Clefable|Knock Off|p1a: Tornadus
|-crit|p1a: Tornadus
|-damage|p1a: Tornadus|27/100
|
|upkeep
|turn|32
|
|t:|1760875393
|move|p1a: Tornadus|U-turn|p2a: Clefable
|-resisted|p2a: Clefable
|-damage|p2a: Clefable|36/100
|
|t:|1760875396
|switch|p1a: Slowking|Slowking-Galar, M|100/100|[from] U-turn
|move|p2a: Clefable|Wish|p2a: Clefable
|
|upkeep
|turn|33
|
|t:|1760875404
|move|p2a: Clefable|Protect|p2a: Clefable
|-singleturn|p2a: Clefable|Protect
|move|p1a: Slowking|Future Sight|p2a: Clefable
|-start|p1a: Slowking|move: Future Sight
|
|-heal|p2a: Clefable|86/100|[from] move: Wish|[wisher] Clefable
|upkeep
|turn|34
|
|t:|1760875412
|move|p2a: Clefable|Knock Off|p1a: Slowking
|-supereffective|p1a: Slowking
|-damage|p1a: Slowking|66/100
|-enditem|p1a: Slowking|Heavy-Duty Boots|[from] move: Knock Off|[of] p2a: Clefable
|-prepare|p1a: Slowking|Chilly Reception|[premajor]
|move|p1a: Slowking|Chilly Reception|p1a: Slowking
|-weather|Snowscape
|
|t:|1760875417
|switch|p1a: Kingambit|Kingambit, M|100/100|[from] Chilly Reception
|-activate|p1a: Kingambit|ability: Supreme Overlord
|-start|p1a: Kingambit|fallen1|[silent]
|
|-weather|Snowscape|[upkeep]
|upkeep
|turn|35
|
|t:|1760875434
|switch|p2a: Skarmory|Skarmory, M|100/100
|move|p1a: Kingambit|Iron Head|p2a: Skarmory
|-resisted|p2a: Skarmory
|-damage|p2a: Skarmory|84/100
|
|-weather|Snowscape|[upkeep]
|-end|p2a: Skarmory|move: Future Sight
|-resisted|p2a: Skarmory
|-damage|p2a: Skarmory|51/100
|upkeep
|turn|36
|
|t:|1760875448
|-end|p1a: Kingambit|fallen1|[silent]
|switch|p1a: Slowking|Slowking-Galar, M|99/100
|move|p2a: Skarmory|Roost|p2a: Skarmory
|-heal|p2a: Skarmory|100/100
|-singleturn|p2a: Skarmory|move: Roost
|
|-weather|Snowscape|[upkeep]
|upkeep
|turn|37
|
|t:|1760875456
|move|p2a: Skarmory|Spikes|p1a: Slowking
|-sidestart|p1: averystonefan|Spikes
|-prepare|p1a: Slowking|Chilly Reception|[premajor]
|move|p1a: Slowking|Chilly Reception|p1a: Slowking
|
|t:|1760875461
|switch|p1a: Kyurem|Kyurem, tera:Ice|76/100 tox|[from] Chilly Reception
|-damage|p1a: Kyurem|64/100 tox|[from] Spikes
|-ability|p1a: Kyurem|Pressure
|
|-weather|Snowscape|[upkeep]
|-damage|p1a: Kyurem|58/100 tox|[from] psn
|upkeep
|turn|38
|
|t:|1760875474
|switch|p2a: Clodsire|Clodsire, F, tera:Dark|94/100
|move|p1a: Kyurem|Blizzard|p2a: Clodsire
|-damage|p2a: Clodsire|24/100
|
|-weather|none
|-damage|p1a: Kyurem|45/100 tox|[from] psn
|upkeep
|turn|39
|
|t:|1760875490
|switch|p1a: Kingambit|Kingambit, M|100/100
|-damage|p1a: Kingambit|88/100|[from] Spikes
|-activate|p1a: Kingambit|ability: Supreme Overlord
|-start|p1a: Kingambit|fallen1|[silent]
|switch|p2a: Alomomola|Alomomola, M, shiny|71/100
|-damage|p2a: Alomomola|58/100|[from] Stealth Rock
|
|-heal|p1a: Kingambit|94/100|[from] item: Leftovers
|upkeep
|turn|40
|
|t:|1760875501
|move|p1a: Kingambit|Swords Dance|p1a: Kingambit
|-boost|p1a: Kingambit|atk|2
|move|p2a: Alomomola|Flip Turn|p1a: Kingambit
|-damage|p1a: Kingambit|80/100
|
|t:|1760875507
|switch|p2a: Skarmory|Skarmory, M|100/100|[from] Flip Turn
|
|-heal|p1a: Kingambit|86/100|[from] item: Leftovers
|upkeep
|turn|41
|
|t:|1760875515
|move|p2a: Skarmory|Body Press|p1a: Kingambit
|-supereffective|p1a: Kingambit
|-damage|p1a: Kingambit|0 fnt
|faint|p1a: Kingambit
|-end|p1a: Kingambit|fallen1|[silent]
|
|upkeep
|-message|averystonefan forfeited.
|
|win|KennytheslugSmith
|raw|averystonefan's rating: 1488 &rarr; <strong>1469</strong><br />(-19 for losing)
|raw|KennytheslugSmith's rating: 1498 &rarr; <strong>1517</strong><br />(+19 for winning)
|l|☆averystonefan
|player|p1|
