|j|☆imnoob5711
|j|☆breakingpoint51
|t:|1760787525
|gametype|singles
|player|p1|imnoob5711|102|
|player|p2|breakingpoint51|266|
|gen|9
|tier|[Gen 9] OU
|rule|HP Percentage Mod: HP is shown in percentages
|rule|Endless Battle Clause: Forcing endless battles is banned
|rule|Species Clause: Limit one of each Pokémon
|rule|OHKO Clause: OHKO moves are banned
|rule|Evasion Items Clause: Evasion items are banned
|rule|Evasion Moves Clause: Evasion moves are banned
|rule|Evasion Abilities Clause: Evasion abilities are banned
|rule|Sleep Moves Clause: Sleep-inducing moves are banned
|clearpoke
|poke|p1|Blastoise, F|
|poke|p1|Pelipper, M|
|poke|p1|Barraskewda, F|
|poke|p1|Primarina, F|
|poke|p1|Kilowattrel, F|
|poke|p1|Kingambit, M|
|poke|p2|Greninja-*, M|
|poke|p2|Garchomp, F|
|poke|p2|Charizard, M|
|poke|p2|Sceptile, M|
|poke|p2|Tyranitar, M|
|poke|p2|Hoopa-Unbound|
|teampreview
|
|t:|1760787533
|teamsize|p1|6
|teamsize|p2|6
|start
|switch|p1a: yellow toilet|Pelipper, M|100/100
|switch|p2a: Sceptile|Sceptile, M|100/100
|-weather|RainDance|[from] ability: Drizzle|[of] p1a: yellow toilet
|turn|1
|
|t:|1760787542
|switch|p1a: Kilowattrel|Kilowattrel, F|100/100
|move|p2a: Sceptile|Leaf Storm|p1a: Kilowattrel
|-resisted|p1a: Kilowattrel
|-damage|p1a: Kilowattrel|49/100
|-unboost|p2a: Sceptile|spa|2
|
|-weather|RainDance|[upkeep]
|upkeep
|turn|2
|
|t:|1760787555
|move|p2a: Sceptile|Dragon Pulse|p1a: Kilowattrel
|-damage|p1a: Kilowattrel|26/100
|move|p1a: Kilowattrel|Thunder|p2a: Sceptile
|-resisted|p2a: Sceptile
|-damage|p2a: Sceptile|64/100
|
|-weather|RainDance|[upkeep]
|-heal|p2a: Sceptile|70/100|[from] item: Leftovers
|upkeep
|turn|3
|
|t:|1760787567
|move|p2a: Sceptile|Earthquake|p1a: Kilowattrel
|-immune|p1a: Kilowattrel
|move|p1a: Kilowattrel|Volt Switch|p2a: Sceptile
|-resisted|p2a: Sceptile
|-damage|p2a: Sceptile|49/100
|
|t:|1760787579
|switch|p1a: super fish|Barraskewda, F, shiny|100/100|[from] Volt Switch
|
|-weather|RainDance|[upkeep]
|-heal|p2a: Sceptile|55/100|[from] item: Leftovers
|upkeep
|turn|4
|
|t:|1760787591
|move|p1a: super fish|Close Combat|p2a: Sceptile
|-damage|p2a: Sceptile|0 fnt
|-unboost|p1a: super fish|def|1
|-unboost|p1a: super fish|spd|1
|faint|p2a: Sceptile
|
|-weather|RainDance|[upkeep]
|upkeep
|
|t:|1760787599
|switch|p2a: Greninja|Greninja, M|100/100
|turn|5
|
|t:|1760787603
|move|p1a: super fish|Close Combat|p2a: Greninja
|-supereffective|p2a: Greninja
|-enditem|p2a: Greninja|Focus Sash
|-damage|p2a: Greninja|1/100
|-unboost|p1a: super fish|def|1
|-unboost|p1a: super fish|spd|1
|move|p2a: Greninja|Grass Knot|p1a: super fish
|-supereffective|p1a: super fish
|-damage|p1a: super fish|0 fnt
|faint|p1a: super fish
|-ability|p2a: Greninja|Battle Bond|boost
|-boost|p2a: Greninja|atk|1
|-boost|p2a: Greninja|spa|1
|-boost|p2a: Greninja|spe|1
|-activate|p2a: Greninja|ability: Battle Bond
|
|-weather|RainDance|[upkeep]
|upkeep
|
|t:|1760787624
|switch|p1a: yellow toilet|Pelipper, M|100/100
|turn|6
|
|t:|1760787629
|move|p2a: Greninja|Ice Beam|p1a: yellow toilet
|-crit|p1a: yellow toilet
|-damage|p1a: yellow toilet|7/100
|move|p1a: yellow toilet|U-turn|p2a: Greninja
|-supereffective|p2a: Greninja
|-crit|p2a: Greninja
|-damage|p2a: Greninja|0 fnt
|faint|p2a: Greninja
|
|t:|1760787637
|switch|p1a: big man blastoise|Blastoise, F|100/100|[from] U-turn
|
|-weather|RainDance|[upkeep]
|upkeep
|
|t:|1760787648
|switch|p2a: Hoopa|Hoopa-Unbound|100/100
|turn|7
|
|t:|1760787662
|move|p1a: big man blastoise|Fake Out|p2a: Hoopa
|-damage|p2a: Hoopa|86/100
|cant|p2a: Hoopa|flinch
|
|-weather|RainDance|[upkeep]
|upkeep
|turn|8
|
|t:|1760787673
|move|p2a: Hoopa|Thunderbolt|p1a: big man blastoise
|-supereffective|p1a: big man blastoise
|-damage|p1a: big man blastoise|43/100
|move|p1a: big man blastoise|Flip Turn|p2a: Hoopa
|-damage|p2a: Hoopa|37/100
|
|t:|1760787683
|switch|p1a: blonde|Primarina, F, shiny|100/100|[from] Flip Turn
|
|-weather|none
|upkeep
|turn|9
|
|t:|1760787694
|move|p2a: Hoopa|Thunderbolt|p1a: blonde
|-supereffective|p1a: blonde
|-damage|p1a: blonde|27/100
|move|p1a: blonde|Draining Kiss|p2a: Hoopa
|-supereffective|p2a: Hoopa
|-damage|p2a: Hoopa|0 fnt
|-heal|p1a: blonde|55/100|[from] drain|[of] p2a: Hoopa
|faint|p2a: Hoopa
|
|upkeep
|
|t:|1760787710
|switch|p2a: Garchomp|Garchomp, F|100/100
|turn|10
|
|t:|1760787721
|switch|p1a: yellow toilet|Pelipper, M|7/100
|-weather|RainDance|[from] ability: Drizzle|[of] p1a: yellow toilet
|move|p2a: Garchomp|Dragon Pulse|p1a: yellow toilet
|-damage|p1a: yellow toilet|0 fnt
|faint|p1a: yellow toilet
|
|-weather|RainDance|[upkeep]
|upkeep
|
|t:|1760787731
|switch|p1a: blonde|Primarina, F, shiny|55/100
|turn|11
|
|t:|1760787739
|move|p2a: Garchomp|Outrage|p1a: blonde
|-immune|p1a: blonde
|move|p1a: blonde|Draining Kiss|p2a: Garchomp
|-supereffective|p2a: Garchomp
|-damage|p2a: Garchomp|8/100
|-heal|p1a: blonde|100/100|[from] drain|[of] p2a: Garchomp
|-damage|p1a: blonde|88/100|[from] ability: Rough Skin|[of] p2a: Garchomp
|
|-weather|RainDance|[upkeep]
|-heal|p2a: Garchomp|14/100|[from] item: Leftovers
|upkeep
|turn|12
|
|t:|1760787762
|move|p2a: Garchomp|Earthquake|p1a: blonde
|-damage|p1a: blonde|17/100
|move|p1a: blonde|Draining Kiss|p2a: Garchomp
|-supereffective|p2a: Garchomp
|-damage|p2a: Garchomp|0 fnt
|-heal|p1a: blonde|29/100|[from] drain|[of] p2a: Garchomp
|-damage|p1a: blonde|17/100|[from] ability: Rough Skin|[of] p2a: Garchomp
|faint|p2a: Garchomp
|
|-weather|RainDance|[upkeep]
|upkeep
|
|t:|1760787774
|switch|p2a: Tyranitar|Tyranitar, M|100/100
|-weather|Sandstorm|[from] ability: Sand Stream|[of] p2a: Tyranitar
|turn|13
|
|t:|1760787781
|move|p1a: blonde|Draining Kiss|p2a: Tyranitar
|-supereffective|p2a: Tyranitar
|-damage|p2a: Tyranitar|55/100
|-heal|p1a: blonde|62/100|[from] drain|[of] p2a: Tyranitar
|move|p2a: Tyranitar|Earthquake|p1a: blonde
|-damage|p1a: blonde|8/100
|
|-weather|Sandstorm|[upkeep]
|-damage|p1a: blonde|2/100|[from] Sandstorm
|-heal|p2a: Tyranitar|62/100|[from] item: Leftovers
|upkeep
|turn|14
|inactive|Battle timer is ON: inactive players will automatically lose when time's up. (requested by imnoob5711)
|
|t:|1760787801
|-terastallize|p2a: Tyranitar|Rock
|move|p1a: blonde|Draining Kiss|p2a: Tyranitar
|-damage|p2a: Tyranitar|39/100
|-heal|p1a: blonde|25/100|[from] drain|[of] p2a: Tyranitar
|move|p2a: Tyranitar|Earthquake|p1a: blonde
|-damage|p1a: blonde|0 fnt
|faint|p1a: blonde
|
|-weather|Sandstorm|[upkeep]
|-heal|p2a: Tyranitar|45/100|[from] item: Leftovers
|upkeep
|
|t:|1760787813
|switch|p1a: big man blastoise|Blastoise, F|43/100
|turn|15
|
|t:|1760787825
|move|p1a: big man blastoise|Fake Out|p2a: Tyranitar
|-resisted|p2a: Tyranitar
|-damage|p2a: Tyranitar|42/100
|cant|p2a: Tyranitar|flinch
|
|-weather|Sandstorm|[upkeep]
|-damage|p1a: big man blastoise|37/100|[from] Sandstorm
|-heal|p2a: Tyranitar|48/100|[from] item: Leftovers
|upkeep
|turn|16
|
|t:|1760787835
|move|p1a: big man blastoise|Flip Turn|p2a: Tyranitar
|-supereffective|p2a: Tyranitar
|-damage|p2a: Tyranitar|21/100
|
|t:|1760787839
|switch|p1a: Kilowattrel|Kilowattrel, F|26/100|[from] Flip Turn
|move|p2a: Tyranitar|Blizzard|p1a: Kilowattrel
|-supereffective|p1a: Kilowattrel
|-crit|p1a: Kilowattrel
|-damage|p1a: Kilowattrel|0 fnt
|faint|p1a: Kilowattrel
|
|-weather|Sandstorm|[upkeep]
|-heal|p2a: Tyranitar|27/100|[from] item: Leftovers
|upkeep
|
|t:|1760787848
|switch|p1a: big man blastoise|Blastoise, F|37/100
|turn|17
|
|t:|1760787856
|move|p1a: big man blastoise|Fake Out|p2a: Tyranitar
|-resisted|p2a: Tyranitar
|-damage|p2a: Tyranitar|24/100
|cant|p2a: Tyranitar|flinch
|
|-weather|none
|-heal|p2a: Tyranitar|30/100|[from] item: Leftovers
|upkeep
|turn|18
|
|t:|1760787865
|move|p1a: big man blastoise|Flip Turn|p2a: Tyranitar
|-supereffective|p2a: Tyranitar
|-damage|p2a: Tyranitar|3/100
|
|t:|1760787868
|switch|p1a: sleepymanz|Kingambit, M|100/100|[from] Flip Turn
|-activate|p1a: sleepymanz|ability: Supreme Overlord
|-start|p1a: sleepymanz|fallen4|[silent]
|move|p2a: Tyranitar|Blizzard|p1a: sleepymanz
|-resisted|p1a: sleepymanz
|-damage|p1a: sleepymanz|88/100
|
|-heal|p2a: Tyranitar|9/100|[from] item: Leftovers
|-heal|p1a: sleepymanz|94/100|[from] item: Leftovers
|upkeep
|turn|19
|
|t:|1760787887
|move|p2a: Tyranitar|Earthquake|p1a: sleepymanz
|-supereffective|p1a: sleepymanz
|-damage|p1a: sleepymanz|38/100
|move|p1a: sleepymanz|Kowtow Cleave|p2a: Tyranitar
|-damage|p2a: Tyranitar|0 fnt
|faint|p2a: Tyranitar
|
|-heal|p1a: sleepymanz|44/100|[from] item: Leftovers
|upkeep
|
|t:|1760787897
|switch|p2a: Charizard|Charizard, M|100/100
|turn|20
|
|t:|1760787901
|move|p1a: sleepymanz|Sucker Punch|p2a: Charizard
|-damage|p2a: Charizard|23/100
|move|p2a: Charizard|Fire Blast|p1a: sleepymanz
|-supereffective|p1a: sleepymanz
|-damage|p1a: sleepymanz|0 fnt
|faint|p1a: sleepymanz
|-end|p1a: sleepymanz|fallen4|[silent]
|
|upkeep
|
|t:|1760787908
|switch|p1a: big man blastoise|Blastoise, F|37/100
|turn|21
|
|t:|1760787927
|move|p1a: big man blastoise|Fake Out|p2a: Charizard
|-damage|p2a: Charizard|11/100
|cant|p2a: Charizard|flinch
|
|upkeep
|turn|22
|
|t:|1760787935
|move|p2a: Charizard|Air Slash|p1a: big man blastoise
|-damage|p1a: big man blastoise|15/100
|cant|p1a: big man blastoise|flinch
|
|upkeep
|turn|23
|
|t:|1760787943
|-terastallize|p1a: big man blastoise|Water
|move|p2a: Charizard|Dragon Pulse|p1a: big man blastoise
|-crit|p1a: big man blastoise
|-damage|p1a: big man blastoise|0 fnt
|faint|p1a: big man blastoise
|
|win|breakingpoint51
