|j|☆339357037621q
|j|‽Benedict Juarez
|t:|1760762647
|gametype|singles
|player|p1|339357037621q|102|1308
|player|p2|Benedict Juarez|medium|1370
|gen|9
|tier|[Gen 9] OU
|rated|
|rule|HP Percentage Mod: HP is shown in percentages
|rule|Endless Battle Clause: Forcing endless battles is banned
|rule|Species Clause: Limit one of each Pokémon
|rule|OHKO Clause: OHKO moves are banned
|rule|Evasion Items Clause: Evasion items are banned
|rule|Evasion Moves Clause: Evasion moves are banned
|rule|Evasion Abilities Clause: Evasion abilities are banned
|rule|Sleep Moves Clause: Sleep-inducing moves are banned
|clearpoke
|poke|p1|Pelipper, M|
|poke|p1|Greninja-*, M|
|poke|p1|Zapdos|
|poke|p1|Sandy Shocks|
|poke|p1|Scizor, M|
|poke|p1|Basculegion, M|
|poke|p2|Tinkaton, F|
|poke|p2|Latios, M|
|poke|p2|Ting-Lu|
|poke|p2|Zamazenta-*|
|poke|p2|Alomomola, M|
|poke|p2|Ogerpon, F|
|teampreview
|
|t:|1760762660
|teamsize|p1|6
|teamsize|p2|6
|start
|switch|p1a: Pelipper|Pelipper, M|100/100
|switch|p2a: Tinkaton|Tinkaton, F|100/100
|-item|p2a: Tinkaton|Air Balloon
|-weather|RainDance|[from] ability: Drizzle|[of] p1a: Pelipper
|turn|1
|
|t:|1760762669
|move|p2a: Tinkaton|Thunder Wave|p1a: Pelipper|[miss]
|-miss|p2a: Tinkaton|p1a: Pelipper
|move|p1a: Pelipper|U-turn|p2a: Tinkaton
|-resisted|p2a: Tinkaton
|-damage|p2a: Tinkaton|98/100
|-enditem|p2a: Tinkaton|Air Balloon
|-enditem|p1a: Pelipper|Damp Rock|[silent]|[from] ability: Pickpocket|[of] p1a: Pelipper
|-item|p2a: Tinkaton|Damp Rock|[from] ability: Pickpocket|[of] p1a: Pelipper
|
|t:|1760762675
|switch|p1a: Basculegion|Basculegion, M|100/100|[from] U-turn
|
|-weather|RainDance|[upkeep]
|upkeep
|turn|2
|
|t:|1760762692
|-terastallize|p1a: Basculegion|Water
|move|p1a: Basculegion|Wave Crash|p2a: Tinkaton
|-damage|p2a: Tinkaton|0 fnt
|faint|p2a: Tinkaton
|-damage|p1a: Basculegion|69/100|[from] Recoil
|
|-weather|RainDance|[upkeep]
|upkeep
|
|t:|1760762702
|switch|p2a: Alomomola|Alomomola, M|100/100
|turn|3
|
|t:|1760762711
|switch|p1a: Zapdos|Zapdos|100/100
|move|p2a: Alomomola|Flip Turn|p1a: Zapdos
|-damage|p1a: Zapdos|77/100
|
|t:|1760762715
|switch|p2a: Latios|Latios, M|100/100|[from] Flip Turn
|
|-weather|RainDance|[upkeep]
|upkeep
|turn|4
|
|t:|1760762726
|move|p2a: Latios|Draco Meteor|p1a: Zapdos
|-damage|p1a: Zapdos|3/100
|-unboost|p2a: Latios|spa|2
|move|p1a: Zapdos|Thunder|p2a: Latios
|-resisted|p2a: Latios
|-damage|p2a: Latios|76/100
|-status|p2a: Latios|par
|
|-weather|RainDance|[upkeep]
|upkeep
|turn|5
|
|t:|1760762730
|move|p1a: Zapdos|Roost|p1a: Zapdos
|-heal|p1a: Zapdos|53/100
|-singleturn|p1a: Zapdos|move: Roost
|cant|p2a: Latios|par
|
|-weather|RainDance|[upkeep]
|upkeep
|turn|6
|-message|Benedict Juarez forfeited.
|
|win|339357037621q
|raw|339357037621q's rating: 1308 &rarr; <strong>1332</strong><br />(+24 for winning)
|raw|Benedict Juarez's rating: 1370 &rarr; <strong>1346</strong><br />(-24 for losing)
|l|‽Benedict Juarez
|player|p2|
|l|☆339357037621q
|player|p1|
