|j|☆ArcticJamaica
|j|☆KingOfKanto69
|t:|1760752670
|gametype|singles
|player|p1|ArcticJamaica|clerk|1172
|player|p2|KingOfKanto69|102|1216
|gen|9
|tier|[Gen 9] OU
|rated|
|rule|HP Percentage Mod: HP is shown in percentages
|rule|Endless Battle Clause: Forcing endless battles is banned
|rule|Species Clause: Limit one of each Pokémon
|rule|OHKO Clause: OHKO moves are banned
|rule|Evasion Items Clause: Evasion items are banned
|rule|Evasion Moves Clause: Evasion moves are banned
|rule|Evasion Abilities Clause: Evasion abilities are banned
|rule|Sleep Moves Clause: Sleep-inducing moves are banned
|clearpoke
|poke|p1|Tyranitar, F|
|poke|p1|Excadrill, F|
|poke|p1|Corviknight, F|
|poke|p1|Kingambit, M|
|poke|p1|Deoxys-Speed|
|poke|p1|Clefable, F|
|poke|p2|Gliscor, M|
|poke|p2|Ceruledge, F|
|poke|p2|Lokix, F|
|poke|p2|Alomomola, M|
|poke|p2|Kyurem|
|poke|p2|Ogerpon-Wellspring, F|
|teampreview
|inactive|Battle timer is ON: inactive players will automatically lose when time's up. (requested by KingOfKanto69)
|inactive|ArcticJamaica also wants the timer to be on.
|
|t:|1760752686
|teamsize|p1|6
|teamsize|p2|6
|start
|switch|p1a: Corviknight|Corviknight, F|100/100
|switch|p2a: Ceruledge|Ceruledge, F|100/100
|-ability|p1a: Corviknight|Pressure
|turn|1
|
|t:|1760752701
|move|p2a: Ceruledge|Swords Dance|p2a: Ceruledge
|-boost|p2a: Ceruledge|atk|2
|move|p1a: Corviknight|U-turn|p2a: Ceruledge
|-resisted|p2a: Ceruledge
|-damage|p2a: Ceruledge|95/100
|-ability|p2a: Ceruledge|Weak Armor|boost
|-unboost|p2a: Ceruledge|def|1
|-boost|p2a: Ceruledge|spe|2
|
|t:|1760752711
|switch|p1a: Kingambit|Kingambit, M|100/100|[from] U-turn
|
|upkeep
|turn|2
|
|t:|1760752718
|move|p1a: Kingambit|Sucker Punch||[still]
|-fail|p1a: Kingambit
|move|p2a: Ceruledge|Swords Dance|p2a: Ceruledge
|-boost|p2a: Ceruledge|atk|2
|
|upkeep
|turn|3
|
|t:|1760752724
|-terastallize|p2a: Ceruledge|Fire
|move|p1a: Kingambit|Sucker Punch|p2a: Ceruledge
|-damage|p2a: Ceruledge|7/100
|-ability|p2a: Ceruledge|Weak Armor|boost
|-unboost|p2a: Ceruledge|def|1
|-boost|p2a: Ceruledge|spe|2
|move|p2a: Ceruledge|Bitter Blade|p1a: Kingambit
|-supereffective|p1a: Kingambit
|-damage|p1a: Kingambit|0 fnt
|-heal|p2a: Ceruledge|76/100|[from] drain|[of] p1a: Kingambit
|faint|p1a: Kingambit
|-end|p1a: Kingambit|fallenundefined|[silent]
|
|upkeep
|inactive|ArcticJamaica has 120 seconds left.
|
|t:|1760752757
|switch|p1a: Tyranitar|Tyranitar, F|100/100
|-weather|Sandstorm|[from] ability: Sand Stream|[of] p1a: Tyranitar
|turn|4
|inactive|ArcticJamaica has 120 seconds left.
|
|t:|1760752783
|move|p2a: Ceruledge|Bitter Blade|p1a: Tyranitar
|-resisted|p1a: Tyranitar
|-damage|p1a: Tyranitar|30/100
|-heal|p2a: Ceruledge|100/100|[from] drain|[of] p1a: Tyranitar
|move|p1a: Tyranitar|Stone Edge|p2a: Ceruledge
|-supereffective|p2a: Ceruledge
|-damage|p2a: Ceruledge|0 fnt
|faint|p2a: Ceruledge
|
|-weather|Sandstorm|[upkeep]
|upkeep
|
|t:|1760752792
|switch|p2a: Lokix|Lokix, F|100/100
|turn|5
|
|t:|1760752796
|switch|p1a: Corviknight|Corviknight, F|100/100
|-ability|p1a: Corviknight|Pressure
|move|p2a: Lokix|First Impression|p1a: Corviknight
|-resisted|p1a: Corviknight
|-damage|p1a: Corviknight|78/100
|-damage|p2a: Lokix|91/100|[from] item: Life Orb
|
|-weather|Sandstorm|[upkeep]
|-damage|p2a: Lokix|85/100|[from] Sandstorm
|-heal|p1a: Corviknight|85/100|[from] item: Leftovers
|upkeep
|turn|6
|
|t:|1760752803
|move|p2a: Lokix|Knock Off|p1a: Corviknight
|-damage|p1a: Corviknight|41/100
|-enditem|p1a: Corviknight|Leftovers|[from] move: Knock Off|[of] p2a: Lokix
|-damage|p2a: Lokix|75/100|[from] item: Life Orb
|move|p1a: Corviknight|Brave Bird|p2a: Lokix
|-supereffective|p2a: Lokix
|-damage|p2a: Lokix|0 fnt
|faint|p2a: Lokix
|-damage|p1a: Corviknight|24/100|[from] Recoil
|
|-weather|Sandstorm|[upkeep]
|upkeep
|
|t:|1760752812
|switch|p2a: Kyurem|Kyurem|100/100
|-ability|p2a: Kyurem|Pressure
|turn|7
|
|t:|1760752822
|move|p2a: Kyurem|Freeze-Dry|p1a: Corviknight
|-damage|p1a: Corviknight|0 fnt
|faint|p1a: Corviknight
|
|-weather|Sandstorm|[upkeep]
|-damage|p2a: Kyurem|94/100|[from] Sandstorm
|-heal|p2a: Kyurem|100/100|[from] item: Leftovers
|upkeep
|
|t:|1760752834
|switch|p1a: Clefable|Clefable, F|100/100
|turn|8
|
|t:|1760752838
|move|p2a: Kyurem|Substitute|p2a: Kyurem
|-start|p2a: Kyurem|Substitute
|-damage|p2a: Kyurem|76/100
|move|p1a: Clefable|Moonblast|p2a: Kyurem
|-supereffective|p2a: Kyurem
|-end|p2a: Kyurem|Substitute
|
|-weather|none
|-heal|p2a: Kyurem|82/100|[from] item: Leftovers
|upkeep
|turn|9
|
|t:|1760752844
|move|p2a: Kyurem|Freeze-Dry|p1a: Clefable
|-damage|p1a: Clefable|73/100
|move|p1a: Clefable|Moonblast|p2a: Kyurem
|-supereffective|p2a: Kyurem
|-damage|p2a: Kyurem|34/100
|-unboost|p2a: Kyurem|spa|1
|
|-heal|p2a: Kyurem|40/100|[from] item: Leftovers
|upkeep
|turn|10
|
|t:|1760752854
|switch|p2a: Ogerpon|Ogerpon-Wellspring, F|100/100
|move|p1a: Clefable|Moonblast|p2a: Ogerpon
|-crit|p2a: Ogerpon
|-damage|p2a: Ogerpon|42/100
|
|upkeep
|turn|11
|
|t:|1760752872
|move|p2a: Ogerpon|Horn Leech|p1a: Clefable
|-damage|p1a: Clefable|24/100
|-heal|p2a: Ogerpon|75/100|[from] drain|[of] p1a: Clefable
|move|p1a: Clefable|Thunder Wave|p2a: Ogerpon
|-status|p2a: Ogerpon|par
|
|upkeep
|turn|12
|
|t:|1760752887
|move|p2a: Ogerpon|Horn Leech|p1a: Clefable
|-damage|p1a: Clefable|0 fnt
|-heal|p2a: Ogerpon|90/100 par|[from] drain|[of] p1a: Clefable
|faint|p1a: Clefable
|
|upkeep
|
|t:|1760752898
|switch|p1a: Deoxys|Deoxys-Speed|100/100
|-ability|p1a: Deoxys|Pressure
|turn|13
|
|t:|1760752910
|cant|p2a: Ogerpon|par
|move|p1a: Deoxys|Psycho Boost|p2a: Ogerpon|[miss]
|-miss|p1a: Deoxys|p2a: Ogerpon
|
|upkeep
|turn|14
|
|t:|1760752917
|move|p2a: Ogerpon|Quick Attack|p1a: Deoxys
|-damage|p1a: Deoxys|75/100
|move|p1a: Deoxys|Psycho Boost|p2a: Ogerpon
|-damage|p2a: Ogerpon|32/100 par
|-unboost|p1a: Deoxys|spa|2
|
|upkeep
|turn|15
|c|☆KingOfKanto69|Incredible
|c|☆ArcticJamaica|a turn of all time
|
|t:|1760752926
|move|p1a: Deoxys|Extreme Speed|p2a: Ogerpon
|-damage|p2a: Ogerpon|5/100 par
|move|p2a: Ogerpon|Horn Leech|p1a: Deoxys
|-crit|p1a: Deoxys
|-damage|p1a: Deoxys|0 fnt
|-heal|p2a: Ogerpon|35/100 par|[from] drain|[of] p1a: Deoxys
|faint|p1a: Deoxys
|
|upkeep
|
|t:|1760752935
|switch|p1a: Tyranitar|Tyranitar, F|30/100
|-weather|Sandstorm|[from] ability: Sand Stream|[of] p1a: Tyranitar
|turn|16
|
|t:|1760752940
|-terastallize|p1a: Tyranitar|Grass
|move|p2a: Ogerpon|Ivy Cudgel|p1a: Tyranitar|[anim] Ivy Cudgel Water
|-resisted|p1a: Tyranitar
|-damage|p1a: Tyranitar|7/100
|move|p1a: Tyranitar|Earthquake|p2a: Ogerpon
|-resisted|p2a: Ogerpon
|-damage|p2a: Ogerpon|7/100 par
|
|-weather|Sandstorm|[upkeep]
|-damage|p2a: Ogerpon|1/100 par|[from] Sandstorm
|-damage|p1a: Tyranitar|0 fnt|[from] Sandstorm
|faint|p1a: Tyranitar
|upkeep
|
|t:|1760752944
|switch|p1a: Excadrill|Excadrill, F|100/100
|turn|17
|
|t:|1760752950
|move|p1a: Excadrill|Iron Head|p2a: Ogerpon
|-resisted|p2a: Ogerpon
|-damage|p2a: Ogerpon|0 fnt
|faint|p2a: Ogerpon
|-damage|p1a: Excadrill|91/100|[from] item: Life Orb
|
|-weather|Sandstorm|[upkeep]
|upkeep
|
|t:|1760752953
|switch|p2a: Gliscor|Gliscor, M|100/100
|turn|18
|
|t:|1760752956
|move|p1a: Excadrill|Iron Head|p2a: Gliscor
|-damage|p2a: Gliscor|39/100
|-damage|p1a: Excadrill|81/100|[from] item: Life Orb
|cant|p2a: Gliscor|flinch
|
|-weather|Sandstorm|[upkeep]
|-status|p2a: Gliscor|tox|[from] item: Toxic Orb
|upkeep
|turn|19
|
|t:|1760752964
|move|p1a: Excadrill|Iron Head|p2a: Gliscor
|-damage|p2a: Gliscor|0 fnt
|faint|p2a: Gliscor
|-damage|p1a: Excadrill|71/100|[from] item: Life Orb
|
|-weather|Sandstorm|[upkeep]
|upkeep
|
|t:|1760752967
|switch|p2a: Alomomola|Alomomola, M|100/100
|turn|20
|
|t:|1760752990
|move|p1a: Excadrill|Iron Head|p2a: Alomomola
|-resisted|p2a: Alomomola
|-damage|p2a: Alomomola|85/100
|-damage|p1a: Excadrill|61/100|[from] item: Life Orb
|cant|p2a: Alomomola|flinch
|
|-weather|none
|-heal|p2a: Alomomola|91/100|[from] item: Leftovers
|upkeep
|turn|21
|c|☆ArcticJamaica|gg
|
|t:|1760753000
|move|p1a: Excadrill|Swords Dance|p1a: Excadrill
|-boost|p1a: Excadrill|atk|2
|move|p2a: Alomomola|Scald|p1a: Excadrill
|-supereffective|p1a: Excadrill
|-damage|p1a: Excadrill|27/100
|-status|p1a: Excadrill|brn
|
|-heal|p2a: Alomomola|98/100|[from] item: Leftovers
|-damage|p1a: Excadrill|21/100 brn|[from] brn
|upkeep
|turn|22
|
|t:|1760753004
|move|p1a: Excadrill|Iron Head|p2a: Alomomola
|-resisted|p2a: Alomomola
|-damage|p2a: Alomomola|81/100
|-damage|p1a: Excadrill|11/100 brn|[from] item: Life Orb
|move|p2a: Alomomola|Scald|p1a: Excadrill
|-supereffective|p1a: Excadrill
|-damage|p1a: Excadrill|0 fnt
|faint|p1a: Excadrill
|
|win|KingOfKanto69
|raw|ArcticJamaica's rating: 1172 &rarr; <strong>1150</strong><br />(-22 for losing)
|raw|KingOfKanto69's rating: 1216 &rarr; <strong>1238</strong><br />(+22 for winning)
|l|☆ArcticJamaica
|player|p1|
|c|☆KingOfKanto69|ggs
