|j|☆Havestol
|j|☆lab addict
|t:|1760729428
|gametype|singles
|player|p1|Havestol|mars|1511
|player|p2|lab addict|colress|1546
|gen|9
|tier|[Gen 9] OU
|rated|
|rule|HP Percentage Mod: HP is shown in percentages
|rule|Endless Battle Clause: Forcing endless battles is banned
|rule|Species Clause: Limit one of each Pokémon
|rule|OHKO Clause: OHKO moves are banned
|rule|Evasion Items Clause: Evasion items are banned
|rule|Evasion Moves Clause: Evasion moves are banned
|rule|Evasion Abilities Clause: Evasion abilities are banned
|rule|Sleep Moves Clause: Sleep-inducing moves are banned
|clearpoke
|poke|p1|Talonflame, M|
|poke|p1|Alomomola, M|
|poke|p1|Weezing-Galar, F|
|poke|p1|Iron Treads|
|poke|p1|Meowscarada, F|
|poke|p1|Slowking, F|
|poke|p2|Ninetales, M|
|poke|p2|Hatterene, F|
|poke|p2|Great Tusk|
|poke|p2|Walking Wake|
|poke|p2|Zamazenta-*|
|poke|p2|Raging Bolt|
|teampreview
|c|☆lab addict|glhf
|c|☆Havestol|i won't
|c|☆Havestol|im playing brainless sun for the 4th time in a row
|c|☆lab addict|lmao ok
|
|t:|1760729460
|teamsize|p1|6
|teamsize|p2|6
|start
|switch|p1a: Weezing|Weezing-Galar, F|100/100
|switch|p2a: Ninetales|Ninetales, M|100/100
|-ability|p1a: Weezing|Neutralizing Gas
|turn|1
|c|☆lab addict|u got slowking dawg how bad can it be
|
|t:|1760729470
|move|p2a: Ninetales|Scorching Sands|p1a: Weezing
|-supereffective|p1a: Weezing
|-enditem|p1a: Weezing|Shuca Berry|[eat]
|-enditem|p1a: Weezing|Shuca Berry|[weaken]
|-damage|p1a: Weezing|82/100
|move|p1a: Weezing|Strange Steam|p2a: Ninetales
|-resisted|p2a: Ninetales
|-damage|p2a: Ninetales|88/100
|-start|p2a: Ninetales|confusion
|
|upkeep
|turn|2
|
|t:|1760729475
|-end|p1a: Weezing|ability: Neutralizing Gas
|-weather|SunnyDay|[from] ability: Drought|[of] p2a: Ninetales
|switch|p1a: Slowking|Slowking, F|100/100
|-activate|p2a: Ninetales|confusion
|move|p2a: Ninetales|Encore||[still]
|-fail|p2a: Ninetales
|
|-weather|SunnyDay|[upkeep]
|upkeep
|turn|3
|
|t:|1760729481
|switch|p2a: Walking Wake|Walking Wake|100/100
|-activate|p2a: Walking Wake|ability: Protosynthesis
|-start|p2a: Walking Wake|protosynthesisspe
|-prepare|p1a: Slowking|Chilly Reception|[premajor]
|move|p1a: Slowking|Chilly Reception|p1a: Slowking
|-weather|Snowscape
|-end|p2a: Walking Wake|Protosynthesis
|c|☆Havestol|doesnt take much to click with wake
|c|☆Havestol|or zama
|c|☆Havestol|or bolt
|c|☆lab addict|u got slowking and alomomola :skull:
|c|☆Havestol|???
|c|☆lab addict|and treads
|c|☆Havestol|you have a wake
|c|☆lab addict|talking about wake
|c|☆Havestol|and a bolt
|inactive|Battle timer is ON: inactive players will automatically lose when time's up. (requested by lab addict)
|c|☆Havestol|bolt has weather ball doesnt it?
|c|☆lab addict|and?
|c|☆lab addict|predict me
|c|☆Havestol|tf am i supposed to do defensivelty
|c|☆lab addict|meow has triple axel dont it
|inactive|Havestol has 120 seconds left.
|
|t:|1760729556
|switch|p1a: Talonflame|Talonflame, M|100/100|[from] Chilly Reception
|
|-weather|Snowscape|[upkeep]
|upkeep
|turn|4
|
|t:|1760729562
|-terastallize|p1a: Talonflame|Flying
|move|p1a: Talonflame|Brave Bird|p2a: Walking Wake
|-damage|p2a: Walking Wake|0 fnt
|faint|p2a: Walking Wake
|-end|p2a: Walking Wake|Protosynthesis|[silent]
|-damage|p1a: Talonflame|62/100|[from] Recoil
|
|-weather|Snowscape|[upkeep]
|upkeep
|
|t:|1760729567
|switch|p2a: Ninetales|Ninetales, M|88/100
|-weather|SunnyDay|[from] ability: Drought|[of] p2a: Ninetales
|turn|5
|
|t:|1760729571
|switch|p2a: Hatterene|Hatterene, F|100/100
|move|p1a: Talonflame|Brave Bird|p2a: Hatterene
|-damage|p2a: Hatterene|0 fnt
|faint|p2a: Hatterene
|-damage|p1a: Talonflame|27/100|[from] Recoil
|
|-weather|SunnyDay|[upkeep]
|upkeep
|
|t:|1760729574
|switch|p2a: Raging Bolt|Raging Bolt|100/100
|-activate|p2a: Raging Bolt|ability: Protosynthesis
|-start|p2a: Raging Bolt|protosynthesisspa
|turn|6
|
|t:|1760729583
|switch|p1a: Iron Treads|Iron Treads|100/100
|move|p2a: Raging Bolt|Dragon Pulse|p1a: Iron Treads
|-resisted|p1a: Iron Treads
|-damage|p1a: Iron Treads|66/100
|-damage|p2a: Raging Bolt|91/100|[from] item: Life Orb
|
|-weather|SunnyDay|[upkeep]
|-heal|p1a: Iron Treads|72/100|[from] item: Leftovers
|upkeep
|turn|7
|
|t:|1760729587
|-end|p2a: Raging Bolt|Protosynthesis|[silent]
|switch|p2a: Great Tusk|Great Tusk|100/100
|-activate|p2a: Great Tusk|ability: Protosynthesis
|-start|p2a: Great Tusk|protosynthesisspe
|move|p1a: Iron Treads|Earthquake|p2a: Great Tusk
|-damage|p2a: Great Tusk|77/100
|
|-weather|SunnyDay|[upkeep]
|-heal|p1a: Iron Treads|78/100|[from] item: Leftovers
|upkeep
|turn|8
|
|t:|1760729592
|-end|p1a: Iron Treads|Quark Drive|[silent]
|switch|p1a: Alomomola|Alomomola, M|100/100
|move|p2a: Great Tusk|Stealth Rock|p1a: Alomomola
|-sidestart|p1: Havestol|move: Stealth Rock
|
|-weather|SunnyDay|[upkeep]
|upkeep
|turn|9
|
|t:|1760729600
|-end|p2a: Great Tusk|Protosynthesis|[silent]
|switch|p2a: Raging Bolt|Raging Bolt|91/100
|-activate|p2a: Raging Bolt|ability: Protosynthesis
|-start|p2a: Raging Bolt|protosynthesisspa
|move|p1a: Alomomola|Wish|p1a: Alomomola
|
|-weather|SunnyDay|[upkeep]
|upkeep
|turn|10
|
|t:|1760729611
|switch|p1a: Iron Treads|Iron Treads|78/100
|-damage|p1a: Iron Treads|75/100|[from] Stealth Rock
|move|p2a: Raging Bolt|Thunderbolt|p1a: Iron Treads
|-immune|p1a: Iron Treads
|
|-weather|SunnyDay|[upkeep]
|-heal|p1a: Iron Treads|100/100|[from] move: Wish|[wisher] Alomomola
|upkeep
|turn|11
|
|t:|1760729616
|-end|p2a: Raging Bolt|Protosynthesis|[silent]
|switch|p2a: Zamazenta|Zamazenta|100/100
|-ability|p2a: Zamazenta|Dauntless Shield|boost
|-boost|p2a: Zamazenta|def|1
|move|p1a: Iron Treads|Stealth Rock|p2a: Zamazenta
|-sidestart|p2: lab addict|move: Stealth Rock
|
|-weather|SunnyDay|[upkeep]
|upkeep
|turn|12
|
|t:|1760729618
|move|p2a: Zamazenta|Iron Defense|p2a: Zamazenta
|-boost|p2a: Zamazenta|def|2
|move|p1a: Iron Treads|Rapid Spin|p2a: Zamazenta
|-damage|p2a: Zamazenta|96/100
|-boost|p1a: Iron Treads|spe|1
|-sideend|p1: Havestol|Stealth Rock|[from] move: Rapid Spin|[of] p1a: Iron Treads
|
|-weather|none
|upkeep
|turn|13
|
|t:|1760729628
|-end|p1a: Iron Treads|Quark Drive|[silent]
|switch|p1a: Weezing|Weezing-Galar, F|82/100
|-ability|p1a: Weezing|Neutralizing Gas
|move|p2a: Zamazenta|Heavy Slam|p1a: Weezing
|-supereffective|p1a: Weezing
|-damage|p1a: Weezing|27/100
|
|upkeep
|turn|14
|
|t:|1760729631
|-end|p1a: Weezing|ability: Neutralizing Gas
|switch|p1a: Alomomola|Alomomola, M|100/100
|move|p2a: Zamazenta|Heavy Slam|p1a: Alomomola
|-resisted|p1a: Alomomola
|-damage|p1a: Alomomola|90/100
|
|upkeep
|turn|15
|
|t:|1760729636
|move|p2a: Zamazenta|Iron Defense|p2a: Zamazenta
|-boost|p2a: Zamazenta|def|2
|move|p1a: Alomomola|Flip Turn|p2a: Zamazenta
|-damage|p2a: Zamazenta|91/100
|
|t:|1760729640
|switch|p1a: Slowking|Slowking, F|100/100|[from] Flip Turn
|
|upkeep
|turn|16
|
|t:|1760729651
|-terastallize|p2a: Zamazenta|Steel
|move|p2a: Zamazenta|Iron Defense|p2a: Zamazenta
|-boost|p2a: Zamazenta|def|1
|move|p1a: Slowking|Thunder Wave|p2a: Zamazenta|[miss]
|-miss|p1a: Slowking|p2a: Zamazenta
|
|upkeep
|turn|17
|c|☆Havestol|lovely
|
|t:|1760729663
|move|p2a: Zamazenta|Body Press|p1a: Slowking
|-resisted|p1a: Slowking
|-damage|p1a: Slowking|35/100
|move|p1a: Slowking|Scald|p2a: Zamazenta
|-damage|p2a: Zamazenta|64/100
|
|upkeep
|turn|18
|
|t:|1760729670
|switch|p1a: Weezing|Weezing-Galar, F|27/100
|-ability|p1a: Weezing|Neutralizing Gas
|move|p2a: Zamazenta|Body Press|p1a: Weezing
|-resisted|p1a: Weezing
|-damage|p1a: Weezing|7/100
|
|upkeep
|turn|19
|c|☆lab addict|i have rest lol
|
|t:|1760729674
|move|p2a: Zamazenta|Body Press|p1a: Weezing
|-resisted|p1a: Weezing
|-crit|p1a: Weezing
|-damage|p1a: Weezing|0 fnt
|faint|p1a: Weezing
|-end|p1a: Weezing|ability: Neutralizing Gas
|
|upkeep
|c|☆Havestol|my point exactly
|c|☆Havestol|wtf am i supposed to do
|c|☆Havestol|against this cuck ass team
|c|☆lab addict|not sack your weezing
|c|☆lab addict|go for scald burns
|inactive|Havestol has 120 seconds left.
|c|☆lab addict|play a better team
|c|☆Havestol|how tf was i supposed to know you have heavy slam
|c|☆Havestol|and i fkn went for a scald burn
|c|☆lab addict|why would u not assume i have a way to hit fairies
|c|☆Havestol|talking to a scallop
|inactive|Havestol has 90 seconds left.
|
|t:|1760729741
|switch|p1a: Alomomola|Alomomola, M|100/100
|turn|20
|c|☆lab addict|on a team thats mono weak to fairy
|
|t:|1760729746
|move|p2a: Zamazenta|Body Press|p1a: Alomomola
|-damage|p1a: Alomomola|40/100
|move|p1a: Alomomola|Body Slam|p2a: Zamazenta
|-resisted|p2a: Zamazenta
|-damage|p2a: Zamazenta|62/100
|
|upkeep
|turn|21
|inactive|Havestol has 90 seconds left.
|c|☆lab addict|couldve also kept talonflame hp and not terad it, to have tera fairy alo
|inactive|Havestol has 60 seconds left.
|c|☆Havestol|idfc at this point go record your wifes of vids after youre done using the scummiest team on the plannet
|-message|Havestol forfeited.
|
|win|lab addict
|raw|Havestol's rating: 1511 &rarr; <strong>1493</strong><br />(-18 for losing)
|raw|lab addict's rating: 1546 &rarr; <strong>1564</strong><br />(+18 for winning)
|l|☆Havestol
|player|p1|
