|j|☆Ansinhomaster
|j|☆Vuzi
|t:|1760797093
|gametype|singles
|player|p1|Ansinhomaster|red|1051
|player|p2|Vuzi|sada-ai|1099
|gen|9
|tier|[Gen 9] OU
|rated|
|rule|HP Percentage Mod: HP is shown in percentages
|rule|Endless Battle Clause: Forcing endless battles is banned
|rule|Species Clause: Limit one of each Pokémon
|rule|OHKO Clause: OHKO moves are banned
|rule|Evasion Items Clause: Evasion items are banned
|rule|Evasion Moves Clause: Evasion moves are banned
|rule|Evasion Abilities Clause: Evasion abilities are banned
|rule|Sleep Moves Clause: Sleep-inducing moves are banned
|clearpoke
|poke|p1|Pikachu-Kalos, M|
|poke|p1|Lucario, M|
|poke|p1|Pelipper, M|
|poke|p1|Scizor, F|
|poke|p1|Lycanroc-Dusk, F|
|poke|p1|Magnezone|
|poke|p2|Gliscor, M|
|poke|p2|Iron Valiant|
|poke|p2|Kyurem|
|poke|p2|Scizor, M|
|poke|p2|Great Tusk|
|poke|p2|Kingambit, M|
|teampreview
|inactive|Battle timer is ON: inactive players will automatically lose when time's up. (requested by Vuzi)
|
|t:|1760797110
|teamsize|p1|6
|teamsize|p2|6
|start
|switch|p1a: Magnezone|Magnezone|100/100
|switch|p2a: Scizor|Scizor, M|100/100
|turn|1
|
|t:|1760797125
|move|p1a: Magnezone|Electric Terrain|p1a: Magnezone
|-fieldstart|move: Electric Terrain
|move|p2a: Scizor|Swords Dance|p2a: Scizor
|-boost|p2a: Scizor|atk|2
|
|upkeep
|turn|2
|
|t:|1760797133
|move|p1a: Magnezone|Flash Cannon|p2a: Scizor
|-resisted|p2a: Scizor
|-crit|p2a: Scizor
|-damage|p2a: Scizor|54/100
|move|p2a: Scizor|Knock Off|p1a: Magnezone
|-damage|p1a: Magnezone|0 fnt
|-damage|p2a: Scizor|38/100|[from] item: Rocky Helmet|[of] p1a: Magnezone
|-enditem|p1a: Magnezone|Rocky Helmet|[from] move: Knock Off|[of] p2a: Scizor
|faint|p1a: Magnezone
|-damage|p2a: Scizor|28/100|[from] item: Life Orb
|
|upkeep
|
|t:|1760797141
|switch|p1a: Pikachu|Pikachu-Kalos, M|100/100
|turn|3
|
|t:|1760797147
|move|p1a: Pikachu|Thunder|p2a: Scizor|[miss]
|-miss|p1a: Pikachu|p2a: Scizor
|move|p2a: Scizor|Knock Off|p1a: Pikachu
|-damage|p1a: Pikachu|0 fnt
|-enditem|p1a: Pikachu|Choice Scarf|[from] move: Knock Off|[of] p2a: Scizor
|faint|p1a: Pikachu
|-damage|p2a: Scizor|18/100|[from] item: Life Orb
|
|upkeep
|
|t:|1760797152
|switch|p1a: Lycanroc|Lycanroc-Dusk, F|100/100
|turn|4
|
|t:|1760797154
|move|p2a: Scizor|Bullet Punch|p1a: Lycanroc
|-supereffective|p1a: Lycanroc
|-damage|p1a: Lycanroc|0 fnt
|faint|p1a: Lycanroc
|-damage|p2a: Scizor|8/100|[from] item: Life Orb
|
|upkeep
|
|t:|1760797156
|switch|p1a: Scizor|Scizor, F|100/100
|turn|5
|
|t:|1760797159
|move|p1a: Scizor|Bullet Punch|p2a: Scizor
|-resisted|p2a: Scizor
|-damage|p2a: Scizor|0 fnt
|faint|p2a: Scizor
|
|-fieldend|move: Electric Terrain
|upkeep
|
|t:|1760797165
|switch|p2a: Kingambit|Kingambit, M, shiny|100/100
|-activate|p2a: Kingambit|ability: Supreme Overlord
|-start|p2a: Kingambit|fallen1|[silent]
|turn|6
|
|t:|1760797172
|-terastallize|p2a: Kingambit|Fire
|move|p2a: Kingambit|Tera Blast|p1a: Scizor|[anim] Tera Blast Fire
|-supereffective|p1a: Scizor
|-damage|p1a: Scizor|0 fnt
|faint|p1a: Scizor
|
|upkeep
|
|t:|1760797177
|switch|p1a: Pelipper|Pelipper, M|100/100
|-weather|RainDance|[from] ability: Drizzle|[of] p1a: Pelipper
|turn|7
|
|t:|1760797182
|move|p2a: Kingambit|Sucker Punch|p1a: Pelipper
|-damage|p1a: Pelipper|63/100
|move|p1a: Pelipper|Liquidation|p2a: Kingambit
|-supereffective|p2a: Kingambit
|-damage|p2a: Kingambit|62/100
|
|-weather|RainDance|[upkeep]
|-heal|p1a: Pelipper|69/100|[from] item: Leftovers
|upkeep
|turn|8
|
|t:|1760797186
|move|p1a: Pelipper|Liquidation|p2a: Kingambit
|-supereffective|p2a: Kingambit
|-damage|p2a: Kingambit|24/100
|move|p2a: Kingambit|Kowtow Cleave|p1a: Pelipper
|-damage|p1a: Pelipper|19/100
|
|-weather|RainDance|[upkeep]
|-heal|p1a: Pelipper|25/100|[from] item: Leftovers
|upkeep
|turn|9
|
|t:|1760797191
|move|p2a: Kingambit|Sucker Punch|p1a: Pelipper
|-damage|p1a: Pelipper|0 fnt
|faint|p1a: Pelipper
|
|-weather|RainDance|[upkeep]
|upkeep
|
|t:|1760797194
|switch|p1a: Lucario|Lucario, M, shiny|100/100
|turn|10
|
|t:|1760797196
|move|p1a: Lucario|Close Combat|p2a: Kingambit
|-damage|p2a: Kingambit|0 fnt
|-unboost|p1a: Lucario|def|1
|-unboost|p1a: Lucario|spd|1
|faint|p2a: Kingambit
|-end|p2a: Kingambit|fallen1|[silent]
|-damage|p1a: Lucario|91/100|[from] item: Life Orb
|
|-weather|RainDance|[upkeep]
|upkeep
|
|t:|1760797199
|switch|p2a: Iron Valiant|Iron Valiant, shiny|100/100
|turn|11
|
|t:|1760797205
|move|p2a: Iron Valiant|Vacuum Wave|p1a: Lucario
|-supereffective|p1a: Lucario
|-damage|p1a: Lucario|0 fnt
|faint|p1a: Lucario
|
|win|Vuzi
|raw|Ansinhomaster's rating: 1051 &rarr; <strong>1036</strong><br />(-15 for losing)
|raw|Vuzi's rating: 1099 &rarr; <strong>1121</strong><br />(+22 for winning)
|c|☆Vuzi|gg
|l|☆Vuzi
|player|p2|
|l|☆Ansinhomaster
|player|p1|
