|j|☆models&baddies
|j|☆killbot18
|t:|1760770259
|gametype|singles
|player|p1|models&baddies|266|1468
|player|p2|killbot18|102|1477
|gen|9
|tier|[Gen 9] OU
|rated|
|rule|HP Percentage Mod: HP is shown in percentages
|rule|Endless Battle Clause: Forcing endless battles is banned
|rule|Species Clause: Limit one of each Pokémon
|rule|OHKO Clause: OHKO moves are banned
|rule|Evasion Items Clause: Evasion items are banned
|rule|Evasion Moves Clause: Evasion moves are banned
|rule|Evasion Abilities Clause: Evasion abilities are banned
|rule|Sleep Moves Clause: Sleep-inducing moves are banned
|clearpoke
|poke|p1|Rillaboom, F|
|poke|p1|Salazzle, F|
|poke|p1|Latias, F|
|poke|p1|Espeon, F|
|poke|p1|Milotic, F|
|poke|p1|Hitmontop, M|
|poke|p2|Rillaboom, F|
|poke|p2|Ogerpon-Wellspring, F|
|poke|p2|Heatran, M|
|poke|p2|Kyurem|
|poke|p2|Great Tusk|
|poke|p2|Darkrai|
|teampreview
|
|t:|1760770269
|teamsize|p1|6
|teamsize|p2|6
|start
|switch|p1a: Latias|Latias, F|100/100
|switch|p2a: Rillaboom|Rillaboom, F|100/100
|-fieldstart|move: Grassy Terrain|[from] ability: Grassy Surge|[of] p2a: Rillaboom
|turn|1
|
|t:|1760770282
|switch|p1a: Salazzle|Salazzle, F|100/100
|move|p2a: Rillaboom|Swords Dance|p2a: Rillaboom
|-boost|p2a: Rillaboom|atk|2
|
|upkeep
|turn|2
|
|t:|1760770294
|switch|p2a: Heatran|Heatran, M|100/100
|move|p1a: Salazzle|Encore||[still]
|-fail|p1a: Salazzle
|
|upkeep
|turn|3
|
|t:|1760770302
|move|p1a: Salazzle|Substitute|p1a: Salazzle
|-start|p1a: Salazzle|Substitute
|-damage|p1a: Salazzle|76/100
|move|p2a: Heatran|Earth Power|p1a: Salazzle
|-supereffective|p1a: Salazzle
|-end|p1a: Salazzle|Substitute
|
|-heal|p1a: Salazzle|82/100|[from] Grassy Terrain
|-heal|p1a: Salazzle|88/100|[from] item: Leftovers
|upkeep
|turn|4
|
|t:|1760770308
|move|p1a: Salazzle|Toxic|p2a: Heatran
|-status|p2a: Heatran|tox
|move|p2a: Heatran|Magma Storm|p1a: Salazzle
|-resisted|p1a: Salazzle
|-damage|p1a: Salazzle|55/100
|-activate|p1a: Salazzle|move: Magma Storm|[of] p2a: Heatran
|
|-heal|p1a: Salazzle|61/100|[from] Grassy Terrain
|-heal|p1a: Salazzle|67/100|[from] item: Leftovers
|-damage|p2a: Heatran|94/100 tox|[from] psn
|-damage|p1a: Salazzle|55/100|[from] move: Magma Storm|[partiallytrapped]
|upkeep
|turn|5
|
|t:|1760770314
|move|p1a: Salazzle|Encore|p2a: Heatran
|-start|p2a: Heatran|Encore
|move|p2a: Heatran|Magma Storm|p1a: Salazzle
|-resisted|p1a: Salazzle
|-damage|p1a: Salazzle|21/100
|
|-heal|p1a: Salazzle|27/100|[from] Grassy Terrain
|-heal|p1a: Salazzle|33/100|[from] item: Leftovers
|-heal|p2a: Heatran|100/100 tox|[from] Grassy Terrain
|-damage|p2a: Heatran|88/100 tox|[from] psn
|-damage|p1a: Salazzle|21/100|[from] move: Magma Storm|[partiallytrapped]
|upkeep
|turn|6
|
|t:|1760770318
|move|p1a: Salazzle|Protect|p1a: Salazzle
|-singleturn|p1a: Salazzle|Protect
|move|p2a: Heatran|Magma Storm|p1a: Salazzle
|-activate|p1a: Salazzle|move: Protect
|
|-heal|p1a: Salazzle|27/100|[from] Grassy Terrain
|-heal|p1a: Salazzle|33/100|[from] item: Leftovers
|-heal|p2a: Heatran|94/100 tox|[from] Grassy Terrain
|-heal|p2a: Heatran|100/100 tox|[from] item: Leftovers
|-damage|p2a: Heatran|82/100 tox|[from] psn
|-damage|p1a: Salazzle|21/100|[from] move: Magma Storm|[partiallytrapped]
|upkeep
|turn|7
|
|t:|1760770322
|move|p1a: Salazzle|Protect|p1a: Salazzle
|-singleturn|p1a: Salazzle|Protect
|move|p2a: Heatran|Magma Storm|p1a: Salazzle
|-activate|p1a: Salazzle|move: Protect
|
|-heal|p1a: Salazzle|27/100|[from] Grassy Terrain
|-heal|p1a: Salazzle|33/100|[from] item: Leftovers
|-heal|p2a: Heatran|88/100 tox|[from] Grassy Terrain
|-heal|p2a: Heatran|94/100 tox|[from] item: Leftovers
|-damage|p2a: Heatran|69/100 tox|[from] psn
|-damage|p1a: Salazzle|21/100|[from] move: Magma Storm|[partiallytrapped]
|-end|p2a: Heatran|Encore
|upkeep
|turn|8
|
|t:|1760770326
|move|p1a: Salazzle|Protect||[still]
|-fail|p1a: Salazzle
|move|p2a: Heatran|Earth Power|p1a: Salazzle
|-supereffective|p1a: Salazzle
|-damage|p1a: Salazzle|0 fnt
|faint|p1a: Salazzle
|
|-heal|p2a: Heatran|76/100 tox|[from] Grassy Terrain
|-heal|p2a: Heatran|82/100 tox|[from] item: Leftovers
|-damage|p2a: Heatran|51/100 tox|[from] psn
|-fieldend|move: Grassy Terrain
|upkeep
|
|t:|1760770331
|switch|p1a: Rillaboom|Rillaboom, F|100/100
|-fieldstart|move: Grassy Terrain|[from] ability: Grassy Surge|[of] p1a: Rillaboom
|turn|9
|
|t:|1760770337
|move|p1a: Rillaboom|U-turn|p2a: Heatran
|-resisted|p2a: Heatran
|-damage|p2a: Heatran|46/100 tox
|
|t:|1760770343
|switch|p1a: Milotic|Milotic, F|100/100|[from] U-turn
|move|p2a: Heatran|Stealth Rock|p1a: Milotic
|-sidestart|p1: models&baddies|move: Stealth Rock
|
|-heal|p2a: Heatran|52/100 tox|[from] Grassy Terrain
|-heal|p2a: Heatran|58/100 tox|[from] item: Leftovers
|-damage|p2a: Heatran|21/100 tox|[from] psn
|upkeep
|turn|10
|
|t:|1760770350
|switch|p2a: Ogerpon|Ogerpon-Wellspring, F|100/100
|switch|p1a: Hitmontop|Hitmontop, M|100/100
|-damage|p1a: Hitmontop|94/100|[from] Stealth Rock
|
|-heal|p1a: Hitmontop|100/100|[from] Grassy Terrain
|upkeep
|turn|11
|
|t:|1760770370
|move|p2a: Ogerpon|Swords Dance|p2a: Ogerpon
|-boost|p2a: Ogerpon|atk|2
|move|p1a: Hitmontop|Rapid Spin|p2a: Ogerpon
|-damage|p2a: Ogerpon|70/100
|-boost|p1a: Hitmontop|spe|1
|-sideend|p1: models&baddies|Stealth Rock|[from] move: Rapid Spin|[of] p1a: Hitmontop
|
|-heal|p2a: Ogerpon|76/100|[from] Grassy Terrain
|upkeep
|turn|12
|
|t:|1760770381
|move|p2a: Ogerpon|Grassy Glide|p1a: Hitmontop
|-damage|p1a: Hitmontop|0 fnt
|faint|p1a: Hitmontop
|
|-heal|p2a: Ogerpon|82/100|[from] Grassy Terrain
|upkeep
|
|t:|1760770389
|switch|p1a: Latias|Latias, F|100/100
|turn|13
|
|t:|1760770397
|move|p1a: Latias|Trick||[still]
|-fail|p1a: Latias
|move|p2a: Ogerpon|Play Rough|p1a: Latias
|-supereffective|p1a: Latias
|-damage|p1a: Latias|0 fnt
|faint|p1a: Latias
|
|-heal|p2a: Ogerpon|88/100|[from] Grassy Terrain
|upkeep
|-message|models&baddies forfeited.
|
|win|killbot18
|raw|models&amp;baddies's rating: 1468 &rarr; <strong>1449</strong><br />(-19 for losing)
|raw|killbot18's rating: 1477 &rarr; <strong>1496</strong><br />(+19 for winning)
|l|☆killbot18
|player|p2|
