|j|☆capitalistic goon
|j|☆S-993311
|t:|1760835596
|gametype|singles
|player|p1|capitalistic goon|170|1466
|player|p2|S-993311|fisherman-gen4|1396
|gen|9
|tier|[Gen 9] OU
|rated|
|rule|HP Percentage Mod: HP is shown in percentages
|rule|Endless Battle Clause: Forcing endless battles is banned
|rule|Species Clause: Limit one of each Pokémon
|rule|OHKO Clause: OHKO moves are banned
|rule|Evasion Items Clause: Evasion items are banned
|rule|Evasion Moves Clause: Evasion moves are banned
|rule|Evasion Abilities Clause: Evasion abilities are banned
|rule|Sleep Moves Clause: Sleep-inducing moves are banned
|clearpoke
|poke|p1|Ogerpon-Wellspring, F|
|poke|p1|Kingambit, M|
|poke|p1|Landorus-Therian, M|
|poke|p1|Glimmora, F|
|poke|p1|Dragapult, F|
|poke|p1|Iron Valiant|
|poke|p2|Thundurus-Therian, M|
|poke|p2|Raging Bolt|
|poke|p2|Slowking-Galar, F|
|poke|p2|Kyurem|
|poke|p2|Great Tusk|
|poke|p2|Moltres|
|teampreview
|inactive|Battle timer is ON: inactive players will automatically lose when time's up. (requested by S-993311)
|inactive|capitalistic goon also wants the timer to be on.
|j| blabab
|inactive|capitalistic goon has 120 seconds left.
|
|t:|1760835639
|teamsize|p1|6
|teamsize|p2|6
|start
|switch|p1a: Dragapult|Dragapult, F|100/100
|switch|p2a: Thundurus|Thundurus-Therian, M|100/100
|turn|1
|
|t:|1760835649
|switch|p2a: Slowking|Slowking-Galar, F|100/100
|move|p1a: Dragapult|Draco Meteor|p2a: Slowking
|-damage|p2a: Slowking|60/100
|-unboost|p1a: Dragapult|spa|2
|
|upkeep
|turn|2
|
|t:|1760835664
|switch|p1a: Glimmora|Glimmora, F|100/100
|move|p2a: Slowking|Ice Beam|p1a: Glimmora
|-damage|p1a: Glimmora|64/100
|
|upkeep
|turn|3
|
|t:|1760835673
|move|p1a: Glimmora|Spikes|p2a: Slowking
|-sidestart|p2: S-993311|Spikes
|move|p2a: Slowking|Psyshock|p1a: Glimmora
|-supereffective|p1a: Glimmora
|-damage|p1a: Glimmora|0 fnt
|faint|p1a: Glimmora
|
|upkeep
|
|t:|1760835682
|switch|p1a: Dragapult|Dragapult, F|100/100
|turn|4
|
|t:|1760835687
|move|p1a: Dragapult|Shadow Ball|p2a: Slowking
|-supereffective|p2a: Slowking
|-damage|p2a: Slowking|7/100
|-unboost|p2a: Slowking|spd|1
|move|p2a: Slowking|Ice Beam|p1a: Dragapult
|-supereffective|p1a: Dragapult
|-damage|p1a: Dragapult|19/100
|
|upkeep
|turn|5
|
|t:|1760835701
|move|p1a: Dragapult|Shadow Ball|p2a: Slowking
|-supereffective|p2a: Slowking
|-damage|p2a: Slowking|0 fnt
|faint|p2a: Slowking
|
|upkeep
|
|t:|1760835711
|switch|p2a: Kyurem|Kyurem|100/100
|-damage|p2a: Kyurem|88/100|[from] Spikes
|-ability|p2a: Kyurem|Pressure
|turn|6
|
|t:|1760835741
|switch|p1a: Kingambit|Kingambit, M|100/100
|-activate|p1a: Kingambit|ability: Supreme Overlord
|-start|p1a: Kingambit|fallen1|[silent]
|move|p2a: Kyurem|Ice Beam|p1a: Kingambit
|-resisted|p1a: Kingambit
|-damage|p1a: Kingambit|77/100
|-status|p1a: Kingambit|frz
|
|-heal|p1a: Kingambit|83/100 frz|[from] item: Leftovers
|upkeep
|turn|7
|
|t:|1760835751
|switch|p2a: Great Tusk|Great Tusk|100/100
|cant|p1a: Kingambit|frz
|
|-heal|p1a: Kingambit|89/100 frz|[from] item: Leftovers
|upkeep
|turn|8
|
|t:|1760835757
|-end|p1a: Kingambit|fallen1|[silent]
|switch|p1a: Ogerpon|Ogerpon-Wellspring, F|100/100
|move|p2a: Great Tusk|Ice Spinner|p1a: Ogerpon
|-damage|p1a: Ogerpon|68/100
|
|upkeep
|turn|9
|
|t:|1760835766
|move|p1a: Ogerpon|Horn Leech|p2a: Great Tusk
|-supereffective|p2a: Great Tusk
|-damage|p2a: Great Tusk|50/100
|-heal|p1a: Ogerpon|100/100|[from] drain|[of] p2a: Great Tusk
|move|p2a: Great Tusk|Rapid Spin|p1a: Ogerpon
|-damage|p1a: Ogerpon|81/100
|-boost|p2a: Great Tusk|spe|1
|-sideend|p2: S-993311|Spikes|[from] move: Rapid Spin|[of] p2a: Great Tusk
|
|upkeep
|turn|10
|
|t:|1760835774
|move|p2a: Great Tusk|Stealth Rock|p1a: Ogerpon
|-sidestart|p1: capitalistic goon|move: Stealth Rock
|move|p1a: Ogerpon|Horn Leech|p2a: Great Tusk
|-supereffective|p2a: Great Tusk
|-damage|p2a: Great Tusk|0 fnt
|-heal|p1a: Ogerpon|100/100|[from] drain|[of] p2a: Great Tusk
|faint|p2a: Great Tusk
|-end|p2a: Great Tusk|Protosynthesis|[silent]
|
|upkeep
|
|t:|1760835784
|switch|p2a: Kyurem|Kyurem|88/100
|-ability|p2a: Kyurem|Pressure
|turn|11
|
|t:|1760835800
|-terastallize|p1a: Ogerpon|Water
|detailschange|p1a: Ogerpon|Ogerpon-Wellspring-Tera, F, tera:Water
|-ability|p1a: Ogerpon|Embody Aspect (Wellspring)|boost
|-boost|p1a: Ogerpon|spd|1
|move|p2a: Kyurem|Freeze-Dry|p1a: Ogerpon
|-supereffective|p1a: Ogerpon
|-damage|p1a: Ogerpon|40/100
|move|p1a: Ogerpon|Play Rough|p2a: Kyurem
|-supereffective|p2a: Kyurem
|-damage|p2a: Kyurem|24/100
|-unboost|p2a: Kyurem|atk|1
|
|upkeep
|turn|12
|
|t:|1760835812
|switch|p1a: Kingambit|Kingambit, M|89/100 frz
|-damage|p1a: Kingambit|83/100 frz|[from] Stealth Rock
|-activate|p1a: Kingambit|ability: Supreme Overlord
|-start|p1a: Kingambit|fallen1|[silent]
|move|p2a: Kyurem|Freeze-Dry|p1a: Kingambit
|-resisted|p1a: Kingambit
|-damage|p1a: Kingambit|66/100 frz
|
|-heal|p1a: Kingambit|73/100 frz|[from] item: Leftovers
|upkeep
|turn|13
|
|t:|1760835826
|switch|p2a: Moltres|Moltres|100/100
|cant|p1a: Kingambit|frz
|
|-heal|p1a: Kingambit|79/100 frz|[from] item: Leftovers
|upkeep
|turn|14
|
|t:|1760835838
|-end|p1a: Kingambit|fallen1|[silent]
|switch|p1a: Landorus|Landorus-Therian, M|100/100
|-damage|p1a: Landorus|88/100|[from] Stealth Rock
|-ability|p1a: Landorus|Intimidate|boost
|-unboost|p2a: Moltres|atk|1
|move|p2a: Moltres|U-turn|p1a: Landorus
|-resisted|p1a: Landorus
|-damage|p1a: Landorus|83/100
|-damage|p2a: Moltres|84/100|[from] item: Rocky Helmet|[of] p1a: Landorus
|
|t:|1760835847
|switch|p2a: Kyurem|Kyurem|24/100|[from] U-turn
|-ability|p2a: Kyurem|Pressure
|
|upkeep
|turn|15
|
|t:|1760835853
|switch|p1a: Kingambit|Kingambit, M|79/100 frz
|-damage|p1a: Kingambit|73/100 frz|[from] Stealth Rock
|-activate|p1a: Kingambit|ability: Supreme Overlord
|-start|p1a: Kingambit|fallen1|[silent]
|move|p2a: Kyurem|Earth Power|p1a: Kingambit
|-supereffective|p1a: Kingambit
|-damage|p1a: Kingambit|10/100 frz
|
|-heal|p1a: Kingambit|16/100 frz|[from] item: Leftovers
|upkeep
|turn|16
|
|t:|1760835865
|switch|p2a: Moltres|Moltres|84/100
|-end|p1a: Kingambit|fallen1|[silent]
|switch|p1a: Landorus|Landorus-Therian, M|83/100
|-damage|p1a: Landorus|71/100|[from] Stealth Rock
|-ability|p1a: Landorus|Intimidate|boost
|-unboost|p2a: Moltres|atk|1
|
|upkeep
|turn|17
|
|t:|1760835874
|move|p1a: Landorus|Stealth Rock|p2a: Moltres
|-sidestart|p2: S-993311|move: Stealth Rock
|move|p2a: Moltres|Hurricane|p1a: Landorus|[miss]
|-miss|p2a: Moltres|p1a: Landorus
|
|upkeep
|turn|18
|
|t:|1760835879
|move|p1a: Landorus|U-turn|p2a: Moltres
|-resisted|p2a: Moltres
|-damage|p2a: Moltres|80/100
|
|t:|1760835885
|switch|p1a: Kingambit|Kingambit, M|16/100 frz|[from] U-turn
|-damage|p1a: Kingambit|10/100 frz|[from] Stealth Rock
|-activate|p1a: Kingambit|ability: Supreme Overlord
|-start|p1a: Kingambit|fallen1|[silent]
|move|p2a: Moltres|Hurricane|p1a: Kingambit
|-resisted|p1a: Kingambit
|-damage|p1a: Kingambit|0 fnt
|faint|p1a: Kingambit
|-end|p1a: Kingambit|fallen1|[silent]
|
|upkeep
|
|t:|1760835888
|switch|p1a: Ogerpon|Ogerpon-Wellspring-Tera, F, tera:Water|40/100
|-damage|p1a: Ogerpon|28/100|[from] Stealth Rock
|-ability|p1a: Ogerpon|Embody Aspect (Wellspring)|boost
|-boost|p1a: Ogerpon|spd|1
|turn|19
|
|t:|1760835903
|-terastallize|p2a: Moltres|Fairy
|move|p1a: Ogerpon|Ivy Cudgel|p2a: Moltres|[anim] Ivy Cudgel Water
|-damage|p2a: Moltres|26/100
|move|p2a: Moltres|Hurricane|p1a: Ogerpon
|-crit|p1a: Ogerpon
|-damage|p1a: Ogerpon|0 fnt
|faint|p1a: Ogerpon
|detailschange|p1: Ogerpon|Ogerpon-Wellspring, F|[silent]
|
|upkeep
|
|t:|1760835932
|switch|p1a: Dragapult|Dragapult, F|19/100
|-damage|p1a: Dragapult|7/100|[from] Stealth Rock
|turn|20
|
|t:|1760835939
|move|p1a: Dragapult|Shadow Ball|p2a: Moltres
|-damage|p2a: Moltres|0 fnt
|faint|p2a: Moltres
|
|upkeep
|
|t:|1760835949
|switch|p2a: Kyurem|Kyurem|24/100
|-damage|p2a: Kyurem|0 fnt|[from] Stealth Rock
|faint|p2a: Kyurem
|
|t:|1760835956
|switch|p2a: Raging Bolt|Raging Bolt|100/100
|-damage|p2a: Raging Bolt|88/100|[from] Stealth Rock
|-enditem|p2a: Raging Bolt|Booster Energy
|-activate|p2a: Raging Bolt|ability: Protosynthesis|[fromitem]
|-start|p2a: Raging Bolt|protosynthesisspa
|turn|21
|
|t:|1760835961
|move|p2a: Raging Bolt|Thunderclap|p1a: Dragapult
|-resisted|p1a: Dragapult
|-damage|p1a: Dragapult|0 fnt
|faint|p1a: Dragapult
|
|upkeep
|
|t:|1760835963
|switch|p1a: Landorus|Landorus-Therian, M|71/100
|-damage|p1a: Landorus|59/100|[from] Stealth Rock
|-ability|p1a: Landorus|Intimidate|boost
|-unboost|p2a: Raging Bolt|atk|1
|turn|22
|
|t:|1760835969
|move|p1a: Landorus|Earthquake|p2a: Raging Bolt
|-supereffective|p2a: Raging Bolt
|-damage|p2a: Raging Bolt|10/100
|move|p2a: Raging Bolt|Dragon Pulse|p1a: Landorus
|-damage|p1a: Landorus|0 fnt
|faint|p1a: Landorus
|
|upkeep
|
|t:|1760835975
|switch|p1a: Iron Valiant|Iron Valiant|100/100
|-damage|p1a: Iron Valiant|94/100|[from] Stealth Rock
|-enditem|p1a: Iron Valiant|Booster Energy
|-activate|p1a: Iron Valiant|ability: Quark Drive|[fromitem]
|-start|p1a: Iron Valiant|quarkdrivespe
|turn|23
|
|t:|1760835981
|move|p1a: Iron Valiant|Swords Dance|p1a: Iron Valiant
|-boost|p1a: Iron Valiant|atk|2
|move|p2a: Raging Bolt|Thunderbolt|p1a: Iron Valiant
|-damage|p1a: Iron Valiant|0 fnt
|faint|p1a: Iron Valiant
|-end|p1a: Iron Valiant|Quark Drive|[silent]
|
|win|S-993311
|raw|capitalistic goon's rating: 1466 &rarr; <strong>1442</strong><br />(-24 for losing)
|raw|S-993311's rating: 1396 &rarr; <strong>1420</strong><br />(+24 for winning)
|l|☆capitalistic goon
|player|p1|
|l| blabab
