|j|☆rylon ✝
|j|☆Cocobreezy
|t:|1760836412
|gametype|singles
|player|p1|rylon ✝|flannery|
|player|p2|Cocobreezy|yellow|
|gen|9
|tier|[Gen 9] OU
|rule|HP Percentage Mod: HP is shown in percentages
|rule|Endless Battle Clause: Forcing endless battles is banned
|rule|Species Clause: Limit one of each Pokémon
|rule|OHKO Clause: OHKO moves are banned
|rule|Evasion Items Clause: Evasion items are banned
|rule|Evasion Moves Clause: Evasion moves are banned
|rule|Evasion Abilities Clause: Evasion abilities are banned
|rule|Sleep Moves Clause: Sleep-inducing moves are banned
|clearpoke
|poke|p1|Iron Valiant|
|poke|p1|Deoxys-Speed|
|poke|p1|Great Tusk|
|poke|p1|Ogerpon-Wellspring, F|
|poke|p1|Iron Moth|
|poke|p1|Dragonite, F|
|poke|p2|Kingdra, M|
|poke|p2|Pelipper, M|
|poke|p2|Keldeo-Resolute|
|poke|p2|Greninja-*, M|
|poke|p2|Raging Bolt|
|poke|p2|Meowscarada, F|
|teampreview
|inactive|Battle timer is ON: inactive players will automatically lose when time's up. (requested by Cocobreezy)
|inactive|rylon ✝ has 270 seconds left.
|
|t:|1760836445
|teamsize|p1|6
|teamsize|p2|6
|start
|switch|p1a: Deoxys|Deoxys-Speed|100/100
|switch|p2a: Meowscarada|Meowscarada, F|100/100
|-ability|p1a: Deoxys|Pressure
|turn|1
|
|t:|1760836453
|move|p2a: Meowscarada|U-turn|p1a: Deoxys
|-start|p2a: Meowscarada|typechange|Bug|[from] ability: Protean
|-supereffective|p1a: Deoxys
|-damage|p1a: Deoxys|40/100
|-enditem|p1a: Deoxys|Red Card|[of] p2a: Meowscarada
|drag|p2a: Greninja|Greninja, M|100/100
|move|p1a: Deoxys|Superpower|p2a: Greninja
|-supereffective|p2a: Greninja
|-damage|p2a: Greninja|16/100
|-unboost|p1a: Deoxys|atk|1
|-unboost|p1a: Deoxys|def|1
|
|upkeep
|turn|2
|
|t:|1760836464
|move|p2a: Greninja|Water Shuriken|p1a: Deoxys
|-damage|p1a: Deoxys|31/100
|-damage|p1a: Deoxys|20/100
|-damage|p1a: Deoxys|9/100
|-damage|p1a: Deoxys|0 fnt
|faint|p1a: Deoxys
|-ability|p2a: Greninja|Battle Bond|boost
|-boost|p2a: Greninja|atk|1
|-boost|p2a: Greninja|spa|1
|-boost|p2a: Greninja|spe|1
|-activate|p2a: Greninja|ability: Battle Bond
|-hitcount|p1: Deoxys|4
|
|upkeep
|
|t:|1760836472
|switch|p1a: Dragonite|Dragonite, F|100/100
|turn|3
|
|t:|1760836492
|switch|p2a: Meowscarada|Meowscarada, F|100/100
|move|p1a: Dragonite|Extreme Speed|p2a: Meowscarada
|-damage|p2a: Meowscarada|51/100
|
|upkeep
|turn|4
|
|t:|1760836513
|-terastallize|p1a: Dragonite|Normal
|move|p2a: Meowscarada|Triple Axel|p1a: Dragonite
|-start|p2a: Meowscarada|typechange|Ice|[from] ability: Protean
|-damage|p1a: Dragonite|95/100
|-damage|p1a: Dragonite|75/100
|-damage|p1a: Dragonite|45/100
|-hitcount|p1a: Dragonite|3
|move|p1a: Dragonite|Dragon Dance|p1a: Dragonite
|-boost|p1a: Dragonite|atk|1
|-boost|p1a: Dragonite|spe|1
|
|upkeep
|turn|5
|
|t:|1760836526
|move|p1a: Dragonite|Extreme Speed|p2a: Meowscarada
|-damage|p2a: Meowscarada|0 fnt
|faint|p2a: Meowscarada
|
|upkeep
|
|t:|1760836528
|switch|p2a: Pelipper|Pelipper, M|100/100
|-weather|RainDance|[from] ability: Drizzle|[of] p2a: Pelipper
|turn|6
|
|t:|1760836532
|move|p1a: Dragonite|Dragon Dance|p1a: Dragonite
|-boost|p1a: Dragonite|atk|1
|-boost|p1a: Dragonite|spe|1
|move|p2a: Pelipper|U-turn|p1a: Dragonite
|-damage|p1a: Dragonite|35/100
|
|t:|1760836537
|switch|p2a: Keldeo|Keldeo-Resolute|100/100|[from] U-turn
|
|-weather|RainDance|[upkeep]
|upkeep
|turn|7
|
|t:|1760836539
|-terastallize|p2a: Keldeo|Steel
|move|p1a: Dragonite|Extreme Speed|p2a: Keldeo
|-resisted|p2a: Keldeo
|-damage|p2a: Keldeo|42/100
|move|p2a: Keldeo|Vacuum Wave|p1a: Dragonite
|-supereffective|p1a: Dragonite
|-damage|p1a: Dragonite|0 fnt
|faint|p1a: Dragonite
|
|-weather|RainDance|[upkeep]
|upkeep
|
|t:|1760836549
|switch|p1a: Iron Valiant|Iron Valiant|100/100
|-enditem|p1a: Iron Valiant|Booster Energy
|-activate|p1a: Iron Valiant|ability: Quark Drive|[fromitem]
|-start|p1a: Iron Valiant|quarkdrivespe
|turn|8
|
|t:|1760836560
|move|p2a: Keldeo|Vacuum Wave|p1a: Iron Valiant
|-resisted|p1a: Iron Valiant
|-damage|p1a: Iron Valiant|72/100
|move|p1a: Iron Valiant|Close Combat|p2a: Keldeo
|-supereffective|p2a: Keldeo
|-damage|p2a: Keldeo|0 fnt
|-unboost|p1a: Iron Valiant|def|1
|-unboost|p1a: Iron Valiant|spd|1
|faint|p2a: Keldeo
|
|-weather|RainDance|[upkeep]
|upkeep
|
|t:|1760836565
|switch|p2a: Greninja|Greninja, M|16/100
|turn|9
|
|t:|1760836573
|-end|p1a: Iron Valiant|Quark Drive|[silent]
|switch|p1a: Ogerpon|Ogerpon-Wellspring, F|100/100
|move|p2a: Greninja|Ice Beam|p1a: Ogerpon
|-damage|p1a: Ogerpon|64/100
|
|-weather|RainDance|[upkeep]
|upkeep
|turn|10
|
|t:|1760836579
|switch|p2a: Bolt|Raging Bolt|100/100
|-enditem|p2a: Bolt|Booster Energy
|-activate|p2a: Bolt|ability: Protosynthesis|[fromitem]
|-start|p2a: Bolt|protosynthesisspa
|move|p1a: Ogerpon|Trailblaze|p2a: Bolt
|-resisted|p2a: Bolt
|-damage|p2a: Bolt|87/100
|-boost|p1a: Ogerpon|spe|1
|
|-weather|RainDance|[upkeep]
|upkeep
|turn|11
|
|t:|1760836587
|move|p1a: Ogerpon|Play Rough|p2a: Bolt
|-supereffective|p2a: Bolt
|-damage|p2a: Bolt|20/100
|-unboost|p2a: Bolt|atk|1
|move|p2a: Bolt|Dragon Pulse|p1a: Ogerpon
|-damage|p1a: Ogerpon|0 fnt
|faint|p1a: Ogerpon
|
|-weather|RainDance|[upkeep]
|upkeep
|inactive|rylon ✝ has 270 seconds left.
|
|t:|1760836618
|switch|p1a: Iron Moth|Iron Moth|100/100
|-enditem|p1a: Iron Moth|Booster Energy
|-activate|p1a: Iron Moth|ability: Quark Drive|[fromitem]
|-start|p1a: Iron Moth|quarkdrivespe
|turn|12
|
|t:|1760836622
|move|p1a: Iron Moth|Substitute|p1a: Iron Moth
|-start|p1a: Iron Moth|Substitute
|-damage|p1a: Iron Moth|76/100
|move|p2a: Bolt|Dragon Pulse|p1a: Iron Moth
|-end|p1a: Iron Moth|Substitute
|
|-weather|RainDance|[upkeep]
|upkeep
|turn|13
|
|t:|1760836630
|move|p1a: Iron Moth|Sludge Wave|p2a: Bolt
|-damage|p2a: Bolt|0 fnt
|faint|p2a: Bolt
|-end|p2a: Bolt|Protosynthesis|[silent]
|
|-weather|none
|upkeep
|
|t:|1760836634
|switch|p2a: Pelipper|Pelipper, M|100/100
|-weather|RainDance|[from] ability: Drizzle|[of] p2a: Pelipper
|turn|14
|
|t:|1760836638
|move|p1a: Iron Moth|Substitute|p1a: Iron Moth
|-start|p1a: Iron Moth|Substitute
|-damage|p1a: Iron Moth|51/100
|move|p2a: Pelipper|Knock Off|p1a: Iron Moth
|-activate|p1a: Iron Moth|move: Substitute|[damage]
|
|-weather|RainDance|[upkeep]
|upkeep
|turn|15
|
|t:|1760836641
|move|p1a: Iron Moth|Sludge Wave|p2a: Pelipper
|-damage|p2a: Pelipper|47/100
|move|p2a: Pelipper|U-turn|p1a: Iron Moth
|-resisted|p1a: Iron Moth
|-activate|p1a: Iron Moth|move: Substitute|[damage]
|
|t:|1760836645
|switch|p2a: Greninja|Greninja, M|16/100|[from] U-turn
|
|-weather|RainDance|[upkeep]
|upkeep
|turn|16
|
|t:|1760836649
|move|p2a: Greninja|Water Shuriken|p1a: Iron Moth
|-supereffective|p1a: Iron Moth
|-end|p1a: Iron Moth|Substitute
|-supereffective|p1a: Iron Moth
|-damage|p1a: Iron Moth|28/100
|-supereffective|p1a: Iron Moth
|-damage|p1a: Iron Moth|2/100
|-supereffective|p1a: Iron Moth
|-damage|p1a: Iron Moth|0 fnt
|faint|p1a: Iron Moth
|-end|p1a: Iron Moth|Quark Drive|[silent]
|-hitcount|p1: Iron Moth|4
|
|-weather|RainDance|[upkeep]
|upkeep
|
|t:|1760836650
|switch|p1a: Great Tusk|Great Tusk|100/100
|-enditem|p1a: Great Tusk|Booster Energy
|-activate|p1a: Great Tusk|ability: Protosynthesis|[fromitem]
|-start|p1a: Great Tusk|protosynthesisspe
|turn|17
|
|t:|1760836656
|move|p2a: Greninja|Water Shuriken|p1a: Great Tusk
|-supereffective|p1a: Great Tusk
|-damage|p1a: Great Tusk|70/100
|-supereffective|p1a: Great Tusk
|-damage|p1a: Great Tusk|41/100
|-supereffective|p1a: Great Tusk
|-damage|p1a: Great Tusk|12/100
|-supereffective|p1a: Great Tusk
|-damage|p1a: Great Tusk|0 fnt
|faint|p1a: Great Tusk
|-end|p1a: Great Tusk|Protosynthesis|[silent]
|-hitcount|p1: Great Tusk|4
|
|-weather|RainDance|[upkeep]
|upkeep
|
|t:|1760836658
|switch|p1a: Iron Valiant|Iron Valiant|72/100
|turn|18
|c|☆Cocobreezy|gg
|-message|rylon ✝ forfeited.
|
|win|Cocobreezy
|l|☆rylon ✝
|player|p1|
