|j|☆sminey
|j|☆Kayanne97
|t:|1760766786
|gametype|singles
|player|p1|sminey|palmer|1538
|player|p2|Kayanne97|rosa|1605
|gen|9
|tier|[Gen 9] OU
|rated|
|rule|HP Percentage Mod: HP is shown in percentages
|rule|Endless Battle Clause: Forcing endless battles is banned
|rule|Species Clause: Limit one of each Pokémon
|rule|OHKO Clause: OHKO moves are banned
|rule|Evasion Items Clause: Evasion items are banned
|rule|Evasion Moves Clause: Evasion moves are banned
|rule|Evasion Abilities Clause: Evasion abilities are banned
|rule|Sleep Moves Clause: Sleep-inducing moves are banned
|clearpoke
|poke|p1|Cinderace, F|
|poke|p1|Zapdos|
|poke|p1|Latios, M|
|poke|p1|Weavile, F|
|poke|p1|Clefable, M|
|poke|p1|Slowking-Galar, M|
|poke|p2|Great Tusk|
|poke|p2|Kingambit, F|
|poke|p2|Moltres|
|poke|p2|Tinkaton, F|
|poke|p2|Samurott-Hisui, M|
|poke|p2|Kyurem|
|teampreview
|inactive|Battle timer is ON: inactive players will automatically lose when time's up. (requested by Kayanne97)
|
|t:|1760766814
|teamsize|p1|6
|teamsize|p2|6
|start
|switch|p1a: Zapdos|Zapdos|100/100
|switch|p2a: Samurott|Samurott-Hisui, M|100/100
|turn|1
|
|t:|1760766820
|move|p2a: Samurott|Flip Turn|p1a: Zapdos
|-damage|p1a: Zapdos|81/100
|
|t:|1760766823
|switch|p2a: Tinkaton|Tinkaton, F|100/100|[from] Flip Turn
|-item|p2a: Tinkaton|Air Balloon
|move|p1a: Zapdos|Hurricane|p2a: Tinkaton|[miss]
|-miss|p1a: Zapdos|p2a: Tinkaton
|
|upkeep
|turn|2
|
|t:|1760766829
|move|p2a: Tinkaton|Stealth Rock|p1a: Zapdos
|-sidestart|p1: sminey|move: Stealth Rock
|move|p1a: Zapdos|Thunder Wave|p2a: Tinkaton
|-status|p2a: Tinkaton|par
|
|upkeep
|turn|3
|
|t:|1760766831
|move|p1a: Zapdos|Hurricane|p2a: Tinkaton
|-resisted|p2a: Tinkaton
|-damage|p2a: Tinkaton|81/100 par
|-enditem|p2a: Tinkaton|Air Balloon
|cant|p2a: Tinkaton|par
|
|upkeep
|turn|4
|
|t:|1760766837
|move|p1a: Zapdos|Hurricane|p2a: Tinkaton
|-resisted|p2a: Tinkaton
|-damage|p2a: Tinkaton|60/100 par
|-start|p2a: Tinkaton|confusion
|-activate|p2a: Tinkaton|confusion
|move|p2a: Tinkaton|Knock Off|p1a: Zapdos
|-damage|p1a: Zapdos|69/100
|-enditem|p1a: Zapdos|Heavy-Duty Boots|[from] move: Knock Off|[of] p2a: Tinkaton
|
|upkeep
|turn|5
|
|t:|1760766850
|move|p1a: Zapdos|Hurricane|p2a: Tinkaton|[miss]
|-miss|p1a: Zapdos|p2a: Tinkaton
|-activate|p2a: Tinkaton|confusion
|move|p2a: Tinkaton|Gigaton Hammer|p1a: Zapdos
|-resisted|p1a: Zapdos
|-damage|p1a: Zapdos|51/100
|
|upkeep
|turn|6
|
|t:|1760766855
|move|p1a: Zapdos|Roost|p1a: Zapdos
|-heal|p1a: Zapdos|100/100
|-singleturn|p1a: Zapdos|move: Roost
|-activate|p2a: Tinkaton|confusion
|move|p2a: Tinkaton|Knock Off|p1a: Zapdos
|-damage|p1a: Zapdos|92/100
|
|upkeep
|turn|7
|
|t:|1760766859
|switch|p2a: Kyurem|Kyurem, shiny|100/100
|-ability|p2a: Kyurem|Pressure
|move|p1a: Zapdos|Hurricane|p2a: Kyurem
|-damage|p2a: Kyurem|59/100
|-start|p2a: Kyurem|confusion
|
|upkeep
|turn|8
|
|t:|1760766874
|switch|p1a: Clefable|Clefable, M|100/100
|-activate|p2a: Kyurem|confusion
|move|p2a: Kyurem|Ice Beam|p1a: Clefable
|-damage|p1a: Clefable|55/100
|
|upkeep
|turn|9
|
|t:|1760766883
|switch|p2a: Tinkaton|Tinkaton, F|60/100 par
|move|p1a: Clefable|Moonlight|p1a: Clefable
|-heal|p1a: Clefable|100/100
|
|upkeep
|turn|10
|
|t:|1760766892
|switch|p1a: Zapdos|Zapdos|92/100
|-damage|p1a: Zapdos|67/100|[from] Stealth Rock
|move|p2a: Tinkaton|Gigaton Hammer|p1a: Zapdos
|-resisted|p1a: Zapdos
|-damage|p1a: Zapdos|52/100
|
|upkeep
|turn|11
|
|t:|1760766901
|switch|p2a: Samurott|Samurott-Hisui, M|100/100
|move|p1a: Zapdos|Roost|p1a: Zapdos
|-heal|p1a: Zapdos|100/100
|-singleturn|p1a: Zapdos|move: Roost
|
|upkeep
|turn|12
|
|t:|1760766907
|move|p2a: Samurott|Flip Turn|p1a: Zapdos
|-damage|p1a: Zapdos|81/100
|
|t:|1760766909
|switch|p2a: Kyurem|Kyurem, shiny|59/100|[from] Flip Turn
|-ability|p2a: Kyurem|Pressure
|move|p1a: Zapdos|Thunder Wave|p2a: Kyurem
|-status|p2a: Kyurem|par
|
|upkeep
|turn|13
|
|t:|1760766913
|move|p1a: Zapdos|Volt Switch|p2a: Kyurem
|-resisted|p2a: Kyurem
|-damage|p2a: Kyurem|45/100 par
|
|t:|1760766918
|switch|p1a: Slowking|Slowking-Galar, M|100/100|[from] Volt Switch
|-damage|p1a: Slowking|88/100|[from] Stealth Rock
|move|p2a: Kyurem|Ice Beam|p1a: Slowking
|-damage|p1a: Slowking|68/100
|-status|p1a: Slowking|frz
|
|upkeep
|turn|14
|
|t:|1760766928
|cant|p2a: Kyurem|par
|cant|p1a: Slowking|frz
|
|upkeep
|turn|15
|
|t:|1760766931
|move|p2a: Kyurem|Ice Beam|p1a: Slowking
|-damage|p1a: Slowking|48/100 frz
|cant|p1a: Slowking|frz
|
|upkeep
|turn|16
|
|t:|1760766938
|cant|p2a: Kyurem|par
|-curestatus|p1a: Slowking|frz|[msg]
|move|p1a: Slowking|Flamethrower|p2a: Kyurem
|-damage|p2a: Kyurem|22/100 par
|
|upkeep
|turn|17
|
|t:|1760766944
|cant|p2a: Kyurem|par
|move|p1a: Slowking|Flamethrower|p2a: Kyurem
|-damage|p2a: Kyurem|1/100 par
|
|upkeep
|turn|18
|
|t:|1760766949
|move|p2a: Kyurem|Draco Meteor|p1a: Slowking
|-damage|p1a: Slowking|22/100
|-unboost|p2a: Kyurem|spa|2
|move|p1a: Slowking|Flamethrower|p2a: Kyurem
|-damage|p2a: Kyurem|0 fnt
|faint|p2a: Kyurem
|
|upkeep
|
|t:|1760766954
|switch|p2a: Samurott|Samurott-Hisui, M|100/100
|turn|19
|
|t:|1760766958
|switch|p1a: Zapdos|Zapdos|81/100
|-damage|p1a: Zapdos|56/100|[from] Stealth Rock
|move|p2a: Samurott|Ceaseless Edge|p1a: Zapdos|[miss]
|-miss|p2a: Samurott|p1a: Zapdos
|
|upkeep
|turn|20
|
|t:|1760766963
|move|p2a: Samurott|Ceaseless Edge|p1a: Zapdos
|-damage|p1a: Zapdos|25/100
|-sidestart|p1: sminey|Spikes
|move|p1a: Zapdos|Roost|p1a: Zapdos
|-heal|p1a: Zapdos|75/100
|-singleturn|p1a: Zapdos|move: Roost
|
|upkeep
|turn|21
|
|t:|1760766970
|move|p2a: Samurott|Ceaseless Edge|p1a: Zapdos
|-damage|p1a: Zapdos|45/100
|-sidestart|p1: sminey|Spikes
|move|p1a: Zapdos|Thunder Wave|p2a: Samurott
|-status|p2a: Samurott|par
|
|upkeep
|turn|22
|
|t:|1760766974
|move|p1a: Zapdos|Roost|p1a: Zapdos
|-heal|p1a: Zapdos|95/100
|-singleturn|p1a: Zapdos|move: Roost
|move|p2a: Samurott|Ceaseless Edge|p1a: Zapdos
|-damage|p1a: Zapdos|65/100
|-sidestart|p1: sminey|Spikes
|
|upkeep
|turn|23
|
|t:|1760766976
|switch|p2a: Great Tusk|Great Tusk|100/100
|move|p1a: Zapdos|Hurricane|p2a: Great Tusk|[miss]
|-miss|p1a: Zapdos|p2a: Great Tusk
|
|upkeep
|turn|24
|
|t:|1760766982
|move|p2a: Great Tusk|Rapid Spin|p1a: Zapdos
|-damage|p1a: Zapdos|52/100
|-boost|p2a: Great Tusk|spe|1
|-status|p2a: Great Tusk|par|[from] ability: Static|[of] p1a: Zapdos
|move|p1a: Zapdos|Hurricane|p2a: Great Tusk
|-supereffective|p2a: Great Tusk
|-damage|p2a: Great Tusk|0 fnt
|faint|p2a: Great Tusk
|-end|p2a: Great Tusk|Protosynthesis|[silent]
|
|upkeep
|
|t:|1760767001
|switch|p2a: Moltres|Moltres|100/100
|turn|25
|
|t:|1760767008
|move|p1a: Zapdos|Roost|p1a: Zapdos
|-heal|p1a: Zapdos|100/100
|-singleturn|p1a: Zapdos|move: Roost
|move|p2a: Moltres|Roar|p1a: Zapdos
|drag|p1a: Weavile|Weavile, F|100/100
|-ability|p1a: Weavile|Pressure
|
|upkeep
|turn|26
|
|t:|1760767015
|switch|p1a: Cinderace|Cinderace, F|100/100
|move|p2a: Moltres|Flamethrower|p1a: Cinderace
|-resisted|p1a: Cinderace
|-damage|p1a: Cinderace|76/100
|
|upkeep
|turn|27
|
|t:|1760767026
|move|p1a: Cinderace|Court Change|p1a: Cinderace
|-start|p1a: Cinderace|typechange|Normal|[from] ability: Libero
|-swapsideconditions
|-activate|p1a: Cinderace|move: Court Change
|move|p2a: Moltres|Flamethrower|p1a: Cinderace
|-damage|p1a: Cinderace|26/100
|
|upkeep
|turn|28
|
|t:|1760767032
|switch|p1a: Zapdos|Zapdos|100/100
|move|p2a: Moltres|Flamethrower|p1a: Zapdos
|-damage|p1a: Zapdos|68/100
|
|upkeep
|turn|29
|
|t:|1760767039
|move|p1a: Zapdos|Hurricane|p2a: Moltres
|-damage|p2a: Moltres|54/100
|move|p2a: Moltres|Flamethrower|p1a: Zapdos
|-damage|p1a: Zapdos|32/100
|
|upkeep
|turn|30
|
|t:|1760767043
|move|p1a: Zapdos|Roost|p1a: Zapdos
|-heal|p1a: Zapdos|82/100
|-singleturn|p1a: Zapdos|move: Roost
|move|p2a: Moltres|Flamethrower|p1a: Zapdos
|-damage|p1a: Zapdos|47/100
|
|upkeep
|turn|31
|
|t:|1760767045
|move|p1a: Zapdos|Roost|p1a: Zapdos
|-heal|p1a: Zapdos|97/100
|-singleturn|p1a: Zapdos|move: Roost
|move|p2a: Moltres|Flamethrower|p1a: Zapdos
|-damage|p1a: Zapdos|63/100
|
|upkeep
|turn|32
|
|t:|1760767047
|move|p1a: Zapdos|Volt Switch|p2a: Moltres
|-supereffective|p2a: Moltres
|-damage|p2a: Moltres|0 fnt
|faint|p2a: Moltres
|
|t:|1760767060
|switch|p1a: Latios|Latios, M|100/100|[from] Volt Switch
|
|upkeep
|
|t:|1760767064
|switch|p2a: Kingambit|Kingambit, F|100/100
|-damage|p2a: Kingambit|94/100|[from] Stealth Rock
|-damage|p2a: Kingambit|69/100|[from] Spikes
|-activate|p2a: Kingambit|ability: Supreme Overlord
|-start|p2a: Kingambit|fallen3|[silent]
|turn|33
|
|t:|1760767075
|move|p1a: Latios|Trick|p2a: Kingambit
|-activate|p1a: Latios|move: Trick|[of] p2a: Kingambit
|-item|p2a: Kingambit|Choice Scarf|[from] move: Trick
|-item|p1a: Latios|Leftovers|[from] move: Trick
|move|p2a: Kingambit|Swords Dance|p2a: Kingambit
|-boost|p2a: Kingambit|atk|2
|
|upkeep
|turn|34
|-message|Kayanne97 forfeited.
|
|win|sminey
|raw|sminey's rating: 1538 &rarr; <strong>1562</strong><br />(+24 for winning)
|raw|Kayanne97's rating: 1605 &rarr; <strong>1581</strong><br />(-24 for losing)
|l|☆Kayanne97
|player|p2|
