|j|☆lone wolf aa
|j|☆MarekLovesGod
|t:|1760867714
|gametype|singles
|player|p1|lone wolf aa|ghetsis-gen5bw|1181
|player|p2|MarekLovesGod|cynthia-gen4|1139
|gen|9
|tier|[Gen 9] OU
|rated|
|rule|HP Percentage Mod: HP is shown in percentages
|rule|Endless Battle Clause: Forcing endless battles is banned
|rule|Species Clause: Limit one of each Pokémon
|rule|OHKO Clause: OHKO moves are banned
|rule|Evasion Items Clause: Evasion items are banned
|rule|Evasion Moves Clause: Evasion moves are banned
|rule|Evasion Abilities Clause: Evasion abilities are banned
|rule|Sleep Moves Clause: Sleep-inducing moves are banned
|clearpoke
|poke|p1|Sceptile, F|
|poke|p1|Ceruledge, F|
|poke|p1|Ambipom, F|
|poke|p1|Araquanid, F|
|poke|p1|Latios, M|
|poke|p1|Great Tusk|
|poke|p2|Araquanid, M|
|poke|p2|Tsareena, F|
|poke|p2|Cinderace, M|
|poke|p2|Keldeo-Resolute|
|poke|p2|Dragonite, M|
|poke|p2|Lokix, M|
|teampreview
|c|☆lone wolf aa|yoooooooo
|
|t:|1760867725
|teamsize|p1|6
|teamsize|p2|6
|start
|switch|p1a: Spoider|Araquanid, F|100/100
|switch|p2a: Araquanid|Araquanid, M|100/100
|turn|1
|
|t:|1760867732
|move|p2a: Araquanid|Sticky Web|p1a: Spoider
|-sidestart|p1: lone wolf aa|move: Sticky Web
|move|p1a: Spoider|Sticky Web|p2a: Araquanid
|-sidestart|p2: MarekLovesGod|move: Sticky Web
|
|upkeep
|turn|2
|
|t:|1760867747
|move|p2a: Araquanid|Crunch|p1a: Spoider
|-damage|p1a: Spoider|79/100
|move|p1a: Spoider|Liquidation|p2a: Araquanid
|-resisted|p2a: Araquanid
|-crit|p2a: Araquanid
|-damage|p2a: Araquanid|32/100
|-unboost|p2a: Araquanid|def|1
|
|-heal|p2a: Araquanid|39/100|[from] item: Leftovers
|upkeep
|turn|3
|
|t:|1760867756
|move|p2a: Araquanid|Liquidation|p1a: Spoider
|-resisted|p1a: Spoider
|-damage|p1a: Spoider|47/100
|move|p1a: Spoider|Liquidation|p2a: Araquanid
|-resisted|p2a: Araquanid
|-damage|p2a: Araquanid|0 fnt
|faint|p2a: Araquanid
|
|upkeep
|
|t:|1760867765
|switch|p2a: Keldeo|Keldeo-Resolute|100/100
|-activate|p2a: Keldeo|move: Sticky Web
|-unboost|p2a: Keldeo|spe|1
|turn|4
|
|t:|1760867776
|move|p2a: Keldeo|Air Slash|p1a: Spoider
|-supereffective|p1a: Spoider
|-damage|p1a: Spoider|6/100
|cant|p1a: Spoider|flinch
|
|upkeep
|turn|5
|c|☆lone wolf aa|wtf
|
|t:|1760867784
|move|p2a: Keldeo|Air Slash|p1a: Spoider
|-supereffective|p1a: Spoider
|-damage|p1a: Spoider|0 fnt
|faint|p1a: Spoider
|
|upkeep
|
|t:|1760867790
|switch|p1a: lil elephant|Great Tusk|100/100
|-activate|p1a: lil elephant|move: Sticky Web
|-unboost|p1a: lil elephant|spe|1
|-enditem|p1a: lil elephant|Booster Energy
|-activate|p1a: lil elephant|ability: Protosynthesis|[fromitem]
|-start|p1a: lil elephant|protosynthesisatk
|turn|6
|
|t:|1760867799
|move|p1a: lil elephant|Rapid Spin|p2a: Keldeo
|-damage|p2a: Keldeo|79/100
|-boost|p1a: lil elephant|spe|1
|-sideend|p1: lone wolf aa|Sticky Web|[from] move: Rapid Spin|[of] p1a: lil elephant
|move|p2a: Keldeo|Surf|p1a: lil elephant
|-supereffective|p1a: lil elephant
|-damage|p1a: lil elephant|0 fnt
|faint|p1a: lil elephant
|-end|p1a: lil elephant|Protosynthesis|[silent]
|
|upkeep
|
|t:|1760867807
|switch|p1a: lizard|Sceptile, F|100/100
|turn|7
|
|t:|1760867813
|-terastallize|p2a: Keldeo|Flying
|move|p1a: lizard|Swords Dance|p1a: lizard
|-boost|p1a: lizard|atk|2
|move|p2a: Keldeo|Air Slash|p1a: lizard
|-supereffective|p1a: lizard
|-damage|p1a: lizard|0 fnt
|faint|p1a: lizard
|
|upkeep
|
|t:|1760867824
|switch|p1a: Asscleaningishard|Ceruledge, F|100/100
|turn|8
|c|☆MarekLovesGod|what were u thinking
|c|☆MarekLovesGod|lol
|
|t:|1760867839
|move|p1a: Asscleaningishard|Swords Dance|p1a: Asscleaningishard
|-boost|p1a: Asscleaningishard|atk|2
|move|p2a: Keldeo|Surf|p1a: Asscleaningishard
|-supereffective|p1a: Asscleaningishard
|-enditem|p1a: Asscleaningishard|Focus Sash
|-damage|p1a: Asscleaningishard|1/100
|
|upkeep
|turn|9
|c|☆lone wolf aa|y did weak armour not activate
|
|t:|1760867868
|move|p1a: Asscleaningishard|Bitter Blade|p2a: Keldeo
|-damage|p2a: Keldeo|0 fnt
|-heal|p1a: Asscleaningishard|49/100|[from] drain|[of] p2a: Keldeo
|faint|p2a: Keldeo
|
|upkeep
|c|☆MarekLovesGod|because i hit u with sp move
|
|t:|1760867888
|switch|p2a: Lokix|Lokix, M, shiny|100/100
|-activate|p2a: Lokix|move: Sticky Web
|-unboost|p2a: Lokix|spe|1
|turn|10
|c|☆lone wolf aa|ohh
|c|☆lone wolf aa|noooo
|
|t:|1760867900
|move|p2a: Lokix|Sucker Punch|p1a: Asscleaningishard
|-supereffective|p1a: Asscleaningishard
|-damage|p1a: Asscleaningishard|0 fnt
|faint|p1a: Asscleaningishard
|-damage|p2a: Lokix|91/100|[from] item: Life Orb
|
|upkeep
|
|t:|1760867903
|switch|p1a: Monke|Ambipom, F|100/100
|turn|11
|
|t:|1760867908
|switch|p2a: Tsareena|Tsareena, F, shiny|100/100
|-activate|p2a: Tsareena|move: Sticky Web
|-unboost|p2a: Tsareena|spe|1
|move|p1a: Monke|Fake Out||[still]
|cant|p2a: Tsareena|ability: Queenly Majesty|Fake Out|[of] p1a: Monke
|
|upkeep
|turn|12
|
|t:|1760867924
|-terastallize|p1a: Monke|Normal
|move|p1a: Monke|Double-Edge|p2a: Tsareena
|-damage|p2a: Tsareena|12/100
|-damage|p1a: Monke|70/100|[from] Recoil
|move|p2a: Tsareena|High Jump Kick|p1a: Monke|[miss]
|-miss|p2a: Tsareena|p1a: Monke
|-damage|p2a: Tsareena|0 fnt|[from] highjumpkick
|faint|p2a: Tsareena
|
|upkeep
|c|☆lone wolf aa|u will hate this monke
|
|t:|1760867937
|switch|p2a: Lokix|Lokix, M, shiny|91/100
|-activate|p2a: Lokix|move: Sticky Web
|-unboost|p2a: Lokix|spe|1
|turn|13
|
|t:|1760867942
|move|p1a: Monke|Fake Out||[still]
|-hint|Fake Out only works on your first turn out.
|-fail|p1a: Monke
|move|p2a: Lokix|First Impression|p1a: Monke
|-damage|p1a: Monke|0 fnt
|faint|p1a: Monke
|-damage|p2a: Lokix|81/100|[from] item: Life Orb
|
|upkeep
|c|☆MarekLovesGod|lol
|c|☆lone wolf aa|I AM DUMB
|
|t:|1760867954
|switch|p1a: Jet|Latios, M, shiny|100/100
|turn|14
|c|☆MarekLovesGod|its ok
|
|t:|1760867971
|move|p2a: Lokix|Sucker Punch||[still]
|-fail|p2a: Lokix
|move|p1a: Jet|Calm Mind|p1a: Jet
|-boost|p1a: Jet|spa|1
|-boost|p1a: Jet|spd|1
|
|upkeep
|turn|15
|
|t:|1760867976
|move|p1a: Jet|Calm Mind|p1a: Jet
|-boost|p1a: Jet|spa|1
|-boost|p1a: Jet|spd|1
|move|p2a: Lokix|Knock Off|p1a: Jet
|-supereffective|p1a: Jet
|-damage|p1a: Jet|0 fnt
|-enditem|p1a: Jet|Soul Dew|[from] move: Knock Off|[of] p2a: Lokix
|faint|p1a: Jet
|-damage|p2a: Lokix|71/100|[from] item: Life Orb
|
|win|MarekLovesGod
|raw|lone wolf aa's rating: 1200 &rarr; <strong>1171</strong><br />(-29 for losing)
|raw|MarekLovesGod's rating: 1139 &rarr; <strong>1168</strong><br />(+29 for winning)
|l|☆lone wolf aa
|player|p1|
|l|☆MarekLovesGod
|player|p2|
