|j|☆Itotio
|j|☆DoYouTest?
|inactive|Battle timer is ON: inactive players will automatically lose when time's up.
|t:|1760808073
|gametype|singles
|player|p1|Itotio|lucas|
|player|p2|DoYouTest?|unknownf|
|gen|9
|tier|[Gen 9] OU
|rated|Tournament battle
|rule|HP Percentage Mod: HP is shown in percentages
|rule|Endless Battle Clause: Forcing endless battles is banned
|rule|Species Clause: Limit one of each Pokémon
|rule|OHKO Clause: OHKO moves are banned
|rule|Evasion Items Clause: Evasion items are banned
|rule|Evasion Moves Clause: Evasion moves are banned
|rule|Evasion Abilities Clause: Evasion abilities are banned
|rule|Sleep Moves Clause: Sleep-inducing moves are banned
|clearpoke
|poke|p1|Samurott-Hisui, F|
|poke|p1|Iron Treads|
|poke|p1|Gholdengo|
|poke|p1|Moltres|
|poke|p1|Sinistcha-Masterpiece|
|poke|p1|Zamazenta-*|
|poke|p2|Samurott-Hisui, M|
|poke|p2|Heatran, F|
|poke|p2|Great Tusk|
|poke|p2|Tornadus-Therian, M|
|poke|p2|Hatterene, F|
|poke|p2|Dragapult, F|
|teampreview
|inactive|Itotio also wants the timer to be on.
|
|t:|1760808100
|teamsize|p1|6
|teamsize|p2|6
|start
|switch|p1a: Samurott|Samurott-Hisui, F|100/100
|switch|p2a: Tornadus|Tornadus-Therian, M|100/100
|turn|1
|
|t:|1760808109
|move|p1a: Samurott|Sucker Punch|p2a: Tornadus
|-damage|p2a: Tornadus|46/100
|move|p2a: Tornadus|U-turn|p1a: Samurott
|-supereffective|p1a: Samurott
|-damage|p1a: Samurott|64/100
|
|t:|1760808119
|switch|p2a: Great Tusk|Great Tusk|100/100|[from] U-turn
|
|upkeep
|turn|2
|
|t:|1760808131
|-end|p2a: Great Tusk|Protosynthesis|[silent]
|switch|p2a: Hatterene|Hatterene, F|100/100
|switch|p1a: Sinistcha|Sinistcha-Masterpiece|100/100
|
|upkeep
|turn|3
|
|t:|1760808135
|move|p1a: Sinistcha|Shadow Ball|p2a: Hatterene
|-supereffective|p2a: Hatterene
|-damage|p2a: Hatterene|23/100
|move|p2a: Hatterene|Nuzzle|p1a: Sinistcha
|-resisted|p1a: Sinistcha
|-damage|p1a: Sinistcha|99/100
|-status|p1a: Sinistcha|par
|
|-heal|p2a: Hatterene|29/100|[from] item: Leftovers
|-heal|p1a: Sinistcha|100/100 par|[from] item: Leftovers
|upkeep
|turn|4
|
|t:|1760808141
|switch|p2a: Heatran|Heatran, F|100/100
|move|p1a: Sinistcha|Matcha Gotcha|p2a: Heatran
|-resisted|p2a: Heatran
|-damage|p2a: Heatran|93/100
|
|upkeep
|turn|5
|
|t:|1760808145
|switch|p1a: Moltres|Moltres|100/100
|move|p2a: Heatran|Lava Plume|p1a: Moltres
|-resisted|p1a: Moltres
|-damage|p1a: Moltres|84/100
|
|upkeep
|turn|6
|
|t:|1760808148
|move|p2a: Heatran|Stealth Rock|p1a: Moltres
|-sidestart|p1: Itotio|move: Stealth Rock
|move|p1a: Moltres|Roar|p2a: Heatran
|drag|p2a: Tornadus|Tornadus-Therian, M|80/100
|
|upkeep
|turn|7
|
|t:|1760808158
|move|p2a: Tornadus|Bleakwind Storm|p1a: Moltres
|-damage|p1a: Moltres|42/100
|move|p1a: Moltres|Flamethrower|p2a: Tornadus
|-damage|p2a: Tornadus|42/100
|
|upkeep
|turn|8
|
|t:|1760808187
|move|p2a: Tornadus|Taunt|p1a: Moltres
|-start|p1a: Moltres|move: Taunt
|cant|p1a: Moltres|move: Taunt|Roost
|
|upkeep
|turn|9
|
|t:|1760808197
|switch|p1a: Iron Treads|Iron Treads|100/100
|-damage|p1a: Iron Treads|98/100|[from] Stealth Rock
|move|p2a: Tornadus|U-turn|p1a: Iron Treads
|-resisted|p1a: Iron Treads
|-damage|p1a: Iron Treads|92/100
|
|t:|1760808204
|switch|p2a: Samurott|Samurott-Hisui, M|100/100|[from] U-turn
|
|-heal|p1a: Iron Treads|98/100|[from] item: Leftovers
|upkeep
|turn|10
|
|t:|1760808210
|move|p1a: Iron Treads|Rapid Spin|p2a: Samurott
|-damage|p2a: Samurott|88/100
|-boost|p1a: Iron Treads|spe|1
|-sideend|p1: Itotio|Stealth Rock|[from] move: Rapid Spin|[of] p1a: Iron Treads
|move|p2a: Samurott|Ceaseless Edge|p1a: Iron Treads
|-damage|p1a: Iron Treads|67/100
|-sidestart|p1: Itotio|Spikes
|
|-heal|p1a: Iron Treads|73/100|[from] item: Leftovers
|upkeep
|turn|11
|
|t:|1760808214
|move|p1a: Iron Treads|Stealth Rock|p2a: Samurott
|-sidestart|p2: DoYouTest?|move: Stealth Rock
|move|p2a: Samurott|Aqua Cutter|p1a: Iron Treads
|-supereffective|p1a: Iron Treads
|-crit|p1a: Iron Treads
|-damage|p1a: Iron Treads|0 fnt
|faint|p1a: Iron Treads
|-end|p1a: Iron Treads|Quark Drive|[silent]
|
|upkeep
|
|t:|1760808222
|switch|p1a: Zamazenta|Zamazenta, shiny|100/100
|-ability|p1a: Zamazenta|Dauntless Shield|boost
|-boost|p1a: Zamazenta|def|1
|turn|12
|
|t:|1760808229
|switch|p2a: Heatran|Heatran, F|93/100
|-damage|p2a: Heatran|80/100|[from] Stealth Rock
|move|p1a: Zamazenta|Crunch|p2a: Heatran
|-damage|p2a: Heatran|64/100
|-damage|p1a: Zamazenta|84/100|[from] item: Rocky Helmet|[of] p2a: Heatran
|
|upkeep
|turn|13
|
|t:|1760808238
|move|p1a: Zamazenta|Close Combat|p2a: Heatran
|-supereffective|p2a: Heatran
|-damage|p2a: Heatran|0 fnt
|-unboost|p1a: Zamazenta|def|1
|-unboost|p1a: Zamazenta|spd|1
|-damage|p1a: Zamazenta|67/100|[from] item: Rocky Helmet|[of] p2a: Heatran
|faint|p2a: Heatran
|
|upkeep
|
|t:|1760808247
|switch|p2a: Tornadus|Tornadus-Therian, M|75/100
|turn|14
|
|t:|1760808265
|switch|p2a: Great Tusk|Great Tusk|100/100
|-damage|p2a: Great Tusk|98/100|[from] Stealth Rock
|move|p1a: Zamazenta|Stone Edge|p2a: Great Tusk
|-resisted|p2a: Great Tusk
|-damage|p2a: Great Tusk|91/100
|
|upkeep
|turn|15
|
|t:|1760808277
|switch|p1a: Sinistcha|Sinistcha-Masterpiece|100/100 par
|-damage|p1a: Sinistcha|88/100 par|[from] Spikes
|move|p2a: Great Tusk|Ice Spinner|p1a: Sinistcha
|-supereffective|p1a: Sinistcha
|-damage|p1a: Sinistcha|44/100 par
|
|-heal|p1a: Sinistcha|50/100 par|[from] item: Leftovers
|upkeep
|turn|16
|
|t:|1760808288
|-end|p2a: Great Tusk|Protosynthesis|[silent]
|switch|p2a: Tornadus|Tornadus-Therian, M|100/100
|move|p1a: Sinistcha|Strength Sap|p2a: Tornadus
|-unboost|p2a: Tornadus|atk|1
|-heal|p1a: Sinistcha|100/100 par
|
|upkeep
|turn|17
|
|t:|1760808296
|switch|p1a: Gholdengo|Gholdengo|100/100
|-damage|p1a: Gholdengo|88/100|[from] Spikes
|move|p2a: Tornadus|Knock Off|p1a: Gholdengo
|-supereffective|p1a: Gholdengo
|-damage|p1a: Gholdengo|58/100
|-enditem|p1a: Gholdengo|Choice Specs|[from] move: Knock Off|[of] p2a: Tornadus
|
|upkeep
|turn|18
|
|t:|1760808301
|move|p2a: Tornadus|U-turn|p1a: Gholdengo
|-resisted|p1a: Gholdengo
|-damage|p1a: Gholdengo|55/100
|
|t:|1760808303
|switch|p2a: Samurott|Samurott-Hisui, M|88/100|[from] U-turn
|-damage|p2a: Samurott|75/100|[from] Stealth Rock
|move|p1a: Gholdengo|Recover|p1a: Gholdengo
|-heal|p1a: Gholdengo|100/100
|
|upkeep
|turn|19
|
|t:|1760808320
|move|p1a: Gholdengo|Trick|p2a: Samurott
|-activate|p1a: Gholdengo|move: Trick|[of] p2a: Samurott
|-enditem|p2a: Samurott|Assault Vest|[silent]|[from] move: Trick
|-item|p1a: Gholdengo|Assault Vest|[from] move: Trick
|move|p2a: Samurott|Ceaseless Edge|p1a: Gholdengo
|-supereffective|p1a: Gholdengo
|-damage|p1a: Gholdengo|0 fnt
|-sidestart|p1: Itotio|Spikes
|faint|p1a: Gholdengo
|
|upkeep
|
|t:|1760808327
|switch|p1a: Zamazenta|Zamazenta, shiny|67/100
|turn|20
|
|t:|1760808335
|switch|p2a: Great Tusk|Great Tusk|91/100
|-damage|p2a: Great Tusk|88/100|[from] Stealth Rock
|move|p1a: Zamazenta|Close Combat|p2a: Great Tusk
|-damage|p2a: Great Tusk|41/100
|-unboost|p1a: Zamazenta|def|1
|-unboost|p1a: Zamazenta|spd|1
|-damage|p1a: Zamazenta|51/100|[from] item: Rocky Helmet|[of] p2a: Great Tusk
|
|upkeep
|turn|21
|inactive|Itotio has 120 seconds left.
|
|t:|1760808379
|move|p1a: Zamazenta|Close Combat|p2a: Great Tusk
|-damage|p2a: Great Tusk|0 fnt
|-unboost|p1a: Zamazenta|def|1
|-unboost|p1a: Zamazenta|spd|1
|-damage|p1a: Zamazenta|34/100|[from] item: Rocky Helmet|[of] p2a: Great Tusk
|faint|p2a: Great Tusk
|-end|p2a: Great Tusk|Protosynthesis|[silent]
|
|upkeep
|
|t:|1760808385
|switch|p2a: Dragapult|Dragapult, F|100/100
|-damage|p2a: Dragapult|88/100|[from] Stealth Rock
|turn|22
|
|t:|1760808391
|switch|p1a: Samurott|Samurott-Hisui, F|64/100
|-damage|p1a: Samurott|47/100|[from] Spikes
|move|p2a: Dragapult|Shadow Ball|p1a: Samurott
|-resisted|p1a: Samurott
|-damage|p1a: Samurott|6/100
|-unboost|p1a: Samurott|spd|1
|
|upkeep
|turn|23
|inactive|Itotio has 120 seconds left.
|
|t:|1760808411
|switch|p2a: Hatterene|Hatterene, F|29/100
|-damage|p2a: Hatterene|17/100|[from] Stealth Rock
|move|p1a: Samurott|Ceaseless Edge|p2a: Hatterene
|-damage|p2a: Hatterene|0 fnt
|-sidestart|p2: DoYouTest?|Spikes
|faint|p2a: Hatterene
|
|upkeep
|
|t:|1760808420
|switch|p2a: Tornadus|Tornadus-Therian, M|100/100
|turn|24
|inactive|Itotio has 120 seconds left.
|inactive|Itotio has 90 seconds left.
|
|t:|1760808472
|move|p2a: Tornadus|U-turn|p1a: Samurott
|-supereffective|p1a: Samurott
|-damage|p1a: Samurott|0 fnt
|faint|p1a: Samurott
|
|t:|1760808481
|switch|p2a: Samurott|Samurott-Hisui, M|75/100|[from] U-turn
|-damage|p2a: Samurott|63/100|[from] Stealth Rock
|-damage|p2a: Samurott|50/100|[from] Spikes
|
|upkeep
|inactive|Itotio has 90 seconds left.
|inactive|Itotio has 60 seconds left.
|
|t:|1760808532
|switch|p1a: Zamazenta|Zamazenta, shiny|34/100
|turn|25
|
|t:|1760808541
|move|p1a: Zamazenta|Close Combat|p2a: Samurott
|-supereffective|p2a: Samurott
|-crit|p2a: Samurott
|-damage|p2a: Samurott|0 fnt
|-unboost|p1a: Zamazenta|def|1
|-unboost|p1a: Zamazenta|spd|1
|faint|p2a: Samurott
|
|upkeep
|
|t:|1760808543
|switch|p2a: Dragapult|Dragapult, F|88/100
|-damage|p2a: Dragapult|76/100|[from] Stealth Rock
|-damage|p2a: Dragapult|64/100|[from] Spikes
|turn|26
|inactive|Itotio has 60 seconds left.
|inactive|Itotio has 30 seconds left.
|
|t:|1760808584
|switch|p1a: Moltres|Moltres|42/100
|-terastallize|p2a: Dragapult|Ghost
|move|p2a: Dragapult|Shadow Ball|p1a: Moltres
|-damage|p1a: Moltres|0 fnt
|faint|p1a: Moltres
|
|upkeep
|
|t:|1760808587
|switch|p1a: Sinistcha|Sinistcha-Masterpiece|100/100 par
|-damage|p1a: Sinistcha|84/100 par|[from] Spikes
|turn|27
|
|t:|1760808597
|switch|p2a: Tornadus|Tornadus-Therian, M|100/100
|-terastallize|p1a: Sinistcha|Poison
|move|p1a: Sinistcha|Shadow Ball|p2a: Tornadus
|-damage|p2a: Tornadus|60/100
|
|-heal|p1a: Sinistcha|90/100 par|[from] item: Leftovers
|upkeep
|turn|28
|
|t:|1760808605
|move|p2a: Tornadus|Knock Off|p1a: Sinistcha
|-damage|p1a: Sinistcha|72/100 par
|-enditem|p1a: Sinistcha|Leftovers|[from] move: Knock Off|[of] p2a: Tornadus
|cant|p1a: Sinistcha|par
|
|upkeep
|turn|29
|
|t:|1760808612
|move|p2a: Tornadus|Taunt|p1a: Sinistcha
|-start|p1a: Sinistcha|move: Taunt
|cant|p1a: Sinistcha|move: Taunt|Calm Mind
|
|upkeep
|turn|30
|
|t:|1760808616
|switch|p1a: Zamazenta|Zamazenta, shiny|34/100
|move|p2a: Tornadus|Bleakwind Storm|p1a: Zamazenta
|-supereffective|p1a: Zamazenta
|-damage|p1a: Zamazenta|0 fnt
|faint|p1a: Zamazenta
|
|upkeep
|
|t:|1760808617
|switch|p1a: Sinistcha|Sinistcha-Masterpiece, tera:Poison|72/100 par
|-damage|p1a: Sinistcha|55/100 par|[from] Spikes
|turn|31
|
|t:|1760808620
|move|p2a: Tornadus|Taunt|p1a: Sinistcha
|-start|p1a: Sinistcha|move: Taunt
|move|p1a: Sinistcha|Shadow Ball|p2a: Tornadus
|-damage|p2a: Tornadus|14/100
|
|upkeep
|turn|32
|
|t:|1760808621
|move|p2a: Tornadus|Bleakwind Storm|p1a: Sinistcha
|-damage|p1a: Sinistcha|12/100 par
|cant|p1a: Sinistcha|par
|
|upkeep
|turn|33
|
|t:|1760808625
|move|p2a: Tornadus|Knock Off|p1a: Sinistcha
|-damage|p1a: Sinistcha|0 fnt
|faint|p1a: Sinistcha
|
|win|DoYouTest?
|n|☆Itotio|itotio
|n|☆DoYouTest?|doyoutest
|c|☆DoYouTest?|gg
|l|☆Itotio
|player|p1|
