|j|☆F1amewheel
|j|☆MonsterZogg
|t:|1760825149
|gametype|singles
|player|p1|F1amewheel|willow-casual|1335
|player|p2|MonsterZogg|pokemonrangerf|1321
|gen|9
|tier|[Gen 9] OU
|rated|
|rule|HP Percentage Mod: HP is shown in percentages
|rule|Endless Battle Clause: Forcing endless battles is banned
|rule|Species Clause: Limit one of each Pokémon
|rule|OHKO Clause: OHKO moves are banned
|rule|Evasion Items Clause: Evasion items are banned
|rule|Evasion Moves Clause: Evasion moves are banned
|rule|Evasion Abilities Clause: Evasion abilities are banned
|rule|Sleep Moves Clause: Sleep-inducing moves are banned
|clearpoke
|poke|p1|Iron Boulder|
|poke|p1|Zamazenta-*|
|poke|p1|Iron Valiant|
|poke|p1|Iron Crown|
|poke|p1|Manaphy|
|poke|p1|Corviknight, F|
|poke|p2|Haxorus, F|
|poke|p2|Salamence, M|
|poke|p2|Goodra, F|
|poke|p2|Garchomp, M|
|poke|p2|Dragonite, M|
|poke|p2|Cyclizar, M|
|teampreview
|
|t:|1760825176
|teamsize|p1|6
|teamsize|p2|6
|start
|switch|p1a: Iron Crown|Iron Crown|100/100
|switch|p2a: Liberator|Cyclizar, M|100/100
|turn|1
|
|t:|1760825181
|move|p2a: Liberator|Knock Off|p1a: Iron Crown
|-supereffective|p1a: Iron Crown
|-damage|p1a: Iron Crown|36/100
|-enditem|p1a: Iron Crown|Choice Specs|[from] move: Knock Off|[of] p2a: Liberator
|move|p1a: Iron Crown|Tachyon Cutter|p2a: Liberator
|-damage|p2a: Liberator|55/100
|-damage|p2a: Liberator|10/100
|-hitcount|p2a: Liberator|2
|
|upkeep
|turn|2
|
|t:|1760825195
|-end|p1a: Iron Crown|Quark Drive|[silent]
|switch|p1a: Iron Valiant|Iron Valiant|100/100
|-enditem|p1a: Iron Valiant|Booster Energy
|-activate|p1a: Iron Valiant|ability: Quark Drive|[fromitem]
|-start|p1a: Iron Valiant|quarkdrivespe
|move|p2a: Liberator|Knock Off|p1a: Iron Valiant
|-resisted|p1a: Iron Valiant
|-damage|p1a: Iron Valiant|94/100
|
|upkeep
|turn|3
|
|t:|1760825205
|switch|p2a: Salvo|Goodra, F|100/100
|move|p1a: Iron Valiant|Encore||[still]
|-fail|p1a: Iron Valiant
|
|upkeep
|turn|4
|
|t:|1760825208
|move|p1a: Iron Valiant|Calm Mind|p1a: Iron Valiant
|-boost|p1a: Iron Valiant|spa|1
|-boost|p1a: Iron Valiant|spd|1
|move|p2a: Salvo|Sludge Bomb|p1a: Iron Valiant
|-supereffective|p1a: Iron Valiant
|-damage|p1a: Iron Valiant|24/100
|
|upkeep
|turn|5
|
|t:|1760825210
|move|p1a: Iron Valiant|Moonblast|p2a: Salvo
|-supereffective|p2a: Salvo
|-damage|p2a: Salvo|43/100
|move|p2a: Salvo|Sludge Bomb|p1a: Iron Valiant
|-supereffective|p1a: Iron Valiant
|-damage|p1a: Iron Valiant|0 fnt
|faint|p1a: Iron Valiant
|-end|p1a: Iron Valiant|Quark Drive|[silent]
|
|upkeep
|
|t:|1760825221
|switch|p1a: Iron Crown|Iron Crown|36/100
|turn|6
|
|t:|1760825235
|move|p1a: Iron Crown|Tachyon Cutter|p2a: Salvo
|-damage|p2a: Salvo|32/100
|-damage|p2a: Salvo|20/100
|-hitcount|p2a: Salvo|2
|move|p2a: Salvo|Flamethrower|p1a: Iron Crown
|-supereffective|p1a: Iron Crown
|-damage|p1a: Iron Crown|0 fnt
|faint|p1a: Iron Crown
|-end|p1a: Iron Crown|Quark Drive|[silent]
|
|upkeep
|
|t:|1760825249
|switch|p1a: Manaphy|Manaphy|100/100
|turn|7
|
|t:|1760825253
|move|p1a: Manaphy|Substitute|p1a: Manaphy
|-start|p1a: Manaphy|Substitute
|-damage|p1a: Manaphy|76/100
|move|p2a: Salvo|Thunderbolt|p1a: Manaphy
|-supereffective|p1a: Manaphy
|-end|p1a: Manaphy|Substitute
|
|-heal|p1a: Manaphy|82/100|[from] item: Leftovers
|upkeep
|turn|8
|
|t:|1760825259
|move|p1a: Manaphy|Alluring Voice|p2a: Salvo
|-supereffective|p2a: Salvo
|-damage|p2a: Salvo|0 fnt
|faint|p2a: Salvo
|
|-heal|p1a: Manaphy|88/100|[from] item: Leftovers
|upkeep
|inactive|Battle timer is ON: inactive players will automatically lose when time's up. (requested by F1amewheel)
|
|t:|1760825296
|switch|p2a: Liberator|Cyclizar, M|44/100
|turn|9
|inactive|F1amewheel has 120 seconds left.
|
|t:|1760825354
|switch|p1a: Iron Boulder|Iron Boulder|100/100
|-enditem|p1a: Iron Boulder|Booster Energy
|-activate|p1a: Iron Boulder|ability: Quark Drive|[fromitem]
|-start|p1a: Iron Boulder|quarkdrivespe
|move|p2a: Liberator|Knock Off|p1a: Iron Boulder
|-supereffective|p1a: Iron Boulder
|-damage|p1a: Iron Boulder|46/100
|
|upkeep
|turn|10
|inactive|MonsterZogg has 120 seconds left.
|
|t:|1760825385
|switch|p2a: Gustav|Dragonite, M|100/100
|move|p1a: Iron Boulder|Mighty Cleave|p2a: Gustav
|-supereffective|p2a: Gustav
|-damage|p2a: Gustav|52/100
|
|upkeep
|turn|11
|inactive|MonsterZogg has 120 seconds left.
|inactive|F1amewheel has 90 seconds left.
|
|t:|1760825419
|move|p1a: Iron Boulder|Mighty Cleave|p2a: Gustav
|-supereffective|p2a: Gustav
|-damage|p2a: Gustav|0 fnt
|faint|p2a: Gustav
|
|upkeep
|
|t:|1760825427
|switch|p2a: Warhead|Haxorus, F, shiny|100/100
|-ability|p2a: Warhead|Mold Breaker
|turn|12
|inactive|MonsterZogg has 120 seconds left.
|inactive|F1amewheel has 90 seconds left.
|
|t:|1760825443
|move|p1a: Iron Boulder|Mighty Cleave|p2a: Warhead
|-damage|p2a: Warhead|43/100
|move|p2a: Warhead|Outrage|p1a: Iron Boulder
|-damage|p1a: Iron Boulder|0 fnt
|faint|p1a: Iron Boulder
|-end|p1a: Iron Boulder|Quark Drive|[silent]
|
|upkeep
|
|t:|1760825448
|switch|p1a: Manaphy|Manaphy|88/100
|turn|13
|
|t:|1760825450
|-terastallize|p1a: Manaphy|Fairy
|move|p1a: Manaphy|Substitute|p1a: Manaphy
|-start|p1a: Manaphy|Substitute
|-damage|p1a: Manaphy|63/100
|move|p2a: Warhead|Outrage|p1a: Manaphy|[from] lockedmove
|-immune|p1a: Manaphy
|
|-heal|p1a: Manaphy|69/100|[from] item: Leftovers
|upkeep
|turn|14
|
|t:|1760825457
|move|p1a: Manaphy|Alluring Voice|p2a: Warhead
|-supereffective|p2a: Warhead
|-damage|p2a: Warhead|0 fnt
|faint|p2a: Warhead
|
|-heal|p1a: Manaphy|75/100|[from] item: Leftovers
|upkeep
|
|t:|1760825469
|switch|p2a: Lockhead|Garchomp, M|100/100
|turn|15
|inactive|F1amewheel has 90 seconds left.
|
|t:|1760825521
|move|p2a: Lockhead|Poison Jab|p1a: Manaphy
|-supereffective|p1a: Manaphy
|-end|p1a: Manaphy|Substitute
|move|p1a: Manaphy|Tail Glow|p1a: Manaphy
|-boost|p1a: Manaphy|spa|3
|
|-heal|p1a: Manaphy|81/100|[from] item: Leftovers
|upkeep
|turn|16
|
|t:|1760825524
|move|p2a: Lockhead|Poison Jab|p1a: Manaphy
|-supereffective|p1a: Manaphy
|-crit|p1a: Manaphy
|-damage|p1a: Manaphy|0 fnt
|faint|p1a: Manaphy
|
|upkeep
|inactive|F1amewheel has 60 seconds left.
|inactive|F1amewheel has 30 seconds left.
|inactive|F1amewheel has 20 seconds left.
|inactive|F1amewheel has 15 seconds left.
|inactive|F1amewheel has 10 seconds left.
|inactive|F1amewheel has 5 seconds left.
|-message|F1amewheel lost due to inactivity.
|
|win|MonsterZogg
|raw|F1amewheel's rating: 1335 &rarr; <strong>1314</strong><br />(-21 for losing)
|raw|MonsterZogg's rating: 1321 &rarr; <strong>1342</strong><br />(+21 for winning)
|l|☆MonsterZogg
|player|p2|
|l|☆F1amewheel
|player|p1|
