|j|☆horses aren't real
|j|☆tomatic
|t:|1760870313
|gametype|singles
|player|p1|horses aren't real|skullgruntf|1635
|player|p2|tomatic|hiker-gen4|1616
|gen|9
|tier|[Gen 9] OU
|rated|
|rule|HP Percentage Mod: HP is shown in percentages
|rule|Endless Battle Clause: Forcing endless battles is banned
|rule|Species Clause: Limit one of each Pokémon
|rule|OHKO Clause: OHKO moves are banned
|rule|Evasion Items Clause: Evasion items are banned
|rule|Evasion Moves Clause: Evasion moves are banned
|rule|Evasion Abilities Clause: Evasion abilities are banned
|rule|Sleep Moves Clause: Sleep-inducing moves are banned
|clearpoke
|poke|p1|Gholdengo|
|poke|p1|Samurott-Hisui, F|
|poke|p1|Hatterene, F|
|poke|p1|Landorus-Therian, M|
|poke|p1|Zamazenta-*|
|poke|p1|Pecharunt|
|poke|p2|Maushold-Four|
|poke|p2|Scizor, F|
|poke|p2|Landorus-Therian, M|
|poke|p2|Dragonite, F|
|poke|p2|Hatterene, F|
|poke|p2|Rotom-Wash|
|teampreview
|inactive|Battle timer is ON: inactive players will automatically lose when time's up. (requested by horses aren't real)
|
|t:|1760870322
|teamsize|p1|6
|teamsize|p2|6
|start
|switch|p1a: Landorus|Landorus-Therian, M|100/100
|switch|p2a: Rotom|Rotom-Wash|100/100
|-ability|p1a: Landorus|Intimidate|boost
|-unboost|p2a: Rotom|atk|1
|turn|1
|
|t:|1760870326
|switch|p1a: Hatterene|Hatterene, F|100/100
|move|p2a: Rotom|Hydro Pump|p1a: Hatterene
|-damage|p1a: Hatterene|50/100
|
|-heal|p1a: Hatterene|56/100|[from] item: Leftovers
|upkeep
|turn|2
|
|t:|1760870335
|move|p2a: Rotom|Hydro Pump|p1a: Hatterene
|-damage|p1a: Hatterene|4/100
|move|p1a: Hatterene|Draining Kiss|p2a: Rotom
|-damage|p2a: Rotom|72/100
|-heal|p1a: Hatterene|21/100|[from] drain|[of] p2a: Rotom
|
|-heal|p1a: Hatterene|27/100|[from] item: Leftovers
|upkeep
|turn|3
|
|t:|1760870339
|switch|p1a: Samurott|Samurott-Hisui, F|100/100
|move|p2a: Rotom|Hydro Pump|p1a: Samurott|[miss]
|-miss|p2a: Rotom|p1a: Samurott
|
|upkeep
|turn|4
|
|t:|1760870344
|switch|p2a: Landorus|Landorus-Therian, M|100/100
|-ability|p2a: Landorus|Intimidate|boost
|-unboost|p1a: Samurott|atk|1
|move|p1a: Samurott|Ceaseless Edge|p2a: Landorus
|-damage|p2a: Landorus|75/100
|-damage|p1a: Samurott|84/100|[from] item: Rocky Helmet|[of] p2a: Landorus
|-sidestart|p2: tomatic|Spikes
|
|upkeep
|turn|5
|
|t:|1760870350
|move|p2a: Landorus|U-turn|p1a: Samurott
|-supereffective|p1a: Samurott
|-damage|p1a: Samurott|30/100
|
|t:|1760870358
|switch|p2a: Hatterene|Hatterene, F|100/100|[from] U-turn
|-damage|p2a: Hatterene|88/100|[from] Spikes
|move|p1a: Samurott|Ceaseless Edge|p2a: Hatterene
|-damage|p2a: Hatterene|52/100
|-sidestart|p2: tomatic|Spikes
|
|upkeep
|turn|6
|
|t:|1760870361
|move|p1a: Samurott|Ceaseless Edge|p2a: Hatterene
|-damage|p2a: Hatterene|16/100
|-sidestart|p2: tomatic|Spikes
|move|p2a: Hatterene|Draining Kiss|p1a: Samurott
|-supereffective|p1a: Samurott
|-damage|p1a: Samurott|0 fnt
|-heal|p2a: Hatterene|38/100|[from] drain|[of] p1a: Samurott
|faint|p1a: Samurott
|
|upkeep
|
|t:|1760870366
|switch|p1a: Gholdengo|Gholdengo|100/100
|turn|7
|
|t:|1760870369
|switch|p2a: Rotom|Rotom-Wash|72/100
|move|p1a: Gholdengo|Shadow Ball|p2a: Rotom
|-damage|p2a: Rotom|8/100
|
|upkeep
|turn|8
|
|t:|1760870374
|switch|p1a: Hatterene|Hatterene, F|27/100
|move|p2a: Rotom|Pain Split|p1a: Hatterene
|-sethp|p1a: Hatterene|17/100|[from] move: Pain Split|[silent]
|-sethp|p2a: Rotom|22/100|[from] move: Pain Split
|
|-heal|p1a: Hatterene|23/100|[from] item: Leftovers
|upkeep
|turn|9
|
|t:|1760870379
|switch|p2a: Hatterene|Hatterene, F|38/100
|-damage|p2a: Hatterene|13/100|[from] Spikes
|move|p1a: Hatterene|Psychic Noise|p2a: Hatterene
|-resisted|p2a: Hatterene
|-damage|p2a: Hatterene|2/100
|-start|p2a: Hatterene|move: Heal Block
|
|-heal|p1a: Hatterene|28/100|[from] item: Leftovers
|upkeep
|turn|10
|
|t:|1760870388
|switch|p1a: Landorus|Landorus-Therian, M|100/100
|-ability|p1a: Landorus|Intimidate|boost
|-unboost|p2a: Hatterene|atk|1
|move|p2a: Hatterene|Nuzzle|p1a: Landorus
|-immune|p1a: Landorus
|
|-end|p2a: Hatterene|move: Heal Block
|upkeep
|turn|11
|
|t:|1760870393
|move|p1a: Landorus|Earth Power|p2a: Hatterene
|-damage|p2a: Hatterene|0 fnt
|faint|p2a: Hatterene
|
|upkeep
|
|t:|1760870396
|switch|p2a: Maushold|Maushold-Four|100/100
|-damage|p2a: Maushold|76/100|[from] Spikes
|turn|12
|
|t:|1760870397
|move|p2a: Maushold|Tidy Up|p2a: Maushold
|-sideend|p2: tomatic|Spikes
|-activate|p2a: Maushold|move: Tidy Up
|-boost|p2a: Maushold|atk|1
|-boost|p2a: Maushold|spe|1
|move|p1a: Landorus|Earth Power|p2a: Maushold
|-damage|p2a: Maushold|17/100
|
|upkeep
|turn|13
|
|t:|1760870407
|switch|p2a: Landorus|Landorus-Therian, M|75/100
|-ability|p2a: Landorus|Intimidate|boost
|-unboost|p1a: Landorus|atk|1
|move|p1a: Landorus|Stealth Rock|p2a: Landorus
|-sidestart|p2: tomatic|move: Stealth Rock
|
|upkeep
|turn|14
|
|t:|1760870412
|switch|p1a: Hatterene|Hatterene, F|28/100
|move|p2a: Landorus|Stealth Rock|p1a: Hatterene
|move|p1a: Hatterene|Stealth Rock||[from] ability: Magic Bounce|[still]
|-fail|p1a: Hatterene
|
|-heal|p1a: Hatterene|34/100|[from] item: Leftovers
|upkeep
|turn|15
|
|t:|1760870418
|move|p2a: Landorus|Earth Power|p1a: Hatterene
|-damage|p1a: Hatterene|0 fnt
|faint|p1a: Hatterene
|
|upkeep
|
|t:|1760870423
|switch|p1a: Zamazenta|Zamazenta|100/100
|-ability|p1a: Zamazenta|Dauntless Shield|boost
|-boost|p1a: Zamazenta|def|1
|turn|16
|
|t:|1760870425
|move|p1a: Zamazenta|Stone Edge|p2a: Landorus
|-damage|p2a: Landorus|41/100
|move|p2a: Landorus|Stealth Rock|p1a: Zamazenta
|-sidestart|p1: horses aren't real|move: Stealth Rock
|
|upkeep
|turn|17
|
|t:|1760870430
|move|p1a: Zamazenta|Stone Edge|p2a: Landorus
|-damage|p2a: Landorus|10/100
|move|p2a: Landorus|Earth Power|p1a: Zamazenta
|-damage|p1a: Zamazenta|72/100
|
|upkeep
|turn|18
|
|t:|1760870433
|move|p1a: Zamazenta|Crunch|p2a: Landorus
|-damage|p2a: Landorus|0 fnt
|-damage|p1a: Zamazenta|55/100|[from] item: Rocky Helmet|[of] p2a: Landorus
|faint|p2a: Landorus
|
|upkeep
|
|t:|1760870440
|switch|p2a: Rotom|Rotom-Wash|22/100
|-damage|p2a: Rotom|9/100|[from] Stealth Rock
|turn|19
|
|t:|1760870443
|switch|p1a: Pecharunt|Pecharunt|100/100
|move|p2a: Rotom|Trick|p1a: Pecharunt
|-activate|p2a: Rotom|move: Trick|[of] p1a: Pecharunt
|-item|p1a: Pecharunt|Choice Scarf|[from] move: Trick
|-item|p2a: Rotom|Heavy-Duty Boots|[from] move: Trick
|
|upkeep
|turn|20
|
|t:|1760870450
|move|p1a: Pecharunt|Foul Play|p2a: Rotom
|-damage|p2a: Rotom|0 fnt
|faint|p2a: Rotom
|
|upkeep
|
|t:|1760870456
|switch|p2a: Scizor|Scizor, F|100/100
|-damage|p2a: Scizor|88/100|[from] Stealth Rock
|turn|21
|
|t:|1760870461
|move|p2a: Scizor|Bullet Punch|p1a: Pecharunt
|-damage|p1a: Pecharunt|81/100
|move|p1a: Pecharunt|Foul Play|p2a: Scizor
|-damage|p2a: Scizor|48/100
|
|upkeep
|turn|22
|
|t:|1760870466
|move|p1a: Pecharunt|Foul Play|p2a: Scizor
|-damage|p2a: Scizor|8/100
|move|p2a: Scizor|Knock Off|p1a: Pecharunt
|-supereffective|p1a: Pecharunt
|-damage|p1a: Pecharunt|47/100
|-enditem|p1a: Pecharunt|Choice Scarf|[from] move: Knock Off|[of] p2a: Scizor
|
|upkeep
|turn|23
|
|t:|1760870471
|move|p2a: Scizor|Bullet Punch|p1a: Pecharunt
|-damage|p1a: Pecharunt|29/100
|move|p1a: Pecharunt|Recover|p1a: Pecharunt
|-heal|p1a: Pecharunt|79/100
|
|upkeep
|turn|24
|
|t:|1760870473
|move|p2a: Scizor|Bullet Punch|p1a: Pecharunt
|-crit|p1a: Pecharunt
|-damage|p1a: Pecharunt|52/100
|move|p1a: Pecharunt|Recover|p1a: Pecharunt
|-heal|p1a: Pecharunt|100/100
|
|upkeep
|turn|25
|
|t:|1760870475
|move|p2a: Scizor|Bullet Punch|p1a: Pecharunt
|-damage|p1a: Pecharunt|82/100
|move|p1a: Pecharunt|Hex|p2a: Scizor
|-damage|p2a: Scizor|0 fnt
|faint|p2a: Scizor
|
|upkeep
|
|t:|1760870479
|switch|p2a: Maushold|Maushold-Four|17/100
|-damage|p2a: Maushold|5/100|[from] Stealth Rock
|turn|26
|
|t:|1760870486
|move|p2a: Maushold|Tidy Up|p2a: Maushold
|-sideend|p2: tomatic|Stealth Rock
|-sideend|p1: horses aren't real|Stealth Rock
|-activate|p2a: Maushold|move: Tidy Up
|-boost|p2a: Maushold|atk|1
|-boost|p2a: Maushold|spe|1
|move|p1a: Pecharunt|Foul Play|p2a: Maushold
|-damage|p2a: Maushold|0 fnt
|faint|p2a: Maushold
|
|upkeep
|
|t:|1760870491
|switch|p2a: Dragonite|Dragonite, F|100/100
|turn|27
|
|t:|1760870497
|move|p2a: Dragonite|Earthquake|p1a: Pecharunt
|-supereffective|p1a: Pecharunt
|-damage|p1a: Pecharunt|48/100
|move|p1a: Pecharunt|Malignant Chain|p2a: Dragonite
|-damage|p2a: Dragonite|85/100
|-status|p2a: Dragonite|tox
|-start|p2a: Dragonite|confusion|[from] ability: Poison Puppeteer|[of] p1a: Pecharunt
|
|-heal|p2a: Dragonite|91/100 tox|[from] item: Leftovers
|-damage|p2a: Dragonite|85/100 tox|[from] psn
|upkeep
|turn|28
|
|t:|1760870505
|-activate|p2a: Dragonite|confusion
|-damage|p2a: Dragonite|70/100 tox|[from] confusion
|move|p1a: Pecharunt|Hex|p2a: Dragonite
|-damage|p2a: Dragonite|28/100 tox
|
|-heal|p2a: Dragonite|34/100 tox|[from] item: Leftovers
|-damage|p2a: Dragonite|22/100 tox|[from] psn
|upkeep
|turn|29
|
|t:|1760870508
|-activate|p2a: Dragonite|confusion
|move|p2a: Dragonite|Earthquake|p1a: Pecharunt
|-supereffective|p1a: Pecharunt
|-damage|p1a: Pecharunt|11/100
|move|p1a: Pecharunt|Hex|p2a: Dragonite
|-damage|p2a: Dragonite|0 fnt
|faint|p2a: Dragonite
|
|win|horses aren't real
|raw|horses aren&apos;t real's rating: 1635 &rarr; <strong>1654</strong><br />(+19 for winning)
|raw|tomatic's rating: 1616 &rarr; <strong>1597</strong><br />(-19 for losing)
|l|☆horses aren't real
|player|p1|
|c|☆tomatic|gg
|l|☆tomatic
|player|p2|
