|j|☆olaf-18
|j|☆sminey
|t:|1760852227
|gametype|singles
|player|p1|olaf-18|102|1568
|player|p2|sminey|palmer|1527
|gen|9
|tier|[Gen 9] OU
|rated|
|rule|HP Percentage Mod: HP is shown in percentages
|rule|Endless Battle Clause: Forcing endless battles is banned
|rule|Species Clause: Limit one of each Pokémon
|rule|OHKO Clause: OHKO moves are banned
|rule|Evasion Items Clause: Evasion items are banned
|rule|Evasion Moves Clause: Evasion moves are banned
|rule|Evasion Abilities Clause: Evasion abilities are banned
|rule|Sleep Moves Clause: Sleep-inducing moves are banned
|clearpoke
|poke|p1|Slowking-Galar, M|
|poke|p1|Armarouge, F|
|poke|p1|Gholdengo|
|poke|p1|Ursaluna, F|
|poke|p1|Great Tusk|
|poke|p1|Dragonite, F|
|poke|p2|Cinderace, F|
|poke|p2|Zapdos|
|poke|p2|Latios, M|
|poke|p2|Weavile, M|
|poke|p2|Clefable, F|
|poke|p2|Slowking-Galar, M|
|teampreview
|inactive|Battle timer is ON: inactive players will automatically lose when time's up. (requested by olaf-18)
|
|t:|1760852263
|teamsize|p1|6
|teamsize|p2|6
|start
|switch|p1a: Slowking|Slowking-Galar, M|100/100
|switch|p2a: Zapdos|Zapdos|100/100
|turn|1
|
|t:|1760852288
|move|p2a: Zapdos|Volt Switch|p1a: Slowking
|-damage|p1a: Slowking|77/100
|
|t:|1760852291
|switch|p2a: Slowking|Slowking-Galar, M|100/100|[from] Volt Switch
|move|p1a: Slowking|Trick Room|p1a: Slowking
|-fieldstart|move: Trick Room|[of] p1a: Slowking
|
|upkeep
|turn|2
|
|t:|1760852299
|switch|p1a: Ursaluna|Ursaluna, F|100/100
|switch|p2a: Zapdos|Zapdos|100/100
|
|-status|p1a: Ursaluna|brn|[from] item: Flame Orb
|upkeep
|turn|3
|
|t:|1760852303
|move|p1a: Ursaluna|Facade|p2a: Zapdos
|-damage|p2a: Zapdos|8/100
|move|p2a: Zapdos|Hurricane|p1a: Ursaluna
|-damage|p1a: Ursaluna|58/100 brn
|-start|p1a: Ursaluna|confusion
|
|-damage|p1a: Ursaluna|52/100 brn|[from] brn
|upkeep
|turn|4
|
|t:|1760852314
|-activate|p1a: Ursaluna|confusion
|move|p1a: Ursaluna|Facade|p2a: Zapdos
|-damage|p2a: Zapdos|0 fnt
|faint|p2a: Zapdos
|
|-damage|p1a: Ursaluna|46/100 brn|[from] brn
|upkeep
|
|t:|1760852318
|switch|p2a: Clefable|Clefable, F|100/100
|turn|5
|
|t:|1760852326
|switch|p1a: Slowking|Slowking-Galar, M|100/100
|move|p2a: Clefable|Moonblast|p1a: Slowking
|-resisted|p1a: Slowking
|-damage|p1a: Slowking|87/100
|-unboost|p1a: Slowking|spa|1
|
|-fieldend|move: Trick Room
|upkeep
|turn|6
|
|t:|1760852333
|move|p2a: Clefable|Calm Mind|p2a: Clefable
|-boost|p2a: Clefable|spa|1
|-boost|p2a: Clefable|spd|1
|move|p1a: Slowking|Trick Room|p1a: Slowking
|-fieldstart|move: Trick Room|[of] p1a: Slowking
|
|upkeep
|turn|7
|
|t:|1760852337
|move|p1a: Slowking|Sludge Bomb|p2a: Clefable
|-supereffective|p2a: Clefable
|-damage|p2a: Clefable|45/100
|move|p2a: Clefable|Calm Mind|p2a: Clefable
|-boost|p2a: Clefable|spa|1
|-boost|p2a: Clefable|spd|1
|
|upkeep
|turn|8
|
|t:|1760852344
|switch|p1a: Ursaluna|Ursaluna, F|46/100 brn
|move|p2a: Clefable|Moonlight|p2a: Clefable
|-heal|p2a: Clefable|95/100
|
|-damage|p1a: Ursaluna|40/100 brn|[from] brn
|upkeep
|turn|9
|
|t:|1760852348
|move|p1a: Ursaluna|Facade|p2a: Clefable
|-crit|p2a: Clefable
|-damage|p2a: Clefable|0 fnt
|faint|p2a: Clefable
|
|-damage|p1a: Ursaluna|34/100 brn|[from] brn
|upkeep
|
|t:|1760852351
|switch|p2a: Weavile|Weavile, M|100/100
|-ability|p2a: Weavile|Pressure
|turn|10
|
|t:|1760852360
|move|p2a: Weavile|Ice Shard|p1a: Ursaluna
|-supereffective|p1a: Ursaluna
|-damage|p1a: Ursaluna|5/100 brn
|move|p1a: Ursaluna|Facade|p2a: Weavile
|-damage|p2a: Weavile|0 fnt
|faint|p2a: Weavile
|
|-damage|p1a: Ursaluna|0 fnt|[from] brn
|faint|p1a: Ursaluna
|-fieldend|move: Trick Room
|upkeep
|
|t:|1760852366
|switch|p2a: Latios|Latios, M|100/100
|switch|p1a: Slowking|Slowking-Galar, M|100/100
|turn|11
|
|t:|1760852370
|move|p2a: Latios|Trick|p1a: Slowking
|-activate|p2a: Latios|move: Trick|[of] p1a: Slowking
|-item|p1a: Slowking|Choice Scarf|[from] move: Trick
|-item|p2a: Latios|Heavy-Duty Boots|[from] move: Trick
|move|p1a: Slowking|Trick Room|p1a: Slowking
|-fieldstart|move: Trick Room|[of] p1a: Slowking
|
|upkeep
|turn|12
|
|t:|1760852379
|switch|p1a: Gholdengo|Gholdengo|100/100
|-item|p1a: Gholdengo|Air Balloon
|move|p2a: Latios|Flip Turn|p1a: Gholdengo
|-damage|p1a: Gholdengo|88/100
|-enditem|p1a: Gholdengo|Air Balloon
|
|t:|1760852384
|switch|p2a: Cinderace|Cinderace, F|100/100|[from] Flip Turn
|
|upkeep
|turn|13
|
|t:|1760852387
|switch|p1a: Armarouge|Armarouge, F|100/100
|move|p2a: Cinderace|Pyro Ball|p1a: Armarouge
|-resisted|p1a: Armarouge
|-damage|p1a: Armarouge|76/100
|-ability|p1a: Armarouge|Weak Armor|boost
|-unboost|p1a: Armarouge|def|1
|-boost|p1a: Armarouge|spe|2
|
|upkeep
|turn|14
|
|t:|1760852392
|move|p2a: Cinderace|U-turn|p1a: Armarouge
|-start|p2a: Cinderace|typechange|Bug|[from] ability: Libero
|-damage|p1a: Armarouge|28/100
|-ability|p1a: Armarouge|Weak Armor|boost
|-unboost|p1a: Armarouge|def|1
|-boost|p1a: Armarouge|spe|2
|
|t:|1760852398
|switch|p2a: Slowking|Slowking-Galar, M|100/100|[from] U-turn
|move|p1a: Armarouge|Psyshock|p2a: Slowking
|-damage|p2a: Slowking|59/100
|
|upkeep
|turn|15
|
|t:|1760852408
|switch|p1a: Gholdengo|Gholdengo|88/100
|move|p2a: Slowking|Psyshock|p1a: Gholdengo
|-resisted|p1a: Gholdengo
|-damage|p1a: Gholdengo|70/100
|
|-fieldend|move: Trick Room
|upkeep
|turn|16
|
|t:|1760852414
|move|p1a: Gholdengo|Shadow Ball|p2a: Slowking
|-supereffective|p2a: Slowking
|-damage|p2a: Slowking|20/100
|move|p2a: Slowking|Flamethrower|p1a: Gholdengo
|-supereffective|p1a: Gholdengo
|-damage|p1a: Gholdengo|14/100
|
|upkeep
|turn|17
|
|t:|1760852422
|move|p1a: Gholdengo|Shadow Ball|p2a: Slowking
|-supereffective|p2a: Slowking
|-damage|p2a: Slowking|0 fnt
|faint|p2a: Slowking
|
|upkeep
|
|t:|1760852423
|switch|p2a: Cinderace|Cinderace, F|100/100
|turn|18
|
|t:|1760852426
|move|p2a: Cinderace|Pyro Ball|p1a: Gholdengo
|-supereffective|p1a: Gholdengo
|-damage|p1a: Gholdengo|0 fnt
|faint|p1a: Gholdengo
|
|upkeep
|
|t:|1760852430
|switch|p1a: Slowking|Slowking-Galar, M|100/100
|turn|19
|
|t:|1760852433
|move|p2a: Cinderace|Pyro Ball|p1a: Slowking
|-damage|p1a: Slowking|37/100
|move|p1a: Slowking|Trick Room|p1a: Slowking
|-fieldstart|move: Trick Room|[of] p1a: Slowking
|
|upkeep
|turn|20
|
|t:|1760852443
|switch|p1a: Great Tusk|Great Tusk|100/100
|-enditem|p1a: Great Tusk|Booster Energy
|-activate|p1a: Great Tusk|ability: Protosynthesis|[fromitem]
|-start|p1a: Great Tusk|protosynthesisatk
|move|p2a: Cinderace|U-turn|p1a: Great Tusk
|-start|p2a: Cinderace|typechange|Bug|[from] ability: Libero
|-resisted|p1a: Great Tusk
|-damage|p1a: Great Tusk|87/100
|
|t:|1760852446
|switch|p2a: Latios|Latios, M|100/100|[from] U-turn
|
|upkeep
|turn|21
|
|t:|1760852460
|-terastallize|p2a: Latios|Steel
|move|p1a: Great Tusk|Knock Off|p2a: Latios
|-damage|p2a: Latios|30/100
|-enditem|p2a: Latios|Heavy-Duty Boots|[from] move: Knock Off|[of] p1a: Great Tusk
|move|p2a: Latios|Luster Purge|p1a: Great Tusk
|-supereffective|p1a: Great Tusk
|-damage|p1a: Great Tusk|0 fnt
|faint|p1a: Great Tusk
|-end|p1a: Great Tusk|Protosynthesis|[silent]
|
|upkeep
|
|t:|1760852468
|switch|p1a: Armarouge|Armarouge, F|28/100
|turn|22
|
|t:|1760852471
|switch|p2a: Cinderace|Cinderace, F|100/100
|move|p1a: Armarouge|Armor Cannon|p2a: Cinderace
|-resisted|p2a: Cinderace
|-damage|p2a: Cinderace|52/100
|-unboost|p1a: Armarouge|def|1
|-unboost|p1a: Armarouge|spd|1
|
|upkeep
|turn|23
|
|t:|1760852479
|move|p2a: Cinderace|Sucker Punch|p1a: Armarouge
|-start|p2a: Cinderace|typechange|Dark|[from] ability: Libero
|-supereffective|p1a: Armarouge
|-damage|p1a: Armarouge|0 fnt
|faint|p1a: Armarouge
|
|-fieldend|move: Trick Room
|upkeep
|
|t:|1760852483
|switch|p1a: Dragonite|Dragonite, F|100/100
|turn|24
|
|t:|1760852486
|move|p2a: Cinderace|U-turn|p1a: Dragonite
|-resisted|p1a: Dragonite
|-crit|p1a: Dragonite
|-damage|p1a: Dragonite|89/100
|
|t:|1760852489
|switch|p2a: Latios|Latios, M, tera:Steel|30/100|[from] U-turn
|move|p1a: Dragonite|Dragon Dance|p1a: Dragonite
|-boost|p1a: Dragonite|atk|1
|-boost|p1a: Dragonite|spe|1
|
|upkeep
|turn|25
|
|t:|1760852495
|-terastallize|p1a: Dragonite|Fairy
|move|p1a: Dragonite|Tera Blast|p2a: Latios|[anim] Tera Blast Fairy
|-resisted|p2a: Latios
|-damage|p2a: Latios|0 fnt
|faint|p2a: Latios
|
|upkeep
|
|t:|1760852498
|switch|p2a: Cinderace|Cinderace, F|52/100
|turn|26
|
|t:|1760852500
|move|p1a: Dragonite|Earthquake|p2a: Cinderace
|-supereffective|p2a: Cinderace
|-damage|p2a: Cinderace|0 fnt
|faint|p2a: Cinderace
|
|win|olaf-18
|raw|olaf-18's rating: 1568 &rarr; <strong>1586</strong><br />(+18 for winning)
|raw|sminey's rating: 1527 &rarr; <strong>1509</strong><br />(-18 for losing)
|l|☆sminey
|player|p2|
|l|☆olaf-18
|player|p1|
