|j|☆nnnnnnn00000
|j|☆FakeGodJung
|t:|1760835457
|gametype|singles
|player|p1|nnnnnnn00000|2|1080
|player|p2|FakeGodJung|hilbert|1059
|gen|9
|tier|[Gen 9] OU
|rated|
|rule|HP Percentage Mod: HP is shown in percentages
|rule|Endless Battle Clause: Forcing endless battles is banned
|rule|Species Clause: Limit one of each Pokémon
|rule|OHKO Clause: OHKO moves are banned
|rule|Evasion Items Clause: Evasion items are banned
|rule|Evasion Moves Clause: Evasion moves are banned
|rule|Evasion Abilities Clause: Evasion abilities are banned
|rule|Sleep Moves Clause: Sleep-inducing moves are banned
|clearpoke
|poke|p1|Tyranitar, M|
|poke|p1|Dragonite, M|
|poke|p1|Alomomola, F|
|poke|p1|Garchomp, M|
|poke|p1|Salazzle, F|
|poke|p1|Deoxys-Speed|
|poke|p2|Pikachu-Original, M|
|poke|p2|Snorlax, M|
|poke|p2|Gengar, M|
|poke|p2|Charizard, M|
|poke|p2|Gliscor, M|
|poke|p2|Greninja-*, M|
|teampreview
|inactive|Battle timer is ON: inactive players will automatically lose when time's up. (requested by nnnnnnn00000)
|inactive|FakeGodJung also wants the timer to be on.
|
|t:|1760835466
|teamsize|p1|6
|teamsize|p2|6
|start
|switch|p1a: Deoxys|Deoxys-Speed|100/100
|switch|p2a: Gliscor|Gliscor, M|100/100
|-ability|p1a: Deoxys|Pressure
|turn|1
|
|t:|1760835470
|move|p1a: Deoxys|Trick|p2a: Gliscor
|-activate|p1a: Deoxys|move: Trick|[of] p2a: Gliscor
|-item|p2a: Gliscor|Choice Scarf|[from] move: Trick
|-item|p1a: Deoxys|Toxic Orb|[from] move: Trick
|move|p2a: Gliscor|Toxic|p1a: Deoxys
|-status|p1a: Deoxys|tox
|
|-damage|p1a: Deoxys|94/100 tox|[from] psn
|upkeep
|turn|2
|
|t:|1760835481
|switch|p2a: Snorlax|Snorlax, M|100/100
|move|p1a: Deoxys|Stealth Rock|p2a: Snorlax
|-sidestart|p2: FakeGodJung|move: Stealth Rock
|
|-damage|p1a: Deoxys|82/100 tox|[from] psn
|upkeep
|turn|3
|
|t:|1760835491
|move|p1a: Deoxys|Trick|p2a: Snorlax
|-activate|p1a: Deoxys|move: Trick|[of] p2a: Snorlax
|-item|p2a: Snorlax|Toxic Orb|[from] move: Trick
|-item|p1a: Deoxys|Leftovers|[from] move: Trick
|move|p2a: Snorlax|Curse|p2a: Snorlax
|-unboost|p2a: Snorlax|spe|1
|-boost|p2a: Snorlax|atk|1
|-boost|p2a: Snorlax|def|1
|
|-heal|p1a: Deoxys|88/100 tox|[from] item: Leftovers
|-damage|p1a: Deoxys|70/100 tox|[from] psn
|-status|p2a: Snorlax|tox|[from] item: Toxic Orb
|upkeep
|turn|4
|
|t:|1760835511
|move|p1a: Deoxys|Spikes|p2a: Snorlax
|-sidestart|p2: FakeGodJung|Spikes
|move|p2a: Snorlax|Heavy Slam|p1a: Deoxys
|-damage|p1a: Deoxys|1/100 tox
|
|-heal|p1a: Deoxys|7/100 tox|[from] item: Leftovers
|-damage|p1a: Deoxys|0 fnt|[from] psn
|faint|p1a: Deoxys
|-damage|p2a: Snorlax|94/100 tox|[from] psn
|upkeep
|
|t:|1760835522
|switch|p1a: Garchomp|Garchomp, M|100/100
|turn|5
|
|t:|1760835527
|move|p1a: Garchomp|Spikes|p2a: Snorlax
|-sidestart|p2: FakeGodJung|Spikes
|move|p2a: Snorlax|Heavy Slam|p1a: Garchomp
|-damage|p1a: Garchomp|74/100
|-damage|p2a: Snorlax|82/100 tox|[from] ability: Rough Skin|[of] p1a: Garchomp
|-damage|p2a: Snorlax|65/100 tox|[from] item: Rocky Helmet|[of] p1a: Garchomp
|
|-damage|p2a: Snorlax|53/100 tox|[from] psn
|upkeep
|turn|6
|
|t:|1760835540
|move|p1a: Garchomp|Spikes|p2a: Snorlax
|-sidestart|p2: FakeGodJung|Spikes
|move|p2a: Snorlax|Heavy Slam|p1a: Garchomp
|-damage|p1a: Garchomp|43/100
|-damage|p2a: Snorlax|41/100 tox|[from] ability: Rough Skin|[of] p1a: Garchomp
|-damage|p2a: Snorlax|24/100 tox|[from] item: Rocky Helmet|[of] p1a: Garchomp
|
|-damage|p2a: Snorlax|6/100 tox|[from] psn
|upkeep
|turn|7
|
|t:|1760835548
|switch|p1a: Alomomola|Alomomola, F|100/100
|move|p2a: Snorlax|Heavy Slam|p1a: Alomomola
|-resisted|p1a: Alomomola
|-damage|p1a: Alomomola|87/100
|-damage|p2a: Snorlax|0 fnt|[from] item: Rocky Helmet|[of] p1a: Alomomola
|faint|p2a: Snorlax
|
|upkeep
|
|t:|1760835556
|switch|p2a: Pikachu|Pikachu-Original, M|100/100
|-damage|p2a: Pikachu|88/100|[from] Stealth Rock
|-damage|p2a: Pikachu|64/100|[from] Spikes
|turn|8
|
|t:|1760835562
|move|p2a: Pikachu|Nuzzle|p1a: Alomomola
|-supereffective|p1a: Alomomola
|-damage|p1a: Alomomola|72/100
|-status|p1a: Alomomola|par
|-damage|p2a: Pikachu|47/100|[from] item: Rocky Helmet|[of] p1a: Alomomola
|cant|p1a: Alomomola|par
|
|upkeep
|turn|9
|
|t:|1760835579
|move|p2a: Pikachu|Iron Tail|p1a: Alomomola
|-resisted|p1a: Alomomola
|-damage|p1a: Alomomola|61/100 par
|-damage|p2a: Pikachu|30/100|[from] item: Rocky Helmet|[of] p1a: Alomomola
|cant|p1a: Alomomola|par
|
|upkeep
|turn|10
|
|t:|1760835588
|switch|p2a: Greninja|Greninja, M|100/100
|-damage|p2a: Greninja|88/100|[from] Stealth Rock
|-damage|p2a: Greninja|63/100|[from] Spikes
|move|p1a: Alomomola|Wish|p1a: Alomomola
|
|upkeep
|turn|11
|
|t:|1760835599
|switch|p1a: Garchomp|Garchomp, M|43/100
|move|p2a: Greninja|Dark Pulse|p1a: Garchomp
|-damage|p1a: Garchomp|4/100
|
|-heal|p1a: Garchomp|70/100|[from] move: Wish|[wisher] Alomomola
|upkeep
|turn|12
|
|t:|1760835607
|move|p2a: Greninja|Ice Beam|p1a: Garchomp
|-supereffective|p1a: Garchomp
|-damage|p1a: Garchomp|0 fnt
|faint|p1a: Garchomp
|-ability|p2a: Greninja|Battle Bond|boost
|-boost|p2a: Greninja|atk|1
|-boost|p2a: Greninja|spa|1
|-boost|p2a: Greninja|spe|1
|-activate|p2a: Greninja|ability: Battle Bond
|
|upkeep
|
|t:|1760835616
|switch|p1a: Tyranitar|Tyranitar, M|100/100
|-weather|Sandstorm|[from] ability: Sand Stream|[of] p1a: Tyranitar
|turn|13
|
|t:|1760835622
|move|p2a: Greninja|Water Shuriken|p1a: Tyranitar
|-supereffective|p1a: Tyranitar
|-damage|p1a: Tyranitar|86/100
|-enditem|p1a: Tyranitar|Weakness Policy
|-boost|p1a: Tyranitar|atk|2|[from] item: Weakness Policy
|-boost|p1a: Tyranitar|spa|2|[from] item: Weakness Policy
|-supereffective|p1a: Tyranitar
|-damage|p1a: Tyranitar|74/100
|-supereffective|p1a: Tyranitar
|-damage|p1a: Tyranitar|61/100
|-hitcount|p1a: Tyranitar|3
|move|p1a: Tyranitar|Knock Off|p2a: Greninja
|-resisted|p2a: Greninja
|-damage|p2a: Greninja|0 fnt
|-enditem|p2a: Greninja|Babiri Berry|[from] move: Knock Off|[of] p1a: Tyranitar
|faint|p2a: Greninja
|
|-weather|Sandstorm|[upkeep]
|upkeep
|
|t:|1760835643
|switch|p2a: Charizard|Charizard, M|100/100
|-damage|p2a: Charizard|51/100|[from] Stealth Rock
|turn|14
|
|t:|1760835647
|move|p2a: Charizard|Scorching Sands|p1a: Tyranitar
|-supereffective|p1a: Tyranitar
|-damage|p1a: Tyranitar|35/100
|-status|p1a: Tyranitar|brn
|move|p1a: Tyranitar|Knock Off|p2a: Charizard
|-damage|p2a: Charizard|0 fnt
|-enditem|p2a: Charizard|Aguav Berry|[from] move: Knock Off|[of] p1a: Tyranitar
|faint|p2a: Charizard
|
|-weather|Sandstorm|[upkeep]
|-damage|p1a: Tyranitar|29/100 brn|[from] brn
|upkeep
|
|t:|1760835656
|switch|p2a: Gliscor|Gliscor, M|100/100
|-damage|p2a: Gliscor|88/100|[from] Stealth Rock
|turn|15
|
|t:|1760835661
|move|p2a: Gliscor|Earthquake|p1a: Tyranitar
|-supereffective|p1a: Tyranitar
|-damage|p1a: Tyranitar|0 fnt
|faint|p1a: Tyranitar
|
|-weather|Sandstorm|[upkeep]
|upkeep
|
|t:|1760835666
|switch|p1a: Dragonite|Dragonite, M|100/100
|turn|16
|
|t:|1760835671
|switch|p2a: Pikachu|Pikachu-Original, M|30/100
|-damage|p2a: Pikachu|18/100|[from] Stealth Rock
|-damage|p2a: Pikachu|0 fnt|[from] Spikes
|faint|p2a: Pikachu
|move|p1a: Dragonite|Dragon Dance|p1a: Dragonite
|-boost|p1a: Dragonite|atk|1
|-boost|p1a: Dragonite|spe|1
|
|-weather|Sandstorm|[upkeep]
|-damage|p1a: Dragonite|94/100|[from] Sandstorm
|upkeep
|
|t:|1760835678
|switch|p2a: Gliscor|Gliscor, M|88/100
|-damage|p2a: Gliscor|76/100|[from] Stealth Rock
|turn|17
|
|t:|1760835684
|move|p2a: Gliscor|Toxic|p1a: Dragonite
|-status|p1a: Dragonite|tox
|move|p1a: Dragonite|Dragon Dance|p1a: Dragonite
|-boost|p1a: Dragonite|atk|1
|-boost|p1a: Dragonite|spe|1
|
|-weather|none
|-damage|p1a: Dragonite|88/100 tox|[from] psn
|upkeep
|turn|18
|inactive|FakeGodJung has 120 seconds left.
|
|t:|1760835727
|switch|p2a: Gengar|Gengar, M|100/100
|-damage|p2a: Gengar|88/100|[from] Stealth Rock
|-damage|p2a: Gengar|63/100|[from] Spikes
|move|p1a: Dragonite|Dragon Dance|p1a: Dragonite
|-boost|p1a: Dragonite|atk|1
|-boost|p1a: Dragonite|spe|1
|
|-damage|p1a: Dragonite|76/100 tox|[from] psn
|upkeep
|turn|19
|
|t:|1760835738
|move|p1a: Dragonite|Ice Spinner|p2a: Gengar
|-damage|p2a: Gengar|0 fnt
|faint|p2a: Gengar
|
|-damage|p1a: Dragonite|57/100 tox|[from] psn
|upkeep
|
|t:|1760835741
|switch|p2a: Gliscor|Gliscor, M|76/100
|-damage|p2a: Gliscor|63/100|[from] Stealth Rock
|turn|20
|
|t:|1760835745
|move|p2a: Gliscor|Protect|p2a: Gliscor
|-singleturn|p2a: Gliscor|Protect
|move|p1a: Dragonite|Ice Spinner|p2a: Gliscor
|-activate|p2a: Gliscor|move: Protect
|
|-damage|p1a: Dragonite|32/100 tox|[from] psn
|upkeep
|turn|21
|
|t:|1760835749
|move|p2a: Gliscor|Protect|p2a: Gliscor
|-singleturn|p2a: Gliscor|Protect
|move|p1a: Dragonite|Ice Spinner|p2a: Gliscor
|-activate|p2a: Gliscor|move: Protect
|
|-damage|p1a: Dragonite|1/100 tox|[from] psn
|upkeep
|turn|22
|
|t:|1760835755
|move|p2a: Gliscor|Protect||[still]
|-fail|p2a: Gliscor
|move|p1a: Dragonite|Ice Spinner|p2a: Gliscor
|-supereffective|p2a: Gliscor
|-damage|p2a: Gliscor|0 fnt
|faint|p2a: Gliscor
|
|win|nnnnnnn00000
|raw|nnnnnnn00000's rating: 1080 &rarr; <strong>1106</strong><br />(+26 for winning)
|raw|FakeGodJung's rating: 1059 &rarr; <strong>1041</strong><br />(-18 for losing)
|l|☆FakeGodJung
|player|p2|
|l|☆nnnnnnn00000
|player|p1|
