|j|☆itstheboyjay
|j|☆Hexylo
|t:|1760723711
|gametype|singles
|player|p1|itstheboyjay|102|1137
|player|p2|Hexylo|lucas|1151
|gen|9
|tier|[Gen 9] OU
|rated|
|rule|HP Percentage Mod: HP is shown in percentages
|rule|Endless Battle Clause: Forcing endless battles is banned
|rule|Species Clause: Limit one of each Pokémon
|rule|OHKO Clause: OHKO moves are banned
|rule|Evasion Items Clause: Evasion items are banned
|rule|Evasion Moves Clause: Evasion moves are banned
|rule|Evasion Abilities Clause: Evasion abilities are banned
|rule|Sleep Moves Clause: Sleep-inducing moves are banned
|clearpoke
|poke|p1|Glaceon, F|
|poke|p1|Gallade, M|
|poke|p1|Dusknoir, M|
|poke|p1|Porygon-Z|
|poke|p1|Magnezone|
|poke|p1|Rhyperior, M|
|poke|p2|Inteleon, M|
|poke|p2|Meowscarada, F|
|poke|p2|Corviknight, M|
|poke|p2|Garganacl, M|
|poke|p2|Cinderace, F|
|poke|p2|Hatterene, F|
|teampreview
|
|t:|1760723723
|teamsize|p1|6
|teamsize|p2|6
|start
|switch|p1a: Glaceon|Glaceon, F, shiny|100/100
|switch|p2a: Wanda|Hatterene, F|100/100
|turn|1
|
|t:|1760723731
|switch|p1a: Dusknoir|Dusknoir, M, shiny|100/100
|-item|p2a: Wanda|Leftovers|[from] ability: Frisk|[of] p1a: Dusknoir
|move|p2a: Wanda|Nuzzle|p1a: Dusknoir
|-damage|p1a: Dusknoir|97/100
|-status|p1a: Dusknoir|par
|
|-damage|p1a: Dusknoir|84/100 par|[from] item: Sticky Barb
|upkeep
|turn|2
|
|t:|1760723742
|switch|p2a: Katnappe|Meowscarada, F|100/100
|move|p1a: Dusknoir|Trick|p2a: Katnappe
|-activate|p1a: Dusknoir|move: Trick|[of] p2a: Katnappe
|-item|p2a: Katnappe|Sticky Barb|[from] move: Trick
|-item|p1a: Dusknoir|Muscle Band|[from] move: Trick
|
|-damage|p2a: Katnappe|88/100|[from] item: Sticky Barb
|upkeep
|turn|3
|
|t:|1760723750
|move|p2a: Katnappe|Knock Off|p1a: Dusknoir
|-start|p2a: Katnappe|typechange|Dark|[from] ability: Protean
|-supereffective|p1a: Dusknoir
|-damage|p1a: Dusknoir|7/100 par
|-enditem|p1a: Dusknoir|Muscle Band|[from] move: Knock Off|[of] p2a: Katnappe
|move|p1a: Dusknoir|Will-O-Wisp|p2a: Katnappe|[miss]
|-miss|p1a: Dusknoir|p2a: Katnappe
|
|-damage|p2a: Katnappe|76/100|[from] item: Sticky Barb
|upkeep
|turn|4
|
|t:|1760723759
|move|p2a: Katnappe|Knock Off|p1a: Dusknoir
|-supereffective|p1a: Dusknoir
|-damage|p1a: Dusknoir|0 fnt
|faint|p1a: Dusknoir
|
|-damage|p2a: Katnappe|64/100|[from] item: Sticky Barb
|upkeep
|
|t:|1760723769
|switch|p1a: Magnezone|Magnezone, shiny|100/100
|turn|5
|
|t:|1760723774
|switch|p2a: The Rock|Garganacl, M|100/100
|move|p1a: Magnezone|Volt Switch|p2a: The Rock
|-damage|p2a: The Rock|75/100
|
|t:|1760723778
|switch|p1a: Rhyperior|Rhyperior, M, shiny|100/100|[from] Volt Switch
|
|-heal|p2a: The Rock|81/100|[from] item: Leftovers
|upkeep
|turn|6
|
|t:|1760723784
|switch|p2a: Itachi|Corviknight, M|100/100
|-ability|p2a: Itachi|Pressure
|move|p1a: Rhyperior|Earthquake|p2a: Itachi
|-immune|p2a: Itachi
|
|upkeep
|turn|7
|
|t:|1760723791
|switch|p2a: Chase Young|Inteleon, M|100/100
|switch|p1a: Magnezone|Magnezone, shiny|100/100
|
|upkeep
|turn|8
|
|t:|1760723803
|switch|p2a: The Rock|Garganacl, M|81/100
|move|p1a: Magnezone|Volt Switch|p2a: The Rock
|-damage|p2a: The Rock|55/100
|
|t:|1760723808
|switch|p1a: Rhyperior|Rhyperior, M, shiny|100/100|[from] Volt Switch
|
|-heal|p2a: The Rock|61/100|[from] item: Leftovers
|upkeep
|turn|9
|
|t:|1760723813
|-terastallize|p1a: Rhyperior|Electric
|move|p2a: The Rock|Protect|p2a: The Rock
|-singleturn|p2a: The Rock|Protect
|move|p1a: Rhyperior|Supercell Slam|p2a: The Rock
|-activate|p2a: The Rock|move: Protect
|-damage|p1a: Rhyperior|51/100|[from] supercellslam
|
|-heal|p2a: The Rock|68/100|[from] item: Leftovers
|upkeep
|turn|10
|
|t:|1760723824
|move|p2a: The Rock|Protect|p2a: The Rock
|-singleturn|p2a: The Rock|Protect
|move|p1a: Rhyperior|Supercell Slam|p2a: The Rock
|-activate|p2a: The Rock|move: Protect
|-damage|p1a: Rhyperior|1/100|[from] supercellslam
|
|-heal|p2a: The Rock|74/100|[from] item: Leftovers
|upkeep
|turn|11
|c|☆itstheboyjay|are we fr
|
|t:|1760723834
|move|p1a: Rhyperior|Supercell Slam|p2a: The Rock
|-damage|p2a: The Rock|2/100
|move|p2a: The Rock|Recover|p2a: The Rock
|-heal|p2a: The Rock|52/100
|
|-heal|p2a: The Rock|58/100|[from] item: Leftovers
|upkeep
|turn|12
|
|t:|1760723844
|switch|p1a: Gallade|Gallade, M, shiny|100/100
|move|p2a: The Rock|Protect||[still]
|-fail|p2a: The Rock
|
|-heal|p2a: The Rock|64/100|[from] item: Leftovers
|upkeep
|turn|13
|
|t:|1760723852
|-terastallize|p2a: The Rock|Ghost
|move|p1a: Gallade|Sacred Sword|p2a: The Rock
|-immune|p2a: The Rock
|move|p2a: The Rock|Salt Cure|p1a: Gallade
|-resisted|p1a: Gallade
|-damage|p1a: Gallade|89/100
|-start|p1a: Gallade|Salt Cure
|
|-heal|p2a: The Rock|70/100|[from] item: Leftovers
|-damage|p1a: Gallade|77/100|[from] Salt Cure
|upkeep
|turn|14
|
|t:|1760723862
|move|p1a: Gallade|Night Slash|p2a: The Rock
|-supereffective|p2a: The Rock
|-damage|p2a: The Rock|22/100
|move|p2a: The Rock|Salt Cure|p1a: Gallade
|-resisted|p1a: Gallade
|-damage|p1a: Gallade|64/100
|
|-heal|p2a: The Rock|28/100|[from] item: Leftovers
|-damage|p1a: Gallade|52/100|[from] Salt Cure
|upkeep
|turn|15
|
|t:|1760723872
|switch|p1a: Rhyperior|Rhyperior, M, shiny, tera:Electric|1/100
|move|p2a: The Rock|Protect||[still]
|-fail|p2a: The Rock
|
|-heal|p2a: The Rock|34/100|[from] item: Leftovers
|upkeep
|turn|16
|
|t:|1760723878
|move|p2a: The Rock|Protect|p2a: The Rock
|-singleturn|p2a: The Rock|Protect
|move|p1a: Rhyperior|Supercell Slam|p2a: The Rock
|-activate|p2a: The Rock|move: Protect
|-damage|p1a: Rhyperior|0 fnt|[from] supercellslam
|faint|p1a: Rhyperior
|
|-heal|p2a: The Rock|40/100|[from] item: Leftovers
|upkeep
|c|☆itstheboyjay|bro
|c|☆itstheboyjay|you dont deserve that kinada luck
|
|t:|1760723893
|switch|p1a: Porygon-Z|Porygon-Z, shiny|100/100
|turn|17
|
|t:|1760723897
|move|p1a: Porygon-Z|Shadow Ball|p2a: The Rock
|-supereffective|p2a: The Rock
|-damage|p2a: The Rock|11/100
|-unboost|p2a: The Rock|spd|1
|move|p2a: The Rock|Salt Cure|p1a: Porygon-Z
|-damage|p1a: Porygon-Z|79/100
|-start|p1a: Porygon-Z|Salt Cure
|
|-heal|p2a: The Rock|17/100|[from] item: Leftovers
|-damage|p1a: Porygon-Z|67/100|[from] Salt Cure
|upkeep
|turn|18
|c|☆Hexylo|what type of strategy is spamming cell
|l|☆Hexylo
|player|p2|
|j|☆Hexylo
|player|p2|Hexylo|lucas|
|
|t:|1760723964
|switch|p1a: Gallade|Gallade, M, shiny|52/100
|move|p2a: The Rock|Recover|p2a: The Rock
|-heal|p2a: The Rock|67/100
|
|-heal|p2a: The Rock|74/100|[from] item: Leftovers
|upkeep
|turn|19
|
|t:|1760723978
|move|p1a: Gallade|Night Slash|p2a: The Rock
|-supereffective|p2a: The Rock
|-crit|p2a: The Rock
|-damage|p2a: The Rock|0 fnt
|faint|p2a: The Rock
|
|upkeep
|
|t:|1760723984
|switch|p2a: Itachi|Corviknight, M|100/100
|-ability|p2a: Itachi|Pressure
|turn|20
|
|t:|1760723990
|switch|p1a: Magnezone|Magnezone, shiny|100/100
|move|p2a: Itachi|Body Press|p1a: Magnezone
|-supereffective|p1a: Magnezone
|-damage|p1a: Magnezone|75/100
|-damage|p2a: Itachi|84/100|[from] item: Rocky Helmet|[of] p1a: Magnezone
|
|upkeep
|turn|21
|
|t:|1760723999
|move|p2a: Itachi|Roost|p2a: Itachi
|-heal|p2a: Itachi|100/100
|-singleturn|p2a: Itachi|move: Roost
|move|p1a: Magnezone|Volt Switch|p2a: Itachi
|-damage|p2a: Itachi|73/100
|
|t:|1760724018
|switch|p1a: Porygon-Z|Porygon-Z, shiny|67/100|[from] Volt Switch
|
|upkeep
|turn|22
|
|t:|1760724022
|switch|p1a: Magnezone|Magnezone, shiny|75/100
|move|p2a: Itachi|Iron Defense|p2a: Itachi
|-boost|p2a: Itachi|def|2
|
|upkeep
|turn|23
|
|t:|1760724029
|move|p2a: Itachi|Roost|p2a: Itachi
|-heal|p2a: Itachi|100/100
|-singleturn|p2a: Itachi|move: Roost
|move|p1a: Magnezone|Volt Switch|p2a: Itachi
|-damage|p2a: Itachi|72/100
|
|t:|1760724036
|switch|p1a: Gallade|Gallade, M, shiny|52/100|[from] Volt Switch
|
|upkeep
|turn|24
|
|t:|1760724041
|move|p1a: Gallade|Sacred Sword|p2a: Itachi
|-damage|p2a: Itachi|11/100
|-damage|p1a: Gallade|35/100|[from] item: Rocky Helmet|[of] p2a: Itachi
|move|p2a: Itachi|Iron Defense|p2a: Itachi
|-boost|p2a: Itachi|def|2
|
|upkeep
|turn|25
|
|t:|1760724051
|move|p1a: Gallade|Night Slash|p2a: Itachi
|-crit|p2a: Itachi
|-damage|p2a: Itachi|0 fnt
|-damage|p1a: Gallade|19/100|[from] item: Rocky Helmet|[of] p2a: Itachi
|faint|p2a: Itachi
|
|upkeep
|
|t:|1760724059
|switch|p2a: Chase Young|Inteleon, M|100/100
|turn|26
|
|t:|1760724063
|move|p2a: Chase Young|Snipe Shot|p1a: Gallade
|-damage|p1a: Gallade|0 fnt
|faint|p1a: Gallade
|
|upkeep
|
|t:|1760724067
|switch|p1a: Glaceon|Glaceon, F, shiny|100/100
|turn|27
|
|t:|1760724070
|move|p1a: Glaceon|Freeze-Dry|p2a: Chase Young
|-supereffective|p2a: Chase Young
|-damage|p2a: Chase Young|0 fnt
|faint|p2a: Chase Young
|
|upkeep
|
|t:|1760724075
|switch|p2a: Bonnie|Cinderace, F|100/100
|turn|28
|
|t:|1760724085
|switch|p1a: Magnezone|Magnezone, shiny|75/100
|move|p2a: Bonnie|Pyro Ball|p1a: Magnezone
|-supereffective|p1a: Magnezone
|-damage|p1a: Magnezone|0 fnt
|faint|p1a: Magnezone
|
|upkeep
|
|t:|1760724091
|switch|p1a: Porygon-Z|Porygon-Z, shiny|67/100
|turn|29
|
|t:|1760724097
|move|p2a: Bonnie|Pyro Ball|p1a: Porygon-Z|[miss]
|-miss|p2a: Bonnie|p1a: Porygon-Z
|move|p1a: Porygon-Z|Uproar|p2a: Bonnie
|-damage|p2a: Bonnie|0 fnt
|-start|p1a: Porygon-Z|Uproar
|faint|p2a: Bonnie
|
|-start|p1a: Porygon-Z|Uproar|[upkeep]
|upkeep
|
|t:|1760724105
|switch|p2a: Wanda|Hatterene, F|100/100
|turn|30
|
|t:|1760724107
|move|p1a: Porygon-Z|Uproar|p2a: Wanda|[from] lockedmove
|-damage|p2a: Wanda|11/100
|move|p2a: Wanda|Nuzzle|p1a: Porygon-Z
|-damage|p1a: Porygon-Z|61/100
|-status|p1a: Porygon-Z|par
|
|-heal|p2a: Wanda|17/100|[from] item: Leftovers
|-start|p1a: Porygon-Z|Uproar|[upkeep]
|upkeep
|turn|31
|
|t:|1760724115
|move|p1a: Porygon-Z|Uproar|p2a: Wanda|[from] lockedmove
|-damage|p2a: Wanda|0 fnt
|faint|p2a: Wanda
|
|-end|p1a: Porygon-Z|Uproar
|upkeep
|
|t:|1760724120
|switch|p2a: Katnappe|Meowscarada, F|64/100
|turn|32
|
|t:|1760724123
|move|p2a: Katnappe|Knock Off|p1a: Porygon-Z
|-start|p2a: Katnappe|typechange|Dark|[from] ability: Protean
|-damage|p1a: Porygon-Z|0 fnt
|-enditem|p1a: Porygon-Z|Choice Specs|[from] move: Knock Off|[of] p2a: Katnappe
|faint|p1a: Porygon-Z
|
|-damage|p2a: Katnappe|51/100|[from] item: Sticky Barb
|upkeep
|
|t:|1760724131
|switch|p1a: Glaceon|Glaceon, F, shiny|100/100
|turn|33
|c|☆Hexylo|this is luck bro
|
|t:|1760724153
|move|p2a: Katnappe|Knock Off|p1a: Glaceon
|-damage|p1a: Glaceon|46/100
|-enditem|p1a: Glaceon|Choice Scarf|[from] move: Knock Off|[of] p2a: Katnappe
|move|p1a: Glaceon|Ice Beam|p2a: Katnappe
|-damage|p2a: Katnappe|0 fnt
|faint|p2a: Katnappe
|
|win|itstheboyjay
|raw|itstheboyjay's rating: 1137 &rarr; <strong>1163</strong><br />(+26 for winning)
|raw|Hexylo's rating: 1151 &rarr; <strong>1125</strong><br />(-26 for losing)
|c|☆itstheboyjay|good you deserve it for the protects
|l|☆Hexylo
|player|p2|
|c|☆itstheboyjay|should not have gotten so many consecutive ones
|l|☆itstheboyjay
|player|p1|
