|j|☆last disrespect
|j|☆Oosugsagnjkd
|t:|1760772523
|gametype|singles
|player|p1|last disrespect|102|1256
|player|p2|Oosugsagnjkd|pokemonrangerf|1232
|gen|9
|tier|[Gen 9] OU
|rated|
|rule|HP Percentage Mod: HP is shown in percentages
|rule|Endless Battle Clause: Forcing endless battles is banned
|rule|Species Clause: Limit one of each Pokémon
|rule|OHKO Clause: OHKO moves are banned
|rule|Evasion Items Clause: Evasion items are banned
|rule|Evasion Moves Clause: Evasion moves are banned
|rule|Evasion Abilities Clause: Evasion abilities are banned
|rule|Sleep Moves Clause: Sleep-inducing moves are banned
|clearpoke
|poke|p1|Landorus-Therian, M|
|poke|p1|Samurott-Hisui, M|
|poke|p1|Pecharunt|
|poke|p1|Scizor, M|
|poke|p1|Latios, M|
|poke|p1|Zamazenta-*|
|poke|p2|Brambleghast, M|
|poke|p2|Kilowattrel, F|
|poke|p2|Dachsbun, F|
|poke|p2|Pelipper, M|
|poke|p2|Avalugg, M|
|poke|p2|Forretress, F|
|teampreview
|inactive|Battle timer is ON: inactive players will automatically lose when time's up. (requested by last disrespect)
|
|t:|1760772536
|teamsize|p1|6
|teamsize|p2|6
|start
|switch|p1a: Landorus|Landorus-Therian, M|100/100
|switch|p2a: Forretress|Forretress, F|100/100
|-ability|p1a: Landorus|Intimidate|boost
|-unboost|p2a: Forretress|atk|1
|turn|1
|
|t:|1760772543
|move|p1a: Landorus|Stealth Rock|p2a: Forretress
|-sidestart|p2: Oosugsagnjkd|move: Stealth Rock
|move|p2a: Forretress|Ice Spinner|p1a: Landorus
|-supereffective|p1a: Landorus
|-damage|p1a: Landorus|8/100
|-damage|p2a: Forretress|84/100|[from] item: Rocky Helmet|[of] p1a: Landorus
|
|upkeep
|turn|2
|
|t:|1760772548
|move|p1a: Landorus|U-turn|p2a: Forretress
|-resisted|p2a: Forretress
|-damage|p2a: Forretress|76/100
|
|t:|1760772551
|switch|p1a: Samurott|Samurott-Hisui, M|100/100|[from] U-turn
|move|p2a: Forretress|Ice Spinner|p1a: Samurott
|-resisted|p1a: Samurott
|-damage|p1a: Samurott|86/100
|
|upkeep
|turn|3
|
|t:|1760772560
|switch|p2a: Avalugg|Avalugg, M, shiny|100/100
|-damage|p2a: Avalugg|76/100|[from] Stealth Rock
|move|p1a: Samurott|Ceaseless Edge|p2a: Avalugg
|-damage|p2a: Avalugg|56/100
|-sidestart|p2: Oosugsagnjkd|Spikes
|
|-heal|p2a: Avalugg|63/100|[from] item: Leftovers
|upkeep
|turn|4
|
|t:|1760772567
|switch|p1a: Pecharunt|Pecharunt|100/100
|move|p2a: Avalugg|Recover|p2a: Avalugg
|-heal|p2a: Avalugg|100/100
|
|upkeep
|turn|5
|
|t:|1760772573
|move|p1a: Pecharunt|Shadow Ball|p2a: Avalugg
|-damage|p2a: Avalugg|56/100
|move|p2a: Avalugg|Mirror Coat|p1a: Pecharunt
|-damage|p1a: Pecharunt|13/100
|
|-heal|p2a: Avalugg|63/100|[from] item: Leftovers
|upkeep
|turn|6
|
|t:|1760772577
|move|p1a: Pecharunt|Recover|p1a: Pecharunt
|-heal|p1a: Pecharunt|64/100
|move|p2a: Avalugg|Recover|p2a: Avalugg
|-heal|p2a: Avalugg|100/100
|
|upkeep
|turn|7
|
|t:|1760772581
|move|p1a: Pecharunt|Recover|p1a: Pecharunt
|-heal|p1a: Pecharunt|100/100
|move|p2a: Avalugg|Mirror Coat||[still]
|-fail|p2a: Avalugg
|
|upkeep
|turn|8
|
|t:|1760772585
|move|p1a: Pecharunt|Malignant Chain|p2a: Avalugg
|-damage|p2a: Avalugg|49/100
|move|p2a: Avalugg|Mirror Coat|p1a: Pecharunt
|-damage|p1a: Pecharunt|0 fnt
|faint|p1a: Pecharunt
|
|-heal|p2a: Avalugg|55/100|[from] item: Leftovers
|upkeep
|
|t:|1760772591
|switch|p1a: Scizor|Scizor, M|100/100
|turn|9
|
|t:|1760772595
|move|p1a: Scizor|Swords Dance|p1a: Scizor
|-boost|p1a: Scizor|atk|2
|move|p2a: Avalugg|Recover|p2a: Avalugg
|-heal|p2a: Avalugg|100/100
|
|upkeep
|turn|10
|
|t:|1760772598
|switch|p2a: Pelipper|Pelipper, M, shiny|100/100
|-damage|p2a: Pelipper|76/100|[from] Stealth Rock
|-weather|RainDance|[from] ability: Drizzle|[of] p2a: Pelipper
|move|p1a: Scizor|Knock Off|p2a: Pelipper
|-damage|p2a: Pelipper|0 fnt
|-enditem|p2a: Pelipper|Damp Rock|[from] move: Knock Off|[of] p1a: Scizor
|faint|p2a: Pelipper
|
|-weather|RainDance|[upkeep]
|upkeep
|
|t:|1760772605
|switch|p2a: Kilowattrel|Kilowattrel, F|100/100
|-damage|p2a: Kilowattrel|76/100|[from] Stealth Rock
|turn|11
|
|t:|1760772611
|-terastallize|p2a: Kilowattrel|Flying
|move|p2a: Kilowattrel|Hurricane|p1a: Scizor
|-damage|p1a: Scizor|0 fnt
|faint|p1a: Scizor
|
|-weather|RainDance|[upkeep]
|upkeep
|
|t:|1760772622
|switch|p1a: Samurott|Samurott-Hisui, M|86/100
|turn|12
|
|t:|1760772630
|switch|p2a: Dachsbun|Dachsbun, F|100/100
|-damage|p2a: Dachsbun|88/100|[from] Stealth Rock
|-damage|p2a: Dachsbun|75/100|[from] Spikes
|move|p1a: Samurott|Razor Shell|p2a: Dachsbun
|-damage|p2a: Dachsbun|0 fnt
|faint|p2a: Dachsbun
|
|-weather|RainDance|[upkeep]
|upkeep
|
|t:|1760772636
|switch|p2a: Forretress|Forretress, F|76/100
|-damage|p2a: Forretress|64/100|[from] Stealth Rock
|-damage|p2a: Forretress|51/100|[from] Spikes
|turn|13
|
|t:|1760772640
|move|p1a: Samurott|Razor Shell|p2a: Forretress
|-damage|p2a: Forretress|0 fnt
|faint|p2a: Forretress
|
|-weather|RainDance|[upkeep]
|upkeep
|
|t:|1760772643
|switch|p2a: Brambleghast|Brambleghast, M|100/100
|-damage|p2a: Brambleghast|88/100|[from] Stealth Rock
|-damage|p2a: Brambleghast|76/100|[from] Spikes
|turn|14
|
|t:|1760772649
|move|p2a: Brambleghast|Power Whip|p1a: Samurott
|-supereffective|p1a: Samurott
|-damage|p1a: Samurott|0 fnt
|faint|p1a: Samurott
|
|-weather|RainDance|[upkeep]
|upkeep
|
|t:|1760772663
|switch|p1a: Latios|Latios, M|100/100
|turn|15
|
|t:|1760772671
|move|p1a: Latios|Draco Meteor|p2a: Brambleghast
|-damage|p2a: Brambleghast|0 fnt
|-unboost|p1a: Latios|spa|2
|faint|p2a: Brambleghast
|
|-weather|RainDance|[upkeep]
|upkeep
|
|t:|1760772674
|switch|p2a: Kilowattrel|Kilowattrel, F, tera:Flying|76/100
|-damage|p2a: Kilowattrel|51/100|[from] Stealth Rock
|turn|16
|
|t:|1760772677
|switch|p1a: Landorus|Landorus-Therian, M|8/100
|-ability|p1a: Landorus|Intimidate|boost
|-unboost|p2a: Kilowattrel|atk|1
|move|p2a: Kilowattrel|Hurricane|p1a: Landorus
|-damage|p1a: Landorus|0 fnt
|faint|p1a: Landorus
|
|-weather|RainDance|[upkeep]
|upkeep
|
|t:|1760772680
|switch|p1a: Latios|Latios, M|100/100
|turn|17
|
|t:|1760772685
|move|p2a: Kilowattrel|Hurricane|p1a: Latios
|-damage|p1a: Latios|0 fnt
|faint|p1a: Latios
|
|-weather|none
|upkeep
|
|t:|1760772693
|switch|p1a: Zamazenta|Zamazenta|100/100
|-ability|p1a: Zamazenta|Dauntless Shield|boost
|-boost|p1a: Zamazenta|def|1
|turn|18
|
|t:|1760772699
|-terastallize|p1a: Zamazenta|Fire
|move|p1a: Zamazenta|Body Press|p2a: Kilowattrel
|-resisted|p2a: Kilowattrel
|-damage|p2a: Kilowattrel|0 fnt
|faint|p2a: Kilowattrel
|
|upkeep
|
|t:|1760772704
|switch|p2a: Avalugg|Avalugg, M, shiny|100/100
|-damage|p2a: Avalugg|76/100|[from] Stealth Rock
|-damage|p2a: Avalugg|63/100|[from] Spikes
|turn|19
|
|t:|1760772708
|move|p1a: Zamazenta|Iron Defense|p1a: Zamazenta
|-boost|p1a: Zamazenta|def|2
|move|p2a: Avalugg|Recover|p2a: Avalugg
|-heal|p2a: Avalugg|100/100
|
|upkeep
|turn|20
|
|t:|1760772712
|move|p1a: Zamazenta|Iron Defense|p1a: Zamazenta
|-boost|p1a: Zamazenta|def|2
|move|p2a: Avalugg|Curse|p2a: Avalugg
|-unboost|p2a: Avalugg|spe|1
|-boost|p2a: Avalugg|atk|1
|-boost|p2a: Avalugg|def|1
|
|upkeep
|turn|21
|
|t:|1760772715
|move|p1a: Zamazenta|Body Press|p2a: Avalugg
|-supereffective|p2a: Avalugg
|-damage|p2a: Avalugg|31/100
|move|p2a: Avalugg|Curse|p2a: Avalugg
|-unboost|p2a: Avalugg|spe|1
|-boost|p2a: Avalugg|atk|1
|-boost|p2a: Avalugg|def|1
|
|-heal|p2a: Avalugg|37/100|[from] item: Leftovers
|upkeep
|turn|22
|
|t:|1760772718
|move|p1a: Zamazenta|Body Press|p2a: Avalugg
|-supereffective|p2a: Avalugg
|-damage|p2a: Avalugg|0 fnt
|faint|p2a: Avalugg
|
|win|last disrespect
|raw|last disrespect's rating: 1256 &rarr; <strong>1279</strong><br />(+23 for winning)
|raw|Oosugsagnjkd's rating: 1232 &rarr; <strong>1209</strong><br />(-23 for losing)
|l|☆Oosugsagnjkd
|player|p2|
|l|☆last disrespect
|player|p1|
