|j|☆ChaseMaFriend
|j|☆fungusphil
|t:|1760827312
|gametype|singles
|player|p1|ChaseMaFriend|wattson|1480
|player|p2|fungusphil|mars|1540
|gen|9
|tier|[Gen 9] OU
|rated|
|rule|HP Percentage Mod: HP is shown in percentages
|rule|Endless Battle Clause: Forcing endless battles is banned
|rule|Species Clause: Limit one of each Pokémon
|rule|OHKO Clause: OHKO moves are banned
|rule|Evasion Items Clause: Evasion items are banned
|rule|Evasion Moves Clause: Evasion moves are banned
|rule|Evasion Abilities Clause: Evasion abilities are banned
|rule|Sleep Moves Clause: Sleep-inducing moves are banned
|clearpoke
|poke|p1|Samurott-Hisui, M|
|poke|p1|Gholdengo|
|poke|p1|Moltres|
|poke|p1|Arcanine-Hisui, F|
|poke|p1|Pecharunt|
|poke|p1|Thundurus, M|
|poke|p2|Ninetales-Alola, M|
|poke|p2|Kyurem|
|poke|p2|Kingambit, F|
|poke|p2|Tornadus-Therian, M|
|poke|p2|Great Tusk|
|poke|p2|Hatterene, F|
|teampreview
|inactive|Battle timer is ON: inactive players will automatically lose when time's up. (requested by fungusphil)
|
|t:|1760827336
|teamsize|p1|6
|teamsize|p2|6
|start
|switch|p1a: Arcanine|Arcanine-Hisui, F|100/100
|switch|p2a: Tornadus|Tornadus-Therian, M|100/100
|turn|1
|
|t:|1760827345
|switch|p2a: Great Tusk|Great Tusk|100/100
|-enditem|p2a: Great Tusk|Booster Energy
|-activate|p2a: Great Tusk|ability: Protosynthesis|[fromitem]
|-start|p2a: Great Tusk|protosynthesisspe
|move|p1a: Arcanine|Flare Blitz|p2a: Great Tusk
|-crit|p2a: Great Tusk
|-damage|p2a: Great Tusk|21/100
|
|upkeep
|turn|2
|
|t:|1760827353
|-end|p2a: Great Tusk|Protosynthesis|[silent]
|switch|p2a: Ninetales|Ninetales-Alola, M|100/100
|-weather|Snowscape|[from] ability: Snow Warning|[of] p2a: Ninetales
|switch|p1a: Moltres|Moltres|100/100
|
|-weather|Snowscape|[upkeep]
|upkeep
|turn|3
|
|t:|1760827358
|move|p2a: Ninetales|Aurora Veil|p2a: Ninetales
|-sidestart|p2: fungusphil|move: Aurora Veil
|move|p1a: Moltres|Flamethrower|p2a: Ninetales
|-supereffective|p2a: Ninetales
|-damage|p2a: Ninetales|65/100
|
|-weather|Snowscape|[upkeep]
|upkeep
|turn|4
|
|t:|1760827365
|switch|p2a: Hatterene|Hatterene, F|100/100
|switch|p1a: Arcanine|Arcanine-Hisui, F|100/100
|
|-weather|Snowscape|[upkeep]
|upkeep
|turn|5
|
|t:|1760827371
|move|p1a: Arcanine|Head Smash|p2a: Hatterene
|-damage|p2a: Hatterene|59/100
|move|p2a: Hatterene|Psychic Noise|p1a: Arcanine
|-damage|p1a: Arcanine|59/100
|-start|p1a: Arcanine|move: Heal Block
|
|-weather|Snowscape|[upkeep]
|-heal|p2a: Hatterene|65/100|[from] item: Leftovers
|upkeep
|turn|6
|
|t:|1760827376
|switch|p2a: Great Tusk|Great Tusk|21/100
|move|p1a: Arcanine|Head Smash|p2a: Great Tusk
|-resisted|p2a: Great Tusk
|-damage|p2a: Great Tusk|14/100
|
|-weather|none
|-end|p1a: Arcanine|move: Heal Block
|upkeep
|turn|7
|
|t:|1760827383
|switch|p1a: Moltres|Moltres|100/100
|-end|p2a: Great Tusk|Protosynthesis|[silent]
|switch|p2a: Tornadus|Tornadus-Therian, M|100/100
|
|upkeep
|turn|8
|
|t:|1760827387
|move|p2a: Tornadus|Bleakwind Storm|p1a: Moltres
|-damage|p1a: Moltres|65/100
|-unboost|p1a: Moltres|spe|1
|move|p1a: Moltres|U-turn|p2a: Tornadus
|-resisted|p2a: Tornadus
|-damage|p2a: Tornadus|97/100
|
|t:|1760827396
|switch|p1a: Samurott|Samurott-Hisui, M|100/100|[from] U-turn
|
|upkeep
|turn|9
|
|t:|1760827399
|move|p2a: Tornadus|Bleakwind Storm|p1a: Samurott
|-damage|p1a: Samurott|45/100
|move|p1a: Samurott|Ceaseless Edge|p2a: Tornadus
|-damage|p2a: Tornadus|73/100
|-sidestart|p2: fungusphil|Spikes
|
|upkeep
|turn|10
|
|t:|1760827410
|move|p2a: Tornadus|Bleakwind Storm|p1a: Samurott
|-damage|p1a: Samurott|0 fnt
|faint|p1a: Samurott
|
|-sideend|p2: fungusphil|move: Aurora Veil
|upkeep
|j| doodooballs69
|
|t:|1760827419
|switch|p1a: Arcanine|Arcanine-Hisui, F|59/100
|turn|11
|
|t:|1760827433
|move|p2a: Tornadus|U-turn|p1a: Arcanine
|-resisted|p1a: Arcanine
|-damage|p1a: Arcanine|50/100
|
|t:|1760827435
|switch|p2a: Great Tusk|Great Tusk|14/100|[from] U-turn
|-damage|p2a: Great Tusk|1/100|[from] Spikes
|move|p1a: Arcanine|Flare Blitz|p2a: Great Tusk
|-damage|p2a: Great Tusk|0 fnt
|faint|p2a: Great Tusk
|-end|p2a: Great Tusk|Protosynthesis|[silent]
|
|upkeep
|l| doodooballs69
|
|t:|1760827455
|switch|p2a: Ninetales|Ninetales-Alola, M|65/100
|-damage|p2a: Ninetales|53/100|[from] Spikes
|-weather|Snowscape|[from] ability: Snow Warning|[of] p2a: Ninetales
|turn|12
|
|t:|1760827460
|move|p2a: Ninetales|Aurora Veil|p2a: Ninetales
|-sidestart|p2: fungusphil|move: Aurora Veil
|move|p1a: Arcanine|Flare Blitz|p2a: Ninetales
|-supereffective|p2a: Ninetales
|-damage|p2a: Ninetales|0 fnt
|faint|p2a: Ninetales
|
|-weather|Snowscape|[upkeep]
|upkeep
|
|t:|1760827476
|switch|p2a: Kyur for Wellness|Kyurem|100/100
|-damage|p2a: Kyur for Wellness|88/100|[from] Spikes
|-ability|p2a: Kyur for Wellness|Pressure
|turn|13
|
|t:|1760827490
|switch|p1a: Gholdengo|Gholdengo|100/100
|-item|p1a: Gholdengo|Air Balloon
|move|p2a: Kyur for Wellness|Dragon Dance|p2a: Kyur for Wellness
|-boost|p2a: Kyur for Wellness|atk|1
|-boost|p2a: Kyur for Wellness|spe|1
|
|-weather|Snowscape|[upkeep]
|upkeep
|turn|14
|
|t:|1760827496
|move|p2a: Kyur for Wellness|Icicle Spear|p1a: Gholdengo
|-resisted|p1a: Gholdengo
|-damage|p1a: Gholdengo|92/100
|-enditem|p1a: Gholdengo|Air Balloon
|-resisted|p1a: Gholdengo
|-damage|p1a: Gholdengo|84/100
|-resisted|p1a: Gholdengo
|-damage|p1a: Gholdengo|77/100
|-resisted|p1a: Gholdengo
|-damage|p1a: Gholdengo|69/100
|-resisted|p1a: Gholdengo
|-damage|p1a: Gholdengo|61/100
|-hitcount|p1a: Gholdengo|5
|move|p1a: Gholdengo|Thunder Wave|p2a: Kyur for Wellness
|-status|p2a: Kyur for Wellness|par
|
|-weather|Snowscape|[upkeep]
|upkeep
|turn|15
|inactive|ChaseMaFriend has 120 seconds left.
|
|t:|1760827535
|move|p1a: Gholdengo|Make It Rain|p2a: Kyur for Wellness
|-supereffective|p2a: Kyur for Wellness
|-damage|p2a: Kyur for Wellness|37/100 par
|-unboost|p1a: Gholdengo|spa|1
|cant|p2a: Kyur for Wellness|par
|
|-weather|Snowscape|[upkeep]
|upkeep
|turn|16
|inactive|ChaseMaFriend has 120 seconds left.
|
|t:|1760827556
|switch|p1a: Pecharunt|Pecharunt|100/100
|move|p2a: Kyur for Wellness|Scale Shot|p1a: Pecharunt
|-damage|p1a: Pecharunt|90/100
|-damage|p1a: Pecharunt|79/100
|-damage|p1a: Pecharunt|68/100
|-damage|p1a: Pecharunt|57/100
|-hitcount|p1a: Pecharunt|4
|-unboost|p2a: Kyur for Wellness|def|1
|-boost|p2a: Kyur for Wellness|spe|1
|
|-weather|none
|upkeep
|turn|17
|
|t:|1760827565
|move|p2a: Kyur for Wellness|Icicle Spear|p1a: Pecharunt
|-damage|p1a: Pecharunt|46/100
|-damage|p1a: Pecharunt|37/100
|-damage|p1a: Pecharunt|25/100
|-damage|p1a: Pecharunt|14/100
|-hitcount|p1a: Pecharunt|4
|move|p1a: Pecharunt|Parting Shot|p2a: Kyur for Wellness
|-unboost|p2a: Kyur for Wellness|atk|1
|-unboost|p2a: Kyur for Wellness|spa|1
|
|t:|1760827575
|switch|p1a: Gholdengo|Gholdengo|61/100|[from] Parting Shot
|
|upkeep
|turn|18
|
|t:|1760827593
|cant|p2a: Kyur for Wellness|par
|move|p1a: Gholdengo|Make It Rain|p2a: Kyur for Wellness
|-supereffective|p2a: Kyur for Wellness
|-damage|p2a: Kyur for Wellness|0 fnt
|-unboost|p1a: Gholdengo|spa|1
|faint|p2a: Kyur for Wellness
|
|upkeep
|
|t:|1760827598
|switch|p2a: Tornadus|Tornadus-Therian, M|100/100
|turn|19
|
|t:|1760827603
|move|p2a: Tornadus|Heat Wave|p1a: Gholdengo
|-supereffective|p1a: Gholdengo
|-damage|p1a: Gholdengo|15/100
|move|p1a: Gholdengo|Thunder Wave|p2a: Tornadus
|-status|p2a: Tornadus|par
|
|-sideend|p2: fungusphil|move: Aurora Veil
|upkeep
|turn|20
|
|t:|1760827612
|switch|p1a: Thundurus|Thundurus, M|100/100
|move|p2a: Tornadus|Heat Wave|p1a: Thundurus
|-damage|p1a: Thundurus|69/100
|
|upkeep
|turn|21
|
|t:|1760827617
|switch|p2a: Hatterene|Hatterene, F|65/100
|-damage|p2a: Hatterene|53/100|[from] Spikes
|move|p1a: Thundurus|Thunderbolt|p2a: Hatterene
|-damage|p2a: Hatterene|5/100
|
|-heal|p2a: Hatterene|11/100|[from] item: Leftovers
|upkeep
|turn|22
|
|t:|1760827623
|move|p1a: Thundurus|Thunderbolt|p2a: Hatterene
|-damage|p2a: Hatterene|0 fnt
|faint|p2a: Hatterene
|
|upkeep
|
|t:|1760827626
|switch|p2a: Clint Eatswood|Kingambit, F|100/100
|-damage|p2a: Clint Eatswood|88/100|[from] Spikes
|-activate|p2a: Clint Eatswood|ability: Supreme Overlord
|-start|p2a: Clint Eatswood|fallen4|[silent]
|turn|23
|
|t:|1760827631
|move|p1a: Thundurus|Thunder Wave|p2a: Clint Eatswood
|-hint|Since gen 7, Dark is immune to Prankster moves.
|-immune|p2a: Clint Eatswood
|move|p2a: Clint Eatswood|Swords Dance|p2a: Clint Eatswood
|-boost|p2a: Clint Eatswood|atk|2
|
|-heal|p2a: Clint Eatswood|94/100|[from] item: Leftovers
|upkeep
|turn|24
|
|t:|1760827638
|move|p2a: Clint Eatswood|Sucker Punch|p1a: Thundurus
|-crit|p1a: Thundurus
|-damage|p1a: Thundurus|0 fnt
|faint|p1a: Thundurus
|
|-heal|p2a: Clint Eatswood|100/100|[from] item: Leftovers
|upkeep
|
|t:|1760827644
|switch|p1a: Moltres|Moltres|65/100
|turn|25
|
|t:|1760827650
|-terastallize|p1a: Moltres|Fairy
|-terastallize|p2a: Clint Eatswood|Ghost
|move|p2a: Clint Eatswood|Kowtow Cleave|p1a: Moltres
|-resisted|p1a: Moltres
|-damage|p1a: Moltres|15/100
|move|p1a: Moltres|Roar|p2a: Clint Eatswood
|-end|p2a: Clint Eatswood|fallen4|[silent]
|drag|p2a: Tornadus|Tornadus-Therian, M|100/100 par
|
|upkeep
|turn|26
|
|t:|1760827657
|move|p1a: Moltres|Roost|p1a: Moltres
|-heal|p1a: Moltres|65/100
|move|p2a: Tornadus|Bleakwind Storm|p1a: Moltres
|-damage|p1a: Moltres|27/100
|
|upkeep
|turn|27
|
|t:|1760827660
|move|p1a: Moltres|Roost|p1a: Moltres
|-heal|p1a: Moltres|77/100
|move|p2a: Tornadus|Bleakwind Storm|p1a: Moltres
|-damage|p1a: Moltres|41/100
|
|upkeep
|turn|28
|
|t:|1760827662
|move|p1a: Moltres|Roost|p1a: Moltres
|-heal|p1a: Moltres|91/100
|cant|p2a: Tornadus|par
|
|upkeep
|turn|29
|
|t:|1760827666
|move|p1a: Moltres|Flamethrower|p2a: Tornadus
|-damage|p2a: Tornadus|75/100 par
|move|p2a: Tornadus|Bleakwind Storm|p1a: Moltres
|-damage|p1a: Moltres|55/100
|-unboost|p1a: Moltres|spe|1
|
|upkeep
|turn|30
|
|t:|1760827671
|move|p2a: Tornadus|Bleakwind Storm|p1a: Moltres|[miss]
|-miss|p2a: Tornadus|p1a: Moltres
|move|p1a: Moltres|Flamethrower|p2a: Tornadus
|-damage|p2a: Tornadus|51/100 par
|
|upkeep
|turn|31
|
|t:|1760827686
|switch|p1a: Arcanine|Arcanine-Hisui, F|50/100
|move|p2a: Tornadus|Bleakwind Storm|p1a: Arcanine
|-resisted|p1a: Arcanine
|-damage|p1a: Arcanine|27/100
|
|upkeep
|turn|32
|
|t:|1760827694
|move|p1a: Arcanine|Flare Blitz|p2a: Tornadus
|-crit|p2a: Tornadus
|-damage|p2a: Tornadus|0 fnt
|faint|p2a: Tornadus
|
|upkeep
|
|t:|1760827696
|switch|p2a: Clint Eatswood|Kingambit, F, tera:Ghost|100/100
|-damage|p2a: Clint Eatswood|88/100|[from] Spikes
|-activate|p2a: Clint Eatswood|ability: Supreme Overlord
|-start|p2a: Clint Eatswood|fallen5|[silent]
|turn|33
|
|t:|1760827699
|move|p2a: Clint Eatswood|Sucker Punch|p1a: Arcanine
|-damage|p1a: Arcanine|0 fnt
|faint|p1a: Arcanine
|
|-heal|p2a: Clint Eatswood|94/100|[from] item: Leftovers
|upkeep
|
|t:|1760827703
|switch|p1a: Moltres|Moltres, tera:Fairy|55/100
|turn|34
|
|t:|1760827705
|move|p1a: Moltres|Flamethrower|p2a: Clint Eatswood
|-damage|p2a: Clint Eatswood|53/100
|move|p2a: Clint Eatswood|Iron Head|p1a: Moltres
|-supereffective|p1a: Moltres
|-damage|p1a: Moltres|0 fnt
|faint|p1a: Moltres
|
|-heal|p2a: Clint Eatswood|59/100|[from] item: Leftovers
|upkeep
|
|t:|1760827713
|switch|p1a: Pecharunt|Pecharunt|14/100
|turn|35
|
|t:|1760827715
|move|p1a: Pecharunt|Recover|p1a: Pecharunt
|-heal|p1a: Pecharunt|64/100
|move|p2a: Clint Eatswood|Kowtow Cleave|p1a: Pecharunt
|-supereffective|p1a: Pecharunt
|-damage|p1a: Pecharunt|0 fnt
|faint|p1a: Pecharunt
|
|-heal|p2a: Clint Eatswood|65/100|[from] item: Leftovers
|upkeep
|-message|ChaseMaFriend forfeited.
|
|win|fungusphil
|raw|ChaseMaFriend's rating: 1480 &rarr; <strong>1463</strong><br />(-17 for losing)
|raw|fungusphil's rating: 1540 &rarr; <strong>1557</strong><br />(+17 for winning)
|l|☆ChaseMaFriend
|player|p1|
|l|☆fungusphil
|player|p2|
