|j|☆SuperSayajeans
|j|☆ntj_henri
|t:|1760719773
|gametype|singles
|player|p1|SuperSayajeans|265|1119
|player|p2|ntj_henri|steven|1162
|gen|9
|tier|[Gen 9] OU
|rated|
|rule|HP Percentage Mod: HP is shown in percentages
|rule|Endless Battle Clause: Forcing endless battles is banned
|rule|Species Clause: Limit one of each Pokémon
|rule|OHKO Clause: OHKO moves are banned
|rule|Evasion Items Clause: Evasion items are banned
|rule|Evasion Moves Clause: Evasion moves are banned
|rule|Evasion Abilities Clause: Evasion abilities are banned
|rule|Sleep Moves Clause: Sleep-inducing moves are banned
|clearpoke
|poke|p1|Electivire, M|
|poke|p1|Gyarados, F|
|poke|p1|Blissey, F|
|poke|p1|Hydrapple, F|
|poke|p1|Hitmontop, M|
|poke|p1|Arcanine, M|
|poke|p2|Dondozo, M|
|poke|p2|Zapdos|
|poke|p2|Weavile, F|
|poke|p2|Garchomp, M|
|poke|p2|Iron Valiant|
|poke|p2|Dragapult, M|
|teampreview
|
|t:|1760719782
|teamsize|p1|6
|teamsize|p2|6
|start
|switch|p1a: Hydrapple|Hydrapple, F|100/100
|switch|p2a: Garchomp|Garchomp, M|100/100
|turn|1
|
|t:|1760719790
|move|p1a: Hydrapple|Draco Meteor|p2a: Garchomp
|-supereffective|p2a: Garchomp
|-damage|p2a: Garchomp|2/100
|-unboost|p1a: Hydrapple|spa|2
|move|p2a: Garchomp|Dragon Tail|p1a: Hydrapple
|-supereffective|p1a: Hydrapple
|-damage|p1a: Hydrapple|73/100
|drag|p1a: Electivire|Electivire, M|100/100
|-item|p1a: Electivire|Air Balloon
|
|upkeep
|turn|2
|
|t:|1760719805
|move|p1a: Electivire|Ice Punch|p2a: Garchomp
|-supereffective|p2a: Garchomp
|-damage|p2a: Garchomp|0 fnt
|-damage|p1a: Electivire|88/100|[from] ability: Rough Skin|[of] p2a: Garchomp
|-damage|p1a: Electivire|72/100|[from] item: Rocky Helmet|[of] p2a: Garchomp
|faint|p2a: Garchomp
|
|upkeep
|
|t:|1760719815
|switch|p2a: Dragapult|Dragapult, M|100/100
|turn|3
|
|t:|1760719822
|switch|p1a: Blissey|Blissey, F|100/100
|move|p2a: Dragapult|Shadow Ball|p1a: Blissey
|-immune|p1a: Blissey
|
|upkeep
|turn|4
|
|t:|1760719830
|switch|p2a: Dondozo|Dondozo, M|100/100
|move|p1a: Blissey|Stealth Rock|p2a: Dondozo
|-sidestart|p2: ntj_henri|move: Stealth Rock
|
|upkeep
|turn|5
|
|t:|1760719842
|switch|p1a: Hydrapple|Hydrapple, F|100/100
|move|p2a: Dondozo|Waterfall|p1a: Hydrapple
|-resisted|p1a: Hydrapple
|-damage|p1a: Hydrapple|96/100
|
|upkeep
|turn|6
|
|t:|1760719857
|switch|p2a: Iron Valiant|Iron Valiant|100/100
|-damage|p2a: Iron Valiant|94/100|[from] Stealth Rock
|-enditem|p2a: Iron Valiant|Booster Energy
|-activate|p2a: Iron Valiant|ability: Quark Drive|[fromitem]
|-start|p2a: Iron Valiant|quarkdrivespe
|move|p1a: Hydrapple|Giga Drain|p2a: Iron Valiant
|-damage|p2a: Iron Valiant|37/100
|-heal|p1a: Hydrapple|100/100|[from] drain|[of] p2a: Iron Valiant
|
|upkeep
|turn|7
|
|t:|1760719881
|-terastallize|p1a: Hydrapple|Water
|move|p2a: Iron Valiant|Moonblast|p1a: Hydrapple
|-damage|p1a: Hydrapple|71/100
|move|p1a: Hydrapple|Hydro Pump|p2a: Iron Valiant
|-damage|p2a: Iron Valiant|0 fnt
|faint|p2a: Iron Valiant
|-end|p2a: Iron Valiant|Quark Drive|[silent]
|
|upkeep
|
|t:|1760719891
|switch|p2a: Zapdos|Zapdos|100/100
|turn|8
|
|t:|1760719898
|switch|p1a: Blissey|Blissey, F|100/100
|move|p2a: Zapdos|Thunderbolt|p1a: Blissey
|-damage|p1a: Blissey|87/100
|
|-heal|p1a: Blissey|93/100|[from] item: Leftovers
|upkeep
|turn|9
|
|t:|1760719907
|move|p2a: Zapdos|U-turn|p1a: Blissey
|-damage|p1a: Blissey|82/100
|
|t:|1760719911
|switch|p2a: Weavile|Weavile, F|100/100|[from] U-turn
|-ability|p2a: Weavile|Pressure
|move|p1a: Blissey|Seismic Toss|p2a: Weavile
|-damage|p2a: Weavile|65/100
|
|-heal|p1a: Blissey|88/100|[from] item: Leftovers
|upkeep
|turn|10
|
|t:|1760719924
|switch|p1a: Arcanine|Arcanine, M|100/100
|-ability|p1a: Arcanine|Intimidate|boost
|-unboost|p2a: Weavile|atk|1
|move|p2a: Weavile|Low Kick|p1a: Arcanine
|-damage|p1a: Arcanine|85/100
|-damage|p2a: Weavile|49/100|[from] item: Rocky Helmet|[of] p1a: Arcanine
|
|upkeep
|turn|11
|
|t:|1760719946
|switch|p2a: Dondozo|Dondozo, M|100/100
|-damage|p2a: Dondozo|88/100|[from] Stealth Rock
|move|p1a: Arcanine|Roar|p2a: Dondozo
|drag|p2a: Weavile|Weavile, F|49/100
|-ability|p2a: Weavile|Pressure
|
|upkeep
|turn|12
|
|t:|1760719960
|move|p2a: Weavile|Knock Off|p1a: Arcanine
|-crit|p1a: Arcanine
|-damage|p1a: Arcanine|33/100
|-damage|p2a: Weavile|32/100|[from] item: Rocky Helmet|[of] p1a: Arcanine
|-enditem|p1a: Arcanine|Rocky Helmet|[from] move: Knock Off|[of] p2a: Weavile
|move|p1a: Arcanine|Will-O-Wisp|p2a: Weavile
|-status|p2a: Weavile|brn
|
|-damage|p2a: Weavile|26/100 brn|[from] brn
|upkeep
|turn|13
|
|t:|1760719971
|move|p2a: Weavile|Knock Off|p1a: Arcanine
|-damage|p1a: Arcanine|21/100
|move|p1a: Arcanine|Morning Sun|p1a: Arcanine
|-heal|p1a: Arcanine|71/100
|
|-damage|p2a: Weavile|20/100 brn|[from] brn
|upkeep
|turn|14
|
|t:|1760719980
|move|p2a: Weavile|Swords Dance|p2a: Weavile
|-boost|p2a: Weavile|atk|2
|move|p1a: Arcanine|Morning Sun|p1a: Arcanine
|-heal|p1a: Arcanine|100/100
|
|-damage|p2a: Weavile|14/100 brn|[from] brn
|upkeep
|turn|15
|
|t:|1760719990
|move|p2a: Weavile|Knock Off|p1a: Arcanine
|-damage|p1a: Arcanine|78/100
|move|p1a: Arcanine|Roar|p2a: Weavile
|drag|p2a: Dondozo|Dondozo, M|88/100
|-damage|p2a: Dondozo|75/100|[from] Stealth Rock
|
|-heal|p2a: Dondozo|82/100|[from] item: Leftovers
|upkeep
|turn|16
|
|t:|1760720006
|move|p1a: Arcanine|Will-O-Wisp|p2a: Dondozo
|-status|p2a: Dondozo|brn
|move|p2a: Dondozo|Waterfall|p1a: Arcanine
|-supereffective|p1a: Arcanine
|-damage|p1a: Arcanine|57/100
|
|-heal|p2a: Dondozo|88/100 brn|[from] item: Leftovers
|-damage|p2a: Dondozo|82/100 brn|[from] brn
|upkeep
|turn|17
|
|t:|1760720020
|switch|p1a: Gyarados|Gyarados, F|100/100
|-ability|p1a: Gyarados|Intimidate|boost
|-unboost|p2a: Dondozo|atk|1
|move|p2a: Dondozo|Waterfall|p1a: Gyarados
|-resisted|p1a: Gyarados
|-damage|p1a: Gyarados|96/100
|
|-heal|p1a: Gyarados|100/100|[from] item: Leftovers
|-heal|p2a: Dondozo|88/100 brn|[from] item: Leftovers
|-damage|p2a: Dondozo|82/100 brn|[from] brn
|upkeep
|turn|18
|
|t:|1760720032
|move|p1a: Gyarados|Dragon Dance|p1a: Gyarados
|-boost|p1a: Gyarados|atk|1
|-boost|p1a: Gyarados|spe|1
|move|p2a: Dondozo|Curse|p2a: Dondozo
|-unboost|p2a: Dondozo|spe|1
|-boost|p2a: Dondozo|atk|1
|-boost|p2a: Dondozo|def|1
|
|-heal|p2a: Dondozo|88/100 brn|[from] item: Leftovers
|-damage|p2a: Dondozo|82/100 brn|[from] brn
|upkeep
|turn|19
|
|t:|1760720048
|switch|p2a: Zapdos|Zapdos|100/100
|move|p1a: Gyarados|Dragon Dance|p1a: Gyarados
|-boost|p1a: Gyarados|atk|1
|-boost|p1a: Gyarados|spe|1
|
|upkeep
|turn|20
|
|t:|1760720057
|move|p1a: Gyarados|Waterfall|p2a: Zapdos
|-damage|p2a: Zapdos|52/100
|-status|p1a: Gyarados|par|[from] ability: Static|[of] p2a: Zapdos
|move|p2a: Zapdos|Thunderbolt|p1a: Gyarados
|-supereffective|p1a: Gyarados
|-damage|p1a: Gyarados|0 fnt
|faint|p1a: Gyarados
|
|upkeep
|
|t:|1760720068
|switch|p1a: Hydrapple|Hydrapple, F, tera:Water|100/100
|turn|21
|
|t:|1760720081
|move|p2a: Zapdos|Thunderbolt|p1a: Hydrapple
|-supereffective|p1a: Hydrapple
|-damage|p1a: Hydrapple|54/100
|move|p1a: Hydrapple|Hydro Pump|p2a: Zapdos|[miss]
|-miss|p1a: Hydrapple|p2a: Zapdos
|
|upkeep
|turn|22
|
|t:|1760720089
|move|p2a: Zapdos|Thunderbolt|p1a: Hydrapple
|-supereffective|p1a: Hydrapple
|-crit|p1a: Hydrapple
|-damage|p1a: Hydrapple|0 fnt
|faint|p1a: Hydrapple
|
|upkeep
|
|t:|1760720095
|switch|p1a: Blissey|Blissey, F|88/100
|turn|23
|
|t:|1760720101
|move|p2a: Zapdos|Thunderbolt|p1a: Blissey
|-damage|p1a: Blissey|75/100
|move|p1a: Blissey|Seismic Toss|p2a: Zapdos
|-damage|p2a: Zapdos|26/100
|
|-heal|p1a: Blissey|81/100|[from] item: Leftovers
|upkeep
|turn|24
|
|t:|1760720111
|move|p2a: Zapdos|Roost|p2a: Zapdos
|-heal|p2a: Zapdos|76/100
|-singleturn|p2a: Zapdos|move: Roost
|move|p1a: Blissey|Seismic Toss|p2a: Zapdos
|-damage|p2a: Zapdos|50/100
|
|-heal|p1a: Blissey|87/100|[from] item: Leftovers
|upkeep
|turn|25
|
|t:|1760720123
|move|p2a: Zapdos|U-turn|p1a: Blissey
|-damage|p1a: Blissey|76/100
|
|t:|1760720125
|switch|p2a: Dragapult|Dragapult, M|100/100|[from] U-turn
|-damage|p2a: Dragapult|88/100|[from] Stealth Rock
|move|p1a: Blissey|Seismic Toss|p2a: Dragapult
|-immune|p2a: Dragapult
|
|-heal|p1a: Blissey|82/100|[from] item: Leftovers
|upkeep
|turn|26
|
|t:|1760720136
|-terastallize|p2a: Dragapult|Dragon
|move|p2a: Dragapult|Draco Meteor|p1a: Blissey
|-damage|p1a: Blissey|39/100
|-unboost|p2a: Dragapult|spa|2
|move|p1a: Blissey|Shadow Ball|p2a: Dragapult
|-damage|p2a: Dragapult|69/100
|
|-heal|p1a: Blissey|45/100|[from] item: Leftovers
|upkeep
|turn|27
|
|t:|1760720148
|move|p2a: Dragapult|Draco Meteor|p1a: Blissey
|-damage|p1a: Blissey|24/100
|-unboost|p2a: Dragapult|spa|2
|move|p1a: Blissey|Soft-Boiled|p1a: Blissey
|-heal|p1a: Blissey|74/100
|
|-heal|p1a: Blissey|80/100|[from] item: Leftovers
|upkeep
|turn|28
|
|t:|1760720159
|switch|p2a: Dondozo|Dondozo, M|82/100 brn
|-damage|p2a: Dondozo|69/100 brn|[from] Stealth Rock
|move|p1a: Blissey|Seismic Toss|p2a: Dondozo
|-damage|p2a: Dondozo|49/100 brn
|
|-heal|p1a: Blissey|86/100|[from] item: Leftovers
|-heal|p2a: Dondozo|55/100 brn|[from] item: Leftovers
|-damage|p2a: Dondozo|49/100 brn|[from] brn
|upkeep
|turn|29
|
|t:|1760720179
|switch|p1a: Electivire|Electivire, M|72/100
|-item|p1a: Electivire|Air Balloon
|move|p2a: Dondozo|Rest|p2a: Dondozo
|-status|p2a: Dondozo|slp|[from] move: Rest
|-heal|p2a: Dondozo|100/100 slp|[silent]
|
|upkeep
|turn|30
|
|t:|1760720188
|move|p1a: Electivire|Bulk Up|p1a: Electivire
|-boost|p1a: Electivire|atk|1
|-boost|p1a: Electivire|def|1
|cant|p2a: Dondozo|slp
|move|p2a: Dondozo|Sleep Talk|p2a: Dondozo
|move|p2a: Dondozo|Rest||[from] move: Sleep Talk|[still]
|-fail|p2a: Dondozo
|
|upkeep
|turn|31
|
|t:|1760720199
|switch|p2a: Dragapult|Dragapult, M, tera:Dragon|69/100
|-damage|p2a: Dragapult|57/100|[from] Stealth Rock
|move|p1a: Electivire|Bulk Up|p1a: Electivire
|-boost|p1a: Electivire|atk|1
|-boost|p1a: Electivire|def|1
|
|upkeep
|turn|32
|
|t:|1760720208
|move|p2a: Dragapult|Draco Meteor|p1a: Electivire
|-damage|p1a: Electivire|0 fnt
|-unboost|p2a: Dragapult|spa|2
|-enditem|p1a: Electivire|Air Balloon
|faint|p1a: Electivire
|
|upkeep
|
|t:|1760720229
|switch|p1a: Hitmontop|Hitmontop, M|100/100
|-ability|p1a: Hitmontop|Intimidate|boost
|-unboost|p2a: Dragapult|atk|1
|turn|33
|
|t:|1760720242
|switch|p2a: Zapdos|Zapdos|50/100
|move|p1a: Hitmontop|Earthquake|p2a: Zapdos
|-immune|p2a: Zapdos
|
|upkeep
|turn|34
|
|t:|1760720249
|move|p2a: Zapdos|Hurricane|p1a: Hitmontop|[miss]
|-miss|p2a: Zapdos|p1a: Hitmontop
|move|p1a: Hitmontop|Ice Spinner|p2a: Zapdos
|-supereffective|p2a: Zapdos
|-damage|p2a: Zapdos|13/100
|-status|p1a: Hitmontop|par|[from] ability: Static|[of] p2a: Zapdos
|
|upkeep
|turn|35
|
|t:|1760720261
|move|p2a: Zapdos|Hurricane|p1a: Hitmontop
|-supereffective|p1a: Hitmontop
|-damage|p1a: Hitmontop|4/100 par
|-start|p1a: Hitmontop|confusion
|-activate|p1a: Hitmontop|confusion
|-damage|p1a: Hitmontop|0 fnt|[from] confusion
|faint|p1a: Hitmontop
|
|upkeep
|
|t:|1760720270
|switch|p1a: Arcanine|Arcanine, M|57/100
|-ability|p1a: Arcanine|Intimidate|boost
|-unboost|p2a: Zapdos|atk|1
|turn|36
|
|t:|1760720278
|move|p2a: Zapdos|Roost|p2a: Zapdos
|-heal|p2a: Zapdos|63/100
|-singleturn|p2a: Zapdos|move: Roost
|move|p1a: Arcanine|Morning Sun|p1a: Arcanine
|-heal|p1a: Arcanine|100/100
|
|upkeep
|turn|37
|
|t:|1760720286
|move|p2a: Zapdos|Thunderbolt|p1a: Arcanine
|-damage|p1a: Arcanine|58/100
|move|p1a: Arcanine|Fire Blast|p2a: Zapdos
|-damage|p2a: Zapdos|27/100
|
|upkeep
|turn|38
|
|t:|1760720293
|move|p2a: Zapdos|Thunderbolt|p1a: Arcanine
|-damage|p1a: Arcanine|21/100
|-status|p1a: Arcanine|par
|move|p1a: Arcanine|Fire Blast|p2a: Zapdos
|-damage|p2a: Zapdos|0 fnt
|faint|p2a: Zapdos
|
|upkeep
|
|t:|1760720303
|switch|p2a: Weavile|Weavile, F|14/100 brn
|-ability|p2a: Weavile|Pressure
|turn|39
|
|t:|1760720308
|move|p2a: Weavile|Knock Off|p1a: Arcanine
|-damage|p1a: Arcanine|9/100 par
|move|p1a: Arcanine|Morning Sun|p1a: Arcanine
|-heal|p1a: Arcanine|59/100 par
|
|-damage|p2a: Weavile|8/100 brn|[from] brn
|upkeep
|turn|40
|
|t:|1760720317
|move|p2a: Weavile|Knock Off|p1a: Arcanine
|-damage|p1a: Arcanine|47/100 par
|move|p1a: Arcanine|Morning Sun|p1a: Arcanine
|-heal|p1a: Arcanine|97/100 par
|
|-damage|p2a: Weavile|2/100 brn|[from] brn
|upkeep
|turn|41
|
|t:|1760720335
|move|p2a: Weavile|Low Kick|p1a: Arcanine
|-damage|p1a: Arcanine|84/100 par
|move|p1a: Arcanine|Fire Blast|p2a: Weavile
|-supereffective|p2a: Weavile
|-damage|p2a: Weavile|0 fnt
|faint|p2a: Weavile
|
|upkeep
|
|t:|1760720344
|switch|p2a: Dragapult|Dragapult, M, tera:Dragon|57/100
|-damage|p2a: Dragapult|45/100|[from] Stealth Rock
|turn|42
|
|t:|1760720349
|switch|p1a: Blissey|Blissey, F|86/100
|move|p2a: Dragapult|Draco Meteor|p1a: Blissey
|-damage|p1a: Blissey|45/100
|-unboost|p2a: Dragapult|spa|2
|
|-heal|p1a: Blissey|51/100|[from] item: Leftovers
|upkeep
|turn|43
|
|t:|1760720365
|switch|p2a: Dondozo|Dondozo, M|100/100 slp
|-damage|p2a: Dondozo|88/100 slp|[from] Stealth Rock
|move|p1a: Blissey|Shadow Ball|p2a: Dondozo
|-damage|p2a: Dondozo|75/100 slp
|
|-heal|p1a: Blissey|57/100|[from] item: Leftovers
|-heal|p2a: Dondozo|81/100 slp|[from] item: Leftovers
|upkeep
|turn|44
|
|t:|1760720375
|move|p1a: Blissey|Shadow Ball|p2a: Dondozo
|-damage|p2a: Dondozo|68/100 slp
|cant|p2a: Dondozo|slp
|move|p2a: Dondozo|Sleep Talk|p2a: Dondozo
|move|p2a: Dondozo|Rest||[from] move: Sleep Talk|[still]
|-fail|p2a: Dondozo
|
|-heal|p1a: Blissey|63/100|[from] item: Leftovers
|-heal|p2a: Dondozo|74/100 slp|[from] item: Leftovers
|upkeep
|turn|45
|
|t:|1760720392
|switch|p1a: Arcanine|Arcanine, M|84/100 par
|-ability|p1a: Arcanine|Intimidate|boost
|-unboost|p2a: Dondozo|atk|1
|-curestatus|p2a: Dondozo|slp|[msg]
|move|p2a: Dondozo|Waterfall|p1a: Arcanine
|-supereffective|p1a: Arcanine
|-damage|p1a: Arcanine|55/100 par
|
|-heal|p2a: Dondozo|80/100|[from] item: Leftovers
|upkeep
|turn|46
|
|t:|1760720403
|move|p2a: Dondozo|Waterfall|p1a: Arcanine
|-supereffective|p1a: Arcanine
|-damage|p1a: Arcanine|28/100 par
|cant|p1a: Arcanine|par
|
|-heal|p2a: Dondozo|87/100|[from] item: Leftovers
|upkeep
|turn|47
|
|t:|1760720411
|move|p2a: Dondozo|Waterfall|p1a: Arcanine
|-supereffective|p1a: Arcanine
|-damage|p1a: Arcanine|1/100 par
|move|p1a: Arcanine|Morning Sun|p1a: Arcanine
|-heal|p1a: Arcanine|51/100 par
|
|-heal|p2a: Dondozo|93/100|[from] item: Leftovers
|upkeep
|turn|48
|
|t:|1760720422
|move|p2a: Dondozo|Curse|p2a: Dondozo
|-unboost|p2a: Dondozo|spe|1
|-boost|p2a: Dondozo|atk|1
|-boost|p2a: Dondozo|def|1
|move|p1a: Arcanine|Roar|p2a: Dondozo
|drag|p2a: Dragapult|Dragapult, M, tera:Dragon|45/100
|-damage|p2a: Dragapult|32/100|[from] Stealth Rock
|
|upkeep
|turn|49
|
|t:|1760720432
|switch|p1a: Blissey|Blissey, F|63/100
|move|p2a: Dragapult|Draco Meteor|p1a: Blissey
|-damage|p1a: Blissey|20/100
|-unboost|p2a: Dragapult|spa|2
|
|-heal|p1a: Blissey|26/100|[from] item: Leftovers
|upkeep
|turn|50
|
|t:|1760720441
|move|p2a: Dragapult|Draco Meteor|p1a: Blissey
|-damage|p1a: Blissey|5/100
|-unboost|p2a: Dragapult|spa|2
|move|p1a: Blissey|Soft-Boiled|p1a: Blissey
|-heal|p1a: Blissey|55/100
|
|-heal|p1a: Blissey|62/100|[from] item: Leftovers
|upkeep
|turn|51
|
|t:|1760720451
|switch|p2a: Dondozo|Dondozo, M|93/100
|-damage|p2a: Dondozo|80/100|[from] Stealth Rock
|move|p1a: Blissey|Seismic Toss|p2a: Dondozo
|-damage|p2a: Dondozo|60/100
|
|-heal|p1a: Blissey|68/100|[from] item: Leftovers
|-heal|p2a: Dondozo|67/100|[from] item: Leftovers
|upkeep
|turn|52
|
|t:|1760720460
|switch|p1a: Arcanine|Arcanine, M|51/100 par
|-ability|p1a: Arcanine|Intimidate|boost
|-unboost|p2a: Dondozo|atk|1
|move|p2a: Dondozo|Curse|p2a: Dondozo
|-unboost|p2a: Dondozo|spe|1
|-boost|p2a: Dondozo|atk|1
|-boost|p2a: Dondozo|def|1
|
|-heal|p2a: Dondozo|73/100|[from] item: Leftovers
|upkeep
|turn|53
|
|t:|1760720472
|move|p2a: Dondozo|Waterfall|p1a: Arcanine
|-supereffective|p1a: Arcanine
|-damage|p1a: Arcanine|8/100 par
|move|p1a: Arcanine|Roar|p2a: Dondozo
|drag|p2a: Dragapult|Dragapult, M, tera:Dragon|32/100
|-damage|p2a: Dragapult|20/100|[from] Stealth Rock
|
|upkeep
|turn|54
|
|t:|1760720483
|switch|p1a: Blissey|Blissey, F|68/100
|move|p2a: Dragapult|U-turn|p1a: Blissey
|-damage|p1a: Blissey|54/100
|
|t:|1760720488
|switch|p2a: Dondozo|Dondozo, M|73/100|[from] U-turn
|-damage|p2a: Dondozo|60/100|[from] Stealth Rock
|
|-heal|p1a: Blissey|60/100|[from] item: Leftovers
|-heal|p2a: Dondozo|66/100|[from] item: Leftovers
|upkeep
|turn|55
|
|t:|1760720498
|move|p1a: Blissey|Shadow Ball|p2a: Dondozo
|-damage|p2a: Dondozo|53/100
|move|p2a: Dondozo|Waterfall|p1a: Blissey
|-crit|p1a: Blissey
|-damage|p1a: Blissey|24/100
|
|-heal|p1a: Blissey|30/100|[from] item: Leftovers
|-heal|p2a: Dondozo|60/100|[from] item: Leftovers
|upkeep
|turn|56
|
|t:|1760720507
|move|p1a: Blissey|Soft-Boiled|p1a: Blissey
|-heal|p1a: Blissey|80/100
|move|p2a: Dondozo|Waterfall|p1a: Blissey
|-damage|p1a: Blissey|56/100
|
|-heal|p1a: Blissey|62/100|[from] item: Leftovers
|-heal|p2a: Dondozo|66/100|[from] item: Leftovers
|upkeep
|turn|57
|
|t:|1760720516
|move|p1a: Blissey|Shadow Ball|p2a: Dondozo
|-damage|p2a: Dondozo|51/100
|-unboost|p2a: Dondozo|spd|1
|move|p2a: Dondozo|Waterfall|p1a: Blissey
|-damage|p1a: Blissey|38/100
|
|-heal|p1a: Blissey|44/100|[from] item: Leftovers
|-heal|p2a: Dondozo|58/100|[from] item: Leftovers
|upkeep
|turn|58
|
|t:|1760720528
|move|p1a: Blissey|Shadow Ball|p2a: Dondozo
|-damage|p2a: Dondozo|37/100
|move|p2a: Dondozo|Waterfall|p1a: Blissey
|-damage|p1a: Blissey|22/100
|
|-heal|p1a: Blissey|28/100|[from] item: Leftovers
|-heal|p2a: Dondozo|43/100|[from] item: Leftovers
|upkeep
|turn|59
|
|t:|1760720537
|move|p1a: Blissey|Soft-Boiled|p1a: Blissey
|-heal|p1a: Blissey|78/100
|move|p2a: Dondozo|Curse|p2a: Dondozo
|-unboost|p2a: Dondozo|spe|1
|-boost|p2a: Dondozo|atk|1
|-boost|p2a: Dondozo|def|1
|
|-heal|p1a: Blissey|84/100|[from] item: Leftovers
|-heal|p2a: Dondozo|49/100|[from] item: Leftovers
|upkeep
|turn|60
|
|t:|1760720546
|move|p1a: Blissey|Shadow Ball|p2a: Dondozo
|-damage|p2a: Dondozo|30/100
|move|p2a: Dondozo|Waterfall|p1a: Blissey
|-crit|p1a: Blissey
|-damage|p1a: Blissey|31/100
|
|-heal|p1a: Blissey|37/100|[from] item: Leftovers
|-heal|p2a: Dondozo|36/100|[from] item: Leftovers
|upkeep
|turn|61
|
|t:|1760720563
|move|p1a: Blissey|Shadow Ball|p2a: Dondozo
|-damage|p2a: Dondozo|14/100
|move|p2a: Dondozo|Waterfall|p1a: Blissey
|-damage|p1a: Blissey|1/100
|
|-heal|p1a: Blissey|8/100|[from] item: Leftovers
|-heal|p2a: Dondozo|20/100|[from] item: Leftovers
|upkeep
|turn|62
|
|t:|1760720573
|move|p1a: Blissey|Shadow Ball|p2a: Dondozo
|-damage|p2a: Dondozo|0 fnt
|faint|p2a: Dondozo
|
|-heal|p1a: Blissey|14/100|[from] item: Leftovers
|upkeep
|
|t:|1760720580
|switch|p2a: Dragapult|Dragapult, M, tera:Dragon|20/100
|-damage|p2a: Dragapult|8/100|[from] Stealth Rock
|turn|63
|
|t:|1760720585
|switch|p1a: Arcanine|Arcanine, M|8/100 par
|-ability|p1a: Arcanine|Intimidate|boost
|-unboost|p2a: Dragapult|atk|1
|move|p2a: Dragapult|Draco Meteor|p1a: Arcanine
|-damage|p1a: Arcanine|0 fnt
|-unboost|p2a: Dragapult|spa|2
|faint|p1a: Arcanine
|
|upkeep
|
|t:|1760720593
|switch|p1a: Blissey|Blissey, F|14/100
|turn|64
|
|t:|1760720598
|move|p2a: Dragapult|Draco Meteor|p1a: Blissey
|-damage|p1a: Blissey|0 fnt
|-unboost|p2a: Dragapult|spa|2
|faint|p1a: Blissey
|
|win|ntj_henri
|raw|SuperSayajeans's rating: 1119 &rarr; <strong>1097</strong><br />(-22 for losing)
|raw|ntj_henri's rating: 1162 &rarr; <strong>1184</strong><br />(+22 for winning)
|l|☆SuperSayajeans
|player|p1|
