|j|☆ash ketchum 536
|j|☆MistaBrooklyn
|t:|1760742359
|gametype|singles
|player|p1|ash ketchum 536|266|1081
|player|p2|MistaBrooklyn|170|1043
|gen|9
|tier|[Gen 9] OU
|rated|
|rule|HP Percentage Mod: HP is shown in percentages
|rule|Endless Battle Clause: Forcing endless battles is banned
|rule|Species Clause: Limit one of each Pokémon
|rule|OHKO Clause: OHKO moves are banned
|rule|Evasion Items Clause: Evasion items are banned
|rule|Evasion Moves Clause: Evasion moves are banned
|rule|Evasion Abilities Clause: Evasion abilities are banned
|rule|Sleep Moves Clause: Sleep-inducing moves are banned
|clearpoke
|poke|p1|Gliscor, M|
|poke|p1|Blissey, F|
|poke|p1|Toxapex, F|
|poke|p1|Clodsire, M|
|poke|p1|Corviknight, F|
|poke|p1|Dondozo, F|
|poke|p2|Dragonite, F|
|poke|p2|Zamazenta-*|
|poke|p2|Landorus-Therian, M|
|poke|p2|Gholdengo|
|poke|p2|Darkrai|
|poke|p2|Hatterene, F|
|teampreview
|
|t:|1760742376
|teamsize|p1|6
|teamsize|p2|6
|start
|switch|p1a: Blissey|Blissey, F|100/100
|switch|p2a: Landorus|Landorus-Therian, M|100/100
|-ability|p2a: Landorus|Intimidate|boost
|-unboost|p1a: Blissey|atk|1
|turn|1
|inactive|Battle timer is ON: inactive players will automatically lose when time's up. (requested by MistaBrooklyn)
|
|t:|1760742387
|move|p2a: Landorus|Taunt|p1a: Blissey
|-start|p1a: Blissey|move: Taunt
|cant|p1a: Blissey|move: Taunt|Stealth Rock
|
|upkeep
|turn|2
|
|t:|1760742408
|switch|p1a: Toxapex|Toxapex, F|100/100
|move|p2a: Landorus|Stealth Rock|p1a: Toxapex
|-sidestart|p1: ash ketchum 536|move: Stealth Rock
|
|upkeep
|turn|3
|
|t:|1760742417
|move|p2a: Landorus|Taunt|p1a: Toxapex
|-start|p1a: Toxapex|move: Taunt
|move|p1a: Toxapex|Infestation|p2a: Landorus
|-resisted|p2a: Landorus
|-damage|p2a: Landorus|99/100
|-activate|p2a: Landorus|move: Infestation|[of] p1a: Toxapex
|-damage|p1a: Toxapex|84/100|[from] item: Rocky Helmet|[of] p2a: Landorus
|
|-damage|p2a: Landorus|87/100|[from] move: Infestation|[partiallytrapped]
|upkeep
|turn|4
|
|t:|1760742428
|move|p2a: Landorus|U-turn|p1a: Toxapex
|-resisted|p1a: Toxapex
|-damage|p1a: Toxapex|76/100
|
|t:|1760742447
|switch|p2a: Zamazenta|Zamazenta|100/100|[from] U-turn
|-ability|p2a: Zamazenta|Dauntless Shield|boost
|-boost|p2a: Zamazenta|def|1
|move|p1a: Toxapex|Infestation|p2a: Zamazenta
|-resisted|p2a: Zamazenta
|-damage|p2a: Zamazenta|99/100
|-activate|p2a: Zamazenta|move: Infestation|[of] p1a: Toxapex
|
|-heal|p2a: Zamazenta|100/100|[from] item: Leftovers
|-damage|p2a: Zamazenta|88/100|[from] move: Infestation|[partiallytrapped]
|upkeep
|turn|5
|
|t:|1760742461
|switch|p1a: Dondozo|Dondozo, F|100/100
|-damage|p1a: Dondozo|88/100|[from] Stealth Rock
|move|p2a: Zamazenta|Iron Defense|p2a: Zamazenta
|-boost|p2a: Zamazenta|def|2
|
|-heal|p2a: Zamazenta|94/100|[from] item: Leftovers
|-heal|p1a: Dondozo|94/100|[from] item: Leftovers
|-end|p2a: Zamazenta|Infestation|[partiallytrapped]|[silent]
|upkeep
|turn|6
|
|t:|1760742470
|move|p2a: Zamazenta|Body Press|p1a: Dondozo
|-damage|p1a: Dondozo|79/100
|move|p1a: Dondozo|Body Press|p2a: Zamazenta
|-damage|p2a: Zamazenta|72/100
|
|-heal|p2a: Zamazenta|78/100|[from] item: Leftovers
|-heal|p1a: Dondozo|85/100|[from] item: Leftovers
|upkeep
|turn|7
|
|t:|1760742482
|switch|p1a: Corviknight|Corviknight, F|100/100
|-damage|p1a: Corviknight|88/100|[from] Stealth Rock
|-ability|p1a: Corviknight|Pressure
|move|p2a: Zamazenta|Roar|p1a: Corviknight
|drag|p1a: Gliscor|Gliscor, M|100/100
|-damage|p1a: Gliscor|88/100|[from] Stealth Rock
|
|-heal|p2a: Zamazenta|84/100|[from] item: Leftovers
|-status|p1a: Gliscor|tox|[from] item: Toxic Orb
|upkeep
|turn|8
|
|t:|1760742494
|move|p2a: Zamazenta|Iron Defense|p2a: Zamazenta
|-boost|p2a: Zamazenta|def|2
|move|p1a: Gliscor|Toxic|p2a: Zamazenta|[miss]
|-miss|p1a: Gliscor|p2a: Zamazenta
|
|-heal|p2a: Zamazenta|90/100|[from] item: Leftovers
|-heal|p1a: Gliscor|100/100 tox|[from] ability: Poison Heal
|upkeep
|turn|9
|
|t:|1760742507
|move|p2a: Zamazenta|Iron Defense|p2a: Zamazenta
|-boost|p2a: Zamazenta|def|1
|move|p1a: Gliscor|Toxic|p2a: Zamazenta
|-status|p2a: Zamazenta|tox
|
|-heal|p2a: Zamazenta|96/100 tox|[from] item: Leftovers
|-damage|p2a: Zamazenta|90/100 tox|[from] psn
|upkeep
|turn|10
|
|t:|1760742516
|move|p2a: Zamazenta|Body Press|p1a: Gliscor
|-resisted|p1a: Gliscor
|-damage|p1a: Gliscor|65/100 tox
|move|p1a: Gliscor|Spikes|p2a: Zamazenta
|-sidestart|p2: MistaBrooklyn|Spikes
|
|-heal|p2a: Zamazenta|96/100 tox|[from] item: Leftovers
|-damage|p2a: Zamazenta|84/100 tox|[from] psn
|-heal|p1a: Gliscor|77/100 tox|[from] ability: Poison Heal
|upkeep
|turn|11
|
|t:|1760742526
|move|p1a: Gliscor|Protect|p1a: Gliscor
|-singleturn|p1a: Gliscor|Protect
|move|p2a: Zamazenta|Roar|p1a: Gliscor
|drag|p1a: Clodsire|Clodsire, M|100/100
|
|-heal|p2a: Zamazenta|90/100 tox|[from] item: Leftovers
|-damage|p2a: Zamazenta|72/100 tox|[from] psn
|upkeep
|turn|12
|
|t:|1760742535
|move|p2a: Zamazenta|Body Press|p1a: Clodsire
|-resisted|p1a: Clodsire
|-damage|p1a: Clodsire|82/100
|move|p1a: Clodsire|Spikes|p2a: Zamazenta
|-sidestart|p2: MistaBrooklyn|Spikes
|
|-heal|p2a: Zamazenta|78/100 tox|[from] item: Leftovers
|-damage|p2a: Zamazenta|53/100 tox|[from] psn
|upkeep
|turn|13
|
|t:|1760742545
|move|p1a: Clodsire|Spikes|p2a: Zamazenta
|-sidestart|p2: MistaBrooklyn|Spikes
|move|p2a: Zamazenta|Roar|p1a: Clodsire
|drag|p1a: Corviknight|Corviknight, F|88/100
|-damage|p1a: Corviknight|76/100|[from] Stealth Rock
|-ability|p1a: Corviknight|Pressure
|
|-heal|p2a: Zamazenta|59/100 tox|[from] item: Leftovers
|-heal|p1a: Corviknight|82/100|[from] item: Leftovers
|-damage|p2a: Zamazenta|28/100 tox|[from] psn
|upkeep
|turn|14
|
|t:|1760742556
|move|p2a: Zamazenta|Body Press|p1a: Corviknight
|-damage|p1a: Corviknight|5/100
|move|p1a: Corviknight|Defog|p2a: Zamazenta
|-unboost|p2a: Zamazenta|evasion|1
|-sideend|p2: MistaBrooklyn|Spikes|[from] move: Defog|[of] p1a: Corviknight
|-sideend|p1: ash ketchum 536|Stealth Rock|[from] move: Defog|[of] p1a: Corviknight
|
|-heal|p2a: Zamazenta|35/100 tox|[from] item: Leftovers
|-heal|p1a: Corviknight|11/100|[from] item: Leftovers
|-damage|p2a: Zamazenta|0 fnt|[from] psn
|faint|p2a: Zamazenta
|upkeep
|
|t:|1760742580
|switch|p2a: Gholdengo|Gholdengo|100/100
|turn|15
|
|t:|1760742589
|move|p2a: Gholdengo|Nasty Plot|p2a: Gholdengo
|-boost|p2a: Gholdengo|spa|2
|move|p1a: Corviknight|Roost|p1a: Corviknight
|-heal|p1a: Corviknight|61/100
|-singleturn|p1a: Corviknight|move: Roost
|
|-heal|p1a: Corviknight|67/100|[from] item: Leftovers
|upkeep
|turn|16
|
|t:|1760742606
|switch|p1a: Clodsire|Clodsire, M|82/100
|move|p2a: Gholdengo|Thunderbolt|p1a: Clodsire
|-immune|p1a: Clodsire
|
|upkeep
|turn|17
|
|t:|1760742612
|move|p2a: Gholdengo|Make It Rain|p1a: Clodsire
|-crit|p1a: Clodsire
|-damage|p1a: Clodsire|20/100
|-unboost|p2a: Gholdengo|spa|1
|move|p1a: Clodsire|Toxic|p2a: Gholdengo
|-immune|p2a: Gholdengo|[from] ability: Good as Gold
|
|upkeep
|turn|18
|
|t:|1760742622
|move|p2a: Gholdengo|Make It Rain|p1a: Clodsire
|-crit|p1a: Clodsire
|-damage|p1a: Clodsire|0 fnt
|-unboost|p2a: Gholdengo|spa|1
|faint|p1a: Clodsire
|
|upkeep
|
|t:|1760742630
|switch|p1a: Dondozo|Dondozo, F|85/100
|turn|19
|
|t:|1760742635
|move|p2a: Gholdengo|Nasty Plot|p2a: Gholdengo
|-boost|p2a: Gholdengo|spa|2
|move|p1a: Dondozo|Body Press|p2a: Gholdengo
|-immune|p2a: Gholdengo
|
|-heal|p1a: Dondozo|92/100|[from] item: Leftovers
|upkeep
|turn|20
|
|t:|1760742652
|switch|p1a: Gliscor|Gliscor, M|77/100 tox
|move|p2a: Gholdengo|Thunderbolt|p1a: Gliscor
|-immune|p1a: Gliscor
|
|-heal|p1a: Gliscor|90/100 tox|[from] ability: Poison Heal
|upkeep
|turn|21
|
|t:|1760742663
|switch|p2a: Landorus|Landorus-Therian, M|87/100
|-ability|p2a: Landorus|Intimidate|boost
|-unboost|p1a: Gliscor|atk|1
|move|p1a: Gliscor|Earthquake|p2a: Landorus
|-immune|p2a: Landorus
|
|-heal|p1a: Gliscor|100/100 tox|[from] ability: Poison Heal
|upkeep
|turn|22
|
|t:|1760742673
|move|p2a: Landorus|Taunt|p1a: Gliscor
|-start|p1a: Gliscor|move: Taunt
|cant|p1a: Gliscor|move: Taunt|Toxic
|
|upkeep
|turn|23
|
|t:|1760742681
|switch|p1a: Dondozo|Dondozo, F|92/100
|move|p2a: Landorus|Stealth Rock|p1a: Dondozo
|-sidestart|p1: ash ketchum 536|move: Stealth Rock
|
|-heal|p1a: Dondozo|98/100|[from] item: Leftovers
|upkeep
|turn|24
|
|t:|1760742692
|switch|p1a: Toxapex|Toxapex, F|100/100
|move|p2a: Landorus|U-turn|p1a: Toxapex
|-resisted|p1a: Toxapex
|-damage|p1a: Toxapex|92/100
|
|t:|1760742701
|switch|p2a: Dragonite|Dragonite, F|100/100|[from] U-turn
|
|upkeep
|turn|25
|
|t:|1760742713
|move|p2a: Dragonite|Dragon Dance|p2a: Dragonite
|-boost|p2a: Dragonite|atk|1
|-boost|p2a: Dragonite|spe|1
|move|p1a: Toxapex|Infestation|p2a: Dragonite
|-resisted|p2a: Dragonite
|-damage|p2a: Dragonite|99/100
|-activate|p2a: Dragonite|move: Infestation|[of] p1a: Toxapex
|
|-damage|p2a: Dragonite|87/100|[from] move: Infestation|[partiallytrapped]
|upkeep
|turn|26
|
|t:|1760742721
|move|p2a: Dragonite|Dragon Dance|p2a: Dragonite
|-boost|p2a: Dragonite|atk|1
|-boost|p2a: Dragonite|spe|1
|move|p1a: Toxapex|Haze|p1a: Toxapex
|-clearallboost
|
|-damage|p2a: Dragonite|75/100|[from] move: Infestation|[partiallytrapped]
|upkeep
|turn|27
|
|t:|1760742728
|move|p2a: Dragonite|Dragon Dance|p2a: Dragonite
|-boost|p2a: Dragonite|atk|1
|-boost|p2a: Dragonite|spe|1
|move|p1a: Toxapex|Toxic|p2a: Dragonite
|-status|p2a: Dragonite|tox
|-enditem|p2a: Dragonite|Lum Berry|[eat]
|-curestatus|p2a: Dragonite|tox|[msg]
|
|-damage|p2a: Dragonite|63/100|[from] move: Infestation|[partiallytrapped]
|upkeep
|turn|28
|
|t:|1760742738
|move|p2a: Dragonite|Earthquake|p1a: Toxapex
|-supereffective|p1a: Toxapex
|-damage|p1a: Toxapex|18/100
|move|p1a: Toxapex|Haze|p1a: Toxapex
|-clearallboost
|
|-damage|p2a: Dragonite|50/100|[from] move: Infestation|[partiallytrapped]
|upkeep
|turn|29
|
|t:|1760742745
|move|p2a: Dragonite|Dragon Dance|p2a: Dragonite
|-boost|p2a: Dragonite|atk|1
|-boost|p2a: Dragonite|spe|1
|move|p1a: Toxapex|Recover|p1a: Toxapex
|-heal|p1a: Toxapex|68/100
|
|-end|p2a: Dragonite|Infestation|[partiallytrapped]
|upkeep
|turn|30
|
|t:|1760742755
|move|p2a: Dragonite|Earthquake|p1a: Toxapex
|-supereffective|p1a: Toxapex
|-damage|p1a: Toxapex|0 fnt
|faint|p1a: Toxapex
|
|upkeep
|
|t:|1760742761
|switch|p1a: Gliscor|Gliscor, M|100/100 tox
|-damage|p1a: Gliscor|88/100 tox|[from] Stealth Rock
|turn|31
|
|t:|1760742768
|move|p2a: Dragonite|Dragon Dance|p2a: Dragonite
|-boost|p2a: Dragonite|atk|1
|-boost|p2a: Dragonite|spe|1
|move|p1a: Gliscor|Toxic|p2a: Dragonite|[miss]
|-miss|p1a: Gliscor|p2a: Dragonite
|
|-heal|p1a: Gliscor|100/100 tox|[from] ability: Poison Heal
|upkeep
|turn|32
|
|t:|1760742775
|move|p2a: Dragonite|Dragon Claw|p1a: Gliscor
|-crit|p1a: Gliscor
|-damage|p1a: Gliscor|24/100 tox
|move|p1a: Gliscor|Toxic|p2a: Dragonite
|-status|p2a: Dragonite|tox
|
|-damage|p2a: Dragonite|44/100 tox|[from] psn
|-heal|p1a: Gliscor|37/100 tox|[from] ability: Poison Heal
|upkeep
|turn|33
|
|t:|1760742784
|move|p1a: Gliscor|Protect|p1a: Gliscor
|-singleturn|p1a: Gliscor|Protect
|move|p2a: Dragonite|Dragon Dance|p2a: Dragonite
|-boost|p2a: Dragonite|atk|1
|-boost|p2a: Dragonite|spe|1
|
|-damage|p2a: Dragonite|32/100 tox|[from] psn
|-heal|p1a: Gliscor|49/100 tox|[from] ability: Poison Heal
|upkeep
|turn|34
|
|t:|1760742794
|switch|p1a: Blissey|Blissey, F|100/100
|-damage|p1a: Blissey|88/100|[from] Stealth Rock
|move|p2a: Dragonite|Dragon Claw|p1a: Blissey
|-damage|p1a: Blissey|0 fnt
|faint|p1a: Blissey
|
|-damage|p2a: Dragonite|13/100 tox|[from] psn
|upkeep
|
|t:|1760742804
|switch|p1a: Gliscor|Gliscor, M|49/100 tox
|-damage|p1a: Gliscor|37/100 tox|[from] Stealth Rock
|turn|35
|
|t:|1760742808
|move|p1a: Gliscor|Protect|p1a: Gliscor
|-singleturn|p1a: Gliscor|Protect
|move|p2a: Dragonite|Dragon Dance|p2a: Dragonite
|-boost|p2a: Dragonite|atk|1
|-boost|p2a: Dragonite|spe|1
|
|-damage|p2a: Dragonite|0 fnt|[from] psn
|faint|p2a: Dragonite
|-heal|p1a: Gliscor|49/100 tox|[from] ability: Poison Heal
|upkeep
|
|t:|1760742812
|switch|p2a: Hatterene|Hatterene, F|100/100
|turn|36
|
|t:|1760742823
|move|p1a: Gliscor|Toxic|p2a: Hatterene
|move|p2a: Hatterene|Toxic|p1a: Gliscor|[from] ability: Magic Bounce
|-fail|p1a: Gliscor|tox
|move|p2a: Hatterene|Psychic Noise|p1a: Gliscor
|-damage|p1a: Gliscor|5/100 tox
|-start|p1a: Gliscor|move: Heal Block
|
|upkeep
|turn|37
|
|t:|1760742834
|switch|p1a: Dondozo|Dondozo, F|98/100
|-damage|p1a: Dondozo|85/100|[from] Stealth Rock
|move|p2a: Hatterene|Draining Kiss|p1a: Dondozo
|-damage|p1a: Dondozo|62/100
|
|-heal|p1a: Dondozo|68/100|[from] item: Leftovers
|upkeep
|turn|38
|
|t:|1760742844
|move|p2a: Hatterene|Psychic Noise|p1a: Dondozo
|-damage|p1a: Dondozo|33/100
|-start|p1a: Dondozo|move: Heal Block
|move|p1a: Dondozo|Curse|p1a: Dondozo
|-unboost|p1a: Dondozo|spe|1
|-boost|p1a: Dondozo|atk|1
|-boost|p1a: Dondozo|def|1
|
|upkeep
|turn|39
|
|t:|1760742855
|switch|p1a: Corviknight|Corviknight, F|67/100
|-damage|p1a: Corviknight|55/100|[from] Stealth Rock
|-ability|p1a: Corviknight|Pressure
|move|p2a: Hatterene|Psychic Noise|p1a: Corviknight
|-resisted|p1a: Corviknight
|-damage|p1a: Corviknight|37/100
|-start|p1a: Corviknight|move: Heal Block
|
|upkeep
|turn|40
|
|t:|1760742865
|move|p1a: Corviknight|Body Press|p2a: Hatterene
|-resisted|p2a: Hatterene
|-damage|p2a: Hatterene|94/100
|move|p2a: Hatterene|Mystical Fire|p1a: Corviknight
|-supereffective|p1a: Corviknight
|-damage|p1a: Corviknight|0 fnt
|faint|p1a: Corviknight
|
|upkeep
|
|t:|1760742874
|switch|p1a: Dondozo|Dondozo, F|33/100
|-damage|p1a: Dondozo|21/100|[from] Stealth Rock
|turn|41
|
|t:|1760742879
|move|p2a: Hatterene|Psychic Noise|p1a: Dondozo
|-damage|p1a: Dondozo|0 fnt
|faint|p1a: Dondozo
|
|upkeep
|
|t:|1760742884
|switch|p1a: Gliscor|Gliscor, M|5/100 tox
|-damage|p1a: Gliscor|0 fnt|[from] Stealth Rock
|faint|p1a: Gliscor
|
|win|MistaBrooklyn
|raw|ash ketchum 536's rating: 1081 &rarr; <strong>1056</strong><br />(-25 for losing)
|raw|MistaBrooklyn's rating: 1043 &rarr; <strong>1080</strong><br />(+37 for winning)
|l|☆MistaBrooklyn
|player|p2|
