|j|☆blabab
|j|☆Freshly Served Ls
|t:|1760718576
|gametype|singles
|player|p1|blabab|miku-ground|1361
|player|p2|Freshly Served Ls|maid|1357
|gen|9
|tier|[Gen 9] OU
|rated|
|rule|HP Percentage Mod: HP is shown in percentages
|rule|Endless Battle Clause: Forcing endless battles is banned
|rule|Species Clause: Limit one of each Pokémon
|rule|OHKO Clause: OHKO moves are banned
|rule|Evasion Items Clause: Evasion items are banned
|rule|Evasion Moves Clause: Evasion moves are banned
|rule|Evasion Abilities Clause: Evasion abilities are banned
|rule|Sleep Moves Clause: Sleep-inducing moves are banned
|clearpoke
|poke|p1|Blaziken, F|
|poke|p1|Ninetales, M|
|poke|p1|Coalossal, F|
|poke|p1|Leafeon, F|
|poke|p1|Hatterene, F|
|poke|p1|Enamorus, F|
|poke|p2|Hoopa-Unbound|
|poke|p2|Moltres|
|poke|p2|Landorus-Therian, M|
|poke|p2|Zamazenta-*|
|poke|p2|Corviknight, F|
|poke|p2|Dragapult, M|
|teampreview
|inactive|Battle timer is ON: inactive players will automatically lose when time's up. (requested by blabab)
|
|t:|1760718598
|teamsize|p1|6
|teamsize|p2|6
|start
|switch|p1a: Ninetales|Ninetales, M|100/100
|switch|p2a: Landorus|Landorus-Therian, M|100/100
|-weather|SunnyDay|[from] ability: Drought|[of] p1a: Ninetales
|-ability|p2a: Landorus|Intimidate|boost
|-unboost|p1a: Ninetales|atk|1
|turn|1
|
|t:|1760718601
|move|p1a: Ninetales|Will-O-Wisp|p2a: Landorus
|-status|p2a: Landorus|brn
|move|p2a: Landorus|Stealth Rock|p1a: Ninetales
|-sidestart|p1: blabab|move: Stealth Rock
|
|-weather|SunnyDay|[upkeep]
|-damage|p2a: Landorus|94/100 brn|[from] brn
|upkeep
|turn|2
|
|t:|1760718609
|move|p1a: Ninetales|Overheat|p2a: Landorus
|-damage|p2a: Landorus|32/100 brn
|-unboost|p1a: Ninetales|spa|2
|move|p2a: Landorus|Earth Power|p1a: Ninetales
|-supereffective|p1a: Ninetales
|-damage|p1a: Ninetales|42/100
|-unboost|p1a: Ninetales|spd|1
|
|-weather|SunnyDay|[upkeep]
|-damage|p2a: Landorus|26/100 brn|[from] brn
|upkeep
|turn|3
|
|t:|1760718614
|switch|p1a: Coalossal|Coalossal, F|100/100
|-damage|p1a: Coalossal|75/100|[from] Stealth Rock
|-item|p1a: Coalossal|Air Balloon
|switch|p2a: Moltres|Moltres|100/100
|
|-weather|SunnyDay|[upkeep]
|upkeep
|turn|4
|
|t:|1760718617
|move|p2a: Moltres|U-turn|p1a: Coalossal
|-resisted|p1a: Coalossal
|-damage|p1a: Coalossal|71/100
|-enditem|p1a: Coalossal|Air Balloon
|
|t:|1760718619
|switch|p2a: Landorus|Landorus-Therian, M|26/100 brn|[from] U-turn
|-ability|p2a: Landorus|Intimidate|boost
|-unboost|p1a: Coalossal|atk|1
|move|p1a: Coalossal|Rapid Spin|p2a: Landorus
|-damage|p2a: Landorus|20/100 brn
|-boost|p1a: Coalossal|spe|1
|-damage|p1a: Coalossal|55/100|[from] item: Rocky Helmet|[of] p2a: Landorus
|-sideend|p1: blabab|Stealth Rock|[from] move: Rapid Spin|[of] p1a: Coalossal
|
|-weather|SunnyDay|[upkeep]
|-damage|p2a: Landorus|14/100 brn|[from] brn
|upkeep
|turn|5
|
|t:|1760718627
|move|p2a: Landorus|Stealth Rock|p1a: Coalossal
|-sidestart|p1: blabab|move: Stealth Rock
|move|p1a: Coalossal|Power Gem|p2a: Landorus
|-damage|p2a: Landorus|0 fnt
|faint|p2a: Landorus
|
|-weather|SunnyDay|[upkeep]
|upkeep
|
|t:|1760718644
|switch|p2a: Zamazenta|Zamazenta|100/100
|-ability|p2a: Zamazenta|Dauntless Shield|boost
|-boost|p2a: Zamazenta|def|1
|turn|6
|
|t:|1760718647
|move|p2a: Zamazenta|Body Press|p1a: Coalossal
|-supereffective|p1a: Coalossal
|-damage|p1a: Coalossal|0 fnt
|faint|p1a: Coalossal
|
|-weather|SunnyDay|[upkeep]
|upkeep
|
|t:|1760718668
|switch|p1a: Hatterene|Hatterene, F|100/100
|-damage|p1a: Hatterene|88/100|[from] Stealth Rock
|turn|7
|
|t:|1760718677
|switch|p2a: Corviknight|Corviknight, F|100/100
|-ability|p2a: Corviknight|Pressure
|move|p1a: Hatterene|Nuzzle|p2a: Corviknight
|-supereffective|p2a: Corviknight
|-damage|p2a: Corviknight|94/100
|-status|p2a: Corviknight|par
|-damage|p1a: Hatterene|72/100|[from] item: Rocky Helmet|[of] p2a: Corviknight
|
|-weather|SunnyDay|[upkeep]
|upkeep
|turn|8
|
|t:|1760718689
|move|p1a: Hatterene|Psychic Noise|p2a: Corviknight
|-resisted|p2a: Corviknight
|-damage|p2a: Corviknight|80/100 par
|-start|p2a: Corviknight|move: Heal Block
|move|p2a: Corviknight|U-turn|p1a: Hatterene
|-damage|p1a: Hatterene|57/100
|
|t:|1760718699
|switch|p2a: Moltres|Moltres|100/100|[from] U-turn
|
|-weather|none
|upkeep
|turn|9
|
|t:|1760718703
|move|p2a: Moltres|Flamethrower|p1a: Hatterene
|-damage|p1a: Hatterene|32/100
|move|p1a: Hatterene|Nuzzle|p2a: Moltres
|-supereffective|p2a: Moltres
|-damage|p2a: Moltres|95/100
|-status|p2a: Moltres|par
|-status|p1a: Hatterene|brn|[from] ability: Flame Body|[of] p2a: Moltres
|
|-damage|p1a: Hatterene|26/100 brn|[from] brn
|upkeep
|turn|10
|
|t:|1760718710
|cant|p2a: Moltres|par
|move|p1a: Hatterene|Psychic Noise|p2a: Moltres
|-damage|p2a: Moltres|60/100 par
|-start|p2a: Moltres|move: Heal Block
|
|-damage|p1a: Hatterene|20/100 brn|[from] brn
|upkeep
|turn|11
|
|t:|1760718716
|cant|p2a: Moltres|par
|move|p1a: Hatterene|Psychic Noise|p2a: Moltres
|-damage|p2a: Moltres|25/100 par
|
|-damage|p1a: Hatterene|14/100 brn|[from] brn
|-end|p2a: Moltres|move: Heal Block
|upkeep
|turn|12
|
|t:|1760718720
|move|p2a: Moltres|Roost|p2a: Moltres
|-heal|p2a: Moltres|75/100 par
|-singleturn|p2a: Moltres|move: Roost
|move|p1a: Hatterene|Psychic Noise|p2a: Moltres
|-damage|p2a: Moltres|35/100 par
|-start|p2a: Moltres|move: Heal Block
|
|-damage|p1a: Hatterene|8/100 brn|[from] brn
|upkeep
|turn|13
|
|t:|1760718724
|move|p2a: Moltres|U-turn|p1a: Hatterene
|-damage|p1a: Hatterene|0 fnt
|faint|p1a: Hatterene
|
|t:|1760718729
|switch|p2a: Dragapult|Dragapult, M|100/100|[from] U-turn
|
|upkeep
|
|t:|1760718737
|switch|p1a: Ninetales|Ninetales, M|42/100
|-damage|p1a: Ninetales|17/100|[from] Stealth Rock
|-weather|SunnyDay|[from] ability: Drought|[of] p1a: Ninetales
|turn|14
|
|t:|1760718742
|switch|p1a: Leafeon|Leafeon, F|100/100
|-damage|p1a: Leafeon|88/100|[from] Stealth Rock
|move|p2a: Dragapult|Hex|p1a: Leafeon
|-damage|p1a: Leafeon|44/100
|
|-weather|SunnyDay|[upkeep]
|upkeep
|turn|15
|
|t:|1760718749
|switch|p2a: Zamazenta|Zamazenta|100/100
|move|p1a: Leafeon|Knock Off|p2a: Zamazenta
|-resisted|p2a: Zamazenta
|-damage|p2a: Zamazenta|81/100
|-enditem|p2a: Zamazenta|Leftovers|[from] move: Knock Off|[of] p1a: Leafeon
|
|-weather|SunnyDay|[upkeep]
|upkeep
|turn|16
|
|t:|1760718754
|switch|p1a: Enamorus|Enamorus, F|100/100
|-damage|p1a: Enamorus|76/100|[from] Stealth Rock
|move|p2a: Zamazenta|Iron Defense|p2a: Zamazenta
|-boost|p2a: Zamazenta|def|2
|
|-weather|SunnyDay|[upkeep]
|upkeep
|turn|17
|
|t:|1760718766
|-terastallize|p2a: Zamazenta|Fire
|move|p1a: Enamorus|Weather Ball|p2a: Zamazenta
|-resisted|p2a: Zamazenta
|-damage|p2a: Zamazenta|59/100
|move|p2a: Zamazenta|Roar|p1a: Enamorus
|drag|p1a: Blaziken|Blaziken, F|100/100
|-damage|p1a: Blaziken|88/100|[from] Stealth Rock
|
|-weather|SunnyDay|[upkeep]
|upkeep
|turn|18
|
|t:|1760718775
|move|p2a: Zamazenta|Body Press|p1a: Blaziken
|-damage|p1a: Blaziken|0 fnt
|faint|p1a: Blaziken
|
|-weather|SunnyDay|[upkeep]
|upkeep
|-message|blabab forfeited.
|
|win|Freshly Served Ls
|raw|blabab's rating: 1361 &rarr; <strong>1341</strong><br />(-20 for losing)
|raw|Freshly Served Ls's rating: 1357 &rarr; <strong>1377</strong><br />(+20 for winning)
|l|☆blabab
|player|p1|
|l|☆Freshly Served Ls
|player|p2|
