|j|☆Magcla
|j|☆woodchucknorris24
|t:|1760849261
|gametype|singles
|player|p1|Magcla|may-masters2|1564
|player|p2|woodchucknorris24|clown|1552
|gen|9
|tier|[Gen 9] OU
|rated|
|rule|HP Percentage Mod: HP is shown in percentages
|rule|Endless Battle Clause: Forcing endless battles is banned
|rule|Species Clause: Limit one of each Pokémon
|rule|OHKO Clause: OHKO moves are banned
|rule|Evasion Items Clause: Evasion items are banned
|rule|Evasion Moves Clause: Evasion moves are banned
|rule|Evasion Abilities Clause: Evasion abilities are banned
|rule|Sleep Moves Clause: Sleep-inducing moves are banned
|clearpoke
|poke|p1|Clefable, F|
|poke|p1|Blaziken, M|
|poke|p1|Comfey, F|
|poke|p1|Gholdengo|
|poke|p1|Great Tusk|
|poke|p1|Weavile, M|
|poke|p2|Chesnaught, F|
|poke|p2|Great Tusk|
|poke|p2|Rotom-Wash|
|poke|p2|Slowking-Galar, M|
|poke|p2|Weavile, M|
|poke|p2|Primarina, F|
|teampreview
|inactive|Battle timer is ON: inactive players will automatically lose when time's up. (requested by woodchucknorris24)
|inactive|woodchucknorris24 has 120 seconds left.
|
|t:|1760849306
|teamsize|p1|6
|teamsize|p2|6
|start
|switch|p1a: Gholdengo|Gholdengo|100/100
|switch|p2a: Primarina|Primarina, F|100/100
|turn|1
|
|t:|1760849320
|move|p1a: Gholdengo|Trick|p2a: Primarina
|-activate|p1a: Gholdengo|move: Trick|[of] p2a: Primarina
|-item|p2a: Primarina|Choice Scarf|[from] move: Trick
|-item|p1a: Gholdengo|Assault Vest|[from] move: Trick
|move|p2a: Primarina|Psychic Noise|p1a: Gholdengo
|-damage|p1a: Gholdengo|70/100
|-start|p1a: Gholdengo|move: Heal Block
|
|upkeep
|turn|2
|
|t:|1760849329
|move|p2a: Primarina|Psychic Noise|p1a: Gholdengo
|-damage|p1a: Gholdengo|34/100
|move|p1a: Gholdengo|Shadow Ball|p2a: Primarina
|-damage|p2a: Primarina|63/100
|
|-end|p1a: Gholdengo|move: Heal Block
|upkeep
|turn|3
|
|t:|1760849334
|move|p2a: Primarina|Psychic Noise|p1a: Gholdengo
|-damage|p1a: Gholdengo|2/100
|-start|p1a: Gholdengo|move: Heal Block
|move|p1a: Gholdengo|Make It Rain|p2a: Primarina
|-damage|p2a: Primarina|0 fnt
|-unboost|p1a: Gholdengo|spa|1
|faint|p2a: Primarina
|
|upkeep
|
|t:|1760849359
|switch|p2a: Great Tusk|Great Tusk|100/100
|turn|4
|
|t:|1760849364
|move|p2a: Great Tusk|Ice Spinner|p1a: Gholdengo
|-resisted|p1a: Gholdengo
|-damage|p1a: Gholdengo|0 fnt
|faint|p1a: Gholdengo
|
|upkeep
|
|t:|1760849369
|switch|p1a: Weavile|Weavile, M|100/100
|-ability|p1a: Weavile|Pressure
|turn|5
|
|t:|1760849374
|-end|p2a: Great Tusk|Protosynthesis|[silent]
|switch|p2a: Rotom|Rotom-Wash|100/100
|move|p1a: Weavile|Triple Axel|p2a: Rotom
|-resisted|p2a: Rotom
|-damage|p2a: Rotom|96/100
|-resisted|p2a: Rotom
|-damage|p2a: Rotom|88/100
|-resisted|p2a: Rotom
|-damage|p2a: Rotom|77/100
|-hitcount|p2a: Rotom|3
|
|-heal|p2a: Rotom|84/100|[from] item: Leftovers
|upkeep
|turn|6
|
|t:|1760849381
|move|p1a: Weavile|Knock Off|p2a: Rotom
|-damage|p2a: Rotom|46/100
|-enditem|p2a: Rotom|Leftovers|[from] move: Knock Off|[of] p1a: Weavile
|move|p2a: Rotom|Will-O-Wisp|p1a: Weavile
|-status|p1a: Weavile|brn
|
|-damage|p1a: Weavile|94/100 brn|[from] brn
|upkeep
|turn|7
|
|t:|1760849387
|switch|p1a: Clefable|Clefable, F|100/100
|move|p2a: Rotom|Pain Split|p1a: Clefable
|-sethp|p1a: Clefable|68/100|[from] move: Pain Split|[silent]
|-sethp|p2a: Rotom|88/100|[from] move: Pain Split
|
|upkeep
|turn|8
|
|t:|1760849393
|move|p2a: Rotom|Volt Switch|p1a: Clefable
|-damage|p1a: Clefable|49/100
|
|t:|1760849397
|switch|p2a: Slowking|Slowking-Galar, M|100/100|[from] Volt Switch
|move|p1a: Clefable|Light Screen|p1a: Clefable
|-sidestart|p1: Magcla|move: Light Screen
|
|upkeep
|turn|9
|
|t:|1760849408
|move|p1a: Clefable|Reflect|p1a: Clefable
|-sidestart|p1: Magcla|Reflect
|move|p2a: Slowking|Sludge Bomb|p1a: Clefable
|-supereffective|p1a: Clefable
|-damage|p1a: Clefable|22/100
|
|upkeep
|turn|10
|
|t:|1760849412
|move|p1a: Clefable|Knock Off|p2a: Slowking
|-supereffective|p2a: Slowking
|-damage|p2a: Slowking|67/100
|-enditem|p2a: Slowking|Heavy-Duty Boots|[from] move: Knock Off|[of] p1a: Clefable
|move|p2a: Slowking|Sludge Bomb|p1a: Clefable
|-supereffective|p1a: Clefable
|-damage|p1a: Clefable|0 fnt
|faint|p1a: Clefable
|
|upkeep
|
|t:|1760849427
|switch|p1a: Blaziken|Blaziken, M|100/100
|turn|11
|
|t:|1760849446
|move|p1a: Blaziken|Swords Dance|p1a: Blaziken
|-boost|p1a: Blaziken|atk|2
|move|p2a: Slowking|Thunder Wave|p1a: Blaziken
|-status|p1a: Blaziken|par
|
|-ability|p1a: Blaziken|Speed Boost|boost
|-boost|p1a: Blaziken|spe|1
|upkeep
|turn|12
|
|t:|1760849451
|move|p1a: Blaziken|Knock Off|p2a: Slowking
|-supereffective|p2a: Slowking
|-damage|p2a: Slowking|0 fnt
|faint|p2a: Slowking
|
|-ability|p1a: Blaziken|Speed Boost|boost
|-boost|p1a: Blaziken|spe|1
|upkeep
|
|t:|1760849457
|switch|p2a: Great Tusk|Great Tusk|100/100
|turn|13
|
|t:|1760849459
|move|p2a: Great Tusk|Headlong Rush|p1a: Blaziken
|-supereffective|p1a: Blaziken
|-damage|p1a: Blaziken|12/100 par
|-unboost|p2a: Great Tusk|def|1
|-unboost|p2a: Great Tusk|spd|1
|-enditem|p1a: Blaziken|Aguav Berry|[eat]
|-heal|p1a: Blaziken|45/100 par|[from] item: Aguav Berry
|move|p1a: Blaziken|Flare Blitz|p2a: Great Tusk
|-damage|p2a: Great Tusk|0 fnt
|faint|p2a: Great Tusk
|-end|p2a: Great Tusk|Protosynthesis|[silent]
|-damage|p1a: Blaziken|4/100 par|[from] Recoil
|
|-ability|p1a: Blaziken|Speed Boost|boost
|-boost|p1a: Blaziken|spe|1
|upkeep
|
|t:|1760849462
|switch|p2a: Weavile|Weavile, M|100/100
|-ability|p2a: Weavile|Pressure
|turn|14
|
|t:|1760849464
|move|p2a: Weavile|Ice Shard|p1a: Blaziken
|-resisted|p1a: Blaziken
|-damage|p1a: Blaziken|0 fnt
|faint|p1a: Blaziken
|
|upkeep
|
|t:|1760849470
|switch|p1a: Comfey|Comfey, F|100/100
|turn|15
|
|t:|1760849479
|move|p2a: Weavile|Swords Dance|p2a: Weavile
|-boost|p2a: Weavile|atk|2
|move|p1a: Comfey|Calm Mind|p1a: Comfey
|-boost|p1a: Comfey|spa|1
|-boost|p1a: Comfey|spd|1
|
|-sideend|p1: Magcla|move: Light Screen
|upkeep
|turn|16
|
|t:|1760849484
|-terastallize|p2a: Weavile|Ice
|move|p1a: Comfey|Draining Kiss|p2a: Weavile
|-damage|p2a: Weavile|39/100
|-damage|p1a: Comfey|91/100|[from] item: Life Orb
|move|p2a: Weavile|Triple Axel|p1a: Comfey
|-damage|p1a: Comfey|75/100
|-damage|p1a: Comfey|43/100
|-damage|p1a: Comfey|0 fnt
|faint|p1a: Comfey
|-hitcount|p1: Comfey|3
|
|-sideend|p1: Magcla|Reflect
|upkeep
|
|t:|1760849492
|switch|p1a: Weavile|Weavile, M|94/100 brn
|-ability|p1a: Weavile|Pressure
|turn|17
|
|t:|1760849498
|move|p1a: Weavile|Low Kick|p2a: Weavile
|-supereffective|p2a: Weavile
|-damage|p2a: Weavile|8/100
|move|p2a: Weavile|Triple Axel|p1a: Weavile
|-resisted|p1a: Weavile
|-crit|p1a: Weavile
|-damage|p1a: Weavile|62/100 brn
|-resisted|p1a: Weavile
|-damage|p1a: Weavile|14/100 brn
|-resisted|p1a: Weavile
|-damage|p1a: Weavile|0 fnt
|faint|p1a: Weavile
|-hitcount|p1: Weavile|3
|
|upkeep
|
|t:|1760849501
|switch|p1a: Great Tusk|Great Tusk|100/100
|-enditem|p1a: Great Tusk|Booster Energy
|-activate|p1a: Great Tusk|ability: Protosynthesis|[fromitem]
|-start|p1a: Great Tusk|protosynthesisatk
|turn|18
|
|t:|1760849507
|-terastallize|p1a: Great Tusk|Water
|move|p2a: Weavile|Triple Axel|p1a: Great Tusk
|-resisted|p1a: Great Tusk
|-damage|p1a: Great Tusk|90/100
|-hitcount|p1a: Great Tusk|1
|move|p1a: Great Tusk|Rapid Spin|p2a: Weavile
|-damage|p2a: Weavile|0 fnt
|-boost|p1a: Great Tusk|spe|1
|faint|p2a: Weavile
|
|upkeep
|
|t:|1760849511
|switch|p2a: Rotom|Rotom-Wash|88/100
|turn|19
|
|t:|1760849516
|move|p1a: Great Tusk|Close Combat|p2a: Rotom
|-damage|p2a: Rotom|25/100
|-unboost|p1a: Great Tusk|def|1
|-unboost|p1a: Great Tusk|spd|1
|move|p2a: Rotom|Will-O-Wisp|p1a: Great Tusk
|-status|p1a: Great Tusk|brn
|
|-damage|p1a: Great Tusk|84/100 brn|[from] brn
|upkeep
|turn|20
|-message|Magcla forfeited.
|
|win|woodchucknorris24
|raw|Magcla's rating: 1564 &rarr; <strong>1543</strong><br />(-21 for losing)
|raw|woodchucknorris24's rating: 1552 &rarr; <strong>1573</strong><br />(+21 for winning)
|l|☆Magcla
|player|p1|
|l|☆woodchucknorris24
|player|p2|
