|j|☆NoFishNoLife
|j|☆cchang21
|t:|1760778329
|gametype|singles
|player|p1|NoFishNoLife|fisherman-gen4|1264
|player|p2|cchang21|emmet|1299
|gen|9
|tier|[Gen 9] OU
|rated|
|rule|HP Percentage Mod: HP is shown in percentages
|rule|Endless Battle Clause: Forcing endless battles is banned
|rule|Species Clause: Limit one of each Pokémon
|rule|OHKO Clause: OHKO moves are banned
|rule|Evasion Items Clause: Evasion items are banned
|rule|Evasion Moves Clause: Evasion moves are banned
|rule|Evasion Abilities Clause: Evasion abilities are banned
|rule|Sleep Moves Clause: Sleep-inducing moves are banned
|clearpoke
|poke|p1|Volcanion|
|poke|p1|Rabsca, F|
|poke|p1|Ditto|
|poke|p1|Clefable, F|
|poke|p1|Cloyster, M|
|poke|p1|Landorus-Therian, M|
|poke|p2|Garchomp, M|
|poke|p2|Darkrai|
|poke|p2|Gholdengo|
|poke|p2|Ogerpon-Wellspring, F|
|poke|p2|Iron Valiant|
|poke|p2|Iron Treads|
|teampreview
|inactive|Battle timer is ON: inactive players will automatically lose when time's up. (requested by cchang21)
|
|t:|1760778359
|teamsize|p1|6
|teamsize|p2|6
|start
|switch|p1a: The Opener|Landorus-Therian, M|100/100
|switch|p2a: Garchomp|Garchomp, M|100/100
|-ability|p1a: The Opener|Intimidate|boost
|-unboost|p2a: Garchomp|atk|1
|turn|1
|
|t:|1760778363
|move|p2a: Garchomp|Stealth Rock|p1a: The Opener
|-sidestart|p1: NoFishNoLife|move: Stealth Rock
|move|p1a: The Opener|Stealth Rock|p2a: Garchomp
|-sidestart|p2: cchang21|move: Stealth Rock
|
|upkeep
|turn|2
|
|t:|1760778367
|move|p2a: Garchomp|Spikes|p1a: The Opener
|-sidestart|p1: NoFishNoLife|Spikes
|move|p1a: The Opener|U-turn|p2a: Garchomp
|-damage|p2a: Garchomp|85/100
|-damage|p1a: The Opener|88/100|[from] ability: Rough Skin|[of] p2a: Garchomp
|-damage|p1a: The Opener|72/100|[from] item: Rocky Helmet|[of] p2a: Garchomp
|
|t:|1760778372
|switch|p1a: Fishing bait|Cloyster, M|100/100|[from] U-turn
|-damage|p1a: Fishing bait|76/100|[from] Stealth Rock
|-damage|p1a: Fishing bait|63/100|[from] Spikes
|
|upkeep
|turn|3
|
|t:|1760778382
|move|p1a: Fishing bait|Shell Smash|p1a: Fishing bait
|-unboost|p1a: Fishing bait|def|1
|-unboost|p1a: Fishing bait|spd|1
|-boost|p1a: Fishing bait|atk|2
|-boost|p1a: Fishing bait|spa|2
|-boost|p1a: Fishing bait|spe|2
|move|p2a: Garchomp|Dragon Tail|p1a: Fishing bait
|-damage|p1a: Fishing bait|43/100
|drag|p1a: Blessiy|Clefable, F, shiny|100/100
|
|upkeep
|turn|4
|
|t:|1760778401
|switch|p2a: Iron Treads|Iron Treads|100/100
|-damage|p2a: Iron Treads|98/100|[from] Stealth Rock
|move|p1a: Blessiy|Cosmic Power|p1a: Blessiy
|-boost|p1a: Blessiy|def|1
|-boost|p1a: Blessiy|spd|1
|
|-heal|p2a: Iron Treads|100/100|[from] item: Leftovers
|upkeep
|turn|5
|
|t:|1760778408
|move|p2a: Iron Treads|Rapid Spin|p1a: Blessiy
|-damage|p1a: Blessiy|94/100
|-boost|p2a: Iron Treads|spe|1
|-sideend|p2: cchang21|Stealth Rock|[from] move: Rapid Spin|[of] p2a: Iron Treads
|move|p1a: Blessiy|Cosmic Power|p1a: Blessiy
|-boost|p1a: Blessiy|def|1
|-boost|p1a: Blessiy|spd|1
|
|-heal|p1a: Blessiy|100/100|[from] item: Leftovers
|upkeep
|turn|6
|
|t:|1760778417
|move|p2a: Iron Treads|Knock Off|p1a: Blessiy
|-resisted|p1a: Blessiy
|-damage|p1a: Blessiy|96/100
|-enditem|p1a: Blessiy|Leftovers|[from] move: Knock Off|[of] p2a: Iron Treads
|move|p1a: Blessiy|Cosmic Power|p1a: Blessiy
|-boost|p1a: Blessiy|def|1
|-boost|p1a: Blessiy|spd|1
|
|upkeep
|turn|7
|
|t:|1760778435
|move|p2a: Iron Treads|Earthquake|p1a: Blessiy
|-damage|p1a: Blessiy|83/100
|move|p1a: Blessiy|Cosmic Power|p1a: Blessiy
|-boost|p1a: Blessiy|def|1
|-boost|p1a: Blessiy|spd|1
|
|upkeep
|turn|8
|
|t:|1760778442
|-end|p2a: Iron Treads|Quark Drive|[silent]
|switch|p2a: Darkrai|Darkrai|100/100
|move|p1a: Blessiy|Cosmic Power|p1a: Blessiy
|-boost|p1a: Blessiy|def|1
|-boost|p1a: Blessiy|spd|1
|
|upkeep
|turn|9
|
|t:|1760778451
|move|p2a: Darkrai|Sludge Bomb|p1a: Blessiy
|-supereffective|p1a: Blessiy
|-damage|p1a: Blessiy|67/100
|move|p1a: Blessiy|Charge Beam|p2a: Darkrai
|-damage|p2a: Darkrai|85/100
|
|upkeep
|turn|10
|
|t:|1760778460
|move|p2a: Darkrai|Sludge Bomb|p1a: Blessiy
|-supereffective|p1a: Blessiy
|-damage|p1a: Blessiy|49/100
|move|p1a: Blessiy|Cosmic Power|p1a: Blessiy
|-boost|p1a: Blessiy|def|1
|-boost|p1a: Blessiy|spd|1
|
|upkeep
|turn|11
|
|t:|1760778463
|move|p2a: Darkrai|Sludge Bomb|p1a: Blessiy
|-supereffective|p1a: Blessiy
|-damage|p1a: Blessiy|33/100
|move|p1a: Blessiy|Moonlight|p1a: Blessiy
|-heal|p1a: Blessiy|83/100
|
|upkeep
|turn|12
|
|t:|1760778469
|move|p2a: Darkrai|Sludge Bomb|p1a: Blessiy
|-supereffective|p1a: Blessiy
|-damage|p1a: Blessiy|67/100
|move|p1a: Blessiy|Charge Beam|p2a: Darkrai
|-damage|p2a: Darkrai|68/100
|-boost|p1a: Blessiy|spa|1
|
|upkeep
|turn|13
|
|t:|1760778473
|move|p2a: Darkrai|Sludge Bomb|p1a: Blessiy
|-supereffective|p1a: Blessiy
|-damage|p1a: Blessiy|51/100
|move|p1a: Blessiy|Charge Beam|p2a: Darkrai
|-damage|p2a: Darkrai|45/100
|-boost|p1a: Blessiy|spa|1
|
|upkeep
|turn|14
|
|t:|1760778476
|move|p2a: Darkrai|Sludge Bomb|p1a: Blessiy
|-supereffective|p1a: Blessiy
|-crit|p1a: Blessiy
|-damage|p1a: Blessiy|0 fnt
|faint|p1a: Blessiy
|
|upkeep
|
|t:|1760778482
|switch|p1a: Fishing bait|Cloyster, M|43/100
|-damage|p1a: Fishing bait|18/100|[from] Stealth Rock
|-damage|p1a: Fishing bait|6/100|[from] Spikes
|turn|15
|
|t:|1760778488
|move|p2a: Darkrai|Knock Off|p1a: Fishing bait
|-damage|p1a: Fishing bait|0 fnt
|-enditem|p1a: Fishing bait|Scope Lens|[from] move: Knock Off|[of] p2a: Darkrai
|faint|p1a: Fishing bait
|
|upkeep
|
|t:|1760778490
|switch|p1a: Fish|Volcanion|100/100
|-damage|p1a: Fish|75/100|[from] Stealth Rock
|-damage|p1a: Fish|63/100|[from] Spikes
|turn|16
|
|t:|1760778502
|switch|p2a: Ogerpon|Ogerpon-Wellspring, F|100/100
|move|p1a: Fish|Sludge Bomb|p2a: Ogerpon
|-supereffective|p2a: Ogerpon
|-damage|p2a: Ogerpon|32/100
|-status|p2a: Ogerpon|psn
|
|-damage|p2a: Ogerpon|20/100 psn|[from] psn
|upkeep
|turn|17
|
|t:|1760778512
|switch|p1a: The Opener|Landorus-Therian, M|72/100
|-damage|p1a: The Opener|59/100|[from] Stealth Rock
|-ability|p1a: The Opener|Intimidate|boost
|-unboost|p2a: Ogerpon|atk|1
|move|p2a: Ogerpon|Trailblaze|p1a: The Opener
|-damage|p1a: The Opener|43/100
|-boost|p2a: Ogerpon|spe|1
|-damage|p2a: Ogerpon|4/100 psn|[from] item: Rocky Helmet|[of] p1a: The Opener
|
|-damage|p2a: Ogerpon|0 fnt|[from] psn
|faint|p2a: Ogerpon
|upkeep
|
|t:|1760778523
|switch|p2a: Darkrai|Darkrai|45/100
|turn|18
|
|t:|1760778528
|move|p2a: Darkrai|Dark Pulse|p1a: The Opener
|-damage|p1a: The Opener|0 fnt
|faint|p1a: The Opener
|
|upkeep
|
|t:|1760778534
|switch|p1a: Fish|Volcanion|63/100
|-damage|p1a: Fish|38/100|[from] Stealth Rock
|-damage|p1a: Fish|26/100|[from] Spikes
|turn|19
|
|t:|1760778539
|move|p2a: Darkrai|Dark Pulse|p1a: Fish
|-damage|p1a: Fish|0 fnt
|faint|p1a: Fish
|
|upkeep
|
|t:|1760778547
|switch|p1a: Pokemon center|Rabsca, F|100/100
|-damage|p1a: Pokemon center|76/100|[from] Stealth Rock
|-damage|p1a: Pokemon center|63/100|[from] Spikes
|turn|20
|
|t:|1760778552
|-terastallize|p1a: Pokemon center|Normal
|move|p2a: Darkrai|Dark Pulse|p1a: Pokemon center
|-crit|p1a: Pokemon center
|-damage|p1a: Pokemon center|17/100
|move|p1a: Pokemon center|Rest|p1a: Pokemon center
|-status|p1a: Pokemon center|slp|[from] move: Rest
|-heal|p1a: Pokemon center|100/100 slp|[silent]
|
|-damage|p1a: Pokemon center|88/100 slp|[from] ability: Bad Dreams|[of] p2a: Darkrai
|upkeep
|turn|21
|
|t:|1760778562
|switch|p2a: Garchomp|Garchomp, M|85/100
|cant|p1a: Pokemon center|slp
|move|p1a: Pokemon center|Sleep Talk|p1a: Pokemon center
|move|p1a: Pokemon center|Rest||[from] move: Sleep Talk|[still]
|-fail|p1a: Pokemon center
|
|-heal|p1a: Pokemon center|94/100 slp|[from] item: Leftovers
|upkeep
|turn|22
|
|t:|1760778569
|move|p2a: Garchomp|Spikes|p1a: Pokemon center
|-sidestart|p1: NoFishNoLife|Spikes
|cant|p1a: Pokemon center|slp
|move|p1a: Pokemon center|Sleep Talk|p1a: Pokemon center
|move|p1a: Pokemon center|Rest||[from] move: Sleep Talk|[still]
|-fail|p1a: Pokemon center
|
|-heal|p1a: Pokemon center|100/100 slp|[from] item: Leftovers
|upkeep
|turn|23
|
|t:|1760778574
|move|p2a: Garchomp|Spikes|p1a: Pokemon center
|-sidestart|p1: NoFishNoLife|Spikes
|-curestatus|p1a: Pokemon center|slp|[msg]
|move|p1a: Pokemon center|Revival Blessing|p1a: Pokemon center
|
|t:|1760778580
|-heal|p1: Blessiy|50/100|[from] move: Revival Blessing
|
|upkeep
|turn|24
|
|t:|1760778592
|switch|p2a: Iron Valiant|Iron Valiant|100/100
|-enditem|p2a: Iron Valiant|Booster Energy
|-activate|p2a: Iron Valiant|ability: Quark Drive|[fromitem]
|-start|p2a: Iron Valiant|quarkdrivespe
|switch|p1a: Blessiy|Clefable, F, shiny|50/100
|
|upkeep
|turn|25
|
|t:|1760778605
|move|p2a: Iron Valiant|Moonblast|p1a: Blessiy
|-damage|p1a: Blessiy|9/100
|move|p1a: Blessiy|Cosmic Power|p1a: Blessiy
|-boost|p1a: Blessiy|def|1
|-boost|p1a: Blessiy|spd|1
|
|upkeep
|turn|26
|
|t:|1760778609
|move|p2a: Iron Valiant|Moonblast|p1a: Blessiy
|-damage|p1a: Blessiy|0 fnt
|faint|p1a: Blessiy
|
|upkeep
|
|t:|1760778611
|switch|p1a: Pokemon center|Rabsca, F, tera:Normal|100/100
|-damage|p1a: Pokemon center|88/100|[from] Stealth Rock
|-damage|p1a: Pokemon center|63/100|[from] Spikes
|turn|27
|
|t:|1760778619
|move|p2a: Iron Valiant|Moonblast|p1a: Pokemon center
|-crit|p1a: Pokemon center
|-damage|p1a: Pokemon center|11/100
|-unboost|p1a: Pokemon center|spa|1
|move|p1a: Pokemon center|Rest|p1a: Pokemon center
|-status|p1a: Pokemon center|slp|[from] move: Rest
|-heal|p1a: Pokemon center|100/100 slp|[silent]
|
|upkeep
|turn|28
|
|t:|1760778627
|move|p2a: Iron Valiant|Moonblast|p1a: Pokemon center
|-damage|p1a: Pokemon center|67/100 slp
|-unboost|p1a: Pokemon center|spa|1
|cant|p1a: Pokemon center|slp
|move|p1a: Pokemon center|Sleep Talk|p1a: Pokemon center
|move|p1a: Pokemon center|Rest||[from] move: Sleep Talk|[still]
|-fail|p1a: Pokemon center
|
|-heal|p1a: Pokemon center|73/100 slp|[from] item: Leftovers
|upkeep
|turn|29
|
|t:|1760778637
|-end|p2a: Iron Valiant|Quark Drive|[silent]
|switch|p2a: Garchomp|Garchomp, M|85/100
|cant|p1a: Pokemon center|slp
|move|p1a: Pokemon center|Sleep Talk|p1a: Pokemon center
|move|p1a: Pokemon center|Revival Blessing|p1a: Pokemon center|[from] move: Sleep Talk
|
|t:|1760778641
|-heal|p1: The Opener|50/100|[from] move: Revival Blessing
|
|-heal|p1a: Pokemon center|79/100 slp|[from] item: Leftovers
|upkeep
|turn|30
|
|t:|1760778646
|-curestatus|p1a: Pokemon center|slp|[msg]
|move|p1a: Pokemon center|Rest|p1a: Pokemon center
|-status|p1a: Pokemon center|slp|[from] move: Rest
|-heal|p1a: Pokemon center|100/100 slp|[silent]
|move|p2a: Garchomp|Dragon Tail|p1a: Pokemon center
|-damage|p1a: Pokemon center|72/100 slp
|drag|p1a: ._.|Ditto|100/100
|-damage|p1a: ._.|88/100|[from] Stealth Rock
|-damage|p1a: ._.|63/100|[from] Spikes
|-transform|p1a: ._.|p2a: Garchomp|[from] ability: Imposter
|
|upkeep
|turn|31
|
|t:|1760778667
|switch|p2a: Iron Valiant|Iron Valiant|100/100
|move|p1a: ._.|Spikes|p2a: Iron Valiant
|-sidestart|p2: cchang21|Spikes
|
|upkeep
|turn|32
|
|t:|1760778674
|move|p1a: ._.|Spikes|p2a: Iron Valiant
|-sidestart|p2: cchang21|Spikes
|move|p2a: Iron Valiant|Moonblast|p1a: ._.
|-supereffective|p1a: ._.
|-damage|p1a: ._.|0 fnt
|faint|p1a: ._.
|
|upkeep
|
|t:|1760778679
|switch|p1a: Pokemon center|Rabsca, F, tera:Normal|72/100 slp
|-damage|p1a: Pokemon center|60/100 slp|[from] Stealth Rock
|-damage|p1a: Pokemon center|35/100 slp|[from] Spikes
|turn|33
|
|t:|1760778684
|move|p2a: Iron Valiant|Moonblast|p1a: Pokemon center
|-damage|p1a: Pokemon center|0 fnt
|faint|p1a: Pokemon center
|
|upkeep
|-message|NoFishNoLife forfeited.
|
|win|cchang21
|raw|NoFishNoLife's rating: 1264 &rarr; <strong>1242</strong><br />(-22 for losing)
|raw|cchang21's rating: 1299 &rarr; <strong>1321</strong><br />(+22 for winning)
|l|☆NoFishNoLife
|player|p1|
|l|☆cchang21
|player|p2|
