|j|☆n0ah__123__
|j|☆Alex_F2B
|t:|1760884202
|gametype|singles
|player|p1|n0ah__123__|boarder|1293
|player|p2|Alex_F2B|265|1285
|gen|9
|tier|[Gen 9] OU
|rated|
|rule|HP Percentage Mod: HP is shown in percentages
|rule|Endless Battle Clause: Forcing endless battles is banned
|rule|Species Clause: Limit one of each Pokémon
|rule|OHKO Clause: OHKO moves are banned
|rule|Evasion Items Clause: Evasion items are banned
|rule|Evasion Moves Clause: Evasion moves are banned
|rule|Evasion Abilities Clause: Evasion abilities are banned
|rule|Sleep Moves Clause: Sleep-inducing moves are banned
|clearpoke
|poke|p1|Mienshao, F|
|poke|p1|Iron Valiant|
|poke|p1|Gliscor, F|
|poke|p1|Corviknight, M|
|poke|p1|Alomomola, F|
|poke|p1|Pecharunt|
|poke|p2|Ting-Lu|
|poke|p2|Iron Valiant|
|poke|p2|Great Tusk|
|poke|p2|Moltres|
|poke|p2|Garganacl, F|
|poke|p2|Iron Crown|
|teampreview
|
|t:|1760884214
|teamsize|p1|6
|teamsize|p2|6
|start
|switch|p1a: Iron Valiant|Iron Valiant|100/100
|switch|p2a: Iron Crown|Iron Crown|100/100
|turn|1
|
|t:|1760884225
|-terastallize|p1a: Iron Valiant|Ghost
|move|p1a: Iron Valiant|Shadow Ball|p2a: Iron Crown
|-supereffective|p2a: Iron Crown
|-damage|p2a: Iron Crown|0 fnt
|faint|p2a: Iron Crown
|-end|p2a: Iron Crown|Quark Drive|[silent]
|
|upkeep
|
|t:|1760884233
|switch|p2a: Garganacl|Garganacl, F|100/100
|turn|2
|
|t:|1760884237
|-end|p1a: Iron Valiant|Quark Drive|[silent]
|switch|p1a: Gliscor|Gliscor, F|100/100
|move|p2a: Garganacl|Salt Cure|p1a: Gliscor
|-damage|p1a: Gliscor|90/100
|-start|p1a: Gliscor|Salt Cure
|
|-damage|p1a: Gliscor|78/100|[from] Salt Cure
|-status|p1a: Gliscor|tox|[from] item: Toxic Orb
|upkeep
|turn|3
|
|t:|1760884242
|switch|p2a: Moltres|Moltres|100/100
|move|p1a: Gliscor|Knock Off|p2a: Moltres
|-damage|p2a: Moltres|86/100
|-enditem|p2a: Moltres|Heavy-Duty Boots|[from] move: Knock Off|[of] p1a: Gliscor
|
|-heal|p1a: Gliscor|90/100 tox|[from] ability: Poison Heal
|-damage|p1a: Gliscor|78/100 tox|[from] Salt Cure
|upkeep
|turn|4
|
|t:|1760884250
|move|p1a: Gliscor|Protect|p1a: Gliscor
|-singleturn|p1a: Gliscor|Protect
|move|p2a: Moltres|U-turn|p1a: Gliscor
|-activate|p1a: Gliscor|move: Protect
|
|-heal|p1a: Gliscor|90/100 tox|[from] ability: Poison Heal
|-damage|p1a: Gliscor|78/100 tox|[from] Salt Cure
|upkeep
|turn|5
|
|t:|1760884254
|move|p2a: Moltres|Flamethrower|p1a: Gliscor
|-damage|p1a: Gliscor|46/100 tox
|move|p1a: Gliscor|Stealth Rock|p2a: Moltres
|-sidestart|p2: Alex_F2B|move: Stealth Rock
|
|-heal|p1a: Gliscor|58/100 tox|[from] ability: Poison Heal
|-damage|p1a: Gliscor|46/100 tox|[from] Salt Cure
|upkeep
|turn|6
|
|t:|1760884260
|switch|p2a: Great Tusk|Great Tusk|100/100
|-damage|p2a: Great Tusk|98/100|[from] Stealth Rock
|move|p1a: Gliscor|U-turn|p2a: Great Tusk
|-resisted|p2a: Great Tusk
|-damage|p2a: Great Tusk|92/100
|-damage|p1a: Gliscor|29/100 tox|[from] item: Rocky Helmet|[of] p2a: Great Tusk
|
|t:|1760884264
|switch|p1a: Pecharunt|Pecharunt|100/100|[from] U-turn
|
|upkeep
|turn|7
|
|t:|1760884272
|move|p2a: Great Tusk|Headlong Rush|p1a: Pecharunt
|-supereffective|p1a: Pecharunt
|-damage|p1a: Pecharunt|43/100
|-unboost|p2a: Great Tusk|def|1
|-unboost|p2a: Great Tusk|spd|1
|move|p1a: Pecharunt|Malignant Chain|p2a: Great Tusk
|-resisted|p2a: Great Tusk
|-damage|p2a: Great Tusk|58/100
|-status|p2a: Great Tusk|tox
|-start|p2a: Great Tusk|confusion|[from] ability: Poison Puppeteer|[of] p1a: Pecharunt
|
|-damage|p2a: Great Tusk|52/100 tox|[from] psn
|upkeep
|turn|8
|
|t:|1760884284
|-end|p2a: Great Tusk|Protosynthesis|[silent]
|switch|p2a: Garganacl|Garganacl, F|100/100
|-damage|p2a: Garganacl|88/100|[from] Stealth Rock
|switch|p1a: Corviknight|Corviknight, M|100/100
|-ability|p1a: Corviknight|Pressure
|
|-heal|p2a: Garganacl|94/100|[from] item: Leftovers
|upkeep
|turn|9
|
|t:|1760884290
|switch|p1a: Mienshao|Mienshao, F|100/100
|move|p2a: Garganacl|Salt Cure|p1a: Mienshao
|-resisted|p1a: Mienshao
|-damage|p1a: Mienshao|88/100
|-start|p1a: Mienshao|Salt Cure
|
|-heal|p2a: Garganacl|100/100|[from] item: Leftovers
|-damage|p1a: Mienshao|75/100|[from] Salt Cure
|upkeep
|turn|10
|
|t:|1760884293
|switch|p2a: Moltres|Moltres|86/100
|-damage|p2a: Moltres|36/100|[from] Stealth Rock
|move|p1a: Mienshao|Close Combat|p2a: Moltres
|-resisted|p2a: Moltres
|-damage|p2a: Moltres|6/100
|-unboost|p1a: Mienshao|def|1
|-unboost|p1a: Mienshao|spd|1
|-status|p1a: Mienshao|brn|[from] ability: Flame Body|[of] p2a: Moltres
|-damage|p1a: Mienshao|65/100 brn|[from] item: Life Orb
|
|-damage|p1a: Mienshao|60/100 brn|[from] brn
|-damage|p1a: Mienshao|47/100 brn|[from] Salt Cure
|upkeep
|turn|11
|
|t:|1760884302
|move|p1a: Mienshao|Tera Blast|p2a: Moltres
|-damage|p2a: Moltres|0 fnt
|faint|p2a: Moltres
|-damage|p1a: Mienshao|37/100 brn|[from] item: Life Orb
|
|-damage|p1a: Mienshao|31/100 brn|[from] brn
|-damage|p1a: Mienshao|19/100 brn|[from] Salt Cure
|upkeep
|
|t:|1760884308
|switch|p2a: Iron Valiant|Iron Valiant|100/100
|-damage|p2a: Iron Valiant|94/100|[from] Stealth Rock
|-enditem|p2a: Iron Valiant|Booster Energy
|-activate|p2a: Iron Valiant|ability: Quark Drive|[fromitem]
|-start|p2a: Iron Valiant|quarkdrivespe
|turn|12
|
|t:|1760884311
|switch|p1a: Alomomola|Alomomola, F|100/100
|move|p2a: Iron Valiant|Knock Off|p1a: Alomomola
|-damage|p1a: Alomomola|83/100
|-enditem|p1a: Alomomola|Assault Vest|[from] move: Knock Off|[of] p2a: Iron Valiant
|
|upkeep
|turn|13
|
|t:|1760884316
|-terastallize|p2a: Iron Valiant|Ghost
|move|p2a: Iron Valiant|Swords Dance|p2a: Iron Valiant
|-boost|p2a: Iron Valiant|atk|2
|move|p1a: Alomomola|Scald|p2a: Iron Valiant
|-damage|p2a: Iron Valiant|68/100
|
|upkeep
|turn|14
|
|t:|1760884325
|move|p2a: Iron Valiant|Spirit Break|p1a: Alomomola
|-damage|p1a: Alomomola|45/100
|-unboost|p1a: Alomomola|spa|1
|move|p1a: Alomomola|Scald|p2a: Iron Valiant
|-damage|p2a: Iron Valiant|54/100
|
|upkeep
|turn|15
|
|t:|1760884331
|move|p2a: Iron Valiant|Swords Dance|p2a: Iron Valiant
|-boost|p2a: Iron Valiant|atk|2
|move|p1a: Alomomola|Scald|p2a: Iron Valiant
|-damage|p2a: Iron Valiant|38/100
|
|upkeep
|turn|16
|
|t:|1760884335
|switch|p1a: Corviknight|Corviknight, M|100/100
|-ability|p1a: Corviknight|Pressure
|move|p2a: Iron Valiant|Spirit Break|p1a: Corviknight
|-resisted|p1a: Corviknight
|-damage|p1a: Corviknight|75/100
|-unboost|p1a: Corviknight|spa|1
|-damage|p2a: Iron Valiant|21/100|[from] item: Rocky Helmet|[of] p1a: Corviknight
|
|upkeep
|turn|17
|
|t:|1760884340
|move|p2a: Iron Valiant|Close Combat|p1a: Corviknight
|-damage|p1a: Corviknight|0 fnt
|-unboost|p2a: Iron Valiant|def|1
|-unboost|p2a: Iron Valiant|spd|1
|-damage|p2a: Iron Valiant|5/100|[from] item: Rocky Helmet|[of] p1a: Corviknight
|faint|p1a: Corviknight
|
|upkeep
|
|t:|1760884349
|switch|p1a: Alomomola|Alomomola, F|78/100
|turn|18
|
|t:|1760884353
|move|p2a: Iron Valiant|Close Combat|p1a: Alomomola
|-damage|p1a: Alomomola|0 fnt
|-unboost|p2a: Iron Valiant|def|1
|-unboost|p2a: Iron Valiant|spd|1
|faint|p1a: Alomomola
|
|upkeep
|
|t:|1760884363
|switch|p1a: Pecharunt|Pecharunt|43/100
|turn|19
|
|t:|1760884368
|move|p2a: Iron Valiant|Knock Off|p1a: Pecharunt
|-supereffective|p1a: Pecharunt
|-damage|p1a: Pecharunt|0 fnt
|-enditem|p1a: Pecharunt|Heavy-Duty Boots|[from] move: Knock Off|[of] p2a: Iron Valiant
|faint|p1a: Pecharunt
|
|upkeep
|
|t:|1760884370
|switch|p1a: Iron Valiant|Iron Valiant, tera:Ghost|100/100
|turn|20
|
|t:|1760884375
|move|p2a: Iron Valiant|Spirit Break|p1a: Iron Valiant
|-damage|p1a: Iron Valiant|0 fnt
|faint|p1a: Iron Valiant
|-end|p1a: Iron Valiant|Quark Drive|[silent]
|
|upkeep
|-message|n0ah__123__ forfeited.
|
|win|Alex_F2B
|raw|n0ah__123__'s rating: 1293 &rarr; <strong>1267</strong><br />(-26 for losing)
|raw|Alex_F2B's rating: 1285 &rarr; <strong>1311</strong><br />(+26 for winning)
|l|☆n0ah__123__
|player|p1|
|l|☆Alex_F2B
|player|p2|
