|j|☆anisdino
|j|☆lightcord
|t:|1760780084
|gametype|singles
|player|p1|anisdino|ethan|1097
|player|p2|lightcord|102|1107
|gen|9
|tier|[Gen 9] OU
|rated|
|rule|HP Percentage Mod: HP is shown in percentages
|rule|Endless Battle Clause: Forcing endless battles is banned
|rule|Species Clause: Limit one of each Pokémon
|rule|OHKO Clause: OHKO moves are banned
|rule|Evasion Items Clause: Evasion items are banned
|rule|Evasion Moves Clause: Evasion moves are banned
|rule|Evasion Abilities Clause: Evasion abilities are banned
|rule|Sleep Moves Clause: Sleep-inducing moves are banned
|clearpoke
|poke|p1|Dragapult, M|
|poke|p1|Dragonite, F|
|poke|p1|Ting-Lu|
|poke|p1|Weezing-Galar, F|
|poke|p1|Iron Crown|
|poke|p1|Ampharos, M|
|poke|p2|Darkrai|
|poke|p2|Kyurem|
|poke|p2|Pelipper, M|
|poke|p2|Dragapult, M|
|poke|p2|Tornadus-Therian, M|
|poke|p2|Gliscor, F|
|teampreview
|inactive|Battle timer is ON: inactive players will automatically lose when time's up. (requested by lightcord)
|
|t:|1760780094
|teamsize|p1|6
|teamsize|p2|6
|start
|switch|p1a: goat|Ampharos, M|100/100
|switch|p2a: Gliscor|Gliscor, F|100/100
|turn|1
|
|t:|1760780114
|-terastallize|p2a: Gliscor|Water
|-terastallize|p1a: goat|Water
|move|p2a: Gliscor|Swords Dance|p2a: Gliscor
|-boost|p2a: Gliscor|atk|2
|move|p1a: goat|Tera Blast|p2a: Gliscor|[anim] Tera Blast Water
|-resisted|p2a: Gliscor
|-damage|p2a: Gliscor|68/100
|
|upkeep
|turn|2
|c|☆anisdino|damn fair enough
|inactive|lightcord has 120 seconds left.
|
|t:|1760780150
|move|p2a: Gliscor|Crabhammer|p1a: goat
|-resisted|p1a: goat
|-damage|p1a: goat|61/100
|-status|p2a: Gliscor|par|[from] ability: Static|[of] p1a: goat
|move|p1a: goat|Volt Switch|p2a: Gliscor
|-supereffective|p2a: Gliscor
|-damage|p2a: Gliscor|0 fnt
|faint|p2a: Gliscor
|
|t:|1760780165
|switch|p1a: Ting-Lu|Ting-Lu|100/100|[from] Volt Switch
|-ability|p1a: Ting-Lu|Vessel of Ruin
|
|upkeep
|
|t:|1760780183
|switch|p2a: Pelipper|Pelipper, M|100/100
|-weather|RainDance|[from] ability: Drizzle|[of] p2a: Pelipper
|turn|3
|
|t:|1760780189
|move|p2a: Pelipper|Weather Ball|p1a: Ting-Lu
|-supereffective|p1a: Ting-Lu
|-damage|p1a: Ting-Lu|39/100
|move|p1a: Ting-Lu|Stealth Rock|p2a: Pelipper
|-sidestart|p2: lightcord|move: Stealth Rock
|
|-weather|RainDance|[upkeep]
|-heal|p1a: Ting-Lu|46/100|[from] item: Leftovers
|upkeep
|turn|4
|
|t:|1760780204
|move|p2a: Pelipper|Weather Ball|p1a: Ting-Lu
|-supereffective|p1a: Ting-Lu
|-damage|p1a: Ting-Lu|0 fnt
|faint|p1a: Ting-Lu
|
|-weather|RainDance|[upkeep]
|upkeep
|
|t:|1760780216
|switch|p1a: goat|Ampharos, M, tera:Water|61/100
|turn|5
|
|t:|1760780229
|switch|p2a: Kyurem|Kyurem|100/100
|-damage|p2a: Kyurem|76/100|[from] Stealth Rock
|-ability|p2a: Kyurem|Pressure
|move|p1a: goat|Volt Switch|p2a: Kyurem
|-resisted|p2a: Kyurem
|-damage|p2a: Kyurem|58/100
|inactive|anisdino has 120 seconds left.
|
|t:|1760780251
|switch|p1a: Dragapult|Dragapult, M|100/100|[from] Volt Switch
|
|-weather|RainDance|[upkeep]
|upkeep
|turn|6
|
|t:|1760780257
|move|p2a: Kyurem|Freeze-Dry|p1a: Dragapult
|-supereffective|p1a: Dragapult
|-damage|p1a: Dragapult|0 fnt
|faint|p1a: Dragapult
|
|-weather|RainDance|[upkeep]
|upkeep
|
|t:|1760780267
|switch|p1a: goat|Ampharos, M, tera:Water|61/100
|turn|7
|
|t:|1760780271
|move|p2a: Kyurem|Freeze-Dry|p1a: goat
|-supereffective|p1a: goat
|-damage|p1a: goat|3/100
|move|p1a: goat|Dazzling Gleam|p2a: Kyurem
|-supereffective|p2a: Kyurem
|-damage|p2a: Kyurem|4/100
|
|-weather|RainDance|[upkeep]
|upkeep
|turn|8
|
|t:|1760780280
|move|p2a: Kyurem|Freeze-Dry|p1a: goat
|-supereffective|p1a: goat
|-damage|p1a: goat|0 fnt
|faint|p1a: goat
|
|-weather|RainDance|[upkeep]
|upkeep
|
|t:|1760780285
|switch|p1a: Dragonite|Dragonite, F|100/100
|turn|9
|
|t:|1760780289
|move|p1a: Dragonite|Extreme Speed|p2a: Kyurem
|-damage|p2a: Kyurem|0 fnt
|faint|p2a: Kyurem
|
|-weather|RainDance|[upkeep]
|upkeep
|
|t:|1760780302
|switch|p2a: Darkrai|Darkrai|100/100
|-damage|p2a: Darkrai|88/100|[from] Stealth Rock
|turn|10
|
|t:|1760780320
|move|p2a: Darkrai|Thunder|p1a: Dragonite
|-damage|p1a: Dragonite|73/100
|-status|p1a: Dragonite|par
|cant|p1a: Dragonite|par
|
|-weather|none
|upkeep
|turn|11
|
|t:|1760780328
|switch|p2a: Tornadus|Tornadus-Therian, M|100/100
|move|p1a: Dragonite|Earthquake|p2a: Tornadus
|-immune|p2a: Tornadus
|
|upkeep
|turn|12
|
|t:|1760780341
|move|p2a: Tornadus|Bleakwind Storm|p1a: Dragonite
|-damage|p1a: Dragonite|31/100 par
|move|p1a: Dragonite|Dragon Dance|p1a: Dragonite
|-boost|p1a: Dragonite|atk|1
|-boost|p1a: Dragonite|spe|1
|
|upkeep
|turn|13
|
|t:|1760780351
|move|p1a: Dragonite|Extreme Speed|p2a: Tornadus
|-damage|p2a: Tornadus|35/100
|move|p2a: Tornadus|Bleakwind Storm|p1a: Dragonite
|-crit|p1a: Dragonite
|-damage|p1a: Dragonite|0 fnt
|faint|p1a: Dragonite
|
|upkeep
|
|t:|1760780362
|switch|p1a: Weezing|Weezing-Galar, F|100/100
|-ability|p1a: Weezing|Neutralizing Gas
|turn|14
|
|t:|1760780370
|switch|p2a: Pelipper|Pelipper, M|100/100
|-damage|p2a: Pelipper|76/100|[from] Stealth Rock
|move|p1a: Weezing|Will-O-Wisp|p2a: Pelipper
|-status|p2a: Pelipper|brn
|
|-damage|p2a: Pelipper|70/100 brn|[from] brn
|upkeep
|turn|15
|
|t:|1760780381
|move|p2a: Pelipper|Hurricane|p1a: Weezing|[miss]
|-miss|p2a: Pelipper|p1a: Weezing
|move|p1a: Weezing|Toxic Spikes|p2a: Pelipper
|-sidestart|p2: lightcord|move: Toxic Spikes
|
|-damage|p2a: Pelipper|63/100 brn|[from] brn
|upkeep
|turn|16
|
|t:|1760780387
|move|p2a: Pelipper|Hurricane|p1a: Weezing
|-damage|p1a: Weezing|28/100
|move|p1a: Weezing|Toxic Spikes|p2a: Pelipper
|-sidestart|p2: lightcord|move: Toxic Spikes
|
|-damage|p2a: Pelipper|57/100 brn|[from] brn
|upkeep
|turn|17
|
|t:|1760780396
|move|p2a: Pelipper|Hurricane|p1a: Weezing
|-crit|p1a: Weezing
|-damage|p1a: Weezing|0 fnt
|faint|p1a: Weezing
|-end|p1a: Weezing|ability: Neutralizing Gas
|-weather|RainDance|[from] ability: Drizzle|[of] p2a: Pelipper
|
|-weather|RainDance|[upkeep]
|-damage|p2a: Pelipper|51/100 brn|[from] brn
|upkeep
|
|t:|1760780404
|switch|p1a: Iron Crown|Iron Crown|100/100
|turn|18
|
|t:|1760780416
|move|p1a: Iron Crown|Psyshock|p2a: Pelipper
|-damage|p2a: Pelipper|0 fnt
|faint|p2a: Pelipper
|
|-weather|RainDance|[upkeep]
|upkeep
|
|t:|1760780426
|switch|p2a: Darkrai|Darkrai|88/100
|-damage|p2a: Darkrai|76/100|[from] Stealth Rock
|-status|p2a: Darkrai|tox
|turn|19
|
|t:|1760780434
|move|p2a: Darkrai|Dark Pulse|p1a: Iron Crown
|-supereffective|p1a: Iron Crown
|-damage|p1a: Iron Crown|0 fnt
|faint|p1a: Iron Crown
|-end|p1a: Iron Crown|Quark Drive|[silent]
|
|win|lightcord
|raw|anisdino's rating: 1097 &rarr; <strong>1073</strong><br />(-24 for losing)
|raw|lightcord's rating: 1107 &rarr; <strong>1131</strong><br />(+24 for winning)
|c|☆anisdino|gg
|c|☆lightcord|gg
|l|☆lightcord
|player|p2|
|l|☆anisdino
|player|p1|
