|j|☆Supersayan999
|j|☆jop90
|t:|1760809275
|gametype|singles
|player|p1|Supersayan999|palmer|1514
|player|p2|jop90|1|1478
|gen|9
|tier|[Gen 9] OU
|rated|
|rule|HP Percentage Mod: HP is shown in percentages
|rule|Endless Battle Clause: Forcing endless battles is banned
|rule|Species Clause: Limit one of each Pokémon
|rule|OHKO Clause: OHKO moves are banned
|rule|Evasion Items Clause: Evasion items are banned
|rule|Evasion Moves Clause: Evasion moves are banned
|rule|Evasion Abilities Clause: Evasion abilities are banned
|rule|Sleep Moves Clause: Sleep-inducing moves are banned
|clearpoke
|poke|p1|Dragonite, M|
|poke|p1|Weezing-Galar, M|
|poke|p1|Kingambit, M|
|poke|p1|Raging Bolt|
|poke|p1|Skeledirge, M|
|poke|p1|Rillaboom, M|
|poke|p2|Araquanid, F|
|poke|p2|Scizor, F|
|poke|p2|Lokix, M|
|poke|p2|Yanmega, M|
|poke|p2|Forretress, F|
|poke|p2|Ribombee, F|
|teampreview
|
|t:|1760809293
|teamsize|p1|6
|teamsize|p2|6
|start
|switch|p1a: Dragonite|Dragonite, M|100/100
|switch|p2a: Lokix|Lokix, M|100/100
|turn|1
|
|t:|1760809299
|move|p2a: Lokix|U-turn|p1a: Dragonite
|-resisted|p1a: Dragonite
|-damage|p1a: Dragonite|74/100
|
|t:|1760809302
|switch|p2a: Ribombee|Ribombee, F|100/100|[from] U-turn
|move|p1a: Dragonite|Dragon Dance|p1a: Dragonite
|-boost|p1a: Dragonite|atk|1
|-boost|p1a: Dragonite|spe|1
|
|upkeep
|turn|2
|
|t:|1760809314
|-terastallize|p1a: Dragonite|Normal
|move|p1a: Dragonite|Dragon Dance|p1a: Dragonite
|-boost|p1a: Dragonite|atk|1
|-boost|p1a: Dragonite|spe|1
|move|p2a: Ribombee|Moonblast|p1a: Dragonite
|-damage|p1a: Dragonite|31/100
|
|upkeep
|turn|3
|
|t:|1760809322
|move|p1a: Dragonite|Roost|p1a: Dragonite
|-heal|p1a: Dragonite|81/100
|move|p2a: Ribombee|Moonblast|p1a: Dragonite
|-damage|p1a: Dragonite|40/100
|
|upkeep
|turn|4
|
|t:|1760809329
|move|p1a: Dragonite|Roost|p1a: Dragonite
|-heal|p1a: Dragonite|91/100
|move|p2a: Ribombee|Moonblast|p1a: Dragonite
|-damage|p1a: Dragonite|48/100
|-unboost|p1a: Dragonite|spa|1
|
|upkeep
|turn|5
|
|t:|1760809337
|switch|p2a: Forretress|Forretress, F|100/100
|move|p1a: Dragonite|Roost|p1a: Dragonite
|-heal|p1a: Dragonite|99/100
|
|upkeep
|turn|6
|
|t:|1760809345
|move|p1a: Dragonite|Dragon Dance|p1a: Dragonite
|-boost|p1a: Dragonite|atk|1
|-boost|p1a: Dragonite|spe|1
|move|p2a: Forretress|Gyro Ball|p1a: Dragonite
|-damage|p1a: Dragonite|49/100
|
|upkeep
|turn|7
|
|t:|1760809354
|move|p1a: Dragonite|Roost|p1a: Dragonite
|-heal|p1a: Dragonite|99/100
|move|p2a: Forretress|Gyro Ball|p1a: Dragonite
|-damage|p1a: Dragonite|51/100
|
|upkeep
|turn|8
|
|t:|1760809360
|move|p1a: Dragonite|Roost|p1a: Dragonite
|-heal|p1a: Dragonite|100/100
|move|p2a: Forretress|Body Press|p1a: Dragonite
|-supereffective|p1a: Dragonite
|-damage|p1a: Dragonite|62/100
|
|upkeep
|turn|9
|
|t:|1760809372
|move|p1a: Dragonite|Earthquake|p2a: Forretress
|-damage|p2a: Forretress|46/100
|move|p2a: Forretress|Gyro Ball|p1a: Dragonite
|-damage|p1a: Dragonite|6/100
|
|-heal|p2a: Forretress|52/100|[from] item: Leftovers
|upkeep
|turn|10
|
|t:|1760809381
|move|p1a: Dragonite|Earthquake|p2a: Forretress
|-damage|p2a: Forretress|0 fnt
|faint|p2a: Forretress
|
|upkeep
|
|t:|1760809384
|switch|p2a: Scizor|Scizor, F|100/100
|turn|11
|
|t:|1760809388
|move|p1a: Dragonite|Extreme Speed|p2a: Scizor
|-resisted|p2a: Scizor
|-damage|p2a: Scizor|31/100
|move|p2a: Scizor|Bullet Punch|p1a: Dragonite
|-damage|p1a: Dragonite|0 fnt
|faint|p1a: Dragonite
|
|upkeep
|
|t:|1760809399
|switch|p1a: Raging Bolt|Raging Bolt|100/100
|turn|12
|
|t:|1760809404
|switch|p2a: Ribombee|Ribombee, F|100/100
|move|p1a: Raging Bolt|Calm Mind|p1a: Raging Bolt
|-boost|p1a: Raging Bolt|spa|1
|-boost|p1a: Raging Bolt|spd|1
|
|upkeep
|turn|13
|
|t:|1760809411
|move|p2a: Ribombee|Moonblast|p1a: Raging Bolt
|-supereffective|p1a: Raging Bolt
|-damage|p1a: Raging Bolt|53/100
|move|p1a: Raging Bolt|Discharge|p2a: Ribombee
|-enditem|p2a: Ribombee|Focus Sash
|-damage|p2a: Ribombee|1/100
|
|-heal|p1a: Raging Bolt|60/100|[from] item: Leftovers
|upkeep
|turn|14
|
|t:|1760809421
|-terastallize|p2a: Ribombee|Ground
|move|p1a: Raging Bolt|Thunderclap|p2a: Ribombee
|-immune|p2a: Ribombee
|move|p2a: Ribombee|Moonblast|p1a: Raging Bolt
|-supereffective|p1a: Raging Bolt
|-damage|p1a: Raging Bolt|18/100
|-unboost|p1a: Raging Bolt|spa|1
|
|-heal|p1a: Raging Bolt|24/100|[from] item: Leftovers
|upkeep
|turn|15
|
|t:|1760809433
|-end|p1a: Raging Bolt|Protosynthesis|[silent]
|switch|p1a: Skeledirge|Skeledirge, M|100/100
|move|p2a: Ribombee|Moonblast|p1a: Skeledirge
|-resisted|p1a: Skeledirge
|-damage|p1a: Skeledirge|86/100
|
|upkeep
|turn|16
|
|t:|1760809441
|move|p2a: Ribombee|Tera Blast|p1a: Skeledirge|[anim] Tera Blast Ground
|-supereffective|p1a: Skeledirge
|-damage|p1a: Skeledirge|41/100
|move|p1a: Skeledirge|Slack Off|p1a: Skeledirge
|-heal|p1a: Skeledirge|91/100
|
|upkeep
|turn|17
|
|t:|1760809448
|switch|p2a: Araquanid|Araquanid, F|100/100
|move|p1a: Skeledirge|Torch Song|p2a: Araquanid
|-damage|p2a: Araquanid|92/100
|-boost|p1a: Skeledirge|spa|1
|
|upkeep
|turn|18
|
|t:|1760809456
|move|p1a: Skeledirge|Will-O-Wisp|p2a: Araquanid
|-immune|p2a: Araquanid|[from] ability: Water Bubble
|move|p2a: Araquanid|Liquidation|p1a: Skeledirge
|-supereffective|p1a: Skeledirge
|-damage|p1a: Skeledirge|0 fnt
|faint|p1a: Skeledirge
|
|upkeep
|
|t:|1760809469
|switch|p1a: Kingambit|Kingambit, M|100/100
|-activate|p1a: Kingambit|ability: Supreme Overlord
|-start|p1a: Kingambit|fallen2|[silent]
|turn|19
|
|t:|1760809474
|move|p1a: Kingambit|Swords Dance|p1a: Kingambit
|-boost|p1a: Kingambit|atk|2
|move|p2a: Araquanid|Liquidation|p1a: Kingambit
|-damage|p1a: Kingambit|56/100
|
|upkeep
|turn|20
|
|t:|1760809484
|switch|p2a: Scizor|Scizor, F|31/100
|move|p1a: Kingambit|Kowtow Cleave|p2a: Scizor
|-crit|p2a: Scizor
|-damage|p2a: Scizor|0 fnt
|faint|p2a: Scizor
|
|upkeep
|
|t:|1760809486
|switch|p2a: Lokix|Lokix, M|100/100
|turn|21
|
|t:|1760809500
|-end|p1a: Kingambit|fallen2|[silent]
|switch|p1a: Weezing|Weezing-Galar, M|100/100
|move|p2a: Lokix|U-turn|p1a: Weezing
|-resisted|p1a: Weezing
|-damage|p1a: Weezing|81/100
|
|t:|1760809504
|switch|p2a: Yanmega|Yanmega, M|100/100|[from] U-turn
|
|upkeep
|turn|22
|
|t:|1760809512
|move|p2a: Yanmega|Air Slash|p1a: Weezing
|-damage|p1a: Weezing|32/100
|move|p1a: Weezing|Sludge Bomb|p2a: Yanmega
|-damage|p2a: Yanmega|54/100
|
|upkeep
|turn|23
|
|t:|1760809524
|move|p2a: Yanmega|Air Slash|p1a: Weezing
|-damage|p1a: Weezing|0 fnt
|faint|p1a: Weezing
|
|upkeep
|
|t:|1760809529
|switch|p1a: Kingambit|Kingambit, M|56/100
|-activate|p1a: Kingambit|ability: Supreme Overlord
|-start|p1a: Kingambit|fallen3|[silent]
|turn|24
|
|t:|1760809533
|move|p1a: Kingambit|Sucker Punch|p2a: Yanmega
|-damage|p2a: Yanmega|0 fnt
|faint|p2a: Yanmega
|
|upkeep
|
|t:|1760809567
|switch|p2a: Lokix|Lokix, M|100/100
|turn|25
|l|☆jop90
|player|p2|
|inactive|Battle timer is ON: inactive players will automatically lose when time's up. (requested by Supersayan999)
|inactive|jop90 has 30 seconds to reconnect!
|inactive|jop90 has 20 seconds to reconnect!
|inactive|jop90 has 15 seconds to reconnect!
|inactive|jop90 has 10 seconds to reconnect!
|inactive|jop90 has 5 seconds to reconnect!
|-message|jop90 lost due to inactivity.
|
|win|Supersayan999
|raw|Supersayan999's rating: 1514 &rarr; <strong>1532</strong><br />(+18 for winning)
|raw|jop90's rating: 1478 &rarr; <strong>1460</strong><br />(-18 for losing)
|l|☆Supersayan999
|player|p1|
