|j|☆can i get a cookie
|j|☆Spud Webbs
|t:|1760828996
|gametype|singles
|player|p1|can i get a cookie|skyla|1735
|player|p2|Spud Webbs|170|1809
|gen|9
|tier|[Gen 9] OU
|rated|
|rule|HP Percentage Mod: HP is shown in percentages
|rule|Endless Battle Clause: Forcing endless battles is banned
|rule|Species Clause: Limit one of each Pokémon
|rule|OHKO Clause: OHKO moves are banned
|rule|Evasion Items Clause: Evasion items are banned
|rule|Evasion Moves Clause: Evasion moves are banned
|rule|Evasion Abilities Clause: Evasion abilities are banned
|rule|Sleep Moves Clause: Sleep-inducing moves are banned
|clearpoke
|poke|p1|Landorus-Therian, M|
|poke|p1|Cinderace, F|
|poke|p1|Great Tusk|
|poke|p1|Clodsire, F|
|poke|p1|Armarouge, M|
|poke|p1|Bellibolt, F|
|poke|p2|Ceruledge, M|
|poke|p2|Ninetales, F|
|poke|p2|Enamorus, F|
|poke|p2|Raging Bolt|
|poke|p2|Great Tusk|
|poke|p2|Leavanny, M|
|teampreview
|inactive|Battle timer is ON: inactive players will automatically lose when time's up. (requested by can i get a cookie)
|
|t:|1760829010
|teamsize|p1|6
|teamsize|p2|6
|start
|switch|p1a: Landorus|Landorus-Therian, M|100/100
|switch|p2a: fine tales|Ninetales, F|100/100
|-weather|SunnyDay|[from] ability: Drought|[of] p2a: fine tales
|-ability|p1a: Landorus|Intimidate|boost
|-unboost|p2a: fine tales|atk|1
|turn|1
|
|t:|1760829018
|switch|p2a: LEAVanny! Get it?|Leavanny, M|100/100
|move|p1a: Landorus|Earthquake|p2a: LEAVanny! Get it?
|-resisted|p2a: LEAVanny! Get it?
|-damage|p2a: LEAVanny! Get it?|68/100
|
|-weather|SunnyDay|[upkeep]
|upkeep
|turn|2
|
|t:|1760829022
|switch|p1a: Armarouge|Armarouge, M|100/100
|move|p2a: LEAVanny! Get it?|Triple Axel|p1a: Armarouge
|-resisted|p1a: Armarouge
|-damage|p1a: Armarouge|97/100
|-ability|p1a: Armarouge|Weak Armor|boost
|-unboost|p1a: Armarouge|def|1
|-boost|p1a: Armarouge|spe|2
|-resisted|p1a: Armarouge
|-damage|p1a: Armarouge|86/100
|-ability|p1a: Armarouge|Weak Armor|boost
|-unboost|p1a: Armarouge|def|1
|-boost|p1a: Armarouge|spe|2
|-resisted|p1a: Armarouge
|-damage|p1a: Armarouge|64/100
|-ability|p1a: Armarouge|Weak Armor|boost
|-unboost|p1a: Armarouge|def|1
|-boost|p1a: Armarouge|spe|2
|-hitcount|p1a: Armarouge|3
|
|-weather|SunnyDay|[upkeep]
|upkeep
|turn|3
|
|t:|1760829027
|switch|p2a: try me bish|Ceruledge, M|100/100
|move|p1a: Armarouge|Armor Cannon|p2a: try me bish
|-start|p2a: try me bish|ability: Flash Fire
|
|-weather|SunnyDay|[upkeep]
|upkeep
|turn|4
|
|t:|1760829034
|switch|p1a: Landorus|Landorus-Therian, M|100/100
|-ability|p1a: Landorus|Intimidate|boost
|-unboost|p2a: try me bish|atk|1
|move|p2a: try me bish|Flare Blitz|p1a: Landorus
|-damage|p1a: Landorus|0 fnt
|faint|p1a: Landorus
|-damage|p2a: try me bish|61/100|[from] Recoil
|-damage|p2a: try me bish|51/100|[from] item: Life Orb
|
|-weather|SunnyDay|[upkeep]
|upkeep
|
|t:|1760829042
|switch|p1a: Cinderace|Cinderace, F|100/100
|turn|5
|
|t:|1760829048
|-end|p2a: try me bish|ability: Flash Fire|[silent]
|switch|p2a: aint no chump|Great Tusk|100/100
|-activate|p2a: aint no chump|ability: Protosynthesis
|-start|p2a: aint no chump|protosynthesisatk
|move|p1a: Cinderace|U-turn|p2a: aint no chump
|-start|p1a: Cinderace|typechange|Bug|[from] ability: Libero
|-resisted|p2a: aint no chump
|-damage|p2a: aint no chump|83/100
|
|t:|1760829053
|switch|p1a: Great Tusk|Great Tusk|100/100|[from] U-turn
|-activate|p1a: Great Tusk|ability: Protosynthesis
|-start|p1a: Great Tusk|protosynthesisatk
|
|-weather|SunnyDay|[upkeep]
|upkeep
|turn|6
|
|t:|1760829058
|move|p2a: aint no chump|Headlong Rush|p1a: Great Tusk
|-damage|p1a: Great Tusk|17/100
|-unboost|p2a: aint no chump|def|1
|-unboost|p2a: aint no chump|spd|1
|-damage|p2a: aint no chump|73/100|[from] item: Life Orb
|move|p1a: Great Tusk|Ice Spinner|p2a: aint no chump
|-supereffective|p2a: aint no chump
|-damage|p2a: aint no chump|0 fnt
|faint|p2a: aint no chump
|-end|p2a: aint no chump|Protosynthesis|[silent]
|
|-weather|SunnyDay|[upkeep]
|upkeep
|
|t:|1760829063
|switch|p2a: LEAVanny! Get it?|Leavanny, M|68/100
|turn|7
|
|t:|1760829073
|-end|p1a: Great Tusk|Protosynthesis|[silent]
|switch|p1a: Cinderace|Cinderace, F|100/100
|move|p2a: LEAVanny! Get it?|Leaf Storm|p1a: Cinderace
|-resisted|p1a: Cinderace
|-damage|p1a: Cinderace|74/100
|-unboost|p2a: LEAVanny! Get it?|spa|2
|-enditem|p2a: LEAVanny! Get it?|Eject Pack
|
|t:|1760829077
|switch|p2a: try me bish|Ceruledge, M|51/100
|
|-weather|SunnyDay|[upkeep]
|upkeep
|turn|8
|
|t:|1760829082
|move|p1a: Cinderace|Sucker Punch|p2a: try me bish
|-start|p1a: Cinderace|typechange|Dark|[from] ability: Libero
|-supereffective|p2a: try me bish
|-damage|p2a: try me bish|0 fnt
|faint|p2a: try me bish
|
|-weather|none
|upkeep
|
|t:|1760829084
|switch|p2a: free L|Enamorus, F|100/100
|turn|9
|
|t:|1760829087
|switch|p2a: fine tales|Ninetales, F|100/100
|-weather|SunnyDay|[from] ability: Drought|[of] p2a: fine tales
|switch|p1a: Clodsire|Clodsire, F|100/100
|
|-weather|SunnyDay|[upkeep]
|upkeep
|turn|10
|
|t:|1760829090
|move|p2a: fine tales|Will-O-Wisp|p1a: Clodsire
|-status|p1a: Clodsire|brn
|move|p1a: Clodsire|Stealth Rock|p2a: fine tales
|-sidestart|p2: Spud Webbs|move: Stealth Rock
|
|-weather|SunnyDay|[upkeep]
|-damage|p1a: Clodsire|94/100 brn|[from] brn
|upkeep
|turn|11
|
|t:|1760829094
|move|p2a: fine tales|Encore|p1a: Clodsire
|-start|p1a: Clodsire|Encore
|move|p1a: Clodsire|Stealth Rock||[still]
|-fail|p1a: Clodsire
|
|-weather|SunnyDay|[upkeep]
|-heal|p1a: Clodsire|100/100 brn|[from] item: Leftovers
|-damage|p1a: Clodsire|94/100 brn|[from] brn
|upkeep
|turn|12
|j| Flynn Meister
|
|t:|1760829097
|switch|p1a: Bellibolt|Bellibolt, F|100/100
|move|p2a: fine tales|Burning Jealousy|p1a: Bellibolt
|-damage|p1a: Bellibolt|71/100
|-start|p1a: Bellibolt|Charge|Burning Jealousy|[from] ability: Electromorphosis
|
|-weather|SunnyDay|[upkeep]
|-heal|p1a: Bellibolt|77/100|[from] item: Leftovers
|upkeep
|turn|13
|
|t:|1760829100
|move|p2a: fine tales|Will-O-Wisp|p1a: Bellibolt
|-status|p1a: Bellibolt|brn
|move|p1a: Bellibolt|Thunder Wave|p2a: fine tales
|-status|p2a: fine tales|par
|-end|p1a: Bellibolt|Charge|[silent]
|
|-weather|SunnyDay|[upkeep]
|-heal|p1a: Bellibolt|83/100 brn|[from] item: Leftovers
|-damage|p1a: Bellibolt|77/100 brn|[from] brn
|upkeep
|turn|14
|
|t:|1760829103
|move|p2a: fine tales|Encore|p1a: Bellibolt
|-start|p1a: Bellibolt|Encore
|move|p1a: Bellibolt|Thunder Wave|p2a: fine tales
|-fail|p2a: fine tales|par
|
|-weather|SunnyDay|[upkeep]
|-heal|p1a: Bellibolt|83/100 brn|[from] item: Leftovers
|-damage|p1a: Bellibolt|77/100 brn|[from] brn
|upkeep
|turn|15
|
|t:|1760829107
|switch|p2a: LEAVanny! Get it?|Leavanny, M|68/100
|-damage|p2a: LEAVanny! Get it?|43/100|[from] Stealth Rock
|move|p1a: Bellibolt|Thunder Wave|p2a: LEAVanny! Get it?
|-status|p2a: LEAVanny! Get it?|par
|
|-weather|SunnyDay|[upkeep]
|-heal|p1a: Bellibolt|83/100 brn|[from] item: Leftovers
|-damage|p1a: Bellibolt|77/100 brn|[from] brn
|upkeep
|turn|16
|
|t:|1760829109
|move|p2a: LEAVanny! Get it?|Sticky Web|p1a: Bellibolt
|-sidestart|p1: can i get a cookie|move: Sticky Web
|move|p1a: Bellibolt|Thunder Wave|p2a: LEAVanny! Get it?
|-fail|p2a: LEAVanny! Get it?|par
|
|-weather|none
|-heal|p1a: Bellibolt|83/100 brn|[from] item: Leftovers
|-damage|p1a: Bellibolt|77/100 brn|[from] brn
|-end|p1a: Bellibolt|Encore
|upkeep
|turn|17
|
|t:|1760829113
|switch|p2a: fine tales|Ninetales, F|100/100 par
|-damage|p2a: fine tales|76/100 par|[from] Stealth Rock
|-weather|SunnyDay|[from] ability: Drought|[of] p2a: fine tales
|move|p1a: Bellibolt|Soak|p2a: fine tales
|-start|p2a: fine tales|typechange|Water
|
|-weather|SunnyDay|[upkeep]
|-heal|p1a: Bellibolt|83/100 brn|[from] item: Leftovers
|-damage|p1a: Bellibolt|77/100 brn|[from] brn
|upkeep
|turn|18
|
|t:|1760829118
|switch|p2a: I got you fam|Raging Bolt|100/100
|-damage|p2a: I got you fam|88/100|[from] Stealth Rock
|-activate|p2a: I got you fam|ability: Protosynthesis
|-start|p2a: I got you fam|protosynthesisspa
|move|p1a: Bellibolt|Thunderbolt|p2a: I got you fam
|-resisted|p2a: I got you fam
|-damage|p2a: I got you fam|78/100
|
|-weather|SunnyDay|[upkeep]
|-heal|p1a: Bellibolt|83/100 brn|[from] item: Leftovers
|-damage|p1a: Bellibolt|77/100 brn|[from] brn
|upkeep
|turn|19
|
|t:|1760829120
|switch|p1a: Clodsire|Clodsire, F|94/100 brn
|-activate|p1a: Clodsire|move: Sticky Web
|-unboost|p1a: Clodsire|spe|1
|move|p2a: I got you fam|Weather Ball|p1a: Clodsire
|-damage|p1a: Clodsire|42/100 brn
|-damage|p2a: I got you fam|68/100|[from] item: Life Orb
|
|-weather|SunnyDay|[upkeep]
|-heal|p1a: Clodsire|48/100 brn|[from] item: Leftovers
|-damage|p1a: Clodsire|42/100 brn|[from] brn
|upkeep
|turn|20
|
|t:|1760829123
|move|p2a: I got you fam|Weather Ball|p1a: Clodsire
|-damage|p1a: Clodsire|0 fnt
|faint|p1a: Clodsire
|-damage|p2a: I got you fam|58/100|[from] item: Life Orb
|
|-weather|SunnyDay|[upkeep]
|upkeep
|
|t:|1760829129
|switch|p1a: Cinderace|Cinderace, F|74/100
|-activate|p1a: Cinderace|move: Sticky Web
|-unboost|p1a: Cinderace|spe|1
|turn|21
|
|t:|1760829131
|move|p1a: Cinderace|Sucker Punch|p2a: I got you fam
|-start|p1a: Cinderace|typechange|Dark|[from] ability: Libero
|-damage|p2a: I got you fam|10/100
|move|p2a: I got you fam|Thunderbolt|p1a: Cinderace
|-damage|p1a: Cinderace|0 fnt
|faint|p1a: Cinderace
|-damage|p2a: I got you fam|0 fnt|[from] item: Life Orb
|faint|p2a: I got you fam
|-end|p2a: I got you fam|Protosynthesis|[silent]
|
|-weather|SunnyDay|[upkeep]
|upkeep
|
|t:|1760829140
|switch|p1a: Bellibolt|Bellibolt, F|77/100 brn
|switch|p2a: free L|Enamorus, F|100/100
|-damage|p2a: free L|76/100|[from] Stealth Rock
|-activate|p1a: Bellibolt|move: Sticky Web
|-unboost|p1a: Bellibolt|spe|1
|turn|22
|
|t:|1760829151
|-terastallize|p2a: free L|Fire
|-terastallize|p1a: Bellibolt|Grass
|move|p2a: free L|Weather Ball|p1a: Bellibolt
|-supereffective|p1a: Bellibolt
|-damage|p1a: Bellibolt|0 fnt
|faint|p1a: Bellibolt
|
|-weather|SunnyDay|[upkeep]
|upkeep
|
|t:|1760829155
|switch|p1a: Armarouge|Armarouge, M|64/100
|-activate|p1a: Armarouge|move: Sticky Web
|-unboost|p1a: Armarouge|spe|1
|turn|23
|
|t:|1760829161
|switch|p2a: LEAVanny! Get it?|Leavanny, M|43/100 par
|-damage|p2a: LEAVanny! Get it?|19/100 par|[from] Stealth Rock
|move|p1a: Armarouge|Armor Cannon|p2a: LEAVanny! Get it?
|-supereffective|p2a: LEAVanny! Get it?
|-damage|p2a: LEAVanny! Get it?|0 fnt
|-unboost|p1a: Armarouge|def|1
|-unboost|p1a: Armarouge|spd|1
|faint|p2a: LEAVanny! Get it?
|
|-weather|SunnyDay|[upkeep]
|upkeep
|
|t:|1760829166
|switch|p2a: free L|Enamorus, F, tera:Fire|76/100
|-damage|p2a: free L|51/100|[from] Stealth Rock
|turn|24
|
|t:|1760829169
|move|p2a: free L|Earth Power|p1a: Armarouge
|-supereffective|p1a: Armarouge
|-damage|p1a: Armarouge|0 fnt
|faint|p1a: Armarouge
|
|-weather|none
|upkeep
|-message|can i get a cookie forfeited.
|
|win|Spud Webbs
|raw|can i get a cookie's rating: 1756 &rarr; <strong>1739</strong><br />(-17 for losing)
|raw|Spud Webbs's rating: 1809 &rarr; <strong>1826</strong><br />(+17 for winning)
|l|☆can i get a cookie
|player|p1|
|l|☆Spud Webbs
|player|p2|
|l| Flynn Meister
