|j|☆cannacruz
|j|☆strangerdanger55
|t:|1760760020
|gametype|singles
|player|p1|cannacruz|2|1080
|player|p2|strangerdanger55|unknown|1142
|gen|9
|tier|[Gen 9] OU
|rated|
|rule|HP Percentage Mod: HP is shown in percentages
|rule|Endless Battle Clause: Forcing endless battles is banned
|rule|Species Clause: Limit one of each Pokémon
|rule|OHKO Clause: OHKO moves are banned
|rule|Evasion Items Clause: Evasion items are banned
|rule|Evasion Moves Clause: Evasion moves are banned
|rule|Evasion Abilities Clause: Evasion abilities are banned
|rule|Sleep Moves Clause: Sleep-inducing moves are banned
|clearpoke
|poke|p1|Gliscor, M|
|poke|p1|Garganacl, M|
|poke|p1|Toxapex, F|
|poke|p1|Alomomola, F|
|poke|p1|Clefable, F|
|poke|p1|Dragonite, F|
|poke|p2|Torkoal, M|
|poke|p2|Typhlosion-Hisui, M|
|poke|p2|Venusaur, M|
|poke|p2|Great Tusk|
|poke|p2|Hatterene, F|
|poke|p2|Bellossom, F|
|teampreview
|c|☆cannacruz|belossss
|
|t:|1760760030
|teamsize|p1|6
|teamsize|p2|6
|start
|switch|p1a: Toxapex|Toxapex, F|100/100
|switch|p2a: Torkoal|Torkoal, M|100/100
|-weather|SunnyDay|[from] ability: Drought|[of] p2a: Torkoal
|turn|1
|inactive|Battle timer is ON: inactive players will automatically lose when time's up. (requested by strangerdanger55)
|
|t:|1760760036
|switch|p2a: Hatterene|Hatterene, F|100/100
|move|p1a: Toxapex|Toxic|p2a: Hatterene
|move|p2a: Hatterene|Toxic|p1a: Toxapex|[from] ability: Magic Bounce
|-immune|p1a: Toxapex
|
|-weather|SunnyDay|[upkeep]
|upkeep
|turn|2
|l|☆strangerdanger55
|inactive|strangerdanger55 disconnected and has a minute to reconnect!
|player|p2|
|j|☆strangerdanger55
|inactive|strangerdanger55 reconnected and has 135 seconds left.
|player|p2|strangerdanger55|unknown|
|
|t:|1760760061
|switch|p1a: Garganacl|Garganacl, M|100/100
|move|p2a: Hatterene|Light Screen|p2a: Hatterene
|-sidestart|p2: strangerdanger55|move: Light Screen
|
|-weather|SunnyDay|[upkeep]
|upkeep
|turn|3
|
|t:|1760760066
|move|p1a: Garganacl|Salt Cure|p2a: Hatterene
|-damage|p2a: Hatterene|87/100
|-start|p2a: Hatterene|Salt Cure
|move|p2a: Hatterene|Reflect|p2a: Hatterene
|-sidestart|p2: strangerdanger55|Reflect
|
|-weather|SunnyDay|[upkeep]
|-damage|p2a: Hatterene|75/100|[from] Salt Cure
|upkeep
|turn|4
|
|t:|1760760074
|switch|p2a: Great Tusk|Great Tusk|100/100
|-activate|p2a: Great Tusk|ability: Protosynthesis
|-start|p2a: Great Tusk|protosynthesisatk
|move|p1a: Garganacl|Stealth Rock|p2a: Great Tusk
|-sidestart|p2: strangerdanger55|move: Stealth Rock
|
|-weather|SunnyDay|[upkeep]
|upkeep
|turn|5
|
|t:|1760760082
|move|p2a: Great Tusk|Rapid Spin|p1a: Garganacl
|-resisted|p1a: Garganacl
|-damage|p1a: Garganacl|94/100
|-boost|p2a: Great Tusk|spe|1
|-sideend|p2: strangerdanger55|Stealth Rock|[from] move: Rapid Spin|[of] p2a: Great Tusk
|move|p1a: Garganacl|Salt Cure|p2a: Great Tusk
|-resisted|p2a: Great Tusk
|-damage|p2a: Great Tusk|99/100
|-start|p2a: Great Tusk|Salt Cure
|
|-weather|SunnyDay|[upkeep]
|-heal|p1a: Garganacl|99/100|[from] item: Leftovers
|-damage|p2a: Great Tusk|87/100|[from] Salt Cure
|upkeep
|turn|6
|
|t:|1760760093
|move|p2a: Great Tusk|Headlong Rush|p1a: Garganacl
|-supereffective|p1a: Garganacl
|-damage|p1a: Garganacl|8/100
|-unboost|p2a: Great Tusk|def|1
|-unboost|p2a: Great Tusk|spd|1
|move|p1a: Garganacl|Stealth Rock|p2a: Great Tusk
|-sidestart|p2: strangerdanger55|move: Stealth Rock
|
|-weather|SunnyDay|[upkeep]
|-heal|p1a: Garganacl|14/100|[from] item: Leftovers
|-damage|p2a: Great Tusk|75/100|[from] Salt Cure
|upkeep
|turn|7
|
|t:|1760760102
|move|p1a: Garganacl|Protect|p1a: Garganacl
|-singleturn|p1a: Garganacl|Protect
|move|p2a: Great Tusk|Head Smash|p1a: Garganacl
|-activate|p1a: Garganacl|move: Protect
|
|-weather|SunnyDay|[upkeep]
|-heal|p1a: Garganacl|21/100|[from] item: Leftovers
|-damage|p2a: Great Tusk|62/100|[from] Salt Cure
|upkeep
|turn|8
|
|t:|1760760113
|switch|p1a: Toxapex|Toxapex, F|100/100
|move|p2a: Great Tusk|Headlong Rush|p1a: Toxapex
|-supereffective|p1a: Toxapex
|-damage|p1a: Toxapex|1/100
|-unboost|p2a: Great Tusk|def|1
|-unboost|p2a: Great Tusk|spd|1
|
|-weather|none
|-end|p2a: Great Tusk|Protosynthesis
|-heal|p1a: Toxapex|7/100|[from] item: Leftovers
|-damage|p2a: Great Tusk|50/100|[from] Salt Cure
|upkeep
|turn|9
|
|t:|1760760124
|move|p1a: Toxapex|Protect|p1a: Toxapex
|-singleturn|p1a: Toxapex|Protect
|move|p2a: Great Tusk|Rapid Spin|p1a: Toxapex
|-activate|p1a: Toxapex|move: Protect
|
|-heal|p1a: Toxapex|13/100|[from] item: Leftovers
|-damage|p2a: Great Tusk|37/100|[from] Salt Cure
|-sideend|p2: strangerdanger55|move: Light Screen
|upkeep
|turn|10
|
|t:|1760760133
|switch|p1a: Alomomola|Alomomola, F|100/100
|move|p2a: Great Tusk|Rapid Spin|p1a: Alomomola
|-damage|p1a: Alomomola|91/100
|-boost|p2a: Great Tusk|spe|1
|-sideend|p2: strangerdanger55|Stealth Rock|[from] move: Rapid Spin|[of] p2a: Great Tusk
|
|-heal|p1a: Alomomola|97/100|[from] item: Leftovers
|-damage|p2a: Great Tusk|25/100|[from] Salt Cure
|-sideend|p2: strangerdanger55|Reflect
|upkeep
|turn|11
|
|t:|1760760143
|-end|p2a: Great Tusk|Protosynthesis|[silent]
|switch|p2a: Torkoal|Torkoal, M|100/100
|-weather|SunnyDay|[from] ability: Drought|[of] p2a: Torkoal
|move|p1a: Alomomola|Wish|p1a: Alomomola
|
|-weather|SunnyDay|[upkeep]
|-heal|p1a: Alomomola|100/100|[from] item: Leftovers
|upkeep
|turn|12
|
|t:|1760760151
|move|p1a: Alomomola|Flip Turn|p2a: Torkoal
|-supereffective|p2a: Torkoal
|-damage|p2a: Torkoal|92/100
|
|t:|1760760155
|switch|p1a: Garganacl|Garganacl, M|21/100|[from] Flip Turn
|move|p2a: Torkoal|Stealth Rock|p1a: Garganacl
|-sidestart|p1: cannacruz|move: Stealth Rock
|
|-weather|SunnyDay|[upkeep]
|-heal|p1a: Garganacl|87/100|[from] move: Wish|[wisher] Alomomola
|-heal|p1a: Garganacl|93/100|[from] item: Leftovers
|upkeep
|turn|13
|c|☆cannacruz|a war
|
|t:|1760760170
|move|p1a: Garganacl|Salt Cure|p2a: Torkoal
|-supereffective|p2a: Torkoal
|-damage|p2a: Torkoal|74/100
|-start|p2a: Torkoal|Salt Cure
|move|p2a: Torkoal|Earth Power|p1a: Garganacl
|-supereffective|p1a: Garganacl
|-damage|p1a: Garganacl|67/100
|
|-weather|SunnyDay|[upkeep]
|-heal|p1a: Garganacl|73/100|[from] item: Leftovers
|-damage|p2a: Torkoal|61/100|[from] Salt Cure
|upkeep
|turn|14
|
|t:|1760760179
|switch|p2a: Great Tusk|Great Tusk|25/100
|-activate|p2a: Great Tusk|ability: Protosynthesis
|-start|p2a: Great Tusk|protosynthesisatk
|move|p1a: Garganacl|Stealth Rock|p2a: Great Tusk
|-sidestart|p2: strangerdanger55|move: Stealth Rock
|
|-weather|SunnyDay|[upkeep]
|-heal|p1a: Garganacl|79/100|[from] item: Leftovers
|upkeep
|turn|15
|
|t:|1760760192
|move|p1a: Garganacl|Protect|p1a: Garganacl
|-singleturn|p1a: Garganacl|Protect
|move|p2a: Great Tusk|Rapid Spin|p1a: Garganacl
|-activate|p1a: Garganacl|move: Protect
|
|-weather|SunnyDay|[upkeep]
|-heal|p1a: Garganacl|85/100|[from] item: Leftovers
|upkeep
|turn|16
|
|t:|1760760198
|move|p2a: Great Tusk|Rapid Spin|p1a: Garganacl
|-resisted|p1a: Garganacl
|-damage|p1a: Garganacl|79/100
|-boost|p2a: Great Tusk|spe|1
|-sideend|p2: strangerdanger55|Stealth Rock|[from] move: Rapid Spin|[of] p2a: Great Tusk
|move|p1a: Garganacl|Salt Cure|p2a: Great Tusk
|-resisted|p2a: Great Tusk
|-crit|p2a: Great Tusk
|-damage|p2a: Great Tusk|22/100
|-start|p2a: Great Tusk|Salt Cure
|
|-weather|SunnyDay|[upkeep]
|-heal|p1a: Garganacl|85/100|[from] item: Leftovers
|-damage|p2a: Great Tusk|9/100|[from] Salt Cure
|upkeep
|turn|17
|
|t:|1760760211
|-end|p2a: Great Tusk|Protosynthesis|[silent]
|switch|p2a: Bellossom|Bellossom, F|100/100
|move|p1a: Garganacl|Stealth Rock|p2a: Bellossom
|-sidestart|p2: strangerdanger55|move: Stealth Rock
|
|-weather|SunnyDay|[upkeep]
|-heal|p1a: Garganacl|91/100|[from] item: Leftovers
|upkeep
|turn|18
|
|t:|1760760218
|move|p2a: Bellossom|Quiver Dance|p2a: Bellossom
|-boost|p2a: Bellossom|spa|1
|-boost|p2a: Bellossom|spd|1
|-boost|p2a: Bellossom|spe|1
|move|p1a: Garganacl|Salt Cure|p2a: Bellossom
|-damage|p2a: Bellossom|84/100
|-start|p2a: Bellossom|Salt Cure
|
|-weather|none
|-heal|p2a: Bellossom|90/100|[from] item: Leftovers
|-heal|p1a: Garganacl|98/100|[from] item: Leftovers
|-damage|p2a: Bellossom|77/100|[from] Salt Cure
|upkeep
|turn|19
|
|t:|1760760228
|move|p2a: Bellossom|Quiver Dance|p2a: Bellossom
|-boost|p2a: Bellossom|spa|1
|-boost|p2a: Bellossom|spd|1
|-boost|p2a: Bellossom|spe|1
|move|p1a: Garganacl|Salt Cure|p2a: Bellossom
|-damage|p2a: Bellossom|59/100
|
|-heal|p2a: Bellossom|65/100|[from] item: Leftovers
|-heal|p1a: Garganacl|100/100|[from] item: Leftovers
|-damage|p2a: Bellossom|53/100|[from] Salt Cure
|upkeep
|turn|20
|
|t:|1760760238
|move|p2a: Bellossom|Giga Drain|p1a: Garganacl
|-supereffective|p1a: Garganacl
|-damage|p1a: Garganacl|10/100
|-heal|p2a: Bellossom|100/100|[from] drain|[of] p1a: Garganacl
|move|p1a: Garganacl|Salt Cure|p2a: Bellossom
|-damage|p2a: Bellossom|84/100
|
|-heal|p2a: Bellossom|90/100|[from] item: Leftovers
|-heal|p1a: Garganacl|16/100|[from] item: Leftovers
|-damage|p2a: Bellossom|77/100|[from] Salt Cure
|upkeep
|turn|21
|
|t:|1760760248
|move|p1a: Garganacl|Protect|p1a: Garganacl
|-singleturn|p1a: Garganacl|Protect
|move|p2a: Bellossom|Quiver Dance|p2a: Bellossom
|-boost|p2a: Bellossom|spa|1
|-boost|p2a: Bellossom|spd|1
|-boost|p2a: Bellossom|spe|1
|
|-heal|p2a: Bellossom|84/100|[from] item: Leftovers
|-heal|p1a: Garganacl|22/100|[from] item: Leftovers
|-damage|p2a: Bellossom|71/100|[from] Salt Cure
|upkeep
|turn|22
|
|t:|1760760257
|move|p2a: Bellossom|Giga Drain|p1a: Garganacl
|-supereffective|p1a: Garganacl
|-damage|p1a: Garganacl|0 fnt
|-heal|p2a: Bellossom|86/100|[from] drain|[of] p1a: Garganacl
|faint|p1a: Garganacl
|
|-heal|p2a: Bellossom|93/100|[from] item: Leftovers
|-damage|p2a: Bellossom|80/100|[from] Salt Cure
|upkeep
|
|t:|1760760264
|switch|p1a: Dragonite|Dragonite, F, shiny|100/100
|-damage|p1a: Dragonite|76/100|[from] Stealth Rock
|turn|23
|
|t:|1760760272
|-terastallize|p2a: Bellossom|Rock
|-terastallize|p1a: Dragonite|Normal
|move|p1a: Dragonite|Extreme Speed|p2a: Bellossom
|-resisted|p2a: Bellossom
|-crit|p2a: Bellossom
|-damage|p2a: Bellossom|15/100
|move|p2a: Bellossom|Tera Blast|p1a: Dragonite|[anim] Tera Blast Rock
|-damage|p1a: Dragonite|0 fnt
|faint|p1a: Dragonite
|
|-heal|p2a: Bellossom|21/100|[from] item: Leftovers
|-damage|p2a: Bellossom|9/100|[from] Salt Cure
|upkeep
|
|t:|1760760297
|switch|p1a: Clefable|Clefable, F, shiny|100/100
|turn|24
|
|t:|1760760301
|move|p1a: Clefable|Protect|p1a: Clefable
|-singleturn|p1a: Clefable|Protect
|move|p2a: Bellossom|Giga Drain|p1a: Clefable
|-activate|p1a: Clefable|move: Protect
|
|-heal|p2a: Bellossom|15/100|[from] item: Leftovers
|-damage|p2a: Bellossom|3/100|[from] Salt Cure
|upkeep
|turn|25
|
|t:|1760760309
|move|p2a: Bellossom|Giga Drain|p1a: Clefable
|-damage|p1a: Clefable|15/100
|-heal|p2a: Bellossom|61/100|[from] drain|[of] p1a: Clefable
|move|p1a: Clefable|Moonblast|p2a: Bellossom
|-damage|p2a: Bellossom|47/100
|
|-heal|p2a: Bellossom|53/100|[from] item: Leftovers
|-heal|p1a: Clefable|21/100|[from] item: Leftovers
|-damage|p2a: Bellossom|41/100|[from] Salt Cure
|upkeep
|turn|26
|
|t:|1760760318
|move|p1a: Clefable|Protect|p1a: Clefable
|-singleturn|p1a: Clefable|Protect
|move|p2a: Bellossom|Giga Drain|p1a: Clefable
|-activate|p1a: Clefable|move: Protect
|
|-heal|p2a: Bellossom|47/100|[from] item: Leftovers
|-heal|p1a: Clefable|27/100|[from] item: Leftovers
|-damage|p2a: Bellossom|35/100|[from] Salt Cure
|upkeep
|turn|27
|
|t:|1760760327
|move|p1a: Clefable|Protect||[still]
|-fail|p1a: Clefable
|move|p2a: Bellossom|Giga Drain|p1a: Clefable
|-damage|p1a: Clefable|0 fnt
|-heal|p2a: Bellossom|53/100|[from] drain|[of] p1a: Clefable
|faint|p1a: Clefable
|
|-heal|p2a: Bellossom|59/100|[from] item: Leftovers
|-damage|p2a: Bellossom|47/100|[from] Salt Cure
|upkeep
|c|☆strangerdanger55|Magic guard?
|
|t:|1760760336
|switch|p1a: Gliscor|Gliscor, M|100/100
|-damage|p1a: Gliscor|88/100|[from] Stealth Rock
|turn|28
|
|t:|1760760341
|move|p1a: Gliscor|Protect|p1a: Gliscor
|-singleturn|p1a: Gliscor|Protect
|move|p2a: Bellossom|Giga Drain|p1a: Gliscor
|-activate|p1a: Gliscor|move: Protect
|
|-heal|p2a: Bellossom|53/100|[from] item: Leftovers
|-damage|p2a: Bellossom|40/100|[from] Salt Cure
|-status|p1a: Gliscor|tox|[from] item: Toxic Orb
|upkeep
|turn|29
|
|t:|1760760350
|move|p2a: Bellossom|Giga Drain|p1a: Gliscor
|-damage|p1a: Gliscor|0 fnt
|-heal|p2a: Bellossom|93/100|[from] drain|[of] p1a: Gliscor
|faint|p1a: Gliscor
|
|-heal|p2a: Bellossom|99/100|[from] item: Leftovers
|-damage|p2a: Bellossom|87/100|[from] Salt Cure
|upkeep
|-message|cannacruz forfeited.
|
|win|strangerdanger55
|raw|cannacruz's rating: 1080 &rarr; <strong>1062</strong><br />(-18 for losing)
|raw|strangerdanger55's rating: 1142 &rarr; <strong>1163</strong><br />(+21 for winning)
|l|☆cannacruz
|player|p1|
|l|☆strangerdanger55
|player|p2|
