|j|☆fwefwevvew
|j|‽dbuddy42
|t:|1760797944
|gametype|singles
|player|p1|fwefwevvew|101|1212
|player|p2|dbuddy42|1|1293
|gen|9
|tier|[Gen 9] OU
|rated|
|rule|HP Percentage Mod: HP is shown in percentages
|rule|Endless Battle Clause: Forcing endless battles is banned
|rule|Species Clause: Limit one of each Pokémon
|rule|OHKO Clause: OHKO moves are banned
|rule|Evasion Items Clause: Evasion items are banned
|rule|Evasion Moves Clause: Evasion moves are banned
|rule|Evasion Abilities Clause: Evasion abilities are banned
|rule|Sleep Moves Clause: Sleep-inducing moves are banned
|clearpoke
|poke|p1|Garganacl, F|
|poke|p1|Cloyster, F|
|poke|p1|Polteageist|
|poke|p1|Weezing-Galar, F|
|poke|p1|Blaziken, F|
|poke|p1|Donphan, L1, M|
|poke|p2|Pelipper, F|
|poke|p2|Barraskewda, M|
|poke|p2|Ogerpon-Wellspring, F|
|poke|p2|Zapdos|
|poke|p2|Scizor, M|
|poke|p2|Garchomp, M|
|teampreview
|
|t:|1760798011
|teamsize|p1|6
|teamsize|p2|6
|start
|switch|p1a: Weezing|Weezing-Galar, F, shiny|100/100
|switch|p2a: Pelipper|Pelipper, F|100/100
|-ability|p1a: Weezing|Neutralizing Gas
|turn|1
|
|t:|1760798018
|switch|p2a: Garchomp|Garchomp, M|100/100
|move|p1a: Weezing|Will-O-Wisp|p2a: Garchomp
|-status|p2a: Garchomp|brn
|
|-damage|p2a: Garchomp|94/100 brn|[from] brn
|upkeep
|turn|2
|
|t:|1760798025
|move|p2a: Garchomp|Stealth Rock|p1a: Weezing
|-sidestart|p1: fwefwevvew|move: Stealth Rock
|move|p1a: Weezing|Strange Steam|p2a: Garchomp
|-supereffective|p2a: Garchomp
|-damage|p2a: Garchomp|46/100 brn
|
|-damage|p2a: Garchomp|39/100 brn|[from] brn
|upkeep
|turn|3
|
|t:|1760798038
|switch|p2a: Zapdos|Zapdos|100/100
|move|p1a: Weezing|Defog|p2a: Zapdos
|-unboost|p2a: Zapdos|evasion|1
|-sideend|p1: fwefwevvew|Stealth Rock|[from] move: Defog|[of] p1a: Weezing
|
|upkeep
|turn|4
|
|t:|1760798046
|move|p2a: Zapdos|Volt Switch|p1a: Weezing
|-damage|p1a: Weezing|44/100
|
|t:|1760798051
|switch|p2a: Garchomp|Garchomp, M|39/100 brn|[from] Volt Switch
|move|p1a: Weezing|Pain Split|p2a: Garchomp
|-sethp|p2a: Garchomp|37/100 brn|[from] move: Pain Split|[silent]
|-sethp|p1a: Weezing|47/100|[from] move: Pain Split
|
|-damage|p2a: Garchomp|31/100 brn|[from] brn
|upkeep
|turn|5
|
|t:|1760798060
|move|p2a: Garchomp|Earthquake|p1a: Weezing
|-supereffective|p1a: Weezing
|-damage|p1a: Weezing|19/100
|move|p1a: Weezing|Defog|p2a: Garchomp
|-unboost|p2a: Garchomp|evasion|1
|
|-damage|p2a: Garchomp|25/100 brn|[from] brn
|upkeep
|turn|6
|
|t:|1760798068
|move|p2a: Garchomp|Earthquake|p1a: Weezing
|-supereffective|p1a: Weezing
|-damage|p1a: Weezing|0 fnt
|faint|p1a: Weezing
|-end|p1a: Weezing|ability: Neutralizing Gas
|
|-damage|p2a: Garchomp|19/100 brn|[from] brn
|upkeep
|
|t:|1760798070
|switch|p1a: Cloyster|Cloyster, F, shiny|100/100
|turn|7
|
|t:|1760798081
|move|p1a: Cloyster|Ice Shard|p2a: Garchomp
|-supereffective|p2a: Garchomp
|-damage|p2a: Garchomp|0 fnt
|faint|p2a: Garchomp
|
|upkeep
|
|t:|1760798087
|switch|p2a: Pelipper|Pelipper, F|100/100
|-weather|RainDance|[from] ability: Drizzle|[of] p2a: Pelipper
|turn|8
|
|t:|1760798095
|move|p1a: Cloyster|Rock Blast|p2a: Pelipper
|-supereffective|p2a: Pelipper
|-damage|p2a: Pelipper|89/100
|-supereffective|p2a: Pelipper
|-damage|p2a: Pelipper|79/100
|-supereffective|p2a: Pelipper
|-damage|p2a: Pelipper|68/100
|-supereffective|p2a: Pelipper
|-damage|p2a: Pelipper|56/100
|-supereffective|p2a: Pelipper
|-damage|p2a: Pelipper|44/100
|-hitcount|p2a: Pelipper|5
|move|p2a: Pelipper|Hurricane|p1a: Cloyster
|-damage|p1a: Cloyster|8/100
|-start|p1a: Cloyster|confusion
|
|-weather|RainDance|[upkeep]
|upkeep
|turn|9
|
|t:|1760798109
|switch|p2a: Scizor|Scizor, M|100/100
|-activate|p1a: Cloyster|confusion
|move|p1a: Cloyster|Rock Blast|p2a: Scizor
|-damage|p2a: Scizor|94/100
|-damage|p2a: Scizor|88/100
|-damage|p2a: Scizor|81/100
|-crit|p2a: Scizor
|-damage|p2a: Scizor|70/100
|-damage|p2a: Scizor|64/100
|-hitcount|p2a: Scizor|5
|
|-weather|RainDance|[upkeep]
|-heal|p2a: Scizor|70/100|[from] item: Leftovers
|upkeep
|turn|10
|
|t:|1760798121
|-activate|p1a: Cloyster|confusion
|-damage|p1a: Cloyster|0 fnt|[from] confusion
|faint|p1a: Cloyster
|move|p2a: Scizor|Bullet Punch|p1: Cloyster|[notarget]
|-fail|p2a: Scizor
|
|-weather|RainDance|[upkeep]
|-heal|p2a: Scizor|76/100|[from] item: Leftovers
|upkeep
|
|t:|1760798157
|switch|p1a: Blaziken|Blaziken, F, shiny|100/100
|turn|11
|
|t:|1760798164
|move|p1a: Blaziken|Swords Dance|p1a: Blaziken
|-boost|p1a: Blaziken|atk|2
|move|p2a: Scizor|Dual Wingbeat|p1a: Blaziken
|-supereffective|p1a: Blaziken
|-damage|p1a: Blaziken|29/100
|-supereffective|p1a: Blaziken
|-damage|p1a: Blaziken|0 fnt
|faint|p1a: Blaziken
|-hitcount|p1: Blaziken|2
|
|-weather|RainDance|[upkeep]
|-heal|p2a: Scizor|82/100|[from] item: Leftovers
|upkeep
|
|t:|1760798175
|switch|p1a: Garganacl|Garganacl, F, shiny|100/100
|turn|12
|
|t:|1760798184
|-terastallize|p1a: Garganacl|Flying
|move|p2a: Scizor|Lunge|p1a: Garganacl
|-resisted|p1a: Garganacl
|-damage|p1a: Garganacl|86/100
|-unboost|p1a: Garganacl|atk|1
|move|p1a: Garganacl|Block|p2a: Scizor
|-activate|p2a: Scizor|trapped
|
|-weather|RainDance|[upkeep]
|-heal|p2a: Scizor|88/100|[from] item: Leftovers
|-heal|p1a: Garganacl|92/100|[from] item: Leftovers
|upkeep
|turn|13
|
|t:|1760798196
|move|p2a: Scizor|Lunge|p1a: Garganacl
|-resisted|p1a: Garganacl
|-damage|p1a: Garganacl|78/100
|-unboost|p1a: Garganacl|atk|1
|move|p1a: Garganacl|Curse|p1a: Garganacl
|-unboost|p1a: Garganacl|spe|1
|-boost|p1a: Garganacl|atk|1
|-boost|p1a: Garganacl|def|1
|
|-weather|RainDance|[upkeep]
|-heal|p2a: Scizor|94/100|[from] item: Leftovers
|-heal|p1a: Garganacl|84/100|[from] item: Leftovers
|upkeep
|turn|14
|
|t:|1760798206
|move|p2a: Scizor|Lunge|p1a: Garganacl
|-resisted|p1a: Garganacl
|-damage|p1a: Garganacl|74/100
|-unboost|p1a: Garganacl|atk|1
|move|p1a: Garganacl|Salt Cure|p2a: Scizor
|-damage|p2a: Scizor|88/100
|-start|p2a: Scizor|Salt Cure
|
|-weather|RainDance|[upkeep]
|-heal|p2a: Scizor|94/100|[from] item: Leftovers
|-heal|p1a: Garganacl|81/100|[from] item: Leftovers
|-damage|p2a: Scizor|69/100|[from] Salt Cure
|upkeep
|turn|15
|
|t:|1760798216
|move|p2a: Scizor|Lunge|p1a: Garganacl
|-resisted|p1a: Garganacl
|-damage|p1a: Garganacl|70/100
|-unboost|p1a: Garganacl|atk|1
|move|p1a: Garganacl|Curse|p1a: Garganacl
|-unboost|p1a: Garganacl|spe|1
|-boost|p1a: Garganacl|atk|1
|-boost|p1a: Garganacl|def|1
|
|-weather|none
|-heal|p2a: Scizor|75/100|[from] item: Leftovers
|-heal|p1a: Garganacl|76/100|[from] item: Leftovers
|-damage|p2a: Scizor|50/100|[from] Salt Cure
|upkeep
|turn|16
|
|t:|1760798227
|move|p2a: Scizor|Lunge|p1a: Garganacl
|-resisted|p1a: Garganacl
|-damage|p1a: Garganacl|68/100
|-unboost|p1a: Garganacl|atk|1
|move|p1a: Garganacl|Curse|p1a: Garganacl
|-unboost|p1a: Garganacl|spe|1
|-boost|p1a: Garganacl|atk|1
|-boost|p1a: Garganacl|def|1
|
|-heal|p2a: Scizor|56/100|[from] item: Leftovers
|-heal|p1a: Garganacl|75/100|[from] item: Leftovers
|-damage|p2a: Scizor|31/100|[from] Salt Cure
|upkeep
|turn|17
|
|t:|1760798238
|move|p2a: Scizor|Dual Wingbeat|p1a: Garganacl
|-damage|p1a: Garganacl|69/100
|-damage|p1a: Garganacl|63/100
|-hitcount|p1a: Garganacl|2
|move|p1a: Garganacl|Curse|p1a: Garganacl
|-unboost|p1a: Garganacl|spe|1
|-boost|p1a: Garganacl|atk|1
|-boost|p1a: Garganacl|def|1
|
|-heal|p2a: Scizor|37/100|[from] item: Leftovers
|-heal|p1a: Garganacl|69/100|[from] item: Leftovers
|-damage|p2a: Scizor|13/100|[from] Salt Cure
|upkeep
|turn|18
|
|t:|1760798250
|move|p2a: Scizor|Lunge|p1a: Garganacl
|-resisted|p1a: Garganacl
|-damage|p1a: Garganacl|64/100
|-unboost|p1a: Garganacl|atk|1
|move|p1a: Garganacl|Recover|p1a: Garganacl
|-heal|p1a: Garganacl|100/100
|
|-heal|p2a: Scizor|19/100|[from] item: Leftovers
|-damage|p2a: Scizor|0 fnt|[from] Salt Cure
|faint|p2a: Scizor
|upkeep
|
|t:|1760798260
|switch|p2a: Pelipper|Pelipper, F|44/100
|-weather|RainDance|[from] ability: Drizzle|[of] p2a: Pelipper
|turn|19
|
|t:|1760798266
|move|p2a: Pelipper|Weather Ball|p1a: Garganacl
|-damage|p1a: Garganacl|68/100
|move|p1a: Garganacl|Salt Cure|p2a: Pelipper
|-supereffective|p2a: Pelipper
|-damage|p2a: Pelipper|32/100
|-start|p2a: Pelipper|Salt Cure
|
|-weather|RainDance|[upkeep]
|-heal|p1a: Garganacl|74/100|[from] item: Leftovers
|-damage|p2a: Pelipper|7/100|[from] Salt Cure
|upkeep
|turn|20
|
|t:|1760798275
|move|p2a: Pelipper|Knock Off|p1a: Garganacl
|-damage|p1a: Garganacl|71/100
|-enditem|p1a: Garganacl|Leftovers|[from] move: Knock Off|[of] p2a: Pelipper
|move|p1a: Garganacl|Recover|p1a: Garganacl
|-heal|p1a: Garganacl|100/100
|
|-weather|RainDance|[upkeep]
|-damage|p2a: Pelipper|0 fnt|[from] Salt Cure
|faint|p2a: Pelipper
|upkeep
|
|t:|1760798283
|switch|p2a: Zapdos|Zapdos|100/100
|turn|21
|
|t:|1760798287
|-terastallize|p2a: Zapdos|Electric
|move|p2a: Zapdos|Thunder|p1a: Garganacl
|-supereffective|p1a: Garganacl
|-damage|p1a: Garganacl|0 fnt
|faint|p1a: Garganacl
|
|-weather|RainDance|[upkeep]
|upkeep
|
|t:|1760798291
|switch|p1a: Donphan|Donphan, L1, M, shiny|100/100
|turn|22
|
|t:|1760798297
|move|p2a: Zapdos|Hurricane|p1a: Donphan
|-ability|p1a: Donphan|Sturdy
|-damage|p1a: Donphan|8/100
|move|p1a: Donphan|Endeavor|p2a: Zapdos
|-damage|p2a: Zapdos|1/100
|-heal|p1a: Donphan|100/100|[from] item: Shell Bell|[of] p2a: Zapdos
|
|-weather|RainDance|[upkeep]
|upkeep
|turn|23
|
|t:|1760798307
|move|p1a: Donphan|Ice Shard|p2a: Zapdos
|-damage|p2a: Zapdos|0 fnt
|faint|p2a: Zapdos
|
|-weather|RainDance|[upkeep]
|upkeep
|
|t:|1760798316
|switch|p2a: Ogerpon|Ogerpon-Wellspring, F|100/100
|turn|24
|
|t:|1760798323
|move|p2a: Ogerpon|U-turn|p1a: Donphan
|-ability|p1a: Donphan|Sturdy
|-damage|p1a: Donphan|8/100
|
|t:|1760798326
|switch|p2a: Barraskewda|Barraskewda, M|100/100|[from] U-turn
|move|p1a: Donphan|Endeavor|p2a: Barraskewda
|-damage|p2a: Barraskewda|1/100
|-heal|p1a: Donphan|100/100|[from] item: Shell Bell|[of] p2a: Barraskewda
|
|-weather|RainDance|[upkeep]
|upkeep
|turn|25
|
|t:|1760798334
|switch|p2a: Ogerpon|Ogerpon-Wellspring, F|100/100
|move|p1a: Donphan|Ice Shard|p2a: Ogerpon
|-damage|p2a: Ogerpon|99/100
|
|-weather|RainDance|[upkeep]
|upkeep
|turn|26
|
|t:|1760798340
|switch|p2a: Barraskewda|Barraskewda, M|1/100
|move|p1a: Donphan|Endeavor|p2a: Barraskewda
|-immune|p2a: Barraskewda
|
|-weather|none
|upkeep
|turn|27
|
|t:|1760798347
|switch|p2a: Ogerpon|Ogerpon-Wellspring, F|99/100
|move|p1a: Donphan|Ice Shard|p2a: Ogerpon
|-damage|p2a: Ogerpon|99/100
|
|upkeep
|turn|28
|
|t:|1760798354
|switch|p2a: Barraskewda|Barraskewda, M|1/100
|move|p1a: Donphan|Endeavor|p2a: Barraskewda
|-immune|p2a: Barraskewda
|
|upkeep
|turn|29
|
|t:|1760798360
|switch|p2a: Ogerpon|Ogerpon-Wellspring, F|99/100
|move|p1a: Donphan|Ice Shard|p2a: Ogerpon
|-damage|p2a: Ogerpon|99/100
|
|upkeep
|turn|30
|
|t:|1760798365
|switch|p2a: Barraskewda|Barraskewda, M|1/100
|move|p1a: Donphan|Endeavor|p2a: Barraskewda
|-immune|p2a: Barraskewda
|
|upkeep
|turn|31
|
|t:|1760798371
|switch|p2a: Ogerpon|Ogerpon-Wellspring, F|99/100
|move|p1a: Donphan|Ice Shard|p2a: Ogerpon
|-damage|p2a: Ogerpon|99/100
|
|upkeep
|turn|32
|
|t:|1760798378
|switch|p2a: Barraskewda|Barraskewda, M|1/100
|move|p1a: Donphan|Knock Off|p2a: Barraskewda
|-damage|p2a: Barraskewda|0 fnt
|-enditem|p2a: Barraskewda|Life Orb|[from] move: Knock Off|[of] p1a: Donphan
|faint|p2a: Barraskewda
|
|upkeep
|
|t:|1760798384
|switch|p2a: Ogerpon|Ogerpon-Wellspring, F|99/100
|turn|33
|
|t:|1760798387
|move|p2a: Ogerpon|Horn Leech|p1a: Donphan
|-supereffective|p1a: Donphan
|-ability|p1a: Donphan|Sturdy
|-damage|p1a: Donphan|8/100
|-heal|p2a: Ogerpon|100/100|[from] drain|[of] p1a: Donphan
|move|p1a: Donphan|Endeavor|p2a: Ogerpon
|-damage|p2a: Ogerpon|1/100
|-heal|p1a: Donphan|100/100|[from] item: Shell Bell|[of] p2a: Ogerpon
|
|upkeep
|turn|34
|
|t:|1760798396
|move|p1a: Donphan|Ice Shard|p2a: Ogerpon
|-damage|p2a: Ogerpon|0 fnt
|faint|p2a: Ogerpon
|
|win|fwefwevvew
|raw|fwefwevvew's rating: 1212 &rarr; <strong>1243</strong><br />(+31 for winning)
|raw|dbuddy42's rating: 1293 &rarr; <strong>1262</strong><br />(-31 for losing)
|l|‽dbuddy42
|player|p2|
|l|☆fwefwevvew
|player|p1|
