|j|☆reqkt
|j|☆sssaau1
|t:|1760795620
|gametype|singles
|player|p1|reqkt|backpacker|1107
|player|p2|sssaau1|169|1147
|gen|9
|tier|[Gen 9] OU
|rated|
|rule|HP Percentage Mod: HP is shown in percentages
|rule|Endless Battle Clause: Forcing endless battles is banned
|rule|Species Clause: Limit one of each Pokémon
|rule|OHKO Clause: OHKO moves are banned
|rule|Evasion Items Clause: Evasion items are banned
|rule|Evasion Moves Clause: Evasion moves are banned
|rule|Evasion Abilities Clause: Evasion abilities are banned
|rule|Sleep Moves Clause: Sleep-inducing moves are banned
|clearpoke
|poke|p1|Zapdos-Galar|
|poke|p1|Articuno-Galar|
|poke|p1|Tornadus-Therian, M|
|poke|p1|Alomomola, M|
|poke|p1|Thundurus, M|
|poke|p1|Ninetales-Alola, F|
|poke|p2|Primarina, F|
|poke|p2|Moltres|
|poke|p2|Great Tusk|
|poke|p2|Gholdengo|
|poke|p2|Ogerpon, F|
|poke|p2|Dragapult, F|
|teampreview
|inactive|Battle timer is ON: inactive players will automatically lose when time's up. (requested by reqkt)
|
|t:|1760795625
|teamsize|p1|6
|teamsize|p2|6
|start
|switch|p1a: Ninetales|Ninetales-Alola, F|100/100
|switch|p2a: Ogerpon|Ogerpon, F|100/100
|-weather|Snowscape|[from] ability: Snow Warning|[of] p1a: Ninetales
|turn|1
|
|t:|1760795629
|move|p2a: Ogerpon|Knock Off|p1a: Ninetales
|-resisted|p1a: Ninetales
|-damage|p1a: Ninetales|85/100
|-enditem|p1a: Ninetales|Focus Sash|[from] move: Knock Off|[of] p2a: Ogerpon
|move|p1a: Ninetales|Aurora Veil|p1a: Ninetales
|-sidestart|p1: reqkt|move: Aurora Veil
|
|-weather|Snowscape|[upkeep]
|upkeep
|turn|2
|inactive|reqkt has 120 seconds left.
|
|t:|1760795674
|switch|p1a: Tornadus|Tornadus-Therian, M|100/100
|move|p2a: Ogerpon|Encore||[still]
|-fail|p2a: Ogerpon
|
|-weather|Snowscape|[upkeep]
|upkeep
|turn|3
|
|t:|1760795685
|switch|p2a: Moltres|Moltres|100/100
|move|p1a: Tornadus|Bleakwind Storm|p2a: Moltres|[miss]
|-miss|p1a: Tornadus|p2a: Moltres
|
|-weather|Snowscape|[upkeep]
|upkeep
|turn|4
|
|t:|1760795692
|move|p1a: Tornadus|Tailwind|p1a: Tornadus
|-sidestart|p1: reqkt|move: Tailwind
|move|p2a: Moltres|Roar|p1a: Tornadus
|drag|p1a: Articuno|Articuno-Galar, shiny|100/100
|
|-weather|Snowscape|[upkeep]
|upkeep
|turn|5
|inactive|reqkt has 120 seconds left.
|
|t:|1760795706
|switch|p1a: Thundurus|Thundurus, M|100/100
|move|p2a: Moltres|Roar|p1a: Thundurus
|drag|p1a: Tornadus|Tornadus-Therian, M|100/100
|
|-weather|none
|-sideend|p1: reqkt|move: Aurora Veil
|upkeep
|turn|6
|inactive|reqkt has 120 seconds left.
|
|t:|1760795716
|move|p1a: Tornadus|U-turn|p2a: Moltres
|-resisted|p2a: Moltres
|-damage|p2a: Moltres|98/100
|inactive|reqkt has 120 seconds left.
|
|t:|1760795724
|switch|p1a: Ninetales|Ninetales-Alola, F|85/100|[from] U-turn
|-weather|Snowscape|[from] ability: Snow Warning|[of] p1a: Ninetales
|move|p2a: Moltres|U-turn|p1a: Ninetales
|-resisted|p1a: Ninetales
|-crit|p1a: Ninetales
|-damage|p1a: Ninetales|75/100
|
|t:|1760795739
|switch|p2a: Great Tusk|Great Tusk|100/100|[from] U-turn
|
|-weather|Snowscape|[upkeep]
|upkeep
|turn|7
|
|t:|1760795746
|move|p1a: Ninetales|Aurora Veil|p1a: Ninetales
|-sidestart|p1: reqkt|move: Aurora Veil
|move|p2a: Great Tusk|Stealth Rock|p1a: Ninetales
|-sidestart|p1: reqkt|move: Stealth Rock
|
|-weather|Snowscape|[upkeep]
|-sideend|p1: reqkt|move: Tailwind
|upkeep
|turn|8
|
|t:|1760795752
|move|p1a: Ninetales|Moonblast|p2a: Great Tusk
|-supereffective|p2a: Great Tusk
|-damage|p2a: Great Tusk|9/100
|-unboost|p2a: Great Tusk|spa|1
|move|p2a: Great Tusk|Ice Spinner|p1a: Ninetales
|-resisted|p1a: Ninetales
|-damage|p1a: Ninetales|69/100
|
|-weather|Snowscape|[upkeep]
|upkeep
|turn|9
|
|t:|1760795763
|move|p1a: Ninetales|Moonblast|p2a: Great Tusk
|-supereffective|p2a: Great Tusk
|-damage|p2a: Great Tusk|0 fnt
|faint|p2a: Great Tusk
|-end|p2a: Great Tusk|Protosynthesis|[silent]
|
|-weather|Snowscape|[upkeep]
|upkeep
|
|t:|1760795770
|switch|p2a: Moltres|Moltres|98/100
|turn|10
|
|t:|1760795784
|switch|p1a: Alomomola|Alomomola, M|100/100
|-damage|p1a: Alomomola|88/100|[from] Stealth Rock
|move|p2a: Moltres|Overheat|p1a: Alomomola
|-resisted|p1a: Alomomola
|-damage|p1a: Alomomola|70/100
|-unboost|p2a: Moltres|spa|2
|-enditem|p1a: Alomomola|Red Card|[of] p2a: Moltres
|drag|p2a: Gholdengo|Gholdengo|100/100
|
|-weather|none
|upkeep
|turn|11
|
|t:|1760795796
|move|p2a: Gholdengo|Shadow Ball|p1a: Alomomola
|-damage|p1a: Alomomola|26/100
|move|p1a: Alomomola|Wish|p1a: Alomomola
|
|-sideend|p1: reqkt|move: Aurora Veil
|upkeep
|turn|12
|
|t:|1760795811
|switch|p1a: Zapdos|Zapdos-Galar|100/100
|-damage|p1a: Zapdos|88/100|[from] Stealth Rock
|move|p2a: Gholdengo|Shadow Ball|p1a: Zapdos
|-damage|p1a: Zapdos|7/100
|-enditem|p1a: Zapdos|Sitrus Berry|[eat]
|-heal|p1a: Zapdos|32/100|[from] item: Sitrus Berry
|
|-heal|p1a: Zapdos|100/100|[from] move: Wish|[wisher] Alomomola
|upkeep
|turn|13
|
|t:|1760795825
|switch|p2a: Moltres|Moltres|98/100
|-terastallize|p1a: Zapdos|Dark
|move|p1a: Zapdos|Knock Off|p2a: Moltres
|-damage|p2a: Moltres|63/100
|-status|p1a: Zapdos|brn|[from] ability: Flame Body|[of] p2a: Moltres
|-enditem|p2a: Moltres|Heavy-Duty Boots|[from] move: Knock Off|[of] p1a: Zapdos
|
|-damage|p1a: Zapdos|94/100 brn|[from] brn
|upkeep
|turn|14
|
|t:|1760795844
|move|p1a: Zapdos|U-turn|p2a: Moltres
|-resisted|p2a: Moltres
|-damage|p2a: Moltres|61/100
|
|t:|1760795848
|switch|p1a: Thundurus|Thundurus, M|100/100|[from] U-turn
|move|p2a: Moltres|U-turn|p1a: Thundurus
|-resisted|p1a: Thundurus
|-damage|p1a: Thundurus|90/100
|
|t:|1760795859
|switch|p2a: Gholdengo|Gholdengo|100/100|[from] U-turn
|
|upkeep
|turn|15
|
|t:|1760795871
|move|p1a: Thundurus|Volt Switch|p2a: Gholdengo
|-damage|p2a: Gholdengo|63/100
|
|t:|1760795876
|switch|p1a: Zapdos|Zapdos-Galar, tera:Dark|94/100 brn|[from] Volt Switch
|-damage|p1a: Zapdos|82/100 brn|[from] Stealth Rock
|move|p2a: Gholdengo|Dazzling Gleam|p1a: Zapdos
|-supereffective|p1a: Zapdos
|-damage|p1a: Zapdos|0 fnt
|faint|p1a: Zapdos
|
|upkeep
|
|t:|1760795893
|switch|p1a: Ninetales|Ninetales-Alola, F|69/100
|-damage|p1a: Ninetales|45/100|[from] Stealth Rock
|-weather|Snowscape|[from] ability: Snow Warning|[of] p1a: Ninetales
|turn|16
|
|t:|1760795899
|move|p1a: Ninetales|Aurora Veil|p1a: Ninetales
|-sidestart|p1: reqkt|move: Aurora Veil
|move|p2a: Gholdengo|Dazzling Gleam|p1a: Ninetales
|-damage|p1a: Ninetales|22/100
|
|-weather|Snowscape|[upkeep]
|upkeep
|turn|17
|
|t:|1760795912
|switch|p1a: Articuno|Articuno-Galar, shiny|100/100
|-damage|p1a: Articuno|76/100|[from] Stealth Rock
|switch|p2a: Moltres|Moltres|61/100
|
|-weather|Snowscape|[upkeep]
|-heal|p1a: Articuno|82/100|[from] item: Leftovers
|upkeep
|turn|18
|
|t:|1760795926
|move|p1a: Articuno|Substitute|p1a: Articuno
|-start|p1a: Articuno|Substitute
|-damage|p1a: Articuno|57/100
|move|p2a: Moltres|Roar|p1a: Articuno
|drag|p1a: Ninetales|Ninetales-Alola, F|22/100
|-damage|p1a: Ninetales|0 fnt|[from] Stealth Rock
|faint|p1a: Ninetales
|
|-weather|Snowscape|[upkeep]
|upkeep
|
|t:|1760795940
|switch|p1a: Alomomola|Alomomola, M|59/100
|-damage|p1a: Alomomola|47/100|[from] Stealth Rock
|turn|19
|
|t:|1760795945
|move|p2a: Moltres|U-turn|p1a: Alomomola
|-damage|p1a: Alomomola|43/100
|
|t:|1760795952
|switch|p2a: Primarina|Primarina, F|100/100|[from] U-turn
|move|p1a: Alomomola|Wish|p1a: Alomomola
|
|-weather|Snowscape|[upkeep]
|upkeep
|turn|20
|
|t:|1760795964
|switch|p1a: Articuno|Articuno-Galar, shiny|57/100
|-damage|p1a: Articuno|32/100|[from] Stealth Rock
|move|p2a: Primarina|Moonblast|p1a: Articuno
|-damage|p1a: Articuno|6/100
|
|-weather|none
|-heal|p1a: Articuno|89/100|[from] move: Wish|[wisher] Alomomola
|-heal|p1a: Articuno|95/100|[from] item: Leftovers
|-sideend|p1: reqkt|move: Aurora Veil
|upkeep
|turn|21
|
|t:|1760795981
|move|p1a: Articuno|Substitute|p1a: Articuno
|-start|p1a: Articuno|Substitute
|-damage|p1a: Articuno|70/100
|move|p2a: Primarina|Flip Turn|p1a: Articuno
|-activate|p1a: Articuno|move: Substitute|[damage]
|
|t:|1760795984
|switch|p2a: Dragapult|Dragapult, F|100/100|[from] Flip Turn
|
|-heal|p1a: Articuno|77/100|[from] item: Leftovers
|upkeep
|turn|22
|
|t:|1760795993
|move|p2a: Dragapult|Dragon Darts|p1a: Articuno
|-end|p1a: Articuno|Substitute
|-anim|p2a: Dragapult|Dragon Darts|p1a: Articuno
|-crit|p1a: Articuno
|-damage|p1a: Articuno|3/100
|move|p1a: Articuno|Calm Mind|p1a: Articuno
|-boost|p1a: Articuno|spa|1
|-boost|p1a: Articuno|spd|1
|
|-heal|p1a: Articuno|10/100|[from] item: Leftovers
|upkeep
|turn|23
|
|t:|1760796002
|move|p2a: Dragapult|Dragon Darts|p1a: Articuno
|-damage|p1a: Articuno|0 fnt
|faint|p1a: Articuno
|
|upkeep
|
|t:|1760796008
|switch|p1a: Thundurus|Thundurus, M|90/100
|turn|24
|
|t:|1760796011
|move|p1a: Thundurus|Thunder Wave|p2a: Dragapult
|-status|p2a: Dragapult|par
|move|p2a: Dragapult|Dragon Darts|p1a: Thundurus
|-damage|p1a: Thundurus|31/100
|-anim|p2a: Dragapult|Dragon Darts|p1a: Thundurus
|-damage|p1a: Thundurus|0 fnt
|faint|p1a: Thundurus
|
|upkeep
|
|t:|1760796021
|switch|p1a: Tornadus|Tornadus-Therian, M|100/100
|-damage|p1a: Tornadus|76/100|[from] Stealth Rock
|turn|25
|
|t:|1760796025
|move|p1a: Tornadus|Bleakwind Storm|p2a: Dragapult
|-damage|p2a: Dragapult|33/100 par
|move|p2a: Dragapult|Dragon Darts|p1a: Tornadus
|-damage|p1a: Tornadus|22/100
|-anim|p2a: Dragapult|Dragon Darts|p1a: Tornadus
|-damage|p1a: Tornadus|0 fnt
|faint|p1a: Tornadus
|
|upkeep
|
|t:|1760796030
|switch|p1a: Alomomola|Alomomola, M|77/100
|-damage|p1a: Alomomola|64/100|[from] Stealth Rock
|turn|26
|
|t:|1760796034
|cant|p2a: Dragapult|par
|move|p1a: Alomomola|Alluring Voice|p2a: Dragapult
|-supereffective|p2a: Dragapult
|-damage|p2a: Dragapult|8/100 par
|
|upkeep
|turn|27
|
|t:|1760796037
|move|p1a: Alomomola|Protect|p1a: Alomomola
|-singleturn|p1a: Alomomola|Protect
|move|p2a: Dragapult|Dragon Darts|p1a: Alomomola
|-activate|p1a: Alomomola|move: Protect
|
|upkeep
|turn|28
|
|t:|1760796046
|move|p2a: Dragapult|Dragon Darts|p1a: Alomomola
|-damage|p1a: Alomomola|43/100
|-anim|p2a: Dragapult|Dragon Darts|p1a: Alomomola
|-damage|p1a: Alomomola|24/100
|move|p1a: Alomomola|Wish|p1a: Alomomola
|
|upkeep
|turn|29
|
|t:|1760796053
|switch|p2a: Ogerpon|Ogerpon, F|100/100
|move|p1a: Alomomola|Protect||[still]
|-fail|p1a: Alomomola
|
|-heal|p1a: Alomomola|74/100|[from] move: Wish|[wisher] Alomomola
|upkeep
|turn|30
|
|t:|1760796060
|move|p2a: Ogerpon|Encore|p1a: Alomomola
|-start|p1a: Alomomola|Encore
|move|p1a: Alomomola|Protect||[still]
|-fail|p1a: Alomomola
|
|upkeep
|turn|31
|
|t:|1760796064
|move|p1a: Alomomola|Protect|p1a: Alomomola
|-singleturn|p1a: Alomomola|Protect
|move|p2a: Ogerpon|Swords Dance|p2a: Ogerpon
|-boost|p2a: Ogerpon|atk|2
|
|upkeep
|turn|32
|
|t:|1760796068
|-terastallize|p2a: Ogerpon|Grass
|detailschange|p2a: Ogerpon|Ogerpon-Teal-Tera, F, tera:Grass
|-ability|p2a: Ogerpon|Embody Aspect (Teal)|boost
|-boost|p2a: Ogerpon|spe|1
|move|p1a: Alomomola|Protect||[still]
|-fail|p1a: Alomomola
|move|p2a: Ogerpon|Ivy Cudgel|p1a: Alomomola
|-supereffective|p1a: Alomomola
|-damage|p1a: Alomomola|0 fnt
|faint|p1a: Alomomola
|
|win|sssaau1
|raw|reqkt's rating: 1107 &rarr; <strong>1085</strong><br />(-22 for losing)
|raw|sssaau1's rating: 1147 &rarr; <strong>1169</strong><br />(+22 for winning)
|l|☆sssaau1
|player|p2|
|l|☆reqkt
|player|p1|
