|j|☆V1C7ORYY
|j|☆sleepyzera
|inactive|Battle timer is ON: inactive players will automatically lose when time's up.
|t:|1760853140
|gametype|singles
|player|p1|V1C7ORYY|bugcatcher-gen4dp|
|player|p2|sleepyzera|hilbert|
|gen|9
|tier|[Gen 9] OU
|rated|Tournament battle
|rule|HP Percentage Mod: HP is shown in percentages
|rule|Endless Battle Clause: Forcing endless battles is banned
|rule|Species Clause: Limit one of each Pokémon
|rule|OHKO Clause: OHKO moves are banned
|rule|Evasion Items Clause: Evasion items are banned
|rule|Evasion Moves Clause: Evasion moves are banned
|rule|Evasion Abilities Clause: Evasion abilities are banned
|rule|Sleep Moves Clause: Sleep-inducing moves are banned
|raw|<div class="infobox"><details class="readmore"><summary><strong>15 custom rules:</strong></summary> -burmy, -caterpie, -combee, -kricketot, -magikarp, -scatterbug, -sunkern, -tynamo, -typenull, -weedle, -wurmple, -cosmog, -blipbug, -snom, -wynaut</details></div>
|clearpoke
|poke|p1|Misdreavus, F|
|poke|p1|Ambipom, M|
|poke|p1|Igglybuff, M|
|poke|p1|Porygon|
|poke|p1|Turtwig, F|
|poke|p2|Shieldon, F|
|poke|p2|Crabrawler, F|
|poke|p2|Meditite, M|
|poke|p2|Basculin-White-Striped, M|
|poke|p2|Wugtrio, M|
|teampreview
|j|*Lady Monita ☀
|
|t:|1760853151
|teamsize|p1|5
|teamsize|p2|5
|start
|switch|p1a: Igglybuff|Igglybuff, M|100/100
|switch|p2a: Shieldon|Shieldon, F|100/100
|turn|1
|
|t:|1760853167
|move|p2a: Shieldon|Stealth Rock|p1a: Igglybuff
|-sidestart|p1: V1C7ORYY|move: Stealth Rock
|move|p1a: Igglybuff|Thunder Wave|p2a: Shieldon
|-status|p2a: Shieldon|par
|
|upkeep
|turn|2
|
|t:|1760853184
|switch|p1a: Misdreavus|Misdreavus, F|100/100
|-damage|p1a: Misdreavus|88/100|[from] Stealth Rock
|cant|p2a: Shieldon|par
|
|upkeep
|turn|3
|
|t:|1760853200
|move|p1a: Misdreavus|Calm Mind|p1a: Misdreavus
|-boost|p1a: Misdreavus|spa|1
|-boost|p1a: Misdreavus|spd|1
|move|p2a: Shieldon|Power Gem|p1a: Misdreavus
|-damage|p1a: Misdreavus|75/100
|
|upkeep
|turn|4
|
|t:|1760853211
|switch|p2a: Wugtrio|Wugtrio, M|100/100
|move|p1a: Misdreavus|Shadow Ball|p2a: Wugtrio
|-damage|p2a: Wugtrio|22/100
|-unboost|p2a: Wugtrio|spd|1
|
|upkeep
|turn|5
|
|t:|1760853220
|-terastallize|p2a: Wugtrio|Water
|move|p2a: Wugtrio|Aqua Jet|p1a: Misdreavus
|-damage|p1a: Misdreavus|49/100
|move|p1a: Misdreavus|Draining Kiss|p2a: Wugtrio
|-damage|p2a: Wugtrio|0 fnt
|-heal|p1a: Misdreavus|60/100|[from] drain|[of] p2a: Wugtrio
|-ability|p2a: Wugtrio|Gooey
|-unboost|p1a: Misdreavus|spe|1
|faint|p2a: Wugtrio
|
|upkeep
|c|☆sleepyzera|wrong move
|c|☆sleepyzera|...
|
|t:|1760853239
|switch|p2a: Basculin|Basculin-White-Striped, M|100/100
|turn|6
|
|t:|1760853244
|move|p2a: Basculin|Crunch|p1a: Misdreavus
|-supereffective|p1a: Misdreavus
|-damage|p1a: Misdreavus|30/100
|move|p1a: Misdreavus|Will-O-Wisp|p2a: Basculin
|-status|p2a: Basculin|brn
|
|-damage|p2a: Basculin|94/100 brn|[from] brn
|upkeep
|turn|7
|
|t:|1760853257
|move|p2a: Basculin|Crunch|p1a: Misdreavus
|-supereffective|p1a: Misdreavus
|-damage|p1a: Misdreavus|16/100
|move|p1a: Misdreavus|Draining Kiss|p2a: Basculin
|-damage|p2a: Basculin|76/100 brn
|-heal|p1a: Misdreavus|28/100|[from] drain|[of] p2a: Basculin
|
|-damage|p2a: Basculin|70/100 brn|[from] brn
|upkeep
|turn|8
|
|t:|1760853264
|move|p2a: Basculin|Crunch|p1a: Misdreavus
|-supereffective|p1a: Misdreavus
|-damage|p1a: Misdreavus|12/100
|move|p1a: Misdreavus|Draining Kiss|p2a: Basculin
|-damage|p2a: Basculin|49/100 brn
|-heal|p1a: Misdreavus|25/100|[from] drain|[of] p2a: Basculin
|
|-damage|p2a: Basculin|43/100 brn|[from] brn
|upkeep
|turn|9
|
|t:|1760853278
|switch|p2a: Crabrawler|Crabrawler, F|100/100
|move|p1a: Misdreavus|Draining Kiss|p2a: Crabrawler
|-supereffective|p2a: Crabrawler
|-damage|p2a: Crabrawler|33/100
|-heal|p1a: Misdreavus|72/100|[from] drain|[of] p2a: Crabrawler
|
|upkeep
|turn|10
|
|t:|1760853286
|move|p2a: Crabrawler|Ice Punch|p1a: Misdreavus
|-damage|p1a: Misdreavus|48/100
|move|p1a: Misdreavus|Draining Kiss|p2a: Crabrawler
|-supereffective|p2a: Crabrawler
|-damage|p2a: Crabrawler|0 fnt
|-heal|p1a: Misdreavus|70/100|[from] drain|[of] p2a: Crabrawler
|faint|p2a: Crabrawler
|
|upkeep
|
|t:|1760853289
|switch|p2a: Meditite|Meditite, M|100/100
|turn|11
|
|t:|1760853298
|move|p2a: Meditite|Zen Headbutt|p1a: Misdreavus
|-damage|p1a: Misdreavus|40/100
|move|p1a: Misdreavus|Draining Kiss|p2a: Meditite
|-supereffective|p2a: Meditite
|-damage|p2a: Meditite|20/100
|-heal|p1a: Misdreavus|77/100|[from] drain|[of] p2a: Meditite
|
|upkeep
|turn|12
|
|t:|1760853305
|move|p2a: Meditite|Zen Headbutt|p1a: Misdreavus
|-damage|p1a: Misdreavus|47/100
|cant|p1a: Misdreavus|flinch
|
|upkeep
|turn|13
|
|t:|1760853310
|move|p2a: Meditite|Zen Headbutt|p1a: Misdreavus
|-damage|p1a: Misdreavus|21/100
|cant|p1a: Misdreavus|flinch
|
|upkeep
|turn|14
|
|t:|1760853318
|move|p2a: Meditite|Zen Headbutt|p1a: Misdreavus
|-damage|p1a: Misdreavus|0 fnt
|faint|p1a: Misdreavus
|
|upkeep
|
|t:|1760853328
|switch|p1a: Ambipom|Ambipom, M|100/100
|-damage|p1a: Ambipom|88/100|[from] Stealth Rock
|turn|15
|
|t:|1760853339
|switch|p2a: Basculin|Basculin-White-Striped, M|43/100 brn
|move|p1a: Ambipom|Fake Out|p2a: Basculin
|-damage|p2a: Basculin|7/100 brn
|
|-damage|p2a: Basculin|1/100 brn|[from] brn
|upkeep
|turn|16
|
|t:|1760853357
|move|p2a: Basculin|Aqua Jet|p1a: Ambipom
|-damage|p1a: Ambipom|69/100
|move|p1a: Ambipom|U-turn|p2a: Basculin
|-damage|p2a: Basculin|0 fnt
|faint|p2a: Basculin
|
|t:|1760853366
|switch|p1a: Igglybuff|Igglybuff, M|100/100|[from] U-turn
|-damage|p1a: Igglybuff|88/100|[from] Stealth Rock
|
|upkeep
|
|t:|1760853375
|switch|p2a: Shieldon|Shieldon, F|100/100 par
|turn|17
|
|t:|1760853386
|switch|p1a: Porygon|Porygon|100/100
|-damage|p1a: Porygon|88/100|[from] Stealth Rock
|-ability|p1a: Porygon|Download|boost
|-boost|p1a: Porygon|spa|1
|move|p2a: Shieldon|Flash Cannon|p1a: Porygon
|-damage|p1a: Porygon|65/100
|
|upkeep
|turn|18
|
|t:|1760853395
|move|p1a: Porygon|Agility|p1a: Porygon
|-boost|p1a: Porygon|spe|2
|move|p2a: Shieldon|Flash Cannon|p1a: Porygon
|-damage|p1a: Porygon|40/100
|
|upkeep
|turn|19
|
|t:|1760853405
|move|p1a: Porygon|Recover|p1a: Porygon
|-heal|p1a: Porygon|91/100
|cant|p2a: Shieldon|par
|
|upkeep
|turn|20
|
|t:|1760853410
|move|p1a: Porygon|Shadow Ball|p2a: Shieldon
|-damage|p2a: Shieldon|66/100 par
|-unboost|p2a: Shieldon|spd|1
|cant|p2a: Shieldon|par
|
|upkeep
|turn|21
|
|t:|1760853416
|move|p1a: Porygon|Shadow Ball|p2a: Shieldon
|-damage|p2a: Shieldon|18/100 par
|move|p2a: Shieldon|Flash Cannon|p1a: Porygon
|-damage|p1a: Porygon|67/100
|
|upkeep
|turn|22
|c|☆sleepyzera|holly
|
|t:|1760853421
|move|p1a: Porygon|Shadow Ball|p2a: Shieldon
|-damage|p2a: Shieldon|0 fnt
|faint|p2a: Shieldon
|
|upkeep
|
|t:|1760853423
|switch|p2a: Meditite|Meditite, M|20/100
|turn|23
|
|t:|1760853430
|move|p2a: Meditite|Drain Punch|p1a: Porygon
|-supereffective|p1a: Porygon
|-damage|p1a: Porygon|0 fnt
|-heal|p2a: Meditite|65/100|[from] drain|[of] p1a: Porygon
|faint|p1a: Porygon
|
|upkeep
|
|t:|1760853455
|switch|p1a: Igglybuff|Igglybuff, M|88/100
|-damage|p1a: Igglybuff|75/100|[from] Stealth Rock
|turn|24
|
|t:|1760853459
|move|p2a: Meditite|Drain Punch|p1a: Igglybuff
|-damage|p1a: Igglybuff|0 fnt
|-heal|p2a: Meditite|100/100|[from] drain|[of] p1a: Igglybuff
|faint|p1a: Igglybuff
|
|upkeep
|
|t:|1760853462
|switch|p1a: Turtwig|Turtwig, F|100/100
|-damage|p1a: Turtwig|88/100|[from] Stealth Rock
|turn|25
|
|t:|1760853469
|move|p2a: Meditite|Drain Punch|p1a: Turtwig
|-damage|p1a: Turtwig|16/100
|move|p1a: Turtwig|Body Slam|p2a: Meditite
|-damage|p2a: Meditite|44/100
|
|upkeep
|turn|26
|
|t:|1760853476
|move|p2a: Meditite|Drain Punch|p1a: Turtwig
|-damage|p1a: Turtwig|0 fnt
|-heal|p2a: Meditite|54/100|[from] drain|[of] p1a: Turtwig
|faint|p1a: Turtwig
|
|upkeep
|
|t:|1760853478
|switch|p1a: Ambipom|Ambipom, M|69/100
|-damage|p1a: Ambipom|57/100|[from] Stealth Rock
|turn|27
|
|t:|1760853483
|move|p1a: Ambipom|Fake Out|p2a: Meditite
|-damage|p2a: Meditite|0 fnt
|faint|p2a: Meditite
|
|win|V1C7ORYY
|n|☆V1C7ORYY|v1c7oryy
|n|☆sleepyzera|sleepyzera
|n|*Lady Monita ☀|ladymonita
