|j|☆neonlikeburritos
|j|☆nezk025
|t:|1760785318
|gametype|singles
|player|p1|neonlikeburritos|hilbert|1261
|player|p2|nezk025|nate|1360
|gen|9
|tier|[Gen 9] OU
|rated|
|rule|HP Percentage Mod: HP is shown in percentages
|rule|Endless Battle Clause: Forcing endless battles is banned
|rule|Species Clause: Limit one of each Pokémon
|rule|OHKO Clause: OHKO moves are banned
|rule|Evasion Items Clause: Evasion items are banned
|rule|Evasion Moves Clause: Evasion moves are banned
|rule|Evasion Abilities Clause: Evasion abilities are banned
|rule|Sleep Moves Clause: Sleep-inducing moves are banned
|clearpoke
|poke|p1|Greninja-*, M|
|poke|p1|Ceruledge, F|
|poke|p1|Luxray, F|
|poke|p1|Umbreon, F|
|poke|p1|Charizard, F|
|poke|p1|Garchomp, M|
|poke|p2|Ogerpon-Wellspring, F|
|poke|p2|Kingambit, F|
|poke|p2|Landorus-Therian, M|
|poke|p2|Glimmora, F|
|poke|p2|Dragapult, M|
|poke|p2|Iron Valiant|
|teampreview
|inactive|Battle timer is ON: inactive players will automatically lose when time's up. (requested by neonlikeburritos)
|
|t:|1760785344
|teamsize|p1|6
|teamsize|p2|6
|start
|switch|p1a: Lucy|Luxray, F|100/100
|switch|p2a: Ogerpon|Ogerpon-Wellspring, F|100/100
|turn|1
|
|t:|1760785357
|switch|p2a: Landorus|Landorus-Therian, M|100/100
|-ability|p2a: Landorus|Intimidate|boost
|-unboost|p1a: Lucy|atk|1
|move|p1a: Lucy|Supercell Slam|p2a: Landorus
|-immune|p2a: Landorus
|-damage|p1a: Lucy|51/100|[from] supercellslam
|
|-status|p1a: Lucy|brn|[from] item: Flame Orb
|upkeep
|turn|2
|
|t:|1760785383
|move|p2a: Landorus|Stealth Rock|p1a: Lucy
|-sidestart|p1: neonlikeburritos|move: Stealth Rock
|move|p1a: Lucy|Ice Fang|p2a: Landorus
|-supereffective|p2a: Landorus
|-damage|p2a: Landorus|13/100
|-damage|p1a: Lucy|34/100 brn|[from] item: Rocky Helmet|[of] p2a: Landorus
|
|-damage|p1a: Lucy|28/100 brn|[from] brn
|upkeep
|turn|3
|
|t:|1760785391
|move|p2a: Landorus|Earthquake|p1a: Lucy
|-supereffective|p1a: Lucy
|-damage|p1a: Lucy|0 fnt
|faint|p1a: Lucy
|
|upkeep
|
|t:|1760785396
|switch|p1a: Greninja|Greninja, M|100/100
|-damage|p1a: Greninja|88/100|[from] Stealth Rock
|turn|4
|
|t:|1760785405
|switch|p2a: Kingambit|Kingambit, F|100/100
|move|p1a: Greninja|Dark Pulse|p2a: Kingambit
|-resisted|p2a: Kingambit
|-damage|p2a: Kingambit|83/100
|
|-heal|p2a: Kingambit|90/100|[from] item: Leftovers
|upkeep
|turn|5
|
|t:|1760785414
|switch|p1a: Chance|Garchomp, M|100/100
|-damage|p1a: Chance|94/100|[from] Stealth Rock
|move|p2a: Kingambit|Kowtow Cleave|p1a: Chance
|-damage|p1a: Chance|45/100
|-damage|p2a: Kingambit|77/100|[from] ability: Rough Skin|[of] p1a: Chance
|
|-heal|p2a: Kingambit|83/100|[from] item: Leftovers
|upkeep
|turn|6
|
|t:|1760785432
|-end|p2a: Kingambit|fallenundefined|[silent]
|switch|p2a: Ogerpon|Ogerpon-Wellspring, F|100/100
|move|p1a: Chance|Earthquake|p2a: Ogerpon
|-resisted|p2a: Ogerpon
|-damage|p2a: Ogerpon|65/100
|
|upkeep
|turn|7
|
|t:|1760785450
|move|p2a: Ogerpon|Ivy Cudgel|p1a: Chance|[anim] Ivy Cudgel Water
|-damage|p1a: Chance|0 fnt
|faint|p1a: Chance
|
|upkeep
|
|t:|1760785456
|switch|p1a: Umbreon|Umbreon, F, shiny|100/100
|-damage|p1a: Umbreon|88/100|[from] Stealth Rock
|turn|8
|
|t:|1760785460
|move|p2a: Ogerpon|Taunt|p1a: Umbreon
|-start|p1a: Umbreon|move: Taunt
|cant|p1a: Umbreon|move: Taunt|Toxic
|
|-heal|p1a: Umbreon|94/100|[from] item: Leftovers
|upkeep
|turn|9
|
|t:|1760785470
|switch|p2a: Kingambit|Kingambit, F|83/100
|move|p1a: Umbreon|Foul Play|p2a: Kingambit
|-resisted|p2a: Kingambit
|-damage|p2a: Kingambit|62/100
|
|-heal|p1a: Umbreon|99/100|[from] item: Leftovers
|-heal|p2a: Kingambit|68/100|[from] item: Leftovers
|upkeep
|turn|10
|
|t:|1760785479
|switch|p1a: Charizard|Charizard, F, shiny|100/100
|-damage|p1a: Charizard|50/100|[from] Stealth Rock
|-enditem|p1a: Charizard|Sitrus Berry|[eat]
|-heal|p1a: Charizard|75/100|[from] item: Sitrus Berry
|-end|p2a: Kingambit|fallenundefined|[silent]
|switch|p2a: Glimmora|Glimmora, F|100/100
|
|upkeep
|turn|11
|
|t:|1760785505
|move|p1a: Charizard|Earthquake|p2a: Glimmora
|-supereffective|p2a: Glimmora
|-damage|p2a: Glimmora|0 fnt
|-activate|p2a: Glimmora|ability: Toxic Debris
|-sidestart|p1: neonlikeburritos|move: Toxic Spikes
|faint|p2a: Glimmora
|
|upkeep
|
|t:|1760785509
|switch|p2a: Dragapult|Dragapult, M|100/100
|turn|12
|
|t:|1760785516
|move|p2a: Dragapult|Shadow Ball|p1a: Charizard
|-damage|p1a: Charizard|6/100
|move|p1a: Charizard|Belly Drum||[still]
|-fail|p1a: Charizard
|
|upkeep
|turn|13
|
|t:|1760785521
|move|p2a: Dragapult|Shadow Ball|p1a: Charizard
|-damage|p1a: Charizard|0 fnt
|faint|p1a: Charizard
|
|upkeep
|
|t:|1760785530
|switch|p1a: Umbreon|Umbreon, F, shiny|99/100
|-damage|p1a: Umbreon|88/100|[from] Stealth Rock
|-status|p1a: Umbreon|psn
|turn|14
|
|t:|1760785537
|switch|p2a: Landorus|Landorus-Therian, M|13/100
|-ability|p2a: Landorus|Intimidate|boost
|-unboost|p1a: Umbreon|atk|1
|-terastallize|p1a: Umbreon|Poison
|move|p1a: Umbreon|Toxic|p2a: Landorus
|-status|p2a: Landorus|tox
|
|-heal|p1a: Umbreon|94/100 psn|[from] item: Leftovers
|-damage|p2a: Landorus|7/100 tox|[from] psn
|-damage|p1a: Umbreon|81/100 psn|[from] psn
|upkeep
|turn|15
|
|t:|1760785545
|move|p2a: Landorus|Earthquake|p1a: Umbreon
|-supereffective|p1a: Umbreon
|-damage|p1a: Umbreon|4/100 psn
|move|p1a: Umbreon|Wish|p1a: Umbreon
|
|-heal|p1a: Umbreon|10/100 psn|[from] item: Leftovers
|-damage|p2a: Landorus|0 fnt|[from] psn
|faint|p2a: Landorus
|-damage|p1a: Umbreon|0 fnt|[from] psn
|faint|p1a: Umbreon
|upkeep
|
|t:|1760785559
|switch|p2a: Ogerpon|Ogerpon-Wellspring, F|65/100
|switch|p1a: Ceruledge|Ceruledge, F|100/100
|-damage|p1a: Ceruledge|76/100|[from] Stealth Rock
|-status|p1a: Ceruledge|psn
|turn|16
|
|t:|1760785564
|move|p2a: Ogerpon|Ivy Cudgel|p1a: Ceruledge|[anim] Ivy Cudgel Water
|-supereffective|p1a: Ceruledge
|-damage|p1a: Ceruledge|0 fnt
|faint|p1a: Ceruledge
|
|upkeep
|
|t:|1760785566
|switch|p1a: Greninja|Greninja, M|88/100
|-damage|p1a: Greninja|76/100|[from] Stealth Rock
|-status|p1a: Greninja|psn
|turn|17
|
|t:|1760785571
|-terastallize|p2a: Ogerpon|Water
|detailschange|p2a: Ogerpon|Ogerpon-Wellspring-Tera, F, tera:Water
|-ability|p2a: Ogerpon|Embody Aspect (Wellspring)|boost
|-boost|p2a: Ogerpon|spd|1
|move|p1a: Greninja|Dark Pulse|p2a: Ogerpon
|-damage|p2a: Ogerpon|38/100
|move|p2a: Ogerpon|Horn Leech|p1a: Greninja
|-supereffective|p1a: Greninja
|-damage|p1a: Greninja|0 fnt
|-heal|p2a: Ogerpon|74/100|[from] drain|[of] p1a: Greninja
|faint|p1a: Greninja
|
|win|nezk025
|raw|neonlikeburritos's rating: 1261 &rarr; <strong>1243</strong><br />(-18 for losing)
|raw|nezk025's rating: 1360 &rarr; <strong>1374</strong><br />(+14 for winning)
|l|☆neonlikeburritos
|player|p1|
|l|☆nezk025
|player|p2|
