|j|☆cork it kojo
|j|☆adjkadssad
|t:|1760876781
|gametype|singles
|player|p1|cork it kojo|elesa|1364
|player|p2|adjkadssad|101|1330
|gen|9
|tier|[Gen 9] OU
|rated|
|rule|HP Percentage Mod: HP is shown in percentages
|rule|Endless Battle Clause: Forcing endless battles is banned
|rule|Species Clause: Limit one of each Pokémon
|rule|OHKO Clause: OHKO moves are banned
|rule|Evasion Items Clause: Evasion items are banned
|rule|Evasion Moves Clause: Evasion moves are banned
|rule|Evasion Abilities Clause: Evasion abilities are banned
|rule|Sleep Moves Clause: Sleep-inducing moves are banned
|clearpoke
|poke|p1|Gholdengo|
|poke|p1|Zamazenta-*|
|poke|p1|Ting-Lu|
|poke|p1|Clefable, F|
|poke|p1|Dragonite, M|
|poke|p1|Deoxys-Speed|
|poke|p2|Pelipper, M|
|poke|p2|Poliwrath, F|
|poke|p2|Kilowattrel, M|
|poke|p2|Scream Tail|
|poke|p2|Overqwil, M|
|poke|p2|Zamazenta-*|
|teampreview
|inactive|Battle timer is ON: inactive players will automatically lose when time's up. (requested by adjkadssad)
|
|t:|1760876802
|teamsize|p1|6
|teamsize|p2|6
|start
|switch|p1a: Deoxys|Deoxys-Speed|100/100
|switch|p2a: Pelipper|Pelipper, M, shiny|100/100
|-ability|p1a: Deoxys|Pressure
|-weather|RainDance|[from] ability: Drizzle|[of] p2a: Pelipper
|turn|1
|
|t:|1760876819
|switch|p2a: Overqwil|Overqwil, M, shiny|100/100
|move|p1a: Deoxys|Thunderbolt|p2a: Overqwil
|-damage|p2a: Overqwil|58/100
|
|-weather|RainDance|[upkeep]
|upkeep
|turn|2
|
|t:|1760876829
|switch|p1a: Zamazenta|Zamazenta|100/100
|-ability|p1a: Zamazenta|Dauntless Shield|boost
|-boost|p1a: Zamazenta|def|1
|move|p2a: Overqwil|Crunch|p1a: Zamazenta
|-resisted|p1a: Zamazenta
|-damage|p1a: Zamazenta|86/100
|-damage|p2a: Overqwil|48/100|[from] item: Life Orb
|
|-weather|RainDance|[upkeep]
|upkeep
|turn|3
|
|t:|1760876839
|switch|p2a: Scream Tail|Scream Tail|100/100
|move|p1a: Zamazenta|Close Combat|p2a: Scream Tail
|-resisted|p2a: Scream Tail
|-damage|p2a: Scream Tail|88/100
|-unboost|p1a: Zamazenta|def|1
|-unboost|p1a: Zamazenta|spd|1
|
|-weather|RainDance|[upkeep]
|upkeep
|turn|4
|
|t:|1760876846
|switch|p1a: Ting-Lu|Ting-Lu|100/100
|-ability|p1a: Ting-Lu|Vessel of Ruin
|move|p2a: Scream Tail|Reflect|p2a: Scream Tail
|-sidestart|p2: adjkadssad|Reflect
|
|-weather|RainDance|[upkeep]
|upkeep
|turn|5
|
|t:|1760876854
|move|p2a: Scream Tail|Light Screen|p2a: Scream Tail
|-sidestart|p2: adjkadssad|move: Light Screen
|move|p1a: Ting-Lu|Spikes|p2a: Scream Tail
|-sidestart|p2: adjkadssad|Spikes
|
|-weather|RainDance|[upkeep]
|upkeep
|turn|6
|
|t:|1760876863
|-end|p2a: Scream Tail|Protosynthesis|[silent]
|switch|p2a: Poliwrath|Poliwrath, F|100/100
|-damage|p2a: Poliwrath|88/100|[from] Spikes
|move|p1a: Ting-Lu|Whirlwind|p2a: Poliwrath
|drag|p2a: Scream Tail|Scream Tail|88/100
|-damage|p2a: Scream Tail|75/100|[from] Spikes
|
|-weather|RainDance|[upkeep]
|upkeep
|turn|7
|
|t:|1760876871
|move|p2a: Scream Tail|Wish|p2a: Scream Tail
|move|p1a: Ting-Lu|Spikes|p2a: Scream Tail
|-sidestart|p2: adjkadssad|Spikes
|
|-weather|RainDance|[upkeep]
|upkeep
|turn|8
|
|t:|1760876876
|move|p2a: Scream Tail|Encore|p1a: Ting-Lu
|-start|p1a: Ting-Lu|Encore
|move|p1a: Ting-Lu|Spikes|p2a: Scream Tail
|-sidestart|p2: adjkadssad|Spikes
|
|-weather|none
|-heal|p2a: Scream Tail|100/100|[from] move: Wish|[wisher] Scream Tail
|upkeep
|turn|9
|
|t:|1760876882
|-end|p2a: Scream Tail|Protosynthesis|[silent]
|switch|p2a: Pelipper|Pelipper, M, shiny|100/100
|-weather|RainDance|[from] ability: Drizzle|[of] p2a: Pelipper
|switch|p1a: Clefable|Clefable, F|100/100
|
|-weather|RainDance|[upkeep]
|upkeep
|turn|10
|
|t:|1760876891
|move|p2a: Pelipper|U-turn|p1a: Clefable
|-resisted|p1a: Clefable
|-damage|p1a: Clefable|97/100
|-damage|p2a: Pelipper|84/100|[from] item: Rocky Helmet|[of] p1a: Clefable
|
|t:|1760876899
|switch|p2a: Overqwil|Overqwil, M, shiny|48/100|[from] U-turn
|-damage|p2a: Overqwil|24/100|[from] Spikes
|move|p1a: Clefable|Stealth Rock|p2a: Overqwil
|-sidestart|p2: adjkadssad|move: Stealth Rock
|
|-weather|RainDance|[upkeep]
|upkeep
|turn|11
|
|t:|1760876905
|switch|p1a: Zamazenta|Zamazenta|86/100
|move|p2a: Overqwil|Gunk Shot|p1a: Zamazenta
|-damage|p1a: Zamazenta|11/100
|-damage|p2a: Overqwil|14/100|[from] item: Life Orb
|
|-weather|RainDance|[upkeep]
|-sideend|p2: adjkadssad|Reflect
|upkeep
|turn|12
|
|t:|1760876921
|move|p2a: Overqwil|Waterfall|p1a: Zamazenta
|-damage|p1a: Zamazenta|0 fnt
|faint|p1a: Zamazenta
|-damage|p2a: Overqwil|4/100|[from] item: Life Orb
|
|-weather|RainDance|[upkeep]
|-sideend|p2: adjkadssad|move: Light Screen
|upkeep
|
|t:|1760876927
|switch|p1a: Dragonite|Dragonite, M|100/100
|turn|13
|
|t:|1760876935
|move|p1a: Dragonite|Extreme Speed|p2a: Overqwil
|-damage|p2a: Overqwil|0 fnt
|faint|p2a: Overqwil
|
|-weather|RainDance|[upkeep]
|upkeep
|
|t:|1760876946
|switch|p2a: Kilowattrel|Kilowattrel, M, shiny|100/100
|-damage|p2a: Kilowattrel|76/100|[from] Stealth Rock
|turn|14
|
|t:|1760876952
|switch|p1a: Ting-Lu|Ting-Lu|100/100
|-ability|p1a: Ting-Lu|Vessel of Ruin
|move|p2a: Kilowattrel|Thunder|p1a: Ting-Lu
|-immune|p1a: Ting-Lu
|
|-weather|RainDance|[upkeep]
|upkeep
|turn|15
|
|t:|1760876957
|move|p2a: Kilowattrel|Weather Ball|p1a: Ting-Lu
|-supereffective|p1a: Ting-Lu
|-damage|p1a: Ting-Lu|50/100
|-damage|p2a: Kilowattrel|66/100|[from] item: Life Orb
|move|p1a: Ting-Lu|Whirlwind|p2a: Kilowattrel
|drag|p2a: Poliwrath|Poliwrath, F|88/100
|-damage|p2a: Poliwrath|63/100|[from] Spikes
|-damage|p2a: Poliwrath|57/100|[from] Stealth Rock
|
|-weather|RainDance|[upkeep]
|-heal|p1a: Ting-Lu|56/100|[from] item: Leftovers
|upkeep
|turn|16
|
|t:|1760876972
|switch|p1a: Clefable|Clefable, F|97/100
|move|p2a: Poliwrath|Ice Punch|p1a: Clefable
|-damage|p1a: Clefable|80/100
|-damage|p2a: Poliwrath|40/100|[from] item: Rocky Helmet|[of] p1a: Clefable
|-enditem|p2a: Poliwrath|Sitrus Berry|[eat]
|-heal|p2a: Poliwrath|65/100|[from] item: Sitrus Berry
|
|-weather|none
|upkeep
|turn|17
|
|t:|1760876993
|-terastallize|p2a: Poliwrath|Steel
|move|p2a: Poliwrath|Belly Drum|p2a: Poliwrath
|-damage|p2a: Poliwrath|15/100
|-setboost|p2a: Poliwrath|atk|6|[from] move: Belly Drum
|move|p1a: Clefable|Moonblast|p2a: Poliwrath
|-resisted|p2a: Poliwrath
|-damage|p2a: Poliwrath|0 fnt
|faint|p2a: Poliwrath
|
|upkeep
|inactive|adjkadssad has 120 seconds left.
|inactive|adjkadssad has 90 seconds left.
|inactive|adjkadssad has 60 seconds left.
|inactive|adjkadssad has 30 seconds left.
|inactive|adjkadssad has 20 seconds left.
|inactive|adjkadssad has 15 seconds left.
|inactive|adjkadssad has 10 seconds left.
|inactive|adjkadssad has 5 seconds left.
|-message|adjkadssad lost due to inactivity.
|
|win|cork it kojo
|raw|cork it kojo's rating: 1364 &rarr; <strong>1381</strong><br />(+17 for winning)
|raw|adjkadssad's rating: 1309 &rarr; <strong>1292</strong><br />(-17 for losing)
|l|☆adjkadssad
|player|p2|
