|j|☆sakigo
|j|☆BlueEyesKaiba
|t:|1760760145
|gametype|singles
|player|p1|sakigo|nancy|1660
|player|p2|BlueEyesKaiba|lance|1517
|gen|9
|tier|[Gen 9] OU
|rated|
|rule|HP Percentage Mod: HP is shown in percentages
|rule|Endless Battle Clause: Forcing endless battles is banned
|rule|Species Clause: Limit one of each Pokémon
|rule|OHKO Clause: OHKO moves are banned
|rule|Evasion Items Clause: Evasion items are banned
|rule|Evasion Moves Clause: Evasion moves are banned
|rule|Evasion Abilities Clause: Evasion abilities are banned
|rule|Sleep Moves Clause: Sleep-inducing moves are banned
|clearpoke
|poke|p1|Raging Bolt|
|poke|p1|Ninetales, F|
|poke|p1|Walking Wake|
|poke|p1|Hatterene, F|
|poke|p1|Kingambit, M|
|poke|p1|Landorus-Therian, M|
|poke|p2|Suicune|
|poke|p2|Dragonite, F|
|poke|p2|Cinderace, F|
|poke|p2|Blaziken, M|
|poke|p2|Zamazenta-*|
|poke|p2|Latias, F|
|teampreview
|inactive|Battle timer is ON: inactive players will automatically lose when time's up. (requested by BlueEyesKaiba)
|
|t:|1760760168
|teamsize|p1|6
|teamsize|p2|6
|start
|switch|p1a: Landorus|Landorus-Therian, M, shiny|100/100
|switch|p2a: Suicune|Suicune, shiny|100/100
|-ability|p1a: Landorus|Intimidate|boost
|-unboost|p2a: Suicune|atk|1
|-ability|p2a: Suicune|Pressure
|turn|1
|
|t:|1760760181
|move|p1a: Landorus|U-turn|p2a: Suicune
|-damage|p2a: Suicune|88/100
|
|t:|1760760185
|switch|p1a: Ninetales|Ninetales, F, shiny|100/100|[from] U-turn
|-weather|SunnyDay|[from] ability: Drought|[of] p1a: Ninetales
|move|p2a: Suicune|Scald|p1a: Ninetales
|-supereffective|p1a: Ninetales
|-damage|p1a: Ninetales|74/100
|
|-weather|SunnyDay|[upkeep]
|-heal|p2a: Suicune|94/100|[from] item: Leftovers
|upkeep
|turn|2
|
|t:|1760760201
|switch|p2a: Blaziken|Blaziken, M, shiny|100/100
|move|p1a: Ninetales|Will-O-Wisp|p2a: Blaziken
|-immune|p2a: Blaziken
|
|-weather|SunnyDay|[upkeep]
|upkeep
|turn|3
|
|t:|1760760209
|switch|p1a: Walking Wake|Walking Wake|100/100
|-activate|p1a: Walking Wake|ability: Protosynthesis
|-start|p1a: Walking Wake|protosynthesisspe
|move|p2a: Blaziken|Swords Dance|p2a: Blaziken
|-boost|p2a: Blaziken|atk|2
|
|-weather|SunnyDay|[upkeep]
|-ability|p2a: Blaziken|Speed Boost|boost
|-boost|p2a: Blaziken|spe|1
|upkeep
|turn|4
|
|t:|1760760221
|move|p1a: Walking Wake|Hydro Steam|p2a: Blaziken
|-supereffective|p2a: Blaziken
|-enditem|p2a: Blaziken|Focus Sash
|-damage|p2a: Blaziken|1/100
|move|p2a: Blaziken|Close Combat|p1a: Walking Wake
|-damage|p1a: Walking Wake|0 fnt
|-unboost|p2a: Blaziken|def|1
|-unboost|p2a: Blaziken|spd|1
|faint|p1a: Walking Wake
|-end|p1a: Walking Wake|Protosynthesis|[silent]
|
|-weather|SunnyDay|[upkeep]
|-ability|p2a: Blaziken|Speed Boost|boost
|-boost|p2a: Blaziken|spe|1
|upkeep
|
|t:|1760760236
|switch|p1a: Landorus|Landorus-Therian, M, shiny|100/100
|-ability|p1a: Landorus|Intimidate|boost
|-unboost|p2a: Blaziken|atk|1
|turn|5
|
|t:|1760760245
|move|p2a: Blaziken|Knock Off|p1a: Landorus
|-damage|p1a: Landorus|67/100
|-damage|p2a: Blaziken|0 fnt|[from] item: Rocky Helmet|[of] p1a: Landorus
|faint|p2a: Blaziken
|move|p1a: Landorus|U-turn|p2: Blaziken|[notarget]
|-fail|p1a: Landorus
|
|-weather|SunnyDay|[upkeep]
|upkeep
|j| But The Government
|l| But The Government
|
|t:|1760760269
|switch|p2a: Cinderace|Cinderace, F|100/100
|turn|6
|
|t:|1760760274
|move|p2a: Cinderace|Pyro Ball|p1a: Landorus
|-damage|p1a: Landorus|6/100
|move|p1a: Landorus|Earthquake|p2a: Cinderace
|-supereffective|p2a: Cinderace
|-damage|p2a: Cinderace|0 fnt
|faint|p2a: Cinderace
|
|-weather|SunnyDay|[upkeep]
|upkeep
|
|t:|1760760283
|switch|p2a: Dragonite|Dragonite, F|100/100
|turn|7
|
|t:|1760760297
|move|p2a: Dragonite|Dragon Dance|p2a: Dragonite
|-boost|p2a: Dragonite|atk|1
|-boost|p2a: Dragonite|spe|1
|move|p1a: Landorus|Stealth Rock|p2a: Dragonite
|-sidestart|p2: BlueEyesKaiba|move: Stealth Rock
|
|-weather|SunnyDay|[upkeep]
|upkeep
|turn|8
|
|t:|1760760308
|move|p2a: Dragonite|Dragon Dance|p2a: Dragonite
|-boost|p2a: Dragonite|atk|1
|-boost|p2a: Dragonite|spe|1
|move|p1a: Landorus|U-turn|p2a: Dragonite
|-resisted|p2a: Dragonite
|-damage|p2a: Dragonite|95/100
|
|t:|1760760321
|switch|p1a: Ninetales|Ninetales, F, shiny|74/100|[from] U-turn
|
|-weather|none
|upkeep
|turn|9
|
|t:|1760760331
|switch|p1a: Landorus|Landorus-Therian, M, shiny|6/100
|-ability|p1a: Landorus|Intimidate|boost
|-unboost|p2a: Dragonite|atk|1
|move|p2a: Dragonite|Dragon Claw|p1a: Landorus
|-damage|p1a: Landorus|0 fnt
|-damage|p2a: Dragonite|79/100|[from] item: Rocky Helmet|[of] p1a: Landorus
|faint|p1a: Landorus
|
|upkeep
|inactive|sakigo has 120 seconds left.
|
|t:|1760760364
|switch|p1a: Hatterene|Hatterene, F, shiny|100/100
|turn|10
|
|t:|1760760380
|-terastallize|p2a: Dragonite|Normal
|move|p2a: Dragonite|Extreme Speed|p1a: Hatterene
|-damage|p1a: Hatterene|30/100
|move|p1a: Hatterene|Draining Kiss|p2a: Dragonite
|-damage|p2a: Dragonite|53/100
|-heal|p1a: Hatterene|50/100|[from] drain|[of] p2a: Dragonite
|
|-heal|p1a: Hatterene|56/100|[from] item: Leftovers
|upkeep
|turn|11
|inactive|sakigo has 120 seconds left.
|inactive|sakigo has 90 seconds left.
|
|t:|1760760436
|move|p2a: Dragonite|Extreme Speed|p1a: Hatterene
|-damage|p1a: Hatterene|0 fnt
|faint|p1a: Hatterene
|
|upkeep
|
|t:|1760760445
|switch|p1a: Ninetales|Ninetales, F, shiny|74/100
|-weather|SunnyDay|[from] ability: Drought|[of] p1a: Ninetales
|turn|12
|
|t:|1760760463
|move|p2a: Dragonite|Earthquake|p1a: Ninetales
|-supereffective|p1a: Ninetales
|-damage|p1a: Ninetales|0 fnt
|faint|p1a: Ninetales
|
|-weather|SunnyDay|[upkeep]
|upkeep
|
|t:|1760760468
|switch|p1a: Raging Bolt|Raging Bolt|100/100
|-activate|p1a: Raging Bolt|ability: Protosynthesis
|-start|p1a: Raging Bolt|protosynthesisspa
|turn|13
|inactive|sakigo has 90 seconds left.
|
|t:|1760760484
|move|p2a: Dragonite|Extreme Speed|p1a: Raging Bolt
|-damage|p1a: Raging Bolt|34/100
|move|p1a: Raging Bolt|Thunderclap||[still]
|-fail|p1a: Raging Bolt
|
|-weather|SunnyDay|[upkeep]
|upkeep
|turn|14
|
|t:|1760760497
|move|p2a: Dragonite|Extreme Speed|p1a: Raging Bolt
|-damage|p1a: Raging Bolt|0 fnt
|faint|p1a: Raging Bolt
|-end|p1a: Raging Bolt|Protosynthesis|[silent]
|
|-weather|SunnyDay|[upkeep]
|upkeep
|
|t:|1760760502
|switch|p1a: Kingambit|Kingambit, M|100/100
|-activate|p1a: Kingambit|ability: Supreme Overlord
|-start|p1a: Kingambit|fallen5|[silent]
|turn|15
|inactive|sakigo has 90 seconds left.
|
|t:|1760760526
|-terastallize|p1a: Kingambit|Flying
|move|p2a: Dragonite|Earthquake|p1a: Kingambit
|-immune|p1a: Kingambit
|move|p1a: Kingambit|Swords Dance|p1a: Kingambit
|-boost|p1a: Kingambit|atk|2
|
|-weather|SunnyDay|[upkeep]
|upkeep
|turn|16
|c|☆BlueEyesKaiba|lost steel typing
|
|t:|1760760541
|move|p2a: Dragonite|Extreme Speed|p1a: Kingambit
|-damage|p1a: Kingambit|40/100
|move|p1a: Kingambit|Iron Head|p2a: Dragonite
|-damage|p2a: Dragonite|0 fnt
|faint|p2a: Dragonite
|
|-weather|SunnyDay|[upkeep]
|-heal|p1a: Kingambit|46/100|[from] item: Leftovers
|upkeep
|
|t:|1760760559
|switch|p2a: Zamazenta|Zamazenta|100/100
|-damage|p2a: Zamazenta|94/100|[from] Stealth Rock
|-ability|p2a: Zamazenta|Dauntless Shield|boost
|-boost|p2a: Zamazenta|def|1
|turn|17
|
|t:|1760760574
|move|p2a: Zamazenta|Iron Defense|p2a: Zamazenta
|-boost|p2a: Zamazenta|def|2
|move|p1a: Kingambit|Iron Head|p2a: Zamazenta
|-damage|p2a: Zamazenta|48/100
|
|-weather|SunnyDay|[upkeep]
|-heal|p2a: Zamazenta|54/100|[from] item: Leftovers
|-heal|p1a: Kingambit|53/100|[from] item: Leftovers
|upkeep
|turn|18
|
|t:|1760760583
|move|p2a: Zamazenta|Body Press|p1a: Kingambit
|-resisted|p1a: Kingambit
|-damage|p1a: Kingambit|19/100
|move|p1a: Kingambit|Swords Dance|p1a: Kingambit
|-boost|p1a: Kingambit|atk|2
|
|-weather|SunnyDay|[upkeep]
|-heal|p2a: Zamazenta|60/100|[from] item: Leftovers
|-heal|p1a: Kingambit|26/100|[from] item: Leftovers
|upkeep
|turn|19
|
|t:|1760760594
|move|p1a: Kingambit|Sucker Punch|p2a: Zamazenta
|-resisted|p2a: Zamazenta
|-damage|p2a: Zamazenta|30/100
|move|p2a: Zamazenta|Body Press|p1a: Kingambit
|-resisted|p1a: Kingambit
|-damage|p1a: Kingambit|0 fnt
|faint|p1a: Kingambit
|-end|p1a: Kingambit|fallen5|[silent]
|
|win|BlueEyesKaiba
|raw|sakigo's rating: 1660 &rarr; <strong>1632</strong><br />(-28 for losing)
|raw|BlueEyesKaiba's rating: 1517 &rarr; <strong>1545</strong><br />(+28 for winning)
|l|☆sakigo
|player|p1|
|l|☆BlueEyesKaiba
|player|p2|
