|j|☆swaneeee
|j|☆potato_152
|t:|1760887685
|gametype|singles
|player|p1|swaneeee|dahlia|1127
|player|p2|potato_152|1|1177
|gen|9
|tier|[Gen 9] OU
|rated|
|rule|HP Percentage Mod: HP is shown in percentages
|rule|Endless Battle Clause: Forcing endless battles is banned
|rule|Species Clause: Limit one of each Pokémon
|rule|OHKO Clause: OHKO moves are banned
|rule|Evasion Items Clause: Evasion items are banned
|rule|Evasion Moves Clause: Evasion moves are banned
|rule|Evasion Abilities Clause: Evasion abilities are banned
|rule|Sleep Moves Clause: Sleep-inducing moves are banned
|clearpoke
|poke|p1|Garganacl, M|
|poke|p1|Enamorus, F|
|poke|p1|Great Tusk|
|poke|p1|Riolu, F|
|poke|p1|Scizor, M|
|poke|p1|Rillaboom, F|
|poke|p2|Charizard, M|
|poke|p2|Torkoal, M|
|poke|p2|Hatterene, F|
|poke|p2|Great Tusk|
|poke|p2|Lilligant-Hisui, F|
|poke|p2|Walking Wake|
|teampreview
|
|t:|1760887693
|teamsize|p1|6
|teamsize|p2|6
|start
|switch|p1a: 阎王爷|Garganacl, M, shiny|100/100
|switch|p2a: 河内恭介|Torkoal, M|100/100
|-weather|SunnyDay|[from] ability: Drought|[of] p2a: 河内恭介
|turn|1
|
|t:|1760887699
|move|p1a: 阎王爷|Salt Cure|p2a: 河内恭介
|-supereffective|p2a: 河内恭介
|-damage|p2a: 河内恭介|84/100
|-start|p2a: 河内恭介|Salt Cure
|move|p2a: 河内恭介|Stealth Rock|p1a: 阎王爷
|-sidestart|p1: swaneeee|move: Stealth Rock
|
|-weather|SunnyDay|[upkeep]
|-damage|p2a: 河内恭介|72/100|[from] Salt Cure
|upkeep
|turn|2
|
|t:|1760887706
|switch|p2a: 冠茂|Walking Wake|100/100
|-activate|p2a: 冠茂|ability: Protosynthesis
|-start|p2a: 冠茂|protosynthesisspe
|move|p1a: 阎王爷|Stealth Rock|p2a: 冠茂
|-sidestart|p2: potato_152|move: Stealth Rock
|
|-weather|SunnyDay|[upkeep]
|upkeep
|turn|3
|
|t:|1760887714
|-terastallize|p2a: 冠茂|Water
|move|p1a: 阎王爷|Protect|p1a: 阎王爷
|-singleturn|p1a: 阎王爷|Protect
|move|p2a: 冠茂|Hydro Steam|p1a: 阎王爷
|-activate|p1a: 阎王爷|move: Protect
|
|-weather|SunnyDay|[upkeep]
|upkeep
|turn|4
|
|t:|1760887723
|-terastallize|p1a: 阎王爷|Grass
|move|p2a: 冠茂|Hydro Steam|p1a: 阎王爷
|-resisted|p1a: 阎王爷
|-damage|p1a: 阎王爷|63/100
|move|p1a: 阎王爷|Salt Cure|p2a: 冠茂
|-damage|p2a: 冠茂|85/100
|-start|p2a: 冠茂|Salt Cure
|
|-weather|SunnyDay|[upkeep]
|-heal|p1a: 阎王爷|69/100|[from] item: Leftovers
|-damage|p2a: 冠茂|60/100|[from] Salt Cure
|upkeep
|turn|5
|
|t:|1760887735
|-end|p2a: 冠茂|Protosynthesis|[silent]
|switch|p2a: 东和马|Charizard, M|100/100
|-damage|p2a: 东和马|51/100|[from] Stealth Rock
|move|p1a: 阎王爷|Protect||[still]
|-fail|p1a: 阎王爷
|
|-weather|SunnyDay|[upkeep]
|-damage|p2a: 东和马|38/100|[from] ability: Solar Power|[of] p2a: 东和马
|-heal|p1a: 阎王爷|75/100|[from] item: Leftovers
|upkeep
|turn|6
|
|t:|1760887771
|move|p2a: 东和马|Flamethrower|p1a: 阎王爷
|-supereffective|p1a: 阎王爷
|-damage|p1a: 阎王爷|0 fnt
|faint|p1a: 阎王爷
|
|-weather|SunnyDay|[upkeep]
|-damage|p2a: 东和马|26/100|[from] ability: Solar Power|[of] p2a: 东和马
|upkeep
|
|t:|1760887784
|switch|p1a: Rillaboom|Rillaboom, F|100/100
|-damage|p1a: Rillaboom|88/100|[from] Stealth Rock
|-fieldstart|move: Grassy Terrain|[from] ability: Grassy Surge|[of] p1a: Rillaboom
|turn|7
|
|t:|1760887791
|move|p1a: Rillaboom|Fake Out|p2a: 东和马
|-damage|p2a: 东和马|6/100
|cant|p2a: 东和马|flinch
|
|-weather|SunnyDay|[upkeep]
|-damage|p2a: 东和马|0 fnt|[from] ability: Solar Power|[of] p2a: 东和马
|faint|p2a: 东和马
|-heal|p1a: Rillaboom|94/100|[from] Grassy Terrain
|upkeep
|
|t:|1760887794
|switch|p2a: 河内恭介|Torkoal, M|72/100
|-damage|p2a: 河内恭介|47/100|[from] Stealth Rock
|turn|8
|
|t:|1760887808
|move|p1a: Rillaboom|U-turn|p2a: 河内恭介
|-resisted|p2a: 河内恭介
|-damage|p2a: 河内恭介|39/100
|
|t:|1760887819
|switch|p1a: slow elephant|Great Tusk|100/100|[from] U-turn
|-damage|p1a: slow elephant|98/100|[from] Stealth Rock
|-activate|p1a: slow elephant|ability: Protosynthesis
|-start|p1a: slow elephant|protosynthesisspe
|move|p2a: 河内恭介|Will-O-Wisp|p1a: slow elephant
|-status|p1a: slow elephant|brn
|
|-weather|none
|-end|p1a: slow elephant|Protosynthesis
|-heal|p1a: slow elephant|100/100 brn|[from] Grassy Terrain
|-heal|p2a: 河内恭介|45/100|[from] Grassy Terrain
|-damage|p1a: slow elephant|94/100 brn|[from] brn
|upkeep
|-enditem|p1a: slow elephant|Booster Energy
|-activate|p1a: slow elephant|ability: Protosynthesis|[fromitem]
|-start|p1a: slow elephant|protosynthesisspe
|turn|9
|
|t:|1760887835
|switch|p2a: 诹访原戒|Lilligant-Hisui, F|100/100
|-damage|p2a: 诹访原戒|94/100|[from] Stealth Rock
|move|p1a: slow elephant|Headlong Rush|p2a: 诹访原戒
|-resisted|p2a: 诹访原戒
|-damage|p2a: 诹访原戒|73/100
|-unboost|p1a: slow elephant|def|1
|-unboost|p1a: slow elephant|spd|1
|
|-heal|p1a: slow elephant|100/100 brn|[from] Grassy Terrain
|-heal|p2a: 诹访原戒|79/100|[from] Grassy Terrain
|-damage|p1a: slow elephant|94/100 brn|[from] brn
|upkeep
|turn|10
|
|t:|1760887851
|-end|p1a: slow elephant|Protosynthesis|[silent]
|switch|p1a: Scizor|Scizor, M|100/100
|move|p2a: 诹访原戒|Solar Blade||[still]
|-prepare|p2a: 诹访原戒|Solar Blade
|
|-heal|p2a: 诹访原戒|85/100|[from] Grassy Terrain
|upkeep
|turn|11
|
|t:|1760887863
|move|p2a: 诹访原戒|Solar Blade|p1a: Scizor|[from] lockedmove
|-resisted|p1a: Scizor
|-damage|p1a: Scizor|73/100
|-damage|p2a: 诹访原戒|75/100|[from] item: Life Orb
|move|p1a: Scizor|Swords Dance|p1a: Scizor
|-boost|p1a: Scizor|atk|2
|
|-heal|p2a: 诹访原戒|82/100|[from] Grassy Terrain
|-heal|p1a: Scizor|79/100|[from] Grassy Terrain
|-fieldend|move: Grassy Terrain
|upkeep
|turn|12
|
|t:|1760887877
|switch|p2a: 河内恭介|Torkoal, M|45/100
|-damage|p2a: 河内恭介|21/100|[from] Stealth Rock
|-weather|SunnyDay|[from] ability: Drought|[of] p2a: 河内恭介
|move|p1a: Scizor|Swords Dance|p1a: Scizor
|-boost|p1a: Scizor|atk|2
|
|-weather|SunnyDay|[upkeep]
|upkeep
|turn|13
|
|t:|1760887899
|switch|p2a: 冠茂|Walking Wake, tera:Water|60/100
|-damage|p2a: 冠茂|48/100|[from] Stealth Rock
|-activate|p2a: 冠茂|ability: Protosynthesis
|-start|p2a: 冠茂|protosynthesisspe
|move|p1a: Scizor|Bullet Punch|p2a: 冠茂
|-resisted|p2a: 冠茂
|-damage|p2a: 冠茂|0 fnt
|faint|p2a: 冠茂
|-end|p2a: 冠茂|Protosynthesis|[silent]
|
|-weather|SunnyDay|[upkeep]
|upkeep
|
|t:|1760887916
|switch|p2a: 松代健|Great Tusk|100/100
|-damage|p2a: 松代健|98/100|[from] Stealth Rock
|-activate|p2a: 松代健|ability: Protosynthesis
|-start|p2a: 松代健|protosynthesisatk
|turn|14
|
|t:|1760887941
|move|p1a: Scizor|Bullet Punch|p2a: 松代健
|-damage|p2a: 松代健|18/100
|move|p2a: 松代健|Headlong Rush|p1a: Scizor
|-damage|p1a: Scizor|0 fnt
|-unboost|p2a: 松代健|def|1
|-unboost|p2a: 松代健|spd|1
|faint|p1a: Scizor
|-enditem|p2a: 松代健|Eject Pack
|
|t:|1760887947
|-end|p2a: 松代健|Protosynthesis|[silent]
|switch|p2a: 梓川月乃|Hatterene, F|100/100
|-damage|p2a: 梓川月乃|88/100|[from] Stealth Rock
|
|-weather|SunnyDay|[upkeep]
|upkeep
|
|t:|1760887962
|switch|p1a: 开一局|Enamorus, F|100/100
|-damage|p1a: 开一局|76/100|[from] Stealth Rock
|turn|15
|
|t:|1760887971
|move|p1a: 开一局|Sludge Bomb|p2a: 梓川月乃
|-supereffective|p2a: 梓川月乃
|-damage|p2a: 梓川月乃|28/100
|-enditem|p2a: 梓川月乃|Eject Button
|
|t:|1760887983
|switch|p2a: 松代健|Great Tusk|18/100
|-damage|p2a: 松代健|15/100|[from] Stealth Rock
|-activate|p2a: 松代健|ability: Protosynthesis
|-start|p2a: 松代健|protosynthesisatk
|
|-weather|SunnyDay|[upkeep]
|upkeep
|turn|16
|
|t:|1760887989
|move|p1a: 开一局|Sludge Bomb|p2a: 松代健
|-resisted|p2a: 松代健
|-damage|p2a: 松代健|0 fnt
|faint|p2a: 松代健
|-end|p2a: 松代健|Protosynthesis|[silent]
|
|-weather|SunnyDay|[upkeep]
|upkeep
|
|t:|1760887993
|switch|p2a: 诹访原戒|Lilligant-Hisui, F|82/100
|-damage|p2a: 诹访原戒|75/100|[from] Stealth Rock
|turn|17
|
|t:|1760888000
|move|p2a: 诹访原戒|Triple Axel|p1a: 开一局
|-supereffective|p1a: 开一局
|-damage|p1a: 开一局|47/100
|-supereffective|p1a: 开一局
|-damage|p1a: 开一局|0 fnt
|faint|p1a: 开一局
|-hitcount|p1: 开一局|2
|-damage|p2a: 诹访原戒|66/100|[from] item: Life Orb
|
|-weather|SunnyDay|[upkeep]
|upkeep
|
|t:|1760888019
|switch|p1a: slow elephant|Great Tusk|94/100 brn
|-damage|p1a: slow elephant|91/100 brn|[from] Stealth Rock
|-activate|p1a: slow elephant|ability: Protosynthesis
|-start|p1a: slow elephant|protosynthesisspe
|turn|18
|
|t:|1760888026
|move|p2a: 诹访原戒|Solar Blade||[still]
|-prepare|p2a: 诹访原戒|Solar Blade
|-anim|p2a: 诹访原戒|Solar Blade|p1a: slow elephant
|-supereffective|p1a: slow elephant
|-damage|p1a: slow elephant|0 fnt
|faint|p1a: slow elephant
|-end|p1a: slow elephant|Protosynthesis|[silent]
|-damage|p2a: 诹访原戒|56/100|[from] item: Life Orb
|
|-weather|SunnyDay|[upkeep]
|upkeep
|
|t:|1760888051
|switch|p1a: Riolu|Riolu, F|100/100
|-damage|p1a: Riolu|95/100|[from] Stealth Rock
|turn|19
|
|t:|1760888065
|move|p1a: Riolu|Copycat|p1a: Riolu
|move|p1a: Riolu|Solar Blade||[from] move: Copycat|[still]
|-prepare|p1a: Riolu|Solar Blade
|-anim|p1a: Riolu|Solar Blade|p2a: 诹访原戒
|-resisted|p2a: 诹访原戒
|-damage|p2a: 诹访原戒|31/100
|move|p2a: 诹访原戒|Solar Blade||[still]
|-prepare|p2a: 诹访原戒|Solar Blade
|-anim|p2a: 诹访原戒|Solar Blade|p1a: Riolu
|-damage|p1a: Riolu|0 fnt
|faint|p1a: Riolu
|-damage|p2a: 诹访原戒|21/100|[from] item: Life Orb
|
|-weather|none
|upkeep
|
|t:|1760888077
|switch|p1a: Rillaboom|Rillaboom, F|94/100
|-damage|p1a: Rillaboom|82/100|[from] Stealth Rock
|-fieldstart|move: Grassy Terrain|[from] ability: Grassy Surge|[of] p1a: Rillaboom
|turn|20
|
|t:|1760888083
|switch|p2a: 河内恭介|Torkoal, M|21/100
|-damage|p2a: 河内恭介|0 fnt|[from] Stealth Rock
|faint|p2a: 河内恭介
|move|p1a: Rillaboom|Fake Out|p2: 河内恭介|[notarget]
|-fail|p1a: Rillaboom
|
|-heal|p1a: Rillaboom|88/100|[from] Grassy Terrain
|upkeep
|
|t:|1760888087
|switch|p2a: 梓川月乃|Hatterene, F|28/100
|-damage|p2a: 梓川月乃|16/100|[from] Stealth Rock
|turn|21
|
|t:|1760888096
|move|p1a: Rillaboom|Grassy Glide|p2a: 梓川月乃
|-damage|p2a: 梓川月乃|0 fnt
|faint|p2a: 梓川月乃
|
|-heal|p1a: Rillaboom|94/100|[from] Grassy Terrain
|upkeep
|
|t:|1760888099
|switch|p2a: 诹访原戒|Lilligant-Hisui, F|21/100
|-damage|p2a: 诹访原戒|15/100|[from] Stealth Rock
|turn|22
|
|t:|1760888104
|move|p1a: Rillaboom|Grassy Glide|p2a: 诹访原戒
|-resisted|p2a: 诹访原戒
|-damage|p2a: 诹访原戒|0 fnt
|faint|p2a: 诹访原戒
|
|win|swaneeee
|raw|swaneeee's rating: 1127 &rarr; <strong>1156</strong><br />(+29 for winning)
|raw|potato_152's rating: 1177 &rarr; <strong>1148</strong><br />(-29 for losing)
|l|☆potato_152
|player|p2|
|l|☆swaneeee
|player|p1|
