|j|☆aslowpoem
|j|☆Hgfhhfghfff
|t:|1760801648
|gametype|singles
|player|p1|aslowpoem|plumeria|1742
|player|p2|Hgfhhfghfff|169|1747
|gen|9
|tier|[Gen 9] OU
|rated|
|rule|HP Percentage Mod: HP is shown in percentages
|rule|Endless Battle Clause: Forcing endless battles is banned
|rule|Species Clause: Limit one of each Pokémon
|rule|OHKO Clause: OHKO moves are banned
|rule|Evasion Items Clause: Evasion items are banned
|rule|Evasion Moves Clause: Evasion moves are banned
|rule|Evasion Abilities Clause: Evasion abilities are banned
|rule|Sleep Moves Clause: Sleep-inducing moves are banned
|clearpoke
|poke|p1|Clodsire, F|
|poke|p1|Dondozo, F|
|poke|p1|Gliscor, F|
|poke|p1|Alomomola, L99, F|
|poke|p1|Corviknight, M|
|poke|p1|Azumarill, F|
|poke|p2|Scream Tail|
|poke|p2|Ursaluna, F|
|poke|p2|Talonflame, M|
|poke|p2|Trevenant, M|
|poke|p2|Iron Hands|
|poke|p2|Samurott-Hisui, M|
|teampreview
|inactive|Battle timer is ON: inactive players will automatically lose when time's up. (requested by aslowpoem)
|
|t:|1760801656
|teamsize|p1|6
|teamsize|p2|6
|start
|switch|p1a: Bashō|Gliscor, F|100/100
|switch|p2a: Samurott|Samurott-Hisui, M|100/100
|turn|1
|c|☆aslowpoem|very original team ngl
|
|t:|1760801662
|move|p1a: Bashō|Protect|p1a: Bashō
|-singleturn|p1a: Bashō|Protect
|move|p2a: Samurott|Aqua Cutter|p1a: Bashō
|-activate|p1a: Bashō|move: Protect
|
|-status|p1a: Bashō|tox|[from] item: Toxic Orb
|upkeep
|turn|2
|
|t:|1760801665
|move|p2a: Samurott|Ceaseless Edge|p1a: Bashō
|-damage|p1a: Bashō|75/100 tox
|-sidestart|p1: aslowpoem|Spikes
|move|p1a: Bashō|Toxic|p2a: Samurott
|-status|p2a: Samurott|tox
|
|-damage|p2a: Samurott|94/100 tox|[from] psn
|-heal|p1a: Bashō|87/100 tox|[from] ability: Poison Heal
|upkeep
|turn|3
|
|t:|1760801672
|switch|p2a: Ursaluna|Ursaluna, F|100/100
|move|p1a: Bashō|Protect||[still]
|-fail|p1a: Bashō
|
|-heal|p1a: Bashō|99/100 tox|[from] ability: Poison Heal
|-status|p2a: Ursaluna|brn|[from] item: Flame Orb
|upkeep
|turn|4
|
|t:|1760801692
|move|p1a: Bashō|Protect|p1a: Bashō
|-singleturn|p1a: Bashō|Protect
|move|p2a: Ursaluna|Facade|p1a: Bashō
|-activate|p1a: Bashō|move: Protect
|
|-heal|p1a: Bashō|100/100 tox|[from] ability: Poison Heal
|-damage|p2a: Ursaluna|94/100 brn|[from] brn
|upkeep
|turn|5
|
|t:|1760801697
|move|p1a: Bashō|Spikes|p2a: Ursaluna
|-sidestart|p2: Hgfhhfghfff|Spikes
|move|p2a: Ursaluna|Fire Punch|p1a: Bashō
|-damage|p1a: Bashō|72/100 tox
|
|-heal|p1a: Bashō|85/100 tox|[from] ability: Poison Heal
|-damage|p2a: Ursaluna|88/100 brn|[from] brn
|upkeep
|turn|6
|j| zxvfc
|
|t:|1760801708
|switch|p2a: Trevenant|Trevenant, M|100/100
|-damage|p2a: Trevenant|88/100|[from] Spikes
|move|p1a: Bashō|Knock Off|p2a: Trevenant
|-supereffective|p2a: Trevenant
|-damage|p2a: Trevenant|49/100
|-enditem|p2a: Trevenant|Sitrus Berry|[from] move: Knock Off|[of] p1a: Bashō
|
|-heal|p1a: Bashō|97/100 tox|[from] ability: Poison Heal
|upkeep
|turn|7
|-message|Hgfhhfghfff forfeited.
|
|win|aslowpoem
|raw|aslowpoem's rating: 1742 &rarr; <strong>1762</strong><br />(+20 for winning)
|raw|Hgfhhfghfff's rating: 1747 &rarr; <strong>1727</strong><br />(-20 for losing)
|l|☆Hgfhhfghfff
|player|p2|
|l|☆aslowpoem
|player|p1|
|l| zxvfc
