|j|☆Sou_training
|j|☆Miike_122
|t:|1760767553
|gametype|singles
|player|p1|Sou_training|169|1112
|player|p2|Miike_122|benga|1128
|gen|9
|tier|[Gen 9] OU
|rated|
|rule|HP Percentage Mod: HP is shown in percentages
|rule|Endless Battle Clause: Forcing endless battles is banned
|rule|Species Clause: Limit one of each Pokémon
|rule|OHKO Clause: OHKO moves are banned
|rule|Evasion Items Clause: Evasion items are banned
|rule|Evasion Moves Clause: Evasion moves are banned
|rule|Evasion Abilities Clause: Evasion abilities are banned
|rule|Sleep Moves Clause: Sleep-inducing moves are banned
|clearpoke
|poke|p1|Iron Crown|
|poke|p1|Samurott-Hisui, M|
|poke|p1|Zapdos|
|poke|p1|Dragapult, F|
|poke|p1|Great Tusk|
|poke|p1|Iron Boulder|
|poke|p2|Iron Hands|
|poke|p2|Zarude-Dada|
|poke|p2|Scyther, F|
|poke|p2|Froslass, F|
|poke|p2|Volcanion|
|poke|p2|Revavroom, F|
|teampreview
|inactive|Battle timer is ON: inactive players will automatically lose when time's up. (requested by Miike_122)
|inactive|Sou_training has 120 seconds left.
|
|t:|1760767603
|teamsize|p1|6
|teamsize|p2|6
|start
|switch|p1a: Hurikan|Zapdos|100/100
|switch|p2a: Zarude|Zarude-Dada|100/100
|turn|1
|
|t:|1760767614
|switch|p2a: Iron Hands|Iron Hands|100/100
|move|p1a: Hurikan|Hurricane|p2a: Iron Hands|[miss]
|-miss|p1a: Hurikan|p2a: Iron Hands
|
|upkeep
|turn|2
|
|t:|1760767621
|move|p2a: Iron Hands|Fake Out|p1a: Hurikan
|-damage|p1a: Hurikan|88/100
|cant|p1a: Hurikan|flinch
|
|upkeep
|turn|3
|
|t:|1760767628
|move|p1a: Hurikan|Hurricane|p2a: Iron Hands|[miss]
|-miss|p1a: Hurikan|p2a: Iron Hands
|move|p2a: Iron Hands|Ice Punch|p1a: Hurikan
|-supereffective|p1a: Hurikan
|-damage|p1a: Hurikan|43/100
|
|upkeep
|turn|4
|
|t:|1760767638
|move|p1a: Hurikan|Roost|p1a: Hurikan
|-heal|p1a: Hurikan|93/100
|-singleturn|p1a: Hurikan|move: Roost
|move|p2a: Iron Hands|Drain Punch|p1a: Hurikan
|-damage|p1a: Hurikan|58/100
|
|upkeep
|turn|5
|
|t:|1760767646
|move|p1a: Hurikan|Roost|p1a: Hurikan
|-heal|p1a: Hurikan|100/100
|-singleturn|p1a: Hurikan|move: Roost
|move|p2a: Iron Hands|Ice Punch|p1a: Hurikan
|-damage|p1a: Hurikan|77/100
|-status|p1a: Hurikan|frz
|
|upkeep
|turn|6
|
|t:|1760767669
|switch|p1a: Pump It|Great Tusk|100/100
|-end|p2a: Iron Hands|Quark Drive|[silent]
|switch|p2a: Revavroom|Revavroom, F|100/100
|-item|p2a: Revavroom|Air Balloon
|
|upkeep
|turn|7
|
|t:|1760767682
|move|p1a: Pump It|Headlong Rush|p2a: Revavroom
|-immune|p2a: Revavroom
|move|p2a: Revavroom|Shift Gear|p2a: Revavroom
|-boost|p2a: Revavroom|spe|2
|-boost|p2a: Revavroom|atk|1
|
|upkeep
|turn|8
|
|t:|1760767698
|-end|p1a: Pump It|Protosynthesis|[silent]
|switch|p1a: Revery|Iron Boulder|100/100
|-enditem|p1a: Revery|Booster Energy
|-activate|p1a: Revery|ability: Quark Drive|[fromitem]
|-start|p1a: Revery|quarkdrivespe
|move|p2a: Revavroom|Gunk Shot|p1a: Revery
|-resisted|p1a: Revery
|-damage|p1a: Revery|40/100
|
|upkeep
|turn|9
|
|t:|1760767712
|move|p1a: Revery|Zen Headbutt|p2a: Revavroom
|-damage|p2a: Revavroom|63/100
|-enditem|p2a: Revavroom|Air Balloon
|move|p2a: Revavroom|High Horsepower|p1a: Revery
|-supereffective|p1a: Revery
|-damage|p1a: Revery|0 fnt
|faint|p1a: Revery
|-end|p1a: Revery|Quark Drive|[silent]
|
|upkeep
|inactive|Sou_training has 120 seconds left.
|
|t:|1760767737
|switch|p1a: Pump It|Great Tusk|100/100
|turn|10
|
|t:|1760767744
|-terastallize|p2a: Revavroom|Ground
|move|p2a: Revavroom|Gunk Shot|p1a: Pump It
|-resisted|p1a: Pump It
|-damage|p1a: Pump It|66/100
|move|p1a: Pump It|Headlong Rush|p2a: Revavroom
|-damage|p2a: Revavroom|4/100
|-unboost|p1a: Pump It|def|1
|-unboost|p1a: Pump It|spd|1
|
|upkeep
|turn|11
|inactive|Sou_training has 120 seconds left.
|
|t:|1760767756
|move|p2a: Revavroom|High Horsepower|p1a: Pump It
|-damage|p1a: Pump It|0 fnt
|faint|p1a: Pump It
|-end|p1a: Pump It|Protosynthesis|[silent]
|
|upkeep
|
|t:|1760767762
|switch|p1a: Parasite|Dragapult, F|100/100
|turn|12
|
|t:|1760767766
|move|p2a: Revavroom|Gunk Shot|p1a: Parasite|[miss]
|-miss|p2a: Revavroom|p1a: Parasite
|move|p1a: Parasite|U-turn|p2a: Revavroom
|-damage|p2a: Revavroom|0 fnt
|faint|p2a: Revavroom
|
|t:|1760767775
|switch|p1a: Hurikan|Zapdos|77/100 frz|[from] U-turn
|
|upkeep
|
|t:|1760767780
|switch|p2a: Scyther|Scyther, F|100/100
|turn|13
|
|t:|1760767784
|move|p2a: Scyther|Swords Dance|p2a: Scyther
|-boost|p2a: Scyther|atk|2
|cant|p1a: Hurikan|frz
|
|upkeep
|turn|14
|
|t:|1760767795
|switch|p1a: Mindreader|Iron Crown|100/100
|move|p2a: Scyther|Trailblaze|p1a: Mindreader
|-resisted|p1a: Mindreader
|-damage|p1a: Mindreader|82/100
|-boost|p2a: Scyther|spe|1
|
|upkeep
|turn|15
|
|t:|1760767805
|move|p2a: Scyther|Bug Bite|p1a: Mindreader
|-damage|p1a: Mindreader|14/100
|move|p1a: Mindreader|Volt Switch|p2a: Scyther
|-supereffective|p2a: Scyther
|-damage|p2a: Scyther|47/100
|
|t:|1760767813
|-end|p1a: Mindreader|Quark Drive|[silent]
|switch|p1a: Parasite|Dragapult, F|100/100|[from] Volt Switch
|
|upkeep
|turn|16
|
|t:|1760767818
|-terastallize|p1a: Parasite|Ghost
|move|p1a: Parasite|Tera Blast|p2a: Scyther|[anim] Tera Blast Ghost
|-damage|p2a: Scyther|0 fnt
|faint|p2a: Scyther
|
|upkeep
|
|t:|1760767823
|switch|p2a: Zarude|Zarude-Dada|100/100
|turn|17
|
|t:|1760767829
|switch|p1a: Everytime We Touch|Samurott-Hisui, M|100/100
|move|p2a: Zarude|Knock Off|p1a: Everytime We Touch
|-resisted|p1a: Everytime We Touch
|-damage|p1a: Everytime We Touch|70/100
|-enditem|p1a: Everytime We Touch|Choice Scarf|[from] move: Knock Off|[of] p2a: Zarude
|
|upkeep
|turn|18
|
|t:|1760767841
|switch|p2a: Iron Hands|Iron Hands|100/100
|move|p1a: Everytime We Touch|Sacred Sword|p2a: Iron Hands
|-damage|p2a: Iron Hands|69/100
|
|upkeep
|turn|19
|
|t:|1760767851
|switch|p1a: Hurikan|Zapdos|77/100 frz
|move|p2a: Iron Hands|Fake Out|p1a: Hurikan
|-damage|p1a: Hurikan|64/100 frz
|
|upkeep
|turn|20
|
|t:|1760767859
|-end|p2a: Iron Hands|Quark Drive|[silent]
|switch|p2a: Volcanion|Volcanion|100/100
|-curestatus|p1a: Hurikan|frz|[msg]
|move|p1a: Hurikan|Hurricane|p2a: Volcanion
|-damage|p2a: Volcanion|67/100
|
|upkeep
|turn|21
|
|t:|1760767875
|move|p1a: Hurikan|Roost|p1a: Hurikan
|-heal|p1a: Hurikan|100/100
|-singleturn|p1a: Hurikan|move: Roost
|move|p2a: Volcanion|Steam Eruption|p1a: Hurikan
|-damage|p1a: Hurikan|50/100
|
|upkeep
|turn|22
|
|t:|1760767900
|switch|p1a: Mindreader|Iron Crown|14/100
|switch|p2a: Iron Hands|Iron Hands|69/100
|
|upkeep
|turn|23
|
|t:|1760767916
|-end|p2a: Iron Hands|Quark Drive|[silent]
|switch|p2a: Zarude|Zarude-Dada|100/100
|move|p1a: Mindreader|Psyshock|p2a: Zarude
|-immune|p2a: Zarude
|
|upkeep
|turn|24
|
|t:|1760767925
|-end|p1a: Mindreader|Quark Drive|[silent]
|switch|p1a: Hurikan|Zapdos|50/100
|move|p2a: Zarude|Knock Off|p1a: Hurikan
|-damage|p1a: Hurikan|13/100
|-enditem|p1a: Hurikan|Heavy-Duty Boots|[from] move: Knock Off|[of] p2a: Zarude
|
|upkeep
|turn|25
|
|t:|1760767935
|move|p2a: Zarude|Knock Off|p1a: Hurikan
|-damage|p1a: Hurikan|0 fnt
|faint|p1a: Hurikan
|
|upkeep
|
|t:|1760767942
|switch|p1a: Everytime We Touch|Samurott-Hisui, M|70/100
|turn|26
|
|t:|1760767959
|switch|p2a: Volcanion|Volcanion|67/100
|move|p1a: Everytime We Touch|Razor Shell|p2a: Volcanion
|-heal|p2a: Volcanion|92/100|[from] ability: Water Absorb|[of] p1a: Everytime We Touch
|
|upkeep
|turn|27
|-message|Sou_training forfeited.
|
|win|Miike_122
|raw|Sou_training's rating: 1112 &rarr; <strong>1088</strong><br />(-24 for losing)
|raw|Miike_122's rating: 1128 &rarr; <strong>1152</strong><br />(+24 for winning)
|l|☆Sou_training
|player|p1|
|l|☆Miike_122
|player|p2|
