|j|☆dookeydoodoo
|j|☆Nani_Zak
|t:|1760848189
|gametype|singles
|player|p1|dookeydoodoo|169|1078
|player|p2|Nani_Zak|101|1081
|gen|9
|tier|[Gen 9] OU
|rated|
|rule|HP Percentage Mod: HP is shown in percentages
|rule|Endless Battle Clause: Forcing endless battles is banned
|rule|Species Clause: Limit one of each Pokémon
|rule|OHKO Clause: OHKO moves are banned
|rule|Evasion Items Clause: Evasion items are banned
|rule|Evasion Moves Clause: Evasion moves are banned
|rule|Evasion Abilities Clause: Evasion abilities are banned
|rule|Sleep Moves Clause: Sleep-inducing moves are banned
|clearpoke
|poke|p1|Kingambit, F|
|poke|p1|Cinderace, F|
|poke|p1|Landorus-Therian, M|
|poke|p1|Iron Valiant|
|poke|p1|Kyurem|
|poke|p1|Slowking-Galar, M|
|poke|p2|Lucario, M|
|poke|p2|Rillaboom, F|
|poke|p2|Gyarados, F|
|poke|p2|Gastrodon-East, M|
|poke|p2|Goodra-Hisui, F|
|poke|p2|Necrozma|
|teampreview
|inactive|Battle timer is ON: inactive players will automatically lose when time's up. (requested by Nani_Zak)
|
|t:|1760848222
|teamsize|p1|6
|teamsize|p2|6
|start
|switch|p1a: Cinderace|Cinderace, F, shiny|100/100
|switch|p2a: Rillaboom|Rillaboom, F|100/100
|-fieldstart|move: Grassy Terrain|[from] ability: Grassy Surge|[of] p2a: Rillaboom
|turn|1
|
|t:|1760848232
|move|p2a: Rillaboom|Fake Out|p1a: Cinderace
|-damage|p1a: Cinderace|86/100
|cant|p1a: Cinderace|flinch
|
|-heal|p1a: Cinderace|92/100|[from] Grassy Terrain
|upkeep
|turn|2
|
|t:|1760848251
|-terastallize|p2a: Rillaboom|Rock
|move|p1a: Cinderace|U-turn|p2a: Rillaboom
|-damage|p2a: Rillaboom|79/100
|inactive|dookeydoodoo has 120 seconds left.
|
|t:|1760848293
|switch|p1a: Slowking|Slowking-Galar, M, shiny|100/100|[from] U-turn
|move|p2a: Rillaboom|Earthquake|p1a: Slowking
|-supereffective|p1a: Slowking
|-damage|p1a: Slowking|68/100
|
|-heal|p2a: Rillaboom|85/100|[from] Grassy Terrain
|-heal|p1a: Slowking|75/100|[from] Grassy Terrain
|upkeep
|turn|3
|inactive|Nani_Zak has 120 seconds left.
|
|t:|1760848346
|switch|p1a: Landorus|Landorus-Therian, M, shiny|100/100
|-ability|p1a: Landorus|Intimidate|boost
|-unboost|p2a: Rillaboom|atk|1
|move|p2a: Rillaboom|U-turn|p1a: Landorus
|-resisted|p1a: Landorus
|-damage|p1a: Landorus|93/100
|-damage|p2a: Rillaboom|69/100|[from] item: Rocky Helmet|[of] p1a: Landorus
|
|t:|1760848352
|switch|p2a: Gyarados|Gyarados, F, shiny|100/100|[from] U-turn
|-ability|p2a: Gyarados|Intimidate|boost
|-unboost|p1a: Landorus|atk|1
|
|upkeep
|turn|4
|
|t:|1760848362
|move|p1a: Landorus|U-turn|p2a: Gyarados
|-resisted|p2a: Gyarados
|-damage|p2a: Gyarados|91/100
|inactive|dookeydoodoo has 90 seconds left.
|
|t:|1760848392
|switch|p1a: Iron Valiant|Iron Valiant|100/100|[from] U-turn
|-enditem|p1a: Iron Valiant|Booster Energy
|-activate|p1a: Iron Valiant|ability: Quark Drive|[fromitem]
|-start|p1a: Iron Valiant|quarkdrivespe
|move|p2a: Gyarados|Dragon Dance|p2a: Gyarados
|-boost|p2a: Gyarados|atk|1
|-boost|p2a: Gyarados|spe|1
|
|upkeep
|turn|5
|inactive|dookeydoodoo has 90 seconds left.
|inactive|Nani_Zak has 120 seconds left.
|
|t:|1760848407
|move|p1a: Iron Valiant|Encore|p2a: Gyarados
|-start|p2a: Gyarados|Encore
|move|p2a: Gyarados|Dragon Dance|p2a: Gyarados
|-boost|p2a: Gyarados|atk|1
|-boost|p2a: Gyarados|spe|1
|
|upkeep
|turn|6
|inactive|dookeydoodoo has 90 seconds left.
|
|t:|1760848415
|move|p1a: Iron Valiant|Moonblast|p2a: Gyarados
|-damage|p2a: Gyarados|41/100
|move|p2a: Gyarados|Dragon Dance|p2a: Gyarados
|-boost|p2a: Gyarados|atk|1
|-boost|p2a: Gyarados|spe|1
|
|upkeep
|turn|7
|
|t:|1760848426
|switch|p2a: Goodra|Goodra-Hisui, F|100/100
|move|p1a: Iron Valiant|Moonblast|p2a: Goodra
|-damage|p2a: Goodra|76/100
|
|-heal|p2a: Goodra|82/100|[from] Grassy Terrain
|upkeep
|turn|8
|inactive|dookeydoodoo has 90 seconds left.
|inactive|Nani_Zak has 120 seconds left.
|inactive|dookeydoodoo has 60 seconds left.
|
|t:|1760848476
|-end|p1a: Iron Valiant|Quark Drive|[silent]
|switch|p1a: Slowking|Slowking-Galar, M, shiny|100/100
|move|p2a: Goodra|Thunderbolt|p1a: Slowking
|-damage|p1a: Slowking|82/100
|
|-heal|p2a: Goodra|88/100|[from] Grassy Terrain
|-heal|p1a: Slowking|89/100|[from] Grassy Terrain
|-fieldend|move: Grassy Terrain
|upkeep
|turn|9
|
|t:|1760848493
|switch|p2a: Rillaboom|Rillaboom, F, tera:Rock|69/100
|-fieldstart|move: Grassy Terrain|[from] ability: Grassy Surge|[of] p2a: Rillaboom
|move|p1a: Slowking|Thunder Wave|p2a: Rillaboom
|-status|p2a: Rillaboom|par
|
|-heal|p2a: Rillaboom|75/100 par|[from] Grassy Terrain
|-heal|p1a: Slowking|95/100|[from] Grassy Terrain
|upkeep
|turn|10
|inactive|dookeydoodoo has 60 seconds left.
|
|t:|1760848509
|cant|p2a: Rillaboom|par
|move|p1a: Slowking|Psychic Noise|p2a: Rillaboom
|-damage|p2a: Rillaboom|38/100 par
|-start|p2a: Rillaboom|move: Heal Block
|
|-heal|p1a: Slowking|100/100|[from] Grassy Terrain
|upkeep
|turn|11
|
|t:|1760848518
|switch|p2a: Lucario|Lucario, M|100/100
|-enditem|p2a: Lucario|Grassy Seed
|-boost|p2a: Lucario|def|1|[from] item: Grassy Seed
|move|p1a: Slowking|Psychic Noise|p2a: Lucario
|-damage|p2a: Lucario|58/100
|-start|p2a: Lucario|move: Heal Block
|
|upkeep
|turn|12
|inactive|dookeydoodoo has 60 seconds left.
|
|t:|1760848561
|move|p2a: Lucario|Swords Dance|p2a: Lucario
|-boost|p2a: Lucario|atk|2
|move|p1a: Slowking|Psychic Noise|p2a: Lucario
|-damage|p2a: Lucario|15/100
|
|-end|p2a: Lucario|move: Heal Block
|upkeep
|turn|13
|
|t:|1760848570
|move|p2a: Lucario|Earthquake|p1a: Slowking
|-supereffective|p1a: Slowking
|-damage|p1a: Slowking|32/100
|move|p1a: Slowking|Psychic Noise|p2a: Lucario
|-damage|p2a: Lucario|0 fnt
|faint|p2a: Lucario
|
|-heal|p1a: Slowking|38/100|[from] Grassy Terrain
|upkeep
|
|t:|1760848577
|switch|p2a: Rillaboom|Rillaboom, F, tera:Rock|38/100 par
|turn|14
|inactive|Nani_Zak has 120 seconds left.
|
|t:|1760848602
|switch|p1a: Landorus|Landorus-Therian, M, shiny|93/100
|-ability|p1a: Landorus|Intimidate|boost
|-unboost|p2a: Rillaboom|atk|1
|move|p2a: Rillaboom|U-turn|p1a: Landorus
|-resisted|p1a: Landorus
|-damage|p1a: Landorus|85/100
|-damage|p2a: Rillaboom|22/100 par|[from] item: Rocky Helmet|[of] p1a: Landorus
|
|t:|1760848606
|switch|p2a: Gastrodon|Gastrodon-East, M|100/100|[from] U-turn
|
|upkeep
|turn|15
|
|t:|1760848617
|move|p1a: Landorus|U-turn|p2a: Gastrodon
|-damage|p2a: Gastrodon|75/100
|inactive|dookeydoodoo has 30 seconds left.
|inactive|dookeydoodoo has 20 seconds left.
|inactive|dookeydoodoo has 15 seconds left.
|inactive|dookeydoodoo has 10 seconds left.
|
|t:|1760848652
|switch|p1a: Iron Valiant|Iron Valiant|100/100|[from] U-turn
|move|p2a: Gastrodon|Surf|p1a: Iron Valiant
|-damage|p1a: Iron Valiant|26/100
|
|-heal|p1a: Iron Valiant|32/100|[from] Grassy Terrain
|-heal|p2a: Gastrodon|81/100|[from] Grassy Terrain
|-heal|p2a: Gastrodon|87/100|[from] item: Leftovers
|upkeep
|turn|16
|inactive|dookeydoodoo has 20 seconds left this turn.
|inactiveoff|Battle timer is now OFF.
|
|t:|1760848675
|move|p1a: Iron Valiant|Moonblast|p2a: Gastrodon
|-damage|p2a: Gastrodon|43/100
|move|p2a: Gastrodon|Surf|p1a: Iron Valiant
|-damage|p1a: Iron Valiant|0 fnt
|faint|p1a: Iron Valiant
|-end|p1a: Iron Valiant|Quark Drive|[silent]
|
|-heal|p2a: Gastrodon|49/100|[from] Grassy Terrain
|-heal|p2a: Gastrodon|55/100|[from] item: Leftovers
|-fieldend|move: Grassy Terrain
|upkeep
|
|t:|1760848687
|switch|p1a: Kyurem|Kyurem, shiny|100/100
|-ability|p1a: Kyurem|Pressure
|turn|17
|
|t:|1760848695
|switch|p2a: Rillaboom|Rillaboom, F, tera:Rock|22/100 par
|-fieldstart|move: Grassy Terrain|[from] ability: Grassy Surge|[of] p2a: Rillaboom
|move|p1a: Kyurem|Freeze-Dry|p2a: Rillaboom
|-damage|p2a: Rillaboom|0 fnt
|faint|p2a: Rillaboom
|
|upkeep
|
|t:|1760848704
|switch|p2a: Gyarados|Gyarados, F, shiny|41/100
|-ability|p2a: Gyarados|Intimidate|boost
|-unboost|p1a: Kyurem|atk|1
|turn|18
|
|t:|1760848713
|move|p1a: Kyurem|Freeze-Dry|p2a: Gyarados
|-supereffective|p2a: Gyarados
|-damage|p2a: Gyarados|0 fnt
|faint|p2a: Gyarados
|
|upkeep
|
|t:|1760848721
|switch|p2a: Necrozma|Necrozma, shiny|100/100
|turn|19
|
|t:|1760848743
|move|p1a: Kyurem|Freeze-Dry|p2a: Necrozma
|-damage|p2a: Necrozma|58/100
|move|p2a: Necrozma|Calm Mind|p2a: Necrozma
|-boost|p2a: Necrozma|spa|1
|-boost|p2a: Necrozma|spd|1
|
|-heal|p2a: Necrozma|63/100|[from] Grassy Terrain
|upkeep
|turn|20
|
|t:|1760848769
|switch|p1a: Kingambit|Kingambit, F|100/100
|-activate|p1a: Kingambit|ability: Supreme Overlord
|-start|p1a: Kingambit|fallen1|[silent]
|move|p2a: Necrozma|Calm Mind|p2a: Necrozma
|-boost|p2a: Necrozma|spa|1
|-boost|p2a: Necrozma|spd|1
|
|-heal|p2a: Necrozma|69/100|[from] Grassy Terrain
|upkeep
|turn|21
|
|t:|1760848783
|move|p1a: Kingambit|Sucker Punch|p2a: Necrozma
|-supereffective|p2a: Necrozma
|-damage|p2a: Necrozma|1/100
|-enditem|p2a: Necrozma|Salac Berry|[eat]
|-boost|p2a: Necrozma|spe|1|[from] item: Salac Berry
|move|p2a: Necrozma|Heat Wave|p1a: Kingambit
|-supereffective|p1a: Kingambit
|-damage|p1a: Kingambit|0 fnt
|faint|p1a: Kingambit
|-end|p1a: Kingambit|fallen1|[silent]
|
|-heal|p2a: Necrozma|7/100|[from] Grassy Terrain
|upkeep
|
|t:|1760848798
|switch|p1a: Landorus|Landorus-Therian, M, shiny|85/100
|-ability|p1a: Landorus|Intimidate|boost
|-unboost|p2a: Necrozma|atk|1
|turn|22
|
|t:|1760848810
|move|p2a: Necrozma|Photon Geyser|p1a: Landorus
|-damage|p1a: Landorus|0 fnt
|faint|p1a: Landorus
|
|-heal|p2a: Necrozma|13/100|[from] Grassy Terrain
|upkeep
|
|t:|1760848819
|switch|p1a: Slowking|Slowking-Galar, M, shiny|71/100
|turn|23
|
|t:|1760848828
|move|p2a: Necrozma|Photon Geyser|p1a: Slowking
|-damage|p1a: Slowking|13/100
|move|p1a: Slowking|Psychic Noise|p2a: Necrozma
|-resisted|p2a: Necrozma
|-damage|p2a: Necrozma|4/100
|-start|p2a: Necrozma|move: Heal Block
|
|-heal|p1a: Slowking|19/100|[from] Grassy Terrain
|upkeep
|turn|24
|
|t:|1760848854
|move|p2a: Necrozma|Photon Geyser|p1a: Slowking
|-damage|p1a: Slowking|0 fnt
|faint|p1a: Slowking
|
|-end|p2a: Necrozma|move: Heal Block
|-fieldend|move: Grassy Terrain
|upkeep
|l|☆dookeydoodoo
|player|p1|
|inactive|Battle timer is ON: inactive players will automatically lose when time's up. (requested by Nani_Zak)
|inactive|dookeydoodoo has 30 seconds left this turn.
|inactive|dookeydoodoo has 20 seconds left.
|inactive|dookeydoodoo has 15 seconds left.
|inactiveoff|Battle timer is now OFF.
|c|☆Nani_Zak|?
|inactive|Battle timer is ON: inactive players will automatically lose when time's up. (requested by Nani_Zak)
|inactive|dookeydoodoo has 20 seconds left this turn.
|inactive|dookeydoodoo has 15 seconds left.
|inactive|dookeydoodoo has 10 seconds left.
|inactive|dookeydoodoo has 5 seconds left.
|-message|dookeydoodoo lost due to inactivity.
|
|win|Nani_Zak
|raw|dookeydoodoo's rating: 1078 &rarr; <strong>1056</strong><br />(-22 for losing)
|raw|Nani_Zak's rating: 1081 &rarr; <strong>1109</strong><br />(+28 for winning)
