|j|☆ariasyoni
|j|☆egg breakfast
|t:|1760846065
|gametype|singles
|player|p1|ariasyoni|fisherman-gen4|1270
|player|p2|egg breakfast|backersf|1374
|gen|9
|tier|[Gen 9] OU
|rated|
|rule|HP Percentage Mod: HP is shown in percentages
|rule|Endless Battle Clause: Forcing endless battles is banned
|rule|Species Clause: Limit one of each Pokémon
|rule|OHKO Clause: OHKO moves are banned
|rule|Evasion Items Clause: Evasion items are banned
|rule|Evasion Moves Clause: Evasion moves are banned
|rule|Evasion Abilities Clause: Evasion abilities are banned
|rule|Sleep Moves Clause: Sleep-inducing moves are banned
|clearpoke
|poke|p1|Cinderace, F|
|poke|p1|Pelipper, F|
|poke|p1|Tornadus-Therian, M|
|poke|p1|Dragapult, F|
|poke|p1|Hatterene, F|
|poke|p1|Gliscor, M|
|poke|p2|Darkrai|
|poke|p2|Kingambit, F|
|poke|p2|Samurott-Hisui, F|
|poke|p2|Great Tusk|
|poke|p2|Ogerpon-Wellspring, F|
|poke|p2|Gholdengo|
|teampreview
|inactive|Battle timer is ON: inactive players will automatically lose when time's up. (requested by egg breakfast)
|c|☆ariasyoni|//elo
|inactive|egg breakfast has 120 seconds left.
|inactive|egg breakfast has 90 seconds left.
|inactive|egg breakfast has 60 seconds left.
|
|t:|1760846156
|teamsize|p1|6
|teamsize|p2|6
|start
|switch|p1a: Pelipper|Pelipper, F|100/100
|switch|p2a: Samurott|Samurott-Hisui, F|100/100
|-weather|RainDance|[from] ability: Drizzle|[of] p1a: Pelipper
|turn|1
|inactive|egg breakfast has 120 seconds left.
|
|t:|1760846177
|move|p2a: Samurott|Ceaseless Edge|p1a: Pelipper
|-damage|p1a: Pelipper|33/100
|-sidestart|p1: ariasyoni|Spikes
|move|p1a: Pelipper|Hurricane|p2a: Samurott
|-damage|p2a: Samurott|0 fnt
|faint|p2a: Samurott
|
|-weather|RainDance|[upkeep]
|upkeep
|inactive|egg breakfast has 120 seconds left.
|
|t:|1760846202
|switch|p2a: Darkrai|Darkrai|100/100
|turn|2
|
|t:|1760846221
|switch|p1a: Hatterene|Hatterene, F|100/100
|-damage|p1a: Hatterene|88/100|[from] Spikes
|move|p2a: Darkrai|Ice Beam|p1a: Hatterene
|-damage|p1a: Hatterene|56/100
|
|-weather|RainDance|[upkeep]
|-heal|p1a: Hatterene|62/100|[from] item: Leftovers
|upkeep
|turn|3
|
|t:|1760846234
|switch|p2a: Gholdengo|Gholdengo|100/100
|move|p1a: Hatterene|Calm Mind|p1a: Hatterene
|-boost|p1a: Hatterene|spa|1
|-boost|p1a: Hatterene|spd|1
|
|-weather|RainDance|[upkeep]
|-heal|p1a: Hatterene|68/100|[from] item: Leftovers
|upkeep
|turn|4
|
|t:|1760846248
|move|p2a: Gholdengo|Make It Rain|p1a: Hatterene
|-supereffective|p1a: Hatterene
|-damage|p1a: Hatterene|0 fnt
|-unboost|p2a: Gholdengo|spa|1
|faint|p1a: Hatterene
|
|-weather|RainDance|[upkeep]
|upkeep
|
|t:|1760846261
|switch|p1a: Gliscor|Gliscor, M|100/100
|turn|5
|inactive|egg breakfast has 120 seconds left.
|
|t:|1760846275
|switch|p2a: Great Tusk|Great Tusk|100/100
|move|p1a: Gliscor|Stealth Rock|p2a: Great Tusk
|-sidestart|p2: egg breakfast|move: Stealth Rock
|
|-weather|none
|-status|p1a: Gliscor|tox|[from] item: Toxic Orb
|upkeep
|turn|6
|inactive|egg breakfast has 120 seconds left.
|
|t:|1760846288
|switch|p1a: Pelipper|Pelipper, F|33/100
|-weather|RainDance|[from] ability: Drizzle|[of] p1a: Pelipper
|move|p2a: Great Tusk|Stealth Rock|p1a: Pelipper
|-sidestart|p1: ariasyoni|move: Stealth Rock
|
|-weather|RainDance|[upkeep]
|upkeep
|turn|7
|inactive|egg breakfast has 120 seconds left.
|
|t:|1760846304
|-end|p2a: Great Tusk|Protosynthesis|[silent]
|switch|p2a: Kingambit|Kingambit, F|100/100
|-damage|p2a: Kingambit|94/100|[from] Stealth Rock
|-activate|p2a: Kingambit|ability: Supreme Overlord
|-start|p2a: Kingambit|fallen1|[silent]
|move|p1a: Pelipper|Hurricane|p2a: Kingambit
|-resisted|p2a: Kingambit
|-damage|p2a: Kingambit|58/100
|
|-weather|RainDance|[upkeep]
|upkeep
|turn|8
|
|t:|1760846323
|move|p2a: Kingambit|Sucker Punch|p1a: Pelipper
|-damage|p1a: Pelipper|0 fnt
|faint|p1a: Pelipper
|
|-weather|RainDance|[upkeep]
|upkeep
|
|t:|1760846329
|switch|p1a: Gliscor|Gliscor, M|100/100 tox
|-damage|p1a: Gliscor|88/100 tox|[from] Stealth Rock
|turn|9
|inactive|egg breakfast has 120 seconds left.
|
|t:|1760846340
|-end|p2a: Kingambit|fallen1|[silent]
|switch|p2a: Great Tusk|Great Tusk|100/100
|-damage|p2a: Great Tusk|97/100|[from] Stealth Rock
|move|p1a: Gliscor|Earthquake|p2a: Great Tusk
|-damage|p2a: Great Tusk|79/100
|
|-weather|RainDance|[upkeep]
|-heal|p1a: Gliscor|100/100 tox|[from] ability: Poison Heal
|upkeep
|turn|10
|inactive|egg breakfast has 120 seconds left.
|
|t:|1760846346
|move|p1a: Gliscor|Toxic|p2a: Great Tusk
|-status|p2a: Great Tusk|tox
|move|p2a: Great Tusk|Ice Spinner|p1a: Gliscor
|-supereffective|p1a: Gliscor
|-damage|p1a: Gliscor|42/100 tox
|
|-weather|none
|-heal|p1a: Gliscor|54/100 tox|[from] ability: Poison Heal
|-damage|p2a: Great Tusk|73/100 tox|[from] psn
|upkeep
|turn|11
|
|t:|1760846359
|switch|p1a: Cinderace|Cinderace, F|100/100
|move|p2a: Great Tusk|Ice Spinner|p1a: Cinderace
|-resisted|p1a: Cinderace
|-damage|p1a: Cinderace|83/100
|
|-damage|p2a: Great Tusk|61/100 tox|[from] psn
|upkeep
|turn|12
|
|t:|1760846368
|move|p1a: Cinderace|Court Change|p1a: Cinderace
|-start|p1a: Cinderace|typechange|Normal|[from] ability: Libero
|-swapsideconditions
|-activate|p1a: Cinderace|move: Court Change
|move|p2a: Great Tusk|Rapid Spin|p1a: Cinderace
|-damage|p1a: Cinderace|60/100
|-boost|p2a: Great Tusk|spe|1
|-sideend|p2: egg breakfast|Spikes|[from] move: Rapid Spin|[of] p2a: Great Tusk
|-sideend|p2: egg breakfast|Stealth Rock|[from] move: Rapid Spin|[of] p2a: Great Tusk
|
|-damage|p2a: Great Tusk|42/100 tox|[from] psn
|upkeep
|turn|13
|inactive|ariasyoni has 120 seconds left.
|
|t:|1760846418
|move|p1a: Cinderace|U-turn|p2a: Great Tusk
|-resisted|p2a: Great Tusk
|-damage|p2a: Great Tusk|37/100 tox
|-damage|p1a: Cinderace|44/100|[from] item: Rocky Helmet|[of] p2a: Great Tusk
|
|t:|1760846425
|switch|p1a: Gliscor|Gliscor, M|54/100 tox|[from] U-turn
|-damage|p1a: Gliscor|42/100 tox|[from] Stealth Rock
|move|p2a: Great Tusk|Ice Spinner|p1a: Gliscor
|-supereffective|p1a: Gliscor
|-damage|p1a: Gliscor|0 fnt
|faint|p1a: Gliscor
|
|-damage|p2a: Great Tusk|12/100 tox|[from] psn
|upkeep
|
|t:|1760846434
|switch|p1a: Cinderace|Cinderace, F|44/100
|turn|14
|c|☆egg breakfast|do you see rocks on my side?
|
|t:|1760846453
|move|p1a: Cinderace|Pyro Ball|p2a: Great Tusk
|-damage|p2a: Great Tusk|0 fnt
|faint|p2a: Great Tusk
|-end|p2a: Great Tusk|Protosynthesis|[silent]
|
|upkeep
|
|t:|1760846461
|switch|p2a: Darkrai|Darkrai|100/100
|turn|15
|inactive|ariasyoni has 120 seconds left.
|
|t:|1760846471
|move|p2a: Darkrai|Dark Pulse|p1a: Cinderace
|-damage|p1a: Cinderace|0 fnt
|faint|p1a: Cinderace
|
|upkeep
|
|t:|1760846475
|switch|p1a: Tornadus|Tornadus-Therian, M, shiny|100/100
|-damage|p1a: Tornadus|76/100|[from] Stealth Rock
|turn|16
|
|t:|1760846485
|switch|p2a: Ogerpon|Ogerpon-Wellspring, F|100/100
|move|p1a: Tornadus|Hurricane|p2a: Ogerpon|[miss]
|-miss|p1a: Tornadus|p2a: Ogerpon
|
|upkeep
|turn|17
|
|t:|1760846489
|move|p1a: Tornadus|Hurricane|p2a: Ogerpon
|-supereffective|p2a: Ogerpon
|-damage|p2a: Ogerpon|0 fnt
|faint|p2a: Ogerpon
|
|upkeep
|
|t:|1760846493
|switch|p2a: Gholdengo|Gholdengo|100/100
|turn|18
|
|t:|1760846507
|-terastallize|p2a: Gholdengo|Fairy
|move|p1a: Tornadus|Hurricane|p2a: Gholdengo
|-damage|p2a: Gholdengo|25/100
|move|p2a: Gholdengo|Hex|p1a: Tornadus
|-damage|p1a: Tornadus|34/100
|
|upkeep
|turn|19
|
|t:|1760846516
|move|p1a: Tornadus|Hurricane|p2a: Gholdengo
|-damage|p2a: Gholdengo|0 fnt
|faint|p2a: Gholdengo
|
|upkeep
|
|t:|1760846518
|switch|p2a: Kingambit|Kingambit, F|58/100
|-activate|p2a: Kingambit|ability: Supreme Overlord
|-start|p2a: Kingambit|fallen4|[silent]
|turn|20
|
|t:|1760846521
|-terastallize|p1a: Tornadus|Dark
|move|p2a: Kingambit|Sucker Punch|p1a: Tornadus
|-resisted|p1a: Tornadus
|-damage|p1a: Tornadus|0 fnt
|faint|p1a: Tornadus
|
|upkeep
|
|t:|1760846526
|switch|p1a: Dragapult|Dragapult, F|100/100
|-damage|p1a: Dragapult|88/100|[from] Stealth Rock
|turn|21
|
|t:|1760846530
|move|p1a: Dragapult|Dragon Dance|p1a: Dragapult
|-boost|p1a: Dragapult|atk|1
|-boost|p1a: Dragapult|spe|1
|move|p2a: Kingambit|Iron Head|p1a: Dragapult
|-damage|p1a: Dragapult|0 fnt
|faint|p1a: Dragapult
|
|win|egg breakfast
|raw|ariasyoni's rating: 1270 &rarr; <strong>1252</strong><br />(-18 for losing)
|raw|egg breakfast's rating: 1374 &rarr; <strong>1388</strong><br />(+14 for winning)
|l|☆ariasyoni
|player|p1|
