|j|☆meatrub
|j|☆EdgarproUranium
|t:|1760878148
|gametype|singles
|player|p1|meatrub|swimmer-gen4dp|1488
|player|p2|EdgarproUranium|parasollady|1462
|gen|9
|tier|[Gen 9] OU
|rated|
|rule|HP Percentage Mod: HP is shown in percentages
|rule|Endless Battle Clause: Forcing endless battles is banned
|rule|Species Clause: Limit one of each Pokémon
|rule|OHKO Clause: OHKO moves are banned
|rule|Evasion Items Clause: Evasion items are banned
|rule|Evasion Moves Clause: Evasion moves are banned
|rule|Evasion Abilities Clause: Evasion abilities are banned
|rule|Sleep Moves Clause: Sleep-inducing moves are banned
|clearpoke
|poke|p1|Kommo-o, F|
|poke|p1|Ninetales-Alola, F|
|poke|p1|Great Tusk|
|poke|p1|Ogerpon-Wellspring, F|
|poke|p1|Moltres-Galar|
|poke|p1|Scizor, F|
|poke|p2|Lilligant-Hisui, F|
|poke|p2|Iron Crown|
|poke|p2|Alomomola, M|
|poke|p2|Glimmora, M|
|poke|p2|Weavile, F|
|poke|p2|Heatran, M|
|teampreview
|inactive|Battle timer is ON: inactive players will automatically lose when time's up. (requested by meatrub)
|
|t:|1760878164
|teamsize|p1|6
|teamsize|p2|6
|start
|switch|p1a: Ninetales|Ninetales-Alola, F|100/100
|switch|p2a: Iron Crown|Iron Crown|100/100
|-weather|Snowscape|[from] ability: Snow Warning|[of] p1a: Ninetales
|turn|1
|
|t:|1760878181
|move|p1a: Ninetales|Aurora Veil|p1a: Ninetales
|-sidestart|p1: meatrub|move: Aurora Veil
|move|p2a: Iron Crown|Tachyon Cutter|p1a: Ninetales
|-supereffective|p1a: Ninetales
|-damage|p1a: Ninetales|22/100
|-supereffective|p1a: Ninetales
|-crit|p1a: Ninetales
|-damage|p1a: Ninetales|0 fnt
|faint|p1a: Ninetales
|-hitcount|p1: Ninetales|2
|
|-weather|Snowscape|[upkeep]
|upkeep
|
|t:|1760878191
|switch|p1a: Kommo-o|Kommo-o, F|100/100
|turn|2
|
|t:|1760878197
|-terastallize|p1a: Kommo-o|Normal
|move|p2a: Iron Crown|Tachyon Cutter|p1a: Kommo-o
|-damage|p1a: Kommo-o|77/100
|-damage|p1a: Kommo-o|56/100
|-hitcount|p1a: Kommo-o|2
|move|p1a: Kommo-o|Clangorous Soul|p1a: Kommo-o
|-boost|p1a: Kommo-o|atk|1
|-boost|p1a: Kommo-o|def|1
|-boost|p1a: Kommo-o|spa|1
|-boost|p1a: Kommo-o|spd|1
|-boost|p1a: Kommo-o|spe|1
|-damage|p1a: Kommo-o|23/100
|-enditem|p1a: Kommo-o|Throat Spray
|-boost|p1a: Kommo-o|spa|1|[from] item: Throat Spray
|
|-weather|Snowscape|[upkeep]
|upkeep
|turn|3
|
|t:|1760878212
|-end|p2a: Iron Crown|Quark Drive|[silent]
|switch|p2a: Heatran|Heatran, M|100/100
|move|p1a: Kommo-o|Flamethrower|p2a: Heatran
|-start|p2a: Heatran|ability: Flash Fire
|
|-weather|Snowscape|[upkeep]
|upkeep
|turn|4
|
|t:|1760878221
|move|p2a: Heatran|Protect|p2a: Heatran
|-singleturn|p2a: Heatran|Protect
|move|p1a: Kommo-o|Drain Punch|p2a: Heatran
|-activate|p2a: Heatran|move: Protect
|
|-weather|Snowscape|[upkeep]
|upkeep
|turn|5
|
|t:|1760878229
|-end|p2a: Heatran|ability: Flash Fire|[silent]
|switch|p2a: Alomomola|Alomomola, M|100/100
|move|p1a: Kommo-o|Drain Punch|p2a: Alomomola
|-damage|p2a: Alomomola|77/100
|-heal|p1a: Kommo-o|45/100|[from] drain|[of] p2a: Alomomola
|-damage|p1a: Kommo-o|28/100|[from] item: Rocky Helmet|[of] p2a: Alomomola
|
|-weather|none
|upkeep
|turn|6
|
|t:|1760878239
|move|p2a: Alomomola|Protect|p2a: Alomomola
|-singleturn|p2a: Alomomola|Protect
|move|p1a: Kommo-o|Boomburst|p2a: Alomomola
|-activate|p2a: Alomomola|move: Protect
|
|upkeep
|turn|7
|
|t:|1760878245
|move|p1a: Kommo-o|Boomburst|p2a: Alomomola
|-damage|p2a: Alomomola|0 fnt
|faint|p2a: Alomomola
|
|upkeep
|
|t:|1760878254
|switch|p2a: Glimmora|Glimmora, M|100/100
|turn|8
|
|t:|1760878258
|move|p1a: Kommo-o|Drain Punch|p2a: Glimmora
|-damage|p2a: Glimmora|51/100
|-heal|p1a: Kommo-o|54/100|[from] drain|[of] p2a: Glimmora
|-activate|p2a: Glimmora|ability: Toxic Debris
|-sidestart|p1: meatrub|move: Toxic Spikes
|-enditem|p2a: Glimmora|Red Card|[of] p1a: Kommo-o
|drag|p1a: Ogerpon|Ogerpon-Wellspring, F|100/100
|-status|p1a: Ogerpon|psn
|move|p2a: Glimmora|Stealth Rock|p1a: Ogerpon
|-sidestart|p1: meatrub|move: Stealth Rock
|
|-damage|p1a: Ogerpon|88/100 psn|[from] psn
|-sideend|p1: meatrub|move: Aurora Veil
|upkeep
|turn|9
|
|t:|1760878273
|move|p1a: Ogerpon|Swords Dance|p1a: Ogerpon
|-boost|p1a: Ogerpon|atk|2
|move|p2a: Glimmora|Power Gem|p1a: Ogerpon
|-damage|p1a: Ogerpon|39/100 psn
|
|-damage|p1a: Ogerpon|27/100 psn|[from] psn
|upkeep
|turn|10
|
|t:|1760878282
|move|p1a: Ogerpon|Trailblaze|p2a: Glimmora
|-damage|p2a: Glimmora|0 fnt
|-boost|p1a: Ogerpon|spe|1
|-activate|p2a: Glimmora|ability: Toxic Debris
|-sidestart|p1: meatrub|move: Toxic Spikes
|faint|p2a: Glimmora
|
|-damage|p1a: Ogerpon|15/100 psn|[from] psn
|upkeep
|
|t:|1760878285
|switch|p2a: Weavile|Weavile, F|100/100
|-ability|p2a: Weavile|Pressure
|turn|11
|
|t:|1760878296
|move|p2a: Weavile|Ice Shard|p1a: Ogerpon
|-damage|p1a: Ogerpon|0 fnt
|faint|p1a: Ogerpon
|
|upkeep
|
|t:|1760878302
|switch|p1a: Scizor|Scizor, F|100/100
|-damage|p1a: Scizor|88/100|[from] Stealth Rock
|turn|12
|
|t:|1760878308
|switch|p2a: Iron Crown|Iron Crown|100/100
|move|p1a: Scizor|Swords Dance|p1a: Scizor
|-boost|p1a: Scizor|atk|2
|
|upkeep
|turn|13
|
|t:|1760878320
|move|p2a: Iron Crown|Focus Blast|p1a: Scizor
|-damage|p1a: Scizor|7/100
|move|p1a: Scizor|Swords Dance|p1a: Scizor
|-boost|p1a: Scizor|atk|2
|
|upkeep
|turn|14
|
|t:|1760878329
|move|p1a: Scizor|Bullet Punch|p2a: Iron Crown
|-resisted|p2a: Iron Crown
|-damage|p2a: Iron Crown|26/100
|-damage|p1a: Scizor|0 fnt|[from] item: Life Orb
|faint|p1a: Scizor
|move|p2a: Iron Crown|Focus Blast|p1: Scizor|[notarget]
|-fail|p2a: Iron Crown
|
|upkeep
|
|t:|1760878342
|switch|p1a: Moltres|Moltres-Galar|100/100
|-damage|p1a: Moltres|76/100|[from] Stealth Rock
|turn|15
|
|t:|1760878349
|move|p2a: Iron Crown|Focus Blast|p1a: Moltres
|-damage|p1a: Moltres|22/100
|-unboost|p1a: Moltres|spd|1
|-ability|p1a: Moltres|Berserk|boost
|-boost|p1a: Moltres|spa|1
|-enditem|p1a: Moltres|Sitrus Berry|[eat]
|-heal|p1a: Moltres|47/100|[from] item: Sitrus Berry
|move|p1a: Moltres|Agility|p1a: Moltres
|-boost|p1a: Moltres|spe|2
|
|upkeep
|turn|16
|
|t:|1760878362
|move|p1a: Moltres|Fiery Wrath|p2a: Iron Crown
|-supereffective|p2a: Iron Crown
|-damage|p2a: Iron Crown|0 fnt
|faint|p2a: Iron Crown
|-end|p2a: Iron Crown|Quark Drive|[silent]
|
|upkeep
|
|t:|1760878365
|switch|p2a: Weavile|Weavile, F|100/100
|-ability|p2a: Weavile|Pressure
|turn|17
|
|t:|1760878372
|move|p2a: Weavile|Ice Shard|p1a: Moltres
|-supereffective|p1a: Moltres
|-damage|p1a: Moltres|0 fnt
|faint|p1a: Moltres
|
|upkeep
|
|t:|1760878377
|switch|p1a: Great Tusk|Great Tusk|100/100
|-status|p1a: Great Tusk|tox
|-damage|p1a: Great Tusk|98/100 tox|[from] Stealth Rock
|-enditem|p1a: Great Tusk|Booster Energy
|-activate|p1a: Great Tusk|ability: Protosynthesis|[fromitem]
|-start|p1a: Great Tusk|protosynthesisspe
|turn|18
|
|t:|1760878388
|move|p2a: Weavile|Ice Shard|p1a: Great Tusk
|-supereffective|p1a: Great Tusk
|-damage|p1a: Great Tusk|58/100 tox
|move|p1a: Great Tusk|Rapid Spin|p2a: Weavile
|-damage|p2a: Weavile|74/100
|-boost|p1a: Great Tusk|spe|1
|-sideend|p1: meatrub|Toxic Spikes|[from] move: Rapid Spin|[of] p1a: Great Tusk
|-sideend|p1: meatrub|Stealth Rock|[from] move: Rapid Spin|[of] p1a: Great Tusk
|
|-damage|p1a: Great Tusk|52/100 tox|[from] psn
|upkeep
|turn|19
|
|t:|1760878403
|move|p2a: Weavile|Ice Shard|p1a: Great Tusk
|-supereffective|p1a: Great Tusk
|-damage|p1a: Great Tusk|13/100 tox
|move|p1a: Great Tusk|Headlong Rush|p2a: Weavile
|-damage|p2a: Weavile|0 fnt
|-unboost|p1a: Great Tusk|def|1
|-unboost|p1a: Great Tusk|spd|1
|faint|p2a: Weavile
|
|-damage|p1a: Great Tusk|0 fnt|[from] psn
|faint|p1a: Great Tusk
|-end|p1a: Great Tusk|Protosynthesis|[silent]
|upkeep
|
|t:|1760878416
|switch|p2a: Lilligant|Lilligant-Hisui, F|100/100
|switch|p1a: Kommo-o|Kommo-o, F, tera:Normal|54/100
|turn|20
|
|t:|1760878422
|move|p2a: Lilligant|Close Combat|p1a: Kommo-o|[miss]
|-miss|p2a: Lilligant|p1a: Kommo-o
|move|p1a: Kommo-o|Flamethrower|p2a: Lilligant
|-supereffective|p2a: Lilligant
|-damage|p2a: Lilligant|27/100
|
|upkeep
|turn|21
|
|t:|1760878430
|move|p2a: Lilligant|Close Combat|p1a: Kommo-o
|-supereffective|p1a: Kommo-o
|-damage|p1a: Kommo-o|0 fnt
|-unboost|p2a: Lilligant|def|1
|-unboost|p2a: Lilligant|spd|1
|faint|p1a: Kommo-o
|
|win|EdgarproUranium
|raw|meatrub's rating: 1488 &rarr; <strong>1467</strong><br />(-21 for losing)
|raw|EdgarproUranium's rating: 1462 &rarr; <strong>1483</strong><br />(+21 for winning)
|l|☆meatrub
|player|p1|
|l|☆EdgarproUranium
|player|p2|
