|j|☆asdfghjkl896
|j|☆wddsyzs
|t:|1760742218
|gametype|singles
|player|p1|asdfghjkl896|266|1167
|player|p2|wddsyzs|2|1148
|gen|9
|tier|[Gen 9] OU
|rated|
|rule|HP Percentage Mod: HP is shown in percentages
|rule|Endless Battle Clause: Forcing endless battles is banned
|rule|Species Clause: Limit one of each Pokémon
|rule|OHKO Clause: OHKO moves are banned
|rule|Evasion Items Clause: Evasion items are banned
|rule|Evasion Moves Clause: Evasion moves are banned
|rule|Evasion Abilities Clause: Evasion abilities are banned
|rule|Sleep Moves Clause: Sleep-inducing moves are banned
|clearpoke
|poke|p1|Gliscor, F|
|poke|p1|Great Tusk|
|poke|p1|Ninetales, F|
|poke|p1|Walking Wake|
|poke|p1|Kingambit, M|
|poke|p1|Clefable, M|
|poke|p2|Ceruledge, F|
|poke|p2|Riolu, M|
|poke|p2|Pecharunt|
|poke|p2|Gliscor, F|
|poke|p2|Ogerpon-Wellspring, F|
|poke|p2|Cinderace, M|
|teampreview
|
|t:|1760742222
|teamsize|p1|6
|teamsize|p2|6
|start
|switch|p1a: Ninetales|Ninetales, F|100/100
|switch|p2a: Riolu|Riolu, M|100/100
|-weather|SunnyDay|[from] ability: Drought|[of] p1a: Ninetales
|turn|1
|
|t:|1760742232
|move|p1a: Ninetales|Heat Wave|p2a: Riolu
|-enditem|p2a: Riolu|Focus Sash
|-damage|p2a: Riolu|1/100
|move|p2a: Riolu|Reversal|p1a: Ninetales
|-damage|p1a: Ninetales|0 fnt
|faint|p1a: Ninetales
|
|-weather|SunnyDay|[upkeep]
|upkeep
|
|t:|1760742242
|switch|p1a: Walking Wake|Walking Wake|100/100
|-activate|p1a: Walking Wake|ability: Protosynthesis
|-start|p1a: Walking Wake|protosynthesisspe
|turn|2
|
|t:|1760742248
|move|p2a: Riolu|Copycat|p2a: Riolu
|move|p2a: Riolu|Reversal|p1a: Walking Wake|[from] move: Copycat
|-damage|p1a: Walking Wake|18/100
|move|p1a: Walking Wake|Whirlpool|p2a: Riolu
|-damage|p2a: Riolu|0 fnt
|faint|p2a: Riolu
|
|-weather|SunnyDay|[upkeep]
|-heal|p1a: Walking Wake|24/100|[from] item: Leftovers
|upkeep
|
|t:|1760742256
|switch|p2a: Ogerpon|Ogerpon-Wellspring, F|100/100
|turn|3
|
|t:|1760742298
|move|p1a: Walking Wake|Dragon Claw|p2a: Ogerpon
|-damage|p2a: Ogerpon|58/100
|move|p2a: Ogerpon|Horn Leech|p1a: Walking Wake
|-damage|p1a: Walking Wake|0 fnt
|-heal|p2a: Ogerpon|71/100|[from] drain|[of] p1a: Walking Wake
|faint|p1a: Walking Wake
|-end|p1a: Walking Wake|Protosynthesis|[silent]
|
|-weather|SunnyDay|[upkeep]
|upkeep
|
|t:|1760742306
|switch|p1a: Clefable|Clefable, M|100/100
|turn|4
|
|t:|1760742313
|-terastallize|p2a: Ogerpon|Water
|detailschange|p2a: Ogerpon|Ogerpon-Wellspring-Tera, F, tera:Water
|-ability|p2a: Ogerpon|Embody Aspect (Wellspring)|boost
|-boost|p2a: Ogerpon|spd|1
|move|p2a: Ogerpon|Ivy Cudgel|p1a: Clefable|[anim] Ivy Cudgel Water
|-damage|p1a: Clefable|55/100
|move|p1a: Clefable|Thunder Wave|p2a: Ogerpon
|-status|p2a: Ogerpon|par
|
|-weather|SunnyDay|[upkeep]
|-heal|p1a: Clefable|61/100|[from] item: Leftovers
|upkeep
|turn|5
|
|t:|1760742329
|cant|p2a: Ogerpon|par
|move|p1a: Clefable|Psyshock|p2a: Ogerpon
|-damage|p2a: Ogerpon|36/100 par
|
|-weather|none
|-heal|p1a: Clefable|68/100|[from] item: Leftovers
|upkeep
|turn|6
|
|t:|1760742338
|move|p2a: Ogerpon|Horn Leech|p1a: Clefable
|-damage|p1a: Clefable|17/100
|-heal|p2a: Ogerpon|69/100 par|[from] drain|[of] p1a: Clefable
|move|p1a: Clefable|Psyshock|p2a: Ogerpon
|-damage|p2a: Ogerpon|35/100 par
|
|-heal|p1a: Clefable|23/100|[from] item: Leftovers
|upkeep
|turn|7
|
|t:|1760742347
|switch|p1a: Gliscor|Gliscor, F|100/100
|cant|p2a: Ogerpon|par
|
|-status|p1a: Gliscor|tox|[from] item: Toxic Orb
|upkeep
|turn|8
|
|t:|1760742357
|move|p2a: Ogerpon|Spiky Shield|p2a: Ogerpon
|-singleturn|p2a: Ogerpon|move: Protect
|move|p1a: Gliscor|Earthquake|p2a: Ogerpon
|-activate|p2a: Ogerpon|move: Protect
|
|upkeep
|turn|9
|
|t:|1760742365
|move|p1a: Gliscor|Earthquake|p2a: Ogerpon
|-damage|p2a: Ogerpon|0 fnt
|faint|p2a: Ogerpon
|detailschange|p2: Ogerpon|Ogerpon-Wellspring, F|[silent]
|
|upkeep
|
|t:|1760742375
|switch|p2a: Gliscor|Gliscor, F|100/100
|turn|10
|
|t:|1760742393
|switch|p1a: Great Tusk|Great Tusk|100/100
|move|p2a: Gliscor|Counter||[still]
|-fail|p2a: Gliscor
|
|-status|p2a: Gliscor|tox|[from] item: Toxic Orb
|upkeep
|turn|11
|
|t:|1760742400
|move|p1a: Great Tusk|Bulk Up|p1a: Great Tusk
|-boost|p1a: Great Tusk|atk|1
|-boost|p1a: Great Tusk|def|1
|move|p2a: Gliscor|Earthquake|p1a: Great Tusk
|-damage|p1a: Great Tusk|77/100
|
|upkeep
|turn|12
|
|t:|1760742408
|move|p1a: Great Tusk|Bulk Up|p1a: Great Tusk
|-boost|p1a: Great Tusk|atk|1
|-boost|p1a: Great Tusk|def|1
|move|p2a: Gliscor|Facade|p1a: Great Tusk
|-damage|p1a: Great Tusk|62/100
|
|upkeep
|turn|13
|
|t:|1760742420
|switch|p2a: Cinderace|Cinderace, M|100/100
|move|p1a: Great Tusk|Bulk Up|p1a: Great Tusk
|-boost|p1a: Great Tusk|atk|1
|-boost|p1a: Great Tusk|def|1
|
|upkeep
|turn|14
|
|t:|1760742433
|move|p2a: Cinderace|Acrobatics|p1a: Great Tusk
|-start|p2a: Cinderace|typechange|Flying|[from] ability: Libero
|-supereffective|p1a: Great Tusk
|-damage|p1a: Great Tusk|47/100
|move|p1a: Great Tusk|Rapid Spin|p2a: Cinderace
|-damage|p2a: Cinderace|23/100
|-boost|p1a: Great Tusk|spe|1
|-damage|p1a: Great Tusk|37/100|[from] item: Life Orb
|
|upkeep
|turn|15
|
|t:|1760742447
|move|p1a: Great Tusk|Rapid Spin|p2a: Cinderace
|-damage|p2a: Cinderace|0 fnt
|-boost|p1a: Great Tusk|spe|1
|faint|p2a: Cinderace
|-damage|p1a: Great Tusk|27/100|[from] item: Life Orb
|
|upkeep
|
|t:|1760742449
|switch|p2a: Pecharunt|Pecharunt|100/100
|turn|16
|
|t:|1760742454
|move|p1a: Great Tusk|Headlong Rush|p2a: Pecharunt
|-supereffective|p2a: Pecharunt
|-damage|p2a: Pecharunt|0 fnt
|-unboost|p1a: Great Tusk|def|1
|-unboost|p1a: Great Tusk|spd|1
|-damage|p1a: Great Tusk|10/100|[from] item: Rocky Helmet|[of] p2a: Pecharunt
|faint|p2a: Pecharunt
|-damage|p1a: Great Tusk|0 fnt|[from] item: Life Orb
|faint|p1a: Great Tusk
|-end|p1a: Great Tusk|Protosynthesis|[silent]
|
|upkeep
|
|t:|1760742471
|switch|p1a: Gliscor|Gliscor, F|100/100 tox
|switch|p2a: Ceruledge|Ceruledge, F|100/100
|turn|17
|
|t:|1760742480
|move|p2a: Ceruledge|Bitter Blade|p1a: Gliscor
|-crit|p1a: Gliscor
|-damage|p1a: Gliscor|39/100 tox
|move|p1a: Gliscor|Toxic|p2a: Ceruledge
|-status|p2a: Ceruledge|tox
|
|-damage|p2a: Ceruledge|94/100 tox|[from] psn
|-heal|p1a: Gliscor|52/100 tox|[from] ability: Poison Heal
|upkeep
|turn|18
|
|t:|1760742489
|move|p1a: Gliscor|Protect|p1a: Gliscor
|-singleturn|p1a: Gliscor|Protect
|move|p2a: Ceruledge|Bitter Blade|p1a: Gliscor
|-activate|p1a: Gliscor|move: Protect
|
|-damage|p2a: Ceruledge|82/100 tox|[from] psn
|-heal|p1a: Gliscor|64/100 tox|[from] ability: Poison Heal
|upkeep
|turn|19
|
|t:|1760742498
|move|p2a: Ceruledge|Bitter Blade|p1a: Gliscor
|-damage|p1a: Gliscor|22/100 tox
|-heal|p2a: Ceruledge|100/100 tox|[from] drain|[of] p1a: Gliscor
|move|p1a: Gliscor|Stealth Rock|p2a: Ceruledge
|-sidestart|p2: wddsyzs|move: Stealth Rock
|
|-damage|p2a: Ceruledge|82/100 tox|[from] psn
|-heal|p1a: Gliscor|35/100 tox|[from] ability: Poison Heal
|upkeep
|turn|20
|
|t:|1760742507
|move|p1a: Gliscor|Protect|p1a: Gliscor
|-singleturn|p1a: Gliscor|Protect
|move|p2a: Ceruledge|Bitter Blade|p1a: Gliscor
|-activate|p1a: Gliscor|move: Protect
|
|-damage|p2a: Ceruledge|57/100 tox|[from] psn
|-heal|p1a: Gliscor|47/100 tox|[from] ability: Poison Heal
|upkeep
|turn|21
|
|t:|1760742522
|switch|p1a: Clefable|Clefable, M|23/100
|move|p2a: Ceruledge|Bitter Blade|p1a: Clefable
|-damage|p1a: Clefable|0 fnt
|-heal|p2a: Ceruledge|73/100 tox|[from] drain|[of] p1a: Clefable
|faint|p1a: Clefable
|
|-damage|p2a: Ceruledge|42/100 tox|[from] psn
|upkeep
|
|t:|1760742531
|switch|p1a: Gliscor|Gliscor, F|47/100 tox
|turn|22
|
|t:|1760742533
|move|p1a: Gliscor|Protect|p1a: Gliscor
|-singleturn|p1a: Gliscor|Protect
|move|p2a: Ceruledge|Bitter Blade|p1a: Gliscor
|-activate|p1a: Gliscor|move: Protect
|
|-damage|p2a: Ceruledge|5/100 tox|[from] psn
|-heal|p1a: Gliscor|60/100 tox|[from] ability: Poison Heal
|upkeep
|turn|23
|
|t:|1760742546
|move|p2a: Ceruledge|Bitter Blade|p1a: Gliscor
|-damage|p1a: Gliscor|13/100 tox
|-heal|p2a: Ceruledge|33/100 tox|[from] drain|[of] p1a: Gliscor
|move|p1a: Gliscor|Earthquake|p2a: Ceruledge
|-supereffective|p2a: Ceruledge
|-damage|p2a: Ceruledge|0 fnt
|faint|p2a: Ceruledge
|
|-heal|p1a: Gliscor|25/100 tox|[from] ability: Poison Heal
|upkeep
|
|t:|1760742552
|switch|p2a: Gliscor|Gliscor, F|100/100 tox
|-damage|p2a: Gliscor|88/100 tox|[from] Stealth Rock
|turn|24
|
|t:|1760742564
|move|p1a: Gliscor|Protect|p1a: Gliscor
|-singleturn|p1a: Gliscor|Protect
|move|p2a: Gliscor|Facade|p1a: Gliscor
|-activate|p1a: Gliscor|move: Protect
|
|-heal|p1a: Gliscor|38/100 tox|[from] ability: Poison Heal
|-heal|p2a: Gliscor|100/100 tox|[from] ability: Poison Heal
|upkeep
|turn|25
|
|t:|1760742572
|move|p1a: Gliscor|Earthquake|p2a: Gliscor
|-immune|p2a: Gliscor
|move|p2a: Gliscor|Facade|p1a: Gliscor
|-damage|p1a: Gliscor|12/100 tox
|
|-heal|p1a: Gliscor|24/100 tox|[from] ability: Poison Heal
|upkeep
|turn|26
|
|t:|1760742580
|move|p1a: Gliscor|Protect|p1a: Gliscor
|-singleturn|p1a: Gliscor|Protect
|move|p2a: Gliscor|Facade|p1a: Gliscor
|-activate|p1a: Gliscor|move: Protect
|
|-heal|p1a: Gliscor|37/100 tox|[from] ability: Poison Heal
|upkeep
|turn|27
|
|t:|1760742590
|switch|p1a: Kingambit|Kingambit, M|100/100
|-activate|p1a: Kingambit|ability: Supreme Overlord
|-start|p1a: Kingambit|fallen4|[silent]
|move|p2a: Gliscor|Facade|p1a: Kingambit
|-resisted|p1a: Kingambit
|-damage|p1a: Kingambit|84/100
|
|-heal|p1a: Kingambit|90/100|[from] item: Leftovers
|upkeep
|turn|28
|
|t:|1760742600
|-end|p1a: Kingambit|fallen4|[silent]
|switch|p1a: Gliscor|Gliscor, F|37/100 tox
|move|p2a: Gliscor|Counter||[still]
|-fail|p2a: Gliscor
|
|-heal|p1a: Gliscor|49/100 tox|[from] ability: Poison Heal
|upkeep
|turn|29
|
|t:|1760742609
|move|p1a: Gliscor|Stealth Rock||[still]
|-fail|p1a: Gliscor
|move|p2a: Gliscor|Facade|p1a: Gliscor
|-damage|p1a: Gliscor|20/100 tox
|
|-heal|p1a: Gliscor|33/100 tox|[from] ability: Poison Heal
|upkeep
|turn|30
|
|t:|1760742617
|switch|p1a: Kingambit|Kingambit, M|90/100
|-activate|p1a: Kingambit|ability: Supreme Overlord
|-start|p1a: Kingambit|fallen4|[silent]
|move|p2a: Gliscor|Facade|p1a: Kingambit
|-resisted|p1a: Kingambit
|-crit|p1a: Kingambit
|-damage|p1a: Kingambit|65/100
|
|-heal|p1a: Kingambit|71/100|[from] item: Leftovers
|upkeep
|turn|31
|
|t:|1760742628
|-terastallize|p1a: Kingambit|Dark
|move|p2a: Gliscor|Facade|p1a: Kingambit
|-damage|p1a: Kingambit|40/100
|move|p1a: Kingambit|Swords Dance|p1a: Kingambit
|-boost|p1a: Kingambit|atk|2
|
|-heal|p1a: Kingambit|46/100|[from] item: Leftovers
|upkeep
|turn|32
|
|t:|1760742636
|move|p2a: Gliscor|Earthquake|p1a: Kingambit
|-damage|p1a: Kingambit|14/100
|move|p1a: Kingambit|Swords Dance|p1a: Kingambit
|-boost|p1a: Kingambit|atk|2
|
|-heal|p1a: Kingambit|21/100|[from] item: Leftovers
|upkeep
|turn|33
|
|t:|1760742644
|move|p1a: Kingambit|Sucker Punch|p2a: Gliscor
|-damage|p2a: Gliscor|0 fnt
|faint|p2a: Gliscor
|
|win|asdfghjkl896
|raw|asdfghjkl896's rating: 1167 &rarr; <strong>1191</strong><br />(+24 for winning)
|raw|wddsyzs's rating: 1148 &rarr; <strong>1124</strong><br />(-24 for losing)
|l|☆wddsyzs
|player|p2|
|l|☆asdfghjkl896
|player|p1|
