|j|☆powerfulnoob_
|j|☆Aiden17
|t:|1760771942
|gametype|singles
|player|p1|powerfulnoob_|169|1130
|player|p2|Aiden17|linebacker|1180
|gen|9
|tier|[Gen 9] OU
|rated|
|rule|HP Percentage Mod: HP is shown in percentages
|rule|Endless Battle Clause: Forcing endless battles is banned
|rule|Species Clause: Limit one of each Pokémon
|rule|OHKO Clause: OHKO moves are banned
|rule|Evasion Items Clause: Evasion items are banned
|rule|Evasion Moves Clause: Evasion moves are banned
|rule|Evasion Abilities Clause: Evasion abilities are banned
|rule|Sleep Moves Clause: Sleep-inducing moves are banned
|clearpoke
|poke|p1|Maushold|
|poke|p1|Moltres-Galar|
|poke|p1|Iron Treads|
|poke|p1|Primarina, F|
|poke|p1|Cinderace, M|
|poke|p1|Sinistcha-Masterpiece|
|poke|p2|Iron Boulder|
|poke|p2|Gliscor, F|
|poke|p2|Darkrai|
|poke|p2|Milotic, M|
|poke|p2|Gengar, F|
|poke|p2|Hitmonchan, M|
|teampreview
|
|t:|1760771948
|teamsize|p1|6
|teamsize|p2|6
|start
|switch|p1a: Sinistcha|Sinistcha-Masterpiece|100/100
|switch|p2a: Hitmonchan|Hitmonchan, M|100/100
|turn|1
|
|t:|1760771961
|move|p1a: Sinistcha|Calm Mind|p1a: Sinistcha
|-boost|p1a: Sinistcha|spa|1
|-boost|p1a: Sinistcha|spd|1
|move|p2a: Hitmonchan|Knock Off|p1a: Sinistcha
|-supereffective|p1a: Sinistcha
|-damage|p1a: Sinistcha|36/100
|-enditem|p1a: Sinistcha|Leftovers|[from] move: Knock Off|[of] p2a: Hitmonchan
|
|upkeep
|turn|2
|
|t:|1760771968
|move|p1a: Sinistcha|Strength Sap|p2a: Hitmonchan
|-unboost|p2a: Hitmonchan|atk|1
|-heal|p1a: Sinistcha|100/100
|move|p2a: Hitmonchan|Knock Off|p1a: Sinistcha
|-supereffective|p1a: Sinistcha
|-damage|p1a: Sinistcha|71/100
|
|upkeep
|turn|3
|
|t:|1760771982
|switch|p2a: Darkrai|Darkrai|100/100
|move|p1a: Sinistcha|Calm Mind|p1a: Sinistcha
|-boost|p1a: Sinistcha|spa|1
|-boost|p1a: Sinistcha|spd|1
|
|upkeep
|turn|4
|
|t:|1760771993
|move|p2a: Darkrai|Calm Mind|p2a: Darkrai
|-boost|p2a: Darkrai|spa|1
|-boost|p2a: Darkrai|spd|1
|move|p1a: Sinistcha|Matcha Gotcha|p2a: Darkrai
|-damage|p2a: Darkrai|22/100
|-heal|p1a: Sinistcha|100/100|[from] drain|[of] p2a: Darkrai
|
|upkeep
|turn|5
|
|t:|1760771996
|move|p2a: Darkrai|Dark Pulse|p1a: Sinistcha
|-supereffective|p1a: Sinistcha
|-damage|p1a: Sinistcha|16/100
|move|p1a: Sinistcha|Matcha Gotcha|p2a: Darkrai|[miss]
|-miss|p1a: Sinistcha|p2a: Darkrai
|
|upkeep
|turn|6
|
|t:|1760772004
|move|p2a: Darkrai|Dark Pulse|p1a: Sinistcha
|-supereffective|p1a: Sinistcha
|-damage|p1a: Sinistcha|0 fnt
|faint|p1a: Sinistcha
|
|upkeep
|
|t:|1760772022
|switch|p1a: Iron Treads|Iron Treads|100/100
|turn|7
|c|☆Aiden17|!weak iron treads
|c| Aiden17|/raw <div class="infobox">Iron Treads (ignoring abilities):<br /><span class="message-effect-weak">Weaknesses</span>: Fighting, Fire, Ground, Water<br /><span class="message-effect-resist">Resistances</span>: Bug, Dragon, Fairy, Flying, Normal, Psychic, <b>Rock</b>, Steel<br /><span class="message-effect-immune">Immunities</span>: Electric, Poison, Sandstorm damage, Toxic</div>
|
|t:|1760772064
|switch|p2a: Gliscor|Gliscor, F|100/100
|move|p1a: Iron Treads|Earthquake|p2a: Gliscor
|-immune|p2a: Gliscor
|
|-status|p2a: Gliscor|tox|[from] item: Toxic Orb
|upkeep
|turn|8
|
|t:|1760772075
|move|p1a: Iron Treads|Ice Spinner|p2a: Gliscor
|-supereffective|p2a: Gliscor
|-damage|p2a: Gliscor|37/100 tox
|move|p2a: Gliscor|Counter|p1a: Iron Treads
|-damage|p1a: Iron Treads|0 fnt
|faint|p1a: Iron Treads
|-end|p1a: Iron Treads|Quark Drive|[silent]
|
|-heal|p2a: Gliscor|50/100 tox|[from] ability: Poison Heal
|upkeep
|
|t:|1760772084
|switch|p1a: Moltres|Moltres-Galar|100/100
|turn|9
|
|t:|1760772089
|move|p1a: Moltres|Nasty Plot|p1a: Moltres
|-boost|p1a: Moltres|spa|2
|move|p2a: Gliscor|Toxic|p1a: Moltres
|-status|p1a: Moltres|tox
|
|-damage|p1a: Moltres|94/100 tox|[from] psn
|-heal|p2a: Gliscor|62/100 tox|[from] ability: Poison Heal
|upkeep
|turn|10
|
|t:|1760772095
|move|p2a: Gliscor|Protect|p2a: Gliscor
|-singleturn|p2a: Gliscor|Protect
|move|p1a: Moltres|Agility|p1a: Moltres
|-boost|p1a: Moltres|spe|2
|
|-damage|p1a: Moltres|82/100 tox|[from] psn
|-heal|p2a: Gliscor|75/100 tox|[from] ability: Poison Heal
|upkeep
|turn|11
|
|t:|1760772111
|switch|p2a: Hitmonchan|Hitmonchan, M|100/100
|move|p1a: Moltres|Fiery Wrath|p2a: Hitmonchan
|-resisted|p2a: Hitmonchan
|-damage|p2a: Hitmonchan|71/100
|
|-damage|p1a: Moltres|63/100 tox|[from] psn
|upkeep
|turn|12
|
|t:|1760772120
|-terastallize|p2a: Hitmonchan|Steel
|move|p1a: Moltres|Air Slash|p2a: Hitmonchan
|-resisted|p2a: Hitmonchan
|-damage|p2a: Hitmonchan|46/100
|cant|p2a: Hitmonchan|flinch
|
|-damage|p1a: Moltres|38/100 tox|[from] psn
|upkeep
|-enditem|p1a: Moltres|Sitrus Berry|[eat]
|-heal|p1a: Moltres|63/100 tox|[from] item: Sitrus Berry
|turn|13
|
|t:|1760772127
|move|p2a: Hitmonchan|Bullet Punch|p1a: Moltres
|-damage|p1a: Moltres|38/100 tox
|-ability|p1a: Moltres|Berserk|boost
|-boost|p1a: Moltres|spa|1
|move|p1a: Moltres|Fiery Wrath|p2a: Hitmonchan
|-damage|p2a: Hitmonchan|0 fnt
|faint|p2a: Hitmonchan
|
|-damage|p1a: Moltres|6/100 tox|[from] psn
|upkeep
|
|t:|1760772134
|switch|p2a: Gliscor|Gliscor, F|75/100 tox
|turn|14
|
|t:|1760772138
|move|p2a: Gliscor|Protect|p2a: Gliscor
|-singleturn|p2a: Gliscor|Protect
|move|p1a: Moltres|Fiery Wrath|p2a: Gliscor
|-activate|p2a: Gliscor|move: Protect
|
|-damage|p1a: Moltres|0 fnt|[from] psn
|faint|p1a: Moltres
|-heal|p2a: Gliscor|87/100 tox|[from] ability: Poison Heal
|upkeep
|
|t:|1760772142
|switch|p1a: Primarina|Primarina, F|100/100
|turn|15
|
|t:|1760772147
|switch|p2a: Milotic|Milotic, M, shiny|100/100
|move|p1a: Primarina|Sparkling Aria|p2a: Milotic
|-resisted|p2a: Milotic
|-damage|p2a: Milotic|79/100
|
|-heal|p2a: Milotic|86/100|[from] item: Leftovers
|upkeep
|turn|16
|
|t:|1760772153
|switch|p1a: Maushold|Maushold|100/100
|move|p2a: Milotic|Mirror Coat||[still]
|-fail|p2a: Milotic
|
|-heal|p2a: Milotic|92/100|[from] item: Leftovers
|upkeep
|turn|17
|
|t:|1760772165
|switch|p2a: Gliscor|Gliscor, F|87/100 tox
|move|p1a: Maushold|Encore||[still]
|-fail|p1a: Maushold
|
|-heal|p2a: Gliscor|99/100 tox|[from] ability: Poison Heal
|upkeep
|turn|18
|
|t:|1760772179
|move|p1a: Maushold|Tidy Up|p1a: Maushold
|-boost|p1a: Maushold|atk|1
|-boost|p1a: Maushold|spe|1
|move|p2a: Gliscor|Toxic|p1a: Maushold|[miss]
|-miss|p2a: Gliscor|p1a: Maushold
|
|-heal|p2a: Gliscor|100/100 tox|[from] ability: Poison Heal
|upkeep
|turn|19
|
|t:|1760772193
|move|p1a: Maushold|Population Bomb|p2a: Gliscor
|-damage|p2a: Gliscor|90/100 tox
|-damage|p2a: Gliscor|79/100 tox
|-damage|p2a: Gliscor|70/100 tox
|-damage|p2a: Gliscor|60/100 tox
|-damage|p2a: Gliscor|49/100 tox
|-damage|p2a: Gliscor|38/100 tox
|-damage|p2a: Gliscor|28/100 tox
|-damage|p2a: Gliscor|16/100 tox
|-hitcount|p2a: Gliscor|8
|move|p2a: Gliscor|Toxic|p1a: Maushold
|-status|p1a: Maushold|tox
|
|-damage|p1a: Maushold|94/100 tox|[from] psn
|-heal|p2a: Gliscor|29/100 tox|[from] ability: Poison Heal
|upkeep
|turn|20
|
|t:|1760772201
|switch|p2a: Gengar|Gengar, F|100/100
|move|p1a: Maushold|Bite|p2a: Gengar
|-supereffective|p2a: Gengar
|-enditem|p2a: Gengar|Focus Sash
|-damage|p2a: Gengar|1/100
|
|-damage|p1a: Maushold|82/100 tox|[from] psn
|upkeep
|turn|21
|
|t:|1760772212
|switch|p2a: Darkrai|Darkrai|22/100
|move|p1a: Maushold|Bite|p2a: Darkrai
|-resisted|p2a: Darkrai
|-damage|p2a: Darkrai|0 fnt
|faint|p2a: Darkrai
|
|-damage|p1a: Maushold|63/100 tox|[from] psn
|upkeep
|
|t:|1760772215
|switch|p2a: Gliscor|Gliscor, F|29/100 tox
|turn|22
|
|t:|1760772219
|move|p2a: Gliscor|Protect|p2a: Gliscor
|-singleturn|p2a: Gliscor|Protect
|move|p1a: Maushold|Bite|p2a: Gliscor
|-activate|p2a: Gliscor|move: Protect
|
|-damage|p1a: Maushold|38/100 tox|[from] psn
|-heal|p2a: Gliscor|41/100 tox|[from] ability: Poison Heal
|upkeep
|turn|23
|
|t:|1760772230
|move|p1a: Maushold|Bite|p2a: Gliscor
|-damage|p2a: Gliscor|18/100 tox
|move|p2a: Gliscor|Earthquake|p1a: Maushold
|-damage|p1a: Maushold|0 fnt
|faint|p1a: Maushold
|
|-heal|p2a: Gliscor|31/100 tox|[from] ability: Poison Heal
|upkeep
|
|t:|1760772243
|switch|p1a: Cinderace|Cinderace, M|100/100
|turn|24
|
|t:|1760772247
|move|p2a: Gliscor|Protect|p2a: Gliscor
|-singleturn|p2a: Gliscor|Protect
|move|p1a: Cinderace|Pyro Ball|p2a: Gliscor
|-activate|p2a: Gliscor|move: Protect
|
|-heal|p2a: Gliscor|43/100 tox|[from] ability: Poison Heal
|upkeep
|turn|25
|
|t:|1760772252
|switch|p2a: Gengar|Gengar, F|1/100
|move|p1a: Cinderace|Pyro Ball|p2a: Gengar
|-damage|p2a: Gengar|0 fnt
|-start|p1a: Cinderace|Disable|Pyro Ball|[from] ability: Cursed Body|[of] p2a: Gengar
|faint|p2a: Gengar
|
|upkeep
|
|t:|1760772254
|switch|p2a: Gliscor|Gliscor, F|43/100 tox
|turn|26
|inactive|Battle timer is ON: inactive players will automatically lose when time's up. (requested by Aiden17)
|
|t:|1760772263
|switch|p1a: Primarina|Primarina, F|100/100
|move|p2a: Gliscor|Protect||[still]
|-fail|p2a: Gliscor
|
|-heal|p2a: Gliscor|56/100 tox|[from] ability: Poison Heal
|upkeep
|turn|27
|
|t:|1760772275
|switch|p2a: Milotic|Milotic, M, shiny|92/100
|move|p1a: Primarina|Sparkling Aria|p2a: Milotic
|-resisted|p2a: Milotic
|-damage|p2a: Milotic|70/100
|
|-heal|p2a: Milotic|76/100|[from] item: Leftovers
|upkeep
|turn|28
|
|t:|1760772278
|switch|p1a: Cinderace|Cinderace, M|100/100
|move|p2a: Milotic|Scald|p1a: Cinderace
|-supereffective|p1a: Cinderace
|-damage|p1a: Cinderace|28/100
|
|-heal|p2a: Milotic|82/100|[from] item: Leftovers
|upkeep
|turn|29
|
|t:|1760772289
|move|p1a: Cinderace|High Jump Kick|p2a: Milotic
|-start|p1a: Cinderace|typechange|Fighting|[from] ability: Libero
|-damage|p2a: Milotic|12/100
|move|p2a: Milotic|Scald|p1a: Cinderace
|-damage|p1a: Cinderace|0 fnt
|faint|p1a: Cinderace
|
|-heal|p2a: Milotic|19/100|[from] item: Leftovers
|upkeep
|
|t:|1760772295
|switch|p1a: Primarina|Primarina, F|100/100
|turn|30
|
|t:|1760772301
|move|p2a: Milotic|Recover|p2a: Milotic
|-heal|p2a: Milotic|69/100
|move|p1a: Primarina|Energy Ball|p2a: Milotic
|-supereffective|p2a: Milotic
|-damage|p2a: Milotic|15/100
|
|-heal|p2a: Milotic|21/100|[from] item: Leftovers
|upkeep
|turn|31
|
|t:|1760772305
|move|p2a: Milotic|Recover|p2a: Milotic
|-heal|p2a: Milotic|71/100
|move|p1a: Primarina|Energy Ball|p2a: Milotic
|-supereffective|p2a: Milotic
|-damage|p2a: Milotic|17/100
|
|-heal|p2a: Milotic|23/100|[from] item: Leftovers
|upkeep
|turn|32
|
|t:|1760772311
|move|p2a: Milotic|Recover|p2a: Milotic
|-heal|p2a: Milotic|73/100
|move|p1a: Primarina|Energy Ball|p2a: Milotic
|-supereffective|p2a: Milotic
|-damage|p2a: Milotic|23/100
|
|-heal|p2a: Milotic|29/100|[from] item: Leftovers
|upkeep
|turn|33
|
|t:|1760772314
|move|p2a: Milotic|Scald|p1a: Primarina
|-resisted|p1a: Primarina
|-damage|p1a: Primarina|90/100
|-status|p1a: Primarina|brn
|move|p1a: Primarina|Energy Ball|p2a: Milotic
|-supereffective|p2a: Milotic
|-damage|p2a: Milotic|0 fnt
|faint|p2a: Milotic
|
|-damage|p1a: Primarina|83/100 brn|[from] brn
|upkeep
|
|t:|1760772317
|switch|p2a: Gliscor|Gliscor, F|56/100 tox
|turn|34
|
|t:|1760772320
|move|p2a: Gliscor|Protect|p2a: Gliscor
|-singleturn|p2a: Gliscor|Protect
|move|p1a: Primarina|Energy Ball|p2a: Gliscor
|-activate|p2a: Gliscor|move: Protect
|
|-heal|p2a: Gliscor|68/100 tox|[from] ability: Poison Heal
|-damage|p1a: Primarina|77/100 brn|[from] brn
|upkeep
|turn|35
|
|t:|1760772324
|move|p2a: Gliscor|Earthquake|p1a: Primarina
|-damage|p1a: Primarina|40/100 brn
|move|p1a: Primarina|Energy Ball|p2a: Gliscor
|-damage|p2a: Gliscor|10/100 tox
|
|-heal|p2a: Gliscor|22/100 tox|[from] ability: Poison Heal
|-damage|p1a: Primarina|34/100 brn|[from] brn
|upkeep
|turn|36
|l|☆powerfulnoob_
|inactive|powerfulnoob_ disconnected and has a minute to reconnect!
|player|p1|
|j|☆powerfulnoob_
|inactive|powerfulnoob_ reconnected and has 110 seconds left.
|player|p1|powerfulnoob_|169|
|
|t:|1760772371
|move|p2a: Gliscor|Protect|p2a: Gliscor
|-singleturn|p2a: Gliscor|Protect
|move|p1a: Primarina|Energy Ball|p2a: Gliscor
|-activate|p2a: Gliscor|move: Protect
|
|-heal|p2a: Gliscor|35/100 tox|[from] ability: Poison Heal
|-damage|p1a: Primarina|28/100 brn|[from] brn
|upkeep
|turn|37
|
|t:|1760772373
|move|p2a: Gliscor|Earthquake|p1a: Primarina
|-damage|p1a: Primarina|0 fnt
|faint|p1a: Primarina
|
|win|Aiden17
|raw|powerfulnoob_'s rating: 1130 &rarr; <strong>1109</strong><br />(-21 for losing)
|raw|Aiden17's rating: 1180 &rarr; <strong>1201</strong><br />(+21 for winning)
|l|‽powerfulnoob_
|player|p1|
|l|☆Aiden17
|player|p2|
