|j|☆snoppp
|j|☆Disband ICE
|t:|1760851856
|gametype|singles
|player|p1|snoppp|bruno|1230
|player|p2|Disband ICE|workerice|1247
|gen|9
|tier|[Gen 9] OU
|rated|
|rule|HP Percentage Mod: HP is shown in percentages
|rule|Endless Battle Clause: Forcing endless battles is banned
|rule|Species Clause: Limit one of each Pokémon
|rule|OHKO Clause: OHKO moves are banned
|rule|Evasion Items Clause: Evasion items are banned
|rule|Evasion Moves Clause: Evasion moves are banned
|rule|Evasion Abilities Clause: Evasion abilities are banned
|rule|Sleep Moves Clause: Sleep-inducing moves are banned
|clearpoke
|poke|p1|Hoopa-Unbound|
|poke|p1|Zamazenta-*|
|poke|p1|Moltres|
|poke|p1|Alomomola, F|
|poke|p1|Slowking-Galar, M|
|poke|p1|Iron Treads|
|poke|p2|Grimmsnarl, M|
|poke|p2|Snorlax, M|
|poke|p2|Hoopa-Unbound|
|poke|p2|Walking Wake|
|poke|p2|Dragapult, M|
|poke|p2|Zamazenta-*|
|teampreview
|inactive|Battle timer is ON: inactive players will automatically lose when time's up. (requested by Disband ICE)
|
|t:|1760851867
|teamsize|p1|6
|teamsize|p2|6
|start
|switch|p1a: Iron Treads|Iron Treads|100/100
|switch|p2a: Mr Grimm|Grimmsnarl, M|100/100
|turn|1
|
|t:|1760851877
|move|p2a: Mr Grimm|Taunt|p1a: Iron Treads
|-start|p1a: Iron Treads|move: Taunt
|move|p1a: Iron Treads|Knock Off|p2a: Mr Grimm
|-resisted|p2a: Mr Grimm
|-damage|p2a: Mr Grimm|95/100
|-enditem|p2a: Mr Grimm|Light Clay|[from] move: Knock Off|[of] p1a: Iron Treads
|
|upkeep
|turn|2
|
|t:|1760851883
|move|p2a: Mr Grimm|Reflect|p2a: Mr Grimm
|-sidestart|p2: Disband ICE|Reflect
|move|p1a: Iron Treads|Earthquake|p2a: Mr Grimm
|-damage|p2a: Mr Grimm|79/100
|
|upkeep
|turn|3
|
|t:|1760851907
|switch|p2a: Snorlax|Snorlax, M|100/100
|move|p1a: Iron Treads|Earthquake|p2a: Snorlax
|-damage|p2a: Snorlax|86/100
|
|-end|p1a: Iron Treads|move: Taunt
|upkeep
|turn|4
|
|t:|1760851915
|move|p1a: Iron Treads|Knock Off|p2a: Snorlax
|-damage|p2a: Snorlax|77/100
|-enditem|p2a: Snorlax|Aguav Berry|[from] move: Knock Off|[of] p1a: Iron Treads
|move|p2a: Snorlax|Belly Drum|p2a: Snorlax
|-damage|p2a: Snorlax|27/100
|-setboost|p2a: Snorlax|atk|6|[from] move: Belly Drum
|
|upkeep
|turn|5
|
|t:|1760851924
|move|p1a: Iron Treads|Earthquake|p2a: Snorlax
|-damage|p2a: Snorlax|12/100
|move|p2a: Snorlax|Heat Crash|p1a: Iron Treads
|-supereffective|p1a: Iron Treads
|-damage|p1a: Iron Treads|24/100
|
|-heal|p1a: Iron Treads|30/100|[from] item: Leftovers
|upkeep
|turn|6
|
|t:|1760851934
|move|p1a: Iron Treads|Earthquake|p2a: Snorlax
|-damage|p2a: Snorlax|0 fnt
|faint|p2a: Snorlax
|
|-heal|p1a: Iron Treads|36/100|[from] item: Leftovers
|-sideend|p2: Disband ICE|Reflect
|upkeep
|
|t:|1760851943
|switch|p2a: Dragapult|Dragapult, M|100/100
|turn|7
|
|t:|1760851945
|move|p2a: Dragapult|Surf|p1a: Iron Treads
|-supereffective|p1a: Iron Treads
|-damage|p1a: Iron Treads|0 fnt
|faint|p1a: Iron Treads
|-end|p1a: Iron Treads|Quark Drive|[silent]
|
|upkeep
|
|t:|1760851948
|switch|p1a: Hoopa|Hoopa-Unbound|100/100
|turn|8
|
|t:|1760851955
|switch|p2a: Mr Grimm|Grimmsnarl, M|79/100
|move|p1a: Hoopa|Knock Off|p2a: Mr Grimm
|-resisted|p2a: Mr Grimm
|-damage|p2a: Mr Grimm|72/100
|
|upkeep
|turn|9
|
|t:|1760851963
|switch|p1a: Slowking|Slowking-Galar, M|100/100
|move|p2a: Mr Grimm|Spirit Break|p1a: Slowking
|-resisted|p1a: Slowking
|-damage|p1a: Slowking|84/100
|-unboost|p1a: Slowking|spa|1
|
|upkeep
|turn|10
|
|t:|1760851970
|move|p2a: Mr Grimm|Light Screen|p2a: Mr Grimm
|-sidestart|p2: Disband ICE|move: Light Screen
|move|p1a: Slowking|Sludge Bomb|p2a: Mr Grimm
|-supereffective|p2a: Mr Grimm
|-damage|p2a: Mr Grimm|47/100
|
|upkeep
|turn|11
|
|t:|1760851978
|switch|p2a: Hoopa|Hoopa-Unbound|100/100
|move|p1a: Slowking|Future Sight|p2a: Hoopa
|-start|p1a: Slowking|move: Future Sight
|
|upkeep
|turn|12
|
|t:|1760851985
|switch|p1a: Alomomola|Alomomola, F|100/100
|move|p2a: Hoopa|Nasty Plot|p2a: Hoopa
|-boost|p2a: Hoopa|spa|2
|
|upkeep
|turn|13
|
|t:|1760851994
|switch|p1a: Hoopa|Hoopa-Unbound|100/100
|move|p2a: Hoopa|Thunderbolt|p1a: Hoopa
|-damage|p1a: Hoopa|66/100
|-status|p1a: Hoopa|par
|
|-end|p2a: Hoopa|move: Future Sight
|-immune|p2a: Hoopa
|upkeep
|turn|14
|
|t:|1760852012
|move|p2a: Hoopa|Nasty Plot|p2a: Hoopa
|-boost|p2a: Hoopa|spa|2
|move|p1a: Hoopa|Knock Off|p2a: Hoopa
|-damage|p2a: Hoopa|48/100
|-enditem|p2a: Hoopa|Leftovers|[from] move: Knock Off|[of] p1a: Hoopa
|
|-sideend|p2: Disband ICE|move: Light Screen
|upkeep
|turn|15
|
|t:|1760852029
|move|p2a: Hoopa|Thunderbolt|p1a: Hoopa
|-damage|p1a: Hoopa|14/100 par
|-item|p2a: Hoopa|Assault Vest|[from] ability: Magician|[of] p1a: Hoopa
|move|p1a: Hoopa|Drain Punch|p2a: Hoopa
|-damage|p2a: Hoopa|21/100
|-heal|p1a: Hoopa|27/100 par|[from] drain|[of] p2a: Hoopa
|-item|p1a: Hoopa|Assault Vest|[from] ability: Magician|[of] p2a: Hoopa
|
|upkeep
|turn|16
|
|t:|1760852038
|move|p2a: Hoopa|Thunderbolt|p1a: Hoopa
|-damage|p1a: Hoopa|0 fnt
|faint|p1a: Hoopa
|-item|p2a: Hoopa|Assault Vest|[from] ability: Magician|[of] p1: Hoopa
|
|upkeep
|
|t:|1760852047
|switch|p1a: Zamazenta|Zamazenta|100/100
|-ability|p1a: Zamazenta|Dauntless Shield|boost
|-boost|p1a: Zamazenta|def|1
|turn|17
|
|t:|1760852056
|move|p1a: Zamazenta|Body Press|p2a: Hoopa
|-damage|p2a: Hoopa|0 fnt
|faint|p2a: Hoopa
|
|upkeep
|
|t:|1760852077
|switch|p2a: Mr Grimm|Grimmsnarl, M|47/100
|turn|18
|
|t:|1760852087
|move|p2a: Mr Grimm|Reflect|p2a: Mr Grimm
|-sidestart|p2: Disband ICE|Reflect
|move|p1a: Zamazenta|Heavy Slam|p2a: Mr Grimm
|-supereffective|p2a: Mr Grimm
|-damage|p2a: Mr Grimm|25/100
|
|upkeep
|turn|19
|
|t:|1760852102
|switch|p2a: Walking Wake|Walking Wake|100/100
|move|p1a: Zamazenta|Body Press|p2a: Walking Wake
|-damage|p2a: Walking Wake|76/100
|
|upkeep
|turn|20
|
|t:|1760852106
|switch|p1a: Slowking|Slowking-Galar, M|100/100
|move|p2a: Walking Wake|Sunny Day|p2a: Walking Wake
|-weather|SunnyDay
|-activate|p2a: Walking Wake|ability: Protosynthesis
|-start|p2a: Walking Wake|protosynthesisspe
|
|-weather|SunnyDay|[upkeep]
|upkeep
|turn|21
|
|t:|1760852119
|move|p2a: Walking Wake|Hydro Steam|p1a: Slowking
|-damage|p1a: Slowking|57/100
|-damage|p2a: Walking Wake|66/100|[from] item: Life Orb
|move|p1a: Slowking|Toxic|p2a: Walking Wake
|-status|p2a: Walking Wake|tox
|
|-weather|SunnyDay|[upkeep]
|-damage|p2a: Walking Wake|60/100 tox|[from] psn
|upkeep
|turn|22
|
|t:|1760852131
|-end|p2a: Walking Wake|Protosynthesis|[silent]
|switch|p2a: Dragapult|Dragapult, M|100/100
|switch|p1a: Alomomola|Alomomola, F|100/100
|
|-weather|SunnyDay|[upkeep]
|-sideend|p2: Disband ICE|Reflect
|upkeep
|turn|23
|
|t:|1760852147
|move|p2a: Dragapult|Shadow Ball|p1a: Alomomola
|-damage|p1a: Alomomola|63/100
|move|p1a: Alomomola|Wish|p1a: Alomomola
|
|-weather|SunnyDay|[upkeep]
|upkeep
|turn|24
|
|t:|1760852155
|move|p2a: Dragapult|Shadow Ball|p1a: Alomomola
|-damage|p1a: Alomomola|30/100
|move|p1a: Alomomola|Flip Turn|p2a: Dragapult
|-resisted|p2a: Dragapult
|-damage|p2a: Dragapult|95/100
|
|t:|1760852157
|switch|p1a: Moltres|Moltres|100/100|[from] Flip Turn
|
|-weather|none
|upkeep
|turn|25
|
|t:|1760852166
|switch|p2a: Mr Grimm|Grimmsnarl, M|25/100
|move|p1a: Moltres|Flamethrower|p2a: Mr Grimm
|-damage|p2a: Mr Grimm|0 fnt
|faint|p2a: Mr Grimm
|
|upkeep
|
|t:|1760852175
|switch|p2a: Walking Wake|Walking Wake|60/100 tox
|turn|26
|
|t:|1760852179
|switch|p1a: Alomomola|Alomomola, F|64/100
|move|p2a: Walking Wake|Sunny Day|p2a: Walking Wake
|-weather|SunnyDay
|-activate|p2a: Walking Wake|ability: Protosynthesis
|-start|p2a: Walking Wake|protosynthesisspe
|
|-weather|SunnyDay|[upkeep]
|-damage|p2a: Walking Wake|54/100 tox|[from] psn
|upkeep
|turn|27
|
|t:|1760852185
|move|p2a: Walking Wake|Draco Meteor|p1a: Alomomola
|-damage|p1a: Alomomola|0 fnt
|-unboost|p2a: Walking Wake|spa|2
|faint|p1a: Alomomola
|-damage|p2a: Walking Wake|44/100 tox|[from] item: Life Orb
|
|-weather|SunnyDay|[upkeep]
|-damage|p2a: Walking Wake|32/100 tox|[from] psn
|upkeep
|
|t:|1760852189
|switch|p1a: Zamazenta|Zamazenta|100/100
|turn|28
|
|t:|1760852195
|move|p2a: Walking Wake|Hydro Steam|p1a: Zamazenta
|-damage|p1a: Zamazenta|64/100
|-damage|p2a: Walking Wake|22/100 tox|[from] item: Life Orb
|move|p1a: Zamazenta|Iron Defense|p1a: Zamazenta
|-boost|p1a: Zamazenta|def|2
|
|-weather|SunnyDay|[upkeep]
|-heal|p1a: Zamazenta|70/100|[from] item: Leftovers
|-damage|p2a: Walking Wake|3/100 tox|[from] psn
|upkeep
|turn|29
|
|t:|1760852202
|move|p2a: Walking Wake|Hydro Steam|p1a: Zamazenta
|-damage|p1a: Zamazenta|38/100
|-damage|p2a: Walking Wake|0 fnt|[from] item: Life Orb
|faint|p2a: Walking Wake
|-end|p2a: Walking Wake|Protosynthesis|[silent]
|move|p1a: Zamazenta|Iron Defense|p1a: Zamazenta
|-boost|p1a: Zamazenta|def|2
|
|-weather|SunnyDay|[upkeep]
|-heal|p1a: Zamazenta|44/100|[from] item: Leftovers
|upkeep
|
|t:|1760852206
|switch|p2a: Dragapult|Dragapult, M|95/100
|turn|30
|
|t:|1760852210
|move|p2a: Dragapult|Shadow Ball|p1a: Zamazenta
|-crit|p1a: Zamazenta
|-damage|p1a: Zamazenta|0 fnt
|faint|p1a: Zamazenta
|
|-weather|none
|upkeep
|
|t:|1760852213
|switch|p1a: Slowking|Slowking-Galar, M|90/100
|turn|31
|
|t:|1760852218
|-terastallize|p1a: Slowking|Flying
|move|p2a: Dragapult|Shadow Ball|p1a: Slowking
|-damage|p1a: Slowking|66/100
|move|p1a: Slowking|Toxic|p2a: Dragapult
|-status|p2a: Dragapult|tox
|
|-damage|p2a: Dragapult|89/100 tox|[from] psn
|upkeep
|turn|32
|
|t:|1760852224
|switch|p2a: Zamazenta|Zamazenta|100/100
|-ability|p2a: Zamazenta|Dauntless Shield|boost
|-boost|p2a: Zamazenta|def|1
|move|p1a: Slowking|Future Sight|p2a: Zamazenta
|-start|p1a: Slowking|move: Future Sight
|
|upkeep
|turn|33
|inactive|Disband ICE has 120 seconds left.
|
|t:|1760852256
|switch|p2a: Dragapult|Dragapult, M|89/100 tox
|-prepare|p1a: Slowking|Chilly Reception|[premajor]
|move|p1a: Slowking|Chilly Reception|p1a: Slowking
|-weather|Snowscape
|
|t:|1760852258
|switch|p1a: Moltres|Moltres|100/100|[from] Chilly Reception
|
|-weather|Snowscape|[upkeep]
|-damage|p2a: Dragapult|83/100 tox|[from] psn
|upkeep
|turn|34
|
|t:|1760852263
|move|p2a: Dragapult|Surf|p1a: Moltres
|-supereffective|p1a: Moltres
|-damage|p1a: Moltres|45/100
|move|p1a: Moltres|Roost|p1a: Moltres
|-heal|p1a: Moltres|95/100
|-singleturn|p1a: Moltres|move: Roost
|
|-weather|Snowscape|[upkeep]
|-end|p2a: Dragapult|move: Future Sight
|-damage|p2a: Dragapult|24/100 tox
|-damage|p2a: Dragapult|12/100 tox|[from] psn
|upkeep
|turn|35
|
|t:|1760852268
|move|p2a: Dragapult|Surf|p1a: Moltres
|-supereffective|p1a: Moltres
|-damage|p1a: Moltres|31/100
|move|p1a: Moltres|Roost|p1a: Moltres
|-heal|p1a: Moltres|81/100
|-singleturn|p1a: Moltres|move: Roost
|
|-weather|Snowscape|[upkeep]
|-damage|p2a: Dragapult|0 fnt|[from] psn
|faint|p2a: Dragapult
|upkeep
|
|t:|1760852274
|switch|p2a: Zamazenta|Zamazenta|100/100
|turn|36
|
|t:|1760852276
|move|p2a: Zamazenta|Iron Defense|p2a: Zamazenta
|-boost|p2a: Zamazenta|def|2
|move|p1a: Moltres|Will-O-Wisp|p2a: Zamazenta
|-status|p2a: Zamazenta|brn
|
|-weather|Snowscape|[upkeep]
|-damage|p2a: Zamazenta|94/100 brn|[from] brn
|upkeep
|turn|37
|
|t:|1760852280
|move|p2a: Zamazenta|Iron Defense|p2a: Zamazenta
|-boost|p2a: Zamazenta|def|2
|move|p1a: Moltres|Flamethrower|p2a: Zamazenta
|-damage|p2a: Zamazenta|62/100 brn
|
|-weather|none
|-heal|p2a: Zamazenta|68/100 brn|[from] item: Leftovers
|-damage|p2a: Zamazenta|62/100 brn|[from] brn
|upkeep
|turn|38
|
|t:|1760852285
|move|p2a: Zamazenta|Iron Defense|p2a: Zamazenta
|-boost|p2a: Zamazenta|def|2
|move|p1a: Moltres|Flamethrower|p2a: Zamazenta
|-damage|p2a: Zamazenta|25/100 brn
|
|-heal|p2a: Zamazenta|31/100 brn|[from] item: Leftovers
|-damage|p2a: Zamazenta|25/100 brn|[from] brn
|upkeep
|turn|39
|
|t:|1760852289
|move|p2a: Zamazenta|Body Press|p1a: Moltres
|-resisted|p1a: Moltres
|-damage|p1a: Moltres|59/100
|move|p1a: Moltres|Flamethrower|p2a: Zamazenta
|-damage|p2a: Zamazenta|0 fnt
|faint|p2a: Zamazenta
|
|win|snoppp
|raw|snoppp's rating: 1209 &rarr; <strong>1237</strong><br />(+28 for winning)
|raw|Disband ICE's rating: 1247 &rarr; <strong>1219</strong><br />(-28 for losing)
|l|☆snoppp
|player|p1|
|l|☆Disband ICE
|player|p2|
