|j|☆PabloTrasky
|j|☆player jack
|t:|1760836881
|gametype|singles
|player|p1|PabloTrasky|striker|1271
|player|p2|player jack|roxie|1300
|gen|9
|tier|[Gen 9] OU
|rated|
|rule|HP Percentage Mod: HP is shown in percentages
|rule|Endless Battle Clause: Forcing endless battles is banned
|rule|Species Clause: Limit one of each Pokémon
|rule|OHKO Clause: OHKO moves are banned
|rule|Evasion Items Clause: Evasion items are banned
|rule|Evasion Moves Clause: Evasion moves are banned
|rule|Evasion Abilities Clause: Evasion abilities are banned
|rule|Sleep Moves Clause: Sleep-inducing moves are banned
|clearpoke
|poke|p1|Ting-Lu|
|poke|p1|Pecharunt|
|poke|p1|Darkrai|
|poke|p1|Zamazenta-*|
|poke|p1|Ogerpon-Wellspring, F|
|poke|p1|Weezing-Galar, F|
|poke|p2|Glimmora, F|
|poke|p2|Greedent, F|
|poke|p2|Heatran, F|
|poke|p2|Zamazenta-*|
|poke|p2|Electrode-Hisui|
|poke|p2|Rillaboom, F|
|teampreview
|inactive|Battle timer is ON: inactive players will automatically lose when time's up. (requested by PabloTrasky)
|
|t:|1760836900
|teamsize|p1|6
|teamsize|p2|6
|start
|switch|p1a: Ting-Lu|Ting-Lu|100/100
|switch|p2a: Glimmora|Glimmora, F, shiny|100/100
|-ability|p1a: Ting-Lu|Vessel of Ruin
|turn|1
|
|t:|1760836908
|switch|p2a: Rillaboom|Rillaboom, F, shiny|100/100
|-fieldstart|move: Grassy Terrain|[from] ability: Grassy Surge|[of] p2a: Rillaboom
|move|p1a: Ting-Lu|Stealth Rock|p2a: Rillaboom
|-sidestart|p2: player jack|move: Stealth Rock
|
|upkeep
|turn|2
|
|t:|1760836913
|move|p2a: Rillaboom|U-turn|p1a: Ting-Lu
|-supereffective|p1a: Ting-Lu
|-damage|p1a: Ting-Lu|76/100
|
|t:|1760836923
|switch|p2a: Zamazenta|Zamazenta, shiny|100/100|[from] U-turn
|-damage|p2a: Zamazenta|94/100|[from] Stealth Rock
|-ability|p2a: Zamazenta|Dauntless Shield|boost
|-boost|p2a: Zamazenta|def|1
|move|p1a: Ting-Lu|Whirlwind|p2a: Zamazenta
|drag|p2a: Heatran|Heatran, F, shiny|100/100
|-damage|p2a: Heatran|88/100|[from] Stealth Rock
|-enditem|p2a: Heatran|Grassy Seed
|-boost|p2a: Heatran|def|1|[from] item: Grassy Seed
|
|-heal|p2a: Heatran|94/100|[from] Grassy Terrain
|-heal|p1a: Ting-Lu|83/100|[from] Grassy Terrain
|-heal|p1a: Ting-Lu|89/100|[from] item: Leftovers
|upkeep
|turn|3
|
|t:|1760836938
|-terastallize|p2a: Heatran|Grass
|move|p2a: Heatran|Magma Storm|p1a: Ting-Lu
|-damage|p1a: Ting-Lu|66/100
|-activate|p1a: Ting-Lu|move: Magma Storm|[of] p2a: Heatran
|move|p1a: Ting-Lu|Earthquake|p2a: Heatran
|-resisted|p2a: Heatran
|-crit|p2a: Heatran
|-damage|p2a: Heatran|80/100
|
|-heal|p2a: Heatran|86/100|[from] Grassy Terrain
|-heal|p1a: Ting-Lu|72/100|[from] Grassy Terrain
|-heal|p1a: Ting-Lu|79/100|[from] item: Leftovers
|-damage|p1a: Ting-Lu|66/100|[from] move: Magma Storm|[partiallytrapped]
|upkeep
|turn|4
|
|t:|1760836950
|move|p2a: Heatran|Protect|p2a: Heatran
|-singleturn|p2a: Heatran|Protect
|move|p1a: Ting-Lu|Whirlwind|p2a: Heatran
|drag|p2a: Electrode|Electrode-Hisui, shiny|100/100
|-damage|p2a: Electrode|88/100|[from] Stealth Rock
|
|-heal|p2a: Electrode|94/100|[from] Grassy Terrain
|-heal|p1a: Ting-Lu|72/100|[from] Grassy Terrain
|-heal|p1a: Ting-Lu|79/100|[from] item: Leftovers
|-end|p1a: Ting-Lu|Magma Storm|[partiallytrapped]|[silent]
|upkeep
|turn|5
|
|t:|1760836958
|move|p2a: Electrode|Energy Ball|p1a: Ting-Lu
|-supereffective|p1a: Ting-Lu
|-damage|p1a: Ting-Lu|28/100
|move|p1a: Ting-Lu|Ruination|p2a: Electrode|[miss]
|-miss|p1a: Ting-Lu|p2a: Electrode
|
|-heal|p2a: Electrode|100/100|[from] Grassy Terrain
|-heal|p1a: Ting-Lu|35/100|[from] Grassy Terrain
|-heal|p1a: Ting-Lu|41/100|[from] item: Leftovers
|upkeep
|turn|6
|
|t:|1760836979
|switch|p1a: Weezing|Weezing-Galar, F|100/100
|-ability|p1a: Weezing|Neutralizing Gas
|move|p2a: Electrode|Energy Ball|p1a: Weezing
|-resisted|p1a: Weezing
|-damage|p1a: Weezing|54/100
|
|-heal|p1a: Weezing|60/100|[from] Grassy Terrain
|upkeep
|turn|7
|
|t:|1760836992
|switch|p2a: Heatran|Heatran, F, shiny, tera:Grass|86/100
|-damage|p2a: Heatran|74/100|[from] Stealth Rock
|move|p1a: Weezing|Pain Split|p2a: Heatran
|-sethp|p2a: Heatran|68/100|[from] move: Pain Split|[silent]
|-sethp|p1a: Weezing|66/100|[from] move: Pain Split
|
|-heal|p2a: Heatran|74/100|[from] Grassy Terrain
|-heal|p1a: Weezing|72/100|[from] Grassy Terrain
|upkeep
|turn|8
|
|t:|1760837004
|move|p2a: Heatran|Magma Storm|p1a: Weezing
|-damage|p1a: Weezing|6/100
|-activate|p1a: Weezing|move: Magma Storm|[of] p2a: Heatran
|move|p1a: Weezing|Strange Steam|p2a: Heatran
|-damage|p2a: Heatran|48/100
|
|-heal|p2a: Heatran|55/100|[from] Grassy Terrain
|-heal|p1a: Weezing|12/100|[from] Grassy Terrain
|-damage|p1a: Weezing|0 fnt|[from] move: Magma Storm|[partiallytrapped]
|faint|p1a: Weezing
|-end|p1a: Weezing|ability: Neutralizing Gas
|-fieldend|move: Grassy Terrain
|upkeep
|
|t:|1760837015
|switch|p1a: Ogerpon|Ogerpon-Wellspring, F|100/100
|turn|9
|
|t:|1760837018
|move|p1a: Ogerpon|U-turn|p2a: Heatran
|-supereffective|p2a: Heatran
|-crit|p2a: Heatran
|-damage|p2a: Heatran|0 fnt
|faint|p2a: Heatran
|
|t:|1760837024
|switch|p1a: Ting-Lu|Ting-Lu|41/100|[from] U-turn
|-ability|p1a: Ting-Lu|Vessel of Ruin
|
|-heal|p1a: Ting-Lu|47/100|[from] item: Leftovers
|upkeep
|
|t:|1760837036
|switch|p2a: Zamazenta|Zamazenta, shiny|94/100
|-damage|p2a: Zamazenta|88/100|[from] Stealth Rock
|turn|10
|
|t:|1760837045
|move|p2a: Zamazenta|Iron Defense|p2a: Zamazenta
|-boost|p2a: Zamazenta|def|2
|move|p1a: Ting-Lu|Whirlwind|p2a: Zamazenta
|drag|p2a: Electrode|Electrode-Hisui, shiny|100/100
|-damage|p2a: Electrode|88/100|[from] Stealth Rock
|
|-heal|p1a: Ting-Lu|53/100|[from] item: Leftovers
|upkeep
|turn|11
|
|t:|1760837050
|move|p2a: Electrode|Energy Ball|p1a: Ting-Lu
|-supereffective|p1a: Ting-Lu
|-damage|p1a: Ting-Lu|14/100
|move|p1a: Ting-Lu|Whirlwind|p2a: Electrode
|drag|p2a: Glimmora|Glimmora, F, shiny|100/100
|-damage|p2a: Glimmora|88/100|[from] Stealth Rock
|
|-heal|p1a: Ting-Lu|21/100|[from] item: Leftovers
|upkeep
|turn|12
|
|t:|1760837058
|move|p2a: Glimmora|Toxic Spikes|p1a: Ting-Lu
|-sidestart|p1: PabloTrasky|move: Toxic Spikes
|move|p1a: Ting-Lu|Ruination|p2a: Glimmora|[miss]
|-miss|p1a: Ting-Lu|p2a: Glimmora
|
|-heal|p1a: Ting-Lu|27/100|[from] item: Leftovers
|upkeep
|turn|13
|
|t:|1760837064
|move|p2a: Glimmora|Toxic Spikes|p1a: Ting-Lu
|-sidestart|p1: PabloTrasky|move: Toxic Spikes
|move|p1a: Ting-Lu|Ruination|p2a: Glimmora
|-damage|p2a: Glimmora|44/100
|
|-heal|p1a: Ting-Lu|33/100|[from] item: Leftovers
|upkeep
|turn|14
|
|t:|1760837072
|move|p2a: Glimmora|Stealth Rock|p1a: Ting-Lu
|-sidestart|p1: PabloTrasky|move: Stealth Rock
|move|p1a: Ting-Lu|Ruination|p2a: Glimmora
|-damage|p2a: Glimmora|22/100
|
|-heal|p1a: Ting-Lu|39/100|[from] item: Leftovers
|upkeep
|turn|15
|
|t:|1760837080
|move|p2a: Glimmora|Power Gem|p1a: Ting-Lu
|-resisted|p1a: Ting-Lu
|-damage|p1a: Ting-Lu|32/100
|move|p1a: Ting-Lu|Earthquake|p2a: Glimmora
|-supereffective|p2a: Glimmora
|-damage|p2a: Glimmora|0 fnt
|faint|p2a: Glimmora
|
|-heal|p1a: Ting-Lu|38/100|[from] item: Leftovers
|upkeep
|
|t:|1760837087
|switch|p2a: Rillaboom|Rillaboom, F, shiny|100/100
|-damage|p2a: Rillaboom|88/100|[from] Stealth Rock
|-fieldstart|move: Grassy Terrain|[from] ability: Grassy Surge|[of] p2a: Rillaboom
|turn|16
|
|t:|1760837095
|move|p2a: Rillaboom|Grassy Glide|p1a: Ting-Lu
|-supereffective|p1a: Ting-Lu
|-crit|p1a: Ting-Lu
|-damage|p1a: Ting-Lu|0 fnt
|faint|p1a: Ting-Lu
|
|-heal|p2a: Rillaboom|94/100|[from] Grassy Terrain
|upkeep
|
|t:|1760837098
|switch|p1a: Pecharunt|Pecharunt|100/100
|-sideend|p1: PabloTrasky|move: Toxic Spikes|[of] p1a: Pecharunt
|turn|17
|
|t:|1760837108
|move|p1a: Pecharunt|Malignant Chain|p2a: Rillaboom
|-supereffective|p2a: Rillaboom
|-damage|p2a: Rillaboom|45/100
|move|p2a: Rillaboom|U-turn|p1a: Pecharunt
|-resisted|p1a: Pecharunt
|-damage|p1a: Pecharunt|97/100
|
|t:|1760837117
|switch|p2a: Greedent|Greedent, F, shiny|100/100|[from] U-turn
|-damage|p2a: Greedent|88/100|[from] Stealth Rock
|
|-heal|p1a: Pecharunt|100/100|[from] Grassy Terrain
|-heal|p2a: Greedent|94/100|[from] Grassy Terrain
|upkeep
|turn|18
|
|t:|1760837125
|move|p1a: Pecharunt|Malignant Chain|p2a: Greedent
|-damage|p2a: Greedent|69/100
|move|p2a: Greedent|Stuff Cheeks|p2a: Greedent
|-boost|p2a: Greedent|def|2
|-enditem|p2a: Greedent|Liechi Berry|[eat]
|-boost|p2a: Greedent|atk|1|[from] item: Liechi Berry
|-heal|p2a: Greedent|100/100|[from] ability: Cheek Pouch
|
|upkeep
|turn|19
|
|t:|1760837134
|move|p1a: Pecharunt|Malignant Chain|p2a: Greedent
|-damage|p2a: Greedent|76/100
|-status|p2a: Greedent|tox
|-start|p2a: Greedent|confusion|[from] ability: Poison Puppeteer|[of] p1a: Pecharunt
|-activate|p2a: Greedent|confusion
|-damage|p2a: Greedent|70/100 tox|[from] confusion
|
|-heal|p2a: Greedent|76/100 tox|[from] Grassy Terrain
|-damage|p2a: Greedent|70/100 tox|[from] psn
|upkeep
|turn|20
|
|t:|1760837162
|move|p1a: Pecharunt|Malignant Chain|p2a: Greedent
|-damage|p2a: Greedent|47/100 tox
|-activate|p2a: Greedent|confusion
|move|p2a: Greedent|Crunch|p1a: Pecharunt
|-supereffective|p1a: Pecharunt
|-damage|p1a: Pecharunt|64/100
|
|-heal|p1a: Pecharunt|70/100|[from] Grassy Terrain
|-heal|p2a: Greedent|53/100 tox|[from] Grassy Terrain
|-damage|p2a: Greedent|41/100 tox|[from] psn
|upkeep
|turn|21
|
|t:|1760837172
|move|p1a: Pecharunt|Recover|p1a: Pecharunt
|-heal|p1a: Pecharunt|100/100
|-activate|p2a: Greedent|confusion
|-damage|p2a: Greedent|35/100 tox|[from] confusion
|
|-heal|p2a: Greedent|41/100 tox|[from] Grassy Terrain
|-damage|p2a: Greedent|23/100 tox|[from] psn
|upkeep
|turn|22
|-message|player jack forfeited.
|
|win|PabloTrasky
|raw|PabloTrasky's rating: 1271 &rarr; <strong>1298</strong><br />(+27 for winning)
|raw|player jack's rating: 1300 &rarr; <strong>1273</strong><br />(-27 for losing)
|l|☆player jack
|player|p2|
