|j|☆151htyrneh
|j|☆lebmaster
|t:|1760797077
|gametype|singles
|player|p1|151htyrneh|wallace|1671
|player|p2|lebmaster|265|1674
|gen|9
|tier|[Gen 9] OU
|rated|
|rule|HP Percentage Mod: HP is shown in percentages
|rule|Endless Battle Clause: Forcing endless battles is banned
|rule|Species Clause: Limit one of each Pokémon
|rule|OHKO Clause: OHKO moves are banned
|rule|Evasion Items Clause: Evasion items are banned
|rule|Evasion Moves Clause: Evasion moves are banned
|rule|Evasion Abilities Clause: Evasion abilities are banned
|rule|Sleep Moves Clause: Sleep-inducing moves are banned
|clearpoke
|poke|p1|Kyurem|
|poke|p1|Corviknight, F|
|poke|p1|Ting-Lu|
|poke|p1|Dondozo, F|
|poke|p1|Slowking-Galar, L99, F|
|poke|p1|Cinderace, M|
|poke|p2|Pelipper, F|
|poke|p2|Tornadus-Therian, M|
|poke|p2|Iron Treads|
|poke|p2|Decidueye-Hisui, F|
|poke|p2|Barraskewda, F|
|poke|p2|Raging Bolt|
|teampreview
|
|t:|1760797088
|teamsize|p1|6
|teamsize|p2|6
|start
|switch|p1a: Slowking|Slowking-Galar, L99, F|100/100
|switch|p2a: Pelipper|Pelipper, F|100/100
|-weather|RainDance|[from] ability: Drizzle|[of] p2a: Pelipper
|turn|1
|
|t:|1760797097
|move|p2a: Pelipper|U-turn|p1a: Slowking
|-damage|p1a: Slowking|91/100
|
|t:|1760797100
|switch|p2a: Iron Treads|Iron Treads|100/100|[from] U-turn
|-prepare|p1a: Slowking|Chilly Reception|[premajor]
|move|p1a: Slowking|Chilly Reception|p1a: Slowking
|-weather|Snowscape
|
|t:|1760797102
|switch|p1a: Cinderace|Cinderace, M|100/100|[from] Chilly Reception
|
|-weather|Snowscape|[upkeep]
|upkeep
|turn|2
|
|t:|1760797113
|-end|p2a: Iron Treads|Quark Drive|[silent]
|switch|p2a: Pelipper|Pelipper, F|100/100
|-weather|RainDance|[from] ability: Drizzle|[of] p2a: Pelipper
|move|p1a: Cinderace|U-turn|p2a: Pelipper
|-resisted|p2a: Pelipper
|-damage|p2a: Pelipper|94/100
|
|t:|1760797115
|switch|p1a: Kyurem|Kyurem|100/100|[from] U-turn
|-ability|p1a: Kyurem|Pressure
|
|-weather|RainDance|[upkeep]
|upkeep
|turn|3
|
|t:|1760797118
|switch|p2a: Iron Treads|Iron Treads|100/100
|move|p1a: Kyurem|Substitute|p1a: Kyurem
|-start|p1a: Kyurem|Substitute
|-damage|p1a: Kyurem|75/100
|
|-weather|RainDance|[upkeep]
|-heal|p1a: Kyurem|82/100|[from] item: Leftovers
|upkeep
|turn|4
|
|t:|1760797123
|move|p1a: Kyurem|Earth Power|p2a: Iron Treads
|-supereffective|p2a: Iron Treads
|-damage|p2a: Iron Treads|50/100
|move|p2a: Iron Treads|Knock Off|p1a: Kyurem
|-activate|p1a: Kyurem|move: Substitute|[damage]
|
|-weather|RainDance|[upkeep]
|-heal|p1a: Kyurem|88/100|[from] item: Leftovers
|-heal|p2a: Iron Treads|56/100|[from] item: Leftovers
|upkeep
|turn|5
|
|t:|1760797130
|move|p1a: Kyurem|Freeze-Dry|p2a: Iron Treads
|-damage|p2a: Iron Treads|26/100
|move|p2a: Iron Treads|Earthquake|p1a: Kyurem
|-end|p1a: Kyurem|Substitute
|
|-weather|RainDance|[upkeep]
|-heal|p1a: Kyurem|94/100|[from] item: Leftovers
|-heal|p2a: Iron Treads|32/100|[from] item: Leftovers
|upkeep
|turn|6
|
|t:|1760797135
|-end|p2a: Iron Treads|Quark Drive|[silent]
|switch|p2a: Barraskewda|Barraskewda, F|100/100
|move|p1a: Kyurem|Earth Power|p2a: Barraskewda
|-damage|p2a: Barraskewda|28/100
|
|-weather|RainDance|[upkeep]
|-heal|p1a: Kyurem|99/100|[from] item: Leftovers
|upkeep
|turn|7
|
|t:|1760797145
|move|p1a: Kyurem|Protect|p1a: Kyurem
|-singleturn|p1a: Kyurem|Protect
|move|p2a: Barraskewda|Flip Turn|p1a: Kyurem
|-activate|p1a: Kyurem|move: Protect
|
|-weather|RainDance|[upkeep]
|-heal|p1a: Kyurem|100/100|[from] item: Leftovers
|upkeep
|turn|8
|
|t:|1760797148
|switch|p1a: Dondozo|Dondozo, F|100/100
|move|p2a: Barraskewda|Flip Turn|p1a: Dondozo
|-resisted|p1a: Dondozo
|-damage|p1a: Dondozo|87/100
|-damage|p2a: Barraskewda|18/100|[from] item: Life Orb
|
|t:|1760797153
|switch|p2a: Raging Bolt|Raging Bolt|100/100|[from] Flip Turn
|-enditem|p2a: Raging Bolt|Booster Energy
|-activate|p2a: Raging Bolt|ability: Protosynthesis|[fromitem]
|-start|p2a: Raging Bolt|protosynthesisspa
|
|-weather|RainDance|[upkeep]
|-heal|p1a: Dondozo|93/100|[from] item: Leftovers
|upkeep
|turn|9
|
|t:|1760797163
|switch|p1a: Ting-Lu|Ting-Lu|100/100
|-ability|p1a: Ting-Lu|Vessel of Ruin
|move|p2a: Raging Bolt|Weather Ball|p1a: Ting-Lu
|-supereffective|p1a: Ting-Lu
|-damage|p1a: Ting-Lu|39/100
|
|-weather|none
|-heal|p1a: Ting-Lu|45/100|[from] item: Leftovers
|upkeep
|turn|10
|
|t:|1760797169
|-end|p2a: Raging Bolt|Protosynthesis|[silent]
|switch|p2a: Pelipper|Pelipper, F|94/100
|-weather|RainDance|[from] ability: Drizzle|[of] p2a: Pelipper
|move|p1a: Ting-Lu|Rest|p1a: Ting-Lu
|-status|p1a: Ting-Lu|slp|[from] move: Rest
|-heal|p1a: Ting-Lu|100/100 slp|[silent]
|
|-weather|RainDance|[upkeep]
|upkeep
|turn|11
|
|t:|1760797174
|switch|p1a: Slowking|Slowking-Galar, L99, F|100/100
|move|p2a: Pelipper|U-turn|p1a: Slowking
|-damage|p1a: Slowking|91/100
|
|t:|1760797184
|switch|p2a: Barraskewda|Barraskewda, F|18/100|[from] U-turn
|
|-weather|RainDance|[upkeep]
|upkeep
|turn|12
|
|t:|1760797191
|switch|p1a: Dondozo|Dondozo, F|93/100
|move|p2a: Barraskewda|Flip Turn|p1a: Dondozo
|-resisted|p1a: Dondozo
|-damage|p1a: Dondozo|77/100
|-damage|p2a: Barraskewda|8/100|[from] item: Life Orb
|
|t:|1760797194
|switch|p2a: Raging Bolt|Raging Bolt|100/100|[from] Flip Turn
|
|-weather|RainDance|[upkeep]
|-heal|p1a: Dondozo|84/100|[from] item: Leftovers
|upkeep
|turn|13
|
|t:|1760797199
|switch|p1a: Ting-Lu|Ting-Lu|100/100 slp
|-ability|p1a: Ting-Lu|Vessel of Ruin
|move|p2a: Raging Bolt|Thunder|p1a: Ting-Lu
|-immune|p1a: Ting-Lu
|
|-weather|RainDance|[upkeep]
|upkeep
|turn|14
|
|t:|1760797203
|switch|p1a: Slowking|Slowking-Galar, L99, F|100/100
|move|p2a: Raging Bolt|Weather Ball|p1a: Slowking
|-crit|p1a: Slowking
|-damage|p1a: Slowking|51/100
|
|-weather|RainDance|[upkeep]
|upkeep
|turn|15
|
|t:|1760797210
|move|p2a: Raging Bolt|Thunder|p1a: Slowking
|-damage|p1a: Slowking|13/100
|-prepare|p1a: Slowking|Chilly Reception|[premajor]
|move|p1a: Slowking|Chilly Reception|p1a: Slowking
|-weather|Snowscape
|
|t:|1760797213
|switch|p1a: Kyurem|Kyurem|100/100|[from] Chilly Reception
|-ability|p1a: Kyurem|Pressure
|
|-weather|Snowscape|[upkeep]
|upkeep
|turn|16
|
|t:|1760797219
|move|p1a: Kyurem|Protect|p1a: Kyurem
|-singleturn|p1a: Kyurem|Protect
|move|p2a: Raging Bolt|Weather Ball|p1a: Kyurem
|-activate|p1a: Kyurem|move: Protect
|
|-weather|Snowscape|[upkeep]
|upkeep
|turn|17
|
|t:|1760797224
|move|p1a: Kyurem|Substitute|p1a: Kyurem
|-start|p1a: Kyurem|Substitute
|-damage|p1a: Kyurem|75/100
|move|p2a: Raging Bolt|Weather Ball|p1a: Kyurem
|-end|p1a: Kyurem|Substitute
|
|-weather|Snowscape|[upkeep]
|-heal|p1a: Kyurem|82/100|[from] item: Leftovers
|upkeep
|turn|18
|
|t:|1760797229
|move|p1a: Kyurem|Freeze-Dry|p2a: Raging Bolt
|-supereffective|p2a: Raging Bolt
|-damage|p2a: Raging Bolt|32/100
|move|p2a: Raging Bolt|Dragon Pulse|p1a: Kyurem
|-supereffective|p1a: Kyurem
|-damage|p1a: Kyurem|0 fnt
|faint|p1a: Kyurem
|
|-weather|Snowscape|[upkeep]
|upkeep
|
|t:|1760797236
|switch|p1a: Ting-Lu|Ting-Lu|100/100 slp
|-ability|p1a: Ting-Lu|Vessel of Ruin
|turn|19
|
|t:|1760797240
|move|p2a: Raging Bolt|Weather Ball|p1a: Ting-Lu
|-supereffective|p1a: Ting-Lu
|-crit|p1a: Ting-Lu
|-damage|p1a: Ting-Lu|51/100 slp
|cant|p1a: Ting-Lu|slp
|
|-weather|none
|-heal|p1a: Ting-Lu|58/100 slp|[from] item: Leftovers
|upkeep
|turn|20
|
|t:|1760797244
|-end|p2a: Raging Bolt|Protosynthesis|[silent]
|switch|p2a: Pelipper|Pelipper, F|94/100
|-weather|RainDance|[from] ability: Drizzle|[of] p2a: Pelipper
|cant|p1a: Ting-Lu|slp
|move|p1a: Ting-Lu|Sleep Talk|p1a: Ting-Lu
|move|p1a: Ting-Lu|Earthquake|p2a: Pelipper|[from] move: Sleep Talk
|-immune|p2a: Pelipper
|
|-weather|RainDance|[upkeep]
|-heal|p1a: Ting-Lu|64/100 slp|[from] item: Leftovers
|upkeep
|turn|21
|
|t:|1760797251
|-curestatus|p1a: Ting-Lu|slp|[msg]
|move|p1a: Ting-Lu|Rest|p1a: Ting-Lu
|-status|p1a: Ting-Lu|slp|[from] move: Rest
|-heal|p1a: Ting-Lu|100/100 slp|[silent]
|move|p2a: Pelipper|U-turn|p1a: Ting-Lu
|-supereffective|p1a: Ting-Lu
|-damage|p1a: Ting-Lu|90/100 slp
|
|t:|1760797256
|switch|p2a: Barraskewda|Barraskewda, F|8/100|[from] U-turn
|
|-weather|RainDance|[upkeep]
|-heal|p1a: Ting-Lu|97/100 slp|[from] item: Leftovers
|upkeep
|turn|22
|
|t:|1760797261
|switch|p2a: Raging Bolt|Raging Bolt|32/100
|switch|p1a: Dondozo|Dondozo, F|84/100
|
|-weather|RainDance|[upkeep]
|-heal|p1a: Dondozo|90/100|[from] item: Leftovers
|upkeep
|turn|23
|j| woairibi
|
|t:|1760797273
|switch|p1a: Ting-Lu|Ting-Lu|97/100 slp
|-ability|p1a: Ting-Lu|Vessel of Ruin
|move|p2a: Raging Bolt|Weather Ball|p1a: Ting-Lu
|-supereffective|p1a: Ting-Lu
|-damage|p1a: Ting-Lu|45/100 slp
|
|-weather|RainDance|[upkeep]
|-heal|p1a: Ting-Lu|51/100 slp|[from] item: Leftovers
|upkeep
|turn|24
|
|t:|1760797278
|switch|p1a: Dondozo|Dondozo, F|90/100
|move|p2a: Raging Bolt|Weather Ball|p1a: Dondozo
|-resisted|p1a: Dondozo
|-damage|p1a: Dondozo|63/100
|
|-weather|RainDance|[upkeep]
|-heal|p1a: Dondozo|69/100|[from] item: Leftovers
|upkeep
|turn|25
|
|t:|1760797282
|switch|p1a: Slowking|Slowking-Galar, L99, F|46/100
|move|p2a: Raging Bolt|Weather Ball|p1a: Slowking
|-damage|p1a: Slowking|10/100
|
|-weather|RainDance|[upkeep]
|upkeep
|turn|26
|
|t:|1760797288
|switch|p1a: Ting-Lu|Ting-Lu|51/100 slp
|-ability|p1a: Ting-Lu|Vessel of Ruin
|move|p2a: Raging Bolt|Dragon Pulse|p1a: Ting-Lu
|-damage|p1a: Ting-Lu|32/100 slp
|
|-weather|RainDance|[upkeep]
|-heal|p1a: Ting-Lu|38/100 slp|[from] item: Leftovers
|upkeep
|turn|27
|
|t:|1760797292
|switch|p1a: Dondozo|Dondozo, F|69/100
|move|p2a: Raging Bolt|Weather Ball|p1a: Dondozo
|-resisted|p1a: Dondozo
|-damage|p1a: Dondozo|38/100
|
|-weather|none
|-heal|p1a: Dondozo|44/100|[from] item: Leftovers
|upkeep
|turn|28
|
|t:|1760797298
|switch|p1a: Ting-Lu|Ting-Lu|38/100 slp
|-ability|p1a: Ting-Lu|Vessel of Ruin
|move|p2a: Raging Bolt|Thunder|p1a: Ting-Lu
|-immune|p1a: Ting-Lu
|
|-heal|p1a: Ting-Lu|44/100 slp|[from] item: Leftovers
|upkeep
|turn|29
|j| Disscratch
|
|t:|1760797304
|-end|p2a: Raging Bolt|Protosynthesis|[silent]
|switch|p2a: Pelipper|Pelipper, F|94/100
|-weather|RainDance|[from] ability: Drizzle|[of] p2a: Pelipper
|cant|p1a: Ting-Lu|slp
|
|-weather|RainDance|[upkeep]
|-heal|p1a: Ting-Lu|50/100 slp|[from] item: Leftovers
|upkeep
|turn|30
|
|t:|1760797307
|cant|p1a: Ting-Lu|slp
|move|p1a: Ting-Lu|Sleep Talk|p1a: Ting-Lu
|move|p1a: Ting-Lu|Rest||[from] move: Sleep Talk|[still]
|-fail|p1a: Ting-Lu
|move|p2a: Pelipper|U-turn|p1a: Ting-Lu
|-supereffective|p1a: Ting-Lu
|-damage|p1a: Ting-Lu|41/100 slp
|
|t:|1760797312
|switch|p2a: Barraskewda|Barraskewda, F|8/100|[from] U-turn
|
|-weather|RainDance|[upkeep]
|-heal|p1a: Ting-Lu|47/100 slp|[from] item: Leftovers
|upkeep
|turn|31
|
|t:|1760797319
|switch|p2a: Raging Bolt|Raging Bolt|32/100
|-curestatus|p1a: Ting-Lu|slp|[msg]
|move|p1a: Ting-Lu|Sleep Talk||[still]
|-fail|p1a: Ting-Lu
|
|-weather|RainDance|[upkeep]
|-heal|p1a: Ting-Lu|53/100|[from] item: Leftovers
|upkeep
|turn|32
|
|t:|1760797329
|move|p2a: Raging Bolt|Thunder|p1a: Ting-Lu
|-immune|p1a: Ting-Lu
|move|p1a: Ting-Lu|Earthquake|p2a: Raging Bolt
|-supereffective|p2a: Raging Bolt
|-damage|p2a: Raging Bolt|0 fnt
|faint|p2a: Raging Bolt
|-end|p2a: Raging Bolt|Protosynthesis|[silent]
|
|-weather|RainDance|[upkeep]
|-heal|p1a: Ting-Lu|60/100|[from] item: Leftovers
|upkeep
|
|t:|1760797333
|switch|p2a: Barraskewda|Barraskewda, F|8/100
|turn|33
|
|t:|1760797335
|switch|p1a: Dondozo|Dondozo, F|44/100
|move|p2a: Barraskewda|Close Combat|p1a: Dondozo
|-damage|p1a: Dondozo|20/100
|-unboost|p2a: Barraskewda|def|1
|-unboost|p2a: Barraskewda|spd|1
|-damage|p2a: Barraskewda|0 fnt|[from] item: Life Orb
|faint|p2a: Barraskewda
|
|-weather|RainDance|[upkeep]
|-heal|p1a: Dondozo|26/100|[from] item: Leftovers
|upkeep
|
|t:|1760797341
|switch|p2a: Tornadus|Tornadus-Therian, M|100/100
|turn|34
|
|t:|1760797350
|move|p2a: Tornadus|Hurricane|p1a: Dondozo
|-damage|p1a: Dondozo|0 fnt
|faint|p1a: Dondozo
|
|-weather|RainDance|[upkeep]
|upkeep
|
|t:|1760797352
|switch|p1a: Ting-Lu|Ting-Lu|60/100
|-ability|p1a: Ting-Lu|Vessel of Ruin
|turn|35
|
|t:|1760797357
|switch|p2a: Iron Treads|Iron Treads|32/100
|move|p1a: Ting-Lu|Payback|p2a: Iron Treads
|-damage|p2a: Iron Treads|19/100
|
|-weather|RainDance|[upkeep]
|-heal|p2a: Iron Treads|25/100|[from] item: Leftovers
|-heal|p1a: Ting-Lu|66/100|[from] item: Leftovers
|upkeep
|turn|36
|
|t:|1760797361
|move|p2a: Iron Treads|Stealth Rock|p1a: Ting-Lu
|-sidestart|p1: 151htyrneh|move: Stealth Rock
|move|p1a: Ting-Lu|Earthquake|p2a: Iron Treads
|-supereffective|p2a: Iron Treads
|-damage|p2a: Iron Treads|0 fnt
|faint|p2a: Iron Treads
|-end|p2a: Iron Treads|Quark Drive|[silent]
|
|-weather|none
|-heal|p1a: Ting-Lu|72/100|[from] item: Leftovers
|upkeep
|
|t:|1760797365
|switch|p2a: Pelipper|Pelipper, F|94/100
|-weather|RainDance|[from] ability: Drizzle|[of] p2a: Pelipper
|turn|37
|
|t:|1760797368
|switch|p1a: Slowking|Slowking-Galar, L99, F|44/100
|move|p2a: Pelipper|U-turn|p1a: Slowking
|-damage|p1a: Slowking|34/100
|
|t:|1760797374
|switch|p2a: Tornadus|Tornadus-Therian, M|100/100|[from] U-turn
|
|-weather|RainDance|[upkeep]
|upkeep
|turn|38
|
|t:|1760797392
|switch|p1a: Ting-Lu|Ting-Lu|72/100
|-damage|p1a: Ting-Lu|66/100|[from] Stealth Rock
|-ability|p1a: Ting-Lu|Vessel of Ruin
|-terastallize|p2a: Tornadus|Flying
|move|p2a: Tornadus|Hurricane|p1a: Ting-Lu
|-damage|p1a: Ting-Lu|26/100
|
|-weather|RainDance|[upkeep]
|-heal|p1a: Ting-Lu|32/100|[from] item: Leftovers
|upkeep
|turn|39
|
|t:|1760797398
|move|p2a: Tornadus|Hurricane|p1a: Ting-Lu
|-damage|p1a: Ting-Lu|0 fnt
|faint|p1a: Ting-Lu
|
|-weather|RainDance|[upkeep]
|upkeep
|
|t:|1760797400
|switch|p1a: Slowking|Slowking-Galar, L99, F|67/100
|turn|40
|
|t:|1760797402
|move|p2a: Tornadus|Hurricane|p1a: Slowking
|-damage|p1a: Slowking|8/100
|move|p1a: Slowking|Toxic|p2a: Tornadus
|-status|p2a: Tornadus|tox
|
|-weather|RainDance|[upkeep]
|-damage|p2a: Tornadus|94/100 tox|[from] psn
|upkeep
|turn|41
|
|t:|1760797408
|switch|p1a: Cinderace|Cinderace, M|100/100
|move|p2a: Tornadus|Hurricane|p1a: Cinderace
|-damage|p1a: Cinderace|0 fnt
|faint|p1a: Cinderace
|
|-weather|RainDance|[upkeep]
|-damage|p2a: Tornadus|82/100 tox|[from] psn
|upkeep
|
|t:|1760797410
|switch|p1a: Corviknight|Corviknight, F|100/100
|-damage|p1a: Corviknight|88/100|[from] Stealth Rock
|-ability|p1a: Corviknight|Pressure
|turn|42
|
|t:|1760797413
|move|p2a: Tornadus|Hurricane|p1a: Corviknight
|-resisted|p1a: Corviknight
|-damage|p1a: Corviknight|41/100
|-start|p1a: Corviknight|confusion
|-activate|p1a: Corviknight|confusion
|-damage|p1a: Corviknight|36/100|[from] confusion
|
|-weather|RainDance|[upkeep]
|-damage|p2a: Tornadus|64/100 tox|[from] psn
|upkeep
|turn|43
|
|t:|1760797418
|switch|p2a: Decidueye|Decidueye-Hisui, F|100/100
|-activate|p1a: Corviknight|confusion
|move|p1a: Corviknight|Roost|p1a: Corviknight
|-heal|p1a: Corviknight|86/100
|-singleturn|p1a: Corviknight|move: Roost
|
|-weather|RainDance|[upkeep]
|upkeep
|turn|44
|
|t:|1760797428
|-end|p1a: Corviknight|confusion
|move|p1a: Corviknight|Brave Bird|p2a: Decidueye
|-supereffective|p2a: Decidueye
|-damage|p2a: Decidueye|0 fnt
|-damage|p1a: Corviknight|69/100|[from] item: Rocky Helmet|[of] p2a: Decidueye
|faint|p2a: Decidueye
|-damage|p1a: Corviknight|38/100|[from] Recoil
|
|-weather|none
|upkeep
|l| Disscratch
|
|t:|1760797433
|switch|p2a: Pelipper|Pelipper, F|94/100
|-weather|RainDance|[from] ability: Drizzle|[of] p2a: Pelipper
|turn|45
|
|t:|1760797436
|move|p1a: Corviknight|Roost|p1a: Corviknight
|-heal|p1a: Corviknight|88/100
|-singleturn|p1a: Corviknight|move: Roost
|move|p2a: Pelipper|Surf|p1a: Corviknight
|-damage|p1a: Corviknight|46/100
|
|-weather|RainDance|[upkeep]
|upkeep
|turn|46
|
|t:|1760797443
|switch|p1a: Slowking|Slowking-Galar, L99, F|42/100
|move|p2a: Pelipper|Surf|p1a: Slowking
|-damage|p1a: Slowking|16/100
|
|-weather|RainDance|[upkeep]
|upkeep
|turn|47
|
|t:|1760797449
|-terastallize|p1a: Slowking|Water
|move|p2a: Pelipper|Surf|p1a: Slowking
|-resisted|p1a: Slowking
|-damage|p1a: Slowking|3/100
|-prepare|p1a: Slowking|Chilly Reception|[premajor]
|move|p1a: Slowking|Chilly Reception|p1a: Slowking
|-weather|Snowscape
|
|t:|1760797453
|switch|p1a: Corviknight|Corviknight, F|46/100|[from] Chilly Reception
|-damage|p1a: Corviknight|33/100|[from] Stealth Rock
|-ability|p1a: Corviknight|Pressure
|
|-weather|Snowscape|[upkeep]
|upkeep
|turn|48
|
|t:|1760797463
|move|p1a: Corviknight|Roost|p1a: Corviknight
|-heal|p1a: Corviknight|83/100
|-singleturn|p1a: Corviknight|move: Roost
|move|p2a: Pelipper|U-turn|p1a: Corviknight
|-resisted|p1a: Corviknight
|-damage|p1a: Corviknight|81/100
|-damage|p2a: Pelipper|77/100|[from] item: Rocky Helmet|[of] p1a: Corviknight
|
|t:|1760797467
|switch|p2a: Tornadus|Tornadus-Therian, M, tera:Flying|97/100 tox|[from] U-turn
|
|-weather|Snowscape|[upkeep]
|-damage|p2a: Tornadus|91/100 tox|[from] psn
|upkeep
|turn|49
|
|t:|1760797471
|switch|p2a: Pelipper|Pelipper, F|77/100
|-weather|RainDance|[from] ability: Drizzle|[of] p2a: Pelipper
|move|p1a: Corviknight|Brave Bird|p2a: Pelipper
|-damage|p2a: Pelipper|49/100
|-damage|p1a: Corviknight|73/100|[from] Recoil
|
|-weather|RainDance|[upkeep]
|upkeep
|turn|50
|
|t:|1760797478
|move|p1a: Corviknight|Brave Bird|p2a: Pelipper
|-damage|p2a: Pelipper|22/100
|-damage|p1a: Corviknight|66/100|[from] Recoil
|move|p2a: Pelipper|Surf|p1a: Corviknight
|-damage|p1a: Corviknight|20/100
|
|-weather|RainDance|[upkeep]
|upkeep
|turn|51
|
|t:|1760797487
|move|p1a: Corviknight|Roost|p1a: Corviknight
|-heal|p1a: Corviknight|70/100
|-singleturn|p1a: Corviknight|move: Roost
|move|p2a: Pelipper|Roost|p2a: Pelipper
|-heal|p2a: Pelipper|72/100
|-singleturn|p2a: Pelipper|move: Roost
|
|-weather|RainDance|[upkeep]
|upkeep
|turn|52
|j| Disscratch
|
|t:|1760797491
|move|p1a: Corviknight|U-turn|p2a: Pelipper
|-resisted|p2a: Pelipper
|-damage|p2a: Pelipper|67/100
|
|t:|1760797492
|switch|p1a: Slowking|Slowking-Galar, L99, F, tera:Water|36/100|[from] U-turn
|move|p2a: Pelipper|Surf|p1a: Slowking
|-resisted|p1a: Slowking
|-damage|p1a: Slowking|23/100
|
|-weather|RainDance|[upkeep]
|upkeep
|turn|53
|
|t:|1760797496
|switch|p1a: Corviknight|Corviknight, F|70/100
|-damage|p1a: Corviknight|58/100|[from] Stealth Rock
|-ability|p1a: Corviknight|Pressure
|move|p2a: Pelipper|U-turn|p1a: Corviknight
|-resisted|p1a: Corviknight
|-damage|p1a: Corviknight|57/100
|-damage|p2a: Pelipper|51/100|[from] item: Rocky Helmet|[of] p1a: Corviknight
|
|t:|1760797499
|switch|p2a: Tornadus|Tornadus-Therian, M, tera:Flying|100/100 tox|[from] U-turn
|
|-weather|RainDance|[upkeep]
|-damage|p2a: Tornadus|94/100 tox|[from] psn
|upkeep
|turn|54
|
|t:|1760797504
|switch|p1a: Slowking|Slowking-Galar, L99, F, tera:Water|57/100
|move|p2a: Tornadus|Weather Ball|p1a: Slowking
|-resisted|p1a: Slowking
|-damage|p1a: Slowking|37/100
|
|-weather|RainDance|[upkeep]
|-damage|p2a: Tornadus|82/100 tox|[from] psn
|upkeep
|turn|55
|
|t:|1760797510
|switch|p2a: Pelipper|Pelipper, F|51/100
|-prepare|p1a: Slowking|Chilly Reception|[premajor]
|move|p1a: Slowking|Chilly Reception|p1a: Slowking
|-weather|Snowscape
|
|t:|1760797511
|switch|p1a: Corviknight|Corviknight, F|57/100|[from] Chilly Reception
|-damage|p1a: Corviknight|44/100|[from] Stealth Rock
|-ability|p1a: Corviknight|Pressure
|
|-weather|Snowscape|[upkeep]
|upkeep
|turn|56
|
|t:|1760797516
|move|p1a: Corviknight|Roost|p1a: Corviknight
|-heal|p1a: Corviknight|94/100
|-singleturn|p1a: Corviknight|move: Roost
|move|p2a: Pelipper|Roost|p2a: Pelipper
|-heal|p2a: Pelipper|100/100
|-singleturn|p2a: Pelipper|move: Roost
|
|-weather|Snowscape|[upkeep]
|upkeep
|turn|57
|
|t:|1760797518
|switch|p2a: Tornadus|Tornadus-Therian, M, tera:Flying|100/100 tox
|move|p1a: Corviknight|Defog|p2a: Tornadus
|-unboost|p2a: Tornadus|evasion|1
|-sideend|p1: 151htyrneh|Stealth Rock|[from] move: Defog|[of] p1a: Corviknight
|
|-weather|Snowscape|[upkeep]
|-damage|p2a: Tornadus|94/100 tox|[from] psn
|upkeep
|turn|58
|
|t:|1760797522
|move|p2a: Tornadus|U-turn|p1a: Corviknight
|-resisted|p1a: Corviknight
|-damage|p1a: Corviknight|92/100
|-damage|p2a: Tornadus|78/100 tox|[from] item: Rocky Helmet|[of] p1a: Corviknight
|
|t:|1760797525
|switch|p2a: Pelipper|Pelipper, F|100/100|[from] U-turn
|-weather|RainDance|[from] ability: Drizzle|[of] p2a: Pelipper
|move|p1a: Corviknight|Brave Bird|p2a: Pelipper
|-damage|p2a: Pelipper|74/100
|-damage|p1a: Corviknight|85/100|[from] Recoil
|
|-weather|RainDance|[upkeep]
|upkeep
|turn|59
|
|t:|1760797529
|move|p1a: Corviknight|U-turn|p2a: Pelipper
|-resisted|p2a: Pelipper
|-damage|p2a: Pelipper|69/100
|
|t:|1760797530
|switch|p1a: Slowking|Slowking-Galar, L99, F, tera:Water|70/100|[from] U-turn
|move|p2a: Pelipper|Surf|p1a: Slowking
|-resisted|p1a: Slowking
|-damage|p1a: Slowking|58/100
|
|-weather|RainDance|[upkeep]
|upkeep
|turn|60
|
|t:|1760797536
|switch|p2a: Tornadus|Tornadus-Therian, M, tera:Flying|100/100 tox
|-prepare|p1a: Slowking|Chilly Reception|[premajor]
|move|p1a: Slowking|Chilly Reception|p1a: Slowking
|-weather|Snowscape
|
|t:|1760797537
|switch|p1a: Corviknight|Corviknight, F|85/100|[from] Chilly Reception
|-ability|p1a: Corviknight|Pressure
|
|-weather|Snowscape|[upkeep]
|-damage|p2a: Tornadus|94/100 tox|[from] psn
|upkeep
|turn|61
|
|t:|1760797542
|switch|p2a: Pelipper|Pelipper, F|69/100
|-weather|RainDance|[from] ability: Drizzle|[of] p2a: Pelipper
|move|p1a: Corviknight|U-turn|p2a: Pelipper
|-resisted|p2a: Pelipper
|-damage|p2a: Pelipper|63/100
|
|t:|1760797544
|switch|p1a: Slowking|Slowking-Galar, L99, F, tera:Water|92/100|[from] U-turn
|
|-weather|RainDance|[upkeep]
|upkeep
|turn|62
|l| Disscratch
|
|t:|1760797547
|switch|p2a: Tornadus|Tornadus-Therian, M, tera:Flying|100/100 tox
|move|p1a: Slowking|Sludge Bomb|p2a: Tornadus
|-damage|p2a: Tornadus|59/100 tox
|
|-weather|RainDance|[upkeep]
|-damage|p2a: Tornadus|53/100 tox|[from] psn
|upkeep
|turn|63
|
|t:|1760797554
|move|p2a: Tornadus|Hurricane|p1a: Slowking
|-damage|p1a: Slowking|35/100
|move|p1a: Slowking|Sludge Bomb|p2a: Tornadus
|-damage|p2a: Tornadus|14/100 tox
|
|-weather|RainDance|[upkeep]
|-damage|p2a: Tornadus|2/100 tox|[from] psn
|upkeep
|turn|64
|
|t:|1760797559
|switch|p2a: Pelipper|Pelipper, F|63/100
|switch|p1a: Corviknight|Corviknight, F|85/100
|-ability|p1a: Corviknight|Pressure
|
|-weather|RainDance|[upkeep]
|upkeep
|turn|65
|
|t:|1760797566
|move|p1a: Corviknight|U-turn|p2a: Pelipper
|-resisted|p2a: Pelipper
|-damage|p2a: Pelipper|58/100
|j| mcribs
|
|t:|1760797567
|switch|p1a: Slowking|Slowking-Galar, L99, F, tera:Water|68/100|[from] U-turn
|move|p2a: Pelipper|Roost|p2a: Pelipper
|-heal|p2a: Pelipper|100/100
|-singleturn|p2a: Pelipper|move: Roost
|
|-weather|RainDance|[upkeep]
|upkeep
|turn|66
|j| Disscratch
|
|t:|1760797573
|move|p2a: Pelipper|Hurricane|p1a: Slowking
|-damage|p1a: Slowking|47/100
|move|p1a: Slowking|Future Sight|p2a: Pelipper
|-start|p1a: Slowking|move: Future Sight
|
|-weather|RainDance|[upkeep]
|upkeep
|turn|67
|
|t:|1760797580
|move|p2a: Pelipper|U-turn|p1a: Slowking
|-damage|p1a: Slowking|37/100
|
|t:|1760797582
|switch|p2a: Tornadus|Tornadus-Therian, M, tera:Flying|35/100 tox|[from] U-turn
|move|p1a: Slowking|Toxic|p2a: Tornadus
|-fail|p2a: Tornadus|tox
|
|-weather|RainDance|[upkeep]
|-damage|p2a: Tornadus|29/100 tox|[from] psn
|upkeep
|turn|68
|
|t:|1760797588
|switch|p1a: Corviknight|Corviknight, F|85/100
|-ability|p1a: Corviknight|Pressure
|move|p2a: Tornadus|Hurricane|p1a: Corviknight
|-resisted|p1a: Corviknight
|-damage|p1a: Corviknight|34/100
|
|-weather|none
|-end|p2a: Tornadus|move: Future Sight
|-damage|p2a: Tornadus|0 fnt
|faint|p2a: Tornadus
|upkeep
|
|t:|1760797591
|switch|p2a: Pelipper|Pelipper, F|100/100
|-weather|RainDance|[from] ability: Drizzle|[of] p2a: Pelipper
|turn|69
|
|t:|1760797596
|move|p1a: Corviknight|Brave Bird|p2a: Pelipper
|-damage|p2a: Pelipper|71/100
|-damage|p1a: Corviknight|26/100|[from] Recoil
|move|p2a: Pelipper|Surf|p1a: Corviknight
|-damage|p1a: Corviknight|0 fnt
|faint|p1a: Corviknight
|
|-weather|RainDance|[upkeep]
|upkeep
|
|t:|1760797599
|switch|p1a: Slowking|Slowking-Galar, L99, F, tera:Water|71/100
|turn|70
|
|t:|1760797603
|move|p2a: Pelipper|Hurricane|p1a: Slowking
|-damage|p1a: Slowking|48/100
|move|p1a: Slowking|Sludge Bomb|p2a: Pelipper
|-damage|p2a: Pelipper|25/100
|
|-weather|RainDance|[upkeep]
|upkeep
|turn|71
|
|t:|1760797607
|move|p2a: Pelipper|Roost|p2a: Pelipper
|-heal|p2a: Pelipper|75/100
|-singleturn|p2a: Pelipper|move: Roost
|move|p1a: Slowking|Sludge Bomb|p2a: Pelipper
|-damage|p2a: Pelipper|26/100
|
|-weather|RainDance|[upkeep]
|upkeep
|turn|72
|
|t:|1760797613
|move|p2a: Pelipper|Roost|p2a: Pelipper
|-heal|p2a: Pelipper|76/100
|-singleturn|p2a: Pelipper|move: Roost
|move|p1a: Slowking|Sludge Bomb|p2a: Pelipper
|-damage|p2a: Pelipper|27/100
|-status|p2a: Pelipper|psn
|
|-weather|RainDance|[upkeep]
|-damage|p2a: Pelipper|15/100 psn|[from] psn
|upkeep
|turn|73
|
|t:|1760797618
|move|p2a: Pelipper|Surf|p1a: Slowking
|-resisted|p1a: Slowking
|-damage|p1a: Slowking|35/100
|move|p1a: Slowking|Sludge Bomb|p2a: Pelipper
|-damage|p2a: Pelipper|0 fnt
|faint|p2a: Pelipper
|
|win|151htyrneh
|raw|151htyrneh's rating: 1671 &rarr; <strong>1691</strong><br />(+20 for winning)
|raw|lebmaster's rating: 1674 &rarr; <strong>1654</strong><br />(-20 for losing)
|l|☆151htyrneh
|player|p1|
|l|☆lebmaster
|player|p2|
|l| mcribs
|l| woairibi
|l| Disscratch
