|j|☆miscellandorus
|j|☆Dirty67
|t:|1760813364
|gametype|singles
|player|p1|miscellandorus|2|1496
|player|p2|Dirty67|ltsurge|1541
|gen|9
|tier|[Gen 9] OU
|rated|
|rule|HP Percentage Mod: HP is shown in percentages
|rule|Endless Battle Clause: Forcing endless battles is banned
|rule|Species Clause: Limit one of each Pokémon
|rule|OHKO Clause: OHKO moves are banned
|rule|Evasion Items Clause: Evasion items are banned
|rule|Evasion Moves Clause: Evasion moves are banned
|rule|Evasion Abilities Clause: Evasion abilities are banned
|rule|Sleep Moves Clause: Sleep-inducing moves are banned
|clearpoke
|poke|p1|Walking Wake|
|poke|p1|Maushold-Four|
|poke|p1|Dragonite, F|
|poke|p1|Weezing-Galar, M|
|poke|p1|Great Tusk|
|poke|p1|Muk-Alola, F|
|poke|p2|Dragonite, F|
|poke|p2|Zamazenta-*|
|poke|p2|Ting-Lu|
|poke|p2|Pecharunt|
|poke|p2|Moltres|
|poke|p2|Iron Valiant|
|teampreview
|inactive|Battle timer is ON: inactive players will automatically lose when time's up. (requested by Dirty67)
|
|t:|1760813389
|teamsize|p1|6
|teamsize|p2|6
|start
|switch|p1a: Muk|Muk-Alola, F|100/100
|switch|p2a: Zamazenta|Zamazenta|100/100
|-ability|p2a: Zamazenta|Dauntless Shield|boost
|-boost|p2a: Zamazenta|def|1
|turn|1
|inactive|miscellandorus has 120 seconds left.
|inactive|Dirty67 has 120 seconds left.
|
|t:|1760813453
|switch|p1a: Weezing|Weezing-Galar, M|100/100
|move|p2a: Zamazenta|Body Press|p1a: Weezing
|-resisted|p1a: Weezing
|-damage|p1a: Weezing|86/100
|
|upkeep
|turn|2
|
|t:|1760813463
|switch|p2a: Pecharunt|Pecharunt|100/100
|move|p1a: Weezing|Strange Steam|p2a: Pecharunt
|-resisted|p2a: Pecharunt
|-damage|p2a: Pecharunt|74/100
|-start|p2a: Pecharunt|confusion
|
|upkeep
|turn|3
|
|t:|1760813467
|switch|p1a: Muk|Muk-Alola, F|100/100
|-activate|p2a: Pecharunt|confusion
|-damage|p2a: Pecharunt|71/100|[from] confusion
|
|upkeep
|turn|4
|
|t:|1760813471
|-activate|p2a: Pecharunt|confusion
|move|p2a: Pecharunt|Parting Shot|p1a: Muk
|-unboost|p1a: Muk|atk|1
|-unboost|p1a: Muk|spa|1
|
|t:|1760813473
|switch|p2a: Zamazenta|Zamazenta|100/100|[from] Parting Shot
|move|p1a: Muk|Knock Off|p2a: Zamazenta
|-resisted|p2a: Zamazenta
|-damage|p2a: Zamazenta|92/100
|-enditem|p2a: Zamazenta|Chesto Berry|[from] move: Knock Off|[of] p1a: Muk
|
|upkeep
|turn|5
|
|t:|1760813483
|switch|p2a: Ting-Lu|Ting-Lu|100/100
|-ability|p2a: Ting-Lu|Vessel of Ruin
|switch|p1a: Great Tusk|Great Tusk|100/100
|
|upkeep
|turn|6
|
|t:|1760813489
|move|p1a: Great Tusk|Stealth Rock|p2a: Ting-Lu
|-sidestart|p2: Dirty67|move: Stealth Rock
|move|p2a: Ting-Lu|Ruination|p1a: Great Tusk
|-damage|p1a: Great Tusk|51/100
|
|upkeep
|turn|7
|
|t:|1760813493
|-end|p1a: Great Tusk|Protosynthesis|[silent]
|switch|p1a: Maushold|Maushold-Four|100/100
|switch|p2a: Moltres|Moltres|100/100
|
|upkeep
|turn|8
|
|t:|1760813503
|switch|p1a: Walking Wake|Walking Wake|100/100
|move|p2a: Moltres|U-turn|p1a: Walking Wake
|-damage|p1a: Walking Wake|83/100
|
|t:|1760813511
|switch|p2a: Iron Valiant|Iron Valiant|100/100|[from] U-turn
|-damage|p2a: Iron Valiant|94/100|[from] Stealth Rock
|-enditem|p2a: Iron Valiant|Booster Energy
|-activate|p2a: Iron Valiant|ability: Quark Drive|[fromitem]
|-start|p2a: Iron Valiant|quarkdrivespe
|
|upkeep
|turn|9
|
|t:|1760813519
|-end|p1a: Walking Wake|Protosynthesis|[silent]
|switch|p1a: Muk|Muk-Alola, F|100/100
|move|p2a: Iron Valiant|Moonblast|p1a: Muk
|-damage|p1a: Muk|74/100
|
|-heal|p1a: Muk|80/100|[from] item: Black Sludge
|upkeep
|turn|10
|
|t:|1760813533
|-end|p2a: Iron Valiant|Quark Drive|[silent]
|switch|p2a: Zamazenta|Zamazenta|92/100
|-damage|p2a: Zamazenta|86/100|[from] Stealth Rock
|move|p1a: Muk|Poison Jab|p2a: Zamazenta
|-damage|p2a: Zamazenta|64/100
|-status|p2a: Zamazenta|psn|[from] ability: Poison Touch|[of] p1a: Muk
|
|-heal|p1a: Muk|86/100|[from] item: Black Sludge
|-damage|p2a: Zamazenta|52/100 psn|[from] psn
|upkeep
|turn|11
|-message|Dirty67 forfeited.
|
|win|miscellandorus
|raw|miscellandorus's rating: 1496 &rarr; <strong>1519</strong><br />(+23 for winning)
|raw|Dirty67's rating: 1541 &rarr; <strong>1518</strong><br />(-23 for losing)
|l|☆Dirty67
|player|p2|
|l|☆miscellandorus
|player|p1|
