|j|☆jingqmmx
|j|☆AlfiemitZ
|t:|1760778744
|gametype|singles
|player|p1|jingqmmx|n|1066
|player|p2|AlfiemitZ|red|1041
|gen|9
|tier|[Gen 9] OU
|rated|
|rule|HP Percentage Mod: HP is shown in percentages
|rule|Endless Battle Clause: Forcing endless battles is banned
|rule|Species Clause: Limit one of each Pokémon
|rule|OHKO Clause: OHKO moves are banned
|rule|Evasion Items Clause: Evasion items are banned
|rule|Evasion Moves Clause: Evasion moves are banned
|rule|Evasion Abilities Clause: Evasion abilities are banned
|rule|Sleep Moves Clause: Sleep-inducing moves are banned
|clearpoke
|poke|p1|Dragonite, M|
|poke|p1|Ogerpon-Wellspring, F|
|poke|p1|Gholdengo|
|poke|p1|Landorus-Therian, M|
|poke|p1|Ting-Lu|
|poke|p1|Dondozo, M|
|poke|p2|Garchomp, M|
|poke|p2|Lucario, M|
|poke|p2|Sceptile, M|
|poke|p2|Greninja-*, M|
|poke|p2|Sylveon, M|
|poke|p2|Charizard, F|
|teampreview
|
|t:|1760778750
|teamsize|p1|6
|teamsize|p2|6
|start
|switch|p1a: Landorus|Landorus-Therian, M|100/100
|switch|p2a: Shark ting|Garchomp, M|100/100
|-ability|p1a: Landorus|Intimidate|boost
|-unboost|p2a: Shark ting|atk|1
|turn|1
|
|t:|1760778765
|move|p2a: Shark ting|Dragon Claw|p1a: Landorus
|-damage|p1a: Landorus|81/100
|-damage|p2a: Shark ting|84/100|[from] item: Rocky Helmet|[of] p1a: Landorus
|move|p1a: Landorus|Taunt|p2a: Shark ting
|-start|p2a: Shark ting|move: Taunt
|
|upkeep
|turn|2
|
|t:|1760778776
|switch|p2a: Frog ting|Greninja, M|100/100
|move|p1a: Landorus|Stealth Rock|p2a: Frog ting
|-sidestart|p2: AlfiemitZ|move: Stealth Rock
|
|upkeep
|turn|3
|
|t:|1760778784
|switch|p1a: Ogerpon|Ogerpon-Wellspring, F|100/100
|move|p2a: Frog ting|Surf|p1a: Ogerpon
|-start|p2a: Frog ting|typechange|Water|[from] ability: Protean
|-immune|p1a: Ogerpon|[from] ability: Water Absorb
|
|upkeep
|turn|4
|
|t:|1760778801
|move|p1a: Ogerpon|Horn Leech|p2a: Frog ting
|-supereffective|p2a: Frog ting
|-enditem|p2a: Frog ting|Focus Sash
|-damage|p2a: Frog ting|1/100
|move|p2a: Frog ting|Counter|p1a: Ogerpon
|-damage|p1a: Ogerpon|0 fnt
|faint|p1a: Ogerpon
|
|upkeep
|
|t:|1760778815
|switch|p1a: Dragonite|Dragonite, M|100/100
|turn|5
|
|t:|1760778821
|move|p1a: Dragonite|Extreme Speed|p2a: Frog ting
|-damage|p2a: Frog ting|0 fnt
|faint|p2a: Frog ting
|
|upkeep
|
|t:|1760778828
|switch|p2a: Other dog ting|Sylveon, M, shiny|100/100
|-damage|p2a: Other dog ting|88/100|[from] Stealth Rock
|turn|6
|
|t:|1760778842
|switch|p1a: Gholdengo|Gholdengo|100/100
|move|p2a: Other dog ting|Moonblast|p1a: Gholdengo
|-resisted|p1a: Gholdengo
|-damage|p1a: Gholdengo|77/100
|-unboost|p1a: Gholdengo|spa|1
|
|upkeep
|turn|7
|
|t:|1760778853
|move|p1a: Gholdengo|Trick|p2a: Other dog ting
|-activate|p1a: Gholdengo|move: Trick|[of] p2a: Other dog ting
|-item|p2a: Other dog ting|Choice Scarf|[from] move: Trick
|-item|p1a: Gholdengo|Focus Sash|[from] move: Trick
|move|p2a: Other dog ting|Shadow Ball|p1a: Gholdengo
|-supereffective|p1a: Gholdengo
|-damage|p1a: Gholdengo|14/100
|
|upkeep
|turn|8
|
|t:|1760778875
|switch|p1a: Ting-Lu|Ting-Lu|100/100
|-ability|p1a: Ting-Lu|Vessel of Ruin
|move|p2a: Other dog ting|Shadow Ball|p1a: Ting-Lu
|-resisted|p1a: Ting-Lu
|-damage|p1a: Ting-Lu|95/100
|
|upkeep
|turn|9
|
|t:|1760778894
|switch|p2a: Dog ting|Lucario, M|100/100
|-damage|p2a: Dog ting|98/100|[from] Stealth Rock
|move|p1a: Ting-Lu|Spikes|p2a: Dog ting
|-sidestart|p2: AlfiemitZ|Spikes
|
|upkeep
|turn|10
|
|t:|1760778910
|switch|p1a: Landorus|Landorus-Therian, M|81/100
|-ability|p1a: Landorus|Intimidate|boost
|-unboost|p2a: Dog ting|atk|1
|move|p2a: Dog ting|Close Combat|p1a: Landorus
|-resisted|p1a: Landorus
|-damage|p1a: Landorus|67/100
|-unboost|p2a: Dog ting|def|1
|-unboost|p2a: Dog ting|spd|1
|-damage|p2a: Dog ting|81/100|[from] item: Rocky Helmet|[of] p1a: Landorus
|
|upkeep
|turn|11
|
|t:|1760778931
|switch|p2a: Shark ting|Garchomp, M|84/100
|-damage|p2a: Shark ting|78/100|[from] Stealth Rock
|-damage|p2a: Shark ting|66/100|[from] Spikes
|move|p1a: Landorus|Earthquake|p2a: Shark ting
|-crit|p2a: Shark ting
|-damage|p2a: Shark ting|0 fnt
|faint|p2a: Shark ting
|
|upkeep
|
|t:|1760778943
|switch|p2a: Dragon ting|Charizard, F|100/100
|-damage|p2a: Dragon ting|51/100|[from] Stealth Rock
|turn|12
|
|t:|1760778962
|move|p2a: Dragon ting|Air Slash|p1a: Landorus
|-damage|p1a: Landorus|27/100
|cant|p1a: Landorus|flinch
|
|upkeep
|turn|13
|
|t:|1760778975
|switch|p1a: Dondozo|Dondozo, M|100/100
|move|p2a: Dragon ting|Air Slash|p1a: Dondozo
|-damage|p1a: Dondozo|65/100
|
|-heal|p1a: Dondozo|72/100|[from] item: Leftovers
|upkeep
|turn|14
|
|t:|1760778988
|switch|p2a: Lizard ting|Sceptile, M|100/100
|-damage|p2a: Lizard ting|88/100|[from] Stealth Rock
|-damage|p2a: Lizard ting|76/100|[from] Spikes
|move|p1a: Dondozo|Rest|p1a: Dondozo
|-status|p1a: Dondozo|slp|[from] move: Rest
|-heal|p1a: Dondozo|100/100 slp|[silent]
|
|upkeep
|turn|15
|
|t:|1760778999
|move|p2a: Lizard ting|Leech Seed|p1a: Dondozo
|-start|p1a: Dondozo|move: Leech Seed
|cant|p1a: Dondozo|slp
|move|p1a: Dondozo|Sleep Talk|p1a: Dondozo
|move|p1a: Dondozo|Waterfall|p2a: Lizard ting|[from] move: Sleep Talk
|-resisted|p2a: Lizard ting
|-damage|p2a: Lizard ting|55/100
|
|-damage|p1a: Dondozo|88/100 slp|[from] Leech Seed|[of] p2a: Lizard ting
|-heal|p2a: Lizard ting|74/100|[silent]
|upkeep
|turn|16
|
|t:|1760779019
|switch|p1a: Dragonite|Dragonite, M|100/100
|move|p2a: Lizard ting|Energy Ball|p1a: Dragonite
|-resisted|p1a: Dragonite
|-damage|p1a: Dragonite|96/100
|
|upkeep
|turn|17
|
|t:|1760779029
|move|p2a: Lizard ting|Dragon Pulse|p1a: Dragonite
|-supereffective|p1a: Dragonite
|-crit|p1a: Dragonite
|-damage|p1a: Dragonite|32/100
|move|p1a: Dragonite|Fire Punch|p2a: Lizard ting
|-supereffective|p2a: Lizard ting
|-damage|p2a: Lizard ting|0 fnt
|faint|p2a: Lizard ting
|
|upkeep
|
|t:|1760779039
|switch|p2a: Other dog ting|Sylveon, M, shiny|88/100
|-damage|p2a: Other dog ting|76/100|[from] Stealth Rock
|-damage|p2a: Other dog ting|63/100|[from] Spikes
|turn|18
|
|t:|1760779049
|-terastallize|p1a: Dragonite|Normal
|move|p1a: Dragonite|Extreme Speed|p2a: Other dog ting
|-damage|p2a: Other dog ting|0 fnt
|faint|p2a: Other dog ting
|
|upkeep
|
|t:|1760779056
|switch|p2a: Dragon ting|Charizard, F|51/100
|-damage|p2a: Dragon ting|1/100|[from] Stealth Rock
|turn|19
|
|t:|1760779061
|move|p1a: Dragonite|Extreme Speed|p2a: Dragon ting
|-damage|p2a: Dragon ting|0 fnt
|faint|p2a: Dragon ting
|
|upkeep
|-message|AlfiemitZ forfeited.
|
|win|jingqmmx
|raw|jingqmmx's rating: 1066 &rarr; <strong>1094</strong><br />(+28 for winning)
|raw|AlfiemitZ's rating: 1041 &rarr; <strong>1026</strong><br />(-15 for losing)
|l|☆AlfiemitZ
|player|p2|
