|j|☆kinggnx
|j|☆HZBKAI8
|t:|1760836643
|gametype|singles
|player|p1|kinggnx|hoopster|1124
|player|p2|HZBKAI8|266|1080
|gen|9
|tier|[Gen 9] OU
|rated|
|rule|HP Percentage Mod: HP is shown in percentages
|rule|Endless Battle Clause: Forcing endless battles is banned
|rule|Species Clause: Limit one of each Pokémon
|rule|OHKO Clause: OHKO moves are banned
|rule|Evasion Items Clause: Evasion items are banned
|rule|Evasion Moves Clause: Evasion moves are banned
|rule|Evasion Abilities Clause: Evasion abilities are banned
|rule|Sleep Moves Clause: Sleep-inducing moves are banned
|clearpoke
|poke|p1|Skeledirge, F|
|poke|p1|Comfey, F|
|poke|p1|Spiritomb, F|
|poke|p1|Hatterene, F|
|poke|p1|Blissey, F|
|poke|p1|Glimmora, F|
|poke|p2|Dragapult, F|
|poke|p2|Tinkaton, F|
|poke|p2|Rotom-Heat|
|poke|p2|Ludicolo, F|
|poke|p2|Dugtrio-Alola, M|
|poke|p2|Hydrapple, F|
|teampreview
|
|t:|1760836652
|teamsize|p1|6
|teamsize|p2|6
|start
|switch|p1a: Spiritomb|Spiritomb, F|100/100
|switch|p2a: Dragapult|Dragapult, F|100/100
|turn|1
|
|t:|1760836658
|move|p2a: Dragapult|Draco Meteor|p1a: Spiritomb
|-damage|p1a: Spiritomb|32/100
|-unboost|p2a: Dragapult|spa|2
|-enditem|p1a: Spiritomb|Sitrus Berry|[eat]
|-heal|p1a: Spiritomb|57/100|[from] item: Sitrus Berry
|-damage|p2a: Dragapult|91/100|[from] item: Life Orb
|move|p1a: Spiritomb|Trick Room|p1a: Spiritomb
|-fieldstart|move: Trick Room|[of] p1a: Spiritomb
|
|upkeep
|turn|2
|
|t:|1760836675
|move|p1a: Spiritomb|Will-O-Wisp|p2a: Dragapult
|-status|p2a: Dragapult|brn
|move|p2a: Dragapult|Draco Meteor|p1a: Spiritomb
|-damage|p1a: Spiritomb|24/100
|-unboost|p2a: Dragapult|spa|2
|-damage|p2a: Dragapult|81/100 brn|[from] item: Life Orb
|
|-damage|p2a: Dragapult|75/100 brn|[from] brn
|upkeep
|turn|3
|
|t:|1760836689
|switch|p1a: Skeledirge|Skeledirge, F|100/100
|move|p2a: Dragapult|Draco Meteor|p1a: Skeledirge
|-damage|p1a: Skeledirge|24/100
|-unboost|p2a: Dragapult|spa|2
|-enditem|p1a: Skeledirge|Iapapa Berry|[eat]
|-heal|p1a: Skeledirge|57/100|[from] item: Iapapa Berry
|-damage|p2a: Dragapult|65/100 brn|[from] item: Life Orb
|
|-damage|p2a: Dragapult|59/100 brn|[from] brn
|upkeep
|turn|4
|
|t:|1760836722
|move|p1a: Skeledirge|Torch Song|p2a: Dragapult
|-resisted|p2a: Dragapult
|-damage|p2a: Dragapult|26/100 brn
|-boost|p1a: Skeledirge|spa|1
|move|p2a: Dragapult|Shadow Ball|p1a: Skeledirge
|-supereffective|p1a: Skeledirge
|-damage|p1a: Skeledirge|0 fnt
|faint|p1a: Skeledirge
|-damage|p2a: Dragapult|16/100 brn|[from] item: Life Orb
|
|-damage|p2a: Dragapult|10/100 brn|[from] brn
|upkeep
|
|t:|1760836738
|switch|p1a: Comfey|Comfey, F|100/100
|turn|5
|
|t:|1760836741
|move|p1a: Comfey|Calm Mind|p1a: Comfey
|-boost|p1a: Comfey|spa|1
|-boost|p1a: Comfey|spd|1
|move|p2a: Dragapult|Shadow Ball|p1a: Comfey
|-damage|p1a: Comfey|92/100
|-damage|p2a: Dragapult|0 fnt|[from] item: Life Orb
|faint|p2a: Dragapult
|
|-fieldend|move: Trick Room
|upkeep
|
|t:|1760836741
|switch|p2a: Tinkaton|Tinkaton, F|100/100
|-item|p2a: Tinkaton|Air Balloon
|turn|6
|
|t:|1760836758
|-terastallize|p1a: Comfey|Ghost
|move|p2a: Tinkaton|Gigaton Hammer|p1a: Comfey
|-damage|p1a: Comfey|24/100
|move|p1a: Comfey|Calm Mind|p1a: Comfey
|-boost|p1a: Comfey|spa|1
|-boost|p1a: Comfey|spd|1
|
|upkeep
|turn|7
|
|t:|1760836779
|move|p2a: Tinkaton|Metal Claw|p1a: Comfey
|-damage|p1a: Comfey|1/100
|move|p1a: Comfey|Charm|p2a: Tinkaton
|-unboost|p2a: Tinkaton|atk|2
|
|upkeep
|turn|8
|
|t:|1760836791
|move|p1a: Comfey|Giga Drain|p2a: Tinkaton
|-resisted|p2a: Tinkaton
|-damage|p2a: Tinkaton|80/100
|-heal|p1a: Comfey|15/100|[from] drain|[of] p2a: Tinkaton
|-enditem|p2a: Tinkaton|Air Balloon
|move|p2a: Tinkaton|Gigaton Hammer|p1a: Comfey
|-crit|p1a: Comfey
|-damage|p1a: Comfey|0 fnt
|faint|p1a: Comfey
|
|upkeep
|
|t:|1760836809
|switch|p1a: Spiritomb|Spiritomb, F|24/100
|turn|9
|
|t:|1760836813
|move|p2a: Tinkaton|Metal Claw|p1a: Spiritomb
|-damage|p1a: Spiritomb|15/100
|move|p1a: Spiritomb|Trick Room|p1a: Spiritomb
|-fieldstart|move: Trick Room|[of] p1a: Spiritomb
|
|upkeep
|turn|10
|
|t:|1760836819
|move|p1a: Spiritomb|Pain Split|p2a: Tinkaton
|-sethp|p2a: Tinkaton|47/100|[from] move: Pain Split|[silent]
|-sethp|p1a: Spiritomb|49/100|[from] move: Pain Split
|move|p2a: Tinkaton|Gigaton Hammer|p1a: Spiritomb
|-crit|p1a: Spiritomb
|-damage|p1a: Spiritomb|0 fnt
|faint|p1a: Spiritomb
|
|upkeep
|
|t:|1760836837
|switch|p1a: Glimmora|Glimmora, F|100/100
|turn|11
|
|t:|1760836842
|move|p1a: Glimmora|Meteor Beam||[still]
|-prepare|p1a: Glimmora|Meteor Beam
|-boost|p1a: Glimmora|spa|1
|-enditem|p1a: Glimmora|Power Herb
|-anim|p1a: Glimmora|Meteor Beam|p2a: Tinkaton
|-resisted|p2a: Tinkaton
|-damage|p2a: Tinkaton|1/100
|move|p2a: Tinkaton|Metal Claw|p1a: Glimmora
|-supereffective|p1a: Glimmora
|-damage|p1a: Glimmora|80/100
|-activate|p1a: Glimmora|ability: Toxic Debris
|-sidestart|p2: HZBKAI8|move: Toxic Spikes
|
|upkeep
|turn|12
|
|t:|1760836863
|-terastallize|p2a: Tinkaton|Water
|move|p1a: Glimmora|Earth Power|p2a: Tinkaton
|-damage|p2a: Tinkaton|0 fnt
|faint|p2a: Tinkaton
|
|upkeep
|
|t:|1760836863
|switch|p2a: Dugtrio|Dugtrio-Alola, M|100/100
|turn|13
|
|t:|1760836879
|move|p1a: Glimmora|Earth Power|p2a: Dugtrio
|-supereffective|p2a: Dugtrio
|-damage|p2a: Dugtrio|0 fnt
|faint|p2a: Dugtrio
|
|-fieldend|move: Trick Room
|upkeep
|
|t:|1760836879
|switch|p2a: Hydrapple|Hydrapple, F|100/100
|turn|14
|
|t:|1760836897
|move|p1a: Glimmora|Sludge Bomb|p2a: Hydrapple
|-supereffective|p2a: Hydrapple
|-damage|p2a: Hydrapple|0 fnt
|faint|p2a: Hydrapple
|
|upkeep
|
|t:|1760836897
|switch|p2a: Ludicolo|Ludicolo, F|100/100
|-status|p2a: Ludicolo|psn
|turn|15
|
|t:|1760836910
|switch|p1a: Blissey|Blissey, F|100/100
|move|p2a: Ludicolo|Bubble Beam|p1a: Blissey
|-damage|p1a: Blissey|90/100
|
|-heal|p1a: Blissey|96/100|[from] item: Leftovers
|-damage|p2a: Ludicolo|88/100 psn|[from] psn
|upkeep
|turn|16
|
|t:|1760836922
|move|p2a: Ludicolo|Giga Drain|p1a: Blissey
|-damage|p1a: Blissey|84/100
|-heal|p2a: Ludicolo|100/100 psn|[from] drain|[of] p1a: Blissey
|move|p1a: Blissey|Seismic Toss|p2a: Ludicolo
|-damage|p2a: Ludicolo|67/100 psn
|
|-heal|p2a: Ludicolo|73/100 psn|[from] item: Leftovers
|-heal|p1a: Blissey|90/100|[from] item: Leftovers
|-damage|p2a: Ludicolo|61/100 psn|[from] psn
|upkeep
|turn|17
|
|t:|1760836933
|move|p2a: Ludicolo|Giga Drain|p1a: Blissey
|-damage|p1a: Blissey|77/100
|-heal|p2a: Ludicolo|76/100 psn|[from] drain|[of] p1a: Blissey
|move|p1a: Blissey|Seismic Toss|p2a: Ludicolo
|-damage|p2a: Ludicolo|43/100 psn
|
|-heal|p2a: Ludicolo|49/100 psn|[from] item: Leftovers
|-heal|p1a: Blissey|83/100|[from] item: Leftovers
|-damage|p2a: Ludicolo|36/100 psn|[from] psn
|upkeep
|turn|18
|
|t:|1760836944
|move|p1a: Blissey|Protect|p1a: Blissey
|-singleturn|p1a: Blissey|Protect
|move|p2a: Ludicolo|Giga Drain|p1a: Blissey
|-activate|p1a: Blissey|move: Protect
|
|-heal|p2a: Ludicolo|42/100 psn|[from] item: Leftovers
|-heal|p1a: Blissey|89/100|[from] item: Leftovers
|-damage|p2a: Ludicolo|30/100 psn|[from] psn
|upkeep
|turn|19
|
|t:|1760836955
|move|p2a: Ludicolo|Giga Drain|p1a: Blissey
|-damage|p1a: Blissey|78/100
|-heal|p2a: Ludicolo|44/100 psn|[from] drain|[of] p1a: Blissey
|move|p1a: Blissey|Seismic Toss|p2a: Ludicolo
|-damage|p2a: Ludicolo|10/100 psn
|
|-heal|p2a: Ludicolo|16/100 psn|[from] item: Leftovers
|-heal|p1a: Blissey|84/100|[from] item: Leftovers
|-damage|p2a: Ludicolo|4/100 psn|[from] psn
|upkeep
|turn|20
|
|t:|1760836966
|move|p1a: Blissey|Protect|p1a: Blissey
|-singleturn|p1a: Blissey|Protect
|move|p2a: Ludicolo|Giga Drain|p1a: Blissey
|-activate|p1a: Blissey|move: Protect
|
|-heal|p2a: Ludicolo|10/100 psn|[from] item: Leftovers
|-heal|p1a: Blissey|90/100|[from] item: Leftovers
|-damage|p2a: Ludicolo|0 fnt|[from] psn
|faint|p2a: Ludicolo
|upkeep
|
|t:|1760836966
|switch|p2a: Rotom|Rotom-Heat|100/100
|turn|21
|
|t:|1760836985
|move|p2a: Rotom|Overheat|p1a: Blissey
|-damage|p1a: Blissey|68/100
|-unboost|p2a: Rotom|spa|2
|move|p1a: Blissey|Seismic Toss|p2a: Rotom
|-damage|p2a: Rotom|59/100
|
|-heal|p2a: Rotom|65/100|[from] item: Leftovers
|-heal|p1a: Blissey|74/100|[from] item: Leftovers
|upkeep
|turn|22
|
|t:|1760836995
|move|p2a: Rotom|Overheat|p1a: Blissey
|-damage|p1a: Blissey|63/100
|-unboost|p2a: Rotom|spa|2
|move|p1a: Blissey|Seismic Toss|p2a: Rotom
|-damage|p2a: Rotom|24/100
|
|-heal|p2a: Rotom|30/100|[from] item: Leftovers
|-heal|p1a: Blissey|69/100|[from] item: Leftovers
|upkeep
|turn|23
|
|t:|1760837005
|move|p2a: Rotom|Overheat|p1a: Blissey
|-damage|p1a: Blissey|61/100
|-unboost|p2a: Rotom|spa|2
|move|p1a: Blissey|Seismic Toss|p2a: Rotom
|-damage|p2a: Rotom|0 fnt
|faint|p2a: Rotom
|
|win|kinggnx
|raw|kinggnx's rating: 1124 &rarr; <strong>1146</strong><br />(+22 for winning)
|raw|HZBKAI8's rating: 1080 &rarr; <strong>1061</strong><br />(-19 for losing)
|l|☆HZBKAI8
|player|p2|
|l|☆kinggnx
|player|p1|
