|j|☆Clutchup987
|j|☆conta top 2
|t:|1760720461
|gametype|singles
|player|p1|Clutchup987|rocketgrunt|1108
|player|p2|conta top 2|ash-unova|1067
|gen|9
|tier|[Gen 9] OU
|rated|
|rule|HP Percentage Mod: HP is shown in percentages
|rule|Endless Battle Clause: Forcing endless battles is banned
|rule|Species Clause: Limit one of each Pokémon
|rule|OHKO Clause: OHKO moves are banned
|rule|Evasion Items Clause: Evasion items are banned
|rule|Evasion Moves Clause: Evasion moves are banned
|rule|Evasion Abilities Clause: Evasion abilities are banned
|rule|Sleep Moves Clause: Sleep-inducing moves are banned
|clearpoke
|poke|p1|Latios, M|
|poke|p1|Weavile, M|
|poke|p1|Jolteon, F|
|poke|p1|Cyclizar, F|
|poke|p1|Cinderace, M|
|poke|p1|Dragapult, M|
|poke|p2|Pikachu-Partner, M|
|poke|p2|Cinderace, M|
|poke|p2|Ninetales-Alola, F|
|poke|p2|Lycanroc-Dusk, M|
|poke|p2|Gliscor, M|
|poke|p2|Mew|
|teampreview
|
|t:|1760720470
|teamsize|p1|6
|teamsize|p2|6
|start
|switch|p1a: Cinderace|Cinderace, M|100/100
|switch|p2a: Mew|Mew, shiny|100/100
|turn|1
|
|t:|1760720476
|move|p2a: Mew|Trick|p1a: Cinderace
|-activate|p2a: Mew|move: Trick|[of] p1a: Cinderace
|-item|p1a: Cinderace|Choice Scarf|[from] move: Trick
|-item|p2a: Mew|Choice Band|[from] move: Trick
|move|p1a: Cinderace|U-turn|p2a: Mew
|-start|p1a: Cinderace|typechange|Bug|[from] ability: Libero
|-supereffective|p2a: Mew
|-damage|p2a: Mew|35/100
|
|t:|1760720483
|switch|p1a: Cyclizar|Cyclizar, F|100/100|[from] U-turn
|
|upkeep
|turn|2
|
|t:|1760720494
|move|p1a: Cyclizar|Knock Off|p2a: Mew
|-supereffective|p2a: Mew
|-crit|p2a: Mew
|-damage|p2a: Mew|0 fnt
|-enditem|p2a: Mew|Choice Band|[from] move: Knock Off|[of] p1a: Cyclizar
|faint|p2a: Mew
|
|upkeep
|
|t:|1760720500
|switch|p2a: Pikachu|Pikachu-Partner, M|100/100
|turn|3
|
|t:|1760720503
|move|p1a: Cyclizar|Body Slam|p2a: Pikachu
|-damage|p2a: Pikachu|18/100
|-status|p1a: Cyclizar|par|[from] ability: Static|[of] p2a: Pikachu
|move|p2a: Pikachu|Thunderbolt|p1a: Cyclizar
|-resisted|p1a: Cyclizar
|-damage|p1a: Cyclizar|56/100 par
|
|upkeep
|turn|4
|
|t:|1760720510
|move|p2a: Pikachu|Thunderbolt|p1a: Cyclizar
|-resisted|p1a: Cyclizar
|-damage|p1a: Cyclizar|13/100 par
|move|p1a: Cyclizar|Knock Off|p2a: Pikachu
|-damage|p2a: Pikachu|0 fnt
|-enditem|p2a: Pikachu|Light Ball|[from] move: Knock Off|[of] p1a: Cyclizar
|faint|p2a: Pikachu
|
|upkeep
|
|t:|1760720519
|switch|p2a: Gliscor|Gliscor, M|100/100
|turn|5
|
|t:|1760720523
|move|p2a: Gliscor|Protect|p2a: Gliscor
|-singleturn|p2a: Gliscor|Protect
|move|p1a: Cyclizar|Knock Off|p2a: Gliscor
|-activate|p2a: Gliscor|move: Protect
|
|-status|p2a: Gliscor|tox|[from] item: Toxic Orb
|upkeep
|turn|6
|
|t:|1760720534
|move|p2a: Gliscor|Earthquake|p1a: Cyclizar
|-damage|p1a: Cyclizar|0 fnt
|faint|p1a: Cyclizar
|
|upkeep
|
|t:|1760720537
|switch|p1a: Weavile|Weavile, M|100/100
|-ability|p1a: Weavile|Pressure
|turn|7
|
|t:|1760720545
|move|p1a: Weavile|Triple Axel|p2a: Gliscor
|-supereffective|p2a: Gliscor
|-damage|p2a: Gliscor|62/100 tox
|-supereffective|p2a: Gliscor
|-damage|p2a: Gliscor|0 fnt
|faint|p2a: Gliscor
|-hitcount|p2: Gliscor|2
|
|upkeep
|-message|conta top 2 forfeited.
|
|win|Clutchup987
|raw|Clutchup987's rating: 1108 &rarr; <strong>1130</strong><br />(+22 for winning)
|raw|conta top 2's rating: 1067 &rarr; <strong>1049</strong><br />(-18 for losing)
|l|☆conta top 2
|player|p2|
|l|☆Clutchup987
|player|p1|
