|j|☆soboredawq
|j|☆spotifytweaks
|t:|1760854768
|gametype|singles
|player|p1|soboredawq|wallace|1384
|player|p2|spotifytweaks|101|1424
|gen|9
|tier|[Gen 9] OU
|rated|
|rule|HP Percentage Mod: HP is shown in percentages
|rule|Endless Battle Clause: Forcing endless battles is banned
|rule|Species Clause: Limit one of each Pokémon
|rule|OHKO Clause: OHKO moves are banned
|rule|Evasion Items Clause: Evasion items are banned
|rule|Evasion Moves Clause: Evasion moves are banned
|rule|Evasion Abilities Clause: Evasion abilities are banned
|rule|Sleep Moves Clause: Sleep-inducing moves are banned
|clearpoke
|poke|p1|Ribombee, M|
|poke|p1|Gholdengo|
|poke|p1|Great Tusk|
|poke|p1|Raging Bolt|
|poke|p1|Ogerpon-Cornerstone, F|
|poke|p1|Ceruledge, F|
|poke|p2|Great Tusk|
|poke|p2|Heatran, M|
|poke|p2|Weavile, M|
|poke|p2|Primarina, M|
|poke|p2|Ogerpon, F|
|poke|p2|Pecharunt|
|teampreview
|inactive|Battle timer is ON: inactive players will automatically lose when time's up. (requested by spotifytweaks)
|
|t:|1760854772
|teamsize|p1|6
|teamsize|p2|6
|start
|switch|p1a: NEW DROP|Ribombee, M, shiny|100/100
|switch|p2a: Overseer|Pecharunt|100/100
|turn|1
|
|t:|1760854774
|move|p1a: NEW DROP|Sticky Web|p2a: Overseer
|-sidestart|p2: spotifytweaks|move: Sticky Web
|move|p2a: Overseer|Malignant Chain|p1a: NEW DROP
|-supereffective|p1a: NEW DROP
|-enditem|p1a: NEW DROP|Focus Sash
|-damage|p1a: NEW DROP|1/100
|
|upkeep
|turn|2
|
|t:|1760854783
|move|p1a: NEW DROP|Psychic Noise|p2a: Overseer
|-supereffective|p2a: Overseer
|-damage|p2a: Overseer|62/100
|-start|p2a: Overseer|move: Heal Block
|move|p2a: Overseer|Shadow Ball|p1a: NEW DROP
|-damage|p1a: NEW DROP|0 fnt
|faint|p1a: NEW DROP
|
|upkeep
|
|t:|1760854788
|switch|p1a: BANDIT|Great Tusk, shiny|100/100
|-enditem|p1a: BANDIT|Booster Energy
|-activate|p1a: BANDIT|ability: Protosynthesis|[fromitem]
|-start|p1a: BANDIT|protosynthesisatk
|turn|3
|
|t:|1760854796
|switch|p2a: Chaos|Heatran, M, shiny|100/100
|-item|p2a: Chaos|Air Balloon
|move|p1a: BANDIT|Headlong Rush|p2a: Chaos
|-immune|p2a: Chaos
|
|upkeep
|turn|4
|
|t:|1760854801
|move|p1a: BANDIT|Close Combat|p2a: Chaos
|-supereffective|p2a: Chaos
|-damage|p2a: Chaos|0 fnt
|-unboost|p1a: BANDIT|def|1
|-unboost|p1a: BANDIT|spd|1
|-enditem|p2a: Chaos|Air Balloon
|faint|p2a: Chaos
|
|upkeep
|
|t:|1760854804
|switch|p2a: Overseer|Pecharunt|62/100
|-activate|p2a: Overseer|move: Sticky Web
|-unboost|p2a: Overseer|spe|1
|turn|5
|
|t:|1760854807
|-terastallize|p2a: Overseer|Ghost
|move|p1a: BANDIT|Headlong Rush|p2a: Overseer
|-damage|p2a: Overseer|25/100
|-unboost|p1a: BANDIT|def|1
|-unboost|p1a: BANDIT|spd|1
|-damage|p1a: BANDIT|84/100|[from] item: Rocky Helmet|[of] p2a: Overseer
|move|p2a: Overseer|Recover|p2a: Overseer
|-heal|p2a: Overseer|75/100
|
|upkeep
|turn|6
|
|t:|1760854815
|-end|p1a: BANDIT|Protosynthesis|[silent]
|switch|p1a: KRYPTONITE|Gholdengo, shiny|100/100
|-item|p1a: KRYPTONITE|Air Balloon
|move|p2a: Overseer|Malignant Chain|p1a: KRYPTONITE
|-immune|p1a: KRYPTONITE
|
|upkeep
|turn|7
|
|t:|1760854818
|move|p1a: KRYPTONITE|Shadow Ball|p2a: Overseer
|-supereffective|p2a: Overseer
|-damage|p2a: Overseer|0 fnt
|faint|p2a: Overseer
|
|upkeep
|
|t:|1760854822
|switch|p2a: Bandit|Weavile, M, shiny|100/100
|-activate|p2a: Bandit|move: Sticky Web
|-unboost|p2a: Bandit|spe|1
|-ability|p2a: Bandit|Pressure
|turn|8
|
|t:|1760854828
|move|p2a: Bandit|Knock Off|p1a: KRYPTONITE
|-supereffective|p1a: KRYPTONITE
|-damage|p1a: KRYPTONITE|0 fnt
|-enditem|p1a: KRYPTONITE|Air Balloon
|faint|p1a: KRYPTONITE
|
|upkeep
|
|t:|1760854840
|switch|p1a: BROTHER STONE|Ogerpon-Cornerstone, F|100/100
|turn|9
|
|t:|1760854844
|move|p1a: BROTHER STONE|Ivy Cudgel|p2a: Bandit|[anim] Ivy Cudgel Rock
|-supereffective|p2a: Bandit
|-damage|p2a: Bandit|0 fnt
|faint|p2a: Bandit
|
|upkeep
|j| aspiii
|
|t:|1760854855
|switch|p2a: Behemoth|Great Tusk, shiny|100/100
|turn|10
|c| aspiii|imagine losing spot
|
|t:|1760854857
|move|p1a: BROTHER STONE|Power Whip|p2a: Behemoth
|-supereffective|p2a: Behemoth
|-damage|p2a: Behemoth|0 fnt
|faint|p2a: Behemoth
|-end|p2a: Behemoth|Protosynthesis|[silent]
|
|upkeep
|
|t:|1760854860
|switch|p2a: Anonymous|Ogerpon, F|100/100
|-activate|p2a: Anonymous|move: Sticky Web
|-unboost|p2a: Anonymous|spe|1
|-ability|p2a: Anonymous|Defiant|boost
|-boost|p2a: Anonymous|atk|2
|turn|11
|
|t:|1760854874
|switch|p1a: BANDIT|Great Tusk, shiny|84/100
|move|p2a: Anonymous|Ivy Cudgel|p1a: BANDIT
|-supereffective|p1a: BANDIT
|-damage|p1a: BANDIT|0 fnt
|faint|p1a: BANDIT
|-end|p1a: BANDIT|Protosynthesis|[silent]
|
|upkeep
|
|t:|1760854879
|switch|p1a: TORE UP|Ceruledge, F, shiny|100/100
|turn|12
|
|t:|1760854883
|move|p1a: TORE UP|Swords Dance|p1a: TORE UP
|-boost|p1a: TORE UP|atk|2
|move|p2a: Anonymous|Ivy Cudgel|p1a: TORE UP
|-resisted|p1a: TORE UP
|-damage|p1a: TORE UP|3/100
|-ability|p1a: TORE UP|Weak Armor|boost
|-unboost|p1a: TORE UP|def|1
|-boost|p1a: TORE UP|spe|2
|
|upkeep
|turn|13
|
|t:|1760854886
|move|p1a: TORE UP|Bitter Blade|p2a: Anonymous
|-supereffective|p2a: Anonymous
|-damage|p2a: Anonymous|0 fnt
|-heal|p1a: TORE UP|54/100|[from] drain|[of] p2a: Anonymous
|faint|p2a: Anonymous
|
|upkeep
|
|t:|1760854889
|switch|p2a: Celestine|Primarina, M, shiny|100/100
|-activate|p2a: Celestine|move: Sticky Web
|-unboost|p2a: Celestine|spe|1
|turn|14
|
|t:|1760854891
|move|p1a: TORE UP|Shadow Sneak|p2a: Celestine
|-crit|p2a: Celestine
|-damage|p2a: Celestine|26/100
|move|p2a: Celestine|Whirlpool|p1a: TORE UP
|-supereffective|p1a: TORE UP
|-damage|p1a: TORE UP|7/100
|-activate|p1a: TORE UP|move: Whirlpool|[of] p2a: Celestine
|
|-damage|p1a: TORE UP|0 fnt|[from] move: Whirlpool|[partiallytrapped]
|faint|p1a: TORE UP
|upkeep
|
|t:|1760854894
|switch|p1a: BROTHER STONE|Ogerpon-Cornerstone, F|100/100
|turn|15
|
|t:|1760854898
|move|p1a: BROTHER STONE|Ivy Cudgel|p2a: Celestine|[anim] Ivy Cudgel Rock
|-damage|p2a: Celestine|0 fnt
|faint|p2a: Celestine
|
|win|soboredawq
|raw|soboredawq's rating: 1384 &rarr; <strong>1406</strong><br />(+22 for winning)
|raw|spotifytweaks's rating: 1424 &rarr; <strong>1402</strong><br />(-22 for losing)
|l|☆soboredawq
|player|p1|
|l|☆spotifytweaks
|player|p2|
|l| aspiii
