|j|☆jackpier
|j|☆susumu808
|t:|1760770488
|gametype|singles
|player|p1|jackpier|102|1179
|player|p2|susumu808|1|1230
|gen|9
|tier|[Gen 9] OU
|rated|
|rule|HP Percentage Mod: HP is shown in percentages
|rule|Endless Battle Clause: Forcing endless battles is banned
|rule|Species Clause: Limit one of each Pokémon
|rule|OHKO Clause: OHKO moves are banned
|rule|Evasion Items Clause: Evasion items are banned
|rule|Evasion Moves Clause: Evasion moves are banned
|rule|Evasion Abilities Clause: Evasion abilities are banned
|rule|Sleep Moves Clause: Sleep-inducing moves are banned
|clearpoke
|poke|p1|Smeargle, F|
|poke|p1|Uxie|
|poke|p1|Gliscor, M|
|poke|p1|Gyarados, M|
|poke|p1|Polteageist|
|poke|p1|Venomoth, M|
|poke|p2|Staraptor, M|
|poke|p2|Darkrai|
|poke|p2|Dragonite, M|
|poke|p2|Latios, M|
|poke|p2|Kommo-o, M|
|poke|p2|Blaziken, M|
|teampreview
|inactive|Battle timer is ON: inactive players will automatically lose when time's up. (requested by jackpier)
|
|t:|1760770511
|teamsize|p1|6
|teamsize|p2|6
|start
|switch|p1a: Smeargle|Smeargle, F|100/100
|switch|p2a: Darkrai|Darkrai, shiny|100/100
|turn|1
|
|t:|1760770518
|move|p2a: Darkrai|Will-O-Wisp|p1a: Smeargle
|-status|p1a: Smeargle|brn
|move|p1a: Smeargle|Nuzzle|p2a: Darkrai
|-damage|p2a: Darkrai|99/100
|-status|p2a: Darkrai|par
|
|-damage|p1a: Smeargle|94/100 brn|[from] brn
|upkeep
|turn|2
|
|t:|1760770527
|move|p2a: Darkrai|Dark Pulse|p1a: Smeargle
|-damage|p1a: Smeargle|26/100 brn
|move|p1a: Smeargle|Parting Shot|p2a: Darkrai
|-unboost|p2a: Darkrai|atk|1
|-unboost|p2a: Darkrai|spa|1
|
|t:|1760770535
|switch|p1a: Venomoth|Venomoth, M|100/100|[from] Parting Shot
|
|upkeep
|turn|3
|
|t:|1760770540
|move|p1a: Venomoth|Quiver Dance|p1a: Venomoth
|-boost|p1a: Venomoth|spa|1
|-boost|p1a: Venomoth|spd|1
|-boost|p1a: Venomoth|spe|1
|move|p2a: Darkrai|Will-O-Wisp|p1a: Venomoth|[miss]
|-miss|p2a: Darkrai|p1a: Venomoth
|
|upkeep
|turn|4
|
|t:|1760770547
|move|p1a: Venomoth|Quiver Dance|p1a: Venomoth
|-boost|p1a: Venomoth|spa|1
|-boost|p1a: Venomoth|spd|1
|-boost|p1a: Venomoth|spe|1
|move|p2a: Darkrai|Will-O-Wisp|p1a: Venomoth
|-status|p1a: Venomoth|brn
|
|-damage|p1a: Venomoth|94/100 brn|[from] brn
|upkeep
|turn|5
|
|t:|1760770555
|move|p1a: Venomoth|Quiver Dance|p1a: Venomoth
|-boost|p1a: Venomoth|spa|1
|-boost|p1a: Venomoth|spd|1
|-boost|p1a: Venomoth|spe|1
|move|p2a: Darkrai|Dark Pulse|p1a: Venomoth
|-damage|p1a: Venomoth|79/100 brn
|
|-damage|p1a: Venomoth|73/100 brn|[from] brn
|upkeep
|turn|6
|
|t:|1760770563
|move|p1a: Venomoth|Quiver Dance|p1a: Venomoth
|-boost|p1a: Venomoth|spa|1
|-boost|p1a: Venomoth|spd|1
|-boost|p1a: Venomoth|spe|1
|cant|p2a: Darkrai|par
|
|-damage|p1a: Venomoth|67/100 brn|[from] brn
|upkeep
|turn|7
|
|t:|1760770570
|move|p1a: Venomoth|Giga Drain|p2a: Darkrai
|-crit|p2a: Darkrai
|-damage|p2a: Darkrai|0 fnt
|-heal|p1a: Venomoth|100/100 brn|[from] drain|[of] p2a: Darkrai
|faint|p2a: Darkrai
|
|-damage|p1a: Venomoth|94/100 brn|[from] brn
|upkeep
|
|t:|1760770576
|switch|p2a: Dragonite|Dragonite, M, shiny|100/100
|turn|8
|
|t:|1760770581
|-terastallize|p2a: Dragonite|Normal
|move|p2a: Dragonite|Extreme Speed|p1a: Venomoth
|-damage|p1a: Venomoth|8/100 brn
|move|p1a: Venomoth|Bug Buzz|p2a: Dragonite
|-damage|p2a: Dragonite|47/100
|
|-damage|p1a: Venomoth|2/100 brn|[from] brn
|upkeep
|turn|9
|
|t:|1760770591
|move|p2a: Dragonite|Extreme Speed|p1a: Venomoth
|-damage|p1a: Venomoth|0 fnt
|faint|p1a: Venomoth
|
|upkeep
|
|t:|1760770596
|switch|p1a: Polteageist|Polteageist|100/100
|turn|10
|
|t:|1760770599
|move|p1a: Polteageist|Shell Smash|p1a: Polteageist
|-unboost|p1a: Polteageist|def|1
|-unboost|p1a: Polteageist|spd|1
|-boost|p1a: Polteageist|atk|2
|-boost|p1a: Polteageist|spa|2
|-boost|p1a: Polteageist|spe|2
|-enditem|p1a: Polteageist|White Herb
|-clearnegativeboost|p1a: Polteageist|[silent]
|move|p2a: Dragonite|Dragon Claw|p1a: Polteageist
|-damage|p1a: Polteageist|15/100
|-ability|p1a: Polteageist|Weak Armor|boost
|-unboost|p1a: Polteageist|def|1
|-boost|p1a: Polteageist|spe|2
|
|upkeep
|turn|11
|
|t:|1760770615
|move|p1a: Polteageist|Psyshock|p2a: Dragonite
|-damage|p2a: Dragonite|0 fnt
|faint|p2a: Dragonite
|
|upkeep
|
|t:|1760770622
|switch|p2a: Kommo-o|Kommo-o, M, shiny|100/100
|turn|12
|
|t:|1760770628
|move|p1a: Polteageist|Strength Sap|p2a: Kommo-o
|-unboost|p2a: Kommo-o|atk|1
|-heal|p1a: Polteageist|100/100
|move|p2a: Kommo-o|Earthquake|p1a: Polteageist
|-damage|p1a: Polteageist|43/100
|-ability|p1a: Polteageist|Weak Armor|boost
|-unboost|p1a: Polteageist|def|1
|-boost|p1a: Polteageist|spe|2
|
|upkeep
|turn|13
|
|t:|1760770640
|move|p1a: Polteageist|Shadow Ball|p2a: Kommo-o
|-damage|p2a: Kommo-o|18/100
|-enditem|p2a: Kommo-o|Aguav Berry|[eat]
|-heal|p2a: Kommo-o|51/100|[from] item: Aguav Berry
|move|p2a: Kommo-o|Clangorous Soul|p2a: Kommo-o
|-boost|p2a: Kommo-o|atk|1
|-boost|p2a: Kommo-o|def|1
|-boost|p2a: Kommo-o|spa|1
|-boost|p2a: Kommo-o|spd|1
|-boost|p2a: Kommo-o|spe|1
|-damage|p2a: Kommo-o|18/100
|
|upkeep
|turn|14
|
|t:|1760770654
|move|p1a: Polteageist|Shadow Ball|p2a: Kommo-o
|-damage|p2a: Kommo-o|0 fnt
|faint|p2a: Kommo-o
|
|upkeep
|
|t:|1760770659
|switch|p2a: Latios|Latios, M, shiny|100/100
|turn|15
|
|t:|1760770661
|move|p1a: Polteageist|Shadow Ball|p2a: Latios
|-supereffective|p2a: Latios
|-damage|p2a: Latios|0 fnt
|faint|p2a: Latios
|
|upkeep
|
|t:|1760770663
|switch|p2a: Staraptor|Staraptor, M, shiny|100/100
|turn|16
|
|t:|1760770669
|move|p1a: Polteageist|Psyshock|p2a: Staraptor
|-damage|p2a: Staraptor|12/100
|move|p2a: Staraptor|Brave Bird|p1a: Polteageist
|-damage|p1a: Polteageist|0 fnt
|faint|p1a: Polteageist
|-damage|p2a: Staraptor|0 fnt|[from] Recoil
|faint|p2a: Staraptor
|
|upkeep
|
|t:|1760770679
|switch|p2a: Blaziken|Blaziken, M, shiny|100/100
|switch|p1a: Smeargle|Smeargle, F|26/100 brn
|turn|17
|-activate|p1a: Smeargle|item: Quick Claw
|
|t:|1760770684
|move|p1a: Smeargle|Nuzzle|p2a: Blaziken
|-damage|p2a: Blaziken|99/100
|-status|p2a: Blaziken|par
|cant|p2a: Blaziken|par
|
|-damage|p1a: Smeargle|20/100 brn|[from] brn
|-ability|p2a: Blaziken|Speed Boost|boost
|-boost|p2a: Blaziken|spe|1
|upkeep
|turn|18
|
|t:|1760770694
|cant|p2a: Blaziken|par
|move|p1a: Smeargle|Leech Seed|p2a: Blaziken
|-start|p2a: Blaziken|move: Leech Seed
|
|-damage|p2a: Blaziken|87/100 par|[from] Leech Seed|[of] p1a: Smeargle
|-heal|p1a: Smeargle|31/100 brn|[silent]
|-damage|p1a: Smeargle|25/100 brn|[from] brn
|-ability|p2a: Blaziken|Speed Boost|boost
|-boost|p2a: Blaziken|spe|1
|upkeep
|turn|19
|
|t:|1760770702
|move|p2a: Blaziken|Focus Energy|p2a: Blaziken
|-start|p2a: Blaziken|move: Focus Energy
|move|p1a: Smeargle|Parting Shot|p2a: Blaziken
|-unboost|p2a: Blaziken|atk|1
|-unboost|p2a: Blaziken|spa|1
|
|t:|1760770711
|switch|p1a: Uxie|Uxie|100/100|[from] Parting Shot
|
|-damage|p2a: Blaziken|75/100 par|[from] Leech Seed|[of] p1a: Uxie
|-ability|p2a: Blaziken|Speed Boost|boost
|-boost|p2a: Blaziken|spe|1
|upkeep
|turn|20
|
|t:|1760770718
|move|p2a: Blaziken|Blaze Kick|p1a: Uxie
|-crit|p1a: Uxie
|-damage|p1a: Uxie|54/100
|move|p1a: Uxie|Reflect|p1a: Uxie
|-sidestart|p1: jackpier|Reflect
|
|-damage|p2a: Blaziken|62/100 par|[from] Leech Seed|[of] p1a: Uxie
|-heal|p1a: Uxie|65/100|[silent]
|-ability|p2a: Blaziken|Speed Boost|boost
|-boost|p2a: Blaziken|spe|1
|upkeep
|turn|21
|
|t:|1760770726
|move|p2a: Blaziken|Blaze Kick|p1a: Uxie|[miss]
|-miss|p2a: Blaziken|p1a: Uxie
|move|p1a: Uxie|Memento|p2a: Blaziken
|-unboost|p2a: Blaziken|atk|2
|-unboost|p2a: Blaziken|spa|2
|faint|p1a: Uxie
|
|-ability|p2a: Blaziken|Speed Boost|boost
|-boost|p2a: Blaziken|spe|1
|upkeep
|
|t:|1760770736
|switch|p1a: Smeargle|Smeargle, F|25/100 brn
|turn|22
|
|t:|1760770743
|cant|p2a: Blaziken|par
|move|p1a: Smeargle|Parting Shot|p2a: Blaziken
|-unboost|p2a: Blaziken|atk|1
|-unboost|p2a: Blaziken|spa|1
|
|t:|1760770748
|switch|p1a: Gliscor|Gliscor, M|100/100|[from] Parting Shot
|
|-damage|p2a: Blaziken|50/100 par|[from] Leech Seed|[of] p1a: Gliscor
|-ability|p2a: Blaziken|Speed Boost|boost
|-boost|p2a: Blaziken|spe|1
|-status|p1a: Gliscor|tox|[from] item: Toxic Orb
|upkeep
|turn|23
|
|t:|1760770756
|move|p2a: Blaziken|Blaze Kick|p1a: Gliscor
|-crit|p1a: Gliscor
|-damage|p1a: Gliscor|31/100 tox
|move|p1a: Gliscor|Substitute|p1a: Gliscor
|-start|p1a: Gliscor|Substitute
|-damage|p1a: Gliscor|6/100 tox
|
|-damage|p2a: Blaziken|38/100 par|[from] Leech Seed|[of] p1a: Gliscor
|-heal|p1a: Gliscor|19/100 tox|[silent]
|-heal|p1a: Gliscor|31/100 tox|[from] ability: Poison Heal
|upkeep
|turn|24
|
|t:|1760770767
|move|p2a: Blaziken|Blaze Kick|p1a: Gliscor
|-crit|p1a: Gliscor
|-end|p1a: Gliscor|Substitute
|move|p1a: Gliscor|Earthquake|p2a: Blaziken
|-supereffective|p2a: Blaziken
|-damage|p2a: Blaziken|0 fnt
|faint|p2a: Blaziken
|
|win|jackpier
|raw|jackpier's rating: 1179 &rarr; <strong>1208</strong><br />(+29 for winning)
|raw|susumu808's rating: 1230 &rarr; <strong>1201</strong><br />(-29 for losing)
|l|☆susumu808
|player|p2|
