|j|☆Pixeled One
|j|☆ndoi
|t:|1760833116
|gametype|singles
|player|p1|Pixeled One|flint|1154
|player|p2|ndoi|170|1130
|gen|9
|tier|[Gen 9] OU
|rated|
|rule|HP Percentage Mod: HP is shown in percentages
|rule|Endless Battle Clause: Forcing endless battles is banned
|rule|Species Clause: Limit one of each Pokémon
|rule|OHKO Clause: OHKO moves are banned
|rule|Evasion Items Clause: Evasion items are banned
|rule|Evasion Moves Clause: Evasion moves are banned
|rule|Evasion Abilities Clause: Evasion abilities are banned
|rule|Sleep Moves Clause: Sleep-inducing moves are banned
|clearpoke
|poke|p1|Tyranitar, M|
|poke|p1|Hatterene, F|
|poke|p1|Excadrill, M|
|poke|p1|Garchomp, M|
|poke|p1|Ceruledge, M|
|poke|p1|Slowking, M|
|poke|p2|Dragapult, F|
|poke|p2|Ogerpon-Wellspring, F|
|poke|p2|Zamazenta-*|
|poke|p2|Iron Treads|
|poke|p2|Gholdengo|
|poke|p2|Raging Bolt|
|teampreview
|
|t:|1760833122
|teamsize|p1|6
|teamsize|p2|6
|start
|switch|p1a: Draco|Tyranitar, M, shiny|100/100
|switch|p2a: Gholdengo|Gholdengo|100/100
|-item|p2a: Gholdengo|Air Balloon
|-weather|Sandstorm|[from] ability: Sand Stream|[of] p1a: Draco
|turn|1
|
|t:|1760833132
|switch|p1a: Hobbit|Hatterene, F, shiny|100/100
|-terastallize|p2a: Gholdengo|Fairy
|move|p2a: Gholdengo|Nasty Plot|p2a: Gholdengo
|-boost|p2a: Gholdengo|spa|2
|
|-weather|Sandstorm|[upkeep]
|-damage|p2a: Gholdengo|94/100|[from] Sandstorm
|-damage|p1a: Hobbit|95/100|[from] Sandstorm
|upkeep
|turn|2
|
|t:|1760833147
|move|p2a: Gholdengo|Shadow Ball|p1a: Hobbit
|-supereffective|p1a: Hobbit
|-damage|p1a: Hobbit|0 fnt
|faint|p1a: Hobbit
|
|-weather|Sandstorm|[upkeep]
|-damage|p2a: Gholdengo|88/100|[from] Sandstorm
|upkeep
|
|t:|1760833157
|switch|p1a: Blade|Excadrill, M, shiny|100/100
|turn|3
|
|t:|1760833164
|move|p1a: Blade|Iron Head|p2a: Gholdengo
|-supereffective|p2a: Gholdengo
|-damage|p2a: Gholdengo|0 fnt
|-enditem|p2a: Gholdengo|Air Balloon
|faint|p2a: Gholdengo
|
|-weather|Sandstorm|[upkeep]
|upkeep
|
|t:|1760833168
|switch|p2a: Zamazenta|Zamazenta|100/100
|-ability|p2a: Zamazenta|Dauntless Shield|boost
|-boost|p2a: Zamazenta|def|1
|turn|4
|
|t:|1760833185
|switch|p1a: Knight|Ceruledge, M, shiny|100/100
|move|p2a: Zamazenta|Crunch|p1a: Knight
|-supereffective|p1a: Knight
|-damage|p1a: Knight|10/100
|-ability|p1a: Knight|Weak Armor|boost
|-unboost|p1a: Knight|def|1
|-boost|p1a: Knight|spe|2
|
|-weather|Sandstorm|[upkeep]
|-damage|p1a: Knight|4/100|[from] Sandstorm
|-damage|p2a: Zamazenta|94/100|[from] Sandstorm
|upkeep
|turn|5
|
|t:|1760833202
|move|p1a: Knight|Bitter Blade|p2a: Zamazenta
|-damage|p2a: Zamazenta|65/100
|-heal|p1a: Knight|20/100|[from] drain|[of] p2a: Zamazenta
|move|p2a: Zamazenta|Ice Fang|p1a: Knight
|-resisted|p1a: Knight
|-damage|p1a: Knight|0 fnt
|faint|p1a: Knight
|
|-weather|Sandstorm|[upkeep]
|-damage|p2a: Zamazenta|59/100|[from] Sandstorm
|upkeep
|
|t:|1760833234
|switch|p1a: Blade|Excadrill, M, shiny|100/100
|turn|6
|
|t:|1760833246
|move|p1a: Blade|Earthquake|p2a: Zamazenta
|-damage|p2a: Zamazenta|1/100
|move|p2a: Zamazenta|Close Combat|p1a: Blade
|-supereffective|p1a: Blade
|-damage|p1a: Blade|0 fnt
|-unboost|p2a: Zamazenta|def|1
|-unboost|p2a: Zamazenta|spd|1
|faint|p1a: Blade
|
|-weather|Sandstorm|[upkeep]
|-damage|p2a: Zamazenta|0 fnt|[from] Sandstorm
|faint|p2a: Zamazenta
|upkeep
|
|t:|1760833260
|switch|p2a: Dragapult|Dragapult, F|100/100
|switch|p1a: Fang|Garchomp, M, shiny|100/100
|turn|7
|
|t:|1760833269
|-terastallize|p1a: Fang|Fairy
|move|p1a: Fang|Outrage|p2a: Dragapult
|-supereffective|p2a: Dragapult
|-damage|p2a: Dragapult|0 fnt
|faint|p2a: Dragapult
|
|-weather|Sandstorm|[upkeep]
|-damage|p1a: Fang|94/100|[from] Sandstorm
|upkeep
|inactive|Battle timer is ON: inactive players will automatically lose when time's up. (requested by Pixeled One)
|
|t:|1760833281
|switch|p2a: Raging Bolt|Raging Bolt|100/100
|-enditem|p2a: Raging Bolt|Booster Energy
|-activate|p2a: Raging Bolt|ability: Protosynthesis|[fromitem]
|-start|p2a: Raging Bolt|protosynthesisspa
|turn|8
|
|t:|1760833286
|move|p1a: Fang|Outrage|p2a: Raging Bolt|[from] lockedmove
|-supereffective|p2a: Raging Bolt
|-damage|p2a: Raging Bolt|0 fnt
|faint|p2a: Raging Bolt
|-end|p2a: Raging Bolt|Protosynthesis|[silent]
|
|-weather|none
|upkeep
|
|t:|1760833290
|switch|p2a: Ogerpon|Ogerpon-Wellspring, F|100/100
|turn|9
|
|t:|1760833296
|move|p1a: Fang|Outrage|p2a: Ogerpon|[from] lockedmove
|-damage|p2a: Ogerpon|34/100
|-start|p1a: Fang|confusion|[fatigue]
|move|p2a: Ogerpon|Ivy Cudgel|p1a: Fang|[anim] Ivy Cudgel Water
|-damage|p1a: Fang|44/100
|
|upkeep
|turn|10
|
|t:|1760833312
|switch|p1a: King|Slowking, M, shiny|100/100
|move|p2a: Ogerpon|Synthesis|p2a: Ogerpon
|-heal|p2a: Ogerpon|84/100
|
|upkeep
|turn|11
|inactive|ndoi has 120 seconds left.
|
|t:|1760833353
|move|p2a: Ogerpon|Trailblaze|p1a: King
|-supereffective|p1a: King
|-damage|p1a: King|43/100
|-boost|p2a: Ogerpon|spe|1
|move|p1a: King|Future Sight|p2a: Ogerpon
|-start|p1a: King|move: Future Sight
|
|-heal|p1a: King|49/100|[from] item: Leftovers
|upkeep
|turn|12
|
|t:|1760833364
|move|p1a: King|Protect|p1a: King
|-singleturn|p1a: King|Protect
|move|p2a: Ogerpon|Trailblaze|p1a: King
|-activate|p1a: King|move: Protect
|
|-heal|p1a: King|55/100|[from] item: Leftovers
|upkeep
|turn|13
|inactive|Pixeled One has 120 seconds left.
|
|t:|1760833405
|move|p2a: Ogerpon|Synthesis|p2a: Ogerpon
|-heal|p2a: Ogerpon|100/100
|move|p1a: King|Slack Off|p1a: King
|-heal|p1a: King|100/100
|
|-end|p2a: Ogerpon|move: Future Sight
|-crit|p2a: Ogerpon
|-damage|p2a: Ogerpon|37/100
|upkeep
|turn|14
|inactive|ndoi has 120 seconds left.
|
|t:|1760833449
|move|p2a: Ogerpon|Trailblaze|p1a: King
|-supereffective|p1a: King
|-damage|p1a: King|47/100
|-boost|p2a: Ogerpon|spe|1
|move|p1a: King|Future Sight|p2a: Ogerpon
|-start|p1a: King|move: Future Sight
|
|-heal|p1a: King|53/100|[from] item: Leftovers
|upkeep
|turn|15
|
|t:|1760833459
|move|p1a: King|Protect|p1a: King
|-singleturn|p1a: King|Protect
|move|p2a: Ogerpon|Swords Dance|p2a: Ogerpon
|-boost|p2a: Ogerpon|atk|2
|
|-heal|p1a: King|59/100|[from] item: Leftovers
|upkeep
|turn|16
|
|t:|1760833470
|switch|p1a: Fang|Garchomp, M, shiny, tera:Fairy|44/100
|move|p2a: Ogerpon|Synthesis|p2a: Ogerpon
|-heal|p2a: Ogerpon|86/100
|
|-end|p2a: Ogerpon|move: Future Sight
|-damage|p2a: Ogerpon|45/100
|upkeep
|turn|17
|
|t:|1760833488
|move|p2a: Ogerpon|Ivy Cudgel|p1a: Fang|[anim] Ivy Cudgel Water
|-damage|p1a: Fang|0 fnt
|faint|p1a: Fang
|
|upkeep
|
|t:|1760833493
|switch|p1a: Draco|Tyranitar, M, shiny|100/100
|-weather|Sandstorm|[from] ability: Sand Stream|[of] p1a: Draco
|turn|18
|
|t:|1760833499
|move|p2a: Ogerpon|Ivy Cudgel|p1a: Draco|[anim] Ivy Cudgel Water
|-supereffective|p1a: Draco
|-damage|p1a: Draco|0 fnt
|faint|p1a: Draco
|
|-weather|Sandstorm|[upkeep]
|-damage|p2a: Ogerpon|39/100|[from] Sandstorm
|upkeep
|
|t:|1760833506
|switch|p1a: King|Slowking, M, shiny|93/100
|turn|19
|
|t:|1760833512
|move|p2a: Ogerpon|Synthesis|p2a: Ogerpon
|-heal|p2a: Ogerpon|64/100
|move|p1a: King|Future Sight|p2a: Ogerpon
|-start|p1a: King|move: Future Sight
|
|-weather|Sandstorm|[upkeep]
|-damage|p2a: Ogerpon|58/100|[from] Sandstorm
|-damage|p1a: King|87/100|[from] Sandstorm
|-heal|p1a: King|93/100|[from] item: Leftovers
|upkeep
|turn|20
|inactive|Pixeled One has 120 seconds left.
|
|t:|1760833533
|move|p2a: Ogerpon|Swords Dance|p2a: Ogerpon
|-boost|p2a: Ogerpon|atk|2
|move|p1a: King|Slack Off|p1a: King
|-heal|p1a: King|100/100
|
|-weather|Sandstorm|[upkeep]
|-damage|p2a: Ogerpon|51/100|[from] Sandstorm
|-damage|p1a: King|94/100|[from] Sandstorm
|-heal|p1a: King|100/100|[from] item: Leftovers
|upkeep
|turn|21
|
|t:|1760833545
|move|p1a: King|Protect|p1a: King
|-singleturn|p1a: King|Protect
|move|p2a: Ogerpon|Synthesis|p2a: Ogerpon
|-heal|p2a: Ogerpon|76/100
|
|-weather|Sandstorm|[upkeep]
|-damage|p2a: Ogerpon|70/100|[from] Sandstorm
|-damage|p1a: King|94/100|[from] Sandstorm
|-end|p2a: Ogerpon|move: Future Sight
|-damage|p2a: Ogerpon|30/100
|-heal|p1a: King|100/100|[from] item: Leftovers
|upkeep
|turn|22
|
|t:|1760833556
|move|p2a: Ogerpon|Trailblaze|p1a: King
|-supereffective|p1a: King
|-damage|p1a: King|0 fnt
|-boost|p2a: Ogerpon|spe|1
|faint|p1a: King
|
|win|ndoi
|raw|Pixeled One's rating: 1154 &rarr; <strong>1127</strong><br />(-27 for losing)
|raw|ndoi's rating: 1130 &rarr; <strong>1157</strong><br />(+27 for winning)
|l|☆Pixeled One
|player|p1|
|c|☆ndoi|checkmate
