|j|☆guydedd
|j|☆v1396449132
|t:|1760847030
|gametype|singles
|player|p1|guydedd|battlegirl|1120
|player|p2|v1396449132|266|1105
|gen|9
|tier|[Gen 9] OU
|rated|
|rule|HP Percentage Mod: HP is shown in percentages
|rule|Endless Battle Clause: Forcing endless battles is banned
|rule|Species Clause: Limit one of each Pokémon
|rule|OHKO Clause: OHKO moves are banned
|rule|Evasion Items Clause: Evasion items are banned
|rule|Evasion Moves Clause: Evasion moves are banned
|rule|Evasion Abilities Clause: Evasion abilities are banned
|rule|Sleep Moves Clause: Sleep-inducing moves are banned
|clearpoke
|poke|p1|Galvantula, F|
|poke|p1|Grimmsnarl, M|
|poke|p1|Weavile, M|
|poke|p1|Latias, F|
|poke|p1|Suicune|
|poke|p1|Glimmora, M|
|poke|p2|Jirachi|
|poke|p2|Gliscor, M|
|poke|p2|Empoleon, M|
|poke|p2|Serperior, M|
|poke|p2|Excadrill, M|
|poke|p2|Incineroar, M|
|teampreview
|
|t:|1760847038
|teamsize|p1|6
|teamsize|p2|6
|start
|switch|p1a: Grimmsnarl|Grimmsnarl, M|100/100
|switch|p2a: Excadrill|Excadrill, M|100/100
|turn|1
|
|t:|1760847046
|move|p1a: Grimmsnarl|Reflect|p1a: Grimmsnarl
|-sidestart|p1: guydedd|Reflect
|move|p2a: Excadrill|Stealth Rock|p1a: Grimmsnarl
|-sidestart|p1: guydedd|move: Stealth Rock
|
|upkeep
|turn|2
|
|t:|1760847052
|move|p1a: Grimmsnarl|Light Screen|p1a: Grimmsnarl
|-sidestart|p1: guydedd|move: Light Screen
|move|p2a: Excadrill|Iron Head|p1a: Grimmsnarl
|-supereffective|p1a: Grimmsnarl
|-damage|p1a: Grimmsnarl|32/100
|-damage|p2a: Excadrill|91/100|[from] item: Life Orb
|
|upkeep
|turn|3
|
|t:|1760847058
|move|p1a: Grimmsnarl|Parting Shot|p2a: Excadrill
|-unboost|p2a: Excadrill|atk|1
|-unboost|p2a: Excadrill|spa|1
|
|t:|1760847065
|switch|p1a: Glimmora|Glimmora, M, shiny|100/100|[from] Parting Shot
|-damage|p1a: Glimmora|88/100|[from] Stealth Rock
|move|p2a: Excadrill|Iron Head|p1a: Glimmora
|-supereffective|p1a: Glimmora
|-damage|p1a: Glimmora|43/100
|-activate|p1a: Glimmora|ability: Toxic Debris
|-sidestart|p2: v1396449132|move: Toxic Spikes
|-damage|p2a: Excadrill|81/100|[from] item: Life Orb
|
|upkeep
|turn|4
|
|t:|1760847089
|-terastallize|p1a: Glimmora|Ghost
|move|p2a: Excadrill|Rapid Spin|p1a: Glimmora
|-immune|p1a: Glimmora
|move|p1a: Glimmora|Meteor Beam||[still]
|-prepare|p1a: Glimmora|Meteor Beam
|-boost|p1a: Glimmora|spa|1
|-enditem|p1a: Glimmora|Power Herb
|-anim|p1a: Glimmora|Meteor Beam|p2a: Excadrill
|-resisted|p2a: Excadrill
|-damage|p2a: Excadrill|48/100
|
|upkeep
|turn|5
|
|t:|1760847099
|move|p2a: Excadrill|Iron Head|p1a: Glimmora
|-damage|p1a: Glimmora|19/100
|-activate|p1a: Glimmora|ability: Toxic Debris
|-sidestart|p2: v1396449132|move: Toxic Spikes
|-damage|p2a: Excadrill|38/100|[from] item: Life Orb
|cant|p1a: Glimmora|flinch
|
|upkeep
|turn|6
|
|t:|1760847110
|move|p2a: Excadrill|Iron Head|p1a: Glimmora
|-damage|p1a: Glimmora|0 fnt
|faint|p1a: Glimmora
|-damage|p2a: Excadrill|28/100|[from] item: Life Orb
|
|upkeep
|
|t:|1760847120
|switch|p1a: Weavile|Weavile, M|100/100
|-ability|p1a: Weavile|Pressure
|turn|7
|
|t:|1760847134
|move|p1a: Weavile|Knock Off|p2a: Excadrill
|-damage|p2a: Excadrill|0 fnt
|-enditem|p2a: Excadrill|Life Orb|[from] move: Knock Off|[of] p1a: Weavile
|faint|p2a: Excadrill
|
|upkeep
|
|t:|1760847140
|switch|p2a: Empoleon|Empoleon, M|100/100
|turn|8
|
|t:|1760847147
|move|p1a: Weavile|Knock Off|p2a: Empoleon
|-damage|p2a: Empoleon|65/100
|-enditem|p2a: Empoleon|Leftovers|[from] move: Knock Off|[of] p1a: Weavile
|move|p2a: Empoleon|Surf|p1a: Weavile
|-damage|p1a: Weavile|78/100
|
|-sideend|p1: guydedd|Reflect
|upkeep
|turn|9
|
|t:|1760847155
|move|p1a: Weavile|Swords Dance|p1a: Weavile
|-boost|p1a: Weavile|atk|2
|move|p2a: Empoleon|Surf|p1a: Weavile
|-damage|p1a: Weavile|55/100
|
|-sideend|p1: guydedd|move: Light Screen
|upkeep
|turn|10
|
|t:|1760847162
|move|p1a: Weavile|Knock Off|p2a: Empoleon
|-damage|p2a: Empoleon|11/100
|move|p2a: Empoleon|Surf|p1a: Weavile
|-damage|p1a: Weavile|11/100
|
|upkeep
|turn|11
|
|t:|1760847169
|move|p1a: Weavile|Knock Off|p2a: Empoleon
|-damage|p2a: Empoleon|0 fnt
|faint|p2a: Empoleon
|
|upkeep
|
|t:|1760847173
|switch|p2a: Incineroar|Incineroar, M, shiny|100/100
|-status|p2a: Incineroar|tox
|-ability|p2a: Incineroar|Intimidate|boost
|-unboost|p1a: Weavile|atk|1
|turn|12
|
|t:|1760847180
|move|p2a: Incineroar|Fake Out|p1a: Weavile
|-damage|p1a: Weavile|0 fnt
|faint|p1a: Weavile
|
|-damage|p2a: Incineroar|94/100 tox|[from] psn
|upkeep
|
|t:|1760847209
|switch|p1a: Galvantula|Galvantula, F, shiny|100/100
|-damage|p1a: Galvantula|76/100|[from] Stealth Rock
|turn|13
|
|t:|1760847215
|move|p1a: Galvantula|Sticky Web|p2a: Incineroar
|-sidestart|p2: v1396449132|move: Sticky Web
|move|p2a: Incineroar|Parting Shot|p1a: Galvantula
|-unboost|p1a: Galvantula|atk|1
|-unboost|p1a: Galvantula|spa|1
|
|t:|1760847222
|switch|p2a: Gliscor|Gliscor, M, shiny|100/100|[from] Parting Shot
|
|-status|p2a: Gliscor|tox|[from] item: Toxic Orb
|upkeep
|turn|14
|
|t:|1760847230
|switch|p1a: Grimmsnarl|Grimmsnarl, M|32/100
|-damage|p1a: Grimmsnarl|20/100|[from] Stealth Rock
|move|p2a: Gliscor|Toxic|p1a: Grimmsnarl
|-status|p1a: Grimmsnarl|tox
|
|-damage|p1a: Grimmsnarl|14/100 tox|[from] psn
|upkeep
|turn|15
|
|t:|1760847253
|move|p2a: Gliscor|Protect|p2a: Gliscor
|-singleturn|p2a: Gliscor|Protect
|move|p1a: Grimmsnarl|Parting Shot|p2a: Gliscor
|-activate|p2a: Gliscor|move: Protect
|
|-damage|p1a: Grimmsnarl|2/100 tox|[from] psn
|upkeep
|turn|16
|
|t:|1760847260
|move|p1a: Grimmsnarl|Parting Shot|p2a: Gliscor
|-unboost|p2a: Gliscor|atk|1
|-unboost|p2a: Gliscor|spa|1
|
|t:|1760847265
|switch|p1a: Galvantula|Galvantula, F, shiny|76/100|[from] Parting Shot
|-damage|p1a: Galvantula|51/100|[from] Stealth Rock
|move|p2a: Gliscor|Substitute|p2a: Gliscor
|-start|p2a: Gliscor|Substitute
|-damage|p2a: Gliscor|76/100 tox
|
|-heal|p2a: Gliscor|88/100 tox|[from] ability: Poison Heal
|upkeep
|turn|17
|
|t:|1760847275
|move|p1a: Galvantula|Bug Buzz|p2a: Gliscor
|-resisted|p2a: Gliscor
|-damage|p2a: Gliscor|66/100 tox
|move|p2a: Gliscor|Toxic|p1a: Galvantula|[miss]
|-miss|p2a: Gliscor|p1a: Galvantula
|
|-heal|p2a: Gliscor|79/100 tox|[from] ability: Poison Heal
|upkeep
|turn|18
|
|t:|1760847284
|move|p2a: Gliscor|Protect|p2a: Gliscor
|-singleturn|p2a: Gliscor|Protect
|move|p1a: Galvantula|Bug Buzz|p2a: Gliscor
|-activate|p2a: Gliscor|move: Protect
|
|-heal|p2a: Gliscor|91/100 tox|[from] ability: Poison Heal
|upkeep
|turn|19
|
|t:|1760847293
|move|p1a: Galvantula|Bug Buzz|p2a: Gliscor
|-resisted|p2a: Gliscor
|-damage|p2a: Gliscor|69/100 tox
|move|p2a: Gliscor|Toxic|p1a: Galvantula
|-status|p1a: Galvantula|tox
|
|-damage|p1a: Galvantula|45/100 tox|[from] psn
|-heal|p2a: Gliscor|82/100 tox|[from] ability: Poison Heal
|upkeep
|turn|20
|
|t:|1760847321
|move|p2a: Gliscor|Protect|p2a: Gliscor
|-singleturn|p2a: Gliscor|Protect
|move|p1a: Galvantula|Bug Buzz|p2a: Gliscor
|-activate|p2a: Gliscor|move: Protect
|
|-damage|p1a: Galvantula|33/100 tox|[from] psn
|-heal|p2a: Gliscor|94/100 tox|[from] ability: Poison Heal
|upkeep
|turn|21
|inactive|Battle timer is ON: inactive players will automatically lose when time's up. (requested by v1396449132)
|
|t:|1760847332
|move|p1a: Galvantula|Bug Buzz|p2a: Gliscor
|-resisted|p2a: Gliscor
|-damage|p2a: Gliscor|71/100 tox
|-unboost|p2a: Gliscor|spd|1
|move|p2a: Gliscor|Knock Off|p1a: Galvantula
|-damage|p1a: Galvantula|5/100 tox
|-enditem|p1a: Galvantula|Focus Sash|[from] move: Knock Off|[of] p2a: Gliscor
|
|-damage|p1a: Galvantula|0 fnt|[from] psn
|faint|p1a: Galvantula
|-heal|p2a: Gliscor|84/100 tox|[from] ability: Poison Heal
|upkeep
|
|t:|1760847349
|switch|p1a: Latias|Latias, F, shiny|100/100
|-damage|p1a: Latias|88/100|[from] Stealth Rock
|turn|22
|
|t:|1760847360
|move|p1a: Latias|Stored Power|p2a: Gliscor
|-activate|p2a: Gliscor|move: Substitute|[damage]
|move|p2a: Gliscor|Toxic|p1a: Latias
|-status|p1a: Latias|tox
|
|-heal|p1a: Latias|94/100 tox|[from] item: Leftovers
|-damage|p1a: Latias|88/100 tox|[from] psn
|-heal|p2a: Gliscor|96/100 tox|[from] ability: Poison Heal
|upkeep
|turn|23
|
|t:|1760847371
|move|p2a: Gliscor|Protect|p2a: Gliscor
|-singleturn|p2a: Gliscor|Protect
|move|p1a: Latias|Stored Power|p2a: Gliscor
|-activate|p2a: Gliscor|move: Protect
|
|-heal|p1a: Latias|94/100 tox|[from] item: Leftovers
|-damage|p1a: Latias|82/100 tox|[from] psn
|-heal|p2a: Gliscor|100/100 tox|[from] ability: Poison Heal
|upkeep
|turn|24
|-message|guydedd forfeited.
|
|win|v1396449132
|raw|guydedd's rating: 1120 &rarr; <strong>1094</strong><br />(-26 for losing)
|raw|v1396449132's rating: 1105 &rarr; <strong>1131</strong><br />(+26 for winning)
|l|☆guydedd
|player|p1|
|l|☆v1396449132
|player|p2|
