|j|☆staiul28
|j|☆ahastoss
|t:|1760791430
|gametype|singles
|player|p1|staiul28|elesa|1190
|player|p2|ahastoss|266|1190
|gen|9
|tier|[Gen 9] OU
|rated|
|rule|HP Percentage Mod: HP is shown in percentages
|rule|Endless Battle Clause: Forcing endless battles is banned
|rule|Species Clause: Limit one of each Pokémon
|rule|OHKO Clause: OHKO moves are banned
|rule|Evasion Items Clause: Evasion items are banned
|rule|Evasion Moves Clause: Evasion moves are banned
|rule|Evasion Abilities Clause: Evasion abilities are banned
|rule|Sleep Moves Clause: Sleep-inducing moves are banned
|clearpoke
|poke|p1|Primeape, F|
|poke|p1|Masquerain, M|
|poke|p1|Arcanine-Hisui, F|
|poke|p1|Enamorus, F|
|poke|p1|Forretress, M|
|poke|p1|Latias, F|
|poke|p2|Zamazenta-*|
|poke|p2|Gholdengo|
|poke|p2|Great Tusk|
|poke|p2|Pecharunt|
|poke|p2|Ogerpon-Wellspring, F|
|poke|p2|Iron Moth|
|teampreview
|inactive|Battle timer is ON: inactive players will automatically lose when time's up. (requested by ahastoss)
|inactive|staiul28 also wants the timer to be on.
|
|t:|1760791447
|teamsize|p1|6
|teamsize|p2|6
|start
|switch|p1a: Masquerain|Masquerain, M|100/100
|switch|p2a: Ogerpon|Ogerpon-Wellspring, F|100/100
|-ability|p1a: Masquerain|Intimidate|boost
|-unboost|p2a: Ogerpon|atk|1
|turn|1
|
|t:|1760791458
|switch|p2a: Pecharunt|Pecharunt|100/100
|move|p1a: Masquerain|Sticky Web|p2a: Pecharunt
|-sidestart|p2: ahastoss|move: Sticky Web
|
|upkeep
|turn|2
|
|t:|1760791467
|move|p1a: Masquerain|Hurricane|p2a: Pecharunt
|-damage|p2a: Pecharunt|49/100
|move|p2a: Pecharunt|Malignant Chain|p1a: Masquerain
|-damage|p1a: Masquerain|39/100
|-status|p1a: Masquerain|tox
|-start|p1a: Masquerain|confusion|[from] ability: Poison Puppeteer|[of] p2a: Pecharunt
|
|-heal|p2a: Pecharunt|55/100|[from] item: Leftovers
|-damage|p1a: Masquerain|33/100 tox|[from] psn
|upkeep
|turn|3
|
|t:|1760791479
|-activate|p1a: Masquerain|confusion
|move|p1a: Masquerain|Hurricane|p2a: Pecharunt
|-damage|p2a: Pecharunt|3/100
|move|p2a: Pecharunt|Recover|p2a: Pecharunt
|-heal|p2a: Pecharunt|53/100
|
|-heal|p2a: Pecharunt|59/100|[from] item: Leftovers
|-damage|p1a: Masquerain|20/100 tox|[from] psn
|upkeep
|turn|4
|
|t:|1760791500
|-activate|p1a: Masquerain|confusion
|-damage|p1a: Masquerain|12/100 tox|[from] confusion
|move|p2a: Pecharunt|Recover|p2a: Pecharunt
|-heal|p2a: Pecharunt|100/100
|
|-damage|p1a: Masquerain|0 fnt|[from] psn
|faint|p1a: Masquerain
|upkeep
|
|t:|1760791512
|switch|p1a: Forretress|Forretress, M|100/100
|turn|5
|
|t:|1760791517
|move|p2a: Pecharunt|Parting Shot|p1a: Forretress
|-unboost|p1a: Forretress|atk|1
|-unboost|p1a: Forretress|spa|1
|
|t:|1760791520
|switch|p2a: Great Tusk|Great Tusk|100/100|[from] Parting Shot
|-activate|p2a: Great Tusk|move: Sticky Web
|-unboost|p2a: Great Tusk|spe|1
|-enditem|p2a: Great Tusk|Booster Energy
|-activate|p2a: Great Tusk|ability: Protosynthesis|[fromitem]
|-start|p2a: Great Tusk|protosynthesisatk
|move|p1a: Forretress|Spikes|p2a: Great Tusk
|-sidestart|p2: ahastoss|Spikes
|
|upkeep
|turn|6
|
|t:|1760791549
|switch|p1a: Latias|Latias, F|100/100
|move|p2a: Great Tusk|Rapid Spin|p1a: Latias
|-damage|p1a: Latias|86/100
|-boost|p2a: Great Tusk|spe|1
|-sideend|p2: ahastoss|Spikes|[from] move: Rapid Spin|[of] p2a: Great Tusk
|-sideend|p2: ahastoss|Sticky Web|[from] move: Rapid Spin|[of] p2a: Great Tusk
|
|-heal|p1a: Latias|93/100|[from] item: Leftovers
|upkeep
|turn|7
|
|t:|1760791559
|move|p2a: Great Tusk|Stealth Rock|p1a: Latias
|-sidestart|p1: staiul28|move: Stealth Rock
|move|p1a: Latias|Calm Mind|p1a: Latias
|-boost|p1a: Latias|spa|1
|-boost|p1a: Latias|spd|1
|
|-heal|p1a: Latias|99/100|[from] item: Leftovers
|upkeep
|turn|8
|
|t:|1760791566
|move|p2a: Great Tusk|Ice Spinner|p1a: Latias
|-supereffective|p1a: Latias
|-damage|p1a: Latias|58/100
|move|p1a: Latias|Agility|p1a: Latias
|-boost|p1a: Latias|spe|2
|
|-heal|p1a: Latias|64/100|[from] item: Leftovers
|upkeep
|turn|9
|
|t:|1760791582
|move|p1a: Latias|Calm Mind|p1a: Latias
|-boost|p1a: Latias|spa|1
|-boost|p1a: Latias|spd|1
|move|p2a: Great Tusk|Ice Spinner|p1a: Latias
|-supereffective|p1a: Latias
|-damage|p1a: Latias|23/100
|
|-heal|p1a: Latias|29/100|[from] item: Leftovers
|upkeep
|turn|10
|
|t:|1760791591
|-end|p2a: Great Tusk|Protosynthesis|[silent]
|switch|p2a: Gholdengo|Gholdengo|100/100
|-item|p2a: Gholdengo|Air Balloon
|move|p1a: Latias|Stored Power|p2a: Gholdengo
|-resisted|p2a: Gholdengo
|-damage|p2a: Gholdengo|47/100
|-enditem|p2a: Gholdengo|Air Balloon
|
|-heal|p1a: Latias|35/100|[from] item: Leftovers
|upkeep
|turn|11
|
|t:|1760791601
|move|p1a: Latias|Stored Power|p2a: Gholdengo
|-resisted|p2a: Gholdengo
|-damage|p2a: Gholdengo|0 fnt
|faint|p2a: Gholdengo
|
|-heal|p1a: Latias|41/100|[from] item: Leftovers
|upkeep
|
|t:|1760791614
|switch|p2a: Pecharunt|Pecharunt|100/100
|turn|12
|
|t:|1760791622
|-terastallize|p2a: Pecharunt|Dark
|move|p1a: Latias|Stored Power|p2a: Pecharunt
|-immune|p2a: Pecharunt
|move|p2a: Pecharunt|Shadow Ball|p1a: Latias
|-supereffective|p1a: Latias
|-damage|p1a: Latias|13/100
|
|-heal|p1a: Latias|19/100|[from] item: Leftovers
|upkeep
|turn|13
|
|t:|1760791640
|switch|p2a: Iron Moth|Iron Moth|100/100
|move|p1a: Latias|Dragon Pulse|p2a: Iron Moth
|-damage|p2a: Iron Moth|38/100
|
|-heal|p1a: Latias|25/100|[from] item: Leftovers
|upkeep
|turn|14
|
|t:|1760791652
|move|p2a: Iron Moth|Sludge Wave|p1a: Latias
|-damage|p1a: Latias|4/100
|-status|p1a: Latias|psn
|move|p1a: Latias|Dragon Pulse|p2a: Iron Moth
|-damage|p2a: Iron Moth|0 fnt
|faint|p2a: Iron Moth
|-end|p2a: Iron Moth|Quark Drive|[silent]
|
|-heal|p1a: Latias|10/100 psn|[from] item: Leftovers
|-damage|p1a: Latias|0 fnt|[from] psn
|faint|p1a: Latias
|upkeep
|
|t:|1760791670
|switch|p2a: Ogerpon|Ogerpon-Wellspring, F|100/100
|switch|p1a: Forretress|Forretress, M|100/100
|-damage|p1a: Forretress|88/100|[from] Stealth Rock
|turn|15
|
|t:|1760791679
|switch|p2a: Zamazenta|Zamazenta|100/100
|-ability|p2a: Zamazenta|Dauntless Shield|boost
|-boost|p2a: Zamazenta|def|1
|move|p1a: Forretress|Rapid Spin|p2a: Zamazenta
|-damage|p2a: Zamazenta|95/100
|-boost|p1a: Forretress|spe|1
|-sideend|p1: staiul28|Stealth Rock|[from] move: Rapid Spin|[of] p1a: Forretress
|
|-heal|p2a: Zamazenta|100/100|[from] item: Leftovers
|upkeep
|turn|16
|
|t:|1760791689
|move|p2a: Zamazenta|Substitute|p2a: Zamazenta
|-start|p2a: Zamazenta|Substitute
|-damage|p2a: Zamazenta|76/100
|move|p1a: Forretress|Volt Switch|p2a: Zamazenta
|-activate|p2a: Zamazenta|move: Substitute|[damage]
|
|t:|1760791697
|switch|p1a: Enamorus|Enamorus, F|100/100|[from] Volt Switch
|
|-heal|p2a: Zamazenta|82/100|[from] item: Leftovers
|upkeep
|turn|17
|
|t:|1760791704
|move|p2a: Zamazenta|Heavy Slam|p1a: Enamorus
|-supereffective|p1a: Enamorus
|-damage|p1a: Enamorus|30/100
|move|p1a: Enamorus|Superpower|p2a: Zamazenta
|-activate|p2a: Zamazenta|move: Substitute|[damage]
|-boost|p1a: Enamorus|atk|1
|-boost|p1a: Enamorus|def|1
|
|-heal|p2a: Zamazenta|88/100|[from] item: Leftovers
|upkeep
|turn|18
|
|t:|1760791718
|move|p2a: Zamazenta|Heavy Slam|p1a: Enamorus
|-supereffective|p1a: Enamorus
|-damage|p1a: Enamorus|0 fnt
|faint|p1a: Enamorus
|
|-heal|p2a: Zamazenta|94/100|[from] item: Leftovers
|upkeep
|
|t:|1760791727
|switch|p1a: Primeape|Primeape, F|100/100
|turn|19
|
|t:|1760791733
|-terastallize|p1a: Primeape|Ghost
|move|p2a: Zamazenta|Iron Defense|p2a: Zamazenta
|-boost|p2a: Zamazenta|def|2
|move|p1a: Primeape|Bulk Up|p1a: Primeape
|-boost|p1a: Primeape|atk|1
|-boost|p1a: Primeape|def|1
|
|-heal|p2a: Zamazenta|100/100|[from] item: Leftovers
|upkeep
|turn|20
|
|t:|1760791743
|switch|p2a: Ogerpon|Ogerpon-Wellspring, F|100/100
|move|p1a: Primeape|Taunt|p2a: Ogerpon
|-start|p2a: Ogerpon|move: Taunt
|
|upkeep
|turn|21
|
|t:|1760791750
|move|p2a: Ogerpon|Ivy Cudgel|p1a: Primeape|[anim] Ivy Cudgel Water
|-damage|p1a: Primeape|58/100
|move|p1a: Primeape|Bulk Up|p1a: Primeape
|-boost|p1a: Primeape|atk|1
|-boost|p1a: Primeape|def|1
|
|upkeep
|turn|22
|
|t:|1760791757
|move|p2a: Ogerpon|Ivy Cudgel|p1a: Primeape|[anim] Ivy Cudgel Water
|-crit|p1a: Primeape
|-damage|p1a: Primeape|0 fnt
|faint|p1a: Primeape
|
|-end|p2a: Ogerpon|move: Taunt
|upkeep
|l|☆staiul28
|inactive|staiul28 disconnected and has a minute to reconnect!
|player|p1|
|inactive|staiul28 has 30 seconds to reconnect!
|inactive|staiul28 has 20 seconds to reconnect!
|inactive|staiul28 has 15 seconds to reconnect!
|inactive|staiul28 has 10 seconds to reconnect!
|inactive|staiul28 has 5 seconds to reconnect!
|-message|staiul28 lost due to inactivity.
|
|win|ahastoss
|raw|staiul28's rating: 1190 &rarr; <strong>1165</strong><br />(-25 for losing)
|raw|ahastoss's rating: 1190 &rarr; <strong>1215</strong><br />(+25 for winning)
|l|☆ahastoss
|player|p2|
