|j|☆undertalethemovie
|j|☆Allheckers
|t:|1760861509
|gametype|singles
|player|p1|undertalethemovie|n|1090
|player|p2|Allheckers|sabrina|1084
|gen|9
|tier|[Gen 9] OU
|rated|
|rule|HP Percentage Mod: HP is shown in percentages
|rule|Endless Battle Clause: Forcing endless battles is banned
|rule|Species Clause: Limit one of each Pokémon
|rule|OHKO Clause: OHKO moves are banned
|rule|Evasion Items Clause: Evasion items are banned
|rule|Evasion Moves Clause: Evasion moves are banned
|rule|Evasion Abilities Clause: Evasion abilities are banned
|rule|Sleep Moves Clause: Sleep-inducing moves are banned
|clearpoke
|poke|p1|Clodsire, M|
|poke|p1|Ogerpon-Wellspring, F|
|poke|p1|Zoroark-Hisui, F|
|poke|p1|Zamazenta-*|
|poke|p1|Cinderace, M|
|poke|p1|Deoxys-Speed|
|poke|p2|Keldeo-Resolute|
|poke|p2|Masquerain, M|
|poke|p2|Sableye, M|
|poke|p2|Glimmora, M|
|poke|p2|Whimsicott, F|
|poke|p2|Polteageist-Antique|
|teampreview
|
|t:|1760861517
|teamsize|p1|6
|teamsize|p2|6
|start
|switch|p1a: The Writer|Ogerpon-Wellspring, F|100/100
|switch|p2a: Sableye|Sableye, M|100/100
|turn|1
|inactive|Battle timer is ON: inactive players will automatically lose when time's up. (requested by undertalethemovie)
|
|t:|1760861529
|-terastallize|p1a: The Writer|Water
|detailschange|p1a: The Writer|Ogerpon-Wellspring-Tera, F, tera:Water
|-ability|p1a: The Writer|Embody Aspect (Wellspring)|boost
|-boost|p1a: The Writer|spd|1
|move|p2a: Sableye|Will-O-Wisp|p1a: The Writer
|-status|p1a: The Writer|brn
|move|p1a: The Writer|Ivy Cudgel|p2a: Sableye|[anim] Ivy Cudgel Water
|-damage|p2a: Sableye|45/100
|
|-heal|p2a: Sableye|51/100|[from] item: Leftovers
|-damage|p1a: The Writer|95/100 brn|[from] brn
|upkeep
|turn|2
|
|t:|1760861538
|move|p2a: Sableye|Substitute|p2a: Sableye
|-start|p2a: Sableye|Substitute
|-damage|p2a: Sableye|26/100
|move|p1a: The Writer|U-turn|p2a: Sableye
|-activate|p2a: Sableye|move: Substitute|[damage]
|
|t:|1760861544
|switch|p1a: Ingerland|Cinderace, M|100/100|[from] U-turn
|
|-heal|p2a: Sableye|32/100|[from] item: Leftovers
|upkeep
|turn|3
|
|t:|1760861570
|move|p1a: Ingerland|Pyro Ball|p2a: Sableye
|-end|p2a: Sableye|Substitute
|move|p2a: Sableye|Knock Off|p1a: Ingerland
|-damage|p1a: Ingerland|64/100
|-enditem|p1a: Ingerland|Heavy-Duty Boots|[from] move: Knock Off|[of] p2a: Sableye
|
|-heal|p2a: Sableye|38/100|[from] item: Leftovers
|upkeep
|turn|4
|
|t:|1760861576
|move|p2a: Sableye|Recover|p2a: Sableye
|-heal|p2a: Sableye|88/100
|move|p1a: Ingerland|Pyro Ball|p2a: Sableye
|-damage|p2a: Sableye|0 fnt
|faint|p2a: Sableye
|
|upkeep
|
|t:|1760861581
|switch|p2a: Keldeo|Keldeo-Resolute|100/100
|turn|5
|
|t:|1760861585
|move|p1a: Ingerland|Gunk Shot|p2a: Keldeo|[miss]
|-start|p1a: Ingerland|typechange|Poison|[from] ability: Libero
|-miss|p1a: Ingerland|p2a: Keldeo
|move|p2a: Keldeo|Icy Wind|p1a: Ingerland
|-damage|p1a: Ingerland|34/100
|-unboost|p1a: Ingerland|spe|1
|
|upkeep
|turn|6
|
|t:|1760861589
|move|p2a: Keldeo|Surf|p1a: Ingerland
|-damage|p1a: Ingerland|0 fnt
|faint|p1a: Ingerland
|
|upkeep
|
|t:|1760861593
|switch|p1a: Mumbo|Clodsire, M|100/100
|-item|p1a: Mumbo|Air Balloon
|turn|7
|
|t:|1760861601
|switch|p1a: The Writer|Ogerpon-Wellspring-Tera, F, tera:Water|95/100 brn
|-ability|p1a: The Writer|Embody Aspect (Wellspring)|boost
|-boost|p1a: The Writer|spd|1
|move|p2a: Keldeo|Icy Wind|p1a: The Writer
|-resisted|p1a: The Writer
|-crit|p1a: The Writer
|-damage|p1a: The Writer|76/100 brn
|-unboost|p1a: The Writer|spe|1
|
|-damage|p1a: The Writer|70/100 brn|[from] brn
|upkeep
|turn|8
|
|t:|1760861609
|move|p2a: Keldeo|Secret Sword|p1a: The Writer
|-damage|p1a: The Writer|2/100 brn
|move|p1a: The Writer|Horn Leech|p2a: Keldeo
|-supereffective|p2a: Keldeo
|-damage|p2a: Keldeo|53/100
|-heal|p1a: The Writer|28/100 brn|[from] drain|[of] p2a: Keldeo
|
|-damage|p1a: The Writer|22/100 brn|[from] brn
|upkeep
|turn|9
|
|t:|1760861613
|move|p2a: Keldeo|Vacuum Wave|p1a: The Writer
|-damage|p1a: The Writer|3/100 brn
|move|p1a: The Writer|Encore|p2a: Keldeo
|-start|p2a: Keldeo|Encore
|
|-damage|p1a: The Writer|0 fnt|[from] brn
|faint|p1a: The Writer
|detailschange|p1: The Writer|Ogerpon-Wellspring, F|[silent]
|upkeep
|
|t:|1760861616
|switch|p1a: Mumbo|Clodsire, M|100/100
|-item|p1a: Mumbo|Air Balloon
|turn|10
|
|t:|1760861622
|switch|p2a: Masquerain|Masquerain, M|100/100
|-ability|p2a: Masquerain|Intimidate|boost
|-unboost|p1a: Mumbo|atk|1
|move|p1a: Mumbo|Will-O-Wisp|p2a: Masquerain
|-status|p2a: Masquerain|brn
|
|-damage|p2a: Masquerain|94/100 brn|[from] brn
|upkeep
|turn|11
|
|t:|1760861627
|move|p1a: Mumbo|Hex|p2a: Masquerain
|-damage|p2a: Masquerain|0 fnt
|faint|p2a: Masquerain
|
|upkeep
|
|t:|1760861636
|switch|p2a: Whimsicott|Whimsicott, F|100/100
|turn|12
|
|t:|1760861640
|switch|p1a: Minami Torishima|Deoxys-Speed|100/100
|-ability|p1a: Minami Torishima|Pressure
|-terastallize|p2a: Whimsicott|Steel
|move|p2a: Whimsicott|Leech Seed|p1a: Minami Torishima|[miss]
|-miss|p2a: Whimsicott|p1a: Minami Torishima
|
|upkeep
|turn|13
|
|t:|1760861647
|switch|p1a: Mumbo|Clodsire, M|100/100
|-item|p1a: Mumbo|Air Balloon
|move|p2a: Whimsicott|Substitute|p2a: Whimsicott
|-start|p2a: Whimsicott|Substitute
|-damage|p2a: Whimsicott|76/100
|
|-heal|p2a: Whimsicott|82/100|[from] item: Leftovers
|upkeep
|turn|14
|
|t:|1760861651
|move|p2a: Whimsicott|Leech Seed|p1a: Mumbo
|-start|p1a: Mumbo|move: Leech Seed
|move|p1a: Mumbo|Earthquake|p2a: Whimsicott
|-supereffective|p2a: Whimsicott
|-crit|p2a: Whimsicott
|-end|p2a: Whimsicott|Substitute
|
|-heal|p2a: Whimsicott|88/100|[from] item: Leftovers
|-damage|p1a: Mumbo|88/100|[from] Leech Seed|[of] p2a: Whimsicott
|-heal|p2a: Whimsicott|100/100|[silent]
|upkeep
|turn|15
|
|t:|1760861666
|move|p2a: Whimsicott|Substitute|p2a: Whimsicott
|-start|p2a: Whimsicott|Substitute
|-damage|p2a: Whimsicott|76/100
|move|p1a: Mumbo|Earthquake|p2a: Whimsicott
|-supereffective|p2a: Whimsicott
|-end|p2a: Whimsicott|Substitute
|
|-heal|p2a: Whimsicott|82/100|[from] item: Leftovers
|-damage|p1a: Mumbo|76/100|[from] Leech Seed|[of] p2a: Whimsicott
|-heal|p2a: Whimsicott|100/100|[silent]
|upkeep
|turn|16
|
|t:|1760861676
|switch|p1a: Pokemon Shield|Zamazenta|100/100
|-ability|p1a: Pokemon Shield|Dauntless Shield|boost
|-boost|p1a: Pokemon Shield|def|1
|move|p2a: Whimsicott|Substitute|p2a: Whimsicott
|-start|p2a: Whimsicott|Substitute
|-damage|p2a: Whimsicott|76/100
|
|-heal|p2a: Whimsicott|82/100|[from] item: Leftovers
|upkeep
|turn|17
|
|t:|1760861679
|move|p2a: Whimsicott|Leech Seed|p1a: Pokemon Shield
|-start|p1a: Pokemon Shield|move: Leech Seed
|move|p1a: Pokemon Shield|Close Combat|p2a: Whimsicott
|-supereffective|p2a: Whimsicott
|-end|p2a: Whimsicott|Substitute
|-unboost|p1a: Pokemon Shield|def|1
|-unboost|p1a: Pokemon Shield|spd|1
|
|-heal|p2a: Whimsicott|88/100|[from] item: Leftovers
|-damage|p1a: Pokemon Shield|88/100|[from] Leech Seed|[of] p2a: Whimsicott
|-heal|p2a: Whimsicott|100/100|[silent]
|upkeep
|turn|18
|
|t:|1760861688
|move|p2a: Whimsicott|Substitute|p2a: Whimsicott
|-start|p2a: Whimsicott|Substitute
|-damage|p2a: Whimsicott|76/100
|move|p1a: Pokemon Shield|Close Combat|p2a: Whimsicott
|-supereffective|p2a: Whimsicott
|-end|p2a: Whimsicott|Substitute
|-unboost|p1a: Pokemon Shield|def|1
|-unboost|p1a: Pokemon Shield|spd|1
|
|-heal|p2a: Whimsicott|82/100|[from] item: Leftovers
|-damage|p1a: Pokemon Shield|76/100|[from] Leech Seed|[of] p2a: Whimsicott
|-heal|p2a: Whimsicott|97/100|[silent]
|upkeep
|turn|19
|
|t:|1760861695
|switch|p1a: Minami Torishima|Deoxys-Speed|100/100
|-item|p1a: Minami Torishima|Air Balloon
|move|p2a: Whimsicott|Substitute|p2a: Whimsicott
|-start|p2a: Whimsicott|Substitute
|-damage|p2a: Whimsicott|73/100
|
|-heal|p2a: Whimsicott|79/100|[from] item: Leftovers
|upkeep
|turn|20
|
|t:|1760861699
|move|p2a: Whimsicott|Leech Seed|p1a: Minami Torishima
|-start|p1a: Minami Torishima|move: Leech Seed
|move|p1a: Minami Torishima|Hex|p2a: Whimsicott
|-crit|p2a: Whimsicott
|-end|p2a: Whimsicott|Substitute
|
|-heal|p2a: Whimsicott|85/100|[from] item: Leftovers
|-damage|p1a: Minami Torishima|88/100|[from] Leech Seed|[of] p2a: Whimsicott
|-heal|p2a: Whimsicott|97/100|[silent]
|upkeep
|turn|21
|
|t:|1760861711
|switch|p1a: Pokemon Shield|Zamazenta|76/100
|move|p2a: Whimsicott|Substitute|p2a: Whimsicott
|-start|p2a: Whimsicott|Substitute
|-damage|p2a: Whimsicott|72/100
|
|-heal|p2a: Whimsicott|78/100|[from] item: Leftovers
|upkeep
|turn|22
|
|t:|1760861716
|move|p1a: Pokemon Shield|Close Combat|p2a: Whimsicott
|-supereffective|p2a: Whimsicott
|-end|p2a: Whimsicott|Substitute
|-unboost|p1a: Pokemon Shield|def|1
|-unboost|p1a: Pokemon Shield|spd|1
|move|p2a: Whimsicott|Moonblast|p1a: Pokemon Shield
|-supereffective|p1a: Pokemon Shield
|-damage|p1a: Pokemon Shield|16/100
|-unboost|p1a: Pokemon Shield|spa|1
|
|-heal|p2a: Whimsicott|84/100|[from] item: Leftovers
|upkeep
|turn|23
|
|t:|1760861721
|switch|p2a: Polteageist|Polteageist-Antique|100/100
|move|p1a: Pokemon Shield|Close Combat|p2a: Polteageist
|-immune|p2a: Polteageist
|
|upkeep
|turn|24
|
|t:|1760861727
|switch|p1a: Mumbo|Clodsire, M|76/100
|-item|p1a: Mumbo|Air Balloon
|move|p2a: Polteageist|Shell Smash|p2a: Polteageist
|-unboost|p2a: Polteageist|def|1
|-unboost|p2a: Polteageist|spd|1
|-boost|p2a: Polteageist|atk|2
|-boost|p2a: Polteageist|spa|2
|-boost|p2a: Polteageist|spe|2
|
|upkeep
|turn|25
|
|t:|1760861729
|move|p2a: Polteageist|Stored Power|p1a: Mumbo
|-supereffective|p1a: Mumbo
|-damage|p1a: Mumbo|27/100
|-enditem|p1a: Mumbo|Air Balloon
|move|p1a: Mumbo|Toxic|p2a: Polteageist
|-status|p2a: Polteageist|tox
|
|-damage|p2a: Polteageist|94/100 tox|[from] psn
|upkeep
|turn|26
|
|t:|1760861732
|move|p2a: Polteageist|Stored Power|p1a: Mumbo
|-supereffective|p1a: Mumbo
|-damage|p1a: Mumbo|0 fnt
|faint|p1a: Mumbo
|
|-damage|p2a: Polteageist|82/100 tox|[from] psn
|upkeep
|
|t:|1760861735
|switch|p1a: Minami Torishima|Deoxys-Speed|88/100
|-item|p1a: Minami Torishima|Air Balloon
|turn|27
|
|t:|1760861739
|move|p1a: Minami Torishima|Detect|p1a: Minami Torishima
|-singleturn|p1a: Minami Torishima|Protect
|move|p2a: Polteageist|Shadow Ball|p1a: Minami Torishima
|-activate|p1a: Minami Torishima|move: Protect
|
|-damage|p2a: Polteageist|64/100 tox|[from] psn
|upkeep
|turn|28
|
|t:|1760861746
|move|p1a: Minami Torishima|Shadow Sneak|p2a: Polteageist
|-supereffective|p2a: Polteageist
|-damage|p2a: Polteageist|13/100 tox
|-ability|p2a: Polteageist|Weak Armor|boost
|-unboost|p2a: Polteageist|def|1
|-boost|p2a: Polteageist|spe|2
|move|p2a: Polteageist|Shadow Ball|p1a: Minami Torishima
|-immune|p1a: Minami Torishima
|
|-damage|p2a: Polteageist|0 fnt|[from] psn
|faint|p2a: Polteageist
|upkeep
|
|t:|1760861769
|switch|p2a: Whimsicott|Whimsicott, F, tera:Steel|84/100
|turn|29
|
|t:|1760861772
|move|p2a: Whimsicott|Leech Seed|p1a: Minami Torishima
|-start|p1a: Minami Torishima|move: Leech Seed
|move|p1a: Minami Torishima|Will-O-Wisp|p2a: Whimsicott
|-status|p2a: Whimsicott|brn
|
|-heal|p2a: Whimsicott|90/100 brn|[from] item: Leftovers
|-damage|p1a: Minami Torishima|76/100|[from] Leech Seed|[of] p2a: Whimsicott
|-heal|p2a: Whimsicott|100/100 brn|[silent]
|-damage|p2a: Whimsicott|94/100 brn|[from] brn
|upkeep
|turn|30
|
|t:|1760861778
|move|p2a: Whimsicott|Substitute|p2a: Whimsicott
|-start|p2a: Whimsicott|Substitute
|-damage|p2a: Whimsicott|69/100 brn
|move|p1a: Minami Torishima|Hex|p2a: Whimsicott
|-end|p2a: Whimsicott|Substitute
|
|-heal|p2a: Whimsicott|76/100 brn|[from] item: Leftovers
|-damage|p1a: Minami Torishima|64/100|[from] Leech Seed|[of] p2a: Whimsicott
|-heal|p2a: Whimsicott|87/100 brn|[silent]
|-damage|p2a: Whimsicott|81/100 brn|[from] brn
|upkeep
|turn|31
|
|t:|1760861786
|switch|p1a: Pokemon Shield|Zamazenta|16/100
|move|p2a: Whimsicott|Substitute|p2a: Whimsicott
|-start|p2a: Whimsicott|Substitute
|-damage|p2a: Whimsicott|56/100 brn
|
|-heal|p2a: Whimsicott|63/100 brn|[from] item: Leftovers
|-damage|p2a: Whimsicott|56/100 brn|[from] brn
|upkeep
|turn|32
|
|t:|1760861793
|move|p1a: Pokemon Shield|Close Combat|p2a: Whimsicott
|-supereffective|p2a: Whimsicott
|-end|p2a: Whimsicott|Substitute
|-unboost|p1a: Pokemon Shield|def|1
|-unboost|p1a: Pokemon Shield|spd|1
|move|p2a: Whimsicott|Moonblast|p1a: Pokemon Shield
|-supereffective|p1a: Pokemon Shield
|-damage|p1a: Pokemon Shield|0 fnt
|faint|p1a: Pokemon Shield
|
|-heal|p2a: Whimsicott|63/100 brn|[from] item: Leftovers
|-damage|p2a: Whimsicott|56/100 brn|[from] brn
|upkeep
|
|t:|1760861795
|switch|p1a: Minami Torishima|Deoxys-Speed|64/100
|-item|p1a: Minami Torishima|Air Balloon
|turn|33
|
|t:|1760861798
|move|p2a: Whimsicott|Substitute|p2a: Whimsicott
|-start|p2a: Whimsicott|Substitute
|-damage|p2a: Whimsicott|32/100 brn
|move|p1a: Minami Torishima|Hex|p2a: Whimsicott
|-end|p2a: Whimsicott|Substitute
|
|-heal|p2a: Whimsicott|38/100 brn|[from] item: Leftovers
|-damage|p2a: Whimsicott|32/100 brn|[from] brn
|upkeep
|turn|34
|
|t:|1760861827
|move|p2a: Whimsicott|Leech Seed|p1a: Minami Torishima|[miss]
|-miss|p2a: Whimsicott|p1a: Minami Torishima
|move|p1a: Minami Torishima|Hex|p2a: Whimsicott
|-damage|p2a: Whimsicott|0 fnt
|faint|p2a: Whimsicott
|
|upkeep
|
|t:|1760861830
|switch|p2a: Glimmora|Glimmora, M, shiny|100/100
|turn|35
|
|t:|1760861836
|move|p1a: Minami Torishima|Will-O-Wisp|p2a: Glimmora
|-status|p2a: Glimmora|brn
|move|p2a: Glimmora|Sludge Wave|p1a: Minami Torishima
|-resisted|p1a: Minami Torishima
|-damage|p1a: Minami Torishima|16/100
|replace|p1a: Count St. Germain|Zoroark-Hisui, F, shiny
|-end|p1a: Count St. Germain|Illusion
|-enditem|p1a: Count St. Germain|Air Balloon
|
|-damage|p2a: Glimmora|94/100 brn|[from] brn
|upkeep
|turn|36
|
|t:|1760861841
|switch|p1a: Minami Torishima|Deoxys-Speed|100/100
|-ability|p1a: Minami Torishima|Pressure
|move|p2a: Glimmora|Power Gem|p1a: Minami Torishima
|-damage|p1a: Minami Torishima|35/100
|
|-damage|p2a: Glimmora|88/100 brn|[from] brn
|upkeep
|turn|37
|
|t:|1760861843
|move|p1a: Minami Torishima|Psycho Boost|p2a: Glimmora
|-supereffective|p2a: Glimmora
|-damage|p2a: Glimmora|0 fnt
|-unboost|p1a: Minami Torishima|spa|2
|faint|p2a: Glimmora
|
|upkeep
|
|t:|1760861846
|switch|p2a: Keldeo|Keldeo-Resolute|53/100
|turn|38
|
|t:|1760861851
|move|p1a: Minami Torishima|Psycho Boost|p2a: Keldeo
|-supereffective|p2a: Keldeo
|-damage|p2a: Keldeo|0 fnt
|-unboost|p1a: Minami Torishima|spa|2
|faint|p2a: Keldeo
|
|win|undertalethemovie
|raw|undertalethemovie's rating: 1090 &rarr; <strong>1118</strong><br />(+28 for winning)
|raw|Allheckers's rating: 1111 &rarr; <strong>1084</strong><br />(-27 for losing)
|l|☆Allheckers
|player|p2|
|l|☆undertalethemovie
|player|p1|
