|j|☆dracula drip
|j|☆Dreilek
|t:|1760760438
|gametype|singles
|player|p1|dracula drip|iris-gen5bw2|1510
|player|p2|Dreilek|benga|1493
|gen|9
|tier|[Gen 9] OU
|rated|
|rule|HP Percentage Mod: HP is shown in percentages
|rule|Endless Battle Clause: Forcing endless battles is banned
|rule|Species Clause: Limit one of each Pokémon
|rule|OHKO Clause: OHKO moves are banned
|rule|Evasion Items Clause: Evasion items are banned
|rule|Evasion Moves Clause: Evasion moves are banned
|rule|Evasion Abilities Clause: Evasion abilities are banned
|rule|Sleep Moves Clause: Sleep-inducing moves are banned
|clearpoke
|poke|p1|Iron Crown|
|poke|p1|Primarina, F|
|poke|p1|Dragonite, M|
|poke|p1|Ting-Lu|
|poke|p1|Great Tusk|
|poke|p1|Raging Bolt|
|poke|p2|Iron Crown|
|poke|p2|Dragapult, M|
|poke|p2|Samurott-Hisui, M|
|poke|p2|Zamazenta-*|
|poke|p2|Muk-Alola, F|
|poke|p2|Iron Treads|
|teampreview
|inactive|Battle timer is ON: inactive players will automatically lose when time's up. (requested by dracula drip)
|
|t:|1760760457
|teamsize|p1|6
|teamsize|p2|6
|start
|switch|p1a: 4 PLATINUM ALBUMS|Iron Crown|100/100
|switch|p2a: Samurott|Samurott-Hisui, M, shiny|100/100
|turn|1
|
|t:|1760760464
|move|p2a: Samurott|Ceaseless Edge|p1a: 4 PLATINUM ALBUMS
|-supereffective|p1a: 4 PLATINUM ALBUMS
|-damage|p1a: 4 PLATINUM ALBUMS|12/100
|-sidestart|p1: dracula drip|Spikes
|move|p1a: 4 PLATINUM ALBUMS|Volt Switch|p2a: Samurott
|-supereffective|p2a: Samurott
|-crit|p2a: Samurott
|-damage|p2a: Samurott|0 fnt
|faint|p2a: Samurott
|
|t:|1760760470
|-end|p1a: 4 PLATINUM ALBUMS|Quark Drive|[silent]
|switch|p1a: PAST TRUNKS|Great Tusk|100/100|[from] Volt Switch
|-damage|p1a: PAST TRUNKS|88/100|[from] Spikes
|
|upkeep
|
|t:|1760760477
|switch|p2a: Muk|Muk-Alola, F|100/100
|turn|2
|
|t:|1760760484
|-terastallize|p2a: Muk|Flying
|move|p1a: PAST TRUNKS|Knock Off|p2a: Muk
|-damage|p2a: Muk|66/100
|-enditem|p2a: Muk|Assault Vest|[from] move: Knock Off|[of] p1a: PAST TRUNKS
|move|p2a: Muk|Knock Off|p1a: PAST TRUNKS
|-resisted|p1a: PAST TRUNKS
|-damage|p1a: PAST TRUNKS|70/100
|-damage|p2a: Muk|50/100|[from] item: Rocky Helmet|[of] p1a: PAST TRUNKS
|-enditem|p1a: PAST TRUNKS|Rocky Helmet|[from] move: Knock Off|[of] p2a: Muk
|
|upkeep
|turn|3
|
|t:|1760760492
|move|p1a: PAST TRUNKS|Rapid Spin|p2a: Muk
|-damage|p2a: Muk|31/100
|-boost|p1a: PAST TRUNKS|spe|1
|-sideend|p1: dracula drip|Spikes|[from] move: Rapid Spin|[of] p1a: PAST TRUNKS
|move|p2a: Muk|Poison Jab|p1a: PAST TRUNKS
|-resisted|p1a: PAST TRUNKS
|-damage|p1a: PAST TRUNKS|56/100
|-status|p1a: PAST TRUNKS|psn
|
|-damage|p1a: PAST TRUNKS|44/100 psn|[from] psn
|upkeep
|turn|4
|
|t:|1760760496
|move|p1a: PAST TRUNKS|Ice Spinner|p2a: Muk
|-supereffective|p2a: Muk
|-damage|p2a: Muk|0 fnt
|faint|p2a: Muk
|
|-damage|p1a: PAST TRUNKS|31/100 psn|[from] psn
|upkeep
|
|t:|1760760503
|switch|p2a: Iron Treads|Iron Treads, shiny|100/100
|-enditem|p2a: Iron Treads|Booster Energy
|-activate|p2a: Iron Treads|ability: Quark Drive|[fromitem]
|-start|p2a: Iron Treads|quarkdrivespe
|turn|5
|
|t:|1760760507
|move|p2a: Iron Treads|Earthquake|p1a: PAST TRUNKS
|-damage|p1a: PAST TRUNKS|6/100 psn
|move|p1a: PAST TRUNKS|Headlong Rush|p2a: Iron Treads
|-supereffective|p2a: Iron Treads
|-damage|p2a: Iron Treads|3/100
|-unboost|p1a: PAST TRUNKS|def|1
|-unboost|p1a: PAST TRUNKS|spd|1
|
|-damage|p1a: PAST TRUNKS|0 fnt|[from] psn
|faint|p1a: PAST TRUNKS
|-end|p1a: PAST TRUNKS|Protosynthesis|[silent]
|upkeep
|
|t:|1760760514
|switch|p1a: PRIME MIKE TYSON|Dragonite, M|100/100
|turn|6
|
|t:|1760760519
|-end|p2a: Iron Treads|Quark Drive|[silent]
|switch|p2a: Dragapult|Dragapult, M|100/100
|move|p1a: PRIME MIKE TYSON|Extreme Speed|p2a: Dragapult
|-immune|p2a: Dragapult
|
|upkeep
|turn|7
|
|t:|1760760527
|switch|p1a: ANITA MAX WYNN|Primarina, F|100/100
|move|p2a: Dragapult|Will-O-Wisp|p1a: ANITA MAX WYNN
|-status|p1a: ANITA MAX WYNN|brn
|
|-damage|p1a: ANITA MAX WYNN|94/100 brn|[from] brn
|upkeep
|turn|8
|
|t:|1760760534
|move|p2a: Dragapult|U-turn|p1a: ANITA MAX WYNN
|-resisted|p1a: ANITA MAX WYNN
|-damage|p1a: ANITA MAX WYNN|83/100 brn
|
|t:|1760760537
|switch|p2a: Iron Crown|Iron Crown|100/100|[from] U-turn
|move|p1a: ANITA MAX WYNN|Calm Mind|p1a: ANITA MAX WYNN
|-boost|p1a: ANITA MAX WYNN|spa|1
|-boost|p1a: ANITA MAX WYNN|spd|1
|
|-damage|p1a: ANITA MAX WYNN|77/100 brn|[from] brn
|upkeep
|turn|9
|
|t:|1760760549
|move|p2a: Iron Crown|Psychic Noise|p1a: ANITA MAX WYNN
|-damage|p1a: ANITA MAX WYNN|45/100 brn
|-start|p1a: ANITA MAX WYNN|move: Heal Block
|move|p1a: ANITA MAX WYNN|Surf|p2a: Iron Crown
|-damage|p2a: Iron Crown|36/100
|
|-damage|p1a: ANITA MAX WYNN|39/100 brn|[from] brn
|upkeep
|turn|10
|
|t:|1760760556
|move|p2a: Iron Crown|Psychic Noise|p1a: ANITA MAX WYNN
|-damage|p1a: ANITA MAX WYNN|8/100 brn
|move|p1a: ANITA MAX WYNN|Surf|p2a: Iron Crown
|-damage|p2a: Iron Crown|0 fnt
|faint|p2a: Iron Crown
|-end|p2a: Iron Crown|Quark Drive|[silent]
|
|-damage|p1a: ANITA MAX WYNN|2/100 brn|[from] brn
|-end|p1a: ANITA MAX WYNN|move: Heal Block
|upkeep
|
|t:|1760760563
|switch|p2a: Iron Treads|Iron Treads, shiny|3/100
|turn|11
|
|t:|1760760566
|move|p2a: Iron Treads|Rapid Spin|p1a: ANITA MAX WYNN
|-damage|p1a: ANITA MAX WYNN|0 fnt
|-boost|p2a: Iron Treads|spe|1
|faint|p1a: ANITA MAX WYNN
|
|upkeep
|
|t:|1760760568
|switch|p1a: PRIME MIKE TYSON|Dragonite, M|100/100
|turn|12
|
|t:|1760760571
|move|p2a: Iron Treads|Ice Spinner|p1a: PRIME MIKE TYSON
|-supereffective|p1a: PRIME MIKE TYSON
|-damage|p1a: PRIME MIKE TYSON|53/100
|move|p1a: PRIME MIKE TYSON|Scale Shot|p2a: Iron Treads
|-resisted|p2a: Iron Treads
|-damage|p2a: Iron Treads|0 fnt
|faint|p2a: Iron Treads
|-end|p2a: Iron Treads|Quark Drive|[silent]
|-hitcount|p2: Iron Treads|1
|-unboost|p1a: PRIME MIKE TYSON|def|1
|-boost|p1a: PRIME MIKE TYSON|spe|1
|
|upkeep
|
|t:|1760760576
|switch|p2a: Zamazenta|Zamazenta, shiny|100/100
|-ability|p2a: Zamazenta|Dauntless Shield|boost
|-boost|p2a: Zamazenta|def|1
|turn|13
|
|t:|1760760581
|switch|p1a: 4 PLATINUM ALBUMS|Iron Crown|12/100
|move|p2a: Zamazenta|Body Press|p1a: 4 PLATINUM ALBUMS
|-damage|p1a: 4 PLATINUM ALBUMS|0 fnt
|faint|p1a: 4 PLATINUM ALBUMS
|-end|p1a: 4 PLATINUM ALBUMS|Quark Drive|[silent]
|
|upkeep
|
|t:|1760760583
|switch|p1a: HEAD IN THE CLOUDS|Raging Bolt|100/100
|turn|14
|
|t:|1760760588
|-terastallize|p1a: HEAD IN THE CLOUDS|Ghost
|move|p2a: Zamazenta|Iron Defense|p2a: Zamazenta
|-boost|p2a: Zamazenta|def|2
|move|p1a: HEAD IN THE CLOUDS|Calm Mind|p1a: HEAD IN THE CLOUDS
|-boost|p1a: HEAD IN THE CLOUDS|spa|1
|-boost|p1a: HEAD IN THE CLOUDS|spd|1
|
|upkeep
|turn|15
|
|t:|1760760591
|move|p2a: Zamazenta|Crunch|p1a: HEAD IN THE CLOUDS
|-supereffective|p1a: HEAD IN THE CLOUDS
|-damage|p1a: HEAD IN THE CLOUDS|71/100
|move|p1a: HEAD IN THE CLOUDS|Calm Mind|p1a: HEAD IN THE CLOUDS
|-boost|p1a: HEAD IN THE CLOUDS|spa|1
|-boost|p1a: HEAD IN THE CLOUDS|spd|1
|
|-heal|p1a: HEAD IN THE CLOUDS|77/100|[from] item: Leftovers
|upkeep
|turn|16
|
|t:|1760760598
|move|p2a: Zamazenta|Crunch|p1a: HEAD IN THE CLOUDS
|-supereffective|p1a: HEAD IN THE CLOUDS
|-crit|p1a: HEAD IN THE CLOUDS
|-damage|p1a: HEAD IN THE CLOUDS|29/100
|move|p1a: HEAD IN THE CLOUDS|Dragon Pulse|p2a: Zamazenta
|-damage|p2a: Zamazenta|30/100
|
|-heal|p2a: Zamazenta|36/100|[from] item: Leftovers
|-heal|p1a: HEAD IN THE CLOUDS|35/100|[from] item: Leftovers
|upkeep
|turn|17
|
|t:|1760760603
|move|p1a: HEAD IN THE CLOUDS|Thunderclap|p2a: Zamazenta
|-damage|p2a: Zamazenta|0 fnt
|faint|p2a: Zamazenta
|
|-heal|p1a: HEAD IN THE CLOUDS|41/100|[from] item: Leftovers
|upkeep
|
|t:|1760760605
|switch|p2a: Dragapult|Dragapult, M|100/100
|turn|18
|
|t:|1760760609
|move|p2a: Dragapult|Dragon Darts|p1a: HEAD IN THE CLOUDS
|-damage|p1a: HEAD IN THE CLOUDS|26/100
|-anim|p2a: Dragapult|Dragon Darts|p1a: HEAD IN THE CLOUDS
|-damage|p1a: HEAD IN THE CLOUDS|12/100
|move|p1a: HEAD IN THE CLOUDS|Dragon Pulse|p2a: Dragapult
|-supereffective|p2a: Dragapult
|-damage|p2a: Dragapult|0 fnt
|faint|p2a: Dragapult
|
|win|dracula drip
|raw|dracula drip's rating: 1510 &rarr; <strong>1529</strong><br />(+19 for winning)
|raw|Dreilek's rating: 1493 &rarr; <strong>1474</strong><br />(-19 for losing)
|l|☆Dreilek
|player|p2|
|l|☆dracula drip
|player|p1|
