|j|☆CsYager2
|j|☆Crystalbrightness
|t:|1760759828
|gametype|singles
|player|p1|CsYager2|169|1121
|player|p2|Crystalbrightness|lady-gen4|1148
|gen|9
|tier|[Gen 9] OU
|rated|
|rule|HP Percentage Mod: HP is shown in percentages
|rule|Endless Battle Clause: Forcing endless battles is banned
|rule|Species Clause: Limit one of each Pokémon
|rule|OHKO Clause: OHKO moves are banned
|rule|Evasion Items Clause: Evasion items are banned
|rule|Evasion Moves Clause: Evasion moves are banned
|rule|Evasion Abilities Clause: Evasion abilities are banned
|rule|Sleep Moves Clause: Sleep-inducing moves are banned
|clearpoke
|poke|p1|Dragapult, F|
|poke|p1|Dragonite, F|
|poke|p1|Kyurem|
|poke|p1|Raging Bolt|
|poke|p1|Garchomp, F|
|poke|p1|Walking Wake|
|poke|p2|Ogerpon, F|
|poke|p2|Heatran, F|
|poke|p2|Weezing-Galar, F|
|poke|p2|Gliscor, M|
|poke|p2|Alomomola, F|
|poke|p2|Lokix, M|
|teampreview
|inactive|Battle timer is ON: inactive players will automatically lose when time's up. (requested by Crystalbrightness)
|
|t:|1760759851
|teamsize|p1|6
|teamsize|p2|6
|start
|switch|p1a: Walking Wake|Walking Wake|100/100
|switch|p2a: Lokix|Lokix, M|100/100
|turn|1
|
|t:|1760759859
|switch|p2a: Alomomola|Alomomola, F|100/100
|move|p1a: Walking Wake|Draco Meteor|p2a: Alomomola
|-damage|p2a: Alomomola|45/100
|-unboost|p1a: Walking Wake|spa|2
|
|upkeep
|turn|2
|
|t:|1760759881
|-end|p1a: Walking Wake|Protosynthesis|[silent]
|switch|p1a: Garchomp|Garchomp, F, shiny|100/100
|move|p2a: Alomomola|Flip Turn|p1a: Garchomp
|-damage|p1a: Garchomp|90/100
|-damage|p2a: Alomomola|33/100|[from] ability: Rough Skin|[of] p1a: Garchomp
|-damage|p2a: Alomomola|16/100|[from] item: Rocky Helmet|[of] p1a: Garchomp
|
|t:|1760759887
|switch|p2a: Weezing|Weezing-Galar, F|100/100|[from] Flip Turn
|
|upkeep
|turn|3
|
|t:|1760759899
|move|p1a: Garchomp|Earthquake|p2a: Weezing
|-immune|p2a: Weezing|[from] ability: Levitate
|move|p2a: Weezing|Will-O-Wisp|p1a: Garchomp|[miss]
|-miss|p2a: Weezing|p1a: Garchomp
|
|upkeep
|turn|4
|
|t:|1760759908
|move|p1a: Garchomp|Stealth Rock|p2a: Weezing
|-sidestart|p2: Crystalbrightness|move: Stealth Rock
|move|p2a: Weezing|Sludge Bomb|p1a: Garchomp
|-resisted|p1a: Garchomp
|-damage|p1a: Garchomp|77/100
|
|upkeep
|turn|5
|
|t:|1760759913
|move|p1a: Garchomp|Spikes|p2a: Weezing
|-sidestart|p2: Crystalbrightness|Spikes
|move|p2a: Weezing|Defog|p1a: Garchomp
|-unboost|p1a: Garchomp|evasion|1
|-sideend|p2: Crystalbrightness|Spikes|[from] move: Defog|[of] p2a: Weezing
|-sideend|p2: Crystalbrightness|Stealth Rock|[from] move: Defog|[of] p2a: Weezing
|
|upkeep
|turn|6
|
|t:|1760759925
|-terastallize|p1a: Garchomp|Ghost
|move|p1a: Garchomp|Stealth Rock|p2a: Weezing
|-sidestart|p2: Crystalbrightness|move: Stealth Rock
|move|p2a: Weezing|Sludge Bomb|p1a: Garchomp
|-resisted|p1a: Garchomp
|-damage|p1a: Garchomp|64/100
|-status|p1a: Garchomp|psn
|
|-damage|p1a: Garchomp|51/100 psn|[from] psn
|upkeep
|turn|7
|
|t:|1760759934
|move|p1a: Garchomp|Spikes|p2a: Weezing
|-sidestart|p2: Crystalbrightness|Spikes
|move|p2a: Weezing|Defog|p1a: Garchomp
|-unboost|p1a: Garchomp|evasion|1
|-sideend|p2: Crystalbrightness|Spikes|[from] move: Defog|[of] p2a: Weezing
|-sideend|p2: Crystalbrightness|Stealth Rock|[from] move: Defog|[of] p2a: Weezing
|
|-damage|p1a: Garchomp|39/100 psn|[from] psn
|upkeep
|turn|8
|
|t:|1760759942
|move|p1a: Garchomp|Stealth Rock|p2a: Weezing
|-sidestart|p2: Crystalbrightness|move: Stealth Rock
|move|p2a: Weezing|Defog|p1a: Garchomp
|-unboost|p1a: Garchomp|evasion|1
|-sideend|p2: Crystalbrightness|Stealth Rock|[from] move: Defog|[of] p2a: Weezing
|
|-damage|p1a: Garchomp|27/100 psn|[from] psn
|upkeep
|turn|9
|
|t:|1760759950
|move|p1a: Garchomp|Stealth Rock|p2a: Weezing
|-sidestart|p2: Crystalbrightness|move: Stealth Rock
|move|p2a: Weezing|Defog|p1a: Garchomp
|-unboost|p1a: Garchomp|evasion|1
|-sideend|p2: Crystalbrightness|Stealth Rock|[from] move: Defog|[of] p2a: Weezing
|
|-damage|p1a: Garchomp|14/100 psn|[from] psn
|upkeep
|turn|10
|
|t:|1760759957
|move|p1a: Garchomp|Stealth Rock|p2a: Weezing
|-sidestart|p2: Crystalbrightness|move: Stealth Rock
|move|p2a: Weezing|Defog|p1a: Garchomp
|-unboost|p1a: Garchomp|evasion|1
|-sideend|p2: Crystalbrightness|Stealth Rock|[from] move: Defog|[of] p2a: Weezing
|
|-damage|p1a: Garchomp|2/100 psn|[from] psn
|upkeep
|turn|11
|
|t:|1760759963
|move|p1a: Garchomp|Stealth Rock|p2a: Weezing
|-sidestart|p2: Crystalbrightness|move: Stealth Rock
|move|p2a: Weezing|Defog|p1a: Garchomp
|-unboost|p1a: Garchomp|evasion|1
|-sideend|p2: Crystalbrightness|Stealth Rock|[from] move: Defog|[of] p2a: Weezing
|
|-damage|p1a: Garchomp|0 fnt|[from] psn
|faint|p1a: Garchomp
|upkeep
|
|t:|1760759978
|switch|p1a: Walking Wake|Walking Wake|100/100
|turn|12
|
|t:|1760759986
|move|p1a: Walking Wake|Flip Turn|p2a: Weezing
|-damage|p2a: Weezing|90/100
|
|t:|1760759995
|-end|p1a: Walking Wake|Protosynthesis|[silent]
|switch|p1a: Kyurem|Kyurem, shiny|100/100|[from] Flip Turn
|-ability|p1a: Kyurem|Pressure
|move|p2a: Weezing|Pain Split|p1a: Kyurem
|-sethp|p1a: Kyurem|88/100|[from] move: Pain Split|[silent]
|-sethp|p2a: Weezing|100/100|[from] move: Pain Split
|
|upkeep
|turn|13
|
|t:|1760760005
|move|p1a: Kyurem|Ice Beam|p2a: Weezing
|-damage|p2a: Weezing|11/100
|move|p2a: Weezing|Sludge Bomb|p1a: Kyurem
|-damage|p1a: Kyurem|65/100
|
|-heal|p2a: Weezing|17/100|[from] item: Leftovers
|upkeep
|turn|14
|
|t:|1760760012
|switch|p2a: Heatran|Heatran, F|100/100
|move|p1a: Kyurem|Ice Beam|p2a: Heatran
|-resisted|p2a: Heatran
|-damage|p2a: Heatran|83/100
|
|upkeep
|turn|15
|
|t:|1760760019
|switch|p1a: Walking Wake|Walking Wake|100/100
|move|p2a: Heatran|Earth Power|p1a: Walking Wake
|-damage|p1a: Walking Wake|42/100
|
|upkeep
|turn|16
|
|t:|1760760027
|switch|p2a: Alomomola|Alomomola, F|50/100
|move|p1a: Walking Wake|Flip Turn|p2a: Alomomola
|-resisted|p2a: Alomomola
|-damage|p2a: Alomomola|43/100
|
|t:|1760760034
|-end|p1a: Walking Wake|Protosynthesis|[silent]
|switch|p1a: Dragapult|Dragapult, F, shiny|100/100|[from] Flip Turn
|
|upkeep
|turn|17
|
|t:|1760760044
|switch|p2a: Weezing|Weezing-Galar, F|17/100
|move|p1a: Dragapult|U-turn|p2a: Weezing
|-resisted|p2a: Weezing
|-damage|p2a: Weezing|11/100
|
|t:|1760760059
|switch|p1a: Kyurem|Kyurem, shiny|65/100|[from] U-turn
|-ability|p1a: Kyurem|Pressure
|
|-heal|p2a: Weezing|17/100|[from] item: Leftovers
|upkeep
|turn|18
|
|t:|1760760066
|switch|p2a: Alomomola|Alomomola, F|77/100
|move|p1a: Kyurem|Freeze-Dry|p2a: Alomomola
|-supereffective|p2a: Alomomola
|-damage|p2a: Alomomola|20/100
|
|upkeep
|turn|19
|
|t:|1760760074
|switch|p2a: Heatran|Heatran, F|83/100
|move|p1a: Kyurem|Freeze-Dry|p2a: Heatran
|-resisted|p2a: Heatran
|-damage|p2a: Heatran|71/100
|
|upkeep
|turn|20
|
|t:|1760760095
|switch|p1a: Walking Wake|Walking Wake|42/100
|move|p2a: Heatran|Flash Cannon|p1a: Walking Wake
|-resisted|p1a: Walking Wake
|-damage|p1a: Walking Wake|1/100
|
|upkeep
|turn|21
|
|t:|1760760107
|switch|p2a: Alomomola|Alomomola, F|54/100
|move|p1a: Walking Wake|Scald|p2a: Alomomola
|-resisted|p2a: Alomomola
|-damage|p2a: Alomomola|37/100
|
|upkeep
|turn|22
|
|t:|1760760117
|-end|p1a: Walking Wake|Protosynthesis|[silent]
|switch|p1a: Kyurem|Kyurem, shiny|65/100
|-ability|p1a: Kyurem|Pressure
|move|p2a: Alomomola|Flip Turn|p1a: Kyurem
|-resisted|p1a: Kyurem
|-damage|p1a: Kyurem|57/100
|
|t:|1760760122
|switch|p2a: Lokix|Lokix, M|100/100|[from] Flip Turn
|
|upkeep
|turn|23
|
|t:|1760760128
|move|p2a: Lokix|First Impression|p1a: Kyurem
|-damage|p1a: Kyurem|3/100
|-damage|p2a: Lokix|91/100|[from] item: Life Orb
|move|p1a: Kyurem|Ice Beam|p2a: Lokix
|-damage|p2a: Lokix|0 fnt
|faint|p2a: Lokix
|
|upkeep
|
|t:|1760760135
|switch|p2a: Ogerpon|Ogerpon, F|100/100
|turn|24
|
|t:|1760760148
|move|p2a: Ogerpon|U-turn|p1a: Kyurem
|-damage|p1a: Kyurem|0 fnt
|faint|p1a: Kyurem
|
|t:|1760760150
|switch|p2a: Gliscor|Gliscor, M|100/100|[from] U-turn
|
|-status|p2a: Gliscor|tox|[from] item: Toxic Orb
|upkeep
|
|t:|1760760159
|switch|p1a: Walking Wake|Walking Wake|1/100
|turn|25
|
|t:|1760760174
|move|p2a: Gliscor|Protect|p2a: Gliscor
|-singleturn|p2a: Gliscor|Protect
|move|p1a: Walking Wake|Scald|p2a: Gliscor
|-activate|p2a: Gliscor|move: Protect
|
|upkeep
|turn|26
|
|t:|1760760178
|switch|p2a: Alomomola|Alomomola, F|71/100
|move|p1a: Walking Wake|Scald|p2a: Alomomola
|-resisted|p2a: Alomomola
|-damage|p2a: Alomomola|54/100
|
|upkeep
|turn|27
|
|t:|1760760183
|-end|p1a: Walking Wake|Protosynthesis|[silent]
|switch|p1a: Raging Bolt|Raging Bolt|100/100
|-enditem|p1a: Raging Bolt|Booster Energy
|-activate|p1a: Raging Bolt|ability: Protosynthesis|[fromitem]
|-start|p1a: Raging Bolt|protosynthesisspa
|move|p2a: Alomomola|Flip Turn|p1a: Raging Bolt
|-resisted|p1a: Raging Bolt
|-damage|p1a: Raging Bolt|93/100
|
|t:|1760760190
|switch|p2a: Heatran|Heatran, F|71/100|[from] Flip Turn
|
|upkeep
|turn|28
|
|t:|1760760203
|move|p1a: Raging Bolt|Thunderclap|p2a: Heatran
|-damage|p2a: Heatran|21/100
|move|p2a: Heatran|Earth Power|p1a: Raging Bolt
|-supereffective|p1a: Raging Bolt
|-damage|p1a: Raging Bolt|0 fnt
|faint|p1a: Raging Bolt
|-end|p1a: Raging Bolt|Protosynthesis|[silent]
|
|upkeep
|
|t:|1760760214
|switch|p1a: Dragapult|Dragapult, F, shiny|100/100
|turn|29
|
|t:|1760760223
|switch|p2a: Gliscor|Gliscor, M|100/100 tox
|move|p1a: Dragapult|Phantom Force||[still]
|-prepare|p1a: Dragapult|Phantom Force
|
|upkeep
|turn|30
|
|t:|1760760228
|move|p1a: Dragapult|Phantom Force|p2a: Gliscor|[from] lockedmove
|-damage|p2a: Gliscor|58/100 tox
|move|p2a: Gliscor|Toxic|p1a: Dragapult
|-status|p1a: Dragapult|tox
|
|-damage|p1a: Dragapult|95/100 tox|[from] psn
|-heal|p2a: Gliscor|71/100 tox|[from] ability: Poison Heal
|upkeep
|turn|31
|
|t:|1760760236
|switch|p1a: Walking Wake|Walking Wake|1/100
|move|p2a: Gliscor|Spikes|p1a: Walking Wake
|-sidestart|p1: CsYager2|Spikes
|
|-heal|p2a: Gliscor|83/100 tox|[from] ability: Poison Heal
|upkeep
|turn|32
|
|t:|1760760242
|move|p2a: Gliscor|Protect|p2a: Gliscor
|-singleturn|p2a: Gliscor|Protect
|move|p1a: Walking Wake|Flip Turn|p2a: Gliscor
|-activate|p2a: Gliscor|move: Protect
|
|-heal|p2a: Gliscor|95/100 tox|[from] ability: Poison Heal
|upkeep
|turn|33
|
|t:|1760760251
|move|p1a: Walking Wake|Flip Turn|p2a: Gliscor
|-supereffective|p2a: Gliscor
|-damage|p2a: Gliscor|76/100 tox
|
|t:|1760760258
|-end|p1a: Walking Wake|Protosynthesis|[silent]
|switch|p1a: Dragonite|Dragonite, F, shiny|100/100|[from] Flip Turn
|move|p2a: Gliscor|Toxic|p1a: Dragonite
|-status|p1a: Dragonite|tox
|
|-damage|p1a: Dragonite|94/100 tox|[from] psn
|-heal|p2a: Gliscor|89/100 tox|[from] ability: Poison Heal
|upkeep
|turn|34
|
|t:|1760760272
|move|p2a: Gliscor|Protect|p2a: Gliscor
|-singleturn|p2a: Gliscor|Protect
|move|p1a: Dragonite|Ice Spinner|p2a: Gliscor
|-activate|p2a: Gliscor|move: Protect
|
|-damage|p1a: Dragonite|82/100 tox|[from] psn
|-heal|p2a: Gliscor|100/100 tox|[from] ability: Poison Heal
|upkeep
|turn|35
|
|t:|1760760276
|switch|p2a: Alomomola|Alomomola, F|87/100
|move|p1a: Dragonite|Ice Spinner|p2a: Alomomola
|-resisted|p2a: Alomomola
|-damage|p2a: Alomomola|75/100
|
|-damage|p1a: Dragonite|63/100 tox|[from] psn
|upkeep
|turn|36
|
|t:|1760760281
|move|p1a: Dragonite|Extreme Speed|p2a: Alomomola
|-damage|p2a: Alomomola|51/100
|move|p2a: Alomomola|Chilling Water|p1a: Dragonite
|-resisted|p1a: Dragonite
|-damage|p1a: Dragonite|60/100 tox
|-unboost|p1a: Dragonite|atk|1
|
|-damage|p1a: Dragonite|35/100 tox|[from] psn
|upkeep
|turn|37
|
|t:|1760760289
|switch|p1a: Walking Wake|Walking Wake|1/100
|-damage|p1a: Walking Wake|0 fnt|[from] Spikes
|faint|p1a: Walking Wake
|-end|p1a: Walking Wake|Protosynthesis|[silent]
|move|p2a: Alomomola|Flip Turn|p1: Walking Wake|[notarget]
|-fail|p2a: Alomomola
|
|upkeep
|
|t:|1760760295
|switch|p1a: Dragapult|Dragapult, F, shiny|95/100 tox
|-damage|p1a: Dragapult|82/100 tox|[from] Spikes
|turn|38
|
|t:|1760760302
|switch|p2a: Gliscor|Gliscor, M|100/100 tox
|move|p1a: Dragapult|Dragon Darts|p2a: Gliscor
|-damage|p2a: Gliscor|78/100 tox
|-anim|p1a: Dragapult|Dragon Darts|p2a: Gliscor
|-damage|p2a: Gliscor|56/100 tox
|
|-damage|p1a: Dragapult|76/100 tox|[from] psn
|-heal|p2a: Gliscor|68/100 tox|[from] ability: Poison Heal
|upkeep
|turn|39
|
|t:|1760760311
|switch|p1a: Dragonite|Dragonite, F, shiny|35/100 tox
|switch|p2a: Weezing|Weezing-Galar, F|17/100
|
|-heal|p2a: Weezing|23/100|[from] item: Leftovers
|-damage|p1a: Dragonite|29/100 tox|[from] psn
|upkeep
|turn|40
|
|t:|1760760318
|move|p1a: Dragonite|Extreme Speed|p2a: Weezing
|-damage|p2a: Weezing|1/100
|move|p2a: Weezing|Sludge Bomb|p1a: Dragonite
|-damage|p1a: Dragonite|2/100 tox
|
|-heal|p2a: Weezing|7/100|[from] item: Leftovers
|-damage|p1a: Dragonite|0 fnt|[from] psn
|faint|p1a: Dragonite
|upkeep
|
|t:|1760760327
|switch|p1a: Dragapult|Dragapult, F, shiny|76/100 tox
|-damage|p1a: Dragapult|64/100 tox|[from] Spikes
|turn|41
|
|t:|1760760346
|move|p1a: Dragapult|Sucker Punch|p2a: Weezing
|-resisted|p2a: Weezing
|-damage|p2a: Weezing|0 fnt
|faint|p2a: Weezing
|
|-damage|p1a: Dragapult|58/100 tox|[from] psn
|upkeep
|
|t:|1760760349
|switch|p2a: Ogerpon|Ogerpon, F|100/100
|turn|42
|
|t:|1760760352
|-terastallize|p2a: Ogerpon|Grass
|detailschange|p2a: Ogerpon|Ogerpon-Teal-Tera, F, tera:Grass
|-ability|p2a: Ogerpon|Embody Aspect (Teal)|boost
|-boost|p2a: Ogerpon|spe|1
|move|p1a: Dragapult|Sucker Punch|p2a: Ogerpon
|-damage|p2a: Ogerpon|52/100
|move|p2a: Ogerpon|Ivy Cudgel|p1a: Dragapult
|-resisted|p1a: Dragapult
|-damage|p1a: Dragapult|0 fnt
|faint|p1a: Dragapult
|
|win|Crystalbrightness
|raw|CsYager2's rating: 1121 &rarr; <strong>1098</strong><br />(-23 for losing)
|raw|Crystalbrightness's rating: 1148 &rarr; <strong>1171</strong><br />(+23 for winning)
|l|☆Crystalbrightness
|player|p2|
