|j|☆Green Arcanines
|j|☆jimmyjohns212
|t:|1760750040
|gametype|singles
|player|p1|Green Arcanines|1|1119
|player|p2|jimmyjohns212|giovanni|1163
|gen|9
|tier|[Gen 9] OU
|rated|
|rule|HP Percentage Mod: HP is shown in percentages
|rule|Endless Battle Clause: Forcing endless battles is banned
|rule|Species Clause: Limit one of each Pokémon
|rule|OHKO Clause: OHKO moves are banned
|rule|Evasion Items Clause: Evasion items are banned
|rule|Evasion Moves Clause: Evasion moves are banned
|rule|Evasion Abilities Clause: Evasion abilities are banned
|rule|Sleep Moves Clause: Sleep-inducing moves are banned
|clearpoke
|poke|p1|Forretress, F|
|poke|p1|Krookodile, M|
|poke|p1|Scrafty, F|
|poke|p1|Latios, M|
|poke|p1|Tentacruel, M|
|poke|p1|Heatran, F|
|poke|p2|Walking Wake|
|poke|p2|Ninetales, M|
|poke|p2|Whimsicott, F|
|poke|p2|Great Tusk|
|poke|p2|Raging Bolt|
|poke|p2|Cosmoem|
|teampreview
|inactive|Battle timer is ON: inactive players will automatically lose when time's up. (requested by jimmyjohns212)
|
|t:|1760750045
|teamsize|p1|6
|teamsize|p2|6
|start
|switch|p1a: Forretress|Forretress, F|100/100
|switch|p2a: Ninetales|Ninetales, M|100/100
|-weather|SunnyDay|[from] ability: Drought|[of] p2a: Ninetales
|turn|1
|
|t:|1760750053
|switch|p2a: Cosmoem|Cosmoem|100/100
|move|p1a: Forretress|Explosion|p2a: Cosmoem
|-damage|p2a: Cosmoem|50/100
|faint|p1a: Forretress
|
|-weather|SunnyDay|[upkeep]
|upkeep
|
|t:|1760750059
|switch|p1a: Krookodile|Krookodile, M|100/100
|turn|2
|
|t:|1760750062
|move|p1a: Krookodile|Knock Off|p2a: Cosmoem
|-supereffective|p2a: Cosmoem
|-damage|p2a: Cosmoem|0 fnt
|-enditem|p2a: Cosmoem|Eviolite|[from] move: Knock Off|[of] p1a: Krookodile
|faint|p2a: Cosmoem
|-ability|p1a: Krookodile|Moxie|boost
|-boost|p1a: Krookodile|atk|1
|
|-weather|SunnyDay|[upkeep]
|upkeep
|
|t:|1760750065
|switch|p2a: Walking Wake|Walking Wake|100/100
|-activate|p2a: Walking Wake|ability: Protosynthesis
|-start|p2a: Walking Wake|protosynthesisspe
|turn|3
|
|t:|1760750073
|-terastallize|p1a: Krookodile|Dragon
|move|p2a: Walking Wake|Flip Turn|p1a: Krookodile
|-resisted|p1a: Krookodile
|-damage|p1a: Krookodile|95/100
|
|t:|1760750078
|-end|p2a: Walking Wake|Protosynthesis|[silent]
|switch|p2a: Whimsicott|Whimsicott, F|100/100|[from] Flip Turn
|move|p1a: Krookodile|Knock Off|p2a: Whimsicott
|-resisted|p2a: Whimsicott
|-damage|p2a: Whimsicott|46/100
|-enditem|p2a: Whimsicott|Life Orb|[from] move: Knock Off|[of] p1a: Krookodile
|
|-weather|SunnyDay|[upkeep]
|upkeep
|turn|4
|
|t:|1760750090
|move|p2a: Whimsicott|Growth|p2a: Whimsicott
|-boost|p2a: Whimsicott|atk|2
|-boost|p2a: Whimsicott|spa|2
|move|p1a: Krookodile|Stone Edge|p2a: Whimsicott
|-damage|p2a: Whimsicott|0 fnt
|faint|p2a: Whimsicott
|-ability|p1a: Krookodile|Moxie|boost
|-boost|p1a: Krookodile|atk|1
|
|-weather|SunnyDay|[upkeep]
|upkeep
|
|t:|1760750092
|switch|p2a: Walking Wake|Walking Wake|100/100
|-activate|p2a: Walking Wake|ability: Protosynthesis
|-start|p2a: Walking Wake|protosynthesisspe
|turn|5
|
|t:|1760750107
|move|p2a: Walking Wake|Draco Meteor|p1a: Krookodile
|-supereffective|p1a: Krookodile
|-damage|p1a: Krookodile|0 fnt
|-unboost|p2a: Walking Wake|spa|2
|faint|p1a: Krookodile
|
|-weather|SunnyDay|[upkeep]
|upkeep
|
|t:|1760750114
|switch|p1a: Heatran|Heatran, F|100/100
|turn|6
|
|t:|1760750118
|-end|p2a: Walking Wake|Protosynthesis|[silent]
|switch|p2a: Great Tusk|Great Tusk|100/100
|-activate|p2a: Great Tusk|ability: Protosynthesis
|-start|p2a: Great Tusk|protosynthesisspe
|move|p1a: Heatran|Magma Storm|p2a: Great Tusk|[miss]
|-miss|p1a: Heatran|p2a: Great Tusk
|
|-weather|SunnyDay|[upkeep]
|upkeep
|turn|7
|
|t:|1760750127
|switch|p1a: Latios|Latios, M|100/100
|move|p2a: Great Tusk|Knock Off|p1a: Latios
|-supereffective|p1a: Latios
|-damage|p1a: Latios|0 fnt
|-enditem|p1a: Latios|Choice Specs|[from] move: Knock Off|[of] p2a: Great Tusk
|faint|p1a: Latios
|
|-weather|SunnyDay|[upkeep]
|upkeep
|
|t:|1760750135
|switch|p1a: Tentacruel|Tentacruel, M|100/100
|turn|8
|
|t:|1760750138
|-end|p2a: Great Tusk|Protosynthesis|[silent]
|switch|p2a: Raging Bolt|Raging Bolt|100/100
|-activate|p2a: Raging Bolt|ability: Protosynthesis
|-start|p2a: Raging Bolt|protosynthesisspa
|move|p1a: Tentacruel|Surf|p2a: Raging Bolt
|-resisted|p2a: Raging Bolt
|-damage|p2a: Raging Bolt|94/100
|
|-weather|none
|-end|p2a: Raging Bolt|Protosynthesis
|upkeep
|turn|9
|
|t:|1760750148
|move|p1a: Tentacruel|Toxic|p2a: Raging Bolt
|-status|p2a: Raging Bolt|tox
|move|p2a: Raging Bolt|Volt Switch|p1a: Tentacruel
|-supereffective|p1a: Tentacruel
|-damage|p1a: Tentacruel|26/100
|
|t:|1760750151
|-end|p2a: Raging Bolt|Protosynthesis|[silent]
|switch|p2a: Ninetales|Ninetales, M|100/100|[from] Volt Switch
|-weather|SunnyDay|[from] ability: Drought|[of] p2a: Ninetales
|
|-weather|SunnyDay|[upkeep]
|-heal|p1a: Tentacruel|32/100|[from] item: Black Sludge
|upkeep
|turn|10
|
|t:|1760750160
|switch|p2a: Raging Bolt|Raging Bolt|94/100 tox
|-activate|p2a: Raging Bolt|ability: Protosynthesis
|-start|p2a: Raging Bolt|protosynthesisspa
|move|p1a: Tentacruel|Surf|p2a: Raging Bolt
|-resisted|p2a: Raging Bolt
|-damage|p2a: Raging Bolt|88/100 tox
|
|-weather|SunnyDay|[upkeep]
|-heal|p1a: Tentacruel|38/100|[from] item: Black Sludge
|-damage|p2a: Raging Bolt|82/100 tox|[from] psn
|upkeep
|turn|11
|
|t:|1760750170
|move|p1a: Tentacruel|Toxic|p2a: Raging Bolt
|-fail|p2a: Raging Bolt|tox
|move|p2a: Raging Bolt|Volt Switch|p1a: Tentacruel
|-supereffective|p1a: Tentacruel
|-damage|p1a: Tentacruel|0 fnt
|faint|p1a: Tentacruel
|
|t:|1760750174
|-end|p2a: Raging Bolt|Protosynthesis|[silent]
|switch|p2a: Walking Wake|Walking Wake|100/100|[from] Volt Switch
|-activate|p2a: Walking Wake|ability: Protosynthesis
|-start|p2a: Walking Wake|protosynthesisspe
|
|-weather|SunnyDay|[upkeep]
|upkeep
|
|t:|1760750182
|switch|p1a: Scrafty|Scrafty, F|100/100
|turn|12
|
|t:|1760750188
|switch|p1a: Heatran|Heatran, F|100/100
|move|p2a: Walking Wake|Hydro Steam|p1a: Heatran
|-supereffective|p1a: Heatran
|-damage|p1a: Heatran|7/100
|
|-weather|SunnyDay|[upkeep]
|upkeep
|turn|13
|
|t:|1760750196
|move|p2a: Walking Wake|Hydro Steam|p1a: Heatran
|-supereffective|p1a: Heatran
|-damage|p1a: Heatran|0 fnt
|faint|p1a: Heatran
|
|-weather|SunnyDay|[upkeep]
|upkeep
|
|t:|1760750202
|switch|p1a: Scrafty|Scrafty, F|100/100
|turn|14
|
|t:|1760750206
|move|p2a: Walking Wake|Hydro Steam|p1a: Scrafty
|-damage|p1a: Scrafty|11/100
|move|p1a: Scrafty|Dragon Dance|p1a: Scrafty
|-boost|p1a: Scrafty|atk|1
|-boost|p1a: Scrafty|spe|1
|
|-weather|SunnyDay|[upkeep]
|upkeep
|turn|15
|
|t:|1760750214
|move|p2a: Walking Wake|Hydro Steam|p1a: Scrafty
|-damage|p1a: Scrafty|0 fnt
|faint|p1a: Scrafty
|
|win|jimmyjohns212
|raw|Green Arcanines's rating: 1119 &rarr; <strong>1097</strong><br />(-22 for losing)
|raw|jimmyjohns212's rating: 1163 &rarr; <strong>1185</strong><br />(+22 for winning)
|l|☆jimmyjohns212
|player|p2|
