|j|☆vghhjg
|j|☆drenom
|t:|1760821650
|gametype|singles
|player|p1|vghhjg|1|1602
|player|p2|drenom|102|1508
|gen|9
|tier|[Gen 9] OU
|rated|
|rule|HP Percentage Mod: HP is shown in percentages
|rule|Endless Battle Clause: Forcing endless battles is banned
|rule|Species Clause: Limit one of each Pokémon
|rule|OHKO Clause: OHKO moves are banned
|rule|Evasion Items Clause: Evasion items are banned
|rule|Evasion Moves Clause: Evasion moves are banned
|rule|Evasion Abilities Clause: Evasion abilities are banned
|rule|Sleep Moves Clause: Sleep-inducing moves are banned
|clearpoke
|poke|p1|Ribombee, M|
|poke|p1|Gholdengo|
|poke|p1|Deoxys-Speed|
|poke|p1|Iron Moth|
|poke|p1|Ogerpon-Wellspring, F|
|poke|p1|Dragonite, F|
|poke|p2|Muk-Alola, F|
|poke|p2|Corviknight, M|
|poke|p2|Gliscor, F|
|poke|p2|Kyurem|
|poke|p2|Dondozo, M|
|poke|p2|Clodsire, F|
|teampreview
|
|t:|1760821657
|teamsize|p1|6
|teamsize|p2|6
|start
|switch|p1a: Ribombee|Ribombee, M|100/100
|switch|p2a: Muk|Muk-Alola, F, shiny|100/100
|turn|1
|
|t:|1760821660
|move|p1a: Ribombee|Stun Spore|p2a: Muk
|-status|p2a: Muk|par
|move|p2a: Muk|Poison Jab|p1a: Ribombee
|-supereffective|p1a: Ribombee
|-enditem|p1a: Ribombee|Focus Sash
|-damage|p1a: Ribombee|1/100
|
|upkeep
|turn|2
|inactive|Battle timer is ON: inactive players will automatically lose when time's up. (requested by drenom)
|
|t:|1760821662
|move|p2a: Muk|Shadow Sneak|p1a: Ribombee
|-damage|p1a: Ribombee|0 fnt
|faint|p1a: Ribombee
|
|upkeep
|
|t:|1760821666
|switch|p1a: Deoxys|Deoxys-Speed|100/100
|-ability|p1a: Deoxys|Pressure
|turn|3
|
|t:|1760821670
|move|p1a: Deoxys|Stealth Rock|p2a: Muk
|-sidestart|p2: drenom|move: Stealth Rock
|move|p2a: Muk|Knock Off|p1a: Deoxys
|-supereffective|p1a: Deoxys
|-damage|p1a: Deoxys|1/100
|-status|p1a: Deoxys|psn|[from] ability: Poison Touch|[of] p2a: Muk
|-enditem|p1a: Deoxys|Focus Sash|[from] move: Knock Off|[of] p2a: Muk
|
|-damage|p1a: Deoxys|0 fnt|[from] psn
|faint|p1a: Deoxys
|upkeep
|
|t:|1760821681
|switch|p1a: Ogerpon|Ogerpon-Wellspring, F|100/100
|turn|4
|
|t:|1760821686
|move|p1a: Ogerpon|Encore|p2a: Muk
|-start|p2a: Muk|Encore
|cant|p2a: Muk|par
|
|upkeep
|turn|5
|
|t:|1760821693
|switch|p2a: Gliscor|Gliscor, F|100/100
|-damage|p2a: Gliscor|88/100|[from] Stealth Rock
|move|p1a: Ogerpon|Swords Dance|p1a: Ogerpon
|-boost|p1a: Ogerpon|atk|2
|
|-status|p2a: Gliscor|tox|[from] item: Toxic Orb
|upkeep
|turn|6
|
|t:|1760821697
|move|p2a: Gliscor|Protect|p2a: Gliscor
|-singleturn|p2a: Gliscor|Protect
|move|p1a: Ogerpon|Ivy Cudgel|p2a: Gliscor|[anim] Ivy Cudgel Water
|-activate|p2a: Gliscor|move: Protect
|
|-heal|p2a: Gliscor|100/100 tox|[from] ability: Poison Heal
|upkeep
|turn|7
|
|t:|1760821702
|switch|p2a: Dondozo|Dondozo, M|100/100
|-damage|p2a: Dondozo|88/100|[from] Stealth Rock
|move|p1a: Ogerpon|Ivy Cudgel|p2a: Dondozo|[anim] Ivy Cudgel Water
|-resisted|p2a: Dondozo
|-damage|p2a: Dondozo|69/100
|
|-heal|p2a: Dondozo|75/100|[from] item: Leftovers
|upkeep
|turn|8
|
|t:|1760821706
|-terastallize|p2a: Dondozo|Electric
|move|p1a: Ogerpon|Trailblaze|p2a: Dondozo
|-damage|p2a: Dondozo|59/100
|-boost|p1a: Ogerpon|spe|1
|move|p2a: Dondozo|Curse|p2a: Dondozo
|-unboost|p2a: Dondozo|spe|1
|-boost|p2a: Dondozo|atk|1
|-boost|p2a: Dondozo|def|1
|
|-heal|p2a: Dondozo|65/100|[from] item: Leftovers
|upkeep
|turn|9
|
|t:|1760821714
|move|p1a: Ogerpon|Encore|p2a: Dondozo
|-start|p2a: Dondozo|Encore
|move|p2a: Dondozo|Curse|p2a: Dondozo
|-unboost|p2a: Dondozo|spe|1
|-boost|p2a: Dondozo|atk|1
|-boost|p2a: Dondozo|def|1
|
|-heal|p2a: Dondozo|71/100|[from] item: Leftovers
|upkeep
|turn|10
|
|t:|1760821716
|move|p1a: Ogerpon|Ivy Cudgel|p2a: Dondozo|[anim] Ivy Cudgel Water
|-damage|p2a: Dondozo|54/100
|move|p2a: Dondozo|Curse|p2a: Dondozo
|-unboost|p2a: Dondozo|spe|1
|-boost|p2a: Dondozo|atk|1
|-boost|p2a: Dondozo|def|1
|
|-heal|p2a: Dondozo|60/100|[from] item: Leftovers
|upkeep
|turn|11
|
|t:|1760821722
|move|p1a: Ogerpon|Ivy Cudgel|p2a: Dondozo|[anim] Ivy Cudgel Water
|-damage|p2a: Dondozo|45/100
|move|p2a: Dondozo|Curse|p2a: Dondozo
|-unboost|p2a: Dondozo|spe|1
|-boost|p2a: Dondozo|atk|1
|-boost|p2a: Dondozo|def|1
|
|-heal|p2a: Dondozo|51/100|[from] item: Leftovers
|-end|p2a: Dondozo|Encore
|upkeep
|turn|12
|
|t:|1760821726
|move|p1a: Ogerpon|Encore|p2a: Dondozo
|-start|p2a: Dondozo|Encore
|move|p2a: Dondozo|Curse|p2a: Dondozo
|-unboost|p2a: Dondozo|spe|1
|-boost|p2a: Dondozo|atk|1
|-boost|p2a: Dondozo|def|1
|
|-heal|p2a: Dondozo|57/100|[from] item: Leftovers
|upkeep
|turn|13
|
|t:|1760821729
|move|p1a: Ogerpon|Ivy Cudgel|p2a: Dondozo|[anim] Ivy Cudgel Water
|-damage|p2a: Dondozo|47/100
|move|p2a: Dondozo|Curse|p2a: Dondozo
|-unboost|p2a: Dondozo|spe|1
|-boost|p2a: Dondozo|atk|1
|-boost|p2a: Dondozo|def|1
|
|-heal|p2a: Dondozo|53/100|[from] item: Leftovers
|upkeep
|turn|14
|
|t:|1760821733
|move|p1a: Ogerpon|Ivy Cudgel|p2a: Dondozo|[anim] Ivy Cudgel Water
|-damage|p2a: Dondozo|44/100
|move|p2a: Dondozo|Curse|p2a: Dondozo
|
|-heal|p2a: Dondozo|50/100|[from] item: Leftovers
|-end|p2a: Dondozo|Encore
|upkeep
|turn|15
|
|t:|1760821737
|move|p1a: Ogerpon|Encore|p2a: Dondozo
|-start|p2a: Dondozo|Encore
|move|p2a: Dondozo|Curse|p2a: Dondozo
|
|-heal|p2a: Dondozo|56/100|[from] item: Leftovers
|upkeep
|turn|16
|
|t:|1760821741
|move|p1a: Ogerpon|Ivy Cudgel|p2a: Dondozo|[anim] Ivy Cudgel Water
|-crit|p2a: Dondozo
|-damage|p2a: Dondozo|5/100
|move|p2a: Dondozo|Curse|p2a: Dondozo
|
|-heal|p2a: Dondozo|12/100|[from] item: Leftovers
|upkeep
|turn|17
|
|t:|1760821748
|move|p1a: Ogerpon|Ivy Cudgel|p2a: Dondozo|[anim] Ivy Cudgel Water
|-damage|p2a: Dondozo|3/100
|move|p2a: Dondozo|Curse|p2a: Dondozo
|
|-heal|p2a: Dondozo|9/100|[from] item: Leftovers
|-end|p2a: Dondozo|Encore
|upkeep
|turn|18
|
|t:|1760821752
|move|p1a: Ogerpon|Ivy Cudgel|p2a: Dondozo|[anim] Ivy Cudgel Water
|-damage|p2a: Dondozo|1/100
|move|p2a: Dondozo|Rest|p2a: Dondozo
|-status|p2a: Dondozo|slp|[from] move: Rest
|-heal|p2a: Dondozo|100/100 slp|[silent]
|
|upkeep
|turn|19
|
|t:|1760821764
|move|p1a: Ogerpon|Encore|p2a: Dondozo
|-start|p2a: Dondozo|Encore
|cant|p2a: Dondozo|slp
|
|upkeep
|turn|20
|
|t:|1760821773
|switch|p1a: Iron Moth|Iron Moth|100/100
|-enditem|p1a: Iron Moth|Booster Energy
|-activate|p1a: Iron Moth|ability: Quark Drive|[fromitem]
|-start|p1a: Iron Moth|quarkdrivespa
|cant|p2a: Dondozo|slp
|
|upkeep
|turn|21
|
|t:|1760821777
|move|p1a: Iron Moth|Substitute|p1a: Iron Moth
|-start|p1a: Iron Moth|Substitute
|-damage|p1a: Iron Moth|76/100
|-curestatus|p2a: Dondozo|slp|[msg]
|move|p2a: Dondozo|Rest|p2a: Dondozo
|-fail|p2a: Dondozo|heal
|
|-end|p2a: Dondozo|Encore
|upkeep
|turn|22
|
|t:|1760821786
|move|p1a: Iron Moth|Sludge Wave|p2a: Dondozo
|-damage|p2a: Dondozo|59/100
|move|p2a: Dondozo|Liquidation|p1a: Iron Moth
|-supereffective|p1a: Iron Moth
|-end|p1a: Iron Moth|Substitute
|
|-heal|p2a: Dondozo|65/100|[from] item: Leftovers
|upkeep
|turn|23
|
|t:|1760821789
|move|p1a: Iron Moth|Sludge Wave|p2a: Dondozo
|-crit|p2a: Dondozo
|-damage|p2a: Dondozo|3/100
|-status|p2a: Dondozo|psn
|move|p2a: Dondozo|Liquidation|p1a: Iron Moth
|-supereffective|p1a: Iron Moth
|-damage|p1a: Iron Moth|0 fnt
|faint|p1a: Iron Moth
|-end|p1a: Iron Moth|Quark Drive|[silent]
|
|-heal|p2a: Dondozo|9/100 psn|[from] item: Leftovers
|-damage|p2a: Dondozo|0 fnt|[from] psn
|faint|p2a: Dondozo
|upkeep
|
|t:|1760821797
|switch|p1a: Ogerpon|Ogerpon-Wellspring, F|100/100
|switch|p2a: Gliscor|Gliscor, F|100/100 tox
|-damage|p2a: Gliscor|88/100 tox|[from] Stealth Rock
|turn|24
|
|t:|1760821802
|move|p1a: Ogerpon|Swords Dance|p1a: Ogerpon
|-boost|p1a: Ogerpon|atk|2
|move|p2a: Gliscor|Toxic|p1a: Ogerpon
|-status|p1a: Ogerpon|tox
|
|-damage|p1a: Ogerpon|95/100 tox|[from] psn
|-heal|p2a: Gliscor|100/100 tox|[from] ability: Poison Heal
|upkeep
|turn|25
|
|t:|1760821805
|move|p2a: Gliscor|Protect|p2a: Gliscor
|-singleturn|p2a: Gliscor|Protect
|move|p1a: Ogerpon|Swords Dance|p1a: Ogerpon
|-boost|p1a: Ogerpon|atk|2
|
|-damage|p1a: Ogerpon|83/100 tox|[from] psn
|upkeep
|turn|26
|
|t:|1760821812
|move|p1a: Ogerpon|Ivy Cudgel|p2a: Gliscor|[anim] Ivy Cudgel Water
|-supereffective|p2a: Gliscor
|-damage|p2a: Gliscor|0 fnt
|faint|p2a: Gliscor
|
|-damage|p1a: Ogerpon|65/100 tox|[from] psn
|upkeep
|
|t:|1760821819
|switch|p2a: Corviknight|Corviknight, M|100/100
|-damage|p2a: Corviknight|88/100|[from] Stealth Rock
|-ability|p2a: Corviknight|Pressure
|turn|27
|
|t:|1760821824
|move|p1a: Ogerpon|Ivy Cudgel|p2a: Corviknight|[anim] Ivy Cudgel Water
|-crit|p2a: Corviknight
|-damage|p2a: Corviknight|0 fnt
|faint|p2a: Corviknight
|
|-damage|p1a: Ogerpon|41/100 tox|[from] psn
|upkeep
|
|t:|1760821828
|switch|p2a: Clodsire|Clodsire, F|100/100
|-damage|p2a: Clodsire|94/100|[from] Stealth Rock
|turn|28
|
|t:|1760821830
|move|p1a: Ogerpon|Ivy Cudgel|p2a: Clodsire|[anim] Ivy Cudgel Water
|-heal|p2a: Clodsire|100/100|[from] ability: Water Absorb|[of] p1a: Ogerpon
|move|p2a: Clodsire|Stealth Rock|p1a: Ogerpon
|-sidestart|p1: vghhjg|move: Stealth Rock
|
|-damage|p1a: Ogerpon|11/100 tox|[from] psn
|upkeep
|turn|29
|
|t:|1760821835
|move|p1a: Ogerpon|Encore|p2a: Clodsire
|-start|p2a: Clodsire|Encore
|move|p2a: Clodsire|Stealth Rock||[still]
|-fail|p2a: Clodsire
|
|-damage|p1a: Ogerpon|0 fnt|[from] psn
|faint|p1a: Ogerpon
|upkeep
|
|t:|1760821840
|switch|p1a: Dragonite|Dragonite, F|100/100
|turn|30
|
|t:|1760821842
|switch|p2a: Kyurem|Kyurem|100/100
|-damage|p2a: Kyurem|76/100|[from] Stealth Rock
|-ability|p2a: Kyurem|Pressure
|move|p1a: Dragonite|Dragon Dance|p1a: Dragonite
|-boost|p1a: Dragonite|atk|1
|-boost|p1a: Dragonite|spe|1
|
|-heal|p2a: Kyurem|82/100|[from] item: Leftovers
|upkeep
|turn|31
|
|t:|1760821852
|-terastallize|p1a: Dragonite|Normal
|move|p2a: Kyurem|Freeze-Dry|p1a: Dragonite
|-damage|p1a: Dragonite|88/100
|move|p1a: Dragonite|Dragon Dance|p1a: Dragonite
|-boost|p1a: Dragonite|atk|1
|-boost|p1a: Dragonite|spe|1
|
|-heal|p2a: Kyurem|88/100|[from] item: Leftovers
|upkeep
|turn|32
|
|t:|1760821858
|move|p1a: Dragonite|Extreme Speed|p2a: Kyurem
|-damage|p2a: Kyurem|18/100
|move|p2a: Kyurem|Body Press|p1a: Dragonite
|-supereffective|p1a: Dragonite
|-damage|p1a: Dragonite|50/100
|
|-heal|p2a: Kyurem|24/100|[from] item: Leftovers
|upkeep
|turn|33
|
|t:|1760821864
|move|p2a: Kyurem|Protect|p2a: Kyurem
|-singleturn|p2a: Kyurem|Protect
|move|p1a: Dragonite|Extreme Speed|p2a: Kyurem
|-activate|p2a: Kyurem|move: Protect
|
|-heal|p2a: Kyurem|30/100|[from] item: Leftovers
|upkeep
|turn|34
|
|t:|1760821869
|move|p2a: Kyurem|Protect||[still]
|-fail|p2a: Kyurem
|move|p1a: Dragonite|Extreme Speed|p2a: Kyurem
|-damage|p2a: Kyurem|0 fnt
|faint|p2a: Kyurem
|
|upkeep
|
|t:|1760821871
|switch|p2a: Clodsire|Clodsire, F|100/100
|-damage|p2a: Clodsire|94/100|[from] Stealth Rock
|turn|35
|
|t:|1760821874
|move|p1a: Dragonite|Earthquake|p2a: Clodsire
|-supereffective|p2a: Clodsire
|-crit|p2a: Clodsire
|-damage|p2a: Clodsire|0 fnt
|faint|p2a: Clodsire
|
|upkeep
|-message|drenom forfeited.
|
|win|vghhjg
|raw|vghhjg's rating: 1602 &rarr; <strong>1617</strong><br />(+15 for winning)
|raw|drenom's rating: 1508 &rarr; <strong>1493</strong><br />(-15 for losing)
|l|☆drenom
|player|p2|
|l|☆vghhjg
|player|p1|
