|badge|p2|bronze|gen9ou|100-7
|uhtml|medal-msg|<div class="broadcast-blue">Curious what those medals under the avatar are? PS now has Ladder Seasons! For more information, check out the <a href="https://www.smogon.com/forums/threads/3740067/">thread on Smogon.</a></div>
|j|☆newhere1310
|j|☆LT121GU Prav33n
|t:|1760851818
|gametype|singles
|player|p1|newhere1310|gentleman-lgpe|1608
|player|p2|LT121GU Prav33n|koga|1899
|gen|9
|tier|[Gen 9] OU
|rated|
|rule|HP Percentage Mod: HP is shown in percentages
|rule|Endless Battle Clause: Forcing endless battles is banned
|rule|Species Clause: Limit one of each Pokémon
|rule|OHKO Clause: OHKO moves are banned
|rule|Evasion Items Clause: Evasion items are banned
|rule|Evasion Moves Clause: Evasion moves are banned
|rule|Evasion Abilities Clause: Evasion abilities are banned
|rule|Sleep Moves Clause: Sleep-inducing moves are banned
|clearpoke
|poke|p1|Volcanion|
|poke|p1|Great Tusk|
|poke|p1|Iron Crown|
|poke|p1|Weavile, M|
|poke|p1|Clodsire, M|
|poke|p1|Dragonite, M|
|poke|p2|Samurott-Hisui, M|
|poke|p2|Pecharunt|
|poke|p2|Latios, M|
|poke|p2|Zamazenta-*|
|poke|p2|Heatran, F|
|poke|p2|Gliscor, M|
|teampreview
|c|☆newhere1310|Big fan
|c|☆LT121GU Prav33n|appreciate it brother
|c|☆LT121GU Prav33n|hf
|c|☆newhere1310|U2
|inactive|Battle timer is ON: inactive players will automatically lose when time's up. (requested by LT121GU Prav33n)
|
|t:|1760851877
|teamsize|p1|6
|teamsize|p2|6
|start
|switch|p1a: Iron Crown|Iron Crown|100/100
|switch|p2a: Latios|Latios, M, shiny|100/100
|turn|1
|
|t:|1760851886
|switch|p2a: Heatran|Heatran, F|100/100
|move|p1a: Iron Crown|Volt Switch|p2a: Heatran
|-damage|p2a: Heatran|76/100
|
|t:|1760851894
|-end|p1a: Iron Crown|Quark Drive|[silent]
|switch|p1a: Great Tusk|Great Tusk|100/100|[from] Volt Switch
|
|-heal|p2a: Heatran|83/100|[from] item: Leftovers
|upkeep
|turn|2
|
|t:|1760851900
|switch|p2a: Latios|Latios, M, shiny|100/100
|move|p1a: Great Tusk|Stealth Rock|p2a: Latios
|-sidestart|p2: LT121GU Prav33n|move: Stealth Rock
|
|upkeep
|turn|3
|
|t:|1760851910
|switch|p2a: Samurott|Samurott-Hisui, M|100/100
|-end|p1a: Great Tusk|Protosynthesis|[silent]
|switch|p1a: Volcanion|Volcanion|100/100
|
|upkeep
|turn|4
|
|t:|1760851917
|switch|p1a: Clodsire|Clodsire, M|100/100
|move|p2a: Samurott|Ceaseless Edge|p1a: Clodsire
|-damage|p1a: Clodsire|70/100
|-damage|p2a: Samurott|84/100|[from] item: Rocky Helmet|[of] p1a: Clodsire
|-sidestart|p1: newhere1310|Spikes
|
|upkeep
|turn|5
|
|t:|1760851921
|switch|p2a: Gliscor|Gliscor, M, shiny|100/100
|-damage|p2a: Gliscor|88/100|[from] Stealth Rock
|move|p1a: Clodsire|Counter||[still]
|-fail|p1a: Clodsire
|
|-status|p2a: Gliscor|tox|[from] item: Toxic Orb
|upkeep
|turn|6
|
|t:|1760851929
|switch|p1a: Great Tusk|Great Tusk|100/100
|move|p2a: Gliscor|Swords Dance|p2a: Gliscor
|-boost|p2a: Gliscor|atk|2
|
|-heal|p2a: Gliscor|100/100 tox|[from] ability: Poison Heal
|upkeep
|turn|7
|
|t:|1760851954
|-terastallize|p2a: Gliscor|Normal
|move|p1a: Great Tusk|Ice Spinner|p2a: Gliscor
|-damage|p2a: Gliscor|77/100 tox
|move|p2a: Gliscor|Facade|p1a: Great Tusk
|-damage|p1a: Great Tusk|31/100
|
|-heal|p2a: Gliscor|89/100 tox|[from] ability: Poison Heal
|upkeep
|turn|8
|j| Scoob252525
|
|t:|1760851960
|move|p2a: Gliscor|Protect|p2a: Gliscor
|-singleturn|p2a: Gliscor|Protect
|move|p1a: Great Tusk|Rapid Spin|p2a: Gliscor
|-activate|p2a: Gliscor|move: Protect
|
|-heal|p2a: Gliscor|100/100 tox|[from] ability: Poison Heal
|upkeep
|turn|9
|
|t:|1760851962
|move|p1a: Great Tusk|Headlong Rush|p2a: Gliscor
|-damage|p2a: Gliscor|49/100 tox
|-unboost|p1a: Great Tusk|def|1
|-unboost|p1a: Great Tusk|spd|1
|move|p2a: Gliscor|Facade|p1a: Great Tusk
|-damage|p1a: Great Tusk|0 fnt
|faint|p1a: Great Tusk
|-end|p1a: Great Tusk|Protosynthesis|[silent]
|
|-heal|p2a: Gliscor|62/100 tox|[from] ability: Poison Heal
|upkeep
|l| Scoob252525
|
|t:|1760851968
|switch|p1a: Iron Crown|Iron Crown|100/100
|-damage|p1a: Iron Crown|88/100|[from] Spikes
|turn|10
|
|t:|1760851969
|move|p2a: Gliscor|Protect|p2a: Gliscor
|-singleturn|p2a: Gliscor|Protect
|move|p1a: Iron Crown|Tachyon Cutter|p2a: Gliscor
|-activate|p2a: Gliscor|move: Protect
|
|-heal|p2a: Gliscor|74/100 tox|[from] ability: Poison Heal
|upkeep
|turn|11
|
|t:|1760851972
|switch|p2a: Heatran|Heatran, F|83/100
|-damage|p2a: Heatran|70/100|[from] Stealth Rock
|-terastallize|p1a: Iron Crown|Steel
|move|p1a: Iron Crown|Tachyon Cutter|p2a: Heatran
|-resisted|p2a: Heatran
|-damage|p2a: Heatran|62/100
|-resisted|p2a: Heatran
|-damage|p2a: Heatran|54/100
|-hitcount|p2a: Heatran|2
|
|-heal|p2a: Heatran|60/100|[from] item: Leftovers
|upkeep
|turn|12
|
|t:|1760851976
|-end|p1a: Iron Crown|Quark Drive|[silent]
|switch|p1a: Volcanion|Volcanion|100/100
|-damage|p1a: Volcanion|88/100|[from] Spikes
|move|p2a: Heatran|Stealth Rock|p1a: Volcanion
|-sidestart|p1: newhere1310|move: Stealth Rock
|
|-heal|p2a: Heatran|66/100|[from] item: Leftovers
|upkeep
|turn|13
|
|t:|1760851994
|switch|p2a: Latios|Latios, M, shiny|100/100
|-damage|p2a: Latios|88/100|[from] Stealth Rock
|move|p1a: Volcanion|Steam Eruption|p2a: Latios
|-resisted|p2a: Latios
|-damage|p2a: Latios|56/100
|
|upkeep
|turn|14
|
|t:|1760852000
|move|p2a: Latios|Draco Meteor|p1a: Volcanion
|-damage|p1a: Volcanion|41/100
|-unboost|p2a: Latios|spa|2
|move|p1a: Volcanion|Sludge Bomb|p2a: Latios
|-damage|p2a: Latios|19/100
|
|upkeep
|turn|15
|
|t:|1760852013
|move|p2a: Latios|Draco Meteor|p1a: Volcanion
|-damage|p1a: Volcanion|20/100
|-unboost|p2a: Latios|spa|2
|move|p1a: Volcanion|Sludge Bomb|p2a: Latios
|-damage|p2a: Latios|0 fnt
|faint|p2a: Latios
|
|upkeep
|
|t:|1760852023
|switch|p2a: Samurott|Samurott-Hisui, M|84/100
|turn|16
|
|t:|1760852026
|move|p2a: Samurott|Ceaseless Edge|p1a: Volcanion
|-damage|p1a: Volcanion|0 fnt
|-sidestart|p1: newhere1310|Spikes
|faint|p1a: Volcanion
|
|upkeep
|
|t:|1760852029
|switch|p1a: Clodsire|Clodsire, M|70/100
|-damage|p1a: Clodsire|53/100|[from] Spikes
|-damage|p1a: Clodsire|47/100|[from] Stealth Rock
|turn|17
|
|t:|1760852040
|move|p2a: Samurott|Razor Shell|p1a: Clodsire
|-supereffective|p1a: Clodsire
|-damage|p1a: Clodsire|0 fnt
|-damage|p2a: Samurott|67/100|[from] item: Rocky Helmet|[of] p1a: Clodsire
|faint|p1a: Clodsire
|
|upkeep
|
|t:|1760852046
|switch|p1a: Weavile|Weavile, M|100/100
|-damage|p1a: Weavile|84/100|[from] Spikes
|-damage|p1a: Weavile|59/100|[from] Stealth Rock
|-ability|p1a: Weavile|Pressure
|turn|18
|
|t:|1760852055
|move|p1a: Weavile|Low Kick|p2a: Samurott
|-supereffective|p2a: Samurott
|-crit|p2a: Samurott
|-damage|p2a: Samurott|0 fnt
|faint|p2a: Samurott
|
|upkeep
|
|t:|1760852059
|switch|p2a: Zamazenta|Zamazenta|100/100
|-ability|p2a: Zamazenta|Dauntless Shield|boost
|-boost|p2a: Zamazenta|def|1
|turn|19
|
|t:|1760852064
|switch|p1a: Iron Crown|Iron Crown, tera:Steel|88/100
|-damage|p1a: Iron Crown|72/100|[from] Spikes
|-damage|p1a: Iron Crown|65/100|[from] Stealth Rock
|move|p2a: Zamazenta|Heavy Slam|p1a: Iron Crown
|-resisted|p1a: Iron Crown
|-damage|p1a: Iron Crown|58/100
|
|upkeep
|turn|20
|
|t:|1760852073
|move|p2a: Zamazenta|Close Combat|p1a: Iron Crown
|-supereffective|p1a: Iron Crown
|-damage|p1a: Iron Crown|0 fnt
|-unboost|p2a: Zamazenta|def|1
|-unboost|p2a: Zamazenta|spd|1
|faint|p1a: Iron Crown
|-end|p1a: Iron Crown|Quark Drive|[silent]
|
|upkeep
|
|t:|1760852075
|switch|p1a: Dragonite|Dragonite, M|100/100
|turn|21
|
|t:|1760852082
|switch|p2a: Pecharunt|Pecharunt|100/100
|move|p1a: Dragonite|Dragon Dance|p1a: Dragonite
|-boost|p1a: Dragonite|atk|1
|-boost|p1a: Dragonite|spe|1
|
|upkeep
|turn|22
|
|t:|1760852085
|move|p1a: Dragonite|Earthquake|p2a: Pecharunt
|-supereffective|p2a: Pecharunt
|-damage|p2a: Pecharunt|46/100
|move|p2a: Pecharunt|Malignant Chain|p1a: Dragonite
|-damage|p1a: Dragonite|85/100
|-status|p1a: Dragonite|tox
|-start|p1a: Dragonite|confusion|[from] ability: Poison Puppeteer|[of] p2a: Pecharunt
|
|-damage|p1a: Dragonite|79/100 tox|[from] psn
|upkeep
|turn|23
|
|t:|1760852090
|-activate|p1a: Dragonite|confusion
|-damage|p1a: Dragonite|52/100 tox|[from] confusion
|move|p2a: Pecharunt|Parting Shot|p1a: Dragonite
|-unboost|p1a: Dragonite|atk|1
|-unboost|p1a: Dragonite|spa|1
|c|☆newhere1310|gg
|c|☆LT121GU Prav33n|gg
|-message|newhere1310 forfeited.
|
|win|LT121GU Prav33n
|raw|newhere1310's rating: 1608 &rarr; <strong>1602</strong><br />(-6 for losing)
|raw|LT121GU Prav33n's rating: 1899 &rarr; <strong>1905</strong><br />(+6 for winning)
|l|☆LT121GU Prav33n
|player|p2|
