|j|☆jadhe
|j|☆eucalipto69!
|t:|1760838031
|gametype|singles
|player|p1|jadhe|2|1198
|player|p2|eucalipto69!|266|1216
|gen|9
|tier|[Gen 9] OU
|rated|
|rule|HP Percentage Mod: HP is shown in percentages
|rule|Endless Battle Clause: Forcing endless battles is banned
|rule|Species Clause: Limit one of each Pokémon
|rule|OHKO Clause: OHKO moves are banned
|rule|Evasion Items Clause: Evasion items are banned
|rule|Evasion Moves Clause: Evasion moves are banned
|rule|Evasion Abilities Clause: Evasion abilities are banned
|rule|Sleep Moves Clause: Sleep-inducing moves are banned
|clearpoke
|poke|p1|Gliscor, F|
|poke|p1|Tropius, F|
|poke|p1|Cinderace, M|
|poke|p1|Indeedee, M|
|poke|p1|Iron Treads|
|poke|p1|Heatran, M|
|poke|p2|Clefable, F|
|poke|p2|Dragonite, F|
|poke|p2|Scrafty, M|
|poke|p2|Meganium, F|
|poke|p2|Pyroar, M|
|poke|p2|Skarmory, F|
|teampreview
|
|t:|1760838047
|teamsize|p1|6
|teamsize|p2|6
|start
|switch|p1a: Cinderace|Cinderace, M|100/100
|switch|p2a: Scrafty|Scrafty, M|100/100
|-ability|p2a: Scrafty|Intimidate|boost
|-unboost|p1a: Cinderace|atk|1
|turn|1
|
|t:|1760838056
|move|p2a: Scrafty|Fake Out|p1a: Cinderace
|-damage|p1a: Cinderace|84/100
|cant|p1a: Cinderace|flinch
|
|upkeep
|turn|2
|
|t:|1760838063
|move|p1a: Cinderace|U-turn|p2a: Scrafty
|-start|p1a: Cinderace|typechange|Bug|[from] ability: Libero
|-damage|p2a: Scrafty|72/100
|-damage|p1a: Cinderace|74/100|[from] item: Life Orb
|
|t:|1760838070
|switch|p1a: Gliscor|Gliscor, F|100/100|[from] U-turn
|move|p2a: Scrafty|Knock Off|p1a: Gliscor
|-damage|p1a: Gliscor|73/100
|-enditem|p1a: Gliscor|Toxic Orb|[from] move: Knock Off|[of] p2a: Scrafty
|
|upkeep
|turn|3
|
|t:|1760838076
|move|p1a: Gliscor|Toxic|p2a: Scrafty
|-status|p2a: Scrafty|tox
|move|p2a: Scrafty|Ice Punch|p1a: Gliscor
|-supereffective|p1a: Gliscor
|-crit|p1a: Gliscor
|-damage|p1a: Gliscor|0 fnt
|faint|p1a: Gliscor
|
|-damage|p2a: Scrafty|66/100 tox|[from] psn
|upkeep
|
|t:|1760838110
|switch|p1a: Indeedee|Indeedee, M|100/100
|-fieldstart|move: Psychic Terrain|[from] ability: Psychic Surge|[of] p1a: Indeedee
|turn|4
|
|t:|1760838121
|move|p1a: Indeedee|Dazzling Gleam|p2a: Scrafty
|-supereffective|p2a: Scrafty
|-damage|p2a: Scrafty|3/100 tox
|move|p2a: Scrafty|Knock Off|p1a: Indeedee
|-supereffective|p1a: Indeedee
|-damage|p1a: Indeedee|0 fnt
|-enditem|p1a: Indeedee|Choice Scarf|[from] move: Knock Off|[of] p2a: Scrafty
|faint|p1a: Indeedee
|
|-damage|p2a: Scrafty|0 fnt|[from] psn
|faint|p2a: Scrafty
|upkeep
|
|t:|1760838150
|switch|p1a: Heatran|Heatran, M|100/100
|switch|p2a: Meganium|Meganium, F|100/100
|-item|p1a: Heatran|Air Balloon
|turn|5
|
|t:|1760838155
|move|p1a: Heatran|Flamethrower|p2a: Meganium
|-supereffective|p2a: Meganium
|-damage|p2a: Meganium|28/100
|move|p2a: Meganium|Dragon Tail|p1a: Heatran
|-resisted|p1a: Heatran
|-damage|p1a: Heatran|96/100
|-status|p2a: Meganium|brn|[from] ability: Flame Body|[of] p1a: Heatran
|-enditem|p1a: Heatran|Air Balloon
|drag|p1a: Cinderace|Cinderace, M|74/100
|
|-heal|p2a: Meganium|34/100 brn|[from] item: Leftovers
|-damage|p2a: Meganium|28/100 brn|[from] brn
|upkeep
|turn|6
|
|t:|1760838183
|move|p1a: Cinderace|U-turn|p2a: Meganium
|-start|p1a: Cinderace|typechange|Bug|[from] ability: Libero
|-supereffective|p2a: Meganium
|-damage|p2a: Meganium|0 fnt
|faint|p2a: Meganium
|-damage|p1a: Cinderace|64/100|[from] item: Life Orb
|
|t:|1760838189
|switch|p1a: Tropius|Tropius, F|100/100|[from] U-turn
|
|upkeep
|
|t:|1760838196
|switch|p2a: Pyroar|Pyroar, M|100/100
|-ability|p2a: Pyroar|Unnerve
|turn|7
|
|t:|1760838200
|-terastallize|p1a: Tropius|Water
|move|p2a: Pyroar|Flamethrower|p1a: Tropius
|-resisted|p1a: Tropius
|-damage|p1a: Tropius|80/100
|move|p1a: Tropius|Leech Seed|p2a: Pyroar
|-start|p2a: Pyroar|move: Leech Seed
|
|-damage|p2a: Pyroar|88/100|[from] Leech Seed|[of] p1a: Tropius
|-heal|p1a: Tropius|89/100|[silent]
|upkeep
|turn|8
|
|t:|1760838209
|switch|p2a: Clefable|Clefable, F|100/100
|move|p1a: Tropius|Substitute|p1a: Tropius
|-start|p1a: Tropius|Substitute
|-damage|p1a: Tropius|64/100
|
|-fieldend|move: Psychic Terrain
|upkeep
|turn|9
|
|t:|1760838214
|move|p2a: Clefable|Thunderbolt|p1a: Tropius
|-supereffective|p1a: Tropius
|-crit|p1a: Tropius
|-end|p1a: Tropius|Substitute
|move|p1a: Tropius|Giga Drain|p2a: Clefable
|-damage|p2a: Clefable|71/100
|-heal|p1a: Tropius|79/100|[from] drain|[of] p2a: Clefable
|
|upkeep
|turn|10
|
|t:|1760838226
|move|p1a: Tropius|Protect|p1a: Tropius
|-singleturn|p1a: Tropius|Protect
|move|p2a: Clefable|Flamethrower|p1a: Tropius
|-activate|p1a: Tropius|move: Protect
|
|upkeep
|turn|11
|
|t:|1760838237
|move|p2a: Clefable|Thunderbolt|p1a: Tropius
|-supereffective|p1a: Tropius
|-damage|p1a: Tropius|6/100
|-enditem|p1a: Tropius|Sitrus Berry|[eat]
|-heal|p1a: Tropius|31/100|[from] item: Sitrus Berry
|move|p1a: Tropius|Giga Drain|p2a: Clefable
|-damage|p2a: Clefable|44/100
|-heal|p1a: Tropius|45/100|[from] drain|[of] p2a: Clefable
|
|-item|p1a: Tropius|Sitrus Berry|[from] ability: Harvest
|upkeep
|-enditem|p1a: Tropius|Sitrus Berry|[eat]
|-heal|p1a: Tropius|69/100|[from] item: Sitrus Berry
|turn|12
|
|t:|1760838245
|switch|p1a: Iron Treads|Iron Treads|100/100
|-enditem|p1a: Iron Treads|Booster Energy
|-activate|p1a: Iron Treads|ability: Quark Drive|[fromitem]
|-start|p1a: Iron Treads|quarkdrivespe
|move|p2a: Clefable|Thunderbolt|p1a: Iron Treads
|-immune|p1a: Iron Treads
|
|upkeep
|turn|13
|
|t:|1760838252
|switch|p2a: Skarmory|Skarmory, F|100/100
|move|p1a: Iron Treads|Earthquake|p2a: Skarmory
|-immune|p2a: Skarmory
|
|upkeep
|turn|14
|
|t:|1760838259
|-end|p1a: Iron Treads|Quark Drive|[silent]
|switch|p1a: Heatran|Heatran, M|96/100
|move|p2a: Skarmory|Body Press|p1a: Heatran
|-supereffective|p1a: Heatran
|-damage|p1a: Heatran|39/100
|
|upkeep
|turn|15
|
|t:|1760838267
|switch|p2a: Dragonite|Dragonite, F|100/100
|move|p1a: Heatran|Stealth Rock|p2a: Dragonite
|-sidestart|p2: eucalipto69!|move: Stealth Rock
|
|upkeep
|turn|16
|
|t:|1760838272
|move|p2a: Dragonite|Earthquake|p1a: Heatran
|-supereffective|p1a: Heatran
|-damage|p1a: Heatran|0 fnt
|faint|p1a: Heatran
|
|upkeep
|inactive|Battle timer is ON: inactive players will automatically lose when time's up. (requested by eucalipto69!)
|
|t:|1760838283
|switch|p1a: Iron Treads|Iron Treads|100/100
|turn|17
|
|t:|1760838289
|-terastallize|p2a: Dragonite|Normal
|move|p1a: Iron Treads|Ice Spinner|p2a: Dragonite
|-damage|p2a: Dragonite|90/100
|move|p2a: Dragonite|Dragon Dance|p2a: Dragonite
|-boost|p2a: Dragonite|atk|1
|-boost|p2a: Dragonite|spe|1
|
|upkeep
|turn|18
|
|t:|1760838300
|move|p2a: Dragonite|Dragon Dance|p2a: Dragonite
|-boost|p2a: Dragonite|atk|1
|-boost|p2a: Dragonite|spe|1
|move|p1a: Iron Treads|Knock Off|p2a: Dragonite
|-damage|p2a: Dragonite|65/100
|-enditem|p2a: Dragonite|Heavy-Duty Boots|[from] move: Knock Off|[of] p1a: Iron Treads
|
|upkeep
|turn|19
|
|t:|1760838308
|move|p2a: Dragonite|Earthquake|p1a: Iron Treads
|-supereffective|p1a: Iron Treads
|-damage|p1a: Iron Treads|0 fnt
|faint|p1a: Iron Treads
|-end|p1a: Iron Treads|Quark Drive|[silent]
|
|upkeep
|
|t:|1760838313
|switch|p1a: Tropius|Tropius, F, tera:Water|69/100
|turn|20
|
|t:|1760838320
|move|p2a: Dragonite|Extreme Speed|p1a: Tropius
|-damage|p1a: Tropius|0 fnt
|faint|p1a: Tropius
|
|upkeep
|
|t:|1760838326
|switch|p1a: Cinderace|Cinderace, M|64/100
|turn|21
|
|t:|1760838329
|move|p2a: Dragonite|Extreme Speed|p1a: Cinderace
|-damage|p1a: Cinderace|0 fnt
|faint|p1a: Cinderace
|
|win|eucalipto69!
|raw|jadhe's rating: 1198 &rarr; <strong>1174</strong><br />(-24 for losing)
|raw|eucalipto69!'s rating: 1216 &rarr; <strong>1240</strong><br />(+24 for winning)
|l|☆jadhe
|player|p1|
|l|☆eucalipto69!
|player|p2|
