|j|☆undftd.one
|j|☆peach boy test
|t:|1760885794
|gametype|singles
|player|p1|undftd.one|265|1221
|player|p2|peach boy test|drayden|1261
|gen|9
|tier|[Gen 9] OU
|rated|
|rule|HP Percentage Mod: HP is shown in percentages
|rule|Endless Battle Clause: Forcing endless battles is banned
|rule|Species Clause: Limit one of each Pokémon
|rule|OHKO Clause: OHKO moves are banned
|rule|Evasion Items Clause: Evasion items are banned
|rule|Evasion Moves Clause: Evasion moves are banned
|rule|Evasion Abilities Clause: Evasion abilities are banned
|rule|Sleep Moves Clause: Sleep-inducing moves are banned
|clearpoke
|poke|p1|Hatterene, F|
|poke|p1|Zapdos|
|poke|p1|Zamazenta-*|
|poke|p1|Walking Wake|
|poke|p1|Landorus-Therian, M|
|poke|p1|Ogerpon-Wellspring, F|
|poke|p2|Iron Hands|
|poke|p2|Moltres|
|poke|p2|Oricorio-Sensu, M|
|poke|p2|Weezing-Galar, F|
|poke|p2|Garchomp, M|
|poke|p2|Lokix, M|
|teampreview
|inactive|Battle timer is ON: inactive players will automatically lose when time's up. (requested by peach boy test)
|c|☆peach boy test|glhf :)
|
|t:|1760885806
|teamsize|p1|6
|teamsize|p2|6
|start
|switch|p1a: Hatterene|Hatterene, F, shiny|100/100
|switch|p2a: Garth Champ|Garchomp, M|100/100
|turn|1
|
|t:|1760885818
|switch|p2a: trawl mez|Moltres|100/100
|move|p1a: Hatterene|Trick Room|p1a: Hatterene
|-fieldstart|move: Trick Room|[of] p1a: Hatterene
|
|upkeep
|turn|2
|
|t:|1760885823
|move|p1a: Hatterene|Psyshock|p2a: trawl mez
|-damage|p2a: trawl mez|55/100
|-damage|p1a: Hatterene|91/100|[from] item: Life Orb
|move|p2a: trawl mez|Flamethrower|p1a: Hatterene
|-damage|p1a: Hatterene|54/100
|
|upkeep
|turn|3
|
|t:|1760885832
|move|p1a: Hatterene|Psyshock|p2a: trawl mez
|-damage|p2a: trawl mez|12/100
|-damage|p1a: Hatterene|44/100|[from] item: Life Orb
|move|p2a: trawl mez|U-turn|p1a: Hatterene
|-damage|p1a: Hatterene|28/100
|
|t:|1760885841
|switch|p2a: Ramen Kaider|Lokix, M|100/100|[from] U-turn
|
|upkeep
|turn|4
|
|t:|1760885847
|switch|p1a: Landorus|Landorus-Therian, M|100/100
|-ability|p1a: Landorus|Intimidate|boost
|-unboost|p2a: Ramen Kaider|atk|1
|move|p2a: Ramen Kaider|First Impression|p1a: Landorus
|-resisted|p1a: Landorus
|-damage|p1a: Landorus|57/100
|
|upkeep
|turn|5
|
|t:|1760885856
|switch|p2a: trawl mez|Moltres|12/100
|move|p1a: Landorus|Stone Edge|p2a: trawl mez
|-supereffective|p2a: trawl mez
|-crit|p2a: trawl mez
|-damage|p2a: trawl mez|0 fnt
|faint|p2a: trawl mez
|
|-fieldend|move: Trick Room
|upkeep
|
|t:|1760885863
|switch|p2a: Brian Hands|Iron Hands|100/100
|-enditem|p2a: Brian Hands|Booster Energy
|-activate|p2a: Brian Hands|ability: Quark Drive|[fromitem]
|-start|p2a: Brian Hands|quarkdriveatk
|turn|6
|
|t:|1760885866
|switch|p1a: Hatterene|Hatterene, F, shiny|28/100
|-terastallize|p2a: Brian Hands|Flying
|move|p2a: Brian Hands|Ice Punch|p1a: Hatterene
|-damage|p1a: Hatterene|0 fnt
|faint|p1a: Hatterene
|
|upkeep
|
|t:|1760885874
|switch|p1a: Landorus|Landorus-Therian, M|57/100
|-ability|p1a: Landorus|Intimidate|boost
|-unboost|p2a: Brian Hands|atk|1
|turn|7
|l|☆peach boy test
|inactive|peach boy test disconnected and has a minute to reconnect!
|player|p2|
|j|☆peach boy test
|inactive|peach boy test reconnected and has 135 seconds left.
|player|p2|peach boy test|drayden|
|
|t:|1760885893
|move|p1a: Landorus|Stone Edge|p2a: Brian Hands
|-supereffective|p2a: Brian Hands
|-damage|p2a: Brian Hands|48/100
|move|p2a: Brian Hands|Ice Punch|p1a: Landorus
|-supereffective|p1a: Landorus
|-damage|p1a: Landorus|0 fnt
|faint|p1a: Landorus
|
|upkeep
|
|t:|1760885916
|switch|p1a: Ogerpon|Ogerpon-Wellspring, F|100/100
|turn|8
|
|t:|1760885923
|move|p1a: Ogerpon|Ivy Cudgel|p2a: Brian Hands|[anim] Ivy Cudgel Water
|-damage|p2a: Brian Hands|6/100
|move|p2a: Brian Hands|Thunder Punch|p1a: Ogerpon
|-damage|p1a: Ogerpon|51/100
|
|upkeep
|turn|9
|
|t:|1760885932
|move|p1a: Ogerpon|Ivy Cudgel|p2a: Brian Hands|[anim] Ivy Cudgel Water
|-damage|p2a: Brian Hands|0 fnt
|faint|p2a: Brian Hands
|-end|p2a: Brian Hands|Quark Drive|[silent]
|
|upkeep
|
|t:|1760885935
|switch|p2a: Ramen Kaider|Lokix, M|100/100
|turn|10
|
|t:|1760885940
|switch|p1a: Zapdos|Zapdos|100/100
|move|p2a: Ramen Kaider|First Impression|p1a: Zapdos
|-resisted|p1a: Zapdos
|-damage|p1a: Zapdos|40/100
|-damage|p2a: Ramen Kaider|84/100|[from] item: Rocky Helmet|[of] p1a: Zapdos
|
|upkeep
|turn|11
|l|☆peach boy test
|inactive|peach boy test disconnected and has a minute to reconnect!
|player|p2|
|j|☆peach boy test
|inactive|peach boy test reconnected and has 120 seconds left.
|player|p2|peach boy test|drayden|
|
|t:|1760885976
|move|p2a: Ramen Kaider|Sucker Punch||[still]
|-fail|p2a: Ramen Kaider
|move|p1a: Zapdos|Sunny Day|p1a: Zapdos
|-weather|SunnyDay
|
|-weather|SunnyDay|[upkeep]
|upkeep
|turn|12
|
|t:|1760885983
|switch|p2a: Garth Champ|Garchomp, M|100/100
|move|p1a: Zapdos|Heat Wave|p2a: Garth Champ
|-resisted|p2a: Garth Champ
|-damage|p2a: Garth Champ|76/100
|
|-weather|SunnyDay|[upkeep]
|upkeep
|turn|13
|
|t:|1760885994
|switch|p1a: Walking Wake|Walking Wake|100/100
|-activate|p1a: Walking Wake|ability: Protosynthesis
|-start|p1a: Walking Wake|protosynthesisspe
|move|p2a: Garth Champ|Stealth Rock|p1a: Walking Wake
|-sidestart|p1: undftd.one|move: Stealth Rock
|
|-weather|SunnyDay|[upkeep]
|upkeep
|turn|14
|
|t:|1760886000
|switch|p2a: walling Geezer|Weezing-Galar, F|100/100
|-ability|p2a: walling Geezer|Neutralizing Gas
|move|p1a: Walking Wake|Hydro Steam|p2a: walling Geezer
|-damage|p2a: walling Geezer|0 fnt
|faint|p2a: walling Geezer
|-end|p2a: walling Geezer|ability: Neutralizing Gas
|-damage|p1a: Walking Wake|91/100|[from] item: Life Orb
|
|-weather|SunnyDay|[upkeep]
|upkeep
|
|t:|1760886007
|switch|p2a: Ollie Corio|Oricorio-Sensu, M|100/100
|turn|15
|
|t:|1760886013
|move|p1a: Walking Wake|Hydro Steam|p2a: Ollie Corio
|-damage|p2a: Ollie Corio|2/100
|-damage|p1a: Walking Wake|81/100|[from] item: Life Orb
|move|p2a: Ollie Corio|Quiver Dance|p2a: Ollie Corio
|-boost|p2a: Ollie Corio|spa|1
|-boost|p2a: Ollie Corio|spd|1
|-boost|p2a: Ollie Corio|spe|1
|
|-weather|none
|-end|p1a: Walking Wake|Protosynthesis
|upkeep
|turn|16
|c|☆peach boy test|gg
|
|t:|1760886023
|move|p1a: Walking Wake|Hydro Steam|p2a: Ollie Corio
|-damage|p2a: Ollie Corio|0 fnt
|faint|p2a: Ollie Corio
|-damage|p1a: Walking Wake|71/100|[from] item: Life Orb
|
|upkeep
|
|t:|1760886024
|switch|p2a: Ramen Kaider|Lokix, M|84/100
|turn|17
|
|t:|1760886030
|move|p2a: Ramen Kaider|First Impression|p1a: Walking Wake
|-damage|p1a: Walking Wake|14/100
|move|p1a: Walking Wake|Flamethrower|p2a: Ramen Kaider
|-supereffective|p2a: Ramen Kaider
|-damage|p2a: Ramen Kaider|0 fnt
|faint|p2a: Ramen Kaider
|-damage|p1a: Walking Wake|4/100|[from] item: Life Orb
|
|upkeep
|
|t:|1760886034
|switch|p2a: Garth Champ|Garchomp, M|76/100
|turn|18
|
|t:|1760886036
|move|p1a: Walking Wake|Draco Meteor|p2a: Garth Champ
|-supereffective|p2a: Garth Champ
|-damage|p2a: Garth Champ|0 fnt
|-unboost|p1a: Walking Wake|spa|2
|faint|p2a: Garth Champ
|-damage|p1a: Walking Wake|0 fnt|[from] item: Life Orb
|faint|p1a: Walking Wake
|-end|p1a: Walking Wake|Protosynthesis|[silent]
|
|win|undftd.one
|raw|undftd.one's rating: 1221 &rarr; <strong>1249</strong><br />(+28 for winning)
|raw|peach boy test's rating: 1261 &rarr; <strong>1233</strong><br />(-28 for losing)
|l|☆undftd.one
|player|p1|
|l|☆peach boy test
|player|p2|
