|j|☆AmanRises
|j|☆cerberus sama
|t:|1760820191
|gametype|singles
|player|p1|AmanRises|marshal|1423
|player|p2|cerberus sama|1|1457
|gen|9
|tier|[Gen 9] OU
|rated|
|rule|HP Percentage Mod: HP is shown in percentages
|rule|Endless Battle Clause: Forcing endless battles is banned
|rule|Species Clause: Limit one of each Pokémon
|rule|OHKO Clause: OHKO moves are banned
|rule|Evasion Items Clause: Evasion items are banned
|rule|Evasion Moves Clause: Evasion moves are banned
|rule|Evasion Abilities Clause: Evasion abilities are banned
|rule|Sleep Moves Clause: Sleep-inducing moves are banned
|clearpoke
|poke|p1|Torkoal, F|
|poke|p1|Venusaur, F|
|poke|p1|Garchomp, M|
|poke|p1|Heatran, M|
|poke|p1|Snorlax, M|
|poke|p1|Great Tusk|
|poke|p2|Garganacl, F|
|poke|p2|Great Tusk|
|poke|p2|Clodsire, M|
|poke|p2|Landorus-Therian, M|
|poke|p2|Iron Valiant|
|poke|p2|Goodra-Hisui, M|
|teampreview
|inactive|Battle timer is ON: inactive players will automatically lose when time's up. (requested by cerberus sama)
|
|t:|1760820223
|teamsize|p1|6
|teamsize|p2|6
|start
|switch|p1a: Garchomp|Garchomp, M|100/100
|switch|p2a: Garganacl|Garganacl, F|100/100
|turn|1
|
|t:|1760820227
|-terastallize|p2a: Garganacl|Ghost
|move|p1a: Garchomp|Stealth Rock|p2a: Garganacl
|-sidestart|p2: cerberus sama|move: Stealth Rock
|move|p2a: Garganacl|Salt Cure|p1a: Garchomp
|-resisted|p1a: Garchomp
|-damage|p1a: Garchomp|96/100
|-start|p1a: Garchomp|Salt Cure
|
|-damage|p1a: Garchomp|84/100|[from] Salt Cure
|upkeep
|turn|2
|
|t:|1760820235
|switch|p2a: Great Tusk|Great Tusk|100/100
|-damage|p2a: Great Tusk|98/100|[from] Stealth Rock
|move|p1a: Garchomp|Dragon Tail|p2a: Great Tusk
|-crit|p2a: Great Tusk
|-damage|p2a: Great Tusk|75/100
|-end|p2a: Great Tusk|Protosynthesis|[silent]
|drag|p2a: Garganacl|Garganacl, F, tera:Ghost|100/100
|-damage|p2a: Garganacl|88/100|[from] Stealth Rock
|
|-heal|p2a: Garganacl|94/100|[from] item: Leftovers
|-damage|p1a: Garchomp|71/100|[from] Salt Cure
|upkeep
|turn|3
|
|t:|1760820248
|switch|p1a: Torkoal|Torkoal, F, shiny|100/100
|-weather|SunnyDay|[from] ability: Drought|[of] p1a: Torkoal
|move|p2a: Garganacl|Salt Cure|p1a: Torkoal
|-supereffective|p1a: Torkoal
|-damage|p1a: Torkoal|84/100
|-start|p1a: Torkoal|Salt Cure
|
|-weather|SunnyDay|[upkeep]
|-heal|p2a: Garganacl|100/100|[from] item: Leftovers
|-damage|p1a: Torkoal|72/100|[from] Salt Cure
|upkeep
|turn|4
|
|t:|1760820258
|move|p2a: Garganacl|Substitute|p2a: Garganacl
|-start|p2a: Garganacl|Substitute
|-damage|p2a: Garganacl|75/100
|move|p1a: Torkoal|Will-O-Wisp||[still]
|-fail|p1a: Torkoal
|
|-weather|SunnyDay|[upkeep]
|-heal|p2a: Garganacl|82/100|[from] item: Leftovers
|-damage|p1a: Torkoal|60/100|[from] Salt Cure
|upkeep
|turn|5
|
|t:|1760820267
|switch|p1a: Garchomp|Garchomp, M|71/100
|move|p2a: Garganacl|Salt Cure|p1a: Garchomp
|-resisted|p1a: Garchomp
|-damage|p1a: Garchomp|67/100
|-start|p1a: Garchomp|Salt Cure
|
|-weather|SunnyDay|[upkeep]
|-heal|p2a: Garganacl|88/100|[from] item: Leftovers
|-damage|p1a: Garchomp|55/100|[from] Salt Cure
|upkeep
|turn|6
|
|t:|1760820276
|move|p2a: Garganacl|Protect|p2a: Garganacl
|-singleturn|p2a: Garganacl|Protect
|move|p1a: Garchomp|Earthquake|p2a: Garganacl
|-activate|p2a: Garganacl|move: Protect
|
|-weather|SunnyDay|[upkeep]
|-heal|p2a: Garganacl|94/100|[from] item: Leftovers
|-damage|p1a: Garchomp|42/100|[from] Salt Cure
|upkeep
|turn|7
|
|t:|1760820285
|move|p1a: Garchomp|Earthquake|p2a: Garganacl
|-activate|p2a: Garganacl|move: Substitute|[damage]
|move|p2a: Garganacl|Substitute|p2a: Garganacl
|-fail|p2a: Garganacl|move: Substitute
|
|-weather|SunnyDay|[upkeep]
|-heal|p2a: Garganacl|99/100|[from] item: Leftovers
|-damage|p1a: Garchomp|30/100|[from] Salt Cure
|upkeep
|turn|8
|
|t:|1760820297
|move|p1a: Garchomp|Spikes|p2a: Garganacl
|-sidestart|p2: cerberus sama|Spikes
|move|p2a: Garganacl|Salt Cure|p1a: Garchomp
|-resisted|p1a: Garchomp
|-damage|p1a: Garchomp|25/100
|
|-weather|SunnyDay|[upkeep]
|-heal|p2a: Garganacl|100/100|[from] item: Leftovers
|-damage|p1a: Garchomp|13/100|[from] Salt Cure
|upkeep
|turn|9
|
|t:|1760820305
|move|p1a: Garchomp|Earthquake|p2a: Garganacl
|-end|p2a: Garganacl|Substitute
|move|p2a: Garganacl|Substitute|p2a: Garganacl
|-start|p2a: Garganacl|Substitute
|-damage|p2a: Garganacl|75/100
|
|-weather|SunnyDay|[upkeep]
|-heal|p2a: Garganacl|82/100|[from] item: Leftovers
|-damage|p1a: Garchomp|0 fnt|[from] Salt Cure
|faint|p1a: Garchomp
|upkeep
|
|t:|1760820313
|switch|p1a: Great Tusk|Great Tusk|100/100
|-activate|p1a: Great Tusk|ability: Protosynthesis
|-start|p1a: Great Tusk|protosynthesisatk
|turn|10
|
|t:|1760820317
|move|p1a: Great Tusk|Knock Off|p2a: Garganacl
|-supereffective|p2a: Garganacl
|-end|p2a: Garganacl|Substitute
|move|p2a: Garganacl|Salt Cure|p1a: Great Tusk
|-resisted|p1a: Great Tusk
|-damage|p1a: Great Tusk|98/100
|-start|p1a: Great Tusk|Salt Cure
|
|-weather|none
|-end|p1a: Great Tusk|Protosynthesis
|-heal|p2a: Garganacl|88/100|[from] item: Leftovers
|-damage|p1a: Great Tusk|86/100|[from] Salt Cure
|upkeep
|turn|11
|
|t:|1760820326
|switch|p2a: Landorus|Landorus-Therian, M|100/100
|-damage|p2a: Landorus|88/100|[from] Stealth Rock
|-ability|p2a: Landorus|Intimidate|boost
|-unboost|p1a: Great Tusk|atk|1
|move|p1a: Great Tusk|Knock Off|p2a: Landorus
|-damage|p2a: Landorus|58/100
|-enditem|p2a: Landorus|Leftovers|[from] move: Knock Off|[of] p1a: Great Tusk
|
|-damage|p1a: Great Tusk|73/100|[from] Salt Cure
|upkeep
|turn|12
|
|t:|1760820340
|-end|p1a: Great Tusk|Protosynthesis|[silent]
|switch|p1a: Snorlax|Snorlax, M|100/100
|move|p2a: Landorus|Grass Knot|p1a: Snorlax
|-damage|p1a: Snorlax|84/100
|
|-heal|p1a: Snorlax|90/100|[from] item: Leftovers
|upkeep
|turn|13
|
|t:|1760820346
|move|p2a: Landorus|U-turn|p1a: Snorlax
|-damage|p1a: Snorlax|72/100
|
|t:|1760820348
|switch|p2a: Great Tusk|Great Tusk|75/100|[from] U-turn
|-damage|p2a: Great Tusk|72/100|[from] Stealth Rock
|-damage|p2a: Great Tusk|59/100|[from] Spikes
|move|p1a: Snorlax|Curse|p1a: Snorlax
|-unboost|p1a: Snorlax|spe|1
|-boost|p1a: Snorlax|atk|1
|-boost|p1a: Snorlax|def|1
|
|-heal|p1a: Snorlax|78/100|[from] item: Leftovers
|upkeep
|turn|14
|
|t:|1760820357
|move|p2a: Great Tusk|Rapid Spin|p1a: Snorlax
|-damage|p1a: Snorlax|68/100
|-boost|p2a: Great Tusk|spe|1
|-sideend|p2: cerberus sama|Spikes|[from] move: Rapid Spin|[of] p2a: Great Tusk
|-sideend|p2: cerberus sama|Stealth Rock|[from] move: Rapid Spin|[of] p2a: Great Tusk
|move|p1a: Snorlax|Curse|p1a: Snorlax
|-unboost|p1a: Snorlax|spe|1
|-boost|p1a: Snorlax|atk|1
|-boost|p1a: Snorlax|def|1
|
|-heal|p1a: Snorlax|74/100|[from] item: Leftovers
|upkeep
|turn|15
|
|t:|1760820366
|-end|p2a: Great Tusk|Protosynthesis|[silent]
|switch|p2a: Landorus|Landorus-Therian, M|58/100
|-ability|p2a: Landorus|Intimidate|boost
|-unboost|p1a: Snorlax|atk|1
|move|p1a: Snorlax|Body Slam|p2a: Landorus
|-damage|p2a: Landorus|6/100
|
|-heal|p1a: Snorlax|80/100|[from] item: Leftovers
|upkeep
|turn|16
|
|t:|1760820373
|move|p2a: Landorus|Earth Power|p1a: Snorlax
|-damage|p1a: Snorlax|63/100
|move|p1a: Snorlax|Body Slam|p2a: Landorus
|-damage|p2a: Landorus|0 fnt
|faint|p2a: Landorus
|
|-heal|p1a: Snorlax|69/100|[from] item: Leftovers
|upkeep
|
|t:|1760820379
|switch|p2a: Iron Valiant|Iron Valiant|100/100
|turn|17
|
|t:|1760820382
|move|p2a: Iron Valiant|Trick|p1a: Snorlax
|-activate|p2a: Iron Valiant|move: Trick|[of] p1a: Snorlax
|-item|p1a: Snorlax|Choice Scarf|[from] move: Trick
|-item|p2a: Iron Valiant|Leftovers|[from] move: Trick
|move|p1a: Snorlax|Body Slam|p2a: Iron Valiant
|-damage|p2a: Iron Valiant|36/100
|-status|p2a: Iron Valiant|par
|
|-heal|p2a: Iron Valiant|42/100 par|[from] item: Leftovers
|upkeep
|turn|18
|
|t:|1760820390
|-end|p2a: Iron Valiant|Quark Drive|[silent]
|switch|p2a: Garganacl|Garganacl, F, tera:Ghost|88/100
|move|p1a: Snorlax|Body Slam|p2a: Garganacl
|-immune|p2a: Garganacl
|
|-heal|p2a: Garganacl|94/100|[from] item: Leftovers
|upkeep
|turn|19
|
|t:|1760820400
|switch|p1a: Torkoal|Torkoal, F, shiny|60/100
|-weather|SunnyDay|[from] ability: Drought|[of] p1a: Torkoal
|move|p2a: Garganacl|Salt Cure|p1a: Torkoal
|-supereffective|p1a: Torkoal
|-damage|p1a: Torkoal|42/100
|-start|p1a: Torkoal|Salt Cure
|
|-weather|SunnyDay|[upkeep]
|-heal|p2a: Garganacl|99/100|[from] item: Leftovers
|-damage|p1a: Torkoal|30/100|[from] Salt Cure
|upkeep
|turn|20
|
|t:|1760820410
|switch|p1a: Great Tusk|Great Tusk|73/100
|-activate|p1a: Great Tusk|ability: Protosynthesis
|-start|p1a: Great Tusk|protosynthesisatk
|move|p2a: Garganacl|Substitute|p2a: Garganacl
|-start|p2a: Garganacl|Substitute
|-damage|p2a: Garganacl|75/100
|
|-weather|SunnyDay|[upkeep]
|-heal|p2a: Garganacl|81/100|[from] item: Leftovers
|upkeep
|turn|21
|
|t:|1760820419
|move|p2a: Garganacl|Protect|p2a: Garganacl
|-singleturn|p2a: Garganacl|Protect
|move|p1a: Great Tusk|Knock Off|p2a: Garganacl
|-activate|p2a: Garganacl|move: Protect
|
|-weather|SunnyDay|[upkeep]
|-heal|p2a: Garganacl|88/100|[from] item: Leftovers
|upkeep
|turn|22
|
|t:|1760820425
|move|p1a: Great Tusk|Knock Off|p2a: Garganacl
|-supereffective|p2a: Garganacl
|-end|p2a: Garganacl|Substitute
|move|p2a: Garganacl|Salt Cure|p1a: Great Tusk
|-resisted|p1a: Great Tusk
|-damage|p1a: Great Tusk|71/100
|-start|p1a: Great Tusk|Salt Cure
|
|-weather|SunnyDay|[upkeep]
|-heal|p2a: Garganacl|94/100|[from] item: Leftovers
|-damage|p1a: Great Tusk|58/100|[from] Salt Cure
|upkeep
|turn|23
|
|t:|1760820434
|move|p2a: Garganacl|Protect|p2a: Garganacl
|-singleturn|p2a: Garganacl|Protect
|move|p1a: Great Tusk|Knock Off|p2a: Garganacl
|-activate|p2a: Garganacl|move: Protect
|
|-weather|SunnyDay|[upkeep]
|-heal|p2a: Garganacl|99/100|[from] item: Leftovers
|-damage|p1a: Great Tusk|46/100|[from] Salt Cure
|upkeep
|turn|24
|
|t:|1760820441
|switch|p2a: Iron Valiant|Iron Valiant|42/100 par
|move|p1a: Great Tusk|Knock Off|p2a: Iron Valiant
|-resisted|p2a: Iron Valiant
|-damage|p2a: Iron Valiant|26/100 par
|-enditem|p2a: Iron Valiant|Leftovers|[from] move: Knock Off|[of] p1a: Great Tusk
|
|-weather|SunnyDay|[upkeep]
|-damage|p1a: Great Tusk|34/100|[from] Salt Cure
|upkeep
|turn|25
|
|t:|1760820449
|-end|p1a: Great Tusk|Protosynthesis|[silent]
|switch|p1a: Snorlax|Snorlax, M|69/100
|cant|p2a: Iron Valiant|par
|
|-weather|SunnyDay|[upkeep]
|upkeep
|turn|26
|
|t:|1760820455
|move|p2a: Iron Valiant|Aura Sphere|p1a: Snorlax
|-supereffective|p1a: Snorlax
|-damage|p1a: Snorlax|32/100
|move|p1a: Snorlax|Body Slam|p2a: Iron Valiant
|-damage|p2a: Iron Valiant|0 fnt
|faint|p2a: Iron Valiant
|-end|p2a: Iron Valiant|Quark Drive|[silent]
|
|-weather|none
|upkeep
|
|t:|1760820460
|switch|p2a: Garganacl|Garganacl, F, tera:Ghost|99/100
|turn|27
|
|t:|1760820471
|switch|p1a: Torkoal|Torkoal, F, shiny|30/100
|-weather|SunnyDay|[from] ability: Drought|[of] p1a: Torkoal
|move|p2a: Garganacl|Salt Cure|p1a: Torkoal
|-supereffective|p1a: Torkoal
|-damage|p1a: Torkoal|12/100
|-start|p1a: Torkoal|Salt Cure
|
|-weather|SunnyDay|[upkeep]
|-heal|p2a: Garganacl|100/100|[from] item: Leftovers
|-damage|p1a: Torkoal|0 fnt|[from] Salt Cure
|faint|p1a: Torkoal
|upkeep
|
|t:|1760820481
|switch|p1a: Great Tusk|Great Tusk|34/100
|-activate|p1a: Great Tusk|ability: Protosynthesis
|-start|p1a: Great Tusk|protosynthesisatk
|turn|28
|
|t:|1760820489
|move|p2a: Garganacl|Protect|p2a: Garganacl
|-singleturn|p2a: Garganacl|Protect
|move|p1a: Great Tusk|Headlong Rush|p2a: Garganacl
|-activate|p2a: Garganacl|move: Protect
|
|-weather|SunnyDay|[upkeep]
|upkeep
|turn|29
|
|t:|1760820494
|move|p1a: Great Tusk|Headlong Rush|p2a: Garganacl
|-damage|p2a: Garganacl|54/100
|-unboost|p1a: Great Tusk|def|1
|-unboost|p1a: Great Tusk|spd|1
|move|p2a: Garganacl|Recover|p2a: Garganacl
|-heal|p2a: Garganacl|100/100
|
|-weather|SunnyDay|[upkeep]
|upkeep
|turn|30
|
|t:|1760820502
|-end|p1a: Great Tusk|Protosynthesis|[silent]
|switch|p1a: Heatran|Heatran, M|100/100
|move|p2a: Garganacl|Salt Cure|p1a: Heatran
|-damage|p1a: Heatran|89/100
|-start|p1a: Heatran|Salt Cure
|
|-weather|SunnyDay|[upkeep]
|-heal|p1a: Heatran|95/100|[from] item: Leftovers
|-damage|p1a: Heatran|70/100|[from] Salt Cure
|upkeep
|turn|31
|
|t:|1760820511
|-terastallize|p1a: Heatran|Grass
|move|p1a: Heatran|Magma Storm|p2a: Garganacl
|-damage|p2a: Garganacl|41/100
|-activate|p2a: Garganacl|move: Magma Storm|[of] p1a: Heatran
|move|p2a: Garganacl|Substitute|p2a: Garganacl
|-start|p2a: Garganacl|Substitute
|-end|p2a: Garganacl|Magma Storm|[partiallytrapped]|[silent]
|-damage|p2a: Garganacl|16/100
|
|-weather|SunnyDay|[upkeep]
|-heal|p1a: Heatran|76/100|[from] item: Leftovers
|-heal|p2a: Garganacl|22/100|[from] item: Leftovers
|-damage|p1a: Heatran|64/100|[from] Salt Cure
|upkeep
|turn|32
|
|t:|1760820522
|move|p1a: Heatran|Earth Power|p2a: Garganacl
|-activate|p2a: Garganacl|move: Substitute|[damage]
|move|p2a: Garganacl|Recover|p2a: Garganacl
|-heal|p2a: Garganacl|72/100
|
|-weather|SunnyDay|[upkeep]
|-heal|p1a: Heatran|70/100|[from] item: Leftovers
|-heal|p2a: Garganacl|78/100|[from] item: Leftovers
|-damage|p1a: Heatran|58/100|[from] Salt Cure
|upkeep
|turn|33
|
|t:|1760820530
|move|p2a: Garganacl|Protect|p2a: Garganacl
|-singleturn|p2a: Garganacl|Protect
|move|p1a: Heatran|Magma Storm|p2a: Garganacl
|-activate|p2a: Garganacl|move: Protect
|
|-weather|SunnyDay|[upkeep]
|-heal|p1a: Heatran|64/100|[from] item: Leftovers
|-heal|p2a: Garganacl|84/100|[from] item: Leftovers
|-damage|p1a: Heatran|52/100|[from] Salt Cure
|upkeep
|turn|34
|
|t:|1760820539
|move|p1a: Heatran|Magma Storm|p2a: Garganacl
|-end|p2a: Garganacl|Substitute
|move|p2a: Garganacl|Recover|p2a: Garganacl
|-heal|p2a: Garganacl|100/100
|
|-weather|none
|-heal|p1a: Heatran|58/100|[from] item: Leftovers
|-damage|p1a: Heatran|45/100|[from] Salt Cure
|upkeep
|turn|35
|c|☆AmanRises|gg
|-message|AmanRises forfeited.
|
|win|cerberus sama
|raw|AmanRises's rating: 1423 &rarr; <strong>1405</strong><br />(-18 for losing)
|raw|cerberus sama's rating: 1457 &rarr; <strong>1475</strong><br />(+18 for winning)
|l|☆AmanRises
|player|p1|
|l|☆cerberus sama
|player|p2|
