|j|☆aavinnn
|j|☆lewishe03
|t:|1760865204
|gametype|singles
|player|p1|aavinnn|2|1070
|player|p2|lewishe03|blue|1040
|gen|9
|tier|[Gen 9] OU
|rated|
|rule|HP Percentage Mod: HP is shown in percentages
|rule|Endless Battle Clause: Forcing endless battles is banned
|rule|Species Clause: Limit one of each Pokémon
|rule|OHKO Clause: OHKO moves are banned
|rule|Evasion Items Clause: Evasion items are banned
|rule|Evasion Moves Clause: Evasion moves are banned
|rule|Evasion Abilities Clause: Evasion abilities are banned
|rule|Sleep Moves Clause: Sleep-inducing moves are banned
|clearpoke
|poke|p1|Gyarados, M|
|poke|p1|Talonflame, M|
|poke|p1|Excadrill, F|
|poke|p1|Clefable, M|
|poke|p1|Raikou|
|poke|p1|Landorus-Therian, M|
|poke|p2|Feraligatr, M|
|poke|p2|Scizor, M|
|poke|p2|Gengar, M|
|poke|p2|Tyranitar, F|
|poke|p2|Umbreon, M|
|poke|p2|Dragapult, F|
|teampreview
|
|t:|1760865212
|teamsize|p1|6
|teamsize|p2|6
|start
|switch|p1a: Gyarados|Gyarados, M|100/100
|switch|p2a: Umbreon|Umbreon, M|100/100
|-ability|p1a: Gyarados|Intimidate|boost
|-unboost|p2a: Umbreon|atk|1
|turn|1
|
|t:|1760865219
|move|p1a: Gyarados|Dragon Dance|p1a: Gyarados
|-boost|p1a: Gyarados|atk|1
|-boost|p1a: Gyarados|spe|1
|move|p2a: Umbreon|Toxic|p1a: Gyarados
|-status|p1a: Gyarados|tox
|
|-damage|p1a: Gyarados|94/100 tox|[from] psn
|upkeep
|turn|2
|
|t:|1760865233
|move|p1a: Gyarados|Dragon Dance|p1a: Gyarados
|-boost|p1a: Gyarados|atk|1
|-boost|p1a: Gyarados|spe|1
|move|p2a: Umbreon|Wish|p2a: Umbreon
|
|-heal|p1a: Gyarados|100/100 tox|[from] item: Leftovers
|-damage|p1a: Gyarados|88/100 tox|[from] psn
|upkeep
|turn|3
|
|t:|1760865241
|move|p1a: Gyarados|Dragon Dance|p1a: Gyarados
|-boost|p1a: Gyarados|atk|1
|-boost|p1a: Gyarados|spe|1
|move|p2a: Umbreon|Dark Pulse|p1a: Gyarados
|-damage|p1a: Gyarados|70/100 tox
|
|-heal|p1a: Gyarados|76/100 tox|[from] item: Leftovers
|-damage|p1a: Gyarados|58/100 tox|[from] psn
|upkeep
|turn|4
|
|t:|1760865251
|move|p1a: Gyarados|Earthquake|p2a: Umbreon
|-damage|p2a: Umbreon|43/100
|move|p2a: Umbreon|Wish|p2a: Umbreon
|
|-heal|p1a: Gyarados|64/100 tox|[from] item: Leftovers
|-heal|p2a: Umbreon|49/100|[from] item: Leftovers
|-damage|p1a: Gyarados|40/100 tox|[from] psn
|upkeep
|turn|5
|
|t:|1760865260
|move|p2a: Umbreon|Protect|p2a: Umbreon
|-singleturn|p2a: Umbreon|Protect
|move|p1a: Gyarados|Earthquake|p2a: Umbreon
|-activate|p2a: Umbreon|move: Protect
|
|-heal|p2a: Umbreon|99/100|[from] move: Wish|[wisher] Umbreon
|-heal|p1a: Gyarados|46/100 tox|[from] item: Leftovers
|-heal|p2a: Umbreon|100/100|[from] item: Leftovers
|-damage|p1a: Gyarados|16/100 tox|[from] psn
|upkeep
|turn|6
|
|t:|1760865271
|switch|p1a: Clefable|Clefable, M|100/100
|move|p2a: Umbreon|Wish|p2a: Umbreon
|
|upkeep
|turn|7
|
|t:|1760865276
|move|p2a: Umbreon|Toxic|p1a: Clefable|[miss]
|-miss|p2a: Umbreon|p1a: Clefable
|move|p1a: Clefable|Wish|p1a: Clefable
|
|upkeep
|turn|8
|
|t:|1760865282
|move|p2a: Umbreon|Toxic|p1a: Clefable
|-status|p1a: Clefable|tox
|move|p1a: Clefable|Moonblast|p2a: Umbreon
|-supereffective|p2a: Umbreon
|-damage|p2a: Umbreon|57/100
|
|-heal|p2a: Umbreon|63/100|[from] item: Leftovers
|-damage|p1a: Clefable|94/100 tox|[from] psn
|upkeep
|turn|9
|
|t:|1760865295
|move|p2a: Umbreon|Protect|p2a: Umbreon
|-singleturn|p2a: Umbreon|Protect
|move|p1a: Clefable|Moonblast|p2a: Umbreon
|-activate|p2a: Umbreon|move: Protect
|
|-heal|p2a: Umbreon|70/100|[from] item: Leftovers
|-heal|p1a: Clefable|100/100 tox|[from] item: Leftovers
|-damage|p1a: Clefable|88/100 tox|[from] psn
|upkeep
|turn|10
|
|t:|1760865305
|move|p2a: Umbreon|Wish|p2a: Umbreon
|move|p1a: Clefable|Moonblast|p2a: Umbreon
|-supereffective|p2a: Umbreon
|-damage|p2a: Umbreon|28/100
|
|-heal|p2a: Umbreon|34/100|[from] item: Leftovers
|-heal|p1a: Clefable|94/100 tox|[from] item: Leftovers
|-damage|p1a: Clefable|76/100 tox|[from] psn
|upkeep
|turn|11
|
|t:|1760865314
|move|p2a: Umbreon|Protect|p2a: Umbreon
|-singleturn|p2a: Umbreon|Protect
|move|p1a: Clefable|Moonblast|p2a: Umbreon
|-activate|p2a: Umbreon|move: Protect
|
|-heal|p2a: Umbreon|84/100|[from] move: Wish|[wisher] Umbreon
|-heal|p2a: Umbreon|90/100|[from] item: Leftovers
|-heal|p1a: Clefable|82/100 tox|[from] item: Leftovers
|-damage|p1a: Clefable|58/100 tox|[from] psn
|upkeep
|turn|12
|
|t:|1760865325
|move|p2a: Umbreon|Wish|p2a: Umbreon
|move|p1a: Clefable|Moonblast|p2a: Umbreon
|-supereffective|p2a: Umbreon
|-damage|p2a: Umbreon|50/100
|
|-heal|p2a: Umbreon|57/100|[from] item: Leftovers
|-heal|p1a: Clefable|64/100 tox|[from] item: Leftovers
|-damage|p1a: Clefable|33/100 tox|[from] psn
|upkeep
|turn|13
|
|t:|1760865334
|move|p2a: Umbreon|Protect|p2a: Umbreon
|-singleturn|p2a: Umbreon|Protect
|move|p1a: Clefable|Wish|p1a: Clefable
|
|-heal|p2a: Umbreon|100/100|[from] move: Wish|[wisher] Umbreon
|-heal|p1a: Clefable|40/100 tox|[from] item: Leftovers
|-damage|p1a: Clefable|3/100 tox|[from] psn
|upkeep
|turn|14
|
|t:|1760865350
|move|p1a: Clefable|Protect|p1a: Clefable
|-singleturn|p1a: Clefable|Protect
|move|p2a: Umbreon|Wish|p2a: Umbreon
|
|-heal|p1a: Clefable|53/100 tox|[from] move: Wish|[wisher] Clefable
|-heal|p1a: Clefable|59/100 tox|[from] item: Leftovers
|-damage|p1a: Clefable|16/100 tox|[from] psn
|upkeep
|turn|15
|
|t:|1760865360
|move|p2a: Umbreon|Protect|p2a: Umbreon
|-singleturn|p2a: Umbreon|Protect
|move|p1a: Clefable|Wish|p1a: Clefable
|
|-heal|p1a: Clefable|23/100 tox|[from] item: Leftovers
|-damage|p1a: Clefable|0 fnt|[from] psn
|faint|p1a: Clefable
|upkeep
|
|t:|1760865363
|switch|p1a: Talonflame|Talonflame, M|100/100
|turn|16
|
|t:|1760865372
|move|p1a: Talonflame|Swords Dance|p1a: Talonflame
|-boost|p1a: Talonflame|atk|2
|move|p2a: Umbreon|Toxic|p1a: Talonflame
|-status|p1a: Talonflame|tox
|
|-damage|p1a: Talonflame|94/100 tox|[from] psn
|upkeep
|turn|17
|
|t:|1760865380
|move|p1a: Talonflame|Brave Bird|p2a: Umbreon
|-damage|p2a: Umbreon|21/100
|-damage|p1a: Talonflame|60/100 tox|[from] Recoil
|move|p2a: Umbreon|Wish|p2a: Umbreon
|
|-heal|p2a: Umbreon|27/100|[from] item: Leftovers
|-damage|p1a: Talonflame|48/100 tox|[from] psn
|upkeep
|turn|18
|
|t:|1760865389
|move|p2a: Umbreon|Protect|p2a: Umbreon
|-singleturn|p2a: Umbreon|Protect
|move|p1a: Talonflame|Flare Blitz|p2a: Umbreon
|-activate|p2a: Umbreon|move: Protect
|
|-heal|p2a: Umbreon|77/100|[from] move: Wish|[wisher] Umbreon
|-heal|p2a: Umbreon|83/100|[from] item: Leftovers
|-damage|p1a: Talonflame|30/100 tox|[from] psn
|upkeep
|turn|19
|
|t:|1760865400
|move|p1a: Talonflame|Roost|p1a: Talonflame
|-heal|p1a: Talonflame|80/100 tox
|-singleturn|p1a: Talonflame|move: Roost
|move|p2a: Umbreon|Dark Pulse|p1a: Talonflame
|-damage|p1a: Talonflame|50/100 tox
|
|-heal|p2a: Umbreon|90/100|[from] item: Leftovers
|-damage|p1a: Talonflame|26/100 tox|[from] psn
|upkeep
|turn|20
|
|t:|1760865410
|move|p2a: Umbreon|Protect|p2a: Umbreon
|-singleturn|p2a: Umbreon|Protect
|move|p1a: Talonflame|Flare Blitz|p2a: Umbreon
|-activate|p2a: Umbreon|move: Protect
|
|-heal|p2a: Umbreon|96/100|[from] item: Leftovers
|-damage|p1a: Talonflame|0 fnt|[from] psn
|faint|p1a: Talonflame
|upkeep
|-message|aavinnn forfeited.
|
|win|lewishe03
|raw|aavinnn's rating: 1070 &rarr; <strong>1048</strong><br />(-22 for losing)
|raw|lewishe03's rating: 1040 &rarr; <strong>1077</strong><br />(+37 for winning)
|l|☆aavinnn
|player|p1|
