|j|☆Quack532
|j|☆Shoerun
|t:|1760749270
|gametype|singles
|player|p1|Quack532|candice|1211
|player|p2|Shoerun|1|1163
|gen|9
|tier|[Gen 9] OU
|rated|
|rule|HP Percentage Mod: HP is shown in percentages
|rule|Endless Battle Clause: Forcing endless battles is banned
|rule|Species Clause: Limit one of each Pokémon
|rule|OHKO Clause: OHKO moves are banned
|rule|Evasion Items Clause: Evasion items are banned
|rule|Evasion Moves Clause: Evasion moves are banned
|rule|Evasion Abilities Clause: Evasion abilities are banned
|rule|Sleep Moves Clause: Sleep-inducing moves are banned
|clearpoke
|poke|p1|Bombirdier, F|
|poke|p1|Masquerain, F|
|poke|p1|Tyranitar, M|
|poke|p1|Lycanroc-Dusk, M|
|poke|p1|Porygon-Z|
|poke|p1|Avalugg-Hisui, M|
|poke|p2|Hydrapple, F|
|poke|p2|Ceruledge, M|
|poke|p2|Gholdengo|
|poke|p2|Darkrai|
|poke|p2|Great Tusk|
|poke|p2|Keldeo|
|teampreview
|
|t:|1760749291
|teamsize|p1|6
|teamsize|p2|6
|start
|switch|p1a: Tyranitar|Tyranitar, M|100/100
|switch|p2a: Ceruledge|Ceruledge, M|100/100
|-weather|Sandstorm|[from] ability: Sand Stream|[of] p1a: Tyranitar
|turn|1
|
|t:|1760749301
|move|p2a: Ceruledge|Swords Dance|p2a: Ceruledge
|-boost|p2a: Ceruledge|atk|2
|move|p1a: Tyranitar|Dragon Tail|p2a: Ceruledge
|-damage|p2a: Ceruledge|66/100
|-ability|p2a: Ceruledge|Weak Armor|boost
|-unboost|p2a: Ceruledge|def|1
|-boost|p2a: Ceruledge|spe|2
|drag|p2a: Keldeo|Keldeo|100/100
|
|-weather|Sandstorm|[upkeep]
|-damage|p2a: Keldeo|94/100|[from] Sandstorm
|upkeep
|turn|2
|
|t:|1760749315
|switch|p1a: Masquerain|Masquerain, F|100/100
|-ability|p1a: Masquerain|Intimidate|boost
|-unboost|p2a: Keldeo|atk|1
|move|p2a: Keldeo|Surf|p1a: Masquerain
|-damage|p1a: Masquerain|19/100
|
|-weather|Sandstorm|[upkeep]
|-damage|p2a: Keldeo|88/100|[from] Sandstorm
|-damage|p1a: Masquerain|13/100|[from] Sandstorm
|upkeep
|turn|3
|
|t:|1760749328
|move|p2a: Keldeo|Surf|p1a: Masquerain
|-damage|p1a: Masquerain|0 fnt
|faint|p1a: Masquerain
|
|-weather|Sandstorm|[upkeep]
|-damage|p2a: Keldeo|82/100|[from] Sandstorm
|upkeep
|
|t:|1760749342
|switch|p1a: Lycanroc|Lycanroc-Dusk, M|100/100
|turn|4
|
|t:|1760749347
|move|p1a: Lycanroc|Close Combat|p2a: Keldeo
|-damage|p2a: Keldeo|0 fnt
|-unboost|p1a: Lycanroc|def|1
|-unboost|p1a: Lycanroc|spd|1
|faint|p2a: Keldeo
|
|-weather|Sandstorm|[upkeep]
|upkeep
|
|t:|1760749370
|switch|p2a: Great Tusk|Great Tusk|100/100
|-enditem|p2a: Great Tusk|Booster Energy
|-activate|p2a: Great Tusk|ability: Protosynthesis|[fromitem]
|-start|p2a: Great Tusk|protosynthesisspe
|turn|5
|
|t:|1760749393
|switch|p1a: Avalugg|Avalugg-Hisui, M|100/100
|move|p2a: Great Tusk|Earthquake|p1a: Avalugg
|-supereffective|p1a: Avalugg
|-crit|p1a: Avalugg
|-damage|p1a: Avalugg|30/100
|
|-weather|none
|-heal|p1a: Avalugg|36/100|[from] item: Leftovers
|upkeep
|turn|6
|
|t:|1760749403
|move|p2a: Great Tusk|Earthquake|p1a: Avalugg
|-supereffective|p1a: Avalugg
|-damage|p1a: Avalugg|0 fnt
|faint|p1a: Avalugg
|
|upkeep
|inactive|Battle timer is ON: inactive players will automatically lose when time's up. (requested by Shoerun)
|
|t:|1760749421
|switch|p1a: Bombirdier|Bombirdier, F|100/100
|turn|7
|
|t:|1760749434
|move|p2a: Great Tusk|Stealth Rock|p1a: Bombirdier
|-sidestart|p1: Quack532|move: Stealth Rock
|move|p1a: Bombirdier|Brave Bird|p2a: Great Tusk
|-supereffective|p2a: Great Tusk
|-damage|p2a: Great Tusk|1/100
|-damage|p1a: Bombirdier|50/100|[from] Recoil
|-damage|p1a: Bombirdier|40/100|[from] item: Life Orb
|
|upkeep
|turn|8
|
|t:|1760749442
|move|p1a: Bombirdier|Sucker Punch|p2a: Great Tusk
|-resisted|p2a: Great Tusk
|-damage|p2a: Great Tusk|0 fnt
|faint|p2a: Great Tusk
|-end|p2a: Great Tusk|Protosynthesis|[silent]
|-damage|p1a: Bombirdier|30/100|[from] item: Life Orb
|
|upkeep
|
|t:|1760749468
|switch|p2a: Hydrapple|Hydrapple, F|100/100
|turn|9
|
|t:|1760749481
|move|p1a: Bombirdier|Brave Bird|p2a: Hydrapple
|-supereffective|p2a: Hydrapple
|-damage|p2a: Hydrapple|0 fnt
|faint|p2a: Hydrapple
|-damage|p1a: Bombirdier|0 fnt|[from] Recoil
|faint|p1a: Bombirdier
|
|upkeep
|inactive|Shoerun has 120 seconds left.
|
|t:|1760749496
|switch|p1a: Tyranitar|Tyranitar, M|100/100
|switch|p2a: Darkrai|Darkrai|100/100
|-damage|p1a: Tyranitar|88/100|[from] Stealth Rock
|-weather|Sandstorm|[from] ability: Sand Stream|[of] p1a: Tyranitar
|turn|10
|
|t:|1760749506
|move|p2a: Darkrai|Ice Beam|p1a: Tyranitar
|-damage|p1a: Tyranitar|75/100
|move|p1a: Tyranitar|Knock Off|p2a: Darkrai
|-resisted|p2a: Darkrai
|-damage|p2a: Darkrai|61/100
|-enditem|p2a: Darkrai|Heavy-Duty Boots|[from] move: Knock Off|[of] p1a: Tyranitar
|
|-weather|Sandstorm|[upkeep]
|-damage|p2a: Darkrai|55/100|[from] Sandstorm
|upkeep
|turn|11
|
|t:|1760749516
|move|p2a: Darkrai|Dark Pulse|p1a: Tyranitar
|-resisted|p1a: Tyranitar
|-damage|p1a: Tyranitar|66/100
|move|p1a: Tyranitar|Rock Slide|p2a: Darkrai
|-damage|p2a: Darkrai|0 fnt
|faint|p2a: Darkrai
|
|-weather|Sandstorm|[upkeep]
|upkeep
|inactive|Shoerun has 120 seconds left.
|
|t:|1760749533
|switch|p2a: Ceruledge|Ceruledge, M|66/100
|turn|12
|
|t:|1760749544
|-terastallize|p2a: Ceruledge|Fighting
|move|p2a: Ceruledge|Close Combat|p1a: Tyranitar
|-supereffective|p1a: Tyranitar
|-damage|p1a: Tyranitar|0 fnt
|-unboost|p2a: Ceruledge|def|1
|-unboost|p2a: Ceruledge|spd|1
|faint|p1a: Tyranitar
|
|-weather|Sandstorm|[upkeep]
|-damage|p2a: Ceruledge|60/100|[from] Sandstorm
|upkeep
|
|t:|1760749557
|switch|p1a: Porygon-Z|Porygon-Z|100/100
|-damage|p1a: Porygon-Z|88/100|[from] Stealth Rock
|turn|13
|
|t:|1760749562
|-terastallize|p1a: Porygon-Z|Ghost
|move|p1a: Porygon-Z|Shadow Ball|p2a: Ceruledge
|-damage|p2a: Ceruledge|0 fnt
|faint|p2a: Ceruledge
|-damage|p1a: Porygon-Z|78/100|[from] item: Life Orb
|
|-weather|Sandstorm|[upkeep]
|-damage|p1a: Porygon-Z|72/100|[from] Sandstorm
|upkeep
|
|t:|1760749574
|switch|p2a: Gholdengo|Gholdengo|100/100
|turn|14
|inactive|Shoerun has 120 seconds left.
|
|t:|1760749620
|move|p2a: Gholdengo|Make It Rain|p1a: Porygon-Z
|-damage|p1a: Porygon-Z|0 fnt
|-unboost|p2a: Gholdengo|spa|1
|faint|p1a: Porygon-Z
|
|-weather|none
|upkeep
|
|t:|1760749632
|switch|p1a: Lycanroc|Lycanroc-Dusk, M|100/100
|-damage|p1a: Lycanroc|88/100|[from] Stealth Rock
|turn|15
|
|t:|1760749638
|move|p2a: Gholdengo|Make It Rain|p1a: Lycanroc
|-supereffective|p1a: Lycanroc
|-damage|p1a: Lycanroc|0 fnt
|-unboost|p2a: Gholdengo|spa|1
|faint|p1a: Lycanroc
|
|win|Shoerun
|raw|Quack532's rating: 1211 &rarr; <strong>1183</strong><br />(-28 for losing)
|raw|Shoerun's rating: 1163 &rarr; <strong>1191</strong><br />(+28 for winning)
|l|☆Quack532
|player|p1|
|l|☆Shoerun
|player|p2|
