|j|☆chenke
|j|☆AminitraboTTT
|t:|1760845308
|gametype|singles
|player|p1|chenke|clerk|
|player|p2|AminitraboTTT|supernerd|
|gen|9
|tier|[Gen 9] OU
|rule|HP Percentage Mod: HP is shown in percentages
|rule|Endless Battle Clause: Forcing endless battles is banned
|rule|Species Clause: Limit one of each Pokémon
|rule|OHKO Clause: OHKO moves are banned
|rule|Evasion Items Clause: Evasion items are banned
|rule|Evasion Moves Clause: Evasion moves are banned
|rule|Evasion Abilities Clause: Evasion abilities are banned
|rule|Sleep Moves Clause: Sleep-inducing moves are banned
|clearpoke
|poke|p1|Tyranitar, F|
|poke|p1|Excadrill, M|
|poke|p1|Vileplume, F|
|poke|p1|Braviary-Hisui, M|
|poke|p1|Volcanion|
|poke|p1|Fezandipiti, M|
|poke|p2|Gliscor, M|
|poke|p2|Alomomola, F|
|poke|p2|Gholdengo|
|poke|p2|Hoopa-Unbound|
|poke|p2|Cinderace, F|
|poke|p2|Zamazenta-*|
|teampreview
|c|☆AminitraboTTT|Hola, soy AminitraboTTT, el bot de la sala Español. gl hf
|inactive|Battle timer is ON: inactive players will automatically lose when time's up. (requested by AminitraboTTT)
|
|t:|1760845311
|teamsize|p1|6
|teamsize|p2|6
|start
|switch|p1a: Tyranitar|Tyranitar, F|100/100
|switch|p2a: Gliscor|Gliscor, M|100/100
|-weather|Sandstorm|[from] ability: Sand Stream|[of] p1a: Tyranitar
|turn|1
|
|t:|1760845315
|-terastallize|p2a: Gliscor|Normal
|move|p2a: Gliscor|Earthquake|p1a: Tyranitar
|-supereffective|p1a: Tyranitar
|-damage|p1a: Tyranitar|34/100
|move|p1a: Tyranitar|Ice Punch|p2a: Gliscor
|-damage|p2a: Gliscor|68/100
|
|-weather|Sandstorm|[upkeep]
|-damage|p2a: Gliscor|61/100|[from] Sandstorm
|-status|p2a: Gliscor|tox|[from] item: Toxic Orb
|upkeep
|turn|2
|
|t:|1760845327
|switch|p1a: Braviary|Braviary-Hisui, M|100/100
|move|p2a: Gliscor|Earthquake|p1a: Braviary
|-immune|p1a: Braviary
|
|-weather|Sandstorm|[upkeep]
|-damage|p2a: Gliscor|55/100 tox|[from] Sandstorm
|-damage|p1a: Braviary|94/100|[from] Sandstorm
|-heal|p2a: Gliscor|68/100 tox|[from] ability: Poison Heal
|upkeep
|turn|3
|
|t:|1760845333
|switch|p2a: Gholdengo|Gholdengo|100/100
|move|p1a: Braviary|Heat Wave|p2a: Gholdengo
|-supereffective|p2a: Gholdengo
|-damage|p2a: Gholdengo|0 fnt
|faint|p2a: Gholdengo
|
|-weather|Sandstorm|[upkeep]
|-damage|p1a: Braviary|88/100|[from] Sandstorm
|upkeep
|
|t:|1760845333
|switch|p2a: Hoopa|Hoopa-Unbound|100/100
|turn|4
|
|t:|1760845337
|switch|p1a: Fezandipiti|Fezandipiti, M|100/100
|move|p2a: Hoopa|Gunk Shot|p1a: Fezandipiti
|-damage|p1a: Fezandipiti|53/100
|
|-weather|Sandstorm|[upkeep]
|-damage|p1a: Fezandipiti|47/100|[from] Sandstorm
|-damage|p2a: Hoopa|94/100|[from] Sandstorm
|-heal|p1a: Fezandipiti|53/100|[from] item: Leftovers
|upkeep
|turn|5
|
|t:|1760845343
|move|p1a: Fezandipiti|U-turn|p2a: Hoopa
|-supereffective|p2a: Hoopa
|-damage|p2a: Hoopa|29/100
|
|t:|1760845348
|switch|p1a: Vileplume|Vileplume, F|100/100|[from] U-turn
|move|p2a: Hoopa|Psychic Noise|p1a: Vileplume
|-supereffective|p1a: Vileplume
|-damage|p1a: Vileplume|0 fnt
|faint|p1a: Vileplume
|
|-weather|none
|upkeep
|
|t:|1760845360
|switch|p1a: Tyranitar|Tyranitar, F|34/100
|-weather|Sandstorm|[from] ability: Sand Stream|[of] p1a: Tyranitar
|turn|6
|
|t:|1760845363
|move|p1a: Tyranitar|Knock Off|p2a: Hoopa
|-damage|p2a: Hoopa|0 fnt
|-enditem|p2a: Hoopa|Assault Vest|[from] move: Knock Off|[of] p1a: Tyranitar
|faint|p2a: Hoopa
|
|-weather|Sandstorm|[upkeep]
|upkeep
|
|t:|1760845363
|switch|p2a: Zamazenta|Zamazenta|100/100
|-ability|p2a: Zamazenta|Dauntless Shield|boost
|-boost|p2a: Zamazenta|def|1
|turn|7
|
|t:|1760845366
|switch|p1a: Braviary|Braviary-Hisui, M|88/100
|move|p2a: Zamazenta|Body Press|p1a: Braviary
|-resisted|p1a: Braviary
|-damage|p1a: Braviary|71/100
|
|-weather|Sandstorm|[upkeep]
|-damage|p2a: Zamazenta|95/100|[from] Sandstorm
|-damage|p1a: Braviary|64/100|[from] Sandstorm
|-heal|p2a: Zamazenta|100/100|[from] item: Leftovers
|upkeep
|turn|8
|
|t:|1760845374
|move|p2a: Zamazenta|Crunch|p1a: Braviary
|-supereffective|p1a: Braviary
|-crit|p1a: Braviary
|-damage|p1a: Braviary|0 fnt
|faint|p1a: Braviary
|
|-weather|Sandstorm|[upkeep]
|-damage|p2a: Zamazenta|95/100|[from] Sandstorm
|-heal|p2a: Zamazenta|100/100|[from] item: Leftovers
|upkeep
|
|t:|1760845390
|switch|p1a: Volcanion|Volcanion|100/100
|turn|9
|
|t:|1760845392
|switch|p2a: Alomomola|Alomomola, F|100/100
|move|p1a: Volcanion|Steam Eruption|p2a: Alomomola
|-resisted|p2a: Alomomola
|-damage|p2a: Alomomola|48/100
|-enditem|p2a: Alomomola|Red Card|[of] p1a: Volcanion
|drag|p1a: Excadrill|Excadrill, M|100/100
|-item|p1a: Excadrill|Air Balloon
|
|-weather|Sandstorm|[upkeep]
|-damage|p2a: Alomomola|42/100|[from] Sandstorm
|upkeep
|turn|10
|
|t:|1760845394
|move|p2a: Alomomola|Protect|p2a: Alomomola
|-singleturn|p2a: Alomomola|Protect
|move|p1a: Excadrill|Rapid Spin|p2a: Alomomola
|-activate|p2a: Alomomola|move: Protect
|
|-weather|none
|upkeep
|turn|11
|
|t:|1760845397
|move|p1a: Excadrill|Earthquake|p2a: Alomomola
|-damage|p2a: Alomomola|12/100
|move|p2a: Alomomola|Flip Turn|p1a: Excadrill
|-supereffective|p1a: Excadrill
|-damage|p1a: Excadrill|52/100
|-enditem|p1a: Excadrill|Air Balloon
|
|t:|1760845397
|switch|p2a: Gliscor|Gliscor, M, tera:Normal|68/100 tox|[from] Flip Turn
|
|-heal|p2a: Gliscor|80/100 tox|[from] ability: Poison Heal
|upkeep
|turn|12
|
|t:|1760845401
|move|p1a: Excadrill|Earthquake|p2a: Gliscor
|-damage|p2a: Gliscor|33/100 tox
|move|p2a: Gliscor|Earthquake|p1a: Excadrill
|-supereffective|p1a: Excadrill
|-damage|p1a: Excadrill|0 fnt
|faint|p1a: Excadrill
|
|-heal|p2a: Gliscor|46/100 tox|[from] ability: Poison Heal
|upkeep
|
|t:|1760845417
|switch|p1a: Volcanion|Volcanion|100/100
|turn|13
|
|t:|1760845418
|move|p2a: Gliscor|Protect|p2a: Gliscor
|-singleturn|p2a: Gliscor|Protect
|move|p1a: Volcanion|Steam Eruption|p2a: Gliscor
|-activate|p2a: Gliscor|move: Protect
|
|-heal|p2a: Gliscor|58/100 tox|[from] ability: Poison Heal
|upkeep
|turn|14
|
|t:|1760845420
|move|p2a: Gliscor|Earthquake|p1a: Volcanion
|-supereffective|p1a: Volcanion
|-damage|p1a: Volcanion|46/100
|move|p1a: Volcanion|Steam Eruption|p2a: Gliscor
|-crit|p2a: Gliscor
|-damage|p2a: Gliscor|0 fnt
|faint|p2a: Gliscor
|
|upkeep
|
|t:|1760845420
|switch|p2a: Alomomola|Alomomola, F|45/100
|turn|15
|
|t:|1760845422
|move|p1a: Volcanion|Steam Eruption|p2a: Alomomola
|-resisted|p2a: Alomomola
|-damage|p2a: Alomomola|0 fnt
|faint|p2a: Alomomola
|
|upkeep
|
|t:|1760845422
|switch|p2a: Zamazenta|Zamazenta|100/100
|turn|16
|
|t:|1760845423
|move|p2a: Zamazenta|Body Press|p1a: Volcanion
|-damage|p1a: Volcanion|15/100
|move|p1a: Volcanion|Steam Eruption|p2a: Zamazenta
|-damage|p2a: Zamazenta|18/100
|
|-heal|p2a: Zamazenta|24/100|[from] item: Leftovers
|upkeep
|turn|17
|
|t:|1760845427
|-terastallize|p1a: Volcanion|Bug
|move|p2a: Zamazenta|Body Press|p1a: Volcanion
|-resisted|p1a: Volcanion
|-damage|p1a: Volcanion|0 fnt
|faint|p1a: Volcanion
|
|-heal|p2a: Zamazenta|30/100|[from] item: Leftovers
|upkeep
|
|t:|1760845432
|switch|p1a: Fezandipiti|Fezandipiti, M|53/100
|turn|18
|
|t:|1760845434
|switch|p2a: Cinderace|Cinderace, F|100/100
|move|p1a: Fezandipiti|Moonblast|p2a: Cinderace
|-resisted|p2a: Cinderace
|-damage|p2a: Cinderace|82/100
|
|-heal|p1a: Fezandipiti|59/100|[from] item: Leftovers
|upkeep
|turn|19
|
|t:|1760845437
|move|p2a: Cinderace|Will-O-Wisp|p1a: Fezandipiti
|-status|p1a: Fezandipiti|brn
|move|p1a: Fezandipiti|U-turn|p2a: Cinderace
|-resisted|p2a: Cinderace
|-damage|p2a: Cinderace|77/100
|-status|p2a: Cinderace|tox|[from] ability: Toxic Chain|[of] p1a: Fezandipiti
|
|t:|1760845439
|switch|p1a: Tyranitar|Tyranitar, F|34/100|[from] U-turn
|-weather|Sandstorm|[from] ability: Sand Stream|[of] p1a: Tyranitar
|
|-weather|Sandstorm|[upkeep]
|-damage|p2a: Cinderace|71/100 tox|[from] Sandstorm
|-damage|p2a: Cinderace|65/100 tox|[from] psn
|upkeep
|turn|20
|
|t:|1760845444
|move|p2a: Cinderace|Pyro Ball|p1a: Tyranitar|[miss]
|-miss|p2a: Cinderace|p1a: Tyranitar
|move|p1a: Tyranitar|Stone Edge|p2a: Cinderace|[miss]
|-miss|p1a: Tyranitar|p2a: Cinderace
|
|-weather|Sandstorm|[upkeep]
|-damage|p2a: Cinderace|59/100 tox|[from] Sandstorm
|-damage|p2a: Cinderace|47/100 tox|[from] psn
|upkeep
|turn|21
|
|t:|1760845446
|move|p2a: Cinderace|Pyro Ball|p1a: Tyranitar
|-resisted|p1a: Tyranitar
|-damage|p1a: Tyranitar|8/100
|move|p1a: Tyranitar|Stone Edge|p2a: Cinderace
|-supereffective|p2a: Cinderace
|-damage|p2a: Cinderace|0 fnt
|faint|p2a: Cinderace
|
|-weather|Sandstorm|[upkeep]
|upkeep
|
|t:|1760845446
|switch|p2a: Zamazenta|Zamazenta|30/100
|turn|22
|
|t:|1760845450
|move|p2a: Zamazenta|Body Press|p1a: Tyranitar
|-supereffective|p1a: Tyranitar
|-damage|p1a: Tyranitar|0 fnt
|faint|p1a: Tyranitar
|
|-weather|Sandstorm|[upkeep]
|-damage|p2a: Zamazenta|24/100|[from] Sandstorm
|-heal|p2a: Zamazenta|30/100|[from] item: Leftovers
|upkeep
|
|t:|1760845451
|switch|p1a: Fezandipiti|Fezandipiti, M|59/100 brn
|turn|23
|
|t:|1760845453
|move|p2a: Zamazenta|Body Press|p1a: Fezandipiti
|-resisted|p1a: Fezandipiti
|-damage|p1a: Fezandipiti|49/100 brn
|move|p1a: Fezandipiti|Moonblast|p2a: Zamazenta
|-supereffective|p2a: Zamazenta
|-damage|p2a: Zamazenta|0 fnt
|faint|p2a: Zamazenta
|
|win|chenke
|c|☆AminitraboTTT|gg wp
|l|☆AminitraboTTT
|player|p2|
