|j|☆Shadeless8
|j|☆papa macaroni
|t:|1760847064
|gametype|singles
|player|p1|Shadeless8|169|1125
|player|p2|papa macaroni|gentleman-gen4|1143
|gen|9
|tier|[Gen 9] OU
|rated|
|rule|HP Percentage Mod: HP is shown in percentages
|rule|Endless Battle Clause: Forcing endless battles is banned
|rule|Species Clause: Limit one of each Pokémon
|rule|OHKO Clause: OHKO moves are banned
|rule|Evasion Items Clause: Evasion items are banned
|rule|Evasion Moves Clause: Evasion moves are banned
|rule|Evasion Abilities Clause: Evasion abilities are banned
|rule|Sleep Moves Clause: Sleep-inducing moves are banned
|clearpoke
|poke|p1|Meganium, F|
|poke|p1|Typhlosion, F|
|poke|p1|Feraligatr, M|
|poke|p1|Scizor, F|
|poke|p1|Ursaring, M|
|poke|p1|Granbull, M|
|poke|p2|Alomomola, M|
|poke|p2|Cyclizar, M|
|poke|p2|Rillaboom, F|
|poke|p2|Dragonite, M|
|poke|p2|Glimmora, M|
|poke|p2|Drifblim, M|
|teampreview
|inactive|Battle timer is ON: inactive players will automatically lose when time's up. (requested by papa macaroni)
|
|t:|1760847076
|teamsize|p1|6
|teamsize|p2|6
|start
|switch|p1a: Granbull|Granbull, M|100/100
|switch|p2a: Glimmora|Glimmora, M|100/100
|-ability|p1a: Granbull|Intimidate|boost
|-unboost|p2a: Glimmora|atk|1
|turn|1
|
|t:|1760847085
|move|p2a: Glimmora|Memento|p1a: Granbull
|-unboost|p1a: Granbull|atk|2
|-unboost|p1a: Granbull|spa|2
|faint|p2a: Glimmora
|move|p1a: Granbull|Earthquake|p2: Glimmora|[notarget]
|-fail|p1a: Granbull
|
|upkeep
|
|t:|1760847089
|switch|p2a: Dragonite|Dragonite, M|100/100
|turn|2
|
|t:|1760847096
|switch|p1a: Meganium|Meganium, F|100/100
|move|p2a: Dragonite|Substitute|p2a: Dragonite
|-start|p2a: Dragonite|Substitute
|-damage|p2a: Dragonite|76/100
|
|-heal|p2a: Dragonite|82/100|[from] item: Leftovers
|upkeep
|turn|3
|
|t:|1760847104
|move|p2a: Dragonite|Dragon Dance|p2a: Dragonite
|-boost|p2a: Dragonite|atk|1
|-boost|p2a: Dragonite|spe|1
|move|p1a: Meganium|Reflect|p1a: Meganium
|-sidestart|p1: Shadeless8|Reflect
|
|-heal|p2a: Dragonite|88/100|[from] item: Leftovers
|upkeep
|turn|4
|
|t:|1760847115
|switch|p1a: Granbull|Granbull, M|100/100
|-ability|p1a: Granbull|Intimidate|boost
|-immune|p2a: Dragonite
|move|p2a: Dragonite|Dragon Dance|p2a: Dragonite
|-boost|p2a: Dragonite|atk|1
|-boost|p2a: Dragonite|spe|1
|
|-heal|p2a: Dragonite|94/100|[from] item: Leftovers
|upkeep
|turn|5
|
|t:|1760847124
|move|p2a: Dragonite|Dragon Dance|p2a: Dragonite
|-boost|p2a: Dragonite|atk|1
|-boost|p2a: Dragonite|spe|1
|move|p1a: Granbull|Rock Slide|p2a: Dragonite|[miss]
|-miss|p1a: Granbull|p2a: Dragonite
|
|-heal|p2a: Dragonite|100/100|[from] item: Leftovers
|upkeep
|turn|6
|
|t:|1760847133
|move|p2a: Dragonite|Earthquake|p1a: Granbull
|-damage|p1a: Granbull|49/100
|move|p1a: Granbull|Play Rough|p2a: Dragonite
|-supereffective|p2a: Dragonite
|-end|p2a: Dragonite|Substitute
|
|upkeep
|turn|7
|
|t:|1760847141
|move|p2a: Dragonite|Earthquake|p1a: Granbull
|-damage|p1a: Granbull|0 fnt
|faint|p1a: Granbull
|
|-sideend|p1: Shadeless8|Reflect
|upkeep
|
|t:|1760847148
|switch|p1a: Meganium|Meganium, F|100/100
|turn|8
|
|t:|1760847155
|-terastallize|p2a: Dragonite|Normal
|move|p2a: Dragonite|Extreme Speed|p1a: Meganium
|-damage|p1a: Meganium|0 fnt
|faint|p1a: Meganium
|
|upkeep
|
|t:|1760847164
|switch|p1a: Ursaring|Ursaring, M|100/100
|turn|9
|
|t:|1760847168
|move|p2a: Dragonite|Extreme Speed|p1a: Ursaring
|-damage|p1a: Ursaring|12/100
|move|p1a: Ursaring|Ice Punch|p2a: Dragonite
|-damage|p2a: Dragonite|84/100
|-status|p2a: Dragonite|frz
|
|-heal|p2a: Dragonite|90/100 frz|[from] item: Leftovers
|upkeep
|turn|10
|c|☆papa macaroni|woah
|
|t:|1760847185
|-curestatus|p2a: Dragonite|frz|[msg]
|move|p2a: Dragonite|Extreme Speed|p1a: Ursaring
|-damage|p1a: Ursaring|0 fnt
|faint|p1a: Ursaring
|
|-heal|p2a: Dragonite|96/100|[from] item: Leftovers
|upkeep
|c|☆Shadeless8|OOF.
|
|t:|1760847193
|switch|p1a: Typhlosion|Typhlosion, F|100/100
|turn|11
|
|t:|1760847197
|-terastallize|p1a: Typhlosion|Ghost
|move|p2a: Dragonite|Earthquake|p1a: Typhlosion
|-damage|p1a: Typhlosion|0 fnt
|faint|p1a: Typhlosion
|
|-heal|p2a: Dragonite|100/100|[from] item: Leftovers
|upkeep
|
|t:|1760847204
|switch|p1a: Feraligatr|Feraligatr, M|100/100
|turn|12
|
|t:|1760847207
|move|p2a: Dragonite|Extreme Speed|p1a: Feraligatr
|-damage|p1a: Feraligatr|0 fnt
|faint|p1a: Feraligatr
|
|upkeep
|
|t:|1760847212
|switch|p1a: Scizor|Scizor, F|100/100
|turn|13
|
|t:|1760847217
|move|p1a: Scizor|Bullet Punch|p2a: Dragonite
|-damage|p2a: Dragonite|83/100
|move|p2a: Dragonite|Earthquake|p1a: Scizor
|-damage|p1a: Scizor|5/100
|-enditem|p1a: Scizor|Sitrus Berry|[eat]
|-heal|p1a: Scizor|30/100|[from] item: Sitrus Berry
|
|-heal|p2a: Dragonite|89/100|[from] item: Leftovers
|upkeep
|turn|14
|c|☆Shadeless8|GG
|
|t:|1760847225
|move|p2a: Dragonite|Extreme Speed|p1a: Scizor
|-resisted|p1a: Scizor
|-damage|p1a: Scizor|0 fnt
|faint|p1a: Scizor
|
|win|papa macaroni
|raw|Shadeless8's rating: 1125 &rarr; <strong>1101</strong><br />(-24 for losing)
|raw|papa macaroni's rating: 1143 &rarr; <strong>1167</strong><br />(+24 for winning)
|l|☆Shadeless8
|player|p1|
|c|☆papa macaroni|gg
|l|☆papa macaroni
|player|p2|
