|j|☆bxjjne c
|j|☆ThatsQuiteOdd
|t:|1760816699
|gametype|singles
|player|p1|bxjjne c|169|1213
|player|p2|ThatsQuiteOdd|gentleman-gen4|1207
|gen|9
|tier|[Gen 9] OU
|rated|
|rule|HP Percentage Mod: HP is shown in percentages
|rule|Endless Battle Clause: Forcing endless battles is banned
|rule|Species Clause: Limit one of each Pokémon
|rule|OHKO Clause: OHKO moves are banned
|rule|Evasion Items Clause: Evasion items are banned
|rule|Evasion Moves Clause: Evasion moves are banned
|rule|Evasion Abilities Clause: Evasion abilities are banned
|rule|Sleep Moves Clause: Sleep-inducing moves are banned
|clearpoke
|poke|p1|Kyurem|
|poke|p1|Corviknight, M|
|poke|p1|Heatran, M|
|poke|p1|Great Tusk|
|poke|p1|Gliscor, M|
|poke|p1|Drednaw, M|
|poke|p2|Goodra-Hisui, F|
|poke|p2|Zamazenta-*|
|poke|p2|Hatterene, F|
|poke|p2|Lycanroc-Dusk, M|
|poke|p2|Typhlosion-Hisui, F|
|poke|p2|Araquanid, F|
|teampreview
|inactive|Battle timer is ON: inactive players will automatically lose when time's up. (requested by bxjjne c)
|
|t:|1760816712
|teamsize|p1|6
|teamsize|p2|6
|start
|switch|p1a: Drednaw|Drednaw, M|100/100
|switch|p2a: Araquanid|Araquanid, F, shiny|100/100
|turn|1
|
|t:|1760816717
|switch|p2a: Hatterene|Hatterene, F|100/100
|move|p1a: Drednaw|Shell Smash|p1a: Drednaw
|-unboost|p1a: Drednaw|def|1
|-unboost|p1a: Drednaw|spd|1
|-boost|p1a: Drednaw|atk|2
|-boost|p1a: Drednaw|spa|2
|-boost|p1a: Drednaw|spe|2
|-enditem|p1a: Drednaw|White Herb
|-clearnegativeboost|p1a: Drednaw|[silent]
|
|upkeep
|turn|2
|
|t:|1760816730
|move|p1a: Drednaw|Liquidation|p2a: Hatterene
|-damage|p2a: Hatterene|0 fnt
|faint|p2a: Hatterene
|
|upkeep
|
|t:|1760816735
|switch|p2a: Rock|Lycanroc-Dusk, M|100/100
|turn|3
|
|t:|1760816739
|move|p1a: Drednaw|Liquidation|p2a: Rock
|-supereffective|p2a: Rock
|-enditem|p2a: Rock|Focus Sash
|-damage|p2a: Rock|1/100
|move|p2a: Rock|Endeavor|p1a: Drednaw
|-damage|p1a: Drednaw|1/100
|
|upkeep
|turn|4
|
|t:|1760816746
|move|p2a: Rock|Accelerock|p1a: Drednaw
|-damage|p1a: Drednaw|0 fnt
|faint|p1a: Drednaw
|
|upkeep
|
|t:|1760816749
|switch|p1a: Corviknight|Corviknight, M|100/100
|turn|5
|
|t:|1760816752
|move|p2a: Rock|Stealth Rock|p1a: Corviknight
|-sidestart|p1: bxjjne c|move: Stealth Rock
|move|p1a: Corviknight|Bulk Up|p1a: Corviknight
|-boost|p1a: Corviknight|atk|1
|-boost|p1a: Corviknight|def|1
|
|upkeep
|turn|6
|
|t:|1760816761
|move|p2a: Rock|Endeavor|p1a: Corviknight
|-damage|p1a: Corviknight|1/100
|-damage|p2a: Rock|0 fnt|[from] item: Rocky Helmet|[of] p1a: Corviknight
|faint|p2a: Rock
|move|p1a: Corviknight|Bulk Up|p1a: Corviknight
|-boost|p1a: Corviknight|atk|1
|-boost|p1a: Corviknight|def|1
|
|upkeep
|
|t:|1760816769
|switch|p2a: Typhlosion|Typhlosion-Hisui, F|100/100
|-item|p1a: Corviknight|Rocky Helmet|[from] ability: Frisk|[of] p2a: Typhlosion
|turn|7
|
|t:|1760816775
|move|p2a: Typhlosion|Fire Blast|p1a: Corviknight
|-supereffective|p1a: Corviknight
|-damage|p1a: Corviknight|0 fnt
|faint|p1a: Corviknight
|
|upkeep
|
|t:|1760816777
|switch|p1a: Heatran|Heatran, M|100/100
|-damage|p1a: Heatran|88/100|[from] Stealth Rock
|turn|8
|
|t:|1760816786
|switch|p2a: Araquanid|Araquanid, F, shiny|100/100
|move|p1a: Heatran|Ancient Power|p2a: Araquanid
|-supereffective|p2a: Araquanid
|-damage|p2a: Araquanid|57/100
|
|upkeep
|turn|9
|
|t:|1760816794
|move|p1a: Heatran|Ancient Power|p2a: Araquanid
|-supereffective|p2a: Araquanid
|-damage|p2a: Araquanid|19/100
|move|p2a: Araquanid|Liquidation|p1a: Heatran
|-supereffective|p1a: Heatran
|-damage|p1a: Heatran|0 fnt
|faint|p1a: Heatran
|
|upkeep
|
|t:|1760816800
|switch|p1a: Great Tusk|Great Tusk|100/100
|-damage|p1a: Great Tusk|98/100|[from] Stealth Rock
|turn|10
|
|t:|1760816803
|move|p1a: Great Tusk|Rapid Spin|p2a: Araquanid
|-damage|p2a: Araquanid|2/100
|-boost|p1a: Great Tusk|spe|1
|-sideend|p1: bxjjne c|Stealth Rock|[from] move: Rapid Spin|[of] p1a: Great Tusk
|move|p2a: Araquanid|Liquidation|p1a: Great Tusk
|-supereffective|p1a: Great Tusk
|-damage|p1a: Great Tusk|0 fnt
|faint|p1a: Great Tusk
|-end|p1a: Great Tusk|Protosynthesis|[silent]
|
|upkeep
|
|t:|1760816807
|switch|p1a: Kyurem|Kyurem|100/100
|-ability|p1a: Kyurem|Pressure
|turn|11
|
|t:|1760816815
|move|p1a: Kyurem|Freeze-Dry|p2a: Araquanid
|-supereffective|p2a: Araquanid
|-damage|p2a: Araquanid|0 fnt
|faint|p2a: Araquanid
|
|upkeep
|
|t:|1760816820
|switch|p2a: Typhlosion|Typhlosion-Hisui, F|100/100
|-item|p1a: Kyurem|Leftovers|[from] ability: Frisk|[of] p2a: Typhlosion
|turn|12
|
|t:|1760816828
|-terastallize|p1a: Kyurem|Ghost
|move|p2a: Typhlosion|Eruption|p1a: Kyurem
|-damage|p1a: Kyurem|29/100
|move|p1a: Kyurem|Shadow Ball|p2a: Typhlosion
|-supereffective|p2a: Typhlosion
|-damage|p2a: Typhlosion|0 fnt
|faint|p2a: Typhlosion
|
|-heal|p1a: Kyurem|35/100|[from] item: Leftovers
|upkeep
|
|t:|1760816839
|switch|p2a: Goatdra|Goodra-Hisui, F, shiny|100/100
|turn|13
|
|t:|1760816845
|move|p1a: Kyurem|Earth Power|p2a: Goatdra
|-supereffective|p2a: Goatdra
|-damage|p2a: Goatdra|61/100
|move|p2a: Goatdra|Curse|p2a: Goatdra
|-unboost|p2a: Goatdra|spe|1
|-boost|p2a: Goatdra|atk|1
|-boost|p2a: Goatdra|def|1
|
|-heal|p1a: Kyurem|41/100|[from] item: Leftovers
|upkeep
|turn|14
|
|t:|1760816854
|move|p1a: Kyurem|Earth Power|p2a: Goatdra
|-supereffective|p2a: Goatdra
|-damage|p2a: Goatdra|20/100
|-unboost|p2a: Goatdra|spd|1
|move|p2a: Goatdra|Rest|p2a: Goatdra
|-status|p2a: Goatdra|slp|[from] move: Rest
|-heal|p2a: Goatdra|100/100 slp|[silent]
|-enditem|p2a: Goatdra|Chesto Berry|[eat]
|-curestatus|p2a: Goatdra|slp|[msg]
|
|-heal|p1a: Kyurem|47/100|[from] item: Leftovers
|upkeep
|turn|15
|
|t:|1760816865
|move|p1a: Kyurem|Earth Power|p2a: Goatdra
|-supereffective|p2a: Goatdra
|-damage|p2a: Goatdra|40/100
|move|p2a: Goatdra|Gyro Ball|p1a: Kyurem
|-damage|p1a: Kyurem|0 fnt
|faint|p1a: Kyurem
|
|upkeep
|
|t:|1760816874
|switch|p1a: Gliscor|Gliscor, M|100/100
|turn|16
|
|t:|1760816881
|-terastallize|p2a: Goatdra|Fighting
|move|p1a: Gliscor|Agility|p1a: Gliscor
|-boost|p1a: Gliscor|spe|2
|move|p2a: Goatdra|Body Press|p1a: Gliscor
|-resisted|p1a: Gliscor
|-damage|p1a: Gliscor|84/100
|
|-status|p1a: Gliscor|tox|[from] item: Toxic Orb
|upkeep
|turn|17
|
|t:|1760816891
|move|p1a: Gliscor|Swords Dance|p1a: Gliscor
|-boost|p1a: Gliscor|atk|2
|move|p2a: Goatdra|Gyro Ball|p1a: Gliscor
|-damage|p1a: Gliscor|41/100 tox
|
|-heal|p1a: Gliscor|53/100 tox|[from] ability: Poison Heal
|upkeep
|turn|18
|
|t:|1760816898
|move|p1a: Gliscor|Earthquake|p2a: Goatdra
|-damage|p2a: Goatdra|11/100
|move|p2a: Goatdra|Curse|p2a: Goatdra
|-unboost|p2a: Goatdra|spe|1
|-boost|p2a: Goatdra|atk|1
|-boost|p2a: Goatdra|def|1
|
|-heal|p1a: Gliscor|66/100 tox|[from] ability: Poison Heal
|upkeep
|turn|19
|
|t:|1760816906
|move|p1a: Gliscor|Swords Dance|p1a: Gliscor
|-boost|p1a: Gliscor|atk|2
|move|p2a: Goatdra|Gyro Ball|p1a: Gliscor
|-damage|p1a: Gliscor|3/100 tox
|
|-heal|p1a: Gliscor|15/100 tox|[from] ability: Poison Heal
|upkeep
|turn|20
|
|t:|1760816912
|move|p1a: Gliscor|Earthquake|p2a: Goatdra
|-damage|p2a: Goatdra|0 fnt
|faint|p2a: Goatdra
|
|-heal|p1a: Gliscor|28/100 tox|[from] ability: Poison Heal
|upkeep
|
|t:|1760816918
|switch|p2a: Zamazenta|Zamazenta, shiny|100/100
|-ability|p2a: Zamazenta|Dauntless Shield|boost
|-boost|p2a: Zamazenta|def|1
|turn|21
|
|t:|1760816924
|move|p1a: Gliscor|Facade|p2a: Zamazenta
|-damage|p2a: Zamazenta|43/100
|move|p2a: Zamazenta|Ice Fang|p1a: Gliscor
|-supereffective|p1a: Gliscor
|-damage|p1a: Gliscor|0 fnt
|faint|p1a: Gliscor
|
|win|ThatsQuiteOdd
|raw|bxjjne c's rating: 1213 &rarr; <strong>1188</strong><br />(-25 for losing)
|raw|ThatsQuiteOdd's rating: 1207 &rarr; <strong>1232</strong><br />(+25 for winning)
|c|☆ThatsQuiteOdd|gg
|l|☆bxjjne c
|player|p1|
