|j|☆GreenStat1c
|j|☆jamescordensucks
|t:|1760848692
|gametype|singles
|player|p1|GreenStat1c|lacey|1422
|player|p2|jamescordensucks|harlequin|1484
|gen|9
|tier|[Gen 9] OU
|rated|
|rule|HP Percentage Mod: HP is shown in percentages
|rule|Endless Battle Clause: Forcing endless battles is banned
|rule|Species Clause: Limit one of each Pokémon
|rule|OHKO Clause: OHKO moves are banned
|rule|Evasion Items Clause: Evasion items are banned
|rule|Evasion Moves Clause: Evasion moves are banned
|rule|Evasion Abilities Clause: Evasion abilities are banned
|rule|Sleep Moves Clause: Sleep-inducing moves are banned
|clearpoke
|poke|p1|Ting-Lu|
|poke|p1|Darkrai|
|poke|p1|Iron Treads|
|poke|p1|Pecharunt|
|poke|p1|Scizor, M|
|poke|p1|Garganacl, M|
|poke|p2|Moltres|
|poke|p2|Zamazenta-*|
|poke|p2|Darkrai|
|poke|p2|Hydrapple, M|
|poke|p2|Ting-Lu|
|poke|p2|Tinkaton, F|
|teampreview
|c|☆GreenStat1c|gl hf
|
|t:|1760848709
|teamsize|p1|6
|teamsize|p2|6
|start
|switch|p1a: Kamoshida|Pecharunt|100/100
|switch|p2a: Tinkaton|Tinkaton, F|100/100
|-ability|p2a: Tinkaton|Mold Breaker
|-item|p2a: Tinkaton|Air Balloon
|turn|1
|
|t:|1760848718
|move|p2a: Tinkaton|Stealth Rock|p1a: Kamoshida
|-sidestart|p1: GreenStat1c|move: Stealth Rock
|move|p1a: Kamoshida|Hex|p2a: Tinkaton
|-damage|p2a: Tinkaton|82/100
|-enditem|p2a: Tinkaton|Air Balloon
|
|upkeep
|turn|2
|
|t:|1760848735
|switch|p2a: Moltres|Moltres|100/100
|switch|p1a: Cereal|Ting-Lu|100/100
|-damage|p1a: Cereal|94/100|[from] Stealth Rock
|-ability|p1a: Cereal|Vessel of Ruin
|
|-heal|p1a: Cereal|100/100|[from] item: Leftovers
|upkeep
|turn|3
|
|t:|1760848746
|move|p2a: Moltres|U-turn|p1a: Cereal
|-supereffective|p1a: Cereal
|-damage|p1a: Cereal|84/100
|
|t:|1760848748
|switch|p2a: Zamazenta|Zamazenta|100/100|[from] U-turn
|-ability|p2a: Zamazenta|Dauntless Shield|boost
|-boost|p2a: Zamazenta|def|1
|move|p1a: Cereal|Spikes|p2a: Zamazenta
|-sidestart|p2: jamescordensucks|Spikes
|
|-heal|p1a: Cereal|90/100|[from] item: Leftovers
|upkeep
|turn|4
|
|t:|1760848763
|switch|p2a: Darkrai|Darkrai, shiny|100/100
|switch|p1a: Kamoshida|Pecharunt|100/100
|
|upkeep
|turn|5
|
|t:|1760848769
|switch|p1a: Cereal|Ting-Lu|90/100
|-damage|p1a: Cereal|84/100|[from] Stealth Rock
|-ability|p1a: Cereal|Vessel of Ruin
|move|p2a: Darkrai|Knock Off|p1a: Cereal
|-resisted|p1a: Cereal
|-damage|p1a: Cereal|77/100
|-enditem|p1a: Cereal|Leftovers|[from] move: Knock Off|[of] p2a: Darkrai
|
|upkeep
|turn|6
|
|t:|1760848783
|switch|p2a: Zamazenta|Zamazenta|100/100
|move|p1a: Cereal|Ruination|p2a: Zamazenta
|-damage|p2a: Zamazenta|51/100
|
|upkeep
|turn|7
|
|t:|1760848792
|switch|p2a: Darkrai|Darkrai, shiny|100/100
|move|p1a: Cereal|Whirlwind|p2a: Darkrai
|drag|p2a: Hydrapple|Hydrapple, M|100/100
|
|upkeep
|turn|8
|
|t:|1760848806
|switch|p1a: Kamoshida|Pecharunt|100/100
|move|p2a: Hydrapple|Giga Drain|p1a: Kamoshida
|-resisted|p1a: Kamoshida
|-crit|p1a: Kamoshida
|-damage|p1a: Kamoshida|77/100
|
|upkeep
|turn|9
|
|t:|1760848815
|switch|p2a: Tinkaton|Tinkaton, F|82/100
|-damage|p2a: Tinkaton|70/100|[from] Spikes
|-ability|p2a: Tinkaton|Mold Breaker
|move|p1a: Kamoshida|Malignant Chain|p2a: Tinkaton
|-immune|p2a: Tinkaton
|
|upkeep
|turn|10
|
|t:|1760848823
|move|p2a: Tinkaton|Encore|p1a: Kamoshida
|-start|p1a: Kamoshida|Encore
|move|p1a: Kamoshida|Malignant Chain|p2a: Tinkaton
|-immune|p2a: Tinkaton
|
|upkeep
|turn|11
|
|t:|1760848831
|switch|p1a: Tyson|Scizor, M|100/100
|-damage|p1a: Tyson|88/100|[from] Stealth Rock
|move|p2a: Tinkaton|Gigaton Hammer|p1a: Tyson
|-resisted|p1a: Tyson
|-damage|p1a: Tyson|62/100
|
|upkeep
|turn|12
|
|t:|1760848841
|switch|p2a: Moltres|Moltres|100/100
|move|p1a: Tyson|Knock Off|p2a: Moltres
|-damage|p2a: Moltres|60/100
|-status|p1a: Tyson|brn|[from] ability: Flame Body|[of] p2a: Moltres
|-enditem|p2a: Moltres|Heavy-Duty Boots|[from] move: Knock Off|[of] p1a: Tyson
|
|-damage|p1a: Tyson|56/100 brn|[from] brn
|upkeep
|turn|13
|
|t:|1760848851
|switch|p2a: Ting-Lu|Ting-Lu|100/100
|-damage|p2a: Ting-Lu|88/100|[from] Spikes
|-ability|p2a: Ting-Lu|Vessel of Ruin
|switch|p1a: Mount DK|Garganacl, M|100/100
|-damage|p1a: Mount DK|88/100|[from] Stealth Rock
|
|-heal|p2a: Ting-Lu|94/100|[from] item: Leftovers
|-heal|p1a: Mount DK|94/100|[from] item: Leftovers
|upkeep
|turn|14
|
|t:|1760848864
|move|p2a: Ting-Lu|Spikes|p1a: Mount DK
|-sidestart|p1: GreenStat1c|Spikes
|move|p1a: Mount DK|Stealth Rock|p2a: Ting-Lu
|-sidestart|p2: jamescordensucks|move: Stealth Rock
|
|-heal|p2a: Ting-Lu|100/100|[from] item: Leftovers
|-heal|p1a: Mount DK|100/100|[from] item: Leftovers
|upkeep
|turn|15
|
|t:|1760848883
|move|p2a: Ting-Lu|Spikes|p1a: Mount DK
|-sidestart|p1: GreenStat1c|Spikes
|move|p1a: Mount DK|Salt Cure|p2a: Ting-Lu
|-resisted|p2a: Ting-Lu
|-damage|p2a: Ting-Lu|97/100
|-start|p2a: Ting-Lu|Salt Cure
|
|-heal|p2a: Ting-Lu|100/100|[from] item: Leftovers
|-damage|p2a: Ting-Lu|88/100|[from] Salt Cure
|upkeep
|turn|16
|
|t:|1760848892
|switch|p1a: Horton.exe|Iron Treads|100/100
|-damage|p1a: Horton.exe|98/100|[from] Stealth Rock
|-damage|p1a: Horton.exe|81/100|[from] Spikes
|move|p2a: Ting-Lu|Spikes|p1a: Horton.exe
|-sidestart|p1: GreenStat1c|Spikes
|
|-heal|p1a: Horton.exe|87/100|[from] item: Leftovers
|-heal|p2a: Ting-Lu|94/100|[from] item: Leftovers
|-damage|p2a: Ting-Lu|82/100|[from] Salt Cure
|upkeep
|turn|17
|
|t:|1760848902
|switch|p2a: Moltres|Moltres|60/100
|-damage|p2a: Moltres|10/100|[from] Stealth Rock
|move|p1a: Horton.exe|Rapid Spin|p2a: Moltres
|-crit|p2a: Moltres
|-damage|p2a: Moltres|0 fnt
|-boost|p1a: Horton.exe|spe|1
|-sideend|p1: GreenStat1c|Spikes|[from] move: Rapid Spin|[of] p1a: Horton.exe
|-sideend|p1: GreenStat1c|Stealth Rock|[from] move: Rapid Spin|[of] p1a: Horton.exe
|faint|p2a: Moltres
|
|-heal|p1a: Horton.exe|93/100|[from] item: Leftovers
|upkeep
|-message|jamescordensucks forfeited.
|
|win|GreenStat1c
|raw|GreenStat1c's rating: 1422 &rarr; <strong>1446</strong><br />(+24 for winning)
|raw|jamescordensucks's rating: 1484 &rarr; <strong>1460</strong><br />(-24 for losing)
|l|☆jamescordensucks
|player|p2|
|c|☆GreenStat1c|bro lost one pokemon and said gg
|l|☆GreenStat1c
|player|p1|
