|j|‽sasfar
|j|☆Aggrhy
|t:|1760738984
|gametype|singles
|player|p1|sasfar|hilbert-wonderlauncher|1457
|player|p2|Aggrhy|red-masters|1393
|gen|9
|tier|[Gen 9] OU
|rated|
|rule|HP Percentage Mod: HP is shown in percentages
|rule|Endless Battle Clause: Forcing endless battles is banned
|rule|Species Clause: Limit one of each Pokémon
|rule|OHKO Clause: OHKO moves are banned
|rule|Evasion Items Clause: Evasion items are banned
|rule|Evasion Moves Clause: Evasion moves are banned
|rule|Evasion Abilities Clause: Evasion abilities are banned
|rule|Sleep Moves Clause: Sleep-inducing moves are banned
|clearpoke
|poke|p1|Sinistcha|
|poke|p1|Ogerpon-Wellspring, F|
|poke|p1|Heatran, F|
|poke|p1|Tyranitar, M|
|poke|p1|Enamorus, F|
|poke|p1|Great Tusk|
|poke|p2|Pikachu, F|
|poke|p2|Lokix, M|
|poke|p2|Fezandipiti, M|
|poke|p2|Blastoise, M|
|poke|p2|Flygon, M|
|poke|p2|Vikavolt, M|
|teampreview
|inactive|Battle timer is ON: inactive players will automatically lose when time's up. (requested by sasfar)
|inactive|Aggrhy also wants the timer to be on.
|
|t:|1760739008
|teamsize|p1|6
|teamsize|p2|6
|start
|switch|p1a: Heatran|Heatran, F|100/100
|switch|p2a: Vikavolt|Vikavolt, M|100/100
|turn|1
|
|t:|1760739015
|switch|p2a: Blastoise|Blastoise, M|100/100
|move|p1a: Heatran|Magma Storm|p2a: Blastoise|[miss]
|-miss|p1a: Heatran|p2a: Blastoise
|
|upkeep
|turn|2
|
|t:|1760739029
|move|p1a: Heatran|Will-O-Wisp|p2a: Blastoise
|-status|p2a: Blastoise|brn
|move|p2a: Blastoise|Body Press|p1a: Heatran
|-supereffective|p1a: Heatran
|-damage|p1a: Heatran|80/100
|
|-heal|p1a: Heatran|86/100|[from] item: Leftovers
|-damage|p2a: Blastoise|94/100 brn|[from] brn
|upkeep
|turn|3
|inactive|sasfar has 120 seconds left.
|
|t:|1760739073
|switch|p1a: Sinistcha|Sinistcha|100/100
|move|p2a: Blastoise|Flip Turn|p1a: Sinistcha
|-resisted|p1a: Sinistcha
|-damage|p1a: Sinistcha|97/100
|
|t:|1760739080
|switch|p2a: Vikavolt|Vikavolt, M|100/100|[from] Flip Turn
|
|-heal|p1a: Sinistcha|100/100|[from] item: Leftovers
|upkeep
|turn|4
|inactive|sasfar has 120 seconds left.
|
|t:|1760739090
|switch|p1a: Heatran|Heatran, F|86/100
|move|p2a: Vikavolt|Sticky Web|p1a: Heatran
|-sidestart|p1: sasfar|move: Sticky Web
|
|-heal|p1a: Heatran|92/100|[from] item: Leftovers
|upkeep
|turn|5
|
|t:|1760739100
|switch|p2a: Blastoise|Blastoise, M|94/100 brn
|move|p1a: Heatran|Stealth Rock|p2a: Blastoise
|-sidestart|p2: Aggrhy|move: Stealth Rock
|
|-heal|p1a: Heatran|98/100|[from] item: Leftovers
|-heal|p2a: Blastoise|100/100 brn|[from] item: Leftovers
|-damage|p2a: Blastoise|94/100 brn|[from] brn
|upkeep
|turn|6
|
|t:|1760739109
|switch|p1a: Sinistcha|Sinistcha|100/100
|-activate|p1a: Sinistcha|move: Sticky Web
|-unboost|p1a: Sinistcha|spe|1
|move|p2a: Blastoise|Rapid Spin|p1a: Sinistcha
|-immune|p1a: Sinistcha
|
|-heal|p2a: Blastoise|100/100 brn|[from] item: Leftovers
|-damage|p2a: Blastoise|94/100 brn|[from] brn
|upkeep
|turn|7
|
|t:|1760739124
|move|p2a: Blastoise|Flip Turn|p1a: Sinistcha
|-resisted|p1a: Sinistcha
|-damage|p1a: Sinistcha|98/100
|
|t:|1760739129
|switch|p2a: Fezandipiti|Fezandipiti, M|100/100|[from] Flip Turn
|-damage|p2a: Fezandipiti|88/100|[from] Stealth Rock
|move|p1a: Sinistcha|Matcha Gotcha|p2a: Fezandipiti
|-resisted|p2a: Fezandipiti
|-damage|p2a: Fezandipiti|79/100
|-heal|p1a: Sinistcha|100/100|[from] drain|[of] p2a: Fezandipiti
|
|-heal|p2a: Fezandipiti|85/100|[from] item: Leftovers
|upkeep
|turn|8
|
|t:|1760739143
|-terastallize|p1a: Sinistcha|Steel
|move|p2a: Fezandipiti|Moonblast|p1a: Sinistcha
|-resisted|p1a: Sinistcha
|-damage|p1a: Sinistcha|85/100
|-unboost|p1a: Sinistcha|spa|1
|move|p1a: Sinistcha|Calm Mind|p1a: Sinistcha
|-boost|p1a: Sinistcha|spa|1
|-boost|p1a: Sinistcha|spd|1
|
|-heal|p2a: Fezandipiti|91/100|[from] item: Leftovers
|-heal|p1a: Sinistcha|92/100|[from] item: Leftovers
|upkeep
|turn|9
|
|t:|1760739156
|move|p2a: Fezandipiti|Nasty Plot|p2a: Fezandipiti
|-boost|p2a: Fezandipiti|spa|2
|move|p1a: Sinistcha|Calm Mind|p1a: Sinistcha
|-boost|p1a: Sinistcha|spa|1
|-boost|p1a: Sinistcha|spd|1
|
|-heal|p2a: Fezandipiti|97/100|[from] item: Leftovers
|-heal|p1a: Sinistcha|98/100|[from] item: Leftovers
|upkeep
|turn|10
|
|t:|1760739178
|move|p2a: Fezandipiti|Nasty Plot|p2a: Fezandipiti
|-boost|p2a: Fezandipiti|spa|2
|move|p1a: Sinistcha|Calm Mind|p1a: Sinistcha
|-boost|p1a: Sinistcha|spa|1
|-boost|p1a: Sinistcha|spd|1
|
|-heal|p2a: Fezandipiti|100/100|[from] item: Leftovers
|-heal|p1a: Sinistcha|100/100|[from] item: Leftovers
|upkeep
|turn|11
|
|t:|1760739188
|move|p2a: Fezandipiti|Nasty Plot|p2a: Fezandipiti
|-boost|p2a: Fezandipiti|spa|2
|move|p1a: Sinistcha|Shadow Ball|p2a: Fezandipiti
|-damage|p2a: Fezandipiti|67/100
|
|-heal|p2a: Fezandipiti|73/100|[from] item: Leftovers
|upkeep
|turn|12
|
|t:|1760739197
|move|p2a: Fezandipiti|Heat Wave|p1a: Sinistcha
|-supereffective|p1a: Sinistcha
|-damage|p1a: Sinistcha|72/100
|move|p1a: Sinistcha|Shadow Ball|p2a: Fezandipiti
|-damage|p2a: Fezandipiti|34/100
|-unboost|p2a: Fezandipiti|spd|1
|
|-heal|p2a: Fezandipiti|40/100|[from] item: Leftovers
|-heal|p1a: Sinistcha|78/100|[from] item: Leftovers
|upkeep
|turn|13
|
|t:|1760739214
|move|p2a: Fezandipiti|Heat Wave|p1a: Sinistcha
|-supereffective|p1a: Sinistcha
|-damage|p1a: Sinistcha|47/100
|move|p1a: Sinistcha|Calm Mind|p1a: Sinistcha
|-boost|p1a: Sinistcha|spa|1
|-boost|p1a: Sinistcha|spd|1
|
|-heal|p2a: Fezandipiti|46/100|[from] item: Leftovers
|-heal|p1a: Sinistcha|53/100|[from] item: Leftovers
|upkeep
|turn|14
|
|t:|1760739224
|move|p2a: Fezandipiti|Heat Wave|p1a: Sinistcha
|-supereffective|p1a: Sinistcha
|-damage|p1a: Sinistcha|27/100
|move|p1a: Sinistcha|Strength Sap|p2a: Fezandipiti
|-unboost|p2a: Fezandipiti|atk|1
|-heal|p1a: Sinistcha|75/100
|
|-heal|p2a: Fezandipiti|52/100|[from] item: Leftovers
|-heal|p1a: Sinistcha|81/100|[from] item: Leftovers
|upkeep
|turn|15
|
|t:|1760739234
|move|p2a: Fezandipiti|Heat Wave|p1a: Sinistcha
|-supereffective|p1a: Sinistcha
|-damage|p1a: Sinistcha|53/100
|move|p1a: Sinistcha|Shadow Ball|p2a: Fezandipiti
|-damage|p2a: Fezandipiti|0 fnt
|faint|p2a: Fezandipiti
|
|-heal|p1a: Sinistcha|59/100|[from] item: Leftovers
|upkeep
|
|t:|1760739246
|switch|p2a: Flygon|Flygon, M|100/100
|-damage|p2a: Flygon|95/100|[from] Stealth Rock
|turn|16
|
|t:|1760739258
|switch|p1a: Great Tusk|Great Tusk|100/100
|-activate|p1a: Great Tusk|move: Sticky Web
|-unboost|p1a: Great Tusk|spe|1
|move|p2a: Flygon|Earthquake|p1a: Great Tusk
|-damage|p1a: Great Tusk|60/100
|-damage|p2a: Flygon|85/100|[from] item: Life Orb
|
|-heal|p1a: Great Tusk|66/100|[from] item: Leftovers
|upkeep
|turn|17
|
|t:|1760739275
|switch|p2a: Vikavolt|Vikavolt, M|100/100
|-damage|p2a: Vikavolt|76/100|[from] Stealth Rock
|move|p1a: Great Tusk|Rapid Spin|p2a: Vikavolt
|-damage|p2a: Vikavolt|63/100
|-boost|p1a: Great Tusk|spe|1
|-damage|p1a: Great Tusk|50/100|[from] item: Rocky Helmet|[of] p2a: Vikavolt
|-sideend|p1: sasfar|Sticky Web|[from] move: Rapid Spin|[of] p1a: Great Tusk
|
|-heal|p1a: Great Tusk|56/100|[from] item: Leftovers
|upkeep
|turn|18
|
|t:|1760739304
|-end|p1a: Great Tusk|Protosynthesis|[silent]
|switch|p1a: Heatran|Heatran, F|98/100
|move|p2a: Vikavolt|Sticky Web|p1a: Heatran
|-sidestart|p1: sasfar|move: Sticky Web
|
|-heal|p1a: Heatran|100/100|[from] item: Leftovers
|upkeep
|turn|19
|
|t:|1760739313
|switch|p2a: Blastoise|Blastoise, M|94/100 brn
|-damage|p2a: Blastoise|82/100 brn|[from] Stealth Rock
|move|p1a: Heatran|Magma Storm|p2a: Blastoise
|-resisted|p2a: Blastoise
|-damage|p2a: Blastoise|64/100 brn
|-activate|p2a: Blastoise|move: Magma Storm|[of] p1a: Heatran
|
|-heal|p2a: Blastoise|70/100 brn|[from] item: Leftovers
|-damage|p2a: Blastoise|64/100 brn|[from] brn
|-damage|p2a: Blastoise|52/100 brn|[from] move: Magma Storm|[partiallytrapped]
|upkeep
|turn|20
|inactive|sasfar has 120 seconds left.
|
|t:|1760739349
|move|p1a: Heatran|Stealth Rock||[still]
|-fail|p1a: Heatran
|move|p2a: Blastoise|Rapid Spin|p1a: Heatran
|-resisted|p1a: Heatran
|-damage|p1a: Heatran|98/100
|-boost|p2a: Blastoise|spe|1
|-sideend|p2: Aggrhy|Stealth Rock|[from] move: Rapid Spin|[of] p2a: Blastoise
|-end|p2a: Blastoise|Magma Storm|[partiallytrapped]
|
|-heal|p2a: Blastoise|58/100 brn|[from] item: Leftovers
|-heal|p1a: Heatran|100/100|[from] item: Leftovers
|-damage|p2a: Blastoise|52/100 brn|[from] brn
|upkeep
|turn|21
|
|t:|1760739368
|move|p2a: Blastoise|Flip Turn|p1a: Heatran
|-supereffective|p1a: Heatran
|-damage|p1a: Heatran|85/100
|
|t:|1760739378
|switch|p2a: Pikachu|Pikachu, F|100/100|[from] Flip Turn
|move|p1a: Heatran|Stealth Rock|p2a: Pikachu
|-sidestart|p2: Aggrhy|move: Stealth Rock
|
|-heal|p1a: Heatran|91/100|[from] item: Leftovers
|upkeep
|turn|22
|
|t:|1760739387
|move|p2a: Pikachu|Substitute|p2a: Pikachu
|-start|p2a: Pikachu|Substitute
|-damage|p2a: Pikachu|75/100
|move|p1a: Heatran|Earth Power|p2a: Pikachu
|-supereffective|p2a: Pikachu
|-end|p2a: Pikachu|Substitute
|
|-heal|p1a: Heatran|97/100|[from] item: Leftovers
|upkeep
|turn|23
|
|t:|1760739399
|move|p2a: Pikachu|Surf|p1a: Heatran
|-supereffective|p1a: Heatran
|-damage|p1a: Heatran|59/100
|move|p1a: Heatran|Earth Power|p2a: Pikachu
|-supereffective|p2a: Pikachu
|-damage|p2a: Pikachu|0 fnt
|faint|p2a: Pikachu
|
|-heal|p1a: Heatran|65/100|[from] item: Leftovers
|upkeep
|
|t:|1760739410
|switch|p2a: Flygon|Flygon, M|85/100
|-damage|p2a: Flygon|79/100|[from] Stealth Rock
|turn|24
|
|t:|1760739425
|switch|p1a: Enamorus|Enamorus, F|100/100
|-terastallize|p2a: Flygon|Fire
|move|p2a: Flygon|Dragon Dance|p2a: Flygon
|-boost|p2a: Flygon|atk|1
|-boost|p2a: Flygon|spe|1
|
|upkeep
|turn|25
|inactive|sasfar has 120 seconds left.
|
|t:|1760739468
|move|p1a: Enamorus|Moonblast|p2a: Flygon
|-resisted|p2a: Flygon
|-damage|p2a: Flygon|40/100
|move|p2a: Flygon|Fire Punch|p1a: Enamorus
|-damage|p1a: Enamorus|0 fnt
|faint|p1a: Enamorus
|-damage|p2a: Flygon|30/100|[from] item: Life Orb
|
|upkeep
|inactive|sasfar has 90 seconds left.
|inactive|sasfar has 60 seconds left.
|inactive|sasfar has 30 seconds left.
|inactive|sasfar has 20 seconds left.
|inactive|sasfar has 15 seconds left.
|
|t:|1760739555
|switch|p1a: Tyranitar|Tyranitar, M|100/100
|-activate|p1a: Tyranitar|move: Sticky Web
|-unboost|p1a: Tyranitar|spe|1
|-weather|Sandstorm|[from] ability: Sand Stream|[of] p1a: Tyranitar
|turn|26
|inactive|sasfar has 25 seconds left this turn.
|
|t:|1760739561
|move|p2a: Flygon|Earthquake|p1a: Tyranitar
|-supereffective|p1a: Tyranitar
|-damage|p1a: Tyranitar|0 fnt
|faint|p1a: Tyranitar
|-damage|p2a: Flygon|20/100|[from] item: Life Orb
|
|-weather|Sandstorm|[upkeep]
|-damage|p2a: Flygon|14/100|[from] Sandstorm
|upkeep
|inactive|sasfar has 30 seconds left this turn.
|inactive|sasfar has 20 seconds left.
|
|t:|1760739572
|switch|p1a: Ogerpon|Ogerpon-Wellspring, F|100/100
|-activate|p1a: Ogerpon|move: Sticky Web
|-unboost|p1a: Ogerpon|spe|1
|turn|27
|inactive|sasfar has 30 seconds left this turn.
|
|t:|1760739577
|switch|p1a: Heatran|Heatran, F|65/100
|-activate|p1a: Heatran|move: Sticky Web
|-unboost|p1a: Heatran|spe|1
|move|p2a: Flygon|Outrage|p1a: Heatran
|-resisted|p1a: Heatran
|-damage|p1a: Heatran|19/100
|-damage|p2a: Flygon|4/100|[from] item: Life Orb
|
|-weather|Sandstorm|[upkeep]
|-damage|p2a: Flygon|0 fnt|[from] Sandstorm
|faint|p2a: Flygon
|-heal|p1a: Heatran|25/100|[from] item: Leftovers
|upkeep
|
|t:|1760739594
|switch|p2a: Vikavolt|Vikavolt, M|63/100
|-damage|p2a: Vikavolt|39/100|[from] Stealth Rock
|turn|28
|
|t:|1760739600
|move|p1a: Heatran|Magma Storm|p2a: Vikavolt
|-supereffective|p2a: Vikavolt
|-damage|p2a: Vikavolt|0 fnt
|faint|p2a: Vikavolt
|
|-weather|Sandstorm|[upkeep]
|-heal|p1a: Heatran|31/100|[from] item: Leftovers
|upkeep
|
|t:|1760739608
|switch|p2a: Blastoise|Blastoise, M|52/100 brn
|-damage|p2a: Blastoise|39/100 brn|[from] Stealth Rock
|turn|29
|
|t:|1760739625
|switch|p1a: Sinistcha|Sinistcha, tera:Steel|59/100
|-activate|p1a: Sinistcha|move: Sticky Web
|-unboost|p1a: Sinistcha|spe|1
|move|p2a: Blastoise|Rapid Spin|p1a: Sinistcha
|-resisted|p1a: Sinistcha
|-damage|p1a: Sinistcha|58/100
|-boost|p2a: Blastoise|spe|1
|-sideend|p2: Aggrhy|Stealth Rock|[from] move: Rapid Spin|[of] p2a: Blastoise
|
|-weather|Sandstorm|[upkeep]
|-damage|p2a: Blastoise|33/100 brn|[from] Sandstorm
|-heal|p2a: Blastoise|39/100 brn|[from] item: Leftovers
|-heal|p1a: Sinistcha|64/100|[from] item: Leftovers
|-damage|p2a: Blastoise|33/100 brn|[from] brn
|upkeep
|turn|30
|
|t:|1760739642
|move|p2a: Blastoise|Flip Turn|p1a: Sinistcha
|-damage|p1a: Sinistcha|56/100
|
|t:|1760739645
|switch|p2a: Lokix|Lokix, M|100/100|[from] Flip Turn
|move|p1a: Sinistcha|Strength Sap|p2a: Lokix
|-unboost|p2a: Lokix|atk|1
|-heal|p1a: Sinistcha|100/100
|
|-weather|none
|upkeep
|turn|31
|inactive|sasfar has 60 seconds left.
|
|t:|1760739663
|switch|p1a: Great Tusk|Great Tusk|56/100
|-activate|p1a: Great Tusk|move: Sticky Web
|-unboost|p1a: Great Tusk|spe|1
|move|p2a: Lokix|Swords Dance|p2a: Lokix
|-boost|p2a: Lokix|atk|2
|
|-heal|p1a: Great Tusk|62/100|[from] item: Leftovers
|upkeep
|turn|32
|inactive|sasfar has 60 seconds left.
|
|t:|1760739683
|move|p2a: Lokix|Swords Dance|p2a: Lokix
|-boost|p2a: Lokix|atk|2
|move|p1a: Great Tusk|Rapid Spin|p2a: Lokix
|-damage|p2a: Lokix|83/100
|-boost|p1a: Great Tusk|spe|1
|-sideend|p1: sasfar|Sticky Web|[from] move: Rapid Spin|[of] p1a: Great Tusk
|
|-heal|p1a: Great Tusk|68/100|[from] item: Leftovers
|upkeep
|turn|33
|
|t:|1760739693
|move|p1a: Great Tusk|Close Combat|p2a: Lokix
|-damage|p2a: Lokix|17/100
|-unboost|p1a: Great Tusk|def|1
|-unboost|p1a: Great Tusk|spd|1
|move|p2a: Lokix|Leech Life|p1a: Great Tusk
|-resisted|p1a: Great Tusk
|-damage|p1a: Great Tusk|0 fnt
|-heal|p2a: Lokix|66/100|[from] drain|[of] p1a: Great Tusk
|faint|p1a: Great Tusk
|-end|p1a: Great Tusk|Protosynthesis|[silent]
|
|upkeep
|inactive|sasfar has 60 seconds left.
|
|t:|1760739730
|switch|p1a: Heatran|Heatran, F|31/100
|turn|34
|
|t:|1760739736
|move|p2a: Lokix|Axe Kick|p1a: Heatran
|-supereffective|p1a: Heatran
|-damage|p1a: Heatran|0 fnt
|faint|p1a: Heatran
|
|upkeep
|inactive|sasfar has 30 seconds left.
|inactive|sasfar has 20 seconds left.
|inactive|sasfar has 15 seconds left.
|
|t:|1760739771
|switch|p1a: Ogerpon|Ogerpon-Wellspring, F|100/100
|turn|35
|inactive|sasfar has 25 seconds left this turn.
|
|t:|1760739775
|switch|p1a: Sinistcha|Sinistcha, tera:Steel|100/100
|move|p2a: Lokix|Sucker Punch||[still]
|-fail|p2a: Lokix
|
|upkeep
|turn|36
|inactive|sasfar has 30 seconds left.
|
|t:|1760739787
|move|p2a: Lokix|Axe Kick|p1a: Sinistcha
|-supereffective|p1a: Sinistcha
|-damage|p1a: Sinistcha|0 fnt
|faint|p1a: Sinistcha
|
|upkeep
|inactive|sasfar has 30 seconds left this turn.
|
|t:|1760739790
|switch|p1a: Ogerpon|Ogerpon-Wellspring, F|100/100
|turn|37
|
|t:|1760739795
|move|p2a: Lokix|Sucker Punch||[still]
|-fail|p2a: Lokix
|move|p1a: Ogerpon|Swords Dance|p1a: Ogerpon
|-boost|p1a: Ogerpon|atk|2
|
|upkeep
|turn|38
|
|t:|1760739801
|move|p2a: Lokix|Sucker Punch||[still]
|-fail|p2a: Lokix
|move|p1a: Ogerpon|Swords Dance|p1a: Ogerpon
|-boost|p1a: Ogerpon|atk|2
|
|upkeep
|turn|39
|
|t:|1760739807
|move|p2a: Lokix|Sucker Punch||[still]
|-fail|p2a: Lokix
|move|p1a: Ogerpon|Swords Dance|p1a: Ogerpon
|-boost|p1a: Ogerpon|atk|2
|
|upkeep
|turn|40
|
|t:|1760739813
|move|p2a: Lokix|Sucker Punch||[still]
|-fail|p2a: Lokix
|move|p1a: Ogerpon|Swords Dance|p1a: Ogerpon
|-boost|p1a: Ogerpon|atk|0
|
|upkeep
|turn|41
|
|t:|1760739826
|move|p2a: Lokix|Sucker Punch|p1a: Ogerpon
|-damage|p1a: Ogerpon|0 fnt
|faint|p1a: Ogerpon
|
|win|Aggrhy
|raw|sasfar's rating: 1457 &rarr; <strong>1433</strong><br />(-24 for losing)
|raw|Aggrhy's rating: 1393 &rarr; <strong>1417</strong><br />(+24 for winning)
|l|‽sasfar
|player|p1|
|l|☆Aggrhy
|player|p2|
