|j|☆kimigoya
|j|☆Majom Kapitany
|t:|1760870579
|gametype|singles
|player|p1|kimigoya|102|1255
|player|p2|Majom Kapitany|2|1354
|gen|9
|tier|[Gen 9] OU
|rated|
|rule|HP Percentage Mod: HP is shown in percentages
|rule|Endless Battle Clause: Forcing endless battles is banned
|rule|Species Clause: Limit one of each Pokémon
|rule|OHKO Clause: OHKO moves are banned
|rule|Evasion Items Clause: Evasion items are banned
|rule|Evasion Moves Clause: Evasion moves are banned
|rule|Evasion Abilities Clause: Evasion abilities are banned
|rule|Sleep Moves Clause: Sleep-inducing moves are banned
|clearpoke
|poke|p1|Corviknight, F|
|poke|p1|Slowking-Galar, F|
|poke|p1|Alomomola, M|
|poke|p1|Gliscor, F|
|poke|p1|Dondozo, M|
|poke|p1|Blissey, F|
|poke|p2|Lokix, F|
|poke|p2|Alomomola, F|
|poke|p2|Slowking-Galar, F|
|poke|p2|Kingambit, F|
|poke|p2|Raging Bolt|
|poke|p2|Weezing-Galar, F|
|teampreview
|
|t:|1760870587
|teamsize|p1|6
|teamsize|p2|6
|start
|switch|p1a: Gliscor|Gliscor, F|100/100
|switch|p2a: Lokix|Lokix, F|100/100
|turn|1
|
|t:|1760870592
|move|p1a: Gliscor|Protect|p1a: Gliscor
|-singleturn|p1a: Gliscor|Protect
|move|p2a: Lokix|U-turn|p1a: Gliscor
|-activate|p1a: Gliscor|move: Protect
|
|-status|p1a: Gliscor|tox|[from] item: Toxic Orb
|upkeep
|turn|2
|
|t:|1760870598
|-terastallize|p2a: Lokix|Bug
|move|p2a: Lokix|U-turn|p1a: Gliscor
|-resisted|p1a: Gliscor
|-damage|p1a: Gliscor|51/100 tox
|
|t:|1760870605
|switch|p2a: Weezing|Weezing-Galar, F|100/100|[from] U-turn
|move|p1a: Gliscor|Stealth Rock|p2a: Weezing
|-sidestart|p2: Majom Kapitany|move: Stealth Rock
|
|-heal|p1a: Gliscor|63/100 tox|[from] ability: Poison Heal
|upkeep
|turn|3
|
|t:|1760870616
|switch|p1a: Corviknight|Corviknight, F|100/100
|-ability|p1a: Corviknight|Pressure
|move|p2a: Weezing|Defog|p1a: Corviknight
|-unboost|p1a: Corviknight|evasion|1
|-sideend|p2: Majom Kapitany|Stealth Rock|[from] move: Defog|[of] p2a: Weezing
|
|upkeep
|turn|4
|inactive|Battle timer is ON: inactive players will automatically lose when time's up. (requested by kimigoya)
|
|t:|1760870635
|switch|p1a: Slowking|Slowking-Galar, F|100/100
|move|p2a: Weezing|Will-O-Wisp|p1a: Slowking
|-status|p1a: Slowking|brn
|
|-damage|p1a: Slowking|94/100 brn|[from] brn
|upkeep
|turn|5
|
|t:|1760870648
|switch|p2a: Kingambit|Kingambit, F|100/100
|move|p1a: Slowking|Future Sight|p2a: Kingambit
|-start|p1a: Slowking|move: Future Sight
|
|-heal|p1a: Slowking|100/100 brn|[from] item: Leftovers
|-damage|p1a: Slowking|94/100 brn|[from] brn
|upkeep
|turn|6
|
|t:|1760870661
|-end|p2a: Kingambit|fallenundefined|[silent]
|switch|p2a: Lokix|Lokix, F, tera:Bug|100/100
|switch|p1a: Corviknight|Corviknight, F|100/100
|-ability|p1a: Corviknight|Pressure
|
|upkeep
|turn|7
|
|t:|1760870665
|move|p2a: Lokix|U-turn|p1a: Corviknight
|-resisted|p1a: Corviknight
|-damage|p1a: Corviknight|82/100
|
|t:|1760870671
|switch|p2a: Kingambit|Kingambit, F|100/100|[from] U-turn
|move|p1a: Corviknight|Body Press|p2a: Kingambit
|-supereffective|p2a: Kingambit
|-damage|p2a: Kingambit|17/100
|
|-end|p2a: Kingambit|move: Future Sight
|-immune|p2a: Kingambit
|-heal|p1a: Corviknight|88/100|[from] item: Leftovers
|upkeep
|turn|8
|
|t:|1760870679
|-end|p2a: Kingambit|fallenundefined|[silent]
|switch|p2a: Alomomola|Alomomola, F|100/100
|move|p1a: Corviknight|Body Press|p2a: Alomomola
|-damage|p2a: Alomomola|87/100
|
|-heal|p1a: Corviknight|94/100|[from] item: Leftovers
|-heal|p2a: Alomomola|93/100|[from] item: Leftovers
|upkeep
|turn|9
|
|t:|1760870683
|switch|p1a: Alomomola|Alomomola, M|100/100
|move|p2a: Alomomola|Wish|p2a: Alomomola
|
|-heal|p2a: Alomomola|99/100|[from] item: Leftovers
|upkeep
|turn|10
|
|t:|1760870691
|move|p1a: Alomomola|Whirlpool|p2a: Alomomola
|-resisted|p2a: Alomomola
|-damage|p2a: Alomomola|96/100
|-activate|p2a: Alomomola|move: Whirlpool|[of] p1a: Alomomola
|move|p2a: Alomomola|Flip Turn|p1a: Alomomola
|-resisted|p1a: Alomomola
|-damage|p1a: Alomomola|96/100
|
|t:|1760870696
|switch|p2a: Kingambit|Kingambit, F|17/100|[from] Flip Turn
|
|-heal|p2a: Kingambit|83/100|[from] move: Wish|[wisher] Alomomola
|-heal|p1a: Alomomola|100/100|[from] item: Leftovers
|upkeep
|turn|11
|
|t:|1760870705
|switch|p1a: Corviknight|Corviknight, F|94/100
|-ability|p1a: Corviknight|Pressure
|-end|p2a: Kingambit|fallenundefined|[silent]
|switch|p2a: Weezing|Weezing-Galar, F|100/100
|
|-heal|p1a: Corviknight|100/100|[from] item: Leftovers
|upkeep
|turn|12
|
|t:|1760870709
|switch|p1a: Alomomola|Alomomola, M|100/100
|move|p2a: Weezing|Will-O-Wisp|p1a: Alomomola
|-status|p1a: Alomomola|brn
|
|-damage|p1a: Alomomola|94/100 brn|[from] brn
|upkeep
|turn|13
|
|t:|1760870715
|switch|p1a: Blissey|Blissey, F|100/100
|move|p2a: Weezing|Strange Steam|p1a: Blissey
|-crit|p1a: Blissey
|-damage|p1a: Blissey|88/100
|
|-heal|p1a: Blissey|94/100|[from] item: Leftovers
|upkeep
|turn|14
|
|t:|1760870724
|switch|p2a: Alomomola|Alomomola, F|100/100
|move|p1a: Blissey|Heal Bell|p1a: Blissey
|-activate|p1a: Blissey|move: Heal Bell
|-curestatus|p1: Slowking|brn|[msg]
|-curestatus|p1: Gliscor|tox|[msg]
|-curestatus|p1: Alomomola|brn|[msg]
|
|-heal|p1a: Blissey|100/100|[from] item: Leftovers
|upkeep
|turn|15
|
|t:|1760870730
|switch|p1a: Gliscor|Gliscor, F|63/100
|move|p2a: Alomomola|Scald|p1a: Gliscor
|-supereffective|p1a: Gliscor
|-damage|p1a: Gliscor|38/100
|
|-status|p1a: Gliscor|tox|[from] item: Toxic Orb
|upkeep
|turn|16
|
|t:|1760870737
|move|p1a: Gliscor|Protect|p1a: Gliscor
|-singleturn|p1a: Gliscor|Protect
|move|p2a: Alomomola|Flip Turn|p1a: Gliscor
|-activate|p1a: Gliscor|move: Protect
|
|-heal|p1a: Gliscor|50/100 tox|[from] ability: Poison Heal
|upkeep
|turn|17
|
|t:|1760870740
|switch|p1a: Alomomola|Alomomola, M|100/100
|move|p2a: Alomomola|Flip Turn|p1a: Alomomola
|-resisted|p1a: Alomomola
|-damage|p1a: Alomomola|96/100
|
|t:|1760870746
|switch|p2a: Weezing|Weezing-Galar, F|100/100|[from] Flip Turn
|
|-heal|p1a: Alomomola|100/100|[from] item: Leftovers
|upkeep
|turn|18
|
|t:|1760870751
|switch|p1a: Blissey|Blissey, F|100/100
|move|p2a: Weezing|Will-O-Wisp|p1a: Blissey
|-status|p1a: Blissey|brn
|
|-damage|p1a: Blissey|94/100 brn|[from] brn
|upkeep
|turn|19
|
|t:|1760870758
|switch|p2a: Alomomola|Alomomola, F|100/100
|-curestatus|p1a: Blissey|brn|[from] ability: Natural Cure
|switch|p1a: Gliscor|Gliscor, F|50/100 tox
|
|-heal|p1a: Gliscor|63/100 tox|[from] ability: Poison Heal
|upkeep
|turn|20
|
|t:|1760870763
|switch|p1a: Blissey|Blissey, F|94/100
|switch|p2a: Lokix|Lokix, F, tera:Bug|100/100
|
|-heal|p1a: Blissey|100/100|[from] item: Leftovers
|upkeep
|turn|21
|
|t:|1760870766
|switch|p1a: Corviknight|Corviknight, F|100/100
|-ability|p1a: Corviknight|Pressure
|move|p2a: Lokix|U-turn|p1a: Corviknight
|-resisted|p1a: Corviknight
|-damage|p1a: Corviknight|80/100
|
|t:|1760870771
|switch|p2a: Raging Bolt|Raging Bolt|100/100|[from] U-turn
|
|-heal|p1a: Corviknight|87/100|[from] item: Leftovers
|upkeep
|turn|22
|
|t:|1760870774
|switch|p1a: Blissey|Blissey, F|100/100
|move|p2a: Raging Bolt|Draco Meteor|p1a: Blissey
|-damage|p1a: Blissey|78/100
|-unboost|p2a: Raging Bolt|spa|2
|
|-heal|p1a: Blissey|84/100|[from] item: Leftovers
|upkeep
|turn|23
|
|t:|1760870778
|switch|p1a: Gliscor|Gliscor, F|63/100 tox
|move|p2a: Raging Bolt|Volt Switch|p1a: Gliscor
|-immune|p1a: Gliscor
|
|-heal|p1a: Gliscor|75/100 tox|[from] ability: Poison Heal
|upkeep
|turn|24
|
|t:|1760870782
|switch|p1a: Blissey|Blissey, F|84/100
|-end|p2a: Raging Bolt|Protosynthesis|[silent]
|switch|p2a: Alomomola|Alomomola, F|100/100
|
|-heal|p1a: Blissey|90/100|[from] item: Leftovers
|upkeep
|turn|25
|
|t:|1760870787
|switch|p1a: Slowking|Slowking-Galar, F|100/100
|move|p2a: Alomomola|Flip Turn|p1a: Slowking
|-damage|p1a: Slowking|84/100
|
|t:|1760870790
|switch|p2a: Kingambit|Kingambit, F|83/100|[from] Flip Turn
|
|-heal|p1a: Slowking|90/100|[from] item: Leftovers
|upkeep
|turn|26
|
|t:|1760870795
|switch|p1a: Corviknight|Corviknight, F|87/100
|-ability|p1a: Corviknight|Pressure
|move|p2a: Kingambit|Kowtow Cleave|p1a: Corviknight
|-damage|p1a: Corviknight|53/100
|
|-heal|p1a: Corviknight|60/100|[from] item: Leftovers
|upkeep
|turn|27
|
|t:|1760870801
|switch|p1a: Alomomola|Alomomola, M|100/100
|-end|p2a: Kingambit|fallenundefined|[silent]
|switch|p2a: Alomomola|Alomomola, F|100/100
|
|upkeep
|turn|28
|
|t:|1760870806
|switch|p1a: Gliscor|Gliscor, F|75/100 tox
|move|p2a: Alomomola|Flip Turn|p1a: Gliscor
|-supereffective|p1a: Gliscor
|-damage|p1a: Gliscor|48/100 tox
|
|t:|1760870813
|switch|p2a: Lokix|Lokix, F, tera:Bug|100/100|[from] Flip Turn
|
|-heal|p1a: Gliscor|60/100 tox|[from] ability: Poison Heal
|upkeep
|turn|29
|
|t:|1760870817
|move|p1a: Gliscor|Protect|p1a: Gliscor
|-singleturn|p1a: Gliscor|Protect
|move|p2a: Lokix|U-turn|p1a: Gliscor
|-activate|p1a: Gliscor|move: Protect
|
|-heal|p1a: Gliscor|73/100 tox|[from] ability: Poison Heal
|upkeep
|turn|30
|
|t:|1760870819
|switch|p1a: Corviknight|Corviknight, F|60/100
|-ability|p1a: Corviknight|Pressure
|move|p2a: Lokix|U-turn|p1a: Corviknight
|-resisted|p1a: Corviknight
|-damage|p1a: Corviknight|41/100
|
|t:|1760870822
|switch|p2a: Raging Bolt|Raging Bolt|100/100|[from] U-turn
|
|-heal|p1a: Corviknight|47/100|[from] item: Leftovers
|upkeep
|turn|31
|
|t:|1760870825
|switch|p1a: Blissey|Blissey, F|90/100
|move|p2a: Raging Bolt|Draco Meteor|p1a: Blissey
|-damage|p1a: Blissey|66/100
|-unboost|p2a: Raging Bolt|spa|2
|
|-heal|p1a: Blissey|72/100|[from] item: Leftovers
|upkeep
|turn|32
|
|t:|1760870829
|move|p2a: Raging Bolt|Volt Switch|p1a: Blissey
|-damage|p1a: Blissey|65/100
|
|t:|1760870834
|-end|p2a: Raging Bolt|Protosynthesis|[silent]
|switch|p2a: Slowking|Slowking-Galar, F|100/100|[from] Volt Switch
|move|p1a: Blissey|Seismic Toss|p2a: Slowking
|-damage|p2a: Slowking|75/100
|
|-heal|p1a: Blissey|72/100|[from] item: Leftovers
|-heal|p2a: Slowking|81/100|[from] item: Leftovers
|upkeep
|turn|33
|
|t:|1760870839
|switch|p1a: Alomomola|Alomomola, M|100/100
|move|p2a: Slowking|Future Sight|p1a: Alomomola
|-start|p2a: Slowking|move: Future Sight
|
|-heal|p2a: Slowking|87/100|[from] item: Leftovers
|upkeep
|turn|34
|
|t:|1760870844
|move|p1a: Alomomola|Wish|p1a: Alomomola
|move|p2a: Slowking|Toxic|p1a: Alomomola
|-status|p1a: Alomomola|tox
|
|-heal|p2a: Slowking|93/100|[from] item: Leftovers
|-damage|p1a: Alomomola|94/100 tox|[from] psn
|upkeep
|turn|35
|
|t:|1760870847
|move|p1a: Alomomola|Flip Turn|p2a: Slowking
|-damage|p2a: Slowking|78/100
|
|t:|1760870849
|switch|p1a: Corviknight|Corviknight, F|47/100|[from] Flip Turn
|-ability|p1a: Corviknight|Pressure
|-prepare|p2a: Slowking|Chilly Reception|[premajor]
|move|p2a: Slowking|Chilly Reception|p2a: Slowking
|-weather|Snowscape
|
|t:|1760870857
|switch|p2a: Raging Bolt|Raging Bolt|100/100|[from] Chilly Reception
|
|-weather|Snowscape|[upkeep]
|-end|p1a: Corviknight|move: Future Sight
|-resisted|p1a: Corviknight
|-damage|p1a: Corviknight|24/100
|-heal|p1a: Corviknight|90/100|[from] move: Wish|[wisher] Alomomola
|-heal|p1a: Corviknight|97/100|[from] item: Leftovers
|upkeep
|turn|36
|
|t:|1760870862
|switch|p1a: Blissey|Blissey, F|72/100
|move|p2a: Raging Bolt|Volt Switch|p1a: Blissey
|-damage|p1a: Blissey|60/100
|
|t:|1760870865
|-end|p2a: Raging Bolt|Protosynthesis|[silent]
|switch|p2a: Lokix|Lokix, F, tera:Bug|100/100|[from] Volt Switch
|
|-weather|Snowscape|[upkeep]
|-heal|p1a: Blissey|66/100|[from] item: Leftovers
|upkeep
|turn|37
|
|t:|1760870870
|switch|p1a: Corviknight|Corviknight, F|97/100
|-ability|p1a: Corviknight|Pressure
|move|p2a: Lokix|U-turn|p1a: Corviknight
|-resisted|p1a: Corviknight
|-damage|p1a: Corviknight|77/100
|
|t:|1760870877
|switch|p2a: Raging Bolt|Raging Bolt|100/100|[from] U-turn
|
|-weather|Snowscape|[upkeep]
|-heal|p1a: Corviknight|83/100|[from] item: Leftovers
|upkeep
|turn|38
|
|t:|1760870884
|switch|p1a: Blissey|Blissey, F|66/100
|move|p2a: Raging Bolt|Volt Switch|p1a: Blissey
|-damage|p1a: Blissey|52/100
|
|t:|1760870887
|-end|p2a: Raging Bolt|Protosynthesis|[silent]
|switch|p2a: Lokix|Lokix, F, tera:Bug|100/100|[from] Volt Switch
|
|-weather|Snowscape|[upkeep]
|-heal|p1a: Blissey|58/100|[from] item: Leftovers
|upkeep
|turn|39
|
|t:|1760870892
|switch|p1a: Corviknight|Corviknight, F|83/100
|-ability|p1a: Corviknight|Pressure
|move|p2a: Lokix|Knock Off|p1a: Corviknight
|-damage|p1a: Corviknight|45/100
|-enditem|p1a: Corviknight|Leftovers|[from] move: Knock Off|[of] p2a: Lokix
|
|-weather|none
|upkeep
|turn|40
|
|t:|1760870918
|switch|p2a: Weezing|Weezing-Galar, F|100/100
|move|p1a: Corviknight|Roost|p1a: Corviknight
|-heal|p1a: Corviknight|95/100
|-singleturn|p1a: Corviknight|move: Roost
|
|upkeep
|turn|41
|
|t:|1760870926
|switch|p1a: Gliscor|Gliscor, F|73/100 tox
|switch|p2a: Lokix|Lokix, F, tera:Bug|100/100
|
|-heal|p1a: Gliscor|85/100 tox|[from] ability: Poison Heal
|upkeep
|turn|42
|
|t:|1760870930
|switch|p1a: Alomomola|Alomomola, M|100/100 tox
|move|p2a: Lokix|U-turn|p1a: Alomomola
|-damage|p1a: Alomomola|61/100 tox
|
|t:|1760870934
|switch|p2a: Alomomola|Alomomola, F|100/100|[from] U-turn
|
|-heal|p1a: Alomomola|67/100 tox|[from] item: Leftovers
|-damage|p1a: Alomomola|61/100 tox|[from] psn
|upkeep
|turn|43
|
|t:|1760870937
|switch|p1a: Blissey|Blissey, F|58/100
|move|p2a: Alomomola|Flip Turn|p1a: Blissey
|-damage|p1a: Blissey|40/100
|
|t:|1760870940
|switch|p2a: Lokix|Lokix, F, tera:Bug|100/100|[from] Flip Turn
|
|-heal|p1a: Blissey|47/100|[from] item: Leftovers
|upkeep
|turn|44
|
|t:|1760870946
|switch|p1a: Alomomola|Alomomola, M|95/100 tox
|move|p2a: Lokix|U-turn|p1a: Alomomola
|-damage|p1a: Alomomola|60/100 tox
|
|t:|1760870952
|switch|p2a: Raging Bolt|Raging Bolt|100/100|[from] U-turn
|
|-heal|p1a: Alomomola|67/100 tox|[from] item: Leftovers
|-damage|p1a: Alomomola|60/100 tox|[from] psn
|upkeep
|turn|45
|
|t:|1760870957
|switch|p1a: Gliscor|Gliscor, F|85/100 tox
|move|p2a: Raging Bolt|Volt Switch|p1a: Gliscor
|-immune|p1a: Gliscor
|
|-heal|p1a: Gliscor|98/100 tox|[from] ability: Poison Heal
|upkeep
|turn|46
|
|t:|1760870962
|switch|p1a: Blissey|Blissey, F|47/100
|-end|p2a: Raging Bolt|Protosynthesis|[silent]
|switch|p2a: Alomomola|Alomomola, F|100/100
|
|-heal|p1a: Blissey|53/100|[from] item: Leftovers
|upkeep
|turn|47
|
|t:|1760870965
|move|p1a: Blissey|Soft-Boiled|p1a: Blissey
|-heal|p1a: Blissey|100/100
|move|p2a: Alomomola|Flip Turn|p1a: Blissey
|-damage|p1a: Blissey|85/100
|
|t:|1760870968
|switch|p2a: Lokix|Lokix, F, tera:Bug|100/100|[from] Flip Turn
|
|-heal|p1a: Blissey|91/100|[from] item: Leftovers
|upkeep
|turn|48
|
|t:|1760870972
|switch|p1a: Alomomola|Alomomola, M|94/100 tox
|move|p2a: Lokix|Knock Off|p1a: Alomomola
|-damage|p1a: Alomomola|59/100 tox
|-enditem|p1a: Alomomola|Leftovers|[from] move: Knock Off|[of] p2a: Lokix
|
|-damage|p1a: Alomomola|53/100 tox|[from] psn
|upkeep
|turn|49
|
|t:|1760870982
|switch|p2a: Raging Bolt|Raging Bolt|100/100
|switch|p1a: Corviknight|Corviknight, F|95/100
|-ability|p1a: Corviknight|Pressure
|
|upkeep
|turn|50
|
|t:|1760870986
|switch|p1a: Blissey|Blissey, F|91/100
|move|p2a: Raging Bolt|Calm Mind|p2a: Raging Bolt
|-boost|p2a: Raging Bolt|spa|1
|-boost|p2a: Raging Bolt|spd|1
|
|-heal|p1a: Blissey|97/100|[from] item: Leftovers
|upkeep
|turn|51
|
|t:|1760870999
|-end|p2a: Raging Bolt|Protosynthesis|[silent]
|switch|p2a: Kingambit|Kingambit, F|83/100
|move|p1a: Blissey|Calm Mind|p1a: Blissey
|-boost|p1a: Blissey|spa|1
|-boost|p1a: Blissey|spd|1
|
|-heal|p1a: Blissey|100/100|[from] item: Leftovers
|upkeep
|turn|52
|
|t:|1760871004
|switch|p1a: Alomomola|Alomomola, M|86/100 tox
|move|p2a: Kingambit|Swords Dance|p2a: Kingambit
|-boost|p2a: Kingambit|atk|2
|
|-damage|p1a: Alomomola|80/100 tox|[from] psn
|upkeep
|turn|53
|
|t:|1760871009
|switch|p1a: Dondozo|Dondozo, M|100/100
|move|p2a: Kingambit|Kowtow Cleave|p1a: Dondozo
|-damage|p1a: Dondozo|74/100
|
|-heal|p1a: Dondozo|80/100|[from] item: Leftovers
|upkeep
|turn|54
|
|t:|1760871013
|-end|p2a: Kingambit|fallenundefined|[silent]
|switch|p2a: Slowking|Slowking-Galar, F|100/100
|switch|p1a: Corviknight|Corviknight, F|95/100
|-ability|p1a: Corviknight|Pressure
|
|upkeep
|turn|55
|
|t:|1760871020
|switch|p1a: Blissey|Blissey, F|100/100
|switch|p2a: Weezing|Weezing-Galar, F|100/100
|
|upkeep
|turn|56
|
|t:|1760871030
|switch|p2a: Lokix|Lokix, F, tera:Bug|100/100
|move|p1a: Blissey|Heal Bell|p1a: Blissey
|-activate|p1a: Blissey|move: Heal Bell
|-curestatus|p1: Alomomola|tox|[msg]
|-curestatus|p1: Gliscor|tox|[msg]
|
|upkeep
|turn|57
|
|t:|1760871033
|switch|p1a: Alomomola|Alomomola, M|100/100
|move|p2a: Lokix|Knock Off|p1a: Alomomola
|-damage|p1a: Alomomola|75/100
|
|upkeep
|turn|58
|
|t:|1760871040
|switch|p2a: Slowking|Slowking-Galar, F|100/100
|switch|p1a: Corviknight|Corviknight, F|95/100
|-ability|p1a: Corviknight|Pressure
|
|upkeep
|turn|59
|
|t:|1760871045
|switch|p1a: Gliscor|Gliscor, F|98/100
|-prepare|p2a: Slowking|Chilly Reception|[premajor]
|move|p2a: Slowking|Chilly Reception|p2a: Slowking
|-weather|Snowscape
|
|t:|1760871053
|switch|p2a: Weezing|Weezing-Galar, F|100/100|[from] Chilly Reception
|
|-weather|Snowscape|[upkeep]
|-status|p1a: Gliscor|tox|[from] item: Toxic Orb
|upkeep
|turn|60
|
|t:|1760871059
|switch|p1a: Slowking|Slowking-Galar, F|100/100
|move|p2a: Weezing|Strange Steam|p1a: Slowking
|-resisted|p1a: Slowking
|-damage|p1a: Slowking|93/100
|
|-weather|Snowscape|[upkeep]
|-heal|p1a: Slowking|99/100|[from] item: Leftovers
|upkeep
|turn|61
|
|t:|1760871064
|switch|p2a: Kingambit|Kingambit, F|83/100
|switch|p1a: Blissey|Blissey, F|100/100
|
|-weather|Snowscape|[upkeep]
|upkeep
|turn|62
|
|t:|1760871070
|switch|p1a: Alomomola|Alomomola, M|100/100
|move|p2a: Kingambit|Kowtow Cleave|p1a: Alomomola
|-damage|p1a: Alomomola|67/100
|
|-weather|Snowscape|[upkeep]
|upkeep
|turn|63
|
|t:|1760871074
|switch|p1a: Corviknight|Corviknight, F|95/100
|-ability|p1a: Corviknight|Pressure
|-end|p2a: Kingambit|fallenundefined|[silent]
|switch|p2a: Alomomola|Alomomola, F|100/100
|
|-weather|none
|upkeep
|turn|64
|
|t:|1760871078
|switch|p1a: Alomomola|Alomomola, M|100/100
|move|p2a: Alomomola|Scald|p1a: Alomomola
|-resisted|p1a: Alomomola
|-damage|p1a: Alomomola|92/100
|
|upkeep
|turn|65
|
|t:|1760871083
|switch|p1a: Slowking|Slowking-Galar, F|100/100
|move|p2a: Alomomola|Flip Turn|p1a: Slowking
|-damage|p1a: Slowking|83/100
|
|t:|1760871088
|switch|p2a: Kingambit|Kingambit, F|83/100|[from] Flip Turn
|
|-heal|p1a: Slowking|90/100|[from] item: Leftovers
|upkeep
|turn|66
|
|t:|1760871093
|switch|p1a: Alomomola|Alomomola, M|100/100
|move|p2a: Kingambit|Kowtow Cleave|p1a: Alomomola
|-damage|p1a: Alomomola|70/100
|
|upkeep
|turn|67
|
|t:|1760871099
|switch|p1a: Corviknight|Corviknight, F|95/100
|-ability|p1a: Corviknight|Pressure
|-end|p2a: Kingambit|fallenundefined|[silent]
|switch|p2a: Alomomola|Alomomola, F|100/100
|
|upkeep
|turn|68
|
|t:|1760871104
|switch|p1a: Alomomola|Alomomola, M|100/100
|switch|p2a: Slowking|Slowking-Galar, F|100/100
|
|upkeep
|turn|69
|
|t:|1760871110
|switch|p1a: Slowking|Slowking-Galar, F|100/100
|move|p2a: Slowking|Toxic|p1a: Slowking
|-immune|p1a: Slowking
|
|upkeep
|turn|70
|
|t:|1760871117
|switch|p1a: Blissey|Blissey, F|100/100
|move|p2a: Slowking|Future Sight|p1a: Blissey
|-start|p2a: Slowking|move: Future Sight
|
|upkeep
|turn|71
|
|t:|1760871127
|switch|p1a: Slowking|Slowking-Galar, F|100/100
|switch|p2a: Alomomola|Alomomola, F|100/100
|
|upkeep
|turn|72
|
|t:|1760871132
|switch|p2a: Slowking|Slowking-Galar, F|100/100
|switch|p1a: Blissey|Blissey, F|100/100
|
|-end|p1a: Blissey|move: Future Sight
|-damage|p1a: Blissey|87/100
|-heal|p1a: Blissey|93/100|[from] item: Leftovers
|upkeep
|turn|73
|
|t:|1760871137
|switch|p1a: Gliscor|Gliscor, F|98/100 tox
|switch|p2a: Alomomola|Alomomola, F|100/100
|
|-heal|p1a: Gliscor|100/100 tox|[from] ability: Poison Heal
|upkeep
|turn|74
|
|t:|1760871142
|switch|p2a: Weezing|Weezing-Galar, F|100/100
|move|p1a: Gliscor|Stealth Rock|p2a: Weezing
|-sidestart|p2: Majom Kapitany|move: Stealth Rock
|
|upkeep
|turn|75
|
|t:|1760871145
|switch|p1a: Corviknight|Corviknight, F|95/100
|-ability|p1a: Corviknight|Pressure
|move|p2a: Weezing|Defog|p1a: Corviknight
|-unboost|p1a: Corviknight|evasion|1
|-sideend|p2: Majom Kapitany|Stealth Rock|[from] move: Defog|[of] p2a: Weezing
|
|upkeep
|turn|76
|
|t:|1760871148
|switch|p1a: Gliscor|Gliscor, F|100/100 tox
|move|p2a: Weezing|Will-O-Wisp||[still]
|-fail|p2a: Weezing
|
|upkeep
|turn|77
|
|t:|1760871154
|switch|p2a: Alomomola|Alomomola, F|100/100
|move|p1a: Gliscor|Spikes|p2a: Alomomola
|-sidestart|p2: Majom Kapitany|Spikes
|
|upkeep
|turn|78
|
|t:|1760871162
|move|p1a: Gliscor|Spikes|p2a: Alomomola
|-sidestart|p2: Majom Kapitany|Spikes
|move|p2a: Alomomola|Scald|p1a: Gliscor
|-supereffective|p1a: Gliscor
|-damage|p1a: Gliscor|75/100 tox
|
|-heal|p1a: Gliscor|88/100 tox|[from] ability: Poison Heal
|upkeep
|turn|79
|
|t:|1760871169
|move|p1a: Gliscor|Knock Off|p2a: Alomomola
|-damage|p2a: Alomomola|89/100
|-enditem|p2a: Alomomola|Leftovers|[from] move: Knock Off|[of] p1a: Gliscor
|move|p2a: Alomomola|Scald|p1a: Gliscor
|-supereffective|p1a: Gliscor
|-damage|p1a: Gliscor|63/100 tox
|
|-heal|p1a: Gliscor|76/100 tox|[from] ability: Poison Heal
|upkeep
|turn|80
|
|t:|1760871177
|move|p1a: Gliscor|Stealth Rock|p2a: Alomomola
|-sidestart|p2: Majom Kapitany|move: Stealth Rock
|move|p2a: Alomomola|Scald|p1a: Gliscor
|-supereffective|p1a: Gliscor
|-damage|p1a: Gliscor|53/100 tox
|
|-heal|p1a: Gliscor|65/100 tox|[from] ability: Poison Heal
|upkeep
|turn|81
|
|t:|1760871184
|switch|p1a: Slowking|Slowking-Galar, F|100/100
|move|p2a: Alomomola|Scald|p1a: Slowking
|-damage|p1a: Slowking|92/100
|
|-heal|p1a: Slowking|98/100|[from] item: Leftovers
|upkeep
|turn|82
|
|t:|1760871188
|switch|p1a: Blissey|Blissey, F|93/100
|move|p2a: Alomomola|Flip Turn|p1a: Blissey
|-damage|p1a: Blissey|77/100
|
|t:|1760871191
|switch|p2a: Weezing|Weezing-Galar, F|100/100|[from] Flip Turn
|-damage|p2a: Weezing|88/100|[from] Stealth Rock
|
|-heal|p2a: Weezing|94/100|[from] item: Leftovers
|-heal|p1a: Blissey|84/100|[from] item: Leftovers
|upkeep
|turn|83
|
|t:|1760871194
|switch|p1a: Corviknight|Corviknight, F|95/100
|-ability|p1a: Corviknight|Pressure
|move|p2a: Weezing|Defog|p1a: Corviknight
|-unboost|p1a: Corviknight|evasion|1
|-sideend|p2: Majom Kapitany|Spikes|[from] move: Defog|[of] p2a: Weezing
|-sideend|p2: Majom Kapitany|Stealth Rock|[from] move: Defog|[of] p2a: Weezing
|
|-heal|p2a: Weezing|99/100|[from] item: Leftovers
|upkeep
|turn|84
|
|t:|1760871199
|switch|p1a: Gliscor|Gliscor, F|65/100 tox
|switch|p2a: Alomomola|Alomomola, F|100/100
|
|-heal|p1a: Gliscor|78/100 tox|[from] ability: Poison Heal
|upkeep
|turn|85
|
|t:|1760871202
|move|p1a: Gliscor|Stealth Rock|p2a: Alomomola
|-sidestart|p2: Majom Kapitany|move: Stealth Rock
|move|p2a: Alomomola|Scald|p1a: Gliscor
|-supereffective|p1a: Gliscor
|-damage|p1a: Gliscor|54/100 tox
|
|-heal|p1a: Gliscor|67/100 tox|[from] ability: Poison Heal
|upkeep
|turn|86
|
|t:|1760871206
|switch|p1a: Slowking|Slowking-Galar, F|100/100
|move|p2a: Alomomola|Scald|p1a: Slowking
|-damage|p1a: Slowking|93/100
|
|-heal|p1a: Slowking|99/100|[from] item: Leftovers
|upkeep
|turn|87
|
|t:|1760871212
|switch|p2a: Slowking|Slowking-Galar, F|100/100
|-damage|p2a: Slowking|88/100|[from] Stealth Rock
|switch|p1a: Blissey|Blissey, F|84/100
|
|-heal|p1a: Blissey|90/100|[from] item: Leftovers
|-heal|p2a: Slowking|94/100|[from] item: Leftovers
|upkeep
|turn|88
|
|t:|1760871217
|switch|p1a: Slowking|Slowking-Galar, F|100/100
|move|p2a: Slowking|Toxic|p1a: Slowking
|-immune|p1a: Slowking
|
|-heal|p2a: Slowking|99/100|[from] item: Leftovers
|upkeep
|turn|89
|
|t:|1760871226
|switch|p1a: Blissey|Blissey, F|90/100
|move|p2a: Slowking|Sludge Bomb|p1a: Blissey
|-damage|p1a: Blissey|80/100
|
|-heal|p1a: Blissey|86/100|[from] item: Leftovers
|-heal|p2a: Slowking|100/100|[from] item: Leftovers
|upkeep
|turn|90
|
|t:|1760871235
|switch|p1a: Gliscor|Gliscor, F|67/100 tox
|move|p2a: Slowking|Sludge Bomb|p1a: Gliscor
|-resisted|p1a: Gliscor
|-damage|p1a: Gliscor|51/100 tox
|
|-heal|p1a: Gliscor|64/100 tox|[from] ability: Poison Heal
|upkeep
|turn|91
|
|t:|1760871239
|switch|p2a: Alomomola|Alomomola, F|100/100
|-damage|p2a: Alomomola|88/100|[from] Stealth Rock
|move|p1a: Gliscor|Knock Off|p2a: Alomomola
|-damage|p2a: Alomomola|80/100
|
|-heal|p1a: Gliscor|76/100 tox|[from] ability: Poison Heal
|upkeep
|turn|92
|
|t:|1760871245
|switch|p1a: Slowking|Slowking-Galar, F|100/100
|move|p2a: Alomomola|Scald|p1a: Slowking
|-damage|p1a: Slowking|92/100
|-status|p1a: Slowking|brn
|
|-heal|p1a: Slowking|98/100 brn|[from] item: Leftovers
|-damage|p1a: Slowking|92/100 brn|[from] brn
|upkeep
|turn|93
|
|t:|1760871253
|switch|p2a: Weezing|Weezing-Galar, F|99/100
|-damage|p2a: Weezing|88/100|[from] Stealth Rock
|switch|p1a: Blissey|Blissey, F|86/100
|
|-heal|p2a: Weezing|94/100|[from] item: Leftovers
|-heal|p1a: Blissey|93/100|[from] item: Leftovers
|upkeep
|turn|94
|
|t:|1760871258
|move|p2a: Weezing|Defog|p1a: Blissey
|-unboost|p1a: Blissey|evasion|1
|-sideend|p2: Majom Kapitany|Stealth Rock|[from] move: Defog|[of] p2a: Weezing
|move|p1a: Blissey|Heal Bell|p1a: Blissey
|-activate|p1a: Blissey|move: Heal Bell
|-curestatus|p1: Slowking|brn|[msg]
|-curestatus|p1: Gliscor|tox|[msg]
|
|-heal|p2a: Weezing|99/100|[from] item: Leftovers
|-heal|p1a: Blissey|99/100|[from] item: Leftovers
|upkeep
|turn|95
|inactive|Majom Kapitany has 120 seconds left.
|c|☆Majom Kapitany|i think it is a gg but lets play
|
|t:|1760871318
|switch|p2a: Raging Bolt|Raging Bolt|100/100
|move|p1a: Blissey|Seismic Toss|p2a: Raging Bolt
|-damage|p2a: Raging Bolt|75/100
|
|-heal|p2a: Raging Bolt|81/100|[from] item: Leftovers
|-heal|p1a: Blissey|100/100|[from] item: Leftovers
|upkeep
|turn|96
|
|t:|1760871324
|switch|p1a: Slowking|Slowking-Galar, F|100/100
|move|p2a: Raging Bolt|Calm Mind|p2a: Raging Bolt
|-boost|p2a: Raging Bolt|spa|1
|-boost|p2a: Raging Bolt|spd|1
|
|-heal|p2a: Raging Bolt|87/100|[from] item: Leftovers
|upkeep
|turn|97
|
|t:|1760871330
|switch|p1a: Blissey|Blissey, F|100/100
|move|p2a: Raging Bolt|Volt Switch|p1a: Blissey
|-damage|p1a: Blissey|81/100
|
|t:|1760871339
|-end|p2a: Raging Bolt|Protosynthesis|[silent]
|switch|p2a: Kingambit|Kingambit, F|83/100|[from] Volt Switch
|
|-heal|p1a: Blissey|87/100|[from] item: Leftovers
|upkeep
|turn|98
|
|t:|1760871345
|switch|p1a: Alomomola|Alomomola, M|100/100
|move|p2a: Kingambit|Swords Dance|p2a: Kingambit
|-boost|p2a: Kingambit|atk|2
|
|upkeep
|turn|99
|
|t:|1760871353
|switch|p1a: Dondozo|Dondozo, M|80/100
|move|p2a: Kingambit|Swords Dance|p2a: Kingambit
|-boost|p2a: Kingambit|atk|2
|
|-heal|p1a: Dondozo|86/100|[from] item: Leftovers
|upkeep
|turn|100
|
|t:|1760871358
|move|p2a: Kingambit|Kowtow Cleave|p1a: Dondozo
|-damage|p1a: Dondozo|59/100
|move|p1a: Dondozo|Body Press|p2a: Kingambit
|-supereffective|p2a: Kingambit
|-crit|p2a: Kingambit
|-damage|p2a: Kingambit|0 fnt
|faint|p2a: Kingambit
|-end|p2a: Kingambit|fallenundefined|[silent]
|
|-heal|p1a: Dondozo|65/100|[from] item: Leftovers
|upkeep
|
|t:|1760871370
|switch|p2a: Raging Bolt|Raging Bolt|87/100
|turn|101
|
|t:|1760871376
|switch|p1a: Blissey|Blissey, F|87/100
|move|p2a: Raging Bolt|Calm Mind|p2a: Raging Bolt
|-boost|p2a: Raging Bolt|spa|1
|-boost|p2a: Raging Bolt|spd|1
|
|-heal|p2a: Raging Bolt|93/100|[from] item: Leftovers
|-heal|p1a: Blissey|94/100|[from] item: Leftovers
|upkeep
|turn|102
|
|t:|1760871382
|move|p2a: Raging Bolt|Volt Switch|p1a: Blissey
|-damage|p1a: Blissey|75/100
|
|t:|1760871385
|-end|p2a: Raging Bolt|Protosynthesis|[silent]
|switch|p2a: Lokix|Lokix, F, tera:Bug|100/100|[from] Volt Switch
|move|p1a: Blissey|Calm Mind|p1a: Blissey
|-boost|p1a: Blissey|spa|1
|-boost|p1a: Blissey|spd|1
|
|-heal|p1a: Blissey|81/100|[from] item: Leftovers
|upkeep
|turn|103
|
|t:|1760871389
|switch|p1a: Alomomola|Alomomola, M|100/100
|move|p2a: Lokix|Knock Off|p1a: Alomomola
|-damage|p1a: Alomomola|77/100
|
|upkeep
|turn|104
|
|t:|1760871393
|switch|p2a: Alomomola|Alomomola, F|100/100
|switch|p1a: Corviknight|Corviknight, F|95/100
|-ability|p1a: Corviknight|Pressure
|
|upkeep
|turn|105
|
|t:|1760871398
|switch|p1a: Gliscor|Gliscor, F|76/100
|move|p2a: Alomomola|Scald|p1a: Gliscor
|-supereffective|p1a: Gliscor
|-damage|p1a: Gliscor|55/100
|-status|p1a: Gliscor|brn
|
|-damage|p1a: Gliscor|49/100 brn|[from] brn
|upkeep
|turn|106
|
|t:|1760871406
|switch|p1a: Blissey|Blissey, F|81/100
|move|p2a: Alomomola|Flip Turn|p1a: Blissey
|-damage|p1a: Blissey|65/100
|
|t:|1760871408
|switch|p2a: Lokix|Lokix, F, tera:Bug|100/100|[from] Flip Turn
|
|-heal|p1a: Blissey|72/100|[from] item: Leftovers
|upkeep
|turn|107
|
|t:|1760871413
|switch|p1a: Alomomola|Alomomola, M|100/100
|move|p2a: Lokix|U-turn|p1a: Alomomola
|-damage|p1a: Alomomola|65/100
|
|t:|1760871420
|switch|p2a: Slowking|Slowking-Galar, F|100/100|[from] U-turn
|
|upkeep
|turn|108
|
|t:|1760871423
|switch|p1a: Blissey|Blissey, F|72/100
|-prepare|p2a: Slowking|Chilly Reception|[premajor]
|move|p2a: Slowking|Chilly Reception|p2a: Slowking
|-weather|Snowscape
|
|t:|1760871425
|switch|p2a: Lokix|Lokix, F, tera:Bug|100/100|[from] Chilly Reception
|
|-weather|Snowscape|[upkeep]
|-heal|p1a: Blissey|78/100|[from] item: Leftovers
|upkeep
|turn|109
|
|t:|1760871434
|switch|p1a: Alomomola|Alomomola, M|98/100
|move|p2a: Lokix|U-turn|p1a: Alomomola
|-damage|p1a: Alomomola|61/100
|
|t:|1760871437
|switch|p2a: Slowking|Slowking-Galar, F|100/100|[from] U-turn
|
|-weather|Snowscape|[upkeep]
|upkeep
|turn|110
|
|t:|1760871442
|switch|p1a: Blissey|Blissey, F|78/100
|-prepare|p2a: Slowking|Chilly Reception|[premajor]
|move|p2a: Slowking|Chilly Reception|p2a: Slowking
|
|t:|1760871444
|switch|p2a: Lokix|Lokix, F, tera:Bug|100/100|[from] Chilly Reception
|
|-weather|Snowscape|[upkeep]
|-heal|p1a: Blissey|84/100|[from] item: Leftovers
|upkeep
|turn|111
|
|t:|1760871448
|switch|p1a: Alomomola|Alomomola, M|95/100
|move|p2a: Lokix|U-turn|p1a: Alomomola
|-damage|p1a: Alomomola|60/100
|
|t:|1760871459
|switch|p2a: Raging Bolt|Raging Bolt|93/100|[from] U-turn
|
|-weather|Snowscape|[upkeep]
|-heal|p2a: Raging Bolt|99/100|[from] item: Leftovers
|upkeep
|turn|112
|
|t:|1760871462
|switch|p1a: Blissey|Blissey, F|84/100
|move|p2a: Raging Bolt|Volt Switch|p1a: Blissey
|-damage|p1a: Blissey|70/100
|
|t:|1760871470
|-end|p2a: Raging Bolt|Protosynthesis|[silent]
|switch|p2a: Lokix|Lokix, F, tera:Bug|100/100|[from] Volt Switch
|
|-weather|none
|-heal|p1a: Blissey|76/100|[from] item: Leftovers
|upkeep
|turn|113
|
|t:|1760871476
|switch|p1a: Alomomola|Alomomola, M|93/100
|move|p2a: Lokix|Knock Off|p1a: Alomomola
|-damage|p1a: Alomomola|68/100
|
|upkeep
|turn|114
|
|t:|1760871481
|switch|p2a: Alomomola|Alomomola, F|100/100
|switch|p1a: Corviknight|Corviknight, F|95/100
|-ability|p1a: Corviknight|Pressure
|
|upkeep
|turn|115
|
|t:|1760871484
|switch|p1a: Blissey|Blissey, F|76/100
|move|p2a: Alomomola|Flip Turn|p1a: Blissey
|-damage|p1a: Blissey|58/100
|
|t:|1760871489
|switch|p2a: Lokix|Lokix, F, tera:Bug|100/100|[from] Flip Turn
|
|-heal|p1a: Blissey|64/100|[from] item: Leftovers
|upkeep
|turn|116
|
|t:|1760871499
|switch|p1a: Alomomola|Alomomola, M|100/100
|move|p2a: Lokix|U-turn|p1a: Alomomola
|-damage|p1a: Alomomola|63/100
|
|t:|1760871518
|switch|p2a: Raging Bolt|Raging Bolt|99/100|[from] U-turn
|
|-heal|p2a: Raging Bolt|100/100|[from] item: Leftovers
|upkeep
|turn|117
|
|t:|1760871522
|switch|p1a: Slowking|Slowking-Galar, F|100/100
|move|p2a: Raging Bolt|Volt Switch|p1a: Slowking
|-damage|p1a: Slowking|74/100
|
|t:|1760871528
|-end|p2a: Raging Bolt|Protosynthesis|[silent]
|switch|p2a: Weezing|Weezing-Galar, F|99/100|[from] Volt Switch
|
|-heal|p2a: Weezing|100/100|[from] item: Leftovers
|-heal|p1a: Slowking|80/100|[from] item: Leftovers
|upkeep
|turn|118
|
|t:|1760871533
|switch|p2a: Lokix|Lokix, F, tera:Bug|100/100
|switch|p1a: Blissey|Blissey, F|64/100
|
|-heal|p1a: Blissey|70/100|[from] item: Leftovers
|upkeep
|turn|119
|
|t:|1760871542
|switch|p2a: Raging Bolt|Raging Bolt|100/100
|switch|p1a: Alomomola|Alomomola, M|97/100
|
|upkeep
|turn|120
|
|t:|1760871554
|-end|p2a: Raging Bolt|Protosynthesis|[silent]
|switch|p2a: Lokix|Lokix, F, tera:Bug|100/100
|switch|p1a: Slowking|Slowking-Galar, F|100/100
|
|upkeep
|turn|121
|
|t:|1760871561
|switch|p2a: Slowking|Slowking-Galar, F|100/100
|switch|p1a: Alomomola|Alomomola, M|100/100
|
|upkeep
|turn|122
|
|t:|1760871566
|switch|p1a: Slowking|Slowking-Galar, F|100/100
|switch|p2a: Lokix|Lokix, F, tera:Bug|100/100
|
|upkeep
|turn|123
|
|t:|1760871577
|switch|p1a: Alomomola|Alomomola, M|100/100
|move|p2a: Lokix|Knock Off|p1a: Alomomola
|-damage|p1a: Alomomola|76/100
|
|upkeep
|turn|124
|
|t:|1760871588
|switch|p2a: Weezing|Weezing-Galar, F|100/100
|move|p1a: Alomomola|Wish|p1a: Alomomola
|
|upkeep
|turn|125
|inactive|Majom Kapitany has 120 seconds left.
|
|t:|1760871598
|switch|p1a: Blissey|Blissey, F|70/100
|switch|p2a: Lokix|Lokix, F, tera:Bug|100/100
|
|-heal|p1a: Blissey|100/100|[from] move: Wish|[wisher] Alomomola
|upkeep
|turn|126
|
|t:|1760871602
|switch|p1a: Alomomola|Alomomola, M|100/100
|move|p2a: Lokix|Knock Off|p1a: Alomomola
|-damage|p1a: Alomomola|75/100
|
|upkeep
|turn|127
|
|t:|1760871607
|switch|p2a: Raging Bolt|Raging Bolt|100/100
|switch|p1a: Slowking|Slowking-Galar, F|100/100
|
|upkeep
|turn|128
|
|t:|1760871614
|-end|p2a: Raging Bolt|Protosynthesis|[silent]
|switch|p2a: Slowking|Slowking-Galar, F|100/100
|-prepare|p1a: Slowking|Chilly Reception|[premajor]
|move|p1a: Slowking|Chilly Reception|p1a: Slowking
|-weather|Snowscape
|
|t:|1760871616
|switch|p1a: Blissey|Blissey, F|100/100|[from] Chilly Reception
|
|-weather|Snowscape|[upkeep]
|upkeep
|turn|129
|
|t:|1760871627
|move|p1a: Blissey|Heal Bell|p1a: Blissey
|-activate|p1a: Blissey|move: Heal Bell
|-curestatus|p1: Gliscor|brn|[msg]
|-prepare|p2a: Slowking|Chilly Reception|[premajor]
|move|p2a: Slowking|Chilly Reception|p2a: Slowking
|
|t:|1760871631
|switch|p2a: Weezing|Weezing-Galar, F|100/100|[from] Chilly Reception
|
|-weather|Snowscape|[upkeep]
|upkeep
|turn|130
|
|t:|1760871639
|move|p2a: Weezing|Will-O-Wisp|p1a: Blissey|[miss]
|-miss|p2a: Weezing|p1a: Blissey
|move|p1a: Blissey|Seismic Toss|p2a: Weezing
|-damage|p2a: Weezing|71/100
|
|-weather|Snowscape|[upkeep]
|-heal|p2a: Weezing|77/100|[from] item: Leftovers
|upkeep
|turn|131
|
|t:|1760871644
|switch|p2a: Alomomola|Alomomola, F|100/100
|move|p1a: Blissey|Calm Mind|p1a: Blissey
|-boost|p1a: Blissey|spa|1
|-boost|p1a: Blissey|spd|1
|
|-weather|Snowscape|[upkeep]
|upkeep
|turn|132
|
|t:|1760871650
|switch|p1a: Slowking|Slowking-Galar, F|100/100
|move|p2a: Alomomola|Flip Turn|p1a: Slowking
|-damage|p1a: Slowking|82/100
|
|t:|1760871657
|switch|p2a: Lokix|Lokix, F, tera:Bug|100/100|[from] Flip Turn
|
|-weather|none
|-heal|p1a: Slowking|88/100|[from] item: Leftovers
|upkeep
|turn|133
|
|t:|1760871663
|switch|p2a: Raging Bolt|Raging Bolt|100/100
|switch|p1a: Alomomola|Alomomola, M|100/100
|
|upkeep
|turn|134
|
|t:|1760871667
|-end|p2a: Raging Bolt|Protosynthesis|[silent]
|switch|p2a: Lokix|Lokix, F, tera:Bug|100/100
|switch|p1a: Blissey|Blissey, F|100/100
|
|upkeep
|turn|135
|
|t:|1760871675
|switch|p2a: Alomomola|Alomomola, F|100/100
|switch|p1a: Alomomola|Alomomola, M|100/100
|
|upkeep
|turn|136
|
|t:|1760871682
|move|p1a: Alomomola|Wish|p1a: Alomomola
|move|p2a: Alomomola|Scald|p1a: Alomomola
|-resisted|p1a: Alomomola
|-damage|p1a: Alomomola|93/100
|
|upkeep
|turn|137
|
|t:|1760871685
|move|p1a: Alomomola|Flip Turn|p2a: Alomomola
|-resisted|p2a: Alomomola
|-damage|p2a: Alomomola|97/100
|
|t:|1760871687
|switch|p1a: Gliscor|Gliscor, F|49/100|[from] Flip Turn
|move|p2a: Alomomola|Scald|p1a: Gliscor
|-supereffective|p1a: Gliscor
|-damage|p1a: Gliscor|28/100
|
|-heal|p1a: Gliscor|100/100|[from] move: Wish|[wisher] Alomomola
|-status|p1a: Gliscor|tox|[from] item: Toxic Orb
|upkeep
|turn|138
|
|t:|1760871698
|switch|p2a: Slowking|Slowking-Galar, F|100/100
|move|p1a: Gliscor|Stealth Rock|p2a: Slowking
|-sidestart|p2: Majom Kapitany|move: Stealth Rock
|
|upkeep
|turn|139
|
|t:|1760871704
|move|p1a: Gliscor|Knock Off|p2a: Slowking
|-supereffective|p2a: Slowking
|-damage|p2a: Slowking|58/100
|-enditem|p2a: Slowking|Leftovers|[from] move: Knock Off|[of] p1a: Gliscor
|move|p2a: Slowking|Future Sight|p1a: Gliscor
|-start|p2a: Slowking|move: Future Sight
|
|upkeep
|turn|140
|
|t:|1760871717
|switch|p1a: Blissey|Blissey, F|100/100
|move|p2a: Slowking|Sludge Bomb|p1a: Blissey
|-damage|p1a: Blissey|90/100
|-status|p1a: Blissey|psn
|
|-heal|p1a: Blissey|97/100 psn|[from] item: Leftovers
|-damage|p1a: Blissey|84/100 psn|[from] psn
|upkeep
|turn|141
|
|t:|1760871727
|-curestatus|p1a: Blissey|psn|[from] ability: Natural Cure
|switch|p1a: Slowking|Slowking-Galar, F|100/100
|switch|p2a: Weezing|Weezing-Galar, F|77/100
|-damage|p2a: Weezing|64/100|[from] Stealth Rock
|
|-end|p1a: Slowking|move: Future Sight
|-damage|p1a: Slowking|74/100
|-heal|p2a: Weezing|70/100|[from] item: Leftovers
|-heal|p1a: Slowking|80/100|[from] item: Leftovers
|upkeep
|turn|142
|
|t:|1760871738
|switch|p2a: Slowking|Slowking-Galar, F|92/100
|-damage|p2a: Slowking|79/100|[from] Stealth Rock
|switch|p1a: Gliscor|Gliscor, F|100/100 tox
|
|upkeep
|turn|143
|
|t:|1760871747
|switch|p2a: Alomomola|Alomomola, F|100/100
|-damage|p2a: Alomomola|88/100|[from] Stealth Rock
|move|p1a: Gliscor|Spikes|p2a: Alomomola
|-sidestart|p2: Majom Kapitany|Spikes
|
|upkeep
|turn|144
|
|t:|1760871753
|move|p1a: Gliscor|Spikes|p2a: Alomomola
|-sidestart|p2: Majom Kapitany|Spikes
|move|p2a: Alomomola|Scald|p1a: Gliscor
|-supereffective|p1a: Gliscor
|-damage|p1a: Gliscor|78/100 tox
|
|-heal|p1a: Gliscor|90/100 tox|[from] ability: Poison Heal
|upkeep
|turn|145
|
|t:|1760871760
|move|p1a: Gliscor|Spikes|p2a: Alomomola
|-sidestart|p2: Majom Kapitany|Spikes
|move|p2a: Alomomola|Scald|p1a: Gliscor
|-supereffective|p1a: Gliscor
|-damage|p1a: Gliscor|66/100 tox
|
|-heal|p1a: Gliscor|78/100 tox|[from] ability: Poison Heal
|upkeep
|turn|146
|
|t:|1760871764
|switch|p1a: Slowking|Slowking-Galar, F|100/100
|move|p2a: Alomomola|Flip Turn|p1a: Slowking
|-damage|p1a: Slowking|83/100
|
|t:|1760871766
|switch|p2a: Weezing|Weezing-Galar, F|70/100|[from] Flip Turn
|-damage|p2a: Weezing|58/100|[from] Stealth Rock
|
|-heal|p2a: Weezing|64/100|[from] item: Leftovers
|-heal|p1a: Slowking|89/100|[from] item: Leftovers
|upkeep
|turn|147
|
|t:|1760871769
|switch|p1a: Corviknight|Corviknight, F|95/100
|-ability|p1a: Corviknight|Pressure
|move|p2a: Weezing|Defog|p1a: Corviknight
|-unboost|p1a: Corviknight|evasion|1
|-sideend|p2: Majom Kapitany|Spikes|[from] move: Defog|[of] p2a: Weezing
|-sideend|p2: Majom Kapitany|Stealth Rock|[from] move: Defog|[of] p2a: Weezing
|
|-heal|p2a: Weezing|70/100|[from] item: Leftovers
|upkeep
|turn|148
|
|t:|1760871775
|switch|p1a: Gliscor|Gliscor, F|78/100 tox
|switch|p2a: Alomomola|Alomomola, F|100/100
|
|-heal|p1a: Gliscor|91/100 tox|[from] ability: Poison Heal
|upkeep
|turn|149
|
|t:|1760871780
|move|p1a: Gliscor|Stealth Rock|p2a: Alomomola
|-sidestart|p2: Majom Kapitany|move: Stealth Rock
|move|p2a: Alomomola|Flip Turn|p1a: Gliscor
|-supereffective|p1a: Gliscor
|-damage|p1a: Gliscor|67/100 tox
|
|t:|1760871788
|switch|p2a: Lokix|Lokix, F, tera:Bug|100/100|[from] Flip Turn
|-damage|p2a: Lokix|76/100|[from] Stealth Rock
|
|-heal|p1a: Gliscor|79/100 tox|[from] ability: Poison Heal
|upkeep
|turn|150
|
|t:|1760871792
|switch|p1a: Alomomola|Alomomola, M|100/100
|move|p2a: Lokix|Knock Off|p1a: Alomomola
|-damage|p1a: Alomomola|77/100
|
|upkeep
|turn|151
|
|t:|1760871798
|switch|p2a: Weezing|Weezing-Galar, F|70/100
|-damage|p2a: Weezing|58/100|[from] Stealth Rock
|switch|p1a: Corviknight|Corviknight, F|95/100
|-ability|p1a: Corviknight|Pressure
|
|-heal|p2a: Weezing|64/100|[from] item: Leftovers
|upkeep
|turn|152
|
|t:|1760871806
|move|p1a: Corviknight|Body Press|p2a: Weezing
|-resisted|p2a: Weezing
|-damage|p2a: Weezing|59/100
|move|p2a: Weezing|Defog|p1a: Corviknight
|-unboost|p1a: Corviknight|evasion|1
|-sideend|p2: Majom Kapitany|Stealth Rock|[from] move: Defog|[of] p2a: Weezing
|
|-heal|p2a: Weezing|65/100|[from] item: Leftovers
|upkeep
|turn|153
|
|t:|1760871813
|switch|p1a: Gliscor|Gliscor, F|79/100 tox
|switch|p2a: Lokix|Lokix, F, tera:Bug|76/100
|
|-heal|p1a: Gliscor|91/100 tox|[from] ability: Poison Heal
|upkeep
|turn|154
|
|t:|1760871817
|switch|p1a: Alomomola|Alomomola, M|100/100
|move|p2a: Lokix|Knock Off|p1a: Alomomola
|-damage|p1a: Alomomola|77/100
|
|upkeep
|turn|155
|
|t:|1760871822
|switch|p2a: Alomomola|Alomomola, F|100/100
|switch|p1a: Gliscor|Gliscor, F|91/100 tox
|
|-heal|p1a: Gliscor|100/100 tox|[from] ability: Poison Heal
|upkeep
|turn|156
|
|t:|1760871825
|move|p1a: Gliscor|Stealth Rock|p2a: Alomomola
|-sidestart|p2: Majom Kapitany|move: Stealth Rock
|move|p2a: Alomomola|Flip Turn|p1a: Gliscor
|-supereffective|p1a: Gliscor
|-damage|p1a: Gliscor|77/100 tox
|
|t:|1760871830
|switch|p2a: Slowking|Slowking-Galar, F|100/100|[from] Flip Turn
|-damage|p2a: Slowking|88/100|[from] Stealth Rock
|
|-heal|p1a: Gliscor|89/100 tox|[from] ability: Poison Heal
|upkeep
|turn|157
|
|t:|1760871837
|switch|p2a: Alomomola|Alomomola, F|100/100
|-damage|p2a: Alomomola|88/100|[from] Stealth Rock
|move|p1a: Gliscor|Spikes|p2a: Alomomola
|-sidestart|p2: Majom Kapitany|Spikes
|
|-heal|p1a: Gliscor|100/100 tox|[from] ability: Poison Heal
|upkeep
|turn|158
|
|t:|1760871842
|switch|p2a: Slowking|Slowking-Galar, F|100/100
|-damage|p2a: Slowking|88/100|[from] Stealth Rock
|-damage|p2a: Slowking|76/100|[from] Spikes
|move|p1a: Gliscor|Spikes|p2a: Slowking
|-sidestart|p2: Majom Kapitany|Spikes
|
|upkeep
|turn|159
|
|t:|1760871849
|switch|p1a: Corviknight|Corviknight, F|95/100
|-ability|p1a: Corviknight|Pressure
|switch|p2a: Alomomola|Alomomola, F|100/100
|-damage|p2a: Alomomola|88/100|[from] Stealth Rock
|-damage|p2a: Alomomola|71/100|[from] Spikes
|
|upkeep
|turn|160
|
|t:|1760871855
|move|p1a: Corviknight|Iron Defense|p1a: Corviknight
|-boost|p1a: Corviknight|def|2
|move|p2a: Alomomola|Wish|p2a: Alomomola
|
|upkeep
|turn|161
|
|t:|1760871858
|move|p1a: Corviknight|Iron Defense|p1a: Corviknight
|-boost|p1a: Corviknight|def|2
|move|p2a: Alomomola|Flip Turn|p1a: Corviknight
|-damage|p1a: Corviknight|91/100
|
|t:|1760871861
|switch|p2a: Weezing|Weezing-Galar, F|65/100|[from] Flip Turn
|-damage|p2a: Weezing|53/100|[from] Stealth Rock
|
|-heal|p2a: Weezing|100/100|[from] move: Wish|[wisher] Alomomola
|upkeep
|turn|162
|
|t:|1760871867
|move|p1a: Corviknight|Body Press|p2a: Weezing
|-resisted|p2a: Weezing
|-damage|p2a: Weezing|88/100
|move|p2a: Weezing|Defog|p1a: Corviknight
|-unboost|p1a: Corviknight|evasion|1
|-sideend|p2: Majom Kapitany|Spikes|[from] move: Defog|[of] p2a: Weezing
|-sideend|p2: Majom Kapitany|Stealth Rock|[from] move: Defog|[of] p2a: Weezing
|
|-heal|p2a: Weezing|94/100|[from] item: Leftovers
|upkeep
|turn|163
|
|t:|1760871874
|switch|p1a: Gliscor|Gliscor, F|100/100 tox
|move|p2a: Weezing|Will-O-Wisp||[still]
|-fail|p2a: Weezing
|
|-heal|p2a: Weezing|99/100|[from] item: Leftovers
|upkeep
|turn|164
|
|t:|1760871882
|switch|p2a: Lokix|Lokix, F, tera:Bug|76/100
|move|p1a: Gliscor|Stealth Rock|p2a: Lokix
|-sidestart|p2: Majom Kapitany|move: Stealth Rock
|
|upkeep
|turn|165
|
|t:|1760871887
|switch|p1a: Alomomola|Alomomola, M|100/100
|move|p2a: Lokix|Knock Off|p1a: Alomomola
|-damage|p1a: Alomomola|74/100
|
|upkeep
|turn|166
|
|t:|1760871893
|switch|p2a: Alomomola|Alomomola, F|100/100
|-damage|p2a: Alomomola|88/100|[from] Stealth Rock
|switch|p1a: Gliscor|Gliscor, F|100/100 tox
|
|upkeep
|turn|167
|
|t:|1760871901
|switch|p2a: Slowking|Slowking-Galar, F|100/100
|-damage|p2a: Slowking|88/100|[from] Stealth Rock
|move|p1a: Gliscor|Spikes|p2a: Slowking
|-sidestart|p2: Majom Kapitany|Spikes
|
|upkeep
|turn|168
|
|t:|1760871906
|switch|p2a: Alomomola|Alomomola, F|100/100
|-damage|p2a: Alomomola|88/100|[from] Stealth Rock
|-damage|p2a: Alomomola|76/100|[from] Spikes
|move|p1a: Gliscor|Spikes|p2a: Alomomola
|-sidestart|p2: Majom Kapitany|Spikes
|
|upkeep
|turn|169
|
|t:|1760871913
|switch|p2a: Slowking|Slowking-Galar, F|100/100
|-damage|p2a: Slowking|88/100|[from] Stealth Rock
|-damage|p2a: Slowking|72/100|[from] Spikes
|move|p1a: Gliscor|Spikes|p2a: Slowking
|-sidestart|p2: Majom Kapitany|Spikes
|
|upkeep
|turn|170
|
|t:|1760871919
|switch|p1a: Corviknight|Corviknight, F|91/100
|-ability|p1a: Corviknight|Pressure
|switch|p2a: Alomomola|Alomomola, F|100/100
|-damage|p2a: Alomomola|88/100|[from] Stealth Rock
|-damage|p2a: Alomomola|63/100|[from] Spikes
|
|upkeep
|turn|171
|
|t:|1760871922
|switch|p1a: Gliscor|Gliscor, F|100/100 tox
|move|p2a: Alomomola|Wish|p2a: Alomomola
|
|upkeep
|turn|172
|
|t:|1760871927
|switch|p1a: Corviknight|Corviknight, F|91/100
|-ability|p1a: Corviknight|Pressure
|move|p2a: Alomomola|Flip Turn|p1a: Corviknight
|-damage|p1a: Corviknight|82/100
|
|t:|1760871930
|switch|p2a: Weezing|Weezing-Galar, F|99/100|[from] Flip Turn
|-damage|p2a: Weezing|88/100|[from] Stealth Rock
|
|-heal|p2a: Weezing|100/100|[from] move: Wish|[wisher] Alomomola
|upkeep
|turn|173
|
|t:|1760871934
|move|p1a: Corviknight|Iron Defense|p1a: Corviknight
|-boost|p1a: Corviknight|def|2
|move|p2a: Weezing|Will-O-Wisp|p1a: Corviknight
|-status|p1a: Corviknight|brn
|
|-damage|p1a: Corviknight|75/100 brn|[from] brn
|upkeep
|turn|174
|
|t:|1760871938
|move|p1a: Corviknight|Iron Defense|p1a: Corviknight
|-boost|p1a: Corviknight|def|2
|move|p2a: Weezing|Defog|p1a: Corviknight
|-unboost|p1a: Corviknight|evasion|1
|-sideend|p2: Majom Kapitany|Spikes|[from] move: Defog|[of] p2a: Weezing
|-sideend|p2: Majom Kapitany|Stealth Rock|[from] move: Defog|[of] p2a: Weezing
|
|-damage|p1a: Corviknight|69/100 brn|[from] brn
|upkeep
|turn|175
|
|t:|1760871948
|switch|p1a: Gliscor|Gliscor, F|100/100 tox
|move|p2a: Weezing|Strange Steam|p1a: Gliscor
|-damage|p1a: Gliscor|79/100 tox
|-start|p1a: Gliscor|confusion
|
|-heal|p1a: Gliscor|91/100 tox|[from] ability: Poison Heal
|upkeep
|turn|176
|
|t:|1760871952
|switch|p2a: Lokix|Lokix, F, tera:Bug|76/100
|-activate|p1a: Gliscor|confusion
|-damage|p1a: Gliscor|84/100 tox|[from] confusion
|
|-heal|p1a: Gliscor|97/100 tox|[from] ability: Poison Heal
|upkeep
|turn|177
|
|t:|1760871966
|switch|p2a: Alomomola|Alomomola, F|97/100
|switch|p1a: Alomomola|Alomomola, M|100/100
|
|upkeep
|turn|178
|
|t:|1760871971
|switch|p1a: Blissey|Blissey, F|84/100
|move|p2a: Alomomola|Scald|p1a: Blissey
|-damage|p1a: Blissey|79/100
|
|-heal|p1a: Blissey|86/100|[from] item: Leftovers
|upkeep
|turn|179
|
|t:|1760871979
|switch|p2a: Slowking|Slowking-Galar, F|100/100
|move|p1a: Blissey|Heal Bell|p1a: Blissey
|-activate|p1a: Blissey|move: Heal Bell
|-curestatus|p1: Corviknight|brn|[msg]
|-curestatus|p1: Gliscor|tox|[msg]
|
|-heal|p1a: Blissey|92/100|[from] item: Leftovers
|upkeep
|turn|180
|
|t:|1760871986
|switch|p1a: Gliscor|Gliscor, F|97/100
|switch|p2a: Weezing|Weezing-Galar, F|100/100
|
|-status|p1a: Gliscor|tox|[from] item: Toxic Orb
|upkeep
|turn|181
|
|t:|1760871990
|switch|p2a: Lokix|Lokix, F, tera:Bug|76/100
|move|p1a: Gliscor|Stealth Rock|p2a: Lokix
|-sidestart|p2: Majom Kapitany|move: Stealth Rock
|
|-heal|p1a: Gliscor|100/100 tox|[from] ability: Poison Heal
|upkeep
|turn|182
|
|t:|1760871998
|switch|p2a: Alomomola|Alomomola, F|100/100
|-damage|p2a: Alomomola|88/100|[from] Stealth Rock
|switch|p1a: Dondozo|Dondozo, M|65/100
|
|-heal|p1a: Dondozo|71/100|[from] item: Leftovers
|upkeep
|turn|183
|
|t:|1760872006
|move|p2a: Alomomola|Scald|p1a: Dondozo
|-resisted|p1a: Dondozo
|-damage|p1a: Dondozo|65/100
|move|p1a: Dondozo|Body Press|p2a: Alomomola
|-damage|p2a: Alomomola|73/100
|
|-heal|p1a: Dondozo|71/100|[from] item: Leftovers
|upkeep
|turn|184
|
|t:|1760872012
|move|p2a: Alomomola|Scald|p1a: Dondozo
|-resisted|p1a: Dondozo
|-damage|p1a: Dondozo|64/100
|move|p1a: Dondozo|Body Press|p2a: Alomomola
|-damage|p2a: Alomomola|58/100
|
|-heal|p1a: Dondozo|70/100|[from] item: Leftovers
|upkeep
|turn|185
|
|t:|1760872017
|switch|p1a: Alomomola|Alomomola, M|100/100
|move|p2a: Alomomola|Scald|p1a: Alomomola
|-resisted|p1a: Alomomola
|-damage|p1a: Alomomola|92/100
|
|upkeep
|turn|186
|
|t:|1760872024
|switch|p1a: Blissey|Blissey, F|92/100
|switch|p2a: Weezing|Weezing-Galar, F|100/100
|-damage|p2a: Weezing|88/100|[from] Stealth Rock
|
|-heal|p2a: Weezing|94/100|[from] item: Leftovers
|-heal|p1a: Blissey|98/100|[from] item: Leftovers
|upkeep
|turn|187
|
|t:|1760872031
|switch|p2a: Slowking|Slowking-Galar, F|100/100
|-damage|p2a: Slowking|88/100|[from] Stealth Rock
|switch|p1a: Gliscor|Gliscor, F|100/100 tox
|
|upkeep
|turn|188
|
|t:|1760872038
|switch|p1a: Blissey|Blissey, F|98/100
|switch|p2a: Alomomola|Alomomola, F|91/100
|-damage|p2a: Alomomola|79/100|[from] Stealth Rock
|
|-heal|p1a: Blissey|100/100|[from] item: Leftovers
|upkeep
|turn|189
|
|t:|1760872043
|switch|p1a: Gliscor|Gliscor, F|100/100 tox
|switch|p2a: Slowking|Slowking-Galar, F|100/100
|-damage|p2a: Slowking|88/100|[from] Stealth Rock
|
|upkeep
|turn|190
|inactive|Majom Kapitany has 120 seconds left.
|
|t:|1760872091
|move|p1a: Gliscor|Spikes|p2a: Slowking
|-sidestart|p2: Majom Kapitany|Spikes
|-prepare|p2a: Slowking|Chilly Reception|[premajor]
|move|p2a: Slowking|Chilly Reception|p2a: Slowking
|-weather|Snowscape
|
|t:|1760872096
|switch|p2a: Weezing|Weezing-Galar, F|94/100|[from] Chilly Reception
|-damage|p2a: Weezing|82/100|[from] Stealth Rock
|
|-weather|Snowscape|[upkeep]
|-heal|p2a: Weezing|88/100|[from] item: Leftovers
|upkeep
|turn|191
|
|t:|1760872099
|move|p1a: Gliscor|Spikes|p2a: Weezing
|-sidestart|p2: Majom Kapitany|Spikes
|move|p2a: Weezing|Will-O-Wisp||[still]
|-fail|p2a: Weezing
|
|-weather|Snowscape|[upkeep]
|-heal|p2a: Weezing|94/100|[from] item: Leftovers
|upkeep
|turn|192
|
|t:|1760872104
|switch|p1a: Corviknight|Corviknight, F|69/100
|-ability|p1a: Corviknight|Pressure
|move|p2a: Weezing|Will-O-Wisp|p1a: Corviknight
|-status|p1a: Corviknight|brn
|
|-weather|Snowscape|[upkeep]
|-heal|p2a: Weezing|99/100|[from] item: Leftovers
|-damage|p1a: Corviknight|63/100 brn|[from] brn
|upkeep
|turn|193
|
|t:|1760872111
|move|p1a: Corviknight|Iron Defense|p1a: Corviknight
|-boost|p1a: Corviknight|def|2
|move|p2a: Weezing|Defog|p1a: Corviknight
|-unboost|p1a: Corviknight|evasion|1
|-sideend|p2: Majom Kapitany|Spikes|[from] move: Defog|[of] p2a: Weezing
|-sideend|p2: Majom Kapitany|Stealth Rock|[from] move: Defog|[of] p2a: Weezing
|
|-weather|Snowscape|[upkeep]
|-heal|p2a: Weezing|100/100|[from] item: Leftovers
|-damage|p1a: Corviknight|57/100 brn|[from] brn
|upkeep
|turn|194
|inactive|Majom Kapitany has 120 seconds left.
|
|t:|1760872116
|switch|p2a: Raging Bolt|Raging Bolt|100/100
|move|p1a: Corviknight|Iron Defense|p1a: Corviknight
|-boost|p1a: Corviknight|def|2
|
|-weather|none
|-damage|p1a: Corviknight|50/100 brn|[from] brn
|upkeep
|turn|195
|
|t:|1760872120
|switch|p1a: Blissey|Blissey, F|100/100
|move|p2a: Raging Bolt|Calm Mind|p2a: Raging Bolt
|-boost|p2a: Raging Bolt|spa|1
|-boost|p2a: Raging Bolt|spd|1
|
|upkeep
|turn|196
|
|t:|1760872123
|move|p2a: Raging Bolt|Draco Meteor|p1a: Blissey
|-damage|p1a: Blissey|63/100
|-unboost|p2a: Raging Bolt|spa|2
|move|p1a: Blissey|Calm Mind|p1a: Blissey
|-boost|p1a: Blissey|spa|1
|-boost|p1a: Blissey|spd|1
|
|-heal|p1a: Blissey|70/100|[from] item: Leftovers
|upkeep
|turn|197
|
|t:|1760872131
|-end|p2a: Raging Bolt|Protosynthesis|[silent]
|switch|p2a: Lokix|Lokix, F, tera:Bug|76/100
|switch|p1a: Slowking|Slowking-Galar, F|100/100
|
|upkeep
|turn|198
|
|t:|1760872139
|switch|p1a: Alomomola|Alomomola, M|100/100
|move|p2a: Lokix|Knock Off|p1a: Alomomola
|-damage|p1a: Alomomola|77/100
|
|upkeep
|turn|199
|
|t:|1760872148
|switch|p2a: Alomomola|Alomomola, F|100/100
|move|p1a: Alomomola|Wish|p1a: Alomomola
|
|upkeep
|turn|200
|
|t:|1760872153
|switch|p2a: Lokix|Lokix, F, tera:Bug|76/100
|move|p1a: Alomomola|Flip Turn|p2a: Lokix
|-damage|p2a: Lokix|54/100
|
|t:|1760872155
|switch|p1a: Corviknight|Corviknight, F|50/100 brn|[from] Flip Turn
|-ability|p1a: Corviknight|Pressure
|
|-heal|p1a: Corviknight|100/100 brn|[from] move: Wish|[wisher] Alomomola
|-damage|p1a: Corviknight|94/100 brn|[from] brn
|upkeep
|turn|201
|
|t:|1760872162
|switch|p2a: Alomomola|Alomomola, F|100/100
|switch|p1a: Alomomola|Alomomola, M|100/100
|
|upkeep
|turn|202
|
|t:|1760872168
|switch|p1a: Gliscor|Gliscor, F|100/100 tox
|switch|p2a: Lokix|Lokix, F, tera:Bug|54/100
|
|upkeep
|turn|203
|
|t:|1760872173
|switch|p2a: Alomomola|Alomomola, F|100/100
|switch|p1a: Alomomola|Alomomola, M|100/100
|
|upkeep
|turn|204
|
|t:|1760872182
|switch|p1a: Gliscor|Gliscor, F|100/100 tox
|switch|p2a: Raging Bolt|Raging Bolt|100/100
|
|upkeep
|turn|205
|
|t:|1760872187
|move|p1a: Gliscor|Stealth Rock|p2a: Raging Bolt
|-sidestart|p2: Majom Kapitany|move: Stealth Rock
|move|p2a: Raging Bolt|Calm Mind|p2a: Raging Bolt
|-boost|p2a: Raging Bolt|spa|1
|-boost|p2a: Raging Bolt|spd|1
|
|upkeep
|turn|206
|
|t:|1760872192
|switch|p1a: Blissey|Blissey, F|70/100
|move|p2a: Raging Bolt|Draco Meteor|p1a: Blissey
|-damage|p1a: Blissey|34/100
|-unboost|p2a: Raging Bolt|spa|2
|
|-heal|p1a: Blissey|40/100|[from] item: Leftovers
|upkeep
|turn|207
|
|t:|1760872198
|move|p2a: Raging Bolt|Volt Switch|p1a: Blissey
|-damage|p1a: Blissey|31/100
|
|t:|1760872203
|-end|p2a: Raging Bolt|Protosynthesis|[silent]
|switch|p2a: Weezing|Weezing-Galar, F|100/100|[from] Volt Switch
|-damage|p2a: Weezing|88/100|[from] Stealth Rock
|move|p1a: Blissey|Soft-Boiled|p1a: Blissey
|-heal|p1a: Blissey|81/100
|
|-heal|p2a: Weezing|94/100|[from] item: Leftovers
|-heal|p1a: Blissey|87/100|[from] item: Leftovers
|upkeep
|turn|208
|
|t:|1760872211
|switch|p1a: Corviknight|Corviknight, F|94/100 brn
|-ability|p1a: Corviknight|Pressure
|move|p2a: Weezing|Defog|p1a: Corviknight
|-unboost|p1a: Corviknight|evasion|1
|-sideend|p2: Majom Kapitany|Stealth Rock|[from] move: Defog|[of] p2a: Weezing
|
|-heal|p2a: Weezing|99/100|[from] item: Leftovers
|-damage|p1a: Corviknight|88/100 brn|[from] brn
|upkeep
|turn|209
|
|t:|1760872216
|switch|p1a: Gliscor|Gliscor, F|100/100 tox
|move|p2a: Weezing|Strange Steam|p1a: Gliscor
|-damage|p1a: Gliscor|81/100 tox
|-start|p1a: Gliscor|confusion
|
|-heal|p2a: Weezing|100/100|[from] item: Leftovers
|-heal|p1a: Gliscor|93/100 tox|[from] ability: Poison Heal
|upkeep
|turn|210
|
|t:|1760872223
|switch|p2a: Raging Bolt|Raging Bolt|100/100
|-activate|p1a: Gliscor|confusion
|move|p1a: Gliscor|Stealth Rock|p2a: Raging Bolt
|-sidestart|p2: Majom Kapitany|move: Stealth Rock
|
|-heal|p1a: Gliscor|100/100 tox|[from] ability: Poison Heal
|upkeep
|turn|211
|
|t:|1760872233
|switch|p1a: Slowking|Slowking-Galar, F|100/100
|-end|p2a: Raging Bolt|Protosynthesis|[silent]
|switch|p2a: Slowking|Slowking-Galar, F|100/100
|-damage|p2a: Slowking|88/100|[from] Stealth Rock
|
|upkeep
|turn|212
|
|t:|1760872245
|switch|p1a: Gliscor|Gliscor, F|100/100 tox
|switch|p2a: Weezing|Weezing-Galar, F|100/100
|-damage|p2a: Weezing|88/100|[from] Stealth Rock
|
|-heal|p2a: Weezing|94/100|[from] item: Leftovers
|upkeep
|turn|213
|
|t:|1760872248
|switch|p1a: Corviknight|Corviknight, F|88/100 brn
|-ability|p1a: Corviknight|Pressure
|move|p2a: Weezing|Strange Steam|p1a: Corviknight
|-resisted|p1a: Corviknight
|-damage|p1a: Corviknight|77/100 brn
|-start|p1a: Corviknight|confusion
|
|-heal|p2a: Weezing|99/100|[from] item: Leftovers
|-damage|p1a: Corviknight|70/100 brn|[from] brn
|upkeep
|turn|214
|
|t:|1760872254
|-activate|p1a: Corviknight|confusion
|move|p1a: Corviknight|Iron Defense|p1a: Corviknight
|-boost|p1a: Corviknight|def|2
|move|p2a: Weezing|Strange Steam|p1a: Corviknight
|-resisted|p1a: Corviknight
|-crit|p1a: Corviknight
|-damage|p1a: Corviknight|52/100 brn
|
|-heal|p2a: Weezing|100/100|[from] item: Leftovers
|-damage|p1a: Corviknight|45/100 brn|[from] brn
|upkeep
|turn|215
|
|t:|1760872262
|-activate|p1a: Corviknight|confusion
|move|p1a: Corviknight|Roost|p1a: Corviknight
|-heal|p1a: Corviknight|95/100 brn
|-singleturn|p1a: Corviknight|move: Roost
|move|p2a: Weezing|Strange Steam|p1a: Corviknight
|-resisted|p1a: Corviknight
|-damage|p1a: Corviknight|84/100 brn
|
|-damage|p1a: Corviknight|78/100 brn|[from] brn
|upkeep
|turn|216
|
|t:|1760872270
|-end|p1a: Corviknight|confusion
|move|p1a: Corviknight|Iron Defense|p1a: Corviknight
|-boost|p1a: Corviknight|def|2
|move|p2a: Weezing|Clear Smog|p1a: Corviknight
|-immune|p1a: Corviknight
|
|-damage|p1a: Corviknight|72/100 brn|[from] brn
|upkeep
|turn|217
|
|t:|1760872279
|move|p1a: Corviknight|Iron Defense|p1a: Corviknight
|-boost|p1a: Corviknight|def|2
|move|p2a: Weezing|Clear Smog|p1a: Corviknight
|-immune|p1a: Corviknight
|
|-damage|p1a: Corviknight|65/100 brn|[from] brn
|upkeep
|turn|218
|
|t:|1760872290
|move|p1a: Corviknight|Iron Defense|p1a: Corviknight
|-boost|p1a: Corviknight|def|0
|move|p2a: Weezing|Clear Smog|p1a: Corviknight
|-immune|p1a: Corviknight
|
|-damage|p1a: Corviknight|59/100 brn|[from] brn
|upkeep
|turn|219
|
|t:|1760872293
|move|p1a: Corviknight|Iron Defense|p1a: Corviknight
|-boost|p1a: Corviknight|def|0
|move|p2a: Weezing|Clear Smog|p1a: Corviknight
|-immune|p1a: Corviknight
|
|-damage|p1a: Corviknight|53/100 brn|[from] brn
|upkeep
|turn|220
|
|t:|1760872296
|switch|p2a: Alomomola|Alomomola, F|100/100
|-damage|p2a: Alomomola|88/100|[from] Stealth Rock
|move|p1a: Corviknight|Iron Defense|p1a: Corviknight
|-boost|p1a: Corviknight|def|0
|
|-damage|p1a: Corviknight|47/100 brn|[from] brn
|upkeep
|turn|221
|
|t:|1760872300
|switch|p1a: Alomomola|Alomomola, M|100/100
|switch|p2a: Weezing|Weezing-Galar, F|100/100
|-damage|p2a: Weezing|88/100|[from] Stealth Rock
|
|-heal|p2a: Weezing|94/100|[from] item: Leftovers
|upkeep
|turn|222
|
|t:|1760872304
|switch|p1a: Corviknight|Corviknight, F|47/100 brn
|-ability|p1a: Corviknight|Pressure
|move|p2a: Weezing|Clear Smog|p1a: Corviknight
|-immune|p1a: Corviknight
|
|-heal|p2a: Weezing|99/100|[from] item: Leftovers
|-damage|p1a: Corviknight|40/100 brn|[from] brn
|upkeep
|turn|223
|
|t:|1760872308
|move|p1a: Corviknight|Roost|p1a: Corviknight
|-heal|p1a: Corviknight|90/100 brn
|-singleturn|p1a: Corviknight|move: Roost
|move|p2a: Weezing|Clear Smog|p1a: Corviknight
|-immune|p1a: Corviknight
|
|-heal|p2a: Weezing|100/100|[from] item: Leftovers
|-damage|p1a: Corviknight|84/100 brn|[from] brn
|upkeep
|turn|224
|
|t:|1760872310
|switch|p2a: Alomomola|Alomomola, F|100/100
|-damage|p2a: Alomomola|88/100|[from] Stealth Rock
|move|p1a: Corviknight|Iron Defense|p1a: Corviknight
|-boost|p1a: Corviknight|def|2
|
|-damage|p1a: Corviknight|78/100 brn|[from] brn
|upkeep
|turn|225
|
|t:|1760872315
|switch|p1a: Alomomola|Alomomola, M|100/100
|switch|p2a: Weezing|Weezing-Galar, F|100/100
|-damage|p2a: Weezing|88/100|[from] Stealth Rock
|
|-heal|p2a: Weezing|94/100|[from] item: Leftovers
|upkeep
|turn|226
|
|t:|1760872320
|move|p1a: Alomomola|Whirlpool|p2a: Weezing
|-damage|p2a: Weezing|85/100
|-activate|p2a: Weezing|move: Whirlpool|[of] p1a: Alomomola
|move|p2a: Weezing|Clear Smog|p1a: Alomomola
|-damage|p1a: Alomomola|84/100
|-clearboost|p1a: Alomomola
|
|-heal|p2a: Weezing|91/100|[from] item: Leftovers
|-damage|p2a: Weezing|79/100|[from] move: Whirlpool|[partiallytrapped]
|upkeep
|turn|227
|
|t:|1760872324
|switch|p1a: Corviknight|Corviknight, F|78/100 brn
|-ability|p1a: Corviknight|Pressure
|move|p2a: Weezing|Will-O-Wisp|p1a: Corviknight
|-fail|p1a: Corviknight|brn
|
|-heal|p2a: Weezing|85/100|[from] item: Leftovers
|-damage|p1a: Corviknight|72/100 brn|[from] brn
|-end|p2a: Weezing|Whirlpool|[partiallytrapped]|[silent]
|upkeep
|turn|228
|
|t:|1760872330
|switch|p1a: Blissey|Blissey, F|87/100
|switch|p2a: Alomomola|Alomomola, F|100/100
|-damage|p2a: Alomomola|88/100|[from] Stealth Rock
|
|-heal|p1a: Blissey|93/100|[from] item: Leftovers
|upkeep
|turn|229
|
|t:|1760872340
|switch|p1a: Alomomola|Alomomola, M|100/100
|switch|p2a: Weezing|Weezing-Galar, F|85/100
|-damage|p2a: Weezing|73/100|[from] Stealth Rock
|
|-heal|p2a: Weezing|79/100|[from] item: Leftovers
|upkeep
|turn|230
|
|t:|1760872343
|switch|p1a: Corviknight|Corviknight, F|72/100 brn
|-ability|p1a: Corviknight|Pressure
|switch|p2a: Alomomola|Alomomola, F|100/100
|-damage|p2a: Alomomola|88/100|[from] Stealth Rock
|
|-damage|p1a: Corviknight|65/100 brn|[from] brn
|upkeep
|turn|231
|
|t:|1760872346
|switch|p1a: Alomomola|Alomomola, M|100/100
|switch|p2a: Weezing|Weezing-Galar, F|79/100
|-damage|p2a: Weezing|66/100|[from] Stealth Rock
|
|-heal|p2a: Weezing|72/100|[from] item: Leftovers
|upkeep
|turn|232
|
|t:|1760872350
|switch|p1a: Gliscor|Gliscor, F|100/100 tox
|move|p2a: Weezing|Clear Smog|p1a: Gliscor
|-resisted|p1a: Gliscor
|-damage|p1a: Gliscor|95/100 tox
|-clearboost|p1a: Gliscor
|
|-heal|p2a: Weezing|78/100|[from] item: Leftovers
|-heal|p1a: Gliscor|100/100 tox|[from] ability: Poison Heal
|upkeep
|turn|233
|
|t:|1760872353
|move|p1a: Gliscor|Spikes|p2a: Weezing
|-sidestart|p2: Majom Kapitany|Spikes
|move|p2a: Weezing|Clear Smog|p1a: Gliscor
|-resisted|p1a: Gliscor
|-damage|p1a: Gliscor|95/100 tox
|-clearboost|p1a: Gliscor
|
|-heal|p2a: Weezing|84/100|[from] item: Leftovers
|-heal|p1a: Gliscor|100/100 tox|[from] ability: Poison Heal
|upkeep
|turn|234
|
|t:|1760872357
|move|p1a: Gliscor|Spikes|p2a: Weezing
|-sidestart|p2: Majom Kapitany|Spikes
|move|p2a: Weezing|Clear Smog|p1a: Gliscor
|-resisted|p1a: Gliscor
|-damage|p1a: Gliscor|95/100 tox
|-clearboost|p1a: Gliscor
|
|-heal|p2a: Weezing|90/100|[from] item: Leftovers
|-heal|p1a: Gliscor|100/100 tox|[from] ability: Poison Heal
|upkeep
|turn|235
|
|t:|1760872360
|move|p1a: Gliscor|Spikes|p2a: Weezing
|-sidestart|p2: Majom Kapitany|Spikes
|move|p2a: Weezing|Clear Smog|p1a: Gliscor
|-resisted|p1a: Gliscor
|-damage|p1a: Gliscor|94/100 tox
|-clearboost|p1a: Gliscor
|
|-heal|p2a: Weezing|96/100|[from] item: Leftovers
|-heal|p1a: Gliscor|100/100 tox|[from] ability: Poison Heal
|upkeep
|turn|236
|
|t:|1760872378
|switch|p1a: Blissey|Blissey, F|93/100
|move|p2a: Weezing|Clear Smog|p1a: Blissey
|-damage|p1a: Blissey|89/100
|-clearboost|p1a: Blissey
|
|-heal|p2a: Weezing|100/100|[from] item: Leftovers
|-heal|p1a: Blissey|95/100|[from] item: Leftovers
|upkeep
|turn|237
|
|t:|1760872382
|switch|p2a: Alomomola|Alomomola, F|100/100
|-damage|p2a: Alomomola|88/100|[from] Stealth Rock
|-damage|p2a: Alomomola|63/100|[from] Spikes
|switch|p1a: Gliscor|Gliscor, F|100/100 tox
|
|upkeep
|turn|238
|
|t:|1760872387
|switch|p1a: Corviknight|Corviknight, F|65/100 brn
|-ability|p1a: Corviknight|Pressure
|switch|p2a: Weezing|Weezing-Galar, F|100/100
|-damage|p2a: Weezing|88/100|[from] Stealth Rock
|
|-heal|p2a: Weezing|94/100|[from] item: Leftovers
|-damage|p1a: Corviknight|59/100 brn|[from] brn
|upkeep
|turn|239
|
|t:|1760872393
|move|p1a: Corviknight|Roost|p1a: Corviknight
|-heal|p1a: Corviknight|100/100 brn
|-singleturn|p1a: Corviknight|move: Roost
|move|p2a: Weezing|Clear Smog|p1a: Corviknight
|-immune|p1a: Corviknight
|
|-heal|p2a: Weezing|99/100|[from] item: Leftovers
|-damage|p1a: Corviknight|94/100 brn|[from] brn
|upkeep
|turn|240
|
|t:|1760872400
|move|p1a: Corviknight|Iron Defense|p1a: Corviknight
|-boost|p1a: Corviknight|def|2
|move|p2a: Weezing|Defog|p1a: Corviknight
|-unboost|p1a: Corviknight|evasion|1
|-sideend|p2: Majom Kapitany|Spikes|[from] move: Defog|[of] p2a: Weezing
|-sideend|p2: Majom Kapitany|Stealth Rock|[from] move: Defog|[of] p2a: Weezing
|
|-heal|p2a: Weezing|100/100|[from] item: Leftovers
|-damage|p1a: Corviknight|88/100 brn|[from] brn
|upkeep
|turn|241
|
|t:|1760872404
|switch|p1a: Gliscor|Gliscor, F|100/100 tox
|switch|p2a: Alomomola|Alomomola, F|97/100
|
|upkeep
|turn|242
|
|t:|1760872408
|move|p1a: Gliscor|Stealth Rock|p2a: Alomomola
|-sidestart|p2: Majom Kapitany|move: Stealth Rock
|move|p2a: Alomomola|Flip Turn|p1a: Gliscor
|-supereffective|p1a: Gliscor
|-damage|p1a: Gliscor|76/100 tox
|
|t:|1760872414
|switch|p2a: Raging Bolt|Raging Bolt|100/100|[from] Flip Turn
|-damage|p2a: Raging Bolt|88/100|[from] Stealth Rock
|
|-heal|p2a: Raging Bolt|94/100|[from] item: Leftovers
|-heal|p1a: Gliscor|89/100 tox|[from] ability: Poison Heal
|upkeep
|turn|243
|
|t:|1760872417
|switch|p1a: Blissey|Blissey, F|95/100
|move|p2a: Raging Bolt|Calm Mind|p2a: Raging Bolt
|-boost|p2a: Raging Bolt|spa|1
|-boost|p2a: Raging Bolt|spd|1
|
|-heal|p2a: Raging Bolt|99/100|[from] item: Leftovers
|-heal|p1a: Blissey|100/100|[from] item: Leftovers
|upkeep
|turn|244
|
|t:|1760872421
|-end|p2a: Raging Bolt|Protosynthesis|[silent]
|switch|p2a: Alomomola|Alomomola, F|100/100
|-damage|p2a: Alomomola|88/100|[from] Stealth Rock
|move|p1a: Blissey|Calm Mind|p1a: Blissey
|-boost|p1a: Blissey|spa|1
|-boost|p1a: Blissey|spd|1
|
|upkeep
|turn|245
|
|t:|1760872429
|switch|p1a: Gliscor|Gliscor, F|89/100 tox
|move|p2a: Alomomola|Protect||[still]
|-fail|p2a: Alomomola
|
|-heal|p1a: Gliscor|100/100 tox|[from] ability: Poison Heal
|upkeep
|turn|246
|
|t:|1760872435
|switch|p2a: Weezing|Weezing-Galar, F|100/100
|-damage|p2a: Weezing|88/100|[from] Stealth Rock
|move|p1a: Gliscor|Spikes|p2a: Weezing
|-sidestart|p2: Majom Kapitany|Spikes
|
|-heal|p2a: Weezing|94/100|[from] item: Leftovers
|upkeep
|turn|247
|
|t:|1760872440
|move|p1a: Gliscor|Spikes|p2a: Weezing
|-sidestart|p2: Majom Kapitany|Spikes
|move|p2a: Weezing|Clear Smog|p1a: Gliscor
|-resisted|p1a: Gliscor
|-damage|p1a: Gliscor|95/100 tox
|-clearboost|p1a: Gliscor
|
|-heal|p2a: Weezing|99/100|[from] item: Leftovers
|-heal|p1a: Gliscor|100/100 tox|[from] ability: Poison Heal
|upkeep
|turn|248
|
|t:|1760872447
|move|p1a: Gliscor|Knock Off|p2a: Weezing
|-resisted|p2a: Weezing
|-damage|p2a: Weezing|93/100
|-enditem|p2a: Weezing|Leftovers|[from] move: Knock Off|[of] p1a: Gliscor
|move|p2a: Weezing|Clear Smog|p1a: Gliscor
|-resisted|p1a: Gliscor
|-damage|p1a: Gliscor|95/100 tox
|-clearboost|p1a: Gliscor
|
|-heal|p1a: Gliscor|100/100 tox|[from] ability: Poison Heal
|upkeep
|turn|249
|
|t:|1760872454
|move|p1a: Gliscor|Knock Off|p2a: Weezing
|-resisted|p2a: Weezing
|-damage|p2a: Weezing|88/100
|move|p2a: Weezing|Defog|p1a: Gliscor
|-unboost|p1a: Gliscor|evasion|1
|-sideend|p2: Majom Kapitany|Spikes|[from] move: Defog|[of] p2a: Weezing
|-sideend|p2: Majom Kapitany|Stealth Rock|[from] move: Defog|[of] p2a: Weezing
|
|upkeep
|turn|250
|
|t:|1760872459
|switch|p2a: Raging Bolt|Raging Bolt|99/100
|move|p1a: Gliscor|Stealth Rock|p2a: Raging Bolt
|-sidestart|p2: Majom Kapitany|move: Stealth Rock
|
|-heal|p2a: Raging Bolt|100/100|[from] item: Leftovers
|upkeep
|turn|251
|
|t:|1760872463
|-end|p2a: Raging Bolt|Protosynthesis|[silent]
|switch|p2a: Lokix|Lokix, F, tera:Bug|54/100
|-damage|p2a: Lokix|29/100|[from] Stealth Rock
|move|p1a: Gliscor|Knock Off|p2a: Lokix
|-damage|p2a: Lokix|0 fnt
|-enditem|p2a: Lokix|Choice Band|[from] move: Knock Off|[of] p1a: Gliscor
|faint|p2a: Lokix
|
|upkeep
|c|☆Majom Kapitany|gg
|-message|Majom Kapitany forfeited.
|
|win|kimigoya
|raw|kimigoya's rating: 1255 &rarr; <strong>1287</strong><br />(+32 for winning)
|raw|Majom Kapitany's rating: 1354 &rarr; <strong>1328</strong><br />(-26 for losing)
|c|☆kimigoya|Gg
|l|☆Majom Kapitany
|player|p2|
