|j|☆hey you're
|j|☆levi6969
|t:|1760817749
|gametype|singles
|player|p1|hey you're|blackbelt-gen4dp|1412
|player|p2|levi6969|266|1366
|gen|9
|tier|[Gen 9] OU
|rated|
|rule|HP Percentage Mod: HP is shown in percentages
|rule|Endless Battle Clause: Forcing endless battles is banned
|rule|Species Clause: Limit one of each Pokémon
|rule|OHKO Clause: OHKO moves are banned
|rule|Evasion Items Clause: Evasion items are banned
|rule|Evasion Moves Clause: Evasion moves are banned
|rule|Evasion Abilities Clause: Evasion abilities are banned
|rule|Sleep Moves Clause: Sleep-inducing moves are banned
|clearpoke
|poke|p1|Moltres|
|poke|p1|Maushold-Four|
|poke|p1|Iron Hands|
|poke|p1|Pecharunt|
|poke|p1|Iron Crown|
|poke|p1|Rillaboom, F|
|poke|p2|Tinkaton, F|
|poke|p2|Great Tusk|
|poke|p2|Ninetales-Alola, F|
|poke|p2|Articuno-Galar|
|poke|p2|Incineroar, F|
|poke|p2|Dragapult, F|
|teampreview
|inactive|Battle timer is ON: inactive players will automatically lose when time's up. (requested by hey you're)
|
|t:|1760817762
|teamsize|p1|6
|teamsize|p2|6
|start
|switch|p1a: Iron Crown|Iron Crown|100/100
|switch|p2a: Tinkaton|Tinkaton, F|100/100
|turn|1
|
|t:|1760817781
|switch|p2a: Articuno|Articuno-Galar|100/100
|move|p1a: Iron Crown|Volt Switch|p2a: Articuno
|-supereffective|p2a: Articuno
|-damage|p2a: Articuno|36/100
|-enditem|p2a: Articuno|Weakness Policy
|-boost|p2a: Articuno|atk|2|[from] item: Weakness Policy
|-boost|p2a: Articuno|spa|2|[from] item: Weakness Policy
|
|t:|1760817802
|-end|p1a: Iron Crown|Quark Drive|[silent]
|switch|p1a: Rillaboom|Rillaboom, F|100/100|[from] Volt Switch
|-fieldstart|move: Grassy Terrain|[from] ability: Grassy Surge|[of] p1a: Rillaboom
|
|upkeep
|turn|2
|
|t:|1760817808
|move|p2a: Articuno|Stored Power|p1a: Rillaboom
|-damage|p1a: Rillaboom|0 fnt
|faint|p1a: Rillaboom
|
|upkeep
|
|t:|1760817811
|switch|p1a: Iron Crown|Iron Crown|100/100
|turn|3
|
|t:|1760817816
|switch|p2a: Great Tusk|Great Tusk|100/100
|-enditem|p2a: Great Tusk|Booster Energy
|-activate|p2a: Great Tusk|ability: Protosynthesis|[fromitem]
|-start|p2a: Great Tusk|protosynthesisspe
|move|p1a: Iron Crown|Volt Switch|p2a: Great Tusk
|-immune|p2a: Great Tusk
|
|upkeep
|turn|4
|
|t:|1760817822
|-end|p1a: Iron Crown|Quark Drive|[silent]
|switch|p1a: Moltres|Moltres|100/100
|move|p2a: Great Tusk|Bulk Up|p2a: Great Tusk
|-boost|p2a: Great Tusk|atk|1
|-boost|p2a: Great Tusk|def|1
|
|upkeep
|turn|5
|
|t:|1760817839
|-end|p2a: Great Tusk|Protosynthesis|[silent]
|switch|p2a: Incineroar|Incineroar, F|100/100
|-ability|p2a: Incineroar|Intimidate|boost
|-unboost|p1a: Moltres|atk|1
|move|p1a: Moltres|Will-O-Wisp|p2a: Incineroar
|-immune|p2a: Incineroar
|
|-fieldend|move: Grassy Terrain
|upkeep
|turn|6
|
|t:|1760817844
|move|p2a: Incineroar|Bulk Up|p2a: Incineroar
|-boost|p2a: Incineroar|atk|1
|-boost|p2a: Incineroar|def|1
|move|p1a: Moltres|U-turn|p2a: Incineroar
|-damage|p2a: Incineroar|95/100
|
|t:|1760817851
|switch|p1a: Iron Hands|Iron Hands|100/100|[from] U-turn
|-enditem|p1a: Iron Hands|Booster Energy
|-activate|p1a: Iron Hands|ability: Quark Drive|[fromitem]
|-start|p1a: Iron Hands|quarkdriveatk
|
|upkeep
|turn|7
|
|t:|1760817864
|switch|p2a: Articuno|Articuno-Galar|36/100
|move|p1a: Iron Hands|Drain Punch|p2a: Articuno
|-resisted|p2a: Articuno
|-damage|p2a: Articuno|22/100
|
|upkeep
|turn|8
|
|t:|1760817871
|-end|p1a: Iron Hands|Quark Drive|[silent]
|switch|p1a: Iron Crown|Iron Crown|100/100
|move|p2a: Articuno|Agility|p2a: Articuno
|-boost|p2a: Articuno|spe|2
|
|upkeep
|turn|9
|
|t:|1760817878
|move|p2a: Articuno|Stored Power|p1a: Iron Crown
|-resisted|p1a: Iron Crown
|-damage|p1a: Iron Crown|95/100
|move|p1a: Iron Crown|Psychic Noise|p2a: Articuno
|-resisted|p2a: Articuno
|-damage|p2a: Articuno|0 fnt
|faint|p2a: Articuno
|
|upkeep
|
|t:|1760817884
|switch|p2a: Dragapult|Dragapult, F|100/100
|turn|10
|
|t:|1760817888
|-end|p1a: Iron Crown|Quark Drive|[silent]
|switch|p1a: Maushold|Maushold-Four|100/100
|move|p2a: Dragapult|U-turn|p1a: Maushold
|-damage|p1a: Maushold|50/100
|
|t:|1760817895
|switch|p2a: Tinkaton|Tinkaton, F|100/100|[from] U-turn
|
|upkeep
|turn|11
|
|t:|1760817900
|move|p1a: Maushold|Tidy Up|p1a: Maushold
|-boost|p1a: Maushold|atk|1
|-boost|p1a: Maushold|spe|1
|move|p2a: Tinkaton|Ice Hammer|p1a: Maushold
|-damage|p1a: Maushold|14/100
|-unboost|p2a: Tinkaton|spe|1
|-enditem|p2a: Tinkaton|Eject Pack
|
|t:|1760817907
|switch|p2a: Dragapult|Dragapult, F|100/100
|
|upkeep
|turn|12
|
|t:|1760817910
|move|p2a: Dragapult|Quick Attack|p1a: Maushold
|-damage|p1a: Maushold|0 fnt
|faint|p1a: Maushold
|
|upkeep
|
|t:|1760817916
|switch|p1a: Iron Hands|Iron Hands|100/100
|turn|13
|
|t:|1760817926
|switch|p2a: Great Tusk|Great Tusk|100/100
|move|p1a: Iron Hands|Drain Punch|p2a: Great Tusk
|-damage|p2a: Great Tusk|73/100
|
|upkeep
|turn|14
|
|t:|1760817935
|-end|p2a: Great Tusk|Protosynthesis|[silent]
|switch|p2a: Dragapult|Dragapult, F|100/100
|-end|p1a: Iron Hands|Quark Drive|[silent]
|switch|p1a: Moltres|Moltres|100/100
|
|upkeep
|turn|15
|
|t:|1760817942
|-terastallize|p2a: Dragapult|Dragon
|move|p2a: Dragapult|Dragon Darts|p1a: Moltres
|-damage|p1a: Moltres|68/100
|-anim|p2a: Dragapult|Dragon Darts|p1a: Moltres
|-damage|p1a: Moltres|35/100
|move|p1a: Moltres|Will-O-Wisp|p2a: Dragapult
|-status|p2a: Dragapult|brn
|
|-damage|p2a: Dragapult|95/100 brn|[from] brn
|upkeep
|turn|16
|
|t:|1760817947
|move|p2a: Dragapult|Dragon Darts|p1a: Moltres
|-damage|p1a: Moltres|17/100
|-anim|p2a: Dragapult|Dragon Darts|p1a: Moltres
|-damage|p1a: Moltres|0 fnt
|faint|p1a: Moltres
|
|-damage|p2a: Dragapult|89/100 brn|[from] brn
|upkeep
|
|t:|1760817951
|switch|p1a: Iron Hands|Iron Hands|100/100
|turn|17
|
|t:|1760817962
|move|p2a: Dragapult|Dragon Darts|p1a: Iron Hands
|-damage|p1a: Iron Hands|82/100
|-anim|p2a: Dragapult|Dragon Darts|p1a: Iron Hands
|-damage|p1a: Iron Hands|66/100
|move|p1a: Iron Hands|Swords Dance|p1a: Iron Hands
|-boost|p1a: Iron Hands|atk|2
|
|-damage|p2a: Dragapult|83/100 brn|[from] brn
|upkeep
|turn|18
|
|t:|1760817964
|move|p2a: Dragapult|Dragon Darts|p1a: Iron Hands
|-damage|p1a: Iron Hands|49/100
|-anim|p2a: Dragapult|Dragon Darts|p1a: Iron Hands
|-damage|p1a: Iron Hands|33/100
|move|p1a: Iron Hands|Drain Punch|p2a: Dragapult
|-damage|p2a: Dragapult|0 fnt
|-heal|p1a: Iron Hands|62/100|[from] drain|[of] p2a: Dragapult
|faint|p2a: Dragapult
|
|upkeep
|
|t:|1760817975
|switch|p2a: Great Tusk|Great Tusk|73/100
|turn|19
|
|t:|1760817982
|-end|p2a: Great Tusk|Protosynthesis|[silent]
|switch|p2a: Tinkaton|Tinkaton, F|100/100
|move|p1a: Iron Hands|Ice Punch|p2a: Tinkaton
|-resisted|p2a: Tinkaton
|-crit|p2a: Tinkaton
|-damage|p2a: Tinkaton|36/100
|
|upkeep
|turn|20
|
|t:|1760817988
|move|p2a: Tinkaton|Gigaton Hammer|p1a: Iron Hands
|-resisted|p1a: Iron Hands
|-damage|p1a: Iron Hands|41/100
|move|p1a: Iron Hands|Drain Punch|p2a: Tinkaton
|-damage|p2a: Tinkaton|0 fnt
|-heal|p1a: Iron Hands|54/100|[from] drain|[of] p2a: Tinkaton
|faint|p2a: Tinkaton
|
|upkeep
|
|t:|1760817991
|switch|p2a: Great Tusk|Great Tusk|73/100
|turn|21
|
|t:|1760818003
|-end|p1a: Iron Hands|Quark Drive|[silent]
|switch|p1a: neverrrr|Pecharunt|100/100
|move|p2a: Great Tusk|Headlong Rush|p1a: neverrrr
|-supereffective|p1a: neverrrr
|-damage|p1a: neverrrr|51/100
|-unboost|p2a: Great Tusk|def|1
|-unboost|p2a: Great Tusk|spd|1
|
|upkeep
|turn|22
|
|t:|1760818009
|-end|p2a: Great Tusk|Protosynthesis|[silent]
|switch|p2a: Incineroar|Incineroar, F|95/100
|-ability|p2a: Incineroar|Intimidate|boost
|-unboost|p1a: neverrrr|atk|1
|-terastallize|p1a: neverrrr|Flying
|move|p1a: neverrrr|Recover|p1a: neverrrr
|-heal|p1a: neverrrr|100/100
|
|upkeep
|turn|23
|
|t:|1760818017
|move|p2a: Incineroar|Bulk Up|p2a: Incineroar
|-boost|p2a: Incineroar|atk|1
|-boost|p2a: Incineroar|def|1
|move|p1a: neverrrr|Malignant Chain|p2a: Incineroar
|-damage|p2a: Incineroar|67/100
|-status|p2a: Incineroar|tox
|-start|p2a: Incineroar|confusion|[from] ability: Poison Puppeteer|[of] p1a: neverrrr
|
|-damage|p2a: Incineroar|61/100 tox|[from] psn
|upkeep
|turn|24
|
|t:|1760818022
|-activate|p2a: Incineroar|confusion
|move|p2a: Incineroar|Flame Charge|p1a: neverrrr
|-damage|p1a: neverrrr|88/100
|-boost|p2a: Incineroar|spe|1
|move|p1a: neverrrr|Parting Shot|p2a: Incineroar
|-unboost|p2a: Incineroar|atk|1
|-unboost|p2a: Incineroar|spa|1
|
|t:|1760818027
|switch|p1a: Iron Hands|Iron Hands|54/100|[from] Parting Shot
|
|-damage|p2a: Incineroar|49/100 tox|[from] psn
|upkeep
|turn|25
|
|t:|1760818032
|-activate|p2a: Incineroar|confusion
|-damage|p2a: Incineroar|41/100 tox|[from] confusion
|move|p1a: Iron Hands|Drain Punch|p2a: Incineroar
|-supereffective|p2a: Incineroar
|-damage|p2a: Incineroar|0 fnt
|-heal|p1a: Iron Hands|72/100|[from] drain|[of] p2a: Incineroar
|faint|p2a: Incineroar
|
|upkeep
|
|t:|1760818036
|switch|p2a: Ninetales|Ninetales-Alola, F, shiny|100/100
|-weather|Snowscape|[from] ability: Snow Warning|[of] p2a: Ninetales
|turn|26
|
|t:|1760818040
|move|p2a: Ninetales|Aurora Veil|p2a: Ninetales
|-sidestart|p2: levi6969|move: Aurora Veil
|move|p1a: Iron Hands|Supercell Slam|p2a: Ninetales
|-damage|p2a: Ninetales|73/100
|
|-weather|Snowscape|[upkeep]
|upkeep
|turn|27
|
|t:|1760818045
|-end|p1a: Iron Hands|Quark Drive|[silent]
|switch|p1a: Iron Crown|Iron Crown|95/100
|move|p2a: Ninetales|Freeze-Dry|p1a: Iron Crown
|-resisted|p1a: Iron Crown
|-damage|p1a: Iron Crown|84/100
|
|-weather|Snowscape|[upkeep]
|upkeep
|turn|28
|
|t:|1760818047
|move|p2a: Ninetales|Freeze-Dry|p1a: Iron Crown
|-resisted|p1a: Iron Crown
|-damage|p1a: Iron Crown|74/100
|move|p1a: Iron Crown|Tachyon Cutter|p2a: Ninetales
|-supereffective|p2a: Ninetales
|-damage|p2a: Ninetales|3/100
|-supereffective|p2a: Ninetales
|-damage|p2a: Ninetales|0 fnt
|faint|p2a: Ninetales
|-hitcount|p2: Ninetales|2
|
|-weather|Snowscape|[upkeep]
|upkeep
|
|t:|1760818049
|switch|p2a: Great Tusk|Great Tusk|73/100
|turn|29
|
|t:|1760818052
|-end|p1a: Iron Crown|Quark Drive|[silent]
|switch|p1a: neverrrr|Pecharunt, tera:Flying|88/100
|move|p2a: Great Tusk|Bulk Up|p2a: Great Tusk
|-boost|p2a: Great Tusk|atk|1
|-boost|p2a: Great Tusk|def|1
|
|-weather|Snowscape|[upkeep]
|upkeep
|turn|30
|
|t:|1760818057
|move|p2a: Great Tusk|Bulk Up|p2a: Great Tusk
|-boost|p2a: Great Tusk|atk|1
|-boost|p2a: Great Tusk|def|1
|move|p1a: neverrrr|Curse|p1a: neverrrr
|-unboost|p1a: neverrrr|spe|1
|-boost|p1a: neverrrr|atk|1
|-boost|p1a: neverrrr|def|1
|
|-weather|none
|upkeep
|turn|31
|
|t:|1760818062
|move|p2a: Great Tusk|Ice Spinner|p1a: neverrrr
|-supereffective|p1a: neverrrr
|-damage|p1a: neverrrr|57/100
|move|p1a: neverrrr|Malignant Chain|p2a: Great Tusk
|-resisted|p2a: Great Tusk
|-damage|p2a: Great Tusk|64/100
|-status|p2a: Great Tusk|tox
|-start|p2a: Great Tusk|confusion|[from] ability: Poison Puppeteer|[of] p1a: neverrrr
|
|-damage|p2a: Great Tusk|57/100 tox|[from] psn
|upkeep
|turn|32
|-message|levi6969 forfeited.
|
|win|hey you're
|raw|hey you&apos;re's rating: 1412 &rarr; <strong>1429</strong><br />(+17 for winning)
|raw|levi6969's rating: 1366 &rarr; <strong>1349</strong><br />(-17 for losing)
|l|☆levi6969
|player|p2|
|l|☆hey you're
|player|p1|
