|j|☆miffyc
|j|☆qmszw
|t:|1760760888
|gametype|singles
|player|p1|miffyc|preschooler|1321
|player|p2|qmszw|rosa|1360
|gen|9
|tier|[Gen 9] OU
|rated|
|rule|HP Percentage Mod: HP is shown in percentages
|rule|Endless Battle Clause: Forcing endless battles is banned
|rule|Species Clause: Limit one of each Pokémon
|rule|OHKO Clause: OHKO moves are banned
|rule|Evasion Items Clause: Evasion items are banned
|rule|Evasion Moves Clause: Evasion moves are banned
|rule|Evasion Abilities Clause: Evasion abilities are banned
|rule|Sleep Moves Clause: Sleep-inducing moves are banned
|clearpoke
|poke|p1|Samurott-Hisui, M|
|poke|p1|Great Tusk|
|poke|p1|Volcanion|
|poke|p1|Hydrapple, F|
|poke|p1|Gholdengo|
|poke|p1|Landorus-Therian, M|
|poke|p2|Skeledirge, M|
|poke|p2|Ogerpon-Wellspring, F|
|poke|p2|Dragapult, M|
|poke|p2|Weezing-Galar, M|
|poke|p2|Ting-Lu|
|poke|p2|Corviknight, F|
|teampreview
|inactive|Battle timer is ON: inactive players will automatically lose when time's up. (requested by miffyc)
|
|t:|1760760914
|teamsize|p1|6
|teamsize|p2|6
|start
|switch|p1a: Samurott|Samurott-Hisui, M|100/100
|switch|p2a: Ogerpon|Ogerpon-Wellspring, F|100/100
|turn|1
|
|t:|1760760922
|move|p2a: Ogerpon|Knock Off|p1a: Samurott
|-resisted|p1a: Samurott
|-damage|p1a: Samurott|83/100
|-enditem|p1a: Samurott|Assault Vest|[from] move: Knock Off|[of] p2a: Ogerpon
|move|p1a: Samurott|Ceaseless Edge|p2a: Ogerpon
|-damage|p2a: Ogerpon|54/100
|-sidestart|p2: qmszw|Spikes
|
|upkeep
|turn|2
|
|t:|1760760939
|switch|p2a: Weezing|Weezing-Galar, M|100/100
|-ability|p2a: Weezing|Neutralizing Gas
|move|p1a: Samurott|Ceaseless Edge|p2a: Weezing
|-resisted|p2a: Weezing
|-damage|p2a: Weezing|90/100
|-sidestart|p2: qmszw|Spikes
|
|upkeep
|turn|3
|
|t:|1760760950
|move|p1a: Samurott|Knock Off|p2a: Weezing
|-resisted|p2a: Weezing
|-damage|p2a: Weezing|74/100
|-enditem|p2a: Weezing|Heavy-Duty Boots|[from] move: Knock Off|[of] p1a: Samurott
|move|p2a: Weezing|Will-O-Wisp|p1a: Samurott
|-status|p1a: Samurott|brn
|
|-damage|p1a: Samurott|77/100 brn|[from] brn
|upkeep
|turn|4
|
|t:|1760760961
|switch|p1a: Volcanion|Volcanion|100/100
|move|p2a: Weezing|Defog|p1a: Volcanion
|-unboost|p1a: Volcanion|evasion|1
|-sideend|p2: qmszw|Spikes|[from] move: Defog|[of] p2a: Weezing
|
|upkeep
|turn|5
|inactive|qmszw has 120 seconds left.
|
|t:|1760761001
|-terastallize|p2a: Weezing|Grass
|move|p1a: Volcanion|Will-O-Wisp|p2a: Weezing
|-status|p2a: Weezing|brn
|move|p2a: Weezing|Sludge Bomb|p1a: Volcanion
|-damage|p1a: Volcanion|72/100
|-status|p1a: Volcanion|psn
|
|-damage|p1a: Volcanion|59/100 psn|[from] psn
|-damage|p2a: Weezing|68/100 brn|[from] brn
|upkeep
|turn|6
|
|t:|1760761014
|-end|p2a: Weezing|ability: Neutralizing Gas
|switch|p2a: Ting-Lu|Ting-Lu, shiny|100/100
|-ability|p2a: Ting-Lu|Vessel of Ruin
|move|p1a: Volcanion|Sludge Bomb|p2a: Ting-Lu
|-resisted|p2a: Ting-Lu
|-crit|p2a: Ting-Lu
|-damage|p2a: Ting-Lu|91/100
|
|-heal|p2a: Ting-Lu|98/100|[from] item: Leftovers
|-damage|p1a: Volcanion|47/100 psn|[from] psn
|upkeep
|turn|7
|
|t:|1760761029
|switch|p1a: Hydrapple|Hydrapple, F|100/100
|move|p2a: Ting-Lu|Earthquake|p1a: Hydrapple
|-resisted|p1a: Hydrapple
|-damage|p1a: Hydrapple|90/100
|
|-heal|p2a: Ting-Lu|100/100|[from] item: Leftovers
|upkeep
|turn|8
|
|t:|1760761039
|switch|p2a: Skeledirge|Skeledirge, M|100/100
|move|p1a: Hydrapple|Nasty Plot|p1a: Hydrapple
|-boost|p1a: Hydrapple|spa|2
|
|upkeep
|turn|9
|
|t:|1760761048
|move|p2a: Skeledirge|Torch Song|p1a: Hydrapple
|-damage|p1a: Hydrapple|63/100
|-boost|p2a: Skeledirge|spa|1
|move|p1a: Hydrapple|Earth Power|p2a: Skeledirge
|-supereffective|p2a: Skeledirge
|-damage|p2a: Skeledirge|64/100
|
|upkeep
|turn|10
|
|t:|1760761058
|move|p2a: Skeledirge|Torch Song|p1a: Hydrapple
|-damage|p1a: Hydrapple|16/100
|-boost|p2a: Skeledirge|spa|1
|move|p1a: Hydrapple|Earth Power|p2a: Skeledirge
|-supereffective|p2a: Skeledirge
|-damage|p2a: Skeledirge|31/100
|
|upkeep
|turn|11
|
|t:|1760761067
|switch|p1a: Samurott|Samurott-Hisui, M|77/100 brn
|move|p2a: Skeledirge|Slack Off|p2a: Skeledirge
|-heal|p2a: Skeledirge|81/100
|
|-damage|p1a: Samurott|71/100 brn|[from] brn
|upkeep
|turn|12
|inactive|qmszw has 120 seconds left.
|
|t:|1760761079
|move|p1a: Samurott|Ceaseless Edge|p2a: Skeledirge
|-supereffective|p2a: Skeledirge
|-damage|p2a: Skeledirge|50/100
|-sidestart|p2: qmszw|Spikes
|move|p2a: Skeledirge|Slack Off|p2a: Skeledirge
|-heal|p2a: Skeledirge|99/100
|
|-damage|p1a: Samurott|65/100 brn|[from] brn
|upkeep
|turn|13
|inactive|qmszw has 120 seconds left.
|
|t:|1760761089
|move|p1a: Samurott|Knock Off|p2a: Skeledirge
|-supereffective|p2a: Skeledirge
|-damage|p2a: Skeledirge|67/100
|-enditem|p2a: Skeledirge|Heavy-Duty Boots|[from] move: Knock Off|[of] p1a: Samurott
|move|p2a: Skeledirge|Torch Song|p1a: Samurott
|-resisted|p1a: Samurott
|-damage|p1a: Samurott|35/100 brn
|-boost|p2a: Skeledirge|spa|1
|
|-damage|p1a: Samurott|29/100 brn|[from] brn
|upkeep
|turn|14
|inactive|qmszw has 120 seconds left.
|
|t:|1760761101
|move|p1a: Samurott|Ceaseless Edge|p2a: Skeledirge
|-supereffective|p2a: Skeledirge
|-damage|p2a: Skeledirge|32/100
|-sidestart|p2: qmszw|Spikes
|move|p2a: Skeledirge|Slack Off|p2a: Skeledirge
|-heal|p2a: Skeledirge|82/100
|
|-damage|p1a: Samurott|23/100 brn|[from] brn
|upkeep
|turn|15
|inactive|qmszw has 120 seconds left.
|
|t:|1760761113
|move|p1a: Samurott|Ceaseless Edge|p2a: Skeledirge
|-supereffective|p2a: Skeledirge
|-damage|p2a: Skeledirge|48/100
|-sidestart|p2: qmszw|Spikes
|move|p2a: Skeledirge|Slack Off|p2a: Skeledirge
|-heal|p2a: Skeledirge|98/100
|
|-damage|p1a: Samurott|17/100 brn|[from] brn
|upkeep
|turn|16
|inactive|qmszw has 120 seconds left.
|
|t:|1760761125
|move|p1a: Samurott|Ceaseless Edge|p2a: Skeledirge
|-supereffective|p2a: Skeledirge
|-damage|p2a: Skeledirge|67/100
|move|p2a: Skeledirge|Torch Song|p1a: Samurott
|-resisted|p1a: Samurott
|-damage|p1a: Samurott|0 fnt
|-boost|p2a: Skeledirge|spa|1
|faint|p1a: Samurott
|
|upkeep
|
|t:|1760761141
|switch|p1a: Volcanion|Volcanion|47/100 psn
|turn|17
|
|t:|1760761146
|move|p1a: Volcanion|Sludge Bomb|p2a: Skeledirge
|-resisted|p2a: Skeledirge
|-damage|p2a: Skeledirge|56/100
|move|p2a: Skeledirge|Earth Power|p1a: Volcanion
|-supereffective|p1a: Volcanion
|-damage|p1a: Volcanion|0 fnt
|faint|p1a: Volcanion
|
|upkeep
|
|t:|1760761152
|switch|p1a: Landorus|Landorus-Therian, M|100/100
|-ability|p1a: Landorus|Intimidate|boost
|-unboost|p2a: Skeledirge|atk|1
|turn|18
|
|t:|1760761163
|move|p1a: Landorus|Earthquake|p2a: Skeledirge
|-supereffective|p2a: Skeledirge
|-damage|p2a: Skeledirge|0 fnt
|faint|p2a: Skeledirge
|
|upkeep
|
|t:|1760761173
|switch|p2a: Ogerpon|Ogerpon-Wellspring, F|54/100
|-damage|p2a: Ogerpon|29/100|[from] Spikes
|turn|19
|
|t:|1760761178
|move|p1a: Landorus|Earthquake|p2a: Ogerpon
|-resisted|p2a: Ogerpon
|-damage|p2a: Ogerpon|0 fnt
|faint|p2a: Ogerpon
|
|upkeep
|
|t:|1760761193
|switch|p2a: Dragapult|Dragapult, M|100/100
|-damage|p2a: Dragapult|76/100|[from] Spikes
|turn|20
|
|t:|1760761198
|move|p1a: Landorus|Earthquake|p2a: Dragapult
|-damage|p2a: Dragapult|0 fnt
|faint|p2a: Dragapult
|
|upkeep
|-message|qmszw forfeited.
|
|win|miffyc
|raw|miffyc's rating: 1321 &rarr; <strong>1343</strong><br />(+22 for winning)
|raw|qmszw's rating: 1360 &rarr; <strong>1338</strong><br />(-22 for losing)
|l|☆qmszw
|player|p2|
|l|☆miffyc
|player|p1|
