|j|☆poopsniffsniffpoop
|j|☆krabby.pabby
|t:|1760756965
|gametype|singles
|player|p1|poopsniffsniffpoop|lyra|1104
|player|p2|krabby.pabby|elesa|1132
|gen|9
|tier|[Gen 9] OU
|rated|
|rule|HP Percentage Mod: HP is shown in percentages
|rule|Endless Battle Clause: Forcing endless battles is banned
|rule|Species Clause: Limit one of each Pokémon
|rule|OHKO Clause: OHKO moves are banned
|rule|Evasion Items Clause: Evasion items are banned
|rule|Evasion Moves Clause: Evasion moves are banned
|rule|Evasion Abilities Clause: Evasion abilities are banned
|rule|Sleep Moves Clause: Sleep-inducing moves are banned
|clearpoke
|poke|p1|Meowscarada, F|
|poke|p1|Gengar, M|
|poke|p1|Rotom-Heat|
|poke|p1|Great Tusk|
|poke|p1|Walking Wake|
|poke|p1|Iron Valiant|
|poke|p2|Ninetales, F|
|poke|p2|Scream Tail|
|poke|p2|Lilligant-Hisui, F|
|poke|p2|Charizard, F|
|poke|p2|Ogerpon-Wellspring, F|
|poke|p2|Raging Bolt|
|teampreview
|inactive|Battle timer is ON: inactive players will automatically lose when time's up. (requested by poopsniffsniffpoop)
|
|t:|1760756972
|teamsize|p1|6
|teamsize|p2|6
|start
|switch|p1a: Gengar|Gengar, M, shiny|100/100
|switch|p2a: Ninetales|Ninetales, F|100/100
|-weather|SunnyDay|[from] ability: Drought|[of] p2a: Ninetales
|turn|1
|
|t:|1760756979
|move|p1a: Gengar|Mean Look|p2a: Ninetales
|-activate|p2a: Ninetales|trapped
|move|p2a: Ninetales|Will-O-Wisp|p1a: Gengar|[miss]
|-miss|p2a: Ninetales|p1a: Gengar
|
|-weather|SunnyDay|[upkeep]
|upkeep
|turn|2
|
|t:|1760756985
|move|p1a: Gengar|Encore|p2a: Ninetales
|-start|p2a: Ninetales|Encore
|move|p2a: Ninetales|Will-O-Wisp|p1a: Gengar
|-status|p1a: Gengar|brn
|
|-weather|SunnyDay|[upkeep]
|-damage|p1a: Gengar|94/100 brn|[from] brn
|upkeep
|turn|3
|
|t:|1760756994
|move|p1a: Gengar|Nasty Plot|p1a: Gengar
|-boost|p1a: Gengar|spa|2
|move|p2a: Ninetales|Will-O-Wisp|p1a: Gengar
|-fail|p1a: Gengar|brn
|
|-weather|SunnyDay|[upkeep]
|-damage|p1a: Gengar|88/100 brn|[from] brn
|upkeep
|turn|4
|
|t:|1760757003
|move|p1a: Gengar|Nasty Plot|p1a: Gengar
|-boost|p1a: Gengar|spa|2
|move|p2a: Ninetales|Will-O-Wisp|p1a: Gengar|[miss]
|-miss|p2a: Ninetales|p1a: Gengar
|
|-weather|SunnyDay|[upkeep]
|-damage|p1a: Gengar|82/100 brn|[from] brn
|-end|p2a: Ninetales|Encore
|upkeep
|turn|5
|
|t:|1760757011
|move|p1a: Gengar|Encore|p2a: Ninetales
|-start|p2a: Ninetales|Encore
|move|p2a: Ninetales|Will-O-Wisp|p1a: Gengar
|-fail|p1a: Gengar|brn
|
|-weather|SunnyDay|[upkeep]
|-damage|p1a: Gengar|76/100 brn|[from] brn
|upkeep
|turn|6
|
|t:|1760757023
|move|p1a: Gengar|Nasty Plot|p1a: Gengar
|-boost|p1a: Gengar|spa|2
|move|p2a: Ninetales|Will-O-Wisp|p1a: Gengar
|-fail|p1a: Gengar|brn
|
|-weather|SunnyDay|[upkeep]
|-damage|p1a: Gengar|70/100 brn|[from] brn
|upkeep
|turn|7
|
|t:|1760757032
|move|p1a: Gengar|Nasty Plot|p1a: Gengar
|-boost|p1a: Gengar|spa|0
|move|p2a: Ninetales|Will-O-Wisp|p1a: Gengar|[miss]
|-miss|p2a: Ninetales|p1a: Gengar
|
|-weather|SunnyDay|[upkeep]
|-damage|p1a: Gengar|64/100 brn|[from] brn
|-end|p2a: Ninetales|Encore
|upkeep
|turn|8
|
|t:|1760757040
|move|p1a: Gengar|Encore|p2a: Ninetales
|-start|p2a: Ninetales|Encore
|move|p2a: Ninetales|Will-O-Wisp|p1a: Gengar|[miss]
|-miss|p2a: Ninetales|p1a: Gengar
|
|-weather|none
|-damage|p1a: Gengar|58/100 brn|[from] brn
|upkeep
|turn|9
|
|t:|1760757049
|move|p1a: Gengar|Tera Blast|p2a: Ninetales
|-damage|p2a: Ninetales|0 fnt
|faint|p2a: Ninetales
|
|-damage|p1a: Gengar|51/100 brn|[from] brn
|upkeep
|
|t:|1760757074
|switch|p2a: Scream Tail|Scream Tail|100/100
|turn|10
|
|t:|1760757080
|move|p2a: Scream Tail|Disable|p1a: Gengar
|-start|p1a: Gengar|Disable|Tera Blast
|cant|p1a: Gengar|Disable|Tera Blast
|
|-damage|p1a: Gengar|45/100 brn|[from] brn
|upkeep
|turn|11
|
|t:|1760757090
|switch|p1a: Rotom|Rotom-Heat|100/100
|move|p2a: Scream Tail|Sunny Day|p2a: Scream Tail
|-weather|SunnyDay
|-activate|p2a: Scream Tail|ability: Protosynthesis
|-start|p2a: Scream Tail|protosynthesisspe
|
|-weather|SunnyDay|[upkeep]
|upkeep
|turn|12
|
|t:|1760757109
|-end|p2a: Scream Tail|Protosynthesis|[silent]
|switch|p2a: Raging Bolt|Raging Bolt|100/100
|-activate|p2a: Raging Bolt|ability: Protosynthesis
|-start|p2a: Raging Bolt|protosynthesisspa
|move|p1a: Rotom|Trick|p2a: Raging Bolt
|-activate|p1a: Rotom|move: Trick|[of] p2a: Raging Bolt
|-item|p2a: Raging Bolt|Choice Scarf|[from] move: Trick
|-item|p1a: Rotom|Assault Vest|[from] move: Trick
|
|-weather|SunnyDay|[upkeep]
|upkeep
|turn|13
|
|t:|1760757120
|switch|p1a: Iron Valiant|Iron Valiant|100/100
|move|p2a: Raging Bolt|Draco Meteor|p1a: Iron Valiant
|-immune|p1a: Iron Valiant
|
|-weather|SunnyDay|[upkeep]
|upkeep
|turn|14
|inactive|krabby.pabby has 120 seconds left.
|
|t:|1760757146
|-end|p2a: Raging Bolt|Protosynthesis|[silent]
|switch|p2a: Charizard|Charizard, F|100/100
|-terastallize|p1a: Iron Valiant|Poison
|move|p1a: Iron Valiant|Poison Jab|p2a: Charizard
|-damage|p2a: Charizard|26/100
|-damage|p1a: Iron Valiant|91/100|[from] item: Life Orb
|
|-weather|SunnyDay|[upkeep]
|-damage|p2a: Charizard|13/100|[from] ability: Solar Power|[of] p2a: Charizard
|upkeep
|turn|15
|inactive|krabby.pabby has 120 seconds left.
|
|t:|1760757161
|move|p1a: Iron Valiant|Moonblast|p2a: Charizard
|-resisted|p2a: Charizard
|-damage|p2a: Charizard|0 fnt
|faint|p2a: Charizard
|-damage|p1a: Iron Valiant|81/100|[from] item: Life Orb
|
|-weather|none
|upkeep
|
|t:|1760757170
|switch|p2a: Scream Tail|Scream Tail|100/100
|turn|16
|
|t:|1760757175
|-end|p1a: Iron Valiant|Quark Drive|[silent]
|switch|p1a: Meowscarada|Meowscarada, F|100/100
|move|p2a: Scream Tail|Sunny Day|p2a: Scream Tail
|-weather|SunnyDay
|-activate|p2a: Scream Tail|ability: Protosynthesis
|-start|p2a: Scream Tail|protosynthesisspe
|
|-weather|SunnyDay|[upkeep]
|upkeep
|turn|17
|
|t:|1760757186
|-end|p2a: Scream Tail|Protosynthesis|[silent]
|switch|p2a: Lilligant|Lilligant-Hisui, F|100/100
|move|p1a: Meowscarada|Trick|p2a: Lilligant
|-start|p1a: Meowscarada|typechange|Psychic|[from] ability: Protean
|-activate|p1a: Meowscarada|move: Trick|[of] p2a: Lilligant
|-item|p2a: Lilligant|Choice Scarf|[from] move: Trick
|-item|p1a: Meowscarada|Expert Belt|[from] move: Trick
|
|-weather|SunnyDay|[upkeep]
|upkeep
|turn|18
|inactive|krabby.pabby has 120 seconds left.
|
|t:|1760757202
|move|p2a: Lilligant|Solar Blade||[still]
|-prepare|p2a: Lilligant|Solar Blade
|-anim|p2a: Lilligant|Solar Blade|p1a: Meowscarada
|-damage|p1a: Meowscarada|8/100
|move|p1a: Meowscarada|U-turn|p2a: Lilligant
|-damage|p2a: Lilligant|66/100
|
|t:|1760757212
|switch|p1a: Iron Valiant|Iron Valiant, tera:Poison|81/100|[from] U-turn
|
|-weather|SunnyDay|[upkeep]
|upkeep
|turn|19
|
|t:|1760757220
|move|p2a: Lilligant|Solar Blade||[still]
|-prepare|p2a: Lilligant|Solar Blade
|-anim|p2a: Lilligant|Solar Blade|p1a: Iron Valiant
|-resisted|p1a: Iron Valiant
|-damage|p1a: Iron Valiant|43/100
|move|p1a: Iron Valiant|Poison Jab|p2a: Lilligant
|-supereffective|p2a: Lilligant
|-damage|p2a: Lilligant|0 fnt
|faint|p2a: Lilligant
|-damage|p1a: Iron Valiant|33/100|[from] item: Life Orb
|
|-weather|SunnyDay|[upkeep]
|upkeep
|inactive|krabby.pabby has 120 seconds left.
|
|t:|1760757236
|switch|p2a: Raging Bolt|Raging Bolt|100/100
|-activate|p2a: Raging Bolt|ability: Protosynthesis
|-start|p2a: Raging Bolt|protosynthesisspa
|turn|20
|
|t:|1760757246
|-end|p1a: Iron Valiant|Quark Drive|[silent]
|switch|p1a: Great Tusk|Great Tusk|100/100
|-activate|p1a: Great Tusk|ability: Protosynthesis
|-start|p1a: Great Tusk|protosynthesisatk
|-terastallize|p2a: Raging Bolt|Electric
|move|p2a: Raging Bolt|Thunderclap||[still]
|-fail|p2a: Raging Bolt
|
|-weather|none
|-end|p2a: Raging Bolt|Protosynthesis
|-end|p1a: Great Tusk|Protosynthesis
|upkeep
|turn|21
|
|t:|1760757256
|-end|p2a: Raging Bolt|Protosynthesis|[silent]
|switch|p2a: Ogerpon|Ogerpon-Wellspring, F|100/100
|move|p1a: Great Tusk|Rapid Spin|p2a: Ogerpon
|-damage|p2a: Ogerpon|83/100
|-boost|p1a: Great Tusk|spe|1
|
|upkeep
|turn|22
|
|t:|1760757269
|move|p2a: Ogerpon|Spiky Shield|p2a: Ogerpon
|-singleturn|p2a: Ogerpon|move: Protect
|move|p1a: Great Tusk|Close Combat|p2a: Ogerpon
|-activate|p2a: Ogerpon|move: Protect
|-damage|p1a: Great Tusk|88/100|[from] Spiky Shield|[of] p2a: Ogerpon
|
|upkeep
|turn|23
|
|t:|1760757280
|move|p1a: Great Tusk|Headlong Rush|p2a: Ogerpon
|-resisted|p2a: Ogerpon
|-damage|p2a: Ogerpon|50/100
|-unboost|p1a: Great Tusk|def|1
|-unboost|p1a: Great Tusk|spd|1
|move|p2a: Ogerpon|Ivy Cudgel|p1a: Great Tusk|[anim] Ivy Cudgel Water
|-supereffective|p1a: Great Tusk
|-damage|p1a: Great Tusk|0 fnt
|faint|p1a: Great Tusk
|-end|p1a: Great Tusk|Protosynthesis|[silent]
|
|upkeep
|
|t:|1760757291
|switch|p1a: Meowscarada|Meowscarada, F|8/100
|turn|24
|
|t:|1760757303
|switch|p1a: Gengar|Gengar, M, shiny|45/100 brn
|move|p2a: Ogerpon|Spiky Shield||[still]
|-fail|p2a: Ogerpon
|
|-damage|p1a: Gengar|39/100 brn|[from] brn
|upkeep
|turn|25
|
|t:|1760757319
|move|p1a: Gengar|Mean Look|p2a: Ogerpon
|-activate|p2a: Ogerpon|trapped
|move|p2a: Ogerpon|Ivy Cudgel|p1a: Gengar|[anim] Ivy Cudgel Water
|-damage|p1a: Gengar|0 fnt
|faint|p1a: Gengar
|
|upkeep
|
|t:|1760757325
|switch|p1a: Walking Wake|Walking Wake|100/100
|turn|26
|
|t:|1760757330
|move|p2a: Ogerpon|Spiky Shield|p2a: Ogerpon
|-singleturn|p2a: Ogerpon|move: Protect
|move|p1a: Walking Wake|Agility|p1a: Walking Wake
|-boost|p1a: Walking Wake|spe|2
|
|upkeep
|turn|27
|
|t:|1760757337
|move|p1a: Walking Wake|Flamethrower|p2a: Ogerpon
|-damage|p2a: Ogerpon|17/100
|move|p2a: Ogerpon|Growth|p2a: Ogerpon
|-boost|p2a: Ogerpon|atk|1
|-boost|p2a: Ogerpon|spa|1
|
|upkeep
|turn|28
|
|t:|1760757344
|move|p2a: Ogerpon|Spiky Shield|p2a: Ogerpon
|-singleturn|p2a: Ogerpon|move: Protect
|move|p1a: Walking Wake|Flamethrower|p2a: Ogerpon
|-activate|p2a: Ogerpon|move: Protect
|
|upkeep
|turn|29
|
|t:|1760757350
|move|p1a: Walking Wake|Flamethrower|p2a: Ogerpon
|-damage|p2a: Ogerpon|0 fnt
|faint|p2a: Ogerpon
|
|upkeep
|
|t:|1760757359
|switch|p2a: Raging Bolt|Raging Bolt, tera:Electric|100/100
|turn|30
|
|t:|1760757367
|-end|p2a: Raging Bolt|Protosynthesis|[silent]
|switch|p2a: Scream Tail|Scream Tail|100/100
|move|p1a: Walking Wake|Draco Meteor|p2a: Scream Tail
|-immune|p2a: Scream Tail
|
|upkeep
|turn|31
|
|t:|1760757383
|move|p1a: Walking Wake|Hydro Steam|p2a: Scream Tail
|-damage|p2a: Scream Tail|67/100
|move|p2a: Scream Tail|Encore|p1a: Walking Wake
|-start|p1a: Walking Wake|Encore
|
|-heal|p2a: Scream Tail|73/100|[from] item: Leftovers
|upkeep
|turn|32
|
|t:|1760757390
|move|p1a: Walking Wake|Hydro Steam|p2a: Scream Tail
|-damage|p2a: Scream Tail|41/100
|move|p2a: Scream Tail|Disable|p1a: Walking Wake
|-start|p1a: Walking Wake|Disable|Hydro Steam
|
|-heal|p2a: Scream Tail|47/100|[from] item: Leftovers
|upkeep
|turn|33
|
|t:|1760757399
|-end|p1a: Walking Wake|Protosynthesis|[silent]
|switch|p1a: Rotom|Rotom-Heat|100/100
|-end|p2a: Scream Tail|Protosynthesis|[silent]
|switch|p2a: Raging Bolt|Raging Bolt, tera:Electric|100/100
|
|upkeep
|turn|34
|
|t:|1760757408
|move|p1a: Rotom|Overheat|p2a: Raging Bolt
|-damage|p2a: Raging Bolt|48/100
|-unboost|p1a: Rotom|spa|2
|move|p2a: Raging Bolt|Draco Meteor|p1a: Rotom
|-damage|p1a: Rotom|35/100
|-unboost|p2a: Raging Bolt|spa|2
|
|upkeep
|turn|35
|
|t:|1760757418
|move|p1a: Rotom|Volt Switch|p2a: Raging Bolt
|-resisted|p2a: Raging Bolt
|-damage|p2a: Raging Bolt|42/100
|
|t:|1760757422
|switch|p1a: Meowscarada|Meowscarada, F|8/100|[from] Volt Switch
|move|p2a: Raging Bolt|Draco Meteor|p1a: Meowscarada
|-damage|p1a: Meowscarada|0 fnt
|-unboost|p2a: Raging Bolt|spa|2
|faint|p1a: Meowscarada
|
|upkeep
|
|t:|1760757430
|switch|p1a: Walking Wake|Walking Wake|100/100
|turn|36
|
|t:|1760757433
|-end|p2a: Raging Bolt|Protosynthesis|[silent]
|switch|p2a: Scream Tail|Scream Tail|47/100
|move|p1a: Walking Wake|Agility|p1a: Walking Wake
|-boost|p1a: Walking Wake|spe|2
|
|-heal|p2a: Scream Tail|54/100|[from] item: Leftovers
|upkeep
|turn|37
|
|t:|1760757447
|-end|p1a: Walking Wake|Protosynthesis|[silent]
|switch|p1a: Iron Valiant|Iron Valiant, tera:Poison|33/100
|move|p2a: Scream Tail|Disable||[still]
|-fail|p2a: Scream Tail
|
|-heal|p2a: Scream Tail|60/100|[from] item: Leftovers
|upkeep
|turn|38
|
|t:|1760757463
|move|p1a: Iron Valiant|Poison Jab|p2a: Scream Tail
|-supereffective|p2a: Scream Tail
|-damage|p2a: Scream Tail|0 fnt
|faint|p2a: Scream Tail
|-end|p2a: Scream Tail|Protosynthesis|[silent]
|-damage|p1a: Iron Valiant|24/100|[from] item: Life Orb
|
|upkeep
|
|t:|1760757469
|switch|p2a: Raging Bolt|Raging Bolt, tera:Electric|42/100
|turn|39
|
|t:|1760757473
|-end|p1a: Iron Valiant|Quark Drive|[silent]
|switch|p1a: Rotom|Rotom-Heat|35/100
|move|p2a: Raging Bolt|Thunderclap||[still]
|-fail|p2a: Raging Bolt
|
|upkeep
|turn|40
|
|t:|1760757482
|switch|p1a: Walking Wake|Walking Wake|100/100
|move|p2a: Raging Bolt|Thunderclap||[still]
|-fail|p2a: Raging Bolt
|
|upkeep
|turn|41
|
|t:|1760757488
|-end|p1a: Walking Wake|Protosynthesis|[silent]
|switch|p1a: Iron Valiant|Iron Valiant, tera:Poison|24/100
|move|p2a: Raging Bolt|Thunderclap||[still]
|-fail|p2a: Raging Bolt
|
|upkeep
|turn|42
|
|t:|1760757493
|-end|p1a: Iron Valiant|Quark Drive|[silent]
|switch|p1a: Rotom|Rotom-Heat|35/100
|move|p2a: Raging Bolt|Thunderclap||[still]
|-fail|p2a: Raging Bolt
|
|upkeep
|turn|43
|
|t:|1760757500
|switch|p1a: Walking Wake|Walking Wake|100/100
|move|p2a: Raging Bolt|Thunderclap||[still]
|-fail|p2a: Raging Bolt
|
|upkeep
|turn|44
|
|t:|1760757507
|-end|p1a: Walking Wake|Protosynthesis|[silent]
|switch|p1a: Rotom|Rotom-Heat|35/100
|move|p2a: Raging Bolt|Thunderclap||[still]
|-fail|p2a: Raging Bolt
|
|upkeep
|turn|45
|
|t:|1760757512
|switch|p1a: Walking Wake|Walking Wake|100/100
|move|p2a: Raging Bolt|Thunderclap||[still]
|-fail|p2a: Raging Bolt
|
|upkeep
|turn|46
|
|t:|1760757519
|move|p1a: Walking Wake|Hydro Steam|p2a: Raging Bolt
|-damage|p2a: Raging Bolt|6/100
|-activate|p2a: Raging Bolt|move: Struggle
|move|p2a: Raging Bolt|Struggle|p1a: Walking Wake
|-damage|p1a: Walking Wake|92/100
|-damage|p2a: Raging Bolt|0 fnt|[from] recoil
|faint|p2a: Raging Bolt
|-end|p2a: Raging Bolt|Protosynthesis|[silent]
|
|win|poopsniffsniffpoop
|raw|poopsniffsniffpoop's rating: 1104 &rarr; <strong>1131</strong><br />(+27 for winning)
|raw|krabby.pabby's rating: 1132 &rarr; <strong>1105</strong><br />(-27 for losing)
