|j|☆apjkds
|j|☆qaqkiller
|t:|1760754208
|gametype|singles
|player|p1|apjkds|101|1559
|player|p2|qaqkiller|maid|1532
|gen|9
|tier|[Gen 9] OU
|rated|
|rule|HP Percentage Mod: HP is shown in percentages
|rule|Endless Battle Clause: Forcing endless battles is banned
|rule|Species Clause: Limit one of each Pokémon
|rule|OHKO Clause: OHKO moves are banned
|rule|Evasion Items Clause: Evasion items are banned
|rule|Evasion Moves Clause: Evasion moves are banned
|rule|Evasion Abilities Clause: Evasion abilities are banned
|rule|Sleep Moves Clause: Sleep-inducing moves are banned
|clearpoke
|poke|p1|Ribombee, F|
|poke|p1|Samurott-Hisui, F|
|poke|p1|Iron Valiant|
|poke|p1|Zamazenta-*|
|poke|p1|Gholdengo|
|poke|p1|Iron Moth|
|poke|p2|Zamazenta-*|
|poke|p2|Iron Valiant|
|poke|p2|Sinistcha-Masterpiece|
|poke|p2|Gholdengo|
|poke|p2|Samurott-Hisui, M|
|poke|p2|Landorus-Therian, M|
|teampreview
|inactive|Battle timer is ON: inactive players will automatically lose when time's up. (requested by qaqkiller)
|
|t:|1760754225
|teamsize|p1|6
|teamsize|p2|6
|start
|switch|p1a: Ribombee|Ribombee, F|100/100
|switch|p2a: Samurott|Samurott-Hisui, M, shiny|100/100
|turn|1
|
|t:|1760754243
|-terastallize|p2a: Samurott|Poison
|move|p1a: Ribombee|Sticky Web|p2a: Samurott
|-sidestart|p2: qaqkiller|move: Sticky Web
|move|p2a: Samurott|Ceaseless Edge|p1a: Ribombee
|-resisted|p1a: Ribombee
|-damage|p1a: Ribombee|61/100
|-sidestart|p1: apjkds|Spikes
|
|upkeep
|turn|2
|inactive|qaqkiller has 120 seconds left.
|
|t:|1760754284
|move|p1a: Ribombee|Psychic Noise|p2a: Samurott
|-supereffective|p2a: Samurott
|-damage|p2a: Samurott|73/100
|-start|p2a: Samurott|move: Heal Block
|move|p2a: Samurott|Ceaseless Edge|p1a: Ribombee
|-resisted|p1a: Ribombee
|-damage|p1a: Ribombee|19/100
|-sidestart|p1: apjkds|Spikes
|
|upkeep
|turn|3
|
|t:|1760754294
|move|p2a: Samurott|Sucker Punch|p1a: Ribombee
|-resisted|p1a: Ribombee
|-damage|p1a: Ribombee|0 fnt
|faint|p1a: Ribombee
|
|-end|p2a: Samurott|move: Heal Block
|upkeep
|
|t:|1760754300
|switch|p1a: Musashi's Scallop|Samurott-Hisui, F|100/100
|-damage|p1a: Musashi's Scallop|84/100|[from] Spikes
|turn|4
|
|t:|1760754306
|switch|p2a: Landorus|Landorus-Therian, M, shiny|100/100
|-ability|p2a: Landorus|Intimidate|boost
|-unboost|p1a: Musashi's Scallop|atk|1
|move|p1a: Musashi's Scallop|Ceaseless Edge|p2a: Landorus
|-damage|p2a: Landorus|64/100
|-damage|p1a: Musashi's Scallop|68/100|[from] item: Rocky Helmet|[of] p2a: Landorus
|-sidestart|p2: qaqkiller|Spikes
|
|upkeep
|turn|5
|
|t:|1760754314
|move|p2a: Landorus|Stealth Rock|p1a: Musashi's Scallop
|-sidestart|p1: apjkds|move: Stealth Rock
|move|p1a: Musashi's Scallop|Razor Shell|p2a: Landorus
|-supereffective|p2a: Landorus
|-damage|p2a: Landorus|0 fnt
|-damage|p1a: Musashi's Scallop|51/100|[from] item: Rocky Helmet|[of] p2a: Landorus
|faint|p2a: Landorus
|
|upkeep
|inactive|qaqkiller has 120 seconds left.
|
|t:|1760754343
|switch|p2a: Zamazenta|Zamazenta, shiny|100/100
|-ability|p2a: Zamazenta|Dauntless Shield|boost
|-boost|p2a: Zamazenta|def|1
|turn|6
|
|t:|1760754366
|switch|p1a: Goldilocks|Gholdengo|100/100
|-damage|p1a: Goldilocks|94/100|[from] Stealth Rock
|-item|p1a: Goldilocks|Air Balloon
|move|p2a: Zamazenta|Close Combat|p1a: Goldilocks
|-immune|p1a: Goldilocks
|
|upkeep
|turn|7
|
|t:|1760754374
|move|p2a: Zamazenta|Crunch|p1a: Goldilocks
|-supereffective|p1a: Goldilocks
|-damage|p1a: Goldilocks|40/100
|-enditem|p1a: Goldilocks|Air Balloon
|move|p1a: Goldilocks|Dazzling Gleam|p2a: Zamazenta
|-supereffective|p2a: Zamazenta
|-damage|p2a: Zamazenta|52/100
|
|upkeep
|turn|8
|inactive|qaqkiller has 120 seconds left.
|
|t:|1760754382
|move|p2a: Zamazenta|Crunch|p1a: Goldilocks
|-supereffective|p1a: Goldilocks
|-damage|p1a: Goldilocks|0 fnt
|faint|p1a: Goldilocks
|
|upkeep
|
|t:|1760754386
|switch|p1a: Iron Valiant|Iron Valiant|100/100
|-damage|p1a: Iron Valiant|84/100|[from] Spikes
|-damage|p1a: Iron Valiant|78/100|[from] Stealth Rock
|-enditem|p1a: Iron Valiant|Booster Energy
|-activate|p1a: Iron Valiant|ability: Quark Drive|[fromitem]
|-start|p1a: Iron Valiant|quarkdriveatk
|turn|9
|inactive|qaqkiller has 120 seconds left.
|
|t:|1760754419
|move|p2a: Zamazenta|Heavy Slam|p1a: Iron Valiant
|-supereffective|p1a: Iron Valiant
|-damage|p1a: Iron Valiant|0 fnt
|faint|p1a: Iron Valiant
|-end|p1a: Iron Valiant|Quark Drive|[silent]
|
|upkeep
|
|t:|1760754436
|switch|p1a: Zamazenta|Zamazenta|100/100
|-damage|p1a: Zamazenta|84/100|[from] Spikes
|-damage|p1a: Zamazenta|78/100|[from] Stealth Rock
|-ability|p1a: Zamazenta|Dauntless Shield|boost
|-boost|p1a: Zamazenta|def|1
|turn|10
|
|t:|1760754443
|move|p2a: Zamazenta|Close Combat|p1a: Zamazenta
|-damage|p1a: Zamazenta|49/100
|-unboost|p2a: Zamazenta|def|1
|-unboost|p2a: Zamazenta|spd|1
|move|p1a: Zamazenta|Crunch|p2a: Zamazenta
|-resisted|p2a: Zamazenta
|-damage|p2a: Zamazenta|41/100
|
|-heal|p1a: Zamazenta|55/100|[from] item: Leftovers
|upkeep
|turn|11
|
|t:|1760754452
|move|p2a: Zamazenta|Close Combat|p1a: Zamazenta
|-damage|p1a: Zamazenta|24/100
|-unboost|p2a: Zamazenta|def|1
|-unboost|p2a: Zamazenta|spd|1
|move|p1a: Zamazenta|Body Press|p2a: Zamazenta
|-damage|p2a: Zamazenta|0 fnt
|faint|p2a: Zamazenta
|
|-heal|p1a: Zamazenta|30/100|[from] item: Leftovers
|upkeep
|
|t:|1760754461
|switch|p2a: Iron Valiant|Iron Valiant, shiny|100/100
|-activate|p2a: Iron Valiant|move: Sticky Web
|-unboost|p2a: Iron Valiant|spe|1
|-damage|p2a: Iron Valiant|88/100|[from] Spikes
|-enditem|p2a: Iron Valiant|Booster Energy
|-activate|p2a: Iron Valiant|ability: Quark Drive|[fromitem]
|-start|p2a: Iron Valiant|quarkdrivespa
|turn|12
|
|t:|1760754469
|move|p1a: Zamazenta|Body Press|p2a: Iron Valiant
|-resisted|p2a: Iron Valiant
|-damage|p2a: Iron Valiant|50/100
|move|p2a: Iron Valiant|Moonblast|p1a: Zamazenta
|-supereffective|p1a: Zamazenta
|-damage|p1a: Zamazenta|0 fnt
|faint|p1a: Zamazenta
|
|upkeep
|
|t:|1760754479
|switch|p1a: Musashi's Scallop|Samurott-Hisui, F|51/100
|-damage|p1a: Musashi's Scallop|35/100|[from] Spikes
|-damage|p1a: Musashi's Scallop|22/100|[from] Stealth Rock
|turn|13
|
|t:|1760754484
|move|p1a: Musashi's Scallop|Razor Shell|p2a: Iron Valiant
|-damage|p2a: Iron Valiant|0 fnt
|faint|p2a: Iron Valiant
|-end|p2a: Iron Valiant|Quark Drive|[silent]
|
|upkeep
|
|t:|1760754508
|switch|p2a: Sinistcha|Sinistcha-Masterpiece, shiny|100/100
|turn|14
|
|t:|1760754511
|move|p1a: Musashi's Scallop|Ceaseless Edge|p2a: Sinistcha
|-supereffective|p2a: Sinistcha
|-damage|p2a: Sinistcha|18/100
|-sidestart|p2: qaqkiller|Spikes
|move|p2a: Sinistcha|Matcha Gotcha|p1a: Musashi's Scallop
|-supereffective|p1a: Musashi's Scallop
|-damage|p1a: Musashi's Scallop|0 fnt
|-heal|p2a: Sinistcha|28/100|[from] drain|[of] p1a: Musashi's Scallop
|faint|p1a: Musashi's Scallop
|
|upkeep
|
|t:|1760754520
|switch|p1a: Iron Moth|Iron Moth|100/100
|-damage|p1a: Iron Moth|84/100|[from] Spikes
|-damage|p1a: Iron Moth|59/100|[from] Stealth Rock
|-enditem|p1a: Iron Moth|Booster Energy
|-activate|p1a: Iron Moth|ability: Quark Drive|[fromitem]
|-start|p1a: Iron Moth|quarkdrivespa
|turn|15
|
|t:|1760754527
|move|p1a: Iron Moth|Fiery Dance|p2a: Sinistcha
|-supereffective|p2a: Sinistcha
|-damage|p2a: Sinistcha|0 fnt
|faint|p2a: Sinistcha
|
|upkeep
|
|t:|1760754532
|switch|p2a: Samurott|Samurott-Hisui, M, shiny, tera:Poison|73/100
|-activate|p2a: Samurott|move: Sticky Web
|-unboost|p2a: Samurott|spe|1
|-damage|p2a: Samurott|56/100|[from] Spikes
|turn|16
|
|t:|1760754538
|-terastallize|p1a: Iron Moth|Grass
|move|p1a: Iron Moth|Fiery Dance|p2a: Samurott
|-damage|p2a: Samurott|12/100
|move|p2a: Samurott|Razor Shell|p1a: Iron Moth
|-resisted|p1a: Iron Moth
|-damage|p1a: Iron Moth|16/100
|-unboost|p1a: Iron Moth|def|1
|
|upkeep
|turn|17
|
|t:|1760754546
|move|p2a: Samurott|Sucker Punch||[still]
|-fail|p2a: Samurott
|move|p1a: Iron Moth|Substitute|p1a: Iron Moth
|-fail|p1a: Iron Moth|move: Substitute|[weak]
|
|upkeep
|turn|18
|
|t:|1760754554
|move|p2a: Samurott|Sucker Punch||[still]
|-fail|p2a: Samurott
|move|p1a: Iron Moth|Substitute|p1a: Iron Moth
|-fail|p1a: Iron Moth|move: Substitute|[weak]
|
|upkeep
|turn|19
|
|t:|1760754560
|move|p2a: Samurott|Sucker Punch||[still]
|-fail|p2a: Samurott
|move|p1a: Iron Moth|Substitute|p1a: Iron Moth
|-fail|p1a: Iron Moth|move: Substitute|[weak]
|
|upkeep
|turn|20
|
|t:|1760754565
|move|p2a: Samurott|Sucker Punch||[still]
|-fail|p2a: Samurott
|move|p1a: Iron Moth|Substitute|p1a: Iron Moth
|-fail|p1a: Iron Moth|move: Substitute|[weak]
|
|upkeep
|turn|21
|
|t:|1760754572
|move|p1a: Iron Moth|Substitute|p1a: Iron Moth
|-fail|p1a: Iron Moth|move: Substitute|[weak]
|move|p2a: Samurott|Knock Off|p1a: Iron Moth
|-damage|p1a: Iron Moth|0 fnt
|faint|p1a: Iron Moth
|-end|p1a: Iron Moth|Quark Drive|[silent]
|
|win|qaqkiller
|raw|apjkds's rating: 1559 &rarr; <strong>1537</strong><br />(-22 for losing)
|raw|qaqkiller's rating: 1532 &rarr; <strong>1554</strong><br />(+22 for winning)
|l|☆apjkds
|player|p1|
|l|☆qaqkiller
|player|p2|
