|j|‽cacao1
|j|☆Grace of Cynthia
|t:|1760861839
|gametype|singles
|player|p1|cacao1|265|1426
|player|p2|Grace of Cynthia|colress-gen7|1498
|gen|9
|tier|[Gen 9] OU
|rated|
|rule|HP Percentage Mod: HP is shown in percentages
|rule|Endless Battle Clause: Forcing endless battles is banned
|rule|Species Clause: Limit one of each Pokémon
|rule|OHKO Clause: OHKO moves are banned
|rule|Evasion Items Clause: Evasion items are banned
|rule|Evasion Moves Clause: Evasion moves are banned
|rule|Evasion Abilities Clause: Evasion abilities are banned
|rule|Sleep Moves Clause: Sleep-inducing moves are banned
|clearpoke
|poke|p1|Cinderace, F|
|poke|p1|Rillaboom, F|
|poke|p1|Greninja-*, M|
|poke|p1|Meowscarada, F|
|poke|p1|Primarina, M|
|poke|p1|Infernape, M|
|poke|p2|Pelipper, M|
|poke|p2|Greninja-*, M|
|poke|p2|Barraskewda, M|
|poke|p2|Dragapult, M|
|poke|p2|Golduck, F|
|poke|p2|Indeedee, M|
|teampreview
|inactive|Battle timer is ON: inactive players will automatically lose when time's up. (requested by Grace of Cynthia)
|
|t:|1760861847
|teamsize|p1|6
|teamsize|p2|6
|start
|switch|p1a: Primarina|Primarina, M|100/100
|switch|p2a: Pelipper|Pelipper, M|100/100
|-weather|RainDance|[from] ability: Drizzle|[of] p2a: Pelipper
|turn|1
|j| TenHagRim
|
|t:|1760861854
|move|p1a: Primarina|Moonblast|p2a: Pelipper
|-damage|p2a: Pelipper|25/100
|move|p2a: Pelipper|Hurricane|p1a: Primarina
|-damage|p1a: Primarina|81/100
|
|-weather|RainDance|[upkeep]
|upkeep
|turn|2
|
|t:|1760861859
|switch|p2a: Indeedee|Indeedee, M|100/100
|-fieldstart|move: Psychic Terrain|[from] ability: Psychic Surge|[of] p2a: Indeedee
|move|p1a: Primarina|Moonblast|p2a: Indeedee
|-damage|p2a: Indeedee|39/100
|
|-weather|RainDance|[upkeep]
|upkeep
|turn|3
|
|t:|1760861866
|switch|p1a: Greninja|Greninja, M|100/100
|move|p2a: Indeedee|Healing Wish|p2a: Indeedee
|faint|p2a: Indeedee
|
|-weather|RainDance|[upkeep]
|upkeep
|
|t:|1760861868
|switch|p2a: Barraskewda|Barraskewda, M|100/100
|turn|4
|
|t:|1760861878
|switch|p1a: Cinderace|Cinderace, F|100/100
|move|p2a: Barraskewda|Close Combat|p1a: Cinderace
|-damage|p1a: Cinderace|15/100
|-unboost|p2a: Barraskewda|def|1
|-unboost|p2a: Barraskewda|spd|1
|-damage|p2a: Barraskewda|91/100|[from] item: Life Orb
|
|-weather|RainDance|[upkeep]
|upkeep
|turn|5
|
|t:|1760861888
|move|p2a: Barraskewda|Close Combat|p1a: Cinderace
|-damage|p1a: Cinderace|0 fnt
|-unboost|p2a: Barraskewda|def|1
|-unboost|p2a: Barraskewda|spd|1
|faint|p1a: Cinderace
|-damage|p2a: Barraskewda|81/100|[from] item: Life Orb
|
|-weather|RainDance|[upkeep]
|upkeep
|
|t:|1760861890
|switch|p1a: Rillaboom|Rillaboom, F|100/100
|-fieldstart|move: Grassy Terrain|[from] ability: Grassy Surge|[of] p1a: Rillaboom
|turn|6
|
|t:|1760861896
|move|p2a: Barraskewda|Poison Jab|p1a: Rillaboom
|-supereffective|p1a: Rillaboom
|-damage|p1a: Rillaboom|16/100
|-damage|p2a: Barraskewda|71/100|[from] item: Life Orb
|move|p1a: Rillaboom|Knock Off|p2a: Barraskewda
|-damage|p2a: Barraskewda|0 fnt
|-enditem|p2a: Barraskewda|Life Orb|[from] move: Knock Off|[of] p1a: Rillaboom
|faint|p2a: Barraskewda
|
|-weather|RainDance|[upkeep]
|-heal|p1a: Rillaboom|22/100|[from] Grassy Terrain
|upkeep
|
|t:|1760861901
|switch|p2a: Dragapult|Dragapult, M|100/100
|turn|7
|
|t:|1760861905
|switch|p1a: Primarina|Primarina, M|81/100
|move|p2a: Dragapult|Thunder|p1a: Primarina
|-supereffective|p1a: Primarina
|-damage|p1a: Primarina|36/100
|-status|p1a: Primarina|par
|-damage|p2a: Dragapult|91/100|[from] item: Life Orb
|
|-weather|RainDance|[upkeep]
|-heal|p2a: Dragapult|97/100|[from] Grassy Terrain
|-heal|p1a: Primarina|42/100 par|[from] Grassy Terrain
|upkeep
|turn|8
|
|t:|1760861917
|move|p2a: Dragapult|Thunder|p1a: Primarina
|-supereffective|p1a: Primarina
|-damage|p1a: Primarina|0 fnt
|faint|p1a: Primarina
|-damage|p2a: Dragapult|87/100|[from] item: Life Orb
|
|-weather|none
|-heal|p2a: Dragapult|93/100|[from] Grassy Terrain
|upkeep
|
|t:|1760861920
|switch|p1a: Meowscarada|Meowscarada, F|100/100
|turn|9
|
|t:|1760861925
|switch|p2a: Pelipper|Pelipper, M|25/100
|-heal|p2a: Pelipper|100/100|[from] move: Healing Wish
|-weather|RainDance|[from] ability: Drizzle|[of] p2a: Pelipper
|move|p1a: Meowscarada|Knock Off|p2a: Pelipper
|-start|p1a: Meowscarada|typechange|Dark|[from] ability: Protean
|-damage|p2a: Pelipper|68/100
|-enditem|p2a: Pelipper|Damp Rock|[from] move: Knock Off|[of] p1a: Meowscarada
|
|-weather|RainDance|[upkeep]
|upkeep
|turn|10
|
|t:|1760861937
|switch|p1a: Infernape|Infernape, M|100/100
|move|p2a: Pelipper|Hurricane|p1a: Infernape
|-supereffective|p1a: Infernape
|-damage|p1a: Infernape|0 fnt
|faint|p1a: Infernape
|
|-weather|RainDance|[upkeep]
|-fieldend|move: Grassy Terrain
|upkeep
|
|t:|1760861940
|switch|p1a: Greninja|Greninja, M|100/100
|turn|11
|
|t:|1760861944
|switch|p2a: Golduck|Golduck, F|100/100
|move|p1a: Greninja|Dark Pulse|p2a: Golduck
|-damage|p2a: Golduck|33/100
|
|-weather|RainDance|[upkeep]
|upkeep
|turn|12
|
|t:|1760861948
|move|p2a: Golduck|Surf|p1a: Greninja
|-resisted|p1a: Greninja
|-damage|p1a: Greninja|44/100
|-damage|p2a: Golduck|23/100|[from] item: Life Orb
|move|p1a: Greninja|Dark Pulse|p2a: Golduck
|-damage|p2a: Golduck|0 fnt
|faint|p2a: Golduck
|-ability|p1a: Greninja|Battle Bond|boost
|-boost|p1a: Greninja|atk|1
|-boost|p1a: Greninja|spa|1
|-boost|p1a: Greninja|spe|1
|-activate|p1a: Greninja|ability: Battle Bond
|
|-weather|RainDance|[upkeep]
|upkeep
|
|t:|1760861951
|switch|p2a: Greninja|Greninja, M|100/100
|turn|13
|
|t:|1760861964
|move|p1a: Greninja|Dark Pulse|p2a: Greninja
|-resisted|p2a: Greninja
|-damage|p2a: Greninja|35/100
|move|p2a: Greninja|Surf|p1a: Greninja
|-resisted|p1a: Greninja
|-damage|p1a: Greninja|0 fnt
|faint|p1a: Greninja
|-ability|p2a: Greninja|Battle Bond|boost
|-boost|p2a: Greninja|atk|1
|-boost|p2a: Greninja|spa|1
|-boost|p2a: Greninja|spe|1
|-activate|p2a: Greninja|ability: Battle Bond
|-damage|p2a: Greninja|25/100|[from] item: Life Orb
|
|-weather|RainDance|[upkeep]
|upkeep
|
|t:|1760861970
|switch|p1a: Meowscarada|Meowscarada, F|100/100
|turn|14
|
|t:|1760861978
|move|p2a: Greninja|Water Shuriken|p1a: Meowscarada
|-resisted|p1a: Meowscarada
|-damage|p1a: Meowscarada|86/100
|-resisted|p1a: Meowscarada
|-damage|p1a: Meowscarada|70/100
|-resisted|p1a: Meowscarada
|-damage|p1a: Meowscarada|54/100
|-hitcount|p1a: Meowscarada|3
|-damage|p2a: Greninja|15/100|[from] item: Life Orb
|move|p1a: Meowscarada|Flower Trick|p2a: Greninja
|-start|p1a: Meowscarada|typechange|Grass|[from] ability: Protean
|-supereffective|p2a: Greninja
|-crit|p2a: Greninja
|-damage|p2a: Greninja|0 fnt
|faint|p2a: Greninja
|
|-weather|RainDance|[upkeep]
|upkeep
|
|t:|1760861980
|switch|p2a: Pelipper|Pelipper, M|68/100
|turn|15
|
|t:|1760861986
|-terastallize|p2a: Pelipper|Steel
|move|p1a: Meowscarada|Flower Trick|p2a: Pelipper
|-resisted|p2a: Pelipper
|-crit|p2a: Pelipper
|-damage|p2a: Pelipper|48/100
|move|p2a: Pelipper|Hurricane|p1a: Meowscarada
|-supereffective|p1a: Meowscarada
|-damage|p1a: Meowscarada|0 fnt
|faint|p1a: Meowscarada
|
|-weather|RainDance|[upkeep]
|upkeep
|
|t:|1760861991
|switch|p1a: Rillaboom|Rillaboom, F|22/100
|-fieldstart|move: Grassy Terrain|[from] ability: Grassy Surge|[of] p1a: Rillaboom
|turn|16
|
|t:|1760861993
|-terastallize|p1a: Rillaboom|Grass
|move|p1a: Rillaboom|Grassy Glide|p2a: Pelipper
|-resisted|p2a: Pelipper
|-damage|p2a: Pelipper|18/100
|move|p2a: Pelipper|Hurricane|p1a: Rillaboom
|-supereffective|p1a: Rillaboom
|-damage|p1a: Rillaboom|0 fnt
|faint|p1a: Rillaboom
|
|win|Grace of Cynthia
|raw|cacao1's rating: 1426 &rarr; <strong>1410</strong><br />(-16 for losing)
|raw|Grace of Cynthia's rating: 1498 &rarr; <strong>1514</strong><br />(+16 for winning)
|l|☆Grace of Cynthia
|player|p2|
|l|‽cacao1
|player|p1|
|j|☆Grace of Cynthia
|player|p2|Grace of Cynthia|colress-gen7|
|l|☆Grace of Cynthia
|player|p2|
|l| TenHagRim
