|j|☆boldenhauer
|j|☆bobei
|t:|1760738873
|gametype|singles
|player|p1|boldenhauer|265|1398
|player|p2|bobei|alder|1360
|gen|9
|tier|[Gen 9] OU
|rated|
|rule|HP Percentage Mod: HP is shown in percentages
|rule|Endless Battle Clause: Forcing endless battles is banned
|rule|Species Clause: Limit one of each Pokémon
|rule|OHKO Clause: OHKO moves are banned
|rule|Evasion Items Clause: Evasion items are banned
|rule|Evasion Moves Clause: Evasion moves are banned
|rule|Evasion Abilities Clause: Evasion abilities are banned
|rule|Sleep Moves Clause: Sleep-inducing moves are banned
|clearpoke
|poke|p1|Tinkaton, F|
|poke|p1|Zapdos-Galar|
|poke|p1|Kyurem|
|poke|p1|Ting-Lu|
|poke|p1|Gholdengo|
|poke|p1|Morpeko, M|
|poke|p2|Froslass, F|
|poke|p2|Weezing-Galar, F|
|poke|p2|Uxie|
|poke|p2|Ting-Lu|
|poke|p2|Ogerpon-Wellspring, F|
|poke|p2|Enamorus, F|
|teampreview
|
|t:|1760738892
|teamsize|p1|6
|teamsize|p2|6
|start
|switch|p1a: Morpeko|Morpeko, M|100/100
|switch|p2a: Enamorus|Enamorus, F|100/100
|turn|1
|l|☆bobei
|player|p2|
|
|t:|1760738965
|move|p2a: Enamorus|Moonblast|p1a: Morpeko
|-supereffective|p1a: Morpeko
|-enditem|p1a: Morpeko|Focus Sash
|-damage|p1a: Morpeko|1/100
|-unboost|p1a: Morpeko|spa|1
|move|p1a: Morpeko|Aura Wheel|p2a: Enamorus
|-supereffective|p2a: Enamorus
|-damage|p2a: Enamorus|0 fnt
|-boost|p1a: Morpeko|spe|1
|faint|p2a: Enamorus
|
|-formechange|p1a: Morpeko|Morpeko-Hangry||[from] ability: Hunger Switch
|upkeep
|inactive|Battle timer is ON: inactive players will automatically lose when time's up. (requested by boldenhauer)
|j|☆bobei
|inactive|bobei reconnected and has 150 seconds left.
|player|p2|bobei|alder|
|
|t:|1760738993
|switch|p2a: Ting-Lu|Ting-Lu|100/100
|-ability|p2a: Ting-Lu|Vessel of Ruin
|turn|2
|
|t:|1760738997
|move|p1a: Morpeko|Reversal|p2a: Ting-Lu
|-supereffective|p2a: Ting-Lu
|-damage|p2a: Ting-Lu|57/100
|move|p2a: Ting-Lu|Stealth Rock|p1a: Morpeko
|-sidestart|p1: boldenhauer|move: Stealth Rock
|
|-heal|p2a: Ting-Lu|64/100|[from] item: Leftovers
|-formechange|p1a: Morpeko|Morpeko||[from] ability: Hunger Switch
|upkeep
|turn|3
|
|t:|1760739008
|move|p1a: Morpeko|Rapid Spin|p2a: Ting-Lu
|-damage|p2a: Ting-Lu|57/100
|-boost|p1a: Morpeko|spe|1
|-sideend|p1: boldenhauer|Stealth Rock|[from] move: Rapid Spin|[of] p1a: Morpeko
|move|p2a: Ting-Lu|Whirlwind|p1a: Morpeko
|drag|p1a: Ting-Lu|Ting-Lu|100/100
|-ability|p1a: Ting-Lu|Vessel of Ruin
|
|-heal|p2a: Ting-Lu|64/100|[from] item: Leftovers
|upkeep
|turn|4
|
|t:|1760739018
|switch|p2a: Ogerpon|Ogerpon-Wellspring, F|100/100
|switch|p1a: Morpeko|Morpeko, M|1/100
|
|-formechange|p1a: Morpeko|Morpeko-Hangry||[from] ability: Hunger Switch
|upkeep
|turn|5
|
|t:|1760739044
|move|p2a: Ogerpon|Ivy Cudgel|p1a: Morpeko|[anim] Ivy Cudgel Water
|-damage|p1a: Morpeko|0 fnt
|faint|p1a: Morpeko
|
|upkeep
|
|t:|1760739052
|switch|p1a: Zapdos|Zapdos-Galar|100/100
|turn|6
|
|t:|1760739058
|switch|p2a: Weezing|Weezing-Galar, F|100/100
|-ability|p2a: Weezing|Neutralizing Gas
|move|p1a: Zapdos|Thunderous Kick|p2a: Weezing
|-resisted|p2a: Weezing
|-damage|p2a: Weezing|95/100
|-unboost|p2a: Weezing|def|1
|
|-heal|p2a: Weezing|100/100|[from] item: Black Sludge
|upkeep
|turn|7
|
|t:|1760739070
|switch|p1a: Tinkaton|Tinkaton, F|100/100
|-item|p1a: Tinkaton|Air Balloon
|move|p2a: Weezing|Pain Split|p1a: Tinkaton
|-sethp|p1a: Tinkaton|100/100|[from] move: Pain Split|[silent]
|-sethp|p2a: Weezing|99/100|[from] move: Pain Split
|
|-heal|p2a: Weezing|100/100|[from] item: Black Sludge
|upkeep
|turn|8
|
|t:|1760739079
|-end|p2a: Weezing|ability: Neutralizing Gas
|-ability|p1a: Tinkaton|Mold Breaker
|switch|p2a: Ogerpon|Ogerpon-Wellspring, F|100/100
|move|p1a: Tinkaton|Gigaton Hammer|p2a: Ogerpon
|-resisted|p2a: Ogerpon
|-damage|p2a: Ogerpon|70/100
|
|upkeep
|turn|9
|
|t:|1760739087
|switch|p1a: Kyurem|Kyurem|100/100
|-ability|p1a: Kyurem|Pressure
|move|p2a: Ogerpon|Encore||[still]
|-fail|p2a: Ogerpon
|
|upkeep
|turn|10
|
|t:|1760739114
|switch|p2a: Uxie|Uxie|100/100
|move|p1a: Kyurem|Icicle Spear|p2a: Uxie
|-damage|p2a: Uxie|91/100
|-damage|p2a: Uxie|82/100
|-damage|p2a: Uxie|74/100
|-damage|p2a: Uxie|65/100
|-hitcount|p2a: Uxie|4
|
|upkeep
|turn|11
|
|t:|1760739123
|switch|p1a: Ting-Lu|Ting-Lu|100/100
|-ability|p1a: Ting-Lu|Vessel of Ruin
|move|p2a: Uxie|U-turn|p1a: Ting-Lu
|-supereffective|p1a: Ting-Lu
|-damage|p1a: Ting-Lu|90/100
|
|t:|1760739128
|switch|p2a: Ogerpon|Ogerpon-Wellspring, F|70/100|[from] U-turn
|
|upkeep
|turn|12
|
|t:|1760739137
|move|p2a: Ogerpon|Ivy Cudgel|p1a: Ting-Lu|[anim] Ivy Cudgel Water
|-supereffective|p1a: Ting-Lu
|-damage|p1a: Ting-Lu|46/100
|move|p1a: Ting-Lu|Whirlwind|p2a: Ogerpon
|drag|p2a: Uxie|Uxie|65/100
|
|upkeep
|turn|13
|
|t:|1760739147
|move|p2a: Uxie|U-turn|p1a: Ting-Lu
|-supereffective|p1a: Ting-Lu
|-damage|p1a: Ting-Lu|36/100
|
|t:|1760739149
|switch|p2a: Ogerpon|Ogerpon-Wellspring, F|70/100|[from] U-turn
|move|p1a: Ting-Lu|Spikes|p2a: Ogerpon
|-sidestart|p2: bobei|Spikes
|
|upkeep
|turn|14
|
|t:|1760739154
|switch|p1a: Kyurem|Kyurem|100/100
|-ability|p1a: Kyurem|Pressure
|move|p2a: Ogerpon|Ivy Cudgel|p1a: Kyurem|[anim] Ivy Cudgel Water
|-resisted|p1a: Kyurem
|-crit|p1a: Kyurem
|-damage|p1a: Kyurem|68/100
|
|-heal|p1a: Kyurem|74/100|[from] item: Leftovers
|upkeep
|turn|15
|
|t:|1760739176
|move|p2a: Ogerpon|Ivy Cudgel|p1a: Kyurem|[anim] Ivy Cudgel Water
|-resisted|p1a: Kyurem
|-damage|p1a: Kyurem|53/100
|move|p1a: Kyurem|Dragon Dance|p1a: Kyurem
|-boost|p1a: Kyurem|atk|1
|-boost|p1a: Kyurem|spe|1
|
|-heal|p1a: Kyurem|59/100|[from] item: Leftovers
|upkeep
|turn|16
|
|t:|1760739181
|move|p1a: Kyurem|Protect|p1a: Kyurem
|-singleturn|p1a: Kyurem|Protect
|move|p2a: Ogerpon|Encore|p1a: Kyurem
|-activate|p1a: Kyurem|move: Protect
|
|-heal|p1a: Kyurem|65/100|[from] item: Leftovers
|upkeep
|turn|17
|
|t:|1760739185
|move|p2a: Ogerpon|Encore|p1a: Kyurem
|-start|p1a: Kyurem|Encore
|move|p1a: Kyurem|Protect||[still]
|-fail|p1a: Kyurem
|
|-heal|p1a: Kyurem|71/100|[from] item: Leftovers
|upkeep
|turn|18
|
|t:|1760739191
|switch|p1a: Ting-Lu|Ting-Lu|36/100
|-ability|p1a: Ting-Lu|Vessel of Ruin
|move|p2a: Ogerpon|Swords Dance|p2a: Ogerpon
|-boost|p2a: Ogerpon|atk|2
|
|upkeep
|turn|19
|
|t:|1760739195
|move|p2a: Ogerpon|Horn Leech|p1a: Ting-Lu
|-supereffective|p1a: Ting-Lu
|-damage|p1a: Ting-Lu|0 fnt
|-heal|p2a: Ogerpon|100/100|[from] drain|[of] p1a: Ting-Lu
|faint|p1a: Ting-Lu
|
|upkeep
|
|t:|1760739211
|switch|p1a: Kyurem|Kyurem|71/100
|-ability|p1a: Kyurem|Pressure
|turn|20
|
|t:|1760739216
|move|p2a: Ogerpon|Ivy Cudgel|p1a: Kyurem|[anim] Ivy Cudgel Water
|-resisted|p1a: Kyurem
|-damage|p1a: Kyurem|28/100
|move|p1a: Kyurem|Dragon Dance|p1a: Kyurem
|-boost|p1a: Kyurem|atk|1
|-boost|p1a: Kyurem|spe|1
|
|-heal|p1a: Kyurem|34/100|[from] item: Leftovers
|upkeep
|turn|21
|
|t:|1760739225
|move|p2a: Ogerpon|Horn Leech|p1a: Kyurem
|-resisted|p1a: Kyurem
|-damage|p1a: Kyurem|4/100
|move|p1a: Kyurem|Dragon Dance|p1a: Kyurem
|-boost|p1a: Kyurem|atk|1
|-boost|p1a: Kyurem|spe|1
|
|-heal|p1a: Kyurem|10/100|[from] item: Leftovers
|upkeep
|turn|22
|
|t:|1760739231
|move|p1a: Kyurem|Icicle Spear|p2a: Ogerpon
|-damage|p2a: Ogerpon|71/100
|-damage|p2a: Ogerpon|44/100
|-damage|p2a: Ogerpon|14/100
|-damage|p2a: Ogerpon|0 fnt
|faint|p2a: Ogerpon
|-hitcount|p2: Ogerpon|4
|
|-heal|p1a: Kyurem|17/100|[from] item: Leftovers
|upkeep
|
|t:|1760739236
|switch|p2a: Weezing|Weezing-Galar, F|100/100
|-ability|p2a: Weezing|Neutralizing Gas
|-damage|p2a: Weezing|88/100|[from] Spikes
|turn|23
|
|t:|1760739240
|move|p1a: Kyurem|Protect|p1a: Kyurem
|-singleturn|p1a: Kyurem|Protect
|move|p2a: Weezing|Clear Smog|p1a: Kyurem
|-activate|p1a: Kyurem|move: Protect
|
|-heal|p1a: Kyurem|23/100|[from] item: Leftovers
|-heal|p2a: Weezing|94/100|[from] item: Black Sludge
|upkeep
|turn|24
|
|t:|1760739247
|move|p1a: Kyurem|Icicle Spear|p2a: Weezing
|-damage|p2a: Weezing|79/100
|-damage|p2a: Weezing|65/100
|-damage|p2a: Weezing|50/100
|-damage|p2a: Weezing|36/100
|-hitcount|p2a: Weezing|4
|move|p2a: Weezing|Clear Smog|p1a: Kyurem
|-damage|p1a: Kyurem|12/100
|-clearboost|p1a: Kyurem
|
|-heal|p1a: Kyurem|18/100|[from] item: Leftovers
|-heal|p2a: Weezing|42/100|[from] item: Black Sludge
|upkeep
|turn|25
|
|t:|1760739256
|switch|p1a: Tinkaton|Tinkaton, F|100/100
|-item|p1a: Tinkaton|Air Balloon
|move|p2a: Weezing|Clear Smog|p1a: Tinkaton
|-immune|p1a: Tinkaton
|
|-heal|p2a: Weezing|48/100|[from] item: Black Sludge
|upkeep
|turn|26
|
|t:|1760739259
|move|p1a: Tinkaton|Gigaton Hammer|p2a: Weezing
|-supereffective|p2a: Weezing
|-damage|p2a: Weezing|0 fnt
|faint|p2a: Weezing
|-end|p2a: Weezing|ability: Neutralizing Gas
|-ability|p1a: Tinkaton|Mold Breaker
|
|upkeep
|
|t:|1760739263
|switch|p2a: Froslass|Froslass, F|100/100
|turn|27
|
|t:|1760739269
|switch|p1a: Kyurem|Kyurem|18/100
|-ability|p1a: Kyurem|Pressure
|move|p2a: Froslass|Destiny Bond|p2a: Froslass
|-singlemove|p2a: Froslass|Destiny Bond
|
|-heal|p1a: Kyurem|24/100|[from] item: Leftovers
|upkeep
|turn|28
|
|t:|1760739273
|move|p2a: Froslass|Will-O-Wisp|p1a: Kyurem
|-status|p1a: Kyurem|brn
|move|p1a: Kyurem|Dragon Dance|p1a: Kyurem
|-boost|p1a: Kyurem|atk|1
|-boost|p1a: Kyurem|spe|1
|
|-heal|p1a: Kyurem|30/100 brn|[from] item: Leftovers
|-damage|p1a: Kyurem|24/100 brn|[from] brn
|upkeep
|turn|29
|
|t:|1760739277
|move|p1a: Kyurem|Dragon Dance|p1a: Kyurem
|-boost|p1a: Kyurem|atk|1
|-boost|p1a: Kyurem|spe|1
|move|p2a: Froslass|Hex|p1a: Kyurem
|-damage|p1a: Kyurem|0 fnt
|faint|p1a: Kyurem
|
|upkeep
|
|t:|1760739282
|switch|p1a: Gholdengo|Gholdengo|100/100
|-item|p1a: Gholdengo|Air Balloon
|turn|30
|
|t:|1760739285
|move|p2a: Froslass|Destiny Bond|p2a: Froslass
|-singlemove|p2a: Froslass|Destiny Bond
|move|p1a: Gholdengo|Make It Rain|p2a: Froslass
|-supereffective|p2a: Froslass
|-damage|p2a: Froslass|0 fnt
|-unboost|p1a: Gholdengo|spa|1
|faint|p2a: Froslass
|-activate|p2a: Froslass|move: Destiny Bond
|faint|p1a: Gholdengo
|
|upkeep
|
|t:|1760739290
|switch|p2a: Ting-Lu|Ting-Lu|64/100
|switch|p1a: Zapdos|Zapdos-Galar|100/100
|-damage|p2a: Ting-Lu|51/100|[from] Spikes
|-ability|p2a: Ting-Lu|Vessel of Ruin
|turn|31
|
|t:|1760739303
|-terastallize|p2a: Ting-Lu|Fairy
|move|p1a: Zapdos|Knock Off|p2a: Ting-Lu
|-resisted|p2a: Ting-Lu
|-damage|p2a: Ting-Lu|46/100
|-enditem|p2a: Ting-Lu|Leftovers|[from] move: Knock Off|[of] p1a: Zapdos
|move|p2a: Ting-Lu|Stealth Rock|p1a: Zapdos
|-sidestart|p1: boldenhauer|move: Stealth Rock
|
|upkeep
|turn|32
|
|t:|1760739308
|move|p1a: Zapdos|Thunderous Kick|p2a: Ting-Lu
|-resisted|p2a: Ting-Lu
|-damage|p2a: Ting-Lu|38/100
|-unboost|p2a: Ting-Lu|def|1
|move|p2a: Ting-Lu|Spikes|p1a: Zapdos
|-sidestart|p1: boldenhauer|Spikes
|
|upkeep
|turn|33
|
|t:|1760739313
|move|p1a: Zapdos|Thunderous Kick|p2a: Ting-Lu
|-resisted|p2a: Ting-Lu
|-damage|p2a: Ting-Lu|26/100
|-unboost|p2a: Ting-Lu|def|1
|move|p2a: Ting-Lu|Spikes|p1a: Zapdos
|-sidestart|p1: boldenhauer|Spikes
|
|upkeep
|turn|34
|
|t:|1760739319
|move|p1a: Zapdos|Thunderous Kick|p2a: Ting-Lu
|-resisted|p2a: Ting-Lu
|-damage|p2a: Ting-Lu|9/100
|-unboost|p2a: Ting-Lu|def|1
|move|p2a: Ting-Lu|Spikes|p1a: Zapdos
|-sidestart|p1: boldenhauer|Spikes
|
|upkeep
|turn|35
|
|t:|1760739325
|move|p1a: Zapdos|Bulk Up|p1a: Zapdos
|-boost|p1a: Zapdos|atk|1
|-boost|p1a: Zapdos|def|1
|move|p2a: Ting-Lu|Whirlwind|p1a: Zapdos
|drag|p1a: Tinkaton|Tinkaton, F|100/100
|-damage|p1a: Tinkaton|94/100|[from] Stealth Rock
|-ability|p1a: Tinkaton|Mold Breaker
|-item|p1a: Tinkaton|Air Balloon
|
|upkeep
|turn|36
|
|t:|1760739332
|move|p1a: Tinkaton|Gigaton Hammer|p2a: Ting-Lu
|-supereffective|p2a: Ting-Lu
|-damage|p2a: Ting-Lu|0 fnt
|faint|p2a: Ting-Lu
|
|upkeep
|
|t:|1760739334
|switch|p2a: Uxie|Uxie|65/100
|turn|37
|
|t:|1760739339
|move|p1a: Tinkaton|Knock Off|p2a: Uxie
|-supereffective|p2a: Uxie
|-damage|p2a: Uxie|40/100
|-enditem|p2a: Uxie|Assault Vest|[from] move: Knock Off|[of] p1a: Tinkaton
|move|p2a: Uxie|Future Sight|p1a: Tinkaton
|-start|p2a: Uxie|move: Future Sight
|
|upkeep
|turn|38
|
|t:|1760739344
|move|p1a: Tinkaton|Encore|p2a: Uxie
|-start|p2a: Uxie|Encore
|move|p2a: Uxie|Future Sight||[still]
|-fail|p2a: Uxie
|
|upkeep
|turn|39
|
|t:|1760739346
|move|p1a: Tinkaton|Gigaton Hammer|p2a: Uxie
|-damage|p2a: Uxie|7/100
|move|p2a: Uxie|Future Sight||[still]
|-fail|p2a: Uxie
|
|-end|p1a: Tinkaton|move: Future Sight
|-resisted|p1a: Tinkaton
|-damage|p1a: Tinkaton|82/100
|-enditem|p1a: Tinkaton|Air Balloon
|upkeep
|turn|40
|-message|bobei forfeited.
|
|win|boldenhauer
|raw|boldenhauer's rating: 1399 &rarr; <strong>1417</strong><br />(+18 for winning)
|raw|bobei's rating: 1360 &rarr; <strong>1342</strong><br />(-18 for losing)
|l|☆bobei
|player|p2|
|l|☆boldenhauer
|player|p1|
