|j|☆Mr Tpen
|j|☆art of unmoning
|t:|1760880448
|gametype|singles
|player|p1|Mr Tpen|101|1750
|player|p2|art of unmoning|waiter-gen4dp|1717
|gen|9
|tier|[Gen 9] OU
|rated|
|rule|HP Percentage Mod: HP is shown in percentages
|rule|Endless Battle Clause: Forcing endless battles is banned
|rule|Species Clause: Limit one of each Pokémon
|rule|OHKO Clause: OHKO moves are banned
|rule|Evasion Items Clause: Evasion items are banned
|rule|Evasion Moves Clause: Evasion moves are banned
|rule|Evasion Abilities Clause: Evasion abilities are banned
|rule|Sleep Moves Clause: Sleep-inducing moves are banned
|clearpoke
|poke|p1|Enamorus, F|
|poke|p1|Kyurem|
|poke|p1|Landorus-Therian, M|
|poke|p1|Kingambit, F|
|poke|p1|Ogerpon-Wellspring, F|
|poke|p1|Glimmora, F|
|poke|p2|Slowking, M|
|poke|p2|Tyranitar, F|
|poke|p2|Excadrill, F|
|poke|p2|Zamazenta-*|
|poke|p2|Corviknight, F|
|poke|p2|Weezing-Galar, F|
|teampreview
|inactive|Battle timer is ON: inactive players will automatically lose when time's up. (requested by art of unmoning)
|c|☆art of unmoning|Hf
|
|t:|1760880458
|teamsize|p1|6
|teamsize|p2|6
|start
|switch|p1a: Ogerpon|Ogerpon-Wellspring, F|100/100
|switch|p2a: Excadrill|Excadrill, F|100/100
|turn|1
|
|t:|1760880463
|switch|p2a: Corviknight|Corviknight, F|100/100
|-ability|p2a: Corviknight|Pressure
|move|p1a: Ogerpon|Knock Off|p2a: Corviknight
|-damage|p2a: Corviknight|77/100
|-enditem|p2a: Corviknight|Leftovers|[from] move: Knock Off|[of] p1a: Ogerpon
|
|upkeep
|turn|2
|
|t:|1760880469
|move|p1a: Ogerpon|U-turn|p2a: Corviknight
|-resisted|p2a: Corviknight
|-damage|p2a: Corviknight|72/100
|
|t:|1760880471
|switch|p1a: Landorus|Landorus-Therian, M|100/100|[from] U-turn
|-ability|p1a: Landorus|Intimidate|boost
|-unboost|p2a: Corviknight|atk|1
|move|p2a: Corviknight|Brave Bird|p1a: Landorus
|-damage|p1a: Landorus|75/100
|-damage|p2a: Corviknight|56/100|[from] item: Rocky Helmet|[of] p1a: Landorus
|-damage|p2a: Corviknight|47/100|[from] Recoil
|
|upkeep
|turn|3
|
|t:|1760880475
|move|p1a: Landorus|Taunt|p2a: Corviknight
|-start|p2a: Corviknight|move: Taunt
|cant|p2a: Corviknight|move: Taunt|Roost
|
|upkeep
|turn|4
|
|t:|1760880479
|switch|p2a: Slowking|Slowking, M|100/100
|move|p1a: Landorus|Stealth Rock|p2a: Slowking
|-sidestart|p2: art of unmoning|move: Stealth Rock
|
|upkeep
|turn|5
|
|t:|1760880484
|move|p1a: Landorus|Earthquake|p2a: Slowking
|-damage|p2a: Slowking|59/100
|move|p2a: Slowking|Future Sight|p1a: Landorus
|-start|p2a: Slowking|move: Future Sight
|
|upkeep
|turn|6
|
|t:|1760880490
|move|p1a: Landorus|Earthquake|p2a: Slowking
|-damage|p2a: Slowking|19/100
|move|p2a: Slowking|Psychic Noise|p1a: Landorus
|-damage|p1a: Landorus|40/100
|-start|p1a: Landorus|move: Heal Block
|
|upkeep
|turn|7
|
|t:|1760880495
|switch|p1a: Kingambit|Kingambit, F|100/100
|-item|p1a: Kingambit|Air Balloon
|switch|p2a: Corviknight|Corviknight, F|47/100
|-damage|p2a: Corviknight|34/100|[from] Stealth Rock
|-ability|p2a: Corviknight|Pressure
|
|-end|p1a: Kingambit|move: Future Sight
|-immune|p1a: Kingambit
|upkeep
|turn|8
|
|t:|1760880498
|move|p1a: Kingambit|Low Kick|p2a: Corviknight
|-damage|p2a: Corviknight|16/100
|move|p2a: Corviknight|Roost|p2a: Corviknight
|-heal|p2a: Corviknight|66/100
|-singleturn|p2a: Corviknight|move: Roost
|
|upkeep
|turn|9
|
|t:|1760880505
|-end|p1a: Kingambit|fallenundefined|[silent]
|switch|p1a: Enamorus|Enamorus, F|100/100
|move|p2a: Corviknight|Roost|p2a: Corviknight
|-heal|p2a: Corviknight|100/100
|-singleturn|p2a: Corviknight|move: Roost
|
|upkeep
|turn|10
|
|t:|1760880512
|switch|p2a: Slowking|Slowking, M|52/100
|-damage|p2a: Slowking|39/100|[from] Stealth Rock
|-terastallize|p1a: Enamorus|Stellar
|move|p1a: Enamorus|Tera Blast|p2a: Slowking|[anim] Tera Blast Stellar
|-damage|p2a: Slowking|19/100
|-boost|p1a: Enamorus|atk|1
|-boost|p1a: Enamorus|spa|1
|
|upkeep
|turn|11
|
|t:|1760880516
|switch|p2a: Tyranitar|Tyranitar, F|100/100
|-damage|p2a: Tyranitar|88/100|[from] Stealth Rock
|-weather|Sandstorm|[from] ability: Sand Stream|[of] p2a: Tyranitar
|move|p1a: Enamorus|Moonblast|p2a: Tyranitar
|-supereffective|p2a: Tyranitar
|-damage|p2a: Tyranitar|0 fnt
|faint|p2a: Tyranitar
|
|-weather|Sandstorm|[upkeep]
|-damage|p1a: Enamorus|94/100|[from] Sandstorm
|upkeep
|
|t:|1760880524
|switch|p2a: Excadrill|Excadrill, F|100/100
|-damage|p2a: Excadrill|98/100|[from] Stealth Rock
|turn|12
|
|t:|1760880528
|move|p2a: Excadrill|Swords Dance|p2a: Excadrill
|-boost|p2a: Excadrill|atk|2
|move|p1a: Enamorus|Superpower|p2a: Excadrill
|-supereffective|p2a: Excadrill
|-damage|p2a: Excadrill|0 fnt
|-boost|p1a: Enamorus|atk|1
|-boost|p1a: Enamorus|def|1
|faint|p2a: Excadrill
|
|-weather|Sandstorm|[upkeep]
|-damage|p1a: Enamorus|88/100|[from] Sandstorm
|upkeep
|
|t:|1760880537
|switch|p2a: Zamazenta|Zamazenta|100/100
|-damage|p2a: Zamazenta|94/100|[from] Stealth Rock
|-ability|p2a: Zamazenta|Dauntless Shield|boost
|-boost|p2a: Zamazenta|def|1
|turn|13
|
|t:|1760880540
|switch|p1a: Glimmora|Glimmora, F|100/100
|-terastallize|p2a: Zamazenta|Steel
|move|p2a: Zamazenta|Heavy Slam|p1a: Glimmora
|-supereffective|p1a: Glimmora
|-damage|p1a: Glimmora|0 fnt
|-activate|p1a: Glimmora|ability: Toxic Debris
|-sidestart|p2: art of unmoning|move: Toxic Spikes
|faint|p1a: Glimmora
|
|-weather|Sandstorm|[upkeep]
|upkeep
|
|t:|1760880545
|switch|p1a: Landorus|Landorus-Therian, M|40/100
|-ability|p1a: Landorus|Intimidate|boost
|-unboost|p2a: Zamazenta|atk|1
|turn|14
|
|t:|1760880549
|switch|p2a: Corviknight|Corviknight, F|100/100
|-damage|p2a: Corviknight|88/100|[from] Stealth Rock
|-ability|p2a: Corviknight|Pressure
|move|p1a: Landorus|Earthquake|p2a: Corviknight
|-immune|p2a: Corviknight
|
|-weather|Sandstorm|[upkeep]
|upkeep
|turn|15
|
|t:|1760880555
|move|p1a: Landorus|Taunt|p2a: Corviknight
|-start|p2a: Corviknight|move: Taunt
|move|p2a: Corviknight|Brave Bird|p1a: Landorus
|-damage|p1a: Landorus|5/100
|-damage|p2a: Corviknight|72/100|[from] item: Rocky Helmet|[of] p1a: Landorus
|-damage|p2a: Corviknight|60/100|[from] Recoil
|
|-weather|none
|upkeep
|turn|16
|
|t:|1760880558
|move|p1a: Landorus|Smack Down|p2a: Corviknight
|-damage|p2a: Corviknight|48/100
|-start|p2a: Corviknight|Smack Down
|move|p2a: Corviknight|Brave Bird|p1a: Landorus
|-damage|p1a: Landorus|0 fnt
|-damage|p2a: Corviknight|32/100|[from] item: Rocky Helmet|[of] p1a: Landorus
|faint|p1a: Landorus
|-damage|p2a: Corviknight|30/100|[from] Recoil
|
|upkeep
|
|t:|1760880561
|switch|p1a: Enamorus|Enamorus, F, tera:Stellar|88/100
|turn|17
|
|t:|1760880564
|switch|p2a: Weezing|Weezing-Galar, F|100/100
|-ability|p2a: Weezing|Neutralizing Gas
|-sideend|p2: art of unmoning|move: Toxic Spikes|[of] p2a: Weezing
|move|p1a: Enamorus|Tera Blast|p2a: Weezing|[anim] Tera Blast Stellar
|-damage|p2a: Weezing|52/100
|-unboost|p1a: Enamorus|atk|1
|-unboost|p1a: Enamorus|spa|1
|
|upkeep
|turn|18
|
|t:|1760880576
|move|p1a: Enamorus|Earth Power|p2a: Weezing
|-supereffective|p2a: Weezing
|-crit|p2a: Weezing
|-damage|p2a: Weezing|0 fnt
|faint|p2a: Weezing
|-end|p2a: Weezing|ability: Neutralizing Gas
|
|upkeep
|
|t:|1760880578
|switch|p2a: Slowking|Slowking, M|53/100
|-damage|p2a: Slowking|40/100|[from] Stealth Rock
|turn|19
|
|t:|1760880582
|move|p1a: Enamorus|Tera Blast|p2a: Slowking|[anim] Tera Blast Stellar
|-damage|p2a: Slowking|27/100
|-boost|p1a: Enamorus|atk|1
|-boost|p1a: Enamorus|spa|1
|move|p2a: Slowking|Psychic Noise|p1a: Enamorus
|-damage|p1a: Enamorus|39/100
|-start|p1a: Enamorus|move: Heal Block
|
|upkeep
|turn|20
|
|t:|1760880586
|move|p1a: Enamorus|Moonblast|p2a: Slowking
|-damage|p2a: Slowking|2/100
|move|p2a: Slowking|Psychic Noise|p1a: Enamorus
|-damage|p1a: Enamorus|0 fnt
|faint|p1a: Enamorus
|
|upkeep
|
|t:|1760880590
|switch|p1a: Ogerpon|Ogerpon-Wellspring, F|100/100
|turn|21
|
|t:|1760880592
|move|p1a: Ogerpon|Knock Off|p2a: Slowking
|-supereffective|p2a: Slowking
|-damage|p2a: Slowking|0 fnt
|-enditem|p2a: Slowking|Assault Vest|[from] move: Knock Off|[of] p1a: Ogerpon
|faint|p2a: Slowking
|
|upkeep
|
|t:|1760880593
|switch|p2a: Zamazenta|Zamazenta, tera:Steel|94/100
|-damage|p2a: Zamazenta|88/100|[from] Stealth Rock
|turn|22
|
|t:|1760880596
|move|p2a: Zamazenta|Close Combat|p1a: Ogerpon
|-damage|p1a: Ogerpon|0 fnt
|-unboost|p2a: Zamazenta|def|1
|-unboost|p2a: Zamazenta|spd|1
|faint|p1a: Ogerpon
|
|upkeep
|
|t:|1760880598
|switch|p1a: Kingambit|Kingambit, F|100/100
|-activate|p1a: Kingambit|ability: Supreme Overlord
|-start|p1a: Kingambit|fallen4|[silent]
|-item|p1a: Kingambit|Air Balloon
|turn|23
|
|t:|1760880601
|move|p2a: Zamazenta|Close Combat|p1a: Kingambit
|-supereffective|p1a: Kingambit
|-damage|p1a: Kingambit|0 fnt
|-unboost|p2a: Zamazenta|def|1
|-unboost|p2a: Zamazenta|spd|1
|-enditem|p1a: Kingambit|Air Balloon
|faint|p1a: Kingambit
|-end|p1a: Kingambit|fallen4|[silent]
|
|upkeep
|
|t:|1760880603
|switch|p1a: Kyurem|Kyurem|100/100
|-ability|p1a: Kyurem|Pressure
|turn|24
|
|t:|1760880606
|switch|p2a: Corviknight|Corviknight, F|30/100
|-damage|p2a: Corviknight|18/100|[from] Stealth Rock
|-ability|p2a: Corviknight|Pressure
|move|p1a: Kyurem|Ice Beam|p2a: Corviknight
|-damage|p2a: Corviknight|0 fnt
|faint|p2a: Corviknight
|
|upkeep
|
|t:|1760880608
|switch|p2a: Zamazenta|Zamazenta, tera:Steel|88/100
|-damage|p2a: Zamazenta|82/100|[from] Stealth Rock
|turn|25
|
|t:|1760880610
|move|p1a: Kyurem|Ice Beam|p2a: Zamazenta
|-resisted|p2a: Zamazenta
|-damage|p2a: Zamazenta|57/100
|move|p2a: Zamazenta|Close Combat|p1a: Kyurem
|-supereffective|p1a: Kyurem
|-damage|p1a: Kyurem|0 fnt
|-unboost|p2a: Zamazenta|def|1
|-unboost|p2a: Zamazenta|spd|1
|faint|p1a: Kyurem
|
|win|art of unmoning
|raw|Mr Tpen's rating: 1750 &rarr; <strong>1728</strong><br />(-22 for losing)
|raw|art of unmoning's rating: 1717 &rarr; <strong>1739</strong><br />(+22 for winning)
|l|☆Mr Tpen
|player|p1|
|c|☆art of unmoning|Gg
|l|☆art of unmoning
|player|p2|
