|j|☆Skopendrr
|j|☆shennerz43
|t:|1760775318
|gametype|singles
|player|p1|Skopendrr|flannery|1143
|player|p2|shennerz43|266|1165
|gen|9
|tier|[Gen 9] OU
|rated|
|rule|HP Percentage Mod: HP is shown in percentages
|rule|Endless Battle Clause: Forcing endless battles is banned
|rule|Species Clause: Limit one of each Pokémon
|rule|OHKO Clause: OHKO moves are banned
|rule|Evasion Items Clause: Evasion items are banned
|rule|Evasion Moves Clause: Evasion moves are banned
|rule|Evasion Abilities Clause: Evasion abilities are banned
|rule|Sleep Moves Clause: Sleep-inducing moves are banned
|clearpoke
|poke|p1|Sableye, M|
|poke|p1|Zamazenta-*|
|poke|p1|Corviknight, M|
|poke|p1|Pelipper, F|
|poke|p1|Iron Moth|
|poke|p1|Polteageist|
|poke|p2|Clefable, M|
|poke|p2|Landorus-Therian, M|
|poke|p2|Iron Treads|
|poke|p2|Smeargle, M|
|poke|p2|Ogerpon-Wellspring, F|
|poke|p2|Raging Bolt|
|teampreview
|inactive|Battle timer is ON: inactive players will automatically lose when time's up. (requested by Skopendrr)
|
|t:|1760775347
|teamsize|p1|6
|teamsize|p2|6
|start
|switch|p1a: Polteageist|Polteageist|100/100
|switch|p2a: Smeargle|Smeargle, M|100/100
|turn|1
|inactive|shennerz43 has 120 seconds left.
|
|t:|1760775383
|-terastallize|p1a: Polteageist|Steel
|move|p2a: Smeargle|Thunder Wave|p1a: Polteageist|[miss]
|-miss|p2a: Smeargle|p1a: Polteageist
|move|p1a: Polteageist|Shell Smash|p1a: Polteageist
|-unboost|p1a: Polteageist|def|1
|-unboost|p1a: Polteageist|spd|1
|-boost|p1a: Polteageist|atk|2
|-boost|p1a: Polteageist|spa|2
|-boost|p1a: Polteageist|spe|2
|
|upkeep
|turn|2
|inactive|shennerz43 has 120 seconds left.
|
|t:|1760775395
|move|p1a: Polteageist|Giga Drain|p2a: Smeargle
|-damage|p2a: Smeargle|12/100
|move|p2a: Smeargle|Thunder Wave|p1a: Polteageist
|-status|p1a: Polteageist|par
|
|upkeep
|turn|3
|inactive|shennerz43 has 120 seconds left.
|inactive|shennerz43 has 90 seconds left.
|
|t:|1760775438
|move|p2a: Smeargle|Sticky Web|p1a: Polteageist
|-sidestart|p1: Skopendrr|move: Sticky Web
|cant|p1a: Polteageist|par
|
|upkeep
|turn|4
|
|t:|1760775444
|move|p2a: Smeargle|Toxic Spikes|p1a: Polteageist
|-sidestart|p1: Skopendrr|move: Toxic Spikes
|move|p1a: Polteageist|Shell Smash|p1a: Polteageist
|-unboost|p1a: Polteageist|def|1
|-unboost|p1a: Polteageist|spd|1
|-boost|p1a: Polteageist|atk|2
|-boost|p1a: Polteageist|spa|2
|-boost|p1a: Polteageist|spe|2
|
|upkeep
|turn|5
|inactive|shennerz43 has 90 seconds left.
|
|t:|1760775469
|move|p1a: Polteageist|Giga Drain|p2a: Smeargle
|-damage|p2a: Smeargle|0 fnt
|faint|p2a: Smeargle
|
|upkeep
|
|t:|1760775473
|switch|p2a: Landorus|Landorus-Therian, M|100/100
|-ability|p2a: Landorus|Intimidate|boost
|-unboost|p1a: Polteageist|atk|1
|turn|6
|
|t:|1760775480
|cant|p1a: Polteageist|par
|move|p2a: Landorus|Earthquake|p1a: Polteageist
|-supereffective|p1a: Polteageist
|-crit|p1a: Polteageist
|-enditem|p1a: Polteageist|Focus Sash
|-damage|p1a: Polteageist|1/100 par
|-ability|p1a: Polteageist|Weak Armor|boost
|-unboost|p1a: Polteageist|def|1
|-boost|p1a: Polteageist|spe|2
|
|upkeep
|turn|7
|
|t:|1760775490
|cant|p1a: Polteageist|par
|move|p2a: Landorus|Earthquake|p1a: Polteageist
|-supereffective|p1a: Polteageist
|-damage|p1a: Polteageist|0 fnt
|faint|p1a: Polteageist
|
|upkeep
|
|t:|1760775500
|switch|p1a: Iron Moth|Iron Moth|100/100
|-activate|p1a: Iron Moth|move: Sticky Web
|-unboost|p1a: Iron Moth|spe|1
|-sideend|p1: Skopendrr|move: Toxic Spikes|[of] p1a: Iron Moth
|-enditem|p1a: Iron Moth|Booster Energy
|-activate|p1a: Iron Moth|ability: Quark Drive|[fromitem]
|-start|p1a: Iron Moth|quarkdrivespa
|turn|8
|inactive|shennerz43 has 90 seconds left.
|inactive|shennerz43 has 60 seconds left.
|inactive|shennerz43 has 30 seconds left.
|
|t:|1760775586
|move|p2a: Landorus|Stealth Rock|p1a: Iron Moth
|-sidestart|p1: Skopendrr|move: Stealth Rock
|move|p1a: Iron Moth|Fiery Dance|p2a: Landorus
|-damage|p2a: Landorus|41/100
|
|upkeep
|turn|9
|inactive|shennerz43 has 30 seconds left.
|inactive|shennerz43 has 20 seconds left.
|inactive|shennerz43 has 15 seconds left.
|inactive|shennerz43 has 10 seconds left.
|inactive|shennerz43 has 5 seconds left.
|
|t:|1760775621
|move|p2a: Landorus|Stone Edge|p1a: Iron Moth
|-supereffective|p1a: Iron Moth
|-damage|p1a: Iron Moth|0 fnt
|faint|p1a: Iron Moth
|-end|p1a: Iron Moth|Quark Drive|[silent]
|
|upkeep
|
|t:|1760775628
|switch|p1a: Pelipper|Pelipper, F|100/100
|-damage|p1a: Pelipper|76/100|[from] Stealth Rock
|-weather|RainDance|[from] ability: Drizzle|[of] p1a: Pelipper
|turn|10
|inactive|shennerz43 has 20 seconds left this turn.
|
|t:|1760775638
|move|p2a: Landorus|Stone Edge|p1a: Pelipper
|-supereffective|p1a: Pelipper
|-damage|p1a: Pelipper|0 fnt
|faint|p1a: Pelipper
|
|-weather|RainDance|[upkeep]
|upkeep
|
|t:|1760775643
|switch|p1a: Corviknight|Corviknight, M|100/100
|-damage|p1a: Corviknight|88/100|[from] Stealth Rock
|turn|11
|inactive|shennerz43 has 30 seconds left.
|
|t:|1760775654
|move|p2a: Landorus|Stone Edge|p1a: Corviknight
|-damage|p1a: Corviknight|71/100
|move|p1a: Corviknight|Iron Defense|p1a: Corviknight
|-boost|p1a: Corviknight|def|2
|
|-weather|RainDance|[upkeep]
|-heal|p1a: Corviknight|77/100|[from] item: Leftovers
|upkeep
|turn|12
|inactive|shennerz43 has 30 seconds left.
|
|t:|1760775667
|move|p2a: Landorus|Stone Edge|p1a: Corviknight
|-crit|p1a: Corviknight
|-damage|p1a: Corviknight|52/100
|move|p1a: Corviknight|Body Press|p2a: Landorus
|-resisted|p2a: Landorus
|-damage|p2a: Landorus|17/100
|-damage|p1a: Corviknight|36/100|[from] item: Rocky Helmet|[of] p2a: Landorus
|
|-weather|RainDance|[upkeep]
|-heal|p1a: Corviknight|42/100|[from] item: Leftovers
|upkeep
|turn|13
|
|t:|1760775677
|move|p2a: Landorus|Stone Edge|p1a: Corviknight
|-damage|p1a: Corviknight|33/100
|move|p1a: Corviknight|Roost|p1a: Corviknight
|-heal|p1a: Corviknight|83/100
|-singleturn|p1a: Corviknight|move: Roost
|
|-weather|RainDance|[upkeep]
|-heal|p1a: Corviknight|89/100|[from] item: Leftovers
|upkeep
|turn|14
|
|t:|1760775688
|move|p2a: Landorus|Stone Edge|p1a: Corviknight
|-damage|p1a: Corviknight|80/100
|move|p1a: Corviknight|Body Press|p2a: Landorus
|-resisted|p2a: Landorus
|-damage|p2a: Landorus|0 fnt
|-damage|p1a: Corviknight|64/100|[from] item: Rocky Helmet|[of] p2a: Landorus
|faint|p2a: Landorus
|
|-weather|none
|-heal|p1a: Corviknight|70/100|[from] item: Leftovers
|upkeep
|
|t:|1760775693
|switch|p2a: Raging Bolt|Raging Bolt|100/100
|-enditem|p2a: Raging Bolt|Booster Energy
|-activate|p2a: Raging Bolt|ability: Protosynthesis|[fromitem]
|-start|p2a: Raging Bolt|protosynthesisspa
|turn|15
|
|t:|1760775707
|move|p2a: Raging Bolt|Thunderbolt|p1a: Corviknight
|-supereffective|p1a: Corviknight
|-damage|p1a: Corviknight|0 fnt
|faint|p1a: Corviknight
|
|upkeep
|
|t:|1760775712
|switch|p1a: Sableye|Sableye, M|100/100
|-activate|p1a: Sableye|move: Sticky Web
|-unboost|p1a: Sableye|spe|1
|-damage|p1a: Sableye|88/100|[from] Stealth Rock
|turn|16
|
|t:|1760775723
|move|p1a: Sableye|Trick|p2a: Raging Bolt
|-activate|p1a: Sableye|move: Trick|[of] p2a: Raging Bolt
|-item|p2a: Raging Bolt|Choice Scarf|[from] move: Trick
|-enditem|p1a: Sableye|Choice Scarf|[silent]|[from] move: Trick
|move|p2a: Raging Bolt|Thunderbolt|p1a: Sableye
|-damage|p1a: Sableye|0 fnt
|faint|p1a: Sableye
|
|upkeep
|
|t:|1760775729
|switch|p1a: Zamazenta|Zamazenta|100/100
|-activate|p1a: Zamazenta|move: Sticky Web
|-unboost|p1a: Zamazenta|spe|1
|-damage|p1a: Zamazenta|94/100|[from] Stealth Rock
|-ability|p1a: Zamazenta|Dauntless Shield|boost
|-boost|p1a: Zamazenta|def|1
|turn|17
|
|t:|1760775738
|move|p2a: Raging Bolt|Thunderbolt|p1a: Zamazenta
|-damage|p1a: Zamazenta|29/100
|move|p1a: Zamazenta|Play Rough|p2a: Raging Bolt|[miss]
|-miss|p1a: Zamazenta|p2a: Raging Bolt
|
|upkeep
|turn|18
|-message|Skopendrr forfeited.
|
|win|shennerz43
|raw|Skopendrr's rating: 1143 &rarr; <strong>1120</strong><br />(-23 for losing)
|raw|shennerz43's rating: 1165 &rarr; <strong>1188</strong><br />(+23 for winning)
|l|☆Skopendrr
|player|p1|
|l|☆shennerz43
|player|p2|
