|j|☆kinsword
|j|☆King_Jamy
|t:|1760777048
|gametype|singles
|player|p1|kinsword|102|1563
|player|p2|King_Jamy|2|1454
|gen|9
|tier|[Gen 9] OU
|rated|
|rule|HP Percentage Mod: HP is shown in percentages
|rule|Endless Battle Clause: Forcing endless battles is banned
|rule|Species Clause: Limit one of each Pokémon
|rule|OHKO Clause: OHKO moves are banned
|rule|Evasion Items Clause: Evasion items are banned
|rule|Evasion Moves Clause: Evasion moves are banned
|rule|Evasion Abilities Clause: Evasion abilities are banned
|rule|Sleep Moves Clause: Sleep-inducing moves are banned
|clearpoke
|poke|p1|Charizard, F|
|poke|p1|Ursaluna, F|
|poke|p1|Azumarill, F|
|poke|p1|Corviknight, F|
|poke|p1|Fezandipiti, M|
|poke|p1|Meowscarada, F|
|poke|p2|Goodra-Hisui, M|
|poke|p2|Alomomola, M|
|poke|p2|Moltres|
|poke|p2|Rillaboom, F|
|poke|p2|Raging Bolt|
|poke|p2|Great Tusk|
|teampreview
|inactive|Battle timer is ON: inactive players will automatically lose when time's up. (requested by kinsword)
|
|t:|1760777059
|teamsize|p1|6
|teamsize|p2|6
|start
|switch|p1a: Charizard|Charizard, F|100/100
|switch|p2a: Raging Bolt|Raging Bolt|100/100
|turn|1
|
|t:|1760777067
|switch|p1a: Fezandipiti|Fezandipiti, M|100/100
|move|p2a: Raging Bolt|Draco Meteor|p1a: Fezandipiti
|-immune|p1a: Fezandipiti
|
|upkeep
|turn|2
|
|t:|1760777081
|-end|p2a: Raging Bolt|Protosynthesis|[silent]
|switch|p2a: Goodra|Goodra-Hisui, M|100/100
|switch|p1a: Ursaluna|Ursaluna, F|100/100
|
|-status|p1a: Ursaluna|brn|[from] item: Flame Orb
|upkeep
|turn|3
|
|t:|1760777105
|switch|p2a: Rillaboom|Rillaboom, F|100/100
|-fieldstart|move: Grassy Terrain|[from] ability: Grassy Surge|[of] p2a: Rillaboom
|move|p1a: Ursaluna|Headlong Rush|p2a: Rillaboom
|-resisted|p2a: Rillaboom
|-damage|p2a: Rillaboom|45/100
|-unboost|p1a: Ursaluna|def|1
|-unboost|p1a: Ursaluna|spd|1
|
|-heal|p2a: Rillaboom|52/100|[from] Grassy Terrain
|-damage|p1a: Ursaluna|94/100 brn|[from] brn
|upkeep
|turn|4
|
|t:|1760777123
|switch|p1a: Corviknight|Corviknight, F|100/100
|move|p2a: Rillaboom|U-turn|p1a: Corviknight
|-resisted|p1a: Corviknight
|-damage|p1a: Corviknight|95/100
|-damage|p2a: Rillaboom|35/100|[from] item: Rocky Helmet|[of] p1a: Corviknight
|
|t:|1760777129
|switch|p2a: Raging Bolt|Raging Bolt|100/100|[from] U-turn
|
|upkeep
|turn|5
|
|t:|1760777135
|switch|p1a: Fezandipiti|Fezandipiti, M|100/100
|move|p2a: Raging Bolt|Draco Meteor|p1a: Fezandipiti
|-immune|p1a: Fezandipiti
|
|upkeep
|turn|6
|
|t:|1760777144
|move|p2a: Raging Bolt|Draco Meteor|p1a: Fezandipiti
|-immune|p1a: Fezandipiti
|move|p1a: Fezandipiti|Nasty Plot|p1a: Fezandipiti
|-boost|p1a: Fezandipiti|spa|2
|
|upkeep
|turn|7
|
|t:|1760777154
|-end|p2a: Raging Bolt|Protosynthesis|[silent]
|switch|p2a: Goodra|Goodra-Hisui, M|100/100
|switch|p1a: Ursaluna|Ursaluna, F|94/100 brn
|
|-heal|p1a: Ursaluna|100/100 brn|[from] Grassy Terrain
|-damage|p1a: Ursaluna|94/100 brn|[from] brn
|-fieldend|move: Grassy Terrain
|upkeep
|turn|8
|
|t:|1760777167
|move|p1a: Ursaluna|Facade|p2a: Goodra
|-resisted|p2a: Goodra
|-damage|p2a: Goodra|58/100
|move|p2a: Goodra|Dragon Tail|p1a: Ursaluna
|-damage|p1a: Ursaluna|78/100 brn
|drag|p1a: Fezandipiti|Fezandipiti, M|100/100
|
|upkeep
|turn|9
|
|t:|1760777178
|move|p1a: Fezandipiti|Nasty Plot|p1a: Fezandipiti
|-boost|p1a: Fezandipiti|spa|2
|move|p2a: Goodra|Flash Cannon|p1a: Fezandipiti
|-supereffective|p1a: Fezandipiti
|-damage|p1a: Fezandipiti|60/100
|
|-heal|p1a: Fezandipiti|67/100|[from] item: Leftovers
|upkeep
|turn|10
|
|t:|1760777188
|move|p1a: Fezandipiti|Moonblast|p2a: Goodra
|-crit|p2a: Goodra
|-damage|p2a: Goodra|13/100
|move|p2a: Goodra|Flash Cannon|p1a: Fezandipiti
|-supereffective|p1a: Fezandipiti
|-damage|p1a: Fezandipiti|23/100
|
|-heal|p1a: Fezandipiti|29/100|[from] item: Leftovers
|upkeep
|turn|11
|
|t:|1760777199
|move|p1a: Fezandipiti|Moonblast|p2a: Goodra
|-damage|p2a: Goodra|0 fnt
|faint|p2a: Goodra
|
|-heal|p1a: Fezandipiti|35/100|[from] item: Leftovers
|upkeep
|
|t:|1760777206
|switch|p2a: Rillaboom|Rillaboom, F|35/100
|-fieldstart|move: Grassy Terrain|[from] ability: Grassy Surge|[of] p2a: Rillaboom
|turn|12
|
|t:|1760777212
|-terastallize|p2a: Rillaboom|Grass
|move|p2a: Rillaboom|Grassy Glide|p1a: Fezandipiti
|-resisted|p1a: Fezandipiti
|-damage|p1a: Fezandipiti|0 fnt
|faint|p1a: Fezandipiti
|
|-heal|p2a: Rillaboom|41/100|[from] Grassy Terrain
|upkeep
|
|t:|1760777225
|switch|p1a: Charizard|Charizard, F|100/100
|turn|13
|
|t:|1760777233
|switch|p2a: Moltres|Moltres|100/100
|move|p1a: Charizard|Hurricane|p2a: Moltres
|-crit|p2a: Moltres
|-damage|p2a: Moltres|0 fnt
|faint|p2a: Moltres
|
|upkeep
|
|t:|1760777241
|switch|p2a: Raging Bolt|Raging Bolt|100/100
|turn|14
|
|t:|1760777250
|switch|p1a: Azumarill|Azumarill, F|100/100
|move|p2a: Raging Bolt|Volt Switch|p1a: Azumarill
|-supereffective|p1a: Azumarill
|-damage|p1a: Azumarill|13/100
|
|t:|1760777253
|-end|p2a: Raging Bolt|Protosynthesis|[silent]
|switch|p2a: Rillaboom|Rillaboom, F, tera:Grass|41/100|[from] Volt Switch
|
|-heal|p2a: Rillaboom|47/100|[from] Grassy Terrain
|-heal|p1a: Azumarill|19/100|[from] Grassy Terrain
|upkeep
|turn|15
|
|t:|1760777262
|move|p2a: Rillaboom|Knock Off|p1a: Azumarill
|-resisted|p1a: Azumarill
|-damage|p1a: Azumarill|0 fnt
|-enditem|p1a: Azumarill|Assault Vest|[from] move: Knock Off|[of] p2a: Rillaboom
|faint|p1a: Azumarill
|
|-heal|p2a: Rillaboom|54/100|[from] Grassy Terrain
|upkeep
|
|t:|1760777270
|switch|p1a: Charizard|Charizard, F|100/100
|turn|16
|
|t:|1760777274
|switch|p2a: Raging Bolt|Raging Bolt|100/100
|move|p1a: Charizard|Overheat|p2a: Raging Bolt
|-resisted|p2a: Raging Bolt
|-damage|p2a: Raging Bolt|60/100
|-unboost|p1a: Charizard|spa|2
|
|-heal|p2a: Raging Bolt|66/100|[from] Grassy Terrain
|-fieldend|move: Grassy Terrain
|upkeep
|turn|17
|
|t:|1760777285
|switch|p1a: Corviknight|Corviknight, F|95/100
|move|p2a: Raging Bolt|Draco Meteor|p1a: Corviknight
|-resisted|p1a: Corviknight
|-damage|p1a: Corviknight|34/100
|-unboost|p2a: Raging Bolt|spa|2
|
|upkeep
|turn|18
|
|t:|1760777293
|-end|p2a: Raging Bolt|Protosynthesis|[silent]
|switch|p2a: Alomomola|Alomomola, M|100/100
|move|p1a: Corviknight|Roost|p1a: Corviknight
|-heal|p1a: Corviknight|84/100
|-singleturn|p1a: Corviknight|move: Roost
|
|upkeep
|turn|19
|
|t:|1760777302
|move|p1a: Corviknight|U-turn|p2a: Alomomola
|-damage|p2a: Alomomola|93/100
|
|t:|1760777305
|switch|p1a: Meowscarada|Meowscarada, F|100/100|[from] U-turn
|move|p2a: Alomomola|Wish|p2a: Alomomola
|
|upkeep
|turn|20
|
|t:|1760777317
|move|p1a: Meowscarada|Flower Trick|p2a: Alomomola
|-start|p1a: Meowscarada|typechange|Grass|[from] ability: Protean
|-supereffective|p2a: Alomomola
|-crit|p2a: Alomomola
|-damage|p2a: Alomomola|40/100
|move|p2a: Alomomola|Flip Turn|p1a: Meowscarada
|-resisted|p1a: Meowscarada
|-damage|p1a: Meowscarada|88/100
|
|t:|1760777335
|switch|p2a: Raging Bolt|Raging Bolt|66/100|[from] Flip Turn
|
|-heal|p2a: Raging Bolt|100/100|[from] move: Wish|[wisher] Alomomola
|upkeep
|turn|21
|j| Wodje
|
|t:|1760777345
|-terastallize|p1a: Meowscarada|Steel
|move|p1a: Meowscarada|Triple Axel|p2a: Raging Bolt
|-supereffective|p2a: Raging Bolt
|-damage|p2a: Raging Bolt|88/100
|-supereffective|p2a: Raging Bolt
|-damage|p2a: Raging Bolt|64/100
|-supereffective|p2a: Raging Bolt
|-damage|p2a: Raging Bolt|32/100
|-hitcount|p2a: Raging Bolt|3
|move|p2a: Raging Bolt|Volt Switch|p1a: Meowscarada
|-damage|p1a: Meowscarada|0 fnt
|faint|p1a: Meowscarada
|
|t:|1760777362
|-end|p2a: Raging Bolt|Protosynthesis|[silent]
|switch|p2a: Rillaboom|Rillaboom, F, tera:Grass|54/100|[from] Volt Switch
|-fieldstart|move: Grassy Terrain|[from] ability: Grassy Surge|[of] p2a: Rillaboom
|
|-heal|p2a: Rillaboom|60/100|[from] Grassy Terrain
|upkeep
|
|t:|1760777369
|switch|p1a: Charizard|Charizard, F|100/100
|turn|22
|
|t:|1760777375
|switch|p2a: Great Tusk|Great Tusk|100/100
|move|p1a: Charizard|Hurricane|p2a: Great Tusk
|-supereffective|p2a: Great Tusk
|-damage|p2a: Great Tusk|0 fnt
|faint|p2a: Great Tusk
|-end|p2a: Great Tusk|Protosynthesis|[silent]
|
|upkeep
|
|t:|1760777379
|switch|p2a: Raging Bolt|Raging Bolt|32/100
|turn|23
|
|t:|1760777388
|switch|p1a: Corviknight|Corviknight, F|84/100
|move|p2a: Raging Bolt|Draco Meteor|p1a: Corviknight
|-resisted|p1a: Corviknight
|-damage|p1a: Corviknight|28/100
|-unboost|p2a: Raging Bolt|spa|2
|
|-heal|p2a: Raging Bolt|38/100|[from] Grassy Terrain
|upkeep
|turn|24
|
|t:|1760777398
|-end|p2a: Raging Bolt|Protosynthesis|[silent]
|switch|p2a: Alomomola|Alomomola, M|73/100
|move|p1a: Corviknight|U-turn|p2a: Alomomola
|-damage|p2a: Alomomola|66/100
|
|t:|1760777404
|switch|p1a: Charizard|Charizard, F|100/100|[from] U-turn
|
|-heal|p2a: Alomomola|72/100|[from] Grassy Terrain
|upkeep
|turn|25
|
|t:|1760777411
|move|p2a: Alomomola|Protect|p2a: Alomomola
|-singleturn|p2a: Alomomola|Protect
|move|p1a: Charizard|Hurricane|p2a: Alomomola
|-activate|p2a: Alomomola|move: Protect
|
|-heal|p2a: Alomomola|78/100|[from] Grassy Terrain
|-fieldend|move: Grassy Terrain
|upkeep
|turn|26
|
|t:|1760777419
|move|p1a: Charizard|Hurricane|p2a: Alomomola|[miss]
|-miss|p1a: Charizard|p2a: Alomomola
|move|p2a: Alomomola|Wish|p2a: Alomomola
|
|upkeep
|turn|27
|
|t:|1760777433
|move|p1a: Charizard|Hurricane|p2a: Alomomola
|-damage|p2a: Alomomola|0 fnt
|faint|p2a: Alomomola
|
|upkeep
|
|t:|1760777435
|switch|p2a: Raging Bolt|Raging Bolt|38/100
|turn|28
|
|t:|1760777445
|switch|p1a: Corviknight|Corviknight, F|28/100
|move|p2a: Raging Bolt|Draco Meteor|p1a: Corviknight
|-resisted|p1a: Corviknight
|-damage|p1a: Corviknight|0 fnt
|-unboost|p2a: Raging Bolt|spa|2
|faint|p1a: Corviknight
|
|upkeep
|
|t:|1760777454
|switch|p1a: Ursaluna|Ursaluna, F|78/100 brn
|turn|29
|
|t:|1760777458
|-end|p2a: Raging Bolt|Protosynthesis|[silent]
|switch|p2a: Rillaboom|Rillaboom, F, tera:Grass|60/100
|-fieldstart|move: Grassy Terrain|[from] ability: Grassy Surge|[of] p2a: Rillaboom
|move|p1a: Ursaluna|Facade|p2a: Rillaboom
|-damage|p2a: Rillaboom|0 fnt
|faint|p2a: Rillaboom
|
|-heal|p1a: Ursaluna|84/100 brn|[from] Grassy Terrain
|-damage|p1a: Ursaluna|78/100 brn|[from] brn
|upkeep
|
|t:|1760777460
|switch|p2a: Raging Bolt|Raging Bolt|38/100
|turn|30
|
|t:|1760777477
|switch|p1a: Charizard|Charizard, F|100/100
|move|p2a: Raging Bolt|Draco Meteor|p1a: Charizard
|-damage|p1a: Charizard|0 fnt
|-unboost|p2a: Raging Bolt|spa|2
|faint|p1a: Charizard
|
|-heal|p2a: Raging Bolt|44/100|[from] Grassy Terrain
|upkeep
|
|t:|1760777487
|switch|p1a: Ursaluna|Ursaluna, F|78/100 brn
|turn|31
|
|t:|1760777491
|move|p2a: Raging Bolt|Draco Meteor|p1a: Ursaluna
|-damage|p1a: Ursaluna|21/100 brn
|-unboost|p2a: Raging Bolt|spa|2
|move|p1a: Ursaluna|Facade|p2a: Raging Bolt
|-damage|p2a: Raging Bolt|0 fnt
|faint|p2a: Raging Bolt
|-end|p2a: Raging Bolt|Protosynthesis|[silent]
|
|win|kinsword
|raw|kinsword's rating: 1563 &rarr; <strong>1577</strong><br />(+14 for winning)
|raw|King_Jamy's rating: 1454 &rarr; <strong>1440</strong><br />(-14 for losing)
|l|☆King_Jamy
|player|p2|
|l|☆kinsword
|player|p1|
