|j|☆HZBKAI
|j|☆Mc_Spiny
|t:|1760762395
|gametype|singles
|player|p1|HZBKAI|101|1137
|player|p2|Mc_Spiny|2|1196
|gen|9
|tier|[Gen 9] OU
|rated|
|rule|HP Percentage Mod: HP is shown in percentages
|rule|Endless Battle Clause: Forcing endless battles is banned
|rule|Species Clause: Limit one of each Pokémon
|rule|OHKO Clause: OHKO moves are banned
|rule|Evasion Items Clause: Evasion items are banned
|rule|Evasion Moves Clause: Evasion moves are banned
|rule|Evasion Abilities Clause: Evasion abilities are banned
|rule|Sleep Moves Clause: Sleep-inducing moves are banned
|clearpoke
|poke|p1|Ceruledge, F|
|poke|p1|Kyurem|
|poke|p1|Manaphy|
|poke|p1|Metagross|
|poke|p1|Okidogi, M|
|poke|p1|Zoroark-Hisui, M|
|poke|p2|Arcanine, F|
|poke|p2|Great Tusk|
|poke|p2|Slowking-Galar, F|
|poke|p2|Kyurem|
|poke|p2|Gholdengo|
|poke|p2|Ogerpon-Wellspring, F|
|teampreview
|inactive|Battle timer is ON: inactive players will automatically lose when time's up. (requested by Mc_Spiny)
|
|t:|1760762401
|teamsize|p1|6
|teamsize|p2|6
|start
|switch|p1a: Ceruledge|Ceruledge, F|100/100
|switch|p2a: Arcanine|Arcanine, F|100/100
|-ability|p2a: Arcanine|Intimidate|boost
|-unboost|p1a: Ceruledge|atk|1
|turn|1
|
|t:|1760762408
|switch|p2a: Great Tusk|Great Tusk|100/100
|move|p1a: Ceruledge|Poltergeist|p2a: Great Tusk
|-activate|p2a: Great Tusk|move: Poltergeist|Rocky Helmet
|-damage|p2a: Great Tusk|83/100
|
|upkeep
|turn|2
|
|t:|1760762411
|move|p1a: Ceruledge|Poltergeist|p2a: Great Tusk
|-activate|p2a: Great Tusk|move: Poltergeist|Rocky Helmet
|-damage|p2a: Great Tusk|65/100
|move|p2a: Great Tusk|Stealth Rock|p1a: Ceruledge
|-sidestart|p1: HZBKAI|move: Stealth Rock
|
|upkeep
|turn|3
|
|t:|1760762415
|move|p1a: Ceruledge|Poltergeist|p2a: Great Tusk
|-activate|p2a: Great Tusk|move: Poltergeist|Rocky Helmet
|-damage|p2a: Great Tusk|47/100
|move|p2a: Great Tusk|Knock Off|p1a: Ceruledge
|-supereffective|p1a: Ceruledge
|-damage|p1a: Ceruledge|28/100
|-ability|p1a: Ceruledge|Weak Armor|boost
|-unboost|p1a: Ceruledge|def|1
|-boost|p1a: Ceruledge|spe|2
|-enditem|p1a: Ceruledge|Focus Sash|[from] move: Knock Off|[of] p2a: Great Tusk
|
|upkeep
|turn|4
|
|t:|1760762417
|-terastallize|p1a: Ceruledge|Ghost
|move|p1a: Ceruledge|Poltergeist|p2a: Great Tusk|[miss]
|-miss|p1a: Ceruledge|p2a: Great Tusk
|move|p2a: Great Tusk|Knock Off|p1a: Ceruledge
|-supereffective|p1a: Ceruledge
|-damage|p1a: Ceruledge|0 fnt
|faint|p1a: Ceruledge
|
|upkeep
|
|t:|1760762417
|switch|p1a: Manaphy|Manaphy|100/100
|-damage|p1a: Manaphy|88/100|[from] Stealth Rock
|turn|5
|
|t:|1760762427
|-end|p2a: Great Tusk|Protosynthesis|[silent]
|switch|p2a: Ogerpon|Ogerpon-Wellspring, F|100/100
|move|p1a: Manaphy|Surf|p2a: Ogerpon
|-immune|p2a: Ogerpon|[from] ability: Water Absorb
|
|-heal|p1a: Manaphy|94/100|[from] item: Leftovers
|upkeep
|turn|6
|
|t:|1760762430
|move|p2a: Ogerpon|Swords Dance|p2a: Ogerpon
|-boost|p2a: Ogerpon|atk|2
|move|p1a: Manaphy|Alluring Voice|p2a: Ogerpon
|-damage|p2a: Ogerpon|74/100
|-start|p2a: Ogerpon|confusion
|
|-heal|p1a: Manaphy|100/100|[from] item: Leftovers
|upkeep
|turn|7
|
|t:|1760762433
|-activate|p2a: Ogerpon|confusion
|-damage|p2a: Ogerpon|40/100|[from] confusion
|move|p1a: Manaphy|Alluring Voice|p2a: Ogerpon
|-damage|p2a: Ogerpon|10/100
|
|upkeep
|turn|8
|
|t:|1760762435
|-activate|p2a: Ogerpon|confusion
|move|p2a: Ogerpon|Horn Leech|p1a: Manaphy
|-supereffective|p1a: Manaphy
|-damage|p1a: Manaphy|0 fnt
|-heal|p2a: Ogerpon|67/100|[from] drain|[of] p1a: Manaphy
|faint|p1a: Manaphy
|
|upkeep
|
|t:|1760762435
|switch|p1a: Kyurem|Kyurem|100/100
|-damage|p1a: Kyurem|76/100|[from] Stealth Rock
|-ability|p1a: Kyurem|Pressure
|turn|9
|
|t:|1760762440
|switch|p2a: Slowking|Slowking-Galar, F|100/100
|move|p1a: Kyurem|Tera Blast|p2a: Slowking
|-damage|p2a: Slowking|88/100
|
|upkeep
|turn|10
|
|t:|1760762442
|move|p1a: Kyurem|Tera Blast|p2a: Slowking
|-damage|p2a: Slowking|76/100
|move|p2a: Slowking|Thunder Wave|p1a: Kyurem
|-status|p1a: Kyurem|par
|
|upkeep
|turn|11
|
|t:|1760762448
|move|p1a: Kyurem|Tera Blast|p2a: Slowking
|-damage|p2a: Slowking|65/100
|move|p2a: Slowking|Ice Beam|p1a: Kyurem
|-damage|p1a: Kyurem|55/100 par
|
|upkeep
|turn|12
|
|t:|1760762454
|switch|p2a: Gholdengo|Gholdengo|100/100
|move|p1a: Kyurem|Tera Blast|p2a: Gholdengo
|-immune|p2a: Gholdengo
|
|upkeep
|turn|13
|
|t:|1760762457
|move|p2a: Gholdengo|Make It Rain|p1a: Kyurem
|-supereffective|p1a: Kyurem
|-damage|p1a: Kyurem|0 fnt
|-unboost|p2a: Gholdengo|spa|1
|faint|p1a: Kyurem
|
|upkeep
|
|t:|1760762457
|switch|p1a: Metagross|Metagross|100/100
|-damage|p1a: Metagross|88/100|[from] Stealth Rock
|turn|14
|
|t:|1760762461
|switch|p2a: Arcanine|Arcanine, F|100/100
|-ability|p2a: Arcanine|Intimidate|boost
|-unboost|p1a: Metagross|atk|1
|move|p1a: Metagross|Shadow Ball|p2a: Arcanine
|-damage|p2a: Arcanine|55/100
|
|upkeep
|turn|15
|
|t:|1760762468
|switch|p2a: Slowking|Slowking-Galar, F|98/100
|move|p1a: Metagross|Shadow Ball|p2a: Slowking
|-supereffective|p2a: Slowking
|-damage|p2a: Slowking|48/100
|
|upkeep
|turn|16
|
|t:|1760762471
|switch|p2a: Great Tusk|Great Tusk|47/100
|move|p1a: Metagross|Shadow Ball|p2a: Great Tusk
|-damage|p2a: Great Tusk|0 fnt
|faint|p2a: Great Tusk
|-end|p2a: Great Tusk|Protosynthesis|[silent]
|
|upkeep
|
|t:|1760762474
|switch|p2a: Kyurem|Kyurem|100/100
|-ability|p2a: Kyurem|Pressure
|turn|17
|
|t:|1760762476
|move|p1a: Metagross|Shadow Ball|p2a: Kyurem
|-damage|p2a: Kyurem|61/100
|move|p2a: Kyurem|Earth Power|p1a: Metagross
|-damage|p1a: Metagross|0 fnt
|replace|p1a: Zoroark|Zoroark-Hisui, M
|-end|p1a: Zoroark|Illusion
|faint|p1a: Zoroark
|
|upkeep
|
|t:|1760762476
|switch|p1a: Okidogi|Okidogi, M|100/100
|-damage|p1a: Okidogi|94/100|[from] Stealth Rock
|turn|18
|
|t:|1760762482
|move|p2a: Kyurem|Earth Power|p1a: Okidogi
|-supereffective|p1a: Okidogi
|-damage|p1a: Okidogi|12/100
|move|p1a: Okidogi|Drain Punch|p2a: Kyurem
|-supereffective|p2a: Kyurem
|-damage|p2a: Kyurem|2/100
|-heal|p1a: Okidogi|42/100|[from] drain|[of] p2a: Kyurem
|
|-heal|p1a: Okidogi|48/100|[from] item: Leftovers
|upkeep
|turn|19
|
|t:|1760762485
|move|p2a: Kyurem|Earth Power|p1a: Okidogi
|-supereffective|p1a: Okidogi
|-damage|p1a: Okidogi|0 fnt
|faint|p1a: Okidogi
|
|upkeep
|
|t:|1760762485
|switch|p1a: Metagross|Metagross|100/100
|-damage|p1a: Metagross|94/100|[from] Stealth Rock
|turn|20
|
|t:|1760762491
|switch|p2a: Arcanine|Arcanine, F|55/100
|-ability|p2a: Arcanine|Intimidate|boost
|-fail|p1a: Metagross|unboost|[from] ability: Clear Body|[of] p1a: Metagross
|move|p1a: Metagross|Iron Head|p2a: Arcanine
|-resisted|p2a: Arcanine
|-damage|p2a: Arcanine|38/100
|
|-heal|p1a: Metagross|100/100|[from] item: Leftovers
|upkeep
|turn|21
|
|t:|1760762495
|move|p2a: Arcanine|Morning Sun|p2a: Arcanine
|-heal|p2a: Arcanine|87/100
|move|p1a: Metagross|Explosion|p2a: Arcanine
|-damage|p2a: Arcanine|15/100
|faint|p1a: Metagross
|
|win|Mc_Spiny
|raw|HZBKAI's rating: 1137 &rarr; <strong>1116</strong><br />(-21 for losing)
|raw|Mc_Spiny's rating: 1196 &rarr; <strong>1217</strong><br />(+21 for winning)
|l|☆HZBKAI
|player|p1|
|l|☆Mc_Spiny
|player|p2|
