|j|☆LLuman
|j|☆RocketMilt
|t:|1760725433
|gametype|singles
|player|p1|LLuman|170|1390
|player|p2|RocketMilt|265|1369
|gen|9
|tier|[Gen 9] OU
|rated|
|rule|HP Percentage Mod: HP is shown in percentages
|rule|Endless Battle Clause: Forcing endless battles is banned
|rule|Species Clause: Limit one of each Pokémon
|rule|OHKO Clause: OHKO moves are banned
|rule|Evasion Items Clause: Evasion items are banned
|rule|Evasion Moves Clause: Evasion moves are banned
|rule|Evasion Abilities Clause: Evasion abilities are banned
|rule|Sleep Moves Clause: Sleep-inducing moves are banned
|clearpoke
|poke|p1|Darkrai|
|poke|p1|Great Tusk|
|poke|p1|Gholdengo|
|poke|p1|Kingambit, M|
|poke|p1|Glimmora, M|
|poke|p1|Dragonite, M|
|poke|p2|Porygon-Z|
|poke|p2|Rillaboom, F|
|poke|p2|Samurott-Hisui, M|
|poke|p2|Slowking-Galar, F|
|poke|p2|Great Tusk|
|poke|p2|Moltres|
|teampreview
|inactive|Battle timer is ON: inactive players will automatically lose when time's up. (requested by RocketMilt)
|
|t:|1760725465
|teamsize|p1|6
|teamsize|p2|6
|start
|switch|p1a: Glimmora|Glimmora, M, shiny|100/100
|switch|p2a: Porygon-Z|Porygon-Z|100/100
|-ability|p2a: Porygon-Z|Download|boost
|-boost|p2a: Porygon-Z|spa|1
|turn|1
|
|t:|1760725479
|move|p2a: Porygon-Z|Shadow Ball|p1a: Glimmora
|-damage|p1a: Glimmora|20/100
|-unboost|p1a: Glimmora|spd|1
|move|p1a: Glimmora|Meteor Beam||[still]
|-prepare|p1a: Glimmora|Meteor Beam
|-boost|p1a: Glimmora|spa|1
|-enditem|p1a: Glimmora|Power Herb
|-anim|p1a: Glimmora|Meteor Beam|p2a: Porygon-Z
|-damage|p2a: Porygon-Z|0 fnt
|faint|p2a: Porygon-Z
|
|upkeep
|
|t:|1760725504
|switch|p2a: Samurott|Samurott-Hisui, M|100/100
|turn|2
|inactive|LLuman has 120 seconds left.
|
|t:|1760725551
|move|p2a: Samurott|Sucker Punch|p1a: Glimmora
|-crit|p1a: Glimmora
|-damage|p1a: Glimmora|0 fnt
|-activate|p1a: Glimmora|ability: Toxic Debris
|-sidestart|p2: RocketMilt|move: Toxic Spikes
|faint|p1a: Glimmora
|
|upkeep
|inactive|LLuman has 90 seconds left.
|
|t:|1760725572
|switch|p1a: Dragonite|Dragonite, M, shiny|100/100
|turn|3
|
|t:|1760725577
|switch|p2a: Moltres|Moltres|100/100
|move|p1a: Dragonite|Dragon Dance|p1a: Dragonite
|-boost|p1a: Dragonite|atk|1
|-boost|p1a: Dragonite|spe|1
|
|upkeep
|turn|4
|
|t:|1760725587
|switch|p1a: Darkrai|Darkrai, shiny|100/100
|move|p2a: Moltres|Roar|p1a: Darkrai
|drag|p1a: Dragonite|Dragonite, M, shiny|100/100
|
|upkeep
|turn|5
|inactive|LLuman has 90 seconds left.
|
|t:|1760725608
|move|p1a: Dragonite|Tera Blast|p2a: Moltres
|-damage|p2a: Moltres|83/100
|move|p2a: Moltres|Flamethrower|p1a: Dragonite
|-resisted|p1a: Dragonite
|-damage|p1a: Dragonite|95/100
|
|upkeep
|turn|6
|inactive|LLuman has 90 seconds left.
|
|t:|1760725620
|switch|p1a: Darkrai|Darkrai, shiny|100/100
|move|p2a: Moltres|Roar|p1a: Darkrai
|drag|p1a: Dragonite|Dragonite, M, shiny|95/100
|
|upkeep
|turn|7
|inactive|LLuman has 90 seconds left.
|
|t:|1760725639
|move|p1a: Dragonite|Tera Blast|p2a: Moltres
|-damage|p2a: Moltres|67/100
|move|p2a: Moltres|U-turn|p1a: Dragonite
|-resisted|p1a: Dragonite
|-damage|p1a: Dragonite|88/100
|
|t:|1760725642
|switch|p2a: Slowking|Slowking-Galar, F|100/100|[from] U-turn
|-sideend|p2: RocketMilt|move: Toxic Spikes|[of] p2a: Slowking
|
|upkeep
|turn|8
|
|t:|1760725651
|move|p1a: Dragonite|Dragon Dance|p1a: Dragonite
|-boost|p1a: Dragonite|atk|1
|-boost|p1a: Dragonite|spe|1
|move|p2a: Slowking|Future Sight|p1a: Dragonite
|-start|p2a: Slowking|move: Future Sight
|
|upkeep
|turn|9
|
|t:|1760725660
|switch|p2a: Moltres|Moltres|67/100
|move|p1a: Dragonite|Earthquake|p2a: Moltres
|-immune|p2a: Moltres
|
|upkeep
|turn|10
|
|t:|1760725667
|switch|p1a: Darkrai|Darkrai, shiny|100/100
|move|p2a: Moltres|Flamethrower|p1a: Darkrai
|-damage|p1a: Darkrai|47/100
|
|-end|p1a: Darkrai|move: Future Sight
|-immune|p1a: Darkrai
|upkeep
|turn|11
|
|t:|1760725681
|switch|p2a: Samurott|Samurott-Hisui, M|100/100
|move|p1a: Darkrai|Knock Off|p2a: Samurott
|-resisted|p2a: Samurott
|-damage|p2a: Samurott|79/100
|-enditem|p2a: Samurott|Assault Vest|[from] move: Knock Off|[of] p1a: Darkrai
|
|upkeep
|turn|12
|inactive|LLuman has 90 seconds left.
|
|t:|1760725720
|move|p1a: Darkrai|Dark Pulse|p2a: Samurott
|-resisted|p2a: Samurott
|-damage|p2a: Samurott|53/100
|move|p2a: Samurott|Razor Shell|p1a: Darkrai
|-damage|p1a: Darkrai|0 fnt
|faint|p1a: Darkrai
|
|upkeep
|
|t:|1760725737
|switch|p1a: Kingambit|Kingambit, M|100/100
|-activate|p1a: Kingambit|ability: Supreme Overlord
|-start|p1a: Kingambit|fallen2|[silent]
|turn|13
|
|t:|1760725742
|switch|p2a: Moltres|Moltres|67/100
|move|p1a: Kingambit|Swords Dance|p1a: Kingambit
|-boost|p1a: Kingambit|atk|2
|
|upkeep
|turn|14
|
|t:|1760725753
|move|p2a: Moltres|Roost|p2a: Moltres
|-heal|p2a: Moltres|100/100
|-singleturn|p2a: Moltres|move: Roost
|move|p1a: Kingambit|Kowtow Cleave|p2a: Moltres
|-crit|p2a: Moltres
|-damage|p2a: Moltres|0 fnt
|-status|p1a: Kingambit|brn|[from] ability: Flame Body|[of] p2a: Moltres
|faint|p2a: Moltres
|
|-damage|p1a: Kingambit|94/100 brn|[from] brn
|upkeep
|
|t:|1760725756
|switch|p2a: Great Tusk|Great Tusk|100/100
|-enditem|p2a: Great Tusk|Booster Energy
|-activate|p2a: Great Tusk|ability: Protosynthesis|[fromitem]
|-start|p2a: Great Tusk|protosynthesisspe
|turn|15
|inactive|LLuman has 60 seconds left.
|
|t:|1760725787
|-terastallize|p1a: Kingambit|Flying
|move|p2a: Great Tusk|Headlong Rush|p1a: Kingambit
|-immune|p1a: Kingambit
|move|p1a: Kingambit|Kowtow Cleave|p2a: Great Tusk
|-resisted|p2a: Great Tusk
|-damage|p2a: Great Tusk|83/100
|
|-heal|p1a: Kingambit|100/100 brn|[from] item: Leftovers
|-damage|p1a: Kingambit|94/100 brn|[from] brn
|upkeep
|turn|16
|inactive|LLuman has 60 seconds left.
|
|t:|1760725803
|move|p2a: Great Tusk|Bulk Up|p2a: Great Tusk
|-boost|p2a: Great Tusk|atk|1
|-boost|p2a: Great Tusk|def|1
|move|p1a: Kingambit|Swords Dance|p1a: Kingambit
|-boost|p1a: Kingambit|atk|2
|
|-heal|p1a: Kingambit|100/100 brn|[from] item: Leftovers
|-damage|p1a: Kingambit|94/100 brn|[from] brn
|upkeep
|turn|17
|inactive|LLuman has 60 seconds left.
|
|t:|1760725813
|move|p2a: Great Tusk|Bulk Up|p2a: Great Tusk
|-boost|p2a: Great Tusk|atk|1
|-boost|p2a: Great Tusk|def|1
|move|p1a: Kingambit|Swords Dance|p1a: Kingambit
|-boost|p1a: Kingambit|atk|2
|
|-heal|p1a: Kingambit|100/100 brn|[from] item: Leftovers
|-damage|p1a: Kingambit|94/100 brn|[from] brn
|upkeep
|turn|18
|inactive|LLuman has 60 seconds left.
|
|t:|1760725825
|move|p2a: Great Tusk|Bulk Up|p2a: Great Tusk
|-boost|p2a: Great Tusk|atk|1
|-boost|p2a: Great Tusk|def|1
|move|p1a: Kingambit|Kowtow Cleave|p2a: Great Tusk
|-resisted|p2a: Great Tusk
|-damage|p2a: Great Tusk|70/100
|
|-heal|p1a: Kingambit|100/100 brn|[from] item: Leftovers
|-damage|p1a: Kingambit|94/100 brn|[from] brn
|upkeep
|turn|19
|inactive|LLuman has 60 seconds left.
|
|t:|1760725836
|move|p2a: Great Tusk|Ice Spinner|p1a: Kingambit
|-supereffective|p1a: Kingambit
|-damage|p1a: Kingambit|10/100 brn
|move|p1a: Kingambit|Kowtow Cleave|p2a: Great Tusk
|-resisted|p2a: Great Tusk
|-damage|p2a: Great Tusk|55/100
|
|-heal|p1a: Kingambit|17/100 brn|[from] item: Leftovers
|-damage|p1a: Kingambit|10/100 brn|[from] brn
|upkeep
|turn|20
|inactive|LLuman has 60 seconds left.
|
|t:|1760725846
|move|p1a: Kingambit|Sucker Punch|p2a: Great Tusk
|-resisted|p2a: Great Tusk
|-damage|p2a: Great Tusk|42/100
|move|p2a: Great Tusk|Ice Spinner|p1a: Kingambit
|-supereffective|p1a: Kingambit
|-damage|p1a: Kingambit|0 fnt
|faint|p1a: Kingambit
|-end|p1a: Kingambit|fallen2|[silent]
|
|upkeep
|
|t:|1760725854
|switch|p1a: Gholdengo|Gholdengo, shiny|100/100
|-item|p1a: Gholdengo|Air Balloon
|turn|21
|inactive|LLuman has 60 seconds left.
|
|t:|1760725867
|move|p2a: Great Tusk|Ice Spinner|p1a: Gholdengo
|-resisted|p1a: Gholdengo
|-crit|p1a: Gholdengo
|-damage|p1a: Gholdengo|48/100
|-enditem|p1a: Gholdengo|Air Balloon
|move|p1a: Gholdengo|Dazzling Gleam|p2a: Great Tusk
|-supereffective|p2a: Great Tusk
|-damage|p2a: Great Tusk|0 fnt
|faint|p2a: Great Tusk
|-end|p2a: Great Tusk|Protosynthesis|[silent]
|
|upkeep
|
|t:|1760725869
|switch|p2a: Samurott|Samurott-Hisui, M|53/100
|turn|22
|inactive|LLuman has 60 seconds left.
|
|t:|1760725893
|switch|p1a: Dragonite|Dragonite, M, shiny|88/100
|move|p2a: Samurott|Ceaseless Edge|p1a: Dragonite
|-damage|p1a: Dragonite|52/100
|-sidestart|p1: LLuman|Spikes
|
|upkeep
|turn|23
|
|t:|1760725902
|switch|p2a: Slowking|Slowking-Galar, F|100/100
|move|p1a: Dragonite|Roost|p1a: Dragonite
|-heal|p1a: Dragonite|100/100
|-singleturn|p1a: Dragonite|move: Roost
|
|upkeep
|turn|24
|inactive|LLuman has 60 seconds left.
|
|t:|1760725911
|move|p1a: Dragonite|Dragon Dance|p1a: Dragonite
|-boost|p1a: Dragonite|atk|1
|-boost|p1a: Dragonite|spe|1
|move|p2a: Slowking|Thunder Wave|p1a: Dragonite
|-status|p1a: Dragonite|par
|
|upkeep
|turn|25
|
|t:|1760725917
|move|p1a: Dragonite|Dragon Dance|p1a: Dragonite
|-boost|p1a: Dragonite|atk|1
|-boost|p1a: Dragonite|spe|1
|move|p2a: Slowking|Future Sight|p1a: Dragonite
|-start|p2a: Slowking|move: Future Sight
|
|upkeep
|turn|26
|
|t:|1760725927
|move|p1a: Dragonite|Dragon Dance|p1a: Dragonite
|-boost|p1a: Dragonite|atk|1
|-boost|p1a: Dragonite|spe|1
|move|p2a: Slowking|Sludge Bomb|p1a: Dragonite
|-damage|p1a: Dragonite|89/100 par
|
|upkeep
|turn|27
|
|t:|1760725936
|cant|p1a: Dragonite|par
|move|p2a: Slowking|Sludge Bomb|p1a: Dragonite
|-damage|p1a: Dragonite|67/100 par
|
|-end|p1a: Dragonite|move: Future Sight
|-damage|p1a: Dragonite|37/100 par
|upkeep
|turn|28
|
|t:|1760725945
|move|p1a: Dragonite|Roost|p1a: Dragonite
|-heal|p1a: Dragonite|87/100 par
|-singleturn|p1a: Dragonite|move: Roost
|move|p2a: Slowking|Future Sight|p1a: Dragonite
|-start|p2a: Slowking|move: Future Sight
|
|upkeep
|turn|29
|
|t:|1760725953
|move|p1a: Dragonite|Earthquake|p2a: Slowking
|-supereffective|p2a: Slowking
|-damage|p2a: Slowking|0 fnt
|faint|p2a: Slowking
|
|upkeep
|
|t:|1760725956
|switch|p2a: Samurott|Samurott-Hisui, M|53/100
|turn|30
|inactive|LLuman has 90 seconds left.
|
|t:|1760725972
|cant|p1a: Dragonite|par
|move|p2a: Samurott|Ceaseless Edge|p1a: Dragonite
|-damage|p1a: Dragonite|44/100 par
|-sidestart|p1: LLuman|Spikes
|
|-end|p1a: Dragonite|move: Future Sight
|-damage|p1a: Dragonite|13/100 par
|upkeep
|turn|31
|inactive|LLuman has 90 seconds left.
|
|t:|1760725982
|move|p1a: Dragonite|Roost|p1a: Dragonite
|-heal|p1a: Dragonite|63/100 par
|-singleturn|p1a: Dragonite|move: Roost
|move|p2a: Samurott|Ceaseless Edge|p1a: Dragonite
|-damage|p1a: Dragonite|26/100 par
|-sidestart|p1: LLuman|Spikes
|
|upkeep
|turn|32
|inactive|LLuman has 90 seconds left.
|
|t:|1760726001
|cant|p1a: Dragonite|par
|move|p2a: Samurott|Knock Off|p1a: Dragonite
|-damage|p1a: Dragonite|0 fnt
|-enditem|p1a: Dragonite|Covert Cloak|[from] move: Knock Off|[of] p2a: Samurott
|faint|p1a: Dragonite
|
|upkeep
|
|t:|1760726014
|switch|p1a: Great Tusk|Great Tusk, shiny|100/100
|-damage|p1a: Great Tusk|76/100|[from] Spikes
|-enditem|p1a: Great Tusk|Booster Energy
|-activate|p1a: Great Tusk|ability: Protosynthesis|[fromitem]
|-start|p1a: Great Tusk|protosynthesisspe
|turn|33
|
|t:|1760726028
|move|p1a: Great Tusk|Headlong Rush|p2a: Samurott
|-damage|p2a: Samurott|0 fnt
|-unboost|p1a: Great Tusk|def|1
|-unboost|p1a: Great Tusk|spd|1
|faint|p2a: Samurott
|
|upkeep
|
|t:|1760726038
|switch|p2a: Rillaboom|Rillaboom, F|100/100
|-fieldstart|move: Grassy Terrain|[from] ability: Grassy Surge|[of] p2a: Rillaboom
|turn|34
|inactive|LLuman has 90 seconds left.
|l|☆LLuman
|inactive|LLuman disconnected and has a minute to reconnect!
|player|p1|
|inactive|LLuman has 30 seconds to reconnect!
|inactive|LLuman has 20 seconds to reconnect!
|inactive|LLuman has 15 seconds to reconnect!
|inactive|LLuman has 10 seconds to reconnect!
|inactive|LLuman has 5 seconds to reconnect!
|-message|LLuman lost due to inactivity.
|
|win|RocketMilt
|raw|LLuman's rating: 1390 &rarr; <strong>1369</strong><br />(-21 for losing)
|raw|RocketMilt's rating: 1369 &rarr; <strong>1390</strong><br />(+21 for winning)
|l|☆RocketMilt
|player|p2|
