|j|☆zmmmmm
|j|‽RadiantSol
|t:|1760769153
|gametype|singles
|player|p1|zmmmmm|zinzolin|1314
|player|p2|RadiantSol|flint|1264
|gen|9
|tier|[Gen 9] OU
|rated|
|rule|HP Percentage Mod: HP is shown in percentages
|rule|Endless Battle Clause: Forcing endless battles is banned
|rule|Species Clause: Limit one of each Pokémon
|rule|OHKO Clause: OHKO moves are banned
|rule|Evasion Items Clause: Evasion items are banned
|rule|Evasion Moves Clause: Evasion moves are banned
|rule|Evasion Abilities Clause: Evasion abilities are banned
|rule|Sleep Moves Clause: Sleep-inducing moves are banned
|clearpoke
|poke|p1|Torkoal, M|
|poke|p1|Rillaboom, F|
|poke|p1|Clodsire, F|
|poke|p1|Walking Wake|
|poke|p1|Sandy Shocks|
|poke|p1|Slither Wing|
|poke|p2|Ninetales, F|
|poke|p2|Garchomp, F|
|poke|p2|Gengar, F|
|poke|p2|Leafeon, F|
|poke|p2|Espeon, F|
|poke|p2|Quaquaval, F|
|teampreview
|
|t:|1760769160
|teamsize|p1|6
|teamsize|p2|6
|start
|switch|p1a: Sandy Shocks|Sandy Shocks, shiny|100/100
|switch|p2a: Garchomp|Garchomp, F|100/100
|-enditem|p1a: Sandy Shocks|Booster Energy
|-activate|p1a: Sandy Shocks|ability: Protosynthesis|[fromitem]
|-start|p1a: Sandy Shocks|protosynthesisspe
|turn|1
|
|t:|1760769165
|-terastallize|p1a: Sandy Shocks|Ice
|move|p2a: Garchomp|Protect|p2a: Garchomp
|-singleturn|p2a: Garchomp|Protect
|move|p1a: Sandy Shocks|Tera Blast|p2a: Garchomp|[anim] Tera Blast Ice
|-activate|p2a: Garchomp|move: Protect
|
|upkeep
|turn|2
|
|t:|1760769173
|-terastallize|p2a: Garchomp|Fairy
|move|p1a: Sandy Shocks|Earth Power|p2a: Garchomp
|-damage|p2a: Garchomp|58/100
|move|p2a: Garchomp|Stealth Rock|p1a: Sandy Shocks
|-sidestart|p1: zmmmmm|move: Stealth Rock
|
|upkeep
|turn|3
|
|t:|1760769185
|move|p1a: Sandy Shocks|Earth Power|p2a: Garchomp
|-crit|p2a: Garchomp
|-damage|p2a: Garchomp|0 fnt
|faint|p2a: Garchomp
|
|upkeep
|
|t:|1760769214
|switch|p2a: Ninetales|Ninetales, F|100/100
|-weather|SunnyDay|[from] ability: Drought|[of] p2a: Ninetales
|turn|4
|
|t:|1760769222
|move|p1a: Sandy Shocks|Earth Power|p2a: Ninetales
|-supereffective|p2a: Ninetales
|-damage|p2a: Ninetales|12/100
|-unboost|p2a: Ninetales|spd|1
|move|p2a: Ninetales|Pain Split|p1a: Sandy Shocks
|-sethp|p1a: Sandy Shocks|56/100|[from] move: Pain Split|[silent]
|-sethp|p2a: Ninetales|63/100|[from] move: Pain Split
|
|-weather|SunnyDay|[upkeep]
|upkeep
|turn|5
|
|t:|1760769230
|switch|p2a: Leafeon|Leafeon, F|100/100
|move|p1a: Sandy Shocks|Earth Power|p2a: Leafeon
|-resisted|p2a: Leafeon
|-damage|p2a: Leafeon|58/100
|
|-weather|SunnyDay|[upkeep]
|upkeep
|turn|6
|
|t:|1760769237
|move|p2a: Leafeon|Solar Blade||[still]
|-prepare|p2a: Leafeon|Solar Blade
|-anim|p2a: Leafeon|Solar Blade|p1a: Sandy Shocks
|-damage|p1a: Sandy Shocks|0 fnt
|faint|p1a: Sandy Shocks
|-end|p1a: Sandy Shocks|Protosynthesis|[silent]
|-damage|p2a: Leafeon|48/100|[from] item: Life Orb
|
|-weather|SunnyDay|[upkeep]
|upkeep
|
|t:|1760769245
|switch|p1a: Slither Wing|Slither Wing, shiny|100/100
|-damage|p1a: Slither Wing|88/100|[from] Stealth Rock
|-activate|p1a: Slither Wing|ability: Protosynthesis
|-start|p1a: Slither Wing|protosynthesisatk
|turn|7
|
|t:|1760769257
|switch|p2a: Quaquaval|Quaquaval, F|100/100
|move|p1a: Slither Wing|First Impression|p2a: Quaquaval
|-resisted|p2a: Quaquaval
|-damage|p2a: Quaquaval|36/100
|
|-weather|SunnyDay|[upkeep]
|upkeep
|turn|8
|
|t:|1760769269
|-end|p1a: Slither Wing|Protosynthesis|[silent]
|switch|p1a: Rillaboom|Rillaboom, F, shiny|100/100
|-damage|p1a: Rillaboom|88/100|[from] Stealth Rock
|-fieldstart|move: Grassy Terrain|[from] ability: Grassy Surge|[of] p1a: Rillaboom
|move|p2a: Quaquaval|Close Combat|p1a: Rillaboom
|-damage|p1a: Rillaboom|37/100
|-unboost|p2a: Quaquaval|def|1
|-unboost|p2a: Quaquaval|spd|1
|
|-weather|SunnyDay|[upkeep]
|-heal|p2a: Quaquaval|42/100|[from] Grassy Terrain
|-heal|p1a: Rillaboom|43/100|[from] Grassy Terrain
|upkeep
|turn|9
|inactive|Battle timer is ON: inactive players will automatically lose when time's up. (requested by zmmmmm)
|
|t:|1760769295
|move|p1a: Rillaboom|Grassy Glide|p2a: Quaquaval
|-supereffective|p2a: Quaquaval
|-crit|p2a: Quaquaval
|-damage|p2a: Quaquaval|0 fnt
|faint|p2a: Quaquaval
|
|-weather|SunnyDay|[upkeep]
|-heal|p1a: Rillaboom|49/100|[from] Grassy Terrain
|upkeep
|
|t:|1760769323
|switch|p2a: Leafeon|Leafeon, F|48/100
|turn|10
|
|t:|1760769326
|move|p2a: Leafeon|Knock Off|p1a: Rillaboom
|-damage|p1a: Rillaboom|8/100
|-enditem|p1a: Rillaboom|Assault Vest|[from] move: Knock Off|[of] p2a: Leafeon
|-damage|p2a: Leafeon|39/100|[from] item: Life Orb
|move|p1a: Rillaboom|U-turn|p2a: Leafeon
|-supereffective|p2a: Leafeon
|-damage|p2a: Leafeon|0 fnt
|faint|p2a: Leafeon
|
|t:|1760769337
|switch|p1a: Walking Wake|Walking Wake|100/100|[from] U-turn
|-damage|p1a: Walking Wake|88/100|[from] Stealth Rock
|-activate|p1a: Walking Wake|ability: Protosynthesis
|-start|p1a: Walking Wake|protosynthesisspe
|
|-weather|SunnyDay|[upkeep]
|-heal|p1a: Walking Wake|94/100|[from] Grassy Terrain
|upkeep
|inactive|RadiantSol has 120 seconds left.
|
|t:|1760769387
|switch|p2a: Espeon|Espeon, F|100/100
|turn|11
|l|☆zmmmmm
|inactive|zmmmmm disconnected and has a minute to reconnect!
|player|p1|
|j|☆zmmmmm
|inactive|zmmmmm reconnected and has 135 seconds left.
|player|p1|zmmmmm|zinzolin|
|
|t:|1760769407
|move|p2a: Espeon|Protect|p2a: Espeon
|-singleturn|p2a: Espeon|Protect
|move|p1a: Walking Wake|Hydro Steam|p2a: Espeon
|-activate|p2a: Espeon|move: Protect
|
|-weather|none
|-end|p1a: Walking Wake|Protosynthesis
|-heal|p1a: Walking Wake|100/100|[from] Grassy Terrain
|upkeep
|turn|12
|
|t:|1760769417
|move|p2a: Espeon|Psychic|p1a: Walking Wake
|-damage|p1a: Walking Wake|47/100
|move|p1a: Walking Wake|Hydro Steam|p2a: Espeon
|-damage|p2a: Espeon|20/100
|
|-heal|p2a: Espeon|26/100|[from] Grassy Terrain
|-heal|p1a: Walking Wake|53/100|[from] Grassy Terrain
|-fieldend|move: Grassy Terrain
|upkeep
|turn|13
|
|t:|1760769426
|-end|p1a: Walking Wake|Protosynthesis|[silent]
|switch|p1a: Rillaboom|Rillaboom, F, shiny|8/100
|-damage|p1a: Rillaboom|0 fnt|[from] Stealth Rock
|faint|p1a: Rillaboom
|move|p2a: Espeon|Psychic|p1: Rillaboom|[notarget]
|-fail|p2a: Espeon
|
|upkeep
|
|t:|1760769428
|switch|p1a: Torkoal|Torkoal, M, shiny|100/100
|-damage|p1a: Torkoal|76/100|[from] Stealth Rock
|-weather|SunnyDay|[from] ability: Drought|[of] p1a: Torkoal
|turn|14
|
|t:|1760769442
|move|p2a: Espeon|Protect|p2a: Espeon
|-singleturn|p2a: Espeon|Protect
|move|p1a: Torkoal|Weather Ball|p2a: Espeon
|-activate|p2a: Espeon|move: Protect
|
|-weather|SunnyDay|[upkeep]
|upkeep
|turn|15
|
|t:|1760769455
|switch|p2a: Ninetales|Ninetales, F|63/100
|move|p1a: Torkoal|Weather Ball|p2a: Ninetales
|-resisted|p2a: Ninetales
|-damage|p2a: Ninetales|32/100
|
|-weather|SunnyDay|[upkeep]
|upkeep
|turn|16
|
|t:|1760769474
|move|p2a: Ninetales|Encore|p1a: Torkoal
|-start|p1a: Torkoal|Encore
|move|p1a: Torkoal|Weather Ball|p2a: Ninetales
|-resisted|p2a: Ninetales
|-crit|p2a: Ninetales
|-damage|p2a: Ninetales|0 fnt
|faint|p2a: Ninetales
|
|-weather|SunnyDay|[upkeep]
|upkeep
|
|t:|1760769493
|switch|p2a: Gengar|Gengar, F|100/100
|turn|17
|
|t:|1760769502
|move|p2a: Gengar|Shadow Ball|p1a: Torkoal
|-damage|p1a: Torkoal|12/100
|move|p1a: Torkoal|Weather Ball|p2a: Gengar
|-damage|p2a: Gengar|2/100
|-start|p1a: Torkoal|Disable|Weather Ball|[from] ability: Cursed Body|[of] p2a: Gengar
|
|-weather|SunnyDay|[upkeep]
|upkeep
|turn|18
|inactive|RadiantSol has 120 seconds left.
|
|t:|1760769534
|switch|p1a: Slither Wing|Slither Wing, shiny|88/100
|-damage|p1a: Slither Wing|76/100|[from] Stealth Rock
|-activate|p1a: Slither Wing|ability: Protosynthesis
|-start|p1a: Slither Wing|protosynthesisatk
|move|p2a: Gengar|Destiny Bond|p2a: Gengar
|-singlemove|p2a: Gengar|Destiny Bond
|
|-weather|SunnyDay|[upkeep]
|upkeep
|turn|19
|l|☆zmmmmm
|inactive|zmmmmm disconnected and has a minute to reconnect!
|player|p1|
|inactive|RadiantSol has 120 seconds left.
|inactive|zmmmmm has 30 seconds to reconnect!
|j|☆zmmmmm
|inactive|zmmmmm reconnected and has 110 seconds left.
|player|p1|zmmmmm|zinzolin|
|
|t:|1760769575
|move|p2a: Gengar|Shadow Ball|p1a: Slither Wing
|-damage|p1a: Slither Wing|39/100
|move|p1a: Slither Wing|Leech Life|p2a: Gengar
|-resisted|p2a: Gengar
|-damage|p2a: Gengar|0 fnt
|-heal|p1a: Slither Wing|40/100|[from] drain|[of] p2a: Gengar
|faint|p2a: Gengar
|
|-weather|SunnyDay|[upkeep]
|upkeep
|
|t:|1760769583
|switch|p2a: Espeon|Espeon, F|26/100
|turn|20
|inactive|RadiantSol has 120 seconds left.
|
|t:|1760769590
|move|p2a: Espeon|Psychic|p1a: Slither Wing
|-supereffective|p1a: Slither Wing
|-damage|p1a: Slither Wing|0 fnt
|faint|p1a: Slither Wing
|-end|p1a: Slither Wing|Protosynthesis|[silent]
|
|-weather|SunnyDay|[upkeep]
|upkeep
|
|t:|1760769593
|switch|p1a: Walking Wake|Walking Wake|53/100
|-damage|p1a: Walking Wake|41/100|[from] Stealth Rock
|-activate|p1a: Walking Wake|ability: Protosynthesis
|-start|p1a: Walking Wake|protosynthesisspe
|turn|21
|
|t:|1760769597
|move|p2a: Espeon|Protect|p2a: Espeon
|-singleturn|p2a: Espeon|Protect
|move|p1a: Walking Wake|Hydro Steam|p2a: Espeon
|-activate|p2a: Espeon|move: Protect
|
|-weather|none
|-end|p1a: Walking Wake|Protosynthesis
|upkeep
|turn|22
|inactive|zmmmmm has 120 seconds left.
|
|t:|1760769648
|-end|p1a: Walking Wake|Protosynthesis|[silent]
|switch|p1a: Torkoal|Torkoal, M, shiny|12/100
|-damage|p1a: Torkoal|0 fnt|[from] Stealth Rock
|faint|p1a: Torkoal
|move|p2a: Espeon|Psychic|p1: Torkoal|[notarget]
|-fail|p2a: Espeon
|
|upkeep
|
|t:|1760769653
|switch|p1a: Clodsire|Clodsire, F|100/100
|-damage|p1a: Clodsire|94/100|[from] Stealth Rock
|turn|23
|
|t:|1760769660
|move|p2a: Espeon|Protect|p2a: Espeon
|-singleturn|p2a: Espeon|Protect
|move|p1a: Clodsire|Earthquake|p2a: Espeon
|-activate|p2a: Espeon|move: Protect
|
|-heal|p1a: Clodsire|100/100|[from] item: Leftovers
|upkeep
|turn|24
|
|t:|1760769666
|move|p2a: Espeon|Psychic|p1a: Clodsire
|-supereffective|p1a: Clodsire
|-damage|p1a: Clodsire|45/100
|move|p1a: Clodsire|Earthquake|p2a: Espeon
|-damage|p2a: Espeon|0 fnt
|faint|p2a: Espeon
|
|win|zmmmmm
|raw|zmmmmm's rating: 1314 &rarr; <strong>1331</strong><br />(+17 for winning)
|raw|RadiantSol's rating: 1264 &rarr; <strong>1243</strong><br />(-21 for losing)
|l|‽RadiantSol
|player|p2|
|l|☆zmmmmm
|player|p1|
