|j|☆dracula drip
|j|☆stevstacks
|t:|1760760619
|gametype|singles
|player|p1|dracula drip|iris-gen5bw2|1529
|player|p2|stevstacks|102|1556
|gen|9
|tier|[Gen 9] OU
|rated|
|rule|HP Percentage Mod: HP is shown in percentages
|rule|Endless Battle Clause: Forcing endless battles is banned
|rule|Species Clause: Limit one of each Pokémon
|rule|OHKO Clause: OHKO moves are banned
|rule|Evasion Items Clause: Evasion items are banned
|rule|Evasion Moves Clause: Evasion moves are banned
|rule|Evasion Abilities Clause: Evasion abilities are banned
|rule|Sleep Moves Clause: Sleep-inducing moves are banned
|clearpoke
|poke|p1|Iron Crown|
|poke|p1|Primarina, M|
|poke|p1|Dragonite, F|
|poke|p1|Ting-Lu|
|poke|p1|Great Tusk|
|poke|p1|Raging Bolt|
|poke|p2|Torkoal, F|
|poke|p2|Corviknight, F|
|poke|p2|Walking Wake|
|poke|p2|Raging Bolt|
|poke|p2|Great Tusk|
|poke|p2|Cinderace, F|
|teampreview
|inactive|Battle timer is ON: inactive players will automatically lose when time's up. (requested by stevstacks)
|inactive|dracula drip also wants the timer to be on.
|
|t:|1760760639
|teamsize|p1|6
|teamsize|p2|6
|start
|switch|p1a: HEAD IN THE CLOUDS|Raging Bolt|100/100
|switch|p2a: ’02 E46 330Ci|Torkoal, F, shiny|100/100
|-weather|SunnyDay|[from] ability: Drought|[of] p2a: ’02 E46 330Ci
|-activate|p1a: HEAD IN THE CLOUDS|ability: Protosynthesis
|-start|p1a: HEAD IN THE CLOUDS|protosynthesisspa
|turn|1
|
|t:|1760760664
|switch|p2a: bird allegiance|Corviknight, F|100/100
|-ability|p2a: bird allegiance|Pressure
|move|p1a: HEAD IN THE CLOUDS|Dragon Pulse|p2a: bird allegiance
|-resisted|p2a: bird allegiance
|-damage|p2a: bird allegiance|79/100
|
|-weather|SunnyDay|[upkeep]
|-heal|p2a: bird allegiance|85/100|[from] item: Leftovers
|upkeep
|turn|2
|
|t:|1760760672
|move|p1a: HEAD IN THE CLOUDS|Dragon Pulse|p2a: bird allegiance
|-resisted|p2a: bird allegiance
|-damage|p2a: bird allegiance|64/100
|move|p2a: bird allegiance|U-turn|p1a: HEAD IN THE CLOUDS
|-damage|p1a: HEAD IN THE CLOUDS|89/100
|
|t:|1760760674
|switch|p2a: TuskMadeRevz|Great Tusk|100/100|[from] U-turn
|-activate|p2a: TuskMadeRevz|ability: Protosynthesis
|-start|p2a: TuskMadeRevz|protosynthesisatk
|
|-weather|SunnyDay|[upkeep]
|-heal|p1a: HEAD IN THE CLOUDS|96/100|[from] item: Leftovers
|upkeep
|turn|3
|inactive|stevstacks has 120 seconds left.
|
|t:|1760760719
|-end|p2a: TuskMadeRevz|Protosynthesis|[silent]
|switch|p2a: Fake Swiper|Cinderace, F|100/100
|-end|p1a: HEAD IN THE CLOUDS|Protosynthesis|[silent]
|switch|p1a: PAST TRUNKS|Great Tusk|100/100
|-activate|p1a: PAST TRUNKS|ability: Protosynthesis
|-start|p1a: PAST TRUNKS|protosynthesisatk
|
|-weather|SunnyDay|[upkeep]
|upkeep
|turn|4
|
|t:|1760760729
|move|p2a: Fake Swiper|U-turn|p1a: PAST TRUNKS
|-resisted|p1a: PAST TRUNKS
|-damage|p1a: PAST TRUNKS|92/100
|-damage|p2a: Fake Swiper|84/100|[from] item: Rocky Helmet|[of] p1a: PAST TRUNKS
|
|t:|1760760733
|switch|p2a: bird allegiance|Corviknight, F|64/100|[from] U-turn
|-ability|p2a: bird allegiance|Pressure
|move|p1a: PAST TRUNKS|Knock Off|p2a: bird allegiance
|-crit|p2a: bird allegiance
|-damage|p2a: bird allegiance|6/100
|-enditem|p2a: bird allegiance|Leftovers|[from] move: Knock Off|[of] p1a: PAST TRUNKS
|
|-weather|SunnyDay|[upkeep]
|upkeep
|turn|5
|
|t:|1760760747
|move|p1a: PAST TRUNKS|Knock Off|p2a: bird allegiance
|-damage|p2a: bird allegiance|0 fnt
|faint|p2a: bird allegiance
|
|-weather|SunnyDay|[upkeep]
|upkeep
|
|t:|1760760749
|switch|p2a: hydrocodone|Walking Wake|100/100
|-activate|p2a: hydrocodone|ability: Protosynthesis
|-start|p2a: hydrocodone|protosynthesisspe
|turn|6
|
|t:|1760760757
|-end|p1a: PAST TRUNKS|Protosynthesis|[silent]
|switch|p1a: ANITA MAX WYNN|Primarina, M|100/100
|move|p2a: hydrocodone|Flip Turn|p1a: ANITA MAX WYNN
|-resisted|p1a: ANITA MAX WYNN
|-damage|p1a: ANITA MAX WYNN|96/100
|
|t:|1760760768
|-end|p2a: hydrocodone|Protosynthesis|[silent]
|switch|p2a: TuskMadeRevz|Great Tusk|100/100|[from] Flip Turn
|-activate|p2a: TuskMadeRevz|ability: Protosynthesis
|-start|p2a: TuskMadeRevz|protosynthesisatk
|
|-weather|SunnyDay|[upkeep]
|upkeep
|turn|7
|
|t:|1760760776
|move|p2a: TuskMadeRevz|Headlong Rush|p1a: ANITA MAX WYNN
|-damage|p1a: ANITA MAX WYNN|0 fnt
|-unboost|p2a: TuskMadeRevz|def|1
|-unboost|p2a: TuskMadeRevz|spd|1
|faint|p1a: ANITA MAX WYNN
|
|-weather|SunnyDay|[upkeep]
|upkeep
|
|t:|1760760784
|switch|p1a: PAST TRUNKS|Great Tusk|92/100
|-activate|p1a: PAST TRUNKS|ability: Protosynthesis
|-start|p1a: PAST TRUNKS|protosynthesisatk
|turn|8
|
|t:|1760760791
|-end|p2a: TuskMadeRevz|Protosynthesis|[silent]
|switch|p2a: 2hollis|Raging Bolt|100/100
|-activate|p2a: 2hollis|ability: Protosynthesis
|-start|p2a: 2hollis|protosynthesisspa
|move|p1a: PAST TRUNKS|Rapid Spin|p2a: 2hollis
|-crit|p2a: 2hollis
|-damage|p2a: 2hollis|68/100
|-boost|p1a: PAST TRUNKS|spe|1
|
|-weather|none
|-end|p1a: PAST TRUNKS|Protosynthesis
|-end|p2a: 2hollis|Protosynthesis
|upkeep
|turn|9
|
|t:|1760760804
|-end|p2a: 2hollis|Protosynthesis|[silent]
|switch|p2a: ’02 E46 330Ci|Torkoal, F, shiny|100/100
|-weather|SunnyDay|[from] ability: Drought|[of] p2a: ’02 E46 330Ci
|-activate|p1a: PAST TRUNKS|ability: Protosynthesis
|-start|p1a: PAST TRUNKS|protosynthesisspe
|move|p1a: PAST TRUNKS|Headlong Rush|p2a: ’02 E46 330Ci
|-supereffective|p2a: ’02 E46 330Ci
|-damage|p2a: ’02 E46 330Ci|13/100
|-unboost|p1a: PAST TRUNKS|def|1
|-unboost|p1a: PAST TRUNKS|spd|1
|
|-weather|SunnyDay|[upkeep]
|upkeep
|turn|10
|
|t:|1760760813
|switch|p2a: Fake Swiper|Cinderace, F|84/100
|move|p1a: PAST TRUNKS|Knock Off|p2a: Fake Swiper
|-damage|p2a: Fake Swiper|33/100
|-enditem|p2a: Fake Swiper|Choice Scarf|[from] move: Knock Off|[of] p1a: PAST TRUNKS
|
|-weather|SunnyDay|[upkeep]
|upkeep
|turn|11
|
|t:|1760760823
|move|p1a: PAST TRUNKS|Knock Off|p2a: Fake Swiper
|-damage|p2a: Fake Swiper|0 fnt
|faint|p2a: Fake Swiper
|
|-weather|SunnyDay|[upkeep]
|upkeep
|
|t:|1760760825
|switch|p2a: hydrocodone|Walking Wake|100/100
|-activate|p2a: hydrocodone|ability: Protosynthesis
|-start|p2a: hydrocodone|protosynthesisspe
|turn|12
|
|t:|1760760833
|move|p1a: PAST TRUNKS|Headlong Rush|p2a: hydrocodone
|-damage|p2a: hydrocodone|32/100
|-unboost|p1a: PAST TRUNKS|def|1
|-unboost|p1a: PAST TRUNKS|spd|1
|move|p2a: hydrocodone|Hydro Steam|p1a: PAST TRUNKS
|-supereffective|p1a: PAST TRUNKS
|-damage|p1a: PAST TRUNKS|0 fnt
|faint|p1a: PAST TRUNKS
|-end|p1a: PAST TRUNKS|Protosynthesis|[silent]
|
|-weather|SunnyDay|[upkeep]
|upkeep
|
|t:|1760760841
|switch|p1a: PRIME MIKE TYSON|Dragonite, F|100/100
|turn|13
|
|t:|1760760848
|-end|p2a: hydrocodone|Protosynthesis|[silent]
|switch|p2a: TuskMadeRevz|Great Tusk|100/100
|-activate|p2a: TuskMadeRevz|ability: Protosynthesis
|-start|p2a: TuskMadeRevz|protosynthesisatk
|move|p1a: PRIME MIKE TYSON|Dragon Dance|p1a: PRIME MIKE TYSON
|-boost|p1a: PRIME MIKE TYSON|atk|1
|-boost|p1a: PRIME MIKE TYSON|spe|1
|
|-weather|SunnyDay|[upkeep]
|upkeep
|turn|14
|
|t:|1760760855
|-terastallize|p1a: PRIME MIKE TYSON|Normal
|move|p1a: PRIME MIKE TYSON|Scale Shot|p2a: TuskMadeRevz
|-damage|p2a: TuskMadeRevz|85/100
|-damage|p2a: TuskMadeRevz|69/100
|-damage|p2a: TuskMadeRevz|53/100
|-damage|p2a: TuskMadeRevz|37/100
|-hitcount|p2a: TuskMadeRevz|4
|-unboost|p1a: PRIME MIKE TYSON|def|1
|-boost|p1a: PRIME MIKE TYSON|spe|1
|move|p2a: TuskMadeRevz|Rapid Spin|p1a: PRIME MIKE TYSON
|-damage|p1a: PRIME MIKE TYSON|82/100
|-boost|p2a: TuskMadeRevz|spe|1
|
|-weather|SunnyDay|[upkeep]
|upkeep
|turn|15
|
|t:|1760760867
|move|p1a: PRIME MIKE TYSON|Extreme Speed|p2a: TuskMadeRevz
|-damage|p2a: TuskMadeRevz|0 fnt
|faint|p2a: TuskMadeRevz
|-end|p2a: TuskMadeRevz|Protosynthesis|[silent]
|
|-weather|SunnyDay|[upkeep]
|upkeep
|
|t:|1760760870
|switch|p2a: 2hollis|Raging Bolt|68/100
|-activate|p2a: 2hollis|ability: Protosynthesis
|-start|p2a: 2hollis|protosynthesisspa
|turn|16
|
|t:|1760760875
|-terastallize|p2a: 2hollis|Flying
|move|p1a: PRIME MIKE TYSON|Extreme Speed|p2a: 2hollis
|-damage|p2a: 2hollis|3/100
|move|p2a: 2hollis|Thunderbolt|p1a: PRIME MIKE TYSON
|-crit|p1a: PRIME MIKE TYSON
|-damage|p1a: PRIME MIKE TYSON|0 fnt
|faint|p1a: PRIME MIKE TYSON
|
|-weather|none
|-end|p2a: 2hollis|Protosynthesis
|upkeep
|
|t:|1760760884
|switch|p1a: 4 PLATINUM ALBUMS|Iron Crown|100/100
|turn|17
|
|t:|1760760887
|-end|p2a: 2hollis|Protosynthesis|[silent]
|switch|p2a: ’02 E46 330Ci|Torkoal, F, shiny|13/100
|-weather|SunnyDay|[from] ability: Drought|[of] p2a: ’02 E46 330Ci
|move|p1a: 4 PLATINUM ALBUMS|Volt Switch|p2a: ’02 E46 330Ci
|-damage|p2a: ’02 E46 330Ci|0 fnt
|faint|p2a: ’02 E46 330Ci
|
|t:|1760760893
|-end|p1a: 4 PLATINUM ALBUMS|Quark Drive|[silent]
|switch|p1a: HEAD IN THE CLOUDS|Raging Bolt|96/100|[from] Volt Switch
|-activate|p1a: HEAD IN THE CLOUDS|ability: Protosynthesis
|-start|p1a: HEAD IN THE CLOUDS|protosynthesisspa
|
|-weather|SunnyDay|[upkeep]
|-heal|p1a: HEAD IN THE CLOUDS|100/100|[from] item: Leftovers
|upkeep
|
|t:|1760760895
|switch|p2a: hydrocodone|Walking Wake|32/100
|-activate|p2a: hydrocodone|ability: Protosynthesis
|-start|p2a: hydrocodone|protosynthesisspe
|turn|18
|
|t:|1760760901
|-end|p2a: hydrocodone|Protosynthesis|[silent]
|switch|p2a: 2hollis|Raging Bolt, tera:Flying|3/100
|-activate|p2a: 2hollis|ability: Protosynthesis
|-start|p2a: 2hollis|protosynthesisspa
|move|p1a: HEAD IN THE CLOUDS|Thunderclap||[still]
|-fail|p1a: HEAD IN THE CLOUDS
|
|-weather|SunnyDay|[upkeep]
|upkeep
|turn|19
|
|t:|1760760904
|move|p1a: HEAD IN THE CLOUDS|Thunderclap||[still]
|-fail|p1a: HEAD IN THE CLOUDS
|move|p2a: 2hollis|Calm Mind|p2a: 2hollis
|-boost|p2a: 2hollis|spa|1
|-boost|p2a: 2hollis|spd|1
|
|-weather|SunnyDay|[upkeep]
|upkeep
|turn|20
|
|t:|1760760906
|move|p1a: HEAD IN THE CLOUDS|Thunderclap||[still]
|-fail|p1a: HEAD IN THE CLOUDS
|move|p2a: 2hollis|Calm Mind|p2a: 2hollis
|-boost|p2a: 2hollis|spa|1
|-boost|p2a: 2hollis|spd|1
|
|-weather|SunnyDay|[upkeep]
|upkeep
|turn|21
|
|t:|1760760907
|move|p1a: HEAD IN THE CLOUDS|Thunderclap||[still]
|-fail|p1a: HEAD IN THE CLOUDS
|move|p2a: 2hollis|Calm Mind|p2a: 2hollis
|-boost|p2a: 2hollis|spa|1
|-boost|p2a: 2hollis|spd|1
|
|-weather|SunnyDay|[upkeep]
|upkeep
|turn|22
|
|t:|1760760909
|move|p1a: HEAD IN THE CLOUDS|Thunderclap||[still]
|-fail|p1a: HEAD IN THE CLOUDS
|move|p2a: 2hollis|Calm Mind|p2a: 2hollis
|-boost|p2a: 2hollis|spa|1
|-boost|p2a: 2hollis|spd|1
|
|-weather|SunnyDay|[upkeep]
|upkeep
|turn|23
|
|t:|1760760910
|move|p2a: 2hollis|Calm Mind|p2a: 2hollis
|-boost|p2a: 2hollis|spa|1
|-boost|p2a: 2hollis|spd|1
|move|p1a: HEAD IN THE CLOUDS|Dragon Pulse|p2a: 2hollis
|-damage|p2a: 2hollis|0 fnt
|faint|p2a: 2hollis
|-end|p2a: 2hollis|Protosynthesis|[silent]
|
|-weather|SunnyDay|[upkeep]
|upkeep
|-message|stevstacks forfeited.
|
|win|dracula drip
|raw|dracula drip's rating: 1529 &rarr; <strong>1551</strong><br />(+22 for winning)
|raw|stevstacks's rating: 1556 &rarr; <strong>1534</strong><br />(-22 for losing)
|l|☆stevstacks
|player|p2|
|l|☆dracula drip
|player|p1|
