|j|☆germ licker
|j|☆Demestion
|t:|1760862325
|gametype|singles
|player|p1|germ licker|rood|1170
|player|p2|Demestion|lucas|1167
|gen|9
|tier|[Gen 9] OU
|rated|
|rule|HP Percentage Mod: HP is shown in percentages
|rule|Endless Battle Clause: Forcing endless battles is banned
|rule|Species Clause: Limit one of each Pokémon
|rule|OHKO Clause: OHKO moves are banned
|rule|Evasion Items Clause: Evasion items are banned
|rule|Evasion Moves Clause: Evasion moves are banned
|rule|Evasion Abilities Clause: Evasion abilities are banned
|rule|Sleep Moves Clause: Sleep-inducing moves are banned
|clearpoke
|poke|p1|Zapdos|
|poke|p1|Gengar, M|
|poke|p1|Tornadus-Therian, M|
|poke|p1|Politoed, M|
|poke|p1|Azumarill, M|
|poke|p1|Dragonite, F|
|poke|p2|Serperior, F|
|poke|p2|Ceruledge, F|
|poke|p2|Eelektross, F|
|poke|p2|Tinkaton, F|
|poke|p2|Gliscor, M|
|poke|p2|Cloyster, M|
|teampreview
|
|t:|1760862333
|teamsize|p1|6
|teamsize|p2|6
|start
|switch|p1a: Gengar|Gengar, M|100/100
|switch|p2a: Tinkaton|Tinkaton, F|100/100
|turn|1
|
|t:|1760862359
|move|p1a: Gengar|Trick|p2a: Tinkaton
|-activate|p1a: Gengar|move: Trick|[of] p2a: Tinkaton
|-item|p2a: Tinkaton|Choice Scarf|[from] move: Trick
|-item|p1a: Gengar|Leftovers|[from] move: Trick
|move|p2a: Tinkaton|Knock Off|p1a: Gengar
|-supereffective|p1a: Gengar
|-damage|p1a: Gengar|30/100
|-enditem|p1a: Gengar|Leftovers|[from] move: Knock Off|[of] p2a: Tinkaton
|
|upkeep
|turn|2
|
|t:|1760862371
|move|p1a: Gengar|Destiny Bond|p1a: Gengar
|-singlemove|p1a: Gengar|Destiny Bond
|move|p2a: Tinkaton|Knock Off|p1a: Gengar
|-supereffective|p1a: Gengar
|-damage|p1a: Gengar|0 fnt
|faint|p1a: Gengar
|-activate|p1a: Gengar|move: Destiny Bond
|faint|p2a: Tinkaton
|
|upkeep
|
|t:|1760862381
|switch|p1a: Politoed|Politoed, M|100/100
|switch|p2a: Cloyster|Cloyster, M|100/100
|-weather|RainDance|[from] ability: Drizzle|[of] p1a: Politoed
|turn|3
|
|t:|1760862391
|switch|p2a: Serperior|Serperior, F|100/100
|move|p1a: Politoed|Perish Song|p1a: Politoed
|-start|p1a: Politoed|perish3|[silent]
|-start|p2a: Serperior|perish3|[silent]
|-fieldactivate|move: Perish Song
|
|-weather|RainDance|[upkeep]
|-start|p2a: Serperior|perish3
|-start|p1a: Politoed|perish3
|upkeep
|turn|4
|
|t:|1760862401
|switch|p1a: Tornadus|Tornadus-Therian, M|100/100
|move|p2a: Serperior|Leaf Storm|p1a: Tornadus
|-resisted|p1a: Tornadus
|-damage|p1a: Tornadus|89/100
|-boost|p2a: Serperior|spa|2
|
|-weather|RainDance|[upkeep]
|-start|p2a: Serperior|perish2
|upkeep
|turn|5
|
|t:|1760862412
|move|p2a: Serperior|Glare|p1a: Tornadus
|-status|p1a: Tornadus|par
|move|p1a: Tornadus|Bleakwind Storm|p2a: Serperior
|-supereffective|p2a: Serperior
|-damage|p2a: Serperior|0 fnt
|faint|p2a: Serperior
|
|-weather|RainDance|[upkeep]
|upkeep
|
|t:|1760862423
|switch|p2a: Cloyster|Cloyster, M|100/100
|turn|6
|
|t:|1760862428
|move|p2a: Cloyster|Shell Smash|p2a: Cloyster
|-unboost|p2a: Cloyster|def|1
|-unboost|p2a: Cloyster|spd|1
|-boost|p2a: Cloyster|atk|2
|-boost|p2a: Cloyster|spa|2
|-boost|p2a: Cloyster|spe|2
|-enditem|p2a: Cloyster|White Herb
|-clearnegativeboost|p2a: Cloyster|[silent]
|move|p1a: Tornadus|Focus Blast|p2a: Cloyster
|-supereffective|p2a: Cloyster
|-damage|p2a: Cloyster|0 fnt
|faint|p2a: Cloyster
|
|-weather|RainDance|[upkeep]
|upkeep
|
|t:|1760862442
|switch|p2a: Eelektross|Eelektross, F|100/100
|turn|7
|
|t:|1760862449
|move|p1a: Tornadus|Bleakwind Storm|p2a: Eelektross
|-resisted|p2a: Eelektross
|-damage|p2a: Eelektross|83/100
|-unboost|p2a: Eelektross|spe|1
|move|p2a: Eelektross|Volt Switch|p1a: Tornadus
|-supereffective|p1a: Tornadus
|-damage|p1a: Tornadus|42/100 par
|
|t:|1760862457
|switch|p2a: Ceruledge|Ceruledge, F|100/100|[from] Volt Switch
|
|-weather|RainDance|[upkeep]
|upkeep
|turn|8
|
|t:|1760862463
|switch|p1a: Azumarill|Azumarill, M|100/100
|move|p2a: Ceruledge|Swords Dance|p2a: Ceruledge
|-boost|p2a: Ceruledge|atk|2
|
|-weather|RainDance|[upkeep]
|upkeep
|turn|9
|
|t:|1760862474
|-terastallize|p1a: Azumarill|Water
|move|p1a: Azumarill|Aqua Jet|p2a: Ceruledge
|-supereffective|p2a: Ceruledge
|-enditem|p2a: Ceruledge|Focus Sash
|-damage|p2a: Ceruledge|1/100
|-ability|p2a: Ceruledge|Weak Armor|boost
|-unboost|p2a: Ceruledge|def|1
|-boost|p2a: Ceruledge|spe|2
|move|p2a: Ceruledge|Close Combat|p1a: Azumarill
|-damage|p1a: Azumarill|16/100
|-unboost|p2a: Ceruledge|def|1
|-unboost|p2a: Ceruledge|spd|1
|
|-weather|RainDance|[upkeep]
|upkeep
|turn|10
|
|t:|1760862489
|move|p2a: Ceruledge|Shadow Sneak|p1a: Azumarill
|-damage|p1a: Azumarill|0 fnt
|faint|p1a: Azumarill
|
|-weather|none
|upkeep
|
|t:|1760862501
|switch|p1a: Politoed|Politoed, M|100/100
|-weather|RainDance|[from] ability: Drizzle|[of] p1a: Politoed
|turn|11
|
|t:|1760862509
|move|p2a: Ceruledge|Close Combat|p1a: Politoed
|-damage|p1a: Politoed|2/100
|-unboost|p2a: Ceruledge|def|1
|-unboost|p2a: Ceruledge|spd|1
|move|p1a: Politoed|Weather Ball|p2a: Ceruledge
|-supereffective|p2a: Ceruledge
|-damage|p2a: Ceruledge|0 fnt
|faint|p2a: Ceruledge
|
|-weather|RainDance|[upkeep]
|upkeep
|
|t:|1760862520
|switch|p2a: Eelektross|Eelektross, F|83/100
|turn|12
|
|t:|1760862525
|move|p1a: Politoed|Perish Song|p1a: Politoed
|-start|p1a: Politoed|perish3|[silent]
|-start|p2a: Eelektross|perish3|[silent]
|-fieldactivate|move: Perish Song
|move|p2a: Eelektross|Volt Switch|p1a: Politoed
|-supereffective|p1a: Politoed
|-damage|p1a: Politoed|0 fnt
|faint|p1a: Politoed
|
|t:|1760862531
|switch|p2a: Gliscor|Gliscor, M|100/100|[from] Volt Switch
|
|-weather|RainDance|[upkeep]
|-status|p2a: Gliscor|tox|[from] item: Toxic Orb
|upkeep
|
|t:|1760862538
|switch|p1a: Zapdos|Zapdos|100/100
|turn|13
|
|t:|1760862542
|move|p1a: Zapdos|Hurricane|p2a: Gliscor
|-damage|p2a: Gliscor|0 fnt
|faint|p2a: Gliscor
|
|-weather|RainDance|[upkeep]
|upkeep
|
|t:|1760862548
|switch|p2a: Eelektross|Eelektross, F|83/100
|turn|14
|-message|Demestion forfeited.
|
|win|germ licker
|raw|germ licker's rating: 1170 &rarr; <strong>1195</strong><br />(+25 for winning)
|raw|Demestion's rating: 1167 &rarr; <strong>1142</strong><br />(-25 for losing)
|l|☆Demestion
|player|p2|
|l|☆germ licker
|player|p1|
