|j|☆eemiee
|j|☆mansonabuluting
|t:|1760737047
|gametype|singles
|player|p1|eemiee|170|1728
|player|p2|mansonabuluting|bellelba|1761
|gen|9
|tier|[Gen 9] OU
|rated|
|rule|HP Percentage Mod: HP is shown in percentages
|rule|Endless Battle Clause: Forcing endless battles is banned
|rule|Species Clause: Limit one of each Pokémon
|rule|OHKO Clause: OHKO moves are banned
|rule|Evasion Items Clause: Evasion items are banned
|rule|Evasion Moves Clause: Evasion moves are banned
|rule|Evasion Abilities Clause: Evasion abilities are banned
|rule|Sleep Moves Clause: Sleep-inducing moves are banned
|clearpoke
|poke|p1|Chandelure, M|
|poke|p1|Torkoal, F|
|poke|p1|Dragonite, F|
|poke|p1|Walking Wake|
|poke|p1|Slither Wing|
|poke|p1|Corviknight, M|
|poke|p2|Rillaboom, F|
|poke|p2|Hawlucha, F|
|poke|p2|Thundurus-Therian, M|
|poke|p2|Great Tusk|
|poke|p2|Volcanion|
|poke|p2|Goodra-Hisui, M|
|teampreview
|inactive|Battle timer is ON: inactive players will automatically lose when time's up. (requested by mansonabuluting)
|j| Elite Four Ozzy
|j| Dragonlatios1
|
|t:|1760737070
|teamsize|p1|6
|teamsize|p2|6
|start
|switch|p1a: Torkoal|Torkoal, F|100/100
|switch|p2a: Volcanion|Volcanion|100/100
|-weather|SunnyDay|[from] ability: Drought|[of] p1a: Torkoal
|turn|1
|
|t:|1760737096
|switch|p1a: Walking Wake|Walking Wake|100/100
|-activate|p1a: Walking Wake|ability: Protosynthesis
|-start|p1a: Walking Wake|protosynthesisspa
|move|p2a: Volcanion|Overheat|p1a: Walking Wake
|-resisted|p1a: Walking Wake
|-damage|p1a: Walking Wake|55/100
|-unboost|p2a: Volcanion|spa|2
|
|-weather|SunnyDay|[upkeep]
|upkeep
|turn|2
|j| bloodhound q50
|
|t:|1760737107
|switch|p2a: Goodra|Goodra-Hisui, M|100/100
|move|p1a: Walking Wake|Draco Meteor|p2a: Goodra
|-damage|p2a: Goodra|61/100
|-unboost|p1a: Walking Wake|spa|2
|
|-weather|SunnyDay|[upkeep]
|upkeep
|turn|3
|inactive|mansonabuluting has 120 seconds left.
|
|t:|1760737137
|-end|p1a: Walking Wake|Protosynthesis|[silent]
|switch|p1a: Corviknight|Corviknight, M|100/100
|-ability|p1a: Corviknight|Pressure
|move|p2a: Goodra|Draco Meteor|p1a: Corviknight
|-resisted|p1a: Corviknight
|-damage|p1a: Corviknight|72/100
|-unboost|p2a: Goodra|spa|2
|
|-weather|SunnyDay|[upkeep]
|upkeep
|turn|4
|inactive|mansonabuluting has 120 seconds left.
|
|t:|1760737150
|switch|p2a: Volcanion|Volcanion|100/100
|move|p1a: Corviknight|U-turn|p2a: Volcanion
|-resisted|p2a: Volcanion
|-damage|p2a: Volcanion|95/100
|
|t:|1760737154
|switch|p1a: Walking Wake|Walking Wake|55/100|[from] U-turn
|-activate|p1a: Walking Wake|ability: Protosynthesis
|-start|p1a: Walking Wake|protosynthesisspa
|
|-weather|SunnyDay|[upkeep]
|upkeep
|turn|5
|j| igffhjjbvv
|inactive|mansonabuluting has 120 seconds left.
|
|t:|1760737181
|switch|p2a: Rillaboom|Rillaboom, F|100/100
|-fieldstart|move: Grassy Terrain|[from] ability: Grassy Surge|[of] p2a: Rillaboom
|move|p1a: Walking Wake|Draco Meteor|p2a: Rillaboom
|-damage|p2a: Rillaboom|0 fnt
|-unboost|p1a: Walking Wake|spa|2
|faint|p2a: Rillaboom
|
|-weather|SunnyDay|[upkeep]
|-heal|p1a: Walking Wake|61/100|[from] Grassy Terrain
|upkeep
|
|t:|1760737185
|switch|p2a: Goodra|Goodra-Hisui, M|61/100
|turn|6
|inactive|mansonabuluting has 120 seconds left.
|
|t:|1760737192
|-end|p1a: Walking Wake|Protosynthesis|[silent]
|switch|p1a: Corviknight|Corviknight, M|72/100
|-ability|p1a: Corviknight|Pressure
|move|p2a: Goodra|Flamethrower|p1a: Corviknight
|-supereffective|p1a: Corviknight
|-damage|p1a: Corviknight|0 fnt
|faint|p1a: Corviknight
|
|-weather|SunnyDay|[upkeep]
|-heal|p2a: Goodra|67/100|[from] Grassy Terrain
|upkeep
|
|t:|1760737197
|switch|p1a: Chandelure|Chandelure, M|100/100
|turn|7
|
|t:|1760737207
|switch|p2a: Volcanion|Volcanion|95/100
|move|p1a: Chandelure|Overheat|p2a: Volcanion
|-resisted|p2a: Volcanion
|-damage|p2a: Volcanion|51/100
|-unboost|p1a: Chandelure|spa|2
|
|-weather|SunnyDay|[upkeep]
|-heal|p2a: Volcanion|58/100|[from] Grassy Terrain
|upkeep
|turn|8
|c| bloodhound q50|sheesh
|
|t:|1760737220
|switch|p1a: Walking Wake|Walking Wake|61/100
|-activate|p1a: Walking Wake|ability: Protosynthesis
|-start|p1a: Walking Wake|protosynthesisspa
|move|p2a: Volcanion|Overheat|p1a: Walking Wake
|-resisted|p1a: Walking Wake
|-damage|p1a: Walking Wake|15/100
|-unboost|p2a: Volcanion|spa|2
|
|-weather|none
|-end|p1a: Walking Wake|Protosynthesis
|-heal|p1a: Walking Wake|21/100|[from] Grassy Terrain
|-heal|p2a: Volcanion|64/100|[from] Grassy Terrain
|upkeep
|turn|9
|c| bloodhound q50|swagging on em
|
|t:|1760737230
|switch|p2a: Hawlucha|Hawlucha, F|100/100
|-enditem|p2a: Hawlucha|Grassy Seed
|-boost|p2a: Hawlucha|def|1|[from] item: Grassy Seed
|move|p1a: Walking Wake|Draco Meteor|p2a: Hawlucha
|-damage|p2a: Hawlucha|6/100
|-unboost|p1a: Walking Wake|spa|2
|
|-heal|p1a: Walking Wake|27/100|[from] Grassy Terrain
|-fieldend|move: Grassy Terrain
|upkeep
|turn|10
|
|t:|1760737239
|-end|p1a: Walking Wake|Protosynthesis|[silent]
|switch|p1a: Torkoal|Torkoal, F|100/100
|-weather|SunnyDay|[from] ability: Drought|[of] p1a: Torkoal
|move|p2a: Hawlucha|Acrobatics|p1a: Torkoal
|-damage|p1a: Torkoal|70/100
|
|-weather|SunnyDay|[upkeep]
|upkeep
|turn|11
|
|t:|1760737245
|move|p2a: Hawlucha|Acrobatics|p1a: Torkoal
|-damage|p1a: Torkoal|44/100
|move|p1a: Torkoal|Stealth Rock|p2a: Hawlucha
|-sidestart|p2: mansonabuluting|move: Stealth Rock
|
|-weather|SunnyDay|[upkeep]
|upkeep
|turn|12
|
|t:|1760737250
|move|p2a: Hawlucha|Acrobatics|p1a: Torkoal
|-damage|p1a: Torkoal|15/100
|move|p1a: Torkoal|Lava Plume|p2a: Hawlucha
|-damage|p2a: Hawlucha|0 fnt
|faint|p2a: Hawlucha
|
|-weather|SunnyDay|[upkeep]
|upkeep
|
|t:|1760737264
|switch|p2a: Goodra|Goodra-Hisui, M|67/100
|-damage|p2a: Goodra|61/100|[from] Stealth Rock
|turn|13
|
|t:|1760737273
|switch|p1a: Slither Wing|Slither Wing|100/100
|-activate|p1a: Slither Wing|ability: Protosynthesis
|-start|p1a: Slither Wing|protosynthesisatk
|move|p2a: Goodra|Surf|p1a: Slither Wing
|-damage|p1a: Slither Wing|84/100
|
|-weather|SunnyDay|[upkeep]
|upkeep
|turn|14
|j| pphuh
|
|t:|1760737286
|switch|p2a: Thundurus|Thundurus-Therian, M|100/100
|-damage|p2a: Thundurus|76/100|[from] Stealth Rock
|move|p1a: Slither Wing|Close Combat|p2a: Thundurus
|-resisted|p2a: Thundurus
|-damage|p2a: Thundurus|0 fnt
|-unboost|p1a: Slither Wing|def|1
|-unboost|p1a: Slither Wing|spd|1
|faint|p2a: Thundurus
|
|-weather|SunnyDay|[upkeep]
|upkeep
|
|t:|1760737290
|switch|p2a: Great Tusk|Great Tusk|100/100
|-damage|p2a: Great Tusk|97/100|[from] Stealth Rock
|-activate|p2a: Great Tusk|ability: Protosynthesis
|-start|p2a: Great Tusk|protosynthesisdef
|turn|15
|j| SrQojUPijkfra1ToWH
|j| Nikator98
|l| SrQojUPijkfra1ToWH
|
|t:|1760737299
|-end|p1a: Slither Wing|Protosynthesis|[silent]
|switch|p1a: Chandelure|Chandelure, M|100/100
|move|p2a: Great Tusk|Rapid Spin|p1a: Chandelure
|-immune|p1a: Chandelure
|
|-weather|SunnyDay|[upkeep]
|upkeep
|turn|16
|
|t:|1760737311
|-end|p2a: Great Tusk|Protosynthesis|[silent]
|switch|p2a: Goodra|Goodra-Hisui, M|61/100
|-damage|p2a: Goodra|54/100|[from] Stealth Rock
|move|p1a: Chandelure|Flamethrower|p2a: Goodra
|-damage|p2a: Goodra|0 fnt
|faint|p2a: Goodra
|
|-weather|SunnyDay|[upkeep]
|upkeep
|j| bananana324
|
|t:|1760737316
|switch|p2a: Volcanion|Volcanion|64/100
|-damage|p2a: Volcanion|39/100|[from] Stealth Rock
|turn|17
|l| Dragonlatios1
|
|t:|1760737326
|-terastallize|p1a: Chandelure|Grass
|move|p1a: Chandelure|Flamethrower|p2a: Volcanion
|-resisted|p2a: Volcanion
|-damage|p2a: Volcanion|9/100
|move|p2a: Volcanion|Overheat|p1a: Chandelure
|-start|p1a: Chandelure|ability: Flash Fire
|
|-weather|none
|upkeep
|turn|18
|-message|mansonabuluting forfeited.
|
|win|eemiee
|raw|eemiee's rating: 1728 &rarr; <strong>1750</strong><br />(+22 for winning)
|raw|mansonabuluting's rating: 1761 &rarr; <strong>1739</strong><br />(-22 for losing)
|l|☆mansonabuluting
|player|p2|
|l| igffhjjbvv
|l| bloodhound q50
|l|☆eemiee
|player|p1|
|l| pphuh
|l| Nikator98
