|j|☆jingqmmx
|j|☆tri dusk
|t:|1760793952
|gametype|singles
|player|p1|jingqmmx|n|1181
|player|p2|tri dusk|collector|1123
|gen|9
|tier|[Gen 9] OU
|rated|
|rule|HP Percentage Mod: HP is shown in percentages
|rule|Endless Battle Clause: Forcing endless battles is banned
|rule|Species Clause: Limit one of each Pokémon
|rule|OHKO Clause: OHKO moves are banned
|rule|Evasion Items Clause: Evasion items are banned
|rule|Evasion Moves Clause: Evasion moves are banned
|rule|Evasion Abilities Clause: Evasion abilities are banned
|rule|Sleep Moves Clause: Sleep-inducing moves are banned
|clearpoke
|poke|p1|Dragonite, F|
|poke|p1|Ogerpon-Wellspring, F|
|poke|p1|Gholdengo|
|poke|p1|Landorus-Therian, M|
|poke|p1|Ting-Lu|
|poke|p1|Dondozo, M|
|poke|p2|Espeon, M|
|poke|p2|Porygon2|
|poke|p2|Dragonite, F|
|poke|p2|Gyarados, M|
|poke|p2|Golem, M|
|poke|p2|Arbok, M|
|teampreview
|inactive|Battle timer is ON: inactive players will automatically lose when time's up. (requested by tri dusk)
|
|t:|1760793978
|teamsize|p1|6
|teamsize|p2|6
|start
|switch|p1a: Ogerpon|Ogerpon-Wellspring, F|100/100
|switch|p2a: Porygon2|Porygon2|100/100
|-ability|p2a: Porygon2|Water Absorb|Trace|[from] ability: Trace|[of] p1a: Ogerpon
|turn|1
|
|t:|1760793990
|move|p1a: Ogerpon|Swords Dance|p1a: Ogerpon
|-boost|p1a: Ogerpon|atk|2
|move|p2a: Porygon2|Charge Beam|p1a: Ogerpon
|-damage|p1a: Ogerpon|85/100
|-boost|p2a: Porygon2|spa|1
|
|upkeep
|turn|2
|
|t:|1760794009
|move|p1a: Ogerpon|Horn Leech|p2a: Porygon2
|-damage|p2a: Porygon2|45/100
|-heal|p1a: Ogerpon|100/100|[from] drain|[of] p2a: Porygon2
|move|p2a: Porygon2|Tri Attack|p1a: Ogerpon
|-damage|p1a: Ogerpon|46/100
|-status|p1a: Ogerpon|par
|
|upkeep
|turn|3
|
|t:|1760794023
|-terastallize|p1a: Ogerpon|Water
|detailschange|p1a: Ogerpon|Ogerpon-Wellspring-Tera, F, tera:Water
|-ability|p1a: Ogerpon|Embody Aspect (Wellspring)|boost
|-boost|p1a: Ogerpon|spd|1
|cant|p1a: Ogerpon|par
|move|p2a: Porygon2|Recover|p2a: Porygon2
|-heal|p2a: Porygon2|95/100
|
|upkeep
|turn|4
|
|t:|1760794042
|switch|p2a: Arbok|Arbok, M|100/100
|-ability|p2a: Arbok|Intimidate|boost
|-unboost|p1a: Ogerpon|atk|1
|move|p1a: Ogerpon|Horn Leech|p2a: Arbok
|-resisted|p2a: Arbok
|-damage|p2a: Arbok|38/100
|-heal|p1a: Ogerpon|73/100 par|[from] drain|[of] p2a: Arbok
|
|-heal|p2a: Arbok|44/100|[from] item: Leftovers
|upkeep
|turn|5
|
|t:|1760794056
|move|p2a: Arbok|Trailblaze|p1a: Ogerpon
|-supereffective|p1a: Ogerpon
|-damage|p1a: Ogerpon|36/100 par
|-boost|p2a: Arbok|spe|1
|cant|p1a: Ogerpon|par
|
|-heal|p2a: Arbok|50/100|[from] item: Leftovers
|upkeep
|turn|6
|
|t:|1760794067
|move|p2a: Arbok|Trailblaze|p1a: Ogerpon
|-supereffective|p1a: Ogerpon
|-damage|p1a: Ogerpon|0 fnt
|-boost|p2a: Arbok|spe|1
|faint|p1a: Ogerpon
|detailschange|p1: Ogerpon|Ogerpon-Wellspring, F|[silent]
|
|-heal|p2a: Arbok|56/100|[from] item: Leftovers
|upkeep
|
|t:|1760794076
|switch|p1a: Dragonite|Dragonite, F|100/100
|turn|7
|
|t:|1760794091
|move|p2a: Arbok|Gunk Shot|p1a: Dragonite|[miss]
|-miss|p2a: Arbok|p1a: Dragonite
|move|p1a: Dragonite|Dragon Dance|p1a: Dragonite
|-boost|p1a: Dragonite|atk|1
|-boost|p1a: Dragonite|spe|1
|
|-heal|p2a: Arbok|62/100|[from] item: Leftovers
|upkeep
|turn|8
|
|t:|1760794107
|move|p1a: Dragonite|Extreme Speed|p2a: Arbok
|-damage|p2a: Arbok|0 fnt
|faint|p2a: Arbok
|
|upkeep
|inactive|tri dusk has 120 seconds left.
|
|t:|1760794123
|switch|p2a: Golem|Golem, M|100/100
|turn|9
|inactive|jingqmmx has 120 seconds left.
|
|t:|1760794158
|move|p1a: Dragonite|Dragon Dance|p1a: Dragonite
|-boost|p1a: Dragonite|atk|1
|-boost|p1a: Dragonite|spe|1
|move|p2a: Golem|Rock Blast|p1a: Dragonite|[miss]
|-miss|p2a: Golem|p1a: Dragonite
|
|upkeep
|turn|10
|inactive|jingqmmx has 120 seconds left.
|
|t:|1760794171
|move|p1a: Dragonite|Outrage|p2a: Golem
|-ability|p2a: Golem|Sturdy
|-damage|p2a: Golem|1/100
|move|p2a: Golem|Rock Blast|p1a: Dragonite
|-supereffective|p1a: Dragonite
|-damage|p1a: Dragonite|87/100
|-supereffective|p1a: Dragonite
|-damage|p1a: Dragonite|56/100
|-supereffective|p1a: Dragonite
|-damage|p1a: Dragonite|26/100
|-hitcount|p1a: Dragonite|3
|
|upkeep
|turn|11
|inactive|jingqmmx has 120 seconds left.
|-enditem|p2a: Golem|Custap Berry|[eat]
|-activate|p2a: Golem|item: Custap Berry|[consumed]
|
|t:|1760794186
|move|p2a: Golem|Explosion|p1a: Dragonite
|-damage|p1a: Dragonite|0 fnt
|faint|p2a: Golem
|faint|p1a: Dragonite
|
|upkeep
|inactive|jingqmmx has 120 seconds left.
|inactive|tri dusk has 120 seconds left.
|
|t:|1760794209
|switch|p1a: Landorus|Landorus-Therian, M|100/100
|switch|p2a: Porygon2|Porygon2|95/100
|-ability|p1a: Landorus|Intimidate|boost
|-unboost|p2a: Porygon2|atk|1
|-ability|p2a: Porygon2|Intimidate|Trace|[from] ability: Trace|[of] p1a: Landorus
|-ability|p2a: Porygon2|Intimidate|boost
|-unboost|p1a: Landorus|atk|1
|turn|12
|inactive|tri dusk has 120 seconds left.
|
|t:|1760794223
|switch|p2a: Gyarados|Gyarados, M|100/100
|-ability|p2a: Gyarados|Intimidate|boost
|-unboost|p1a: Landorus|atk|1
|move|p1a: Landorus|Taunt|p2a: Gyarados
|-start|p2a: Gyarados|move: Taunt
|
|upkeep
|turn|13
|
|t:|1760794238
|switch|p1a: Dondozo|Dondozo, M|100/100
|move|p2a: Gyarados|Dragon Tail|p1a: Dondozo
|-damage|p1a: Dondozo|93/100
|drag|p1a: Landorus|Landorus-Therian, M|100/100
|-ability|p1a: Landorus|Intimidate|boost
|-unboost|p2a: Gyarados|atk|1
|
|upkeep
|turn|14
|
|t:|1760794255
|move|p1a: Landorus|U-turn|p2a: Gyarados
|-resisted|p2a: Gyarados
|-damage|p2a: Gyarados|92/100
|
|t:|1760794259
|switch|p1a: Dondozo|Dondozo, M|93/100|[from] U-turn
|move|p2a: Gyarados|Aqua Tail|p1a: Dondozo
|-resisted|p1a: Dondozo
|-damage|p1a: Dondozo|86/100
|
|-heal|p1a: Dondozo|92/100|[from] item: Leftovers
|-end|p2a: Gyarados|move: Taunt
|upkeep
|turn|15
|
|t:|1760794271
|switch|p2a: Porygon2|Porygon2|95/100
|-ability|p2a: Porygon2|Unaware|Trace|[from] ability: Trace|[of] p1a: Dondozo
|move|p1a: Dondozo|Curse|p1a: Dondozo
|-unboost|p1a: Dondozo|spe|1
|-boost|p1a: Dondozo|atk|1
|-boost|p1a: Dondozo|def|1
|
|-heal|p1a: Dondozo|98/100|[from] item: Leftovers
|upkeep
|turn|16
|
|t:|1760794285
|move|p2a: Porygon2|Charge Beam|p1a: Dondozo
|-supereffective|p1a: Dondozo
|-damage|p1a: Dondozo|75/100
|-boost|p2a: Porygon2|spa|1
|move|p1a: Dondozo|Waterfall|p2a: Porygon2
|-crit|p2a: Porygon2
|-damage|p2a: Porygon2|66/100
|
|-heal|p1a: Dondozo|81/100|[from] item: Leftovers
|upkeep
|turn|17
|
|t:|1760794298
|move|p2a: Porygon2|Tri Attack|p1a: Dondozo
|-damage|p1a: Dondozo|55/100
|move|p1a: Dondozo|Curse|p1a: Dondozo
|-unboost|p1a: Dondozo|spe|1
|-boost|p1a: Dondozo|atk|1
|-boost|p1a: Dondozo|def|1
|
|-heal|p1a: Dondozo|61/100|[from] item: Leftovers
|upkeep
|turn|18
|
|t:|1760794316
|move|p2a: Porygon2|Shadow Ball|p1a: Dondozo
|-damage|p1a: Dondozo|42/100
|move|p1a: Dondozo|Rest|p1a: Dondozo
|-status|p1a: Dondozo|slp|[from] move: Rest
|-heal|p1a: Dondozo|100/100 slp|[silent]
|
|upkeep
|turn|19
|
|t:|1760794326
|move|p2a: Porygon2|Charge Beam|p1a: Dondozo
|-supereffective|p1a: Dondozo
|-damage|p1a: Dondozo|76/100 slp
|cant|p1a: Dondozo|slp
|move|p1a: Dondozo|Sleep Talk|p1a: Dondozo
|move|p1a: Dondozo|Rest||[from] move: Sleep Talk|[still]
|-fail|p1a: Dondozo
|
|-heal|p1a: Dondozo|82/100 slp|[from] item: Leftovers
|upkeep
|turn|20
|
|t:|1760794338
|move|p2a: Porygon2|Tri Attack|p1a: Dondozo
|-damage|p1a: Dondozo|56/100 slp
|cant|p1a: Dondozo|slp
|move|p1a: Dondozo|Sleep Talk|p1a: Dondozo
|move|p1a: Dondozo|Rest||[from] move: Sleep Talk|[still]
|-fail|p1a: Dondozo
|
|-heal|p1a: Dondozo|63/100 slp|[from] item: Leftovers
|upkeep
|turn|21
|
|t:|1760794351
|move|p2a: Porygon2|Charge Beam|p1a: Dondozo
|-supereffective|p1a: Dondozo
|-damage|p1a: Dondozo|40/100 slp
|-boost|p2a: Porygon2|spa|1
|-curestatus|p1a: Dondozo|slp|[msg]
|move|p1a: Dondozo|Rest|p1a: Dondozo
|-status|p1a: Dondozo|slp|[from] move: Rest
|-heal|p1a: Dondozo|100/100 slp|[silent]
|
|upkeep
|turn|22
|
|t:|1760794362
|move|p2a: Porygon2|Charge Beam|p1a: Dondozo
|-supereffective|p1a: Dondozo
|-damage|p1a: Dondozo|76/100 slp
|-boost|p2a: Porygon2|spa|1
|cant|p1a: Dondozo|slp
|move|p1a: Dondozo|Sleep Talk|p1a: Dondozo
|move|p1a: Dondozo|Curse|p1a: Dondozo|[from] move: Sleep Talk
|-unboost|p1a: Dondozo|spe|1
|-boost|p1a: Dondozo|atk|1
|-boost|p1a: Dondozo|def|1
|
|-heal|p1a: Dondozo|82/100 slp|[from] item: Leftovers
|upkeep
|turn|23
|
|t:|1760794376
|move|p2a: Porygon2|Recover|p2a: Porygon2
|-heal|p2a: Porygon2|100/100
|cant|p1a: Dondozo|slp
|move|p1a: Dondozo|Sleep Talk|p1a: Dondozo
|move|p1a: Dondozo|Waterfall|p2a: Porygon2|[from] move: Sleep Talk
|-crit|p2a: Porygon2
|-damage|p2a: Porygon2|72/100
|
|-heal|p1a: Dondozo|89/100 slp|[from] item: Leftovers
|upkeep
|turn|24
|inactive|jingqmmx has 90 seconds left.
|
|t:|1760794396
|move|p2a: Porygon2|Tri Attack|p1a: Dondozo
|-damage|p1a: Dondozo|62/100 slp
|-curestatus|p1a: Dondozo|slp|[msg]
|move|p1a: Dondozo|Curse|p1a: Dondozo
|-unboost|p1a: Dondozo|spe|1
|-boost|p1a: Dondozo|atk|1
|-boost|p1a: Dondozo|def|1
|
|-heal|p1a: Dondozo|68/100|[from] item: Leftovers
|upkeep
|turn|25
|inactive|jingqmmx has 90 seconds left.
|
|t:|1760794408
|move|p2a: Porygon2|Tri Attack|p1a: Dondozo
|-damage|p1a: Dondozo|39/100
|move|p1a: Dondozo|Waterfall|p2a: Porygon2
|-damage|p2a: Porygon2|53/100
|
|-heal|p1a: Dondozo|45/100|[from] item: Leftovers
|upkeep
|turn|26
|inactive|jingqmmx has 90 seconds left.
|
|t:|1760794419
|move|p2a: Porygon2|Tri Attack|p1a: Dondozo
|-crit|p1a: Dondozo
|-damage|p1a: Dondozo|1/100
|move|p1a: Dondozo|Rest|p1a: Dondozo
|-status|p1a: Dondozo|slp|[from] move: Rest
|-heal|p1a: Dondozo|100/100 slp|[silent]
|
|upkeep
|turn|27
|inactive|jingqmmx has 90 seconds left.
|
|t:|1760794433
|move|p2a: Porygon2|Recover|p2a: Porygon2
|-heal|p2a: Porygon2|100/100
|cant|p1a: Dondozo|slp
|move|p1a: Dondozo|Sleep Talk|p1a: Dondozo
|move|p1a: Dondozo|Curse|p1a: Dondozo|[from] move: Sleep Talk
|-unboost|p1a: Dondozo|spe|1
|-boost|p1a: Dondozo|atk|1
|-boost|p1a: Dondozo|def|1
|
|upkeep
|turn|28
|inactive|jingqmmx has 90 seconds left.
|
|t:|1760794444
|move|p2a: Porygon2|Shadow Ball|p1a: Dondozo
|-damage|p1a: Dondozo|81/100 slp
|cant|p1a: Dondozo|slp
|move|p1a: Dondozo|Sleep Talk|p1a: Dondozo
|move|p1a: Dondozo|Curse|p1a: Dondozo|[from] move: Sleep Talk
|-unboost|p1a: Dondozo|spe|1
|-boost|p1a: Dondozo|atk|1
|-boost|p1a: Dondozo|def|1
|
|-heal|p1a: Dondozo|87/100 slp|[from] item: Leftovers
|upkeep
|turn|29
|inactive|jingqmmx has 90 seconds left.
|
|t:|1760794461
|move|p2a: Porygon2|Shadow Ball|p1a: Dondozo
|-crit|p1a: Dondozo
|-damage|p1a: Dondozo|62/100 slp
|-curestatus|p1a: Dondozo|slp|[msg]
|move|p1a: Dondozo|Waterfall|p2a: Porygon2
|-damage|p2a: Porygon2|81/100
|
|-heal|p1a: Dondozo|68/100|[from] item: Leftovers
|upkeep
|turn|30
|inactive|jingqmmx has 90 seconds left.
|
|t:|1760794476
|move|p2a: Porygon2|Tri Attack|p1a: Dondozo
|-damage|p1a: Dondozo|41/100
|move|p1a: Dondozo|Waterfall|p2a: Porygon2
|-damage|p2a: Porygon2|63/100
|
|-heal|p1a: Dondozo|47/100|[from] item: Leftovers
|upkeep
|turn|31
|
|t:|1760794486
|move|p2a: Porygon2|Tri Attack|p1a: Dondozo
|-damage|p1a: Dondozo|22/100
|move|p1a: Dondozo|Rest|p1a: Dondozo
|-status|p1a: Dondozo|slp|[from] move: Rest
|-heal|p1a: Dondozo|100/100 slp|[silent]
|
|upkeep
|turn|32
|
|t:|1760794495
|move|p2a: Porygon2|Tri Attack|p1a: Dondozo
|-damage|p1a: Dondozo|73/100 slp
|cant|p1a: Dondozo|slp
|move|p1a: Dondozo|Sleep Talk|p1a: Dondozo
|move|p1a: Dondozo|Waterfall|p2a: Porygon2|[from] move: Sleep Talk
|-damage|p2a: Porygon2|46/100
|
|-heal|p1a: Dondozo|79/100 slp|[from] item: Leftovers
|upkeep
|turn|33
|
|t:|1760794508
|move|p2a: Porygon2|Shadow Ball|p1a: Dondozo
|-damage|p1a: Dondozo|61/100 slp
|cant|p1a: Dondozo|slp
|move|p1a: Dondozo|Sleep Talk|p1a: Dondozo
|move|p1a: Dondozo|Rest||[from] move: Sleep Talk|[still]
|-fail|p1a: Dondozo
|
|-heal|p1a: Dondozo|67/100 slp|[from] item: Leftovers
|upkeep
|turn|34
|
|t:|1760794523
|move|p2a: Porygon2|Shadow Ball|p1a: Dondozo
|-crit|p1a: Dondozo
|-damage|p1a: Dondozo|42/100 slp
|-unboost|p1a: Dondozo|spd|1
|-curestatus|p1a: Dondozo|slp|[msg]
|move|p1a: Dondozo|Waterfall|p2a: Porygon2
|-damage|p2a: Porygon2|28/100
|
|-heal|p1a: Dondozo|48/100|[from] item: Leftovers
|upkeep
|turn|35
|
|t:|1760794536
|move|p2a: Porygon2|Recover|p2a: Porygon2
|-heal|p2a: Porygon2|78/100
|move|p1a: Dondozo|Rest|p1a: Dondozo
|-status|p1a: Dondozo|slp|[from] move: Rest
|-heal|p1a: Dondozo|100/100 slp|[silent]
|
|upkeep
|turn|36
|
|t:|1760794545
|move|p2a: Porygon2|Tri Attack|p1a: Dondozo
|-damage|p1a: Dondozo|74/100 slp
|cant|p1a: Dondozo|slp
|move|p1a: Dondozo|Sleep Talk|p1a: Dondozo
|move|p1a: Dondozo|Waterfall|p2a: Porygon2|[from] move: Sleep Talk
|-damage|p2a: Porygon2|60/100
|
|-heal|p1a: Dondozo|80/100 slp|[from] item: Leftovers
|upkeep
|turn|37
|
|t:|1760794558
|switch|p1a: Ting-Lu|Ting-Lu|100/100
|-ability|p1a: Ting-Lu|Vessel of Ruin
|move|p2a: Porygon2|Charge Beam|p1a: Ting-Lu
|-immune|p1a: Ting-Lu
|
|upkeep
|turn|38
|
|t:|1760794572
|move|p2a: Porygon2|Tri Attack|p1a: Ting-Lu
|-damage|p1a: Ting-Lu|69/100
|move|p1a: Ting-Lu|Spikes|p2a: Porygon2
|-sidestart|p2: tri dusk|Spikes
|
|upkeep
|turn|39
|
|t:|1760794581
|move|p2a: Porygon2|Tri Attack|p1a: Ting-Lu
|-damage|p1a: Ting-Lu|38/100
|-enditem|p1a: Ting-Lu|Sitrus Berry|[eat]
|-heal|p1a: Ting-Lu|63/100|[from] item: Sitrus Berry
|move|p1a: Ting-Lu|Whirlwind|p2a: Porygon2
|drag|p2a: Gyarados|Gyarados, M|92/100
|-ability|p2a: Gyarados|Intimidate|boost
|-unboost|p1a: Ting-Lu|atk|1
|
|upkeep
|turn|40
|
|t:|1760794600
|switch|p1a: Dondozo|Dondozo, M|80/100 slp
|move|p2a: Gyarados|Dragon Tail|p1a: Dondozo
|-crit|p1a: Dondozo
|-damage|p1a: Dondozo|70/100 slp
|drag|p1a: Landorus|Landorus-Therian, M|100/100
|-ability|p1a: Landorus|Intimidate|boost
|-unboost|p2a: Gyarados|atk|1
|
|upkeep
|turn|41
|
|t:|1760794612
|move|p1a: Landorus|U-turn|p2a: Gyarados
|-resisted|p2a: Gyarados
|-crit|p2a: Gyarados
|-damage|p2a: Gyarados|80/100
|
|t:|1760794618
|switch|p1a: Gholdengo|Gholdengo|100/100|[from] U-turn
|move|p2a: Gyarados|Dragon Tail|p1a: Gholdengo
|-resisted|p1a: Gholdengo
|-damage|p1a: Gholdengo|95/100
|drag|p1a: Dondozo|Dondozo, M|70/100 slp
|
|-heal|p1a: Dondozo|76/100 slp|[from] item: Leftovers
|upkeep
|turn|42
|
|t:|1760794637
|switch|p2a: Espeon|Espeon, M|100/100
|-damage|p2a: Espeon|88/100|[from] Spikes
|cant|p1a: Dondozo|slp
|
|-heal|p1a: Dondozo|82/100 slp|[from] item: Leftovers
|upkeep
|turn|43
|
|t:|1760794650
|move|p2a: Espeon|Grass Knot|p1a: Dondozo
|-supereffective|p1a: Dondozo
|-damage|p1a: Dondozo|0 fnt
|faint|p1a: Dondozo
|-damage|p2a: Espeon|78/100|[from] item: Life Orb
|
|upkeep
|
|t:|1760794660
|switch|p1a: Gholdengo|Gholdengo|95/100
|turn|44
|
|t:|1760794677
|switch|p2a: Porygon2|Porygon2|60/100
|-damage|p2a: Porygon2|48/100|[from] Spikes
|-ability|p2a: Porygon2|Good as Gold|Trace|[from] ability: Trace|[of] p1a: Gholdengo
|move|p1a: Gholdengo|Focus Blast|p2a: Porygon2|[miss]
|-miss|p1a: Gholdengo|p2a: Porygon2
|
|upkeep
|turn|45
|
|t:|1760794693
|-terastallize|p2a: Porygon2|Bug
|move|p1a: Gholdengo|Focus Blast|p2a: Porygon2
|-resisted|p2a: Porygon2
|-damage|p2a: Porygon2|38/100
|move|p2a: Porygon2|Recover|p2a: Porygon2
|-heal|p2a: Porygon2|88/100
|
|upkeep
|turn|46
|
|t:|1760794709
|switch|p1a: Ting-Lu|Ting-Lu|63/100
|-ability|p1a: Ting-Lu|Vessel of Ruin
|move|p2a: Porygon2|Charge Beam|p1a: Ting-Lu
|-immune|p1a: Ting-Lu
|
|upkeep
|turn|47
|
|t:|1760794723
|move|p2a: Porygon2|Tri Attack|p1a: Ting-Lu
|-damage|p1a: Ting-Lu|52/100
|move|p1a: Ting-Lu|Whirlwind|p2a: Porygon2
|-immune|p2a: Porygon2|[from] ability: Good as Gold
|
|upkeep
|turn|48
|inactive|jingqmmx has 90 seconds left.
|
|t:|1760794741
|move|p2a: Porygon2|Shadow Ball|p1a: Ting-Lu
|-resisted|p1a: Ting-Lu
|-damage|p1a: Ting-Lu|48/100
|move|p1a: Ting-Lu|Spikes|p2a: Porygon2
|-sidestart|p2: tri dusk|Spikes
|
|upkeep
|turn|49
|
|t:|1760794748
|move|p2a: Porygon2|Shadow Ball|p1a: Ting-Lu
|-resisted|p1a: Ting-Lu
|-damage|p1a: Ting-Lu|44/100
|move|p1a: Ting-Lu|Spikes|p2a: Porygon2
|-sidestart|p2: tri dusk|Spikes
|
|upkeep
|turn|50
|
|t:|1760794763
|move|p2a: Porygon2|Shadow Ball|p1a: Ting-Lu
|-resisted|p1a: Ting-Lu
|-damage|p1a: Ting-Lu|40/100
|move|p1a: Ting-Lu|Ruination|p2a: Porygon2
|-damage|p2a: Porygon2|44/100
|
|upkeep
|turn|51
|
|t:|1760794771
|move|p2a: Porygon2|Shadow Ball|p1a: Ting-Lu
|-resisted|p1a: Ting-Lu
|-damage|p1a: Ting-Lu|36/100
|-unboost|p1a: Ting-Lu|spd|1
|move|p1a: Ting-Lu|Ruination|p2a: Porygon2
|-damage|p2a: Porygon2|22/100
|
|upkeep
|turn|52
|
|t:|1760794785
|move|p2a: Porygon2|Recover|p2a: Porygon2
|-heal|p2a: Porygon2|72/100
|move|p1a: Ting-Lu|Earthquake|p2a: Porygon2
|-resisted|p2a: Porygon2
|-damage|p2a: Porygon2|60/100
|
|upkeep
|turn|53
|
|t:|1760794794
|move|p2a: Porygon2|Tri Attack|p1a: Ting-Lu
|-damage|p1a: Ting-Lu|19/100
|move|p1a: Ting-Lu|Ruination|p2a: Porygon2
|-damage|p2a: Porygon2|30/100
|
|upkeep
|turn|54
|
|t:|1760794806
|move|p2a: Porygon2|Tri Attack|p1a: Ting-Lu
|-damage|p1a: Ting-Lu|1/100
|-status|p1a: Ting-Lu|frz
|cant|p1a: Ting-Lu|frz
|
|upkeep
|turn|55
|
|t:|1760794816
|move|p2a: Porygon2|Recover|p2a: Porygon2
|-heal|p2a: Porygon2|80/100
|-curestatus|p1a: Ting-Lu|frz|[msg]
|move|p1a: Ting-Lu|Ruination|p2a: Porygon2
|-damage|p2a: Porygon2|41/100
|
|upkeep
|turn|56
|
|t:|1760794824
|move|p2a: Porygon2|Shadow Ball|p1a: Ting-Lu
|-resisted|p1a: Ting-Lu
|-damage|p1a: Ting-Lu|0 fnt
|faint|p1a: Ting-Lu
|
|upkeep
|
|t:|1760794833
|switch|p1a: Gholdengo|Gholdengo|95/100
|turn|57
|inactive|jingqmmx has 120 seconds left.
|
|t:|1760794854
|move|p1a: Gholdengo|Shadow Ball|p2a: Porygon2
|-damage|p2a: Porygon2|21/100
|move|p2a: Porygon2|Recover|p2a: Porygon2
|-heal|p2a: Porygon2|71/100
|
|upkeep
|turn|58
|
|t:|1760794865
|move|p1a: Gholdengo|Shadow Ball|p2a: Porygon2
|-damage|p2a: Porygon2|50/100
|move|p2a: Porygon2|Charge Beam|p1a: Gholdengo
|-damage|p1a: Gholdengo|81/100
|
|upkeep
|turn|59
|
|t:|1760794874
|move|p1a: Gholdengo|Shadow Ball|p2a: Porygon2
|-damage|p2a: Porygon2|29/100
|-unboost|p2a: Porygon2|spd|1
|move|p2a: Porygon2|Charge Beam|p1a: Gholdengo
|-damage|p1a: Gholdengo|67/100
|-boost|p2a: Porygon2|spa|1
|
|upkeep
|turn|60
|inactive|jingqmmx has 120 seconds left.
|
|t:|1760794884
|move|p1a: Gholdengo|Shadow Ball|p2a: Porygon2
|-damage|p2a: Porygon2|2/100
|move|p2a: Porygon2|Shadow Ball|p1a: Gholdengo
|-supereffective|p1a: Gholdengo
|-damage|p1a: Gholdengo|0 fnt
|faint|p1a: Gholdengo
|
|upkeep
|inactive|jingqmmx has 120 seconds left.
|
|t:|1760794893
|switch|p1a: Landorus|Landorus-Therian, M|100/100
|-ability|p1a: Landorus|Intimidate|boost
|-unboost|p2a: Porygon2|atk|1
|turn|61
|
|t:|1760794901
|move|p1a: Landorus|Earthquake|p2a: Porygon2
|-resisted|p2a: Porygon2
|-damage|p2a: Porygon2|0 fnt
|faint|p2a: Porygon2
|
|upkeep
|
|t:|1760794909
|switch|p2a: Gyarados|Gyarados, M|80/100
|-ability|p2a: Gyarados|Intimidate|boost
|-unboost|p1a: Landorus|atk|1
|turn|62
|
|t:|1760794919
|switch|p2a: Espeon|Espeon, M|78/100
|-damage|p2a: Espeon|54/100|[from] Spikes
|move|p1a: Landorus|Earthquake|p2a: Espeon
|-damage|p2a: Espeon|0 fnt
|faint|p2a: Espeon
|
|upkeep
|
|t:|1760794928
|switch|p2a: Gyarados|Gyarados, M|80/100
|-ability|p2a: Gyarados|Intimidate|boost
|-unboost|p1a: Landorus|atk|1
|turn|63
|
|t:|1760794937
|move|p1a: Landorus|Stealth Rock|p2a: Gyarados
|-sidestart|p2: tri dusk|move: Stealth Rock
|move|p2a: Gyarados|Aqua Tail|p1a: Landorus
|-supereffective|p1a: Landorus
|-damage|p1a: Landorus|49/100
|-damage|p2a: Gyarados|63/100|[from] item: Rocky Helmet|[of] p1a: Landorus
|
|upkeep
|turn|64
|
|t:|1760794945
|move|p1a: Landorus|U-turn|p2a: Gyarados
|-resisted|p2a: Gyarados
|-damage|p2a: Gyarados|59/100
|move|p2a: Gyarados|Aqua Tail|p1a: Landorus
|-supereffective|p1a: Landorus
|-damage|p1a: Landorus|0 fnt
|-damage|p2a: Gyarados|43/100|[from] item: Rocky Helmet|[of] p1a: Landorus
|faint|p1a: Landorus
|
|win|tri dusk
|raw|jingqmmx's rating: 1181 &rarr; <strong>1152</strong><br />(-29 for losing)
|raw|tri dusk's rating: 1123 &rarr; <strong>1152</strong><br />(+29 for winning)
|l|☆jingqmmx
|player|p1|
|l|☆tri dusk
|player|p2|
