|j|☆LunarRoge
|j|☆teto mono
|t:|1760769987
|gametype|singles
|player|p1|LunarRoge|lorelei-gen1rb|1269
|player|p2|teto mono|lady-gen4|1314
|gen|9
|tier|[Gen 9] OU
|rated|
|rule|HP Percentage Mod: HP is shown in percentages
|rule|Endless Battle Clause: Forcing endless battles is banned
|rule|Species Clause: Limit one of each Pokémon
|rule|OHKO Clause: OHKO moves are banned
|rule|Evasion Items Clause: Evasion items are banned
|rule|Evasion Moves Clause: Evasion moves are banned
|rule|Evasion Abilities Clause: Evasion abilities are banned
|rule|Sleep Moves Clause: Sleep-inducing moves are banned
|clearpoke
|poke|p1|Charizard, M|
|poke|p1|Walking Wake|
|poke|p1|Lilligant-Hisui, F|
|poke|p1|Hatterene, F|
|poke|p1|Ninetales, M|
|poke|p1|Great Tusk|
|poke|p2|Clefable, M|
|poke|p2|Landorus-Therian, M|
|poke|p2|Ogerpon-Wellspring, F|
|poke|p2|Gholdengo|
|poke|p2|Dragonite, F|
|poke|p2|Morpeko, M|
|teampreview
|inactive|Battle timer is ON: inactive players will automatically lose when time's up. (requested by teto mono)
|c|☆LunarRoge|glhf
|
|t:|1760769995
|teamsize|p1|6
|teamsize|p2|6
|start
|switch|p1a: Ninetales|Ninetales, M|100/100
|switch|p2a: Morpeko|Morpeko, M|100/100
|-weather|SunnyDay|[from] ability: Drought|[of] p1a: Ninetales
|turn|1
|
|t:|1760770002
|switch|p1a: Great Tusk|Great Tusk|100/100
|-activate|p1a: Great Tusk|ability: Protosynthesis
|-start|p1a: Great Tusk|protosynthesisatk
|move|p2a: Morpeko|Knock Off|p1a: Great Tusk
|-resisted|p1a: Great Tusk
|-damage|p1a: Great Tusk|87/100
|-enditem|p1a: Great Tusk|Eject Pack|[from] move: Knock Off|[of] p2a: Morpeko
|
|-weather|SunnyDay|[upkeep]
|-formechange|p2a: Morpeko|Morpeko-Hangry||[from] ability: Hunger Switch
|upkeep
|turn|2
|
|t:|1760770010
|move|p2a: Morpeko|Aura Wheel|p1a: Great Tusk
|-resisted|p1a: Great Tusk
|-damage|p1a: Great Tusk|72/100
|-boost|p2a: Morpeko|spe|1
|move|p1a: Great Tusk|Ice Spinner|p2a: Morpeko
|-damage|p2a: Morpeko|37/100
|
|-weather|SunnyDay|[upkeep]
|-formechange|p2a: Morpeko|Morpeko||[from] ability: Hunger Switch
|upkeep
|turn|3
|
|t:|1760770014
|move|p2a: Morpeko|Parting Shot|p1a: Great Tusk
|-unboost|p1a: Great Tusk|atk|1
|-unboost|p1a: Great Tusk|spa|1
|
|t:|1760770016
|switch|p2a: Landorus|Landorus-Therian, M|100/100|[from] Parting Shot
|-ability|p2a: Landorus|Intimidate|boost
|-unboost|p1a: Great Tusk|atk|1
|move|p1a: Great Tusk|Headlong Rush|p2a: Landorus
|-immune|p2a: Landorus
|
|-weather|SunnyDay|[upkeep]
|upkeep
|turn|4
|
|t:|1760770026
|-end|p1a: Great Tusk|Protosynthesis|[silent]
|switch|p1a: Hatterene|Hatterene, F|100/100
|move|p2a: Landorus|U-turn|p1a: Hatterene
|-damage|p1a: Hatterene|78/100
|-enditem|p1a: Hatterene|Eject Button
|
|t:|1760770037
|switch|p1a: Walking Wake|Walking Wake|100/100
|-activate|p1a: Walking Wake|ability: Protosynthesis
|-start|p1a: Walking Wake|protosynthesisspe
|
|-weather|SunnyDay|[upkeep]
|upkeep
|turn|5
|
|t:|1760770048
|switch|p2a: Morpeko|Morpeko, M|37/100
|move|p1a: Walking Wake|Flamethrower|p2a: Morpeko
|-damage|p2a: Morpeko|0 fnt
|faint|p2a: Morpeko
|
|-weather|SunnyDay|[upkeep]
|upkeep
|
|t:|1760770067
|switch|p2a: Dragonite|Dragonite, F|100/100
|turn|6
|inactive|LunarRoge has 120 seconds left.
|
|t:|1760770101
|move|p1a: Walking Wake|Flip Turn|p2a: Dragonite
|-resisted|p2a: Dragonite
|-damage|p2a: Dragonite|98/100
|
|t:|1760770103
|-end|p1a: Walking Wake|Protosynthesis|[silent]
|switch|p1a: Hatterene|Hatterene, F|78/100|[from] Flip Turn
|move|p2a: Dragonite|Scale Shot|p1a: Hatterene
|-immune|p1a: Hatterene
|
|-weather|SunnyDay|[upkeep]
|upkeep
|turn|7
|
|t:|1760770119
|move|p2a: Dragonite|Fire Punch|p1a: Hatterene
|-damage|p1a: Hatterene|42/100
|move|p1a: Hatterene|Nuzzle|p2a: Dragonite
|-damage|p2a: Dragonite|94/100
|-status|p2a: Dragonite|par
|
|-weather|SunnyDay|[upkeep]
|upkeep
|turn|8
|
|t:|1760770125
|cant|p2a: Dragonite|par
|move|p1a: Hatterene|Psychic Noise|p2a: Dragonite
|-damage|p2a: Dragonite|56/100 par
|-start|p2a: Dragonite|move: Heal Block
|
|-weather|none
|upkeep
|turn|9
|
|t:|1760770146
|move|p2a: Dragonite|Dragon Dance|p2a: Dragonite
|-boost|p2a: Dragonite|atk|1
|-boost|p2a: Dragonite|spe|1
|move|p1a: Hatterene|Psychic Noise|p2a: Dragonite
|-damage|p2a: Dragonite|17/100 par
|
|-end|p2a: Dragonite|move: Heal Block
|upkeep
|turn|10
|
|t:|1760770152
|move|p2a: Dragonite|Extreme Speed|p1a: Hatterene
|-crit|p1a: Hatterene
|-damage|p1a: Hatterene|0 fnt
|faint|p1a: Hatterene
|
|upkeep
|
|t:|1760770154
|switch|p1a: Walking Wake|Walking Wake|100/100
|turn|11
|
|t:|1760770160
|move|p2a: Dragonite|Extreme Speed|p1a: Walking Wake
|-damage|p1a: Walking Wake|49/100
|move|p1a: Walking Wake|Flamethrower|p2a: Dragonite
|-resisted|p2a: Dragonite
|-damage|p2a: Dragonite|0 fnt
|faint|p2a: Dragonite
|
|upkeep
|
|t:|1760770164
|switch|p2a: Ogerpon|Ogerpon-Wellspring, F|100/100
|turn|12
|
|t:|1760770167
|move|p2a: Ogerpon|Play Rough|p1a: Walking Wake|[miss]
|-miss|p2a: Ogerpon|p1a: Walking Wake
|move|p1a: Walking Wake|Flamethrower|p2a: Ogerpon
|-damage|p2a: Ogerpon|65/100
|
|upkeep
|turn|13
|
|t:|1760770170
|-end|p1a: Walking Wake|Protosynthesis|[silent]
|switch|p1a: Ninetales|Ninetales, M|100/100
|-weather|SunnyDay|[from] ability: Drought|[of] p1a: Ninetales
|move|p2a: Ogerpon|Play Rough|p1a: Ninetales
|-resisted|p1a: Ninetales
|-damage|p1a: Ninetales|77/100
|
|-weather|SunnyDay|[upkeep]
|upkeep
|turn|14
|
|t:|1760770179
|move|p2a: Ogerpon|Trailblaze|p1a: Ninetales
|-resisted|p1a: Ninetales
|-damage|p1a: Ninetales|59/100
|-boost|p2a: Ogerpon|spe|1
|move|p1a: Ninetales|Will-O-Wisp|p2a: Ogerpon
|-status|p2a: Ogerpon|brn
|
|-weather|SunnyDay|[upkeep]
|-damage|p2a: Ogerpon|59/100 brn|[from] brn
|upkeep
|turn|15
|
|t:|1760770193
|switch|p1a: Lilligant|Lilligant-Hisui, F|100/100
|move|p2a: Ogerpon|Swords Dance|p2a: Ogerpon
|-boost|p2a: Ogerpon|atk|2
|
|-weather|SunnyDay|[upkeep]
|-damage|p2a: Ogerpon|53/100 brn|[from] brn
|upkeep
|turn|16
|
|t:|1760770198
|move|p1a: Lilligant|Solar Blade||[still]
|-prepare|p1a: Lilligant|Solar Blade
|-anim|p1a: Lilligant|Solar Blade|p2a: Ogerpon
|-damage|p2a: Ogerpon|0 fnt
|faint|p2a: Ogerpon
|
|-weather|SunnyDay|[upkeep]
|upkeep
|
|t:|1760770204
|switch|p2a: Landorus|Landorus-Therian, M|100/100
|-ability|p2a: Landorus|Intimidate|boost
|-unboost|p1a: Lilligant|atk|1
|turn|17
|
|t:|1760770219
|move|p1a: Lilligant|Triple Axel|p2a: Landorus
|-supereffective|p2a: Landorus
|-damage|p2a: Landorus|80/100
|-damage|p1a: Lilligant|84/100|[from] item: Rocky Helmet|[of] p2a: Landorus
|-supereffective|p2a: Landorus
|-damage|p2a: Landorus|38/100
|-damage|p1a: Lilligant|68/100|[from] item: Rocky Helmet|[of] p2a: Landorus
|-supereffective|p2a: Landorus
|-damage|p2a: Landorus|0 fnt
|-damage|p1a: Lilligant|51/100|[from] item: Rocky Helmet|[of] p2a: Landorus
|faint|p2a: Landorus
|-hitcount|p2: Landorus|3
|
|-weather|SunnyDay|[upkeep]
|-heal|p1a: Lilligant|57/100|[from] item: Leftovers
|upkeep
|
|t:|1760770225
|switch|p2a: Gholdengo|Gholdengo|100/100
|-item|p2a: Gholdengo|Air Balloon
|turn|18
|
|t:|1760770231
|switch|p1a: Great Tusk|Great Tusk|72/100
|-activate|p1a: Great Tusk|ability: Protosynthesis
|-start|p1a: Great Tusk|protosynthesisatk
|move|p2a: Gholdengo|Shadow Ball|p1a: Great Tusk
|-damage|p1a: Great Tusk|11/100
|-unboost|p1a: Great Tusk|spd|1
|
|-weather|SunnyDay|[upkeep]
|upkeep
|turn|19
|
|t:|1760770241
|move|p1a: Great Tusk|Stealth Rock|p2a: Gholdengo
|-sidestart|p2: teto mono|move: Stealth Rock
|move|p2a: Gholdengo|Shadow Ball|p1a: Great Tusk
|-damage|p1a: Great Tusk|0 fnt
|faint|p1a: Great Tusk
|-end|p1a: Great Tusk|Protosynthesis|[silent]
|
|-weather|SunnyDay|[upkeep]
|upkeep
|
|t:|1760770246
|switch|p1a: Lilligant|Lilligant-Hisui, F|57/100
|turn|20
|
|t:|1760770253
|-terastallize|p1a: Lilligant|Ghost
|move|p1a: Lilligant|Tera Blast|p2a: Gholdengo|[anim] Tera Blast Ghost
|-supereffective|p2a: Gholdengo
|-damage|p2a: Gholdengo|32/100
|-enditem|p2a: Gholdengo|Air Balloon
|move|p2a: Gholdengo|Shadow Ball|p1a: Lilligant
|-supereffective|p1a: Lilligant
|-damage|p1a: Lilligant|0 fnt
|faint|p1a: Lilligant
|
|-weather|none
|upkeep
|
|t:|1760770258
|switch|p1a: Ninetales|Ninetales, M|59/100
|-weather|SunnyDay|[from] ability: Drought|[of] p1a: Ninetales
|turn|21
|
|t:|1760770262
|move|p1a: Ninetales|Overheat|p2a: Gholdengo
|-supereffective|p2a: Gholdengo
|-damage|p2a: Gholdengo|0 fnt
|-unboost|p1a: Ninetales|spa|2
|faint|p2a: Gholdengo
|
|-weather|SunnyDay|[upkeep]
|upkeep
|
|t:|1760770264
|switch|p2a: Clefable|Clefable, M|100/100
|-damage|p2a: Clefable|88/100|[from] Stealth Rock
|turn|22
|
|t:|1760770267
|move|p1a: Ninetales|Will-O-Wisp|p2a: Clefable
|-status|p2a: Clefable|brn
|move|p2a: Clefable|Cosmic Power|p2a: Clefable
|-boost|p2a: Clefable|def|1
|-boost|p2a: Clefable|spd|1
|
|-weather|SunnyDay|[upkeep]
|-heal|p2a: Clefable|94/100 brn|[from] item: Leftovers
|-damage|p2a: Clefable|88/100 brn|[from] brn
|upkeep
|turn|23
|
|t:|1760770275
|move|p1a: Ninetales|Healing Wish|p1a: Ninetales
|faint|p1a: Ninetales
|move|p2a: Clefable|Cosmic Power|p2a: Clefable
|-boost|p2a: Clefable|def|1
|-boost|p2a: Clefable|spd|1
|
|-weather|SunnyDay|[upkeep]
|-heal|p2a: Clefable|94/100 brn|[from] item: Leftovers
|-damage|p2a: Clefable|88/100 brn|[from] brn
|upkeep
|
|t:|1760770276
|switch|p1a: Charizard|Charizard, M|100/100
|turn|24
|
|t:|1760770284
|move|p1a: Charizard|Weather Ball|p2a: Clefable
|-damage|p2a: Clefable|15/100 brn
|move|p2a: Clefable|Stored Power|p1a: Charizard
|-damage|p1a: Charizard|65/100
|
|-weather|SunnyDay|[upkeep]
|-damage|p1a: Charizard|53/100|[from] ability: Solar Power|[of] p1a: Charizard
|-heal|p2a: Clefable|21/100 brn|[from] item: Leftovers
|-damage|p2a: Clefable|15/100 brn|[from] brn
|upkeep
|turn|25
|
|t:|1760770287
|move|p1a: Charizard|Weather Ball|p2a: Clefable
|-damage|p2a: Clefable|0 fnt
|faint|p2a: Clefable
|
|win|LunarRoge
|raw|LunarRoge's rating: 1269 &rarr; <strong>1297</strong><br />(+28 for winning)
|raw|teto mono's rating: 1314 &rarr; <strong>1291</strong><br />(-23 for losing)
|c|☆LunarRoge|gg
|l|☆teto mono
|player|p2|
|l|☆LunarRoge
|player|p1|
