|j|‽I AM AMPD 2 PLAY
|j|☆martin mad
|t:|1760820358
|gametype|singles
|player|p1|I AM AMPD 2 PLAY|169|1382
|player|p2|martin mad|steven|1452
|gen|9
|tier|[Gen 9] OU
|rated|
|rule|HP Percentage Mod: HP is shown in percentages
|rule|Endless Battle Clause: Forcing endless battles is banned
|rule|Species Clause: Limit one of each Pokémon
|rule|OHKO Clause: OHKO moves are banned
|rule|Evasion Items Clause: Evasion items are banned
|rule|Evasion Moves Clause: Evasion moves are banned
|rule|Evasion Abilities Clause: Evasion abilities are banned
|rule|Sleep Moves Clause: Sleep-inducing moves are banned
|clearpoke
|poke|p1|Dragapult, M|
|poke|p1|Zamazenta-*|
|poke|p1|Moltres|
|poke|p1|Lokix, F|
|poke|p1|Iron Treads|
|poke|p1|Ogerpon-Wellspring, F|
|poke|p2|Great Tusk|
|poke|p2|Ogerpon-Wellspring, F|
|poke|p2|Zapdos|
|poke|p2|Slowking-Galar, M|
|poke|p2|Gholdengo|
|poke|p2|Deoxys-Speed|
|teampreview
|inactive|Battle timer is ON: inactive players will automatically lose when time's up. (requested by I AM AMPD 2 PLAY)
|
|t:|1760820393
|teamsize|p1|6
|teamsize|p2|6
|start
|switch|p1a: Iron Treads|Iron Treads|100/100
|switch|p2a: Ogerpon|Ogerpon-Wellspring, F|100/100
|turn|1
|
|t:|1760820412
|-end|p1a: Iron Treads|Quark Drive|[silent]
|switch|p1a: Moltres|Moltres|100/100
|move|p2a: Ogerpon|Spikes|p1a: Moltres
|-sidestart|p1: I AM AMPD 2 PLAY|Spikes
|
|upkeep
|turn|2
|
|t:|1760820428
|switch|p2a: Zapdos|Zapdos|100/100
|move|p1a: Moltres|Hurricane|p2a: Zapdos|[miss]
|-miss|p1a: Moltres|p2a: Zapdos
|
|upkeep
|turn|3
|
|t:|1760820441
|switch|p2a: Great Tusk|Great Tusk|100/100
|switch|p1a: Iron Treads|Iron Treads|100/100
|-damage|p1a: Iron Treads|88/100|[from] Spikes
|
|-heal|p1a: Iron Treads|94/100|[from] item: Leftovers
|upkeep
|turn|4
|
|t:|1760820452
|-end|p1a: Iron Treads|Quark Drive|[silent]
|switch|p1a: Moltres|Moltres|100/100
|move|p2a: Great Tusk|Stealth Rock|p1a: Moltres
|-sidestart|p1: I AM AMPD 2 PLAY|move: Stealth Rock
|
|upkeep
|turn|5
|
|t:|1760820457
|-end|p2a: Great Tusk|Protosynthesis|[silent]
|switch|p2a: Slowking|Slowking-Galar, M|100/100
|move|p1a: Moltres|Flamethrower|p2a: Slowking
|-damage|p2a: Slowking|77/100
|
|upkeep
|turn|6
|
|t:|1760820463
|move|p1a: Moltres|Flamethrower|p2a: Slowking
|-damage|p2a: Slowking|54/100
|-status|p2a: Slowking|brn
|-prepare|p2a: Slowking|Chilly Reception|[premajor]
|move|p2a: Slowking|Chilly Reception|p2a: Slowking
|-weather|Snowscape
|
|t:|1760820468
|switch|p2a: Ogerpon|Ogerpon-Wellspring, F|100/100|[from] Chilly Reception
|
|-weather|Snowscape|[upkeep]
|upkeep
|turn|7
|
|t:|1760820477
|-terastallize|p1a: Moltres|Fairy
|move|p2a: Ogerpon|Knock Off|p1a: Moltres
|-resisted|p1a: Moltres
|-damage|p1a: Moltres|87/100
|-enditem|p1a: Moltres|Heavy-Duty Boots|[from] move: Knock Off|[of] p2a: Ogerpon
|move|p1a: Moltres|Hurricane|p2a: Ogerpon|[miss]
|-miss|p1a: Moltres|p2a: Ogerpon
|
|-weather|Snowscape|[upkeep]
|upkeep
|turn|8
|
|t:|1760820487
|switch|p2a: Slowking|Slowking-Galar, M|87/100 brn
|move|p1a: Moltres|U-turn|p2a: Slowking
|-damage|p2a: Slowking|71/100 brn
|
|t:|1760820490
|switch|p1a: Iron Treads|Iron Treads|94/100|[from] U-turn
|-damage|p1a: Iron Treads|82/100|[from] Spikes
|-damage|p1a: Iron Treads|79/100|[from] Stealth Rock
|
|-weather|Snowscape|[upkeep]
|-heal|p1a: Iron Treads|85/100|[from] item: Leftovers
|-damage|p2a: Slowking|64/100 brn|[from] brn
|upkeep
|turn|9
|
|t:|1760820497
|switch|p2a: Gholdengo|Gholdengo|100/100
|move|p1a: Iron Treads|Knock Off|p2a: Gholdengo
|-supereffective|p2a: Gholdengo
|-damage|p2a: Gholdengo|42/100
|-enditem|p2a: Gholdengo|Choice Specs|[from] move: Knock Off|[of] p1a: Iron Treads
|
|-weather|Snowscape|[upkeep]
|-heal|p1a: Iron Treads|91/100|[from] item: Leftovers
|upkeep
|turn|10
|
|t:|1760820502
|switch|p2a: Ogerpon|Ogerpon-Wellspring, F|100/100
|move|p1a: Iron Treads|Rapid Spin|p2a: Ogerpon
|-damage|p2a: Ogerpon|84/100
|-boost|p1a: Iron Treads|spe|1
|-sideend|p1: I AM AMPD 2 PLAY|Spikes|[from] move: Rapid Spin|[of] p1a: Iron Treads
|-sideend|p1: I AM AMPD 2 PLAY|Stealth Rock|[from] move: Rapid Spin|[of] p1a: Iron Treads
|
|-weather|none
|-heal|p1a: Iron Treads|97/100|[from] item: Leftovers
|upkeep
|turn|11
|
|t:|1760820510
|-end|p1a: Iron Treads|Quark Drive|[silent]
|switch|p1a: Moltres|Moltres, tera:Fairy|87/100
|move|p2a: Ogerpon|Ivy Cudgel|p1a: Moltres|[anim] Ivy Cudgel Water
|-damage|p1a: Moltres|45/100
|
|upkeep
|turn|12
|
|t:|1760820532
|move|p2a: Ogerpon|Spikes|p1a: Moltres
|-sidestart|p1: I AM AMPD 2 PLAY|Spikes
|move|p1a: Moltres|Roost|p1a: Moltres
|-heal|p1a: Moltres|95/100
|
|upkeep
|turn|13
|
|t:|1760820538
|switch|p2a: Slowking|Slowking-Galar, M|98/100 brn
|move|p1a: Moltres|U-turn|p2a: Slowking
|-damage|p2a: Slowking|84/100 brn
|
|t:|1760820540
|switch|p1a: Iron Treads|Iron Treads|97/100|[from] U-turn
|-damage|p1a: Iron Treads|85/100|[from] Spikes
|
|-heal|p1a: Iron Treads|91/100|[from] item: Leftovers
|-damage|p2a: Slowking|78/100 brn|[from] brn
|upkeep
|turn|14
|
|t:|1760820545
|switch|p2a: Zapdos|Zapdos|100/100
|move|p1a: Iron Treads|Earthquake|p2a: Zapdos
|-immune|p2a: Zapdos
|
|-heal|p1a: Iron Treads|97/100|[from] item: Leftovers
|upkeep
|turn|15
|
|t:|1760820550
|move|p1a: Iron Treads|Stealth Rock|p2a: Zapdos
|-sidestart|p2: martin mad|move: Stealth Rock
|move|p2a: Zapdos|Hurricane|p1a: Iron Treads
|-resisted|p1a: Iron Treads
|-damage|p1a: Iron Treads|76/100
|-start|p1a: Iron Treads|confusion
|
|-heal|p1a: Iron Treads|82/100|[from] item: Leftovers
|upkeep
|turn|16
|
|t:|1760820555
|-activate|p1a: Iron Treads|confusion
|move|p1a: Iron Treads|Rapid Spin|p2a: Zapdos
|-damage|p2a: Zapdos|91/100
|-boost|p1a: Iron Treads|spe|1
|-sideend|p1: I AM AMPD 2 PLAY|Spikes|[from] move: Rapid Spin|[of] p1a: Iron Treads
|move|p2a: Zapdos|Volt Switch|p1a: Iron Treads
|-immune|p1a: Iron Treads
|
|-heal|p1a: Iron Treads|88/100|[from] item: Leftovers
|upkeep
|turn|17
|
|t:|1760820572
|switch|p2a: Great Tusk|Great Tusk|100/100
|-end|p1a: Iron Treads|confusion
|move|p1a: Iron Treads|Knock Off|p2a: Great Tusk
|-resisted|p2a: Great Tusk
|-damage|p2a: Great Tusk|92/100
|-enditem|p2a: Great Tusk|Heavy-Duty Boots|[from] move: Knock Off|[of] p1a: Iron Treads
|
|-heal|p1a: Iron Treads|94/100|[from] item: Leftovers
|upkeep
|turn|18
|
|t:|1760820586
|-end|p1a: Iron Treads|Quark Drive|[silent]
|switch|p1a: Moltres|Moltres, tera:Fairy|95/100
|move|p2a: Great Tusk|Headlong Rush|p1a: Moltres
|-damage|p1a: Moltres|51/100
|-unboost|p2a: Great Tusk|def|1
|-unboost|p2a: Great Tusk|spd|1
|
|upkeep
|turn|19
|
|t:|1760820595
|-end|p2a: Great Tusk|Protosynthesis|[silent]
|switch|p2a: Slowking|Slowking-Galar, M|100/100 brn
|move|p1a: Moltres|Hurricane|p2a: Slowking|[miss]
|-miss|p1a: Moltres|p2a: Slowking
|
|-damage|p2a: Slowking|94/100 brn|[from] brn
|upkeep
|turn|20
|
|t:|1760820599
|move|p1a: Moltres|Roost|p1a: Moltres
|-heal|p1a: Moltres|100/100
|move|p2a: Slowking|Future Sight|p1a: Moltres
|-start|p2a: Slowking|move: Future Sight
|
|-damage|p2a: Slowking|88/100 brn|[from] brn
|upkeep
|turn|21
|
|t:|1760820605
|move|p1a: Moltres|U-turn|p2a: Slowking
|-damage|p2a: Slowking|74/100 brn
|
|t:|1760820614
|switch|p1a: Dragapult|Dragapult, M|100/100|[from] U-turn
|-prepare|p2a: Slowking|Chilly Reception|[premajor]
|move|p2a: Slowking|Chilly Reception|p2a: Slowking
|-weather|Snowscape
|inactive|martin mad has 120 seconds left.
|
|t:|1760820656
|switch|p2a: Deoxys|Deoxys-Speed|100/100|[from] Chilly Reception
|-ability|p2a: Deoxys|Pressure
|
|-weather|Snowscape|[upkeep]
|upkeep
|turn|22
|
|t:|1760820660
|switch|p1a: Lokix|Lokix, F|100/100
|move|p2a: Deoxys|Knock Off|p1a: Lokix
|-resisted|p1a: Lokix
|-damage|p1a: Lokix|81/100
|-enditem|p1a: Lokix|Choice Band|[from] move: Knock Off|[of] p2a: Deoxys
|
|-weather|Snowscape|[upkeep]
|-end|p1a: Lokix|move: Future Sight
|-immune|p1a: Lokix
|upkeep
|turn|23
|
|t:|1760820672
|switch|p2a: Great Tusk|Great Tusk|92/100
|-damage|p2a: Great Tusk|89/100|[from] Stealth Rock
|move|p1a: Lokix|Knock Off|p2a: Great Tusk
|-resisted|p2a: Great Tusk
|-damage|p2a: Great Tusk|65/100
|
|-weather|Snowscape|[upkeep]
|upkeep
|turn|24
|
|t:|1760820681
|switch|p1a: Dragapult|Dragapult, M|100/100
|move|p2a: Great Tusk|Ice Spinner|p1a: Dragapult
|-supereffective|p1a: Dragapult
|-damage|p1a: Dragapult|25/100
|
|-weather|Snowscape|[upkeep]
|upkeep
|turn|25
|
|t:|1760820703
|-end|p2a: Great Tusk|Protosynthesis|[silent]
|switch|p2a: Gholdengo|Gholdengo|42/100
|-damage|p2a: Gholdengo|36/100|[from] Stealth Rock
|move|p1a: Dragapult|Shadow Ball|p2a: Gholdengo
|-supereffective|p2a: Gholdengo
|-damage|p2a: Gholdengo|0 fnt
|faint|p2a: Gholdengo
|
|-weather|none
|upkeep
|
|t:|1760820707
|switch|p2a: Deoxys|Deoxys-Speed|100/100
|-ability|p2a: Deoxys|Pressure
|turn|26
|
|t:|1760820719
|switch|p1a: Iron Treads|Iron Treads|94/100
|move|p2a: Deoxys|Ice Beam|p1a: Iron Treads
|-damage|p1a: Iron Treads|72/100
|
|-heal|p1a: Iron Treads|78/100|[from] item: Leftovers
|upkeep
|turn|27
|
|t:|1760820727
|-end|p1a: Iron Treads|Quark Drive|[silent]
|switch|p1a: Dragapult|Dragapult, M|25/100
|-terastallize|p2a: Deoxys|Fighting
|move|p2a: Deoxys|Superpower|p1a: Dragapult
|-immune|p1a: Dragapult
|
|upkeep
|turn|28
|
|t:|1760820733
|switch|p1a: Lokix|Lokix, F|81/100
|move|p2a: Deoxys|Ice Beam|p1a: Lokix
|-damage|p1a: Lokix|32/100
|
|upkeep
|turn|29
|
|t:|1760820738
|move|p1a: Lokix|First Impression|p2a: Deoxys
|-resisted|p2a: Deoxys
|-damage|p2a: Deoxys|37/100
|move|p2a: Deoxys|Ice Beam|p1a: Lokix
|-damage|p1a: Lokix|0 fnt
|faint|p1a: Lokix
|
|upkeep
|
|t:|1760820747
|switch|p1a: Moltres|Moltres, tera:Fairy|100/100
|turn|30
|
|t:|1760820759
|switch|p2a: Zapdos|Zapdos|91/100
|move|p1a: Moltres|Flamethrower|p2a: Zapdos
|-damage|p2a: Zapdos|51/100
|
|upkeep
|turn|31
|
|t:|1760820765
|switch|p1a: Dragapult|Dragapult, M|25/100
|move|p2a: Zapdos|Roost|p2a: Zapdos
|-heal|p2a: Zapdos|100/100
|-singleturn|p2a: Zapdos|move: Roost
|
|upkeep
|turn|32
|
|t:|1760820769
|move|p1a: Dragapult|Draco Meteor|p2a: Zapdos
|-damage|p2a: Zapdos|22/100
|-unboost|p1a: Dragapult|spa|2
|move|p2a: Zapdos|Hurricane|p1a: Dragapult
|-damage|p1a: Dragapult|0 fnt
|faint|p1a: Dragapult
|
|upkeep
|
|t:|1760820779
|switch|p1a: Ogerpon|Ogerpon-Wellspring, F|100/100
|turn|33
|
|t:|1760820786
|switch|p2a: Ogerpon|Ogerpon-Wellspring, F|84/100
|-damage|p2a: Ogerpon|72/100|[from] Stealth Rock
|move|p1a: Ogerpon|Ivy Cudgel|p2a: Ogerpon|[anim] Ivy Cudgel Water
|-heal|p2a: Ogerpon|97/100|[from] ability: Water Absorb|[of] p1a: Ogerpon
|
|upkeep
|turn|34
|
|t:|1760820791
|move|p2a: Ogerpon|U-turn|p1a: Ogerpon
|-supereffective|p1a: Ogerpon
|-damage|p1a: Ogerpon|27/100
|
|t:|1760820798
|switch|p2a: Zapdos|Zapdos|22/100|[from] U-turn
|move|p1a: Ogerpon|Swords Dance|p1a: Ogerpon
|-boost|p1a: Ogerpon|atk|2
|
|upkeep
|turn|35
|inactive|I AM AMPD 2 PLAY has 120 seconds left.
|
|t:|1760820844
|move|p1a: Ogerpon|Trailblaze|p2a: Zapdos
|-resisted|p2a: Zapdos
|-damage|p2a: Zapdos|0 fnt
|-boost|p1a: Ogerpon|spe|1
|faint|p2a: Zapdos
|
|upkeep
|
|t:|1760820853
|switch|p2a: Slowking|Slowking-Galar, M|100/100 brn
|turn|36
|
|t:|1760820858
|move|p1a: Ogerpon|Ivy Cudgel|p2a: Slowking|[anim] Ivy Cudgel Water
|-damage|p2a: Slowking|0 fnt
|faint|p2a: Slowking
|
|upkeep
|
|t:|1760820864
|switch|p2a: Ogerpon|Ogerpon-Wellspring, F|97/100
|-damage|p2a: Ogerpon|85/100|[from] Stealth Rock
|turn|37
|
|t:|1760820867
|move|p1a: Ogerpon|Trailblaze|p2a: Ogerpon
|-damage|p2a: Ogerpon|1/100
|-boost|p1a: Ogerpon|spe|1
|move|p2a: Ogerpon|U-turn|p1a: Ogerpon
|-supereffective|p1a: Ogerpon
|-damage|p1a: Ogerpon|0 fnt
|faint|p1a: Ogerpon
|
|t:|1760820876
|switch|p2a: Great Tusk|Great Tusk|65/100|[from] U-turn
|-damage|p2a: Great Tusk|62/100|[from] Stealth Rock
|
|upkeep
|
|t:|1760820879
|switch|p1a: Zamazenta|Zamazenta|100/100
|-ability|p1a: Zamazenta|Dauntless Shield|boost
|-boost|p1a: Zamazenta|def|1
|turn|38
|
|t:|1760820882
|move|p1a: Zamazenta|Body Press|p2a: Great Tusk
|-damage|p2a: Great Tusk|23/100
|move|p2a: Great Tusk|Rapid Spin|p1a: Zamazenta
|-damage|p1a: Zamazenta|92/100
|-boost|p2a: Great Tusk|spe|1
|-sideend|p2: martin mad|Stealth Rock|[from] move: Rapid Spin|[of] p2a: Great Tusk
|
|-heal|p1a: Zamazenta|98/100|[from] item: Leftovers
|upkeep
|turn|39
|
|t:|1760820888
|-end|p2a: Great Tusk|Protosynthesis|[silent]
|switch|p2a: Ogerpon|Ogerpon-Wellspring, F|1/100
|move|p1a: Zamazenta|Body Press|p2a: Ogerpon
|-damage|p2a: Ogerpon|0 fnt
|faint|p2a: Ogerpon
|
|-heal|p1a: Zamazenta|100/100|[from] item: Leftovers
|upkeep
|
|t:|1760820890
|switch|p2a: Deoxys|Deoxys-Speed, tera:Fighting|37/100
|-ability|p2a: Deoxys|Pressure
|turn|40
|
|t:|1760820897
|switch|p1a: Iron Treads|Iron Treads|78/100
|move|p2a: Deoxys|Psycho Boost|p1a: Iron Treads
|-resisted|p1a: Iron Treads
|-damage|p1a: Iron Treads|53/100
|-unboost|p2a: Deoxys|spa|2
|
|-heal|p1a: Iron Treads|59/100|[from] item: Leftovers
|upkeep
|turn|41
|
|t:|1760820900
|move|p2a: Deoxys|Superpower|p1a: Iron Treads
|-supereffective|p1a: Iron Treads
|-damage|p1a: Iron Treads|0 fnt
|-unboost|p2a: Deoxys|atk|1
|-unboost|p2a: Deoxys|def|1
|faint|p1a: Iron Treads
|-end|p1a: Iron Treads|Quark Drive|[silent]
|
|upkeep
|
|t:|1760820901
|switch|p1a: Moltres|Moltres, tera:Fairy|100/100
|turn|42
|
|t:|1760820906
|switch|p2a: Great Tusk|Great Tusk|23/100
|move|p1a: Moltres|Flamethrower|p2a: Great Tusk
|-damage|p2a: Great Tusk|0 fnt
|faint|p2a: Great Tusk
|-end|p2a: Great Tusk|Protosynthesis|[silent]
|
|upkeep
|
|t:|1760820907
|switch|p2a: Deoxys|Deoxys-Speed, tera:Fighting|37/100
|-ability|p2a: Deoxys|Pressure
|turn|43
|
|t:|1760820910
|move|p2a: Deoxys|Psycho Boost|p1a: Moltres
|-damage|p1a: Moltres|39/100
|-unboost|p2a: Deoxys|spa|2
|move|p1a: Moltres|Flamethrower|p2a: Deoxys
|-damage|p2a: Deoxys|0 fnt
|faint|p2a: Deoxys
|
|win|I AM AMPD 2 PLAY
|raw|I AM AMPD 2 PLAY's rating: 1382 &rarr; <strong>1406</strong><br />(+24 for winning)
|raw|martin mad's rating: 1452 &rarr; <strong>1428</strong><br />(-24 for losing)
|l|☆martin mad
|player|p2|
