|j|☆qzh01110
|j|☆zmq2010
|t:|1760856174
|gametype|singles
|player|p1|qzh01110|101|1079
|player|p2|zmq2010|caitlin|1061
|gen|9
|tier|[Gen 9] OU
|rated|
|rule|HP Percentage Mod: HP is shown in percentages
|rule|Endless Battle Clause: Forcing endless battles is banned
|rule|Species Clause: Limit one of each Pokémon
|rule|OHKO Clause: OHKO moves are banned
|rule|Evasion Items Clause: Evasion items are banned
|rule|Evasion Moves Clause: Evasion moves are banned
|rule|Evasion Abilities Clause: Evasion abilities are banned
|rule|Sleep Moves Clause: Sleep-inducing moves are banned
|clearpoke
|poke|p1|Landorus-Therian, M|
|poke|p1|Darkrai|
|poke|p1|Dondozo, M|
|poke|p1|Kingambit, F|
|poke|p1|Dragonite, F|
|poke|p1|Blastoise, M|
|poke|p2|Grimmsnarl, M|
|poke|p2|Serperior, M|
|poke|p2|Spidops, M|
|poke|p2|Politoed, M|
|poke|p2|Exeggutor-Alola, F|
|poke|p2|Kingambit, M|
|teampreview
|
|t:|1760856183
|teamsize|p1|6
|teamsize|p2|6
|start
|switch|p1a: Blastoise|Blastoise, M|100/100
|switch|p2a: Spidops|Spidops, M, shiny|100/100
|turn|1
|
|t:|1760856190
|move|p1a: Blastoise|Shell Smash|p1a: Blastoise
|-unboost|p1a: Blastoise|def|1
|-unboost|p1a: Blastoise|spd|1
|-boost|p1a: Blastoise|atk|2
|-boost|p1a: Blastoise|spa|2
|-boost|p1a: Blastoise|spe|2
|-enditem|p1a: Blastoise|White Herb
|-clearnegativeboost|p1a: Blastoise|[silent]
|move|p2a: Spidops|Sticky Web|p1a: Blastoise
|-sidestart|p1: qzh01110|move: Sticky Web
|
|upkeep
|turn|2
|
|t:|1760856200
|move|p1a: Blastoise|Shell Smash|p1a: Blastoise
|-unboost|p1a: Blastoise|def|1
|-unboost|p1a: Blastoise|spd|1
|-boost|p1a: Blastoise|atk|2
|-boost|p1a: Blastoise|spa|2
|-boost|p1a: Blastoise|spe|2
|move|p2a: Spidops|U-turn|p1a: Blastoise
|-damage|p1a: Blastoise|65/100
|
|t:|1760856210
|switch|p2a: Politoed|Politoed, M, shiny|100/100|[from] U-turn
|-weather|RainDance|[from] ability: Drizzle|[of] p2a: Politoed
|
|-weather|RainDance|[upkeep]
|upkeep
|turn|3
|
|t:|1760856218
|-terastallize|p1a: Blastoise|Water
|move|p1a: Blastoise|Surf|p2a: Politoed
|-resisted|p2a: Politoed
|-damage|p2a: Politoed|4/100
|move|p2a: Politoed|Encore|p1a: Blastoise
|-start|p1a: Blastoise|Encore
|
|-weather|RainDance|[upkeep]
|upkeep
|turn|4
|
|t:|1760856229
|switch|p2a: Serperior|Serperior, M, shiny|100/100
|move|p1a: Blastoise|Surf|p2a: Serperior
|-resisted|p2a: Serperior
|-damage|p2a: Serperior|0 fnt
|faint|p2a: Serperior
|
|-weather|RainDance|[upkeep]
|upkeep
|
|t:|1760856239
|switch|p2a: Exeggutor|Exeggutor-Alola, F|100/100
|turn|5
|
|t:|1760856243
|move|p1a: Blastoise|Surf|p2a: Exeggutor
|-resisted|p2a: Exeggutor
|-damage|p2a: Exeggutor|46/100
|-enditem|p2a: Exeggutor|Sitrus Berry|[eat]
|-heal|p2a: Exeggutor|71/100|[from] item: Sitrus Berry
|move|p2a: Exeggutor|Leech Seed|p1a: Blastoise
|-start|p1a: Blastoise|move: Leech Seed
|
|-weather|RainDance|[upkeep]
|-damage|p1a: Blastoise|53/100|[from] Leech Seed|[of] p2a: Exeggutor
|-heal|p2a: Exeggutor|80/100|[silent]
|upkeep
|turn|6
|
|t:|1760856254
|move|p1a: Blastoise|Surf|p2a: Exeggutor
|-resisted|p2a: Exeggutor
|-damage|p2a: Exeggutor|23/100
|move|p2a: Exeggutor|Substitute|p2a: Exeggutor
|-fail|p2a: Exeggutor|move: Substitute|[weak]
|
|-weather|RainDance|[upkeep]
|-damage|p1a: Blastoise|40/100|[from] Leech Seed|[of] p2a: Exeggutor
|-heal|p2a: Exeggutor|33/100|[silent]
|-end|p1a: Blastoise|Encore
|upkeep
|turn|7
|
|t:|1760856265
|move|p2a: Exeggutor|Protect|p2a: Exeggutor
|-singleturn|p2a: Exeggutor|Protect
|move|p1a: Blastoise|Ice Beam|p2a: Exeggutor
|-activate|p2a: Exeggutor|move: Protect
|
|-weather|RainDance|[upkeep]
|-damage|p1a: Blastoise|28/100|[from] Leech Seed|[of] p2a: Exeggutor
|-heal|p2a: Exeggutor|42/100|[silent]
|upkeep
|turn|8
|
|t:|1760856278
|switch|p2a: Kingambit|Kingambit, M, shiny|100/100
|-activate|p2a: Kingambit|ability: Supreme Overlord
|-start|p2a: Kingambit|fallen1|[silent]
|move|p1a: Blastoise|Ice Beam|p2a: Kingambit
|-resisted|p2a: Kingambit
|-damage|p2a: Kingambit|58/100
|
|-weather|RainDance|[upkeep]
|-damage|p1a: Blastoise|16/100|[from] Leech Seed|[of] p2a: Kingambit
|-heal|p2a: Kingambit|69/100|[silent]
|upkeep
|turn|9
|
|t:|1760856289
|move|p2a: Kingambit|Sucker Punch|p1a: Blastoise
|-damage|p1a: Blastoise|0 fnt
|faint|p1a: Blastoise
|-damage|p2a: Kingambit|59/100|[from] item: Life Orb
|
|-weather|none
|upkeep
|
|t:|1760856298
|switch|p1a: Dondozo|Dondozo, M|100/100
|-activate|p1a: Dondozo|move: Sticky Web
|-unboost|p1a: Dondozo|spe|1
|turn|10
|
|t:|1760856305
|move|p2a: Kingambit|Sucker Punch||[still]
|-fail|p2a: Kingambit
|move|p1a: Dondozo|Curse|p1a: Dondozo
|-unboost|p1a: Dondozo|spe|1
|-boost|p1a: Dondozo|atk|1
|-boost|p1a: Dondozo|def|1
|
|upkeep
|turn|11
|
|t:|1760856318
|move|p1a: Dondozo|Protect|p1a: Dondozo
|-singleturn|p1a: Dondozo|Protect
|move|p2a: Kingambit|Sucker Punch||[still]
|-fail|p2a: Kingambit
|
|upkeep
|turn|12
|
|t:|1760856324
|move|p2a: Kingambit|Sucker Punch||[still]
|-fail|p2a: Kingambit
|move|p1a: Dondozo|Curse|p1a: Dondozo
|-unboost|p1a: Dondozo|spe|1
|-boost|p1a: Dondozo|atk|1
|-boost|p1a: Dondozo|def|1
|
|upkeep
|turn|13
|
|t:|1760856335
|move|p2a: Kingambit|Sucker Punch||[still]
|-fail|p2a: Kingambit
|move|p1a: Dondozo|Curse|p1a: Dondozo
|-unboost|p1a: Dondozo|spe|1
|-boost|p1a: Dondozo|atk|1
|-boost|p1a: Dondozo|def|1
|
|upkeep
|turn|14
|
|t:|1760856343
|move|p2a: Kingambit|Sucker Punch||[still]
|-fail|p2a: Kingambit
|move|p1a: Dondozo|Curse|p1a: Dondozo
|-unboost|p1a: Dondozo|spe|1
|-boost|p1a: Dondozo|atk|1
|-boost|p1a: Dondozo|def|1
|
|upkeep
|turn|15
|
|t:|1760856353
|move|p2a: Kingambit|Sucker Punch|p1a: Dondozo
|-damage|p1a: Dondozo|89/100
|-damage|p2a: Kingambit|49/100|[from] item: Life Orb
|move|p1a: Dondozo|Earthquake|p2a: Kingambit
|-supereffective|p2a: Kingambit
|-damage|p2a: Kingambit|0 fnt
|faint|p2a: Kingambit
|-end|p2a: Kingambit|fallen1|[silent]
|
|-heal|p1a: Dondozo|95/100|[from] item: Leftovers
|upkeep
|
|t:|1760856365
|switch|p2a: Exeggutor|Exeggutor-Alola, F|42/100
|turn|16
|
|t:|1760856372
|move|p2a: Exeggutor|Leech Seed|p1a: Dondozo
|-start|p1a: Dondozo|move: Leech Seed
|move|p1a: Dondozo|Wave Crash|p2a: Exeggutor
|-resisted|p2a: Exeggutor
|-crit|p2a: Exeggutor
|-damage|p2a: Exeggutor|8/100
|-damage|p1a: Dondozo|86/100|[from] Recoil
|
|-heal|p1a: Dondozo|92/100|[from] item: Leftovers
|-damage|p1a: Dondozo|79/100|[from] Leech Seed|[of] p2a: Exeggutor
|-heal|p2a: Exeggutor|24/100|[silent]
|upkeep
|turn|17
|
|t:|1760856384
|move|p2a: Exeggutor|Protect|p2a: Exeggutor
|-singleturn|p2a: Exeggutor|Protect
|move|p1a: Dondozo|Wave Crash|p2a: Exeggutor
|-activate|p2a: Exeggutor|move: Protect
|
|-heal|p1a: Dondozo|86/100|[from] item: Leftovers
|-damage|p1a: Dondozo|73/100|[from] Leech Seed|[of] p2a: Exeggutor
|-heal|p2a: Exeggutor|40/100|[silent]
|upkeep
|turn|18
|
|t:|1760856396
|switch|p1a: Dragonite|Dragonite, F|100/100
|move|p2a: Exeggutor|Substitute|p2a: Exeggutor
|-start|p2a: Exeggutor|Substitute
|-damage|p2a: Exeggutor|15/100
|
|-item|p2a: Exeggutor|Sitrus Berry|[from] ability: Harvest
|upkeep
|-enditem|p2a: Exeggutor|Sitrus Berry|[eat]
|-heal|p2a: Exeggutor|40/100|[from] item: Sitrus Berry
|turn|19
|
|t:|1760856410
|move|p1a: Dragonite|Extreme Speed|p2a: Exeggutor
|-end|p2a: Exeggutor|Substitute
|move|p2a: Exeggutor|Draco Meteor|p1a: Dragonite
|-supereffective|p1a: Dragonite
|-damage|p1a: Dragonite|57/100
|-unboost|p2a: Exeggutor|spa|2
|
|upkeep
|turn|20
|
|t:|1760856421
|switch|p2a: Grimmsnarl|Grimmsnarl, M, shiny|100/100
|move|p1a: Dragonite|Extreme Speed|p2a: Grimmsnarl
|-damage|p2a: Grimmsnarl|49/100
|
|upkeep
|turn|21
|
|t:|1760856430
|move|p2a: Grimmsnarl|Fake Out|p1a: Dragonite
|-damage|p1a: Dragonite|46/100
|cant|p1a: Dragonite|flinch
|
|upkeep
|turn|22
|
|t:|1760856438
|move|p1a: Dragonite|Extreme Speed|p2a: Grimmsnarl
|-damage|p2a: Grimmsnarl|0 fnt
|faint|p2a: Grimmsnarl
|
|upkeep
|
|t:|1760856445
|switch|p2a: Exeggutor|Exeggutor-Alola, F|40/100
|turn|23
|
|t:|1760856449
|move|p1a: Dragonite|Extreme Speed|p2a: Exeggutor
|-damage|p2a: Exeggutor|4/100
|move|p2a: Exeggutor|Draco Meteor|p1a: Dragonite
|-supereffective|p1a: Dragonite
|-damage|p1a: Dragonite|0 fnt
|-unboost|p2a: Exeggutor|spa|2
|faint|p1a: Dragonite
|
|upkeep
|
|t:|1760856458
|switch|p1a: Landorus|Landorus-Therian, M|100/100
|-ability|p1a: Landorus|Intimidate|boost
|-unboost|p2a: Exeggutor|atk|1
|turn|24
|
|t:|1760856466
|move|p2a: Exeggutor|Protect|p2a: Exeggutor
|-singleturn|p2a: Exeggutor|Protect
|move|p1a: Landorus|Crunch|p2a: Exeggutor
|-activate|p2a: Exeggutor|move: Protect
|
|-item|p2a: Exeggutor|Sitrus Berry|[from] ability: Harvest
|upkeep
|-enditem|p2a: Exeggutor|Sitrus Berry|[eat]
|-heal|p2a: Exeggutor|29/100|[from] item: Sitrus Berry
|turn|25
|
|t:|1760856478
|move|p1a: Landorus|Crunch|p2a: Exeggutor
|-damage|p2a: Exeggutor|0 fnt
|faint|p2a: Exeggutor
|
|upkeep
|
|t:|1760856484
|switch|p2a: Spidops|Spidops, M, shiny|100/100
|turn|26
|
|t:|1760856489
|move|p1a: Landorus|Crunch|p2a: Spidops
|-damage|p2a: Spidops|53/100
|-damage|p1a: Landorus|84/100|[from] item: Rocky Helmet|[of] p2a: Spidops
|move|p2a: Spidops|U-turn|p1a: Landorus
|-resisted|p1a: Landorus
|-crit|p1a: Landorus
|-damage|p1a: Landorus|65/100
|
|t:|1760856497
|switch|p2a: Politoed|Politoed, M, shiny|4/100|[from] U-turn
|-weather|RainDance|[from] ability: Drizzle|[of] p2a: Politoed
|
|-weather|RainDance|[upkeep]
|upkeep
|turn|27
|
|t:|1760856504
|move|p1a: Landorus|Crunch|p2a: Politoed
|-damage|p2a: Politoed|0 fnt
|faint|p2a: Politoed
|
|-weather|RainDance|[upkeep]
|upkeep
|-message|zmq2010 forfeited.
|
|win|qzh01110
|raw|qzh01110's rating: 1079 &rarr; <strong>1106</strong><br />(+27 for winning)
|raw|zmq2010's rating: 1061 &rarr; <strong>1043</strong><br />(-18 for losing)
|l|☆zmq2010
|player|p2|
|l|☆qzh01110
|player|p1|
