|j|☆Blue Chew Mew
|j|☆berryjuicejoy
|t:|1760850762
|gametype|singles
|player|p1|Blue Chew Mew|169|1195
|player|p2|berryjuicejoy|karen-gen2|1239
|gen|9
|tier|[Gen 9] OU
|rated|
|rule|HP Percentage Mod: HP is shown in percentages
|rule|Endless Battle Clause: Forcing endless battles is banned
|rule|Species Clause: Limit one of each Pokémon
|rule|OHKO Clause: OHKO moves are banned
|rule|Evasion Items Clause: Evasion items are banned
|rule|Evasion Moves Clause: Evasion moves are banned
|rule|Evasion Abilities Clause: Evasion abilities are banned
|rule|Sleep Moves Clause: Sleep-inducing moves are banned
|clearpoke
|poke|p1|Clefable, M|
|poke|p1|Iron Moth|
|poke|p1|Galvantula, F|
|poke|p1|Great Tusk|
|poke|p1|Samurott-Hisui, F|
|poke|p1|Iron Hands|
|poke|p2|Darkrai|
|poke|p2|Pawmot, F|
|poke|p2|Zapdos|
|poke|p2|Hatterene, F|
|poke|p2|Dragapult, M|
|poke|p2|Corviknight, F|
|teampreview
|inactive|Battle timer is ON: inactive players will automatically lose when time's up. (requested by Blue Chew Mew)
|inactive|berryjuicejoy has 120 seconds left.
|
|t:|1760850821
|teamsize|p1|6
|teamsize|p2|6
|start
|switch|p1a: Clefable|Clefable, M|100/100
|switch|p2a: Hatterene|Hatterene, F|100/100
|turn|1
|
|t:|1760850828
|move|p1a: Clefable|Calm Mind|p1a: Clefable
|-boost|p1a: Clefable|spa|1
|-boost|p1a: Clefable|spd|1
|move|p2a: Hatterene|Nuzzle|p1a: Clefable
|-damage|p1a: Clefable|95/100
|-status|p1a: Clefable|par
|
|upkeep
|turn|2
|
|t:|1760850851
|move|p1a: Clefable|Moonblast|p2a: Hatterene
|-damage|p2a: Hatterene|76/100
|move|p2a: Hatterene|Mystical Fire|p1a: Clefable
|-damage|p1a: Clefable|82/100 par
|-unboost|p1a: Clefable|spa|1
|
|upkeep
|turn|3
|
|t:|1760850862
|-terastallize|p2a: Hatterene|Fire
|move|p1a: Clefable|Calm Mind|p1a: Clefable
|-boost|p1a: Clefable|spa|1
|-boost|p1a: Clefable|spd|1
|move|p2a: Hatterene|Mystical Fire|p1a: Clefable
|-damage|p1a: Clefable|68/100 par
|-unboost|p1a: Clefable|spa|1
|
|upkeep
|turn|4
|
|t:|1760850872
|cant|p1a: Clefable|par
|move|p2a: Hatterene|Mystical Fire|p1a: Clefable
|-damage|p1a: Clefable|53/100 par
|-unboost|p1a: Clefable|spa|1
|
|upkeep
|turn|5
|
|t:|1760850879
|move|p1a: Clefable|Encore|p2a: Hatterene
|move|p2a: Hatterene|Encore||[from] ability: Magic Bounce|[still]
|-fail|p2a: Hatterene
|move|p2a: Hatterene|Mystical Fire|p1a: Clefable
|-damage|p1a: Clefable|36/100 par
|-unboost|p1a: Clefable|spa|1
|
|upkeep
|turn|6
|
|t:|1760850891
|switch|p1a: Samurott|Samurott-Hisui, F|100/100
|move|p2a: Hatterene|Mystical Fire|p1a: Samurott
|-resisted|p1a: Samurott
|-damage|p1a: Samurott|76/100
|-unboost|p1a: Samurott|spa|1
|
|upkeep
|turn|7
|
|t:|1760850901
|switch|p2a: Zapdos|Zapdos|100/100
|move|p1a: Samurott|Razor Shell|p2a: Zapdos
|-damage|p2a: Zapdos|24/100
|-unboost|p2a: Zapdos|def|1
|-damage|p1a: Samurott|66/100|[from] item: Life Orb
|
|upkeep
|turn|8
|
|t:|1760850911
|move|p1a: Samurott|Sucker Punch||[still]
|-fail|p1a: Samurott
|move|p2a: Zapdos|Thunder Wave|p1a: Samurott|[miss]
|-miss|p2a: Zapdos|p1a: Samurott
|
|upkeep
|turn|9
|
|t:|1760850921
|move|p1a: Samurott|Sucker Punch||[still]
|-fail|p1a: Samurott
|move|p2a: Zapdos|Thunder Wave|p1a: Samurott
|-status|p1a: Samurott|par
|
|upkeep
|turn|10
|
|t:|1760850940
|switch|p2a: Corviknight|Corviknight, F|100/100
|-ability|p2a: Corviknight|Pressure
|cant|p1a: Samurott|par
|
|upkeep
|turn|11
|
|t:|1760850948
|move|p2a: Corviknight|Body Press|p1a: Samurott
|-supereffective|p1a: Samurott
|-damage|p1a: Samurott|12/100 par
|move|p1a: Samurott|Ceaseless Edge|p2a: Corviknight
|-damage|p2a: Corviknight|54/100
|-sidestart|p2: berryjuicejoy|Spikes
|-damage|p1a: Samurott|2/100 par|[from] item: Life Orb
|
|-heal|p2a: Corviknight|60/100|[from] item: Leftovers
|upkeep
|turn|12
|
|t:|1760850959
|move|p1a: Samurott|Sucker Punch||[still]
|-fail|p1a: Samurott
|move|p2a: Corviknight|Roost|p2a: Corviknight
|-heal|p2a: Corviknight|100/100
|-singleturn|p2a: Corviknight|move: Roost
|
|upkeep
|turn|13
|inactive|berryjuicejoy has 120 seconds left.
|
|t:|1760850989
|move|p1a: Samurott|Sucker Punch|p2a: Corviknight
|-damage|p2a: Corviknight|69/100
|-damage|p1a: Samurott|0 fnt|[from] item: Life Orb
|faint|p1a: Samurott
|move|p2a: Corviknight|Body Press|p1: Samurott|[notarget]
|-fail|p2a: Corviknight
|
|-heal|p2a: Corviknight|75/100|[from] item: Leftovers
|upkeep
|
|t:|1760851000
|switch|p1a: Iron Moth|Iron Moth|100/100
|-enditem|p1a: Iron Moth|Booster Energy
|-activate|p1a: Iron Moth|ability: Quark Drive|[fromitem]
|-start|p1a: Iron Moth|quarkdrivespe
|turn|14
|inactive|berryjuicejoy has 120 seconds left.
|
|t:|1760851018
|switch|p2a: Hatterene|Hatterene, F, tera:Fire|76/100
|-damage|p2a: Hatterene|64/100|[from] Spikes
|move|p1a: Iron Moth|Fiery Dance|p2a: Hatterene
|-resisted|p2a: Hatterene
|-damage|p2a: Hatterene|54/100
|
|upkeep
|turn|15
|
|t:|1760851035
|move|p1a: Iron Moth|Fiery Dance|p2a: Hatterene
|-resisted|p2a: Hatterene
|-damage|p2a: Hatterene|43/100
|-boost|p1a: Iron Moth|spa|1
|move|p2a: Hatterene|Nuzzle|p1a: Iron Moth
|-damage|p1a: Iron Moth|94/100
|-status|p1a: Iron Moth|par
|
|upkeep
|turn|16
|
|t:|1760851044
|cant|p1a: Iron Moth|par
|move|p2a: Hatterene|Psychic|p1a: Iron Moth
|-supereffective|p1a: Iron Moth
|-damage|p1a: Iron Moth|13/100 par
|
|upkeep
|turn|17
|
|t:|1760851051
|move|p1a: Iron Moth|Sludge Wave|p2a: Hatterene
|-damage|p2a: Hatterene|5/100
|move|p2a: Hatterene|Psychic|p1a: Iron Moth
|-supereffective|p1a: Iron Moth
|-damage|p1a: Iron Moth|0 fnt
|faint|p1a: Iron Moth
|-end|p1a: Iron Moth|Quark Drive|[silent]
|
|upkeep
|
|t:|1760851061
|switch|p1a: Iron Hands|Iron Hands|100/100
|turn|18
|
|t:|1760851086
|move|p1a: Iron Hands|Ice Punch|p2a: Hatterene
|-resisted|p2a: Hatterene
|-damage|p2a: Hatterene|0 fnt
|faint|p2a: Hatterene
|
|upkeep
|
|t:|1760851099
|switch|p2a: Pawmot|Pawmot, F|100/100
|turn|19
|
|t:|1760851104
|move|p2a: Pawmot|Play Rough|p1a: Iron Hands
|-supereffective|p1a: Iron Hands
|-damage|p1a: Iron Hands|62/100
|move|p1a: Iron Hands|Drain Punch|p2a: Pawmot
|-damage|p2a: Pawmot|25/100
|-heal|p1a: Iron Hands|89/100|[from] drain|[of] p2a: Pawmot
|
|upkeep
|turn|20
|
|t:|1760851112
|move|p2a: Pawmot|Revival Blessing|p2a: Pawmot
|
|t:|1760851114
|-heal|p2: Hatterene|50/100|[from] move: Revival Blessing
|move|p1a: Iron Hands|Drain Punch|p2a: Pawmot
|-damage|p2a: Pawmot|0 fnt
|-heal|p1a: Iron Hands|98/100|[from] drain|[of] p2a: Pawmot
|faint|p2a: Pawmot
|
|upkeep
|
|t:|1760851126
|switch|p2a: Hatterene|Hatterene, F|50/100
|-damage|p2a: Hatterene|38/100|[from] Spikes
|turn|21
|
|t:|1760851130
|move|p1a: Iron Hands|Thunder Punch|p2a: Hatterene
|-damage|p2a: Hatterene|0 fnt
|faint|p2a: Hatterene
|
|upkeep
|
|t:|1760851138
|switch|p2a: Dragapult|Dragapult, M|100/100
|-damage|p2a: Dragapult|88/100|[from] Spikes
|turn|22
|
|t:|1760851142
|move|p2a: Dragapult|Shadow Ball|p1a: Iron Hands
|-damage|p1a: Iron Hands|57/100
|-damage|p2a: Dragapult|78/100|[from] item: Life Orb
|move|p1a: Iron Hands|Ice Punch|p2a: Dragapult
|-supereffective|p2a: Dragapult
|-damage|p2a: Dragapult|0 fnt
|faint|p2a: Dragapult
|
|upkeep
|
|t:|1760851151
|switch|p2a: Zapdos|Zapdos|24/100
|turn|23
|
|t:|1760851156
|-terastallize|p1a: Iron Hands|Electric
|move|p2a: Zapdos|Hurricane|p1a: Iron Hands
|-resisted|p1a: Iron Hands
|-damage|p1a: Iron Hands|30/100
|move|p1a: Iron Hands|Ice Punch|p2a: Zapdos
|-supereffective|p2a: Zapdos
|-damage|p2a: Zapdos|0 fnt
|faint|p2a: Zapdos
|
|upkeep
|
|t:|1760851161
|switch|p2a: Darkrai|Darkrai|100/100
|-damage|p2a: Darkrai|88/100|[from] Spikes
|turn|24
|
|t:|1760851169
|move|p2a: Darkrai|Dark Pulse|p1a: Iron Hands
|-damage|p1a: Iron Hands|0 fnt
|faint|p1a: Iron Hands
|-end|p1a: Iron Hands|Quark Drive|[silent]
|
|upkeep
|
|t:|1760851175
|switch|p1a: Galvantula|Galvantula, F|100/100
|turn|25
|
|t:|1760851179
|move|p2a: Darkrai|Dark Pulse|p1a: Galvantula
|-damage|p1a: Galvantula|16/100
|move|p1a: Galvantula|Thunder|p2a: Darkrai
|-damage|p2a: Darkrai|31/100
|-damage|p1a: Galvantula|6/100|[from] item: Life Orb
|
|upkeep
|turn|26
|
|t:|1760851187
|move|p2a: Darkrai|Dark Pulse|p1a: Galvantula
|-damage|p1a: Galvantula|0 fnt
|faint|p1a: Galvantula
|
|upkeep
|
|t:|1760851193
|switch|p1a: Clefable|Clefable, M|36/100 par
|turn|27
|
|t:|1760851196
|move|p2a: Darkrai|Sludge Bomb|p1a: Clefable
|-supereffective|p1a: Clefable
|-damage|p1a: Clefable|0 fnt
|faint|p1a: Clefable
|
|upkeep
|
|t:|1760851201
|switch|p1a: Great Tusk|Great Tusk|100/100
|turn|28
|
|t:|1760851204
|move|p2a: Darkrai|Ice Beam|p1a: Great Tusk
|-supereffective|p1a: Great Tusk
|-damage|p1a: Great Tusk|14/100
|move|p1a: Great Tusk|Body Press|p2a: Darkrai
|-supereffective|p2a: Darkrai
|-damage|p2a: Darkrai|0 fnt
|faint|p2a: Darkrai
|
|upkeep
|
|t:|1760851206
|switch|p2a: Corviknight|Corviknight, F|75/100
|-ability|p2a: Corviknight|Pressure
|turn|29
|-message|Blue Chew Mew forfeited.
|
|win|berryjuicejoy
|raw|Blue Chew Mew's rating: 1195 &rarr; <strong>1173</strong><br />(-22 for losing)
|raw|berryjuicejoy's rating: 1239 &rarr; <strong>1261</strong><br />(+22 for winning)
|l|☆Blue Chew Mew
|player|p1|
|l|☆berryjuicejoy
|player|p2|
