|j|☆AsierX
|j|☆RobustLoki
|t:|1760871177
|gametype|singles
|player|p1|AsierX|skierf|1487
|player|p2|RobustLoki|scientist|1524
|gen|9
|tier|[Gen 9] OU
|rated|
|rule|HP Percentage Mod: HP is shown in percentages
|rule|Endless Battle Clause: Forcing endless battles is banned
|rule|Species Clause: Limit one of each Pokémon
|rule|OHKO Clause: OHKO moves are banned
|rule|Evasion Items Clause: Evasion items are banned
|rule|Evasion Moves Clause: Evasion moves are banned
|rule|Evasion Abilities Clause: Evasion abilities are banned
|rule|Sleep Moves Clause: Sleep-inducing moves are banned
|clearpoke
|poke|p1|Skarmory, F|
|poke|p1|Dragonite, F|
|poke|p1|Excadrill, M|
|poke|p1|Clefable, F|
|poke|p1|Greninja-*, M|
|poke|p1|Chesnaught, M|
|poke|p2|Latios, M|
|poke|p2|Weavile, M|
|poke|p2|Meowscarada, F|
|poke|p2|Scizor, M|
|poke|p2|Comfey, F|
|poke|p2|Blastoise, F|
|teampreview
|
|t:|1760871202
|teamsize|p1|6
|teamsize|p2|6
|start
|switch|p1a: Greninja|Greninja, M|100/100
|switch|p2a: Scizor|Scizor, M|100/100
|turn|1
|
|t:|1760871205
|move|p1a: Greninja|Surf|p2a: Scizor
|-damage|p2a: Scizor|56/100
|move|p2a: Scizor|U-turn|p1a: Greninja
|-supereffective|p1a: Greninja
|-damage|p1a: Greninja|0 fnt
|faint|p1a: Greninja
|
|t:|1760871219
|switch|p2a: Blastoise|Blastoise, F|100/100|[from] U-turn
|
|upkeep
|
|t:|1760871223
|switch|p1a: Chesnaught|Chesnaught, M|100/100
|turn|2
|
|t:|1760871228
|move|p2a: Blastoise|Ice Beam|p1a: Chesnaught
|-supereffective|p1a: Chesnaught
|-damage|p1a: Chesnaught|65/100
|move|p1a: Chesnaught|Leech Seed|p2a: Blastoise
|-start|p2a: Blastoise|move: Leech Seed
|
|-heal|p1a: Chesnaught|71/100|[from] item: Leftovers
|-damage|p2a: Blastoise|88/100|[from] Leech Seed|[of] p1a: Chesnaught
|-heal|p1a: Chesnaught|81/100|[silent]
|upkeep
|turn|3
|
|t:|1760871232
|switch|p2a: Meowscarada|Meowscarada, F|100/100
|move|p1a: Chesnaught|Spiky Shield||[still]
|-fail|p1a: Chesnaught
|
|-heal|p1a: Chesnaught|87/100|[from] item: Leftovers
|upkeep
|turn|4
|
|t:|1760871236
|move|p2a: Meowscarada|Triple Axel|p1a: Chesnaught|[miss]
|-start|p2a: Meowscarada|typechange|Ice|[from] ability: Protean
|-miss|p2a: Meowscarada|p1a: Chesnaught
|move|p1a: Chesnaught|Knock Off|p2a: Meowscarada
|-damage|p2a: Meowscarada|60/100
|-enditem|p2a: Meowscarada|Choice Scarf|[from] move: Knock Off|[of] p1a: Chesnaught
|
|-heal|p1a: Chesnaught|93/100|[from] item: Leftovers
|upkeep
|turn|5
|
|t:|1760871242
|move|p1a: Chesnaught|Spiky Shield|p1a: Chesnaught
|-singleturn|p1a: Chesnaught|move: Protect
|move|p2a: Meowscarada|U-turn|p1a: Chesnaught
|-activate|p1a: Chesnaught|move: Protect
|-damage|p2a: Meowscarada|48/100|[from] Spiky Shield|[of] p1a: Chesnaught
|
|-heal|p1a: Chesnaught|99/100|[from] item: Leftovers
|upkeep
|turn|6
|
|t:|1760871245
|move|p2a: Meowscarada|Triple Axel|p1a: Chesnaught
|-supereffective|p1a: Chesnaught
|-damage|p1a: Chesnaught|83/100
|-supereffective|p1a: Chesnaught
|-damage|p1a: Chesnaught|56/100
|-supereffective|p1a: Chesnaught
|-damage|p1a: Chesnaught|10/100
|-hitcount|p1a: Chesnaught|3
|move|p1a: Chesnaught|Bulk Up|p1a: Chesnaught
|-boost|p1a: Chesnaught|atk|1
|-boost|p1a: Chesnaught|def|1
|
|-heal|p1a: Chesnaught|16/100|[from] item: Leftovers
|upkeep
|turn|7
|
|t:|1760871253
|move|p1a: Chesnaught|Spiky Shield|p1a: Chesnaught
|-singleturn|p1a: Chesnaught|move: Protect
|move|p2a: Meowscarada|Flower Trick|p1a: Chesnaught
|-activate|p1a: Chesnaught|move: Protect
|
|-heal|p1a: Chesnaught|22/100|[from] item: Leftovers
|upkeep
|turn|8
|
|t:|1760871267
|move|p1a: Chesnaught|Spiky Shield|p1a: Chesnaught
|-singleturn|p1a: Chesnaught|move: Protect
|move|p2a: Meowscarada|Triple Axel|p1a: Chesnaught
|-activate|p1a: Chesnaught|move: Protect
|-damage|p2a: Meowscarada|36/100|[from] Spiky Shield|[of] p1a: Chesnaught
|
|-heal|p1a: Chesnaught|28/100|[from] item: Leftovers
|upkeep
|turn|9
|
|t:|1760871272
|move|p2a: Meowscarada|Triple Axel|p1a: Chesnaught
|-supereffective|p1a: Chesnaught
|-damage|p1a: Chesnaught|18/100
|-supereffective|p1a: Chesnaught
|-damage|p1a: Chesnaught|0 fnt
|faint|p1a: Chesnaught
|-hitcount|p1: Chesnaught|2
|
|upkeep
|
|t:|1760871275
|switch|p1a: Skarmory|Skarmory, F, shiny|100/100
|turn|10
|
|t:|1760871278
|move|p2a: Meowscarada|Knock Off|p1a: Skarmory
|-crit|p1a: Skarmory
|-damage|p1a: Skarmory|63/100
|-ability|p1a: Skarmory|Weak Armor|boost
|-unboost|p1a: Skarmory|def|1
|-boost|p1a: Skarmory|spe|2
|-enditem|p1a: Skarmory|Occa Berry|[from] move: Knock Off|[of] p2a: Meowscarada
|move|p1a: Skarmory|Swords Dance|p1a: Skarmory
|-boost|p1a: Skarmory|atk|2
|
|upkeep
|turn|11
|
|t:|1760871283
|move|p2a: Meowscarada|Triple Axel|p1a: Skarmory
|-damage|p1a: Skarmory|51/100
|-ability|p1a: Skarmory|Weak Armor|boost
|-unboost|p1a: Skarmory|def|1
|-boost|p1a: Skarmory|spe|2
|-damage|p1a: Skarmory|21/100
|-ability|p1a: Skarmory|Weak Armor|boost
|-unboost|p1a: Skarmory|def|1
|-boost|p1a: Skarmory|spe|2
|-hitcount|p1a: Skarmory|2
|move|p1a: Skarmory|Iron Head|p2a: Meowscarada
|-supereffective|p2a: Meowscarada
|-damage|p2a: Meowscarada|0 fnt
|faint|p2a: Meowscarada
|
|upkeep
|
|t:|1760871296
|switch|p2a: Scizor|Scizor, M|56/100
|turn|12
|
|t:|1760871302
|move|p2a: Scizor|Bullet Punch|p1a: Skarmory
|-resisted|p1a: Skarmory
|-damage|p1a: Skarmory|0 fnt
|faint|p1a: Skarmory
|
|upkeep
|
|t:|1760871307
|switch|p1a: Excadrill|Excadrill, M|100/100
|-ability|p1a: Excadrill|Mold Breaker
|-item|p1a: Excadrill|Air Balloon
|turn|13
|
|t:|1760871312
|switch|p2a: Latios|Latios, M|100/100
|move|p1a: Excadrill|Rapid Spin|p2a: Latios
|-damage|p2a: Latios|78/100
|-boost|p1a: Excadrill|spe|1
|
|upkeep
|turn|14
|
|t:|1760871324
|-terastallize|p1a: Excadrill|Ghost
|move|p1a: Excadrill|Swords Dance|p1a: Excadrill
|-boost|p1a: Excadrill|atk|2
|move|p2a: Latios|Flip Turn|p1a: Excadrill
|-damage|p1a: Excadrill|83/100
|-enditem|p1a: Excadrill|Air Balloon
|
|t:|1760871334
|switch|p2a: Scizor|Scizor, M|56/100|[from] Flip Turn
|
|upkeep
|turn|15
|
|t:|1760871337
|-terastallize|p2a: Scizor|Steel
|move|p2a: Scizor|Bullet Punch|p1a: Excadrill
|-damage|p1a: Excadrill|0 fnt
|faint|p1a: Excadrill
|
|upkeep
|
|t:|1760871341
|switch|p1a: Dragonite|Dragonite, F|100/100
|turn|16
|
|t:|1760871344
|switch|p2a: Latios|Latios, M|78/100
|move|p1a: Dragonite|Dragon Dance|p1a: Dragonite
|-boost|p1a: Dragonite|atk|1
|-boost|p1a: Dragonite|spe|1
|
|upkeep
|turn|17
|
|t:|1760871346
|move|p1a: Dragonite|Ice Spinner|p2a: Latios
|-supereffective|p2a: Latios
|-damage|p2a: Latios|0 fnt
|faint|p2a: Latios
|
|upkeep
|
|t:|1760871351
|switch|p2a: Comfey|Comfey, F|100/100
|turn|18
|
|t:|1760871356
|move|p2a: Comfey|Draining Kiss|p1a: Dragonite
|-supereffective|p1a: Dragonite
|-damage|p1a: Dragonite|82/100
|move|p1a: Dragonite|Earthquake|p2a: Comfey
|-damage|p2a: Comfey|5/100
|
|-heal|p2a: Comfey|11/100|[from] item: Leftovers
|upkeep
|turn|19
|
|t:|1760871362
|move|p2a: Comfey|Draining Kiss|p1a: Dragonite
|-supereffective|p1a: Dragonite
|-damage|p1a: Dragonite|43/100
|-heal|p2a: Comfey|50/100|[from] drain|[of] p1a: Dragonite
|move|p1a: Dragonite|Earthquake|p2a: Comfey
|-damage|p2a: Comfey|0 fnt
|faint|p2a: Comfey
|
|upkeep
|
|t:|1760871365
|switch|p2a: Scizor|Scizor, M, tera:Steel|56/100
|turn|20
|
|t:|1760871368
|move|p1a: Dragonite|Extreme Speed|p2a: Scizor
|-resisted|p2a: Scizor
|-damage|p2a: Scizor|34/100
|move|p2a: Scizor|Bullet Punch|p1a: Dragonite
|-damage|p1a: Dragonite|0 fnt
|faint|p1a: Dragonite
|
|upkeep
|c|☆RobustLoki|gg
|
|t:|1760871371
|switch|p1a: Clefable|Clefable, F|100/100
|turn|21
|
|t:|1760871374
|move|p2a: Scizor|Bullet Punch|p1a: Clefable
|-supereffective|p1a: Clefable
|-damage|p1a: Clefable|0 fnt
|faint|p1a: Clefable
|
|win|RobustLoki
|raw|AsierX's rating: 1487 &rarr; <strong>1469</strong><br />(-18 for losing)
|raw|RobustLoki's rating: 1524 &rarr; <strong>1542</strong><br />(+18 for winning)
|l|☆AsierX
|player|p1|
|l|☆RobustLoki
|player|p2|
