|j|☆PoopJuice69
|j|☆chemfruit
|t:|1760879707
|gametype|singles
|player|p1|PoopJuice69|2|1415
|player|p2|chemfruit|veteran|1406
|gen|9
|tier|[Gen 9] OU
|rated|
|rule|HP Percentage Mod: HP is shown in percentages
|rule|Endless Battle Clause: Forcing endless battles is banned
|rule|Species Clause: Limit one of each Pokémon
|rule|OHKO Clause: OHKO moves are banned
|rule|Evasion Items Clause: Evasion items are banned
|rule|Evasion Moves Clause: Evasion moves are banned
|rule|Evasion Abilities Clause: Evasion abilities are banned
|rule|Sleep Moves Clause: Sleep-inducing moves are banned
|clearpoke
|poke|p1|Hoopa-Unbound|
|poke|p1|Diancie|
|poke|p1|Ursaluna, M|
|poke|p1|Hatterene, F|
|poke|p1|Porygon2|
|poke|p1|Sinistcha|
|poke|p2|Fezandipiti, M|
|poke|p2|Raging Bolt|
|poke|p2|Landorus-Therian, M|
|poke|p2|Tauros-Paldea-Aqua, M|
|poke|p2|Darkrai|
|poke|p2|Gholdengo|
|teampreview
|inactive|Battle timer is ON: inactive players will automatically lose when time's up. (requested by PoopJuice69)
|
|t:|1760879725
|teamsize|p1|6
|teamsize|p2|6
|start
|switch|p1a: Hatterene|Hatterene, F|100/100
|switch|p2a: Darkrai|Darkrai|100/100
|turn|1
|
|t:|1760879728
|move|p2a: Darkrai|Trick|p1a: Hatterene
|-activate|p2a: Darkrai|move: Trick|[of] p1a: Hatterene
|-item|p1a: Hatterene|Choice Scarf|[from] move: Trick
|-item|p2a: Darkrai|Focus Sash|[from] move: Trick
|move|p1a: Hatterene|Trick Room|p1a: Hatterene
|-fieldstart|move: Trick Room|[of] p1a: Hatterene
|
|upkeep
|turn|2
|
|t:|1760879735
|switch|p1a: Diancie|Diancie|100/100
|move|p2a: Darkrai|Ice Beam|p1a: Diancie
|-damage|p1a: Diancie|74/100
|
|upkeep
|turn|3
|
|t:|1760879740
|switch|p2a: Gholdengo|Gholdengo|100/100
|move|p1a: Diancie|Diamond Storm|p2a: Gholdengo
|-resisted|p2a: Gholdengo
|-damage|p2a: Gholdengo|65/100
|-damage|p1a: Diancie|64/100|[from] item: Life Orb
|
|upkeep
|turn|4
|
|t:|1760879745
|switch|p1a: Hoopa|Hoopa-Unbound|100/100
|move|p2a: Gholdengo|Trick|p1a: Hoopa
|-activate|p2a: Gholdengo|move: Trick|[of] p1a: Hoopa
|-item|p1a: Hoopa|Choice Scarf|[from] move: Trick
|-item|p2a: Gholdengo|Life Orb|[from] move: Trick
|
|upkeep
|turn|5
|
|t:|1760879756
|switch|p2a: Fezandipiti|Fezandipiti, M|100/100
|move|p1a: Hoopa|Hyperspace Fury|p2a: Fezandipiti
|-resisted|p2a: Fezandipiti
|-damage|p2a: Fezandipiti|67/100
|-unboost|p1a: Hoopa|def|1
|
|-fieldend|move: Trick Room
|upkeep
|turn|6
|
|t:|1760879770
|switch|p1a: Ursaluna|Ursaluna, M|100/100
|move|p2a: Fezandipiti|U-turn|p1a: Ursaluna
|-damage|p1a: Ursaluna|92/100
|
|t:|1760879773
|switch|p2a: Tauros|Tauros-Paldea-Aqua, M|100/100|[from] U-turn
|-ability|p2a: Tauros|Intimidate|boost
|-unboost|p1a: Ursaluna|atk|1
|
|-status|p1a: Ursaluna|brn|[from] item: Flame Orb
|upkeep
|turn|7
|
|t:|1760879781
|switch|p2a: Gholdengo|Gholdengo|65/100
|switch|p1a: Hatterene|Hatterene, F|100/100
|
|upkeep
|turn|8
|
|t:|1760879788
|move|p2a: Gholdengo|Make It Rain|p1a: Hatterene
|-supereffective|p1a: Hatterene
|-damage|p1a: Hatterene|0 fnt
|-unboost|p2a: Gholdengo|spa|1
|faint|p1a: Hatterene
|-damage|p2a: Gholdengo|55/100|[from] item: Life Orb
|
|upkeep
|
|t:|1760879794
|switch|p1a: Hoopa|Hoopa-Unbound|100/100
|turn|9
|
|t:|1760879806
|switch|p2a: Fezandipiti|Fezandipiti, M|67/100
|move|p1a: Hoopa|Trick Room|p1a: Hoopa
|-fieldstart|move: Trick Room|[of] p1a: Hoopa
|
|upkeep
|turn|10
|
|t:|1760879821
|switch|p1a: Porygon2|Porygon2|100/100
|-ability|p1a: Porygon2|Download|boost
|-boost|p1a: Porygon2|atk|1
|switch|p2a: Tauros|Tauros-Paldea-Aqua, M|100/100
|-ability|p2a: Tauros|Intimidate|boost
|-unboost|p1a: Porygon2|atk|1
|
|upkeep
|turn|11
|
|t:|1760879832
|switch|p1a: Sinistcha|Sinistcha|100/100
|switch|p2a: Gholdengo|Gholdengo|55/100
|
|upkeep
|turn|12
|
|t:|1760879840
|switch|p2a: Fezandipiti|Fezandipiti, M|67/100
|move|p1a: Sinistcha|Shadow Ball|p2a: Fezandipiti
|-damage|p2a: Fezandipiti|33/100
|-damage|p1a: Sinistcha|91/100|[from] item: Life Orb
|
|upkeep
|turn|13
|
|t:|1760879849
|move|p1a: Sinistcha|Nasty Plot|p1a: Sinistcha
|-boost|p1a: Sinistcha|spa|2
|move|p2a: Fezandipiti|Roost|p2a: Fezandipiti
|-heal|p2a: Fezandipiti|84/100
|-singleturn|p2a: Fezandipiti|move: Roost
|
|-fieldend|move: Trick Room
|upkeep
|turn|14
|
|t:|1760879856
|-terastallize|p1a: Sinistcha|Fighting
|move|p2a: Fezandipiti|Taunt|p1a: Sinistcha
|-start|p1a: Sinistcha|move: Taunt
|cant|p1a: Sinistcha|move: Taunt|Trick Room
|
|upkeep
|turn|15
|
|t:|1760879862
|move|p2a: Fezandipiti|Moonblast|p1a: Sinistcha
|-supereffective|p1a: Sinistcha
|-crit|p1a: Sinistcha
|-damage|p1a: Sinistcha|10/100
|-unboost|p1a: Sinistcha|spa|1
|move|p1a: Sinistcha|Shadow Ball|p2a: Fezandipiti
|-damage|p2a: Fezandipiti|33/100
|-damage|p1a: Sinistcha|0 fnt|[from] item: Life Orb
|faint|p1a: Sinistcha
|
|upkeep
|-message|PoopJuice69 forfeited.
|
|win|chemfruit
|raw|PoopJuice69's rating: 1415 &rarr; <strong>1394</strong><br />(-21 for losing)
|raw|chemfruit's rating: 1406 &rarr; <strong>1427</strong><br />(+21 for winning)
|l|☆chemfruit
|player|p2|
|l|☆PoopJuice69
|player|p1|
