|j|☆gang696969
|j|☆ZhinXhinShin
|t:|1760832229
|gametype|singles
|player|p1|gang696969|102|1298
|player|p2|ZhinXhinShin|waitress-gen4|1245
|gen|9
|tier|[Gen 9] OU
|rated|
|rule|HP Percentage Mod: HP is shown in percentages
|rule|Endless Battle Clause: Forcing endless battles is banned
|rule|Species Clause: Limit one of each Pokémon
|rule|OHKO Clause: OHKO moves are banned
|rule|Evasion Items Clause: Evasion items are banned
|rule|Evasion Moves Clause: Evasion moves are banned
|rule|Evasion Abilities Clause: Evasion abilities are banned
|rule|Sleep Moves Clause: Sleep-inducing moves are banned
|clearpoke
|poke|p1|Iron Hands|
|poke|p1|Walking Wake|
|poke|p1|Ceruledge, F|
|poke|p1|Torkoal, F|
|poke|p1|Venusaur, F|
|poke|p1|Kingambit, M|
|poke|p2|Raging Bolt|
|poke|p2|Great Tusk|
|poke|p2|Iron Crown|
|poke|p2|Skeledirge, M|
|poke|p2|Tyranitar, M|
|poke|p2|Mandibuzz, F|
|teampreview
|inactive|Battle timer is ON: inactive players will automatically lose when time's up. (requested by ZhinXhinShin)
|
|t:|1760832261
|teamsize|p1|6
|teamsize|p2|6
|start
|switch|p1a: Iron Hands|Iron Hands|100/100
|switch|p2a: Raging Bolt|Raging Bolt|100/100
|turn|1
|
|t:|1760832269
|move|p1a: Iron Hands|Fake Out|p2a: Raging Bolt
|-damage|p2a: Raging Bolt|87/100
|cant|p2a: Raging Bolt|flinch
|
|upkeep
|turn|2
|
|t:|1760832275
|move|p2a: Raging Bolt|Draco Meteor|p1a: Iron Hands
|-damage|p1a: Iron Hands|52/100
|-unboost|p2a: Raging Bolt|spa|2
|move|p1a: Iron Hands|Drain Punch|p2a: Raging Bolt
|-damage|p2a: Raging Bolt|51/100
|-heal|p1a: Iron Hands|67/100|[from] drain|[of] p2a: Raging Bolt
|
|upkeep
|turn|3
|
|t:|1760832286
|-end|p2a: Raging Bolt|Protosynthesis|[silent]
|switch|p2a: Skeledirge|Skeledirge, M|100/100
|move|p1a: Iron Hands|Drain Punch|p2a: Skeledirge
|-immune|p2a: Skeledirge
|
|upkeep
|turn|4
|
|t:|1760832301
|move|p2a: Skeledirge|Torch Song|p1a: Iron Hands
|-damage|p1a: Iron Hands|49/100
|-boost|p2a: Skeledirge|spa|1
|move|p1a: Iron Hands|Wild Charge|p2a: Skeledirge
|-damage|p2a: Skeledirge|66/100
|-damage|p1a: Iron Hands|42/100|[from] Recoil
|
|upkeep
|turn|5
|
|t:|1760832311
|-end|p1a: Iron Hands|Quark Drive|[silent]
|switch|p1a: Walking Wake|Walking Wake|100/100
|move|p2a: Skeledirge|Earth Power|p1a: Walking Wake
|-damage|p1a: Walking Wake|56/100
|
|-heal|p1a: Walking Wake|62/100|[from] item: Leftovers
|upkeep
|turn|6
|
|t:|1760832322
|-terastallize|p2a: Skeledirge|Water
|move|p1a: Walking Wake|Hydro Steam|p2a: Skeledirge
|-resisted|p2a: Skeledirge
|-damage|p2a: Skeledirge|45/100
|move|p2a: Skeledirge|Slack Off|p2a: Skeledirge
|-heal|p2a: Skeledirge|95/100
|
|-heal|p1a: Walking Wake|69/100|[from] item: Leftovers
|upkeep
|turn|7
|
|t:|1760832341
|-end|p1a: Walking Wake|Protosynthesis|[silent]
|switch|p1a: Torkoal|Torkoal, F|100/100
|-weather|SunnyDay|[from] ability: Drought|[of] p1a: Torkoal
|move|p2a: Skeledirge|Earth Power|p1a: Torkoal
|-supereffective|p1a: Torkoal
|-damage|p1a: Torkoal|0 fnt
|faint|p1a: Torkoal
|
|-weather|SunnyDay|[upkeep]
|upkeep
|
|t:|1760832350
|switch|p1a: Venusaur|Venusaur, F|100/100
|turn|8
|
|t:|1760832356
|switch|p2a: Tyranitar|Tyranitar, M|100/100
|-weather|Sandstorm|[from] ability: Sand Stream|[of] p2a: Tyranitar
|-terastallize|p1a: Venusaur|Dragon
|move|p1a: Venusaur|Growth|p1a: Venusaur
|-boost|p1a: Venusaur|atk|1
|-boost|p1a: Venusaur|spa|1
|
|-weather|Sandstorm|[upkeep]
|-damage|p1a: Venusaur|95/100|[from] Sandstorm
|upkeep
|turn|9
|
|t:|1760832368
|move|p1a: Venusaur|Giga Drain|p2a: Tyranitar
|-supereffective|p2a: Tyranitar
|-damage|p2a: Tyranitar|36/100
|-heal|p1a: Venusaur|100/100|[from] drain|[of] p2a: Tyranitar
|-damage|p1a: Venusaur|91/100|[from] item: Life Orb
|move|p2a: Tyranitar|Knock Off|p1a: Venusaur
|-damage|p1a: Venusaur|22/100
|-enditem|p1a: Venusaur|Life Orb|[from] move: Knock Off|[of] p2a: Tyranitar
|
|-weather|Sandstorm|[upkeep]
|-damage|p1a: Venusaur|16/100|[from] Sandstorm
|upkeep
|turn|10
|
|t:|1760832379
|switch|p2a: Iron Crown|Iron Crown|100/100
|move|p1a: Venusaur|Giga Drain|p2a: Iron Crown
|-resisted|p2a: Iron Crown
|-damage|p2a: Iron Crown|76/100
|-heal|p1a: Venusaur|29/100|[from] drain|[of] p2a: Iron Crown
|
|-weather|Sandstorm|[upkeep]
|-damage|p1a: Venusaur|23/100|[from] Sandstorm
|upkeep
|turn|11
|
|t:|1760832395
|switch|p1a: Kingambit|Kingambit, M|100/100
|-activate|p1a: Kingambit|ability: Supreme Overlord
|-start|p1a: Kingambit|fallen1|[silent]
|move|p2a: Iron Crown|Psychic|p1a: Kingambit
|-immune|p1a: Kingambit
|
|-weather|Sandstorm|[upkeep]
|upkeep
|turn|12
|
|t:|1760832405
|-end|p2a: Iron Crown|Quark Drive|[silent]
|switch|p2a: Skeledirge|Skeledirge, M, tera:Water|95/100
|move|p1a: Kingambit|Kowtow Cleave|p2a: Skeledirge
|-damage|p2a: Skeledirge|62/100
|
|-weather|none
|upkeep
|turn|13
|
|t:|1760832414
|-end|p1a: Kingambit|fallen1|[silent]
|switch|p1a: Ceruledge|Ceruledge, F|100/100
|move|p2a: Skeledirge|Will-O-Wisp|p1a: Ceruledge|[miss]
|-miss|p2a: Skeledirge|p1a: Ceruledge
|
|upkeep
|turn|14
|
|t:|1760832428
|switch|p2a: Tyranitar|Tyranitar, M|36/100
|-weather|Sandstorm|[from] ability: Sand Stream|[of] p2a: Tyranitar
|move|p1a: Ceruledge|Poltergeist|p2a: Tyranitar|[miss]
|-miss|p1a: Ceruledge|p2a: Tyranitar
|
|-weather|Sandstorm|[upkeep]
|-damage|p1a: Ceruledge|94/100|[from] Sandstorm
|upkeep
|turn|15
|
|t:|1760832438
|move|p1a: Ceruledge|Bitter Blade|p2a: Tyranitar
|-resisted|p2a: Tyranitar
|-damage|p2a: Tyranitar|17/100
|-heal|p1a: Ceruledge|100/100|[from] drain|[of] p2a: Tyranitar
|move|p2a: Tyranitar|Stone Edge|p1a: Ceruledge
|-supereffective|p1a: Ceruledge
|-crit|p1a: Ceruledge
|-enditem|p1a: Ceruledge|Focus Sash
|-damage|p1a: Ceruledge|1/100
|-ability|p1a: Ceruledge|Weak Armor|boost
|-unboost|p1a: Ceruledge|def|1
|-boost|p1a: Ceruledge|spe|2
|
|-weather|Sandstorm|[upkeep]
|-damage|p1a: Ceruledge|0 fnt|[from] Sandstorm
|faint|p1a: Ceruledge
|upkeep
|inactive|gang696969 has 120 seconds left.
|
|t:|1760832466
|switch|p1a: Venusaur|Venusaur, F, tera:Dragon|23/100
|turn|16
|
|t:|1760832477
|switch|p2a: Mandibuzz|Mandibuzz, F|100/100
|move|p1a: Venusaur|Earth Power|p2a: Mandibuzz
|-immune|p2a: Mandibuzz
|
|-weather|Sandstorm|[upkeep]
|-damage|p1a: Venusaur|17/100|[from] Sandstorm
|upkeep
|turn|17
|
|t:|1760832486
|move|p1a: Venusaur|Sludge Bomb|p2a: Mandibuzz
|-damage|p2a: Mandibuzz|68/100
|-status|p2a: Mandibuzz|psn
|move|p2a: Mandibuzz|Foul Play|p1a: Venusaur
|-damage|p1a: Venusaur|0 fnt
|faint|p1a: Venusaur
|
|-weather|Sandstorm|[upkeep]
|-damage|p2a: Mandibuzz|56/100 psn|[from] psn
|upkeep
|
|t:|1760832502
|switch|p1a: Iron Hands|Iron Hands|42/100
|turn|18
|
|t:|1760832511
|move|p1a: Iron Hands|Fake Out|p2a: Mandibuzz
|-damage|p2a: Mandibuzz|46/100 psn
|cant|p2a: Mandibuzz|flinch
|
|-weather|none
|-damage|p2a: Mandibuzz|33/100 psn|[from] psn
|upkeep
|turn|19
|
|t:|1760832525
|switch|p2a: Tyranitar|Tyranitar, M|17/100
|-weather|Sandstorm|[from] ability: Sand Stream|[of] p2a: Tyranitar
|move|p1a: Iron Hands|Wild Charge|p2a: Tyranitar
|-damage|p2a: Tyranitar|0 fnt
|faint|p2a: Tyranitar
|-damage|p1a: Iron Hands|39/100|[from] Recoil
|
|-weather|Sandstorm|[upkeep]
|-damage|p1a: Iron Hands|33/100|[from] Sandstorm
|upkeep
|
|t:|1760832532
|switch|p2a: Great Tusk|Great Tusk|100/100
|turn|20
|
|t:|1760832541
|move|p2a: Great Tusk|Close Combat|p1a: Iron Hands
|-damage|p1a: Iron Hands|0 fnt
|-unboost|p2a: Great Tusk|def|1
|-unboost|p2a: Great Tusk|spd|1
|faint|p1a: Iron Hands
|-end|p1a: Iron Hands|Quark Drive|[silent]
|
|-weather|Sandstorm|[upkeep]
|upkeep
|
|t:|1760832549
|switch|p1a: Walking Wake|Walking Wake|69/100
|turn|21
|
|t:|1760832553
|-end|p2a: Great Tusk|Protosynthesis|[silent]
|switch|p2a: Mandibuzz|Mandibuzz, F|33/100 psn
|move|p1a: Walking Wake|Hydro Steam|p2a: Mandibuzz
|-damage|p2a: Mandibuzz|2/100 psn
|
|-weather|Sandstorm|[upkeep]
|-damage|p1a: Walking Wake|62/100|[from] Sandstorm
|-heal|p1a: Walking Wake|69/100|[from] item: Leftovers
|-damage|p2a: Mandibuzz|0 fnt|[from] psn
|faint|p2a: Mandibuzz
|upkeep
|
|t:|1760832559
|switch|p2a: Raging Bolt|Raging Bolt|51/100
|turn|22
|
|t:|1760832566
|-end|p1a: Walking Wake|Protosynthesis|[silent]
|switch|p1a: Kingambit|Kingambit, M|100/100
|-activate|p1a: Kingambit|ability: Supreme Overlord
|-start|p1a: Kingambit|fallen4|[silent]
|move|p2a: Raging Bolt|Thunderclap||[still]
|-fail|p2a: Raging Bolt
|
|-weather|Sandstorm|[upkeep]
|-damage|p2a: Raging Bolt|45/100|[from] Sandstorm
|upkeep
|turn|23
|
|t:|1760832580
|move|p2a: Raging Bolt|Thunderbolt|p1a: Kingambit
|-damage|p1a: Kingambit|69/100
|move|p1a: Kingambit|Iron Head|p2a: Raging Bolt
|-resisted|p2a: Raging Bolt
|-damage|p2a: Raging Bolt|15/100
|
|-weather|none
|upkeep
|turn|24
|
|t:|1760832590
|-end|p2a: Raging Bolt|Protosynthesis|[silent]
|switch|p2a: Skeledirge|Skeledirge, M, tera:Water|62/100
|move|p1a: Kingambit|Iron Head|p2a: Skeledirge
|-resisted|p2a: Skeledirge
|-damage|p2a: Skeledirge|40/100
|
|upkeep
|turn|25
|
|t:|1760832597
|move|p2a: Skeledirge|Slack Off|p2a: Skeledirge
|-heal|p2a: Skeledirge|90/100
|move|p1a: Kingambit|Kowtow Cleave|p2a: Skeledirge
|-damage|p2a: Skeledirge|45/100
|
|upkeep
|turn|26
|
|t:|1760832606
|-end|p1a: Kingambit|fallen4|[silent]
|switch|p1a: Walking Wake|Walking Wake|69/100
|move|p2a: Skeledirge|Torch Song|p1a: Walking Wake
|-resisted|p1a: Walking Wake
|-damage|p1a: Walking Wake|59/100
|-boost|p2a: Skeledirge|spa|1
|
|-heal|p1a: Walking Wake|65/100|[from] item: Leftovers
|upkeep
|turn|27
|
|t:|1760832615
|switch|p2a: Raging Bolt|Raging Bolt|15/100
|move|p1a: Walking Wake|Dragon Pulse|p2a: Raging Bolt
|-supereffective|p2a: Raging Bolt
|-damage|p2a: Raging Bolt|0 fnt
|faint|p2a: Raging Bolt
|-end|p2a: Raging Bolt|Protosynthesis|[silent]
|
|-heal|p1a: Walking Wake|71/100|[from] item: Leftovers
|upkeep
|
|t:|1760832621
|switch|p2a: Iron Crown|Iron Crown|76/100
|turn|28
|
|t:|1760832627
|-end|p1a: Walking Wake|Protosynthesis|[silent]
|switch|p1a: Kingambit|Kingambit, M|69/100
|-activate|p1a: Kingambit|ability: Supreme Overlord
|-start|p1a: Kingambit|fallen4|[silent]
|move|p2a: Iron Crown|Volt Switch|p1a: Kingambit
|-damage|p1a: Kingambit|52/100
|
|t:|1760832630
|-end|p2a: Iron Crown|Quark Drive|[silent]
|switch|p2a: Great Tusk|Great Tusk|100/100|[from] Volt Switch
|
|upkeep
|turn|29
|
|t:|1760832644
|-end|p1a: Kingambit|fallen4|[silent]
|switch|p1a: Walking Wake|Walking Wake|71/100
|move|p2a: Great Tusk|Close Combat|p1a: Walking Wake
|-damage|p1a: Walking Wake|0 fnt
|-unboost|p2a: Great Tusk|def|1
|-unboost|p2a: Great Tusk|spd|1
|faint|p1a: Walking Wake
|-end|p1a: Walking Wake|Protosynthesis|[silent]
|
|upkeep
|
|t:|1760832652
|switch|p1a: Kingambit|Kingambit, M|52/100
|-activate|p1a: Kingambit|ability: Supreme Overlord
|-start|p1a: Kingambit|fallen5|[silent]
|turn|30
|
|t:|1760832656
|-end|p2a: Great Tusk|Protosynthesis|[silent]
|switch|p2a: Iron Crown|Iron Crown|76/100
|move|p1a: Kingambit|Kowtow Cleave|p2a: Iron Crown
|-supereffective|p2a: Iron Crown
|-damage|p2a: Iron Crown|0 fnt
|faint|p2a: Iron Crown
|-end|p2a: Iron Crown|Quark Drive|[silent]
|
|upkeep
|
|t:|1760832663
|switch|p2a: Great Tusk|Great Tusk|100/100
|turn|31
|
|t:|1760832679
|move|p2a: Great Tusk|Close Combat|p1a: Kingambit
|-supereffective|p1a: Kingambit
|-damage|p1a: Kingambit|0 fnt
|-unboost|p2a: Great Tusk|def|1
|-unboost|p2a: Great Tusk|spd|1
|faint|p1a: Kingambit
|-end|p1a: Kingambit|fallen5|[silent]
|
|win|ZhinXhinShin
|raw|gang696969's rating: 1298 &rarr; <strong>1269</strong><br />(-29 for losing)
|raw|ZhinXhinShin's rating: 1245 &rarr; <strong>1274</strong><br />(+29 for winning)
