|j|☆frrrer34343
|j|☆iui pop
|t:|1760759930
|gametype|singles
|player|p1|frrrer34343|101|1375
|player|p2|iui pop|lady|1371
|gen|9
|tier|[Gen 9] OU
|rated|
|rule|HP Percentage Mod: HP is shown in percentages
|rule|Endless Battle Clause: Forcing endless battles is banned
|rule|Species Clause: Limit one of each Pokémon
|rule|OHKO Clause: OHKO moves are banned
|rule|Evasion Items Clause: Evasion items are banned
|rule|Evasion Moves Clause: Evasion moves are banned
|rule|Evasion Abilities Clause: Evasion abilities are banned
|rule|Sleep Moves Clause: Sleep-inducing moves are banned
|clearpoke
|poke|p1|Hatterene, F|
|poke|p1|Dragapult, F|
|poke|p1|Iron Treads|
|poke|p1|Umbreon, M|
|poke|p1|Gholdengo|
|poke|p1|Ogerpon-Wellspring, F|
|poke|p2|Ogerpon, F|
|poke|p2|Rillaboom, M|
|poke|p2|Great Tusk|
|poke|p2|Gholdengo|
|poke|p2|Moltres|
|poke|p2|Samurott-Hisui, M|
|teampreview
|inactive|Battle timer is ON: inactive players will automatically lose when time's up. (requested by iui pop)
|inactive|frrrer34343 also wants the timer to be on.
|
|t:|1760759962
|teamsize|p1|6
|teamsize|p2|6
|start
|switch|p1a: Dragapult|Dragapult, F|100/100
|switch|p2a: Samurott|Samurott-Hisui, M|100/100
|turn|1
|
|t:|1760759971
|switch|p1a: Umbreon|Umbreon, M|100/100
|move|p2a: Samurott|Sucker Punch||[still]
|-fail|p2a: Samurott
|
|upkeep
|turn|2
|
|t:|1760759977
|move|p2a: Samurott|Ceaseless Edge|p1a: Umbreon
|-resisted|p1a: Umbreon
|-damage|p1a: Umbreon|89/100
|-sidestart|p1: frrrer34343|Spikes
|move|p1a: Umbreon|Thunder Wave|p2a: Samurott|[miss]
|-miss|p1a: Umbreon|p2a: Samurott
|
|-heal|p1a: Umbreon|95/100|[from] item: Leftovers
|upkeep
|turn|3
|
|t:|1760759983
|move|p2a: Samurott|Sacred Sword|p1a: Umbreon
|-supereffective|p1a: Umbreon
|-damage|p1a: Umbreon|47/100
|move|p1a: Umbreon|Foul Play|p2a: Samurott
|-resisted|p2a: Samurott
|-damage|p2a: Samurott|79/100
|
|-heal|p1a: Umbreon|54/100|[from] item: Leftovers
|upkeep
|turn|4
|
|t:|1760759992
|move|p1a: Umbreon|Protect|p1a: Umbreon
|-singleturn|p1a: Umbreon|Protect
|move|p2a: Samurott|Ceaseless Edge|p1a: Umbreon
|-activate|p1a: Umbreon|move: Protect
|
|-heal|p1a: Umbreon|60/100|[from] item: Leftovers
|upkeep
|turn|5
|
|t:|1760759995
|move|p2a: Samurott|Ceaseless Edge|p1a: Umbreon
|-resisted|p1a: Umbreon
|-damage|p1a: Umbreon|46/100
|-sidestart|p1: frrrer34343|Spikes
|move|p1a: Umbreon|Wish|p1a: Umbreon
|
|-heal|p1a: Umbreon|52/100|[from] item: Leftovers
|upkeep
|turn|6
|
|t:|1760759998
|move|p1a: Umbreon|Protect|p1a: Umbreon
|-singleturn|p1a: Umbreon|Protect
|move|p2a: Samurott|Sacred Sword|p1a: Umbreon
|-activate|p1a: Umbreon|move: Protect
|
|-heal|p1a: Umbreon|100/100|[from] move: Wish|[wisher] Umbreon
|upkeep
|turn|7
|
|t:|1760760002
|move|p2a: Samurott|Sacred Sword|p1a: Umbreon
|-supereffective|p1a: Umbreon
|-damage|p1a: Umbreon|55/100
|move|p1a: Umbreon|Thunder Wave|p2a: Samurott
|-status|p2a: Samurott|par
|
|-heal|p1a: Umbreon|61/100|[from] item: Leftovers
|upkeep
|turn|8
|
|t:|1760760006
|move|p1a: Umbreon|Wish|p1a: Umbreon
|move|p2a: Samurott|Sacred Sword|p1a: Umbreon
|-supereffective|p1a: Umbreon
|-damage|p1a: Umbreon|16/100
|
|-heal|p1a: Umbreon|22/100|[from] item: Leftovers
|upkeep
|turn|9
|
|t:|1760760020
|switch|p2a: Ogerpon|Ogerpon, F|100/100
|move|p1a: Umbreon|Protect||[still]
|-fail|p1a: Umbreon
|
|-heal|p1a: Umbreon|72/100|[from] move: Wish|[wisher] Umbreon
|-heal|p1a: Umbreon|78/100|[from] item: Leftovers
|upkeep
|turn|10
|
|t:|1760760025
|move|p2a: Ogerpon|Ivy Cudgel|p1a: Umbreon
|-damage|p1a: Umbreon|37/100
|move|p1a: Umbreon|Thunder Wave|p2a: Ogerpon
|-status|p2a: Ogerpon|par
|
|-heal|p1a: Umbreon|43/100|[from] item: Leftovers
|upkeep
|turn|11
|
|t:|1760760033
|switch|p2a: Samurott|Samurott-Hisui, M|79/100 par
|move|p1a: Umbreon|Protect||[still]
|-fail|p1a: Umbreon
|
|-heal|p1a: Umbreon|49/100|[from] item: Leftovers
|upkeep
|turn|12
|
|t:|1760760047
|move|p1a: Umbreon|Protect|p1a: Umbreon
|-singleturn|p1a: Umbreon|Protect
|move|p2a: Samurott|Ceaseless Edge|p1a: Umbreon
|-activate|p1a: Umbreon|move: Protect
|
|-heal|p1a: Umbreon|55/100|[from] item: Leftovers
|upkeep
|turn|13
|
|t:|1760760077
|move|p1a: Umbreon|Wish|p1a: Umbreon
|move|p2a: Samurott|Ceaseless Edge|p1a: Umbreon
|-resisted|p1a: Umbreon
|-damage|p1a: Umbreon|43/100
|-sidestart|p1: frrrer34343|Spikes
|
|-heal|p1a: Umbreon|49/100|[from] item: Leftovers
|upkeep
|turn|14
|
|t:|1760760082
|move|p1a: Umbreon|Protect|p1a: Umbreon
|-singleturn|p1a: Umbreon|Protect
|cant|p2a: Samurott|par
|
|-heal|p1a: Umbreon|99/100|[from] move: Wish|[wisher] Umbreon
|-heal|p1a: Umbreon|100/100|[from] item: Leftovers
|upkeep
|turn|15
|
|t:|1760760086
|move|p1a: Umbreon|Foul Play|p2a: Samurott
|-resisted|p2a: Samurott
|-damage|p2a: Samurott|56/100 par
|move|p2a: Samurott|Sacred Sword|p1a: Umbreon
|-supereffective|p1a: Umbreon
|-damage|p1a: Umbreon|51/100
|
|-heal|p1a: Umbreon|57/100|[from] item: Leftovers
|upkeep
|turn|16
|
|t:|1760760092
|move|p1a: Umbreon|Wish|p1a: Umbreon
|move|p2a: Samurott|Sacred Sword|p1a: Umbreon
|-supereffective|p1a: Umbreon
|-damage|p1a: Umbreon|11/100
|
|-heal|p1a: Umbreon|17/100|[from] item: Leftovers
|upkeep
|turn|17
|
|t:|1760760096
|move|p1a: Umbreon|Protect|p1a: Umbreon
|-singleturn|p1a: Umbreon|Protect
|cant|p2a: Samurott|par
|
|-heal|p1a: Umbreon|67/100|[from] move: Wish|[wisher] Umbreon
|-heal|p1a: Umbreon|73/100|[from] item: Leftovers
|upkeep
|turn|18
|
|t:|1760760099
|move|p1a: Umbreon|Wish|p1a: Umbreon
|move|p2a: Samurott|Razor Shell|p1a: Umbreon
|-damage|p1a: Umbreon|45/100
|
|-heal|p1a: Umbreon|51/100|[from] item: Leftovers
|upkeep
|turn|19
|
|t:|1760760104
|move|p1a: Umbreon|Foul Play|p2a: Samurott
|-resisted|p2a: Samurott
|-damage|p2a: Samurott|34/100 par
|move|p2a: Samurott|Razor Shell|p1a: Umbreon
|-damage|p1a: Umbreon|22/100
|-unboost|p1a: Umbreon|def|1
|
|-heal|p1a: Umbreon|72/100|[from] move: Wish|[wisher] Umbreon
|-heal|p1a: Umbreon|78/100|[from] item: Leftovers
|upkeep
|turn|20
|
|t:|1760760113
|move|p1a: Umbreon|Protect|p1a: Umbreon
|-singleturn|p1a: Umbreon|Protect
|move|p2a: Samurott|Sacred Sword|p1a: Umbreon
|-activate|p1a: Umbreon|move: Protect
|
|-heal|p1a: Umbreon|84/100|[from] item: Leftovers
|upkeep
|turn|21
|
|t:|1760760124
|switch|p1a: Iron Treads|Iron Treads|100/100
|-damage|p1a: Iron Treads|76/100|[from] Spikes
|move|p2a: Samurott|Ceaseless Edge|p1a: Iron Treads
|-damage|p1a: Iron Treads|42/100
|
|-heal|p1a: Iron Treads|48/100|[from] item: Leftovers
|upkeep
|turn|22
|
|t:|1760760133
|move|p2a: Samurott|Sucker Punch|p1a: Iron Treads
|-damage|p1a: Iron Treads|25/100
|move|p1a: Iron Treads|Earthquake|p2a: Samurott
|-damage|p2a: Samurott|0 fnt
|faint|p2a: Samurott
|
|-heal|p1a: Iron Treads|31/100|[from] item: Leftovers
|upkeep
|
|t:|1760760143
|switch|p2a: Gholdengo|Gholdengo|100/100
|-item|p2a: Gholdengo|Air Balloon
|turn|23
|c|☆frrrer34343|The fact it wasn't safe to use rapid spin
|c|☆frrrer34343|somehow smogon thinks that shigt is okay.,
|
|t:|1760760163
|move|p2a: Gholdengo|Shadow Ball|p1a: Iron Treads
|-damage|p1a: Iron Treads|0 fnt
|faint|p1a: Iron Treads
|-end|p1a: Iron Treads|Quark Drive|[silent]
|
|upkeep
|
|t:|1760760168
|switch|p1a: Dragapult|Dragapult, F|100/100
|-damage|p1a: Dragapult|76/100|[from] Spikes
|turn|24
|c|☆iui pop|may be
|c|☆frrrer34343|i hope the entire fucking council memebrs get banned
|c|☆frrrer34343|and told to be less incompetent.,
|inactive|iui pop has 120 seconds left.
|
|t:|1760760222
|switch|p2a: Rillaboom|Rillaboom, M|100/100
|-fieldstart|move: Grassy Terrain|[from] ability: Grassy Surge|[of] p2a: Rillaboom
|move|p1a: Dragapult|Shadow Ball|p2a: Rillaboom
|-damage|p2a: Rillaboom|24/100
|-unboost|p2a: Rillaboom|spd|1
|
|-heal|p1a: Dragapult|82/100|[from] Grassy Terrain
|-heal|p2a: Rillaboom|30/100|[from] Grassy Terrain
|upkeep
|turn|25
|
|t:|1760760234
|move|p2a: Rillaboom|Grassy Glide|p1a: Dragapult
|-resisted|p1a: Dragapult
|-damage|p1a: Dragapult|56/100
|move|p1a: Dragapult|Shadow Ball|p2a: Rillaboom
|-damage|p2a: Rillaboom|0 fnt
|faint|p2a: Rillaboom
|
|-heal|p1a: Dragapult|62/100|[from] Grassy Terrain
|upkeep
|
|t:|1760760238
|switch|p2a: Ogerpon|Ogerpon, F|100/100 par
|turn|26
|
|t:|1760760249
|switch|p1a: Hatterene|Hatterene, F|100/100
|-damage|p1a: Hatterene|76/100|[from] Spikes
|move|p2a: Ogerpon|Ivy Cudgel|p1a: Hatterene
|-damage|p1a: Hatterene|0 fnt
|faint|p1a: Hatterene
|
|upkeep
|
|t:|1760760258
|switch|p1a: Gholdengo|Gholdengo|100/100
|-damage|p1a: Gholdengo|76/100|[from] Spikes
|turn|27
|
|t:|1760760262
|move|p1a: Gholdengo|Hex|p2a: Ogerpon
|-damage|p2a: Ogerpon|29/100 par
|move|p2a: Ogerpon|Ivy Cudgel|p1a: Gholdengo
|-resisted|p1a: Gholdengo
|-damage|p1a: Gholdengo|42/100
|
|-heal|p1a: Gholdengo|48/100|[from] Grassy Terrain
|-heal|p1a: Gholdengo|54/100|[from] item: Leftovers
|-heal|p2a: Ogerpon|35/100 par|[from] Grassy Terrain
|upkeep
|turn|28
|
|t:|1760760267
|move|p1a: Gholdengo|Recover|p1a: Gholdengo
|-heal|p1a: Gholdengo|100/100
|move|p2a: Ogerpon|Ivy Cudgel|p1a: Gholdengo
|-resisted|p1a: Gholdengo
|-damage|p1a: Gholdengo|67/100
|
|-heal|p1a: Gholdengo|73/100|[from] Grassy Terrain
|-heal|p1a: Gholdengo|79/100|[from] item: Leftovers
|-heal|p2a: Ogerpon|41/100 par|[from] Grassy Terrain
|upkeep
|turn|29
|
|t:|1760760273
|move|p1a: Gholdengo|Hex|p2a: Ogerpon
|-damage|p2a: Ogerpon|0 fnt
|faint|p2a: Ogerpon
|
|-heal|p1a: Gholdengo|85/100|[from] Grassy Terrain
|-heal|p1a: Gholdengo|91/100|[from] item: Leftovers
|upkeep
|
|t:|1760760278
|switch|p2a: Great Tusk|Great Tusk|100/100
|turn|30
|
|t:|1760760297
|-terastallize|p1a: Gholdengo|Water
|move|p2a: Great Tusk|Headlong Rush|p1a: Gholdengo
|-damage|p1a: Gholdengo|50/100
|-unboost|p2a: Great Tusk|def|1
|-unboost|p2a: Great Tusk|spd|1
|move|p1a: Gholdengo|Hex|p2a: Great Tusk
|-damage|p2a: Great Tusk|31/100
|
|-heal|p2a: Great Tusk|38/100|[from] Grassy Terrain
|-heal|p1a: Gholdengo|56/100|[from] Grassy Terrain
|-heal|p1a: Gholdengo|62/100|[from] item: Leftovers
|upkeep
|turn|31
|
|t:|1760760303
|-end|p2a: Great Tusk|Protosynthesis|[silent]
|switch|p2a: Moltres|Moltres|100/100
|move|p1a: Gholdengo|Recover|p1a: Gholdengo
|-heal|p1a: Gholdengo|100/100
|
|-fieldend|move: Grassy Terrain
|upkeep
|turn|32
|
|t:|1760760308
|move|p1a: Gholdengo|Thunder Wave|p2a: Moltres
|-status|p2a: Moltres|par
|move|p2a: Moltres|Hurricane|p1a: Gholdengo|[miss]
|-miss|p2a: Moltres|p1a: Gholdengo
|
|upkeep
|turn|33
|
|t:|1760760331
|move|p1a: Gholdengo|Hex|p2a: Moltres
|-damage|p2a: Moltres|43/100 par
|move|p2a: Moltres|Hurricane|p1a: Gholdengo|[miss]
|-miss|p2a: Moltres|p1a: Gholdengo
|
|upkeep
|turn|34
|c|☆frrrer34343|How much speed do you even run?
|c|☆frrrer34343|I didn't think I'd be fasteer
|inactive|iui pop has 120 seconds left.
|
|t:|1760760364
|move|p1a: Gholdengo|Hex|p2a: Moltres
|-damage|p2a: Moltres|0 fnt
|faint|p2a: Moltres
|
|upkeep
|
|t:|1760760368
|switch|p2a: Gholdengo|Gholdengo|100/100
|-item|p2a: Gholdengo|Air Balloon
|turn|35
|c|☆iui pop|219
|inactive|iui pop has 120 seconds left.
|inactive|frrrer34343 has 120 seconds left.
|
|t:|1760760399
|switch|p1a: Umbreon|Umbreon, M|84/100
|-damage|p1a: Umbreon|59/100|[from] Spikes
|-terastallize|p2a: Gholdengo|Fairy
|move|p2a: Gholdengo|Nasty Plot|p2a: Gholdengo
|-boost|p2a: Gholdengo|spa|2
|
|-heal|p1a: Umbreon|65/100|[from] item: Leftovers
|upkeep
|turn|36
|
|t:|1760760407
|move|p2a: Gholdengo|Nasty Plot|p2a: Gholdengo
|-boost|p2a: Gholdengo|spa|2
|move|p1a: Umbreon|Foul Play|p2a: Gholdengo
|-resisted|p2a: Gholdengo
|-damage|p2a: Gholdengo|92/100
|-enditem|p2a: Gholdengo|Air Balloon
|
|-heal|p1a: Umbreon|71/100|[from] item: Leftovers
|upkeep
|turn|37
|inactive|frrrer34343 has 120 seconds left.
|
|t:|1760760446
|move|p2a: Gholdengo|Make It Rain|p1a: Umbreon
|-damage|p1a: Umbreon|0 fnt
|-unboost|p2a: Gholdengo|spa|1
|faint|p1a: Umbreon
|
|upkeep
|
|t:|1760760457
|switch|p1a: Dragapult|Dragapult, F|62/100
|-damage|p1a: Dragapult|37/100|[from] Spikes
|turn|38
|
|t:|1760760461
|move|p1a: Dragapult|Shadow Ball|p2a: Gholdengo
|-damage|p2a: Gholdengo|22/100
|move|p2a: Gholdengo|Shadow Ball|p1a: Dragapult
|-supereffective|p1a: Dragapult
|-damage|p1a: Dragapult|0 fnt
|faint|p1a: Dragapult
|
|upkeep
|
|t:|1760760465
|switch|p1a: Ogerpon|Ogerpon-Wellspring, F|100/100
|-damage|p1a: Ogerpon|76/100|[from] Spikes
|turn|39
|
|t:|1760760467
|move|p1a: Ogerpon|Ivy Cudgel|p2a: Gholdengo|[anim] Ivy Cudgel Water
|-damage|p2a: Gholdengo|0 fnt
|faint|p2a: Gholdengo
|
|upkeep
|
|t:|1760760471
|switch|p2a: Great Tusk|Great Tusk|38/100
|turn|40
|inactive|frrrer34343 has 120 seconds left.
|
|t:|1760760513
|move|p1a: Ogerpon|Ivy Cudgel|p2a: Great Tusk|[anim] Ivy Cudgel Water
|-supereffective|p2a: Great Tusk
|-damage|p2a: Great Tusk|0 fnt
|faint|p2a: Great Tusk
|-end|p2a: Great Tusk|Protosynthesis|[silent]
|
|win|frrrer34343
|raw|frrrer34343's rating: 1375 &rarr; <strong>1395</strong><br />(+20 for winning)
|raw|iui pop's rating: 1371 &rarr; <strong>1351</strong><br />(-20 for losing)
|l|☆iui pop
|player|p2|
