|j|☆lLukas Frehwright
|j|☆jqtl316316
|t:|1760788744
|gametype|singles
|player|p1|lLukas Frehwright|266|1153
|player|p2|jqtl316316|cynthia|1110
|gen|9
|tier|[Gen 9] OU
|rated|
|rule|HP Percentage Mod: HP is shown in percentages
|rule|Endless Battle Clause: Forcing endless battles is banned
|rule|Species Clause: Limit one of each Pokémon
|rule|OHKO Clause: OHKO moves are banned
|rule|Evasion Items Clause: Evasion items are banned
|rule|Evasion Moves Clause: Evasion moves are banned
|rule|Evasion Abilities Clause: Evasion abilities are banned
|rule|Sleep Moves Clause: Sleep-inducing moves are banned
|clearpoke
|poke|p1|Serperior, M|
|poke|p1|Weavile, F|
|poke|p1|Alomomola, F|
|poke|p1|Iron Treads|
|poke|p1|Dragapult, F|
|poke|p1|Moltres|
|poke|p2|Pelipper, F|
|poke|p2|Kingdra, F|
|poke|p2|Scizor, F|
|poke|p2|Great Tusk|
|poke|p2|Ogerpon-Wellspring, F|
|poke|p2|Clefable, F|
|teampreview
|inactive|Battle timer is ON: inactive players will automatically lose when time's up. (requested by lLukas Frehwright)
|inactive|lLukas Frehwright has 120 seconds left.
|
|t:|1760788779
|teamsize|p1|6
|teamsize|p2|6
|start
|switch|p1a: Weavile|Weavile, F|100/100
|switch|p2a: 指挥大师|Clefable, F, shiny|100/100
|-ability|p1a: Weavile|Pressure
|turn|1
|
|t:|1760788790
|move|p1a: Weavile|Knock Off|p2a: 指挥大师
|-resisted|p2a: 指挥大师
|-damage|p2a: 指挥大师|62/100
|-damage|p1a: Weavile|84/100|[from] item: Rocky Helmet|[of] p2a: 指挥大师
|-enditem|p2a: 指挥大师|Rocky Helmet|[from] move: Knock Off|[of] p1a: Weavile
|move|p2a: 指挥大师|Stealth Rock|p1a: Weavile
|-sidestart|p1: lLukas Frehwright|move: Stealth Rock
|
|upkeep
|turn|2
|
|t:|1760788801
|switch|p1a: Iron Treads|Iron Treads|100/100
|-damage|p1a: Iron Treads|97/100|[from] Stealth Rock
|switch|p2a: 盖鸥卡|Pelipper, F, shiny|100/100
|-weather|RainDance|[from] ability: Drizzle|[of] p2a: 盖鸥卡
|
|-weather|RainDance|[upkeep]
|-heal|p1a: Iron Treads|100/100|[from] item: Leftovers
|upkeep
|turn|3
|
|t:|1760788817
|move|p1a: Iron Treads|Volt Switch|p2a: 盖鸥卡
|-supereffective|p2a: 盖鸥卡
|-damage|p2a: 盖鸥卡|32/100
|
|t:|1760788834
|-end|p1a: Iron Treads|Quark Drive|[silent]
|switch|p1a: Serperior|Serperior, M|100/100|[from] Volt Switch
|-damage|p1a: Serperior|88/100|[from] Stealth Rock
|move|p2a: 盖鸥卡|U-turn|p1a: Serperior
|-supereffective|p1a: Serperior
|-damage|p1a: Serperior|76/100
|
|t:|1760788845
|switch|p2a: 雨天将军|Kingdra, F, shiny|100/100|[from] U-turn
|
|-weather|RainDance|[upkeep]
|-heal|p1a: Serperior|82/100|[from] item: Leftovers
|upkeep
|turn|4
|
|t:|1760788858
|move|p2a: 雨天将军|Hurricane|p1a: Serperior
|-supereffective|p1a: Serperior
|-damage|p1a: Serperior|0 fnt
|faint|p1a: Serperior
|
|-weather|RainDance|[upkeep]
|upkeep
|c|☆lLukas Frehwright|hurricane?
|
|t:|1760788878
|switch|p1a: Alomomola|Alomomola, F|100/100
|-damage|p1a: Alomomola|88/100|[from] Stealth Rock
|turn|5
|
|t:|1760788884
|switch|p2a: 小寡妇|Ogerpon-Wellspring, F|100/100
|move|p1a: Alomomola|Protect||[still]
|-fail|p1a: Alomomola
|
|-weather|RainDance|[upkeep]
|-heal|p1a: Alomomola|94/100|[from] item: Leftovers
|upkeep
|turn|6
|
|t:|1760788893
|move|p1a: Alomomola|Protect|p1a: Alomomola
|-singleturn|p1a: Alomomola|Protect
|move|p2a: 小寡妇|Swords Dance|p2a: 小寡妇
|-boost|p2a: 小寡妇|atk|2
|
|-weather|RainDance|[upkeep]
|-heal|p1a: Alomomola|99/100|[from] item: Leftovers
|upkeep
|turn|7
|
|t:|1760788915
|switch|p1a: Dragapult|Dragapult, F|100/100
|move|p2a: 小寡妇|Power Whip|p1a: Dragapult
|-resisted|p1a: Dragapult
|-damage|p1a: Dragapult|0 fnt
|faint|p1a: Dragapult
|
|-weather|RainDance|[upkeep]
|upkeep
|
|t:|1760788923
|switch|p1a: Alomomola|Alomomola, F|100/100
|-damage|p1a: Alomomola|88/100|[from] Stealth Rock
|turn|8
|
|t:|1760788928
|move|p1a: Alomomola|Protect|p1a: Alomomola
|-singleturn|p1a: Alomomola|Protect
|move|p2a: 小寡妇|Power Whip|p1a: Alomomola
|-activate|p1a: Alomomola|move: Protect
|
|-weather|RainDance|[upkeep]
|-heal|p1a: Alomomola|94/100|[from] item: Leftovers
|upkeep
|turn|9
|
|t:|1760788943
|switch|p1a: Weavile|Weavile, F|84/100
|-damage|p1a: Weavile|59/100|[from] Stealth Rock
|-ability|p1a: Weavile|Pressure
|move|p2a: 小寡妇|Power Whip|p1a: Weavile
|-damage|p1a: Weavile|0 fnt
|faint|p1a: Weavile
|
|-weather|none
|upkeep
|
|t:|1760788951
|switch|p1a: Iron Treads|Iron Treads|100/100
|-damage|p1a: Iron Treads|97/100|[from] Stealth Rock
|turn|10
|
|t:|1760788958
|move|p2a: 小寡妇|Ivy Cudgel|p1a: Iron Treads|[anim] Ivy Cudgel Water
|-supereffective|p1a: Iron Treads
|-damage|p1a: Iron Treads|0 fnt
|faint|p1a: Iron Treads
|-end|p1a: Iron Treads|Quark Drive|[silent]
|
|upkeep
|
|t:|1760788965
|switch|p1a: Moltres|Moltres|100/100
|turn|11
|
|t:|1760788970
|-terastallize|p2a: 小寡妇|Water
|detailschange|p2a: 小寡妇|Ogerpon-Wellspring-Tera, F, tera:Water
|-ability|p2a: 小寡妇|Embody Aspect (Wellspring)|boost
|-boost|p2a: 小寡妇|spd|1
|-terastallize|p1a: Moltres|Ghost
|move|p2a: 小寡妇|Ivy Cudgel|p1a: Moltres|[anim] Ivy Cudgel Water
|-damage|p1a: Moltres|0 fnt
|faint|p1a: Moltres
|
|upkeep
|
|t:|1760788978
|switch|p1a: Alomomola|Alomomola, F|100/100
|-damage|p1a: Alomomola|88/100|[from] Stealth Rock
|turn|12
|-message|lLukas Frehwright forfeited.
|
|win|jqtl316316
|raw|lLukas Frehwright's rating: 1153 &rarr; <strong>1125</strong><br />(-28 for losing)
|raw|jqtl316316's rating: 1110 &rarr; <strong>1138</strong><br />(+28 for winning)
|l|☆lLukas Frehwright
|player|p1|
