|j|☆John Beaker
|j|☆Manbaby319
|t:|1760780360
|gametype|singles
|player|p1|John Beaker|richboy|1159
|player|p2|Manbaby319|101|1230
|gen|9
|tier|[Gen 9] OU
|rated|
|rule|HP Percentage Mod: HP is shown in percentages
|rule|Endless Battle Clause: Forcing endless battles is banned
|rule|Species Clause: Limit one of each Pokémon
|rule|OHKO Clause: OHKO moves are banned
|rule|Evasion Items Clause: Evasion items are banned
|rule|Evasion Moves Clause: Evasion moves are banned
|rule|Evasion Abilities Clause: Evasion abilities are banned
|rule|Sleep Moves Clause: Sleep-inducing moves are banned
|clearpoke
|poke|p1|Sandy Shocks|
|poke|p1|Samurott-Hisui, F|
|poke|p1|Blaziken, M|
|poke|p1|Primarina, M|
|poke|p1|Great Tusk|
|poke|p1|Rillaboom, F|
|poke|p2|Volcanion|
|poke|p2|Iron Treads|
|poke|p2|Wo-Chien|
|poke|p2|Garchomp, M|
|poke|p2|Gholdengo|
|poke|p2|Darkrai|
|teampreview
|
|t:|1760780390
|teamsize|p1|6
|teamsize|p2|6
|start
|switch|p1a: Primarina|Primarina, M|100/100
|switch|p2a: Garchomp|Garchomp, M|100/100
|turn|1
|
|t:|1760780411
|switch|p2a: Wo-Chien|Wo-Chien, shiny|100/100
|-ability|p2a: Wo-Chien|Tablets of Ruin
|move|p1a: Primarina|Moonblast|p2a: Wo-Chien
|-supereffective|p2a: Wo-Chien
|-damage|p2a: Wo-Chien|32/100
|
|-heal|p2a: Wo-Chien|38/100|[from] item: Leftovers
|upkeep
|turn|2
|
|t:|1760780426
|move|p2a: Wo-Chien|Giga Drain|p1a: Primarina
|-supereffective|p1a: Primarina
|-damage|p1a: Primarina|54/100
|-heal|p2a: Wo-Chien|58/100|[from] drain|[of] p1a: Primarina
|move|p1a: Primarina|Moonblast|p2a: Wo-Chien
|-supereffective|p2a: Wo-Chien
|-damage|p2a: Wo-Chien|0 fnt
|faint|p2a: Wo-Chien
|
|-heal|p1a: Primarina|60/100|[from] item: Leftovers
|upkeep
|
|t:|1760780438
|switch|p2a: Gholdengo|Gholdengo, shiny|100/100
|-item|p2a: Gholdengo|Air Balloon
|turn|3
|
|t:|1760780443
|move|p2a: Gholdengo|Nasty Plot|p2a: Gholdengo
|-boost|p2a: Gholdengo|spa|2
|move|p1a: Primarina|Flip Turn|p2a: Gholdengo
|-damage|p2a: Gholdengo|80/100
|-enditem|p2a: Gholdengo|Air Balloon
|
|t:|1760780456
|switch|p1a: Sandy Shocks|Sandy Shocks|100/100|[from] Flip Turn
|-enditem|p1a: Sandy Shocks|Booster Energy
|-activate|p1a: Sandy Shocks|ability: Protosynthesis|[fromitem]
|-start|p1a: Sandy Shocks|protosynthesisspe
|
|upkeep
|turn|4
|
|t:|1760780489
|-terastallize|p2a: Gholdengo|Fairy
|move|p1a: Sandy Shocks|Earth Power|p2a: Gholdengo
|-damage|p2a: Gholdengo|34/100
|move|p2a: Gholdengo|Dazzling Gleam|p1a: Sandy Shocks
|-damage|p1a: Sandy Shocks|0 fnt
|faint|p1a: Sandy Shocks
|-end|p1a: Sandy Shocks|Protosynthesis|[silent]
|
|upkeep
|
|t:|1760780503
|switch|p1a: Rillaboom|Rillaboom, F|100/100
|-fieldstart|move: Grassy Terrain|[from] ability: Grassy Surge|[of] p1a: Rillaboom
|turn|5
|
|t:|1760780511
|move|p1a: Rillaboom|Grassy Glide|p2a: Gholdengo
|-damage|p2a: Gholdengo|0 fnt
|faint|p2a: Gholdengo
|
|upkeep
|
|t:|1760780518
|switch|p2a: Garchomp|Garchomp, M|100/100
|turn|6
|
|t:|1760780523
|move|p2a: Garchomp|Stealth Rock|p1a: Rillaboom
|-sidestart|p1: John Beaker|move: Stealth Rock
|move|p1a: Rillaboom|Knock Off|p2a: Garchomp
|-damage|p2a: Garchomp|79/100
|-damage|p1a: Rillaboom|88/100|[from] ability: Rough Skin|[of] p2a: Garchomp
|-damage|p1a: Rillaboom|72/100|[from] item: Rocky Helmet|[of] p2a: Garchomp
|-enditem|p2a: Garchomp|Rocky Helmet|[from] move: Knock Off|[of] p1a: Rillaboom
|
|-heal|p2a: Garchomp|85/100|[from] Grassy Terrain
|-heal|p1a: Rillaboom|78/100|[from] Grassy Terrain
|upkeep
|turn|7
|
|t:|1760780535
|move|p2a: Garchomp|Spikes|p1a: Rillaboom
|-sidestart|p1: John Beaker|Spikes
|move|p1a: Rillaboom|Wood Hammer|p2a: Garchomp
|-damage|p2a: Garchomp|38/100
|-damage|p1a: Rillaboom|66/100|[from] ability: Rough Skin|[of] p2a: Garchomp
|-damage|p1a: Rillaboom|47/100|[from] Recoil
|
|-heal|p2a: Garchomp|44/100|[from] Grassy Terrain
|-heal|p1a: Rillaboom|53/100|[from] Grassy Terrain
|upkeep
|turn|8
|
|t:|1760780555
|switch|p2a: Iron Treads|Iron Treads|100/100
|move|p1a: Rillaboom|Wood Hammer|p2a: Iron Treads
|-damage|p2a: Iron Treads|31/100
|-damage|p1a: Rillaboom|30/100|[from] Recoil
|
|-heal|p2a: Iron Treads|37/100|[from] Grassy Terrain
|-heal|p2a: Iron Treads|43/100|[from] item: Leftovers
|-heal|p1a: Rillaboom|36/100|[from] Grassy Terrain
|upkeep
|turn|9
|
|t:|1760780568
|switch|p1a: Great Tusk|Great Tusk|100/100
|-damage|p1a: Great Tusk|98/100|[from] Stealth Rock
|-damage|p1a: Great Tusk|85/100|[from] Spikes
|-enditem|p1a: Great Tusk|Booster Energy
|-activate|p1a: Great Tusk|ability: Protosynthesis|[fromitem]
|-start|p1a: Great Tusk|protosynthesisatk
|move|p2a: Iron Treads|Ice Spinner|p1a: Great Tusk
|-supereffective|p1a: Great Tusk
|-damage|p1a: Great Tusk|56/100
|-fieldend|move: Grassy Terrain
|
|-heal|p2a: Iron Treads|49/100|[from] item: Leftovers
|upkeep
|turn|10
|
|t:|1760780585
|-end|p2a: Iron Treads|Quark Drive|[silent]
|switch|p2a: Volcanion|Volcanion|100/100
|move|p1a: Great Tusk|Rapid Spin|p2a: Volcanion
|-damage|p2a: Volcanion|79/100
|-boost|p1a: Great Tusk|spe|1
|-sideend|p1: John Beaker|Spikes|[from] move: Rapid Spin|[of] p1a: Great Tusk
|-sideend|p1: John Beaker|Stealth Rock|[from] move: Rapid Spin|[of] p1a: Great Tusk
|
|upkeep
|turn|11
|
|t:|1760780595
|move|p1a: Great Tusk|Headlong Rush|p2a: Volcanion
|-supereffective|p2a: Volcanion
|-damage|p2a: Volcanion|0 fnt
|-unboost|p1a: Great Tusk|def|1
|-unboost|p1a: Great Tusk|spd|1
|faint|p2a: Volcanion
|
|upkeep
|
|t:|1760780599
|switch|p2a: Darkrai|Darkrai|100/100
|turn|12
|
|t:|1760780608
|-end|p1a: Great Tusk|Protosynthesis|[silent]
|switch|p1a: Blaziken|Blaziken, M|100/100
|move|p2a: Darkrai|Ice Beam|p1a: Blaziken
|-resisted|p1a: Blaziken
|-damage|p1a: Blaziken|80/100
|
|upkeep
|turn|13
|
|t:|1760780618
|switch|p2a: Garchomp|Garchomp, M|44/100
|move|p1a: Blaziken|Protect||[still]
|-fail|p1a: Blaziken
|
|-ability|p1a: Blaziken|Speed Boost|boost
|-boost|p1a: Blaziken|spe|1
|upkeep
|turn|14
|
|t:|1760780626
|move|p1a: Blaziken|Close Combat|p2a: Garchomp
|-damage|p2a: Garchomp|10/100
|-unboost|p1a: Blaziken|def|1
|-unboost|p1a: Blaziken|spd|1
|-damage|p1a: Blaziken|68/100|[from] ability: Rough Skin|[of] p2a: Garchomp
|move|p2a: Garchomp|Dragon Tail|p1a: Blaziken
|-damage|p1a: Blaziken|12/100
|drag|p1a: Rillaboom|Rillaboom, F|36/100
|-fieldstart|move: Grassy Terrain|[from] ability: Grassy Surge|[of] p1a: Rillaboom
|
|-heal|p2a: Garchomp|16/100|[from] Grassy Terrain
|-heal|p1a: Rillaboom|42/100|[from] Grassy Terrain
|upkeep
|turn|15
|
|t:|1760780642
|switch|p2a: Iron Treads|Iron Treads|49/100
|move|p1a: Rillaboom|Grassy Glide|p2a: Iron Treads
|-damage|p2a: Iron Treads|18/100
|
|-heal|p2a: Iron Treads|24/100|[from] Grassy Terrain
|-heal|p2a: Iron Treads|30/100|[from] item: Leftovers
|-heal|p1a: Rillaboom|49/100|[from] Grassy Terrain
|upkeep
|turn|16
|
|t:|1760780651
|move|p2a: Iron Treads|Ice Spinner|p1a: Rillaboom
|-supereffective|p1a: Rillaboom
|-damage|p1a: Rillaboom|9/100
|-fieldend|move: Grassy Terrain
|move|p1a: Rillaboom|Knock Off|p2a: Iron Treads
|-damage|p2a: Iron Treads|1/100
|-enditem|p2a: Iron Treads|Leftovers|[from] move: Knock Off|[of] p1a: Rillaboom
|
|upkeep
|turn|17
|
|t:|1760780664
|switch|p1a: Primarina|Primarina, M|60/100
|move|p2a: Iron Treads|Earthquake|p1a: Primarina
|-damage|p1a: Primarina|25/100
|
|-heal|p1a: Primarina|31/100|[from] item: Leftovers
|upkeep
|turn|18
|
|t:|1760780677
|move|p2a: Iron Treads|Earthquake|p1a: Primarina
|-damage|p1a: Primarina|0 fnt
|faint|p1a: Primarina
|
|upkeep
|
|t:|1760780684
|switch|p1a: Samurott|Samurott-Hisui, F|100/100
|turn|19
|
|t:|1760780693
|-end|p2a: Iron Treads|Quark Drive|[silent]
|switch|p2a: Garchomp|Garchomp, M|16/100
|move|p1a: Samurott|Sucker Punch||[still]
|-fail|p1a: Samurott
|
|upkeep
|turn|20
|
|t:|1760780698
|move|p1a: Samurott|Sucker Punch||[still]
|-fail|p1a: Samurott
|move|p2a: Garchomp|Stealth Rock|p1a: Samurott
|-sidestart|p1: John Beaker|move: Stealth Rock
|
|upkeep
|turn|21
|
|t:|1760780706
|move|p1a: Samurott|Aqua Cutter|p2a: Garchomp
|-damage|p2a: Garchomp|0 fnt
|faint|p2a: Garchomp
|
|upkeep
|
|t:|1760780714
|switch|p2a: Iron Treads|Iron Treads|1/100
|turn|22
|
|t:|1760780721
|move|p2a: Iron Treads|Earthquake|p1a: Samurott
|-damage|p1a: Samurott|47/100
|move|p1a: Samurott|Aqua Cutter|p2a: Iron Treads
|-supereffective|p2a: Iron Treads
|-damage|p2a: Iron Treads|0 fnt
|faint|p2a: Iron Treads
|-end|p2a: Iron Treads|Quark Drive|[silent]
|
|upkeep
|
|t:|1760780726
|switch|p2a: Darkrai|Darkrai|100/100
|turn|23
|
|t:|1760780732
|move|p1a: Samurott|Sucker Punch|p2a: Darkrai
|-resisted|p2a: Darkrai
|-damage|p2a: Darkrai|78/100
|move|p2a: Darkrai|Sludge Bomb|p1a: Samurott
|-damage|p1a: Samurott|15/100
|
|upkeep
|turn|24
|
|t:|1760780740
|move|p1a: Samurott|Sucker Punch|p2a: Darkrai
|-resisted|p2a: Darkrai
|-damage|p2a: Darkrai|55/100
|move|p2a: Darkrai|Sludge Bomb|p1a: Samurott
|-damage|p1a: Samurott|0 fnt
|faint|p1a: Samurott
|
|upkeep
|
|t:|1760780752
|switch|p1a: Great Tusk|Great Tusk|56/100
|-damage|p1a: Great Tusk|53/100|[from] Stealth Rock
|turn|25
|
|t:|1760780760
|-terastallize|p1a: Great Tusk|Ground
|move|p2a: Darkrai|Ice Beam|p1a: Great Tusk
|-supereffective|p1a: Great Tusk
|-damage|p1a: Great Tusk|0 fnt
|faint|p1a: Great Tusk
|-end|p1a: Great Tusk|Protosynthesis|[silent]
|
|upkeep
|
|t:|1760780767
|switch|p1a: Blaziken|Blaziken, M|12/100
|-damage|p1a: Blaziken|0 fnt|[from] Stealth Rock
|faint|p1a: Blaziken
|
|t:|1760780771
|switch|p1a: Rillaboom|Rillaboom, F|9/100
|-damage|p1a: Rillaboom|0 fnt|[from] Stealth Rock
|faint|p1a: Rillaboom
|
|win|Manbaby319
|raw|John Beaker's rating: 1159 &rarr; <strong>1139</strong><br />(-20 for losing)
|raw|Manbaby319's rating: 1230 &rarr; <strong>1250</strong><br />(+20 for winning)
|l|☆John Beaker
|player|p1|
|c|☆Manbaby319|Gg
|l|☆Manbaby319
|player|p2|
