|j|☆RobustLoki
|j|☆SpongeGar & Patar
|t:|1760872282
|gametype|singles
|player|p1|RobustLoki|scientist|1536
|player|p2|SpongeGar & Patar|101|1767
|gen|9
|tier|[Gen 9] OU
|rated|
|rule|HP Percentage Mod: HP is shown in percentages
|rule|Endless Battle Clause: Forcing endless battles is banned
|rule|Species Clause: Limit one of each Pokémon
|rule|OHKO Clause: OHKO moves are banned
|rule|Evasion Items Clause: Evasion items are banned
|rule|Evasion Moves Clause: Evasion moves are banned
|rule|Evasion Abilities Clause: Evasion abilities are banned
|rule|Sleep Moves Clause: Sleep-inducing moves are banned
|clearpoke
|poke|p1|Latios, M|
|poke|p1|Weavile, M|
|poke|p1|Meowscarada, M|
|poke|p1|Scizor, M|
|poke|p1|Comfey, M|
|poke|p1|Blastoise, M|
|poke|p2|Kyurem|
|poke|p2|Corviknight, M|
|poke|p2|Ting-Lu|
|poke|p2|Dondozo, F|
|poke|p2|Slowking-Galar, L99, M|
|poke|p2|Cinderace, M|
|teampreview
|
|t:|1760872331
|teamsize|p1|6
|teamsize|p2|6
|start
|switch|p1a: Meowscarada|Meowscarada, M|100/100
|switch|p2a: Corviknight|Corviknight, M|100/100
|-ability|p2a: Corviknight|Pressure
|turn|1
|inactive|Battle timer is ON: inactive players will automatically lose when time's up. (requested by SpongeGar & Patar)
|inactive|SpongeGar & Patar has 120 seconds left.
|
|t:|1760872379
|move|p1a: Meowscarada|Knock Off|p2a: Corviknight
|-start|p1a: Meowscarada|typechange|Dark|[from] ability: Protean
|-damage|p2a: Corviknight|74/100
|-damage|p1a: Meowscarada|84/100|[from] item: Rocky Helmet|[of] p2a: Corviknight
|-enditem|p2a: Corviknight|Rocky Helmet|[from] move: Knock Off|[of] p1a: Meowscarada
|move|p2a: Corviknight|U-turn|p1a: Meowscarada
|-supereffective|p1a: Meowscarada
|-damage|p1a: Meowscarada|41/100
|inactive|SpongeGar & Patar has 120 seconds left.
|
|t:|1760872428
|switch|p2a: Ting-Lu|Ting-Lu|100/100|[from] U-turn
|-ability|p2a: Ting-Lu|Vessel of Ruin
|
|upkeep
|turn|2
|inactive|SpongeGar & Patar has 120 seconds left.
|j| Mr.CelesteelYaGirl
|inactive|SpongeGar & Patar has 90 seconds left.
|
|t:|1760872475
|move|p1a: Meowscarada|Knock Off|p2a: Ting-Lu
|-resisted|p2a: Ting-Lu
|-damage|p2a: Ting-Lu|88/100
|-enditem|p2a: Ting-Lu|Leftovers|[from] move: Knock Off|[of] p1a: Meowscarada
|move|p2a: Ting-Lu|Earthquake|p1a: Meowscarada
|-damage|p1a: Meowscarada|0 fnt
|faint|p1a: Meowscarada
|
|upkeep
|inactive|RobustLoki has 120 seconds left.
|
|t:|1760872505
|switch|p1a: Blastoise|Blastoise, M|100/100
|turn|3
|inactive|SpongeGar & Patar has 90 seconds left.
|inactive|SpongeGar & Patar has 60 seconds left.
|
|t:|1760872553
|move|p1a: Blastoise|Surf|p2a: Ting-Lu
|-supereffective|p2a: Ting-Lu
|-damage|p2a: Ting-Lu|56/100
|move|p2a: Ting-Lu|Earthquake|p1a: Blastoise
|-damage|p1a: Blastoise|58/100
|
|upkeep
|turn|4
|inactive|SpongeGar & Patar has 60 seconds left.
|inactive|SpongeGar & Patar has 30 seconds left.
|
|t:|1760872603
|move|p1a: Blastoise|Surf|p2a: Ting-Lu
|-supereffective|p2a: Ting-Lu
|-damage|p2a: Ting-Lu|27/100
|move|p2a: Ting-Lu|Earthquake|p1a: Blastoise
|-damage|p1a: Blastoise|15/100
|
|upkeep
|turn|5
|inactive|SpongeGar & Patar has 30 seconds left.
|inactive|RobustLoki has 120 seconds left.
|inactive|RobustLoki has 90 seconds left.
|
|t:|1760872676
|-terastallize|p2a: Ting-Lu|Water
|move|p1a: Blastoise|Shell Smash|p1a: Blastoise
|-unboost|p1a: Blastoise|def|1
|-unboost|p1a: Blastoise|spd|1
|-boost|p1a: Blastoise|atk|2
|-boost|p1a: Blastoise|spa|2
|-boost|p1a: Blastoise|spe|2
|move|p2a: Ting-Lu|Rest|p2a: Ting-Lu
|-status|p2a: Ting-Lu|slp|[from] move: Rest
|-heal|p2a: Ting-Lu|100/100 slp|[silent]
|
|upkeep
|turn|6
|
|t:|1760872685
|move|p1a: Blastoise|Surf|p2a: Ting-Lu
|-resisted|p2a: Ting-Lu
|-damage|p2a: Ting-Lu|79/100 slp
|cant|p2a: Ting-Lu|slp
|move|p2a: Ting-Lu|Sleep Talk|p2a: Ting-Lu
|move|p2a: Ting-Lu|Rest||[from] move: Sleep Talk|[still]
|-fail|p2a: Ting-Lu
|
|upkeep
|turn|7
|
|t:|1760872695
|move|p1a: Blastoise|Surf|p2a: Ting-Lu
|-resisted|p2a: Ting-Lu
|-crit|p2a: Ting-Lu
|-damage|p2a: Ting-Lu|47/100 slp
|cant|p2a: Ting-Lu|slp
|move|p2a: Ting-Lu|Sleep Talk|p2a: Ting-Lu
|move|p2a: Ting-Lu|Rest||[from] move: Sleep Talk|[still]
|-fail|p2a: Ting-Lu
|
|upkeep
|turn|8
|
|t:|1760872704
|move|p1a: Blastoise|Surf|p2a: Ting-Lu
|-resisted|p2a: Ting-Lu
|-damage|p2a: Ting-Lu|26/100 slp
|-curestatus|p2a: Ting-Lu|slp|[msg]
|move|p2a: Ting-Lu|Earthquake|p1a: Blastoise
|-damage|p1a: Blastoise|0 fnt
|faint|p1a: Blastoise
|
|upkeep
|
|t:|1760872709
|switch|p1a: Latios|Latios, M|100/100
|turn|9
|
|t:|1760872719
|move|p1a: Latios|Luster Purge|p2a: Ting-Lu
|-damage|p2a: Ting-Lu|0 fnt
|faint|p2a: Ting-Lu
|
|upkeep
|
|t:|1760872729
|switch|p2a: Corviknight|Corviknight, M|74/100
|-ability|p2a: Corviknight|Pressure
|turn|10
|inactive|RobustLoki has 120 seconds left.
|inactive|SpongeGar & Patar has 60 seconds left.
|
|t:|1760872738
|switch|p1a: Comfey|Comfey, M|100/100
|move|p2a: Corviknight|U-turn|p1a: Comfey
|-resisted|p1a: Comfey
|-damage|p1a: Comfey|89/100
|inactive|SpongeGar & Patar has 60 seconds left.
|
|t:|1760872749
|switch|p2a: Cinderace|Cinderace, M|100/100|[from] U-turn
|
|-heal|p1a: Comfey|95/100|[from] item: Leftovers
|upkeep
|turn|11
|inactive|SpongeGar & Patar has 60 seconds left.
|
|t:|1760872758
|move|p2a: Cinderace|Pyro Ball|p1a: Comfey
|-damage|p1a: Comfey|26/100
|move|p1a: Comfey|Calm Mind|p1a: Comfey
|-boost|p1a: Comfey|spa|1
|-boost|p1a: Comfey|spd|1
|
|-heal|p1a: Comfey|32/100|[from] item: Leftovers
|upkeep
|turn|12
|inactive|SpongeGar & Patar has 60 seconds left.
|
|t:|1760872769
|move|p1a: Comfey|Draining Kiss|p2a: Cinderace
|-resisted|p2a: Cinderace
|-damage|p2a: Cinderace|82/100
|-heal|p1a: Comfey|53/100|[from] drain|[of] p2a: Cinderace
|move|p2a: Cinderace|Pyro Ball|p1a: Comfey
|-damage|p1a: Comfey|0 fnt
|faint|p1a: Comfey
|
|upkeep
|
|t:|1760872775
|switch|p1a: Weavile|Weavile, M|100/100
|-ability|p1a: Weavile|Pressure
|turn|13
|
|t:|1760872785
|move|p1a: Weavile|Knock Off|p2a: Cinderace
|-damage|p2a: Cinderace|22/100
|-enditem|p2a: Cinderace|Heavy-Duty Boots|[from] move: Knock Off|[of] p1a: Weavile
|move|p2a: Cinderace|Pyro Ball|p1a: Weavile
|-supereffective|p1a: Weavile
|-damage|p1a: Weavile|0 fnt
|faint|p1a: Weavile
|
|upkeep
|
|t:|1760872789
|switch|p1a: Scizor|Scizor, M|100/100
|turn|14
|
|t:|1760872799
|move|p2a: Cinderace|Pyro Ball|p1a: Scizor
|-supereffective|p1a: Scizor
|-damage|p1a: Scizor|0 fnt
|faint|p1a: Scizor
|
|upkeep
|
|t:|1760872803
|switch|p1a: Latios|Latios, M|100/100
|turn|15
|inactive|SpongeGar & Patar has 90 seconds left.
|
|t:|1760872812
|move|p2a: Cinderace|Pyro Ball|p1a: Latios|[miss]
|-miss|p2a: Cinderace|p1a: Latios
|move|p1a: Latios|Luster Purge|p2a: Cinderace
|-damage|p2a: Cinderace|0 fnt
|faint|p2a: Cinderace
|
|upkeep
|inactive|SpongeGar & Patar has 90 seconds left.
|inactive|SpongeGar & Patar has 60 seconds left.
|
|t:|1760872854
|switch|p2a: Corviknight|Corviknight, M|74/100
|-ability|p2a: Corviknight|Pressure
|turn|16
|inactive|SpongeGar & Patar has 60 seconds left.
|inactive|SpongeGar & Patar has 30 seconds left.
|
|t:|1760872897
|move|p1a: Latios|Luster Purge|p2a: Corviknight
|-resisted|p2a: Corviknight
|-damage|p2a: Corviknight|37/100
|-unboost|p2a: Corviknight|spd|1
|move|p2a: Corviknight|Roost|p2a: Corviknight
|-heal|p2a: Corviknight|87/100
|-singleturn|p2a: Corviknight|move: Roost
|
|upkeep
|turn|17
|inactive|SpongeGar & Patar has 30 seconds left.
|
|t:|1760872905
|move|p1a: Latios|Luster Purge|p2a: Corviknight
|-resisted|p2a: Corviknight
|-damage|p2a: Corviknight|35/100
|-unboost|p2a: Corviknight|spd|1
|move|p2a: Corviknight|U-turn|p1a: Latios
|-supereffective|p1a: Latios
|-damage|p1a: Latios|59/100
|inactive|SpongeGar & Patar has 30 seconds left.
|
|t:|1760872913
|switch|p2a: Kyurem|Kyurem|100/100|[from] U-turn
|-ability|p2a: Kyurem|Pressure
|
|upkeep
|turn|18
|
|t:|1760872920
|-terastallize|p1a: Latios|Steel
|move|p1a: Latios|Luster Purge|p2a: Kyurem
|-damage|p2a: Kyurem|34/100
|move|p2a: Kyurem|Freeze-Dry|p1a: Latios
|-resisted|p1a: Latios
|-damage|p1a: Latios|42/100
|
|-heal|p2a: Kyurem|40/100|[from] item: Leftovers
|upkeep
|turn|19
|c|☆RobustLoki|gg
|
|t:|1760872926
|switch|p2a: Dondozo|Dondozo, F|100/100
|-activate|p1a: Latios|move: Struggle
|move|p1a: Latios|Struggle|p2a: Dondozo
|-damage|p2a: Dondozo|96/100
|-damage|p1a: Latios|17/100|[from] recoil
|
|-heal|p2a: Dondozo|100/100|[from] item: Leftovers
|upkeep
|turn|20
|-message|RobustLoki forfeited.
|
|win|SpongeGar & Patar
|raw|RobustLoki's rating: 1536 &rarr; <strong>1528</strong><br />(-8 for losing)
|raw|SpongeGar &amp; Patar's rating: 1767 &rarr; <strong>1775</strong><br />(+8 for winning)
|l|☆SpongeGar & Patar
|player|p2|
|l|☆RobustLoki
|player|p1|
