|j|☆HZBKAI10
|j|☆Vastcheetah03
|t:|1760851656
|gametype|singles
|player|p1|HZBKAI10|1|1074
|player|p2|Vastcheetah03|lance|1120
|gen|9
|tier|[Gen 9] OU
|rated|
|rule|HP Percentage Mod: HP is shown in percentages
|rule|Endless Battle Clause: Forcing endless battles is banned
|rule|Species Clause: Limit one of each Pokémon
|rule|OHKO Clause: OHKO moves are banned
|rule|Evasion Items Clause: Evasion items are banned
|rule|Evasion Moves Clause: Evasion moves are banned
|rule|Evasion Abilities Clause: Evasion abilities are banned
|rule|Sleep Moves Clause: Sleep-inducing moves are banned
|clearpoke
|poke|p1|Iron Crown|
|poke|p1|Primarina, F|
|poke|p1|Toedscruel, F|
|poke|p1|Walking Wake|
|poke|p1|Heatran, M|
|poke|p1|Dragonite, F|
|poke|p2|Forretress, M|
|poke|p2|Skeledirge, M|
|poke|p2|Hydrapple, M|
|poke|p2|Latios, M|
|poke|p2|Kingambit, M|
|poke|p2|Samurott-Hisui, M|
|teampreview
|inactive|Battle timer is ON: inactive players will automatically lose when time's up. (requested by Vastcheetah03)
|
|t:|1760851659
|teamsize|p1|6
|teamsize|p2|6
|start
|switch|p1a: Walking Wake|Walking Wake|100/100
|switch|p2a: Forretress|Forretress, M, shiny|100/100
|turn|1
|
|t:|1760851668
|move|p1a: Walking Wake|Surf|p2a: Forretress
|-damage|p2a: Forretress|29/100
|-enditem|p2a: Forretress|Red Card|[of] p1a: Walking Wake
|-end|p1a: Walking Wake|Protosynthesis|[silent]
|drag|p1a: Iron Crown|Iron Crown|100/100
|move|p2a: Forretress|Stealth Rock|p1a: Iron Crown
|-sidestart|p1: HZBKAI10|move: Stealth Rock
|
|upkeep
|turn|2
|
|t:|1760851676
|move|p1a: Iron Crown|Future Sight|p2a: Forretress
|-start|p1a: Iron Crown|move: Future Sight
|move|p2a: Forretress|Volt Switch|p1a: Iron Crown
|-damage|p1a: Iron Crown|93/100
|
|t:|1760851681
|switch|p2a: Skeledirge|Skeledirge, M, shiny|100/100|[from] Volt Switch
|
|upkeep
|turn|3
|
|t:|1760851688
|move|p1a: Iron Crown|Future Sight||[still]
|-fail|p1a: Iron Crown
|move|p2a: Skeledirge|Torch Song|p1a: Iron Crown
|-supereffective|p1a: Iron Crown
|-damage|p1a: Iron Crown|53/100
|-boost|p2a: Skeledirge|spa|1
|
|upkeep
|turn|4
|
|t:|1760851696
|switch|p2a: Samurott|Samurott-Hisui, M, shiny|100/100
|move|p1a: Iron Crown|Future Sight||[still]
|-fail|p1a: Iron Crown
|
|-end|p2a: Samurott|move: Future Sight
|-immune|p2a: Samurott
|upkeep
|turn|5
|inactive|Vastcheetah03 has 120 seconds left.
|
|t:|1760851728
|move|p2a: Samurott|Ceaseless Edge|p1a: Iron Crown
|-supereffective|p1a: Iron Crown
|-damage|p1a: Iron Crown|0 fnt
|-sidestart|p1: HZBKAI10|Spikes
|faint|p1a: Iron Crown
|-end|p1a: Iron Crown|Quark Drive|[silent]
|
|upkeep
|
|t:|1760851728
|switch|p1a: Primarina|Primarina, F|100/100
|-damage|p1a: Primarina|88/100|[from] Stealth Rock
|-damage|p1a: Primarina|76/100|[from] Spikes
|turn|6
|
|t:|1760851738
|switch|p2a: Hydrapple|Hydrapple, M, shiny|100/100
|move|p1a: Primarina|Moonblast|p2a: Hydrapple
|-supereffective|p2a: Hydrapple
|-damage|p2a: Hydrapple|30/100
|-unboost|p2a: Hydrapple|spa|1
|
|-heal|p1a: Primarina|82/100|[from] item: Leftovers
|upkeep
|turn|7
|
|t:|1760851750
|move|p1a: Primarina|Moonblast|p2a: Hydrapple
|-supereffective|p2a: Hydrapple
|-damage|p2a: Hydrapple|0 fnt
|faint|p2a: Hydrapple
|
|-heal|p1a: Primarina|88/100|[from] item: Leftovers
|upkeep
|
|t:|1760851760
|switch|p2a: Latios|Latios, M, shiny|100/100
|turn|8
|
|t:|1760851764
|-terastallize|p2a: Latios|Electric
|move|p2a: Latios|Thunderbolt|p1a: Primarina
|-supereffective|p1a: Primarina
|-damage|p1a: Primarina|1/100
|move|p1a: Primarina|Moonblast|p2a: Latios
|-damage|p2a: Latios|47/100
|
|-heal|p1a: Primarina|8/100|[from] item: Leftovers
|upkeep
|turn|9
|
|t:|1760851775
|move|p2a: Latios|Thunderbolt|p1a: Primarina
|-supereffective|p1a: Primarina
|-damage|p1a: Primarina|0 fnt
|faint|p1a: Primarina
|
|upkeep
|
|t:|1760851775
|switch|p1a: Toedscruel|Toedscruel, F|100/100
|-damage|p1a: Toedscruel|95/100|[from] Stealth Rock
|-damage|p1a: Toedscruel|82/100|[from] Spikes
|turn|10
|
|t:|1760851793
|switch|p2a: Forretress|Forretress, M, shiny|29/100
|move|p1a: Toedscruel|Earth Power|p2a: Forretress
|-damage|p2a: Forretress|0 fnt
|faint|p2a: Forretress
|
|-heal|p1a: Toedscruel|88/100|[from] item: Leftovers
|upkeep
|
|t:|1760851803
|switch|p2a: Latios|Latios, M, shiny, tera:Electric|47/100
|turn|11
|
|t:|1760851809
|move|p2a: Latios|Draco Meteor|p1a: Toedscruel
|-damage|p1a: Toedscruel|25/100
|-unboost|p2a: Latios|spa|2
|move|p1a: Toedscruel|Earth Power|p2a: Latios
|-immune|p2a: Latios|[from] ability: Levitate
|
|-heal|p1a: Toedscruel|31/100|[from] item: Leftovers
|upkeep
|turn|12
|
|t:|1760851819
|move|p2a: Latios|Draco Meteor|p1a: Toedscruel
|-damage|p1a: Toedscruel|0 fnt
|-unboost|p2a: Latios|spa|2
|faint|p1a: Toedscruel
|
|upkeep
|
|t:|1760851819
|switch|p1a: Dragonite|Dragonite, F|100/100
|turn|13
|
|t:|1760851829
|switch|p2a: Skeledirge|Skeledirge, M, shiny|100/100
|move|p1a: Dragonite|Earthquake|p2a: Skeledirge
|-supereffective|p2a: Skeledirge
|-damage|p2a: Skeledirge|37/100
|
|-heal|p2a: Skeledirge|43/100|[from] item: Leftovers
|upkeep
|turn|14
|
|t:|1760851839
|switch|p2a: Latios|Latios, M, shiny, tera:Electric|47/100
|move|p1a: Dragonite|Earthquake|p2a: Latios
|-immune|p2a: Latios|[from] ability: Levitate
|
|upkeep
|turn|15
|
|t:|1760851846
|move|p2a: Latios|Draco Meteor|p1a: Dragonite
|-supereffective|p1a: Dragonite
|-damage|p1a: Dragonite|25/100
|-unboost|p2a: Latios|spa|2
|move|p1a: Dragonite|Earthquake|p2a: Latios
|-immune|p2a: Latios|[from] ability: Levitate
|
|upkeep
|turn|16
|
|t:|1760851858
|move|p2a: Latios|Draco Meteor|p1a: Dragonite
|-supereffective|p1a: Dragonite
|-damage|p1a: Dragonite|0 fnt
|-unboost|p2a: Latios|spa|2
|faint|p1a: Dragonite
|
|upkeep
|
|t:|1760851858
|switch|p1a: Heatran|Heatran, M|100/100
|-damage|p1a: Heatran|88/100|[from] Stealth Rock
|-damage|p1a: Heatran|76/100|[from] Spikes
|turn|17
|
|t:|1760851871
|switch|p2a: Skeledirge|Skeledirge, M, shiny|43/100
|move|p1a: Heatran|Earth Power|p2a: Skeledirge
|-supereffective|p2a: Skeledirge
|-damage|p2a: Skeledirge|1/100
|
|-heal|p1a: Heatran|82/100|[from] item: Leftovers
|-heal|p2a: Skeledirge|7/100|[from] item: Leftovers
|upkeep
|turn|18
|
|t:|1760851880
|move|p1a: Heatran|Earth Power|p2a: Skeledirge
|-supereffective|p2a: Skeledirge
|-damage|p2a: Skeledirge|0 fnt
|faint|p2a: Skeledirge
|
|-heal|p1a: Heatran|88/100|[from] item: Leftovers
|upkeep
|
|t:|1760851887
|switch|p2a: Samurott|Samurott-Hisui, M, shiny|100/100
|turn|19
|
|t:|1760851891
|move|p2a: Samurott|Aqua Cutter|p1a: Heatran
|-supereffective|p1a: Heatran
|-damage|p1a: Heatran|0 fnt
|faint|p1a: Heatran
|
|upkeep
|
|t:|1760851891
|switch|p1a: Walking Wake|Walking Wake|100/100
|turn|20
|
|t:|1760851904
|move|p2a: Samurott|Aqua Cutter|p1a: Walking Wake
|-resisted|p1a: Walking Wake
|-damage|p1a: Walking Wake|88/100
|move|p1a: Walking Wake|Draco Meteor|p2a: Samurott|[miss]
|-miss|p1a: Walking Wake|p2a: Samurott
|
|upkeep
|turn|21
|
|t:|1760851913
|move|p2a: Samurott|Aqua Cutter|p1a: Walking Wake
|-resisted|p1a: Walking Wake
|-damage|p1a: Walking Wake|76/100
|move|p1a: Walking Wake|Draco Meteor|p2a: Samurott|[miss]
|-miss|p1a: Walking Wake|p2a: Samurott
|
|upkeep
|turn|22
|
|t:|1760851920
|move|p2a: Samurott|Aqua Cutter|p1a: Walking Wake
|-resisted|p1a: Walking Wake
|-damage|p1a: Walking Wake|63/100
|move|p1a: Walking Wake|Draco Meteor|p2a: Samurott
|-damage|p2a: Samurott|0 fnt
|-unboost|p1a: Walking Wake|spa|2
|faint|p2a: Samurott
|
|upkeep
|inactive|Vastcheetah03 has 120 seconds left.
|
|t:|1760851962
|switch|p2a: Kingambit|Kingambit, M, shiny|100/100
|-activate|p2a: Kingambit|ability: Supreme Overlord
|-start|p2a: Kingambit|fallen4|[silent]
|turn|23
|
|t:|1760851968
|move|p2a: Kingambit|Sucker Punch|p1a: Walking Wake
|-damage|p1a: Walking Wake|4/100
|move|p1a: Walking Wake|Surf|p2a: Kingambit
|-damage|p2a: Kingambit|77/100
|
|upkeep
|turn|24
|inactive|Vastcheetah03 has 120 seconds left.
|
|t:|1760851975
|move|p2a: Kingambit|Sucker Punch|p1a: Walking Wake
|-damage|p1a: Walking Wake|0 fnt
|faint|p1a: Walking Wake
|-end|p1a: Walking Wake|Protosynthesis|[silent]
|
|win|Vastcheetah03
|raw|HZBKAI10's rating: 1074 &rarr; <strong>1056</strong><br />(-18 for losing)
|raw|Vastcheetah03's rating: 1120 &rarr; <strong>1142</strong><br />(+22 for winning)
|l|☆HZBKAI10
|player|p1|
|l|☆Vastcheetah03
|player|p2|
