|j|☆obezer
|j|☆you.are.a.trashbag
|t:|1760776199
|gametype|singles
|player|p1|obezer|170|1102
|player|p2|you.are.a.trashbag|169|1078
|gen|9
|tier|[Gen 9] OU
|rated|
|rule|HP Percentage Mod: HP is shown in percentages
|rule|Endless Battle Clause: Forcing endless battles is banned
|rule|Species Clause: Limit one of each Pokémon
|rule|OHKO Clause: OHKO moves are banned
|rule|Evasion Items Clause: Evasion items are banned
|rule|Evasion Moves Clause: Evasion moves are banned
|rule|Evasion Abilities Clause: Evasion abilities are banned
|rule|Sleep Moves Clause: Sleep-inducing moves are banned
|clearpoke
|poke|p1|Garchomp, M|
|poke|p1|Salazzle, F|
|poke|p1|Araquanid, M|
|poke|p1|Sinistcha|
|poke|p1|Forretress, M|
|poke|p1|Bellibolt, F|
|poke|p2|Iron Moth|
|poke|p2|Dondozo, M|
|poke|p2|Polteageist|
|poke|p2|Serperior, F|
|poke|p2|Raging Bolt|
|poke|p2|Lokix, M|
|teampreview
|inactive|Battle timer is ON: inactive players will automatically lose when time's up. (requested by you.are.a.trashbag)
|
|t:|1760776222
|teamsize|p1|6
|teamsize|p2|6
|start
|switch|p1a: Garchomp|Garchomp, M|100/100
|switch|p2a: Polteageist|Polteageist|100/100
|turn|1
|
|t:|1760776226
|move|p2a: Polteageist|Shell Smash|p2a: Polteageist
|-unboost|p2a: Polteageist|def|1
|-unboost|p2a: Polteageist|spd|1
|-boost|p2a: Polteageist|atk|2
|-boost|p2a: Polteageist|spa|2
|-boost|p2a: Polteageist|spe|2
|-enditem|p2a: Polteageist|White Herb
|-clearnegativeboost|p2a: Polteageist|[silent]
|move|p1a: Garchomp|Dragon Tail|p2a: Polteageist
|-damage|p2a: Polteageist|49/100
|drag|p2a: Serperior|Serperior, F|100/100
|
|upkeep
|turn|2
|
|t:|1760776237
|move|p2a: Serperior|Leech Seed|p1a: Garchomp|[miss]
|-miss|p2a: Serperior|p1a: Garchomp
|move|p1a: Garchomp|Stealth Rock|p2a: Serperior
|-sidestart|p2: you.are.a.trashbag|move: Stealth Rock
|
|upkeep
|turn|3
|
|t:|1760776241
|move|p2a: Serperior|Leech Seed|p1a: Garchomp
|-start|p1a: Garchomp|move: Leech Seed
|move|p1a: Garchomp|Spikes|p2a: Serperior
|-sidestart|p2: you.are.a.trashbag|Spikes
|
|-damage|p1a: Garchomp|88/100|[from] Leech Seed|[of] p2a: Serperior
|upkeep
|turn|4
|
|t:|1760776245
|move|p2a: Serperior|Substitute|p2a: Serperior
|-start|p2a: Serperior|Substitute
|-damage|p2a: Serperior|75/100
|move|p1a: Garchomp|Dragon Tail|p2a: Serperior
|-end|p2a: Serperior|Substitute
|
|-damage|p1a: Garchomp|76/100|[from] Leech Seed|[of] p2a: Serperior
|-heal|p2a: Serperior|93/100|[silent]
|upkeep
|turn|5
|
|t:|1760776253
|move|p2a: Serperior|Substitute|p2a: Serperior
|-start|p2a: Serperior|Substitute
|-damage|p2a: Serperior|68/100
|move|p1a: Garchomp|Dragon Tail|p2a: Serperior
|-end|p2a: Serperior|Substitute
|
|-damage|p1a: Garchomp|64/100|[from] Leech Seed|[of] p2a: Serperior
|-heal|p2a: Serperior|85/100|[silent]
|upkeep
|turn|6
|
|t:|1760776261
|switch|p1a: Bellibolt|Bellibolt, F|100/100
|move|p2a: Serperior|Substitute|p2a: Serperior
|-start|p2a: Serperior|Substitute
|-damage|p2a: Serperior|60/100
|
|upkeep
|turn|7
|
|t:|1760776267
|switch|p1a: Sinistcha|Sinistcha|100/100
|move|p2a: Serperior|Leech Seed|p1a: Sinistcha
|-immune|p1a: Sinistcha
|
|upkeep
|turn|8
|
|t:|1760776273
|move|p2a: Serperior|Leaf Storm|p1a: Sinistcha
|-resisted|p1a: Sinistcha
|-damage|p1a: Sinistcha|73/100
|-boost|p2a: Serperior|spa|2
|move|p1a: Sinistcha|Shadow Ball|p2a: Serperior
|-end|p2a: Serperior|Substitute
|
|upkeep
|turn|9
|
|t:|1760776290
|switch|p1a: Salazzle|Salazzle, F|100/100
|move|p2a: Serperior|Leaf Storm|p1a: Salazzle
|-resisted|p1a: Salazzle
|-damage|p1a: Salazzle|63/100
|-boost|p2a: Serperior|spa|2
|
|-heal|p1a: Salazzle|70/100|[from] item: Leftovers
|upkeep
|turn|10
|
|t:|1760776297
|move|p1a: Salazzle|Disable|p2a: Serperior
|-start|p2a: Serperior|Disable|Leaf Storm
|move|p2a: Serperior|Substitute|p2a: Serperior
|-start|p2a: Serperior|Substitute
|-damage|p2a: Serperior|35/100
|
|-heal|p1a: Salazzle|76/100|[from] item: Leftovers
|upkeep
|turn|11
|
|t:|1760776310
|switch|p1a: Sinistcha|Sinistcha|73/100
|-terastallize|p2a: Serperior|Stellar
|move|p2a: Serperior|Tera Blast|p1a: Sinistcha|[anim] Tera Blast Stellar
|-damage|p1a: Sinistcha|0 fnt
|-boost|p2a: Serperior|atk|1
|-boost|p2a: Serperior|spa|1
|faint|p1a: Sinistcha
|
|upkeep
|
|t:|1760776324
|switch|p1a: Bellibolt|Bellibolt, F|100/100
|turn|12
|
|t:|1760776328
|move|p2a: Serperior|Leech Seed|p1a: Bellibolt
|-start|p1a: Bellibolt|move: Leech Seed
|move|p1a: Bellibolt|Parabolic Charge|p2a: Serperior
|-resisted|p2a: Serperior
|-activate|p2a: Serperior|move: Substitute|[damage]
|
|-damage|p1a: Bellibolt|88/100|[from] Leech Seed|[of] p2a: Serperior
|-heal|p2a: Serperior|53/100|[silent]
|upkeep
|turn|13
|
|t:|1760776338
|move|p2a: Serperior|Tera Blast|p1a: Bellibolt|[anim] Tera Blast Stellar
|-damage|p1a: Bellibolt|37/100
|-boost|p2a: Serperior|atk|1
|-boost|p2a: Serperior|spa|1
|-start|p1a: Bellibolt|Charge|Tera Blast|[from] ability: Electromorphosis
|move|p1a: Bellibolt|Acid Spray|p2a: Serperior
|-supereffective|p2a: Serperior
|-end|p2a: Serperior|Substitute
|
|-damage|p1a: Bellibolt|24/100|[from] Leech Seed|[of] p2a: Serperior
|-heal|p2a: Serperior|71/100|[silent]
|-end|p2a: Serperior|Disable
|upkeep
|turn|14
|
|t:|1760776351
|move|p2a: Serperior|Substitute|p2a: Serperior
|-start|p2a: Serperior|Substitute
|-damage|p2a: Serperior|46/100
|move|p1a: Bellibolt|Parabolic Charge|p2a: Serperior
|-resisted|p2a: Serperior
|-end|p2a: Serperior|Substitute
|-heal|p1a: Bellibolt|33/100|[from] drain|[of] p2a: Serperior
|-end|p1a: Bellibolt|Charge|[silent]
|
|-damage|p1a: Bellibolt|21/100|[from] Leech Seed|[of] p2a: Serperior
|-heal|p2a: Serperior|64/100|[silent]
|upkeep
|turn|15
|
|t:|1760776357
|move|p2a: Serperior|Leaf Storm|p1a: Bellibolt
|-damage|p1a: Bellibolt|0 fnt
|faint|p1a: Bellibolt
|
|upkeep
|
|t:|1760776373
|switch|p1a: Salazzle|Salazzle, F|76/100
|turn|16
|c|☆you.are.a.trashbag|!dt stellar
'stellar' has no exact match. Approximate match:
|c| you.are.a.trashbag|/raw <div class="message"><ul class="utilichart"><li class="result"><span class="col numcol">Uber</span> <span class="col iconcol"><psicon pokemon="terapagosstellar"/></span> <span class="col pokemonnamecol" style="white-space:nowrap"><a href="https://dex.pokemonshowdown.com/pokemon/terapagosstellar" target="_blank">Terapagos-Stellar</a></span> <span class="col typecol"><img src="https://play.pokemonshowdown.com/sprites/types/Normal.png" alt="Normal" height="14" width="32"></span> <span style="float:left;min-height:26px"><span class="col abilitycol">Teraform Zero</span><span class="col abilitycol"></span></span><span style="float:left;min-height:26px"><span class="col statcol"><em>HP</em><br />160</span> <span class="col statcol"><em>Atk</em><br />105</span> <span class="col statcol"><em>Def</em><br />110</span> <span class="col statcol"><em>SpA</em><br />130</span> <span class="col statcol"><em>SpD</em><br />110</span> <span class="col statcol"><em>Spe</em><br />85</span> <span class="col bstcol"><em>BST<br />700</em></span> </span></li><li style="clear:both"></li></ul></div>
|c| you.are.a.trashbag|/raw <font size="1"><font color="#686868">Dex#:</font> 1024&nbsp;|&ThickSpace;<font color="#686868">Gen:</font> 9&nbsp;|&ThickSpace;<font color="#686868">Height:</font> 1.7 m&nbsp;|&ThickSpace;<font color="#686868">Weight:</font> 77 kg <em>(80 BP)</em>&nbsp;|&ThickSpace;<font color="#686868">Dex Colour:</font> Blue&nbsp;|&ThickSpace;<font color="#686868">Egg Group(s):</font> Undiscovered&nbsp;|&ThickSpace;<font color="#686868">Does Not Evolve</font></font>

|
|t:|1760776385
|move|p1a: Salazzle|Toxic|p2a: Serperior
|-status|p2a: Serperior|tox
|-enditem|p2a: Serperior|Lum Berry|[eat]
|-curestatus|p2a: Serperior|tox|[msg]
|move|p2a: Serperior|Tera Blast|p1a: Salazzle|[anim] Tera Blast Stellar
|-damage|p1a: Salazzle|0 fnt
|-boost|p2a: Serperior|atk|1
|faint|p1a: Salazzle
|
|upkeep
|-message|obezer forfeited.
|
|win|you.are.a.trashbag
|raw|obezer's rating: 1102 &rarr; <strong>1075</strong><br />(-27 for losing)
|raw|you.are.a.trashbag's rating: 1078 &rarr; <strong>1108</strong><br />(+30 for winning)
|l|☆obezer
|player|p1|
|c|☆you.are.a.trashbag|Read my nameee
