|j|☆oxlerd11
|j|☆powerfulnoob_
|t:|1760861521
|gametype|singles
|player|p1|oxlerd11|ingo|1197
|player|p2|powerfulnoob_|170|1211
|gen|9
|tier|[Gen 9] OU
|rated|
|rule|HP Percentage Mod: HP is shown in percentages
|rule|Endless Battle Clause: Forcing endless battles is banned
|rule|Species Clause: Limit one of each Pokémon
|rule|OHKO Clause: OHKO moves are banned
|rule|Evasion Items Clause: Evasion items are banned
|rule|Evasion Moves Clause: Evasion moves are banned
|rule|Evasion Abilities Clause: Evasion abilities are banned
|rule|Sleep Moves Clause: Sleep-inducing moves are banned
|clearpoke
|poke|p1|Ludicolo, M|
|poke|p1|Landorus-Therian, M|
|poke|p1|Pelipper, M|
|poke|p1|Thundurus-Therian, M|
|poke|p1|Kingdra, F|
|poke|p1|Scizor, F|
|poke|p2|Gliscor, F|
|poke|p2|Blissey, F|
|poke|p2|Skeledirge, F|
|poke|p2|Samurott-Hisui, F|
|poke|p2|Forretress, M|
|poke|p2|Alomomola, F|
|teampreview
|
|t:|1760861534
|teamsize|p1|6
|teamsize|p2|6
|start
|switch|p1a: Pelipper|Pelipper, M|100/100
|switch|p2a: Blissey|Blissey, F|100/100
|-weather|RainDance|[from] ability: Drizzle|[of] p1a: Pelipper
|turn|1
|
|t:|1760861541
|move|p1a: Pelipper|U-turn|p2a: Blissey
|-damage|p2a: Blissey|86/100
|
|t:|1760861545
|switch|p1a: Scizor|Scizor, F|100/100|[from] U-turn
|move|p2a: Blissey|Thunder Wave|p1a: Scizor
|-status|p1a: Scizor|par
|
|-weather|RainDance|[upkeep]
|-heal|p2a: Blissey|92/100|[from] item: Leftovers
|upkeep
|turn|2
|
|t:|1760861611
|switch|p2a: Skeledirge|Skeledirge, F|100/100
|move|p1a: Scizor|U-turn|p2a: Skeledirge
|-resisted|p2a: Skeledirge
|-damage|p2a: Skeledirge|92/100
|
|t:|1760861617
|switch|p1a: Kingdra|Kingdra, F|100/100|[from] U-turn
|
|-weather|RainDance|[upkeep]
|upkeep
|turn|3
|
|t:|1760861633
|switch|p2a: Samurott|Samurott-Hisui, F|100/100
|move|p1a: Kingdra|Weather Ball|p2a: Samurott
|-resisted|p2a: Samurott
|-damage|p2a: Samurott|72/100
|-damage|p1a: Kingdra|91/100|[from] item: Life Orb
|
|-weather|RainDance|[upkeep]
|upkeep
|turn|4
|
|t:|1760861641
|move|p1a: Kingdra|Draco Meteor|p2a: Samurott
|-damage|p2a: Samurott|22/100
|-unboost|p1a: Kingdra|spa|2
|-damage|p1a: Kingdra|81/100|[from] item: Life Orb
|move|p2a: Samurott|Ceaseless Edge|p1a: Kingdra
|-damage|p1a: Kingdra|18/100
|-sidestart|p1: oxlerd11|Spikes
|
|-weather|RainDance|[upkeep]
|upkeep
|turn|5
|
|t:|1760861662
|switch|p2a: Forretress|Forretress, M|100/100
|move|p1a: Kingdra|Flip Turn|p2a: Forretress
|-damage|p2a: Forretress|76/100
|-damage|p1a: Kingdra|8/100|[from] item: Life Orb
|
|t:|1760861672
|switch|p1a: Thundurus|Thundurus-Therian, M|100/100|[from] Flip Turn
|
|-weather|RainDance|[upkeep]
|upkeep
|turn|6
|
|t:|1760861699
|move|p1a: Thundurus|Weather Ball|p2a: Forretress
|-damage|p2a: Forretress|0 fnt
|faint|p2a: Forretress
|
|-weather|RainDance|[upkeep]
|upkeep
|
|t:|1760861712
|switch|p2a: Blissey|Blissey, F|92/100
|turn|7
|
|t:|1760861718
|move|p1a: Thundurus|Volt Switch|p2a: Blissey
|-damage|p2a: Blissey|81/100
|
|t:|1760861723
|switch|p1a: Scizor|Scizor, F|100/100 par|[from] Volt Switch
|move|p2a: Blissey|Seismic Toss|p1a: Scizor
|-damage|p1a: Scizor|68/100 par
|
|-weather|RainDance|[upkeep]
|-heal|p2a: Blissey|87/100|[from] item: Leftovers
|upkeep
|turn|8
|
|t:|1760861732
|switch|p2a: Skeledirge|Skeledirge, F|92/100
|move|p1a: Scizor|Bullet Punch|p2a: Skeledirge
|-resisted|p2a: Skeledirge
|-damage|p2a: Skeledirge|78/100
|
|-weather|none
|upkeep
|turn|9
|
|t:|1760861741
|switch|p1a: Pelipper|Pelipper, M|100/100
|-weather|RainDance|[from] ability: Drizzle|[of] p1a: Pelipper
|move|p2a: Skeledirge|Torch Song|p1a: Pelipper
|-resisted|p1a: Pelipper
|-damage|p1a: Pelipper|88/100
|-boost|p2a: Skeledirge|spa|1
|
|-weather|RainDance|[upkeep]
|upkeep
|turn|10
|
|t:|1760861756
|move|p1a: Pelipper|Weather Ball|p2a: Skeledirge
|-supereffective|p2a: Skeledirge
|-damage|p2a: Skeledirge|0 fnt
|faint|p2a: Skeledirge
|
|-weather|RainDance|[upkeep]
|upkeep
|
|t:|1760861764
|switch|p2a: Samurott|Samurott-Hisui, F|22/100
|turn|11
|
|t:|1760861768
|move|p2a: Samurott|Ceaseless Edge|p1a: Pelipper
|-damage|p1a: Pelipper|46/100
|-sidestart|p1: oxlerd11|Spikes
|move|p1a: Pelipper|Hurricane|p2a: Samurott
|-damage|p2a: Samurott|0 fnt
|faint|p2a: Samurott
|
|-weather|RainDance|[upkeep]
|upkeep
|
|t:|1760861774
|switch|p2a: Gliscor|Gliscor, F|100/100
|turn|12
|
|t:|1760861784
|switch|p1a: Ludicolo|Ludicolo, M|100/100
|-damage|p1a: Ludicolo|84/100|[from] Spikes
|move|p2a: Gliscor|Knock Off|p1a: Ludicolo
|-damage|p1a: Ludicolo|51/100
|-enditem|p1a: Ludicolo|Life Orb|[from] move: Knock Off|[of] p2a: Gliscor
|
|-weather|RainDance|[upkeep]
|-status|p2a: Gliscor|tox|[from] item: Toxic Orb
|upkeep
|turn|13
|
|t:|1760861794
|move|p1a: Ludicolo|Ice Beam|p2a: Gliscor
|-supereffective|p2a: Gliscor
|-damage|p2a: Gliscor|0 fnt
|faint|p2a: Gliscor
|
|-weather|RainDance|[upkeep]
|upkeep
|-message|powerfulnoob_ forfeited.
|
|win|oxlerd11
|raw|oxlerd11's rating: 1197 &rarr; <strong>1223</strong><br />(+26 for winning)
|raw|powerfulnoob_'s rating: 1211 &rarr; <strong>1185</strong><br />(-26 for losing)
|l|☆powerfulnoob_
|player|p2|
|c|☆oxlerd11|gg
|l|☆oxlerd11
|player|p1|
