|j|☆solcreciente
|j|☆piratefish24
|t:|1760885793
|gametype|singles
|player|p1|solcreciente|gambler|1367
|player|p2|piratefish24|ghetsis|1435
|gen|9
|tier|[Gen 9] OU
|rated|
|rule|HP Percentage Mod: HP is shown in percentages
|rule|Endless Battle Clause: Forcing endless battles is banned
|rule|Species Clause: Limit one of each Pokémon
|rule|OHKO Clause: OHKO moves are banned
|rule|Evasion Items Clause: Evasion items are banned
|rule|Evasion Moves Clause: Evasion moves are banned
|rule|Evasion Abilities Clause: Evasion abilities are banned
|rule|Sleep Moves Clause: Sleep-inducing moves are banned
|clearpoke
|poke|p1|Maushold|
|poke|p1|Weezing-Galar, M|
|poke|p1|Alomomola, M|
|poke|p1|Krookodile, F|
|poke|p1|Sinistcha|
|poke|p1|Frosmoth, M|
|poke|p2|Araquanid, F|
|poke|p2|Gholdengo|
|poke|p2|Kingambit, F|
|poke|p2|Raging Bolt|
|poke|p2|Enamorus, F|
|poke|p2|Iron Moth|
|teampreview
|inactive|Battle timer is ON: inactive players will automatically lose when time's up. (requested by piratefish24)
|
|t:|1760885798
|teamsize|p1|6
|teamsize|p2|6
|start
|switch|p1a: Krookodile|Krookodile, F|100/100
|switch|p2a: Araquanid|Araquanid, F|100/100
|-ability|p1a: Krookodile|Intimidate|boost
|-unboost|p2a: Araquanid|atk|1
|turn|1
|
|t:|1760885802
|move|p1a: Krookodile|Stone Edge|p2a: Araquanid
|-supereffective|p2a: Araquanid
|-damage|p2a: Araquanid|9/100
|move|p2a: Araquanid|Surf|p1a: Krookodile
|-supereffective|p1a: Krookodile
|-damage|p1a: Krookodile|0 fnt
|faint|p1a: Krookodile
|
|upkeep
|
|t:|1760885816
|switch|p1a: Frosmoth|Frosmoth, M|100/100
|turn|2
|-enditem|p2a: Araquanid|Custap Berry|[eat]
|-activate|p2a: Araquanid|item: Custap Berry|[consumed]
|
|t:|1760885828
|move|p2a: Araquanid|Sticky Web|p1a: Frosmoth
|-sidestart|p1: solcreciente|move: Sticky Web
|move|p1a: Frosmoth|Substitute|p1a: Frosmoth
|-start|p1a: Frosmoth|Substitute
|-damage|p1a: Frosmoth|76/100
|
|-heal|p1a: Frosmoth|82/100|[from] item: Leftovers
|upkeep
|turn|3
|
|t:|1760885836
|move|p1a: Frosmoth|Quiver Dance|p1a: Frosmoth
|-boost|p1a: Frosmoth|spa|1
|-boost|p1a: Frosmoth|spd|1
|-boost|p1a: Frosmoth|spe|1
|move|p2a: Araquanid|Surf|p1a: Frosmoth
|-crit|p1a: Frosmoth
|-end|p1a: Frosmoth|Substitute
|
|-heal|p1a: Frosmoth|88/100|[from] item: Leftovers
|upkeep
|turn|4
|
|t:|1760885840
|move|p1a: Frosmoth|Substitute|p1a: Frosmoth
|-start|p1a: Frosmoth|Substitute
|-damage|p1a: Frosmoth|63/100
|move|p2a: Araquanid|Endeavor|p1a: Frosmoth
|-end|p1a: Frosmoth|Substitute
|
|-heal|p1a: Frosmoth|69/100|[from] item: Leftovers
|upkeep
|turn|5
|
|t:|1760885852
|move|p1a: Frosmoth|Ice Beam|p2a: Araquanid
|-resisted|p2a: Araquanid
|-damage|p2a: Araquanid|0 fnt
|faint|p2a: Araquanid
|
|-heal|p1a: Frosmoth|75/100|[from] item: Leftovers
|upkeep
|
|t:|1760885860
|switch|p2a: Iron Moth|Iron Moth|100/100
|-enditem|p2a: Iron Moth|Booster Energy
|-activate|p2a: Iron Moth|ability: Quark Drive|[fromitem]
|-start|p2a: Iron Moth|quarkdrivespa
|turn|6
|
|t:|1760885869
|move|p2a: Iron Moth|Fiery Dance|p1a: Frosmoth
|-supereffective|p1a: Frosmoth
|-damage|p1a: Frosmoth|5/100
|-boost|p2a: Iron Moth|spa|1
|move|p1a: Frosmoth|Quiver Dance|p1a: Frosmoth
|-boost|p1a: Frosmoth|spa|1
|-boost|p1a: Frosmoth|spd|1
|-boost|p1a: Frosmoth|spe|1
|
|-heal|p1a: Frosmoth|11/100|[from] item: Leftovers
|upkeep
|turn|7
|
|t:|1760885892
|-terastallize|p1a: Frosmoth|Electric
|move|p2a: Iron Moth|Fiery Dance|p1a: Frosmoth
|-damage|p1a: Frosmoth|0 fnt
|-boost|p2a: Iron Moth|spa|1
|faint|p1a: Frosmoth
|
|upkeep
|
|t:|1760885904
|switch|p1a: Weezing|Weezing-Galar, M|100/100
|-ability|p1a: Weezing|Neutralizing Gas
|-activate|p1a: Weezing|move: Sticky Web
|-unboost|p1a: Weezing|spe|1
|turn|8
|
|t:|1760885909
|move|p2a: Iron Moth|Overheat|p1a: Weezing
|-damage|p1a: Weezing|0 fnt
|-unboost|p2a: Iron Moth|spa|2
|faint|p1a: Weezing
|-end|p1a: Weezing|ability: Neutralizing Gas
|
|upkeep
|
|t:|1760885918
|switch|p1a: Alomomola|Alomomola, M|100/100
|-activate|p1a: Alomomola|move: Sticky Web
|-unboost|p1a: Alomomola|spe|1
|turn|9
|
|t:|1760885922
|move|p2a: Iron Moth|Fiery Dance|p1a: Alomomola
|-resisted|p1a: Alomomola
|-damage|p1a: Alomomola|69/100
|move|p1a: Alomomola|Mirror Coat|p2a: Iron Moth
|-damage|p2a: Iron Moth|0 fnt
|faint|p2a: Iron Moth
|-end|p2a: Iron Moth|Quark Drive|[silent]
|
|upkeep
|
|t:|1760885932
|switch|p2a: Raging Bolt|Raging Bolt|100/100
|-enditem|p2a: Raging Bolt|Booster Energy
|-activate|p2a: Raging Bolt|ability: Protosynthesis|[fromitem]
|-start|p2a: Raging Bolt|protosynthesisspa
|turn|10
|
|t:|1760885940
|move|p1a: Alomomola|Protect|p1a: Alomomola
|-singleturn|p1a: Alomomola|Protect
|move|p2a: Raging Bolt|Calm Mind|p2a: Raging Bolt
|-boost|p2a: Raging Bolt|spa|1
|-boost|p2a: Raging Bolt|spd|1
|
|upkeep
|turn|11
|
|t:|1760885950
|move|p2a: Raging Bolt|Thunderbolt|p1a: Alomomola
|-supereffective|p1a: Alomomola
|-damage|p1a: Alomomola|0 fnt
|faint|p1a: Alomomola
|
|upkeep
|
|t:|1760885960
|switch|p1a: Maushold|Maushold|100/100
|-activate|p1a: Maushold|move: Sticky Web
|-unboost|p1a: Maushold|spe|1
|turn|12
|
|t:|1760885965
|move|p2a: Raging Bolt|Thunderbolt|p1a: Maushold
|-damage|p1a: Maushold|0 fnt
|faint|p1a: Maushold
|
|upkeep
|
|t:|1760885968
|switch|p1a: Sinistcha|Sinistcha|100/100
|-activate|p1a: Sinistcha|move: Sticky Web
|-unboost|p1a: Sinistcha|spe|1
|turn|13
|
|t:|1760885972
|move|p2a: Raging Bolt|Dragon Pulse|p1a: Sinistcha
|-damage|p1a: Sinistcha|0 fnt
|faint|p1a: Sinistcha
|
|win|piratefish24
|raw|solcreciente's rating: 1367 &rarr; <strong>1351</strong><br />(-16 for losing)
|raw|piratefish24's rating: 1435 &rarr; <strong>1451</strong><br />(+16 for winning)
|l|☆solcreciente
|player|p1|
