|j|☆life is a paradox
|j|☆alvvert
|t:|1760779551
|gametype|singles
|player|p1|life is a paradox|hiker-gen4|1131
|player|p2|alvvert|102|1099
|gen|9
|tier|[Gen 9] OU
|rated|
|rule|HP Percentage Mod: HP is shown in percentages
|rule|Endless Battle Clause: Forcing endless battles is banned
|rule|Species Clause: Limit one of each Pokémon
|rule|OHKO Clause: OHKO moves are banned
|rule|Evasion Items Clause: Evasion items are banned
|rule|Evasion Moves Clause: Evasion moves are banned
|rule|Evasion Abilities Clause: Evasion abilities are banned
|rule|Sleep Moves Clause: Sleep-inducing moves are banned
|clearpoke
|poke|p1|Crabominable, M|
|poke|p1|Iron Crown|
|poke|p1|Quaquaval, M|
|poke|p1|Raging Bolt|
|poke|p1|Yanmega, F|
|poke|p1|Greedent, M|
|poke|p2|Dragonite, F|
|poke|p2|Glimmora, F|
|poke|p2|Great Tusk|
|poke|p2|Raging Bolt|
|poke|p2|Corviknight, F|
|poke|p2|Kingambit, M|
|teampreview
|
|t:|1760779559
|teamsize|p1|6
|teamsize|p2|6
|start
|switch|p1a: Iron Crown|Iron Crown|100/100
|switch|p2a: Glimmora|Glimmora, F|100/100
|turn|1
|inactive|Battle timer is ON: inactive players will automatically lose when time's up. (requested by life is a paradox)
|
|t:|1760779568
|move|p1a: Iron Crown|Tachyon Cutter|p2a: Glimmora
|-supereffective|p2a: Glimmora
|-damage|p2a: Glimmora|37/100
|-supereffective|p2a: Glimmora
|-damage|p2a: Glimmora|0 fnt
|faint|p2a: Glimmora
|-hitcount|p2: Glimmora|2
|
|upkeep
|
|t:|1760779583
|switch|p2a: Great Tusk|Great Tusk|100/100
|turn|2
|
|t:|1760779587
|move|p1a: Iron Crown|Psychic|p2a: Great Tusk
|-supereffective|p2a: Great Tusk
|-damage|p2a: Great Tusk|0 fnt
|faint|p2a: Great Tusk
|-end|p2a: Great Tusk|Protosynthesis|[silent]
|
|upkeep
|
|t:|1760779592
|switch|p2a: Kingambit|Kingambit, M|100/100
|-activate|p2a: Kingambit|ability: Supreme Overlord
|-start|p2a: Kingambit|fallen2|[silent]
|turn|3
|
|t:|1760779598
|move|p1a: Iron Crown|Volt Switch|p2a: Kingambit
|-damage|p2a: Kingambit|77/100
|
|t:|1760779601
|-end|p1a: Iron Crown|Quark Drive|[silent]
|switch|p1a: Crabominable|Crabominable, M|100/100|[from] Volt Switch
|move|p2a: Kingambit|Kowtow Cleave|p1a: Crabominable
|-resisted|p1a: Crabominable
|-damage|p1a: Crabominable|71/100
|
|-heal|p2a: Kingambit|84/100|[from] item: Leftovers
|upkeep
|turn|4
|
|t:|1760779616
|-end|p2a: Kingambit|fallen2|[silent]
|switch|p2a: Corviknight|Corviknight, F|100/100
|-ability|p2a: Corviknight|Pressure
|move|p1a: Crabominable|Drain Punch|p2a: Corviknight
|-damage|p2a: Corviknight|67/100
|-heal|p1a: Crabominable|88/100|[from] drain|[of] p2a: Corviknight
|
|upkeep
|turn|5
|
|t:|1760779635
|move|p2a: Corviknight|Body Press|p1a: Crabominable
|-supereffective|p1a: Crabominable
|-damage|p1a: Crabominable|34/100
|move|p1a: Crabominable|Ice Hammer|p2a: Corviknight|[miss]
|-miss|p1a: Crabominable|p2a: Corviknight
|
|upkeep
|turn|6
|
|t:|1760779643
|move|p2a: Corviknight|Body Press|p1a: Crabominable
|-supereffective|p1a: Crabominable
|-damage|p1a: Crabominable|0 fnt
|faint|p1a: Crabominable
|
|upkeep
|
|t:|1760779647
|switch|p1a: Iron Crown|Iron Crown|100/100
|turn|7
|
|t:|1760779662
|move|p1a: Iron Crown|Volt Switch|p2a: Corviknight
|-supereffective|p2a: Corviknight
|-damage|p2a: Corviknight|26/100
|
|t:|1760779668
|-end|p1a: Iron Crown|Quark Drive|[silent]
|switch|p1a: Raging Bolt|Raging Bolt|100/100|[from] Volt Switch
|move|p2a: Corviknight|U-turn|p1a: Raging Bolt
|-damage|p1a: Raging Bolt|89/100
|
|t:|1760779682
|switch|p2a: Raging Bolt|Raging Bolt|100/100|[from] U-turn
|-enditem|p2a: Raging Bolt|Booster Energy
|-activate|p2a: Raging Bolt|ability: Protosynthesis|[fromitem]
|-start|p2a: Raging Bolt|protosynthesisspa
|
|upkeep
|turn|8
|
|t:|1760779691
|move|p2a: Raging Bolt|Dragon Pulse|p1a: Raging Bolt
|-supereffective|p1a: Raging Bolt
|-damage|p1a: Raging Bolt|17/100
|move|p1a: Raging Bolt|Draco Meteor|p2a: Raging Bolt
|-supereffective|p2a: Raging Bolt
|-damage|p2a: Raging Bolt|0 fnt
|-unboost|p1a: Raging Bolt|spa|2
|faint|p2a: Raging Bolt
|-end|p2a: Raging Bolt|Protosynthesis|[silent]
|
|upkeep
|
|t:|1760779704
|switch|p2a: Corviknight|Corviknight, F|26/100
|-ability|p2a: Corviknight|Pressure
|turn|9
|
|t:|1760779721
|move|p1a: Raging Bolt|Volt Switch|p2a: Corviknight
|-supereffective|p2a: Corviknight
|-crit|p2a: Corviknight
|-damage|p2a: Corviknight|0 fnt
|faint|p2a: Corviknight
|
|t:|1760779724
|-end|p1a: Raging Bolt|Protosynthesis|[silent]
|switch|p1a: Yanmega|Yanmega, F|100/100|[from] Volt Switch
|
|upkeep
|
|t:|1760779728
|switch|p2a: Dragonite|Dragonite, F|100/100
|turn|10
|
|t:|1760779735
|move|p1a: Yanmega|Bug Buzz|p2a: Dragonite
|-resisted|p2a: Dragonite
|-damage|p2a: Dragonite|65/100
|move|p2a: Dragonite|Dragon Dance|p2a: Dragonite
|-boost|p2a: Dragonite|atk|1
|-boost|p2a: Dragonite|spe|1
|
|upkeep
|turn|11
|
|t:|1760779745
|move|p2a: Dragonite|Dragon Dance|p2a: Dragonite
|-boost|p2a: Dragonite|atk|1
|-boost|p2a: Dragonite|spe|1
|move|p1a: Yanmega|Bug Buzz|p2a: Dragonite
|-resisted|p2a: Dragonite
|-damage|p2a: Dragonite|2/100
|
|upkeep
|turn|12
|
|t:|1760779756
|-terastallize|p2a: Dragonite|Normal
|move|p2a: Dragonite|Extreme Speed|p1a: Yanmega
|-damage|p1a: Yanmega|0 fnt
|faint|p1a: Yanmega
|
|upkeep
|
|t:|1760779762
|switch|p1a: Greedent|Greedent, M|100/100
|turn|13
|
|t:|1760779766
|move|p2a: Dragonite|Extreme Speed|p1a: Greedent
|-damage|p1a: Greedent|19/100
|move|p1a: Greedent|Body Press|p2a: Dragonite
|-supereffective|p2a: Dragonite
|-damage|p2a: Dragonite|0 fnt
|faint|p2a: Dragonite
|
|upkeep
|
|t:|1760779774
|switch|p2a: Kingambit|Kingambit, M|84/100
|-activate|p2a: Kingambit|ability: Supreme Overlord
|-start|p2a: Kingambit|fallen5|[silent]
|turn|14
|
|t:|1760779780
|move|p2a: Kingambit|Swords Dance|p2a: Kingambit
|-boost|p2a: Kingambit|atk|2
|move|p1a: Greedent|Body Press|p2a: Kingambit
|-supereffective|p2a: Kingambit
|-damage|p2a: Kingambit|33/100
|
|-heal|p2a: Kingambit|39/100|[from] item: Leftovers
|upkeep
|turn|15
|
|t:|1760779789
|move|p2a: Kingambit|Kowtow Cleave|p1a: Greedent
|-damage|p1a: Greedent|0 fnt
|faint|p1a: Greedent
|
|-heal|p2a: Kingambit|46/100|[from] item: Leftovers
|upkeep
|
|t:|1760779793
|switch|p1a: Quaquaval|Quaquaval, M|100/100
|turn|16
|
|t:|1760779800
|move|p1a: Quaquaval|Close Combat|p2a: Kingambit
|-supereffective|p2a: Kingambit
|-damage|p2a: Kingambit|0 fnt
|-unboost|p1a: Quaquaval|def|1
|-unboost|p1a: Quaquaval|spd|1
|faint|p2a: Kingambit
|-end|p2a: Kingambit|fallen5|[silent]
|-damage|p1a: Quaquaval|91/100|[from] item: Life Orb
|
|win|life is a paradox
|raw|life is a paradox's rating: 1131 &rarr; <strong>1154</strong><br />(+23 for winning)
|raw|alvvert's rating: 1099 &rarr; <strong>1076</strong><br />(-23 for losing)
|l|☆life is a paradox
|player|p1|
|l|☆alvvert
|player|p2|
