|j|☆nobita3
|j|☆TrickzterSS
|t:|1760767076
|gametype|singles
|player|p1|nobita3|artist|1195
|player|p2|TrickzterSS|swimmerf-gen4|1177
|gen|9
|tier|[Gen 9] OU
|rated|
|rule|HP Percentage Mod: HP is shown in percentages
|rule|Endless Battle Clause: Forcing endless battles is banned
|rule|Species Clause: Limit one of each Pokémon
|rule|OHKO Clause: OHKO moves are banned
|rule|Evasion Items Clause: Evasion items are banned
|rule|Evasion Moves Clause: Evasion moves are banned
|rule|Evasion Abilities Clause: Evasion abilities are banned
|rule|Sleep Moves Clause: Sleep-inducing moves are banned
|clearpoke
|poke|p1|Porygon-Z|
|poke|p1|Dragapult, M|
|poke|p1|Incineroar, F|
|poke|p1|Hatterene, F|
|poke|p1|Corviknight, M|
|poke|p1|Quaquaval, F|
|poke|p2|Ogerpon-Wellspring, F|
|poke|p2|Skeledirge, F|
|poke|p2|Garchomp, M|
|poke|p2|Slowking-Galar, F|
|poke|p2|Corviknight, M|
|poke|p2|Darkrai|
|teampreview
|
|t:|1760767130
|teamsize|p1|6
|teamsize|p2|6
|start
|switch|p1a: Porygon-Z|Porygon-Z, shiny|100/100
|switch|p2a: Corviknight|Corviknight, M, shiny|100/100
|-ability|p2a: Corviknight|Pressure
|turn|1
|inactive|Battle timer is ON: inactive players will automatically lose when time's up. (requested by nobita3)
|
|t:|1760767143
|move|p1a: Porygon-Z|Trick|p2a: Corviknight
|-activate|p1a: Porygon-Z|move: Trick|[of] p2a: Corviknight
|-item|p2a: Corviknight|Choice Scarf|[from] move: Trick
|-item|p1a: Porygon-Z|Rocky Helmet|[from] move: Trick
|move|p2a: Corviknight|U-turn|p1a: Porygon-Z
|-damage|p1a: Porygon-Z|77/100
|-damage|p2a: Corviknight|84/100|[from] item: Rocky Helmet|[of] p1a: Porygon-Z
|
|t:|1760767166
|switch|p2a: Ogerpon|Ogerpon-Wellspring, F|100/100|[from] U-turn
|
|upkeep
|turn|2
|
|t:|1760767183
|move|p2a: Ogerpon|Ivy Cudgel|p1a: Porygon-Z|[anim] Ivy Cudgel Water
|-damage|p1a: Porygon-Z|0 fnt
|faint|p1a: Porygon-Z
|
|upkeep
|inactive|nobita3 has 120 seconds left.
|inactive|nobita3 has 90 seconds left.
|
|t:|1760767236
|switch|p1a: Dragapult|Dragapult, M, shiny|100/100
|turn|3
|
|t:|1760767240
|move|p1a: Dragapult|Dragon Dance|p1a: Dragapult
|-boost|p1a: Dragapult|atk|1
|-boost|p1a: Dragapult|spe|1
|move|p2a: Ogerpon|Play Rough|p1a: Dragapult
|-supereffective|p1a: Dragapult
|-damage|p1a: Dragapult|11/100
|
|upkeep
|turn|4
|
|t:|1760767264
|switch|p2a: Corviknight|Corviknight, M, shiny|84/100
|-ability|p2a: Corviknight|Pressure
|move|p1a: Dragapult|Phantom Force||[still]
|-prepare|p1a: Dragapult|Phantom Force
|-enditem|p1a: Dragapult|Power Herb
|-anim|p1a: Dragapult|Phantom Force|p2a: Corviknight
|-damage|p2a: Corviknight|45/100
|
|upkeep
|turn|5
|
|t:|1760767285
|move|p1a: Dragapult|Phantom Force||[still]
|-prepare|p1a: Dragapult|Phantom Force
|move|p2a: Corviknight|U-turn|p1a: Dragapult|[miss]
|-miss|p2a: Corviknight|p1a: Dragapult
|
|upkeep
|turn|6
|
|t:|1760767291
|move|p1a: Dragapult|Phantom Force|p2a: Corviknight|[from] lockedmove
|-damage|p2a: Corviknight|8/100
|move|p2a: Corviknight|U-turn|p1a: Dragapult
|-resisted|p1a: Dragapult
|-damage|p1a: Dragapult|1/100
|
|t:|1760767302
|switch|p2a: Darkrai|Darkrai, shiny|100/100|[from] U-turn
|
|upkeep
|turn|7
|
|t:|1760767318
|move|p1a: Dragapult|Dragon Darts|p2a: Darkrai
|-damage|p2a: Darkrai|50/100
|-anim|p1a: Dragapult|Dragon Darts|p2a: Darkrai
|-damage|p2a: Darkrai|5/100
|move|p2a: Darkrai|Sludge Bomb|p1a: Dragapult
|-resisted|p1a: Dragapult
|-damage|p1a: Dragapult|0 fnt
|faint|p1a: Dragapult
|
|upkeep
|
|t:|1760767322
|switch|p1a: Hatterene|Hatterene, F, shiny|100/100
|turn|8
|
|t:|1760767330
|switch|p1a: Corviknight|Corviknight, M, shiny|100/100
|move|p2a: Darkrai|Sludge Bomb|p1a: Corviknight
|-immune|p1a: Corviknight
|
|upkeep
|turn|9
|
|t:|1760767338
|switch|p2a: Corviknight|Corviknight, M, shiny|8/100
|-ability|p2a: Corviknight|Pressure
|move|p1a: Corviknight|Steel Wing|p2a: Corviknight
|-resisted|p2a: Corviknight
|-damage|p2a: Corviknight|2/100
|
|upkeep
|turn|10
|
|t:|1760767348
|move|p2a: Corviknight|Brave Bird|p1a: Corviknight
|-resisted|p1a: Corviknight
|-damage|p1a: Corviknight|89/100
|-damage|p2a: Corviknight|0 fnt|[from] item: Rocky Helmet|[of] p1a: Corviknight
|faint|p2a: Corviknight
|move|p1a: Corviknight|Bulk Up|p1a: Corviknight
|-boost|p1a: Corviknight|atk|1
|-boost|p1a: Corviknight|def|1
|
|upkeep
|
|t:|1760767356
|switch|p2a: Skeledirge|Skeledirge, F|100/100
|turn|11
|
|t:|1760767367
|move|p1a: Corviknight|Brave Bird|p2a: Skeledirge
|-damage|p2a: Skeledirge|72/100
|-damage|p1a: Corviknight|79/100|[from] Recoil
|move|p2a: Skeledirge|Torch Song|p1a: Corviknight
|-supereffective|p1a: Corviknight
|-damage|p1a: Corviknight|2/100
|-boost|p2a: Skeledirge|spa|1
|
|-heal|p2a: Skeledirge|78/100|[from] item: Leftovers
|upkeep
|turn|12
|
|t:|1760767379
|move|p1a: Corviknight|Brave Bird|p2a: Skeledirge
|-damage|p2a: Skeledirge|48/100
|-damage|p1a: Corviknight|0 fnt|[from] Recoil
|faint|p1a: Corviknight
|move|p2a: Skeledirge|Torch Song|p1: Corviknight|[notarget]
|-fail|p2a: Skeledirge
|
|-heal|p2a: Skeledirge|54/100|[from] item: Leftovers
|upkeep
|
|t:|1760767382
|switch|p1a: Quaquaval|Quaquaval, F, shiny|100/100
|turn|13
|
|t:|1760767392
|switch|p2a: Ogerpon|Ogerpon-Wellspring, F|100/100
|move|p1a: Quaquaval|Aqua Step|p2a: Ogerpon
|-immune|p2a: Ogerpon|[from] ability: Water Absorb
|
|upkeep
|turn|14
|
|t:|1760767403
|switch|p1a: Hatterene|Hatterene, F, shiny|100/100
|move|p2a: Ogerpon|Horn Leech|p1a: Hatterene
|-damage|p1a: Hatterene|51/100
|
|-heal|p1a: Hatterene|57/100|[from] item: Leftovers
|upkeep
|turn|15
|
|t:|1760767413
|-terastallize|p2a: Ogerpon|Water
|detailschange|p2a: Ogerpon|Ogerpon-Wellspring-Tera, F, tera:Water
|-ability|p2a: Ogerpon|Embody Aspect (Wellspring)|boost
|-boost|p2a: Ogerpon|spd|1
|move|p2a: Ogerpon|Ivy Cudgel|p1a: Hatterene|[anim] Ivy Cudgel Water
|-damage|p1a: Hatterene|0 fnt
|faint|p1a: Hatterene
|
|upkeep
|
|t:|1760767426
|switch|p1a: Quaquaval|Quaquaval, F, shiny|100/100
|turn|16
|
|t:|1760767434
|move|p2a: Ogerpon|Horn Leech|p1a: Quaquaval
|-supereffective|p1a: Quaquaval
|-enditem|p1a: Quaquaval|Focus Sash
|-damage|p1a: Quaquaval|1/100
|move|p1a: Quaquaval|Close Combat|p2a: Ogerpon
|-damage|p2a: Ogerpon|27/100
|-unboost|p1a: Quaquaval|def|1
|-unboost|p1a: Quaquaval|spd|1
|
|upkeep
|turn|17
|
|t:|1760767445
|move|p2a: Ogerpon|Horn Leech|p1a: Quaquaval
|-supereffective|p1a: Quaquaval
|-damage|p1a: Quaquaval|0 fnt
|-heal|p2a: Ogerpon|28/100|[from] drain|[of] p1a: Quaquaval
|faint|p1a: Quaquaval
|
|upkeep
|
|t:|1760767448
|switch|p1a: Incineroar|Incineroar, F, shiny|100/100
|-ability|p1a: Incineroar|Intimidate|boost
|-unboost|p2a: Ogerpon|atk|1
|turn|18
|
|t:|1760767453
|move|p1a: Incineroar|Fake Out|p2a: Ogerpon
|-damage|p2a: Ogerpon|9/100
|-damage|p1a: Incineroar|91/100|[from] item: Life Orb
|cant|p2a: Ogerpon|flinch
|
|upkeep
|turn|19
|
|t:|1760767458
|move|p2a: Ogerpon|Ivy Cudgel|p1a: Incineroar|[anim] Ivy Cudgel Water
|-supereffective|p1a: Incineroar
|-damage|p1a: Incineroar|23/100
|move|p1a: Incineroar|Flame Charge|p2a: Ogerpon
|-resisted|p2a: Ogerpon
|-damage|p2a: Ogerpon|0 fnt
|-boost|p1a: Incineroar|spe|1
|faint|p2a: Ogerpon
|detailschange|p2: Ogerpon|Ogerpon-Wellspring, F|[silent]
|-damage|p1a: Incineroar|13/100|[from] item: Life Orb
|
|upkeep
|
|t:|1760767467
|switch|p2a: Garchomp|Garchomp, M|100/100
|turn|20
|
|t:|1760767473
|move|p2a: Garchomp|Earthquake|p1a: Incineroar
|-supereffective|p1a: Incineroar
|-damage|p1a: Incineroar|0 fnt
|faint|p1a: Incineroar
|
|win|TrickzterSS
|raw|nobita3's rating: 1195 &rarr; <strong>1169</strong><br />(-26 for losing)
|raw|TrickzterSS's rating: 1177 &rarr; <strong>1203</strong><br />(+26 for winning)
|l|☆nobita3
|player|p1|
|l|☆TrickzterSS
|player|p2|
