|j|☆Palm X
|j|☆wa3ji1da3瓦鸡打
|t:|1760848177
|gametype|singles
|player|p1|Palm X|caitlin|1562
|player|p2|wa3ji1da3瓦鸡打|iono|1619
|gen|9
|tier|[Gen 9] OU
|rated|
|rule|HP Percentage Mod: HP is shown in percentages
|rule|Endless Battle Clause: Forcing endless battles is banned
|rule|Species Clause: Limit one of each Pokémon
|rule|OHKO Clause: OHKO moves are banned
|rule|Evasion Items Clause: Evasion items are banned
|rule|Evasion Moves Clause: Evasion moves are banned
|rule|Evasion Abilities Clause: Evasion abilities are banned
|rule|Sleep Moves Clause: Sleep-inducing moves are banned
|clearpoke
|poke|p1|Meowscarada, M|
|poke|p1|Dragapult, M|
|poke|p1|Zapdos|
|poke|p1|Slowking-Galar, M|
|poke|p1|Great Tusk|
|poke|p1|Zamazenta-*|
|poke|p2|Dragonite, F|
|poke|p2|Zamazenta-*|
|poke|p2|Landorus-Therian, M|
|poke|p2|Gholdengo|
|poke|p2|Darkrai|
|poke|p2|Hatterene, F|
|teampreview
|inactive|Battle timer is ON: inactive players will automatically lose when time's up. (requested by Palm X)
|inactive|wa3ji1da3瓦鸡打 also wants the timer to be on.
|
|t:|1760848194
|teamsize|p1|6
|teamsize|p2|6
|start
|switch|p1a: Meowscarada|Meowscarada, M|100/100
|switch|p2a: Gholdengo|Gholdengo|100/100
|turn|1
|
|t:|1760848201
|switch|p2a: Landorus|Landorus-Therian, M|100/100
|-ability|p2a: Landorus|Intimidate|boost
|-unboost|p1a: Meowscarada|atk|1
|move|p1a: Meowscarada|Knock Off|p2a: Landorus
|-start|p1a: Meowscarada|typechange|Dark|[from] ability: Protean
|-crit|p2a: Landorus
|-damage|p2a: Landorus|33/100
|-damage|p1a: Meowscarada|84/100|[from] item: Rocky Helmet|[of] p2a: Landorus
|-enditem|p2a: Landorus|Rocky Helmet|[from] move: Knock Off|[of] p1a: Meowscarada
|
|upkeep
|turn|2
|j| footballpaste
|
|t:|1760848212
|switch|p1a: Zapdos|Zapdos|100/100
|move|p2a: Landorus|Stealth Rock|p1a: Zapdos
|-sidestart|p1: Palm X|move: Stealth Rock
|
|upkeep
|turn|3
|
|t:|1760848218
|switch|p2a: Darkrai|Darkrai|100/100
|move|p1a: Zapdos|Thunder Wave|p2a: Darkrai
|-status|p2a: Darkrai|par
|
|upkeep
|turn|4
|
|t:|1760848228
|move|p1a: Zapdos|Hurricane|p2a: Darkrai|[miss]
|-miss|p1a: Zapdos|p2a: Darkrai
|cant|p2a: Darkrai|par
|
|upkeep
|turn|5
|
|t:|1760848236
|move|p1a: Zapdos|Hurricane|p2a: Darkrai|[miss]
|-miss|p1a: Zapdos|p2a: Darkrai
|move|p2a: Darkrai|Ice Beam|p1a: Zapdos
|-supereffective|p1a: Zapdos
|-damage|p1a: Zapdos|40/100
|
|upkeep
|turn|6
|
|t:|1760848243
|move|p1a: Zapdos|Roost|p1a: Zapdos
|-heal|p1a: Zapdos|91/100
|-singleturn|p1a: Zapdos|move: Roost
|move|p2a: Darkrai|Will-O-Wisp|p1a: Zapdos
|-status|p1a: Zapdos|brn
|
|-damage|p1a: Zapdos|85/100 brn|[from] brn
|upkeep
|turn|7
|
|t:|1760848249
|switch|p1a: Slowking|Slowking-Galar, M|100/100
|move|p2a: Darkrai|Ice Beam|p1a: Slowking
|-damage|p1a: Slowking|84/100
|-status|p1a: Slowking|frz
|
|upkeep
|turn|8
|
|t:|1760848254
|cant|p2a: Darkrai|par
|-prepare|p1a: Slowking|Chilly Reception|[premajor]
|cant|p1a: Slowking|frz
|
|upkeep
|turn|9
|
|t:|1760848258
|move|p2a: Darkrai|Dark Pulse|p1a: Slowking
|-supereffective|p1a: Slowking
|-damage|p1a: Slowking|39/100 frz
|-prepare|p1a: Slowking|Chilly Reception|[premajor]
|cant|p1a: Slowking|frz
|
|upkeep
|turn|10
|
|t:|1760848264
|switch|p1a: Great Tusk|Great Tusk|100/100
|move|p2a: Darkrai|Ice Beam|p1a: Great Tusk
|-supereffective|p1a: Great Tusk
|-damage|p1a: Great Tusk|13/100
|
|upkeep
|turn|11
|
|t:|1760848271
|switch|p2a: Landorus|Landorus-Therian, M|33/100
|-ability|p2a: Landorus|Intimidate|boost
|-unboost|p1a: Great Tusk|atk|1
|move|p1a: Great Tusk|Rapid Spin|p2a: Landorus
|-damage|p2a: Landorus|23/100
|-boost|p1a: Great Tusk|spe|1
|-sideend|p1: Palm X|Stealth Rock|[from] move: Rapid Spin|[of] p1a: Great Tusk
|
|upkeep
|turn|12
|
|t:|1760848281
|move|p1a: Great Tusk|Ice Spinner|p2a: Landorus
|-supereffective|p2a: Landorus
|-damage|p2a: Landorus|0 fnt
|faint|p2a: Landorus
|
|upkeep
|
|t:|1760848283
|switch|p2a: Dragonite|Dragonite, F|100/100
|turn|13
|
|t:|1760848287
|move|p2a: Dragonite|Extreme Speed|p1a: Great Tusk
|-crit|p1a: Great Tusk
|-damage|p1a: Great Tusk|0 fnt
|faint|p1a: Great Tusk
|-end|p1a: Great Tusk|Protosynthesis|[silent]
|
|upkeep
|
|t:|1760848289
|switch|p1a: Meowscarada|Meowscarada, M|84/100
|turn|14
|
|t:|1760848294
|switch|p2a: Zamazenta|Zamazenta|100/100
|-ability|p2a: Zamazenta|Dauntless Shield|boost
|-boost|p2a: Zamazenta|def|1
|move|p1a: Meowscarada|U-turn|p2a: Zamazenta
|-start|p1a: Meowscarada|typechange|Bug|[from] ability: Protean
|-resisted|p2a: Zamazenta
|-damage|p2a: Zamazenta|92/100
|
|t:|1760848302
|switch|p1a: Zapdos|Zapdos|85/100 brn|[from] U-turn
|
|-heal|p2a: Zamazenta|98/100|[from] item: Leftovers
|-damage|p1a: Zapdos|79/100 brn|[from] brn
|upkeep
|turn|15
|
|t:|1760848313
|move|p2a: Zamazenta|Body Press|p1a: Zapdos
|-resisted|p1a: Zapdos
|-damage|p1a: Zapdos|57/100 brn
|-damage|p2a: Zamazenta|82/100|[from] item: Rocky Helmet|[of] p1a: Zapdos
|move|p1a: Zapdos|Discharge|p2a: Zamazenta
|-damage|p2a: Zamazenta|53/100
|
|-heal|p2a: Zamazenta|59/100|[from] item: Leftovers
|-damage|p1a: Zapdos|51/100 brn|[from] brn
|upkeep
|turn|16
|
|t:|1760848321
|move|p2a: Zamazenta|Crunch|p1a: Zapdos
|-damage|p1a: Zapdos|37/100 brn
|-damage|p2a: Zamazenta|43/100|[from] item: Rocky Helmet|[of] p1a: Zapdos
|move|p1a: Zapdos|Roost|p1a: Zapdos
|-heal|p1a: Zapdos|87/100 brn
|-singleturn|p1a: Zapdos|move: Roost
|
|-heal|p2a: Zamazenta|49/100|[from] item: Leftovers
|-damage|p1a: Zapdos|81/100 brn|[from] brn
|upkeep
|turn|17
|
|t:|1760848326
|move|p2a: Zamazenta|Crunch|p1a: Zapdos
|-damage|p1a: Zapdos|66/100 brn
|-damage|p2a: Zamazenta|32/100|[from] item: Rocky Helmet|[of] p1a: Zapdos
|-status|p2a: Zamazenta|par|[from] ability: Static|[of] p1a: Zapdos
|move|p1a: Zapdos|Discharge|p2a: Zamazenta
|-damage|p2a: Zamazenta|1/100 par
|
|-heal|p2a: Zamazenta|7/100 par|[from] item: Leftovers
|-damage|p1a: Zapdos|60/100 brn|[from] brn
|upkeep
|turn|18
|
|t:|1760848333
|switch|p2a: Hatterene|Hatterene, F|100/100
|move|p1a: Zapdos|Roost|p1a: Zapdos
|-heal|p1a: Zapdos|100/100 brn
|-singleturn|p1a: Zapdos|move: Roost
|
|-damage|p1a: Zapdos|94/100 brn|[from] brn
|upkeep
|turn|19
|
|t:|1760848337
|move|p1a: Zapdos|Discharge|p2a: Hatterene
|-damage|p2a: Hatterene|77/100
|move|p2a: Hatterene|Psychic Noise|p1a: Zapdos
|-damage|p1a: Zapdos|57/100 brn
|-start|p1a: Zapdos|move: Heal Block
|
|-damage|p1a: Zapdos|51/100 brn|[from] brn
|upkeep
|turn|20
|
|t:|1760848343
|move|p1a: Zapdos|Discharge|p2a: Hatterene
|-damage|p2a: Hatterene|57/100
|move|p2a: Hatterene|Psyshock|p1a: Zapdos
|-damage|p1a: Zapdos|20/100 brn
|
|-damage|p1a: Zapdos|14/100 brn|[from] brn
|-end|p1a: Zapdos|move: Heal Block
|upkeep
|turn|21
|
|t:|1760848347
|switch|p1a: Meowscarada|Meowscarada, M|84/100
|move|p2a: Hatterene|Mystical Fire|p1a: Meowscarada
|-supereffective|p1a: Meowscarada
|-damage|p1a: Meowscarada|9/100
|-unboost|p1a: Meowscarada|spa|1
|
|upkeep
|turn|22
|
|t:|1760848354
|switch|p2a: Zamazenta|Zamazenta|7/100 par
|move|p1a: Meowscarada|U-turn|p2a: Zamazenta
|-start|p1a: Meowscarada|typechange|Bug|[from] ability: Protean
|-resisted|p2a: Zamazenta
|-damage|p2a: Zamazenta|0 fnt
|faint|p2a: Zamazenta
|
|t:|1760848361
|switch|p1a: Zapdos|Zapdos|14/100 brn|[from] U-turn
|
|-damage|p1a: Zapdos|8/100 brn|[from] brn
|upkeep
|
|t:|1760848367
|switch|p2a: Dragonite|Dragonite, F|100/100
|turn|23
|
|t:|1760848371
|move|p2a: Dragonite|Extreme Speed|p1a: Zapdos
|-damage|p1a: Zapdos|0 fnt
|-damage|p2a: Dragonite|84/100|[from] item: Rocky Helmet|[of] p1a: Zapdos
|-status|p2a: Dragonite|par|[from] ability: Static|[of] p1a: Zapdos
|-enditem|p2a: Dragonite|Lum Berry|[eat]
|-curestatus|p2a: Dragonite|par|[msg]
|faint|p1a: Zapdos
|
|upkeep
|
|t:|1760848377
|switch|p1a: Dragapult|Dragapult, M|100/100
|turn|24
|
|t:|1760848381
|switch|p2a: Hatterene|Hatterene, F|57/100
|move|p1a: Dragapult|U-turn|p2a: Hatterene
|-damage|p2a: Hatterene|36/100
|
|t:|1760848386
|switch|p1a: Meowscarada|Meowscarada, M|9/100|[from] U-turn
|
|upkeep
|turn|25
|
|t:|1760848390
|move|p1a: Meowscarada|Triple Axel|p2a: Hatterene
|-start|p1a: Meowscarada|typechange|Ice|[from] ability: Protean
|-damage|p2a: Hatterene|25/100
|-damage|p2a: Hatterene|0 fnt
|faint|p2a: Hatterene
|-hitcount|p2: Hatterene|2
|
|upkeep
|
|t:|1760848394
|switch|p2a: Gholdengo|Gholdengo|100/100
|turn|26
|
|t:|1760848402
|switch|p1a: Slowking|Slowking-Galar, M|73/100 frz
|move|p2a: Gholdengo|Make It Rain|p1a: Slowking
|-damage|p1a: Slowking|23/100 frz
|-unboost|p2a: Gholdengo|spa|1
|
|upkeep
|turn|27
|
|t:|1760848408
|move|p2a: Gholdengo|Nasty Plot|p2a: Gholdengo
|-boost|p2a: Gholdengo|spa|2
|-prepare|p1a: Slowking|Chilly Reception|[premajor]
|cant|p1a: Slowking|frz
|
|upkeep
|turn|28
|
|t:|1760848413
|move|p2a: Gholdengo|Thunderbolt|p1a: Slowking
|-damage|p1a: Slowking|0 fnt
|faint|p1a: Slowking
|
|upkeep
|
|t:|1760848418
|switch|p1a: Meowscarada|Meowscarada, M|9/100
|turn|29
|
|t:|1760848428
|switch|p2a: Darkrai|Darkrai|100/100 par
|move|p1a: Meowscarada|Knock Off|p2a: Darkrai
|-start|p1a: Meowscarada|typechange|Dark|[from] ability: Protean
|-resisted|p2a: Darkrai
|-damage|p2a: Darkrai|70/100 par
|-enditem|p2a: Darkrai|Heavy-Duty Boots|[from] move: Knock Off|[of] p1a: Meowscarada
|
|upkeep
|turn|30
|
|t:|1760848435
|switch|p1a: BillionsMustIDef|Zamazenta|100/100
|-ability|p1a: BillionsMustIDef|Dauntless Shield|boost
|-boost|p1a: BillionsMustIDef|def|1
|move|p2a: Darkrai|Ice Beam|p1a: BillionsMustIDef
|-damage|p1a: BillionsMustIDef|78/100
|
|-heal|p1a: BillionsMustIDef|84/100|[from] item: Leftovers
|upkeep
|turn|31
|
|t:|1760848445
|move|p1a: BillionsMustIDef|Iron Defense|p1a: BillionsMustIDef
|-boost|p1a: BillionsMustIDef|def|2
|move|p2a: Darkrai|Taunt|p1a: BillionsMustIDef
|-start|p1a: BillionsMustIDef|move: Taunt
|
|-heal|p1a: BillionsMustIDef|90/100|[from] item: Leftovers
|upkeep
|turn|32
|
|t:|1760848450
|switch|p2a: Gholdengo|Gholdengo|100/100
|move|p1a: BillionsMustIDef|Body Press|p2a: Gholdengo
|-immune|p2a: Gholdengo
|
|-heal|p1a: BillionsMustIDef|96/100|[from] item: Leftovers
|upkeep
|turn|33
|
|t:|1760848458
|move|p1a: BillionsMustIDef|Crunch|p2a: Gholdengo
|-supereffective|p2a: Gholdengo
|-crit|p2a: Gholdengo
|-damage|p2a: Gholdengo|24/100
|move|p2a: Gholdengo|Make It Rain|p1a: BillionsMustIDef
|-damage|p1a: BillionsMustIDef|35/100
|-unboost|p2a: Gholdengo|spa|1
|
|-heal|p1a: BillionsMustIDef|41/100|[from] item: Leftovers
|upkeep
|turn|34
|
|t:|1760848465
|move|p1a: BillionsMustIDef|Crunch|p2a: Gholdengo
|-supereffective|p2a: Gholdengo
|-damage|p2a: Gholdengo|0 fnt
|faint|p2a: Gholdengo
|
|-heal|p1a: BillionsMustIDef|47/100|[from] item: Leftovers
|-end|p1a: BillionsMustIDef|move: Taunt
|upkeep
|
|t:|1760848467
|switch|p2a: Dragonite|Dragonite, F|84/100
|turn|35
|
|t:|1760848470
|move|p1a: BillionsMustIDef|Body Press|p2a: Dragonite
|-resisted|p2a: Dragonite
|-damage|p2a: Dragonite|42/100
|move|p2a: Dragonite|Dragon Dance|p2a: Dragonite
|-boost|p2a: Dragonite|atk|1
|-boost|p2a: Dragonite|spe|1
|
|-heal|p1a: BillionsMustIDef|54/100|[from] item: Leftovers
|upkeep
|turn|36
|
|t:|1760848476
|-terastallize|p2a: Dragonite|Flying
|move|p2a: Dragonite|Tera Blast|p1a: BillionsMustIDef|[anim] Tera Blast Flying
|-supereffective|p1a: BillionsMustIDef
|-damage|p1a: BillionsMustIDef|0 fnt
|faint|p1a: BillionsMustIDef
|
|upkeep
|
|t:|1760848489
|switch|p1a: Meowscarada|Meowscarada, M|9/100
|turn|37
|
|t:|1760848492
|move|p2a: Dragonite|Extreme Speed|p1a: Meowscarada
|-damage|p1a: Meowscarada|0 fnt
|faint|p1a: Meowscarada
|
|upkeep
|
|t:|1760848495
|switch|p1a: Dragapult|Dragapult, M|100/100
|turn|38
|
|t:|1760848500
|move|p2a: Dragonite|Tera Blast|p1a: Dragapult|[anim] Tera Blast Flying
|-damage|p1a: Dragapult|0 fnt
|faint|p1a: Dragapult
|
|win|wa3ji1da3瓦鸡打
|raw|Palm X's rating: 1562 &rarr; <strong>1545</strong><br />(-17 for losing)
|raw|wa3ji1da3瓦鸡打's rating: 1619 &rarr; <strong>1636</strong><br />(+17 for winning)
|l|☆Palm X
|player|p1|
|l|☆wa3ji1da3瓦鸡打
|player|p2|
