|j|☆lynx1240
|j|☆big clif
|t:|1760813832
|gametype|singles
|player|p1|lynx1240|169|1706
|player|p2|big clif|cynthia-gen4|1732
|gen|9
|tier|[Gen 9] OU
|rated|
|rule|HP Percentage Mod: HP is shown in percentages
|rule|Endless Battle Clause: Forcing endless battles is banned
|rule|Species Clause: Limit one of each Pokémon
|rule|OHKO Clause: OHKO moves are banned
|rule|Evasion Items Clause: Evasion items are banned
|rule|Evasion Moves Clause: Evasion moves are banned
|rule|Evasion Abilities Clause: Evasion abilities are banned
|rule|Sleep Moves Clause: Sleep-inducing moves are banned
|clearpoke
|poke|p1|Dondozo, M|
|poke|p1|Primarina, M|
|poke|p1|Great Tusk|
|poke|p1|Iron Moth|
|poke|p1|Gholdengo|
|poke|p1|Dragapult, M|
|poke|p2|Enamorus, F|
|poke|p2|Raging Bolt|
|poke|p2|Blaziken, F|
|poke|p2|Ogerpon-Wellspring, F|
|poke|p2|Kingambit, M|
|poke|p2|Glimmora, M|
|teampreview
|inactive|Battle timer is ON: inactive players will automatically lose when time's up. (requested by big clif)
|c|☆big clif|glhf
|j| LlamaLedgend750
|
|t:|1760813853
|teamsize|p1|6
|teamsize|p2|6
|start
|switch|p1a: Dragapult|Dragapult, M|100/100
|switch|p2a: Enamorus|Enamorus, F|100/100
|turn|1
|
|t:|1760813863
|switch|p1a: Primarina|Primarina, M|100/100
|move|p2a: Enamorus|Moonblast|p1a: Primarina
|-damage|p1a: Primarina|71/100
|
|upkeep
|turn|2
|
|t:|1760813875
|switch|p2a: Ogerpon|Ogerpon-Wellspring, F|100/100
|move|p1a: Primarina|Moonblast|p2a: Ogerpon
|-damage|p2a: Ogerpon|37/100
|
|upkeep
|turn|3
|
|t:|1760813886
|switch|p1a: Dragapult|Dragapult, M|100/100
|move|p2a: Ogerpon|U-turn|p1a: Dragapult
|-resisted|p1a: Dragapult
|-crit|p1a: Dragapult
|-damage|p1a: Dragapult|72/100
|inactive|big clif has 120 seconds left.
|
|t:|1760813929
|switch|p2a: Enamorus|Enamorus, F|100/100|[from] U-turn
|
|upkeep
|turn|4
|inactive|big clif has 120 seconds left.
|
|t:|1760813944
|switch|p1a: Gholdengo|Gholdengo|100/100
|-terastallize|p2a: Enamorus|Stellar
|move|p2a: Enamorus|Tera Blast|p1a: Gholdengo|[anim] Tera Blast Stellar
|-damage|p1a: Gholdengo|54/100
|-boost|p2a: Enamorus|atk|1
|-boost|p2a: Enamorus|spa|1
|
|upkeep
|turn|5
|inactive|big clif has 120 seconds left.
|
|t:|1760813951
|move|p2a: Enamorus|Tera Blast|p1a: Gholdengo|[anim] Tera Blast Stellar
|-damage|p1a: Gholdengo|0 fnt
|-boost|p2a: Enamorus|atk|1
|-boost|p2a: Enamorus|spa|1
|faint|p1a: Gholdengo
|
|upkeep
|
|t:|1760813959
|switch|p1a: Primarina|Primarina, M|71/100
|turn|6
|inactive|big clif has 120 seconds left.
|
|t:|1760813990
|switch|p2a: Glimmora|Glimmora, M|100/100
|move|p1a: Primarina|Sparkling Aria|p2a: Glimmora
|-supereffective|p2a: Glimmora
|-damage|p2a: Glimmora|0 fnt
|faint|p2a: Glimmora
|
|upkeep
|
|t:|1760814004
|switch|p2a: Ogerpon|Ogerpon-Wellspring, F|37/100
|turn|7
|
|t:|1760814013
|switch|p1a: Dragapult|Dragapult, M|72/100
|move|p2a: Ogerpon|Power Whip|p1a: Dragapult
|-resisted|p1a: Dragapult
|-damage|p1a: Dragapult|21/100
|
|upkeep
|turn|8
|
|t:|1760814021
|switch|p2a: Kingambit|Kingambit, M|100/100
|-activate|p2a: Kingambit|ability: Supreme Overlord
|-start|p2a: Kingambit|fallen1|[silent]
|move|p1a: Dragapult|U-turn|p2a: Kingambit
|-damage|p2a: Kingambit|73/100
|
|t:|1760814025
|switch|p1a: Great Tusk|Great Tusk|100/100|[from] U-turn
|
|-heal|p2a: Kingambit|79/100|[from] item: Leftovers
|upkeep
|turn|9
|inactive|big clif has 120 seconds left.
|inactive|big clif has 90 seconds left.
|
|t:|1760814082
|-end|p2a: Kingambit|fallen1|[silent]
|switch|p2a: Ogerpon|Ogerpon-Wellspring, F|37/100
|move|p1a: Great Tusk|Knock Off|p2a: Ogerpon
|-damage|p2a: Ogerpon|8/100
|
|upkeep
|turn|10
|
|t:|1760814099
|-terastallize|p1a: Great Tusk|Steel
|move|p2a: Ogerpon|Ivy Cudgel|p1a: Great Tusk|[anim] Ivy Cudgel Water
|-damage|p1a: Great Tusk|64/100
|move|p1a: Great Tusk|Stealth Rock|p2a: Ogerpon
|-sidestart|p2: big clif|move: Stealth Rock
|
|-heal|p1a: Great Tusk|70/100|[from] item: Leftovers
|upkeep
|turn|11
|
|t:|1760814106
|move|p2a: Ogerpon|Ivy Cudgel|p1a: Great Tusk|[anim] Ivy Cudgel Water
|-damage|p1a: Great Tusk|29/100
|move|p1a: Great Tusk|Rapid Spin|p2a: Ogerpon
|-damage|p2a: Ogerpon|0 fnt
|-boost|p1a: Great Tusk|spe|1
|faint|p2a: Ogerpon
|
|-heal|p1a: Great Tusk|36/100|[from] item: Leftovers
|upkeep
|
|t:|1760814111
|switch|p2a: Enamorus|Enamorus, F, tera:Stellar|100/100
|-damage|p2a: Enamorus|76/100|[from] Stealth Rock
|turn|12
|
|t:|1760814114
|move|p2a: Enamorus|Tera Blast|p1a: Great Tusk|[anim] Tera Blast Stellar
|-supereffective|p1a: Great Tusk
|-damage|p1a: Great Tusk|0 fnt
|-boost|p2a: Enamorus|atk|1
|-boost|p2a: Enamorus|spa|1
|faint|p1a: Great Tusk
|-end|p1a: Great Tusk|Protosynthesis|[silent]
|
|upkeep
|
|t:|1760814116
|switch|p1a: Primarina|Primarina, M|71/100
|turn|13
|inactive|big clif has 90 seconds left.
|
|t:|1760814134
|move|p2a: Enamorus|Tera Blast|p1a: Primarina|[anim] Tera Blast Stellar
|-damage|p1a: Primarina|41/100
|-boost|p2a: Enamorus|atk|1
|-boost|p2a: Enamorus|spa|1
|move|p1a: Primarina|Moonblast|p2a: Enamorus
|-damage|p2a: Enamorus|0 fnt
|faint|p2a: Enamorus
|
|upkeep
|inactive|big clif has 90 seconds left.
|
|t:|1760814153
|switch|p2a: Kingambit|Kingambit, M|79/100
|-damage|p2a: Kingambit|73/100|[from] Stealth Rock
|-activate|p2a: Kingambit|ability: Supreme Overlord
|-start|p2a: Kingambit|fallen3|[silent]
|turn|14
|
|t:|1760814172
|move|p2a: Kingambit|Iron Head|p1a: Primarina
|-damage|p1a: Primarina|0 fnt
|faint|p1a: Primarina
|
|-heal|p2a: Kingambit|79/100|[from] item: Leftovers
|upkeep
|
|t:|1760814177
|switch|p1a: Dondozo|Dondozo, M|100/100
|turn|15
|inactive|big clif has 60 seconds left.
|
|t:|1760814218
|-end|p2a: Kingambit|fallen3|[silent]
|switch|p2a: Raging Bolt|Raging Bolt|100/100
|-damage|p2a: Raging Bolt|88/100|[from] Stealth Rock
|-enditem|p2a: Raging Bolt|Booster Energy
|-activate|p2a: Raging Bolt|ability: Protosynthesis|[fromitem]
|-start|p2a: Raging Bolt|protosynthesisspa
|move|p1a: Dondozo|Body Press|p2a: Raging Bolt
|-damage|p2a: Raging Bolt|63/100
|
|upkeep
|turn|16
|
|t:|1760814232
|switch|p1a: Iron Moth|Iron Moth|100/100
|move|p2a: Raging Bolt|Calm Mind|p2a: Raging Bolt
|-boost|p2a: Raging Bolt|spa|1
|-boost|p2a: Raging Bolt|spd|1
|
|upkeep
|turn|17
|
|t:|1760814243
|move|p2a: Raging Bolt|Thunderclap|p1a: Iron Moth
|-damage|p1a: Iron Moth|12/100
|move|p1a: Iron Moth|Sludge Wave|p2a: Raging Bolt
|-damage|p2a: Raging Bolt|31/100
|
|upkeep
|turn|18
|
|t:|1760814251
|move|p2a: Raging Bolt|Thunderclap|p1a: Iron Moth
|-damage|p1a: Iron Moth|0 fnt
|faint|p1a: Iron Moth
|-end|p1a: Iron Moth|Quark Drive|[silent]
|
|upkeep
|
|t:|1760814252
|switch|p1a: Dragapult|Dragapult, M|21/100
|turn|19
|
|t:|1760814255
|move|p1a: Dragapult|Sucker Punch|p2a: Raging Bolt
|-damage|p2a: Raging Bolt|0 fnt
|faint|p2a: Raging Bolt
|-end|p2a: Raging Bolt|Protosynthesis|[silent]
|
|upkeep
|
|t:|1760814264
|switch|p2a: Blaziken|Blaziken, F|100/100
|-damage|p2a: Blaziken|88/100|[from] Stealth Rock
|turn|20
|inactive|big clif has 90 seconds left.
|
|t:|1760814271
|move|p1a: Dragapult|Sucker Punch|p2a: Blaziken
|-resisted|p2a: Blaziken
|-damage|p2a: Blaziken|64/100
|move|p2a: Blaziken|Knock Off|p1a: Dragapult
|-supereffective|p1a: Dragapult
|-damage|p1a: Dragapult|0 fnt
|-enditem|p1a: Dragapult|Choice Band|[from] move: Knock Off|[of] p2a: Blaziken
|faint|p1a: Dragapult
|-damage|p2a: Blaziken|54/100|[from] item: Life Orb
|
|-ability|p2a: Blaziken|Speed Boost|boost
|-boost|p2a: Blaziken|spe|1
|upkeep
|
|t:|1760814274
|switch|p1a: Dondozo|Dondozo, M|100/100
|turn|21
|
|t:|1760814277
|move|p2a: Blaziken|Knock Off|p1a: Dondozo
|-damage|p1a: Dondozo|80/100
|-damage|p2a: Blaziken|37/100|[from] item: Rocky Helmet|[of] p1a: Dondozo
|-enditem|p1a: Dondozo|Rocky Helmet|[from] move: Knock Off|[of] p2a: Blaziken
|-damage|p2a: Blaziken|27/100|[from] item: Life Orb
|move|p1a: Dondozo|Waterfall|p2a: Blaziken
|-supereffective|p2a: Blaziken
|-damage|p2a: Blaziken|0 fnt
|faint|p2a: Blaziken
|
|upkeep
|
|t:|1760814284
|switch|p2a: Kingambit|Kingambit, M|79/100
|-damage|p2a: Kingambit|73/100|[from] Stealth Rock
|-activate|p2a: Kingambit|ability: Supreme Overlord
|-start|p2a: Kingambit|fallen5|[silent]
|turn|22
|j| riyuezi
|
|t:|1760814287
|move|p2a: Kingambit|Low Kick|p1a: Dondozo
|-damage|p1a: Dondozo|46/100
|move|p1a: Dondozo|Body Press|p2a: Kingambit
|-supereffective|p2a: Kingambit
|-damage|p2a: Kingambit|0 fnt
|faint|p2a: Kingambit
|-end|p2a: Kingambit|fallen5|[silent]
|
|win|lynx1240
|raw|lynx1240's rating: 1706 &rarr; <strong>1727</strong><br />(+21 for winning)
|raw|big clif's rating: 1732 &rarr; <strong>1711</strong><br />(-21 for losing)
|l|☆big clif
|player|p2|
|l|☆lynx1240
|player|p1|
