|j|☆HZBKAI10
|j|☆ayaan0121
|t:|1760853643
|gametype|singles
|player|p1|HZBKAI10|1|1062
|player|p2|ayaan0121|lucas|1074
|gen|9
|tier|[Gen 9] OU
|rated|
|rule|HP Percentage Mod: HP is shown in percentages
|rule|Endless Battle Clause: Forcing endless battles is banned
|rule|Species Clause: Limit one of each Pokémon
|rule|OHKO Clause: OHKO moves are banned
|rule|Evasion Items Clause: Evasion items are banned
|rule|Evasion Moves Clause: Evasion moves are banned
|rule|Evasion Abilities Clause: Evasion abilities are banned
|rule|Sleep Moves Clause: Sleep-inducing moves are banned
|clearpoke
|poke|p1|Iron Crown|
|poke|p1|Primarina, M|
|poke|p1|Toedscruel, F|
|poke|p1|Walking Wake|
|poke|p1|Heatran, M|
|poke|p1|Dragonite, F|
|poke|p2|Pikachu-Partner, M|
|poke|p2|Charizard, F|
|poke|p2|Greninja-*, M|
|poke|p2|Decidueye, M|
|poke|p2|Goodra, M|
|poke|p2|Lycanroc-Dusk, M|
|teampreview
|
|t:|1760853646
|teamsize|p1|6
|teamsize|p2|6
|start
|switch|p1a: Walking Wake|Walking Wake|100/100
|switch|p2a: Lycanroc|Lycanroc-Dusk, M|100/100
|turn|1
|
|t:|1760853653
|-terastallize|p2a: Lycanroc|Steel
|move|p1a: Walking Wake|Surf|p2a: Lycanroc
|-damage|p2a: Lycanroc|42/100
|move|p2a: Lycanroc|Stealth Rock|p1a: Walking Wake
|-sidestart|p1: HZBKAI10|move: Stealth Rock
|
|upkeep
|turn|2
|
|t:|1760853671
|switch|p2a: Decidueye|Decidueye, M|100/100
|move|p1a: Walking Wake|Surf|p2a: Decidueye
|-resisted|p2a: Decidueye
|-damage|p2a: Decidueye|73/100
|
|-heal|p2a: Decidueye|79/100|[from] item: Leftovers
|upkeep
|turn|3
|
|t:|1760853678
|move|p1a: Walking Wake|Draco Meteor|p2a: Decidueye
|-damage|p2a: Decidueye|6/100
|-unboost|p1a: Walking Wake|spa|2
|move|p2a: Decidueye|Leaf Blade|p1a: Walking Wake
|-crit|p1a: Walking Wake
|-damage|p1a: Walking Wake|28/100
|
|-heal|p2a: Decidueye|12/100|[from] item: Leftovers
|upkeep
|turn|4
|
|t:|1760853689
|move|p1a: Walking Wake|Draco Meteor|p2a: Decidueye
|-damage|p2a: Decidueye|0 fnt
|-unboost|p1a: Walking Wake|spa|2
|faint|p2a: Decidueye
|
|upkeep
|
|t:|1760853694
|switch|p2a: Pikachu|Pikachu-Partner, M|100/100
|turn|5
|
|t:|1760853697
|move|p1a: Walking Wake|Draco Meteor|p2a: Pikachu
|-damage|p2a: Pikachu|35/100
|-unboost|p1a: Walking Wake|spa|2
|move|p2a: Pikachu|Wild Charge|p1a: Walking Wake
|-damage|p1a: Walking Wake|0 fnt
|faint|p1a: Walking Wake
|-end|p1a: Walking Wake|Protosynthesis|[silent]
|-damage|p2a: Pikachu|24/100|[from] Recoil
|
|upkeep
|
|t:|1760853697
|switch|p1a: Toedscruel|Toedscruel, F|100/100
|-damage|p1a: Toedscruel|95/100|[from] Stealth Rock
|turn|6
|
|t:|1760853712
|switch|p2a: Charizard|Charizard, F|100/100
|move|p1a: Toedscruel|Earth Power|p2a: Charizard
|-immune|p2a: Charizard
|
|-heal|p1a: Toedscruel|100/100|[from] item: Leftovers
|upkeep
|turn|7
|
|t:|1760853722
|move|p2a: Charizard|Hurricane|p1a: Toedscruel
|-supereffective|p1a: Toedscruel
|-damage|p1a: Toedscruel|5/100
|-start|p1a: Toedscruel|confusion
|-activate|p1a: Toedscruel|confusion
|move|p1a: Toedscruel|Toxic|p2a: Charizard
|-status|p2a: Charizard|tox
|
|-heal|p1a: Toedscruel|11/100|[from] item: Leftovers
|-damage|p2a: Charizard|94/100 tox|[from] psn
|upkeep
|turn|8
|
|t:|1760853733
|move|p2a: Charizard|Hurricane|p1a: Toedscruel|[miss]
|-miss|p2a: Charizard|p1a: Toedscruel
|-activate|p1a: Toedscruel|confusion
|move|p1a: Toedscruel|Toxic|p2a: Charizard
|-fail|p2a: Charizard|tox
|
|-heal|p1a: Toedscruel|17/100|[from] item: Leftovers
|-damage|p2a: Charizard|82/100 tox|[from] psn
|upkeep
|turn|9
|
|t:|1760853742
|move|p2a: Charizard|Fire Blast|p1a: Toedscruel
|-supereffective|p1a: Toedscruel
|-damage|p1a: Toedscruel|0 fnt
|faint|p1a: Toedscruel
|
|-damage|p2a: Charizard|64/100 tox|[from] psn
|upkeep
|
|t:|1760853742
|switch|p1a: Primarina|Primarina, M|100/100
|-damage|p1a: Primarina|88/100|[from] Stealth Rock
|turn|10
|
|t:|1760853769
|switch|p2a: Goodra|Goodra, M|100/100
|move|p1a: Primarina|Surf|p2a: Goodra
|-resisted|p2a: Goodra
|-damage|p2a: Goodra|92/100
|
|-heal|p1a: Primarina|94/100|[from] item: Leftovers
|upkeep
|turn|11
|
|t:|1760853776
|move|p1a: Primarina|Moonblast|p2a: Goodra
|-supereffective|p2a: Goodra
|-damage|p2a: Goodra|60/100
|-unboost|p2a: Goodra|spa|1
|move|p2a: Goodra|Thunderbolt|p1a: Primarina
|-supereffective|p1a: Primarina
|-damage|p1a: Primarina|68/100
|
|-heal|p1a: Primarina|74/100|[from] item: Leftovers
|upkeep
|turn|12
|
|t:|1760853788
|move|p1a: Primarina|Moonblast|p2a: Goodra
|-supereffective|p2a: Goodra
|-damage|p2a: Goodra|27/100
|move|p2a: Goodra|Sludge Bomb|p1a: Primarina
|-supereffective|p1a: Primarina
|-damage|p1a: Primarina|45/100
|
|-heal|p1a: Primarina|51/100|[from] item: Leftovers
|upkeep
|turn|13
|
|t:|1760853799
|move|p1a: Primarina|Moonblast|p2a: Goodra
|-supereffective|p2a: Goodra
|-damage|p2a: Goodra|0 fnt
|faint|p2a: Goodra
|
|-heal|p1a: Primarina|58/100|[from] item: Leftovers
|upkeep
|
|t:|1760853806
|switch|p2a: Pikachu|Pikachu-Partner, M|24/100
|turn|14
|
|t:|1760853808
|move|p2a: Pikachu|Wild Charge|p1a: Primarina
|-supereffective|p1a: Primarina
|-damage|p1a: Primarina|0 fnt
|faint|p1a: Primarina
|-damage|p2a: Pikachu|2/100|[from] Recoil
|
|upkeep
|
|t:|1760853809
|switch|p1a: Dragonite|Dragonite, F|100/100
|turn|15
|
|t:|1760853822
|move|p2a: Pikachu|Iron Tail|p1a: Dragonite
|-damage|p1a: Dragonite|78/100
|move|p1a: Dragonite|Earthquake|p2a: Pikachu
|-supereffective|p2a: Pikachu
|-damage|p2a: Pikachu|0 fnt
|faint|p2a: Pikachu
|
|upkeep
|
|t:|1760853831
|switch|p2a: Lycanroc|Lycanroc-Dusk, M, tera:Steel|42/100
|turn|16
|
|t:|1760853835
|move|p1a: Dragonite|Earthquake|p2a: Lycanroc
|-supereffective|p2a: Lycanroc
|-damage|p2a: Lycanroc|0 fnt
|faint|p2a: Lycanroc
|
|upkeep
|
|t:|1760853840
|switch|p2a: Greninja|Greninja, M|100/100
|turn|17
|
|t:|1760853844
|move|p2a: Greninja|Ice Beam|p1a: Dragonite
|-supereffective|p1a: Dragonite
|-damage|p1a: Dragonite|0 fnt
|faint|p1a: Dragonite
|-ability|p2a: Greninja|Battle Bond|boost
|-boost|p2a: Greninja|atk|1
|-boost|p2a: Greninja|spa|1
|-boost|p2a: Greninja|spe|1
|-activate|p2a: Greninja|ability: Battle Bond
|-damage|p2a: Greninja|91/100|[from] item: Life Orb
|
|upkeep
|
|t:|1760853844
|switch|p1a: Iron Crown|Iron Crown|100/100
|-damage|p1a: Iron Crown|94/100|[from] Stealth Rock
|turn|18
|
|t:|1760853859
|switch|p2a: Charizard|Charizard, F|64/100 tox
|move|p1a: Iron Crown|Focus Blast|p2a: Charizard|[miss]
|-miss|p1a: Iron Crown|p2a: Charizard
|
|-damage|p2a: Charizard|58/100 tox|[from] psn
|upkeep
|turn|19
|
|t:|1760853866
|move|p2a: Charizard|Fire Blast|p1a: Iron Crown
|-supereffective|p1a: Iron Crown
|-damage|p1a: Iron Crown|28/100
|move|p1a: Iron Crown|Future Sight|p2a: Charizard
|-start|p1a: Iron Crown|move: Future Sight
|
|-damage|p2a: Charizard|46/100 tox|[from] psn
|upkeep
|turn|20
|
|t:|1760853872
|move|p2a: Charizard|Fire Blast|p1a: Iron Crown
|-supereffective|p1a: Iron Crown
|-damage|p1a: Iron Crown|0 fnt
|faint|p1a: Iron Crown
|-end|p1a: Iron Crown|Quark Drive|[silent]
|
|-damage|p2a: Charizard|28/100 tox|[from] psn
|upkeep
|
|t:|1760853872
|switch|p1a: Heatran|Heatran, M|100/100
|-damage|p1a: Heatran|88/100|[from] Stealth Rock
|turn|21
|
|t:|1760853880
|move|p2a: Charizard|Fire Blast|p1a: Heatran
|-start|p1a: Heatran|ability: Flash Fire
|move|p1a: Heatran|Magma Storm|p2a: Charizard
|-resisted|p2a: Charizard
|-damage|p2a: Charizard|0 fnt
|faint|p2a: Charizard
|
|-hint|Future Sight did not hit because the target is fainted.
|-heal|p1a: Heatran|94/100|[from] item: Leftovers
|upkeep
|
|t:|1760853889
|switch|p2a: Greninja|Greninja, M|91/100
|turn|22
|
|t:|1760853892
|move|p2a: Greninja|Hydro Pump|p1a: Heatran
|-supereffective|p1a: Heatran
|-crit|p1a: Heatran
|-damage|p1a: Heatran|0 fnt
|faint|p1a: Heatran
|-damage|p2a: Greninja|81/100|[from] item: Life Orb
|
|win|ayaan0121
|raw|HZBKAI10's rating: 1062 &rarr; <strong>1043</strong><br />(-19 for losing)
|raw|ayaan0121's rating: 1074 &rarr; <strong>1102</strong><br />(+28 for winning)
|l|☆HZBKAI10
|player|p1|
|c|☆ayaan0121|ggs man
|c|☆ayaan0121|very close battle
|c|☆ayaan0121|U did very well
|l|☆ayaan0121
|player|p2|
