|j|☆SpongeGar & Patar
|j|‽v1n001
|t:|1760811285
|gametype|singles
|player|p1|SpongeGar & Patar|101|1795
|player|p2|v1n001|102|1779
|gen|9
|tier|[Gen 9] OU
|rated|
|rule|HP Percentage Mod: HP is shown in percentages
|rule|Endless Battle Clause: Forcing endless battles is banned
|rule|Species Clause: Limit one of each Pokémon
|rule|OHKO Clause: OHKO moves are banned
|rule|Evasion Items Clause: Evasion items are banned
|rule|Evasion Moves Clause: Evasion moves are banned
|rule|Evasion Abilities Clause: Evasion abilities are banned
|rule|Sleep Moves Clause: Sleep-inducing moves are banned
|clearpoke
|poke|p1|Kyurem|
|poke|p1|Corviknight, F|
|poke|p1|Ting-Lu|
|poke|p1|Dondozo, M|
|poke|p1|Slowking-Galar, L99, F|
|poke|p1|Cinderace, F|
|poke|p2|Rillaboom, F|
|poke|p2|Hawlucha, F|
|poke|p2|Gholdengo|
|poke|p2|Heatran, F|
|poke|p2|Glimmora, F|
|poke|p2|Ogerpon-Wellspring, F|
|teampreview
|inactive|Battle timer is ON: inactive players will automatically lose when time's up. (requested by v1n001)
|inactive|SpongeGar & Patar has 120 seconds left.
|
|t:|1760811335
|teamsize|p1|6
|teamsize|p2|6
|start
|switch|p1a: Kyurem|Kyurem|100/100
|switch|p2a: Gholdengo|Gholdengo|100/100
|-ability|p1a: Kyurem|Pressure
|turn|1
|inactive|SpongeGar & Patar also wants the timer to be on.
|j| pdpodwpjdwof
|l| pdpodwpjdwof
|inactive|SpongeGar & Patar has 120 seconds left.
|inactive|v1n001 has 120 seconds left.
|
|t:|1760811384
|-terastallize|p1a: Kyurem|Ground
|move|p1a: Kyurem|Earth Power|p2a: Gholdengo
|-supereffective|p2a: Gholdengo
|-damage|p2a: Gholdengo|12/100
|move|p2a: Gholdengo|Make It Rain|p1a: Kyurem
|-damage|p1a: Kyurem|54/100
|-unboost|p2a: Gholdengo|spa|1
|
|-heal|p1a: Kyurem|61/100|[from] item: Leftovers
|upkeep
|turn|2
|inactive|SpongeGar & Patar has 90 seconds left.
|
|t:|1760811432
|switch|p2a: Heatran|Heatran, F, shiny|100/100
|move|p1a: Kyurem|Freeze-Dry|p2a: Heatran
|-resisted|p2a: Heatran
|-damage|p2a: Heatran|95/100
|
|-heal|p1a: Kyurem|67/100|[from] item: Leftovers
|-heal|p2a: Heatran|100/100|[from] item: Leftovers
|upkeep
|turn|3
|inactive|SpongeGar & Patar has 60 seconds left.
|
|t:|1760811481
|switch|p2a: Rillaboom|Rillaboom, F, shiny|100/100
|-fieldstart|move: Grassy Terrain|[from] ability: Grassy Surge|[of] p2a: Rillaboom
|move|p1a: Kyurem|Freeze-Dry|p2a: Rillaboom
|-supereffective|p2a: Rillaboom
|-damage|p2a: Rillaboom|7/100
|
|-heal|p1a: Kyurem|73/100|[from] Grassy Terrain
|-heal|p1a: Kyurem|79/100|[from] item: Leftovers
|-heal|p2a: Rillaboom|13/100|[from] Grassy Terrain
|upkeep
|turn|4
|inactive|v1n001 has 120 seconds left.
|
|t:|1760811492
|switch|p1a: Corviknight|Corviknight, F|100/100
|-ability|p1a: Corviknight|Pressure
|switch|p2a: Gholdengo|Gholdengo|12/100
|-enditem|p2a: Gholdengo|Grassy Seed
|-boost|p2a: Gholdengo|def|1|[from] item: Grassy Seed
|
|-heal|p2a: Gholdengo|18/100|[from] Grassy Terrain
|upkeep
|turn|5
|
|t:|1760811501
|move|p2a: Gholdengo|Recover|p2a: Gholdengo
|-heal|p2a: Gholdengo|68/100
|move|p1a: Corviknight|U-turn|p2a: Gholdengo
|-resisted|p2a: Gholdengo
|-damage|p2a: Gholdengo|66/100
|
|t:|1760811510
|switch|p1a: Kyurem|Kyurem, tera:Ground|79/100|[from] U-turn
|-ability|p1a: Kyurem|Pressure
|
|-heal|p1a: Kyurem|85/100|[from] Grassy Terrain
|-heal|p1a: Kyurem|92/100|[from] item: Leftovers
|-heal|p2a: Gholdengo|72/100|[from] Grassy Terrain
|upkeep
|turn|6
|
|t:|1760811520
|switch|p2a: Hawlucha|Hawlucha, F, shiny|100/100
|-enditem|p2a: Hawlucha|Grassy Seed
|-boost|p2a: Hawlucha|def|1|[from] item: Grassy Seed
|move|p1a: Kyurem|Freeze-Dry|p2a: Hawlucha
|-supereffective|p2a: Hawlucha
|-damage|p2a: Hawlucha|0 fnt
|faint|p2a: Hawlucha
|
|-heal|p1a: Kyurem|98/100|[from] Grassy Terrain
|-heal|p1a: Kyurem|100/100|[from] item: Leftovers
|upkeep
|
|t:|1760811523
|switch|p2a: Ogerpon|Ogerpon-Wellspring, F|100/100
|turn|7
|
|t:|1760811532
|switch|p1a: Dondozo|Dondozo, M|100/100
|move|p2a: Ogerpon|Trailblaze|p1a: Dondozo
|-supereffective|p1a: Dondozo
|-damage|p1a: Dondozo|62/100
|-boost|p2a: Ogerpon|spe|1
|
|-heal|p1a: Dondozo|68/100|[from] Grassy Terrain
|-heal|p1a: Dondozo|75/100|[from] item: Leftovers
|-fieldend|move: Grassy Terrain
|upkeep
|turn|8
|inactive|SpongeGar & Patar has 60 seconds left.
|
|t:|1760811541
|move|p2a: Ogerpon|Swords Dance|p2a: Ogerpon
|-boost|p2a: Ogerpon|atk|2
|move|p1a: Dondozo|Body Press|p2a: Ogerpon
|-damage|p2a: Ogerpon|61/100
|
|-heal|p1a: Dondozo|81/100|[from] item: Leftovers
|upkeep
|turn|9
|
|t:|1760811551
|move|p2a: Ogerpon|Trailblaze|p1a: Dondozo
|-supereffective|p1a: Dondozo
|-damage|p1a: Dondozo|51/100
|-boost|p2a: Ogerpon|spe|1
|move|p1a: Dondozo|Body Press|p2a: Ogerpon
|-damage|p2a: Ogerpon|22/100
|
|-heal|p1a: Dondozo|57/100|[from] item: Leftovers
|upkeep
|turn|10
|
|t:|1760811560
|switch|p2a: Glimmora|Glimmora, F, shiny|100/100
|move|p1a: Dondozo|Body Press|p2a: Glimmora
|-damage|p2a: Glimmora|68/100
|-activate|p2a: Glimmora|ability: Toxic Debris
|-sidestart|p1: SpongeGar & Patar|move: Toxic Spikes
|
|-heal|p1a: Dondozo|63/100|[from] item: Leftovers
|upkeep
|turn|11
|
|t:|1760811571
|switch|p2a: Ogerpon|Ogerpon-Wellspring, F|22/100
|move|p1a: Dondozo|Waterfall|p2a: Ogerpon
|-heal|p2a: Ogerpon|47/100|[from] ability: Water Absorb|[of] p1a: Dondozo
|
|-heal|p1a: Dondozo|69/100|[from] item: Leftovers
|upkeep
|turn|12
|
|t:|1760811581
|switch|p2a: Glimmora|Glimmora, F, shiny|68/100
|move|p1a: Dondozo|Body Press|p2a: Glimmora
|-damage|p2a: Glimmora|32/100
|-activate|p2a: Glimmora|ability: Toxic Debris
|-sidestart|p1: SpongeGar & Patar|move: Toxic Spikes
|
|-heal|p1a: Dondozo|75/100|[from] item: Leftovers
|upkeep
|turn|13
|
|t:|1760811591
|move|p2a: Glimmora|Meteor Beam||[still]
|-prepare|p2a: Glimmora|Meteor Beam
|-boost|p2a: Glimmora|spa|1
|-enditem|p2a: Glimmora|Power Herb
|-anim|p2a: Glimmora|Meteor Beam|p1a: Dondozo
|-damage|p1a: Dondozo|15/100
|move|p1a: Dondozo|Body Press|p2a: Glimmora
|-damage|p2a: Glimmora|0 fnt
|faint|p2a: Glimmora
|
|-heal|p1a: Dondozo|21/100|[from] item: Leftovers
|upkeep
|j| Capitaine Tenace
|
|t:|1760811592
|switch|p2a: Ogerpon|Ogerpon-Wellspring, F|47/100
|turn|14
|
|t:|1760811601
|switch|p1a: Corviknight|Corviknight, F|100/100
|-ability|p1a: Corviknight|Pressure
|move|p2a: Ogerpon|Trailblaze|p1a: Corviknight
|-resisted|p1a: Corviknight
|-damage|p1a: Corviknight|96/100
|-boost|p2a: Ogerpon|spe|1
|-damage|p2a: Ogerpon|30/100|[from] item: Rocky Helmet|[of] p1a: Corviknight
|
|upkeep
|turn|15
|inactive|SpongeGar & Patar has 90 seconds left.
|
|t:|1760811611
|-terastallize|p2a: Ogerpon|Water
|detailschange|p2a: Ogerpon|Ogerpon-Wellspring-Tera, F, tera:Water
|-ability|p2a: Ogerpon|Embody Aspect (Wellspring)|boost
|-boost|p2a: Ogerpon|spd|1
|move|p2a: Ogerpon|Swords Dance|p2a: Ogerpon
|-boost|p2a: Ogerpon|atk|2
|move|p1a: Corviknight|U-turn|p2a: Ogerpon
|-damage|p2a: Ogerpon|10/100
|inactive|SpongeGar & Patar has 90 seconds left.
|inactive|SpongeGar & Patar has 60 seconds left.
|
|t:|1760811658
|switch|p1a: Dondozo|Dondozo, M|21/100|[from] U-turn
|-status|p1a: Dondozo|tox
|
|-heal|p1a: Dondozo|27/100 tox|[from] item: Leftovers
|-damage|p1a: Dondozo|21/100 tox|[from] psn
|upkeep
|turn|16
|inactive|SpongeGar & Patar has 30 seconds left.
|inactive|SpongeGar & Patar has 20 seconds left.
|inactive|SpongeGar & Patar has 15 seconds left.
|
|t:|1760811705
|move|p2a: Ogerpon|Ivy Cudgel|p1a: Dondozo|[anim] Ivy Cudgel Water
|-resisted|p1a: Dondozo
|-damage|p1a: Dondozo|2/100 tox
|move|p1a: Dondozo|Waterfall|p2a: Ogerpon
|-resisted|p2a: Ogerpon
|-damage|p2a: Ogerpon|0 fnt
|faint|p2a: Ogerpon
|detailschange|p2: Ogerpon|Ogerpon-Wellspring, F|[silent]
|
|-heal|p1a: Dondozo|8/100 tox|[from] item: Leftovers
|-damage|p1a: Dondozo|0 fnt|[from] psn
|faint|p1a: Dondozo
|upkeep
|inactive|SpongeGar & Patar has 20 seconds left this turn.
|-message|v1n001 forfeited.
|
|win|SpongeGar & Patar
|raw|SpongeGar &amp; Patar's rating: 1795 &rarr; <strong>1814</strong><br />(+19 for winning)
|raw|v1n001's rating: 1779 &rarr; <strong>1760</strong><br />(-19 for losing)
|l|‽v1n001
|player|p2|
|l|☆SpongeGar & Patar
|player|p1|
