|j|☆ertgedgdgf
|j|☆Denshiii_
|t:|1760846624
|gametype|singles
|player|p1|ertgedgdgf|1|1123
|player|p2|Denshiii_|101|1119
|gen|9
|tier|[Gen 9] OU
|rated|
|rule|HP Percentage Mod: HP is shown in percentages
|rule|Endless Battle Clause: Forcing endless battles is banned
|rule|Species Clause: Limit one of each Pokémon
|rule|OHKO Clause: OHKO moves are banned
|rule|Evasion Items Clause: Evasion items are banned
|rule|Evasion Moves Clause: Evasion moves are banned
|rule|Evasion Abilities Clause: Evasion abilities are banned
|rule|Sleep Moves Clause: Sleep-inducing moves are banned
|clearpoke
|poke|p1|Ting-Lu|
|poke|p1|Pecharunt|
|poke|p1|Iron Valiant|
|poke|p1|Garganacl, F|
|poke|p1|Lokix, M|
|poke|p1|Hydrapple, M|
|poke|p2|Landorus-Therian, M|
|poke|p2|Samurott-Hisui, F|
|poke|p2|Pecharunt|
|poke|p2|Scizor, F|
|poke|p2|Latios, M|
|poke|p2|Zamazenta-*|
|teampreview
|inactive|Battle timer is ON: inactive players will automatically lose when time's up. (requested by Denshiii_)
|
|t:|1760846632
|teamsize|p1|6
|teamsize|p2|6
|start
|switch|p1a: Iron Valiant|Iron Valiant|100/100
|switch|p2a: Zamazenta|Zamazenta|100/100
|-ability|p2a: Zamazenta|Dauntless Shield|boost
|-boost|p2a: Zamazenta|def|1
|turn|1
|
|t:|1760846642
|move|p2a: Zamazenta|Body Press|p1a: Iron Valiant
|-resisted|p1a: Iron Valiant
|-damage|p1a: Iron Valiant|60/100
|move|p1a: Iron Valiant|Moonblast|p2a: Zamazenta
|-supereffective|p2a: Zamazenta
|-damage|p2a: Zamazenta|13/100
|
|-heal|p2a: Zamazenta|19/100|[from] item: Leftovers
|upkeep
|turn|2
|
|t:|1760846651
|move|p1a: Iron Valiant|Moonblast|p2a: Zamazenta
|-supereffective|p2a: Zamazenta
|-damage|p2a: Zamazenta|0 fnt
|faint|p2a: Zamazenta
|
|upkeep
|
|t:|1760846667
|switch|p2a: Samurott|Samurott-Hisui, F|100/100
|turn|3
|
|t:|1760846682
|-terastallize|p2a: Samurott|Ground
|move|p1a: Iron Valiant|Moonblast|p2a: Samurott
|-damage|p2a: Samurott|53/100
|-unboost|p2a: Samurott|spa|1
|move|p2a: Samurott|Knock Off|p1a: Iron Valiant
|-resisted|p1a: Iron Valiant
|-damage|p1a: Iron Valiant|46/100
|-enditem|p1a: Iron Valiant|Heavy-Duty Boots|[from] move: Knock Off|[of] p2a: Samurott
|
|upkeep
|turn|4
|
|t:|1760846694
|move|p1a: Iron Valiant|Close Combat|p2a: Samurott
|-damage|p2a: Samurott|0 fnt
|-unboost|p1a: Iron Valiant|def|1
|-unboost|p1a: Iron Valiant|spd|1
|faint|p2a: Samurott
|
|upkeep
|
|t:|1760846708
|switch|p2a: Scizor|Scizor, F|100/100
|turn|5
|
|t:|1760846712
|-end|p1a: Iron Valiant|Quark Drive|[silent]
|switch|p1a: Pecharunt|Pecharunt|100/100
|move|p2a: Scizor|Bullet Punch|p1a: Pecharunt
|-damage|p1a: Pecharunt|78/100
|
|upkeep
|turn|6
|
|t:|1760846719
|move|p1a: Pecharunt|Parting Shot|p2a: Scizor
|-unboost|p2a: Scizor|atk|1
|-unboost|p2a: Scizor|spa|1
|
|t:|1760846730
|switch|p1a: Garganacl|Garganacl, F, shiny|100/100|[from] Parting Shot
|move|p2a: Scizor|Swords Dance|p2a: Scizor
|-boost|p2a: Scizor|atk|2
|
|upkeep
|turn|7
|
|t:|1760846736
|-terastallize|p1a: Garganacl|Water
|move|p2a: Scizor|Bullet Punch|p1a: Garganacl
|-resisted|p1a: Garganacl
|-damage|p1a: Garganacl|83/100
|move|p1a: Garganacl|Salt Cure|p2a: Scizor
|-damage|p2a: Scizor|83/100
|-start|p2a: Scizor|Salt Cure
|
|-damage|p2a: Scizor|59/100|[from] Salt Cure
|upkeep
|turn|8
|
|t:|1760846745
|move|p2a: Scizor|Knock Off|p1a: Garganacl
|-damage|p1a: Garganacl|43/100
|-enditem|p1a: Garganacl|Heavy-Duty Boots|[from] move: Knock Off|[of] p2a: Scizor
|move|p1a: Garganacl|Stealth Rock|p2a: Scizor
|-sidestart|p2: Denshiii_|move: Stealth Rock
|
|-damage|p2a: Scizor|34/100|[from] Salt Cure
|upkeep
|turn|9
|
|t:|1760846752
|switch|p2a: Latios|Latios, M|100/100
|-damage|p2a: Latios|88/100|[from] Stealth Rock
|move|p1a: Garganacl|Recover|p1a: Garganacl
|-heal|p1a: Garganacl|93/100
|
|upkeep
|turn|10
|
|t:|1760846760
|move|p2a: Latios|Draco Meteor|p1a: Garganacl
|-damage|p1a: Garganacl|33/100
|-unboost|p2a: Latios|spa|2
|move|p1a: Garganacl|Salt Cure|p2a: Latios
|-damage|p2a: Latios|71/100
|-start|p2a: Latios|Salt Cure
|
|-damage|p2a: Latios|59/100|[from] Salt Cure
|upkeep
|turn|11
|
|t:|1760846768
|move|p2a: Latios|Draco Meteor|p1a: Garganacl
|-damage|p1a: Garganacl|6/100
|-unboost|p2a: Latios|spa|2
|move|p1a: Garganacl|Recover|p1a: Garganacl
|-heal|p1a: Garganacl|56/100
|
|-damage|p2a: Latios|46/100|[from] Salt Cure
|upkeep
|turn|12
|c|☆Denshiii_|wow
|
|t:|1760846783
|move|p2a: Latios|Draco Meteor|p1a: Garganacl
|-damage|p1a: Garganacl|37/100
|-unboost|p2a: Latios|spa|2
|move|p1a: Garganacl|Recover|p1a: Garganacl
|-heal|p1a: Garganacl|87/100
|
|-damage|p2a: Latios|34/100|[from] Salt Cure
|upkeep
|turn|13
|
|t:|1760846792
|switch|p2a: Pecharunt|Pecharunt|100/100
|switch|p1a: Iron Valiant|Iron Valiant|46/100
|
|upkeep
|turn|14
|
|t:|1760846813
|move|p1a: Iron Valiant|Knock Off|p2a: Pecharunt
|-supereffective|p2a: Pecharunt
|-damage|p2a: Pecharunt|67/100
|-enditem|p2a: Pecharunt|Heavy-Duty Boots|[from] move: Knock Off|[of] p1a: Iron Valiant
|move|p2a: Pecharunt|Malignant Chain|p1a: Iron Valiant
|-supereffective|p1a: Iron Valiant
|-damage|p1a: Iron Valiant|0 fnt
|faint|p1a: Iron Valiant
|-end|p1a: Iron Valiant|Quark Drive|[silent]
|
|upkeep
|
|t:|1760846820
|switch|p1a: Pecharunt|Pecharunt|78/100
|turn|15
|
|t:|1760846826
|move|p2a: Pecharunt|Recover|p2a: Pecharunt
|-heal|p2a: Pecharunt|100/100
|move|p1a: Pecharunt|Shadow Ball|p2a: Pecharunt
|-supereffective|p2a: Pecharunt
|-damage|p2a: Pecharunt|50/100
|
|upkeep
|turn|16
|
|t:|1760846832
|move|p2a: Pecharunt|Parting Shot|p1a: Pecharunt
|-unboost|p1a: Pecharunt|atk|1
|-unboost|p1a: Pecharunt|spa|1
|
|t:|1760846836
|switch|p2a: Landorus|Landorus-Therian, M|100/100|[from] Parting Shot
|-damage|p2a: Landorus|88/100|[from] Stealth Rock
|-ability|p2a: Landorus|Intimidate|boost
|-unboost|p1a: Pecharunt|atk|1
|move|p1a: Pecharunt|Shadow Ball|p2a: Landorus
|-damage|p2a: Landorus|69/100
|
|upkeep
|turn|17
|
|t:|1760846846
|switch|p1a: Hydrapple|Hydrapple, M, shiny|100/100
|move|p2a: Landorus|Stealth Rock|p1a: Hydrapple
|-sidestart|p1: ertgedgdgf|move: Stealth Rock
|
|upkeep
|turn|18
|
|t:|1760846851
|move|p2a: Landorus|Earthquake|p1a: Hydrapple
|-resisted|p1a: Hydrapple
|-damage|p1a: Hydrapple|88/100
|move|p1a: Hydrapple|Draco Meteor|p2a: Landorus
|-damage|p2a: Landorus|13/100
|-unboost|p1a: Hydrapple|spa|2
|
|upkeep
|turn|19
|
|t:|1760846862
|move|p2a: Landorus|U-turn|p1a: Hydrapple
|-supereffective|p1a: Hydrapple
|-damage|p1a: Hydrapple|63/100
|
|t:|1760846875
|switch|p2a: Pecharunt|Pecharunt|50/100|[from] U-turn
|-damage|p2a: Pecharunt|37/100|[from] Stealth Rock
|move|p1a: Hydrapple|Draco Meteor|p2a: Pecharunt
|-damage|p2a: Pecharunt|12/100
|-unboost|p1a: Hydrapple|spa|2
|
|upkeep
|turn|20
|
|t:|1760846883
|switch|p1a: Pecharunt|Pecharunt|78/100
|move|p2a: Pecharunt|Recover|p2a: Pecharunt
|-heal|p2a: Pecharunt|62/100
|
|upkeep
|turn|21
|
|t:|1760846887
|move|p2a: Pecharunt|Shadow Ball|p1a: Pecharunt
|-supereffective|p1a: Pecharunt
|-damage|p1a: Pecharunt|26/100
|move|p1a: Pecharunt|Shadow Ball|p2a: Pecharunt
|-supereffective|p2a: Pecharunt
|-damage|p2a: Pecharunt|14/100
|-unboost|p2a: Pecharunt|spd|1
|
|upkeep
|turn|22
|
|t:|1760846895
|move|p1a: Pecharunt|Shadow Ball|p2a: Pecharunt
|-supereffective|p2a: Pecharunt
|-damage|p2a: Pecharunt|0 fnt
|faint|p2a: Pecharunt
|
|upkeep
|
|t:|1760846909
|switch|p2a: Landorus|Landorus-Therian, M|13/100
|-damage|p2a: Landorus|1/100|[from] Stealth Rock
|-ability|p2a: Landorus|Intimidate|boost
|-unboost|p1a: Pecharunt|atk|1
|turn|23
|
|t:|1760846914
|move|p2a: Landorus|U-turn|p1a: Pecharunt
|-resisted|p1a: Pecharunt
|-damage|p1a: Pecharunt|23/100
|
|t:|1760846920
|switch|p2a: Scizor|Scizor, F|34/100|[from] U-turn
|move|p1a: Pecharunt|Shadow Ball|p2a: Scizor
|-damage|p2a: Scizor|0 fnt
|faint|p2a: Scizor
|
|upkeep
|
|t:|1760846926
|switch|p2a: Latios|Latios, M|34/100
|-damage|p2a: Latios|22/100|[from] Stealth Rock
|turn|24
|
|t:|1760846929
|move|p2a: Latios|Draco Meteor|p1a: Pecharunt
|-damage|p1a: Pecharunt|0 fnt
|-unboost|p2a: Latios|spa|2
|faint|p1a: Pecharunt
|
|upkeep
|
|t:|1760846931
|switch|p1a: Lokix|Lokix, M|100/100
|turn|25
|
|t:|1760846938
|move|p1a: Lokix|First Impression|p2a: Latios
|-supereffective|p2a: Latios
|-damage|p2a: Latios|0 fnt
|faint|p2a: Latios
|
|upkeep
|
|t:|1760846945
|switch|p2a: Landorus|Landorus-Therian, M|1/100
|-damage|p2a: Landorus|0 fnt|[from] Stealth Rock
|faint|p2a: Landorus
|
|win|ertgedgdgf
|raw|ertgedgdgf's rating: 1123 &rarr; <strong>1148</strong><br />(+25 for winning)
|raw|Denshiii_'s rating: 1119 &rarr; <strong>1094</strong><br />(-25 for losing)
|l|☆ertgedgdgf
|player|p1|
|l|☆Denshiii_
|player|p2|
