|j|☆BWalex
|j|☆Shoerun
|t:|1760724227
|gametype|singles
|player|p1|BWalex|cilan|1185
|player|p2|Shoerun|2|1162
|gen|9
|tier|[Gen 9] OU
|rated|
|rule|HP Percentage Mod: HP is shown in percentages
|rule|Endless Battle Clause: Forcing endless battles is banned
|rule|Species Clause: Limit one of each Pokémon
|rule|OHKO Clause: OHKO moves are banned
|rule|Evasion Items Clause: Evasion items are banned
|rule|Evasion Moves Clause: Evasion moves are banned
|rule|Evasion Abilities Clause: Evasion abilities are banned
|rule|Sleep Moves Clause: Sleep-inducing moves are banned
|clearpoke
|poke|p1|Samurott-Hisui, M|
|poke|p1|Jolteon, M|
|poke|p1|Sableye, M|
|poke|p1|Hydreigon, M|
|poke|p1|Infernape, F|
|poke|p1|Torterra, F|
|poke|p2|Hydrapple, M|
|poke|p2|Ceruledge, M|
|poke|p2|Gholdengo|
|poke|p2|Darkrai|
|poke|p2|Great Tusk|
|poke|p2|Keldeo-Resolute|
|teampreview
|inactive|Battle timer is ON: inactive players will automatically lose when time's up. (requested by BWalex)
|inactive|BWalex has 120 seconds left.
|
|t:|1760724286
|teamsize|p1|6
|teamsize|p2|6
|start
|switch|p1a: Infernape|Infernape, F|100/100
|switch|p2a: Gholdengo|Gholdengo|100/100
|turn|1
|
|t:|1760724306
|switch|p2a: Keldeo|Keldeo-Resolute|100/100
|move|p1a: Infernape|U-turn|p2a: Keldeo
|-resisted|p2a: Keldeo
|-damage|p2a: Keldeo|89/100
|-damage|p1a: Infernape|91/100|[from] item: Life Orb
|
|t:|1760724312
|switch|p1a: Sableye|Sableye, M|100/100|[from] U-turn
|
|upkeep
|turn|2
|
|t:|1760724331
|move|p1a: Sableye|Will-O-Wisp|p2a: Keldeo
|-status|p2a: Keldeo|brn
|move|p2a: Keldeo|Surf|p1a: Sableye
|-damage|p1a: Sableye|0 fnt
|faint|p1a: Sableye
|
|-damage|p2a: Keldeo|83/100 brn|[from] brn
|upkeep
|
|t:|1760724340
|switch|p1a: Samurott|Samurott-Hisui, M, shiny|100/100
|turn|3
|
|t:|1760724346
|switch|p2a: Hydrapple|Hydrapple, M|100/100
|move|p1a: Samurott|Sacred Sword|p2a: Hydrapple
|-damage|p2a: Hydrapple|68/100
|
|upkeep
|turn|4
|
|t:|1760724358
|switch|p1a: Infernape|Infernape, F|91/100
|move|p2a: Hydrapple|Giga Drain|p1a: Infernape
|-resisted|p1a: Infernape
|-damage|p1a: Infernape|58/100
|-heal|p2a: Hydrapple|79/100|[from] drain|[of] p1a: Infernape
|
|upkeep
|turn|5
|
|t:|1760724378
|switch|p2a: Great Tusk|Great Tusk|100/100
|-enditem|p2a: Great Tusk|Booster Energy
|-activate|p2a: Great Tusk|ability: Protosynthesis|[fromitem]
|-start|p2a: Great Tusk|protosynthesisspe
|move|p1a: Infernape|Overheat|p2a: Great Tusk
|-damage|p2a: Great Tusk|0 fnt
|-unboost|p1a: Infernape|spa|2
|faint|p2a: Great Tusk
|-end|p2a: Great Tusk|Protosynthesis|[silent]
|-damage|p1a: Infernape|48/100|[from] item: Life Orb
|
|upkeep
|
|t:|1760724390
|switch|p2a: Keldeo|Keldeo-Resolute|83/100 brn
|turn|6
|
|t:|1760724404
|switch|p1a: Samurott|Samurott-Hisui, M, shiny|100/100
|move|p2a: Keldeo|Surf|p1a: Samurott
|-resisted|p1a: Samurott
|-damage|p1a: Samurott|49/100
|
|-damage|p2a: Keldeo|76/100 brn|[from] brn
|upkeep
|turn|7
|
|t:|1760724413
|move|p1a: Samurott|Ceaseless Edge|p2a: Keldeo
|-resisted|p2a: Keldeo
|-damage|p2a: Keldeo|52/100 brn
|-ability|p2a: Keldeo|Justified|boost
|-boost|p2a: Keldeo|atk|1
|-sidestart|p2: Shoerun|Spikes
|move|p2a: Keldeo|Surf|p1a: Samurott
|-resisted|p1a: Samurott
|-damage|p1a: Samurott|0 fnt
|faint|p1a: Samurott
|
|-damage|p2a: Keldeo|46/100 brn|[from] brn
|upkeep
|
|t:|1760724421
|switch|p1a: Jolteon|Jolteon, M|100/100
|turn|8
|
|t:|1760724443
|switch|p2a: Hydrapple|Hydrapple, M|100/100
|-damage|p2a: Hydrapple|88/100|[from] Spikes
|move|p1a: Jolteon|Volt Switch|p2a: Hydrapple
|-resisted|p2a: Hydrapple
|-damage|p2a: Hydrapple|81/100
|
|t:|1760724450
|switch|p1a: Torterra|Torterra, F|100/100|[from] Volt Switch
|
|upkeep
|turn|9
|
|t:|1760724459
|move|p1a: Torterra|Shell Smash|p1a: Torterra
|-unboost|p1a: Torterra|def|1
|-unboost|p1a: Torterra|spd|1
|-boost|p1a: Torterra|atk|2
|-boost|p1a: Torterra|spa|2
|-boost|p1a: Torterra|spe|2
|move|p2a: Hydrapple|Fickle Beam|p1a: Torterra
|-damage|p1a: Torterra|32/100
|
|upkeep
|turn|10
|
|t:|1760724468
|-terastallize|p1a: Torterra|Steel
|move|p1a: Torterra|Rock Blast|p2a: Hydrapple
|-damage|p2a: Hydrapple|70/100
|-damage|p2a: Hydrapple|57/100
|-damage|p2a: Hydrapple|45/100
|-damage|p2a: Hydrapple|33/100
|-damage|p2a: Hydrapple|21/100
|-hitcount|p2a: Hydrapple|5
|move|p2a: Hydrapple|Fickle Beam|p1a: Torterra|[anim] Fickle Beam All Out
|-activate|p2a: Hydrapple|move: Fickle Beam
|-resisted|p1a: Torterra
|-damage|p1a: Torterra|0 fnt
|faint|p1a: Torterra
|
|upkeep
|
|t:|1760724482
|switch|p1a: Infernape|Infernape, F|48/100
|turn|11
|
|t:|1760724488
|switch|p2a: Keldeo|Keldeo-Resolute|46/100 brn
|-damage|p2a: Keldeo|34/100 brn|[from] Spikes
|move|p1a: Infernape|U-turn|p2a: Keldeo
|-resisted|p2a: Keldeo
|-damage|p2a: Keldeo|22/100 brn
|-damage|p1a: Infernape|38/100|[from] item: Life Orb
|
|t:|1760724493
|switch|p1a: Jolteon|Jolteon, M|100/100|[from] U-turn
|
|-damage|p2a: Keldeo|15/100 brn|[from] brn
|upkeep
|turn|12
|
|t:|1760724502
|move|p2a: Keldeo|Vacuum Wave|p1a: Jolteon
|-damage|p1a: Jolteon|56/100
|move|p1a: Jolteon|Volt Switch|p2a: Keldeo
|-supereffective|p2a: Keldeo
|-damage|p2a: Keldeo|0 fnt
|faint|p2a: Keldeo
|
|t:|1760724507
|switch|p1a: Infernape|Infernape, F|38/100|[from] Volt Switch
|
|upkeep
|
|t:|1760724523
|switch|p2a: Darkrai|Darkrai|100/100
|turn|13
|
|t:|1760724535
|move|p1a: Infernape|Mach Punch|p2a: Darkrai
|-supereffective|p2a: Darkrai
|-damage|p2a: Darkrai|45/100
|-damage|p1a: Infernape|28/100|[from] item: Life Orb
|move|p2a: Darkrai|Dark Pulse|p1a: Infernape
|-resisted|p1a: Infernape
|-damage|p1a: Infernape|0 fnt
|faint|p1a: Infernape
|
|upkeep
|
|t:|1760724545
|switch|p1a: Jolteon|Jolteon, M|56/100
|turn|14
|
|t:|1760724563
|move|p2a: Darkrai|Sucker Punch|p1a: Jolteon
|-damage|p1a: Jolteon|21/100
|move|p1a: Jolteon|Thunderbolt|p2a: Darkrai
|-damage|p2a: Darkrai|0 fnt
|faint|p2a: Darkrai
|
|upkeep
|
|t:|1760724578
|switch|p2a: Ceruledge|Ceruledge, M|100/100
|-damage|p2a: Ceruledge|88/100|[from] Spikes
|turn|15
|
|t:|1760724584
|switch|p1a: Hydreigon|Hydreigon, M, shiny|100/100
|move|p2a: Ceruledge|Shadow Sneak|p1a: Hydreigon
|-resisted|p1a: Hydreigon
|-damage|p1a: Hydreigon|90/100
|
|-heal|p1a: Hydreigon|96/100|[from] item: Leftovers
|upkeep
|turn|16
|
|t:|1760724598
|-terastallize|p2a: Ceruledge|Fighting
|move|p1a: Hydreigon|Dark Pulse|p2a: Ceruledge
|-resisted|p2a: Ceruledge
|-damage|p2a: Ceruledge|64/100
|move|p2a: Ceruledge|Close Combat|p1a: Hydreigon
|-supereffective|p1a: Hydreigon
|-damage|p1a: Hydreigon|0 fnt
|-unboost|p2a: Ceruledge|def|1
|-unboost|p2a: Ceruledge|spd|1
|faint|p1a: Hydreigon
|
|upkeep
|
|t:|1760724602
|switch|p1a: Jolteon|Jolteon, M|21/100
|turn|17
|
|t:|1760724612
|move|p2a: Ceruledge|Shadow Sneak|p1a: Jolteon
|-damage|p1a: Jolteon|0 fnt
|faint|p1a: Jolteon
|
|win|Shoerun
|raw|BWalex's rating: 1185 &rarr; <strong>1158</strong><br />(-27 for losing)
|raw|Shoerun's rating: 1162 &rarr; <strong>1189</strong><br />(+27 for winning)
|l|☆BWalex
|player|p1|
|l|☆Shoerun
|player|p2|
