|j|☆potipot
|j|☆Crimson1821
|t:|1760873305
|gametype|singles
|player|p1|potipot|psychic-gen4|1127
|player|p2|Crimson1821|1|1176
|gen|9
|tier|[Gen 9] OU
|rated|
|rule|HP Percentage Mod: HP is shown in percentages
|rule|Endless Battle Clause: Forcing endless battles is banned
|rule|Species Clause: Limit one of each Pokémon
|rule|OHKO Clause: OHKO moves are banned
|rule|Evasion Items Clause: Evasion items are banned
|rule|Evasion Moves Clause: Evasion moves are banned
|rule|Evasion Abilities Clause: Evasion abilities are banned
|rule|Sleep Moves Clause: Sleep-inducing moves are banned
|clearpoke
|poke|p1|Clodsire, M|
|poke|p1|Primarina, M|
|poke|p1|Mimikyu, M|
|poke|p1|Indeedee-F, F|
|poke|p1|Deoxys-Speed|
|poke|p1|Hawlucha, M|
|poke|p2|Gallade, M|
|poke|p2|Bisharp, F|
|poke|p2|Ribombee, M|
|poke|p2|Kyurem|
|poke|p2|Skarmory, F|
|poke|p2|Ninetales, F|
|teampreview
|inactive|Battle timer is ON: inactive players will automatically lose when time's up. (requested by potipot)
|
|t:|1760873311
|teamsize|p1|6
|teamsize|p2|6
|start
|switch|p1a: Clodsire|Clodsire, M|100/100
|switch|p2a: Ribombee|Ribombee, M|100/100
|turn|1
|c|☆potipot|hi and gl
|
|t:|1760873320
|move|p2a: Ribombee|Sticky Web|p1a: Clodsire
|-sidestart|p1: potipot|move: Sticky Web
|move|p1a: Clodsire|Toxic|p2a: Ribombee
|-status|p2a: Ribombee|tox
|
|-damage|p2a: Ribombee|94/100 tox|[from] psn
|upkeep
|turn|2
|
|t:|1760873333
|move|p2a: Ribombee|Psychic Noise|p1a: Clodsire
|-supereffective|p1a: Clodsire
|-damage|p1a: Clodsire|71/100
|-start|p1a: Clodsire|move: Heal Block
|move|p1a: Clodsire|Stealth Rock|p2a: Ribombee
|-sidestart|p2: Crimson1821|move: Stealth Rock
|
|-damage|p2a: Ribombee|82/100 tox|[from] psn
|upkeep
|turn|3
|
|t:|1760873344
|move|p2a: Ribombee|Stun Spore|p1a: Clodsire
|-status|p1a: Clodsire|par
|move|p1a: Clodsire|Spikes|p2a: Ribombee
|-sidestart|p2: Crimson1821|Spikes
|
|-damage|p2a: Ribombee|64/100 tox|[from] psn
|-end|p1a: Clodsire|move: Heal Block
|upkeep
|turn|4
|
|t:|1760873352
|move|p2a: Ribombee|Psychic Noise|p1a: Clodsire
|-supereffective|p1a: Clodsire
|-damage|p1a: Clodsire|43/100 par
|-start|p1a: Clodsire|move: Heal Block
|move|p1a: Clodsire|Spikes|p2a: Ribombee
|-sidestart|p2: Crimson1821|Spikes
|
|-damage|p2a: Ribombee|39/100 tox|[from] psn
|upkeep
|turn|5
|
|t:|1760873362
|move|p2a: Ribombee|Psychic Noise|p1a: Clodsire
|-supereffective|p1a: Clodsire
|-damage|p1a: Clodsire|13/100 par
|cant|p1a: Clodsire|par
|
|-damage|p2a: Ribombee|9/100 tox|[from] psn
|-end|p1a: Clodsire|move: Heal Block
|upkeep
|turn|6
|
|t:|1760873371
|move|p2a: Ribombee|Psychic Noise|p1a: Clodsire
|-supereffective|p1a: Clodsire
|-damage|p1a: Clodsire|0 fnt
|faint|p1a: Clodsire
|
|-damage|p2a: Ribombee|0 fnt|[from] psn
|faint|p2a: Ribombee
|upkeep
|
|t:|1760873379
|switch|p2a: Skarmory|Skarmory, F|100/100
|switch|p1a: Indeedee|Indeedee-F, F|100/100
|-activate|p1a: Indeedee|move: Sticky Web
|-unboost|p1a: Indeedee|spe|1
|-fieldstart|move: Psychic Terrain|[from] ability: Psychic Surge|[of] p1a: Indeedee
|-damage|p2a: Skarmory|88/100|[from] Stealth Rock
|turn|7
|
|t:|1760873391
|move|p2a: Skarmory|Stealth Rock|p1a: Indeedee
|-sidestart|p1: potipot|move: Stealth Rock
|move|p1a: Indeedee|Psychic|p2a: Skarmory
|-resisted|p2a: Skarmory
|-damage|p2a: Skarmory|62/100
|
|upkeep
|turn|8
|
|t:|1760873401
|switch|p1a: Primarina|Primarina, M|100/100
|-activate|p1a: Primarina|move: Sticky Web
|-unboost|p1a: Primarina|spe|1
|-damage|p1a: Primarina|88/100|[from] Stealth Rock
|move|p2a: Skarmory|Spikes|p1a: Primarina
|-sidestart|p1: potipot|Spikes
|
|-heal|p1a: Primarina|94/100|[from] item: Leftovers
|upkeep
|turn|9
|
|t:|1760873411
|move|p2a: Skarmory|Spikes|p1a: Primarina
|-sidestart|p1: potipot|Spikes
|move|p1a: Primarina|Calm Mind|p1a: Primarina
|-boost|p1a: Primarina|spa|1
|-boost|p1a: Primarina|spd|1
|
|-heal|p1a: Primarina|99/100|[from] item: Leftovers
|upkeep
|turn|10
|
|t:|1760873419
|move|p1a: Primarina|Calm Mind|p1a: Primarina
|-boost|p1a: Primarina|spa|1
|-boost|p1a: Primarina|spd|1
|move|p2a: Skarmory|Whirlwind|p1a: Primarina
|drag|p1a: Mimikyu|Mimikyu, M|100/100
|-activate|p1a: Mimikyu|move: Sticky Web
|-unboost|p1a: Mimikyu|spe|1
|-damage|p1a: Mimikyu|88/100|[from] Stealth Rock
|-damage|p1a: Mimikyu|72/100|[from] Spikes
|
|upkeep
|turn|11
|
|t:|1760873430
|move|p1a: Mimikyu|Play Rough|p2a: Skarmory|[miss]
|-miss|p1a: Mimikyu|p2a: Skarmory
|move|p2a: Skarmory|Spikes|p1a: Mimikyu
|-sidestart|p1: potipot|Spikes
|
|upkeep
|turn|12
|
|t:|1760873438
|move|p1a: Mimikyu|Play Rough|p2a: Skarmory
|-resisted|p2a: Skarmory
|-damage|p2a: Skarmory|51/100
|-damage|p1a: Mimikyu|55/100|[from] item: Rocky Helmet|[of] p2a: Skarmory
|move|p2a: Skarmory|Whirlwind|p1a: Mimikyu
|drag|p1a: Hawlucha|Hawlucha, M, shiny|100/100
|-damage|p1a: Hawlucha|88/100|[from] Stealth Rock
|-enditem|p1a: Hawlucha|Psychic Seed
|-boost|p1a: Hawlucha|spd|1|[from] item: Psychic Seed
|
|upkeep
|turn|13
|
|t:|1760873454
|move|p1a: Hawlucha|Close Combat|p2a: Skarmory
|-damage|p2a: Skarmory|21/100
|-unboost|p1a: Hawlucha|def|1
|-unboost|p1a: Hawlucha|spd|1
|-damage|p1a: Hawlucha|71/100|[from] item: Rocky Helmet|[of] p2a: Skarmory
|move|p2a: Skarmory|Roost|p2a: Skarmory
|-heal|p2a: Skarmory|71/100
|-singleturn|p2a: Skarmory|move: Roost
|
|upkeep
|turn|14
|
|t:|1760873464
|move|p1a: Hawlucha|Close Combat|p2a: Skarmory
|-damage|p2a: Skarmory|41/100
|-unboost|p1a: Hawlucha|def|1
|-unboost|p1a: Hawlucha|spd|1
|-damage|p1a: Hawlucha|55/100|[from] item: Rocky Helmet|[of] p2a: Skarmory
|move|p2a: Skarmory|Whirlwind|p1a: Hawlucha
|drag|p1a: Primarina|Primarina, M|99/100
|-activate|p1a: Primarina|move: Sticky Web
|-unboost|p1a: Primarina|spe|1
|-damage|p1a: Primarina|88/100|[from] Stealth Rock
|-damage|p1a: Primarina|63/100|[from] Spikes
|
|-heal|p1a: Primarina|69/100|[from] item: Leftovers
|-fieldend|move: Psychic Terrain
|upkeep
|turn|15
|
|t:|1760873480
|move|p1a: Primarina|Hyper Voice|p2a: Skarmory
|-damage|p2a: Skarmory|0 fnt
|faint|p2a: Skarmory
|
|-heal|p1a: Primarina|75/100|[from] item: Leftovers
|upkeep
|
|t:|1760873493
|switch|p2a: Kyurem|Kyurem|100/100
|-damage|p2a: Kyurem|76/100|[from] Stealth Rock
|-damage|p2a: Kyurem|59/100|[from] Spikes
|-ability|p2a: Kyurem|Pressure
|turn|16
|
|t:|1760873503
|move|p2a: Kyurem|Freeze-Dry|p1a: Primarina
|-supereffective|p1a: Primarina
|-damage|p1a: Primarina|0 fnt
|faint|p1a: Primarina
|
|upkeep
|
|t:|1760873510
|switch|p1a: Mimikyu|Mimikyu, M|55/100
|-activate|p1a: Mimikyu|move: Sticky Web
|-unboost|p1a: Mimikyu|spe|1
|-damage|p1a: Mimikyu|43/100|[from] Stealth Rock
|-damage|p1a: Mimikyu|18/100|[from] Spikes
|turn|17
|
|t:|1760873517
|move|p2a: Kyurem|Freeze-Dry|p1a: Mimikyu
|-activate|p1a: Mimikyu|ability: Disguise
|-damage|p1a: Mimikyu|18/100
|detailschange|p1a: Mimikyu|Mimikyu-Busted, M
|-damage|p1a: Mimikyu|6/100|[from] pokemon: Mimikyu-Busted
|-enditem|p1a: Mimikyu|Red Card|[of] p2a: Kyurem
|drag|p2a: Bisharp|Bisharp, F|100/100
|-damage|p2a: Bisharp|94/100|[from] Stealth Rock
|-damage|p2a: Bisharp|78/100|[from] Spikes
|move|p1a: Mimikyu|Play Rough|p2a: Bisharp
|-damage|p2a: Bisharp|50/100
|
|upkeep
|turn|18
|
|t:|1760873533
|move|p2a: Bisharp|Swords Dance|p2a: Bisharp
|-boost|p2a: Bisharp|atk|2
|move|p1a: Mimikyu|Drain Punch|p2a: Bisharp
|-supereffective|p2a: Bisharp
|-damage|p2a: Bisharp|0 fnt
|-heal|p1a: Mimikyu|35/100|[from] drain|[of] p2a: Bisharp
|faint|p2a: Bisharp
|
|upkeep
|
|t:|1760873550
|switch|p2a: Kyurem|Kyurem|59/100
|-damage|p2a: Kyurem|34/100|[from] Stealth Rock
|-damage|p2a: Kyurem|18/100|[from] Spikes
|-ability|p2a: Kyurem|Pressure
|turn|19
|
|t:|1760873565
|move|p1a: Mimikyu|Shadow Sneak|p2a: Kyurem
|-damage|p2a: Kyurem|3/100
|move|p2a: Kyurem|Ice Beam|p1a: Mimikyu
|-damage|p1a: Mimikyu|0 fnt
|faint|p1a: Mimikyu
|
|upkeep
|
|t:|1760873575
|switch|p1a: Hawlucha|Hawlucha, M, shiny|55/100
|-damage|p1a: Hawlucha|42/100|[from] Stealth Rock
|turn|20
|
|t:|1760873585
|-terastallize|p1a: Hawlucha|Steel
|move|p2a: Kyurem|Ice Beam|p1a: Hawlucha
|-resisted|p1a: Hawlucha
|-damage|p1a: Hawlucha|0 fnt
|faint|p1a: Hawlucha
|
|upkeep
|
|t:|1760873590
|switch|p1a: Indeedee|Indeedee-F, F|100/100
|-activate|p1a: Indeedee|move: Sticky Web
|-unboost|p1a: Indeedee|spe|1
|-damage|p1a: Indeedee|88/100|[from] Stealth Rock
|-damage|p1a: Indeedee|63/100|[from] Spikes
|-fieldstart|move: Psychic Terrain|[from] ability: Psychic Surge|[of] p1a: Indeedee
|turn|21
|
|t:|1760873598
|move|p2a: Kyurem|Ice Beam|p1a: Indeedee
|-damage|p1a: Indeedee|0 fnt
|faint|p1a: Indeedee
|
|upkeep
|
|t:|1760873602
|switch|p1a: Deoxys|Deoxys-Speed|100/100
|-activate|p1a: Deoxys|move: Sticky Web
|-unboost|p1a: Deoxys|spe|1
|-damage|p1a: Deoxys|88/100|[from] Stealth Rock
|-damage|p1a: Deoxys|63/100|[from] Spikes
|-ability|p1a: Deoxys|Pressure
|turn|22
|
|t:|1760873614
|move|p2a: Kyurem|Ice Beam|p1a: Deoxys
|-damage|p1a: Deoxys|0 fnt
|faint|p1a: Deoxys
|
|win|Crimson1821
|raw|potipot's rating: 1127 &rarr; <strong>1106</strong><br />(-21 for losing)
|raw|Crimson1821's rating: 1176 &rarr; <strong>1197</strong><br />(+21 for winning)
|c|☆potipot|ggwp
|l|☆potipot
|player|p1|
|l|☆Crimson1821
|player|p2|
