|j|☆beeboobaa
|j|☆pikachuplanet
|t:|1760876573
|gametype|singles
|player|p1|beeboobaa|1|1316
|player|p2|pikachuplanet|pokekid|1346
|gen|9
|tier|[Gen 9] OU
|rated|
|rule|HP Percentage Mod: HP is shown in percentages
|rule|Endless Battle Clause: Forcing endless battles is banned
|rule|Species Clause: Limit one of each Pokémon
|rule|OHKO Clause: OHKO moves are banned
|rule|Evasion Items Clause: Evasion items are banned
|rule|Evasion Moves Clause: Evasion moves are banned
|rule|Evasion Abilities Clause: Evasion abilities are banned
|rule|Sleep Moves Clause: Sleep-inducing moves are banned
|clearpoke
|poke|p1|Blastoise, M|
|poke|p1|Clefable, F|
|poke|p1|Cloyster, M|
|poke|p1|Chansey, F|
|poke|p1|Zapdos|
|poke|p1|Dragonite, M|
|poke|p2|Darkrai|
|poke|p2|Garchomp, M|
|poke|p2|Ogerpon-Wellspring, F|
|poke|p2|Moltres|
|poke|p2|Gholdengo|
|poke|p2|Great Tusk|
|teampreview
|inactive|Battle timer is ON: inactive players will automatically lose when time's up. (requested by beeboobaa)
|inactive|pikachuplanet also wants the timer to be on.
|
|t:|1760876581
|teamsize|p1|6
|teamsize|p2|6
|start
|switch|p1a: Cloyster|Cloyster, M|100/100
|switch|p2a: Gholdengo|Gholdengo|100/100
|turn|1
|
|t:|1760876587
|move|p2a: Gholdengo|Thunder Wave|p1a: Cloyster
|-status|p1a: Cloyster|par
|move|p1a: Cloyster|Shell Smash|p1a: Cloyster
|-unboost|p1a: Cloyster|def|1
|-unboost|p1a: Cloyster|spd|1
|-boost|p1a: Cloyster|atk|2
|-boost|p1a: Cloyster|spa|2
|-boost|p1a: Cloyster|spe|2
|
|upkeep
|turn|2
|
|t:|1760876593
|move|p2a: Gholdengo|Hex|p1a: Cloyster
|-damage|p1a: Cloyster|0 fnt
|faint|p1a: Cloyster
|
|upkeep
|
|t:|1760876601
|switch|p1a: Chansey|Chansey, F|100/100
|turn|3
|
|t:|1760876610
|switch|p2a: Ogerpon|Ogerpon-Wellspring, F|100/100
|move|p1a: Chansey|Calm Mind|p1a: Chansey
|-boost|p1a: Chansey|spa|1
|-boost|p1a: Chansey|spd|1
|
|upkeep
|turn|4
|
|t:|1760876617
|switch|p1a: Dragonite|Dragonite, M|100/100
|move|p2a: Ogerpon|Swords Dance|p2a: Ogerpon
|-boost|p2a: Ogerpon|atk|2
|
|upkeep
|turn|5
|
|t:|1760876623
|move|p2a: Ogerpon|U-turn|p1a: Dragonite
|-resisted|p1a: Dragonite
|-damage|p1a: Dragonite|87/100
|
|t:|1760876626
|switch|p2a: Darkrai|Darkrai, shiny|100/100|[from] U-turn
|move|p1a: Dragonite|Dragon Dance|p1a: Dragonite
|-boost|p1a: Dragonite|atk|1
|-boost|p1a: Dragonite|spe|1
|
|upkeep
|turn|6
|
|t:|1760876634
|-terastallize|p1a: Dragonite|Steel
|move|p2a: Darkrai|Ice Beam|p1a: Dragonite
|-resisted|p1a: Dragonite
|-damage|p1a: Dragonite|75/100
|move|p1a: Dragonite|Dragon Dance|p1a: Dragonite
|-boost|p1a: Dragonite|atk|1
|-boost|p1a: Dragonite|spe|1
|
|upkeep
|turn|7
|
|t:|1760876640
|move|p1a: Dragonite|Earthquake|p2a: Darkrai
|-damage|p2a: Darkrai|20/100
|move|p2a: Darkrai|Dark Pulse|p1a: Dragonite
|-damage|p1a: Dragonite|41/100
|
|-heal|p2a: Darkrai|26/100|[from] item: Leftovers
|upkeep
|turn|8
|
|t:|1760876647
|switch|p2a: Moltres|Moltres|100/100
|move|p1a: Dragonite|Roost|p1a: Dragonite
|-heal|p1a: Dragonite|91/100
|
|upkeep
|turn|9
|
|t:|1760876650
|move|p1a: Dragonite|Ice Spinner|p2a: Moltres
|-damage|p2a: Moltres|46/100
|-status|p1a: Dragonite|brn|[from] ability: Flame Body|[of] p2a: Moltres
|move|p2a: Moltres|Will-O-Wisp|p1a: Dragonite
|-fail|p1a: Dragonite|brn
|
|-damage|p1a: Dragonite|85/100 brn|[from] brn
|upkeep
|turn|10
|
|t:|1760876673
|switch|p1a: Chansey|Chansey, F|100/100
|move|p2a: Moltres|Roost|p2a: Moltres
|-heal|p2a: Moltres|96/100
|-singleturn|p2a: Moltres|move: Roost
|
|upkeep
|turn|11
|
|t:|1760876681
|switch|p2a: Ogerpon|Ogerpon-Wellspring, F|100/100
|move|p1a: Chansey|Seismic Toss|p2a: Ogerpon
|-damage|p2a: Ogerpon|67/100
|
|upkeep
|turn|12
|
|t:|1760876685
|switch|p1a: Dragonite|Dragonite, M, tera:Steel|85/100 brn
|move|p2a: Ogerpon|Ivy Cudgel|p1a: Dragonite|[anim] Ivy Cudgel Water
|-damage|p1a: Dragonite|24/100 brn
|
|-damage|p1a: Dragonite|18/100 brn|[from] brn
|upkeep
|turn|13
|
|t:|1760876692
|move|p2a: Ogerpon|Ivy Cudgel|p1a: Dragonite|[anim] Ivy Cudgel Water
|-damage|p1a: Dragonite|0 fnt
|faint|p1a: Dragonite
|
|upkeep
|
|t:|1760876694
|switch|p1a: Zapdos|Zapdos|100/100
|turn|14
|
|t:|1760876703
|move|p2a: Ogerpon|Ivy Cudgel|p1a: Zapdos|[anim] Ivy Cudgel Water
|-damage|p1a: Zapdos|49/100
|move|p1a: Zapdos|Hurricane|p2a: Ogerpon
|-supereffective|p2a: Ogerpon
|-damage|p2a: Ogerpon|0 fnt
|faint|p2a: Ogerpon
|
|upkeep
|
|t:|1760876710
|switch|p2a: Darkrai|Darkrai, shiny|26/100
|turn|15
|
|t:|1760876715
|switch|p1a: Chansey|Chansey, F|100/100
|move|p2a: Darkrai|Ice Beam|p1a: Chansey
|-damage|p1a: Chansey|93/100
|
|-heal|p2a: Darkrai|33/100|[from] item: Leftovers
|upkeep
|turn|16
|
|t:|1760876731
|switch|p2a: Garchomp|Garchomp, M|100/100
|move|p1a: Chansey|Shadow Ball|p2a: Garchomp
|-damage|p2a: Garchomp|92/100
|
|upkeep
|turn|17
|
|t:|1760876737
|switch|p1a: Clefable|Clefable, F|100/100
|move|p2a: Garchomp|Stealth Rock|p1a: Clefable
|-sidestart|p1: beeboobaa|move: Stealth Rock
|
|upkeep
|turn|18
|
|t:|1760876740
|move|p2a: Garchomp|Spikes|p1a: Clefable
|-sidestart|p1: beeboobaa|Spikes
|move|p1a: Clefable|Thunder Wave|p2a: Garchomp
|-immune|p2a: Garchomp
|
|upkeep
|turn|19
|c|☆beeboobaa|ops
|
|t:|1760876756
|move|p2a: Garchomp|Spikes|p1a: Clefable
|-sidestart|p1: beeboobaa|Spikes
|move|p1a: Clefable|Moonblast|p2a: Garchomp
|-supereffective|p2a: Garchomp
|-damage|p2a: Garchomp|32/100
|
|upkeep
|turn|20
|
|t:|1760876767
|move|p2a: Garchomp|Spikes|p1a: Clefable
|-sidestart|p1: beeboobaa|Spikes
|move|p1a: Clefable|Calm Mind|p1a: Clefable
|-boost|p1a: Clefable|spa|1
|-boost|p1a: Clefable|spd|1
|
|upkeep
|turn|21
|
|t:|1760876785
|switch|p2a: Gholdengo|Gholdengo|100/100
|move|p1a: Clefable|Moonblast|p2a: Gholdengo
|-resisted|p2a: Gholdengo
|-damage|p2a: Gholdengo|85/100
|
|-heal|p2a: Gholdengo|91/100|[from] item: Leftovers
|upkeep
|turn|22
|
|t:|1760876792
|move|p2a: Gholdengo|Thunder Wave|p1a: Clefable
|-status|p1a: Clefable|par
|move|p1a: Clefable|Calm Mind|p1a: Clefable
|-boost|p1a: Clefable|spa|1
|-boost|p1a: Clefable|spd|1
|
|-heal|p2a: Gholdengo|97/100|[from] item: Leftovers
|upkeep
|turn|23
|
|t:|1760876796
|switch|p2a: Moltres|Moltres|96/100
|move|p1a: Clefable|Calm Mind|p1a: Clefable
|-boost|p1a: Clefable|spa|1
|-boost|p1a: Clefable|spd|1
|
|upkeep
|turn|24
|
|t:|1760876799
|move|p1a: Clefable|Moonblast|p2a: Moltres
|-resisted|p2a: Moltres
|-damage|p2a: Moltres|66/100
|move|p2a: Moltres|Roar|p1a: Clefable
|drag|p1a: Blastoise|Blastoise, M|100/100
|-damage|p1a: Blastoise|88/100|[from] Stealth Rock
|-damage|p1a: Blastoise|63/100|[from] Spikes
|
|upkeep
|turn|25
|
|t:|1760876808
|move|p2a: Moltres|Will-O-Wisp|p1a: Blastoise
|-status|p1a: Blastoise|brn
|move|p1a: Blastoise|Ice Beam|p2a: Moltres
|-damage|p2a: Moltres|53/100
|
|-damage|p1a: Blastoise|57/100 brn|[from] brn
|upkeep
|turn|26
|
|t:|1760876813
|move|p2a: Moltres|Roost|p2a: Moltres
|-heal|p2a: Moltres|100/100
|-singleturn|p2a: Moltres|move: Roost
|move|p1a: Blastoise|Shell Smash|p1a: Blastoise
|-unboost|p1a: Blastoise|def|1
|-unboost|p1a: Blastoise|spd|1
|-boost|p1a: Blastoise|atk|2
|-boost|p1a: Blastoise|spa|2
|-boost|p1a: Blastoise|spe|2
|
|-damage|p1a: Blastoise|51/100 brn|[from] brn
|upkeep
|turn|27
|
|t:|1760876816
|move|p1a: Blastoise|Ice Beam|p2a: Moltres
|-damage|p2a: Moltres|70/100
|move|p2a: Moltres|Roar|p1a: Blastoise
|drag|p1a: Clefable|Clefable, F|100/100 par
|
|upkeep
|turn|28
|
|t:|1760876822
|switch|p2a: Great Tusk|Great Tusk|100/100
|-enditem|p2a: Great Tusk|Booster Energy
|-activate|p2a: Great Tusk|ability: Protosynthesis|[fromitem]
|-start|p2a: Great Tusk|protosynthesisatk
|move|p1a: Clefable|Thunder Wave|p2a: Great Tusk
|-immune|p2a: Great Tusk
|
|upkeep
|turn|29
|
|t:|1760876825
|move|p2a: Great Tusk|Knock Off|p1a: Clefable
|-resisted|p1a: Clefable
|-damage|p1a: Clefable|87/100 par
|-damage|p2a: Great Tusk|84/100|[from] item: Rocky Helmet|[of] p1a: Clefable
|-enditem|p1a: Clefable|Rocky Helmet|[from] move: Knock Off|[of] p2a: Great Tusk
|move|p1a: Clefable|Moonblast|p2a: Great Tusk
|-supereffective|p2a: Great Tusk
|-damage|p2a: Great Tusk|2/100
|
|upkeep
|turn|30
|
|t:|1760876834
|move|p2a: Great Tusk|Headlong Rush|p1a: Clefable
|-damage|p1a: Clefable|37/100 par
|-unboost|p2a: Great Tusk|def|1
|-unboost|p2a: Great Tusk|spd|1
|move|p1a: Clefable|Calm Mind|p1a: Clefable
|-boost|p1a: Clefable|spa|1
|-boost|p1a: Clefable|spd|1
|
|upkeep
|turn|31
|
|t:|1760876838
|move|p2a: Great Tusk|Headlong Rush|p1a: Clefable
|-damage|p1a: Clefable|0 fnt
|-unboost|p2a: Great Tusk|def|1
|-unboost|p2a: Great Tusk|spd|1
|faint|p1a: Clefable
|
|upkeep
|-message|beeboobaa forfeited.
|
|win|pikachuplanet
|raw|beeboobaa's rating: 1316 &rarr; <strong>1296</strong><br />(-20 for losing)
|raw|pikachuplanet's rating: 1320 &rarr; <strong>1340</strong><br />(+20 for winning)
|l|☆beeboobaa
|player|p1|
|l|☆pikachuplanet
|player|p2|
