|j|☆fullspread
|j|☆cynicalgiraffe17
|t:|1760741749
|gametype|singles
|player|p1|fullspread|brock|
|player|p2|cynicalgiraffe17|li|
|gen|9
|tier|[Gen 9] OU
|rule|HP Percentage Mod: HP is shown in percentages
|rule|Endless Battle Clause: Forcing endless battles is banned
|rule|Species Clause: Limit one of each Pokémon
|rule|OHKO Clause: OHKO moves are banned
|rule|Evasion Items Clause: Evasion items are banned
|rule|Evasion Moves Clause: Evasion moves are banned
|rule|Evasion Abilities Clause: Evasion abilities are banned
|rule|Sleep Moves Clause: Sleep-inducing moves are banned
|rule|Tier Shift Mod: Pokémon get stat buffs depending on their tier, excluding HP.
|raw|<div class="infobox"><details class="readmore" open><summary><strong>1 custom rule:</strong></summary> tier shift mod</details></div>
|clearpoke
|poke|p1|Salazzle, F|
|poke|p1|Zamazenta-*|
|poke|p1|Thundurus, M|
|poke|p1|Sandslash-Alola, F|
|poke|p1|Abomasnow, M|
|poke|p1|Flygon, F|
|poke|p2|Rotom-Wash|
|poke|p2|Jolteon, M|
|poke|p2|Emboar, M|
|poke|p2|Kleavor, M|
|poke|p2|Torterra, F|
|poke|p2|Dusknoir, M|
|teampreview
|c|☆cynicalgiraffe17|i was gamblin if you were gon snow or not
|c|☆fullspread|good u brought the whole crew i didnt want to see
|c|☆fullspread|glgl hf
|c|☆cynicalgiraffe17|glhf
|
|t:|1760741816
|teamsize|p1|6
|teamsize|p2|6
|start
|switch|p1a: hot chip|Salazzle, F, shiny|100/100
|switch|p2a: Kleavor|Kleavor, M|100/100
|turn|1
|
|t:|1760741833
|move|p1a: hot chip|Fake Out|p2a: Kleavor
|-resisted|p2a: Kleavor
|-damage|p2a: Kleavor|95/100
|-damage|p1a: hot chip|91/100|[from] item: Life Orb
|cant|p2a: Kleavor|flinch
|
|upkeep
|turn|2
|
|t:|1760741839
|move|p1a: hot chip|Overheat|p2a: Kleavor
|-damage|p2a: Kleavor|0 fnt
|-unboost|p1a: hot chip|spa|2
|faint|p2a: Kleavor
|-damage|p1a: hot chip|81/100|[from] item: Life Orb
|
|upkeep
|c|☆fullspread|fuck ur rocks
|c|☆cynicalgiraffe17|didnt know that got fake out lmao
|
|t:|1760741861
|switch|p2a: Rotom|Rotom-Wash|100/100
|turn|3
|
|t:|1760741873
|switch|p1a: Obama|Abomasnow, M, shiny|100/100
|-weather|Snowscape|[from] ability: Snow Warning|[of] p1a: Obama
|move|p2a: Rotom|Substitute|p2a: Rotom
|-start|p2a: Rotom|Substitute
|-damage|p2a: Rotom|75/100
|
|-weather|Snowscape|[upkeep]
|-heal|p2a: Rotom|82/100|[from] item: Leftovers
|upkeep
|turn|4
|
|t:|1760741881
|move|p2a: Rotom|Nasty Plot|p2a: Rotom
|-boost|p2a: Rotom|spa|2
|move|p1a: Obama|Giga Drain|p2a: Rotom
|-supereffective|p2a: Rotom
|-end|p2a: Rotom|Substitute
|
|-weather|Snowscape|[upkeep]
|-heal|p2a: Rotom|88/100|[from] item: Leftovers
|upkeep
|turn|5
|
|t:|1760741889
|move|p2a: Rotom|Shadow Ball|p1a: Obama
|-damage|p1a: Obama|67/100
|move|p1a: Obama|Giga Drain|p2a: Rotom
|-supereffective|p2a: Rotom
|-damage|p2a: Rotom|26/100
|-heal|p1a: Obama|91/100|[from] drain|[of] p2a: Rotom
|
|-weather|Snowscape|[upkeep]
|-heal|p2a: Rotom|32/100|[from] item: Leftovers
|-heal|p1a: Obama|97/100|[from] item: Leftovers
|upkeep
|turn|6
|
|t:|1760741899
|move|p2a: Rotom|Shadow Ball|p1a: Obama
|-damage|p1a: Obama|66/100
|move|p1a: Obama|Giga Drain|p2a: Rotom
|-supereffective|p2a: Rotom
|-damage|p2a: Rotom|0 fnt
|-heal|p1a: Obama|79/100|[from] drain|[of] p2a: Rotom
|faint|p2a: Rotom
|
|-weather|Snowscape|[upkeep]
|-heal|p1a: Obama|85/100|[from] item: Leftovers
|upkeep
|c|☆cynicalgiraffe17|yeah i think i lose already
|c|☆fullspread|i dont think so
|
|t:|1760741955
|switch|p2a: Emboar|Emboar, M|100/100
|turn|7
|
|t:|1760741995
|switch|p2a: Dusknoir|Dusknoir, M|100/100
|-item|p1a: Obama|Leftovers|[from] ability: Frisk|[of] p2a: Dusknoir
|move|p1a: Obama|Earth Power|p2a: Dusknoir
|-damage|p2a: Dusknoir|82/100
|
|-weather|none
|-heal|p1a: Obama|91/100|[from] item: Leftovers
|upkeep
|turn|8
|
|t:|1760742014
|switch|p1a: THUNDY|Thundurus, M|100/100
|move|p2a: Dusknoir|Fire Punch|p1a: THUNDY
|-damage|p1a: THUNDY|75/100
|
|upkeep
|turn|9
|
|t:|1760742049
|switch|p2a: Jolteon|Jolteon, M|100/100
|move|p1a: THUNDY|Nasty Plot|p1a: THUNDY
|-boost|p1a: THUNDY|spa|2
|
|upkeep
|turn|10
|
|t:|1760742075
|move|p2a: Jolteon|Volt Switch|p1a: THUNDY
|-damage|p1a: THUNDY|29/100
|
|t:|1760742077
|switch|p2a: Dusknoir|Dusknoir, M|82/100|[from] Volt Switch
|-item|p1a: THUNDY|Wide Lens|[from] ability: Frisk|[of] p2a: Dusknoir
|move|p1a: THUNDY|Focus Blast|p2a: Dusknoir
|-immune|p2a: Dusknoir
|
|upkeep
|turn|11
|
|t:|1760742087
|move|p1a: THUNDY|Thunderbolt|p2a: Dusknoir
|-damage|p2a: Dusknoir|0 fnt
|faint|p2a: Dusknoir
|
|upkeep
|
|t:|1760742094
|switch|p2a: Jolteon|Jolteon, M|100/100
|turn|12
|
|t:|1760742100
|switch|p1a: Obama|Abomasnow, M, shiny|91/100
|-weather|Snowscape|[from] ability: Snow Warning|[of] p1a: Obama
|move|p2a: Jolteon|Alluring Voice|p1a: Obama
|-damage|p1a: Obama|74/100
|
|-weather|Snowscape|[upkeep]
|-heal|p1a: Obama|80/100|[from] item: Leftovers
|upkeep
|turn|13
|
|t:|1760742129
|move|p2a: Jolteon|Weather Ball|p1a: Obama
|-damage|p1a: Obama|57/100
|move|p1a: Obama|Leech Seed|p2a: Jolteon
|-start|p2a: Jolteon|move: Leech Seed
|
|-weather|Snowscape|[upkeep]
|-heal|p1a: Obama|63/100|[from] item: Leftovers
|-damage|p2a: Jolteon|88/100|[from] Leech Seed|[of] p1a: Obama
|-heal|p1a: Obama|71/100|[silent]
|upkeep
|turn|14
|
|t:|1760742145
|switch|p2a: Emboar|Emboar, M|100/100
|move|p1a: Obama|Earth Power|p2a: Emboar
|-supereffective|p2a: Emboar
|-damage|p2a: Emboar|53/100
|
|-weather|Snowscape|[upkeep]
|-heal|p1a: Obama|77/100|[from] item: Leftovers
|upkeep
|turn|15
|
|t:|1760742166
|switch|p1a: fly on DEEZ|Flygon, F, shiny|100/100
|move|p2a: Emboar|Flare Blitz|p1a: fly on DEEZ
|-resisted|p1a: fly on DEEZ
|-damage|p1a: fly on DEEZ|61/100
|-damage|p2a: Emboar|42/100|[from] Recoil
|-enditem|p1a: fly on DEEZ|Red Card|[of] p2a: Emboar
|drag|p2a: Jolteon|Jolteon, M|88/100
|
|-weather|Snowscape|[upkeep]
|upkeep
|turn|16
|
|t:|1760742178
|switch|p1a: DIAMONDS DANCING|Sandslash-Alola, F, shiny|100/100
|move|p2a: Jolteon|Weather Ball|p1a: DIAMONDS DANCING
|-resisted|p1a: DIAMONDS DANCING
|-damage|p1a: DIAMONDS DANCING|95/100
|
|-weather|none
|-heal|p1a: DIAMONDS DANCING|100/100|[from] item: Leftovers
|upkeep
|turn|17
|
|t:|1760742200
|move|p2a: Jolteon|Thunderbolt|p1a: DIAMONDS DANCING
|-damage|p1a: DIAMONDS DANCING|62/100
|move|p1a: DIAMONDS DANCING|Curse|p1a: DIAMONDS DANCING
|-unboost|p1a: DIAMONDS DANCING|spe|1
|-boost|p1a: DIAMONDS DANCING|atk|1
|-boost|p1a: DIAMONDS DANCING|def|1
|
|-heal|p1a: DIAMONDS DANCING|69/100|[from] item: Leftovers
|upkeep
|turn|18
|
|t:|1760742205
|move|p2a: Jolteon|Volt Switch|p1a: DIAMONDS DANCING
|-damage|p1a: DIAMONDS DANCING|40/100
|
|t:|1760742207
|switch|p2a: Emboar|Emboar, M|42/100|[from] Volt Switch
|move|p1a: DIAMONDS DANCING|Amnesia|p1a: DIAMONDS DANCING
|-boost|p1a: DIAMONDS DANCING|spd|2
|
|-heal|p1a: DIAMONDS DANCING|47/100|[from] item: Leftovers
|upkeep
|turn|19
|
|t:|1760742220
|move|p2a: Emboar|Flare Blitz|p1a: DIAMONDS DANCING
|-supereffective|p1a: DIAMONDS DANCING
|-damage|p1a: DIAMONDS DANCING|0 fnt
|faint|p1a: DIAMONDS DANCING
|-damage|p2a: Emboar|27/100|[from] Recoil
|
|upkeep
|
|t:|1760742234
|switch|p1a: fly on DEEZ|Flygon, F, shiny|61/100
|turn|20
|
|t:|1760742241
|move|p2a: Emboar|Flare Blitz|p1a: fly on DEEZ
|-resisted|p1a: fly on DEEZ
|-damage|p1a: fly on DEEZ|22/100
|-damage|p2a: Emboar|17/100|[from] Recoil
|move|p1a: fly on DEEZ|Dragon Dance|p1a: fly on DEEZ
|-boost|p1a: fly on DEEZ|atk|1
|-boost|p1a: fly on DEEZ|spe|1
|
|upkeep
|turn|21
|
|t:|1760742247
|move|p1a: fly on DEEZ|Earthquake|p2a: Emboar
|-supereffective|p2a: Emboar
|-damage|p2a: Emboar|0 fnt
|faint|p2a: Emboar
|
|upkeep
|
|t:|1760742260
|switch|p2a: Torterra|Torterra, F|100/100
|turn|22
|
|t:|1760742265
|move|p1a: fly on DEEZ|U-turn|p2a: Torterra
|-supereffective|p2a: Torterra
|-damage|p2a: Torterra|37/100
|
|t:|1760742267
|switch|p1a: Obama|Abomasnow, M, shiny|77/100|[from] U-turn
|-weather|Snowscape|[from] ability: Snow Warning|[of] p1a: Obama
|move|p2a: Torterra|Shell Smash|p2a: Torterra
|-unboost|p2a: Torterra|def|1
|-unboost|p2a: Torterra|spd|1
|-boost|p2a: Torterra|atk|2
|-boost|p2a: Torterra|spa|2
|-boost|p2a: Torterra|spe|2
|
|-weather|Snowscape|[upkeep]
|-heal|p1a: Obama|83/100|[from] item: Leftovers
|upkeep
|turn|23
|
|t:|1760742271
|move|p1a: Obama|Ice Shard|p2a: Torterra
|-supereffective|p2a: Torterra
|-damage|p2a: Torterra|0 fnt
|faint|p2a: Torterra
|
|-weather|Snowscape|[upkeep]
|-heal|p1a: Obama|89/100|[from] item: Leftovers
|upkeep
|
|t:|1760742273
|switch|p2a: Jolteon|Jolteon, M|88/100
|turn|24
|c|☆cynicalgiraffe17|gg didnt think you were gon bring snow
|
|t:|1760742282
|move|p2a: Jolteon|Thunderbolt|p1a: Obama
|-resisted|p1a: Obama
|-damage|p1a: Obama|75/100
|move|p1a: Obama|Earth Power|p2a: Jolteon
|-supereffective|p2a: Jolteon
|-crit|p2a: Jolteon
|-damage|p2a: Jolteon|17/100
|
|-weather|Snowscape|[upkeep]
|-heal|p1a: Obama|81/100|[from] item: Leftovers
|upkeep
|turn|25
|c|☆fullspread|ill be honest i didnt really do anything with it lol
|
|t:|1760742305
|move|p2a: Jolteon|Thunderbolt|p1a: Obama
|-resisted|p1a: Obama
|-damage|p1a: Obama|66/100
|move|p1a: Obama|Earth Power|p2a: Jolteon
|-supereffective|p2a: Jolteon
|-damage|p2a: Jolteon|0 fnt
|faint|p2a: Jolteon
|
|win|fullspread
|c|☆fullspread|gg
|c|☆cynicalgiraffe17|gg
