|j|☆papagoi19
|j|☆TotallySkilled
|t:|1760810045
|gametype|singles
|player|p1|papagoi19|gentleman-gen4|1673
|player|p2|TotallySkilled|guzma|1622
|gen|9
|tier|[Gen 9] OU
|rated|
|rule|HP Percentage Mod: HP is shown in percentages
|rule|Endless Battle Clause: Forcing endless battles is banned
|rule|Species Clause: Limit one of each Pokémon
|rule|OHKO Clause: OHKO moves are banned
|rule|Evasion Items Clause: Evasion items are banned
|rule|Evasion Moves Clause: Evasion moves are banned
|rule|Evasion Abilities Clause: Evasion abilities are banned
|rule|Sleep Moves Clause: Sleep-inducing moves are banned
|clearpoke
|poke|p1|Dragapult, M|
|poke|p1|Slowbro, F|
|poke|p1|Samurott-Hisui, F|
|poke|p1|Gliscor, M|
|poke|p1|Great Tusk|
|poke|p1|Weezing-Galar, M|
|poke|p2|Moltres-Galar|
|poke|p2|Araquanid, F|
|poke|p2|Garchomp, F|
|poke|p2|Great Tusk|
|poke|p2|Sinistcha|
|poke|p2|Gholdengo|
|teampreview
|
|t:|1760810052
|teamsize|p1|6
|teamsize|p2|6
|start
|switch|p1a: Samurott|Samurott-Hisui, F, shiny|100/100
|switch|p2a: Garchomp|Garchomp, F|100/100
|turn|1
|
|t:|1760810060
|move|p1a: Samurott|Aqua Cutter|p2a: Garchomp
|-damage|p2a: Garchomp|69/100
|move|p2a: Garchomp|Dragon Tail|p1a: Samurott
|-damage|p1a: Samurott|67/100
|drag|p1a: Slowbro|Slowbro, F|100/100
|
|upkeep
|turn|2
|
|t:|1760810068
|move|p2a: Garchomp|Stealth Rock|p1a: Slowbro
|-sidestart|p1: papagoi19|move: Stealth Rock
|move|p1a: Slowbro|Scald|p2a: Garchomp
|-damage|p2a: Garchomp|41/100
|-status|p2a: Garchomp|brn
|
|-damage|p2a: Garchomp|35/100 brn|[from] brn
|upkeep
|turn|3
|
|t:|1760810073
|switch|p2a: Araquanid|Araquanid, F|100/100
|move|p1a: Slowbro|Icy Wind|p2a: Araquanid
|-resisted|p2a: Araquanid
|-damage|p2a: Araquanid|95/100
|-unboost|p2a: Araquanid|spe|1
|
|upkeep
|turn|4
|
|t:|1760810080
|move|p1a: Slowbro|Psychic Noise|p2a: Araquanid
|-damage|p2a: Araquanid|74/100
|-start|p2a: Araquanid|move: Heal Block
|move|p2a: Araquanid|Sticky Web|p1a: Slowbro
|-sidestart|p1: papagoi19|move: Sticky Web
|
|upkeep
|turn|5
|
|t:|1760810089
|switch|p2a: Gholdengo|Gholdengo|100/100
|move|p1a: Slowbro|Psychic Noise|p2a: Gholdengo
|-resisted|p2a: Gholdengo
|-damage|p2a: Gholdengo|88/100
|-start|p2a: Gholdengo|move: Heal Block
|
|upkeep
|turn|6
|
|t:|1760810098
|move|p2a: Gholdengo|Nasty Plot|p2a: Gholdengo
|-boost|p2a: Gholdengo|spa|2
|move|p1a: Slowbro|Scald|p2a: Gholdengo
|-damage|p2a: Gholdengo|59/100
|
|-end|p2a: Gholdengo|move: Heal Block
|upkeep
|turn|7
|
|t:|1760810105
|switch|p1a: Samurott|Samurott-Hisui, F, shiny|67/100
|-damage|p1a: Samurott|54/100|[from] Stealth Rock
|-activate|p1a: Samurott|move: Sticky Web
|-unboost|p1a: Samurott|spe|1
|move|p2a: Gholdengo|Recover|p2a: Gholdengo
|-heal|p2a: Gholdengo|100/100
|
|upkeep
|turn|8
|
|t:|1760810109
|-terastallize|p2a: Gholdengo|Steel
|move|p1a: Samurott|Sucker Punch|p2a: Gholdengo
|-damage|p2a: Gholdengo|71/100
|move|p2a: Gholdengo|Make It Rain|p1a: Samurott
|-resisted|p1a: Samurott
|-damage|p1a: Samurott|0 fnt
|-unboost|p2a: Gholdengo|spa|1
|faint|p1a: Samurott
|
|upkeep
|
|t:|1760810116
|switch|p1a: Dragapult|Dragapult, M|100/100
|-damage|p1a: Dragapult|88/100|[from] Stealth Rock
|-activate|p1a: Dragapult|move: Sticky Web
|-fail|p1a: Dragapult|unboost|[from] ability: Clear Body|[of] p1a: Dragapult
|turn|9
|
|t:|1760810123
|switch|p2a: Garchomp|Garchomp, F|35/100 brn
|move|p1a: Dragapult|Phantom Force||[still]
|-prepare|p1a: Dragapult|Phantom Force
|
|-damage|p2a: Garchomp|29/100 brn|[from] brn
|upkeep
|turn|10
|j| encostoo
|
|t:|1760810127
|move|p1a: Dragapult|Phantom Force|p2a: Garchomp|[from] lockedmove
|-damage|p2a: Garchomp|0 fnt
|-damage|p1a: Dragapult|76/100|[from] ability: Rough Skin|[of] p2a: Garchomp
|-damage|p1a: Dragapult|59/100|[from] item: Rocky Helmet|[of] p2a: Garchomp
|faint|p2a: Garchomp
|
|upkeep
|l| encostoo
|
|t:|1760810130
|switch|p2a: Moltres|Moltres-Galar|100/100
|turn|11
|j| encostoo
|l| encostoo
|
|t:|1760810139
|switch|p1a: Great Tusk|Great Tusk, shiny|100/100
|-damage|p1a: Great Tusk|98/100|[from] Stealth Rock
|-activate|p1a: Great Tusk|move: Sticky Web
|-unboost|p1a: Great Tusk|spe|1
|switch|p2a: Gholdengo|Gholdengo, tera:Steel|71/100
|
|upkeep
|turn|12
|
|t:|1760810144
|move|p2a: Gholdengo|Make It Rain|p1a: Great Tusk
|-damage|p1a: Great Tusk|17/100
|-unboost|p2a: Gholdengo|spa|1
|move|p1a: Great Tusk|Rapid Spin|p2a: Gholdengo
|-resisted|p2a: Gholdengo
|-damage|p2a: Gholdengo|62/100
|-boost|p1a: Great Tusk|spe|1
|-sideend|p1: papagoi19|Stealth Rock|[from] move: Rapid Spin|[of] p1a: Great Tusk
|-sideend|p1: papagoi19|Sticky Web|[from] move: Rapid Spin|[of] p1a: Great Tusk
|
|upkeep
|turn|13
|
|t:|1760810158
|switch|p2a: Sinistcha|Sinistcha|100/100
|move|p1a: Great Tusk|Knock Off|p2a: Sinistcha
|-supereffective|p2a: Sinistcha
|-damage|p2a: Sinistcha|47/100
|-enditem|p2a: Sinistcha|Heavy-Duty Boots|[from] move: Knock Off|[of] p1a: Great Tusk
|
|upkeep
|turn|14
|
|t:|1760810162
|move|p1a: Great Tusk|Ice Spinner|p2a: Sinistcha
|-supereffective|p2a: Sinistcha
|-damage|p2a: Sinistcha|3/100
|move|p2a: Sinistcha|Shadow Ball|p1a: Great Tusk
|-damage|p1a: Great Tusk|0 fnt
|faint|p1a: Great Tusk
|-end|p1a: Great Tusk|Protosynthesis|[silent]
|
|upkeep
|
|t:|1760810173
|switch|p1a: Dragapult|Dragapult, M|59/100
|turn|15
|
|t:|1760810177
|move|p1a: Dragapult|U-turn|p2a: Sinistcha
|-damage|p2a: Sinistcha|0 fnt
|faint|p2a: Sinistcha
|
|t:|1760810193
|switch|p1a: Gliscor|Gliscor, M|100/100|[from] U-turn
|
|-status|p1a: Gliscor|tox|[from] item: Toxic Orb
|upkeep
|
|t:|1760810199
|switch|p2a: Araquanid|Araquanid, F|74/100
|turn|16
|
|t:|1760810214
|switch|p1a: Weezing|Weezing-Galar, M|100/100
|-ability|p1a: Weezing|Neutralizing Gas
|move|p2a: Araquanid|Surf|p1a: Weezing
|-damage|p1a: Weezing|53/100
|
|upkeep
|turn|17
|
|t:|1760810220
|move|p1a: Weezing|Sludge Wave|p2a: Araquanid
|-damage|p2a: Araquanid|29/100
|move|p2a: Araquanid|Surf|p1a: Weezing
|-damage|p1a: Weezing|4/100
|
|upkeep
|turn|18
|
|t:|1760810223
|move|p2a: Araquanid|Endure|p2a: Araquanid
|-singleturn|p2a: Araquanid|move: Endure
|move|p1a: Weezing|Sludge Wave|p2a: Araquanid
|-activate|p2a: Araquanid|move: Endure
|-damage|p2a: Araquanid|1/100
|
|upkeep
|turn|19
|-enditem|p2a: Araquanid|Custap Berry|[eat]
|-activate|p2a: Araquanid|item: Custap Berry|[consumed]
|
|t:|1760810226
|move|p2a: Araquanid|Surf|p1a: Weezing
|-damage|p1a: Weezing|0 fnt
|faint|p1a: Weezing
|-end|p1a: Weezing|ability: Neutralizing Gas
|
|upkeep
|
|t:|1760810228
|switch|p1a: Dragapult|Dragapult, M|59/100
|turn|20
|
|t:|1760810230
|move|p1a: Dragapult|U-turn|p2a: Araquanid
|-damage|p2a: Araquanid|0 fnt
|faint|p2a: Araquanid
|
|t:|1760810233
|switch|p1a: Gliscor|Gliscor, M|100/100 tox|[from] U-turn
|
|upkeep
|
|t:|1760810236
|switch|p2a: Great Tusk|Great Tusk|100/100
|-enditem|p2a: Great Tusk|Booster Energy
|-activate|p2a: Great Tusk|ability: Protosynthesis|[fromitem]
|-start|p2a: Great Tusk|protosynthesisatk
|turn|21
|
|t:|1760810249
|move|p2a: Great Tusk|Knock Off|p1a: Gliscor
|-damage|p1a: Gliscor|73/100 tox
|-enditem|p1a: Gliscor|Toxic Orb|[from] move: Knock Off|[of] p2a: Great Tusk
|move|p1a: Gliscor|Toxic|p2a: Great Tusk|[miss]
|-miss|p1a: Gliscor|p2a: Great Tusk
|
|-heal|p1a: Gliscor|85/100 tox|[from] ability: Poison Heal
|upkeep
|turn|22
|
|t:|1760810256
|switch|p1a: Dragapult|Dragapult, M|59/100
|move|p2a: Great Tusk|Ice Spinner|p1a: Dragapult
|-supereffective|p1a: Dragapult
|-damage|p1a: Dragapult|0 fnt
|faint|p1a: Dragapult
|
|upkeep
|
|t:|1760810260
|switch|p1a: Slowbro|Slowbro, F|100/100
|turn|23
|
|t:|1760810265
|-end|p2a: Great Tusk|Protosynthesis|[silent]
|switch|p2a: Moltres|Moltres-Galar|100/100
|move|p1a: Slowbro|Scald|p2a: Moltres
|-damage|p2a: Moltres|76/100
|
|-heal|p2a: Moltres|82/100|[from] item: Leftovers
|upkeep
|turn|24
|
|t:|1760810269
|-terastallize|p1a: Slowbro|Ground
|move|p2a: Moltres|Nasty Plot|p2a: Moltres
|-boost|p2a: Moltres|spa|2
|move|p1a: Slowbro|Body Slam|p2a: Moltres
|-damage|p2a: Moltres|65/100
|-status|p2a: Moltres|par
|
|-heal|p2a: Moltres|71/100 par|[from] item: Leftovers
|upkeep
|turn|25
|
|t:|1760810280
|move|p2a: Moltres|Fiery Wrath|p1a: Slowbro
|-damage|p1a: Slowbro|64/100
|move|p1a: Slowbro|Icy Wind|p2a: Moltres
|-supereffective|p2a: Moltres
|-damage|p2a: Moltres|48/100 par
|-unboost|p2a: Moltres|spe|1
|-ability|p2a: Moltres|Berserk|boost
|-boost|p2a: Moltres|spa|1
|
|-heal|p2a: Moltres|54/100 par|[from] item: Leftovers
|upkeep
|turn|26
|
|t:|1760810290
|cant|p2a: Moltres|par
|move|p1a: Slowbro|Scald|p2a: Moltres
|-damage|p2a: Moltres|32/100 par
|-ability|p2a: Moltres|Berserk|boost
|-boost|p2a: Moltres|spa|1
|
|-heal|p2a: Moltres|38/100 par|[from] item: Leftovers
|upkeep
|turn|27
|
|t:|1760810292
|move|p2a: Moltres|Fiery Wrath|p1a: Slowbro
|-damage|p1a: Slowbro|6/100
|cant|p1a: Slowbro|flinch
|
|-heal|p2a: Moltres|44/100 par|[from] item: Leftovers
|upkeep
|turn|28
|
|t:|1760810296
|move|p2a: Moltres|Fiery Wrath|p1a: Slowbro
|-damage|p1a: Slowbro|0 fnt
|faint|p1a: Slowbro
|
|-heal|p2a: Moltres|50/100 par|[from] item: Leftovers
|upkeep
|-message|papagoi19 forfeited.
|
|win|TotallySkilled
|raw|papagoi19's rating: 1673 &rarr; <strong>1650</strong><br />(-23 for losing)
|raw|TotallySkilled's rating: 1622 &rarr; <strong>1645</strong><br />(+23 for winning)
|l|☆papagoi19
|player|p1|
|l|☆TotallySkilled
|player|p2|
