|j|☆Baby Key
|j|☆Jinx Havoc
|t:|1760752602
|gametype|singles
|player|p1|Baby Key|2|1364
|player|p2|Jinx Havoc|rocketgruntf|1293
|gen|9
|tier|[Gen 9] OU
|rated|
|rule|HP Percentage Mod: HP is shown in percentages
|rule|Endless Battle Clause: Forcing endless battles is banned
|rule|Species Clause: Limit one of each Pokémon
|rule|OHKO Clause: OHKO moves are banned
|rule|Evasion Items Clause: Evasion items are banned
|rule|Evasion Moves Clause: Evasion moves are banned
|rule|Evasion Abilities Clause: Evasion abilities are banned
|rule|Sleep Moves Clause: Sleep-inducing moves are banned
|clearpoke
|poke|p1|Skeledirge, M|
|poke|p1|Ogerpon-Wellspring, F|
|poke|p1|Dragapult, F|
|poke|p1|Weezing-Galar, F|
|poke|p1|Ting-Lu|
|poke|p1|Corviknight, F|
|poke|p2|Vileplume, F|
|poke|p2|Weezing, F|
|poke|p2|Blastoise, F|
|poke|p2|Hitmonchan, M|
|poke|p2|Clefable, F|
|poke|p2|Rhydon, F|
|teampreview
|inactive|Battle timer is ON: inactive players will automatically lose when time's up. (requested by Baby Key)
|inactive|Jinx Havoc has 120 seconds left.
|inactive|Jinx Havoc has 90 seconds left.
|
|t:|1760752701
|teamsize|p1|6
|teamsize|p2|6
|start
|switch|p1a: Dragapult|Dragapult, F|100/100
|switch|p2a: Punchy|Hitmonchan, M|100/100
|turn|1
|
|t:|1760752718
|switch|p1a: Corviknight|Corviknight, F|100/100
|-ability|p1a: Corviknight|Pressure
|move|p2a: Punchy|Ice Punch|p1a: Corviknight
|-damage|p1a: Corviknight|82/100
|-status|p1a: Corviknight|frz
|-damage|p2a: Punchy|84/100|[from] item: Rocky Helmet|[of] p1a: Corviknight
|
|upkeep
|turn|2
|
|t:|1760752737
|switch|p1a: Skeledirge|Skeledirge, M|100/100
|move|p2a: Punchy|Drain Punch|p1a: Skeledirge
|-immune|p1a: Skeledirge
|
|upkeep
|turn|3
|
|t:|1760752744
|switch|p2a: Squirts|Blastoise, F|100/100
|move|p1a: Skeledirge|Will-O-Wisp|p2a: Squirts
|-status|p2a: Squirts|brn
|
|-damage|p2a: Squirts|94/100 brn|[from] brn
|upkeep
|turn|4
|inactive|Baby Key has 120 seconds left.
|
|t:|1760752781
|switch|p1a: Dragapult|Dragapult, F|100/100
|move|p2a: Squirts|Ice Beam|p1a: Dragapult
|-supereffective|p1a: Dragapult
|-damage|p1a: Dragapult|32/100
|
|-damage|p2a: Squirts|88/100 brn|[from] brn
|upkeep
|turn|5
|inactive|Jinx Havoc has 120 seconds left.
|
|t:|1760752824
|move|p1a: Dragapult|U-turn|p2a: Squirts
|-damage|p2a: Squirts|73/100 brn
|inactive|Baby Key has 90 seconds left.
|
|t:|1760752844
|switch|p1a: Corviknight|Corviknight, F|82/100 frz|[from] U-turn
|-ability|p1a: Corviknight|Pressure
|move|p2a: Squirts|Ice Beam|p1a: Corviknight
|-damage|p1a: Corviknight|57/100 frz
|
|-damage|p2a: Squirts|67/100 brn|[from] brn
|upkeep
|turn|6
|
|t:|1760752849
|move|p2a: Squirts|Hydro Pump|p1a: Corviknight
|-damage|p1a: Corviknight|17/100 frz
|cant|p1a: Corviknight|frz
|
|-damage|p2a: Squirts|60/100 brn|[from] brn
|upkeep
|turn|7
|
|t:|1760752854
|move|p2a: Squirts|Ice Beam|p1a: Corviknight
|-damage|p1a: Corviknight|0 fnt
|faint|p1a: Corviknight
|
|-damage|p2a: Squirts|54/100 brn|[from] brn
|upkeep
|
|t:|1760752858
|switch|p1a: Dragapult|Dragapult, F|32/100
|turn|8
|
|t:|1760752861
|move|p1a: Dragapult|Hex|p2a: Squirts
|-damage|p2a: Squirts|3/100 brn
|move|p2a: Squirts|Ice Beam|p1a: Dragapult
|-supereffective|p1a: Dragapult
|-damage|p1a: Dragapult|0 fnt
|faint|p1a: Dragapult
|
|-damage|p2a: Squirts|0 fnt|[from] brn
|faint|p2a: Squirts
|upkeep
|inactive|Baby Key has 120 seconds left.
|
|t:|1760752872
|switch|p1a: Ogerpon|Ogerpon-Wellspring, F|100/100
|switch|p2a: Orca|Rhydon, F|100/100
|turn|9
|
|t:|1760752876
|switch|p2a: Goth|Vileplume, F|100/100
|move|p1a: Ogerpon|Ivy Cudgel|p2a: Goth|[anim] Ivy Cudgel Water
|-resisted|p2a: Goth
|-damage|p2a: Goth|78/100
|
|upkeep
|turn|10
|
|t:|1760752886
|switch|p1a: Skeledirge|Skeledirge, M|100/100
|move|p2a: Goth|Leech Seed|p1a: Skeledirge
|-start|p1a: Skeledirge|move: Leech Seed
|
|-damage|p1a: Skeledirge|88/100|[from] Leech Seed|[of] p2a: Goth
|-heal|p2a: Goth|93/100|[silent]
|upkeep
|turn|11
|
|t:|1760752897
|switch|p2a: Peach|Clefable, F|100/100
|move|p1a: Skeledirge|Will-O-Wisp|p2a: Peach
|-status|p2a: Peach|brn
|
|-damage|p1a: Skeledirge|76/100|[from] Leech Seed|[of] p2a: Peach
|-damage|p2a: Peach|94/100 brn|[from] brn
|upkeep
|turn|12
|
|t:|1760752902
|switch|p1a: Weezing|Weezing-Galar, F|100/100
|-ability|p1a: Weezing|Neutralizing Gas
|move|p2a: Peach|Cosmic Power|p2a: Peach
|-boost|p2a: Peach|def|1
|-boost|p2a: Peach|spd|1
|
|-heal|p2a: Peach|100/100 brn|[from] item: Leftovers
|-damage|p2a: Peach|94/100 brn|[from] brn
|upkeep
|turn|13
|
|t:|1760752909
|move|p1a: Weezing|Sludge Bomb|p2a: Peach
|-supereffective|p2a: Peach
|-damage|p2a: Peach|67/100 brn
|move|p2a: Peach|Moonblast|p1a: Weezing
|-resisted|p1a: Weezing
|-damage|p1a: Weezing|81/100
|
|-heal|p2a: Peach|73/100 brn|[from] item: Leftovers
|-damage|p2a: Peach|67/100 brn|[from] brn
|upkeep
|turn|14
|
|t:|1760752914
|move|p1a: Weezing|Sludge Bomb|p2a: Peach
|-supereffective|p2a: Peach
|-damage|p2a: Peach|36/100 brn
|move|p2a: Peach|Cosmic Power|p2a: Peach
|-boost|p2a: Peach|def|1
|-boost|p2a: Peach|spd|1
|
|-heal|p2a: Peach|42/100 brn|[from] item: Leftovers
|-damage|p2a: Peach|36/100 brn|[from] brn
|upkeep
|turn|15
|
|t:|1760752920
|move|p1a: Weezing|Sludge Bomb|p2a: Peach
|-supereffective|p2a: Peach
|-damage|p2a: Peach|15/100 brn
|move|p2a: Peach|Moonlight|p2a: Peach
|-heal|p2a: Peach|65/100 brn
|
|-heal|p2a: Peach|71/100 brn|[from] item: Leftovers
|-damage|p2a: Peach|65/100 brn|[from] brn
|upkeep
|turn|16
|
|t:|1760752924
|move|p1a: Weezing|Sludge Bomb|p2a: Peach
|-supereffective|p2a: Peach
|-damage|p2a: Peach|45/100 brn
|move|p2a: Peach|Moonlight|p2a: Peach
|-heal|p2a: Peach|95/100 brn
|
|-heal|p2a: Peach|100/100 brn|[from] item: Leftovers
|-damage|p2a: Peach|94/100 brn|[from] brn
|upkeep
|turn|17
|
|t:|1760752930
|move|p1a: Weezing|Pain Split|p2a: Peach
|-sethp|p2a: Peach|83/100 brn|[from] move: Pain Split|[silent]
|-sethp|p1a: Weezing|92/100|[from] move: Pain Split
|move|p2a: Peach|Cosmic Power|p2a: Peach
|-boost|p2a: Peach|def|1
|-boost|p2a: Peach|spd|1
|
|-heal|p2a: Peach|90/100 brn|[from] item: Leftovers
|-damage|p2a: Peach|83/100 brn|[from] brn
|upkeep
|turn|18
|
|t:|1760752939
|move|p1a: Weezing|Sludge Bomb|p2a: Peach
|-supereffective|p2a: Peach
|-damage|p2a: Peach|65/100 brn
|move|p2a: Peach|Cosmic Power|p2a: Peach
|-boost|p2a: Peach|def|1
|-boost|p2a: Peach|spd|1
|
|-heal|p2a: Peach|71/100 brn|[from] item: Leftovers
|-damage|p2a: Peach|65/100 brn|[from] brn
|upkeep
|turn|19
|
|t:|1760752943
|move|p1a: Weezing|Sludge Bomb|p2a: Peach
|-supereffective|p2a: Peach
|-damage|p2a: Peach|50/100 brn
|move|p2a: Peach|Cosmic Power|p2a: Peach
|-boost|p2a: Peach|def|1
|-boost|p2a: Peach|spd|1
|
|-heal|p2a: Peach|56/100 brn|[from] item: Leftovers
|-damage|p2a: Peach|50/100 brn|[from] brn
|upkeep
|turn|20
|
|t:|1760752947
|move|p1a: Weezing|Sludge Bomb|p2a: Peach
|-supereffective|p2a: Peach
|-damage|p2a: Peach|38/100 brn
|move|p2a: Peach|Moonlight|p2a: Peach
|-heal|p2a: Peach|88/100 brn
|
|-heal|p2a: Peach|94/100 brn|[from] item: Leftovers
|-damage|p2a: Peach|88/100 brn|[from] brn
|upkeep
|turn|21
|
|t:|1760752949
|move|p1a: Weezing|Sludge Bomb|p2a: Peach
|-supereffective|p2a: Peach
|-damage|p2a: Peach|76/100 brn
|move|p2a: Peach|Cosmic Power|p2a: Peach
|-boost|p2a: Peach|def|1
|-boost|p2a: Peach|spd|1
|
|-heal|p2a: Peach|82/100 brn|[from] item: Leftovers
|-damage|p2a: Peach|76/100 brn|[from] brn
|upkeep
|turn|22
|
|t:|1760752953
|move|p1a: Weezing|Sludge Bomb|p2a: Peach
|-supereffective|p2a: Peach
|-damage|p2a: Peach|65/100 brn
|move|p2a: Peach|Moonlight|p2a: Peach
|-heal|p2a: Peach|100/100 brn
|
|-damage|p2a: Peach|94/100 brn|[from] brn
|upkeep
|turn|23
|
|t:|1760752956
|move|p1a: Weezing|Pain Split|p2a: Peach
|-sethp|p2a: Peach|89/100 brn|[from] move: Pain Split|[silent]
|-sethp|p1a: Weezing|98/100|[from] move: Pain Split
|move|p2a: Peach|Stored Power|p1a: Weezing
|-supereffective|p1a: Weezing
|-crit|p1a: Weezing
|-damage|p1a: Weezing|0 fnt
|faint|p1a: Weezing
|-end|p1a: Weezing|ability: Neutralizing Gas
|
|-heal|p2a: Peach|95/100 brn|[from] item: Leftovers
|-damage|p2a: Peach|89/100 brn|[from] brn
|upkeep
|-message|Baby Key forfeited.
|
|win|Jinx Havoc
|raw|Baby Key's rating: 1364 &rarr; <strong>1340</strong><br />(-24 for losing)
|raw|Jinx Havoc's rating: 1293 &rarr; <strong>1323</strong><br />(+30 for winning)
|l|☆Baby Key
|player|p1|
|l|☆Jinx Havoc
|player|p2|
