|j|☆Milesw1
|j|☆D Hazey
|t:|1760733174
|gametype|singles
|player|p1|Milesw1|266|1261
|player|p2|D Hazey|cynthia-masters|1321
|gen|9
|tier|[Gen 9] OU
|rated|
|rule|HP Percentage Mod: HP is shown in percentages
|rule|Endless Battle Clause: Forcing endless battles is banned
|rule|Species Clause: Limit one of each Pokémon
|rule|OHKO Clause: OHKO moves are banned
|rule|Evasion Items Clause: Evasion items are banned
|rule|Evasion Moves Clause: Evasion moves are banned
|rule|Evasion Abilities Clause: Evasion abilities are banned
|rule|Sleep Moves Clause: Sleep-inducing moves are banned
|clearpoke
|poke|p1|Iron Moth|
|poke|p1|Slither Wing|
|poke|p1|Clodsire, M|
|poke|p1|Ribombee, M|
|poke|p1|Zapdos-Galar|
|poke|p1|Frosmoth, F|
|poke|p2|Meowscarada, M|
|poke|p2|Araquanid, F|
|poke|p2|Zapdos|
|poke|p2|Great Tusk|
|poke|p2|Iron Moth|
|poke|p2|Dragapult, M|
|teampreview
|
|t:|1760733208
|teamsize|p1|6
|teamsize|p2|6
|start
|switch|p1a: Zapdos-Kanto|Zapdos-Galar, shiny|100/100
|switch|p2a: Meowscarada|Meowscarada, M|100/100
|turn|1
|
|t:|1760733220
|switch|p2a: Zapdos|Zapdos|100/100
|move|p1a: Zapdos-Kanto|Brave Bird|p2a: Zapdos
|-resisted|p2a: Zapdos
|-damage|p2a: Zapdos|66/100
|-damage|p1a: Zapdos-Kanto|84/100|[from] item: Rocky Helmet|[of] p2a: Zapdos
|-damage|p1a: Zapdos-Kanto|70/100|[from] Recoil
|
|upkeep
|turn|2
|
|t:|1760733249
|switch|p1a: VolcaPhonea|Iron Moth, shiny|100/100
|-enditem|p1a: VolcaPhonea|Booster Energy
|-activate|p1a: VolcaPhonea|ability: Quark Drive|[fromitem]
|-start|p1a: VolcaPhonea|quarkdrivespe
|switch|p2a: Great Tusk|Great Tusk|100/100
|
|upkeep
|turn|3
|
|t:|1760733284
|move|p1a: VolcaPhonea|Psychic|p2a: Great Tusk
|-supereffective|p2a: Great Tusk
|-damage|p2a: Great Tusk|62/100
|move|p2a: Great Tusk|Rapid Spin|p1a: VolcaPhonea
|-damage|p1a: VolcaPhonea|74/100
|-boost|p2a: Great Tusk|spe|1
|
|upkeep
|turn|4
|
|t:|1760733311
|move|p1a: VolcaPhonea|Energy Ball|p2a: Great Tusk
|-supereffective|p2a: Great Tusk
|-damage|p2a: Great Tusk|24/100
|move|p2a: Great Tusk|Headlong Rush|p1a: VolcaPhonea
|-supereffective|p1a: VolcaPhonea
|-damage|p1a: VolcaPhonea|0 fnt
|-unboost|p2a: Great Tusk|def|1
|-unboost|p2a: Great Tusk|spd|1
|faint|p1a: VolcaPhonea
|-end|p1a: VolcaPhonea|Quark Drive|[silent]
|
|upkeep
|
|t:|1760733335
|switch|p1a: Volcaronasaur|Slither Wing|100/100
|turn|5
|
|t:|1760733347
|-end|p2a: Great Tusk|Protosynthesis|[silent]
|switch|p2a: Zapdos|Zapdos|66/100
|move|p1a: Volcaronasaur|First Impression|p2a: Zapdos
|-resisted|p2a: Zapdos
|-damage|p2a: Zapdos|40/100
|-damage|p1a: Volcaronasaur|84/100|[from] item: Rocky Helmet|[of] p2a: Zapdos
|
|upkeep
|turn|6
|
|t:|1760733360
|move|p2a: Zapdos|Roost|p2a: Zapdos
|-heal|p2a: Zapdos|90/100
|-singleturn|p2a: Zapdos|move: Roost
|move|p1a: Volcaronasaur|Flare Blitz|p2a: Zapdos
|-damage|p2a: Zapdos|38/100
|-damage|p1a: Volcaronasaur|68/100|[from] item: Rocky Helmet|[of] p2a: Zapdos
|-damage|p1a: Volcaronasaur|46/100|[from] Recoil
|
|upkeep
|turn|7
|
|t:|1760733372
|move|p2a: Zapdos|Roost|p2a: Zapdos
|-heal|p2a: Zapdos|88/100
|-singleturn|p2a: Zapdos|move: Roost
|move|p1a: Volcaronasaur|Close Combat|p2a: Zapdos
|-damage|p2a: Zapdos|14/100
|-unboost|p1a: Volcaronasaur|def|1
|-unboost|p1a: Volcaronasaur|spd|1
|-damage|p1a: Volcaronasaur|30/100|[from] item: Rocky Helmet|[of] p2a: Zapdos
|
|upkeep
|turn|8
|
|t:|1760733383
|move|p2a: Zapdos|Volt Switch|p1a: Volcaronasaur
|-damage|p1a: Volcaronasaur|0 fnt
|faint|p1a: Volcaronasaur
|-end|p1a: Volcaronasaur|Protosynthesis|[silent]
|
|t:|1760733412
|switch|p2a: Araquanid|Araquanid, F, shiny|100/100|[from] Volt Switch
|
|upkeep
|
|t:|1760733423
|switch|p1a: ?|Clodsire, M|100/100
|turn|9
|
|t:|1760733433
|move|p2a: Araquanid|Sticky Web|p1a: ?
|-sidestart|p1: Milesw1|move: Sticky Web
|move|p1a: ?|Toxic|p2a: Araquanid
|-status|p2a: Araquanid|tox
|
|-damage|p2a: Araquanid|94/100 tox|[from] psn
|upkeep
|turn|10
|
|t:|1760733445
|switch|p2a: Great Tusk|Great Tusk|24/100
|move|p1a: ?|Stealth Rock|p2a: Great Tusk
|-sidestart|p2: D Hazey|move: Stealth Rock
|
|upkeep
|turn|11
|
|t:|1760733451
|move|p2a: Great Tusk|Rapid Spin|p1a: ?
|-damage|p1a: ?|89/100
|-boost|p2a: Great Tusk|spe|1
|-sideend|p2: D Hazey|Stealth Rock|[from] move: Rapid Spin|[of] p2a: Great Tusk
|move|p1a: ?|Earthquake|p2a: Great Tusk
|-damage|p2a: Great Tusk|9/100
|
|-heal|p1a: ?|95/100|[from] item: Leftovers
|upkeep
|turn|12
|
|t:|1760733464
|move|p2a: Great Tusk|Headlong Rush|p1a: ?
|-supereffective|p1a: ?
|-damage|p1a: ?|14/100
|-unboost|p2a: Great Tusk|def|1
|-unboost|p2a: Great Tusk|spd|1
|move|p1a: ?|Earthquake|p2a: Great Tusk
|-crit|p2a: Great Tusk
|-damage|p2a: Great Tusk|0 fnt
|faint|p2a: Great Tusk
|-end|p2a: Great Tusk|Protosynthesis|[silent]
|
|-heal|p1a: ?|20/100|[from] item: Leftovers
|upkeep
|
|t:|1760733486
|switch|p2a: Dragapult|Dragapult, M|100/100
|turn|13
|
|t:|1760733507
|move|p2a: Dragapult|Substitute|p2a: Dragapult
|-start|p2a: Dragapult|Substitute
|-damage|p2a: Dragapult|76/100
|move|p1a: ?|Stealth Rock|p2a: Dragapult
|-sidestart|p2: D Hazey|move: Stealth Rock
|
|-heal|p2a: Dragapult|82/100|[from] item: Leftovers
|-heal|p1a: ?|26/100|[from] item: Leftovers
|upkeep
|turn|14
|
|t:|1760733526
|switch|p1a: Sucker Punch|Frosmoth, F|100/100
|move|p2a: Dragapult|Dragon Dance|p2a: Dragapult
|-boost|p2a: Dragapult|atk|1
|-boost|p2a: Dragapult|spe|1
|
|-heal|p2a: Dragapult|88/100|[from] item: Leftovers
|upkeep
|turn|15
|
|t:|1760733573
|move|p2a: Dragapult|Dragon Darts|p1a: Sucker Punch
|-damage|p1a: Sucker Punch|25/100
|-anim|p2a: Dragapult|Dragon Darts|p1a: Sucker Punch
|-damage|p1a: Sucker Punch|0 fnt
|faint|p1a: Sucker Punch
|
|-heal|p2a: Dragapult|94/100|[from] item: Leftovers
|upkeep
|
|t:|1760733590
|switch|p1a: Ribombeast|Ribombee, M|100/100
|-activate|p1a: Ribombeast|move: Sticky Web
|-unboost|p1a: Ribombeast|spe|1
|turn|16
|
|t:|1760733597
|move|p2a: Dragapult|Phantom Force||[still]
|-prepare|p2a: Dragapult|Phantom Force
|move|p1a: Ribombeast|Moonblast|p2a: Dragapult|[miss]
|-miss|p1a: Ribombeast|p2a: Dragapult
|
|-heal|p2a: Dragapult|99/100|[from] item: Leftovers
|upkeep
|turn|17
|
|t:|1760733609
|move|p2a: Dragapult|Phantom Force|p1a: Ribombeast|[from] lockedmove
|-enditem|p1a: Ribombeast|Focus Sash
|-damage|p1a: Ribombeast|1/100
|move|p1a: Ribombeast|Moonblast|p2a: Dragapult
|-supereffective|p2a: Dragapult
|-end|p2a: Dragapult|Substitute
|
|-heal|p2a: Dragapult|100/100|[from] item: Leftovers
|upkeep
|turn|18
|
|t:|1760733624
|move|p2a: Dragapult|Phantom Force||[still]
|-prepare|p2a: Dragapult|Phantom Force
|move|p1a: Ribombeast|Moonblast|p2a: Dragapult|[miss]
|-miss|p1a: Ribombeast|p2a: Dragapult
|
|upkeep
|turn|19
|
|t:|1760733629
|move|p2a: Dragapult|Phantom Force|p1a: Ribombeast|[from] lockedmove
|-damage|p1a: Ribombeast|0 fnt
|faint|p1a: Ribombeast
|
|upkeep
|
|t:|1760733633
|switch|p1a: Zapdos-Kanto|Zapdos-Galar, shiny|70/100
|turn|20
|
|t:|1760733644
|move|p2a: Dragapult|Dragon Darts|p1a: Zapdos-Kanto
|-damage|p1a: Zapdos-Kanto|21/100
|-anim|p2a: Dragapult|Dragon Darts|p1a: Zapdos-Kanto
|-damage|p1a: Zapdos-Kanto|0 fnt
|faint|p1a: Zapdos-Kanto
|
|upkeep
|
|t:|1760733653
|switch|p1a: ?|Clodsire, M|26/100
|-activate|p1a: ?|move: Sticky Web
|-unboost|p1a: ?|spe|1
|turn|21
|
|t:|1760733656
|-terastallize|p1a: ?|Dark
|move|p2a: Dragapult|Dragon Darts|p1a: ?
|-damage|p1a: ?|6/100
|-anim|p2a: Dragapult|Dragon Darts|p1a: ?
|-damage|p1a: ?|0 fnt
|faint|p1a: ?
|
|win|D Hazey
|raw|Milesw1's rating: 1261 &rarr; <strong>1240</strong><br />(-21 for losing)
|raw|D Hazey's rating: 1321 &rarr; <strong>1338</strong><br />(+17 for winning)
|l|☆Milesw1
|player|p1|
