|j|☆MooFarmer
|j|☆powerfull_rock
|t:|1760790097
|gametype|singles
|player|p1|MooFarmer|1|1715
|player|p2|powerfull_rock|blackbelt|1705
|gen|9
|tier|[Gen 9] OU
|rated|
|rule|HP Percentage Mod: HP is shown in percentages
|rule|Endless Battle Clause: Forcing endless battles is banned
|rule|Species Clause: Limit one of each Pokémon
|rule|OHKO Clause: OHKO moves are banned
|rule|Evasion Items Clause: Evasion items are banned
|rule|Evasion Moves Clause: Evasion moves are banned
|rule|Evasion Abilities Clause: Evasion abilities are banned
|rule|Sleep Moves Clause: Sleep-inducing moves are banned
|clearpoke
|poke|p1|Kyurem|
|poke|p1|Corviknight, M|
|poke|p1|Ting-Lu|
|poke|p1|Dondozo, F|
|poke|p1|Slowking-Galar, L99, M|
|poke|p1|Cinderace, M|
|poke|p2|Clodsire, F|
|poke|p2|Conkeldurr, M|
|poke|p2|Enamorus, F|
|poke|p2|Ceruledge, M|
|poke|p2|Skarmory, F|
|poke|p2|Sinistcha|
|teampreview
|inactive|Battle timer is ON: inactive players will automatically lose when time's up. (requested by powerfull_rock)
|inactive|MooFarmer has 120 seconds left.
|
|t:|1760790144
|teamsize|p1|6
|teamsize|p2|6
|start
|switch|p1a: Corviknight|Corviknight, M|100/100
|switch|p2a: Clean Edge|Ceruledge, M|100/100
|-ability|p1a: Corviknight|Pressure
|turn|1
|inactive|MooFarmer also wants the timer to be on.
|j| riyuezi
|inactive|MooFarmer has 120 seconds left.
|j| LT123VB 87
|
|t:|1760790189
|move|p2a: Clean Edge|Bitter Blade|p1a: Corviknight
|-supereffective|p1a: Corviknight
|-damage|p1a: Corviknight|53/100
|-damage|p2a: Clean Edge|84/100|[from] item: Rocky Helmet|[of] p1a: Corviknight
|move|p1a: Corviknight|Brave Bird|p2a: Clean Edge
|-damage|p2a: Clean Edge|41/100
|-damage|p1a: Corviknight|41/100|[from] Recoil
|
|upkeep
|turn|2
|j| Disscratch
|inactive|MooFarmer has 90 seconds left.
|
|t:|1760790237
|-terastallize|p1a: Corviknight|Dragon
|move|p2a: Clean Edge|Bitter Blade|p1a: Corviknight
|-resisted|p1a: Corviknight
|-damage|p1a: Corviknight|30/100
|-heal|p2a: Clean Edge|47/100|[from] drain|[of] p1a: Corviknight
|-damage|p2a: Clean Edge|30/100|[from] item: Rocky Helmet|[of] p1a: Corviknight
|move|p1a: Corviknight|Roost|p1a: Corviknight
|-heal|p1a: Corviknight|80/100
|
|upkeep
|turn|3
|inactive|MooFarmer has 60 seconds left.
|l| riyuezi
|
|t:|1760790283
|switch|p2a: Fat Body|Clodsire, F, shiny|100/100
|move|p1a: Corviknight|Brave Bird|p2a: Fat Body
|-crit|p2a: Fat Body
|-damage|p2a: Fat Body|54/100
|-damage|p1a: Corviknight|62/100|[from] Recoil
|
|-heal|p2a: Fat Body|60/100|[from] item: Leftovers
|upkeep
|turn|4
|j| nsdede
|
|t:|1760790294
|move|p1a: Corviknight|U-turn|p2a: Fat Body
|-resisted|p2a: Fat Body
|-damage|p2a: Fat Body|54/100
|
|t:|1760790304
|switch|p1a: Slowking|Slowking-Galar, L99, M|100/100|[from] U-turn
|move|p2a: Fat Body|Toxic|p1a: Slowking
|-immune|p1a: Slowking
|
|-heal|p2a: Fat Body|60/100|[from] item: Leftovers
|upkeep
|turn|5
|
|t:|1760790312
|move|p2a: Fat Body|Earthquake|p1a: Slowking
|-supereffective|p1a: Slowking
|-damage|p1a: Slowking|48/100
|-prepare|p1a: Slowking|Chilly Reception|[premajor]
|move|p1a: Slowking|Chilly Reception|p1a: Slowking
|-weather|Snowscape
|
|t:|1760790321
|switch|p1a: Kyurem|Kyurem|100/100|[from] Chilly Reception
|-ability|p1a: Kyurem|Pressure
|
|-weather|Snowscape|[upkeep]
|-heal|p2a: Fat Body|66/100|[from] item: Leftovers
|upkeep
|turn|6
|
|t:|1760790329
|move|p1a: Kyurem|Substitute|p1a: Kyurem
|-start|p1a: Kyurem|Substitute
|-damage|p1a: Kyurem|75/100
|move|p2a: Fat Body|Stealth Rock|p1a: Kyurem
|-sidestart|p1: MooFarmer|move: Stealth Rock
|
|-weather|Snowscape|[upkeep]
|-heal|p1a: Kyurem|82/100|[from] item: Leftovers
|-heal|p2a: Fat Body|72/100|[from] item: Leftovers
|upkeep
|turn|7
|
|t:|1760790338
|switch|p2a: Metal Wing|Skarmory, F|100/100
|move|p1a: Kyurem|Freeze-Dry|p2a: Metal Wing
|-damage|p2a: Metal Wing|71/100
|
|-weather|Snowscape|[upkeep]
|-heal|p1a: Kyurem|88/100|[from] item: Leftovers
|-heal|p2a: Metal Wing|77/100|[from] item: Leftovers
|upkeep
|turn|8
|
|t:|1760790348
|move|p1a: Kyurem|Freeze-Dry|p2a: Metal Wing
|-damage|p2a: Metal Wing|45/100
|move|p2a: Metal Wing|Whirlwind|p1a: Kyurem
|drag|p1a: Ting-Lu|Ting-Lu|100/100
|-damage|p1a: Ting-Lu|94/100|[from] Stealth Rock
|-ability|p1a: Ting-Lu|Vessel of Ruin
|
|-weather|Snowscape|[upkeep]
|-heal|p2a: Metal Wing|51/100|[from] item: Leftovers
|-heal|p1a: Ting-Lu|100/100|[from] item: Leftovers
|upkeep
|turn|9
|j| riyuezi
|
|t:|1760790356
|switch|p2a: Wide Shoulder|Conkeldurr, M, shiny|100/100
|switch|p1a: Cinderace|Cinderace, M|100/100
|
|-weather|none
|-status|p2a: Wide Shoulder|brn|[from] item: Flame Orb
|upkeep
|turn|10
|l| riyuezi
|inactive|MooFarmer has 60 seconds left.
|
|t:|1760790365
|switch|p2a: Clean Edge|Ceruledge, M|30/100
|move|p1a: Cinderace|Court Change|p1a: Cinderace
|-swapsideconditions
|-activate|p1a: Cinderace|move: Court Change
|
|upkeep
|turn|11
|
|t:|1760790373
|move|p1a: Cinderace|U-turn|p2a: Clean Edge
|-resisted|p2a: Clean Edge
|-damage|p2a: Clean Edge|25/100
|
|t:|1760790382
|switch|p1a: Corviknight|Corviknight, M, tera:Dragon|62/100|[from] U-turn
|-ability|p1a: Corviknight|Pressure
|move|p2a: Clean Edge|Poltergeist|p1a: Corviknight
|-activate|p1a: Corviknight|move: Poltergeist|Rocky Helmet
|-damage|p1a: Corviknight|32/100
|
|upkeep
|turn|12
|
|t:|1760790397
|switch|p2a: Fat Body|Clodsire, F, shiny|72/100
|-damage|p2a: Fat Body|66/100|[from] Stealth Rock
|move|p1a: Corviknight|Roost|p1a: Corviknight
|-heal|p1a: Corviknight|82/100
|
|-heal|p2a: Fat Body|72/100|[from] item: Leftovers
|upkeep
|turn|13
|
|t:|1760790405
|move|p1a: Corviknight|U-turn|p2a: Fat Body
|-resisted|p2a: Fat Body
|-damage|p2a: Fat Body|66/100
|
|t:|1760790414
|switch|p1a: Slowking|Slowking-Galar, L99, M|82/100|[from] U-turn
|move|p2a: Fat Body|Stealth Rock|p1a: Slowking
|-sidestart|p1: MooFarmer|move: Stealth Rock
|
|-heal|p2a: Fat Body|72/100|[from] item: Leftovers
|upkeep
|turn|14
|
|t:|1760790423
|move|p2a: Fat Body|Earthquake|p1a: Slowking
|-supereffective|p1a: Slowking
|-damage|p1a: Slowking|26/100
|-prepare|p1a: Slowking|Chilly Reception|[premajor]
|move|p1a: Slowking|Chilly Reception|p1a: Slowking
|-weather|Snowscape
|
|t:|1760790432
|switch|p1a: Kyurem|Kyurem|88/100|[from] Chilly Reception
|-damage|p1a: Kyurem|63/100|[from] Stealth Rock
|-ability|p1a: Kyurem|Pressure
|
|-weather|Snowscape|[upkeep]
|-heal|p1a: Kyurem|69/100|[from] item: Leftovers
|-heal|p2a: Fat Body|79/100|[from] item: Leftovers
|upkeep
|turn|15
|j| Dragonlatios1
|
|t:|1760790445
|move|p1a: Kyurem|Freeze-Dry|p2a: Fat Body
|-supereffective|p2a: Fat Body
|-damage|p2a: Fat Body|33/100
|move|p2a: Fat Body|Earthquake|p1a: Kyurem
|-damage|p1a: Kyurem|51/100
|
|-weather|Snowscape|[upkeep]
|-heal|p1a: Kyurem|57/100|[from] item: Leftovers
|-heal|p2a: Fat Body|39/100|[from] item: Leftovers
|upkeep
|turn|16
|inactive|MooFarmer has 90 seconds left.
|
|t:|1760790454
|-terastallize|p2a: Fat Body|Dark
|move|p1a: Kyurem|Freeze-Dry|p2a: Fat Body
|-damage|p2a: Fat Body|15/100
|move|p2a: Fat Body|Toxic|p1a: Kyurem
|-status|p1a: Kyurem|tox
|
|-weather|Snowscape|[upkeep]
|-heal|p1a: Kyurem|64/100 tox|[from] item: Leftovers
|-heal|p2a: Fat Body|21/100|[from] item: Leftovers
|-damage|p1a: Kyurem|57/100 tox|[from] psn
|upkeep
|turn|17
|
|t:|1760790469
|switch|p2a: Wide Shoulder|Conkeldurr, M, shiny|100/100 brn
|-damage|p2a: Wide Shoulder|94/100 brn|[from] Stealth Rock
|move|p1a: Kyurem|Freeze-Dry|p2a: Wide Shoulder
|-damage|p2a: Wide Shoulder|54/100 brn
|
|-weather|Snowscape|[upkeep]
|-heal|p1a: Kyurem|64/100 tox|[from] item: Leftovers
|-damage|p1a: Kyurem|51/100 tox|[from] psn
|-damage|p2a: Wide Shoulder|48/100 brn|[from] brn
|upkeep
|turn|18
|inactive|MooFarmer has 90 seconds left.
|l| nsdede
|inactive|MooFarmer has 60 seconds left.
|
|t:|1760790516
|switch|p2a: Metal Wing|Skarmory, F|51/100
|-damage|p2a: Metal Wing|39/100|[from] Stealth Rock
|move|p1a: Kyurem|Freeze-Dry|p2a: Metal Wing
|-damage|p2a: Metal Wing|4/100
|
|-weather|none
|-heal|p1a: Kyurem|57/100 tox|[from] item: Leftovers
|-heal|p2a: Metal Wing|10/100|[from] item: Leftovers
|-damage|p1a: Kyurem|39/100 tox|[from] psn
|upkeep
|turn|19
|inactive|MooFarmer has 60 seconds left.
|l| Dragonlatios1
|inactive|MooFarmer has 30 seconds left.
|
|t:|1760790562
|move|p1a: Kyurem|Freeze-Dry|p2a: Metal Wing
|-damage|p2a: Metal Wing|0 fnt
|faint|p2a: Metal Wing
|
|-heal|p1a: Kyurem|45/100 tox|[from] item: Leftovers
|-damage|p1a: Kyurem|20/100 tox|[from] psn
|upkeep
|
|t:|1760790565
|switch|p2a: Love Snake|Enamorus, F|100/100
|-damage|p2a: Love Snake|76/100|[from] Stealth Rock
|turn|20
|
|t:|1760790573
|move|p2a: Love Snake|Moonblast|p1a: Kyurem
|-supereffective|p1a: Kyurem
|-damage|p1a: Kyurem|0 fnt
|faint|p1a: Kyurem
|
|-heal|p2a: Love Snake|82/100|[from] item: Leftovers
|upkeep
|j| poor ce
|
|t:|1760790582
|switch|p1a: Slowking|Slowking-Galar, L99, M|59/100
|turn|21
|
|t:|1760790596
|move|p2a: Love Snake|Earth Power|p1a: Slowking
|-supereffective|p1a: Slowking
|-damage|p1a: Slowking|24/100
|move|p1a: Slowking|Sludge Bomb|p2a: Love Snake
|-supereffective|p2a: Love Snake
|-damage|p2a: Love Snake|0 fnt
|faint|p2a: Love Snake
|
|upkeep
|
|t:|1760790600
|switch|p2a: Wide Shoulder|Conkeldurr, M, shiny|48/100 brn
|-damage|p2a: Wide Shoulder|42/100 brn|[from] Stealth Rock
|turn|22
|
|t:|1760790608
|switch|p1a: Corviknight|Corviknight, M, tera:Dragon|82/100
|-damage|p1a: Corviknight|70/100|[from] Stealth Rock
|-ability|p1a: Corviknight|Pressure
|move|p2a: Wide Shoulder|Drain Punch|p1a: Corviknight
|-damage|p1a: Corviknight|34/100
|-heal|p2a: Wide Shoulder|60/100 brn|[from] drain|[of] p1a: Corviknight
|-damage|p2a: Wide Shoulder|44/100 brn|[from] item: Rocky Helmet|[of] p1a: Corviknight
|
|-damage|p2a: Wide Shoulder|37/100 brn|[from] brn
|upkeep
|turn|23
|
|t:|1760790619
|move|p2a: Wide Shoulder|Drain Punch|p1a: Corviknight
|-damage|p1a: Corviknight|0 fnt
|-heal|p2a: Wide Shoulder|54/100 brn|[from] drain|[of] p1a: Corviknight
|-damage|p2a: Wide Shoulder|38/100 brn|[from] item: Rocky Helmet|[of] p1a: Corviknight
|faint|p1a: Corviknight
|
|-damage|p2a: Wide Shoulder|31/100 brn|[from] brn
|upkeep
|
|t:|1760790627
|switch|p1a: Cinderace|Cinderace, M|100/100
|turn|24
|inactive|MooFarmer has 60 seconds left.
|
|t:|1760790636
|switch|p2a: Clean Edge|Ceruledge, M|25/100
|move|p1a: Cinderace|Pyro Ball|p2a: Clean Edge
|-start|p2a: Clean Edge|ability: Flash Fire
|
|upkeep
|turn|25
|
|t:|1760790644
|move|p1a: Cinderace|U-turn|p2a: Clean Edge
|-resisted|p2a: Clean Edge
|-damage|p2a: Clean Edge|20/100
|
|t:|1760790653
|switch|p1a: Dondozo|Dondozo, F|100/100|[from] U-turn
|-damage|p1a: Dondozo|88/100|[from] Stealth Rock
|move|p2a: Clean Edge|Bitter Blade|p1a: Dondozo
|-resisted|p1a: Dondozo
|-damage|p1a: Dondozo|76/100
|-heal|p2a: Clean Edge|29/100|[from] drain|[of] p1a: Dondozo
|
|-heal|p1a: Dondozo|82/100|[from] item: Leftovers
|upkeep
|turn|26
|
|t:|1760790662
|-end|p2a: Clean Edge|ability: Flash Fire|[silent]
|switch|p2a: Broken Vessel|Sinistcha, shiny|100/100
|move|p1a: Dondozo|Waterfall|p2a: Broken Vessel
|-resisted|p2a: Broken Vessel
|-damage|p2a: Broken Vessel|90/100
|
|-heal|p1a: Dondozo|88/100|[from] item: Leftovers
|upkeep
|turn|27
|
|t:|1760790672
|switch|p2a: Wide Shoulder|Conkeldurr, M, shiny|31/100 brn
|-damage|p2a: Wide Shoulder|25/100 brn|[from] Stealth Rock
|switch|p1a: Slowking|Slowking-Galar, L99, M|57/100
|
|-damage|p2a: Wide Shoulder|19/100 brn|[from] brn
|upkeep
|turn|28
|
|t:|1760790680
|switch|p1a: Ting-Lu|Ting-Lu|100/100
|-damage|p1a: Ting-Lu|94/100|[from] Stealth Rock
|-ability|p1a: Ting-Lu|Vessel of Ruin
|move|p2a: Wide Shoulder|Facade|p1a: Ting-Lu
|-damage|p1a: Ting-Lu|52/100
|
|-heal|p1a: Ting-Lu|59/100|[from] item: Leftovers
|-damage|p2a: Wide Shoulder|13/100 brn|[from] brn
|upkeep
|turn|29
|
|t:|1760790689
|move|p2a: Wide Shoulder|Drain Punch|p1a: Ting-Lu
|-supereffective|p1a: Ting-Lu
|-damage|p1a: Ting-Lu|0 fnt
|-heal|p2a: Wide Shoulder|50/100 brn|[from] drain|[of] p1a: Ting-Lu
|faint|p1a: Ting-Lu
|
|-damage|p2a: Wide Shoulder|44/100 brn|[from] brn
|upkeep
|inactive|MooFarmer has 60 seconds left.
|l| LT123VB 87
|
|t:|1760790735
|switch|p1a: Cinderace|Cinderace, M|100/100
|turn|30
|inactive|MooFarmer has 30 seconds left.
|inactive|MooFarmer has 20 seconds left.
|inactive|MooFarmer has 15 seconds left.
|inactive|MooFarmer has 10 seconds left.
|
|t:|1760790781
|switch|p2a: Clean Edge|Ceruledge, M|29/100
|move|p1a: Cinderace|Pyro Ball|p2a: Clean Edge
|-start|p2a: Clean Edge|ability: Flash Fire
|
|upkeep
|turn|31
|inactive|MooFarmer has 20 seconds left this turn.
|inactive|MooFarmer has 15 seconds left.
|
|t:|1760790789
|move|p1a: Cinderace|U-turn|p2a: Clean Edge
|-resisted|p2a: Clean Edge
|-damage|p2a: Clean Edge|24/100
|inactive|MooFarmer has 20 seconds left this turn.
|inactive|MooFarmer has 15 seconds left.
|
|t:|1760790798
|switch|p1a: Dondozo|Dondozo, F|88/100|[from] U-turn
|-damage|p1a: Dondozo|76/100|[from] Stealth Rock
|move|p2a: Clean Edge|Bitter Blade|p1a: Dondozo
|-resisted|p1a: Dondozo
|-damage|p1a: Dondozo|64/100
|-heal|p2a: Clean Edge|32/100|[from] drain|[of] p1a: Dondozo
|
|-heal|p1a: Dondozo|70/100|[from] item: Leftovers
|upkeep
|turn|32
|inactive|MooFarmer has 25 seconds left this turn.
|inactive|MooFarmer has 20 seconds left.
|
|t:|1760790808
|-end|p2a: Clean Edge|ability: Flash Fire|[silent]
|switch|p2a: Broken Vessel|Sinistcha, shiny|90/100
|move|p1a: Dondozo|Waterfall|p2a: Broken Vessel
|-resisted|p2a: Broken Vessel
|-damage|p2a: Broken Vessel|80/100
|
|-heal|p1a: Dondozo|76/100|[from] item: Leftovers
|upkeep
|turn|33
|inactive|MooFarmer has 30 seconds left this turn.
|
|t:|1760790817
|switch|p1a: Slowking|Slowking-Galar, L99, M|90/100
|move|p2a: Broken Vessel|Shadow Ball|p1a: Slowking
|-supereffective|p1a: Slowking
|-damage|p1a: Slowking|48/100
|
|upkeep
|turn|34
|inactive|MooFarmer has 30 seconds left.
|
|t:|1760790833
|move|p2a: Broken Vessel|Shadow Ball|p1a: Slowking
|-supereffective|p1a: Slowking
|-damage|p1a: Slowking|11/100
|-unboost|p1a: Slowking|spd|1
|move|p1a: Slowking|Toxic|p2a: Broken Vessel
|-status|p2a: Broken Vessel|tox
|
|-damage|p2a: Broken Vessel|74/100 tox|[from] psn
|upkeep
|turn|35
|
|t:|1760790842
|switch|p2a: Clean Edge|Ceruledge, M|32/100
|switch|p1a: Cinderace|Cinderace, M|100/100
|
|upkeep
|turn|36
|
|t:|1760790850
|move|p1a: Cinderace|U-turn|p2a: Clean Edge
|-resisted|p2a: Clean Edge
|-damage|p2a: Clean Edge|26/100
|
|t:|1760790859
|switch|p1a: Dondozo|Dondozo, F|76/100|[from] U-turn
|-damage|p1a: Dondozo|64/100|[from] Stealth Rock
|move|p2a: Clean Edge|Poltergeist|p1a: Dondozo
|-activate|p1a: Dondozo|move: Poltergeist|Leftovers
|-crit|p1a: Dondozo
|-damage|p1a: Dondozo|33/100
|
|-heal|p1a: Dondozo|39/100|[from] item: Leftovers
|upkeep
|turn|37
|
|t:|1760790867
|switch|p2a: Broken Vessel|Sinistcha, shiny|74/100 tox
|move|p1a: Dondozo|Rest|p1a: Dondozo
|-status|p1a: Dondozo|slp|[from] move: Rest
|-heal|p1a: Dondozo|100/100 slp|[silent]
|
|-damage|p2a: Broken Vessel|68/100 tox|[from] psn
|upkeep
|turn|38
|
|t:|1760790876
|switch|p1a: Slowking|Slowking-Galar, L99, M|45/100
|move|p2a: Broken Vessel|Matcha Gotcha|p1a: Slowking
|-resisted|p1a: Slowking
|-damage|p1a: Slowking|35/100
|-heal|p2a: Broken Vessel|73/100 tox|[from] drain|[of] p1a: Slowking
|
|-damage|p2a: Broken Vessel|61/100 tox|[from] psn
|upkeep
|turn|39
|
|t:|1760790885
|switch|p2a: Clean Edge|Ceruledge, M|26/100
|switch|p1a: Dondozo|Dondozo, F|100/100 slp
|-damage|p1a: Dondozo|88/100 slp|[from] Stealth Rock
|
|-heal|p1a: Dondozo|94/100 slp|[from] item: Leftovers
|upkeep
|turn|40
|inactive|MooFarmer has 60 seconds left.
|
|t:|1760790893
|switch|p2a: Broken Vessel|Sinistcha, shiny|61/100 tox
|switch|p1a: Cinderace|Cinderace, M|100/100
|
|-damage|p2a: Broken Vessel|55/100 tox|[from] psn
|upkeep
|turn|41
|
|t:|1760790902
|move|p1a: Cinderace|U-turn|p2a: Broken Vessel
|-damage|p2a: Broken Vessel|41/100 tox
|
|t:|1760790911
|switch|p1a: Slowking|Slowking-Galar, L99, M|68/100|[from] U-turn
|move|p2a: Broken Vessel|Strength Sap|p1a: Slowking
|-unboost|p1a: Slowking|atk|1
|-heal|p2a: Broken Vessel|80/100 tox
|
|-damage|p2a: Broken Vessel|68/100 tox|[from] psn
|upkeep
|turn|42
|
|t:|1760790919
|move|p2a: Broken Vessel|Shadow Ball|p1a: Slowking
|-supereffective|p1a: Slowking
|-damage|p1a: Slowking|28/100
|-prepare|p1a: Slowking|Chilly Reception|[premajor]
|move|p1a: Slowking|Chilly Reception|p1a: Slowking
|-weather|Snowscape
|
|t:|1760790928
|switch|p1a: Dondozo|Dondozo, F|94/100 slp|[from] Chilly Reception
|-damage|p1a: Dondozo|82/100 slp|[from] Stealth Rock
|
|-weather|Snowscape|[upkeep]
|-heal|p1a: Dondozo|88/100 slp|[from] item: Leftovers
|-damage|p2a: Broken Vessel|49/100 tox|[from] psn
|upkeep
|turn|43
|
|t:|1760790937
|move|p2a: Broken Vessel|Strength Sap|p1a: Dondozo
|-unboost|p1a: Dondozo|atk|1
|-heal|p2a: Broken Vessel|100/100 tox
|cant|p1a: Dondozo|slp
|
|-weather|Snowscape|[upkeep]
|-heal|p1a: Dondozo|94/100 slp|[from] item: Leftovers
|-damage|p2a: Broken Vessel|76/100 tox|[from] psn
|upkeep
|turn|44
|
|t:|1760790945
|switch|p2a: Fat Body|Clodsire, F, shiny, tera:Dark|21/100
|-damage|p2a: Fat Body|9/100|[from] Stealth Rock
|switch|p1a: Slowking|Slowking-Galar, L99, M|61/100
|
|-weather|Snowscape|[upkeep]
|-heal|p2a: Fat Body|15/100|[from] item: Leftovers
|upkeep
|turn|45
|
|t:|1760790954
|switch|p1a: Dondozo|Dondozo, F|94/100 slp
|-damage|p1a: Dondozo|82/100 slp|[from] Stealth Rock
|move|p2a: Fat Body|Recover|p2a: Fat Body
|-heal|p2a: Fat Body|65/100
|
|-weather|Snowscape|[upkeep]
|-heal|p1a: Dondozo|88/100 slp|[from] item: Leftovers
|-heal|p2a: Fat Body|71/100|[from] item: Leftovers
|upkeep
|turn|46
|inactive|MooFarmer has 90 seconds left.
|
|t:|1760790962
|cant|p1a: Dondozo|slp
|move|p2a: Fat Body|Earthquake|p1a: Dondozo
|-damage|p1a: Dondozo|76/100 slp
|
|-weather|none
|-heal|p1a: Dondozo|82/100 slp|[from] item: Leftovers
|-heal|p2a: Fat Body|77/100|[from] item: Leftovers
|upkeep
|turn|47
|
|t:|1760790971
|-curestatus|p1a: Dondozo|slp|[msg]
|move|p1a: Dondozo|Waterfall|p2a: Fat Body
|-heal|p2a: Fat Body|100/100|[from] ability: Water Absorb|[of] p1a: Dondozo
|move|p2a: Fat Body|Earthquake|p1a: Dondozo
|-damage|p1a: Dondozo|69/100
|
|-heal|p1a: Dondozo|75/100|[from] item: Leftovers
|upkeep
|turn|48
|
|t:|1760790980
|move|p1a: Dondozo|Body Press|p2a: Fat Body
|-supereffective|p2a: Fat Body
|-damage|p2a: Fat Body|52/100
|move|p2a: Fat Body|Toxic|p1a: Dondozo
|-status|p1a: Dondozo|tox
|
|-heal|p1a: Dondozo|81/100 tox|[from] item: Leftovers
|-heal|p2a: Fat Body|58/100|[from] item: Leftovers
|-damage|p1a: Dondozo|75/100 tox|[from] psn
|upkeep
|turn|49
|
|t:|1760790992
|switch|p2a: Broken Vessel|Sinistcha, shiny|76/100 tox
|move|p1a: Dondozo|Body Press|p2a: Broken Vessel
|-immune|p2a: Broken Vessel
|
|-heal|p1a: Dondozo|81/100 tox|[from] item: Leftovers
|-damage|p2a: Broken Vessel|70/100 tox|[from] psn
|-damage|p1a: Dondozo|69/100 tox|[from] psn
|upkeep
|turn|50
|
|t:|1760791001
|move|p2a: Broken Vessel|Shadow Ball|p1a: Dondozo
|-damage|p1a: Dondozo|40/100 tox
|move|p1a: Dondozo|Rest|p1a: Dondozo
|-status|p1a: Dondozo|slp|[from] move: Rest
|-heal|p1a: Dondozo|100/100 slp|[silent]
|
|-damage|p2a: Broken Vessel|58/100 tox|[from] psn
|upkeep
|turn|51
|
|t:|1760791010
|switch|p1a: Slowking|Slowking-Galar, L99, M|95/100
|move|p2a: Broken Vessel|Shadow Ball|p1a: Slowking
|-supereffective|p1a: Slowking
|-damage|p1a: Slowking|57/100
|
|-damage|p2a: Broken Vessel|40/100 tox|[from] psn
|upkeep
|turn|52
|inactive|MooFarmer has 120 seconds left.
|
|t:|1760791019
|switch|p2a: Fat Body|Clodsire, F, shiny, tera:Dark|58/100
|-damage|p2a: Fat Body|46/100|[from] Stealth Rock
|move|p1a: Slowking|Future Sight|p2a: Fat Body
|-start|p1a: Slowking|move: Future Sight
|
|-heal|p2a: Fat Body|52/100|[from] item: Leftovers
|upkeep
|turn|53
|n| art of unmoning|disscratch
|l| art of unmoning
|
|t:|1760791027
|switch|p1a: Dondozo|Dondozo, F|100/100 slp
|-damage|p1a: Dondozo|88/100 slp|[from] Stealth Rock
|move|p2a: Fat Body|Earthquake|p1a: Dondozo
|-damage|p1a: Dondozo|77/100 slp
|
|-heal|p1a: Dondozo|83/100 slp|[from] item: Leftovers
|-heal|p2a: Fat Body|58/100|[from] item: Leftovers
|upkeep
|turn|54
|
|t:|1760791036
|cant|p1a: Dondozo|slp
|move|p2a: Fat Body|Earthquake|p1a: Dondozo
|-damage|p1a: Dondozo|71/100 slp
|
|-end|p2a: Fat Body|move: Future Sight
|-immune|p2a: Fat Body
|-heal|p1a: Dondozo|77/100 slp|[from] item: Leftovers
|-heal|p2a: Fat Body|64/100|[from] item: Leftovers
|upkeep
|turn|55
|
|t:|1760791045
|switch|p2a: Wide Shoulder|Conkeldurr, M, shiny|44/100 brn
|-damage|p2a: Wide Shoulder|38/100 brn|[from] Stealth Rock
|cant|p1a: Dondozo|slp
|
|-heal|p1a: Dondozo|83/100 slp|[from] item: Leftovers
|-damage|p2a: Wide Shoulder|31/100 brn|[from] brn
|upkeep
|turn|56
|inactive|MooFarmer has 120 seconds left.
|
|t:|1760791091
|move|p2a: Wide Shoulder|Drain Punch|p1a: Dondozo
|-damage|p1a: Dondozo|57/100 slp
|-heal|p2a: Wide Shoulder|48/100 brn|[from] drain|[of] p1a: Dondozo
|-curestatus|p1a: Dondozo|slp|[msg]
|move|p1a: Dondozo|Curse|p1a: Dondozo
|-unboost|p1a: Dondozo|spe|1
|-boost|p1a: Dondozo|atk|1
|-boost|p1a: Dondozo|def|1
|
|-heal|p1a: Dondozo|64/100|[from] item: Leftovers
|-damage|p2a: Wide Shoulder|41/100 brn|[from] brn
|upkeep
|turn|57
|inactive|MooFarmer has 90 seconds left.
|j| amimec
|
|t:|1760791137
|move|p2a: Wide Shoulder|Knock Off|p1a: Dondozo
|-damage|p1a: Dondozo|47/100
|-enditem|p1a: Dondozo|Leftovers|[from] move: Knock Off|[of] p2a: Wide Shoulder
|move|p1a: Dondozo|Waterfall|p2a: Wide Shoulder
|-damage|p2a: Wide Shoulder|1/100 brn
|
|-damage|p2a: Wide Shoulder|0 fnt|[from] brn
|faint|p2a: Wide Shoulder
|upkeep
|
|t:|1760791143
|switch|p2a: Broken Vessel|Sinistcha, shiny|40/100 tox
|turn|58
|
|t:|1760791151
|switch|p1a: Slowking|Slowking-Galar, L99, M|90/100
|move|p2a: Broken Vessel|Strength Sap|p1a: Slowking
|-unboost|p1a: Slowking|atk|1
|-heal|p2a: Broken Vessel|78/100 tox
|
|-damage|p2a: Broken Vessel|72/100 tox|[from] psn
|upkeep
|turn|59
|
|t:|1760791159
|move|p2a: Broken Vessel|Shadow Ball|p1a: Slowking
|-supereffective|p1a: Slowking
|-damage|p1a: Slowking|48/100
|move|p1a: Slowking|Sludge Bomb|p2a: Broken Vessel
|-damage|p2a: Broken Vessel|37/100 tox
|
|-damage|p2a: Broken Vessel|24/100 tox|[from] psn
|upkeep
|turn|60
|
|t:|1760791171
|switch|p2a: Fat Body|Clodsire, F, shiny, tera:Dark|64/100
|-damage|p2a: Fat Body|51/100|[from] Stealth Rock
|-prepare|p1a: Slowking|Chilly Reception|[premajor]
|move|p1a: Slowking|Chilly Reception|p1a: Slowking
|-weather|Snowscape
|
|t:|1760791179
|switch|p1a: Cinderace|Cinderace, M|100/100|[from] Chilly Reception
|
|-weather|Snowscape|[upkeep]
|-heal|p2a: Fat Body|58/100|[from] item: Leftovers
|upkeep
|turn|61
|inactive|MooFarmer has 90 seconds left.
|
|t:|1760791188
|move|p1a: Cinderace|Will-O-Wisp|p2a: Fat Body
|-status|p2a: Fat Body|brn
|move|p2a: Fat Body|Recover|p2a: Fat Body
|-heal|p2a: Fat Body|100/100 brn
|
|-weather|Snowscape|[upkeep]
|-damage|p2a: Fat Body|94/100 brn|[from] brn
|upkeep
|turn|62
|
|t:|1760791196
|move|p1a: Cinderace|U-turn|p2a: Fat Body
|-supereffective|p2a: Fat Body
|-crit|p2a: Fat Body
|-damage|p2a: Fat Body|47/100 brn
|
|t:|1760791205
|switch|p1a: Slowking|Slowking-Galar, L99, M|82/100|[from] U-turn
|move|p2a: Fat Body|Toxic|p1a: Slowking
|-immune|p1a: Slowking
|
|-weather|Snowscape|[upkeep]
|-heal|p2a: Fat Body|53/100 brn|[from] item: Leftovers
|-damage|p2a: Fat Body|47/100 brn|[from] brn
|upkeep
|turn|63
|
|t:|1760791213
|move|p2a: Fat Body|Recover|p2a: Fat Body
|-heal|p2a: Fat Body|97/100 brn
|move|p1a: Slowking|Future Sight|p2a: Fat Body
|-start|p1a: Slowking|move: Future Sight
|
|-weather|Snowscape|[upkeep]
|-heal|p2a: Fat Body|100/100 brn|[from] item: Leftovers
|-damage|p2a: Fat Body|94/100 brn|[from] brn
|upkeep
|turn|64
|
|t:|1760791222
|switch|p1a: Dondozo|Dondozo, F|47/100
|-damage|p1a: Dondozo|35/100|[from] Stealth Rock
|move|p2a: Fat Body|Earthquake|p1a: Dondozo
|-damage|p1a: Dondozo|29/100
|
|-weather|none
|-heal|p2a: Fat Body|100/100 brn|[from] item: Leftovers
|-damage|p2a: Fat Body|94/100 brn|[from] brn
|upkeep
|turn|65
|
|t:|1760791231
|move|p1a: Dondozo|Rest|p1a: Dondozo
|-status|p1a: Dondozo|slp|[from] move: Rest
|-heal|p1a: Dondozo|100/100 slp|[silent]
|move|p2a: Fat Body|Toxic||[still]
|-fail|p2a: Fat Body
|
|-end|p2a: Fat Body|move: Future Sight
|-immune|p2a: Fat Body
|-heal|p2a: Fat Body|100/100 brn|[from] item: Leftovers
|-damage|p2a: Fat Body|94/100 brn|[from] brn
|upkeep
|turn|66
|
|t:|1760791239
|switch|p2a: Broken Vessel|Sinistcha, shiny|24/100 tox
|cant|p1a: Dondozo|slp
|
|-damage|p2a: Broken Vessel|18/100 tox|[from] psn
|upkeep
|turn|67
|inactive|MooFarmer has 120 seconds left.
|
|t:|1760791248
|switch|p1a: Slowking|Slowking-Galar, L99, M|100/100
|move|p2a: Broken Vessel|Strength Sap|p1a: Slowking
|-unboost|p1a: Slowking|atk|1
|-heal|p2a: Broken Vessel|57/100 tox
|
|-damage|p2a: Broken Vessel|45/100 tox|[from] psn
|upkeep
|turn|68
|
|t:|1760791256
|switch|p2a: Fat Body|Clodsire, F, shiny, tera:Dark|94/100 brn
|-damage|p2a: Fat Body|82/100 brn|[from] Stealth Rock
|move|p1a: Slowking|Toxic||[still]
|-fail|p1a: Slowking
|
|-heal|p2a: Fat Body|88/100 brn|[from] item: Leftovers
|-damage|p2a: Fat Body|82/100 brn|[from] brn
|upkeep
|turn|69
|
|t:|1760791265
|switch|p2a: Broken Vessel|Sinistcha, shiny|45/100 tox
|move|p1a: Slowking|Sludge Bomb|p2a: Broken Vessel
|-damage|p2a: Broken Vessel|8/100 tox
|
|-damage|p2a: Broken Vessel|2/100 tox|[from] psn
|upkeep
|turn|70
|
|t:|1760791273
|move|p2a: Broken Vessel|Strength Sap|p1a: Slowking
|-unboost|p1a: Slowking|atk|1
|-heal|p2a: Broken Vessel|28/100 tox
|move|p1a: Slowking|Sludge Bomb|p2a: Broken Vessel
|-damage|p2a: Broken Vessel|0 fnt
|faint|p2a: Broken Vessel
|
|upkeep
|
|t:|1760791276
|switch|p2a: Clean Edge|Ceruledge, M|26/100
|turn|71
|inactive|MooFarmer has 120 seconds left.
|
|t:|1760791321
|switch|p1a: Dondozo|Dondozo, F|100/100 slp
|-damage|p1a: Dondozo|88/100 slp|[from] Stealth Rock
|move|p2a: Clean Edge|Poltergeist||[still]
|-fail|p2a: Clean Edge
|
|upkeep
|turn|72
|inactive|MooFarmer has 90 seconds left.
|
|t:|1760791365
|switch|p2a: Fat Body|Clodsire, F, shiny, tera:Dark|82/100 brn
|-damage|p2a: Fat Body|69/100 brn|[from] Stealth Rock
|cant|p1a: Dondozo|slp
|
|-heal|p2a: Fat Body|76/100 brn|[from] item: Leftovers
|-damage|p2a: Fat Body|69/100 brn|[from] brn
|upkeep
|turn|73
|
|t:|1760791374
|-curestatus|p1a: Dondozo|slp|[msg]
|move|p1a: Dondozo|Body Press|p2a: Fat Body
|-supereffective|p2a: Fat Body
|-damage|p2a: Fat Body|27/100 brn
|move|p2a: Fat Body|Earthquake|p1a: Dondozo
|-damage|p1a: Dondozo|82/100
|
|-heal|p2a: Fat Body|33/100 brn|[from] item: Leftovers
|-damage|p2a: Fat Body|27/100 brn|[from] brn
|upkeep
|turn|74
|
|t:|1760791382
|move|p1a: Dondozo|Body Press|p2a: Fat Body
|-supereffective|p2a: Fat Body
|-damage|p2a: Fat Body|0 fnt
|faint|p2a: Fat Body
|
|upkeep
|
|t:|1760791391
|switch|p2a: Clean Edge|Ceruledge, M|26/100
|turn|75
|inactive|MooFarmer has 90 seconds left.
|inactive|powerfull_rock has 120 seconds left.
|
|t:|1760791430
|move|p2a: Clean Edge|Bitter Blade|p1a: Dondozo
|-resisted|p1a: Dondozo
|-damage|p1a: Dondozo|74/100
|-heal|p2a: Clean Edge|32/100|[from] drain|[of] p1a: Dondozo
|move|p1a: Dondozo|Waterfall|p2a: Clean Edge
|-supereffective|p2a: Clean Edge
|-damage|p2a: Clean Edge|0 fnt
|faint|p2a: Clean Edge
|
|win|MooFarmer
|raw|MooFarmer's rating: 1715 &rarr; <strong>1734</strong><br />(+19 for winning)
|raw|powerfull_rock's rating: 1705 &rarr; <strong>1686</strong><br />(-19 for losing)
|l|☆MooFarmer
|player|p1|
|l|☆powerfull_rock
|player|p2|
