|j|☆polgo
|j|☆Ivanpmd
|t:|1760875851
|gametype|singles
|player|p1|polgo|swimmer-gen4|1153
|player|p2|Ivanpmd|cheren-gen5bw2|1098
|gen|9
|tier|[Gen 9] OU
|rated|
|rule|HP Percentage Mod: HP is shown in percentages
|rule|Endless Battle Clause: Forcing endless battles is banned
|rule|Species Clause: Limit one of each Pokémon
|rule|OHKO Clause: OHKO moves are banned
|rule|Evasion Items Clause: Evasion items are banned
|rule|Evasion Moves Clause: Evasion moves are banned
|rule|Evasion Abilities Clause: Evasion abilities are banned
|rule|Sleep Moves Clause: Sleep-inducing moves are banned
|clearpoke
|poke|p1|Krookodile, F|
|poke|p1|Ariados, M|
|poke|p1|Scrafty, M|
|poke|p1|Drifblim, M|
|poke|p1|Dewgong, F|
|poke|p1|Magnezone|
|poke|p2|Torkoal, F|
|poke|p2|Great Tusk|
|poke|p2|Raging Bolt|
|poke|p2|Walking Wake|
|poke|p2|Ceruledge, F|
|poke|p2|Venusaur, M|
|teampreview
|inactive|Battle timer is ON: inactive players will automatically lose when time's up. (requested by Ivanpmd)
|
|t:|1760875875
|teamsize|p1|6
|teamsize|p2|6
|start
|switch|p1a: Krookodile|Krookodile, F, shiny|100/100
|switch|p2a: Ceruledge|Ceruledge, F, shiny|100/100
|turn|1
|
|t:|1760875884
|switch|p2a: Torkoal|Torkoal, F, shiny|100/100
|-weather|SunnyDay|[from] ability: Drought|[of] p2a: Torkoal
|move|p1a: Krookodile|Knock Off|p2a: Torkoal
|-damage|p2a: Torkoal|73/100
|-enditem|p2a: Torkoal|Heat Rock|[from] move: Knock Off|[of] p1a: Krookodile
|
|-weather|SunnyDay|[upkeep]
|upkeep
|turn|2
|
|t:|1760875895
|switch|p2a: Lechuga|Venusaur, M, shiny|100/100
|move|p1a: Krookodile|Earthquake|p2a: Lechuga
|-damage|p2a: Lechuga|51/100
|
|-weather|SunnyDay|[upkeep]
|upkeep
|turn|3
|
|t:|1760875906
|move|p2a: Lechuga|Growth|p2a: Lechuga
|-boost|p2a: Lechuga|atk|2
|-boost|p2a: Lechuga|spa|2
|move|p1a: Krookodile|Knock Off|p2a: Lechuga
|-damage|p2a: Lechuga|4/100
|-enditem|p2a: Lechuga|Life Orb|[from] move: Knock Off|[of] p1a: Krookodile
|
|-weather|SunnyDay|[upkeep]
|upkeep
|turn|4
|
|t:|1760875914
|switch|p1a: Ariados|Ariados, M, shiny|100/100
|move|p2a: Lechuga|Solar Beam||[still]
|-prepare|p2a: Lechuga|Solar Beam
|-anim|p2a: Lechuga|Solar Beam|p1a: Ariados
|-resisted|p1a: Ariados
|-damage|p1a: Ariados|65/100
|
|-weather|SunnyDay|[upkeep]
|upkeep
|turn|5
|
|t:|1760875922
|move|p1a: Ariados|Sucker Punch|p2a: Lechuga
|-damage|p2a: Lechuga|0 fnt
|faint|p2a: Lechuga
|
|-weather|SunnyDay|[upkeep]
|upkeep
|
|t:|1760875930
|switch|p2a: Walking Wake|Walking Wake|100/100
|-activate|p2a: Walking Wake|ability: Protosynthesis
|-start|p2a: Walking Wake|protosynthesisspe
|turn|6
|
|t:|1760875943
|move|p1a: Ariados|Sucker Punch|p2a: Walking Wake
|-damage|p2a: Walking Wake|78/100
|move|p2a: Walking Wake|Flamethrower|p1a: Ariados
|-supereffective|p1a: Ariados
|-damage|p1a: Ariados|0 fnt
|faint|p1a: Ariados
|
|-weather|SunnyDay|[upkeep]
|upkeep
|
|t:|1760875959
|switch|p1a: Dewgong|Dewgong, F, shiny|100/100
|turn|7
|
|t:|1760875962
|move|p1a: Dewgong|Fake Out|p2a: Walking Wake
|-damage|p2a: Walking Wake|71/100
|cant|p2a: Walking Wake|flinch
|
|-weather|SunnyDay|[upkeep]
|upkeep
|turn|8
|
|t:|1760875970
|-end|p2a: Walking Wake|Protosynthesis|[silent]
|switch|p2a: Raging Bolt|Raging Bolt|100/100
|-activate|p2a: Raging Bolt|ability: Protosynthesis
|-start|p2a: Raging Bolt|protosynthesisspa
|move|p1a: Dewgong|Whirlpool|p2a: Raging Bolt|[miss]
|-miss|p1a: Dewgong|p2a: Raging Bolt
|
|-weather|none
|-end|p2a: Raging Bolt|Protosynthesis
|upkeep
|turn|9
|
|t:|1760875979
|move|p2a: Raging Bolt|Thunderclap|p1a: Dewgong
|-supereffective|p1a: Dewgong
|-damage|p1a: Dewgong|41/100
|move|p1a: Dewgong|Flip Turn|p2a: Raging Bolt
|-resisted|p2a: Raging Bolt
|-damage|p2a: Raging Bolt|95/100
|
|t:|1760875984
|switch|p1a: Krookodile|Krookodile, F, shiny|100/100|[from] Flip Turn
|
|-heal|p2a: Raging Bolt|100/100|[from] item: Leftovers
|upkeep
|turn|10
|
|t:|1760875996
|-end|p2a: Raging Bolt|Protosynthesis|[silent]
|switch|p2a: Torkoal|Torkoal, F, shiny|73/100
|-weather|SunnyDay|[from] ability: Drought|[of] p2a: Torkoal
|move|p1a: Krookodile|Bulk Up|p1a: Krookodile
|-boost|p1a: Krookodile|atk|1
|-boost|p1a: Krookodile|def|1
|
|-weather|SunnyDay|[upkeep]
|upkeep
|turn|11
|
|t:|1760876004
|switch|p2a: Walking Wake|Walking Wake|71/100
|-activate|p2a: Walking Wake|ability: Protosynthesis
|-start|p2a: Walking Wake|protosynthesisspe
|move|p1a: Krookodile|Earthquake|p2a: Walking Wake
|-damage|p2a: Walking Wake|2/100
|
|-weather|SunnyDay|[upkeep]
|upkeep
|turn|12
|
|t:|1760876014
|switch|p1a: Dewgong|Dewgong, F, shiny|41/100
|move|p2a: Walking Wake|Flamethrower|p1a: Dewgong
|-damage|p1a: Dewgong|16/100
|
|-weather|SunnyDay|[upkeep]
|-heal|p1a: Dewgong|22/100|[from] item: Leftovers
|upkeep
|turn|13
|
|t:|1760876023
|-end|p2a: Walking Wake|Protosynthesis|[silent]
|switch|p2a: Great Tusk|Great Tusk, shiny|100/100
|-activate|p2a: Great Tusk|ability: Protosynthesis
|-start|p2a: Great Tusk|protosynthesisatk
|move|p1a: Dewgong|Fake Out|p2a: Great Tusk
|-damage|p2a: Great Tusk|96/100
|
|-weather|SunnyDay|[upkeep]
|-heal|p1a: Dewgong|28/100|[from] item: Leftovers
|upkeep
|turn|14
|
|t:|1760876039
|switch|p1a: Drifblim|Drifblim, M, shiny|100/100
|move|p2a: Great Tusk|Rapid Spin|p1a: Drifblim
|-immune|p1a: Drifblim
|
|-weather|none
|-end|p2a: Great Tusk|Protosynthesis
|-status|p1a: Drifblim|brn|[from] item: Flame Orb
|upkeep
|turn|15
|-message|Ivanpmd forfeited.
|
|win|polgo
|raw|polgo's rating: 1153 &rarr; <strong>1174</strong><br />(+21 for winning)
|raw|Ivanpmd's rating: 1098 &rarr; <strong>1077</strong><br />(-21 for losing)
|l|☆Ivanpmd
|player|p2|
|l|☆polgo
|player|p1|
