|j|☆reqkt
|j|☆boyabc
|t:|1760793587
|gametype|singles
|player|p1|reqkt|backpacker|1090
|player|p2|boyabc|lyra|1084
|gen|9
|tier|[Gen 9] OU
|rated|
|rule|HP Percentage Mod: HP is shown in percentages
|rule|Endless Battle Clause: Forcing endless battles is banned
|rule|Species Clause: Limit one of each Pokémon
|rule|OHKO Clause: OHKO moves are banned
|rule|Evasion Items Clause: Evasion items are banned
|rule|Evasion Moves Clause: Evasion moves are banned
|rule|Evasion Abilities Clause: Evasion abilities are banned
|rule|Sleep Moves Clause: Sleep-inducing moves are banned
|clearpoke
|poke|p1|Zapdos-Galar|
|poke|p1|Articuno-Galar|
|poke|p1|Moltres-Galar|
|poke|p1|Arcanine, M|
|poke|p1|Alomomola, M|
|poke|p1|Thundurus, M|
|poke|p2|Pelipper, F|
|poke|p2|Zapdos|
|poke|p2|Kingdra, M|
|poke|p2|Manaphy|
|poke|p2|Ogerpon-Wellspring, F|
|poke|p2|Poliwrath, M|
|teampreview
|inactive|Battle timer is ON: inactive players will automatically lose when time's up. (requested by reqkt)
|
|t:|1760793598
|teamsize|p1|6
|teamsize|p2|6
|start
|switch|p1a: Thundurus|Thundurus, M|100/100
|switch|p2a: Pelipper|Pelipper, F|100/100
|-weather|RainDance|[from] ability: Drizzle|[of] p2a: Pelipper
|turn|1
|
|t:|1760793607
|switch|p2a: Zapdos|Zapdos|100/100
|move|p1a: Thundurus|Volt Switch|p2a: Zapdos
|-damage|p2a: Zapdos|58/100
|
|t:|1760793621
|switch|p1a: Arcanine|Arcanine, M|100/100|[from] Volt Switch
|-ability|p1a: Arcanine|Intimidate|boost
|-unboost|p2a: Zapdos|atk|1
|
|-weather|RainDance|[upkeep]
|upkeep
|turn|2
|
|t:|1760793634
|move|p2a: Zapdos|Thunder|p1a: Arcanine
|-damage|p1a: Arcanine|24/100
|-status|p1a: Arcanine|par
|cant|p1a: Arcanine|par
|
|-weather|RainDance|[upkeep]
|upkeep
|turn|3
|
|t:|1760793648
|move|p1a: Arcanine|Extreme Speed|p2a: Zapdos
|-damage|p2a: Zapdos|28/100
|move|p2a: Zapdos|Thunder|p1a: Arcanine
|-damage|p1a: Arcanine|0 fnt
|faint|p1a: Arcanine
|
|-weather|RainDance|[upkeep]
|upkeep
|
|t:|1760793660
|switch|p1a: Moltres|Moltres-Galar|100/100
|turn|4
|
|t:|1760793668
|move|p1a: Moltres|Fiery Wrath|p2a: Zapdos
|-damage|p2a: Zapdos|0 fnt
|faint|p2a: Zapdos
|
|-weather|RainDance|[upkeep]
|upkeep
|inactive|boyabc has 120 seconds left.
|
|t:|1760793702
|switch|p2a: Ogerpon|Ogerpon-Wellspring, F|100/100
|turn|5
|
|t:|1760793708
|move|p1a: Moltres|Fiery Wrath|p2a: Ogerpon
|-damage|p2a: Ogerpon|64/100
|move|p2a: Ogerpon|Swords Dance|p2a: Ogerpon
|-boost|p2a: Ogerpon|atk|2
|
|-weather|RainDance|[upkeep]
|upkeep
|turn|6
|
|t:|1760793716
|move|p1a: Moltres|Fiery Wrath|p2a: Ogerpon
|-damage|p2a: Ogerpon|26/100
|move|p2a: Ogerpon|Play Rough|p1a: Moltres
|-supereffective|p1a: Moltres
|-damage|p1a: Moltres|0 fnt
|faint|p1a: Moltres
|
|-weather|RainDance|[upkeep]
|upkeep
|inactive|reqkt has 120 seconds left.
|
|t:|1760793755
|switch|p1a: Thundurus|Thundurus, M|100/100
|turn|7
|
|t:|1760793774
|move|p1a: Thundurus|Thunder Wave|p2a: Ogerpon
|-status|p2a: Ogerpon|par
|move|p2a: Ogerpon|Horn Leech|p1a: Thundurus
|-resisted|p1a: Thundurus
|-damage|p1a: Thundurus|30/100
|-heal|p2a: Ogerpon|61/100 par|[from] drain|[of] p1a: Thundurus
|
|-weather|RainDance|[upkeep]
|upkeep
|turn|8
|
|t:|1760793785
|move|p1a: Thundurus|Volt Switch|p2a: Ogerpon
|-damage|p2a: Ogerpon|16/100 par
|inactive|reqkt has 120 seconds left.
|
|t:|1760793795
|switch|p1a: Zapdos|Zapdos-Galar|100/100|[from] Volt Switch
|cant|p2a: Ogerpon|par
|
|-weather|none
|upkeep
|turn|9
|
|t:|1760793803
|move|p1a: Zapdos|Acrobatics|p2a: Ogerpon
|-supereffective|p2a: Ogerpon
|-damage|p2a: Ogerpon|0 fnt
|faint|p2a: Ogerpon
|
|upkeep
|
|t:|1760793809
|switch|p2a: Pelipper|Pelipper, F|100/100
|-weather|RainDance|[from] ability: Drizzle|[of] p2a: Pelipper
|turn|10
|
|t:|1760793821
|move|p1a: Zapdos|U-turn|p2a: Pelipper
|-resisted|p2a: Pelipper
|-damage|p2a: Pelipper|88/100
|
|t:|1760793825
|switch|p1a: Alomomola|Alomomola, M|100/100|[from] U-turn
|move|p2a: Pelipper|Hurricane|p1a: Alomomola
|-damage|p1a: Alomomola|50/100
|-enditem|p1a: Alomomola|Red Card|[of] p2a: Pelipper
|drag|p2a: Kingdra|Kingdra, M|100/100
|
|-weather|RainDance|[upkeep]
|upkeep
|turn|11
|inactive|reqkt has 120 seconds left.
|
|t:|1760793856
|move|p2a: Kingdra|Hurricane|p1a: Alomomola
|-damage|p1a: Alomomola|0 fnt
|faint|p1a: Alomomola
|-damage|p2a: Kingdra|91/100|[from] item: Life Orb
|
|-weather|RainDance|[upkeep]
|upkeep
|
|t:|1760793867
|switch|p1a: Thundurus|Thundurus, M|30/100
|turn|12
|
|t:|1760793879
|move|p1a: Thundurus|Thunder Wave|p2a: Kingdra
|-status|p2a: Kingdra|par
|move|p2a: Kingdra|Ice Beam|p1a: Thundurus
|-supereffective|p1a: Thundurus
|-damage|p1a: Thundurus|0 fnt
|faint|p1a: Thundurus
|-damage|p2a: Kingdra|81/100 par|[from] item: Life Orb
|
|-weather|RainDance|[upkeep]
|upkeep
|inactive|reqkt has 120 seconds left.
|
|t:|1760793887
|switch|p1a: Articuno|Articuno-Galar, shiny|100/100
|turn|13
|
|t:|1760793898
|-terastallize|p1a: Articuno|Fairy
|move|p1a: Articuno|Substitute|p1a: Articuno
|-start|p1a: Articuno|Substitute
|-damage|p1a: Articuno|76/100
|move|p2a: Kingdra|Draco Meteor|p1a: Articuno
|-immune|p1a: Articuno
|
|-weather|RainDance|[upkeep]
|-heal|p1a: Articuno|82/100|[from] item: Leftovers
|upkeep
|turn|14
|
|t:|1760793920
|move|p1a: Articuno|Calm Mind|p1a: Articuno
|-boost|p1a: Articuno|spa|1
|-boost|p1a: Articuno|spd|1
|move|p2a: Kingdra|Weather Ball|p1a: Articuno
|-end|p1a: Articuno|Substitute
|-damage|p2a: Kingdra|71/100 par|[from] item: Life Orb
|
|-weather|RainDance|[upkeep]
|-heal|p1a: Articuno|88/100|[from] item: Leftovers
|upkeep
|turn|15
|
|t:|1760793934
|move|p1a: Articuno|Calm Mind|p1a: Articuno
|-boost|p1a: Articuno|spa|1
|-boost|p1a: Articuno|spd|1
|move|p2a: Kingdra|Hurricane|p1a: Articuno
|-damage|p1a: Articuno|64/100
|-damage|p2a: Kingdra|61/100 par|[from] item: Life Orb
|
|-weather|RainDance|[upkeep]
|-heal|p1a: Articuno|70/100|[from] item: Leftovers
|upkeep
|turn|16
|
|t:|1760793945
|move|p1a: Articuno|Substitute|p1a: Articuno
|-start|p1a: Articuno|Substitute
|-damage|p1a: Articuno|45/100
|cant|p2a: Kingdra|par
|
|-weather|RainDance|[upkeep]
|-heal|p1a: Articuno|51/100|[from] item: Leftovers
|upkeep
|turn|17
|
|t:|1760793960
|move|p1a: Articuno|Calm Mind|p1a: Articuno
|-boost|p1a: Articuno|spa|1
|-boost|p1a: Articuno|spd|1
|move|p2a: Kingdra|Weather Ball|p1a: Articuno
|-end|p1a: Articuno|Substitute
|-damage|p2a: Kingdra|51/100 par|[from] item: Life Orb
|
|-weather|none
|-heal|p1a: Articuno|58/100|[from] item: Leftovers
|upkeep
|turn|18
|
|t:|1760793972
|move|p1a: Articuno|Freezing Glare|p2a: Kingdra
|-damage|p2a: Kingdra|0 fnt
|faint|p2a: Kingdra
|
|-heal|p1a: Articuno|64/100|[from] item: Leftovers
|upkeep
|
|t:|1760793985
|switch|p2a: Manaphy|Manaphy, shiny|100/100
|turn|19
|
|t:|1760793990
|move|p2a: Manaphy|Take Heart|p2a: Manaphy
|-boost|p2a: Manaphy|spa|1
|-boost|p2a: Manaphy|spd|1
|move|p1a: Articuno|Freezing Glare|p2a: Manaphy
|-damage|p2a: Manaphy|31/100
|
|-heal|p2a: Manaphy|38/100|[from] item: Leftovers
|-heal|p1a: Articuno|70/100|[from] item: Leftovers
|upkeep
|turn|20
|
|t:|1760793999
|move|p2a: Manaphy|Take Heart|p2a: Manaphy
|-boost|p2a: Manaphy|spa|1
|-boost|p2a: Manaphy|spd|1
|move|p1a: Articuno|Freezing Glare|p2a: Manaphy
|-damage|p2a: Manaphy|0 fnt
|faint|p2a: Manaphy
|
|-heal|p1a: Articuno|76/100|[from] item: Leftovers
|upkeep
|
|t:|1760794010
|switch|p2a: Pelipper|Pelipper, F|88/100
|-weather|RainDance|[from] ability: Drizzle|[of] p2a: Pelipper
|turn|21
|
|t:|1760794017
|move|p1a: Articuno|Freezing Glare|p2a: Pelipper
|-damage|p2a: Pelipper|0 fnt
|faint|p2a: Pelipper
|
|-weather|RainDance|[upkeep]
|-heal|p1a: Articuno|82/100|[from] item: Leftovers
|upkeep
|
|t:|1760794024
|switch|p2a: Poliwrath|Poliwrath, M|100/100
|turn|22
|
|t:|1760794035
|-terastallize|p2a: Poliwrath|Water
|move|p2a: Poliwrath|Belly Drum|p2a: Poliwrath
|-damage|p2a: Poliwrath|50/100
|-setboost|p2a: Poliwrath|atk|6|[from] move: Belly Drum
|-enditem|p2a: Poliwrath|Sitrus Berry|[eat]
|-heal|p2a: Poliwrath|75/100|[from] item: Sitrus Berry
|move|p1a: Articuno|Freezing Glare|p2a: Poliwrath
|-damage|p2a: Poliwrath|0 fnt
|faint|p2a: Poliwrath
|
|win|reqkt
|raw|reqkt's rating: 1090 &rarr; <strong>1116</strong><br />(+26 for winning)
|raw|boyabc's rating: 1084 &rarr; <strong>1062</strong><br />(-22 for losing)
|l|☆boyabc
|player|p2|
|l|☆reqkt
|player|p1|
