|j|☆guapogibby
|j|☆AsH5o9
|t:|1760824763
|gametype|singles
|player|p1|guapogibby|hilbert|1060
|player|p2|AsH5o9|169|1072
|gen|9
|tier|[Gen 9] OU
|rated|
|rule|HP Percentage Mod: HP is shown in percentages
|rule|Endless Battle Clause: Forcing endless battles is banned
|rule|Species Clause: Limit one of each Pokémon
|rule|OHKO Clause: OHKO moves are banned
|rule|Evasion Items Clause: Evasion items are banned
|rule|Evasion Moves Clause: Evasion moves are banned
|rule|Evasion Abilities Clause: Evasion abilities are banned
|rule|Sleep Moves Clause: Sleep-inducing moves are banned
|clearpoke
|poke|p1|Ursaluna, M|
|poke|p1|Cresselia, F|
|poke|p1|Iron Valiant|
|poke|p1|Hatterene, F|
|poke|p1|Keldeo-Resolute|
|poke|p1|Ogerpon, F|
|poke|p2|Typhlosion, M|
|poke|p2|Granbull, F|
|poke|p2|Lokix, M|
|poke|p2|Talonflame, M|
|poke|p2|Rillaboom, M|
|poke|p2|Garganacl, M|
|teampreview
|
|t:|1760824777
|teamsize|p1|6
|teamsize|p2|6
|start
|switch|p1a: Keldeo|Keldeo-Resolute|100/100
|switch|p2a: Rillaboom|Rillaboom, M, shiny|100/100
|-fieldstart|move: Grassy Terrain|[from] ability: Grassy Surge|[of] p2a: Rillaboom
|turn|1
|
|t:|1760824809
|move|p1a: Keldeo|Secret Sword|p2a: Rillaboom
|-damage|p2a: Rillaboom|41/100
|move|p2a: Rillaboom|Bulk Up|p2a: Rillaboom
|-boost|p2a: Rillaboom|atk|1
|-boost|p2a: Rillaboom|def|1
|
|-heal|p2a: Rillaboom|47/100|[from] Grassy Terrain
|upkeep
|turn|2
|
|t:|1760824819
|move|p2a: Rillaboom|Grassy Glide|p1a: Keldeo
|-supereffective|p1a: Keldeo
|-damage|p1a: Keldeo|0 fnt
|faint|p1a: Keldeo
|
|-heal|p2a: Rillaboom|53/100|[from] Grassy Terrain
|upkeep
|
|t:|1760824826
|switch|p1a: Cresselia|Cresselia, F, shiny|100/100
|turn|3
|inactive|Battle timer is ON: inactive players will automatically lose when time's up. (requested by guapogibby)
|
|t:|1760824852
|move|p2a: Rillaboom|Bulk Up|p2a: Rillaboom
|-boost|p2a: Rillaboom|atk|1
|-boost|p2a: Rillaboom|def|1
|move|p1a: Cresselia|Trick Room|p1a: Cresselia
|-fieldstart|move: Trick Room|[of] p1a: Cresselia
|
|-heal|p2a: Rillaboom|59/100|[from] Grassy Terrain
|upkeep
|turn|4
|
|t:|1760824860
|move|p1a: Cresselia|Ice Beam|p2a: Rillaboom
|-supereffective|p2a: Rillaboom
|-damage|p2a: Rillaboom|18/100
|move|p2a: Rillaboom|Bulk Up|p2a: Rillaboom
|-boost|p2a: Rillaboom|atk|1
|-boost|p2a: Rillaboom|def|1
|
|-heal|p2a: Rillaboom|24/100|[from] Grassy Terrain
|upkeep
|turn|5
|
|t:|1760824871
|move|p1a: Cresselia|Ice Beam|p2a: Rillaboom
|-supereffective|p2a: Rillaboom
|-damage|p2a: Rillaboom|0 fnt
|faint|p2a: Rillaboom
|
|upkeep
|
|t:|1760824878
|switch|p2a: Kix-Lee|Lokix, M, shiny|100/100
|turn|6
|
|t:|1760824881
|move|p2a: Kix-Lee|First Impression|p1a: Cresselia
|-supereffective|p1a: Cresselia
|-damage|p1a: Cresselia|30/100
|-damage|p2a: Kix-Lee|84/100|[from] item: Rocky Helmet|[of] p1a: Cresselia
|move|p1a: Cresselia|Trick Room|p1a: Cresselia
|-fieldend|move: Trick Room
|
|-heal|p2a: Kix-Lee|90/100|[from] Grassy Terrain
|upkeep
|turn|7
|
|t:|1760824895
|switch|p2a: Garganacl|Garganacl, M, shiny|100/100
|move|p1a: Cresselia|Trick Room|p1a: Cresselia
|-fieldstart|move: Trick Room|[of] p1a: Cresselia
|
|upkeep
|turn|8
|
|t:|1760824910
|move|p2a: Garganacl|Salt Cure|p1a: Cresselia
|-damage|p1a: Cresselia|19/100
|-start|p1a: Cresselia|Salt Cure
|move|p1a: Cresselia|Lunar Dance|p1a: Cresselia
|faint|p1a: Cresselia
|
|-fieldend|move: Grassy Terrain
|upkeep
|
|t:|1760824931
|switch|p1a: Ursaluna|Ursaluna, M, shiny|100/100
|turn|9
|
|t:|1760824949
|-terastallize|p2a: Garganacl|Ghost
|move|p1a: Ursaluna|Headlong Rush|p2a: Garganacl
|-damage|p2a: Garganacl|52/100
|-unboost|p1a: Ursaluna|def|1
|-unboost|p1a: Ursaluna|spd|1
|move|p2a: Garganacl|Stealth Rock|p1a: Ursaluna
|-sidestart|p1: guapogibby|move: Stealth Rock
|
|-heal|p2a: Garganacl|58/100|[from] item: Leftovers
|-status|p1a: Ursaluna|brn|[from] item: Flame Orb
|upkeep
|turn|10
|
|t:|1760824969
|-terastallize|p1a: Ursaluna|Normal
|move|p1a: Ursaluna|Headlong Rush|p2a: Garganacl
|-damage|p2a: Garganacl|0 fnt
|-unboost|p1a: Ursaluna|def|1
|-unboost|p1a: Ursaluna|spd|1
|faint|p2a: Garganacl
|
|-damage|p1a: Ursaluna|94/100 brn|[from] brn
|upkeep
|
|t:|1760824981
|switch|p2a: Kix-Lee|Lokix, M, shiny|90/100
|turn|11
|
|t:|1760824988
|move|p2a: Kix-Lee|First Impression|p1a: Ursaluna
|-damage|p1a: Ursaluna|4/100 brn
|move|p1a: Ursaluna|Facade|p2a: Kix-Lee
|-damage|p2a: Kix-Lee|0 fnt
|faint|p2a: Kix-Lee
|
|-damage|p1a: Ursaluna|0 fnt|[from] brn
|faint|p1a: Ursaluna
|-fieldend|move: Trick Room
|upkeep
|
|t:|1760825007
|switch|p2a: Sunny-Badger|Typhlosion, M, shiny|100/100
|switch|p1a: Iron Valiant|Iron Valiant|100/100
|-damage|p1a: Iron Valiant|94/100|[from] Stealth Rock
|-enditem|p1a: Iron Valiant|Booster Energy
|-activate|p1a: Iron Valiant|ability: Quark Drive|[fromitem]
|-start|p1a: Iron Valiant|quarkdrivespe
|turn|12
|
|t:|1760825023
|move|p1a: Iron Valiant|Encore||[still]
|-fail|p1a: Iron Valiant
|move|p2a: Sunny-Badger|Eruption|p1a: Iron Valiant
|-damage|p1a: Iron Valiant|0 fnt
|faint|p1a: Iron Valiant
|-end|p1a: Iron Valiant|Quark Drive|[silent]
|
|upkeep
|
|t:|1760825030
|switch|p1a: Hatterene|Hatterene, F, shiny|100/100
|-damage|p1a: Hatterene|88/100|[from] Stealth Rock
|turn|13
|
|t:|1760825035
|move|p2a: Sunny-Badger|Eruption|p1a: Hatterene
|-damage|p1a: Hatterene|12/100
|move|p1a: Hatterene|Trick Room|p1a: Hatterene
|-fieldstart|move: Trick Room|[of] p1a: Hatterene
|
|upkeep
|turn|14
|
|t:|1760825051
|move|p1a: Hatterene|Psychic Noise|p2a: Sunny-Badger
|-damage|p2a: Sunny-Badger|42/100
|-start|p2a: Sunny-Badger|move: Heal Block
|move|p2a: Sunny-Badger|Eruption|p1a: Hatterene
|-damage|p1a: Hatterene|0 fnt
|faint|p1a: Hatterene
|
|upkeep
|
|t:|1760825054
|switch|p1a: Ogerpon|Ogerpon, F|100/100
|-damage|p1a: Ogerpon|88/100|[from] Stealth Rock
|turn|15
|
|t:|1760825064
|switch|p2a: MD 20/20|Granbull, F, shiny|100/100
|-ability|p2a: MD 20/20|Intimidate|boost
|-unboost|p1a: Ogerpon|atk|1
|-ability|p1a: Ogerpon|Defiant|boost
|-boost|p1a: Ogerpon|atk|2
|move|p1a: Ogerpon|Superpower|p2a: MD 20/20
|-resisted|p2a: MD 20/20
|-damage|p2a: MD 20/20|49/100
|-unboost|p1a: Ogerpon|atk|1
|-unboost|p1a: Ogerpon|def|1
|
|upkeep
|turn|16
|
|t:|1760825079
|move|p2a: MD 20/20|Play Rough|p1a: Ogerpon
|-damage|p1a: Ogerpon|0 fnt
|faint|p1a: Ogerpon
|
|win|AsH5o9
|raw|guapogibby's rating: 1060 &rarr; <strong>1042</strong><br />(-18 for losing)
|raw|AsH5o9's rating: 1072 &rarr; <strong>1100</strong><br />(+28 for winning)
|l|☆guapogibby
|player|p1|
