|j|☆pur1fy1ng salt
|j|☆i♡laufey
|inactive|Battle timer is ON: inactive players will automatically lose when time's up.
|t:|1760726572
|gametype|singles
|player|p1|pur1fy1ng salt|pokemaniac|
|player|p2|i♡laufey|miku-water|
|gen|9
|tier|[Gen 9] OU
|rated|Tournament battle
|rule|HP Percentage Mod: HP is shown in percentages
|rule|Endless Battle Clause: Forcing endless battles is banned
|rule|Species Clause: Limit one of each Pokémon
|rule|OHKO Clause: OHKO moves are banned
|rule|Evasion Items Clause: Evasion items are banned
|rule|Evasion Moves Clause: Evasion moves are banned
|rule|Evasion Abilities Clause: Evasion abilities are banned
|rule|Sleep Moves Clause: Sleep-inducing moves are banned
|clearpoke
|poke|p1|Deoxys-Speed|
|poke|p1|Gholdengo|
|poke|p1|Raging Bolt|
|poke|p1|Iron Moth|
|poke|p1|Great Tusk|
|poke|p1|Walking Wake|
|poke|p2|Iron Moth|
|poke|p2|Ting-Lu|
|poke|p2|Torkoal, M|
|poke|p2|Walking Wake|
|poke|p2|Great Tusk|
|poke|p2|Slither Wing|
|teampreview
|inactive|i♡laufey also wants the timer to be on.
|j| periko29
|j| hepepi
|j| Michy47
|j| 2011 Rooney
|c|☆i♡laufey|glhf
|c|☆pur1fy1ng salt|oh why am i in finals
|c|☆pur1fy1ng salt|glhf
|j| Tsekaini
|c|☆i♡laufey|u build teams right
|c|☆pur1fy1ng salt|but not too much luck...
|l| Tsekaini
|c|☆pur1fy1ng salt|yeah lol this one is a friends though
|inactive|pur1fy1ng salt has 120 seconds left.
|c|☆i♡laufey|nice
|j| RedemptiveSketch
|j| homerac
|l| RedemptiveSketch
|
|t:|1760726616
|teamsize|p1|6
|teamsize|p2|6
|start
|switch|p1a: Walking Wake|Walking Wake|100/100
|switch|p2a: Fake It Flowers|Slither Wing, shiny|100/100
|-enditem|p1a: Walking Wake|Booster Energy
|-activate|p1a: Walking Wake|ability: Protosynthesis|[fromitem]
|-start|p1a: Walking Wake|protosynthesisspa
|turn|1
|j| Kyurem
|
|t:|1760726622
|move|p1a: Walking Wake|Surf|p2a: Fake It Flowers
|-damage|p2a: Fake It Flowers|36/100
|move|p2a: Fake It Flowers|Close Combat|p1a: Walking Wake
|-damage|p1a: Walking Wake|0 fnt
|-unboost|p2a: Fake It Flowers|def|1
|-unboost|p2a: Fake It Flowers|spd|1
|faint|p1a: Walking Wake
|-end|p1a: Walking Wake|Protosynthesis|[silent]
|
|upkeep
|
|t:|1760726634
|switch|p1a: Deoxys|Deoxys-Speed|100/100
|-ability|p1a: Deoxys|Pressure
|turn|2
|
|t:|1760726642
|-end|p2a: Fake It Flowers|Protosynthesis|[silent]
|switch|p2a: Worth It|Torkoal, M|100/100
|-weather|SunnyDay|[from] ability: Drought|[of] p2a: Worth It
|move|p1a: Deoxys|Stealth Rock|p2a: Worth It
|-sidestart|p2: i♡laufey|move: Stealth Rock
|
|-weather|SunnyDay|[upkeep]
|upkeep
|turn|3
|
|t:|1760726647
|move|p1a: Deoxys|Knock Off|p2a: Worth It
|-damage|p2a: Worth It|89/100
|-enditem|p2a: Worth It|Heat Rock|[from] move: Knock Off|[of] p1a: Deoxys
|move|p2a: Worth It|Stealth Rock|p1a: Deoxys
|-sidestart|p1: pur1fy1ng salt|move: Stealth Rock
|
|-weather|SunnyDay|[upkeep]
|upkeep
|turn|4
|
|t:|1760726656
|move|p1a: Deoxys|Spikes|p2a: Worth It
|-sidestart|p2: i♡laufey|Spikes
|move|p2a: Worth It|Will-O-Wisp|p1a: Deoxys
|-status|p1a: Deoxys|brn
|
|-weather|SunnyDay|[upkeep]
|-damage|p1a: Deoxys|95/100 brn|[from] brn
|upkeep
|turn|5
|
|t:|1760726660
|switch|p1a: Gholdengo|Gholdengo|100/100
|-damage|p1a: Gholdengo|94/100|[from] Stealth Rock
|move|p2a: Worth It|Rapid Spin|p1a: Gholdengo
|-immune|p1a: Gholdengo
|
|-weather|SunnyDay|[upkeep]
|upkeep
|turn|6
|
|t:|1760726667
|switch|p1a: Great Tusk|Great Tusk|100/100
|-damage|p1a: Great Tusk|98/100|[from] Stealth Rock
|-activate|p1a: Great Tusk|ability: Protosynthesis
|-start|p1a: Great Tusk|protosynthesisspe
|switch|p2a: 林冰|Ting-Lu|100/100
|-damage|p2a: 林冰|94/100|[from] Stealth Rock
|-damage|p2a: 林冰|82/100|[from] Spikes
|-ability|p2a: 林冰|Vessel of Ruin
|
|-weather|SunnyDay|[upkeep]
|upkeep
|turn|7
|
|t:|1760726678
|-terastallize|p2a: 林冰|Ghost
|move|p1a: Great Tusk|Rapid Spin|p2a: 林冰
|-immune|p2a: 林冰
|move|p2a: 林冰|Ruination|p1a: Great Tusk
|-damage|p1a: Great Tusk|49/100
|
|-weather|SunnyDay|[upkeep]
|upkeep
|turn|8
|j| Darkrium
|
|t:|1760726686
|move|p1a: Great Tusk|Bulk Up|p1a: Great Tusk
|-boost|p1a: Great Tusk|atk|1
|-boost|p1a: Great Tusk|def|1
|move|p2a: 林冰|Spikes|p1a: Great Tusk
|-sidestart|p1: pur1fy1ng salt|Spikes
|
|-weather|SunnyDay|[upkeep]
|upkeep
|turn|9
|c|☆i♡laufey|gulp
|
|t:|1760726699
|move|p1a: Great Tusk|Bulk Up|p1a: Great Tusk
|-boost|p1a: Great Tusk|atk|1
|-boost|p1a: Great Tusk|def|1
|move|p2a: 林冰|Whirlwind|p1a: Great Tusk
|-end|p1a: Great Tusk|Protosynthesis|[silent]
|drag|p1a: Raging Bolt|Raging Bolt|100/100
|-damage|p1a: Raging Bolt|88/100|[from] Stealth Rock
|-damage|p1a: Raging Bolt|76/100|[from] Spikes
|-activate|p1a: Raging Bolt|ability: Protosynthesis
|-start|p1a: Raging Bolt|protosynthesisspa
|
|-weather|none
|-end|p1a: Raging Bolt|Protosynthesis
|upkeep
|-enditem|p1a: Raging Bolt|Booster Energy
|-activate|p1a: Raging Bolt|ability: Protosynthesis|[fromitem]
|-start|p1a: Raging Bolt|protosynthesisspa
|turn|10
|j| Timpsuli
|
|t:|1760726705
|move|p1a: Raging Bolt|Thunderbolt|p2a: 林冰
|-damage|p2a: 林冰|53/100
|move|p2a: 林冰|Earthquake|p1a: Raging Bolt
|-supereffective|p1a: Raging Bolt
|-damage|p1a: Raging Bolt|16/100
|
|upkeep
|turn|11
|c|☆pur1fy1ng salt|wanted to click headlong, alt tabbing at work lmao
|
|t:|1760726721
|switch|p2a: One Time|Great Tusk|100/100
|move|p1a: Raging Bolt|Thunderbolt|p2a: One Time
|-immune|p2a: One Time
|
|upkeep
|turn|12
|
|t:|1760726730
|move|p2a: One Time|Ice Spinner|p1a: Raging Bolt
|-supereffective|p1a: Raging Bolt
|-damage|p1a: Raging Bolt|0 fnt
|faint|p1a: Raging Bolt
|-end|p1a: Raging Bolt|Protosynthesis|[silent]
|
|upkeep
|c|☆i♡laufey|rip
|j| Clodsireenjoyer999
|
|t:|1760726756
|switch|p1a: Deoxys|Deoxys-Speed|95/100 brn
|-damage|p1a: Deoxys|82/100 brn|[from] Stealth Rock
|-damage|p1a: Deoxys|70/100 brn|[from] Spikes
|-ability|p1a: Deoxys|Pressure
|turn|13
|j| ollierob1
|
|t:|1760726765
|-terastallize|p1a: Deoxys|Ghost
|move|p1a: Deoxys|Psychic Noise|p2a: One Time
|-supereffective|p2a: One Time
|-damage|p2a: One Time|34/100
|-start|p2a: One Time|move: Heal Block
|move|p2a: One Time|Rapid Spin|p1a: Deoxys
|-immune|p1a: Deoxys
|
|-damage|p1a: Deoxys|64/100 brn|[from] brn
|upkeep
|turn|14
|l| ollierob1
|c|☆pur1fy1ng salt|let me try to salvage this
|
|t:|1760726779
|move|p1a: Deoxys|Psychic Noise|p2a: One Time
|-supereffective|p2a: One Time
|-damage|p2a: One Time|0 fnt
|faint|p2a: One Time
|-end|p2a: One Time|Protosynthesis|[silent]
|
|-damage|p1a: Deoxys|58/100 brn|[from] brn
|upkeep
|
|t:|1760726786
|switch|p2a: Worth It|Torkoal, M|89/100
|-damage|p2a: Worth It|64/100|[from] Stealth Rock
|-damage|p2a: Worth It|52/100|[from] Spikes
|-weather|SunnyDay|[from] ability: Drought|[of] p2a: Worth It
|turn|15
|
|t:|1760726801
|move|p1a: Deoxys|Spikes|p2a: Worth It
|-sidestart|p2: i♡laufey|Spikes
|move|p2a: Worth It|Lava Plume|p1a: Deoxys
|-damage|p1a: Deoxys|9/100 brn
|
|-weather|SunnyDay|[upkeep]
|-damage|p1a: Deoxys|3/100 brn|[from] brn
|upkeep
|turn|16
|
|t:|1760726819
|move|p1a: Deoxys|Spikes|p2a: Worth It
|-sidestart|p2: i♡laufey|Spikes
|move|p2a: Worth It|Lava Plume|p1a: Deoxys
|-damage|p1a: Deoxys|0 fnt
|faint|p1a: Deoxys
|
|-weather|SunnyDay|[upkeep]
|upkeep
|c|☆i♡laufey|gulp
|inactive|pur1fy1ng salt has 120 seconds left.
|
|t:|1760726864
|switch|p1a: Great Tusk|Great Tusk|49/100
|-damage|p1a: Great Tusk|46/100|[from] Stealth Rock
|-damage|p1a: Great Tusk|34/100|[from] Spikes
|-activate|p1a: Great Tusk|ability: Protosynthesis
|-start|p1a: Great Tusk|protosynthesisspe
|turn|17
|
|t:|1760726868
|move|p1a: Great Tusk|Headlong Rush|p2a: Worth It
|-supereffective|p2a: Worth It
|-damage|p2a: Worth It|0 fnt
|-unboost|p1a: Great Tusk|def|1
|-unboost|p1a: Great Tusk|spd|1
|faint|p2a: Worth It
|
|-weather|SunnyDay|[upkeep]
|upkeep
|
|t:|1760726873
|switch|p2a: Fragile|Walking Wake|100/100
|-damage|p2a: Fragile|88/100|[from] Stealth Rock
|-damage|p2a: Fragile|63/100|[from] Spikes
|-activate|p2a: Fragile|ability: Protosynthesis
|-start|p2a: Fragile|protosynthesisspe
|turn|18
|l| Michy47
|inactive|pur1fy1ng salt has 120 seconds left.
|
|t:|1760726880
|move|p2a: Fragile|Hydro Steam|p1a: Great Tusk
|-supereffective|p1a: Great Tusk
|-damage|p1a: Great Tusk|0 fnt
|faint|p1a: Great Tusk
|-end|p1a: Great Tusk|Protosynthesis|[silent]
|
|-weather|SunnyDay|[upkeep]
|upkeep
|inactive|pur1fy1ng salt has 120 seconds left.
|
|t:|1760726888
|switch|p1a: Gholdengo|Gholdengo|94/100
|-damage|p1a: Gholdengo|88/100|[from] Stealth Rock
|-damage|p1a: Gholdengo|76/100|[from] Spikes
|turn|19
|
|t:|1760726891
|move|p2a: Fragile|Hydro Steam|p1a: Gholdengo
|-damage|p1a: Gholdengo|0 fnt
|faint|p1a: Gholdengo
|
|-weather|none
|-end|p2a: Fragile|Protosynthesis
|upkeep
|
|t:|1760726893
|switch|p1a: Iron Moth|Iron Moth|100/100
|-damage|p1a: Iron Moth|76/100|[from] Stealth Rock
|-damage|p1a: Iron Moth|63/100|[from] Spikes
|-enditem|p1a: Iron Moth|Booster Energy
|-activate|p1a: Iron Moth|ability: Quark Drive|[fromitem]
|-start|p1a: Iron Moth|quarkdrivespe
|turn|20
|
|t:|1760726896
|move|p1a: Iron Moth|Dazzling Gleam|p2a: Fragile
|-supereffective|p2a: Fragile
|-damage|p2a: Fragile|0 fnt
|faint|p2a: Fragile
|-end|p2a: Fragile|Protosynthesis|[silent]
|
|upkeep
|
|t:|1760726901
|switch|p2a: 林冰|Ting-Lu, tera:Ghost|53/100
|-damage|p2a: 林冰|41/100|[from] Stealth Rock
|-damage|p2a: 林冰|16/100|[from] Spikes
|-ability|p2a: 林冰|Vessel of Ruin
|turn|21
|
|t:|1760726909
|move|p1a: Iron Moth|Fiery Dance|p2a: 林冰
|-damage|p2a: 林冰|0 fnt
|-boost|p1a: Iron Moth|spa|1
|faint|p2a: 林冰
|
|upkeep
|
|t:|1760726911
|switch|p2a: Girl Song|Iron Moth|100/100
|-damage|p2a: Girl Song|76/100|[from] Stealth Rock
|-damage|p2a: Girl Song|51/100|[from] Spikes
|turn|22
|
|t:|1760726915
|move|p1a: Iron Moth|Sludge Wave|p2a: Girl Song
|-resisted|p2a: Girl Song
|-damage|p2a: Girl Song|11/100
|move|p2a: Girl Song|Psychic|p1a: Iron Moth
|-supereffective|p1a: Iron Moth
|-damage|p1a: Iron Moth|0 fnt
|faint|p1a: Iron Moth
|-end|p1a: Iron Moth|Quark Drive|[silent]
|
|win|i♡laufey
|n|☆pur1fy1ng salt|pur1fy1ngsalt
|n|☆i♡laufey|ilaufey
|n| periko29|periko29
|n| hepepi|hepepi
|n| 2011 Rooney|2011rooney
|n| homerac|homerac
|n| Kyurem|kyurem
|n| Darkrium|darkrium
|n| Timpsuli|timpsuli
|n| Clodsireenjoyer999|clodsireenjoyer999
|c|☆i♡laufey|ggwp
|c|☆pur1fy1ng salt|yooo
|c|☆pur1fy1ng salt|thought i had it lol
|c|☆pur1fy1ng salt|gg u2
|c|☆i♡laufey|lol
|c|☆i♡laufey|ur good
|c|☆i♡laufey|i like ur teams
|l| Timpsuli
