|j|☆enderblase
|j|☆naicker2000
|t:|1760836081
|gametype|singles
|player|p1|enderblase|2|1342
|player|p2|naicker2000|rocketgruntf|1302
|gen|9
|tier|[Gen 9] OU
|rated|
|rule|HP Percentage Mod: HP is shown in percentages
|rule|Endless Battle Clause: Forcing endless battles is banned
|rule|Species Clause: Limit one of each Pokémon
|rule|OHKO Clause: OHKO moves are banned
|rule|Evasion Items Clause: Evasion items are banned
|rule|Evasion Moves Clause: Evasion moves are banned
|rule|Evasion Abilities Clause: Evasion abilities are banned
|rule|Sleep Moves Clause: Sleep-inducing moves are banned
|clearpoke
|poke|p1|Garganacl, M|
|poke|p1|Kingambit, M|
|poke|p1|Slowking-Galar, F|
|poke|p1|Great Tusk|
|poke|p1|Iron Moth|
|poke|p1|Gliscor, M|
|poke|p2|Pelipper, F|
|poke|p2|Barraskewda, F|
|poke|p2|Ogerpon-Wellspring, F|
|poke|p2|Zapdos|
|poke|p2|Hatterene, F|
|poke|p2|Beartic, F|
|teampreview
|inactive|Battle timer is ON: inactive players will automatically lose when time's up. (requested by enderblase)
|
|t:|1760836096
|teamsize|p1|6
|teamsize|p2|6
|start
|switch|p1a: Kingambit|Kingambit, M|100/100
|switch|p2a: sami zayn|Pelipper, F|100/100
|-weather|RainDance|[from] ability: Drizzle|[of] p2a: sami zayn
|turn|1
|
|t:|1760836104
|move|p1a: Kingambit|Swords Dance|p1a: Kingambit
|-boost|p1a: Kingambit|atk|2
|move|p2a: sami zayn|U-turn|p1a: Kingambit
|-damage|p1a: Kingambit|93/100
|
|t:|1760836115
|switch|p2a: Beartic|Beartic, F|100/100|[from] U-turn
|
|-weather|RainDance|[upkeep]
|upkeep
|turn|2
|
|t:|1760836141
|-end|p1a: Kingambit|fallenundefined|[silent]
|switch|p1a: Garganacl|Garganacl, M, shiny|100/100
|-terastallize|p2a: Beartic|Ground
|move|p2a: Beartic|Earthquake|p1a: Garganacl
|-supereffective|p1a: Garganacl
|-damage|p1a: Garganacl|35/100
|
|-weather|RainDance|[upkeep]
|upkeep
|turn|3
|
|t:|1760836151
|switch|p1a: Gliscor|Gliscor, M|100/100
|move|p2a: Beartic|Substitute|p2a: Beartic
|-start|p2a: Beartic|Substitute
|-damage|p2a: Beartic|76/100
|
|-weather|RainDance|[upkeep]
|-status|p1a: Gliscor|tox|[from] item: Toxic Orb
|upkeep
|turn|4
|
|t:|1760836158
|move|p1a: Gliscor|Protect|p1a: Gliscor
|-singleturn|p1a: Gliscor|Protect
|move|p2a: Beartic|Icicle Spear|p1a: Gliscor
|-activate|p1a: Gliscor|move: Protect
|
|-weather|RainDance|[upkeep]
|upkeep
|turn|5
|
|t:|1760836171
|move|p2a: Beartic|Icicle Spear|p1a: Gliscor
|-supereffective|p1a: Gliscor
|-damage|p1a: Gliscor|62/100 tox
|-supereffective|p1a: Gliscor
|-damage|p1a: Gliscor|24/100 tox
|-supereffective|p1a: Gliscor
|-damage|p1a: Gliscor|0 fnt
|faint|p1a: Gliscor
|-hitcount|p1: Gliscor|3
|
|-weather|RainDance|[upkeep]
|upkeep
|inactive|enderblase has 120 seconds left.
|
|t:|1760836187
|switch|p1a: Slowking|Slowking-Galar, F|100/100
|turn|6
|
|t:|1760836192
|move|p2a: Beartic|Swords Dance|p2a: Beartic
|-boost|p2a: Beartic|atk|2
|move|p1a: Slowking|Sludge Bomb|p2a: Beartic
|-resisted|p2a: Beartic
|-activate|p2a: Beartic|move: Substitute|[damage]
|
|-weather|RainDance|[upkeep]
|upkeep
|turn|7
|
|t:|1760836199
|move|p2a: Beartic|Earthquake|p1a: Slowking
|-supereffective|p1a: Slowking
|-damage|p1a: Slowking|0 fnt
|faint|p1a: Slowking
|
|-weather|RainDance|[upkeep]
|upkeep
|
|t:|1760836209
|switch|p1a: Garganacl|Garganacl, M, shiny|35/100
|turn|8
|-message|enderblase forfeited.
|
|win|naicker2000
|raw|enderblase's rating: 1342 &rarr; <strong>1320</strong><br />(-22 for losing)
|raw|naicker2000's rating: 1302 &rarr; <strong>1324</strong><br />(+22 for winning)
|l|☆enderblase
|player|p1|
|l|☆naicker2000
|player|p2|
