|j|☆darkgg62670
|j|‽SuperiorSquid
|t:|1760828684
|gametype|singles
|player|p1|darkgg62670|flint|1058
|player|p2|SuperiorSquid|brycenman|1100
|gen|9
|tier|[Gen 9] OU
|rated|
|rule|HP Percentage Mod: HP is shown in percentages
|rule|Endless Battle Clause: Forcing endless battles is banned
|rule|Species Clause: Limit one of each Pokémon
|rule|OHKO Clause: OHKO moves are banned
|rule|Evasion Items Clause: Evasion items are banned
|rule|Evasion Moves Clause: Evasion moves are banned
|rule|Evasion Abilities Clause: Evasion abilities are banned
|rule|Sleep Moves Clause: Sleep-inducing moves are banned
|clearpoke
|poke|p1|Kingambit, M|
|poke|p1|Corviknight, M|
|poke|p1|Great Tusk|
|poke|p1|Zapdos|
|poke|p1|Slowking-Galar, F|
|poke|p1|Manaphy|
|poke|p2|Toxicroak, M|
|poke|p2|Krookodile, M|
|poke|p2|Noivern, F|
|poke|p2|Inteleon, M|
|poke|p2|Trevenant, M|
|poke|p2|Ceruledge, F|
|teampreview
|
|t:|1760828691
|teamsize|p1|6
|teamsize|p2|6
|start
|switch|p1a: Manaphy|Manaphy|100/100
|switch|p2a: Ceruledge|Ceruledge, F|100/100
|turn|1
|
|t:|1760828710
|switch|p2a: Trevenant|Trevenant, M|100/100
|move|p1a: Manaphy|Take Heart|p1a: Manaphy
|-boost|p1a: Manaphy|spa|1
|-boost|p1a: Manaphy|spd|1
|
|upkeep
|turn|2
|
|t:|1760828718
|move|p1a: Manaphy|Flip Turn|p2a: Trevenant
|-resisted|p2a: Trevenant
|-damage|p2a: Trevenant|89/100
|
|t:|1760828723
|switch|p1a: Merlin|Corviknight, M, shiny|100/100|[from] Flip Turn
|-ability|p1a: Merlin|Pressure
|move|p2a: Trevenant|Wood Hammer|p1a: Merlin
|-resisted|p1a: Merlin
|-damage|p1a: Merlin|93/100
|-damage|p2a: Trevenant|72/100|[from] item: Rocky Helmet|[of] p1a: Merlin
|-damage|p2a: Trevenant|70/100|[from] Recoil
|
|upkeep
|turn|3
|
|t:|1760828741
|switch|p2a: Noivern|Noivern, F|100/100
|move|p1a: Merlin|U-turn|p2a: Noivern
|-resisted|p2a: Noivern
|-damage|p2a: Noivern|90/100
|
|t:|1760828748
|switch|p1a: Cote d’or|Great Tusk, shiny|100/100|[from] U-turn
|
|upkeep
|turn|4
|
|t:|1760828760
|-terastallize|p2a: Noivern|Flying
|move|p2a: Noivern|Focus Blast|p1a: Cote d’or|[miss]
|-miss|p2a: Noivern|p1a: Cote d’or
|move|p1a: Cote d’or|Knock Off|p2a: Noivern
|-damage|p2a: Noivern|38/100
|-enditem|p2a: Noivern|Weakness Policy|[from] move: Knock Off|[of] p1a: Cote d’or
|
|upkeep
|turn|5
|
|t:|1760828780
|-end|p1a: Cote d’or|Protosynthesis|[silent]
|switch|p1a: Droopy|Slowking-Galar, F, shiny|100/100
|move|p2a: Noivern|Focus Blast|p1a: Droopy
|-resisted|p1a: Droopy
|-damage|p1a: Droopy|95/100
|
|-heal|p1a: Droopy|100/100|[from] item: Black Sludge
|upkeep
|turn|6
|inactive|Battle timer is ON: inactive players will automatically lose when time's up. (requested by SuperiorSquid)
|
|t:|1760828801
|switch|p2a: Krookodile|Krookodile, M|100/100
|move|p1a: Droopy|Sludge Bomb|p2a: Krookodile
|-resisted|p2a: Krookodile
|-damage|p2a: Krookodile|78/100
|
|upkeep
|turn|7
|
|t:|1760828815
|switch|p1a: Manaphy|Manaphy|100/100
|move|p2a: Krookodile|High Horsepower|p1a: Manaphy
|-damage|p1a: Manaphy|41/100
|
|-heal|p1a: Manaphy|47/100|[from] item: Leftovers
|upkeep
|turn|8
|
|t:|1760828827
|move|p1a: Manaphy|Scald|p2a: Krookodile
|-supereffective|p2a: Krookodile
|-damage|p2a: Krookodile|0 fnt
|faint|p2a: Krookodile
|
|-heal|p1a: Manaphy|53/100|[from] item: Leftovers
|upkeep
|
|t:|1760828836
|switch|p2a: Trevenant|Trevenant, M|70/100
|turn|9
|
|t:|1760828840
|move|p1a: Manaphy|Flip Turn|p2a: Trevenant
|-resisted|p2a: Trevenant
|-damage|p2a: Trevenant|60/100
|
|t:|1760828846
|switch|p1a: Merlin|Corviknight, M, shiny|93/100|[from] Flip Turn
|-ability|p1a: Merlin|Pressure
|move|p2a: Trevenant|Wood Hammer|p1a: Merlin
|-resisted|p1a: Merlin
|-damage|p1a: Merlin|87/100
|-damage|p2a: Trevenant|43/100|[from] item: Rocky Helmet|[of] p1a: Merlin
|-enditem|p2a: Trevenant|Sitrus Berry|[eat]
|-heal|p2a: Trevenant|68/100|[from] item: Sitrus Berry
|-damage|p2a: Trevenant|66/100|[from] Recoil
|
|-item|p2a: Trevenant|Sitrus Berry|[from] ability: Harvest
|upkeep
|turn|10
|
|t:|1760828863
|move|p2a: Trevenant|Sucker Punch|p1a: Merlin
|-damage|p1a: Merlin|77/100
|-damage|p2a: Trevenant|49/100|[from] item: Rocky Helmet|[of] p1a: Merlin
|-enditem|p2a: Trevenant|Sitrus Berry|[eat]
|-heal|p2a: Trevenant|74/100|[from] item: Sitrus Berry
|move|p1a: Merlin|Brave Bird|p2a: Trevenant
|-supereffective|p2a: Trevenant
|-damage|p2a: Trevenant|0 fnt
|faint|p2a: Trevenant
|-damage|p1a: Merlin|54/100|[from] Recoil
|
|upkeep
|
|t:|1760828866
|switch|p2a: Ceruledge|Ceruledge, F|100/100
|turn|11
|
|t:|1760828879
|switch|p1a: Manaphy|Manaphy|53/100
|move|p2a: Ceruledge|Bitter Blade|p1a: Manaphy
|-resisted|p1a: Manaphy
|-damage|p1a: Manaphy|22/100
|
|-heal|p1a: Manaphy|28/100|[from] item: Leftovers
|upkeep
|turn|12
|
|t:|1760828889
|move|p1a: Manaphy|Scald|p2a: Ceruledge
|-supereffective|p2a: Ceruledge
|-damage|p2a: Ceruledge|22/100
|move|p2a: Ceruledge|Bitter Blade|p1a: Manaphy
|-resisted|p1a: Manaphy
|-damage|p1a: Manaphy|0 fnt
|-heal|p2a: Ceruledge|41/100|[from] drain|[of] p1a: Manaphy
|faint|p1a: Manaphy
|
|upkeep
|
|t:|1760828904
|switch|p1a: Cote d’or|Great Tusk, shiny|100/100
|turn|13
|
|t:|1760828909
|move|p2a: Ceruledge|Bitter Blade|p1a: Cote d’or
|-damage|p1a: Cote d’or|52/100
|-heal|p2a: Ceruledge|75/100|[from] drain|[of] p1a: Cote d’or
|move|p1a: Cote d’or|Knock Off|p2a: Ceruledge
|-supereffective|p2a: Ceruledge
|-damage|p2a: Ceruledge|0 fnt
|-enditem|p2a: Ceruledge|Choice Band|[from] move: Knock Off|[of] p1a: Cote d’or
|faint|p2a: Ceruledge
|
|upkeep
|
|t:|1760828919
|switch|p2a: Inteleon|Inteleon, M|100/100
|turn|14
|
|t:|1760828923
|-end|p1a: Cote d’or|Protosynthesis|[silent]
|switch|p1a: Droopy|Slowking-Galar, F, shiny|100/100
|move|p2a: Inteleon|Ice Beam|p1a: Droopy
|-crit|p1a: Droopy
|-damage|p1a: Droopy|61/100
|
|-heal|p1a: Droopy|67/100|[from] item: Black Sludge
|upkeep
|turn|15
|
|t:|1760828934
|move|p2a: Inteleon|Dark Pulse|p1a: Droopy
|-supereffective|p1a: Droopy
|-damage|p1a: Droopy|35/100
|move|p1a: Droopy|Thunder Wave|p2a: Inteleon
|-status|p2a: Inteleon|par
|
|-heal|p1a: Droopy|41/100|[from] item: Black Sludge
|upkeep
|turn|16
|
|t:|1760828945
|switch|p1a: Merlin|Corviknight, M, shiny|54/100
|-ability|p1a: Merlin|Pressure
|move|p2a: Inteleon|Dark Pulse|p1a: Merlin
|-damage|p1a: Merlin|26/100
|
|upkeep
|turn|17
|
|t:|1760828956
|move|p2a: Inteleon|Snipe Shot|p1a: Merlin
|-damage|p1a: Merlin|0 fnt
|faint|p1a: Merlin
|
|upkeep
|
|t:|1760828964
|switch|p1a: Thor|Zapdos|100/100
|turn|18
|
|t:|1760828969
|move|p1a: Thor|Discharge|p2a: Inteleon
|-supereffective|p2a: Inteleon
|-damage|p2a: Inteleon|0 fnt
|faint|p2a: Inteleon
|
|upkeep
|
|t:|1760828980
|switch|p2a: Noivern|Noivern, F, tera:Flying|38/100
|turn|19
|
|t:|1760828985
|move|p2a: Noivern|Draco Meteor|p1a: Thor
|-damage|p1a: Thor|57/100
|-unboost|p2a: Noivern|spa|2
|move|p1a: Thor|Discharge|p2a: Noivern
|-supereffective|p2a: Noivern
|-damage|p2a: Noivern|0 fnt
|faint|p2a: Noivern
|
|upkeep
|
|t:|1760828991
|switch|p2a: Toxicroak|Toxicroak, M|100/100
|turn|20
|
|t:|1760828998
|move|p2a: Toxicroak|Drain Punch|p1a: Thor
|-resisted|p1a: Thor
|-damage|p1a: Thor|38/100
|move|p1a: Thor|Hurricane|p2a: Toxicroak
|-supereffective|p2a: Toxicroak
|-enditem|p2a: Toxicroak|Focus Sash
|-damage|p2a: Toxicroak|1/100
|-start|p2a: Toxicroak|confusion
|
|upkeep
|turn|21
|
|t:|1760829009
|-activate|p2a: Toxicroak|confusion
|move|p2a: Toxicroak|Drain Punch|p1a: Thor
|-resisted|p1a: Thor
|-damage|p1a: Thor|20/100
|-heal|p2a: Toxicroak|12/100|[from] drain|[of] p1a: Thor
|-status|p2a: Toxicroak|par|[from] ability: Static|[of] p1a: Thor
|move|p1a: Thor|Discharge|p2a: Toxicroak
|-damage|p2a: Toxicroak|0 fnt
|faint|p2a: Toxicroak
|
|win|darkgg62670
|raw|darkgg62670's rating: 1058 &rarr; <strong>1093</strong><br />(+35 for winning)
|raw|SuperiorSquid's rating: 1100 &rarr; <strong>1072</strong><br />(-28 for losing)
|l|‽SuperiorSquid
|player|p2|
