|j|☆xxnb
|j|☆NoNSket
|t:|1760854304
|gametype|singles
|player|p1|xxnb|iris-gen5bw2|1188
|player|p2|NoNSket|waiter|1151
|gen|9
|tier|[Gen 9] OU
|rated|
|rule|HP Percentage Mod: HP is shown in percentages
|rule|Endless Battle Clause: Forcing endless battles is banned
|rule|Species Clause: Limit one of each Pokémon
|rule|OHKO Clause: OHKO moves are banned
|rule|Evasion Items Clause: Evasion items are banned
|rule|Evasion Moves Clause: Evasion moves are banned
|rule|Evasion Abilities Clause: Evasion abilities are banned
|rule|Sleep Moves Clause: Sleep-inducing moves are banned
|clearpoke
|poke|p1|Espeon, F|
|poke|p1|Ting-Lu|
|poke|p1|Glimmora, M|
|poke|p1|Dragonite, M|
|poke|p1|Dondozo, M|
|poke|p1|Gholdengo|
|poke|p2|Mimikyu, M|
|poke|p2|Venusaur, F|
|poke|p2|Skarmory, F|
|poke|p2|Electrode|
|poke|p2|Gyarados, M|
|poke|p2|Kommo-o, M|
|teampreview
|inactive|Battle timer is ON: inactive players will automatically lose when time's up. (requested by xxnb)
|
|t:|1760854316
|teamsize|p1|6
|teamsize|p2|6
|start
|switch|p1a: Glimmora|Glimmora, M, shiny|100/100
|switch|p2a: Skarmory|Skarmory, F|100/100
|turn|1
|
|t:|1760854324
|switch|p1a: Espeon|Espeon, F, shiny|100/100
|move|p2a: Skarmory|Stealth Rock|p1a: Espeon
|move|p1a: Espeon|Stealth Rock|p2a: Skarmory|[from] ability: Magic Bounce
|-sidestart|p2: NoNSket|move: Stealth Rock
|
|upkeep
|turn|2
|
|t:|1760854332
|move|p1a: Espeon|Calm Mind|p1a: Espeon
|-boost|p1a: Espeon|spa|1
|-boost|p1a: Espeon|spd|1
|move|p2a: Skarmory|Iron Defense|p2a: Skarmory
|-boost|p2a: Skarmory|def|2
|
|upkeep
|turn|3
|
|t:|1760854339
|move|p1a: Espeon|Calm Mind|p1a: Espeon
|-boost|p1a: Espeon|spa|1
|-boost|p1a: Espeon|spd|1
|move|p2a: Skarmory|Iron Defense|p2a: Skarmory
|-boost|p2a: Skarmory|def|2
|
|upkeep
|turn|4
|l|☆xxnb
|inactive|xxnb disconnected and has a minute to reconnect!
|player|p1|
|j|☆xxnb
|inactive|xxnb reconnected and has 140 seconds left.
|player|p1|xxnb|iris-gen5bw2|
|
|t:|1760854354
|move|p1a: Espeon|Calm Mind|p1a: Espeon
|-boost|p1a: Espeon|spa|1
|-boost|p1a: Espeon|spd|1
|move|p2a: Skarmory|Body Press|p1a: Espeon
|-resisted|p1a: Espeon
|-damage|p1a: Espeon|59/100
|
|upkeep
|turn|5
|
|t:|1760854373
|move|p1a: Espeon|Calm Mind|p1a: Espeon
|-boost|p1a: Espeon|spa|1
|-boost|p1a: Espeon|spd|1
|move|p2a: Skarmory|Body Press|p1a: Espeon
|-resisted|p1a: Espeon
|-damage|p1a: Espeon|17/100
|
|upkeep
|turn|6
|
|t:|1760854381
|move|p1a: Espeon|Morning Sun|p1a: Espeon
|-heal|p1a: Espeon|67/100
|move|p2a: Skarmory|Body Press|p1a: Espeon
|-resisted|p1a: Espeon
|-damage|p1a: Espeon|27/100
|
|upkeep
|turn|7
|
|t:|1760854389
|move|p1a: Espeon|Morning Sun|p1a: Espeon
|-heal|p1a: Espeon|77/100
|move|p2a: Skarmory|Body Press|p1a: Espeon
|-resisted|p1a: Espeon
|-damage|p1a: Espeon|34/100
|
|upkeep
|turn|8
|
|t:|1760854397
|move|p1a: Espeon|Morning Sun|p1a: Espeon
|-heal|p1a: Espeon|84/100
|move|p2a: Skarmory|Body Press|p1a: Espeon
|-resisted|p1a: Espeon
|-damage|p1a: Espeon|44/100
|
|upkeep
|turn|9
|
|t:|1760854404
|move|p1a: Espeon|Morning Sun|p1a: Espeon
|-heal|p1a: Espeon|94/100
|move|p2a: Skarmory|Body Press|p1a: Espeon
|-resisted|p1a: Espeon
|-damage|p1a: Espeon|56/100
|
|upkeep
|turn|10
|
|t:|1760854412
|move|p1a: Espeon|Morning Sun|p1a: Espeon
|-heal|p1a: Espeon|100/100
|move|p2a: Skarmory|Iron Defense|p2a: Skarmory
|-boost|p2a: Skarmory|def|2
|
|upkeep
|turn|11
|
|t:|1760854419
|move|p1a: Espeon|Stored Power|p2a: Skarmory
|-resisted|p2a: Skarmory
|-damage|p2a: Skarmory|1/100
|move|p2a: Skarmory|Body Press|p1a: Espeon
|-resisted|p1a: Espeon
|-damage|p1a: Espeon|47/100
|
|upkeep
|turn|12
|
|t:|1760854427
|move|p1a: Espeon|Stored Power|p2a: Skarmory
|-resisted|p2a: Skarmory
|-crit|p2a: Skarmory
|-damage|p2a: Skarmory|0 fnt
|faint|p2a: Skarmory
|
|upkeep
|
|t:|1760854429
|switch|p2a: Mimikyu|Mimikyu, M|100/100
|-damage|p2a: Mimikyu|88/100|[from] Stealth Rock
|turn|13
|
|t:|1760854444
|-terastallize|p1a: Espeon|Fairy
|move|p2a: Mimikyu|Shadow Claw|p1a: Espeon
|-crit|p1a: Espeon
|-damage|p1a: Espeon|0 fnt
|faint|p1a: Espeon
|
|-heal|p2a: Mimikyu|94/100|[from] item: Leftovers
|upkeep
|
|t:|1760854457
|switch|p1a: Glimmora|Glimmora, M, shiny|100/100
|turn|14
|
|t:|1760854466
|move|p2a: Mimikyu|Swords Dance|p2a: Mimikyu
|-boost|p2a: Mimikyu|atk|2
|move|p1a: Glimmora|Stealth Rock||[still]
|-fail|p1a: Glimmora
|
|-heal|p2a: Mimikyu|99/100|[from] item: Leftovers
|upkeep
|turn|15
|
|t:|1760854475
|move|p2a: Mimikyu|Swords Dance|p2a: Mimikyu
|-boost|p2a: Mimikyu|atk|2
|move|p1a: Glimmora|Power Gem|p2a: Mimikyu
|-activate|p2a: Mimikyu|ability: Disguise
|-damage|p2a: Mimikyu|99/100
|detailschange|p2a: Mimikyu|Mimikyu-Busted, M
|-damage|p2a: Mimikyu|88/100|[from] pokemon: Mimikyu-Busted
|
|-heal|p2a: Mimikyu|94/100|[from] item: Leftovers
|upkeep
|turn|16
|
|t:|1760854488
|switch|p1a: Dondozo|Dondozo, M, shiny|100/100
|move|p2a: Mimikyu|Drain Punch|p1a: Dondozo
|-damage|p1a: Dondozo|91/100
|-heal|p2a: Mimikyu|100/100|[from] drain|[of] p1a: Dondozo
|-damage|p2a: Mimikyu|84/100|[from] item: Rocky Helmet|[of] p1a: Dondozo
|
|-heal|p2a: Mimikyu|90/100|[from] item: Leftovers
|upkeep
|turn|17
|
|t:|1760854502
|move|p2a: Mimikyu|Shadow Claw|p1a: Dondozo
|-damage|p1a: Dondozo|77/100
|-damage|p2a: Mimikyu|74/100|[from] item: Rocky Helmet|[of] p1a: Dondozo
|move|p1a: Dondozo|Avalanche|p2a: Mimikyu
|-damage|p2a: Mimikyu|28/100
|
|-heal|p2a: Mimikyu|34/100|[from] item: Leftovers
|upkeep
|turn|18
|
|t:|1760854512
|move|p2a: Mimikyu|Shadow Claw|p1a: Dondozo
|-damage|p1a: Dondozo|63/100
|-damage|p2a: Mimikyu|17/100|[from] item: Rocky Helmet|[of] p1a: Dondozo
|move|p1a: Dondozo|Avalanche|p2a: Mimikyu
|-damage|p2a: Mimikyu|0 fnt
|faint|p2a: Mimikyu
|
|upkeep
|
|t:|1760854516
|switch|p2a: Venusaur|Venusaur, F|100/100
|-damage|p2a: Venusaur|88/100|[from] Stealth Rock
|turn|19
|
|t:|1760854529
|switch|p1a: Dragonite|Dragonite, M, shiny|100/100
|move|p2a: Venusaur|Leech Seed|p1a: Dragonite
|-start|p1a: Dragonite|move: Leech Seed
|
|-heal|p2a: Venusaur|94/100|[from] item: Leftovers
|-damage|p1a: Dragonite|88/100|[from] Leech Seed|[of] p2a: Venusaur
|-heal|p2a: Venusaur|100/100|[silent]
|upkeep
|turn|20
|
|t:|1760854540
|move|p1a: Dragonite|Earthquake|p2a: Venusaur
|-damage|p2a: Venusaur|38/100
|move|p2a: Venusaur|Sludge Bomb|p1a: Dragonite
|-damage|p1a: Dragonite|44/100
|-status|p1a: Dragonite|psn
|
|-heal|p2a: Venusaur|44/100|[from] item: Leftovers
|-damage|p1a: Dragonite|31/100 psn|[from] Leech Seed|[of] p2a: Venusaur
|-heal|p2a: Venusaur|55/100|[silent]
|-damage|p1a: Dragonite|19/100 psn|[from] psn
|upkeep
|turn|21
|
|t:|1760854553
|move|p1a: Dragonite|Earthquake|p2a: Venusaur
|-damage|p2a: Venusaur|0 fnt
|faint|p2a: Venusaur
|
|-damage|p1a: Dragonite|7/100 psn|[from] psn
|upkeep
|
|t:|1760854556
|switch|p2a: Gyarados|Gyarados, M|100/100
|-damage|p2a: Gyarados|76/100|[from] Stealth Rock
|-ability|p2a: Gyarados|Intimidate|boost
|-unboost|p1a: Dragonite|atk|1
|turn|22
|
|t:|1760854567
|switch|p1a: Dondozo|Dondozo, M, shiny|63/100
|move|p2a: Gyarados|Dragon Dance|p2a: Gyarados
|-boost|p2a: Gyarados|atk|1
|-boost|p2a: Gyarados|spe|1
|
|-heal|p2a: Gyarados|82/100|[from] item: Leftovers
|upkeep
|turn|23
|
|t:|1760854582
|move|p2a: Gyarados|Body Slam|p1a: Dondozo
|-damage|p1a: Dondozo|49/100
|-damage|p2a: Gyarados|65/100|[from] item: Rocky Helmet|[of] p1a: Dondozo
|move|p1a: Dondozo|Earthquake|p2a: Gyarados
|-immune|p2a: Gyarados
|
|-heal|p2a: Gyarados|71/100|[from] item: Leftovers
|upkeep
|turn|24
|
|t:|1760854592
|move|p2a: Gyarados|Body Slam|p1a: Dondozo
|-damage|p1a: Dondozo|34/100
|-damage|p2a: Gyarados|55/100|[from] item: Rocky Helmet|[of] p1a: Dondozo
|move|p1a: Dondozo|Rest|p1a: Dondozo
|-status|p1a: Dondozo|slp|[from] move: Rest
|-heal|p1a: Dondozo|100/100 slp|[silent]
|
|-heal|p2a: Gyarados|61/100|[from] item: Leftovers
|upkeep
|turn|25
|
|t:|1760854603
|move|p2a: Gyarados|Dragon Dance|p2a: Gyarados
|-boost|p2a: Gyarados|atk|1
|-boost|p2a: Gyarados|spe|1
|cant|p1a: Dondozo|slp
|move|p1a: Dondozo|Sleep Talk|p1a: Dondozo
|move|p1a: Dondozo|Rest||[from] move: Sleep Talk|[still]
|-fail|p1a: Dondozo
|
|-heal|p2a: Gyarados|67/100|[from] item: Leftovers
|upkeep
|turn|26
|
|t:|1760854614
|move|p2a: Gyarados|Dragon Dance|p2a: Gyarados
|-boost|p2a: Gyarados|atk|1
|-boost|p2a: Gyarados|spe|1
|cant|p1a: Dondozo|slp
|move|p1a: Dondozo|Sleep Talk|p1a: Dondozo
|move|p1a: Dondozo|Avalanche|p2a: Gyarados|[from] move: Sleep Talk
|-damage|p2a: Gyarados|50/100
|
|-heal|p2a: Gyarados|56/100|[from] item: Leftovers
|upkeep
|turn|27
|
|t:|1760854626
|move|p2a: Gyarados|Dragon Dance|p2a: Gyarados
|-boost|p2a: Gyarados|atk|1
|-boost|p2a: Gyarados|spe|1
|-curestatus|p1a: Dondozo|slp|[msg]
|move|p1a: Dondozo|Avalanche|p2a: Gyarados
|-damage|p2a: Gyarados|39/100
|
|-heal|p2a: Gyarados|46/100|[from] item: Leftovers
|upkeep
|turn|28
|
|t:|1760854637
|move|p2a: Gyarados|Body Slam|p1a: Dondozo
|-damage|p1a: Dondozo|87/100
|-status|p1a: Dondozo|par
|-damage|p2a: Gyarados|29/100|[from] item: Rocky Helmet|[of] p1a: Dondozo
|move|p1a: Dondozo|Avalanche|p2a: Gyarados
|-damage|p2a: Gyarados|0 fnt
|faint|p2a: Gyarados
|
|upkeep
|
|t:|1760854644
|switch|p2a: Electrode|Electrode|100/100
|-damage|p2a: Electrode|88/100|[from] Stealth Rock
|turn|29
|
|t:|1760854650
|switch|p1a: Ting-Lu|Ting-Lu|100/100
|-ability|p1a: Ting-Lu|Vessel of Ruin
|move|p2a: Electrode|Charge Beam|p1a: Ting-Lu
|-immune|p1a: Ting-Lu
|
|upkeep
|turn|30
|-message|NoNSket forfeited.
|
|win|xxnb
|raw|xxnb's rating: 1188 &rarr; <strong>1210</strong><br />(+22 for winning)
|raw|NoNSket's rating: 1151 &rarr; <strong>1129</strong><br />(-22 for losing)
|l|☆NoNSket
|player|p2|
|l|☆xxnb
|player|p1|
|j|☆xxnb
|player|p1|xxnb|iris-gen5bw2|
|l|☆xxnb
|player|p1|
