|j|☆sol invicta
|j|☆Chuolv
|t:|1760861040
|gametype|singles
|player|p1|sol invicta|ethan|1236
|player|p2|Chuolv|silver|1250
|gen|9
|tier|[Gen 9] OU
|rated|
|rule|HP Percentage Mod: HP is shown in percentages
|rule|Endless Battle Clause: Forcing endless battles is banned
|rule|Species Clause: Limit one of each Pokémon
|rule|OHKO Clause: OHKO moves are banned
|rule|Evasion Items Clause: Evasion items are banned
|rule|Evasion Moves Clause: Evasion moves are banned
|rule|Evasion Abilities Clause: Evasion abilities are banned
|rule|Sleep Moves Clause: Sleep-inducing moves are banned
|clearpoke
|poke|p1|Dragapult, M|
|poke|p1|Kyurem|
|poke|p1|Cinderace, M|
|poke|p1|Rillaboom, F|
|poke|p1|Iron Moth|
|poke|p1|Kingambit, M|
|poke|p2|Tyranitar, M|
|poke|p2|Magcargo, M|
|poke|p2|Empoleon, M|
|poke|p2|Corviknight, M|
|poke|p2|Garchomp, M|
|poke|p2|Gliscor, M|
|teampreview
|inactive|Battle timer is ON: inactive players will automatically lose when time's up. (requested by Chuolv)
|
|t:|1760861058
|teamsize|p1|6
|teamsize|p2|6
|start
|switch|p1a: Hyōrinmaru|Kyurem, shiny|100/100
|switch|p2a: Tyranitar|Tyranitar, M|100/100
|-ability|p1a: Hyōrinmaru|Pressure
|-weather|Sandstorm|[from] ability: Sand Stream|[of] p2a: Tyranitar
|turn|1
|
|t:|1760861074
|switch|p1a: Blitzfeuer|Cinderace, M, shiny|100/100
|move|p2a: Tyranitar|Stone Edge|p1a: Blitzfeuer
|-supereffective|p1a: Blitzfeuer
|-damage|p1a: Blitzfeuer|0 fnt
|faint|p1a: Blitzfeuer
|
|-weather|Sandstorm|[upkeep]
|upkeep
|
|t:|1760861084
|switch|p1a: Mojo Jojo|Rillaboom, F, shiny|100/100
|-fieldstart|move: Grassy Terrain|[from] ability: Grassy Surge|[of] p1a: Mojo Jojo
|turn|2
|
|t:|1760861088
|switch|p2a: Corviknight|Corviknight, M|100/100
|move|p1a: Mojo Jojo|Wood Hammer|p2a: Corviknight
|-resisted|p2a: Corviknight
|-damage|p2a: Corviknight|83/100
|-damage|p1a: Mojo Jojo|84/100|[from] item: Rocky Helmet|[of] p2a: Corviknight
|-damage|p1a: Mojo Jojo|77/100|[from] Recoil
|
|-weather|Sandstorm|[upkeep]
|-damage|p1a: Mojo Jojo|71/100|[from] Sandstorm
|-heal|p1a: Mojo Jojo|77/100|[from] Grassy Terrain
|upkeep
|turn|3
|
|t:|1760861104
|switch|p1a: D4C|Iron Moth, shiny|100/100
|-enditem|p1a: D4C|Booster Energy
|-activate|p1a: D4C|ability: Quark Drive|[fromitem]
|-start|p1a: D4C|quarkdrivespa
|move|p2a: Corviknight|Roost|p2a: Corviknight
|-heal|p2a: Corviknight|100/100
|-singleturn|p2a: Corviknight|move: Roost
|
|-weather|Sandstorm|[upkeep]
|-damage|p1a: D4C|95/100|[from] Sandstorm
|-heal|p1a: D4C|100/100|[from] Grassy Terrain
|upkeep
|turn|4
|
|t:|1760861117
|switch|p2a: Magcargo|Magcargo, M|100/100
|move|p1a: D4C|Fiery Dance|p2a: Magcargo
|-resisted|p2a: Magcargo
|-damage|p2a: Magcargo|93/100
|-boost|p1a: D4C|spa|1
|
|-weather|Sandstorm|[upkeep]
|-damage|p1a: D4C|95/100|[from] Sandstorm
|-heal|p1a: D4C|100/100|[from] Grassy Terrain
|-heal|p2a: Magcargo|99/100|[from] Grassy Terrain
|upkeep
|turn|5
|
|t:|1760861133
|move|p1a: D4C|Energy Ball|p2a: Magcargo
|-damage|p2a: Magcargo|48/100
|move|p2a: Magcargo|Light Screen|p2a: Magcargo
|-sidestart|p2: Chuolv|move: Light Screen
|
|-weather|Sandstorm|[upkeep]
|-damage|p1a: D4C|95/100|[from] Sandstorm
|-heal|p1a: D4C|100/100|[from] Grassy Terrain
|-heal|p2a: Magcargo|55/100|[from] Grassy Terrain
|upkeep
|turn|6
|inactive|Chuolv has 120 seconds left.
|
|t:|1760861168
|move|p1a: D4C|Energy Ball|p2a: Magcargo
|-damage|p2a: Magcargo|29/100
|move|p2a: Magcargo|Reflect|p2a: Magcargo
|-sidestart|p2: Chuolv|Reflect
|
|-weather|Sandstorm|[upkeep]
|-damage|p1a: D4C|95/100|[from] Sandstorm
|-heal|p1a: D4C|100/100|[from] Grassy Terrain
|-heal|p2a: Magcargo|35/100|[from] Grassy Terrain
|-fieldend|move: Grassy Terrain
|upkeep
|turn|7
|inactive|Chuolv has 120 seconds left.
|
|t:|1760861180
|move|p1a: D4C|Energy Ball|p2a: Magcargo
|-damage|p2a: Magcargo|18/100
|move|p2a: Magcargo|Memento|p1a: D4C
|-unboost|p1a: D4C|atk|2
|-unboost|p1a: D4C|spa|2
|faint|p2a: Magcargo
|
|-weather|Sandstorm|[upkeep]
|-damage|p1a: D4C|95/100|[from] Sandstorm
|upkeep
|
|t:|1760861196
|switch|p2a: Garchomp|Garchomp, M|100/100
|turn|8
|
|t:|1760861212
|-end|p1a: D4C|Quark Drive|[silent]
|switch|p1a: Mojo Jojo|Rillaboom, F, shiny|77/100
|-fieldstart|move: Grassy Terrain|[from] ability: Grassy Surge|[of] p1a: Mojo Jojo
|move|p2a: Garchomp|Swords Dance|p2a: Garchomp
|-boost|p2a: Garchomp|atk|2
|
|-weather|none
|-heal|p1a: Mojo Jojo|83/100|[from] Grassy Terrain
|upkeep
|turn|9
|inactive|Chuolv has 120 seconds left.
|
|t:|1760861222
|move|p2a: Garchomp|Scale Shot|p1a: Mojo Jojo|[miss]
|-miss|p2a: Garchomp|p1a: Mojo Jojo
|move|p1a: Mojo Jojo|Wood Hammer|p2a: Garchomp
|-damage|p2a: Garchomp|30/100
|-damage|p1a: Mojo Jojo|71/100|[from] ability: Rough Skin|[of] p2a: Garchomp
|-damage|p1a: Mojo Jojo|47/100|[from] Recoil
|
|-heal|p2a: Garchomp|37/100|[from] Grassy Terrain
|-heal|p1a: Mojo Jojo|53/100|[from] Grassy Terrain
|upkeep
|turn|10
|inactive|Chuolv has 120 seconds left.
|
|t:|1760861234
|move|p2a: Garchomp|Scale Shot|p1a: Mojo Jojo
|-damage|p1a: Mojo Jojo|21/100
|-damage|p1a: Mojo Jojo|0 fnt
|faint|p1a: Mojo Jojo
|-hitcount|p1: Mojo Jojo|2
|-unboost|p2a: Garchomp|def|1
|-boost|p2a: Garchomp|spe|1
|
|-heal|p2a: Garchomp|43/100|[from] Grassy Terrain
|upkeep
|
|t:|1760861257
|switch|p1a: Checkmate|Kingambit, M|100/100
|-activate|p1a: Checkmate|ability: Supreme Overlord
|-start|p1a: Checkmate|fallen2|[silent]
|turn|11
|
|t:|1760861262
|move|p2a: Garchomp|Earthquake|p1a: Checkmate
|-supereffective|p1a: Checkmate
|-damage|p1a: Checkmate|25/100
|move|p1a: Checkmate|Kowtow Cleave|p2a: Garchomp
|-damage|p2a: Garchomp|0 fnt
|-damage|p1a: Checkmate|12/100|[from] ability: Rough Skin|[of] p2a: Garchomp
|faint|p2a: Garchomp
|
|-heal|p1a: Checkmate|19/100|[from] Grassy Terrain
|upkeep
|inactive|Chuolv has 120 seconds left.
|
|t:|1760861278
|switch|p2a: Gliscor|Gliscor, M|100/100
|turn|12
|
|t:|1760861293
|-end|p1a: Checkmate|fallen2|[silent]
|switch|p1a: Ghost Rider|Dragapult, M|100/100
|move|p2a: Gliscor|Swords Dance|p2a: Gliscor
|-boost|p2a: Gliscor|atk|2
|
|-sideend|p2: Chuolv|move: Light Screen
|-fieldend|move: Grassy Terrain
|-status|p2a: Gliscor|tox|[from] item: Toxic Orb
|upkeep
|turn|13
|
|t:|1760861313
|move|p1a: Ghost Rider|Hex|p2a: Gliscor
|-damage|p2a: Gliscor|13/100 tox
|move|p2a: Gliscor|Earthquake|p1a: Ghost Rider
|-damage|p1a: Ghost Rider|0 fnt
|faint|p1a: Ghost Rider
|
|-heal|p2a: Gliscor|25/100 tox|[from] ability: Poison Heal
|-sideend|p2: Chuolv|Reflect
|upkeep
|inactive|sol invicta has 120 seconds left.
|
|t:|1760861323
|switch|p1a: D4C|Iron Moth, shiny|95/100
|turn|14
|
|t:|1760861328
|move|p1a: D4C|Fiery Dance|p2a: Gliscor
|-damage|p2a: Gliscor|0 fnt
|-boost|p1a: D4C|spa|1
|faint|p2a: Gliscor
|
|upkeep
|
|t:|1760861335
|switch|p2a: Tyranitar|Tyranitar, M|100/100
|-weather|Sandstorm|[from] ability: Sand Stream|[of] p2a: Tyranitar
|turn|15
|
|t:|1760861347
|-terastallize|p1a: D4C|Grass
|move|p1a: D4C|Energy Ball|p2a: Tyranitar
|-supereffective|p2a: Tyranitar
|-damage|p2a: Tyranitar|23/100
|move|p2a: Tyranitar|Stone Edge|p1a: D4C
|-damage|p1a: D4C|3/100
|
|-weather|Sandstorm|[upkeep]
|-damage|p1a: D4C|0 fnt|[from] Sandstorm
|faint|p1a: D4C
|-end|p1a: D4C|Quark Drive|[silent]
|upkeep
|
|t:|1760861359
|switch|p1a: Hyōrinmaru|Kyurem, shiny|100/100
|-ability|p1a: Hyōrinmaru|Pressure
|turn|16
|inactive|sol invicta has 120 seconds left.
|
|t:|1760861382
|move|p1a: Hyōrinmaru|Flash Cannon|p2a: Tyranitar
|-supereffective|p2a: Tyranitar
|-damage|p2a: Tyranitar|0 fnt
|faint|p2a: Tyranitar
|
|-weather|Sandstorm|[upkeep]
|-damage|p1a: Hyōrinmaru|94/100|[from] Sandstorm
|upkeep
|
|t:|1760861394
|switch|p2a: Empoleon|Empoleon, M|100/100
|-item|p2a: Empoleon|Air Balloon
|turn|17
|
|t:|1760861401
|move|p1a: Hyōrinmaru|Freeze-Dry|p2a: Empoleon
|-damage|p2a: Empoleon|57/100
|-enditem|p2a: Empoleon|Air Balloon
|move|p2a: Empoleon|Agility|p2a: Empoleon
|-boost|p2a: Empoleon|spe|2
|
|-weather|Sandstorm|[upkeep]
|-damage|p1a: Hyōrinmaru|88/100|[from] Sandstorm
|upkeep
|turn|18
|
|t:|1760861413
|move|p2a: Empoleon|Ice Beam|p1a: Hyōrinmaru
|-damage|p1a: Hyōrinmaru|58/100
|move|p1a: Hyōrinmaru|Earth Power|p2a: Empoleon
|-supereffective|p2a: Empoleon
|-damage|p2a: Empoleon|0 fnt
|faint|p2a: Empoleon
|
|-weather|Sandstorm|[upkeep]
|-damage|p1a: Hyōrinmaru|52/100|[from] Sandstorm
|upkeep
|
|t:|1760861424
|switch|p2a: Corviknight|Corviknight, M|100/100
|turn|19
|
|t:|1760861440
|move|p1a: Hyōrinmaru|Freeze-Dry|p2a: Corviknight
|-damage|p2a: Corviknight|60/100
|-status|p2a: Corviknight|frz
|cant|p2a: Corviknight|frz
|
|-weather|Sandstorm|[upkeep]
|-damage|p1a: Hyōrinmaru|46/100|[from] Sandstorm
|upkeep
|turn|20
|
|t:|1760861450
|move|p1a: Hyōrinmaru|Freeze-Dry|p2a: Corviknight
|-damage|p2a: Corviknight|22/100 frz
|cant|p2a: Corviknight|frz
|
|-weather|Sandstorm|[upkeep]
|-damage|p1a: Hyōrinmaru|40/100|[from] Sandstorm
|upkeep
|turn|21
|
|t:|1760861458
|move|p1a: Hyōrinmaru|Freeze-Dry|p2a: Corviknight
|-damage|p2a: Corviknight|0 fnt
|faint|p2a: Corviknight
|
|win|sol invicta
|raw|sol invicta's rating: 1236 &rarr; <strong>1262</strong><br />(+26 for winning)
|raw|Chuolv's rating: 1250 &rarr; <strong>1224</strong><br />(-26 for losing)
|l|☆Chuolv
|player|p2|
|l|☆sol invicta
|player|p1|
