|j|☆espermadomal
|j|☆Redica_Val
|t:|1760750719
|gametype|singles
|player|p1|espermadomal|schoolkid-gen4|1045
|player|p2|Redica_Val|blackbelt-gen4dp|1000
|gen|9
|tier|[Gen 9] OU
|rated|
|rule|HP Percentage Mod: HP is shown in percentages
|rule|Endless Battle Clause: Forcing endless battles is banned
|rule|Species Clause: Limit one of each Pokémon
|rule|OHKO Clause: OHKO moves are banned
|rule|Evasion Items Clause: Evasion items are banned
|rule|Evasion Moves Clause: Evasion moves are banned
|rule|Evasion Abilities Clause: Evasion abilities are banned
|rule|Sleep Moves Clause: Sleep-inducing moves are banned
|clearpoke
|poke|p1|Ditto|
|poke|p1|Deoxys-Speed|
|poke|p1|Ceruledge, F|
|poke|p1|Zapdos|
|poke|p1|Meowscarada, M|
|poke|p1|Primarina, F|
|poke|p2|Blaziken, M|
|poke|p2|Ogerpon, F|
|poke|p2|Kingambit, M|
|poke|p2|Glimmora, M|
|poke|p2|Dragapult, M|
|poke|p2|Cresselia, F|
|teampreview
|inactive|Battle timer is ON: inactive players will automatically lose when time's up. (requested by espermadomal)
|
|t:|1760750725
|teamsize|p1|6
|teamsize|p2|6
|start
|switch|p1a: Ditto|Ditto|100/100
|switch|p2a: Stan|Glimmora, M|100/100
|-transform|p1a: Ditto|p2a: Stan|[from] ability: Imposter
|turn|1
|
|t:|1760750736
|move|p2a: Stan|Stealth Rock|p1a: Ditto
|-sidestart|p1: espermadomal|move: Stealth Rock
|move|p1a: Ditto|Earth Power|p2a: Stan
|-supereffective|p2a: Stan
|-damage|p2a: Stan|0 fnt
|faint|p2a: Stan
|
|upkeep
|
|t:|1760750746
|switch|p2a: Weird Dawg|Cresselia, F|100/100
|turn|2
|
|t:|1760750753
|move|p1a: Ditto|Stealth Rock|p2a: Weird Dawg
|-sidestart|p2: Redica_Val|move: Stealth Rock
|move|p2a: Weird Dawg|Calm Mind|p2a: Weird Dawg
|-boost|p2a: Weird Dawg|spa|1
|-boost|p2a: Weird Dawg|spd|1
|
|upkeep
|turn|3
|
|t:|1760750761
|move|p1a: Ditto|Mortal Spin|p2a: Weird Dawg
|-damage|p2a: Weird Dawg|98/100
|-status|p2a: Weird Dawg|psn
|-sideend|p1: espermadomal|Stealth Rock|[from] move: Mortal Spin|[of] p1a: Ditto
|move|p2a: Weird Dawg|Calm Mind|p2a: Weird Dawg
|-boost|p2a: Weird Dawg|spa|1
|-boost|p2a: Weird Dawg|spd|1
|
|-heal|p2a: Weird Dawg|100/100 psn|[from] item: Leftovers
|-damage|p2a: Weird Dawg|88/100 psn|[from] psn
|upkeep
|turn|4
|
|t:|1760750773
|switch|p1a: Meowscarada|Meowscarada, M, shiny|100/100
|move|p2a: Weird Dawg|Stored Power|p1a: Meowscarada
|-immune|p1a: Meowscarada
|
|-heal|p2a: Weird Dawg|94/100 psn|[from] item: Leftovers
|-damage|p2a: Weird Dawg|82/100 psn|[from] psn
|upkeep
|turn|5
|
|t:|1760750783
|switch|p2a: Ryan|Blaziken, M|100/100
|-damage|p2a: Ryan|88/100|[from] Stealth Rock
|move|p1a: Meowscarada|Knock Off|p2a: Ryan
|-resisted|p2a: Ryan
|-damage|p2a: Ryan|53/100
|-enditem|p2a: Ryan|Life Orb|[from] move: Knock Off|[of] p1a: Meowscarada
|
|upkeep
|turn|6
|
|t:|1760750795
|-terastallize|p1a: Meowscarada|Fairy
|move|p2a: Ryan|Protect|p2a: Ryan
|-singleturn|p2a: Ryan|Protect
|move|p1a: Meowscarada|Play Rough|p2a: Ryan
|-activate|p2a: Ryan|move: Protect
|
|-ability|p2a: Ryan|Speed Boost|boost
|-boost|p2a: Ryan|spe|1
|upkeep
|turn|7
|
|t:|1760750806
|move|p2a: Ryan|Flare Blitz|p1a: Meowscarada
|-damage|p1a: Meowscarada|0 fnt
|faint|p1a: Meowscarada
|-damage|p2a: Ryan|18/100|[from] Recoil
|
|-ability|p2a: Ryan|Speed Boost|boost
|-boost|p2a: Ryan|spe|1
|upkeep
|
|t:|1760750814
|switch|p1a: Primarina|Primarina, F, shiny|100/100
|turn|8
|
|t:|1760750830
|switch|p2a: Weird Dawg|Cresselia, F|82/100 psn
|-damage|p2a: Weird Dawg|69/100 psn|[from] Stealth Rock
|move|p1a: Primarina|Alluring Voice|p2a: Weird Dawg
|-damage|p2a: Weird Dawg|35/100 psn
|
|-heal|p2a: Weird Dawg|41/100 psn|[from] item: Leftovers
|-damage|p2a: Weird Dawg|29/100 psn|[from] psn
|upkeep
|turn|9
|inactive|Redica_Val has 120 seconds left.
|
|t:|1760750858
|switch|p2a: John|Kingambit, M|100/100
|-damage|p2a: John|94/100|[from] Stealth Rock
|-activate|p2a: John|ability: Supreme Overlord
|-start|p2a: John|fallen1|[silent]
|-item|p2a: John|Air Balloon
|move|p1a: Primarina|Liquidation|p2a: John
|-damage|p2a: John|78/100
|-enditem|p2a: John|Air Balloon
|
|upkeep
|turn|10
|
|t:|1760750870
|move|p2a: John|Iron Head|p1a: Primarina
|-damage|p1a: Primarina|37/100
|move|p1a: Primarina|Alluring Voice|p2a: John
|-damage|p2a: John|26/100
|
|upkeep
|turn|11
|
|t:|1760750876
|move|p2a: John|Iron Head|p1a: Primarina
|-damage|p1a: Primarina|0 fnt
|faint|p1a: Primarina
|
|upkeep
|
|t:|1760750891
|switch|p1a: Deoxys|Deoxys-Speed, shiny|100/100
|-ability|p1a: Deoxys|Pressure
|turn|12
|
|t:|1760750903
|move|p2a: John|Sucker Punch|p1a: Deoxys
|-supereffective|p1a: Deoxys
|-enditem|p1a: Deoxys|Focus Sash
|-damage|p1a: Deoxys|1/100
|move|p1a: Deoxys|Drain Punch|p2a: John
|-supereffective|p2a: John
|-damage|p2a: John|0 fnt
|-heal|p1a: Deoxys|20/100|[from] drain|[of] p2a: John
|faint|p2a: John
|-end|p2a: John|fallen1|[silent]
|
|upkeep
|
|t:|1760750916
|switch|p2a: William|Ogerpon, F|100/100
|turn|13
|
|t:|1760750923
|move|p1a: Deoxys|Future Sight|p2a: William
|-start|p1a: Deoxys|move: Future Sight
|move|p2a: William|Knock Off|p1a: Deoxys
|-supereffective|p1a: Deoxys
|-crit|p1a: Deoxys
|-damage|p1a: Deoxys|0 fnt
|faint|p1a: Deoxys
|
|upkeep
|
|t:|1760750931
|switch|p1a: Ditto|Ditto|100/100
|-transform|p1a: Ditto|p2a: William|[from] ability: Imposter
|turn|14
|
|t:|1760750937
|move|p1a: Ditto|U-turn|p2a: William
|-supereffective|p2a: William
|-damage|p2a: William|45/100
|
|t:|1760750940
|switch|p1a: Ceruledge|Ceruledge, F, shiny|100/100|[from] U-turn
|-item|p1a: Ceruledge|Air Balloon
|move|p2a: William|U-turn|p1a: Ceruledge
|-resisted|p1a: Ceruledge
|-damage|p1a: Ceruledge|91/100
|-enditem|p1a: Ceruledge|Air Balloon
|
|t:|1760750950
|switch|p2a: Air plane?|Dragapult, M|100/100|[from] U-turn
|
|upkeep
|turn|15
|
|t:|1760750959
|move|p2a: Air plane?|Dragon Darts|p1a: Ceruledge
|-damage|p1a: Ceruledge|59/100
|-anim|p2a: Air plane?|Dragon Darts|p1a: Ceruledge
|-damage|p1a: Ceruledge|26/100
|move|p1a: Ceruledge|Shadow Ball|p2a: Air plane?
|-supereffective|p2a: Air plane?
|-damage|p2a: Air plane?|47/100
|-unboost|p2a: Air plane?|spd|1
|
|-end|p2a: Air plane?|move: Future Sight
|-damage|p2a: Air plane?|0 fnt
|faint|p2a: Air plane?
|upkeep
|
|t:|1760750972
|switch|p2a: Ryan|Blaziken, M|18/100
|-damage|p2a: Ryan|6/100|[from] Stealth Rock
|turn|16
|
|t:|1760750978
|move|p1a: Ceruledge|Bitter Blade|p2a: Ryan
|-resisted|p2a: Ryan
|-damage|p2a: Ryan|0 fnt
|-heal|p1a: Ceruledge|29/100|[from] drain|[of] p2a: Ryan
|faint|p2a: Ryan
|
|upkeep
|
|t:|1760750984
|switch|p2a: Weird Dawg|Cresselia, F|29/100 psn
|-damage|p2a: Weird Dawg|17/100 psn|[from] Stealth Rock
|turn|17
|
|t:|1760750990
|move|p1a: Ceruledge|Shadow Ball|p2a: Weird Dawg
|-supereffective|p2a: Weird Dawg
|-damage|p2a: Weird Dawg|0 fnt
|faint|p2a: Weird Dawg
|
|upkeep
|
|t:|1760750997
|switch|p2a: William|Ogerpon, F|45/100
|turn|18
|
|t:|1760751013
|move|p2a: William|Ivy Cudgel|p1a: Ceruledge
|-resisted|p1a: Ceruledge
|-damage|p1a: Ceruledge|0 fnt
|faint|p1a: Ceruledge
|
|upkeep
|
|t:|1760751018
|switch|p1a: Zapdos|Zapdos, shiny|100/100
|-ability|p1a: Zapdos|Pressure
|turn|19
|
|t:|1760751024
|move|p2a: William|Ivy Cudgel|p1a: Zapdos
|-resisted|p1a: Zapdos
|-damage|p1a: Zapdos|73/100
|move|p1a: Zapdos|Brave Bird|p2a: William
|-supereffective|p2a: William
|-damage|p2a: William|0 fnt
|faint|p2a: William
|-damage|p1a: Zapdos|60/100|[from] Recoil
|
|win|espermadomal
|raw|espermadomal's rating: 1045 &rarr; <strong>1074</strong><br />(+29 for winning)
|raw|Redica_Val's rating: 1000 &rarr; <strong>1000</strong><br />(+0 for losing)
