|j|☆yeshirong
|j|☆firecharmander004
|t:|1760800329
|gametype|singles
|player|p1|yeshirong|idol|1473
|player|p2|firecharmander004|102|1530
|gen|9
|tier|[Gen 9] OU
|rated|
|rule|HP Percentage Mod: HP is shown in percentages
|rule|Endless Battle Clause: Forcing endless battles is banned
|rule|Species Clause: Limit one of each Pokémon
|rule|OHKO Clause: OHKO moves are banned
|rule|Evasion Items Clause: Evasion items are banned
|rule|Evasion Moves Clause: Evasion moves are banned
|rule|Evasion Abilities Clause: Evasion abilities are banned
|rule|Sleep Moves Clause: Sleep-inducing moves are banned
|clearpoke
|poke|p1|Indeedee, M|
|poke|p1|Gholdengo|
|poke|p1|Hoopa-Unbound|
|poke|p1|Alomomola, F|
|poke|p1|Cinderace, F|
|poke|p1|Meowscarada, F|
|poke|p2|Iron Treads|
|poke|p2|Ogerpon-Wellspring, F|
|poke|p2|Kingambit, F|
|poke|p2|Arcanine-Hisui, M|
|poke|p2|Iron Valiant|
|poke|p2|Dragapult, F|
|teampreview
|inactive|Battle timer is ON: inactive players will automatically lose when time's up. (requested by firecharmander004)
|inactive|yeshirong also wants the timer to be on.
|inactive|yeshirong has 120 seconds left.
|
|t:|1760800367
|teamsize|p1|6
|teamsize|p2|6
|start
|switch|p1a: Meowscarada|Meowscarada, F|100/100
|switch|p2a: Iron Treads|Iron Treads|100/100
|-enditem|p2a: Iron Treads|Booster Energy
|-activate|p2a: Iron Treads|ability: Quark Drive|[fromitem]
|-start|p2a: Iron Treads|quarkdrivespe
|turn|1
|
|t:|1760800377
|move|p1a: Meowscarada|Flower Trick|p2a: Iron Treads
|-start|p1a: Meowscarada|typechange|Grass|[from] ability: Protean
|-crit|p2a: Iron Treads
|-damage|p2a: Iron Treads|60/100
|move|p2a: Iron Treads|Stealth Rock|p1a: Meowscarada
|-sidestart|p1: yeshirong|move: Stealth Rock
|
|upkeep
|turn|2
|
|t:|1760800388
|move|p1a: Meowscarada|Flower Trick|p2a: Iron Treads
|-crit|p2a: Iron Treads
|-damage|p2a: Iron Treads|13/100
|move|p2a: Iron Treads|Steel Beam|p1a: Meowscarada
|-damage|p1a: Meowscarada|26/100
|-damage|p2a: Iron Treads|0 fnt|[from] steelbeam
|faint|p2a: Iron Treads
|-end|p2a: Iron Treads|Quark Drive|[silent]
|
|upkeep
|
|t:|1760800392
|switch|p2a: Dragapult|Dragapult, F|100/100
|turn|3
|
|t:|1760800394
|switch|p1a: Alomomola|Alomomola, F|100/100
|-damage|p1a: Alomomola|88/100|[from] Stealth Rock
|move|p2a: Dragapult|U-turn|p1a: Alomomola
|-damage|p1a: Alomomola|74/100
|
|t:|1760800398
|switch|p2a: Ogerpon|Ogerpon-Wellspring, F|100/100|[from] U-turn
|
|upkeep
|turn|4
|
|t:|1760800401
|move|p2a: Ogerpon|Swords Dance|p2a: Ogerpon
|-boost|p2a: Ogerpon|atk|2
|move|p1a: Alomomola|Body Slam|p2a: Ogerpon
|-damage|p2a: Ogerpon|79/100
|
|upkeep
|turn|5
|
|t:|1760800408
|-terastallize|p1a: Alomomola|Grass
|move|p2a: Ogerpon|Power Whip|p1a: Alomomola
|-resisted|p1a: Alomomola
|-crit|p1a: Alomomola
|-damage|p1a: Alomomola|0 fnt
|faint|p1a: Alomomola
|
|upkeep
|
|t:|1760800417
|switch|p1a: Meowscarada|Meowscarada, F|26/100
|-damage|p1a: Meowscarada|14/100|[from] Stealth Rock
|turn|6
|
|t:|1760800425
|switch|p2a: Iron Valiant|Iron Valiant|100/100
|-enditem|p2a: Iron Valiant|Booster Energy
|-activate|p2a: Iron Valiant|ability: Quark Drive|[fromitem]
|-start|p2a: Iron Valiant|quarkdrivespe
|move|p1a: Meowscarada|U-turn|p2a: Iron Valiant
|-start|p1a: Meowscarada|typechange|Bug|[from] ability: Protean
|-resisted|p2a: Iron Valiant
|-damage|p2a: Iron Valiant|90/100
|
|t:|1760800434
|switch|p1a: Gholdengo|Gholdengo|100/100|[from] U-turn
|-damage|p1a: Gholdengo|94/100|[from] Stealth Rock
|-item|p1a: Gholdengo|Air Balloon
|
|upkeep
|turn|7
|
|t:|1760800438
|move|p2a: Iron Valiant|Knock Off|p1a: Gholdengo
|-supereffective|p1a: Gholdengo
|-damage|p1a: Gholdengo|57/100
|-enditem|p1a: Gholdengo|Air Balloon
|move|p1a: Gholdengo|Make It Rain|p2a: Iron Valiant
|-supereffective|p2a: Iron Valiant
|-damage|p2a: Iron Valiant|0 fnt
|-unboost|p1a: Gholdengo|spa|1
|faint|p2a: Iron Valiant
|-end|p2a: Iron Valiant|Quark Drive|[silent]
|
|upkeep
|
|t:|1760800451
|switch|p2a: Arcanine|Arcanine-Hisui, M|100/100
|turn|8
|
|t:|1760800463
|switch|p1a: Cinderace|Cinderace, F|100/100
|move|p2a: Arcanine|Flare Blitz|p1a: Cinderace
|-resisted|p1a: Cinderace
|-damage|p1a: Cinderace|50/100
|
|upkeep
|turn|9
|
|t:|1760800468
|move|p1a: Cinderace|Court Change|p1a: Cinderace
|-swapsideconditions
|-activate|p1a: Cinderace|move: Court Change
|move|p2a: Arcanine|Flare Blitz|p1a: Cinderace
|-resisted|p1a: Cinderace
|-damage|p1a: Cinderace|0 fnt
|faint|p1a: Cinderace
|
|upkeep
|
|t:|1760800474
|switch|p1a: Hoopa|Hoopa-Unbound|100/100
|turn|10
|
|t:|1760800482
|move|p2a: Arcanine|Flare Blitz|p1a: Hoopa
|-damage|p1a: Hoopa|0 fnt
|faint|p1a: Hoopa
|
|upkeep
|
|t:|1760800487
|switch|p1a: Meowscarada|Meowscarada, F|14/100
|turn|11
|
|t:|1760800498
|move|p1a: Meowscarada|Knock Off|p2a: Arcanine
|-start|p1a: Meowscarada|typechange|Dark|[from] ability: Protean
|-damage|p2a: Arcanine|42/100
|-enditem|p2a: Arcanine|Choice Band|[from] move: Knock Off|[of] p1a: Meowscarada
|move|p2a: Arcanine|Flare Blitz|p1a: Meowscarada
|-damage|p1a: Meowscarada|0 fnt
|faint|p1a: Meowscarada
|
|upkeep
|
|t:|1760800501
|switch|p1a: Indeedee|Indeedee, M|100/100
|-fieldstart|move: Psychic Terrain|[from] ability: Psychic Surge|[of] p1a: Indeedee
|turn|12
|
|t:|1760800508
|move|p1a: Indeedee|Expanding Force|p2a: Arcanine
|-damage|p2a: Arcanine|0 fnt
|faint|p2a: Arcanine
|
|upkeep
|
|t:|1760800511
|switch|p2a: Ogerpon|Ogerpon-Wellspring, F|79/100
|-damage|p2a: Ogerpon|67/100|[from] Stealth Rock
|turn|13
|-message|yeshirong forfeited.
|
|win|firecharmander004
|raw|yeshirong's rating: 1473 &rarr; <strong>1456</strong><br />(-17 for losing)
|raw|firecharmander004's rating: 1530 &rarr; <strong>1547</strong><br />(+17 for winning)
|l|☆yeshirong
|player|p1|
