|j|☆kingprobs
|j|☆fdvger
|t:|1760723705
|gametype|singles
|player|p1|kingprobs|266|1251
|player|p2|fdvger|1|1215
|gen|9
|tier|[Gen 9] OU
|rated|
|rule|HP Percentage Mod: HP is shown in percentages
|rule|Endless Battle Clause: Forcing endless battles is banned
|rule|Species Clause: Limit one of each Pokémon
|rule|OHKO Clause: OHKO moves are banned
|rule|Evasion Items Clause: Evasion items are banned
|rule|Evasion Moves Clause: Evasion moves are banned
|rule|Evasion Abilities Clause: Evasion abilities are banned
|rule|Sleep Moves Clause: Sleep-inducing moves are banned
|clearpoke
|poke|p1|Corviknight, M|
|poke|p1|Dragapult, M|
|poke|p1|Great Tusk|
|poke|p1|Greninja-*, M|
|poke|p1|Dragonite, F|
|poke|p1|Slowking-Galar, F|
|poke|p2|Hatenna, F|
|poke|p2|Hattrem, F|
|poke|p2|Hatterene, F|
|poke|p2|Torkoal, F|
|poke|p2|Iron Hands|
|poke|p2|Kingambit, F|
|teampreview
|inactive|Battle timer is ON: inactive players will automatically lose when time's up. (requested by kingprobs)
|
|t:|1760723723
|teamsize|p1|6
|teamsize|p2|6
|start
|switch|p1a: Greninja|Greninja, M|100/100
|switch|p2a: Thing 1|Hatenna, F|100/100
|turn|1
|
|t:|1760723726
|move|p1a: Greninja|U-turn|p2a: Thing 1
|-start|p1a: Greninja|typechange|Bug|[from] ability: Protean
|-supereffective|p2a: Thing 1
|-damage|p2a: Thing 1|13/100
|
|t:|1760723729
|switch|p1a: Slowking|Slowking-Galar, F|100/100|[from] U-turn
|move|p2a: Thing 1|Trick Room|p2a: Thing 1
|-fieldstart|move: Trick Room|[of] p2a: Thing 1
|
|upkeep
|turn|2
|
|t:|1760723736
|move|p2a: Thing 1|Light Screen|p2a: Thing 1
|-sidestart|p2: fdvger|move: Light Screen
|move|p1a: Slowking|Flamethrower|p2a: Thing 1
|-damage|p2a: Thing 1|0 fnt
|faint|p2a: Thing 1
|
|upkeep
|
|t:|1760723742
|switch|p2a: Deep Cut|Kingambit, F|100/100
|-activate|p2a: Deep Cut|ability: Supreme Overlord
|-start|p2a: Deep Cut|fallen1|[silent]
|turn|3
|
|t:|1760723752
|move|p2a: Deep Cut|Swords Dance|p2a: Deep Cut
|-boost|p2a: Deep Cut|atk|2
|move|p1a: Slowking|Thunder Wave|p2a: Deep Cut
|-status|p2a: Deep Cut|par
|
|upkeep
|turn|4
|
|t:|1760723756
|move|p2a: Deep Cut|Kowtow Cleave|p1a: Slowking
|-supereffective|p1a: Slowking
|-damage|p1a: Slowking|0 fnt
|faint|p1a: Slowking
|
|upkeep
|
|t:|1760723759
|switch|p1a: Great Tusk|Great Tusk|100/100
|turn|5
|
|t:|1760723765
|move|p2a: Deep Cut|Iron Head|p1a: Great Tusk
|-damage|p1a: Great Tusk|31/100
|move|p1a: Great Tusk|Close Combat|p2a: Deep Cut
|-supereffective|p2a: Deep Cut
|-damage|p2a: Deep Cut|0 fnt
|-unboost|p1a: Great Tusk|def|1
|-unboost|p1a: Great Tusk|spd|1
|faint|p2a: Deep Cut
|-end|p2a: Deep Cut|fallen1|[silent]
|
|-fieldend|move: Trick Room
|upkeep
|
|t:|1760723771
|switch|p2a: Thing 2|Hattrem, F|100/100
|turn|6
|
|t:|1760723784
|-terastallize|p1a: Great Tusk|Ground
|move|p1a: Great Tusk|Headlong Rush|p2a: Thing 2
|-enditem|p2a: Thing 2|Focus Sash
|-damage|p2a: Thing 2|1/100
|-unboost|p1a: Great Tusk|def|1
|-unboost|p1a: Great Tusk|spd|1
|move|p2a: Thing 2|Trick Room|p2a: Thing 2
|-fieldstart|move: Trick Room|[of] p2a: Thing 2
|
|-sideend|p2: fdvger|move: Light Screen
|upkeep
|turn|7
|
|t:|1760723800
|-end|p1a: Great Tusk|Protosynthesis|[silent]
|switch|p1a: Corviknight|Corviknight, M|100/100
|-ability|p1a: Corviknight|Pressure
|move|p2a: Thing 2|Psychic|p1a: Corviknight
|-resisted|p1a: Corviknight
|-damage|p1a: Corviknight|88/100
|
|upkeep
|turn|8
|
|t:|1760723803
|move|p2a: Thing 2|Mystical Fire|p1a: Corviknight
|-supereffective|p1a: Corviknight
|-damage|p1a: Corviknight|56/100
|-unboost|p1a: Corviknight|spa|1
|move|p1a: Corviknight|U-turn|p2a: Thing 2
|-supereffective|p2a: Thing 2
|-damage|p2a: Thing 2|0 fnt
|faint|p2a: Thing 2
|
|t:|1760723807
|switch|p1a: Great Tusk|Great Tusk, tera:Ground|31/100|[from] U-turn
|
|upkeep
|
|t:|1760723816
|switch|p2a: Catch These Hands|Iron Hands|100/100
|-enditem|p2a: Catch These Hands|Booster Energy
|-activate|p2a: Catch These Hands|ability: Quark Drive|[fromitem]
|-start|p2a: Catch These Hands|quarkdriveatk
|turn|9
|
|t:|1760723823
|-end|p1a: Great Tusk|Protosynthesis|[silent]
|switch|p1a: Corviknight|Corviknight, M|56/100
|-ability|p1a: Corviknight|Pressure
|move|p2a: Catch These Hands|Ice Punch|p1a: Corviknight
|-damage|p1a: Corviknight|33/100
|-damage|p2a: Catch These Hands|84/100|[from] item: Rocky Helmet|[of] p1a: Corviknight
|
|upkeep
|turn|10
|
|t:|1760723826
|move|p2a: Catch These Hands|Wild Charge|p1a: Corviknight
|-supereffective|p1a: Corviknight
|-damage|p1a: Corviknight|0 fnt
|-damage|p2a: Catch These Hands|67/100|[from] item: Rocky Helmet|[of] p1a: Corviknight
|faint|p1a: Corviknight
|-damage|p2a: Catch These Hands|61/100|[from] Recoil
|
|-fieldend|move: Trick Room
|upkeep
|
|t:|1760723830
|switch|p1a: Great Tusk|Great Tusk, tera:Ground|31/100
|turn|11
|
|t:|1760723835
|-terastallize|p2a: Catch These Hands|Flying
|move|p1a: Great Tusk|Headlong Rush|p2a: Catch These Hands
|-immune|p2a: Catch These Hands
|move|p2a: Catch These Hands|Ice Punch|p1a: Great Tusk
|-supereffective|p1a: Great Tusk
|-damage|p1a: Great Tusk|0 fnt
|faint|p1a: Great Tusk
|-end|p1a: Great Tusk|Protosynthesis|[silent]
|
|upkeep
|
|t:|1760723838
|switch|p1a: Greninja|Greninja, M|100/100
|turn|12
|
|t:|1760723842
|-end|p2a: Catch These Hands|Quark Drive|[silent]
|switch|p2a: Thing 3?|Hatterene, F|100/100
|move|p1a: Greninja|Ice Beam|p2a: Thing 3?
|-start|p1a: Greninja|typechange|Ice|[from] ability: Protean
|-damage|p2a: Thing 3?|59/100
|
|upkeep
|turn|13
|
|t:|1760723846
|move|p1a: Greninja|Ice Beam|p2a: Thing 3?
|-damage|p2a: Thing 3?|19/100
|-status|p2a: Thing 3?|frz
|cant|p2a: Thing 3?|frz
|
|upkeep
|turn|14
|-message|fdvger forfeited.
|
|win|kingprobs
|raw|kingprobs's rating: 1251 &rarr; <strong>1273</strong><br />(+22 for winning)
|raw|fdvger's rating: 1215 &rarr; <strong>1193</strong><br />(-22 for losing)
|l|☆fdvger
|player|p2|
|l|☆kingprobs
|player|p1|
