|j|☆jfkkkkf
|j|☆Oh! Besomorph
|t:|1760792061
|gametype|singles
|player|p1|jfkkkkf|102|1442
|player|p2|Oh! Besomorph|2|1453
|gen|9
|tier|[Gen 9] OU
|rated|
|rule|HP Percentage Mod: HP is shown in percentages
|rule|Endless Battle Clause: Forcing endless battles is banned
|rule|Species Clause: Limit one of each Pokémon
|rule|OHKO Clause: OHKO moves are banned
|rule|Evasion Items Clause: Evasion items are banned
|rule|Evasion Moves Clause: Evasion moves are banned
|rule|Evasion Abilities Clause: Evasion abilities are banned
|rule|Sleep Moves Clause: Sleep-inducing moves are banned
|clearpoke
|poke|p1|Samurott-Hisui, F|
|poke|p1|Great Tusk|
|poke|p1|Sinistcha|
|poke|p1|Chansey, F|
|poke|p1|Hatterene, F|
|poke|p1|Ogerpon-Wellspring, F|
|poke|p2|Zamazenta-*|
|poke|p2|Landorus-Therian, M|
|poke|p2|Slowking-Galar, F|
|poke|p2|Dragapult, F|
|poke|p2|Garganacl, F|
|poke|p2|Cinderace, M|
|teampreview
|inactive|Battle timer is ON: inactive players will automatically lose when time's up. (requested by jfkkkkf)
|
|t:|1760792090
|teamsize|p1|6
|teamsize|p2|6
|start
|switch|p1a: Samurott|Samurott-Hisui, F|100/100
|switch|p2a: Dragapult|Dragapult, F|100/100
|turn|1
|
|t:|1760792099
|-terastallize|p2a: Dragapult|Fairy
|move|p2a: Dragapult|Will-O-Wisp|p1a: Samurott
|-status|p1a: Samurott|brn
|move|p1a: Samurott|Ceaseless Edge|p2a: Dragapult
|-resisted|p2a: Dragapult
|-damage|p2a: Dragapult|85/100
|-sidestart|p2: Oh! Besomorph|Spikes
|
|-damage|p1a: Samurott|94/100 brn|[from] brn
|upkeep
|turn|2
|
|t:|1760792111
|move|p2a: Dragapult|Dragon Darts|p1a: Samurott
|-damage|p1a: Samurott|65/100 brn
|-anim|p2a: Dragapult|Dragon Darts|p1a: Samurott
|-damage|p1a: Samurott|37/100 brn
|move|p1a: Samurott|Knock Off|p2a: Dragapult
|-resisted|p2a: Dragapult
|-damage|p2a: Dragapult|71/100
|-enditem|p2a: Dragapult|Heavy-Duty Boots|[from] move: Knock Off|[of] p1a: Samurott
|
|-damage|p1a: Samurott|31/100 brn|[from] brn
|upkeep
|turn|3
|
|t:|1760792123
|switch|p1a: Hatterene|Hatterene, F|100/100
|move|p2a: Dragapult|Dragon Darts|p1a: Hatterene
|-immune|p1a: Hatterene
|
|upkeep
|turn|4
|
|t:|1760792131
|move|p2a: Dragapult|U-turn|p1a: Hatterene
|-damage|p1a: Hatterene|77/100
|
|t:|1760792135
|switch|p2a: Slowking|Slowking-Galar, F|100/100|[from] U-turn
|move|p1a: Hatterene|Psychic Noise|p2a: Slowking
|-damage|p2a: Slowking|72/100
|-start|p2a: Slowking|move: Heal Block
|
|-heal|p1a: Hatterene|83/100|[from] item: Leftovers
|upkeep
|turn|5
|
|t:|1760792149
|move|p1a: Hatterene|Psychic Noise|p2a: Slowking
|-damage|p2a: Slowking|44/100
|-prepare|p2a: Slowking|Chilly Reception|[premajor]
|move|p2a: Slowking|Chilly Reception|p2a: Slowking
|-weather|Snowscape
|
|t:|1760792156
|switch|p2a: Garganacl|Garganacl, F|100/100|[from] Chilly Reception
|-damage|p2a: Garganacl|88/100|[from] Spikes
|
|-weather|Snowscape|[upkeep]
|-heal|p2a: Garganacl|94/100|[from] item: Leftovers
|-heal|p1a: Hatterene|89/100|[from] item: Leftovers
|upkeep
|turn|6
|
|t:|1760792171
|move|p2a: Garganacl|Salt Cure|p1a: Hatterene
|-damage|p1a: Hatterene|74/100
|-start|p1a: Hatterene|Salt Cure
|move|p1a: Hatterene|Calm Mind|p1a: Hatterene
|-boost|p1a: Hatterene|spa|1
|-boost|p1a: Hatterene|spd|1
|
|-weather|Snowscape|[upkeep]
|-heal|p2a: Garganacl|100/100|[from] item: Leftovers
|-heal|p1a: Hatterene|80/100|[from] item: Leftovers
|-damage|p1a: Hatterene|68/100|[from] Salt Cure
|upkeep
|turn|7
|
|t:|1760792182
|switch|p2a: Slowking|Slowking-Galar, F|77/100
|move|p1a: Hatterene|Calm Mind|p1a: Hatterene
|-boost|p1a: Hatterene|spa|1
|-boost|p1a: Hatterene|spd|1
|
|-weather|Snowscape|[upkeep]
|-heal|p1a: Hatterene|74/100|[from] item: Leftovers
|-damage|p1a: Hatterene|62/100|[from] Salt Cure
|upkeep
|turn|8
|
|t:|1760792192
|move|p1a: Hatterene|Psychic Noise|p2a: Slowking
|-damage|p2a: Slowking|27/100
|-start|p2a: Slowking|move: Heal Block
|-prepare|p2a: Slowking|Chilly Reception|[premajor]
|move|p2a: Slowking|Chilly Reception|p2a: Slowking
|
|t:|1760792204
|switch|p2a: Cinderace|Cinderace, M|100/100|[from] Chilly Reception
|
|-weather|Snowscape|[upkeep]
|-heal|p1a: Hatterene|67/100|[from] item: Leftovers
|-damage|p1a: Hatterene|55/100|[from] Salt Cure
|upkeep
|turn|9
|
|t:|1760792218
|switch|p1a: Great Tusk|Great Tusk|100/100
|move|p2a: Cinderace|Pyro Ball|p1a: Great Tusk
|-damage|p1a: Great Tusk|63/100
|
|-weather|none
|upkeep
|turn|10
|
|t:|1760792232
|move|p2a: Cinderace|U-turn|p1a: Great Tusk
|-start|p2a: Cinderace|typechange|Bug|[from] ability: Libero
|-resisted|p1a: Great Tusk
|-damage|p1a: Great Tusk|52/100
|
|t:|1760792237
|switch|p2a: Landorus|Landorus-Therian, M|100/100|[from] U-turn
|-ability|p2a: Landorus|Intimidate|boost
|-unboost|p1a: Great Tusk|atk|1
|move|p1a: Great Tusk|Knock Off|p2a: Landorus
|-damage|p2a: Landorus|83/100
|-damage|p1a: Great Tusk|36/100|[from] item: Rocky Helmet|[of] p2a: Landorus
|-enditem|p2a: Landorus|Rocky Helmet|[from] move: Knock Off|[of] p1a: Great Tusk
|
|upkeep
|turn|11
|
|t:|1760792248
|switch|p2a: Slowking|Slowking-Galar, F|61/100
|-end|p1a: Great Tusk|Protosynthesis|[silent]
|switch|p1a: Sinistcha|Sinistcha|100/100
|
|upkeep
|turn|12
|
|t:|1760792273
|move|p1a: Sinistcha|Calm Mind|p1a: Sinistcha
|-boost|p1a: Sinistcha|spa|1
|-boost|p1a: Sinistcha|spd|1
|move|p2a: Slowking|Thunder Wave|p1a: Sinistcha
|-status|p1a: Sinistcha|par
|
|upkeep
|turn|13
|
|t:|1760792280
|move|p1a: Sinistcha|Hex|p2a: Slowking
|-supereffective|p2a: Slowking
|-damage|p2a: Slowking|11/100
|-prepare|p2a: Slowking|Chilly Reception|[premajor]
|move|p2a: Slowking|Chilly Reception|p2a: Slowking
|-weather|Snowscape
|
|t:|1760792284
|switch|p2a: Cinderace|Cinderace, M|100/100|[from] Chilly Reception
|
|-weather|Snowscape|[upkeep]
|upkeep
|turn|14
|
|t:|1760792299
|-terastallize|p1a: Sinistcha|Ghost
|move|p2a: Cinderace|Pyro Ball|p1a: Sinistcha|[miss]
|-miss|p2a: Cinderace|p1a: Sinistcha
|cant|p1a: Sinistcha|par
|
|-weather|Snowscape|[upkeep]
|upkeep
|turn|15
|
|t:|1760792314
|move|p2a: Cinderace|Sucker Punch|p1a: Sinistcha
|-start|p2a: Cinderace|typechange|Dark|[from] ability: Libero
|-supereffective|p1a: Sinistcha
|-damage|p1a: Sinistcha|44/100 par
|move|p1a: Sinistcha|Matcha Gotcha|p2a: Cinderace
|-damage|p2a: Cinderace|35/100
|-heal|p1a: Sinistcha|73/100 par|[from] drain|[of] p2a: Cinderace
|
|-weather|Snowscape|[upkeep]
|-heal|p1a: Sinistcha|79/100 par|[from] item: Leftovers
|upkeep
|turn|16
|
|t:|1760792327
|move|p2a: Cinderace|Pyro Ball|p1a: Sinistcha
|-damage|p1a: Sinistcha|62/100 par
|move|p1a: Sinistcha|Strength Sap|p2a: Cinderace
|-unboost|p2a: Cinderace|atk|1
|-heal|p1a: Sinistcha|100/100 par
|
|-weather|Snowscape|[upkeep]
|upkeep
|turn|17
|
|t:|1760792338
|move|p2a: Cinderace|U-turn|p1a: Sinistcha
|-resisted|p1a: Sinistcha
|-damage|p1a: Sinistcha|94/100 par
|
|t:|1760792342
|switch|p2a: Slowking|Slowking-Galar, F|45/100|[from] U-turn
|cant|p1a: Sinistcha|par
|
|-weather|none
|-heal|p1a: Sinistcha|99/100 par|[from] item: Leftovers
|upkeep
|turn|18
|
|t:|1760792351
|move|p1a: Sinistcha|Hex|p2a: Slowking
|-supereffective|p2a: Slowking
|-damage|p2a: Slowking|0 fnt
|faint|p2a: Slowking
|
|-heal|p1a: Sinistcha|100/100 par|[from] item: Leftovers
|upkeep
|
|t:|1760792354
|switch|p2a: Dragapult|Dragapult, F, tera:Fairy|71/100
|-damage|p2a: Dragapult|59/100|[from] Spikes
|turn|19
|
|t:|1760792369
|move|p2a: Dragapult|Hex|p1a: Sinistcha
|-supereffective|p1a: Sinistcha
|-damage|p1a: Sinistcha|17/100 par
|cant|p1a: Sinistcha|par
|
|-heal|p1a: Sinistcha|23/100 par|[from] item: Leftovers
|upkeep
|turn|20
|
|t:|1760792377
|switch|p1a: Chansey|Chansey, F|100/100
|move|p2a: Dragapult|Dragon Darts|p1a: Chansey
|-damage|p1a: Chansey|86/100
|-anim|p2a: Dragapult|Dragon Darts|p1a: Chansey
|-damage|p1a: Chansey|72/100
|
|upkeep
|turn|21
|
|t:|1760792386
|move|p2a: Dragapult|U-turn|p1a: Chansey
|-damage|p1a: Chansey|59/100
|
|t:|1760792390
|switch|p2a: Garganacl|Garganacl, F|100/100|[from] U-turn
|-damage|p2a: Garganacl|88/100|[from] Spikes
|move|p1a: Chansey|Heal Bell|p1a: Chansey
|-activate|p1a: Chansey|move: Heal Bell
|-curestatus|p1: Sinistcha|par|[msg]
|-curestatus|p1: Samurott|brn|[msg]
|
|-heal|p2a: Garganacl|94/100|[from] item: Leftovers
|upkeep
|turn|22
|
|t:|1760792410
|move|p1a: Chansey|Stealth Rock|p2a: Garganacl
|-sidestart|p2: Oh! Besomorph|move: Stealth Rock
|move|p2a: Garganacl|Salt Cure|p1a: Chansey
|-damage|p1a: Chansey|50/100
|-start|p1a: Chansey|Salt Cure
|
|-heal|p2a: Garganacl|100/100|[from] item: Leftovers
|-damage|p1a: Chansey|37/100|[from] Salt Cure
|upkeep
|turn|23
|
|t:|1760792419
|move|p1a: Chansey|Soft-Boiled|p1a: Chansey
|-heal|p1a: Chansey|88/100
|move|p2a: Garganacl|Iron Defense|p2a: Garganacl
|-boost|p2a: Garganacl|def|2
|
|-damage|p1a: Chansey|75/100|[from] Salt Cure
|upkeep
|turn|24
|
|t:|1760792428
|switch|p1a: Sinistcha|Sinistcha, tera:Ghost|23/100
|move|p2a: Garganacl|Salt Cure|p1a: Sinistcha
|-damage|p1a: Sinistcha|11/100
|-start|p1a: Sinistcha|Salt Cure
|
|-heal|p1a: Sinistcha|17/100|[from] item: Leftovers
|-damage|p1a: Sinistcha|5/100|[from] Salt Cure
|upkeep
|turn|25
|
|t:|1760792445
|switch|p2a: Dragapult|Dragapult, F, tera:Fairy|59/100
|-damage|p2a: Dragapult|46/100|[from] Spikes
|-damage|p2a: Dragapult|34/100|[from] Stealth Rock
|move|p1a: Sinistcha|Strength Sap|p2a: Dragapult
|-unboost|p2a: Dragapult|atk|1
|-heal|p1a: Sinistcha|90/100
|
|-heal|p1a: Sinistcha|96/100|[from] item: Leftovers
|-damage|p1a: Sinistcha|84/100|[from] Salt Cure
|upkeep
|turn|26
|
|t:|1760792462
|switch|p1a: Chansey|Chansey, F|75/100
|move|p2a: Dragapult|Will-O-Wisp|p1a: Chansey
|-status|p1a: Chansey|brn
|
|-damage|p1a: Chansey|69/100 brn|[from] brn
|upkeep
|turn|27
|
|t:|1760792472
|move|p2a: Dragapult|Dragon Darts|p1a: Chansey
|-damage|p1a: Chansey|60/100 brn
|-anim|p2a: Dragapult|Dragon Darts|p1a: Chansey
|-damage|p1a: Chansey|51/100 brn
|move|p1a: Chansey|Soft-Boiled|p1a: Chansey
|-heal|p1a: Chansey|100/100 brn
|
|-damage|p1a: Chansey|94/100 brn|[from] brn
|upkeep
|turn|28
|
|t:|1760792485
|switch|p2a: Garganacl|Garganacl, F|100/100
|-damage|p2a: Garganacl|88/100|[from] Spikes
|-damage|p2a: Garganacl|76/100|[from] Stealth Rock
|move|p1a: Chansey|Seismic Toss|p2a: Garganacl
|-damage|p2a: Garganacl|51/100
|
|-heal|p2a: Garganacl|57/100|[from] item: Leftovers
|-damage|p1a: Chansey|88/100 brn|[from] brn
|upkeep
|turn|29
|
|t:|1760792498
|-curestatus|p1a: Chansey|brn|[from] ability: Natural Cure
|switch|p1a: Ogerpon|Ogerpon-Wellspring, F|100/100
|switch|p2a: Cinderace|Cinderace, M|35/100
|
|upkeep
|turn|30
|
|t:|1760792513
|move|p2a: Cinderace|Court Change|p2a: Cinderace
|-start|p2a: Cinderace|typechange|Normal|[from] ability: Libero
|-swapsideconditions
|-activate|p2a: Cinderace|move: Court Change
|move|p1a: Ogerpon|Ivy Cudgel|p2a: Cinderace|[anim] Ivy Cudgel Water
|-crit|p2a: Cinderace
|-damage|p2a: Cinderace|0 fnt
|faint|p2a: Cinderace
|
|upkeep
|
|t:|1760792530
|switch|p2a: Dragapult|Dragapult, F, tera:Fairy|34/100
|turn|31
|
|t:|1760792541
|move|p2a: Dragapult|U-turn|p1a: Ogerpon
|-supereffective|p1a: Ogerpon
|-damage|p1a: Ogerpon|49/100
|
|t:|1760792544
|switch|p2a: Landorus|Landorus-Therian, M|83/100|[from] U-turn
|-ability|p2a: Landorus|Intimidate|boost
|-unboost|p1a: Ogerpon|atk|1
|move|p1a: Ogerpon|Ivy Cudgel|p2a: Landorus|[anim] Ivy Cudgel Water
|-supereffective|p2a: Landorus
|-damage|p2a: Landorus|30/100
|
|upkeep
|turn|32
|
|t:|1760792560
|move|p1a: Ogerpon|Ivy Cudgel|p2a: Landorus|[anim] Ivy Cudgel Water
|-supereffective|p2a: Landorus
|-damage|p2a: Landorus|0 fnt
|faint|p2a: Landorus
|
|upkeep
|
|t:|1760792563
|switch|p2a: Zamazenta|Zamazenta, shiny|100/100
|-ability|p2a: Zamazenta|Dauntless Shield|boost
|-boost|p2a: Zamazenta|def|1
|turn|33
|
|t:|1760792576
|switch|p1a: Sinistcha|Sinistcha, tera:Ghost|84/100
|-damage|p1a: Sinistcha|71/100|[from] Spikes
|-damage|p1a: Sinistcha|59/100|[from] Stealth Rock
|move|p2a: Zamazenta|Iron Defense|p2a: Zamazenta
|-boost|p2a: Zamazenta|def|2
|
|-heal|p1a: Sinistcha|65/100|[from] item: Leftovers
|upkeep
|turn|34
|
|t:|1760792587
|move|p2a: Zamazenta|Crunch|p1a: Sinistcha
|-supereffective|p1a: Sinistcha
|-damage|p1a: Sinistcha|16/100
|move|p1a: Sinistcha|Strength Sap|p2a: Zamazenta
|-unboost|p2a: Zamazenta|atk|1
|-heal|p1a: Sinistcha|100/100
|
|upkeep
|turn|35
|
|t:|1760792596
|switch|p2a: Dragapult|Dragapult, F, tera:Fairy|34/100
|move|p1a: Sinistcha|Matcha Gotcha|p2a: Dragapult
|-damage|p2a: Dragapult|0 fnt
|faint|p2a: Dragapult
|
|upkeep
|-message|Oh! Besomorph forfeited.
|
|win|jfkkkkf
|raw|jfkkkkf's rating: 1442 &rarr; <strong>1463</strong><br />(+21 for winning)
|raw|Oh! Besomorph's rating: 1453 &rarr; <strong>1432</strong><br />(-21 for losing)
|l|☆Oh! Besomorph
|player|p2|
|l|☆jfkkkkf
|player|p1|
