|j|☆masterkisame123
|j|☆mansonabuluting
|t:|1760719224
|gametype|singles
|player|p1|masterkisame123|wallace-masters|1580
|player|p2|mansonabuluting|bellelba|1604
|gen|9
|tier|[Gen 9] OU
|rated|
|rule|HP Percentage Mod: HP is shown in percentages
|rule|Endless Battle Clause: Forcing endless battles is banned
|rule|Species Clause: Limit one of each Pokémon
|rule|OHKO Clause: OHKO moves are banned
|rule|Evasion Items Clause: Evasion items are banned
|rule|Evasion Moves Clause: Evasion moves are banned
|rule|Evasion Abilities Clause: Evasion abilities are banned
|rule|Sleep Moves Clause: Sleep-inducing moves are banned
|clearpoke
|poke|p1|Swampert, M|
|poke|p1|Heatran, F|
|poke|p1|Garganacl, M|
|poke|p1|Amoonguss, F|
|poke|p1|Zapdos|
|poke|p1|Scizor, M|
|poke|p2|Rillaboom, F|
|poke|p2|Hawlucha, M|
|poke|p2|Thundurus-Therian, M|
|poke|p2|Great Tusk|
|poke|p2|Volcanion|
|poke|p2|Goodra-Hisui, F|
|teampreview
|inactive|Battle timer is ON: inactive players will automatically lose when time's up. (requested by masterkisame123)
|
|t:|1760719231
|teamsize|p1|6
|teamsize|p2|6
|start
|switch|p1a: Heatran|Heatran, F|100/100
|switch|p2a: Volcanion|Volcanion|100/100
|turn|1
|
|t:|1760719236
|-terastallize|p1a: Heatran|Ice
|move|p1a: Heatran|Earth Power|p2a: Volcanion
|-supereffective|p2a: Volcanion
|-damage|p2a: Volcanion|24/100
|move|p2a: Volcanion|Steam Eruption|p1a: Heatran
|-damage|p1a: Heatran|27/100
|
|-heal|p1a: Heatran|33/100|[from] item: Leftovers
|upkeep
|turn|2
|
|t:|1760719247
|switch|p2a: Thundurus|Thundurus-Therian, M|100/100
|move|p1a: Heatran|Lava Plume|p2a: Thundurus
|-damage|p2a: Thundurus|37/100
|
|-heal|p1a: Heatran|39/100|[from] item: Leftovers
|upkeep
|turn|3
|
|t:|1760719250
|move|p2a: Thundurus|Volt Switch|p1a: Heatran
|-damage|p1a: Heatran|0 fnt
|faint|p1a: Heatran
|
|t:|1760719253
|switch|p2a: Rillaboom|Rillaboom, F|100/100|[from] Volt Switch
|-fieldstart|move: Grassy Terrain|[from] ability: Grassy Surge|[of] p2a: Rillaboom
|
|upkeep
|
|t:|1760719255
|switch|p1a: Zapdos|Zapdos|100/100
|turn|4
|
|t:|1760719260
|move|p1a: Zapdos|Hurricane|p2a: Rillaboom
|-supereffective|p2a: Rillaboom
|-damage|p2a: Rillaboom|0 fnt
|faint|p2a: Rillaboom
|
|upkeep
|
|t:|1760719266
|switch|p2a: Thundurus|Thundurus-Therian, M|37/100
|turn|5
|
|t:|1760719269
|move|p2a: Thundurus|Volt Switch|p1a: Zapdos
|-damage|p1a: Zapdos|58/100
|
|t:|1760719272
|switch|p2a: Goodra|Goodra-Hisui, F|100/100|[from] Volt Switch
|move|p1a: Zapdos|Hurricane|p2a: Goodra
|-resisted|p2a: Goodra
|-damage|p2a: Goodra|90/100
|-start|p2a: Goodra|confusion
|
|-heal|p2a: Goodra|96/100|[from] Grassy Terrain
|upkeep
|turn|6
|
|t:|1760719279
|move|p1a: Zapdos|Volt Switch|p2a: Goodra
|-resisted|p2a: Goodra
|-damage|p2a: Goodra|90/100
|
|t:|1760719280
|switch|p1a: Swampert|Swampert, M|100/100|[from] Volt Switch
|-activate|p2a: Goodra|confusion
|-damage|p2a: Goodra|83/100|[from] confusion
|
|-heal|p2a: Goodra|89/100|[from] Grassy Terrain
|upkeep
|turn|7
|
|t:|1760719284
|switch|p2a: Hawlucha|Hawlucha, M|100/100
|-enditem|p2a: Hawlucha|Grassy Seed
|-boost|p2a: Hawlucha|def|1|[from] item: Grassy Seed
|move|p1a: Swampert|Smack Down|p2a: Hawlucha
|-damage|p2a: Hawlucha|88/100
|-start|p2a: Hawlucha|Smack Down
|
|-heal|p2a: Hawlucha|94/100|[from] Grassy Terrain
|-fieldend|move: Grassy Terrain
|upkeep
|turn|8
|
|t:|1760719288
|move|p2a: Hawlucha|Swords Dance|p2a: Hawlucha
|-boost|p2a: Hawlucha|atk|2
|move|p1a: Swampert|Earthquake|p2a: Hawlucha
|-damage|p2a: Hawlucha|57/100
|
|upkeep
|turn|9
|
|t:|1760719292
|switch|p1a: Amoonguss|Amoonguss, F|100/100
|move|p2a: Hawlucha|Acrobatics|p1a: Amoonguss
|-supereffective|p1a: Amoonguss
|-damage|p1a: Amoonguss|0 fnt
|-damage|p2a: Hawlucha|41/100|[from] item: Rocky Helmet|[of] p1a: Amoonguss
|faint|p1a: Amoonguss
|
|upkeep
|
|t:|1760719299
|switch|p1a: Zapdos|Zapdos|58/100
|turn|10
|
|t:|1760719304
|move|p2a: Hawlucha|Substitute|p2a: Hawlucha
|-start|p2a: Hawlucha|Substitute
|-damage|p2a: Hawlucha|16/100
|move|p1a: Zapdos|Volt Switch|p2a: Hawlucha
|-supereffective|p2a: Hawlucha
|-end|p2a: Hawlucha|Substitute
|
|t:|1760719306
|switch|p1a: Scizor|Scizor, M|100/100|[from] Volt Switch
|
|upkeep
|turn|11
|
|t:|1760719313
|move|p1a: Scizor|Bullet Punch|p2a: Hawlucha
|-damage|p2a: Hawlucha|0 fnt
|faint|p2a: Hawlucha
|
|upkeep
|
|t:|1760719317
|switch|p2a: Great Tusk|Great Tusk|100/100
|turn|12
|
|t:|1760719322
|switch|p1a: Zapdos|Zapdos|58/100
|move|p2a: Great Tusk|Headlong Rush|p1a: Zapdos
|-immune|p1a: Zapdos
|
|upkeep
|turn|13
|
|t:|1760719329
|-end|p2a: Great Tusk|Protosynthesis|[silent]
|switch|p2a: Thundurus|Thundurus-Therian, M|37/100
|move|p1a: Zapdos|Hurricane|p2a: Thundurus
|-resisted|p2a: Thundurus
|-damage|p2a: Thundurus|3/100
|-start|p2a: Thundurus|confusion
|
|upkeep
|turn|14
|
|t:|1760719335
|switch|p1a: Swampert|Swampert, M|100/100
|-activate|p2a: Thundurus|confusion
|move|p2a: Thundurus|Volt Switch|p1a: Swampert
|-immune|p1a: Swampert
|
|upkeep
|turn|15
|inactive|mansonabuluting has 120 seconds left.
|
|t:|1760719368
|switch|p2a: Great Tusk|Great Tusk|100/100
|switch|p1a: Scizor|Scizor, M|100/100
|
|upkeep
|turn|16
|inactive|mansonabuluting has 120 seconds left.
|
|t:|1760719380
|move|p2a: Great Tusk|Stealth Rock|p1a: Scizor
|-sidestart|p1: masterkisame123|move: Stealth Rock
|move|p1a: Scizor|Knock Off|p2a: Great Tusk
|-resisted|p2a: Great Tusk
|-damage|p2a: Great Tusk|92/100
|-damage|p1a: Scizor|84/100|[from] item: Rocky Helmet|[of] p2a: Great Tusk
|-enditem|p2a: Great Tusk|Rocky Helmet|[from] move: Knock Off|[of] p1a: Scizor
|
|upkeep
|turn|17
|inactive|mansonabuluting has 120 seconds left.
|
|t:|1760719410
|switch|p1a: Zapdos|Zapdos|58/100
|move|p2a: Great Tusk|Headlong Rush|p1a: Zapdos
|-immune|p1a: Zapdos
|
|upkeep
|turn|18
|
|t:|1760719419
|-end|p2a: Great Tusk|Protosynthesis|[silent]
|switch|p2a: Goodra|Goodra-Hisui, F|89/100
|move|p1a: Zapdos|Hurricane|p2a: Goodra
|-resisted|p2a: Goodra
|-damage|p2a: Goodra|77/100
|-start|p2a: Goodra|confusion
|
|upkeep
|turn|19
|
|t:|1760719442
|move|p1a: Zapdos|Volt Switch|p2a: Goodra
|-resisted|p2a: Goodra
|-damage|p2a: Goodra|70/100
|
|t:|1760719444
|switch|p1a: Scizor|Scizor, M|84/100|[from] Volt Switch
|-activate|p2a: Goodra|confusion
|move|p2a: Goodra|Draco Meteor|p1a: Scizor
|-resisted|p1a: Scizor
|-damage|p1a: Scizor|46/100
|-unboost|p2a: Goodra|spa|2
|
|upkeep
|turn|20
|
|t:|1760719455
|switch|p2a: Great Tusk|Great Tusk|92/100
|move|p1a: Scizor|Defog|p2a: Great Tusk
|-unboost|p2a: Great Tusk|evasion|1
|-sideend|p1: masterkisame123|Stealth Rock|[from] move: Defog|[of] p1a: Scizor
|
|upkeep
|turn|21
|
|t:|1760719464
|switch|p1a: Zapdos|Zapdos|58/100
|move|p2a: Great Tusk|Stealth Rock|p1a: Zapdos
|-sidestart|p1: masterkisame123|move: Stealth Rock
|
|upkeep
|turn|22
|
|t:|1760719479
|-end|p2a: Great Tusk|Protosynthesis|[silent]
|switch|p2a: Goodra|Goodra-Hisui, F|70/100
|move|p1a: Zapdos|Hurricane|p2a: Goodra
|-resisted|p2a: Goodra
|-damage|p2a: Goodra|59/100
|-start|p2a: Goodra|confusion
|
|upkeep
|turn|23
|
|t:|1760719502
|move|p1a: Zapdos|Volt Switch|p2a: Goodra
|-resisted|p2a: Goodra
|-crit|p2a: Goodra
|-damage|p2a: Goodra|48/100
|
|t:|1760719505
|switch|p1a: Garganacl|Garganacl, M|100/100|[from] Volt Switch
|-damage|p1a: Garganacl|88/100|[from] Stealth Rock
|-activate|p2a: Goodra|confusion
|move|p2a: Goodra|Draco Meteor|p1a: Garganacl
|-damage|p1a: Garganacl|42/100
|-unboost|p2a: Goodra|spa|2
|
|-heal|p1a: Garganacl|48/100|[from] item: Leftovers
|upkeep
|turn|24
|inactive|mansonabuluting has 90 seconds left.
|
|t:|1760719526
|switch|p2a: Great Tusk|Great Tusk|92/100
|move|p1a: Garganacl|Salt Cure|p2a: Great Tusk
|-resisted|p2a: Great Tusk
|-damage|p2a: Great Tusk|90/100
|-start|p2a: Great Tusk|Salt Cure
|
|-heal|p1a: Garganacl|54/100|[from] item: Leftovers
|-damage|p2a: Great Tusk|78/100|[from] Salt Cure
|upkeep
|turn|25
|
|t:|1760719530
|switch|p1a: Zapdos|Zapdos|58/100
|move|p2a: Great Tusk|Headlong Rush|p1a: Zapdos
|-immune|p1a: Zapdos
|
|-damage|p2a: Great Tusk|65/100|[from] Salt Cure
|upkeep
|turn|26
|
|t:|1760719536
|-end|p2a: Great Tusk|Protosynthesis|[silent]
|switch|p2a: Thundurus|Thundurus-Therian, M|3/100
|move|p1a: Zapdos|Volt Switch|p2a: Thundurus
|-heal|p2a: Thundurus|28/100|[from] ability: Volt Absorb|[of] p1a: Zapdos
|
|upkeep
|turn|27
|
|t:|1760719543
|move|p2a: Thundurus|Volt Switch|p1a: Zapdos
|-damage|p1a: Zapdos|16/100
|
|t:|1760719546
|switch|p2a: Goodra|Goodra-Hisui, F|48/100|[from] Volt Switch
|move|p1a: Zapdos|Hurricane|p2a: Goodra
|-resisted|p2a: Goodra
|-damage|p2a: Goodra|38/100
|-start|p2a: Goodra|confusion
|
|upkeep
|turn|28
|inactive|mansonabuluting has 120 seconds left.
|
|t:|1760719553
|move|p1a: Zapdos|Roost|p1a: Zapdos
|-heal|p1a: Zapdos|66/100
|-singleturn|p1a: Zapdos|move: Roost
|-activate|p2a: Goodra|confusion
|move|p2a: Goodra|Flash Cannon|p1a: Zapdos
|-resisted|p1a: Zapdos
|-damage|p1a: Zapdos|47/100
|
|upkeep
|turn|29
|
|t:|1760719559
|move|p1a: Zapdos|Roost|p1a: Zapdos
|-heal|p1a: Zapdos|97/100
|-singleturn|p1a: Zapdos|move: Roost
|-end|p2a: Goodra|confusion
|move|p2a: Goodra|Draco Meteor|p1a: Zapdos
|-damage|p1a: Zapdos|30/100
|-unboost|p2a: Goodra|spa|2
|
|upkeep
|turn|30
|
|t:|1760719566
|move|p1a: Zapdos|Roost|p1a: Zapdos
|-heal|p1a: Zapdos|80/100
|-singleturn|p1a: Zapdos|move: Roost
|move|p2a: Goodra|Draco Meteor|p1a: Zapdos
|-damage|p1a: Zapdos|46/100
|-unboost|p2a: Goodra|spa|2
|
|upkeep
|turn|31
|
|t:|1760719572
|switch|p2a: Thundurus|Thundurus-Therian, M|28/100
|move|p1a: Zapdos|Roost|p1a: Zapdos
|-heal|p1a: Zapdos|97/100
|-singleturn|p1a: Zapdos|move: Roost
|
|upkeep
|turn|32
|
|t:|1760719577
|move|p2a: Thundurus|Volt Switch|p1a: Zapdos
|-damage|p1a: Zapdos|53/100
|
|t:|1760719581
|switch|p2a: Goodra|Goodra-Hisui, F|38/100|[from] Volt Switch
|move|p1a: Zapdos|Heat Wave|p2a: Goodra
|-damage|p2a: Goodra|26/100
|-status|p2a: Goodra|brn
|
|-damage|p2a: Goodra|20/100 brn|[from] brn
|upkeep
|turn|33
|
|t:|1760719586
|switch|p1a: Swampert|Swampert, M|100/100
|-damage|p1a: Swampert|94/100|[from] Stealth Rock
|move|p2a: Goodra|Draco Meteor|p1a: Swampert
|-damage|p1a: Swampert|57/100
|-unboost|p2a: Goodra|spa|2
|
|-damage|p2a: Goodra|13/100 brn|[from] brn
|upkeep
|turn|34
|
|t:|1760719595
|switch|p2a: Volcanion|Volcanion|24/100
|move|p1a: Swampert|Earthquake|p2a: Volcanion
|-supereffective|p2a: Volcanion
|-damage|p2a: Volcanion|0 fnt
|faint|p2a: Volcanion
|
|upkeep
|
|t:|1760719598
|switch|p2a: Great Tusk|Great Tusk|65/100
|turn|35
|
|t:|1760719605
|move|p2a: Great Tusk|Ice Spinner|p1a: Swampert
|-damage|p1a: Swampert|35/100
|move|p1a: Swampert|Ice Punch|p2a: Great Tusk
|-supereffective|p2a: Great Tusk
|-crit|p2a: Great Tusk
|-damage|p2a: Great Tusk|32/100
|
|upkeep
|turn|36
|
|t:|1760719611
|move|p2a: Great Tusk|Headlong Rush|p1a: Swampert
|-damage|p1a: Swampert|0 fnt
|-unboost|p2a: Great Tusk|def|1
|-unboost|p2a: Great Tusk|spd|1
|faint|p1a: Swampert
|
|upkeep
|
|t:|1760719613
|switch|p1a: Zapdos|Zapdos|53/100
|turn|37
|
|t:|1760719619
|move|p1a: Zapdos|Hurricane|p2a: Great Tusk
|-supereffective|p2a: Great Tusk
|-damage|p2a: Great Tusk|0 fnt
|faint|p2a: Great Tusk
|-end|p2a: Great Tusk|Protosynthesis|[silent]
|
|upkeep
|
|t:|1760719624
|switch|p2a: Thundurus|Thundurus-Therian, M|28/100
|turn|38
|
|t:|1760719628
|move|p2a: Thundurus|Volt Switch|p1a: Zapdos
|-damage|p1a: Zapdos|7/100
|
|t:|1760719631
|switch|p2a: Goodra|Goodra-Hisui, F|13/100 brn|[from] Volt Switch
|move|p1a: Zapdos|Roost|p1a: Zapdos
|-heal|p1a: Zapdos|57/100
|-singleturn|p1a: Zapdos|move: Roost
|
|-damage|p2a: Goodra|7/100 brn|[from] brn
|upkeep
|turn|39
|
|t:|1760719633
|move|p1a: Zapdos|Volt Switch|p2a: Goodra
|-resisted|p2a: Goodra
|-damage|p2a: Goodra|1/100 brn
|
|t:|1760719637
|switch|p1a: Garganacl|Garganacl, M|54/100|[from] Volt Switch
|-damage|p1a: Garganacl|42/100|[from] Stealth Rock
|move|p2a: Goodra|Draco Meteor|p1a: Garganacl
|-damage|p1a: Garganacl|0 fnt
|-unboost|p2a: Goodra|spa|2
|faint|p1a: Garganacl
|
|-damage|p2a: Goodra|0 fnt|[from] brn
|faint|p2a: Goodra
|upkeep
|
|t:|1760719644
|switch|p2a: Thundurus|Thundurus-Therian, M|28/100
|switch|p1a: Scizor|Scizor, M|46/100
|turn|40
|
|t:|1760719648
|move|p1a: Scizor|Bullet Punch|p2a: Thundurus
|-resisted|p2a: Thundurus
|-damage|p2a: Thundurus|2/100
|move|p2a: Thundurus|Volt Switch|p1a: Scizor
|-damage|p1a: Scizor|0 fnt
|faint|p1a: Scizor
|
|upkeep
|
|t:|1760719653
|switch|p1a: Zapdos|Zapdos|57/100
|turn|41
|
|t:|1760719657
|move|p2a: Thundurus|Volt Switch|p1a: Zapdos
|-damage|p1a: Zapdos|14/100
|move|p1a: Zapdos|Heat Wave|p2a: Thundurus
|-damage|p2a: Thundurus|0 fnt
|faint|p2a: Thundurus
|
|win|masterkisame123
|raw|masterkisame123's rating: 1580 &rarr; <strong>1601</strong><br />(+21 for winning)
|raw|mansonabuluting's rating: 1604 &rarr; <strong>1583</strong><br />(-21 for losing)
|l|☆mansonabuluting
|player|p2|
|l|☆masterkisame123
|player|p1|
