|j|☆Fear covraa
|j|☆What-The-Fcuck
|inactive|Battle timer is ON: inactive players will automatically lose when time's up.
|t:|1760833492
|gametype|singles
|player|p1|Fear covraa|waiter-gen4|
|player|p2|What-The-Fcuck|hoopster|
|gen|9
|tier|[Gen 9] OU
|rated|Tournament battle
|rule|HP Percentage Mod: HP is shown in percentages
|rule|Endless Battle Clause: Forcing endless battles is banned
|rule|Species Clause: Limit one of each Pokémon
|rule|OHKO Clause: OHKO moves are banned
|rule|Evasion Items Clause: Evasion items are banned
|rule|Evasion Moves Clause: Evasion moves are banned
|rule|Evasion Abilities Clause: Evasion abilities are banned
|rule|Sleep Moves Clause: Sleep-inducing moves are banned
|clearpoke
|poke|p1|Araquanid, F|
|poke|p1|Dragonite, F|
|poke|p1|Gholdengo|
|poke|p1|Corviknight, F|
|poke|p1|Deoxys-Speed|
|poke|p1|Salazzle, F|
|poke|p2|Garganacl, F|
|poke|p2|Glimmora, F|
|poke|p2|Clefable, F|
|poke|p2|Dragonite, F|
|poke|p2|Skeledirge, M|
|poke|p2|Kyurem|
|teampreview
|j| Egoist N1 fan
|inactive|Fear covraa has 120 seconds left.
|inactive|What-The-Fcuck has 120 seconds left.
|
|t:|1760833525
|teamsize|p1|6
|teamsize|p2|6
|start
|switch|p1a: Salazzle|Salazzle, F|100/100
|switch|p2a: Fable|Clefable, F|100/100
|turn|1
|
|t:|1760833534
|switch|p2a: Salt Bae|Garganacl, F|100/100
|move|p1a: Salazzle|Toxic|p2a: Salt Bae
|-immune|p2a: Salt Bae|[from] ability: Purifying Salt
|
|upkeep
|turn|2
|
|t:|1760833552
|move|p1a: Salazzle|Substitute|p1a: Salazzle
|-start|p1a: Salazzle|Substitute
|-damage|p1a: Salazzle|75/100
|move|p2a: Salt Bae|Iron Defense|p2a: Salt Bae
|-boost|p2a: Salt Bae|def|2
|
|-heal|p1a: Salazzle|82/100|[from] item: Leftovers
|upkeep
|turn|3
|
|t:|1760833558
|move|p1a: Salazzle|Fire Blast|p2a: Salt Bae|[miss]
|-miss|p1a: Salazzle|p2a: Salt Bae
|move|p2a: Salt Bae|Salt Cure|p1a: Salazzle
|-supereffective|p1a: Salazzle
|-end|p1a: Salazzle|Substitute
|
|-heal|p1a: Salazzle|88/100|[from] item: Leftovers
|upkeep
|turn|4
|
|t:|1760833561
|move|p1a: Salazzle|Fire Blast|p2a: Salt Bae
|-resisted|p2a: Salt Bae
|-damage|p2a: Salt Bae|87/100
|move|p2a: Salt Bae|Salt Cure|p1a: Salazzle
|-supereffective|p1a: Salazzle
|-crit|p1a: Salazzle
|-damage|p1a: Salazzle|24/100
|-start|p1a: Salazzle|Salt Cure
|
|-heal|p1a: Salazzle|30/100|[from] item: Leftovers
|-heal|p2a: Salt Bae|93/100|[from] item: Leftovers
|-damage|p1a: Salazzle|18/100|[from] Salt Cure
|upkeep
|turn|5
|
|t:|1760833567
|move|p1a: Salazzle|Fire Blast|p2a: Salt Bae|[miss]
|-miss|p1a: Salazzle|p2a: Salt Bae
|move|p2a: Salt Bae|Iron Defense|p2a: Salt Bae
|-boost|p2a: Salt Bae|def|2
|
|-heal|p1a: Salazzle|24/100|[from] item: Leftovers
|-heal|p2a: Salt Bae|99/100|[from] item: Leftovers
|-damage|p1a: Salazzle|11/100|[from] Salt Cure
|upkeep
|turn|6
|
|t:|1760833578
|move|p1a: Salazzle|Fire Blast|p2a: Salt Bae|[miss]
|-miss|p1a: Salazzle|p2a: Salt Bae
|move|p2a: Salt Bae|Body Press|p1a: Salazzle
|-resisted|p1a: Salazzle
|-damage|p1a: Salazzle|0 fnt
|faint|p1a: Salazzle
|
|-heal|p2a: Salt Bae|100/100|[from] item: Leftovers
|upkeep
|
|t:|1760833580
|switch|p1a: Araquanid|Araquanid, F|100/100
|turn|7
|j| Spud Webbs
|
|t:|1760833594
|move|p1a: Araquanid|Sticky Web|p2a: Salt Bae
|-sidestart|p2: What-The-Fcuck|move: Sticky Web
|move|p2a: Salt Bae|Salt Cure|p1a: Araquanid
|-supereffective|p1a: Araquanid
|-damage|p1a: Araquanid|73/100
|-start|p1a: Araquanid|Salt Cure
|
|-damage|p1a: Araquanid|48/100|[from] Salt Cure
|upkeep
|turn|8
|
|t:|1760833600
|-terastallize|p1a: Araquanid|Water
|move|p1a: Araquanid|Liquidation|p2a: Salt Bae
|-supereffective|p2a: Salt Bae
|-damage|p2a: Salt Bae|69/100
|move|p2a: Salt Bae|Iron Defense|p2a: Salt Bae
|-boost|p2a: Salt Bae|def|2
|
|-heal|p2a: Salt Bae|76/100|[from] item: Leftovers
|-damage|p1a: Araquanid|23/100|[from] Salt Cure
|upkeep
|turn|9
|l| Egoist N1 fan
|
|t:|1760833611
|move|p1a: Araquanid|Liquidation|p2a: Salt Bae
|-supereffective|p2a: Salt Bae
|-damage|p2a: Salt Bae|51/100
|move|p2a: Salt Bae|Recover|p2a: Salt Bae
|-heal|p2a: Salt Bae|100/100
|
|-damage|p1a: Araquanid|0 fnt|[from] Salt Cure
|faint|p1a: Araquanid
|upkeep
|
|t:|1760833613
|switch|p1a: Gholdengo|Gholdengo|100/100
|turn|10
|
|t:|1760833625
|-terastallize|p2a: Salt Bae|Ghost
|move|p1a: Gholdengo|Focus Blast|p2a: Salt Bae
|-immune|p2a: Salt Bae
|move|p2a: Salt Bae|Salt Cure|p1a: Gholdengo
|-resisted|p1a: Gholdengo
|-damage|p1a: Gholdengo|92/100
|-start|p1a: Gholdengo|Salt Cure
|
|-damage|p1a: Gholdengo|67/100|[from] Salt Cure
|upkeep
|turn|11
|
|t:|1760833641
|switch|p1a: Corviknight|Corviknight, F|100/100
|-ability|p1a: Corviknight|Pressure
|move|p2a: Salt Bae|Salt Cure|p1a: Corviknight
|-damage|p1a: Corviknight|88/100
|-start|p1a: Corviknight|Salt Cure
|
|-damage|p1a: Corviknight|63/100|[from] Salt Cure
|upkeep
|turn|12
|
|t:|1760833659
|move|p1a: Corviknight|Taunt|p2a: Salt Bae
|-start|p2a: Salt Bae|move: Taunt
|move|p2a: Salt Bae|Body Press|p1a: Corviknight
|-damage|p1a: Corviknight|0 fnt
|faint|p1a: Corviknight
|
|upkeep
|
|t:|1760833666
|switch|p1a: Gholdengo|Gholdengo|67/100
|turn|13
|
|t:|1760833668
|move|p1a: Gholdengo|Shadow Ball|p2a: Salt Bae
|-supereffective|p2a: Salt Bae
|-damage|p2a: Salt Bae|61/100
|move|p2a: Salt Bae|Salt Cure|p1a: Gholdengo
|-resisted|p1a: Gholdengo
|-damage|p1a: Gholdengo|60/100
|-start|p1a: Gholdengo|Salt Cure
|
|-heal|p2a: Salt Bae|68/100|[from] item: Leftovers
|-damage|p1a: Gholdengo|35/100|[from] Salt Cure
|upkeep
|turn|14
|
|t:|1760833673
|move|p1a: Gholdengo|Shadow Ball|p2a: Salt Bae
|-supereffective|p2a: Salt Bae
|-damage|p2a: Salt Bae|24/100
|move|p2a: Salt Bae|Salt Cure|p1a: Gholdengo
|-resisted|p1a: Gholdengo
|-damage|p1a: Gholdengo|27/100
|
|-heal|p2a: Salt Bae|30/100|[from] item: Leftovers
|-damage|p1a: Gholdengo|3/100|[from] Salt Cure
|-end|p2a: Salt Bae|move: Taunt
|upkeep
|turn|15
|
|t:|1760833676
|move|p1a: Gholdengo|Shadow Ball|p2a: Salt Bae
|-supereffective|p2a: Salt Bae
|-damage|p2a: Salt Bae|0 fnt
|faint|p2a: Salt Bae
|
|-damage|p1a: Gholdengo|0 fnt|[from] Salt Cure
|faint|p1a: Gholdengo
|upkeep
|
|t:|1760833681
|switch|p1a: Dragonite|Dragonite, F|100/100
|switch|p2a: Spin The Block|Glimmora, F|100/100
|-activate|p2a: Spin The Block|move: Sticky Web
|-unboost|p2a: Spin The Block|spe|1
|turn|16
|
|t:|1760833684
|move|p2a: Spin The Block|Mortal Spin|p1a: Dragonite
|-damage|p1a: Dragonite|98/100
|-status|p1a: Dragonite|psn
|-sideend|p2: What-The-Fcuck|Sticky Web|[from] move: Mortal Spin|[of] p2a: Spin The Block
|move|p1a: Dragonite|Scale Shot|p2a: Spin The Block
|-damage|p2a: Spin The Block|82/100
|-activate|p2a: Spin The Block|ability: Toxic Debris
|-sidestart|p1: Fear covraa|move: Toxic Spikes
|-damage|p2a: Spin The Block|65/100
|-activate|p2a: Spin The Block|ability: Toxic Debris
|-sidestart|p1: Fear covraa|move: Toxic Spikes
|-damage|p2a: Spin The Block|45/100
|-damage|p2a: Spin The Block|26/100
|-damage|p2a: Spin The Block|10/100
|-hitcount|p2a: Spin The Block|5
|-unboost|p1a: Dragonite|def|1
|-boost|p1a: Dragonite|spe|1
|
|-damage|p1a: Dragonite|85/100 psn|[from] psn
|upkeep
|turn|17
|
|t:|1760833700
|move|p1a: Dragonite|Scale Shot|p2a: Spin The Block
|-damage|p2a: Spin The Block|0 fnt
|faint|p2a: Spin The Block
|-hitcount|p2: Spin The Block|1
|-unboost|p1a: Dragonite|def|1
|-boost|p1a: Dragonite|spe|1
|
|-damage|p1a: Dragonite|73/100 psn|[from] psn
|upkeep
|
|t:|1760833711
|switch|p2a: Fable|Clefable, F|100/100
|turn|18
|
|t:|1760833715
|move|p1a: Dragonite|Extreme Speed|p2a: Fable
|-damage|p2a: Fable|74/100
|move|p2a: Fable|Cosmic Power|p2a: Fable
|-boost|p2a: Fable|def|1
|-boost|p2a: Fable|spd|1
|
|-heal|p2a: Fable|80/100|[from] item: Leftovers
|-damage|p1a: Dragonite|61/100 psn|[from] psn
|upkeep
|turn|19
|
|t:|1760833717
|move|p1a: Dragonite|Extreme Speed|p2a: Fable
|-damage|p2a: Fable|60/100
|move|p2a: Fable|Wish|p2a: Fable
|
|-heal|p2a: Fable|66/100|[from] item: Leftovers
|-damage|p1a: Dragonite|48/100 psn|[from] psn
|upkeep
|turn|20
|
|t:|1760833720
|move|p1a: Dragonite|Extreme Speed|p2a: Fable
|-damage|p2a: Fable|48/100
|move|p2a: Fable|Cosmic Power|p2a: Fable
|-boost|p2a: Fable|def|1
|-boost|p2a: Fable|spd|1
|
|-heal|p2a: Fable|98/100|[from] move: Wish|[wisher] Fable
|-heal|p2a: Fable|100/100|[from] item: Leftovers
|-damage|p1a: Dragonite|36/100 psn|[from] psn
|upkeep
|turn|21
|
|t:|1760833723
|move|p1a: Dragonite|Extreme Speed|p2a: Fable
|-damage|p2a: Fable|85/100
|move|p2a: Fable|Cosmic Power|p2a: Fable
|-boost|p2a: Fable|def|1
|-boost|p2a: Fable|spd|1
|
|-heal|p2a: Fable|91/100|[from] item: Leftovers
|-damage|p1a: Dragonite|23/100 psn|[from] psn
|upkeep
|turn|22
|
|t:|1760833725
|move|p1a: Dragonite|Extreme Speed|p2a: Fable
|-damage|p2a: Fable|80/100
|move|p2a: Fable|Cosmic Power|p2a: Fable
|-boost|p2a: Fable|def|1
|-boost|p2a: Fable|spd|1
|
|-heal|p2a: Fable|86/100|[from] item: Leftovers
|-damage|p1a: Dragonite|11/100 psn|[from] psn
|upkeep
|turn|23
|
|t:|1760833728
|move|p1a: Dragonite|Extreme Speed|p2a: Fable
|-damage|p2a: Fable|76/100
|move|p2a: Fable|Wish|p2a: Fable
|
|-heal|p2a: Fable|82/100|[from] item: Leftovers
|-damage|p1a: Dragonite|0 fnt|[from] psn
|faint|p1a: Dragonite
|upkeep
|
|t:|1760833729
|switch|p1a: Deoxys|Deoxys-Speed|100/100
|-status|p1a: Deoxys|tox
|-ability|p1a: Deoxys|Pressure
|turn|24
|
|t:|1760833730
|move|p1a: Deoxys|Psycho Boost|p2a: Fable
|-damage|p2a: Fable|59/100
|-unboost|p1a: Deoxys|spa|2
|-damage|p1a: Deoxys|91/100 tox|[from] item: Life Orb
|move|p2a: Fable|Cosmic Power|p2a: Fable
|-boost|p2a: Fable|def|1
|-boost|p2a: Fable|spd|1
|
|-heal|p2a: Fable|100/100|[from] move: Wish|[wisher] Fable
|-damage|p1a: Deoxys|84/100 tox|[from] psn
|upkeep
|turn|25
|-message|Fear covraa forfeited.
|
|win|What-The-Fcuck
|n|☆Fear covraa|fearcovraa
|n|☆What-The-Fcuck|whatthefcuck
|n| Spud Webbs|spudwebbs
|l|☆Fear covraa
|player|p1|
