|j|☆corynet
|j|☆36hpdc
|t:|1760779712
|gametype|singles
|player|p1|corynet|bellelba|1161
|player|p2|36hpdc|170|1198
|gen|9
|tier|[Gen 9] OU
|rated|
|rule|HP Percentage Mod: HP is shown in percentages
|rule|Endless Battle Clause: Forcing endless battles is banned
|rule|Species Clause: Limit one of each Pokémon
|rule|OHKO Clause: OHKO moves are banned
|rule|Evasion Items Clause: Evasion items are banned
|rule|Evasion Moves Clause: Evasion moves are banned
|rule|Evasion Abilities Clause: Evasion abilities are banned
|rule|Sleep Moves Clause: Sleep-inducing moves are banned
|clearpoke
|poke|p1|Deoxys-Speed|
|poke|p1|Gholdengo|
|poke|p1|Iron Treads|
|poke|p1|Dragonite, M|
|poke|p1|Iron Moth|
|poke|p1|Samurott-Hisui, M|
|poke|p2|Dusclops, F|
|poke|p2|Klefki, M|
|poke|p2|Conkeldurr, M|
|poke|p2|Ursaluna, M|
|poke|p2|Kingdra, M|
|poke|p2|Politoed, F|
|teampreview
|inactive|Battle timer is ON: inactive players will automatically lose when time's up. (requested by corynet)
|
|t:|1760779724
|teamsize|p1|6
|teamsize|p2|6
|start
|switch|p1a: Samurott|Samurott-Hisui, M|100/100
|switch|p2a: Klefki|Klefki, M|100/100
|turn|1
|
|t:|1760779737
|switch|p2a: Conkeldurr|Conkeldurr, M|100/100
|move|p1a: Samurott|Ceaseless Edge|p2a: Conkeldurr
|-resisted|p2a: Conkeldurr
|-damage|p2a: Conkeldurr|81/100
|-sidestart|p2: 36hpdc|Spikes
|
|-status|p2a: Conkeldurr|brn|[from] item: Flame Orb
|upkeep
|turn|2
|
|t:|1760779746
|move|p1a: Samurott|Ceaseless Edge|p2a: Conkeldurr
|-resisted|p2a: Conkeldurr
|-crit|p2a: Conkeldurr
|-damage|p2a: Conkeldurr|52/100 brn
|-sidestart|p2: 36hpdc|Spikes
|move|p2a: Conkeldurr|Knock Off|p1a: Samurott
|-resisted|p1a: Samurott
|-damage|p1a: Samurott|67/100
|-enditem|p1a: Samurott|Focus Sash|[from] move: Knock Off|[of] p2a: Conkeldurr
|
|-damage|p2a: Conkeldurr|46/100 brn|[from] brn
|upkeep
|turn|3
|
|t:|1760779756
|move|p2a: Conkeldurr|Mach Punch|p1a: Samurott
|-supereffective|p1a: Samurott
|-damage|p1a: Samurott|0 fnt
|faint|p1a: Samurott
|
|-damage|p2a: Conkeldurr|39/100 brn|[from] brn
|upkeep
|
|t:|1760779770
|switch|p1a: Iron Moth|Iron Moth|100/100
|-enditem|p1a: Iron Moth|Booster Energy
|-activate|p1a: Iron Moth|ability: Quark Drive|[fromitem]
|-start|p1a: Iron Moth|quarkdrivespe
|turn|4
|
|t:|1760779780
|move|p1a: Iron Moth|Fiery Dance|p2a: Conkeldurr
|-damage|p2a: Conkeldurr|0 fnt
|-boost|p1a: Iron Moth|spa|1
|faint|p2a: Conkeldurr
|
|upkeep
|
|t:|1760779786
|switch|p2a: Dusclops|Dusclops, F|100/100
|-damage|p2a: Dusclops|84/100|[from] Spikes
|turn|5
|
|t:|1760779797
|move|p1a: Iron Moth|Substitute|p1a: Iron Moth
|-start|p1a: Iron Moth|Substitute
|-damage|p1a: Iron Moth|76/100
|move|p2a: Dusclops|Trick Room|p2a: Dusclops
|-fieldstart|move: Trick Room|[of] p2a: Dusclops
|
|upkeep
|turn|6
|
|t:|1760779803
|move|p2a: Dusclops|Curse|p1a: Iron Moth
|-start|p1a: Iron Moth|Curse|[of] p2a: Dusclops
|-damage|p2a: Dusclops|34/100
|move|p1a: Iron Moth|Fiery Dance|p2a: Dusclops
|-damage|p2a: Dusclops|0 fnt
|-boost|p1a: Iron Moth|spa|1
|faint|p2a: Dusclops
|
|-damage|p1a: Iron Moth|51/100|[from] Curse
|upkeep
|
|t:|1760779814
|switch|p2a: Politoed|Politoed, F|100/100
|-damage|p2a: Politoed|84/100|[from] Spikes
|-weather|RainDance|[from] ability: Drizzle|[of] p2a: Politoed
|turn|7
|
|t:|1760779820
|-terastallize|p1a: Iron Moth|Grass
|move|p2a: Politoed|Weather Ball|p1a: Iron Moth
|-resisted|p1a: Iron Moth
|-end|p1a: Iron Moth|Substitute
|move|p1a: Iron Moth|Energy Ball|p2a: Politoed
|-supereffective|p2a: Politoed
|-damage|p2a: Politoed|0 fnt
|faint|p2a: Politoed
|
|-weather|RainDance|[upkeep]
|-damage|p1a: Iron Moth|26/100|[from] Curse
|upkeep
|
|t:|1760779832
|switch|p2a: Ursaluna|Ursaluna, M|100/100
|-damage|p2a: Ursaluna|84/100|[from] Spikes
|turn|8
|
|t:|1760779850
|move|p2a: Ursaluna|Ice Punch|p1a: Iron Moth
|-supereffective|p1a: Iron Moth
|-damage|p1a: Iron Moth|0 fnt
|faint|p1a: Iron Moth
|-end|p1a: Iron Moth|Quark Drive|[silent]
|
|-weather|RainDance|[upkeep]
|-status|p2a: Ursaluna|brn|[from] item: Flame Orb
|upkeep
|
|t:|1760779857
|switch|p1a: Deoxys|Deoxys-Speed|100/100
|-ability|p1a: Deoxys|Pressure
|turn|9
|
|t:|1760779863
|switch|p1a: Iron Treads|Iron Treads|100/100
|-enditem|p1a: Iron Treads|Booster Energy
|-activate|p1a: Iron Treads|ability: Quark Drive|[fromitem]
|-start|p1a: Iron Treads|quarkdrivespe
|move|p2a: Ursaluna|Facade|p1a: Iron Treads
|-resisted|p1a: Iron Treads
|-damage|p1a: Iron Treads|59/100
|
|-weather|RainDance|[upkeep]
|-damage|p2a: Ursaluna|78/100 brn|[from] brn
|-fieldend|move: Trick Room
|upkeep
|turn|10
|
|t:|1760779874
|move|p1a: Iron Treads|Earthquake|p2a: Ursaluna
|-damage|p2a: Ursaluna|53/100 brn
|move|p2a: Ursaluna|Earthquake|p1a: Iron Treads
|-supereffective|p1a: Iron Treads
|-damage|p1a: Iron Treads|0 fnt
|faint|p1a: Iron Treads
|-end|p1a: Iron Treads|Quark Drive|[silent]
|
|-weather|RainDance|[upkeep]
|-damage|p2a: Ursaluna|47/100 brn|[from] brn
|upkeep
|
|t:|1760779879
|switch|p1a: Deoxys|Deoxys-Speed|100/100
|-ability|p1a: Deoxys|Pressure
|turn|11
|
|t:|1760779888
|move|p1a: Deoxys|Superpower|p2a: Ursaluna
|-supereffective|p2a: Ursaluna
|-damage|p2a: Ursaluna|3/100 brn
|-unboost|p1a: Deoxys|atk|1
|-unboost|p1a: Deoxys|def|1
|-damage|p1a: Deoxys|91/100|[from] item: Life Orb
|move|p2a: Ursaluna|Facade|p1a: Deoxys
|-damage|p1a: Deoxys|0 fnt
|faint|p1a: Deoxys
|
|-weather|RainDance|[upkeep]
|-damage|p2a: Ursaluna|0 fnt|[from] brn
|faint|p2a: Ursaluna
|upkeep
|
|t:|1760779902
|switch|p1a: Gholdengo|Gholdengo|100/100
|switch|p2a: Klefki|Klefki, M|100/100
|-damage|p2a: Klefki|84/100|[from] Spikes
|-item|p1a: Gholdengo|Air Balloon
|turn|12
|
|t:|1760779913
|move|p2a: Klefki|Switcheroo|p1a: Gholdengo
|-immune|p1a: Gholdengo|[from] ability: Good as Gold
|move|p1a: Gholdengo|Nasty Plot|p1a: Gholdengo
|-boost|p1a: Gholdengo|spa|2
|
|-weather|RainDance|[upkeep]
|upkeep
|turn|13
|
|t:|1760779922
|switch|p2a: Kingdra|Kingdra, M|100/100
|-damage|p2a: Kingdra|84/100|[from] Spikes
|move|p1a: Gholdengo|Shadow Ball|p2a: Kingdra
|-damage|p2a: Kingdra|4/100
|-unboost|p2a: Kingdra|spd|1
|
|-weather|RainDance|[upkeep]
|upkeep
|turn|14
|-message|36hpdc forfeited.
|
|win|corynet
|raw|corynet's rating: 1161 &rarr; <strong>1189</strong><br />(+28 for winning)
|raw|36hpdc's rating: 1198 &rarr; <strong>1170</strong><br />(-28 for losing)
|l|☆36hpdc
|player|p2|
|l|☆corynet
|player|p1|
