|j|☆Dansiger
|j|☆TheCoolerAidan
|t:|1760762803
|gametype|singles
|player|p1|Dansiger|palmer|1066
|player|p2|TheCoolerAidan|102|1102
|gen|9
|tier|[Gen 9] OU
|rated|
|rule|HP Percentage Mod: HP is shown in percentages
|rule|Endless Battle Clause: Forcing endless battles is banned
|rule|Species Clause: Limit one of each Pokémon
|rule|OHKO Clause: OHKO moves are banned
|rule|Evasion Items Clause: Evasion items are banned
|rule|Evasion Moves Clause: Evasion moves are banned
|rule|Evasion Abilities Clause: Evasion abilities are banned
|rule|Sleep Moves Clause: Sleep-inducing moves are banned
|clearpoke
|poke|p1|Arcanine, M|
|poke|p1|Blastoise, M|
|poke|p1|Raichu, F|
|poke|p1|Vileplume, M|
|poke|p1|Heracross, M|
|poke|p1|Umbreon, M|
|poke|p2|Arcanine-Hisui, F|
|poke|p2|Darkrai|
|poke|p2|Great Tusk|
|poke|p2|Hatterene, F|
|poke|p2|Ogerpon-Wellspring, F|
|poke|p2|Zapdos|
|teampreview
|inactive|Battle timer is ON: inactive players will automatically lose when time's up. (requested by Dansiger)
|
|t:|1760762838
|teamsize|p1|6
|teamsize|p2|6
|start
|switch|p1a: Raichu|Raichu, F|100/100
|switch|p2a: Arcanine|Arcanine-Hisui, F|100/100
|turn|1
|
|t:|1760762847
|move|p1a: Raichu|Surf|p2a: Arcanine
|-supereffective|p2a: Arcanine
|-damage|p2a: Arcanine|0 fnt
|faint|p2a: Arcanine
|
|upkeep
|
|t:|1760762855
|switch|p2a: Hatterene|Hatterene, F|100/100
|turn|2
|
|t:|1760762859
|move|p1a: Raichu|Knock Off|p2a: Hatterene
|-damage|p2a: Hatterene|77/100
|-enditem|p2a: Hatterene|Assault Vest|[from] move: Knock Off|[of] p1a: Raichu
|move|p2a: Hatterene|Mystical Fire|p1a: Raichu
|-damage|p1a: Raichu|70/100
|-unboost|p1a: Raichu|spa|1
|
|upkeep
|turn|3
|inactive|Dansiger has 120 seconds left.
|
|t:|1760762896
|move|p1a: Raichu|Thunderbolt|p2a: Hatterene
|-damage|p2a: Hatterene|51/100
|move|p2a: Hatterene|Nuzzle|p1a: Raichu
|-resisted|p1a: Raichu
|-damage|p1a: Raichu|66/100
|-status|p2a: Hatterene|par|[from] ability: Static|[of] p1a: Raichu
|
|upkeep
|turn|4
|inactive|Dansiger has 120 seconds left.
|c|☆TheCoolerAidan|ngl these low tier mons packing me up
|
|t:|1760762925
|move|p1a: Raichu|Knock Off|p2a: Hatterene
|-damage|p2a: Hatterene|35/100 par
|move|p2a: Hatterene|Psyshock|p1a: Raichu
|-damage|p1a: Raichu|0 fnt
|faint|p1a: Raichu
|
|upkeep
|inactive|Dansiger has 120 seconds left.
|
|t:|1760762942
|switch|p1a: Arcanine|Arcanine, M|100/100
|-ability|p1a: Arcanine|Intimidate|boost
|-unboost|p2a: Hatterene|atk|1
|turn|5
|
|t:|1760762949
|switch|p2a: Ogerpon|Ogerpon-Wellspring, F|100/100
|move|p1a: Arcanine|Flare Blitz|p2a: Ogerpon
|-damage|p2a: Ogerpon|33/100
|-damage|p1a: Arcanine|80/100|[from] Recoil
|
|upkeep
|turn|6
|inactive|Dansiger has 120 seconds left.
|
|t:|1760762960
|move|p2a: Ogerpon|U-turn|p1a: Arcanine
|-resisted|p1a: Arcanine
|-damage|p1a: Arcanine|61/100
|
|t:|1760762963
|switch|p2a: Great Tusk|Great Tusk|100/100|[from] U-turn
|move|p1a: Arcanine|Flare Blitz|p2a: Great Tusk
|-damage|p2a: Great Tusk|60/100
|-damage|p1a: Arcanine|44/100|[from] item: Rocky Helmet|[of] p2a: Great Tusk
|-damage|p1a: Arcanine|29/100|[from] Recoil
|
|upkeep
|turn|7
|c|☆TheCoolerAidan|chillll
|
|t:|1760762975
|-terastallize|p1a: Arcanine|Flying
|move|p1a: Arcanine|Solar Beam||[still]
|-prepare|p1a: Arcanine|Solar Beam
|-enditem|p1a: Arcanine|Power Herb
|-anim|p1a: Arcanine|Solar Beam|p2a: Great Tusk
|-supereffective|p2a: Great Tusk
|-damage|p2a: Great Tusk|0 fnt
|faint|p2a: Great Tusk
|-end|p2a: Great Tusk|Protosynthesis|[silent]
|
|upkeep
|c|☆TheCoolerAidan|dog
|inactive|TheCoolerAidan has 120 seconds left.
|c|☆TheCoolerAidan|1 am gameplay ladies and gents
|
|t:|1760763030
|switch|p2a: Zapdos|Zapdos|100/100
|turn|8
|
|t:|1760763043
|move|p1a: Arcanine|Extreme Speed|p2a: Zapdos
|-damage|p2a: Zapdos|84/100
|-status|p1a: Arcanine|par|[from] ability: Static|[of] p2a: Zapdos
|move|p2a: Zapdos|Volt Switch|p1a: Arcanine
|-supereffective|p1a: Arcanine
|-damage|p1a: Arcanine|0 fnt
|faint|p1a: Arcanine
|
|t:|1760763049
|switch|p2a: Ogerpon|Ogerpon-Wellspring, F|33/100|[from] Volt Switch
|
|upkeep
|
|t:|1760763064
|switch|p1a: Heracross|Heracross, M|100/100
|turn|9
|inactive|TheCoolerAidan has 120 seconds left.
|
|t:|1760763070
|switch|p2a: Zapdos|Zapdos|84/100
|move|p1a: Heracross|Lunge|p2a: Zapdos
|-resisted|p2a: Zapdos
|-damage|p2a: Zapdos|71/100
|-unboost|p2a: Zapdos|atk|1
|
|-status|p1a: Heracross|brn|[from] item: Flame Orb
|upkeep
|turn|10
|
|t:|1760763084
|-terastallize|p2a: Zapdos|Steel
|move|p1a: Heracross|Facade|p2a: Zapdos
|-resisted|p2a: Zapdos
|-damage|p2a: Zapdos|48/100
|move|p2a: Zapdos|Hurricane|p1a: Heracross
|-supereffective|p1a: Heracross
|-damage|p1a: Heracross|0 fnt
|faint|p1a: Heracross
|
|upkeep
|inactive|Dansiger has 120 seconds left.
|
|t:|1760763103
|switch|p1a: Umbreon|Umbreon, M|100/100
|turn|11
|inactive|Dansiger has 120 seconds left.
|
|t:|1760763113
|switch|p2a: Hatterene|Hatterene, F|35/100 par
|move|p1a: Umbreon|Mud-Slap|p2a: Hatterene
|-damage|p2a: Hatterene|31/100 par
|-unboost|p2a: Hatterene|accuracy|1
|
|upkeep
|turn|12
|
|t:|1760763122
|move|p1a: Umbreon|Tera Blast|p2a: Hatterene
|-damage|p2a: Hatterene|13/100 par
|move|p2a: Hatterene|Draining Kiss|p1a: Umbreon
|-supereffective|p1a: Umbreon
|-damage|p1a: Umbreon|64/100
|-heal|p2a: Hatterene|47/100 par|[from] drain|[of] p1a: Umbreon
|
|-heal|p1a: Umbreon|70/100|[from] item: Leftovers
|upkeep
|turn|13
|
|t:|1760763135
|switch|p2a: Darkrai|Darkrai|100/100
|move|p1a: Umbreon|Foul Play|p2a: Darkrai
|-resisted|p2a: Darkrai
|-damage|p2a: Darkrai|84/100
|
|-heal|p1a: Umbreon|76/100|[from] item: Leftovers
|upkeep
|turn|14
|
|t:|1760763145
|move|p2a: Darkrai|Trick|p1a: Umbreon
|-activate|p2a: Darkrai|move: Trick|[of] p1a: Umbreon
|-item|p1a: Umbreon|Choice Scarf|[from] move: Trick
|-item|p2a: Darkrai|Leftovers|[from] move: Trick
|move|p1a: Umbreon|Mud-Slap|p2a: Darkrai
|-damage|p2a: Darkrai|78/100
|-unboost|p2a: Darkrai|accuracy|1
|
|-heal|p2a: Darkrai|84/100|[from] item: Leftovers
|upkeep
|turn|15
|
|t:|1760763155
|switch|p2a: Zapdos|Zapdos, tera:Steel|48/100
|move|p1a: Umbreon|Mud-Slap|p2a: Zapdos
|-supereffective|p2a: Zapdos
|-damage|p2a: Zapdos|38/100
|-unboost|p2a: Zapdos|accuracy|1
|
|upkeep
|turn|16
|
|t:|1760763163
|move|p1a: Umbreon|Mud-Slap|p2a: Zapdos
|-supereffective|p2a: Zapdos
|-damage|p2a: Zapdos|28/100
|-unboost|p2a: Zapdos|accuracy|1
|move|p2a: Zapdos|Roost|p2a: Zapdos
|-heal|p2a: Zapdos|79/100
|
|upkeep
|turn|17
|
|t:|1760763170
|move|p1a: Umbreon|Mud-Slap|p2a: Zapdos
|-supereffective|p2a: Zapdos
|-damage|p2a: Zapdos|69/100
|-unboost|p2a: Zapdos|accuracy|1
|move|p2a: Zapdos|Volt Switch|p1a: Umbreon|[miss]
|-miss|p2a: Zapdos|p1a: Umbreon
|
|upkeep
|turn|18
|
|t:|1760763178
|move|p1a: Umbreon|Mud-Slap|p2a: Zapdos
|-supereffective|p2a: Zapdos
|-damage|p2a: Zapdos|60/100
|-unboost|p2a: Zapdos|accuracy|1
|move|p2a: Zapdos|Volt Switch|p1a: Umbreon
|-damage|p1a: Umbreon|56/100
|
|t:|1760763186
|switch|p2a: Hatterene|Hatterene, F|47/100 par|[from] Volt Switch
|
|upkeep
|turn|19
|
|t:|1760763191
|move|p1a: Umbreon|Mud-Slap|p2a: Hatterene
|-damage|p2a: Hatterene|42/100 par
|-unboost|p2a: Hatterene|accuracy|1
|move|p2a: Hatterene|Draining Kiss|p1a: Umbreon
|-supereffective|p1a: Umbreon
|-damage|p1a: Umbreon|21/100
|-heal|p2a: Hatterene|75/100 par|[from] drain|[of] p1a: Umbreon
|
|upkeep
|turn|20
|
|t:|1760763200
|move|p1a: Umbreon|Mud-Slap|p2a: Hatterene
|-damage|p2a: Hatterene|70/100 par
|-unboost|p2a: Hatterene|accuracy|1
|move|p2a: Hatterene|Draining Kiss|p1a: Umbreon
|-supereffective|p1a: Umbreon
|-damage|p1a: Umbreon|0 fnt
|-heal|p2a: Hatterene|89/100 par|[from] drain|[of] p1a: Umbreon
|faint|p1a: Umbreon
|
|upkeep
|
|t:|1760763210
|switch|p1a: Blastoise|Blastoise, M|100/100
|turn|21
|
|t:|1760763215
|move|p1a: Blastoise|Shell Smash|p1a: Blastoise
|-unboost|p1a: Blastoise|def|1
|-unboost|p1a: Blastoise|spd|1
|-boost|p1a: Blastoise|atk|2
|-boost|p1a: Blastoise|spa|2
|-boost|p1a: Blastoise|spe|2
|-enditem|p1a: Blastoise|White Herb
|-clearnegativeboost|p1a: Blastoise|[silent]
|move|p2a: Hatterene|Nuzzle|p1a: Blastoise|[miss]
|-miss|p2a: Hatterene|p1a: Blastoise
|
|upkeep
|turn|22
|
|t:|1760763227
|switch|p2a: Ogerpon|Ogerpon-Wellspring, F|33/100
|move|p1a: Blastoise|Surf|p2a: Ogerpon
|-heal|p2a: Ogerpon|58/100|[from] ability: Water Absorb|[of] p1a: Blastoise
|
|upkeep
|turn|23
|
|t:|1760763239
|move|p1a: Blastoise|Ice Beam|p2a: Ogerpon
|-damage|p2a: Ogerpon|0 fnt
|faint|p2a: Ogerpon
|
|upkeep
|
|t:|1760763243
|switch|p2a: Darkrai|Darkrai|84/100
|turn|24
|
|t:|1760763249
|move|p1a: Blastoise|Surf|p2a: Darkrai
|-damage|p2a: Darkrai|0 fnt
|faint|p2a: Darkrai
|
|upkeep
|
|t:|1760763251
|switch|p2a: Zapdos|Zapdos, tera:Steel|60/100
|turn|25
|
|t:|1760763261
|move|p1a: Blastoise|Surf|p2a: Zapdos
|-damage|p2a: Zapdos|0 fnt
|faint|p2a: Zapdos
|
|upkeep
|
|t:|1760763264
|switch|p2a: Hatterene|Hatterene, F|89/100 par
|turn|26
|
|t:|1760763272
|move|p1a: Blastoise|Surf|p2a: Hatterene
|-damage|p2a: Hatterene|15/100 par
|move|p2a: Hatterene|Nuzzle|p1a: Blastoise
|-supereffective|p1a: Blastoise
|-damage|p1a: Blastoise|91/100
|-status|p1a: Blastoise|par
|
|upkeep
|turn|27
|
|t:|1760763280
|move|p1a: Blastoise|Surf|p2a: Hatterene
|-damage|p2a: Hatterene|0 fnt
|faint|p2a: Hatterene
|
|win|Dansiger
|raw|Dansiger's rating: 1066 &rarr; <strong>1099</strong><br />(+33 for winning)
|raw|TheCoolerAidan's rating: 1102 &rarr; <strong>1074</strong><br />(-28 for losing)
|c|☆TheCoolerAidan|gg lol
|l|☆TheCoolerAidan
|player|p2|
|l|☆Dansiger
|player|p1|
