|j|☆webofspider
|j|☆msksherlock
|t:|1760857171
|gametype|singles
|player|p1|webofspider|parasollady|1226
|player|p2|msksherlock|169|1268
|gen|9
|tier|[Gen 9] OU
|rated|
|rule|HP Percentage Mod: HP is shown in percentages
|rule|Endless Battle Clause: Forcing endless battles is banned
|rule|Species Clause: Limit one of each Pokémon
|rule|OHKO Clause: OHKO moves are banned
|rule|Evasion Items Clause: Evasion items are banned
|rule|Evasion Moves Clause: Evasion moves are banned
|rule|Evasion Abilities Clause: Evasion abilities are banned
|rule|Sleep Moves Clause: Sleep-inducing moves are banned
|clearpoke
|poke|p1|Tornadus-Therian, M|
|poke|p1|Garganacl, F|
|poke|p1|Lanturn, F|
|poke|p1|Quaquaval, M|
|poke|p1|Moltres|
|poke|p1|Lokix, M|
|poke|p2|Scizor, M|
|poke|p2|Kingambit, M|
|poke|p2|Dragonite, M|
|poke|p2|Great Tusk|
|poke|p2|Latias, F|
|poke|p2|Rotom-Wash|
|teampreview
|inactive|Battle timer is ON: inactive players will automatically lose when time's up. (requested by webofspider)
|
|t:|1760857193
|teamsize|p1|6
|teamsize|p2|6
|start
|switch|p1a: Lokix|Lokix, M|100/100
|switch|p2a: Rotom|Rotom-Wash|100/100
|turn|1
|
|t:|1760857201
|switch|p2a: Scizor|Scizor, M|100/100
|move|p1a: Lokix|U-turn|p2a: Scizor
|-resisted|p2a: Scizor
|-damage|p2a: Scizor|54/100
|-damage|p1a: Lokix|91/100|[from] item: Life Orb
|
|t:|1760857208
|switch|p1a: Moltres|Moltres, shiny|100/100|[from] U-turn
|
|-heal|p2a: Scizor|60/100|[from] item: Leftovers
|upkeep
|turn|2
|
|t:|1760857212
|switch|p2a: Rotom|Rotom-Wash|100/100
|move|p1a: Moltres|U-turn|p2a: Rotom
|-damage|p2a: Rotom|78/100
|
|t:|1760857219
|switch|p1a: Lokix|Lokix, M|91/100|[from] U-turn
|
|upkeep
|turn|3
|
|t:|1760857228
|switch|p2a: Great Tusk|Great Tusk|100/100
|move|p1a: Lokix|U-turn|p2a: Great Tusk
|-resisted|p2a: Great Tusk
|-damage|p2a: Great Tusk|69/100
|-damage|p1a: Lokix|81/100|[from] item: Life Orb
|
|t:|1760857252
|switch|p1a: Quaquaval|Quaquaval, M, shiny|100/100|[from] U-turn
|
|upkeep
|turn|4
|
|t:|1760857258
|move|p1a: Quaquaval|Aqua Step|p2a: Great Tusk
|-supereffective|p2a: Great Tusk
|-damage|p2a: Great Tusk|6/100
|-boost|p1a: Quaquaval|spe|1
|move|p2a: Great Tusk|Headlong Rush|p1a: Quaquaval
|-damage|p1a: Quaquaval|8/100
|-unboost|p2a: Great Tusk|def|1
|-unboost|p2a: Great Tusk|spd|1
|
|upkeep
|turn|5
|
|t:|1760857269
|move|p1a: Quaquaval|Rapid Spin|p2a: Great Tusk
|-damage|p2a: Great Tusk|0 fnt
|-boost|p1a: Quaquaval|spe|1
|faint|p2a: Great Tusk
|-end|p2a: Great Tusk|Protosynthesis|[silent]
|-ability|p1a: Quaquaval|Moxie|boost
|-boost|p1a: Quaquaval|atk|1
|
|upkeep
|
|t:|1760857273
|switch|p2a: Scizor|Scizor, M|60/100
|turn|6
|
|t:|1760857276
|switch|p1a: Moltres|Moltres, shiny|100/100
|move|p2a: Scizor|Bullet Punch|p1a: Moltres
|-resisted|p1a: Moltres
|-damage|p1a: Moltres|89/100
|-status|p2a: Scizor|brn|[from] ability: Flame Body|[of] p1a: Moltres
|
|-heal|p2a: Scizor|66/100 brn|[from] item: Leftovers
|-damage|p2a: Scizor|60/100 brn|[from] brn
|upkeep
|turn|7
|
|t:|1760857286
|move|p2a: Scizor|Bug Bite|p1a: Moltres
|-resisted|p1a: Moltres
|-crit|p1a: Moltres
|-damage|p1a: Moltres|83/100
|move|p1a: Moltres|Roar|p2a: Scizor
|drag|p2a: Latias|Latias, F|100/100
|
|upkeep
|turn|8
|
|t:|1760857290
|switch|p2a: Rotom|Rotom-Wash|78/100
|move|p1a: Moltres|U-turn|p2a: Rotom
|-damage|p2a: Rotom|58/100
|
|t:|1760857293
|switch|p1a: Quaquaval|Quaquaval, M, shiny|8/100|[from] U-turn
|
|upkeep
|turn|9
|
|t:|1760857300
|move|p2a: Rotom|Discharge|p1a: Quaquaval
|-supereffective|p1a: Quaquaval
|-crit|p1a: Quaquaval
|-damage|p1a: Quaquaval|0 fnt
|faint|p1a: Quaquaval
|
|upkeep
|
|t:|1760857314
|switch|p1a: Lokix|Lokix, M|81/100
|turn|10
|
|t:|1760857323
|switch|p2a: Scizor|Scizor, M|60/100 brn
|-terastallize|p1a: Lokix|Bug
|move|p1a: Lokix|First Impression|p2a: Scizor
|-resisted|p2a: Scizor
|-damage|p2a: Scizor|0 fnt
|faint|p2a: Scizor
|-damage|p1a: Lokix|71/100|[from] item: Life Orb
|
|upkeep
|
|t:|1760857333
|switch|p2a: Dragonite|Dragonite, M|100/100
|turn|11
|
|t:|1760857337
|switch|p1a: Moltres|Moltres, shiny|83/100
|move|p2a: Dragonite|Dragon Dance|p2a: Dragonite
|-boost|p2a: Dragonite|atk|1
|-boost|p2a: Dragonite|spe|1
|
|upkeep
|turn|12
|
|t:|1760857342
|move|p2a: Dragonite|Dragon Dance|p2a: Dragonite
|-boost|p2a: Dragonite|atk|1
|-boost|p2a: Dragonite|spe|1
|move|p1a: Moltres|Roar|p2a: Dragonite
|drag|p2a: Latias|Latias, F|100/100
|
|upkeep
|turn|13
|
|t:|1760857350
|move|p2a: Latias|Agility|p2a: Latias
|-boost|p2a: Latias|spe|2
|move|p1a: Moltres|U-turn|p2a: Latias
|-supereffective|p2a: Latias
|-damage|p2a: Latias|59/100
|
|t:|1760857352
|switch|p1a: Lokix|Lokix, M, tera:Bug|71/100|[from] U-turn
|
|-heal|p2a: Latias|65/100|[from] item: Leftovers
|upkeep
|turn|14
|
|t:|1760857356
|move|p1a: Lokix|First Impression|p2a: Latias
|-supereffective|p2a: Latias
|-damage|p2a: Latias|0 fnt
|faint|p2a: Latias
|-damage|p1a: Lokix|61/100|[from] item: Life Orb
|
|upkeep
|
|t:|1760857365
|switch|p2a: Rotom|Rotom-Wash|58/100
|turn|15
|
|t:|1760857369
|switch|p1a: Lanturn|Lanturn, F, shiny|100/100
|move|p2a: Rotom|Discharge|p1a: Lanturn
|-immune|p1a: Lanturn|[from] ability: Volt Absorb
|
|upkeep
|turn|16
|
|t:|1760857375
|switch|p2a: Dragonite|Dragonite, M|100/100
|move|p1a: Lanturn|Flip Turn|p2a: Dragonite
|-resisted|p2a: Dragonite
|-damage|p2a: Dragonite|97/100
|
|t:|1760857380
|switch|p1a: Garganacl|Garganacl, F, shiny|100/100|[from] Flip Turn
|
|-heal|p2a: Dragonite|100/100|[from] item: Leftovers
|upkeep
|turn|17
|
|t:|1760857384
|switch|p2a: Rotom|Rotom-Wash|58/100
|move|p1a: Garganacl|Salt Cure|p2a: Rotom
|-damage|p2a: Rotom|37/100
|-start|p2a: Rotom|Salt Cure
|
|-damage|p2a: Rotom|13/100|[from] Salt Cure
|upkeep
|turn|18
|
|t:|1760857389
|switch|p1a: Lanturn|Lanturn, F, shiny|100/100
|move|p2a: Rotom|Trick|p1a: Lanturn
|-activate|p2a: Rotom|move: Trick|[of] p1a: Lanturn
|-item|p1a: Lanturn|Choice Scarf|[from] move: Trick
|-item|p2a: Rotom|Leftovers|[from] move: Trick
|
|-heal|p2a: Rotom|19/100|[from] item: Leftovers
|-damage|p2a: Rotom|0 fnt|[from] Salt Cure
|faint|p2a: Rotom
|upkeep
|
|t:|1760857404
|switch|p2a: Kingambit|Kingambit, M|100/100
|-activate|p2a: Kingambit|ability: Supreme Overlord
|-start|p2a: Kingambit|fallen4|[silent]
|turn|19
|
|t:|1760857411
|move|p1a: Lanturn|Flip Turn|p2a: Kingambit
|-damage|p2a: Kingambit|91/100
|
|t:|1760857415
|switch|p1a: Moltres|Moltres, shiny|83/100|[from] Flip Turn
|move|p2a: Kingambit|Swords Dance|p2a: Kingambit
|-boost|p2a: Kingambit|atk|2
|
|upkeep
|turn|20
|
|t:|1760857425
|move|p1a: Moltres|Flamethrower|p2a: Kingambit
|-supereffective|p2a: Kingambit
|-damage|p2a: Kingambit|18/100
|move|p2a: Kingambit|Kowtow Cleave|p1a: Moltres
|-damage|p1a: Moltres|0 fnt
|faint|p1a: Moltres
|
|upkeep
|
|t:|1760857430
|switch|p1a: Lokix|Lokix, M, tera:Bug|61/100
|turn|21
|
|t:|1760857437
|move|p1a: Lokix|First Impression|p2a: Kingambit
|-crit|p2a: Kingambit
|-damage|p2a: Kingambit|0 fnt
|faint|p2a: Kingambit
|-end|p2a: Kingambit|fallen4|[silent]
|-damage|p1a: Lokix|51/100|[from] item: Life Orb
|
|upkeep
|
|t:|1760857439
|switch|p2a: Dragonite|Dragonite, M|100/100
|turn|22
|
|t:|1760857442
|switch|p1a: Garganacl|Garganacl, F, shiny|100/100
|move|p2a: Dragonite|Dragon Dance|p2a: Dragonite
|-boost|p2a: Dragonite|atk|1
|-boost|p2a: Dragonite|spe|1
|
|upkeep
|turn|23
|
|t:|1760857445
|move|p2a: Dragonite|Dragon Dance|p2a: Dragonite
|-boost|p2a: Dragonite|atk|1
|-boost|p2a: Dragonite|spe|1
|move|p1a: Garganacl|Salt Cure|p2a: Dragonite
|-supereffective|p2a: Dragonite
|-damage|p2a: Dragonite|85/100
|-start|p2a: Dragonite|Salt Cure
|
|-heal|p2a: Dragonite|92/100|[from] item: Leftovers
|-damage|p2a: Dragonite|79/100|[from] Salt Cure
|upkeep
|turn|24
|
|t:|1760857451
|move|p1a: Garganacl|Protect|p1a: Garganacl
|-singleturn|p1a: Garganacl|Protect
|move|p2a: Dragonite|Earthquake|p1a: Garganacl
|-activate|p1a: Garganacl|move: Protect
|
|-heal|p2a: Dragonite|85/100|[from] item: Leftovers
|-damage|p2a: Dragonite|73/100|[from] Salt Cure
|upkeep
|turn|25
|
|t:|1760857456
|switch|p1a: Lanturn|Lanturn, F, shiny|100/100
|move|p2a: Dragonite|Extreme Speed|p1a: Lanturn
|-damage|p1a: Lanturn|29/100
|
|-heal|p2a: Dragonite|79/100|[from] item: Leftovers
|-damage|p2a: Dragonite|67/100|[from] Salt Cure
|upkeep
|turn|26
|
|t:|1760857461
|move|p2a: Dragonite|Extreme Speed|p1a: Lanturn
|-damage|p1a: Lanturn|0 fnt
|faint|p1a: Lanturn
|
|-heal|p2a: Dragonite|73/100|[from] item: Leftovers
|-damage|p2a: Dragonite|61/100|[from] Salt Cure
|upkeep
|
|t:|1760857465
|switch|p1a: Garganacl|Garganacl, F, shiny|100/100
|turn|27
|
|t:|1760857467
|move|p1a: Garganacl|Protect|p1a: Garganacl
|-singleturn|p1a: Garganacl|Protect
|move|p2a: Dragonite|Earthquake|p1a: Garganacl
|-activate|p1a: Garganacl|move: Protect
|
|-heal|p2a: Dragonite|67/100|[from] item: Leftovers
|-damage|p2a: Dragonite|54/100|[from] Salt Cure
|upkeep
|turn|28
|
|t:|1760857471
|switch|p1a: Tornadus|Tornadus-Therian, M, shiny|100/100
|move|p2a: Dragonite|Dragon Claw|p1a: Tornadus
|-damage|p1a: Tornadus|0 fnt
|faint|p1a: Tornadus
|
|-heal|p2a: Dragonite|61/100|[from] item: Leftovers
|-damage|p2a: Dragonite|48/100|[from] Salt Cure
|upkeep
|
|t:|1760857477
|switch|p1a: Garganacl|Garganacl, F, shiny|100/100
|turn|29
|
|t:|1760857481
|move|p1a: Garganacl|Protect|p1a: Garganacl
|-singleturn|p1a: Garganacl|Protect
|move|p2a: Dragonite|Earthquake|p1a: Garganacl
|-activate|p1a: Garganacl|move: Protect
|
|-heal|p2a: Dragonite|54/100|[from] item: Leftovers
|-damage|p2a: Dragonite|42/100|[from] Salt Cure
|upkeep
|turn|30
|
|t:|1760857491
|move|p2a: Dragonite|Earthquake|p1a: Garganacl
|-supereffective|p1a: Garganacl
|-damage|p1a: Garganacl|0 fnt
|faint|p1a: Garganacl
|
|-heal|p2a: Dragonite|48/100|[from] item: Leftovers
|-damage|p2a: Dragonite|36/100|[from] Salt Cure
|upkeep
|
|t:|1760857494
|switch|p1a: Lokix|Lokix, M, tera:Bug|51/100
|turn|31
|
|t:|1760857497
|-terastallize|p2a: Dragonite|Normal
|move|p2a: Dragonite|Extreme Speed|p1a: Lokix
|-damage|p1a: Lokix|0 fnt
|faint|p1a: Lokix
|
|win|msksherlock
|raw|webofspider's rating: 1226 &rarr; <strong>1204</strong><br />(-22 for losing)
|raw|msksherlock's rating: 1268 &rarr; <strong>1290</strong><br />(+22 for winning)
|l|☆webofspider
|player|p1|
|c|☆msksherlock|Gg well played
|l|☆msksherlock
|player|p2|
