|j|☆V.Graves
|j|☆xijueaa
|t:|1760750552
|gametype|singles
|player|p1|V.Graves|shadowtriad|1107
|player|p2|xijueaa|cynthia|1218
|gen|9
|tier|[Gen 9] OU
|rated|
|rule|HP Percentage Mod: HP is shown in percentages
|rule|Endless Battle Clause: Forcing endless battles is banned
|rule|Species Clause: Limit one of each Pokémon
|rule|OHKO Clause: OHKO moves are banned
|rule|Evasion Items Clause: Evasion items are banned
|rule|Evasion Moves Clause: Evasion moves are banned
|rule|Evasion Abilities Clause: Evasion abilities are banned
|rule|Sleep Moves Clause: Sleep-inducing moves are banned
|clearpoke
|poke|p1|Ogerpon-Wellspring, F|
|poke|p1|Kingambit, F|
|poke|p1|Landorus-Therian, M|
|poke|p1|Glimmora, F|
|poke|p1|Dragapult, F|
|poke|p1|Iron Valiant|
|poke|p2|Landorus-Therian, M|
|poke|p2|Samurott-Hisui, F|
|poke|p2|Slowking-Galar, F|
|poke|p2|Kingambit, F|
|poke|p2|Raging Bolt|
|poke|p2|Zamazenta-*|
|teampreview
|
|t:|1760750569
|teamsize|p1|6
|teamsize|p2|6
|start
|switch|p1a: Landorus|Landorus-Therian, M|100/100
|switch|p2a: Raging Bolt|Raging Bolt|100/100
|-ability|p1a: Landorus|Intimidate|boost
|-unboost|p2a: Raging Bolt|atk|1
|turn|1
|
|t:|1760750586
|-end|p2a: Raging Bolt|Protosynthesis|[silent]
|switch|p2a: Landorus|Landorus-Therian, M|100/100
|-ability|p2a: Landorus|Intimidate|boost
|-unboost|p1a: Landorus|atk|1
|move|p1a: Landorus|Stealth Rock|p2a: Landorus
|-sidestart|p2: xijueaa|move: Stealth Rock
|
|upkeep
|turn|2
|
|t:|1760750599
|move|p1a: Landorus|Taunt|p2a: Landorus
|-start|p2a: Landorus|move: Taunt
|cant|p2a: Landorus|move: Taunt|Stealth Rock
|
|upkeep
|turn|3
|
|t:|1760750608
|move|p1a: Landorus|U-turn|p2a: Landorus
|-resisted|p2a: Landorus
|-damage|p2a: Landorus|93/100
|-damage|p1a: Landorus|84/100|[from] item: Rocky Helmet|[of] p2a: Landorus
|
|t:|1760750614
|switch|p1a: Glimmora|Glimmora, F, shiny|100/100|[from] U-turn
|move|p2a: Landorus|U-turn|p1a: Glimmora
|-resisted|p1a: Glimmora
|-damage|p1a: Glimmora|88/100
|-activate|p1a: Glimmora|ability: Toxic Debris
|-sidestart|p2: xijueaa|move: Toxic Spikes
|
|t:|1760750625
|switch|p2a: Slowking|Slowking-Galar, F|100/100|[from] U-turn
|-sideend|p2: xijueaa|move: Toxic Spikes|[of] p2a: Slowking
|
|upkeep
|turn|4
|
|t:|1760750635
|move|p1a: Glimmora|Earth Power|p2a: Slowking
|-supereffective|p2a: Slowking
|-damage|p2a: Slowking|60/100
|move|p2a: Slowking|Thunder Wave|p1a: Glimmora
|-status|p1a: Glimmora|par
|
|upkeep
|turn|5
|
|t:|1760750652
|move|p1a: Glimmora|Meteor Beam||[still]
|-prepare|p1a: Glimmora|Meteor Beam
|-boost|p1a: Glimmora|spa|1
|-enditem|p1a: Glimmora|Power Herb
|-anim|p1a: Glimmora|Meteor Beam|p2a: Slowking
|-damage|p2a: Slowking|0 fnt
|faint|p2a: Slowking
|
|upkeep
|
|t:|1760750657
|switch|p2a: Samurott|Samurott-Hisui, F|100/100
|-damage|p2a: Samurott|88/100|[from] Stealth Rock
|turn|6
|
|t:|1760750680
|switch|p1a: Ogerpon|Ogerpon-Wellspring, F|100/100
|move|p2a: Samurott|Razor Shell|p1a: Ogerpon
|-immune|p1a: Ogerpon|[from] ability: Water Absorb
|
|upkeep
|turn|7
|
|t:|1760750691
|move|p1a: Ogerpon|Horn Leech|p2a: Samurott
|-supereffective|p2a: Samurott
|-damage|p2a: Samurott|0 fnt
|faint|p2a: Samurott
|
|upkeep
|-message|xijueaa forfeited.
|
|win|V.Graves
|raw|V.Graves's rating: 1107 &rarr; <strong>1140</strong><br />(+33 for winning)
|raw|xijueaa's rating: 1218 &rarr; <strong>1185</strong><br />(-33 for losing)
|l|☆xijueaa
|player|p2|
