|j|☆goule123
|j|☆jioejfof
|t:|1760854522
|gametype|singles
|player|p1|goule123|pokemaniac|1276
|player|p2|jioejfof|169|1312
|gen|9
|tier|[Gen 9] OU
|rated|
|rule|HP Percentage Mod: HP is shown in percentages
|rule|Endless Battle Clause: Forcing endless battles is banned
|rule|Species Clause: Limit one of each Pokémon
|rule|OHKO Clause: OHKO moves are banned
|rule|Evasion Items Clause: Evasion items are banned
|rule|Evasion Moves Clause: Evasion moves are banned
|rule|Evasion Abilities Clause: Evasion abilities are banned
|rule|Sleep Moves Clause: Sleep-inducing moves are banned
|clearpoke
|poke|p1|Quaquaval, M|
|poke|p1|Zamazenta-*|
|poke|p1|Garganacl, M|
|poke|p1|Slowking-Galar, M|
|poke|p1|Kyurem|
|poke|p1|Gallade, M|
|poke|p2|Great Tusk|
|poke|p2|Kingambit, F|
|poke|p2|Iron Valiant|
|poke|p2|Pecharunt|
|poke|p2|Araquanid, M|
|poke|p2|Moltres-Galar|
|teampreview
|
|t:|1760854536
|teamsize|p1|6
|teamsize|p2|6
|start
|switch|p1a: Slowking|Slowking-Galar, M|100/100
|switch|p2a: DENIAL IS A RIVER|Araquanid, M|100/100
|turn|1
|
|t:|1760854554
|move|p2a: DENIAL IS A RIVER|Sticky Web|p1a: Slowking
|-sidestart|p1: goule123|move: Sticky Web
|move|p1a: Slowking|Toxic|p2a: DENIAL IS A RIVER
|-status|p2a: DENIAL IS A RIVER|tox
|
|-damage|p2a: DENIAL IS A RIVER|94/100 tox|[from] psn
|upkeep
|turn|2
|
|t:|1760854562
|move|p1a: Slowking|Protect|p1a: Slowking
|-singleturn|p1a: Slowking|Protect
|move|p2a: DENIAL IS A RIVER|Surf|p1a: Slowking
|-activate|p1a: Slowking|move: Protect
|
|-damage|p2a: DENIAL IS A RIVER|82/100 tox|[from] psn
|upkeep
|turn|3
|
|t:|1760854567
|move|p2a: DENIAL IS A RIVER|Surf|p1a: Slowking
|-damage|p1a: Slowking|71/100
|-prepare|p1a: Slowking|Chilly Reception|[premajor]
|move|p1a: Slowking|Chilly Reception|p1a: Slowking
|-weather|Snowscape
|
|t:|1760854588
|switch|p1a: Kyurem|Kyurem|100/100|[from] Chilly Reception
|-activate|p1a: Kyurem|move: Sticky Web
|-unboost|p1a: Kyurem|spe|1
|-ability|p1a: Kyurem|Pressure
|
|-weather|Snowscape|[upkeep]
|-damage|p2a: DENIAL IS A RIVER|63/100 tox|[from] psn
|upkeep
|turn|4
|
|t:|1760854605
|move|p1a: Kyurem|Icicle Spear|p2a: DENIAL IS A RIVER
|-resisted|p2a: DENIAL IS A RIVER
|-damage|p2a: DENIAL IS A RIVER|57/100 tox
|-resisted|p2a: DENIAL IS A RIVER
|-damage|p2a: DENIAL IS A RIVER|49/100 tox
|-resisted|p2a: DENIAL IS A RIVER
|-damage|p2a: DENIAL IS A RIVER|42/100 tox
|-resisted|p2a: DENIAL IS A RIVER
|-damage|p2a: DENIAL IS A RIVER|34/100 tox
|-hitcount|p2a: DENIAL IS A RIVER|4
|move|p2a: DENIAL IS A RIVER|Endeavor|p1a: Kyurem
|-damage|p1a: Kyurem|30/100
|
|-weather|Snowscape|[upkeep]
|-damage|p2a: DENIAL IS A RIVER|9/100 tox|[from] psn
|upkeep
|turn|5
|-enditem|p2a: DENIAL IS A RIVER|Custap Berry|[eat]
|-activate|p2a: DENIAL IS A RIVER|item: Custap Berry|[consumed]
|
|t:|1760854613
|move|p2a: DENIAL IS A RIVER|Endeavor|p1a: Kyurem
|-damage|p1a: Kyurem|8/100
|move|p1a: Kyurem|Icicle Spear|p2a: DENIAL IS A RIVER
|-resisted|p2a: DENIAL IS A RIVER
|-damage|p2a: DENIAL IS A RIVER|2/100 tox
|-resisted|p2a: DENIAL IS A RIVER
|-damage|p2a: DENIAL IS A RIVER|0 fnt
|faint|p2a: DENIAL IS A RIVER
|-hitcount|p2: DENIAL IS A RIVER|2
|
|-weather|Snowscape|[upkeep]
|upkeep
|inactive|Battle timer is ON: inactive players will automatically lose when time's up. (requested by goule123)
|
|t:|1760854700
|switch|p2a: FIREFLIES|Moltres-Galar|100/100
|turn|6
|
|t:|1760854708
|move|p2a: FIREFLIES|Fiery Wrath|p1a: Kyurem
|-damage|p1a: Kyurem|0 fnt
|faint|p1a: Kyurem
|
|-weather|Snowscape|[upkeep]
|upkeep
|
|t:|1760854717
|switch|p1a: Gallade|Gallade, M|100/100
|-activate|p1a: Gallade|move: Sticky Web
|-unboost|p1a: Gallade|spe|1
|turn|7
|l|☆goule123
|inactive|goule123 disconnected and has a minute to reconnect!
|player|p1|
|j|☆goule123
|inactive|goule123 reconnected and has 125 seconds left.
|player|p1|goule123|pokemaniac|
|inactive|goule123 has 120 seconds left.
|
|t:|1760854759
|move|p1a: Gallade|Destiny Bond|p1a: Gallade
|-singlemove|p1a: Gallade|Destiny Bond
|move|p2a: FIREFLIES|Hurricane|p1a: Gallade
|-supereffective|p1a: Gallade
|-damage|p1a: Gallade|0 fnt
|faint|p1a: Gallade
|-activate|p1a: Gallade|move: Destiny Bond
|faint|p2a: FIREFLIES
|
|-weather|none
|upkeep
|
|t:|1760854767
|switch|p1a: Quaquaval|Quaquaval, M|100/100
|switch|p2a: Alter Ego|Iron Valiant|100/100
|-enditem|p2a: Alter Ego|Booster Energy
|-activate|p2a: Alter Ego|ability: Quark Drive|[fromitem]
|-start|p2a: Alter Ego|quarkdrivespa
|turn|8
|inactive|goule123 has 120 seconds left.
|inactive|goule123 has 90 seconds left.
|
|t:|1760854802
|move|p2a: Alter Ego|Thunderbolt|p1a: Quaquaval
|-supereffective|p1a: Quaquaval
|-damage|p1a: Quaquaval|0 fnt
|faint|p1a: Quaquaval
|
|upkeep
|inactive|goule123 has 90 seconds left.
|
|t:|1760854809
|switch|p1a: Slowking|Slowking-Galar, M|100/100
|-activate|p1a: Slowking|move: Sticky Web
|-unboost|p1a: Slowking|spe|1
|turn|9
|
|t:|1760854825
|-terastallize|p2a: Alter Ego|Electric
|move|p2a: Alter Ego|Calm Mind|p2a: Alter Ego
|-boost|p2a: Alter Ego|spa|1
|-boost|p2a: Alter Ego|spd|1
|move|p1a: Slowking|Toxic|p2a: Alter Ego
|-status|p2a: Alter Ego|tox
|
|-damage|p2a: Alter Ego|94/100 tox|[from] psn
|upkeep
|turn|10
|
|t:|1760854836
|move|p1a: Slowking|Protect|p1a: Slowking
|-singleturn|p1a: Slowking|Protect
|move|p2a: Alter Ego|Thunderbolt|p1a: Slowking
|-activate|p1a: Slowking|move: Protect
|
|-damage|p2a: Alter Ego|82/100 tox|[from] psn
|upkeep
|turn|11
|
|t:|1760854841
|move|p2a: Alter Ego|Thunderbolt|p1a: Slowking
|-damage|p1a: Slowking|42/100
|-status|p1a: Slowking|par
|-prepare|p1a: Slowking|Chilly Reception|[premajor]
|move|p1a: Slowking|Chilly Reception|p1a: Slowking
|-weather|Snowscape
|
|t:|1760854845
|switch|p1a: Garganacl|Garganacl, M|100/100|[from] Chilly Reception
|-activate|p1a: Garganacl|move: Sticky Web
|-fail|p1a: Garganacl|unboost|[from] ability: Clear Body|[of] p1a: Garganacl
|
|-weather|Snowscape|[upkeep]
|-damage|p2a: Alter Ego|63/100 tox|[from] psn
|upkeep
|turn|12
|
|t:|1760854852
|move|p2a: Alter Ego|Moonblast|p1a: Garganacl
|-damage|p1a: Garganacl|18/100
|move|p1a: Garganacl|Salt Cure|p2a: Alter Ego
|-damage|p2a: Alter Ego|44/100 tox
|-start|p2a: Alter Ego|Salt Cure
|
|-weather|Snowscape|[upkeep]
|-heal|p1a: Garganacl|24/100|[from] item: Leftovers
|-damage|p2a: Alter Ego|20/100 tox|[from] psn
|-damage|p2a: Alter Ego|7/100 tox|[from] Salt Cure
|upkeep
|turn|13
|
|t:|1760854854
|switch|p1a: Slowking|Slowking-Galar, M|75/100 par
|-activate|p1a: Slowking|move: Sticky Web
|-unboost|p1a: Slowking|spe|1
|move|p2a: Alter Ego|Thunderbolt|p1a: Slowking
|-damage|p1a: Slowking|22/100 par
|
|-weather|Snowscape|[upkeep]
|-damage|p2a: Alter Ego|0 fnt|[from] psn
|faint|p2a: Alter Ego
|-end|p2a: Alter Ego|Quark Drive|[silent]
|upkeep
|
|t:|1760854860
|switch|p2a: BOILED PEANUTS|Great Tusk|100/100
|-enditem|p2a: BOILED PEANUTS|Booster Energy
|-activate|p2a: BOILED PEANUTS|ability: Protosynthesis|[fromitem]
|-start|p2a: BOILED PEANUTS|protosynthesisatk
|turn|14
|inactive|goule123 has 120 seconds left.
|
|t:|1760854884
|switch|p1a: Garganacl|Garganacl, M|24/100
|-activate|p1a: Garganacl|move: Sticky Web
|-fail|p1a: Garganacl|unboost|[from] ability: Clear Body|[of] p1a: Garganacl
|move|p2a: BOILED PEANUTS|Ice Spinner|p1a: Garganacl
|-damage|p1a: Garganacl|2/100
|
|-weather|Snowscape|[upkeep]
|-heal|p1a: Garganacl|9/100|[from] item: Leftovers
|upkeep
|turn|15
|
|t:|1760854888
|move|p2a: BOILED PEANUTS|Ice Spinner|p1a: Garganacl
|-damage|p1a: Garganacl|0 fnt
|faint|p1a: Garganacl
|
|-weather|none
|upkeep
|
|t:|1760854892
|switch|p1a: Zamazenta|Zamazenta|100/100
|-activate|p1a: Zamazenta|move: Sticky Web
|-unboost|p1a: Zamazenta|spe|1
|-ability|p1a: Zamazenta|Dauntless Shield|boost
|-boost|p1a: Zamazenta|def|1
|turn|16
|
|t:|1760854901
|move|p1a: Zamazenta|Play Rough|p2a: BOILED PEANUTS
|-supereffective|p2a: BOILED PEANUTS
|-damage|p2a: BOILED PEANUTS|41/100
|move|p2a: BOILED PEANUTS|Close Combat|p1a: Zamazenta
|-damage|p1a: Zamazenta|41/100
|-unboost|p2a: BOILED PEANUTS|def|1
|-unboost|p2a: BOILED PEANUTS|spd|1
|
|upkeep
|turn|17
|
|t:|1760854911
|move|p1a: Zamazenta|Play Rough|p2a: BOILED PEANUTS
|-supereffective|p2a: BOILED PEANUTS
|-damage|p2a: BOILED PEANUTS|0 fnt
|faint|p2a: BOILED PEANUTS
|-end|p2a: BOILED PEANUTS|Protosynthesis|[silent]
|
|upkeep
|
|t:|1760854912
|switch|p2a: Black Girl Memoir|Pecharunt|100/100
|-item|p2a: Black Girl Memoir|Air Balloon
|turn|18
|
|t:|1760854917
|switch|p1a: Slowking|Slowking-Galar, M|55/100 par
|-activate|p1a: Slowking|move: Sticky Web
|-unboost|p1a: Slowking|spe|1
|move|p2a: Black Girl Memoir|Nasty Plot|p2a: Black Girl Memoir
|-boost|p2a: Black Girl Memoir|spa|2
|
|upkeep
|turn|19
|
|t:|1760854934
|move|p2a: Black Girl Memoir|Shadow Ball|p1a: Slowking
|-supereffective|p1a: Slowking
|-damage|p1a: Slowking|0 fnt
|faint|p1a: Slowking
|
|upkeep
|
|t:|1760854937
|switch|p1a: Zamazenta|Zamazenta|41/100
|-activate|p1a: Zamazenta|move: Sticky Web
|-unboost|p1a: Zamazenta|spe|1
|turn|20
|
|t:|1760854940
|move|p2a: Black Girl Memoir|Shadow Ball|p1a: Zamazenta
|-damage|p1a: Zamazenta|0 fnt
|faint|p1a: Zamazenta
|
|win|jioejfof
|raw|goule123's rating: 1276 &rarr; <strong>1254</strong><br />(-22 for losing)
|raw|jioejfof's rating: 1312 &rarr; <strong>1330</strong><br />(+18 for winning)
|l|☆goule123
|player|p1|
|l|☆jioejfof
|player|p2|
