|j|☆I like zygarde
|j|☆chadkaren
|t:|1760857860
|gametype|singles
|player|p1|I like zygarde|169|1103
|player|p2|chadkaren|102|1091
|gen|9
|tier|[Gen 9] OU
|rated|
|rule|HP Percentage Mod: HP is shown in percentages
|rule|Endless Battle Clause: Forcing endless battles is banned
|rule|Species Clause: Limit one of each Pokémon
|rule|OHKO Clause: OHKO moves are banned
|rule|Evasion Items Clause: Evasion items are banned
|rule|Evasion Moves Clause: Evasion moves are banned
|rule|Evasion Abilities Clause: Evasion abilities are banned
|rule|Sleep Moves Clause: Sleep-inducing moves are banned
|clearpoke
|poke|p1|Reuniclus, M|
|poke|p1|Kingambit, F|
|poke|p1|Ogerpon-Wellspring, F|
|poke|p1|Landorus-Therian, M|
|poke|p1|Iron Valiant|
|poke|p1|Cinderace, M|
|poke|p2|Clodsire, M|
|poke|p2|Dondozo, F|
|poke|p2|Alomomola, F|
|poke|p2|Talonflame, F|
|poke|p2|Toxapex, M|
|poke|p2|Blissey, F|
|teampreview
|
|t:|1760857864
|teamsize|p1|6
|teamsize|p2|6
|start
|switch|p1a: Metastasis|Reuniclus, M, shiny|100/100
|switch|p2a: Blissey|Blissey, F|100/100
|turn|1
|
|t:|1760857872
|move|p2a: Blissey|Stealth Rock|p1a: Metastasis
|-sidestart|p1: I like zygarde|move: Stealth Rock
|move|p1a: Metastasis|Focus Blast|p2a: Blissey
|-supereffective|p2a: Blissey
|-damage|p2a: Blissey|65/100
|
|upkeep
|turn|2
|
|t:|1760857878
|move|p2a: Blissey|Soft-Boiled|p2a: Blissey
|-heal|p2a: Blissey|100/100
|move|p1a: Metastasis|Focus Blast|p2a: Blissey
|-supereffective|p2a: Blissey
|-crit|p2a: Blissey
|-damage|p2a: Blissey|54/100
|-unboost|p2a: Blissey|spd|1
|
|upkeep
|turn|3
|
|t:|1760857895
|move|p2a: Blissey|Shadow Ball|p1a: Metastasis
|-supereffective|p1a: Metastasis
|-damage|p1a: Metastasis|73/100
|-unboost|p1a: Metastasis|spd|1
|move|p1a: Metastasis|Focus Blast|p2a: Blissey
|-supereffective|p2a: Blissey
|-damage|p2a: Blissey|9/100
|-unboost|p2a: Blissey|spd|1
|
|upkeep
|turn|4
|
|t:|1760857904
|move|p2a: Blissey|Soft-Boiled|p2a: Blissey
|-heal|p2a: Blissey|59/100
|move|p1a: Metastasis|Focus Blast|p2a: Blissey
|-supereffective|p2a: Blissey
|-crit|p2a: Blissey
|-damage|p2a: Blissey|0 fnt
|faint|p2a: Blissey
|
|upkeep
|
|t:|1760857923
|switch|p2a: Toxapex|Toxapex, M|100/100
|turn|5
|
|t:|1760857930
|-terastallize|p2a: Toxapex|Fairy
|move|p2a: Toxapex|Toxic|p1a: Metastasis
|-status|p1a: Metastasis|tox
|move|p1a: Metastasis|Shadow Ball|p2a: Toxapex
|-damage|p2a: Toxapex|67/100
|
|upkeep
|turn|6
|
|t:|1760857939
|move|p2a: Toxapex|Recover|p2a: Toxapex
|-heal|p2a: Toxapex|100/100
|move|p1a: Metastasis|Trick Room|p1a: Metastasis
|-fieldstart|move: Trick Room|[of] p1a: Metastasis
|
|upkeep
|turn|7
|
|t:|1760857946
|move|p1a: Metastasis|Psychic Noise|p2a: Toxapex
|-damage|p2a: Toxapex|58/100
|-start|p2a: Toxapex|move: Heal Block
|move|p2a: Toxapex|Infestation|p1a: Metastasis
|-supereffective|p1a: Metastasis
|-damage|p1a: Metastasis|65/100 tox
|-activate|p1a: Metastasis|move: Infestation|[of] p2a: Toxapex
|
|upkeep
|turn|8
|
|t:|1760857977
|move|p1a: Metastasis|Psychic Noise|p2a: Toxapex
|-crit|p2a: Toxapex
|-damage|p2a: Toxapex|0 fnt
|faint|p2a: Toxapex
|
|-end|p1a: Metastasis|Infestation|[partiallytrapped]|[silent]
|upkeep
|n|☆I like zygarde|ilikezygarde
|
|t:|1760857990
|switch|p2a: Talonflame|Talonflame, F|100/100
|turn|9
|
|t:|1760857999
|move|p1a: Metastasis|Shadow Ball|p2a: Talonflame
|-damage|p2a: Talonflame|53/100
|move|p2a: Talonflame|Flamethrower|p1a: Metastasis
|-crit|p1a: Metastasis
|-damage|p1a: Metastasis|13/100 tox
|
|upkeep
|turn|10
|
|t:|1760858016
|switch|p2a: Alomomola|Alomomola, F|100/100
|move|p1a: Metastasis|Focus Blast|p2a: Alomomola
|-damage|p2a: Alomomola|27/100
|
|-fieldend|move: Trick Room
|upkeep
|turn|11
|
|t:|1760858031
|move|p2a: Alomomola|Chilling Water|p1a: Metastasis
|-damage|p1a: Metastasis|1/100 tox
|-unboost|p1a: Metastasis|atk|1
|move|p1a: Metastasis|Shadow Ball|p2a: Alomomola
|-damage|p2a: Alomomola|0 fnt
|faint|p2a: Alomomola
|
|upkeep
|-message|chadkaren forfeited.
|
|win|I like zygarde
|raw|I like zygarde's rating: 1103 &rarr; <strong>1127</strong><br />(+24 for winning)
|raw|chadkaren's rating: 1091 &rarr; <strong>1068</strong><br />(-23 for losing)
|l|☆chadkaren
|player|p2|
|l|☆I like zygarde
|player|p1|
