|j|☆bigfreakerjr
|j|☆lyric6
|t:|1760718051
|gametype|singles
|player|p1|bigfreakerjr|scientist-gen4dp|
|player|p2|lyric6|265|
|gen|9
|tier|[Gen 9] OU
|rule|HP Percentage Mod: HP is shown in percentages
|rule|Endless Battle Clause: Forcing endless battles is banned
|rule|Species Clause: Limit one of each Pokémon
|rule|OHKO Clause: OHKO moves are banned
|rule|Evasion Items Clause: Evasion items are banned
|rule|Evasion Moves Clause: Evasion moves are banned
|rule|Evasion Abilities Clause: Evasion abilities are banned
|rule|Sleep Moves Clause: Sleep-inducing moves are banned
|clearpoke
|poke|p1|Iron Hands|
|poke|p1|Skeledirge, F|
|poke|p1|Empoleon, F|
|poke|p1|Grimmsnarl, M|
|poke|p1|Kleavor, M|
|poke|p1|Espeon, M|
|poke|p2|Slowking-Galar, F|
|poke|p2|Zapdos|
|poke|p2|Azumarill, M|
|poke|p2|Goodra-Hisui, F|
|poke|p2|Incineroar, F|
|poke|p2|Delphox, F|
|teampreview
|
|t:|1760718105
|teamsize|p1|6
|teamsize|p2|6
|start
|switch|p1a: Surf and Turf|Empoleon, F|100/100
|switch|p2a: Nubby|Slowking-Galar, F|100/100
|turn|1
|
|t:|1760718171
|switch|p2a: Ouchies|Zapdos|100/100
|move|p1a: Surf and Turf|Knock Off|p2a: Ouchies
|-damage|p2a: Ouchies|75/100
|-status|p1a: Surf and Turf|par|[from] ability: Static|[of] p2a: Ouchies
|-enditem|p2a: Ouchies|Heavy-Duty Boots|[from] move: Knock Off|[of] p1a: Surf and Turf
|
|upkeep
|turn|2
|
|t:|1760718225
|switch|p1a: Side House Salad|Grimmsnarl, M|100/100
|move|p2a: Ouchies|Thunderbolt|p1a: Side House Salad
|-damage|p1a: Side House Salad|56/100
|
|upkeep
|turn|3
|
|t:|1760718277
|move|p1a: Side House Salad|Light Screen|p1a: Side House Salad
|-sidestart|p1: bigfreakerjr|move: Light Screen
|move|p2a: Ouchies|Thunderbolt|p1a: Side House Salad
|-damage|p1a: Side House Salad|37/100
|
|upkeep
|turn|4
|
|t:|1760718300
|move|p2a: Ouchies|U-turn|p1a: Side House Salad
|-damage|p1a: Side House Salad|24/100
|
|t:|1760718322
|switch|p2a: Huge Dumpty|Azumarill, M|100/100|[from] U-turn
|move|p1a: Side House Salad|Lash Out|p2a: Huge Dumpty
|-resisted|p2a: Huge Dumpty
|-damage|p2a: Huge Dumpty|84/100
|
|upkeep
|turn|5
|j| submarineset4
|
|t:|1760718371
|move|p1a: Side House Salad|Reflect|p1a: Side House Salad
|-sidestart|p1: bigfreakerjr|Reflect
|move|p2a: Huge Dumpty|Liquidation|p1a: Side House Salad
|-damage|p1a: Side House Salad|0 fnt
|faint|p1a: Side House Salad
|
|upkeep
|
|t:|1760718401
|switch|p1a: Triple Dipper|Kleavor, M|100/100
|turn|6
|
|t:|1760718456
|-terastallize|p1a: Triple Dipper|Fighting
|move|p1a: Triple Dipper|Swords Dance|p1a: Triple Dipper
|-boost|p1a: Triple Dipper|atk|2
|move|p2a: Huge Dumpty|Play Rough|p1a: Triple Dipper
|-supereffective|p1a: Triple Dipper
|-damage|p1a: Triple Dipper|34/100
|-unboost|p1a: Triple Dipper|atk|1
|
|upkeep
|turn|7
|
|t:|1760718522
|move|p2a: Huge Dumpty|Aqua Jet|p1a: Triple Dipper
|-damage|p1a: Triple Dipper|17/100
|move|p1a: Triple Dipper|Stone Axe|p2a: Huge Dumpty
|-damage|p2a: Huge Dumpty|4/100
|-sidestart|p2: lyric6|move: Stealth Rock
|
|upkeep
|turn|8
|
|t:|1760718542
|move|p2a: Huge Dumpty|Aqua Jet|p1a: Triple Dipper
|-damage|p1a: Triple Dipper|0 fnt
|faint|p1a: Triple Dipper
|
|upkeep
|
|t:|1760718556
|switch|p1a: Big Smasher Burger|Espeon, M|100/100
|turn|9
|
|t:|1760718570
|move|p2a: Huge Dumpty|Aqua Jet|p1a: Big Smasher Burger
|-damage|p1a: Big Smasher Burger|77/100
|move|p1a: Big Smasher Burger|Psychic|p2a: Huge Dumpty
|-damage|p2a: Huge Dumpty|0 fnt
|faint|p2a: Huge Dumpty
|
|-heal|p1a: Big Smasher Burger|83/100|[from] item: Leftovers
|upkeep
|j| BigFreakerSr
|
|t:|1760718641
|switch|p2a: Garfield|Incineroar, F|100/100
|-damage|p2a: Garfield|76/100|[from] Stealth Rock
|-ability|p2a: Garfield|Intimidate|boost
|-unboost|p1a: Big Smasher Burger|atk|1
|turn|10
|
|t:|1760718681
|move|p1a: Big Smasher Burger|Power Gem|p2a: Garfield
|-supereffective|p2a: Garfield
|-damage|p2a: Garfield|39/100
|move|p2a: Garfield|Knock Off|p1a: Big Smasher Burger
|-supereffective|p1a: Big Smasher Burger
|-damage|p1a: Big Smasher Burger|24/100
|-enditem|p1a: Big Smasher Burger|Leftovers|[from] move: Knock Off|[of] p2a: Garfield
|
|-sideend|p1: bigfreakerjr|move: Light Screen
|upkeep
|turn|11
|
|t:|1760718715
|switch|p2a: Ball Dropper|Goodra-Hisui, F|100/100
|-damage|p2a: Ball Dropper|95/100|[from] Stealth Rock
|move|p1a: Big Smasher Burger|Power Gem|p2a: Ball Dropper
|-resisted|p2a: Ball Dropper
|-damage|p2a: Ball Dropper|83/100
|
|-heal|p2a: Ball Dropper|89/100|[from] item: Leftovers
|upkeep
|turn|12
|
|t:|1760718738
|move|p1a: Big Smasher Burger|Psychic|p2a: Ball Dropper
|-resisted|p2a: Ball Dropper
|-damage|p2a: Ball Dropper|69/100
|move|p2a: Ball Dropper|Earthquake|p1a: Big Smasher Burger
|-damage|p1a: Big Smasher Burger|0 fnt
|faint|p1a: Big Smasher Burger
|
|-heal|p2a: Ball Dropper|75/100|[from] item: Leftovers
|-sideend|p1: bigfreakerjr|Reflect
|upkeep
|
|t:|1760718754
|switch|p1a: Smokehouse Combo|Iron Hands|100/100
|-enditem|p1a: Smokehouse Combo|Booster Energy
|-activate|p1a: Smokehouse Combo|ability: Quark Drive|[fromitem]
|-start|p1a: Smokehouse Combo|quarkdriveatk
|turn|13
|
|t:|1760718798
|-terastallize|p2a: Ball Dropper|Ground
|move|p2a: Ball Dropper|Earthquake|p1a: Smokehouse Combo
|-supereffective|p1a: Smokehouse Combo
|-damage|p1a: Smokehouse Combo|39/100
|move|p1a: Smokehouse Combo|Earthquake|p2a: Ball Dropper
|-damage|p2a: Ball Dropper|32/100
|
|-heal|p2a: Ball Dropper|38/100|[from] item: Leftovers
|upkeep
|turn|14
|
|t:|1760718811
|move|p2a: Ball Dropper|Earthquake|p1a: Smokehouse Combo
|-supereffective|p1a: Smokehouse Combo
|-damage|p1a: Smokehouse Combo|0 fnt
|faint|p1a: Smokehouse Combo
|-end|p1a: Smokehouse Combo|Quark Drive|[silent]
|
|-heal|p2a: Ball Dropper|44/100|[from] item: Leftovers
|upkeep
|
|t:|1760718816
|switch|p1a: CBR Quesadillas|Skeledirge, F|100/100
|turn|15
|
|t:|1760718830
|move|p1a: CBR Quesadillas|Torch Song|p2a: Ball Dropper
|-damage|p2a: Ball Dropper|21/100
|-boost|p1a: CBR Quesadillas|spa|1
|-enditem|p1a: CBR Quesadillas|Throat Spray
|-boost|p1a: CBR Quesadillas|spa|1|[from] item: Throat Spray
|move|p2a: Ball Dropper|Earthquake|p1a: CBR Quesadillas
|-supereffective|p1a: CBR Quesadillas
|-damage|p1a: CBR Quesadillas|34/100
|
|-heal|p2a: Ball Dropper|27/100|[from] item: Leftovers
|upkeep
|turn|16
|
|t:|1760718849
|move|p1a: CBR Quesadillas|Alluring Voice|p2a: Ball Dropper
|-damage|p2a: Ball Dropper|0 fnt
|faint|p2a: Ball Dropper
|
|upkeep
|
|t:|1760718855
|switch|p2a: Chasing Smores|Delphox, F, shiny|100/100
|-damage|p2a: Chasing Smores|76/100|[from] Stealth Rock
|turn|17
|
|t:|1760718862
|switch|p1a: Surf and Turf|Empoleon, F|100/100 par
|move|p2a: Chasing Smores|Shadow Ball|p1a: Surf and Turf
|-damage|p1a: Surf and Turf|85/100 par
|
|upkeep
|turn|18
|
|t:|1760718920
|move|p2a: Chasing Smores|Flamethrower|p1a: Surf and Turf
|-damage|p1a: Surf and Turf|60/100 par
|move|p1a: Surf and Turf|Knock Off|p2a: Chasing Smores
|-supereffective|p2a: Chasing Smores
|-damage|p2a: Chasing Smores|10/100
|-enditem|p2a: Chasing Smores|Assault Vest|[from] move: Knock Off|[of] p1a: Surf and Turf
|
|upkeep
|turn|19
|
|t:|1760718937
|move|p2a: Chasing Smores|Flamethrower|p1a: Surf and Turf
|-damage|p1a: Surf and Turf|23/100 par
|move|p1a: Surf and Turf|Flip Turn|p2a: Chasing Smores
|-supereffective|p2a: Chasing Smores
|-damage|p2a: Chasing Smores|0 fnt
|faint|p2a: Chasing Smores
|
|t:|1760718943
|switch|p1a: CBR Quesadillas|Skeledirge, F|34/100|[from] Flip Turn
|
|upkeep
|
|t:|1760718966
|switch|p2a: Ouchies|Zapdos|75/100
|-damage|p2a: Ouchies|50/100|[from] Stealth Rock
|turn|20
|
|t:|1760719006
|move|p2a: Ouchies|U-turn|p1a: CBR Quesadillas
|-resisted|p1a: CBR Quesadillas
|-damage|p1a: CBR Quesadillas|31/100
|
|t:|1760719063
|switch|p2a: Nubby|Slowking-Galar, F|100/100|[from] U-turn
|-damage|p2a: Nubby|88/100|[from] Stealth Rock
|move|p1a: CBR Quesadillas|Slack Off|p1a: CBR Quesadillas
|-heal|p1a: CBR Quesadillas|81/100
|
|-heal|p2a: Nubby|94/100|[from] item: Leftovers
|upkeep
|turn|21
|
|t:|1760719075
|move|p1a: CBR Quesadillas|Shadow Ball|p2a: Nubby
|-supereffective|p2a: Nubby
|-damage|p2a: Nubby|56/100
|move|p2a: Nubby|Shadow Ball|p1a: CBR Quesadillas
|-supereffective|p1a: CBR Quesadillas
|-damage|p1a: CBR Quesadillas|48/100
|
|-heal|p2a: Nubby|62/100|[from] item: Leftovers
|upkeep
|turn|22
|
|t:|1760719084
|move|p1a: CBR Quesadillas|Torch Song|p2a: Nubby
|-damage|p2a: Nubby|44/100
|-boost|p1a: CBR Quesadillas|spa|1
|move|p2a: Nubby|Shadow Ball|p1a: CBR Quesadillas
|-supereffective|p1a: CBR Quesadillas
|-damage|p1a: CBR Quesadillas|11/100
|
|-heal|p2a: Nubby|50/100|[from] item: Leftovers
|upkeep
|turn|23
|
|t:|1760719098
|move|p1a: CBR Quesadillas|Slack Off|p1a: CBR Quesadillas
|-heal|p1a: CBR Quesadillas|61/100
|move|p2a: Nubby|Shadow Ball|p1a: CBR Quesadillas
|-supereffective|p1a: CBR Quesadillas
|-damage|p1a: CBR Quesadillas|29/100
|
|-heal|p2a: Nubby|56/100|[from] item: Leftovers
|upkeep
|turn|24
|
|t:|1760719105
|move|p1a: CBR Quesadillas|Slack Off|p1a: CBR Quesadillas
|-heal|p1a: CBR Quesadillas|79/100
|move|p2a: Nubby|Shadow Ball|p1a: CBR Quesadillas
|-supereffective|p1a: CBR Quesadillas
|-damage|p1a: CBR Quesadillas|41/100
|-unboost|p1a: CBR Quesadillas|spd|1
|
|-heal|p2a: Nubby|62/100|[from] item: Leftovers
|upkeep
|turn|25
|
|t:|1760719114
|move|p1a: CBR Quesadillas|Shadow Ball|p2a: Nubby
|-supereffective|p2a: Nubby
|-damage|p2a: Nubby|5/100
|move|p2a: Nubby|Shadow Ball|p1a: CBR Quesadillas
|-supereffective|p1a: CBR Quesadillas
|-damage|p1a: CBR Quesadillas|0 fnt
|faint|p1a: CBR Quesadillas
|
|-heal|p2a: Nubby|11/100|[from] item: Leftovers
|upkeep
|
|t:|1760719123
|switch|p1a: Surf and Turf|Empoleon, F|23/100 par
|turn|26
|
|t:|1760719127
|-prepare|p2a: Nubby|Chilly Reception|[premajor]
|move|p2a: Nubby|Chilly Reception|p2a: Nubby
|-weather|Snowscape
|
|t:|1760719154
|switch|p2a: Ouchies|Zapdos|50/100|[from] Chilly Reception
|-damage|p2a: Ouchies|25/100|[from] Stealth Rock
|move|p1a: Surf and Turf|Knock Off|p2a: Ouchies
|-damage|p2a: Ouchies|10/100
|
|-weather|Snowscape|[upkeep]
|upkeep
|turn|27
|
|t:|1760719163
|move|p2a: Ouchies|Thunderbolt|p1a: Surf and Turf
|-supereffective|p1a: Surf and Turf
|-damage|p1a: Surf and Turf|0 fnt
|faint|p1a: Surf and Turf
|
|win|lyric6
