|j|☆RobustLoki
|j|☆suifenli
|t:|1760870173
|gametype|singles
|player|p1|RobustLoki|scientist|1586
|player|p2|suifenli|n|1513
|gen|9
|tier|[Gen 9] OU
|rated|
|rule|HP Percentage Mod: HP is shown in percentages
|rule|Endless Battle Clause: Forcing endless battles is banned
|rule|Species Clause: Limit one of each Pokémon
|rule|OHKO Clause: OHKO moves are banned
|rule|Evasion Items Clause: Evasion items are banned
|rule|Evasion Moves Clause: Evasion moves are banned
|rule|Evasion Abilities Clause: Evasion abilities are banned
|rule|Sleep Moves Clause: Sleep-inducing moves are banned
|clearpoke
|poke|p1|Pelipper, M|
|poke|p1|Barraskewda, M|
|poke|p1|Goodra-Hisui, M|
|poke|p1|Volcanion|
|poke|p1|Thundurus-Therian, M|
|poke|p1|Greninja-*, M|
|poke|p2|Zamazenta-*|
|poke|p2|Sableye, M|
|poke|p2|Blaziken, F|
|poke|p2|Bellossom, F|
|poke|p2|Garganacl, M|
|poke|p2|Latias, F|
|teampreview
|inactive|Battle timer is ON: inactive players will automatically lose when time's up. (requested by suifenli)
|
|t:|1760870178
|teamsize|p1|6
|teamsize|p2|6
|start
|switch|p1a: Pelipper|Pelipper, M, shiny|100/100
|switch|p2a: Blaziken|Blaziken, F|100/100
|-weather|RainDance|[from] ability: Drizzle|[of] p1a: Pelipper
|turn|1
|
|t:|1760870181
|move|p2a: Blaziken|Swords Dance|p2a: Blaziken
|-boost|p2a: Blaziken|atk|2
|move|p1a: Pelipper|Hydro Pump|p2a: Blaziken|[miss]
|-miss|p1a: Pelipper|p2a: Blaziken
|
|-weather|RainDance|[upkeep]
|-ability|p2a: Blaziken|Speed Boost|boost
|-boost|p2a: Blaziken|spe|1
|upkeep
|turn|2
|c|☆RobustLoki|gg
|c|☆RobustLoki|xd
|
|t:|1760870191
|move|p2a: Blaziken|Swords Dance|p2a: Blaziken
|-boost|p2a: Blaziken|atk|2
|move|p1a: Pelipper|Hydro Pump|p2a: Blaziken
|-supereffective|p2a: Blaziken
|-enditem|p2a: Blaziken|Focus Sash
|-damage|p2a: Blaziken|1/100
|
|-weather|RainDance|[upkeep]
|-ability|p2a: Blaziken|Speed Boost|boost
|-boost|p2a: Blaziken|spe|1
|upkeep
|turn|3
|
|t:|1760870197
|move|p2a: Blaziken|Reversal|p1a: Pelipper
|-resisted|p1a: Pelipper
|-damage|p1a: Pelipper|0 fnt
|faint|p1a: Pelipper
|
|-weather|RainDance|[upkeep]
|-ability|p2a: Blaziken|Speed Boost|boost
|-boost|p2a: Blaziken|spe|1
|upkeep
|
|t:|1760870200
|switch|p1a: Barraskewda|Barraskewda, M, shiny|100/100
|turn|4
|
|t:|1760870215
|move|p1a: Barraskewda|Aqua Jet|p2a: Blaziken
|-supereffective|p2a: Blaziken
|-damage|p2a: Blaziken|0 fnt
|faint|p2a: Blaziken
|
|-weather|RainDance|[upkeep]
|upkeep
|
|t:|1760870220
|switch|p2a: Bellossom|Bellossom, F|100/100
|turn|5
|
|t:|1760870225
|switch|p1a: Volcanion|Volcanion|100/100
|move|p2a: Bellossom|Strength Sap|p1a: Volcanion
|-unboost|p1a: Volcanion|atk|1
|
|-weather|RainDance|[upkeep]
|upkeep
|turn|6
|
|t:|1760870234
|move|p1a: Volcanion|Sludge Bomb|p2a: Bellossom
|-supereffective|p2a: Bellossom
|-damage|p2a: Bellossom|0 fnt
|faint|p2a: Bellossom
|
|-weather|RainDance|[upkeep]
|upkeep
|
|t:|1760870239
|switch|p2a: Latias|Latias, F|100/100
|turn|7
|
|t:|1760870245
|switch|p1a: Greninja|Greninja, M|100/100
|move|p2a: Latias|Calm Mind|p2a: Latias
|-boost|p2a: Latias|spa|1
|-boost|p2a: Latias|spd|1
|
|-weather|RainDance|[upkeep]
|upkeep
|turn|8
|
|t:|1760870248
|-terastallize|p2a: Latias|Electric
|move|p1a: Greninja|Dark Pulse|p2a: Latias
|-damage|p2a: Latias|72/100
|move|p2a: Latias|Agility|p2a: Latias
|-boost|p2a: Latias|spe|2
|
|-weather|none
|upkeep
|turn|9
|
|t:|1760870253
|switch|p1a: Goodra|Goodra-Hisui, M|100/100
|move|p2a: Latias|Calm Mind|p2a: Latias
|-boost|p2a: Latias|spa|1
|-boost|p2a: Latias|spd|1
|
|upkeep
|turn|10
|
|t:|1760870265
|move|p2a: Latias|Calm Mind|p2a: Latias
|-boost|p2a: Latias|spa|1
|-boost|p2a: Latias|spd|1
|move|p1a: Goodra|Outrage|p2a: Latias
|-damage|p2a: Latias|11/100
|-enditem|p2a: Latias|Kee Berry|[eat]
|-boost|p2a: Latias|def|1|[from] item: Kee Berry
|
|upkeep
|turn|11
|
|t:|1760870270
|move|p2a: Latias|Stored Power|p1a: Goodra
|-resisted|p1a: Goodra
|-damage|p1a: Goodra|42/100
|move|p1a: Goodra|Outrage|p2a: Latias|[from] lockedmove
|-damage|p2a: Latias|0 fnt
|faint|p2a: Latias
|-start|p1a: Goodra|confusion|[fatigue]
|
|upkeep
|
|t:|1760870274
|switch|p2a: Zamazenta|Zamazenta|100/100
|-ability|p2a: Zamazenta|Dauntless Shield|boost
|-boost|p2a: Zamazenta|def|1
|turn|12
|
|t:|1760870282
|switch|p1a: Thundurus|Thundurus-Therian, M|100/100
|move|p2a: Zamazenta|Substitute|p2a: Zamazenta
|-start|p2a: Zamazenta|Substitute
|-damage|p2a: Zamazenta|76/100
|
|-heal|p2a: Zamazenta|82/100|[from] item: Leftovers
|upkeep
|turn|13
|
|t:|1760870286
|move|p2a: Zamazenta|Iron Defense|p2a: Zamazenta
|-boost|p2a: Zamazenta|def|2
|move|p1a: Thundurus|Agility|p1a: Thundurus
|-boost|p1a: Thundurus|spe|2
|
|-heal|p2a: Zamazenta|88/100|[from] item: Leftovers
|upkeep
|turn|14
|
|t:|1760870290
|move|p1a: Thundurus|Thunder|p2a: Zamazenta|[miss]
|-miss|p1a: Thundurus|p2a: Zamazenta
|move|p2a: Zamazenta|Body Press|p1a: Thundurus
|-resisted|p1a: Thundurus
|-damage|p1a: Thundurus|29/100
|
|-heal|p2a: Zamazenta|94/100|[from] item: Leftovers
|upkeep
|turn|15
|
|t:|1760870292
|move|p1a: Thundurus|Thunder|p2a: Zamazenta
|-end|p2a: Zamazenta|Substitute
|move|p2a: Zamazenta|Body Press|p1a: Thundurus
|-resisted|p1a: Thundurus
|-damage|p1a: Thundurus|0 fnt
|faint|p1a: Thundurus
|
|-heal|p2a: Zamazenta|99/100|[from] item: Leftovers
|upkeep
|
|t:|1760870297
|switch|p1a: Volcanion|Volcanion|100/100
|turn|16
|
|t:|1760870302
|move|p2a: Zamazenta|Snarl|p1a: Volcanion
|-damage|p1a: Volcanion|90/100
|-unboost|p1a: Volcanion|spa|1
|move|p1a: Volcanion|Sludge Bomb|p2a: Zamazenta
|-damage|p2a: Zamazenta|76/100
|-status|p2a: Zamazenta|psn
|
|-heal|p2a: Zamazenta|82/100 psn|[from] item: Leftovers
|-damage|p2a: Zamazenta|70/100 psn|[from] psn
|upkeep
|turn|17
|
|t:|1760870307
|move|p2a: Zamazenta|Substitute|p2a: Zamazenta
|-start|p2a: Zamazenta|Substitute
|-damage|p2a: Zamazenta|45/100 psn
|move|p1a: Volcanion|Sludge Bomb|p2a: Zamazenta
|-activate|p2a: Zamazenta|move: Substitute|[damage]
|
|-heal|p2a: Zamazenta|51/100 psn|[from] item: Leftovers
|-damage|p2a: Zamazenta|39/100 psn|[from] psn
|upkeep
|turn|18
|
|t:|1760870310
|move|p2a: Zamazenta|Iron Defense|p2a: Zamazenta
|-boost|p2a: Zamazenta|def|2
|move|p1a: Volcanion|Sludge Bomb|p2a: Zamazenta
|-end|p2a: Zamazenta|Substitute
|
|-heal|p2a: Zamazenta|45/100 psn|[from] item: Leftovers
|-damage|p2a: Zamazenta|32/100 psn|[from] psn
|upkeep
|turn|19
|
|t:|1760870315
|move|p2a: Zamazenta|Substitute|p2a: Zamazenta
|-start|p2a: Zamazenta|Substitute
|-damage|p2a: Zamazenta|8/100 psn
|move|p1a: Volcanion|Sludge Bomb|p2a: Zamazenta
|-activate|p2a: Zamazenta|move: Substitute|[damage]
|
|-heal|p2a: Zamazenta|14/100 psn|[from] item: Leftovers
|-damage|p2a: Zamazenta|1/100 psn|[from] psn
|upkeep
|turn|20
|
|t:|1760870320
|switch|p1a: Goodra|Goodra-Hisui, M|42/100
|move|p2a: Zamazenta|Body Press|p1a: Goodra
|-supereffective|p1a: Goodra
|-damage|p1a: Goodra|0 fnt
|faint|p1a: Goodra
|
|-heal|p2a: Zamazenta|8/100 psn|[from] item: Leftovers
|-damage|p2a: Zamazenta|0 fnt|[from] psn
|faint|p2a: Zamazenta
|upkeep
|
|t:|1760870331
|switch|p2a: Sableye|Sableye, M|100/100
|switch|p1a: Barraskewda|Barraskewda, M, shiny|100/100
|turn|21
|
|t:|1760870334
|switch|p1a: Volcanion|Volcanion|90/100
|move|p2a: Sableye|Metal Burst||[still]
|-fail|p2a: Sableye
|
|upkeep
|turn|22
|
|t:|1760870339
|move|p1a: Volcanion|Fire Spin|p2a: Sableye
|-damage|p2a: Sableye|53/100
|-activate|p2a: Sableye|move: Fire Spin|[of] p1a: Volcanion
|move|p2a: Sableye|Metal Burst|p1a: Volcanion
|-damage|p1a: Volcanion|31/100
|
|-damage|p2a: Sableye|41/100|[from] move: Fire Spin|[partiallytrapped]
|upkeep
|turn|23
|
|t:|1760870344
|move|p2a: Sableye|Thunder Wave|p1a: Volcanion
|-status|p1a: Volcanion|par
|move|p1a: Volcanion|Fire Spin|p2a: Sableye|[miss]
|-miss|p1a: Volcanion|p2a: Sableye
|
|-damage|p2a: Sableye|28/100|[from] move: Fire Spin|[partiallytrapped]
|upkeep
|turn|24
|
|t:|1760870348
|move|p2a: Sableye|Reflect|p2a: Sableye
|-sidestart|p2: suifenli|Reflect
|move|p1a: Volcanion|Fire Spin|p2a: Sableye
|-damage|p2a: Sableye|0 fnt
|faint|p2a: Sableye
|
|upkeep
|
|t:|1760870350
|switch|p2a: Garganacl|Garganacl, M|100/100
|turn|25
|
|t:|1760870354
|switch|p1a: Barraskewda|Barraskewda, M, shiny|100/100
|move|p2a: Garganacl|Iron Defense|p2a: Garganacl
|-boost|p2a: Garganacl|def|2
|
|upkeep
|turn|26
|
|t:|1760870359
|move|p1a: Barraskewda|Liquidation|p2a: Garganacl
|-supereffective|p2a: Garganacl
|-damage|p2a: Garganacl|77/100
|move|p2a: Garganacl|Body Press|p1a: Barraskewda
|-damage|p1a: Barraskewda|8/100
|
|upkeep
|turn|27
|
|t:|1760870363
|move|p1a: Barraskewda|Liquidation|p2a: Garganacl
|-supereffective|p2a: Garganacl
|-damage|p2a: Garganacl|53/100
|move|p2a: Garganacl|Iron Defense|p2a: Garganacl
|-boost|p2a: Garganacl|def|2
|
|upkeep
|turn|28
|
|t:|1760870377
|move|p1a: Barraskewda|Liquidation|p2a: Garganacl
|-supereffective|p2a: Garganacl
|-damage|p2a: Garganacl|36/100
|move|p2a: Garganacl|Recover|p2a: Garganacl
|-heal|p2a: Garganacl|86/100
|
|-sideend|p2: suifenli|Reflect
|upkeep
|turn|29
|
|t:|1760870381
|move|p1a: Barraskewda|Liquidation|p2a: Garganacl
|-supereffective|p2a: Garganacl
|-damage|p2a: Garganacl|56/100
|move|p2a: Garganacl|Recover|p2a: Garganacl
|-heal|p2a: Garganacl|100/100
|
|upkeep
|turn|30
|
|t:|1760870384
|move|p1a: Barraskewda|Liquidation|p2a: Garganacl
|-supereffective|p2a: Garganacl
|-damage|p2a: Garganacl|66/100
|move|p2a: Garganacl|Iron Defense|p2a: Garganacl
|-boost|p2a: Garganacl|def|2
|
|upkeep
|turn|31
|
|t:|1760870387
|move|p1a: Barraskewda|Liquidation|p2a: Garganacl
|-supereffective|p2a: Garganacl
|-damage|p2a: Garganacl|43/100
|move|p2a: Garganacl|Recover|p2a: Garganacl
|-heal|p2a: Garganacl|93/100
|
|upkeep
|turn|32
|
|t:|1760870389
|move|p1a: Barraskewda|Liquidation|p2a: Garganacl
|-supereffective|p2a: Garganacl
|-damage|p2a: Garganacl|69/100
|move|p2a: Garganacl|Recover|p2a: Garganacl
|-heal|p2a: Garganacl|100/100
|
|upkeep
|turn|33
|
|t:|1760870393
|move|p1a: Barraskewda|Liquidation|p2a: Garganacl
|-supereffective|p2a: Garganacl
|-damage|p2a: Garganacl|78/100
|move|p2a: Garganacl|Body Press|p1a: Barraskewda
|-damage|p1a: Barraskewda|0 fnt
|faint|p1a: Barraskewda
|
|upkeep
|
|t:|1760870402
|switch|p1a: Greninja|Greninja, M|100/100
|turn|34
|
|t:|1760870405
|-terastallize|p1a: Greninja|Water
|move|p1a: Greninja|Water Shuriken|p2a: Garganacl
|-supereffective|p2a: Garganacl
|-damage|p2a: Garganacl|59/100
|-supereffective|p2a: Garganacl
|-damage|p2a: Garganacl|39/100
|-supereffective|p2a: Garganacl
|-damage|p2a: Garganacl|21/100
|-supereffective|p2a: Garganacl
|-damage|p2a: Garganacl|2/100
|-hitcount|p2a: Garganacl|4
|move|p2a: Garganacl|Body Press|p1a: Greninja
|-damage|p1a: Greninja|0 fnt
|faint|p1a: Greninja
|
|upkeep
|
|t:|1760870416
|switch|p1a: Volcanion|Volcanion|31/100 par
|turn|35
|
|t:|1760870419
|move|p2a: Garganacl|Body Press|p1a: Volcanion
|-damage|p1a: Volcanion|0 fnt
|faint|p1a: Volcanion
|
|win|suifenli
|raw|RobustLoki's rating: 1586 &rarr; <strong>1562</strong><br />(-24 for losing)
|raw|suifenli's rating: 1513 &rarr; <strong>1537</strong><br />(+24 for winning)
|c|☆RobustLoki|gg
|l|☆RobustLoki
|player|p1|
|l|☆suifenli
|player|p2|
