|j|☆ELPEPEPUCHO
|j|☆bussst
|t:|1760793416
|gametype|singles
|player|p1|ELPEPEPUCHO|266|1135
|player|p2|bussst|harlequin|1180
|gen|9
|tier|[Gen 9] OU
|rated|
|rule|HP Percentage Mod: HP is shown in percentages
|rule|Endless Battle Clause: Forcing endless battles is banned
|rule|Species Clause: Limit one of each Pokémon
|rule|OHKO Clause: OHKO moves are banned
|rule|Evasion Items Clause: Evasion items are banned
|rule|Evasion Moves Clause: Evasion moves are banned
|rule|Evasion Abilities Clause: Evasion abilities are banned
|rule|Sleep Moves Clause: Sleep-inducing moves are banned
|clearpoke
|poke|p1|Necrozma|
|poke|p1|Excadrill, F|
|poke|p1|Toxtricity, F|
|poke|p1|Dragonite, F|
|poke|p1|Hydreigon, F|
|poke|p1|Rotom-Wash|
|poke|p2|Orthworm, F|
|poke|p2|Clodsire, F|
|poke|p2|Great Tusk|
|poke|p2|Slowking, F|
|poke|p2|Weavile, F|
|poke|p2|Pecharunt|
|teampreview
|
|t:|1760793466
|teamsize|p1|6
|teamsize|p2|6
|start
|switch|p1a: Excadrill|Excadrill, F|100/100
|switch|p2a: Slowking|Slowking, F, shiny|100/100
|-ability|p1a: Excadrill|Mold Breaker
|-item|p1a: Excadrill|Air Balloon
|turn|1
|
|t:|1760793478
|move|p1a: Excadrill|Stealth Rock|p2a: Slowking
|-sidestart|p2: bussst|move: Stealth Rock
|move|p2a: Slowking|Scald|p1a: Excadrill
|-supereffective|p1a: Excadrill
|-damage|p1a: Excadrill|22/100
|-enditem|p1a: Excadrill|Air Balloon
|
|upkeep
|turn|2
|inactive|Battle timer is ON: inactive players will automatically lose when time's up. (requested by bussst)
|
|t:|1760793493
|switch|p1a: Rotom|Rotom-Wash|100/100
|move|p2a: Slowking|Scald|p1a: Rotom
|-resisted|p1a: Rotom
|-damage|p1a: Rotom|87/100
|
|-heal|p1a: Rotom|94/100|[from] item: Leftovers
|upkeep
|turn|3
|
|t:|1760793507
|move|p1a: Rotom|Will-O-Wisp|p2a: Slowking
|-status|p2a: Slowking|brn
|-prepare|p2a: Slowking|Chilly Reception|[premajor]
|move|p2a: Slowking|Chilly Reception|p2a: Slowking
|-weather|Snowscape
|
|t:|1760793514
|switch|p2a: Clodsire|Clodsire, F, shiny|100/100|[from] Chilly Reception
|-damage|p2a: Clodsire|94/100|[from] Stealth Rock
|
|-weather|Snowscape|[upkeep]
|-heal|p1a: Rotom|99/100|[from] item: Leftovers
|-heal|p2a: Clodsire|100/100|[from] item: Leftovers
|upkeep
|turn|4
|
|t:|1760793523
|move|p1a: Rotom|Will-O-Wisp|p2a: Clodsire
|-status|p2a: Clodsire|brn
|move|p2a: Clodsire|Stealth Rock|p1a: Rotom
|-sidestart|p1: ELPEPEPUCHO|move: Stealth Rock
|
|-weather|Snowscape|[upkeep]
|-heal|p1a: Rotom|100/100|[from] item: Leftovers
|-damage|p2a: Clodsire|94/100 brn|[from] brn
|upkeep
|turn|5
|
|t:|1760793531
|move|p1a: Rotom|Hydro Pump|p2a: Clodsire
|-supereffective|p2a: Clodsire
|-damage|p2a: Clodsire|55/100 brn
|move|p2a: Clodsire|Toxic|p1a: Rotom
|-status|p1a: Rotom|tox
|
|-weather|Snowscape|[upkeep]
|-heal|p2a: Clodsire|62/100 brn|[from] item: Leftovers
|-damage|p1a: Rotom|94/100 tox|[from] psn
|-damage|p2a: Clodsire|55/100 brn|[from] brn
|upkeep
|turn|6
|
|t:|1760793541
|move|p1a: Rotom|Hydro Pump|p2a: Clodsire
|-supereffective|p2a: Clodsire
|-damage|p2a: Clodsire|11/100 brn
|move|p2a: Clodsire|Recover|p2a: Clodsire
|-heal|p2a: Clodsire|61/100 brn
|
|-weather|Snowscape|[upkeep]
|-heal|p1a: Rotom|100/100 tox|[from] item: Leftovers
|-heal|p2a: Clodsire|68/100 brn|[from] item: Leftovers
|-damage|p1a: Rotom|88/100 tox|[from] psn
|-damage|p2a: Clodsire|61/100 brn|[from] brn
|upkeep
|turn|7
|
|t:|1760793551
|move|p1a: Rotom|Hydro Pump|p2a: Clodsire
|-supereffective|p2a: Clodsire
|-damage|p2a: Clodsire|17/100 brn
|move|p2a: Clodsire|Recover|p2a: Clodsire
|-heal|p2a: Clodsire|67/100 brn
|
|-weather|none
|-heal|p1a: Rotom|94/100 tox|[from] item: Leftovers
|-heal|p2a: Clodsire|73/100 brn|[from] item: Leftovers
|-damage|p1a: Rotom|75/100 tox|[from] psn
|-damage|p2a: Clodsire|67/100 brn|[from] brn
|upkeep
|turn|8
|
|t:|1760793563
|switch|p2a: Slowking|Slowking, F, shiny|100/100 brn
|move|p1a: Rotom|Volt Switch|p2a: Slowking
|-supereffective|p2a: Slowking
|-crit|p2a: Slowking
|-damage|p2a: Slowking|59/100 brn
|
|t:|1760793570
|switch|p1a: Toxtricity|Toxtricity, F|100/100|[from] Volt Switch
|-damage|p1a: Toxtricity|88/100|[from] Stealth Rock
|
|-damage|p2a: Slowking|53/100 brn|[from] brn
|upkeep
|turn|9
|
|t:|1760793578
|switch|p2a: Great Tusk|Great Tusk, shiny|100/100
|move|p1a: Toxtricity|Overdrive|p2a: Great Tusk
|-immune|p2a: Great Tusk
|
|upkeep
|turn|10
|inactive|ELPEPEPUCHO has 120 seconds left.
|
|t:|1760793613
|switch|p1a: Dragonite|Dragonite, F|100/100
|-damage|p1a: Dragonite|75/100|[from] Stealth Rock
|move|p2a: Great Tusk|Rapid Spin|p1a: Dragonite
|-damage|p1a: Dragonite|57/100
|-boost|p2a: Great Tusk|spe|1
|-sideend|p2: bussst|Stealth Rock|[from] move: Rapid Spin|[of] p2a: Great Tusk
|
|upkeep
|turn|11
|inactive|ELPEPEPUCHO has 120 seconds left.
|
|t:|1760793625
|move|p2a: Great Tusk|Ice Spinner|p1a: Dragonite
|-supereffective|p1a: Dragonite
|-damage|p1a: Dragonite|0 fnt
|faint|p1a: Dragonite
|
|upkeep
|
|t:|1760793629
|switch|p1a: Excadrill|Excadrill, F|22/100
|-damage|p1a: Excadrill|19/100|[from] Stealth Rock
|-ability|p1a: Excadrill|Mold Breaker
|turn|12
|
|t:|1760793649
|move|p2a: Great Tusk|Ice Spinner|p1a: Excadrill
|-damage|p1a: Excadrill|0 fnt
|faint|p1a: Excadrill
|
|upkeep
|
|t:|1760793654
|switch|p1a: Rotom|Rotom-Wash|75/100 tox
|-damage|p1a: Rotom|63/100 tox|[from] Stealth Rock
|turn|13
|inactive|bussst has 120 seconds left.
|
|t:|1760793684
|move|p2a: Great Tusk|Knock Off|p1a: Rotom
|-damage|p1a: Rotom|25/100 tox
|-enditem|p1a: Rotom|Leftovers|[from] move: Knock Off|[of] p2a: Great Tusk
|move|p1a: Rotom|Hydro Pump|p2a: Great Tusk
|-supereffective|p2a: Great Tusk
|-damage|p2a: Great Tusk|0 fnt
|faint|p2a: Great Tusk
|-end|p2a: Great Tusk|Protosynthesis|[silent]
|
|-damage|p1a: Rotom|18/100 tox|[from] psn
|upkeep
|
|t:|1760793698
|switch|p2a: Slowking|Slowking, F, shiny|87/100 brn
|turn|14
|
|t:|1760793708
|switch|p2a: Clodsire|Clodsire, F, shiny|67/100 brn
|move|p1a: Rotom|Volt Switch|p2a: Clodsire
|-immune|p2a: Clodsire
|
|-heal|p2a: Clodsire|73/100 brn|[from] item: Leftovers
|-damage|p1a: Rotom|6/100 tox|[from] psn
|-damage|p2a: Clodsire|67/100 brn|[from] brn
|upkeep
|turn|15
|inactive|bussst has 120 seconds left.
|
|t:|1760793719
|move|p1a: Rotom|Hydro Pump|p2a: Clodsire
|-supereffective|p2a: Clodsire
|-damage|p2a: Clodsire|27/100 brn
|move|p2a: Clodsire|Recover|p2a: Clodsire
|-heal|p2a: Clodsire|77/100 brn
|
|-heal|p2a: Clodsire|83/100 brn|[from] item: Leftovers
|-damage|p1a: Rotom|0 fnt|[from] psn
|faint|p1a: Rotom
|-damage|p2a: Clodsire|77/100 brn|[from] brn
|upkeep
|
|t:|1760793732
|switch|p1a: Necrozma|Necrozma|100/100
|-damage|p1a: Necrozma|88/100|[from] Stealth Rock
|turn|16
|inactive|bussst has 120 seconds left.
|
|t:|1760793756
|switch|p2a: Slowking|Slowking, F, shiny|100/100 brn
|move|p1a: Necrozma|Earth Power|p2a: Slowking
|-damage|p2a: Slowking|82/100 brn
|
|-heal|p1a: Necrozma|94/100|[from] item: Leftovers
|-damage|p2a: Slowking|76/100 brn|[from] brn
|upkeep
|turn|17
|inactive|bussst has 120 seconds left.
|
|t:|1760793770
|move|p1a: Necrozma|Calm Mind|p1a: Necrozma
|-boost|p1a: Necrozma|spa|1
|-boost|p1a: Necrozma|spd|1
|move|p2a: Slowking|Thunder Wave|p1a: Necrozma
|-status|p1a: Necrozma|par
|
|-heal|p1a: Necrozma|99/100 par|[from] item: Leftovers
|-damage|p2a: Slowking|70/100 brn|[from] brn
|upkeep
|turn|18
|inactive|bussst has 120 seconds left.
|
|t:|1760793785
|move|p1a: Necrozma|Calm Mind|p1a: Necrozma
|-boost|p1a: Necrozma|spa|1
|-boost|p1a: Necrozma|spd|1
|move|p2a: Slowking|Future Sight|p1a: Necrozma
|-start|p2a: Slowking|move: Future Sight
|
|-heal|p1a: Necrozma|100/100 par|[from] item: Leftovers
|-damage|p2a: Slowking|64/100 brn|[from] brn
|upkeep
|turn|19
|inactive|bussst has 120 seconds left.
|
|t:|1760793797
|move|p1a: Necrozma|Photon Geyser|p2a: Slowking
|-resisted|p2a: Slowking
|-damage|p2a: Slowking|29/100 brn
|-prepare|p2a: Slowking|Chilly Reception|[premajor]
|move|p2a: Slowking|Chilly Reception|p2a: Slowking
|-weather|Snowscape
|inactive|bussst has 120 seconds left.
|
|t:|1760793802
|switch|p2a: Clodsire|Clodsire, F, shiny|77/100 brn|[from] Chilly Reception
|
|-weather|Snowscape|[upkeep]
|-heal|p2a: Clodsire|83/100 brn|[from] item: Leftovers
|-damage|p2a: Clodsire|77/100 brn|[from] brn
|upkeep
|turn|20
|inactive|bussst has 120 seconds left.
|
|t:|1760793814
|switch|p2a: Weavile|Weavile, F, shiny|100/100
|move|p1a: Necrozma|Earth Power|p2a: Weavile
|-damage|p2a: Weavile|9/100
|
|-weather|Snowscape|[upkeep]
|-end|p1a: Necrozma|move: Future Sight
|-resisted|p1a: Necrozma
|-damage|p1a: Necrozma|91/100 par
|-heal|p1a: Necrozma|97/100 par|[from] item: Leftovers
|upkeep
|turn|21
|
|t:|1760793824
|move|p2a: Weavile|Knock Off|p1a: Necrozma
|-supereffective|p1a: Necrozma
|-damage|p1a: Necrozma|36/100 par
|-enditem|p1a: Necrozma|Leftovers|[from] move: Knock Off|[of] p2a: Weavile
|move|p1a: Necrozma|Earth Power|p2a: Weavile
|-damage|p2a: Weavile|0 fnt
|faint|p2a: Weavile
|
|-weather|Snowscape|[upkeep]
|upkeep
|
|t:|1760793830
|switch|p2a: Slowking|Slowking, F, shiny|63/100 brn
|turn|22
|
|t:|1760793842
|move|p1a: Necrozma|Moonlight|p1a: Necrozma
|-heal|p1a: Necrozma|61/100 par
|move|p2a: Slowking|Scald|p1a: Necrozma
|-damage|p1a: Necrozma|47/100 par
|
|-weather|Snowscape|[upkeep]
|-damage|p2a: Slowking|56/100 brn|[from] brn
|upkeep
|turn|23
|inactive|bussst has 120 seconds left.
|
|t:|1760793869
|cant|p1a: Necrozma|par
|-prepare|p2a: Slowking|Chilly Reception|[premajor]
|move|p2a: Slowking|Chilly Reception|p2a: Slowking
|
|t:|1760793872
|switch|p2a: Clodsire|Clodsire, F, shiny|77/100 brn|[from] Chilly Reception
|
|-weather|none
|-heal|p2a: Clodsire|83/100 brn|[from] item: Leftovers
|-damage|p2a: Clodsire|77/100 brn|[from] brn
|upkeep
|turn|24
|inactive|bussst has 120 seconds left.
|
|t:|1760793902
|switch|p2a: Slowking|Slowking, F, shiny|90/100 brn
|move|p1a: Necrozma|Moonlight|p1a: Necrozma
|-heal|p1a: Necrozma|97/100 par
|
|-damage|p2a: Slowking|84/100 brn|[from] brn
|upkeep
|turn|25
|
|t:|1760793912
|move|p1a: Necrozma|Photon Geyser|p2a: Slowking
|-resisted|p2a: Slowking
|-damage|p2a: Slowking|53/100 brn
|move|p2a: Slowking|Future Sight|p1a: Necrozma
|-start|p2a: Slowking|move: Future Sight
|
|-damage|p2a: Slowking|47/100 brn|[from] brn
|upkeep
|turn|26
|
|t:|1760793930
|cant|p1a: Necrozma|par
|move|p2a: Slowking|Scald|p1a: Necrozma
|-damage|p1a: Necrozma|85/100 par
|
|-damage|p2a: Slowking|41/100 brn|[from] brn
|upkeep
|turn|27
|
|t:|1760793942
|cant|p1a: Necrozma|par
|-prepare|p2a: Slowking|Chilly Reception|[premajor]
|move|p2a: Slowking|Chilly Reception|p2a: Slowking
|-weather|Snowscape
|
|t:|1760793944
|switch|p2a: Pecharunt|Pecharunt|100/100|[from] Chilly Reception
|
|-weather|Snowscape|[upkeep]
|-end|p1a: Necrozma|move: Future Sight
|-resisted|p1a: Necrozma
|-damage|p1a: Necrozma|74/100 par
|upkeep
|turn|28
|
|t:|1760793963
|-terastallize|p2a: Pecharunt|Dark
|move|p2a: Pecharunt|Hex|p1a: Necrozma
|-supereffective|p1a: Necrozma
|-damage|p1a: Necrozma|46/100 par
|move|p1a: Necrozma|Earth Power|p2a: Pecharunt
|-damage|p2a: Pecharunt|32/100
|
|-weather|Snowscape|[upkeep]
|upkeep
|turn|29
|
|t:|1760793973
|move|p2a: Pecharunt|Parting Shot|p1a: Necrozma
|-unboost|p1a: Necrozma|atk|1
|-unboost|p1a: Necrozma|spa|1
|
|t:|1760793975
|switch|p2a: Slowking|Slowking, F, shiny|74/100 brn|[from] Parting Shot
|cant|p1a: Necrozma|par
|
|-weather|Snowscape|[upkeep]
|-damage|p2a: Slowking|68/100 brn|[from] brn
|upkeep
|turn|30
|inactive|bussst has 120 seconds left.
|
|t:|1760793990
|move|p1a: Necrozma|Moonlight|p1a: Necrozma
|-heal|p1a: Necrozma|71/100 par
|move|p2a: Slowking|Future Sight|p1a: Necrozma
|-start|p2a: Slowking|move: Future Sight
|
|-weather|Snowscape|[upkeep]
|-damage|p2a: Slowking|62/100 brn|[from] brn
|upkeep
|turn|31
|
|t:|1760794000
|move|p1a: Necrozma|Photon Geyser|p2a: Slowking
|-resisted|p2a: Slowking
|-damage|p2a: Slowking|37/100 brn
|move|p2a: Slowking|Scald|p1a: Necrozma
|-damage|p1a: Necrozma|58/100 par
|
|-weather|none
|-damage|p2a: Slowking|31/100 brn|[from] brn
|upkeep
|turn|32
|
|t:|1760794011
|switch|p2a: Pecharunt|Pecharunt, tera:Dark|32/100
|move|p1a: Necrozma|Earth Power|p2a: Pecharunt
|-damage|p2a: Pecharunt|0 fnt
|faint|p2a: Pecharunt
|
|-end|p1a: Necrozma|move: Future Sight
|-resisted|p1a: Necrozma
|-damage|p1a: Necrozma|48/100 par
|upkeep
|-message|bussst forfeited.
|
|win|ELPEPEPUCHO
|raw|ELPEPEPUCHO's rating: 1135 &rarr; <strong>1163</strong><br />(+28 for winning)
|raw|bussst's rating: 1180 &rarr; <strong>1152</strong><br />(-28 for losing)
|l|☆bussst
|player|p2|
|l|☆ELPEPEPUCHO
|player|p1|
