|j|☆Marelii
|j|☆Ggyhhgg
|t:|1760768335
|gametype|singles
|player|p1|Marelii|pokefanf|1067
|player|p2|Ggyhhgg|artist-gen4|1078
|gen|9
|tier|[Gen 9] OU
|rated|
|rule|HP Percentage Mod: HP is shown in percentages
|rule|Endless Battle Clause: Forcing endless battles is banned
|rule|Species Clause: Limit one of each Pokémon
|rule|OHKO Clause: OHKO moves are banned
|rule|Evasion Items Clause: Evasion items are banned
|rule|Evasion Moves Clause: Evasion moves are banned
|rule|Evasion Abilities Clause: Evasion abilities are banned
|rule|Sleep Moves Clause: Sleep-inducing moves are banned
|clearpoke
|poke|p1|Gliscor, F|
|poke|p1|Samurott-Hisui, F|
|poke|p1|Corviknight, M|
|poke|p1|Iron Valiant|
|poke|p1|Skeledirge, F|
|poke|p1|Hydrapple, F|
|poke|p2|Hatterene, F|
|poke|p2|Ambipom, M|
|poke|p2|Iron Crown|
|poke|p2|Sandy Shocks|
|poke|p2|Mienshao, M|
|poke|p2|Zarude|
|teampreview
|
|t:|1760768338
|teamsize|p1|6
|teamsize|p2|6
|start
|switch|p1a: Gliscor|Gliscor, F|100/100
|switch|p2a: PpButt|Ambipom, M, shiny|100/100
|turn|1
|inactive|Battle timer is ON: inactive players will automatically lose when time's up. (requested by Ggyhhgg)
|
|t:|1760768353
|move|p2a: PpButt|Knock Off|p1a: Gliscor
|-damage|p1a: Gliscor|83/100
|-enditem|p1a: Gliscor|Toxic Orb|[from] move: Knock Off|[of] p2a: PpButt
|move|p1a: Gliscor|Knock Off|p2a: PpButt
|-damage|p2a: PpButt|62/100
|-enditem|p2a: PpButt|Silk Scarf|[from] move: Knock Off|[of] p1a: Gliscor
|
|upkeep
|turn|2
|
|t:|1760768361
|move|p2a: PpButt|U-turn|p1a: Gliscor
|-resisted|p1a: Gliscor
|-damage|p1a: Gliscor|76/100
|
|t:|1760768363
|switch|p2a: Hatterene|Hatterene, F|100/100|[from] U-turn
|move|p1a: Gliscor|Stealth Rock|p2a: Hatterene
|move|p2a: Hatterene|Stealth Rock|p1a: Gliscor|[from] ability: Magic Bounce
|-sidestart|p1: Marelii|move: Stealth Rock
|
|upkeep
|turn|3
|
|t:|1760768378
|move|p1a: Gliscor|Knock Off|p2a: Hatterene
|-damage|p2a: Hatterene|76/100
|-enditem|p2a: Hatterene|Eject Button|[from] move: Knock Off|[of] p1a: Gliscor
|move|p2a: Hatterene|Psychic Noise|p1a: Gliscor
|-damage|p1a: Gliscor|22/100
|-start|p1a: Gliscor|move: Heal Block
|
|upkeep
|turn|4
|
|t:|1760768387
|move|p1a: Gliscor|Knock Off|p2a: Hatterene
|-damage|p2a: Hatterene|61/100
|move|p2a: Hatterene|Mystical Fire|p1a: Gliscor
|-damage|p1a: Gliscor|0 fnt
|faint|p1a: Gliscor
|
|upkeep
|
|t:|1760768409
|switch|p1a: Skeledirge|Skeledirge, F|100/100
|turn|5
|
|t:|1760768420
|move|p1a: Skeledirge|Torch Song|p2a: Hatterene
|-damage|p2a: Hatterene|29/100
|-boost|p1a: Skeledirge|spa|1
|move|p2a: Hatterene|Trick|p1a: Skeledirge
|-activate|p2a: Hatterene|move: Trick|[of] p1a: Skeledirge
|-enditem|p1a: Skeledirge|Heavy-Duty Boots|[silent]|[from] move: Trick
|-item|p2a: Hatterene|Heavy-Duty Boots|[from] move: Trick
|
|upkeep
|turn|6
|
|t:|1760768439
|move|p1a: Skeledirge|Torch Song|p2a: Hatterene
|-damage|p2a: Hatterene|0 fnt
|-boost|p1a: Skeledirge|spa|1
|faint|p2a: Hatterene
|
|upkeep
|
|t:|1760768444
|switch|p2a: Iron Crown|Iron Crown|100/100
|turn|7
|
|t:|1760768449
|-terastallize|p2a: Iron Crown|Water
|move|p2a: Iron Crown|Tera Blast|p1a: Skeledirge|[anim] Tera Blast Water
|-supereffective|p1a: Skeledirge
|-damage|p1a: Skeledirge|10/100
|move|p1a: Skeledirge|Torch Song|p2a: Iron Crown
|-resisted|p2a: Iron Crown
|-damage|p2a: Iron Crown|71/100
|-boost|p1a: Skeledirge|spa|1
|
|upkeep
|turn|8
|
|t:|1760768461
|move|p2a: Iron Crown|Tera Blast|p1a: Skeledirge|[anim] Tera Blast Water
|-supereffective|p1a: Skeledirge
|-damage|p1a: Skeledirge|0 fnt
|faint|p1a: Skeledirge
|
|upkeep
|
|t:|1760768466
|switch|p1a: Corviknight|Corviknight, M|100/100
|-damage|p1a: Corviknight|88/100|[from] Stealth Rock
|-ability|p1a: Corviknight|Pressure
|turn|9
|
|t:|1760768472
|-end|p2a: Iron Crown|Quark Drive|[silent]
|switch|p2a: Sandy Shocks|Sandy Shocks|100/100
|move|p1a: Corviknight|Defog|p2a: Sandy Shocks
|-unboost|p2a: Sandy Shocks|evasion|1
|-sideend|p1: Marelii|Stealth Rock|[from] move: Defog|[of] p1a: Corviknight
|
|upkeep
|turn|10
|
|t:|1760768484
|switch|p1a: Hydrapple|Hydrapple, F|100/100
|move|p2a: Sandy Shocks|Volt Switch|p1a: Hydrapple
|-resisted|p1a: Hydrapple
|-damage|p1a: Hydrapple|92/100
|
|t:|1760768497
|-end|p2a: Sandy Shocks|Protosynthesis|[silent]
|switch|p2a: Mienshao|Mienshao, M|100/100|[from] Volt Switch
|
|upkeep
|turn|11
|
|t:|1760768509
|switch|p1a: Corviknight|Corviknight, M|88/100
|-ability|p1a: Corviknight|Pressure
|move|p2a: Mienshao|Triple Axel|p1a: Corviknight
|-damage|p1a: Corviknight|84/100
|-damage|p2a: Mienshao|84/100|[from] item: Rocky Helmet|[of] p1a: Corviknight
|-damage|p1a: Corviknight|75/100
|-damage|p2a: Mienshao|67/100|[from] item: Rocky Helmet|[of] p1a: Corviknight
|-hitcount|p1a: Corviknight|2
|
|upkeep
|turn|12
|
|t:|1760768521
|switch|p2a: Iron Crown|Iron Crown, tera:Water|71/100
|move|p1a: Corviknight|U-turn|p2a: Iron Crown
|-damage|p2a: Iron Crown|56/100
|
|t:|1760768530
|switch|p1a: Samurott|Samurott-Hisui, F|100/100|[from] U-turn
|
|upkeep
|turn|13
|
|t:|1760768537
|move|p2a: Iron Crown|Volt Switch|p1a: Samurott
|-supereffective|p1a: Samurott
|-damage|p1a: Samurott|33/100
|
|t:|1760768541
|-end|p2a: Iron Crown|Quark Drive|[silent]
|switch|p2a: Zarude|Zarude|100/100|[from] Volt Switch
|move|p1a: Samurott|Ceaseless Edge|p2a: Zarude
|-resisted|p2a: Zarude
|-damage|p2a: Zarude|79/100
|-sidestart|p2: Ggyhhgg|Spikes
|
|upkeep
|turn|14
|
|t:|1760768558
|switch|p1a: Hydrapple|Hydrapple, F|100/100
|move|p2a: Zarude|U-turn|p1a: Hydrapple
|-supereffective|p1a: Hydrapple
|-damage|p1a: Hydrapple|47/100
|
|t:|1760768568
|switch|p2a: Iron Crown|Iron Crown, tera:Water|56/100|[from] U-turn
|-damage|p2a: Iron Crown|44/100|[from] Spikes
|
|upkeep
|turn|15
|
|t:|1760768584
|move|p2a: Iron Crown|Tachyon Cutter|p1a: Hydrapple
|-damage|p1a: Hydrapple|14/100
|-damage|p1a: Hydrapple|0 fnt
|faint|p1a: Hydrapple
|-hitcount|p1: Hydrapple|2
|
|upkeep
|
|t:|1760768599
|switch|p1a: Samurott|Samurott-Hisui, F|33/100
|turn|16
|
|t:|1760768603
|move|p2a: Iron Crown|Tachyon Cutter|p1a: Samurott
|-resisted|p1a: Samurott
|-damage|p1a: Samurott|15/100
|-resisted|p1a: Samurott
|-damage|p1a: Samurott|0 fnt
|faint|p1a: Samurott
|-hitcount|p1: Samurott|2
|
|upkeep
|
|t:|1760768609
|switch|p1a: Iron Valiant|Iron Valiant|100/100
|-enditem|p1a: Iron Valiant|Booster Energy
|-activate|p1a: Iron Valiant|ability: Quark Drive|[fromitem]
|-start|p1a: Iron Valiant|quarkdrivespe
|turn|17
|
|t:|1760768629
|-end|p2a: Iron Crown|Quark Drive|[silent]
|switch|p2a: Zarude|Zarude|79/100
|-damage|p2a: Zarude|66/100|[from] Spikes
|move|p1a: Iron Valiant|Thunderbolt|p2a: Zarude
|-resisted|p2a: Zarude
|-damage|p2a: Zarude|51/100
|
|upkeep
|turn|18
|
|t:|1760768642
|-end|p1a: Iron Valiant|Quark Drive|[silent]
|switch|p1a: Corviknight|Corviknight, M|75/100
|-ability|p1a: Corviknight|Pressure
|move|p2a: Zarude|Power Whip|p1a: Corviknight
|-resisted|p1a: Corviknight
|-damage|p1a: Corviknight|63/100
|-damage|p2a: Zarude|34/100|[from] item: Rocky Helmet|[of] p1a: Corviknight
|
|upkeep
|turn|19
|
|t:|1760768654
|move|p2a: Zarude|Power Whip|p1a: Corviknight
|-resisted|p1a: Corviknight
|-damage|p1a: Corviknight|50/100
|-damage|p2a: Zarude|18/100|[from] item: Rocky Helmet|[of] p1a: Corviknight
|move|p1a: Corviknight|U-turn|p2a: Zarude
|-supereffective|p2a: Zarude
|-damage|p2a: Zarude|0 fnt
|faint|p2a: Zarude
|
|t:|1760768665
|switch|p1a: Iron Valiant|Iron Valiant|100/100|[from] U-turn
|
|upkeep
|
|t:|1760768669
|switch|p2a: Sandy Shocks|Sandy Shocks|100/100
|-damage|p2a: Sandy Shocks|88/100|[from] Spikes
|turn|20
|
|t:|1760768687
|move|p2a: Sandy Shocks|Volt Switch|p1a: Iron Valiant
|-damage|p1a: Iron Valiant|31/100
|
|t:|1760768702
|-end|p2a: Sandy Shocks|Protosynthesis|[silent]
|switch|p2a: PpButt|Ambipom, M, shiny|62/100|[from] Volt Switch
|-damage|p2a: PpButt|50/100|[from] Spikes
|move|p1a: Iron Valiant|Moonblast|p2a: PpButt
|-damage|p2a: PpButt|0 fnt
|faint|p2a: PpButt
|
|upkeep
|
|t:|1760768704
|switch|p2a: Sandy Shocks|Sandy Shocks|88/100
|-damage|p2a: Sandy Shocks|76/100|[from] Spikes
|turn|21
|
|t:|1760768718
|-terastallize|p1a: Iron Valiant|Electric
|move|p2a: Sandy Shocks|Volt Switch|p1a: Iron Valiant
|-resisted|p1a: Iron Valiant
|-damage|p1a: Iron Valiant|0 fnt
|faint|p1a: Iron Valiant
|-end|p1a: Iron Valiant|Quark Drive|[silent]
|
|t:|1760768723
|-end|p2a: Sandy Shocks|Protosynthesis|[silent]
|switch|p2a: Iron Crown|Iron Crown, tera:Water|44/100|[from] Volt Switch
|-damage|p2a: Iron Crown|31/100|[from] Spikes
|
|upkeep
|-message|Marelii forfeited.
|
|win|Ggyhhgg
|raw|Marelii's rating: 1067 &rarr; <strong>1048</strong><br />(-19 for losing)
|raw|Ggyhhgg's rating: 1078 &rarr; <strong>1105</strong><br />(+27 for winning)
|l|☆Marelii
|player|p1|
|l|☆Ggyhhgg
|player|p2|
