|j|☆mansonabuluting
|j|☆ohlookarock3
|t:|1760728700
|gametype|singles
|player|p1|mansonabuluting|bellelba|1585
|player|p2|ohlookarock3|geeta|1635
|gen|9
|tier|[Gen 9] OU
|rated|
|rule|HP Percentage Mod: HP is shown in percentages
|rule|Endless Battle Clause: Forcing endless battles is banned
|rule|Species Clause: Limit one of each Pokémon
|rule|OHKO Clause: OHKO moves are banned
|rule|Evasion Items Clause: Evasion items are banned
|rule|Evasion Moves Clause: Evasion moves are banned
|rule|Evasion Abilities Clause: Evasion abilities are banned
|rule|Sleep Moves Clause: Sleep-inducing moves are banned
|clearpoke
|poke|p1|Rillaboom, M|
|poke|p1|Hawlucha, F|
|poke|p1|Thundurus-Therian, M|
|poke|p1|Great Tusk|
|poke|p1|Volcanion|
|poke|p1|Goodra-Hisui, F|
|poke|p2|Araquanid, F|
|poke|p2|Dragonite, F|
|poke|p2|Gholdengo|
|poke|p2|Iron Moth|
|poke|p2|Iron Valiant|
|poke|p2|Iron Treads|
|teampreview
|inactive|Battle timer is ON: inactive players will automatically lose when time's up. (requested by ohlookarock3)
|
|t:|1760728714
|teamsize|p1|6
|teamsize|p2|6
|start
|switch|p1a: Rillaboom|Rillaboom, M|100/100
|switch|p2a: Yumame|Araquanid, F, shiny|100/100
|-fieldstart|move: Grassy Terrain|[from] ability: Grassy Surge|[of] p1a: Rillaboom
|turn|1
|
|t:|1760728719
|move|p1a: Rillaboom|Wood Hammer|p2a: Yumame
|-damage|p2a: Yumame|1/100
|-damage|p1a: Rillaboom|73/100|[from] Recoil
|move|p2a: Yumame|Sticky Web|p1a: Rillaboom
|-sidestart|p1: mansonabuluting|move: Sticky Web
|
|-heal|p1a: Rillaboom|79/100|[from] Grassy Terrain
|-heal|p2a: Yumame|8/100|[from] Grassy Terrain
|upkeep
|turn|2
|
|t:|1760728732
|move|p1a: Rillaboom|Wood Hammer|p2a: Yumame
|-damage|p2a: Yumame|0 fnt
|faint|p2a: Yumame
|-damage|p1a: Rillaboom|77/100|[from] Recoil
|
|-heal|p1a: Rillaboom|83/100|[from] Grassy Terrain
|upkeep
|
|t:|1760728738
|switch|p2a: Sumireko|Iron Moth|100/100
|-enditem|p2a: Sumireko|Booster Energy
|-activate|p2a: Sumireko|ability: Quark Drive|[fromitem]
|-start|p2a: Sumireko|quarkdrivespa
|turn|3
|
|t:|1760728743
|switch|p1a: Volcanion|Volcanion|100/100
|-activate|p1a: Volcanion|move: Sticky Web
|-unboost|p1a: Volcanion|spe|1
|move|p2a: Sumireko|Fiery Dance|p1a: Volcanion
|-resisted|p1a: Volcanion
|-damage|p1a: Volcanion|85/100
|
|-heal|p1a: Volcanion|91/100|[from] Grassy Terrain
|upkeep
|turn|4
|
|t:|1760728748
|move|p2a: Sumireko|Sludge Wave|p1a: Volcanion
|-damage|p1a: Volcanion|25/100
|move|p1a: Volcanion|Steam Eruption|p2a: Sumireko
|-supereffective|p2a: Sumireko
|-damage|p2a: Sumireko|0 fnt
|faint|p2a: Sumireko
|-end|p2a: Sumireko|Quark Drive|[silent]
|
|-heal|p1a: Volcanion|31/100|[from] Grassy Terrain
|upkeep
|
|t:|1760728757
|switch|p2a: Chimata|Gholdengo|100/100
|-item|p2a: Chimata|Air Balloon
|turn|5
|
|t:|1760728769
|move|p2a: Chimata|Shadow Ball|p1a: Volcanion
|-damage|p1a: Volcanion|0 fnt
|faint|p1a: Volcanion
|
|-fieldend|move: Grassy Terrain
|upkeep
|
|t:|1760728771
|switch|p1a: Goodra|Goodra-Hisui, F|100/100
|-activate|p1a: Goodra|move: Sticky Web
|-unboost|p1a: Goodra|spe|1
|turn|6
|
|t:|1760728774
|move|p2a: Chimata|Nasty Plot|p2a: Chimata
|-boost|p2a: Chimata|spa|2
|move|p1a: Goodra|Flamethrower|p2a: Chimata
|-supereffective|p2a: Chimata
|-damage|p2a: Chimata|24/100
|-enditem|p2a: Chimata|Air Balloon
|
|upkeep
|turn|7
|
|t:|1760728778
|move|p2a: Chimata|Shadow Ball|p1a: Goodra
|-crit|p1a: Goodra
|-damage|p1a: Goodra|39/100
|move|p1a: Goodra|Flamethrower|p2a: Chimata
|-supereffective|p2a: Chimata
|-damage|p2a: Chimata|0 fnt
|faint|p2a: Chimata
|
|upkeep
|
|t:|1760728790
|switch|p2a: Tenshi|Iron Treads|100/100
|-enditem|p2a: Tenshi|Booster Energy
|-activate|p2a: Tenshi|ability: Quark Drive|[fromitem]
|-start|p2a: Tenshi|quarkdriveatk
|turn|8
|
|t:|1760728797
|move|p2a: Tenshi|Earthquake|p1a: Goodra
|-supereffective|p1a: Goodra
|-damage|p1a: Goodra|0 fnt
|faint|p1a: Goodra
|
|upkeep
|
|t:|1760728804
|switch|p1a: Thundurus|Thundurus-Therian, M|100/100
|turn|9
|
|t:|1760728821
|move|p1a: Thundurus|Grass Knot|p2a: Tenshi
|-damage|p2a: Tenshi|32/100
|move|p2a: Tenshi|Knock Off|p1a: Thundurus
|-damage|p1a: Thundurus|38/100
|-enditem|p1a: Thundurus|Choice Scarf|[from] move: Knock Off|[of] p2a: Tenshi
|
|upkeep
|turn|10
|
|t:|1760728826
|move|p2a: Tenshi|Rapid Spin|p1a: Thundurus
|-damage|p1a: Thundurus|3/100
|-boost|p2a: Tenshi|spe|1
|move|p1a: Thundurus|Grass Knot|p2a: Tenshi
|-damage|p2a: Tenshi|0 fnt
|faint|p2a: Tenshi
|-end|p2a: Tenshi|Quark Drive|[silent]
|
|upkeep
|
|t:|1760728850
|switch|p2a: Patchouli|Iron Valiant|100/100
|-enditem|p2a: Patchouli|Booster Energy
|-activate|p2a: Patchouli|ability: Quark Drive|[fromitem]
|-start|p2a: Patchouli|quarkdrivespa
|turn|11
|
|t:|1760728857
|move|p2a: Patchouli|Moonblast|p1a: Thundurus
|-damage|p1a: Thundurus|0 fnt
|faint|p1a: Thundurus
|
|upkeep
|
|t:|1760728861
|switch|p1a: Rillaboom|Rillaboom, M|83/100
|-activate|p1a: Rillaboom|move: Sticky Web
|-unboost|p1a: Rillaboom|spe|1
|-fieldstart|move: Grassy Terrain|[from] ability: Grassy Surge|[of] p1a: Rillaboom
|turn|12
|
|t:|1760728865
|move|p1a: Rillaboom|Grassy Glide|p2a: Patchouli
|-damage|p2a: Patchouli|27/100
|move|p2a: Patchouli|Moonblast|p1a: Rillaboom
|-damage|p1a: Rillaboom|7/100
|
|-heal|p2a: Patchouli|33/100|[from] Grassy Terrain
|-heal|p1a: Rillaboom|13/100|[from] Grassy Terrain
|upkeep
|turn|13
|
|t:|1760728869
|move|p2a: Patchouli|Vacuum Wave|p1a: Rillaboom
|-damage|p1a: Rillaboom|0 fnt
|faint|p1a: Rillaboom
|
|-heal|p2a: Patchouli|39/100|[from] Grassy Terrain
|upkeep
|
|t:|1760728871
|switch|p1a: Hawlucha|Hawlucha, F|100/100
|-enditem|p1a: Hawlucha|Grassy Seed
|-boost|p1a: Hawlucha|def|1|[from] item: Grassy Seed
|turn|14
|
|t:|1760728876
|move|p2a: Patchouli|Vacuum Wave|p1a: Hawlucha
|-resisted|p1a: Hawlucha
|-damage|p1a: Hawlucha|79/100
|move|p1a: Hawlucha|Acrobatics|p2a: Patchouli
|-supereffective|p2a: Patchouli
|-damage|p2a: Patchouli|0 fnt
|faint|p2a: Patchouli
|-end|p2a: Patchouli|Quark Drive|[silent]
|
|upkeep
|
|t:|1760728878
|switch|p2a: Byakuren|Dragonite, F|100/100
|turn|15
|
|t:|1760728884
|move|p1a: Hawlucha|Acrobatics|p2a: Byakuren
|-damage|p2a: Byakuren|74/100
|move|p2a: Byakuren|Dragon Dance|p2a: Byakuren
|-boost|p2a: Byakuren|atk|1
|-boost|p2a: Byakuren|spe|1
|
|upkeep
|turn|16
|
|t:|1760728890
|move|p2a: Byakuren|Extreme Speed|p1a: Hawlucha
|-damage|p1a: Hawlucha|44/100
|move|p1a: Hawlucha|Acrobatics|p2a: Byakuren
|-damage|p2a: Byakuren|18/100
|
|-fieldend|move: Grassy Terrain
|upkeep
|turn|17
|
|t:|1760728896
|-terastallize|p1a: Hawlucha|Steel
|-terastallize|p2a: Byakuren|Normal
|move|p2a: Byakuren|Extreme Speed|p1a: Hawlucha
|-resisted|p1a: Hawlucha
|-damage|p1a: Hawlucha|15/100
|move|p1a: Hawlucha|Acrobatics|p2a: Byakuren
|-damage|p2a: Byakuren|0 fnt
|faint|p2a: Byakuren
|
|win|mansonabuluting
|raw|mansonabuluting's rating: 1585 &rarr; <strong>1608</strong><br />(+23 for winning)
|raw|ohlookarock3's rating: 1635 &rarr; <strong>1612</strong><br />(-23 for losing)
|l|☆mansonabuluting
|player|p1|
|l|☆ohlookarock3
|player|p2|
