|j|☆putpat
|j|☆Passerby bye
|t:|1760785509
|gametype|singles
|player|p1|putpat|1|1269
|player|p2|Passerby bye|scientist-gen4|1286
|gen|9
|tier|[Gen 9] OU
|rated|
|rule|HP Percentage Mod: HP is shown in percentages
|rule|Endless Battle Clause: Forcing endless battles is banned
|rule|Species Clause: Limit one of each Pokémon
|rule|OHKO Clause: OHKO moves are banned
|rule|Evasion Items Clause: Evasion items are banned
|rule|Evasion Moves Clause: Evasion moves are banned
|rule|Evasion Abilities Clause: Evasion abilities are banned
|rule|Sleep Moves Clause: Sleep-inducing moves are banned
|clearpoke
|poke|p1|Garchomp, M|
|poke|p1|Darkrai|
|poke|p1|Gholdengo|
|poke|p1|Ogerpon-Wellspring, F|
|poke|p1|Iron Valiant|
|poke|p1|Iron Treads|
|poke|p2|Wigglytuff, M|
|poke|p2|Gliscor, M|
|poke|p2|Houndoom, M|
|poke|p2|Magnezone|
|poke|p2|Slowbro, M|
|poke|p2|Vileplume, M|
|teampreview
|inactive|Battle timer is ON: inactive players will automatically lose when time's up. (requested by putpat)
|
|t:|1760785517
|teamsize|p1|6
|teamsize|p2|6
|start
|switch|p1a: Garchomp|Garchomp, M|100/100
|switch|p2a: Wigglytuff|Wigglytuff, M|100/100
|turn|1
|
|t:|1760785521
|move|p1a: Garchomp|Stealth Rock|p2a: Wigglytuff
|-sidestart|p2: Passerby bye|move: Stealth Rock
|move|p2a: Wigglytuff|Ice Beam|p1a: Garchomp
|-supereffective|p1a: Garchomp
|-damage|p1a: Garchomp|37/100
|
|upkeep
|turn|2
|
|t:|1760785524
|move|p1a: Garchomp|Spikes|p2a: Wigglytuff
|-sidestart|p2: Passerby bye|Spikes
|move|p2a: Wigglytuff|Draining Kiss|p1a: Garchomp
|-supereffective|p1a: Garchomp
|-damage|p1a: Garchomp|6/100
|-damage|p2a: Wigglytuff|88/100|[from] ability: Rough Skin|[of] p1a: Garchomp
|-damage|p2a: Wigglytuff|72/100|[from] item: Rocky Helmet|[of] p1a: Garchomp
|
|upkeep
|turn|3
|
|t:|1760785528
|move|p1a: Garchomp|Spikes|p2a: Wigglytuff
|-sidestart|p2: Passerby bye|Spikes
|move|p2a: Wigglytuff|Draining Kiss|p1a: Garchomp
|-supereffective|p1a: Garchomp
|-damage|p1a: Garchomp|0 fnt
|-heal|p2a: Wigglytuff|75/100|[from] drain|[of] p1a: Garchomp
|-damage|p2a: Wigglytuff|63/100|[from] ability: Rough Skin|[of] p1a: Garchomp
|-damage|p2a: Wigglytuff|46/100|[from] item: Rocky Helmet|[of] p1a: Garchomp
|faint|p1a: Garchomp
|
|upkeep
|
|t:|1760785533
|switch|p1a: Gholdengo|Gholdengo|100/100
|-item|p1a: Gholdengo|Air Balloon
|turn|4
|
|t:|1760785538
|move|p1a: Gholdengo|Make It Rain|p2a: Wigglytuff
|-supereffective|p2a: Wigglytuff
|-damage|p2a: Wigglytuff|0 fnt
|-unboost|p1a: Gholdengo|spa|1
|faint|p2a: Wigglytuff
|
|upkeep
|
|t:|1760785542
|switch|p2a: Houndoom|Houndoom, M|100/100
|turn|5
|
|t:|1760785547
|switch|p1a: Iron Treads|Iron Treads|100/100
|move|p2a: Houndoom|Nasty Plot|p2a: Houndoom
|-boost|p2a: Houndoom|spa|2
|
|upkeep
|turn|6
|
|t:|1760785554
|-terastallize|p2a: Houndoom|Ghost
|move|p1a: Iron Treads|Earthquake|p2a: Houndoom
|-damage|p2a: Houndoom|21/100
|move|p2a: Houndoom|Fire Blast|p1a: Iron Treads
|-supereffective|p1a: Iron Treads
|-damage|p1a: Iron Treads|0 fnt
|faint|p1a: Iron Treads
|-end|p1a: Iron Treads|Quark Drive|[silent]
|
|upkeep
|
|t:|1760785561
|switch|p1a: Gholdengo|Gholdengo|100/100
|-item|p1a: Gholdengo|Air Balloon
|turn|7
|
|t:|1760785569
|switch|p1a: Darkrai|Darkrai|100/100
|move|p2a: Houndoom|Dark Pulse|p1a: Darkrai
|-resisted|p1a: Darkrai
|-damage|p1a: Darkrai|41/100
|
|upkeep
|turn|8
|
|t:|1760785574
|move|p1a: Darkrai|Dark Pulse|p2a: Houndoom
|-supereffective|p2a: Houndoom
|-damage|p2a: Houndoom|0 fnt
|faint|p2a: Houndoom
|
|upkeep
|
|t:|1760785587
|switch|p2a: Magnezone|Magnezone|100/100
|-damage|p2a: Magnezone|94/100|[from] Stealth Rock
|-damage|p2a: Magnezone|78/100|[from] Spikes
|turn|9
|
|t:|1760785591
|move|p1a: Darkrai|Knock Off|p2a: Magnezone
|-damage|p2a: Magnezone|51/100
|-enditem|p2a: Magnezone|Choice Specs|[from] move: Knock Off|[of] p1a: Darkrai
|move|p2a: Magnezone|Volt Switch|p1a: Darkrai
|-damage|p1a: Darkrai|0 fnt
|faint|p1a: Darkrai
|
|t:|1760785598
|switch|p2a: Gliscor|Gliscor, M|100/100|[from] Volt Switch
|-damage|p2a: Gliscor|88/100|[from] Stealth Rock
|
|-status|p2a: Gliscor|tox|[from] item: Toxic Orb
|upkeep
|
|t:|1760785606
|switch|p1a: Ogerpon|Ogerpon-Wellspring, F|100/100
|turn|10
|
|t:|1760785609
|switch|p2a: Vileplume|Vileplume, M|100/100
|-damage|p2a: Vileplume|88/100|[from] Stealth Rock
|-damage|p2a: Vileplume|71/100|[from] Spikes
|move|p1a: Ogerpon|Swords Dance|p1a: Ogerpon
|-boost|p1a: Ogerpon|atk|2
|
|upkeep
|turn|11
|
|t:|1760785617
|move|p1a: Ogerpon|Ivy Cudgel|p2a: Vileplume|[anim] Ivy Cudgel Water
|-resisted|p2a: Vileplume
|-damage|p2a: Vileplume|33/100
|move|p2a: Vileplume|Strength Sap|p1a: Ogerpon
|-unboost|p1a: Ogerpon|atk|1
|-heal|p2a: Vileplume|100/100
|
|upkeep
|turn|12
|
|t:|1760785625
|switch|p1a: Iron Valiant|Iron Valiant|100/100
|-enditem|p1a: Iron Valiant|Booster Energy
|-activate|p1a: Iron Valiant|ability: Quark Drive|[fromitem]
|-start|p1a: Iron Valiant|quarkdrivespe
|move|p2a: Vileplume|Sludge Wave|p1a: Iron Valiant
|-supereffective|p1a: Iron Valiant
|-crit|p1a: Iron Valiant
|-damage|p1a: Iron Valiant|0 fnt
|faint|p1a: Iron Valiant
|-end|p1a: Iron Valiant|Quark Drive|[silent]
|
|upkeep
|
|t:|1760785628
|switch|p1a: Gholdengo|Gholdengo|100/100
|-item|p1a: Gholdengo|Air Balloon
|turn|13
|
|t:|1760785632
|switch|p2a: Magnezone|Magnezone|51/100
|-damage|p2a: Magnezone|45/100|[from] Stealth Rock
|-damage|p2a: Magnezone|29/100|[from] Spikes
|move|p1a: Gholdengo|Thunder Wave|p2a: Magnezone
|-immune|p2a: Magnezone
|
|upkeep
|turn|14
|
|t:|1760785639
|move|p1a: Gholdengo|Hex|p2a: Magnezone
|-damage|p2a: Magnezone|0 fnt
|faint|p2a: Magnezone
|
|upkeep
|
|t:|1760785644
|switch|p2a: Gliscor|Gliscor, M|88/100 tox
|-damage|p2a: Gliscor|75/100 tox|[from] Stealth Rock
|turn|15
|
|t:|1760785650
|move|p2a: Gliscor|Earthquake|p1a: Gholdengo
|-immune|p1a: Gholdengo
|move|p1a: Gholdengo|Hex|p2a: Gliscor
|-damage|p2a: Gliscor|23/100 tox
|
|-heal|p2a: Gliscor|36/100 tox|[from] ability: Poison Heal
|upkeep
|turn|16
|
|t:|1760785655
|move|p2a: Gliscor|Protect|p2a: Gliscor
|-singleturn|p2a: Gliscor|Protect
|move|p1a: Gholdengo|Hex|p2a: Gliscor
|-activate|p2a: Gliscor|move: Protect
|
|-heal|p2a: Gliscor|48/100 tox|[from] ability: Poison Heal
|upkeep
|turn|17
|
|t:|1760785659
|move|p2a: Gliscor|Stone Edge|p1a: Gholdengo
|-resisted|p1a: Gholdengo
|-damage|p1a: Gholdengo|93/100
|-enditem|p1a: Gholdengo|Air Balloon
|move|p1a: Gholdengo|Hex|p2a: Gliscor
|-damage|p2a: Gliscor|0 fnt
|faint|p2a: Gliscor
|
|upkeep
|
|t:|1760785667
|switch|p2a: Slowbro|Slowbro, M|100/100
|turn|18
|
|t:|1760785673
|move|p1a: Gholdengo|Hex|p2a: Slowbro
|-supereffective|p2a: Slowbro
|-damage|p2a: Slowbro|41/100
|move|p2a: Slowbro|Scald|p1a: Gholdengo
|-damage|p1a: Gholdengo|66/100
|
|upkeep
|turn|19
|
|t:|1760785679
|move|p1a: Gholdengo|Hex|p2a: Slowbro
|-supereffective|p2a: Slowbro
|-damage|p2a: Slowbro|0 fnt
|faint|p2a: Slowbro
|
|upkeep
|
|t:|1760785681
|switch|p2a: Vileplume|Vileplume, M|100/100
|-damage|p2a: Vileplume|88/100|[from] Stealth Rock
|-damage|p2a: Vileplume|71/100|[from] Spikes
|turn|20
|
|t:|1760785685
|move|p1a: Gholdengo|Thunder Wave|p2a: Vileplume
|-status|p2a: Vileplume|par
|cant|p2a: Vileplume|par
|
|upkeep
|turn|21
|
|t:|1760785688
|move|p1a: Gholdengo|Hex|p2a: Vileplume
|-damage|p2a: Vileplume|6/100 par
|move|p2a: Vileplume|Giga Drain|p1a: Gholdengo
|-resisted|p1a: Gholdengo
|-crit|p1a: Gholdengo
|-damage|p1a: Gholdengo|46/100
|-heal|p2a: Vileplume|17/100 par|[from] drain|[of] p1a: Gholdengo
|
|upkeep
|turn|22
|
|t:|1760785691
|move|p1a: Gholdengo|Hex|p2a: Vileplume
|-damage|p2a: Vileplume|0 fnt
|faint|p2a: Vileplume
|
|win|putpat
|raw|putpat's rating: 1269 &rarr; <strong>1295</strong><br />(+26 for winning)
|raw|Passerby bye's rating: 1286 &rarr; <strong>1260</strong><br />(-26 for losing)
|l|☆putpat
|player|p1|
|l|☆Passerby bye
|player|p2|
