|j|☆dia90
|j|☆River Rocket
|t:|1760770593
|gametype|singles
|player|p1|dia90|266|1553
|player|p2|River Rocket|janitor|1594
|gen|9
|tier|[Gen 9] OU
|rated|
|rule|HP Percentage Mod: HP is shown in percentages
|rule|Endless Battle Clause: Forcing endless battles is banned
|rule|Species Clause: Limit one of each Pokémon
|rule|OHKO Clause: OHKO moves are banned
|rule|Evasion Items Clause: Evasion items are banned
|rule|Evasion Moves Clause: Evasion moves are banned
|rule|Evasion Abilities Clause: Evasion abilities are banned
|rule|Sleep Moves Clause: Sleep-inducing moves are banned
|clearpoke
|poke|p1|Samurott-Hisui, F|
|poke|p1|Rillaboom, M|
|poke|p1|Gholdengo|
|poke|p1|Emboar, M|
|poke|p1|Dondozo, F|
|poke|p1|Iron Treads|
|poke|p2|Dragapult, M|
|poke|p2|Glimmora, M|
|poke|p2|Comfey, M|
|poke|p2|Kingambit, M|
|poke|p2|Ogerpon-Wellspring, F|
|poke|p2|Blaziken, M|
|teampreview
|inactive|Battle timer is ON: inactive players will automatically lose when time's up. (requested by River Rocket)
|
|t:|1760770612
|teamsize|p1|6
|teamsize|p2|6
|start
|switch|p1a: Iron Treads|Iron Treads|100/100
|switch|p2a: Ogerpon|Ogerpon-Wellspring, F|100/100
|turn|1
|j| woairibi
|l| woairibi
|inactive|dia90 has 120 seconds left.
|inactive|dia90 has 90 seconds left.
|
|t:|1760770696
|-end|p1a: Iron Treads|Quark Drive|[silent]
|switch|p1a: Rillaboom|Rillaboom, M|100/100
|-fieldstart|move: Grassy Terrain|[from] ability: Grassy Surge|[of] p1a: Rillaboom
|move|p2a: Ogerpon|Ivy Cudgel|p1a: Rillaboom|[anim] Ivy Cudgel Water
|-resisted|p1a: Rillaboom
|-damage|p1a: Rillaboom|73/100
|
|-heal|p1a: Rillaboom|79/100|[from] Grassy Terrain
|upkeep
|turn|2
|
|t:|1760770705
|move|p2a: Ogerpon|U-turn|p1a: Rillaboom
|-supereffective|p1a: Rillaboom
|-damage|p1a: Rillaboom|31/100
|
|t:|1760770709
|switch|p2a: Glimmora|Glimmora, M, shiny|100/100|[from] U-turn
|move|p1a: Rillaboom|U-turn|p2a: Glimmora
|-resisted|p2a: Glimmora
|-damage|p2a: Glimmora|91/100
|-activate|p2a: Glimmora|ability: Toxic Debris
|-sidestart|p1: dia90|move: Toxic Spikes
|-enditem|p2a: Glimmora|Red Card|[of] p1a: Rillaboom
|drag|p1a: Gholdengo|Gholdengo|100/100
|
|-heal|p2a: Glimmora|97/100|[from] Grassy Terrain
|upkeep
|turn|3
|
|t:|1760770719
|move|p2a: Glimmora|Stealth Rock|p1a: Gholdengo
|-sidestart|p1: dia90|move: Stealth Rock
|move|p1a: Gholdengo|Thunder Wave|p2a: Glimmora
|-status|p2a: Glimmora|par
|
|-heal|p2a: Glimmora|100/100 par|[from] Grassy Terrain
|upkeep
|turn|4
|
|t:|1760770730
|move|p1a: Gholdengo|Hex|p2a: Glimmora
|-damage|p2a: Glimmora|36/100 par
|cant|p2a: Glimmora|par
|
|-heal|p2a: Glimmora|42/100 par|[from] Grassy Terrain
|upkeep
|turn|5
|inactive|dia90 has 90 seconds left.
|
|t:|1760770736
|move|p1a: Gholdengo|Hex|p2a: Glimmora
|-damage|p2a: Glimmora|0 fnt
|faint|p2a: Glimmora
|
|upkeep
|
|t:|1760770741
|switch|p2a: Blaziken|Blaziken, M, shiny|100/100
|turn|6
|
|t:|1760770743
|move|p2a: Blaziken|Knock Off|p1a: Gholdengo
|-supereffective|p1a: Gholdengo
|-damage|p1a: Gholdengo|43/100
|-enditem|p1a: Gholdengo|Leftovers|[from] move: Knock Off|[of] p2a: Blaziken
|-damage|p2a: Blaziken|91/100|[from] item: Life Orb
|move|p1a: Gholdengo|Thunder Wave|p2a: Blaziken
|-status|p2a: Blaziken|par
|
|-heal|p1a: Gholdengo|49/100|[from] Grassy Terrain
|-heal|p2a: Blaziken|97/100 par|[from] Grassy Terrain
|-ability|p2a: Blaziken|Speed Boost|boost
|-boost|p2a: Blaziken|spe|1
|upkeep
|turn|7
|
|t:|1760770755
|move|p1a: Gholdengo|Hex|p2a: Blaziken
|-damage|p2a: Blaziken|9/100 par
|move|p2a: Blaziken|Flare Blitz|p1a: Gholdengo
|-supereffective|p1a: Gholdengo
|-damage|p1a: Gholdengo|0 fnt
|faint|p1a: Gholdengo
|-damage|p2a: Blaziken|0 fnt|[from] Recoil
|faint|p2a: Blaziken
|
|upkeep
|
|t:|1760770765
|switch|p2a: Dragapult|Dragapult, M, shiny|100/100
|switch|p1a: Iron Treads|Iron Treads|100/100
|-damage|p1a: Iron Treads|98/100|[from] Stealth Rock
|turn|8
|
|t:|1760770770
|move|p2a: Dragapult|Flamethrower|p1a: Iron Treads
|-supereffective|p1a: Iron Treads
|-damage|p1a: Iron Treads|55/100
|-status|p1a: Iron Treads|brn
|-damage|p2a: Dragapult|91/100|[from] item: Life Orb
|move|p1a: Iron Treads|Knock Off|p2a: Dragapult
|-supereffective|p2a: Dragapult
|-damage|p2a: Dragapult|49/100
|-enditem|p2a: Dragapult|Life Orb|[from] move: Knock Off|[of] p1a: Iron Treads
|
|-heal|p2a: Dragapult|55/100|[from] Grassy Terrain
|-heal|p1a: Iron Treads|61/100 brn|[from] Grassy Terrain
|-damage|p1a: Iron Treads|55/100 brn|[from] brn
|-fieldend|move: Grassy Terrain
|upkeep
|turn|9
|
|t:|1760770787
|-end|p1a: Iron Treads|Quark Drive|[silent]
|switch|p1a: Dondozo|Dondozo, F|100/100
|-status|p1a: Dondozo|psn
|-damage|p1a: Dondozo|88/100 psn|[from] Stealth Rock
|move|p2a: Dragapult|Flamethrower|p1a: Dondozo
|-resisted|p1a: Dondozo
|-damage|p1a: Dondozo|80/100 psn
|
|-heal|p1a: Dondozo|86/100 psn|[from] item: Leftovers
|-damage|p1a: Dondozo|74/100 psn|[from] psn
|upkeep
|turn|10
|
|t:|1760770798
|move|p2a: Dragapult|Draco Meteor|p1a: Dondozo
|-damage|p1a: Dondozo|37/100 psn
|-unboost|p2a: Dragapult|spa|2
|move|p1a: Dondozo|Curse|p1a: Dondozo
|-unboost|p1a: Dondozo|spe|1
|-boost|p1a: Dondozo|atk|1
|-boost|p1a: Dondozo|def|1
|
|-heal|p1a: Dondozo|43/100 psn|[from] item: Leftovers
|-damage|p1a: Dondozo|30/100 psn|[from] psn
|upkeep
|turn|11
|
|t:|1760770809
|move|p2a: Dragapult|Draco Meteor|p1a: Dondozo
|-damage|p1a: Dondozo|0 fnt
|-unboost|p2a: Dragapult|spa|2
|faint|p1a: Dondozo
|
|upkeep
|
|t:|1760770818
|switch|p1a: Samurott|Samurott-Hisui, F|100/100
|-status|p1a: Samurott|psn
|-damage|p1a: Samurott|88/100 psn|[from] Stealth Rock
|turn|12
|
|t:|1760770830
|switch|p2a: Kingambit|Kingambit, M, shiny|100/100
|-activate|p2a: Kingambit|ability: Supreme Overlord
|-start|p2a: Kingambit|fallen2|[silent]
|move|p1a: Samurott|Ceaseless Edge|p2a: Kingambit
|-resisted|p2a: Kingambit
|-damage|p2a: Kingambit|75/100
|-sidestart|p2: River Rocket|Spikes
|
|-heal|p2a: Kingambit|81/100|[from] item: Leftovers
|-damage|p1a: Samurott|75/100 psn|[from] psn
|upkeep
|turn|13
|
|t:|1760770843
|move|p1a: Samurott|Ceaseless Edge|p2a: Kingambit
|-resisted|p2a: Kingambit
|-damage|p2a: Kingambit|53/100
|-sidestart|p2: River Rocket|Spikes
|move|p2a: Kingambit|Kowtow Cleave|p1a: Samurott
|-resisted|p1a: Samurott
|-damage|p1a: Samurott|45/100 psn
|
|-heal|p2a: Kingambit|60/100|[from] item: Leftovers
|-damage|p1a: Samurott|33/100 psn|[from] psn
|upkeep
|turn|14
|
|t:|1760770852
|move|p1a: Samurott|Ceaseless Edge|p2a: Kingambit
|-resisted|p2a: Kingambit
|-damage|p2a: Kingambit|34/100
|-sidestart|p2: River Rocket|Spikes
|move|p2a: Kingambit|Swords Dance|p2a: Kingambit
|-boost|p2a: Kingambit|atk|2
|
|-heal|p2a: Kingambit|40/100|[from] item: Leftovers
|-damage|p1a: Samurott|20/100 psn|[from] psn
|upkeep
|turn|15
|inactive|dia90 has 120 seconds left.
|
|t:|1760770861
|move|p2a: Kingambit|Sucker Punch|p1a: Samurott
|-resisted|p1a: Samurott
|-damage|p1a: Samurott|0 fnt
|faint|p1a: Samurott
|
|-heal|p2a: Kingambit|46/100|[from] item: Leftovers
|upkeep
|inactive|dia90 has 120 seconds left.
|
|t:|1760770868
|switch|p1a: Emboar|Emboar, M|100/100
|-status|p1a: Emboar|psn
|-damage|p1a: Emboar|88/100 psn|[from] Stealth Rock
|turn|16
|
|t:|1760770873
|move|p2a: Kingambit|Sucker Punch|p1a: Emboar
|-resisted|p1a: Emboar
|-damage|p1a: Emboar|34/100 psn
|move|p1a: Emboar|Drain Punch|p2a: Kingambit
|-supereffective|p2a: Kingambit
|-damage|p2a: Kingambit|0 fnt
|-heal|p1a: Emboar|60/100 psn|[from] drain|[of] p2a: Kingambit
|faint|p2a: Kingambit
|-end|p2a: Kingambit|fallen2|[silent]
|-damage|p1a: Emboar|50/100 psn|[from] item: Life Orb
|
|-damage|p1a: Emboar|37/100 psn|[from] psn
|upkeep
|
|t:|1760770886
|switch|p2a: Comfey|Comfey, M, shiny|100/100
|-damage|p2a: Comfey|76/100|[from] Spikes
|turn|17
|
|t:|1760770890
|move|p2a: Comfey|Draining Kiss|p1a: Emboar
|-damage|p1a: Emboar|9/100 psn
|-heal|p2a: Comfey|100/100|[from] drain|[of] p1a: Emboar
|-damage|p2a: Comfey|91/100|[from] item: Life Orb
|move|p1a: Emboar|Flare Blitz|p2a: Comfey
|-damage|p2a: Comfey|0 fnt
|faint|p2a: Comfey
|-damage|p1a: Emboar|0 fnt|[from] Recoil
|faint|p1a: Emboar
|
|upkeep
|
|t:|1760770900
|switch|p2a: Dragapult|Dragapult, M, shiny|55/100
|switch|p1a: Rillaboom|Rillaboom, M|31/100
|-damage|p2a: Dragapult|30/100|[from] Spikes
|-status|p1a: Rillaboom|psn
|-damage|p1a: Rillaboom|19/100 psn|[from] Stealth Rock
|-fieldstart|move: Grassy Terrain|[from] ability: Grassy Surge|[of] p1a: Rillaboom
|turn|18
|
|t:|1760770911
|move|p1a: Rillaboom|Grassy Glide|p2a: Dragapult
|-resisted|p2a: Dragapult
|-damage|p2a: Dragapult|1/100
|move|p2a: Dragapult|Flamethrower|p1a: Rillaboom
|-supereffective|p1a: Rillaboom
|-damage|p1a: Rillaboom|0 fnt
|faint|p1a: Rillaboom
|
|-heal|p2a: Dragapult|7/100|[from] Grassy Terrain
|upkeep
|
|t:|1760770920
|switch|p1a: Iron Treads|Iron Treads|55/100 brn
|-damage|p1a: Iron Treads|52/100 brn|[from] Stealth Rock
|turn|19
|
|t:|1760770925
|move|p2a: Dragapult|Flamethrower|p1a: Iron Treads
|-supereffective|p1a: Iron Treads
|-damage|p1a: Iron Treads|17/100 brn
|move|p1a: Iron Treads|Knock Off|p2a: Dragapult
|-supereffective|p2a: Dragapult
|-damage|p2a: Dragapult|0 fnt
|faint|p2a: Dragapult
|
|-heal|p1a: Iron Treads|23/100 brn|[from] Grassy Terrain
|-damage|p1a: Iron Treads|17/100 brn|[from] brn
|upkeep
|
|t:|1760770928
|switch|p2a: Ogerpon|Ogerpon-Wellspring, F|100/100
|-damage|p2a: Ogerpon|76/100|[from] Spikes
|turn|20
|-message|dia90 forfeited.
|
|win|River Rocket
|raw|dia90's rating: 1553 &rarr; <strong>1535</strong><br />(-18 for losing)
|raw|River Rocket's rating: 1594 &rarr; <strong>1612</strong><br />(+18 for winning)
|l|☆dia90
|player|p1|
|l|☆River Rocket
|player|p2|
