|j|☆antivoidal
|j|☆2014bladee
|t:|1760761143
|gametype|singles
|player|p1|antivoidal|265|1147
|player|p2|2014bladee|n|1150
|gen|9
|tier|[Gen 9] OU
|rated|
|rule|HP Percentage Mod: HP is shown in percentages
|rule|Endless Battle Clause: Forcing endless battles is banned
|rule|Species Clause: Limit one of each Pokémon
|rule|OHKO Clause: OHKO moves are banned
|rule|Evasion Items Clause: Evasion items are banned
|rule|Evasion Moves Clause: Evasion moves are banned
|rule|Evasion Abilities Clause: Evasion abilities are banned
|rule|Sleep Moves Clause: Sleep-inducing moves are banned
|clearpoke
|poke|p1|Ogerpon-Wellspring, F|
|poke|p1|Kingambit, F|
|poke|p1|Landorus-Therian, M|
|poke|p1|Glimmora, F|
|poke|p1|Dragapult, M|
|poke|p1|Iron Valiant|
|poke|p2|Landorus-Therian, M|
|poke|p2|Samurott-Hisui, F|
|poke|p2|Pecharunt|
|poke|p2|Scizor, F|
|poke|p2|Latios, M|
|poke|p2|Zamazenta-*|
|teampreview
|
|t:|1760761149
|teamsize|p1|6
|teamsize|p2|6
|start
|switch|p1a: Ogerpon|Ogerpon-Wellspring, F|100/100
|switch|p2a: Landorus|Landorus-Therian, M|100/100
|-ability|p2a: Landorus|Intimidate|boost
|-unboost|p1a: Ogerpon|atk|1
|turn|1
|
|t:|1760761159
|move|p1a: Ogerpon|Ivy Cudgel|p2a: Landorus|[anim] Ivy Cudgel Water
|-supereffective|p2a: Landorus
|-damage|p2a: Landorus|17/100
|move|p2a: Landorus|U-turn|p1a: Ogerpon
|-supereffective|p1a: Ogerpon
|-damage|p1a: Ogerpon|37/100
|
|t:|1760761171
|switch|p2a: Samurott|Samurott-Hisui, F|100/100|[from] U-turn
|
|upkeep
|turn|2
|
|t:|1760761184
|switch|p2a: Latios|Latios, M|100/100
|move|p1a: Ogerpon|Horn Leech|p2a: Latios
|-resisted|p2a: Latios
|-damage|p2a: Latios|80/100
|-heal|p1a: Ogerpon|48/100|[from] drain|[of] p2a: Latios
|
|upkeep
|turn|3
|
|t:|1760761206
|switch|p1a: Kingambit|Kingambit, F|100/100
|move|p2a: Latios|Calm Mind|p2a: Latios
|-boost|p2a: Latios|spa|1
|-boost|p2a: Latios|spd|1
|
|upkeep
|turn|4
|
|t:|1760761216
|switch|p2a: Zamazenta|Zamazenta|100/100
|-ability|p2a: Zamazenta|Dauntless Shield|boost
|-boost|p2a: Zamazenta|def|1
|move|p1a: Kingambit|Kowtow Cleave|p2a: Zamazenta
|-resisted|p2a: Zamazenta
|-damage|p2a: Zamazenta|88/100
|
|-heal|p2a: Zamazenta|94/100|[from] item: Leftovers
|upkeep
|turn|5
|
|t:|1760761263
|-end|p1a: Kingambit|fallenundefined|[silent]
|switch|p1a: Landorus|Landorus-Therian, M|100/100
|-ability|p1a: Landorus|Intimidate|boost
|-unboost|p2a: Zamazenta|atk|1
|move|p2a: Zamazenta|Iron Defense|p2a: Zamazenta
|-boost|p2a: Zamazenta|def|2
|
|-heal|p2a: Zamazenta|99/100|[from] item: Leftovers
|upkeep
|turn|6
|
|t:|1760761275
|move|p1a: Landorus|Stealth Rock|p2a: Zamazenta
|-sidestart|p2: 2014bladee|move: Stealth Rock
|move|p2a: Zamazenta|Roar|p1a: Landorus
|drag|p1a: Iron Valiant|Iron Valiant|100/100
|-enditem|p1a: Iron Valiant|Booster Energy
|-activate|p1a: Iron Valiant|ability: Quark Drive|[fromitem]
|-start|p1a: Iron Valiant|quarkdrivespe
|
|-heal|p2a: Zamazenta|100/100|[from] item: Leftovers
|upkeep
|turn|7
|
|t:|1760761294
|move|p1a: Iron Valiant|Swords Dance|p1a: Iron Valiant
|-boost|p1a: Iron Valiant|atk|2
|move|p2a: Zamazenta|Roar|p1a: Iron Valiant
|-end|p1a: Iron Valiant|Quark Drive|[silent]
|drag|p1a: Kingambit|Kingambit, F|100/100
|
|upkeep
|turn|8
|
|t:|1760761309
|-terastallize|p1a: Kingambit|Ghost
|move|p2a: Zamazenta|Body Press|p1a: Kingambit
|-immune|p1a: Kingambit
|move|p1a: Kingambit|Swords Dance|p1a: Kingambit
|-boost|p1a: Kingambit|atk|2
|
|upkeep
|turn|9
|
|t:|1760761330
|switch|p2a: Samurott|Samurott-Hisui, F|100/100
|-damage|p2a: Samurott|88/100|[from] Stealth Rock
|move|p1a: Kingambit|Swords Dance|p1a: Kingambit
|-boost|p1a: Kingambit|atk|2
|
|upkeep
|turn|10
|
|t:|1760761344
|move|p2a: Samurott|Ceaseless Edge|p1a: Kingambit
|-supereffective|p1a: Kingambit
|-damage|p1a: Kingambit|35/100
|-sidestart|p1: antivoidal|Spikes
|move|p1a: Kingambit|Kowtow Cleave|p2a: Samurott
|-resisted|p2a: Samurott
|-damage|p2a: Samurott|0 fnt
|faint|p2a: Samurott
|
|-heal|p1a: Kingambit|41/100|[from] item: Leftovers
|upkeep
|
|t:|1760761357
|switch|p2a: Pecharunt|Pecharunt|100/100
|turn|11
|
|t:|1760761369
|move|p2a: Pecharunt|Shadow Ball|p1a: Kingambit
|-supereffective|p1a: Kingambit
|-damage|p1a: Kingambit|0 fnt
|faint|p1a: Kingambit
|-end|p1a: Kingambit|fallenundefined|[silent]
|
|upkeep
|
|t:|1760761396
|switch|p1a: Dragapult|Dragapult, M|100/100
|-damage|p1a: Dragapult|88/100|[from] Spikes
|turn|12
|
|t:|1760761411
|switch|p2a: Scizor|Scizor, F|100/100
|move|p1a: Dragapult|Shadow Ball|p2a: Scizor
|-damage|p2a: Scizor|31/100
|
|upkeep
|turn|13
|
|t:|1760761425
|switch|p2a: Zamazenta|Zamazenta|100/100
|-damage|p2a: Zamazenta|94/100|[from] Stealth Rock
|move|p1a: Dragapult|Shadow Ball|p2a: Zamazenta
|-damage|p2a: Zamazenta|52/100
|
|-heal|p2a: Zamazenta|58/100|[from] item: Leftovers
|upkeep
|turn|14
|
|t:|1760761466
|switch|p1a: Iron Valiant|Iron Valiant|100/100
|-damage|p1a: Iron Valiant|88/100|[from] Spikes
|switch|p2a: Latios|Latios, M|80/100
|-damage|p2a: Latios|68/100|[from] Stealth Rock
|
|upkeep
|turn|15
|
|t:|1760761485
|-terastallize|p2a: Latios|Steel
|move|p1a: Iron Valiant|Spirit Break|p2a: Latios
|-resisted|p2a: Latios
|-damage|p2a: Latios|42/100
|-unboost|p2a: Latios|spa|1
|move|p2a: Latios|Psychic Noise|p1a: Iron Valiant
|-supereffective|p1a: Iron Valiant
|-damage|p1a: Iron Valiant|0 fnt
|faint|p1a: Iron Valiant
|-end|p1a: Iron Valiant|Quark Drive|[silent]
|
|upkeep
|
|t:|1760761513
|switch|p1a: Dragapult|Dragapult, M|88/100
|-damage|p1a: Dragapult|76/100|[from] Spikes
|turn|16
|
|t:|1760761539
|move|p1a: Dragapult|Flamethrower|p2a: Latios
|-supereffective|p2a: Latios
|-damage|p2a: Latios|0 fnt
|faint|p2a: Latios
|
|upkeep
|
|t:|1760761552
|switch|p2a: Landorus|Landorus-Therian, M|17/100
|-damage|p2a: Landorus|4/100|[from] Stealth Rock
|-ability|p2a: Landorus|Intimidate|boost
|-fail|p1a: Dragapult|unboost|[from] ability: Clear Body|[of] p1a: Dragapult
|turn|17
|
|t:|1760761565
|move|p1a: Dragapult|Flamethrower|p2a: Landorus
|-damage|p2a: Landorus|0 fnt
|faint|p2a: Landorus
|
|upkeep
|
|t:|1760761571
|switch|p2a: Pecharunt|Pecharunt|100/100
|turn|18
|
|t:|1760761590
|switch|p1a: Glimmora|Glimmora, F|100/100
|-damage|p1a: Glimmora|88/100|[from] Spikes
|move|p2a: Pecharunt|Shadow Ball|p1a: Glimmora
|-damage|p1a: Glimmora|56/100
|
|upkeep
|turn|19
|
|t:|1760761599
|move|p2a: Pecharunt|Parting Shot|p1a: Glimmora
|-unboost|p1a: Glimmora|atk|1
|-unboost|p1a: Glimmora|spa|1
|
|t:|1760761605
|switch|p2a: Zamazenta|Zamazenta|58/100|[from] Parting Shot
|-damage|p2a: Zamazenta|52/100|[from] Stealth Rock
|move|p1a: Glimmora|Meteor Beam||[still]
|-prepare|p1a: Glimmora|Meteor Beam
|-boost|p1a: Glimmora|spa|1
|-enditem|p1a: Glimmora|Power Herb
|-anim|p1a: Glimmora|Meteor Beam|p2a: Zamazenta
|-resisted|p2a: Zamazenta
|-damage|p2a: Zamazenta|23/100
|
|-heal|p2a: Zamazenta|29/100|[from] item: Leftovers
|upkeep
|turn|20
|
|t:|1760761622
|move|p1a: Glimmora|Earth Power|p2a: Zamazenta
|-damage|p2a: Zamazenta|0 fnt
|faint|p2a: Zamazenta
|
|upkeep
|
|t:|1760761633
|switch|p2a: Scizor|Scizor, F|31/100
|turn|21
|
|t:|1760761646
|move|p2a: Scizor|Bullet Punch|p1a: Glimmora
|-supereffective|p1a: Glimmora
|-damage|p1a: Glimmora|0 fnt
|-activate|p1a: Glimmora|ability: Toxic Debris
|-sidestart|p2: 2014bladee|move: Toxic Spikes
|faint|p1a: Glimmora
|
|upkeep
|
|t:|1760761653
|switch|p1a: Dragapult|Dragapult, M|76/100
|-damage|p1a: Dragapult|64/100|[from] Spikes
|turn|22
|
|t:|1760761661
|move|p2a: Scizor|Bullet Punch|p1a: Dragapult
|-damage|p1a: Dragapult|17/100
|move|p1a: Dragapult|Flamethrower|p2a: Scizor
|-supereffective|p2a: Scizor
|-damage|p2a: Scizor|0 fnt
|faint|p2a: Scizor
|
|upkeep
|
|t:|1760761668
|switch|p2a: Pecharunt|Pecharunt|100/100
|-sideend|p2: 2014bladee|move: Toxic Spikes|[of] p2a: Pecharunt
|turn|23
|c|☆2014bladee|gg'
|
|t:|1760761678
|switch|p1a: Landorus|Landorus-Therian, M|100/100
|-ability|p1a: Landorus|Intimidate|boost
|-unboost|p2a: Pecharunt|atk|1
|move|p2a: Pecharunt|Shadow Ball|p1a: Landorus
|-damage|p1a: Landorus|76/100
|
|upkeep
|turn|24
|-message|2014bladee forfeited.
|
|win|antivoidal
|raw|antivoidal's rating: 1147 &rarr; <strong>1172</strong><br />(+25 for winning)
|raw|2014bladee's rating: 1150 &rarr; <strong>1125</strong><br />(-25 for losing)
|l|☆2014bladee
|player|p2|
