|j|☆Etarnus XD
|j|☆popozao
|t:|1760867632
|gametype|singles
|player|p1|Etarnus XD|266|1289
|player|p2|popozao|lenora|1251
|gen|9
|tier|[Gen 9] OU
|rated|
|rule|HP Percentage Mod: HP is shown in percentages
|rule|Endless Battle Clause: Forcing endless battles is banned
|rule|Species Clause: Limit one of each Pokémon
|rule|OHKO Clause: OHKO moves are banned
|rule|Evasion Items Clause: Evasion items are banned
|rule|Evasion Moves Clause: Evasion moves are banned
|rule|Evasion Abilities Clause: Evasion abilities are banned
|rule|Sleep Moves Clause: Sleep-inducing moves are banned
|clearpoke
|poke|p1|Inteleon, M|
|poke|p1|Incineroar, M|
|poke|p1|Rillaboom, M|
|poke|p1|Toxicroak, F|
|poke|p1|Iron Treads|
|poke|p1|Enamorus, F|
|poke|p2|Scizor, F|
|poke|p2|Garganacl, F|
|poke|p2|Clefable, M|
|poke|p2|Rotom-Wash|
|poke|p2|Dragonite, F|
|poke|p2|Weavile, F|
|teampreview
|
|t:|1760867652
|teamsize|p1|6
|teamsize|p2|6
|start
|switch|p1a: Incineroar|Incineroar, M|100/100
|switch|p2a: Weavile|Weavile, F|100/100
|-ability|p2a: Weavile|Pressure
|-ability|p1a: Incineroar|Intimidate|boost
|-unboost|p2a: Weavile|atk|1
|turn|1
|
|t:|1760867662
|switch|p2a: Rotom|Rotom-Wash|100/100
|move|p1a: Incineroar|Parting Shot|p2a: Rotom
|-unboost|p2a: Rotom|atk|1
|-unboost|p2a: Rotom|spa|1
|
|t:|1760867680
|switch|p1a: Rillaboom|Rillaboom, M|100/100|[from] Parting Shot
|-fieldstart|move: Grassy Terrain|[from] ability: Grassy Surge|[of] p1a: Rillaboom
|
|upkeep
|turn|2
|inactive|Battle timer is ON: inactive players will automatically lose when time's up. (requested by popozao)
|
|t:|1760867688
|switch|p2a: Scizor|Scizor, F|100/100
|move|p1a: Rillaboom|Knock Off|p2a: Scizor
|-damage|p2a: Scizor|73/100
|-damage|p1a: Rillaboom|84/100|[from] item: Rocky Helmet|[of] p2a: Scizor
|-enditem|p2a: Scizor|Rocky Helmet|[from] move: Knock Off|[of] p1a: Rillaboom
|
|-heal|p1a: Rillaboom|90/100|[from] Grassy Terrain
|-heal|p2a: Scizor|79/100|[from] Grassy Terrain
|upkeep
|turn|3
|
|t:|1760867701
|switch|p1a: Incineroar|Incineroar, M|100/100
|-ability|p1a: Incineroar|Intimidate|boost
|-unboost|p2a: Scizor|atk|1
|move|p2a: Scizor|Knock Off|p1a: Incineroar
|-resisted|p1a: Incineroar
|-crit|p1a: Incineroar
|-damage|p1a: Incineroar|76/100
|-enditem|p1a: Incineroar|Heavy-Duty Boots|[from] move: Knock Off|[of] p2a: Scizor
|
|-heal|p1a: Incineroar|82/100|[from] Grassy Terrain
|-heal|p2a: Scizor|85/100|[from] Grassy Terrain
|upkeep
|turn|4
|
|t:|1760867713
|switch|p2a: Garganacl|Garganacl, F|100/100
|move|p1a: Incineroar|Knock Off|p2a: Garganacl
|-damage|p2a: Garganacl|76/100
|-enditem|p2a: Garganacl|Leftovers|[from] move: Knock Off|[of] p1a: Incineroar
|
|-heal|p1a: Incineroar|88/100|[from] Grassy Terrain
|-heal|p2a: Garganacl|82/100|[from] Grassy Terrain
|upkeep
|turn|5
|
|t:|1760867729
|move|p1a: Incineroar|Parting Shot|p2a: Garganacl
|-unboost|p2a: Garganacl|atk|1
|-unboost|p2a: Garganacl|spa|1
|
|t:|1760867734
|switch|p1a: Inteleon|Inteleon, M|100/100|[from] Parting Shot
|move|p2a: Garganacl|Salt Cure|p1a: Inteleon
|-damage|p1a: Inteleon|84/100
|-start|p1a: Inteleon|Salt Cure
|
|-heal|p1a: Inteleon|90/100|[from] Grassy Terrain
|-heal|p2a: Garganacl|88/100|[from] Grassy Terrain
|-damage|p1a: Inteleon|65/100|[from] Salt Cure
|upkeep
|turn|6
|
|t:|1760867747
|-terastallize|p1a: Inteleon|Water
|move|p1a: Inteleon|Snipe Shot|p2a: Garganacl
|-supereffective|p2a: Garganacl
|-crit|p2a: Garganacl
|-damage|p2a: Garganacl|0 fnt
|faint|p2a: Garganacl
|
|-heal|p1a: Inteleon|71/100|[from] Grassy Terrain
|-damage|p1a: Inteleon|46/100|[from] Salt Cure
|upkeep
|
|t:|1760867754
|switch|p2a: Rotom|Rotom-Wash|100/100
|turn|7
|
|t:|1760867760
|switch|p1a: Toxicroak|Toxicroak, F|100/100
|move|p2a: Rotom|Volt Switch|p1a: Toxicroak
|-damage|p1a: Toxicroak|57/100
|
|t:|1760867764
|switch|p2a: Clefable|Clefable, M|100/100|[from] Volt Switch
|
|-heal|p1a: Toxicroak|63/100|[from] Grassy Terrain
|-heal|p1a: Toxicroak|70/100|[from] item: Leftovers
|upkeep
|turn|8
|
|t:|1760867774
|switch|p2a: Scizor|Scizor, F|85/100
|move|p1a: Toxicroak|Swords Dance|p1a: Toxicroak
|-boost|p1a: Toxicroak|atk|2
|
|-heal|p1a: Toxicroak|76/100|[from] Grassy Terrain
|-heal|p1a: Toxicroak|82/100|[from] item: Leftovers
|-heal|p2a: Scizor|91/100|[from] Grassy Terrain
|-fieldend|move: Grassy Terrain
|upkeep
|turn|9
|
|t:|1760867789
|move|p1a: Toxicroak|Close Combat|p2a: Scizor
|-damage|p2a: Scizor|8/100
|-unboost|p1a: Toxicroak|def|1
|-unboost|p1a: Toxicroak|spd|1
|move|p2a: Scizor|Knock Off|p1a: Toxicroak
|-resisted|p1a: Toxicroak
|-damage|p1a: Toxicroak|42/100
|-enditem|p1a: Toxicroak|Leftovers|[from] move: Knock Off|[of] p2a: Scizor
|
|upkeep
|turn|10
|
|t:|1760867800
|move|p1a: Toxicroak|Sucker Punch|p2a: Scizor
|-damage|p2a: Scizor|0 fnt
|faint|p2a: Scizor
|
|upkeep
|
|t:|1760867809
|switch|p2a: Clefable|Clefable, M|100/100
|turn|11
|
|t:|1760867813
|move|p1a: Toxicroak|Gunk Shot|p2a: Clefable
|-supereffective|p2a: Clefable
|-damage|p2a: Clefable|0 fnt
|faint|p2a: Clefable
|
|upkeep
|
|t:|1760867816
|switch|p2a: Dragonite|Dragonite, F|100/100
|turn|12
|
|t:|1760867823
|move|p2a: Dragonite|Extreme Speed|p1a: Toxicroak
|-damage|p1a: Toxicroak|0 fnt
|faint|p1a: Toxicroak
|
|upkeep
|
|t:|1760867832
|switch|p1a: Incineroar|Incineroar, M|88/100
|-ability|p1a: Incineroar|Intimidate|boost
|-unboost|p2a: Dragonite|atk|1
|turn|13
|
|t:|1760867861
|switch|p2a: Rotom|Rotom-Wash|100/100
|move|p1a: Incineroar|Will-O-Wisp|p2a: Rotom|[miss]
|-miss|p1a: Incineroar|p2a: Rotom
|
|upkeep
|turn|14
|
|t:|1760867870
|move|p2a: Rotom|Thunder Wave|p1a: Incineroar|[miss]
|-miss|p2a: Rotom|p1a: Incineroar
|move|p1a: Incineroar|Parting Shot|p2a: Rotom
|-unboost|p2a: Rotom|atk|1
|-unboost|p2a: Rotom|spa|1
|
|t:|1760867886
|switch|p1a: Rillaboom|Rillaboom, M|90/100|[from] Parting Shot
|-fieldstart|move: Grassy Terrain|[from] ability: Grassy Surge|[of] p1a: Rillaboom
|
|-heal|p1a: Rillaboom|96/100|[from] Grassy Terrain
|upkeep
|turn|15
|
|t:|1760867912
|-terastallize|p2a: Rotom|Steel
|move|p1a: Rillaboom|Grassy Glide|p2a: Rotom
|-resisted|p2a: Rotom
|-damage|p2a: Rotom|79/100
|move|p2a: Rotom|Thunder Wave|p1a: Rillaboom
|-status|p1a: Rillaboom|par
|
|-heal|p2a: Rotom|85/100|[from] item: Leftovers
|-heal|p1a: Rillaboom|100/100 par|[from] Grassy Terrain
|upkeep
|turn|16
|
|t:|1760867927
|move|p2a: Rotom|Volt Switch|p1a: Rillaboom
|-resisted|p1a: Rillaboom
|-damage|p1a: Rillaboom|91/100 par
|
|t:|1760867935
|switch|p2a: Dragonite|Dragonite, F|100/100|[from] Volt Switch
|move|p1a: Rillaboom|Knock Off|p2a: Dragonite
|-damage|p2a: Dragonite|82/100
|-enditem|p2a: Dragonite|Heavy-Duty Boots|[from] move: Knock Off|[of] p1a: Rillaboom
|
|-heal|p1a: Rillaboom|97/100 par|[from] Grassy Terrain
|upkeep
|turn|17
|
|t:|1760867947
|switch|p1a: Incineroar|Incineroar, M|88/100
|-ability|p1a: Incineroar|Intimidate|boost
|-unboost|p2a: Dragonite|atk|1
|move|p2a: Dragonite|Dragon Tail|p1a: Incineroar
|-damage|p1a: Incineroar|67/100
|drag|p1a: Iron Treads|Iron Treads|100/100
|
|upkeep
|turn|18
|
|t:|1760867960
|move|p1a: Iron Treads|Knock Off|p2a: Dragonite
|-damage|p2a: Dragonite|64/100
|move|p2a: Dragonite|Roost|p2a: Dragonite
|-heal|p2a: Dragonite|100/100
|-singleturn|p2a: Dragonite|move: Roost
|
|upkeep
|turn|19
|
|t:|1760867969
|switch|p2a: Rotom|Rotom-Wash, tera:Steel|85/100
|move|p1a: Iron Treads|Knock Off|p2a: Rotom
|-damage|p2a: Rotom|53/100
|-enditem|p2a: Rotom|Leftovers|[from] move: Knock Off|[of] p1a: Iron Treads
|
|upkeep
|turn|20
|
|t:|1760867988
|move|p1a: Iron Treads|Stealth Rock|p2a: Rotom
|-sidestart|p2: popozao|move: Stealth Rock
|move|p2a: Rotom|Volt Switch|p1a: Iron Treads
|-immune|p1a: Iron Treads
|
|upkeep
|turn|21
|
|t:|1760867997
|move|p1a: Iron Treads|Knock Off|p2a: Rotom
|-damage|p2a: Rotom|31/100
|move|p2a: Rotom|Volt Switch|p1a: Iron Treads
|-immune|p1a: Iron Treads
|
|-fieldend|move: Grassy Terrain
|upkeep
|turn|22
|
|t:|1760868009
|move|p1a: Iron Treads|Knock Off|p2a: Rotom
|-damage|p2a: Rotom|8/100
|move|p2a: Rotom|Hydro Pump|p1a: Iron Treads
|-supereffective|p1a: Iron Treads
|-damage|p1a: Iron Treads|0 fnt
|faint|p1a: Iron Treads
|-end|p1a: Iron Treads|Quark Drive|[silent]
|
|upkeep
|
|t:|1760868029
|switch|p1a: Enamorus|Enamorus, F|100/100
|turn|23
|
|t:|1760868035
|move|p1a: Enamorus|Moonblast|p2a: Rotom
|-resisted|p2a: Rotom
|-damage|p2a: Rotom|0 fnt
|faint|p2a: Rotom
|
|upkeep
|
|t:|1760868041
|switch|p2a: Weavile|Weavile, F|100/100
|-damage|p2a: Weavile|76/100|[from] Stealth Rock
|-ability|p2a: Weavile|Pressure
|turn|24
|
|t:|1760868052
|switch|p1a: Incineroar|Incineroar, M|67/100
|-ability|p1a: Incineroar|Intimidate|boost
|-unboost|p2a: Weavile|atk|1
|move|p2a: Weavile|Low Kick|p1a: Incineroar
|-supereffective|p1a: Incineroar
|-damage|p1a: Incineroar|21/100
|
|upkeep
|turn|25
|inactive|Etarnus XD has 120 seconds left.
|-message|popozao forfeited.
|
|win|Etarnus XD
|raw|Etarnus XD's rating: 1289 &rarr; <strong>1311</strong><br />(+22 for winning)
|raw|popozao's rating: 1251 &rarr; <strong>1229</strong><br />(-22 for losing)
|l|☆popozao
|player|p2|
|l|☆Etarnus XD
|player|p1|
