|j|☆Magcla
|j|☆Dark_Havocll
|t:|1760743684
|gametype|singles
|player|p1|Magcla|may-masters2|1462
|player|p2|Dark_Havocll|hiker-gen4|1463
|gen|9
|tier|[Gen 9] OU
|rated|
|rule|HP Percentage Mod: HP is shown in percentages
|rule|Endless Battle Clause: Forcing endless battles is banned
|rule|Species Clause: Limit one of each Pokémon
|rule|OHKO Clause: OHKO moves are banned
|rule|Evasion Items Clause: Evasion items are banned
|rule|Evasion Moves Clause: Evasion moves are banned
|rule|Evasion Abilities Clause: Evasion abilities are banned
|rule|Sleep Moves Clause: Sleep-inducing moves are banned
|clearpoke
|poke|p1|Clefable, M|
|poke|p1|Blaziken, M|
|poke|p1|Comfey, M|
|poke|p1|Gholdengo|
|poke|p1|Great Tusk|
|poke|p1|Weavile, M|
|poke|p2|Dragonite, F|
|poke|p2|Greninja-*, M|
|poke|p2|Great Tusk|
|poke|p2|Kingambit, F|
|poke|p2|Pecharunt|
|poke|p2|Regice|
|teampreview
|
|t:|1760743698
|teamsize|p1|6
|teamsize|p2|6
|start
|switch|p1a: Weavile|Weavile, M|100/100
|switch|p2a: Kingambit|Kingambit, F|100/100
|-ability|p1a: Weavile|Pressure
|turn|1
|
|t:|1760743701
|move|p1a: Weavile|Low Kick|p2a: Kingambit
|-supereffective|p2a: Kingambit
|-damage|p2a: Kingambit|30/100
|move|p2a: Kingambit|Thunder Wave|p1a: Weavile
|-status|p1a: Weavile|par
|
|-heal|p2a: Kingambit|36/100|[from] item: Leftovers
|upkeep
|turn|2
|
|t:|1760743709
|switch|p1a: Great Tusk|Great Tusk|100/100
|-enditem|p1a: Great Tusk|Booster Energy
|-activate|p1a: Great Tusk|ability: Protosynthesis|[fromitem]
|-start|p1a: Great Tusk|protosynthesisatk
|move|p2a: Kingambit|Stealth Rock|p1a: Great Tusk
|-sidestart|p1: Magcla|move: Stealth Rock
|
|-heal|p2a: Kingambit|43/100|[from] item: Leftovers
|upkeep
|turn|3
|
|t:|1760743715
|-end|p2a: Kingambit|fallenundefined|[silent]
|switch|p2a: Pecharunt|Pecharunt|100/100
|move|p1a: Great Tusk|Rapid Spin|p2a: Pecharunt
|-immune|p2a: Pecharunt
|
|upkeep
|turn|4
|
|t:|1760743719
|move|p2a: Pecharunt|Malignant Chain|p1a: Great Tusk
|-resisted|p1a: Great Tusk
|-damage|p1a: Great Tusk|77/100
|move|p1a: Great Tusk|Headlong Rush|p2a: Pecharunt
|-supereffective|p2a: Pecharunt
|-damage|p2a: Pecharunt|12/100
|-unboost|p1a: Great Tusk|def|1
|-unboost|p1a: Great Tusk|spd|1
|
|upkeep
|turn|5
|
|t:|1760743725
|move|p2a: Pecharunt|Malignant Chain|p1a: Great Tusk
|-resisted|p1a: Great Tusk
|-damage|p1a: Great Tusk|42/100
|move|p1a: Great Tusk|Knock Off|p2a: Pecharunt
|-supereffective|p2a: Pecharunt
|-damage|p2a: Pecharunt|0 fnt
|-enditem|p2a: Pecharunt|Heavy-Duty Boots|[from] move: Knock Off|[of] p1a: Great Tusk
|faint|p2a: Pecharunt
|
|upkeep
|
|t:|1760743732
|switch|p2a: Greninja|Greninja, M|100/100
|turn|6
|
|t:|1760743741
|move|p2a: Greninja|Surf|p1a: Great Tusk
|-start|p2a: Greninja|typechange|Water|[from] ability: Protean
|-supereffective|p1a: Great Tusk
|-damage|p1a: Great Tusk|0 fnt
|faint|p1a: Great Tusk
|-end|p1a: Great Tusk|Protosynthesis|[silent]
|
|upkeep
|
|t:|1760743747
|switch|p1a: Weavile|Weavile, M|100/100 par
|-ability|p1a: Weavile|Pressure
|turn|7
|
|t:|1760743750
|move|p2a: Greninja|Low Kick|p1a: Weavile
|-supereffective|p1a: Weavile
|-damage|p1a: Weavile|0 fnt
|faint|p1a: Weavile
|
|upkeep
|
|t:|1760743762
|switch|p1a: Clefable|Clefable, M|100/100
|turn|8
|
|t:|1760743768
|switch|p2a: Kingambit|Kingambit, F|43/100
|-activate|p2a: Kingambit|ability: Supreme Overlord
|-start|p2a: Kingambit|fallen1|[silent]
|move|p1a: Clefable|Reflect|p1a: Clefable
|-sidestart|p1: Magcla|Reflect
|
|-heal|p2a: Kingambit|49/100|[from] item: Leftovers
|upkeep
|turn|9
|
|t:|1760743771
|move|p1a: Clefable|Light Screen|p1a: Clefable
|-sidestart|p1: Magcla|move: Light Screen
|move|p2a: Kingambit|Thunder Wave|p1a: Clefable
|-status|p1a: Clefable|par
|
|-heal|p2a: Kingambit|55/100|[from] item: Leftovers
|upkeep
|turn|10
|
|t:|1760743776
|-end|p2a: Kingambit|fallen1|[silent]
|switch|p2a: Regice|Regice|100/100
|move|p1a: Clefable|Knock Off|p2a: Regice
|-damage|p2a: Regice|86/100
|-enditem|p2a: Regice|Heavy-Duty Boots|[from] move: Knock Off|[of] p1a: Clefable
|
|upkeep
|turn|11
|
|t:|1760743780
|switch|p1a: Gholdengo|Gholdengo|100/100
|-damage|p1a: Gholdengo|94/100|[from] Stealth Rock
|move|p2a: Regice|Ice Beam|p1a: Gholdengo
|-resisted|p1a: Gholdengo
|-damage|p1a: Gholdengo|86/100
|
|upkeep
|turn|12
|
|t:|1760743783
|move|p1a: Gholdengo|Trick|p2a: Regice
|-activate|p1a: Gholdengo|move: Trick|[of] p2a: Regice
|-item|p2a: Regice|Choice Scarf|[from] move: Trick
|-enditem|p1a: Gholdengo|Choice Scarf|[silent]|[from] move: Trick
|move|p2a: Regice|Icy Wind|p1a: Gholdengo
|-resisted|p1a: Gholdengo
|-damage|p1a: Gholdengo|80/100
|-unboost|p1a: Gholdengo|spe|1
|
|upkeep
|turn|13
|
|t:|1760743791
|move|p2a: Regice|Icy Wind|p1a: Gholdengo
|-resisted|p1a: Gholdengo
|-damage|p1a: Gholdengo|75/100
|-unboost|p1a: Gholdengo|spe|1
|move|p1a: Gholdengo|Nasty Plot|p1a: Gholdengo
|-boost|p1a: Gholdengo|spa|2
|
|upkeep
|turn|14
|
|t:|1760743794
|move|p2a: Regice|Icy Wind|p1a: Gholdengo|[miss]
|-miss|p2a: Regice|p1a: Gholdengo
|move|p1a: Gholdengo|Make It Rain|p2a: Regice
|-supereffective|p2a: Regice
|-damage|p2a: Regice|0 fnt
|-unboost|p1a: Gholdengo|spa|1
|faint|p2a: Regice
|
|upkeep
|
|t:|1760743798
|switch|p2a: Kingambit|Kingambit, F|55/100
|-activate|p2a: Kingambit|ability: Supreme Overlord
|-start|p2a: Kingambit|fallen2|[silent]
|turn|15
|
|t:|1760743804
|move|p1a: Gholdengo|Trick|p2a: Kingambit
|-activate|p1a: Gholdengo|move: Trick|[of] p2a: Kingambit
|-enditem|p2a: Kingambit|Leftovers|[silent]|[from] move: Trick
|-item|p1a: Gholdengo|Leftovers|[from] move: Trick
|move|p2a: Kingambit|Kowtow Cleave|p1a: Gholdengo
|-supereffective|p1a: Gholdengo
|-damage|p1a: Gholdengo|20/100
|
|-heal|p1a: Gholdengo|26/100|[from] item: Leftovers
|-sideend|p1: Magcla|Reflect
|upkeep
|turn|16
|
|t:|1760743815
|move|p1a: Gholdengo|Make It Rain|p2a: Kingambit
|-resisted|p2a: Kingambit
|-damage|p2a: Kingambit|8/100
|-unboost|p1a: Gholdengo|spa|1
|move|p2a: Kingambit|Kowtow Cleave|p1a: Gholdengo
|-supereffective|p1a: Gholdengo
|-damage|p1a: Gholdengo|0 fnt
|faint|p1a: Gholdengo
|
|-sideend|p1: Magcla|move: Light Screen
|upkeep
|
|t:|1760743822
|switch|p1a: Comfey|Comfey, M|100/100
|-damage|p1a: Comfey|88/100|[from] Stealth Rock
|turn|17
|
|t:|1760743830
|move|p1a: Comfey|Draining Kiss|p2a: Kingambit
|-damage|p2a: Kingambit|0 fnt
|-heal|p1a: Comfey|96/100|[from] drain|[of] p2a: Kingambit
|faint|p2a: Kingambit
|-end|p2a: Kingambit|fallen2|[silent]
|-damage|p1a: Comfey|86/100|[from] item: Life Orb
|
|upkeep
|
|t:|1760743832
|switch|p2a: Greninja|Greninja, M|100/100
|turn|18
|
|t:|1760743834
|switch|p1a: Clefable|Clefable, M|100/100 par
|move|p2a: Greninja|Gunk Shot|p1a: Clefable
|-start|p2a: Greninja|typechange|Poison|[from] ability: Protean
|-supereffective|p1a: Clefable
|-damage|p1a: Clefable|0 fnt
|faint|p1a: Clefable
|
|upkeep
|
|t:|1760743844
|switch|p1a: Comfey|Comfey, M|86/100
|-damage|p1a: Comfey|73/100|[from] Stealth Rock
|turn|19
|
|t:|1760743847
|-terastallize|p1a: Comfey|Ground
|move|p2a: Greninja|Surf|p1a: Comfey
|-supereffective|p1a: Comfey
|-damage|p1a: Comfey|12/100
|move|p1a: Comfey|Calm Mind|p1a: Comfey
|-boost|p1a: Comfey|spa|1
|-boost|p1a: Comfey|spd|1
|
|upkeep
|turn|20
|
|t:|1760743852
|move|p2a: Greninja|Surf|p1a: Comfey
|-supereffective|p1a: Comfey
|-damage|p1a: Comfey|0 fnt
|faint|p1a: Comfey
|
|upkeep
|-message|Magcla forfeited.
|
|win|Dark_Havocll
|raw|Magcla's rating: 1462 &rarr; <strong>1442</strong><br />(-20 for losing)
|raw|Dark_Havocll's rating: 1463 &rarr; <strong>1483</strong><br />(+20 for winning)
|l|☆Magcla
|player|p1|
|l|☆Dark_Havocll
|player|p2|
