|j|☆Swankentora
|j|‽ItsMrstealyourrank
|t:|1760831244
|gametype|singles
|player|p1|Swankentora|n|1639
|player|p2|ItsMrstealyourrank|brawly|1657
|gen|9
|tier|[Gen 9] OU
|rated|
|rule|HP Percentage Mod: HP is shown in percentages
|rule|Endless Battle Clause: Forcing endless battles is banned
|rule|Species Clause: Limit one of each Pokémon
|rule|OHKO Clause: OHKO moves are banned
|rule|Evasion Items Clause: Evasion items are banned
|rule|Evasion Moves Clause: Evasion moves are banned
|rule|Evasion Abilities Clause: Evasion abilities are banned
|rule|Sleep Moves Clause: Sleep-inducing moves are banned
|clearpoke
|poke|p1|Entei|
|poke|p1|Ting-Lu|
|poke|p1|Zamazenta-*|
|poke|p1|Gholdengo|
|poke|p1|Walking Wake|
|poke|p1|Skarmory, F|
|poke|p2|Ninetales-Alola, M|
|poke|p2|Klefki, F|
|poke|p2|Maushold-Four|
|poke|p2|Latias, F|
|poke|p2|Kyurem|
|poke|p2|Thundurus-Therian, M|
|teampreview
|inactive|Battle timer is ON: inactive players will automatically lose when time's up. (requested by ItsMrstealyourrank)
|
|t:|1760831249
|teamsize|p1|6
|teamsize|p2|6
|start
|switch|p1a: Zamazenta|Zamazenta|100/100
|switch|p2a: Ninetales|Ninetales-Alola, M|100/100
|-ability|p1a: Zamazenta|Dauntless Shield|boost
|-boost|p1a: Zamazenta|def|1
|-weather|Snowscape|[from] ability: Snow Warning|[of] p2a: Ninetales
|turn|1
|
|t:|1760831252
|switch|p2a: Klefki|Klefki, F|100/100
|move|p1a: Zamazenta|Heavy Slam|p2a: Klefki
|-damage|p2a: Klefki|62/100
|
|-weather|Snowscape|[upkeep]
|upkeep
|turn|2
|
|t:|1760831255
|move|p2a: Klefki|Reflect|p2a: Klefki
|-sidestart|p2: ItsMrstealyourrank|Reflect
|move|p1a: Zamazenta|Roar|p2a: Klefki
|drag|p2a: Thundurus|Thundurus-Therian, M|100/100
|
|-weather|Snowscape|[upkeep]
|upkeep
|turn|3
|
|t:|1760831260
|switch|p1a: Ting-Lu|Ting-Lu|100/100
|-ability|p1a: Ting-Lu|Vessel of Ruin
|move|p2a: Thundurus|Discharge|p1a: Ting-Lu
|-immune|p1a: Ting-Lu
|
|-weather|Snowscape|[upkeep]
|upkeep
|turn|4
|
|t:|1760831264
|switch|p2a: Maushold|Maushold-Four|100/100
|move|p1a: Ting-Lu|Stealth Rock|p2a: Maushold
|-sidestart|p2: ItsMrstealyourrank|move: Stealth Rock
|
|-weather|Snowscape|[upkeep]
|upkeep
|turn|5
|
|t:|1760831271
|move|p2a: Maushold|Tidy Up|p2a: Maushold
|-sideend|p2: ItsMrstealyourrank|Stealth Rock
|-activate|p2a: Maushold|move: Tidy Up
|-boost|p2a: Maushold|atk|1
|-boost|p2a: Maushold|spe|1
|move|p1a: Ting-Lu|Ruination|p2a: Maushold
|-damage|p2a: Maushold|51/100
|
|-weather|none
|upkeep
|turn|6
|
|t:|1760831282
|switch|p2a: Ninetales|Ninetales-Alola, M|100/100
|-weather|Snowscape|[from] ability: Snow Warning|[of] p2a: Ninetales
|move|p1a: Ting-Lu|Earthquake|p2a: Ninetales
|-damage|p2a: Ninetales|87/100
|
|-weather|Snowscape|[upkeep]
|upkeep
|turn|7
|
|t:|1760831294
|move|p2a: Ninetales|Encore|p1a: Ting-Lu
|-start|p1a: Ting-Lu|Encore
|move|p1a: Ting-Lu|Earthquake|p2a: Ninetales
|-damage|p2a: Ninetales|71/100
|
|-weather|Snowscape|[upkeep]
|upkeep
|turn|8
|
|t:|1760831298
|switch|p1a: Gholdengo|Gholdengo|100/100
|move|p2a: Ninetales|Aurora Veil|p2a: Ninetales
|-sidestart|p2: ItsMrstealyourrank|move: Aurora Veil
|
|-weather|Snowscape|[upkeep]
|upkeep
|turn|9
|
|t:|1760831307
|switch|p2a: Maushold|Maushold-Four|51/100
|move|p1a: Gholdengo|Make It Rain|p2a: Maushold
|-damage|p2a: Maushold|5/100
|-unboost|p1a: Gholdengo|spa|1
|
|-weather|Snowscape|[upkeep]
|-sideend|p2: ItsMrstealyourrank|Reflect
|upkeep
|turn|10
|
|t:|1760831311
|move|p1a: Gholdengo|Make It Rain|p2a: Maushold
|-damage|p2a: Maushold|0 fnt
|-unboost|p1a: Gholdengo|spa|1
|faint|p2a: Maushold
|
|-weather|none
|upkeep
|
|t:|1760831312
|switch|p2a: Thundurus|Thundurus-Therian, M|100/100
|turn|11
|
|t:|1760831315
|switch|p1a: Ting-Lu|Ting-Lu|100/100
|-ability|p1a: Ting-Lu|Vessel of Ruin
|move|p2a: Thundurus|Nasty Plot|p2a: Thundurus
|-boost|p2a: Thundurus|spa|2
|
|upkeep
|turn|12
|
|t:|1760831320
|-terastallize|p2a: Thundurus|Ice
|move|p2a: Thundurus|Tera Blast|p1a: Ting-Lu|[anim] Tera Blast Ice
|-supereffective|p1a: Ting-Lu
|-damage|p1a: Ting-Lu|16/100
|move|p1a: Ting-Lu|Ruination|p2a: Thundurus
|-damage|p2a: Thundurus|51/100
|
|upkeep
|turn|13
|-enditem|p1a: Ting-Lu|Custap Berry|[eat]
|-activate|p1a: Ting-Lu|item: Custap Berry|[consumed]
|
|t:|1760831330
|-terastallize|p1a: Ting-Lu|Steel
|move|p1a: Ting-Lu|Heavy Slam|p2a: Thundurus
|-supereffective|p2a: Thundurus
|-damage|p2a: Thundurus|0 fnt
|faint|p2a: Thundurus
|
|upkeep
|
|t:|1760831336
|switch|p2a: Latias|Latias, F|100/100
|turn|14
|
|t:|1760831339
|move|p2a: Latias|Aura Sphere|p1a: Ting-Lu
|-supereffective|p1a: Ting-Lu
|-damage|p1a: Ting-Lu|0 fnt
|faint|p1a: Ting-Lu
|
|upkeep
|
|t:|1760831344
|switch|p1a: Gholdengo|Gholdengo|100/100
|turn|15
|
|t:|1760831347
|switch|p2a: Klefki|Klefki, F|62/100
|move|p1a: Gholdengo|Trick|p2a: Klefki
|-activate|p1a: Gholdengo|move: Trick|[of] p2a: Klefki
|-item|p2a: Klefki|Choice Scarf|[from] move: Trick
|-item|p1a: Gholdengo|Light Clay|[from] move: Trick
|
|-sideend|p2: ItsMrstealyourrank|move: Aurora Veil
|upkeep
|turn|16
|
|t:|1760831352
|move|p2a: Klefki|Light Screen|p2a: Klefki
|-sidestart|p2: ItsMrstealyourrank|move: Light Screen
|move|p1a: Gholdengo|Make It Rain|p2a: Klefki
|-damage|p2a: Klefki|26/100
|-unboost|p1a: Gholdengo|spa|1
|
|upkeep
|turn|17
|
|t:|1760831359
|switch|p2a: Ninetales|Ninetales-Alola, M|71/100
|-weather|Snowscape|[from] ability: Snow Warning|[of] p2a: Ninetales
|move|p1a: Gholdengo|Make It Rain|p2a: Ninetales
|-supereffective|p2a: Ninetales
|-damage|p2a: Ninetales|0 fnt
|-unboost|p1a: Gholdengo|spa|1
|faint|p2a: Ninetales
|
|-weather|Snowscape|[upkeep]
|upkeep
|
|t:|1760831361
|switch|p2a: Latias|Latias, F|100/100
|turn|18
|
|t:|1760831364
|move|p1a: Gholdengo|Trick|p2a: Latias
|-activate|p1a: Gholdengo|move: Trick|[of] p2a: Latias
|-item|p2a: Latias|Light Clay|[from] move: Trick
|-item|p1a: Gholdengo|Weakness Policy|[from] move: Trick
|move|p2a: Latias|Agility|p2a: Latias
|-boost|p2a: Latias|spe|2
|
|-weather|Snowscape|[upkeep]
|upkeep
|turn|19
|
|t:|1760831375
|switch|p1a: Skarmory|Skarmory, F|100/100
|move|p2a: Latias|Calm Mind|p2a: Latias
|-boost|p2a: Latias|spa|1
|-boost|p2a: Latias|spd|1
|
|-weather|Snowscape|[upkeep]
|upkeep
|turn|20
|
|t:|1760831379
|move|p2a: Latias|Aura Sphere|p1a: Skarmory
|-damage|p1a: Skarmory|48/100
|move|p1a: Skarmory|Whirlwind|p2a: Latias
|drag|p2a: Kyurem|Kyurem, shiny|100/100
|-ability|p2a: Kyurem|Pressure
|
|-weather|Snowscape|[upkeep]
|-sideend|p2: ItsMrstealyourrank|move: Light Screen
|upkeep
|turn|21
|
|t:|1760831383
|move|p2a: Kyurem|Dragon Dance|p2a: Kyurem
|-boost|p2a: Kyurem|atk|1
|-boost|p2a: Kyurem|spe|1
|move|p1a: Skarmory|Roost|p1a: Skarmory
|-heal|p1a: Skarmory|98/100
|-singleturn|p1a: Skarmory|move: Roost
|
|-weather|none
|upkeep
|turn|22
|
|t:|1760831386
|move|p2a: Kyurem|Icicle Spear|p1a: Skarmory
|-damage|p1a: Skarmory|86/100
|-damage|p1a: Skarmory|74/100
|-damage|p1a: Skarmory|62/100
|-damage|p1a: Skarmory|49/100
|-damage|p1a: Skarmory|38/100
|-hitcount|p1a: Skarmory|5
|move|p1a: Skarmory|Brave Bird|p2a: Kyurem
|-damage|p2a: Kyurem|69/100
|-damage|p1a: Skarmory|25/100|[from] Recoil
|
|upkeep
|turn|23
|
|t:|1760831390
|move|p2a: Kyurem|Icicle Spear|p1a: Skarmory
|-damage|p1a: Skarmory|11/100
|-damage|p1a: Skarmory|0 fnt
|faint|p1a: Skarmory
|-hitcount|p1: Skarmory|2
|
|upkeep
|
|t:|1760831392
|switch|p1a: Gholdengo|Gholdengo|100/100
|turn|24
|
|t:|1760831396
|move|p2a: Kyurem|Icicle Spear|p1a: Gholdengo
|-resisted|p1a: Gholdengo
|-damage|p1a: Gholdengo|89/100
|-resisted|p1a: Gholdengo
|-damage|p1a: Gholdengo|78/100
|-resisted|p1a: Gholdengo
|-damage|p1a: Gholdengo|65/100
|-resisted|p1a: Gholdengo
|-damage|p1a: Gholdengo|53/100
|-resisted|p1a: Gholdengo
|-damage|p1a: Gholdengo|41/100
|-hitcount|p1a: Gholdengo|5
|move|p1a: Gholdengo|Make It Rain|p2a: Kyurem
|-supereffective|p2a: Kyurem
|-damage|p2a: Kyurem|0 fnt
|-unboost|p1a: Gholdengo|spa|1
|faint|p2a: Kyurem
|
|upkeep
|
|t:|1760831402
|switch|p2a: Klefki|Klefki, F|26/100
|turn|25
|
|t:|1760831406
|move|p2a: Klefki|Light Screen|p2a: Klefki
|-sidestart|p2: ItsMrstealyourrank|move: Light Screen
|move|p1a: Gholdengo|Make It Rain|p2a: Klefki
|-damage|p2a: Klefki|3/100
|-unboost|p1a: Gholdengo|spa|1
|
|upkeep
|turn|26
|
|t:|1760831410
|move|p2a: Klefki|Light Screen||[still]
|-fail|p2a: Klefki
|move|p1a: Gholdengo|Recover|p1a: Gholdengo
|-heal|p1a: Gholdengo|92/100
|
|upkeep
|turn|27
|
|t:|1760831412
|move|p2a: Klefki|Light Screen||[still]
|-fail|p2a: Klefki
|move|p1a: Gholdengo|Make It Rain|p2a: Klefki
|-damage|p2a: Klefki|0 fnt
|-unboost|p1a: Gholdengo|spa|1
|faint|p2a: Klefki
|
|upkeep
|
|t:|1760831413
|switch|p2a: Latias|Latias, F|100/100
|turn|28
|
|t:|1760831421
|switch|p1a: Zamazenta|Zamazenta|100/100
|move|p2a: Latias|Agility|p2a: Latias
|-boost|p2a: Latias|spe|2
|
|upkeep
|turn|29
|
|t:|1760831426
|move|p2a: Latias|Calm Mind|p2a: Latias
|-boost|p2a: Latias|spa|1
|-boost|p2a: Latias|spd|1
|move|p1a: Zamazenta|Crunch|p2a: Latias
|-supereffective|p2a: Latias
|-damage|p2a: Latias|51/100
|
|-sideend|p2: ItsMrstealyourrank|move: Light Screen
|upkeep
|turn|30
|
|t:|1760831431
|move|p2a: Latias|Stored Power|p1a: Zamazenta
|-supereffective|p1a: Zamazenta
|-damage|p1a: Zamazenta|0 fnt
|faint|p1a: Zamazenta
|
|upkeep
|
|t:|1760831436
|switch|p1a: Gholdengo|Gholdengo|92/100
|turn|31
|
|t:|1760831439
|move|p2a: Latias|Calm Mind|p2a: Latias
|-boost|p2a: Latias|spa|1
|-boost|p2a: Latias|spd|1
|move|p1a: Gholdengo|Shadow Ball|p2a: Latias
|-supereffective|p2a: Latias
|-damage|p2a: Latias|14/100
|
|upkeep
|turn|32
|
|t:|1760831442
|move|p2a: Latias|Stored Power|p1a: Gholdengo
|-resisted|p1a: Gholdengo
|-damage|p1a: Gholdengo|13/100
|move|p1a: Gholdengo|Shadow Ball|p2a: Latias
|-supereffective|p2a: Latias
|-damage|p2a: Latias|0 fnt
|faint|p2a: Latias
|
|win|Swankentora
|raw|Swankentora's rating: 1639 &rarr; <strong>1660</strong><br />(+21 for winning)
|raw|ItsMrstealyourrank's rating: 1657 &rarr; <strong>1636</strong><br />(-21 for losing)
|l|‽ItsMrstealyourrank
|player|p2|
