|j|☆1000s main
|j|☆Moreiny
|t:|1760876922
|gametype|singles
|player|p1|1000s main|veteran|1638
|player|p2|Moreiny|1|1611
|gen|9
|tier|[Gen 9] OU
|rated|
|rule|HP Percentage Mod: HP is shown in percentages
|rule|Endless Battle Clause: Forcing endless battles is banned
|rule|Species Clause: Limit one of each Pokémon
|rule|OHKO Clause: OHKO moves are banned
|rule|Evasion Items Clause: Evasion items are banned
|rule|Evasion Moves Clause: Evasion moves are banned
|rule|Evasion Abilities Clause: Evasion abilities are banned
|rule|Sleep Moves Clause: Sleep-inducing moves are banned
|clearpoke
|poke|p1|Fezandipiti, M|
|poke|p1|Raging Bolt|
|poke|p1|Landorus-Therian, M|
|poke|p1|Tauros-Paldea-Aqua, M|
|poke|p1|Darkrai|
|poke|p1|Scizor, F|
|poke|p2|Indeedee, M|
|poke|p2|Great Tusk|
|poke|p2|Iron Crown|
|poke|p2|Polteageist|
|poke|p2|Hawlucha, M|
|poke|p2|Deoxys-Speed|
|teampreview
|j| Yhvggg VGC
|l| Yhvggg VGC
|c|☆1000s main|glhf
|inactive|Battle timer is ON: inactive players will automatically lose when time's up. (requested by Moreiny)
|
|t:|1760876933
|teamsize|p1|6
|teamsize|p2|6
|start
|switch|p1a: Scizor|Scizor, F|100/100
|switch|p2a: Iron Crown|Iron Crown|100/100
|turn|1
|j| arceusextremkiller
|
|t:|1760876940
|move|p2a: Iron Crown|Volt Switch|p1a: Scizor
|-crit|p1a: Scizor
|-damage|p1a: Scizor|36/100
|
|t:|1760876944
|-end|p2a: Iron Crown|Quark Drive|[silent]
|switch|p2a: Great Tusk|Great Tusk|100/100|[from] Volt Switch
|move|p1a: Scizor|U-turn|p2a: Great Tusk
|-resisted|p2a: Great Tusk
|-damage|p2a: Great Tusk|86/100
|-damage|p1a: Scizor|19/100|[from] item: Rocky Helmet|[of] p2a: Great Tusk
|
|t:|1760876946
|switch|p1a: Tauros|Tauros-Paldea-Aqua, M|100/100|[from] U-turn
|-ability|p1a: Tauros|Intimidate|boost
|-unboost|p2a: Great Tusk|atk|1
|
|upkeep
|turn|2
|
|t:|1760876955
|move|p1a: Tauros|Wave Crash|p2a: Great Tusk
|-supereffective|p2a: Great Tusk
|-crit|p2a: Great Tusk
|-damage|p2a: Great Tusk|3/100
|-damage|p1a: Tauros|84/100|[from] item: Rocky Helmet|[of] p2a: Great Tusk
|-damage|p1a: Tauros|43/100|[from] Recoil
|move|p2a: Great Tusk|Stealth Rock|p1a: Tauros
|-sidestart|p1: 1000s main|move: Stealth Rock
|
|upkeep
|turn|3
|
|t:|1760876966
|move|p1a: Tauros|Wave Crash|p2a: Great Tusk
|-supereffective|p2a: Great Tusk
|-damage|p2a: Great Tusk|0 fnt
|-damage|p1a: Tauros|27/100|[from] item: Rocky Helmet|[of] p2a: Great Tusk
|faint|p2a: Great Tusk
|-end|p2a: Great Tusk|Protosynthesis|[silent]
|-damage|p1a: Tauros|25/100|[from] Recoil
|
|upkeep
|
|t:|1760876970
|switch|p2a: Deoxys|Deoxys-Speed|100/100
|-ability|p2a: Deoxys|Pressure
|turn|4
|
|t:|1760876975
|move|p2a: Deoxys|Expanding Force|p1a: Tauros
|-supereffective|p1a: Tauros
|-damage|p1a: Tauros|0 fnt
|faint|p1a: Tauros
|
|upkeep
|
|t:|1760876976
|switch|p1a: Darkrai|Darkrai|100/100
|-damage|p1a: Darkrai|88/100|[from] Stealth Rock
|turn|5
|
|t:|1760876982
|move|p1a: Darkrai|Dark Pulse|p2a: Deoxys
|-supereffective|p2a: Deoxys
|-damage|p2a: Deoxys|0 fnt
|faint|p2a: Deoxys
|
|upkeep
|
|t:|1760876985
|switch|p2a: Indeedee|Indeedee, M|100/100
|-fieldstart|move: Psychic Terrain|[from] ability: Psychic Surge|[of] p2a: Indeedee
|turn|6
|
|t:|1760876991
|switch|p1a: Scizor|Scizor, F|19/100
|-damage|p1a: Scizor|7/100|[from] Stealth Rock
|switch|p2a: Hawlucha|Hawlucha, M|100/100
|-enditem|p2a: Hawlucha|Psychic Seed
|-boost|p2a: Hawlucha|spd|1|[from] item: Psychic Seed
|
|upkeep
|turn|7
|
|t:|1760876997
|move|p2a: Hawlucha|Acrobatics|p1a: Scizor
|-damage|p1a: Scizor|0 fnt
|faint|p1a: Scizor
|
|upkeep
|
|t:|1760876999
|switch|p1a: Fezandipiti|Fezandipiti, M|100/100
|turn|8
|
|t:|1760877005
|-terastallize|p2a: Hawlucha|Steel
|move|p2a: Hawlucha|Swords Dance|p2a: Hawlucha
|-boost|p2a: Hawlucha|atk|2
|move|p1a: Fezandipiti|Play Rough|p2a: Hawlucha|[miss]
|-miss|p1a: Fezandipiti|p2a: Hawlucha
|
|upkeep
|turn|9
|
|t:|1760877011
|move|p2a: Hawlucha|Acrobatics|p1a: Fezandipiti
|-damage|p1a: Fezandipiti|1/100
|move|p1a: Fezandipiti|Taunt|p2a: Hawlucha
|-start|p2a: Hawlucha|move: Taunt
|
|upkeep
|turn|10
|
|t:|1760877015
|move|p2a: Hawlucha|Acrobatics|p1a: Fezandipiti
|-damage|p1a: Fezandipiti|0 fnt
|faint|p1a: Fezandipiti
|
|upkeep
|
|t:|1760877016
|switch|p1a: Landorus|Landorus-Therian, M|100/100
|-damage|p1a: Landorus|88/100|[from] Stealth Rock
|-ability|p1a: Landorus|Intimidate|boost
|-unboost|p2a: Hawlucha|atk|1
|turn|11
|
|t:|1760877018
|move|p2a: Hawlucha|Acrobatics|p1a: Landorus
|-damage|p1a: Landorus|14/100
|-damage|p2a: Hawlucha|84/100|[from] item: Rocky Helmet|[of] p1a: Landorus
|move|p1a: Landorus|Earth Power|p2a: Hawlucha
|-supereffective|p2a: Hawlucha
|-damage|p2a: Hawlucha|22/100
|
|upkeep
|turn|12
|
|t:|1760877022
|move|p2a: Hawlucha|Acrobatics|p1a: Landorus
|-damage|p1a: Landorus|0 fnt
|-damage|p2a: Hawlucha|5/100|[from] item: Rocky Helmet|[of] p1a: Landorus
|faint|p1a: Landorus
|
|-end|p2a: Hawlucha|move: Taunt
|upkeep
|
|t:|1760877033
|switch|p1a: Darkrai|Darkrai|88/100
|-damage|p1a: Darkrai|76/100|[from] Stealth Rock
|turn|13
|
|t:|1760877035
|move|p2a: Hawlucha|Close Combat|p1a: Darkrai
|-supereffective|p1a: Darkrai
|-damage|p1a: Darkrai|0 fnt
|-unboost|p2a: Hawlucha|def|1
|-unboost|p2a: Hawlucha|spd|1
|faint|p1a: Darkrai
|
|-fieldend|move: Psychic Terrain
|upkeep
|
|t:|1760877037
|switch|p1a: Raging Bolt|Raging Bolt|100/100
|-damage|p1a: Raging Bolt|88/100|[from] Stealth Rock
|-enditem|p1a: Raging Bolt|Booster Energy
|-activate|p1a: Raging Bolt|ability: Protosynthesis|[fromitem]
|-start|p1a: Raging Bolt|protosynthesisspa
|turn|14
|
|t:|1760877040
|move|p2a: Hawlucha|Close Combat|p1a: Raging Bolt
|-damage|p1a: Raging Bolt|17/100
|-unboost|p2a: Hawlucha|def|1
|-unboost|p2a: Hawlucha|spd|1
|move|p1a: Raging Bolt|Calm Mind|p1a: Raging Bolt
|-boost|p1a: Raging Bolt|spa|1
|-boost|p1a: Raging Bolt|spd|1
|
|upkeep
|turn|15
|
|t:|1760877044
|move|p1a: Raging Bolt|Thunderclap||[still]
|-fail|p1a: Raging Bolt
|move|p2a: Hawlucha|Encore|p1a: Raging Bolt
|-start|p1a: Raging Bolt|Encore
|
|upkeep
|turn|16
|-message|1000s main forfeited.
|
|win|Moreiny
|raw|1000s main's rating: 1638 &rarr; <strong>1616</strong><br />(-22 for losing)
|raw|Moreiny's rating: 1611 &rarr; <strong>1633</strong><br />(+22 for winning)
|l|☆1000s main
|player|p1|
|l|☆Moreiny
|player|p2|
|l| arceusextremkiller
