|j|☆dustyfungus
|j|☆Torblerone
|t:|1760766305
|gametype|singles
|player|p1|dustyfungus|firebreather|1181
|player|p2|Torblerone|266|1109
|gen|9
|tier|[Gen 9] OU
|rated|
|rule|HP Percentage Mod: HP is shown in percentages
|rule|Endless Battle Clause: Forcing endless battles is banned
|rule|Species Clause: Limit one of each Pokémon
|rule|OHKO Clause: OHKO moves are banned
|rule|Evasion Items Clause: Evasion items are banned
|rule|Evasion Moves Clause: Evasion moves are banned
|rule|Evasion Abilities Clause: Evasion abilities are banned
|rule|Sleep Moves Clause: Sleep-inducing moves are banned
|clearpoke
|poke|p1|Polteageist|
|poke|p1|Maushold-Four|
|poke|p1|Wo-Chien|
|poke|p1|Garganacl, M|
|poke|p1|Ditto|
|poke|p1|Pawmot, M|
|poke|p2|Garganacl, M|
|poke|p2|Hatterene, F|
|poke|p2|Gliscor, M|
|poke|p2|Muk-Alola, F|
|poke|p2|Enamorus, F|
|poke|p2|Iron Crown|
|teampreview
|inactive|Battle timer is ON: inactive players will automatically lose when time's up. (requested by Torblerone)
|
|t:|1760766329
|teamsize|p1|6
|teamsize|p2|6
|start
|switch|p1a: Polteageist|Polteageist|100/100
|switch|p2a: Muk|Muk-Alola, F|100/100
|turn|1
|
|t:|1760766340
|move|p1a: Polteageist|Shell Smash|p1a: Polteageist
|-unboost|p1a: Polteageist|def|1
|-unboost|p1a: Polteageist|spd|1
|-boost|p1a: Polteageist|atk|2
|-boost|p1a: Polteageist|spa|2
|-boost|p1a: Polteageist|spe|2
|move|p2a: Muk|Knock Off|p1a: Polteageist
|-supereffective|p1a: Polteageist
|-enditem|p1a: Polteageist|Focus Sash
|-damage|p1a: Polteageist|1/100
|-ability|p1a: Polteageist|Weak Armor|boost
|-unboost|p1a: Polteageist|def|1
|-boost|p1a: Polteageist|spe|2
|
|upkeep
|turn|2
|
|t:|1760766353
|-terastallize|p1a: Polteageist|Bug
|move|p1a: Polteageist|Tera Blast|p2a: Muk|[anim] Tera Blast Bug
|-damage|p2a: Muk|66/100
|move|p2a: Muk|Knock Off|p1a: Polteageist
|-damage|p1a: Polteageist|0 fnt
|faint|p1a: Polteageist
|
|upkeep
|
|t:|1760766367
|switch|p1a: Maushold|Maushold-Four|100/100
|turn|3
|
|t:|1760766372
|move|p1a: Maushold|Population Bomb|p2a: Muk
|-damage|p2a: Muk|48/100
|-damage|p2a: Muk|31/100
|-damage|p2a: Muk|12/100
|-damage|p2a: Muk|0 fnt
|faint|p2a: Muk
|-hitcount|p2: Muk|4
|
|upkeep
|
|t:|1760766381
|switch|p2a: Garganacl|Garganacl, M|100/100
|turn|4
|
|t:|1760766386
|move|p1a: Maushold|Population Bomb|p2a: Garganacl
|-resisted|p2a: Garganacl
|-damage|p2a: Garganacl|95/100
|-resisted|p2a: Garganacl
|-damage|p2a: Garganacl|89/100
|-resisted|p2a: Garganacl
|-damage|p2a: Garganacl|83/100
|-hitcount|p2a: Garganacl|3
|move|p2a: Garganacl|Curse|p2a: Garganacl
|-unboost|p2a: Garganacl|spe|1
|-boost|p2a: Garganacl|atk|1
|-boost|p2a: Garganacl|def|1
|
|-heal|p2a: Garganacl|90/100|[from] item: Leftovers
|upkeep
|turn|5
|
|t:|1760766399
|move|p1a: Maushold|Population Bomb|p2a: Garganacl
|-resisted|p2a: Garganacl
|-crit|p2a: Garganacl
|-damage|p2a: Garganacl|81/100
|-resisted|p2a: Garganacl
|-damage|p2a: Garganacl|77/100
|-resisted|p2a: Garganacl
|-damage|p2a: Garganacl|74/100
|-resisted|p2a: Garganacl
|-damage|p2a: Garganacl|69/100
|-resisted|p2a: Garganacl
|-damage|p2a: Garganacl|65/100
|-resisted|p2a: Garganacl
|-crit|p2a: Garganacl
|-damage|p2a: Garganacl|56/100
|-resisted|p2a: Garganacl
|-damage|p2a: Garganacl|52/100
|-resisted|p2a: Garganacl
|-damage|p2a: Garganacl|48/100
|-resisted|p2a: Garganacl
|-damage|p2a: Garganacl|43/100
|-hitcount|p2a: Garganacl|9
|move|p2a: Garganacl|Salt Cure|p1a: Maushold
|-damage|p1a: Maushold|69/100
|-start|p1a: Maushold|Salt Cure
|
|-heal|p2a: Garganacl|49/100|[from] item: Leftovers
|-damage|p1a: Maushold|57/100|[from] Salt Cure
|upkeep
|turn|6
|
|t:|1760766422
|move|p1a: Maushold|Population Bomb|p2a: Garganacl
|-resisted|p2a: Garganacl
|-damage|p2a: Garganacl|46/100
|-resisted|p2a: Garganacl
|-damage|p2a: Garganacl|41/100
|-resisted|p2a: Garganacl
|-damage|p2a: Garganacl|37/100
|-resisted|p2a: Garganacl
|-damage|p2a: Garganacl|33/100
|-resisted|p2a: Garganacl
|-damage|p2a: Garganacl|29/100
|-resisted|p2a: Garganacl
|-damage|p2a: Garganacl|25/100
|-resisted|p2a: Garganacl
|-damage|p2a: Garganacl|22/100
|-resisted|p2a: Garganacl
|-damage|p2a: Garganacl|18/100
|-resisted|p2a: Garganacl
|-damage|p2a: Garganacl|13/100
|-resisted|p2a: Garganacl
|-damage|p2a: Garganacl|9/100
|-hitcount|p2a: Garganacl|10
|move|p2a: Garganacl|Recover|p2a: Garganacl
|-heal|p2a: Garganacl|59/100
|
|-heal|p2a: Garganacl|66/100|[from] item: Leftovers
|-damage|p1a: Maushold|45/100|[from] Salt Cure
|upkeep
|turn|7
|inactive|dustyfungus has 120 seconds left.
|inactive|Torblerone has 120 seconds left.
|
|t:|1760766447
|move|p1a: Maushold|Population Bomb|p2a: Garganacl
|-resisted|p2a: Garganacl
|-damage|p2a: Garganacl|61/100
|-resisted|p2a: Garganacl
|-damage|p2a: Garganacl|58/100
|-resisted|p2a: Garganacl
|-damage|p2a: Garganacl|54/100
|-resisted|p2a: Garganacl
|-damage|p2a: Garganacl|50/100
|-resisted|p2a: Garganacl
|-damage|p2a: Garganacl|46/100
|-resisted|p2a: Garganacl
|-damage|p2a: Garganacl|42/100
|-resisted|p2a: Garganacl
|-damage|p2a: Garganacl|38/100
|-resisted|p2a: Garganacl
|-damage|p2a: Garganacl|34/100
|-resisted|p2a: Garganacl
|-damage|p2a: Garganacl|29/100
|-resisted|p2a: Garganacl
|-damage|p2a: Garganacl|25/100
|-hitcount|p2a: Garganacl|10
|move|p2a: Garganacl|Recover|p2a: Garganacl
|-heal|p2a: Garganacl|75/100
|
|-heal|p2a: Garganacl|82/100|[from] item: Leftovers
|-damage|p1a: Maushold|32/100|[from] Salt Cure
|upkeep
|turn|8
|inactive|dustyfungus has 120 seconds left.
|inactive|Torblerone has 120 seconds left.
|
|t:|1760766478
|move|p1a: Maushold|Population Bomb|p2a: Garganacl
|-resisted|p2a: Garganacl
|-damage|p2a: Garganacl|78/100
|-resisted|p2a: Garganacl
|-damage|p2a: Garganacl|74/100
|-resisted|p2a: Garganacl
|-damage|p2a: Garganacl|71/100
|-resisted|p2a: Garganacl
|-damage|p2a: Garganacl|67/100
|-resisted|p2a: Garganacl
|-damage|p2a: Garganacl|63/100
|-resisted|p2a: Garganacl
|-damage|p2a: Garganacl|59/100
|-resisted|p2a: Garganacl
|-damage|p2a: Garganacl|55/100
|-resisted|p2a: Garganacl
|-damage|p2a: Garganacl|51/100
|-hitcount|p2a: Garganacl|8
|move|p2a: Garganacl|Recover|p2a: Garganacl
|-heal|p2a: Garganacl|100/100
|
|-damage|p1a: Maushold|20/100|[from] Salt Cure
|upkeep
|turn|9
|inactive|Torblerone has 90 seconds left.
|
|t:|1760766498
|move|p1a: Maushold|Population Bomb|p2a: Garganacl
|-resisted|p2a: Garganacl
|-damage|p2a: Garganacl|97/100
|-resisted|p2a: Garganacl
|-damage|p2a: Garganacl|93/100
|-resisted|p2a: Garganacl
|-damage|p2a: Garganacl|89/100
|-resisted|p2a: Garganacl
|-damage|p2a: Garganacl|85/100
|-resisted|p2a: Garganacl
|-damage|p2a: Garganacl|81/100
|-resisted|p2a: Garganacl
|-damage|p2a: Garganacl|76/100
|-resisted|p2a: Garganacl
|-damage|p2a: Garganacl|72/100
|-resisted|p2a: Garganacl
|-damage|p2a: Garganacl|68/100
|-resisted|p2a: Garganacl
|-damage|p2a: Garganacl|65/100
|-resisted|p2a: Garganacl
|-damage|p2a: Garganacl|61/100
|-hitcount|p2a: Garganacl|10
|move|p2a: Garganacl|Recover|p2a: Garganacl
|-heal|p2a: Garganacl|100/100
|
|-damage|p1a: Maushold|7/100|[from] Salt Cure
|upkeep
|turn|10
|inactive|Torblerone has 90 seconds left.
|
|t:|1760766520
|move|p1a: Maushold|Population Bomb|p2a: Garganacl
|-resisted|p2a: Garganacl
|-damage|p2a: Garganacl|96/100
|-resisted|p2a: Garganacl
|-damage|p2a: Garganacl|93/100
|-resisted|p2a: Garganacl
|-damage|p2a: Garganacl|89/100
|-resisted|p2a: Garganacl
|-damage|p2a: Garganacl|85/100
|-resisted|p2a: Garganacl
|-damage|p2a: Garganacl|80/100
|-resisted|p2a: Garganacl
|-damage|p2a: Garganacl|76/100
|-resisted|p2a: Garganacl
|-damage|p2a: Garganacl|73/100
|-resisted|p2a: Garganacl
|-damage|p2a: Garganacl|68/100
|-resisted|p2a: Garganacl
|-damage|p2a: Garganacl|65/100
|-resisted|p2a: Garganacl
|-damage|p2a: Garganacl|60/100
|-hitcount|p2a: Garganacl|10
|move|p2a: Garganacl|Recover|p2a: Garganacl
|-heal|p2a: Garganacl|100/100
|
|-damage|p1a: Maushold|0 fnt|[from] Salt Cure
|faint|p1a: Maushold
|upkeep
|inactive|dustyfungus has 90 seconds left.
|
|t:|1760766542
|switch|p1a: Pawmot|Pawmot, M|100/100
|turn|11
|inactive|Torblerone has 90 seconds left.
|
|t:|1760766549
|move|p1a: Pawmot|Revival Blessing|p1a: Pawmot
|
|t:|1760766558
|-heal|p1: Polteageist|50/100|[from] move: Revival Blessing
|move|p2a: Garganacl|Salt Cure|p1a: Pawmot
|-resisted|p1a: Pawmot
|-crit|p1a: Pawmot
|-damage|p1a: Pawmot|79/100
|-start|p1a: Pawmot|Salt Cure
|
|-damage|p1a: Pawmot|66/100|[from] Salt Cure
|upkeep
|turn|12
|inactive|dustyfungus has 90 seconds left.
|
|t:|1760766570
|move|p1a: Pawmot|Wish|p1a: Pawmot
|move|p2a: Garganacl|Curse|p2a: Garganacl
|-unboost|p2a: Garganacl|spe|1
|-boost|p2a: Garganacl|atk|1
|-boost|p2a: Garganacl|def|1
|
|-damage|p1a: Pawmot|54/100|[from] Salt Cure
|upkeep
|turn|13
|
|t:|1760766580
|move|p1a: Pawmot|Volt Switch|p2a: Garganacl
|-crit|p2a: Garganacl
|-damage|p2a: Garganacl|83/100
|
|t:|1760766585
|switch|p1a: Polteageist|Polteageist|50/100|[from] Volt Switch
|move|p2a: Garganacl|Salt Cure|p1a: Polteageist
|-damage|p1a: Polteageist|0 fnt
|faint|p1a: Polteageist
|
|-heal|p2a: Garganacl|89/100|[from] item: Leftovers
|upkeep
|inactive|dustyfungus has 90 seconds left.
|
|t:|1760766597
|switch|p1a: Wo-Chien|Wo-Chien|100/100
|-ability|p1a: Wo-Chien|Tablets of Ruin
|turn|14
|
|t:|1760766604
|move|p1a: Wo-Chien|Knock Off|p2a: Garganacl
|-damage|p2a: Garganacl|79/100
|-enditem|p2a: Garganacl|Leftovers|[from] move: Knock Off|[of] p1a: Wo-Chien
|move|p2a: Garganacl|Salt Cure|p1a: Wo-Chien
|-damage|p1a: Wo-Chien|82/100
|-start|p1a: Wo-Chien|Salt Cure
|
|-damage|p1a: Wo-Chien|70/100|[from] Salt Cure
|upkeep
|turn|15
|inactive|Torblerone has 120 seconds left.
|
|t:|1760766616
|move|p1a: Wo-Chien|Leech Seed|p2a: Garganacl
|-start|p2a: Garganacl|move: Leech Seed
|move|p2a: Garganacl|Curse|p2a: Garganacl
|-unboost|p2a: Garganacl|spe|1
|-boost|p2a: Garganacl|atk|1
|-boost|p2a: Garganacl|def|1
|
|-damage|p2a: Garganacl|67/100|[from] Leech Seed|[of] p1a: Wo-Chien
|-heal|p1a: Wo-Chien|83/100|[silent]
|-damage|p1a: Wo-Chien|71/100|[from] Salt Cure
|upkeep
|turn|16
|inactive|Torblerone has 120 seconds left.
|
|t:|1760766633
|switch|p1a: Pawmot|Pawmot, M|54/100
|move|p2a: Garganacl|Earthquake|p1a: Pawmot
|-supereffective|p1a: Pawmot
|-damage|p1a: Pawmot|0 fnt
|faint|p1a: Pawmot
|
|upkeep
|
|t:|1760766641
|switch|p1a: Ditto|Ditto|100/100
|-transform|p1a: Ditto|p2a: Garganacl|[from] ability: Imposter
|turn|17
|
|t:|1760766647
|move|p2a: Garganacl|Salt Cure|p1a: Ditto
|-damage|p1a: Ditto|88/100
|-start|p1a: Ditto|Salt Cure
|move|p1a: Ditto|Salt Cure|p2a: Garganacl
|-damage|p2a: Garganacl|57/100
|-start|p2a: Garganacl|Salt Cure
|
|-damage|p2a: Garganacl|45/100|[from] Leech Seed|[of] p1a: Ditto
|-heal|p1a: Ditto|100/100|[silent]
|-damage|p1a: Ditto|88/100|[from] Salt Cure
|-damage|p2a: Garganacl|33/100|[from] Salt Cure
|upkeep
|turn|18
|
|t:|1760766662
|move|p1a: Ditto|Earthquake|p2a: Garganacl
|-supereffective|p2a: Garganacl
|-crit|p2a: Garganacl
|-damage|p2a: Garganacl|0 fnt
|faint|p2a: Garganacl
|
|-damage|p1a: Ditto|76/100|[from] Salt Cure
|upkeep
|
|t:|1760766670
|switch|p2a: Iron Crown|Iron Crown|100/100
|turn|19
|
|t:|1760766674
|move|p2a: Iron Crown|Tachyon Cutter|p1a: Ditto
|-supereffective|p1a: Ditto
|-damage|p1a: Ditto|8/100
|-supereffective|p1a: Ditto
|-damage|p1a: Ditto|0 fnt
|faint|p1a: Ditto
|-hitcount|p1: Ditto|2
|
|upkeep
|
|t:|1760766681
|switch|p1a: Wo-Chien|Wo-Chien|71/100
|-ability|p1a: Wo-Chien|Tablets of Ruin
|turn|20
|
|t:|1760766690
|-terastallize|p2a: Iron Crown|Steel
|move|p2a: Iron Crown|Tachyon Cutter|p1a: Wo-Chien
|-damage|p1a: Wo-Chien|45/100
|-damage|p1a: Wo-Chien|19/100
|-hitcount|p1a: Wo-Chien|2
|move|p1a: Wo-Chien|Knock Off|p2a: Iron Crown
|-damage|p2a: Iron Crown|68/100
|-enditem|p2a: Iron Crown|Choice Specs|[from] move: Knock Off|[of] p1a: Wo-Chien
|
|upkeep
|turn|21
|
|t:|1760766704
|move|p1a: Wo-Chien|Protect|p1a: Wo-Chien
|-singleturn|p1a: Wo-Chien|Protect
|move|p2a: Iron Crown|Tachyon Cutter|p1a: Wo-Chien
|-activate|p1a: Wo-Chien|move: Protect
|
|upkeep
|turn|22
|c|☆Torblerone|ty
|
|t:|1760766714
|move|p2a: Iron Crown|Tachyon Cutter|p1a: Wo-Chien
|-damage|p1a: Wo-Chien|2/100
|-damage|p1a: Wo-Chien|0 fnt
|faint|p1a: Wo-Chien
|-hitcount|p1: Wo-Chien|2
|
|upkeep
|
|t:|1760766721
|switch|p1a: Garganacl|Garganacl, M|100/100
|turn|23
|-message|dustyfungus forfeited.
|
|win|Torblerone
|raw|dustyfungus's rating: 1181 &rarr; <strong>1151</strong><br />(-30 for losing)
|raw|Torblerone's rating: 1109 &rarr; <strong>1139</strong><br />(+30 for winning)
|l|☆dustyfungus
|player|p1|
|l|☆Torblerone
|player|p2|
