|j|☆the last victorg7
|j|☆babajeje
|t:|1760885604
|gametype|singles
|player|p1|the last victorg7|hilbert|1350
|player|p2|babajeje|102|1358
|gen|9
|tier|[Gen 9] OU
|rated|
|rule|HP Percentage Mod: HP is shown in percentages
|rule|Endless Battle Clause: Forcing endless battles is banned
|rule|Species Clause: Limit one of each Pokémon
|rule|OHKO Clause: OHKO moves are banned
|rule|Evasion Items Clause: Evasion items are banned
|rule|Evasion Moves Clause: Evasion moves are banned
|rule|Evasion Abilities Clause: Evasion abilities are banned
|rule|Sleep Moves Clause: Sleep-inducing moves are banned
|clearpoke
|poke|p1|Dragonite, F|
|poke|p1|Great Tusk|
|poke|p1|Glimmora, M|
|poke|p1|Greninja-*, M|
|poke|p1|Tornadus-Therian, M|
|poke|p1|Gholdengo|
|poke|p2|Mismagius, M|
|poke|p2|Araquanid, F|
|poke|p2|Ogerpon, F|
|poke|p2|Zamazenta-*|
|poke|p2|Heatran, F|
|poke|p2|Iron Treads|
|teampreview
|inactive|Battle timer is ON: inactive players will automatically lose when time's up. (requested by the last victorg7)
|
|t:|1760885624
|teamsize|p1|6
|teamsize|p2|6
|start
|switch|p1a: Tornadus|Tornadus-Therian, M|100/100
|switch|p2a: FlutterMain|Mismagius, M|100/100
|turn|1
|
|t:|1760885628
|move|p1a: Tornadus|Knock Off|p2a: FlutterMain
|-supereffective|p2a: FlutterMain
|-damage|p2a: FlutterMain|12/100
|-enditem|p2a: FlutterMain|Life Orb|[from] move: Knock Off|[of] p1a: Tornadus
|move|p2a: FlutterMain|Nasty Plot|p2a: FlutterMain
|-boost|p2a: FlutterMain|spa|2
|
|upkeep
|turn|2
|
|t:|1760885640
|switch|p2a: Zamazenta|Zamazenta|100/100
|-ability|p2a: Zamazenta|Dauntless Shield|boost
|-boost|p2a: Zamazenta|def|1
|move|p1a: Tornadus|Knock Off|p2a: Zamazenta
|-resisted|p2a: Zamazenta
|-damage|p2a: Zamazenta|95/100
|-enditem|p2a: Zamazenta|Leftovers|[from] move: Knock Off|[of] p1a: Tornadus
|
|upkeep
|turn|3
|
|t:|1760885647
|move|p2a: Zamazenta|Crunch|p1a: Tornadus
|-damage|p1a: Tornadus|65/100
|move|p1a: Tornadus|Hurricane|p2a: Zamazenta
|-supereffective|p2a: Zamazenta
|-damage|p2a: Zamazenta|12/100
|-start|p2a: Zamazenta|confusion
|
|upkeep
|turn|4
|
|t:|1760885655
|-activate|p2a: Zamazenta|confusion
|move|p2a: Zamazenta|Crunch|p1a: Tornadus
|-crit|p1a: Tornadus
|-damage|p1a: Tornadus|10/100
|move|p1a: Tornadus|Heat Wave|p2a: Zamazenta
|-damage|p2a: Zamazenta|0 fnt
|faint|p2a: Zamazenta
|
|upkeep
|
|t:|1760885661
|switch|p2a: Iron Treads|Iron Treads|100/100
|turn|5
|
|t:|1760885667
|move|p1a: Tornadus|U-turn|p2a: Iron Treads
|-resisted|p2a: Iron Treads
|-damage|p2a: Iron Treads|94/100
|
|t:|1760885670
|switch|p1a: Great Tusk|Great Tusk|100/100|[from] U-turn
|move|p2a: Iron Treads|Ice Spinner|p1a: Great Tusk
|-supereffective|p1a: Great Tusk
|-damage|p1a: Great Tusk|68/100
|-damage|p2a: Iron Treads|77/100|[from] item: Rocky Helmet|[of] p1a: Great Tusk
|
|upkeep
|turn|6
|
|t:|1760885675
|-end|p2a: Iron Treads|Quark Drive|[silent]
|switch|p2a: FlutterMain|Mismagius, M|12/100
|-end|p1a: Great Tusk|Protosynthesis|[silent]
|switch|p1a: Glimmora|Glimmora, M|100/100
|
|upkeep
|turn|7
|
|t:|1760885683
|move|p2a: FlutterMain|Shadow Ball|p1a: Glimmora
|-damage|p1a: Glimmora|49/100
|move|p1a: Glimmora|Sludge Wave|p2a: FlutterMain
|-resisted|p2a: FlutterMain
|-damage|p2a: FlutterMain|0 fnt
|faint|p2a: FlutterMain
|
|upkeep
|
|t:|1760885690
|switch|p2a: Heatran|Heatran, F|100/100
|-item|p2a: Heatran|Air Balloon
|turn|8
|
|t:|1760885693
|move|p1a: Glimmora|Energy Ball|p2a: Heatran
|-resisted|p2a: Heatran
|-damage|p2a: Heatran|94/100
|-enditem|p2a: Heatran|Air Balloon
|move|p2a: Heatran|Magma Storm|p1a: Glimmora
|-resisted|p1a: Glimmora
|-damage|p1a: Glimmora|14/100
|-activate|p1a: Glimmora|move: Magma Storm|[of] p2a: Heatran
|
|-damage|p1a: Glimmora|1/100|[from] move: Magma Storm|[partiallytrapped]
|upkeep
|turn|9
|
|t:|1760885699
|switch|p2a: Araquanid|Araquanid, F|100/100
|move|p1a: Glimmora|Stealth Rock|p2a: Araquanid
|-sidestart|p2: babajeje|move: Stealth Rock
|
|-end|p1a: Glimmora|Magma Storm|[partiallytrapped]|[silent]
|upkeep
|turn|10
|
|t:|1760885709
|move|p1a: Glimmora|Mortal Spin|p2a: Araquanid
|-damage|p2a: Araquanid|94/100
|-status|p2a: Araquanid|psn
|move|p2a: Araquanid|Liquidation|p1a: Glimmora
|-supereffective|p1a: Glimmora
|-damage|p1a: Glimmora|0 fnt
|-activate|p1a: Glimmora|ability: Toxic Debris
|-sidestart|p2: babajeje|move: Toxic Spikes
|faint|p1a: Glimmora
|
|-damage|p2a: Araquanid|82/100 psn|[from] psn
|upkeep
|
|t:|1760885714
|switch|p1a: Tornadus|Tornadus-Therian, M|43/100
|turn|11
|
|t:|1760885716
|move|p1a: Tornadus|Hurricane|p2a: Araquanid
|-supereffective|p2a: Araquanid
|-damage|p2a: Araquanid|10/100 psn
|move|p2a: Araquanid|Liquidation|p1a: Tornadus
|-damage|p1a: Tornadus|0 fnt
|faint|p1a: Tornadus
|
|-damage|p2a: Araquanid|0 fnt|[from] psn
|faint|p2a: Araquanid
|upkeep
|
|t:|1760885726
|switch|p1a: Greninja|Greninja, M|100/100
|switch|p2a: Ogerpon|Ogerpon, F|100/100
|-damage|p2a: Ogerpon|88/100|[from] Stealth Rock
|-status|p2a: Ogerpon|psn
|turn|12
|
|t:|1760885739
|-terastallize|p2a: Ogerpon|Grass
|detailschange|p2a: Ogerpon|Ogerpon-Teal-Tera, F, tera:Grass
|-ability|p2a: Ogerpon|Embody Aspect (Teal)|boost
|-boost|p2a: Ogerpon|spe|1
|move|p2a: Ogerpon|Ivy Cudgel|p1a: Greninja
|-supereffective|p1a: Greninja
|-damage|p1a: Greninja|0 fnt
|faint|p1a: Greninja
|
|-damage|p2a: Ogerpon|76/100 psn|[from] psn
|upkeep
|
|t:|1760885750
|switch|p1a: Dragonite|Dragonite, F|100/100
|turn|13
|
|t:|1760885752
|switch|p2a: Iron Treads|Iron Treads|77/100
|-damage|p2a: Iron Treads|74/100|[from] Stealth Rock
|move|p1a: Dragonite|Dragon Dance|p1a: Dragonite
|-boost|p1a: Dragonite|atk|1
|-boost|p1a: Dragonite|spe|1
|
|upkeep
|turn|14
|
|t:|1760885756
|move|p1a: Dragonite|Earthquake|p2a: Iron Treads
|-supereffective|p2a: Iron Treads
|-damage|p2a: Iron Treads|0 fnt
|faint|p2a: Iron Treads
|-end|p2a: Iron Treads|Quark Drive|[silent]
|
|upkeep
|
|t:|1760885760
|switch|p2a: Heatran|Heatran, F|94/100
|-damage|p2a: Heatran|82/100|[from] Stealth Rock
|turn|15
|
|t:|1760885764
|move|p1a: Dragonite|Earthquake|p2a: Heatran
|-supereffective|p2a: Heatran
|-damage|p2a: Heatran|0 fnt
|faint|p2a: Heatran
|
|upkeep
|
|t:|1760885766
|switch|p2a: Ogerpon|Ogerpon-Teal-Tera, F, tera:Grass|76/100 psn
|-damage|p2a: Ogerpon|64/100 psn|[from] Stealth Rock
|-ability|p2a: Ogerpon|Embody Aspect (Teal)|boost
|-boost|p2a: Ogerpon|spe|1
|turn|16
|
|t:|1760885768
|-terastallize|p1a: Dragonite|Normal
|move|p1a: Dragonite|Extreme Speed|p2a: Ogerpon
|-damage|p2a: Ogerpon|0 fnt
|faint|p2a: Ogerpon
|detailschange|p2: Ogerpon|Ogerpon, F|[silent]
|
|win|the last victorg7
|raw|the last victorg7's rating: 1350 &rarr; <strong>1370</strong><br />(+20 for winning)
|raw|babajeje's rating: 1358 &rarr; <strong>1338</strong><br />(-20 for losing)
|c|☆the last victorg7|gg
|c|☆babajeje|gg
|l|☆babajeje
|player|p2|
|l|☆the last victorg7
|player|p1|
