|j|☆CC Foot Soldier
|j|☆rekka auto
|t:|1760719900
|gametype|singles
|player|p1|CC Foot Soldier|waiter-gen4|1706
|player|p2|rekka auto|drayden|1582
|gen|9
|tier|[Gen 9] OU
|rated|
|rule|HP Percentage Mod: HP is shown in percentages
|rule|Endless Battle Clause: Forcing endless battles is banned
|rule|Species Clause: Limit one of each Pokémon
|rule|OHKO Clause: OHKO moves are banned
|rule|Evasion Items Clause: Evasion items are banned
|rule|Evasion Moves Clause: Evasion moves are banned
|rule|Evasion Abilities Clause: Evasion abilities are banned
|rule|Sleep Moves Clause: Sleep-inducing moves are banned
|clearpoke
|poke|p1|Rillaboom, F|
|poke|p1|Ogerpon-Wellspring, F|
|poke|p1|Gholdengo|
|poke|p1|Ting-Lu|
|poke|p1|Slowking-Galar, F|
|poke|p1|Great Tusk|
|poke|p2|Rotom-Wash|
|poke|p2|Meowscarada, F|
|poke|p2|Comfey, F|
|poke|p2|Okidogi, M|
|poke|p2|Dragapult, M|
|poke|p2|Ting-Lu|
|teampreview
|inactive|Battle timer is ON: inactive players will automatically lose when time's up. (requested by rekka auto)
|
|t:|1760719913
|teamsize|p1|6
|teamsize|p2|6
|start
|switch|p1a: Rillaboom|Rillaboom, F|100/100
|switch|p2a: Meowscarada|Meowscarada, F|100/100
|-fieldstart|move: Grassy Terrain|[from] ability: Grassy Surge|[of] p1a: Rillaboom
|turn|1
|
|t:|1760719932
|move|p2a: Meowscarada|Triple Axel|p1a: Rillaboom
|-start|p2a: Meowscarada|typechange|Ice|[from] ability: Protean
|-supereffective|p1a: Rillaboom
|-crit|p1a: Rillaboom
|-damage|p1a: Rillaboom|72/100
|-supereffective|p1a: Rillaboom
|-damage|p1a: Rillaboom|38/100
|-supereffective|p1a: Rillaboom
|-damage|p1a: Rillaboom|0 fnt
|faint|p1a: Rillaboom
|-hitcount|p1: Rillaboom|3
|
|upkeep
|
|t:|1760719956
|switch|p1a: Ogerpon|Ogerpon-Wellspring, F|100/100
|turn|2
|
|t:|1760719961
|switch|p2a: Dragapult|Dragapult, M|100/100
|move|p1a: Ogerpon|Swords Dance|p1a: Ogerpon
|-boost|p1a: Ogerpon|atk|2
|
|upkeep
|turn|3
|inactive|CC Foot Soldier has 120 seconds left.
|
|t:|1760719986
|move|p2a: Dragapult|U-turn|p1a: Ogerpon
|-supereffective|p1a: Ogerpon
|-damage|p1a: Ogerpon|58/100
|
|t:|1760719988
|switch|p2a: Meowscarada|Meowscarada, F|100/100|[from] U-turn
|move|p1a: Ogerpon|Play Rough|p2a: Meowscarada
|-supereffective|p2a: Meowscarada
|-damage|p2a: Meowscarada|0 fnt
|faint|p2a: Meowscarada
|
|-heal|p1a: Ogerpon|64/100|[from] Grassy Terrain
|upkeep
|
|t:|1760719994
|switch|p2a: Rotom|Rotom-Wash|100/100
|turn|4
|
|t:|1760719998
|-terastallize|p2a: Rotom|Steel
|move|p1a: Ogerpon|Grassy Glide|p2a: Rotom
|-resisted|p2a: Rotom
|-damage|p2a: Rotom|63/100
|-damage|p1a: Ogerpon|47/100|[from] item: Rocky Helmet|[of] p2a: Rotom
|move|p2a: Rotom|Will-O-Wisp|p1a: Ogerpon
|-status|p1a: Ogerpon|brn
|
|-heal|p1a: Ogerpon|53/100 brn|[from] Grassy Terrain
|-damage|p1a: Ogerpon|47/100 brn|[from] brn
|upkeep
|turn|5
|
|t:|1760720010
|switch|p2a: Dragapult|Dragapult, M|100/100
|move|p1a: Ogerpon|Ivy Cudgel|p2a: Dragapult|[anim] Ivy Cudgel Water
|-resisted|p2a: Dragapult
|-damage|p2a: Dragapult|53/100
|
|-heal|p2a: Dragapult|59/100|[from] Grassy Terrain
|-heal|p1a: Ogerpon|53/100 brn|[from] Grassy Terrain
|-damage|p1a: Ogerpon|47/100 brn|[from] brn
|upkeep
|turn|6
|
|t:|1760720019
|move|p1a: Ogerpon|Grassy Glide|p2a: Dragapult
|-resisted|p2a: Dragapult
|-damage|p2a: Dragapult|29/100
|move|p2a: Dragapult|Shadow Ball|p1a: Ogerpon
|-damage|p1a: Ogerpon|0 fnt
|faint|p1a: Ogerpon
|
|-heal|p2a: Dragapult|35/100|[from] Grassy Terrain
|upkeep
|
|t:|1760720029
|switch|p1a: Ting-Lu|Ting-Lu|100/100
|-ability|p1a: Ting-Lu|Vessel of Ruin
|turn|7
|
|t:|1760720032
|switch|p2a: Rotom|Rotom-Wash, tera:Steel|63/100
|move|p1a: Ting-Lu|Stealth Rock|p2a: Rotom
|-sidestart|p2: rekka auto|move: Stealth Rock
|
|upkeep
|turn|8
|
|t:|1760720037
|move|p2a: Rotom|Pain Split|p1a: Ting-Lu
|-sethp|p1a: Ting-Lu|69/100|[from] move: Pain Split|[silent]
|-sethp|p2a: Rotom|100/100|[from] move: Pain Split
|move|p1a: Ting-Lu|Spikes|p2a: Rotom
|-sidestart|p2: rekka auto|Spikes
|
|-heal|p1a: Ting-Lu|75/100|[from] Grassy Terrain
|-heal|p1a: Ting-Lu|81/100|[from] item: Leftovers
|-fieldend|move: Grassy Terrain
|upkeep
|turn|9
|
|t:|1760720045
|switch|p2a: Ting-Lu|Ting-Lu|100/100
|-damage|p2a: Ting-Lu|94/100|[from] Stealth Rock
|-damage|p2a: Ting-Lu|82/100|[from] Spikes
|-ability|p2a: Ting-Lu|Vessel of Ruin
|move|p1a: Ting-Lu|Whirlwind|p2a: Ting-Lu
|drag|p2a: Comfey|Comfey, F|100/100
|-damage|p2a: Comfey|88/100|[from] Stealth Rock
|-damage|p2a: Comfey|76/100|[from] Spikes
|
|-heal|p1a: Ting-Lu|87/100|[from] item: Leftovers
|upkeep
|turn|10
|
|t:|1760720057
|switch|p1a: Slowking|Slowking-Galar, F|100/100
|move|p2a: Comfey|Calm Mind|p2a: Comfey
|-boost|p2a: Comfey|spa|1
|-boost|p2a: Comfey|spd|1
|
|upkeep
|turn|11
|
|t:|1760720062
|move|p2a: Comfey|Calm Mind|p2a: Comfey
|-boost|p2a: Comfey|spa|1
|-boost|p2a: Comfey|spd|1
|move|p1a: Slowking|Sludge Bomb|p2a: Comfey
|-supereffective|p2a: Comfey
|-damage|p2a: Comfey|38/100
|-status|p2a: Comfey|psn
|
|-damage|p2a: Comfey|25/100 psn|[from] psn
|upkeep
|turn|12
|
|t:|1760720070
|move|p2a: Comfey|Tera Blast|p1a: Slowking
|-damage|p1a: Slowking|53/100
|-damage|p2a: Comfey|16/100 psn|[from] item: Life Orb
|move|p1a: Slowking|Sludge Bomb|p2a: Comfey
|-supereffective|p2a: Comfey
|-damage|p2a: Comfey|0 fnt
|faint|p2a: Comfey
|
|upkeep
|
|t:|1760720074
|switch|p2a: Dragapult|Dragapult, M|35/100
|-damage|p2a: Dragapult|23/100|[from] Stealth Rock
|-damage|p2a: Dragapult|11/100|[from] Spikes
|turn|13
|
|t:|1760720082
|move|p2a: Dragapult|Draco Meteor|p1a: Slowking
|-damage|p1a: Slowking|0 fnt
|-unboost|p2a: Dragapult|spa|2
|faint|p1a: Slowking
|
|upkeep
|
|t:|1760720088
|switch|p1a: Ting-Lu|Ting-Lu|87/100
|-ability|p1a: Ting-Lu|Vessel of Ruin
|turn|14
|
|t:|1760720092
|move|p2a: Dragapult|Draco Meteor|p1a: Ting-Lu
|-damage|p1a: Ting-Lu|69/100
|-unboost|p2a: Dragapult|spa|2
|move|p1a: Ting-Lu|Spikes|p2a: Dragapult
|-sidestart|p2: rekka auto|Spikes
|
|-heal|p1a: Ting-Lu|75/100|[from] item: Leftovers
|upkeep
|turn|15
|
|t:|1760720098
|move|p2a: Dragapult|Draco Meteor|p1a: Ting-Lu
|-damage|p1a: Ting-Lu|64/100
|-unboost|p2a: Dragapult|spa|2
|move|p1a: Ting-Lu|Spikes|p2a: Dragapult
|-sidestart|p2: rekka auto|Spikes
|
|-heal|p1a: Ting-Lu|70/100|[from] item: Leftovers
|upkeep
|turn|16
|
|t:|1760720106
|move|p2a: Dragapult|Draco Meteor|p1a: Ting-Lu
|-crit|p1a: Ting-Lu
|-damage|p1a: Ting-Lu|13/100
|move|p1a: Ting-Lu|Whirlwind|p2a: Dragapult
|drag|p2a: Ting-Lu|Ting-Lu|82/100
|-damage|p2a: Ting-Lu|76/100|[from] Stealth Rock
|-damage|p2a: Ting-Lu|51/100|[from] Spikes
|-ability|p2a: Ting-Lu|Vessel of Ruin
|
|-heal|p2a: Ting-Lu|57/100|[from] item: Leftovers
|-heal|p1a: Ting-Lu|20/100|[from] item: Leftovers
|upkeep
|turn|17
|
|t:|1760720120
|move|p2a: Ting-Lu|Earthquake|p1a: Ting-Lu
|-damage|p1a: Ting-Lu|0 fnt
|faint|p1a: Ting-Lu
|
|-heal|p2a: Ting-Lu|63/100|[from] item: Leftovers
|upkeep
|
|t:|1760720128
|switch|p1a: Great Tusk|Great Tusk|100/100
|turn|18
|
|t:|1760720132
|switch|p2a: Dragapult|Dragapult, M|11/100
|-damage|p2a: Dragapult|0 fnt|[from] Stealth Rock
|faint|p2a: Dragapult
|move|p1a: Great Tusk|Close Combat|p2: Dragapult|[notarget]
|-fail|p1a: Great Tusk
|
|upkeep
|
|t:|1760720141
|switch|p2a: Okidogi|Okidogi, M|100/100
|-damage|p2a: Okidogi|94/100|[from] Stealth Rock
|-damage|p2a: Okidogi|69/100|[from] Spikes
|turn|19
|
|t:|1760720148
|move|p1a: Great Tusk|Headlong Rush|p2a: Okidogi
|-supereffective|p2a: Okidogi
|-damage|p2a: Okidogi|0 fnt
|-unboost|p1a: Great Tusk|def|1
|-unboost|p1a: Great Tusk|spd|1
|faint|p2a: Okidogi
|
|upkeep
|
|t:|1760720152
|switch|p2a: Rotom|Rotom-Wash, tera:Steel|100/100
|-damage|p2a: Rotom|94/100|[from] Stealth Rock
|turn|20
|
|t:|1760720156
|-end|p1a: Great Tusk|Protosynthesis|[silent]
|switch|p1a: Gholdengo|Gholdengo|100/100
|-item|p1a: Gholdengo|Air Balloon
|move|p2a: Rotom|Hydro Pump|p1a: Gholdengo|[miss]
|-miss|p2a: Rotom|p1a: Gholdengo
|
|upkeep
|turn|21
|-message|rekka auto forfeited.
|
|win|CC Foot Soldier
|raw|CC Foot Soldier's rating: 1706 &rarr; <strong>1719</strong><br />(+13 for winning)
|raw|rekka auto's rating: 1582 &rarr; <strong>1569</strong><br />(-13 for losing)
|l|☆rekka auto
|player|p2|
|l|☆CC Foot Soldier
|player|p1|
