|j|☆Obito 2001
|j|☆art of unmoning
|t:|1760879747
|gametype|singles
|player|p1|Obito 2001|blue-gen3two|1711
|player|p2|art of unmoning|waiter-gen4dp|1765
|gen|9
|tier|[Gen 9] OU
|rated|
|rule|HP Percentage Mod: HP is shown in percentages
|rule|Endless Battle Clause: Forcing endless battles is banned
|rule|Species Clause: Limit one of each Pokémon
|rule|OHKO Clause: OHKO moves are banned
|rule|Evasion Items Clause: Evasion items are banned
|rule|Evasion Moves Clause: Evasion moves are banned
|rule|Evasion Abilities Clause: Evasion abilities are banned
|rule|Sleep Moves Clause: Sleep-inducing moves are banned
|clearpoke
|poke|p1|Kingambit, M|
|poke|p1|Landorus-Therian, M|
|poke|p1|Grimmsnarl, M|
|poke|p1|Empoleon, F|
|poke|p1|Weezing-Galar, F|
|poke|p1|Polteageist|
|poke|p2|Slowking, M|
|poke|p2|Tyranitar, F|
|poke|p2|Excadrill, F|
|poke|p2|Zamazenta-*|
|poke|p2|Corviknight, F|
|poke|p2|Weezing-Galar, F|
|teampreview
|inactive|Battle timer is ON: inactive players will automatically lose when time's up. (requested by art of unmoning)
|inactive|Obito 2001 also wants the timer to be on.
|c|☆art of unmoning|Hf
|
|t:|1760879761
|teamsize|p1|6
|teamsize|p2|6
|start
|switch|p1a: Always Relevant|Landorus-Therian, M|100/100
|switch|p2a: Weezing|Weezing-Galar, F|100/100
|-ability|p2a: Weezing|Neutralizing Gas
|turn|1
|
|t:|1760879768
|-end|p2a: Weezing|ability: Neutralizing Gas
|-ability|p1a: Always Relevant|Intimidate|boost
|-unboost|p2a: Weezing|atk|1
|switch|p2a: Slowking|Slowking, M|100/100
|move|p1a: Always Relevant|Earthquake|p2a: Slowking
|-damage|p2a: Slowking|25/100
|
|upkeep
|turn|2
|
|t:|1760879776
|switch|p1a: Fk hazard noobs|Weezing-Galar, F|100/100
|-ability|p1a: Fk hazard noobs|Neutralizing Gas
|switch|p2a: Corviknight|Corviknight, F|100/100
|
|upkeep
|turn|3
|
|t:|1760879782
|switch|p2a: Weezing|Weezing-Galar, F|100/100
|-ability|p2a: Weezing|Neutralizing Gas
|move|p1a: Fk hazard noobs|Will-O-Wisp|p2a: Weezing
|-status|p2a: Weezing|brn
|
|-damage|p2a: Weezing|95/100 brn|[from] brn
|upkeep
|turn|4
|
|t:|1760879788
|move|p2a: Weezing|Will-O-Wisp|p1a: Fk hazard noobs|[miss]
|-miss|p2a: Weezing|p1a: Fk hazard noobs
|move|p1a: Fk hazard noobs|Sludge Bomb|p2a: Weezing
|-damage|p2a: Weezing|59/100 brn
|
|-damage|p2a: Weezing|53/100 brn|[from] brn
|upkeep
|turn|5
|
|t:|1760879793
|switch|p1a: Kinguin|Empoleon, F|100/100
|-item|p1a: Kinguin|Air Balloon
|move|p2a: Weezing|Will-O-Wisp|p1a: Kinguin
|-status|p1a: Kinguin|brn
|
|-damage|p2a: Weezing|48/100 brn|[from] brn
|-damage|p1a: Kinguin|94/100 brn|[from] brn
|upkeep
|turn|6
|
|t:|1760879797
|-end|p2a: Weezing|ability: Neutralizing Gas
|switch|p2a: Slowking|Slowking, M|25/100
|move|p1a: Kinguin|Surf|p2a: Slowking
|-resisted|p2a: Slowking
|-damage|p2a: Slowking|17/100
|
|-damage|p1a: Kinguin|88/100 brn|[from] brn
|upkeep
|turn|7
|
|t:|1760879801
|switch|p1a: Fk hazard noobs|Weezing-Galar, F|100/100
|-ability|p1a: Fk hazard noobs|Neutralizing Gas
|move|p2a: Slowking|Psychic Noise|p1a: Fk hazard noobs
|-supereffective|p1a: Fk hazard noobs
|-damage|p1a: Fk hazard noobs|11/100
|-start|p1a: Fk hazard noobs|move: Heal Block
|
|upkeep
|turn|8
|
|t:|1760879805
|move|p1a: Fk hazard noobs|Sludge Bomb|p2a: Slowking
|-damage|p2a: Slowking|3/100
|-status|p2a: Slowking|psn
|move|p2a: Slowking|Psychic Noise|p1a: Fk hazard noobs
|-supereffective|p1a: Fk hazard noobs
|-damage|p1a: Fk hazard noobs|0 fnt
|faint|p1a: Fk hazard noobs
|-end|p1a: Fk hazard noobs|ability: Neutralizing Gas
|
|-damage|p2a: Slowking|0 fnt|[from] psn
|faint|p2a: Slowking
|upkeep
|
|t:|1760879816
|switch|p1a: Always Relevant|Landorus-Therian, M|100/100
|switch|p2a: Tyranitar|Tyranitar, F|100/100
|-ability|p1a: Always Relevant|Intimidate|boost
|-unboost|p2a: Tyranitar|atk|1
|-weather|Sandstorm|[from] ability: Sand Stream|[of] p2a: Tyranitar
|turn|9
|
|t:|1760879818
|switch|p2a: Corviknight|Corviknight, F|100/100
|-ability|p2a: Corviknight|Pressure
|move|p1a: Always Relevant|U-turn|p2a: Corviknight
|-resisted|p2a: Corviknight
|-damage|p2a: Corviknight|94/100
|
|t:|1760879822
|switch|p1a: Kinguin|Empoleon, F|88/100 brn|[from] U-turn
|-item|p1a: Kinguin|Air Balloon
|
|-weather|Sandstorm|[upkeep]
|-heal|p2a: Corviknight|99/100|[from] item: Leftovers
|-damage|p1a: Kinguin|82/100 brn|[from] brn
|upkeep
|turn|10
|
|t:|1760879826
|switch|p1a: Always Relevant|Landorus-Therian, M|100/100
|-ability|p1a: Always Relevant|Intimidate|boost
|-unboost|p2a: Corviknight|atk|1
|move|p2a: Corviknight|Body Press|p1a: Always Relevant
|-resisted|p1a: Always Relevant
|-damage|p1a: Always Relevant|85/100
|
|-weather|Sandstorm|[upkeep]
|-heal|p2a: Corviknight|100/100|[from] item: Leftovers
|upkeep
|turn|11
|
|t:|1760879833
|move|p1a: Always Relevant|Stone Edge|p2a: Corviknight
|-damage|p2a: Corviknight|66/100
|move|p2a: Corviknight|Iron Defense|p2a: Corviknight
|-boost|p2a: Corviknight|def|2
|
|-weather|Sandstorm|[upkeep]
|-heal|p2a: Corviknight|72/100|[from] item: Leftovers
|upkeep
|turn|12
|
|t:|1760879839
|switch|p1a: Screen Goblin|Grimmsnarl, M|100/100
|move|p2a: Corviknight|Brave Bird|p1a: Screen Goblin
|-damage|p1a: Screen Goblin|77/100
|-damage|p2a: Corviknight|64/100|[from] Recoil
|
|-weather|Sandstorm|[upkeep]
|-damage|p1a: Screen Goblin|71/100|[from] Sandstorm
|-heal|p2a: Corviknight|70/100|[from] item: Leftovers
|upkeep
|turn|13
|
|t:|1760879843
|switch|p2a: Excadrill|Excadrill, F|100/100
|move|p1a: Screen Goblin|Reflect|p1a: Screen Goblin
|-sidestart|p1: Obito 2001|Reflect
|
|-weather|none
|upkeep
|turn|14
|
|t:|1760879847
|move|p1a: Screen Goblin|Parting Shot|p2a: Excadrill
|-unboost|p2a: Excadrill|atk|1
|-unboost|p2a: Excadrill|spa|1
|
|t:|1760879850
|switch|p1a: Always Relevant|Landorus-Therian, M|85/100|[from] Parting Shot
|-ability|p1a: Always Relevant|Intimidate|boost
|-unboost|p2a: Excadrill|atk|1
|move|p2a: Excadrill|Rapid Spin|p1a: Always Relevant
|-crit|p1a: Always Relevant
|-damage|p1a: Always Relevant|57/100
|-boost|p2a: Excadrill|spe|1
|
|upkeep
|turn|15
|
|t:|1760879855
|switch|p2a: Corviknight|Corviknight, F|70/100
|-ability|p2a: Corviknight|Pressure
|move|p1a: Always Relevant|U-turn|p2a: Corviknight
|-resisted|p2a: Corviknight
|-damage|p2a: Corviknight|64/100
|
|t:|1760879857
|switch|p1a: Yuna|Polteageist|100/100|[from] U-turn
|
|-heal|p2a: Corviknight|71/100|[from] item: Leftovers
|upkeep
|turn|16
|
|t:|1760879860
|switch|p2a: Tyranitar|Tyranitar, F|100/100
|-weather|Sandstorm|[from] ability: Sand Stream|[of] p2a: Tyranitar
|move|p1a: Yuna|Shell Smash|p1a: Yuna
|-unboost|p1a: Yuna|def|1
|-unboost|p1a: Yuna|spd|1
|-boost|p1a: Yuna|atk|2
|-boost|p1a: Yuna|spa|2
|-boost|p1a: Yuna|spe|2
|-enditem|p1a: Yuna|White Herb
|-clearnegativeboost|p1a: Yuna|[silent]
|
|-weather|Sandstorm|[upkeep]
|-damage|p1a: Yuna|94/100|[from] Sandstorm
|upkeep
|turn|17
|
|t:|1760879863
|-terastallize|p1a: Yuna|Fighting
|move|p1a: Yuna|Tera Blast|p2a: Tyranitar|[anim] Tera Blast Fighting
|-supereffective|p2a: Tyranitar
|-damage|p2a: Tyranitar|0 fnt
|faint|p2a: Tyranitar
|
|-weather|Sandstorm|[upkeep]
|-damage|p1a: Yuna|88/100|[from] Sandstorm
|upkeep
|
|t:|1760879876
|switch|p2a: Excadrill|Excadrill, F|100/100
|turn|18
|
|t:|1760879883
|-terastallize|p2a: Excadrill|Flying
|move|p2a: Excadrill|Swords Dance|p2a: Excadrill
|-boost|p2a: Excadrill|atk|2
|move|p1a: Yuna|Shell Smash|p1a: Yuna
|-unboost|p1a: Yuna|def|1
|-unboost|p1a: Yuna|spd|1
|-boost|p1a: Yuna|atk|2
|-boost|p1a: Yuna|spa|2
|-boost|p1a: Yuna|spe|2
|
|-weather|Sandstorm|[upkeep]
|-damage|p1a: Yuna|82/100|[from] Sandstorm
|upkeep
|turn|19
|
|t:|1760879889
|move|p1a: Yuna|Shadow Ball|p2a: Excadrill
|-damage|p2a: Excadrill|0 fnt
|faint|p2a: Excadrill
|
|-weather|Sandstorm|[upkeep]
|-damage|p1a: Yuna|76/100|[from] Sandstorm
|upkeep
|c|☆art of unmoning|Gg
|-message|art of unmoning forfeited.
|
|win|Obito 2001
|raw|Obito 2001's rating: 1711 &rarr; <strong>1734</strong><br />(+23 for winning)
|raw|art of unmoning's rating: 1765 &rarr; <strong>1742</strong><br />(-23 for losing)
|l|☆art of unmoning
|player|p2|
|l|☆Obito 2001
|player|p1|
