|j|☆cocue7
|j|☆FOENEM STAR
|t:|1760755403
|gametype|singles
|player|p1|cocue7|1|1213
|player|p2|FOENEM STAR|n|1196
|gen|9
|tier|[Gen 9] OU
|rated|
|rule|HP Percentage Mod: HP is shown in percentages
|rule|Endless Battle Clause: Forcing endless battles is banned
|rule|Species Clause: Limit one of each Pokémon
|rule|OHKO Clause: OHKO moves are banned
|rule|Evasion Items Clause: Evasion items are banned
|rule|Evasion Moves Clause: Evasion moves are banned
|rule|Evasion Abilities Clause: Evasion abilities are banned
|rule|Sleep Moves Clause: Sleep-inducing moves are banned
|clearpoke
|poke|p1|Vikavolt, F|
|poke|p1|Cinderace, F|
|poke|p1|Milotic, M|
|poke|p1|Kingambit, M|
|poke|p1|Serperior, M|
|poke|p1|Malamar, F|
|poke|p2|Kingambit, M|
|poke|p2|Deoxys-Speed|
|poke|p2|Great Tusk|
|poke|p2|Dragonite, F|
|poke|p2|Iron Moth|
|poke|p2|Primarina, M|
|teampreview
|inactive|Battle timer is ON: inactive players will automatically lose when time's up. (requested by cocue7)
|c|☆FOENEM STAR|not my friend lol
|
|t:|1760755435
|teamsize|p1|6
|teamsize|p2|6
|start
|switch|p1a: Vikavolt|Vikavolt, F|100/100
|switch|p2a: Dragonite|Dragonite, F, shiny|100/100
|turn|1
|
|t:|1760755443
|move|p2a: Dragonite|Fire Punch|p1a: Vikavolt
|-supereffective|p1a: Vikavolt
|-damage|p1a: Vikavolt|1/100
|move|p1a: Vikavolt|Sticky Web|p2a: Dragonite
|-sidestart|p2: FOENEM STAR|move: Sticky Web
|
|upkeep
|turn|2
|
|t:|1760755451
|switch|p2a: Great Tusk|Great Tusk|100/100
|-activate|p2a: Great Tusk|move: Sticky Web
|-unboost|p2a: Great Tusk|spe|1
|-enditem|p2a: Great Tusk|Booster Energy
|-activate|p2a: Great Tusk|ability: Protosynthesis|[fromitem]
|-start|p2a: Great Tusk|protosynthesisatk
|move|p1a: Vikavolt|Volt Switch|p2a: Great Tusk
|-immune|p2a: Great Tusk
|
|upkeep
|turn|3
|
|t:|1760755454
|move|p2a: Great Tusk|Rapid Spin|p1a: Vikavolt
|-damage|p1a: Vikavolt|0 fnt
|-boost|p2a: Great Tusk|spe|1
|-sideend|p2: FOENEM STAR|Sticky Web|[from] move: Rapid Spin|[of] p2a: Great Tusk
|faint|p1a: Vikavolt
|
|upkeep
|
|t:|1760755458
|switch|p1a: Serperior|Serperior, M|100/100
|turn|4
|
|t:|1760755473
|-terastallize|p2a: Great Tusk|Steel
|move|p1a: Serperior|Leaf Storm|p2a: Great Tusk
|-resisted|p2a: Great Tusk
|-damage|p2a: Great Tusk|53/100
|-boost|p1a: Serperior|spa|2
|-damage|p1a: Serperior|91/100|[from] item: Life Orb
|move|p2a: Great Tusk|Ice Spinner|p1a: Serperior
|-supereffective|p1a: Serperior
|-damage|p1a: Serperior|0 fnt
|faint|p1a: Serperior
|
|upkeep
|
|t:|1760755484
|switch|p1a: Malamar|Malamar, F|100/100
|turn|5
|
|t:|1760755494
|move|p2a: Great Tusk|Headlong Rush|p1a: Malamar
|-damage|p1a: Malamar|0 fnt
|-unboost|p2a: Great Tusk|def|1
|-unboost|p2a: Great Tusk|spd|1
|faint|p1a: Malamar
|
|upkeep
|
|t:|1760755499
|switch|p1a: Cinderace|Cinderace, F|100/100
|turn|6
|
|t:|1760755506
|-end|p2a: Great Tusk|Protosynthesis|[silent]
|switch|p2a: Iron Moth|Iron Moth|100/100
|-enditem|p2a: Iron Moth|Booster Energy
|-activate|p2a: Iron Moth|ability: Quark Drive|[fromitem]
|-start|p2a: Iron Moth|quarkdrivespe
|move|p1a: Cinderace|U-turn|p2a: Iron Moth
|-start|p1a: Cinderace|typechange|Bug|[from] ability: Libero
|-resisted|p2a: Iron Moth
|-damage|p2a: Iron Moth|89/100
|
|t:|1760755510
|switch|p1a: Milotic|Milotic, M|100/100|[from] U-turn
|
|upkeep
|turn|7
|
|t:|1760755514
|-end|p2a: Iron Moth|Quark Drive|[silent]
|switch|p2a: Primarina|Primarina, M|100/100
|move|p1a: Milotic|Scald|p2a: Primarina
|-resisted|p2a: Primarina
|-damage|p2a: Primarina|86/100
|-status|p2a: Primarina|brn
|-damage|p1a: Milotic|91/100|[from] item: Life Orb
|
|-damage|p2a: Primarina|80/100 brn|[from] brn
|upkeep
|turn|8
|-message|cocue7 forfeited.
|
|win|FOENEM STAR
|raw|cocue7's rating: 1213 &rarr; <strong>1187</strong><br />(-26 for losing)
|raw|FOENEM STAR's rating: 1196 &rarr; <strong>1222</strong><br />(+26 for winning)
|l|☆cocue7
|player|p1|
|c|☆FOENEM STAR|lamaooo
