|j|☆never_win_true
|j|☆PenguinMLSJ
|t:|1760760499
|gametype|singles
|player|p1|never_win_true|unknown|1527
|player|p2|PenguinMLSJ|red-gen7|1529
|gen|9
|tier|[Gen 9] OU
|rated|
|rule|HP Percentage Mod: HP is shown in percentages
|rule|Endless Battle Clause: Forcing endless battles is banned
|rule|Species Clause: Limit one of each Pokémon
|rule|OHKO Clause: OHKO moves are banned
|rule|Evasion Items Clause: Evasion items are banned
|rule|Evasion Moves Clause: Evasion moves are banned
|rule|Evasion Abilities Clause: Evasion abilities are banned
|rule|Sleep Moves Clause: Sleep-inducing moves are banned
|clearpoke
|poke|p1|Ninetales-Alola, M|
|poke|p1|Volcanion|
|poke|p1|Ursaluna, M|
|poke|p1|Corviknight, F|
|poke|p1|Zamazenta-*|
|poke|p1|Dragonite, F|
|poke|p2|Skeledirge, F|
|poke|p2|Garganacl, F|
|poke|p2|Kingambit, M|
|poke|p2|Clefable, M|
|poke|p2|Great Tusk|
|poke|p2|Iron Valiant|
|teampreview
|inactive|Battle timer is ON: inactive players will automatically lose when time's up. (requested by PenguinMLSJ)
|
|t:|1760760508
|teamsize|p1|6
|teamsize|p2|6
|start
|switch|p1a: Volcanion|Volcanion|100/100
|switch|p2a: Great Tusk|Great Tusk|100/100
|turn|1
|
|t:|1760760515
|-end|p2a: Great Tusk|Protosynthesis|[silent]
|switch|p2a: Clefable|Clefable, M|100/100
|move|p1a: Volcanion|Steam Eruption|p2a: Clefable
|-damage|p2a: Clefable|35/100
|-status|p2a: Clefable|brn
|
|upkeep
|turn|2
|
|t:|1760760523
|move|p2a: Clefable|Protect|p2a: Clefable
|-singleturn|p2a: Clefable|Protect
|move|p1a: Volcanion|Steam Eruption|p2a: Clefable
|-activate|p2a: Clefable|move: Protect
|
|upkeep
|turn|3
|
|t:|1760760529
|move|p2a: Clefable|Protect|p2a: Clefable
|-singleturn|p2a: Clefable|Protect
|move|p1a: Volcanion|Steam Eruption|p2a: Clefable
|-activate|p2a: Clefable|move: Protect
|
|upkeep
|turn|4
|
|t:|1760760535
|move|p2a: Clefable|Protect||[still]
|-fail|p2a: Clefable
|move|p1a: Volcanion|Steam Eruption|p2a: Clefable
|-damage|p2a: Clefable|0 fnt
|faint|p2a: Clefable
|
|upkeep
|
|t:|1760760547
|switch|p2a: Garganacl|Garganacl, F|100/100
|turn|5
|
|t:|1760760557
|switch|p1a: Ninetales|Ninetales-Alola, M|100/100
|-weather|Snowscape|[from] ability: Snow Warning|[of] p1a: Ninetales
|-terastallize|p2a: Garganacl|Water
|move|p2a: Garganacl|Block|p1a: Ninetales
|-activate|p1a: Ninetales|trapped
|
|-weather|Snowscape|[upkeep]
|upkeep
|turn|6
|
|t:|1760760564
|move|p1a: Ninetales|Encore|p2a: Garganacl
|-start|p2a: Garganacl|Encore
|move|p2a: Garganacl|Block||[still]
|-fail|p2a: Garganacl
|
|-weather|Snowscape|[upkeep]
|upkeep
|turn|7
|
|t:|1760760570
|switch|p2a: Kingambit|Kingambit, M|100/100
|-activate|p2a: Kingambit|ability: Supreme Overlord
|-start|p2a: Kingambit|fallen1|[silent]
|move|p1a: Ninetales|Aurora Veil|p1a: Ninetales
|-sidestart|p1: never_win_true|move: Aurora Veil
|
|-weather|Snowscape|[upkeep]
|upkeep
|turn|8
|
|t:|1760760579
|switch|p1a: Volcanion|Volcanion|100/100
|move|p2a: Kingambit|Swords Dance|p2a: Kingambit
|-boost|p2a: Kingambit|atk|2
|
|-weather|Snowscape|[upkeep]
|upkeep
|turn|9
|
|t:|1760760585
|move|p2a: Kingambit|Sucker Punch|p1a: Volcanion
|-damage|p1a: Volcanion|65/100
|move|p1a: Volcanion|Steam Eruption|p2a: Kingambit
|-damage|p2a: Kingambit|6/100
|
|-weather|none
|-heal|p2a: Kingambit|13/100|[from] item: Leftovers
|upkeep
|turn|10
|
|t:|1760760593
|move|p2a: Kingambit|Sucker Punch|p1a: Volcanion
|-damage|p1a: Volcanion|27/100
|move|p1a: Volcanion|Steam Eruption|p2a: Kingambit
|-damage|p2a: Kingambit|0 fnt
|faint|p2a: Kingambit
|-end|p2a: Kingambit|fallen1|[silent]
|
|upkeep
|
|t:|1760760597
|switch|p2a: Garganacl|Garganacl, F, tera:Water|100/100
|turn|11
|
|t:|1760760603
|move|p1a: Volcanion|Steam Eruption|p2a: Garganacl
|-resisted|p2a: Garganacl
|-damage|p2a: Garganacl|69/100
|move|p2a: Garganacl|Block|p1a: Volcanion
|-activate|p1a: Volcanion|trapped
|
|-heal|p2a: Garganacl|76/100|[from] item: Leftovers
|upkeep
|turn|12
|
|t:|1760760609
|move|p1a: Volcanion|Steam Eruption|p2a: Garganacl
|-resisted|p2a: Garganacl
|-damage|p2a: Garganacl|45/100
|move|p2a: Garganacl|Curse|p2a: Garganacl
|-unboost|p2a: Garganacl|spe|1
|-boost|p2a: Garganacl|atk|1
|-boost|p2a: Garganacl|def|1
|
|-heal|p2a: Garganacl|51/100|[from] item: Leftovers
|upkeep
|turn|13
|
|t:|1760760618
|-activate|p1a: Volcanion|move: Struggle
|move|p1a: Volcanion|Struggle|p2a: Garganacl
|-damage|p2a: Garganacl|45/100
|-damage|p1a: Volcanion|2/100|[from] recoil
|move|p2a: Garganacl|Recover|p2a: Garganacl
|-heal|p2a: Garganacl|96/100
|
|-heal|p2a: Garganacl|100/100|[from] item: Leftovers
|upkeep
|turn|14
|-message|never_win_true forfeited.
|
|win|PenguinMLSJ
|raw|never_win_true's rating: 1527 &rarr; <strong>1507</strong><br />(-20 for losing)
|raw|PenguinMLSJ's rating: 1529 &rarr; <strong>1549</strong><br />(+20 for winning)
|l|☆never_win_true
|player|p1|
|l|☆PenguinMLSJ
|player|p2|
