|j|☆Demestion
|j|☆KennytheslugSmith
|t:|1760859641
|gametype|singles
|player|p1|Demestion|lucas|1114
|player|p2|KennytheslugSmith|scientist-gen4dp|1187
|gen|9
|tier|[Gen 9] OU
|rated|
|rule|HP Percentage Mod: HP is shown in percentages
|rule|Endless Battle Clause: Forcing endless battles is banned
|rule|Species Clause: Limit one of each Pokémon
|rule|OHKO Clause: OHKO moves are banned
|rule|Evasion Items Clause: Evasion items are banned
|rule|Evasion Moves Clause: Evasion moves are banned
|rule|Evasion Abilities Clause: Evasion abilities are banned
|rule|Sleep Moves Clause: Sleep-inducing moves are banned
|clearpoke
|poke|p1|Serperior, F|
|poke|p1|Ceruledge, F|
|poke|p1|Eelektross, F|
|poke|p1|Tinkaton, F|
|poke|p1|Gliscor, M|
|poke|p1|Cloyster, M|
|poke|p2|Hydrapple, M|
|poke|p2|Skarmory, F|
|poke|p2|Tyranitar, F|
|poke|p2|Alomomola, F|
|poke|p2|Clodsire, M|
|poke|p2|Clefable, F|
|teampreview
|
|t:|1760859647
|teamsize|p1|6
|teamsize|p2|6
|start
|switch|p1a: Tinkaton|Tinkaton, F|100/100
|switch|p2a: Tyranitar|Tyranitar, F|100/100
|-weather|Sandstorm|[from] ability: Sand Stream|[of] p2a: Tyranitar
|turn|1
|
|t:|1760859655
|move|p1a: Tinkaton|Stealth Rock|p2a: Tyranitar
|-sidestart|p2: KennytheslugSmith|move: Stealth Rock
|move|p2a: Tyranitar|Stealth Rock|p1a: Tinkaton
|-sidestart|p1: Demestion|move: Stealth Rock
|
|-weather|Sandstorm|[upkeep]
|upkeep
|turn|2
|
|t:|1760859662
|switch|p2a: Alomomola|Alomomola, F, shiny|100/100
|move|p1a: Tinkaton|Gigaton Hammer|p2a: Alomomola
|-resisted|p2a: Alomomola
|-damage|p2a: Alomomola|87/100
|
|-weather|Sandstorm|[upkeep]
|-damage|p2a: Alomomola|81/100|[from] Sandstorm
|upkeep
|turn|3
|
|t:|1760859671
|move|p1a: Tinkaton|Knock Off|p2a: Alomomola
|-damage|p2a: Alomomola|71/100
|-enditem|p2a: Alomomola|Heavy-Duty Boots|[from] move: Knock Off|[of] p1a: Tinkaton
|move|p2a: Alomomola|Flip Turn|p1a: Tinkaton
|-damage|p1a: Tinkaton|86/100
|
|t:|1760859679
|switch|p2a: Skarmory|Skarmory, F|100/100|[from] Flip Turn
|
|-weather|Sandstorm|[upkeep]
|-heal|p1a: Tinkaton|92/100|[from] item: Leftovers
|upkeep
|turn|4
|
|t:|1760859687
|switch|p2a: Alomomola|Alomomola, F, shiny|100/100
|-damage|p2a: Alomomola|88/100|[from] Stealth Rock
|move|p1a: Tinkaton|Thunder Wave|p2a: Alomomola
|-status|p2a: Alomomola|par
|
|-weather|Sandstorm|[upkeep]
|-damage|p2a: Alomomola|82/100 par|[from] Sandstorm
|-heal|p1a: Tinkaton|98/100|[from] item: Leftovers
|upkeep
|turn|5
|
|t:|1760859697
|move|p1a: Tinkaton|Gigaton Hammer|p2a: Alomomola
|-resisted|p2a: Alomomola
|-damage|p2a: Alomomola|69/100 par
|cant|p2a: Alomomola|par
|
|-weather|none
|-heal|p1a: Tinkaton|100/100|[from] item: Leftovers
|upkeep
|turn|6
|
|t:|1760859706
|move|p1a: Tinkaton|Knock Off|p2a: Alomomola
|-damage|p2a: Alomomola|62/100 par
|move|p2a: Alomomola|Wish|p2a: Alomomola
|
|upkeep
|turn|7
|
|t:|1760859711
|move|p1a: Tinkaton|Gigaton Hammer|p2a: Alomomola
|-resisted|p2a: Alomomola
|-damage|p2a: Alomomola|49/100 par
|move|p2a: Alomomola|Body Slam|p1a: Tinkaton
|-resisted|p1a: Tinkaton
|-damage|p1a: Tinkaton|93/100
|
|-heal|p2a: Alomomola|99/100 par|[from] move: Wish|[wisher] Alomomola
|-heal|p1a: Tinkaton|99/100|[from] item: Leftovers
|upkeep
|turn|8
|
|t:|1760859722
|switch|p1a: Serperior|Serperior, F|100/100
|-damage|p1a: Serperior|88/100|[from] Stealth Rock
|move|p2a: Alomomola|Body Slam|p1a: Serperior
|-damage|p1a: Serperior|73/100
|-status|p1a: Serperior|par
|
|-heal|p1a: Serperior|79/100 par|[from] item: Leftovers
|upkeep
|turn|9
|
|t:|1760859733
|switch|p2a: Clodsire|Clodsire, M|100/100
|move|p1a: Serperior|Leaf Storm|p2a: Clodsire
|-damage|p2a: Clodsire|78/100
|-boost|p1a: Serperior|spa|2
|
|-heal|p1a: Serperior|85/100 par|[from] item: Leftovers
|upkeep
|turn|10
|
|t:|1760859743
|-terastallize|p1a: Serperior|Water
|move|p1a: Serperior|Leaf Storm|p2a: Clodsire
|-damage|p2a: Clodsire|59/100
|-boost|p1a: Serperior|spa|2
|move|p2a: Clodsire|Recover|p2a: Clodsire
|-heal|p2a: Clodsire|100/100
|
|-heal|p1a: Serperior|91/100 par|[from] item: Leftovers
|upkeep
|turn|11
|
|t:|1760859754
|move|p1a: Serperior|Leaf Storm|p2a: Clodsire
|-damage|p2a: Clodsire|80/100
|-boost|p1a: Serperior|spa|2
|move|p2a: Clodsire|Amnesia|p2a: Clodsire
|-boost|p2a: Clodsire|spd|2
|
|-heal|p1a: Serperior|97/100 par|[from] item: Leftovers
|upkeep
|turn|12
|
|t:|1760859764
|move|p1a: Serperior|Taunt|p2a: Clodsire
|-start|p2a: Clodsire|move: Taunt
|move|p2a: Clodsire|Earthquake|p1a: Serperior
|-damage|p1a: Serperior|73/100 par
|
|-heal|p1a: Serperior|79/100 par|[from] item: Leftovers
|upkeep
|turn|13
|
|t:|1760859772
|cant|p1a: Serperior|par
|move|p2a: Clodsire|Earthquake|p1a: Serperior
|-damage|p1a: Serperior|50/100 par
|
|-heal|p1a: Serperior|56/100 par|[from] item: Leftovers
|upkeep
|turn|14
|
|t:|1760859780
|move|p1a: Serperior|Glare|p2a: Clodsire
|-status|p2a: Clodsire|par
|cant|p2a: Clodsire|par
|
|-heal|p1a: Serperior|62/100 par|[from] item: Leftovers
|-end|p2a: Clodsire|move: Taunt
|upkeep
|turn|15
|
|t:|1760859789
|move|p1a: Serperior|Taunt|p2a: Clodsire
|-start|p2a: Clodsire|move: Taunt
|cant|p2a: Clodsire|move: Taunt|Amnesia
|
|-heal|p1a: Serperior|68/100 par|[from] item: Leftovers
|upkeep
|turn|16
|
|t:|1760859796
|move|p1a: Serperior|Dragon Pulse|p2a: Clodsire
|-damage|p2a: Clodsire|76/100 par
|cant|p2a: Clodsire|par
|
|-heal|p1a: Serperior|74/100 par|[from] item: Leftovers
|upkeep
|turn|17
|
|t:|1760859803
|move|p1a: Serperior|Leaf Storm|p2a: Clodsire
|-damage|p2a: Clodsire|65/100 par
|cant|p2a: Clodsire|par
|
|-heal|p1a: Serperior|80/100 par|[from] item: Leftovers
|-end|p2a: Clodsire|move: Taunt
|upkeep
|turn|18
|
|t:|1760859812
|move|p1a: Serperior|Taunt|p2a: Clodsire
|-start|p2a: Clodsire|move: Taunt
|move|p2a: Clodsire|Earthquake|p1a: Serperior
|-damage|p1a: Serperior|54/100 par
|
|-heal|p1a: Serperior|60/100 par|[from] item: Leftovers
|upkeep
|turn|19
|
|t:|1760859820
|cant|p1a: Serperior|par
|move|p2a: Clodsire|Earthquake|p1a: Serperior
|-damage|p1a: Serperior|33/100 par
|
|-heal|p1a: Serperior|39/100 par|[from] item: Leftovers
|upkeep
|turn|20
|
|t:|1760859828
|move|p1a: Serperior|Leaf Storm|p2a: Clodsire
|-damage|p2a: Clodsire|54/100 par
|move|p2a: Clodsire|Earthquake|p1a: Serperior
|-damage|p1a: Serperior|14/100 par
|
|-heal|p1a: Serperior|20/100 par|[from] item: Leftovers
|-end|p2a: Clodsire|move: Taunt
|upkeep
|turn|21
|
|t:|1760859837
|move|p1a: Serperior|Taunt|p2a: Clodsire
|-start|p2a: Clodsire|move: Taunt
|move|p2a: Clodsire|Earthquake|p1a: Serperior
|-damage|p1a: Serperior|0 fnt
|faint|p1a: Serperior
|
|upkeep
|
|t:|1760859844
|switch|p1a: Cloyster|Cloyster, M|100/100
|-damage|p1a: Cloyster|76/100|[from] Stealth Rock
|turn|22
|
|t:|1760859854
|switch|p2a: Skarmory|Skarmory, F|100/100
|move|p1a: Cloyster|Icicle Spear|p2a: Skarmory
|-damage|p2a: Skarmory|94/100
|-damage|p2a: Skarmory|87/100
|-damage|p2a: Skarmory|81/100
|-damage|p2a: Skarmory|74/100
|-damage|p2a: Skarmory|68/100
|-hitcount|p2a: Skarmory|5
|
|upkeep
|turn|23
|
|t:|1760859865
|move|p1a: Cloyster|Shell Smash|p1a: Cloyster
|-unboost|p1a: Cloyster|def|1
|-unboost|p1a: Cloyster|spd|1
|-boost|p1a: Cloyster|atk|2
|-boost|p1a: Cloyster|spa|2
|-boost|p1a: Cloyster|spe|2
|-enditem|p1a: Cloyster|White Herb
|-clearnegativeboost|p1a: Cloyster|[silent]
|move|p2a: Skarmory|Roost|p2a: Skarmory
|-heal|p2a: Skarmory|100/100
|-singleturn|p2a: Skarmory|move: Roost
|
|upkeep
|turn|24
|
|t:|1760859881
|move|p1a: Cloyster|Icicle Spear|p2a: Skarmory
|-damage|p2a: Skarmory|88/100
|-damage|p2a: Skarmory|75/100
|-damage|p2a: Skarmory|62/100
|-damage|p2a: Skarmory|50/100
|-damage|p2a: Skarmory|37/100
|-hitcount|p2a: Skarmory|5
|move|p2a: Skarmory|Iron Defense|p2a: Skarmory
|-boost|p2a: Skarmory|def|2
|
|upkeep
|turn|25
|
|t:|1760859891
|move|p1a: Cloyster|Icicle Spear|p2a: Skarmory
|-damage|p2a: Skarmory|31/100
|-damage|p2a: Skarmory|24/100
|-damage|p2a: Skarmory|18/100
|-damage|p2a: Skarmory|11/100
|-damage|p2a: Skarmory|5/100
|-hitcount|p2a: Skarmory|5
|move|p2a: Skarmory|Roost|p2a: Skarmory
|-heal|p2a: Skarmory|55/100
|-singleturn|p2a: Skarmory|move: Roost
|
|upkeep
|turn|26
|
|t:|1760859903
|move|p1a: Cloyster|Drill Run|p2a: Skarmory
|-immune|p2a: Skarmory
|move|p2a: Skarmory|Roost|p2a: Skarmory
|-heal|p2a: Skarmory|100/100
|-singleturn|p2a: Skarmory|move: Roost
|
|upkeep
|turn|27
|
|t:|1760859911
|move|p1a: Cloyster|Icicle Spear|p2a: Skarmory
|-damage|p2a: Skarmory|93/100
|-damage|p2a: Skarmory|86/100
|-damage|p2a: Skarmory|78/100
|-damage|p2a: Skarmory|71/100
|-damage|p2a: Skarmory|65/100
|-hitcount|p2a: Skarmory|5
|move|p2a: Skarmory|Body Press|p1a: Cloyster
|-supereffective|p1a: Cloyster
|-damage|p1a: Cloyster|0 fnt
|faint|p1a: Cloyster
|
|upkeep
|
|t:|1760859924
|switch|p1a: Eelektross|Eelektross, F|100/100
|-damage|p1a: Eelektross|88/100|[from] Stealth Rock
|turn|28
|
|t:|1760859929
|switch|p2a: Clefable|Clefable, F|100/100
|move|p1a: Eelektross|Flamethrower|p2a: Clefable
|-damage|p2a: Clefable|73/100
|
|upkeep
|turn|29
|
|t:|1760859935
|move|p2a: Clefable|Wish|p2a: Clefable
|move|p1a: Eelektross|Volt Switch|p2a: Clefable
|-damage|p2a: Clefable|41/100
|
|t:|1760859940
|switch|p1a: Tinkaton|Tinkaton, F|99/100|[from] Volt Switch
|-damage|p1a: Tinkaton|93/100|[from] Stealth Rock
|
|-heal|p1a: Tinkaton|99/100|[from] item: Leftovers
|upkeep
|turn|30
|
|t:|1760859948
|move|p2a: Clefable|Protect|p2a: Clefable
|-singleturn|p2a: Clefable|Protect
|move|p1a: Tinkaton|Knock Off|p2a: Clefable
|-activate|p2a: Clefable|move: Protect
|
|-heal|p2a: Clefable|91/100|[from] move: Wish|[wisher] Clefable
|-heal|p1a: Tinkaton|100/100|[from] item: Leftovers
|upkeep
|turn|31
|
|t:|1760859958
|move|p1a: Tinkaton|Knock Off|p2a: Clefable
|-resisted|p2a: Clefable
|-damage|p2a: Clefable|84/100
|-enditem|p2a: Clefable|Sticky Barb|[from] move: Knock Off|[of] p1a: Tinkaton
|move|p2a: Clefable|Knock Off|p1a: Tinkaton
|-resisted|p1a: Tinkaton
|-damage|p1a: Tinkaton|94/100
|-enditem|p1a: Tinkaton|Leftovers|[from] move: Knock Off|[of] p2a: Clefable
|
|upkeep
|turn|32
|
|t:|1760859968
|switch|p2a: Alomomola|Alomomola, F, shiny|100/100 par
|-damage|p2a: Alomomola|88/100 par|[from] Stealth Rock
|move|p1a: Tinkaton|Thunder Wave|p2a: Alomomola
|-fail|p2a: Alomomola|par
|
|upkeep
|turn|33
|
|t:|1760859979
|switch|p1a: Eelektross|Eelektross, F|88/100
|-damage|p1a: Eelektross|76/100|[from] Stealth Rock
|cant|p2a: Alomomola|par
|
|upkeep
|turn|34
|
|t:|1760859986
|switch|p2a: Clodsire|Clodsire, M|54/100 par
|move|p1a: Eelektross|Giga Drain|p2a: Clodsire
|-damage|p2a: Clodsire|40/100 par
|-heal|p1a: Eelektross|85/100|[from] drain|[of] p2a: Clodsire
|
|upkeep
|turn|35
|
|t:|1760859993
|move|p1a: Eelektross|Giga Drain|p2a: Clodsire
|-damage|p2a: Clodsire|26/100 par
|-heal|p1a: Eelektross|93/100|[from] drain|[of] p2a: Clodsire
|move|p2a: Clodsire|Recover|p2a: Clodsire
|-heal|p2a: Clodsire|76/100 par
|
|upkeep
|turn|36
|
|t:|1760860000
|move|p1a: Eelektross|Giga Drain|p2a: Clodsire
|-damage|p2a: Clodsire|62/100 par
|-heal|p1a: Eelektross|100/100|[from] drain|[of] p2a: Clodsire
|move|p2a: Clodsire|Recover|p2a: Clodsire
|-heal|p2a: Clodsire|100/100 par
|
|upkeep
|turn|37
|
|t:|1760860010
|move|p1a: Eelektross|Giga Drain|p2a: Clodsire
|-damage|p2a: Clodsire|87/100 par
|cant|p2a: Clodsire|par
|
|upkeep
|turn|38
|
|t:|1760860015
|move|p1a: Eelektross|Giga Drain|p2a: Clodsire
|-damage|p2a: Clodsire|73/100 par
|move|p2a: Clodsire|Toxic|p1a: Eelektross
|-status|p1a: Eelektross|tox
|
|-damage|p1a: Eelektross|94/100 tox|[from] psn
|upkeep
|turn|39
|
|t:|1760860024
|switch|p1a: Gliscor|Gliscor, M|100/100
|-damage|p1a: Gliscor|88/100|[from] Stealth Rock
|move|p2a: Clodsire|Recover|p2a: Clodsire
|-heal|p2a: Clodsire|100/100 par
|
|-status|p1a: Gliscor|tox|[from] item: Toxic Orb
|upkeep
|turn|40
|
|t:|1760860039
|switch|p2a: Skarmory|Skarmory, F|65/100
|move|p1a: Gliscor|Earthquake|p2a: Skarmory
|-immune|p2a: Skarmory
|
|-heal|p1a: Gliscor|100/100 tox|[from] ability: Poison Heal
|upkeep
|turn|41
|
|t:|1760860047
|move|p1a: Gliscor|Toxic|p2a: Skarmory
|-immune|p2a: Skarmory
|move|p2a: Skarmory|Roost|p2a: Skarmory
|-heal|p2a: Skarmory|100/100
|-singleturn|p2a: Skarmory|move: Roost
|
|upkeep
|turn|42
|
|t:|1760860056
|switch|p1a: Tinkaton|Tinkaton, F|94/100
|-damage|p1a: Tinkaton|88/100|[from] Stealth Rock
|move|p2a: Skarmory|Spikes|p1a: Tinkaton
|-sidestart|p1: Demestion|Spikes
|
|upkeep
|turn|43
|
|t:|1760860063
|switch|p2a: Alomomola|Alomomola, F, shiny|100/100 par
|-damage|p2a: Alomomola|88/100 par|[from] Stealth Rock
|move|p1a: Tinkaton|Thunder Wave|p2a: Alomomola
|-fail|p2a: Alomomola|par
|
|upkeep
|turn|44
|
|t:|1760860071
|switch|p1a: Ceruledge|Ceruledge, F|100/100
|-damage|p1a: Ceruledge|76/100|[from] Stealth Rock
|-damage|p1a: Ceruledge|63/100|[from] Spikes
|move|p2a: Alomomola|Flip Turn|p1a: Ceruledge
|-supereffective|p1a: Ceruledge
|-damage|p1a: Ceruledge|13/100
|-ability|p1a: Ceruledge|Weak Armor|boost
|-unboost|p1a: Ceruledge|def|1
|-boost|p1a: Ceruledge|spe|2
|
|t:|1760860082
|switch|p2a: Hydrapple|Hydrapple, M|100/100|[from] Flip Turn
|
|upkeep
|turn|45
|
|t:|1760860087
|move|p1a: Ceruledge|Bitter Blade|p2a: Hydrapple
|-damage|p2a: Hydrapple|69/100
|-heal|p1a: Ceruledge|36/100|[from] drain|[of] p2a: Hydrapple
|move|p2a: Hydrapple|Earth Power|p1a: Ceruledge
|-supereffective|p1a: Ceruledge
|-damage|p1a: Ceruledge|0 fnt
|faint|p1a: Ceruledge
|
|upkeep
|
|t:|1760860097
|switch|p1a: Eelektross|Eelektross, F|94/100 tox
|-damage|p1a: Eelektross|82/100 tox|[from] Stealth Rock
|turn|46
|
|t:|1760860103
|switch|p2a: Clodsire|Clodsire, M|100/100 par
|move|p1a: Eelektross|Volt Switch|p2a: Clodsire
|-immune|p2a: Clodsire
|
|-damage|p1a: Eelektross|76/100 tox|[from] psn
|upkeep
|turn|47
|-message|Demestion forfeited.
|
|win|KennytheslugSmith
|raw|Demestion's rating: 1114 &rarr; <strong>1096</strong><br />(-18 for losing)
|raw|KennytheslugSmith's rating: 1207 &rarr; <strong>1225</strong><br />(+18 for winning)
|l|☆Demestion
|player|p1|
