|j|☆chefspecials
|j|‽Krusher Kane
|t:|1760721905
|gametype|singles
|player|p1|chefspecials|101|1185
|player|p2|Krusher Kane|1|1227
|gen|9
|tier|[Gen 9] OU
|rated|
|rule|HP Percentage Mod: HP is shown in percentages
|rule|Endless Battle Clause: Forcing endless battles is banned
|rule|Species Clause: Limit one of each Pokémon
|rule|OHKO Clause: OHKO moves are banned
|rule|Evasion Items Clause: Evasion items are banned
|rule|Evasion Moves Clause: Evasion moves are banned
|rule|Evasion Abilities Clause: Evasion abilities are banned
|rule|Sleep Moves Clause: Sleep-inducing moves are banned
|clearpoke
|poke|p1|Glimmora, F|
|poke|p1|Gliscor, F|
|poke|p1|Ting-Lu|
|poke|p1|Primarina, F|
|poke|p1|Incineroar, M|
|poke|p1|Weezing-Galar, F|
|poke|p2|Falinks|
|poke|p2|Mimikyu, M|
|poke|p2|Kyurem|
|poke|p2|Metagross|
|poke|p2|Morpeko, M|
|poke|p2|Iron Jugulis|
|teampreview
|inactive|Battle timer is ON: inactive players will automatically lose when time's up. (requested by chefspecials)
|
|t:|1760721936
|teamsize|p1|6
|teamsize|p2|6
|start
|switch|p1a: Glimmora|Glimmora, F|100/100
|switch|p2a: Kyurem|Kyurem|100/100
|-ability|p2a: Kyurem|Pressure
|turn|1
|
|t:|1760721943
|move|p2a: Kyurem|Freeze-Dry|p1a: Glimmora
|-damage|p1a: Glimmora|23/100
|move|p1a: Glimmora|Toxic|p2a: Kyurem
|-status|p2a: Kyurem|tox
|
|-damage|p2a: Kyurem|94/100 tox|[from] psn
|upkeep
|turn|2
|
|t:|1760721955
|move|p2a: Kyurem|Freeze-Dry|p1a: Glimmora
|-damage|p1a: Glimmora|0 fnt
|faint|p1a: Glimmora
|
|-damage|p2a: Kyurem|82/100 tox|[from] psn
|upkeep
|
|t:|1760721968
|switch|p1a: Weezing|Weezing-Galar, F|100/100
|-ability|p1a: Weezing|Neutralizing Gas
|turn|3
|
|t:|1760721973
|switch|p2a: Mimikyu|Mimikyu, M|100/100
|move|p1a: Weezing|Strange Steam|p2a: Mimikyu
|-activate|p2a: Mimikyu|ability: Disguise
|-damage|p2a: Mimikyu|100/100
|detailschange|p2a: Mimikyu|Mimikyu-Busted, M
|-damage|p2a: Mimikyu|88/100|[from] pokemon: Mimikyu-Busted
|
|upkeep
|turn|4
|
|t:|1760721988
|move|p2a: Mimikyu|Trick|p1a: Weezing
|-activate|p2a: Mimikyu|move: Trick|[of] p1a: Weezing
|-item|p1a: Weezing|Choice Scarf|[from] move: Trick
|-item|p2a: Mimikyu|Leftovers|[from] move: Trick
|move|p1a: Weezing|Sludge Bomb|p2a: Mimikyu
|-damage|p2a: Mimikyu|61/100
|-status|p2a: Mimikyu|psn
|
|-heal|p2a: Mimikyu|67/100 psn|[from] item: Leftovers
|-damage|p2a: Mimikyu|55/100 psn|[from] psn
|upkeep
|turn|5
|
|t:|1760722000
|switch|p2a: Metagross|Metagross, shiny|100/100
|move|p1a: Weezing|Sludge Bomb|p2a: Metagross
|-immune|p2a: Metagross
|
|upkeep
|turn|6
|
|t:|1760722011
|-end|p1a: Weezing|ability: Neutralizing Gas
|switch|p1a: Ting-Lu|Ting-Lu|100/100
|-ability|p1a: Ting-Lu|Vessel of Ruin
|move|p2a: Metagross|Agility|p2a: Metagross
|-boost|p2a: Metagross|spe|2
|
|upkeep
|turn|7
|
|t:|1760722026
|move|p2a: Metagross|Earthquake|p1a: Ting-Lu
|-damage|p1a: Ting-Lu|84/100
|move|p1a: Ting-Lu|Stealth Rock|p2a: Metagross
|-sidestart|p2: Krusher Kane|move: Stealth Rock
|
|upkeep
|turn|8
|
|t:|1760722032
|move|p2a: Metagross|Meteor Mash|p1a: Ting-Lu
|-damage|p1a: Ting-Lu|62/100
|-damage|p2a: Metagross|84/100|[from] item: Rocky Helmet|[of] p1a: Ting-Lu
|move|p1a: Ting-Lu|Whirlwind|p2a: Metagross
|drag|p2a: Morpeko|Morpeko, M, shiny|100/100
|
|-formechange|p2a: Morpeko|Morpeko-Hangry||[from] ability: Hunger Switch
|upkeep
|turn|9
|
|t:|1760722045
|move|p2a: Morpeko|Rapid Spin|p1a: Ting-Lu
|-damage|p1a: Ting-Lu|58/100
|-boost|p2a: Morpeko|spe|1
|-damage|p2a: Morpeko|84/100|[from] item: Rocky Helmet|[of] p1a: Ting-Lu
|-sideend|p2: Krusher Kane|Stealth Rock|[from] move: Rapid Spin|[of] p2a: Morpeko
|move|p1a: Ting-Lu|Ruination|p2a: Morpeko
|-damage|p2a: Morpeko|42/100
|
|-formechange|p2a: Morpeko|Morpeko||[from] ability: Hunger Switch
|upkeep
|turn|10
|
|t:|1760722060
|move|p2a: Morpeko|Rapid Spin|p1a: Ting-Lu
|-damage|p1a: Ting-Lu|53/100
|-boost|p2a: Morpeko|spe|1
|-damage|p2a: Morpeko|26/100|[from] item: Rocky Helmet|[of] p1a: Ting-Lu
|move|p1a: Ting-Lu|Earthquake|p2a: Morpeko
|-supereffective|p2a: Morpeko
|-crit|p2a: Morpeko
|-damage|p2a: Morpeko|0 fnt
|faint|p2a: Morpeko
|
|upkeep
|
|t:|1760722064
|switch|p2a: Falinks|Falinks, shiny|100/100
|turn|11
|
|t:|1760722075
|move|p2a: Falinks|No Retreat|p2a: Falinks
|-boost|p2a: Falinks|atk|1
|-boost|p2a: Falinks|def|1
|-boost|p2a: Falinks|spa|1
|-boost|p2a: Falinks|spd|1
|-boost|p2a: Falinks|spe|1
|-start|p2a: Falinks|move: No Retreat
|move|p1a: Ting-Lu|Whirlwind|p2a: Falinks
|drag|p2a: Iron Jugulis|Iron Jugulis|100/100
|
|upkeep
|turn|12
|
|t:|1760722088
|move|p2a: Iron Jugulis|Hurricane|p1a: Ting-Lu|[miss]
|-miss|p2a: Iron Jugulis|p1a: Ting-Lu
|move|p1a: Ting-Lu|Stealth Rock|p2a: Iron Jugulis
|-sidestart|p2: Krusher Kane|move: Stealth Rock
|
|upkeep
|turn|13
|
|t:|1760722095
|move|p2a: Iron Jugulis|Hurricane|p1a: Ting-Lu
|-damage|p1a: Ting-Lu|4/100
|-start|p1a: Ting-Lu|confusion
|-activate|p1a: Ting-Lu|confusion
|-damage|p1a: Ting-Lu|0 fnt|[from] confusion
|faint|p1a: Ting-Lu
|
|upkeep
|
|t:|1760722107
|switch|p1a: Weezing|Weezing-Galar, F|100/100
|-ability|p1a: Weezing|Neutralizing Gas
|turn|14
|
|t:|1760722113
|move|p2a: Iron Jugulis|Hurricane|p1a: Weezing
|-damage|p1a: Weezing|0 fnt
|faint|p1a: Weezing
|-end|p1a: Weezing|ability: Neutralizing Gas
|
|upkeep
|
|t:|1760722124
|switch|p1a: Gliscor|Gliscor, F|100/100
|turn|15
|
|t:|1760722131
|move|p2a: Iron Jugulis|Hurricane|p1a: Gliscor
|-damage|p1a: Gliscor|0 fnt
|faint|p1a: Gliscor
|
|upkeep
|
|t:|1760722140
|switch|p1a: Primarina|Primarina, F|100/100
|turn|16
|
|t:|1760722157
|move|p2a: Iron Jugulis|Hurricane|p1a: Primarina
|-damage|p1a: Primarina|38/100
|move|p1a: Primarina|Moonblast|p2a: Iron Jugulis
|-supereffective|p2a: Iron Jugulis
|-damage|p2a: Iron Jugulis|0 fnt
|faint|p2a: Iron Jugulis
|-end|p2a: Iron Jugulis|Quark Drive|[silent]
|
|upkeep
|inactive|Krusher Kane has 120 seconds left.
|c|☆chefspecials|choice locking yourself in a 70percent move is crazy
|
|t:|1760722185
|switch|p2a: Kyurem|Kyurem|82/100 tox
|-damage|p2a: Kyurem|57/100 tox|[from] Stealth Rock
|-ability|p2a: Kyurem|Pressure
|turn|17
|
|t:|1760722198
|switch|p1a: Incineroar|Incineroar, M|100/100
|-ability|p1a: Incineroar|Intimidate|boost
|-unboost|p2a: Kyurem|atk|1
|move|p2a: Kyurem|Freeze-Dry|p1a: Incineroar
|-resisted|p1a: Incineroar
|-damage|p1a: Incineroar|84/100
|
|-damage|p2a: Kyurem|51/100 tox|[from] psn
|upkeep
|turn|18
|inactive|Krusher Kane has 120 seconds left.
|
|t:|1760722219
|switch|p2a: Mimikyu|Mimikyu-Busted, M|55/100 psn
|-damage|p2a: Mimikyu|42/100 psn|[from] Stealth Rock
|move|p1a: Incineroar|Fake Out|p2a: Mimikyu
|-immune|p2a: Mimikyu
|
|-heal|p2a: Mimikyu|48/100 psn|[from] item: Leftovers
|-damage|p2a: Mimikyu|36/100 psn|[from] psn
|upkeep
|turn|19
|inactive|Krusher Kane has 120 seconds left.
|
|t:|1760722233
|-terastallize|p1a: Incineroar|Grass
|move|p2a: Mimikyu|Destiny Bond|p2a: Mimikyu
|-singlemove|p2a: Mimikyu|Destiny Bond
|move|p1a: Incineroar|Knock Off|p2a: Mimikyu
|-damage|p2a: Mimikyu|0 fnt
|-enditem|p2a: Mimikyu|Leftovers|[from] move: Knock Off|[of] p1a: Incineroar
|faint|p2a: Mimikyu
|-activate|p2a: Mimikyu|move: Destiny Bond
|faint|p1a: Incineroar
|
|upkeep
|-message|chefspecials forfeited.
|
|win|Krusher Kane
|raw|chefspecials's rating: 1185 &rarr; <strong>1163</strong><br />(-22 for losing)
|raw|Krusher Kane's rating: 1227 &rarr; <strong>1249</strong><br />(+22 for winning)
|l|☆chefspecials
|player|p1|
|l|‽Krusher Kane
|player|p2|
