|badge|p2|silver|gen9ou|30-7
|uhtml|medal-msg|<div class="broadcast-blue">Curious what those medals under the avatar are? PS now has Ladder Seasons! For more information, check out the <a href="https://www.smogon.com/forums/threads/3740067/">thread on Smogon.</a></div>
|j|☆teamskullenoxa
|j|☆torvik en place
|t:|1760734496
|gametype|singles
|player|p1|teamskullenoxa|170|1746
|player|p2|torvik en place|lucas|1955
|gen|9
|tier|[Gen 9] OU
|rated|
|rule|HP Percentage Mod: HP is shown in percentages
|rule|Endless Battle Clause: Forcing endless battles is banned
|rule|Species Clause: Limit one of each Pokémon
|rule|OHKO Clause: OHKO moves are banned
|rule|Evasion Items Clause: Evasion items are banned
|rule|Evasion Moves Clause: Evasion moves are banned
|rule|Evasion Abilities Clause: Evasion abilities are banned
|rule|Sleep Moves Clause: Sleep-inducing moves are banned
|clearpoke
|poke|p1|Lokix, F|
|poke|p1|Slowking-Galar, F|
|poke|p1|Weavile, F|
|poke|p1|Enamorus, F|
|poke|p1|Alomomola, F|
|poke|p1|Cinderace, M|
|poke|p2|Darkrai|
|poke|p2|Enamorus, F|
|poke|p2|Cinderace, F|
|poke|p2|Great Tusk|
|poke|p2|Alomomola, F|
|poke|p2|Amoonguss, F|
|teampreview
|inactive|Battle timer is ON: inactive players will automatically lose when time's up. (requested by teamskullenoxa)
|
|t:|1760734522
|teamsize|p1|6
|teamsize|p2|6
|start
|switch|p1a: Slowking|Slowking-Galar, F|100/100
|switch|p2a: Darkrai|Darkrai|100/100
|turn|1
|
|t:|1760734530
|switch|p1a: Alomomola|Alomomola, F|100/100
|move|p2a: Darkrai|Knock Off|p1a: Alomomola
|-damage|p1a: Alomomola|73/100
|-enditem|p1a: Alomomola|Assault Vest|[from] move: Knock Off|[of] p2a: Darkrai
|
|upkeep
|turn|2
|
|t:|1760734535
|move|p2a: Darkrai|Dark Pulse|p1a: Alomomola
|-damage|p1a: Alomomola|35/100
|move|p1a: Alomomola|Flip Turn|p2a: Darkrai
|-damage|p2a: Darkrai|79/100
|
|t:|1760734544
|switch|p1a: Lokix|Lokix, F|100/100|[from] Flip Turn
|
|upkeep
|turn|3
|
|t:|1760734569
|switch|p2a: Alomomola|Alomomola, F|100/100
|move|p1a: Lokix|First Impression|p2a: Alomomola
|-damage|p2a: Alomomola|59/100
|
|upkeep
|turn|4
|
|t:|1760734576
|move|p1a: Lokix|Knock Off|p2a: Alomomola
|-damage|p2a: Alomomola|25/100
|-enditem|p2a: Alomomola|Assault Vest|[from] move: Knock Off|[of] p1a: Lokix
|move|p2a: Alomomola|Flip Turn|p1a: Lokix
|-damage|p1a: Lokix|76/100
|inactive|torvik en place has 120 seconds left.
|
|t:|1760734613
|switch|p2a: Great Tusk|Great Tusk|100/100|[from] Flip Turn
|
|upkeep
|turn|5
|
|t:|1760734621
|move|p2a: Great Tusk|Headlong Rush|p1a: Lokix
|-resisted|p1a: Lokix
|-damage|p1a: Lokix|31/100
|-unboost|p2a: Great Tusk|def|1
|-unboost|p2a: Great Tusk|spd|1
|move|p1a: Lokix|U-turn|p2a: Great Tusk
|-resisted|p2a: Great Tusk
|-damage|p2a: Great Tusk|57/100
|
|t:|1760734630
|switch|p1a: Enamorus|Enamorus, F|100/100|[from] U-turn
|
|upkeep
|turn|6
|
|t:|1760734635
|-end|p2a: Great Tusk|Protosynthesis|[silent]
|switch|p2a: Alomomola|Alomomola, F|58/100
|-terastallize|p1a: Enamorus|Stellar
|move|p1a: Enamorus|Tera Blast|p2a: Alomomola|[anim] Tera Blast Stellar
|-crit|p2a: Alomomola
|-damage|p2a: Alomomola|10/100
|-boost|p1a: Enamorus|atk|1
|-boost|p1a: Enamorus|spa|1
|
|upkeep
|turn|7
|inactive|torvik en place has 120 seconds left.
|
|t:|1760734661
|move|p2a: Alomomola|Aqua Jet|p1a: Enamorus
|-damage|p1a: Enamorus|83/100
|move|p1a: Enamorus|Tera Blast|p2a: Alomomola|[anim] Tera Blast Stellar
|-damage|p2a: Alomomola|0 fnt
|-boost|p1a: Enamorus|atk|1
|-boost|p1a: Enamorus|spa|1
|faint|p2a: Alomomola
|
|upkeep
|inactive|torvik en place has 90 seconds left.
|
|t:|1760734712
|switch|p2a: Amoonguss|Amoonguss, F|100/100
|turn|8
|
|t:|1760734716
|switch|p1a: Slowking|Slowking-Galar, F|100/100
|move|p2a: Amoonguss|Clear Smog|p1a: Slowking
|-resisted|p1a: Slowking
|-damage|p1a: Slowking|94/100
|-clearboost|p1a: Slowking
|
|upkeep
|turn|9
|
|t:|1760734737
|switch|p2a: Darkrai|Darkrai|79/100
|move|p1a: Slowking|Sludge Bomb|p2a: Darkrai
|-damage|p2a: Darkrai|33/100
|
|upkeep
|turn|10
|
|t:|1760734741
|switch|p1a: Alomomola|Alomomola, F|68/100
|move|p2a: Darkrai|Dark Pulse|p1a: Alomomola
|-damage|p1a: Alomomola|29/100
|
|upkeep
|turn|11
|
|t:|1760734752
|move|p2a: Darkrai|Dark Pulse|p1a: Alomomola
|-damage|p1a: Alomomola|0 fnt
|faint|p1a: Alomomola
|
|upkeep
|
|t:|1760734766
|switch|p1a: Enamorus|Enamorus, F, tera:Stellar|83/100
|turn|12
|
|t:|1760734770
|switch|p2a: Amoonguss|Amoonguss, F|100/100
|move|p1a: Enamorus|Tera Blast|p2a: Amoonguss|[anim] Tera Blast Stellar
|-damage|p2a: Amoonguss|61/100
|-boost|p1a: Enamorus|atk|1
|-boost|p1a: Enamorus|spa|1
|
|upkeep
|turn|13
|
|t:|1760734775
|switch|p1a: Slowking|Slowking-Galar, F|100/100
|move|p2a: Amoonguss|Clear Smog|p1a: Slowking
|-resisted|p1a: Slowking
|-damage|p1a: Slowking|94/100
|-clearboost|p1a: Slowking
|
|upkeep
|turn|14
|
|t:|1760734784
|switch|p2a: Great Tusk|Great Tusk|57/100
|move|p1a: Slowking|Sludge Bomb|p2a: Great Tusk
|-resisted|p2a: Great Tusk
|-damage|p2a: Great Tusk|30/100
|
|upkeep
|turn|15
|inactive|torvik en place has 120 seconds left.
|
|t:|1760734812
|move|p2a: Great Tusk|Stone Edge|p1a: Slowking
|-damage|p1a: Slowking|69/100
|move|p1a: Slowking|Ice Beam|p2a: Great Tusk
|-supereffective|p2a: Great Tusk
|-damage|p2a: Great Tusk|0 fnt
|faint|p2a: Great Tusk
|-end|p2a: Great Tusk|Protosynthesis|[silent]
|
|upkeep
|
|t:|1760734817
|switch|p2a: Darkrai|Darkrai|33/100
|turn|16
|
|t:|1760734820
|move|p2a: Darkrai|Dark Pulse|p1a: Slowking
|-supereffective|p1a: Slowking
|-damage|p1a: Slowking|0 fnt
|faint|p1a: Slowking
|
|upkeep
|
|t:|1760734833
|switch|p1a: Lokix|Lokix, F|31/100
|turn|17
|inactive|torvik en place has 120 seconds left.
|
|t:|1760734867
|switch|p2a: Enamorus|Enamorus, F|100/100
|move|p1a: Lokix|First Impression|p2a: Enamorus
|-resisted|p2a: Enamorus
|-damage|p2a: Enamorus|61/100
|
|upkeep
|turn|18
|inactive|torvik en place has 120 seconds left.
|
|t:|1760734888
|move|p1a: Lokix|Sucker Punch|p2a: Enamorus
|-resisted|p2a: Enamorus
|-damage|p2a: Enamorus|6/100
|move|p2a: Enamorus|Moonblast|p1a: Lokix
|-supereffective|p1a: Lokix
|-damage|p1a: Lokix|0 fnt
|faint|p1a: Lokix
|
|upkeep
|
|t:|1760734905
|switch|p1a: Weavile|Weavile, F|100/100
|-ability|p1a: Weavile|Pressure
|turn|19
|inactive|torvik en place has 120 seconds left.
|
|t:|1760734911
|move|p1a: Weavile|Ice Shard|p2a: Enamorus
|-supereffective|p2a: Enamorus
|-damage|p2a: Enamorus|0 fnt
|faint|p2a: Enamorus
|
|upkeep
|
|t:|1760734913
|switch|p2a: Cinderace|Cinderace, F|100/100
|turn|20
|
|t:|1760734922
|switch|p1a: Cinderace|Cinderace, M|100/100
|move|p2a: Cinderace|Pyro Ball|p1a: Cinderace
|-resisted|p1a: Cinderace
|-damage|p1a: Cinderace|64/100
|
|upkeep
|turn|21
|
|t:|1760734928
|move|p1a: Cinderace|High Jump Kick|p2a: Cinderace
|-damage|p2a: Cinderace|48/100
|move|p2a: Cinderace|U-turn|p1a: Cinderace
|-resisted|p1a: Cinderace
|-damage|p1a: Cinderace|50/100
|
|t:|1760734934
|switch|p2a: Darkrai|Darkrai|33/100|[from] U-turn
|
|upkeep
|turn|22
|
|t:|1760734939
|move|p2a: Darkrai|Dark Pulse|p1a: Cinderace
|-damage|p1a: Cinderace|0 fnt
|faint|p1a: Cinderace
|
|upkeep
|
|t:|1760734943
|switch|p1a: Enamorus|Enamorus, F, tera:Stellar|83/100
|turn|23
|inactive|torvik en place has 120 seconds left.
|
|t:|1760734986
|move|p1a: Enamorus|Tera Blast|p2a: Darkrai|[anim] Tera Blast Stellar
|-damage|p2a: Darkrai|0 fnt
|-boost|p1a: Enamorus|atk|1
|-boost|p1a: Enamorus|spa|1
|faint|p2a: Darkrai
|
|upkeep
|
|t:|1760734988
|switch|p2a: Amoonguss|Amoonguss, F|94/100
|turn|24
|
|t:|1760734996
|switch|p1a: Weavile|Weavile, F|100/100
|-ability|p1a: Weavile|Pressure
|move|p2a: Amoonguss|Clear Smog|p1a: Weavile
|-damage|p1a: Weavile|80/100
|-clearboost|p1a: Weavile
|
|upkeep
|turn|25
|
|t:|1760734999
|move|p2a: Amoonguss|Protect|p2a: Amoonguss
|-singleturn|p2a: Amoonguss|Protect
|move|p1a: Weavile|Triple Axel|p2a: Amoonguss
|-activate|p2a: Amoonguss|move: Protect
|
|upkeep
|turn|26
|
|t:|1760735019
|-terastallize|p2a: Amoonguss|Water
|move|p1a: Weavile|Triple Axel|p2a: Amoonguss|[miss]
|-miss|p1a: Weavile|p2a: Amoonguss
|move|p2a: Amoonguss|Leaf Storm|p1a: Weavile
|-damage|p1a: Weavile|22/100
|-unboost|p2a: Amoonguss|spa|2
|-enditem|p2a: Amoonguss|Eject Pack
|
|t:|1760735022
|switch|p2a: Cinderace|Cinderace, F|48/100
|
|upkeep
|turn|27
|
|t:|1760735027
|switch|p2a: Amoonguss|Amoonguss, F, tera:Water|100/100
|move|p1a: Weavile|Triple Axel|p2a: Amoonguss
|-resisted|p2a: Amoonguss
|-damage|p2a: Amoonguss|95/100
|-hitcount|p2a: Amoonguss|1
|
|upkeep
|turn|28
|
|t:|1760735040
|move|p1a: Weavile|Triple Axel|p2a: Amoonguss
|-resisted|p2a: Amoonguss
|-damage|p2a: Amoonguss|89/100
|-resisted|p2a: Amoonguss
|-damage|p2a: Amoonguss|79/100
|-resisted|p2a: Amoonguss
|-damage|p2a: Amoonguss|63/100
|-hitcount|p2a: Amoonguss|3
|move|p2a: Amoonguss|Clear Smog|p1a: Weavile
|-crit|p1a: Weavile
|-damage|p1a: Weavile|0 fnt
|-clearboost|p1a: Weavile
|faint|p1a: Weavile
|
|upkeep
|
|t:|1760735046
|switch|p1a: Enamorus|Enamorus, F, tera:Stellar|83/100
|turn|29
|
|t:|1760735048
|move|p1a: Enamorus|Tera Blast|p2a: Amoonguss|[anim] Tera Blast Stellar
|-supereffective|p2a: Amoonguss
|-damage|p2a: Amoonguss|0 fnt
|-boost|p1a: Enamorus|atk|1
|-boost|p1a: Enamorus|spa|1
|faint|p2a: Amoonguss
|
|upkeep
|
|t:|1760735050
|switch|p2a: Cinderace|Cinderace, F|48/100
|turn|30
|
|t:|1760735053
|move|p1a: Enamorus|Tera Blast|p2a: Cinderace|[anim] Tera Blast Stellar
|-damage|p2a: Cinderace|0 fnt
|-boost|p1a: Enamorus|atk|1
|-boost|p1a: Enamorus|spa|1
|faint|p2a: Cinderace
|
|win|teamskullenoxa
|raw|teamskullenoxa's rating: 1746 &rarr; <strong>1777</strong><br />(+31 for winning)
|raw|torvik en place's rating: 1955 &rarr; <strong>1924</strong><br />(-31 for losing)
|l|☆torvik en place
|player|p2|
|l|☆teamskullenoxa
|player|p1|
