|j|☆jrg123
|j|‽bigkatt96
|t:|1760718657
|gametype|singles
|player|p1|jrg123|102|1399
|player|p2|bigkatt96|265|1344
|gen|9
|tier|[Gen 9] OU
|rated|
|rule|HP Percentage Mod: HP is shown in percentages
|rule|Endless Battle Clause: Forcing endless battles is banned
|rule|Species Clause: Limit one of each Pokémon
|rule|OHKO Clause: OHKO moves are banned
|rule|Evasion Items Clause: Evasion items are banned
|rule|Evasion Moves Clause: Evasion moves are banned
|rule|Evasion Abilities Clause: Evasion abilities are banned
|rule|Sleep Moves Clause: Sleep-inducing moves are banned
|clearpoke
|poke|p1|Lokix, F|
|poke|p1|Cinderace, M|
|poke|p1|Great Tusk|
|poke|p1|Alomomola, F|
|poke|p1|Enamorus, F|
|poke|p1|Slowking-Galar, M|
|poke|p2|Gallade, M|
|poke|p2|Haxorus, M|
|poke|p2|Toxtricity, M|
|poke|p2|Torterra, M|
|poke|p2|Eelektross, M|
|poke|p2|Slowbro, M|
|teampreview
|inactive|Battle timer is ON: inactive players will automatically lose when time's up. (requested by jrg123)
|
|t:|1760718666
|teamsize|p1|6
|teamsize|p2|6
|start
|switch|p1a: Lokix|Lokix, F|100/100
|switch|p2a: Slowbro|Slowbro, M, shiny|100/100
|turn|1
|
|t:|1760718677
|-terastallize|p1a: Lokix|Bug
|-terastallize|p2a: Slowbro|Steel
|move|p1a: Lokix|U-turn|p2a: Slowbro
|-resisted|p2a: Slowbro
|-crit|p2a: Slowbro
|-damage|p2a: Slowbro|44/100
|
|t:|1760718685
|switch|p1a: Slowking|Slowking-Galar, M|100/100|[from] U-turn
|move|p2a: Slowbro|Calm Mind|p2a: Slowbro
|-boost|p2a: Slowbro|spa|1
|-boost|p2a: Slowbro|spd|1
|
|upkeep
|turn|2
|
|t:|1760718692
|move|p2a: Slowbro|Slack Off|p2a: Slowbro
|-heal|p2a: Slowbro|94/100
|move|p1a: Slowking|Future Sight|p2a: Slowbro
|-start|p1a: Slowking|move: Future Sight
|
|upkeep
|turn|3
|
|t:|1760718698
|move|p2a: Slowbro|Calm Mind|p2a: Slowbro
|-boost|p2a: Slowbro|spa|1
|-boost|p2a: Slowbro|spd|1
|-prepare|p1a: Slowking|Chilly Reception|[premajor]
|move|p1a: Slowking|Chilly Reception|p1a: Slowking
|-weather|Snowscape
|
|t:|1760718712
|switch|p1a: Great Tusk|Great Tusk|100/100|[from] Chilly Reception
|
|-weather|Snowscape|[upkeep]
|upkeep
|turn|4
|
|t:|1760718718
|move|p1a: Great Tusk|Earthquake|p2a: Slowbro
|-supereffective|p2a: Slowbro
|-damage|p2a: Slowbro|43/100
|move|p2a: Slowbro|Scald|p1a: Great Tusk
|-supereffective|p1a: Great Tusk
|-damage|p1a: Great Tusk|0 fnt
|faint|p1a: Great Tusk
|-end|p1a: Great Tusk|Protosynthesis|[silent]
|
|-weather|Snowscape|[upkeep]
|-end|p2a: Slowbro|move: Future Sight
|-resisted|p2a: Slowbro
|-damage|p2a: Slowbro|32/100
|upkeep
|
|t:|1760718726
|switch|p1a: Lokix|Lokix, F, tera:Bug|100/100
|turn|5
|
|t:|1760718732
|move|p1a: Lokix|U-turn|p2a: Slowbro
|-resisted|p2a: Slowbro
|-damage|p2a: Slowbro|0 fnt
|faint|p2a: Slowbro
|
|t:|1760718736
|switch|p1a: Cinderace|Cinderace, M|100/100|[from] U-turn
|
|-weather|Snowscape|[upkeep]
|upkeep
|
|t:|1760718746
|switch|p2a: Toxtricity|Toxtricity, M|100/100
|turn|6
|
|t:|1760718753
|move|p1a: Cinderace|Pyro Ball|p2a: Toxtricity
|-damage|p2a: Toxtricity|31/100
|move|p2a: Toxtricity|Boomburst|p1a: Cinderace
|-damage|p1a: Cinderace|0 fnt
|faint|p1a: Cinderace
|
|-weather|Snowscape|[upkeep]
|upkeep
|
|t:|1760718762
|switch|p1a: Lokix|Lokix, F, tera:Bug|100/100
|turn|7
|
|t:|1760718765
|move|p1a: Lokix|First Impression|p2a: Toxtricity
|-resisted|p2a: Toxtricity
|-damage|p2a: Toxtricity|0 fnt
|faint|p2a: Toxtricity
|
|-weather|none
|upkeep
|
|t:|1760718772
|switch|p2a: Gallade|Gallade, M, shiny|100/100
|turn|8
|
|t:|1760718777
|switch|p1a: Alomomola|Alomomola, F|100/100
|move|p2a: Gallade|Agility|p2a: Gallade
|-boost|p2a: Gallade|spe|2
|
|upkeep
|turn|9
|
|t:|1760718784
|move|p2a: Gallade|Leaf Blade|p1a: Alomomola
|-supereffective|p1a: Alomomola
|-damage|p1a: Alomomola|4/100
|-damage|p2a: Gallade|91/100|[from] item: Life Orb
|move|p1a: Alomomola|Flip Turn|p2a: Gallade
|-damage|p2a: Gallade|62/100
|
|t:|1760718801
|switch|p1a: Lokix|Lokix, F, tera:Bug|100/100|[from] Flip Turn
|
|upkeep
|turn|10
|
|t:|1760718807
|move|p1a: Lokix|First Impression|p2a: Gallade
|-damage|p2a: Gallade|0 fnt
|faint|p2a: Gallade
|
|upkeep
|
|t:|1760718813
|switch|p2a: Torterra|Torterra, M|100/100
|turn|11
|
|t:|1760718835
|switch|p1a: Alomomola|Alomomola, F|37/100
|move|p2a: Torterra|Rock Blast|p1a: Alomomola
|-damage|p1a: Alomomola|31/100
|-crit|p1a: Alomomola
|-damage|p1a: Alomomola|22/100
|-damage|p1a: Alomomola|16/100
|-damage|p1a: Alomomola|10/100
|-damage|p1a: Alomomola|4/100
|-hitcount|p1a: Alomomola|5
|
|upkeep
|turn|12
|
|t:|1760718845
|move|p2a: Torterra|Rock Blast|p1a: Alomomola
|-damage|p1a: Alomomola|0 fnt
|faint|p1a: Alomomola
|-hitcount|p1: Alomomola|1
|
|upkeep
|
|t:|1760718848
|switch|p1a: Lokix|Lokix, F, tera:Bug|100/100
|turn|13
|
|t:|1760718854
|move|p1a: Lokix|U-turn|p2a: Torterra
|-supereffective|p2a: Torterra
|-damage|p2a: Torterra|0 fnt
|faint|p2a: Torterra
|
|t:|1760718857
|switch|p1a: Enamorus|Enamorus, F|100/100|[from] U-turn
|
|upkeep
|
|t:|1760718863
|switch|p2a: Eelektross|Eelektross, M|100/100
|turn|14
|
|t:|1760718869
|move|p1a: Enamorus|Moonblast|p2a: Eelektross
|-damage|p2a: Eelektross|59/100
|-unboost|p2a: Eelektross|spa|1
|move|p2a: Eelektross|Coil|p2a: Eelektross
|-boost|p2a: Eelektross|atk|1
|-boost|p2a: Eelektross|def|1
|-boost|p2a: Eelektross|accuracy|1
|
|-heal|p2a: Eelektross|65/100|[from] item: Leftovers
|upkeep
|turn|15
|
|t:|1760718879
|move|p1a: Enamorus|Moonblast|p2a: Eelektross
|-damage|p2a: Eelektross|22/100
|-unboost|p2a: Eelektross|spa|1
|move|p2a: Eelektross|Supercell Slam|p1a: Enamorus
|-supereffective|p1a: Enamorus
|-damage|p1a: Enamorus|0 fnt
|faint|p1a: Enamorus
|
|-heal|p2a: Eelektross|28/100|[from] item: Leftovers
|upkeep
|
|t:|1760718883
|switch|p1a: Lokix|Lokix, F, tera:Bug|100/100
|turn|16
|
|t:|1760718895
|move|p1a: Lokix|U-turn|p2a: Eelektross
|-damage|p2a: Eelektross|0 fnt
|faint|p2a: Eelektross
|
|t:|1760718898
|switch|p1a: Slowking|Slowking-Galar, M|100/100|[from] U-turn
|
|upkeep
|
|t:|1760718905
|switch|p2a: Haxorus|Haxorus, M, shiny|100/100
|-ability|p2a: Haxorus|Mold Breaker
|turn|17
|
|t:|1760718912
|move|p2a: Haxorus|Earthquake|p1a: Slowking
|-supereffective|p1a: Slowking
|-enditem|p1a: Slowking|Shuca Berry|[eat]
|-enditem|p1a: Slowking|Shuca Berry|[weaken]
|-damage|p1a: Slowking|75/100
|move|p1a: Slowking|Ice Beam|p2a: Haxorus
|-supereffective|p2a: Haxorus
|-damage|p2a: Haxorus|26/100
|
|upkeep
|turn|18
|-message|bigkatt96 forfeited.
|
|win|jrg123
|raw|jrg123's rating: 1399 &rarr; <strong>1416</strong><br />(+17 for winning)
|raw|bigkatt96's rating: 1344 &rarr; <strong>1327</strong><br />(-17 for losing)
|l|‽bigkatt96
|player|p2|
|l|☆jrg123
|player|p1|
