|j|☆Winter escape
|j|☆UltraDJames
|t:|1760784217
|gametype|singles
|player|p1|Winter escape|unknown|1313
|player|p2|UltraDJames|falkner|1343
|gen|9
|tier|[Gen 9] OU
|rated|
|rule|HP Percentage Mod: HP is shown in percentages
|rule|Endless Battle Clause: Forcing endless battles is banned
|rule|Species Clause: Limit one of each Pokémon
|rule|OHKO Clause: OHKO moves are banned
|rule|Evasion Items Clause: Evasion items are banned
|rule|Evasion Moves Clause: Evasion moves are banned
|rule|Evasion Abilities Clause: Evasion abilities are banned
|rule|Sleep Moves Clause: Sleep-inducing moves are banned
|clearpoke
|poke|p1|Iron Moth|
|poke|p1|Iron Valiant|
|poke|p1|Pecharunt|
|poke|p1|Slowking, M|
|poke|p1|Scizor, M|
|poke|p1|Deoxys-Speed|
|poke|p2|Entei|
|poke|p2|Corviknight, F|
|poke|p2|Glimmora, F|
|poke|p2|Cinccino, M|
|poke|p2|Quagsire, M|
|poke|p2|Deoxys-Defense|
|teampreview
|inactive|Battle timer is ON: inactive players will automatically lose when time's up. (requested by UltraDJames)
|c|☆UltraDJames|gl
|
|t:|1760784228
|teamsize|p1|6
|teamsize|p2|6
|start
|switch|p1a: Iron Moth|Iron Moth|100/100
|switch|p2a: Glimmora|Glimmora, F|100/100
|turn|1
|inactive|Winter escape has 120 seconds left.
|
|t:|1760784259
|move|p1a: Iron Moth|Energy Ball|p2a: Glimmora
|-damage|p2a: Glimmora|56/100
|-unboost|p2a: Glimmora|spd|1
|move|p2a: Glimmora|Power Gem|p1a: Iron Moth
|-supereffective|p1a: Iron Moth
|-damage|p1a: Iron Moth|17/100
|
|upkeep
|turn|2
|
|t:|1760784272
|switch|p2a: Corviknight|Corviknight, F|100/100
|move|p1a: Iron Moth|Energy Ball|p2a: Corviknight
|-resisted|p2a: Corviknight
|-damage|p2a: Corviknight|94/100
|
|-heal|p2a: Corviknight|100/100|[from] item: Leftovers
|upkeep
|turn|3
|
|t:|1760784281
|switch|p2a: Glimmora|Glimmora, F|56/100
|move|p1a: Iron Moth|Fiery Dance|p2a: Glimmora
|-resisted|p2a: Glimmora
|-damage|p2a: Glimmora|30/100
|
|upkeep
|turn|4
|
|t:|1760784291
|move|p1a: Iron Moth|Energy Ball|p2a: Glimmora
|-damage|p2a: Glimmora|0 fnt
|faint|p2a: Glimmora
|
|upkeep
|
|t:|1760784295
|switch|p2a: Cinccino|Cinccino, M|100/100
|turn|5
|
|t:|1760784300
|-end|p1a: Iron Moth|Quark Drive|[silent]
|switch|p1a: Pecharunt|Pecharunt|100/100
|move|p2a: Cinccino|Rock Blast|p1a: Pecharunt
|-damage|p1a: Pecharunt|95/100
|-damage|p1a: Pecharunt|90/100
|-damage|p1a: Pecharunt|85/100
|-damage|p1a: Pecharunt|80/100
|-hitcount|p1a: Pecharunt|4
|
|upkeep
|turn|6
|
|t:|1760784312
|switch|p2a: Quagsire|Quagsire, M|100/100
|move|p1a: Pecharunt|Parting Shot|p2a: Quagsire
|-unboost|p2a: Quagsire|atk|1
|-unboost|p2a: Quagsire|spa|1
|
|t:|1760784320
|switch|p1a: Iron Moth|Iron Moth|17/100|[from] Parting Shot
|
|upkeep
|turn|7
|
|t:|1760784328
|switch|p2a: Deoxys|Deoxys-Defense|100/100
|-ability|p2a: Deoxys|Pressure
|move|p1a: Iron Moth|Fiery Dance|p2a: Deoxys
|-damage|p2a: Deoxys|70/100
|-boost|p1a: Iron Moth|spa|1
|
|upkeep
|turn|8
|
|t:|1760784338
|move|p1a: Iron Moth|Fiery Dance|p2a: Deoxys
|-damage|p2a: Deoxys|29/100
|move|p2a: Deoxys|Thunderbolt|p1a: Iron Moth
|-damage|p1a: Iron Moth|0 fnt
|faint|p1a: Iron Moth
|-end|p1a: Iron Moth|Quark Drive|[silent]
|
|upkeep
|
|t:|1760784354
|switch|p1a: Scizor|Scizor, M|100/100
|turn|9
|
|t:|1760784360
|switch|p2a: Entei|Entei|100/100
|move|p1a: Scizor|Pounce|p2a: Entei
|-resisted|p2a: Entei
|-damage|p2a: Entei|79/100
|-unboost|p2a: Entei|spe|1
|
|upkeep
|turn|10
|
|t:|1760784375
|switch|p1a: Pecharunt|Pecharunt|80/100
|move|p2a: Entei|Sacred Fire|p1a: Pecharunt
|-damage|p1a: Pecharunt|58/100
|-status|p1a: Pecharunt|brn
|
|-damage|p1a: Pecharunt|52/100 brn|[from] brn
|upkeep
|turn|11
|
|t:|1760784385
|switch|p2a: Corviknight|Corviknight, F|100/100
|move|p1a: Pecharunt|Malignant Chain|p2a: Corviknight
|-immune|p2a: Corviknight
|
|-damage|p1a: Pecharunt|45/100 brn|[from] brn
|upkeep
|turn|12
|
|t:|1760784397
|move|p1a: Pecharunt|Recover|p1a: Pecharunt
|-heal|p1a: Pecharunt|95/100 brn
|move|p2a: Corviknight|Agility|p2a: Corviknight
|-boost|p2a: Corviknight|spe|2
|
|-damage|p1a: Pecharunt|89/100 brn|[from] brn
|upkeep
|turn|13
|
|t:|1760784405
|move|p2a: Corviknight|Bulk Up|p2a: Corviknight
|-boost|p2a: Corviknight|atk|1
|-boost|p2a: Corviknight|def|1
|move|p1a: Pecharunt|Parting Shot|p2a: Corviknight
|-ability|p2a: Corviknight|Mirror Armor
|-unboost|p1a: Pecharunt|atk|1
|-ability|p2a: Corviknight|Mirror Armor
|-unboost|p1a: Pecharunt|spa|1
|
|t:|1760784425
|switch|p1a: Deoxys|Deoxys-Speed|100/100|[from] Parting Shot
|-ability|p1a: Deoxys|Pressure
|
|upkeep
|turn|14
|
|t:|1760784435
|move|p1a: Deoxys|Taunt|p2a: Corviknight
|-start|p2a: Corviknight|move: Taunt
|cant|p2a: Corviknight|move: Taunt|Agility
|
|upkeep
|turn|15
|
|t:|1760784442
|move|p1a: Deoxys|Thunder Wave|p2a: Corviknight
|-status|p2a: Corviknight|par
|move|p2a: Corviknight|Power Trip|p1a: Deoxys
|-supereffective|p1a: Deoxys
|-damage|p1a: Deoxys|0 fnt
|faint|p1a: Deoxys
|
|upkeep
|
|t:|1760784456
|switch|p1a: Scizor|Scizor, M|100/100
|turn|16
|
|t:|1760784461
|move|p1a: Scizor|Swords Dance|p1a: Scizor
|-boost|p1a: Scizor|atk|2
|cant|p2a: Corviknight|par
|
|-end|p2a: Corviknight|move: Taunt
|upkeep
|turn|17
|
|t:|1760784469
|move|p1a: Scizor|Swords Dance|p1a: Scizor
|-boost|p1a: Scizor|atk|2
|move|p2a: Corviknight|Agility|p2a: Corviknight
|-boost|p2a: Corviknight|spe|2
|
|upkeep
|turn|18
|
|t:|1760784476
|move|p2a: Corviknight|Bulk Up|p2a: Corviknight
|-boost|p2a: Corviknight|atk|1
|-boost|p2a: Corviknight|def|1
|move|p1a: Scizor|Swords Dance|p1a: Scizor
|-boost|p1a: Scizor|atk|2
|
|upkeep
|turn|19
|
|t:|1760784483
|move|p1a: Scizor|Bullet Punch|p2a: Corviknight
|-resisted|p2a: Corviknight
|-damage|p2a: Corviknight|76/100 par
|cant|p2a: Corviknight|par
|
|-heal|p2a: Corviknight|82/100 par|[from] item: Leftovers
|upkeep
|turn|20
|
|t:|1760784490
|move|p1a: Scizor|Bullet Punch|p2a: Corviknight
|-resisted|p2a: Corviknight
|-damage|p2a: Corviknight|55/100 par
|move|p2a: Corviknight|Bulk Up|p2a: Corviknight
|-boost|p2a: Corviknight|atk|1
|-boost|p2a: Corviknight|def|1
|
|-heal|p2a: Corviknight|61/100 par|[from] item: Leftovers
|upkeep
|turn|21
|
|t:|1760784497
|move|p1a: Scizor|Bullet Punch|p2a: Corviknight
|-resisted|p2a: Corviknight
|-damage|p2a: Corviknight|39/100 par
|move|p2a: Corviknight|Roost|p2a: Corviknight
|-heal|p2a: Corviknight|89/100 par
|-singleturn|p2a: Corviknight|move: Roost
|
|-heal|p2a: Corviknight|95/100 par|[from] item: Leftovers
|upkeep
|turn|22
|
|t:|1760784505
|move|p1a: Scizor|Bullet Punch|p2a: Corviknight
|-resisted|p2a: Corviknight
|-damage|p2a: Corviknight|74/100 par
|move|p2a: Corviknight|Bulk Up|p2a: Corviknight
|-boost|p2a: Corviknight|atk|1
|-boost|p2a: Corviknight|def|1
|
|-heal|p2a: Corviknight|80/100 par|[from] item: Leftovers
|upkeep
|turn|23
|
|t:|1760784512
|move|p1a: Scizor|Bullet Punch|p2a: Corviknight
|-resisted|p2a: Corviknight
|-damage|p2a: Corviknight|61/100 par
|move|p2a: Corviknight|Bulk Up|p2a: Corviknight
|-boost|p2a: Corviknight|atk|1
|-boost|p2a: Corviknight|def|1
|
|-heal|p2a: Corviknight|68/100 par|[from] item: Leftovers
|upkeep
|turn|24
|
|t:|1760784520
|move|p1a: Scizor|Bullet Punch|p2a: Corviknight
|-resisted|p2a: Corviknight
|-damage|p2a: Corviknight|53/100 par
|cant|p2a: Corviknight|par
|
|-heal|p2a: Corviknight|59/100 par|[from] item: Leftovers
|upkeep
|turn|25
|
|t:|1760784526
|move|p1a: Scizor|Bullet Punch|p2a: Corviknight
|-resisted|p2a: Corviknight
|-damage|p2a: Corviknight|44/100 par
|move|p2a: Corviknight|Bulk Up|p2a: Corviknight
|-boost|p2a: Corviknight|atk|1
|-boost|p2a: Corviknight|def|1
|
|-heal|p2a: Corviknight|50/100 par|[from] item: Leftovers
|upkeep
|turn|26
|
|t:|1760784533
|move|p1a: Scizor|Bullet Punch|p2a: Corviknight
|-resisted|p2a: Corviknight
|-damage|p2a: Corviknight|37/100 par
|cant|p2a: Corviknight|par
|
|-heal|p2a: Corviknight|43/100 par|[from] item: Leftovers
|upkeep
|turn|27
|
|t:|1760784539
|move|p1a: Scizor|Bullet Punch|p2a: Corviknight
|-resisted|p2a: Corviknight
|-damage|p2a: Corviknight|31/100 par
|move|p2a: Corviknight|Roost|p2a: Corviknight
|-heal|p2a: Corviknight|81/100 par
|-singleturn|p2a: Corviknight|move: Roost
|
|-heal|p2a: Corviknight|87/100 par|[from] item: Leftovers
|upkeep
|turn|28
|
|t:|1760784547
|move|p1a: Scizor|Bullet Punch|p2a: Corviknight
|-resisted|p2a: Corviknight
|-damage|p2a: Corviknight|73/100 par
|move|p2a: Corviknight|Agility|p2a: Corviknight
|-boost|p2a: Corviknight|spe|2
|
|-heal|p2a: Corviknight|80/100 par|[from] item: Leftovers
|upkeep
|turn|29
|
|t:|1760784554
|move|p1a: Scizor|Bullet Punch|p2a: Corviknight
|-resisted|p2a: Corviknight
|-damage|p2a: Corviknight|67/100 par
|cant|p2a: Corviknight|par
|
|-heal|p2a: Corviknight|73/100 par|[from] item: Leftovers
|upkeep
|turn|30
|
|t:|1760784562
|move|p1a: Scizor|Bullet Punch|p2a: Corviknight
|-resisted|p2a: Corviknight
|-damage|p2a: Corviknight|61/100 par
|cant|p2a: Corviknight|par
|
|-heal|p2a: Corviknight|67/100 par|[from] item: Leftovers
|upkeep
|turn|31
|
|t:|1760784568
|move|p1a: Scizor|Bullet Punch|p2a: Corviknight
|-resisted|p2a: Corviknight
|-damage|p2a: Corviknight|55/100 par
|move|p2a: Corviknight|Roost|p2a: Corviknight
|-heal|p2a: Corviknight|100/100 par
|-singleturn|p2a: Corviknight|move: Roost
|
|upkeep
|turn|32
|
|t:|1760784574
|move|p1a: Scizor|Bullet Punch|p2a: Corviknight
|-resisted|p2a: Corviknight
|-damage|p2a: Corviknight|87/100 par
|move|p2a: Corviknight|Power Trip|p1a: Scizor
|-damage|p1a: Scizor|0 fnt
|faint|p1a: Scizor
|
|-heal|p2a: Corviknight|93/100 par|[from] item: Leftovers
|upkeep
|
|t:|1760784583
|switch|p1a: Iron Valiant|Iron Valiant|100/100
|-enditem|p1a: Iron Valiant|Booster Energy
|-activate|p1a: Iron Valiant|ability: Quark Drive|[fromitem]
|-start|p1a: Iron Valiant|quarkdrivespe
|turn|33
|
|t:|1760784591
|move|p1a: Iron Valiant|Hex|p2a: Corviknight
|-damage|p2a: Corviknight|66/100 par
|move|p2a: Corviknight|Power Trip|p1a: Iron Valiant
|-resisted|p1a: Iron Valiant
|-damage|p1a: Iron Valiant|5/100
|
|-heal|p2a: Corviknight|72/100 par|[from] item: Leftovers
|upkeep
|turn|34
|
|t:|1760784599
|move|p1a: Iron Valiant|Hex|p2a: Corviknight
|-damage|p2a: Corviknight|45/100 par
|move|p2a: Corviknight|Power Trip|p1a: Iron Valiant
|-resisted|p1a: Iron Valiant
|-damage|p1a: Iron Valiant|0 fnt
|faint|p1a: Iron Valiant
|-end|p1a: Iron Valiant|Quark Drive|[silent]
|
|-heal|p2a: Corviknight|51/100 par|[from] item: Leftovers
|upkeep
|-message|Winter escape forfeited.
|
|win|UltraDJames
|raw|Winter escape's rating: 1313 &rarr; <strong>1295</strong><br />(-18 for losing)
|raw|UltraDJames's rating: 1343 &rarr; <strong>1361</strong><br />(+18 for winning)
|l|☆Winter escape
|player|p1|
|c|☆UltraDJames|ggs
