|j|☆MrSpeakerKnockers
|j|☆HZBKAI9
|t:|1760848753
|gametype|singles
|player|p1|MrSpeakerKnockers|266|1073
|player|p2|HZBKAI9|2|1129
|gen|9
|tier|[Gen 9] OU
|rated|
|rule|HP Percentage Mod: HP is shown in percentages
|rule|Endless Battle Clause: Forcing endless battles is banned
|rule|Species Clause: Limit one of each Pokémon
|rule|OHKO Clause: OHKO moves are banned
|rule|Evasion Items Clause: Evasion items are banned
|rule|Evasion Moves Clause: Evasion moves are banned
|rule|Evasion Abilities Clause: Evasion abilities are banned
|rule|Sleep Moves Clause: Sleep-inducing moves are banned
|clearpoke
|poke|p1|Snorlax, M|
|poke|p1|Serperior, F|
|poke|p1|Dragonite, M|
|poke|p1|Quagsire, M|
|poke|p1|Eelektross, M|
|poke|p1|Metagross|
|poke|p2|Hoopa-Unbound|
|poke|p2|Heatran, M|
|poke|p2|Drifblim, F|
|poke|p2|Kingambit, F|
|poke|p2|Dragonite, M|
|poke|p2|Gardevoir, F|
|teampreview
|
|t:|1760848773
|teamsize|p1|6
|teamsize|p2|6
|start
|switch|p1a: Snorlax|Snorlax, M, shiny|100/100
|switch|p2a: Kingambit|Kingambit, F|100/100
|turn|1
|
|t:|1760848783
|move|p2a: Kingambit|Kowtow Cleave|p1a: Snorlax
|-damage|p1a: Snorlax|55/100
|move|p1a: Snorlax|Earthquake|p2a: Kingambit
|-supereffective|p2a: Kingambit
|-damage|p2a: Kingambit|42/100
|
|-heal|p2a: Kingambit|48/100|[from] item: Leftovers
|-heal|p1a: Snorlax|61/100|[from] item: Leftovers
|upkeep
|turn|2
|
|t:|1760848791
|move|p2a: Kingambit|Kowtow Cleave|p1a: Snorlax
|-damage|p1a: Snorlax|10/100
|move|p1a: Snorlax|Earthquake|p2a: Kingambit
|-supereffective|p2a: Kingambit
|-damage|p2a: Kingambit|0 fnt
|faint|p2a: Kingambit
|-end|p2a: Kingambit|fallenundefined|[silent]
|
|-heal|p1a: Snorlax|17/100|[from] item: Leftovers
|upkeep
|
|t:|1760848791
|switch|p2a: Hoopa|Hoopa-Unbound|100/100
|turn|3
|
|t:|1760848820
|move|p2a: Hoopa|Drain Punch|p1a: Snorlax
|-supereffective|p1a: Snorlax
|-damage|p1a: Snorlax|0 fnt
|faint|p1a: Snorlax
|
|upkeep
|
|t:|1760848851
|switch|p1a: Eelektross|Eelektross, M|100/100
|turn|4
|
|t:|1760848856
|move|p2a: Hoopa|Psychic Noise|p1a: Eelektross
|-damage|p1a: Eelektross|49/100
|-start|p1a: Eelektross|move: Heal Block
|move|p1a: Eelektross|Thunderbolt|p2a: Hoopa
|-damage|p2a: Hoopa|75/100
|
|upkeep
|turn|5
|
|t:|1760848865
|move|p2a: Hoopa|Psychic Noise|p1a: Eelektross
|-damage|p1a: Eelektross|1/100
|move|p1a: Eelektross|Thunderbolt|p2a: Hoopa
|-damage|p2a: Hoopa|50/100
|
|-end|p1a: Eelektross|move: Heal Block
|upkeep
|turn|6
|
|t:|1760848872
|move|p2a: Hoopa|Psychic Noise|p1a: Eelektross
|-damage|p1a: Eelektross|0 fnt
|faint|p1a: Eelektross
|
|upkeep
|
|t:|1760848885
|switch|p1a: Quagsire|Quagsire, M|100/100
|turn|7
|
|t:|1760848890
|move|p2a: Hoopa|Psychic Noise|p1a: Quagsire
|-damage|p1a: Quagsire|40/100
|-start|p1a: Quagsire|move: Heal Block
|move|p1a: Quagsire|Surf|p2a: Hoopa
|-damage|p2a: Hoopa|36/100
|
|upkeep
|turn|8
|
|t:|1760848901
|move|p2a: Hoopa|Psychic Noise|p1a: Quagsire
|-damage|p1a: Quagsire|0 fnt
|faint|p1a: Quagsire
|
|upkeep
|
|t:|1760848915
|switch|p1a: Dragonite|Dragonite, M|100/100
|turn|9
|
|t:|1760848919
|move|p1a: Dragonite|Outrage|p2a: Hoopa
|-damage|p2a: Hoopa|0 fnt
|faint|p2a: Hoopa
|
|upkeep
|
|t:|1760848919
|switch|p2a: Dragonite|Dragonite, M|100/100
|turn|10
|
|t:|1760848950
|move|p2a: Dragonite|Ice Spinner|p1a: Dragonite
|-supereffective|p1a: Dragonite
|-crit|p1a: Dragonite
|-damage|p1a: Dragonite|0 fnt
|faint|p1a: Dragonite
|
|upkeep
|
|t:|1760848986
|switch|p1a: Serperior|Serperior, F|100/100
|turn|11
|
|t:|1760848995
|move|p1a: Serperior|Leaf Storm|p2a: Dragonite
|-resisted|p2a: Dragonite
|-damage|p2a: Dragonite|93/100
|-boost|p1a: Serperior|spa|2
|move|p2a: Dragonite|Ice Spinner|p1a: Serperior
|-supereffective|p1a: Serperior
|-damage|p1a: Serperior|29/100
|
|upkeep
|turn|12
|
|t:|1760849004
|move|p1a: Serperior|Leaf Storm|p2a: Dragonite
|-resisted|p2a: Dragonite
|-crit|p2a: Dragonite
|-damage|p2a: Dragonite|49/100
|-boost|p1a: Serperior|spa|2
|move|p2a: Dragonite|Ice Spinner|p1a: Serperior
|-supereffective|p1a: Serperior
|-damage|p1a: Serperior|0 fnt
|faint|p1a: Serperior
|
|upkeep
|
|t:|1760849012
|switch|p1a: Metagross|Metagross, shiny|100/100
|turn|13
|
|t:|1760849016
|move|p1a: Metagross|Bullet Punch|p2a: Dragonite
|-damage|p2a: Dragonite|20/100
|move|p2a: Dragonite|Earthquake|p1a: Metagross
|-supereffective|p1a: Metagross
|-damage|p1a: Metagross|46/100
|
|upkeep
|turn|14
|
|t:|1760849021
|move|p1a: Metagross|Bullet Punch|p2a: Dragonite
|-damage|p2a: Dragonite|0 fnt
|faint|p2a: Dragonite
|
|upkeep
|
|t:|1760849021
|switch|p2a: Heatran|Heatran, M|100/100
|turn|15
|
|t:|1760849030
|-terastallize|p1a: Metagross|Ground
|move|p2a: Heatran|Magma Storm|p1a: Metagross
|-damage|p1a: Metagross|0 fnt
|faint|p1a: Metagross
|
|win|HZBKAI9
|raw|MrSpeakerKnockers's rating: 1073 &rarr; <strong>1055</strong><br />(-18 for losing)
|raw|HZBKAI9's rating: 1129 &rarr; <strong>1150</strong><br />(+21 for winning)
|l|☆HZBKAI9
|player|p2|
|l|☆MrSpeakerKnockers
|player|p1|
