|j|‽Ryota Garcia
|j|☆pikapikabetis
|t:|1760727855
|gametype|singles
|player|p1|Ryota Garcia|riley|1134
|player|p2|pikapikabetis|169|1148
|gen|9
|tier|[Gen 9] OU
|rated|
|rule|HP Percentage Mod: HP is shown in percentages
|rule|Endless Battle Clause: Forcing endless battles is banned
|rule|Species Clause: Limit one of each Pokémon
|rule|OHKO Clause: OHKO moves are banned
|rule|Evasion Items Clause: Evasion items are banned
|rule|Evasion Moves Clause: Evasion moves are banned
|rule|Evasion Abilities Clause: Evasion abilities are banned
|rule|Sleep Moves Clause: Sleep-inducing moves are banned
|clearpoke
|poke|p1|Zapdos|
|poke|p1|Chandelure, M|
|poke|p1|Dondozo, M|
|poke|p1|Excadrill, M|
|poke|p1|Grafaiai, F|
|poke|p1|Toxicroak, F|
|poke|p2|Iron Crown|
|poke|p2|Weavile, F|
|poke|p2|Weezing-Galar, F|
|poke|p2|Ceruledge, F|
|poke|p2|Milotic, F|
|poke|p2|Zebstrika, F|
|teampreview
|inactive|Battle timer is ON: inactive players will automatically lose when time's up. (requested by Ryota Garcia)
|inactive|pikapikabetis has 120 seconds left.
|
|t:|1760727895
|teamsize|p1|6
|teamsize|p2|6
|start
|switch|p1a: Grafaiai|Grafaiai, F, shiny|100/100
|switch|p2a: Weavile|Weavile, F|100/100
|-ability|p2a: Weavile|Pressure
|turn|1
|
|t:|1760727906
|move|p1a: Grafaiai|Knock Off|p2a: Weavile
|-resisted|p2a: Weavile
|-damage|p2a: Weavile|78/100
|-enditem|p2a: Weavile|Focus Sash|[from] move: Knock Off|[of] p1a: Grafaiai
|move|p2a: Weavile|Swords Dance|p2a: Weavile
|-boost|p2a: Weavile|atk|2
|
|upkeep
|turn|2
|
|t:|1760727922
|switch|p1a: Dondozo|Dondozo, M, shiny|100/100
|move|p2a: Weavile|Knock Off|p1a: Dondozo
|-damage|p1a: Dondozo|73/100
|-enditem|p1a: Dondozo|Leftovers|[from] move: Knock Off|[of] p2a: Weavile
|
|upkeep
|turn|3
|
|t:|1760727933
|switch|p2a: Weezing|Weezing-Galar, F|100/100
|move|p1a: Dondozo|Curse|p1a: Dondozo
|-unboost|p1a: Dondozo|spe|1
|-boost|p1a: Dondozo|atk|1
|-boost|p1a: Dondozo|def|1
|
|upkeep
|turn|4
|
|t:|1760727945
|move|p2a: Weezing|Strange Steam|p1a: Dondozo
|-damage|p1a: Dondozo|55/100
|move|p1a: Dondozo|Earthquake|p2a: Weezing
|-immune|p2a: Weezing|[from] ability: Levitate
|
|upkeep
|turn|5
|
|t:|1760727952
|move|p2a: Weezing|Strange Steam|p1a: Dondozo
|-damage|p1a: Dondozo|35/100
|move|p1a: Dondozo|Avalanche|p2a: Weezing
|-damage|p2a: Weezing|76/100
|
|-heal|p2a: Weezing|82/100|[from] item: Black Sludge
|upkeep
|turn|6
|
|t:|1760727965
|switch|p1a: Excadrill|Excadrill, M|100/100
|-ability|p1a: Excadrill|Mold Breaker
|move|p2a: Weezing|Strange Steam|p1a: Excadrill
|-resisted|p1a: Excadrill
|-damage|p1a: Excadrill|83/100
|
|-heal|p2a: Weezing|88/100|[from] item: Black Sludge
|upkeep
|turn|7
|
|t:|1760727975
|move|p1a: Excadrill|Earthquake|p2a: Weezing
|-supereffective|p2a: Weezing
|-damage|p2a: Weezing|23/100
|move|p2a: Weezing|Strange Steam|p1a: Excadrill
|-resisted|p1a: Excadrill
|-damage|p1a: Excadrill|66/100
|
|-heal|p2a: Weezing|29/100|[from] item: Black Sludge
|upkeep
|turn|8
|
|t:|1760727989
|switch|p2a: Zebstrika|Zebstrika, F|100/100
|-item|p2a: Zebstrika|Air Balloon
|move|p1a: Excadrill|Earthquake|p2a: Zebstrika
|-immune|p2a: Zebstrika
|
|upkeep
|turn|9
|inactive|Ryota Garcia has 120 seconds left.
|
|t:|1760728024
|move|p2a: Zebstrika|Trailblaze|p1a: Excadrill
|-damage|p1a: Excadrill|47/100
|-boost|p2a: Zebstrika|spe|1
|-enditem|p1a: Excadrill|Sitrus Berry|[eat]
|-heal|p1a: Excadrill|72/100|[from] item: Sitrus Berry
|move|p1a: Excadrill|Iron Head|p2a: Zebstrika
|-resisted|p2a: Zebstrika
|-damage|p2a: Zebstrika|63/100
|-enditem|p2a: Zebstrika|Air Balloon
|
|upkeep
|turn|10
|inactive|Ryota Garcia has 120 seconds left.
|
|t:|1760728043
|switch|p1a: Toxicroak|Toxicroak, F|100/100
|move|p2a: Zebstrika|Trailblaze|p1a: Toxicroak
|-resisted|p1a: Toxicroak
|-damage|p1a: Toxicroak|88/100
|-boost|p2a: Zebstrika|spe|1
|
|upkeep
|turn|11
|inactive|Ryota Garcia has 120 seconds left.
|
|t:|1760728053
|move|p2a: Zebstrika|Thunder Wave|p1a: Toxicroak
|-status|p1a: Toxicroak|par
|move|p1a: Toxicroak|Drain Punch|p2a: Zebstrika
|-damage|p2a: Zebstrika|10/100
|-heal|p1a: Toxicroak|100/100 par|[from] drain|[of] p2a: Zebstrika
|-status|p2a: Zebstrika|psn|[from] ability: Poison Touch|[of] p1a: Toxicroak
|
|-damage|p2a: Zebstrika|0 fnt|[from] psn
|faint|p2a: Zebstrika
|upkeep
|
|t:|1760728065
|switch|p2a: Ceruledge|Ceruledge, F|100/100
|turn|12
|
|t:|1760728071
|move|p2a: Ceruledge|Swords Dance|p2a: Ceruledge
|-boost|p2a: Ceruledge|atk|2
|cant|p1a: Toxicroak|par
|
|upkeep
|turn|13
|
|t:|1760728083
|switch|p1a: Grafaiai|Grafaiai, F, shiny|100/100
|move|p2a: Ceruledge|Bitter Blade|p1a: Grafaiai
|-enditem|p1a: Grafaiai|Focus Sash
|-damage|p1a: Grafaiai|1/100
|-damage|p2a: Ceruledge|91/100|[from] item: Life Orb
|
|upkeep
|turn|14
|
|t:|1760728092
|move|p1a: Grafaiai|Toxic|p2a: Ceruledge
|-status|p2a: Ceruledge|tox
|move|p2a: Ceruledge|Bitter Blade|p1a: Grafaiai
|-damage|p1a: Grafaiai|0 fnt
|-heal|p2a: Ceruledge|91/100 tox|[from] drain|[of] p1a: Grafaiai
|faint|p1a: Grafaiai
|-damage|p2a: Ceruledge|81/100 tox|[from] item: Life Orb
|
|-damage|p2a: Ceruledge|75/100 tox|[from] psn
|upkeep
|
|t:|1760728104
|switch|p1a: Dondozo|Dondozo, M, shiny|35/100
|turn|15
|
|t:|1760728113
|move|p2a: Ceruledge|Destiny Bond|p2a: Ceruledge
|-singlemove|p2a: Ceruledge|Destiny Bond
|move|p1a: Dondozo|Rest|p1a: Dondozo
|-status|p1a: Dondozo|slp|[from] move: Rest
|-heal|p1a: Dondozo|100/100 slp|[silent]
|
|-damage|p2a: Ceruledge|62/100 tox|[from] psn
|upkeep
|turn|16
|
|t:|1760728127
|move|p2a: Ceruledge|Shadow Sneak|p1a: Dondozo
|-damage|p1a: Dondozo|87/100 slp
|-damage|p2a: Ceruledge|52/100 tox|[from] item: Life Orb
|cant|p1a: Dondozo|slp
|
|-damage|p2a: Ceruledge|34/100 tox|[from] psn
|upkeep
|turn|17
|
|t:|1760728140
|switch|p2a: Weezing|Weezing-Galar, F|29/100
|cant|p1a: Dondozo|slp
|
|-heal|p2a: Weezing|35/100|[from] item: Black Sludge
|upkeep
|turn|18
|
|t:|1760728150
|move|p2a: Weezing|Toxic Spikes|p1a: Dondozo
|-sidestart|p1: Ryota Garcia|move: Toxic Spikes
|-curestatus|p1a: Dondozo|slp|[msg]
|move|p1a: Dondozo|Curse|p1a: Dondozo
|-unboost|p1a: Dondozo|spe|1
|-boost|p1a: Dondozo|atk|1
|-boost|p1a: Dondozo|def|1
|
|-heal|p2a: Weezing|41/100|[from] item: Black Sludge
|upkeep
|turn|19
|
|t:|1760728160
|move|p2a: Weezing|Strange Steam|p1a: Dondozo
|-damage|p1a: Dondozo|69/100
|move|p1a: Dondozo|Avalanche|p2a: Weezing
|-damage|p2a: Weezing|15/100
|
|-heal|p2a: Weezing|21/100|[from] item: Black Sludge
|upkeep
|turn|20
|
|t:|1760728170
|switch|p2a: Iron Crown|Iron Crown|100/100
|move|p1a: Dondozo|Avalanche|p2a: Iron Crown
|-resisted|p2a: Iron Crown
|-damage|p2a: Iron Crown|91/100
|
|upkeep
|turn|21
|
|t:|1760728181
|move|p2a: Iron Crown|Volt Switch|p1a: Dondozo
|-supereffective|p1a: Dondozo
|-damage|p1a: Dondozo|37/100
|
|t:|1760728185
|-end|p2a: Iron Crown|Quark Drive|[silent]
|switch|p2a: Weezing|Weezing-Galar, F|21/100|[from] Volt Switch
|move|p1a: Dondozo|Earthquake|p2a: Weezing
|-immune|p2a: Weezing|[from] ability: Levitate
|
|-heal|p2a: Weezing|27/100|[from] item: Black Sludge
|upkeep
|turn|22
|
|t:|1760728195
|move|p2a: Weezing|Strange Steam|p1a: Dondozo
|-damage|p1a: Dondozo|19/100
|move|p1a: Dondozo|Rest|p1a: Dondozo
|-status|p1a: Dondozo|slp|[from] move: Rest
|-heal|p1a: Dondozo|100/100 slp|[silent]
|
|-heal|p2a: Weezing|33/100|[from] item: Black Sludge
|upkeep
|turn|23
|
|t:|1760728209
|switch|p2a: Iron Crown|Iron Crown|91/100
|switch|p1a: Excadrill|Excadrill, M|72/100
|-ability|p1a: Excadrill|Mold Breaker
|
|upkeep
|turn|24
|
|t:|1760728238
|-terastallize|p2a: Iron Crown|Dragon
|move|p1a: Excadrill|Rapid Spin|p2a: Iron Crown
|-damage|p2a: Iron Crown|75/100
|-boost|p1a: Excadrill|spe|1
|-sideend|p1: Ryota Garcia|Toxic Spikes|[from] move: Rapid Spin|[of] p1a: Excadrill
|move|p2a: Iron Crown|Psychic|p1a: Excadrill
|-resisted|p1a: Excadrill
|-damage|p1a: Excadrill|43/100
|
|upkeep
|turn|25
|inactive|Ryota Garcia has 120 seconds left.
|
|t:|1760728255
|move|p1a: Excadrill|Iron Head|p2a: Iron Crown
|-damage|p2a: Iron Crown|38/100
|move|p2a: Iron Crown|Psychic|p1a: Excadrill
|-resisted|p1a: Excadrill
|-damage|p1a: Excadrill|16/100
|
|upkeep
|turn|26
|
|t:|1760728263
|move|p1a: Excadrill|Iron Head|p2a: Iron Crown
|-damage|p2a: Iron Crown|0 fnt
|faint|p2a: Iron Crown
|-end|p2a: Iron Crown|Quark Drive|[silent]
|
|upkeep
|
|t:|1760728272
|switch|p2a: Weavile|Weavile, F|78/100
|-ability|p2a: Weavile|Pressure
|turn|27
|
|t:|1760728280
|move|p2a: Weavile|Ice Shard|p1a: Excadrill
|-damage|p1a: Excadrill|0 fnt
|faint|p1a: Excadrill
|
|upkeep
|
|t:|1760728293
|switch|p1a: Toxicroak|Toxicroak, F|100/100 par
|turn|28
|
|t:|1760728301
|move|p2a: Weavile|Knock Off|p1a: Toxicroak
|-resisted|p1a: Toxicroak
|-damage|p1a: Toxicroak|60/100 par
|-enditem|p1a: Toxicroak|Heavy-Duty Boots|[from] move: Knock Off|[of] p2a: Weavile
|move|p1a: Toxicroak|Lash Out|p2a: Weavile
|-resisted|p2a: Weavile
|-damage|p2a: Weavile|61/100
|-status|p2a: Weavile|psn|[from] ability: Poison Touch|[of] p1a: Toxicroak
|
|-damage|p2a: Weavile|49/100 psn|[from] psn
|upkeep
|turn|29
|
|t:|1760728315
|move|p1a: Toxicroak|Protect|p1a: Toxicroak
|-singleturn|p1a: Toxicroak|Protect
|move|p2a: Weavile|Triple Axel|p1a: Toxicroak
|-activate|p1a: Toxicroak|move: Protect
|
|-damage|p2a: Weavile|36/100 psn|[from] psn
|upkeep
|turn|30
|
|t:|1760728325
|switch|p1a: Dondozo|Dondozo, M, shiny|100/100 slp
|move|p2a: Weavile|Triple Axel|p1a: Dondozo
|-resisted|p1a: Dondozo
|-damage|p1a: Dondozo|97/100 slp
|-resisted|p1a: Dondozo
|-crit|p1a: Dondozo
|-damage|p1a: Dondozo|87/100 slp
|-resisted|p1a: Dondozo
|-damage|p1a: Dondozo|78/100 slp
|-hitcount|p1a: Dondozo|3
|
|-damage|p2a: Weavile|24/100 psn|[from] psn
|upkeep
|turn|31
|
|t:|1760728338
|switch|p2a: Milotic|Milotic, F|100/100
|cant|p1a: Dondozo|slp
|
|upkeep
|turn|32
|
|t:|1760728345
|move|p2a: Milotic|Draining Kiss|p1a: Dondozo
|-damage|p1a: Dondozo|71/100 slp
|cant|p1a: Dondozo|slp
|
|upkeep
|turn|33
|
|t:|1760728356
|move|p2a: Milotic|Scald|p1a: Dondozo
|-resisted|p1a: Dondozo
|-damage|p1a: Dondozo|61/100 slp
|-curestatus|p1a: Dondozo|slp|[msg]
|move|p1a: Dondozo|Curse|p1a: Dondozo
|-unboost|p1a: Dondozo|spe|1
|-boost|p1a: Dondozo|atk|1
|-boost|p1a: Dondozo|def|1
|
|upkeep
|turn|34
|
|t:|1760728367
|move|p2a: Milotic|Scald|p1a: Dondozo
|-resisted|p1a: Dondozo
|-damage|p1a: Dondozo|50/100
|move|p1a: Dondozo|Curse|p1a: Dondozo
|-unboost|p1a: Dondozo|spe|1
|-boost|p1a: Dondozo|atk|1
|-boost|p1a: Dondozo|def|1
|
|upkeep
|turn|35
|
|t:|1760728377
|move|p2a: Milotic|Scald|p1a: Dondozo
|-resisted|p1a: Dondozo
|-damage|p1a: Dondozo|41/100
|move|p1a: Dondozo|Curse|p1a: Dondozo
|-unboost|p1a: Dondozo|spe|1
|-boost|p1a: Dondozo|atk|1
|-boost|p1a: Dondozo|def|1
|
|upkeep
|turn|36
|
|t:|1760728386
|move|p2a: Milotic|Scald|p1a: Dondozo
|-resisted|p1a: Dondozo
|-damage|p1a: Dondozo|31/100
|move|p1a: Dondozo|Curse|p1a: Dondozo
|-unboost|p1a: Dondozo|spe|1
|-boost|p1a: Dondozo|atk|1
|-boost|p1a: Dondozo|def|1
|
|upkeep
|turn|37
|
|t:|1760728394
|move|p2a: Milotic|Scald|p1a: Dondozo
|-resisted|p1a: Dondozo
|-damage|p1a: Dondozo|22/100
|move|p1a: Dondozo|Rest|p1a: Dondozo
|-status|p1a: Dondozo|slp|[from] move: Rest
|-heal|p1a: Dondozo|100/100 slp|[silent]
|
|upkeep
|turn|38
|
|t:|1760728413
|switch|p2a: Ceruledge|Ceruledge, F|34/100 tox
|cant|p1a: Dondozo|slp
|
|-damage|p2a: Ceruledge|28/100 tox|[from] psn
|upkeep
|turn|39
|
|t:|1760728423
|move|p2a: Ceruledge|Swords Dance|p2a: Ceruledge
|-boost|p2a: Ceruledge|atk|2
|cant|p1a: Dondozo|slp
|
|-damage|p2a: Ceruledge|15/100 tox|[from] psn
|upkeep
|turn|40
|
|t:|1760728431
|move|p2a: Ceruledge|Destiny Bond|p2a: Ceruledge
|-singlemove|p2a: Ceruledge|Destiny Bond
|-curestatus|p1a: Dondozo|slp|[msg]
|move|p1a: Dondozo|Curse|p1a: Dondozo
|-unboost|p1a: Dondozo|spe|1
|-boost|p1a: Dondozo|atk|1
|-boost|p1a: Dondozo|def|1
|
|-damage|p2a: Ceruledge|0 fnt|[from] psn
|faint|p2a: Ceruledge
|upkeep
|
|t:|1760728444
|switch|p2a: Weavile|Weavile, F|24/100 psn
|-ability|p2a: Weavile|Pressure
|turn|41
|
|t:|1760728452
|move|p2a: Weavile|Knock Off|p1a: Dondozo
|-damage|p1a: Dondozo|95/100
|move|p1a: Dondozo|Curse|p1a: Dondozo
|-unboost|p1a: Dondozo|spe|1
|-boost|p1a: Dondozo|atk|1
|-boost|p1a: Dondozo|def|1
|
|-damage|p2a: Weavile|11/100 psn|[from] psn
|upkeep
|turn|42
|-message|pikapikabetis forfeited.
|
|win|Ryota Garcia
|raw|Ryota Garcia's rating: 1134 &rarr; <strong>1160</strong><br />(+26 for winning)
|raw|pikapikabetis's rating: 1148 &rarr; <strong>1122</strong><br />(-26 for losing)
|l|☆pikapikabetis
|player|p2|
|l|‽Ryota Garcia
|player|p1|
|j|‽Ryota Garcia
|player|p1|Ryota Garcia|riley|
|l|‽Ryota Garcia
|player|p1|
|j|‽Ryota Garcia
|player|p1|Ryota Garcia|riley|
