|j|☆michael00000000
|j|☆kingkong427
|t:|1760748314
|gametype|singles
|player|p1|michael00000000|clair|1769
|player|p2|kingkong427|ethan|1806
|gen|9
|tier|[Gen 9] OU
|rated|
|rule|HP Percentage Mod: HP is shown in percentages
|rule|Endless Battle Clause: Forcing endless battles is banned
|rule|Species Clause: Limit one of each Pokémon
|rule|OHKO Clause: OHKO moves are banned
|rule|Evasion Items Clause: Evasion items are banned
|rule|Evasion Moves Clause: Evasion moves are banned
|rule|Evasion Abilities Clause: Evasion abilities are banned
|rule|Sleep Moves Clause: Sleep-inducing moves are banned
|clearpoke
|poke|p1|Gardevoir, F|
|poke|p1|Iron Valiant|
|poke|p1|Arcanine, M|
|poke|p1|Hatterene, F|
|poke|p1|Dragapult, F|
|poke|p1|Milotic, F|
|poke|p2|Alomomola, M|
|poke|p2|Dragapult, F|
|poke|p2|Cinderace, F|
|poke|p2|Kyurem|
|poke|p2|Goodra-Hisui, M|
|poke|p2|Landorus-Therian, M|
|teampreview
|
|t:|1760748321
|teamsize|p1|6
|teamsize|p2|6
|start
|switch|p1a: Rhea|Gardevoir, F, shiny|100/100
|switch|p2a: Landorus|Landorus-Therian, M|100/100
|-ability|p2a: Landorus|Intimidate|boost
|-unboost|p1a: Rhea|atk|1
|-ability|p1a: Rhea|Intimidate|Trace|[from] ability: Trace|[of] p2a: Landorus
|-ability|p1a: Rhea|Intimidate|boost
|-unboost|p2a: Landorus|atk|1
|turn|1
|
|t:|1760748324
|switch|p1a: Noir|Hatterene, F, shiny|100/100
|move|p2a: Landorus|Earthquake|p1a: Noir
|-damage|p1a: Noir|36/100
|
|upkeep
|turn|2
|
|t:|1760748326
|move|p2a: Landorus|Earthquake|p1a: Noir
|-damage|p1a: Noir|0 fnt
|faint|p1a: Noir
|
|upkeep
|
|t:|1760748331
|switch|p1a: Mercé|Dragapult, F, shiny|100/100
|turn|3
|
|t:|1760748392
|switch|p2a: Alomomola|Alomomola, M, shiny|100/100
|move|p1a: Mercé|Will-O-Wisp|p2a: Alomomola
|-status|p2a: Alomomola|brn
|
|-damage|p2a: Alomomola|94/100 brn|[from] brn
|upkeep
|turn|4
|
|t:|1760748402
|switch|p1a: Rhea|Gardevoir, F, shiny|100/100
|-ability|p1a: Rhea|Regenerator|Trace|[from] ability: Trace|[of] p2a: Alomomola
|switch|p2a: Goodra|Goodra-Hisui, M|100/100
|
|upkeep
|turn|5
|
|t:|1760748405
|move|p1a: Rhea|Mystical Fire|p2a: Goodra
|-damage|p2a: Goodra|89/100
|-unboost|p2a: Goodra|spa|1
|move|p2a: Goodra|Sludge Bomb|p1a: Rhea
|-supereffective|p1a: Rhea
|-damage|p1a: Rhea|75/100
|
|upkeep
|turn|6
|
|t:|1760748408
|move|p1a: Rhea|Mystical Fire|p2a: Goodra
|-crit|p2a: Goodra
|-damage|p2a: Goodra|70/100
|-unboost|p2a: Goodra|spa|1
|move|p2a: Goodra|Sludge Bomb|p1a: Rhea
|-supereffective|p1a: Rhea
|-damage|p1a: Rhea|57/100
|
|upkeep
|turn|7
|
|t:|1760748412
|switch|p2a: Alomomola|Alomomola, M, shiny|100/100 brn
|move|p1a: Rhea|Moonblast|p2a: Alomomola
|-damage|p2a: Alomomola|38/100 brn
|-unboost|p2a: Alomomola|spa|1
|
|-damage|p2a: Alomomola|32/100 brn|[from] brn
|upkeep
|turn|8
|
|t:|1760748417
|switch|p2a: Goodra|Goodra-Hisui, M|70/100
|move|p1a: Rhea|Moonblast|p2a: Goodra
|-damage|p2a: Goodra|48/100
|-unboost|p2a: Goodra|spa|1
|
|upkeep
|turn|9
|
|t:|1760748422
|move|p1a: Rhea|Moonblast|p2a: Goodra
|-damage|p2a: Goodra|23/100
|move|p2a: Goodra|Sludge Bomb|p1a: Rhea
|-supereffective|p1a: Rhea
|-damage|p1a: Rhea|33/100
|
|upkeep
|turn|10
|
|t:|1760748425
|switch|p2a: Cinderace|Cinderace, F|100/100
|move|p1a: Rhea|Moonblast|p2a: Cinderace
|-resisted|p2a: Cinderace
|-damage|p2a: Cinderace|68/100
|
|upkeep
|turn|11
|
|t:|1760748429
|switch|p1a: Nimbus|Arcanine, M|100/100
|-ability|p1a: Nimbus|Intimidate|boost
|-unboost|p2a: Cinderace|atk|1
|move|p2a: Cinderace|U-turn|p1a: Nimbus
|-resisted|p1a: Nimbus
|-damage|p1a: Nimbus|92/100
|
|t:|1760748431
|switch|p2a: Alomomola|Alomomola, M, shiny|65/100 brn|[from] U-turn
|
|-damage|p2a: Alomomola|59/100 brn|[from] brn
|upkeep
|turn|12
|
|t:|1760748435
|move|p1a: Nimbus|Close Combat|p2a: Alomomola
|-damage|p2a: Alomomola|24/100 brn
|-unboost|p1a: Nimbus|def|1
|-unboost|p1a: Nimbus|spd|1
|move|p2a: Alomomola|Flip Turn|p1a: Nimbus
|-supereffective|p1a: Nimbus
|-damage|p1a: Nimbus|60/100
|
|t:|1760748438
|switch|p2a: Landorus|Landorus-Therian, M|100/100|[from] Flip Turn
|-ability|p2a: Landorus|Intimidate|boost
|-unboost|p1a: Nimbus|atk|1
|
|upkeep
|turn|13
|
|t:|1760748443
|switch|p1a: Hermé|Iron Valiant, shiny|100/100
|-enditem|p1a: Hermé|Booster Energy
|-activate|p1a: Hermé|ability: Quark Drive|[fromitem]
|-start|p1a: Hermé|quarkdrivespe
|move|p2a: Landorus|U-turn|p1a: Hermé
|-resisted|p1a: Hermé
|-damage|p1a: Hermé|88/100
|
|t:|1760748457
|switch|p2a: Alomomola|Alomomola, M, shiny|57/100 brn|[from] U-turn
|
|-damage|p2a: Alomomola|51/100 brn|[from] brn
|upkeep
|turn|14
|
|t:|1760748464
|switch|p2a: Cinderace|Cinderace, F|68/100
|move|p1a: Hermé|Knock Off|p2a: Cinderace
|-damage|p2a: Cinderace|24/100
|-enditem|p2a: Cinderace|Heavy-Duty Boots|[from] move: Knock Off|[of] p1a: Hermé
|
|upkeep
|turn|15
|
|t:|1760748468
|switch|p2a: Goodra|Goodra-Hisui, M|23/100
|move|p1a: Hermé|Brick Break|p2a: Goodra
|-supereffective|p2a: Goodra
|-damage|p2a: Goodra|0 fnt
|-ability|p2a: Goodra|Gooey
|-unboost|p1a: Hermé|spe|1
|faint|p2a: Goodra
|
|upkeep
|
|t:|1760748473
|switch|p2a: Landorus|Landorus-Therian, M|100/100
|-ability|p2a: Landorus|Intimidate|boost
|-unboost|p1a: Hermé|atk|1
|turn|16
|
|t:|1760748477
|move|p1a: Hermé|Knock Off|p2a: Landorus
|-damage|p2a: Landorus|75/100
|-enditem|p2a: Landorus|Choice Band|[from] move: Knock Off|[of] p1a: Hermé
|move|p2a: Landorus|Earthquake|p1a: Hermé
|-damage|p1a: Hermé|15/100
|
|upkeep
|turn|17
|
|t:|1760748482
|switch|p2a: Alomomola|Alomomola, M, shiny|84/100 brn
|move|p1a: Hermé|Destiny Bond|p1a: Hermé
|-singlemove|p1a: Hermé|Destiny Bond
|
|-damage|p2a: Alomomola|78/100 brn|[from] brn
|upkeep
|turn|18
|
|t:|1760748486
|move|p1a: Hermé|Knock Off|p2a: Alomomola
|-damage|p2a: Alomomola|66/100 brn
|-enditem|p2a: Alomomola|Heavy-Duty Boots|[from] move: Knock Off|[of] p1a: Hermé
|move|p2a: Alomomola|Flip Turn|p1a: Hermé
|-damage|p1a: Hermé|6/100
|
|t:|1760748488
|switch|p2a: Landorus|Landorus-Therian, M|75/100|[from] Flip Turn
|-ability|p2a: Landorus|Intimidate|boost
|-unboost|p1a: Hermé|atk|1
|
|upkeep
|turn|19
|j| Forever1507
|
|t:|1760748495
|switch|p2a: Alomomola|Alomomola, M, shiny|99/100 brn
|move|p1a: Hermé|Moonblast|p2a: Alomomola
|-damage|p2a: Alomomola|53/100 brn
|-unboost|p2a: Alomomola|spa|1
|
|-damage|p2a: Alomomola|47/100 brn|[from] brn
|upkeep
|turn|20
|j| Terry B bestdlc
|
|t:|1760748500
|move|p1a: Hermé|Destiny Bond|p1a: Hermé
|-singlemove|p1a: Hermé|Destiny Bond
|move|p2a: Alomomola|Flip Turn|p1a: Hermé
|-damage|p1a: Hermé|0 fnt
|faint|p1a: Hermé
|-activate|p1a: Hermé|move: Destiny Bond
|-end|p1a: Hermé|Quark Drive|[silent]
|faint|p2a: Alomomola
|
|upkeep
|
|t:|1760748524
|switch|p1a: Nimbus|Arcanine, M|60/100
|switch|p2a: Dragapult|Dragapult, F|100/100
|-ability|p1a: Nimbus|Intimidate|boost
|-unboost|p2a: Dragapult|atk|1
|turn|21
|
|t:|1760748527
|move|p2a: Dragapult|U-turn|p1a: Nimbus
|-resisted|p1a: Nimbus
|-crit|p1a: Nimbus
|-damage|p1a: Nimbus|42/100
|
|t:|1760748530
|switch|p2a: Landorus|Landorus-Therian, M|75/100|[from] U-turn
|-ability|p2a: Landorus|Intimidate|boost
|-unboost|p1a: Nimbus|atk|1
|move|p1a: Nimbus|Crunch|p2a: Landorus
|-damage|p2a: Landorus|45/100
|-unboost|p2a: Landorus|def|1
|
|upkeep
|turn|22
|
|t:|1760748543
|move|p2a: Landorus|Earthquake|p1a: Nimbus
|-supereffective|p1a: Nimbus
|-damage|p1a: Nimbus|0 fnt
|faint|p1a: Nimbus
|
|upkeep
|
|t:|1760748544
|switch|p1a: Mercé|Dragapult, F, shiny|100/100
|turn|23
|
|t:|1760748558
|switch|p2a: Cinderace|Cinderace, F|24/100
|move|p1a: Mercé|Draco Meteor|p2a: Cinderace
|-damage|p2a: Cinderace|0 fnt
|-unboost|p1a: Mercé|spa|2
|faint|p2a: Cinderace
|
|upkeep
|
|t:|1760748563
|switch|p2a: Dragapult|Dragapult, F|100/100
|turn|24
|
|t:|1760748571
|move|p1a: Mercé|Thunder Wave|p2a: Dragapult
|-status|p2a: Dragapult|par
|move|p2a: Dragapult|Hex|p1a: Mercé
|-supereffective|p1a: Mercé
|-damage|p1a: Mercé|32/100
|
|upkeep
|turn|25
|
|t:|1760748587
|move|p1a: Mercé|Hex|p2a: Dragapult
|-supereffective|p2a: Dragapult
|-damage|p2a: Dragapult|17/100 par
|move|p2a: Dragapult|Hex|p1a: Mercé
|-supereffective|p1a: Mercé
|-damage|p1a: Mercé|0 fnt
|faint|p1a: Mercé
|
|upkeep
|
|t:|1760748592
|switch|p1a: Ceteres|Milotic, F, shiny|100/100
|turn|26
|
|t:|1760748597
|move|p2a: Dragapult|Will-O-Wisp|p1a: Ceteres|[miss]
|-miss|p2a: Dragapult|p1a: Ceteres
|move|p1a: Ceteres|Ice Beam|p2a: Dragapult
|-supereffective|p2a: Dragapult
|-damage|p2a: Dragapult|0 fnt
|faint|p2a: Dragapult
|
|upkeep
|
|t:|1760748599
|switch|p2a: Landorus|Landorus-Therian, M|45/100
|-ability|p2a: Landorus|Intimidate|boost
|-unboost|p1a: Ceteres|atk|1
|-ability|p1a: Ceteres|Competitive|boost
|-boost|p1a: Ceteres|spa|2
|turn|27
|
|t:|1760748606
|move|p2a: Landorus|Earthquake|p1a: Ceteres
|-damage|p1a: Ceteres|61/100
|move|p1a: Ceteres|Scald|p2a: Landorus
|-supereffective|p2a: Landorus
|-damage|p2a: Landorus|0 fnt
|faint|p2a: Landorus
|
|-heal|p1a: Ceteres|67/100|[from] item: Leftovers
|upkeep
|
|t:|1760748609
|switch|p2a: Kyurem|Kyurem|100/100
|-ability|p2a: Kyurem|Pressure
|turn|28
|
|t:|1760748613
|move|p2a: Kyurem|Protect|p2a: Kyurem
|-singleturn|p2a: Kyurem|Protect
|move|p1a: Ceteres|Scald|p2a: Kyurem
|-activate|p2a: Kyurem|move: Protect
|
|-heal|p1a: Ceteres|73/100|[from] item: Leftovers
|upkeep
|turn|29
|
|t:|1760748615
|move|p2a: Kyurem|Substitute|p2a: Kyurem
|-start|p2a: Kyurem|Substitute
|-damage|p2a: Kyurem|76/100
|move|p1a: Ceteres|Ice Beam|p2a: Kyurem
|-end|p2a: Kyurem|Substitute
|
|-heal|p2a: Kyurem|82/100|[from] item: Leftovers
|-heal|p1a: Ceteres|79/100|[from] item: Leftovers
|upkeep
|turn|30
|j| riquelme14
|
|t:|1760748625
|switch|p1a: Rhea|Gardevoir, F, shiny|66/100
|-ability|p1a: Rhea|Pressure|Trace|[from] ability: Trace|[of] p2a: Kyurem
|-ability|p1a: Rhea|Pressure
|move|p2a: Kyurem|Protect||[still]
|-fail|p2a: Kyurem
|
|-heal|p2a: Kyurem|88/100|[from] item: Leftovers
|upkeep
|turn|31
|
|t:|1760748630
|-terastallize|p2a: Kyurem|Steel
|move|p2a: Kyurem|Dragon Dance|p2a: Kyurem
|-boost|p2a: Kyurem|atk|1
|-boost|p2a: Kyurem|spe|1
|move|p1a: Rhea|Moonblast|p2a: Kyurem
|-resisted|p2a: Kyurem
|-damage|p2a: Kyurem|69/100
|
|-heal|p2a: Kyurem|75/100|[from] item: Leftovers
|upkeep
|turn|32
|
|t:|1760748634
|-terastallize|p1a: Rhea|Fire
|move|p2a: Kyurem|Protect|p2a: Kyurem
|-singleturn|p2a: Kyurem|Protect
|move|p1a: Rhea|Mystical Fire|p2a: Kyurem
|-activate|p2a: Kyurem|move: Protect
|
|-heal|p2a: Kyurem|81/100|[from] item: Leftovers
|upkeep
|turn|33
|
|t:|1760748638
|move|p2a: Kyurem|Substitute|p2a: Kyurem
|-start|p2a: Kyurem|Substitute
|-damage|p2a: Kyurem|56/100
|move|p1a: Rhea|Mystical Fire|p2a: Kyurem
|-supereffective|p2a: Kyurem
|-end|p2a: Kyurem|Substitute
|
|-heal|p2a: Kyurem|62/100|[from] item: Leftovers
|upkeep
|turn|34
|
|t:|1760748640
|move|p2a: Kyurem|Substitute|p2a: Kyurem
|-start|p2a: Kyurem|Substitute
|-damage|p2a: Kyurem|38/100
|move|p1a: Rhea|Mystical Fire|p2a: Kyurem
|-supereffective|p2a: Kyurem
|-end|p2a: Kyurem|Substitute
|
|-heal|p2a: Kyurem|44/100|[from] item: Leftovers
|upkeep
|turn|35
|
|t:|1760748645
|switch|p1a: Ceteres|Milotic, F, shiny|79/100
|move|p2a: Kyurem|Protect||[still]
|-fail|p2a: Kyurem
|
|-heal|p2a: Kyurem|50/100|[from] item: Leftovers
|-heal|p1a: Ceteres|85/100|[from] item: Leftovers
|upkeep
|turn|36
|
|t:|1760748647
|move|p2a: Kyurem|Protect|p2a: Kyurem
|-singleturn|p2a: Kyurem|Protect
|move|p1a: Ceteres|Haze|p1a: Ceteres
|-clearallboost
|
|-heal|p2a: Kyurem|56/100|[from] item: Leftovers
|-heal|p1a: Ceteres|91/100|[from] item: Leftovers
|upkeep
|turn|37
|
|t:|1760748650
|move|p2a: Kyurem|Dragon Dance|p2a: Kyurem
|-boost|p2a: Kyurem|atk|1
|-boost|p2a: Kyurem|spe|1
|move|p1a: Ceteres|Scald|p2a: Kyurem
|-damage|p2a: Kyurem|36/100
|
|-heal|p2a: Kyurem|42/100|[from] item: Leftovers
|-heal|p1a: Ceteres|97/100|[from] item: Leftovers
|upkeep
|turn|38
|
|t:|1760748652
|move|p2a: Kyurem|Protect|p2a: Kyurem
|-singleturn|p2a: Kyurem|Protect
|move|p1a: Ceteres|Haze|p1a: Ceteres
|-clearallboost
|
|-heal|p2a: Kyurem|48/100|[from] item: Leftovers
|-heal|p1a: Ceteres|100/100|[from] item: Leftovers
|upkeep
|turn|39
|
|t:|1760748658
|move|p2a: Kyurem|Substitute|p2a: Kyurem
|-start|p2a: Kyurem|Substitute
|-damage|p2a: Kyurem|23/100
|move|p1a: Ceteres|Scald|p2a: Kyurem
|-activate|p2a: Kyurem|move: Substitute|[damage]
|
|-heal|p2a: Kyurem|29/100|[from] item: Leftovers
|upkeep
|turn|40
|
|t:|1760748660
|move|p2a: Kyurem|Protect|p2a: Kyurem
|-singleturn|p2a: Kyurem|Protect
|move|p1a: Ceteres|Scald|p2a: Kyurem
|-activate|p2a: Kyurem|move: Protect
|
|-heal|p2a: Kyurem|35/100|[from] item: Leftovers
|upkeep
|turn|41
|
|t:|1760748666
|move|p2a: Kyurem|Dragon Dance|p2a: Kyurem
|-boost|p2a: Kyurem|atk|1
|-boost|p2a: Kyurem|spe|1
|move|p1a: Ceteres|Scald|p2a: Kyurem
|-end|p2a: Kyurem|Substitute
|
|-heal|p2a: Kyurem|41/100|[from] item: Leftovers
|upkeep
|turn|42
|
|t:|1760748668
|move|p2a: Kyurem|Protect|p2a: Kyurem
|-singleturn|p2a: Kyurem|Protect
|move|p1a: Ceteres|Haze|p1a: Ceteres
|-clearallboost
|
|-heal|p2a: Kyurem|48/100|[from] item: Leftovers
|upkeep
|turn|43
|
|t:|1760748676
|switch|p1a: Rhea|Gardevoir, F, shiny, tera:Fire|66/100
|-ability|p1a: Rhea|Pressure|Trace|[from] ability: Trace|[of] p2a: Kyurem
|-ability|p1a: Rhea|Pressure
|move|p2a: Kyurem|Substitute|p2a: Kyurem
|-start|p2a: Kyurem|Substitute
|-damage|p2a: Kyurem|23/100
|
|-heal|p2a: Kyurem|29/100|[from] item: Leftovers
|upkeep
|turn|44
|
|t:|1760748682
|move|p2a: Kyurem|Protect|p2a: Kyurem
|-singleturn|p2a: Kyurem|Protect
|move|p1a: Rhea|Moonblast|p2a: Kyurem
|-activate|p2a: Kyurem|move: Protect
|
|-heal|p2a: Kyurem|35/100|[from] item: Leftovers
|upkeep
|turn|45
|
|t:|1760748685
|move|p2a: Kyurem|Dragon Dance|p2a: Kyurem
|-boost|p2a: Kyurem|atk|1
|-boost|p2a: Kyurem|spe|1
|move|p1a: Rhea|Mystical Fire|p2a: Kyurem
|-supereffective|p2a: Kyurem
|-end|p2a: Kyurem|Substitute
|
|-heal|p2a: Kyurem|41/100|[from] item: Leftovers
|upkeep
|turn|46
|j| Capitaine Tenace
|
|t:|1760748690
|move|p2a: Kyurem|Protect|p2a: Kyurem
|-singleturn|p2a: Kyurem|Protect
|move|p1a: Rhea|Mystical Fire|p2a: Kyurem
|-activate|p2a: Kyurem|move: Protect
|
|-heal|p2a: Kyurem|47/100|[from] item: Leftovers
|upkeep
|turn|47
|
|t:|1760748693
|move|p2a: Kyurem|Substitute|p2a: Kyurem
|-start|p2a: Kyurem|Substitute
|-damage|p2a: Kyurem|23/100
|move|p1a: Rhea|Moonblast|p2a: Kyurem
|-resisted|p2a: Kyurem
|-activate|p2a: Kyurem|move: Substitute|[damage]
|
|-heal|p2a: Kyurem|29/100|[from] item: Leftovers
|upkeep
|turn|48
|
|t:|1760748696
|move|p2a: Kyurem|Dragon Dance|p2a: Kyurem
|-boost|p2a: Kyurem|atk|1
|-boost|p2a: Kyurem|spe|1
|move|p1a: Rhea|Moonblast|p2a: Kyurem
|-resisted|p2a: Kyurem
|-end|p2a: Kyurem|Substitute
|
|-heal|p2a: Kyurem|35/100|[from] item: Leftovers
|upkeep
|turn|49
|
|t:|1760748700
|move|p2a: Kyurem|Protect|p2a: Kyurem
|-singleturn|p2a: Kyurem|Protect
|move|p1a: Rhea|Moonblast|p2a: Kyurem
|-activate|p2a: Kyurem|move: Protect
|
|-heal|p2a: Kyurem|41/100|[from] item: Leftovers
|upkeep
|turn|50
|
|t:|1760748704
|move|p2a: Kyurem|Substitute|p2a: Kyurem
|-start|p2a: Kyurem|Substitute
|-damage|p2a: Kyurem|16/100
|move|p1a: Rhea|Mystical Fire|p2a: Kyurem
|-supereffective|p2a: Kyurem
|-end|p2a: Kyurem|Substitute
|
|-heal|p2a: Kyurem|22/100|[from] item: Leftovers
|upkeep
|turn|51
|
|t:|1760748708
|move|p2a: Kyurem|Icicle Spear|p1a: Rhea
|-resisted|p1a: Rhea
|-damage|p1a: Rhea|47/100
|-resisted|p1a: Rhea
|-crit|p1a: Rhea
|-damage|p1a: Rhea|19/100
|-hitcount|p1a: Rhea|2
|move|p1a: Rhea|Moonblast|p2a: Kyurem
|-resisted|p2a: Kyurem
|-damage|p2a: Kyurem|3/100
|
|-heal|p2a: Kyurem|9/100|[from] item: Leftovers
|upkeep
|turn|52
|
|t:|1760748713
|move|p2a: Kyurem|Icicle Spear|p1a: Rhea
|-resisted|p1a: Rhea
|-damage|p1a: Rhea|0 fnt
|faint|p1a: Rhea
|-hitcount|p1: Rhea|1
|
|-heal|p2a: Kyurem|15/100|[from] item: Leftovers
|upkeep
|
|t:|1760748714
|switch|p1a: Ceteres|Milotic, F, shiny|100/100
|turn|53
|
|t:|1760748718
|move|p2a: Kyurem|Icicle Spear|p1a: Ceteres
|-resisted|p1a: Ceteres
|-damage|p1a: Ceteres|92/100
|-resisted|p1a: Ceteres
|-damage|p1a: Ceteres|83/100
|-hitcount|p1a: Ceteres|2
|move|p1a: Ceteres|Scald|p2a: Kyurem
|-damage|p2a: Kyurem|0 fnt
|faint|p2a: Kyurem
|
|win|michael00000000
|raw|michael00000000's rating: 1769 &rarr; <strong>1790</strong><br />(+21 for winning)
|raw|kingkong427's rating: 1783 &rarr; <strong>1762</strong><br />(-21 for losing)
|l|☆kingkong427
|player|p2|
|c|☆michael00000000|gg wp
|l| riquelme14
|c| Capitaine Tenace|:O
|l| Terry B bestdlc
|c| Capitaine Tenace|pas ça pas mtn pas apres tt ce que tu as fait zinedine
|l| Capitaine Tenace
|l|☆michael00000000
|player|p1|
