|j|☆Shiyere
|j|☆YeatLover267
|t:|1760799577
|gametype|singles
|player|p1|Shiyere|170|1381
|player|p2|YeatLover267|backersf|1359
|gen|9
|tier|[Gen 9] OU
|rated|
|rule|HP Percentage Mod: HP is shown in percentages
|rule|Endless Battle Clause: Forcing endless battles is banned
|rule|Species Clause: Limit one of each Pokémon
|rule|OHKO Clause: OHKO moves are banned
|rule|Evasion Items Clause: Evasion items are banned
|rule|Evasion Moves Clause: Evasion moves are banned
|rule|Evasion Abilities Clause: Evasion abilities are banned
|rule|Sleep Moves Clause: Sleep-inducing moves are banned
|clearpoke
|poke|p1|Hoopa-Unbound|
|poke|p1|Chandelure, M|
|poke|p1|Iron Crown|
|poke|p1|Enamorus, F|
|poke|p1|Volcanion|
|poke|p1|Cinderace, M|
|poke|p2|Shiftry, M|
|poke|p2|Kilowattrel, F|
|poke|p2|Pelipper, F|
|poke|p2|Keldeo-Resolute|
|poke|p2|Garganacl, M|
|poke|p2|Ogerpon-Wellspring, F|
|teampreview
|inactive|Battle timer is ON: inactive players will automatically lose when time's up. (requested by YeatLover267)
|inactive|Shiyere also wants the timer to be on.
|
|t:|1760799587
|teamsize|p1|6
|teamsize|p2|6
|start
|switch|p1a: Chandelure|Chandelure, M|100/100
|switch|p2a: Pelipper|Pelipper, F, shiny|100/100
|-weather|RainDance|[from] ability: Drizzle|[of] p2a: Pelipper
|turn|1
|
|t:|1760799597
|move|p1a: Chandelure|Shadow Ball|p2a: Pelipper
|-damage|p2a: Pelipper|1/100
|move|p2a: Pelipper|U-turn|p1a: Chandelure
|-resisted|p1a: Chandelure
|-damage|p1a: Chandelure|97/100
|
|t:|1760799605
|switch|p2a: Garganacl|Garganacl, M, shiny|100/100|[from] U-turn
|
|-weather|RainDance|[upkeep]
|upkeep
|turn|2
|
|t:|1760799613
|switch|p1a: Hoopa|Hoopa-Unbound|100/100
|move|p2a: Garganacl|Salt Cure|p1a: Hoopa
|-damage|p1a: Hoopa|75/100
|-start|p1a: Hoopa|Salt Cure
|
|-weather|RainDance|[upkeep]
|-damage|p1a: Hoopa|63/100|[from] Salt Cure
|upkeep
|turn|3
|
|t:|1760799626
|move|p1a: Hoopa|Dark Pulse|p2a: Garganacl
|-damage|p2a: Garganacl|48/100
|move|p2a: Garganacl|Recover|p2a: Garganacl
|-heal|p2a: Garganacl|98/100
|
|-weather|RainDance|[upkeep]
|-heal|p2a: Garganacl|100/100|[from] item: Leftovers
|-damage|p1a: Hoopa|51/100|[from] Salt Cure
|upkeep
|turn|4
|
|t:|1760799641
|move|p1a: Hoopa|Dark Pulse|p2a: Garganacl
|-damage|p2a: Garganacl|46/100
|move|p2a: Garganacl|Recover|p2a: Garganacl
|-heal|p2a: Garganacl|96/100
|
|-weather|RainDance|[upkeep]
|-heal|p2a: Garganacl|100/100|[from] item: Leftovers
|-damage|p1a: Hoopa|38/100|[from] Salt Cure
|upkeep
|turn|5
|
|t:|1760799645
|move|p1a: Hoopa|Dark Pulse|p2a: Garganacl
|-damage|p2a: Garganacl|41/100
|cant|p2a: Garganacl|flinch
|
|-weather|none
|-heal|p2a: Garganacl|47/100|[from] item: Leftovers
|-damage|p1a: Hoopa|26/100|[from] Salt Cure
|upkeep
|turn|6
|
|t:|1760799650
|switch|p2a: Shiftry|Shiftry, M, shiny|100/100
|move|p1a: Hoopa|Dark Pulse|p2a: Shiftry
|-resisted|p2a: Shiftry
|-damage|p2a: Shiftry|34/100
|
|-damage|p1a: Hoopa|14/100|[from] Salt Cure
|upkeep
|turn|7
|
|t:|1760799654
|move|p1a: Hoopa|Dark Pulse|p2a: Shiftry
|-resisted|p2a: Shiftry
|-damage|p2a: Shiftry|0 fnt
|faint|p2a: Shiftry
|
|-damage|p1a: Hoopa|1/100|[from] Salt Cure
|upkeep
|
|t:|1760799656
|switch|p2a: Ogerpon|Ogerpon-Wellspring, F|100/100
|turn|8
|
|t:|1760799660
|move|p2a: Ogerpon|U-turn|p1a: Hoopa
|-supereffective|p1a: Hoopa
|-damage|p1a: Hoopa|0 fnt
|faint|p1a: Hoopa
|l|☆YeatLover267
|inactive|YeatLover267 disconnected and has a minute to reconnect!
|player|p2|
|inactive|YeatLover267 has 30 seconds to reconnect!
|inactive|YeatLover267 has 20 seconds to reconnect!
|inactive|YeatLover267 has 15 seconds to reconnect!
|inactive|YeatLover267 has 10 seconds to reconnect!
|inactive|YeatLover267 has 5 seconds to reconnect!
|-message|YeatLover267 lost due to inactivity.
|
|win|Shiyere
|raw|Shiyere's rating: 1381 &rarr; <strong>1400</strong><br />(+19 for winning)
|raw|YeatLover267's rating: 1359 &rarr; <strong>1340</strong><br />(-19 for losing)
|l|☆Shiyere
|player|p1|
