|j|☆Esteh Ole
|j|☆Ashbie The Aspie
|t:|1760819439
|gametype|singles
|player|p1|Esteh Ole|palmer|1262
|player|p2|Ashbie The Aspie|265|1362
|gen|9
|tier|[Gen 9] OU
|rated|
|rule|HP Percentage Mod: HP is shown in percentages
|rule|Endless Battle Clause: Forcing endless battles is banned
|rule|Species Clause: Limit one of each Pokémon
|rule|OHKO Clause: OHKO moves are banned
|rule|Evasion Items Clause: Evasion items are banned
|rule|Evasion Moves Clause: Evasion moves are banned
|rule|Evasion Abilities Clause: Evasion abilities are banned
|rule|Sleep Moves Clause: Sleep-inducing moves are banned
|clearpoke
|poke|p1|Alomomola, F|
|poke|p1|Sinistcha|
|poke|p1|Slowking-Galar, M|
|poke|p1|Grimmsnarl, M|
|poke|p1|Cinderace, M|
|poke|p1|Inteleon, F|
|poke|p2|Grafaiai, F|
|poke|p2|Iron Moth|
|poke|p2|Samurott-Hisui, F|
|poke|p2|Great Tusk|
|poke|p2|Slowking-Galar, M|
|poke|p2|Raging Bolt|
|teampreview
|inactive|Battle timer is ON: inactive players will automatically lose when time's up. (requested by Esteh Ole)
|
|t:|1760819453
|teamsize|p1|6
|teamsize|p2|6
|start
|switch|p1a: Grimmsnarl|Grimmsnarl, M|100/100
|switch|p2a: Raging Bolt|Raging Bolt|100/100
|-enditem|p2a: Raging Bolt|Booster Energy
|-activate|p2a: Raging Bolt|ability: Protosynthesis|[fromitem]
|-start|p2a: Raging Bolt|protosynthesisspa
|turn|1
|
|t:|1760819465
|move|p1a: Grimmsnarl|Parting Shot|p2a: Raging Bolt
|-unboost|p2a: Raging Bolt|atk|1
|-unboost|p2a: Raging Bolt|spa|1
|
|t:|1760819469
|switch|p1a: Slowking|Slowking-Galar, M|100/100|[from] Parting Shot
|move|p2a: Raging Bolt|Substitute|p2a: Raging Bolt
|-start|p2a: Raging Bolt|Substitute
|-damage|p2a: Raging Bolt|76/100
|
|upkeep
|turn|2
|
|t:|1760819477
|move|p2a: Raging Bolt|Calm Mind|p2a: Raging Bolt
|-boost|p2a: Raging Bolt|spa|1
|-boost|p2a: Raging Bolt|spd|1
|move|p1a: Slowking|Psychic Noise|p2a: Raging Bolt
|-damage|p2a: Raging Bolt|60/100
|-start|p2a: Raging Bolt|move: Heal Block
|
|upkeep
|turn|3
|
|t:|1760819488
|move|p2a: Raging Bolt|Draco Meteor|p1a: Slowking
|-damage|p1a: Slowking|39/100
|-unboost|p2a: Raging Bolt|spa|2
|move|p1a: Slowking|Psychic Noise|p2a: Raging Bolt
|-damage|p2a: Raging Bolt|44/100
|
|-end|p2a: Raging Bolt|move: Heal Block
|upkeep
|turn|4
|
|t:|1760819502
|-end|p2a: Raging Bolt|Protosynthesis|[silent]
|switch|p2a: Slowking|Slowking-Galar, M|100/100
|switch|p1a: Grimmsnarl|Grimmsnarl, M|100/100
|
|upkeep
|turn|5
|
|t:|1760819509
|move|p1a: Grimmsnarl|Taunt|p2a: Slowking
|-start|p2a: Slowking|move: Taunt
|-prepare|p2a: Slowking|Chilly Reception|[premajor]
|cant|p2a: Slowking|move: Taunt|Chilly Reception
|
|upkeep
|turn|6
|
|t:|1760819516
|switch|p2a: Samurott|Samurott-Hisui, F|100/100
|move|p1a: Grimmsnarl|Parting Shot|p2a: Samurott
|-hint|Since gen 7, Dark is immune to Prankster moves.
|-immune|p2a: Samurott
|
|upkeep
|turn|7
|
|t:|1760819526
|move|p1a: Grimmsnarl|Thunder Wave|p2a: Samurott
|-hint|Since gen 7, Dark is immune to Prankster moves.
|-immune|p2a: Samurott
|move|p2a: Samurott|Ceaseless Edge|p1a: Grimmsnarl
|-resisted|p1a: Grimmsnarl
|-damage|p1a: Grimmsnarl|83/100
|-sidestart|p1: Esteh Ole|Spikes
|-damage|p2a: Samurott|91/100|[from] item: Life Orb
|
|upkeep
|turn|8
|
|t:|1760819535
|switch|p1a: Alomomola|Alomomola, F|100/100
|-damage|p1a: Alomomola|88/100|[from] Spikes
|move|p2a: Samurott|Razor Shell|p1a: Alomomola
|-resisted|p1a: Alomomola
|-damage|p1a: Alomomola|72/100
|-damage|p2a: Samurott|74/100|[from] item: Rocky Helmet|[of] p1a: Alomomola
|-damage|p2a: Samurott|64/100|[from] item: Life Orb
|
|upkeep
|turn|9
|
|t:|1760819546
|move|p2a: Samurott|Taunt|p1a: Alomomola
|-start|p1a: Alomomola|move: Taunt
|move|p1a: Alomomola|Flip Turn|p2a: Samurott
|-resisted|p2a: Samurott
|-damage|p2a: Samurott|53/100
|
|t:|1760819556
|switch|p1a: Cinderace|Cinderace, M|100/100|[from] Flip Turn
|
|upkeep
|turn|10
|
|t:|1760819561
|move|p1a: Cinderace|U-turn|p2a: Samurott
|-start|p1a: Cinderace|typechange|Bug|[from] ability: Libero
|-supereffective|p2a: Samurott
|-damage|p2a: Samurott|0 fnt
|faint|p2a: Samurott
|
|t:|1760819567
|switch|p1a: Grimmsnarl|Grimmsnarl, M|83/100|[from] U-turn
|
|upkeep
|
|t:|1760819579
|switch|p2a: Slowking|Slowking-Galar, M|100/100
|turn|11
|
|t:|1760819586
|move|p1a: Grimmsnarl|Thunder Wave|p2a: Slowking
|-status|p2a: Slowking|par
|move|p2a: Slowking|Sludge Wave|p1a: Grimmsnarl
|-supereffective|p1a: Grimmsnarl
|-damage|p1a: Grimmsnarl|14/100
|
|upkeep
|turn|12
|
|t:|1760819594
|move|p1a: Grimmsnarl|Parting Shot|p2a: Slowking
|-unboost|p2a: Slowking|atk|1
|-unboost|p2a: Slowking|spa|1
|
|t:|1760819598
|switch|p1a: Slowking|Slowking-Galar, M|72/100|[from] Parting Shot
|move|p2a: Slowking|Future Sight|p1a: Slowking
|-start|p2a: Slowking|move: Future Sight
|
|upkeep
|turn|13
|
|t:|1760819607
|-prepare|p1a: Slowking|Chilly Reception|[premajor]
|move|p1a: Slowking|Chilly Reception|p1a: Slowking
|-weather|Snowscape
|
|t:|1760819616
|switch|p1a: Grimmsnarl|Grimmsnarl, M|14/100|[from] Chilly Reception
|-prepare|p2a: Slowking|Chilly Reception|[premajor]
|move|p2a: Slowking|Chilly Reception|p2a: Slowking
|
|t:|1760819626
|switch|p2a: Great Tusk|Great Tusk|100/100|[from] Chilly Reception
|-enditem|p2a: Great Tusk|Booster Energy
|-activate|p2a: Great Tusk|ability: Protosynthesis|[fromitem]
|-start|p2a: Great Tusk|protosynthesisspe
|
|-weather|Snowscape|[upkeep]
|upkeep
|turn|14
|
|t:|1760819635
|move|p1a: Grimmsnarl|Parting Shot|p2a: Great Tusk
|-unboost|p2a: Great Tusk|atk|1
|-unboost|p2a: Great Tusk|spa|1
|
|t:|1760819638
|switch|p1a: Sinistcha|Sinistcha|100/100|[from] Parting Shot
|-damage|p1a: Sinistcha|88/100|[from] Spikes
|move|p2a: Great Tusk|Headlong Rush|p1a: Sinistcha
|-resisted|p1a: Sinistcha
|-damage|p1a: Sinistcha|77/100
|-unboost|p2a: Great Tusk|def|1
|-unboost|p2a: Great Tusk|spd|1
|
|-weather|Snowscape|[upkeep]
|-end|p1a: Sinistcha|move: Future Sight
|-damage|p1a: Sinistcha|12/100
|upkeep
|turn|15
|
|t:|1760819651
|move|p2a: Great Tusk|Ice Spinner|p1a: Sinistcha
|-supereffective|p1a: Sinistcha
|-damage|p1a: Sinistcha|0 fnt
|faint|p1a: Sinistcha
|
|-weather|Snowscape|[upkeep]
|upkeep
|
|t:|1760819663
|switch|p1a: Inteleon|Inteleon, F|100/100
|-damage|p1a: Inteleon|88/100|[from] Spikes
|turn|16
|
|t:|1760819667
|move|p2a: Great Tusk|Close Combat|p1a: Inteleon
|-damage|p1a: Inteleon|33/100
|-unboost|p2a: Great Tusk|def|1
|-unboost|p2a: Great Tusk|spd|1
|move|p1a: Inteleon|Substitute|p1a: Inteleon
|-start|p1a: Inteleon|Substitute
|-damage|p1a: Inteleon|8/100
|
|-weather|Snowscape|[upkeep]
|-heal|p1a: Inteleon|14/100|[from] item: Leftovers
|upkeep
|turn|17
|
|t:|1760819678
|move|p2a: Great Tusk|Close Combat|p1a: Inteleon
|-end|p1a: Inteleon|Substitute
|-unboost|p2a: Great Tusk|def|1
|-unboost|p2a: Great Tusk|spd|1
|move|p1a: Inteleon|Snipe Shot|p2a: Great Tusk
|-supereffective|p2a: Great Tusk
|-damage|p2a: Great Tusk|0 fnt
|faint|p2a: Great Tusk
|-end|p2a: Great Tusk|Protosynthesis|[silent]
|
|-weather|none
|-heal|p1a: Inteleon|20/100|[from] item: Leftovers
|upkeep
|
|t:|1760819683
|switch|p2a: Raging Bolt|Raging Bolt|44/100
|turn|18
|
|t:|1760819693
|switch|p1a: Slowking|Slowking-Galar, M|100/100
|move|p2a: Raging Bolt|Thunderclap||[still]
|-fail|p2a: Raging Bolt
|
|upkeep
|turn|19
|
|t:|1760819699
|-end|p2a: Raging Bolt|Protosynthesis|[silent]
|switch|p2a: Slowking|Slowking-Galar, M|100/100 par
|move|p1a: Slowking|Sludge Bomb|p2a: Slowking
|-resisted|p2a: Slowking
|-damage|p2a: Slowking|86/100 par
|
|upkeep
|turn|20
|
|t:|1760819710
|-prepare|p1a: Slowking|Chilly Reception|[premajor]
|move|p1a: Slowking|Chilly Reception|p1a: Slowking
|-weather|Snowscape
|
|t:|1760819715
|switch|p1a: Alomomola|Alomomola, F|100/100|[from] Chilly Reception
|-damage|p1a: Alomomola|88/100|[from] Spikes
|move|p2a: Slowking|Future Sight|p1a: Alomomola
|-start|p2a: Slowking|move: Future Sight
|
|-weather|Snowscape|[upkeep]
|upkeep
|turn|21
|
|t:|1760819723
|move|p1a: Alomomola|Wish|p1a: Alomomola
|move|p2a: Slowking|Sludge Wave|p1a: Alomomola
|-damage|p1a: Alomomola|36/100
|
|-weather|Snowscape|[upkeep]
|upkeep
|turn|22
|
|t:|1760819737
|move|p1a: Alomomola|Flip Turn|p2a: Slowking
|-damage|p2a: Slowking|72/100 par
|
|t:|1760819743
|switch|p1a: Grimmsnarl|Grimmsnarl, M|14/100|[from] Flip Turn
|cant|p2a: Slowking|par
|
|-weather|Snowscape|[upkeep]
|-end|p1a: Grimmsnarl|move: Future Sight
|-immune|p1a: Grimmsnarl
|-heal|p1a: Grimmsnarl|82/100|[from] move: Wish|[wisher] Alomomola
|upkeep
|turn|23
|
|t:|1760819756
|move|p1a: Grimmsnarl|Parting Shot|p2a: Slowking
|-unboost|p2a: Slowking|atk|1
|-unboost|p2a: Slowking|spa|1
|
|t:|1760819760
|switch|p1a: Slowking|Slowking-Galar, M|100/100|[from] Parting Shot
|cant|p2a: Slowking|par
|
|-weather|Snowscape|[upkeep]
|upkeep
|turn|24
|
|t:|1760819771
|move|p1a: Slowking|Psychic Noise|p2a: Slowking
|-damage|p2a: Slowking|49/100 par
|-start|p2a: Slowking|move: Heal Block
|-prepare|p2a: Slowking|Chilly Reception|[premajor]
|move|p2a: Slowking|Chilly Reception|p2a: Slowking
|
|t:|1760819777
|switch|p2a: Raging Bolt|Raging Bolt|44/100|[from] Chilly Reception
|
|-weather|none
|upkeep
|turn|25
|
|t:|1760819784
|move|p2a: Raging Bolt|Calm Mind|p2a: Raging Bolt
|-boost|p2a: Raging Bolt|spa|1
|-boost|p2a: Raging Bolt|spd|1
|move|p1a: Slowking|Sludge Bomb|p2a: Raging Bolt
|-damage|p2a: Raging Bolt|24/100
|
|upkeep
|turn|26
|
|t:|1760819791
|move|p2a: Raging Bolt|Thunderclap|p1a: Slowking
|-damage|p1a: Slowking|64/100
|move|p1a: Slowking|Sludge Bomb|p2a: Raging Bolt
|-damage|p2a: Raging Bolt|4/100
|
|upkeep
|turn|27
|
|t:|1760819797
|move|p2a: Raging Bolt|Draco Meteor|p1a: Slowking
|-damage|p1a: Slowking|1/100
|-unboost|p2a: Raging Bolt|spa|2
|move|p1a: Slowking|Sludge Bomb|p2a: Raging Bolt
|-damage|p2a: Raging Bolt|0 fnt
|faint|p2a: Raging Bolt
|-end|p2a: Raging Bolt|Protosynthesis|[silent]
|
|upkeep
|
|t:|1760819806
|switch|p2a: Iron Moth|Iron Moth|100/100
|-enditem|p2a: Iron Moth|Booster Energy
|-activate|p2a: Iron Moth|ability: Quark Drive|[fromitem]
|-start|p2a: Iron Moth|quarkdrivespa
|turn|28
|
|t:|1760819813
|move|p2a: Iron Moth|Fiery Dance|p1a: Slowking
|-damage|p1a: Slowking|0 fnt
|-boost|p2a: Iron Moth|spa|1
|faint|p1a: Slowking
|
|upkeep
|
|t:|1760819821
|switch|p1a: Inteleon|Inteleon, F|20/100
|-damage|p1a: Inteleon|8/100|[from] Spikes
|turn|29
|
|t:|1760819826
|-end|p2a: Iron Moth|Quark Drive|[silent]
|switch|p2a: Grafaiai|Grafaiai, F|100/100
|move|p1a: Inteleon|Snipe Shot|p2a: Grafaiai
|-damage|p2a: Grafaiai|63/100
|
|-heal|p1a: Inteleon|14/100|[from] item: Leftovers
|upkeep
|turn|30
|
|t:|1760819847
|switch|p1a: Grimmsnarl|Grimmsnarl, M|82/100
|move|p2a: Grafaiai|Knock Off|p1a: Grimmsnarl
|-resisted|p1a: Grimmsnarl
|-damage|p1a: Grimmsnarl|75/100
|-enditem|p1a: Grimmsnarl|Heavy-Duty Boots|[from] move: Knock Off|[of] p2a: Grafaiai
|
|upkeep
|turn|31
|
|t:|1760819860
|switch|p2a: Slowking|Slowking-Galar, M|82/100 par
|move|p1a: Grimmsnarl|Parting Shot|p2a: Slowking
|-unboost|p2a: Slowking|atk|1
|-unboost|p2a: Slowking|spa|1
|
|t:|1760819866
|switch|p1a: Alomomola|Alomomola, F|70/100|[from] Parting Shot
|-damage|p1a: Alomomola|57/100|[from] Spikes
|
|upkeep
|turn|32
|
|t:|1760819872
|move|p1a: Alomomola|Wish|p1a: Alomomola
|cant|p2a: Slowking|par
|
|upkeep
|turn|33
|
|t:|1760819880
|move|p1a: Alomomola|Flip Turn|p2a: Slowking
|-damage|p2a: Slowking|68/100 par
|
|t:|1760819884
|switch|p1a: Grimmsnarl|Grimmsnarl, M|75/100|[from] Flip Turn
|-damage|p1a: Grimmsnarl|63/100|[from] Spikes
|move|p2a: Slowking|Sludge Wave|p1a: Grimmsnarl
|-supereffective|p1a: Grimmsnarl
|-damage|p1a: Grimmsnarl|18/100
|
|-heal|p1a: Grimmsnarl|86/100|[from] move: Wish|[wisher] Alomomola
|upkeep
|turn|34
|
|t:|1760819905
|-terastallize|p1a: Grimmsnarl|Steel
|move|p1a: Grimmsnarl|Sucker Punch||[still]
|-fail|p1a: Grimmsnarl
|-prepare|p2a: Slowking|Chilly Reception|[premajor]
|cant|p2a: Slowking|par
|
|upkeep
|turn|35
|
|t:|1760819913
|switch|p2a: Grafaiai|Grafaiai, F|63/100
|move|p1a: Grimmsnarl|Taunt|p2a: Grafaiai
|-start|p2a: Grafaiai|move: Taunt
|
|upkeep
|turn|36
|
|t:|1760819921
|switch|p2a: Slowking|Slowking-Galar, M|100/100 par
|move|p1a: Grimmsnarl|Parting Shot|p2a: Slowking
|-unboost|p2a: Slowking|atk|1
|-unboost|p2a: Slowking|spa|1
|
|t:|1760819929
|switch|p1a: Alomomola|Alomomola, F|91/100|[from] Parting Shot
|-damage|p1a: Alomomola|78/100|[from] Spikes
|
|upkeep
|turn|37
|
|t:|1760819936
|move|p1a: Alomomola|Wish|p1a: Alomomola
|move|p2a: Slowking|Sludge Wave|p1a: Alomomola
|-damage|p1a: Alomomola|47/100
|
|upkeep
|turn|38
|
|t:|1760819951
|move|p1a: Alomomola|Protect|p1a: Alomomola
|-singleturn|p1a: Alomomola|Protect
|-prepare|p2a: Slowking|Chilly Reception|[premajor]
|move|p2a: Slowking|Chilly Reception|p2a: Slowking
|-weather|Snowscape
|
|t:|1760819953
|switch|p2a: Grafaiai|Grafaiai, F|63/100|[from] Chilly Reception
|
|-weather|Snowscape|[upkeep]
|-heal|p1a: Alomomola|97/100|[from] move: Wish|[wisher] Alomomola
|upkeep
|turn|39
|
|t:|1760819964
|move|p2a: Grafaiai|Encore|p1a: Alomomola
|-start|p1a: Alomomola|Encore
|move|p1a: Alomomola|Protect||[still]
|-fail|p1a: Alomomola
|
|-weather|Snowscape|[upkeep]
|upkeep
|turn|40
|
|t:|1760819971
|switch|p1a: Grimmsnarl|Grimmsnarl, M, tera:Steel|86/100
|-damage|p1a: Grimmsnarl|74/100|[from] Spikes
|move|p2a: Grafaiai|Knock Off|p1a: Grimmsnarl
|-damage|p1a: Grimmsnarl|56/100
|
|-weather|Snowscape|[upkeep]
|upkeep
|turn|41
|
|t:|1760819983
|move|p2a: Grafaiai|Parting Shot|p1a: Grimmsnarl
|-unboost|p1a: Grimmsnarl|atk|1
|-unboost|p1a: Grimmsnarl|spa|1
|
|t:|1760819986
|switch|p2a: Slowking|Slowking-Galar, M|100/100 par|[from] Parting Shot
|move|p1a: Grimmsnarl|Parting Shot|p2a: Slowking
|-unboost|p2a: Slowking|atk|1
|-unboost|p2a: Slowking|spa|1
|
|t:|1760819997
|switch|p1a: Cinderace|Cinderace, M|100/100|[from] Parting Shot
|
|-weather|Snowscape|[upkeep]
|upkeep
|turn|42
|
|t:|1760820003
|move|p1a: Cinderace|Court Change|p1a: Cinderace
|-start|p1a: Cinderace|typechange|Normal|[from] ability: Libero
|-swapsideconditions
|-activate|p1a: Cinderace|move: Court Change
|move|p2a: Slowking|Future Sight|p1a: Cinderace
|-start|p2a: Slowking|move: Future Sight
|
|-weather|none
|upkeep
|turn|43
|
|t:|1760820010
|move|p1a: Cinderace|Pyro Ball|p2a: Slowking
|-damage|p2a: Slowking|66/100 par
|move|p2a: Slowking|Flamethrower|p1a: Cinderace
|-damage|p1a: Cinderace|75/100
|
|upkeep
|turn|44
|
|t:|1760820019
|switch|p1a: Grimmsnarl|Grimmsnarl, M, tera:Steel|56/100
|-prepare|p2a: Slowking|Chilly Reception|[premajor]
|move|p2a: Slowking|Chilly Reception|p2a: Slowking
|-weather|Snowscape
|
|t:|1760820022
|switch|p2a: Grafaiai|Grafaiai, F|63/100|[from] Chilly Reception
|
|-weather|Snowscape|[upkeep]
|-end|p1a: Grimmsnarl|move: Future Sight
|-resisted|p1a: Grimmsnarl
|-damage|p1a: Grimmsnarl|35/100
|upkeep
|turn|45
|
|t:|1760820032
|move|p1a: Grimmsnarl|Parting Shot|p2a: Grafaiai
|-unboost|p2a: Grafaiai|atk|1
|-unboost|p2a: Grafaiai|spa|1
|
|t:|1760820037
|switch|p1a: Cinderace|Cinderace, M|75/100|[from] Parting Shot
|move|p2a: Grafaiai|Low Kick|p1a: Cinderace
|-damage|p1a: Cinderace|62/100
|
|-weather|Snowscape|[upkeep]
|upkeep
|turn|46
|
|t:|1760820048
|move|p2a: Grafaiai|Parting Shot|p1a: Cinderace
|-unboost|p1a: Cinderace|atk|1
|-unboost|p1a: Cinderace|spa|1
|
|t:|1760820050
|switch|p2a: Slowking|Slowking-Galar, M|99/100 par|[from] Parting Shot
|move|p1a: Cinderace|Pyro Ball|p2a: Slowking
|-damage|p2a: Slowking|67/100 par
|
|-weather|Snowscape|[upkeep]
|upkeep
|turn|47
|
|t:|1760820058
|move|p1a: Cinderace|U-turn|p2a: Slowking
|-start|p1a: Cinderace|typechange|Bug|[from] ability: Libero
|-damage|p2a: Slowking|46/100 par
|
|t:|1760820065
|switch|p1a: Grimmsnarl|Grimmsnarl, M, tera:Steel|35/100|[from] U-turn
|move|p2a: Slowking|Future Sight|p1a: Grimmsnarl
|-start|p2a: Slowking|move: Future Sight
|
|-weather|Snowscape|[upkeep]
|upkeep
|turn|48
|
|t:|1760820076
|move|p1a: Grimmsnarl|Taunt|p2a: Slowking
|-start|p2a: Slowking|move: Taunt
|-prepare|p2a: Slowking|Chilly Reception|[premajor]
|cant|p2a: Slowking|move: Taunt|Chilly Reception
|
|-weather|none
|upkeep
|turn|49
|
|t:|1760820091
|move|p1a: Grimmsnarl|Sucker Punch|p2a: Slowking
|-supereffective|p2a: Slowking
|-damage|p2a: Slowking|0 fnt
|faint|p2a: Slowking
|
|-end|p1a: Grimmsnarl|move: Future Sight
|-resisted|p1a: Grimmsnarl
|-damage|p1a: Grimmsnarl|16/100
|upkeep
|
|t:|1760820097
|switch|p2a: Grafaiai|Grafaiai, F|63/100
|turn|50
|
|t:|1760820105
|move|p1a: Grimmsnarl|Parting Shot|p2a: Grafaiai
|-unboost|p2a: Grafaiai|atk|1
|-unboost|p2a: Grafaiai|spa|1
|
|t:|1760820109
|switch|p1a: Cinderace|Cinderace, M|62/100|[from] Parting Shot
|move|p2a: Grafaiai|Knock Off|p1a: Cinderace
|-damage|p1a: Cinderace|41/100
|-enditem|p1a: Cinderace|Heavy-Duty Boots|[from] move: Knock Off|[of] p2a: Grafaiai
|
|upkeep
|turn|51
|
|t:|1760820118
|move|p2a: Grafaiai|Parting Shot|p1a: Cinderace
|-unboost|p1a: Cinderace|atk|1
|-unboost|p1a: Cinderace|spa|1
|
|t:|1760820120
|switch|p2a: Iron Moth|Iron Moth|100/100|[from] Parting Shot
|-damage|p2a: Iron Moth|88/100|[from] Spikes
|move|p1a: Cinderace|U-turn|p2a: Iron Moth
|-start|p1a: Cinderace|typechange|Bug|[from] ability: Libero
|-resisted|p2a: Iron Moth
|-damage|p2a: Iron Moth|78/100
|
|t:|1760820129
|switch|p1a: Inteleon|Inteleon, F|14/100|[from] U-turn
|
|-heal|p1a: Inteleon|20/100|[from] item: Leftovers
|upkeep
|turn|52
|
|t:|1760820139
|-terastallize|p2a: Iron Moth|Grass
|move|p1a: Inteleon|Snipe Shot|p2a: Iron Moth
|-resisted|p2a: Iron Moth
|-damage|p2a: Iron Moth|55/100
|move|p2a: Iron Moth|Fiery Dance|p1a: Inteleon
|-resisted|p1a: Inteleon
|-damage|p1a: Inteleon|0 fnt
|faint|p1a: Inteleon
|
|upkeep
|
|t:|1760820149
|switch|p1a: Cinderace|Cinderace, M|41/100
|turn|53
|
|t:|1760820154
|move|p1a: Cinderace|Pyro Ball|p2a: Iron Moth
|-supereffective|p2a: Iron Moth
|-damage|p2a: Iron Moth|0 fnt
|faint|p2a: Iron Moth
|-end|p2a: Iron Moth|Quark Drive|[silent]
|
|upkeep
|-message|Ashbie The Aspie forfeited.
|
|win|Esteh Ole
|raw|Esteh Ole's rating: 1262 &rarr; <strong>1294</strong><br />(+32 for winning)
|raw|Ashbie The Aspie's rating: 1362 &rarr; <strong>1336</strong><br />(-26 for losing)
|l|☆Ashbie The Aspie
|player|p2|
|c|☆Esteh Ole|gg loooooooosaaa
|l|☆Esteh Ole
|player|p1|
