|j|☆alovana0
|j|☆Oattumblely
|t:|1760846519
|gametype|singles
|player|p1|alovana0|pilot|1431
|player|p2|Oattumblely|rocketgruntf|1410
|gen|9
|tier|[Gen 9] OU
|rated|
|rule|HP Percentage Mod: HP is shown in percentages
|rule|Endless Battle Clause: Forcing endless battles is banned
|rule|Species Clause: Limit one of each Pokémon
|rule|OHKO Clause: OHKO moves are banned
|rule|Evasion Items Clause: Evasion items are banned
|rule|Evasion Moves Clause: Evasion moves are banned
|rule|Evasion Abilities Clause: Evasion abilities are banned
|rule|Sleep Moves Clause: Sleep-inducing moves are banned
|clearpoke
|poke|p1|Ninetales, F|
|poke|p1|Dragonite, M|
|poke|p1|Cinderace, M|
|poke|p1|Walking Wake|
|poke|p1|Cresselia, F|
|poke|p1|Great Tusk|
|poke|p2|Excadrill, M|
|poke|p2|Tyranitar, F|
|poke|p2|Dondozo, F|
|poke|p2|Landorus-Therian, M|
|poke|p2|Iron Moth|
|poke|p2|Clefable, F|
|teampreview
|inactive|Battle timer is ON: inactive players will automatically lose when time's up. (requested by alovana0)
|
|t:|1760846527
|teamsize|p1|6
|teamsize|p2|6
|start
|switch|p1a: Ninetales|Ninetales, F|100/100
|switch|p2a: Landorus|Landorus-Therian, M|100/100
|-weather|SunnyDay|[from] ability: Drought|[of] p1a: Ninetales
|-ability|p2a: Landorus|Intimidate|boost
|-unboost|p1a: Ninetales|atk|1
|turn|1
|
|t:|1760846534
|switch|p1a: Cresselia|Cresselia, F|100/100
|move|p2a: Landorus|Earthquake|p1a: Cresselia
|-immune|p1a: Cresselia|[from] ability: Levitate
|
|-weather|SunnyDay|[upkeep]
|upkeep
|turn|2
|
|t:|1760846539
|move|p2a: Landorus|U-turn|p1a: Cresselia
|-supereffective|p1a: Cresselia
|-crit|p1a: Cresselia
|-damage|p1a: Cresselia|47/100
|-enditem|p1a: Cresselia|Eject Button
|
|t:|1760846543
|switch|p1a: Great Tusk|Great Tusk|100/100
|-activate|p1a: Great Tusk|ability: Protosynthesis
|-start|p1a: Great Tusk|protosynthesisatk
|
|-weather|SunnyDay|[upkeep]
|upkeep
|turn|3
|
|t:|1760846551
|switch|p2a: Tyranitar|Tyranitar, F|100/100
|-weather|Sandstorm|[from] ability: Sand Stream|[of] p2a: Tyranitar
|-end|p1a: Great Tusk|Protosynthesis
|move|p1a: Great Tusk|Rapid Spin|p2a: Tyranitar
|-resisted|p2a: Tyranitar
|-damage|p2a: Tyranitar|93/100
|-boost|p1a: Great Tusk|spe|1
|
|-weather|Sandstorm|[upkeep]
|upkeep
|turn|4
|
|t:|1760846564
|switch|p2a: Dondozo|Dondozo, F|100/100
|move|p1a: Great Tusk|Close Combat|p2a: Dondozo
|-damage|p2a: Dondozo|74/100
|-unboost|p1a: Great Tusk|def|1
|-unboost|p1a: Great Tusk|spd|1
|-enditem|p1a: Great Tusk|Eject Pack
|
|t:|1760846583
|-end|p1a: Great Tusk|Protosynthesis|[silent]
|switch|p1a: Ninetales|Ninetales, F|100/100
|-weather|SunnyDay|[from] ability: Drought|[of] p1a: Ninetales
|
|-weather|SunnyDay|[upkeep]
|-heal|p2a: Dondozo|80/100|[from] item: Leftovers
|upkeep
|turn|5
|
|t:|1760846593
|switch|p1a: Cresselia|Cresselia, F|47/100
|switch|p2a: Tyranitar|Tyranitar, F|93/100
|-weather|Sandstorm|[from] ability: Sand Stream|[of] p2a: Tyranitar
|
|-weather|Sandstorm|[upkeep]
|-damage|p1a: Cresselia|41/100|[from] Sandstorm
|upkeep
|turn|6
|
|t:|1760846597
|switch|p1a: Great Tusk|Great Tusk|100/100
|move|p2a: Tyranitar|Knock Off|p1a: Great Tusk
|-resisted|p1a: Great Tusk
|-damage|p1a: Great Tusk|91/100
|
|-weather|Sandstorm|[upkeep]
|upkeep
|turn|7
|
|t:|1760846606
|switch|p2a: Clefable|Clefable, F|100/100
|move|p1a: Great Tusk|Rapid Spin|p2a: Clefable
|-damage|p2a: Clefable|87/100
|-boost|p1a: Great Tusk|spe|1
|
|-weather|Sandstorm|[upkeep]
|-heal|p2a: Clefable|93/100|[from] item: Leftovers
|upkeep
|turn|8
|
|t:|1760846618
|-end|p1a: Great Tusk|Protosynthesis|[silent]
|switch|p1a: Cinderace|Cinderace, M|100/100
|move|p2a: Clefable|Calm Mind|p2a: Clefable
|-boost|p2a: Clefable|spa|1
|-boost|p2a: Clefable|spd|1
|
|-weather|Sandstorm|[upkeep]
|-damage|p1a: Cinderace|95/100|[from] Sandstorm
|-heal|p2a: Clefable|99/100|[from] item: Leftovers
|upkeep
|turn|9
|
|t:|1760846626
|move|p1a: Cinderace|Pyro Ball|p2a: Clefable
|-damage|p2a: Clefable|46/100
|move|p2a: Clefable|Moonlight|p2a: Clefable
|-heal|p2a: Clefable|71/100
|
|-weather|Sandstorm|[upkeep]
|-damage|p1a: Cinderace|89/100|[from] Sandstorm
|-heal|p2a: Clefable|77/100|[from] item: Leftovers
|upkeep
|turn|10
|
|t:|1760846637
|switch|p1a: Ninetales|Ninetales, F|100/100
|-weather|SunnyDay|[from] ability: Drought|[of] p1a: Ninetales
|switch|p2a: Dondozo|Dondozo, F|80/100
|
|-weather|SunnyDay|[upkeep]
|-heal|p2a: Dondozo|86/100|[from] item: Leftovers
|upkeep
|turn|11
|
|t:|1760846645
|switch|p1a: Walking Wake|Walking Wake|100/100
|-activate|p1a: Walking Wake|ability: Protosynthesis
|-start|p1a: Walking Wake|protosynthesisspa
|move|p2a: Dondozo|Body Press|p1a: Walking Wake
|-damage|p1a: Walking Wake|72/100
|
|-weather|SunnyDay|[upkeep]
|-heal|p2a: Dondozo|92/100|[from] item: Leftovers
|upkeep
|turn|12
|
|t:|1760846657
|switch|p2a: Tyranitar|Tyranitar, F|93/100
|-weather|Sandstorm|[from] ability: Sand Stream|[of] p2a: Tyranitar
|-end|p1a: Walking Wake|Protosynthesis
|move|p1a: Walking Wake|Hydro Steam|p2a: Tyranitar
|-supereffective|p2a: Tyranitar
|-damage|p2a: Tyranitar|40/100
|
|-weather|Sandstorm|[upkeep]
|-damage|p1a: Walking Wake|66/100|[from] Sandstorm
|upkeep
|turn|13
|
|t:|1760846671
|switch|p2a: Dondozo|Dondozo, F|92/100
|move|p1a: Walking Wake|Hydro Steam|p2a: Dondozo
|-resisted|p2a: Dondozo
|-damage|p2a: Dondozo|59/100
|
|-weather|Sandstorm|[upkeep]
|-damage|p1a: Walking Wake|60/100|[from] Sandstorm
|-damage|p2a: Dondozo|53/100|[from] Sandstorm
|-heal|p2a: Dondozo|59/100|[from] item: Leftovers
|upkeep
|turn|14
|
|t:|1760846681
|-end|p1a: Walking Wake|Protosynthesis|[silent]
|switch|p1a: Ninetales|Ninetales, F|100/100
|-weather|SunnyDay|[from] ability: Drought|[of] p1a: Ninetales
|move|p2a: Dondozo|Rest|p2a: Dondozo
|-status|p2a: Dondozo|slp|[from] move: Rest
|-heal|p2a: Dondozo|100/100 slp|[silent]
|
|-weather|SunnyDay|[upkeep]
|upkeep
|turn|15
|
|t:|1760846693
|switch|p1a: Dragonite|Dragonite, M|100/100
|switch|p2a: Tyranitar|Tyranitar, F|40/100
|-weather|Sandstorm|[from] ability: Sand Stream|[of] p2a: Tyranitar
|
|-weather|Sandstorm|[upkeep]
|-damage|p1a: Dragonite|94/100|[from] Sandstorm
|upkeep
|turn|16
|
|t:|1760846697
|move|p1a: Dragonite|Earthquake|p2a: Tyranitar
|-supereffective|p2a: Tyranitar
|-damage|p2a: Tyranitar|0 fnt
|faint|p2a: Tyranitar
|
|-weather|Sandstorm|[upkeep]
|-damage|p1a: Dragonite|88/100|[from] Sandstorm
|upkeep
|
|t:|1760846704
|switch|p2a: Excadrill|Excadrill, M|100/100
|-item|p2a: Excadrill|Air Balloon
|turn|17
|
|t:|1760846709
|switch|p1a: Great Tusk|Great Tusk|91/100
|move|p2a: Excadrill|Swords Dance|p2a: Excadrill
|-boost|p2a: Excadrill|atk|2
|
|-weather|Sandstorm|[upkeep]
|upkeep
|turn|18
|
|t:|1760846714
|-terastallize|p2a: Excadrill|Ground
|move|p2a: Excadrill|Earthquake|p1a: Great Tusk
|-damage|p1a: Great Tusk|0 fnt
|faint|p1a: Great Tusk
|-end|p1a: Great Tusk|Protosynthesis|[silent]
|
|-weather|Sandstorm|[upkeep]
|upkeep
|
|t:|1760846730
|switch|p1a: Ninetales|Ninetales, F|100/100
|-weather|SunnyDay|[from] ability: Drought|[of] p1a: Ninetales
|turn|19
|
|t:|1760846743
|switch|p1a: Cresselia|Cresselia, F|41/100
|move|p2a: Excadrill|Rapid Spin|p1a: Cresselia
|-damage|p1a: Cresselia|16/100
|-boost|p2a: Excadrill|spe|1
|
|-weather|SunnyDay|[upkeep]
|upkeep
|turn|20
|
|t:|1760846748
|move|p2a: Excadrill|Rapid Spin|p1a: Cresselia
|-damage|p1a: Cresselia|0 fnt
|-boost|p2a: Excadrill|spe|1
|faint|p1a: Cresselia
|
|-weather|SunnyDay|[upkeep]
|upkeep
|
|t:|1760846751
|switch|p1a: Cinderace|Cinderace, M|89/100
|turn|21
|
|t:|1760846757
|move|p2a: Excadrill|Earthquake|p1a: Cinderace
|-supereffective|p1a: Cinderace
|-damage|p1a: Cinderace|0 fnt
|faint|p1a: Cinderace
|
|-weather|SunnyDay|[upkeep]
|upkeep
|
|t:|1760846769
|switch|p1a: Dragonite|Dragonite, M|88/100
|turn|22
|
|t:|1760846778
|-terastallize|p1a: Dragonite|Fairy
|move|p2a: Excadrill|Rock Slide|p1a: Dragonite
|-damage|p1a: Dragonite|28/100
|move|p1a: Dragonite|Tera Blast|p2a: Excadrill|[anim] Tera Blast Fairy
|-damage|p2a: Excadrill|38/100
|-enditem|p2a: Excadrill|Air Balloon
|
|-weather|SunnyDay|[upkeep]
|upkeep
|turn|23
|
|t:|1760846785
|move|p1a: Dragonite|Extreme Speed|p2a: Excadrill
|-damage|p2a: Excadrill|0 fnt
|faint|p2a: Excadrill
|
|-weather|SunnyDay|[upkeep]
|upkeep
|
|t:|1760846790
|switch|p2a: Landorus|Landorus-Therian, M|100/100
|-ability|p2a: Landorus|Intimidate|boost
|-unboost|p1a: Dragonite|atk|1
|turn|24
|
|t:|1760846800
|switch|p1a: Walking Wake|Walking Wake|60/100
|-activate|p1a: Walking Wake|ability: Protosynthesis
|-start|p1a: Walking Wake|protosynthesisspa
|move|p2a: Landorus|Earthquake|p1a: Walking Wake
|-damage|p1a: Walking Wake|2/100
|
|-weather|SunnyDay|[upkeep]
|upkeep
|turn|25
|
|t:|1760846811
|move|p1a: Walking Wake|Hydro Steam|p2a: Landorus
|-supereffective|p2a: Landorus
|-damage|p2a: Landorus|0 fnt
|faint|p2a: Landorus
|
|-weather|SunnyDay|[upkeep]
|upkeep
|
|t:|1760846821
|switch|p2a: Clefable|Clefable, F|77/100
|turn|26
|
|t:|1760846826
|move|p1a: Walking Wake|Hydro Steam|p2a: Clefable
|-damage|p2a: Clefable|0 fnt
|faint|p2a: Clefable
|
|-weather|none
|-end|p1a: Walking Wake|Protosynthesis
|upkeep
|
|t:|1760846829
|switch|p2a: Iron Moth|Iron Moth|100/100
|-enditem|p2a: Iron Moth|Booster Energy
|-activate|p2a: Iron Moth|ability: Quark Drive|[fromitem]
|-start|p2a: Iron Moth|quarkdrivespe
|turn|27
|
|t:|1760846832
|move|p2a: Iron Moth|Fiery Dance|p1a: Walking Wake
|-resisted|p1a: Walking Wake
|-damage|p1a: Walking Wake|0 fnt
|faint|p1a: Walking Wake
|-end|p1a: Walking Wake|Protosynthesis|[silent]
|
|upkeep
|
|t:|1760846835
|switch|p1a: Ninetales|Ninetales, F|100/100
|-weather|SunnyDay|[from] ability: Drought|[of] p1a: Ninetales
|turn|28
|
|t:|1760846838
|move|p2a: Iron Moth|Fiery Dance|p1a: Ninetales
|-resisted|p1a: Ninetales
|-damage|p1a: Ninetales|65/100
|move|p1a: Ninetales|Scorching Sands|p2a: Iron Moth
|-supereffective|p2a: Iron Moth
|-damage|p2a: Iron Moth|29/100
|
|-weather|SunnyDay|[upkeep]
|upkeep
|turn|29
|
|t:|1760846844
|move|p2a: Iron Moth|Sludge Wave|p1a: Ninetales
|-damage|p1a: Ninetales|5/100
|move|p1a: Ninetales|Scorching Sands|p2a: Iron Moth
|-supereffective|p2a: Iron Moth
|-damage|p2a: Iron Moth|0 fnt
|faint|p2a: Iron Moth
|-end|p2a: Iron Moth|Quark Drive|[silent]
|
|-weather|SunnyDay|[upkeep]
|upkeep
|
|t:|1760846848
|switch|p2a: Dondozo|Dondozo, F|100/100 slp
|turn|30
|
|t:|1760846852
|move|p1a: Ninetales|Healing Wish|p1a: Ninetales
|faint|p1a: Ninetales
|cant|p2a: Dondozo|slp
|move|p2a: Dondozo|Sleep Talk|p2a: Dondozo
|move|p2a: Dondozo|Rest||[from] move: Sleep Talk|[still]
|-fail|p2a: Dondozo
|
|-weather|SunnyDay|[upkeep]
|upkeep
|
|t:|1760846853
|switch|p1a: Dragonite|Dragonite, M, tera:Fairy|28/100
|-heal|p1a: Dragonite|100/100|[from] move: Healing Wish
|turn|31
|
|t:|1760846860
|move|p1a: Dragonite|Dragon Dance|p1a: Dragonite
|-boost|p1a: Dragonite|atk|1
|-boost|p1a: Dragonite|spe|1
|cant|p2a: Dondozo|slp
|move|p2a: Dondozo|Sleep Talk|p2a: Dondozo
|move|p2a: Dondozo|Body Press|p1a: Dragonite|[from] move: Sleep Talk
|-resisted|p1a: Dragonite
|-damage|p1a: Dragonite|93/100
|
|-weather|SunnyDay|[upkeep]
|upkeep
|turn|32
|
|t:|1760846869
|move|p1a: Dragonite|Dragon Dance|p1a: Dragonite
|-boost|p1a: Dragonite|atk|1
|-boost|p1a: Dragonite|spe|1
|-curestatus|p2a: Dondozo|slp|[msg]
|move|p2a: Dondozo|Avalanche|p1a: Dragonite
|-damage|p1a: Dragonite|79/100
|
|-weather|SunnyDay|[upkeep]
|upkeep
|turn|33
|
|t:|1760846873
|move|p1a: Dragonite|Tera Blast|p2a: Dondozo|[anim] Tera Blast Fairy
|-damage|p2a: Dondozo|81/100
|move|p2a: Dondozo|Avalanche|p1a: Dragonite
|-damage|p1a: Dragonite|49/100
|
|-weather|SunnyDay|[upkeep]
|-heal|p2a: Dondozo|87/100|[from] item: Leftovers
|upkeep
|turn|34
|
|t:|1760846881
|move|p1a: Dragonite|Tera Blast|p2a: Dondozo|[anim] Tera Blast Fairy
|-damage|p2a: Dondozo|67/100
|move|p2a: Dondozo|Avalanche|p1a: Dragonite
|-damage|p1a: Dragonite|16/100
|
|-weather|SunnyDay|[upkeep]
|-heal|p2a: Dondozo|73/100|[from] item: Leftovers
|upkeep
|turn|35
|
|t:|1760846888
|move|p1a: Dragonite|Tera Blast|p2a: Dondozo|[anim] Tera Blast Fairy
|-damage|p2a: Dondozo|51/100
|move|p2a: Dondozo|Avalanche|p1a: Dragonite
|-damage|p1a: Dragonite|0 fnt
|faint|p1a: Dragonite
|
|win|Oattumblely
|raw|alovana0's rating: 1431 &rarr; <strong>1410</strong><br />(-21 for losing)
|raw|Oattumblely's rating: 1410 &rarr; <strong>1431</strong><br />(+21 for winning)
|l|☆alovana0
|player|p1|
|l|☆Oattumblely
|player|p2|
