|j|☆RJoyful
|j|‽Squidinkerton
|t:|1760841041
|gametype|singles
|player|p1|RJoyful|gentleman|1115
|player|p2|Squidinkerton|brycenman|1064
|gen|9
|tier|[Gen 9] OU
|rated|
|rule|HP Percentage Mod: HP is shown in percentages
|rule|Endless Battle Clause: Forcing endless battles is banned
|rule|Species Clause: Limit one of each Pokémon
|rule|OHKO Clause: OHKO moves are banned
|rule|Evasion Items Clause: Evasion items are banned
|rule|Evasion Moves Clause: Evasion moves are banned
|rule|Evasion Abilities Clause: Evasion abilities are banned
|rule|Sleep Moves Clause: Sleep-inducing moves are banned
|clearpoke
|poke|p1|Slowking-Galar, M|
|poke|p1|Kingambit, M|
|poke|p1|Gliscor, F|
|poke|p1|Zamazenta-*|
|poke|p1|Samurott-Hisui, M|
|poke|p1|Zapdos|
|poke|p2|Toxicroak, M|
|poke|p2|Krookodile, M|
|poke|p2|Noivern, M|
|poke|p2|Inteleon, M|
|poke|p2|Trevenant, M|
|poke|p2|Ceruledge, F|
|teampreview
|
|t:|1760841049
|teamsize|p1|6
|teamsize|p2|6
|start
|switch|p1a: Samurott|Samurott-Hisui, M|100/100
|switch|p2a: Toxicroak|Toxicroak, M|100/100
|turn|1
|
|t:|1760841055
|move|p1a: Samurott|Ceaseless Edge|p2a: Toxicroak|[miss]
|-miss|p1a: Samurott|p2a: Toxicroak
|move|p2a: Toxicroak|Swords Dance|p2a: Toxicroak
|-boost|p2a: Toxicroak|atk|2
|
|upkeep
|turn|2
|
|t:|1760841066
|-terastallize|p2a: Toxicroak|Electric
|move|p1a: Samurott|Ceaseless Edge|p2a: Toxicroak
|-damage|p2a: Toxicroak|27/100
|-sidestart|p2: Squidinkerton|Spikes
|move|p2a: Toxicroak|Thunder Punch|p1a: Samurott
|-supereffective|p1a: Samurott
|-damage|p1a: Samurott|0 fnt
|faint|p1a: Samurott
|
|upkeep
|
|t:|1760841082
|switch|p1a: Zamazenta|Zamazenta|100/100
|-ability|p1a: Zamazenta|Dauntless Shield|boost
|-boost|p1a: Zamazenta|def|1
|turn|3
|
|t:|1760841088
|move|p1a: Zamazenta|Body Press|p2a: Toxicroak
|-damage|p2a: Toxicroak|0 fnt
|faint|p2a: Toxicroak
|
|upkeep
|
|t:|1760841095
|switch|p2a: Noivern|Noivern, M|100/100
|turn|4
|
|t:|1760841105
|move|p2a: Noivern|Acrobatics|p1a: Zamazenta
|-supereffective|p1a: Zamazenta
|-damage|p1a: Zamazenta|91/100
|move|p1a: Zamazenta|Iron Defense|p1a: Zamazenta
|-boost|p1a: Zamazenta|def|2
|
|-heal|p1a: Zamazenta|97/100|[from] item: Leftovers
|upkeep
|turn|5
|
|t:|1760841115
|move|p2a: Noivern|Focus Blast|p1a: Zamazenta
|-damage|p1a: Zamazenta|69/100
|move|p1a: Zamazenta|Iron Defense|p1a: Zamazenta
|-boost|p1a: Zamazenta|def|2
|
|-heal|p1a: Zamazenta|75/100|[from] item: Leftovers
|upkeep
|turn|6
|
|t:|1760841122
|switch|p2a: Inteleon|Inteleon, M|100/100
|-damage|p2a: Inteleon|88/100|[from] Spikes
|move|p1a: Zamazenta|Body Press|p2a: Inteleon
|-damage|p2a: Inteleon|0 fnt
|faint|p2a: Inteleon
|
|-heal|p1a: Zamazenta|82/100|[from] item: Leftovers
|upkeep
|
|t:|1760841133
|switch|p2a: Ceruledge|Ceruledge, F|100/100
|-damage|p2a: Ceruledge|88/100|[from] Spikes
|turn|7
|
|t:|1760841139
|move|p1a: Zamazenta|Crunch|p2a: Ceruledge
|-supereffective|p2a: Ceruledge
|-damage|p2a: Ceruledge|32/100
|move|p2a: Ceruledge|Psycho Cut|p1a: Zamazenta
|-supereffective|p1a: Zamazenta
|-damage|p1a: Zamazenta|68/100
|
|-heal|p1a: Zamazenta|74/100|[from] item: Leftovers
|upkeep
|turn|8
|
|t:|1760841148
|move|p1a: Zamazenta|Crunch|p2a: Ceruledge
|-supereffective|p2a: Ceruledge
|-damage|p2a: Ceruledge|0 fnt
|faint|p2a: Ceruledge
|
|-heal|p1a: Zamazenta|81/100|[from] item: Leftovers
|upkeep
|
|t:|1760841150
|switch|p2a: Krookodile|Krookodile, M|100/100
|-damage|p2a: Krookodile|88/100|[from] Spikes
|turn|9
|
|t:|1760841159
|move|p2a: Krookodile|Brick Break|p1a: Zamazenta
|-damage|p1a: Zamazenta|74/100
|move|p1a: Zamazenta|Roar|p2a: Krookodile
|drag|p2a: Noivern|Noivern, M|100/100
|
|-heal|p1a: Zamazenta|81/100|[from] item: Leftovers
|upkeep
|turn|10
|
|t:|1760841171
|move|p2a: Noivern|Boomburst|p1a: Zamazenta
|-damage|p1a: Zamazenta|49/100
|move|p1a: Zamazenta|Body Press|p2a: Noivern
|-resisted|p2a: Noivern
|-damage|p2a: Noivern|1/100
|
|-heal|p1a: Zamazenta|55/100|[from] item: Leftovers
|upkeep
|turn|11
|
|t:|1760841180
|move|p2a: Noivern|Boomburst|p1a: Zamazenta
|-damage|p1a: Zamazenta|22/100
|move|p1a: Zamazenta|Body Press|p2a: Noivern
|-resisted|p2a: Noivern
|-crit|p2a: Noivern
|-damage|p2a: Noivern|0 fnt
|faint|p2a: Noivern
|
|-heal|p1a: Zamazenta|28/100|[from] item: Leftovers
|upkeep
|
|t:|1760841186
|switch|p2a: Trevenant|Trevenant, M|100/100
|-damage|p2a: Trevenant|88/100|[from] Spikes
|turn|12
|
|t:|1760841194
|move|p1a: Zamazenta|Crunch|p2a: Trevenant
|-supereffective|p2a: Trevenant
|-damage|p2a: Trevenant|42/100
|-unboost|p2a: Trevenant|def|1
|-enditem|p2a: Trevenant|Sitrus Berry|[eat]
|-heal|p2a: Trevenant|67/100|[from] item: Sitrus Berry
|move|p2a: Trevenant|Tera Blast|p1a: Zamazenta
|-damage|p1a: Zamazenta|19/100
|
|-heal|p1a: Zamazenta|26/100|[from] item: Leftovers
|upkeep
|turn|13
|
|t:|1760841204
|move|p1a: Zamazenta|Crunch|p2a: Trevenant
|-supereffective|p2a: Trevenant
|-damage|p2a: Trevenant|0 fnt
|faint|p2a: Trevenant
|
|-heal|p1a: Zamazenta|32/100|[from] item: Leftovers
|upkeep
|
|t:|1760841207
|switch|p2a: Krookodile|Krookodile, M|88/100
|-damage|p2a: Krookodile|76/100|[from] Spikes
|turn|14
|
|t:|1760841215
|move|p1a: Zamazenta|Body Press|p2a: Krookodile
|-supereffective|p2a: Krookodile
|-damage|p2a: Krookodile|0 fnt
|faint|p2a: Krookodile
|
|win|RJoyful
|raw|RJoyful's rating: 1115 &rarr; <strong>1136</strong><br />(+21 for winning)
|raw|Squidinkerton's rating: 1064 &rarr; <strong>1047</strong><br />(-17 for losing)
|c|☆RJoyful|gg
|l|‽Squidinkerton
|player|p2|
