|j|☆RovaRed
|j|☆sus skibidi
|t:|1760734779
|gametype|singles
|player|p1|RovaRed|2|1414
|player|p2|sus skibidi|miku-fire|1424
|gen|9
|tier|[Gen 9] OU
|rated|
|rule|HP Percentage Mod: HP is shown in percentages
|rule|Endless Battle Clause: Forcing endless battles is banned
|rule|Species Clause: Limit one of each Pokémon
|rule|OHKO Clause: OHKO moves are banned
|rule|Evasion Items Clause: Evasion items are banned
|rule|Evasion Moves Clause: Evasion moves are banned
|rule|Evasion Abilities Clause: Evasion abilities are banned
|rule|Sleep Moves Clause: Sleep-inducing moves are banned
|clearpoke
|poke|p1|Shiftry, F|
|poke|p1|Rillaboom, F|
|poke|p1|Brambleghast, F|
|poke|p1|Hawlucha, F|
|poke|p1|Great Tusk|
|poke|p1|Iron Moth|
|poke|p2|Incineroar, M|
|poke|p2|Sylveon, F|
|poke|p2|Great Tusk|
|poke|p2|Kyurem|
|poke|p2|Zapdos|
|poke|p2|Gholdengo|
|teampreview
|
|t:|1760734789
|teamsize|p1|6
|teamsize|p2|6
|start
|switch|p1a: The Fumble|Shiftry, F|100/100
|switch|p2a: Zapdos|Zapdos|100/100
|turn|1
|
|t:|1760734793
|move|p1a: The Fumble|Tailwind|p1a: The Fumble
|-sidestart|p1: RovaRed|move: Tailwind
|-ability|p1a: The Fumble|Wind Rider|boost
|-boost|p1a: The Fumble|atk|1
|move|p2a: Zapdos|Brave Bird|p1a: The Fumble
|-supereffective|p1a: The Fumble
|-enditem|p1a: The Fumble|Focus Sash
|-damage|p1a: The Fumble|1/100
|-damage|p2a: Zapdos|73/100|[from] Recoil
|
|upkeep
|turn|2
|
|t:|1760734801
|move|p1a: The Fumble|Explosion|p2a: Zapdos
|-damage|p2a: Zapdos|0 fnt
|faint|p1a: The Fumble
|faint|p2a: Zapdos
|
|upkeep
|
|t:|1760734806
|switch|p1a: The Tumble|Brambleghast, F|100/100
|switch|p2a: Incineroar|Incineroar, M|100/100
|-ability|p1a: The Tumble|Wind Rider|boost
|-boost|p1a: The Tumble|atk|1
|-ability|p2a: Incineroar|Intimidate|boost
|-unboost|p1a: The Tumble|atk|1
|turn|3
|inactive|Battle timer is ON: inactive players will automatically lose when time's up. (requested by sus skibidi)
|
|t:|1760734829
|-terastallize|p1a: The Tumble|Fighting
|move|p1a: The Tumble|Tera Blast|p2a: Incineroar|[anim] Tera Blast Fighting
|-supereffective|p2a: Incineroar
|-damage|p2a: Incineroar|31/100
|move|p2a: Incineroar|Will-O-Wisp|p1a: The Tumble
|-status|p1a: The Tumble|brn
|
|-damage|p1a: The Tumble|95/100 brn|[from] brn
|upkeep
|turn|4
|
|t:|1760734836
|switch|p2a: Sylveon|Sylveon, F, shiny|100/100
|move|p1a: The Tumble|Tera Blast|p2a: Sylveon|[anim] Tera Blast Fighting
|-resisted|p2a: Sylveon
|-damage|p2a: Sylveon|88/100
|
|-damage|p1a: The Tumble|89/100 brn|[from] brn
|-sideend|p1: RovaRed|move: Tailwind
|upkeep
|turn|5
|
|t:|1760734842
|move|p1a: The Tumble|Bullet Seed|p2a: Sylveon
|-damage|p2a: Sylveon|80/100
|-damage|p2a: Sylveon|72/100
|-damage|p2a: Sylveon|65/100
|-damage|p2a: Sylveon|57/100
|-damage|p2a: Sylveon|49/100
|-hitcount|p2a: Sylveon|5
|move|p2a: Sylveon|Hyper Voice|p1a: The Tumble
|-supereffective|p1a: The Tumble
|-damage|p1a: The Tumble|0 fnt
|faint|p1a: The Tumble
|
|upkeep
|
|t:|1760734853
|switch|p1a: Ronald Moth|Iron Moth, shiny|100/100
|-enditem|p1a: Ronald Moth|Booster Energy
|-activate|p1a: Ronald Moth|ability: Quark Drive|[fromitem]
|-start|p1a: Ronald Moth|quarkdrivespe
|turn|6
|
|t:|1760734865
|move|p1a: Ronald Moth|Sludge Wave|p2a: Sylveon
|-supereffective|p2a: Sylveon
|-damage|p2a: Sylveon|7/100
|move|p2a: Sylveon|Psyshock|p1a: Ronald Moth
|-supereffective|p1a: Ronald Moth
|-damage|p1a: Ronald Moth|18/100
|
|upkeep
|turn|7
|
|t:|1760734872
|move|p1a: Ronald Moth|Fiery Dance|p2a: Sylveon
|-damage|p2a: Sylveon|0 fnt
|faint|p2a: Sylveon
|
|upkeep
|
|t:|1760734875
|switch|p2a: Kyurem|Kyurem|100/100
|-ability|p2a: Kyurem|Pressure
|turn|8
|
|t:|1760734884
|move|p1a: Ronald Moth|Dazzling Gleam|p2a: Kyurem
|-supereffective|p2a: Kyurem
|-damage|p2a: Kyurem|47/100
|move|p2a: Kyurem|Earth Power|p1a: Ronald Moth
|-supereffective|p1a: Ronald Moth
|-damage|p1a: Ronald Moth|0 fnt
|faint|p1a: Ronald Moth
|-end|p1a: Ronald Moth|Quark Drive|[silent]
|
|upkeep
|
|t:|1760734898
|switch|p1a: Gerald Tusk|Great Tusk, shiny|100/100
|-enditem|p1a: Gerald Tusk|Booster Energy
|-activate|p1a: Gerald Tusk|ability: Protosynthesis|[fromitem]
|-start|p1a: Gerald Tusk|protosynthesisspe
|turn|9
|inactive|RovaRed has 120 seconds left.
|inactive|RovaRed has 90 seconds left.
|
|t:|1760734960
|switch|p2a: Incineroar|Incineroar, M|31/100
|-ability|p2a: Incineroar|Intimidate|boost
|-unboost|p1a: Gerald Tusk|atk|1
|move|p1a: Gerald Tusk|Close Combat|p2a: Incineroar
|-supereffective|p2a: Incineroar
|-damage|p2a: Incineroar|0 fnt
|-unboost|p1a: Gerald Tusk|def|1
|-unboost|p1a: Gerald Tusk|spd|1
|faint|p2a: Incineroar
|
|upkeep
|
|t:|1760734970
|switch|p2a: Kyurem|Kyurem|47/100
|-ability|p2a: Kyurem|Pressure
|turn|10
|
|t:|1760734983
|move|p1a: Gerald Tusk|Close Combat|p2a: Kyurem
|-supereffective|p2a: Kyurem
|-damage|p2a: Kyurem|0 fnt
|-unboost|p1a: Gerald Tusk|def|1
|-unboost|p1a: Gerald Tusk|spd|1
|faint|p2a: Kyurem
|
|upkeep
|
|t:|1760734989
|switch|p2a: Great Tusk|Great Tusk|100/100
|turn|11
|
|t:|1760734993
|move|p1a: Gerald Tusk|Bulk Up|p1a: Gerald Tusk
|-boost|p1a: Gerald Tusk|atk|1
|-boost|p1a: Gerald Tusk|def|1
|move|p2a: Great Tusk|Ice Spinner|p1a: Gerald Tusk
|-supereffective|p1a: Gerald Tusk
|-damage|p1a: Gerald Tusk|46/100
|
|upkeep
|turn|12
|
|t:|1760734998
|move|p1a: Gerald Tusk|Bulk Up|p1a: Gerald Tusk
|-boost|p1a: Gerald Tusk|atk|1
|-boost|p1a: Gerald Tusk|def|1
|move|p2a: Great Tusk|Ice Spinner|p1a: Gerald Tusk
|-supereffective|p1a: Gerald Tusk
|-damage|p1a: Gerald Tusk|9/100
|
|upkeep
|turn|13
|
|t:|1760735006
|move|p1a: Gerald Tusk|Headlong Rush|p2a: Great Tusk
|-damage|p2a: Great Tusk|42/100
|-unboost|p1a: Gerald Tusk|def|1
|-unboost|p1a: Gerald Tusk|spd|1
|move|p2a: Great Tusk|Rapid Spin|p1a: Gerald Tusk
|-damage|p1a: Gerald Tusk|0 fnt
|-boost|p2a: Great Tusk|spe|1
|faint|p1a: Gerald Tusk
|-end|p1a: Gerald Tusk|Protosynthesis|[silent]
|
|upkeep
|
|t:|1760735013
|switch|p1a: Hookline|Rillaboom, F|100/100
|-fieldstart|move: Grassy Terrain|[from] ability: Grassy Surge|[of] p1a: Hookline
|turn|14
|
|t:|1760735018
|-terastallize|p2a: Great Tusk|Poison
|move|p1a: Hookline|Grassy Glide|p2a: Great Tusk
|-resisted|p2a: Great Tusk
|-damage|p2a: Great Tusk|27/100
|move|p2a: Great Tusk|Ice Spinner|p1a: Hookline
|-supereffective|p1a: Hookline
|-damage|p1a: Hookline|51/100
|-fieldend|move: Grassy Terrain
|
|upkeep
|turn|15
|
|t:|1760735027
|switch|p1a: &Sinker|Hawlucha, F|100/100
|move|p2a: Great Tusk|Ice Spinner|p1a: &Sinker
|-supereffective|p1a: &Sinker
|-damage|p1a: &Sinker|19/100
|
|upkeep
|turn|16
|
|t:|1760735036
|switch|p1a: Hookline|Rillaboom, F|51/100
|-fieldstart|move: Grassy Terrain|[from] ability: Grassy Surge|[of] p1a: Hookline
|move|p2a: Great Tusk|Ice Spinner|p1a: Hookline
|-supereffective|p1a: Hookline
|-damage|p1a: Hookline|0 fnt
|-fieldend|move: Grassy Terrain
|faint|p1a: Hookline
|
|upkeep
|-message|RovaRed forfeited.
|
|win|sus skibidi
|raw|RovaRed's rating: 1414 &rarr; <strong>1395</strong><br />(-19 for losing)
|raw|sus skibidi's rating: 1424 &rarr; <strong>1443</strong><br />(+19 for winning)
|l|☆RovaRed
|player|p1|
|l|☆sus skibidi
|player|p2|
