|j|☆bludsconio
|j|☆theboatsbrokendad
|t:|1760855241
|gametype|singles
|player|p1|bludsconio|102|1473
|player|p2|theboatsbrokendad|170|1551
|gen|9
|tier|[Gen 9] OU
|rated|
|rule|HP Percentage Mod: HP is shown in percentages
|rule|Endless Battle Clause: Forcing endless battles is banned
|rule|Species Clause: Limit one of each Pokémon
|rule|OHKO Clause: OHKO moves are banned
|rule|Evasion Items Clause: Evasion items are banned
|rule|Evasion Moves Clause: Evasion moves are banned
|rule|Evasion Abilities Clause: Evasion abilities are banned
|rule|Sleep Moves Clause: Sleep-inducing moves are banned
|clearpoke
|poke|p1|Ogerpon-Cornerstone, F|
|poke|p1|Hatterene, F|
|poke|p1|Pecharunt|
|poke|p1|Landorus-Therian, M|
|poke|p1|Kingambit, F|
|poke|p1|Latios, M|
|poke|p2|Torterra, F|
|poke|p2|Garchomp, M|
|poke|p2|Sylveon, F|
|poke|p2|Dragonite, F|
|poke|p2|Kingambit, F|
|poke|p2|Volcanion|
|teampreview
|inactive|Battle timer is ON: inactive players will automatically lose when time's up. (requested by theboatsbrokendad)
|inactive|bludsconio has 120 seconds left.
|
|t:|1760855279
|teamsize|p1|6
|teamsize|p2|6
|start
|switch|p1a: Landorus|Landorus-Therian, M|100/100
|switch|p2a: Ivan|Torterra, F|100/100
|-ability|p1a: Landorus|Intimidate|boost
|-unboost|p2a: Ivan|atk|1
|turn|1
|
|t:|1760855289
|move|p1a: Landorus|Taunt|p2a: Ivan
|-start|p2a: Ivan|move: Taunt
|cant|p2a: Ivan|move: Taunt|Shell Smash
|
|upkeep
|turn|2
|
|t:|1760855302
|move|p1a: Landorus|Stealth Rock|p2a: Ivan
|-sidestart|p2: theboatsbrokendad|move: Stealth Rock
|move|p2a: Ivan|Wood Hammer|p1a: Landorus
|-damage|p1a: Landorus|60/100
|-damage|p2a: Ivan|84/100|[from] item: Rocky Helmet|[of] p1a: Landorus
|-damage|p2a: Ivan|68/100|[from] Recoil
|
|upkeep
|turn|3
|
|t:|1760855326
|switch|p2a: Cat|Sylveon, F|100/100
|-damage|p2a: Cat|88/100|[from] Stealth Rock
|move|p1a: Landorus|U-turn|p2a: Cat
|-resisted|p2a: Cat
|-damage|p2a: Cat|75/100
|inactive|bludsconio has 120 seconds left.
|
|t:|1760855349
|switch|p1a: Ogerpon|Ogerpon-Cornerstone, F|100/100|[from] U-turn
|
|upkeep
|turn|4
|
|t:|1760855373
|switch|p2a: Dankchomp|Garchomp, M|100/100
|-damage|p2a: Dankchomp|94/100|[from] Stealth Rock
|move|p1a: Ogerpon|Swords Dance|p1a: Ogerpon
|-boost|p1a: Ogerpon|atk|2
|
|upkeep
|turn|5
|inactive|bludsconio has 120 seconds left.
|inactive|theboatsbrokendad has 120 seconds left.
|
|t:|1760855409
|move|p2a: Dankchomp|Outrage|p1a: Ogerpon
|-damage|p1a: Ogerpon|17/100
|move|p1a: Ogerpon|Ivy Cudgel|p2a: Dankchomp|[anim] Ivy Cudgel Rock
|-resisted|p2a: Dankchomp
|-damage|p2a: Dankchomp|38/100
|
|upkeep
|turn|6
|inactive|theboatsbrokendad has 120 seconds left.
|
|t:|1760855419
|switch|p1a: Hatterene|Hatterene, F|100/100
|move|p2a: Dankchomp|Outrage|p1a: Hatterene|[from] lockedmove
|-immune|p1a: Hatterene
|-start|p2a: Dankchomp|confusion|[fatigue]
|
|upkeep
|turn|7
|inactive|bludsconio has 120 seconds left.
|inactive|theboatsbrokendad has 120 seconds left.
|
|t:|1760855438
|switch|p2a: Literally Me|Volcanion|100/100
|-damage|p2a: Literally Me|76/100|[from] Stealth Rock
|switch|p1a: Landorus|Landorus-Therian, M|60/100
|-ability|p1a: Landorus|Intimidate|boost
|-unboost|p2a: Literally Me|atk|1
|
|upkeep
|turn|8
|inactive|theboatsbrokendad has 120 seconds left.
|
|t:|1760855488
|-terastallize|p2a: Literally Me|Water
|move|p1a: Landorus|Earthquake|p2a: Literally Me
|-damage|p2a: Literally Me|33/100
|move|p2a: Literally Me|Steam Eruption|p1a: Landorus
|-supereffective|p1a: Landorus
|-damage|p1a: Landorus|0 fnt
|faint|p1a: Landorus
|
|upkeep
|
|t:|1760855496
|switch|p1a: Ogerpon|Ogerpon-Cornerstone, F|17/100
|turn|9
|inactive|theboatsbrokendad has 90 seconds left.
|
|t:|1760855520
|switch|p2a: Ivan|Torterra, F|68/100
|-damage|p2a: Ivan|62/100|[from] Stealth Rock
|move|p1a: Ogerpon|Ivy Cudgel|p2a: Ivan|[anim] Ivy Cudgel Rock
|-resisted|p2a: Ivan
|-crit|p2a: Ivan
|-damage|p2a: Ivan|19/100
|
|upkeep
|turn|10
|inactive|theboatsbrokendad has 90 seconds left.
|
|t:|1760855535
|move|p1a: Ogerpon|Ivy Cudgel|p2a: Ivan|[anim] Ivy Cudgel Rock
|-resisted|p2a: Ivan
|-crit|p2a: Ivan
|-damage|p2a: Ivan|0 fnt
|faint|p2a: Ivan
|
|upkeep
|inactive|theboatsbrokendad has 90 seconds left.
|
|t:|1760855541
|switch|p2a: Cat|Sylveon, F|75/100
|-damage|p2a: Cat|62/100|[from] Stealth Rock
|turn|11
|inactive|theboatsbrokendad has 90 seconds left.
|
|t:|1760855565
|move|p1a: Ogerpon|Power Whip|p2a: Cat
|-damage|p2a: Cat|0 fnt
|faint|p2a: Cat
|
|upkeep
|inactive|theboatsbrokendad has 90 seconds left.
|
|t:|1760855573
|switch|p2a: Dankchomp|Garchomp, M|38/100
|-damage|p2a: Dankchomp|32/100|[from] Stealth Rock
|turn|12
|inactive|bludsconio has 90 seconds left.
|inactive|theboatsbrokendad has 90 seconds left.
|
|t:|1760855600
|switch|p1a: Latios|Latios, M|100/100
|move|p2a: Dankchomp|Iron Head|p1a: Latios
|-damage|p1a: Latios|57/100
|
|upkeep
|turn|13
|inactive|bludsconio has 90 seconds left.
|inactive|theboatsbrokendad has 90 seconds left.
|
|t:|1760855619
|switch|p2a: Ryan Gosling|Kingambit, F|100/100
|-damage|p2a: Ryan Gosling|94/100|[from] Stealth Rock
|-activate|p2a: Ryan Gosling|ability: Supreme Overlord
|-start|p2a: Ryan Gosling|fallen2|[silent]
|move|p1a: Latios|Luster Purge|p2a: Ryan Gosling
|-immune|p2a: Ryan Gosling
|
|-heal|p2a: Ryan Gosling|100/100|[from] item: Leftovers
|upkeep
|turn|14
|inactive|theboatsbrokendad has 90 seconds left.
|inactive|bludsconio has 90 seconds left.
|
|t:|1760855643
|switch|p1a: Kingambit|Kingambit, F|100/100
|-activate|p1a: Kingambit|ability: Supreme Overlord
|-start|p1a: Kingambit|fallen1|[silent]
|move|p2a: Ryan Gosling|Swords Dance|p2a: Ryan Gosling
|-boost|p2a: Ryan Gosling|atk|2
|
|upkeep
|turn|15
|
|t:|1760855655
|move|p1a: Kingambit|Low Kick|p2a: Ryan Gosling
|-supereffective|p2a: Ryan Gosling
|-damage|p2a: Ryan Gosling|0 fnt
|faint|p2a: Ryan Gosling
|-end|p2a: Ryan Gosling|fallen2|[silent]
|
|upkeep
|inactive|theboatsbrokendad has 60 seconds left.
|
|t:|1760855678
|switch|p2a: Literally Me|Volcanion, tera:Water|33/100
|-damage|p2a: Literally Me|21/100|[from] Stealth Rock
|turn|16
|
|t:|1760855682
|move|p1a: Kingambit|Sucker Punch||[still]
|-fail|p1a: Kingambit
|move|p2a: Literally Me|Will-O-Wisp|p1a: Kingambit
|-status|p1a: Kingambit|brn
|
|-damage|p1a: Kingambit|94/100 brn|[from] brn
|upkeep
|turn|17
|
|t:|1760855691
|switch|p2a: Dankchomp|Garchomp, M|32/100
|-damage|p2a: Dankchomp|26/100|[from] Stealth Rock
|move|p1a: Kingambit|Sucker Punch||[still]
|-fail|p1a: Kingambit
|
|-heal|p1a: Kingambit|100/100 brn|[from] item: Leftovers
|-damage|p1a: Kingambit|94/100 brn|[from] brn
|upkeep
|turn|18
|inactive|bludsconio has 120 seconds left.
|
|t:|1760855709
|move|p2a: Dankchomp|Outrage|p1a: Kingambit
|-resisted|p1a: Kingambit
|-damage|p1a: Kingambit|64/100 brn
|move|p1a: Kingambit|Kowtow Cleave|p2a: Dankchomp
|-damage|p2a: Dankchomp|1/100
|-damage|p1a: Kingambit|52/100 brn|[from] ability: Rough Skin|[of] p2a: Dankchomp
|
|-heal|p1a: Kingambit|58/100 brn|[from] item: Leftovers
|-damage|p1a: Kingambit|52/100 brn|[from] brn
|upkeep
|turn|19
|inactive|theboatsbrokendad has 90 seconds left.
|
|t:|1760855719
|-end|p1a: Kingambit|fallen1|[silent]
|switch|p1a: Hatterene|Hatterene, F|100/100
|move|p2a: Dankchomp|Outrage|p1a: Hatterene|[from] lockedmove
|-immune|p1a: Hatterene
|
|upkeep
|turn|20
|inactive|bludsconio has 120 seconds left.
|
|t:|1760855728
|move|p2a: Dankchomp|Outrage|p1a: Hatterene
|-immune|p1a: Hatterene
|move|p1a: Hatterene|Psychic Noise|p2a: Dankchomp
|-damage|p2a: Dankchomp|0 fnt
|faint|p2a: Dankchomp
|
|upkeep
|
|t:|1760855732
|switch|p2a: Literally Me|Volcanion, tera:Water|21/100
|-damage|p2a: Literally Me|9/100|[from] Stealth Rock
|turn|21
|inactive|bludsconio has 120 seconds left.
|
|t:|1760855756
|switch|p1a: Kingambit|Kingambit, F|52/100 brn
|-activate|p1a: Kingambit|ability: Supreme Overlord
|-start|p1a: Kingambit|fallen1|[silent]
|move|p2a: Literally Me|Steam Eruption|p1a: Kingambit
|-damage|p1a: Kingambit|0 fnt
|faint|p1a: Kingambit
|-end|p1a: Kingambit|fallen1|[silent]
|
|upkeep
|
|t:|1760855758
|switch|p1a: Pecharunt|Pecharunt|100/100
|turn|22
|
|t:|1760855762
|move|p2a: Literally Me|Steam Eruption|p1a: Pecharunt
|-damage|p1a: Pecharunt|0 fnt
|faint|p1a: Pecharunt
|
|upkeep
|
|t:|1760855767
|switch|p1a: Ogerpon|Ogerpon-Cornerstone, F|17/100
|turn|23
|
|t:|1760855769
|move|p1a: Ogerpon|Ivy Cudgel|p2a: Literally Me|[anim] Ivy Cudgel Rock
|-crit|p2a: Literally Me
|-damage|p2a: Literally Me|0 fnt
|faint|p2a: Literally Me
|
|upkeep
|
|t:|1760855771
|switch|p2a: Puff|Dragonite, F|100/100
|turn|24
|
|t:|1760855778
|move|p2a: Puff|Extreme Speed|p1a: Ogerpon
|-resisted|p1a: Ogerpon
|-damage|p1a: Ogerpon|0 fnt
|faint|p1a: Ogerpon
|
|upkeep
|
|t:|1760855782
|switch|p1a: Hatterene|Hatterene, F|100/100
|turn|25
|
|t:|1760855785
|move|p2a: Puff|Dragon Dance|p2a: Puff
|-boost|p2a: Puff|atk|1
|-boost|p2a: Puff|spe|1
|move|p1a: Hatterene|Nuzzle|p2a: Puff
|-damage|p2a: Puff|99/100
|-status|p2a: Puff|par
|
|upkeep
|turn|26
|
|t:|1760855807
|move|p2a: Puff|Dragon Dance|p2a: Puff
|-boost|p2a: Puff|atk|1
|-boost|p2a: Puff|spe|1
|move|p1a: Hatterene|Draining Kiss|p2a: Puff
|-supereffective|p2a: Puff
|-damage|p2a: Puff|51/100 par
|
|upkeep
|turn|27
|
|t:|1760855815
|move|p2a: Puff|Earthquake|p1a: Hatterene
|-damage|p1a: Hatterene|15/100
|move|p1a: Hatterene|Psychic Noise|p2a: Puff
|-damage|p2a: Puff|15/100 par
|-start|p2a: Puff|move: Heal Block
|
|upkeep
|turn|28
|
|t:|1760855821
|move|p2a: Puff|Extreme Speed|p1a: Hatterene
|-damage|p1a: Hatterene|0 fnt
|faint|p1a: Hatterene
|
|-end|p2a: Puff|move: Heal Block
|upkeep
|
|t:|1760855824
|switch|p1a: Latios|Latios, M|57/100
|turn|29
|
|t:|1760855832
|-terastallize|p1a: Latios|Steel
|move|p2a: Puff|Extreme Speed|p1a: Latios
|-resisted|p1a: Latios
|-damage|p1a: Latios|14/100
|move|p1a: Latios|Luster Purge|p2a: Puff
|-crit|p2a: Puff
|-damage|p2a: Puff|0 fnt
|faint|p2a: Puff
|
|win|bludsconio
|raw|bludsconio's rating: 1473 &rarr; <strong>1497</strong><br />(+24 for winning)
|raw|theboatsbrokendad's rating: 1551 &rarr; <strong>1527</strong><br />(-24 for losing)
|l|☆bludsconio
|player|p1|
