|j|☆dimeeenietreecko
|j|☆MAGAboominGOOCH
|t:|1760718838
|gametype|singles
|player|p1|dimeeenietreecko|101|1040
|player|p2|MAGAboominGOOCH|supernerd|1085
|gen|9
|tier|[Gen 9] OU
|rated|
|rule|HP Percentage Mod: HP is shown in percentages
|rule|Endless Battle Clause: Forcing endless battles is banned
|rule|Species Clause: Limit one of each Pokémon
|rule|OHKO Clause: OHKO moves are banned
|rule|Evasion Items Clause: Evasion items are banned
|rule|Evasion Moves Clause: Evasion moves are banned
|rule|Evasion Abilities Clause: Evasion abilities are banned
|rule|Sleep Moves Clause: Sleep-inducing moves are banned
|clearpoke
|poke|p1|Alomomola, F|
|poke|p1|Slowking-Galar, M|
|poke|p1|Thundurus-Therian, M|
|poke|p1|Slither Wing|
|poke|p1|Decidueye-Hisui, F|
|poke|p1|Dragonite, M|
|poke|p2|Polteageist|
|poke|p2|Sinistcha-Masterpiece|
|poke|p2|Skeledirge, F|
|poke|p2|Drifblim, M|
|poke|p2|Gholdengo|
|poke|p2|Ceruledge, M|
|teampreview
|inactive|Battle timer is ON: inactive players will automatically lose when time's up. (requested by dimeeenietreecko)
|inactive|MAGAboominGOOCH has 120 seconds left.
|inactive|MAGAboominGOOCH has 90 seconds left.
|
|t:|1760718936
|teamsize|p1|6
|teamsize|p2|6
|start
|switch|p1a: Thundurus|Thundurus-Therian, M|100/100
|switch|p2a: Polteageist|Polteageist|100/100
|turn|1
|
|t:|1760718957
|move|p1a: Thundurus|Volt Switch|p2a: Polteageist
|-damage|p2a: Polteageist|29/100
|inactive|dimeeenietreecko has 120 seconds left.
|
|t:|1760718980
|switch|p1a: Decidueye|Decidueye-Hisui, F|100/100|[from] Volt Switch
|move|p2a: Polteageist|Shell Smash|p2a: Polteageist
|-unboost|p2a: Polteageist|def|1
|-unboost|p2a: Polteageist|spd|1
|-boost|p2a: Polteageist|atk|2
|-boost|p2a: Polteageist|spa|2
|-boost|p2a: Polteageist|spe|2
|
|upkeep
|turn|2
|inactive|dimeeenietreecko has 120 seconds left.
|
|t:|1760719002
|-terastallize|p2a: Polteageist|Fighting
|move|p2a: Polteageist|Stored Power|p1a: Decidueye
|-supereffective|p1a: Decidueye
|-damage|p1a: Decidueye|0 fnt
|faint|p1a: Decidueye
|
|upkeep
|
|t:|1760719027
|switch|p1a: Dragonite|Dragonite, M|100/100
|turn|3
|
|t:|1760719038
|move|p2a: Polteageist|Stored Power|p1a: Dragonite
|-damage|p1a: Dragonite|46/100
|move|p1a: Dragonite|Dragon Dance|p1a: Dragonite
|-boost|p1a: Dragonite|atk|1
|-boost|p1a: Dragonite|spe|1
|
|upkeep
|turn|4
|
|t:|1760719043
|move|p1a: Dragonite|Extreme Speed|p2a: Polteageist
|-damage|p2a: Polteageist|0 fnt
|faint|p2a: Polteageist
|
|upkeep
|
|t:|1760719051
|switch|p2a: Gholdengo|Gholdengo|100/100
|turn|5
|
|t:|1760719066
|move|p2a: Gholdengo|Dazzling Gleam|p1a: Dragonite
|-supereffective|p1a: Dragonite
|-damage|p1a: Dragonite|0 fnt
|faint|p1a: Dragonite
|
|upkeep
|inactive|dimeeenietreecko has 90 seconds left.
|
|t:|1760719098
|switch|p1a: Thundurus|Thundurus-Therian, M|100/100
|turn|6
|
|t:|1760719109
|switch|p2a: Sinistcha|Sinistcha-Masterpiece|100/100
|move|p1a: Thundurus|Discharge|p2a: Sinistcha
|-resisted|p2a: Sinistcha
|-damage|p2a: Sinistcha|69/100
|
|upkeep
|turn|7
|inactive|dimeeenietreecko has 90 seconds left.
|
|t:|1760719121
|move|p1a: Thundurus|Discharge|p2a: Sinistcha
|-resisted|p2a: Sinistcha
|-damage|p2a: Sinistcha|35/100
|-status|p2a: Sinistcha|par
|move|p2a: Sinistcha|Shadow Ball|p1a: Thundurus
|-damage|p1a: Thundurus|41/100
|-unboost|p1a: Thundurus|spd|1
|
|upkeep
|turn|8
|inactive|dimeeenietreecko has 90 seconds left.
|
|t:|1760719130
|move|p1a: Thundurus|Discharge|p2a: Sinistcha
|-resisted|p2a: Sinistcha
|-damage|p2a: Sinistcha|2/100 par
|move|p2a: Sinistcha|Shadow Ball|p1a: Thundurus
|-damage|p1a: Thundurus|0 fnt
|faint|p1a: Thundurus
|
|upkeep
|inactive|dimeeenietreecko has 90 seconds left.
|
|t:|1760719140
|switch|p1a: Slither Wing|Slither Wing|100/100
|-enditem|p1a: Slither Wing|Booster Energy
|-activate|p1a: Slither Wing|ability: Protosynthesis|[fromitem]
|-start|p1a: Slither Wing|protosynthesisatk
|turn|9
|inactive|dimeeenietreecko has 90 seconds left.
|
|t:|1760719146
|move|p1a: Slither Wing|Bulk Up|p1a: Slither Wing
|-boost|p1a: Slither Wing|atk|1
|-boost|p1a: Slither Wing|def|1
|cant|p2a: Sinistcha|par
|
|upkeep
|turn|10
|
|t:|1760719153
|move|p1a: Slither Wing|Acrobatics|p2a: Sinistcha
|-supereffective|p2a: Sinistcha
|-crit|p2a: Sinistcha
|-damage|p2a: Sinistcha|0 fnt
|faint|p2a: Sinistcha
|
|upkeep
|
|t:|1760719159
|switch|p2a: Ceruledge|Ceruledge, M|100/100
|turn|11
|
|t:|1760719167
|move|p2a: Ceruledge|Swords Dance|p2a: Ceruledge
|-boost|p2a: Ceruledge|atk|2
|move|p1a: Slither Wing|Acrobatics|p2a: Ceruledge
|-enditem|p2a: Ceruledge|Focus Sash
|-damage|p2a: Ceruledge|1/100
|-ability|p2a: Ceruledge|Weak Armor|boost
|-unboost|p2a: Ceruledge|def|1
|-boost|p2a: Ceruledge|spe|2
|
|upkeep
|turn|12
|
|t:|1760719176
|move|p2a: Ceruledge|Bitter Blade|p1a: Slither Wing
|-supereffective|p1a: Slither Wing
|-damage|p1a: Slither Wing|0 fnt
|-heal|p2a: Ceruledge|60/100|[from] drain|[of] p1a: Slither Wing
|faint|p1a: Slither Wing
|-end|p1a: Slither Wing|Protosynthesis|[silent]
|
|upkeep
|
|t:|1760719191
|switch|p1a: Alomomola|Alomomola, F|100/100
|turn|13
|
|t:|1760719200
|move|p2a: Ceruledge|Bitter Blade|p1a: Alomomola
|-resisted|p1a: Alomomola
|-damage|p1a: Alomomola|77/100
|-heal|p2a: Ceruledge|82/100|[from] drain|[of] p1a: Alomomola
|-damage|p2a: Ceruledge|65/100|[from] item: Rocky Helmet|[of] p1a: Alomomola
|move|p1a: Alomomola|Scald|p2a: Ceruledge
|-supereffective|p2a: Ceruledge
|-damage|p2a: Ceruledge|34/100
|
|upkeep
|turn|14
|inactive|dimeeenietreecko has 120 seconds left.
|
|t:|1760719216
|move|p2a: Ceruledge|Shadow Sneak|p1a: Alomomola
|-damage|p1a: Alomomola|57/100
|-damage|p2a: Ceruledge|18/100|[from] item: Rocky Helmet|[of] p1a: Alomomola
|move|p1a: Alomomola|Scald|p2a: Ceruledge
|-supereffective|p2a: Ceruledge
|-damage|p2a: Ceruledge|0 fnt
|faint|p2a: Ceruledge
|
|upkeep
|
|t:|1760719226
|switch|p2a: Gholdengo|Gholdengo|100/100
|turn|15
|inactive|dimeeenietreecko has 120 seconds left.
|
|t:|1760719250
|move|p2a: Gholdengo|Thunderbolt|p1a: Alomomola
|-supereffective|p1a: Alomomola
|-damage|p1a: Alomomola|0 fnt
|faint|p1a: Alomomola
|
|upkeep
|
|t:|1760719254
|switch|p1a: Slowking|Slowking-Galar, M|100/100
|turn|16
|
|t:|1760719259
|switch|p2a: Drifblim|Drifblim, M, shiny|100/100
|move|p1a: Slowking|Muddy Water|p2a: Drifblim|[miss]
|-miss|p1a: Slowking|p2a: Drifblim
|
|upkeep
|turn|17
|inactive|dimeeenietreecko has 120 seconds left.
|
|t:|1760719278
|move|p2a: Drifblim|Shadow Ball|p1a: Slowking
|-supereffective|p1a: Slowking
|-damage|p1a: Slowking|50/100
|-unboost|p1a: Slowking|spd|1
|move|p1a: Slowking|Muddy Water|p2a: Drifblim
|-damage|p2a: Drifblim|39/100
|
|upkeep
|turn|18
|
|t:|1760719285
|move|p2a: Drifblim|Shadow Ball|p1a: Slowking
|-supereffective|p1a: Slowking
|-damage|p1a: Slowking|0 fnt
|faint|p1a: Slowking
|
|win|MAGAboominGOOCH
|raw|dimeeenietreecko's rating: 1040 &rarr; <strong>1026</strong><br />(-14 for losing)
|raw|MAGAboominGOOCH's rating: 1085 &rarr; <strong>1109</strong><br />(+24 for winning)
