|j|☆wodhdidbh
|j|☆DurantLatios拉帝欧斯侠
|t:|1760853718
|gametype|singles
|player|p1|wodhdidbh|cynthia|1323
|player|p2|DurantLatios拉帝欧斯侠|102|1337
|gen|9
|tier|[Gen 9] OU
|rated|
|rule|HP Percentage Mod: HP is shown in percentages
|rule|Endless Battle Clause: Forcing endless battles is banned
|rule|Species Clause: Limit one of each Pokémon
|rule|OHKO Clause: OHKO moves are banned
|rule|Evasion Items Clause: Evasion items are banned
|rule|Evasion Moves Clause: Evasion moves are banned
|rule|Evasion Abilities Clause: Evasion abilities are banned
|rule|Sleep Moves Clause: Sleep-inducing moves are banned
|clearpoke
|poke|p1|Great Tusk|
|poke|p1|Torkoal, F|
|poke|p1|Hatterene, F|
|poke|p1|Walking Wake|
|poke|p1|Landorus-Therian, M|
|poke|p1|Deoxys-Speed|
|poke|p2|Skarmory, M|
|poke|p2|Cinderace, F|
|poke|p2|Alomomola, M|
|poke|p2|Slowking-Galar, M|
|poke|p2|Tornadus-Therian, M|
|poke|p2|Kyurem|
|teampreview
|inactive|Battle timer is ON: inactive players will automatically lose when time's up. (requested by DurantLatios拉帝欧斯侠)
|
|t:|1760853731
|teamsize|p1|6
|teamsize|p2|6
|start
|switch|p1a: Deoxys|Deoxys-Speed|100/100
|switch|p2a: Kyurem|Kyurem|100/100
|-ability|p1a: Deoxys|Pressure
|-ability|p2a: Kyurem|Pressure
|turn|1
|
|t:|1760853740
|move|p2a: Kyurem|Substitute|p2a: Kyurem
|-start|p2a: Kyurem|Substitute
|-damage|p2a: Kyurem|75/100
|move|p1a: Deoxys|Mirror Coat||[still]
|-fail|p1a: Deoxys
|
|-heal|p2a: Kyurem|82/100|[from] item: Leftovers
|upkeep
|turn|2
|
|t:|1760853746
|move|p1a: Deoxys|Knock Off|p2a: Kyurem
|-end|p2a: Kyurem|Substitute
|move|p2a: Kyurem|Freeze-Dry|p1a: Deoxys
|-damage|p1a: Deoxys|47/100
|
|-heal|p2a: Kyurem|88/100|[from] item: Leftovers
|upkeep
|turn|3
|
|t:|1760853753
|move|p1a: Deoxys|Pain Split|p2a: Kyurem
|-sethp|p2a: Kyurem|58/100|[from] move: Pain Split|[silent]
|-sethp|p1a: Deoxys|97/100|[from] move: Pain Split
|move|p2a: Kyurem|Substitute|p2a: Kyurem
|-start|p2a: Kyurem|Substitute
|-damage|p2a: Kyurem|33/100
|
|-heal|p2a: Kyurem|39/100|[from] item: Leftovers
|upkeep
|turn|4
|
|t:|1760853757
|move|p2a: Kyurem|Protect|p2a: Kyurem
|-singleturn|p2a: Kyurem|Protect
|move|p1a: Deoxys|Knock Off|p2a: Kyurem
|-activate|p2a: Kyurem|move: Protect
|
|-heal|p2a: Kyurem|45/100|[from] item: Leftovers
|upkeep
|turn|5
|
|t:|1760853762
|move|p1a: Deoxys|Knock Off|p2a: Kyurem
|-end|p2a: Kyurem|Substitute
|move|p2a: Kyurem|Freeze-Dry|p1a: Deoxys
|-damage|p1a: Deoxys|41/100
|
|-heal|p2a: Kyurem|51/100|[from] item: Leftovers
|upkeep
|turn|6
|
|t:|1760853771
|switch|p2a: Cinderace|Cinderace, F|100/100
|move|p1a: Deoxys|Knock Off|p2a: Cinderace
|-damage|p2a: Cinderace|68/100
|-enditem|p2a: Cinderace|Heavy-Duty Boots|[from] move: Knock Off|[of] p1a: Deoxys
|
|upkeep
|turn|7
|
|t:|1760853780
|move|p1a: Deoxys|Pain Split|p2a: Cinderace
|-sethp|p2a: Cinderace|48/100|[from] move: Pain Split|[silent]
|-sethp|p1a: Deoxys|70/100|[from] move: Pain Split
|move|p2a: Cinderace|U-turn|p1a: Deoxys
|-supereffective|p1a: Deoxys
|-damage|p1a: Deoxys|12/100
|
|t:|1760853786
|switch|p2a: Skarmory|Skarmory, M|100/100|[from] U-turn
|
|upkeep
|turn|8
|
|t:|1760853790
|move|p1a: Deoxys|Knock Off|p2a: Skarmory
|-damage|p2a: Skarmory|75/100
|-ability|p2a: Skarmory|Weak Armor|boost
|-unboost|p2a: Skarmory|def|1
|-boost|p2a: Skarmory|spe|2
|-enditem|p2a: Skarmory|Leftovers|[from] move: Knock Off|[of] p1a: Deoxys
|move|p2a: Skarmory|Swords Dance|p2a: Skarmory
|-boost|p2a: Skarmory|atk|2
|
|upkeep
|turn|9
|
|t:|1760853802
|move|p2a: Skarmory|Brave Bird|p1a: Deoxys
|-crit|p1a: Deoxys
|-damage|p1a: Deoxys|0 fnt
|faint|p1a: Deoxys
|-damage|p2a: Skarmory|72/100|[from] Recoil
|
|upkeep
|
|t:|1760853810
|switch|p1a: Torkoal|Torkoal, F|100/100
|-weather|SunnyDay|[from] ability: Drought|[of] p1a: Torkoal
|turn|10
|
|t:|1760853819
|-terastallize|p2a: Skarmory|Ground
|move|p2a: Skarmory|Drill Run|p1a: Torkoal
|-supereffective|p1a: Torkoal
|-crit|p1a: Torkoal
|-damage|p1a: Torkoal|0 fnt
|faint|p1a: Torkoal
|
|-weather|SunnyDay|[upkeep]
|upkeep
|
|t:|1760853835
|switch|p1a: Great Tusk|Great Tusk|100/100
|-activate|p1a: Great Tusk|ability: Protosynthesis
|-start|p1a: Great Tusk|protosynthesisatk
|turn|11
|
|t:|1760853840
|move|p2a: Skarmory|Brave Bird|p1a: Great Tusk
|-supereffective|p1a: Great Tusk
|-damage|p1a: Great Tusk|0 fnt
|faint|p1a: Great Tusk
|-end|p1a: Great Tusk|Protosynthesis|[silent]
|-damage|p2a: Skarmory|27/100|[from] Recoil
|
|-weather|SunnyDay|[upkeep]
|upkeep
|
|t:|1760853844
|switch|p1a: Walking Wake|Walking Wake|100/100
|-activate|p1a: Walking Wake|ability: Protosynthesis
|-start|p1a: Walking Wake|protosynthesisspa
|turn|12
|
|t:|1760853849
|-end|p1a: Walking Wake|Protosynthesis|[silent]
|switch|p1a: Landorus|Landorus-Therian, M|100/100
|-ability|p1a: Landorus|Intimidate|boost
|-unboost|p2a: Skarmory|atk|1
|move|p2a: Skarmory|Brave Bird|p1a: Landorus
|-damage|p1a: Landorus|33/100
|-damage|p2a: Skarmory|10/100|[from] item: Rocky Helmet|[of] p1a: Landorus
|-damage|p2a: Skarmory|0 fnt|[from] Recoil
|faint|p2a: Skarmory
|
|-weather|SunnyDay|[upkeep]
|upkeep
|
|t:|1760853854
|switch|p2a: Kyurem|Kyurem|51/100
|-ability|p2a: Kyurem|Pressure
|turn|13
|
|t:|1760853858
|move|p2a: Kyurem|Freeze-Dry|p1a: Landorus
|-supereffective|p1a: Landorus
|-damage|p1a: Landorus|0 fnt
|faint|p1a: Landorus
|
|-weather|SunnyDay|[upkeep]
|-heal|p2a: Kyurem|58/100|[from] item: Leftovers
|upkeep
|
|t:|1760853862
|switch|p1a: Walking Wake|Walking Wake|100/100
|-activate|p1a: Walking Wake|ability: Protosynthesis
|-start|p1a: Walking Wake|protosynthesisspa
|turn|14
|
|t:|1760853870
|switch|p2a: Slowking|Slowking-Galar, M|100/100
|-terastallize|p1a: Walking Wake|Water
|move|p1a: Walking Wake|Hydro Steam|p2a: Slowking
|-damage|p2a: Slowking|3/100
|
|-weather|SunnyDay|[upkeep]
|upkeep
|turn|15
|
|t:|1760853876
|switch|p2a: Cinderace|Cinderace, F|48/100
|move|p1a: Walking Wake|Hydro Steam|p2a: Cinderace
|-supereffective|p2a: Cinderace
|-damage|p2a: Cinderace|0 fnt
|faint|p2a: Cinderace
|
|-weather|SunnyDay|[upkeep]
|upkeep
|
|t:|1760853880
|switch|p2a: Alomomola|Alomomola, M|100/100
|turn|16
|
|t:|1760853883
|move|p2a: Alomomola|Protect|p2a: Alomomola
|-singleturn|p2a: Alomomola|Protect
|move|p1a: Walking Wake|Hydro Steam|p2a: Alomomola
|-activate|p2a: Alomomola|move: Protect
|
|-weather|SunnyDay|[upkeep]
|upkeep
|turn|17
|
|t:|1760853885
|move|p1a: Walking Wake|Hydro Steam|p2a: Alomomola
|-resisted|p2a: Alomomola
|-damage|p2a: Alomomola|5/100
|move|p2a: Alomomola|Wish|p2a: Alomomola
|
|-weather|none
|-end|p1a: Walking Wake|Protosynthesis
|upkeep
|turn|18
|
|t:|1760853893
|switch|p2a: Tornadus|Tornadus-Therian, M|100/100
|move|p1a: Walking Wake|Hydro Steam|p2a: Tornadus
|-damage|p2a: Tornadus|12/100
|
|-heal|p2a: Tornadus|85/100|[from] move: Wish|[wisher] Alomomola
|upkeep
|turn|19
|
|t:|1760853899
|move|p2a: Tornadus|Bleakwind Storm|p1a: Walking Wake
|-damage|p1a: Walking Wake|55/100
|move|p1a: Walking Wake|Hydro Steam|p2a: Tornadus
|-damage|p2a: Tornadus|5/100
|
|upkeep
|turn|20
|
|t:|1760853904
|move|p2a: Tornadus|Knock Off|p1a: Walking Wake
|-damage|p1a: Walking Wake|34/100
|-enditem|p1a: Walking Wake|Choice Specs|[from] move: Knock Off|[of] p2a: Tornadus
|move|p1a: Walking Wake|Hydro Steam|p2a: Tornadus
|-damage|p2a: Tornadus|0 fnt
|faint|p2a: Tornadus
|
|upkeep
|
|t:|1760853908
|switch|p2a: Slowking|Slowking-Galar, M|36/100
|turn|21
|
|t:|1760853922
|switch|p2a: Alomomola|Alomomola, M|38/100
|move|p1a: Walking Wake|Hydro Steam|p2a: Alomomola
|-resisted|p2a: Alomomola
|-damage|p2a: Alomomola|6/100
|
|upkeep
|turn|22
|
|t:|1760853929
|move|p2a: Alomomola|Protect|p2a: Alomomola
|-singleturn|p2a: Alomomola|Protect
|move|p1a: Walking Wake|Hydro Steam|p2a: Alomomola
|-activate|p2a: Alomomola|move: Protect
|
|upkeep
|turn|23
|
|t:|1760853931
|switch|p2a: Slowking|Slowking-Galar, M|69/100
|move|p1a: Walking Wake|Hydro Steam|p2a: Slowking
|-damage|p2a: Slowking|37/100
|
|upkeep
|turn|24
|
|t:|1760853938
|move|p1a: Walking Wake|Hydro Steam|p2a: Slowking
|-damage|p2a: Slowking|2/100
|move|p2a: Slowking|Thunder Wave|p1a: Walking Wake
|-status|p1a: Walking Wake|par
|
|upkeep
|turn|25
|
|t:|1760853941
|switch|p2a: Alomomola|Alomomola, M|39/100
|move|p1a: Walking Wake|Hydro Steam|p2a: Alomomola
|-resisted|p2a: Alomomola
|-damage|p2a: Alomomola|7/100
|
|upkeep
|turn|26
|
|t:|1760853947
|move|p2a: Alomomola|Protect|p2a: Alomomola
|-singleturn|p2a: Alomomola|Protect
|move|p1a: Walking Wake|Flip Turn|p2a: Alomomola
|-activate|p2a: Alomomola|move: Protect
|
|upkeep
|turn|27
|
|t:|1760853949
|switch|p2a: Slowking|Slowking-Galar, M|35/100
|move|p1a: Walking Wake|Flip Turn|p2a: Slowking
|-damage|p2a: Slowking|12/100
|
|t:|1760853955
|-end|p1a: Walking Wake|Protosynthesis|[silent]
|switch|p1a: Hatterene|Hatterene, F|100/100|[from] Flip Turn
|
|upkeep
|turn|28
|
|t:|1760853959
|switch|p2a: Kyurem|Kyurem|58/100
|-ability|p2a: Kyurem|Pressure
|move|p1a: Hatterene|Trick Room|p1a: Hatterene
|-fieldstart|move: Trick Room|[of] p1a: Hatterene
|
|-heal|p2a: Kyurem|64/100|[from] item: Leftovers
|upkeep
|turn|29
|
|t:|1760853964
|move|p2a: Kyurem|Protect|p2a: Kyurem
|-singleturn|p2a: Kyurem|Protect
|move|p1a: Hatterene|Dazzling Gleam|p2a: Kyurem
|-activate|p2a: Kyurem|move: Protect
|
|-heal|p2a: Kyurem|70/100|[from] item: Leftovers
|upkeep
|turn|30
|
|t:|1760853967
|move|p1a: Hatterene|Dazzling Gleam|p2a: Kyurem
|-supereffective|p2a: Kyurem
|-damage|p2a: Kyurem|0 fnt
|faint|p2a: Kyurem
|
|upkeep
|
|t:|1760853973
|switch|p2a: Slowking|Slowking-Galar, M|45/100
|turn|31
|
|t:|1760853977
|switch|p2a: Alomomola|Alomomola, M|41/100
|move|p1a: Hatterene|Future Sight|p2a: Alomomola
|-start|p1a: Hatterene|move: Future Sight
|
|upkeep
|turn|32
|
|t:|1760853982
|move|p2a: Alomomola|Protect|p2a: Alomomola
|-singleturn|p2a: Alomomola|Protect
|move|p1a: Hatterene|Dazzling Gleam|p2a: Alomomola
|-activate|p2a: Alomomola|move: Protect
|
|-fieldend|move: Trick Room
|upkeep
|turn|33
|
|t:|1760853985
|move|p2a: Alomomola|Wish|p2a: Alomomola
|move|p1a: Hatterene|Dazzling Gleam|p2a: Alomomola
|-damage|p2a: Alomomola|0 fnt
|faint|p2a: Alomomola
|
|-hint|Future Sight did not hit because the target is fainted.
|upkeep
|
|t:|1760853987
|switch|p2a: Slowking|Slowking-Galar, M|78/100
|turn|34
|
|t:|1760853997
|move|p1a: Hatterene|Future Sight|p2a: Slowking
|-start|p1a: Hatterene|move: Future Sight
|move|p2a: Slowking|Sludge Bomb|p1a: Hatterene
|-supereffective|p1a: Hatterene
|-damage|p1a: Hatterene|33/100
|
|-heal|p2a: Slowking|100/100|[from] move: Wish|[wisher] Alomomola
|-heal|p1a: Hatterene|39/100|[from] item: Leftovers
|upkeep
|turn|35
|
|t:|1760854003
|move|p1a: Hatterene|Dazzling Gleam|p2a: Slowking
|-resisted|p2a: Slowking
|-damage|p2a: Slowking|87/100
|move|p2a: Slowking|Sludge Bomb|p1a: Hatterene
|-supereffective|p1a: Hatterene
|-damage|p1a: Hatterene|0 fnt
|faint|p1a: Hatterene
|
|upkeep
|
|t:|1760854006
|switch|p1a: Walking Wake|Walking Wake, tera:Water|34/100 par
|turn|36
|
|t:|1760854010
|move|p1a: Walking Wake|Draco Meteor|p2a: Slowking
|-damage|p2a: Slowking|45/100
|-unboost|p1a: Walking Wake|spa|2
|move|p2a: Slowking|Sludge Bomb|p1a: Walking Wake
|-damage|p1a: Walking Wake|0 fnt
|faint|p1a: Walking Wake
|-end|p1a: Walking Wake|Protosynthesis|[silent]
|
|win|DurantLatios拉帝欧斯侠
|raw|wodhdidbh's rating: 1323 &rarr; <strong>1304</strong><br />(-19 for losing)
|raw|DurantLatios拉帝欧斯侠's rating: 1337 &rarr; <strong>1356</strong><br />(+19 for winning)
