|j|☆catsdabest
|j|☆fungusphil
|t:|1760719346
|gametype|singles
|player|p1|catsdabest|firebreather|1540
|player|p2|fungusphil|mars|1512
|gen|9
|tier|[Gen 9] OU
|rated|
|rule|HP Percentage Mod: HP is shown in percentages
|rule|Endless Battle Clause: Forcing endless battles is banned
|rule|Species Clause: Limit one of each Pokémon
|rule|OHKO Clause: OHKO moves are banned
|rule|Evasion Items Clause: Evasion items are banned
|rule|Evasion Moves Clause: Evasion moves are banned
|rule|Evasion Abilities Clause: Evasion abilities are banned
|rule|Sleep Moves Clause: Sleep-inducing moves are banned
|clearpoke
|poke|p1|Pincurchin, M|
|poke|p1|Raging Bolt|
|poke|p1|Maushold|
|poke|p1|Pelipper, M|
|poke|p1|Zapdos|
|poke|p1|Iron Thorns|
|poke|p2|Zamazenta-*|
|poke|p2|Hatterene, F|
|poke|p2|Dragonite, M|
|poke|p2|Ceruledge, M|
|poke|p2|Gholdengo|
|poke|p2|Iron Valiant|
|teampreview
|inactive|Battle timer is ON: inactive players will automatically lose when time's up. (requested by fungusphil)
|inactive|fungusphil has 120 seconds left.
|
|t:|1760719384
|teamsize|p1|6
|teamsize|p2|6
|start
|switch|p1a: OH YEAH!!! YEAH!!|Pincurchin, M|100/100
|switch|p2a: Hatterene|Hatterene, F|100/100
|-fieldstart|move: Electric Terrain|[from] ability: Electric Surge|[of] p1a: OH YEAH!!! YEAH!!
|turn|1
|
|t:|1760719391
|switch|p1a: RAWRRRRRR|Iron Thorns|100/100
|-activate|p1a: RAWRRRRRR|ability: Quark Drive
|-start|p1a: RAWRRRRRR|quarkdriveatk
|move|p2a: Hatterene|Calm Mind|p2a: Hatterene
|-boost|p2a: Hatterene|spa|1
|-boost|p2a: Hatterene|spd|1
|
|upkeep
|turn|2
|
|t:|1760719399
|move|p1a: RAWRRRRRR|Dragon Dance|p1a: RAWRRRRRR
|-boost|p1a: RAWRRRRRR|atk|1
|-boost|p1a: RAWRRRRRR|spe|1
|move|p2a: Hatterene|Draining Kiss|p1a: RAWRRRRRR
|-damage|p1a: RAWRRRRRR|64/100
|
|upkeep
|turn|3
|j| IM AT MY LIMIT
|
|t:|1760719404
|move|p1a: RAWRRRRRR|Supercell Slam|p2a: Hatterene
|-damage|p2a: Hatterene|0 fnt
|faint|p2a: Hatterene
|
|upkeep
|
|t:|1760719414
|switch|p2a: Zamazenta|Zamazenta|100/100
|-ability|p2a: Zamazenta|Dauntless Shield|boost
|-boost|p2a: Zamazenta|def|1
|turn|4
|
|t:|1760719420
|move|p2a: Zamazenta|Body Press|p1a: RAWRRRRRR
|-supereffective|p1a: RAWRRRRRR
|-damage|p1a: RAWRRRRRR|0 fnt
|faint|p1a: RAWRRRRRR
|-end|p1a: RAWRRRRRR|Quark Drive|[silent]
|
|upkeep
|
|t:|1760719434
|switch|p1a: big bird|Zapdos|100/100
|-ability|p1a: big bird|Pressure
|-enditem|p1a: big bird|Electric Seed
|-boost|p1a: big bird|def|1|[from] item: Electric Seed
|turn|5
|
|t:|1760719443
|move|p2a: Zamazenta|Light Screen|p2a: Zamazenta
|-sidestart|p2: fungusphil|move: Light Screen
|move|p1a: big bird|Agility|p1a: big bird
|-boost|p1a: big bird|spe|2
|
|upkeep
|turn|6
|l| IM AT MY LIMIT
|
|t:|1760719447
|move|p1a: big bird|Thunder|p2a: Zamazenta
|-damage|p2a: Zamazenta|77/100
|-status|p2a: Zamazenta|par
|move|p2a: Zamazenta|Roar|p1a: big bird
|drag|p1a: OH YEAH!!! YEAH!!|Pincurchin, M|100/100
|
|upkeep
|turn|7
|
|t:|1760719456
|switch|p2a: Iron Valiant|Iron Valiant|100/100
|-activate|p2a: Iron Valiant|ability: Quark Drive
|-start|p2a: Iron Valiant|quarkdrivespa
|switch|p1a: toilet|Pelipper, M|100/100
|-weather|RainDance|[from] ability: Drizzle|[of] p1a: toilet
|
|-weather|RainDance|[upkeep]
|upkeep
|turn|8
|
|t:|1760719461
|move|p2a: Iron Valiant|Calm Mind|p2a: Iron Valiant
|-boost|p2a: Iron Valiant|spa|1
|-boost|p2a: Iron Valiant|spd|1
|move|p1a: toilet|Hurricane|p2a: Iron Valiant
|-supereffective|p2a: Iron Valiant
|-damage|p2a: Iron Valiant|60/100
|-start|p2a: Iron Valiant|confusion
|
|-weather|RainDance|[upkeep]
|-fieldend|move: Electric Terrain
|-end|p2a: Iron Valiant|Quark Drive
|upkeep
|-enditem|p2a: Iron Valiant|Booster Energy
|-activate|p2a: Iron Valiant|ability: Quark Drive|[fromitem]
|-start|p2a: Iron Valiant|quarkdrivespa
|turn|9
|
|t:|1760719463
|-activate|p2a: Iron Valiant|confusion
|move|p2a: Iron Valiant|Moonblast|p1a: toilet
|-damage|p1a: toilet|0 fnt
|faint|p1a: toilet
|
|-weather|RainDance|[upkeep]
|upkeep
|
|t:|1760719476
|switch|p1a: OH YEAH!!! YEAH!!|Pincurchin, M|100/100
|-fieldstart|move: Electric Terrain|[from] ability: Electric Surge|[of] p1a: OH YEAH!!! YEAH!!
|turn|10
|
|t:|1760719481
|-activate|p2a: Iron Valiant|confusion
|-damage|p2a: Iron Valiant|48/100|[from] confusion
|move|p1a: OH YEAH!!! YEAH!!|Thunder Wave|p2a: Iron Valiant
|-status|p2a: Iron Valiant|par
|
|-weather|RainDance|[upkeep]
|upkeep
|turn|11
|
|t:|1760719485
|-activate|p2a: Iron Valiant|confusion
|move|p2a: Iron Valiant|Moonblast|p1a: OH YEAH!!! YEAH!!
|-damage|p1a: OH YEAH!!! YEAH!!|0 fnt
|faint|p1a: OH YEAH!!! YEAH!!
|
|-weather|RainDance|[upkeep]
|upkeep
|
|t:|1760719496
|switch|p1a: big bird|Zapdos|100/100
|-ability|p1a: big bird|Pressure
|turn|12
|
|t:|1760719506
|move|p1a: big bird|Hurricane|p2a: Iron Valiant
|-supereffective|p2a: Iron Valiant
|-damage|p2a: Iron Valiant|0 fnt
|faint|p2a: Iron Valiant
|-end|p2a: Iron Valiant|Quark Drive|[silent]
|
|-weather|RainDance|[upkeep]
|-sideend|p2: fungusphil|move: Light Screen
|upkeep
|
|t:|1760719528
|switch|p2a: Dragonite|Dragonite, M|100/100
|turn|13
|
|t:|1760719533
|move|p1a: big bird|Thunder|p2a: Dragonite
|-damage|p2a: Dragonite|66/100
|move|p2a: Dragonite|Dragon Dance|p2a: Dragonite
|-boost|p2a: Dragonite|atk|1
|-boost|p2a: Dragonite|spe|1
|
|-weather|RainDance|[upkeep]
|upkeep
|turn|14
|
|t:|1760719539
|move|p2a: Dragonite|Scale Shot|p1a: big bird|[miss]
|-miss|p2a: Dragonite|p1a: big bird
|move|p1a: big bird|Thunder|p2a: Dragonite
|-damage|p2a: Dragonite|1/100
|
|-weather|none
|upkeep
|turn|15
|
|t:|1760719542
|move|p2a: Dragonite|Scale Shot|p1a: big bird
|-damage|p1a: big bird|75/100
|-damage|p1a: big bird|50/100
|-damage|p1a: big bird|23/100
|-damage|p1a: big bird|0 fnt
|faint|p1a: big bird
|-hitcount|p1: big bird|4
|-unboost|p2a: Dragonite|def|1
|-boost|p2a: Dragonite|spe|1
|
|upkeep
|
|t:|1760719553
|switch|p1a: RISing VolTAGE|Raging Bolt|100/100
|turn|16
|
|t:|1760719557
|-terastallize|p1a: RISing VolTAGE|Fairy
|move|p2a: Dragonite|Encore||[still]
|-fail|p2a: Dragonite
|move|p1a: RISing VolTAGE|Rising Voltage|p2a: Dragonite
|-damage|p2a: Dragonite|0 fnt
|faint|p2a: Dragonite
|
|upkeep
|
|t:|1760719565
|switch|p2a: Gholdengo|Gholdengo|100/100
|turn|17
|
|t:|1760719569
|move|p1a: RISing VolTAGE|Rising Voltage|p2a: Gholdengo
|-hint|Rising Voltage's BP doubled on grounded target.
|-damage|p2a: Gholdengo|8/100
|move|p2a: Gholdengo|Make It Rain|p1a: RISing VolTAGE
|-supereffective|p1a: RISing VolTAGE
|-damage|p1a: RISing VolTAGE|0 fnt
|-unboost|p2a: Gholdengo|spa|1
|faint|p1a: RISing VolTAGE
|-end|p1a: RISing VolTAGE|Protosynthesis|[silent]
|
|-fieldend|move: Electric Terrain
|upkeep
|
|t:|1760719572
|switch|p1a: THIS IS FOR SPARTA|Maushold|100/100
|turn|18
|
|t:|1760719576
|switch|p2a: Zamazenta|Zamazenta|77/100 par
|move|p1a: THIS IS FOR SPARTA|Tidy Up|p1a: THIS IS FOR SPARTA
|-boost|p1a: THIS IS FOR SPARTA|atk|1
|-boost|p1a: THIS IS FOR SPARTA|spe|1
|
|upkeep
|turn|19
|
|t:|1760719579
|move|p1a: THIS IS FOR SPARTA|Population Bomb|p2a: Zamazenta
|-crit|p2a: Zamazenta
|-damage|p2a: Zamazenta|59/100 par
|-damage|p2a: Zamazenta|46/100 par
|-damage|p2a: Zamazenta|34/100 par
|-damage|p2a: Zamazenta|22/100 par
|-damage|p2a: Zamazenta|9/100 par
|-damage|p2a: Zamazenta|0 fnt
|faint|p2a: Zamazenta
|-hitcount|p2: Zamazenta|6
|
|upkeep
|
|t:|1760719580
|switch|p2a: Ceruledge|Ceruledge, M|100/100
|turn|20
|
|t:|1760719588
|move|p1a: THIS IS FOR SPARTA|Bite|p2a: Ceruledge
|-supereffective|p2a: Ceruledge
|-damage|p2a: Ceruledge|7/100
|-ability|p2a: Ceruledge|Weak Armor|boost
|-unboost|p2a: Ceruledge|def|1
|-boost|p2a: Ceruledge|spe|2
|-enditem|p2a: Ceruledge|Weakness Policy
|-boost|p2a: Ceruledge|atk|2|[from] item: Weakness Policy
|-boost|p2a: Ceruledge|spa|2|[from] item: Weakness Policy
|cant|p2a: Ceruledge|flinch
|
|upkeep
|turn|21
|
|t:|1760719596
|move|p2a: Ceruledge|Bitter Blade|p1a: THIS IS FOR SPARTA
|-damage|p1a: THIS IS FOR SPARTA|0 fnt
|-heal|p2a: Ceruledge|57/100|[from] drain|[of] p1a: THIS IS FOR SPARTA
|faint|p1a: THIS IS FOR SPARTA
|
|win|fungusphil
|raw|catsdabest's rating: 1540 &rarr; <strong>1518</strong><br />(-22 for losing)
|raw|fungusphil's rating: 1512 &rarr; <strong>1534</strong><br />(+22 for winning)
|l|☆fungusphil
|player|p2|
|l|☆catsdabest
|player|p1|
