|j|☆frostywingz
|j|☆shleiss
|t:|1760782138
|gametype|singles
|player|p1|frostywingz|dahlia|1221
|player|p2|shleiss|lucas|1205
|gen|9
|tier|[Gen 9] OU
|rated|
|rule|HP Percentage Mod: HP is shown in percentages
|rule|Endless Battle Clause: Forcing endless battles is banned
|rule|Species Clause: Limit one of each Pokémon
|rule|OHKO Clause: OHKO moves are banned
|rule|Evasion Items Clause: Evasion items are banned
|rule|Evasion Moves Clause: Evasion moves are banned
|rule|Evasion Abilities Clause: Evasion abilities are banned
|rule|Sleep Moves Clause: Sleep-inducing moves are banned
|clearpoke
|poke|p1|Chandelure, M|
|poke|p1|Ninetales, F|
|poke|p1|Venusaur, F|
|poke|p1|Great Tusk|
|poke|p1|Walking Wake|
|poke|p1|Minun, M|
|poke|p2|Dragonite, M|
|poke|p2|Iron Crown|
|poke|p2|Alomomola, M|
|poke|p2|Tyranitar, M|
|poke|p2|Moltres|
|poke|p2|Iron Valiant|
|teampreview
|inactive|Battle timer is ON: inactive players will automatically lose when time's up. (requested by frostywingz)
|
|t:|1760782159
|teamsize|p1|6
|teamsize|p2|6
|start
|switch|p1a: Ninetales|Ninetales, F, shiny|100/100
|switch|p2a: Tyranitar|Tyranitar, M|100/100
|-weather|SunnyDay|[from] ability: Drought|[of] p1a: Ninetales
|-weather|Sandstorm|[from] ability: Sand Stream|[of] p2a: Tyranitar
|turn|1
|inactive|shleiss has 120 seconds left.
|
|t:|1760782191
|switch|p1a: Great Tusk|Great Tusk|100/100
|move|p2a: Tyranitar|Earthquake|p1a: Great Tusk
|-damage|p1a: Great Tusk|76/100
|
|-weather|Sandstorm|[upkeep]
|upkeep
|turn|2
|inactive|shleiss has 120 seconds left.
|
|t:|1760782204
|switch|p2a: Moltres|Moltres|100/100
|move|p1a: Great Tusk|Close Combat|p2a: Moltres
|-resisted|p2a: Moltres
|-crit|p2a: Moltres
|-damage|p2a: Moltres|66/100
|-unboost|p1a: Great Tusk|def|1
|-unboost|p1a: Great Tusk|spd|1
|
|-weather|Sandstorm|[upkeep]
|-damage|p2a: Moltres|60/100|[from] Sandstorm
|upkeep
|turn|3
|
|t:|1760782212
|-end|p1a: Great Tusk|Protosynthesis|[silent]
|switch|p1a: Ninetales|Ninetales, F, shiny|100/100
|-weather|SunnyDay|[from] ability: Drought|[of] p1a: Ninetales
|move|p2a: Moltres|Roost|p2a: Moltres
|-heal|p2a: Moltres|100/100
|-singleturn|p2a: Moltres|move: Roost
|
|-weather|SunnyDay|[upkeep]
|upkeep
|turn|4
|
|t:|1760782221
|move|p1a: Ninetales|Encore|p2a: Moltres
|-start|p2a: Moltres|Encore
|move|p2a: Moltres|Roost||[still]
|-fail|p2a: Moltres|heal
|
|-weather|SunnyDay|[upkeep]
|upkeep
|turn|5
|
|t:|1760782228
|switch|p2a: Tyranitar|Tyranitar, M|100/100
|-weather|Sandstorm|[from] ability: Sand Stream|[of] p2a: Tyranitar
|move|p1a: Ninetales|Weather Ball|p2a: Tyranitar
|-damage|p2a: Tyranitar|92/100
|
|-weather|Sandstorm|[upkeep]
|-damage|p1a: Ninetales|95/100|[from] Sandstorm
|upkeep
|turn|6
|
|t:|1760782249
|switch|p1a: Great Tusk|Great Tusk|76/100
|move|p2a: Tyranitar|Earthquake|p1a: Great Tusk
|-damage|p1a: Great Tusk|50/100
|
|-weather|Sandstorm|[upkeep]
|upkeep
|turn|7
|
|t:|1760782259
|-end|p1a: Great Tusk|Protosynthesis|[silent]
|switch|p1a: Minun|Minun, M|100/100
|switch|p2a: Moltres|Moltres|100/100
|
|-weather|Sandstorm|[upkeep]
|-damage|p1a: Minun|94/100|[from] Sandstorm
|-damage|p2a: Moltres|94/100|[from] Sandstorm
|upkeep
|turn|8
|
|t:|1760782275
|switch|p2a: Tyranitar|Tyranitar, M|92/100
|move|p1a: Minun|Nasty Plot|p1a: Minun
|-boost|p1a: Minun|spa|2
|
|-weather|Sandstorm|[upkeep]
|-damage|p1a: Minun|88/100|[from] Sandstorm
|upkeep
|turn|9
|
|t:|1760782278
|move|p1a: Minun|Alluring Voice|p2a: Tyranitar
|-supereffective|p2a: Tyranitar
|-damage|p2a: Tyranitar|64/100
|-enditem|p1a: Minun|Throat Spray
|-boost|p1a: Minun|spa|1|[from] item: Throat Spray
|move|p2a: Tyranitar|Earthquake|p1a: Minun
|-supereffective|p1a: Minun
|-damage|p1a: Minun|0 fnt
|faint|p1a: Minun
|
|-weather|none
|upkeep
|
|t:|1760782286
|switch|p1a: Ninetales|Ninetales, F, shiny|95/100
|-weather|SunnyDay|[from] ability: Drought|[of] p1a: Ninetales
|turn|10
|
|t:|1760782297
|switch|p1a: Walking Wake|Walking Wake|100/100
|-activate|p1a: Walking Wake|ability: Protosynthesis
|-start|p1a: Walking Wake|protosynthesisspe
|move|p2a: Tyranitar|Stone Edge|p1a: Walking Wake|[miss]
|-miss|p2a: Tyranitar|p1a: Walking Wake
|
|-weather|SunnyDay|[upkeep]
|upkeep
|turn|11
|
|t:|1760782319
|-terastallize|p2a: Tyranitar|Ghost
|move|p1a: Walking Wake|Hydro Steam|p2a: Tyranitar
|-damage|p2a: Tyranitar|19/100
|-damage|p1a: Walking Wake|91/100|[from] item: Life Orb
|move|p2a: Tyranitar|Outrage|p1a: Walking Wake
|-supereffective|p1a: Walking Wake
|-damage|p1a: Walking Wake|0 fnt
|faint|p1a: Walking Wake
|-end|p1a: Walking Wake|Protosynthesis|[silent]
|
|-weather|SunnyDay|[upkeep]
|upkeep
|
|t:|1760782324
|switch|p1a: Venusaur|Venusaur, F, shiny|100/100
|turn|12
|
|t:|1760782331
|move|p1a: Venusaur|Growth|p1a: Venusaur
|-boost|p1a: Venusaur|atk|2
|-boost|p1a: Venusaur|spa|2
|move|p2a: Tyranitar|Outrage|p1a: Venusaur|[from] lockedmove
|-damage|p1a: Venusaur|37/100
|-start|p2a: Tyranitar|confusion|[fatigue]
|
|-weather|SunnyDay|[upkeep]
|upkeep
|turn|13
|
|t:|1760782341
|move|p1a: Venusaur|Giga Drain|p2a: Tyranitar
|-damage|p2a: Tyranitar|0 fnt
|-heal|p1a: Venusaur|49/100|[from] drain|[of] p2a: Tyranitar
|faint|p2a: Tyranitar
|-damage|p1a: Venusaur|39/100|[from] item: Life Orb
|
|-weather|SunnyDay|[upkeep]
|upkeep
|
|t:|1760782346
|switch|p2a: Dragonite|Dragonite, M|100/100
|turn|14
|
|t:|1760782360
|move|p2a: Dragonite|Extreme Speed|p1a: Venusaur
|-damage|p1a: Venusaur|0 fnt
|faint|p1a: Venusaur
|
|-weather|SunnyDay|[upkeep]
|upkeep
|
|t:|1760782366
|switch|p1a: Great Tusk|Great Tusk|50/100
|-activate|p1a: Great Tusk|ability: Protosynthesis
|-start|p1a: Great Tusk|protosynthesisdef
|turn|15
|
|t:|1760782373
|move|p2a: Dragonite|Extreme Speed|p1a: Great Tusk
|-damage|p1a: Great Tusk|29/100
|move|p1a: Great Tusk|Ice Spinner|p2a: Dragonite
|-supereffective|p2a: Dragonite
|-damage|p2a: Dragonite|48/100
|
|-weather|SunnyDay|[upkeep]
|upkeep
|turn|16
|
|t:|1760782383
|switch|p2a: Moltres|Moltres|94/100
|move|p1a: Great Tusk|Ice Spinner|p2a: Moltres
|-damage|p2a: Moltres|72/100
|-status|p1a: Great Tusk|brn|[from] ability: Flame Body|[of] p2a: Moltres
|
|-weather|SunnyDay|[upkeep]
|-damage|p1a: Great Tusk|23/100 brn|[from] brn
|upkeep
|turn|17
|
|t:|1760782397
|move|p2a: Moltres|Hurricane|p1a: Great Tusk
|-supereffective|p1a: Great Tusk
|-damage|p1a: Great Tusk|0 fnt
|faint|p1a: Great Tusk
|-end|p1a: Great Tusk|Protosynthesis|[silent]
|
|-weather|none
|upkeep
|
|t:|1760782399
|switch|p1a: Ninetales|Ninetales, F, shiny|95/100
|-weather|SunnyDay|[from] ability: Drought|[of] p1a: Ninetales
|turn|18
|
|t:|1760782408
|switch|p1a: Chandelure|Chandelure, M|100/100
|switch|p2a: Dragonite|Dragonite, M|48/100
|
|-weather|SunnyDay|[upkeep]
|upkeep
|turn|19
|
|t:|1760782422
|move|p1a: Chandelure|Shadow Ball|p2a: Dragonite
|-damage|p2a: Dragonite|0 fnt
|faint|p2a: Dragonite
|
|-weather|SunnyDay|[upkeep]
|upkeep
|
|t:|1760782438
|switch|p2a: Iron Crown|Iron Crown|100/100
|turn|20
|
|t:|1760782448
|move|p1a: Chandelure|Shadow Ball|p2a: Iron Crown
|-supereffective|p2a: Iron Crown
|-damage|p2a: Iron Crown|10/100
|-unboost|p2a: Iron Crown|spd|1
|move|p2a: Iron Crown|Volt Switch|p1a: Chandelure
|-damage|p1a: Chandelure|55/100
|inactive|shleiss has 120 seconds left.
|
|t:|1760782464
|-end|p2a: Iron Crown|Quark Drive|[silent]
|switch|p2a: Alomomola|Alomomola, M|100/100|[from] Volt Switch
|
|-weather|SunnyDay|[upkeep]
|upkeep
|turn|21
|
|t:|1760782469
|move|p1a: Chandelure|Shadow Ball|p2a: Alomomola
|-damage|p2a: Alomomola|65/100
|-unboost|p2a: Alomomola|spd|1
|move|p2a: Alomomola|Flip Turn|p1a: Chandelure
|-supereffective|p1a: Chandelure
|-damage|p1a: Chandelure|33/100
|
|t:|1760782479
|switch|p2a: Iron Valiant|Iron Valiant|100/100|[from] Flip Turn
|-enditem|p2a: Iron Valiant|Booster Energy
|-activate|p2a: Iron Valiant|ability: Quark Drive|[fromitem]
|-start|p2a: Iron Valiant|quarkdrivespe
|
|-weather|SunnyDay|[upkeep]
|upkeep
|turn|22
|
|t:|1760782484
|move|p2a: Iron Valiant|Destiny Bond|p2a: Iron Valiant
|-singlemove|p2a: Iron Valiant|Destiny Bond
|move|p1a: Chandelure|Shadow Ball|p2a: Iron Valiant
|-damage|p2a: Iron Valiant|13/100
|
|-weather|SunnyDay|[upkeep]
|upkeep
|turn|23
|
|t:|1760782499
|-end|p2a: Iron Valiant|Quark Drive|[silent]
|switch|p2a: Iron Crown|Iron Crown|10/100
|move|p1a: Chandelure|Shadow Ball|p2a: Iron Crown
|-supereffective|p2a: Iron Crown
|-damage|p2a: Iron Crown|0 fnt
|faint|p2a: Iron Crown
|-end|p2a: Iron Crown|Quark Drive|[silent]
|
|-weather|SunnyDay|[upkeep]
|upkeep
|
|t:|1760782502
|switch|p2a: Iron Valiant|Iron Valiant|13/100
|turn|24
|
|t:|1760782506
|switch|p1a: Ninetales|Ninetales, F, shiny|95/100
|move|p2a: Iron Valiant|Destiny Bond|p2a: Iron Valiant
|-singlemove|p2a: Iron Valiant|Destiny Bond
|
|-weather|SunnyDay|[upkeep]
|upkeep
|turn|25
|
|t:|1760782517
|move|p2a: Iron Valiant|Moonblast|p1a: Ninetales
|-resisted|p1a: Ninetales
|-damage|p1a: Ninetales|71/100
|-unboost|p1a: Ninetales|spa|1
|move|p1a: Ninetales|Weather Ball|p2a: Iron Valiant
|-damage|p2a: Iron Valiant|0 fnt
|faint|p2a: Iron Valiant
|-end|p2a: Iron Valiant|Quark Drive|[silent]
|
|-weather|none
|upkeep
|
|t:|1760782525
|switch|p2a: Moltres|Moltres|72/100
|turn|26
|
|t:|1760782531
|move|p1a: Ninetales|Scorching Sands|p2a: Moltres
|-immune|p2a: Moltres
|move|p2a: Moltres|Hurricane|p1a: Ninetales|[miss]
|-miss|p2a: Moltres|p1a: Ninetales
|
|upkeep
|turn|27
|
|t:|1760782536
|move|p1a: Ninetales|Encore|p2a: Moltres
|-start|p2a: Moltres|Encore
|move|p2a: Moltres|Hurricane|p1a: Ninetales
|-damage|p1a: Ninetales|21/100
|-start|p1a: Ninetales|confusion
|
|upkeep
|turn|28
|
|t:|1760782540
|-activate|p1a: Ninetales|confusion
|-damage|p1a: Ninetales|13/100|[from] confusion
|move|p2a: Moltres|Hurricane|p1a: Ninetales
|-damage|p1a: Ninetales|0 fnt
|faint|p1a: Ninetales
|
|upkeep
|
|t:|1760782543
|switch|p1a: Chandelure|Chandelure, M|33/100
|turn|29
|
|t:|1760782546
|move|p1a: Chandelure|Shadow Ball|p2a: Moltres
|-damage|p2a: Moltres|39/100
|move|p2a: Moltres|Hurricane|p1a: Chandelure|[miss]
|-miss|p2a: Moltres|p1a: Chandelure
|
|-end|p2a: Moltres|Encore
|upkeep
|turn|30
|
|t:|1760782551
|move|p1a: Chandelure|Shadow Ball|p2a: Moltres
|-damage|p2a: Moltres|5/100
|-unboost|p2a: Moltres|spd|1
|move|p2a: Moltres|Hurricane|p1a: Chandelure|[miss]
|-miss|p2a: Moltres|p1a: Chandelure
|
|upkeep
|turn|31
|
|t:|1760782557
|switch|p2a: Alomomola|Alomomola, M|98/100
|move|p1a: Chandelure|Shadow Ball|p2a: Alomomola
|-damage|p2a: Alomomola|63/100
|
|upkeep
|turn|32
|
|t:|1760782560
|-terastallize|p1a: Chandelure|Grass
|move|p1a: Chandelure|Shadow Ball|p2a: Alomomola
|-damage|p2a: Alomomola|26/100
|-unboost|p2a: Alomomola|spd|1
|move|p2a: Alomomola|Wish|p2a: Alomomola
|
|upkeep
|turn|33
|
|t:|1760782568
|move|p2a: Alomomola|Protect|p2a: Alomomola
|-singleturn|p2a: Alomomola|Protect
|move|p1a: Chandelure|Shadow Ball|p2a: Alomomola
|-activate|p2a: Alomomola|move: Protect
|
|-heal|p2a: Alomomola|76/100|[from] move: Wish|[wisher] Alomomola
|upkeep
|turn|34
|
|t:|1760782576
|move|p1a: Chandelure|Shadow Ball|p2a: Alomomola
|-damage|p2a: Alomomola|20/100
|-unboost|p2a: Alomomola|spd|1
|move|p2a: Alomomola|Wish|p2a: Alomomola
|
|upkeep
|turn|35
|
|t:|1760782591
|move|p2a: Alomomola|Protect|p2a: Alomomola
|-singleturn|p2a: Alomomola|Protect
|move|p1a: Chandelure|Shadow Ball|p2a: Alomomola
|-activate|p2a: Alomomola|move: Protect
|
|-heal|p2a: Alomomola|70/100|[from] move: Wish|[wisher] Alomomola
|upkeep
|turn|36
|
|t:|1760782605
|move|p2a: Alomomola|Protect||[still]
|-fail|p2a: Alomomola
|move|p1a: Chandelure|Shadow Ball|p2a: Alomomola
|-damage|p2a: Alomomola|2/100
|-unboost|p2a: Alomomola|spd|1
|
|upkeep
|turn|37
|
|t:|1760782611
|move|p2a: Alomomola|Protect|p2a: Alomomola
|-singleturn|p2a: Alomomola|Protect
|move|p1a: Chandelure|Shadow Ball|p2a: Alomomola
|-activate|p2a: Alomomola|move: Protect
|
|upkeep
|turn|38
|
|t:|1760782613
|move|p1a: Chandelure|Shadow Ball|p2a: Alomomola
|-damage|p2a: Alomomola|0 fnt
|faint|p2a: Alomomola
|
|upkeep
|
|t:|1760782617
|switch|p2a: Moltres|Moltres|5/100
|turn|39
|
|t:|1760782619
|move|p1a: Chandelure|Shadow Ball|p2a: Moltres
|-damage|p2a: Moltres|0 fnt
|faint|p2a: Moltres
|
|win|frostywingz
|raw|frostywingz's rating: 1221 &rarr; <strong>1245</strong><br />(+24 for winning)
|raw|shleiss's rating: 1205 &rarr; <strong>1181</strong><br />(-24 for losing)
|l|☆shleiss
|player|p2|
