|j|☆ewgfewgfewgf
|j|☆spotifytweaks
|t:|1760858802
|gametype|singles
|player|p1|ewgfewgfewgf|riley|
|player|p2|spotifytweaks|101|
|gen|9
|tier|[Gen 9] OU
|rule|HP Percentage Mod: HP is shown in percentages
|rule|Endless Battle Clause: Forcing endless battles is banned
|rule|Species Clause: Limit one of each Pokémon
|rule|OHKO Clause: OHKO moves are banned
|rule|Evasion Items Clause: Evasion items are banned
|rule|Evasion Moves Clause: Evasion moves are banned
|rule|Evasion Abilities Clause: Evasion abilities are banned
|rule|Sleep Moves Clause: Sleep-inducing moves are banned
|clearpoke
|poke|p1|Garchomp, F|
|poke|p1|Ogerpon-Wellspring, F|
|poke|p1|Iron Valiant|
|poke|p1|Kingambit, F|
|poke|p1|Great Tusk|
|poke|p1|Pecharunt|
|poke|p2|Great Tusk|
|poke|p2|Heatran, M|
|poke|p2|Weavile, M|
|poke|p2|Primarina, M|
|poke|p2|Ogerpon, F|
|poke|p2|Pecharunt|
|teampreview
|inactive|Battle timer is ON: inactive players will automatically lose when time's up. (requested by spotifytweaks)
|inactive|ewgfewgfewgf has 270 seconds left.
|
|t:|1760858857
|teamsize|p1|6
|teamsize|p2|6
|start
|switch|p1a: Garchomp|Garchomp, F|100/100
|switch|p2a: Bandit|Weavile, M, shiny|100/100
|-ability|p2a: Bandit|Pressure
|turn|1
|
|t:|1760858874
|switch|p1a: Kingambit|Kingambit, F|100/100
|-item|p1a: Kingambit|Air Balloon
|move|p2a: Bandit|Knock Off|p1a: Kingambit
|-resisted|p1a: Kingambit
|-damage|p1a: Kingambit|75/100
|-enditem|p1a: Kingambit|Air Balloon
|
|upkeep
|turn|2
|
|t:|1760858887
|switch|p2a: Behemoth|Great Tusk, shiny|100/100
|move|p1a: Kingambit|Iron Head|p2a: Behemoth
|-damage|p2a: Behemoth|65/100
|
|upkeep
|turn|3
|inactive|ewgfewgfewgf has 270 seconds left.
|
|t:|1760858927
|-end|p1a: Kingambit|fallenundefined|[silent]
|switch|p1a: Great Tusk|Great Tusk|100/100
|-enditem|p1a: Great Tusk|Booster Energy
|-activate|p1a: Great Tusk|ability: Protosynthesis|[fromitem]
|-start|p1a: Great Tusk|protosynthesisspe
|move|p2a: Behemoth|Headlong Rush|p1a: Great Tusk
|-damage|p1a: Great Tusk|59/100
|-unboost|p2a: Behemoth|def|1
|-unboost|p2a: Behemoth|spd|1
|
|upkeep
|turn|4
|inactive|ewgfewgfewgf has 270 seconds left.
|
|t:|1760858943
|-end|p2a: Behemoth|Protosynthesis|[silent]
|switch|p2a: Overseer|Pecharunt|100/100
|move|p1a: Great Tusk|Bulk Up|p1a: Great Tusk
|-boost|p1a: Great Tusk|atk|1
|-boost|p1a: Great Tusk|def|1
|
|upkeep
|turn|5
|
|t:|1760858958
|-terastallize|p2a: Overseer|Ghost
|move|p1a: Great Tusk|Headlong Rush|p2a: Overseer
|-damage|p2a: Overseer|66/100
|-unboost|p1a: Great Tusk|def|1
|-unboost|p1a: Great Tusk|spd|1
|-damage|p1a: Great Tusk|43/100|[from] item: Rocky Helmet|[of] p2a: Overseer
|move|p2a: Overseer|Shadow Ball|p1a: Great Tusk
|-damage|p1a: Great Tusk|0 fnt
|faint|p1a: Great Tusk
|-end|p1a: Great Tusk|Protosynthesis|[silent]
|
|upkeep
|
|t:|1760858975
|switch|p1a: Iron Valiant|Iron Valiant|100/100
|-enditem|p1a: Iron Valiant|Booster Energy
|-activate|p1a: Iron Valiant|ability: Quark Drive|[fromitem]
|-start|p1a: Iron Valiant|quarkdrivespe
|turn|6
|
|t:|1760859004
|switch|p2a: Celestine|Primarina, M, shiny|100/100
|move|p1a: Iron Valiant|Shadow Ball|p2a: Celestine
|-damage|p2a: Celestine|86/100
|-unboost|p2a: Celestine|spd|1
|
|upkeep
|turn|7
|
|t:|1760859022
|-end|p1a: Iron Valiant|Quark Drive|[silent]
|switch|p1a: Kingambit|Kingambit, F|75/100
|-activate|p1a: Kingambit|ability: Supreme Overlord
|-start|p1a: Kingambit|fallen1|[silent]
|move|p2a: Celestine|Moonblast|p1a: Kingambit
|-damage|p1a: Kingambit|20/100
|
|upkeep
|turn|8
|
|t:|1760859035
|switch|p2a: Behemoth|Great Tusk, shiny|65/100
|-end|p1a: Kingambit|fallen1|[silent]
|switch|p1a: Pecharunt|Pecharunt|100/100
|
|upkeep
|turn|9
|
|t:|1760859045
|move|p1a: Pecharunt|Parting Shot|p2a: Behemoth
|-unboost|p2a: Behemoth|atk|1
|-unboost|p2a: Behemoth|spa|1
|
|t:|1760859049
|switch|p1a: Kingambit|Kingambit, F|20/100|[from] Parting Shot
|-activate|p1a: Kingambit|ability: Supreme Overlord
|-start|p1a: Kingambit|fallen1|[silent]
|move|p2a: Behemoth|Headlong Rush|p1a: Kingambit
|-supereffective|p1a: Kingambit
|-damage|p1a: Kingambit|0 fnt
|-unboost|p2a: Behemoth|def|1
|-unboost|p2a: Behemoth|spd|1
|faint|p1a: Kingambit
|-end|p1a: Kingambit|fallen1|[silent]
|
|upkeep
|
|t:|1760859065
|switch|p1a: Iron Valiant|Iron Valiant|100/100
|turn|10
|
|t:|1760859079
|-end|p2a: Behemoth|Protosynthesis|[silent]
|switch|p2a: Celestine|Primarina, M, shiny|86/100
|move|p1a: Iron Valiant|Calm Mind|p1a: Iron Valiant
|-boost|p1a: Iron Valiant|spa|1
|-boost|p1a: Iron Valiant|spd|1
|
|upkeep
|turn|11
|
|t:|1760859091
|-end|p1a: Iron Valiant|Quark Drive|[silent]
|switch|p1a: Pecharunt|Pecharunt|100/100
|move|p2a: Celestine|Moonblast|p1a: Pecharunt
|-resisted|p1a: Pecharunt
|-damage|p1a: Pecharunt|76/100
|
|upkeep
|turn|12
|
|t:|1760859101
|switch|p2a: Chaos|Heatran, M, shiny|100/100
|-item|p2a: Chaos|Air Balloon
|move|p1a: Pecharunt|Parting Shot|p2a: Chaos
|-unboost|p2a: Chaos|atk|1
|-unboost|p2a: Chaos|spa|1
|
|t:|1760859106
|switch|p1a: Ogerpon|Ogerpon-Wellspring, F|100/100|[from] Parting Shot
|
|upkeep
|turn|13
|
|t:|1760859120
|switch|p2a: Overseer|Pecharunt, tera:Ghost|66/100
|move|p1a: Ogerpon|Swords Dance|p1a: Ogerpon
|-boost|p1a: Ogerpon|atk|2
|
|upkeep
|turn|14
|
|t:|1760859127
|move|p1a: Ogerpon|Ivy Cudgel|p2a: Overseer|[anim] Ivy Cudgel Water
|-damage|p2a: Overseer|12/100
|move|p2a: Overseer|Malignant Chain|p1a: Ogerpon
|-supereffective|p1a: Ogerpon
|-damage|p1a: Ogerpon|29/100
|
|upkeep
|turn|15
|inactive|ewgfewgfewgf has 270 seconds left.
|
|t:|1760859147
|move|p1a: Ogerpon|Ivy Cudgel|p2a: Overseer|[anim] Ivy Cudgel Water
|-damage|p2a: Overseer|0 fnt
|faint|p2a: Overseer
|
|upkeep
|
|t:|1760859151
|switch|p2a: Anonymous|Ogerpon, F|100/100
|turn|16
|inactive|ewgfewgfewgf has 270 seconds left.
|
|t:|1760859160
|move|p2a: Anonymous|Knock Off|p1a: Ogerpon
|-damage|p1a: Ogerpon|0 fnt
|faint|p1a: Ogerpon
|
|upkeep
|inactive|ewgfewgfewgf has 270 seconds left.
|
|t:|1760859166
|switch|p1a: Iron Valiant|Iron Valiant|100/100
|turn|17
|inactive|ewgfewgfewgf has 270 seconds left.
|
|t:|1760859180
|move|p1a: Iron Valiant|Shadow Ball|p2a: Anonymous
|-damage|p2a: Anonymous|70/100
|move|p2a: Anonymous|Knock Off|p1a: Iron Valiant
|-resisted|p1a: Iron Valiant
|-damage|p1a: Iron Valiant|91/100
|
|upkeep
|turn|18
|
|t:|1760859188
|switch|p2a: Celestine|Primarina, M, shiny|86/100
|move|p1a: Iron Valiant|Shadow Ball|p2a: Celestine
|-damage|p2a: Celestine|73/100
|
|upkeep
|turn|19
|
|t:|1760859203
|-terastallize|p1a: Iron Valiant|Ghost
|move|p1a: Iron Valiant|Calm Mind|p1a: Iron Valiant
|-boost|p1a: Iron Valiant|spa|1
|-boost|p1a: Iron Valiant|spd|1
|move|p2a: Celestine|Flip Turn|p1a: Iron Valiant
|-damage|p1a: Iron Valiant|72/100
|
|t:|1760859208
|switch|p2a: Bandit|Weavile, M, shiny|100/100|[from] Flip Turn
|-ability|p2a: Bandit|Pressure
|
|upkeep
|turn|20
|
|t:|1760859221
|move|p2a: Bandit|Knock Off|p1a: Iron Valiant
|-supereffective|p1a: Iron Valiant
|-damage|p1a: Iron Valiant|0 fnt
|faint|p1a: Iron Valiant
|-end|p1a: Iron Valiant|Quark Drive|[silent]
|
|upkeep
|
|t:|1760859223
|switch|p1a: Garchomp|Garchomp, F|100/100
|turn|21
|c|☆ewgfewgfewgf|I hate tera bro, this is why I don't play OU
|
|t:|1760859244
|switch|p2a: Celestine|Primarina, M, shiny|73/100
|move|p1a: Garchomp|Earthquake|p2a: Celestine
|-damage|p2a: Celestine|17/100
|
|upkeep
|turn|22
|
|t:|1760859247
|move|p1a: Garchomp|Earthquake|p2a: Celestine
|-damage|p2a: Celestine|0 fnt
|faint|p2a: Celestine
|
|upkeep
|
|t:|1760859251
|switch|p2a: Behemoth|Great Tusk, shiny|65/100
|turn|23
|
|t:|1760859256
|move|p2a: Behemoth|Ice Spinner|p1a: Garchomp
|-supereffective|p1a: Garchomp
|-damage|p1a: Garchomp|28/100
|-damage|p2a: Behemoth|53/100|[from] ability: Rough Skin|[of] p1a: Garchomp
|-damage|p2a: Behemoth|37/100|[from] item: Rocky Helmet|[of] p1a: Garchomp
|move|p1a: Garchomp|Earthquake|p2a: Behemoth
|-damage|p2a: Behemoth|6/100
|
|upkeep
|turn|24
|
|t:|1760859270
|move|p2a: Behemoth|Ice Spinner|p1a: Garchomp
|-supereffective|p1a: Garchomp
|-damage|p1a: Garchomp|0 fnt
|-damage|p2a: Behemoth|0 fnt|[from] ability: Rough Skin|[of] p1a: Garchomp
|faint|p1a: Garchomp
|faint|p2a: Behemoth
|-end|p2a: Behemoth|Protosynthesis|[silent]
|
|upkeep
|
|t:|1760859273
|switch|p2a: Bandit|Weavile, M, shiny|100/100
|switch|p1a: Pecharunt|Pecharunt|76/100
|-ability|p2a: Bandit|Pressure
|turn|25
|
|t:|1760859279
|move|p2a: Bandit|Knock Off|p1a: Pecharunt
|-supereffective|p1a: Pecharunt
|-damage|p1a: Pecharunt|0 fnt
|-enditem|p1a: Pecharunt|Heavy-Duty Boots|[from] move: Knock Off|[of] p2a: Bandit
|faint|p1a: Pecharunt
|
|win|spotifytweaks
|c|☆spotifytweaks|ggsuh
