|j|‽heyahnovak3
|j|☆IamLonny
|t:|1760847317
|gametype|singles
|player|p1|heyahnovak3|170|1078
|player|p2|IamLonny|bruno|1144
|gen|9
|tier|[Gen 9] OU
|rated|
|rule|HP Percentage Mod: HP is shown in percentages
|rule|Endless Battle Clause: Forcing endless battles is banned
|rule|Species Clause: Limit one of each Pokémon
|rule|OHKO Clause: OHKO moves are banned
|rule|Evasion Items Clause: Evasion items are banned
|rule|Evasion Moves Clause: Evasion moves are banned
|rule|Evasion Abilities Clause: Evasion abilities are banned
|rule|Sleep Moves Clause: Sleep-inducing moves are banned
|clearpoke
|poke|p1|Ting-Lu|
|poke|p1|Gliscor, M|
|poke|p1|Keldeo-Resolute|
|poke|p1|Gholdengo|
|poke|p1|Dragonite, M|
|poke|p1|Weavile, M|
|poke|p2|Sandy Shocks|
|poke|p2|Conkeldurr, F|
|poke|p2|Dusclops, M|
|poke|p2|Scizor, M|
|poke|p2|Gyarados, M|
|poke|p2|Altaria, M|
|teampreview
|
|t:|1760847335
|teamsize|p1|6
|teamsize|p2|6
|start
|switch|p1a: Gliscor|Gliscor, M|100/100
|switch|p2a: Gyarados|Gyarados, M|100/100
|-ability|p2a: Gyarados|Intimidate|boost
|-unboost|p1a: Gliscor|atk|1
|turn|1
|
|t:|1760847344
|move|p2a: Gyarados|Waterfall|p1a: Gliscor
|-supereffective|p1a: Gliscor
|-damage|p1a: Gliscor|40/100
|move|p1a: Gliscor|Knock Off|p2a: Gyarados
|-damage|p2a: Gyarados|83/100
|-enditem|p2a: Gyarados|Lum Berry|[from] move: Knock Off|[of] p1a: Gliscor
|
|-status|p1a: Gliscor|tox|[from] item: Toxic Orb
|upkeep
|turn|2
|
|t:|1760847357
|switch|p1a: Dragonite|Dragonite, M|100/100
|move|p2a: Gyarados|Waterfall|p1a: Dragonite
|-resisted|p1a: Dragonite
|-damage|p1a: Dragonite|89/100
|
|upkeep
|turn|3
|inactive|Battle timer is ON: inactive players will automatically lose when time's up. (requested by IamLonny)
|
|t:|1760847364
|switch|p2a: Dusclops|Dusclops, M|100/100
|-ability|p2a: Dusclops|Pressure
|move|p1a: Dragonite|Extreme Speed|p2a: Dusclops
|-immune|p2a: Dusclops
|
|upkeep
|turn|4
|
|t:|1760847372
|switch|p1a: Gliscor|Gliscor, M|40/100 tox
|move|p2a: Dusclops|Curse|p1a: Gliscor
|-start|p1a: Gliscor|Curse|[of] p2a: Dusclops
|-damage|p2a: Dusclops|50/100
|
|-heal|p1a: Gliscor|53/100 tox|[from] ability: Poison Heal
|-damage|p1a: Gliscor|28/100 tox|[from] Curse
|upkeep
|turn|5
|
|t:|1760847383
|move|p2a: Dusclops|Protect|p2a: Dusclops
|-singleturn|p2a: Dusclops|Protect
|move|p1a: Gliscor|Knock Off|p2a: Dusclops
|-activate|p2a: Dusclops|move: Protect
|
|-heal|p1a: Gliscor|40/100 tox|[from] ability: Poison Heal
|-damage|p1a: Gliscor|15/100 tox|[from] Curse
|upkeep
|turn|6
|
|t:|1760847392
|switch|p1a: Gholdengo|Gholdengo|100/100
|switch|p2a: Scizor|Scizor, M|100/100
|
|upkeep
|turn|7
|
|t:|1760847407
|move|p1a: Gholdengo|Shadow Ball|p2a: Scizor
|-damage|p2a: Scizor|52/100
|move|p2a: Scizor|Swords Dance|p2a: Scizor
|-boost|p2a: Scizor|atk|2
|
|upkeep
|turn|8
|
|t:|1760847427
|move|p2a: Scizor|Bullet Punch|p1a: Gholdengo
|-resisted|p1a: Gholdengo
|-damage|p1a: Gholdengo|59/100
|-damage|p2a: Scizor|42/100|[from] item: Life Orb
|move|p1a: Gholdengo|Shadow Ball|p2a: Scizor
|-damage|p2a: Scizor|0 fnt
|faint|p2a: Scizor
|
|upkeep
|
|t:|1760847436
|switch|p2a: Conkeldurr|Conkeldurr, F|100/100
|turn|9
|
|t:|1760847441
|move|p1a: Gholdengo|Make It Rain|p2a: Conkeldurr
|-damage|p2a: Conkeldurr|6/100
|-unboost|p1a: Gholdengo|spa|1
|move|p2a: Conkeldurr|Knock Off|p1a: Gholdengo
|-supereffective|p1a: Gholdengo
|-damage|p1a: Gholdengo|0 fnt
|-enditem|p1a: Gholdengo|Metal Coat|[from] move: Knock Off|[of] p2a: Conkeldurr
|faint|p1a: Gholdengo
|
|-status|p2a: Conkeldurr|brn|[from] item: Flame Orb
|upkeep
|
|t:|1760847446
|switch|p1a: Gliscor|Gliscor, M|15/100 tox
|turn|10
|
|t:|1760847455
|move|p1a: Gliscor|Protect|p1a: Gliscor
|-singleturn|p1a: Gliscor|Protect
|move|p2a: Conkeldurr|Mach Punch|p1a: Gliscor
|-activate|p1a: Gliscor|move: Protect
|
|-heal|p1a: Gliscor|28/100 tox|[from] ability: Poison Heal
|-damage|p2a: Conkeldurr|0 fnt|[from] brn
|faint|p2a: Conkeldurr
|upkeep
|
|t:|1760847469
|switch|p2a: Gyarados|Gyarados, M|83/100
|-ability|p2a: Gyarados|Intimidate|boost
|-unboost|p1a: Gliscor|atk|1
|turn|11
|
|t:|1760847473
|switch|p1a: Keldeo|Keldeo-Resolute|100/100
|move|p2a: Gyarados|Dragon Dance|p2a: Gyarados
|-boost|p2a: Gyarados|atk|1
|-boost|p2a: Gyarados|spe|1
|
|upkeep
|turn|12
|
|t:|1760847480
|-terastallize|p2a: Gyarados|Flying
|move|p2a: Gyarados|Tera Blast|p1a: Keldeo|[anim] Tera Blast Flying
|-supereffective|p1a: Keldeo
|-damage|p1a: Keldeo|0 fnt
|faint|p1a: Keldeo
|
|upkeep
|
|t:|1760847484
|switch|p1a: Weavile|Weavile, M|100/100
|-ability|p1a: Weavile|Pressure
|turn|13
|
|t:|1760847493
|-terastallize|p1a: Weavile|Ice
|move|p1a: Weavile|Ice Shard|p2a: Gyarados
|-supereffective|p2a: Gyarados
|-damage|p2a: Gyarados|13/100
|move|p2a: Gyarados|Tera Blast|p1a: Weavile|[anim] Tera Blast Flying
|-damage|p1a: Weavile|0 fnt
|faint|p1a: Weavile
|
|upkeep
|
|t:|1760847497
|switch|p1a: Dragonite|Dragonite, M|89/100
|turn|14
|
|t:|1760847506
|switch|p2a: Dusclops|Dusclops, M|50/100
|-ability|p2a: Dusclops|Pressure
|move|p1a: Dragonite|Extreme Speed|p2a: Dusclops
|-immune|p2a: Dusclops
|
|upkeep
|turn|15
|
|t:|1760847514
|switch|p1a: Ting-Lu|Ting-Lu|100/100
|-ability|p1a: Ting-Lu|Vessel of Ruin
|move|p2a: Dusclops|Pain Split|p1a: Ting-Lu
|-sethp|p1a: Ting-Lu|61/100|[from] move: Pain Split|[silent]
|-sethp|p2a: Dusclops|100/100|[from] move: Pain Split
|
|-heal|p1a: Ting-Lu|67/100|[from] item: Leftovers
|upkeep
|turn|16
|
|t:|1760847525
|move|p1a: Ting-Lu|Stealth Rock|p2a: Dusclops
|-sidestart|p2: IamLonny|move: Stealth Rock
|move|p2a: Dusclops|Curse|p1a: Ting-Lu
|-start|p1a: Ting-Lu|Curse|[of] p2a: Dusclops
|-damage|p2a: Dusclops|50/100
|
|-heal|p1a: Ting-Lu|74/100|[from] item: Leftovers
|-damage|p1a: Ting-Lu|49/100|[from] Curse
|upkeep
|turn|17
|
|t:|1760847534
|move|p2a: Dusclops|Protect|p2a: Dusclops
|-singleturn|p2a: Dusclops|Protect
|move|p1a: Ting-Lu|Spikes|p2a: Dusclops
|-sidestart|p2: IamLonny|Spikes
|
|-heal|p1a: Ting-Lu|55/100|[from] item: Leftovers
|-damage|p1a: Ting-Lu|30/100|[from] Curse
|upkeep
|turn|18
|
|t:|1760847542
|move|p1a: Ting-Lu|Spikes|p2a: Dusclops
|-sidestart|p2: IamLonny|Spikes
|move|p2a: Dusclops|Night Shade|p1a: Ting-Lu
|-damage|p1a: Ting-Lu|11/100
|
|-heal|p1a: Ting-Lu|17/100|[from] item: Leftovers
|-damage|p1a: Ting-Lu|0 fnt|[from] Curse
|faint|p1a: Ting-Lu
|upkeep
|
|t:|1760847547
|switch|p1a: Gliscor|Gliscor, M|28/100 tox
|turn|19
|
|t:|1760847554
|move|p1a: Gliscor|Protect|p1a: Gliscor
|-singleturn|p1a: Gliscor|Protect
|move|p2a: Dusclops|Curse|p1a: Gliscor
|-start|p1a: Gliscor|Curse|[of] p2a: Dusclops
|-damage|p2a: Dusclops|0 fnt
|faint|p2a: Dusclops
|
|-heal|p1a: Gliscor|40/100 tox|[from] ability: Poison Heal
|-damage|p1a: Gliscor|15/100 tox|[from] Curse
|upkeep
|
|t:|1760847569
|switch|p2a: Altaria|Altaria, M|100/100
|-ability|p2a: Altaria|Cloud Nine
|turn|20
|
|t:|1760847574
|move|p2a: Altaria|Defog|p1a: Gliscor
|-unboost|p1a: Gliscor|evasion|1
|-sideend|p2: IamLonny|Spikes|[from] move: Defog|[of] p2a: Altaria
|-sideend|p2: IamLonny|Stealth Rock|[from] move: Defog|[of] p2a: Altaria
|move|p1a: Gliscor|Facade|p2a: Altaria
|-damage|p2a: Altaria|60/100
|
|-heal|p1a: Gliscor|28/100 tox|[from] ability: Poison Heal
|-damage|p1a: Gliscor|3/100 tox|[from] Curse
|upkeep
|turn|21
|
|t:|1760847585
|move|p2a: Altaria|Ice Beam|p1a: Gliscor
|-supereffective|p1a: Gliscor
|-damage|p1a: Gliscor|0 fnt
|faint|p1a: Gliscor
|
|upkeep
|
|t:|1760847590
|switch|p1a: Dragonite|Dragonite, M|89/100
|turn|22
|-message|heyahnovak3 forfeited.
|
|win|IamLonny
|raw|heyahnovak3's rating: 1078 &rarr; <strong>1060</strong><br />(-18 for losing)
|raw|IamLonny's rating: 1144 &rarr; <strong>1164</strong><br />(+20 for winning)
|l|‽heyahnovak3
|player|p1|
|l|☆IamLonny
|player|p2|
