|j|☆Killer07
|j|☆hamoodhabibihamood
|t:|1760727794
|gametype|singles
|player|p1|Killer07|pokekid|1400
|player|p2|hamoodhabibihamood|rocketgrunt|1452
|gen|9
|tier|[Gen 9] OU
|rated|
|rule|HP Percentage Mod: HP is shown in percentages
|rule|Endless Battle Clause: Forcing endless battles is banned
|rule|Species Clause: Limit one of each Pokémon
|rule|OHKO Clause: OHKO moves are banned
|rule|Evasion Items Clause: Evasion items are banned
|rule|Evasion Moves Clause: Evasion moves are banned
|rule|Evasion Abilities Clause: Evasion abilities are banned
|rule|Sleep Moves Clause: Sleep-inducing moves are banned
|clearpoke
|poke|p1|Goodra-Hisui, F|
|poke|p1|Corviknight, M|
|poke|p1|Rillaboom, F|
|poke|p1|Great Tusk|
|poke|p1|Azumarill, F|
|poke|p1|Regidrago|
|poke|p2|Quaquaval, F|
|poke|p2|Pelipper, M|
|poke|p2|Walking Wake|
|poke|p2|Corviknight, M|
|poke|p2|Raging Bolt|
|poke|p2|Scizor, M|
|teampreview
|inactive|Battle timer is ON: inactive players will automatically lose when time's up. (requested by hamoodhabibihamood)
|
|t:|1760727805
|teamsize|p1|6
|teamsize|p2|6
|start
|switch|p1a: Regidrago|Regidrago|100/100
|switch|p2a: Pelipper|Pelipper, M|100/100
|-weather|RainDance|[from] ability: Drizzle|[of] p2a: Pelipper
|turn|1
|
|t:|1760727810
|move|p1a: Regidrago|Dragon Energy|p2a: Pelipper
|-damage|p2a: Pelipper|0 fnt
|faint|p2a: Pelipper
|
|-weather|RainDance|[upkeep]
|upkeep
|
|t:|1760727819
|switch|p2a: Walking Wake|Walking Wake|100/100
|turn|2
|
|t:|1760727821
|move|p1a: Regidrago|Dragon Energy|p2a: Walking Wake
|-supereffective|p2a: Walking Wake
|-damage|p2a: Walking Wake|0 fnt
|faint|p2a: Walking Wake
|-end|p2a: Walking Wake|Protosynthesis|[silent]
|
|-weather|RainDance|[upkeep]
|upkeep
|
|t:|1760727827
|switch|p2a: Scizor|Scizor, M|100/100
|turn|3
|
|t:|1760727832
|switch|p1a: Corviknight|Corviknight, M|100/100
|-ability|p1a: Corviknight|Pressure
|move|p2a: Scizor|Bullet Punch|p1a: Corviknight
|-resisted|p1a: Corviknight
|-damage|p1a: Corviknight|87/100
|-damage|p2a: Scizor|84/100|[from] item: Rocky Helmet|[of] p1a: Corviknight
|-damage|p2a: Scizor|74/100|[from] item: Life Orb
|
|-weather|RainDance|[upkeep]
|upkeep
|turn|4
|
|t:|1760727840
|switch|p2a: Raging Bolt|Raging Bolt|100/100
|move|p1a: Corviknight|U-turn|p2a: Raging Bolt
|-damage|p2a: Raging Bolt|89/100
|
|t:|1760727845
|switch|p1a: Goodra|Goodra-Hisui, F, shiny|100/100|[from] U-turn
|
|-weather|RainDance|[upkeep]
|upkeep
|turn|5
|
|t:|1760727848
|move|p2a: Raging Bolt|Draco Meteor|p1a: Goodra
|-damage|p1a: Goodra|51/100
|-unboost|p2a: Raging Bolt|spa|2
|move|p1a: Goodra|Ice Beam|p2a: Raging Bolt
|-supereffective|p2a: Raging Bolt
|-damage|p2a: Raging Bolt|45/100
|
|-weather|RainDance|[upkeep]
|upkeep
|turn|6
|
|t:|1760727853
|-end|p2a: Raging Bolt|Protosynthesis|[silent]
|switch|p2a: Corviknight|Corviknight, M|100/100
|-ability|p2a: Corviknight|Pressure
|move|p1a: Goodra|Dragon Tail|p2a: Corviknight
|-resisted|p2a: Corviknight
|-damage|p2a: Corviknight|93/100
|-damage|p1a: Goodra|34/100|[from] item: Rocky Helmet|[of] p2a: Corviknight
|drag|p2a: Raging Bolt|Raging Bolt|45/100
|
|-weather|RainDance|[upkeep]
|upkeep
|turn|7
|
|t:|1760727868
|move|p2a: Raging Bolt|Thunder|p1a: Goodra
|-resisted|p1a: Goodra
|-damage|p1a: Goodra|14/100
|move|p1a: Goodra|Ice Beam|p2a: Raging Bolt
|-supereffective|p2a: Raging Bolt
|-crit|p2a: Raging Bolt
|-damage|p2a: Raging Bolt|0 fnt
|faint|p2a: Raging Bolt
|-end|p2a: Raging Bolt|Protosynthesis|[silent]
|
|-weather|RainDance|[upkeep]
|upkeep
|
|t:|1760727871
|switch|p2a: Quaquaval|Quaquaval, F|100/100
|turn|8
|
|t:|1760727875
|switch|p1a: Corviknight|Corviknight, M|87/100
|-ability|p1a: Corviknight|Pressure
|-terastallize|p2a: Quaquaval|Water
|move|p2a: Quaquaval|Aqua Step|p1a: Corviknight
|-damage|p1a: Corviknight|5/100
|-boost|p2a: Quaquaval|spe|1
|-damage|p2a: Quaquaval|84/100|[from] item: Rocky Helmet|[of] p1a: Corviknight
|
|-weather|none
|upkeep
|turn|9
|
|t:|1760727882
|move|p2a: Quaquaval|Aqua Step|p1a: Corviknight
|-damage|p1a: Corviknight|0 fnt
|-boost|p2a: Quaquaval|spe|1
|-damage|p2a: Quaquaval|68/100|[from] item: Rocky Helmet|[of] p1a: Corviknight
|faint|p1a: Corviknight
|-ability|p2a: Quaquaval|Moxie|boost
|-boost|p2a: Quaquaval|atk|1
|
|upkeep
|
|t:|1760727885
|switch|p1a: Rillaboom|Rillaboom, F|100/100
|-fieldstart|move: Grassy Terrain|[from] ability: Grassy Surge|[of] p1a: Rillaboom
|turn|10
|
|t:|1760727888
|move|p1a: Rillaboom|Grassy Glide|p2a: Quaquaval
|-supereffective|p2a: Quaquaval
|-damage|p2a: Quaquaval|0 fnt
|faint|p2a: Quaquaval
|
|upkeep
|-message|hamoodhabibihamood forfeited.
|
|win|Killer07
|raw|Killer07's rating: 1400 &rarr; <strong>1423</strong><br />(+23 for winning)
|raw|hamoodhabibihamood's rating: 1452 &rarr; <strong>1429</strong><br />(-23 for losing)
|l|☆hamoodhabibihamood
|player|p2|
|l|☆Killer07
|player|p1|
