|j|☆alitrompette
|j|☆S-993311
|t:|1760876821
|gametype|singles
|player|p1|alitrompette|benga|1429
|player|p2|S-993311|fisherman-gen4|1459
|gen|9
|tier|[Gen 9] OU
|rated|
|rule|HP Percentage Mod: HP is shown in percentages
|rule|Endless Battle Clause: Forcing endless battles is banned
|rule|Species Clause: Limit one of each Pokémon
|rule|OHKO Clause: OHKO moves are banned
|rule|Evasion Items Clause: Evasion items are banned
|rule|Evasion Moves Clause: Evasion moves are banned
|rule|Evasion Abilities Clause: Evasion abilities are banned
|rule|Sleep Moves Clause: Sleep-inducing moves are banned
|clearpoke
|poke|p1|Kyurem|
|poke|p1|Great Tusk|
|poke|p1|Tornadus-Therian, M|
|poke|p1|Iron Moth|
|poke|p1|Samurott-Hisui, M|
|poke|p1|Gholdengo|
|poke|p2|Thundurus-Therian, M|
|poke|p2|Raging Bolt|
|poke|p2|Slowking-Galar, F|
|poke|p2|Kyurem|
|poke|p2|Great Tusk|
|poke|p2|Moltres|
|teampreview
|inactive|Battle timer is ON: inactive players will automatically lose when time's up. (requested by S-993311)
|
|t:|1760876830
|teamsize|p1|6
|teamsize|p2|6
|start
|switch|p1a: Tornadus|Tornadus-Therian, M|100/100
|switch|p2a: Thundurus|Thundurus-Therian, M|100/100
|turn|1
|
|t:|1760876838
|switch|p1a: Great Tusk|Great Tusk|100/100
|move|p2a: Thundurus|Grass Knot|p1a: Great Tusk
|-supereffective|p1a: Great Tusk
|-damage|p1a: Great Tusk|0 fnt
|faint|p1a: Great Tusk
|-end|p1a: Great Tusk|Protosynthesis|[silent]
|
|upkeep
|
|t:|1760876844
|switch|p1a: Kyurem|Kyurem|100/100
|-ability|p1a: Kyurem|Pressure
|turn|2
|
|t:|1760876852
|switch|p2a: Slowking|Slowking-Galar, F|100/100
|move|p1a: Kyurem|Ice Beam|p2a: Slowking
|-damage|p2a: Slowking|66/100
|
|upkeep
|turn|3
|
|t:|1760876859
|switch|p1a: Gholdengo|Gholdengo|100/100
|-item|p1a: Gholdengo|Air Balloon
|move|p2a: Slowking|Sludge Bomb|p1a: Gholdengo
|-immune|p1a: Gholdengo
|
|upkeep
|turn|4
|
|t:|1760876868
|move|p1a: Gholdengo|Nasty Plot|p1a: Gholdengo
|-boost|p1a: Gholdengo|spa|2
|move|p2a: Slowking|Flamethrower|p1a: Gholdengo
|-supereffective|p1a: Gholdengo
|-damage|p1a: Gholdengo|38/100
|-status|p1a: Gholdengo|brn
|-enditem|p1a: Gholdengo|Air Balloon
|
|-damage|p1a: Gholdengo|32/100 brn|[from] brn
|upkeep
|turn|5
|
|t:|1760876885
|move|p1a: Gholdengo|Shadow Ball|p2a: Slowking
|-supereffective|p2a: Slowking
|-damage|p2a: Slowking|0 fnt
|faint|p2a: Slowking
|
|-damage|p1a: Gholdengo|26/100 brn|[from] brn
|upkeep
|
|t:|1760876892
|switch|p2a: Thundurus|Thundurus-Therian, M|100/100
|turn|6
|
|t:|1760876898
|move|p2a: Thundurus|Volt Switch|p1a: Gholdengo
|-damage|p1a: Gholdengo|0 fnt
|faint|p1a: Gholdengo
|
|t:|1760876903
|switch|p2a: Kyurem|Kyurem|100/100|[from] Volt Switch
|-ability|p2a: Kyurem|Pressure
|
|upkeep
|
|t:|1760876912
|switch|p1a: Samurott|Samurott-Hisui, M|100/100
|turn|7
|
|t:|1760876918
|move|p2a: Kyurem|Freeze-Dry|p1a: Samurott
|-supereffective|p1a: Samurott
|-damage|p1a: Samurott|0 fnt
|faint|p1a: Samurott
|
|upkeep
|
|t:|1760876924
|switch|p1a: Kyurem|Kyurem|100/100
|-ability|p1a: Kyurem|Pressure
|turn|8
|
|t:|1760876935
|switch|p2a: Great Tusk|Great Tusk|100/100
|move|p1a: Kyurem|Draco Meteor|p2a: Great Tusk
|-damage|p2a: Great Tusk|0 fnt
|-unboost|p1a: Kyurem|spa|2
|faint|p2a: Great Tusk
|-end|p2a: Great Tusk|Protosynthesis|[silent]
|
|upkeep
|
|t:|1760876950
|switch|p2a: Thundurus|Thundurus-Therian, M|100/100
|turn|9
|
|t:|1760876957
|switch|p1a: Tornadus|Tornadus-Therian, M|100/100
|move|p2a: Thundurus|Volt Switch|p1a: Tornadus
|-supereffective|p1a: Tornadus
|-crit|p1a: Tornadus
|-damage|p1a: Tornadus|0 fnt
|faint|p1a: Tornadus
|
|t:|1760876964
|switch|p2a: Raging Bolt|Raging Bolt|100/100|[from] Volt Switch
|-enditem|p2a: Raging Bolt|Booster Energy
|-activate|p2a: Raging Bolt|ability: Protosynthesis|[fromitem]
|-start|p2a: Raging Bolt|protosynthesisspa
|
|upkeep
|
|t:|1760876970
|switch|p1a: Kyurem|Kyurem|100/100
|-ability|p1a: Kyurem|Pressure
|turn|10
|
|t:|1760876975
|-terastallize|p2a: Raging Bolt|Fairy
|move|p1a: Kyurem|Ice Beam|p2a: Raging Bolt
|-damage|p2a: Raging Bolt|39/100
|move|p2a: Raging Bolt|Thunderbolt|p1a: Kyurem
|-resisted|p1a: Kyurem
|-damage|p1a: Kyurem|66/100
|
|upkeep
|turn|11
|
|t:|1760876983
|move|p2a: Raging Bolt|Thunderclap|p1a: Kyurem
|-resisted|p1a: Kyurem
|-damage|p1a: Kyurem|40/100
|move|p1a: Kyurem|Ice Beam|p2a: Raging Bolt
|-damage|p2a: Raging Bolt|0 fnt
|faint|p2a: Raging Bolt
|-end|p2a: Raging Bolt|Protosynthesis|[silent]
|
|upkeep
|
|t:|1760876993
|switch|p2a: Thundurus|Thundurus-Therian, M|100/100
|turn|12
|
|t:|1760876996
|move|p2a: Thundurus|Volt Switch|p1a: Kyurem
|-resisted|p1a: Kyurem
|-damage|p1a: Kyurem|11/100
|
|t:|1760877001
|switch|p2a: Moltres|Moltres|100/100|[from] Volt Switch
|move|p1a: Kyurem|Ice Beam|p2a: Moltres
|-damage|p2a: Moltres|26/100
|
|upkeep
|turn|13
|
|t:|1760877007
|move|p1a: Kyurem|Ice Beam|p2a: Moltres
|-damage|p2a: Moltres|0 fnt
|faint|p2a: Moltres
|
|upkeep
|
|t:|1760877011
|switch|p2a: Thundurus|Thundurus-Therian, M|100/100
|turn|14
|
|t:|1760877014
|move|p2a: Thundurus|Volt Switch|p1a: Kyurem
|-resisted|p1a: Kyurem
|-damage|p1a: Kyurem|0 fnt
|faint|p1a: Kyurem
|
|t:|1760877018
|switch|p2a: Kyurem|Kyurem|100/100|[from] Volt Switch
|-ability|p2a: Kyurem|Pressure
|
|upkeep
|
|t:|1760877023
|switch|p1a: Iron Moth|Iron Moth|100/100
|-enditem|p1a: Iron Moth|Booster Energy
|-activate|p1a: Iron Moth|ability: Quark Drive|[fromitem]
|-start|p1a: Iron Moth|quarkdrivespe
|turn|15
|
|t:|1760877049
|-terastallize|p1a: Iron Moth|Ground
|move|p1a: Iron Moth|Fiery Dance|p2a: Kyurem
|-damage|p2a: Kyurem|61/100
|move|p2a: Kyurem|Draco Meteor|p1a: Iron Moth
|-damage|p1a: Iron Moth|34/100
|-unboost|p2a: Kyurem|spa|2
|
|upkeep
|turn|16
|
|t:|1760877063
|move|p1a: Iron Moth|Sludge Wave|p2a: Kyurem
|-damage|p2a: Kyurem|17/100
|move|p2a: Kyurem|Draco Meteor|p1a: Iron Moth
|-damage|p1a: Iron Moth|3/100
|-unboost|p2a: Kyurem|spa|2
|
|upkeep
|turn|17
|
|t:|1760877069
|move|p1a: Iron Moth|Fiery Dance|p2a: Kyurem
|-damage|p2a: Kyurem|0 fnt
|faint|p2a: Kyurem
|
|upkeep
|
|t:|1760877073
|switch|p2a: Thundurus|Thundurus-Therian, M|100/100
|turn|18
|
|t:|1760877078
|move|p1a: Iron Moth|Sludge Wave|p2a: Thundurus
|-damage|p2a: Thundurus|30/100
|move|p2a: Thundurus|Grass Knot|p1a: Iron Moth
|-supereffective|p1a: Iron Moth
|-damage|p1a: Iron Moth|0 fnt
|faint|p1a: Iron Moth
|-end|p1a: Iron Moth|Quark Drive|[silent]
|
|win|S-993311
|raw|alitrompette's rating: 1429 &rarr; <strong>1411</strong><br />(-18 for losing)
|raw|S-993311's rating: 1459 &rarr; <strong>1477</strong><br />(+18 for winning)
|l|☆alitrompette
|player|p1|
