|inactive|Battle timer is ON: inactive players will automatically lose when time's up.
|badge|p2|silver|gen9randombattle|30-7
|uhtml|medal-msg|<div class="broadcast-blue">Curious what those medals under the avatar are? PS now has Ladder Seasons! For more information, check out the <a href="https://www.smogon.com/forums/threads/3740067/">thread on Smogon.</a></div>
|t:|1760882967
|gametype|singles
|player|p1|alh3n|lucas|
|player|p2|Separation|#scl5spartans2|
|gen|9
|tier|[Gen 9] OU
|rule|HP Percentage Mod: HP is shown in percentages
|rule|Endless Battle Clause: Forcing endless battles is banned
|rule|Species Clause: Limit one of each Pokémon
|rule|OHKO Clause: OHKO moves are banned
|rule|Evasion Items Clause: Evasion items are banned
|rule|Evasion Moves Clause: Evasion moves are banned
|rule|Evasion Abilities Clause: Evasion abilities are banned
|rule|Sleep Moves Clause: Sleep-inducing moves are banned
|clearpoke
|poke|p1|Ting-Lu|
|poke|p1|Moltres|
|poke|p1|Gliscor, F|
|poke|p1|Gholdengo|
|poke|p1|Dragonite, M|
|poke|p1|Clefable, F|
|poke|p2|Clefable, F|
|poke|p2|Ting-Lu|
|poke|p2|Dragonite, F|
|poke|p2|Gholdengo|
|poke|p2|Zamazenta-*|
|poke|p2|Meowscarada, F|
|teampreview
|inactive|alh3n also wants the timer to be on.
|c|☆alh3n|hf
|inactive|Separation disconnected and has 300 seconds to reconnect!
|player|p2|
|inactive|alh3n has 270 seconds left.
|inactive|Separation reconnected and has 275 seconds left.
|player|p2|Separation|#scl5spartans2|
|inactive|Separation also wants the timer to be on.
|inactive|Separation has 270 seconds left.
|c|☆Separation|hf
|inactive|Separation has 240 seconds left.
|
|t:|1760883055
|teamsize|p1|6
|teamsize|p2|6
|start
|switch|p1a: Clefable|Clefable, F|100/100
|switch|p2a: Meowscarada|Meowscarada, F|100/100
|turn|1
|inactive|Separation has 270 seconds left.
|inactive|Separation has 240 seconds left.
|
|t:|1760883116
|move|p2a: Meowscarada|Spikes|p1a: Clefable
|-start|p2a: Meowscarada|typechange|Ground|[from] ability: Protean
|-sidestart|p1: alh3n|Spikes
|move|p1a: Clefable|Stealth Rock|p2a: Meowscarada
|-sidestart|p2: Separation|move: Stealth Rock
|
|upkeep
|turn|2
|inactive|Separation has 240 seconds left.
|
|t:|1760883127
|move|p2a: Meowscarada|Knock Off|p1a: Clefable
|-resisted|p1a: Clefable
|-damage|p1a: Clefable|88/100
|-enditem|p1a: Clefable|Leftovers|[from] move: Knock Off|[of] p2a: Meowscarada
|move|p1a: Clefable|Moonblast|p2a: Meowscarada
|-damage|p2a: Meowscarada|54/100
|-unboost|p2a: Meowscarada|spa|1
|
|upkeep
|turn|3
|inactive|Separation has 240 seconds left.
|
|t:|1760883147
|move|p2a: Meowscarada|U-turn|p1a: Clefable
|-resisted|p1a: Clefable
|-damage|p1a: Clefable|80/100
|
|t:|1760883150
|switch|p2a: Gholdengo|Gholdengo|100/100|[from] U-turn
|-damage|p2a: Gholdengo|94/100|[from] Stealth Rock
|move|p1a: Clefable|Moonblast|p2a: Gholdengo
|-resisted|p2a: Gholdengo
|-damage|p2a: Gholdengo|78/100
|
|upkeep
|turn|4
|inactive|Separation has 240 seconds left.
|inactive|Separation has 210 seconds left.
|inactive|Separation has 180 seconds left.
|
|t:|1760883231
|switch|p1a: Dragonite|Dragonite, M|100/100
|move|p2a: Gholdengo|Make It Rain|p1a: Dragonite
|-damage|p1a: Dragonite|74/100
|-unboost|p2a: Gholdengo|spa|1
|
|upkeep
|turn|5
|
|t:|1760883252
|switch|p2a: Clefable|Clefable, F|100/100
|switch|p1a: Gliscor|Gliscor, F|100/100
|
|-status|p1a: Gliscor|tox|[from] item: Toxic Orb
|upkeep
|turn|6
|inactive|Separation has 150 seconds left.
|
|t:|1760883274
|switch|p2a: Ting-Lu|Ting-Lu|100/100
|-damage|p2a: Ting-Lu|94/100|[from] Stealth Rock
|-ability|p2a: Ting-Lu|Vessel of Ruin
|move|p1a: Gliscor|Swords Dance|p1a: Gliscor
|-boost|p1a: Gliscor|atk|2
|
|-heal|p2a: Ting-Lu|100/100|[from] item: Leftovers
|upkeep
|turn|7
|inactive|Separation has 150 seconds left.
|
|t:|1760883282
|move|p1a: Gliscor|Knock Off|p2a: Ting-Lu
|-resisted|p2a: Ting-Lu
|-damage|p2a: Ting-Lu|90/100
|-enditem|p2a: Ting-Lu|Leftovers|[from] move: Knock Off|[of] p1a: Gliscor
|move|p2a: Ting-Lu|Whirlwind|p1a: Gliscor
|drag|p1a: Dragonite|Dragonite, M|74/100
|
|upkeep
|turn|8
|
|t:|1760883286
|switch|p1a: Gliscor|Gliscor, F|100/100 tox
|move|p2a: Ting-Lu|Stealth Rock|p1a: Gliscor
|-sidestart|p1: alh3n|move: Stealth Rock
|
|upkeep
|turn|9
|
|t:|1760883289
|move|p1a: Gliscor|Facade|p2a: Ting-Lu
|-damage|p2a: Ting-Lu|72/100
|move|p2a: Ting-Lu|Ruination|p1a: Gliscor|[miss]
|-miss|p2a: Ting-Lu|p1a: Gliscor
|
|upkeep
|turn|10
|
|t:|1760883294
|move|p1a: Gliscor|Facade|p2a: Ting-Lu
|-damage|p2a: Ting-Lu|56/100
|move|p2a: Ting-Lu|Ruination|p1a: Gliscor
|-damage|p1a: Gliscor|50/100 tox
|
|-heal|p1a: Gliscor|63/100 tox|[from] ability: Poison Heal
|upkeep
|turn|11
|inactive|Separation has 180 seconds left.
|
|t:|1760883306
|move|p1a: Gliscor|Protect|p1a: Gliscor
|-singleturn|p1a: Gliscor|Protect
|move|p2a: Ting-Lu|Whirlwind|p1a: Gliscor
|drag|p1a: Moltres|Moltres|100/100
|
|upkeep
|turn|12
|inactive|alh3n has 270 seconds left.
|
|t:|1760883347
|switch|p1a: Clefable|Clefable, F|80/100
|switch|p2a: Clefable|Clefable, F|100/100
|
|upkeep
|turn|13
|
|t:|1760883357
|switch|p2a: Gholdengo|Gholdengo|78/100
|-damage|p2a: Gholdengo|72/100|[from] Stealth Rock
|move|p1a: Clefable|Thunder Wave|p2a: Gholdengo
|-immune|p2a: Gholdengo|[from] ability: Good as Gold
|
|upkeep
|turn|14
|inactive|alh3n has 270 seconds left.
|inactive|Separation has 180 seconds left.
|inactive|alh3n has 240 seconds left.
|inactive|alh3n has 210 seconds left.
|
|t:|1760883452
|switch|p1a: Ting-Lu|Ting-Lu|100/100
|-ability|p1a: Ting-Lu|Vessel of Ruin
|move|p2a: Gholdengo|Make It Rain|p1a: Ting-Lu
|-damage|p1a: Ting-Lu|72/100
|-unboost|p2a: Gholdengo|spa|1
|
|upkeep
|turn|15
|inactive|Separation has 180 seconds left.
|
|t:|1760883467
|switch|p2a: Clefable|Clefable, F|100/100
|move|p1a: Ting-Lu|Spikes|p2a: Clefable
|-sidestart|p2: Separation|Spikes
|
|upkeep
|turn|16
|inactive|Separation has 180 seconds left.
|
|t:|1760883482
|switch|p1a: Gliscor|Gliscor, F|63/100 tox
|-damage|p1a: Gliscor|50/100 tox|[from] Stealth Rock
|move|p2a: Clefable|Calm Mind|p2a: Clefable
|-boost|p2a: Clefable|spa|1
|-boost|p2a: Clefable|spd|1
|
|-heal|p1a: Gliscor|63/100 tox|[from] ability: Poison Heal
|upkeep
|turn|17
|
|t:|1760883491
|switch|p1a: Gholdengo|Gholdengo|100/100
|-damage|p1a: Gholdengo|88/100|[from] Spikes
|-damage|p1a: Gholdengo|82/100|[from] Stealth Rock
|move|p2a: Clefable|Moonblast|p1a: Gholdengo
|-resisted|p1a: Gholdengo
|-damage|p1a: Gholdengo|56/100
|
|upkeep
|turn|18
|
|t:|1760883506
|switch|p1a: Ting-Lu|Ting-Lu|72/100
|-ability|p1a: Ting-Lu|Vessel of Ruin
|switch|p2a: Dragonite|Dragonite, F|100/100
|
|upkeep
|turn|19
|
|t:|1760883524
|move|p2a: Dragonite|Dragon Dance|p2a: Dragonite
|-boost|p2a: Dragonite|atk|1
|-boost|p2a: Dragonite|spe|1
|move|p1a: Ting-Lu|Ruination|p2a: Dragonite
|-damage|p2a: Dragonite|51/100
|
|upkeep
|turn|20
|
|t:|1760883530
|move|p2a: Dragonite|Roost|p2a: Dragonite
|-heal|p2a: Dragonite|100/100
|-singleturn|p2a: Dragonite|move: Roost
|move|p1a: Ting-Lu|Whirlwind|p2a: Dragonite
|drag|p2a: Ting-Lu|Ting-Lu|56/100
|-damage|p2a: Ting-Lu|49/100|[from] Stealth Rock
|-damage|p2a: Ting-Lu|37/100|[from] Spikes
|-ability|p2a: Ting-Lu|Vessel of Ruin
|
|upkeep
|turn|21
|inactive|alh3n has 180 seconds left.
|
|t:|1760883560
|switch|p1a: Clefable|Clefable, F|80/100
|move|p2a: Ting-Lu|Ruination|p1a: Clefable
|-damage|p1a: Clefable|40/100
|
|upkeep
|turn|22
|
|t:|1760883567
|switch|p1a: Moltres|Moltres|100/100
|switch|p2a: Gholdengo|Gholdengo|72/100
|-damage|p2a: Gholdengo|66/100|[from] Stealth Rock
|-damage|p2a: Gholdengo|53/100|[from] Spikes
|
|upkeep
|turn|23
|inactive|alh3n has 180 seconds left.
|
|t:|1760883597
|switch|p2a: Clefable|Clefable, F|100/100
|move|p1a: Moltres|Flamethrower|p2a: Clefable
|-damage|p2a: Clefable|68/100
|-status|p2a: Clefable|brn
|
|-heal|p2a: Clefable|74/100 brn|[from] item: Leftovers
|upkeep
|turn|24
|inactive|Separation has 210 seconds left.
|
|t:|1760883623
|switch|p1a: Clefable|Clefable, F|40/100
|move|p2a: Clefable|Knock Off|p1a: Clefable
|-resisted|p1a: Clefable
|-damage|p1a: Clefable|38/100
|
|-heal|p2a: Clefable|80/100 brn|[from] item: Leftovers
|upkeep
|turn|25
|
|t:|1760883641
|move|p1a: Clefable|Moonlight|p1a: Clefable
|-heal|p1a: Clefable|88/100
|move|p2a: Clefable|Moonblast|p1a: Clefable
|-damage|p1a: Clefable|59/100
|-unboost|p1a: Clefable|spa|1
|
|-heal|p2a: Clefable|86/100 brn|[from] item: Leftovers
|upkeep
|turn|26
|inactive|alh3n has 150 seconds left.
|
|t:|1760883677
|switch|p1a: Gholdengo|Gholdengo|56/100
|-damage|p1a: Gholdengo|44/100|[from] Spikes
|-damage|p1a: Gholdengo|38/100|[from] Stealth Rock
|move|p2a: Clefable|Moonblast|p1a: Gholdengo
|-resisted|p1a: Gholdengo
|-damage|p1a: Gholdengo|20/100
|-unboost|p1a: Gholdengo|spa|1
|
|-heal|p2a: Clefable|92/100 brn|[from] item: Leftovers
|upkeep
|turn|27
|
|t:|1760883686
|switch|p2a: Ting-Lu|Ting-Lu|37/100
|-damage|p2a: Ting-Lu|31/100|[from] Stealth Rock
|-damage|p2a: Ting-Lu|18/100|[from] Spikes
|-ability|p2a: Ting-Lu|Vessel of Ruin
|move|p1a: Gholdengo|Recover|p1a: Gholdengo
|-heal|p1a: Gholdengo|71/100
|
|upkeep
|turn|28
|inactive|alh3n has 150 seconds left.
|
|t:|1760883697
|switch|p1a: Clefable|Clefable, F|59/100
|switch|p2a: Clefable|Clefable, F|92/100 brn
|
|-heal|p2a: Clefable|98/100 brn|[from] item: Leftovers
|upkeep
|turn|29
|
|t:|1760883704
|switch|p1a: Gholdengo|Gholdengo|71/100
|-damage|p1a: Gholdengo|58/100|[from] Spikes
|-damage|p1a: Gholdengo|52/100|[from] Stealth Rock
|move|p2a: Clefable|Calm Mind|p2a: Clefable
|-boost|p2a: Clefable|spa|1
|-boost|p2a: Clefable|spd|1
|
|-heal|p2a: Clefable|100/100 brn|[from] item: Leftovers
|upkeep
|turn|30
|
|t:|1760883715
|switch|p2a: Dragonite|Dragonite, F|100/100
|move|p1a: Gholdengo|Recover|p1a: Gholdengo
|-heal|p1a: Gholdengo|100/100
|
|upkeep
|turn|31
|inactive|alh3n has 150 seconds left.
|inactive|Separation has 180 seconds left.
|
|t:|1760883758
|switch|p1a: Moltres|Moltres|100/100
|move|p2a: Dragonite|Dragon Dance|p2a: Dragonite
|-boost|p2a: Dragonite|atk|1
|-boost|p2a: Dragonite|spe|1
|
|upkeep
|turn|32
|
|t:|1760883762
|switch|p2a: Clefable|Clefable, F|100/100 brn
|switch|p1a: Ting-Lu|Ting-Lu|72/100
|-ability|p1a: Ting-Lu|Vessel of Ruin
|
|upkeep
|turn|33
|
|t:|1760883769
|switch|p1a: Gholdengo|Gholdengo|100/100
|-damage|p1a: Gholdengo|88/100|[from] Spikes
|-damage|p1a: Gholdengo|82/100|[from] Stealth Rock
|move|p2a: Clefable|Calm Mind|p2a: Clefable
|-boost|p2a: Clefable|spa|1
|-boost|p2a: Clefable|spd|1
|
|upkeep
|turn|34
|
|t:|1760883786
|switch|p2a: Dragonite|Dragonite, F|100/100
|move|p1a: Gholdengo|Make It Rain|p2a: Dragonite
|-damage|p2a: Dragonite|69/100
|-unboost|p1a: Gholdengo|spa|1
|
|upkeep
|turn|35
|
|t:|1760883795
|switch|p1a: Moltres|Moltres|100/100
|move|p2a: Dragonite|Roost|p2a: Dragonite
|-heal|p2a: Dragonite|100/100
|-singleturn|p2a: Dragonite|move: Roost
|
|upkeep
|turn|36
|
|t:|1760883801
|switch|p2a: Clefable|Clefable, F|100/100 brn
|switch|p1a: Gliscor|Gliscor, F|63/100 tox
|-damage|p1a: Gliscor|50/100 tox|[from] Stealth Rock
|
|-heal|p1a: Gliscor|63/100 tox|[from] ability: Poison Heal
|upkeep
|turn|37
|inactive|alh3n has 180 seconds left.
|
|t:|1760883818
|switch|p2a: Meowscarada|Meowscarada, F|54/100
|move|p1a: Gliscor|Knock Off|p2a: Meowscarada
|-resisted|p2a: Meowscarada
|-crit|p2a: Meowscarada
|-damage|p2a: Meowscarada|32/100
|-enditem|p2a: Meowscarada|Heavy-Duty Boots|[from] move: Knock Off|[of] p1a: Gliscor
|
|-heal|p1a: Gliscor|75/100 tox|[from] ability: Poison Heal
|upkeep
|turn|38
|inactive|alh3n has 180 seconds left.
|
|t:|1760883832
|move|p2a: Meowscarada|Triple Axel|p1a: Gliscor
|-start|p2a: Meowscarada|typechange|Ice|[from] ability: Protean
|-supereffective|p1a: Gliscor
|-damage|p1a: Gliscor|41/100 tox
|-supereffective|p1a: Gliscor
|-damage|p1a: Gliscor|0 fnt
|faint|p1a: Gliscor
|-hitcount|p1: Gliscor|2
|
|upkeep
|inactive|alh3n has 150 seconds left.
|
|t:|1760883885
|switch|p1a: Dragonite|Dragonite, M|74/100
|turn|39
|inactive|Separation has 180 seconds left.
|
|t:|1760883919
|switch|p2a: Gholdengo|Gholdengo|53/100
|-damage|p2a: Gholdengo|47/100|[from] Stealth Rock
|-damage|p2a: Gholdengo|35/100|[from] Spikes
|switch|p1a: Gholdengo|Gholdengo|82/100
|-damage|p1a: Gholdengo|70/100|[from] Spikes
|-damage|p1a: Gholdengo|64/100|[from] Stealth Rock
|
|upkeep
|turn|40
|inactive|Separation has 180 seconds left.
|inactive|alh3n has 120 seconds left.
|
|t:|1760883953
|switch|p1a: Ting-Lu|Ting-Lu|72/100
|-ability|p1a: Ting-Lu|Vessel of Ruin
|switch|p2a: Dragonite|Dragonite, F|100/100
|
|upkeep
|turn|41
|
|t:|1760883960
|move|p2a: Dragonite|Dragon Dance|p2a: Dragonite
|-boost|p2a: Dragonite|atk|1
|-boost|p2a: Dragonite|spe|1
|move|p1a: Ting-Lu|Spikes|p2a: Dragonite
|-sidestart|p2: Separation|Spikes
|
|upkeep
|turn|42
|
|t:|1760883967
|switch|p1a: Moltres|Moltres|100/100
|move|p2a: Dragonite|Earthquake|p1a: Moltres
|-immune|p1a: Moltres
|
|upkeep
|turn|43
|
|t:|1760883986
|switch|p1a: Gholdengo|Gholdengo|64/100
|-damage|p1a: Gholdengo|51/100|[from] Spikes
|-damage|p1a: Gholdengo|45/100|[from] Stealth Rock
|move|p2a: Dragonite|Dragon Dance|p2a: Dragonite
|-boost|p2a: Dragonite|atk|1
|-boost|p2a: Dragonite|spe|1
|
|upkeep
|turn|44
|inactive|alh3n has 120 seconds left.
|inactive|Separation has 150 seconds left.
|
|t:|1760884021
|switch|p1a: Moltres|Moltres|100/100
|move|p2a: Dragonite|Dragon Dance|p2a: Dragonite
|-boost|p2a: Dragonite|atk|1
|-boost|p2a: Dragonite|spe|1
|
|upkeep
|turn|45
|inactive|Separation has 150 seconds left.
|inactive|alh3n has 120 seconds left.
|
|t:|1760884051
|switch|p2a: Clefable|Clefable, F|100/100 brn
|move|p1a: Moltres|Roar|p2a: Clefable
|drag|p2a: Zamazenta|Zamazenta|100/100
|-ability|p2a: Zamazenta|Dauntless Shield|boost
|-boost|p2a: Zamazenta|def|1
|
|upkeep
|turn|46
|
|t:|1760884070
|switch|p1a: Ting-Lu|Ting-Lu|72/100
|-ability|p1a: Ting-Lu|Vessel of Ruin
|move|p2a: Zamazenta|Heavy Slam|p1a: Ting-Lu
|-damage|p1a: Ting-Lu|66/100
|
|upkeep
|turn|47
|
|t:|1760884098
|switch|p2a: Clefable|Clefable, F|100/100 brn
|switch|p1a: Moltres|Moltres|100/100
|
|upkeep
|turn|48
|inactive|alh3n has 90 seconds left.
|
|t:|1760884117
|switch|p1a: Gholdengo|Gholdengo|45/100
|-damage|p1a: Gholdengo|33/100|[from] Spikes
|-damage|p1a: Gholdengo|27/100|[from] Stealth Rock
|move|p2a: Clefable|Knock Off|p1a: Gholdengo
|-supereffective|p1a: Gholdengo
|-damage|p1a: Gholdengo|11/100
|-enditem|p1a: Gholdengo|Choice Scarf|[from] move: Knock Off|[of] p2a: Clefable
|
|upkeep
|turn|49
|
|t:|1760884126
|switch|p2a: Meowscarada|Meowscarada, F|32/100
|-damage|p2a: Meowscarada|19/100|[from] Stealth Rock
|-damage|p2a: Meowscarada|3/100|[from] Spikes
|move|p1a: Gholdengo|Recover|p1a: Gholdengo
|-heal|p1a: Gholdengo|61/100
|
|upkeep
|turn|50
|inactive|alh3n has 90 seconds left.
|inactive|alh3n has 60 seconds left.
|
|t:|1760884195
|switch|p1a: Clefable|Clefable, F|59/100
|move|p2a: Meowscarada|Triple Axel|p1a: Clefable
|-start|p2a: Meowscarada|typechange|Ice|[from] ability: Protean
|-damage|p1a: Clefable|52/100
|-damage|p1a: Clefable|37/100
|-damage|p1a: Clefable|14/100
|-hitcount|p1a: Clefable|3
|
|upkeep
|turn|51
|
|t:|1760884216
|switch|p1a: Moltres|Moltres|100/100
|move|p2a: Meowscarada|Spikes|p1a: Moltres
|-sidestart|p1: alh3n|Spikes
|
|upkeep
|turn|52
|inactive|alh3n has 30 seconds left.
|
|t:|1760884244
|switch|p1a: Clefable|Clefable, F|14/100
|move|p2a: Meowscarada|Knock Off|p1a: Clefable
|-resisted|p1a: Clefable
|-damage|p1a: Clefable|6/100
|
|upkeep
|turn|53
|
|t:|1760884249
|move|p2a: Meowscarada|Knock Off|p1a: Clefable
|-resisted|p1a: Clefable
|-damage|p1a: Clefable|0 fnt
|faint|p1a: Clefable
|
|upkeep
|
|t:|1760884251
|switch|p1a: Dragonite|Dragonite, M|74/100
|turn|54
|inactive|Separation has 150 seconds left.
|inactive|Separation has 120 seconds left.
|inactive|Separation has 90 seconds left.
|
|t:|1760884328
|move|p1a: Dragonite|Extreme Speed|p2a: Meowscarada
|-crit|p2a: Meowscarada
|-damage|p2a: Meowscarada|0 fnt
|faint|p2a: Meowscarada
|
|upkeep
|
|t:|1760884340
|switch|p2a: Clefable|Clefable, F|100/100 brn
|turn|55
|inactive|alh3n has 60 seconds left.
|
|t:|1760884355
|switch|p1a: Gholdengo|Gholdengo|61/100
|-damage|p1a: Gholdengo|44/100|[from] Spikes
|-damage|p1a: Gholdengo|38/100|[from] Stealth Rock
|move|p2a: Clefable|Calm Mind|p2a: Clefable
|-boost|p2a: Clefable|spa|1
|-boost|p2a: Clefable|spd|1
|
|upkeep
|turn|56
|inactive|Separation has 90 seconds left.
|
|t:|1760884374
|-terastallize|p2a: Clefable|Water
|move|p1a: Gholdengo|Recover|p1a: Gholdengo
|-heal|p1a: Gholdengo|88/100
|move|p2a: Clefable|Calm Mind|p2a: Clefable
|-boost|p2a: Clefable|spa|1
|-boost|p2a: Clefable|spd|1
|
|upkeep
|turn|57
|
|t:|1760884384
|move|p1a: Gholdengo|Trick|p2a: Clefable
|-activate|p1a: Gholdengo|move: Trick|[of] p2a: Clefable
|-enditem|p2a: Clefable|Leftovers|[silent]|[from] move: Trick
|-item|p1a: Gholdengo|Leftovers|[from] move: Trick
|move|p2a: Clefable|Moonblast|p1a: Gholdengo
|-resisted|p1a: Gholdengo
|-damage|p1a: Gholdengo|51/100
|
|-heal|p1a: Gholdengo|57/100|[from] item: Leftovers
|upkeep
|turn|58
|inactive|Separation has 90 seconds left.
|
|t:|1760884395
|switch|p1a: Moltres|Moltres|100/100
|move|p2a: Clefable|Moonblast|p1a: Moltres
|-resisted|p1a: Moltres
|-damage|p1a: Moltres|71/100
|-unboost|p1a: Moltres|spa|1
|
|upkeep
|turn|59
|
|t:|1760884409
|move|p2a: Clefable|Knock Off|p1a: Moltres
|-damage|p1a: Moltres|67/100
|-enditem|p1a: Moltres|Heavy-Duty Boots|[from] move: Knock Off|[of] p2a: Clefable
|move|p1a: Moltres|Roar|p2a: Clefable
|drag|p2a: Ting-Lu|Ting-Lu|18/100
|-damage|p2a: Ting-Lu|12/100|[from] Stealth Rock
|-damage|p2a: Ting-Lu|0 fnt|[from] Spikes
|faint|p2a: Ting-Lu
|
|upkeep
|inactive|Separation has 90 seconds left.
|
|t:|1760884424
|switch|p2a: Zamazenta|Zamazenta|100/100
|turn|60
|inactive|alh3n has 60 seconds left.
|inactive|alh3n has 30 seconds left.
|inactive|alh3n has 20 seconds left.
|
|t:|1760884486
|-terastallize|p1a: Moltres|Grass
|move|p1a: Moltres|Will-O-Wisp|p2a: Zamazenta
|-status|p2a: Zamazenta|brn
|move|p2a: Zamazenta|Roar|p1a: Moltres
|drag|p1a: Ting-Lu|Ting-Lu|66/100
|-ability|p1a: Ting-Lu|Vessel of Ruin
|
|-damage|p2a: Zamazenta|94/100 brn|[from] brn
|upkeep
|turn|61
|inactive|alh3n has 30 seconds left this turn.
|
|t:|1760884496
|switch|p1a: Dragonite|Dragonite, M|74/100
|move|p2a: Zamazenta|Close Combat|p1a: Dragonite
|-resisted|p1a: Dragonite
|-damage|p1a: Dragonite|60/100
|-unboost|p2a: Zamazenta|def|1
|-unboost|p2a: Zamazenta|spd|1
|
|-damage|p2a: Zamazenta|88/100 brn|[from] brn
|upkeep
|turn|62
|
|t:|1760884507
|switch|p2a: Clefable|Clefable, F, tera:Water|100/100 brn
|move|p1a: Dragonite|Roost|p1a: Dragonite
|-heal|p1a: Dragonite|100/100
|-singleturn|p1a: Dragonite|move: Roost
|
|upkeep
|turn|63
|
|t:|1760884516
|move|p2a: Clefable|Moonblast|p1a: Dragonite
|-supereffective|p1a: Dragonite
|-damage|p1a: Dragonite|74/100
|move|p1a: Dragonite|Dragon Tail|p2a: Clefable
|-damage|p2a: Clefable|73/100 brn
|drag|p2a: Gholdengo|Gholdengo|35/100
|-damage|p2a: Gholdengo|29/100|[from] Stealth Rock
|-damage|p2a: Gholdengo|12/100|[from] Spikes
|
|upkeep
|turn|64
|
|t:|1760884526
|switch|p1a: Gholdengo|Gholdengo|57/100
|-damage|p1a: Gholdengo|40/100|[from] Spikes
|-damage|p1a: Gholdengo|34/100|[from] Stealth Rock
|move|p2a: Gholdengo|Shadow Ball|p1a: Gholdengo
|-supereffective|p1a: Gholdengo
|-damage|p1a: Gholdengo|0 fnt
|faint|p1a: Gholdengo
|
|upkeep
|
|t:|1760884534
|switch|p1a: Ting-Lu|Ting-Lu|66/100
|-ability|p1a: Ting-Lu|Vessel of Ruin
|turn|65
|inactive|Separation has 120 seconds left.
|
|t:|1760884545
|move|p2a: Gholdengo|Shadow Ball|p1a: Ting-Lu
|-resisted|p1a: Ting-Lu
|-damage|p1a: Ting-Lu|56/100
|-unboost|p1a: Ting-Lu|spd|1
|move|p1a: Ting-Lu|Earthquake|p2a: Gholdengo
|-supereffective|p2a: Gholdengo
|-damage|p2a: Gholdengo|0 fnt
|faint|p2a: Gholdengo
|
|upkeep
|inactive|Separation has 120 seconds left.
|
|t:|1760884554
|switch|p2a: Dragonite|Dragonite, F|100/100
|turn|66
|inactive|Separation has 120 seconds left.
|
|t:|1760884571
|move|p2a: Dragonite|Earthquake|p1a: Ting-Lu
|-damage|p1a: Ting-Lu|36/100
|move|p1a: Ting-Lu|Whirlwind|p2a: Dragonite
|drag|p2a: Zamazenta|Zamazenta|88/100 brn
|
|-damage|p2a: Zamazenta|82/100 brn|[from] brn
|upkeep
|turn|67
|inactive|alh3n has 60 seconds left.
|
|t:|1760884584
|switch|p1a: Dragonite|Dragonite, M|74/100
|move|p2a: Zamazenta|Close Combat|p1a: Dragonite
|-resisted|p1a: Dragonite
|-damage|p1a: Dragonite|60/100
|-unboost|p2a: Zamazenta|def|1
|-unboost|p2a: Zamazenta|spd|1
|
|-damage|p2a: Zamazenta|76/100 brn|[from] brn
|upkeep
|turn|68
|inactive|alh3n has 60 seconds left.
|
|t:|1760884589
|switch|p2a: Dragonite|Dragonite, F|100/100
|move|p1a: Dragonite|Roost|p1a: Dragonite
|-heal|p1a: Dragonite|100/100
|-singleturn|p1a: Dragonite|move: Roost
|
|upkeep
|turn|69
|
|t:|1760884594
|move|p2a: Dragonite|Extreme Speed|p1a: Dragonite
|-damage|p1a: Dragonite|87/100
|move|p1a: Dragonite|Dragon Tail|p2a: Dragonite
|-supereffective|p2a: Dragonite
|-damage|p2a: Dragonite|66/100
|drag|p2a: Zamazenta|Zamazenta|76/100 brn
|
|-damage|p2a: Zamazenta|70/100 brn|[from] brn
|upkeep
|turn|70
|
|t:|1760884605
|move|p2a: Zamazenta|Crunch|p1a: Dragonite
|-damage|p1a: Dragonite|74/100
|move|p1a: Dragonite|Earthquake|p2a: Zamazenta
|-damage|p2a: Zamazenta|38/100 brn
|
|-damage|p2a: Zamazenta|32/100 brn|[from] brn
|upkeep
|turn|71
|
|t:|1760884616
|move|p2a: Zamazenta|Crunch|p1a: Dragonite
|-damage|p1a: Dragonite|62/100
|-unboost|p1a: Dragonite|def|1
|move|p1a: Dragonite|Roost|p1a: Dragonite
|-heal|p1a: Dragonite|100/100
|-singleturn|p1a: Dragonite|move: Roost
|
|-damage|p2a: Zamazenta|26/100 brn|[from] brn
|upkeep
|turn|72
|inactive|alh3n has 60 seconds left.
|
|t:|1760884658
|move|p1a: Dragonite|Extreme Speed|p2a: Zamazenta
|-damage|p2a: Zamazenta|0 fnt
|faint|p2a: Zamazenta
|
|upkeep
|
|t:|1760884661
|switch|p2a: Dragonite|Dragonite, F|66/100
|turn|73
|inactive|alh3n has 30 seconds left.
|inactive|alh3n has 20 seconds left.
|inactive|alh3n has 15 seconds left.
|inactive|alh3n has 10 seconds left.
|
|t:|1760884708
|move|p2a: Dragonite|Extreme Speed|p1a: Dragonite
|-damage|p1a: Dragonite|78/100
|move|p1a: Dragonite|Dragon Tail|p2a: Dragonite|[miss]
|-miss|p1a: Dragonite|p2a: Dragonite
|
|upkeep
|turn|74
|inactive|alh3n has 20 seconds left this turn.
|
|t:|1760884719
|move|p2a: Dragonite|Dragon Dance|p2a: Dragonite
|-boost|p2a: Dragonite|atk|1
|-boost|p2a: Dragonite|spe|1
|move|p1a: Dragonite|Roost|p1a: Dragonite
|-heal|p1a: Dragonite|100/100
|-singleturn|p1a: Dragonite|move: Roost
|
|upkeep
|turn|75
|inactive|alh3n has 30 seconds left this turn.
|
|t:|1760884721
|move|p2a: Dragonite|Extreme Speed|p1a: Dragonite
|-damage|p1a: Dragonite|71/100
|move|p1a: Dragonite|Dragon Tail|p2a: Dragonite
|-supereffective|p2a: Dragonite
|-damage|p2a: Dragonite|0 fnt
|faint|p2a: Dragonite
|
|upkeep
|
|t:|1760884724
|switch|p2a: Clefable|Clefable, F, tera:Water|73/100 brn
|turn|76
|
|t:|1760884730
|move|p1a: Dragonite|Earthquake|p2a: Clefable
|-damage|p2a: Clefable|45/100 brn
|move|p2a: Clefable|Moonlight|p2a: Clefable
|-heal|p2a: Clefable|94/100 brn
|
|upkeep
|turn|77
|
|t:|1760884736
|move|p1a: Dragonite|Earthquake|p2a: Clefable
|-damage|p2a: Clefable|67/100 brn
|move|p2a: Clefable|Calm Mind|p2a: Clefable
|-boost|p2a: Clefable|spa|1
|-boost|p2a: Clefable|spd|1
|
|upkeep
|turn|78
|
|t:|1760884750
|move|p1a: Dragonite|Earthquake|p2a: Clefable
|-damage|p2a: Clefable|35/100 brn
|move|p2a: Clefable|Moonblast|p1a: Dragonite
|-supereffective|p1a: Dragonite
|-damage|p1a: Dragonite|0 fnt
|faint|p1a: Dragonite
|
|upkeep
|
|t:|1760884759
|switch|p1a: Moltres|Moltres, tera:Grass|67/100
|-damage|p1a: Moltres|50/100|[from] Spikes
|-damage|p1a: Moltres|38/100|[from] Stealth Rock
|turn|79
|
|t:|1760884762
|move|p1a: Moltres|Flamethrower|p2a: Clefable
|-resisted|p2a: Clefable
|-damage|p2a: Clefable|23/100 brn
|move|p2a: Clefable|Moonlight|p2a: Clefable
|-heal|p2a: Clefable|73/100 brn
|
|upkeep
|turn|80
|
|t:|1760884769
|move|p1a: Moltres|Flamethrower|p2a: Clefable
|-resisted|p2a: Clefable
|-damage|p2a: Clefable|61/100 brn
|move|p2a: Clefable|Moonblast|p1a: Moltres
|-damage|p1a: Moltres|0 fnt
|faint|p1a: Moltres
|
|upkeep
|
|t:|1760884771
|switch|p1a: Ting-Lu|Ting-Lu|36/100
|-ability|p1a: Ting-Lu|Vessel of Ruin
|turn|81
|
|t:|1760884773
|move|p2a: Clefable|Moonblast|p1a: Ting-Lu
|-supereffective|p1a: Ting-Lu
|-damage|p1a: Ting-Lu|0 fnt
|faint|p1a: Ting-Lu
|
|win|Separation
|c|☆Separation|gg
|c|☆alh3n|gg
|player|p1|
