|j|☆HippyDippydanger
|j|‽5542mnn
|t:|1760792290
|gametype|singles
|player|p1|HippyDippydanger|janitor|1000
|player|p2|5542mnn|depotagent|1025
|gen|9
|tier|[Gen 9] OU
|rated|
|rule|HP Percentage Mod: HP is shown in percentages
|rule|Endless Battle Clause: Forcing endless battles is banned
|rule|Species Clause: Limit one of each Pokémon
|rule|OHKO Clause: OHKO moves are banned
|rule|Evasion Items Clause: Evasion items are banned
|rule|Evasion Moves Clause: Evasion moves are banned
|rule|Evasion Abilities Clause: Evasion abilities are banned
|rule|Sleep Moves Clause: Sleep-inducing moves are banned
|clearpoke
|poke|p1|Chimecho, F|
|poke|p1|Kleavor, M|
|poke|p1|Scream Tail|
|poke|p1|Gligar, M|
|poke|p1|Grumpig, M|
|poke|p1|Hypno, M|
|poke|p2|Raging Bolt|
|poke|p2|Iron Treads|
|poke|p2|Ting-Lu|
|poke|p2|Gholdengo|
|poke|p2|Zamazenta-*|
|poke|p2|Tornadus-Therian, M|
|teampreview
|
|t:|1760792306
|teamsize|p1|6
|teamsize|p2|6
|start
|switch|p1a: Go to bed|Hypno, M|100/100
|switch|p2a: Gholdengo|Gholdengo|100/100
|-item|p2a: Gholdengo|Air Balloon
|turn|1
|
|t:|1760792324
|-terastallize|p1a: Go to bed|Fighting
|move|p2a: Gholdengo|Nasty Plot|p2a: Gholdengo
|-boost|p2a: Gholdengo|spa|2
|move|p1a: Go to bed|Curse|p1a: Go to bed
|-unboost|p1a: Go to bed|spe|1
|-boost|p1a: Go to bed|atk|1
|-boost|p1a: Go to bed|def|1
|
|upkeep
|turn|2
|
|t:|1760792336
|move|p2a: Gholdengo|Shadow Ball|p1a: Go to bed
|-damage|p1a: Go to bed|40/100
|move|p1a: Go to bed|Knock Off|p2a: Gholdengo
|-supereffective|p2a: Gholdengo
|-damage|p2a: Gholdengo|51/100
|-enditem|p2a: Gholdengo|Air Balloon
|
|-heal|p1a: Go to bed|46/100|[from] item: Leftovers
|upkeep
|turn|3
|
|t:|1760792353
|switch|p1a: Glibby|Gligar, M|100/100
|move|p2a: Gholdengo|Make It Rain|p1a: Glibby
|-damage|p1a: Glibby|10/100
|-unboost|p2a: Gholdengo|spa|1
|
|upkeep
|turn|4
|
|t:|1760792375
|move|p2a: Gholdengo|Make It Rain|p1a: Glibby
|-damage|p1a: Glibby|0 fnt
|-unboost|p2a: Gholdengo|spa|1
|faint|p1a: Glibby
|
|upkeep
|inactive|Battle timer is ON: inactive players will automatically lose when time's up. (requested by 5542mnn)
|
|t:|1760792381
|switch|p1a: Even older head|Kleavor, M|100/100
|turn|5
|
|t:|1760792387
|move|p2a: Gholdengo|Recover|p2a: Gholdengo
|-heal|p2a: Gholdengo|100/100
|move|p1a: Even older head|Night Slash|p2a: Gholdengo
|-supereffective|p2a: Gholdengo
|-damage|p2a: Gholdengo|45/100
|
|upkeep
|turn|6
|
|t:|1760792398
|move|p2a: Gholdengo|Make It Rain|p1a: Even older head
|-supereffective|p1a: Even older head
|-damage|p1a: Even older head|0 fnt
|-unboost|p2a: Gholdengo|spa|1
|faint|p1a: Even older head
|
|upkeep
|
|t:|1760792410
|switch|p1a: Jumpig|Grumpig, M|100/100
|turn|7
|
|t:|1760792421
|move|p2a: Gholdengo|Make It Rain|p1a: Jumpig
|-damage|p1a: Jumpig|66/100
|-unboost|p2a: Gholdengo|spa|1
|move|p1a: Jumpig|Metronome|p1a: Jumpig
|move|p1a: Jumpig|Boomburst|p2a: Gholdengo|[from] move: Metronome
|-immune|p2a: Gholdengo
|
|upkeep
|turn|8
|
|t:|1760792434
|move|p2a: Gholdengo|Shadow Ball|p1a: Jumpig
|-supereffective|p1a: Jumpig
|-damage|p1a: Jumpig|33/100
|-unboost|p1a: Jumpig|spd|1
|-enditem|p1a: Jumpig|Salac Berry|[eat]
|-boost|p1a: Jumpig|spe|1|[from] item: Salac Berry
|move|p1a: Jumpig|Metronome|p1a: Jumpig
|move|p1a: Jumpig|Terrain Pulse|p2a: Gholdengo|[from] move: Metronome
|-immune|p2a: Gholdengo
|
|upkeep
|turn|9
|
|t:|1760792446
|move|p2a: Gholdengo|Shadow Ball|p1a: Jumpig
|-supereffective|p1a: Jumpig
|-damage|p1a: Jumpig|0 fnt
|faint|p1a: Jumpig
|
|upkeep
|
|t:|1760792459
|switch|p1a: Windy|Chimecho, F|100/100
|turn|10
|
|t:|1760792463
|move|p2a: Gholdengo|Recover|p2a: Gholdengo
|-heal|p2a: Gholdengo|95/100
|move|p1a: Windy|Cosmic Power|p1a: Windy
|-boost|p1a: Windy|def|1
|-boost|p1a: Windy|spd|1
|
|upkeep
|turn|11
|
|t:|1760792475
|move|p2a: Gholdengo|Shadow Ball|p1a: Windy
|-supereffective|p1a: Windy
|-damage|p1a: Windy|73/100
|move|p1a: Windy|Cosmic Power|p1a: Windy
|-boost|p1a: Windy|def|1
|-boost|p1a: Windy|spd|1
|
|-heal|p1a: Windy|80/100|[from] item: Leftovers
|upkeep
|turn|12
|
|t:|1760792484
|move|p2a: Gholdengo|Nasty Plot|p2a: Gholdengo
|-boost|p2a: Gholdengo|spa|2
|move|p1a: Windy|Wish|p1a: Windy
|
|-heal|p1a: Windy|86/100|[from] item: Leftovers
|upkeep
|turn|13
|
|t:|1760792499
|move|p2a: Gholdengo|Make It Rain|p1a: Windy
|-damage|p1a: Windy|55/100
|-unboost|p2a: Gholdengo|spa|1
|move|p1a: Windy|Cosmic Power|p1a: Windy
|-boost|p1a: Windy|def|1
|-boost|p1a: Windy|spd|1
|
|-heal|p1a: Windy|100/100|[from] move: Wish|[wisher] Windy
|upkeep
|turn|14
|
|t:|1760792511
|move|p2a: Gholdengo|Make It Rain|p1a: Windy
|-damage|p1a: Windy|86/100
|-unboost|p2a: Gholdengo|spa|1
|move|p1a: Windy|Cosmic Power|p1a: Windy
|-boost|p1a: Windy|def|1
|-boost|p1a: Windy|spd|1
|
|-heal|p1a: Windy|92/100|[from] item: Leftovers
|upkeep
|turn|15
|
|t:|1760792521
|move|p2a: Gholdengo|Nasty Plot|p2a: Gholdengo
|-boost|p2a: Gholdengo|spa|2
|move|p1a: Windy|Cosmic Power|p1a: Windy
|-boost|p1a: Windy|def|1
|-boost|p1a: Windy|spd|1
|
|-heal|p1a: Windy|98/100|[from] item: Leftovers
|upkeep
|turn|16
|
|t:|1760792531
|move|p2a: Gholdengo|Nasty Plot|p2a: Gholdengo
|-boost|p2a: Gholdengo|spa|2
|move|p1a: Windy|Cosmic Power|p1a: Windy
|-boost|p1a: Windy|def|1
|-boost|p1a: Windy|spd|1
|
|-heal|p1a: Windy|100/100|[from] item: Leftovers
|upkeep
|turn|17
|
|t:|1760792540
|move|p2a: Gholdengo|Shadow Ball|p1a: Windy
|-supereffective|p1a: Windy
|-damage|p1a: Windy|60/100
|move|p1a: Windy|Stored Power|p2a: Gholdengo
|-resisted|p2a: Gholdengo
|-crit|p2a: Gholdengo
|-damage|p2a: Gholdengo|29/100
|
|-heal|p1a: Windy|66/100|[from] item: Leftovers
|upkeep
|turn|18
|
|t:|1760792550
|move|p2a: Gholdengo|Shadow Ball|p1a: Windy
|-supereffective|p1a: Windy
|-damage|p1a: Windy|30/100
|move|p1a: Windy|Wish|p1a: Windy
|
|-heal|p1a: Windy|36/100|[from] item: Leftovers
|upkeep
|turn|19
|
|t:|1760792559
|move|p2a: Gholdengo|Recover|p2a: Gholdengo
|-heal|p2a: Gholdengo|79/100
|move|p1a: Windy|Stored Power|p2a: Gholdengo
|-resisted|p2a: Gholdengo
|-damage|p2a: Gholdengo|39/100
|
|-heal|p1a: Windy|86/100|[from] move: Wish|[wisher] Windy
|-heal|p1a: Windy|92/100|[from] item: Leftovers
|upkeep
|turn|20
|
|t:|1760792569
|move|p2a: Gholdengo|Make It Rain|p1a: Windy
|-damage|p1a: Windy|62/100
|-unboost|p2a: Gholdengo|spa|1
|move|p1a: Windy|Stored Power|p2a: Gholdengo
|-resisted|p2a: Gholdengo
|-damage|p2a: Gholdengo|0 fnt
|faint|p2a: Gholdengo
|
|-heal|p1a: Windy|69/100|[from] item: Leftovers
|upkeep
|inactive|5542mnn has 120 seconds left.
|
|t:|1760792595
|switch|p2a: Raging Bolt|Raging Bolt|100/100
|-enditem|p2a: Raging Bolt|Booster Energy
|-activate|p2a: Raging Bolt|ability: Protosynthesis|[fromitem]
|-start|p2a: Raging Bolt|protosynthesisspa
|turn|21
|inactive|5542mnn has 120 seconds left.
|
|t:|1760792609
|move|p2a: Raging Bolt|Calm Mind|p2a: Raging Bolt
|-boost|p2a: Raging Bolt|spa|1
|-boost|p2a: Raging Bolt|spd|1
|move|p1a: Windy|Stored Power|p2a: Raging Bolt
|-damage|p2a: Raging Bolt|55/100
|
|-heal|p1a: Windy|75/100|[from] item: Leftovers
|upkeep
|turn|22
|inactive|5542mnn has 120 seconds left.
|
|t:|1760792632
|-terastallize|p2a: Raging Bolt|Fairy
|move|p2a: Raging Bolt|Thunderbolt|p1a: Windy
|-damage|p1a: Windy|52/100
|move|p1a: Windy|Stored Power|p2a: Raging Bolt
|-damage|p2a: Raging Bolt|10/100
|
|-heal|p1a: Windy|58/100|[from] item: Leftovers
|upkeep
|turn|23
|
|t:|1760792645
|move|p2a: Raging Bolt|Thunderbolt|p1a: Windy
|-damage|p1a: Windy|36/100
|move|p1a: Windy|Wish|p1a: Windy
|
|-heal|p1a: Windy|42/100|[from] item: Leftovers
|upkeep
|turn|24
|inactive|5542mnn has 120 seconds left.
|
|t:|1760792659
|move|p2a: Raging Bolt|Thunderbolt|p1a: Windy
|-damage|p1a: Windy|18/100
|-status|p1a: Windy|par
|cant|p1a: Windy|par
|
|-heal|p1a: Windy|68/100 par|[from] move: Wish|[wisher] Windy
|-heal|p1a: Windy|74/100 par|[from] item: Leftovers
|upkeep
|turn|25
|inactive|5542mnn has 120 seconds left.
|
|t:|1760792670
|move|p2a: Raging Bolt|Calm Mind|p2a: Raging Bolt
|-boost|p2a: Raging Bolt|spa|1
|-boost|p2a: Raging Bolt|spd|1
|move|p1a: Windy|Stored Power|p2a: Raging Bolt
|-damage|p2a: Raging Bolt|0 fnt
|faint|p2a: Raging Bolt
|-end|p2a: Raging Bolt|Protosynthesis|[silent]
|
|-heal|p1a: Windy|80/100 par|[from] item: Leftovers
|upkeep
|
|t:|1760792687
|switch|p2a: Ting-Lu|Ting-Lu|100/100
|-ability|p2a: Ting-Lu|Vessel of Ruin
|turn|26
|
|t:|1760792695
|move|p2a: Ting-Lu|Payback|p1a: Windy
|-supereffective|p1a: Windy
|-damage|p1a: Windy|70/100 par
|cant|p1a: Windy|par
|
|-heal|p1a: Windy|76/100 par|[from] item: Leftovers
|upkeep
|turn|27
|
|t:|1760792711
|move|p2a: Ting-Lu|Ruination|p1a: Windy
|-damage|p1a: Windy|39/100 par
|move|p1a: Windy|Heal Bell|p1a: Windy
|-activate|p1a: Windy|move: Heal Bell
|-curestatus|p1a: Windy|par|[msg]
|
|-heal|p1a: Windy|45/100|[from] item: Leftovers
|upkeep
|turn|28
|
|t:|1760792721
|move|p1a: Windy|Wish|p1a: Windy
|move|p2a: Ting-Lu|Earthquake|p1a: Windy
|-immune|p1a: Windy|[from] ability: Levitate
|
|-heal|p1a: Windy|51/100|[from] item: Leftovers
|upkeep
|turn|29
|
|t:|1760792733
|switch|p1a: Go to bed|Hypno, M, tera:Fighting|46/100
|move|p2a: Ting-Lu|Payback|p1a: Go to bed
|-resisted|p1a: Go to bed
|-damage|p1a: Go to bed|36/100
|
|-heal|p1a: Go to bed|84/100|[from] move: Wish|[wisher] Windy
|-heal|p1a: Go to bed|90/100|[from] item: Leftovers
|upkeep
|turn|30
|
|t:|1760792742
|move|p2a: Ting-Lu|Ruination|p1a: Go to bed
|-damage|p1a: Go to bed|45/100
|move|p1a: Go to bed|Curse|p1a: Go to bed
|-unboost|p1a: Go to bed|spe|1
|-boost|p1a: Go to bed|atk|1
|-boost|p1a: Go to bed|def|1
|
|-heal|p1a: Go to bed|51/100|[from] item: Leftovers
|upkeep
|turn|31
|
|t:|1760792753
|move|p2a: Ting-Lu|Ruination|p1a: Go to bed
|-damage|p1a: Go to bed|26/100
|move|p1a: Go to bed|Curse|p1a: Go to bed
|-unboost|p1a: Go to bed|spe|1
|-boost|p1a: Go to bed|atk|1
|-boost|p1a: Go to bed|def|1
|
|-heal|p1a: Go to bed|32/100|[from] item: Leftovers
|upkeep
|turn|32
|
|t:|1760792762
|move|p2a: Ting-Lu|Earthquake|p1a: Go to bed
|-damage|p1a: Go to bed|11/100
|move|p1a: Go to bed|Drain Punch|p2a: Ting-Lu
|-supereffective|p2a: Ting-Lu
|-damage|p2a: Ting-Lu|57/100
|-heal|p1a: Go to bed|41/100|[from] drain|[of] p2a: Ting-Lu
|-enditem|p2a: Ting-Lu|Weakness Policy
|-boost|p2a: Ting-Lu|atk|2|[from] item: Weakness Policy
|-boost|p2a: Ting-Lu|spa|2|[from] item: Weakness Policy
|
|-heal|p1a: Go to bed|47/100|[from] item: Leftovers
|upkeep
|turn|33
|inactive|5542mnn has 120 seconds left.
|
|t:|1760792778
|move|p2a: Ting-Lu|Earthquake|p1a: Go to bed
|-damage|p1a: Go to bed|7/100
|move|p1a: Go to bed|Drain Punch|p2a: Ting-Lu
|-supereffective|p2a: Ting-Lu
|-damage|p2a: Ting-Lu|14/100
|-heal|p1a: Go to bed|37/100|[from] drain|[of] p2a: Ting-Lu
|
|-heal|p1a: Go to bed|43/100|[from] item: Leftovers
|upkeep
|turn|34
|inactive|5542mnn has 120 seconds left.
|
|t:|1760792796
|move|p2a: Ting-Lu|Earthquake|p1a: Go to bed
|-damage|p1a: Go to bed|4/100
|move|p1a: Go to bed|Drain Punch|p2a: Ting-Lu
|-supereffective|p2a: Ting-Lu
|-damage|p2a: Ting-Lu|0 fnt
|-heal|p1a: Go to bed|13/100|[from] drain|[of] p2a: Ting-Lu
|faint|p2a: Ting-Lu
|
|-heal|p1a: Go to bed|19/100|[from] item: Leftovers
|upkeep
|
|t:|1760792810
|switch|p2a: Tornadus|Tornadus-Therian, M|100/100
|turn|35
|
|t:|1760792822
|switch|p1a: Jigglypunch|Scream Tail, shiny|100/100
|-enditem|p1a: Jigglypunch|Booster Energy
|-activate|p1a: Jigglypunch|ability: Protosynthesis|[fromitem]
|-start|p1a: Jigglypunch|protosynthesisdef
|move|p2a: Tornadus|Focus Blast|p1a: Jigglypunch|[miss]
|-miss|p2a: Tornadus|p1a: Jigglypunch
|
|upkeep
|turn|36
|
|t:|1760792832
|move|p2a: Tornadus|Nasty Plot|p2a: Tornadus
|-boost|p2a: Tornadus|spa|2
|move|p1a: Jigglypunch|Calm Mind|p1a: Jigglypunch
|-boost|p1a: Jigglypunch|spa|1
|-boost|p1a: Jigglypunch|spd|1
|
|upkeep
|turn|37
|
|t:|1760792839
|move|p2a: Tornadus|Focus Blast|p1a: Jigglypunch
|-resisted|p1a: Jigglypunch
|-damage|p1a: Jigglypunch|89/100
|-damage|p2a: Tornadus|91/100|[from] item: Life Orb
|move|p1a: Jigglypunch|Calm Mind|p1a: Jigglypunch
|-boost|p1a: Jigglypunch|spa|1
|-boost|p1a: Jigglypunch|spd|1
|
|upkeep
|turn|38
|inactive|5542mnn has 120 seconds left.
|
|t:|1760792848
|move|p2a: Tornadus|Nasty Plot|p2a: Tornadus
|-boost|p2a: Tornadus|spa|2
|move|p1a: Jigglypunch|Calm Mind|p1a: Jigglypunch
|-boost|p1a: Jigglypunch|spa|1
|-boost|p1a: Jigglypunch|spd|1
|
|upkeep
|turn|39
|
|t:|1760792856
|move|p2a: Tornadus|Nasty Plot|p2a: Tornadus
|-boost|p2a: Tornadus|spa|2
|move|p1a: Jigglypunch|Calm Mind|p1a: Jigglypunch
|-boost|p1a: Jigglypunch|spa|1
|-boost|p1a: Jigglypunch|spd|1
|
|upkeep
|turn|40
|
|t:|1760792869
|move|p2a: Tornadus|Bleakwind Storm|p1a: Jigglypunch
|-damage|p1a: Jigglypunch|30/100
|-damage|p2a: Tornadus|81/100|[from] item: Life Orb
|move|p1a: Jigglypunch|Stored Power|p2a: Tornadus
|-damage|p2a: Tornadus|0 fnt
|faint|p2a: Tornadus
|
|upkeep
|
|t:|1760792879
|switch|p2a: Zamazenta|Zamazenta|100/100
|-ability|p2a: Zamazenta|Dauntless Shield|boost
|-boost|p2a: Zamazenta|def|1
|turn|41
|inactive|5542mnn has 120 seconds left.
|
|t:|1760792897
|move|p2a: Zamazenta|Body Press|p1a: Jigglypunch
|-resisted|p1a: Jigglypunch
|-damage|p1a: Jigglypunch|23/100
|move|p1a: Jigglypunch|Stored Power|p2a: Zamazenta
|-supereffective|p2a: Zamazenta
|-damage|p2a: Zamazenta|0 fnt
|faint|p2a: Zamazenta
|
|upkeep
|inactive|5542mnn has 120 seconds left.
|
|t:|1760792905
|switch|p2a: Iron Treads|Iron Treads|100/100
|-enditem|p2a: Iron Treads|Booster Energy
|-activate|p2a: Iron Treads|ability: Quark Drive|[fromitem]
|-start|p2a: Iron Treads|quarkdrivespe
|turn|42
|
|t:|1760792915
|move|p2a: Iron Treads|Stone Edge|p1a: Jigglypunch
|-damage|p1a: Jigglypunch|7/100
|move|p1a: Jigglypunch|Wish|p1a: Jigglypunch
|
|upkeep
|turn|43
|
|t:|1760792922
|move|p2a: Iron Treads|Stone Edge|p1a: Jigglypunch
|-damage|p1a: Jigglypunch|0 fnt
|faint|p1a: Jigglypunch
|-end|p1a: Jigglypunch|Protosynthesis|[silent]
|
|upkeep
|
|t:|1760792926
|switch|p1a: Windy|Chimecho, F|51/100
|turn|44
|inactive|5542mnn has 120 seconds left.
|
|t:|1760792952
|move|p2a: Iron Treads|Stone Edge|p1a: Windy
|-damage|p1a: Windy|21/100
|move|p1a: Windy|Wish|p1a: Windy
|
|-heal|p1a: Windy|27/100|[from] item: Leftovers
|upkeep
|turn|45
|
|t:|1760792959
|move|p2a: Iron Treads|Stone Edge|p1a: Windy
|-crit|p1a: Windy
|-damage|p1a: Windy|0 fnt
|faint|p1a: Windy
|
|upkeep
|
|t:|1760792964
|switch|p1a: Go to bed|Hypno, M, tera:Fighting|19/100
|turn|46
|
|t:|1760792968
|move|p2a: Iron Treads|Stone Edge|p1a: Go to bed
|-resisted|p1a: Go to bed
|-damage|p1a: Go to bed|6/100
|move|p1a: Go to bed|Drain Punch|p2a: Iron Treads
|-supereffective|p2a: Iron Treads
|-damage|p2a: Iron Treads|68/100
|-heal|p1a: Go to bed|21/100|[from] drain|[of] p2a: Iron Treads
|
|-heal|p1a: Go to bed|27/100|[from] item: Leftovers
|upkeep
|turn|47
|
|t:|1760792985
|move|p2a: Iron Treads|Ice Spinner|p1a: Go to bed
|-damage|p1a: Go to bed|4/100
|move|p1a: Go to bed|Drain Punch|p2a: Iron Treads
|-supereffective|p2a: Iron Treads
|-damage|p2a: Iron Treads|35/100
|-heal|p1a: Go to bed|19/100|[from] drain|[of] p2a: Iron Treads
|
|-heal|p1a: Go to bed|26/100|[from] item: Leftovers
|upkeep
|turn|48
|
|t:|1760792995
|move|p2a: Iron Treads|Ice Spinner|p1a: Go to bed
|-damage|p1a: Go to bed|4/100
|move|p1a: Go to bed|Drain Punch|p2a: Iron Treads
|-supereffective|p2a: Iron Treads
|-damage|p2a: Iron Treads|0 fnt
|-heal|p1a: Go to bed|19/100|[from] drain|[of] p2a: Iron Treads
|faint|p2a: Iron Treads
|-end|p2a: Iron Treads|Quark Drive|[silent]
|
|win|HippyDippydanger
|raw|HippyDippydanger's rating: 1000 &rarr; <strong>1043</strong><br />(+43 for winning)
|raw|5542mnn's rating: 1025 &rarr; <strong>1010</strong><br />(-15 for losing)
|c|☆HippyDippydanger|gg
