|j|☆cansei de lol
|j|☆Dragondeeznauts
|t:|1760737013
|gametype|singles
|player|p1|cansei de lol|beauty-gen4dp|1234
|player|p2|Dragondeeznauts|1|1246
|gen|9
|tier|[Gen 9] OU
|rated|
|rule|HP Percentage Mod: HP is shown in percentages
|rule|Endless Battle Clause: Forcing endless battles is banned
|rule|Species Clause: Limit one of each Pokémon
|rule|OHKO Clause: OHKO moves are banned
|rule|Evasion Items Clause: Evasion items are banned
|rule|Evasion Moves Clause: Evasion moves are banned
|rule|Evasion Abilities Clause: Evasion abilities are banned
|rule|Sleep Moves Clause: Sleep-inducing moves are banned
|clearpoke
|poke|p1|Charjabug, F|
|poke|p1|Cinccino, M|
|poke|p1|Keldeo-Resolute|
|poke|p1|Corviknight, M|
|poke|p1|Ditto|
|poke|p1|Hawlucha, M|
|poke|p2|Dragonite, F|
|poke|p2|Zamazenta-*|
|poke|p2|Blaziken, F|
|poke|p2|Kyurem|
|poke|p2|Great Tusk|
|poke|p2|Gliscor, F|
|teampreview
|inactive|Battle timer is ON: inactive players will automatically lose when time's up. (requested by Dragondeeznauts)
|
|t:|1760737030
|teamsize|p1|6
|teamsize|p2|6
|start
|switch|p1a: Cinccino|Cinccino, M|100/100
|switch|p2a: Blaziken|Blaziken, F|100/100
|turn|1
|
|t:|1760737034
|-terastallize|p1a: Cinccino|Ghost
|move|p1a: Cinccino|Tidy Up|p1a: Cinccino
|-boost|p1a: Cinccino|atk|1
|-boost|p1a: Cinccino|spe|1
|move|p2a: Blaziken|Close Combat|p1a: Cinccino
|-immune|p1a: Cinccino
|
|-ability|p2a: Blaziken|Speed Boost|boost
|-boost|p2a: Blaziken|spe|1
|upkeep
|turn|2
|
|t:|1760737046
|move|p1a: Cinccino|Tail Slap|p2a: Blaziken
|-damage|p2a: Blaziken|67/100
|-damage|p2a: Blaziken|30/100
|-crit|p2a: Blaziken
|-damage|p2a: Blaziken|0 fnt
|faint|p2a: Blaziken
|-hitcount|p2: Blaziken|3
|
|upkeep
|
|t:|1760737054
|switch|p2a: Zamazenta|Zamazenta|100/100
|-ability|p2a: Zamazenta|Dauntless Shield|boost
|-boost|p2a: Zamazenta|def|1
|turn|3
|
|t:|1760737060
|move|p1a: Cinccino|Tail Slap|p2a: Zamazenta|[miss]
|-miss|p1a: Cinccino|p2a: Zamazenta
|move|p2a: Zamazenta|Roar|p1a: Cinccino
|drag|p1a: Ditto|Ditto|100/100
|-transform|p1a: Ditto|p2a: Zamazenta|[from] ability: Imposter
|-ability|p1a: Ditto|Dauntless Shield|boost
|-boost|p1a: Ditto|def|1
|
|upkeep
|turn|4
|
|t:|1760737065
|move|p1a: Ditto|Reflect|p1a: Ditto
|-sidestart|p1: cansei de lol|Reflect
|move|p2a: Zamazenta|Roar|p1a: Ditto
|drag|p1a: Keldeo|Keldeo-Resolute|100/100
|
|upkeep
|turn|5
|
|t:|1760737068
|move|p2a: Zamazenta|Light Screen|p2a: Zamazenta
|-sidestart|p2: Dragondeeznauts|move: Light Screen
|move|p1a: Keldeo|Surf|p2a: Zamazenta
|-damage|p2a: Zamazenta|81/100
|
|upkeep
|turn|6
|
|t:|1760737072
|move|p2a: Zamazenta|Reflect|p2a: Zamazenta
|-sidestart|p2: Dragondeeznauts|Reflect
|move|p1a: Keldeo|Surf|p2a: Zamazenta
|-damage|p2a: Zamazenta|64/100
|
|upkeep
|turn|7
|
|t:|1760737078
|move|p2a: Zamazenta|Steel Beam|p1a: Keldeo
|-resisted|p1a: Keldeo
|-damage|p1a: Keldeo|85/100
|-damage|p2a: Zamazenta|14/100|[from] steelbeam
|move|p1a: Keldeo|Surf|p2a: Zamazenta
|-damage|p2a: Zamazenta|0 fnt
|faint|p2a: Zamazenta
|
|-heal|p1a: Keldeo|91/100|[from] item: Leftovers
|upkeep
|
|t:|1760737086
|switch|p2a: Dragonite|Dragonite, F|100/100
|turn|8
|
|t:|1760737088
|move|p1a: Keldeo|Surf|p2a: Dragonite
|-resisted|p2a: Dragonite
|-damage|p2a: Dragonite|97/100
|move|p2a: Dragonite|Dragon Dance|p2a: Dragonite
|-boost|p2a: Dragonite|atk|1
|-boost|p2a: Dragonite|spe|1
|
|-heal|p1a: Keldeo|97/100|[from] item: Leftovers
|-sideend|p1: cansei de lol|Reflect
|upkeep
|turn|9
|
|t:|1760737093
|-terastallize|p2a: Dragonite|Fairy
|move|p1a: Keldeo|Surf|p2a: Dragonite
|-damage|p2a: Dragonite|81/100
|move|p2a: Dragonite|Tera Blast|p1a: Keldeo|[anim] Tera Blast Fairy
|-supereffective|p1a: Keldeo
|-damage|p1a: Keldeo|0 fnt
|faint|p1a: Keldeo
|
|upkeep
|
|t:|1760737097
|switch|p1a: Charjabug|Charjabug, F, shiny|100/100
|turn|10
|
|t:|1760737100
|move|p2a: Dragonite|Dragon Dance|p2a: Dragonite
|-boost|p2a: Dragonite|atk|1
|-boost|p2a: Dragonite|spe|1
|move|p1a: Charjabug|Thunder Wave|p2a: Dragonite
|-status|p2a: Dragonite|par
|
|upkeep
|turn|11
|
|t:|1760737106
|move|p2a: Dragonite|Dragon Dance|p2a: Dragonite
|-boost|p2a: Dragonite|atk|1
|-boost|p2a: Dragonite|spe|1
|move|p1a: Charjabug|Sticky Web|p2a: Dragonite
|-sidestart|p2: Dragondeeznauts|move: Sticky Web
|
|upkeep
|turn|12
|
|t:|1760737111
|move|p2a: Dragonite|Dragon Dance|p2a: Dragonite
|-boost|p2a: Dragonite|atk|1
|-boost|p2a: Dragonite|spe|1
|move|p1a: Charjabug|Volt Switch|p2a: Dragonite
|-damage|p2a: Dragonite|76/100 par
|
|t:|1760737114
|switch|p1a: Cinccino|Cinccino, M, tera:Ghost|100/100|[from] Volt Switch
|
|-sideend|p2: Dragondeeznauts|move: Light Screen
|upkeep
|turn|13
|
|t:|1760737118
|move|p1a: Cinccino|Encore|p2a: Dragonite
|-start|p2a: Dragonite|Encore
|move|p2a: Dragonite|Dragon Dance|p2a: Dragonite
|-boost|p2a: Dragonite|atk|1
|-boost|p2a: Dragonite|spe|1
|
|-sideend|p2: Dragondeeznauts|Reflect
|upkeep
|turn|14
|
|t:|1760737123
|move|p1a: Cinccino|Tail Slap|p2a: Dragonite
|-damage|p2a: Dragonite|61/100 par
|-damage|p2a: Dragonite|45/100 par
|-damage|p2a: Dragonite|31/100 par
|-damage|p2a: Dragonite|17/100 par
|-damage|p2a: Dragonite|2/100 par
|-hitcount|p2a: Dragonite|5
|move|p2a: Dragonite|Dragon Dance|p2a: Dragonite
|-boost|p2a: Dragonite|atk|1
|-boost|p2a: Dragonite|spe|1
|
|upkeep
|turn|15
|
|t:|1760737129
|move|p2a: Dragonite|Dragon Dance|p2a: Dragonite
|-boost|p2a: Dragonite|atk|0
|-boost|p2a: Dragonite|spe|0
|move|p1a: Cinccino|Tail Slap|p2a: Dragonite
|-damage|p2a: Dragonite|0 fnt
|faint|p2a: Dragonite
|-hitcount|p2: Dragonite|1
|
|upkeep
|
|t:|1760737131
|switch|p2a: Gliscor|Gliscor, F|100/100
|turn|16
|
|t:|1760737134
|move|p1a: Cinccino|Triple Axel|p2a: Gliscor
|-supereffective|p2a: Gliscor
|-damage|p2a: Gliscor|72/100
|-supereffective|p2a: Gliscor
|-crit|p2a: Gliscor
|-damage|p2a: Gliscor|0 fnt
|faint|p2a: Gliscor
|-hitcount|p2: Gliscor|2
|
|upkeep
|
|t:|1760737136
|switch|p2a: Kyurem|Kyurem|100/100
|-activate|p2a: Kyurem|move: Sticky Web
|-unboost|p2a: Kyurem|spe|1
|-ability|p2a: Kyurem|Pressure
|turn|17
|
|t:|1760737139
|move|p1a: Cinccino|Tail Slap|p2a: Kyurem|[miss]
|-miss|p1a: Cinccino|p2a: Kyurem
|move|p2a: Kyurem|Scale Shot|p1a: Cinccino
|-damage|p1a: Cinccino|73/100
|-damage|p1a: Cinccino|46/100
|-damage|p1a: Cinccino|18/100
|-damage|p1a: Cinccino|0 fnt
|faint|p1a: Cinccino
|-hitcount|p1: Cinccino|4
|-unboost|p2a: Kyurem|def|1
|-boost|p2a: Kyurem|spe|1
|
|upkeep
|
|t:|1760737144
|switch|p1a: Corviknight|Corviknight, M|100/100
|-ability|p1a: Corviknight|Pressure
|turn|18
|
|t:|1760737153
|move|p2a: Kyurem|Dragon Dance|p2a: Kyurem
|-boost|p2a: Kyurem|atk|1
|-boost|p2a: Kyurem|spe|1
|move|p1a: Corviknight|Body Press|p2a: Kyurem
|-supereffective|p2a: Kyurem
|-damage|p2a: Kyurem|24/100
|
|upkeep
|turn|19
|
|t:|1760737158
|move|p2a: Kyurem|Icicle Spear|p1a: Corviknight
|-damage|p1a: Corviknight|87/100
|-damage|p1a: Corviknight|72/100
|-damage|p1a: Corviknight|58/100
|-damage|p1a: Corviknight|44/100
|-crit|p1a: Corviknight
|-damage|p1a: Corviknight|22/100
|-hitcount|p1a: Corviknight|5
|move|p1a: Corviknight|Body Press|p2a: Kyurem
|-supereffective|p2a: Kyurem
|-damage|p2a: Kyurem|0 fnt
|faint|p2a: Kyurem
|
|-heal|p1a: Corviknight|28/100|[from] item: Leftovers
|upkeep
|
|t:|1760737161
|switch|p2a: Great Tusk|Great Tusk|100/100
|-activate|p2a: Great Tusk|move: Sticky Web
|-unboost|p2a: Great Tusk|spe|1
|-enditem|p2a: Great Tusk|Booster Energy
|-activate|p2a: Great Tusk|ability: Protosynthesis|[fromitem]
|-start|p2a: Great Tusk|protosynthesisatk
|turn|20
|
|t:|1760737164
|move|p2a: Great Tusk|Bulk Up|p2a: Great Tusk
|-boost|p2a: Great Tusk|atk|1
|-boost|p2a: Great Tusk|def|1
|move|p1a: Corviknight|Brave Bird|p2a: Great Tusk
|-supereffective|p2a: Great Tusk
|-crit|p2a: Great Tusk
|-damage|p2a: Great Tusk|20/100
|-damage|p1a: Corviknight|3/100|[from] Recoil
|
|-heal|p1a: Corviknight|10/100|[from] item: Leftovers
|upkeep
|turn|21
|
|t:|1760737167
|move|p2a: Great Tusk|Rapid Spin|p1a: Corviknight
|-resisted|p1a: Corviknight
|-damage|p1a: Corviknight|1/100
|-boost|p2a: Great Tusk|spe|1
|-sideend|p2: Dragondeeznauts|Sticky Web|[from] move: Rapid Spin|[of] p2a: Great Tusk
|move|p1a: Corviknight|Brave Bird|p2a: Great Tusk
|-supereffective|p2a: Great Tusk
|-damage|p2a: Great Tusk|0 fnt
|faint|p2a: Great Tusk
|-end|p2a: Great Tusk|Protosynthesis|[silent]
|-damage|p1a: Corviknight|0 fnt|[from] Recoil
|faint|p1a: Corviknight
|
|win|cansei de lol
|raw|cansei de lol's rating: 1234 &rarr; <strong>1260</strong><br />(+26 for winning)
|raw|Dragondeeznauts's rating: 1246 &rarr; <strong>1220</strong><br />(-26 for losing)
|l|☆Dragondeeznauts
|player|p2|
|c|☆cansei de lol|ggs
