|j|☆Crogenius2
|j|☆PenguinMLSJ
|t:|1760724379
|gametype|singles
|player|p1|Crogenius2|wattson|1565
|player|p2|PenguinMLSJ|red-gen7|1572
|gen|9
|tier|[Gen 9] OU
|rated|
|rule|HP Percentage Mod: HP is shown in percentages
|rule|Endless Battle Clause: Forcing endless battles is banned
|rule|Species Clause: Limit one of each Pokémon
|rule|OHKO Clause: OHKO moves are banned
|rule|Evasion Items Clause: Evasion items are banned
|rule|Evasion Moves Clause: Evasion moves are banned
|rule|Evasion Abilities Clause: Evasion abilities are banned
|rule|Sleep Moves Clause: Sleep-inducing moves are banned
|clearpoke
|poke|p1|Vaporeon, M|
|poke|p1|Garchomp, F|
|poke|p1|Gholdengo|
|poke|p1|Darkrai|
|poke|p1|Scizor, M|
|poke|p1|Great Tusk|
|poke|p2|Skeledirge, M|
|poke|p2|Garganacl, F|
|poke|p2|Kingambit, F|
|poke|p2|Clefable, M|
|poke|p2|Great Tusk|
|poke|p2|Iron Valiant|
|teampreview
|inactive|Battle timer is ON: inactive players will automatically lose when time's up. (requested by Crogenius2)
|inactive|PenguinMLSJ also wants the timer to be on.
|inactive|PenguinMLSJ has 120 seconds left.
|
|t:|1760724417
|teamsize|p1|6
|teamsize|p2|6
|start
|switch|p1a: Darkrai|Darkrai|100/100
|switch|p2a: Clefable|Clefable, M|100/100
|turn|1
|
|t:|1760724420
|switch|p1a: Scizor|Scizor, M|100/100
|switch|p2a: Kingambit|Kingambit, F|100/100
|
|upkeep
|turn|2
|
|t:|1760724426
|-end|p2a: Kingambit|fallenundefined|[silent]
|switch|p2a: Skeledirge|Skeledirge, M|100/100
|move|p1a: Scizor|U-turn|p2a: Skeledirge
|-resisted|p2a: Skeledirge
|-damage|p2a: Skeledirge|92/100
|
|t:|1760724433
|switch|p1a: Darkrai|Darkrai|100/100|[from] U-turn
|
|upkeep
|turn|3
|
|t:|1760724436
|switch|p2a: Clefable|Clefable, M|100/100
|move|p1a: Darkrai|Sludge Bomb|p2a: Clefable
|-supereffective|p2a: Clefable
|-damage|p2a: Clefable|31/100
|
|upkeep
|turn|4
|
|t:|1760724441
|switch|p1a: Scizor|Scizor, M|100/100
|switch|p2a: Kingambit|Kingambit, F|100/100
|
|upkeep
|turn|5
|
|t:|1760724444
|move|p1a: Scizor|Knock Off|p2a: Kingambit
|-resisted|p2a: Kingambit
|-damage|p2a: Kingambit|80/100
|-enditem|p2a: Kingambit|Leftovers|[from] move: Knock Off|[of] p1a: Scizor
|move|p2a: Kingambit|Swords Dance|p2a: Kingambit
|-boost|p2a: Kingambit|atk|2
|
|upkeep
|turn|6
|
|t:|1760724449
|switch|p1a: Garchomp|Garchomp, F|100/100
|move|p2a: Kingambit|Iron Head|p1a: Garchomp
|-damage|p1a: Garchomp|41/100
|-damage|p2a: Kingambit|68/100|[from] ability: Rough Skin|[of] p1a: Garchomp
|-damage|p2a: Kingambit|51/100|[from] item: Rocky Helmet|[of] p1a: Garchomp
|
|upkeep
|turn|7
|
|t:|1760724454
|move|p2a: Kingambit|Sucker Punch||[still]
|-fail|p2a: Kingambit
|move|p1a: Garchomp|Stealth Rock|p2a: Kingambit
|-sidestart|p2: PenguinMLSJ|move: Stealth Rock
|
|upkeep
|turn|8
|
|t:|1760724456
|move|p2a: Kingambit|Sucker Punch||[still]
|-fail|p2a: Kingambit
|move|p1a: Garchomp|Spikes|p2a: Kingambit
|-sidestart|p2: PenguinMLSJ|Spikes
|
|upkeep
|turn|9
|
|t:|1760724459
|move|p1a: Garchomp|Earthquake|p2a: Kingambit
|-supereffective|p2a: Kingambit
|-damage|p2a: Kingambit|0 fnt
|faint|p2a: Kingambit
|-end|p2a: Kingambit|fallenundefined|[silent]
|
|upkeep
|
|t:|1760724461
|switch|p2a: Great Tusk|Great Tusk|100/100
|turn|10
|c|☆PenguinMLSJ|classic
|
|t:|1760724466
|move|p2a: Great Tusk|Earthquake|p1a: Garchomp
|-damage|p1a: Garchomp|15/100
|move|p1a: Garchomp|Dragon Tail|p2a: Great Tusk
|-damage|p2a: Great Tusk|89/100
|-end|p2a: Great Tusk|Protosynthesis|[silent]
|drag|p2a: Garganacl|Garganacl, F|100/100
|-damage|p2a: Garganacl|88/100|[from] Stealth Rock
|-damage|p2a: Garganacl|76/100|[from] Spikes
|
|-heal|p2a: Garganacl|82/100|[from] item: Leftovers
|upkeep
|turn|11
|
|t:|1760724474
|switch|p2a: Great Tusk|Great Tusk|89/100
|move|p1a: Garchomp|Spikes|p2a: Great Tusk
|-sidestart|p2: PenguinMLSJ|Spikes
|
|upkeep
|turn|12
|
|t:|1760724477
|switch|p1a: Gholdengo|Gholdengo|100/100
|move|p2a: Great Tusk|Earthquake|p1a: Gholdengo
|-supereffective|p1a: Gholdengo
|-damage|p1a: Gholdengo|8/100
|
|upkeep
|turn|13
|
|t:|1760724483
|-end|p2a: Great Tusk|Protosynthesis|[silent]
|switch|p2a: Clefable|Clefable, M|31/100
|move|p1a: Gholdengo|Make It Rain|p2a: Clefable
|-supereffective|p2a: Clefable
|-damage|p2a: Clefable|0 fnt
|-unboost|p1a: Gholdengo|spa|1
|faint|p2a: Clefable
|
|upkeep
|
|t:|1760724490
|switch|p2a: Skeledirge|Skeledirge, M|92/100
|turn|14
|
|t:|1760724495
|switch|p1a: Vaporeon|Vaporeon, M|100/100
|switch|p2a: Great Tusk|Great Tusk|89/100
|
|upkeep
|turn|15
|
|t:|1760724497
|switch|p1a: Gholdengo|Gholdengo|8/100
|move|p2a: Great Tusk|Rapid Spin|p1a: Gholdengo
|-immune|p1a: Gholdengo
|
|upkeep
|turn|16
|
|t:|1760724503
|move|p1a: Gholdengo|Make It Rain|p2a: Great Tusk
|-crit|p2a: Great Tusk
|-damage|p2a: Great Tusk|0 fnt
|-unboost|p1a: Gholdengo|spa|1
|faint|p2a: Great Tusk
|-end|p2a: Great Tusk|Protosynthesis|[silent]
|
|upkeep
|
|t:|1760724506
|switch|p2a: Garganacl|Garganacl, F|82/100
|-damage|p2a: Garganacl|69/100|[from] Stealth Rock
|-damage|p2a: Garganacl|53/100|[from] Spikes
|turn|17
|
|t:|1760724511
|switch|p1a: Garchomp|Garchomp, F|15/100
|-terastallize|p2a: Garganacl|Water
|move|p2a: Garganacl|Recover|p2a: Garganacl
|-heal|p2a: Garganacl|100/100
|
|upkeep
|turn|18
|
|t:|1760724513
|move|p2a: Garganacl|Salt Cure|p1a: Garchomp
|-resisted|p1a: Garchomp
|-damage|p1a: Garchomp|10/100
|-start|p1a: Garchomp|Salt Cure
|move|p1a: Garchomp|Dragon Tail|p2a: Garganacl
|-damage|p2a: Garganacl|83/100
|drag|p2a: Skeledirge|Skeledirge, M|92/100
|
|-damage|p1a: Garchomp|0 fnt|[from] Salt Cure
|faint|p1a: Garchomp
|upkeep
|
|t:|1760724517
|switch|p1a: Darkrai|Darkrai|100/100
|turn|19
|
|t:|1760724523
|move|p1a: Darkrai|Dark Pulse|p2a: Skeledirge
|-supereffective|p2a: Skeledirge
|-damage|p2a: Skeledirge|0 fnt
|faint|p2a: Skeledirge
|
|upkeep
|
|t:|1760724525
|switch|p2a: Iron Valiant|Iron Valiant|100/100
|-damage|p2a: Iron Valiant|94/100|[from] Stealth Rock
|-damage|p2a: Iron Valiant|78/100|[from] Spikes
|turn|20
|
|t:|1760724530
|switch|p1a: Vaporeon|Vaporeon, M|100/100
|move|p2a: Iron Valiant|Trick|p1a: Vaporeon
|-activate|p2a: Iron Valiant|move: Trick|[of] p1a: Vaporeon
|-item|p1a: Vaporeon|Choice Scarf|[from] move: Trick
|-item|p2a: Iron Valiant|Leftovers|[from] move: Trick
|
|-heal|p2a: Iron Valiant|84/100|[from] item: Leftovers
|upkeep
|turn|21
|
|t:|1760724536
|move|p2a: Iron Valiant|Energy Ball|p1a: Vaporeon
|-supereffective|p1a: Vaporeon
|-damage|p1a: Vaporeon|66/100
|move|p1a: Vaporeon|Scald|p2a: Iron Valiant
|-damage|p2a: Iron Valiant|24/100
|
|-heal|p2a: Iron Valiant|31/100|[from] item: Leftovers
|upkeep
|turn|22
|
|t:|1760724543
|move|p2a: Iron Valiant|Close Combat|p1a: Vaporeon
|-damage|p1a: Vaporeon|7/100
|-unboost|p2a: Iron Valiant|def|1
|-unboost|p2a: Iron Valiant|spd|1
|move|p1a: Vaporeon|Scald|p2a: Iron Valiant
|-damage|p2a: Iron Valiant|0 fnt
|faint|p2a: Iron Valiant
|-end|p2a: Iron Valiant|Quark Drive|[silent]
|
|upkeep
|
|t:|1760724545
|switch|p2a: Garganacl|Garganacl, F, tera:Water|83/100
|-damage|p2a: Garganacl|70/100|[from] Stealth Rock
|-damage|p2a: Garganacl|54/100|[from] Spikes
|turn|23
|
|t:|1760724549
|switch|p1a: Darkrai|Darkrai|100/100
|move|p2a: Garganacl|Recover|p2a: Garganacl
|-heal|p2a: Garganacl|100/100
|
|upkeep
|turn|24
|
|t:|1760724554
|-terastallize|p1a: Darkrai|Dark
|move|p1a: Darkrai|Dark Pulse|p2a: Garganacl
|-damage|p2a: Garganacl|48/100
|move|p2a: Garganacl|Salt Cure|p1a: Darkrai
|-damage|p1a: Darkrai|82/100
|-start|p1a: Darkrai|Salt Cure
|
|-heal|p2a: Garganacl|55/100|[from] item: Leftovers
|-damage|p1a: Darkrai|70/100|[from] Salt Cure
|upkeep
|turn|25
|
|t:|1760724556
|switch|p1a: Gholdengo|Gholdengo|8/100
|move|p2a: Garganacl|Recover|p2a: Garganacl
|-heal|p2a: Garganacl|100/100
|
|upkeep
|turn|26
|
|t:|1760724560
|move|p1a: Gholdengo|Trick|p2a: Garganacl
|-activate|p1a: Gholdengo|move: Trick|[of] p2a: Garganacl
|-item|p2a: Garganacl|Choice Scarf|[from] move: Trick
|-item|p1a: Gholdengo|Leftovers|[from] move: Trick
|move|p2a: Garganacl|Curse|p2a: Garganacl
|-unboost|p2a: Garganacl|spe|1
|-boost|p2a: Garganacl|atk|1
|-boost|p2a: Garganacl|def|1
|
|-heal|p1a: Gholdengo|14/100|[from] item: Leftovers
|upkeep
|turn|27
|c|☆PenguinMLSJ|ggs
|c|☆Crogenius2|Gg
|
|t:|1760724569
|move|p1a: Gholdengo|Shadow Ball|p2a: Garganacl
|-damage|p2a: Garganacl|87/100
|move|p2a: Garganacl|Curse|p2a: Garganacl
|-unboost|p2a: Garganacl|spe|1
|-boost|p2a: Garganacl|atk|1
|-boost|p2a: Garganacl|def|1
|
|-heal|p1a: Gholdengo|20/100|[from] item: Leftovers
|upkeep
|turn|28
|-message|PenguinMLSJ forfeited.
|
|win|Crogenius2
|raw|Crogenius2's rating: 1565 &rarr; <strong>1584</strong><br />(+19 for winning)
|raw|PenguinMLSJ's rating: 1549 &rarr; <strong>1530</strong><br />(-19 for losing)
|l|☆PenguinMLSJ
|player|p2|
|l|☆Crogenius2
|player|p1|
