|j|☆SmallKuza1888
|j|☆Gen1onlyedgy
|t:|1760851328
|gametype|singles
|player|p1|SmallKuza1888|cyclist-gen4|1693
|player|p2|Gen1onlyedgy|lucas|1638
|gen|9
|tier|[Gen 9] OU
|rated|
|rule|HP Percentage Mod: HP is shown in percentages
|rule|Endless Battle Clause: Forcing endless battles is banned
|rule|Species Clause: Limit one of each Pokémon
|rule|OHKO Clause: OHKO moves are banned
|rule|Evasion Items Clause: Evasion items are banned
|rule|Evasion Moves Clause: Evasion moves are banned
|rule|Evasion Abilities Clause: Evasion abilities are banned
|rule|Sleep Moves Clause: Sleep-inducing moves are banned
|clearpoke
|poke|p1|Weavile, M|
|poke|p1|Iron Treads|
|poke|p1|Keldeo|
|poke|p1|Hatterene, F|
|poke|p1|Ting-Lu|
|poke|p1|Dragonite, F|
|poke|p2|Primarina, M|
|poke|p2|Dondozo, M|
|poke|p2|Scizor, F|
|poke|p2|Araquanid, M|
|poke|p2|Kyurem|
|poke|p2|Dragapult, M|
|teampreview
|inactive|Battle timer is ON: inactive players will automatically lose when time's up. (requested by Gen1onlyedgy)
|j| XxH0meland3r420xX
|
|t:|1760851342
|teamsize|p1|6
|teamsize|p2|6
|start
|switch|p1a: Hatterene|Hatterene, F|100/100
|switch|p2a: Araquanid|Araquanid, M|100/100
|turn|1
|
|t:|1760851345
|move|p2a: Araquanid|Liquidation|p1a: Hatterene
|-damage|p1a: Hatterene|0 fnt
|faint|p1a: Hatterene
|
|upkeep
|
|t:|1760851355
|switch|p1a: Weavile|Weavile, M|100/100
|-ability|p1a: Weavile|Pressure
|turn|2
|
|t:|1760851360
|switch|p2a: Dondozo|Dondozo, M|100/100
|move|p1a: Weavile|Knock Off|p2a: Dondozo
|-damage|p2a: Dondozo|56/100
|-enditem|p2a: Dondozo|Leftovers|[from] move: Knock Off|[of] p1a: Weavile
|
|upkeep
|turn|3
|j| Scoob252525
|
|t:|1760851364
|switch|p1a: Keldeo|Keldeo|100/100
|move|p2a: Dondozo|Rest|p2a: Dondozo
|-status|p2a: Dondozo|slp|[from] move: Rest
|-heal|p2a: Dondozo|100/100 slp|[silent]
|
|upkeep
|turn|4
|
|t:|1760851367
|move|p1a: Keldeo|Flip Turn|p2a: Dondozo
|-resisted|p2a: Dondozo
|-damage|p2a: Dondozo|96/100 slp
|
|t:|1760851370
|switch|p1a: Ting-Lu|Ting-Lu|100/100|[from] Flip Turn
|-ability|p1a: Ting-Lu|Vessel of Ruin
|cant|p2a: Dondozo|slp
|move|p2a: Dondozo|Sleep Talk|p2a: Dondozo
|move|p2a: Dondozo|Curse|p2a: Dondozo|[from] move: Sleep Talk
|-unboost|p2a: Dondozo|spe|1
|-boost|p2a: Dondozo|atk|1
|-boost|p2a: Dondozo|def|1
|
|upkeep
|turn|5
|
|t:|1760851373
|switch|p2a: Araquanid|Araquanid, M|100/100
|move|p1a: Ting-Lu|Stealth Rock|p2a: Araquanid
|-sidestart|p2: Gen1onlyedgy|move: Stealth Rock
|
|upkeep
|turn|6
|
|t:|1760851377
|switch|p1a: Dragonite|Dragonite, F|100/100
|move|p2a: Araquanid|Liquidation|p1a: Dragonite
|-resisted|p1a: Dragonite
|-damage|p1a: Dragonite|77/100
|
|upkeep
|turn|7
|
|t:|1760851381
|move|p2a: Araquanid|Liquidation|p1a: Dragonite
|-resisted|p1a: Dragonite
|-damage|p1a: Dragonite|31/100
|-unboost|p1a: Dragonite|def|1
|move|p1a: Dragonite|Dragon Tail|p2a: Araquanid
|-damage|p2a: Araquanid|59/100
|drag|p2a: Kyurem|Kyurem|100/100
|-damage|p2a: Kyurem|76/100|[from] Stealth Rock
|-ability|p2a: Kyurem|Pressure
|
|upkeep
|turn|8
|
|t:|1760851390
|switch|p1a: Weavile|Weavile, M|100/100
|-ability|p1a: Weavile|Pressure
|move|p2a: Kyurem|Freeze-Dry|p1a: Weavile
|-resisted|p1a: Weavile
|-damage|p1a: Weavile|75/100
|
|upkeep
|turn|9
|
|t:|1760851394
|move|p2a: Kyurem|Freeze-Dry|p1a: Weavile
|-resisted|p1a: Weavile
|-damage|p1a: Weavile|49/100
|move|p1a: Weavile|Low Kick|p2a: Kyurem
|-supereffective|p2a: Kyurem
|-damage|p2a: Kyurem|0 fnt
|faint|p2a: Kyurem
|
|upkeep
|
|t:|1760851396
|switch|p2a: Scizor|Scizor, F|100/100
|-damage|p2a: Scizor|88/100|[from] Stealth Rock
|turn|10
|
|t:|1760851399
|switch|p1a: Ting-Lu|Ting-Lu|100/100
|-ability|p1a: Ting-Lu|Vessel of Ruin
|move|p2a: Scizor|Defog|p1a: Ting-Lu
|-unboost|p1a: Ting-Lu|evasion|1
|-sideend|p2: Gen1onlyedgy|Stealth Rock|[from] move: Defog|[of] p2a: Scizor
|
|upkeep
|turn|11
|
|t:|1760851402
|switch|p2a: Araquanid|Araquanid, M|59/100
|move|p1a: Ting-Lu|Stealth Rock|p2a: Araquanid
|-sidestart|p2: Gen1onlyedgy|move: Stealth Rock
|
|upkeep
|turn|12
|
|t:|1760851408
|move|p1a: Ting-Lu|Ruination|p2a: Araquanid
|-damage|p2a: Araquanid|30/100
|move|p2a: Araquanid|Liquidation|p1a: Ting-Lu
|-supereffective|p1a: Ting-Lu
|-damage|p1a: Ting-Lu|20/100
|-unboost|p1a: Ting-Lu|def|1
|-damage|p2a: Araquanid|13/100|[from] item: Rocky Helmet|[of] p1a: Ting-Lu
|
|upkeep
|turn|13
|
|t:|1760851411
|move|p1a: Ting-Lu|Ruination|p2a: Araquanid
|-damage|p2a: Araquanid|7/100
|move|p2a: Araquanid|Liquidation|p1a: Ting-Lu
|-supereffective|p1a: Ting-Lu
|-damage|p1a: Ting-Lu|0 fnt
|-damage|p2a: Araquanid|0 fnt|[from] item: Rocky Helmet|[of] p1a: Ting-Lu
|faint|p1a: Ting-Lu
|faint|p2a: Araquanid
|
|upkeep
|
|t:|1760851415
|switch|p1a: Keldeo|Keldeo|100/100
|switch|p2a: Scizor|Scizor, F|88/100
|-damage|p2a: Scizor|76/100|[from] Stealth Rock
|turn|14
|
|t:|1760851419
|move|p1a: Keldeo|Surf|p2a: Scizor
|-damage|p2a: Scizor|17/100
|move|p2a: Scizor|Defog|p1a: Keldeo
|-unboost|p1a: Keldeo|evasion|1
|-sideend|p2: Gen1onlyedgy|Stealth Rock|[from] move: Defog|[of] p2a: Scizor
|
|upkeep
|turn|15
|
|t:|1760851421
|switch|p2a: Primarina|Primarina, M|100/100
|move|p1a: Keldeo|Surf|p2a: Primarina
|-resisted|p2a: Primarina
|-damage|p2a: Primarina|87/100
|
|upkeep
|turn|16
|
|t:|1760851424
|move|p1a: Keldeo|Flip Turn|p2a: Primarina
|-resisted|p2a: Primarina
|-damage|p2a: Primarina|78/100
|
|t:|1760851425
|switch|p1a: Iron Treads|Iron Treads|100/100|[from] Flip Turn
|move|p2a: Primarina|Surf|p1a: Iron Treads
|-supereffective|p1a: Iron Treads
|-damage|p1a: Iron Treads|0 fnt
|faint|p1a: Iron Treads
|-end|p1a: Iron Treads|Quark Drive|[silent]
|
|upkeep
|
|t:|1760851429
|switch|p1a: Dragonite|Dragonite, F|31/100
|turn|17
|
|t:|1760851431
|move|p1a: Dragonite|Earthquake|p2a: Primarina
|-damage|p2a: Primarina|26/100
|move|p2a: Primarina|Moonblast|p1a: Dragonite
|-supereffective|p1a: Dragonite
|-damage|p1a: Dragonite|0 fnt
|faint|p1a: Dragonite
|
|upkeep
|
|t:|1760851436
|switch|p1a: Weavile|Weavile, M|49/100
|-ability|p1a: Weavile|Pressure
|turn|18
|
|t:|1760851438
|move|p1a: Weavile|Knock Off|p2a: Primarina
|-resisted|p2a: Primarina
|-damage|p2a: Primarina|0 fnt
|-enditem|p2a: Primarina|Assault Vest|[from] move: Knock Off|[of] p1a: Weavile
|faint|p2a: Primarina
|
|upkeep
|
|t:|1760851440
|switch|p2a: Scizor|Scizor, F|17/100
|turn|19
|j| VicBossMG
|
|t:|1760851444
|switch|p1a: Keldeo|Keldeo|100/100
|move|p2a: Scizor|U-turn|p1a: Keldeo
|-resisted|p1a: Keldeo
|-crit|p1a: Keldeo
|-damage|p1a: Keldeo|46/100
|
|t:|1760851446
|switch|p2a: Dragapult|Dragapult, M|100/100|[from] U-turn
|
|upkeep
|turn|20
|-message|SmallKuza1888 forfeited.
|
|win|Gen1onlyedgy
|raw|SmallKuza1888's rating: 1693 &rarr; <strong>1670</strong><br />(-23 for losing)
|raw|Gen1onlyedgy's rating: 1638 &rarr; <strong>1661</strong><br />(+23 for winning)
|l|☆SmallKuza1888
|player|p1|
|l| VicBossMG
|l| XxH0meland3r420xX
|l| Scoob252525
