|j|☆AlejoGroot1534
|j|☆SmallKuza1888
|t:|1760849549
|gametype|singles
|player|p1|AlejoGroot1534|blue|1624
|player|p2|SmallKuza1888|cyclist-gen4|1651
|gen|9
|tier|[Gen 9] OU
|rated|
|rule|HP Percentage Mod: HP is shown in percentages
|rule|Endless Battle Clause: Forcing endless battles is banned
|rule|Species Clause: Limit one of each Pokémon
|rule|OHKO Clause: OHKO moves are banned
|rule|Evasion Items Clause: Evasion items are banned
|rule|Evasion Moves Clause: Evasion moves are banned
|rule|Evasion Abilities Clause: Evasion abilities are banned
|rule|Sleep Moves Clause: Sleep-inducing moves are banned
|clearpoke
|poke|p1|Greninja-*, M|
|poke|p1|Zapdos|
|poke|p1|Great Tusk|
|poke|p1|Slowking-Galar, M|
|poke|p1|Meowscarada, M|
|poke|p1|Iron Valiant|
|poke|p2|Weavile, M|
|poke|p2|Iron Treads|
|poke|p2|Keldeo|
|poke|p2|Hatterene, F|
|poke|p2|Ting-Lu|
|poke|p2|Dragonite, M|
|teampreview
|inactive|Battle timer is ON: inactive players will automatically lose when time's up. (requested by AlejoGroot1534)
|
|t:|1760849567
|teamsize|p1|6
|teamsize|p2|6
|start
|switch|p1a: Greninja|Greninja, M|100/100
|switch|p2a: Weavile|Weavile, M|100/100
|-ability|p2a: Weavile|Pressure
|turn|1
|
|t:|1760849571
|switch|p2a: Keldeo|Keldeo|100/100
|move|p1a: Greninja|Surf|p2a: Keldeo
|-resisted|p2a: Keldeo
|-damage|p2a: Keldeo|71/100
|-damage|p1a: Greninja|91/100|[from] item: Life Orb
|
|upkeep
|turn|2
|
|t:|1760849577
|switch|p1a: Slowking|Slowking-Galar, M, shiny|100/100
|move|p2a: Keldeo|Flip Turn|p1a: Slowking
|-damage|p1a: Slowking|85/100
|
|t:|1760849579
|switch|p2a: Weavile|Weavile, M|100/100|[from] Flip Turn
|-ability|p2a: Weavile|Pressure
|
|upkeep
|turn|3
|
|t:|1760849584
|switch|p1a: Great Tusk|Great Tusk, shiny|100/100
|move|p2a: Weavile|Icicle Crash|p1a: Great Tusk|[miss]
|-miss|p2a: Weavile|p1a: Great Tusk
|
|upkeep
|turn|4
|j| NO CAGES NO CHAINS
|l| NO CAGES NO CHAINS
|
|t:|1760849593
|move|p2a: Weavile|Icicle Crash|p1a: Great Tusk
|-supereffective|p1a: Great Tusk
|-crit|p1a: Great Tusk
|-damage|p1a: Great Tusk|0 fnt
|faint|p1a: Great Tusk
|-end|p1a: Great Tusk|Protosynthesis|[silent]
|
|upkeep
|
|t:|1760849595
|switch|p1a: Greninja|Greninja, M|91/100
|turn|5
|
|t:|1760849597
|switch|p2a: Keldeo|Keldeo|71/100
|move|p1a: Greninja|Surf|p2a: Keldeo
|-resisted|p2a: Keldeo
|-damage|p2a: Keldeo|42/100
|-damage|p1a: Greninja|81/100|[from] item: Life Orb
|
|upkeep
|turn|6
|
|t:|1760849606
|-terastallize|p1a: Greninja|Poison
|move|p1a: Greninja|Sludge Wave|p2a: Keldeo
|-damage|p2a: Keldeo|0 fnt
|faint|p2a: Keldeo
|-ability|p1a: Greninja|Battle Bond|boost
|-boost|p1a: Greninja|atk|1
|-boost|p1a: Greninja|spa|1
|-boost|p1a: Greninja|spe|1
|-activate|p1a: Greninja|ability: Battle Bond
|-damage|p1a: Greninja|71/100|[from] item: Life Orb
|
|upkeep
|
|t:|1760849613
|switch|p2a: Dragonite|Dragonite, M|100/100
|turn|7
|
|t:|1760849619
|-terastallize|p2a: Dragonite|Normal
|move|p2a: Dragonite|Extreme Speed|p1a: Greninja
|-damage|p1a: Greninja|0 fnt
|faint|p1a: Greninja
|
|upkeep
|
|t:|1760849622
|switch|p1a: Zapdos|Zapdos, shiny|100/100
|turn|8
|
|t:|1760849627
|switch|p2a: Ting-Lu|Ting-Lu|100/100
|-ability|p2a: Ting-Lu|Vessel of Ruin
|move|p1a: Zapdos|Volt Switch|p2a: Ting-Lu
|-immune|p2a: Ting-Lu
|
|upkeep
|turn|9
|-message|AlejoGroot1534 forfeited.
|
|win|SmallKuza1888
|raw|AlejoGroot1534's rating: 1624 &rarr; <strong>1606</strong><br />(-18 for losing)
|raw|SmallKuza1888's rating: 1651 &rarr; <strong>1669</strong><br />(+18 for winning)
|l|☆AlejoGroot1534
|player|p1|
