|j|☆chasmis_bauna
|j|☆ykykp
|t:|1760772130
|gametype|singles
|player|p1|chasmis_bauna|tuber|1462
|player|p2|ykykp|101|1527
|gen|9
|tier|[Gen 9] OU
|rated|
|rule|HP Percentage Mod: HP is shown in percentages
|rule|Endless Battle Clause: Forcing endless battles is banned
|rule|Species Clause: Limit one of each Pokémon
|rule|OHKO Clause: OHKO moves are banned
|rule|Evasion Items Clause: Evasion items are banned
|rule|Evasion Moves Clause: Evasion moves are banned
|rule|Evasion Abilities Clause: Evasion abilities are banned
|rule|Sleep Moves Clause: Sleep-inducing moves are banned
|clearpoke
|poke|p1|Toxapex, F|
|poke|p1|Ogerpon-Wellspring, F|
|poke|p1|Iron Moth|
|poke|p1|Kingambit, M|
|poke|p1|Oricorio-Pom-Pom, M|
|poke|p1|Kyurem|
|poke|p2|Barraskewda, F|
|poke|p2|Pelipper, M|
|poke|p2|Tornadus-Therian, M|
|poke|p2|Decidueye-Hisui, F|
|poke|p2|Iron Treads|
|poke|p2|Raging Bolt|
|teampreview
|inactive|Battle timer is ON: inactive players will automatically lose when time's up. (requested by chasmis_bauna)
|
|t:|1760772134
|teamsize|p1|6
|teamsize|p2|6
|start
|switch|p1a: jodio|Oricorio-Pom-Pom, M|100/100
|switch|p2a: Pelipper|Pelipper, M|100/100
|-weather|RainDance|[from] ability: Drizzle|[of] p2a: Pelipper
|turn|1
|
|t:|1760772138
|switch|p2a: Iron Treads|Iron Treads|100/100
|move|p1a: jodio|Quiver Dance|p1a: jodio
|-boost|p1a: jodio|spa|1
|-boost|p1a: jodio|spd|1
|-boost|p1a: jodio|spe|1
|
|-weather|RainDance|[upkeep]
|upkeep
|turn|2
|
|t:|1760772143
|move|p1a: jodio|Substitute|p1a: jodio
|-start|p1a: jodio|Substitute
|-damage|p1a: jodio|76/100
|move|p2a: Iron Treads|Earthquake|p1a: jodio
|-immune|p1a: jodio
|
|-weather|RainDance|[upkeep]
|upkeep
|turn|3
|
|t:|1760772149
|move|p1a: jodio|Quiver Dance|p1a: jodio
|-boost|p1a: jodio|spa|1
|-boost|p1a: jodio|spd|1
|-boost|p1a: jodio|spe|1
|move|p2a: Iron Treads|Knock Off|p1a: jodio
|-crit|p1a: jodio
|-end|p1a: jodio|Substitute
|
|-weather|RainDance|[upkeep]
|upkeep
|turn|4
|
|t:|1760772155
|-terastallize|p1a: jodio|Ground
|move|p1a: jodio|Revelation Dance|p2a: Iron Treads
|-supereffective|p2a: Iron Treads
|-damage|p2a: Iron Treads|0 fnt
|faint|p2a: Iron Treads
|-end|p2a: Iron Treads|Quark Drive|[silent]
|
|-weather|RainDance|[upkeep]
|upkeep
|
|t:|1760772160
|switch|p2a: Barraskewda|Barraskewda, F|100/100
|turn|5
|
|t:|1760772170
|switch|p1a: jolyne|Ogerpon-Wellspring, F|100/100
|move|p2a: Barraskewda|Flip Turn|p1a: jolyne
|-immune|p1a: jolyne|[from] ability: Water Absorb
|
|-weather|RainDance|[upkeep]
|upkeep
|turn|6
|
|t:|1760772173
|switch|p2a: Decidueye|Decidueye-Hisui, F|100/100
|move|p1a: jolyne|Swords Dance|p1a: jolyne
|-boost|p1a: jolyne|atk|2
|
|-weather|RainDance|[upkeep]
|upkeep
|turn|7
|
|t:|1760772178
|move|p1a: jolyne|Play Rough|p2a: Decidueye
|-supereffective|p2a: Decidueye
|-damage|p2a: Decidueye|0 fnt
|-damage|p1a: jolyne|84/100|[from] item: Rocky Helmet|[of] p2a: Decidueye
|faint|p2a: Decidueye
|
|-weather|RainDance|[upkeep]
|upkeep
|
|t:|1760772186
|switch|p2a: Tornadus|Tornadus-Therian, M|100/100
|turn|8
|
|t:|1760772190
|-terastallize|p2a: Tornadus|Flying
|move|p2a: Tornadus|Hurricane|p1a: jolyne
|-supereffective|p1a: jolyne
|-damage|p1a: jolyne|0 fnt
|faint|p1a: jolyne
|
|-weather|none
|upkeep
|
|t:|1760772195
|switch|p1a: jodio|Oricorio-Pom-Pom, M, tera:Ground|76/100
|turn|9
|inactive|ykykp has 120 seconds left.
|inactive|ykykp has 90 seconds left.
|inactive|ykykp has 60 seconds left.
|inactive|ykykp has 30 seconds left.
|inactive|ykykp has 20 seconds left.
|inactive|ykykp has 15 seconds left.
|inactive|ykykp has 10 seconds left.
|inactive|ykykp has 5 seconds left.
|-message|ykykp lost due to inactivity.
|
|win|chasmis_bauna
|raw|chasmis_bauna's rating: 1462 &rarr; <strong>1486</strong><br />(+24 for winning)
|raw|ykykp's rating: 1527 &rarr; <strong>1503</strong><br />(-24 for losing)
|l|☆chasmis_bauna
|player|p1|
|l|☆ykykp
|player|p2|
