|j|☆michaelgoalise
|j|☆ErroDeDigitacao
|t:|1760719429
|gametype|singles
|player|p1|michaelgoalise|102|1626
|player|p2|ErroDeDigitacao|266|1660
|gen|9
|tier|[Gen 9] OU
|rated|
|rule|HP Percentage Mod: HP is shown in percentages
|rule|Endless Battle Clause: Forcing endless battles is banned
|rule|Species Clause: Limit one of each Pokémon
|rule|OHKO Clause: OHKO moves are banned
|rule|Evasion Items Clause: Evasion items are banned
|rule|Evasion Moves Clause: Evasion moves are banned
|rule|Evasion Abilities Clause: Evasion abilities are banned
|rule|Sleep Moves Clause: Sleep-inducing moves are banned
|clearpoke
|poke|p1|Tyranitar, F|
|poke|p1|Excadrill, F|
|poke|p1|Hydrapple, F|
|poke|p1|Cinderace, M|
|poke|p1|Iron Valiant|
|poke|p1|Palossand, M|
|poke|p2|Iron Crown|
|poke|p2|Primarina, M|
|poke|p2|Great Tusk|
|poke|p2|Alomomola, F|
|poke|p2|Scizor, M|
|poke|p2|Dragonite, F|
|teampreview
|inactive|Battle timer is ON: inactive players will automatically lose when time's up. (requested by ErroDeDigitacao)
|inactive|michaelgoalise also wants the timer to be on.
|inactive|michaelgoalise has 120 seconds left.
|inactive|michaelgoalise has 90 seconds left.
|
|t:|1760719505
|teamsize|p1|6
|teamsize|p2|6
|start
|switch|p1a: Tyranitar|Tyranitar, F|100/100
|switch|p2a: Iron Crown|Iron Crown|100/100
|-weather|Sandstorm|[from] ability: Sand Stream|[of] p1a: Tyranitar
|turn|1
|inactive|michaelgoalise has 120 seconds left.
|inactive|michaelgoalise has 90 seconds left.
|
|t:|1760719578
|switch|p1a: Palossand|Palossand, M|100/100
|move|p2a: Iron Crown|Tachyon Cutter|p1a: Palossand
|-damage|p1a: Palossand|57/100
|-damage|p1a: Palossand|15/100
|-hitcount|p1a: Palossand|2
|
|-weather|Sandstorm|[upkeep]
|upkeep
|turn|2
|
|t:|1760719588
|switch|p1a: Cinderace|Cinderace, M|100/100
|move|p2a: Iron Crown|Tachyon Cutter|p1a: Cinderace
|-resisted|p1a: Cinderace
|-damage|p1a: Cinderace|73/100
|-resisted|p1a: Cinderace
|-damage|p1a: Cinderace|47/100
|-hitcount|p1a: Cinderace|2
|
|-weather|Sandstorm|[upkeep]
|-damage|p1a: Cinderace|41/100|[from] Sandstorm
|upkeep
|turn|3
|
|t:|1760719597
|-end|p2a: Iron Crown|Quark Drive|[silent]
|switch|p2a: Alomomola|Alomomola, F|100/100
|move|p1a: Cinderace|U-turn|p2a: Alomomola
|-start|p1a: Cinderace|typechange|Bug|[from] ability: Libero
|-damage|p2a: Alomomola|84/100
|
|t:|1760719621
|switch|p1a: Hydrapple|Hydrapple, F|100/100|[from] U-turn
|
|-weather|Sandstorm|[upkeep]
|-damage|p1a: Hydrapple|94/100|[from] Sandstorm
|-damage|p2a: Alomomola|77/100|[from] Sandstorm
|upkeep
|turn|4
|
|t:|1760719624
|switch|p2a: Scizor|Scizor, M|100/100
|move|p1a: Hydrapple|Nasty Plot|p1a: Hydrapple
|-boost|p1a: Hydrapple|spa|2
|
|-weather|Sandstorm|[upkeep]
|-damage|p1a: Hydrapple|88/100|[from] Sandstorm
|upkeep
|turn|5
|inactive|michaelgoalise has 60 seconds left.
|
|t:|1760719658
|move|p2a: Scizor|U-turn|p1a: Hydrapple
|-supereffective|p1a: Hydrapple
|-damage|p1a: Hydrapple|23/100
|
|t:|1760719660
|switch|p2a: Dragonite|Dragonite, F|100/100|[from] U-turn
|move|p1a: Hydrapple|Hydro Pump|p2a: Dragonite
|-resisted|p2a: Dragonite
|-damage|p2a: Dragonite|85/100
|
|-weather|none
|upkeep
|turn|6
|l|☆michaelgoalise
|inactive|michaelgoalise disconnected and has a minute to reconnect!
|player|p1|
|j|☆michaelgoalise
|inactive|michaelgoalise reconnected and has 50 seconds left.
|player|p1|michaelgoalise|102|
|
|t:|1760719705
|switch|p2a: Primarina|Primarina, M|100/100
|switch|p1a: Tyranitar|Tyranitar, F|100/100
|-weather|Sandstorm|[from] ability: Sand Stream|[of] p1a: Tyranitar
|
|-weather|Sandstorm|[upkeep]
|-damage|p2a: Primarina|94/100|[from] Sandstorm
|upkeep
|turn|7
|
|t:|1760719711
|move|p2a: Primarina|Moonblast|p1a: Tyranitar
|-supereffective|p1a: Tyranitar
|-damage|p1a: Tyranitar|56/100
|move|p1a: Tyranitar|Knock Off|p2a: Primarina
|-resisted|p2a: Primarina
|-damage|p2a: Primarina|63/100
|-enditem|p2a: Primarina|Assault Vest|[from] move: Knock Off|[of] p1a: Tyranitar
|
|-weather|Sandstorm|[upkeep]
|-damage|p2a: Primarina|57/100|[from] Sandstorm
|-heal|p1a: Tyranitar|62/100|[from] item: Leftovers
|upkeep
|turn|8
|
|t:|1760719719
|switch|p1a: Palossand|Palossand, M|15/100
|move|p2a: Primarina|Moonblast|p1a: Palossand
|-crit|p1a: Palossand
|-damage|p1a: Palossand|0 fnt
|faint|p1a: Palossand
|
|-weather|Sandstorm|[upkeep]
|-damage|p2a: Primarina|51/100|[from] Sandstorm
|upkeep
|
|t:|1760719724
|switch|p1a: Excadrill|Excadrill, F|100/100
|turn|9
|
|t:|1760719736
|move|p1a: Excadrill|Iron Head|p2a: Primarina
|-damage|p2a: Primarina|0 fnt
|faint|p2a: Primarina
|
|-weather|Sandstorm|[upkeep]
|upkeep
|
|t:|1760719739
|switch|p2a: Alomomola|Alomomola, F|100/100
|turn|10
|
|t:|1760719742
|switch|p1a: Hydrapple|Hydrapple, F|56/100
|move|p2a: Alomomola|Scald|p1a: Hydrapple
|-resisted|p1a: Hydrapple
|-damage|p1a: Hydrapple|53/100
|
|-weather|none
|upkeep
|turn|11
|inactive|michaelgoalise has 60 seconds left.
|
|t:|1760719759
|move|p1a: Hydrapple|Nasty Plot|p1a: Hydrapple
|-boost|p1a: Hydrapple|spa|2
|move|p2a: Alomomola|Flip Turn|p1a: Hydrapple
|-resisted|p1a: Hydrapple
|-damage|p1a: Hydrapple|51/100
|
|t:|1760719761
|switch|p2a: Scizor|Scizor, M|100/100|[from] Flip Turn
|
|upkeep
|turn|12
|
|t:|1760719773
|switch|p1a: Cinderace|Cinderace, M|41/100
|move|p2a: Scizor|U-turn|p1a: Cinderace
|-resisted|p1a: Cinderace
|-damage|p1a: Cinderace|1/100
|
|t:|1760719777
|switch|p2a: Alomomola|Alomomola, F|100/100|[from] U-turn
|
|upkeep
|turn|13
|
|t:|1760719781
|move|p1a: Cinderace|U-turn|p2a: Alomomola
|-start|p1a: Cinderace|typechange|Bug|[from] ability: Libero
|-damage|p2a: Alomomola|83/100
|
|t:|1760719783
|switch|p1a: Hydrapple|Hydrapple, F|84/100|[from] U-turn
|move|p2a: Alomomola|Flip Turn|p1a: Hydrapple
|-resisted|p1a: Hydrapple
|-damage|p1a: Hydrapple|82/100
|
|t:|1760719786
|switch|p2a: Iron Crown|Iron Crown|100/100|[from] Flip Turn
|
|upkeep
|turn|14
|
|t:|1760719792
|switch|p1a: Cinderace|Cinderace, M|1/100
|move|p2a: Iron Crown|Tachyon Cutter|p1a: Cinderace
|-resisted|p1a: Cinderace
|-damage|p1a: Cinderace|0 fnt
|faint|p1a: Cinderace
|-hitcount|p1: Cinderace|1
|
|upkeep
|inactive|michaelgoalise has 90 seconds left.
|
|t:|1760719805
|switch|p1a: Excadrill|Excadrill, F|100/100
|turn|15
|
|t:|1760719813
|-end|p2a: Iron Crown|Quark Drive|[silent]
|switch|p2a: Alomomola|Alomomola, F|100/100
|move|p1a: Excadrill|Earthquake|p2a: Alomomola
|-damage|p2a: Alomomola|61/100
|
|upkeep
|turn|16
|
|t:|1760719816
|switch|p1a: Hydrapple|Hydrapple, F|100/100
|move|p2a: Alomomola|Flip Turn|p1a: Hydrapple
|-resisted|p1a: Hydrapple
|-damage|p1a: Hydrapple|98/100
|
|t:|1760719818
|switch|p2a: Scizor|Scizor, M|100/100|[from] Flip Turn
|
|upkeep
|turn|17
|inactive|michaelgoalise has 90 seconds left.
|inactive|michaelgoalise has 60 seconds left.
|
|t:|1760719881
|-terastallize|p1a: Hydrapple|Water
|move|p2a: Scizor|U-turn|p1a: Hydrapple
|-damage|p1a: Hydrapple|68/100
|
|t:|1760719887
|switch|p2a: Iron Crown|Iron Crown|100/100|[from] U-turn
|move|p1a: Hydrapple|Hydro Pump|p2a: Iron Crown
|-damage|p2a: Iron Crown|56/100
|
|upkeep
|turn|18
|
|t:|1760719894
|switch|p1a: Excadrill|Excadrill, F|100/100
|move|p2a: Iron Crown|Volt Switch|p1a: Excadrill
|-immune|p1a: Excadrill
|
|upkeep
|turn|19
|inactive|michaelgoalise has 60 seconds left.
|
|t:|1760719914
|-end|p2a: Iron Crown|Quark Drive|[silent]
|switch|p2a: Great Tusk|Great Tusk|100/100
|switch|p1a: Hydrapple|Hydrapple, F, tera:Water|100/100
|
|upkeep
|turn|20
|
|t:|1760719922
|-end|p2a: Great Tusk|Protosynthesis|[silent]
|switch|p2a: Scizor|Scizor, M|100/100
|move|p1a: Hydrapple|Hydro Pump|p2a: Scizor
|-damage|p2a: Scizor|41/100
|
|upkeep
|turn|21
|
|t:|1760719933
|move|p2a: Scizor|Close Combat|p1a: Hydrapple
|-damage|p1a: Hydrapple|64/100
|-unboost|p2a: Scizor|def|1
|-unboost|p2a: Scizor|spd|1
|move|p1a: Hydrapple|Nasty Plot|p1a: Hydrapple
|-boost|p1a: Hydrapple|spa|2
|
|upkeep
|turn|22
|
|t:|1760719939
|move|p2a: Scizor|Close Combat|p1a: Hydrapple
|-crit|p1a: Hydrapple
|-damage|p1a: Hydrapple|6/100
|-unboost|p2a: Scizor|def|1
|-unboost|p2a: Scizor|spd|1
|move|p1a: Hydrapple|Giga Drain|p2a: Scizor
|-resisted|p2a: Scizor
|-damage|p2a: Scizor|0 fnt
|-heal|p1a: Hydrapple|21/100|[from] drain|[of] p2a: Scizor
|faint|p2a: Scizor
|
|upkeep
|
|t:|1760719950
|switch|p2a: Great Tusk|Great Tusk|100/100
|turn|23
|
|t:|1760719955
|switch|p1a: Iron Valiant|Iron Valiant|100/100
|-enditem|p1a: Iron Valiant|Booster Energy
|-activate|p1a: Iron Valiant|ability: Quark Drive|[fromitem]
|-start|p1a: Iron Valiant|quarkdrivespe
|move|p2a: Great Tusk|Headlong Rush|p1a: Iron Valiant
|-damage|p1a: Iron Valiant|29/100
|-unboost|p2a: Great Tusk|def|1
|-unboost|p2a: Great Tusk|spd|1
|
|upkeep
|turn|24
|
|t:|1760719963
|-end|p2a: Great Tusk|Protosynthesis|[silent]
|switch|p2a: Alomomola|Alomomola, F|95/100
|move|p1a: Iron Valiant|Moonblast|p2a: Alomomola
|-damage|p2a: Alomomola|40/100
|
|upkeep
|turn|25
|inactive|michaelgoalise has 90 seconds left.
|
|t:|1760719969
|move|p1a: Iron Valiant|Moonblast|p2a: Alomomola
|-damage|p2a: Alomomola|0 fnt
|faint|p2a: Alomomola
|
|upkeep
|
|t:|1760719971
|switch|p2a: Iron Crown|Iron Crown|56/100
|turn|26
|inactive|michaelgoalise has 90 seconds left.
|
|t:|1760720007
|move|p1a: Iron Valiant|Moonblast|p2a: Iron Crown
|-resisted|p2a: Iron Crown
|-damage|p2a: Iron Crown|31/100
|move|p2a: Iron Crown|Tachyon Cutter|p1a: Iron Valiant
|-supereffective|p1a: Iron Valiant
|-damage|p1a: Iron Valiant|0 fnt
|faint|p1a: Iron Valiant
|-end|p1a: Iron Valiant|Quark Drive|[silent]
|-hitcount|p1: Iron Valiant|1
|
|upkeep
|
|t:|1760720018
|switch|p1a: Hydrapple|Hydrapple, F, tera:Water|55/100
|turn|27
|
|t:|1760720022
|switch|p1a: Tyranitar|Tyranitar, F|62/100
|-weather|Sandstorm|[from] ability: Sand Stream|[of] p1a: Tyranitar
|move|p2a: Iron Crown|Tachyon Cutter|p1a: Tyranitar
|-supereffective|p1a: Tyranitar
|-damage|p1a: Tyranitar|32/100
|-supereffective|p1a: Tyranitar
|-damage|p1a: Tyranitar|2/100
|-hitcount|p1a: Tyranitar|2
|
|-weather|Sandstorm|[upkeep]
|-heal|p1a: Tyranitar|8/100|[from] item: Leftovers
|upkeep
|turn|28
|
|t:|1760720024
|move|p2a: Iron Crown|Tachyon Cutter|p1a: Tyranitar
|-supereffective|p1a: Tyranitar
|-damage|p1a: Tyranitar|0 fnt
|faint|p1a: Tyranitar
|-hitcount|p1: Tyranitar|1
|
|-weather|Sandstorm|[upkeep]
|upkeep
|
|t:|1760720026
|switch|p1a: Excadrill|Excadrill, F|100/100
|turn|29
|
|t:|1760720029
|move|p1a: Excadrill|Iron Head|p2a: Iron Crown
|-resisted|p2a: Iron Crown
|-damage|p2a: Iron Crown|0 fnt
|faint|p2a: Iron Crown
|-end|p2a: Iron Crown|Quark Drive|[silent]
|
|-weather|Sandstorm|[upkeep]
|upkeep
|
|t:|1760720032
|switch|p2a: Great Tusk|Great Tusk|100/100
|turn|30
|
|t:|1760720036
|switch|p1a: Hydrapple|Hydrapple, F, tera:Water|88/100
|move|p2a: Great Tusk|Headlong Rush|p1a: Hydrapple
|-damage|p1a: Hydrapple|60/100
|-unboost|p2a: Great Tusk|def|1
|-unboost|p2a: Great Tusk|spd|1
|
|-weather|Sandstorm|[upkeep]
|-damage|p1a: Hydrapple|54/100|[from] Sandstorm
|upkeep
|turn|31
|inactive|michaelgoalise has 120 seconds left.
|
|t:|1760720050
|-end|p2a: Great Tusk|Protosynthesis|[silent]
|switch|p2a: Dragonite|Dragonite, F|85/100
|move|p1a: Hydrapple|Giga Drain|p2a: Dragonite
|-resisted|p2a: Dragonite
|-damage|p2a: Dragonite|77/100
|-heal|p1a: Hydrapple|57/100|[from] drain|[of] p2a: Dragonite
|
|-weather|none
|upkeep
|turn|32
|
|t:|1760720055
|switch|p1a: Excadrill|Excadrill, F|100/100
|-terastallize|p2a: Dragonite|Flying
|move|p2a: Dragonite|Dragon Dance|p2a: Dragonite
|-boost|p2a: Dragonite|atk|1
|-boost|p2a: Dragonite|spe|1
|
|upkeep
|turn|33
|
|t:|1760720065
|move|p2a: Dragonite|Earthquake|p1a: Excadrill
|-supereffective|p1a: Excadrill
|-crit|p1a: Excadrill
|-damage|p1a: Excadrill|0 fnt
|faint|p1a: Excadrill
|
|upkeep
|
|t:|1760720067
|switch|p1a: Hydrapple|Hydrapple, F, tera:Water|91/100
|turn|34
|
|t:|1760720070
|move|p2a: Dragonite|Tera Blast|p1a: Hydrapple|[anim] Tera Blast Flying
|-damage|p1a: Hydrapple|40/100
|move|p1a: Hydrapple|Nasty Plot|p1a: Hydrapple
|-boost|p1a: Hydrapple|spa|2
|
|upkeep
|turn|35
|
|t:|1760720074
|move|p2a: Dragonite|Tera Blast|p1a: Hydrapple|[anim] Tera Blast Flying
|-damage|p1a: Hydrapple|0 fnt
|faint|p1a: Hydrapple
|
|win|ErroDeDigitacao
|raw|michaelgoalise's rating: 1626 &rarr; <strong>1608</strong><br />(-18 for losing)
|raw|ErroDeDigitacao's rating: 1660 &rarr; <strong>1678</strong><br />(+18 for winning)
|c|☆ErroDeDigitacao|GG
|l|☆michaelgoalise
|player|p1|
