|j|☆TestingAccount7988
|j|☆capitolg
|t:|1760861366
|gametype|singles
|player|p1|TestingAccount7988|101|1161
|player|p2|capitolg|bellelba|1131
|gen|9
|tier|[Gen 9] OU
|rated|
|rule|HP Percentage Mod: HP is shown in percentages
|rule|Endless Battle Clause: Forcing endless battles is banned
|rule|Species Clause: Limit one of each Pokémon
|rule|OHKO Clause: OHKO moves are banned
|rule|Evasion Items Clause: Evasion items are banned
|rule|Evasion Moves Clause: Evasion moves are banned
|rule|Evasion Abilities Clause: Evasion abilities are banned
|rule|Sleep Moves Clause: Sleep-inducing moves are banned
|clearpoke
|poke|p1|Iron Boulder|
|poke|p1|Rillaboom, M|
|poke|p1|Alomomola, F|
|poke|p1|Heatran, F|
|poke|p1|Dragapult, M|
|poke|p1|Great Tusk|
|poke|p2|Vikavolt, F|
|poke|p2|Gothitelle, F|
|poke|p2|Smeargle, F|
|poke|p2|Empoleon, M|
|poke|p2|Passimian, F|
|poke|p2|Dusknoir, M|
|teampreview
|
|t:|1760861376
|teamsize|p1|6
|teamsize|p2|6
|start
|switch|p1a: Dragapult|Dragapult, M|100/100
|switch|p2a: Vikavolt|Vikavolt, F|100/100
|turn|1
|
|t:|1760861381
|move|p1a: Dragapult|Draco Meteor|p2a: Vikavolt
|-damage|p2a: Vikavolt|6/100
|-unboost|p1a: Dragapult|spa|2
|move|p2a: Vikavolt|Sticky Web|p1a: Dragapult
|-sidestart|p1: TestingAccount7988|move: Sticky Web
|
|upkeep
|turn|2
|
|t:|1760861387
|move|p1a: Dragapult|Draco Meteor|p2a: Vikavolt
|-damage|p2a: Vikavolt|0 fnt
|-unboost|p1a: Dragapult|spa|2
|faint|p2a: Vikavolt
|
|upkeep
|
|t:|1760861389
|switch|p2a: Smeargle|Smeargle, F|100/100
|turn|3
|
|t:|1760861393
|switch|p1a: Great Tusk|Great Tusk|100/100
|-activate|p1a: Great Tusk|move: Sticky Web
|-unboost|p1a: Great Tusk|spe|1
|move|p2a: Smeargle|Trick Room|p2a: Smeargle
|-fieldstart|move: Trick Room|[of] p2a: Smeargle
|
|upkeep
|turn|4
|
|t:|1760861408
|move|p2a: Smeargle|Burning Bulwark|p2a: Smeargle
|-singleturn|p2a: Smeargle|move: Protect
|move|p1a: Great Tusk|Close Combat|p2a: Smeargle
|-activate|p2a: Smeargle|move: Protect
|-status|p1a: Great Tusk|brn
|
|-damage|p1a: Great Tusk|94/100 brn|[from] brn
|upkeep
|turn|5
|
|t:|1760861412
|move|p2a: Smeargle|Court Change|p2a: Smeargle
|-swapsideconditions
|-activate|p2a: Smeargle|move: Court Change
|move|p1a: Great Tusk|Close Combat|p2a: Smeargle
|-supereffective|p2a: Smeargle
|-enditem|p2a: Smeargle|Focus Sash
|-damage|p2a: Smeargle|1/100
|-unboost|p1a: Great Tusk|def|1
|-unboost|p1a: Great Tusk|spd|1
|
|-damage|p1a: Great Tusk|88/100 brn|[from] brn
|upkeep
|turn|6
|
|t:|1760861418
|move|p2a: Smeargle|Taunt|p1a: Great Tusk
|-start|p1a: Great Tusk|move: Taunt
|move|p1a: Great Tusk|Rapid Spin|p2a: Smeargle
|-damage|p2a: Smeargle|0 fnt
|-boost|p1a: Great Tusk|spe|1
|faint|p2a: Smeargle
|
|-damage|p1a: Great Tusk|82/100 brn|[from] brn
|upkeep
|
|t:|1760861421
|switch|p2a: Dusknoir|Dusknoir, M|100/100
|-activate|p2a: Dusknoir|move: Sticky Web
|-unboost|p2a: Dusknoir|spe|1
|-ability|p2a: Dusknoir|Pressure
|turn|7
|
|t:|1760861431
|move|p2a: Dusknoir|Ice Punch|p1a: Great Tusk
|-supereffective|p1a: Great Tusk
|-damage|p1a: Great Tusk|26/100 brn
|move|p1a: Great Tusk|Headlong Rush|p2a: Dusknoir
|-damage|p2a: Dusknoir|72/100
|-unboost|p1a: Great Tusk|def|1
|-unboost|p1a: Great Tusk|spd|1
|
|-damage|p1a: Great Tusk|20/100 brn|[from] brn
|-fieldend|move: Trick Room
|upkeep
|turn|8
|
|t:|1760861435
|-end|p1a: Great Tusk|Protosynthesis|[silent]
|switch|p1a: Alomomola|Alomomola, F|100/100
|move|p2a: Dusknoir|Trick Room|p2a: Dusknoir
|-fieldstart|move: Trick Room|[of] p2a: Dusknoir
|
|upkeep
|turn|9
|
|t:|1760861445
|move|p2a: Dusknoir|Poltergeist|p1a: Alomomola
|-activate|p1a: Alomomola|move: Poltergeist|Eject Button
|-damage|p1a: Alomomola|70/100
|-enditem|p1a: Alomomola|Eject Button
|
|t:|1760861461
|switch|p1a: Heatran|Heatran, F|100/100
|
|upkeep
|turn|10
|
|t:|1760861482
|switch|p2a: Passimian|Passimian, F|100/100
|-activate|p2a: Passimian|move: Sticky Web
|-unboost|p2a: Passimian|spe|1
|-ability|p2a: Passimian|Defiant|boost
|-boost|p2a: Passimian|atk|2
|move|p1a: Heatran|Protect||[still]
|-fail|p1a: Heatran
|
|upkeep
|turn|11
|
|t:|1760861487
|move|p1a: Heatran|Protect|p1a: Heatran
|-singleturn|p1a: Heatran|Protect
|move|p2a: Passimian|Earthquake|p1a: Heatran
|-activate|p1a: Heatran|move: Protect
|
|upkeep
|turn|12
|
|t:|1760861494
|switch|p1a: Great Tusk|Great Tusk|20/100 brn
|move|p2a: Passimian|Earthquake|p1a: Great Tusk
|-damage|p1a: Great Tusk|0 fnt
|faint|p1a: Great Tusk
|-end|p1a: Great Tusk|Protosynthesis|[silent]
|
|-fieldend|move: Trick Room
|upkeep
|
|t:|1760861518
|switch|p1a: Rillaboom|Rillaboom, M|100/100
|-fieldstart|move: Grassy Terrain|[from] ability: Grassy Surge|[of] p1a: Rillaboom
|turn|13
|
|t:|1760861520
|move|p1a: Rillaboom|Wood Hammer|p2a: Passimian
|-damage|p2a: Passimian|0 fnt
|faint|p2a: Passimian
|-damage|p1a: Rillaboom|64/100|[from] Recoil
|
|-heal|p1a: Rillaboom|70/100|[from] Grassy Terrain
|upkeep
|
|t:|1760861524
|switch|p2a: Dusknoir|Dusknoir, M|72/100
|-activate|p2a: Dusknoir|move: Sticky Web
|-unboost|p2a: Dusknoir|spe|1
|-ability|p2a: Dusknoir|Pressure
|turn|14
|
|t:|1760861527
|move|p1a: Rillaboom|Wood Hammer|p2a: Dusknoir
|-damage|p2a: Dusknoir|0 fnt
|faint|p2a: Dusknoir
|-damage|p1a: Rillaboom|49/100|[from] Recoil
|
|-heal|p1a: Rillaboom|55/100|[from] Grassy Terrain
|upkeep
|
|t:|1760861533
|switch|p2a: Empoleon|Empoleon, M|100/100
|-activate|p2a: Empoleon|move: Sticky Web
|-unboost|p2a: Empoleon|spe|1
|-ability|p2a: Empoleon|Competitive|boost
|-boost|p2a: Empoleon|spa|2
|turn|15
|
|t:|1760861536
|move|p1a: Rillaboom|Wood Hammer|p2a: Empoleon
|-damage|p2a: Empoleon|0 fnt
|faint|p2a: Empoleon
|-damage|p1a: Rillaboom|25/100|[from] Recoil
|
|-heal|p1a: Rillaboom|32/100|[from] Grassy Terrain
|upkeep
|
|t:|1760861538
|switch|p2a: Gothitelle|Gothitelle, F|100/100
|-activate|p2a: Gothitelle|move: Sticky Web
|-unboost|p2a: Gothitelle|spe|1
|-ability|p2a: Gothitelle|Competitive|boost
|-boost|p2a: Gothitelle|spa|2
|turn|16
|
|t:|1760861541
|-terastallize|p1a: Rillaboom|Grass
|move|p1a: Rillaboom|Wood Hammer|p2a: Gothitelle
|-damage|p2a: Gothitelle|0 fnt
|faint|p2a: Gothitelle
|-damage|p1a: Rillaboom|0 fnt|[from] Recoil
|faint|p1a: Rillaboom
|
|win|TestingAccount7988
|raw|TestingAccount7988's rating: 1161 &rarr; <strong>1184</strong><br />(+23 for winning)
|raw|capitolg's rating: 1131 &rarr; <strong>1108</strong><br />(-23 for losing)
|l|☆capitolg
|player|p2|
|l|☆TestingAccount7988
|player|p1|
