|j|☆werearewe
|j|☆stariaki
|t:|1760828520
|gametype|singles
|player|p1|werearewe|170|1657
|player|p2|stariaki|101|1711
|gen|9
|tier|[Gen 9] OU
|rated|
|rule|HP Percentage Mod: HP is shown in percentages
|rule|Endless Battle Clause: Forcing endless battles is banned
|rule|Species Clause: Limit one of each Pokémon
|rule|OHKO Clause: OHKO moves are banned
|rule|Evasion Items Clause: Evasion items are banned
|rule|Evasion Moves Clause: Evasion moves are banned
|rule|Evasion Abilities Clause: Evasion abilities are banned
|rule|Sleep Moves Clause: Sleep-inducing moves are banned
|clearpoke
|poke|p1|Ribombee, M|
|poke|p1|Cinderace, M|
|poke|p1|Ogerpon, F|
|poke|p1|Milotic, M|
|poke|p1|Kingambit, F|
|poke|p1|Empoleon, F|
|poke|p2|Polteageist|
|poke|p2|Scizor, F|
|poke|p2|Dragonite, F|
|poke|p2|Great Tusk|
|poke|p2|Cinderace, M|
|poke|p2|Alomomola, F|
|teampreview
|inactive|Battle timer is ON: inactive players will automatically lose when time's up. (requested by stariaki)
|
|t:|1760828539
|teamsize|p1|6
|teamsize|p2|6
|start
|switch|p1a: Ribombee|Ribombee, M|100/100
|switch|p2a: Cinderace|Cinderace, M|100/100
|turn|1
|
|t:|1760828544
|move|p1a: Ribombee|Sticky Web|p2a: Cinderace
|-sidestart|p2: stariaki|move: Sticky Web
|move|p2a: Cinderace|Pyro Ball|p1a: Ribombee
|-supereffective|p1a: Ribombee
|-enditem|p1a: Ribombee|Focus Sash
|-damage|p1a: Ribombee|1/100
|
|upkeep
|turn|2
|
|t:|1760828553
|move|p1a: Ribombee|U-turn|p2a: Cinderace
|-resisted|p2a: Cinderace
|-damage|p2a: Cinderace|91/100
|
|t:|1760828556
|switch|p1a: Cinderace|Cinderace, M|100/100|[from] U-turn
|move|p2a: Cinderace|U-turn|p1a: Cinderace
|-resisted|p1a: Cinderace
|-damage|p1a: Cinderace|86/100
|
|t:|1760828560
|switch|p2a: Alomomola|Alomomola, F|100/100|[from] U-turn
|-activate|p2a: Alomomola|move: Sticky Web
|-unboost|p2a: Alomomola|spe|1
|
|upkeep
|turn|3
|
|t:|1760828566
|move|p1a: Cinderace|Will-O-Wisp|p2a: Alomomola
|-status|p2a: Alomomola|brn
|move|p2a: Alomomola|Flip Turn|p1a: Cinderace
|-supereffective|p1a: Cinderace
|-damage|p1a: Cinderace|65/100
|
|t:|1760828571
|switch|p2a: Cinderace|Cinderace, M|91/100|[from] Flip Turn
|
|upkeep
|turn|4
|
|t:|1760828598
|move|p1a: Cinderace|Pyro Ball|p2a: Cinderace
|-resisted|p2a: Cinderace
|-damage|p2a: Cinderace|56/100
|move|p2a: Cinderace|Pyro Ball|p1a: Cinderace
|-resisted|p1a: Cinderace
|-damage|p1a: Cinderace|27/100
|
|upkeep
|turn|5
|
|t:|1760828602
|move|p1a: Cinderace|Court Change|p1a: Cinderace
|-swapsideconditions
|-activate|p1a: Cinderace|move: Court Change
|move|p2a: Cinderace|Pyro Ball|p1a: Cinderace
|-resisted|p1a: Cinderace
|-damage|p1a: Cinderace|0 fnt
|faint|p1a: Cinderace
|
|upkeep
|
|t:|1760828612
|switch|p1a: Ogerpon|Ogerpon, F|100/100
|-activate|p1a: Ogerpon|move: Sticky Web
|-unboost|p1a: Ogerpon|spe|1
|-ability|p1a: Ogerpon|Defiant|boost
|-boost|p1a: Ogerpon|atk|2
|-enditem|p1a: Ogerpon|White Herb
|-clearnegativeboost|p1a: Ogerpon|[silent]
|turn|6
|
|t:|1760828622
|-terastallize|p1a: Ogerpon|Grass
|detailschange|p1a: Ogerpon|Ogerpon-Teal-Tera, F, tera:Grass
|-ability|p1a: Ogerpon|Embody Aspect (Teal)|boost
|-boost|p1a: Ogerpon|spe|1
|move|p1a: Ogerpon|Knock Off|p2a: Cinderace
|-damage|p2a: Cinderace|0 fnt
|-enditem|p2a: Cinderace|Heavy-Duty Boots|[from] move: Knock Off|[of] p1a: Ogerpon
|faint|p2a: Cinderace
|
|upkeep
|
|t:|1760828625
|switch|p2a: Polteageist|Polteageist|100/100
|turn|7
|
|t:|1760828633
|move|p1a: Ogerpon|Knock Off|p2a: Polteageist
|-supereffective|p2a: Polteageist
|-enditem|p2a: Polteageist|Focus Sash
|-damage|p2a: Polteageist|1/100
|-ability|p2a: Polteageist|Weak Armor|boost
|-unboost|p2a: Polteageist|def|1
|-boost|p2a: Polteageist|spe|2
|move|p2a: Polteageist|Shell Smash|p2a: Polteageist
|-unboost|p2a: Polteageist|def|1
|-unboost|p2a: Polteageist|spd|1
|-boost|p2a: Polteageist|atk|2
|-boost|p2a: Polteageist|spa|2
|-boost|p2a: Polteageist|spe|2
|
|upkeep
|turn|8
|
|t:|1760828648
|switch|p1a: Ribombee|Ribombee, M|1/100
|-activate|p1a: Ribombee|move: Sticky Web
|-unboost|p1a: Ribombee|spe|1
|-terastallize|p2a: Polteageist|Fighting
|move|p2a: Polteageist|Tera Blast|p1a: Ribombee|[anim] Tera Blast Fighting
|-resisted|p1a: Ribombee
|-damage|p1a: Ribombee|0 fnt
|faint|p1a: Ribombee
|
|upkeep
|
|t:|1760828654
|switch|p1a: Empoleon|Empoleon, F|100/100
|-activate|p1a: Empoleon|move: Sticky Web
|-unboost|p1a: Empoleon|spe|1
|-ability|p1a: Empoleon|Competitive|boost
|-boost|p1a: Empoleon|spa|2
|turn|9
|
|t:|1760828660
|move|p1a: Empoleon|Vacuum Wave|p2a: Polteageist
|-damage|p2a: Polteageist|0 fnt
|faint|p2a: Polteageist
|
|upkeep
|
|t:|1760828663
|switch|p2a: Great Tusk|Great Tusk|100/100
|turn|10
|
|t:|1760828666
|switch|p1a: Ogerpon|Ogerpon-Teal-Tera, F, tera:Grass|100/100
|-activate|p1a: Ogerpon|move: Sticky Web
|-unboost|p1a: Ogerpon|spe|1
|-ability|p1a: Ogerpon|Embody Aspect (Teal)|boost
|-boost|p1a: Ogerpon|spe|1
|move|p2a: Great Tusk|Earthquake|p1a: Ogerpon
|-resisted|p1a: Ogerpon
|-damage|p1a: Ogerpon|66/100
|
|upkeep
|turn|11
|
|t:|1760828671
|-end|p2a: Great Tusk|Protosynthesis|[silent]
|switch|p2a: Scizor|Scizor, F|100/100
|move|p1a: Ogerpon|Knock Off|p2a: Scizor
|-damage|p2a: Scizor|66/100
|-enditem|p2a: Scizor|Choice Band|[from] move: Knock Off|[of] p1a: Ogerpon
|
|upkeep
|turn|12
|
|t:|1760828679
|switch|p1a: Kingambit|Kingambit, F|100/100
|-activate|p1a: Kingambit|move: Sticky Web
|-unboost|p1a: Kingambit|spe|1
|-ability|p1a: Kingambit|Defiant|boost
|-boost|p1a: Kingambit|atk|2
|move|p2a: Scizor|U-turn|p1a: Kingambit
|-damage|p1a: Kingambit|69/100
|
|t:|1760828683
|switch|p2a: Great Tusk|Great Tusk|100/100|[from] U-turn
|
|upkeep
|turn|13
|
|t:|1760828686
|move|p2a: Great Tusk|Close Combat|p1a: Kingambit
|-supereffective|p1a: Kingambit
|-damage|p1a: Kingambit|0 fnt
|-unboost|p2a: Great Tusk|def|1
|-unboost|p2a: Great Tusk|spd|1
|faint|p1a: Kingambit
|
|upkeep
|
|t:|1760828689
|switch|p1a: Ogerpon|Ogerpon-Teal-Tera, F, tera:Grass|66/100
|-activate|p1a: Ogerpon|move: Sticky Web
|-unboost|p1a: Ogerpon|spe|1
|-ability|p1a: Ogerpon|Embody Aspect (Teal)|boost
|-boost|p1a: Ogerpon|spe|1
|turn|14
|
|t:|1760828696
|-end|p2a: Great Tusk|Protosynthesis|[silent]
|switch|p2a: Dragonite|Dragonite, F|100/100
|move|p1a: Ogerpon|Ivy Cudgel|p2a: Dragonite
|-resisted|p2a: Dragonite
|-damage|p2a: Dragonite|93/100
|
|-heal|p2a: Dragonite|99/100|[from] item: Leftovers
|upkeep
|turn|15
|
|t:|1760828701
|move|p1a: Ogerpon|Knock Off|p2a: Dragonite
|-damage|p2a: Dragonite|69/100
|-enditem|p2a: Dragonite|Leftovers|[from] move: Knock Off|[of] p1a: Ogerpon
|move|p2a: Dragonite|Dragon Dance|p2a: Dragonite
|-boost|p2a: Dragonite|atk|1
|-boost|p2a: Dragonite|spe|1
|
|upkeep
|turn|16
|
|t:|1760828705
|move|p2a: Dragonite|Roost|p2a: Dragonite
|-heal|p2a: Dragonite|100/100
|-singleturn|p2a: Dragonite|move: Roost
|move|p1a: Ogerpon|Encore|p2a: Dragonite
|-start|p2a: Dragonite|Encore
|
|upkeep
|turn|17
|
|t:|1760828710
|switch|p1a: Empoleon|Empoleon, F|100/100
|-activate|p1a: Empoleon|move: Sticky Web
|-unboost|p1a: Empoleon|spe|1
|-ability|p1a: Empoleon|Competitive|boost
|-boost|p1a: Empoleon|spa|2
|move|p2a: Dragonite|Roost||[still]
|-fail|p2a: Dragonite|heal
|
|upkeep
|turn|18
|
|t:|1760828712
|move|p2a: Dragonite|Roost||[still]
|-fail|p2a: Dragonite|heal
|move|p1a: Empoleon|Ice Beam|p2a: Dragonite
|-supereffective|p2a: Dragonite
|-damage|p2a: Dragonite|0 fnt
|faint|p2a: Dragonite
|
|upkeep
|
|t:|1760828718
|switch|p2a: Great Tusk|Great Tusk|100/100
|turn|19
|inactive|werearewe has 120 seconds left.
|inactive|werearewe has 90 seconds left.
|inactive|werearewe has 60 seconds left.
|
|t:|1760828810
|move|p1a: Empoleon|Vacuum Wave|p2a: Great Tusk
|-damage|p2a: Great Tusk|79/100
|move|p2a: Great Tusk|Close Combat|p1a: Empoleon
|-supereffective|p1a: Empoleon
|-damage|p1a: Empoleon|0 fnt
|-unboost|p2a: Great Tusk|def|1
|-unboost|p2a: Great Tusk|spd|1
|faint|p1a: Empoleon
|
|upkeep
|inactive|werearewe has 60 seconds left.
|inactive|werearewe has 30 seconds left.
|inactive|werearewe has 20 seconds left.
|
|t:|1760828855
|switch|p1a: Milotic|Milotic, M|100/100
|-activate|p1a: Milotic|move: Sticky Web
|-unboost|p1a: Milotic|spe|1
|-ability|p1a: Milotic|Competitive|boost
|-boost|p1a: Milotic|spa|2
|turn|20
|inactive|werearewe has 30 seconds left this turn.
|
|t:|1760828863
|-end|p2a: Great Tusk|Protosynthesis|[silent]
|switch|p2a: Alomomola|Alomomola, F|100/100 brn
|move|p1a: Milotic|Draining Kiss|p2a: Alomomola
|-damage|p2a: Alomomola|62/100 brn
|-damage|p1a: Milotic|84/100|[from] item: Rocky Helmet|[of] p2a: Alomomola
|
|-damage|p2a: Alomomola|56/100 brn|[from] brn
|upkeep
|turn|21
|
|t:|1760828868
|move|p1a: Milotic|Draining Kiss|p2a: Alomomola
|-damage|p2a: Alomomola|18/100 brn
|-heal|p1a: Milotic|100/100|[from] drain|[of] p2a: Alomomola
|-damage|p1a: Milotic|84/100|[from] item: Rocky Helmet|[of] p2a: Alomomola
|move|p2a: Alomomola|Flip Turn|p1a: Milotic
|-resisted|p1a: Milotic
|-damage|p1a: Milotic|79/100
|
|t:|1760828876
|switch|p2a: Great Tusk|Great Tusk|79/100|[from] Flip Turn
|
|upkeep
|turn|22
|
|t:|1760828882
|-end|p2a: Great Tusk|Protosynthesis|[silent]
|switch|p2a: Alomomola|Alomomola, F|52/100 brn
|move|p1a: Milotic|Draining Kiss|p2a: Alomomola
|-damage|p2a: Alomomola|10/100 brn
|-heal|p1a: Milotic|100/100|[from] drain|[of] p2a: Alomomola
|-damage|p1a: Milotic|84/100|[from] item: Rocky Helmet|[of] p2a: Alomomola
|
|-damage|p2a: Alomomola|4/100 brn|[from] brn
|upkeep
|turn|23
|
|t:|1760828887
|move|p1a: Milotic|Scald|p2a: Alomomola
|-resisted|p2a: Alomomola
|-damage|p2a: Alomomola|0 fnt
|faint|p2a: Alomomola
|
|upkeep
|inactive|stariaki has 120 seconds left.
|
|t:|1760828922
|switch|p2a: Great Tusk|Great Tusk|79/100
|turn|24
|
|t:|1760828925
|move|p2a: Great Tusk|Close Combat|p1a: Milotic
|-damage|p1a: Milotic|12/100
|-unboost|p2a: Great Tusk|def|1
|-unboost|p2a: Great Tusk|spd|1
|move|p1a: Milotic|Draining Kiss|p2a: Great Tusk
|-supereffective|p2a: Great Tusk
|-damage|p2a: Great Tusk|6/100
|-heal|p1a: Milotic|71/100|[from] drain|[of] p2a: Great Tusk
|
|upkeep
|turn|25
|c|☆werearewe|damn
|
|t:|1760828939
|move|p2a: Great Tusk|Close Combat|p1a: Milotic
|-damage|p1a: Milotic|0 fnt
|-unboost|p2a: Great Tusk|def|1
|-unboost|p2a: Great Tusk|spd|1
|faint|p1a: Milotic
|
|upkeep
|
|t:|1760828941
|switch|p1a: Ogerpon|Ogerpon-Teal-Tera, F, tera:Grass|66/100
|-activate|p1a: Ogerpon|move: Sticky Web
|-unboost|p1a: Ogerpon|spe|1
|-ability|p1a: Ogerpon|Embody Aspect (Teal)|boost
|-boost|p1a: Ogerpon|spe|1
|turn|26
|c|☆stariaki|Assault vest😎
|
|t:|1760828954
|move|p1a: Ogerpon|Ivy Cudgel|p2a: Great Tusk
|-supereffective|p2a: Great Tusk
|-damage|p2a: Great Tusk|0 fnt
|faint|p2a: Great Tusk
|-end|p2a: Great Tusk|Protosynthesis|[silent]
|
|upkeep
|
|t:|1760828956
|switch|p2a: Scizor|Scizor, F|66/100
|turn|27
|inactive|werearewe has 90 seconds left.
|
|t:|1760828961
|move|p1a: Ogerpon|Superpower|p2a: Scizor
|-damage|p2a: Scizor|29/100
|-unboost|p1a: Ogerpon|atk|1
|-unboost|p1a: Ogerpon|def|1
|move|p2a: Scizor|U-turn|p1a: Ogerpon
|-supereffective|p1a: Ogerpon
|-damage|p1a: Ogerpon|0 fnt
|faint|p1a: Ogerpon
|detailschange|p1: Ogerpon|Ogerpon, F|[silent]
|
|win|stariaki
|raw|werearewe's rating: 1657 &rarr; <strong>1640</strong><br />(-17 for losing)
|raw|stariaki's rating: 1711 &rarr; <strong>1728</strong><br />(+17 for winning)
|c|☆stariaki|Gg
|c|☆werearewe|wp
|l|☆werearewe
|player|p1|
|c|☆stariaki|Thnx
|l|☆stariaki
|player|p2|
