|j|☆caijin
|j|☆HZBKAI8
|t:|1760845334
|gametype|singles
|player|p1|caijin|bianca|1097
|player|p2|HZBKAI8|266|1063
|gen|9
|tier|[Gen 9] OU
|rated|
|rule|HP Percentage Mod: HP is shown in percentages
|rule|Endless Battle Clause: Forcing endless battles is banned
|rule|Species Clause: Limit one of each Pokémon
|rule|OHKO Clause: OHKO moves are banned
|rule|Evasion Items Clause: Evasion items are banned
|rule|Evasion Moves Clause: Evasion moves are banned
|rule|Evasion Abilities Clause: Evasion abilities are banned
|rule|Sleep Moves Clause: Sleep-inducing moves are banned
|clearpoke
|poke|p1|Serperior, F|
|poke|p1|Meowstic, M|
|poke|p1|Chandelure, M|
|poke|p1|Pawmot, F|
|poke|p1|Noivern, M|
|poke|p1|Florges-Blue, F|
|poke|p2|Dragapult, M|
|poke|p2|Tinkaton, F|
|poke|p2|Rotom-Heat|
|poke|p2|Ludicolo, M|
|poke|p2|Dugtrio-Alola, F|
|poke|p2|Hydrapple, M|
|teampreview
|inactive|Battle timer is ON: inactive players will automatically lose when time's up. (requested by caijin)
|
|t:|1760845337
|teamsize|p1|6
|teamsize|p2|6
|start
|switch|p1a: Mirror|Meowstic, M|100/100
|switch|p2a: Ludicolo|Ludicolo, M|100/100
|turn|1
|
|t:|1760845343
|move|p1a: Mirror|Thunder Wave|p2a: Ludicolo
|-status|p2a: Ludicolo|par
|move|p2a: Ludicolo|Giga Drain|p1a: Mirror
|-damage|p1a: Mirror|62/100
|
|upkeep
|turn|2
|
|t:|1760845350
|move|p1a: Mirror|Light Screen|p1a: Mirror
|-sidestart|p1: caijin|move: Light Screen
|move|p2a: Ludicolo|Giga Drain|p1a: Mirror
|-damage|p1a: Mirror|43/100
|
|upkeep
|turn|3
|
|t:|1760845355
|move|p1a: Mirror|Reflect|p1a: Mirror
|-sidestart|p1: caijin|Reflect
|cant|p2a: Ludicolo|par
|
|upkeep
|turn|4
|
|t:|1760845361
|switch|p1a: Camellia|Serperior, F|100/100
|move|p2a: Ludicolo|Giga Drain|p1a: Camellia
|-resisted|p1a: Camellia
|-damage|p1a: Camellia|91/100
|
|upkeep
|turn|5
|
|t:|1760845368
|move|p1a: Camellia|Coil|p1a: Camellia
|-boost|p1a: Camellia|atk|1
|-boost|p1a: Camellia|def|1
|-boost|p1a: Camellia|accuracy|1
|cant|p2a: Ludicolo|par
|
|upkeep
|turn|6
|
|t:|1760845374
|move|p1a: Camellia|Coil|p1a: Camellia
|-boost|p1a: Camellia|atk|1
|-boost|p1a: Camellia|def|1
|-boost|p1a: Camellia|accuracy|1
|move|p2a: Ludicolo|Icy Wind|p1a: Camellia
|-supereffective|p1a: Camellia
|-damage|p1a: Camellia|71/100
|-unboost|p1a: Camellia|spe|1
|
|upkeep
|turn|7
|
|t:|1760845385
|move|p1a: Camellia|Bullet Seed|p2a: Ludicolo
|-damage|p2a: Ludicolo|74/100 par
|-damage|p2a: Ludicolo|46/100 par
|-damage|p2a: Ludicolo|17/100 par
|-damage|p2a: Ludicolo|0 fnt
|faint|p2a: Ludicolo
|-hitcount|p2: Ludicolo|4
|
|upkeep
|
|t:|1760845385
|switch|p2a: Rotom|Rotom-Heat|100/100
|turn|8
|
|t:|1760845395
|-terastallize|p1a: Camellia|Dragon
|move|p2a: Rotom|Overheat|p1a: Camellia
|-resisted|p1a: Camellia
|-damage|p1a: Camellia|53/100
|-unboost|p2a: Rotom|spa|2
|move|p1a: Camellia|Scale Shot|p2a: Rotom
|-damage|p2a: Rotom|74/100
|-damage|p2a: Rotom|50/100
|-damage|p2a: Rotom|24/100
|-damage|p2a: Rotom|0 fnt
|faint|p2a: Rotom
|-hitcount|p2: Rotom|4
|-unboost|p1a: Camellia|def|1
|-boost|p1a: Camellia|spe|1
|
|upkeep
|
|t:|1760845396
|switch|p2a: Dragapult|Dragapult, M|100/100
|turn|9
|
|t:|1760845414
|move|p2a: Dragapult|Draco Meteor|p1a: Camellia|[miss]
|-miss|p2a: Dragapult|p1a: Camellia
|move|p1a: Camellia|Scale Shot|p2a: Dragapult
|-supereffective|p2a: Dragapult
|-damage|p2a: Dragapult|49/100
|-supereffective|p2a: Dragapult
|-crit|p2a: Dragapult
|-damage|p2a: Dragapult|0 fnt
|faint|p2a: Dragapult
|-hitcount|p2: Dragapult|2
|-unboost|p1a: Camellia|def|1
|-boost|p1a: Camellia|spe|1
|
|-sideend|p1: caijin|move: Light Screen
|upkeep
|
|t:|1760845415
|switch|p2a: Tinkaton|Tinkaton, F|100/100
|-item|p2a: Tinkaton|Air Balloon
|turn|10
|
|t:|1760845431
|move|p1a: Camellia|Iron Tail|p2a: Tinkaton
|-damage|p2a: Tinkaton|33/100
|-enditem|p2a: Tinkaton|Air Balloon
|-enditem|p1a: Camellia|Loaded Dice|[silent]|[from] ability: Pickpocket|[of] p1a: Camellia
|-item|p2a: Tinkaton|Loaded Dice|[from] ability: Pickpocket|[of] p1a: Camellia
|move|p2a: Tinkaton|Gigaton Hammer|p1a: Camellia
|-damage|p1a: Camellia|16/100
|
|-sideend|p1: caijin|Reflect
|upkeep
|turn|11
|
|t:|1760845441
|move|p1a: Camellia|Iron Tail|p2a: Tinkaton
|-damage|p2a: Tinkaton|0 fnt
|faint|p2a: Tinkaton
|
|upkeep
|
|t:|1760845441
|switch|p2a: Hydrapple|Hydrapple, M|100/100
|turn|12
|
|t:|1760845448
|move|p1a: Camellia|Scale Shot|p2a: Hydrapple
|-supereffective|p2a: Hydrapple
|-damage|p2a: Hydrapple|74/100
|-supereffective|p2a: Hydrapple
|-damage|p2a: Hydrapple|49/100
|-supereffective|p2a: Hydrapple
|-damage|p2a: Hydrapple|20/100
|-hitcount|p2a: Hydrapple|3
|-unboost|p1a: Camellia|def|1
|-boost|p1a: Camellia|spe|1
|move|p2a: Hydrapple|Fickle Beam|p1a: Camellia|[anim] Fickle Beam All Out
|-activate|p2a: Hydrapple|move: Fickle Beam
|-supereffective|p1a: Camellia
|-damage|p1a: Camellia|0 fnt
|faint|p1a: Camellia
|
|upkeep
|
|t:|1760845461
|switch|p1a: Mirror|Meowstic, M|43/100
|turn|13
|
|t:|1760845464
|move|p1a: Mirror|Thunder Wave|p2a: Hydrapple
|-status|p2a: Hydrapple|par
|move|p2a: Hydrapple|Fickle Beam|p1a: Mirror|[anim] Fickle Beam All Out
|-activate|p2a: Hydrapple|move: Fickle Beam
|-damage|p1a: Mirror|0 fnt
|faint|p1a: Mirror
|
|upkeep
|
|t:|1760845477
|switch|p1a: Apricot|Pawmot, F|100/100
|turn|14
|
|t:|1760845480
|move|p1a: Apricot|Ice Punch|p2a: Hydrapple
|-supereffective|p2a: Hydrapple
|-damage|p2a: Hydrapple|0 fnt
|faint|p2a: Hydrapple
|
|upkeep
|
|t:|1760845480
|switch|p2a: Dugtrio|Dugtrio-Alola, F|100/100
|turn|15
|
|t:|1760845491
|move|p2a: Dugtrio|Earthquake|p1a: Apricot
|-supereffective|p1a: Apricot
|-damage|p1a: Apricot|0 fnt
|faint|p1a: Apricot
|
|upkeep
|
|t:|1760845498
|switch|p1a: Lisianthus|Florges-Blue, F|100/100
|turn|16
|
|t:|1760845502
|move|p2a: Dugtrio|Iron Head|p1a: Lisianthus
|-supereffective|p1a: Lisianthus
|-damage|p1a: Lisianthus|0 fnt
|faint|p1a: Lisianthus
|
|upkeep
|
|t:|1760845509
|switch|p1a: Misty|Noivern, M|100/100
|turn|17
|
|t:|1760845513
|move|p1a: Misty|Boomburst|p2a: Dugtrio
|-resisted|p2a: Dugtrio
|-damage|p2a: Dugtrio|58/100
|move|p2a: Dugtrio|Iron Head|p1a: Misty
|-damage|p1a: Misty|53/100
|
|-heal|p2a: Dugtrio|64/100|[from] item: Leftovers
|upkeep
|turn|18
|
|t:|1760845521
|move|p1a: Misty|Draco Meteor|p2a: Dugtrio|[miss]
|-miss|p1a: Misty|p2a: Dugtrio
|move|p2a: Dugtrio|Iron Head|p1a: Misty
|-damage|p1a: Misty|9/100
|
|-heal|p2a: Dugtrio|70/100|[from] item: Leftovers
|upkeep
|turn|19
|
|t:|1760845530
|move|p1a: Misty|Draco Meteor|p2a: Dugtrio
|-resisted|p2a: Dugtrio
|-crit|p2a: Dugtrio
|-damage|p2a: Dugtrio|0 fnt
|-unboost|p1a: Misty|spa|2
|faint|p2a: Dugtrio
|
|win|caijin
|raw|caijin's rating: 1097 &rarr; <strong>1120</strong><br />(+23 for winning)
|raw|HZBKAI8's rating: 1063 &rarr; <strong>1045</strong><br />(-18 for losing)
|l|☆HZBKAI8
|player|p2|
