|j|☆Limelight_01
|j|☆Dbjddhh
|t:|1760760152
|gametype|singles
|player|p1|Limelight_01|roxie|1053
|player|p2|Dbjddhh|kimonogirl|1105
|gen|9
|tier|[Gen 9] OU
|rated|
|rule|HP Percentage Mod: HP is shown in percentages
|rule|Endless Battle Clause: Forcing endless battles is banned
|rule|Species Clause: Limit one of each Pokémon
|rule|OHKO Clause: OHKO moves are banned
|rule|Evasion Items Clause: Evasion items are banned
|rule|Evasion Moves Clause: Evasion moves are banned
|rule|Evasion Abilities Clause: Evasion abilities are banned
|rule|Sleep Moves Clause: Sleep-inducing moves are banned
|clearpoke
|poke|p1|Zamazenta-*|
|poke|p1|Ninetales-Alola, F|
|poke|p1|Darkrai|
|poke|p1|Ceruledge, F|
|poke|p1|Gliscor, M|
|poke|p1|Hatterene, F|
|poke|p2|Gastrodon, F|
|poke|p2|Glimmora, M|
|poke|p2|Corviknight, M|
|poke|p2|Meowscarada, F|
|poke|p2|Gholdengo|
|poke|p2|Charizard, M|
|teampreview
|inactive|Battle timer is ON: inactive players will automatically lose when time's up. (requested by Dbjddhh)
|
|t:|1760760168
|teamsize|p1|6
|teamsize|p2|6
|start
|switch|p1a: Ninetales|Ninetales-Alola, F|100/100
|switch|p2a: Glimmora|Glimmora, M|100/100
|-weather|Snowscape|[from] ability: Snow Warning|[of] p1a: Ninetales
|turn|1
|
|t:|1760760187
|switch|p1a: Hatterene|Hatterene, F|100/100
|move|p2a: Glimmora|Stealth Rock|p1a: Hatterene
|move|p1a: Hatterene|Stealth Rock|p2a: Glimmora|[from] ability: Magic Bounce
|-sidestart|p2: Dbjddhh|move: Stealth Rock
|
|-weather|Snowscape|[upkeep]
|upkeep
|turn|2
|inactive|Limelight_01 has 120 seconds left.
|
|t:|1760760220
|move|p2a: Glimmora|Mortal Spin|p1a: Hatterene
|-supereffective|p1a: Hatterene
|-damage|p1a: Hatterene|90/100
|-status|p1a: Hatterene|psn
|-sideend|p2: Dbjddhh|Stealth Rock|[from] move: Mortal Spin|[of] p2a: Glimmora
|move|p1a: Hatterene|Calm Mind|p1a: Hatterene
|-boost|p1a: Hatterene|spa|1
|-boost|p1a: Hatterene|spd|1
|
|-weather|Snowscape|[upkeep]
|-heal|p1a: Hatterene|96/100 psn|[from] item: Leftovers
|-damage|p1a: Hatterene|84/100 psn|[from] psn
|upkeep
|turn|3
|inactive|Limelight_01 has 120 seconds left.
|
|t:|1760760232
|switch|p2a: Corviknight|Corviknight, M|100/100
|move|p1a: Hatterene|Psyshock|p2a: Corviknight
|-resisted|p2a: Corviknight
|-damage|p2a: Corviknight|81/100
|
|-weather|Snowscape|[upkeep]
|-heal|p1a: Hatterene|90/100 psn|[from] item: Leftovers
|-damage|p1a: Hatterene|78/100 psn|[from] psn
|upkeep
|turn|4
|inactive|Limelight_01 has 120 seconds left.
|
|t:|1760760269
|move|p2a: Corviknight|Iron Head|p1a: Hatterene
|-supereffective|p1a: Hatterene
|-damage|p1a: Hatterene|27/100 psn
|cant|p1a: Hatterene|flinch
|
|-weather|Snowscape|[upkeep]
|-heal|p1a: Hatterene|33/100 psn|[from] item: Leftovers
|-damage|p1a: Hatterene|20/100 psn|[from] psn
|upkeep
|turn|5
|
|t:|1760760278
|switch|p1a: Zamazenta|Zamazenta|100/100
|-ability|p1a: Zamazenta|Dauntless Shield|boost
|-boost|p1a: Zamazenta|def|1
|move|p2a: Corviknight|Iron Head|p1a: Zamazenta
|-damage|p1a: Zamazenta|85/100
|
|-weather|none
|upkeep
|turn|6
|
|t:|1760760287
|move|p1a: Zamazenta|Iron Defense|p1a: Zamazenta
|-boost|p1a: Zamazenta|def|2
|move|p2a: Corviknight|Brave Bird|p1a: Zamazenta
|-supereffective|p1a: Zamazenta
|-crit|p1a: Zamazenta
|-damage|p1a: Zamazenta|0 fnt
|faint|p1a: Zamazenta
|-damage|p2a: Corviknight|58/100|[from] Recoil
|
|upkeep
|
|t:|1760760293
|switch|p1a: Ninetales|Ninetales-Alola, F|100/100
|-weather|Snowscape|[from] ability: Snow Warning|[of] p1a: Ninetales
|turn|7
|
|t:|1760760299
|move|p1a: Ninetales|Aurora Veil|p1a: Ninetales
|-sidestart|p1: Limelight_01|move: Aurora Veil
|move|p2a: Corviknight|Iron Head|p1a: Ninetales
|-supereffective|p1a: Ninetales
|-crit|p1a: Ninetales
|-damage|p1a: Ninetales|0 fnt
|faint|p1a: Ninetales
|
|-weather|Snowscape|[upkeep]
|upkeep
|
|t:|1760760308
|switch|p1a: Ceruledge|Ceruledge, F|100/100
|turn|8
|
|t:|1760760315
|switch|p2a: Gastrodon|Gastrodon, F|100/100
|move|p1a: Ceruledge|Bitter Blade|p2a: Gastrodon
|-resisted|p2a: Gastrodon
|-damage|p2a: Gastrodon|82/100
|
|-weather|Snowscape|[upkeep]
|-heal|p2a: Gastrodon|88/100|[from] item: Leftovers
|upkeep
|turn|9
|
|t:|1760760324
|move|p1a: Ceruledge|Taunt|p2a: Gastrodon
|-start|p2a: Gastrodon|move: Taunt
|move|p2a: Gastrodon|Surf|p1a: Ceruledge
|-supereffective|p1a: Ceruledge
|-damage|p1a: Ceruledge|66/100
|
|-weather|Snowscape|[upkeep]
|-heal|p2a: Gastrodon|94/100|[from] item: Leftovers
|upkeep
|turn|10
|
|t:|1760760335
|move|p1a: Ceruledge|Shadow Sneak|p2a: Gastrodon
|-damage|p2a: Gastrodon|75/100
|move|p2a: Gastrodon|Surf|p1a: Ceruledge
|-supereffective|p1a: Ceruledge
|-damage|p1a: Ceruledge|32/100
|
|-weather|Snowscape|[upkeep]
|-heal|p2a: Gastrodon|81/100|[from] item: Leftovers
|upkeep
|turn|11
|-message|Limelight_01 forfeited.
|
|win|Dbjddhh
|raw|Limelight_01's rating: 1053 &rarr; <strong>1038</strong><br />(-15 for losing)
|raw|Dbjddhh's rating: 1105 &rarr; <strong>1126</strong><br />(+21 for winning)
|l|☆Limelight_01
|player|p1|
|l|☆Dbjddhh
|player|p2|
