|j|☆MoncefTheW
|j|☆akt1903
|t:|1760729904
|gametype|singles
|player|p1|MoncefTheW|dawn|1175
|player|p2|akt1903|2|1129
|gen|9
|tier|[Gen 9] OU
|rated|
|rule|HP Percentage Mod: HP is shown in percentages
|rule|Endless Battle Clause: Forcing endless battles is banned
|rule|Species Clause: Limit one of each Pokémon
|rule|OHKO Clause: OHKO moves are banned
|rule|Evasion Items Clause: Evasion items are banned
|rule|Evasion Moves Clause: Evasion moves are banned
|rule|Evasion Abilities Clause: Evasion abilities are banned
|rule|Sleep Moves Clause: Sleep-inducing moves are banned
|clearpoke
|poke|p1|Kommo-o, M|
|poke|p1|Iron Hands|
|poke|p1|Gyarados, M|
|poke|p1|Meowscarada, M|
|poke|p1|Chandelure, M|
|poke|p1|Maushold-Four|
|poke|p2|Gardevoir, F|
|poke|p2|Armarouge, M|
|poke|p2|Ursaluna, M|
|poke|p2|Greninja-*, M|
|poke|p2|Rillaboom, F|
|poke|p2|Metagross|
|teampreview
|inactive|Battle timer is ON: inactive players will automatically lose when time's up. (requested by MoncefTheW)
|
|t:|1760729915
|teamsize|p1|6
|teamsize|p2|6
|start
|switch|p1a: Best Tiger|Meowscarada, M, shiny|100/100
|switch|p2a: Armarouge|Armarouge, M|100/100
|turn|1
|
|t:|1760729927
|move|p1a: Best Tiger|U-turn|p2a: Armarouge
|-start|p1a: Best Tiger|typechange|Bug|[from] ability: Protean
|-damage|p2a: Armarouge|71/100
|
|t:|1760729931
|switch|p1a: Rexplode|Chandelure, M, shiny|100/100|[from] U-turn
|move|p2a: Armarouge|Armor Cannon|p1a: Rexplode
|-start|p1a: Rexplode|ability: Flash Fire
|
|upkeep
|turn|2
|
|t:|1760729939
|move|p1a: Rexplode|Substitute|p1a: Rexplode
|-start|p1a: Rexplode|Substitute
|-damage|p1a: Rexplode|76/100
|move|p2a: Armarouge|Trick Room|p2a: Armarouge
|-fieldstart|move: Trick Room|[of] p2a: Armarouge
|
|-heal|p1a: Rexplode|82/100|[from] item: Leftovers
|upkeep
|turn|3
|
|t:|1760729948
|move|p2a: Armarouge|Armor Cannon|p1a: Rexplode
|-immune|p1a: Rexplode|[from] ability: Flash Fire
|move|p1a: Rexplode|Shadow Ball|p2a: Armarouge
|-supereffective|p2a: Armarouge
|-damage|p2a: Armarouge|0 fnt
|faint|p2a: Armarouge
|
|-heal|p1a: Rexplode|88/100|[from] item: Leftovers
|upkeep
|
|t:|1760729961
|switch|p2a: Ursaluna|Ursaluna, M|100/100
|turn|4
|
|t:|1760729969
|move|p2a: Ursaluna|Headlong Rush|p1a: Rexplode
|-supereffective|p1a: Rexplode
|-end|p1a: Rexplode|Substitute
|-unboost|p2a: Ursaluna|def|1
|-unboost|p2a: Ursaluna|spd|1
|move|p1a: Rexplode|Flamethrower|p2a: Ursaluna
|-damage|p2a: Ursaluna|4/100
|
|-heal|p1a: Rexplode|94/100|[from] item: Leftovers
|-status|p2a: Ursaluna|brn|[from] item: Flame Orb
|upkeep
|turn|5
|
|t:|1760729986
|-end|p1a: Rexplode|ability: Flash Fire|[silent]
|switch|p1a: Mister Liu|Gyarados, M, shiny|100/100
|move|p2a: Ursaluna|Headlong Rush|p1a: Mister Liu
|-immune|p1a: Mister Liu
|
|-damage|p2a: Ursaluna|0 fnt|[from] brn
|faint|p2a: Ursaluna
|upkeep
|
|t:|1760729998
|switch|p2a: Metagross|Metagross|100/100
|turn|6
|
|t:|1760730011
|-terastallize|p1a: Mister Liu|Ground
|move|p2a: Metagross|Ice Punch|p1a: Mister Liu
|-supereffective|p1a: Mister Liu
|-damage|p1a: Mister Liu|36/100
|move|p1a: Mister Liu|Earthquake|p2a: Metagross
|-supereffective|p2a: Metagross
|-damage|p2a: Metagross|4/100
|
|-heal|p2a: Metagross|10/100|[from] item: Leftovers
|-fieldend|move: Trick Room
|upkeep
|turn|7
|
|t:|1760730025
|move|p1a: Mister Liu|Ice Fang|p2a: Metagross
|-resisted|p2a: Metagross
|-damage|p2a: Metagross|0 fnt
|faint|p2a: Metagross
|-ability|p1a: Mister Liu|Moxie|boost
|-boost|p1a: Mister Liu|atk|1
|
|upkeep
|-message|akt1903 forfeited.
|
|win|MoncefTheW
|raw|MoncefTheW's rating: 1175 &rarr; <strong>1197</strong><br />(+22 for winning)
|raw|akt1903's rating: 1129 &rarr; <strong>1107</strong><br />(-22 for losing)
|l|☆akt1903
|player|p2|
