|j|‽bigkatt96
|j|☆Thai ladyboi
|t:|1760767335
|gametype|singles
|player|p1|bigkatt96|102|1263
|player|p2|Thai ladyboi|266|1231
|gen|9
|tier|[Gen 9] OU
|rated|
|rule|HP Percentage Mod: HP is shown in percentages
|rule|Endless Battle Clause: Forcing endless battles is banned
|rule|Species Clause: Limit one of each Pokémon
|rule|OHKO Clause: OHKO moves are banned
|rule|Evasion Items Clause: Evasion items are banned
|rule|Evasion Moves Clause: Evasion moves are banned
|rule|Evasion Abilities Clause: Evasion abilities are banned
|rule|Sleep Moves Clause: Sleep-inducing moves are banned
|clearpoke
|poke|p1|Barraskewda, M|
|poke|p1|Pelipper, M|
|poke|p1|Kingdra, M|
|poke|p1|Overqwil, M|
|poke|p1|Zapdos|
|poke|p1|Garchomp, M|
|poke|p2|Ninetales-Alola, M|
|poke|p2|Gliscor, F|
|poke|p2|Weezing-Galar, M|
|poke|p2|Gholdengo|
|poke|p2|Ceruledge, M|
|poke|p2|Primarina, F|
|teampreview
|
|t:|1760767346
|teamsize|p1|6
|teamsize|p2|6
|start
|switch|p1a: Pelipper|Pelipper, M|100/100
|switch|p2a: Weezing|Weezing-Galar, M|100/100
|-ability|p2a: Weezing|Neutralizing Gas
|turn|1
|inactive|Battle timer is ON: inactive players will automatically lose when time's up. (requested by Thai ladyboi)
|
|t:|1760767361
|move|p1a: Pelipper|Surf|p2a: Weezing
|-damage|p2a: Weezing|58/100
|move|p2a: Weezing|Will-O-Wisp|p1a: Pelipper|[miss]
|-miss|p2a: Weezing|p1a: Pelipper
|
|upkeep
|turn|2
|
|t:|1760767367
|move|p1a: Pelipper|U-turn|p2a: Weezing
|-resisted|p2a: Weezing
|-damage|p2a: Weezing|57/100
|-damage|p1a: Pelipper|84/100|[from] item: Rocky Helmet|[of] p2a: Weezing
|
|t:|1760767372
|switch|p1a: Zapdos|Zapdos, shiny|100/100|[from] U-turn
|move|p2a: Weezing|Pain Split|p1a: Zapdos
|-sethp|p1a: Zapdos|75/100|[from] move: Pain Split|[silent]
|-sethp|p2a: Weezing|86/100|[from] move: Pain Split
|
|upkeep
|turn|3
|
|t:|1760767383
|-end|p2a: Weezing|ability: Neutralizing Gas
|switch|p2a: Gholdengo|Gholdengo|100/100
|move|p1a: Zapdos|Thunder|p2a: Gholdengo|[miss]
|-miss|p1a: Zapdos|p2a: Gholdengo
|
|upkeep
|turn|4
|
|t:|1760767401
|move|p1a: Zapdos|Thunder|p2a: Gholdengo
|-damage|p2a: Gholdengo|46/100
|move|p2a: Gholdengo|Make It Rain|p1a: Zapdos
|-resisted|p1a: Zapdos
|-damage|p1a: Zapdos|47/100
|-unboost|p2a: Gholdengo|spa|1
|
|upkeep
|turn|5
|
|t:|1760767411
|switch|p2a: Ninetales|Ninetales-Alola, M|100/100
|-weather|Snowscape|[from] ability: Snow Warning|[of] p2a: Ninetales
|move|p1a: Zapdos|Hurricane|p2a: Ninetales|[miss]
|-miss|p1a: Zapdos|p2a: Ninetales
|
|-weather|Snowscape|[upkeep]
|upkeep
|turn|6
|
|t:|1760767420
|move|p2a: Ninetales|Moonblast|p1a: Zapdos
|-damage|p1a: Zapdos|22/100
|move|p1a: Zapdos|Roost|p1a: Zapdos
|-heal|p1a: Zapdos|72/100
|-singleturn|p1a: Zapdos|move: Roost
|
|-weather|Snowscape|[upkeep]
|upkeep
|turn|7
|
|t:|1760767430
|switch|p1a: Pelipper|Pelipper, M|84/100
|-weather|RainDance|[from] ability: Drizzle|[of] p1a: Pelipper
|move|p2a: Ninetales|Moonblast|p1a: Pelipper
|-damage|p1a: Pelipper|46/100
|
|-weather|RainDance|[upkeep]
|upkeep
|turn|8
|
|t:|1760767441
|switch|p1a: Overqwil|Overqwil, M|100/100
|move|p2a: Ninetales|Snowscape|p2a: Ninetales
|-weather|Snowscape
|
|-weather|Snowscape|[upkeep]
|upkeep
|turn|9
|
|t:|1760767448
|move|p2a: Ninetales|Aurora Veil|p2a: Ninetales
|-sidestart|p2: Thai ladyboi|move: Aurora Veil
|move|p1a: Overqwil|Swords Dance|p1a: Overqwil
|-boost|p1a: Overqwil|atk|2
|
|-weather|Snowscape|[upkeep]
|upkeep
|turn|10
|
|t:|1760767454
|move|p2a: Ninetales|Encore|p1a: Overqwil
|-start|p1a: Overqwil|Encore
|move|p1a: Overqwil|Swords Dance|p1a: Overqwil
|-boost|p1a: Overqwil|atk|2
|
|-weather|Snowscape|[upkeep]
|upkeep
|turn|11
|-message|bigkatt96 forfeited.
|
|win|Thai ladyboi
|raw|bigkatt96's rating: 1263 &rarr; <strong>1236</strong><br />(-27 for losing)
|raw|Thai ladyboi's rating: 1231 &rarr; <strong>1258</strong><br />(+27 for winning)
|l|‽bigkatt96
|player|p1|
|l|☆Thai ladyboi
|player|p2|
