|j|☆WeRrsome
|j|☆bobbydeoliscool
|t:|1760753829
|gametype|singles
|player|p1|WeRrsome|102|1443
|player|p2|bobbydeoliscool|170|1506
|gen|9
|tier|[Gen 9] OU
|rated|
|rule|HP Percentage Mod: HP is shown in percentages
|rule|Endless Battle Clause: Forcing endless battles is banned
|rule|Species Clause: Limit one of each Pokémon
|rule|OHKO Clause: OHKO moves are banned
|rule|Evasion Items Clause: Evasion items are banned
|rule|Evasion Moves Clause: Evasion moves are banned
|rule|Evasion Abilities Clause: Evasion abilities are banned
|rule|Sleep Moves Clause: Sleep-inducing moves are banned
|clearpoke
|poke|p1|Araquanid, M|
|poke|p1|Dragonite, F|
|poke|p1|Magnezone|
|poke|p1|Landorus-Therian, M|
|poke|p1|Iron Treads|
|poke|p1|Gengar, F|
|poke|p2|Moltres|
|poke|p2|Zamazenta-*|
|poke|p2|Darkrai|
|poke|p2|Hydrapple, M|
|poke|p2|Ting-Lu|
|poke|p2|Tinkaton, F|
|teampreview
|
|t:|1760753839
|teamsize|p1|6
|teamsize|p2|6
|start
|switch|p1a: Landorus|Landorus-Therian, M|100/100
|switch|p2a: Tinkaton|Tinkaton, F|100/100
|-ability|p1a: Landorus|Intimidate|boost
|-unboost|p2a: Tinkaton|atk|1
|-ability|p2a: Tinkaton|Mold Breaker
|turn|1
|inactive|Battle timer is ON: inactive players will automatically lose when time's up. (requested by bobbydeoliscool)
|
|t:|1760753855
|switch|p2a: Moltres|Moltres|100/100
|move|p1a: Landorus|U-turn|p2a: Moltres
|-resisted|p2a: Moltres
|-damage|p2a: Moltres|96/100
|-status|p1a: Landorus|brn|[from] ability: Flame Body|[of] p2a: Moltres
|
|t:|1760753861
|switch|p1a: Magnezone|Magnezone|100/100|[from] U-turn
|
|upkeep
|turn|2
|
|t:|1760753869
|switch|p2a: Ting-Lu|Ting-Lu|100/100
|-ability|p2a: Ting-Lu|Vessel of Ruin
|move|p1a: Magnezone|Volt Switch|p2a: Ting-Lu
|-immune|p2a: Ting-Lu
|
|upkeep
|turn|3
|inactive|bobbydeoliscool has 120 seconds left.
|
|t:|1760753907
|switch|p1a: Araquanid|Araquanid, M|100/100
|move|p2a: Ting-Lu|Ruination|p1a: Araquanid
|-damage|p1a: Araquanid|51/100
|
|upkeep
|turn|4
|
|t:|1760753915
|switch|p2a: Hydrapple|Hydrapple, M|100/100
|move|p1a: Araquanid|Sticky Web|p2a: Hydrapple
|-sidestart|p2: bobbydeoliscool|move: Sticky Web
|
|upkeep
|turn|5
|
|t:|1760753930
|switch|p1a: Iron Treads|Iron Treads|100/100
|move|p2a: Hydrapple|Nasty Plot|p2a: Hydrapple
|-boost|p2a: Hydrapple|spa|2
|
|upkeep
|turn|6
|
|t:|1760753936
|move|p1a: Iron Treads|Knock Off|p2a: Hydrapple
|-damage|p2a: Hydrapple|86/100
|-enditem|p2a: Hydrapple|Heavy-Duty Boots|[from] move: Knock Off|[of] p1a: Iron Treads
|move|p2a: Hydrapple|Earth Power|p1a: Iron Treads
|-supereffective|p1a: Iron Treads
|-damage|p1a: Iron Treads|47/100
|
|upkeep
|turn|7
|inactive|bobbydeoliscool has 120 seconds left.
|
|t:|1760753982
|move|p1a: Iron Treads|Iron Head|p2a: Hydrapple
|-damage|p2a: Hydrapple|69/100
|move|p2a: Hydrapple|Giga Drain|p1a: Iron Treads
|-damage|p1a: Iron Treads|10/100
|-heal|p2a: Hydrapple|86/100|[from] drain|[of] p1a: Iron Treads
|
|upkeep
|turn|8
|
|t:|1760753995
|move|p1a: Iron Treads|Iron Head|p2a: Hydrapple
|-crit|p2a: Hydrapple
|-damage|p2a: Hydrapple|58/100
|move|p2a: Hydrapple|Giga Drain|p1a: Iron Treads
|-damage|p1a: Iron Treads|0 fnt
|-heal|p2a: Hydrapple|62/100|[from] drain|[of] p1a: Iron Treads
|faint|p1a: Iron Treads
|-end|p1a: Iron Treads|Quark Drive|[silent]
|
|upkeep
|
|t:|1760753999
|switch|p1a: Magnezone|Magnezone|100/100
|turn|9
|
|t:|1760754003
|switch|p2a: Ting-Lu|Ting-Lu|100/100
|-activate|p2a: Ting-Lu|move: Sticky Web
|-unboost|p2a: Ting-Lu|spe|1
|-ability|p2a: Ting-Lu|Vessel of Ruin
|-terastallize|p1a: Magnezone|Flying
|move|p1a: Magnezone|Flash Cannon|p2a: Ting-Lu
|-damage|p2a: Ting-Lu|61/100
|-unboost|p2a: Ting-Lu|spd|1
|
|-heal|p2a: Ting-Lu|67/100|[from] item: Leftovers
|upkeep
|turn|10
|
|t:|1760754007
|move|p1a: Magnezone|Flash Cannon|p2a: Ting-Lu
|-damage|p2a: Ting-Lu|28/100
|move|p2a: Ting-Lu|Spikes|p1a: Magnezone
|-sidestart|p1: WeRrsome|Spikes
|
|-heal|p2a: Ting-Lu|34/100|[from] item: Leftovers
|upkeep
|turn|11
|
|t:|1760754032
|switch|p2a: Darkrai|Darkrai, shiny|100/100
|-activate|p2a: Darkrai|move: Sticky Web
|-unboost|p2a: Darkrai|spe|1
|move|p1a: Magnezone|Flash Cannon|p2a: Darkrai
|-damage|p2a: Darkrai|20/100
|
|upkeep
|turn|12
|
|t:|1760754040
|move|p2a: Darkrai|Ice Beam|p1a: Magnezone
|-supereffective|p1a: Magnezone
|-damage|p1a: Magnezone|32/100
|move|p1a: Magnezone|Flash Cannon|p2a: Darkrai
|-damage|p2a: Darkrai|0 fnt
|faint|p2a: Darkrai
|
|upkeep
|
|t:|1760754046
|switch|p2a: Tinkaton|Tinkaton, F|100/100
|-ability|p2a: Tinkaton|Mold Breaker
|turn|13
|inactive|WeRrsome has 120 seconds left.
|
|t:|1760754080
|switch|p1a: Landorus|Landorus-Therian, M|100/100 brn
|-ability|p1a: Landorus|Intimidate|boost
|-unboost|p2a: Tinkaton|atk|1
|move|p2a: Tinkaton|Gigaton Hammer|p1a: Landorus
|-damage|p1a: Landorus|68/100 brn
|
|-damage|p1a: Landorus|62/100 brn|[from] brn
|upkeep
|turn|14
|
|t:|1760754089
|switch|p2a: Moltres|Moltres|96/100
|move|p1a: Landorus|Stealth Rock|p2a: Moltres
|-sidestart|p2: bobbydeoliscool|move: Stealth Rock
|
|-damage|p1a: Landorus|56/100 brn|[from] brn
|upkeep
|turn|15
|
|t:|1760754097
|switch|p1a: Gengar|Gengar, F|100/100
|-damage|p1a: Gengar|88/100|[from] Spikes
|move|p2a: Moltres|U-turn|p1a: Gengar
|-resisted|p1a: Gengar
|-damage|p1a: Gengar|81/100
|
|t:|1760754102
|switch|p2a: Ting-Lu|Ting-Lu|34/100|[from] U-turn
|-activate|p2a: Ting-Lu|move: Sticky Web
|-unboost|p2a: Ting-Lu|spe|1
|-damage|p2a: Ting-Lu|28/100|[from] Stealth Rock
|-ability|p2a: Ting-Lu|Vessel of Ruin
|
|-heal|p2a: Ting-Lu|34/100|[from] item: Leftovers
|upkeep
|turn|16
|
|t:|1760754106
|switch|p1a: Araquanid|Araquanid, M|51/100
|move|p2a: Ting-Lu|Earthquake|p1a: Araquanid
|-resisted|p1a: Araquanid
|-damage|p1a: Araquanid|29/100
|
|-heal|p2a: Ting-Lu|40/100|[from] item: Leftovers
|upkeep
|turn|17
|
|t:|1760754116
|switch|p2a: Hydrapple|Hydrapple, M|95/100
|-activate|p2a: Hydrapple|move: Sticky Web
|-unboost|p2a: Hydrapple|spe|1
|-damage|p2a: Hydrapple|83/100|[from] Stealth Rock
|move|p1a: Araquanid|Leech Life|p2a: Hydrapple
|-supereffective|p2a: Hydrapple
|-damage|p2a: Hydrapple|49/100
|-heal|p1a: Araquanid|50/100|[from] drain|[of] p2a: Hydrapple
|
|upkeep
|turn|18
|
|t:|1760754132
|move|p2a: Hydrapple|Fickle Beam|p1a: Araquanid
|-damage|p1a: Araquanid|23/100
|move|p1a: Araquanid|Leech Life|p2a: Hydrapple
|-supereffective|p2a: Hydrapple
|-damage|p2a: Hydrapple|10/100
|-heal|p1a: Araquanid|47/100|[from] drain|[of] p2a: Hydrapple
|
|upkeep
|turn|19
|l|☆WeRrsome
|inactive|WeRrsome disconnected and has a minute to reconnect!
|player|p1|
|inactive|WeRrsome has 30 seconds to reconnect!
|inactive|WeRrsome has 20 seconds to reconnect!
|inactive|WeRrsome has 15 seconds to reconnect!
|inactive|WeRrsome has 10 seconds to reconnect!
|inactive|WeRrsome has 5 seconds to reconnect!
|-message|WeRrsome lost due to inactivity.
|
|win|bobbydeoliscool
|raw|WeRrsome's rating: 1443 &rarr; <strong>1427</strong><br />(-16 for losing)
|raw|bobbydeoliscool's rating: 1506 &rarr; <strong>1522</strong><br />(+16 for winning)
