|j|☆miden420
|j|☆DurantLatios拉帝欧斯侠
|t:|1760854501
|gametype|singles
|player|p1|miden420|clair|1311
|player|p2|DurantLatios拉帝欧斯侠|102|1356
|gen|9
|tier|[Gen 9] OU
|rated|
|rule|HP Percentage Mod: HP is shown in percentages
|rule|Endless Battle Clause: Forcing endless battles is banned
|rule|Species Clause: Limit one of each Pokémon
|rule|OHKO Clause: OHKO moves are banned
|rule|Evasion Items Clause: Evasion items are banned
|rule|Evasion Moves Clause: Evasion moves are banned
|rule|Evasion Abilities Clause: Evasion abilities are banned
|rule|Sleep Moves Clause: Sleep-inducing moves are banned
|clearpoke
|poke|p1|Garchomp, M|
|poke|p1|Zamazenta-*|
|poke|p1|Gholdengo|
|poke|p1|Moltres|
|poke|p1|Primarina, F|
|poke|p1|Iron Treads|
|poke|p2|Skarmory, M|
|poke|p2|Cinderace, F|
|poke|p2|Alomomola, F|
|poke|p2|Slowking-Galar, F|
|poke|p2|Tornadus-Therian, M|
|poke|p2|Kyurem|
|teampreview
|inactive|Battle timer is ON: inactive players will automatically lose when time's up. (requested by DurantLatios拉帝欧斯侠)
|
|t:|1760854510
|teamsize|p1|6
|teamsize|p2|6
|start
|switch|p1a: Garchomp|Garchomp, M|100/100
|switch|p2a: Cinderace|Cinderace, F|100/100
|turn|1
|inactive|miden420 has 120 seconds left.
|
|t:|1760854540
|move|p2a: Cinderace|Will-O-Wisp|p1a: Garchomp
|-status|p1a: Garchomp|brn
|move|p1a: Garchomp|Dragon Tail|p2a: Cinderace
|-damage|p2a: Cinderace|85/100
|drag|p2a: Kyurem|Kyurem|100/100
|-ability|p2a: Kyurem|Pressure
|
|-damage|p1a: Garchomp|94/100 brn|[from] brn
|upkeep
|turn|2
|inactive|miden420 has 120 seconds left.
|
|t:|1760854561
|switch|p1a: Moltres|Moltres|100/100
|move|p2a: Kyurem|Freeze-Dry|p1a: Moltres
|-damage|p1a: Moltres|66/100
|-status|p1a: Moltres|frz
|
|upkeep
|turn|3
|
|t:|1760854570
|move|p2a: Kyurem|Substitute|p2a: Kyurem
|-start|p2a: Kyurem|Substitute
|-damage|p2a: Kyurem|75/100
|cant|p1a: Moltres|frz
|
|-heal|p2a: Kyurem|82/100|[from] item: Leftovers
|upkeep
|turn|4
|inactive|miden420 has 120 seconds left.
|
|t:|1760854579
|move|p2a: Kyurem|Freeze-Dry|p1a: Moltres
|-damage|p1a: Moltres|30/100 frz
|-curestatus|p1a: Moltres|frz|[msg]
|move|p1a: Moltres|Roar|p2a: Kyurem
|drag|p2a: Tornadus|Tornadus-Therian, M|100/100
|
|upkeep
|turn|5
|
|t:|1760854587
|move|p2a: Tornadus|Bleakwind Storm|p1a: Moltres|[miss]
|-miss|p2a: Tornadus|p1a: Moltres
|move|p1a: Moltres|Roost|p1a: Moltres
|-heal|p1a: Moltres|80/100
|-singleturn|p1a: Moltres|move: Roost
|
|upkeep
|turn|6
|
|t:|1760854594
|switch|p1a: Primarina|Primarina, F, shiny|100/100
|move|p2a: Tornadus|Knock Off|p1a: Primarina
|-resisted|p1a: Primarina
|-damage|p1a: Primarina|88/100
|-enditem|p1a: Primarina|Assault Vest|[from] move: Knock Off|[of] p2a: Tornadus
|
|upkeep
|turn|7
|
|t:|1760854602
|move|p2a: Tornadus|U-turn|p1a: Primarina
|-resisted|p1a: Primarina
|-damage|p1a: Primarina|78/100
|
|t:|1760854606
|switch|p2a: Slowking|Slowking-Galar, F|100/100|[from] U-turn
|move|p1a: Primarina|Moonblast|p2a: Slowking
|-resisted|p2a: Slowking
|-damage|p2a: Slowking|85/100
|-unboost|p2a: Slowking|spa|1
|
|upkeep
|turn|8
|
|t:|1760854616
|move|p1a: Primarina|Psychic Noise|p2a: Slowking
|-damage|p2a: Slowking|70/100
|-start|p2a: Slowking|move: Heal Block
|move|p2a: Slowking|Sludge Bomb|p1a: Primarina
|-supereffective|p1a: Primarina
|-damage|p1a: Primarina|42/100
|
|upkeep
|turn|9
|
|t:|1760854630
|move|p1a: Primarina|Flip Turn|p2a: Slowking
|-damage|p2a: Slowking|54/100
|
|t:|1760854637
|switch|p1a: Iron Treads|Iron Treads|100/100|[from] Flip Turn
|move|p2a: Slowking|Sludge Bomb|p1a: Iron Treads
|-immune|p1a: Iron Treads
|
|-end|p2a: Slowking|move: Heal Block
|upkeep
|turn|10
|
|t:|1760854648
|switch|p2a: Skarmory|Skarmory, M|100/100
|move|p1a: Iron Treads|Knock Off|p2a: Skarmory
|-damage|p2a: Skarmory|71/100
|-ability|p2a: Skarmory|Weak Armor|boost
|-unboost|p2a: Skarmory|def|1
|-boost|p2a: Skarmory|spe|2
|-enditem|p2a: Skarmory|Leftovers|[from] move: Knock Off|[of] p1a: Iron Treads
|
|upkeep
|turn|11
|
|t:|1760854664
|-end|p1a: Iron Treads|Quark Drive|[silent]
|switch|p1a: Moltres|Moltres|80/100
|move|p2a: Skarmory|Swords Dance|p2a: Skarmory
|-boost|p2a: Skarmory|atk|2
|
|upkeep
|turn|12
|
|t:|1760854669
|move|p2a: Skarmory|Brave Bird|p1a: Moltres
|-damage|p1a: Moltres|15/100
|-damage|p2a: Skarmory|41/100|[from] Recoil
|move|p1a: Moltres|Will-O-Wisp|p2a: Skarmory
|-status|p2a: Skarmory|brn
|
|-damage|p2a: Skarmory|35/100 brn|[from] brn
|upkeep
|turn|13
|
|t:|1760854682
|switch|p1a: Iron Treads|Iron Treads|100/100
|move|p2a: Skarmory|Brave Bird|p1a: Iron Treads
|-resisted|p1a: Iron Treads
|-damage|p1a: Iron Treads|78/100
|-damage|p2a: Skarmory|27/100 brn|[from] Recoil
|
|-damage|p2a: Skarmory|21/100 brn|[from] brn
|upkeep
|turn|14
|
|t:|1760854702
|move|p2a: Skarmory|Roost|p2a: Skarmory
|-heal|p2a: Skarmory|71/100 brn
|-singleturn|p2a: Skarmory|move: Roost
|move|p1a: Iron Treads|Rapid Spin|p2a: Skarmory
|-resisted|p2a: Skarmory
|-damage|p2a: Skarmory|60/100 brn
|-boost|p1a: Iron Treads|spe|1
|-ability|p2a: Skarmory|Weak Armor|boost
|-unboost|p2a: Skarmory|def|1
|-boost|p2a: Skarmory|spe|2
|
|-damage|p2a: Skarmory|54/100 brn|[from] brn
|upkeep
|turn|15
|
|t:|1760854715
|-end|p1a: Iron Treads|Quark Drive|[silent]
|switch|p1a: Garchomp|Garchomp, M|94/100 brn
|move|p2a: Skarmory|Roost|p2a: Skarmory
|-heal|p2a: Skarmory|100/100 brn
|-singleturn|p2a: Skarmory|move: Roost
|
|-damage|p2a: Skarmory|95/100 brn|[from] brn
|-damage|p1a: Garchomp|88/100 brn|[from] brn
|upkeep
|turn|16
|
|t:|1760854719
|move|p2a: Skarmory|Brave Bird|p1a: Garchomp
|-damage|p1a: Garchomp|62/100 brn
|-damage|p2a: Skarmory|82/100 brn|[from] ability: Rough Skin|[of] p1a: Garchomp
|-damage|p2a: Skarmory|66/100 brn|[from] item: Rocky Helmet|[of] p1a: Garchomp
|-damage|p2a: Skarmory|52/100 brn|[from] Recoil
|move|p1a: Garchomp|Dragon Tail|p2a: Skarmory|[miss]
|-miss|p1a: Garchomp|p2a: Skarmory
|
|-damage|p2a: Skarmory|46/100 brn|[from] brn
|-damage|p1a: Garchomp|55/100 brn|[from] brn
|upkeep
|turn|17
|
|t:|1760854724
|move|p2a: Skarmory|Brave Bird|p1a: Garchomp
|-damage|p1a: Garchomp|29/100 brn
|-damage|p2a: Skarmory|34/100 brn|[from] ability: Rough Skin|[of] p1a: Garchomp
|-damage|p2a: Skarmory|17/100 brn|[from] item: Rocky Helmet|[of] p1a: Garchomp
|-damage|p2a: Skarmory|4/100 brn|[from] Recoil
|move|p1a: Garchomp|Stealth Rock|p2a: Skarmory
|-sidestart|p2: DurantLatios拉帝欧斯侠|move: Stealth Rock
|
|-damage|p2a: Skarmory|0 fnt|[from] brn
|faint|p2a: Skarmory
|-damage|p1a: Garchomp|23/100 brn|[from] brn
|upkeep
|
|t:|1760854732
|switch|p2a: Cinderace|Cinderace, F|85/100
|turn|18
|
|t:|1760854736
|move|p2a: Cinderace|Pyro Ball|p1a: Garchomp
|-resisted|p1a: Garchomp
|-damage|p1a: Garchomp|7/100 brn
|move|p1a: Garchomp|Dragon Tail|p2a: Cinderace
|-damage|p2a: Cinderace|71/100
|drag|p2a: Alomomola|Alomomola, F|100/100
|
|-damage|p1a: Garchomp|1/100 brn|[from] brn
|upkeep
|turn|19
|
|t:|1760854746
|move|p1a: Garchomp|Spikes|p2a: Alomomola
|-sidestart|p2: DurantLatios拉帝欧斯侠|Spikes
|move|p2a: Alomomola|Flip Turn|p1a: Garchomp
|-damage|p1a: Garchomp|0 fnt
|-damage|p2a: Alomomola|88/100|[from] ability: Rough Skin|[of] p1a: Garchomp
|-damage|p2a: Alomomola|71/100|[from] item: Rocky Helmet|[of] p1a: Garchomp
|faint|p1a: Garchomp
|
|t:|1760854749
|switch|p2a: Cinderace|Cinderace, F|71/100|[from] Flip Turn
|
|upkeep
|
|t:|1760854756
|switch|p1a: Gholdengo|Gholdengo|100/100
|turn|20
|inactive|miden420 has 120 seconds left.
|
|t:|1760854797
|move|p1a: Gholdengo|Make It Rain|p2a: Cinderace
|-resisted|p2a: Cinderace
|-damage|p2a: Cinderace|33/100
|-unboost|p1a: Gholdengo|spa|1
|move|p2a: Cinderace|Pyro Ball|p1a: Gholdengo
|-supereffective|p1a: Gholdengo
|-crit|p1a: Gholdengo
|-damage|p1a: Gholdengo|0 fnt
|faint|p1a: Gholdengo
|
|upkeep
|
|t:|1760854808
|switch|p1a: Zamazenta|Zamazenta|100/100
|-ability|p1a: Zamazenta|Dauntless Shield|boost
|-boost|p1a: Zamazenta|def|1
|turn|21
|
|t:|1760854813
|move|p1a: Zamazenta|Body Press|p2a: Cinderace
|-damage|p2a: Cinderace|0 fnt
|faint|p2a: Cinderace
|
|upkeep
|
|t:|1760854820
|switch|p2a: Tornadus|Tornadus-Therian, M|100/100
|turn|22
|inactive|miden420 has 120 seconds left.
|
|t:|1760854832
|switch|p1a: Moltres|Moltres|15/100
|move|p2a: Tornadus|Bleakwind Storm|p1a: Moltres
|-damage|p1a: Moltres|0 fnt
|faint|p1a: Moltres
|
|upkeep
|
|t:|1760854838
|switch|p1a: Iron Treads|Iron Treads|78/100
|turn|23
|
|t:|1760854844
|move|p2a: Tornadus|Heat Wave|p1a: Iron Treads
|-supereffective|p1a: Iron Treads
|-damage|p1a: Iron Treads|34/100
|move|p1a: Iron Treads|Ice Spinner|p2a: Tornadus
|-supereffective|p2a: Tornadus
|-damage|p2a: Tornadus|47/100
|
|upkeep
|turn|24
|
|t:|1760854849
|move|p2a: Tornadus|Heat Wave|p1a: Iron Treads
|-supereffective|p1a: Iron Treads
|-damage|p1a: Iron Treads|0 fnt
|faint|p1a: Iron Treads
|-end|p1a: Iron Treads|Quark Drive|[silent]
|
|upkeep
|
|t:|1760854855
|switch|p1a: Zamazenta|Zamazenta|100/100
|turn|25
|
|t:|1760854862
|move|p1a: Zamazenta|Iron Defense|p1a: Zamazenta
|-boost|p1a: Zamazenta|def|2
|move|p2a: Tornadus|Bleakwind Storm|p1a: Zamazenta
|-supereffective|p1a: Zamazenta
|-damage|p1a: Zamazenta|45/100
|
|upkeep
|turn|26
|
|t:|1760854870
|move|p1a: Zamazenta|Body Press|p2a: Tornadus
|-resisted|p2a: Tornadus
|-damage|p2a: Tornadus|10/100
|move|p2a: Tornadus|Bleakwind Storm|p1a: Zamazenta
|-supereffective|p1a: Zamazenta
|-damage|p1a: Zamazenta|0 fnt
|faint|p1a: Zamazenta
|
|upkeep
|-message|miden420 forfeited.
|
|win|DurantLatios拉帝欧斯侠
|raw|miden420's rating: 1311 &rarr; <strong>1294</strong><br />(-17 for losing)
|raw|DurantLatios拉帝欧斯侠's rating: 1356 &rarr; <strong>1373</strong><br />(+17 for winning)
|l|☆miden420
|player|p1|
