|j|☆sasomono
|j|☆lvcinda
|t:|1760871036
|gametype|singles
|player|p1|sasomono|wallace|1549
|player|p2|lvcinda|cynthia-gen4|1476
|gen|9
|tier|[Gen 9] OU
|rated|
|rule|HP Percentage Mod: HP is shown in percentages
|rule|Endless Battle Clause: Forcing endless battles is banned
|rule|Species Clause: Limit one of each Pokémon
|rule|OHKO Clause: OHKO moves are banned
|rule|Evasion Items Clause: Evasion items are banned
|rule|Evasion Moves Clause: Evasion moves are banned
|rule|Evasion Abilities Clause: Evasion abilities are banned
|rule|Sleep Moves Clause: Sleep-inducing moves are banned
|clearpoke
|poke|p1|Pecharunt|
|poke|p1|Great Tusk|
|poke|p1|Ogerpon-Wellspring, F|
|poke|p1|Iron Crown|
|poke|p1|Landorus-Therian, M|
|poke|p1|Samurott-Hisui, M|
|poke|p2|Garganacl, M|
|poke|p2|Hippowdon, M|
|poke|p2|Hydrapple, M|
|poke|p2|Slowking-Galar, M|
|poke|p2|Samurott-Hisui, M|
|poke|p2|Excadrill, M|
|teampreview
|
|t:|1760871051
|teamsize|p1|6
|teamsize|p2|6
|start
|switch|p1a: Landorus|Landorus-Therian, M|100/100
|switch|p2a: Hippowdon|Hippowdon, M, shiny|100/100
|-ability|p1a: Landorus|Intimidate|boost
|-unboost|p2a: Hippowdon|atk|1
|-weather|Sandstorm|[from] ability: Sand Stream|[of] p2a: Hippowdon
|turn|1
|inactive|Battle timer is ON: inactive players will automatically lose when time's up. (requested by lvcinda)
|
|t:|1760871084
|move|p1a: Landorus|Stone Edge|p2a: Hippowdon|[miss]
|-miss|p1a: Landorus|p2a: Hippowdon
|move|p2a: Hippowdon|Stealth Rock|p1a: Landorus
|-sidestart|p1: sasomono|move: Stealth Rock
|
|-weather|Sandstorm|[upkeep]
|upkeep
|turn|2
|
|t:|1760871102
|switch|p1a: Great Tusk|Great Tusk|100/100
|-damage|p1a: Great Tusk|98/100|[from] Stealth Rock
|-enditem|p1a: Great Tusk|Booster Energy
|-activate|p1a: Great Tusk|ability: Protosynthesis|[fromitem]
|-start|p1a: Great Tusk|protosynthesisspe
|switch|p2a: Samurott|Samurott-Hisui, M, shiny|100/100
|
|-weather|Sandstorm|[upkeep]
|-damage|p2a: Samurott|94/100|[from] Sandstorm
|upkeep
|turn|3
|
|t:|1760871113
|move|p1a: Great Tusk|Stealth Rock|p2a: Samurott
|-sidestart|p2: lvcinda|move: Stealth Rock
|move|p2a: Samurott|Flip Turn|p1a: Great Tusk
|-supereffective|p1a: Great Tusk
|-damage|p1a: Great Tusk|60/100
|
|t:|1760871120
|switch|p2a: Hydrapple|Hydrapple, M, shiny|100/100|[from] Flip Turn
|
|-weather|Sandstorm|[upkeep]
|-damage|p2a: Hydrapple|94/100|[from] Sandstorm
|upkeep
|turn|4
|
|t:|1760871127
|-end|p1a: Great Tusk|Protosynthesis|[silent]
|switch|p1a: Landorus|Landorus-Therian, M|100/100
|-damage|p1a: Landorus|88/100|[from] Stealth Rock
|-ability|p1a: Landorus|Intimidate|boost
|-unboost|p2a: Hydrapple|atk|1
|move|p2a: Hydrapple|Giga Drain|p1a: Landorus
|-damage|p1a: Landorus|32/100
|-heal|p2a: Hydrapple|100/100|[from] drain|[of] p1a: Landorus
|
|-weather|Sandstorm|[upkeep]
|-damage|p2a: Hydrapple|94/100|[from] Sandstorm
|upkeep
|turn|5
|
|t:|1760871141
|move|p1a: Landorus|U-turn|p2a: Hydrapple
|-supereffective|p2a: Hydrapple
|-damage|p2a: Hydrapple|51/100
|
|t:|1760871144
|switch|p1a: Iron Crown|Iron Crown|100/100|[from] U-turn
|-damage|p1a: Iron Crown|94/100|[from] Stealth Rock
|move|p2a: Hydrapple|Giga Drain|p1a: Iron Crown
|-resisted|p1a: Iron Crown
|-damage|p1a: Iron Crown|76/100
|-heal|p2a: Hydrapple|58/100|[from] drain|[of] p1a: Iron Crown
|
|-weather|none
|upkeep
|turn|6
|
|t:|1760871160
|switch|p2a: Samurott|Samurott-Hisui, M, shiny|94/100
|move|p1a: Iron Crown|Tachyon Cutter|p2a: Samurott
|-resisted|p2a: Samurott
|-damage|p2a: Samurott|67/100
|-resisted|p2a: Samurott
|-damage|p2a: Samurott|40/100
|-hitcount|p2a: Samurott|2
|
|upkeep
|turn|7
|
|t:|1760871168
|move|p2a: Samurott|Sucker Punch|p1a: Iron Crown
|-supereffective|p1a: Iron Crown
|-damage|p1a: Iron Crown|1/100
|move|p1a: Iron Crown|Tachyon Cutter|p2a: Samurott
|-resisted|p2a: Samurott
|-damage|p2a: Samurott|12/100
|-resisted|p2a: Samurott
|-damage|p2a: Samurott|0 fnt
|faint|p2a: Samurott
|-hitcount|p2: Samurott|2
|
|upkeep
|
|t:|1760871175
|switch|p2a: Excadrill|Excadrill, M, shiny|100/100
|turn|8
|
|t:|1760871179
|-end|p1a: Iron Crown|Quark Drive|[silent]
|switch|p1a: Pecharunt|Pecharunt|100/100
|-damage|p1a: Pecharunt|88/100|[from] Stealth Rock
|move|p2a: Excadrill|Earthquake|p1a: Pecharunt
|-supereffective|p1a: Pecharunt
|-damage|p1a: Pecharunt|34/100
|
|upkeep
|turn|9
|
|t:|1760871189
|switch|p1a: Landorus|Landorus-Therian, M|32/100
|-damage|p1a: Landorus|20/100|[from] Stealth Rock
|-ability|p1a: Landorus|Intimidate|boost
|-unboost|p2a: Excadrill|atk|1
|move|p2a: Excadrill|Earthquake|p1a: Landorus
|-immune|p1a: Landorus
|
|upkeep
|turn|10
|
|t:|1760871198
|move|p1a: Landorus|U-turn|p2a: Excadrill
|-resisted|p2a: Excadrill
|-damage|p2a: Excadrill|82/100
|
|t:|1760871202
|switch|p1a: Iron Crown|Iron Crown|1/100|[from] U-turn
|-damage|p1a: Iron Crown|0 fnt|[from] Stealth Rock
|faint|p1a: Iron Crown
|-end|p1a: Iron Crown|Quark Drive|[silent]
|move|p2a: Excadrill|Rapid Spin|p1: Iron Crown|[notarget]
|-fail|p2a: Excadrill
|
|upkeep
|
|t:|1760871214
|switch|p1a: Samurott|Samurott-Hisui, M|100/100
|-damage|p1a: Samurott|88/100|[from] Stealth Rock
|turn|11
|
|t:|1760871222
|switch|p2a: Hydrapple|Hydrapple, M, shiny|92/100
|move|p1a: Samurott|Ceaseless Edge|p2a: Hydrapple
|-damage|p2a: Hydrapple|53/100
|-sidestart|p2: lvcinda|Spikes
|
|upkeep
|turn|12
|
|t:|1760871231
|switch|p1a: Pecharunt|Pecharunt|34/100
|-damage|p1a: Pecharunt|22/100|[from] Stealth Rock
|move|p2a: Hydrapple|Giga Drain|p1a: Pecharunt
|-resisted|p1a: Pecharunt
|-damage|p1a: Pecharunt|3/100
|-heal|p2a: Hydrapple|62/100|[from] drain|[of] p1a: Pecharunt
|
|upkeep
|turn|13
|
|t:|1760871248
|move|p1a: Pecharunt|Recover|p1a: Pecharunt
|-heal|p1a: Pecharunt|53/100
|move|p2a: Hydrapple|Giga Drain|p1a: Pecharunt
|-resisted|p1a: Pecharunt
|-damage|p1a: Pecharunt|32/100
|-heal|p2a: Hydrapple|72/100|[from] drain|[of] p1a: Pecharunt
|
|upkeep
|turn|14
|
|t:|1760871254
|switch|p2a: Hippowdon|Hippowdon, M, shiny|100/100
|-damage|p2a: Hippowdon|94/100|[from] Stealth Rock
|-damage|p2a: Hippowdon|82/100|[from] Spikes
|-weather|Sandstorm|[from] ability: Sand Stream|[of] p2a: Hippowdon
|move|p1a: Pecharunt|Malignant Chain|p2a: Hippowdon
|-resisted|p2a: Hippowdon
|-damage|p2a: Hippowdon|64/100
|
|-weather|Sandstorm|[upkeep]
|-damage|p1a: Pecharunt|26/100|[from] Sandstorm
|upkeep
|turn|15
|
|t:|1760871266
|move|p1a: Pecharunt|Parting Shot|p2a: Hippowdon
|-unboost|p2a: Hippowdon|atk|1
|-unboost|p2a: Hippowdon|spa|1
|
|t:|1760871274
|switch|p1a: Samurott|Samurott-Hisui, M|88/100|[from] Parting Shot
|-damage|p1a: Samurott|76/100|[from] Stealth Rock
|move|p2a: Hippowdon|Scorching Sands|p1a: Samurott
|-damage|p1a: Samurott|65/100
|
|-weather|Sandstorm|[upkeep]
|-damage|p1a: Samurott|59/100|[from] Sandstorm
|upkeep
|turn|16
|
|t:|1760871284
|move|p1a: Samurott|Flip Turn|p2a: Hippowdon
|-supereffective|p2a: Hippowdon
|-crit|p2a: Hippowdon
|-damage|p2a: Hippowdon|12/100
|-damage|p1a: Samurott|43/100|[from] item: Rocky Helmet|[of] p2a: Hippowdon
|
|t:|1760871289
|switch|p1a: Great Tusk|Great Tusk|60/100|[from] Flip Turn
|-damage|p1a: Great Tusk|57/100|[from] Stealth Rock
|move|p2a: Hippowdon|Body Press|p1a: Great Tusk
|-damage|p1a: Great Tusk|39/100
|
|-weather|Sandstorm|[upkeep]
|upkeep
|turn|17
|
|t:|1760871297
|move|p1a: Great Tusk|Rapid Spin|p2a: Hippowdon
|-damage|p2a: Hippowdon|5/100
|-boost|p1a: Great Tusk|spe|1
|-damage|p1a: Great Tusk|23/100|[from] item: Rocky Helmet|[of] p2a: Hippowdon
|-sideend|p1: sasomono|Stealth Rock|[from] move: Rapid Spin|[of] p1a: Great Tusk
|move|p2a: Hippowdon|Slack Off|p2a: Hippowdon
|-heal|p2a: Hippowdon|55/100
|
|-weather|Sandstorm|[upkeep]
|upkeep
|turn|18
|
|t:|1760871310
|-end|p1a: Great Tusk|Protosynthesis|[silent]
|switch|p1a: Samurott|Samurott-Hisui, M|43/100
|move|p2a: Hippowdon|Stealth Rock|p1a: Samurott
|-sidestart|p1: sasomono|move: Stealth Rock
|
|-weather|none
|upkeep
|turn|19
|
|t:|1760871317
|switch|p2a: Hydrapple|Hydrapple, M, shiny|100/100
|move|p1a: Samurott|Flip Turn|p2a: Hydrapple
|-resisted|p2a: Hydrapple
|-damage|p2a: Hydrapple|95/100
|
|t:|1760871325
|switch|p1a: Landorus|Landorus-Therian, M|20/100|[from] Flip Turn
|-damage|p1a: Landorus|7/100|[from] Stealth Rock
|-ability|p1a: Landorus|Intimidate|boost
|-unboost|p2a: Hydrapple|atk|1
|
|upkeep
|turn|20
|
|t:|1760871334
|move|p1a: Landorus|U-turn|p2a: Hydrapple
|-supereffective|p2a: Hydrapple
|-damage|p2a: Hydrapple|51/100
|
|t:|1760871340
|switch|p1a: Great Tusk|Great Tusk|23/100|[from] U-turn
|-damage|p1a: Great Tusk|20/100|[from] Stealth Rock
|move|p2a: Hydrapple|Giga Drain|p1a: Great Tusk
|-supereffective|p1a: Great Tusk
|-damage|p1a: Great Tusk|0 fnt
|-heal|p2a: Hydrapple|61/100|[from] drain|[of] p1a: Great Tusk
|faint|p1a: Great Tusk
|-end|p1a: Great Tusk|Protosynthesis|[silent]
|
|upkeep
|
|t:|1760871349
|switch|p1a: Pecharunt|Pecharunt|26/100
|-damage|p1a: Pecharunt|13/100|[from] Stealth Rock
|turn|21
|
|t:|1760871366
|move|p1a: Pecharunt|Malignant Chain|p2a: Hydrapple
|-supereffective|p2a: Hydrapple
|-damage|p2a: Hydrapple|4/100
|move|p2a: Hydrapple|Earth Power|p1a: Pecharunt
|-supereffective|p1a: Pecharunt
|-damage|p1a: Pecharunt|0 fnt
|faint|p1a: Pecharunt
|
|upkeep
|
|t:|1760871374
|switch|p1a: Ogerpon|Ogerpon-Wellspring, F|100/100
|-damage|p1a: Ogerpon|88/100|[from] Stealth Rock
|turn|22
|
|t:|1760871394
|switch|p2a: Hippowdon|Hippowdon, M, shiny|55/100
|-damage|p2a: Hippowdon|49/100|[from] Stealth Rock
|-damage|p2a: Hippowdon|37/100|[from] Spikes
|-weather|Sandstorm|[from] ability: Sand Stream|[of] p2a: Hippowdon
|move|p1a: Ogerpon|Trailblaze|p2a: Hippowdon
|-supereffective|p2a: Hippowdon
|-damage|p2a: Hippowdon|11/100
|-boost|p1a: Ogerpon|spe|1
|-damage|p1a: Ogerpon|72/100|[from] item: Rocky Helmet|[of] p2a: Hippowdon
|
|-weather|Sandstorm|[upkeep]
|-damage|p1a: Ogerpon|66/100|[from] Sandstorm
|upkeep
|turn|23
|
|t:|1760871410
|-terastallize|p1a: Ogerpon|Water
|detailschange|p1a: Ogerpon|Ogerpon-Wellspring-Tera, F, tera:Water
|-ability|p1a: Ogerpon|Embody Aspect (Wellspring)|boost
|-boost|p1a: Ogerpon|spd|1
|move|p1a: Ogerpon|Swords Dance|p1a: Ogerpon
|-boost|p1a: Ogerpon|atk|2
|move|p2a: Hippowdon|Body Press|p1a: Ogerpon
|-damage|p1a: Ogerpon|41/100
|
|-weather|Sandstorm|[upkeep]
|-damage|p1a: Ogerpon|35/100|[from] Sandstorm
|upkeep
|turn|24
|
|t:|1760871427
|move|p1a: Ogerpon|Ivy Cudgel|p2a: Hippowdon|[anim] Ivy Cudgel Water
|-supereffective|p2a: Hippowdon
|-damage|p2a: Hippowdon|0 fnt
|faint|p2a: Hippowdon
|
|-weather|Sandstorm|[upkeep]
|-damage|p1a: Ogerpon|29/100|[from] Sandstorm
|upkeep
|
|t:|1760871432
|switch|p2a: Excadrill|Excadrill, M, shiny|82/100
|turn|25
|
|t:|1760871438
|move|p2a: Excadrill|Earthquake|p1a: Ogerpon
|-damage|p1a: Ogerpon|0 fnt
|faint|p1a: Ogerpon
|detailschange|p1: Ogerpon|Ogerpon-Wellspring, F|[silent]
|
|-weather|Sandstorm|[upkeep]
|upkeep
|-message|sasomono forfeited.
|
|win|lvcinda
|raw|sasomono's rating: 1549 &rarr; <strong>1525</strong><br />(-24 for losing)
|raw|lvcinda's rating: 1476 &rarr; <strong>1500</strong><br />(+24 for winning)
|l|☆sasomono
|player|p1|
|l|☆lvcinda
|player|p2|
