|j|☆aq296
|j|☆AlanSabalero
|t:|1760814591
|gametype|singles
|player|p1|aq296|lucas|1171
|player|p2|AlanSabalero|1|1166
|gen|9
|tier|[Gen 9] OU
|rated|
|rule|HP Percentage Mod: HP is shown in percentages
|rule|Endless Battle Clause: Forcing endless battles is banned
|rule|Species Clause: Limit one of each Pokémon
|rule|OHKO Clause: OHKO moves are banned
|rule|Evasion Items Clause: Evasion items are banned
|rule|Evasion Moves Clause: Evasion moves are banned
|rule|Evasion Abilities Clause: Evasion abilities are banned
|rule|Sleep Moves Clause: Sleep-inducing moves are banned
|clearpoke
|poke|p1|Gholdengo|
|poke|p1|Garchomp, F|
|poke|p1|Heatran, M|
|poke|p1|Raging Bolt|
|poke|p1|Scizor, F|
|poke|p1|Great Tusk|
|poke|p2|Salamence, F|
|poke|p2|Heracross, F|
|poke|p2|Chandelure, M|
|poke|p2|Umbreon, M|
|poke|p2|Klefki, M|
|poke|p2|Cinderace, M|
|teampreview
|inactive|Battle timer is ON: inactive players will automatically lose when time's up. (requested by AlanSabalero)
|
|t:|1760814598
|teamsize|p1|6
|teamsize|p2|6
|start
|switch|p1a: Garchomp|Garchomp, F|100/100
|switch|p2a: Klefki|Klefki, M|100/100
|turn|1
|
|t:|1760814606
|move|p2a: Klefki|Reflect|p2a: Klefki
|-sidestart|p2: AlanSabalero|Reflect
|move|p1a: Garchomp|Stealth Rock|p2a: Klefki
|-sidestart|p2: AlanSabalero|move: Stealth Rock
|
|upkeep
|turn|2
|
|t:|1760814619
|switch|p2a: Salamence|Salamence, F|100/100
|-damage|p2a: Salamence|76/100|[from] Stealth Rock
|-ability|p2a: Salamence|Intimidate|boost
|-unboost|p1a: Garchomp|atk|1
|move|p1a: Garchomp|Spikes|p2a: Salamence
|-sidestart|p2: AlanSabalero|Spikes
|
|upkeep
|turn|3
|
|t:|1760814633
|switch|p1a: Great Tusk|Great Tusk|100/100
|move|p2a: Salamence|Dragon Dance|p2a: Salamence
|-boost|p2a: Salamence|atk|1
|-boost|p2a: Salamence|spe|1
|
|upkeep
|turn|4
|
|t:|1760814645
|-terastallize|p2a: Salamence|Dragon
|move|p2a: Salamence|Dragon Dance|p2a: Salamence
|-boost|p2a: Salamence|atk|1
|-boost|p2a: Salamence|spe|1
|move|p1a: Great Tusk|Ice Spinner|p2a: Salamence
|-supereffective|p2a: Salamence
|-damage|p2a: Salamence|44/100
|
|upkeep
|turn|5
|
|t:|1760814656
|-terastallize|p1a: Great Tusk|Water
|move|p2a: Salamence|Outrage|p1a: Great Tusk
|-damage|p1a: Great Tusk|0 fnt
|faint|p1a: Great Tusk
|-end|p1a: Great Tusk|Protosynthesis|[silent]
|
|upkeep
|
|t:|1760814663
|switch|p1a: Scizor|Scizor, F|100/100
|turn|6
|
|t:|1760814671
|move|p1a: Scizor|Bullet Punch|p2a: Salamence
|-damage|p2a: Salamence|14/100
|move|p2a: Salamence|Outrage|p1a: Scizor|[from] lockedmove
|-resisted|p1a: Scizor
|-damage|p1a: Scizor|0 fnt
|faint|p1a: Scizor
|
|upkeep
|
|t:|1760814680
|switch|p1a: Raging Bolt|Raging Bolt|100/100
|turn|7
|
|t:|1760814683
|move|p1a: Raging Bolt|Thunderclap|p2a: Salamence
|-resisted|p2a: Salamence
|-damage|p2a: Salamence|0 fnt
|faint|p2a: Salamence
|
|upkeep
|
|t:|1760814689
|switch|p2a: Cinderace|Cinderace, M|100/100
|turn|8
|
|t:|1760814695
|move|p2a: Cinderace|Court Change|p2a: Cinderace
|-start|p2a: Cinderace|typechange|Normal|[from] ability: Libero
|-swapsideconditions
|-activate|p2a: Cinderace|move: Court Change
|move|p1a: Raging Bolt|Calm Mind|p1a: Raging Bolt
|-boost|p1a: Raging Bolt|spa|1
|-boost|p1a: Raging Bolt|spd|1
|
|-sideend|p1: aq296|Reflect
|upkeep
|turn|9
|
|t:|1760814709
|move|p2a: Cinderace|Swords Dance|p2a: Cinderace
|-boost|p2a: Cinderace|atk|2
|move|p1a: Raging Bolt|Calm Mind|p1a: Raging Bolt
|-boost|p1a: Raging Bolt|spa|1
|-boost|p1a: Raging Bolt|spd|1
|
|upkeep
|turn|10
|
|t:|1760814719
|move|p1a: Raging Bolt|Thunderclap|p2a: Cinderace
|-damage|p2a: Cinderace|0 fnt
|faint|p2a: Cinderace
|
|upkeep
|
|t:|1760814727
|switch|p2a: Umbreon|Umbreon, M|100/100
|turn|11
|
|t:|1760814733
|move|p1a: Raging Bolt|Dragon Pulse|p2a: Umbreon
|-damage|p2a: Umbreon|41/100
|move|p2a: Umbreon|Toxic|p1a: Raging Bolt|[miss]
|-miss|p2a: Umbreon|p1a: Raging Bolt
|
|-heal|p2a: Umbreon|47/100|[from] item: Leftovers
|upkeep
|turn|12
|
|t:|1760814743
|move|p2a: Umbreon|Protect|p2a: Umbreon
|-singleturn|p2a: Umbreon|Protect
|move|p1a: Raging Bolt|Dragon Pulse|p2a: Umbreon
|-activate|p2a: Umbreon|move: Protect
|
|-heal|p2a: Umbreon|53/100|[from] item: Leftovers
|upkeep
|turn|13
|
|t:|1760814754
|switch|p2a: Klefki|Klefki, M|100/100
|move|p1a: Raging Bolt|Calm Mind|p1a: Raging Bolt
|-boost|p1a: Raging Bolt|spa|1
|-boost|p1a: Raging Bolt|spd|1
|
|upkeep
|turn|14
|
|t:|1760814763
|move|p2a: Klefki|Light Screen|p2a: Klefki
|-sidestart|p2: AlanSabalero|move: Light Screen
|move|p1a: Raging Bolt|Calm Mind|p1a: Raging Bolt
|-boost|p1a: Raging Bolt|spa|1
|-boost|p1a: Raging Bolt|spd|1
|
|upkeep
|turn|15
|
|t:|1760814770
|move|p2a: Klefki|Skitter Smack|p1a: Raging Bolt
|-damage|p1a: Raging Bolt|90/100
|-unboost|p1a: Raging Bolt|spa|1
|move|p1a: Raging Bolt|Calm Mind|p1a: Raging Bolt
|-boost|p1a: Raging Bolt|spa|1
|-boost|p1a: Raging Bolt|spd|1
|
|-heal|p1a: Raging Bolt|97/100|[from] item: Leftovers
|upkeep
|turn|16
|
|t:|1760814780
|move|p1a: Raging Bolt|Thunderclap|p2a: Klefki
|-damage|p2a: Klefki|29/100
|move|p2a: Klefki|Skitter Smack|p1a: Raging Bolt
|-damage|p1a: Raging Bolt|86/100
|-unboost|p1a: Raging Bolt|spa|1
|
|-heal|p1a: Raging Bolt|93/100|[from] item: Leftovers
|upkeep
|turn|17
|
|t:|1760814790
|move|p2a: Klefki|Skitter Smack|p1a: Raging Bolt
|-damage|p1a: Raging Bolt|82/100
|-unboost|p1a: Raging Bolt|spa|1
|move|p1a: Raging Bolt|Calm Mind|p1a: Raging Bolt
|-boost|p1a: Raging Bolt|spa|1
|-boost|p1a: Raging Bolt|spd|1
|
|-heal|p1a: Raging Bolt|88/100|[from] item: Leftovers
|upkeep
|turn|18
|
|t:|1760814800
|move|p1a: Raging Bolt|Thunderclap|p2a: Klefki
|-damage|p2a: Klefki|0 fnt
|faint|p2a: Klefki
|
|-heal|p1a: Raging Bolt|94/100|[from] item: Leftovers
|upkeep
|
|t:|1760814808
|switch|p2a: Umbreon|Umbreon, M|53/100
|turn|19
|
|t:|1760814822
|move|p1a: Raging Bolt|Dragon Pulse|p2a: Umbreon
|-damage|p2a: Umbreon|11/100
|move|p2a: Umbreon|Toxic|p1a: Raging Bolt
|-status|p1a: Raging Bolt|tox
|
|-heal|p1a: Raging Bolt|99/100 tox|[from] item: Leftovers
|-heal|p2a: Umbreon|18/100|[from] item: Leftovers
|-damage|p1a: Raging Bolt|94/100 tox|[from] psn
|upkeep
|turn|20
|
|t:|1760814833
|move|p1a: Raging Bolt|Calm Mind|p1a: Raging Bolt
|-boost|p1a: Raging Bolt|spa|1
|-boost|p1a: Raging Bolt|spd|0
|move|p2a: Umbreon|Wish|p2a: Umbreon
|
|-heal|p1a: Raging Bolt|99/100 tox|[from] item: Leftovers
|-heal|p2a: Umbreon|24/100|[from] item: Leftovers
|-damage|p1a: Raging Bolt|88/100 tox|[from] psn
|upkeep
|turn|21
|
|t:|1760814843
|move|p2a: Umbreon|Protect|p2a: Umbreon
|-singleturn|p2a: Umbreon|Protect
|move|p1a: Raging Bolt|Calm Mind|p1a: Raging Bolt
|-boost|p1a: Raging Bolt|spa|1
|-boost|p1a: Raging Bolt|spd|0
|
|-heal|p2a: Umbreon|74/100|[from] move: Wish|[wisher] Umbreon
|-heal|p1a: Raging Bolt|94/100 tox|[from] item: Leftovers
|-heal|p2a: Umbreon|80/100|[from] item: Leftovers
|-damage|p1a: Raging Bolt|76/100 tox|[from] psn
|-sideend|p2: AlanSabalero|move: Light Screen
|upkeep
|turn|22
|
|t:|1760814862
|switch|p2a: Heracross|Heracross, F|100/100
|move|p1a: Raging Bolt|Dragon Pulse|p2a: Heracross
|-damage|p2a: Heracross|0 fnt
|faint|p2a: Heracross
|
|-heal|p1a: Raging Bolt|82/100 tox|[from] item: Leftovers
|-damage|p1a: Raging Bolt|57/100 tox|[from] psn
|upkeep
|
|t:|1760814872
|switch|p2a: Umbreon|Umbreon, M|80/100
|turn|23
|
|t:|1760814879
|move|p2a: Umbreon|Protect|p2a: Umbreon
|-singleturn|p2a: Umbreon|Protect
|move|p1a: Raging Bolt|Dragon Pulse|p2a: Umbreon
|-activate|p2a: Umbreon|move: Protect
|
|-heal|p1a: Raging Bolt|63/100 tox|[from] item: Leftovers
|-heal|p2a: Umbreon|86/100|[from] item: Leftovers
|-damage|p1a: Raging Bolt|32/100 tox|[from] psn
|upkeep
|turn|24
|
|t:|1760814890
|move|p1a: Raging Bolt|Dragon Pulse|p2a: Umbreon
|-damage|p2a: Umbreon|0 fnt
|faint|p2a: Umbreon
|
|-heal|p1a: Raging Bolt|39/100 tox|[from] item: Leftovers
|-damage|p1a: Raging Bolt|2/100 tox|[from] psn
|upkeep
|
|t:|1760814898
|switch|p2a: Chandelure|Chandelure, M|100/100
|turn|25
|
|t:|1760814903
|move|p1a: Raging Bolt|Thunderclap||[still]
|-fail|p1a: Raging Bolt
|move|p2a: Chandelure|Trick|p1a: Raging Bolt
|-activate|p2a: Chandelure|move: Trick|[of] p1a: Raging Bolt
|-item|p1a: Raging Bolt|Choice Specs|[from] move: Trick
|-item|p2a: Chandelure|Leftovers|[from] move: Trick
|
|-damage|p1a: Raging Bolt|0 fnt|[from] psn
|faint|p1a: Raging Bolt
|-end|p1a: Raging Bolt|Protosynthesis|[silent]
|upkeep
|
|t:|1760814913
|switch|p1a: Garchomp|Garchomp, F|100/100
|-damage|p1a: Garchomp|94/100|[from] Stealth Rock
|-damage|p1a: Garchomp|82/100|[from] Spikes
|turn|26
|
|t:|1760814923
|move|p2a: Chandelure|Shadow Ball|p1a: Garchomp
|-damage|p1a: Garchomp|41/100
|move|p1a: Garchomp|Earthquake|p2a: Chandelure
|-supereffective|p2a: Chandelure
|-damage|p2a: Chandelure|0 fnt
|faint|p2a: Chandelure
|
|win|aq296
|raw|aq296's rating: 1171 &rarr; <strong>1196</strong><br />(+25 for winning)
|raw|AlanSabalero's rating: 1166 &rarr; <strong>1141</strong><br />(-25 for losing)
|l|☆AlanSabalero
|player|p2|
|l|☆aq296
|player|p1|
