|j|☆Avl2121
|j|☆fedboi
|t:|1760797751
|gametype|singles
|player|p1|Avl2121|dragontamer|1290
|player|p2|fedboi|2|1264
|gen|9
|tier|[Gen 9] OU
|rated|
|rule|HP Percentage Mod: HP is shown in percentages
|rule|Endless Battle Clause: Forcing endless battles is banned
|rule|Species Clause: Limit one of each Pokémon
|rule|OHKO Clause: OHKO moves are banned
|rule|Evasion Items Clause: Evasion items are banned
|rule|Evasion Moves Clause: Evasion moves are banned
|rule|Evasion Abilities Clause: Evasion abilities are banned
|rule|Sleep Moves Clause: Sleep-inducing moves are banned
|clearpoke
|poke|p1|Garganacl, F|
|poke|p1|Blaziken, F|
|poke|p1|Landorus-Therian, M|
|poke|p1|Kyurem|
|poke|p1|Rotom-Wash|
|poke|p1|Cryogonal|
|poke|p2|Torterra, F|
|poke|p2|Iron Crown|
|poke|p2|Primarina, F|
|poke|p2|Darkrai|
|poke|p2|Deoxys-Speed|
|poke|p2|Zamazenta-*|
|teampreview
|inactive|Battle timer is ON: inactive players will automatically lose when time's up. (requested by Avl2121)
|
|t:|1760797763
|teamsize|p1|6
|teamsize|p2|6
|start
|switch|p1a: Cryogonal|Cryogonal|100/100
|switch|p2a: Deoxys|Deoxys-Speed|100/100
|-ability|p2a: Deoxys|Pressure
|turn|1
|
|t:|1760797770
|move|p2a: Deoxys|Nasty Plot|p2a: Deoxys
|-boost|p2a: Deoxys|spa|2
|move|p1a: Cryogonal|Rapid Spin|p2a: Deoxys
|-damage|p2a: Deoxys|91/100
|-boost|p1a: Cryogonal|spe|1
|
|upkeep
|turn|2
|
|t:|1760797777
|move|p1a: Cryogonal|Ice Beam|p2a: Deoxys
|-damage|p2a: Deoxys|29/100
|-status|p2a: Deoxys|frz
|cant|p2a: Deoxys|frz
|
|upkeep
|turn|3
|
|t:|1760797785
|move|p1a: Cryogonal|Freeze-Dry|p2a: Deoxys
|-damage|p2a: Deoxys|0 fnt
|faint|p2a: Deoxys
|
|upkeep
|
|t:|1760797789
|switch|p2a: Iron Crown|Iron Crown|100/100
|-enditem|p2a: Iron Crown|Booster Energy
|-activate|p2a: Iron Crown|ability: Quark Drive|[fromitem]
|-start|p2a: Iron Crown|quarkdrivespe
|turn|4
|
|t:|1760797798
|switch|p1a: Landorus|Landorus-Therian, M|100/100
|-ability|p1a: Landorus|Intimidate|boost
|-unboost|p2a: Iron Crown|atk|1
|move|p2a: Iron Crown|Calm Mind|p2a: Iron Crown
|-boost|p2a: Iron Crown|spa|1
|-boost|p2a: Iron Crown|spd|1
|
|upkeep
|turn|5
|
|t:|1760797811
|move|p2a: Iron Crown|Tachyon Cutter|p1a: Landorus
|-damage|p1a: Landorus|56/100
|-damage|p1a: Landorus|12/100
|-hitcount|p1a: Landorus|2
|move|p1a: Landorus|Earthquake|p2a: Iron Crown
|-supereffective|p2a: Iron Crown
|-damage|p2a: Iron Crown|0 fnt
|faint|p2a: Iron Crown
|-end|p2a: Iron Crown|Quark Drive|[silent]
|
|upkeep
|
|t:|1760797823
|switch|p2a: Torterra|Torterra, F|100/100
|turn|6
|
|t:|1760797828
|move|p1a: Landorus|U-turn|p2a: Torterra
|-supereffective|p2a: Torterra
|-damage|p2a: Torterra|51/100
|
|t:|1760797833
|switch|p1a: Cryogonal|Cryogonal|100/100|[from] U-turn
|move|p2a: Torterra|Shell Smash|p2a: Torterra
|-unboost|p2a: Torterra|def|1
|-unboost|p2a: Torterra|spd|1
|-boost|p2a: Torterra|atk|2
|-boost|p2a: Torterra|spa|2
|-boost|p2a: Torterra|spe|2
|
|upkeep
|turn|7
|
|t:|1760797842
|move|p2a: Torterra|Headlong Rush|p1a: Cryogonal
|-immune|p1a: Cryogonal|[from] ability: Levitate
|move|p1a: Cryogonal|Freeze-Dry|p2a: Torterra
|-supereffective|p2a: Torterra
|-damage|p2a: Torterra|0 fnt
|faint|p2a: Torterra
|
|upkeep
|-message|fedboi forfeited.
|
|win|Avl2121
|raw|Avl2121's rating: 1290 &rarr; <strong>1313</strong><br />(+23 for winning)
|raw|fedboi's rating: 1264 &rarr; <strong>1241</strong><br />(-23 for losing)
|l|☆fedboi
|player|p2|
|l|☆Avl2121
|player|p1|
