|badge|p1|bronze|gen9ou|100-7
|uhtml|medal-msg|<div class="broadcast-blue">Curious what those medals under the avatar are? PS now has Ladder Seasons! For more information, check out the <a href="https://www.smogon.com/forums/threads/3740067/">thread on Smogon.</a></div>
|j|☆MooFarmer
|j|☆avitross
|t:|1760721744
|gametype|singles
|player|p1|MooFarmer|1|1862
|player|p2|avitross|266|1822
|gen|9
|tier|[Gen 9] OU
|rated|
|rule|HP Percentage Mod: HP is shown in percentages
|rule|Endless Battle Clause: Forcing endless battles is banned
|rule|Species Clause: Limit one of each Pokémon
|rule|OHKO Clause: OHKO moves are banned
|rule|Evasion Items Clause: Evasion items are banned
|rule|Evasion Moves Clause: Evasion moves are banned
|rule|Evasion Abilities Clause: Evasion abilities are banned
|rule|Sleep Moves Clause: Sleep-inducing moves are banned
|clearpoke
|poke|p1|Kyurem|
|poke|p1|Corviknight, F|
|poke|p1|Ting-Lu|
|poke|p1|Dondozo, F|
|poke|p1|Slowking-Galar, L99, F|
|poke|p1|Cinderace, F|
|poke|p2|Deoxys-Defense|
|poke|p2|Umbreon, F|
|poke|p2|Corviknight, M|
|poke|p2|Weezing-Galar, M|
|poke|p2|Clodsire, F|
|poke|p2|Dondozo, M|
|teampreview
|j| Scoob252525
|inactive|Battle timer is ON: inactive players will automatically lose when time's up. (requested by MooFarmer)
|j| LT123VB 87
|inactive|avitross has 120 seconds left.
|
|t:|1760721824
|teamsize|p1|6
|teamsize|p2|6
|start
|switch|p1a: Cinderace|Cinderace, F|100/100
|switch|p2a: Deoxys|Deoxys-Defense|100/100
|-ability|p2a: Deoxys|Pressure
|turn|1
|j| roarcat
|inactive|MooFarmer has 120 seconds left.
|
|t:|1760721870
|move|p2a: Deoxys|Protect|p2a: Deoxys
|-singleturn|p2a: Deoxys|Protect
|move|p1a: Cinderace|Pyro Ball|p2a: Deoxys
|-activate|p2a: Deoxys|move: Protect
|
|upkeep
|turn|2
|inactive|MooFarmer has 90 seconds left.
|
|t:|1760721916
|move|p1a: Cinderace|Pyro Ball|p2a: Deoxys
|-damage|p2a: Deoxys|63/100
|move|p2a: Deoxys|Knock Off|p1a: Cinderace
|-damage|p1a: Cinderace|83/100
|-enditem|p1a: Cinderace|Heavy-Duty Boots|[from] move: Knock Off|[of] p2a: Deoxys
|
|-heal|p2a: Deoxys|69/100|[from] item: Leftovers
|upkeep
|turn|3
|inactive|MooFarmer has 60 seconds left.
|
|t:|1760721962
|move|p1a: Cinderace|Will-O-Wisp|p2a: Deoxys
|-status|p2a: Deoxys|brn
|move|p2a: Deoxys|Recover|p2a: Deoxys
|-heal|p2a: Deoxys|100/100 brn
|
|-damage|p2a: Deoxys|94/100 brn|[from] brn
|upkeep
|turn|4
|
|t:|1760721973
|move|p1a: Cinderace|U-turn|p2a: Deoxys
|-supereffective|p2a: Deoxys
|-damage|p2a: Deoxys|64/100 brn
|
|t:|1760721982
|switch|p1a: Kyurem|Kyurem|100/100|[from] U-turn
|-ability|p1a: Kyurem|Pressure
|move|p2a: Deoxys|Knock Off|p1a: Kyurem
|-damage|p1a: Kyurem|94/100
|-enditem|p1a: Kyurem|Leftovers|[from] move: Knock Off|[of] p2a: Deoxys
|
|-heal|p2a: Deoxys|70/100 brn|[from] item: Leftovers
|-damage|p2a: Deoxys|64/100 brn|[from] brn
|upkeep
|turn|5
|l| LT123VB 87
|
|t:|1760721990
|move|p1a: Kyurem|Earth Power|p2a: Deoxys
|-damage|p2a: Deoxys|47/100 brn
|move|p2a: Deoxys|Recover|p2a: Deoxys
|-heal|p2a: Deoxys|97/100 brn
|
|-heal|p2a: Deoxys|100/100 brn|[from] item: Leftovers
|-damage|p2a: Deoxys|94/100 brn|[from] brn
|upkeep
|turn|6
|
|t:|1760722004
|switch|p2a: Umbreon|Umbreon, F|100/100
|move|p1a: Kyurem|Freeze-Dry|p2a: Umbreon
|-damage|p2a: Umbreon|81/100
|
|-heal|p2a: Umbreon|87/100|[from] item: Leftovers
|upkeep
|turn|7
|
|t:|1760722016
|switch|p1a: Ting-Lu|Ting-Lu|100/100
|-ability|p1a: Ting-Lu|Vessel of Ruin
|move|p2a: Umbreon|Foul Play|p1a: Ting-Lu
|-resisted|p1a: Ting-Lu
|-damage|p1a: Ting-Lu|91/100
|
|-heal|p2a: Umbreon|93/100|[from] item: Leftovers
|-heal|p1a: Ting-Lu|97/100|[from] item: Leftovers
|upkeep
|turn|8
|j| 0WithdrawalSyndrom
|inactive|MooFarmer has 60 seconds left.
|
|t:|1760722025
|move|p2a: Umbreon|Toxic|p1a: Ting-Lu
|-status|p1a: Ting-Lu|tox
|move|p1a: Ting-Lu|Earthquake|p2a: Umbreon
|-damage|p2a: Umbreon|62/100
|
|-heal|p2a: Umbreon|68/100|[from] item: Leftovers
|-heal|p1a: Ting-Lu|100/100 tox|[from] item: Leftovers
|-damage|p1a: Ting-Lu|94/100 tox|[from] psn
|upkeep
|turn|9
|
|t:|1760722034
|switch|p2a: Corviknight|Corviknight, M|100/100
|-ability|p2a: Corviknight|Pressure
|move|p1a: Ting-Lu|Rest|p1a: Ting-Lu
|-status|p1a: Ting-Lu|slp|[from] move: Rest
|-heal|p1a: Ting-Lu|100/100 slp|[silent]
|
|upkeep
|turn|10
|j| LT123VB 87
|
|t:|1760722045
|move|p2a: Corviknight|Spite|p1a: Ting-Lu
|-activate|p1a: Ting-Lu|move: Spite|Rest|4
|cant|p1a: Ting-Lu|slp
|move|p1a: Ting-Lu|Sleep Talk|p1a: Ting-Lu
|move|p1a: Ting-Lu|Rest||[from] move: Sleep Talk|[still]
|-fail|p1a: Ting-Lu
|
|upkeep
|turn|11
|
|t:|1760722054
|move|p2a: Corviknight|Spite|p1a: Ting-Lu
|-activate|p1a: Ting-Lu|move: Spite|Sleep Talk|4
|cant|p1a: Ting-Lu|slp
|move|p1a: Ting-Lu|Sleep Talk|p1a: Ting-Lu
|move|p1a: Ting-Lu|Rest||[from] move: Sleep Talk|[still]
|-fail|p1a: Ting-Lu
|
|upkeep
|turn|12
|
|t:|1760722065
|move|p2a: Corviknight|Substitute|p2a: Corviknight
|-start|p2a: Corviknight|Substitute
|-damage|p2a: Corviknight|76/100
|-curestatus|p1a: Ting-Lu|slp|[msg]
|move|p1a: Ting-Lu|Earthquake|p2a: Corviknight
|-immune|p2a: Corviknight
|
|-heal|p2a: Corviknight|82/100|[from] item: Leftovers
|upkeep
|turn|13
|
|t:|1760722075
|move|p2a: Corviknight|Spite|p1a: Ting-Lu
|-activate|p1a: Ting-Lu|move: Spite|Earthquake|4
|move|p1a: Ting-Lu|Payback|p2a: Corviknight
|-activate|p2a: Corviknight|move: Substitute|[damage]
|
|-heal|p2a: Corviknight|88/100|[from] item: Leftovers
|upkeep
|turn|14
|inactive|MooFarmer has 90 seconds left.
|inactive|MooFarmer has 60 seconds left.
|
|t:|1760722120
|switch|p2a: Umbreon|Umbreon, F|68/100
|move|p1a: Ting-Lu|Payback|p2a: Umbreon
|-resisted|p2a: Umbreon
|-damage|p2a: Umbreon|60/100
|
|-heal|p2a: Umbreon|66/100|[from] item: Leftovers
|upkeep
|turn|15
|inactive|MooFarmer has 30 seconds left.
|inactive|avitross has 120 seconds left.
|inactive|MooFarmer has 20 seconds left.
|j| john torkoal
|inactive|MooFarmer has 15 seconds left.
|
|t:|1760722166
|switch|p1a: Slowking|Slowking-Galar, L99, F|100/100
|move|p2a: Umbreon|Foul Play|p1a: Slowking
|-supereffective|p1a: Slowking
|-damage|p1a: Slowking|64/100
|
|-heal|p2a: Umbreon|73/100|[from] item: Leftovers
|upkeep
|turn|16
|inactive|MooFarmer has 25 seconds left this turn.
|inactive|MooFarmer has 20 seconds left.
|
|t:|1760722175
|move|p2a: Umbreon|Foul Play|p1a: Slowking
|-supereffective|p1a: Slowking
|-damage|p1a: Slowking|28/100
|move|p1a: Slowking|Toxic|p2a: Umbreon
|-status|p2a: Umbreon|tox
|-activate|p2a: Umbreon|ability: Synchronize
|-immune|p1a: Slowking
|
|-heal|p2a: Umbreon|79/100 tox|[from] item: Leftovers
|-damage|p2a: Umbreon|73/100 tox|[from] psn
|upkeep
|turn|17
|inactive|MooFarmer has 30 seconds left this turn.
|inactive|avitross has 120 seconds left.
|j| Crogenius2
|j| Arnaud senju vgc
|
|t:|1760722200
|switch|p2a: Deoxys|Deoxys-Defense|94/100 brn
|-ability|p2a: Deoxys|Pressure
|switch|p1a: Ting-Lu|Ting-Lu|100/100
|-ability|p1a: Ting-Lu|Vessel of Ruin
|
|-heal|p2a: Deoxys|100/100 brn|[from] item: Leftovers
|-damage|p2a: Deoxys|94/100 brn|[from] brn
|upkeep
|turn|18
|inactive|MooFarmer has 30 seconds left.
|inactive|avitross has 120 seconds left.
|l| Crogenius2
|
|t:|1760722208
|switch|p1a: Slowking|Slowking-Galar, L99, F|61/100
|move|p2a: Deoxys|Knock Off|p1a: Slowking
|-supereffective|p1a: Slowking
|-damage|p1a: Slowking|45/100
|-enditem|p1a: Slowking|Heavy-Duty Boots|[from] move: Knock Off|[of] p2a: Deoxys
|
|-heal|p2a: Deoxys|100/100 brn|[from] item: Leftovers
|-damage|p2a: Deoxys|94/100 brn|[from] brn
|upkeep
|turn|19
|
|t:|1760722218
|move|p2a: Deoxys|Night Shade|p1a: Slowking
|-damage|p1a: Slowking|19/100
|move|p1a: Slowking|Future Sight|p2a: Deoxys
|-start|p1a: Slowking|move: Future Sight
|
|-heal|p2a: Deoxys|100/100 brn|[from] item: Leftovers
|-damage|p2a: Deoxys|94/100 brn|[from] brn
|upkeep
|turn|20
|
|t:|1760722227
|switch|p1a: Ting-Lu|Ting-Lu|100/100
|-ability|p1a: Ting-Lu|Vessel of Ruin
|move|p2a: Deoxys|Knock Off|p1a: Ting-Lu
|-resisted|p1a: Ting-Lu
|-damage|p1a: Ting-Lu|99/100
|-enditem|p1a: Ting-Lu|Leftovers|[from] move: Knock Off|[of] p2a: Deoxys
|
|-heal|p2a: Deoxys|100/100 brn|[from] item: Leftovers
|-damage|p2a: Deoxys|94/100 brn|[from] brn
|upkeep
|turn|21
|
|t:|1760722235
|switch|p2a: Corviknight|Corviknight, M|88/100
|-ability|p2a: Corviknight|Pressure
|move|p1a: Ting-Lu|Payback|p2a: Corviknight
|-damage|p2a: Corviknight|76/100
|
|-end|p2a: Corviknight|move: Future Sight
|-resisted|p2a: Corviknight
|-damage|p2a: Corviknight|59/100
|-heal|p2a: Corviknight|65/100|[from] item: Leftovers
|upkeep
|turn|22
|
|t:|1760722258
|switch|p2a: Clodsire|Clodsire, F|100/100
|switch|p1a: Slowking|Slowking-Galar, L99, F|53/100
|
|upkeep
|turn|23
|inactive|avitross has 120 seconds left.
|
|t:|1760722274
|switch|p1a: Corviknight|Corviknight, F|100/100
|-ability|p1a: Corviknight|Pressure
|move|p2a: Clodsire|Spikes|p1a: Corviknight
|-sidestart|p1: MooFarmer|Spikes
|
|upkeep
|turn|24
|j| 666teamtester
|inactive|MooFarmer has 60 seconds left.
|
|t:|1760722282
|switch|p2a: Corviknight|Corviknight, M|65/100
|-ability|p2a: Corviknight|Pressure
|move|p1a: Corviknight|Defog|p2a: Corviknight
|-unboost|p2a: Corviknight|evasion|1
|-sideend|p1: MooFarmer|Spikes|[from] move: Defog|[of] p1a: Corviknight
|
|-heal|p2a: Corviknight|71/100|[from] item: Leftovers
|upkeep
|turn|25
|l| 666teamtester
|
|t:|1760722296
|switch|p1a: Slowking|Slowking-Galar, L99, F|86/100
|move|p2a: Corviknight|Substitute|p2a: Corviknight
|-start|p2a: Corviknight|Substitute
|-damage|p2a: Corviknight|47/100
|
|-heal|p2a: Corviknight|53/100|[from] item: Leftovers
|upkeep
|turn|26
|
|t:|1760722304
|switch|p1a: Kyurem|Kyurem|94/100
|-ability|p1a: Kyurem|Pressure
|move|p2a: Corviknight|Roost|p2a: Corviknight
|-heal|p2a: Corviknight|100/100
|-singleturn|p2a: Corviknight|move: Roost
|
|upkeep
|turn|27
|
|t:|1760722318
|move|p1a: Kyurem|Freeze-Dry|p2a: Corviknight
|-end|p2a: Corviknight|Substitute
|move|p2a: Corviknight|Defog|p1a: Kyurem
|-unboost|p1a: Kyurem|evasion|1
|
|upkeep
|turn|28
|
|t:|1760722329
|switch|p2a: Deoxys|Deoxys-Defense|94/100 brn
|-ability|p2a: Deoxys|Pressure
|move|p1a: Kyurem|Freeze-Dry|p2a: Deoxys
|-damage|p2a: Deoxys|73/100 brn
|
|-heal|p2a: Deoxys|79/100 brn|[from] item: Leftovers
|-damage|p2a: Deoxys|73/100 brn|[from] brn
|upkeep
|turn|29
|
|t:|1760722344
|switch|p1a: Ting-Lu|Ting-Lu|99/100
|-ability|p1a: Ting-Lu|Vessel of Ruin
|switch|p2a: Corviknight|Corviknight, M|100/100
|-ability|p2a: Corviknight|Pressure
|
|upkeep
|turn|30
|inactive|MooFarmer has 90 seconds left.
|
|t:|1760722352
|switch|p2a: Clodsire|Clodsire, F|100/100
|move|p1a: Ting-Lu|Payback|p2a: Clodsire
|-damage|p2a: Clodsire|80/100
|
|-heal|p2a: Clodsire|86/100|[from] item: Leftovers
|upkeep
|turn|31
|inactive|MooFarmer has 90 seconds left.
|inactive|MooFarmer has 60 seconds left.
|
|t:|1760722400
|switch|p2a: Corviknight|Corviknight, M|100/100
|-ability|p2a: Corviknight|Pressure
|move|p1a: Ting-Lu|Earthquake|p2a: Corviknight
|-immune|p2a: Corviknight
|
|upkeep
|turn|32
|inactive|MooFarmer has 60 seconds left.
|
|t:|1760722409
|switch|p2a: Clodsire|Clodsire, F|86/100
|move|p1a: Ting-Lu|Payback|p2a: Clodsire
|-damage|p2a: Clodsire|65/100
|
|-heal|p2a: Clodsire|71/100|[from] item: Leftovers
|upkeep
|turn|33
|j| Halfgallon67
|
|t:|1760722418
|switch|p2a: Corviknight|Corviknight, M|100/100
|-ability|p2a: Corviknight|Pressure
|move|p1a: Ting-Lu|Earthquake|p2a: Corviknight
|-immune|p2a: Corviknight
|
|upkeep
|turn|34
|
|t:|1760722426
|switch|p2a: Deoxys|Deoxys-Defense|73/100 brn
|-ability|p2a: Deoxys|Pressure
|move|p1a: Ting-Lu|Payback|p2a: Deoxys
|-supereffective|p2a: Deoxys
|-crit|p2a: Deoxys
|-damage|p2a: Deoxys|26/100 brn
|
|-heal|p2a: Deoxys|33/100 brn|[from] item: Leftovers
|-damage|p2a: Deoxys|26/100 brn|[from] brn
|upkeep
|turn|35
|
|t:|1760722435
|move|p2a: Deoxys|Recover|p2a: Deoxys
|-heal|p2a: Deoxys|76/100 brn
|move|p1a: Ting-Lu|Payback|p2a: Deoxys
|-supereffective|p2a: Deoxys
|-damage|p2a: Deoxys|17/100 brn
|
|-heal|p2a: Deoxys|23/100 brn|[from] item: Leftovers
|-damage|p2a: Deoxys|17/100 brn|[from] brn
|upkeep
|turn|36
|
|t:|1760722445
|move|p2a: Deoxys|Protect|p2a: Deoxys
|-singleturn|p2a: Deoxys|Protect
|move|p1a: Ting-Lu|Payback|p2a: Deoxys
|-activate|p2a: Deoxys|move: Protect
|
|-heal|p2a: Deoxys|23/100 brn|[from] item: Leftovers
|-damage|p2a: Deoxys|17/100 brn|[from] brn
|upkeep
|turn|37
|
|t:|1760722459
|switch|p2a: Corviknight|Corviknight, M|100/100
|-ability|p2a: Corviknight|Pressure
|move|p1a: Ting-Lu|Payback|p2a: Corviknight
|-damage|p2a: Corviknight|89/100
|
|-heal|p2a: Corviknight|95/100|[from] item: Leftovers
|upkeep
|turn|38
|inactive|MooFarmer has 90 seconds left.
|
|t:|1760722471
|switch|p1a: Kyurem|Kyurem|94/100
|-ability|p1a: Kyurem|Pressure
|move|p2a: Corviknight|Defog|p1a: Kyurem
|-unboost|p1a: Kyurem|evasion|1
|
|-heal|p2a: Corviknight|100/100|[from] item: Leftovers
|upkeep
|turn|39
|
|t:|1760722480
|move|p1a: Kyurem|Freeze-Dry|p2a: Corviknight
|-damage|p2a: Corviknight|65/100
|move|p2a: Corviknight|Spite|p1a: Kyurem
|-activate|p1a: Kyurem|move: Spite|Freeze-Dry|4
|
|-heal|p2a: Corviknight|71/100|[from] item: Leftovers
|upkeep
|turn|40
|
|t:|1760722495
|move|p1a: Kyurem|Freeze-Dry|p2a: Corviknight
|-damage|p2a: Corviknight|38/100
|-status|p2a: Corviknight|frz
|cant|p2a: Corviknight|frz
|
|-heal|p2a: Corviknight|44/100 frz|[from] item: Leftovers
|upkeep
|turn|41
|
|t:|1760722516
|move|p1a: Kyurem|Freeze-Dry|p2a: Corviknight
|-damage|p2a: Corviknight|6/100 frz
|cant|p2a: Corviknight|frz
|
|-heal|p2a: Corviknight|12/100 frz|[from] item: Leftovers
|upkeep
|turn|42
|
|t:|1760722527
|move|p1a: Kyurem|Freeze-Dry|p2a: Corviknight
|-damage|p2a: Corviknight|0 fnt
|faint|p2a: Corviknight
|
|upkeep
|inactive|avitross has 120 seconds left.
|
|t:|1760722552
|switch|p2a: Umbreon|Umbreon, F|73/100 tox
|turn|43
|inactive|MooFarmer has 120 seconds left.
|inactive|MooFarmer has 90 seconds left.
|
|t:|1760722598
|move|p1a: Kyurem|Freeze-Dry|p2a: Umbreon
|-damage|p2a: Umbreon|54/100 tox
|move|p2a: Umbreon|Wish|p2a: Umbreon
|
|-heal|p2a: Umbreon|60/100 tox|[from] item: Leftovers
|-damage|p2a: Umbreon|54/100 tox|[from] psn
|upkeep
|turn|44
|
|t:|1760722607
|move|p1a: Kyurem|Protect|p1a: Kyurem
|-singleturn|p1a: Kyurem|Protect
|move|p2a: Umbreon|Toxic|p1a: Kyurem
|-activate|p1a: Kyurem|move: Protect
|
|-heal|p2a: Umbreon|100/100 tox|[from] move: Wish|[wisher] Umbreon
|-damage|p2a: Umbreon|88/100 tox|[from] psn
|upkeep
|turn|45
|inactive|MooFarmer has 90 seconds left.
|
|t:|1760722615
|move|p1a: Kyurem|Freeze-Dry|p2a: Umbreon
|-damage|p2a: Umbreon|70/100 tox
|move|p2a: Umbreon|Toxic|p1a: Kyurem
|-status|p1a: Kyurem|tox
|
|-heal|p2a: Umbreon|76/100 tox|[from] item: Leftovers
|-damage|p1a: Kyurem|87/100 tox|[from] psn
|-damage|p2a: Umbreon|58/100 tox|[from] psn
|upkeep
|turn|46
|l| Halfgallon67
|l| Arnaud senju vgc
|inactive|avitross has 120 seconds left.
|
|t:|1760722643
|switch|p1a: Cinderace|Cinderace, F|83/100
|move|p2a: Umbreon|Wish|p2a: Umbreon
|
|-heal|p2a: Umbreon|64/100 tox|[from] item: Leftovers
|-damage|p2a: Umbreon|40/100 tox|[from] psn
|upkeep
|turn|47
|inactive|avitross has 120 seconds left.
|
|t:|1760722671
|switch|p2a: Clodsire|Clodsire, F|71/100
|move|p1a: Cinderace|Pyro Ball|p2a: Clodsire
|-damage|p2a: Clodsire|18/100
|
|-heal|p2a: Clodsire|61/100|[from] move: Wish|[wisher] Umbreon
|-heal|p2a: Clodsire|67/100|[from] item: Leftovers
|upkeep
|turn|48
|l| Scoob252525
|inactive|MooFarmer has 90 seconds left.
|inactive|avitross has 90 seconds left.
|j| Scoob252525
|
|t:|1760722723
|switch|p2a: Deoxys|Deoxys-Defense|17/100 brn
|-ability|p2a: Deoxys|Pressure
|move|p1a: Cinderace|Pyro Ball|p2a: Deoxys
|-damage|p2a: Deoxys|0 fnt
|faint|p2a: Deoxys
|
|upkeep
|
|t:|1760722744
|switch|p2a: Umbreon|Umbreon, F|40/100 tox
|turn|49
|l| john torkoal
|
|t:|1760722752
|move|p1a: Cinderace|U-turn|p2a: Umbreon
|-supereffective|p2a: Umbreon
|-damage|p2a: Umbreon|12/100 tox
|
|t:|1760722761
|switch|p1a: Ting-Lu|Ting-Lu|99/100|[from] U-turn
|-ability|p1a: Ting-Lu|Vessel of Ruin
|move|p2a: Umbreon|Wish|p2a: Umbreon
|
|-heal|p2a: Umbreon|18/100 tox|[from] item: Leftovers
|-damage|p2a: Umbreon|12/100 tox|[from] psn
|upkeep
|turn|50
|
|t:|1760722782
|switch|p2a: Weezing|Weezing-Galar, M|100/100
|-ability|p2a: Weezing|Neutralizing Gas
|move|p1a: Ting-Lu|Payback|p2a: Weezing
|-resisted|p2a: Weezing
|-damage|p2a: Weezing|94/100
|
|-heal|p2a: Weezing|100/100|[from] move: Wish|[wisher] Umbreon
|upkeep
|turn|51
|
|t:|1760722792
|switch|p1a: Cinderace|Cinderace, F|83/100
|move|p2a: Weezing|Will-O-Wisp|p1a: Cinderace
|-immune|p1a: Cinderace
|
|upkeep
|turn|52
|inactive|MooFarmer has 60 seconds left.
|
|t:|1760722839
|-end|p2a: Weezing|ability: Neutralizing Gas
|switch|p2a: Dondozo|Dondozo, M|100/100
|move|p1a: Cinderace|Pyro Ball|p2a: Dondozo|[miss]
|-miss|p1a: Cinderace|p2a: Dondozo
|
|upkeep
|turn|53
|inactive|MooFarmer has 30 seconds left.
|inactive|MooFarmer has 20 seconds left.
|inactive|MooFarmer has 15 seconds left.
|inactive|MooFarmer has 10 seconds left.
|
|t:|1760722885
|move|p1a: Cinderace|Will-O-Wisp|p2a: Dondozo
|-status|p2a: Dondozo|brn
|move|p2a: Dondozo|Waterfall|p1a: Cinderace
|-supereffective|p1a: Cinderace
|-crit|p1a: Cinderace
|-damage|p1a: Cinderace|30/100
|
|-damage|p2a: Dondozo|94/100 brn|[from] brn
|upkeep
|turn|54
|inactive|MooFarmer has 20 seconds left this turn.
|inactive|MooFarmer has 15 seconds left.
|inactive|MooFarmer has 10 seconds left.
|
|t:|1760722898
|move|p1a: Cinderace|U-turn|p2a: Dondozo
|-damage|p2a: Dondozo|86/100 brn
|inactive|MooFarmer has 15 seconds left this turn.
|inactive|MooFarmer has 10 seconds left.
|
|t:|1760722907
|switch|p1a: Dondozo|Dondozo, F|100/100|[from] U-turn
|move|p2a: Dondozo|Rest|p2a: Dondozo
|-status|p2a: Dondozo|slp|[from] move: Rest
|-heal|p2a: Dondozo|100/100 slp|[silent]
|
|upkeep
|turn|55
|inactive|MooFarmer has 20 seconds left this turn.
|inactive|MooFarmer has 15 seconds left.
|
|t:|1760722915
|switch|p1a: Ting-Lu|Ting-Lu|99/100
|-ability|p1a: Ting-Lu|Vessel of Ruin
|switch|p2a: Weezing|Weezing-Galar, M|100/100
|-ability|p2a: Weezing|Neutralizing Gas
|
|upkeep
|turn|56
|inactive|MooFarmer has 25 seconds left this turn.
|inactive|MooFarmer has 20 seconds left.
|
|t:|1760722924
|move|p2a: Weezing|Will-O-Wisp|p1a: Ting-Lu
|-status|p1a: Ting-Lu|brn
|move|p1a: Ting-Lu|Earthquake|p2a: Weezing
|-supereffective|p2a: Weezing
|-damage|p2a: Weezing|78/100
|
|-heal|p2a: Weezing|84/100|[from] item: Leftovers
|-damage|p1a: Ting-Lu|92/100 brn|[from] brn
|upkeep
|turn|57
|inactive|MooFarmer has 30 seconds left this turn.
|inactive|avitross has 90 seconds left.
|
|t:|1760722934
|move|p2a: Weezing|Strange Steam|p1a: Ting-Lu
|-supereffective|p1a: Ting-Lu
|-damage|p1a: Ting-Lu|64/100 brn
|move|p1a: Ting-Lu|Rest|p1a: Ting-Lu
|-status|p1a: Ting-Lu|slp|[from] move: Rest
|-heal|p1a: Ting-Lu|100/100 slp|[silent]
|
|-heal|p2a: Weezing|90/100|[from] item: Leftovers
|upkeep
|turn|58
|inactive|MooFarmer has 30 seconds left.
|inactive|avitross has 90 seconds left.
|
|t:|1760722946
|-end|p2a: Weezing|ability: Neutralizing Gas
|-ability|p1a: Ting-Lu|Vessel of Ruin
|switch|p2a: Dondozo|Dondozo, M|100/100 slp
|cant|p1a: Ting-Lu|slp
|move|p1a: Ting-Lu|Sleep Talk|p1a: Ting-Lu
|move|p1a: Ting-Lu|Rest||[from] move: Sleep Talk|[still]
|-fail|p1a: Ting-Lu
|
|upkeep
|turn|59
|
|t:|1760722955
|cant|p1a: Ting-Lu|slp
|move|p1a: Ting-Lu|Sleep Talk|p1a: Ting-Lu
|move|p1a: Ting-Lu|Rest||[from] move: Sleep Talk|[still]
|-fail|p1a: Ting-Lu
|cant|p2a: Dondozo|slp
|
|upkeep
|turn|60
|
|t:|1760722963
|-curestatus|p1a: Ting-Lu|slp|[msg]
|move|p1a: Ting-Lu|Earthquake|p2a: Dondozo
|-damage|p2a: Dondozo|84/100 slp
|cant|p2a: Dondozo|slp
|
|-heal|p2a: Dondozo|90/100 slp|[from] item: Leftovers
|upkeep
|turn|61
|
|t:|1760722972
|switch|p1a: Slowking|Slowking-Galar, L99, F|100/100
|-curestatus|p2a: Dondozo|slp|[msg]
|move|p2a: Dondozo|Body Press|p1a: Slowking
|-resisted|p1a: Slowking
|-damage|p1a: Slowking|94/100
|
|-heal|p2a: Dondozo|96/100|[from] item: Leftovers
|upkeep
|turn|62
|
|t:|1760722985
|switch|p2a: Umbreon|Umbreon, F|12/100 tox
|-prepare|p1a: Slowking|Chilly Reception|[premajor]
|move|p1a: Slowking|Chilly Reception|p1a: Slowking
|-weather|Snowscape
|
|t:|1760722994
|switch|p1a: Ting-Lu|Ting-Lu|100/100|[from] Chilly Reception
|-ability|p1a: Ting-Lu|Vessel of Ruin
|
|-weather|Snowscape|[upkeep]
|-heal|p2a: Umbreon|18/100 tox|[from] item: Leftovers
|-damage|p2a: Umbreon|12/100 tox|[from] psn
|upkeep
|turn|63
|inactive|avitross has 120 seconds left.
|
|t:|1760723003
|switch|p2a: Dondozo|Dondozo, M|96/100
|move|p1a: Ting-Lu|Earthquake|p2a: Dondozo
|-crit|p2a: Dondozo
|-damage|p2a: Dondozo|72/100
|
|-weather|Snowscape|[upkeep]
|-heal|p2a: Dondozo|78/100|[from] item: Leftovers
|upkeep
|turn|64
|inactive|MooFarmer has 60 seconds left.
|l| Scoob252525
|inactive|avitross has 120 seconds left.
|
|t:|1760723015
|switch|p1a: Slowking|Slowking-Galar, L99, F|100/100
|move|p2a: Dondozo|Body Press|p1a: Slowking
|-resisted|p1a: Slowking
|-damage|p1a: Slowking|93/100
|
|-weather|Snowscape|[upkeep]
|-heal|p2a: Dondozo|84/100|[from] item: Leftovers
|upkeep
|turn|65
|j| Scoob252525
|inactive|avitross has 120 seconds left.
|
|t:|1760723035
|move|p2a: Dondozo|Waterfall|p1a: Slowking
|-damage|p1a: Slowking|63/100
|-prepare|p1a: Slowking|Chilly Reception|[premajor]
|move|p1a: Slowking|Chilly Reception|p1a: Slowking
|
|t:|1760723044
|switch|p1a: Cinderace|Cinderace, F|30/100|[from] Chilly Reception
|
|-weather|Snowscape|[upkeep]
|-heal|p2a: Dondozo|90/100|[from] item: Leftovers
|upkeep
|turn|66
|inactive|avitross has 120 seconds left.
|
|t:|1760723055
|switch|p2a: Weezing|Weezing-Galar, M|90/100
|-ability|p2a: Weezing|Neutralizing Gas
|move|p1a: Cinderace|U-turn|p2a: Weezing
|-resisted|p2a: Weezing
|-damage|p2a: Weezing|86/100
|
|t:|1760723063
|switch|p1a: Slowking|Slowking-Galar, L99, F|97/100|[from] U-turn
|
|-weather|none
|-heal|p2a: Weezing|92/100|[from] item: Leftovers
|upkeep
|turn|67
|
|t:|1760723077
|move|p2a: Weezing|Will-O-Wisp|p1a: Slowking
|-status|p1a: Slowking|brn
|-prepare|p1a: Slowking|Chilly Reception|[premajor]
|move|p1a: Slowking|Chilly Reception|p1a: Slowking
|-weather|Snowscape
|
|t:|1760723086
|switch|p1a: Kyurem|Kyurem|87/100 tox|[from] Chilly Reception
|
|-weather|Snowscape|[upkeep]
|-heal|p2a: Weezing|98/100|[from] item: Leftovers
|-damage|p1a: Kyurem|81/100 tox|[from] psn
|upkeep
|turn|68
|
|t:|1760723094
|-end|p2a: Weezing|ability: Neutralizing Gas
|-ability|p1a: Kyurem|Pressure
|switch|p2a: Umbreon|Umbreon, F|12/100 tox
|move|p1a: Kyurem|Freeze-Dry|p2a: Umbreon
|-damage|p2a: Umbreon|0 fnt
|faint|p2a: Umbreon
|
|-weather|Snowscape|[upkeep]
|-damage|p1a: Kyurem|69/100 tox|[from] psn
|upkeep
|
|t:|1760723100
|switch|p2a: Clodsire|Clodsire, F|67/100
|turn|69
|inactive|MooFarmer has 90 seconds left.
|
|t:|1760723108
|switch|p1a: Ting-Lu|Ting-Lu|100/100
|-ability|p1a: Ting-Lu|Vessel of Ruin
|-terastallize|p2a: Clodsire|Steel
|move|p2a: Clodsire|Recover|p2a: Clodsire
|-heal|p2a: Clodsire|100/100
|
|-weather|Snowscape|[upkeep]
|upkeep
|turn|70
|inactive|MooFarmer has 90 seconds left.
|inactive|MooFarmer has 60 seconds left.
|
|t:|1760723154
|switch|p1a: Slowking|Slowking-Galar, L99, F|97/100 brn
|switch|p2a: Dondozo|Dondozo, M|90/100
|
|-weather|Snowscape|[upkeep]
|-heal|p2a: Dondozo|96/100|[from] item: Leftovers
|-damage|p1a: Slowking|90/100 brn|[from] brn
|upkeep
|turn|71
|inactive|MooFarmer has 60 seconds left.
|
|t:|1760723165
|switch|p2a: Clodsire|Clodsire, F, tera:Steel|100/100
|switch|p1a: Dondozo|Dondozo, F|100/100
|
|-weather|none
|upkeep
|turn|72
|
|t:|1760723173
|switch|p2a: Weezing|Weezing-Galar, M|98/100
|-ability|p2a: Weezing|Neutralizing Gas
|move|p1a: Dondozo|Body Press|p2a: Weezing
|-resisted|p2a: Weezing
|-damage|p2a: Weezing|94/100
|
|-heal|p2a: Weezing|99/100|[from] item: Leftovers
|upkeep
|turn|73
|
|t:|1760723182
|-end|p2a: Weezing|ability: Neutralizing Gas
|switch|p2a: Clodsire|Clodsire, F, tera:Steel|100/100
|switch|p1a: Slowking|Slowking-Galar, L99, F|100/100 brn
|
|-damage|p1a: Slowking|94/100 brn|[from] brn
|upkeep
|turn|74
|
|t:|1760723190
|switch|p1a: Ting-Lu|Ting-Lu|100/100
|-ability|p1a: Ting-Lu|Vessel of Ruin
|move|p2a: Clodsire|Spikes|p1a: Ting-Lu
|-sidestart|p1: MooFarmer|Spikes
|
|upkeep
|turn|75
|l| roarcat
|
|t:|1760723199
|switch|p2a: Dondozo|Dondozo, M|96/100
|move|p1a: Ting-Lu|Earthquake|p2a: Dondozo
|-damage|p2a: Dondozo|80/100
|
|-heal|p2a: Dondozo|87/100|[from] item: Leftovers
|upkeep
|turn|76
|
|t:|1760723208
|switch|p1a: Corviknight|Corviknight, F|100/100
|-ability|p1a: Corviknight|Pressure
|switch|p2a: Weezing|Weezing-Galar, M|99/100
|-ability|p2a: Weezing|Neutralizing Gas
|
|-heal|p2a: Weezing|100/100|[from] item: Leftovers
|upkeep
|turn|77
|inactive|MooFarmer has 90 seconds left.
|inactive|MooFarmer has 60 seconds left.
|
|t:|1760723254
|move|p1a: Corviknight|Defog|p2a: Weezing
|-unboost|p2a: Weezing|evasion|1
|-sideend|p1: MooFarmer|Spikes|[from] move: Defog|[of] p1a: Corviknight
|move|p2a: Weezing|Will-O-Wisp|p1a: Corviknight
|-status|p1a: Corviknight|brn
|
|-damage|p1a: Corviknight|94/100 brn|[from] brn
|upkeep
|turn|78
|inactive|MooFarmer has 30 seconds left.
|inactive|MooFarmer has 20 seconds left.
|inactive|MooFarmer has 15 seconds left.
|
|t:|1760723300
|-end|p2a: Weezing|ability: Neutralizing Gas
|-ability|p1a: Corviknight|Pressure
|switch|p2a: Clodsire|Clodsire, F, tera:Steel|100/100
|move|p1a: Corviknight|U-turn|p2a: Clodsire
|-resisted|p2a: Clodsire
|-damage|p2a: Clodsire|97/100
|inactive|MooFarmer has 20 seconds left this turn.
|inactive|MooFarmer has 15 seconds left.
|
|t:|1760723309
|switch|p1a: Dondozo|Dondozo, F|100/100|[from] U-turn
|
|-heal|p2a: Clodsire|100/100|[from] item: Leftovers
|upkeep
|turn|79
|inactive|MooFarmer has 25 seconds left this turn.
|inactive|MooFarmer has 20 seconds left.
|j| Lonelyenders
|
|t:|1760723318
|switch|p2a: Weezing|Weezing-Galar, M|100/100
|-ability|p2a: Weezing|Neutralizing Gas
|move|p1a: Dondozo|Body Press|p2a: Weezing
|-resisted|p2a: Weezing
|-damage|p2a: Weezing|96/100
|
|-heal|p2a: Weezing|100/100|[from] item: Leftovers
|upkeep
|turn|80
|inactive|MooFarmer has 30 seconds left this turn.
|
|t:|1760723327
|-end|p2a: Weezing|ability: Neutralizing Gas
|switch|p2a: Dondozo|Dondozo, M|87/100
|switch|p1a: Slowking|Slowking-Galar, L99, F|100/100 brn
|
|-heal|p2a: Dondozo|93/100|[from] item: Leftovers
|-damage|p1a: Slowking|94/100 brn|[from] brn
|upkeep
|turn|81
|inactive|MooFarmer has 30 seconds left.
|
|t:|1760723339
|switch|p2a: Clodsire|Clodsire, F, tera:Steel|100/100
|switch|p1a: Dondozo|Dondozo, F|100/100
|
|upkeep
|turn|82
|
|t:|1760723348
|switch|p2a: Weezing|Weezing-Galar, M|100/100
|-ability|p2a: Weezing|Neutralizing Gas
|move|p1a: Dondozo|Body Press|p2a: Weezing
|-resisted|p2a: Weezing
|-damage|p2a: Weezing|96/100
|
|-heal|p2a: Weezing|100/100|[from] item: Leftovers
|upkeep
|turn|83
|
|t:|1760723357
|-end|p2a: Weezing|ability: Neutralizing Gas
|switch|p2a: Dondozo|Dondozo, M|93/100
|switch|p1a: Slowking|Slowking-Galar, L99, F|100/100 brn
|
|-heal|p2a: Dondozo|99/100|[from] item: Leftovers
|-damage|p1a: Slowking|94/100 brn|[from] brn
|upkeep
|turn|84
|
|t:|1760723365
|switch|p2a: Clodsire|Clodsire, F, tera:Steel|100/100
|-prepare|p1a: Slowking|Chilly Reception|[premajor]
|move|p1a: Slowking|Chilly Reception|p1a: Slowking
|-weather|Snowscape
|
|t:|1760723374
|switch|p1a: Dondozo|Dondozo, F|100/100|[from] Chilly Reception
|
|-weather|Snowscape|[upkeep]
|upkeep
|turn|85
|
|t:|1760723387
|switch|p2a: Weezing|Weezing-Galar, M|100/100
|-ability|p2a: Weezing|Neutralizing Gas
|move|p1a: Dondozo|Body Press|p2a: Weezing
|-resisted|p2a: Weezing
|-damage|p2a: Weezing|96/100
|
|-weather|Snowscape|[upkeep]
|-heal|p2a: Weezing|100/100|[from] item: Leftovers
|upkeep
|turn|86
|
|t:|1760723396
|-end|p2a: Weezing|ability: Neutralizing Gas
|switch|p2a: Clodsire|Clodsire, F, tera:Steel|100/100
|switch|p1a: Slowking|Slowking-Galar, L99, F|100/100 brn
|
|-weather|Snowscape|[upkeep]
|-damage|p1a: Slowking|94/100 brn|[from] brn
|upkeep
|turn|87
|inactive|MooFarmer has 60 seconds left.
|
|t:|1760723404
|switch|p1a: Dondozo|Dondozo, F|100/100
|move|p2a: Clodsire|Spikes|p1a: Dondozo
|-sidestart|p1: MooFarmer|Spikes
|
|-weather|Snowscape|[upkeep]
|upkeep
|turn|88
|
|t:|1760723413
|switch|p2a: Dondozo|Dondozo, M|99/100
|move|p1a: Dondozo|Body Press|p2a: Dondozo
|-damage|p2a: Dondozo|85/100
|
|-weather|none
|-heal|p2a: Dondozo|91/100|[from] item: Leftovers
|upkeep
|turn|89
|
|t:|1760723421
|switch|p2a: Weezing|Weezing-Galar, M|100/100
|-ability|p2a: Weezing|Neutralizing Gas
|move|p1a: Dondozo|Curse|p1a: Dondozo
|-unboost|p1a: Dondozo|spe|1
|-boost|p1a: Dondozo|atk|1
|-boost|p1a: Dondozo|def|1
|
|upkeep
|turn|90
|
|t:|1760723430
|-end|p2a: Weezing|ability: Neutralizing Gas
|switch|p2a: Dondozo|Dondozo, M|91/100
|move|p1a: Dondozo|Waterfall|p2a: Dondozo
|-resisted|p2a: Dondozo
|-damage|p2a: Dondozo|85/100
|
|-heal|p2a: Dondozo|91/100|[from] item: Leftovers
|upkeep
|turn|91
|
|t:|1760723441
|switch|p2a: Weezing|Weezing-Galar, M|100/100
|-ability|p2a: Weezing|Neutralizing Gas
|move|p1a: Dondozo|Body Press|p2a: Weezing
|-resisted|p2a: Weezing
|-damage|p2a: Weezing|94/100
|
|-heal|p2a: Weezing|99/100|[from] item: Leftovers
|upkeep
|turn|92
|
|t:|1760723449
|move|p2a: Weezing|Will-O-Wisp|p1a: Dondozo|[miss]
|-miss|p2a: Weezing|p1a: Dondozo
|move|p1a: Dondozo|Waterfall|p2a: Weezing
|-damage|p2a: Weezing|73/100
|
|-heal|p2a: Weezing|79/100|[from] item: Leftovers
|upkeep
|turn|93
|inactive|MooFarmer has 90 seconds left.
|inactive|MooFarmer has 60 seconds left.
|j| jimmy powka
|
|t:|1760723497
|-end|p2a: Weezing|ability: Neutralizing Gas
|switch|p2a: Clodsire|Clodsire, F, tera:Steel|100/100
|move|p1a: Dondozo|Waterfall|p2a: Clodsire
|-damage|p2a: Clodsire|69/100
|
|-heal|p2a: Clodsire|75/100|[from] item: Leftovers
|upkeep
|turn|94
|inactive|MooFarmer has 30 seconds left.
|l| Lonelyenders
|inactive|MooFarmer has 20 seconds left.
|inactive|MooFarmer has 15 seconds left.
|
|t:|1760723543
|switch|p2a: Dondozo|Dondozo, M|91/100
|move|p1a: Dondozo|Body Press|p2a: Dondozo
|-damage|p2a: Dondozo|79/100
|
|-heal|p2a: Dondozo|86/100|[from] item: Leftovers
|upkeep
|turn|95
|inactive|MooFarmer has 25 seconds left this turn.
|inactive|MooFarmer has 20 seconds left.
|
|t:|1760723552
|switch|p2a: Weezing|Weezing-Galar, M|79/100
|-ability|p2a: Weezing|Neutralizing Gas
|move|p1a: Dondozo|Body Press|p2a: Weezing
|-resisted|p2a: Weezing
|-damage|p2a: Weezing|72/100
|
|-heal|p2a: Weezing|78/100|[from] item: Leftovers
|upkeep
|turn|96
|inactive|MooFarmer has 30 seconds left this turn.
|
|t:|1760723561
|move|p2a: Weezing|Will-O-Wisp|p1a: Dondozo|[miss]
|-miss|p2a: Weezing|p1a: Dondozo
|move|p1a: Dondozo|Waterfall|p2a: Weezing
|-damage|p2a: Weezing|49/100
|
|-heal|p2a: Weezing|55/100|[from] item: Leftovers
|upkeep
|turn|97
|inactive|MooFarmer has 30 seconds left.
|
|t:|1760723570
|switch|p1a: Cinderace|Cinderace, F|30/100
|-damage|p1a: Cinderace|18/100|[from] Spikes
|move|p2a: Weezing|Pain Split|p1a: Cinderace
|-sethp|p1a: Cinderace|34/100|[from] move: Pain Split|[silent]
|-sethp|p2a: Weezing|37/100|[from] move: Pain Split
|
|-heal|p2a: Weezing|43/100|[from] item: Leftovers
|upkeep
|turn|98
|
|t:|1760723579
|-end|p2a: Weezing|ability: Neutralizing Gas
|switch|p2a: Dondozo|Dondozo, M|86/100
|move|p1a: Cinderace|Court Change|p1a: Cinderace
|-swapsideconditions
|-activate|p1a: Cinderace|move: Court Change
|
|-heal|p2a: Dondozo|92/100|[from] item: Leftovers
|upkeep
|turn|99
|
|t:|1760723591
|move|p1a: Cinderace|U-turn|p2a: Dondozo
|-damage|p2a: Dondozo|83/100
|
|t:|1760723600
|switch|p1a: Dondozo|Dondozo, F|100/100|[from] U-turn
|move|p2a: Dondozo|Waterfall|p1a: Dondozo
|-resisted|p1a: Dondozo
|-damage|p1a: Dondozo|94/100
|
|-heal|p2a: Dondozo|89/100|[from] item: Leftovers
|-heal|p1a: Dondozo|99/100|[from] item: Leftovers
|upkeep
|turn|100
|
|t:|1760723618
|switch|p2a: Weezing|Weezing-Galar, M|43/100
|-ability|p2a: Weezing|Neutralizing Gas
|-damage|p2a: Weezing|31/100|[from] Spikes
|move|p1a: Dondozo|Body Press|p2a: Weezing
|-resisted|p2a: Weezing
|-damage|p2a: Weezing|26/100
|
|-heal|p2a: Weezing|32/100|[from] item: Leftovers
|-heal|p1a: Dondozo|100/100|[from] item: Leftovers
|upkeep
|turn|101
|
|t:|1760723629
|switch|p1a: Kyurem|Kyurem|69/100 tox
|move|p2a: Weezing|Defog|p1a: Kyurem
|-unboost|p1a: Kyurem|evasion|1
|-sideend|p2: avitross|Spikes|[from] move: Defog|[of] p2a: Weezing
|
|-heal|p2a: Weezing|38/100|[from] item: Leftovers
|-damage|p1a: Kyurem|63/100 tox|[from] psn
|upkeep
|turn|102
|
|t:|1760723642
|-end|p2a: Weezing|ability: Neutralizing Gas
|-ability|p1a: Kyurem|Pressure
|switch|p2a: Clodsire|Clodsire, F, tera:Steel|75/100
|move|p1a: Kyurem|Earth Power|p2a: Clodsire
|-supereffective|p2a: Clodsire
|-damage|p2a: Clodsire|43/100
|-unboost|p2a: Clodsire|spd|1
|
|-heal|p2a: Clodsire|49/100|[from] item: Leftovers
|-damage|p1a: Kyurem|50/100 tox|[from] psn
|upkeep
|turn|103
|
|t:|1760723652
|move|p1a: Kyurem|Earth Power|p2a: Clodsire
|-supereffective|p2a: Clodsire
|-damage|p2a: Clodsire|0 fnt
|faint|p2a: Clodsire
|
|-damage|p1a: Kyurem|32/100 tox|[from] psn
|upkeep
|
|t:|1760723659
|switch|p2a: Dondozo|Dondozo, M|89/100
|turn|104
|
|t:|1760723668
|move|p1a: Kyurem|Freeze-Dry|p2a: Dondozo
|-supereffective|p2a: Dondozo
|-damage|p2a: Dondozo|26/100
|move|p2a: Dondozo|Rest|p2a: Dondozo
|-status|p2a: Dondozo|slp|[from] move: Rest
|-heal|p2a: Dondozo|100/100 slp|[silent]
|
|-damage|p1a: Kyurem|7/100 tox|[from] psn
|upkeep
|turn|105
|
|t:|1760723677
|switch|p2a: Weezing|Weezing-Galar, M|38/100
|-ability|p2a: Weezing|Neutralizing Gas
|move|p1a: Kyurem|Freeze-Dry|p2a: Weezing
|-damage|p2a: Weezing|0 fnt
|faint|p2a: Weezing
|-end|p2a: Weezing|ability: Neutralizing Gas
|-ability|p1a: Kyurem|Pressure
|
|-damage|p1a: Kyurem|0 fnt|[from] psn
|faint|p1a: Kyurem
|upkeep
|
|t:|1760723685
|switch|p1a: Slowking|Slowking-Galar, L99, F|100/100 brn
|switch|p2a: Dondozo|Dondozo, M|100/100 slp
|turn|106
|
|t:|1760723693
|cant|p2a: Dondozo|slp
|move|p1a: Slowking|Future Sight|p2a: Dondozo
|-start|p1a: Slowking|move: Future Sight
|
|-damage|p1a: Slowking|94/100 brn|[from] brn
|upkeep
|turn|107
|
|t:|1760723703
|cant|p2a: Dondozo|slp
|move|p1a: Slowking|Sludge Bomb|p2a: Dondozo
|-damage|p2a: Dondozo|70/100 slp
|
|-heal|p2a: Dondozo|76/100 slp|[from] item: Leftovers
|-damage|p1a: Slowking|88/100 brn|[from] brn
|upkeep
|turn|108
|
|t:|1760723711
|-curestatus|p2a: Dondozo|slp|[msg]
|move|p2a: Dondozo|Waterfall|p1a: Slowking
|-damage|p1a: Slowking|57/100 brn
|move|p1a: Slowking|Sludge Bomb|p2a: Dondozo
|-damage|p2a: Dondozo|47/100
|-status|p2a: Dondozo|psn
|
|-end|p2a: Dondozo|move: Future Sight
|-damage|p2a: Dondozo|3/100 psn
|-heal|p2a: Dondozo|9/100 psn|[from] item: Leftovers
|-damage|p2a: Dondozo|0 fnt|[from] psn
|faint|p2a: Dondozo
|
|win|MooFarmer
|raw|MooFarmer's rating: 1862 &rarr; <strong>1880</strong><br />(+18 for winning)
|raw|avitross's rating: 1822 &rarr; <strong>1804</strong><br />(-18 for losing)
|l|☆MooFarmer
|player|p1|
|l|☆avitross
|player|p2|
|l| LT123VB 87
