|j|☆waterdrinker48
|j|☆snoppp
|t:|1760850552
|gametype|singles
|player|p1|waterdrinker48|miku-ghost|1205
|player|p2|snoppp|bruno|1306
|gen|9
|tier|[Gen 9] OU
|rated|
|rule|HP Percentage Mod: HP is shown in percentages
|rule|Endless Battle Clause: Forcing endless battles is banned
|rule|Species Clause: Limit one of each Pokémon
|rule|OHKO Clause: OHKO moves are banned
|rule|Evasion Items Clause: Evasion items are banned
|rule|Evasion Moves Clause: Evasion moves are banned
|rule|Evasion Abilities Clause: Evasion abilities are banned
|rule|Sleep Moves Clause: Sleep-inducing moves are banned
|clearpoke
|poke|p1|Iron Crown|
|poke|p1|Dragonite, F|
|poke|p1|Kingambit, M|
|poke|p1|Enamorus, F|
|poke|p1|Maushold|
|poke|p1|Meowscarada, F|
|poke|p2|Kyurem|
|poke|p2|Garganacl, F|
|poke|p2|Ninetales-Alola, M|
|poke|p2|Cinderace, M|
|poke|p2|Ogerpon-Wellspring, F|
|poke|p2|Slowking-Galar, F|
|teampreview
|inactive|Battle timer is ON: inactive players will automatically lose when time's up. (requested by waterdrinker48)
|
|t:|1760850557
|teamsize|p1|6
|teamsize|p2|6
|start
|switch|p1a: Maushold|Maushold|100/100
|switch|p2a: Ninetales|Ninetales-Alola, M|100/100
|-weather|Snowscape|[from] ability: Snow Warning|[of] p2a: Ninetales
|turn|1
|
|t:|1760850568
|move|p1a: Maushold|Tidy Up|p1a: Maushold
|-boost|p1a: Maushold|atk|1
|-boost|p1a: Maushold|spe|1
|move|p2a: Ninetales|Aurora Veil|p2a: Ninetales
|-sidestart|p2: snoppp|move: Aurora Veil
|
|-weather|Snowscape|[upkeep]
|upkeep
|turn|2
|
|t:|1760850574
|-terastallize|p2a: Ninetales|Ghost
|move|p1a: Maushold|Encore|p2a: Ninetales
|-start|p2a: Ninetales|Encore
|move|p2a: Ninetales|Aurora Veil||[still]
|-fail|p2a: Ninetales
|
|-weather|Snowscape|[upkeep]
|upkeep
|turn|3
|
|t:|1760850578
|move|p1a: Maushold|Tidy Up|p1a: Maushold
|-boost|p1a: Maushold|atk|1
|-boost|p1a: Maushold|spe|1
|move|p2a: Ninetales|Aurora Veil||[still]
|-fail|p2a: Ninetales
|
|-weather|Snowscape|[upkeep]
|upkeep
|turn|4
|
|t:|1760850585
|switch|p2a: Garganacl|Garganacl, F|100/100
|move|p1a: Maushold|Tidy Up|p1a: Maushold
|-boost|p1a: Maushold|atk|1
|-boost|p1a: Maushold|spe|1
|
|-weather|Snowscape|[upkeep]
|upkeep
|turn|5
|
|t:|1760850591
|move|p1a: Maushold|Population Bomb|p2a: Garganacl
|-resisted|p2a: Garganacl
|-damage|p2a: Garganacl|96/100
|-resisted|p2a: Garganacl
|-damage|p2a: Garganacl|92/100
|-resisted|p2a: Garganacl
|-damage|p2a: Garganacl|88/100
|-resisted|p2a: Garganacl
|-damage|p2a: Garganacl|84/100
|-resisted|p2a: Garganacl
|-damage|p2a: Garganacl|81/100
|-resisted|p2a: Garganacl
|-damage|p2a: Garganacl|77/100
|-resisted|p2a: Garganacl
|-damage|p2a: Garganacl|73/100
|-resisted|p2a: Garganacl
|-damage|p2a: Garganacl|69/100
|-resisted|p2a: Garganacl
|-damage|p2a: Garganacl|65/100
|-resisted|p2a: Garganacl
|-damage|p2a: Garganacl|62/100
|-hitcount|p2a: Garganacl|10
|move|p2a: Garganacl|Salt Cure|p1a: Maushold
|-damage|p1a: Maushold|77/100
|-start|p1a: Maushold|Salt Cure
|
|-weather|none
|-heal|p2a: Garganacl|68/100|[from] item: Leftovers
|-damage|p1a: Maushold|65/100|[from] Salt Cure
|upkeep
|turn|6
|
|t:|1760850601
|switch|p1a: Iron Crown|Iron Crown|100/100
|move|p2a: Garganacl|Salt Cure|p1a: Iron Crown
|-resisted|p1a: Iron Crown
|-damage|p1a: Iron Crown|93/100
|-start|p1a: Iron Crown|Salt Cure
|
|-heal|p2a: Garganacl|74/100|[from] item: Leftovers
|-damage|p1a: Iron Crown|68/100|[from] Salt Cure
|upkeep
|turn|7
|
|t:|1760850604
|move|p2a: Garganacl|Protect|p2a: Garganacl
|-singleturn|p2a: Garganacl|Protect
|move|p1a: Iron Crown|Tachyon Cutter|p2a: Garganacl
|-activate|p2a: Garganacl|move: Protect
|
|-heal|p2a: Garganacl|80/100|[from] item: Leftovers
|-damage|p1a: Iron Crown|43/100|[from] Salt Cure
|upkeep
|turn|8
|
|t:|1760850609
|-end|p1a: Iron Crown|Quark Drive|[silent]
|switch|p1a: Meowscarada|Meowscarada, F|100/100
|switch|p2a: Ogerpon|Ogerpon-Wellspring, F|100/100
|
|-sideend|p2: snoppp|move: Aurora Veil
|upkeep
|turn|9
|
|t:|1760850613
|switch|p2a: Ninetales|Ninetales-Alola, M, tera:Ghost|100/100
|-weather|Snowscape|[from] ability: Snow Warning|[of] p2a: Ninetales
|move|p1a: Meowscarada|U-turn|p2a: Ninetales
|-start|p1a: Meowscarada|typechange|Bug|[from] ability: Protean
|-resisted|p2a: Ninetales
|-damage|p2a: Ninetales|61/100
|
|t:|1760850616
|switch|p1a: Enamorus|Enamorus, F|100/100|[from] U-turn
|
|-weather|Snowscape|[upkeep]
|upkeep
|turn|10
|
|t:|1760850621
|-terastallize|p1a: Enamorus|Stellar
|move|p1a: Enamorus|Tera Blast|p2a: Ninetales|[anim] Tera Blast Stellar
|-supereffective|p2a: Ninetales
|-damage|p2a: Ninetales|0 fnt
|-boost|p1a: Enamorus|atk|1
|-boost|p1a: Enamorus|spa|1
|faint|p2a: Ninetales
|
|-weather|Snowscape|[upkeep]
|upkeep
|
|t:|1760850629
|switch|p2a: Slowking|Slowking-Galar, F|100/100
|turn|11
|
|t:|1760850633
|switch|p1a: Iron Crown|Iron Crown|43/100
|move|p2a: Slowking|Sludge Bomb|p1a: Iron Crown
|-immune|p1a: Iron Crown
|
|-weather|Snowscape|[upkeep]
|upkeep
|turn|12
|
|t:|1760850637
|move|p1a: Iron Crown|Volt Switch|p2a: Slowking
|-damage|p2a: Slowking|86/100
|
|t:|1760850639
|-end|p1a: Iron Crown|Quark Drive|[silent]
|switch|p1a: Meowscarada|Meowscarada, F|100/100|[from] Volt Switch
|-prepare|p2a: Slowking|Chilly Reception|[premajor]
|move|p2a: Slowking|Chilly Reception|p2a: Slowking
|
|t:|1760850642
|switch|p2a: Cinderace|Cinderace, M|100/100|[from] Chilly Reception
|
|-weather|Snowscape|[upkeep]
|upkeep
|turn|13
|
|t:|1760850648
|move|p1a: Meowscarada|Knock Off|p2a: Cinderace
|-start|p1a: Meowscarada|typechange|Dark|[from] ability: Protean
|-damage|p2a: Cinderace|25/100
|-enditem|p2a: Cinderace|Heavy-Duty Boots|[from] move: Knock Off|[of] p1a: Meowscarada
|move|p2a: Cinderace|U-turn|p1a: Meowscarada
|-supereffective|p1a: Meowscarada
|-damage|p1a: Meowscarada|47/100
|
|t:|1760850655
|switch|p2a: Garganacl|Garganacl, F|80/100|[from] U-turn
|
|-weather|none
|-heal|p2a: Garganacl|86/100|[from] item: Leftovers
|upkeep
|turn|14
|
|t:|1760850658
|move|p1a: Meowscarada|Knock Off|p2a: Garganacl
|-damage|p2a: Garganacl|47/100
|-enditem|p2a: Garganacl|Leftovers|[from] move: Knock Off|[of] p1a: Meowscarada
|move|p2a: Garganacl|Salt Cure|p1a: Meowscarada
|-damage|p1a: Meowscarada|25/100
|-start|p1a: Meowscarada|Salt Cure
|
|-damage|p1a: Meowscarada|13/100|[from] Salt Cure
|upkeep
|turn|15
|
|t:|1760850663
|switch|p1a: Iron Crown|Iron Crown|43/100
|move|p2a: Garganacl|Recover|p2a: Garganacl
|-heal|p2a: Garganacl|97/100
|
|upkeep
|turn|16
|
|t:|1760850671
|move|p2a: Garganacl|Protect|p2a: Garganacl
|-singleturn|p2a: Garganacl|Protect
|move|p1a: Iron Crown|Tachyon Cutter|p2a: Garganacl
|-activate|p2a: Garganacl|move: Protect
|
|upkeep
|turn|17
|
|t:|1760850678
|switch|p2a: Ogerpon|Ogerpon-Wellspring, F|100/100
|move|p1a: Iron Crown|Tachyon Cutter|p2a: Ogerpon
|-resisted|p2a: Ogerpon
|-damage|p2a: Ogerpon|87/100
|-resisted|p2a: Ogerpon
|-damage|p2a: Ogerpon|72/100
|-hitcount|p2a: Ogerpon|2
|
|upkeep
|turn|18
|
|t:|1760850682
|move|p1a: Iron Crown|Tachyon Cutter|p2a: Ogerpon
|-resisted|p2a: Ogerpon
|-damage|p2a: Ogerpon|57/100
|-resisted|p2a: Ogerpon
|-damage|p2a: Ogerpon|44/100
|-hitcount|p2a: Ogerpon|2
|move|p2a: Ogerpon|Knock Off|p1a: Iron Crown
|-supereffective|p1a: Iron Crown
|-damage|p1a: Iron Crown|0 fnt
|-enditem|p1a: Iron Crown|Choice Scarf|[from] move: Knock Off|[of] p2a: Ogerpon
|faint|p1a: Iron Crown
|-end|p1a: Iron Crown|Quark Drive|[silent]
|
|upkeep
|
|t:|1760850686
|switch|p1a: Meowscarada|Meowscarada, F|13/100
|turn|19
|
|t:|1760850696
|move|p1a: Meowscarada|U-turn|p2a: Ogerpon
|-start|p1a: Meowscarada|typechange|Bug|[from] ability: Protean
|-supereffective|p2a: Ogerpon
|-damage|p2a: Ogerpon|0 fnt
|faint|p2a: Ogerpon
|
|t:|1760850704
|switch|p1a: Maushold|Maushold|65/100|[from] U-turn
|
|upkeep
|
|t:|1760850708
|switch|p2a: Garganacl|Garganacl, F|97/100
|turn|20
|
|t:|1760850715
|move|p1a: Maushold|Tidy Up|p1a: Maushold
|-boost|p1a: Maushold|atk|1
|-boost|p1a: Maushold|spe|1
|move|p2a: Garganacl|Salt Cure|p1a: Maushold
|-damage|p1a: Maushold|44/100
|-start|p1a: Maushold|Salt Cure
|
|-damage|p1a: Maushold|31/100|[from] Salt Cure
|upkeep
|turn|21
|
|t:|1760850723
|move|p1a: Maushold|Tidy Up|p1a: Maushold
|-boost|p1a: Maushold|atk|1
|-boost|p1a: Maushold|spe|1
|move|p2a: Garganacl|Recover|p2a: Garganacl
|-heal|p2a: Garganacl|100/100
|
|-damage|p1a: Maushold|19/100|[from] Salt Cure
|upkeep
|turn|22
|
|t:|1760850726
|move|p2a: Garganacl|Protect|p2a: Garganacl
|-singleturn|p2a: Garganacl|Protect
|move|p1a: Maushold|Encore|p2a: Garganacl
|-activate|p2a: Garganacl|move: Protect
|
|-damage|p1a: Maushold|6/100|[from] Salt Cure
|upkeep
|turn|23
|
|t:|1760850731
|switch|p2a: Cinderace|Cinderace, M|25/100
|move|p1a: Maushold|Encore||[still]
|-fail|p1a: Maushold
|
|-damage|p1a: Maushold|0 fnt|[from] Salt Cure
|faint|p1a: Maushold
|upkeep
|
|t:|1760850733
|switch|p1a: Meowscarada|Meowscarada, F|13/100
|turn|24
|
|t:|1760850737
|move|p1a: Meowscarada|Flower Trick|p2a: Cinderace
|-start|p1a: Meowscarada|typechange|Grass|[from] ability: Protean
|-resisted|p2a: Cinderace
|-crit|p2a: Cinderace
|-damage|p2a: Cinderace|0 fnt
|faint|p2a: Cinderace
|
|upkeep
|
|t:|1760850739
|switch|p2a: Slowking|Slowking-Galar, F|100/100
|turn|25
|
|t:|1760850746
|switch|p1a: Kingambit|Kingambit, M|100/100
|-activate|p1a: Kingambit|ability: Supreme Overlord
|-start|p1a: Kingambit|fallen2|[silent]
|-item|p1a: Kingambit|Air Balloon
|-prepare|p2a: Slowking|Chilly Reception|[premajor]
|move|p2a: Slowking|Chilly Reception|p2a: Slowking
|-weather|Snowscape
|
|t:|1760850751
|switch|p2a: Kyurem|Kyurem|100/100|[from] Chilly Reception
|-ability|p2a: Kyurem|Pressure
|
|-weather|Snowscape|[upkeep]
|upkeep
|turn|26
|
|t:|1760850757
|-end|p1a: Kingambit|fallen2|[silent]
|switch|p1a: Meowscarada|Meowscarada, F|13/100
|move|p2a: Kyurem|Icicle Spear|p1a: Meowscarada
|-supereffective|p1a: Meowscarada
|-damage|p1a: Meowscarada|0 fnt
|faint|p1a: Meowscarada
|-hitcount|p1: Meowscarada|1
|
|-weather|Snowscape|[upkeep]
|upkeep
|
|t:|1760850764
|switch|p1a: Enamorus|Enamorus, F, tera:Stellar|100/100
|turn|27
|
|t:|1760850768
|switch|p2a: Slowking|Slowking-Galar, F|100/100
|move|p1a: Enamorus|Moonblast|p2a: Slowking
|-resisted|p2a: Slowking
|-damage|p2a: Slowking|78/100
|
|-weather|Snowscape|[upkeep]
|upkeep
|turn|28
|
|t:|1760850774
|switch|p1a: Kingambit|Kingambit, M|100/100
|-activate|p1a: Kingambit|ability: Supreme Overlord
|-start|p1a: Kingambit|fallen3|[silent]
|-item|p1a: Kingambit|Air Balloon
|-prepare|p2a: Slowking|Chilly Reception|[premajor]
|move|p2a: Slowking|Chilly Reception|p2a: Slowking
|
|t:|1760850777
|switch|p2a: Garganacl|Garganacl, F|100/100|[from] Chilly Reception
|
|-weather|Snowscape|[upkeep]
|upkeep
|turn|29
|
|t:|1760850784
|-end|p1a: Kingambit|fallen3|[silent]
|switch|p1a: Enamorus|Enamorus, F, tera:Stellar|100/100
|move|p2a: Garganacl|Salt Cure|p1a: Enamorus
|-supereffective|p1a: Enamorus
|-damage|p1a: Enamorus|57/100
|-start|p1a: Enamorus|Salt Cure
|
|-weather|none
|-damage|p1a: Enamorus|44/100|[from] Salt Cure
|upkeep
|turn|30
|
|t:|1760850791
|move|p2a: Garganacl|Protect|p2a: Garganacl
|-singleturn|p2a: Garganacl|Protect
|move|p1a: Enamorus|Tera Blast|p2a: Garganacl|[anim] Tera Blast Stellar
|-activate|p2a: Garganacl|move: Protect
|
|-damage|p1a: Enamorus|32/100|[from] Salt Cure
|upkeep
|turn|31
|
|t:|1760850798
|move|p1a: Enamorus|Tera Blast|p2a: Garganacl|[anim] Tera Blast Stellar
|-damage|p2a: Garganacl|67/100
|-boost|p1a: Enamorus|atk|1
|-boost|p1a: Enamorus|spa|1
|move|p2a: Garganacl|Salt Cure|p1a: Enamorus
|-supereffective|p1a: Enamorus
|-damage|p1a: Enamorus|0 fnt
|faint|p1a: Enamorus
|
|upkeep
|
|t:|1760850806
|switch|p1a: Dragonite|Dragonite, F|100/100
|turn|32
|
|t:|1760850809
|move|p1a: Dragonite|Dragon Dance|p1a: Dragonite
|-boost|p1a: Dragonite|atk|1
|-boost|p1a: Dragonite|spe|1
|move|p2a: Garganacl|Recover|p2a: Garganacl
|-heal|p2a: Garganacl|100/100
|
|upkeep
|turn|33
|
|t:|1760850814
|move|p1a: Dragonite|Earthquake|p2a: Garganacl
|-supereffective|p2a: Garganacl
|-damage|p2a: Garganacl|31/100
|move|p2a: Garganacl|Salt Cure|p1a: Dragonite
|-supereffective|p1a: Dragonite
|-damage|p1a: Dragonite|86/100
|-start|p1a: Dragonite|Salt Cure
|
|-damage|p1a: Dragonite|73/100|[from] Salt Cure
|upkeep
|turn|34
|
|t:|1760850829
|switch|p2a: Slowking|Slowking-Galar, F|100/100
|move|p1a: Dragonite|Earthquake|p2a: Slowking
|-supereffective|p2a: Slowking
|-damage|p2a: Slowking|0 fnt
|faint|p2a: Slowking
|
|-damage|p1a: Dragonite|61/100|[from] Salt Cure
|upkeep
|
|t:|1760850831
|switch|p2a: Kyurem|Kyurem|100/100
|-ability|p2a: Kyurem|Pressure
|turn|35
|
|t:|1760850837
|move|p1a: Dragonite|Earthquake|p2a: Kyurem
|-damage|p2a: Kyurem|35/100
|move|p2a: Kyurem|Dragon Dance|p2a: Kyurem
|-boost|p2a: Kyurem|atk|1
|-boost|p2a: Kyurem|spe|1
|
|-damage|p1a: Dragonite|48/100|[from] Salt Cure
|upkeep
|turn|36
|
|t:|1760850842
|move|p1a: Dragonite|Extreme Speed|p2a: Kyurem
|-damage|p2a: Kyurem|0 fnt
|faint|p2a: Kyurem
|
|-damage|p1a: Dragonite|36/100|[from] Salt Cure
|upkeep
|
|t:|1760850843
|switch|p2a: Garganacl|Garganacl, F|31/100
|turn|37
|
|t:|1760850848
|move|p1a: Dragonite|Earthquake|p2a: Garganacl
|-supereffective|p2a: Garganacl
|-damage|p2a: Garganacl|0 fnt
|faint|p2a: Garganacl
|
|win|waterdrinker48
|raw|waterdrinker48's rating: 1205 &rarr; <strong>1237</strong><br />(+32 for winning)
|raw|snoppp's rating: 1306 &rarr; <strong>1280</strong><br />(-26 for losing)
|l|☆snoppp
|player|p2|
|l|☆waterdrinker48
|player|p1|
