|j|☆rookie22
|j|☆CyborgParrot127
|t:|1760880588
|gametype|singles
|player|p1|rookie22|iris-gen5bw2|1698
|player|p2|CyborgParrot127|266|1669
|gen|9
|tier|[Gen 9] OU
|rated|
|rule|HP Percentage Mod: HP is shown in percentages
|rule|Endless Battle Clause: Forcing endless battles is banned
|rule|Species Clause: Limit one of each Pokémon
|rule|OHKO Clause: OHKO moves are banned
|rule|Evasion Items Clause: Evasion items are banned
|rule|Evasion Moves Clause: Evasion moves are banned
|rule|Evasion Abilities Clause: Evasion abilities are banned
|rule|Sleep Moves Clause: Sleep-inducing moves are banned
|clearpoke
|poke|p1|Dragonite, M|
|poke|p1|Meowscarada, M|
|poke|p1|Keldeo|
|poke|p1|Iron Crown|
|poke|p1|Raging Bolt|
|poke|p1|Great Tusk|
|poke|p2|Darkrai|
|poke|p2|Great Tusk|
|poke|p2|Ogerpon-Wellspring, F|
|poke|p2|Gholdengo|
|poke|p2|Dragonite, F|
|poke|p2|Ting-Lu|
|teampreview
|inactive|Battle timer is ON: inactive players will automatically lose when time's up. (requested by rookie22)
|
|t:|1760880602
|teamsize|p1|6
|teamsize|p2|6
|start
|switch|p1a: Lisan Al Gaib|Keldeo|100/100
|switch|p2a: Ogerpon|Ogerpon-Wellspring, F|100/100
|turn|1
|
|t:|1760880609
|switch|p1a: Raging Bolt|Raging Bolt|100/100
|move|p2a: Ogerpon|Power Whip|p1a: Raging Bolt
|-resisted|p1a: Raging Bolt
|-damage|p1a: Raging Bolt|67/100
|
|-heal|p1a: Raging Bolt|73/100|[from] item: Leftovers
|upkeep
|turn|2
|l|☆rookie22
|inactive|rookie22 disconnected and has a minute to reconnect!
|player|p1|
|j|☆rookie22
|inactive|rookie22 reconnected and has 145 seconds left.
|player|p1|rookie22|iris-gen5bw2|
|
|t:|1760880620
|move|p2a: Ogerpon|U-turn|p1a: Raging Bolt
|-damage|p1a: Raging Bolt|50/100
|
|t:|1760880623
|switch|p2a: Ting-Lu|Ting-Lu|100/100|[from] U-turn
|-ability|p2a: Ting-Lu|Vessel of Ruin
|move|p1a: Raging Bolt|Dragon Pulse|p2a: Ting-Lu
|-damage|p2a: Ting-Lu|81/100
|
|-heal|p1a: Raging Bolt|56/100|[from] item: Leftovers
|-heal|p2a: Ting-Lu|87/100|[from] item: Leftovers
|upkeep
|turn|3
|
|t:|1760880630
|-end|p1a: Raging Bolt|Protosynthesis|[silent]
|switch|p1a: Great Tusk|Great Tusk|100/100
|move|p2a: Ting-Lu|Earthquake|p1a: Great Tusk
|-damage|p1a: Great Tusk|77/100
|
|-heal|p1a: Great Tusk|83/100|[from] item: Leftovers
|-heal|p2a: Ting-Lu|93/100|[from] item: Leftovers
|upkeep
|turn|4
|
|t:|1760880634
|move|p1a: Great Tusk|Ice Spinner|p2a: Ting-Lu
|-supereffective|p2a: Ting-Lu
|-damage|p2a: Ting-Lu|60/100
|move|p2a: Ting-Lu|Ruination|p1a: Great Tusk
|-damage|p1a: Great Tusk|42/100
|
|-heal|p1a: Great Tusk|48/100|[from] item: Leftovers
|-heal|p2a: Ting-Lu|66/100|[from] item: Leftovers
|upkeep
|turn|5
|
|t:|1760880642
|move|p1a: Great Tusk|Ice Spinner|p2a: Ting-Lu
|-supereffective|p2a: Ting-Lu
|-damage|p2a: Ting-Lu|31/100
|move|p2a: Ting-Lu|Whirlwind|p1a: Great Tusk
|-end|p1a: Great Tusk|Protosynthesis|[silent]
|drag|p1a: Bene Gesserit|Iron Crown|100/100
|
|-heal|p2a: Ting-Lu|38/100|[from] item: Leftovers
|upkeep
|turn|6
|
|t:|1760880649
|-end|p1a: Bene Gesserit|Quark Drive|[silent]
|switch|p1a: Meowscarada|Meowscarada, M|100/100
|move|p2a: Ting-Lu|Spikes|p1a: Meowscarada
|-sidestart|p1: rookie22|Spikes
|
|-heal|p2a: Ting-Lu|44/100|[from] item: Leftovers
|upkeep
|turn|7
|
|t:|1760880653
|switch|p2a: Dragonite|Dragonite, F|100/100
|move|p1a: Meowscarada|Knock Off|p2a: Dragonite
|-start|p1a: Meowscarada|typechange|Dark|[from] ability: Protean
|-damage|p2a: Dragonite|79/100
|-enditem|p2a: Dragonite|Heavy-Duty Boots|[from] move: Knock Off|[of] p1a: Meowscarada
|
|upkeep
|turn|8
|
|t:|1760880662
|move|p1a: Meowscarada|Triple Axel|p2a: Dragonite
|-supereffective|p2a: Dragonite
|-damage|p2a: Dragonite|56/100
|-supereffective|p2a: Dragonite
|-damage|p2a: Dragonite|11/100
|-supereffective|p2a: Dragonite
|-damage|p2a: Dragonite|0 fnt
|faint|p2a: Dragonite
|-hitcount|p2: Dragonite|3
|
|upkeep
|
|t:|1760880668
|switch|p2a: Great Tusk|Great Tusk|100/100
|turn|9
|
|t:|1760880675
|switch|p1a: Great Tusk|Great Tusk|48/100
|-damage|p1a: Great Tusk|36/100|[from] Spikes
|move|p2a: Great Tusk|Ice Spinner|p1a: Great Tusk
|-supereffective|p1a: Great Tusk
|-damage|p1a: Great Tusk|0 fnt
|faint|p1a: Great Tusk
|-end|p1a: Great Tusk|Protosynthesis|[silent]
|
|upkeep
|
|t:|1760880679
|switch|p1a: Lisan Al Gaib|Keldeo|100/100
|-damage|p1a: Lisan Al Gaib|88/100|[from] Spikes
|turn|10
|
|t:|1760880689
|-end|p2a: Great Tusk|Protosynthesis|[silent]
|switch|p2a: Ogerpon|Ogerpon-Wellspring, F|100/100
|move|p1a: Lisan Al Gaib|Air Slash|p2a: Ogerpon
|-supereffective|p2a: Ogerpon
|-damage|p2a: Ogerpon|0 fnt
|faint|p2a: Ogerpon
|
|upkeep
|
|t:|1760880692
|switch|p2a: Gholdengo|Gholdengo|100/100
|-item|p2a: Gholdengo|Air Balloon
|turn|11
|
|t:|1760880696
|switch|p1a: Raging Bolt|Raging Bolt|56/100
|-damage|p1a: Raging Bolt|44/100|[from] Spikes
|move|p2a: Gholdengo|Nasty Plot|p2a: Gholdengo
|-boost|p2a: Gholdengo|spa|2
|
|-heal|p1a: Raging Bolt|50/100|[from] item: Leftovers
|upkeep
|turn|12
|
|t:|1760880713
|move|p2a: Gholdengo|Shadow Ball|p1a: Raging Bolt
|-damage|p1a: Raging Bolt|0 fnt
|faint|p1a: Raging Bolt
|-end|p1a: Raging Bolt|Protosynthesis|[silent]
|
|upkeep
|
|t:|1760880715
|switch|p1a: Meowscarada|Meowscarada, M|100/100
|turn|13
|
|t:|1760880718
|-terastallize|p2a: Gholdengo|Fairy
|move|p1a: Meowscarada|Knock Off|p2a: Gholdengo
|-start|p1a: Meowscarada|typechange|Dark|[from] ability: Protean
|-resisted|p2a: Gholdengo
|-crit|p2a: Gholdengo
|-damage|p2a: Gholdengo|77/100
|-enditem|p2a: Gholdengo|Air Balloon
|move|p2a: Gholdengo|Dazzling Gleam|p1a: Meowscarada
|-supereffective|p1a: Meowscarada
|-damage|p1a: Meowscarada|0 fnt
|faint|p1a: Meowscarada
|
|upkeep
|
|t:|1760880724
|switch|p1a: Bene Gesserit|Iron Crown|100/100
|-damage|p1a: Bene Gesserit|88/100|[from] Spikes
|turn|14
|
|t:|1760880738
|switch|p2a: Ting-Lu|Ting-Lu|44/100
|-ability|p2a: Ting-Lu|Vessel of Ruin
|move|p1a: Bene Gesserit|Tachyon Cutter|p2a: Ting-Lu
|-damage|p2a: Ting-Lu|33/100
|-damage|p2a: Ting-Lu|24/100
|-hitcount|p2a: Ting-Lu|2
|
|-heal|p2a: Ting-Lu|30/100|[from] item: Leftovers
|upkeep
|turn|15
|
|t:|1760880754
|-end|p1a: Bene Gesserit|Quark Drive|[silent]
|switch|p1a: Lisan Al Gaib|Keldeo|88/100
|-damage|p1a: Lisan Al Gaib|76/100|[from] Spikes
|move|p2a: Ting-Lu|Ruination|p1a: Lisan Al Gaib
|-damage|p1a: Lisan Al Gaib|38/100
|-ability|p1a: Lisan Al Gaib|Justified|boost
|-boost|p1a: Lisan Al Gaib|atk|1
|
|-heal|p2a: Ting-Lu|36/100|[from] item: Leftovers
|upkeep
|turn|16
|
|t:|1760880759
|move|p1a: Lisan Al Gaib|Surf|p2a: Ting-Lu
|-supereffective|p2a: Ting-Lu
|-damage|p2a: Ting-Lu|0 fnt
|faint|p2a: Ting-Lu
|
|upkeep
|
|t:|1760880774
|switch|p2a: Darkrai|Darkrai|100/100
|turn|17
|
|t:|1760880777
|move|p2a: Darkrai|Dark Pulse|p1a: Lisan Al Gaib
|-resisted|p1a: Lisan Al Gaib
|-damage|p1a: Lisan Al Gaib|16/100
|-ability|p1a: Lisan Al Gaib|Justified|boost
|-boost|p1a: Lisan Al Gaib|atk|1
|move|p1a: Lisan Al Gaib|Surf|p2a: Darkrai
|-damage|p2a: Darkrai|15/100
|
|-heal|p2a: Darkrai|21/100|[from] item: Leftovers
|upkeep
|turn|18
|
|t:|1760880795
|move|p2a: Darkrai|Dark Pulse|p1a: Lisan Al Gaib
|-resisted|p1a: Lisan Al Gaib
|-damage|p1a: Lisan Al Gaib|0 fnt
|faint|p1a: Lisan Al Gaib
|
|-heal|p2a: Darkrai|27/100|[from] item: Leftovers
|upkeep
|
|t:|1760880797
|switch|p1a: Bene Gesserit|Iron Crown|88/100
|-damage|p1a: Bene Gesserit|76/100|[from] Spikes
|turn|19
|
|t:|1760880814
|move|p2a: Darkrai|Dark Pulse|p1a: Bene Gesserit
|-supereffective|p1a: Bene Gesserit
|-damage|p1a: Bene Gesserit|27/100
|cant|p1a: Bene Gesserit|flinch
|
|-heal|p2a: Darkrai|33/100|[from] item: Leftovers
|upkeep
|turn|20
|
|t:|1760880831
|-terastallize|p1a: Bene Gesserit|Fairy
|move|p2a: Darkrai|Dark Pulse|p1a: Bene Gesserit
|-resisted|p1a: Bene Gesserit
|-damage|p1a: Bene Gesserit|16/100
|move|p1a: Bene Gesserit|Tachyon Cutter|p2a: Darkrai
|-damage|p2a: Darkrai|4/100
|-damage|p2a: Darkrai|0 fnt
|faint|p2a: Darkrai
|-hitcount|p2: Darkrai|2
|
|upkeep
|
|t:|1760880836
|switch|p2a: Great Tusk|Great Tusk|100/100
|turn|21
|
|t:|1760880844
|move|p1a: Bene Gesserit|Tachyon Cutter|p2a: Great Tusk
|-damage|p2a: Great Tusk|59/100
|-damage|p2a: Great Tusk|21/100
|-hitcount|p2a: Great Tusk|2
|move|p2a: Great Tusk|Rapid Spin|p1a: Bene Gesserit
|-damage|p1a: Bene Gesserit|0 fnt
|-boost|p2a: Great Tusk|spe|1
|faint|p1a: Bene Gesserit
|-end|p1a: Bene Gesserit|Quark Drive|[silent]
|
|upkeep
|
|t:|1760880848
|switch|p1a: I'm the original.|Dragonite, M|100/100
|turn|22
|
|t:|1760880856
|move|p2a: Great Tusk|Ice Spinner|p1a: I'm the original.
|-supereffective|p1a: I'm the original.
|-damage|p1a: I'm the original.|35/100
|move|p1a: I'm the original.|Ice Spinner|p2a: Great Tusk
|-supereffective|p2a: Great Tusk
|-damage|p2a: Great Tusk|0 fnt
|faint|p2a: Great Tusk
|-end|p2a: Great Tusk|Protosynthesis|[silent]
|
|upkeep
|
|t:|1760880859
|switch|p2a: Gholdengo|Gholdengo, tera:Fairy|77/100
|turn|23
|
|t:|1760880862
|move|p1a: I'm the original.|Earthquake|p2a: Gholdengo
|-damage|p2a: Gholdengo|50/100
|move|p2a: Gholdengo|Dazzling Gleam|p1a: I'm the original.
|-supereffective|p1a: I'm the original.
|-damage|p1a: I'm the original.|0 fnt
|faint|p1a: I'm the original.
|
|win|CyborgParrot127
|raw|rookie22's rating: 1698 &rarr; <strong>1676</strong><br />(-22 for losing)
|raw|CyborgParrot127's rating: 1669 &rarr; <strong>1691</strong><br />(+22 for winning)
|l|☆rookie22
|player|p1|
|l|☆CyborgParrot127
|player|p2|
