|j|☆M6F2Y0
|j|☆lyeskoriche
|t:|1760850842
|gametype|singles
|player|p1|M6F2Y0|ingo|1232
|player|p2|lyeskoriche|bugcatcher-gen4dp|1271
|gen|9
|tier|[Gen 9] OU
|rated|
|rule|HP Percentage Mod: HP is shown in percentages
|rule|Endless Battle Clause: Forcing endless battles is banned
|rule|Species Clause: Limit one of each Pokémon
|rule|OHKO Clause: OHKO moves are banned
|rule|Evasion Items Clause: Evasion items are banned
|rule|Evasion Moves Clause: Evasion moves are banned
|rule|Evasion Abilities Clause: Evasion abilities are banned
|rule|Sleep Moves Clause: Sleep-inducing moves are banned
|clearpoke
|poke|p1|Kleavor, M|
|poke|p1|Brambleghast, M|
|poke|p1|Moltres|
|poke|p1|Landorus-Therian, M|
|poke|p1|Pecharunt|
|poke|p1|Kingambit, F|
|poke|p2|Bronzong|
|poke|p2|Bellibolt, F|
|poke|p2|Slowbro-Galar, M|
|poke|p2|Rillaboom, M|
|poke|p2|Venomoth, F|
|poke|p2|Mandibuzz, F|
|teampreview
|inactive|Battle timer is ON: inactive players will automatically lose when time's up. (requested by M6F2Y0)
|
|t:|1760850853
|teamsize|p1|6
|teamsize|p2|6
|start
|switch|p1a: Kleavor|Kleavor, M|100/100
|switch|p2a: Rillaboom|Rillaboom, M|100/100
|-fieldstart|move: Grassy Terrain|[from] ability: Grassy Surge|[of] p2a: Rillaboom
|turn|1
|
|t:|1760850861
|move|p2a: Rillaboom|Grassy Glide|p1a: Kleavor
|-damage|p1a: Kleavor|61/100
|move|p1a: Kleavor|Aerial Ace|p2a: Rillaboom
|-supereffective|p2a: Rillaboom
|-damage|p2a: Rillaboom|59/100
|-enditem|p2a: Rillaboom|Weakness Policy
|-boost|p2a: Rillaboom|atk|2|[from] item: Weakness Policy
|-boost|p2a: Rillaboom|spa|2|[from] item: Weakness Policy
|
|-heal|p1a: Kleavor|67/100|[from] Grassy Terrain
|-heal|p2a: Rillaboom|66/100|[from] Grassy Terrain
|upkeep
|turn|2
|
|t:|1760850871
|switch|p1a: Landorus|Landorus-Therian, M|100/100
|-ability|p1a: Landorus|Intimidate|boost
|-unboost|p2a: Rillaboom|atk|1
|move|p2a: Rillaboom|Knock Off|p1a: Landorus
|-damage|p1a: Landorus|52/100
|-enditem|p1a: Landorus|Choice Scarf|[from] move: Knock Off|[of] p2a: Rillaboom
|
|-heal|p2a: Rillaboom|72/100|[from] Grassy Terrain
|upkeep
|turn|3
|
|t:|1760850886
|-terastallize|p2a: Rillaboom|Flying
|move|p1a: Landorus|U-turn|p2a: Rillaboom
|-resisted|p2a: Rillaboom
|-damage|p2a: Rillaboom|63/100
|
|t:|1760850896
|switch|p1a: Moltres|Moltres|100/100|[from] U-turn
|move|p2a: Rillaboom|Acrobatics|p1a: Moltres
|-damage|p1a: Moltres|24/100
|
|upkeep
|turn|4
|
|t:|1760850907
|move|p1a: Moltres|Tailwind|p1a: Moltres
|-sidestart|p1: M6F2Y0|move: Tailwind
|move|p2a: Rillaboom|Acrobatics|p1a: Moltres
|-damage|p1a: Moltres|0 fnt
|faint|p1a: Moltres
|
|upkeep
|
|t:|1760850913
|switch|p1a: Brambleghast|Brambleghast, M|100/100
|-ability|p1a: Brambleghast|Wind Rider|boost
|-boost|p1a: Brambleghast|atk|1
|turn|5
|
|t:|1760850922
|move|p1a: Brambleghast|Power Whip|p2a: Rillaboom
|-resisted|p2a: Rillaboom
|-damage|p2a: Rillaboom|13/100
|-damage|p1a: Brambleghast|91/100|[from] item: Life Orb
|move|p2a: Rillaboom|Acrobatics|p1a: Brambleghast
|-supereffective|p1a: Brambleghast
|-damage|p1a: Brambleghast|0 fnt
|faint|p1a: Brambleghast
|
|-fieldend|move: Grassy Terrain
|upkeep
|
|t:|1760850936
|switch|p1a: Pecharunt|Pecharunt|100/100
|-item|p1a: Pecharunt|Air Balloon
|turn|6
|
|t:|1760850954
|move|p1a: Pecharunt|Shadow Ball|p2a: Rillaboom
|-damage|p2a: Rillaboom|0 fnt
|faint|p2a: Rillaboom
|
|upkeep
|
|t:|1760850960
|switch|p2a: Bellibolt|Bellibolt, F|100/100
|turn|7
|
|t:|1760850968
|move|p1a: Pecharunt|Nasty Plot|p1a: Pecharunt
|-boost|p1a: Pecharunt|spa|2
|move|p2a: Bellibolt|Muddy Water|p1a: Pecharunt
|-damage|p1a: Pecharunt|66/100
|-enditem|p1a: Pecharunt|Air Balloon
|
|-sideend|p1: M6F2Y0|move: Tailwind
|upkeep
|turn|8
|
|t:|1760850976
|move|p1a: Pecharunt|Malignant Chain|p2a: Bellibolt
|-damage|p2a: Bellibolt|55/100
|-start|p2a: Bellibolt|Charge|Malignant Chain|[from] ability: Electromorphosis
|move|p2a: Bellibolt|Parabolic Charge|p1a: Pecharunt
|-crit|p1a: Pecharunt
|-damage|p1a: Pecharunt|0 fnt
|-heal|p2a: Bellibolt|85/100|[from] drain|[of] p1a: Pecharunt
|faint|p1a: Pecharunt
|-end|p2a: Bellibolt|Charge|[silent]
|
|upkeep
|
|t:|1760850986
|switch|p1a: Landorus|Landorus-Therian, M|52/100
|-ability|p1a: Landorus|Intimidate|boost
|-unboost|p2a: Bellibolt|atk|1
|turn|9
|
|t:|1760850990
|switch|p2a: Mandibuzz|Mandibuzz, F, shiny|100/100
|move|p1a: Landorus|Earthquake|p2a: Mandibuzz
|-immune|p2a: Mandibuzz
|
|upkeep
|turn|10
|
|t:|1760850997
|move|p1a: Landorus|Stone Edge|p2a: Mandibuzz
|-supereffective|p2a: Mandibuzz
|-damage|p2a: Mandibuzz|27/100
|-ability|p2a: Mandibuzz|Weak Armor|boost
|-unboost|p2a: Mandibuzz|def|1
|-boost|p2a: Mandibuzz|spe|2
|move|p2a: Mandibuzz|Nasty Plot|p2a: Mandibuzz
|-boost|p2a: Mandibuzz|spa|2
|
|upkeep
|turn|11
|
|t:|1760851009
|move|p2a: Mandibuzz|Dark Pulse|p1a: Landorus
|-damage|p1a: Landorus|0 fnt
|faint|p1a: Landorus
|-damage|p2a: Mandibuzz|17/100|[from] item: Life Orb
|
|upkeep
|
|t:|1760851015
|switch|p1a: Kleavor|Kleavor, M|67/100
|turn|12
|
|t:|1760851024
|move|p2a: Mandibuzz|Dark Pulse|p1a: Kleavor
|-damage|p1a: Kleavor|0 fnt
|faint|p1a: Kleavor
|-damage|p2a: Mandibuzz|7/100|[from] item: Life Orb
|
|upkeep
|
|t:|1760851027
|switch|p1a: Kingambit|Kingambit, F|100/100
|-activate|p1a: Kingambit|ability: Supreme Overlord
|-start|p1a: Kingambit|fallen5|[silent]
|-item|p1a: Kingambit|Air Balloon
|turn|13
|
|t:|1760851034
|move|p1a: Kingambit|Sucker Punch|p2a: Mandibuzz
|-resisted|p2a: Mandibuzz
|-damage|p2a: Mandibuzz|0 fnt
|faint|p2a: Mandibuzz
|
|upkeep
|
|t:|1760851043
|switch|p2a: Bronzong|Bronzong, shiny|100/100
|turn|14
|
|t:|1760851051
|-terastallize|p1a: Kingambit|Dark
|move|p1a: Kingambit|Kowtow Cleave|p2a: Bronzong
|-supereffective|p2a: Bronzong
|-damage|p2a: Bronzong|0 fnt
|faint|p2a: Bronzong
|
|upkeep
|
|t:|1760851063
|switch|p2a: Venomoth|Venomoth, F|100/100
|turn|15
|
|t:|1760851067
|move|p2a: Venomoth|Bug Buzz|p1a: Kingambit
|-supereffective|p1a: Kingambit
|-damage|p1a: Kingambit|27/100
|-enditem|p1a: Kingambit|Air Balloon
|-enditem|p2a: Venomoth|Throat Spray
|-boost|p2a: Venomoth|spa|1|[from] item: Throat Spray
|move|p1a: Kingambit|Kowtow Cleave|p2a: Venomoth
|-damage|p2a: Venomoth|0 fnt
|faint|p2a: Venomoth
|
|upkeep
|
|t:|1760851077
|switch|p2a: Bellibolt|Bellibolt, F|85/100
|turn|16
|
|t:|1760851080
|move|p1a: Kingambit|Kowtow Cleave|p2a: Bellibolt
|-damage|p2a: Bellibolt|0 fnt
|faint|p2a: Bellibolt
|
|upkeep
|
|t:|1760851084
|switch|p2a: Slowbro|Slowbro-Galar, M|100/100
|turn|17
|
|t:|1760851088
|move|p1a: Kingambit|Sucker Punch|p2a: Slowbro
|-supereffective|p2a: Slowbro
|-damage|p2a: Slowbro|0 fnt
|faint|p2a: Slowbro
|
|win|M6F2Y0
|raw|M6F2Y0's rating: 1232 &rarr; <strong>1260</strong><br />(+28 for winning)
|raw|lyeskoriche's rating: 1271 &rarr; <strong>1243</strong><br />(-28 for losing)
|l|☆lyeskoriche
|player|p2|
|l|☆M6F2Y0
|player|p1|
