|j|☆mightynoctowl
|j|☆a1ksuns
|t:|1760795586
|gametype|singles
|player|p1|mightynoctowl|170|1235
|player|p2|a1ksuns|102|1253
|gen|9
|tier|[Gen 9] OU
|rated|
|rule|HP Percentage Mod: HP is shown in percentages
|rule|Endless Battle Clause: Forcing endless battles is banned
|rule|Species Clause: Limit one of each Pokémon
|rule|OHKO Clause: OHKO moves are banned
|rule|Evasion Items Clause: Evasion items are banned
|rule|Evasion Moves Clause: Evasion moves are banned
|rule|Evasion Abilities Clause: Evasion abilities are banned
|rule|Sleep Moves Clause: Sleep-inducing moves are banned
|clearpoke
|poke|p1|Moltres|
|poke|p1|Chansey, F|
|poke|p1|Clefable, F|
|poke|p1|Hitmonlee, M|
|poke|p1|Sandslash, M|
|poke|p1|Vileplume, F|
|poke|p2|Samurott-Hisui, M|
|poke|p2|Darkrai|
|poke|p2|Great Tusk|
|poke|p2|Iron Valiant|
|poke|p2|Dragonite, F|
|poke|p2|Iron Crown|
|teampreview
|inactive|Battle timer is ON: inactive players will automatically lose when time's up. (requested by mightynoctowl)
|
|t:|1760795601
|teamsize|p1|6
|teamsize|p2|6
|start
|switch|p1a: Hitmonlee|Hitmonlee, M|100/100
|switch|p2a: Samurott|Samurott-Hisui, M|100/100
|turn|1
|
|t:|1760795624
|move|p1a: Hitmonlee|High Jump Kick|p2a: Samurott
|-supereffective|p2a: Samurott
|-enditem|p2a: Samurott|Focus Sash
|-damage|p2a: Samurott|1/100
|-damage|p1a: Hitmonlee|91/100|[from] item: Life Orb
|move|p2a: Samurott|Razor Shell|p1a: Hitmonlee
|-damage|p1a: Hitmonlee|0 fnt
|faint|p1a: Hitmonlee
|
|upkeep
|
|t:|1760795634
|switch|p1a: Vileplume|Vileplume, F|100/100
|turn|2
|
|t:|1760795638
|move|p2a: Samurott|Ceaseless Edge|p1a: Vileplume
|-damage|p1a: Vileplume|67/100
|-sidestart|p1: mightynoctowl|Spikes
|move|p1a: Vileplume|Giga Drain|p2a: Samurott
|-supereffective|p2a: Samurott
|-damage|p2a: Samurott|0 fnt
|-heal|p1a: Vileplume|68/100|[from] drain|[of] p2a: Samurott
|faint|p2a: Samurott
|
|-heal|p1a: Vileplume|74/100|[from] item: Leftovers
|upkeep
|
|t:|1760795645
|switch|p2a: Darkrai|Darkrai, shiny|100/100
|turn|3
|
|t:|1760795652
|move|p2a: Darkrai|Ice Beam|p1a: Vileplume
|-supereffective|p1a: Vileplume
|-damage|p1a: Vileplume|8/100
|move|p1a: Vileplume|Leech Seed|p2a: Darkrai
|-start|p2a: Darkrai|move: Leech Seed
|
|-heal|p1a: Vileplume|15/100|[from] item: Leftovers
|-damage|p2a: Darkrai|88/100|[from] Leech Seed|[of] p1a: Vileplume
|-heal|p1a: Vileplume|25/100|[silent]
|upkeep
|turn|4
|
|t:|1760795665
|switch|p2a: Great Tusk|Great Tusk|100/100
|switch|p1a: Chansey|Chansey, F|100/100
|-damage|p1a: Chansey|88/100|[from] Spikes
|
|upkeep
|turn|5
|
|t:|1760795670
|switch|p1a: Moltres|Moltres|100/100
|move|p2a: Great Tusk|Knock Off|p1a: Moltres
|-damage|p1a: Moltres|83/100
|-enditem|p1a: Moltres|Heavy-Duty Boots|[from] move: Knock Off|[of] p2a: Great Tusk
|
|upkeep
|turn|6
|
|t:|1760795681
|-end|p2a: Great Tusk|Protosynthesis|[silent]
|switch|p2a: Darkrai|Darkrai, shiny|88/100
|move|p1a: Moltres|Flamethrower|p2a: Darkrai
|-damage|p2a: Darkrai|38/100
|
|upkeep
|turn|7
|
|t:|1760795705
|switch|p1a: Chansey|Chansey, F|88/100
|-damage|p1a: Chansey|76/100|[from] Spikes
|move|p2a: Darkrai|Dark Pulse|p1a: Chansey
|-damage|p1a: Chansey|64/100
|
|upkeep
|turn|8
|
|t:|1760795721
|switch|p2a: Great Tusk|Great Tusk|100/100
|move|p1a: Chansey|Stealth Rock|p2a: Great Tusk
|-sidestart|p2: a1ksuns|move: Stealth Rock
|
|upkeep
|turn|9
|
|t:|1760795742
|switch|p1a: Moltres|Moltres|83/100
|move|p2a: Great Tusk|Rapid Spin|p1a: Moltres
|-damage|p1a: Moltres|72/100
|-boost|p2a: Great Tusk|spe|1
|-sideend|p2: a1ksuns|Stealth Rock|[from] move: Rapid Spin|[of] p2a: Great Tusk
|
|upkeep
|turn|10
|
|t:|1760795762
|-end|p2a: Great Tusk|Protosynthesis|[silent]
|switch|p2a: Darkrai|Darkrai, shiny|38/100
|move|p1a: Moltres|U-turn|p2a: Darkrai
|-supereffective|p2a: Darkrai
|-damage|p2a: Darkrai|0 fnt
|faint|p2a: Darkrai
|inactive|mightynoctowl has 120 seconds left.
|
|t:|1760795783
|switch|p1a: Sandslash|Sandslash, M|100/100|[from] U-turn
|-damage|p1a: Sandslash|88/100|[from] Spikes
|
|-heal|p1a: Sandslash|94/100|[from] item: Leftovers
|upkeep
|
|t:|1760795798
|switch|p2a: Great Tusk|Great Tusk|100/100
|turn|11
|inactive|mightynoctowl has 120 seconds left.
|
|t:|1760795818
|move|p2a: Great Tusk|Ice Spinner|p1a: Sandslash
|-supereffective|p1a: Sandslash
|-damage|p1a: Sandslash|66/100
|move|p1a: Sandslash|Rapid Spin|p2a: Great Tusk
|-damage|p2a: Great Tusk|93/100
|-boost|p1a: Sandslash|spe|1
|-damage|p1a: Sandslash|49/100|[from] item: Rocky Helmet|[of] p2a: Great Tusk
|-sideend|p1: mightynoctowl|Spikes|[from] move: Rapid Spin|[of] p1a: Sandslash
|
|-heal|p1a: Sandslash|56/100|[from] item: Leftovers
|upkeep
|turn|12
|inactive|mightynoctowl has 120 seconds left.
|
|t:|1760795826
|move|p2a: Great Tusk|Ice Spinner|p1a: Sandslash
|-supereffective|p1a: Sandslash
|-damage|p1a: Sandslash|22/100
|move|p1a: Sandslash|Spikes|p2a: Great Tusk
|-sidestart|p2: a1ksuns|Spikes
|
|-heal|p1a: Sandslash|28/100|[from] item: Leftovers
|upkeep
|turn|13
|
|t:|1760795833
|switch|p1a: Moltres|Moltres|72/100
|move|p2a: Great Tusk|Rapid Spin|p1a: Moltres
|-damage|p1a: Moltres|62/100
|-boost|p2a: Great Tusk|spe|1
|-sideend|p2: a1ksuns|Spikes|[from] move: Rapid Spin|[of] p2a: Great Tusk
|
|upkeep
|turn|14
|
|t:|1760795841
|-end|p2a: Great Tusk|Protosynthesis|[silent]
|switch|p2a: Iron Crown|Iron Crown|100/100
|move|p1a: Moltres|U-turn|p2a: Iron Crown
|-damage|p2a: Iron Crown|86/100
|
|t:|1760795847
|switch|p1a: Chansey|Chansey, F|64/100|[from] U-turn
|
|upkeep
|turn|15
|
|t:|1760795861
|move|p2a: Iron Crown|Future Sight|p1a: Chansey
|-start|p2a: Iron Crown|move: Future Sight
|move|p1a: Chansey|Stealth Rock|p2a: Iron Crown
|-sidestart|p2: a1ksuns|move: Stealth Rock
|
|upkeep
|turn|16
|inactive|a1ksuns has 120 seconds left.
|
|t:|1760795897
|move|p2a: Iron Crown|Tachyon Cutter|p1a: Chansey
|-damage|p1a: Chansey|58/100
|-damage|p1a: Chansey|50/100
|-hitcount|p1a: Chansey|2
|move|p1a: Chansey|Soft-Boiled|p1a: Chansey
|-heal|p1a: Chansey|100/100
|
|upkeep
|turn|17
|inactive|a1ksuns has 120 seconds left.
|
|t:|1760795910
|move|p2a: Iron Crown|Volt Switch|p1a: Chansey
|-damage|p1a: Chansey|94/100
|inactive|a1ksuns has 120 seconds left.
|inactive|a1ksuns has 90 seconds left.
|
|t:|1760795962
|-end|p2a: Iron Crown|Quark Drive|[silent]
|switch|p2a: Great Tusk|Great Tusk|93/100|[from] Volt Switch
|-damage|p2a: Great Tusk|90/100|[from] Stealth Rock
|move|p1a: Chansey|Thunder Wave|p2a: Great Tusk
|-immune|p2a: Great Tusk
|
|-end|p1a: Chansey|move: Future Sight
|-damage|p1a: Chansey|77/100
|upkeep
|turn|18
|
|t:|1760795966
|switch|p1a: Moltres|Moltres|62/100
|move|p2a: Great Tusk|Rapid Spin|p1a: Moltres
|-damage|p1a: Moltres|52/100
|-boost|p2a: Great Tusk|spe|1
|-sideend|p2: a1ksuns|Stealth Rock|[from] move: Rapid Spin|[of] p2a: Great Tusk
|
|upkeep
|turn|19
|
|t:|1760795973
|-end|p2a: Great Tusk|Protosynthesis|[silent]
|switch|p2a: Iron Crown|Iron Crown|86/100
|move|p1a: Moltres|Roost|p1a: Moltres
|-heal|p1a: Moltres|100/100
|-singleturn|p1a: Moltres|move: Roost
|
|upkeep
|turn|20
|
|t:|1760795978
|move|p2a: Iron Crown|Volt Switch|p1a: Moltres
|-supereffective|p1a: Moltres
|-damage|p1a: Moltres|53/100
|
|t:|1760795983
|-end|p2a: Iron Crown|Quark Drive|[silent]
|switch|p2a: Great Tusk|Great Tusk|90/100|[from] Volt Switch
|move|p1a: Moltres|U-turn|p2a: Great Tusk
|-resisted|p2a: Great Tusk
|-damage|p2a: Great Tusk|85/100
|-damage|p1a: Moltres|36/100|[from] item: Rocky Helmet|[of] p2a: Great Tusk
|
|t:|1760796000
|switch|p1a: Clefable|Clefable, F|100/100|[from] U-turn
|
|upkeep
|turn|21
|
|t:|1760796005
|move|p2a: Great Tusk|Headlong Rush|p1a: Clefable
|-damage|p1a: Clefable|58/100
|-unboost|p2a: Great Tusk|def|1
|-unboost|p2a: Great Tusk|spd|1
|move|p1a: Clefable|Moonblast|p2a: Great Tusk
|-supereffective|p2a: Great Tusk
|-damage|p2a: Great Tusk|3/100
|-unboost|p2a: Great Tusk|spa|1
|
|-heal|p1a: Clefable|64/100|[from] item: Leftovers
|upkeep
|turn|22
|
|t:|1760796011
|switch|p1a: Moltres|Moltres|36/100
|move|p2a: Great Tusk|Headlong Rush|p1a: Moltres
|-immune|p1a: Moltres
|
|upkeep
|turn|23
|
|t:|1760796016
|move|p2a: Great Tusk|Headlong Rush|p1a: Moltres
|-immune|p1a: Moltres
|move|p1a: Moltres|Roost|p1a: Moltres
|-heal|p1a: Moltres|86/100
|-singleturn|p1a: Moltres|move: Roost
|
|upkeep
|turn|24
|
|t:|1760796024
|move|p2a: Great Tusk|Headlong Rush|p1a: Moltres
|-immune|p1a: Moltres
|move|p1a: Moltres|Flamethrower|p2a: Great Tusk
|-damage|p2a: Great Tusk|0 fnt
|faint|p2a: Great Tusk
|-end|p2a: Great Tusk|Protosynthesis|[silent]
|
|upkeep
|
|t:|1760796032
|switch|p2a: Iron Valiant|Iron Valiant|100/100
|-enditem|p2a: Iron Valiant|Booster Energy
|-activate|p2a: Iron Valiant|ability: Quark Drive|[fromitem]
|-start|p2a: Iron Valiant|quarkdrivespe
|turn|25
|
|t:|1760796039
|-terastallize|p2a: Iron Valiant|Ghost
|move|p2a: Iron Valiant|Calm Mind|p2a: Iron Valiant
|-boost|p2a: Iron Valiant|spa|1
|-boost|p2a: Iron Valiant|spd|1
|move|p1a: Moltres|Roar|p2a: Iron Valiant
|-end|p2a: Iron Valiant|Quark Drive|[silent]
|drag|p2a: Dragonite|Dragonite, F|100/100
|
|upkeep
|turn|26
|
|t:|1760796051
|switch|p2a: Iron Crown|Iron Crown|86/100
|move|p1a: Moltres|U-turn|p2a: Iron Crown
|-damage|p2a: Iron Crown|70/100
|
|t:|1760796054
|switch|p1a: Chansey|Chansey, F|77/100|[from] U-turn
|
|upkeep
|turn|27
|
|t:|1760796058
|move|p2a: Iron Crown|Future Sight|p1a: Chansey
|-start|p2a: Iron Crown|move: Future Sight
|move|p1a: Chansey|Stealth Rock|p2a: Iron Crown
|-sidestart|p2: a1ksuns|move: Stealth Rock
|
|upkeep
|turn|28
|
|t:|1760796063
|move|p2a: Iron Crown|Focus Blast|p1a: Chansey
|-supereffective|p1a: Chansey
|-damage|p1a: Chansey|56/100
|move|p1a: Chansey|Thunder Wave|p2a: Iron Crown
|-status|p2a: Iron Crown|par
|
|upkeep
|turn|29
|
|t:|1760796082
|move|p2a: Iron Crown|Focus Blast|p1a: Chansey
|-supereffective|p1a: Chansey
|-damage|p1a: Chansey|35/100
|move|p1a: Chansey|Soft-Boiled|p1a: Chansey
|-heal|p1a: Chansey|85/100
|
|-end|p1a: Chansey|move: Future Sight
|-damage|p1a: Chansey|67/100
|upkeep
|turn|30
|
|t:|1760796088
|move|p2a: Iron Crown|Focus Blast|p1a: Chansey
|-supereffective|p1a: Chansey
|-damage|p1a: Chansey|44/100
|move|p1a: Chansey|Seismic Toss|p2a: Iron Crown
|-damage|p2a: Iron Crown|39/100 par
|
|upkeep
|turn|31
|
|t:|1760796095
|cant|p2a: Iron Crown|par
|move|p1a: Chansey|Soft-Boiled|p1a: Chansey
|-heal|p1a: Chansey|95/100
|
|upkeep
|turn|32
|
|t:|1760796099
|move|p2a: Iron Crown|Focus Blast|p1a: Chansey|[miss]
|-miss|p2a: Iron Crown|p1a: Chansey
|move|p1a: Chansey|Seismic Toss|p2a: Iron Crown
|-damage|p2a: Iron Crown|8/100 par
|
|upkeep
|turn|33
|
|t:|1760796103
|move|p2a: Iron Crown|Focus Blast|p1a: Chansey
|-supereffective|p1a: Chansey
|-crit|p1a: Chansey
|-damage|p1a: Chansey|64/100
|move|p1a: Chansey|Seismic Toss|p2a: Iron Crown
|-damage|p2a: Iron Crown|0 fnt
|faint|p2a: Iron Crown
|-end|p2a: Iron Crown|Quark Drive|[silent]
|
|upkeep
|
|t:|1760796109
|switch|p2a: Dragonite|Dragonite, F|100/100
|turn|34
|
|t:|1760796112
|switch|p1a: Clefable|Clefable, F|64/100
|move|p2a: Dragonite|Dragon Dance|p2a: Dragonite
|-boost|p2a: Dragonite|atk|1
|-boost|p2a: Dragonite|spe|1
|
|-heal|p1a: Clefable|70/100|[from] item: Leftovers
|upkeep
|turn|35
|
|t:|1760796118
|move|p2a: Dragonite|Earthquake|p1a: Clefable
|-damage|p1a: Clefable|40/100
|move|p1a: Clefable|Calm Mind|p1a: Clefable
|-boost|p1a: Clefable|spa|1
|-boost|p1a: Clefable|spd|1
|
|-heal|p1a: Clefable|46/100|[from] item: Leftovers
|upkeep
|turn|36
|
|t:|1760796122
|move|p2a: Dragonite|Earthquake|p1a: Clefable
|-damage|p1a: Clefable|17/100
|move|p1a: Clefable|Moonlight|p1a: Clefable
|-heal|p1a: Clefable|67/100
|
|-heal|p1a: Clefable|73/100|[from] item: Leftovers
|upkeep
|turn|37
|
|t:|1760796129
|move|p2a: Dragonite|Earthquake|p1a: Clefable
|-damage|p1a: Clefable|45/100
|move|p1a: Clefable|Moonblast|p2a: Dragonite
|-supereffective|p2a: Dragonite
|-damage|p2a: Dragonite|51/100
|
|-heal|p1a: Clefable|51/100|[from] item: Leftovers
|upkeep
|turn|38
|
|t:|1760796136
|move|p2a: Dragonite|Dragon Dance|p2a: Dragonite
|-boost|p2a: Dragonite|atk|1
|-boost|p2a: Dragonite|spe|1
|move|p1a: Clefable|Moonlight|p1a: Clefable
|-heal|p1a: Clefable|100/100
|
|upkeep
|turn|39
|
|t:|1760796138
|move|p2a: Dragonite|Earthquake|p1a: Clefable
|-damage|p1a: Clefable|73/100
|move|p1a: Clefable|Moonblast|p2a: Dragonite
|-supereffective|p2a: Dragonite
|-damage|p2a: Dragonite|0 fnt
|faint|p2a: Dragonite
|
|-heal|p1a: Clefable|79/100|[from] item: Leftovers
|upkeep
|-message|a1ksuns forfeited.
|
|win|mightynoctowl
|raw|mightynoctowl's rating: 1235 &rarr; <strong>1261</strong><br />(+26 for winning)
|raw|a1ksuns's rating: 1253 &rarr; <strong>1227</strong><br />(-26 for losing)
|l|☆a1ksuns
|player|p2|
|l|☆mightynoctowl
|player|p1|
