|badge|p1|silver|gen9ou|30-7
|uhtml|medal-msg|<div class="broadcast-blue">Curious what those medals under the avatar are? PS now has Ladder Seasons! For more information, check out the <a href="https://www.smogon.com/forums/threads/3740067/">thread on Smogon.</a></div>
|j|☆LT123VB 87
|j|☆Fear covraa
|inactive|Battle timer is ON: inactive players will automatically lose when time's up.
|t:|1760833144
|gametype|singles
|player|p1|LT123VB 87|lucas|
|player|p2|Fear covraa|waiter-gen4|
|gen|9
|tier|[Gen 9] OU
|rated|Tournament battle
|rule|HP Percentage Mod: HP is shown in percentages
|rule|Endless Battle Clause: Forcing endless battles is banned
|rule|Species Clause: Limit one of each Pokémon
|rule|OHKO Clause: OHKO moves are banned
|rule|Evasion Items Clause: Evasion items are banned
|rule|Evasion Moves Clause: Evasion moves are banned
|rule|Evasion Abilities Clause: Evasion abilities are banned
|rule|Sleep Moves Clause: Sleep-inducing moves are banned
|clearpoke
|poke|p1|Ninetales-Alola, M|
|poke|p1|Hatterene, F|
|poke|p1|Garchomp, M|
|poke|p1|Zamazenta-*|
|poke|p1|Iron Moth|
|poke|p1|Ceruledge, F|
|poke|p2|Araquanid, F|
|poke|p2|Dragonite, M|
|poke|p2|Gholdengo|
|poke|p2|Corviknight, F|
|poke|p2|Deoxys-Speed|
|poke|p2|Salazzle, F|
|teampreview
|inactive|LT123VB 87 also wants the timer to be on.
|
|t:|1760833159
|teamsize|p1|6
|teamsize|p2|6
|start
|switch|p1a: Ninetales|Ninetales-Alola, M|100/100
|switch|p2a: Araquanid|Araquanid, F|100/100
|-weather|Snowscape|[from] ability: Snow Warning|[of] p1a: Ninetales
|turn|1
|
|t:|1760833166
|switch|p1a: Hatterene|Hatterene, F|100/100
|move|p2a: Araquanid|Sticky Web|p1a: Hatterene
|move|p1a: Hatterene|Sticky Web|p2a: Araquanid|[from] ability: Magic Bounce
|-sidestart|p2: Fear covraa|move: Sticky Web
|
|-weather|Snowscape|[upkeep]
|upkeep
|turn|2
|j| 3d
|
|t:|1760833173
|move|p2a: Araquanid|Liquidation|p1a: Hatterene
|-damage|p1a: Hatterene|57/100
|move|p1a: Hatterene|Calm Mind|p1a: Hatterene
|-boost|p1a: Hatterene|spa|1
|-boost|p1a: Hatterene|spd|1
|
|-weather|Snowscape|[upkeep]
|-heal|p1a: Hatterene|63/100|[from] item: Leftovers
|upkeep
|turn|3
|l| 3d
|
|t:|1760833189
|move|p2a: Araquanid|Liquidation|p1a: Hatterene
|-damage|p1a: Hatterene|17/100
|move|p1a: Hatterene|Draining Kiss|p2a: Araquanid
|-damage|p2a: Araquanid|78/100
|-heal|p1a: Hatterene|34/100|[from] drain|[of] p2a: Araquanid
|-damage|p1a: Hatterene|18/100|[from] item: Rocky Helmet|[of] p2a: Araquanid
|
|-weather|Snowscape|[upkeep]
|-heal|p1a: Hatterene|24/100|[from] item: Leftovers
|upkeep
|turn|4
|
|t:|1760833201
|move|p2a: Araquanid|Liquidation|p1a: Hatterene
|-damage|p1a: Hatterene|0 fnt
|faint|p1a: Hatterene
|
|-weather|Snowscape|[upkeep]
|upkeep
|
|t:|1760833203
|switch|p1a: Ninetales|Ninetales-Alola, M|100/100
|turn|5
|
|t:|1760833205
|move|p1a: Ninetales|Encore|p2a: Araquanid
|-start|p2a: Araquanid|Encore
|move|p2a: Araquanid|Liquidation|p1a: Ninetales
|-damage|p1a: Ninetales|52/100
|
|-weather|none
|upkeep
|turn|6
|
|t:|1760833207
|move|p1a: Ninetales|Snowscape|p1a: Ninetales
|-weather|Snowscape
|move|p2a: Araquanid|Liquidation|p1a: Ninetales
|-damage|p1a: Ninetales|9/100
|
|-weather|Snowscape|[upkeep]
|upkeep
|turn|7
|
|t:|1760833210
|move|p1a: Ninetales|Aurora Veil|p1a: Ninetales
|-sidestart|p1: LT123VB 87|move: Aurora Veil
|move|p2a: Araquanid|Liquidation|p1a: Ninetales
|-damage|p1a: Ninetales|0 fnt
|faint|p1a: Ninetales
|
|-weather|Snowscape|[upkeep]
|-end|p2a: Araquanid|Encore
|upkeep
|
|t:|1760833223
|switch|p1a: Ceruledge|Ceruledge, F|100/100
|turn|8
|c|☆Fear covraa|What’s that badge below ur name mean
|
|t:|1760833229
|-terastallize|p2a: Araquanid|Water
|move|p1a: Ceruledge|Swords Dance|p1a: Ceruledge
|-boost|p1a: Ceruledge|atk|2
|move|p2a: Araquanid|Liquidation|p1a: Ceruledge
|-supereffective|p1a: Ceruledge
|-crit|p1a: Ceruledge
|-damage|p1a: Ceruledge|0 fnt
|faint|p1a: Ceruledge
|
|-weather|Snowscape|[upkeep]
|upkeep
|
|t:|1760833239
|switch|p1a: Garchomp|Garchomp, M|100/100
|turn|9
|
|t:|1760833241
|move|p1a: Garchomp|Swords Dance|p1a: Garchomp
|-boost|p1a: Garchomp|atk|2
|move|p2a: Araquanid|Liquidation|p1a: Garchomp
|-crit|p1a: Garchomp
|-damage|p1a: Garchomp|0 fnt
|-damage|p2a: Araquanid|65/100|[from] ability: Rough Skin|[of] p1a: Garchomp
|faint|p1a: Garchomp
|
|-weather|Snowscape|[upkeep]
|upkeep
|c|☆LT123VB 87|))))))))))))))
|j| scorpion257
|j| pedro_miraidon
|j| Kyurem
|j| Spud Webbs
|inactive|LT123VB 87 has 120 seconds left.
|j| fulls
|j| merchtest
|inactive|LT123VB 87 has 90 seconds left.
|
|t:|1760833304
|switch|p1a: Zamazenta|Zamazenta|100/100
|-ability|p1a: Zamazenta|Dauntless Shield|boost
|-boost|p1a: Zamazenta|def|1
|turn|10
|j| CloudyEJ
|
|t:|1760833307
|move|p1a: Zamazenta|Iron Defense|p1a: Zamazenta
|-boost|p1a: Zamazenta|def|2
|move|p2a: Araquanid|Liquidation|p1a: Zamazenta
|-damage|p1a: Zamazenta|88/100
|
|-weather|none
|-heal|p1a: Zamazenta|94/100|[from] item: Leftovers
|upkeep
|turn|11
|inactive|LT123VB 87 has 90 seconds left.
|j| Prof dankness
|
|t:|1760833348
|switch|p2a: Dragonite|Dragonite, M|100/100
|move|p1a: Zamazenta|Iron Defense|p1a: Zamazenta
|-boost|p1a: Zamazenta|def|2
|
|-heal|p1a: Zamazenta|100/100|[from] item: Leftovers
|upkeep
|turn|12
|
|t:|1760833352
|move|p1a: Zamazenta|Body Press|p2a: Dragonite
|-resisted|p2a: Dragonite
|-damage|p2a: Dragonite|73/100
|move|p2a: Dragonite|Tailwind|p2a: Dragonite
|-sidestart|p2: Fear covraa|move: Tailwind
|
|upkeep
|turn|13
|
|t:|1760833359
|move|p1a: Zamazenta|Body Press|p2a: Dragonite
|-resisted|p2a: Dragonite
|-crit|p2a: Dragonite
|-damage|p2a: Dragonite|0 fnt
|faint|p2a: Dragonite
|
|upkeep
|
|t:|1760833361
|switch|p2a: Corviknight|Corviknight, F|100/100
|-ability|p2a: Corviknight|Pressure
|turn|14
|
|t:|1760833365
|move|p2a: Corviknight|Defog|p1a: Zamazenta
|-unboost|p1a: Zamazenta|evasion|1
|-sideend|p1: LT123VB 87|move: Aurora Veil
|-sideend|p2: Fear covraa|Sticky Web|[from] move: Defog|[of] p2a: Corviknight
|move|p1a: Zamazenta|Body Press|p2a: Corviknight
|-damage|p2a: Corviknight|4/100
|-enditem|p2a: Corviknight|Sitrus Berry|[eat]
|-heal|p2a: Corviknight|29/100|[from] item: Sitrus Berry
|
|upkeep
|turn|15
|
|t:|1760833372
|move|p2a: Corviknight|Brave Bird|p1a: Zamazenta
|-supereffective|p1a: Zamazenta
|-damage|p1a: Zamazenta|83/100
|-damage|p2a: Corviknight|24/100|[from] Recoil
|move|p1a: Zamazenta|Body Press|p2a: Corviknight
|-crit|p2a: Corviknight
|-damage|p2a: Corviknight|0 fnt
|faint|p2a: Corviknight
|
|-heal|p1a: Zamazenta|89/100|[from] item: Leftovers
|-sideend|p2: Fear covraa|move: Tailwind
|upkeep
|
|t:|1760833375
|switch|p2a: Salazzle|Salazzle, F|100/100
|turn|16
|
|t:|1760833379
|move|p1a: Zamazenta|Body Press|p2a: Salazzle
|-resisted|p2a: Salazzle
|-damage|p2a: Salazzle|13/100
|move|p2a: Salazzle|Toxic|p1a: Zamazenta
|-status|p1a: Zamazenta|tox
|
|-heal|p1a: Zamazenta|96/100 tox|[from] item: Leftovers
|-heal|p2a: Salazzle|19/100|[from] item: Leftovers
|-damage|p1a: Zamazenta|89/100 tox|[from] psn
|upkeep
|turn|17
|
|t:|1760833383
|move|p2a: Salazzle|Protect|p2a: Salazzle
|-singleturn|p2a: Salazzle|Protect
|move|p1a: Zamazenta|Crunch|p2a: Salazzle
|-activate|p2a: Salazzle|move: Protect
|
|-heal|p1a: Zamazenta|96/100 tox|[from] item: Leftovers
|-heal|p2a: Salazzle|25/100|[from] item: Leftovers
|-damage|p1a: Zamazenta|83/100 tox|[from] psn
|upkeep
|turn|18
|c| scorpion257|Crunch
|j| Ske
|
|t:|1760833400
|switch|p2a: Araquanid|Araquanid, F, tera:Water|65/100
|move|p1a: Zamazenta|Crunch|p2a: Araquanid
|-damage|p2a: Araquanid|41/100
|-unboost|p2a: Araquanid|def|1
|-damage|p1a: Zamazenta|67/100 tox|[from] item: Rocky Helmet|[of] p2a: Araquanid
|
|-heal|p1a: Zamazenta|73/100 tox|[from] item: Leftovers
|-damage|p1a: Zamazenta|54/100 tox|[from] psn
|upkeep
|turn|19
|
|t:|1760833405
|move|p2a: Araquanid|Protect|p2a: Araquanid
|-singleturn|p2a: Araquanid|Protect
|move|p1a: Zamazenta|Body Press|p2a: Araquanid
|-activate|p2a: Araquanid|move: Protect
|
|-heal|p1a: Zamazenta|60/100 tox|[from] item: Leftovers
|-damage|p1a: Zamazenta|36/100 tox|[from] psn
|upkeep
|turn|20
|
|t:|1760833413
|move|p1a: Zamazenta|Body Press|p2a: Araquanid
|-damage|p2a: Araquanid|0 fnt
|-damage|p1a: Zamazenta|19/100 tox|[from] item: Rocky Helmet|[of] p2a: Araquanid
|faint|p2a: Araquanid
|
|-heal|p1a: Zamazenta|25/100 tox|[from] item: Leftovers
|-damage|p1a: Zamazenta|0 fnt|[from] psn
|faint|p1a: Zamazenta
|upkeep
|
|t:|1760833420
|switch|p1a: Iron Moth|Iron Moth|100/100
|switch|p2a: Salazzle|Salazzle, F|25/100
|-enditem|p1a: Iron Moth|Booster Energy
|-activate|p1a: Iron Moth|ability: Quark Drive|[fromitem]
|-start|p1a: Iron Moth|quarkdrivespa
|turn|21
|c| scorpion257|I think you win now
|
|t:|1760833426
|move|p2a: Salazzle|Toxic|p1a: Iron Moth
|-status|p1a: Iron Moth|tox
|move|p1a: Iron Moth|Fiery Dance|p2a: Salazzle
|-resisted|p2a: Salazzle
|-damage|p2a: Salazzle|0 fnt
|-boost|p1a: Iron Moth|spa|1
|faint|p2a: Salazzle
|
|-damage|p1a: Iron Moth|95/100 tox|[from] psn
|upkeep
|
|t:|1760833437
|switch|p2a: Gholdengo|Gholdengo|100/100
|turn|22
|
|t:|1760833443
|move|p1a: Iron Moth|Fiery Dance|p2a: Gholdengo
|-supereffective|p2a: Gholdengo
|-damage|p2a: Gholdengo|0 fnt
|-boost|p1a: Iron Moth|spa|1
|faint|p2a: Gholdengo
|
|-damage|p1a: Iron Moth|83/100 tox|[from] psn
|upkeep
|
|t:|1760833446
|switch|p2a: Deoxys|Deoxys-Speed|100/100
|-ability|p2a: Deoxys|Pressure
|turn|23
|
|t:|1760833449
|-terastallize|p1a: Iron Moth|Fairy
|move|p2a: Deoxys|Protect|p2a: Deoxys
|-singleturn|p2a: Deoxys|Protect
|move|p1a: Iron Moth|Fiery Dance|p2a: Deoxys
|-activate|p2a: Deoxys|move: Protect
|
|-damage|p1a: Iron Moth|65/100 tox|[from] psn
|upkeep
|turn|24
|
|t:|1760833457
|move|p2a: Deoxys|Psycho Boost|p1a: Iron Moth
|-damage|p1a: Iron Moth|0 fnt
|-unboost|p2a: Deoxys|spa|2
|faint|p1a: Iron Moth
|-end|p1a: Iron Moth|Quark Drive|[silent]
|-damage|p2a: Deoxys|91/100|[from] item: Life Orb
|
|win|Fear covraa
|n|☆LT123VB 87|lt123vb87
|n|☆Fear covraa|fearcovraa
|n| scorpion257|scorpion257
|n| pedro_miraidon|pedromiraidon
|n| Kyurem|kyurem
|n| Spud Webbs|spudwebbs
|n| fulls|fulls
|n| merchtest|merchtest
|n| CloudyEJ|cloudyej
|n| Prof dankness|profdankness
|n| Ske|ske
|c| Spud Webbs|based protect deo
|l| Prof dankness
|l|☆Fear covraa
|player|p2|
|l| merchtest
|c|☆LT123VB 87|u have big future in this game
|c|☆LT123VB 87|strong player
|l|☆LT123VB 87
|player|p1|
|j|☆Fear covraa
|player|p2|Fear covraa|waiter-gen4|
|l|☆Fear covraa
|player|p2|
|c| Spud Webbs|salt^
|l| fulls
|l| Kyurem
|l| scorpion257
|l| CloudyEJ
|l| Ske
|l| Spud Webbs
|n| pedro_miraidon|pedromiraidon
