|j|☆SaltcureAdam
|j|‽Saturmy
|t:|1760835268
|gametype|singles
|player|p1|SaltcureAdam|roxie|1288
|player|p2|Saturmy|iris|1253
|gen|9
|tier|[Gen 9] OU
|rated|
|rule|HP Percentage Mod: HP is shown in percentages
|rule|Endless Battle Clause: Forcing endless battles is banned
|rule|Species Clause: Limit one of each Pokémon
|rule|OHKO Clause: OHKO moves are banned
|rule|Evasion Items Clause: Evasion items are banned
|rule|Evasion Moves Clause: Evasion moves are banned
|rule|Evasion Abilities Clause: Evasion abilities are banned
|rule|Sleep Moves Clause: Sleep-inducing moves are banned
|clearpoke
|poke|p1|Araquanid, F|
|poke|p1|Serperior, F|
|poke|p1|Cinderace, F|
|poke|p1|Milotic, M|
|poke|p1|Kingambit, F|
|poke|p1|Gholdengo|
|poke|p2|Ogerpon-Wellspring, F|
|poke|p2|Darkrai|
|poke|p2|Weavile, M|
|poke|p2|Cinderace, F|
|poke|p2|Froslass, F|
|poke|p2|Donphan, F|
|teampreview
|inactive|Battle timer is ON: inactive players will automatically lose when time's up. (requested by Saturmy)
|
|t:|1760835277
|teamsize|p1|6
|teamsize|p2|6
|start
|switch|p1a: Araquanid|Araquanid, F, shiny|100/100
|switch|p2a: Froslass|Froslass, F|100/100
|turn|1
|
|t:|1760835292
|move|p2a: Froslass|Taunt|p1a: Araquanid
|-start|p1a: Araquanid|move: Taunt
|move|p1a: Araquanid|Surf|p2a: Froslass
|-damage|p2a: Froslass|16/100
|
|upkeep
|turn|2
|inactive|Saturmy has 120 seconds left.
|
|t:|1760835332
|move|p2a: Froslass|Destiny Bond|p2a: Froslass
|-singlemove|p2a: Froslass|Destiny Bond
|move|p1a: Araquanid|Surf|p2a: Froslass
|-damage|p2a: Froslass|0 fnt
|-start|p1a: Araquanid|Disable|Surf|[from] ability: Cursed Body|[of] p2a: Froslass
|faint|p2a: Froslass
|-activate|p2a: Froslass|move: Destiny Bond
|faint|p1a: Araquanid
|
|upkeep
|
|t:|1760835349
|switch|p2a: Cinderace|Cinderace, F|100/100
|switch|p1a: Serperior|Serperior, F, shiny|100/100
|turn|3
|
|t:|1760835358
|-terastallize|p1a: Serperior|Water
|move|p2a: Cinderace|Pyro Ball|p1a: Serperior
|-resisted|p1a: Serperior
|-damage|p1a: Serperior|57/100
|-damage|p2a: Cinderace|91/100|[from] item: Life Orb
|move|p1a: Serperior|Substitute|p1a: Serperior
|-start|p1a: Serperior|Substitute
|-damage|p1a: Serperior|32/100
|
|-heal|p1a: Serperior|38/100|[from] item: Leftovers
|upkeep
|turn|4
|inactive|Saturmy has 120 seconds left.
|
|t:|1760835390
|move|p2a: Cinderace|High Jump Kick|p1a: Serperior|[miss]
|-start|p2a: Cinderace|typechange|Fighting|[from] ability: Libero
|-miss|p2a: Cinderace|p1a: Serperior
|-damage|p2a: Cinderace|41/100|[from] highjumpkick
|move|p1a: Serperior|Dragon Tail|p2a: Cinderace
|-damage|p2a: Cinderace|24/100
|drag|p2a: Donphan|Donphan, F|100/100
|
|-heal|p1a: Serperior|44/100|[from] item: Leftovers
|upkeep
|turn|5
|
|t:|1760835404
|move|p1a: Serperior|Leaf Storm|p2a: Donphan
|-supereffective|p2a: Donphan
|-damage|p2a: Donphan|12/100
|-boost|p1a: Serperior|spa|2
|move|p2a: Donphan|Earthquake|p1a: Serperior
|-end|p1a: Serperior|Substitute
|
|-heal|p1a: Serperior|50/100|[from] item: Leftovers
|upkeep
|turn|6
|
|t:|1760835414
|move|p1a: Serperior|Leaf Storm|p2a: Donphan
|-supereffective|p2a: Donphan
|-damage|p2a: Donphan|0 fnt
|-boost|p1a: Serperior|spa|2
|faint|p2a: Donphan
|
|-heal|p1a: Serperior|56/100|[from] item: Leftovers
|upkeep
|
|t:|1760835419
|switch|p2a: Cinderace|Cinderace, F|24/100
|turn|7
|
|t:|1760835429
|move|p2a: Cinderace|Taunt|p1a: Serperior
|-start|p2a: Cinderace|typechange|Dark|[from] ability: Libero
|-start|p1a: Serperior|move: Taunt
|move|p1a: Serperior|Leaf Storm|p2a: Cinderace|[miss]
|-miss|p1a: Serperior|p2a: Cinderace
|
|-heal|p1a: Serperior|62/100|[from] item: Leftovers
|upkeep
|turn|8
|c|☆SaltcureAdam|DAMN BRO
|
|t:|1760835442
|move|p2a: Cinderace|Sucker Punch|p1a: Serperior
|-damage|p1a: Serperior|13/100
|-damage|p2a: Cinderace|14/100|[from] item: Life Orb
|move|p1a: Serperior|Leaf Storm|p2a: Cinderace
|-damage|p2a: Cinderace|0 fnt
|-boost|p1a: Serperior|spa|2
|faint|p2a: Cinderace
|
|-heal|p1a: Serperior|19/100|[from] item: Leftovers
|upkeep
|
|t:|1760835444
|switch|p2a: Darkrai|Darkrai|100/100
|turn|9
|inactive|SaltcureAdam has 120 seconds left.
|
|t:|1760835479
|switch|p1a: Kingambit|Kingambit, F, shiny|100/100
|move|p2a: Darkrai|Charge Beam|p1a: Kingambit
|-damage|p1a: Kingambit|75/100
|-boost|p2a: Darkrai|spa|1
|-damage|p2a: Darkrai|91/100|[from] item: Life Orb
|
|upkeep
|turn|10
|inactive|SaltcureAdam has 120 seconds left.
|
|t:|1760835496
|switch|p2a: Ogerpon|Ogerpon-Wellspring, F|100/100
|move|p1a: Kingambit|Swords Dance|p1a: Kingambit
|-boost|p1a: Kingambit|atk|2
|
|upkeep
|turn|11
|
|t:|1760835511
|move|p1a: Kingambit|Sucker Punch||[still]
|-fail|p1a: Kingambit
|move|p2a: Ogerpon|Encore|p1a: Kingambit
|-start|p1a: Kingambit|Encore
|
|upkeep
|turn|12
|
|t:|1760835516
|move|p1a: Kingambit|Sucker Punch||[still]
|-fail|p1a: Kingambit
|move|p2a: Ogerpon|Swords Dance|p2a: Ogerpon
|-boost|p2a: Ogerpon|atk|2
|
|upkeep
|turn|13
|
|t:|1760835520
|move|p1a: Kingambit|Sucker Punch||[still]
|-fail|p1a: Kingambit
|move|p2a: Ogerpon|Swords Dance|p2a: Ogerpon
|-boost|p2a: Ogerpon|atk|2
|
|upkeep
|turn|14
|
|t:|1760835525
|move|p1a: Kingambit|Sucker Punch||[still]
|-fail|p1a: Kingambit
|move|p2a: Ogerpon|Swords Dance|p2a: Ogerpon
|-boost|p2a: Ogerpon|atk|2
|
|-end|p1a: Kingambit|Encore
|upkeep
|turn|15
|
|t:|1760835532
|move|p1a: Kingambit|Sucker Punch||[still]
|-fail|p1a: Kingambit
|move|p2a: Ogerpon|Encore|p1a: Kingambit
|-start|p1a: Kingambit|Encore
|
|upkeep
|turn|16
|
|t:|1760835538
|move|p1a: Kingambit|Sucker Punch||[still]
|-fail|p1a: Kingambit
|move|p2a: Ogerpon|Swords Dance|p2a: Ogerpon
|-boost|p2a: Ogerpon|atk|0
|
|upkeep
|turn|17
|
|t:|1760835543
|move|p1a: Kingambit|Sucker Punch||[still]
|-fail|p1a: Kingambit
|move|p2a: Ogerpon|Swords Dance|p2a: Ogerpon
|-boost|p2a: Ogerpon|atk|0
|
|upkeep
|turn|18
|
|t:|1760835558
|switch|p1a: Cinderace|Cinderace, F, shiny|100/100
|move|p2a: Ogerpon|Swords Dance|p2a: Ogerpon
|-boost|p2a: Ogerpon|atk|0
|
|upkeep
|turn|19
|
|t:|1760835565
|-terastallize|p2a: Ogerpon|Water
|detailschange|p2a: Ogerpon|Ogerpon-Wellspring-Tera, F, tera:Water
|-ability|p2a: Ogerpon|Embody Aspect (Wellspring)|boost
|-boost|p2a: Ogerpon|spd|1
|move|p1a: Cinderace|Will-O-Wisp|p2a: Ogerpon
|-status|p2a: Ogerpon|brn
|move|p2a: Ogerpon|Ivy Cudgel|p1a: Cinderace|[anim] Ivy Cudgel Water
|-supereffective|p1a: Cinderace
|-damage|p1a: Cinderace|0 fnt
|faint|p1a: Cinderace
|
|-damage|p2a: Ogerpon|95/100 brn|[from] brn
|upkeep
|
|t:|1760835583
|switch|p1a: Serperior|Serperior, F, shiny, tera:Water|19/100
|turn|20
|
|t:|1760835589
|move|p1a: Serperior|Leaf Storm|p2a: Ogerpon
|-supereffective|p2a: Ogerpon
|-damage|p2a: Ogerpon|40/100 brn
|-boost|p1a: Serperior|spa|2
|move|p2a: Ogerpon|Horn Leech|p1a: Serperior
|-supereffective|p1a: Serperior
|-damage|p1a: Serperior|0 fnt
|-heal|p2a: Ogerpon|51/100 brn|[from] drain|[of] p1a: Serperior
|faint|p1a: Serperior
|
|-damage|p2a: Ogerpon|45/100 brn|[from] brn
|upkeep
|
|t:|1760835604
|switch|p1a: Kingambit|Kingambit, F, shiny|75/100
|turn|21
|
|t:|1760835611
|move|p2a: Ogerpon|Ivy Cudgel|p1a: Kingambit|[anim] Ivy Cudgel Water
|-damage|p1a: Kingambit|0 fnt
|faint|p1a: Kingambit
|
|-damage|p2a: Ogerpon|39/100 brn|[from] brn
|upkeep
|
|t:|1760835618
|switch|p1a: Milotic|Milotic, M, shiny|100/100
|turn|22
|
|t:|1760835622
|move|p2a: Ogerpon|Horn Leech|p1a: Milotic
|-supereffective|p1a: Milotic
|-damage|p1a: Milotic|0 fnt
|-heal|p2a: Ogerpon|100/100 brn|[from] drain|[of] p1a: Milotic
|faint|p1a: Milotic
|
|-damage|p2a: Ogerpon|95/100 brn|[from] brn
|upkeep
|-message|SaltcureAdam forfeited.
|
|win|Saturmy
|raw|SaltcureAdam's rating: 1288 &rarr; <strong>1260</strong><br />(-28 for losing)
|raw|Saturmy's rating: 1253 &rarr; <strong>1281</strong><br />(+28 for winning)
|l|☆SaltcureAdam
|player|p1|
|l|‽Saturmy
|player|p2|
