|j|☆nube4real
|j|☆kd666
|t:|1760848395
|gametype|singles
|player|p1|nube4real|red|1237
|player|p2|kd666|169|1200
|gen|9
|tier|[Gen 9] OU
|rated|
|rule|HP Percentage Mod: HP is shown in percentages
|rule|Endless Battle Clause: Forcing endless battles is banned
|rule|Species Clause: Limit one of each Pokémon
|rule|OHKO Clause: OHKO moves are banned
|rule|Evasion Items Clause: Evasion items are banned
|rule|Evasion Moves Clause: Evasion moves are banned
|rule|Evasion Abilities Clause: Evasion abilities are banned
|rule|Sleep Moves Clause: Sleep-inducing moves are banned
|clearpoke
|poke|p1|Zamazenta-*|
|poke|p1|Pelipper, M|
|poke|p1|Overqwil, M|
|poke|p1|Alomomola, F|
|poke|p1|Glimmora, F|
|poke|p1|Dragonite, F|
|poke|p2|Ninetales, F|
|poke|p2|Hatterene, F|
|poke|p2|Leafeon, M|
|poke|p2|Raging Bolt|
|poke|p2|Great Tusk|
|poke|p2|Walking Wake|
|teampreview
|
|t:|1760848407
|teamsize|p1|6
|teamsize|p2|6
|start
|switch|p1a: Glimmora|Glimmora, F|100/100
|switch|p2a: Walking Wake|Walking Wake|100/100
|turn|1
|
|t:|1760848417
|move|p2a: Walking Wake|Flip Turn|p1a: Glimmora
|-supereffective|p1a: Glimmora
|-damage|p1a: Glimmora|69/100
|-activate|p1a: Glimmora|ability: Toxic Debris
|-sidestart|p2: kd666|move: Toxic Spikes
|
|t:|1760848419
|-end|p2a: Walking Wake|Protosynthesis|[silent]
|switch|p2a: Hatterene|Hatterene, F|100/100|[from] Flip Turn
|-status|p2a: Hatterene|psn
|move|p1a: Glimmora|Mortal Spin|p2a: Hatterene
|-supereffective|p2a: Hatterene
|-damage|p2a: Hatterene|89/100 psn
|-enditem|p2a: Hatterene|Eject Button
|
|t:|1760848431
|switch|p2a: Great Tusk|Great Tusk|100/100
|
|upkeep
|turn|2
|
|t:|1760848447
|move|p1a: Glimmora|Spiky Shield|p1a: Glimmora
|-singleturn|p1a: Glimmora|move: Protect
|move|p2a: Great Tusk|Rapid Spin|p1a: Glimmora
|-activate|p1a: Glimmora|move: Protect
|-damage|p2a: Great Tusk|88/100|[from] Spiky Shield|[of] p1a: Glimmora
|
|upkeep
|turn|3
|
|t:|1760848459
|switch|p1a: Pelipper|Pelipper, M|100/100
|-weather|RainDance|[from] ability: Drizzle|[of] p1a: Pelipper
|move|p2a: Great Tusk|Stealth Rock|p1a: Pelipper
|-sidestart|p1: nube4real|move: Stealth Rock
|
|-weather|RainDance|[upkeep]
|upkeep
|turn|4
|inactive|Battle timer is ON: inactive players will automatically lose when time's up. (requested by kd666)
|
|t:|1760848469
|move|p2a: Great Tusk|Rapid Spin|p1a: Pelipper
|-damage|p1a: Pelipper|86/100
|-boost|p2a: Great Tusk|spe|1
|-sideend|p2: kd666|Toxic Spikes|[from] move: Rapid Spin|[of] p2a: Great Tusk
|move|p1a: Pelipper|Tailwind|p1a: Pelipper
|-sidestart|p1: nube4real|move: Tailwind
|
|-weather|RainDance|[upkeep]
|upkeep
|turn|5
|
|t:|1760848477
|move|p2a: Great Tusk|Knock Off|p1a: Pelipper
|-damage|p1a: Pelipper|57/100
|-enditem|p1a: Pelipper|Damp Rock|[from] move: Knock Off|[of] p2a: Great Tusk
|move|p1a: Pelipper|Hurricane|p2a: Great Tusk
|-supereffective|p2a: Great Tusk
|-damage|p2a: Great Tusk|0 fnt
|faint|p2a: Great Tusk
|-end|p2a: Great Tusk|Protosynthesis|[silent]
|
|-weather|RainDance|[upkeep]
|upkeep
|
|t:|1760848484
|switch|p2a: Ninetales|Ninetales, F|100/100
|-weather|SunnyDay|[from] ability: Drought|[of] p2a: Ninetales
|turn|6
|
|t:|1760848494
|switch|p1a: Alomomola|Alomomola, F|100/100
|-damage|p1a: Alomomola|88/100|[from] Stealth Rock
|switch|p2a: Leafeon|Leafeon, M|100/100
|
|-weather|SunnyDay|[upkeep]
|upkeep
|turn|7
|
|t:|1760848507
|move|p1a: Alomomola|Protect|p1a: Alomomola
|-singleturn|p1a: Alomomola|Protect
|move|p2a: Leafeon|Swords Dance|p2a: Leafeon
|-boost|p2a: Leafeon|atk|2
|
|-weather|SunnyDay|[upkeep]
|-sideend|p1: nube4real|move: Tailwind
|upkeep
|turn|8
|
|t:|1760848517
|switch|p1a: Pelipper|Pelipper, M|57/100
|-damage|p1a: Pelipper|32/100|[from] Stealth Rock
|-weather|RainDance|[from] ability: Drizzle|[of] p1a: Pelipper
|move|p2a: Leafeon|Solar Blade||[still]
|-prepare|p2a: Leafeon|Solar Blade
|
|-weather|RainDance|[upkeep]
|upkeep
|turn|9
|
|t:|1760848530
|move|p2a: Leafeon|Solar Blade|p1a: Pelipper|[from] lockedmove
|-damage|p1a: Pelipper|0 fnt
|faint|p1a: Pelipper
|-damage|p2a: Leafeon|91/100|[from] item: Life Orb
|
|-weather|RainDance|[upkeep]
|upkeep
|
|t:|1760848547
|switch|p1a: Overqwil|Overqwil, M|100/100
|-damage|p1a: Overqwil|88/100|[from] Stealth Rock
|turn|10
|
|t:|1760848562
|switch|p2a: Hatterene|Hatterene, F|89/100 psn
|move|p1a: Overqwil|Waterfall|p2a: Hatterene
|-damage|p2a: Hatterene|52/100 psn
|
|-weather|RainDance|[upkeep]
|-damage|p2a: Hatterene|40/100 psn|[from] psn
|upkeep
|turn|11
|
|t:|1760848571
|move|p1a: Overqwil|Barb Barrage|p2a: Hatterene
|-supereffective|p2a: Hatterene
|-damage|p2a: Hatterene|0 fnt
|faint|p2a: Hatterene
|
|-weather|RainDance|[upkeep]
|upkeep
|
|t:|1760848578
|switch|p2a: Ninetales|Ninetales, F|100/100
|-weather|SunnyDay|[from] ability: Drought|[of] p2a: Ninetales
|turn|12
|
|t:|1760848591
|move|p2a: Ninetales|Overheat|p1a: Overqwil
|-damage|p1a: Overqwil|6/100
|-unboost|p2a: Ninetales|spa|2
|move|p1a: Overqwil|Barb Barrage|p2a: Ninetales
|-damage|p2a: Ninetales|54/100
|
|-weather|SunnyDay|[upkeep]
|upkeep
|turn|13
|
|t:|1760848604
|move|p2a: Ninetales|Solar Beam||[still]
|-prepare|p2a: Ninetales|Solar Beam
|-anim|p2a: Ninetales|Solar Beam|p1a: Overqwil
|-resisted|p1a: Overqwil
|-damage|p1a: Overqwil|0 fnt
|faint|p1a: Overqwil
|
|-weather|SunnyDay|[upkeep]
|upkeep
|
|t:|1760848612
|switch|p1a: Glimmora|Glimmora, F|69/100
|-damage|p1a: Glimmora|57/100|[from] Stealth Rock
|turn|14
|
|t:|1760848622
|switch|p2a: Raging Bolt|Raging Bolt|100/100
|-activate|p2a: Raging Bolt|ability: Protosynthesis
|-start|p2a: Raging Bolt|protosynthesisspa
|move|p1a: Glimmora|Spiky Shield||[still]
|-fail|p1a: Glimmora
|
|-weather|SunnyDay|[upkeep]
|upkeep
|turn|15
|
|t:|1760848636
|move|p1a: Glimmora|Mortal Spin|p2a: Raging Bolt
|-damage|p2a: Raging Bolt|94/100
|-status|p2a: Raging Bolt|psn
|-sideend|p1: nube4real|Stealth Rock|[from] move: Mortal Spin|[of] p1a: Glimmora
|move|p2a: Raging Bolt|Weather Ball|p1a: Glimmora
|-resisted|p1a: Glimmora
|-damage|p1a: Glimmora|7/100
|
|-weather|SunnyDay|[upkeep]
|-damage|p2a: Raging Bolt|82/100 psn|[from] psn
|upkeep
|turn|16
|
|t:|1760848644
|move|p1a: Glimmora|Stealth Rock|p2a: Raging Bolt
|-sidestart|p2: kd666|move: Stealth Rock
|move|p2a: Raging Bolt|Volt Switch|p1a: Glimmora
|-damage|p1a: Glimmora|0 fnt
|faint|p1a: Glimmora
|
|t:|1760848652
|-end|p2a: Raging Bolt|Protosynthesis|[silent]
|switch|p2a: Walking Wake|Walking Wake|100/100|[from] Volt Switch
|-damage|p2a: Walking Wake|88/100|[from] Stealth Rock
|-activate|p2a: Walking Wake|ability: Protosynthesis
|-start|p2a: Walking Wake|protosynthesisspe
|
|-weather|SunnyDay|[upkeep]
|upkeep
|
|t:|1760848668
|switch|p1a: Dragonite|Dragonite, F|100/100
|turn|17
|
|t:|1760848674
|-terastallize|p1a: Dragonite|Normal
|move|p2a: Walking Wake|Dragon Pulse|p1a: Dragonite
|-damage|p1a: Dragonite|67/100
|move|p1a: Dragonite|Dragon Dance|p1a: Dragonite
|-boost|p1a: Dragonite|atk|1
|-boost|p1a: Dragonite|spe|1
|
|-weather|SunnyDay|[upkeep]
|upkeep
|turn|18
|
|t:|1760848684
|move|p1a: Dragonite|Extreme Speed|p2a: Walking Wake
|-damage|p2a: Walking Wake|16/100
|move|p2a: Walking Wake|Dragon Pulse|p1a: Dragonite
|-damage|p1a: Dragonite|0 fnt
|faint|p1a: Dragonite
|
|-weather|SunnyDay|[upkeep]
|upkeep
|
|t:|1760848697
|switch|p1a: Zamazenta|Zamazenta|100/100
|-ability|p1a: Zamazenta|Dauntless Shield|boost
|-boost|p1a: Zamazenta|def|1
|turn|19
|
|t:|1760848710
|-end|p2a: Walking Wake|Protosynthesis|[silent]
|switch|p2a: Ninetales|Ninetales, F|54/100
|-damage|p2a: Ninetales|29/100|[from] Stealth Rock
|move|p1a: Zamazenta|Iron Defense|p1a: Zamazenta
|-boost|p1a: Zamazenta|def|2
|
|-weather|none
|upkeep
|turn|20
|
|t:|1760848730
|move|p2a: Ninetales|Encore|p1a: Zamazenta
|-start|p1a: Zamazenta|Encore
|move|p1a: Zamazenta|Iron Defense|p1a: Zamazenta
|-boost|p1a: Zamazenta|def|2
|
|upkeep
|turn|21
|
|t:|1760848735
|switch|p1a: Alomomola|Alomomola, F|100/100
|move|p2a: Ninetales|Will-O-Wisp|p1a: Alomomola
|-status|p1a: Alomomola|brn
|
|-damage|p1a: Alomomola|94/100 brn|[from] brn
|upkeep
|turn|22
|
|t:|1760848746
|switch|p2a: Walking Wake|Walking Wake|16/100
|-damage|p2a: Walking Wake|4/100|[from] Stealth Rock
|move|p1a: Alomomola|Flip Turn|p2a: Walking Wake
|-resisted|p2a: Walking Wake
|-damage|p2a: Walking Wake|2/100
|
|t:|1760848754
|switch|p1a: Zamazenta|Zamazenta|100/100|[from] Flip Turn
|
|upkeep
|turn|23
|
|t:|1760848765
|move|p2a: Walking Wake|Hydro Steam|p1a: Zamazenta
|-damage|p1a: Zamazenta|53/100
|-enditem|p1a: Zamazenta|Red Card|[of] p2a: Walking Wake
|-end|p2a: Walking Wake|Protosynthesis|[silent]
|drag|p2a: Ninetales|Ninetales, F|29/100
|-damage|p2a: Ninetales|4/100|[from] Stealth Rock
|-weather|SunnyDay|[from] ability: Drought|[of] p2a: Ninetales
|move|p1a: Zamazenta|Ice Fang|p2a: Ninetales
|-resisted|p2a: Ninetales
|-damage|p2a: Ninetales|0 fnt
|faint|p2a: Ninetales
|
|-weather|SunnyDay|[upkeep]
|upkeep
|
|t:|1760848784
|switch|p2a: Walking Wake|Walking Wake|2/100
|-damage|p2a: Walking Wake|0 fnt|[from] Stealth Rock
|faint|p2a: Walking Wake
|-end|p2a: Walking Wake|Protosynthesis|[silent]
|
|t:|1760848788
|switch|p2a: Leafeon|Leafeon, M|91/100
|-damage|p2a: Leafeon|78/100|[from] Stealth Rock
|turn|24
|
|t:|1760848792
|move|p2a: Leafeon|Solar Blade||[still]
|-prepare|p2a: Leafeon|Solar Blade
|-anim|p2a: Leafeon|Solar Blade|p1a: Zamazenta
|-damage|p1a: Zamazenta|0 fnt
|faint|p1a: Zamazenta
|-damage|p2a: Leafeon|68/100|[from] item: Life Orb
|
|-weather|SunnyDay|[upkeep]
|upkeep
|
|t:|1760848796
|switch|p1a: Alomomola|Alomomola, F|100/100 brn
|turn|25
|
|t:|1760848804
|move|p1a: Alomomola|Protect|p1a: Alomomola
|-singleturn|p1a: Alomomola|Protect
|move|p2a: Leafeon|Swords Dance|p2a: Leafeon
|-boost|p2a: Leafeon|atk|2
|
|-weather|SunnyDay|[upkeep]
|-damage|p1a: Alomomola|94/100 brn|[from] brn
|upkeep
|turn|26
|
|t:|1760848814
|move|p2a: Leafeon|Synthesis|p2a: Leafeon
|-heal|p2a: Leafeon|100/100
|move|p1a: Alomomola|Wish|p1a: Alomomola
|
|-weather|SunnyDay|[upkeep]
|-damage|p1a: Alomomola|88/100 brn|[from] brn
|upkeep
|turn|27
|
|t:|1760848825
|move|p1a: Alomomola|Protect|p1a: Alomomola
|-singleturn|p1a: Alomomola|Protect
|move|p2a: Leafeon|Swords Dance|p2a: Leafeon
|-boost|p2a: Leafeon|atk|2
|
|-weather|SunnyDay|[upkeep]
|-heal|p1a: Alomomola|100/100 brn|[from] move: Wish|[wisher] Alomomola
|-damage|p1a: Alomomola|94/100 brn|[from] brn
|upkeep
|turn|28
|
|t:|1760848840
|move|p2a: Leafeon|Solar Blade||[still]
|-prepare|p2a: Leafeon|Solar Blade
|-anim|p2a: Leafeon|Solar Blade|p1a: Alomomola
|-supereffective|p1a: Alomomola
|-damage|p1a: Alomomola|0 fnt
|faint|p1a: Alomomola
|-damage|p2a: Leafeon|91/100|[from] item: Life Orb
|
|win|kd666
|raw|nube4real's rating: 1237 &rarr; <strong>1209</strong><br />(-28 for losing)
|raw|kd666's rating: 1200 &rarr; <strong>1228</strong><br />(+28 for winning)
|l|☆nube4real
|player|p1|
|l|☆kd666
|player|p2|
