|j|☆Tippl
|j|☆bworkbwork
|t:|1760740272
|gametype|singles
|player|p1|Tippl|hilbert|1084
|player|p2|bworkbwork|colress|1108
|gen|9
|tier|[Gen 9] OU
|rated|
|rule|HP Percentage Mod: HP is shown in percentages
|rule|Endless Battle Clause: Forcing endless battles is banned
|rule|Species Clause: Limit one of each Pokémon
|rule|OHKO Clause: OHKO moves are banned
|rule|Evasion Items Clause: Evasion items are banned
|rule|Evasion Moves Clause: Evasion moves are banned
|rule|Evasion Abilities Clause: Evasion abilities are banned
|rule|Sleep Moves Clause: Sleep-inducing moves are banned
|clearpoke
|poke|p1|Raging Bolt|
|poke|p1|Zamazenta-*|
|poke|p1|Darkrai|
|poke|p1|Landorus-Therian, M|
|poke|p1|Primarina, M|
|poke|p1|Kyurem|
|poke|p2|Zapdos-Galar|
|poke|p2|Slowking, F|
|poke|p2|Lumineon, F|
|poke|p2|Chimecho, M|
|poke|p2|Tauros-Paldea-Combat, M|
|poke|p2|Altaria, F|
|teampreview
|inactive|Battle timer is ON: inactive players will automatically lose when time's up. (requested by bworkbwork)
|
|t:|1760740293
|teamsize|p1|6
|teamsize|p2|6
|start
|switch|p1a: Landorus|Landorus-Therian, M|100/100
|switch|p2a: Ting Lu|Lumineon, F, shiny|100/100
|-ability|p1a: Landorus|Intimidate|boost
|-unboost|p2a: Ting Lu|atk|1
|turn|1
|
|t:|1760740299
|move|p1a: Landorus|U-turn|p2a: Ting Lu
|-damage|p2a: Ting Lu|65/100
|
|t:|1760740301
|switch|p1a: Raging Bolt|Raging Bolt|100/100|[from] U-turn
|move|p2a: Ting Lu|Aqua Ring|p2a: Ting Lu
|-start|p2a: Ting Lu|Aqua Ring
|
|-heal|p2a: Ting Lu|72/100|[from] item: Leftovers
|-heal|p2a: Ting Lu|78/100|[from] Aqua Ring
|upkeep
|turn|2
|j| Larp legion
|
|t:|1760740310
|move|p2a: Ting Lu|Whirlpool|p1a: Raging Bolt
|-resisted|p1a: Raging Bolt
|-damage|p1a: Raging Bolt|97/100
|-activate|p1a: Raging Bolt|move: Whirlpool|[of] p2a: Ting Lu
|move|p1a: Raging Bolt|Volt Switch|p2a: Ting Lu
|-supereffective|p2a: Ting Lu
|-damage|p2a: Ting Lu|13/100
|
|t:|1760740314
|-end|p1a: Raging Bolt|Protosynthesis|[silent]
|switch|p1a: Landorus|Landorus-Therian, M|100/100|[from] Volt Switch
|-ability|p1a: Landorus|Intimidate|boost
|-unboost|p2a: Ting Lu|atk|1
|
|-heal|p2a: Ting Lu|19/100|[from] item: Leftovers
|-heal|p2a: Ting Lu|25/100|[from] Aqua Ring
|upkeep
|turn|3
|
|t:|1760740316
|move|p2a: Ting Lu|Protect|p2a: Ting Lu
|-singleturn|p2a: Ting Lu|Protect
|move|p1a: Landorus|U-turn|p2a: Ting Lu
|-activate|p2a: Ting Lu|move: Protect
|
|-heal|p2a: Ting Lu|31/100|[from] item: Leftovers
|-heal|p2a: Ting Lu|37/100|[from] Aqua Ring
|upkeep
|turn|4
|
|t:|1760740319
|move|p1a: Landorus|U-turn|p2a: Ting Lu
|-damage|p2a: Ting Lu|6/100
|
|t:|1760740321
|switch|p1a: Raging Bolt|Raging Bolt|97/100|[from] U-turn
|move|p2a: Ting Lu|Whirlpool|p1a: Raging Bolt
|-resisted|p1a: Raging Bolt
|-damage|p1a: Raging Bolt|94/100
|-activate|p1a: Raging Bolt|move: Whirlpool|[of] p2a: Ting Lu
|
|-heal|p2a: Ting Lu|12/100|[from] item: Leftovers
|-heal|p2a: Ting Lu|19/100|[from] Aqua Ring
|-damage|p1a: Raging Bolt|82/100|[from] move: Whirlpool|[partiallytrapped]
|upkeep
|turn|5
|
|t:|1760740324
|move|p2a: Ting Lu|Protect|p2a: Ting Lu
|-singleturn|p2a: Ting Lu|Protect
|move|p1a: Raging Bolt|Thunderclap||[still]
|-fail|p1a: Raging Bolt
|
|-heal|p2a: Ting Lu|25/100|[from] item: Leftovers
|-heal|p2a: Ting Lu|31/100|[from] Aqua Ring
|-damage|p1a: Raging Bolt|70/100|[from] move: Whirlpool|[partiallytrapped]
|upkeep
|turn|6
|
|t:|1760740327
|move|p2a: Ting Lu|Protect||[still]
|-fail|p2a: Ting Lu
|move|p1a: Raging Bolt|Thunderclap||[still]
|-fail|p1a: Raging Bolt
|
|-heal|p2a: Ting Lu|37/100|[from] item: Leftovers
|-heal|p2a: Ting Lu|43/100|[from] Aqua Ring
|-damage|p1a: Raging Bolt|57/100|[from] move: Whirlpool|[partiallytrapped]
|upkeep
|turn|7
|
|t:|1760740331
|move|p2a: Ting Lu|Protect|p2a: Ting Lu
|-singleturn|p2a: Ting Lu|Protect
|move|p1a: Raging Bolt|Thunderclap||[still]
|-fail|p1a: Raging Bolt
|
|-heal|p2a: Ting Lu|49/100|[from] item: Leftovers
|-heal|p2a: Ting Lu|55/100|[from] Aqua Ring
|-damage|p1a: Raging Bolt|45/100|[from] move: Whirlpool|[partiallytrapped]
|upkeep
|turn|8
|c| Larp legion|uh
|
|t:|1760740342
|-terastallize|p2a: Ting Lu|Ghost
|move|p2a: Ting Lu|Aqua Ring||[still]
|-fail|p2a: Ting Lu
|move|p1a: Raging Bolt|Volt Switch|p2a: Ting Lu
|-damage|p2a: Ting Lu|22/100
|j| bitter herbert
|
|t:|1760740351
|-end|p1a: Raging Bolt|Protosynthesis|[silent]
|switch|p1a: Mr. Hypno|Darkrai|100/100|[from] Volt Switch
|
|-heal|p2a: Ting Lu|28/100|[from] item: Leftovers
|-heal|p2a: Ting Lu|34/100|[from] Aqua Ring
|upkeep
|turn|9
|
|t:|1760740354
|move|p2a: Ting Lu|Protect|p2a: Ting Lu
|-singleturn|p2a: Ting Lu|Protect
|move|p1a: Mr. Hypno|Dark Pulse|p2a: Ting Lu
|-activate|p2a: Ting Lu|move: Protect
|
|-heal|p2a: Ting Lu|40/100|[from] item: Leftovers
|-heal|p2a: Ting Lu|46/100|[from] Aqua Ring
|upkeep
|turn|10
|
|t:|1760740363
|switch|p2a: Zamaznta|Tauros-Paldea-Combat, M|100/100
|-ability|p2a: Zamaznta|Intimidate|boost
|-unboost|p1a: Mr. Hypno|atk|1
|move|p1a: Mr. Hypno|Dark Pulse|p2a: Zamaznta
|-resisted|p2a: Zamaznta
|-damage|p2a: Zamaznta|66/100
|
|-heal|p2a: Zamaznta|73/100|[from] item: Leftovers
|upkeep
|turn|11
|
|t:|1760740372
|switch|p1a: Landorus|Landorus-Therian, M|100/100
|-ability|p1a: Landorus|Intimidate|boost
|-unboost|p2a: Zamaznta|atk|1
|move|p2a: Zamaznta|Trailblaze|p1a: Landorus
|-damage|p1a: Landorus|87/100
|-boost|p2a: Zamaznta|spe|1
|
|-heal|p2a: Zamaznta|79/100|[from] item: Leftovers
|upkeep
|turn|12
|
|t:|1760740386
|move|p2a: Zamaznta|Bulk Up|p2a: Zamaznta
|-boost|p2a: Zamaznta|atk|1
|-boost|p2a: Zamaznta|def|1
|move|p1a: Landorus|U-turn|p2a: Zamaznta
|-resisted|p2a: Zamaznta
|-damage|p2a: Zamaznta|68/100
|
|t:|1760740399
|switch|p1a: Raging Bolt|Raging Bolt|45/100|[from] U-turn
|
|-heal|p2a: Zamaznta|74/100|[from] item: Leftovers
|upkeep
|turn|13
|
|t:|1760740402
|move|p1a: Raging Bolt|Thunderclap||[still]
|-fail|p1a: Raging Bolt
|move|p2a: Zamaznta|Bulk Up|p2a: Zamaznta
|-boost|p2a: Zamaznta|atk|1
|-boost|p2a: Zamaznta|def|1
|
|-heal|p2a: Zamaznta|81/100|[from] item: Leftovers
|upkeep
|turn|14
|
|t:|1760740409
|move|p2a: Zamaznta|Body Press|p1a: Raging Bolt
|-damage|p1a: Raging Bolt|0 fnt
|faint|p1a: Raging Bolt
|-end|p1a: Raging Bolt|Protosynthesis|[silent]
|
|-heal|p2a: Zamaznta|87/100|[from] item: Leftovers
|upkeep
|
|t:|1760740411
|switch|p1a: Mr bulk|Zamazenta|100/100
|-ability|p1a: Mr bulk|Dauntless Shield|boost
|-boost|p1a: Mr bulk|def|1
|turn|15
|
|t:|1760740418
|move|p2a: Zamaznta|Bulk Up|p2a: Zamaznta
|-boost|p2a: Zamaznta|atk|1
|-boost|p2a: Zamaznta|def|1
|move|p1a: Mr bulk|Iron Defense|p1a: Mr bulk
|-boost|p1a: Mr bulk|def|2
|
|-heal|p2a: Zamaznta|93/100|[from] item: Leftovers
|upkeep
|turn|16
|
|t:|1760740421
|move|p2a: Zamaznta|Bulk Up|p2a: Zamaznta
|-boost|p2a: Zamaznta|atk|1
|-boost|p2a: Zamaznta|def|1
|move|p1a: Mr bulk|Body Press|p2a: Zamaznta
|-crit|p2a: Zamaznta
|-damage|p2a: Zamaznta|0 fnt
|faint|p2a: Zamaznta
|
|upkeep
|
|t:|1760740429
|switch|p2a: Slowking Galar|Slowking, F|100/100
|turn|17
|c| Larp legion|MOMMY IM SAD
|c|☆Tippl|Lmao
|c| Larp legion|zamazenta got crit
|
|t:|1760740445
|move|p1a: Mr bulk|Body Press|p2a: Slowking Galar
|-resisted|p2a: Slowking Galar
|-damage|p2a: Slowking Galar|75/100
|move|p2a: Slowking Galar|Iron Defense|p2a: Slowking Galar
|-boost|p2a: Slowking Galar|def|2
|
|-heal|p2a: Slowking Galar|81/100|[from] item: Leftovers
|upkeep
|turn|18
|
|t:|1760740456
|switch|p1a: Primarina|Primarina, M|100/100
|move|p2a: Slowking Galar|Iron Defense|p2a: Slowking Galar
|-boost|p2a: Slowking Galar|def|2
|
|-heal|p2a: Slowking Galar|87/100|[from] item: Leftovers
|upkeep
|turn|19
|
|t:|1760740460
|move|p1a: Primarina|Calm Mind|p1a: Primarina
|-boost|p1a: Primarina|spa|1
|-boost|p1a: Primarina|spd|1
|move|p2a: Slowking Galar|Calm Mind|p2a: Slowking Galar
|-boost|p2a: Slowking Galar|spa|1
|-boost|p2a: Slowking Galar|spd|1
|
|-heal|p2a: Slowking Galar|93/100|[from] item: Leftovers
|upkeep
|turn|20
|
|t:|1760740474
|move|p1a: Primarina|Hyper Voice|p2a: Slowking Galar
|-resisted|p2a: Slowking Galar
|-damage|p2a: Slowking Galar|76/100
|-enditem|p1a: Primarina|Throat Spray
|-boost|p1a: Primarina|spa|1|[from] item: Throat Spray
|move|p2a: Slowking Galar|Calm Mind|p2a: Slowking Galar
|-boost|p2a: Slowking Galar|spa|1
|-boost|p2a: Slowking Galar|spd|1
|
|-heal|p2a: Slowking Galar|82/100|[from] item: Leftovers
|upkeep
|turn|21
|
|t:|1760740483
|move|p1a: Primarina|Calm Mind|p1a: Primarina
|-boost|p1a: Primarina|spa|1
|-boost|p1a: Primarina|spd|1
|move|p2a: Slowking Galar|Calm Mind|p2a: Slowking Galar
|-boost|p2a: Slowking Galar|spa|1
|-boost|p2a: Slowking Galar|spd|1
|
|-heal|p2a: Slowking Galar|88/100|[from] item: Leftovers
|upkeep
|turn|22
|
|t:|1760740486
|move|p1a: Primarina|Moonblast|p2a: Slowking Galar
|-damage|p2a: Slowking Galar|49/100
|move|p2a: Slowking Galar|Calm Mind|p2a: Slowking Galar
|-boost|p2a: Slowking Galar|spa|1
|-boost|p2a: Slowking Galar|spd|1
|
|-heal|p2a: Slowking Galar|55/100|[from] item: Leftovers
|upkeep
|turn|23
|
|t:|1760740490
|move|p1a: Primarina|Moonblast|p2a: Slowking Galar
|-damage|p2a: Slowking Galar|25/100
|move|p2a: Slowking Galar|Calm Mind|p2a: Slowking Galar
|-boost|p2a: Slowking Galar|spa|1
|-boost|p2a: Slowking Galar|spd|1
|
|-heal|p2a: Slowking Galar|31/100|[from] item: Leftovers
|upkeep
|turn|24
|
|t:|1760740495
|move|p1a: Primarina|Moonblast|p2a: Slowking Galar
|-crit|p2a: Slowking Galar
|-damage|p2a: Slowking Galar|0 fnt
|faint|p2a: Slowking Galar
|
|upkeep
|l| bitter herbert
|
|t:|1760740498
|switch|p2a: Dragonte|Altaria, F|100/100
|turn|25
|c|☆Tippl|The crits
|
|t:|1760740509
|move|p2a: Dragonte|Body Slam|p1a: Primarina
|-damage|p1a: Primarina|81/100
|-status|p1a: Primarina|par
|cant|p1a: Primarina|par
|
|upkeep
|turn|26
|
|t:|1760740517
|move|p2a: Dragonte|Earthquake|p1a: Primarina
|-damage|p1a: Primarina|56/100 par
|cant|p1a: Primarina|par
|
|upkeep
|turn|27
|
|t:|1760740521
|move|p2a: Dragonte|Earthquake|p1a: Primarina
|-damage|p1a: Primarina|32/100 par
|move|p1a: Primarina|Calm Mind|p1a: Primarina
|-boost|p1a: Primarina|spa|1
|-boost|p1a: Primarina|spd|1
|
|upkeep
|turn|28
|
|t:|1760740526
|move|p2a: Dragonte|Earthquake|p1a: Primarina
|-damage|p1a: Primarina|11/100 par
|cant|p1a: Primarina|par
|
|upkeep
|turn|29
|
|t:|1760740531
|move|p2a: Dragonte|Earthquake|p1a: Primarina
|-damage|p1a: Primarina|0 fnt
|faint|p1a: Primarina
|
|upkeep
|j| bitter herbert
|
|t:|1760740555
|switch|p1a: Landorus|Landorus-Therian, M|87/100
|-ability|p1a: Landorus|Intimidate|boost
|-unboost|p2a: Dragonte|atk|1
|turn|30
|
|t:|1760740558
|move|p1a: Landorus|Stealth Rock|p2a: Dragonte
|-sidestart|p2: bworkbwork|move: Stealth Rock
|move|p2a: Dragonte|Dragon Dance|p2a: Dragonte
|-boost|p2a: Dragonte|atk|1
|-boost|p2a: Dragonte|spe|1
|
|upkeep
|turn|31
|
|t:|1760740570
|switch|p1a: Mr bulk|Zamazenta|100/100
|move|p2a: Dragonte|Dragon Dance|p2a: Dragonte
|-boost|p2a: Dragonte|atk|1
|-boost|p2a: Dragonte|spe|1
|
|upkeep
|turn|32
|
|t:|1760740572
|move|p2a: Dragonte|Dragon Dance|p2a: Dragonte
|-boost|p2a: Dragonte|atk|1
|-boost|p2a: Dragonte|spe|1
|move|p1a: Mr bulk|Iron Defense|p1a: Mr bulk
|-boost|p1a: Mr bulk|def|2
|
|upkeep
|turn|33
|
|t:|1760740575
|move|p2a: Dragonte|Body Slam|p1a: Mr bulk
|-damage|p1a: Mr bulk|80/100
|move|p1a: Mr bulk|Body Press|p2a: Dragonte
|-resisted|p2a: Dragonte
|-damage|p2a: Dragonte|56/100
|
|upkeep
|turn|34
|
|t:|1760740578
|move|p2a: Dragonte|Body Slam|p1a: Mr bulk
|-damage|p1a: Mr bulk|59/100
|-status|p1a: Mr bulk|par
|move|p1a: Mr bulk|Body Press|p2a: Dragonte
|-resisted|p2a: Dragonte
|-damage|p2a: Dragonte|8/100
|
|upkeep
|turn|35
|-enditem|p2a: Dragonte|Custap Berry|[eat]
|-activate|p2a: Dragonte|item: Custap Berry|[consumed]
|
|t:|1760740582
|move|p2a: Dragonte|Earthquake|p1a: Mr bulk
|-damage|p1a: Mr bulk|36/100 par
|move|p1a: Mr bulk|Body Press|p2a: Dragonte
|-resisted|p2a: Dragonte
|-damage|p2a: Dragonte|0 fnt
|faint|p2a: Dragonte
|
|upkeep
|
|t:|1760740588
|switch|p2a: Zapdos Kanto|Zapdos-Galar|100/100
|-damage|p2a: Zapdos Kanto|88/100|[from] Stealth Rock
|-item|p2a: Zapdos Kanto|Air Balloon
|turn|36
|
|t:|1760740594
|move|p2a: Zapdos Kanto|Hurricane|p1a: Mr bulk
|-supereffective|p1a: Mr bulk
|-damage|p1a: Mr bulk|0 fnt
|faint|p1a: Mr bulk
|
|upkeep
|
|t:|1760740597
|switch|p1a: Landorus|Landorus-Therian, M|87/100
|-ability|p1a: Landorus|Intimidate|boost
|-unboost|p2a: Zapdos Kanto|atk|1
|-ability|p2a: Zapdos Kanto|Defiant|boost
|-boost|p2a: Zapdos Kanto|atk|2
|turn|37
|
|t:|1760740600
|move|p1a: Landorus|U-turn|p2a: Zapdos Kanto
|-resisted|p2a: Zapdos Kanto
|-damage|p2a: Zapdos Kanto|83/100
|-enditem|p2a: Zapdos Kanto|Air Balloon
|
|t:|1760740608
|switch|p1a: Kyurem|Kyurem|100/100|[from] U-turn
|-ability|p1a: Kyurem|Pressure
|move|p2a: Zapdos Kanto|Focus Energy|p2a: Zapdos Kanto
|-start|p2a: Zapdos Kanto|move: Focus Energy
|
|upkeep
|turn|38
|
|t:|1760740621
|-terastallize|p1a: Kyurem|Fire
|move|p1a: Kyurem|Icicle Spear|p2a: Zapdos Kanto
|-supereffective|p2a: Zapdos Kanto
|-damage|p2a: Zapdos Kanto|67/100
|-supereffective|p2a: Zapdos Kanto
|-damage|p2a: Zapdos Kanto|51/100
|-supereffective|p2a: Zapdos Kanto
|-damage|p2a: Zapdos Kanto|36/100
|-supereffective|p2a: Zapdos Kanto
|-damage|p2a: Zapdos Kanto|20/100
|-supereffective|p2a: Zapdos Kanto
|-damage|p2a: Zapdos Kanto|3/100
|-hitcount|p2a: Zapdos Kanto|5
|move|p2a: Zapdos Kanto|Drill Peck|p1a: Kyurem
|-damage|p1a: Kyurem|55/100
|
|upkeep
|turn|39
|
|t:|1760740634
|move|p1a: Kyurem|Icicle Spear|p2a: Zapdos Kanto
|-supereffective|p2a: Zapdos Kanto
|-damage|p2a: Zapdos Kanto|0 fnt
|faint|p2a: Zapdos Kanto
|-hitcount|p2: Zapdos Kanto|1
|
|upkeep
|
|t:|1760740637
|switch|p2a: Chlefable|Chimecho, M|100/100
|-damage|p2a: Chlefable|88/100|[from] Stealth Rock
|turn|40
|
|t:|1760740641
|move|p1a: Kyurem|Scale Shot|p2a: Chlefable
|-damage|p2a: Chlefable|74/100
|-damage|p2a: Chlefable|61/100
|-damage|p2a: Chlefable|48/100
|-damage|p2a: Chlefable|35/100
|-damage|p2a: Chlefable|23/100
|-hitcount|p2a: Chlefable|5
|-unboost|p1a: Kyurem|def|1
|-boost|p1a: Kyurem|spe|1
|move|p2a: Chlefable|Cosmic Power|p2a: Chlefable
|-boost|p2a: Chlefable|def|1
|-boost|p2a: Chlefable|spd|1
|
|upkeep
|turn|41
|
|t:|1760740655
|move|p1a: Kyurem|Icicle Spear|p2a: Chlefable
|-damage|p2a: Chlefable|14/100
|-damage|p2a: Chlefable|5/100
|-damage|p2a: Chlefable|0 fnt
|faint|p2a: Chlefable
|-hitcount|p2: Chlefable|3
|
|upkeep
|
|t:|1760740658
|switch|p2a: Ting Lu|Lumineon, F, shiny, tera:Ghost|46/100
|-damage|p2a: Ting Lu|34/100|[from] Stealth Rock
|turn|42
|
|t:|1760740662
|move|p1a: Kyurem|Icicle Spear|p2a: Ting Lu
|-damage|p2a: Ting Lu|18/100
|-damage|p2a: Ting Lu|4/100
|-damage|p2a: Ting Lu|0 fnt
|faint|p2a: Ting Lu
|-hitcount|p2: Ting Lu|3
|
|win|Tippl
|raw|Tippl's rating: 1084 &rarr; <strong>1113</strong><br />(+29 for winning)
|raw|bworkbwork's rating: 1108 &rarr; <strong>1081</strong><br />(-27 for losing)
|l|☆bworkbwork
|player|p2|
|l|☆Tippl
|player|p1|
|l| bitter herbert
|j|☆bworkbwork
|player|p2|bworkbwork|colress|
