|j|☆doctromat
|j|☆anko uguisu
|t:|1760775068
|gametype|singles
|player|p1|doctromat|1|1198
|player|p2|anko uguisu|idol|1185
|gen|9
|tier|[Gen 9] OU
|rated|
|rule|HP Percentage Mod: HP is shown in percentages
|rule|Endless Battle Clause: Forcing endless battles is banned
|rule|Species Clause: Limit one of each Pokémon
|rule|OHKO Clause: OHKO moves are banned
|rule|Evasion Items Clause: Evasion items are banned
|rule|Evasion Moves Clause: Evasion moves are banned
|rule|Evasion Abilities Clause: Evasion abilities are banned
|rule|Sleep Moves Clause: Sleep-inducing moves are banned
|clearpoke
|poke|p1|Keldeo-Resolute|
|poke|p1|Kingambit, F|
|poke|p1|Slowking-Galar, F|
|poke|p1|Meowscarada, M|
|poke|p1|Landorus-Therian, M|
|poke|p1|Cinderace, M|
|poke|p2|Brambleghast, M|
|poke|p2|Golem, M|
|poke|p2|Bronzong|
|poke|p2|Tentacruel, F|
|poke|p2|Grimmsnarl, M|
|poke|p2|Rotom-Heat|
|teampreview
|inactive|Battle timer is ON: inactive players will automatically lose when time's up. (requested by anko uguisu)
|
|t:|1760775082
|teamsize|p1|6
|teamsize|p2|6
|start
|switch|p1a: Cinderace|Cinderace, M|100/100
|switch|p2a: Brambleghast|Brambleghast, M|100/100
|turn|1
|
|t:|1760775094
|switch|p2a: Golem|Golem, M|100/100
|move|p1a: Cinderace|Pyro Ball|p2a: Golem
|-resisted|p2a: Golem
|-damage|p2a: Golem|77/100
|
|upkeep
|turn|2
|
|t:|1760775102
|move|p1a: Cinderace|U-turn|p2a: Golem
|-start|p1a: Cinderace|typechange|Bug|[from] ability: Libero
|-damage|p2a: Golem|51/100
|
|t:|1760775107
|switch|p1a: Landorus|Landorus-Therian, M|100/100|[from] U-turn
|-ability|p1a: Landorus|Intimidate|boost
|-unboost|p2a: Golem|atk|1
|move|p2a: Golem|Stealth Rock|p1a: Landorus
|-sidestart|p1: doctromat|move: Stealth Rock
|
|upkeep
|turn|3
|
|t:|1760775119
|switch|p2a: Brambleghast|Brambleghast, M|100/100
|move|p1a: Landorus|U-turn|p2a: Brambleghast
|-damage|p2a: Brambleghast|68/100
|
|t:|1760775121
|switch|p1a: Cinderace|Cinderace, M|100/100|[from] U-turn
|
|-heal|p2a: Brambleghast|74/100|[from] item: Leftovers
|upkeep
|turn|4
|
|t:|1760775131
|switch|p2a: Golem|Golem, M|51/100
|move|p1a: Cinderace|Court Change|p1a: Cinderace
|-start|p1a: Cinderace|typechange|Normal|[from] ability: Libero
|-swapsideconditions
|-activate|p1a: Cinderace|move: Court Change
|
|upkeep
|turn|5
|
|t:|1760775137
|move|p1a: Cinderace|U-turn|p2a: Golem
|-damage|p2a: Golem|35/100
|
|t:|1760775141
|switch|p1a: Meowscarada|Meowscarada, M|100/100|[from] U-turn
|move|p2a: Golem|Stealth Rock|p1a: Meowscarada
|-sidestart|p1: doctromat|move: Stealth Rock
|
|upkeep
|turn|6
|
|t:|1760775149
|move|p2a: Golem|Endure|p2a: Golem
|-singleturn|p2a: Golem|move: Endure
|move|p1a: Meowscarada|Knock Off|p2a: Golem
|-start|p1a: Meowscarada|typechange|Dark|[from] ability: Protean
|-damage|p2a: Golem|2/100
|-enditem|p2a: Golem|Custap Berry|[from] move: Knock Off|[of] p1a: Meowscarada
|
|upkeep
|turn|7
|-message|anko uguisu forfeited.
|
|win|doctromat
|raw|doctromat's rating: 1198 &rarr; <strong>1222</strong><br />(+24 for winning)
|raw|anko uguisu's rating: 1185 &rarr; <strong>1161</strong><br />(-24 for losing)
|l|☆anko uguisu
|player|p2|
|l|☆doctromat
|player|p1|
