|j|☆a lil sweeper
|j|☆Flothauvinho
|t:|1760822469
|gametype|singles
|player|p1|a lil sweeper|janitor|1359
|player|p2|Flothauvinho|infielder|1310
|gen|9
|tier|[Gen 9] OU
|rated|
|rule|HP Percentage Mod: HP is shown in percentages
|rule|Endless Battle Clause: Forcing endless battles is banned
|rule|Species Clause: Limit one of each Pokémon
|rule|OHKO Clause: OHKO moves are banned
|rule|Evasion Items Clause: Evasion items are banned
|rule|Evasion Moves Clause: Evasion moves are banned
|rule|Evasion Abilities Clause: Evasion abilities are banned
|rule|Sleep Moves Clause: Sleep-inducing moves are banned
|clearpoke
|poke|p1|Grimmsnarl, M|
|poke|p1|Alcremie-Rainbow-Swirl, F|
|poke|p1|Pecharunt|
|poke|p1|Kyurem|
|poke|p1|Iron Valiant|
|poke|p1|Heatran, M|
|poke|p2|Dragonite, M|
|poke|p2|Raging Bolt|
|poke|p2|Gliscor, M|
|poke|p2|Darkrai|
|poke|p2|Glimmora, M|
|poke|p2|Torterra, F|
|teampreview
|inactive|Battle timer is ON: inactive players will automatically lose when time's up. (requested by Flothauvinho)
|
|t:|1760822486
|teamsize|p1|6
|teamsize|p2|6
|start
|switch|p1a: Grimmsnarl|Grimmsnarl, M|100/100
|switch|p2a: Torterra|Torterra, F|100/100
|turn|1
|
|t:|1760822501
|move|p1a: Grimmsnarl|Reflect|p1a: Grimmsnarl
|-sidestart|p1: a lil sweeper|Reflect
|move|p2a: Torterra|Shell Smash|p2a: Torterra
|-unboost|p2a: Torterra|def|1
|-unboost|p2a: Torterra|spd|1
|-boost|p2a: Torterra|atk|2
|-boost|p2a: Torterra|spa|2
|-boost|p2a: Torterra|spe|2
|
|upkeep
|turn|2
|
|t:|1760822510
|move|p1a: Grimmsnarl|Parting Shot|p2a: Torterra
|-unboost|p2a: Torterra|atk|1
|-unboost|p2a: Torterra|spa|1
|
|t:|1760822514
|switch|p1a: Alcremie|Alcremie-Rainbow-Swirl, F|100/100|[from] Parting Shot
|move|p2a: Torterra|Bullet Seed|p1a: Alcremie
|-damage|p1a: Alcremie|89/100
|-damage|p1a: Alcremie|76/100
|-damage|p1a: Alcremie|63/100
|-damage|p1a: Alcremie|51/100
|-hitcount|p1a: Alcremie|4
|
|-heal|p1a: Alcremie|57/100|[from] item: Leftovers
|upkeep
|turn|3
|
|t:|1760822532
|-terastallize|p1a: Alcremie|Steel
|move|p2a: Torterra|Bullet Seed|p1a: Alcremie
|-resisted|p1a: Alcremie
|-damage|p1a: Alcremie|52/100
|-resisted|p1a: Alcremie
|-damage|p1a: Alcremie|45/100
|-resisted|p1a: Alcremie
|-damage|p1a: Alcremie|39/100
|-resisted|p1a: Alcremie
|-damage|p1a: Alcremie|33/100
|-hitcount|p1a: Alcremie|4
|move|p1a: Alcremie|Acid Armor|p1a: Alcremie
|-boost|p1a: Alcremie|def|2
|
|-heal|p1a: Alcremie|39/100|[from] item: Leftovers
|upkeep
|turn|4
|
|t:|1760822544
|move|p2a: Torterra|Leech Seed|p1a: Alcremie
|-start|p1a: Alcremie|move: Leech Seed
|move|p1a: Alcremie|Recover|p1a: Alcremie
|-heal|p1a: Alcremie|89/100
|
|-heal|p1a: Alcremie|95/100|[from] item: Leftovers
|-damage|p1a: Alcremie|83/100|[from] Leech Seed|[of] p2a: Torterra
|upkeep
|turn|5
|
|t:|1760822554
|move|p2a: Torterra|Shell Smash|p2a: Torterra
|-unboost|p2a: Torterra|def|1
|-unboost|p2a: Torterra|spd|1
|-boost|p2a: Torterra|atk|2
|-boost|p2a: Torterra|spa|2
|-boost|p2a: Torterra|spe|2
|move|p1a: Alcremie|Acid Armor|p1a: Alcremie
|-boost|p1a: Alcremie|def|2
|
|-heal|p1a: Alcremie|89/100|[from] item: Leftovers
|-damage|p1a: Alcremie|77/100|[from] Leech Seed|[of] p2a: Torterra
|upkeep
|turn|6
|
|t:|1760822564
|move|p2a: Torterra|Rock Blast|p1a: Alcremie
|-resisted|p1a: Alcremie
|-damage|p1a: Alcremie|74/100
|-resisted|p1a: Alcremie
|-damage|p1a: Alcremie|72/100
|-resisted|p1a: Alcremie
|-damage|p1a: Alcremie|69/100
|-resisted|p1a: Alcremie
|-damage|p1a: Alcremie|67/100
|-resisted|p1a: Alcremie
|-damage|p1a: Alcremie|65/100
|-hitcount|p1a: Alcremie|5
|move|p1a: Alcremie|Alluring Voice|p2a: Torterra
|-damage|p2a: Torterra|34/100
|
|-heal|p1a: Alcremie|71/100|[from] item: Leftovers
|-damage|p1a: Alcremie|59/100|[from] Leech Seed|[of] p2a: Torterra
|-heal|p2a: Torterra|46/100|[silent]
|upkeep
|turn|7
|
|t:|1760822580
|move|p2a: Torterra|Bullet Seed|p1a: Alcremie
|-resisted|p1a: Alcremie
|-damage|p1a: Alcremie|56/100
|-resisted|p1a: Alcremie
|-damage|p1a: Alcremie|53/100
|-resisted|p1a: Alcremie
|-damage|p1a: Alcremie|50/100
|-resisted|p1a: Alcremie
|-damage|p1a: Alcremie|46/100
|-resisted|p1a: Alcremie
|-damage|p1a: Alcremie|43/100
|-hitcount|p1a: Alcremie|5
|move|p1a: Alcremie|Recover|p1a: Alcremie
|-heal|p1a: Alcremie|93/100
|
|-heal|p1a: Alcremie|99/100|[from] item: Leftovers
|-damage|p1a: Alcremie|87/100|[from] Leech Seed|[of] p2a: Torterra
|-heal|p2a: Torterra|59/100|[silent]
|upkeep
|turn|8
|
|t:|1760822596
|move|p2a: Torterra|Bullet Seed|p1a: Alcremie
|-resisted|p1a: Alcremie
|-damage|p1a: Alcremie|84/100
|-resisted|p1a: Alcremie
|-damage|p1a: Alcremie|80/100
|-resisted|p1a: Alcremie
|-damage|p1a: Alcremie|77/100
|-resisted|p1a: Alcremie
|-damage|p1a: Alcremie|74/100
|-resisted|p1a: Alcremie
|-damage|p1a: Alcremie|71/100
|-hitcount|p1a: Alcremie|5
|move|p1a: Alcremie|Calm Mind|p1a: Alcremie
|-boost|p1a: Alcremie|spa|1
|-boost|p1a: Alcremie|spd|1
|
|-heal|p1a: Alcremie|77/100|[from] item: Leftovers
|-damage|p1a: Alcremie|65/100|[from] Leech Seed|[of] p2a: Torterra
|-heal|p2a: Torterra|71/100|[silent]
|-sideend|p1: a lil sweeper|Reflect
|upkeep
|turn|9
|
|t:|1760822612
|move|p2a: Torterra|Shell Smash|p2a: Torterra
|-unboost|p2a: Torterra|def|1
|-unboost|p2a: Torterra|spd|1
|-boost|p2a: Torterra|atk|2
|-boost|p2a: Torterra|spa|2
|-boost|p2a: Torterra|spe|2
|move|p1a: Alcremie|Calm Mind|p1a: Alcremie
|-boost|p1a: Alcremie|spa|1
|-boost|p1a: Alcremie|spd|1
|
|-heal|p1a: Alcremie|71/100|[from] item: Leftovers
|-damage|p1a: Alcremie|59/100|[from] Leech Seed|[of] p2a: Torterra
|-heal|p2a: Torterra|84/100|[silent]
|upkeep
|turn|10
|
|t:|1760822626
|move|p2a: Torterra|Rock Blast|p1a: Alcremie
|-resisted|p1a: Alcremie
|-damage|p1a: Alcremie|52/100
|-resisted|p1a: Alcremie
|-damage|p1a: Alcremie|46/100
|-resisted|p1a: Alcremie
|-damage|p1a: Alcremie|39/100
|-resisted|p1a: Alcremie
|-damage|p1a: Alcremie|33/100
|-resisted|p1a: Alcremie
|-damage|p1a: Alcremie|27/100
|-hitcount|p1a: Alcremie|5
|move|p1a: Alcremie|Recover|p1a: Alcremie
|-heal|p1a: Alcremie|77/100
|
|-heal|p1a: Alcremie|83/100|[from] item: Leftovers
|-damage|p1a: Alcremie|71/100|[from] Leech Seed|[of] p2a: Torterra
|-heal|p2a: Torterra|96/100|[silent]
|upkeep
|turn|11
|inactive|Flothauvinho has 120 seconds left.
|
|t:|1760822641
|-terastallize|p2a: Torterra|Rock
|move|p2a: Torterra|Rock Blast|p1a: Alcremie
|-resisted|p1a: Alcremie
|-damage|p1a: Alcremie|62/100
|-resisted|p1a: Alcremie
|-damage|p1a: Alcremie|52/100
|-resisted|p1a: Alcremie
|-damage|p1a: Alcremie|42/100
|-resisted|p1a: Alcremie
|-damage|p1a: Alcremie|32/100
|-hitcount|p1a: Alcremie|4
|move|p1a: Alcremie|Acid Armor|p1a: Alcremie
|-boost|p1a: Alcremie|def|2
|
|-heal|p1a: Alcremie|38/100|[from] item: Leftovers
|-damage|p1a: Alcremie|26/100|[from] Leech Seed|[of] p2a: Torterra
|-heal|p2a: Torterra|100/100|[silent]
|upkeep
|turn|12
|inactive|Flothauvinho has 120 seconds left.
|
|t:|1760822655
|move|p2a: Torterra|Rock Blast|p1a: Alcremie
|-resisted|p1a: Alcremie
|-damage|p1a: Alcremie|19/100
|-resisted|p1a: Alcremie
|-damage|p1a: Alcremie|11/100
|-resisted|p1a: Alcremie
|-damage|p1a: Alcremie|4/100
|-resisted|p1a: Alcremie
|-damage|p1a: Alcremie|0 fnt
|faint|p1a: Alcremie
|-hitcount|p1: Alcremie|4
|
|upkeep
|
|t:|1760822664
|switch|p1a: Grimmsnarl|Grimmsnarl, M|100/100
|turn|13
|
|t:|1760822669
|move|p1a: Grimmsnarl|Reflect|p1a: Grimmsnarl
|-sidestart|p1: a lil sweeper|Reflect
|move|p2a: Torterra|Bullet Seed|p1a: Grimmsnarl
|-damage|p1a: Grimmsnarl|74/100
|-damage|p1a: Grimmsnarl|48/100
|-damage|p1a: Grimmsnarl|19/100
|-damage|p1a: Grimmsnarl|0 fnt
|faint|p1a: Grimmsnarl
|-hitcount|p1: Grimmsnarl|4
|
|upkeep
|
|t:|1760822673
|switch|p1a: Heatran|Heatran, M|100/100
|turn|14
|inactive|Flothauvinho has 120 seconds left.
|
|t:|1760822701
|move|p2a: Torterra|Rock Blast|p1a: Heatran
|-damage|p1a: Heatran|83/100
|-damage|p1a: Heatran|65/100
|-damage|p1a: Heatran|45/100
|-damage|p1a: Heatran|26/100
|-hitcount|p1a: Heatran|4
|move|p1a: Heatran|Earth Power|p2a: Torterra
|-supereffective|p2a: Torterra
|-crit|p2a: Torterra
|-damage|p2a: Torterra|0 fnt
|faint|p2a: Torterra
|
|-heal|p1a: Heatran|32/100|[from] item: Leftovers
|upkeep
|inactive|Flothauvinho has 120 seconds left.
|
|t:|1760822716
|switch|p2a: Glimmora|Glimmora, M|100/100
|turn|15
|inactive|Flothauvinho has 120 seconds left.
|
|t:|1760822721
|move|p2a: Glimmora|Toxic|p1a: Heatran
|-status|p1a: Heatran|tox
|move|p1a: Heatran|Earth Power|p2a: Glimmora
|-supereffective|p2a: Glimmora
|-damage|p2a: Glimmora|0 fnt
|faint|p2a: Glimmora
|
|-heal|p1a: Heatran|38/100 tox|[from] item: Leftovers
|-damage|p1a: Heatran|32/100 tox|[from] psn
|upkeep
|inactive|Flothauvinho has 120 seconds left.
|
|t:|1760822737
|switch|p2a: Darkrai|Darkrai, shiny|100/100
|turn|16
|
|t:|1760822741
|move|p2a: Darkrai|Dark Pulse|p1a: Heatran
|-damage|p1a: Heatran|0 fnt
|faint|p1a: Heatran
|
|upkeep
|
|t:|1760822745
|switch|p1a: Iron Valiant|Iron Valiant|100/100
|-enditem|p1a: Iron Valiant|Booster Energy
|-activate|p1a: Iron Valiant|ability: Quark Drive|[fromitem]
|-start|p1a: Iron Valiant|quarkdrivespe
|turn|17
|
|t:|1760822756
|move|p1a: Iron Valiant|Calm Mind|p1a: Iron Valiant
|-boost|p1a: Iron Valiant|spa|1
|-boost|p1a: Iron Valiant|spd|1
|move|p2a: Darkrai|Sludge Bomb|p1a: Iron Valiant
|-supereffective|p1a: Iron Valiant
|-damage|p1a: Iron Valiant|17/100
|
|upkeep
|turn|18
|
|t:|1760822764
|move|p1a: Iron Valiant|Moonblast|p2a: Darkrai
|-supereffective|p2a: Darkrai
|-damage|p2a: Darkrai|0 fnt
|faint|p2a: Darkrai
|
|upkeep
|
|t:|1760822769
|switch|p2a: Raging Bolt|Raging Bolt|100/100
|-enditem|p2a: Raging Bolt|Booster Energy
|-activate|p2a: Raging Bolt|ability: Protosynthesis|[fromitem]
|-start|p2a: Raging Bolt|protosynthesisspa
|turn|19
|
|t:|1760822774
|move|p2a: Raging Bolt|Thunderclap||[still]
|-fail|p2a: Raging Bolt
|move|p1a: Iron Valiant|Encore|p2a: Raging Bolt
|-start|p2a: Raging Bolt|Encore
|
|upkeep
|turn|20
|
|t:|1760822781
|move|p2a: Raging Bolt|Thunderclap||[still]
|-fail|p2a: Raging Bolt
|move|p1a: Iron Valiant|Calm Mind|p1a: Iron Valiant
|-boost|p1a: Iron Valiant|spa|1
|-boost|p1a: Iron Valiant|spd|1
|
|-sideend|p1: a lil sweeper|Reflect
|upkeep
|turn|21
|
|t:|1760822787
|move|p2a: Raging Bolt|Thunderclap||[still]
|-fail|p2a: Raging Bolt
|move|p1a: Iron Valiant|Calm Mind|p1a: Iron Valiant
|-boost|p1a: Iron Valiant|spa|1
|-boost|p1a: Iron Valiant|spd|1
|
|upkeep
|turn|22
|
|t:|1760822792
|move|p2a: Raging Bolt|Thunderclap||[still]
|-fail|p2a: Raging Bolt
|move|p1a: Iron Valiant|Calm Mind|p1a: Iron Valiant
|-boost|p1a: Iron Valiant|spa|1
|-boost|p1a: Iron Valiant|spd|1
|
|-end|p2a: Raging Bolt|Encore
|upkeep
|turn|23
|
|t:|1760822800
|move|p2a: Raging Bolt|Thunderclap||[still]
|-fail|p2a: Raging Bolt
|move|p1a: Iron Valiant|Encore|p2a: Raging Bolt
|-start|p2a: Raging Bolt|Encore
|
|upkeep
|turn|24
|
|t:|1760822805
|move|p2a: Raging Bolt|Thunderclap||[still]
|-fail|p2a: Raging Bolt
|move|p1a: Iron Valiant|Calm Mind|p1a: Iron Valiant
|-boost|p1a: Iron Valiant|spa|1
|-boost|p1a: Iron Valiant|spd|1
|
|upkeep
|turn|25
|
|t:|1760822810
|move|p2a: Raging Bolt|Thunderclap||[still]
|-fail|p2a: Raging Bolt
|move|p1a: Iron Valiant|Calm Mind|p1a: Iron Valiant
|-boost|p1a: Iron Valiant|spa|1
|-boost|p1a: Iron Valiant|spd|1
|
|upkeep
|turn|26
|
|t:|1760822819
|move|p2a: Raging Bolt|Thunderclap||[still]
|-fail|p2a: Raging Bolt
|move|p1a: Iron Valiant|Calm Mind|p1a: Iron Valiant
|-boost|p1a: Iron Valiant|spa|0
|-boost|p1a: Iron Valiant|spd|0
|
|-end|p2a: Raging Bolt|Encore
|upkeep
|turn|27
|
|t:|1760822825
|move|p1a: Iron Valiant|Moonblast|p2a: Raging Bolt
|-supereffective|p2a: Raging Bolt
|-damage|p2a: Raging Bolt|0 fnt
|faint|p2a: Raging Bolt
|-end|p2a: Raging Bolt|Protosynthesis|[silent]
|
|upkeep
|
|t:|1760822829
|switch|p2a: Dragonite|Dragonite, M, shiny|100/100
|turn|28
|
|t:|1760822832
|move|p2a: Dragonite|Extreme Speed|p1a: Iron Valiant
|-damage|p1a: Iron Valiant|0 fnt
|faint|p1a: Iron Valiant
|-end|p1a: Iron Valiant|Quark Drive|[silent]
|
|upkeep
|
|t:|1760822834
|switch|p1a: Pecharunt|Pecharunt|100/100
|turn|29
|
|t:|1760822839
|move|p2a: Dragonite|Dragon Dance|p2a: Dragonite
|-boost|p2a: Dragonite|atk|1
|-boost|p2a: Dragonite|spe|1
|move|p1a: Pecharunt|Malignant Chain|p2a: Dragonite
|-damage|p2a: Dragonite|83/100
|-status|p2a: Dragonite|tox
|-start|p2a: Dragonite|confusion|[from] ability: Poison Puppeteer|[of] p1a: Pecharunt
|
|-heal|p2a: Dragonite|89/100 tox|[from] item: Leftovers
|-damage|p2a: Dragonite|83/100 tox|[from] psn
|upkeep
|turn|30
|
|t:|1760822850
|-activate|p2a: Dragonite|confusion
|move|p2a: Dragonite|Earthquake|p1a: Pecharunt
|-supereffective|p1a: Pecharunt
|-damage|p1a: Pecharunt|49/100
|move|p1a: Pecharunt|Foul Play|p2a: Dragonite
|-damage|p2a: Dragonite|17/100 tox
|
|-heal|p2a: Dragonite|23/100 tox|[from] item: Leftovers
|-damage|p2a: Dragonite|11/100 tox|[from] psn
|upkeep
|turn|31
|
|t:|1760822858
|-activate|p2a: Dragonite|confusion
|-damage|p2a: Dragonite|0 fnt|[from] confusion
|faint|p2a: Dragonite
|move|p1a: Pecharunt|Recover|p1a: Pecharunt
|-heal|p1a: Pecharunt|99/100
|
|upkeep
|
|t:|1760822864
|switch|p2a: Gliscor|Gliscor, M, shiny|100/100
|turn|32
|
|t:|1760822868
|move|p2a: Gliscor|Crabhammer|p1a: Pecharunt
|-damage|p1a: Pecharunt|85/100
|move|p1a: Pecharunt|Parting Shot|p2a: Gliscor
|-unboost|p2a: Gliscor|atk|1
|-unboost|p2a: Gliscor|spa|1
|
|t:|1760822871
|switch|p1a: Kyurem|Kyurem|100/100|[from] Parting Shot
|-ability|p1a: Kyurem|Pressure
|
|-status|p2a: Gliscor|tox|[from] item: Toxic Orb
|upkeep
|turn|33
|
|t:|1760822880
|move|p1a: Kyurem|Ice Beam|p2a: Gliscor
|-supereffective|p2a: Gliscor
|-damage|p2a: Gliscor|0 fnt
|faint|p2a: Gliscor
|
|win|a lil sweeper
|raw|a lil sweeper's rating: 1359 &rarr; <strong>1376</strong><br />(+17 for winning)
|raw|Flothauvinho's rating: 1310 &rarr; <strong>1293</strong><br />(-17 for losing)
|l|☆a lil sweeper
|player|p1|
|l|☆Flothauvinho
|player|p2|
