|badge|p2|bronze|gen9ou|100-7
|uhtml|medal-msg|<div class="broadcast-blue">Curious what those medals under the avatar are? PS now has Ladder Seasons! For more information, check out the <a href="https://www.smogon.com/forums/threads/3740067/">thread on Smogon.</a></div>
|j|☆Ctannn
|j|☆MooFarmer
|t:|1760828363
|gametype|singles
|player|p1|Ctannn|265|1875
|player|p2|MooFarmer|1|1845
|gen|9
|tier|[Gen 9] OU
|rated|
|rule|HP Percentage Mod: HP is shown in percentages
|rule|Endless Battle Clause: Forcing endless battles is banned
|rule|Species Clause: Limit one of each Pokémon
|rule|OHKO Clause: OHKO moves are banned
|rule|Evasion Items Clause: Evasion items are banned
|rule|Evasion Moves Clause: Evasion moves are banned
|rule|Evasion Abilities Clause: Evasion abilities are banned
|rule|Sleep Moves Clause: Sleep-inducing moves are banned
|clearpoke
|poke|p1|Rillaboom, M|
|poke|p1|Garganacl, F|
|poke|p1|Cinderace, M|
|poke|p1|Raging Bolt|
|poke|p1|Slowking-Galar, F|
|poke|p1|Landorus-Therian, M|
|poke|p2|Kyurem|
|poke|p2|Corviknight, M|
|poke|p2|Ting-Lu|
|poke|p2|Dondozo, M|
|poke|p2|Slowking-Galar, L99, M|
|poke|p2|Cinderace, M|
|teampreview
|inactive|Battle timer is ON: inactive players will automatically lose when time's up. (requested by Ctannn)
|j| Shawty Lo
|inactive|MooFarmer has 120 seconds left.
|
|t:|1760828409
|teamsize|p1|6
|teamsize|p2|6
|start
|switch|p1a: Cinderace|Cinderace, M|100/100
|switch|p2a: Kyurem|Kyurem|100/100
|-ability|p2a: Kyurem|Pressure
|turn|1
|inactive|MooFarmer also wants the timer to be on.
|j| crowv2
|inactive|MooFarmer has 120 seconds left.
|j| tabata toxapex
|
|t:|1760828454
|move|p2a: Kyurem|Protect|p2a: Kyurem
|-singleturn|p2a: Kyurem|Protect
|move|p1a: Cinderace|High Jump Kick|p2a: Kyurem
|-start|p1a: Cinderace|typechange|Fighting|[from] ability: Libero
|-activate|p2a: Kyurem|move: Protect
|-damage|p1a: Cinderace|51/100|[from] highjumpkick
|
|upkeep
|turn|2
|inactive|MooFarmer has 90 seconds left.
|
|t:|1760828499
|-terastallize|p2a: Kyurem|Ground
|move|p1a: Cinderace|High Jump Kick|p2a: Kyurem
|-damage|p2a: Kyurem|39/100
|move|p2a: Kyurem|Earth Power|p1a: Cinderace
|-damage|p1a: Cinderace|0 fnt
|faint|p1a: Cinderace
|
|-heal|p2a: Kyurem|46/100|[from] item: Leftovers
|upkeep
|
|t:|1760828507
|switch|p1a: Rillaboom|Rillaboom, M|100/100
|-fieldstart|move: Grassy Terrain|[from] ability: Grassy Surge|[of] p1a: Rillaboom
|turn|3
|inactive|MooFarmer has 60 seconds left.
|j| riquelme14
|
|t:|1760828552
|move|p2a: Kyurem|Protect|p2a: Kyurem
|-singleturn|p2a: Kyurem|Protect
|move|p1a: Rillaboom|Swords Dance|p1a: Rillaboom
|-boost|p1a: Rillaboom|atk|2
|
|-heal|p2a: Kyurem|52/100|[from] Grassy Terrain
|-heal|p2a: Kyurem|58/100|[from] item: Leftovers
|upkeep
|turn|4
|inactive|MooFarmer has 30 seconds left.
|inactive|MooFarmer has 20 seconds left.
|
|t:|1760828597
|switch|p2a: Corviknight|Corviknight, M|100/100
|-ability|p2a: Corviknight|Pressure
|-terastallize|p1a: Rillaboom|Grass
|move|p1a: Rillaboom|Wood Hammer|p2a: Corviknight
|-resisted|p2a: Corviknight
|-damage|p2a: Corviknight|60/100
|-damage|p1a: Rillaboom|84/100|[from] item: Rocky Helmet|[of] p2a: Corviknight
|-damage|p1a: Rillaboom|68/100|[from] Recoil
|
|-heal|p1a: Rillaboom|74/100|[from] Grassy Terrain
|upkeep
|turn|5
|inactive|MooFarmer has 30 seconds left this turn.
|
|t:|1760828606
|move|p1a: Rillaboom|Drain Punch|p2a: Corviknight
|-damage|p2a: Corviknight|26/100
|-heal|p1a: Rillaboom|94/100|[from] drain|[of] p2a: Corviknight
|-damage|p1a: Rillaboom|78/100|[from] item: Rocky Helmet|[of] p2a: Corviknight
|move|p2a: Corviknight|Roost|p2a: Corviknight
|-heal|p2a: Corviknight|76/100
|-singleturn|p2a: Corviknight|move: Roost
|
|-heal|p1a: Rillaboom|84/100|[from] Grassy Terrain
|-heal|p2a: Corviknight|82/100|[from] Grassy Terrain
|upkeep
|turn|6
|inactive|MooFarmer has 30 seconds left.
|
|t:|1760828616
|switch|p1a: Slowking|Slowking-Galar, F|100/100
|move|p2a: Corviknight|Roost|p2a: Corviknight
|-heal|p2a: Corviknight|100/100
|-singleturn|p2a: Corviknight|move: Roost
|
|upkeep
|turn|7
|
|t:|1760828624
|switch|p2a: Kyurem|Kyurem, tera:Ground|58/100
|-ability|p2a: Kyurem|Pressure
|move|p1a: Slowking|Future Sight|p2a: Kyurem
|-start|p1a: Slowking|move: Future Sight
|
|-heal|p2a: Kyurem|64/100|[from] Grassy Terrain
|-heal|p2a: Kyurem|70/100|[from] item: Leftovers
|-fieldend|move: Grassy Terrain
|upkeep
|turn|8
|
|t:|1760828632
|move|p2a: Kyurem|Substitute|p2a: Kyurem
|-start|p2a: Kyurem|Substitute
|-damage|p2a: Kyurem|45/100
|move|p1a: Slowking|Ice Beam|p2a: Kyurem
|-supereffective|p2a: Kyurem
|-end|p2a: Kyurem|Substitute
|
|-heal|p2a: Kyurem|51/100|[from] item: Leftovers
|upkeep
|turn|9
|
|t:|1760828641
|switch|p2a: Slowking|Slowking-Galar, L99, M|100/100
|-prepare|p1a: Slowking|Chilly Reception|[premajor]
|move|p1a: Slowking|Chilly Reception|p1a: Slowking
|-weather|Snowscape
|
|t:|1760828645
|switch|p1a: Rillaboom|Rillaboom, M, tera:Grass|84/100|[from] Chilly Reception
|-fieldstart|move: Grassy Terrain|[from] ability: Grassy Surge|[of] p1a: Rillaboom
|
|-weather|Snowscape|[upkeep]
|-end|p2a: Slowking|move: Future Sight
|-damage|p2a: Slowking|74/100
|-heal|p1a: Rillaboom|90/100|[from] Grassy Terrain
|-heal|p2a: Slowking|80/100|[from] Grassy Terrain
|upkeep
|turn|10
|
|t:|1760828653
|switch|p1a: Slowking|Slowking-Galar, F|100/100
|move|p2a: Slowking|Sludge Bomb|p1a: Slowking
|-resisted|p1a: Slowking
|-damage|p1a: Slowking|87/100
|
|-weather|Snowscape|[upkeep]
|-heal|p1a: Slowking|93/100|[from] Grassy Terrain
|-heal|p2a: Slowking|87/100|[from] Grassy Terrain
|upkeep
|turn|11
|inactive|MooFarmer has 60 seconds left.
|
|t:|1760828665
|move|p1a: Slowking|Future Sight|p2a: Slowking
|-start|p1a: Slowking|move: Future Sight
|-prepare|p2a: Slowking|Chilly Reception|[premajor]
|move|p2a: Slowking|Chilly Reception|p2a: Slowking
|inactive|MooFarmer has 60 seconds left.
|
|t:|1760828673
|switch|p2a: Kyurem|Kyurem, tera:Ground|51/100|[from] Chilly Reception
|-ability|p2a: Kyurem|Pressure
|
|-weather|Snowscape|[upkeep]
|-heal|p2a: Kyurem|58/100|[from] Grassy Terrain
|-heal|p2a: Kyurem|64/100|[from] item: Leftovers
|-heal|p1a: Slowking|99/100|[from] Grassy Terrain
|upkeep
|turn|12
|
|t:|1760828682
|move|p2a: Kyurem|Earth Power|p1a: Slowking
|-supereffective|p1a: Slowking
|-damage|p1a: Slowking|34/100
|-prepare|p1a: Slowking|Chilly Reception|[premajor]
|move|p1a: Slowking|Chilly Reception|p1a: Slowking
|
|t:|1760828694
|switch|p1a: Garganacl|Garganacl, F|100/100|[from] Chilly Reception
|
|-weather|Snowscape|[upkeep]
|-heal|p2a: Kyurem|70/100|[from] Grassy Terrain
|-heal|p2a: Kyurem|76/100|[from] item: Leftovers
|upkeep
|turn|13
|l| riquelme14
|
|t:|1760828702
|move|p2a: Kyurem|Earth Power|p1a: Garganacl
|-supereffective|p1a: Garganacl
|-damage|p1a: Garganacl|47/100
|move|p1a: Garganacl|Salt Cure|p2a: Kyurem
|-resisted|p2a: Kyurem
|-damage|p2a: Kyurem|70/100
|-start|p2a: Kyurem|Salt Cure
|
|-weather|none
|-end|p2a: Kyurem|move: Future Sight
|-damage|p2a: Kyurem|28/100
|-heal|p2a: Kyurem|34/100|[from] Grassy Terrain
|-heal|p2a: Kyurem|40/100|[from] item: Leftovers
|-heal|p1a: Garganacl|53/100|[from] Grassy Terrain
|-heal|p1a: Garganacl|59/100|[from] item: Leftovers
|-damage|p2a: Kyurem|28/100|[from] Salt Cure
|-fieldend|move: Grassy Terrain
|upkeep
|turn|14
|
|t:|1760828713
|move|p2a: Kyurem|Earth Power|p1a: Garganacl
|-supereffective|p1a: Garganacl
|-damage|p1a: Garganacl|5/100
|move|p1a: Garganacl|Salt Cure|p2a: Kyurem
|-resisted|p2a: Kyurem
|-damage|p2a: Kyurem|21/100
|
|-heal|p2a: Kyurem|27/100|[from] item: Leftovers
|-heal|p1a: Garganacl|11/100|[from] item: Leftovers
|-damage|p2a: Kyurem|15/100|[from] Salt Cure
|upkeep
|turn|15
|
|t:|1760828722
|move|p2a: Kyurem|Freeze-Dry|p1a: Garganacl
|-damage|p1a: Garganacl|0 fnt
|faint|p1a: Garganacl
|
|-heal|p2a: Kyurem|21/100|[from] item: Leftovers
|-damage|p2a: Kyurem|9/100|[from] Salt Cure
|upkeep
|
|t:|1760828726
|switch|p1a: Rillaboom|Rillaboom, M, tera:Grass|90/100
|-fieldstart|move: Grassy Terrain|[from] ability: Grassy Surge|[of] p1a: Rillaboom
|turn|16
|inactive|MooFarmer has 90 seconds left.
|
|t:|1760828739
|switch|p2a: Corviknight|Corviknight, M|100/100
|-ability|p2a: Corviknight|Pressure
|move|p1a: Rillaboom|Grassy Glide|p2a: Corviknight
|-resisted|p2a: Corviknight
|-damage|p2a: Corviknight|91/100
|-damage|p1a: Rillaboom|74/100|[from] item: Rocky Helmet|[of] p2a: Corviknight
|
|-heal|p1a: Rillaboom|80/100|[from] Grassy Terrain
|upkeep
|turn|17
|
|t:|1760828749
|move|p1a: Rillaboom|Swords Dance|p1a: Rillaboom
|-boost|p1a: Rillaboom|atk|2
|move|p2a: Corviknight|U-turn|p1a: Rillaboom
|-supereffective|p1a: Rillaboom
|-damage|p1a: Rillaboom|50/100
|
|t:|1760828757
|switch|p2a: Cinderace|Cinderace, M|100/100|[from] U-turn
|
|-heal|p1a: Rillaboom|56/100|[from] Grassy Terrain
|upkeep
|turn|18
|c| Shawty Lo|dont let the bot win :(
|
|t:|1760828766
|move|p2a: Cinderace|Pyro Ball|p1a: Rillaboom
|-supereffective|p1a: Rillaboom
|-damage|p1a: Rillaboom|0 fnt
|faint|p1a: Rillaboom
|
|upkeep
|-message|Ctannn forfeited.
|
|win|MooFarmer
|raw|Ctannn's rating: 1875 &rarr; <strong>1853</strong><br />(-22 for losing)
|raw|MooFarmer's rating: 1845 &rarr; <strong>1867</strong><br />(+22 for winning)
|l|☆MooFarmer
|player|p2|
|l|☆Ctannn
|player|p1|
|l| Shawty Lo
|l| crowv2
|l| tabata toxapex
