|j|☆Perola Pe
|j|☆D Hazey
|t:|1760761220
|gametype|singles
|player|p1|Perola Pe|wallace|1342
|player|p2|D Hazey|cynthia-masters|1356
|gen|9
|tier|[Gen 9] OU
|rated|
|rule|HP Percentage Mod: HP is shown in percentages
|rule|Endless Battle Clause: Forcing endless battles is banned
|rule|Species Clause: Limit one of each Pokémon
|rule|OHKO Clause: OHKO moves are banned
|rule|Evasion Items Clause: Evasion items are banned
|rule|Evasion Moves Clause: Evasion moves are banned
|rule|Evasion Abilities Clause: Evasion abilities are banned
|rule|Sleep Moves Clause: Sleep-inducing moves are banned
|clearpoke
|poke|p1|Raging Bolt|
|poke|p1|Iron Valiant|
|poke|p1|Enamorus, F|
|poke|p1|Zamazenta-*|
|poke|p1|Primarina, M|
|poke|p1|Cinderace, F|
|poke|p2|Meowscarada, M|
|poke|p2|Araquanid, M|
|poke|p2|Zapdos|
|poke|p2|Great Tusk|
|poke|p2|Iron Moth|
|poke|p2|Dragapult, M|
|teampreview
|
|t:|1760761252
|teamsize|p1|6
|teamsize|p2|6
|start
|switch|p1a: Cinderace|Cinderace, F|100/100
|switch|p2a: Meowscarada|Meowscarada, M|100/100
|turn|1
|
|t:|1760761257
|move|p2a: Meowscarada|U-turn|p1a: Cinderace
|-start|p2a: Meowscarada|typechange|Bug|[from] ability: Protean
|-resisted|p1a: Cinderace
|-damage|p1a: Cinderace|64/100
|
|t:|1760761269
|switch|p2a: Zapdos|Zapdos|100/100|[from] U-turn
|move|p1a: Cinderace|U-turn|p2a: Zapdos
|-start|p1a: Cinderace|typechange|Bug|[from] ability: Libero
|-resisted|p2a: Zapdos
|-damage|p2a: Zapdos|82/100
|-damage|p1a: Cinderace|48/100|[from] item: Rocky Helmet|[of] p2a: Zapdos
|
|t:|1760761277
|switch|p1a: Raging Bolt|Raging Bolt|100/100|[from] U-turn
|
|upkeep
|turn|2
|
|t:|1760761299
|switch|p2a: Great Tusk|Great Tusk|100/100
|move|p1a: Raging Bolt|Calm Mind|p1a: Raging Bolt
|-boost|p1a: Raging Bolt|spa|1
|-boost|p1a: Raging Bolt|spd|1
|
|upkeep
|turn|3
|inactive|Battle timer is ON: inactive players will automatically lose when time's up. (requested by Perola Pe)
|
|t:|1760761311
|move|p2a: Great Tusk|Knock Off|p1a: Raging Bolt
|-damage|p1a: Raging Bolt|78/100
|-enditem|p1a: Raging Bolt|Shuca Berry|[from] move: Knock Off|[of] p2a: Great Tusk
|move|p1a: Raging Bolt|Dragon Pulse|p2a: Great Tusk
|-damage|p2a: Great Tusk|53/100
|
|upkeep
|turn|4
|
|t:|1760761340
|-end|p1a: Raging Bolt|Protosynthesis|[silent]
|switch|p1a: Enamorus|Enamorus, F|100/100
|move|p2a: Great Tusk|Headlong Rush|p1a: Enamorus
|-immune|p1a: Enamorus
|
|upkeep
|turn|5
|
|t:|1760761350
|-end|p2a: Great Tusk|Protosynthesis|[silent]
|switch|p2a: Zapdos|Zapdos|82/100
|move|p1a: Enamorus|Moonblast|p2a: Zapdos
|-damage|p2a: Zapdos|32/100
|
|upkeep
|turn|6
|
|t:|1760761366
|switch|p2a: Araquanid|Araquanid, M, shiny|100/100
|move|p1a: Enamorus|Moonblast|p2a: Araquanid
|-damage|p2a: Araquanid|71/100
|-unboost|p2a: Araquanid|spa|1
|
|-heal|p2a: Araquanid|77/100|[from] item: Leftovers
|upkeep
|turn|7
|
|t:|1760761378
|move|p1a: Enamorus|Taunt|p2a: Araquanid
|-start|p2a: Araquanid|move: Taunt
|cant|p2a: Araquanid|move: Taunt|Sticky Web
|
|-heal|p2a: Araquanid|83/100|[from] item: Leftovers
|upkeep
|turn|8
|
|t:|1760761385
|move|p1a: Enamorus|Moonblast|p2a: Araquanid
|-damage|p2a: Araquanid|53/100
|move|p2a: Araquanid|Liquidation|p1a: Enamorus
|-damage|p1a: Enamorus|64/100
|
|-heal|p2a: Araquanid|60/100|[from] item: Leftovers
|upkeep
|turn|9
|
|t:|1760761396
|move|p1a: Enamorus|Moonblast|p2a: Araquanid
|-damage|p2a: Araquanid|28/100
|move|p2a: Araquanid|Liquidation|p1a: Enamorus
|-damage|p1a: Enamorus|28/100
|
|-heal|p2a: Araquanid|34/100|[from] item: Leftovers
|-end|p2a: Araquanid|move: Taunt
|upkeep
|turn|10
|
|t:|1760761404
|move|p2a: Araquanid|Protect|p2a: Araquanid
|-singleturn|p2a: Araquanid|Protect
|move|p1a: Enamorus|Moonblast|p2a: Araquanid
|-activate|p2a: Araquanid|move: Protect
|
|-heal|p2a: Araquanid|40/100|[from] item: Leftovers
|upkeep
|turn|11
|
|t:|1760761411
|move|p1a: Enamorus|Taunt|p2a: Araquanid
|-start|p2a: Araquanid|move: Taunt
|move|p2a: Araquanid|Liquidation|p1a: Enamorus
|-damage|p1a: Enamorus|0 fnt
|faint|p1a: Enamorus
|
|-heal|p2a: Araquanid|46/100|[from] item: Leftovers
|upkeep
|inactive|Perola Pe has 120 seconds left.
|
|t:|1760761458
|switch|p1a: Iron Valiant|Iron Valiant|100/100
|turn|12
|
|t:|1760761467
|move|p1a: Iron Valiant|Knock Off|p2a: Araquanid
|-damage|p2a: Araquanid|2/100
|-enditem|p2a: Araquanid|Leftovers|[from] move: Knock Off|[of] p1a: Iron Valiant
|-damage|p1a: Iron Valiant|91/100|[from] item: Life Orb
|move|p2a: Araquanid|Lunge|p1a: Iron Valiant
|-resisted|p1a: Iron Valiant
|-damage|p1a: Iron Valiant|84/100
|-unboost|p1a: Iron Valiant|atk|1
|
|upkeep
|turn|13
|
|t:|1760761477
|move|p1a: Iron Valiant|Knock Off|p2a: Araquanid
|-damage|p2a: Araquanid|0 fnt
|faint|p2a: Araquanid
|-damage|p1a: Iron Valiant|75/100|[from] item: Life Orb
|
|upkeep
|
|t:|1760761486
|switch|p2a: Meowscarada|Meowscarada, M|100/100
|turn|14
|
|t:|1760761498
|-end|p1a: Iron Valiant|Quark Drive|[silent]
|switch|p1a: Raging Bolt|Raging Bolt|78/100
|move|p2a: Meowscarada|Play Rough|p1a: Raging Bolt
|-start|p2a: Meowscarada|typechange|Fairy|[from] ability: Protean
|-supereffective|p1a: Raging Bolt
|-damage|p1a: Raging Bolt|0 fnt
|faint|p1a: Raging Bolt
|-end|p1a: Raging Bolt|Protosynthesis|[silent]
|
|upkeep
|inactive|Perola Pe has 120 seconds left.
|
|t:|1760761514
|switch|p1a: Cinderace|Cinderace, F|48/100
|turn|15
|
|t:|1760761527
|switch|p2a: Zapdos|Zapdos|32/100
|move|p1a: Cinderace|Pyro Ball|p2a: Zapdos
|-damage|p2a: Zapdos|0 fnt
|faint|p2a: Zapdos
|
|upkeep
|
|t:|1760761534
|switch|p2a: Meowscarada|Meowscarada, M|100/100
|turn|16
|
|t:|1760761547
|switch|p1a: Iron Valiant|Iron Valiant|75/100
|move|p2a: Meowscarada|Knock Off|p1a: Iron Valiant
|-start|p2a: Meowscarada|typechange|Dark|[from] ability: Protean
|-resisted|p1a: Iron Valiant
|-damage|p1a: Iron Valiant|54/100
|-enditem|p1a: Iron Valiant|Life Orb|[from] move: Knock Off|[of] p2a: Meowscarada
|
|upkeep
|turn|17
|
|t:|1760761566
|switch|p2a: Great Tusk|Great Tusk|53/100
|move|p1a: Iron Valiant|Knock Off|p2a: Great Tusk
|-resisted|p2a: Great Tusk
|-damage|p2a: Great Tusk|42/100
|-enditem|p2a: Great Tusk|Assault Vest|[from] move: Knock Off|[of] p1a: Iron Valiant
|
|upkeep
|turn|18
|
|t:|1760761584
|move|p1a: Iron Valiant|Moonblast|p2a: Great Tusk
|-supereffective|p2a: Great Tusk
|-damage|p2a: Great Tusk|0 fnt
|faint|p2a: Great Tusk
|-end|p2a: Great Tusk|Protosynthesis|[silent]
|
|upkeep
|
|t:|1760761596
|switch|p2a: Iron Moth|Iron Moth|100/100
|-enditem|p2a: Iron Moth|Booster Energy
|-activate|p2a: Iron Moth|ability: Quark Drive|[fromitem]
|-start|p2a: Iron Moth|quarkdrivespa
|turn|19
|
|t:|1760761615
|move|p2a: Iron Moth|Sludge Wave|p1a: Iron Valiant
|-supereffective|p1a: Iron Valiant
|-damage|p1a: Iron Valiant|0 fnt
|faint|p1a: Iron Valiant
|-end|p1a: Iron Valiant|Quark Drive|[silent]
|
|upkeep
|
|t:|1760761624
|switch|p1a: Primarina|Primarina, M|100/100
|turn|20
|
|t:|1760761634
|move|p2a: Iron Moth|Sludge Wave|p1a: Primarina
|-supereffective|p1a: Primarina
|-damage|p1a: Primarina|0 fnt
|faint|p1a: Primarina
|
|upkeep
|-message|Perola Pe forfeited.
|
|win|D Hazey
|raw|Perola Pe's rating: 1342 &rarr; <strong>1323</strong><br />(-19 for losing)
|raw|D Hazey's rating: 1356 &rarr; <strong>1375</strong><br />(+19 for winning)
|l|☆Perola Pe
|player|p1|
|l|☆D Hazey
|player|p2|
