|j|☆MooFarmer
|j|☆nfyhsueryfgius
|t:|1760809566
|gametype|singles
|player|p1|MooFarmer|1|1802
|player|p2|nfyhsueryfgius|ghetsis|1769
|gen|9
|tier|[Gen 9] OU
|rated|
|rule|HP Percentage Mod: HP is shown in percentages
|rule|Endless Battle Clause: Forcing endless battles is banned
|rule|Species Clause: Limit one of each Pokémon
|rule|OHKO Clause: OHKO moves are banned
|rule|Evasion Items Clause: Evasion items are banned
|rule|Evasion Moves Clause: Evasion moves are banned
|rule|Evasion Abilities Clause: Evasion abilities are banned
|rule|Sleep Moves Clause: Sleep-inducing moves are banned
|clearpoke
|poke|p1|Kyurem|
|poke|p1|Corviknight, M|
|poke|p1|Ting-Lu|
|poke|p1|Dondozo, M|
|poke|p1|Slowking-Galar, L99, F|
|poke|p1|Cinderace, M|
|poke|p2|Great Tusk|
|poke|p2|Heatran, M|
|poke|p2|Weavile, F|
|poke|p2|Primarina, F|
|poke|p2|Ogerpon, F|
|poke|p2|Pecharunt|
|teampreview
|
|t:|1760809612
|teamsize|p1|6
|teamsize|p2|6
|start
|switch|p1a: Ting-Lu|Ting-Lu|100/100
|switch|p2a: Weavile|Weavile, F|100/100
|-ability|p2a: Weavile|Pressure
|-ability|p1a: Ting-Lu|Vessel of Ruin
|turn|1
|inactive|Battle timer is ON: inactive players will automatically lose when time's up. (requested by MooFarmer)
|inactive|MooFarmer has 120 seconds left.
|
|t:|1760809658
|move|p2a: Weavile|Knock Off|p1a: Ting-Lu
|-resisted|p1a: Ting-Lu
|-damage|p1a: Ting-Lu|82/100
|-enditem|p1a: Ting-Lu|Leftovers|[from] move: Knock Off|[of] p2a: Weavile
|move|p1a: Ting-Lu|Earthquake|p2a: Weavile
|-damage|p2a: Weavile|38/100
|
|upkeep
|turn|2
|inactive|MooFarmer has 120 seconds left.
|
|t:|1760809705
|switch|p2a: Great Tusk|Great Tusk|100/100
|move|p1a: Ting-Lu|Earthquake|p2a: Great Tusk
|-damage|p2a: Great Tusk|75/100
|
|upkeep
|turn|3
|j| mattacker
|inactive|MooFarmer has 90 seconds left.
|l| mattacker
|
|t:|1760809751
|move|p2a: Great Tusk|Close Combat|p1a: Ting-Lu
|-supereffective|p1a: Ting-Lu
|-damage|p1a: Ting-Lu|11/100
|-unboost|p2a: Great Tusk|def|1
|-unboost|p2a: Great Tusk|spd|1
|move|p1a: Ting-Lu|Earthquake|p2a: Great Tusk
|-damage|p2a: Great Tusk|36/100
|
|upkeep
|turn|4
|inactive|MooFarmer has 60 seconds left.
|
|t:|1760809796
|move|p2a: Great Tusk|Close Combat|p1a: Ting-Lu
|-supereffective|p1a: Ting-Lu
|-damage|p1a: Ting-Lu|0 fnt
|-unboost|p2a: Great Tusk|def|1
|-unboost|p2a: Great Tusk|spd|1
|faint|p1a: Ting-Lu
|
|upkeep
|
|t:|1760809805
|switch|p1a: Kyurem|Kyurem|100/100
|-ability|p1a: Kyurem|Pressure
|turn|5
|j| Capitaine Tenace
|
|t:|1760809823
|-end|p2a: Great Tusk|Protosynthesis|[silent]
|switch|p2a: Heatran|Heatran, M|100/100
|-item|p2a: Heatran|Air Balloon
|move|p1a: Kyurem|Earth Power|p2a: Heatran
|-immune|p2a: Heatran
|
|upkeep
|turn|6
|c| Capitaine Tenace|come nfyhsue
|
|t:|1760809831
|switch|p2a: Primarina|Primarina, F|100/100
|move|p1a: Kyurem|Freeze-Dry|p2a: Primarina
|-supereffective|p2a: Primarina
|-damage|p2a: Primarina|65/100
|-status|p2a: Primarina|frz
|
|upkeep
|turn|7
|
|t:|1760809840
|switch|p2a: Weavile|Weavile, F|38/100
|-ability|p2a: Weavile|Pressure
|move|p1a: Kyurem|Substitute|p1a: Kyurem
|-start|p1a: Kyurem|Substitute
|-damage|p1a: Kyurem|75/100
|
|-heal|p1a: Kyurem|82/100|[from] item: Leftovers
|upkeep
|turn|8
|
|t:|1760809848
|move|p1a: Kyurem|Protect|p1a: Kyurem
|-singleturn|p1a: Kyurem|Protect
|move|p2a: Weavile|Knock Off|p1a: Kyurem
|-activate|p1a: Kyurem|move: Protect
|
|-heal|p1a: Kyurem|88/100|[from] item: Leftovers
|upkeep
|turn|9
|j| PIDGEY GORDITO
|inactive|MooFarmer has 60 seconds left.
|l| PIDGEY GORDITO
|
|t:|1760809857
|switch|p2a: Heatran|Heatran, M|100/100
|-item|p2a: Heatran|Air Balloon
|move|p1a: Kyurem|Earth Power|p2a: Heatran
|-immune|p2a: Heatran
|
|-heal|p1a: Kyurem|94/100|[from] item: Leftovers
|upkeep
|turn|10
|
|t:|1760809865
|move|p1a: Kyurem|Freeze-Dry|p2a: Heatran
|-resisted|p2a: Heatran
|-damage|p2a: Heatran|92/100
|-enditem|p2a: Heatran|Air Balloon
|move|p2a: Heatran|Earth Power|p1a: Kyurem
|-end|p1a: Kyurem|Substitute
|
|-heal|p1a: Kyurem|99/100|[from] item: Leftovers
|upkeep
|turn|11
|
|t:|1760809875
|switch|p2a: Primarina|Primarina, F|65/100 frz
|move|p1a: Kyurem|Earth Power|p2a: Primarina
|-damage|p2a: Primarina|48/100 frz
|
|-heal|p1a: Kyurem|100/100|[from] item: Leftovers
|upkeep
|turn|12
|j| UnovaIsTheBestGen
|
|t:|1760809883
|move|p1a: Kyurem|Substitute|p1a: Kyurem
|-start|p1a: Kyurem|Substitute
|-damage|p1a: Kyurem|75/100
|-curestatus|p2a: Primarina|frz|[msg]
|move|p2a: Primarina|Moonblast|p1a: Kyurem
|-supereffective|p1a: Kyurem
|-end|p1a: Kyurem|Substitute
|
|-heal|p1a: Kyurem|82/100|[from] item: Leftovers
|upkeep
|turn|13
|
|t:|1760809892
|move|p1a: Kyurem|Protect|p1a: Kyurem
|-singleturn|p1a: Kyurem|Protect
|move|p2a: Primarina|Moonblast|p1a: Kyurem
|-activate|p1a: Kyurem|move: Protect
|
|-heal|p1a: Kyurem|88/100|[from] item: Leftovers
|upkeep
|turn|14
|
|t:|1760809900
|switch|p1a: Slowking|Slowking-Galar, L99, F|100/100
|move|p2a: Primarina|Moonblast|p1a: Slowking
|-resisted|p1a: Slowking
|-damage|p1a: Slowking|84/100
|
|upkeep
|turn|15
|inactive|MooFarmer has 90 seconds left.
|inactive|MooFarmer has 60 seconds left.
|
|t:|1760809945
|move|p2a: Primarina|Flip Turn|p1a: Slowking
|-damage|p1a: Slowking|68/100
|inactive|nfyhsueryfgius has 120 seconds left.
|
|t:|1760809980
|switch|p2a: Great Tusk|Great Tusk|36/100|[from] Flip Turn
|move|p1a: Slowking|Sludge Bomb|p2a: Great Tusk
|-resisted|p2a: Great Tusk
|-damage|p2a: Great Tusk|12/100
|
|upkeep
|turn|16
|inactive|MooFarmer has 60 seconds left.
|l| UnovaIsTheBestGen
|inactive|MooFarmer has 30 seconds left.
|inactive|MooFarmer has 20 seconds left.
|
|t:|1760810025
|switch|p1a: Corviknight|Corviknight, M|100/100
|-ability|p1a: Corviknight|Pressure
|move|p2a: Great Tusk|Headlong Rush|p1a: Corviknight
|-immune|p1a: Corviknight
|
|upkeep
|turn|17
|inactive|MooFarmer has 30 seconds left this turn.
|
|t:|1760810034
|-end|p2a: Great Tusk|Protosynthesis|[silent]
|switch|p2a: Pecharunt|Pecharunt|100/100
|move|p1a: Corviknight|U-turn|p2a: Pecharunt
|-resisted|p2a: Pecharunt
|-damage|p2a: Pecharunt|99/100
|-damage|p1a: Corviknight|84/100|[from] item: Rocky Helmet|[of] p2a: Pecharunt
|inactive|MooFarmer has 30 seconds left this turn.
|
|t:|1760810043
|switch|p1a: Kyurem|Kyurem|88/100|[from] U-turn
|-ability|p1a: Kyurem|Pressure
|
|-heal|p1a: Kyurem|94/100|[from] item: Leftovers
|upkeep
|turn|18
|inactive|MooFarmer has 30 seconds left.
|
|t:|1760810051
|move|p1a: Kyurem|Earth Power|p2a: Pecharunt
|-supereffective|p2a: Pecharunt
|-damage|p2a: Pecharunt|41/100
|move|p2a: Pecharunt|Shadow Ball|p1a: Kyurem
|-damage|p1a: Kyurem|73/100
|
|-heal|p1a: Kyurem|79/100|[from] item: Leftovers
|upkeep
|turn|19
|
|t:|1760810061
|switch|p2a: Primarina|Primarina, F|48/100
|move|p1a: Kyurem|Earth Power|p2a: Primarina
|-damage|p2a: Primarina|31/100
|
|-heal|p1a: Kyurem|86/100|[from] item: Leftovers
|upkeep
|turn|20
|
|t:|1760810069
|move|p1a: Kyurem|Protect|p1a: Kyurem
|-singleturn|p1a: Kyurem|Protect
|move|p2a: Primarina|Moonblast|p1a: Kyurem
|-activate|p1a: Kyurem|move: Protect
|
|-heal|p1a: Kyurem|92/100|[from] item: Leftovers
|upkeep
|turn|21
|
|t:|1760810078
|move|p1a: Kyurem|Freeze-Dry|p2a: Primarina
|-supereffective|p2a: Primarina
|-damage|p2a: Primarina|0 fnt
|faint|p2a: Primarina
|
|-heal|p1a: Kyurem|98/100|[from] item: Leftovers
|upkeep
|
|t:|1760810082
|switch|p2a: Weavile|Weavile, F|38/100
|-ability|p2a: Weavile|Pressure
|turn|22
|-message|nfyhsueryfgius forfeited.
|
|win|MooFarmer
|raw|MooFarmer's rating: 1802 &rarr; <strong>1820</strong><br />(+18 for winning)
|raw|nfyhsueryfgius's rating: 1769 &rarr; <strong>1751</strong><br />(-18 for losing)
|l|☆nfyhsueryfgius
|player|p2|
|l|☆MooFarmer
|player|p1|
