|j|☆FZPIR
|j|☆ThatFroot
|t:|1760886953
|gametype|singles
|player|p1|FZPIR|2|1278
|player|p2|ThatFroot|red|1208
|gen|9
|tier|[Gen 9] OU
|rated|
|rule|HP Percentage Mod: HP is shown in percentages
|rule|Endless Battle Clause: Forcing endless battles is banned
|rule|Species Clause: Limit one of each Pokémon
|rule|OHKO Clause: OHKO moves are banned
|rule|Evasion Items Clause: Evasion items are banned
|rule|Evasion Moves Clause: Evasion moves are banned
|rule|Evasion Abilities Clause: Evasion abilities are banned
|rule|Sleep Moves Clause: Sleep-inducing moves are banned
|clearpoke
|poke|p1|Kleavor, F|
|poke|p1|Brambleghast, F|
|poke|p1|Mamoswine, M|
|poke|p1|Alomomola, M|
|poke|p1|Lokix, F|
|poke|p1|Corviknight, M|
|poke|p2|Greninja-*, M|
|poke|p2|Salamence, F|
|poke|p2|Excadrill, M|
|poke|p2|Galvantula, M|
|poke|p2|Grimmsnarl, M|
|poke|p2|Magmortar, M|
|teampreview
|
|t:|1760886961
|teamsize|p1|6
|teamsize|p2|6
|start
|switch|p1a: Kleavor|Kleavor, F|100/100
|switch|p2a: Salamence|Salamence, F|100/100
|-ability|p2a: Salamence|Intimidate|boost
|-unboost|p1a: Kleavor|atk|1
|turn|1
|
|t:|1760886968
|move|p1a: Kleavor|Tailwind|p1a: Kleavor
|-sidestart|p1: FZPIR|move: Tailwind
|move|p2a: Salamence|Roar|p1a: Kleavor
|-enditem|p2a: Salamence|Throat Spray
|-boost|p2a: Salamence|spa|1|[from] item: Throat Spray
|drag|p1a: Lokix|Lokix, F|100/100
|
|upkeep
|turn|2
|
|t:|1760886984
|switch|p1a: Kleavor|Kleavor, F|100/100
|move|p2a: Salamence|Air Slash|p1a: Kleavor|[miss]
|-miss|p2a: Salamence|p1a: Kleavor
|
|upkeep
|turn|3
|
|t:|1760886989
|move|p1a: Kleavor|Stone Axe|p2a: Salamence
|-supereffective|p2a: Salamence
|-damage|p2a: Salamence|0 fnt
|-sidestart|p2: ThatFroot|move: Stealth Rock
|faint|p2a: Salamence
|
|upkeep
|
|t:|1760887000
|switch|p2a: Grimmsnarl|Grimmsnarl, M|100/100
|-damage|p2a: Grimmsnarl|88/100|[from] Stealth Rock
|turn|4
|
|t:|1760887007
|move|p2a: Grimmsnarl|Reflect|p2a: Grimmsnarl
|-sidestart|p2: ThatFroot|Reflect
|move|p1a: Kleavor|Stone Axe|p2a: Grimmsnarl|[miss]
|-miss|p1a: Kleavor|p2a: Grimmsnarl
|
|-sideend|p1: FZPIR|move: Tailwind
|upkeep
|turn|5
|
|t:|1760887020
|switch|p1a: Corviknight|Corviknight, M|100/100
|switch|p2a: Greninja|Greninja, M|100/100
|-damage|p2a: Greninja|88/100|[from] Stealth Rock
|
|upkeep
|turn|6
|
|t:|1760887029
|move|p2a: Greninja|Surf|p1a: Corviknight
|-damage|p1a: Corviknight|65/100
|-damage|p2a: Greninja|78/100|[from] item: Life Orb
|move|p1a: Corviknight|Defog|p2a: Greninja
|-unboost|p2a: Greninja|evasion|1
|-sideend|p2: ThatFroot|Reflect
|-sideend|p2: ThatFroot|Stealth Rock|[from] move: Defog|[of] p1a: Corviknight
|
|-heal|p1a: Corviknight|72/100|[from] item: Leftovers
|upkeep
|turn|7
|
|t:|1760887037
|move|p2a: Greninja|Ice Beam|p1a: Corviknight
|-damage|p1a: Corviknight|50/100
|-damage|p2a: Greninja|69/100|[from] item: Life Orb
|move|p1a: Corviknight|Roost|p1a: Corviknight
|-heal|p1a: Corviknight|99/100
|-singleturn|p1a: Corviknight|move: Roost
|
|-heal|p1a: Corviknight|100/100|[from] item: Leftovers
|upkeep
|turn|8
|
|t:|1760887049
|switch|p2a: Galvantula|Galvantula, M|100/100
|move|p1a: Corviknight|Brave Bird|p2a: Galvantula
|-damage|p2a: Galvantula|30/100
|-damage|p1a: Corviknight|84/100|[from] Recoil
|
|-heal|p1a: Corviknight|90/100|[from] item: Leftovers
|upkeep
|turn|9
|
|t:|1760887058
|switch|p1a: Kleavor|Kleavor, F|100/100
|move|p2a: Galvantula|Sticky Web|p1a: Kleavor
|-sidestart|p1: FZPIR|move: Sticky Web
|
|upkeep
|turn|10
|
|t:|1760887064
|move|p2a: Galvantula|Thunder|p1a: Kleavor
|-damage|p1a: Kleavor|18/100
|move|p1a: Kleavor|Tailwind|p1a: Kleavor
|-sidestart|p1: FZPIR|move: Tailwind
|
|upkeep
|turn|11
|
|t:|1760887075
|switch|p2a: Grimmsnarl|Grimmsnarl, M|88/100
|move|p1a: Kleavor|Stone Axe|p2a: Grimmsnarl|[miss]
|-miss|p1a: Kleavor|p2a: Grimmsnarl
|
|upkeep
|turn|12
|
|t:|1760887081
|move|p2a: Grimmsnarl|Reflect|p2a: Grimmsnarl
|-sidestart|p2: ThatFroot|Reflect
|move|p1a: Kleavor|Stone Axe|p2a: Grimmsnarl
|-damage|p2a: Grimmsnarl|67/100
|-sidestart|p2: ThatFroot|move: Stealth Rock
|
|upkeep
|turn|13
|
|t:|1760887088
|switch|p1a: Brambleghast|Brambleghast, F|100/100
|-activate|p1a: Brambleghast|move: Sticky Web
|-unboost|p1a: Brambleghast|spe|1
|-ability|p1a: Brambleghast|Wind Rider|boost
|-boost|p1a: Brambleghast|atk|1
|move|p2a: Grimmsnarl|Play Rough|p1a: Brambleghast|[miss]
|-miss|p2a: Grimmsnarl|p1a: Brambleghast
|
|-sideend|p1: FZPIR|move: Tailwind
|upkeep
|turn|14
|
|t:|1760887101
|switch|p2a: Magmortar|Magmortar, M|100/100
|-damage|p2a: Magmortar|76/100|[from] Stealth Rock
|move|p1a: Brambleghast|Rapid Spin|p2a: Magmortar
|-damage|p2a: Magmortar|50/100
|-boost|p1a: Brambleghast|spe|1
|-sideend|p1: FZPIR|Sticky Web|[from] move: Rapid Spin|[of] p1a: Brambleghast
|-damage|p1a: Brambleghast|91/100|[from] item: Life Orb
|
|upkeep
|turn|15
|
|t:|1760887114
|move|p1a: Brambleghast|Poltergeist|p2a: Magmortar
|-activate|p2a: Magmortar|move: Poltergeist|Power Herb
|-damage|p2a: Magmortar|0 fnt
|faint|p2a: Magmortar
|-damage|p1a: Brambleghast|81/100|[from] item: Life Orb
|
|upkeep
|
|t:|1760887121
|switch|p2a: Excadrill|Excadrill, M|100/100
|-damage|p2a: Excadrill|97/100|[from] Stealth Rock
|-ability|p2a: Excadrill|Mold Breaker
|-item|p2a: Excadrill|Air Balloon
|turn|16
|
|t:|1760887132
|-terastallize|p2a: Excadrill|Ghost
|move|p1a: Brambleghast|Poltergeist|p2a: Excadrill
|-activate|p2a: Excadrill|move: Poltergeist|Air Balloon
|-supereffective|p2a: Excadrill
|-damage|p2a: Excadrill|0 fnt
|-enditem|p2a: Excadrill|Air Balloon
|faint|p2a: Excadrill
|-damage|p1a: Brambleghast|71/100|[from] item: Life Orb
|
|upkeep
|
|t:|1760887141
|switch|p2a: Greninja|Greninja, M|69/100
|-damage|p2a: Greninja|56/100|[from] Stealth Rock
|turn|17
|
|t:|1760887156
|switch|p1a: Kleavor|Kleavor, F|18/100
|move|p2a: Greninja|Dark Pulse|p1a: Kleavor
|-damage|p1a: Kleavor|0 fnt
|faint|p1a: Kleavor
|-ability|p2a: Greninja|Battle Bond|boost
|-boost|p2a: Greninja|atk|1
|-boost|p2a: Greninja|spa|1
|-boost|p2a: Greninja|spe|1
|-activate|p2a: Greninja|ability: Battle Bond
|-damage|p2a: Greninja|46/100|[from] item: Life Orb
|
|upkeep
|l|☆FZPIR
|player|p1|
|j|☆FZPIR
|player|p1|FZPIR|2|
|
|t:|1760887176
|switch|p1a: Lokix|Lokix, F|100/100
|turn|18
|
|t:|1760887182
|-terastallize|p1a: Lokix|Bug
|move|p1a: Lokix|First Impression|p2a: Greninja
|-supereffective|p2a: Greninja
|-damage|p2a: Greninja|0 fnt
|faint|p2a: Greninja
|
|upkeep
|
|t:|1760887188
|switch|p2a: Galvantula|Galvantula, M|30/100
|-damage|p2a: Galvantula|5/100|[from] Stealth Rock
|turn|19
|
|t:|1760887193
|switch|p1a: Brambleghast|Brambleghast, F|71/100
|move|p2a: Galvantula|Thunder|p1a: Brambleghast
|-resisted|p1a: Brambleghast
|-damage|p1a: Brambleghast|28/100
|
|-sideend|p2: ThatFroot|Reflect
|upkeep
|turn|20
|
|t:|1760887202
|move|p2a: Galvantula|Bug Buzz|p1a: Brambleghast
|-damage|p1a: Brambleghast|0 fnt
|faint|p1a: Brambleghast
|
|upkeep
|
|t:|1760887207
|switch|p1a: Lokix|Lokix, F, tera:Bug|100/100
|turn|21
|
|t:|1760887211
|move|p1a: Lokix|First Impression|p2a: Galvantula
|-damage|p2a: Galvantula|0 fnt
|faint|p2a: Galvantula
|
|upkeep
|
|t:|1760887216
|switch|p2a: Grimmsnarl|Grimmsnarl, M|67/100
|-damage|p2a: Grimmsnarl|54/100|[from] Stealth Rock
|turn|22
|
|t:|1760887221
|switch|p1a: Mamoswine|Mamoswine, M|100/100
|move|p2a: Grimmsnarl|Reflect|p2a: Grimmsnarl
|-sidestart|p2: ThatFroot|Reflect
|
|upkeep
|turn|23
|
|t:|1760887225
|move|p2a: Grimmsnarl|Sucker Punch|p1a: Mamoswine
|-damage|p1a: Mamoswine|71/100
|move|p1a: Mamoswine|Earthquake|p2a: Grimmsnarl
|-damage|p2a: Grimmsnarl|31/100
|
|upkeep
|turn|24
|
|t:|1760887230
|move|p1a: Mamoswine|Ice Shard|p2a: Grimmsnarl
|-damage|p2a: Grimmsnarl|22/100
|move|p2a: Grimmsnarl|Play Rough|p1a: Mamoswine
|-damage|p1a: Mamoswine|34/100
|-unboost|p1a: Mamoswine|atk|1
|
|upkeep
|turn|25
|
|t:|1760887237
|move|p1a: Mamoswine|Icicle Crash|p2a: Grimmsnarl
|-damage|p2a: Grimmsnarl|10/100
|move|p2a: Grimmsnarl|Play Rough|p1a: Mamoswine
|-damage|p1a: Mamoswine|0 fnt
|faint|p1a: Mamoswine
|
|upkeep
|
|t:|1760887244
|switch|p1a: Lokix|Lokix, F, tera:Bug|100/100
|turn|26
|
|t:|1760887246
|move|p1a: Lokix|First Impression|p2a: Grimmsnarl
|-damage|p2a: Grimmsnarl|0 fnt
|faint|p2a: Grimmsnarl
|
|win|FZPIR
|raw|FZPIR's rating: 1278 &rarr; <strong>1298</strong><br />(+20 for winning)
|raw|ThatFroot's rating: 1208 &rarr; <strong>1188</strong><br />(-20 for losing)
|l|☆ThatFroot
|player|p2|
|l|☆FZPIR
|player|p1|
