|j|☆Pumpkinsausage1
|j|☆karane yui
|t:|1760857681
|gametype|singles
|player|p1|Pumpkinsausage1|102|1169
|player|p2|karane yui|flannery|1213
|gen|9
|tier|[Gen 9] OU
|rated|
|rule|HP Percentage Mod: HP is shown in percentages
|rule|Endless Battle Clause: Forcing endless battles is banned
|rule|Species Clause: Limit one of each Pokémon
|rule|OHKO Clause: OHKO moves are banned
|rule|Evasion Items Clause: Evasion items are banned
|rule|Evasion Moves Clause: Evasion moves are banned
|rule|Evasion Abilities Clause: Evasion abilities are banned
|rule|Sleep Moves Clause: Sleep-inducing moves are banned
|clearpoke
|poke|p1|Feraligatr, M|
|poke|p1|Tyranitar, M|
|poke|p1|Crawdaunt, F|
|poke|p1|Slowbro-Galar, F|
|poke|p1|Persian-Alola, F|
|poke|p1|Talonflame, F|
|poke|p2|Ogerpon-Wellspring, F|
|poke|p2|Armarouge, F|
|poke|p2|Darkrai|
|poke|p2|Ursaluna, F|
|poke|p2|Ceruledge, M|
|poke|p2|Tinkaton, F|
|teampreview
|inactive|Battle timer is ON: inactive players will automatically lose when time's up. (requested by karane yui)
|inactive|karane yui has 120 seconds left.
|
|t:|1760857717
|teamsize|p1|6
|teamsize|p2|6
|start
|switch|p1a: Persian|Persian-Alola, F|100/100
|switch|p2a: Darkrai|Darkrai|100/100
|turn|1
|
|t:|1760857724
|move|p2a: Darkrai|Focus Blast|p1a: Persian
|-supereffective|p1a: Persian
|-damage|p1a: Persian|0 fnt
|faint|p1a: Persian
|
|upkeep
|
|t:|1760857731
|switch|p1a: Slowbro|Slowbro-Galar, F|100/100
|turn|2
|
|t:|1760857739
|switch|p2a: Tinkaton|Tinkaton, F|100/100
|-ability|p2a: Tinkaton|Mold Breaker
|-terastallize|p1a: Slowbro|Fighting
|move|p1a: Slowbro|Curse|p1a: Slowbro
|-unboost|p1a: Slowbro|spe|1
|-boost|p1a: Slowbro|atk|1
|-boost|p1a: Slowbro|def|1
|
|upkeep
|turn|3
|-activate|p1a: Slowbro|item: Quick Claw
|
|t:|1760857750
|move|p1a: Slowbro|Earthquake|p2a: Tinkaton
|-supereffective|p2a: Tinkaton
|-damage|p2a: Tinkaton|48/100
|move|p2a: Tinkaton|Thunder Wave|p1a: Slowbro
|-status|p1a: Slowbro|par
|
|upkeep
|turn|4
|-activate|p1a: Slowbro|item: Quick Claw
|
|t:|1760857773
|move|p1a: Slowbro|Curse|p1a: Slowbro
|-unboost|p1a: Slowbro|spe|1
|-boost|p1a: Slowbro|atk|1
|-boost|p1a: Slowbro|def|1
|move|p2a: Tinkaton|Knock Off|p1a: Slowbro
|-resisted|p1a: Slowbro
|-damage|p1a: Slowbro|97/100 par
|-enditem|p1a: Slowbro|Quick Claw|[from] move: Knock Off|[of] p2a: Tinkaton
|
|upkeep
|turn|5
|
|t:|1760857782
|move|p2a: Tinkaton|Foul Play|p1a: Slowbro
|-resisted|p1a: Slowbro
|-damage|p1a: Slowbro|87/100 par
|cant|p1a: Slowbro|par
|
|upkeep
|turn|6
|
|t:|1760857788
|move|p2a: Tinkaton|Foul Play|p1a: Slowbro
|-resisted|p1a: Slowbro
|-damage|p1a: Slowbro|77/100 par
|cant|p1a: Slowbro|par
|
|upkeep
|turn|7
|
|t:|1760857807
|switch|p2a: Ogerpon|Ogerpon-Wellspring, F|100/100
|cant|p1a: Slowbro|par
|
|upkeep
|turn|8
|-activate|p1a: Slowbro|ability: Quick Draw
|
|t:|1760857818
|move|p1a: Slowbro|Shell Side Arm|p2a: Ogerpon|[anim] Shell Side Arm Physical
|-supereffective|p2a: Ogerpon
|-damage|p2a: Ogerpon|0 fnt
|-hint|Physical Shell Side Arm
|faint|p2a: Ogerpon
|
|upkeep
|
|t:|1760857828
|switch|p2a: Armarouge|Armarouge, F|100/100
|turn|9
|-activate|p1a: Slowbro|ability: Quick Draw
|
|t:|1760857836
|move|p2a: Armarouge|Endure|p2a: Armarouge
|-singleturn|p2a: Armarouge|move: Endure
|move|p1a: Slowbro|Earthquake|p2a: Armarouge
|-supereffective|p2a: Armarouge
|-activate|p2a: Armarouge|move: Endure
|-damage|p2a: Armarouge|1/100
|-ability|p2a: Armarouge|Weak Armor|boost
|-unboost|p2a: Armarouge|def|1
|-boost|p2a: Armarouge|spe|2
|-enditem|p2a: Armarouge|Weakness Policy
|-boost|p2a: Armarouge|atk|2|[from] item: Weakness Policy
|-boost|p2a: Armarouge|spa|2|[from] item: Weakness Policy
|
|upkeep
|turn|10
|-activate|p1a: Slowbro|ability: Quick Draw
|
|t:|1760857852
|cant|p1a: Slowbro|par
|move|p2a: Armarouge|Armor Cannon|p1a: Slowbro
|-damage|p1a: Slowbro|0 fnt
|-unboost|p2a: Armarouge|def|1
|-unboost|p2a: Armarouge|spd|1
|faint|p1a: Slowbro
|
|upkeep
|
|t:|1760857879
|switch|p1a: Tyranitar|Tyranitar, M|100/100
|-weather|Sandstorm|[from] ability: Sand Stream|[of] p1a: Tyranitar
|turn|11
|
|t:|1760857892
|switch|p1a: Crawdaunt|Crawdaunt, F|100/100
|move|p2a: Armarouge|Energy Ball|p1a: Crawdaunt
|-supereffective|p1a: Crawdaunt
|-damage|p1a: Crawdaunt|0 fnt
|faint|p1a: Crawdaunt
|
|-weather|Sandstorm|[upkeep]
|-damage|p2a: Armarouge|0 fnt|[from] Sandstorm
|faint|p2a: Armarouge
|upkeep
|
|t:|1760857909
|switch|p2a: Ursaluna|Ursaluna, F|100/100
|switch|p1a: Feraligatr|Feraligatr, M|100/100
|turn|12
|
|t:|1760857916
|-terastallize|p2a: Ursaluna|Normal
|move|p1a: Feraligatr|Dragon Dance|p1a: Feraligatr
|-boost|p1a: Feraligatr|atk|1
|-boost|p1a: Feraligatr|spe|1
|move|p2a: Ursaluna|Swords Dance|p2a: Ursaluna
|-boost|p2a: Ursaluna|atk|2
|
|-weather|Sandstorm|[upkeep]
|-damage|p1a: Feraligatr|94/100|[from] Sandstorm
|-damage|p2a: Ursaluna|94/100|[from] Sandstorm
|-status|p2a: Ursaluna|brn|[from] item: Flame Orb
|upkeep
|turn|13
|
|t:|1760857924
|move|p1a: Feraligatr|Liquidation|p2a: Ursaluna
|-damage|p2a: Ursaluna|17/100 brn
|move|p2a: Ursaluna|Facade|p1a: Feraligatr
|-damage|p1a: Feraligatr|0 fnt
|faint|p1a: Feraligatr
|
|-weather|Sandstorm|[upkeep]
|-damage|p2a: Ursaluna|11/100 brn|[from] Sandstorm
|-damage|p2a: Ursaluna|4/100 brn|[from] brn
|upkeep
|
|t:|1760857931
|switch|p1a: Talonflame|Talonflame, F|100/100
|turn|14
|
|t:|1760857935
|move|p1a: Talonflame|U-turn|p2a: Ursaluna
|-damage|p2a: Ursaluna|0 fnt
|faint|p2a: Ursaluna
|
|t:|1760857937
|switch|p1a: Tyranitar|Tyranitar, M|100/100|[from] U-turn
|
|-weather|Sandstorm|[upkeep]
|upkeep
|
|t:|1760857960
|switch|p2a: Tinkaton|Tinkaton, F|48/100
|-ability|p2a: Tinkaton|Mold Breaker
|turn|15
|inactive|Pumpkinsausage1 has 120 seconds left.
|inactive|Pumpkinsausage1 has 90 seconds left.
|inactive|Pumpkinsausage1 has 60 seconds left.
|inactive|Pumpkinsausage1 has 30 seconds left.
|c|☆karane yui|ezez
|inactive|Pumpkinsausage1 has 20 seconds left.
|inactive|Pumpkinsausage1 has 15 seconds left.
|c|☆karane yui|Ta com medo
|inactive|Pumpkinsausage1 has 10 seconds left.
|c|☆karane yui|Newba
|inactive|Pumpkinsausage1 has 5 seconds left.
|c|☆karane yui|Podre
|-message|Pumpkinsausage1 lost due to inactivity.
|
|win|karane yui
|raw|Pumpkinsausage1's rating: 1169 &rarr; <strong>1147</strong><br />(-22 for losing)
|raw|karane yui's rating: 1213 &rarr; <strong>1235</strong><br />(+22 for winning)
|l|☆karane yui
|player|p2|
|l|☆Pumpkinsausage1
|player|p1|
