|j|☆skun105
|j|‽Ryota Garcia
|t:|1760721362
|gametype|singles
|player|p1|skun105|1|1057
|player|p2|Ryota Garcia|riley|1113
|gen|9
|tier|[Gen 9] OU
|rated|
|rule|HP Percentage Mod: HP is shown in percentages
|rule|Endless Battle Clause: Forcing endless battles is banned
|rule|Species Clause: Limit one of each Pokémon
|rule|OHKO Clause: OHKO moves are banned
|rule|Evasion Items Clause: Evasion items are banned
|rule|Evasion Moves Clause: Evasion moves are banned
|rule|Evasion Abilities Clause: Evasion abilities are banned
|rule|Sleep Moves Clause: Sleep-inducing moves are banned
|clearpoke
|poke|p1|Metagross|
|poke|p1|Glimmora, M|
|poke|p1|Salazzle, F|
|poke|p1|Skuntank, F|
|poke|p1|Kingambit, F|
|poke|p1|Primarina, M|
|poke|p2|Zapdos|
|poke|p2|Chandelure, F|
|poke|p2|Dondozo, M|
|poke|p2|Excadrill, M|
|poke|p2|Grafaiai, F|
|poke|p2|Toxicroak, F|
|teampreview
|inactive|Battle timer is ON: inactive players will automatically lose when time's up. (requested by Ryota Garcia)
|
|t:|1760721379
|teamsize|p1|6
|teamsize|p2|6
|start
|switch|p1a: Glimmora|Glimmora, M|100/100
|switch|p2a: Grafaiai|Grafaiai, F, shiny|100/100
|turn|1
|inactive|skun105 has 120 seconds left.
|
|t:|1760721414
|move|p2a: Grafaiai|Knock Off|p1a: Glimmora
|-damage|p1a: Glimmora|73/100
|-enditem|p1a: Glimmora|Leftovers|[from] move: Knock Off|[of] p2a: Grafaiai
|move|p1a: Glimmora|Mortal Spin|p2a: Grafaiai
|-resisted|p2a: Grafaiai
|-damage|p2a: Grafaiai|94/100
|-status|p2a: Grafaiai|psn
|
|-damage|p2a: Grafaiai|81/100 psn|[from] psn
|upkeep
|turn|2
|inactive|skun105 has 120 seconds left.
|
|t:|1760721434
|move|p1a: Glimmora|Spiky Shield|p1a: Glimmora
|-singleturn|p1a: Glimmora|move: Protect
|move|p2a: Grafaiai|Parting Shot|p1a: Glimmora
|-activate|p1a: Glimmora|move: Protect
|
|-damage|p2a: Grafaiai|69/100 psn|[from] psn
|upkeep
|turn|3
|inactive|skun105 has 120 seconds left.
|
|t:|1760721449
|move|p2a: Grafaiai|Parting Shot|p1a: Glimmora
|-unboost|p1a: Glimmora|atk|1
|-unboost|p1a: Glimmora|spa|1
|
|t:|1760721453
|switch|p2a: Excadrill|Excadrill, M|100/100|[from] Parting Shot
|-ability|p2a: Excadrill|Mold Breaker
|move|p1a: Glimmora|Reflect|p1a: Glimmora
|-sidestart|p1: skun105|Reflect
|
|upkeep
|turn|4
|inactive|skun105 has 120 seconds left.
|
|t:|1760721469
|switch|p1a: Primarina|Primarina, M|100/100
|move|p2a: Excadrill|Earthquake|p1a: Primarina
|-damage|p1a: Primarina|72/100
|
|-heal|p1a: Primarina|78/100|[from] item: Leftovers
|upkeep
|turn|5
|inactive|skun105 has 120 seconds left.
|
|t:|1760721492
|-terastallize|p2a: Excadrill|Fairy
|move|p1a: Primarina|Aqua Jet|p2a: Excadrill
|-damage|p2a: Excadrill|88/100
|move|p2a: Excadrill|Rapid Spin|p1a: Primarina
|-damage|p1a: Primarina|68/100
|-boost|p2a: Excadrill|spe|1
|
|-heal|p1a: Primarina|74/100|[from] item: Leftovers
|upkeep
|turn|6
|
|t:|1760721502
|move|p2a: Excadrill|Rapid Spin|p1a: Primarina
|-damage|p1a: Primarina|63/100
|-boost|p2a: Excadrill|spe|1
|move|p1a: Primarina|Perish Song|p1a: Primarina
|-start|p1a: Primarina|perish3|[silent]
|-start|p2a: Excadrill|perish3|[silent]
|-fieldactivate|move: Perish Song
|
|-heal|p1a: Primarina|69/100|[from] item: Leftovers
|-start|p2a: Excadrill|perish3
|-start|p1a: Primarina|perish3
|upkeep
|turn|7
|
|t:|1760721518
|switch|p1a: Glimmora|Glimmora, M|73/100
|move|p2a: Excadrill|Iron Head|p1a: Glimmora
|-supereffective|p1a: Glimmora
|-damage|p1a: Glimmora|34/100
|
|-start|p2a: Excadrill|perish2
|-sideend|p1: skun105|Reflect
|upkeep
|turn|8
|
|t:|1760721528
|move|p1a: Glimmora|Spiky Shield|p1a: Glimmora
|-singleturn|p1a: Glimmora|move: Protect
|move|p2a: Excadrill|Earthquake|p1a: Glimmora
|-activate|p1a: Glimmora|move: Protect
|
|-start|p2a: Excadrill|perish1
|upkeep
|turn|9
|
|t:|1760721538
|switch|p2a: Grafaiai|Grafaiai, F, shiny|69/100 psn
|move|p1a: Glimmora|Spiky Shield||[still]
|-fail|p1a: Glimmora
|
|-damage|p2a: Grafaiai|57/100 psn|[from] psn
|upkeep
|turn|10
|
|t:|1760721546
|move|p2a: Grafaiai|Parting Shot|p1a: Glimmora
|-unboost|p1a: Glimmora|atk|1
|-unboost|p1a: Glimmora|spa|1
|
|t:|1760721554
|switch|p2a: Dondozo|Dondozo, M, shiny|100/100|[from] Parting Shot
|move|p1a: Glimmora|Venoshock|p2a: Dondozo
|-damage|p2a: Dondozo|81/100
|
|-heal|p2a: Dondozo|88/100|[from] item: Leftovers
|upkeep
|turn|11
|
|t:|1760721564
|move|p1a: Glimmora|Mortal Spin|p2a: Dondozo
|-damage|p2a: Dondozo|84/100
|-status|p2a: Dondozo|psn
|move|p2a: Dondozo|Earthquake|p1a: Glimmora
|-supereffective|p1a: Glimmora
|-damage|p1a: Glimmora|0 fnt
|faint|p1a: Glimmora
|
|-heal|p2a: Dondozo|90/100 psn|[from] item: Leftovers
|-damage|p2a: Dondozo|77/100 psn|[from] psn
|upkeep
|
|t:|1760721575
|switch|p1a: Metagross|Metagross, shiny|100/100
|turn|12
|
|t:|1760721584
|switch|p2a: Grafaiai|Grafaiai, F, shiny|57/100 psn
|move|p1a: Metagross|Trailblaze|p2a: Grafaiai
|-resisted|p2a: Grafaiai
|-damage|p2a: Grafaiai|38/100 psn
|-boost|p1a: Metagross|spe|1
|
|-damage|p2a: Grafaiai|25/100 psn|[from] psn
|upkeep
|turn|13
|
|t:|1760721594
|move|p2a: Grafaiai|Knock Off|p1a: Metagross
|-supereffective|p1a: Metagross
|-damage|p1a: Metagross|60/100
|-damage|p2a: Grafaiai|9/100 psn|[from] item: Rocky Helmet|[of] p1a: Metagross
|-enditem|p1a: Metagross|Rocky Helmet|[from] move: Knock Off|[of] p2a: Grafaiai
|move|p1a: Metagross|Body Press|p2a: Grafaiai
|-damage|p2a: Grafaiai|0 fnt
|faint|p2a: Grafaiai
|
|upkeep
|
|t:|1760721605
|switch|p2a: Zapdos|Zapdos|100/100
|turn|14
|
|t:|1760721611
|move|p2a: Zapdos|Heat Wave|p1a: Metagross
|-supereffective|p1a: Metagross
|-damage|p1a: Metagross|0 fnt
|faint|p1a: Metagross
|-damage|p2a: Zapdos|91/100|[from] item: Life Orb
|
|upkeep
|
|t:|1760721615
|switch|p1a: Skuntank|Skuntank, F, shiny|100/100
|turn|15
|
|t:|1760721625
|move|p2a: Zapdos|Thunderbolt|p1a: Skuntank
|-damage|p1a: Skuntank|37/100
|-damage|p2a: Zapdos|81/100|[from] item: Life Orb
|move|p1a: Skuntank|Toxic Spikes|p2a: Zapdos
|-sidestart|p2: Ryota Garcia|move: Toxic Spikes
|
|-heal|p1a: Skuntank|43/100|[from] item: Leftovers
|upkeep
|turn|16
|
|t:|1760721637
|move|p1a: Skuntank|Protect|p1a: Skuntank
|-singleturn|p1a: Skuntank|Protect
|move|p2a: Zapdos|Thunderbolt|p1a: Skuntank
|-activate|p1a: Skuntank|move: Protect
|
|-heal|p1a: Skuntank|49/100|[from] item: Leftovers
|upkeep
|turn|17
|
|t:|1760721646
|move|p2a: Zapdos|Thunderbolt|p1a: Skuntank
|-damage|p1a: Skuntank|0 fnt
|faint|p1a: Skuntank
|-damage|p2a: Zapdos|71/100|[from] item: Life Orb
|
|upkeep
|
|t:|1760721650
|switch|p1a: Primarina|Primarina, M|69/100
|turn|18
|
|t:|1760721655
|move|p2a: Zapdos|Thunderbolt|p1a: Primarina
|-supereffective|p1a: Primarina
|-damage|p1a: Primarina|0 fnt
|faint|p1a: Primarina
|-damage|p2a: Zapdos|61/100|[from] item: Life Orb
|
|upkeep
|
|t:|1760721658
|switch|p1a: Salazzle|Salazzle, F, shiny|100/100
|turn|19
|
|t:|1760721670
|move|p1a: Salazzle|Fake Out|p2a: Zapdos
|-damage|p2a: Zapdos|53/100
|cant|p2a: Zapdos|flinch
|
|upkeep
|turn|20
|
|t:|1760721679
|move|p1a: Salazzle|Heat Wave|p2a: Zapdos
|-damage|p2a: Zapdos|5/100
|move|p2a: Zapdos|Agility|p2a: Zapdos
|-boost|p2a: Zapdos|spe|2
|
|upkeep
|turn|21
|
|t:|1760721689
|move|p2a: Zapdos|Roost|p2a: Zapdos
|-heal|p2a: Zapdos|55/100
|-singleturn|p2a: Zapdos|move: Roost
|move|p1a: Salazzle|Venoshock|p2a: Zapdos
|-damage|p2a: Zapdos|21/100
|
|upkeep
|turn|22
|
|t:|1760721696
|move|p2a: Zapdos|Roost|p2a: Zapdos
|-heal|p2a: Zapdos|72/100
|-singleturn|p2a: Zapdos|move: Roost
|move|p1a: Salazzle|Poison Gas|p2a: Zapdos
|-status|p2a: Zapdos|psn
|
|-damage|p2a: Zapdos|59/100 psn|[from] psn
|upkeep
|turn|23
|
|t:|1760721708
|move|p2a: Zapdos|Thunderbolt|p1a: Salazzle
|-damage|p1a: Salazzle|2/100
|-damage|p2a: Zapdos|49/100 psn|[from] item: Life Orb
|move|p1a: Salazzle|Venoshock|p2a: Zapdos
|-damage|p2a: Zapdos|0 fnt
|faint|p2a: Zapdos
|
|-heal|p1a: Salazzle|8/100|[from] item: Leftovers
|upkeep
|
|t:|1760721724
|switch|p2a: Toxicroak|Toxicroak, F|100/100
|-sideend|p2: Ryota Garcia|move: Toxic Spikes|[of] p2a: Toxicroak
|turn|24
|
|t:|1760721731
|move|p1a: Salazzle|Heat Wave|p2a: Toxicroak
|-damage|p2a: Toxicroak|34/100
|move|p2a: Toxicroak|Drain Punch|p1a: Salazzle
|-resisted|p1a: Salazzle
|-damage|p1a: Salazzle|0 fnt
|-heal|p2a: Toxicroak|37/100|[from] drain|[of] p1a: Salazzle
|faint|p1a: Salazzle
|
|upkeep
|
|t:|1760721735
|switch|p1a: Kingambit|Kingambit, F, shiny|100/100
|-activate|p1a: Kingambit|ability: Supreme Overlord
|-start|p1a: Kingambit|fallen5|[silent]
|turn|25
|
|t:|1760721757
|-terastallize|p1a: Kingambit|Normal
|move|p2a: Toxicroak|Drain Punch|p1a: Kingambit
|-supereffective|p1a: Kingambit
|-damage|p1a: Kingambit|57/100
|-heal|p2a: Toxicroak|63/100|[from] drain|[of] p1a: Kingambit
|-status|p1a: Kingambit|psn|[from] ability: Poison Touch|[of] p2a: Toxicroak
|move|p1a: Kingambit|Swords Dance|p1a: Kingambit
|-boost|p1a: Kingambit|atk|2
|
|-damage|p1a: Kingambit|45/100 psn|[from] psn
|upkeep
|turn|26
|
|t:|1760721770
|move|p2a: Toxicroak|Protect|p2a: Toxicroak
|-singleturn|p2a: Toxicroak|Protect
|move|p1a: Kingambit|Sucker Punch||[still]
|-fail|p1a: Kingambit
|
|-damage|p1a: Kingambit|33/100 psn|[from] psn
|upkeep
|turn|27
|
|t:|1760721778
|move|p2a: Toxicroak|Protect||[still]
|-fail|p2a: Toxicroak
|move|p1a: Kingambit|Sucker Punch||[still]
|-fail|p1a: Kingambit
|
|-damage|p1a: Kingambit|20/100 psn|[from] psn
|upkeep
|turn|28
|
|t:|1760721785
|move|p2a: Toxicroak|Protect|p2a: Toxicroak
|-singleturn|p2a: Toxicroak|Protect
|move|p1a: Kingambit|Sucker Punch||[still]
|-fail|p1a: Kingambit
|
|-damage|p1a: Kingambit|8/100 psn|[from] psn
|upkeep
|turn|29
|
|t:|1760721794
|move|p2a: Toxicroak|Protect||[still]
|-fail|p2a: Toxicroak
|move|p1a: Kingambit|Sucker Punch||[still]
|-fail|p1a: Kingambit
|
|-damage|p1a: Kingambit|0 fnt|[from] psn
|faint|p1a: Kingambit
|-end|p1a: Kingambit|fallen5|[silent]
|
|win|Ryota Garcia
|raw|skun105's rating: 1057 &rarr; <strong>1041</strong><br />(-16 for losing)
|raw|Ryota Garcia's rating: 1113 &rarr; <strong>1134</strong><br />(+21 for winning)
|c|☆skun105|gay
|l|☆skun105
|player|p1|
