|j|☆tasin01
|j|☆spoons_R_bent
|t:|1760850937
|gametype|singles
|player|p1|tasin01|2|1164
|player|p2|spoons_R_bent|clerkf|1123
|gen|9
|tier|[Gen 9] OU
|rated|
|rule|HP Percentage Mod: HP is shown in percentages
|rule|Endless Battle Clause: Forcing endless battles is banned
|rule|Species Clause: Limit one of each Pokémon
|rule|OHKO Clause: OHKO moves are banned
|rule|Evasion Items Clause: Evasion items are banned
|rule|Evasion Moves Clause: Evasion moves are banned
|rule|Evasion Abilities Clause: Evasion abilities are banned
|rule|Sleep Moves Clause: Sleep-inducing moves are banned
|clearpoke
|poke|p1|Iron Valiant|
|poke|p1|Gliscor, F|
|poke|p1|Slowking-Galar, M|
|poke|p1|Great Tusk|
|poke|p1|Dragapult, M|
|poke|p1|Skarmory, F|
|poke|p2|Ninetales, F|
|poke|p2|Rillaboom, M|
|poke|p2|Leavanny, F|
|poke|p2|Lilligant-Hisui, F|
|poke|p2|Cinderace, M|
|poke|p2|Skeledirge, F|
|teampreview
|
|t:|1760850943
|teamsize|p1|6
|teamsize|p2|6
|start
|switch|p1a: Great Tusk|Great Tusk|100/100
|switch|p2a: Believe it!|Ninetales, F, shiny|100/100
|-weather|SunnyDay|[from] ability: Drought|[of] p2a: Believe it!
|-activate|p1a: Great Tusk|ability: Protosynthesis
|-start|p1a: Great Tusk|protosynthesisatk
|turn|1
|inactive|Battle timer is ON: inactive players will automatically lose when time's up. (requested by spoons_R_bent)
|
|t:|1760850956
|switch|p2a: Old Greg|Rillaboom, M|100/100
|-fieldstart|move: Grassy Terrain|[from] ability: Grassy Surge|[of] p2a: Old Greg
|move|p1a: Great Tusk|Headlong Rush|p2a: Old Greg
|-resisted|p2a: Old Greg
|-damage|p2a: Old Greg|65/100
|-unboost|p1a: Great Tusk|def|1
|-unboost|p1a: Great Tusk|spd|1
|
|-weather|SunnyDay|[upkeep]
|-heal|p2a: Old Greg|71/100|[from] Grassy Terrain
|upkeep
|turn|2
|
|t:|1760850969
|-terastallize|p1a: Great Tusk|Steel
|move|p1a: Great Tusk|Ice Spinner|p2a: Old Greg
|-supereffective|p2a: Old Greg
|-damage|p2a: Old Greg|3/100
|-fieldend|move: Grassy Terrain
|move|p2a: Old Greg|Knock Off|p1a: Great Tusk
|-damage|p1a: Great Tusk|66/100
|-enditem|p1a: Great Tusk|Heavy-Duty Boots|[from] move: Knock Off|[of] p2a: Old Greg
|
|-weather|SunnyDay|[upkeep]
|upkeep
|turn|3
|
|t:|1760850981
|move|p1a: Great Tusk|Rapid Spin|p2a: Old Greg
|-damage|p2a: Old Greg|0 fnt
|-boost|p1a: Great Tusk|spe|1
|faint|p2a: Old Greg
|
|-weather|SunnyDay|[upkeep]
|upkeep
|
|t:|1760850989
|switch|p2a: The DIRGE|Skeledirge, F|100/100
|turn|4
|
|t:|1760850996
|-terastallize|p2a: The DIRGE|Normal
|move|p1a: Great Tusk|Headlong Rush|p2a: The DIRGE
|-damage|p2a: The DIRGE|42/100
|-unboost|p1a: Great Tusk|def|1
|-unboost|p1a: Great Tusk|spd|1
|-enditem|p2a: The DIRGE|Sitrus Berry|[eat]
|-heal|p2a: The DIRGE|67/100|[from] item: Sitrus Berry
|move|p2a: The DIRGE|Torch Song|p1a: Great Tusk
|-supereffective|p1a: Great Tusk
|-damage|p1a: Great Tusk|0 fnt
|-boost|p2a: The DIRGE|spa|1
|faint|p1a: Great Tusk
|-end|p1a: Great Tusk|Protosynthesis|[silent]
|
|-weather|SunnyDay|[upkeep]
|upkeep
|
|t:|1760851009
|switch|p1a: Iron Valiant|Iron Valiant|100/100
|turn|5
|
|t:|1760851022
|switch|p2a: She's Footloose|Lilligant-Hisui, F|100/100
|move|p1a: Iron Valiant|Moonblast|p2a: She's Footloose
|-supereffective|p2a: She's Footloose
|-damage|p2a: She's Footloose|0 fnt
|faint|p2a: She's Footloose
|
|-weather|SunnyDay|[upkeep]
|upkeep
|
|t:|1760851031
|switch|p2a: Vegan Wrap|Leavanny, F|100/100
|turn|6
|
|t:|1760851036
|-end|p1a: Iron Valiant|Quark Drive|[silent]
|switch|p1a: Skarmory|Skarmory, F|100/100
|move|p2a: Vegan Wrap|Knock Off|p1a: Skarmory
|-damage|p1a: Skarmory|85/100
|-damage|p2a: Vegan Wrap|84/100|[from] item: Rocky Helmet|[of] p1a: Skarmory
|-enditem|p1a: Skarmory|Rocky Helmet|[from] move: Knock Off|[of] p2a: Vegan Wrap
|
|-weather|SunnyDay|[upkeep]
|upkeep
|turn|7
|
|t:|1760851047
|switch|p2a: Football Bruv|Cinderace, M|100/100
|move|p1a: Skarmory|Brave Bird|p2a: Football Bruv
|-damage|p2a: Football Bruv|48/100
|-damage|p1a: Skarmory|69/100|[from] Recoil
|
|-weather|SunnyDay|[upkeep]
|upkeep
|turn|8
|
|t:|1760851056
|move|p2a: Football Bruv|Pyro Ball|p1a: Skarmory
|-supereffective|p1a: Skarmory
|-damage|p1a: Skarmory|0 fnt
|faint|p1a: Skarmory
|
|-weather|none
|upkeep
|
|t:|1760851068
|switch|p1a: Dragapult|Dragapult, M|100/100
|turn|9
|
|t:|1760851073
|switch|p2a: Believe it!|Ninetales, F, shiny|100/100
|-weather|SunnyDay|[from] ability: Drought|[of] p2a: Believe it!
|move|p1a: Dragapult|Dragon Darts|p2a: Believe it!
|-damage|p2a: Believe it!|76/100
|-anim|p1a: Dragapult|Dragon Darts|p2a: Believe it!
|-damage|p2a: Believe it!|50/100
|
|-weather|SunnyDay|[upkeep]
|upkeep
|turn|10
|
|t:|1760851090
|switch|p2a: The DIRGE|Skeledirge, F, tera:Normal|67/100
|move|p1a: Dragapult|Dragon Darts|p2a: The DIRGE
|-damage|p2a: The DIRGE|51/100
|-anim|p1a: Dragapult|Dragon Darts|p2a: The DIRGE
|-damage|p2a: The DIRGE|35/100
|
|-weather|SunnyDay|[upkeep]
|upkeep
|turn|11
|
|t:|1760851100
|move|p1a: Dragapult|Will-O-Wisp|p2a: The DIRGE
|-status|p2a: The DIRGE|brn
|move|p2a: The DIRGE|Hex|p1a: Dragapult
|-supereffective|p1a: Dragapult
|-damage|p1a: Dragapult|25/100
|
|-weather|SunnyDay|[upkeep]
|-damage|p2a: The DIRGE|29/100 brn|[from] brn
|upkeep
|turn|12
|
|t:|1760851111
|move|p1a: Dragapult|U-turn|p2a: The DIRGE
|-damage|p2a: The DIRGE|13/100 brn
|
|t:|1760851114
|switch|p1a: Gliscor|Gliscor, F|100/100|[from] U-turn
|move|p2a: The DIRGE|Torch Song|p1a: Gliscor
|-damage|p1a: Gliscor|57/100
|-boost|p2a: The DIRGE|spa|1
|
|-weather|SunnyDay|[upkeep]
|-damage|p2a: The DIRGE|7/100 brn|[from] brn
|-status|p1a: Gliscor|tox|[from] item: Toxic Orb
|upkeep
|turn|13
|
|t:|1760851127
|switch|p2a: Vegan Wrap|Leavanny, F|84/100
|move|p1a: Gliscor|U-turn|p2a: Vegan Wrap
|-supereffective|p2a: Vegan Wrap
|-damage|p2a: Vegan Wrap|31/100
|
|t:|1760851131
|switch|p1a: Dragapult|Dragapult, M|25/100|[from] U-turn
|
|-weather|SunnyDay|[upkeep]
|upkeep
|turn|14
|
|t:|1760851138
|move|p2a: Vegan Wrap|Knock Off|p1a: Dragapult
|-supereffective|p1a: Dragapult
|-damage|p1a: Dragapult|0 fnt
|-enditem|p1a: Dragapult|Heavy-Duty Boots|[from] move: Knock Off|[of] p2a: Vegan Wrap
|faint|p1a: Dragapult
|
|-weather|SunnyDay|[upkeep]
|upkeep
|
|t:|1760851144
|switch|p1a: Slowking|Slowking-Galar, M|100/100
|turn|15
|
|t:|1760851149
|move|p2a: Vegan Wrap|Leaf Storm|p1a: Slowking
|-resisted|p1a: Slowking
|-damage|p1a: Slowking|85/100
|-unboost|p2a: Vegan Wrap|spa|2
|-enditem|p2a: Vegan Wrap|Eject Pack
|
|t:|1760851155
|switch|p2a: Believe it!|Ninetales, F, shiny|50/100
|move|p1a: Slowking|Future Sight|p2a: Believe it!
|-start|p1a: Slowking|move: Future Sight
|
|-weather|SunnyDay|[upkeep]
|upkeep
|turn|16
|
|t:|1760851164
|move|p2a: Believe it!|Disable|p1a: Slowking
|-start|p1a: Slowking|Disable|Future Sight
|move|p1a: Slowking|Sludge Bomb|p2a: Believe it!
|-damage|p2a: Believe it!|18/100
|
|-weather|none
|upkeep
|turn|17
|
|t:|1760851176
|switch|p2a: Vegan Wrap|Leavanny, F|31/100
|-prepare|p1a: Slowking|Chilly Reception|[premajor]
|move|p1a: Slowking|Chilly Reception|p1a: Slowking
|-weather|Snowscape
|
|t:|1760851185
|switch|p1a: Gliscor|Gliscor, F|57/100 tox|[from] Chilly Reception
|
|-weather|Snowscape|[upkeep]
|-end|p2a: Vegan Wrap|move: Future Sight
|-crit|p2a: Vegan Wrap
|-damage|p2a: Vegan Wrap|0 fnt
|faint|p2a: Vegan Wrap
|-heal|p1a: Gliscor|69/100 tox|[from] ability: Poison Heal
|upkeep
|
|t:|1760851195
|switch|p2a: Believe it!|Ninetales, F, shiny|18/100
|-weather|SunnyDay|[from] ability: Drought|[of] p2a: Believe it!
|turn|18
|
|t:|1760851200
|move|p2a: Believe it!|Healing Wish|p2a: Believe it!
|faint|p2a: Believe it!
|move|p1a: Gliscor|Earthquake|p2: Believe it!|[notarget]
|-fail|p1a: Gliscor
|
|-weather|SunnyDay|[upkeep]
|-heal|p1a: Gliscor|82/100 tox|[from] ability: Poison Heal
|upkeep
|
|t:|1760851208
|switch|p2a: Football Bruv|Cinderace, M|48/100
|-heal|p2a: Football Bruv|100/100|[from] move: Healing Wish
|turn|19
|
|t:|1760851216
|move|p2a: Football Bruv|Pyro Ball|p1a: Gliscor
|-damage|p1a: Gliscor|0 fnt
|faint|p1a: Gliscor
|
|-weather|SunnyDay|[upkeep]
|upkeep
|
|t:|1760851224
|switch|p1a: Slowking|Slowking-Galar, M|100/100
|turn|20
|
|t:|1760851236
|move|p2a: Football Bruv|Pyro Ball|p1a: Slowking
|-damage|p1a: Slowking|0 fnt
|faint|p1a: Slowking
|
|-weather|SunnyDay|[upkeep]
|upkeep
|-message|tasin01 forfeited.
|
|win|spoons_R_bent
|raw|tasin01's rating: 1164 &rarr; <strong>1136</strong><br />(-28 for losing)
|raw|spoons_R_bent's rating: 1123 &rarr; <strong>1151</strong><br />(+28 for winning)
|l|☆tasin01
|player|p1|
|l|☆spoons_R_bent
|player|p2|
