|badge|p2|silver|gen9randombattle|30-7
|uhtml|medal-msg|<div class="broadcast-blue">Curious what those medals under the avatar are? PS now has Ladder Seasons! For more information, check out the <a href="https://www.smogon.com/forums/threads/3740067/">thread on Smogon.</a></div>
|j|☆Rabzzz
|j|☆phantasmiccat
|t:|1760763633
|gametype|singles
|player|p1|Rabzzz|#mwpvimurkrows|1741
|player|p2|phantasmiccat|miku-grass|1680
|gen|9
|tier|[Gen 9] OU
|rated|
|rule|HP Percentage Mod: HP is shown in percentages
|rule|Endless Battle Clause: Forcing endless battles is banned
|rule|Species Clause: Limit one of each Pokémon
|rule|OHKO Clause: OHKO moves are banned
|rule|Evasion Items Clause: Evasion items are banned
|rule|Evasion Moves Clause: Evasion moves are banned
|rule|Evasion Abilities Clause: Evasion abilities are banned
|rule|Sleep Moves Clause: Sleep-inducing moves are banned
|clearpoke
|poke|p1|Skarmory, M|
|poke|p1|Greninja-*, M|
|poke|p1|Clefable, M|
|poke|p1|Iron Treads|
|poke|p1|Raging Bolt|
|poke|p1|Dragapult, M|
|poke|p2|Iron Crown|
|poke|p2|Dragonite, F|
|poke|p2|Great Tusk|
|poke|p2|Ogerpon-Cornerstone, F|
|poke|p2|Cinderace, F|
|poke|p2|Ceruledge, F|
|teampreview
|inactive|Battle timer is ON: inactive players will automatically lose when time's up. (requested by phantasmiccat)
|
|t:|1760763662
|teamsize|p1|6
|teamsize|p2|6
|start
|switch|p1a: Dragapult|Dragapult, M|100/100
|switch|p2a: Iron Crown|Iron Crown|100/100
|-enditem|p2a: Iron Crown|Booster Energy
|-activate|p2a: Iron Crown|ability: Quark Drive|[fromitem]
|-start|p2a: Iron Crown|quarkdrivespe
|turn|1
|
|t:|1760763677
|-terastallize|p1a: Dragapult|Ghost
|move|p2a: Iron Crown|Calm Mind|p2a: Iron Crown
|-boost|p2a: Iron Crown|spa|1
|-boost|p2a: Iron Crown|spd|1
|move|p1a: Dragapult|Tera Blast|p2a: Iron Crown|[anim] Tera Blast Ghost
|-supereffective|p2a: Iron Crown
|-damage|p2a: Iron Crown|0 fnt
|faint|p2a: Iron Crown
|-end|p2a: Iron Crown|Quark Drive|[silent]
|
|upkeep
|
|t:|1760763698
|switch|p2a: Cinderace|Cinderace, F|100/100
|turn|2
|
|t:|1760763717
|switch|p1a: Raging Bolt|Raging Bolt|100/100
|move|p2a: Cinderace|Pyro Ball|p1a: Raging Bolt
|-resisted|p1a: Raging Bolt
|-crit|p1a: Raging Bolt
|-damage|p1a: Raging Bolt|58/100
|
|-heal|p1a: Raging Bolt|64/100|[from] item: Leftovers
|upkeep
|turn|3
|
|t:|1760763724
|move|p2a: Cinderace|High Jump Kick|p1a: Raging Bolt
|-start|p2a: Cinderace|typechange|Fighting|[from] ability: Libero
|-damage|p1a: Raging Bolt|5/100
|move|p1a: Raging Bolt|Dragon Pulse|p2a: Cinderace
|-damage|p2a: Cinderace|32/100
|
|-heal|p1a: Raging Bolt|11/100|[from] item: Leftovers
|upkeep
|turn|4
|
|t:|1760763731
|move|p2a: Cinderace|Sucker Punch|p1a: Raging Bolt
|-damage|p1a: Raging Bolt|0 fnt
|faint|p1a: Raging Bolt
|-end|p1a: Raging Bolt|Protosynthesis|[silent]
|
|upkeep
|
|t:|1760763744
|switch|p1a: Clefable|Clefable, M|100/100
|turn|5
|
|t:|1760763751
|switch|p2a: Ceruledge|Ceruledge, F|100/100
|move|p1a: Clefable|Stealth Rock|p2a: Ceruledge
|-sidestart|p2: phantasmiccat|move: Stealth Rock
|
|upkeep
|turn|6
|
|t:|1760763757
|move|p2a: Ceruledge|Swords Dance|p2a: Ceruledge
|-boost|p2a: Ceruledge|atk|2
|move|p1a: Clefable|Thunder Wave|p2a: Ceruledge
|-status|p2a: Ceruledge|par
|
|upkeep
|turn|7
|
|t:|1760763775
|switch|p1a: Iron Treads|Iron Treads|100/100
|move|p2a: Ceruledge|Bitter Blade|p1a: Iron Treads
|-supereffective|p1a: Iron Treads
|-damage|p1a: Iron Treads|0 fnt
|faint|p1a: Iron Treads
|-end|p1a: Iron Treads|Quark Drive|[silent]
|
|upkeep
|
|t:|1760763781
|switch|p1a: Greninja|Greninja, M|100/100
|turn|8
|inactive|phantasmiccat has 120 seconds left.
|
|t:|1760763834
|move|p1a: Greninja|Dark Pulse|p2a: Ceruledge
|-supereffective|p2a: Ceruledge
|-enditem|p2a: Ceruledge|Focus Sash
|-damage|p2a: Ceruledge|1/100 par
|-damage|p1a: Greninja|91/100|[from] item: Life Orb
|cant|p2a: Ceruledge|par
|
|upkeep
|turn|9
|
|t:|1760763847
|move|p1a: Greninja|Water Shuriken|p2a: Ceruledge
|-supereffective|p2a: Ceruledge
|-damage|p2a: Ceruledge|0 fnt
|faint|p2a: Ceruledge
|-ability|p1a: Greninja|Battle Bond|boost
|-boost|p1a: Greninja|atk|1
|-boost|p1a: Greninja|spa|1
|-boost|p1a: Greninja|spe|1
|-activate|p1a: Greninja|ability: Battle Bond
|-hitcount|p2: Ceruledge|1
|-damage|p1a: Greninja|81/100|[from] item: Life Orb
|
|upkeep
|
|t:|1760763860
|switch|p2a: Dragonite|Dragonite, F|100/100
|-damage|p2a: Dragonite|76/100|[from] Stealth Rock
|turn|10
|j| Ctannn
|
|t:|1760763882
|-terastallize|p2a: Dragonite|Fire
|move|p1a: Greninja|Dark Pulse|p2a: Dragonite
|-damage|p2a: Dragonite|8/100
|-damage|p1a: Greninja|71/100|[from] item: Life Orb
|move|p2a: Dragonite|Scale Shot|p1a: Greninja|[miss]
|-miss|p2a: Dragonite|p1a: Greninja
|
|upkeep
|turn|11
|
|t:|1760763902
|move|p1a: Greninja|Surf|p2a: Dragonite
|-supereffective|p2a: Dragonite
|-damage|p2a: Dragonite|0 fnt
|faint|p2a: Dragonite
|-damage|p1a: Greninja|61/100|[from] item: Life Orb
|
|upkeep
|
|t:|1760763907
|switch|p2a: Cinderace|Cinderace, F|32/100
|-damage|p2a: Cinderace|7/100|[from] Stealth Rock
|turn|12
|
|t:|1760763911
|move|p1a: Greninja|Water Shuriken|p2a: Cinderace
|-supereffective|p2a: Cinderace
|-damage|p2a: Cinderace|0 fnt
|faint|p2a: Cinderace
|-hitcount|p2: Cinderace|1
|-damage|p1a: Greninja|51/100|[from] item: Life Orb
|
|upkeep
|
|t:|1760763915
|switch|p2a: Ogerpon|Ogerpon-Cornerstone, F|100/100
|-damage|p2a: Ogerpon|88/100|[from] Stealth Rock
|turn|13
|
|t:|1760763919
|move|p1a: Greninja|Surf|p2a: Ogerpon
|-damage|p2a: Ogerpon|4/100
|-damage|p1a: Greninja|42/100|[from] item: Life Orb
|move|p2a: Ogerpon|Horn Leech|p1a: Greninja
|-supereffective|p1a: Greninja
|-damage|p1a: Greninja|0 fnt
|-heal|p2a: Ogerpon|24/100|[from] drain|[of] p1a: Greninja
|faint|p1a: Greninja
|
|upkeep
|
|t:|1760763929
|switch|p1a: Dragapult|Dragapult, M, tera:Ghost|100/100
|turn|14
|
|t:|1760763932
|move|p1a: Dragapult|Tera Blast|p2a: Ogerpon|[anim] Tera Blast Ghost
|-damage|p2a: Ogerpon|0 fnt
|faint|p2a: Ogerpon
|
|upkeep
|
|t:|1760763933
|switch|p2a: Great Tusk|Great Tusk|100/100
|-damage|p2a: Great Tusk|98/100|[from] Stealth Rock
|-enditem|p2a: Great Tusk|Booster Energy
|-activate|p2a: Great Tusk|ability: Protosynthesis|[fromitem]
|-start|p2a: Great Tusk|protosynthesisatk
|turn|15
|
|t:|1760763936
|move|p1a: Dragapult|Tera Blast|p2a: Great Tusk|[anim] Tera Blast Ghost
|-damage|p2a: Great Tusk|37/100
|move|p2a: Great Tusk|Headlong Rush|p1a: Dragapult
|-damage|p1a: Dragapult|0 fnt
|-unboost|p2a: Great Tusk|def|1
|-unboost|p2a: Great Tusk|spd|1
|faint|p1a: Dragapult
|
|upkeep
|
|t:|1760763943
|switch|p1a: Clefable|Clefable, M|100/100
|turn|16
|
|t:|1760763946
|move|p2a: Great Tusk|Headlong Rush|p1a: Clefable
|-damage|p1a: Clefable|12/100
|-unboost|p2a: Great Tusk|def|1
|-unboost|p2a: Great Tusk|spd|1
|move|p1a: Clefable|Moonblast|p2a: Great Tusk
|-supereffective|p2a: Great Tusk
|-damage|p2a: Great Tusk|0 fnt
|faint|p2a: Great Tusk
|-end|p2a: Great Tusk|Protosynthesis|[silent]
|
|win|Rabzzz
|raw|Rabzzz's rating: 1741 &rarr; <strong>1758</strong><br />(+17 for winning)
|raw|phantasmiccat's rating: 1680 &rarr; <strong>1663</strong><br />(-17 for losing)
|l|☆phantasmiccat
|player|p2|
|c|☆Rabzzz|gg
|l| Ctannn
