|j|☆Lakerssuck
|j|☆ghostnoats
|t:|1760720252
|gametype|singles
|player|p1|Lakerssuck|rancher|1293
|player|p2|ghostnoats|266|1289
|gen|9
|tier|[Gen 9] OU
|rated|
|rule|HP Percentage Mod: HP is shown in percentages
|rule|Endless Battle Clause: Forcing endless battles is banned
|rule|Species Clause: Limit one of each Pokémon
|rule|OHKO Clause: OHKO moves are banned
|rule|Evasion Items Clause: Evasion items are banned
|rule|Evasion Moves Clause: Evasion moves are banned
|rule|Evasion Abilities Clause: Evasion abilities are banned
|rule|Sleep Moves Clause: Sleep-inducing moves are banned
|clearpoke
|poke|p1|Gliscor, M|
|poke|p1|Tentacruel, M|
|poke|p1|Tornadus-Therian, M|
|poke|p1|Raging Bolt|
|poke|p1|Iron Valiant|
|poke|p1|Darkrai|
|poke|p2|Landorus-Therian, M|
|poke|p2|Quaquaval, F|
|poke|p2|Alomomola, F|
|poke|p2|Incineroar, F|
|poke|p2|Slowking-Galar, F|
|poke|p2|Iron Valiant|
|teampreview
|
|t:|1760720281
|teamsize|p1|6
|teamsize|p2|6
|start
|switch|p1a: Tornadus|Tornadus-Therian, M|100/100
|switch|p2a: Incineroar|Incineroar, F|100/100
|-ability|p2a: Incineroar|Intimidate|boost
|-unboost|p1a: Tornadus|atk|1
|turn|1
|
|t:|1760720299
|move|p2a: Incineroar|Fake Out|p1a: Tornadus
|-damage|p1a: Tornadus|82/100
|cant|p1a: Tornadus|flinch
|
|upkeep
|turn|2
|inactive|Battle timer is ON: inactive players will automatically lose when time's up. (requested by ghostnoats)
|
|t:|1760720309
|switch|p2a: Slowking|Slowking-Galar, F|100/100
|move|p1a: Tornadus|U-turn|p2a: Slowking
|-damage|p2a: Slowking|91/100
|
|t:|1760720317
|switch|p1a: Gliscor|Gliscor, M|100/100|[from] U-turn
|
|-status|p1a: Gliscor|tox|[from] item: Toxic Orb
|upkeep
|turn|3
|
|t:|1760720324
|move|p1a: Gliscor|Earthquake|p2a: Slowking
|-supereffective|p2a: Slowking
|-damage|p2a: Slowking|24/100
|move|p2a: Slowking|Ice Beam|p1a: Gliscor
|-supereffective|p1a: Gliscor
|-damage|p1a: Gliscor|0 fnt
|faint|p1a: Gliscor
|
|upkeep
|
|t:|1760720336
|switch|p1a: Darkrai|Darkrai|100/100
|turn|4
|
|t:|1760720347
|switch|p2a: Incineroar|Incineroar, F|100/100
|-ability|p2a: Incineroar|Intimidate|boost
|-unboost|p1a: Darkrai|atk|1
|move|p1a: Darkrai|Dark Pulse|p2a: Incineroar
|-resisted|p2a: Incineroar
|-damage|p2a: Incineroar|80/100
|
|upkeep
|turn|5
|c|☆ghostnoats|lakers are goated
|
|t:|1760720359
|switch|p1a: Tornadus|Tornadus-Therian, M|100/100
|move|p2a: Incineroar|Parting Shot|p1a: Tornadus
|-unboost|p1a: Tornadus|atk|1
|-unboost|p1a: Tornadus|spa|1
|inactive|ghostnoats has 120 seconds left.
|
|t:|1760720387
|switch|p2a: Slowking|Slowking-Galar, F|57/100|[from] Parting Shot
|
|upkeep
|turn|6
|inactive|ghostnoats has 120 seconds left.
|
|t:|1760720406
|move|p1a: Tornadus|U-turn|p2a: Slowking
|-crit|p2a: Slowking
|-damage|p2a: Slowking|33/100
|
|t:|1760720410
|switch|p1a: Darkrai|Darkrai|100/100|[from] U-turn
|move|p2a: Slowking|Future Sight|p1a: Darkrai
|-start|p2a: Slowking|move: Future Sight
|
|upkeep
|turn|7
|inactive|ghostnoats has 120 seconds left.
|
|t:|1760720421
|switch|p2a: Incineroar|Incineroar, F|80/100
|-ability|p2a: Incineroar|Intimidate|boost
|-unboost|p1a: Darkrai|atk|1
|move|p1a: Darkrai|Nasty Plot|p1a: Darkrai
|-boost|p1a: Darkrai|spa|2
|
|upkeep
|turn|8
|
|t:|1760720431
|move|p2a: Incineroar|Fake Out|p1a: Darkrai
|-damage|p1a: Darkrai|84/100
|cant|p1a: Darkrai|flinch
|
|-end|p1a: Darkrai|move: Future Sight
|-immune|p1a: Darkrai
|upkeep
|turn|9
|
|t:|1760720443
|switch|p2a: Iron Valiant|Iron Valiant|100/100
|move|p1a: Darkrai|Sludge Bomb|p2a: Iron Valiant
|-supereffective|p2a: Iron Valiant
|-damage|p2a: Iron Valiant|0 fnt
|faint|p2a: Iron Valiant
|-end|p2a: Iron Valiant|Quark Drive|[silent]
|
|upkeep
|
|t:|1760720452
|switch|p2a: Quaquaval|Quaquaval, F|100/100
|turn|10
|inactive|Lakerssuck has 120 seconds left.
|
|t:|1760720496
|move|p1a: Darkrai|Sludge Bomb|p2a: Quaquaval
|-damage|p2a: Quaquaval|6/100
|move|p2a: Quaquaval|Aqua Step|p1a: Darkrai
|-damage|p1a: Darkrai|36/100
|-boost|p2a: Quaquaval|spe|1
|
|upkeep
|turn|11
|
|t:|1760720510
|switch|p1a: Tentacruel|Tentacruel, M|100/100
|move|p2a: Quaquaval|Aqua Step|p1a: Tentacruel
|-resisted|p1a: Tentacruel
|-damage|p1a: Tentacruel|74/100
|-boost|p2a: Quaquaval|spe|1
|
|upkeep
|turn|12
|
|t:|1760720522
|switch|p2a: Slowking|Slowking-Galar, F|66/100
|move|p1a: Tentacruel|Giga Drain|p2a: Slowking
|-resisted|p2a: Slowking
|-damage|p2a: Slowking|63/100
|-heal|p1a: Tentacruel|76/100|[from] drain|[of] p2a: Slowking
|
|upkeep
|turn|13
|inactive|Lakerssuck has 120 seconds left.
|
|t:|1760720531
|move|p1a: Tentacruel|Flip Turn|p2a: Slowking
|-damage|p2a: Slowking|46/100
|
|t:|1760720535
|switch|p1a: Tornadus|Tornadus-Therian, M|100/100|[from] Flip Turn
|move|p2a: Slowking|Future Sight|p1a: Tornadus
|-start|p2a: Slowking|move: Future Sight
|
|upkeep
|turn|14
|
|t:|1760720540
|move|p1a: Tornadus|Knock Off|p2a: Slowking
|-supereffective|p2a: Slowking
|-damage|p2a: Slowking|0 fnt
|-enditem|p2a: Slowking|Assault Vest|[from] move: Knock Off|[of] p1a: Tornadus
|faint|p2a: Slowking
|
|upkeep
|-message|ghostnoats forfeited.
|
|win|Lakerssuck
|raw|Lakerssuck's rating: 1293 &rarr; <strong>1318</strong><br />(+25 for winning)
|raw|ghostnoats's rating: 1289 &rarr; <strong>1264</strong><br />(-25 for losing)
|l|☆ghostnoats
|player|p2|
