|j|☆Lunartaiga
|j|☆NoNSket
|t:|1760851572
|gametype|singles
|player|p1|Lunartaiga|volkner|1161
|player|p2|NoNSket|265|1128
|gen|9
|tier|[Gen 9] OU
|rated|
|rule|HP Percentage Mod: HP is shown in percentages
|rule|Endless Battle Clause: Forcing endless battles is banned
|rule|Species Clause: Limit one of each Pokémon
|rule|OHKO Clause: OHKO moves are banned
|rule|Evasion Items Clause: Evasion items are banned
|rule|Evasion Moves Clause: Evasion moves are banned
|rule|Evasion Abilities Clause: Evasion abilities are banned
|rule|Sleep Moves Clause: Sleep-inducing moves are banned
|clearpoke
|poke|p1|Blaziken, M|
|poke|p1|Hatterene, F|
|poke|p1|Kommo-o, M|
|poke|p1|Meowscarada, F|
|poke|p1|Cinderace, M|
|poke|p1|Froslass, F|
|poke|p2|Mimikyu, F|
|poke|p2|Venusaur, M|
|poke|p2|Skarmory, M|
|poke|p2|Electrode|
|poke|p2|Gyarados, M|
|poke|p2|Dugtrio, M|
|teampreview
|inactive|Battle timer is ON: inactive players will automatically lose when time's up. (requested by Lunartaiga)
|
|t:|1760851584
|teamsize|p1|6
|teamsize|p2|6
|start
|switch|p1a: Froslass|Froslass, F|100/100
|switch|p2a: Skarmory|Skarmory, M|100/100
|turn|1
|
|t:|1760851590
|move|p1a: Froslass|Trick|p2a: Skarmory
|-activate|p1a: Froslass|move: Trick|[of] p2a: Skarmory
|-item|p2a: Skarmory|Choice Specs|[from] move: Trick
|-item|p1a: Froslass|Rocky Helmet|[from] move: Trick
|move|p2a: Skarmory|Stealth Rock|p1a: Froslass
|-sidestart|p1: Lunartaiga|move: Stealth Rock
|
|upkeep
|turn|2
|
|t:|1760851601
|switch|p2a: Electrode|Electrode|100/100
|move|p1a: Froslass|Shadow Ball|p2a: Electrode
|-damage|p2a: Electrode|71/100
|
|upkeep
|turn|3
|
|t:|1760851614
|move|p2a: Electrode|Volt Switch|p1a: Froslass
|-crit|p1a: Froslass
|-damage|p1a: Froslass|32/100
|-start|p2a: Electrode|Disable|Volt Switch|[from] ability: Cursed Body|[of] p1a: Froslass
|
|t:|1760851622
|switch|p2a: Skarmory|Skarmory, M|100/100|[from] Volt Switch
|move|p1a: Froslass|Shadow Ball|p2a: Skarmory
|-damage|p2a: Skarmory|72/100
|
|upkeep
|turn|4
|
|t:|1760851632
|switch|p2a: Electrode|Electrode|71/100
|move|p1a: Froslass|Destiny Bond|p1a: Froslass
|-singlemove|p1a: Froslass|Destiny Bond
|
|upkeep
|turn|5
|
|t:|1760851641
|move|p2a: Electrode|Electroweb|p1a: Froslass
|-damage|p1a: Froslass|0 fnt
|faint|p1a: Froslass
|-activate|p1a: Froslass|move: Destiny Bond
|faint|p2a: Electrode
|
|upkeep
|
|t:|1760851647
|switch|p2a: Mimikyu|Mimikyu, F|100/100
|switch|p1a: Cinderace|Cinderace, M|100/100
|turn|6
|
|t:|1760851652
|move|p1a: Cinderace|Pyro Ball|p2a: Mimikyu|[miss]
|-miss|p1a: Cinderace|p2a: Mimikyu
|move|p2a: Mimikyu|Bulk Up|p2a: Mimikyu
|-boost|p2a: Mimikyu|atk|1
|-boost|p2a: Mimikyu|def|1
|
|upkeep
|turn|7
|
|t:|1760851660
|move|p1a: Cinderace|Pyro Ball|p2a: Mimikyu
|-activate|p2a: Mimikyu|ability: Disguise
|-damage|p2a: Mimikyu|100/100
|detailschange|p2a: Mimikyu|Mimikyu-Busted, F
|-damage|p2a: Mimikyu|88/100|[from] pokemon: Mimikyu-Busted
|move|p2a: Mimikyu|Bulk Up|p2a: Mimikyu
|-boost|p2a: Mimikyu|atk|1
|-boost|p2a: Mimikyu|def|1
|
|-heal|p2a: Mimikyu|94/100|[from] item: Leftovers
|upkeep
|turn|8
|
|t:|1760851669
|move|p1a: Cinderace|Court Change|p1a: Cinderace
|-start|p1a: Cinderace|typechange|Normal|[from] ability: Libero
|-swapsideconditions
|-activate|p1a: Cinderace|move: Court Change
|move|p2a: Mimikyu|Play Rough|p1a: Cinderace
|-damage|p1a: Cinderace|1/100
|
|-heal|p2a: Mimikyu|99/100|[from] item: Leftovers
|upkeep
|turn|9
|
|t:|1760851683
|move|p1a: Cinderace|Pyro Ball|p2a: Mimikyu
|-damage|p2a: Mimikyu|67/100
|move|p2a: Mimikyu|Drain Punch|p1a: Cinderace
|-supereffective|p1a: Cinderace
|-damage|p1a: Cinderace|0 fnt
|-heal|p2a: Mimikyu|67/100|[from] drain|[of] p1a: Cinderace
|faint|p1a: Cinderace
|
|-heal|p2a: Mimikyu|73/100|[from] item: Leftovers
|upkeep
|
|t:|1760851688
|switch|p1a: Meowscarada|Meowscarada, F|100/100
|turn|10
|
|t:|1760851699
|move|p1a: Meowscarada|Knock Off|p2a: Mimikyu
|-start|p1a: Meowscarada|typechange|Dark|[from] ability: Protean
|-damage|p2a: Mimikyu|35/100
|-enditem|p2a: Mimikyu|Leftovers|[from] move: Knock Off|[of] p1a: Meowscarada
|move|p2a: Mimikyu|Play Rough|p1a: Meowscarada
|-supereffective|p1a: Meowscarada
|-crit|p1a: Meowscarada
|-damage|p1a: Meowscarada|0 fnt
|faint|p1a: Meowscarada
|
|upkeep
|
|t:|1760851715
|switch|p1a: Blaziken|Blaziken, M|100/100
|turn|11
|
|t:|1760851724
|move|p2a: Mimikyu|Play Rough|p1a: Blaziken
|-damage|p1a: Blaziken|0 fnt
|faint|p1a: Blaziken
|
|upkeep
|
|t:|1760851728
|switch|p1a: Hatterene|Hatterene, F|100/100
|turn|12
|
|t:|1760851735
|move|p2a: Mimikyu|Shadow Claw|p1a: Hatterene
|-supereffective|p1a: Hatterene
|-damage|p1a: Hatterene|0 fnt
|faint|p1a: Hatterene
|
|upkeep
|-message|Lunartaiga forfeited.
|
|win|NoNSket
|raw|Lunartaiga's rating: 1161 &rarr; <strong>1134</strong><br />(-27 for losing)
|raw|NoNSket's rating: 1128 &rarr; <strong>1155</strong><br />(+27 for winning)
|l|☆Lunartaiga
|player|p1|
|l|☆NoNSket
|player|p2|
