|j|☆littlewhitedog
|j|☆seethemalldie
|t:|1760815027
|gametype|singles
|player|p1|littlewhitedog|1|1337
|player|p2|seethemalldie|unknown|1337
|gen|9
|tier|[Gen 9] OU
|rated|
|rule|HP Percentage Mod: HP is shown in percentages
|rule|Endless Battle Clause: Forcing endless battles is banned
|rule|Species Clause: Limit one of each Pokémon
|rule|OHKO Clause: OHKO moves are banned
|rule|Evasion Items Clause: Evasion items are banned
|rule|Evasion Moves Clause: Evasion moves are banned
|rule|Evasion Abilities Clause: Evasion abilities are banned
|rule|Sleep Moves Clause: Sleep-inducing moves are banned
|clearpoke
|poke|p1|Great Tusk|
|poke|p1|Grimmsnarl, M|
|poke|p1|Kyurem|
|poke|p1|Sinistcha|
|poke|p1|Iron Crown|
|poke|p1|Probopass, F|
|poke|p2|Scizor, M|
|poke|p2|Toxtricity-Low-Key, F|
|poke|p2|Hydreigon, F|
|poke|p2|Iron Valiant|
|poke|p2|Ogerpon-Wellspring, F|
|poke|p2|Arcanine-Hisui, M|
|teampreview
|inactive|Battle timer is ON: inactive players will automatically lose when time's up. (requested by seethemalldie)
|
|t:|1760815050
|teamsize|p1|6
|teamsize|p2|6
|start
|switch|p1a: Grimmsnarl|Grimmsnarl, M, shiny|100/100
|switch|p2a: Chili|Toxtricity-Low-Key, F|100/100
|turn|1
|
|t:|1760815063
|move|p1a: Grimmsnarl|Parting Shot|p2a: Chili
|-unboost|p2a: Chili|atk|1
|-unboost|p2a: Chili|spa|1
|
|t:|1760815071
|switch|p1a: Great Tusk|Great Tusk, shiny|100/100|[from] Parting Shot
|move|p2a: Chili|Sludge Wave|p1a: Great Tusk
|-resisted|p1a: Great Tusk
|-damage|p1a: Great Tusk|84/100
|-status|p1a: Great Tusk|psn
|
|-damage|p1a: Great Tusk|71/100 psn|[from] psn
|upkeep
|turn|2
|
|t:|1760815082
|switch|p2a: Trip|Hydreigon, F, shiny|100/100
|move|p1a: Great Tusk|Knock Off|p2a: Trip
|-resisted|p2a: Trip
|-damage|p2a: Trip|79/100
|-enditem|p2a: Trip|Eject Pack|[from] move: Knock Off|[of] p1a: Great Tusk
|
|-damage|p1a: Great Tusk|59/100 psn|[from] psn
|upkeep
|turn|3
|
|t:|1760815098
|-end|p1a: Great Tusk|Protosynthesis|[silent]
|switch|p1a: Grimmsnarl|Grimmsnarl, M, shiny|100/100
|move|p2a: Trip|Tailwind|p2a: Trip
|-sidestart|p2: seethemalldie|move: Tailwind
|
|upkeep
|turn|4
|
|t:|1760815108
|switch|p2a: Chili|Toxtricity-Low-Key, F|100/100
|move|p1a: Grimmsnarl|Light Screen|p1a: Grimmsnarl
|-sidestart|p1: littlewhitedog|move: Light Screen
|
|upkeep
|turn|5
|
|t:|1760815120
|switch|p2a: Solid|Scizor, M|100/100
|move|p1a: Grimmsnarl|Parting Shot|p2a: Solid
|-unboost|p2a: Solid|atk|1
|-unboost|p2a: Solid|spa|1
|
|t:|1760815129
|switch|p1a: Probopass|Probopass, F, shiny|100/100|[from] Parting Shot
|
|upkeep
|turn|6
|
|t:|1760815143
|move|p2a: Solid|Defog|p1a: Probopass
|-unboost|p1a: Probopass|evasion|1
|-sideend|p1: littlewhitedog|move: Light Screen
|move|p1a: Probopass|Thunder Wave|p2a: Solid|[miss]
|-miss|p1a: Probopass|p2a: Solid
|
|-sideend|p2: seethemalldie|move: Tailwind
|upkeep
|turn|7
|
|t:|1760815155
|move|p2a: Solid|U-turn|p1a: Probopass
|-resisted|p1a: Probopass
|-damage|p1a: Probopass|93/100
|-damage|p2a: Solid|84/100|[from] item: Rocky Helmet|[of] p1a: Probopass
|
|t:|1760815162
|switch|p2a: Chili|Toxtricity-Low-Key, F|100/100|[from] U-turn
|move|p1a: Probopass|Thunder Wave|p2a: Chili
|-immune|p2a: Chili
|
|upkeep
|turn|8
|inactive|littlewhitedog has 120 seconds left.
|inactive|littlewhitedog has 90 seconds left.
|l|☆littlewhitedog
|inactive|littlewhitedog disconnected and has a minute to reconnect!
|player|p1|
|inactive|littlewhitedog has 30 seconds to reconnect!
|inactive|littlewhitedog has 20 seconds to reconnect!
|inactive|littlewhitedog has 15 seconds to reconnect!
|inactive|littlewhitedog has 10 seconds to reconnect!
|inactive|littlewhitedog has 5 seconds to reconnect!
|-message|littlewhitedog lost due to inactivity.
|
|win|seethemalldie
|raw|littlewhitedog's rating: 1337 &rarr; <strong>1317</strong><br />(-20 for losing)
|raw|seethemalldie's rating: 1337 &rarr; <strong>1357</strong><br />(+20 for winning)
|l|☆seethemalldie
|player|p2|
