|j|☆NEZK025
|j|☆Tirpo8
|t:|1760886747
|gametype|singles
|player|p1|NEZK025|nate|1513
|player|p2|Tirpo8|elesa|1522
|gen|9
|tier|[Gen 9] OU
|rated|
|rule|HP Percentage Mod: HP is shown in percentages
|rule|Endless Battle Clause: Forcing endless battles is banned
|rule|Species Clause: Limit one of each Pokémon
|rule|OHKO Clause: OHKO moves are banned
|rule|Evasion Items Clause: Evasion items are banned
|rule|Evasion Moves Clause: Evasion moves are banned
|rule|Evasion Abilities Clause: Evasion abilities are banned
|rule|Sleep Moves Clause: Sleep-inducing moves are banned
|clearpoke
|poke|p1|Rillaboom, F|
|poke|p1|Raging Bolt|
|poke|p1|Weavile, F|
|poke|p1|Gholdengo|
|poke|p1|Samurott-Hisui, F|
|poke|p1|Iron Treads|
|poke|p2|Hoopa-Unbound|
|poke|p2|Hydrapple, F|
|poke|p2|Gliscor, M|
|poke|p2|Cinderace, F|
|poke|p2|Alomomola, M|
|poke|p2|Gholdengo|
|teampreview
|inactive|Battle timer is ON: inactive players will automatically lose when time's up. (requested by Tirpo8)
|
|t:|1760886770
|teamsize|p1|6
|teamsize|p2|6
|start
|switch|p1a: Weavile|Weavile, F|100/100
|switch|p2a: Cinderace|Cinderace, F|100/100
|turn|1
|
|t:|1760886777
|-terastallize|p1a: Weavile|Dark
|move|p1a: Weavile|Knock Off|p2a: Cinderace
|-crit|p2a: Cinderace
|-damage|p2a: Cinderace|0 fnt
|-enditem|p2a: Cinderace|Heavy-Duty Boots|[from] move: Knock Off|[of] p1a: Weavile
|faint|p2a: Cinderace
|
|upkeep
|c|☆Tirpo8|the fun part is
|c|☆Tirpo8|it's not even a one shot
|c|☆Tirpo8|u needed Tera AND crit
|c|☆NEZK025|no it is
|c|☆NEZK025|with tera
|inactive|Tirpo8 has 120 seconds left.
|c|☆NEZK025|i am band
|c|☆Tirpo8|it's bulky cinderace
|c|☆Tirpo8|not offensive
|c|☆Tirpo8|224 hp 32 def
|c|☆Tirpo8|happens ig
|c|☆NEZK025|calc it
|inactive|Tirpo8 has 90 seconds left.
|c|☆Tirpo8|i did
|c|☆NEZK025|calcdex say it kills
|c|☆Tirpo8|it's 84% max
|
|t:|1760886863
|switch|p2a: Gliscor|Gliscor, M|100/100
|turn|2
|c|☆NEZK025|you sure you aint forgettng boots?
|c|☆Tirpo8|yup
|
|t:|1760886877
|switch|p1a: Rillaboom|Rillaboom, F|100/100
|-fieldstart|move: Grassy Terrain|[from] ability: Grassy Surge|[of] p1a: Rillaboom
|move|p2a: Gliscor|Protect||[still]
|-fail|p2a: Gliscor
|
|-status|p2a: Gliscor|tox|[from] item: Toxic Orb
|upkeep
|turn|3
|c|☆Tirpo8|adamant?
|c|☆Tirpo8|or nah
|c|☆NEZK025|nope
|c|☆Tirpo8|then no it does not man
|c|☆NEZK025|well if what you say is true
|c|☆NEZK025|sorry
|inactive|NEZK025 has 120 seconds left.
|c|☆Tirpo8|it's fine
|
|t:|1760886908
|move|p2a: Gliscor|Toxic|p1a: Rillaboom
|-status|p1a: Rillaboom|tox
|move|p1a: Rillaboom|Wood Hammer|p2a: Gliscor
|-damage|p2a: Gliscor|31/100 tox
|-damage|p1a: Rillaboom|79/100 tox|[from] Recoil
|
|-heal|p1a: Rillaboom|86/100 tox|[from] Grassy Terrain
|-heal|p2a: Gliscor|43/100 tox|[from] ability: Poison Heal
|-damage|p1a: Rillaboom|79/100 tox|[from] psn
|upkeep
|turn|4
|inactive|Tirpo8 has 90 seconds left.
|c|☆Tirpo8|252 Atk Choice Band Tera Dark Weavile Knock Off (65 BP) vs. 224 HP / 32 Def Cinderace: 256-302 (71.7 - 84.5%) -- guaranteed 2HKO after Grassy Terrain recovery
|c|☆NEZK025|do glisc always run speed?
|
|t:|1760886930
|switch|p1a: Weavile|Weavile, F, tera:Dark|100/100
|move|p2a: Gliscor|Protect||[still]
|-fail|p2a: Gliscor
|
|-heal|p2a: Gliscor|56/100 tox|[from] ability: Poison Heal
|upkeep
|turn|5
|
|t:|1760886940
|move|p2a: Gliscor|Protect|p2a: Gliscor
|-singleturn|p2a: Gliscor|Protect
|move|p1a: Weavile|Knock Off|p2a: Gliscor
|-activate|p2a: Gliscor|move: Protect
|
|-heal|p2a: Gliscor|68/100 tox|[from] ability: Poison Heal
|upkeep
|turn|6
|inactive|Tirpo8 has 90 seconds left.
|c|☆Tirpo8|usually at least a bit yeah
|c|☆NEZK025|hmm
|
|t:|1760886958
|-terastallize|p2a: Gliscor|Fairy
|move|p1a: Weavile|Knock Off|p2a: Gliscor
|-resisted|p2a: Gliscor
|-damage|p2a: Gliscor|33/100 tox
|-enditem|p2a: Gliscor|Toxic Orb|[from] move: Knock Off|[of] p1a: Weavile
|move|p2a: Gliscor|Toxic|p1a: Weavile
|-status|p1a: Weavile|tox
|
|-heal|p2a: Gliscor|39/100 tox|[from] Grassy Terrain
|-damage|p1a: Weavile|94/100 tox|[from] psn
|-heal|p2a: Gliscor|51/100 tox|[from] ability: Poison Heal
|-fieldend|move: Grassy Terrain
|upkeep
|turn|7
|c|☆NEZK025|thanks for the info
|c|☆NEZK025|now i gotta increase rilla speed
|
|t:|1760886975
|switch|p1a: Gholdengo|Gholdengo|100/100
|move|p2a: Gliscor|Earthquake|p1a: Gholdengo
|-supereffective|p1a: Gholdengo
|-crit|p1a: Gholdengo
|-damage|p1a: Gholdengo|23/100
|
|-heal|p2a: Gliscor|64/100 tox|[from] ability: Poison Heal
|upkeep
|turn|8
|
|t:|1760886981
|move|p2a: Gliscor|Protect|p2a: Gliscor
|-singleturn|p2a: Gliscor|Protect
|move|p1a: Gholdengo|Recover|p1a: Gholdengo
|-heal|p1a: Gholdengo|73/100
|
|-heal|p2a: Gliscor|76/100 tox|[from] ability: Poison Heal
|upkeep
|turn|9
|
|t:|1760886989
|switch|p2a: Alomomola|Alomomola, M|100/100
|move|p1a: Gholdengo|Make It Rain|p2a: Alomomola
|-resisted|p2a: Alomomola
|-damage|p2a: Alomomola|84/100
|-unboost|p1a: Gholdengo|spa|1
|
|upkeep
|turn|10
|
|t:|1760887003
|move|p1a: Gholdengo|Nasty Plot|p1a: Gholdengo
|-boost|p1a: Gholdengo|spa|2
|move|p2a: Alomomola|Flip Turn|p1a: Gholdengo
|-crit|p1a: Gholdengo
|-damage|p1a: Gholdengo|53/100
|
|t:|1760887013
|switch|p2a: Hoopa|Hoopa-Unbound|100/100|[from] Flip Turn
|
|upkeep
|turn|11
|
|t:|1760887023
|switch|p1a: Weavile|Weavile, F, tera:Dark|94/100 tox
|move|p2a: Hoopa|Knock Off|p1a: Weavile
|-resisted|p1a: Weavile
|-damage|p1a: Weavile|40/100 tox
|-enditem|p1a: Weavile|Choice Band|[from] move: Knock Off|[of] p2a: Hoopa
|-enditem|p2a: Hoopa|Choice Scarf|[silent]|[from] ability: Pickpocket|[of] p2a: Hoopa
|-item|p1a: Weavile|Choice Scarf|[from] ability: Pickpocket|[of] p2a: Hoopa
|-item|p2a: Hoopa|Choice Scarf|[from] ability: Magician|[of] p1a: Weavile
|
|-damage|p1a: Weavile|34/100 tox|[from] psn
|upkeep
|turn|12
|inactive|Tirpo8 has 120 seconds left.
|c|☆NEZK025|what
|c|☆Tirpo8|AHAH
|c|☆NEZK025|oh
|c|☆Tirpo8|it's the pickpocket into magician
|inactive|NEZK025 has 120 seconds left.
|j| iamfrhaan007
|c|☆Tirpo8|I was trying to understand what happened
|inactive|Tirpo8 has 90 seconds left.
|c|☆NEZK025|ok because vile is faster
|
|t:|1760887074
|move|p1a: Weavile|Ice Shard|p2a: Hoopa
|-damage|p2a: Hoopa|65/100
|move|p2a: Hoopa|Knock Off|p1a: Weavile
|-resisted|p1a: Weavile
|-damage|p1a: Weavile|3/100 tox
|-enditem|p2a: Hoopa|Choice Scarf|[silent]|[from] ability: Pickpocket|[of] p2a: Hoopa
|-item|p1a: Weavile|Choice Scarf|[from] ability: Pickpocket|[of] p2a: Hoopa
|-item|p2a: Hoopa|Choice Scarf|[from] ability: Magician|[of] p1a: Weavile
|
|-damage|p1a: Weavile|0 fnt|[from] psn
|faint|p1a: Weavile
|upkeep
|c|☆NEZK025|so you get to steel it]
|c|☆Tirpo8|what an interaction
|c|☆Tirpo8|never happened to me
|c|☆NEZK025|gotta save this replay
|c|☆Tirpo8|they usually run pressure
|c|☆NEZK025|yeah same
|
|t:|1760887097
|switch|p1a: Samurott|Samurott-Hisui, F|100/100
|turn|13
|
|t:|1760887104
|switch|p2a: Hydrapple|Hydrapple, F, shiny|100/100
|move|p1a: Samurott|Razor Shell|p2a: Hydrapple
|-resisted|p2a: Hydrapple
|-crit|p2a: Hydrapple
|-damage|p2a: Hydrapple|88/100
|-unboost|p2a: Hydrapple|def|1
|-damage|p1a: Samurott|84/100|[from] item: Rocky Helmet|[of] p2a: Hydrapple
|
|upkeep
|turn|14
|
|t:|1760887111
|move|p1a: Samurott|Flip Turn|p2a: Hydrapple
|-resisted|p2a: Hydrapple
|-damage|p2a: Hydrapple|82/100
|-damage|p1a: Samurott|68/100|[from] item: Rocky Helmet|[of] p2a: Hydrapple
|c|☆NEZK025|wait why they usually run pressure?
|inactive|NEZK025 has 90 seconds left.
|c|☆NEZK025|its useless on this
|
|t:|1760887133
|switch|p1a: Iron Treads|Iron Treads|100/100|[from] Flip Turn
|move|p2a: Hydrapple|Giga Drain|p1a: Iron Treads
|-damage|p1a: Iron Treads|67/100
|-heal|p2a: Hydrapple|98/100|[from] drain|[of] p1a: Iron Treads
|
|-heal|p1a: Iron Treads|73/100|[from] item: Leftovers
|upkeep
|turn|15
|
|t:|1760887138
|switch|p2a: Gliscor|Gliscor, M, tera:Fairy|76/100 tox
|move|p1a: Iron Treads|Stealth Rock|p2a: Gliscor
|-sidestart|p2: Tirpo8|move: Stealth Rock
|
|-heal|p1a: Iron Treads|79/100|[from] item: Leftovers
|-heal|p2a: Gliscor|89/100 tox|[from] ability: Poison Heal
|upkeep
|turn|16
|
|t:|1760887147
|-end|p1a: Iron Treads|Quark Drive|[silent]
|switch|p1a: Rillaboom|Rillaboom, F|79/100 tox
|-fieldstart|move: Grassy Terrain|[from] ability: Grassy Surge|[of] p1a: Rillaboom
|move|p2a: Gliscor|Earthquake|p1a: Rillaboom
|-resisted|p1a: Rillaboom
|-damage|p1a: Rillaboom|71/100 tox
|
|-heal|p2a: Gliscor|95/100 tox|[from] Grassy Terrain
|-heal|p1a: Rillaboom|78/100 tox|[from] Grassy Terrain
|-heal|p2a: Gliscor|100/100 tox|[from] ability: Poison Heal
|-damage|p1a: Rillaboom|71/100 tox|[from] psn
|upkeep
|turn|17
|
|t:|1760887155
|move|p2a: Gliscor|Protect|p2a: Gliscor
|-singleturn|p2a: Gliscor|Protect
|move|p1a: Rillaboom|U-turn|p2a: Gliscor
|-activate|p2a: Gliscor|move: Protect
|
|-heal|p1a: Rillaboom|78/100 tox|[from] Grassy Terrain
|-damage|p1a: Rillaboom|65/100 tox|[from] psn
|upkeep
|turn|18
|
|t:|1760887162
|move|p2a: Gliscor|Spikes|p1a: Rillaboom
|-sidestart|p1: NEZK025|Spikes
|move|p1a: Rillaboom|U-turn|p2a: Gliscor
|-resisted|p2a: Gliscor
|-damage|p2a: Gliscor|90/100 tox
|
|t:|1760887168
|switch|p1a: Gholdengo|Gholdengo|53/100|[from] U-turn
|-damage|p1a: Gholdengo|40/100|[from] Spikes
|
|-heal|p2a: Gliscor|97/100 tox|[from] Grassy Terrain
|-heal|p1a: Gholdengo|46/100|[from] Grassy Terrain
|-heal|p2a: Gliscor|100/100 tox|[from] ability: Poison Heal
|upkeep
|turn|19
|inactive|NEZK025 has 120 seconds left.
|
|t:|1760887174
|move|p2a: Gliscor|Spikes|p1a: Gholdengo
|-sidestart|p1: NEZK025|Spikes
|move|p1a: Gholdengo|Make It Rain|p2a: Gliscor
|-supereffective|p2a: Gliscor
|-damage|p2a: Gliscor|0 fnt
|-unboost|p1a: Gholdengo|spa|1
|faint|p2a: Gliscor
|
|-heal|p1a: Gholdengo|52/100|[from] Grassy Terrain
|upkeep
|c|☆Tirpo8|i wanted to switch
|c|☆Tirpo8|canceled too late
|c|☆Tirpo8|Fuck me
|
|t:|1760887189
|switch|p2a: Hoopa|Hoopa-Unbound|65/100
|-damage|p2a: Hoopa|53/100|[from] Stealth Rock
|turn|20
|c|☆NEZK025|yeah happens
|
|t:|1760887203
|switch|p1a: Iron Treads|Iron Treads|79/100
|-damage|p1a: Iron Treads|62/100|[from] Spikes
|move|p2a: Hoopa|Knock Off|p1a: Iron Treads
|-damage|p1a: Iron Treads|18/100
|-enditem|p1a: Iron Treads|Leftovers|[from] move: Knock Off|[of] p2a: Hoopa
|
|-heal|p2a: Hoopa|59/100|[from] Grassy Terrain
|-heal|p1a: Iron Treads|24/100|[from] Grassy Terrain
|-fieldend|move: Grassy Terrain
|upkeep
|turn|21
|
|t:|1760887214
|move|p2a: Hoopa|Knock Off|p1a: Iron Treads
|-damage|p1a: Iron Treads|0 fnt
|faint|p1a: Iron Treads
|-end|p1a: Iron Treads|Quark Drive|[silent]
|
|upkeep
|
|t:|1760887217
|switch|p1a: Samurott|Samurott-Hisui, F|68/100
|-damage|p1a: Samurott|51/100|[from] Spikes
|turn|22
|
|t:|1760887224
|switch|p2a: Hydrapple|Hydrapple, F, shiny|100/100
|-damage|p2a: Hydrapple|88/100|[from] Stealth Rock
|move|p1a: Samurott|Ceaseless Edge|p2a: Hydrapple|[miss]
|-miss|p1a: Samurott|p2a: Hydrapple
|
|upkeep
|turn|23
|
|t:|1760887234
|move|p1a: Samurott|Ceaseless Edge|p2a: Hydrapple
|-damage|p2a: Hydrapple|62/100
|-damage|p1a: Samurott|35/100|[from] item: Rocky Helmet|[of] p2a: Hydrapple
|-sidestart|p2: Tirpo8|Spikes
|move|p2a: Hydrapple|Giga Drain|p1a: Samurott
|-supereffective|p1a: Samurott
|-damage|p1a: Samurott|0 fnt
|-heal|p2a: Hydrapple|78/100|[from] drain|[of] p1a: Samurott
|faint|p1a: Samurott
|
|upkeep
|
|t:|1760887243
|switch|p1a: Gholdengo|Gholdengo|52/100
|-damage|p1a: Gholdengo|36/100|[from] Spikes
|turn|24
|
|t:|1760887248
|move|p1a: Gholdengo|Recover|p1a: Gholdengo
|-heal|p1a: Gholdengo|86/100
|move|p2a: Hydrapple|Earth Power|p1a: Gholdengo
|-supereffective|p1a: Gholdengo
|-crit|p1a: Gholdengo
|-damage|p1a: Gholdengo|5/100
|
|upkeep
|turn|25
|
|t:|1760887255
|move|p1a: Gholdengo|Make It Rain|p2a: Hydrapple
|-damage|p2a: Hydrapple|12/100
|-unboost|p1a: Gholdengo|spa|1
|move|p2a: Hydrapple|Earth Power|p1a: Gholdengo
|-supereffective|p1a: Gholdengo
|-damage|p1a: Gholdengo|0 fnt
|faint|p1a: Gholdengo
|
|upkeep
|
|t:|1760887262
|switch|p1a: Rillaboom|Rillaboom, F|65/100 tox
|-fieldstart|move: Grassy Terrain|[from] ability: Grassy Surge|[of] p1a: Rillaboom
|turn|26
|
|t:|1760887270
|switch|p2a: Gholdengo|Gholdengo|100/100
|-damage|p2a: Gholdengo|94/100|[from] Stealth Rock
|-item|p2a: Gholdengo|Air Balloon
|move|p1a: Rillaboom|U-turn|p2a: Gholdengo
|-resisted|p2a: Gholdengo
|-damage|p2a: Gholdengo|90/100
|-enditem|p2a: Gholdengo|Air Balloon
|
|t:|1760887275
|switch|p1a: Raging Bolt|Raging Bolt|100/100|[from] U-turn
|-damage|p1a: Raging Bolt|84/100|[from] Spikes
|
|-heal|p2a: Gholdengo|96/100|[from] Grassy Terrain
|-heal|p1a: Raging Bolt|90/100|[from] Grassy Terrain
|-heal|p1a: Raging Bolt|96/100|[from] item: Leftovers
|upkeep
|turn|27
|
|t:|1760887282
|switch|p2a: Hoopa|Hoopa-Unbound|59/100
|-damage|p2a: Hoopa|47/100|[from] Stealth Rock
|-damage|p2a: Hoopa|34/100|[from] Spikes
|move|p1a: Raging Bolt|Calm Mind|p1a: Raging Bolt
|-boost|p1a: Raging Bolt|spa|1
|-boost|p1a: Raging Bolt|spd|1
|
|-heal|p2a: Hoopa|40/100|[from] Grassy Terrain
|-heal|p1a: Raging Bolt|100/100|[from] Grassy Terrain
|upkeep
|turn|28
|
|t:|1760887290
|-end|p1a: Raging Bolt|Protosynthesis|[silent]
|switch|p1a: Rillaboom|Rillaboom, F|65/100 tox
|move|p2a: Hoopa|Trick|p1a: Rillaboom
|-activate|p2a: Hoopa|move: Trick|[of] p1a: Rillaboom
|-item|p1a: Rillaboom|Choice Scarf|[from] move: Trick
|-item|p2a: Hoopa|Heavy-Duty Boots|[from] move: Trick
|
|-heal|p1a: Rillaboom|71/100 tox|[from] Grassy Terrain
|-heal|p2a: Hoopa|46/100|[from] Grassy Terrain
|-damage|p1a: Rillaboom|65/100 tox|[from] psn
|upkeep
|turn|29
|c|☆NEZK025|that was close
|c|☆Tirpo8|yeee
|
|t:|1760887310
|switch|p2a: Gholdengo|Gholdengo|96/100
|-damage|p2a: Gholdengo|90/100|[from] Stealth Rock
|-damage|p2a: Gholdengo|77/100|[from] Spikes
|move|p1a: Rillaboom|U-turn|p2a: Gholdengo
|-resisted|p2a: Gholdengo
|-damage|p2a: Gholdengo|72/100
|
|t:|1760887314
|switch|p1a: Raging Bolt|Raging Bolt|100/100|[from] U-turn
|-damage|p1a: Raging Bolt|84/100|[from] Spikes
|
|-heal|p2a: Gholdengo|79/100|[from] Grassy Terrain
|-heal|p1a: Raging Bolt|90/100|[from] Grassy Terrain
|-heal|p1a: Raging Bolt|96/100|[from] item: Leftovers
|upkeep
|turn|30
|
|t:|1760887318
|switch|p2a: Alomomola|Alomomola, M|100/100
|-damage|p2a: Alomomola|88/100|[from] Stealth Rock
|-damage|p2a: Alomomola|76/100|[from] Spikes
|move|p1a: Raging Bolt|Calm Mind|p1a: Raging Bolt
|-boost|p1a: Raging Bolt|spa|1
|-boost|p1a: Raging Bolt|spd|1
|
|-heal|p1a: Raging Bolt|100/100|[from] Grassy Terrain
|-heal|p2a: Alomomola|82/100|[from] Grassy Terrain
|-fieldend|move: Grassy Terrain
|upkeep
|turn|31
|
|t:|1760887323
|move|p1a: Raging Bolt|Calm Mind|p1a: Raging Bolt
|-boost|p1a: Raging Bolt|spa|1
|-boost|p1a: Raging Bolt|spd|1
|move|p2a: Alomomola|Mirror Coat||[still]
|-fail|p2a: Alomomola
|
|upkeep
|turn|32
|c|☆NEZK025|wow me knowing these sets really coming in handy
|
|t:|1760887341
|move|p1a: Raging Bolt|Calm Mind|p1a: Raging Bolt
|-boost|p1a: Raging Bolt|spa|1
|-boost|p1a: Raging Bolt|spd|1
|move|p2a: Alomomola|Body Slam|p1a: Raging Bolt
|-damage|p1a: Raging Bolt|88/100
|
|-heal|p1a: Raging Bolt|95/100|[from] item: Leftovers
|upkeep
|turn|33
|
|t:|1760887353
|move|p1a: Raging Bolt|Calm Mind|p1a: Raging Bolt
|-boost|p1a: Raging Bolt|spa|1
|-boost|p1a: Raging Bolt|spd|1
|move|p2a: Alomomola|Body Slam|p1a: Raging Bolt
|-damage|p1a: Raging Bolt|82/100
|
|-heal|p1a: Raging Bolt|89/100|[from] item: Leftovers
|upkeep
|turn|34
|
|t:|1760887365
|move|p1a: Raging Bolt|Thunderbolt|p2a: Alomomola
|-supereffective|p2a: Alomomola
|-damage|p2a: Alomomola|0 fnt
|faint|p2a: Alomomola
|
|-heal|p1a: Raging Bolt|95/100|[from] item: Leftovers
|upkeep
|
|t:|1760887372
|switch|p2a: Gholdengo|Gholdengo|79/100
|-damage|p2a: Gholdengo|72/100|[from] Stealth Rock
|-damage|p2a: Gholdengo|60/100|[from] Spikes
|turn|35
|
|t:|1760887377
|move|p2a: Gholdengo|Recover|p2a: Gholdengo
|-heal|p2a: Gholdengo|100/100
|move|p1a: Raging Bolt|Thunderbolt|p2a: Gholdengo
|-damage|p2a: Gholdengo|0 fnt
|faint|p2a: Gholdengo
|
|-heal|p1a: Raging Bolt|100/100|[from] item: Leftovers
|upkeep
|
|t:|1760887379
|switch|p2a: Hoopa|Hoopa-Unbound|46/100
|turn|36
|
|t:|1760887385
|move|p2a: Hoopa|Knock Off|p1a: Raging Bolt
|-damage|p1a: Raging Bolt|53/100
|-enditem|p1a: Raging Bolt|Leftovers|[from] move: Knock Off|[of] p2a: Hoopa
|move|p1a: Raging Bolt|Thunderbolt|p2a: Hoopa
|-damage|p2a: Hoopa|0 fnt
|faint|p2a: Hoopa
|
|upkeep
|
|t:|1760887388
|switch|p2a: Hydrapple|Hydrapple, F, shiny|45/100
|-damage|p2a: Hydrapple|32/100|[from] Stealth Rock
|-damage|p2a: Hydrapple|20/100|[from] Spikes
|turn|37
|c|☆NEZK025|ggwp
|
|t:|1760887399
|move|p1a: Raging Bolt|Thunderbolt|p2a: Hydrapple
|-resisted|p2a: Hydrapple
|-damage|p2a: Hydrapple|0 fnt
|faint|p2a: Hydrapple
|
|win|NEZK025
|raw|NEZK025's rating: 1513 &rarr; <strong>1534</strong><br />(+21 for winning)
|raw|Tirpo8's rating: 1522 &rarr; <strong>1501</strong><br />(-21 for losing)
|c|☆Tirpo8|gg
|l|☆Tirpo8
|player|p2|
|c|☆NEZK025|was one of the best battles i ever had
