|j|☆pikapika owo
|j|☆FittedCrib05
|t:|1760823839
|gametype|singles
|player|p1|pikapika owo|pokekid|1252
|player|p2|FittedCrib05|wallace|1315
|gen|9
|tier|[Gen 9] OU
|rated|
|rule|HP Percentage Mod: HP is shown in percentages
|rule|Endless Battle Clause: Forcing endless battles is banned
|rule|Species Clause: Limit one of each Pokémon
|rule|OHKO Clause: OHKO moves are banned
|rule|Evasion Items Clause: Evasion items are banned
|rule|Evasion Moves Clause: Evasion moves are banned
|rule|Evasion Abilities Clause: Evasion abilities are banned
|rule|Sleep Moves Clause: Sleep-inducing moves are banned
|clearpoke
|poke|p1|Lokix, F|
|poke|p1|Cinderace, F|
|poke|p1|Great Tusk|
|poke|p1|Alomomola, F|
|poke|p1|Enamorus, F|
|poke|p1|Slowking-Galar, F|
|poke|p2|Suicune|
|poke|p2|Weavile, M|
|poke|p2|Walking Wake|
|poke|p2|Shaymin|
|poke|p2|Cinderace, M|
|poke|p2|Gliscor, M|
|teampreview
|
|t:|1760823873
|teamsize|p1|6
|teamsize|p2|6
|start
|switch|p1a: Lokix|Lokix, F|100/100
|switch|p2a: Gliscor|Gliscor, M|100/100
|turn|1
|
|t:|1760823876
|move|p2a: Gliscor|Protect|p2a: Gliscor
|-singleturn|p2a: Gliscor|Protect
|move|p1a: Lokix|U-turn|p2a: Gliscor
|-activate|p2a: Gliscor|move: Protect
|
|-status|p2a: Gliscor|tox|[from] item: Toxic Orb
|upkeep
|turn|2
|
|t:|1760823882
|move|p1a: Lokix|U-turn|p2a: Gliscor
|-resisted|p2a: Gliscor
|-damage|p2a: Gliscor|61/100 tox
|
|t:|1760823900
|switch|p1a: Slowking|Slowking-Galar, F|100/100|[from] U-turn
|move|p2a: Gliscor|Toxic|p1a: Slowking
|-immune|p1a: Slowking
|
|-heal|p2a: Gliscor|73/100 tox|[from] ability: Poison Heal
|upkeep
|turn|3
|
|t:|1760823910
|switch|p2a: Weavile|Weavile, M|100/100
|-ability|p2a: Weavile|Pressure
|move|p1a: Slowking|Ice Beam|p2a: Weavile
|-resisted|p2a: Weavile
|-damage|p2a: Weavile|86/100
|
|upkeep
|turn|4
|
|t:|1760823928
|move|p2a: Weavile|Knock Off|p1a: Slowking
|-supereffective|p1a: Slowking
|-damage|p1a: Slowking|29/100
|-enditem|p1a: Slowking|Shuca Berry|[from] move: Knock Off|[of] p2a: Weavile
|-prepare|p1a: Slowking|Chilly Reception|[premajor]
|move|p1a: Slowking|Chilly Reception|p1a: Slowking
|-weather|Snowscape
|
|t:|1760823934
|switch|p1a: Enamorus|Enamorus, F|100/100|[from] Chilly Reception
|
|-weather|Snowscape|[upkeep]
|upkeep
|turn|5
|
|t:|1760823960
|switch|p2a: Cinderace|Cinderace, M|100/100
|move|p1a: Enamorus|Moonblast|p2a: Cinderace
|-resisted|p2a: Cinderace
|-damage|p2a: Cinderace|64/100
|-unboost|p2a: Cinderace|spa|1
|
|-weather|Snowscape|[upkeep]
|upkeep
|turn|6
|
|t:|1760823979
|switch|p1a: Slowking|Slowking-Galar, F|62/100
|move|p2a: Cinderace|U-turn|p1a: Slowking
|-start|p2a: Cinderace|typechange|Bug|[from] ability: Libero
|-damage|p1a: Slowking|38/100
|
|t:|1760823987
|switch|p2a: Main course|Suicune|100/100|[from] U-turn
|-ability|p2a: Main course|Pressure
|
|-weather|Snowscape|[upkeep]
|upkeep
|turn|7
|
|t:|1760824019
|move|p2a: Main course|Substitute|p2a: Main course
|-start|p2a: Main course|Substitute
|-damage|p2a: Main course|75/100
|-prepare|p1a: Slowking|Chilly Reception|[premajor]
|move|p1a: Slowking|Chilly Reception|p1a: Slowking
|
|t:|1760824037
|switch|p1a: Lokix|Lokix, F|100/100|[from] Chilly Reception
|
|-weather|Snowscape|[upkeep]
|-heal|p2a: Main course|82/100|[from] item: Leftovers
|upkeep
|turn|8
|
|t:|1760824039
|move|p2a: Main course|Protect|p2a: Main course
|-singleturn|p2a: Main course|Protect
|move|p1a: Lokix|U-turn|p2a: Main course
|-activate|p2a: Main course|move: Protect
|
|-weather|none
|-heal|p2a: Main course|88/100|[from] item: Leftovers
|upkeep
|turn|9
|
|t:|1760824041
|move|p1a: Lokix|U-turn|p2a: Main course
|-end|p2a: Main course|Substitute
|
|t:|1760824066
|switch|p1a: Alomomola|Alomomola, F|100/100|[from] U-turn
|move|p2a: Main course|Substitute|p2a: Main course
|-start|p2a: Main course|Substitute
|-damage|p2a: Main course|63/100
|
|-heal|p2a: Main course|69/100|[from] item: Leftovers
|upkeep
|turn|10
|
|t:|1760824073
|move|p1a: Alomomola|Aqua Jet|p2a: Main course
|-resisted|p2a: Main course
|-activate|p2a: Main course|move: Substitute|[damage]
|move|p2a: Main course|Calm Mind|p2a: Main course
|-boost|p2a: Main course|spa|1
|-boost|p2a: Main course|spd|1
|
|-heal|p2a: Main course|75/100|[from] item: Leftovers
|upkeep
|turn|11
|
|t:|1760824086
|move|p2a: Main course|Calm Mind|p2a: Main course
|-boost|p2a: Main course|spa|1
|-boost|p2a: Main course|spd|1
|move|p1a: Alomomola|Body Slam|p2a: Main course
|-activate|p2a: Main course|move: Substitute|[damage]
|
|-heal|p2a: Main course|81/100|[from] item: Leftovers
|upkeep
|turn|12
|
|t:|1760824114
|move|p2a: Main course|Calm Mind|p2a: Main course
|-boost|p2a: Main course|spa|1
|-boost|p2a: Main course|spd|1
|move|p1a: Alomomola|Body Slam|p2a: Main course
|-crit|p2a: Main course
|-end|p2a: Main course|Substitute
|
|-heal|p2a: Main course|88/100|[from] item: Leftovers
|upkeep
|turn|13
|
|t:|1760824122
|move|p2a: Main course|Substitute|p2a: Main course
|-start|p2a: Main course|Substitute
|-damage|p2a: Main course|63/100
|move|p1a: Alomomola|Flip Turn|p2a: Main course
|-resisted|p2a: Main course
|-activate|p2a: Main course|move: Substitute|[damage]
|
|t:|1760824124
|switch|p1a: Lokix|Lokix, F|100/100|[from] Flip Turn
|
|-heal|p2a: Main course|69/100|[from] item: Leftovers
|upkeep
|turn|14
|
|t:|1760824127
|move|p2a: Main course|Protect|p2a: Main course
|-singleturn|p2a: Main course|Protect
|move|p1a: Lokix|U-turn|p2a: Main course
|-activate|p2a: Main course|move: Protect
|
|-heal|p2a: Main course|75/100|[from] item: Leftovers
|upkeep
|turn|15
|
|t:|1760824136
|move|p1a: Lokix|U-turn|p2a: Main course
|-end|p2a: Main course|Substitute
|
|t:|1760824139
|switch|p1a: Alomomola|Alomomola, F|100/100|[from] U-turn
|move|p2a: Main course|Scald|p1a: Alomomola
|-resisted|p1a: Alomomola
|-damage|p1a: Alomomola|85/100
|
|-heal|p2a: Main course|81/100|[from] item: Leftovers
|upkeep
|turn|16
|
|t:|1760824147
|move|p2a: Main course|Substitute|p2a: Main course
|-start|p2a: Main course|Substitute
|-damage|p2a: Main course|56/100
|move|p1a: Alomomola|Flip Turn|p2a: Main course
|-resisted|p2a: Main course
|-activate|p2a: Main course|move: Substitute|[damage]
|
|t:|1760824150
|switch|p1a: Lokix|Lokix, F|100/100|[from] Flip Turn
|
|-heal|p2a: Main course|62/100|[from] item: Leftovers
|upkeep
|turn|17
|
|t:|1760824155
|move|p2a: Main course|Protect|p2a: Main course
|-singleturn|p2a: Main course|Protect
|move|p1a: Lokix|U-turn|p2a: Main course
|-activate|p2a: Main course|move: Protect
|
|-heal|p2a: Main course|69/100|[from] item: Leftovers
|upkeep
|turn|18
|
|t:|1760824161
|move|p1a: Lokix|U-turn|p2a: Main course
|-end|p2a: Main course|Substitute
|
|t:|1760824163
|switch|p1a: Alomomola|Alomomola, F|100/100|[from] U-turn
|move|p2a: Main course|Substitute|p2a: Main course
|-start|p2a: Main course|Substitute
|-damage|p2a: Main course|44/100
|
|-heal|p2a: Main course|50/100|[from] item: Leftovers
|upkeep
|turn|19
|
|t:|1760824170
|move|p2a: Main course|Protect|p2a: Main course
|-singleturn|p2a: Main course|Protect
|move|p1a: Alomomola|Body Slam|p2a: Main course
|-activate|p2a: Main course|move: Protect
|
|-heal|p2a: Main course|56/100|[from] item: Leftovers
|upkeep
|turn|20
|
|t:|1760824184
|move|p2a: Main course|Calm Mind|p2a: Main course
|-boost|p2a: Main course|spa|1
|-boost|p2a: Main course|spd|1
|move|p1a: Alomomola|Body Slam|p2a: Main course
|-crit|p2a: Main course
|-activate|p2a: Main course|move: Substitute|[damage]
|
|-heal|p2a: Main course|62/100|[from] item: Leftovers
|upkeep
|turn|21
|
|t:|1760824195
|switch|p1a: Lokix|Lokix, F|100/100
|move|p2a: Main course|Scald|p1a: Lokix
|-damage|p1a: Lokix|0 fnt
|faint|p1a: Lokix
|
|-heal|p2a: Main course|68/100|[from] item: Leftovers
|upkeep
|
|t:|1760824212
|switch|p1a: Slowking|Slowking-Galar, F|71/100
|turn|22
|
|t:|1760824215
|switch|p1a: Alomomola|Alomomola, F|100/100
|move|p2a: Main course|Scald|p1a: Alomomola
|-resisted|p1a: Alomomola
|-damage|p1a: Alomomola|81/100
|
|-heal|p2a: Main course|75/100|[from] item: Leftovers
|upkeep
|turn|23
|
|t:|1760824224
|move|p2a: Main course|Calm Mind|p2a: Main course
|-boost|p2a: Main course|spa|1
|-boost|p2a: Main course|spd|1
|move|p1a: Alomomola|Body Slam|p2a: Main course
|-end|p2a: Main course|Substitute
|
|-heal|p2a: Main course|81/100|[from] item: Leftovers
|upkeep
|turn|24
|
|t:|1760824234
|move|p2a: Main course|Substitute|p2a: Main course
|-start|p2a: Main course|Substitute
|-damage|p2a: Main course|56/100
|move|p1a: Alomomola|Body Slam|p2a: Main course
|-activate|p2a: Main course|move: Substitute|[damage]
|
|-heal|p2a: Main course|62/100|[from] item: Leftovers
|upkeep
|turn|25
|
|t:|1760824241
|move|p2a: Main course|Calm Mind|p2a: Main course
|-boost|p2a: Main course|spa|1
|-boost|p2a: Main course|spd|1
|move|p1a: Alomomola|Body Slam|p2a: Main course
|-activate|p2a: Main course|move: Substitute|[damage]
|
|-heal|p2a: Main course|68/100|[from] item: Leftovers
|upkeep
|turn|26
|
|t:|1760824250
|move|p2a: Main course|Scald|p1a: Alomomola
|-resisted|p1a: Alomomola
|-damage|p1a: Alomomola|56/100
|-status|p1a: Alomomola|brn
|move|p1a: Alomomola|Body Slam|p2a: Main course
|-end|p2a: Main course|Substitute
|
|-heal|p2a: Main course|74/100|[from] item: Leftovers
|-damage|p1a: Alomomola|50/100 brn|[from] brn
|upkeep
|turn|27
|
|t:|1760824263
|move|p2a: Main course|Protect|p2a: Main course
|-singleturn|p2a: Main course|Protect
|move|p1a: Alomomola|Flip Turn|p2a: Main course
|-activate|p2a: Main course|move: Protect
|
|-heal|p2a: Main course|80/100|[from] item: Leftovers
|-damage|p1a: Alomomola|44/100 brn|[from] brn
|upkeep
|turn|28
|
|t:|1760824276
|move|p2a: Main course|Scald|p1a: Alomomola
|-resisted|p1a: Alomomola
|-damage|p1a: Alomomola|18/100 brn
|move|p1a: Alomomola|Flip Turn|p2a: Main course
|-resisted|p2a: Main course
|-damage|p2a: Main course|77/100
|
|t:|1760824281
|switch|p1a: Cinderace|Cinderace, F|100/100|[from] Flip Turn
|
|-heal|p2a: Main course|83/100|[from] item: Leftovers
|upkeep
|turn|29
|
|t:|1760824288
|move|p1a: Cinderace|Will-O-Wisp|p2a: Main course
|-status|p2a: Main course|brn
|move|p2a: Main course|Scald|p1a: Cinderace
|-supereffective|p1a: Cinderace
|-damage|p1a: Cinderace|0 fnt
|faint|p1a: Cinderace
|
|-heal|p2a: Main course|90/100 brn|[from] item: Leftovers
|-damage|p2a: Main course|83/100 brn|[from] brn
|upkeep
|
|t:|1760824290
|switch|p1a: Alomomola|Alomomola, F|51/100 brn
|turn|30
|
|t:|1760824295
|move|p2a: Main course|Substitute|p2a: Main course
|-start|p2a: Main course|Substitute
|-damage|p2a: Main course|58/100 brn
|move|p1a: Alomomola|Mirror Coat||[still]
|-fail|p1a: Alomomola
|
|-heal|p2a: Main course|65/100 brn|[from] item: Leftovers
|-damage|p2a: Main course|58/100 brn|[from] brn
|-damage|p1a: Alomomola|45/100 brn|[from] brn
|upkeep
|turn|31
|
|t:|1760824305
|move|p2a: Main course|Scald|p1a: Alomomola
|-resisted|p1a: Alomomola
|-damage|p1a: Alomomola|22/100 brn
|move|p1a: Alomomola|Flip Turn|p2a: Main course
|-resisted|p2a: Main course
|-activate|p2a: Main course|move: Substitute|[damage]
|
|t:|1760824311
|switch|p1a: Slowking|Slowking-Galar, F|100/100|[from] Flip Turn
|
|-heal|p2a: Main course|65/100 brn|[from] item: Leftovers
|-damage|p2a: Main course|58/100 brn|[from] brn
|upkeep
|turn|32
|
|t:|1760824321
|switch|p1a: Alomomola|Alomomola, F|56/100 brn
|move|p2a: Main course|Scald|p1a: Alomomola
|-resisted|p1a: Alomomola
|-damage|p1a: Alomomola|30/100 brn
|
|-heal|p2a: Main course|65/100 brn|[from] item: Leftovers
|-damage|p2a: Main course|58/100 brn|[from] brn
|-damage|p1a: Alomomola|24/100 brn|[from] brn
|upkeep
|turn|33
|
|t:|1760824330
|switch|p1a: Slowking|Slowking-Galar, F|100/100
|move|p2a: Main course|Scald|p1a: Slowking
|-damage|p1a: Slowking|24/100
|
|-heal|p2a: Main course|65/100 brn|[from] item: Leftovers
|-damage|p2a: Main course|58/100 brn|[from] brn
|upkeep
|turn|34
|
|t:|1760824341
|-terastallize|p1a: Slowking|Water
|move|p2a: Main course|Scald|p1a: Slowking
|-resisted|p1a: Slowking
|-damage|p1a: Slowking|0 fnt
|faint|p1a: Slowking
|
|-heal|p2a: Main course|65/100 brn|[from] item: Leftovers
|-damage|p2a: Main course|58/100 brn|[from] brn
|upkeep
|
|t:|1760824343
|switch|p1a: Alomomola|Alomomola, F|58/100 brn
|turn|35
|
|t:|1760824351
|move|p2a: Main course|Scald|p1a: Alomomola
|-resisted|p1a: Alomomola
|-damage|p1a: Alomomola|33/100 brn
|move|p1a: Alomomola|Mirror Coat|p2a: Main course
|-end|p2a: Main course|Substitute
|
|-heal|p2a: Main course|65/100 brn|[from] item: Leftovers
|-damage|p2a: Main course|58/100 brn|[from] brn
|-damage|p1a: Alomomola|26/100 brn|[from] brn
|upkeep
|turn|36
|
|t:|1760824357
|move|p2a: Main course|Substitute|p2a: Main course
|-start|p2a: Main course|Substitute
|-damage|p2a: Main course|33/100 brn
|move|p1a: Alomomola|Flip Turn|p2a: Main course
|-resisted|p2a: Main course
|-activate|p2a: Main course|move: Substitute|[damage]
|
|t:|1760824359
|switch|p1a: Enamorus|Enamorus, F|100/100|[from] Flip Turn
|
|-heal|p2a: Main course|40/100 brn|[from] item: Leftovers
|-damage|p2a: Main course|33/100 brn|[from] brn
|upkeep
|turn|37
|
|t:|1760824365
|move|p1a: Enamorus|Moonblast|p2a: Main course
|-activate|p2a: Main course|move: Substitute|[damage]
|move|p2a: Main course|Scald|p1a: Enamorus
|-damage|p1a: Enamorus|0 fnt
|faint|p1a: Enamorus
|
|-heal|p2a: Main course|40/100 brn|[from] item: Leftovers
|-damage|p2a: Main course|33/100 brn|[from] brn
|upkeep
|
|t:|1760824369
|switch|p1a: Alomomola|Alomomola, F|60/100 brn
|turn|38
|
|t:|1760824372
|move|p2a: Main course|Protect|p2a: Main course
|-singleturn|p2a: Main course|Protect
|move|p1a: Alomomola|Mirror Coat||[still]
|-fail|p1a: Alomomola
|
|-heal|p2a: Main course|40/100 brn|[from] item: Leftovers
|-damage|p2a: Main course|33/100 brn|[from] brn
|-damage|p1a: Alomomola|53/100 brn|[from] brn
|upkeep
|turn|39
|
|t:|1760824377
|move|p2a: Main course|Calm Mind|p2a: Main course
|-boost|p2a: Main course|spa|0
|-boost|p2a: Main course|spd|0
|move|p1a: Alomomola|Mirror Coat||[still]
|-fail|p1a: Alomomola
|
|-heal|p2a: Main course|40/100 brn|[from] item: Leftovers
|-damage|p2a: Main course|33/100 brn|[from] brn
|-damage|p1a: Alomomola|47/100 brn|[from] brn
|upkeep
|turn|40
|
|t:|1760824382
|move|p2a: Main course|Calm Mind|p2a: Main course
|-boost|p2a: Main course|spa|0
|-boost|p2a: Main course|spd|0
|move|p1a: Alomomola|Flip Turn|p2a: Main course
|-resisted|p2a: Main course
|-activate|p2a: Main course|move: Substitute|[damage]
|
|t:|1760824384
|switch|p1a: Great Tusk|Great Tusk|100/100|[from] Flip Turn
|
|-heal|p2a: Main course|40/100 brn|[from] item: Leftovers
|-damage|p2a: Main course|33/100 brn|[from] brn
|upkeep
|turn|41
|
|t:|1760824387
|-end|p1a: Great Tusk|Protosynthesis|[silent]
|switch|p1a: Alomomola|Alomomola, F|81/100 brn
|move|p2a: Main course|Scald|p1a: Alomomola
|-resisted|p1a: Alomomola
|-damage|p1a: Alomomola|57/100 brn
|
|-heal|p2a: Main course|40/100 brn|[from] item: Leftovers
|-damage|p2a: Main course|33/100 brn|[from] brn
|-damage|p1a: Alomomola|50/100 brn|[from] brn
|upkeep
|turn|42
|
|t:|1760824392
|move|p2a: Main course|Calm Mind|p2a: Main course
|-boost|p2a: Main course|spa|0
|-boost|p2a: Main course|spd|0
|move|p1a: Alomomola|Flip Turn|p2a: Main course
|-resisted|p2a: Main course
|-activate|p2a: Main course|move: Substitute|[damage]
|
|t:|1760824394
|switch|p1a: Great Tusk|Great Tusk|100/100|[from] Flip Turn
|
|-heal|p2a: Main course|40/100 brn|[from] item: Leftovers
|-damage|p2a: Main course|33/100 brn|[from] brn
|upkeep
|turn|43
|
|t:|1760824402
|-end|p1a: Great Tusk|Protosynthesis|[silent]
|switch|p1a: Alomomola|Alomomola, F|84/100 brn
|switch|p2a: Gliscor|Gliscor, M|73/100 tox
|
|-heal|p2a: Gliscor|86/100 tox|[from] ability: Poison Heal
|-damage|p1a: Alomomola|78/100 brn|[from] brn
|upkeep
|turn|44
|
|t:|1760824417
|switch|p2a: Walking Wake|Walking Wake|100/100
|move|p1a: Alomomola|Aqua Jet|p2a: Walking Wake
|-resisted|p2a: Walking Wake
|-damage|p2a: Walking Wake|99/100
|
|-damage|p1a: Alomomola|71/100 brn|[from] brn
|upkeep
|turn|45
|
|t:|1760824422
|move|p2a: Walking Wake|Flip Turn|p1a: Alomomola
|-resisted|p1a: Alomomola
|-damage|p1a: Alomomola|66/100 brn
|
|t:|1760824424
|-end|p2a: Walking Wake|Protosynthesis|[silent]
|switch|p2a: Shaymin|Shaymin|100/100|[from] Flip Turn
|move|p1a: Alomomola|Body Slam|p2a: Shaymin
|-damage|p2a: Shaymin|95/100
|
|-heal|p2a: Shaymin|100/100|[from] item: Leftovers
|-damage|p1a: Alomomola|60/100 brn|[from] brn
|upkeep
|turn|46
|
|t:|1760824432
|move|p2a: Shaymin|Giga Drain|p1a: Alomomola
|-supereffective|p1a: Alomomola
|-damage|p1a: Alomomola|37/100 brn
|move|p1a: Alomomola|Flip Turn|p2a: Shaymin
|-resisted|p2a: Shaymin
|-damage|p2a: Shaymin|98/100
|
|t:|1760824434
|switch|p1a: Great Tusk|Great Tusk|100/100|[from] Flip Turn
|
|-heal|p2a: Shaymin|100/100|[from] item: Leftovers
|upkeep
|turn|47
|
|t:|1760824441
|move|p1a: Great Tusk|Rapid Spin|p2a: Shaymin
|-crit|p2a: Shaymin
|-damage|p2a: Shaymin|85/100
|-boost|p1a: Great Tusk|spe|1
|move|p2a: Shaymin|Giga Drain|p1a: Great Tusk
|-supereffective|p1a: Great Tusk
|-damage|p1a: Great Tusk|36/100
|-heal|p2a: Shaymin|100/100|[from] drain|[of] p1a: Great Tusk
|
|-heal|p1a: Great Tusk|42/100|[from] item: Leftovers
|upkeep
|turn|48
|
|t:|1760824452
|move|p1a: Great Tusk|Knock Off|p2a: Shaymin
|-damage|p2a: Shaymin|82/100
|-enditem|p2a: Shaymin|Leftovers|[from] move: Knock Off|[of] p1a: Great Tusk
|move|p2a: Shaymin|Giga Drain|p1a: Great Tusk
|-supereffective|p1a: Great Tusk
|-damage|p1a: Great Tusk|0 fnt
|-heal|p2a: Shaymin|100/100|[from] drain|[of] p1a: Great Tusk
|faint|p1a: Great Tusk
|-end|p1a: Great Tusk|Protosynthesis|[silent]
|
|upkeep
|
|t:|1760824455
|switch|p1a: Alomomola|Alomomola, F|70/100 brn
|turn|49
|-message|pikapika owo forfeited.
|
|win|FittedCrib05
|raw|pikapika owo's rating: 1252 &rarr; <strong>1231</strong><br />(-21 for losing)
|raw|FittedCrib05's rating: 1315 &rarr; <strong>1331</strong><br />(+16 for winning)
|l|☆pikapika owo
|player|p1|
|l|☆FittedCrib05
|player|p2|
