|j|☆njfkln
|j|☆e0_o
|t:|1760848808
|gametype|singles
|player|p1|njfkln|170|1260
|player|p2|e0_o|ethan-gen2c|1243
|gen|9
|tier|[Gen 9] OU
|rated|
|rule|HP Percentage Mod: HP is shown in percentages
|rule|Endless Battle Clause: Forcing endless battles is banned
|rule|Species Clause: Limit one of each Pokémon
|rule|OHKO Clause: OHKO moves are banned
|rule|Evasion Items Clause: Evasion items are banned
|rule|Evasion Moves Clause: Evasion moves are banned
|rule|Evasion Abilities Clause: Evasion abilities are banned
|rule|Sleep Moves Clause: Sleep-inducing moves are banned
|clearpoke
|poke|p1|Iron Treads|
|poke|p1|Iron Moth|
|poke|p1|Pincurchin, M|
|poke|p1|Iron Hands|
|poke|p1|Ceruledge, F|
|poke|p1|Rotom-Wash|
|poke|p2|Iron Moth|
|poke|p2|Great Tusk|
|poke|p2|Ogerpon-Wellspring, F|
|poke|p2|Gholdengo|
|poke|p2|Pecharunt|
|poke|p2|Rillaboom, M|
|teampreview
|inactive|Battle timer is ON: inactive players will automatically lose when time's up. (requested by e0_o)
|
|t:|1760848819
|teamsize|p1|6
|teamsize|p2|6
|start
|switch|p1a: Ceruledge|Ceruledge, F, shiny|100/100
|switch|p2a: Ogerpon|Ogerpon-Wellspring, F|100/100
|turn|1
|
|t:|1760848824
|move|p2a: Ogerpon|U-turn|p1a: Ceruledge
|-resisted|p1a: Ceruledge
|-damage|p1a: Ceruledge|90/100
|-ability|p1a: Ceruledge|Weak Armor|boost
|-unboost|p1a: Ceruledge|def|1
|-boost|p1a: Ceruledge|spe|2
|
|t:|1760848830
|switch|p2a: Great Tusk|Great Tusk|100/100|[from] U-turn
|move|p1a: Ceruledge|Swords Dance|p1a: Ceruledge
|-boost|p1a: Ceruledge|atk|2
|
|upkeep
|turn|2
|
|t:|1760848837
|move|p1a: Ceruledge|Poltergeist|p2a: Great Tusk
|-activate|p2a: Great Tusk|move: Poltergeist|Heavy-Duty Boots
|-damage|p2a: Great Tusk|18/100
|move|p2a: Great Tusk|Headlong Rush|p1a: Ceruledge
|-supereffective|p1a: Ceruledge
|-damage|p1a: Ceruledge|0 fnt
|-unboost|p2a: Great Tusk|def|1
|-unboost|p2a: Great Tusk|spd|1
|faint|p1a: Ceruledge
|
|upkeep
|
|t:|1760848851
|switch|p1a: Rotom|Rotom-Wash|100/100
|turn|3
|
|t:|1760848860
|-end|p2a: Great Tusk|Protosynthesis|[silent]
|switch|p2a: Ogerpon|Ogerpon-Wellspring, F|100/100
|move|p1a: Rotom|Light Screen|p1a: Rotom
|-sidestart|p1: njfkln|move: Light Screen
|
|upkeep
|turn|4
|
|t:|1760848864
|move|p2a: Ogerpon|Knock Off|p1a: Rotom
|-damage|p1a: Rotom|62/100
|-enditem|p1a: Rotom|Light Clay|[from] move: Knock Off|[of] p2a: Ogerpon
|move|p1a: Rotom|Will-O-Wisp|p2a: Ogerpon|[miss]
|-miss|p1a: Rotom|p2a: Ogerpon
|
|upkeep
|turn|5
|
|t:|1760848868
|move|p2a: Ogerpon|U-turn|p1a: Rotom
|-damage|p1a: Rotom|32/100
|
|t:|1760848870
|switch|p2a: Iron Moth|Iron Moth|100/100|[from] U-turn
|-enditem|p2a: Iron Moth|Booster Energy
|-activate|p2a: Iron Moth|ability: Quark Drive|[fromitem]
|-start|p2a: Iron Moth|quarkdrivespe
|move|p1a: Rotom|Volt Switch|p2a: Iron Moth
|-damage|p2a: Iron Moth|74/100
|
|t:|1760848877
|switch|p1a: Iron Treads|Iron Treads, shiny|100/100|[from] Volt Switch
|
|upkeep
|turn|6
|
|t:|1760848889
|move|p2a: Iron Moth|Substitute|p2a: Iron Moth
|-start|p2a: Iron Moth|Substitute
|-damage|p2a: Iron Moth|49/100
|move|p1a: Iron Treads|Rapid Spin|p2a: Iron Moth
|-activate|p2a: Iron Moth|move: Substitute|[damage]
|-boost|p1a: Iron Treads|spe|1
|
|upkeep
|turn|7
|
|t:|1760848893
|move|p2a: Iron Moth|Fiery Dance|p1a: Iron Treads
|-supereffective|p1a: Iron Treads
|-damage|p1a: Iron Treads|44/100
|-boost|p2a: Iron Moth|spa|1
|move|p1a: Iron Treads|Earthquake|p2a: Iron Moth
|-supereffective|p2a: Iron Moth
|-end|p2a: Iron Moth|Substitute
|
|upkeep
|turn|8
|
|t:|1760848896
|move|p2a: Iron Moth|Fiery Dance|p1a: Iron Treads
|-supereffective|p1a: Iron Treads
|-damage|p1a: Iron Treads|0 fnt
|faint|p1a: Iron Treads
|-end|p1a: Iron Treads|Quark Drive|[silent]
|
|upkeep
|
|t:|1760848900
|switch|p1a: Pincurchin|Pincurchin, M, shiny|100/100
|-fieldstart|move: Electric Terrain|[from] ability: Electric Surge|[of] p1a: Pincurchin
|turn|9
|
|t:|1760848903
|move|p2a: Iron Moth|Substitute|p2a: Iron Moth
|-start|p2a: Iron Moth|Substitute
|-damage|p2a: Iron Moth|24/100
|move|p1a: Pincurchin|Thunder Wave||[still]
|-fail|p1a: Pincurchin
|
|upkeep
|turn|10
|
|t:|1760848910
|switch|p1a: Iron Moth|Iron Moth, shiny|100/100
|-activate|p1a: Iron Moth|ability: Quark Drive
|-start|p1a: Iron Moth|quarkdrivespa
|move|p2a: Iron Moth|Fiery Dance|p1a: Iron Moth
|-resisted|p1a: Iron Moth
|-damage|p1a: Iron Moth|85/100
|
|-sideend|p1: njfkln|move: Light Screen
|upkeep
|turn|11
|
|t:|1760848916
|move|p2a: Iron Moth|Sludge Wave|p1a: Iron Moth
|-resisted|p1a: Iron Moth
|-damage|p1a: Iron Moth|48/100
|move|p1a: Iron Moth|Fiery Dance|p2a: Iron Moth
|-resisted|p2a: Iron Moth
|-end|p2a: Iron Moth|Substitute
|-boost|p1a: Iron Moth|spa|1
|
|upkeep
|turn|12
|
|t:|1760848918
|move|p2a: Iron Moth|Sludge Wave|p1a: Iron Moth
|-resisted|p1a: Iron Moth
|-damage|p1a: Iron Moth|9/100
|move|p1a: Iron Moth|Fiery Dance|p2a: Iron Moth
|-resisted|p2a: Iron Moth
|-damage|p2a: Iron Moth|0 fnt
|faint|p2a: Iron Moth
|-end|p2a: Iron Moth|Quark Drive|[silent]
|
|upkeep
|
|t:|1760848923
|switch|p2a: Gholdengo|Gholdengo|100/100
|turn|13
|
|t:|1760848926
|move|p1a: Iron Moth|Fiery Dance|p2a: Gholdengo
|-supereffective|p2a: Gholdengo
|-damage|p2a: Gholdengo|0 fnt
|faint|p2a: Gholdengo
|
|upkeep
|
|t:|1760848941
|switch|p2a: Rillaboom|Rillaboom, M|100/100
|-fieldstart|move: Grassy Terrain|[from] ability: Grassy Surge|[of] p2a: Rillaboom
|-end|p1a: Iron Moth|Quark Drive
|turn|14
|
|t:|1760848949
|-end|p1a: Iron Moth|Quark Drive|[silent]
|switch|p1a: Pincurchin|Pincurchin, M, shiny|100/100
|-fieldstart|move: Electric Terrain|[from] ability: Electric Surge|[of] p1a: Pincurchin
|move|p2a: Rillaboom|Grassy Glide|p1a: Pincurchin
|-damage|p1a: Pincurchin|61/100
|
|upkeep
|turn|15
|
|t:|1760848959
|switch|p2a: Great Tusk|Great Tusk|18/100
|move|p1a: Pincurchin|Spikes|p2a: Great Tusk
|-sidestart|p2: e0_o|Spikes
|
|upkeep
|turn|16
|
|t:|1760848965
|switch|p1a: Rotom|Rotom-Wash|32/100
|move|p2a: Great Tusk|Rapid Spin|p1a: Rotom
|-damage|p1a: Rotom|16/100
|-boost|p2a: Great Tusk|spe|1
|-sideend|p2: e0_o|Spikes|[from] move: Rapid Spin|[of] p2a: Great Tusk
|
|upkeep
|turn|17
|
|t:|1760848974
|move|p2a: Great Tusk|Rapid Spin|p1a: Rotom
|-damage|p1a: Rotom|1/100
|-boost|p2a: Great Tusk|spe|1
|move|p1a: Rotom|Will-O-Wisp|p2a: Great Tusk|[miss]
|-miss|p1a: Rotom|p2a: Great Tusk
|
|upkeep
|turn|18
|
|t:|1760848985
|move|p2a: Great Tusk|Rapid Spin|p1a: Rotom
|-damage|p1a: Rotom|0 fnt
|-boost|p2a: Great Tusk|spe|1
|faint|p1a: Rotom
|
|upkeep
|
|t:|1760848988
|switch|p1a: Iron Hands|Iron Hands, shiny|100/100
|-activate|p1a: Iron Hands|ability: Quark Drive
|-start|p1a: Iron Hands|quarkdriveatk
|turn|19
|
|t:|1760849002
|-terastallize|p1a: Iron Hands|Flying
|move|p2a: Great Tusk|Headlong Rush|p1a: Iron Hands
|-immune|p1a: Iron Hands
|move|p1a: Iron Hands|Ice Punch|p2a: Great Tusk
|-supereffective|p2a: Great Tusk
|-damage|p2a: Great Tusk|0 fnt
|faint|p2a: Great Tusk
|-end|p2a: Great Tusk|Protosynthesis|[silent]
|
|upkeep
|
|t:|1760849005
|switch|p2a: Pecharunt|Pecharunt|100/100
|turn|20
|
|t:|1760849016
|move|p2a: Pecharunt|Toxic|p1a: Iron Hands
|-status|p1a: Iron Hands|tox
|-start|p1a: Iron Hands|confusion|[from] ability: Poison Puppeteer|[of] p2a: Pecharunt
|-activate|p1a: Iron Hands|confusion
|move|p1a: Iron Hands|Wild Charge|p2a: Pecharunt
|-damage|p2a: Pecharunt|65/100
|-damage|p1a: Iron Hands|94/100 tox|[from] Recoil
|
|-heal|p2a: Pecharunt|72/100|[from] item: Leftovers
|-damage|p1a: Iron Hands|88/100 tox|[from] psn
|upkeep
|turn|21
|
|t:|1760849043
|move|p2a: Pecharunt|Shadow Ball|p1a: Iron Hands
|-damage|p1a: Iron Hands|65/100 tox
|-activate|p1a: Iron Hands|confusion
|-damage|p1a: Iron Hands|54/100 tox|[from] confusion
|
|-heal|p2a: Pecharunt|78/100|[from] item: Leftovers
|-damage|p1a: Iron Hands|42/100 tox|[from] psn
|-fieldend|move: Electric Terrain
|-end|p1a: Iron Hands|Quark Drive
|upkeep
|turn|22
|
|t:|1760849055
|-end|p1a: Iron Hands|Quark Drive|[silent]
|switch|p1a: Pincurchin|Pincurchin, M, shiny|61/100
|-fieldstart|move: Electric Terrain|[from] ability: Electric Surge|[of] p1a: Pincurchin
|move|p2a: Pecharunt|Recover|p2a: Pecharunt
|-heal|p2a: Pecharunt|100/100
|
|upkeep
|turn|23
|
|t:|1760849069
|move|p2a: Pecharunt|Toxic|p1a: Pincurchin
|-status|p1a: Pincurchin|tox
|-start|p1a: Pincurchin|confusion|[from] ability: Poison Puppeteer|[of] p2a: Pecharunt
|-activate|p1a: Pincurchin|confusion
|-damage|p1a: Pincurchin|55/100 tox|[from] confusion
|
|-damage|p1a: Pincurchin|49/100 tox|[from] psn
|upkeep
|turn|24
|
|t:|1760849092
|move|p2a: Pecharunt|Shadow Ball|p1a: Pincurchin
|-damage|p1a: Pincurchin|14/100 tox
|-activate|p1a: Pincurchin|confusion
|move|p1a: Pincurchin|Thunder Wave|p2a: Pecharunt|[miss]
|-miss|p1a: Pincurchin|p2a: Pecharunt
|
|-damage|p1a: Pincurchin|2/100 tox|[from] psn
|upkeep
|turn|25
|c|☆njfkln|wth
|
|t:|1760849107
|switch|p1a: Iron Hands|Iron Hands, shiny, tera:Flying|42/100 tox
|-activate|p1a: Iron Hands|ability: Quark Drive
|-start|p1a: Iron Hands|quarkdriveatk
|move|p2a: Pecharunt|Shadow Ball|p1a: Iron Hands
|-damage|p1a: Iron Hands|18/100 tox
|
|-damage|p1a: Iron Hands|11/100 tox|[from] psn
|upkeep
|turn|26
|-enditem|p1a: Iron Hands|Custap Berry|[eat]
|-activate|p1a: Iron Hands|item: Custap Berry|[consumed]
|
|t:|1760849126
|move|p1a: Iron Hands|Wild Charge|p2a: Pecharunt
|-damage|p2a: Pecharunt|69/100
|-damage|p1a: Iron Hands|6/100 tox|[from] Recoil
|move|p2a: Pecharunt|Shadow Ball|p1a: Iron Hands
|-damage|p1a: Iron Hands|0 fnt
|faint|p1a: Iron Hands
|-end|p1a: Iron Hands|Quark Drive|[silent]
|
|-heal|p2a: Pecharunt|75/100|[from] item: Leftovers
|upkeep
|
|t:|1760849130
|switch|p1a: Iron Moth|Iron Moth, shiny|9/100
|-activate|p1a: Iron Moth|ability: Quark Drive
|-start|p1a: Iron Moth|quarkdrivespa
|turn|27
|
|t:|1760849139
|move|p1a: Iron Moth|Fiery Dance|p2a: Pecharunt
|-damage|p2a: Pecharunt|22/100
|move|p2a: Pecharunt|Shadow Ball|p1a: Iron Moth
|-damage|p1a: Iron Moth|0 fnt
|faint|p1a: Iron Moth
|-end|p1a: Iron Moth|Quark Drive|[silent]
|
|-heal|p2a: Pecharunt|28/100|[from] item: Leftovers
|upkeep
|-message|njfkln forfeited.
|
|win|e0_o
|raw|njfkln's rating: 1260 &rarr; <strong>1232</strong><br />(-28 for losing)
|raw|e0_o's rating: 1217 &rarr; <strong>1245</strong><br />(+28 for winning)
|l|☆e0_o
|player|p2|
