|j|☆fafewf
|j|☆Shedinja57
|t:|1760809400
|gametype|singles
|player|p1|fafewf|wallace|1592
|player|p2|Shedinja57|102|1520
|gen|9
|tier|[Gen 9] OU
|rated|
|rule|HP Percentage Mod: HP is shown in percentages
|rule|Endless Battle Clause: Forcing endless battles is banned
|rule|Species Clause: Limit one of each Pokémon
|rule|OHKO Clause: OHKO moves are banned
|rule|Evasion Items Clause: Evasion items are banned
|rule|Evasion Moves Clause: Evasion moves are banned
|rule|Evasion Abilities Clause: Evasion abilities are banned
|rule|Sleep Moves Clause: Sleep-inducing moves are banned
|clearpoke
|poke|p1|Suicune|
|poke|p1|Gengar, F|
|poke|p1|Weavile, M|
|poke|p1|Vileplume, M|
|poke|p1|Cinderace, M|
|poke|p1|Gliscor, F|
|poke|p2|Samurott-Hisui, F|
|poke|p2|Pecharunt|
|poke|p2|Clefable, M|
|poke|p2|Great Tusk|
|poke|p2|Iron Crown|
|poke|p2|Dragapult, M|
|teampreview
|inactive|Battle timer is ON: inactive players will automatically lose when time's up. (requested by fafewf)
|
|t:|1760809424
|teamsize|p1|6
|teamsize|p2|6
|start
|switch|p1a: Vileplume|Vileplume, M|100/100
|switch|p2a: Iron Crown|Iron Crown|100/100
|turn|1
|
|t:|1760809430
|switch|p1a: Gliscor|Gliscor, F|100/100
|move|p2a: Iron Crown|Future Sight|p1a: Gliscor
|-start|p2a: Iron Crown|move: Future Sight
|
|-status|p1a: Gliscor|tox|[from] item: Toxic Orb
|upkeep
|turn|2
|
|t:|1760809454
|-end|p2a: Iron Crown|Quark Drive|[silent]
|switch|p2a: Great Tusk|Great Tusk|100/100
|move|p1a: Gliscor|Knock Off|p2a: Great Tusk
|-resisted|p2a: Great Tusk
|-crit|p2a: Great Tusk
|-damage|p2a: Great Tusk|89/100
|-enditem|p2a: Great Tusk|Heavy-Duty Boots|[from] move: Knock Off|[of] p1a: Gliscor
|
|upkeep
|turn|3
|
|t:|1760809468
|move|p2a: Great Tusk|Knock Off|p1a: Gliscor
|-damage|p1a: Gliscor|73/100 tox
|-enditem|p1a: Gliscor|Toxic Orb|[from] move: Knock Off|[of] p2a: Great Tusk
|move|p1a: Gliscor|Toxic|p2a: Great Tusk
|-status|p2a: Great Tusk|tox
|
|-end|p1a: Gliscor|move: Future Sight
|-damage|p1a: Gliscor|21/100 tox
|-damage|p2a: Great Tusk|83/100 tox|[from] psn
|-heal|p1a: Gliscor|33/100 tox|[from] ability: Poison Heal
|upkeep
|turn|4
|
|t:|1760809490
|switch|p1a: Vileplume|Vileplume, M|100/100
|move|p2a: Great Tusk|Rapid Spin|p1a: Vileplume
|-damage|p1a: Vileplume|87/100
|-boost|p2a: Great Tusk|spe|1
|-damage|p2a: Great Tusk|67/100 tox|[from] item: Rocky Helmet|[of] p1a: Vileplume
|
|-damage|p2a: Great Tusk|54/100 tox|[from] psn
|upkeep
|turn|5
|l|☆Shedinja57
|inactive|Shedinja57 disconnected and has a minute to reconnect!
|player|p2|
|j|☆Shedinja57
|inactive|Shedinja57 reconnected and has 125 seconds left.
|player|p2|Shedinja57|102|
|inactive|Shedinja57 has 120 seconds left.
|
|t:|1760809516
|move|p2a: Great Tusk|Knock Off|p1a: Vileplume
|-damage|p1a: Vileplume|61/100
|-damage|p2a: Great Tusk|38/100 tox|[from] item: Rocky Helmet|[of] p1a: Vileplume
|-enditem|p1a: Vileplume|Rocky Helmet|[from] move: Knock Off|[of] p2a: Great Tusk
|move|p1a: Vileplume|Leech Seed|p2a: Great Tusk|[miss]
|-miss|p1a: Vileplume|p2a: Great Tusk
|
|-damage|p2a: Great Tusk|19/100 tox|[from] psn
|upkeep
|turn|6
|
|t:|1760809520
|move|p2a: Great Tusk|Headlong Rush|p1a: Vileplume
|-damage|p1a: Vileplume|16/100
|-unboost|p2a: Great Tusk|def|1
|-unboost|p2a: Great Tusk|spd|1
|move|p1a: Vileplume|Strength Sap|p2a: Great Tusk
|-unboost|p2a: Great Tusk|atk|1
|-heal|p1a: Vileplume|100/100
|
|-damage|p2a: Great Tusk|0 fnt|[from] psn
|faint|p2a: Great Tusk
|-end|p2a: Great Tusk|Protosynthesis|[silent]
|upkeep
|
|t:|1760809529
|switch|p2a: Iron Crown|Iron Crown|100/100
|turn|7
|
|t:|1760809537
|switch|p1a: Main course|Suicune|100/100
|-ability|p1a: Main course|Pressure
|move|p2a: Iron Crown|Tachyon Cutter|p1a: Main course
|-resisted|p1a: Main course
|-crit|p1a: Main course
|-damage|p1a: Main course|89/100
|-resisted|p1a: Main course
|-damage|p1a: Main course|82/100
|-hitcount|p1a: Main course|2
|
|-heal|p1a: Main course|88/100|[from] item: Leftovers
|upkeep
|turn|8
|
|t:|1760809545
|move|p2a: Iron Crown|Future Sight|p1a: Main course
|-start|p2a: Iron Crown|move: Future Sight
|move|p1a: Main course|Substitute|p1a: Main course
|-start|p1a: Main course|Substitute
|-damage|p1a: Main course|63/100
|
|-heal|p1a: Main course|69/100|[from] item: Leftovers
|upkeep
|turn|9
|
|t:|1760809554
|move|p2a: Iron Crown|Volt Switch|p1a: Main course
|-supereffective|p1a: Main course
|-end|p1a: Main course|Substitute
|
|t:|1760809562
|-end|p2a: Iron Crown|Quark Drive|[silent]
|switch|p2a: Samurott|Samurott-Hisui, F|100/100|[from] Volt Switch
|move|p1a: Main course|Scald|p2a: Samurott
|-resisted|p2a: Samurott
|-damage|p2a: Samurott|79/100
|
|-heal|p1a: Main course|75/100|[from] item: Leftovers
|upkeep
|turn|10
|
|t:|1760809570
|move|p1a: Main course|Protect|p1a: Main course
|-singleturn|p1a: Main course|Protect
|move|p2a: Samurott|Ceaseless Edge|p1a: Main course
|-activate|p1a: Main course|move: Protect
|
|-end|p1a: Main course|move: Future Sight
|-damage|p1a: Main course|36/100
|-heal|p1a: Main course|42/100|[from] item: Leftovers
|upkeep
|turn|11
|
|t:|1760809580
|switch|p1a: Vileplume|Vileplume, M|100/100
|move|p2a: Samurott|Encore||[still]
|-fail|p2a: Samurott
|
|upkeep
|turn|12
|
|t:|1760809603
|move|p2a: Samurott|Ceaseless Edge|p1a: Vileplume
|-damage|p1a: Vileplume|68/100
|-sidestart|p1: fafewf|Spikes
|move|p1a: Vileplume|Leech Seed|p2a: Samurott
|-start|p2a: Samurott|move: Leech Seed
|
|-damage|p2a: Samurott|67/100|[from] Leech Seed|[of] p1a: Vileplume
|-heal|p1a: Vileplume|79/100|[silent]
|upkeep
|turn|13
|
|t:|1760809613
|move|p2a: Samurott|Encore|p1a: Vileplume
|-start|p1a: Vileplume|Encore
|move|p1a: Vileplume|Leech Seed||[still]
|-fail|p1a: Vileplume
|
|-damage|p2a: Samurott|54/100|[from] Leech Seed|[of] p1a: Vileplume
|-heal|p1a: Vileplume|91/100|[silent]
|upkeep
|turn|14
|
|t:|1760809623
|switch|p1a: Cinderace|Cinderace, M|100/100
|move|p2a: Samurott|Ceaseless Edge|p1a: Cinderace
|-damage|p1a: Cinderace|35/100
|-sidestart|p1: fafewf|Spikes
|
|-damage|p2a: Samurott|42/100|[from] Leech Seed|[of] p1a: Cinderace
|-heal|p1a: Cinderace|48/100|[silent]
|upkeep
|turn|15
|
|t:|1760809634
|move|p1a: Cinderace|Sucker Punch|p2a: Samurott
|-start|p1a: Cinderace|typechange|Dark|[from] ability: Libero
|-resisted|p2a: Samurott
|-damage|p2a: Samurott|19/100
|move|p2a: Samurott|Sucker Punch||[still]
|-fail|p2a: Samurott
|
|-damage|p2a: Samurott|6/100|[from] Leech Seed|[of] p1a: Cinderace
|-heal|p1a: Cinderace|61/100|[silent]
|upkeep
|turn|16
|
|t:|1760809649
|move|p1a: Cinderace|Court Change|p1a: Cinderace
|-swapsideconditions
|-activate|p1a: Cinderace|move: Court Change
|move|p2a: Samurott|Razor Shell|p1a: Cinderace
|-damage|p1a: Cinderace|0 fnt
|faint|p1a: Cinderace
|
|upkeep
|
|t:|1760809660
|switch|p1a: Weavile|Weavile, M|100/100
|-ability|p1a: Weavile|Pressure
|turn|17
|
|t:|1760809668
|move|p1a: Weavile|Swords Dance|p1a: Weavile
|-boost|p1a: Weavile|atk|2
|move|p2a: Samurott|Encore|p1a: Weavile
|-start|p1a: Weavile|Encore
|
|-damage|p2a: Samurott|0 fnt|[from] Leech Seed|[of] p1a: Weavile
|faint|p2a: Samurott
|upkeep
|
|t:|1760809685
|switch|p2a: Iron Crown|Iron Crown|100/100
|-damage|p2a: Iron Crown|84/100|[from] Spikes
|turn|18
|
|t:|1760809690
|switch|p1a: Gengar|Gengar, F|100/100
|move|p2a: Iron Crown|Future Sight|p1a: Gengar
|-start|p2a: Iron Crown|move: Future Sight
|
|upkeep
|turn|19
|
|t:|1760809701
|-end|p2a: Iron Crown|Quark Drive|[silent]
|switch|p2a: Clefable|Clefable, M|100/100
|move|p1a: Gengar|Substitute|p1a: Gengar
|-start|p1a: Gengar|Substitute
|-damage|p1a: Gengar|76/100
|
|-heal|p1a: Gengar|82/100|[from] item: Leftovers
|upkeep
|turn|20
|
|t:|1760809707
|move|p1a: Gengar|Sludge Bomb|p2a: Clefable
|-supereffective|p2a: Clefable
|-damage|p2a: Clefable|10/100
|move|p2a: Clefable|Stealth Rock|p1a: Gengar
|-sidestart|p1: fafewf|move: Stealth Rock
|
|-end|p1a: Gengar|move: Future Sight
|-supereffective|p1a: Gengar
|-end|p1a: Gengar|Substitute
|-heal|p1a: Gengar|88/100|[from] item: Leftovers
|-heal|p2a: Clefable|16/100|[from] item: Leftovers
|upkeep
|turn|21
|
|t:|1760809731
|switch|p2a: Iron Crown|Iron Crown|84/100
|-damage|p2a: Iron Crown|67/100|[from] Spikes
|move|p1a: Gengar|Shadow Ball|p2a: Iron Crown
|-supereffective|p2a: Iron Crown
|-damage|p2a: Iron Crown|15/100
|
|-heal|p1a: Gengar|94/100|[from] item: Leftovers
|upkeep
|turn|22
|
|t:|1760809740
|move|p1a: Gengar|Shadow Ball|p2a: Iron Crown
|-supereffective|p2a: Iron Crown
|-damage|p2a: Iron Crown|0 fnt
|faint|p2a: Iron Crown
|-end|p2a: Iron Crown|Quark Drive|[silent]
|
|-heal|p1a: Gengar|99/100|[from] item: Leftovers
|upkeep
|
|t:|1760809747
|switch|p2a: Dragapult|Dragapult, M|100/100
|-damage|p2a: Dragapult|84/100|[from] Spikes
|turn|23
|
|t:|1760809755
|switch|p1a: Vileplume|Vileplume, M|91/100
|-damage|p1a: Vileplume|78/100|[from] Stealth Rock
|move|p2a: Dragapult|Dragon Darts|p1a: Vileplume
|-damage|p1a: Vileplume|51/100
|-anim|p2a: Dragapult|Dragon Darts|p1a: Vileplume
|-crit|p1a: Vileplume
|-damage|p1a: Vileplume|11/100
|
|upkeep
|turn|24
|
|t:|1760809761
|move|p2a: Dragapult|Dragon Darts|p1a: Vileplume
|-damage|p1a: Vileplume|0 fnt
|faint|p1a: Vileplume
|
|upkeep
|
|t:|1760809765
|switch|p1a: Weavile|Weavile, M|100/100
|-ability|p1a: Weavile|Pressure
|turn|25
|
|t:|1760809785
|move|p2a: Dragapult|Dragon Darts|p1a: Weavile
|-damage|p1a: Weavile|35/100
|-anim|p2a: Dragapult|Dragon Darts|p1a: Weavile
|-crit|p1a: Weavile
|-damage|p1a: Weavile|0 fnt
|faint|p1a: Weavile
|
|upkeep
|
|t:|1760809801
|switch|p1a: Gliscor|Gliscor, F|33/100 tox
|-damage|p1a: Gliscor|21/100 tox|[from] Stealth Rock
|turn|26
|
|t:|1760809807
|move|p1a: Gliscor|Protect|p1a: Gliscor
|-singleturn|p1a: Gliscor|Protect
|move|p2a: Dragapult|Dragon Darts|p1a: Gliscor
|-activate|p1a: Gliscor|move: Protect
|
|-heal|p1a: Gliscor|33/100 tox|[from] ability: Poison Heal
|upkeep
|turn|27
|
|t:|1760809815
|move|p2a: Dragapult|Dragon Darts|p1a: Gliscor
|-damage|p1a: Gliscor|5/100 tox
|-anim|p2a: Dragapult|Dragon Darts|p1a: Gliscor
|-damage|p1a: Gliscor|0 fnt
|faint|p1a: Gliscor
|
|upkeep
|-message|fafewf forfeited.
|
|win|Shedinja57
|raw|fafewf's rating: 1592 &rarr; <strong>1568</strong><br />(-24 for losing)
|raw|Shedinja57's rating: 1520 &rarr; <strong>1544</strong><br />(+24 for winning)
|c|☆Shedinja57|gg
|n| Nc s nx|fafewf
