|j|☆olaf-18
|j|☆nmx123
|t:|1760856373
|gametype|singles
|player|p1|olaf-18|102|1608
|player|p2|nmx123|2|1556
|gen|9
|tier|[Gen 9] OU
|rated|
|rule|HP Percentage Mod: HP is shown in percentages
|rule|Endless Battle Clause: Forcing endless battles is banned
|rule|Species Clause: Limit one of each Pokémon
|rule|OHKO Clause: OHKO moves are banned
|rule|Evasion Items Clause: Evasion items are banned
|rule|Evasion Moves Clause: Evasion moves are banned
|rule|Evasion Abilities Clause: Evasion abilities are banned
|rule|Sleep Moves Clause: Sleep-inducing moves are banned
|clearpoke
|poke|p1|Slowking-Galar, M|
|poke|p1|Armarouge, M|
|poke|p1|Gholdengo|
|poke|p1|Ursaluna, M|
|poke|p1|Great Tusk|
|poke|p1|Dragonite, M|
|poke|p2|Zamazenta-*|
|poke|p2|Gholdengo|
|poke|p2|Raging Bolt|
|poke|p2|Great Tusk|
|poke|p2|Dragonite, F|
|poke|p2|Alomomola, M|
|teampreview
|inactive|Battle timer is ON: inactive players will automatically lose when time's up. (requested by nmx123)
|
|t:|1760856383
|teamsize|p1|6
|teamsize|p2|6
|start
|switch|p1a: Great Tusk|Great Tusk|100/100
|switch|p2a: Dragonite|Dragonite, F|100/100
|-enditem|p1a: Great Tusk|Booster Energy
|-activate|p1a: Great Tusk|ability: Protosynthesis|[fromitem]
|-start|p1a: Great Tusk|protosynthesisatk
|turn|1
|j| deepesh1
|
|t:|1760856400
|switch|p2a: Zamazenta|Zamazenta|100/100
|-ability|p2a: Zamazenta|Dauntless Shield|boost
|-boost|p2a: Zamazenta|def|1
|move|p1a: Great Tusk|Stealth Rock|p2a: Zamazenta
|-sidestart|p2: nmx123|move: Stealth Rock
|
|upkeep
|turn|2
|j| mcribs
|l| mcribs
|j| Dragonlatios1
|
|t:|1760856424
|-end|p1a: Great Tusk|Protosynthesis|[silent]
|switch|p1a: Slowking|Slowking-Galar, M|100/100
|move|p2a: Zamazenta|Iron Defense|p2a: Zamazenta
|-boost|p2a: Zamazenta|def|2
|
|upkeep
|turn|3
|
|t:|1760856428
|move|p2a: Zamazenta|Crunch|p1a: Slowking
|-supereffective|p1a: Slowking
|-damage|p1a: Slowking|52/100
|-unboost|p1a: Slowking|def|1
|move|p1a: Slowking|Trick Room|p1a: Slowking
|-fieldstart|move: Trick Room|[of] p1a: Slowking
|
|upkeep
|turn|4
|
|t:|1760856435
|switch|p1a: Armarouge|Armarouge, M|100/100
|move|p2a: Zamazenta|Crunch|p1a: Armarouge
|-supereffective|p1a: Armarouge
|-damage|p1a: Armarouge|58/100
|-ability|p1a: Armarouge|Weak Armor|boost
|-unboost|p1a: Armarouge|def|1
|-boost|p1a: Armarouge|spe|2
|-enditem|p1a: Armarouge|Weakness Policy
|-boost|p1a: Armarouge|atk|2|[from] item: Weakness Policy
|-boost|p1a: Armarouge|spa|2|[from] item: Weakness Policy
|
|upkeep
|turn|5
|l| Dragonlatios1
|
|t:|1760856442
|move|p1a: Armarouge|Armor Cannon|p2a: Zamazenta
|-damage|p2a: Zamazenta|0 fnt
|-unboost|p1a: Armarouge|def|1
|-unboost|p1a: Armarouge|spd|1
|faint|p2a: Zamazenta
|
|upkeep
|
|t:|1760856455
|switch|p2a: Gholdengo|Gholdengo|100/100
|-damage|p2a: Gholdengo|94/100|[from] Stealth Rock
|turn|6
|
|t:|1760856459
|switch|p1a: Ursaluna|Ursaluna, M|100/100
|move|p2a: Gholdengo|Shadow Ball|p1a: Ursaluna
|-immune|p1a: Ursaluna
|
|-status|p1a: Ursaluna|brn|[from] item: Flame Orb
|upkeep
|turn|7
|
|t:|1760856467
|switch|p2a: Dragonite|Dragonite, F|100/100
|move|p1a: Ursaluna|Earthquake|p2a: Dragonite
|-immune|p2a: Dragonite
|
|-damage|p1a: Ursaluna|94/100 brn|[from] brn
|-fieldend|move: Trick Room
|upkeep
|turn|8
|
|t:|1760856480
|move|p2a: Dragonite|Encore|p1a: Ursaluna
|-start|p1a: Ursaluna|Encore
|move|p1a: Ursaluna|Earthquake|p2a: Dragonite
|-immune|p2a: Dragonite
|
|-damage|p1a: Ursaluna|88/100 brn|[from] brn
|upkeep
|turn|9
|
|t:|1760856482
|switch|p1a: Slowking|Slowking-Galar, M|85/100
|move|p2a: Dragonite|Dragon Dance|p2a: Dragonite
|-boost|p2a: Dragonite|atk|1
|-boost|p2a: Dragonite|spe|1
|
|upkeep
|turn|10
|
|t:|1760856487
|-terastallize|p1a: Slowking|Flying
|move|p2a: Dragonite|Earthquake|p1a: Slowking
|-immune|p1a: Slowking
|move|p1a: Slowking|Ice Beam|p2a: Dragonite
|-supereffective|p2a: Dragonite
|-damage|p2a: Dragonite|33/100
|
|upkeep
|turn|11
|
|t:|1760856492
|-terastallize|p2a: Dragonite|Flying
|move|p2a: Dragonite|Tera Blast|p1a: Slowking|[anim] Tera Blast Flying
|-damage|p1a: Slowking|0 fnt
|faint|p1a: Slowking
|
|upkeep
|
|t:|1760856495
|switch|p1a: Gholdengo|Gholdengo|100/100
|-item|p1a: Gholdengo|Air Balloon
|turn|12
|
|t:|1760856500
|move|p2a: Dragonite|Tera Blast|p1a: Gholdengo|[anim] Tera Blast Flying
|-resisted|p1a: Gholdengo
|-damage|p1a: Gholdengo|45/100
|-enditem|p1a: Gholdengo|Air Balloon
|move|p1a: Gholdengo|Shadow Ball|p2a: Dragonite
|-damage|p2a: Dragonite|0 fnt
|faint|p2a: Dragonite
|
|upkeep
|
|t:|1760856509
|switch|p2a: Gholdengo|Gholdengo|94/100
|-damage|p2a: Gholdengo|88/100|[from] Stealth Rock
|turn|13
|
|t:|1760856518
|move|p2a: Gholdengo|Focus Blast|p1a: Gholdengo
|-immune|p1a: Gholdengo
|move|p1a: Gholdengo|Shadow Ball|p2a: Gholdengo
|-supereffective|p2a: Gholdengo
|-damage|p2a: Gholdengo|0 fnt
|faint|p2a: Gholdengo
|
|upkeep
|
|t:|1760856523
|switch|p2a: Great Tusk|Great Tusk|100/100
|-damage|p2a: Great Tusk|97/100|[from] Stealth Rock
|turn|14
|
|t:|1760856527
|move|p1a: Gholdengo|Shadow Ball|p2a: Great Tusk
|-damage|p2a: Great Tusk|58/100
|-unboost|p2a: Great Tusk|spd|1
|move|p2a: Great Tusk|Knock Off|p1a: Gholdengo
|-supereffective|p1a: Gholdengo
|-damage|p1a: Gholdengo|0 fnt
|faint|p1a: Gholdengo
|
|upkeep
|
|t:|1760856538
|switch|p1a: Ursaluna|Ursaluna, M|88/100 brn
|turn|15
|
|t:|1760856541
|move|p2a: Great Tusk|Close Combat|p1a: Ursaluna
|-supereffective|p1a: Ursaluna
|-damage|p1a: Ursaluna|10/100 brn
|-unboost|p2a: Great Tusk|def|1
|-unboost|p2a: Great Tusk|spd|1
|move|p1a: Ursaluna|Earthquake|p2a: Great Tusk
|-damage|p2a: Great Tusk|0 fnt
|faint|p2a: Great Tusk
|-end|p2a: Great Tusk|Protosynthesis|[silent]
|
|-damage|p1a: Ursaluna|4/100 brn|[from] brn
|upkeep
|
|t:|1760856544
|switch|p2a: Alomomola|Alomomola, M|100/100
|turn|16
|
|t:|1760856558
|move|p2a: Alomomola|Wish|p2a: Alomomola
|move|p1a: Ursaluna|Facade|p2a: Alomomola
|-damage|p2a: Alomomola|11/100
|
|-damage|p1a: Ursaluna|0 fnt|[from] brn
|faint|p1a: Ursaluna
|upkeep
|
|t:|1760856568
|switch|p1a: Great Tusk|Great Tusk|100/100
|turn|17
|
|t:|1760856576
|move|p1a: Great Tusk|Headlong Rush|p2a: Alomomola
|-damage|p2a: Alomomola|0 fnt
|-unboost|p1a: Great Tusk|def|1
|-unboost|p1a: Great Tusk|spd|1
|faint|p2a: Alomomola
|
|upkeep
|
|t:|1760856577
|switch|p2a: Raging Bolt|Raging Bolt|100/100
|-damage|p2a: Raging Bolt|88/100|[from] Stealth Rock
|turn|18
|
|t:|1760856589
|-end|p1a: Great Tusk|Protosynthesis|[silent]
|switch|p1a: Armarouge|Armarouge, M|58/100
|move|p2a: Raging Bolt|Draco Meteor|p1a: Armarouge
|-damage|p1a: Armarouge|0 fnt
|-unboost|p2a: Raging Bolt|spa|2
|faint|p1a: Armarouge
|-damage|p2a: Raging Bolt|78/100|[from] item: Life Orb
|
|upkeep
|
|t:|1760856593
|switch|p1a: Dragonite|Dragonite, M|100/100
|turn|19
|
|t:|1760856596
|move|p1a: Dragonite|Earthquake|p2a: Raging Bolt
|-supereffective|p2a: Raging Bolt
|-damage|p2a: Raging Bolt|18/100
|move|p2a: Raging Bolt|Draco Meteor|p1a: Dragonite
|-supereffective|p1a: Dragonite
|-damage|p1a: Dragonite|43/100
|-unboost|p2a: Raging Bolt|spa|2
|-damage|p2a: Raging Bolt|8/100|[from] item: Life Orb
|
|upkeep
|turn|20
|-message|nmx123 forfeited.
|
|win|olaf-18
|raw|olaf-18's rating: 1617 &rarr; <strong>1634</strong><br />(+17 for winning)
|raw|nmx123's rating: 1556 &rarr; <strong>1539</strong><br />(-17 for losing)
|l|☆nmx123
|player|p2|
|l|☆olaf-18
|player|p1|
