|j|☆Yz99999
|j|☆rivnarrex
|t:|1760721267
|gametype|singles
|player|p1|Yz99999|2|1655
|player|p2|rivnarrex|benga|1678
|gen|9
|tier|[Gen 9] OU
|rated|
|rule|HP Percentage Mod: HP is shown in percentages
|rule|Endless Battle Clause: Forcing endless battles is banned
|rule|Species Clause: Limit one of each Pokémon
|rule|OHKO Clause: OHKO moves are banned
|rule|Evasion Items Clause: Evasion items are banned
|rule|Evasion Moves Clause: Evasion moves are banned
|rule|Evasion Abilities Clause: Evasion abilities are banned
|rule|Sleep Moves Clause: Sleep-inducing moves are banned
|clearpoke
|poke|p1|Garganacl, F|
|poke|p1|Corviknight, F|
|poke|p1|Great Tusk|
|poke|p1|Scizor, F|
|poke|p1|Raging Bolt|
|poke|p1|Maushold|
|poke|p2|Hatterene, F|
|poke|p2|Kingambit, F|
|poke|p2|Ogerpon-Wellspring, F|
|poke|p2|Landorus-Therian, M|
|poke|p2|Iron Valiant|
|poke|p2|Cinderace, F|
|teampreview
|inactive|Battle timer is ON: inactive players will automatically lose when time's up. (requested by rivnarrex)
|
|t:|1760721280
|teamsize|p1|6
|teamsize|p2|6
|start
|switch|p1a: Great Tusk|Great Tusk|100/100
|switch|p2a: Solar Flare|Cinderace, F|100/100
|turn|1
|
|t:|1760721305
|-end|p1a: Great Tusk|Protosynthesis|[silent]
|switch|p1a: Garganacl|Garganacl, F|100/100
|move|p2a: Solar Flare|U-turn|p1a: Garganacl
|-start|p2a: Solar Flare|typechange|Bug|[from] ability: Libero
|-damage|p1a: Garganacl|77/100
|inactive|rivnarrex has 120 seconds left.
|
|t:|1760721316
|switch|p2a: Terratomere|Ogerpon-Wellspring, F|100/100|[from] U-turn
|
|-heal|p1a: Garganacl|84/100|[from] item: Leftovers
|upkeep
|turn|2
|
|t:|1760721321
|-terastallize|p1a: Garganacl|Fairy
|move|p2a: Terratomere|Ivy Cudgel|p1a: Garganacl|[anim] Ivy Cudgel Water
|-damage|p1a: Garganacl|41/100
|move|p1a: Garganacl|Salt Cure|p2a: Terratomere
|-damage|p2a: Terratomere|84/100
|-start|p2a: Terratomere|Salt Cure
|
|-heal|p1a: Garganacl|47/100|[from] item: Leftovers
|-damage|p2a: Terratomere|59/100|[from] Salt Cure
|upkeep
|turn|3
|
|t:|1760721340
|move|p1a: Garganacl|Protect|p1a: Garganacl
|-singleturn|p1a: Garganacl|Protect
|move|p2a: Terratomere|Horn Leech|p1a: Garganacl
|-activate|p1a: Garganacl|move: Protect
|
|-heal|p1a: Garganacl|53/100|[from] item: Leftovers
|-damage|p2a: Terratomere|34/100|[from] Salt Cure
|upkeep
|turn|4
|inactive|rivnarrex has 120 seconds left.
|
|t:|1760721358
|switch|p2a: Solar Flare|Cinderace, F|100/100
|move|p1a: Garganacl|Recover|p1a: Garganacl
|-heal|p1a: Garganacl|100/100
|
|upkeep
|turn|5
|
|t:|1760721362
|move|p2a: Solar Flare|Gunk Shot|p1a: Garganacl
|-start|p2a: Solar Flare|typechange|Poison|[from] ability: Libero
|-supereffective|p1a: Garganacl
|-damage|p1a: Garganacl|26/100
|move|p1a: Garganacl|Salt Cure|p2a: Solar Flare
|-damage|p2a: Solar Flare|80/100
|-start|p2a: Solar Flare|Salt Cure
|
|-heal|p1a: Garganacl|32/100|[from] item: Leftovers
|-damage|p2a: Solar Flare|68/100|[from] Salt Cure
|upkeep
|turn|6
|
|t:|1760721368
|move|p1a: Garganacl|Protect|p1a: Garganacl
|-singleturn|p1a: Garganacl|Protect
|move|p2a: Solar Flare|Gunk Shot|p1a: Garganacl
|-activate|p1a: Garganacl|move: Protect
|
|-heal|p1a: Garganacl|39/100|[from] item: Leftovers
|-damage|p2a: Solar Flare|56/100|[from] Salt Cure
|upkeep
|turn|7
|
|t:|1760721372
|switch|p1a: Great Tusk|Great Tusk|100/100
|move|p2a: Solar Flare|U-turn|p1a: Great Tusk
|-resisted|p1a: Great Tusk
|-damage|p1a: Great Tusk|92/100
|
|t:|1760721375
|switch|p2a: Terratomere|Ogerpon-Wellspring, F|34/100|[from] U-turn
|
|upkeep
|turn|8
|
|t:|1760721378
|-end|p1a: Great Tusk|Protosynthesis|[silent]
|switch|p1a: Raging Bolt|Raging Bolt|100/100
|move|p2a: Terratomere|Ivy Cudgel|p1a: Raging Bolt|[anim] Ivy Cudgel Water
|-resisted|p1a: Raging Bolt
|-damage|p1a: Raging Bolt|75/100
|
|upkeep
|turn|9
|
|t:|1760721386
|switch|p2a: Hatterene|Hatterene, F|100/100
|move|p1a: Raging Bolt|Draco Meteor|p2a: Hatterene
|-immune|p2a: Hatterene
|
|upkeep
|turn|10
|
|t:|1760721392
|-end|p1a: Raging Bolt|Protosynthesis|[silent]
|switch|p1a: Corviknight|Corviknight, F|100/100
|-ability|p1a: Corviknight|Pressure
|move|p2a: Hatterene|Psychic Noise|p1a: Corviknight
|-resisted|p1a: Corviknight
|-damage|p1a: Corviknight|90/100
|-start|p1a: Corviknight|move: Heal Block
|
|upkeep
|turn|11
|
|t:|1760721396
|move|p1a: Corviknight|U-turn|p2a: Hatterene
|-crit|p2a: Hatterene
|-damage|p2a: Hatterene|83/100
|-damage|p1a: Corviknight|73/100|[from] item: Rocky Helmet|[of] p2a: Hatterene
|
|t:|1760721401
|switch|p1a: Raging Bolt|Raging Bolt|75/100|[from] U-turn
|move|p2a: Hatterene|Nuzzle|p1a: Raging Bolt
|-resisted|p1a: Raging Bolt
|-damage|p1a: Raging Bolt|74/100
|
|upkeep
|turn|12
|
|t:|1760721410
|switch|p2a: Earth|Landorus-Therian, M|100/100
|-ability|p2a: Earth|Intimidate|boost
|-unboost|p1a: Raging Bolt|atk|1
|move|p1a: Raging Bolt|Volt Switch|p2a: Earth
|-immune|p2a: Earth
|
|upkeep
|turn|13
|
|t:|1760721416
|-end|p1a: Raging Bolt|Protosynthesis|[silent]
|switch|p1a: Corviknight|Corviknight, F|73/100
|-ability|p1a: Corviknight|Pressure
|move|p2a: Earth|Stealth Rock|p1a: Corviknight
|-sidestart|p1: Yz99999|move: Stealth Rock
|
|upkeep
|turn|14
|
|t:|1760721418
|move|p2a: Earth|Taunt|p1a: Corviknight
|-start|p1a: Corviknight|move: Taunt
|move|p1a: Corviknight|U-turn|p2a: Earth
|-resisted|p2a: Earth
|-damage|p2a: Earth|94/100
|-damage|p1a: Corviknight|57/100|[from] item: Rocky Helmet|[of] p2a: Earth
|
|t:|1760721420
|switch|p1a: Great Tusk|Great Tusk|92/100|[from] U-turn
|
|upkeep
|turn|15
|
|t:|1760721425
|move|p2a: Earth|U-turn|p1a: Great Tusk
|-resisted|p1a: Great Tusk
|-damage|p1a: Great Tusk|84/100
|
|t:|1760721429
|switch|p2a: Hatterene|Hatterene, F|83/100|[from] U-turn
|move|p1a: Great Tusk|Rapid Spin|p2a: Hatterene
|-damage|p2a: Hatterene|68/100
|-boost|p1a: Great Tusk|spe|1
|-damage|p1a: Great Tusk|67/100|[from] item: Rocky Helmet|[of] p2a: Hatterene
|-sideend|p1: Yz99999|Stealth Rock|[from] move: Rapid Spin|[of] p1a: Great Tusk
|
|upkeep
|turn|16
|
|t:|1760721435
|-end|p1a: Great Tusk|Protosynthesis|[silent]
|switch|p1a: Corviknight|Corviknight, F|57/100
|-ability|p1a: Corviknight|Pressure
|move|p2a: Hatterene|Psychic Noise|p1a: Corviknight
|-resisted|p1a: Corviknight
|-damage|p1a: Corviknight|45/100
|-start|p1a: Corviknight|move: Heal Block
|
|upkeep
|turn|17
|
|t:|1760721439
|move|p1a: Corviknight|U-turn|p2a: Hatterene
|-damage|p2a: Hatterene|57/100
|-damage|p1a: Corviknight|29/100|[from] item: Rocky Helmet|[of] p2a: Hatterene
|
|t:|1760721442
|switch|p1a: Raging Bolt|Raging Bolt|74/100|[from] U-turn
|move|p2a: Hatterene|Pain Split|p1a: Raging Bolt
|-sethp|p1a: Raging Bolt|59/100|[from] move: Pain Split|[silent]
|-sethp|p2a: Hatterene|78/100|[from] move: Pain Split
|
|upkeep
|turn|18
|
|t:|1760721453
|switch|p2a: Excelsus|Iron Valiant|100/100
|move|p1a: Raging Bolt|Thunderbolt|p2a: Excelsus
|-damage|p2a: Excelsus|0 fnt
|faint|p2a: Excelsus
|-end|p2a: Excelsus|Quark Drive|[silent]
|
|upkeep
|
|t:|1760721457
|switch|p2a: Earth|Landorus-Therian, M|94/100
|-ability|p2a: Earth|Intimidate|boost
|-unboost|p1a: Raging Bolt|atk|1
|turn|19
|
|t:|1760721464
|-end|p1a: Raging Bolt|Protosynthesis|[silent]
|switch|p1a: Great Tusk|Great Tusk|67/100
|move|p2a: Earth|Stealth Rock|p1a: Great Tusk
|-sidestart|p1: Yz99999|move: Stealth Rock
|
|upkeep
|turn|20
|
|t:|1760721471
|move|p2a: Earth|U-turn|p1a: Great Tusk
|-resisted|p1a: Great Tusk
|-damage|p1a: Great Tusk|58/100
|
|t:|1760721475
|switch|p2a: Hatterene|Hatterene, F|78/100|[from] U-turn
|move|p1a: Great Tusk|Knock Off|p2a: Hatterene
|-damage|p2a: Hatterene|50/100
|-damage|p1a: Great Tusk|42/100|[from] item: Rocky Helmet|[of] p2a: Hatterene
|-enditem|p2a: Hatterene|Rocky Helmet|[from] move: Knock Off|[of] p1a: Great Tusk
|
|upkeep
|turn|21
|
|t:|1760721481
|move|p1a: Great Tusk|Headlong Rush|p2a: Hatterene
|-damage|p2a: Hatterene|0 fnt
|-unboost|p1a: Great Tusk|def|1
|-unboost|p1a: Great Tusk|spd|1
|faint|p2a: Hatterene
|
|upkeep
|
|t:|1760721485
|switch|p2a: Earth|Landorus-Therian, M|94/100
|-ability|p2a: Earth|Intimidate|boost
|-unboost|p1a: Great Tusk|atk|1
|turn|22
|
|t:|1760721488
|move|p2a: Earth|Earthquake|p1a: Great Tusk
|-damage|p1a: Great Tusk|0 fnt
|faint|p1a: Great Tusk
|-end|p1a: Great Tusk|Protosynthesis|[silent]
|
|upkeep
|
|t:|1760721494
|switch|p1a: Scizor|Scizor, F|100/100
|-damage|p1a: Scizor|88/100|[from] Stealth Rock
|turn|23
|
|t:|1760721501
|move|p2a: Earth|Taunt|p1a: Scizor
|-start|p1a: Scizor|move: Taunt
|move|p1a: Scizor|U-turn|p2a: Earth
|-resisted|p2a: Earth
|-damage|p2a: Earth|65/100
|-damage|p1a: Scizor|72/100|[from] item: Rocky Helmet|[of] p2a: Earth
|
|t:|1760721508
|switch|p1a: Corviknight|Corviknight, F|29/100|[from] U-turn
|-damage|p1a: Corviknight|17/100|[from] Stealth Rock
|-ability|p1a: Corviknight|Pressure
|
|upkeep
|turn|24
|
|t:|1760721515
|move|p2a: Earth|Taunt|p1a: Corviknight
|-start|p1a: Corviknight|move: Taunt
|move|p1a: Corviknight|Brave Bird|p2a: Earth
|-damage|p2a: Earth|31/100
|-damage|p1a: Corviknight|0 fnt|[from] item: Rocky Helmet|[of] p2a: Earth
|faint|p1a: Corviknight
|
|upkeep
|
|t:|1760721517
|switch|p1a: Maushold|Maushold|100/100
|-damage|p1a: Maushold|88/100|[from] Stealth Rock
|turn|25
|
|t:|1760721521
|move|p1a: Maushold|Population Bomb|p2a: Earth
|-damage|p2a: Earth|21/100
|-damage|p1a: Maushold|71/100|[from] item: Rocky Helmet|[of] p2a: Earth
|-damage|p2a: Earth|10/100
|-damage|p1a: Maushold|55/100|[from] item: Rocky Helmet|[of] p2a: Earth
|-damage|p2a: Earth|0 fnt
|-damage|p1a: Maushold|38/100|[from] item: Rocky Helmet|[of] p2a: Earth
|faint|p2a: Earth
|-hitcount|p2: Earth|3
|
|upkeep
|
|t:|1760721533
|switch|p2a: Terratomere|Ogerpon-Wellspring, F|34/100
|turn|26
|
|t:|1760721535
|move|p1a: Maushold|Population Bomb|p2a: Terratomere
|-damage|p2a: Terratomere|19/100
|-damage|p2a: Terratomere|6/100
|-damage|p2a: Terratomere|0 fnt
|faint|p2a: Terratomere
|-hitcount|p2: Terratomere|3
|
|upkeep
|
|t:|1760721538
|switch|p2a: Solar Flare|Cinderace, F|56/100
|turn|27
|
|t:|1760721541
|move|p2a: Solar Flare|Pyro Ball|p1a: Maushold
|-damage|p1a: Maushold|0 fnt
|faint|p1a: Maushold
|
|upkeep
|
|t:|1760721543
|switch|p1a: Raging Bolt|Raging Bolt|59/100
|-damage|p1a: Raging Bolt|47/100|[from] Stealth Rock
|turn|28
|
|t:|1760721548
|switch|p2a: Murasama|Kingambit, F|100/100
|-activate|p2a: Murasama|ability: Supreme Overlord
|-start|p2a: Murasama|fallen4|[silent]
|move|p1a: Raging Bolt|Thunderbolt|p2a: Murasama
|-damage|p2a: Murasama|27/100
|
|-heal|p2a: Murasama|33/100|[from] item: Leftovers
|upkeep
|turn|29
|
|t:|1760721553
|move|p2a: Murasama|Sucker Punch|p1a: Raging Bolt
|-damage|p1a: Raging Bolt|0 fnt
|faint|p1a: Raging Bolt
|-end|p1a: Raging Bolt|Protosynthesis|[silent]
|
|-heal|p2a: Murasama|39/100|[from] item: Leftovers
|upkeep
|
|t:|1760721556
|switch|p1a: Scizor|Scizor, F|72/100
|-damage|p1a: Scizor|59/100|[from] Stealth Rock
|turn|30
|
|t:|1760721567
|move|p1a: Scizor|Close Combat|p2a: Murasama
|-supereffective|p2a: Murasama
|-damage|p2a: Murasama|0 fnt
|-unboost|p1a: Scizor|def|1
|-unboost|p1a: Scizor|spd|1
|faint|p2a: Murasama
|-end|p2a: Murasama|fallen4|[silent]
|
|upkeep
|
|t:|1760721570
|switch|p2a: Solar Flare|Cinderace, F|56/100
|turn|31
|
|t:|1760721574
|switch|p1a: Garganacl|Garganacl, F, tera:Fairy|39/100
|-damage|p1a: Garganacl|26/100|[from] Stealth Rock
|move|p2a: Solar Flare|Pyro Ball|p1a: Garganacl
|-damage|p1a: Garganacl|0 fnt
|faint|p1a: Garganacl
|
|upkeep
|
|t:|1760721576
|switch|p1a: Scizor|Scizor, F|59/100
|-damage|p1a: Scizor|47/100|[from] Stealth Rock
|turn|32
|
|t:|1760721582
|move|p1a: Scizor|Bullet Punch|p2a: Solar Flare
|-resisted|p2a: Solar Flare
|-damage|p2a: Solar Flare|19/100
|move|p2a: Solar Flare|Pyro Ball|p1a: Scizor
|-supereffective|p1a: Scizor
|-damage|p1a: Scizor|0 fnt
|faint|p1a: Scizor
|
|win|rivnarrex
|raw|Yz99999's rating: 1655 &rarr; <strong>1636</strong><br />(-19 for losing)
|raw|rivnarrex's rating: 1678 &rarr; <strong>1697</strong><br />(+19 for winning)
|l|☆Yz99999
|player|p1|
|l|☆rivnarrex
|player|p2|
