|j|☆HZBKAI7
|j|☆FZPIR
|t:|1760768654
|gametype|singles
|player|p1|HZBKAI7|2|1083
|player|p2|FZPIR|102|1139
|gen|9
|tier|[Gen 9] OU
|rated|
|rule|HP Percentage Mod: HP is shown in percentages
|rule|Endless Battle Clause: Forcing endless battles is banned
|rule|Species Clause: Limit one of each Pokémon
|rule|OHKO Clause: OHKO moves are banned
|rule|Evasion Items Clause: Evasion items are banned
|rule|Evasion Moves Clause: Evasion moves are banned
|rule|Evasion Abilities Clause: Evasion abilities are banned
|rule|Sleep Moves Clause: Sleep-inducing moves are banned
|clearpoke
|poke|p1|Diancie|
|poke|p1|Rillaboom, M|
|poke|p1|Necrozma|
|poke|p1|Corviknight, M|
|poke|p1|Ogerpon-Wellspring, F|
|poke|p1|Iron Hands|
|poke|p2|Kleavor, M|
|poke|p2|Brambleghast, M|
|poke|p2|Mamoswine, M|
|poke|p2|Alomomola, F|
|poke|p2|Lokix, M|
|poke|p2|Corviknight, M|
|teampreview
|
|t:|1760768661
|teamsize|p1|6
|teamsize|p2|6
|start
|switch|p1a: Necrozma|Necrozma|100/100
|switch|p2a: Kleavor|Kleavor, M|100/100
|turn|1
|
|t:|1760768670
|move|p2a: Kleavor|Tailwind|p2a: Kleavor
|-sidestart|p2: FZPIR|move: Tailwind
|move|p1a: Necrozma|Expanding Force|p2a: Kleavor
|-damage|p2a: Kleavor|33/100
|
|upkeep
|turn|2
|
|t:|1760768673
|move|p2a: Kleavor|Stone Axe|p1a: Necrozma
|-damage|p1a: Necrozma|55/100
|-sidestart|p1: HZBKAI7|move: Stealth Rock
|move|p1a: Necrozma|Expanding Force|p2a: Kleavor
|-damage|p2a: Kleavor|0 fnt
|faint|p2a: Kleavor
|
|-heal|p1a: Necrozma|61/100|[from] item: Leftovers
|upkeep
|
|t:|1760768683
|switch|p2a: Brambleghast|Brambleghast, M|100/100
|-ability|p2a: Brambleghast|Wind Rider|boost
|-boost|p2a: Brambleghast|atk|1
|turn|3
|
|t:|1760768688
|move|p2a: Brambleghast|Poltergeist|p1a: Necrozma
|-activate|p1a: Necrozma|move: Poltergeist|Leftovers
|-supereffective|p1a: Necrozma
|-damage|p1a: Necrozma|0 fnt
|faint|p1a: Necrozma
|-damage|p2a: Brambleghast|91/100|[from] item: Life Orb
|
|upkeep
|
|t:|1760768688
|switch|p1a: Corviknight|Corviknight, M|100/100
|-damage|p1a: Corviknight|88/100|[from] Stealth Rock
|-ability|p1a: Corviknight|Pressure
|turn|4
|
|t:|1760768701
|-terastallize|p2a: Brambleghast|Ghost
|move|p2a: Brambleghast|Poltergeist|p1a: Corviknight|[miss]
|-miss|p2a: Brambleghast|p1a: Corviknight
|move|p1a: Corviknight|Brave Bird|p2a: Brambleghast
|-damage|p2a: Brambleghast|20/100
|-damage|p1a: Corviknight|74/100|[from] Recoil
|
|-sideend|p2: FZPIR|move: Tailwind
|upkeep
|turn|5
|
|t:|1760768708
|move|p2a: Brambleghast|Poltergeist|p1a: Corviknight
|-activate|p1a: Corviknight|move: Poltergeist|Rocky Helmet
|-damage|p1a: Corviknight|0 fnt
|faint|p1a: Corviknight
|-damage|p2a: Brambleghast|10/100|[from] item: Life Orb
|
|upkeep
|
|t:|1760768708
|switch|p1a: Rillaboom|Rillaboom, M|100/100
|-damage|p1a: Rillaboom|88/100|[from] Stealth Rock
|-fieldstart|move: Grassy Terrain|[from] ability: Grassy Surge|[of] p1a: Rillaboom
|turn|6
|
|t:|1760768716
|switch|p2a: Corviknight|Corviknight, M|100/100
|move|p1a: Rillaboom|Knock Off|p2a: Corviknight
|-damage|p2a: Corviknight|78/100
|-enditem|p2a: Corviknight|Leftovers|[from] move: Knock Off|[of] p1a: Rillaboom
|
|-heal|p1a: Rillaboom|94/100|[from] Grassy Terrain
|upkeep
|turn|7
|
|t:|1760768732
|move|p1a: Rillaboom|Knock Off|p2a: Corviknight
|-damage|p2a: Corviknight|63/100
|move|p2a: Corviknight|Roost|p2a: Corviknight
|-heal|p2a: Corviknight|100/100
|-singleturn|p2a: Corviknight|move: Roost
|
|-heal|p1a: Rillaboom|99/100|[from] Grassy Terrain
|upkeep
|turn|8
|
|t:|1760768735
|move|p1a: Rillaboom|Knock Off|p2a: Corviknight
|-damage|p2a: Corviknight|86/100
|move|p2a: Corviknight|Iron Defense|p2a: Corviknight
|-boost|p2a: Corviknight|def|2
|
|-heal|p1a: Rillaboom|100/100|[from] Grassy Terrain
|upkeep
|turn|9
|
|t:|1760768741
|move|p1a: Rillaboom|Knock Off|p2a: Corviknight
|-crit|p2a: Corviknight
|-damage|p2a: Corviknight|66/100
|move|p2a: Corviknight|Body Press|p1a: Rillaboom
|-damage|p1a: Rillaboom|52/100
|
|-heal|p1a: Rillaboom|58/100|[from] Grassy Terrain
|upkeep
|turn|10
|
|t:|1760768747
|move|p1a: Rillaboom|Knock Off|p2a: Corviknight
|-damage|p2a: Corviknight|59/100
|move|p2a: Corviknight|Roost|p2a: Corviknight
|-heal|p2a: Corviknight|100/100
|-singleturn|p2a: Corviknight|move: Roost
|
|-heal|p1a: Rillaboom|64/100|[from] Grassy Terrain
|upkeep
|turn|11
|
|t:|1760768749
|move|p1a: Rillaboom|Knock Off|p2a: Corviknight
|-damage|p2a: Corviknight|93/100
|move|p2a: Corviknight|Iron Defense|p2a: Corviknight
|-boost|p2a: Corviknight|def|2
|
|-heal|p1a: Rillaboom|70/100|[from] Grassy Terrain
|upkeep
|turn|12
|
|t:|1760768754
|move|p1a: Rillaboom|Knock Off|p2a: Corviknight
|-damage|p2a: Corviknight|88/100
|move|p2a: Corviknight|Iron Defense|p2a: Corviknight
|-boost|p2a: Corviknight|def|2
|
|-heal|p1a: Rillaboom|76/100|[from] Grassy Terrain
|upkeep
|turn|13
|
|t:|1760768757
|move|p1a: Rillaboom|Knock Off|p2a: Corviknight
|-damage|p2a: Corviknight|84/100
|move|p2a: Corviknight|Body Press|p1a: Rillaboom
|-damage|p1a: Rillaboom|0 fnt
|faint|p1a: Rillaboom
|
|-fieldend|move: Grassy Terrain
|upkeep
|
|t:|1760768758
|switch|p1a: Iron Hands|Iron Hands|100/100
|-damage|p1a: Iron Hands|94/100|[from] Stealth Rock
|-enditem|p1a: Iron Hands|Booster Energy
|-activate|p1a: Iron Hands|ability: Quark Drive|[fromitem]
|-start|p1a: Iron Hands|quarkdriveatk
|turn|14
|
|t:|1760768761
|-terastallize|p1a: Iron Hands|Flying
|move|p2a: Corviknight|Body Press|p1a: Iron Hands
|-resisted|p1a: Iron Hands
|-damage|p1a: Iron Hands|60/100
|move|p1a: Iron Hands|Thunder Punch|p2a: Corviknight
|-supereffective|p2a: Corviknight
|-damage|p2a: Corviknight|67/100
|
|upkeep
|turn|15
|
|t:|1760768768
|move|p2a: Corviknight|Roost|p2a: Corviknight
|-heal|p2a: Corviknight|100/100
|-singleturn|p2a: Corviknight|move: Roost
|move|p1a: Iron Hands|Thunder Punch|p2a: Corviknight
|-damage|p2a: Corviknight|91/100
|
|upkeep
|turn|16
|
|t:|1760768775
|move|p2a: Corviknight|Body Press|p1a: Iron Hands
|-resisted|p1a: Iron Hands
|-damage|p1a: Iron Hands|20/100
|move|p1a: Iron Hands|Thunder Punch|p2a: Corviknight
|-supereffective|p2a: Corviknight
|-damage|p2a: Corviknight|73/100
|
|upkeep
|turn|17
|
|t:|1760768779
|move|p2a: Corviknight|Roost|p2a: Corviknight
|-heal|p2a: Corviknight|100/100
|-singleturn|p2a: Corviknight|move: Roost
|move|p1a: Iron Hands|Thunder Punch|p2a: Corviknight
|-damage|p2a: Corviknight|92/100
|
|upkeep
|turn|18
|
|t:|1760768782
|move|p2a: Corviknight|Body Press|p1a: Iron Hands
|-resisted|p1a: Iron Hands
|-damage|p1a: Iron Hands|0 fnt
|faint|p1a: Iron Hands
|-end|p1a: Iron Hands|Quark Drive|[silent]
|
|upkeep
|
|t:|1760768782
|switch|p1a: Diancie|Diancie|100/100
|-damage|p1a: Diancie|88/100|[from] Stealth Rock
|turn|19
|
|t:|1760768785
|move|p1a: Diancie|Ancient Power|p2a: Corviknight
|-damage|p2a: Corviknight|63/100
|move|p2a: Corviknight|Body Press|p1a: Diancie
|-damage|p1a: Diancie|0 fnt
|-damage|p2a: Corviknight|47/100|[from] item: Rocky Helmet|[of] p1a: Diancie
|faint|p1a: Diancie
|
|upkeep
|
|t:|1760768785
|switch|p1a: Ogerpon|Ogerpon-Wellspring, F|100/100
|-damage|p1a: Ogerpon|88/100|[from] Stealth Rock
|turn|20
|
|t:|1760768789
|move|p1a: Ogerpon|Knock Off|p2a: Corviknight
|-damage|p2a: Corviknight|43/100
|move|p2a: Corviknight|Roost|p2a: Corviknight
|-heal|p2a: Corviknight|93/100
|-singleturn|p2a: Corviknight|move: Roost
|
|upkeep
|turn|21
|
|t:|1760768792
|move|p1a: Ogerpon|Knock Off|p2a: Corviknight
|-damage|p2a: Corviknight|89/100
|move|p2a: Corviknight|Body Press|p1a: Ogerpon
|-damage|p1a: Ogerpon|0 fnt
|faint|p1a: Ogerpon
|
|win|FZPIR
|raw|HZBKAI7's rating: 1083 &rarr; <strong>1064</strong><br />(-19 for losing)
|raw|FZPIR's rating: 1139 &rarr; <strong>1160</strong><br />(+21 for winning)
|l|☆HZBKAI7
|player|p1|
|l|☆FZPIR
|player|p2|
