|j|☆psychedelic_kit
|j|☆leozine
|t:|1760826928
|gametype|singles
|player|p1|psychedelic_kit|red|1228
|player|p2|leozine|gardenia|1143
|gen|9
|tier|[Gen 9] OU
|rated|
|rule|HP Percentage Mod: HP is shown in percentages
|rule|Endless Battle Clause: Forcing endless battles is banned
|rule|Species Clause: Limit one of each Pokémon
|rule|OHKO Clause: OHKO moves are banned
|rule|Evasion Items Clause: Evasion items are banned
|rule|Evasion Moves Clause: Evasion moves are banned
|rule|Evasion Abilities Clause: Evasion abilities are banned
|rule|Sleep Moves Clause: Sleep-inducing moves are banned
|clearpoke
|poke|p1|Glimmora, M|
|poke|p1|Meowscarada, F|
|poke|p1|Walking Wake|
|poke|p1|Kingambit, M|
|poke|p1|Ninetales, M|
|poke|p1|Salamence, M|
|poke|p2|Samurott-Hisui, F|
|poke|p2|Torterra, M|
|poke|p2|Heracross, M|
|poke|p2|Gholdengo|
|poke|p2|Kingambit, M|
|poke|p2|Slowking-Galar, M|
|teampreview
|inactive|Battle timer is ON: inactive players will automatically lose when time's up. (requested by leozine)
|inactive|psychedelic_kit also wants the timer to be on.
|
|t:|1760826957
|teamsize|p1|6
|teamsize|p2|6
|start
|switch|p1a: Glimmora|Glimmora, M|100/100
|switch|p2a: Gholdengo|Gholdengo, shiny|100/100
|-item|p2a: Gholdengo|Air Balloon
|turn|1
|
|t:|1760826967
|move|p1a: Glimmora|Spiky Shield|p1a: Glimmora
|-singleturn|p1a: Glimmora|move: Protect
|move|p2a: Gholdengo|Make It Rain|p1a: Glimmora
|-activate|p1a: Glimmora|move: Protect
|
|upkeep
|turn|2
|
|t:|1760826977
|switch|p1a: Ninetales|Ninetales, M|100/100
|-weather|SunnyDay|[from] ability: Drought|[of] p1a: Ninetales
|move|p2a: Gholdengo|Make It Rain|p1a: Ninetales
|-resisted|p1a: Ninetales
|-damage|p1a: Ninetales|73/100
|-unboost|p2a: Gholdengo|spa|1
|
|-weather|SunnyDay|[upkeep]
|upkeep
|turn|3
|
|t:|1760826992
|switch|p2a: Slowking|Slowking-Galar, M|100/100
|move|p1a: Ninetales|Weather Ball|p2a: Slowking
|-damage|p2a: Slowking|80/100
|
|-weather|SunnyDay|[upkeep]
|upkeep
|turn|4
|
|t:|1760827006
|move|p1a: Ninetales|Will-O-Wisp|p2a: Slowking
|-status|p2a: Slowking|brn
|move|p2a: Slowking|Sludge Bomb|p1a: Ninetales
|-damage|p1a: Ninetales|31/100
|-status|p1a: Ninetales|psn
|
|-weather|SunnyDay|[upkeep]
|-damage|p1a: Ninetales|19/100 psn|[from] psn
|-damage|p2a: Slowking|74/100 brn|[from] brn
|upkeep
|turn|5
|
|t:|1760827021
|move|p1a: Ninetales|Healing Wish|p1a: Ninetales
|faint|p1a: Ninetales
|move|p2a: Slowking|Psychic Noise|p1: Ninetales|[notarget]
|-fail|p2a: Slowking
|
|-weather|SunnyDay|[upkeep]
|-damage|p2a: Slowking|68/100 brn|[from] brn
|upkeep
|
|t:|1760827035
|switch|p1a: Meowscarada|Meowscarada, F, shiny|100/100
|turn|6
|
|t:|1760827048
|switch|p2a: Kingambit|Kingambit, M|100/100
|move|p1a: Meowscarada|Knock Off|p2a: Kingambit
|-start|p1a: Meowscarada|typechange|Dark|[from] ability: Protean
|-resisted|p2a: Kingambit
|-damage|p2a: Kingambit|84/100
|-enditem|p2a: Kingambit|Leftovers|[from] move: Knock Off|[of] p1a: Meowscarada
|
|-weather|SunnyDay|[upkeep]
|upkeep
|turn|7
|
|t:|1760827060
|switch|p1a: Salamence|Salamence, M|100/100
|-ability|p1a: Salamence|Intimidate|boost
|-unboost|p2a: Kingambit|atk|1
|move|p2a: Kingambit|Swords Dance|p2a: Kingambit
|-boost|p2a: Kingambit|atk|2
|
|-weather|SunnyDay|[upkeep]
|upkeep
|turn|8
|
|t:|1760827077
|-end|p2a: Kingambit|fallenundefined|[silent]
|switch|p2a: Gholdengo|Gholdengo, shiny|100/100
|-item|p2a: Gholdengo|Air Balloon
|move|p1a: Salamence|Earthquake|p2a: Gholdengo
|-immune|p2a: Gholdengo
|
|-weather|SunnyDay|[upkeep]
|upkeep
|turn|9
|
|t:|1760827094
|move|p1a: Salamence|Hurricane|p2a: Gholdengo
|-resisted|p2a: Gholdengo
|-damage|p2a: Gholdengo|75/100
|-enditem|p2a: Gholdengo|Air Balloon
|move|p2a: Gholdengo|Nasty Plot|p2a: Gholdengo
|-boost|p2a: Gholdengo|spa|2
|
|-weather|none
|upkeep
|turn|10
|
|t:|1760827105
|-terastallize|p2a: Gholdengo|Water
|move|p1a: Salamence|Earthquake|p2a: Gholdengo
|-damage|p2a: Gholdengo|56/100
|move|p2a: Gholdengo|Make It Rain|p1a: Salamence
|-damage|p1a: Salamence|0 fnt
|-unboost|p2a: Gholdengo|spa|1
|faint|p1a: Salamence
|
|upkeep
|
|t:|1760827117
|switch|p1a: Meowscarada|Meowscarada, F, shiny|100/100
|turn|11
|
|t:|1760827132
|switch|p2a: Heracross|Heracross, M|100/100
|move|p1a: Meowscarada|Flower Trick|p2a: Heracross
|-start|p1a: Meowscarada|typechange|Grass|[from] ability: Protean
|-resisted|p2a: Heracross
|-crit|p2a: Heracross
|-damage|p2a: Heracross|63/100
|
|-status|p2a: Heracross|brn|[from] item: Flame Orb
|upkeep
|turn|12
|
|t:|1760827155
|switch|p1a: Glimmora|Glimmora, M|100/100
|move|p2a: Heracross|Close Combat|p1a: Glimmora
|-damage|p1a: Glimmora|5/100
|-unboost|p2a: Heracross|def|1
|-unboost|p2a: Heracross|spd|1
|-activate|p1a: Glimmora|ability: Toxic Debris
|-sidestart|p2: leozine|move: Toxic Spikes
|
|-damage|p2a: Heracross|57/100 brn|[from] brn
|upkeep
|turn|13
|
|t:|1760827166
|move|p1a: Glimmora|Spiky Shield|p1a: Glimmora
|-singleturn|p1a: Glimmora|move: Protect
|move|p2a: Heracross|Trailblaze|p1a: Glimmora
|-activate|p1a: Glimmora|move: Protect
|-damage|p2a: Heracross|44/100 brn|[from] Spiky Shield|[of] p1a: Glimmora
|
|-damage|p2a: Heracross|38/100 brn|[from] brn
|upkeep
|turn|14
|
|t:|1760827177
|move|p1a: Glimmora|Sludge Bomb|p2a: Heracross
|-damage|p2a: Heracross|0 fnt
|faint|p2a: Heracross
|
|upkeep
|
|t:|1760827182
|switch|p2a: Slowking|Slowking-Galar, M|100/100 brn
|-sideend|p2: leozine|move: Toxic Spikes|[of] p2a: Slowking
|turn|15
|
|t:|1760827195
|switch|p1a: Walking Wake|Walking Wake|100/100
|move|p2a: Slowking|Flamethrower|p1a: Walking Wake
|-resisted|p1a: Walking Wake
|-damage|p1a: Walking Wake|92/100
|
|-heal|p1a: Walking Wake|98/100|[from] item: Leftovers
|-damage|p2a: Slowking|94/100 brn|[from] brn
|upkeep
|turn|16
|
|t:|1760827214
|move|p1a: Walking Wake|Knock Off|p2a: Slowking
|-supereffective|p2a: Slowking
|-damage|p2a: Slowking|59/100 brn
|-enditem|p2a: Slowking|Assault Vest|[from] move: Knock Off|[of] p1a: Walking Wake
|move|p2a: Slowking|Sludge Bomb|p1a: Walking Wake
|-damage|p1a: Walking Wake|47/100
|
|-heal|p1a: Walking Wake|53/100|[from] item: Leftovers
|-damage|p2a: Slowking|53/100 brn|[from] brn
|upkeep
|turn|17
|
|t:|1760827226
|move|p1a: Walking Wake|Draco Meteor|p2a: Slowking
|-damage|p2a: Slowking|8/100 brn
|-unboost|p1a: Walking Wake|spa|2
|move|p2a: Slowking|Sludge Bomb|p1a: Walking Wake
|-damage|p1a: Walking Wake|0 fnt
|faint|p1a: Walking Wake
|-end|p1a: Walking Wake|Protosynthesis|[silent]
|
|-damage|p2a: Slowking|2/100 brn|[from] brn
|upkeep
|
|t:|1760827237
|switch|p1a: Glimmora|Glimmora, M|5/100
|-heal|p1a: Glimmora|100/100|[from] move: Healing Wish
|turn|18
|c|☆leozine|niiice
|
|t:|1760827260
|switch|p2a: Kingambit|Kingambit, M|84/100
|-activate|p2a: Kingambit|ability: Supreme Overlord
|-start|p2a: Kingambit|fallen1|[silent]
|move|p1a: Glimmora|Mortal Spin|p2a: Kingambit
|-immune|p2a: Kingambit
|
|upkeep
|turn|19
|
|t:|1760827274
|move|p1a: Glimmora|Spiky Shield|p1a: Glimmora
|-singleturn|p1a: Glimmora|move: Protect
|move|p2a: Kingambit|Swords Dance|p2a: Kingambit
|-boost|p2a: Kingambit|atk|2
|
|upkeep
|turn|20
|inactive|psychedelic_kit has 120 seconds left.
|
|t:|1760827294
|switch|p1a: Meowscarada|Meowscarada, F, shiny|100/100
|move|p2a: Kingambit|Iron Head|p1a: Meowscarada
|-damage|p1a: Meowscarada|0 fnt
|faint|p1a: Meowscarada
|
|upkeep
|
|t:|1760827300
|switch|p1a: Kingambit|Kingambit, M|100/100
|-activate|p1a: Kingambit|ability: Supreme Overlord
|-start|p1a: Kingambit|fallen4|[silent]
|-item|p1a: Kingambit|Air Balloon
|turn|21
|inactive|psychedelic_kit has 120 seconds left.
|
|t:|1760827310
|-terastallize|p1a: Kingambit|Ghost
|move|p1a: Kingambit|Low Kick|p2a: Kingambit
|-supereffective|p2a: Kingambit
|-damage|p2a: Kingambit|0 fnt
|faint|p2a: Kingambit
|-end|p2a: Kingambit|fallen1|[silent]
|
|upkeep
|
|t:|1760827320
|switch|p2a: Samurott|Samurott-Hisui, F, shiny|100/100
|turn|22
|
|t:|1760827327
|move|p2a: Samurott|Ceaseless Edge|p1a: Kingambit
|-supereffective|p1a: Kingambit
|-damage|p1a: Kingambit|22/100
|-enditem|p1a: Kingambit|Air Balloon
|-sidestart|p1: psychedelic_kit|Spikes
|move|p1a: Kingambit|Low Kick|p2a: Samurott
|-supereffective|p2a: Samurott
|-enditem|p2a: Samurott|Focus Sash
|-damage|p2a: Samurott|1/100
|
|upkeep
|turn|23
|
|t:|1760827337
|move|p2a: Samurott|Aqua Jet|p1a: Kingambit
|-damage|p1a: Kingambit|6/100
|move|p1a: Kingambit|Sucker Punch||[still]
|-fail|p1a: Kingambit
|
|upkeep
|turn|24
|
|t:|1760827344
|-end|p1a: Kingambit|fallen4|[silent]
|switch|p1a: Glimmora|Glimmora, M|100/100
|-damage|p1a: Glimmora|88/100|[from] Spikes
|move|p2a: Samurott|Aqua Jet|p1a: Glimmora
|-supereffective|p1a: Glimmora
|-damage|p1a: Glimmora|47/100
|-activate|p1a: Glimmora|ability: Toxic Debris
|-sidestart|p2: leozine|move: Toxic Spikes
|
|upkeep
|turn|25
|
|t:|1760827354
|move|p1a: Glimmora|Spiky Shield|p1a: Glimmora
|-singleturn|p1a: Glimmora|move: Protect
|move|p2a: Samurott|Aqua Jet|p1a: Glimmora
|-activate|p1a: Glimmora|move: Protect
|-damage|p2a: Samurott|0 fnt|[from] Spiky Shield|[of] p1a: Glimmora
|faint|p2a: Samurott
|
|upkeep
|
|t:|1760827366
|switch|p2a: Slowking|Slowking-Galar, M|35/100 brn
|-sideend|p2: leozine|move: Toxic Spikes|[of] p2a: Slowking
|turn|26
|c|☆psychedelic_kit|Gg
|
|t:|1760827375
|move|p1a: Glimmora|Spiky Shield||[still]
|-fail|p1a: Glimmora
|move|p2a: Slowking|Psychic Noise|p1a: Glimmora
|-supereffective|p1a: Glimmora
|-damage|p1a: Glimmora|0 fnt
|faint|p1a: Glimmora
|
|-damage|p2a: Slowking|29/100 brn|[from] brn
|upkeep
|
|t:|1760827385
|switch|p1a: Kingambit|Kingambit, M, tera:Ghost|6/100
|-damage|p1a: Kingambit|0 fnt|[from] Spikes
|faint|p1a: Kingambit
|-end|p1a: Kingambit|fallenundefined|[silent]
|
|win|leozine
|raw|psychedelic_kit's rating: 1228 &rarr; <strong>1197</strong><br />(-31 for losing)
|raw|leozine's rating: 1143 &rarr; <strong>1174</strong><br />(+31 for winning)
|l|☆leozine
|player|p2|
|l|☆psychedelic_kit
|player|p1|
