|j|☆dinolugia
|j|☆Allheckers
|t:|1760776789
|gametype|singles
|player|p1|dinolugia|red|1181
|player|p2|Allheckers|sabrina|1179
|gen|9
|tier|[Gen 9] OU
|rated|
|rule|HP Percentage Mod: HP is shown in percentages
|rule|Endless Battle Clause: Forcing endless battles is banned
|rule|Species Clause: Limit one of each Pokémon
|rule|OHKO Clause: OHKO moves are banned
|rule|Evasion Items Clause: Evasion items are banned
|rule|Evasion Moves Clause: Evasion moves are banned
|rule|Evasion Abilities Clause: Evasion abilities are banned
|rule|Sleep Moves Clause: Sleep-inducing moves are banned
|clearpoke
|poke|p1|Great Tusk|
|poke|p1|Iron Moth|
|poke|p1|Kingambit, F|
|poke|p1|Gholdengo|
|poke|p1|Dragapult, M|
|poke|p1|Darkrai|
|poke|p2|Keldeo-Resolute|
|poke|p2|Masquerain, F|
|poke|p2|Sableye, M|
|poke|p2|Glimmora, M|
|poke|p2|Whimsicott, M|
|poke|p2|Polteageist-Antique|
|teampreview
|inactive|Battle timer is ON: inactive players will automatically lose when time's up. (requested by dinolugia)
|inactive|Allheckers has 120 seconds left.
|
|t:|1760776823
|teamsize|p1|6
|teamsize|p2|6
|start
|switch|p1a: Great Tusk|Great Tusk|100/100
|switch|p2a: Masquerain|Masquerain, F|100/100
|-ability|p2a: Masquerain|Intimidate|boost
|-unboost|p1a: Great Tusk|atk|1
|turn|1
|
|t:|1760776835
|move|p1a: Great Tusk|Stealth Rock|p2a: Masquerain
|-sidestart|p2: Allheckers|move: Stealth Rock
|move|p2a: Masquerain|Sticky Web|p1a: Great Tusk
|-sidestart|p1: dinolugia|move: Sticky Web
|
|upkeep
|turn|2
|
|t:|1760776841
|move|p1a: Great Tusk|Ice Spinner|p2a: Masquerain
|-supereffective|p2a: Masquerain
|-damage|p2a: Masquerain|48/100
|move|p2a: Masquerain|Quiver Dance|p2a: Masquerain
|-boost|p2a: Masquerain|spa|1
|-boost|p2a: Masquerain|spd|1
|-boost|p2a: Masquerain|spe|1
|
|-heal|p2a: Masquerain|54/100|[from] item: Leftovers
|upkeep
|turn|3
|
|t:|1760776854
|move|p2a: Masquerain|Air Slash|p1a: Great Tusk
|-supereffective|p1a: Great Tusk
|-damage|p1a: Great Tusk|0 fnt
|faint|p1a: Great Tusk
|-end|p1a: Great Tusk|Protosynthesis|[silent]
|
|-heal|p2a: Masquerain|60/100|[from] item: Leftovers
|upkeep
|
|t:|1760776860
|switch|p1a: Dragapult|Dragapult, M|100/100
|turn|4
|
|t:|1760776868
|move|p2a: Masquerain|Ice Beam|p1a: Dragapult
|-supereffective|p1a: Dragapult
|-damage|p1a: Dragapult|0 fnt
|faint|p1a: Dragapult
|
|-heal|p2a: Masquerain|66/100|[from] item: Leftovers
|upkeep
|
|t:|1760776871
|switch|p1a: Kingambit|Kingambit, F|100/100
|-activate|p1a: Kingambit|move: Sticky Web
|-unboost|p1a: Kingambit|spe|1
|-activate|p1a: Kingambit|ability: Supreme Overlord
|-start|p1a: Kingambit|fallen2|[silent]
|turn|5
|
|t:|1760776878
|move|p1a: Kingambit|Sucker Punch||[still]
|-fail|p1a: Kingambit
|move|p2a: Masquerain|Quiver Dance|p2a: Masquerain
|-boost|p2a: Masquerain|spa|1
|-boost|p2a: Masquerain|spd|1
|-boost|p2a: Masquerain|spe|1
|
|-heal|p2a: Masquerain|72/100|[from] item: Leftovers
|upkeep
|turn|6
|
|t:|1760776881
|move|p1a: Kingambit|Sucker Punch|p2a: Masquerain
|-damage|p2a: Masquerain|0 fnt
|faint|p2a: Masquerain
|
|upkeep
|
|t:|1760776885
|switch|p2a: Keldeo|Keldeo-Resolute|100/100
|-damage|p2a: Keldeo|94/100|[from] Stealth Rock
|turn|7
|
|t:|1760776891
|-end|p1a: Kingambit|fallen2|[silent]
|switch|p1a: Gholdengo|Gholdengo|100/100
|-activate|p1a: Gholdengo|move: Sticky Web
|-unboost|p1a: Gholdengo|spe|1
|move|p2a: Keldeo|Vacuum Wave|p1a: Gholdengo
|-immune|p1a: Gholdengo
|
|upkeep
|turn|8
|
|t:|1760776903
|move|p2a: Keldeo|Surf|p1a: Gholdengo
|-damage|p1a: Gholdengo|46/100
|move|p1a: Gholdengo|Make It Rain|p2a: Keldeo
|-resisted|p2a: Keldeo
|-damage|p2a: Keldeo|58/100
|-unboost|p1a: Gholdengo|spa|1
|
|upkeep
|turn|9
|
|t:|1760776914
|move|p2a: Keldeo|Surf|p1a: Gholdengo
|-damage|p1a: Gholdengo|0 fnt
|faint|p1a: Gholdengo
|
|upkeep
|
|t:|1760776916
|switch|p1a: Darkrai|Darkrai|100/100
|-activate|p1a: Darkrai|move: Sticky Web
|-unboost|p1a: Darkrai|spe|1
|turn|10
|
|t:|1760776927
|-terastallize|p1a: Darkrai|Poison
|move|p2a: Keldeo|Secret Sword|p1a: Darkrai
|-resisted|p1a: Darkrai
|-damage|p1a: Darkrai|67/100
|move|p1a: Darkrai|Sludge Bomb|p2a: Keldeo
|-damage|p2a: Keldeo|0 fnt
|faint|p2a: Keldeo
|-damage|p1a: Darkrai|57/100|[from] item: Life Orb
|
|upkeep
|
|t:|1760776942
|switch|p2a: Glimmora|Glimmora, M, shiny|100/100
|-damage|p2a: Glimmora|88/100|[from] Stealth Rock
|turn|11
|
|t:|1760776950
|move|p2a: Glimmora|Earth Power|p1a: Darkrai
|-supereffective|p1a: Darkrai
|-damage|p1a: Darkrai|0 fnt
|faint|p1a: Darkrai
|
|upkeep
|
|t:|1760776957
|switch|p1a: Kingambit|Kingambit, F|100/100
|-activate|p1a: Kingambit|move: Sticky Web
|-unboost|p1a: Kingambit|spe|1
|-activate|p1a: Kingambit|ability: Supreme Overlord
|-start|p1a: Kingambit|fallen4|[silent]
|turn|12
|
|t:|1760776964
|move|p2a: Glimmora|Earth Power|p1a: Kingambit
|-supereffective|p1a: Kingambit
|-crit|p1a: Kingambit
|-damage|p1a: Kingambit|0 fnt
|faint|p1a: Kingambit
|-end|p1a: Kingambit|fallen4|[silent]
|
|upkeep
|
|t:|1760776967
|switch|p1a: Iron Moth|Iron Moth|100/100
|-activate|p1a: Iron Moth|move: Sticky Web
|-unboost|p1a: Iron Moth|spe|1
|turn|13
|-message|dinolugia forfeited.
|
|win|Allheckers
|raw|dinolugia's rating: 1181 &rarr; <strong>1157</strong><br />(-24 for losing)
|raw|Allheckers's rating: 1201 &rarr; <strong>1225</strong><br />(+24 for winning)
|l|☆dinolugia
|player|p1|
|l|☆Allheckers
|player|p2|
