|j|☆DurantLatios拉帝欧斯侠
|j|☆Builtlikeapotato
|t:|1760856165
|gametype|singles
|player|p1|DurantLatios拉帝欧斯侠|102|1357
|player|p2|Builtlikeapotato|265|1374
|gen|9
|tier|[Gen 9] OU
|rated|
|rule|HP Percentage Mod: HP is shown in percentages
|rule|Endless Battle Clause: Forcing endless battles is banned
|rule|Species Clause: Limit one of each Pokémon
|rule|OHKO Clause: OHKO moves are banned
|rule|Evasion Items Clause: Evasion items are banned
|rule|Evasion Moves Clause: Evasion moves are banned
|rule|Evasion Abilities Clause: Evasion abilities are banned
|rule|Sleep Moves Clause: Sleep-inducing moves are banned
|clearpoke
|poke|p1|Latios, M|
|poke|p1|Tyranitar, M|
|poke|p1|Excadrill, F|
|poke|p1|Moltres|
|poke|p1|Primarina, F|
|poke|p1|Ogerpon-Wellspring, F|
|poke|p2|Samurott-Hisui, F|
|poke|p2|Clefable, F|
|poke|p2|Gholdengo|
|poke|p2|Meowscarada, M|
|poke|p2|Great Tusk|
|poke|p2|Raging Bolt|
|teampreview
|inactive|Battle timer is ON: inactive players will automatically lose when time's up. (requested by Builtlikeapotato)
|
|t:|1760856183
|teamsize|p1|6
|teamsize|p2|6
|start
|switch|p1a: Moltres|Moltres|100/100
|switch|p2a: Samurott|Samurott-Hisui, F|100/100
|turn|1
|
|t:|1760856187
|move|p1a: Moltres|U-turn|p2a: Samurott
|-supereffective|p2a: Samurott
|-damage|p2a: Samurott|67/100
|
|t:|1760856189
|switch|p1a: Primarina|Primarina, F|100/100|[from] U-turn
|move|p2a: Samurott|Ceaseless Edge|p1a: Primarina
|-resisted|p1a: Primarina
|-damage|p1a: Primarina|71/100
|-sidestart|p1: DurantLatios拉帝欧斯侠|Spikes
|
|upkeep
|turn|2
|
|t:|1760856193
|move|p2a: Samurott|Ceaseless Edge|p1a: Primarina
|-resisted|p1a: Primarina
|-crit|p1a: Primarina
|-damage|p1a: Primarina|31/100
|-sidestart|p1: DurantLatios拉帝欧斯侠|Spikes
|move|p1a: Primarina|Moonblast|p2a: Samurott
|-supereffective|p2a: Samurott
|-damage|p2a: Samurott|0 fnt
|faint|p2a: Samurott
|
|upkeep
|
|t:|1760856196
|switch|p2a: Gholdengo|Gholdengo|100/100
|turn|3
|
|t:|1760856200
|move|p2a: Gholdengo|Trick|p1a: Primarina
|-activate|p2a: Gholdengo|move: Trick|[of] p1a: Primarina
|-item|p1a: Primarina|Choice Scarf|[from] move: Trick
|-item|p2a: Gholdengo|Assault Vest|[from] move: Trick
|move|p1a: Primarina|Surf|p2a: Gholdengo
|-damage|p2a: Gholdengo|38/100
|
|upkeep
|turn|4
|
|t:|1760856206
|switch|p2a: Meowscarada|Meowscarada, M|100/100
|move|p1a: Primarina|Surf|p2a: Meowscarada
|-resisted|p2a: Meowscarada
|-crit|p2a: Meowscarada
|-damage|p2a: Meowscarada|7/100
|
|upkeep
|turn|5
|c|☆Builtlikeapotato|Huh
|c|☆Builtlikeapotato|93???
|
|t:|1760856224
|switch|p1a: Moltres|Moltres|100/100
|move|p2a: Meowscarada|Flower Trick|p1a: Moltres
|-start|p2a: Meowscarada|typechange|Grass|[from] ability: Protean
|-resisted|p1a: Moltres
|-crit|p1a: Moltres
|-damage|p1a: Moltres|92/100
|
|upkeep
|turn|6
|
|t:|1760856227
|switch|p2a: Clefable|Clefable, F|100/100
|move|p1a: Moltres|U-turn|p2a: Clefable
|-resisted|p2a: Clefable
|-damage|p2a: Clefable|95/100
|
|t:|1760856231
|switch|p1a: Excadrill|Excadrill, F|100/100|[from] U-turn
|-item|p1a: Excadrill|Air Balloon
|
|-heal|p2a: Clefable|100/100|[from] item: Leftovers
|upkeep
|turn|7
|
|t:|1760856234
|move|p1a: Excadrill|Rapid Spin|p2a: Clefable
|-damage|p2a: Clefable|85/100
|-boost|p1a: Excadrill|spe|1
|-sideend|p1: DurantLatios拉帝欧斯侠|Spikes|[from] move: Rapid Spin|[of] p1a: Excadrill
|move|p2a: Clefable|Stealth Rock|p1a: Excadrill
|-sidestart|p1: DurantLatios拉帝欧斯侠|move: Stealth Rock
|
|-heal|p2a: Clefable|91/100|[from] item: Leftovers
|upkeep
|turn|8
|
|t:|1760856237
|switch|p2a: Gholdengo|Gholdengo|38/100
|move|p1a: Excadrill|Swords Dance|p1a: Excadrill
|-boost|p1a: Excadrill|atk|2
|
|upkeep
|turn|9
|
|t:|1760856241
|move|p1a: Excadrill|Earthquake|p2a: Gholdengo
|-supereffective|p2a: Gholdengo
|-damage|p2a: Gholdengo|0 fnt
|faint|p2a: Gholdengo
|
|upkeep
|
|t:|1760856243
|switch|p2a: Great Tusk|Great Tusk|100/100
|turn|10
|
|t:|1760856255
|switch|p1a: Moltres|Moltres|92/100
|-terastallize|p2a: Great Tusk|Water
|move|p2a: Great Tusk|Rapid Spin|p1a: Moltres
|-damage|p1a: Moltres|83/100
|-boost|p2a: Great Tusk|spe|1
|
|upkeep
|turn|11
|
|t:|1760856260
|-end|p2a: Great Tusk|Protosynthesis|[silent]
|switch|p2a: Clefable|Clefable, F|91/100
|move|p1a: Moltres|U-turn|p2a: Clefable
|-resisted|p2a: Clefable
|-damage|p2a: Clefable|86/100
|
|t:|1760856263
|switch|p1a: Excadrill|Excadrill, F|100/100|[from] U-turn
|-damage|p1a: Excadrill|97/100|[from] Stealth Rock
|-item|p1a: Excadrill|Air Balloon
|
|-heal|p2a: Clefable|92/100|[from] item: Leftovers
|upkeep
|turn|12
|
|t:|1760856270
|move|p1a: Excadrill|Rapid Spin|p2a: Clefable
|-damage|p2a: Clefable|77/100
|-boost|p1a: Excadrill|spe|1
|-sideend|p1: DurantLatios拉帝欧斯侠|Stealth Rock|[from] move: Rapid Spin|[of] p1a: Excadrill
|move|p2a: Clefable|Moonblast|p1a: Excadrill
|-resisted|p1a: Excadrill
|-damage|p1a: Excadrill|76/100
|-enditem|p1a: Excadrill|Air Balloon
|
|-heal|p2a: Clefable|83/100|[from] item: Leftovers
|upkeep
|turn|13
|
|t:|1760856273
|switch|p2a: Great Tusk|Great Tusk, tera:Water|100/100
|move|p1a: Excadrill|Swords Dance|p1a: Excadrill
|-boost|p1a: Excadrill|atk|2
|
|upkeep
|turn|14
|
|t:|1760856280
|switch|p1a: Latios|Latios, M|100/100
|move|p2a: Great Tusk|Headlong Rush|p1a: Latios
|-immune|p1a: Latios|[from] ability: Levitate
|
|upkeep
|turn|15
|
|t:|1760856283
|-end|p2a: Great Tusk|Protosynthesis|[silent]
|switch|p2a: Meowscarada|Meowscarada, M|7/100
|move|p1a: Latios|Luster Purge|p2a: Meowscarada
|-immune|p2a: Meowscarada
|
|upkeep
|turn|16
|
|t:|1760856286
|switch|p1a: Moltres|Moltres|83/100
|move|p2a: Meowscarada|Knock Off|p1a: Moltres
|-start|p2a: Meowscarada|typechange|Dark|[from] ability: Protean
|-damage|p1a: Moltres|51/100
|-enditem|p1a: Moltres|Heavy-Duty Boots|[from] move: Knock Off|[of] p2a: Meowscarada
|
|upkeep
|turn|17
|
|t:|1760856290
|switch|p2a: Clefable|Clefable, F|83/100
|move|p1a: Moltres|U-turn|p2a: Clefable
|-resisted|p2a: Clefable
|-damage|p2a: Clefable|78/100
|
|t:|1760856294
|switch|p1a: Tyranitar|Tyranitar, M|100/100|[from] U-turn
|-weather|Sandstorm|[from] ability: Sand Stream|[of] p1a: Tyranitar
|
|-weather|Sandstorm|[upkeep]
|-heal|p2a: Clefable|84/100|[from] item: Leftovers
|upkeep
|turn|18
|
|t:|1760856309
|move|p2a: Clefable|Thunder Wave|p1a: Tyranitar
|-status|p1a: Tyranitar|par
|cant|p1a: Tyranitar|par
|
|-weather|Sandstorm|[upkeep]
|-heal|p2a: Clefable|90/100|[from] item: Leftovers
|upkeep
|turn|19
|
|t:|1760856313
|move|p2a: Clefable|Stealth Rock|p1a: Tyranitar
|-sidestart|p1: DurantLatios拉帝欧斯侠|move: Stealth Rock
|move|p1a: Tyranitar|Stealth Rock|p2a: Clefable
|-sidestart|p2: Builtlikeapotato|move: Stealth Rock
|
|-weather|Sandstorm|[upkeep]
|-heal|p2a: Clefable|96/100|[from] item: Leftovers
|upkeep
|turn|20
|
|t:|1760856325
|switch|p2a: Great Tusk|Great Tusk, tera:Water|100/100
|-damage|p2a: Great Tusk|88/100|[from] Stealth Rock
|move|p1a: Tyranitar|Knock Off|p2a: Great Tusk
|-damage|p2a: Great Tusk|61/100
|-damage|p1a: Tyranitar|84/100 par|[from] item: Rocky Helmet|[of] p2a: Great Tusk
|-enditem|p2a: Great Tusk|Rocky Helmet|[from] move: Knock Off|[of] p1a: Tyranitar
|
|-weather|Sandstorm|[upkeep]
|-damage|p2a: Great Tusk|55/100|[from] Sandstorm
|-heal|p1a: Tyranitar|90/100 par|[from] item: Leftovers
|upkeep
|turn|21
|
|t:|1760856331
|move|p2a: Great Tusk|Rapid Spin|p1a: Tyranitar
|-resisted|p1a: Tyranitar
|-damage|p1a: Tyranitar|84/100 par
|-boost|p2a: Great Tusk|spe|1
|-sideend|p2: Builtlikeapotato|Stealth Rock|[from] move: Rapid Spin|[of] p2a: Great Tusk
|move|p1a: Tyranitar|Stone Edge|p2a: Great Tusk
|-damage|p2a: Great Tusk|29/100
|
|-weather|none
|-heal|p1a: Tyranitar|90/100 par|[from] item: Leftovers
|upkeep
|turn|22
|
|t:|1760856335
|switch|p1a: Moltres|Moltres|51/100
|-damage|p1a: Moltres|2/100|[from] Stealth Rock
|move|p2a: Great Tusk|Knock Off|p1a: Moltres
|-damage|p1a: Moltres|0 fnt
|-status|p2a: Great Tusk|brn|[from] ability: Flame Body|[of] p1a: Moltres
|faint|p1a: Moltres
|
|-damage|p2a: Great Tusk|23/100 brn|[from] brn
|upkeep
|
|t:|1760856338
|switch|p1a: Ogerpon|Ogerpon-Wellspring, F|100/100
|-damage|p1a: Ogerpon|88/100|[from] Stealth Rock
|turn|23
|
|t:|1760856341
|-end|p2a: Great Tusk|Protosynthesis|[silent]
|switch|p2a: Clefable|Clefable, F|96/100
|move|p1a: Ogerpon|Power Whip|p2a: Clefable
|-damage|p2a: Clefable|40/100
|
|-heal|p2a: Clefable|46/100|[from] item: Leftovers
|upkeep
|turn|24
|
|t:|1760856345
|move|p1a: Ogerpon|Ivy Cudgel|p2a: Clefable|[anim] Ivy Cudgel Water
|-damage|p2a: Clefable|5/100
|move|p2a: Clefable|Thunder Wave|p1a: Ogerpon
|-status|p1a: Ogerpon|par
|
|-heal|p2a: Clefable|11/100|[from] item: Leftovers
|upkeep
|turn|25
|
|t:|1760856349
|move|p1a: Ogerpon|Ivy Cudgel|p2a: Clefable|[anim] Ivy Cudgel Water
|-damage|p2a: Clefable|0 fnt
|faint|p2a: Clefable
|
|upkeep
|
|t:|1760856351
|switch|p2a: Meowscarada|Meowscarada, M|7/100
|turn|26
|
|t:|1760856355
|move|p2a: Meowscarada|Triple Axel|p1a: Ogerpon
|-start|p2a: Meowscarada|typechange|Ice|[from] ability: Protean
|-damage|p1a: Ogerpon|75/100 par
|-damage|p1a: Ogerpon|52/100 par
|-damage|p1a: Ogerpon|12/100 par
|-hitcount|p1a: Ogerpon|3
|cant|p1a: Ogerpon|par
|
|upkeep
|turn|27
|
|t:|1760856362
|move|p2a: Meowscarada|Triple Axel|p1a: Ogerpon
|-damage|p1a: Ogerpon|0 fnt
|faint|p1a: Ogerpon
|-hitcount|p1: Ogerpon|1
|
|upkeep
|
|t:|1760856368
|switch|p1a: Tyranitar|Tyranitar, M|90/100 par
|-damage|p1a: Tyranitar|78/100 par|[from] Stealth Rock
|-weather|Sandstorm|[from] ability: Sand Stream|[of] p1a: Tyranitar
|turn|28
|
|t:|1760856371
|switch|p2a: Great Tusk|Great Tusk, tera:Water|23/100 brn
|cant|p1a: Tyranitar|par
|
|-weather|Sandstorm|[upkeep]
|-damage|p2a: Great Tusk|17/100 brn|[from] Sandstorm
|-heal|p1a: Tyranitar|84/100 par|[from] item: Leftovers
|-damage|p2a: Great Tusk|10/100 brn|[from] brn
|upkeep
|turn|29
|
|t:|1760856389
|switch|p1a: Latios|Latios, M|100/100
|-damage|p1a: Latios|88/100|[from] Stealth Rock
|move|p2a: Great Tusk|Headlong Rush|p1a: Latios
|-immune|p1a: Latios|[from] ability: Levitate
|
|-weather|Sandstorm|[upkeep]
|-damage|p1a: Latios|82/100|[from] Sandstorm
|-damage|p2a: Great Tusk|4/100 brn|[from] Sandstorm
|-damage|p2a: Great Tusk|0 fnt|[from] brn
|faint|p2a: Great Tusk
|-end|p2a: Great Tusk|Protosynthesis|[silent]
|upkeep
|
|t:|1760856391
|switch|p2a: Meowscarada|Meowscarada, M|7/100
|turn|30
|
|t:|1760856405
|-terastallize|p1a: Latios|Dragon
|move|p2a: Meowscarada|Knock Off|p1a: Latios
|-start|p2a: Meowscarada|typechange|Dark|[from] ability: Protean
|-damage|p1a: Latios|19/100
|-enditem|p1a: Latios|Choice Specs|[from] move: Knock Off|[of] p2a: Meowscarada
|move|p1a: Latios|Flip Turn|p2a: Meowscarada
|-damage|p2a: Meowscarada|0 fnt
|faint|p2a: Meowscarada
|
|t:|1760856410
|switch|p1a: Tyranitar|Tyranitar, M|84/100 par|[from] Flip Turn
|-damage|p1a: Tyranitar|72/100 par|[from] Stealth Rock
|
|-weather|Sandstorm|[upkeep]
|-heal|p1a: Tyranitar|78/100 par|[from] item: Leftovers
|upkeep
|
|t:|1760856411
|switch|p2a: Raging Bolt|Raging Bolt|100/100
|-enditem|p2a: Raging Bolt|Booster Energy
|-activate|p2a: Raging Bolt|ability: Protosynthesis|[fromitem]
|-start|p2a: Raging Bolt|protosynthesisspa
|turn|31
|
|t:|1760856417
|move|p2a: Raging Bolt|Calm Mind|p2a: Raging Bolt
|-boost|p2a: Raging Bolt|spa|1
|-boost|p2a: Raging Bolt|spd|1
|move|p1a: Tyranitar|Ice Beam|p2a: Raging Bolt
|-supereffective|p2a: Raging Bolt
|-damage|p2a: Raging Bolt|76/100
|
|-weather|Sandstorm|[upkeep]
|-damage|p2a: Raging Bolt|70/100|[from] Sandstorm
|-heal|p1a: Tyranitar|84/100 par|[from] item: Leftovers
|upkeep
|turn|32
|
|t:|1760856423
|move|p2a: Raging Bolt|Calm Mind|p2a: Raging Bolt
|-boost|p2a: Raging Bolt|spa|1
|-boost|p2a: Raging Bolt|spd|1
|move|p1a: Tyranitar|Ice Beam|p2a: Raging Bolt
|-supereffective|p2a: Raging Bolt
|-damage|p2a: Raging Bolt|50/100
|
|-weather|none
|-heal|p1a: Tyranitar|90/100 par|[from] item: Leftovers
|upkeep
|turn|33
|
|t:|1760856431
|move|p2a: Raging Bolt|Dragon Pulse|p1a: Tyranitar
|-damage|p1a: Tyranitar|5/100 par
|move|p1a: Tyranitar|Ice Beam|p2a: Raging Bolt
|-supereffective|p2a: Raging Bolt
|-damage|p2a: Raging Bolt|32/100
|
|-heal|p1a: Tyranitar|11/100 par|[from] item: Leftovers
|upkeep
|turn|34
|
|t:|1760856437
|switch|p1a: Latios|Latios, M, tera:Dragon|19/100
|-damage|p1a: Latios|7/100|[from] Stealth Rock
|move|p2a: Raging Bolt|Thunderclap||[still]
|-fail|p2a: Raging Bolt
|
|upkeep
|turn|35
|
|t:|1760856459
|move|p2a: Raging Bolt|Thunderclap|p1a: Latios
|-resisted|p1a: Latios
|-damage|p1a: Latios|0 fnt
|faint|p1a: Latios
|
|upkeep
|
|t:|1760856460
|switch|p1a: Excadrill|Excadrill, F|76/100
|-damage|p1a: Excadrill|73/100|[from] Stealth Rock
|turn|36
|
|t:|1760856463
|move|p1a: Excadrill|Earthquake|p2a: Raging Bolt
|-supereffective|p2a: Raging Bolt
|-damage|p2a: Raging Bolt|0 fnt
|faint|p2a: Raging Bolt
|-end|p2a: Raging Bolt|Protosynthesis|[silent]
|
|win|DurantLatios拉帝欧斯侠
|raw|DurantLatios拉帝欧斯侠's rating: 1357 &rarr; <strong>1378</strong><br />(+21 for winning)
|raw|Builtlikeapotato's rating: 1374 &rarr; <strong>1353</strong><br />(-21 for losing)
