|j|☆XX420STALLGOD69XX
|j|☆art of unmoning
|t:|1760792309
|gametype|singles
|player|p1|XX420STALLGOD69XX|170|1678
|player|p2|art of unmoning|waiter-gen4dp|1701
|gen|9
|tier|[Gen 9] OU
|rated|
|rule|HP Percentage Mod: HP is shown in percentages
|rule|Endless Battle Clause: Forcing endless battles is banned
|rule|Species Clause: Limit one of each Pokémon
|rule|OHKO Clause: OHKO moves are banned
|rule|Evasion Items Clause: Evasion items are banned
|rule|Evasion Moves Clause: Evasion moves are banned
|rule|Evasion Abilities Clause: Evasion abilities are banned
|rule|Sleep Moves Clause: Sleep-inducing moves are banned
|clearpoke
|poke|p1|Rotom-Wash|
|poke|p1|Meowscarada, F|
|poke|p1|Great Tusk|
|poke|p1|Gholdengo|
|poke|p1|Dragonite, M|
|poke|p1|Iron Valiant|
|poke|p2|Slowking, M|
|poke|p2|Tyranitar, F|
|poke|p2|Excadrill, F|
|poke|p2|Zamazenta-*|
|poke|p2|Corviknight, F|
|poke|p2|Weezing-Galar, M|
|teampreview
|inactive|Battle timer is ON: inactive players will automatically lose when time's up. (requested by art of unmoning)
|c|☆art of unmoning|Hf
|c|☆XX420STALLGOD69XX|hf
|
|t:|1760792329
|teamsize|p1|6
|teamsize|p2|6
|start
|switch|p1a: Rotom|Rotom-Wash|100/100
|switch|p2a: Tyranitar|Tyranitar, F|100/100
|-weather|Sandstorm|[from] ability: Sand Stream|[of] p2a: Tyranitar
|turn|1
|
|t:|1760792334
|switch|p2a: Slowking|Slowking, M|100/100
|move|p1a: Rotom|Will-O-Wisp|p2a: Slowking
|-status|p2a: Slowking|brn
|
|-weather|Sandstorm|[upkeep]
|-damage|p1a: Rotom|95/100|[from] Sandstorm
|-damage|p2a: Slowking|94/100 brn|[from] Sandstorm
|-heal|p1a: Rotom|100/100|[from] item: Leftovers
|-damage|p2a: Slowking|88/100 brn|[from] brn
|upkeep
|turn|2
|
|t:|1760792346
|move|p1a: Rotom|Volt Switch|p2a: Slowking
|-supereffective|p2a: Slowking
|-damage|p2a: Slowking|62/100 brn
|
|t:|1760792348
|switch|p1a: Meowscarada|Meowscarada, F|100/100|[from] Volt Switch
|move|p2a: Slowking|Scald|p1a: Meowscarada
|-resisted|p1a: Meowscarada
|-damage|p1a: Meowscarada|74/100
|
|-weather|Sandstorm|[upkeep]
|-damage|p1a: Meowscarada|68/100|[from] Sandstorm
|-damage|p2a: Slowking|56/100 brn|[from] Sandstorm
|-damage|p2a: Slowking|50/100 brn|[from] brn
|upkeep
|turn|3
|
|t:|1760792354
|switch|p2a: Weezing|Weezing-Galar, M|100/100
|-ability|p2a: Weezing|Neutralizing Gas
|move|p1a: Meowscarada|Knock Off|p2a: Weezing
|-resisted|p2a: Weezing
|-damage|p2a: Weezing|88/100
|-enditem|p2a: Weezing|Heavy-Duty Boots|[from] move: Knock Off|[of] p1a: Meowscarada
|
|-weather|Sandstorm|[upkeep]
|-damage|p1a: Meowscarada|62/100|[from] Sandstorm
|-damage|p2a: Weezing|82/100|[from] Sandstorm
|upkeep
|turn|4
|
|t:|1760792363
|switch|p1a: Rotom|Rotom-Wash|100/100
|move|p2a: Weezing|Will-O-Wisp|p1a: Rotom
|-status|p1a: Rotom|brn
|
|-weather|Sandstorm|[upkeep]
|-damage|p1a: Rotom|95/100 brn|[from] Sandstorm
|-damage|p2a: Weezing|76/100|[from] Sandstorm
|-heal|p1a: Rotom|100/100 brn|[from] item: Leftovers
|-damage|p1a: Rotom|95/100 brn|[from] brn
|upkeep
|turn|5
|
|t:|1760792373
|-end|p2a: Weezing|ability: Neutralizing Gas
|switch|p2a: Slowking|Slowking, M|83/100 brn
|move|p1a: Rotom|Will-O-Wisp|p2a: Slowking|[miss]
|-miss|p1a: Rotom|p2a: Slowking
|
|-weather|none
|-heal|p1a: Rotom|100/100 brn|[from] item: Leftovers
|-damage|p1a: Rotom|95/100 brn|[from] brn
|-damage|p2a: Slowking|77/100 brn|[from] brn
|upkeep
|turn|6
|
|t:|1760792384
|move|p1a: Rotom|Hydro Pump|p2a: Slowking
|-resisted|p2a: Slowking
|-damage|p2a: Slowking|67/100 brn
|move|p2a: Slowking|Scald|p1a: Rotom
|-resisted|p1a: Rotom
|-damage|p1a: Rotom|81/100 brn
|
|-heal|p1a: Rotom|87/100 brn|[from] item: Leftovers
|-damage|p1a: Rotom|81/100 brn|[from] brn
|-damage|p2a: Slowking|61/100 brn|[from] brn
|upkeep
|turn|7
|
|t:|1760792391
|move|p1a: Rotom|Volt Switch|p2a: Slowking
|-supereffective|p2a: Slowking
|-damage|p2a: Slowking|37/100 brn
|
|t:|1760792393
|switch|p1a: Meowscarada|Meowscarada, F|62/100|[from] Volt Switch
|move|p2a: Slowking|Future Sight|p1a: Meowscarada
|-start|p2a: Slowking|move: Future Sight
|
|-damage|p2a: Slowking|31/100 brn|[from] brn
|upkeep
|turn|8
|
|t:|1760792398
|switch|p2a: Weezing|Weezing-Galar, M|76/100
|-ability|p2a: Weezing|Neutralizing Gas
|move|p1a: Meowscarada|Spikes|p2a: Weezing
|-sidestart|p2: art of unmoning|Spikes
|
|upkeep
|turn|9
|
|t:|1760792404
|switch|p1a: Rotom|Rotom-Wash|81/100 brn
|move|p2a: Weezing|Will-O-Wisp|p1a: Rotom
|-fail|p1a: Rotom|brn
|
|-end|p1a: Rotom|move: Future Sight
|-damage|p1a: Rotom|37/100 brn
|-heal|p1a: Rotom|43/100 brn|[from] item: Leftovers
|-damage|p1a: Rotom|37/100 brn|[from] brn
|upkeep
|turn|10
|
|t:|1760792412
|-end|p2a: Weezing|ability: Neutralizing Gas
|switch|p2a: Slowking|Slowking, M|64/100 brn
|-damage|p2a: Slowking|51/100 brn|[from] Spikes
|move|p1a: Rotom|Pain Split|p2a: Slowking
|-sethp|p2a: Slowking|40/100 brn|[from] move: Pain Split|[silent]
|-sethp|p1a: Rotom|52/100 brn|[from] move: Pain Split
|
|-heal|p1a: Rotom|58/100 brn|[from] item: Leftovers
|-damage|p1a: Rotom|52/100 brn|[from] brn
|-damage|p2a: Slowking|34/100 brn|[from] brn
|upkeep
|turn|11
|
|t:|1760792424
|move|p1a: Rotom|Volt Switch|p2a: Slowking
|-supereffective|p2a: Slowking
|-damage|p2a: Slowking|9/100 brn
|
|t:|1760792438
|switch|p1a: Gholdengo|Gholdengo|100/100|[from] Volt Switch
|-item|p1a: Gholdengo|Air Balloon
|move|p2a: Slowking|Scald|p1a: Gholdengo
|-damage|p1a: Gholdengo|66/100
|-enditem|p1a: Gholdengo|Air Balloon
|
|-damage|p2a: Slowking|3/100 brn|[from] brn
|upkeep
|turn|12
|
|t:|1760792445
|switch|p2a: Excadrill|Excadrill, F|100/100
|-damage|p2a: Excadrill|88/100|[from] Spikes
|move|p1a: Gholdengo|Nasty Plot|p1a: Gholdengo
|-boost|p1a: Gholdengo|spa|2
|
|-heal|p2a: Excadrill|94/100|[from] item: Leftovers
|upkeep
|turn|13
|
|t:|1760792452
|-terastallize|p1a: Gholdengo|Flying
|move|p2a: Excadrill|Earthquake|p1a: Gholdengo
|-immune|p1a: Gholdengo
|move|p1a: Gholdengo|Shadow Ball|p2a: Excadrill
|-damage|p2a: Excadrill|2/100
|
|-heal|p2a: Excadrill|8/100|[from] item: Leftovers
|upkeep
|turn|14
|
|t:|1760792458
|move|p2a: Excadrill|Rock Slide|p1a: Gholdengo
|-supereffective|p1a: Gholdengo
|-damage|p1a: Gholdengo|12/100
|move|p1a: Gholdengo|Shadow Ball|p2a: Excadrill
|-damage|p2a: Excadrill|0 fnt
|faint|p2a: Excadrill
|
|upkeep
|
|t:|1760792464
|switch|p2a: Zamazenta|Zamazenta|100/100
|-damage|p2a: Zamazenta|88/100|[from] Spikes
|-ability|p2a: Zamazenta|Dauntless Shield|boost
|-boost|p2a: Zamazenta|def|1
|turn|15
|inactive|XX420STALLGOD69XX has 120 seconds left.
|
|t:|1760792500
|switch|p1a: Rotom|Rotom-Wash|52/100 brn
|move|p2a: Zamazenta|Close Combat|p1a: Rotom
|-damage|p1a: Rotom|0 fnt
|-unboost|p2a: Zamazenta|def|1
|-unboost|p2a: Zamazenta|spd|1
|faint|p1a: Rotom
|
|upkeep
|inactive|XX420STALLGOD69XX has 120 seconds left.
|
|t:|1760792507
|switch|p1a: Iron Valiant|Iron Valiant|100/100
|-enditem|p1a: Iron Valiant|Booster Energy
|-activate|p1a: Iron Valiant|ability: Quark Drive|[fromitem]
|-start|p1a: Iron Valiant|quarkdrivespe
|turn|16
|
|t:|1760792511
|switch|p2a: Weezing|Weezing-Galar, M|76/100
|-ability|p2a: Weezing|Neutralizing Gas
|-damage|p2a: Weezing|64/100|[from] Spikes
|move|p1a: Iron Valiant|Calm Mind|p1a: Iron Valiant
|-boost|p1a: Iron Valiant|spa|1
|-boost|p1a: Iron Valiant|spd|1
|
|upkeep
|turn|17
|
|t:|1760792516
|move|p1a: Iron Valiant|Shadow Ball|p2a: Weezing
|-damage|p2a: Weezing|5/100
|move|p2a: Weezing|Sludge Bomb|p1a: Iron Valiant
|-supereffective|p1a: Iron Valiant
|-damage|p1a: Iron Valiant|36/100
|
|upkeep
|turn|18
|
|t:|1760792524
|move|p1a: Iron Valiant|Moonblast|p2a: Weezing
|-resisted|p2a: Weezing
|-damage|p2a: Weezing|0 fnt
|faint|p2a: Weezing
|-end|p2a: Weezing|ability: Neutralizing Gas
|
|upkeep
|
|t:|1760792526
|switch|p2a: Tyranitar|Tyranitar, F|100/100
|-damage|p2a: Tyranitar|88/100|[from] Spikes
|-weather|Sandstorm|[from] ability: Sand Stream|[of] p2a: Tyranitar
|turn|19
|
|t:|1760792531
|switch|p2a: Corviknight|Corviknight, F|100/100
|-ability|p2a: Corviknight|Pressure
|move|p1a: Iron Valiant|Moonblast|p2a: Corviknight
|-resisted|p2a: Corviknight
|-damage|p2a: Corviknight|66/100
|
|-weather|Sandstorm|[upkeep]
|-damage|p1a: Iron Valiant|30/100|[from] Sandstorm
|-heal|p2a: Corviknight|72/100|[from] item: Leftovers
|upkeep
|turn|20
|
|t:|1760792538
|move|p1a: Iron Valiant|Shadow Ball|p2a: Corviknight
|-damage|p2a: Corviknight|31/100
|move|p2a: Corviknight|Roost|p2a: Corviknight
|-heal|p2a: Corviknight|81/100
|-singleturn|p2a: Corviknight|move: Roost
|
|-weather|Sandstorm|[upkeep]
|-damage|p1a: Iron Valiant|24/100|[from] Sandstorm
|-heal|p2a: Corviknight|88/100|[from] item: Leftovers
|upkeep
|turn|21
|
|t:|1760792545
|move|p1a: Iron Valiant|Shadow Ball|p2a: Corviknight
|-damage|p2a: Corviknight|46/100
|move|p2a: Corviknight|Brave Bird|p1a: Iron Valiant
|-supereffective|p1a: Iron Valiant
|-damage|p1a: Iron Valiant|0 fnt
|faint|p1a: Iron Valiant
|-end|p1a: Iron Valiant|Quark Drive|[silent]
|-damage|p2a: Corviknight|40/100|[from] Recoil
|
|-weather|Sandstorm|[upkeep]
|-heal|p2a: Corviknight|46/100|[from] item: Leftovers
|upkeep
|
|t:|1760792548
|switch|p1a: Gholdengo|Gholdengo, tera:Flying|12/100
|turn|22
|
|t:|1760792551
|move|p1a: Gholdengo|Recover|p1a: Gholdengo
|-heal|p1a: Gholdengo|62/100
|move|p2a: Corviknight|Brave Bird|p1a: Gholdengo
|-damage|p1a: Gholdengo|21/100
|-damage|p2a: Corviknight|33/100|[from] Recoil
|
|-weather|Sandstorm|[upkeep]
|-damage|p1a: Gholdengo|14/100|[from] Sandstorm
|-heal|p2a: Corviknight|39/100|[from] item: Leftovers
|upkeep
|turn|23
|
|t:|1760792554
|switch|p2a: Zamazenta|Zamazenta|88/100
|-damage|p2a: Zamazenta|76/100|[from] Spikes
|move|p1a: Gholdengo|Recover|p1a: Gholdengo
|-heal|p1a: Gholdengo|65/100
|
|-weather|none
|upkeep
|turn|24
|
|t:|1760792561
|move|p2a: Zamazenta|Stone Edge|p1a: Gholdengo
|-supereffective|p1a: Gholdengo
|-crit|p1a: Gholdengo
|-damage|p1a: Gholdengo|0 fnt
|faint|p1a: Gholdengo
|
|upkeep
|
|t:|1760792563
|switch|p1a: Great Tusk|Great Tusk|100/100
|-enditem|p1a: Great Tusk|Booster Energy
|-activate|p1a: Great Tusk|ability: Protosynthesis|[fromitem]
|-start|p1a: Great Tusk|protosynthesisspe
|turn|25
|
|t:|1760792569
|switch|p2a: Tyranitar|Tyranitar, F|88/100
|-damage|p2a: Tyranitar|76/100|[from] Spikes
|-weather|Sandstorm|[from] ability: Sand Stream|[of] p2a: Tyranitar
|move|p1a: Great Tusk|Bulk Up|p1a: Great Tusk
|-boost|p1a: Great Tusk|atk|1
|-boost|p1a: Great Tusk|def|1
|
|-weather|Sandstorm|[upkeep]
|-heal|p2a: Tyranitar|82/100|[from] item: Leftovers
|upkeep
|turn|26
|
|t:|1760792575
|-terastallize|p2a: Tyranitar|Ghost
|move|p1a: Great Tusk|Headlong Rush|p2a: Tyranitar
|-damage|p2a: Tyranitar|17/100
|-unboost|p1a: Great Tusk|def|1
|-unboost|p1a: Great Tusk|spd|1
|move|p2a: Tyranitar|Roar|p1a: Great Tusk
|-end|p1a: Great Tusk|Protosynthesis|[silent]
|drag|p1a: Dragonite|Dragonite, M|100/100
|
|-weather|Sandstorm|[upkeep]
|-damage|p1a: Dragonite|94/100|[from] Sandstorm
|-damage|p2a: Tyranitar|11/100|[from] Sandstorm
|-heal|p2a: Tyranitar|17/100|[from] item: Leftovers
|upkeep
|turn|27
|
|t:|1760792585
|move|p1a: Dragonite|Earthquake|p2a: Tyranitar
|-damage|p2a: Tyranitar|0 fnt
|faint|p2a: Tyranitar
|
|-weather|Sandstorm|[upkeep]
|-damage|p1a: Dragonite|88/100|[from] Sandstorm
|upkeep
|
|t:|1760792589
|switch|p2a: Corviknight|Corviknight, F|39/100
|-ability|p2a: Corviknight|Pressure
|turn|28
|
|t:|1760792608
|move|p1a: Dragonite|Dragon Dance|p1a: Dragonite
|-boost|p1a: Dragonite|atk|1
|-boost|p1a: Dragonite|spe|1
|move|p2a: Corviknight|Roost|p2a: Corviknight
|-heal|p2a: Corviknight|89/100
|-singleturn|p2a: Corviknight|move: Roost
|
|-weather|Sandstorm|[upkeep]
|-damage|p1a: Dragonite|82/100|[from] Sandstorm
|-heal|p2a: Corviknight|96/100|[from] item: Leftovers
|upkeep
|turn|29
|
|t:|1760792610
|move|p1a: Dragonite|Encore|p2a: Corviknight
|-start|p2a: Corviknight|Encore
|move|p2a: Corviknight|Roost|p2a: Corviknight
|-heal|p2a: Corviknight|100/100
|-singleturn|p2a: Corviknight|move: Roost
|
|-weather|none
|upkeep
|turn|30
|
|t:|1760792615
|switch|p1a: Great Tusk|Great Tusk|100/100
|switch|p2a: Slowking|Slowking, M|37/100 brn
|-damage|p2a: Slowking|24/100 brn|[from] Spikes
|
|-damage|p2a: Slowking|18/100 brn|[from] brn
|upkeep
|turn|31
|
|t:|1760792619
|move|p1a: Great Tusk|Rapid Spin|p2a: Slowking
|-crit|p2a: Slowking
|-damage|p2a: Slowking|0 fnt
|-boost|p1a: Great Tusk|spe|1
|faint|p2a: Slowking
|
|upkeep
|
|t:|1760792621
|switch|p2a: Corviknight|Corviknight, F|100/100
|-ability|p2a: Corviknight|Pressure
|turn|32
|
|t:|1760792623
|move|p1a: Great Tusk|Bulk Up|p1a: Great Tusk
|-boost|p1a: Great Tusk|atk|1
|-boost|p1a: Great Tusk|def|1
|move|p2a: Corviknight|Iron Defense|p2a: Corviknight
|-boost|p2a: Corviknight|def|2
|
|upkeep
|turn|33
|
|t:|1760792628
|move|p1a: Great Tusk|Bulk Up|p1a: Great Tusk
|-boost|p1a: Great Tusk|atk|1
|-boost|p1a: Great Tusk|def|1
|move|p2a: Corviknight|Iron Defense|p2a: Corviknight
|-boost|p2a: Corviknight|def|2
|
|upkeep
|turn|34
|
|t:|1760792632
|move|p1a: Great Tusk|Bulk Up|p1a: Great Tusk
|-boost|p1a: Great Tusk|atk|1
|-boost|p1a: Great Tusk|def|1
|move|p2a: Corviknight|Iron Defense|p2a: Corviknight
|-boost|p2a: Corviknight|def|2
|
|upkeep
|turn|35
|
|t:|1760792634
|move|p1a: Great Tusk|Bulk Up|p1a: Great Tusk
|-boost|p1a: Great Tusk|atk|1
|-boost|p1a: Great Tusk|def|1
|move|p2a: Corviknight|Body Press|p1a: Great Tusk
|-damage|p1a: Great Tusk|78/100
|
|upkeep
|turn|36
|
|t:|1760792636
|move|p1a: Great Tusk|Bulk Up|p1a: Great Tusk
|-boost|p1a: Great Tusk|atk|1
|-boost|p1a: Great Tusk|def|1
|move|p2a: Corviknight|Body Press|p1a: Great Tusk
|-damage|p1a: Great Tusk|58/100
|
|upkeep
|turn|37
|
|t:|1760792637
|move|p1a: Great Tusk|Bulk Up|p1a: Great Tusk
|-boost|p1a: Great Tusk|atk|1
|-boost|p1a: Great Tusk|def|1
|move|p2a: Corviknight|Body Press|p1a: Great Tusk
|-damage|p1a: Great Tusk|43/100
|
|upkeep
|turn|38
|
|t:|1760792639
|move|p1a: Great Tusk|Ice Spinner|p2a: Corviknight
|-damage|p2a: Corviknight|85/100
|move|p2a: Corviknight|Body Press|p1a: Great Tusk
|-damage|p1a: Great Tusk|25/100
|
|-heal|p2a: Corviknight|91/100|[from] item: Leftovers
|upkeep
|turn|39
|
|t:|1760792641
|move|p1a: Great Tusk|Ice Spinner|p2a: Corviknight
|-damage|p2a: Corviknight|76/100
|move|p2a: Corviknight|Body Press|p1a: Great Tusk
|-damage|p1a: Great Tusk|8/100
|
|-heal|p2a: Corviknight|82/100|[from] item: Leftovers
|upkeep
|turn|40
|
|t:|1760792643
|move|p1a: Great Tusk|Ice Spinner|p2a: Corviknight
|-damage|p2a: Corviknight|68/100
|move|p2a: Corviknight|Body Press|p1a: Great Tusk
|-damage|p1a: Great Tusk|0 fnt
|faint|p1a: Great Tusk
|-end|p1a: Great Tusk|Protosynthesis|[silent]
|
|-heal|p2a: Corviknight|74/100|[from] item: Leftovers
|upkeep
|
|t:|1760792646
|switch|p1a: Meowscarada|Meowscarada, F|62/100
|turn|41
|
|t:|1760792648
|move|p1a: Meowscarada|Knock Off|p2a: Corviknight
|-damage|p2a: Corviknight|68/100
|-enditem|p2a: Corviknight|Leftovers|[from] move: Knock Off|[of] p1a: Meowscarada
|move|p2a: Corviknight|Body Press|p1a: Meowscarada
|-supereffective|p1a: Meowscarada
|-damage|p1a: Meowscarada|0 fnt
|faint|p1a: Meowscarada
|
|upkeep
|c|☆XX420STALLGOD69XX|gg
|c|☆art of unmoning|Gg
|
|t:|1760792653
|switch|p1a: Dragonite|Dragonite, M|82/100
|turn|42
|
|t:|1760792659
|move|p1a: Dragonite|Encore|p2a: Corviknight
|-start|p2a: Corviknight|Encore
|move|p2a: Corviknight|Body Press|p1a: Dragonite
|-resisted|p1a: Dragonite
|-damage|p1a: Dragonite|25/100
|
|upkeep
|turn|43
|
|t:|1760792661
|move|p1a: Dragonite|Encore||[still]
|-fail|p1a: Dragonite
|move|p2a: Corviknight|Body Press|p1a: Dragonite
|-resisted|p1a: Dragonite
|-damage|p1a: Dragonite|0 fnt
|faint|p1a: Dragonite
|
|win|art of unmoning
|raw|XX420STALLGOD69XX's rating: 1697 &rarr; <strong>1677</strong><br />(-20 for losing)
|raw|art of unmoning's rating: 1701 &rarr; <strong>1721</strong><br />(+20 for winning)
|l|☆art of unmoning
|player|p2|
|l|☆XX420STALLGOD69XX
|player|p1|
