|badge|p2|bronze|gen9ou|100-7
|uhtml|medal-msg|<div class="broadcast-blue">Curious what those medals under the avatar are? PS now has Ladder Seasons! For more information, check out the <a href="https://www.smogon.com/forums/threads/3740067/">thread on Smogon.</a></div>
|j|☆Shockmoth
|j|☆ajonymousnon
|t:|1760818993
|gametype|singles
|player|p1|Shockmoth|wattson|1774
|player|p2|ajonymousnon|1|1867
|gen|9
|tier|[Gen 9] OU
|rated|
|rule|HP Percentage Mod: HP is shown in percentages
|rule|Endless Battle Clause: Forcing endless battles is banned
|rule|Species Clause: Limit one of each Pokémon
|rule|OHKO Clause: OHKO moves are banned
|rule|Evasion Items Clause: Evasion items are banned
|rule|Evasion Moves Clause: Evasion moves are banned
|rule|Evasion Abilities Clause: Evasion abilities are banned
|rule|Sleep Moves Clause: Sleep-inducing moves are banned
|clearpoke
|poke|p1|Frosmoth, F|
|poke|p1|Pincurchin, F|
|poke|p1|Raichu-Alola, M|
|poke|p1|Iron Hands|
|poke|p1|Rotom-Wash|
|poke|p1|Pawmot, M|
|poke|p2|Great Tusk|
|poke|p2|Ogerpon-Cornerstone, F|
|poke|p2|Rillaboom, M|
|poke|p2|Tyranitar, M|
|poke|p2|Corviknight, M|
|poke|p2|Dragapult, M|
|teampreview
|inactive|Battle timer is ON: inactive players will automatically lose when time's up. (requested by Shockmoth)
|j| NeneDaikon
|
|t:|1760819009
|teamsize|p1|6
|teamsize|p2|6
|start
|switch|p1a: OH YEAH!!! YEAH!!|Pincurchin, F|100/100
|switch|p2a: Corviknight|Corviknight, M|100/100
|-ability|p2a: Corviknight|Pressure
|-fieldstart|move: Electric Terrain|[from] ability: Electric Surge|[of] p1a: OH YEAH!!! YEAH!!
|turn|1
|
|t:|1760819012
|switch|p1a: Iron Deficiency|Iron Hands|100/100
|-activate|p1a: Iron Deficiency|ability: Quark Drive
|-start|p1a: Iron Deficiency|quarkdriveatk
|move|p2a: Corviknight|U-turn|p1a: Iron Deficiency
|-resisted|p1a: Iron Deficiency
|-damage|p1a: Iron Deficiency|96/100
|
|t:|1760819014
|switch|p2a: Rillaboom|Rillaboom, M|100/100|[from] U-turn
|-fieldstart|move: Grassy Terrain|[from] ability: Grassy Surge|[of] p2a: Rillaboom
|-end|p1a: Iron Deficiency|Quark Drive
|
|-heal|p1a: Iron Deficiency|100/100|[from] Grassy Terrain
|upkeep
|turn|2
|-activate|p1a: Iron Deficiency|item: Quick Claw
|
|t:|1760819018
|move|p1a: Iron Deficiency|Ice Punch|p2a: Rillaboom
|-supereffective|p2a: Rillaboom
|-damage|p2a: Rillaboom|30/100
|move|p2a: Rillaboom|Wood Hammer|p1a: Iron Deficiency
|-damage|p1a: Iron Deficiency|23/100
|-damage|p2a: Rillaboom|0 fnt|[from] Recoil
|faint|p2a: Rillaboom
|
|-heal|p1a: Iron Deficiency|29/100|[from] Grassy Terrain
|upkeep
|
|t:|1760819039
|switch|p2a: Great Tusk|Great Tusk|100/100
|turn|3
|
|t:|1760819042
|-end|p1a: Iron Deficiency|Quark Drive|[silent]
|switch|p1a: William O' Wisp|Rotom-Wash|100/100
|move|p2a: Great Tusk|Ice Spinner|p1a: William O' Wisp
|-resisted|p1a: William O' Wisp
|-damage|p1a: William O' Wisp|87/100
|-fieldend|move: Grassy Terrain
|
|upkeep
|turn|4
|
|t:|1760819047
|-end|p2a: Great Tusk|Protosynthesis|[silent]
|switch|p2a: Tyranitar|Tyranitar, M|100/100
|-weather|Sandstorm|[from] ability: Sand Stream|[of] p2a: Tyranitar
|move|p1a: William O' Wisp|Hydro Pump|p2a: Tyranitar
|-supereffective|p2a: Tyranitar
|-damage|p2a: Tyranitar|56/100
|
|-weather|Sandstorm|[upkeep]
|-damage|p1a: William O' Wisp|81/100|[from] Sandstorm
|-heal|p2a: Tyranitar|62/100|[from] item: Leftovers
|upkeep
|turn|5
|
|t:|1760819065
|switch|p1a: OH YEAH!!! YEAH!!|Pincurchin, F|100/100
|-fieldstart|move: Electric Terrain|[from] ability: Electric Surge|[of] p1a: OH YEAH!!! YEAH!!
|move|p2a: Tyranitar|Knock Off|p1a: OH YEAH!!! YEAH!!
|-damage|p1a: OH YEAH!!! YEAH!!|46/100
|-enditem|p1a: OH YEAH!!! YEAH!!|Terrain Extender|[from] move: Knock Off|[of] p2a: Tyranitar
|
|-weather|Sandstorm|[upkeep]
|-damage|p1a: OH YEAH!!! YEAH!!|40/100|[from] Sandstorm
|-heal|p2a: Tyranitar|68/100|[from] item: Leftovers
|upkeep
|turn|6
|
|t:|1760819074
|move|p2a: Tyranitar|Stealth Rock|p1a: OH YEAH!!! YEAH!!
|-sidestart|p1: Shockmoth|move: Stealth Rock
|move|p1a: OH YEAH!!! YEAH!!|Thunder Wave|p2a: Tyranitar
|-status|p2a: Tyranitar|par
|
|-weather|Sandstorm|[upkeep]
|-damage|p1a: OH YEAH!!! YEAH!!|34/100|[from] Sandstorm
|-heal|p2a: Tyranitar|74/100 par|[from] item: Leftovers
|upkeep
|turn|7
|
|t:|1760819083
|switch|p2a: Great Tusk|Great Tusk|100/100
|move|p1a: OH YEAH!!! YEAH!!|Supercell Slam|p2a: Great Tusk
|-immune|p2a: Great Tusk
|-damage|p1a: OH YEAH!!! YEAH!!|0 fnt|[from] supercellslam
|faint|p1a: OH YEAH!!! YEAH!!
|
|-weather|Sandstorm|[upkeep]
|upkeep
|
|t:|1760819085
|switch|p1a: Surf's Up (2007)|Raichu-Alola, M|100/100
|-damage|p1a: Surf's Up (2007)|88/100|[from] Stealth Rock
|turn|8
|
|t:|1760819097
|move|p1a: Surf's Up (2007)|Alluring Voice|p2a: Great Tusk
|-supereffective|p2a: Great Tusk
|-damage|p2a: Great Tusk|53/100
|move|p2a: Great Tusk|Ice Spinner|p1a: Surf's Up (2007)
|-damage|p1a: Surf's Up (2007)|33/100
|-fieldend|move: Electric Terrain
|
|-weather|none
|upkeep
|turn|9
|
|t:|1760819107
|switch|p1a: William O' Wisp|Rotom-Wash|81/100
|-damage|p1a: William O' Wisp|68/100|[from] Stealth Rock
|move|p2a: Great Tusk|Rapid Spin|p1a: William O' Wisp
|-damage|p1a: William O' Wisp|49/100
|-boost|p2a: Great Tusk|spe|1
|
|upkeep
|turn|10
|
|t:|1760819120
|-end|p2a: Great Tusk|Protosynthesis|[silent]
|switch|p2a: Dragapult|Dragapult, M|100/100
|move|p1a: William O' Wisp|Hydro Pump|p2a: Dragapult
|-resisted|p2a: Dragapult
|-damage|p2a: Dragapult|67/100
|
|-heal|p2a: Dragapult|73/100|[from] item: Leftovers
|upkeep
|turn|11
|
|t:|1760819124
|move|p2a: Dragapult|Substitute|p2a: Dragapult
|-start|p2a: Dragapult|Substitute
|-damage|p2a: Dragapult|48/100
|move|p1a: William O' Wisp|Volt Switch|p2a: Dragapult
|-resisted|p2a: Dragapult
|-activate|p2a: Dragapult|move: Substitute|[damage]
|
|t:|1760819127
|switch|p1a: Evanescence|Pawmot, M|100/100|[from] Volt Switch
|-damage|p1a: Evanescence|94/100|[from] Stealth Rock
|
|-heal|p2a: Dragapult|54/100|[from] item: Leftovers
|upkeep
|turn|12
|
|t:|1760819129
|move|p2a: Dragapult|Will-O-Wisp|p1a: Evanescence
|-status|p1a: Evanescence|brn
|move|p1a: Evanescence|Encore|p2a: Dragapult
|-start|p2a: Dragapult|Encore
|
|-heal|p2a: Dragapult|60/100|[from] item: Leftovers
|-damage|p1a: Evanescence|88/100 brn|[from] brn
|upkeep
|turn|13
|
|t:|1760819133
|switch|p2a: Ogerpon|Ogerpon-Cornerstone, F|100/100
|move|p1a: Evanescence|Revival Blessing|p1a: Evanescence
|-enditem|p1a: Evanescence|Leppa Berry|[eat]
|-activate|p1a: Evanescence|item: Leppa Berry|Revival Blessing|[consumed]
|
|t:|1760819134
|-heal|p1: OH YEAH!!! YEAH!!|50/100|[from] move: Revival Blessing
|
|-damage|p1a: Evanescence|82/100 brn|[from] brn
|upkeep
|turn|14
|
|t:|1760819136
|move|p2a: Ogerpon|Swords Dance|p2a: Ogerpon
|-boost|p2a: Ogerpon|atk|2
|move|p1a: Evanescence|Nuzzle|p2a: Ogerpon
|-resisted|p2a: Ogerpon
|-damage|p2a: Ogerpon|98/100
|-status|p2a: Ogerpon|par
|
|-damage|p1a: Evanescence|76/100 brn|[from] brn
|upkeep
|turn|15
|
|t:|1760819138
|move|p1a: Evanescence|Encore|p2a: Ogerpon
|-start|p2a: Ogerpon|Encore
|move|p2a: Ogerpon|Swords Dance|p2a: Ogerpon
|-boost|p2a: Ogerpon|atk|2
|
|-damage|p1a: Evanescence|70/100 brn|[from] brn
|upkeep
|turn|16
|
|t:|1760819144
|switch|p1a: Surf's Up (2007)|Raichu-Alola, M|33/100
|-damage|p1a: Surf's Up (2007)|21/100|[from] Stealth Rock
|switch|p2a: Dragapult|Dragapult, M|60/100
|
|-heal|p2a: Dragapult|67/100|[from] item: Leftovers
|upkeep
|turn|17
|
|t:|1760819152
|switch|p1a: Finger Eleven|Frosmoth, F, shiny|100/100
|move|p2a: Dragapult|Hex|p1a: Finger Eleven
|-damage|p1a: Finger Eleven|82/100
|
|-heal|p2a: Dragapult|73/100|[from] item: Leftovers
|upkeep
|turn|18
|
|t:|1760819158
|switch|p2a: Tyranitar|Tyranitar, M|74/100 par
|-weather|Sandstorm|[from] ability: Sand Stream|[of] p2a: Tyranitar
|move|p1a: Finger Eleven|Defog|p2a: Tyranitar
|-unboost|p2a: Tyranitar|evasion|1
|-sideend|p1: Shockmoth|Stealth Rock|[from] move: Defog|[of] p1a: Finger Eleven
|
|-weather|Sandstorm|[upkeep]
|-damage|p1a: Finger Eleven|76/100|[from] Sandstorm
|-heal|p2a: Tyranitar|81/100 par|[from] item: Leftovers
|upkeep
|turn|19
|
|t:|1760819160
|switch|p1a: OH YEAH!!! YEAH!!|Pincurchin, F|50/100
|-fieldstart|move: Electric Terrain|[from] ability: Electric Surge|[of] p1a: OH YEAH!!! YEAH!!
|move|p2a: Tyranitar|Stealth Rock|p1a: OH YEAH!!! YEAH!!
|-sidestart|p1: Shockmoth|move: Stealth Rock
|
|-weather|Sandstorm|[upkeep]
|-damage|p1a: OH YEAH!!! YEAH!!|44/100|[from] Sandstorm
|-heal|p2a: Tyranitar|87/100 par|[from] item: Leftovers
|upkeep
|turn|20
|
|t:|1760819170
|switch|p2a: Great Tusk|Great Tusk|53/100
|switch|p1a: Surf's Up (2007)|Raichu-Alola, M|21/100
|-damage|p1a: Surf's Up (2007)|9/100|[from] Stealth Rock
|
|-weather|Sandstorm|[upkeep]
|-damage|p1a: Surf's Up (2007)|2/100|[from] Sandstorm
|upkeep
|turn|21
|
|t:|1760819177
|-end|p2a: Great Tusk|Protosynthesis|[silent]
|switch|p2a: Corviknight|Corviknight, M|100/100
|-ability|p2a: Corviknight|Pressure
|move|p1a: Surf's Up (2007)|Volt Switch|p2a: Corviknight
|-supereffective|p2a: Corviknight
|-damage|p2a: Corviknight|0 fnt
|faint|p2a: Corviknight
|
|t:|1760819192
|switch|p1a: Iron Deficiency|Iron Hands|29/100|[from] Volt Switch
|-damage|p1a: Iron Deficiency|23/100|[from] Stealth Rock
|-activate|p1a: Iron Deficiency|ability: Quark Drive
|-start|p1a: Iron Deficiency|quarkdriveatk
|
|-weather|Sandstorm|[upkeep]
|-damage|p1a: Iron Deficiency|17/100|[from] Sandstorm
|upkeep
|
|t:|1760819195
|switch|p2a: Dragapult|Dragapult, M|73/100
|turn|22
|-activate|p1a: Iron Deficiency|item: Quick Claw
|
|t:|1760819197
|move|p1a: Iron Deficiency|Ice Punch|p2a: Dragapult
|-supereffective|p2a: Dragapult
|-crit|p2a: Dragapult
|-damage|p2a: Dragapult|0 fnt
|faint|p2a: Dragapult
|
|-weather|none
|upkeep
|c|☆ajonymousnon|RIP
|c|☆ajonymousnon|gg
|c|☆Shockmoth|Ggs, unfort last claw
|c|☆ajonymousnon|wait hold on
|
|t:|1760819225
|switch|p2a: Great Tusk|Great Tusk|53/100
|turn|23
|
|t:|1760819230
|move|p2a: Great Tusk|Ice Spinner|p1a: Iron Deficiency
|-damage|p1a: Iron Deficiency|2/100
|-fieldend|move: Electric Terrain
|-end|p1a: Iron Deficiency|Quark Drive
|move|p1a: Iron Deficiency|Ice Punch|p2a: Great Tusk
|-supereffective|p2a: Great Tusk
|-damage|p2a: Great Tusk|15/100
|
|upkeep
|turn|24
|
|t:|1760819235
|move|p2a: Great Tusk|Rapid Spin|p1a: Iron Deficiency
|-damage|p1a: Iron Deficiency|0 fnt
|-boost|p2a: Great Tusk|spe|1
|faint|p1a: Iron Deficiency
|-end|p1a: Iron Deficiency|Quark Drive|[silent]
|
|upkeep
|
|t:|1760819243
|switch|p1a: OH YEAH!!! YEAH!!|Pincurchin, F|44/100
|-damage|p1a: OH YEAH!!! YEAH!!|32/100|[from] Stealth Rock
|-fieldstart|move: Electric Terrain|[from] ability: Electric Surge|[of] p1a: OH YEAH!!! YEAH!!
|turn|25
|
|t:|1760819246
|move|p1a: OH YEAH!!! YEAH!!|Sucker Punch|p2a: Great Tusk
|-resisted|p2a: Great Tusk
|-damage|p2a: Great Tusk|7/100
|move|p2a: Great Tusk|Ice Spinner|p1a: OH YEAH!!! YEAH!!
|-damage|p1a: OH YEAH!!! YEAH!!|0 fnt
|-fieldend|move: Electric Terrain
|faint|p1a: OH YEAH!!! YEAH!!
|
|upkeep
|
|t:|1760819252
|switch|p1a: Finger Eleven|Frosmoth, F, shiny|76/100
|turn|26
|
|t:|1760819254
|move|p2a: Great Tusk|Temper Flare|p1a: Finger Eleven
|-supereffective|p1a: Finger Eleven
|-damage|p1a: Finger Eleven|0 fnt
|faint|p1a: Finger Eleven
|
|upkeep
|c|☆Shockmoth|Uh oh
|
|t:|1760819264
|switch|p1a: William O' Wisp|Rotom-Wash|49/100
|-damage|p1a: William O' Wisp|37/100|[from] Stealth Rock
|turn|27
|
|t:|1760819292
|move|p2a: Great Tusk|Rapid Spin|p1a: William O' Wisp
|-damage|p1a: William O' Wisp|20/100
|-boost|p2a: Great Tusk|spe|1
|move|p1a: William O' Wisp|Hydro Pump|p2a: Great Tusk
|-supereffective|p2a: Great Tusk
|-damage|p2a: Great Tusk|0 fnt
|faint|p2a: Great Tusk
|-end|p2a: Great Tusk|Protosynthesis|[silent]
|
|upkeep
|
|t:|1760819295
|switch|p2a: Ogerpon|Ogerpon-Cornerstone, F|98/100 par
|turn|28
|
|t:|1760819300
|move|p1a: William O' Wisp|Hydro Pump|p2a: Ogerpon|[miss]
|-miss|p1a: William O' Wisp|p2a: Ogerpon
|move|p2a: Ogerpon|Horn Leech|p1a: William O' Wisp
|-supereffective|p1a: William O' Wisp
|-damage|p1a: William O' Wisp|0 fnt
|-heal|p2a: Ogerpon|100/100 par|[from] drain|[of] p1a: William O' Wisp
|faint|p1a: William O' Wisp
|
|upkeep
|
|t:|1760819303
|switch|p1a: Evanescence|Pawmot, M|70/100 brn
|-damage|p1a: Evanescence|64/100 brn|[from] Stealth Rock
|turn|29
|
|t:|1760819306
|move|p1a: Evanescence|Revival Blessing|p1a: Evanescence
|
|t:|1760819308
|-heal|p1: Iron Deficiency|50/100|[from] move: Revival Blessing
|move|p2a: Ogerpon|Horn Leech|p1a: Evanescence
|-damage|p1a: Evanescence|8/100 brn
|
|-damage|p1a: Evanescence|2/100 brn|[from] brn
|upkeep
|turn|30
|
|t:|1760819312
|move|p1a: Evanescence|Mach Punch|p2a: Ogerpon
|-supereffective|p2a: Ogerpon
|-damage|p2a: Ogerpon|78/100 par
|move|p2a: Ogerpon|Horn Leech|p1a: Evanescence
|-damage|p1a: Evanescence|0 fnt
|-heal|p2a: Ogerpon|79/100 par|[from] drain|[of] p1a: Evanescence
|faint|p1a: Evanescence
|
|upkeep
|
|t:|1760819314
|switch|p1a: Iron Deficiency|Iron Hands|50/100
|-damage|p1a: Iron Deficiency|44/100|[from] Stealth Rock
|turn|31
|
|t:|1760819319
|move|p2a: Ogerpon|Horn Leech|p1a: Iron Deficiency
|-damage|p1a: Iron Deficiency|18/100
|-heal|p2a: Ogerpon|99/100 par|[from] drain|[of] p1a: Iron Deficiency
|move|p1a: Iron Deficiency|Drain Punch|p2a: Ogerpon
|-supereffective|p2a: Ogerpon
|-damage|p2a: Ogerpon|0 fnt
|-heal|p1a: Iron Deficiency|51/100|[from] drain|[of] p2a: Ogerpon
|faint|p2a: Ogerpon
|
|upkeep
|
|t:|1760819322
|switch|p2a: Tyranitar|Tyranitar, M|87/100 par
|-weather|Sandstorm|[from] ability: Sand Stream|[of] p2a: Tyranitar
|turn|32
|
|t:|1760819325
|-terastallize|p2a: Tyranitar|Ghost
|move|p1a: Iron Deficiency|Supercell Slam|p2a: Tyranitar
|-damage|p2a: Tyranitar|36/100 par
|move|p2a: Tyranitar|Knock Off|p1a: Iron Deficiency
|-resisted|p1a: Iron Deficiency
|-damage|p1a: Iron Deficiency|38/100
|-enditem|p1a: Iron Deficiency|Quick Claw|[from] move: Knock Off|[of] p2a: Tyranitar
|
|-weather|Sandstorm|[upkeep]
|-damage|p1a: Iron Deficiency|32/100|[from] Sandstorm
|-damage|p2a: Tyranitar|30/100 par|[from] Sandstorm
|-heal|p2a: Tyranitar|36/100 par|[from] item: Leftovers
|upkeep
|turn|33
|
|t:|1760819328
|move|p1a: Iron Deficiency|Supercell Slam|p2a: Tyranitar
|-damage|p2a: Tyranitar|0 fnt
|faint|p2a: Tyranitar
|
|win|Shockmoth
|raw|Shockmoth's rating: 1774 &rarr; <strong>1799</strong><br />(+25 for winning)
|raw|ajonymousnon's rating: 1867 &rarr; <strong>1842</strong><br />(-25 for losing)
|c|☆ajonymousnon|gg
|c|☆Shockmoth|Ggs
|l| NeneDaikon
|c|☆ajonymousnon|I just wanted to try haha
|l|☆ajonymousnon
|player|p2|
