|j|☆avenacaroni
|j|☆Grimsley961116
|t:|1760851206
|gametype|singles
|player|p1|avenacaroni|caitlin|1252
|player|p2|Grimsley961116|grimsley|1352
|gen|9
|tier|[Gen 9] OU
|rated|
|rule|HP Percentage Mod: HP is shown in percentages
|rule|Endless Battle Clause: Forcing endless battles is banned
|rule|Species Clause: Limit one of each Pokémon
|rule|OHKO Clause: OHKO moves are banned
|rule|Evasion Items Clause: Evasion items are banned
|rule|Evasion Moves Clause: Evasion moves are banned
|rule|Evasion Abilities Clause: Evasion abilities are banned
|rule|Sleep Moves Clause: Sleep-inducing moves are banned
|clearpoke
|poke|p1|Infernape, M|
|poke|p1|Garchomp, M|
|poke|p1|Gyarados, M|
|poke|p1|Electivire, F|
|poke|p1|Scizor, F|
|poke|p1|Gengar, M|
|poke|p2|Rotom-Wash|
|poke|p2|Torkoal, F|
|poke|p2|Garganacl, M|
|poke|p2|Arboliva, M|
|poke|p2|Ceruledge, F|
|poke|p2|Dragonite, M|
|teampreview
|inactive|Battle timer is ON: inactive players will automatically lose when time's up. (requested by Grimsley961116)
|
|t:|1760851236
|teamsize|p1|6
|teamsize|p2|6
|start
|switch|p1a: Clover|Gengar, M|100/100
|switch|p2a: Rotom|Rotom-Wash|100/100
|-item|p1a: Clover|Air Balloon
|turn|1
|
|t:|1760851243
|move|p2a: Rotom|Volt Switch|p1a: Clover
|-damage|p1a: Clover|45/100
|-start|p2a: Rotom|Disable|Volt Switch|[from] ability: Cursed Body|[of] p1a: Clover
|-enditem|p1a: Clover|Air Balloon
|
|t:|1760851245
|switch|p2a: Garganacl|Garganacl, M|100/100|[from] Volt Switch
|move|p1a: Clover|Will-O-Wisp|p2a: Garganacl
|-immune|p2a: Garganacl|[from] ability: Purifying Salt
|
|upkeep
|turn|2
|
|t:|1760851252
|move|p1a: Clover|Focus Blast|p2a: Garganacl|[miss]
|-miss|p1a: Clover|p2a: Garganacl
|move|p2a: Garganacl|Salt Cure|p1a: Clover
|-damage|p1a: Clover|17/100
|-start|p1a: Clover|Salt Cure
|
|-damage|p1a: Clover|5/100|[from] Salt Cure
|upkeep
|turn|3
|
|t:|1760851259
|move|p2a: Garganacl|Protect|p2a: Garganacl
|-singleturn|p2a: Garganacl|Protect
|move|p1a: Clover|Focus Blast|p2a: Garganacl
|-activate|p2a: Garganacl|move: Protect
|
|-damage|p1a: Clover|0 fnt|[from] Salt Cure
|faint|p1a: Clover
|upkeep
|
|t:|1760851270
|switch|p1a: Inferno|Infernape, M|100/100
|turn|4
|
|t:|1760851277
|switch|p2a: Ceruledge|Ceruledge, F, shiny|100/100
|move|p1a: Inferno|Nasty Plot|p1a: Inferno
|-boost|p1a: Inferno|spa|2
|
|upkeep
|turn|5
|
|t:|1760851285
|switch|p2a: Rotom|Rotom-Wash|100/100
|move|p1a: Inferno|Scorching Sands|p2a: Rotom
|-immune|p2a: Rotom|[from] ability: Levitate
|
|upkeep
|turn|6
|
|t:|1760851292
|move|p2a: Rotom|Hydro Pump|p1a: Inferno
|-supereffective|p1a: Inferno
|-crit|p1a: Inferno
|-enditem|p1a: Inferno|Focus Sash
|-damage|p1a: Inferno|1/100
|move|p1a: Inferno|Aura Sphere|p2a: Rotom
|-damage|p2a: Rotom|0 fnt
|faint|p2a: Rotom
|
|upkeep
|
|t:|1760851297
|switch|p2a: Ceruledge|Ceruledge, F, shiny|100/100
|turn|7
|
|t:|1760851307
|move|p2a: Ceruledge|Shadow Sneak|p1a: Inferno
|-damage|p1a: Inferno|0 fnt
|faint|p1a: Inferno
|
|upkeep
|
|t:|1760851319
|switch|p1a: Gyro|Gyarados, M|100/100
|-ability|p1a: Gyro|Intimidate|boost
|-unboost|p2a: Ceruledge|atk|1
|turn|8
|
|t:|1760851324
|switch|p2a: Arboliva|Arboliva, M|100/100
|move|p1a: Gyro|Waterfall|p2a: Arboliva
|-resisted|p2a: Arboliva
|-damage|p2a: Arboliva|81/100
|-fieldstart|move: Grassy Terrain|[from] ability: Seed Sower|[of] p2a: Arboliva
|
|-heal|p2a: Arboliva|87/100|[from] Grassy Terrain
|upkeep
|turn|9
|
|t:|1760851338
|-terastallize|p1a: Gyro|Flying
|move|p1a: Gyro|Tera Blast|p2a: Arboliva|[anim] Tera Blast Flying
|-supereffective|p2a: Arboliva
|-damage|p2a: Arboliva|0 fnt
|faint|p2a: Arboliva
|
|upkeep
|
|t:|1760851350
|switch|p2a: Torkoal|Torkoal, F|100/100
|turn|10
|
|t:|1760851366
|move|p1a: Gyro|Waterfall|p2a: Torkoal
|-supereffective|p2a: Torkoal
|-damage|p2a: Torkoal|41/100
|cant|p2a: Torkoal|flinch
|
|-heal|p2a: Torkoal|47/100|[from] Grassy Terrain
|upkeep
|turn|11
|
|t:|1760851375
|switch|p2a: Ceruledge|Ceruledge, F, shiny|100/100
|move|p1a: Gyro|Waterfall|p2a: Ceruledge
|-supereffective|p2a: Ceruledge
|-enditem|p2a: Ceruledge|Focus Sash
|-damage|p2a: Ceruledge|1/100
|-ability|p2a: Ceruledge|Weak Armor|boost
|-unboost|p2a: Ceruledge|def|1
|-boost|p2a: Ceruledge|spe|2
|
|-heal|p2a: Ceruledge|7/100|[from] Grassy Terrain
|upkeep
|turn|12
|
|t:|1760851388
|move|p2a: Ceruledge|Destiny Bond|p2a: Ceruledge
|-singlemove|p2a: Ceruledge|Destiny Bond
|move|p1a: Gyro|Waterfall|p2a: Ceruledge
|-supereffective|p2a: Ceruledge
|-damage|p2a: Ceruledge|0 fnt
|faint|p2a: Ceruledge
|-activate|p2a: Ceruledge|move: Destiny Bond
|faint|p1a: Gyro
|
|-fieldend|move: Grassy Terrain
|upkeep
|
|t:|1760851400
|switch|p1a: Garrus|Garchomp, M|100/100
|switch|p2a: Dragonite|Dragonite, M, shiny|100/100
|turn|13
|
|t:|1760851406
|move|p1a: Garrus|Scale Shot|p2a: Dragonite
|-supereffective|p2a: Dragonite
|-damage|p2a: Dragonite|85/100
|-enditem|p2a: Dragonite|Weakness Policy
|-boost|p2a: Dragonite|atk|2|[from] item: Weakness Policy
|-boost|p2a: Dragonite|spa|2|[from] item: Weakness Policy
|-supereffective|p2a: Dragonite
|-damage|p2a: Dragonite|55/100
|-supereffective|p2a: Dragonite
|-damage|p2a: Dragonite|25/100
|-supereffective|p2a: Dragonite
|-damage|p2a: Dragonite|0 fnt
|faint|p2a: Dragonite
|-hitcount|p2: Dragonite|4
|-unboost|p1a: Garrus|def|1
|-boost|p1a: Garrus|spe|1
|
|upkeep
|
|t:|1760851409
|switch|p2a: Garganacl|Garganacl, M|100/100
|turn|14
|
|t:|1760851421
|move|p1a: Garrus|Earthquake|p2a: Garganacl
|-supereffective|p2a: Garganacl
|-damage|p2a: Garganacl|38/100
|move|p2a: Garganacl|Salt Cure|p1a: Garrus
|-resisted|p1a: Garrus
|-damage|p1a: Garrus|90/100
|-start|p1a: Garrus|Salt Cure
|
|-heal|p2a: Garganacl|44/100|[from] item: Leftovers
|-damage|p1a: Garrus|78/100|[from] Salt Cure
|upkeep
|turn|15
|
|t:|1760851432
|move|p2a: Garganacl|Protect|p2a: Garganacl
|-singleturn|p2a: Garganacl|Protect
|move|p1a: Garrus|Swords Dance|p1a: Garrus
|-boost|p1a: Garrus|atk|2
|
|-heal|p2a: Garganacl|50/100|[from] item: Leftovers
|-damage|p1a: Garrus|65/100|[from] Salt Cure
|upkeep
|turn|16
|
|t:|1760851436
|-terastallize|p2a: Garganacl|Ghost
|move|p1a: Garrus|Earthquake|p2a: Garganacl
|-damage|p2a: Garganacl|0 fnt
|faint|p2a: Garganacl
|
|-damage|p1a: Garrus|53/100|[from] Salt Cure
|upkeep
|-message|Grimsley961116 forfeited.
|
|win|avenacaroni
|raw|avenacaroni's rating: 1252 &rarr; <strong>1284</strong><br />(+32 for winning)
|raw|Grimsley961116's rating: 1352 &rarr; <strong>1326</strong><br />(-26 for losing)
|l|☆avenacaroni
|player|p1|
|l|☆Grimsley961116
|player|p2|
