|j|☆untitledkamii
|j|☆TrentMercer
|t:|1760719981
|gametype|singles
|player|p1|untitledkamii|unknownf|1588
|player|p2|TrentMercer|n|1616
|gen|9
|tier|[Gen 9] OU
|rated|
|rule|HP Percentage Mod: HP is shown in percentages
|rule|Endless Battle Clause: Forcing endless battles is banned
|rule|Species Clause: Limit one of each Pokémon
|rule|OHKO Clause: OHKO moves are banned
|rule|Evasion Items Clause: Evasion items are banned
|rule|Evasion Moves Clause: Evasion moves are banned
|rule|Evasion Abilities Clause: Evasion abilities are banned
|rule|Sleep Moves Clause: Sleep-inducing moves are banned
|clearpoke
|poke|p1|Ceruledge, F|
|poke|p1|Iron Valiant|
|poke|p1|Pecharunt|
|poke|p1|Iron Treads|
|poke|p1|Enamorus, F|
|poke|p1|Araquanid, F|
|poke|p2|Great Tusk|
|poke|p2|Slowking-Galar, F|
|poke|p2|Zapdos|
|poke|p2|Crawdaunt, F|
|poke|p2|Chandelure, M|
|poke|p2|Scizor, M|
|teampreview
|
|t:|1760719995
|teamsize|p1|6
|teamsize|p2|6
|start
|switch|p1a: Araquanid|Araquanid, F|100/100
|switch|p2a: Crawdaunt|Crawdaunt, F|100/100
|turn|1
|inactive|Battle timer is ON: inactive players will automatically lose when time's up. (requested by untitledkamii)
|
|t:|1760720003
|move|p2a: Crawdaunt|Knock Off|p1a: Araquanid
|-damage|p1a: Araquanid|1/100
|-enditem|p1a: Araquanid|Red Card|[from] move: Knock Off|[of] p2a: Crawdaunt
|move|p1a: Araquanid|Lunge|p2a: Crawdaunt
|-supereffective|p2a: Crawdaunt
|-crit|p2a: Crawdaunt
|-damage|p2a: Crawdaunt|17/100
|-unboost|p2a: Crawdaunt|atk|1
|
|upkeep
|turn|2
|
|t:|1760720010
|move|p2a: Crawdaunt|Knock Off|p1a: Araquanid
|-damage|p1a: Araquanid|0 fnt
|faint|p1a: Araquanid
|
|upkeep
|
|t:|1760720033
|switch|p1a: Pecharunt|Pecharunt|100/100
|-item|p1a: Pecharunt|Air Balloon
|turn|3
|
|t:|1760720063
|switch|p2a: Slowking|Slowking-Galar, F|100/100
|move|p1a: Pecharunt|Malignant Chain|p2a: Slowking
|-resisted|p2a: Slowking
|-damage|p2a: Slowking|93/100
|
|upkeep
|turn|4
|
|t:|1760720077
|switch|p1a: Iron Treads|Iron Treads|100/100
|-enditem|p1a: Iron Treads|Booster Energy
|-activate|p1a: Iron Treads|ability: Quark Drive|[fromitem]
|-start|p1a: Iron Treads|quarkdriveatk
|move|p2a: Slowking|Psyshock|p1a: Iron Treads
|-resisted|p1a: Iron Treads
|-damage|p1a: Iron Treads|82/100
|
|upkeep
|turn|5
|
|t:|1760720083
|switch|p2a: Great Tusk|Great Tusk|100/100
|-enditem|p2a: Great Tusk|Booster Energy
|-activate|p2a: Great Tusk|ability: Protosynthesis|[fromitem]
|-start|p2a: Great Tusk|protosynthesisatk
|move|p1a: Iron Treads|Stealth Rock|p2a: Great Tusk
|-sidestart|p2: TrentMercer|move: Stealth Rock
|
|upkeep
|turn|6
|
|t:|1760720091
|-end|p1a: Iron Treads|Quark Drive|[silent]
|switch|p1a: Pecharunt|Pecharunt|100/100
|-item|p1a: Pecharunt|Air Balloon
|move|p2a: Great Tusk|Stealth Rock|p1a: Pecharunt
|-sidestart|p1: untitledkamii|move: Stealth Rock
|
|upkeep
|turn|7
|
|t:|1760720098
|move|p1a: Pecharunt|Nasty Plot|p1a: Pecharunt
|-boost|p1a: Pecharunt|spa|2
|move|p2a: Great Tusk|Ice Spinner|p1a: Pecharunt
|-damage|p1a: Pecharunt|78/100
|-enditem|p1a: Pecharunt|Air Balloon
|
|upkeep
|turn|8
|
|t:|1760720110
|-end|p2a: Great Tusk|Protosynthesis|[silent]
|switch|p2a: Crawdaunt|Crawdaunt, F|17/100
|-damage|p2a: Crawdaunt|4/100|[from] Stealth Rock
|move|p1a: Pecharunt|Shadow Ball|p2a: Crawdaunt
|-resisted|p2a: Crawdaunt
|-damage|p2a: Crawdaunt|0 fnt
|faint|p2a: Crawdaunt
|
|upkeep
|
|t:|1760720118
|switch|p2a: Chandelure|Chandelure, M, shiny|100/100
|-damage|p2a: Chandelure|76/100|[from] Stealth Rock
|turn|9
|
|t:|1760720127
|move|p2a: Chandelure|Shadow Ball|p1a: Pecharunt
|-supereffective|p1a: Pecharunt
|-damage|p1a: Pecharunt|0 fnt
|faint|p1a: Pecharunt
|
|upkeep
|
|t:|1760720128
|switch|p1a: Iron Treads|Iron Treads|82/100
|-damage|p1a: Iron Treads|79/100|[from] Stealth Rock
|turn|10
|
|t:|1760720135
|switch|p2a: Great Tusk|Great Tusk|100/100
|-damage|p2a: Great Tusk|98/100|[from] Stealth Rock
|move|p1a: Iron Treads|Rock Tomb|p2a: Great Tusk
|-resisted|p2a: Great Tusk
|-crit|p2a: Great Tusk
|-damage|p2a: Great Tusk|92/100
|-unboost|p2a: Great Tusk|spe|1
|
|upkeep
|turn|11
|
|t:|1760720140
|move|p1a: Iron Treads|Rapid Spin|p2a: Great Tusk
|-damage|p2a: Great Tusk|79/100
|-boost|p1a: Iron Treads|spe|1
|-sideend|p1: untitledkamii|Stealth Rock|[from] move: Rapid Spin|[of] p1a: Iron Treads
|move|p2a: Great Tusk|Rapid Spin|p1a: Iron Treads
|-resisted|p1a: Iron Treads
|-damage|p1a: Iron Treads|71/100
|-boost|p2a: Great Tusk|spe|1
|-sideend|p2: TrentMercer|Stealth Rock|[from] move: Rapid Spin|[of] p2a: Great Tusk
|
|upkeep
|turn|12
|
|t:|1760720149
|move|p1a: Iron Treads|Earthquake|p2a: Great Tusk
|-damage|p2a: Great Tusk|39/100
|move|p2a: Great Tusk|Rapid Spin|p1a: Iron Treads
|-resisted|p1a: Iron Treads
|-damage|p1a: Iron Treads|64/100
|-boost|p2a: Great Tusk|spe|1
|
|upkeep
|turn|13
|
|t:|1760720154
|move|p1a: Iron Treads|Earthquake|p2a: Great Tusk
|-damage|p2a: Great Tusk|2/100
|move|p2a: Great Tusk|Headlong Rush|p1a: Iron Treads
|-supereffective|p1a: Iron Treads
|-damage|p1a: Iron Treads|0 fnt
|-unboost|p2a: Great Tusk|def|1
|-unboost|p2a: Great Tusk|spd|1
|faint|p1a: Iron Treads
|-end|p1a: Iron Treads|Quark Drive|[silent]
|
|upkeep
|
|t:|1760720157
|switch|p1a: Ceruledge|Ceruledge, F|100/100
|turn|14
|
|t:|1760720161
|move|p2a: Great Tusk|Headlong Rush|p1a: Ceruledge
|-supereffective|p1a: Ceruledge
|-enditem|p1a: Ceruledge|Focus Sash
|-damage|p1a: Ceruledge|1/100
|-unboost|p2a: Great Tusk|def|1
|-unboost|p2a: Great Tusk|spd|1
|-ability|p1a: Ceruledge|Weak Armor|boost
|-unboost|p1a: Ceruledge|def|1
|-boost|p1a: Ceruledge|spe|2
|move|p1a: Ceruledge|Swords Dance|p1a: Ceruledge
|-boost|p1a: Ceruledge|atk|2
|
|upkeep
|turn|15
|
|t:|1760720165
|move|p1a: Ceruledge|Bitter Blade|p2a: Great Tusk
|-damage|p2a: Great Tusk|0 fnt
|-heal|p1a: Ceruledge|2/100|[from] drain|[of] p2a: Great Tusk
|faint|p2a: Great Tusk
|-end|p2a: Great Tusk|Protosynthesis|[silent]
|
|upkeep
|
|t:|1760720168
|switch|p2a: Scizor|Scizor, M|100/100
|turn|16
|inactive|untitledkamii has 120 seconds left.
|
|t:|1760720200
|move|p1a: Ceruledge|Shadow Sneak|p2a: Scizor
|-damage|p2a: Scizor|55/100
|move|p2a: Scizor|Bullet Punch|p1a: Ceruledge
|-resisted|p1a: Ceruledge
|-damage|p1a: Ceruledge|0 fnt
|faint|p1a: Ceruledge
|-damage|p2a: Scizor|45/100|[from] item: Life Orb
|
|upkeep
|inactive|untitledkamii has 120 seconds left.
|
|t:|1760720221
|switch|p1a: Iron Valiant|Iron Valiant|100/100
|-enditem|p1a: Iron Valiant|Booster Energy
|-activate|p1a: Iron Valiant|ability: Quark Drive|[fromitem]
|-start|p1a: Iron Valiant|quarkdrivespe
|turn|17
|
|t:|1760720228
|-terastallize|p1a: Iron Valiant|Steel
|move|p2a: Scizor|Bullet Punch|p1a: Iron Valiant
|-resisted|p1a: Iron Valiant
|-damage|p1a: Iron Valiant|72/100
|-damage|p2a: Scizor|35/100|[from] item: Life Orb
|move|p1a: Iron Valiant|Knock Off|p2a: Scizor
|-damage|p2a: Scizor|1/100
|-enditem|p2a: Scizor|Life Orb|[from] move: Knock Off|[of] p1a: Iron Valiant
|
|upkeep
|turn|18
|
|t:|1760720236
|move|p2a: Scizor|Bullet Punch|p1a: Iron Valiant
|-resisted|p1a: Iron Valiant
|-damage|p1a: Iron Valiant|49/100
|move|p1a: Iron Valiant|Moonblast|p2a: Scizor
|-resisted|p2a: Scizor
|-damage|p2a: Scizor|0 fnt
|faint|p2a: Scizor
|
|upkeep
|
|t:|1760720243
|switch|p2a: Slowking|Slowking-Galar, F|100/100
|turn|19
|
|t:|1760720245
|move|p1a: Iron Valiant|Knock Off|p2a: Slowking
|-supereffective|p2a: Slowking
|-damage|p2a: Slowking|27/100
|-enditem|p2a: Slowking|Assault Vest|[from] move: Knock Off|[of] p1a: Iron Valiant
|move|p2a: Slowking|Flamethrower|p1a: Iron Valiant
|-supereffective|p1a: Iron Valiant
|-damage|p1a: Iron Valiant|0 fnt
|faint|p1a: Iron Valiant
|-end|p1a: Iron Valiant|Quark Drive|[silent]
|
|upkeep
|
|t:|1760720248
|switch|p1a: Enamorus|Enamorus, F|100/100
|turn|20
|
|t:|1760720254
|switch|p2a: Zapdos|Zapdos|100/100
|move|p1a: Enamorus|Earth Power|p2a: Zapdos
|-immune|p2a: Zapdos
|
|upkeep
|turn|21
|
|t:|1760720259
|move|p1a: Enamorus|Moonblast|p2a: Zapdos
|-damage|p2a: Zapdos|46/100
|-unboost|p2a: Zapdos|spa|1
|move|p2a: Zapdos|Volt Switch|p1a: Enamorus
|-supereffective|p1a: Enamorus
|-damage|p1a: Enamorus|42/100
|-message|untitledkamii forfeited.
|
|win|TrentMercer
|raw|untitledkamii's rating: 1588 &rarr; <strong>1570</strong><br />(-18 for losing)
|raw|TrentMercer's rating: 1616 &rarr; <strong>1634</strong><br />(+18 for winning)
|l|☆untitledkamii
|player|p1|
|l|☆TrentMercer
|player|p2|
