|j|☆d00d guy
|j|☆churrolite92
|t:|1760722039
|gametype|singles
|player|p1|d00d guy|brock|1284
|player|p2|churrolite92|schoolkid-gen4|1268
|gen|9
|tier|[Gen 9] OU
|rated|
|rule|HP Percentage Mod: HP is shown in percentages
|rule|Endless Battle Clause: Forcing endless battles is banned
|rule|Species Clause: Limit one of each Pokémon
|rule|OHKO Clause: OHKO moves are banned
|rule|Evasion Items Clause: Evasion items are banned
|rule|Evasion Moves Clause: Evasion moves are banned
|rule|Evasion Abilities Clause: Evasion abilities are banned
|rule|Sleep Moves Clause: Sleep-inducing moves are banned
|clearpoke
|poke|p1|Hatterene, F|
|poke|p1|Ursaluna, M|
|poke|p1|Porygon2|
|poke|p1|Cresselia, F|
|poke|p1|Malamar, F|
|poke|p1|Torkoal, M|
|poke|p2|Maushold-Four|
|poke|p2|Mew|
|poke|p2|Garganacl, M|
|poke|p2|Pawmot, F|
|poke|p2|Dondozo, F|
|poke|p2|Polteageist|
|teampreview
|c|☆churrolite92|glhf
|
|t:|1760722062
|teamsize|p1|6
|teamsize|p2|6
|start
|switch|p1a: TARS|Porygon2, shiny|100/100
|switch|p2a: Salt Lick|Garganacl, M|100/100
|-ability|p1a: TARS|Download|boost
|-boost|p1a: TARS|spa|1
|turn|1
|
|t:|1760722085
|switch|p1a: Mann|Ursaluna, M|100/100
|move|p2a: Salt Lick|Block|p1a: Mann
|-activate|p1a: Mann|trapped
|
|-status|p1a: Mann|brn|[from] item: Flame Orb
|upkeep
|turn|2
|
|t:|1760722105
|switch|p2a: Volca RIP|Polteageist|100/100
|move|p1a: Mann|Facade|p2a: Volca RIP
|-immune|p2a: Volca RIP
|
|-damage|p1a: Mann|94/100 brn|[from] brn
|upkeep
|turn|3
|
|t:|1760722116
|switch|p1a: TARS|Porygon2, shiny|100/100
|-ability|p1a: TARS|Download|boost
|-boost|p1a: TARS|atk|1
|move|p2a: Volca RIP|Shell Smash|p2a: Volca RIP
|-unboost|p2a: Volca RIP|def|1
|-unboost|p2a: Volca RIP|spd|1
|-boost|p2a: Volca RIP|atk|2
|-boost|p2a: Volca RIP|spa|2
|-boost|p2a: Volca RIP|spe|2
|
|upkeep
|turn|4
|
|t:|1760722123
|move|p2a: Volca RIP|Stored Power|p1a: TARS
|-damage|p1a: TARS|28/100
|move|p1a: TARS|Trick Room|p1a: TARS
|-fieldstart|move: Trick Room|[of] p1a: TARS
|
|upkeep
|turn|5
|
|t:|1760722133
|move|p2a: Volca RIP|Stored Power|p1a: TARS
|-damage|p1a: TARS|0 fnt
|faint|p1a: TARS
|
|upkeep
|
|t:|1760722137
|switch|p1a: Brand|Hatterene, F, shiny|100/100
|turn|6
|
|t:|1760722145
|switch|p2a: No U|Mew|100/100
|move|p1a: Brand|Psychic Noise|p2a: No U
|-resisted|p2a: No U
|-damage|p2a: No U|80/100
|-start|p2a: No U|move: Heal Block
|
|upkeep
|turn|7
|
|t:|1760722151
|move|p1a: Brand|Dazzling Gleam|p2a: No U
|-damage|p2a: No U|37/100
|move|p2a: No U|Trick|p1a: Brand
|-activate|p2a: No U|move: Trick|[of] p1a: Brand
|-item|p1a: Brand|Choice Scarf|[from] move: Trick
|-item|p2a: No U|Focus Sash|[from] move: Trick
|
|-end|p2a: No U|move: Heal Block
|upkeep
|turn|8
|
|t:|1760722206
|switch|p2a: Salt Lick|Garganacl, M|100/100
|move|p1a: Brand|Dazzling Gleam|p2a: Salt Lick
|-damage|p2a: Salt Lick|64/100
|
|-heal|p2a: Salt Lick|70/100|[from] item: Leftovers
|-fieldend|move: Trick Room
|upkeep
|turn|9
|
|t:|1760722216
|switch|p1a: Miller|Cresselia, F, shiny|100/100
|move|p2a: Salt Lick|Salt Cure|p1a: Miller
|-damage|p1a: Miller|92/100
|-start|p1a: Miller|Salt Cure
|
|-heal|p2a: Salt Lick|76/100|[from] item: Leftovers
|-damage|p1a: Miller|80/100|[from] Salt Cure
|upkeep
|turn|10
|
|t:|1760722224
|move|p2a: Salt Lick|Block|p1a: Miller
|-activate|p1a: Miller|trapped
|move|p1a: Miller|Trick Room|p1a: Miller
|-fieldstart|move: Trick Room|[of] p1a: Miller
|
|-heal|p2a: Salt Lick|82/100|[from] item: Leftovers
|-damage|p1a: Miller|67/100|[from] Salt Cure
|upkeep
|turn|11
|
|t:|1760722233
|move|p2a: Salt Lick|Curse|p2a: Salt Lick
|-unboost|p2a: Salt Lick|spe|1
|-boost|p2a: Salt Lick|atk|1
|-boost|p2a: Salt Lick|def|1
|move|p1a: Miller|Psychic|p2a: Salt Lick
|-damage|p2a: Salt Lick|62/100
|
|-heal|p2a: Salt Lick|68/100|[from] item: Leftovers
|-damage|p1a: Miller|55/100|[from] Salt Cure
|upkeep
|turn|12
|
|t:|1760722240
|move|p2a: Salt Lick|Recover|p2a: Salt Lick
|-heal|p2a: Salt Lick|100/100
|move|p1a: Miller|Psychic|p2a: Salt Lick
|-damage|p2a: Salt Lick|81/100
|
|-heal|p2a: Salt Lick|87/100|[from] item: Leftovers
|-damage|p1a: Miller|42/100|[from] Salt Cure
|upkeep
|turn|13
|
|t:|1760722246
|move|p2a: Salt Lick|Curse|p2a: Salt Lick
|-unboost|p2a: Salt Lick|spe|1
|-boost|p2a: Salt Lick|atk|1
|-boost|p2a: Salt Lick|def|1
|move|p1a: Miller|Lunar Dance|p1a: Miller
|faint|p1a: Miller
|
|-heal|p2a: Salt Lick|93/100|[from] item: Leftovers
|upkeep
|
|t:|1760722257
|switch|p1a: Cooper|Torkoal, M|100/100
|-weather|SunnyDay|[from] ability: Drought|[of] p1a: Cooper
|turn|14
|
|t:|1760722264
|move|p1a: Cooper|Solar Beam||[still]
|-prepare|p1a: Cooper|Solar Beam
|-anim|p1a: Cooper|Solar Beam|p2a: Salt Lick
|-supereffective|p2a: Salt Lick
|-damage|p2a: Salt Lick|13/100
|move|p2a: Salt Lick|Salt Cure|p1a: Cooper
|-supereffective|p1a: Cooper
|-damage|p1a: Cooper|51/100
|-start|p1a: Cooper|Salt Cure
|
|-weather|SunnyDay|[upkeep]
|-heal|p2a: Salt Lick|19/100|[from] item: Leftovers
|-damage|p1a: Cooper|39/100|[from] Salt Cure
|-fieldend|move: Trick Room
|upkeep
|turn|15
|
|t:|1760722277
|switch|p1a: Brand|Hatterene, F, shiny|100/100
|-heal|p1a: Brand|100/100|[from] move: Lunar Dance
|-terastallize|p2a: Salt Lick|Ghost
|move|p2a: Salt Lick|Recover|p2a: Salt Lick
|-heal|p2a: Salt Lick|69/100
|
|-weather|SunnyDay|[upkeep]
|-heal|p2a: Salt Lick|75/100|[from] item: Leftovers
|upkeep
|turn|16
|
|t:|1760722285
|move|p1a: Brand|Psychic Noise|p2a: Salt Lick
|-damage|p2a: Salt Lick|45/100
|-start|p2a: Salt Lick|move: Heal Block
|move|p2a: Salt Lick|Salt Cure|p1a: Brand
|-damage|p1a: Brand|62/100
|-start|p1a: Brand|Salt Cure
|
|-weather|SunnyDay|[upkeep]
|-damage|p1a: Brand|49/100|[from] Salt Cure
|upkeep
|turn|17
|
|t:|1760722294
|move|p1a: Brand|Psychic Noise|p2a: Salt Lick
|-damage|p2a: Salt Lick|13/100
|move|p2a: Salt Lick|Salt Cure|p1a: Brand
|-damage|p1a: Brand|13/100
|
|-weather|SunnyDay|[upkeep]
|-damage|p1a: Brand|1/100|[from] Salt Cure
|-end|p2a: Salt Lick|move: Heal Block
|upkeep
|turn|18
|
|t:|1760722306
|move|p1a: Brand|Psychic Noise|p2a: Salt Lick
|-damage|p2a: Salt Lick|0 fnt
|faint|p2a: Salt Lick
|
|-weather|none
|-damage|p1a: Brand|0 fnt|[from] Salt Cure
|faint|p1a: Brand
|upkeep
|
|t:|1760722353
|switch|p2a: No U|Mew|37/100
|switch|p1a: Alien|Malamar, F|100/100
|turn|19
|
|t:|1760722380
|move|p2a: No U|Imprison|p2a: No U
|-start|p2a: No U|move: Imprison
|move|p1a: Alien|Knock Off|p2a: No U
|-supereffective|p2a: No U
|-damage|p2a: No U|0 fnt
|-enditem|p2a: No U|Focus Sash|[from] move: Knock Off|[of] p1a: Alien
|faint|p2a: No U
|
|upkeep
|
|t:|1760722386
|switch|p2a: Waillord|Dondozo, F|100/100
|turn|20
|
|t:|1760722389
|move|p1a: Alien|Skill Swap|p2a: Waillord
|-activate|p1a: Alien|move: Skill Swap|Unaware|Contrary|[of] p2a: Waillord
|move|p2a: Waillord|Aqua Tail|p1a: Alien
|-damage|p1a: Alien|54/100
|
|upkeep
|turn|21
|
|t:|1760722400
|move|p1a: Alien|Knock Off|p2a: Waillord
|-damage|p2a: Waillord|77/100
|-enditem|p2a: Waillord|Weakness Policy|[from] move: Knock Off|[of] p1a: Alien
|move|p2a: Waillord|Aqua Tail|p1a: Alien
|-damage|p1a: Alien|7/100
|
|upkeep
|turn|22
|
|t:|1760722412
|move|p1a: Alien|Superpower|p2a: Waillord
|-damage|p2a: Waillord|58/100
|-unboost|p1a: Alien|atk|1
|-unboost|p1a: Alien|def|1
|move|p2a: Waillord|Avalanche|p1a: Alien
|-damage|p1a: Alien|0 fnt
|faint|p1a: Alien
|
|upkeep
|
|t:|1760722415
|switch|p1a: Mann|Ursaluna, M|94/100 brn
|turn|23
|
|t:|1760722421
|move|p1a: Mann|Facade|p2a: Waillord
|-damage|p2a: Waillord|0 fnt
|faint|p2a: Waillord
|
|-damage|p1a: Mann|88/100 brn|[from] brn
|upkeep
|
|t:|1760722427
|switch|p2a: Average Renters|Maushold-Four|100/100
|turn|24
|
|t:|1760722434
|move|p2a: Average Renters|Encore|p1a: Mann
|-start|p1a: Mann|Encore
|move|p1a: Mann|Facade|p2a: Average Renters
|-damage|p2a: Average Renters|0 fnt
|faint|p2a: Average Renters
|
|-damage|p1a: Mann|82/100 brn|[from] brn
|upkeep
|
|t:|1760722435
|switch|p2a: Volca RIP|Polteageist|100/100
|turn|25
|
|t:|1760722439
|switch|p1a: Cooper|Torkoal, M|39/100
|-weather|SunnyDay|[from] ability: Drought|[of] p1a: Cooper
|move|p2a: Volca RIP|Shell Smash|p2a: Volca RIP
|-unboost|p2a: Volca RIP|def|1
|-unboost|p2a: Volca RIP|spd|1
|-boost|p2a: Volca RIP|atk|2
|-boost|p2a: Volca RIP|spa|2
|-boost|p2a: Volca RIP|spe|2
|
|-weather|SunnyDay|[upkeep]
|upkeep
|turn|26
|
|t:|1760722443
|move|p2a: Volca RIP|Stored Power|p1a: Cooper
|-damage|p1a: Cooper|0 fnt
|faint|p1a: Cooper
|
|-weather|SunnyDay|[upkeep]
|upkeep
|
|t:|1760722446
|switch|p1a: Mann|Ursaluna, M|82/100 brn
|turn|27
|c|☆churrolite92|gg wp
|
|t:|1760722458
|move|p2a: Volca RIP|Giga Drain|p1a: Mann
|-supereffective|p1a: Mann
|-damage|p1a: Mann|0 fnt
|faint|p1a: Mann
|
|win|churrolite92
|raw|d00d guy's rating: 1284 &rarr; <strong>1258</strong><br />(-26 for losing)
|raw|churrolite92's rating: 1268 &rarr; <strong>1294</strong><br />(+26 for winning)
|l|☆d00d guy
|player|p1|
|l|☆churrolite92
|player|p2|
