|j|☆JoeFlint
|j|☆neXi
|t:|1760798729
|gametype|singles
|player|p1|JoeFlint|170|1274
|player|p2|neXi|265|1249
|gen|9
|tier|[Gen 9] OU
|rated|
|rule|HP Percentage Mod: HP is shown in percentages
|rule|Endless Battle Clause: Forcing endless battles is banned
|rule|Species Clause: Limit one of each Pokémon
|rule|OHKO Clause: OHKO moves are banned
|rule|Evasion Items Clause: Evasion items are banned
|rule|Evasion Moves Clause: Evasion moves are banned
|rule|Evasion Abilities Clause: Evasion abilities are banned
|rule|Sleep Moves Clause: Sleep-inducing moves are banned
|clearpoke
|poke|p1|Zapdos|
|poke|p1|Pelipper, M|
|poke|p1|Iron Valiant|
|poke|p1|Gliscor, M|
|poke|p1|Raging Bolt|
|poke|p1|Ogerpon-Wellspring, F|
|poke|p2|Ogerpon-Wellspring, F|
|poke|p2|Landorus-Therian, M|
|poke|p2|Gholdengo|
|poke|p2|Thundurus, M|
|poke|p2|Garganacl, M|
|poke|p2|Chansey, F|
|teampreview
|inactive|Battle timer is ON: inactive players will automatically lose when time's up. (requested by JoeFlint)
|inactive|JoeFlint has 120 seconds left.
|inactive|JoeFlint has 90 seconds left.
|
|t:|1760798806
|teamsize|p1|6
|teamsize|p2|6
|start
|switch|p1a: Gliscor|Gliscor, M|100/100
|switch|p2a: Gholdengo|Gholdengo|100/100
|turn|1
|
|t:|1760798818
|move|p2a: Gholdengo|Trick|p1a: Gliscor
|-activate|p2a: Gholdengo|move: Trick|[of] p1a: Gliscor
|-item|p1a: Gliscor|Choice Specs|[from] move: Trick
|-item|p2a: Gholdengo|Toxic Orb|[from] move: Trick
|move|p1a: Gliscor|Spikes|p2a: Gholdengo
|-sidestart|p2: neXi|Spikes
|
|upkeep
|turn|2
|
|t:|1760798839
|switch|p2a: Ogerpon|Ogerpon-Wellspring, F|100/100
|-damage|p2a: Ogerpon|88/100|[from] Spikes
|move|p1a: Gliscor|Spikes|p2a: Ogerpon
|-sidestart|p2: neXi|Spikes
|
|upkeep
|turn|3
|
|t:|1760798849
|move|p2a: Ogerpon|Spikes|p1a: Gliscor
|-sidestart|p1: JoeFlint|Spikes
|move|p1a: Gliscor|Spikes|p2a: Ogerpon
|-sidestart|p2: neXi|Spikes
|
|upkeep
|turn|4
|
|t:|1760798860
|switch|p1a: Pelipper|Pelipper, M|100/100
|-weather|RainDance|[from] ability: Drizzle|[of] p1a: Pelipper
|move|p2a: Ogerpon|Spikes|p1a: Pelipper
|-sidestart|p1: JoeFlint|Spikes
|
|-weather|RainDance|[upkeep]
|upkeep
|turn|5
|
|t:|1760798866
|move|p2a: Ogerpon|U-turn|p1a: Pelipper
|-resisted|p1a: Pelipper
|-damage|p1a: Pelipper|90/100
|
|t:|1760798868
|switch|p2a: Thundurus|Thundurus, M|100/100|[from] U-turn
|move|p1a: Pelipper|Hurricane|p2a: Thundurus
|-resisted|p2a: Thundurus
|-damage|p2a: Thundurus|74/100
|-start|p2a: Thundurus|confusion
|
|-weather|RainDance|[upkeep]
|upkeep
|turn|6
|
|t:|1760798879
|-activate|p2a: Thundurus|confusion
|move|p2a: Thundurus|Volt Switch|p1a: Pelipper
|-supereffective|p1a: Pelipper
|-damage|p1a: Pelipper|0 fnt
|faint|p1a: Pelipper
|
|t:|1760798889
|switch|p2a: Gholdengo|Gholdengo|100/100|[from] Volt Switch
|-damage|p2a: Gholdengo|76/100|[from] Spikes
|
|-weather|RainDance|[upkeep]
|upkeep
|
|t:|1760798895
|switch|p1a: Iron Valiant|Iron Valiant|100/100
|-damage|p1a: Iron Valiant|84/100|[from] Spikes
|-enditem|p1a: Iron Valiant|Booster Energy
|-activate|p1a: Iron Valiant|ability: Quark Drive|[fromitem]
|-start|p1a: Iron Valiant|quarkdrivespe
|turn|7
|
|t:|1760798909
|-terastallize|p1a: Iron Valiant|Water
|move|p1a: Iron Valiant|Swords Dance|p1a: Iron Valiant
|-boost|p1a: Iron Valiant|atk|2
|move|p2a: Gholdengo|Make It Rain|p1a: Iron Valiant
|-resisted|p1a: Iron Valiant
|-damage|p1a: Iron Valiant|26/100
|-unboost|p2a: Gholdengo|spa|1
|
|-weather|RainDance|[upkeep]
|upkeep
|turn|8
|inactive|neXi has 120 seconds left.
|
|t:|1760798943
|move|p1a: Iron Valiant|Liquidation|p2a: Gholdengo
|-damage|p2a: Gholdengo|0 fnt
|faint|p2a: Gholdengo
|
|-weather|RainDance|[upkeep]
|upkeep
|inactive|neXi has 120 seconds left.
|
|t:|1760798950
|switch|p2a: Ogerpon|Ogerpon-Wellspring, F|88/100
|-damage|p2a: Ogerpon|63/100|[from] Spikes
|turn|9
|inactive|JoeFlint has 120 seconds left.
|
|t:|1760798984
|move|p1a: Iron Valiant|Close Combat|p2a: Ogerpon
|-damage|p2a: Ogerpon|0 fnt
|-unboost|p1a: Iron Valiant|def|1
|-unboost|p1a: Iron Valiant|spd|1
|faint|p2a: Ogerpon
|
|-weather|RainDance|[upkeep]
|upkeep
|
|t:|1760798994
|switch|p2a: Garganacl|Garganacl, M|100/100
|-damage|p2a: Garganacl|75/100|[from] Spikes
|turn|10
|
|t:|1760798999
|-terastallize|p2a: Garganacl|Fairy
|move|p1a: Iron Valiant|Liquidation|p2a: Garganacl
|-damage|p2a: Garganacl|7/100
|move|p2a: Garganacl|Salt Cure|p1a: Iron Valiant
|-damage|p1a: Iron Valiant|0 fnt
|faint|p1a: Iron Valiant
|-end|p1a: Iron Valiant|Quark Drive|[silent]
|
|-weather|RainDance|[upkeep]
|-heal|p2a: Garganacl|13/100|[from] item: Leftovers
|upkeep
|
|t:|1760799011
|switch|p1a: Zapdos|Zapdos|100/100
|turn|11
|
|t:|1760799015
|move|p2a: Garganacl|Protect|p2a: Garganacl
|-singleturn|p2a: Garganacl|Protect
|move|p1a: Zapdos|Hurricane|p2a: Garganacl
|-activate|p2a: Garganacl|move: Protect
|
|-weather|none
|-heal|p2a: Garganacl|20/100|[from] item: Leftovers
|upkeep
|turn|12
|
|t:|1760799025
|move|p1a: Zapdos|Volt Switch|p2a: Garganacl
|-damage|p2a: Garganacl|0 fnt
|faint|p2a: Garganacl
|
|t:|1760799035
|switch|p1a: Ogerpon|Ogerpon-Wellspring, F|100/100|[from] Volt Switch
|-damage|p1a: Ogerpon|84/100|[from] Spikes
|
|upkeep
|
|t:|1760799041
|switch|p2a: Thundurus|Thundurus, M|74/100
|turn|13
|
|t:|1760799048
|move|p2a: Thundurus|Volt Switch|p1a: Ogerpon
|-damage|p1a: Ogerpon|39/100
|
|t:|1760799052
|switch|p2a: Landorus|Landorus-Therian, M|100/100|[from] Volt Switch
|-ability|p2a: Landorus|Intimidate|boost
|-unboost|p1a: Ogerpon|atk|1
|move|p1a: Ogerpon|Play Rough|p2a: Landorus
|-damage|p2a: Landorus|74/100
|
|-heal|p2a: Landorus|80/100|[from] item: Leftovers
|upkeep
|turn|14
|
|t:|1760799063
|move|p1a: Ogerpon|Ivy Cudgel|p2a: Landorus|[anim] Ivy Cudgel Water
|-supereffective|p2a: Landorus
|-damage|p2a: Landorus|0 fnt
|faint|p2a: Landorus
|
|upkeep
|
|t:|1760799071
|switch|p2a: Thundurus|Thundurus, M|74/100
|turn|15
|
|t:|1760799076
|move|p2a: Thundurus|Volt Switch|p1a: Ogerpon
|-damage|p1a: Ogerpon|0 fnt
|faint|p1a: Ogerpon
|
|t:|1760799080
|switch|p2a: Chansey|Chansey, F|100/100|[from] Volt Switch
|-damage|p2a: Chansey|76/100|[from] Spikes
|
|upkeep
|
|t:|1760799089
|switch|p1a: Gliscor|Gliscor, M|100/100
|turn|16
|
|t:|1760799094
|move|p1a: Gliscor|Knock Off|p2a: Chansey
|-damage|p2a: Chansey|61/100
|-enditem|p2a: Chansey|Eviolite|[from] move: Knock Off|[of] p1a: Gliscor
|move|p2a: Chansey|Seismic Toss|p1a: Gliscor
|-damage|p1a: Gliscor|72/100
|
|upkeep
|turn|17
|
|t:|1760799106
|switch|p1a: Zapdos|Zapdos|100/100
|move|p2a: Chansey|Soft-Boiled|p2a: Chansey
|-heal|p2a: Chansey|100/100
|
|upkeep
|turn|18
|
|t:|1760799116
|move|p1a: Zapdos|Hurricane|p2a: Chansey
|-crit|p2a: Chansey
|-damage|p2a: Chansey|64/100
|move|p2a: Chansey|Seismic Toss|p1a: Zapdos
|-damage|p1a: Zapdos|69/100
|-status|p2a: Chansey|par|[from] ability: Static|[of] p1a: Zapdos
|
|upkeep
|turn|19
|
|t:|1760799125
|move|p1a: Zapdos|Volt Switch|p2a: Chansey
|-damage|p2a: Chansey|50/100 par
|
|t:|1760799128
|switch|p1a: Gliscor|Gliscor, M|72/100|[from] Volt Switch
|move|p2a: Chansey|Soft-Boiled|p2a: Chansey
|-heal|p2a: Chansey|99/100 par
|
|upkeep
|turn|20
|
|t:|1760799137
|move|p1a: Gliscor|Knock Off|p2a: Chansey
|-damage|p2a: Chansey|86/100 par
|move|p2a: Chansey|Seismic Toss|p1a: Gliscor
|-damage|p1a: Gliscor|44/100
|
|upkeep
|turn|21
|
|t:|1760799143
|switch|p1a: Raging Bolt|Raging Bolt|100/100
|-damage|p1a: Raging Bolt|84/100|[from] Spikes
|move|p2a: Chansey|Seismic Toss|p1a: Raging Bolt
|-damage|p1a: Raging Bolt|58/100
|
|upkeep
|turn|22
|
|t:|1760799154
|move|p1a: Raging Bolt|Thunderbolt|p2a: Chansey
|-damage|p2a: Chansey|52/100 par
|move|p2a: Chansey|Seismic Toss|p1a: Raging Bolt
|-damage|p1a: Raging Bolt|33/100
|
|upkeep
|turn|23
|
|t:|1760799161
|move|p1a: Raging Bolt|Thunderbolt|p2a: Chansey
|-damage|p2a: Chansey|20/100 par
|move|p2a: Chansey|Soft-Boiled|p2a: Chansey
|-heal|p2a: Chansey|70/100 par
|
|upkeep
|turn|24
|
|t:|1760799169
|move|p1a: Raging Bolt|Thunderbolt|p2a: Chansey
|-damage|p2a: Chansey|37/100 par
|move|p2a: Chansey|Soft-Boiled|p2a: Chansey
|-heal|p2a: Chansey|87/100 par
|
|upkeep
|turn|25
|
|t:|1760799178
|move|p1a: Raging Bolt|Thunderbolt|p2a: Chansey
|-crit|p2a: Chansey
|-damage|p2a: Chansey|39/100 par
|move|p2a: Chansey|Seismic Toss|p1a: Raging Bolt
|-damage|p1a: Raging Bolt|7/100
|
|upkeep
|turn|26
|
|t:|1760799184
|move|p1a: Raging Bolt|Thunderbolt|p2a: Chansey
|-damage|p2a: Chansey|5/100 par
|cant|p2a: Chansey|par
|
|upkeep
|turn|27
|
|t:|1760799194
|move|p1a: Raging Bolt|Thunderbolt|p2a: Chansey
|-damage|p2a: Chansey|0 fnt
|faint|p2a: Chansey
|
|upkeep
|
|t:|1760799197
|switch|p2a: Thundurus|Thundurus, M|74/100
|turn|28
|
|t:|1760799204
|-end|p1a: Raging Bolt|Protosynthesis|[silent]
|switch|p1a: Gliscor|Gliscor, M|44/100
|move|p2a: Thundurus|Psychic|p1a: Gliscor
|-damage|p1a: Gliscor|19/100
|
|upkeep
|turn|29
|
|t:|1760799210
|move|p2a: Thundurus|Psychic|p1a: Gliscor
|-damage|p1a: Gliscor|0 fnt
|faint|p1a: Gliscor
|
|upkeep
|
|t:|1760799214
|switch|p1a: Zapdos|Zapdos|69/100
|turn|30
|
|t:|1760799216
|move|p2a: Thundurus|Psychic|p1a: Zapdos
|-damage|p1a: Zapdos|32/100
|move|p1a: Zapdos|Heat Wave|p2a: Thundurus|[miss]
|-miss|p1a: Zapdos|p2a: Thundurus
|
|upkeep
|turn|31
|
|t:|1760799228
|move|p2a: Thundurus|Taunt|p1a: Zapdos
|-start|p1a: Zapdos|move: Taunt
|cant|p1a: Zapdos|move: Taunt|Roost
|
|upkeep
|turn|32
|
|t:|1760799232
|move|p2a: Thundurus|Psychic|p1a: Zapdos
|-damage|p1a: Zapdos|0 fnt
|faint|p1a: Zapdos
|
|upkeep
|
|t:|1760799235
|switch|p1a: Raging Bolt|Raging Bolt|7/100
|-damage|p1a: Raging Bolt|0 fnt|[from] Spikes
|faint|p1a: Raging Bolt
|-end|p1a: Raging Bolt|Protosynthesis|[silent]
|
|win|neXi
|raw|JoeFlint's rating: 1274 &rarr; <strong>1247</strong><br />(-27 for losing)
|raw|neXi's rating: 1249 &rarr; <strong>1276</strong><br />(+27 for winning)
|c|☆neXi|Stolen
|l|☆JoeFlint
|player|p1|
|l|☆neXi
|player|p2|
