|j|☆Denis ist toll amk
|j|☆HZBKAI2
|t:|1760846844
|gametype|singles
|player|p1|Denis ist toll amk|266|1070
|player|p2|HZBKAI2|265|1079
|gen|9
|tier|[Gen 9] OU
|rated|
|rule|HP Percentage Mod: HP is shown in percentages
|rule|Endless Battle Clause: Forcing endless battles is banned
|rule|Species Clause: Limit one of each Pokémon
|rule|OHKO Clause: OHKO moves are banned
|rule|Evasion Items Clause: Evasion items are banned
|rule|Evasion Moves Clause: Evasion moves are banned
|rule|Evasion Abilities Clause: Evasion abilities are banned
|rule|Sleep Moves Clause: Sleep-inducing moves are banned
|clearpoke
|poke|p1|Ceruledge, M|
|poke|p1|Excadrill, F|
|poke|p1|Tyranitar, M|
|poke|p1|Pecharunt|
|poke|p1|Dragonite, M|
|poke|p1|Great Tusk|
|poke|p2|Pecharunt|
|poke|p2|Darkrai|
|poke|p2|Zoroark-Hisui, M|
|poke|p2|Glimmora, M|
|poke|p2|Garchomp, M|
|poke|p2|Zamazenta-*|
|teampreview
|
|t:|1760846860
|teamsize|p1|6
|teamsize|p2|6
|start
|switch|p1a: Tyranitar|Tyranitar, M|100/100
|switch|p2a: Pecharunt|Pecharunt|100/100
|-weather|Sandstorm|[from] ability: Sand Stream|[of] p1a: Tyranitar
|turn|1
|
|t:|1760846864
|move|p2a: Pecharunt|Malignant Chain|p1a: Tyranitar
|-resisted|p1a: Tyranitar
|-damage|p1a: Tyranitar|87/100
|move|p1a: Tyranitar|Earthquake|p2a: Pecharunt
|-supereffective|p2a: Pecharunt
|-damage|p2a: Pecharunt|41/100
|
|-weather|Sandstorm|[upkeep]
|-damage|p2a: Pecharunt|35/100|[from] Sandstorm
|-heal|p1a: Tyranitar|93/100|[from] item: Leftovers
|upkeep
|turn|2
|
|t:|1760846867
|move|p2a: Pecharunt|Malignant Chain|p1a: Tyranitar
|-resisted|p1a: Tyranitar
|-damage|p1a: Tyranitar|80/100
|move|p1a: Tyranitar|Earthquake|p2a: Pecharunt
|-supereffective|p2a: Pecharunt
|-damage|p2a: Pecharunt|0 fnt
|faint|p2a: Pecharunt
|
|-weather|Sandstorm|[upkeep]
|-heal|p1a: Tyranitar|86/100|[from] item: Leftovers
|upkeep
|
|t:|1760846868
|switch|p2a: Garchomp|Garchomp, M|100/100
|turn|3
|
|t:|1760846877
|move|p2a: Garchomp|Dig||[still]
|-prepare|p2a: Garchomp|Dig
|move|p1a: Tyranitar|Avalanche|p2a: Garchomp|[miss]
|-miss|p1a: Tyranitar|p2a: Garchomp
|
|-weather|Sandstorm|[upkeep]
|-heal|p1a: Tyranitar|92/100|[from] item: Leftovers
|upkeep
|turn|4
|
|t:|1760846881
|move|p2a: Garchomp|Dig|p1a: Tyranitar|[from] lockedmove
|-supereffective|p1a: Tyranitar
|-damage|p1a: Tyranitar|18/100
|move|p1a: Tyranitar|Avalanche|p2a: Garchomp
|-supereffective|p2a: Garchomp
|-damage|p2a: Garchomp|0 fnt
|-damage|p1a: Tyranitar|5/100|[from] ability: Rough Skin|[of] p2a: Garchomp
|-damage|p1a: Tyranitar|0 fnt|[from] item: Rocky Helmet|[of] p2a: Garchomp
|faint|p2a: Garchomp
|faint|p1a: Tyranitar
|
|-weather|Sandstorm|[upkeep]
|upkeep
|
|t:|1760846884
|switch|p2a: Zamazenta|Zamazenta|100/100
|switch|p1a: Excadrill|Excadrill, F, shiny|100/100
|-ability|p2a: Zamazenta|Dauntless Shield|boost
|-boost|p2a: Zamazenta|def|1
|turn|5
|
|t:|1760846891
|move|p1a: Excadrill|Drill Run|p2a: Zamazenta
|-damage|p2a: Zamazenta|60/100
|move|p2a: Zamazenta|Fire Fang|p1a: Excadrill
|-supereffective|p1a: Excadrill
|-damage|p1a: Excadrill|41/100
|
|-weather|none
|-heal|p2a: Zamazenta|66/100|[from] item: Leftovers
|upkeep
|turn|6
|
|t:|1760846895
|switch|p1a: Pecharunt|Pecharunt|100/100
|move|p2a: Zamazenta|Fire Fang|p1a: Pecharunt|[miss]
|-miss|p2a: Zamazenta|p1a: Pecharunt
|
|-heal|p2a: Zamazenta|72/100|[from] item: Leftovers
|upkeep
|turn|7
|
|t:|1760846900
|move|p2a: Zamazenta|Crunch|p1a: Pecharunt
|-supereffective|p1a: Pecharunt
|-damage|p1a: Pecharunt|76/100
|move|p1a: Pecharunt|Malignant Chain|p2a: Zamazenta
|-crit|p2a: Zamazenta
|-damage|p2a: Zamazenta|25/100
|
|-heal|p2a: Zamazenta|31/100|[from] item: Leftovers
|upkeep
|turn|8
|
|t:|1760846907
|move|p2a: Zamazenta|Crunch|p1a: Pecharunt
|-supereffective|p1a: Pecharunt
|-damage|p1a: Pecharunt|52/100
|move|p1a: Pecharunt|Malignant Chain|p2a: Zamazenta
|-damage|p2a: Zamazenta|0 fnt
|faint|p2a: Zamazenta
|
|upkeep
|
|t:|1760846914
|switch|p2a: Darkrai|Darkrai|100/100
|turn|9
|
|t:|1760846918
|move|p2a: Darkrai|Dark Pulse|p1a: Pecharunt
|-supereffective|p1a: Pecharunt
|-damage|p1a: Pecharunt|0 fnt
|faint|p1a: Pecharunt
|
|upkeep
|
|t:|1760846921
|switch|p1a: Ceruledge|Ceruledge, M|100/100
|turn|10
|
|t:|1760846922
|move|p1a: Ceruledge|Night Slash|p2a: Darkrai
|-resisted|p2a: Darkrai
|-crit|p2a: Darkrai
|-damage|p2a: Darkrai|76/100
|-damage|p1a: Ceruledge|84/100|[from] item: Rocky Helmet|[of] p2a: Darkrai
|move|p2a: Darkrai|Dark Pulse|p1a: Ceruledge
|-supereffective|p1a: Ceruledge
|-damage|p1a: Ceruledge|0 fnt
|faint|p1a: Ceruledge
|
|upkeep
|
|t:|1760846926
|switch|p1a: Excadrill|Excadrill, F, shiny|41/100
|turn|11
|
|t:|1760846930
|move|p2a: Darkrai|Dark Pulse|p1a: Excadrill
|-damage|p1a: Excadrill|0 fnt
|faint|p1a: Excadrill
|
|upkeep
|
|t:|1760846932
|switch|p1a: Great Tusk|Great Tusk|100/100
|turn|12
|
|t:|1760846935
|move|p2a: Darkrai|Blizzard|p1a: Great Tusk
|-supereffective|p1a: Great Tusk
|-damage|p1a: Great Tusk|0 fnt
|faint|p1a: Great Tusk
|-end|p1a: Great Tusk|Protosynthesis|[silent]
|
|upkeep
|
|t:|1760846938
|switch|p1a: Dragonite|Dragonite, M|100/100
|turn|13
|
|t:|1760846947
|-terastallize|p1a: Dragonite|Fairy
|move|p2a: Darkrai|Blizzard|p1a: Dragonite|[miss]
|-miss|p2a: Darkrai|p1a: Dragonite
|move|p1a: Dragonite|Dragon Dance|p1a: Dragonite
|-boost|p1a: Dragonite|atk|1
|-boost|p1a: Dragonite|spe|1
|
|upkeep
|turn|14
|
|t:|1760846949
|move|p1a: Dragonite|Tera Blast|p2a: Darkrai|[anim] Tera Blast Fairy
|-supereffective|p2a: Darkrai
|-damage|p2a: Darkrai|0 fnt
|faint|p2a: Darkrai
|
|upkeep
|
|t:|1760846950
|switch|p2a: Glimmora|Glimmora, M|100/100
|turn|15
|
|t:|1760846955
|move|p1a: Dragonite|Earthquake|p2a: Glimmora
|-supereffective|p2a: Glimmora
|-damage|p2a: Glimmora|0 fnt
|faint|p2a: Glimmora
|
|upkeep
|
|t:|1760846955
|switch|p2a: Zoroark|Zoroark-Hisui, M|100/100
|turn|16
|
|t:|1760846960
|move|p1a: Dragonite|Scale Shot|p2a: Zoroark
|-damage|p2a: Zoroark|65/100
|-damage|p2a: Zoroark|27/100
|-damage|p2a: Zoroark|0 fnt
|faint|p2a: Zoroark
|-hitcount|p2: Zoroark|3
|
|win|Denis ist toll amk
|raw|Denis ist toll amk's rating: 1070 &rarr; <strong>1100</strong><br />(+30 for winning)
|raw|HZBKAI2's rating: 1079 &rarr; <strong>1057</strong><br />(-22 for losing)
|l|☆HZBKAI2
|player|p2|
|l|☆Denis ist toll amk
|player|p1|
