|j|☆karakel
|j|☆quangangdui
|t:|1760878978
|gametype|singles
|player|p1|karakel|cowgirl|1519
|player|p2|quangangdui|1|1618
|gen|9
|tier|[Gen 9] OU
|rated|
|rule|HP Percentage Mod: HP is shown in percentages
|rule|Endless Battle Clause: Forcing endless battles is banned
|rule|Species Clause: Limit one of each Pokémon
|rule|OHKO Clause: OHKO moves are banned
|rule|Evasion Items Clause: Evasion items are banned
|rule|Evasion Moves Clause: Evasion moves are banned
|rule|Evasion Abilities Clause: Evasion abilities are banned
|rule|Sleep Moves Clause: Sleep-inducing moves are banned
|clearpoke
|poke|p1|Lilligant-Hisui, F|
|poke|p1|Ninetales, M|
|poke|p1|Great Tusk|
|poke|p1|Walking Wake|
|poke|p1|Cresselia, F|
|poke|p1|Cinderace, F|
|poke|p2|Iron Treads|
|poke|p2|Hoopa-Unbound|
|poke|p2|Pelipper, M|
|poke|p2|Pecharunt|
|poke|p2|Barraskewda, F|
|poke|p2|Ogerpon-Wellspring, F|
|teampreview
|inactive|Battle timer is ON: inactive players will automatically lose when time's up. (requested by quangangdui)
|
|t:|1760878993
|teamsize|p1|6
|teamsize|p2|6
|start
|switch|p1a: Walking Wake|Walking Wake|100/100
|switch|p2a: Hoopa|Hoopa-Unbound|100/100
|turn|1
|
|t:|1760879003
|-end|p1a: Walking Wake|Protosynthesis|[silent]
|switch|p1a: Great Tusk|Great Tusk|100/100
|-terastallize|p2a: Hoopa|Dark
|move|p2a: Hoopa|Hyperspace Fury|p1a: Great Tusk
|-resisted|p1a: Great Tusk
|-damage|p1a: Great Tusk|61/100
|-unboost|p2a: Hoopa|def|1
|
|upkeep
|turn|2
|
|t:|1760879010
|switch|p2a: Pelipper|Pelipper, M|100/100
|-weather|RainDance|[from] ability: Drizzle|[of] p2a: Pelipper
|move|p1a: Great Tusk|Close Combat|p2a: Pelipper
|-resisted|p2a: Pelipper
|-damage|p2a: Pelipper|71/100
|-unboost|p1a: Great Tusk|def|1
|-unboost|p1a: Great Tusk|spd|1
|-enditem|p1a: Great Tusk|Eject Pack
|
|t:|1760879012
|-end|p1a: Great Tusk|Protosynthesis|[silent]
|switch|p1a: Ninetales|Ninetales, M|100/100
|-weather|SunnyDay|[from] ability: Drought|[of] p1a: Ninetales
|
|-weather|SunnyDay|[upkeep]
|upkeep
|turn|3
|
|t:|1760879020
|switch|p1a: Cresselia|Cresselia, F|100/100
|move|p2a: Pelipper|Surf|p1a: Cresselia
|-damage|p1a: Cresselia|83/100
|-enditem|p1a: Cresselia|Eject Button
|
|t:|1760879027
|switch|p1a: Walking Wake|Walking Wake|100/100
|-activate|p1a: Walking Wake|ability: Protosynthesis
|-start|p1a: Walking Wake|protosynthesisspa
|
|-weather|SunnyDay|[upkeep]
|upkeep
|turn|4
|
|t:|1760879039
|switch|p2a: Iron Treads|Iron Treads|100/100
|move|p1a: Walking Wake|Draco Meteor|p2a: Iron Treads
|-resisted|p2a: Iron Treads
|-damage|p2a: Iron Treads|48/100
|-unboost|p1a: Walking Wake|spa|2
|
|-weather|SunnyDay|[upkeep]
|upkeep
|turn|5
|
|t:|1760879049
|-end|p1a: Walking Wake|Protosynthesis|[silent]
|switch|p1a: Lilligant|Lilligant-Hisui, F|100/100
|-end|p2a: Iron Treads|Quark Drive|[silent]
|switch|p2a: Pelipper|Pelipper, M|71/100
|-weather|RainDance|[from] ability: Drizzle|[of] p2a: Pelipper
|
|-weather|RainDance|[upkeep]
|upkeep
|turn|6
|
|t:|1760879056
|-terastallize|p1a: Lilligant|Rock
|move|p1a: Lilligant|Tera Blast|p2a: Pelipper|[anim] Tera Blast Rock
|-supereffective|p2a: Pelipper
|-damage|p2a: Pelipper|0 fnt
|faint|p2a: Pelipper
|
|-weather|RainDance|[upkeep]
|upkeep
|
|t:|1760879061
|switch|p2a: Barraskewda|Barraskewda, F|100/100
|turn|7
|
|t:|1760879068
|move|p2a: Barraskewda|Close Combat|p1a: Lilligant
|-supereffective|p1a: Lilligant
|-damage|p1a: Lilligant|0 fnt
|-unboost|p2a: Barraskewda|def|1
|-unboost|p2a: Barraskewda|spd|1
|faint|p1a: Lilligant
|
|-weather|RainDance|[upkeep]
|upkeep
|
|t:|1760879071
|switch|p1a: Ninetales|Ninetales, M|100/100
|-weather|SunnyDay|[from] ability: Drought|[of] p1a: Ninetales
|turn|8
|
|t:|1760879082
|switch|p1a: Cresselia|Cresselia, F|83/100
|move|p2a: Barraskewda|Liquidation|p1a: Cresselia
|-damage|p1a: Cresselia|66/100
|
|-weather|SunnyDay|[upkeep]
|upkeep
|turn|9
|
|t:|1760879090
|move|p2a: Barraskewda|Flip Turn|p1a: Cresselia
|-damage|p1a: Cresselia|54/100
|
|t:|1760879092
|switch|p2a: Hoopa|Hoopa-Unbound, tera:Dark|100/100|[from] Flip Turn
|move|p1a: Cresselia|Thunder Wave|p2a: Hoopa
|-status|p2a: Hoopa|par
|
|-weather|SunnyDay|[upkeep]
|upkeep
|turn|10
|
|t:|1760879099
|switch|p1a: Great Tusk|Great Tusk|61/100
|-activate|p1a: Great Tusk|ability: Protosynthesis
|-start|p1a: Great Tusk|protosynthesisspe
|cant|p2a: Hoopa|par
|
|-weather|SunnyDay|[upkeep]
|upkeep
|turn|11
|
|t:|1760879107
|switch|p2a: Pecharunt|Pecharunt|100/100
|move|p1a: Great Tusk|Close Combat|p2a: Pecharunt
|-immune|p2a: Pecharunt
|
|-weather|SunnyDay|[upkeep]
|upkeep
|turn|12
|
|t:|1760879114
|move|p1a: Great Tusk|Headlong Rush|p2a: Pecharunt
|-supereffective|p2a: Pecharunt
|-damage|p2a: Pecharunt|55/100
|-unboost|p1a: Great Tusk|def|1
|-unboost|p1a: Great Tusk|spd|1
|-damage|p1a: Great Tusk|44/100|[from] item: Rocky Helmet|[of] p2a: Pecharunt
|move|p2a: Pecharunt|Parting Shot|p1a: Great Tusk
|-unboost|p1a: Great Tusk|atk|1
|-unboost|p1a: Great Tusk|spa|1
|
|t:|1760879119
|switch|p2a: Ogerpon|Ogerpon-Wellspring, F|100/100|[from] Parting Shot
|
|-weather|SunnyDay|[upkeep]
|upkeep
|turn|13
|
|t:|1760879125
|-end|p1a: Great Tusk|Protosynthesis|[silent]
|switch|p1a: Cresselia|Cresselia, F|54/100
|move|p2a: Ogerpon|U-turn|p1a: Cresselia
|-supereffective|p1a: Cresselia
|-damage|p1a: Cresselia|21/100
|
|t:|1760879129
|switch|p2a: Hoopa|Hoopa-Unbound, tera:Dark|100/100 par|[from] U-turn
|
|-weather|SunnyDay|[upkeep]
|upkeep
|turn|14
|
|t:|1760879131
|move|p1a: Cresselia|Moonlight|p1a: Cresselia
|-heal|p1a: Cresselia|88/100
|move|p2a: Hoopa|Hyperspace Fury|p1a: Cresselia
|-supereffective|p1a: Cresselia
|-damage|p1a: Cresselia|0 fnt
|-unboost|p2a: Hoopa|def|1
|faint|p1a: Cresselia
|
|-weather|SunnyDay|[upkeep]
|upkeep
|
|t:|1760879136
|switch|p1a: Walking Wake|Walking Wake|100/100
|-activate|p1a: Walking Wake|ability: Protosynthesis
|-start|p1a: Walking Wake|protosynthesisspa
|turn|15
|
|t:|1760879143
|move|p1a: Walking Wake|Draco Meteor|p2a: Hoopa
|-damage|p2a: Hoopa|0 fnt
|-unboost|p1a: Walking Wake|spa|2
|faint|p2a: Hoopa
|
|-weather|none
|-end|p1a: Walking Wake|Protosynthesis
|upkeep
|
|t:|1760879149
|switch|p2a: Ogerpon|Ogerpon-Wellspring, F|100/100
|turn|16
|
|t:|1760879152
|move|p2a: Ogerpon|Ivy Cudgel|p1a: Walking Wake|[anim] Ivy Cudgel Water
|-resisted|p1a: Walking Wake
|-damage|p1a: Walking Wake|84/100
|move|p1a: Walking Wake|Draco Meteor|p2a: Ogerpon
|-damage|p2a: Ogerpon|42/100
|-unboost|p1a: Walking Wake|spa|2
|
|upkeep
|turn|17
|
|t:|1760879157
|move|p2a: Ogerpon|Power Whip|p1a: Walking Wake
|-damage|p1a: Walking Wake|6/100
|move|p1a: Walking Wake|Draco Meteor|p2a: Ogerpon
|-damage|p2a: Ogerpon|0 fnt
|-unboost|p1a: Walking Wake|spa|2
|faint|p2a: Ogerpon
|
|upkeep
|
|t:|1760879168
|switch|p2a: Barraskewda|Barraskewda, F|100/100
|turn|18
|
|t:|1760879171
|-end|p1a: Walking Wake|Protosynthesis|[silent]
|switch|p1a: Ninetales|Ninetales, M|100/100
|-weather|SunnyDay|[from] ability: Drought|[of] p1a: Ninetales
|move|p2a: Barraskewda|Liquidation|p1a: Ninetales
|-supereffective|p1a: Ninetales
|-damage|p1a: Ninetales|32/100
|
|-weather|SunnyDay|[upkeep]
|upkeep
|turn|19
|
|t:|1760879189
|switch|p1a: Great Tusk|Great Tusk|44/100
|-activate|p1a: Great Tusk|ability: Protosynthesis
|-start|p1a: Great Tusk|protosynthesisspe
|move|p2a: Barraskewda|Liquidation|p1a: Great Tusk
|-supereffective|p1a: Great Tusk
|-damage|p1a: Great Tusk|7/100
|
|-weather|SunnyDay|[upkeep]
|upkeep
|turn|20
|
|t:|1760879196
|move|p2a: Barraskewda|Aqua Jet|p1a: Great Tusk
|-supereffective|p1a: Great Tusk
|-damage|p1a: Great Tusk|0 fnt
|faint|p1a: Great Tusk
|-end|p1a: Great Tusk|Protosynthesis|[silent]
|
|-weather|SunnyDay|[upkeep]
|upkeep
|
|t:|1760879200
|switch|p1a: Walking Wake|Walking Wake|6/100
|-activate|p1a: Walking Wake|ability: Protosynthesis
|-start|p1a: Walking Wake|protosynthesisspa
|turn|21
|-message|karakel forfeited.
|
|win|quangangdui
|raw|karakel's rating: 1519 &rarr; <strong>1505</strong><br />(-14 for losing)
|raw|quangangdui's rating: 1618 &rarr; <strong>1632</strong><br />(+14 for winning)
|l|☆karakel
|player|p1|
|l|☆quangangdui
|player|p2|
