|j|☆White Boy Magic
|j|☆Abracadaver
|t:|1760725698
|gametype|singles
|player|p1|White Boy Magic|burgh|1404
|player|p2|Abracadaver|2|1457
|gen|9
|tier|[Gen 9] OU
|rated|
|rule|HP Percentage Mod: HP is shown in percentages
|rule|Endless Battle Clause: Forcing endless battles is banned
|rule|Species Clause: Limit one of each Pokémon
|rule|OHKO Clause: OHKO moves are banned
|rule|Evasion Items Clause: Evasion items are banned
|rule|Evasion Moves Clause: Evasion moves are banned
|rule|Evasion Abilities Clause: Evasion abilities are banned
|rule|Sleep Moves Clause: Sleep-inducing moves are banned
|clearpoke
|poke|p1|Garchomp, M|
|poke|p1|Tyranitar, F|
|poke|p1|Excadrill, F|
|poke|p1|Tinkaton, F|
|poke|p1|Hydrapple, F|
|poke|p1|Clefable, M|
|poke|p2|Ceruledge, F|
|poke|p2|Mimikyu, F|
|poke|p2|Dragonite, F|
|poke|p2|Umbreon, M|
|poke|p2|Zapdos|
|poke|p2|Gastrodon-East, F|
|teampreview
|inactive|Battle timer is ON: inactive players will automatically lose when time's up. (requested by White Boy Magic)
|
|t:|1760725723
|teamsize|p1|6
|teamsize|p2|6
|start
|switch|p1a: Apple Pie|Hydrapple, F|100/100
|switch|p2a: Gastrodon|Gastrodon-East, F, shiny|100/100
|turn|1
|
|t:|1760725732
|switch|p1a: Soda Beach|Tyranitar, F|100/100
|-weather|Sandstorm|[from] ability: Sand Stream|[of] p1a: Soda Beach
|switch|p2a: Zapdos|Zapdos|100/100
|
|-weather|Sandstorm|[upkeep]
|-damage|p2a: Zapdos|94/100|[from] Sandstorm
|upkeep
|turn|2
|
|t:|1760725741
|switch|p2a: Gastrodon|Gastrodon-East, F, shiny|100/100
|move|p1a: Soda Beach|Knock Off|p2a: Gastrodon
|-damage|p2a: Gastrodon|45/100
|-enditem|p2a: Gastrodon|Leftovers|[from] move: Knock Off|[of] p1a: Soda Beach
|
|-weather|Sandstorm|[upkeep]
|upkeep
|turn|3
|
|t:|1760725757
|move|p1a: Soda Beach|Stealth Rock|p2a: Gastrodon
|-sidestart|p2: Abracadaver|move: Stealth Rock
|move|p2a: Gastrodon|Ice Beam|p1a: Soda Beach
|-damage|p1a: Soda Beach|89/100
|
|-weather|Sandstorm|[upkeep]
|-heal|p1a: Soda Beach|95/100|[from] item: Leftovers
|upkeep
|turn|4
|
|t:|1760725764
|switch|p1a: Apple Pie|Hydrapple, F|100/100
|move|p2a: Gastrodon|Recover|p2a: Gastrodon
|-heal|p2a: Gastrodon|95/100
|
|-weather|Sandstorm|[upkeep]
|-damage|p1a: Apple Pie|94/100|[from] Sandstorm
|upkeep
|turn|5
|
|t:|1760725772
|switch|p2a: Mimikyu|Mimikyu, F|100/100
|-damage|p2a: Mimikyu|88/100|[from] Stealth Rock
|move|p1a: Apple Pie|Giga Drain|p2a: Mimikyu
|-activate|p2a: Mimikyu|ability: Disguise
|-damage|p2a: Mimikyu|88/100
|detailschange|p2a: Mimikyu|Mimikyu-Busted, F
|-damage|p2a: Mimikyu|76/100|[from] pokemon: Mimikyu-Busted
|
|-weather|none
|upkeep
|turn|6
|
|t:|1760725787
|move|p2a: Mimikyu|Swords Dance|p2a: Mimikyu
|-boost|p2a: Mimikyu|atk|2
|move|p1a: Apple Pie|Giga Drain|p2a: Mimikyu
|-damage|p2a: Mimikyu|37/100
|-heal|p1a: Apple Pie|100/100|[from] drain|[of] p2a: Mimikyu
|
|upkeep
|turn|7
|
|t:|1760725803
|switch|p1a: Molina|Excadrill, F, shiny|100/100
|-item|p1a: Molina|Air Balloon
|move|p2a: Mimikyu|Drain Punch|p1a: Molina
|-supereffective|p1a: Molina
|-damage|p1a: Molina|0 fnt
|-heal|p2a: Mimikyu|100/100|[from] drain|[of] p1a: Molina
|-enditem|p1a: Molina|Air Balloon
|faint|p1a: Molina
|-damage|p2a: Mimikyu|91/100|[from] item: Life Orb
|
|upkeep
|inactive|White Boy Magic has 120 seconds left.
|
|t:|1760725825
|switch|p1a: Toynbee Tiles|Tinkaton, F|100/100
|-ability|p1a: Toynbee Tiles|Mold Breaker
|-item|p1a: Toynbee Tiles|Air Balloon
|turn|8
|
|t:|1760725833
|-terastallize|p1a: Toynbee Tiles|Ghost
|move|p2a: Mimikyu|Play Rough|p1a: Toynbee Tiles
|-damage|p1a: Toynbee Tiles|0 fnt
|-enditem|p1a: Toynbee Tiles|Air Balloon
|faint|p1a: Toynbee Tiles
|-damage|p2a: Mimikyu|81/100|[from] item: Life Orb
|
|upkeep
|
|t:|1760725842
|switch|p1a: Gila Monster|Garchomp, M|100/100
|turn|9
|
|t:|1760725847
|move|p2a: Mimikyu|Play Rough|p1a: Gila Monster
|-supereffective|p1a: Gila Monster
|-damage|p1a: Gila Monster|0 fnt
|-damage|p2a: Mimikyu|68/100|[from] ability: Rough Skin|[of] p1a: Gila Monster
|faint|p1a: Gila Monster
|-damage|p2a: Mimikyu|58/100|[from] item: Life Orb
|
|upkeep
|
|t:|1760725850
|switch|p1a: My Brothe|Clefable, M, shiny|100/100
|turn|10
|
|t:|1760725860
|-terastallize|p2a: Mimikyu|Steel
|move|p2a: Mimikyu|Play Rough|p1a: My Brothe|[miss]
|-miss|p2a: Mimikyu|p1a: My Brothe
|move|p1a: My Brothe|Moonblast|p2a: Mimikyu
|-resisted|p2a: Mimikyu
|-damage|p2a: Mimikyu|37/100
|
|upkeep
|turn|11
|
|t:|1760725870
|move|p2a: Mimikyu|Play Rough|p1a: My Brothe
|-damage|p1a: My Brothe|22/100
|-damage|p2a: Mimikyu|27/100|[from] item: Life Orb
|move|p1a: My Brothe|Moonblast|p2a: Mimikyu
|-resisted|p2a: Mimikyu
|-damage|p2a: Mimikyu|8/100
|
|-heal|p1a: My Brothe|28/100|[from] item: Leftovers
|upkeep
|turn|12
|
|t:|1760725879
|switch|p1a: Soda Beach|Tyranitar, F|95/100
|-weather|Sandstorm|[from] ability: Sand Stream|[of] p1a: Soda Beach
|move|p2a: Mimikyu|Drain Punch|p1a: Soda Beach
|-supereffective|p1a: Soda Beach
|-damage|p1a: Soda Beach|0 fnt
|-heal|p2a: Mimikyu|84/100|[from] drain|[of] p1a: Soda Beach
|faint|p1a: Soda Beach
|-damage|p2a: Mimikyu|74/100|[from] item: Life Orb
|
|-weather|Sandstorm|[upkeep]
|upkeep
|-message|White Boy Magic forfeited.
|
|win|Abracadaver
|raw|White Boy Magic's rating: 1404 &rarr; <strong>1387</strong><br />(-17 for losing)
|raw|Abracadaver's rating: 1457 &rarr; <strong>1474</strong><br />(+17 for winning)
|l|☆White Boy Magic
|player|p1|
|l|☆Abracadaver
|player|p2|
