|j|☆jxrx
|j|☆Shuckle Brother888
|t:|1760796145
|gametype|singles
|player|p1|jxrx|norman|1480
|player|p2|Shuckle Brother888|265|1533
|gen|9
|tier|[Gen 9] OU
|rated|
|rule|HP Percentage Mod: HP is shown in percentages
|rule|Endless Battle Clause: Forcing endless battles is banned
|rule|Species Clause: Limit one of each Pokémon
|rule|OHKO Clause: OHKO moves are banned
|rule|Evasion Items Clause: Evasion items are banned
|rule|Evasion Moves Clause: Evasion moves are banned
|rule|Evasion Abilities Clause: Evasion abilities are banned
|rule|Sleep Moves Clause: Sleep-inducing moves are banned
|clearpoke
|poke|p1|Great Tusk|
|poke|p1|Vileplume, M|
|poke|p1|Houndoom, F|
|poke|p1|Dragapult, M|
|poke|p1|Gyarados, M|
|poke|p1|Pachirisu, F|
|poke|p2|Darkrai|
|poke|p2|Garganacl, F|
|poke|p2|Iron Crown|
|poke|p2|Great Tusk|
|poke|p2|Dragonite, M|
|poke|p2|Iron Valiant|
|teampreview
|inactive|Battle timer is ON: inactive players will automatically lose when time's up. (requested by Shuckle Brother888)
|inactive|jxrx has 120 seconds left.
|
|t:|1760796192
|teamsize|p1|6
|teamsize|p2|6
|start
|switch|p1a: Great Tusk|Great Tusk|100/100
|switch|p2a: Darkrai|Darkrai|100/100
|turn|1
|inactive|jxrx has 120 seconds left.
|
|t:|1760796250
|-end|p1a: Great Tusk|Protosynthesis|[silent]
|switch|p1a: Pachirisu|Pachirisu, F|100/100
|move|p2a: Darkrai|Ice Beam|p1a: Pachirisu
|-damage|p1a: Pachirisu|76/100
|-status|p1a: Pachirisu|frz
|
|upkeep
|turn|2
|
|t:|1760796256
|switch|p2a: Great Tusk|Great Tusk|100/100
|-enditem|p2a: Great Tusk|Booster Energy
|-activate|p2a: Great Tusk|ability: Protosynthesis|[fromitem]
|-start|p2a: Great Tusk|protosynthesisspe
|cant|p1a: Pachirisu|frz
|
|upkeep
|turn|3
|
|t:|1760796261
|switch|p1a: Vileplume|Vileplume, M|100/100
|move|p2a: Great Tusk|Knock Off|p1a: Vileplume
|-damage|p1a: Vileplume|77/100
|-damage|p2a: Great Tusk|84/100|[from] item: Rocky Helmet|[of] p1a: Vileplume
|-enditem|p1a: Vileplume|Rocky Helmet|[from] move: Knock Off|[of] p2a: Great Tusk
|
|upkeep
|turn|4
|
|t:|1760796270
|-end|p2a: Great Tusk|Protosynthesis|[silent]
|switch|p2a: Iron Crown|Iron Crown|100/100
|move|p1a: Vileplume|Giga Drain|p2a: Iron Crown
|-resisted|p2a: Iron Crown
|-damage|p2a: Iron Crown|91/100
|-heal|p1a: Vileplume|82/100|[from] drain|[of] p2a: Iron Crown
|
|upkeep
|turn|5
|
|t:|1760796279
|switch|p1a: Pachirisu|Pachirisu, F|76/100 frz
|move|p2a: Iron Crown|Volt Switch|p1a: Pachirisu
|-heal|p1a: Pachirisu|100/100 frz|[from] ability: Volt Absorb|[of] p2a: Iron Crown
|
|upkeep
|turn|6
|
|t:|1760796297
|cant|p1a: Pachirisu|frz
|move|p2a: Iron Crown|Psychic Noise|p1a: Pachirisu
|-damage|p1a: Pachirisu|67/100 frz
|-start|p1a: Pachirisu|move: Heal Block
|
|upkeep
|turn|7
|
|t:|1760796303
|-curestatus|p1a: Pachirisu|frz|[msg]
|move|p1a: Pachirisu|Super Fang|p2a: Iron Crown
|-damage|p2a: Iron Crown|46/100
|move|p2a: Iron Crown|Future Sight|p1a: Pachirisu
|-start|p2a: Iron Crown|move: Future Sight
|
|-end|p1a: Pachirisu|move: Heal Block
|upkeep
|turn|8
|
|t:|1760796309
|move|p1a: Pachirisu|Nuzzle|p2a: Iron Crown
|-damage|p2a: Iron Crown|42/100
|-status|p2a: Iron Crown|par
|move|p2a: Iron Crown|Volt Switch|p1a: Pachirisu
|-heal|p1a: Pachirisu|92/100|[from] ability: Volt Absorb|[of] p2a: Iron Crown
|
|upkeep
|turn|9
|
|t:|1760796314
|-end|p2a: Iron Crown|Quark Drive|[silent]
|switch|p2a: Great Tusk|Great Tusk|84/100
|move|p1a: Pachirisu|Super Fang|p2a: Great Tusk
|-damage|p2a: Great Tusk|42/100
|
|-end|p1a: Pachirisu|move: Future Sight
|-damage|p1a: Pachirisu|42/100
|upkeep
|turn|10
|
|t:|1760796319
|move|p1a: Pachirisu|U-turn|p2a: Great Tusk
|-resisted|p2a: Great Tusk
|-damage|p2a: Great Tusk|39/100
|
|t:|1760796322
|switch|p1a: Vileplume|Vileplume, M|82/100|[from] U-turn
|move|p2a: Great Tusk|Headlong Rush|p1a: Vileplume
|-damage|p1a: Vileplume|43/100
|-unboost|p2a: Great Tusk|def|1
|-unboost|p2a: Great Tusk|spd|1
|-status|p2a: Great Tusk|slp|[from] ability: Effect Spore|[of] p1a: Vileplume
|
|upkeep
|turn|11
|
|t:|1760796327
|-end|p2a: Great Tusk|Protosynthesis|[silent]
|switch|p2a: Iron Crown|Iron Crown|42/100 par
|move|p1a: Vileplume|Strength Sap|p2a: Iron Crown
|-unboost|p2a: Iron Crown|atk|1
|-heal|p1a: Vileplume|86/100
|
|upkeep
|turn|12
|c|☆jxrx|eye for an eye
|
|t:|1760796333
|switch|p1a: Pachirisu|Pachirisu, F|42/100
|move|p2a: Iron Crown|Psychic Noise|p1a: Pachirisu
|-damage|p1a: Pachirisu|12/100
|-start|p1a: Pachirisu|move: Heal Block
|
|upkeep
|turn|13
|
|t:|1760796340
|move|p1a: Pachirisu|Endeavor|p2a: Iron Crown
|-damage|p2a: Iron Crown|12/100 par
|move|p2a: Iron Crown|Psychic Noise|p1a: Pachirisu
|-damage|p1a: Pachirisu|0 fnt
|faint|p1a: Pachirisu
|
|upkeep
|
|t:|1760796344
|switch|p1a: Houndoom|Houndoom, F|100/100
|turn|14
|
|t:|1760796350
|move|p1a: Houndoom|Flamethrower|p2a: Iron Crown
|-supereffective|p2a: Iron Crown
|-damage|p2a: Iron Crown|0 fnt
|faint|p2a: Iron Crown
|-end|p2a: Iron Crown|Quark Drive|[silent]
|
|upkeep
|
|t:|1760796357
|switch|p2a: Dragonite|Dragonite, M|100/100
|turn|15
|inactive|jxrx has 120 seconds left.
|
|t:|1760796417
|switch|p1a: Vileplume|Vileplume, M|86/100
|move|p2a: Dragonite|Dragon Dance|p2a: Dragonite
|-boost|p2a: Dragonite|atk|1
|-boost|p2a: Dragonite|spe|1
|
|upkeep
|turn|16
|
|t:|1760796425
|-terastallize|p2a: Dragonite|Flying
|move|p2a: Dragonite|Tera Blast|p1a: Vileplume|[anim] Tera Blast Flying
|-supereffective|p1a: Vileplume
|-damage|p1a: Vileplume|0 fnt
|faint|p1a: Vileplume
|
|upkeep
|inactive|jxrx has 90 seconds left.
|inactive|jxrx has 60 seconds left.
|
|t:|1760796487
|switch|p1a: Houndoom|Houndoom, F|100/100
|turn|17
|
|t:|1760796492
|move|p2a: Dragonite|Earthquake|p1a: Houndoom
|-supereffective|p1a: Houndoom
|-enditem|p1a: Houndoom|Focus Sash
|-damage|p1a: Houndoom|1/100
|move|p1a: Houndoom|Endeavor|p2a: Dragonite
|-damage|p2a: Dragonite|1/100
|
|upkeep
|turn|18
|
|t:|1760796498
|switch|p1a: Great Tusk|Great Tusk|100/100
|move|p2a: Dragonite|Extreme Speed|p1a: Great Tusk
|-damage|p1a: Great Tusk|78/100
|
|upkeep
|turn|19
|
|t:|1760796503
|move|p2a: Dragonite|Tera Blast|p1a: Great Tusk|[anim] Tera Blast Flying
|-supereffective|p1a: Great Tusk
|-damage|p1a: Great Tusk|0 fnt
|faint|p1a: Great Tusk
|-end|p1a: Great Tusk|Protosynthesis|[silent]
|
|upkeep
|
|t:|1760796505
|switch|p1a: Dragapult|Dragapult, M|100/100
|turn|20
|
|t:|1760796512
|switch|p2a: Great Tusk|Great Tusk|39/100 slp
|move|p1a: Dragapult|Dragon Darts|p2a: Great Tusk
|-damage|p2a: Great Tusk|23/100 slp
|-anim|p1a: Dragapult|Dragon Darts|p2a: Great Tusk
|-damage|p2a: Great Tusk|7/100 slp
|
|upkeep
|turn|21
|inactive|jxrx has 90 seconds left.
|
|t:|1760796532
|move|p1a: Dragapult|Dragon Dance|p1a: Dragapult
|-boost|p1a: Dragapult|atk|1
|-boost|p1a: Dragapult|spe|1
|cant|p2a: Great Tusk|slp
|
|upkeep
|turn|22
|
|t:|1760796538
|-end|p2a: Great Tusk|Protosynthesis|[silent]
|switch|p2a: Garganacl|Garganacl, F|100/100
|move|p1a: Dragapult|Substitute|p1a: Dragapult
|-start|p1a: Dragapult|Substitute
|-damage|p1a: Dragapult|76/100
|
|-heal|p1a: Dragapult|82/100|[from] item: Leftovers
|upkeep
|turn|23
|
|t:|1760796540
|move|p1a: Dragapult|Dragon Darts|p2a: Garganacl
|-crit|p2a: Garganacl
|-damage|p2a: Garganacl|64/100
|-anim|p1a: Dragapult|Dragon Darts|p2a: Garganacl
|-damage|p2a: Garganacl|38/100
|move|p2a: Garganacl|Iron Defense|p2a: Garganacl
|-boost|p2a: Garganacl|def|2
|
|-heal|p1a: Dragapult|88/100|[from] item: Leftovers
|-heal|p2a: Garganacl|44/100|[from] item: Leftovers
|upkeep
|turn|24
|
|t:|1760796547
|switch|p1a: Houndoom|Houndoom, F|1/100
|move|p2a: Garganacl|Recover|p2a: Garganacl
|-heal|p2a: Garganacl|94/100
|
|-heal|p2a: Garganacl|99/100|[from] item: Leftovers
|upkeep
|turn|25
|
|t:|1760796550
|move|p1a: Houndoom|Endeavor|p2a: Garganacl
|-damage|p2a: Garganacl|1/100
|move|p2a: Garganacl|Salt Cure|p1a: Houndoom
|-supereffective|p1a: Houndoom
|-damage|p1a: Houndoom|0 fnt
|faint|p1a: Houndoom
|
|-heal|p2a: Garganacl|7/100|[from] item: Leftovers
|upkeep
|
|t:|1760796553
|switch|p1a: Dragapult|Dragapult, M|88/100
|turn|26
|
|t:|1760796557
|move|p1a: Dragapult|Dragon Darts|p2a: Garganacl
|-damage|p2a: Garganacl|0 fnt
|faint|p2a: Garganacl
|
|-heal|p1a: Dragapult|94/100|[from] item: Leftovers
|upkeep
|
|t:|1760796560
|switch|p2a: Iron Valiant|Iron Valiant|100/100
|-enditem|p2a: Iron Valiant|Booster Energy
|-activate|p2a: Iron Valiant|ability: Quark Drive|[fromitem]
|-start|p2a: Iron Valiant|quarkdrivespe
|turn|27
|
|t:|1760796572
|move|p2a: Iron Valiant|Moonblast|p1a: Dragapult
|-supereffective|p1a: Dragapult
|-crit|p1a: Dragapult
|-damage|p1a: Dragapult|0 fnt
|faint|p1a: Dragapult
|
|upkeep
|
|t:|1760796574
|switch|p1a: Gyarados|Gyarados, M|100/100
|turn|28
|
|t:|1760796576
|move|p2a: Iron Valiant|Thunderbolt|p1a: Gyarados
|-supereffective|p1a: Gyarados
|-damage|p1a: Gyarados|0 fnt
|faint|p1a: Gyarados
|
|win|Shuckle Brother888
|raw|jxrx's rating: 1480 &rarr; <strong>1463</strong><br />(-17 for losing)
|raw|Shuckle Brother888's rating: 1533 &rarr; <strong>1550</strong><br />(+17 for winning)
|l|☆jxrx
|player|p1|
|c|☆Shuckle Brother888|gg
|l|☆Shuckle Brother888
|player|p2|
