|j|☆Bobbymcgill
|j|☆Number?Wynx
|t:|1760810711
|gametype|singles
|player|p1|Bobbymcgill|yellow|1395
|player|p2|Number?Wynx|waiter|1381
|gen|9
|tier|[Gen 9] OU
|rated|
|rule|HP Percentage Mod: HP is shown in percentages
|rule|Endless Battle Clause: Forcing endless battles is banned
|rule|Species Clause: Limit one of each Pokémon
|rule|OHKO Clause: OHKO moves are banned
|rule|Evasion Items Clause: Evasion items are banned
|rule|Evasion Moves Clause: Evasion moves are banned
|rule|Evasion Abilities Clause: Evasion abilities are banned
|rule|Sleep Moves Clause: Sleep-inducing moves are banned
|clearpoke
|poke|p1|Pelipper, F|
|poke|p1|Rillaboom, M|
|poke|p1|Barraskewda, M|
|poke|p1|Basculegion, M|
|poke|p1|Iron Treads|
|poke|p1|Thundurus-Therian, M|
|poke|p2|Cinderace, F|
|poke|p2|Dragapult, M|
|poke|p2|Landorus-Therian, M|
|poke|p2|Kingambit, M|
|poke|p2|Ogerpon-Wellspring, F|
|poke|p2|Iron Moth|
|teampreview
|inactive|Battle timer is ON: inactive players will automatically lose when time's up. (requested by Number?Wynx)
|inactive|Number?Wynx has 120 seconds left.
|
|t:|1760810749
|teamsize|p1|6
|teamsize|p2|6
|start
|switch|p1a: Tempestwing|Pelipper, F|100/100
|switch|p2a: Dragapult|Dragapult, M|100/100
|-weather|RainDance|[from] ability: Drizzle|[of] p1a: Tempestwing
|turn|1
|
|t:|1760810767
|move|p2a: Dragapult|U-turn|p1a: Tempestwing
|-resisted|p1a: Tempestwing
|-damage|p1a: Tempestwing|92/100
|
|t:|1760810776
|switch|p2a: Cinderace|Cinderace, F|100/100|[from] U-turn
|move|p1a: Tempestwing|U-turn|p2a: Cinderace
|-resisted|p2a: Cinderace
|-damage|p2a: Cinderace|95/100
|
|t:|1760810798
|switch|p1a: Abyssveil|Basculegion, M|100/100|[from] U-turn
|
|-weather|RainDance|[upkeep]
|upkeep
|turn|2
|
|t:|1760810810
|switch|p2a: Kingambit|Kingambit, M|100/100
|move|p1a: Abyssveil|Shadow Ball|p2a: Kingambit
|-resisted|p2a: Kingambit
|-damage|p2a: Kingambit|75/100
|-unboost|p2a: Kingambit|spd|1
|
|-weather|RainDance|[upkeep]
|-heal|p2a: Kingambit|82/100|[from] item: Leftovers
|upkeep
|turn|3
|inactive|Bobbymcgill has 120 seconds left.
|inactive|Bobbymcgill has 90 seconds left.
|
|t:|1760810869
|switch|p1a: Tempestwing|Pelipper, F|92/100
|move|p2a: Kingambit|Kowtow Cleave|p1a: Tempestwing
|-damage|p1a: Tempestwing|43/100
|
|-weather|RainDance|[upkeep]
|-heal|p2a: Kingambit|88/100|[from] item: Leftovers
|upkeep
|turn|4
|inactive|Bobbymcgill has 90 seconds left.
|
|t:|1760810887
|move|p1a: Tempestwing|Weather Ball|p2a: Kingambit
|-damage|p2a: Kingambit|15/100
|move|p2a: Kingambit|Kowtow Cleave|p1a: Tempestwing
|-damage|p1a: Tempestwing|0 fnt
|faint|p1a: Tempestwing
|
|-weather|RainDance|[upkeep]
|-heal|p2a: Kingambit|21/100|[from] item: Leftovers
|upkeep
|inactive|Bobbymcgill has 60 seconds left.
|
|t:|1760810923
|switch|p1a: Tidepiercer|Barraskewda, M|100/100
|turn|5
|inactive|Bobbymcgill has 60 seconds left.
|
|t:|1760810928
|-end|p2a: Kingambit|fallenundefined|[silent]
|switch|p2a: Landorus|Landorus-Therian, M|100/100
|-ability|p2a: Landorus|Intimidate|boost
|-unboost|p1a: Tidepiercer|atk|1
|move|p1a: Tidepiercer|Close Combat|p2a: Landorus
|-resisted|p2a: Landorus
|-damage|p2a: Landorus|85/100
|-unboost|p1a: Tidepiercer|def|1
|-unboost|p1a: Tidepiercer|spd|1
|-damage|p1a: Tidepiercer|84/100|[from] item: Rocky Helmet|[of] p2a: Landorus
|
|-weather|RainDance|[upkeep]
|upkeep
|turn|6
|
|t:|1760810937
|move|p1a: Tidepiercer|Flip Turn|p2a: Landorus
|-supereffective|p2a: Landorus
|-damage|p2a: Landorus|9/100
|-damage|p1a: Tidepiercer|68/100|[from] item: Rocky Helmet|[of] p2a: Landorus
|inactive|Bobbymcgill has 60 seconds left.
|
|t:|1760810950
|switch|p1a: Stormwrath|Thundurus-Therian, M|100/100|[from] Flip Turn
|move|p2a: Landorus|Stealth Rock|p1a: Stormwrath
|-sidestart|p1: Bobbymcgill|move: Stealth Rock
|
|-weather|RainDance|[upkeep]
|upkeep
|turn|7
|inactive|Number?Wynx has 120 seconds left.
|
|t:|1760810991
|move|p1a: Stormwrath|Grass Knot|p2a: Landorus
|-damage|p2a: Landorus|0 fnt
|-damage|p1a: Stormwrath|84/100|[from] item: Rocky Helmet|[of] p2a: Landorus
|faint|p2a: Landorus
|-damage|p1a: Stormwrath|74/100|[from] item: Life Orb
|
|-weather|RainDance|[upkeep]
|upkeep
|
|t:|1760811002
|switch|p2a: Ogerpon|Ogerpon-Wellspring, F|100/100
|turn|8
|
|t:|1760811008
|switch|p1a: Thornbreaker|Rillaboom, M|100/100
|-fieldstart|move: Grassy Terrain|[from] ability: Grassy Surge|[of] p1a: Thornbreaker
|move|p2a: Ogerpon|Ivy Cudgel|p1a: Thornbreaker|[anim] Ivy Cudgel Water
|-resisted|p1a: Thornbreaker
|-damage|p1a: Thornbreaker|50/100
|
|-weather|none
|-heal|p1a: Thornbreaker|57/100|[from] Grassy Terrain
|upkeep
|turn|9
|inactive|Number?Wynx has 120 seconds left.
|
|t:|1760811017
|switch|p2a: Cinderace|Cinderace, F|95/100
|move|p1a: Thornbreaker|U-turn|p2a: Cinderace
|-resisted|p2a: Cinderace
|-damage|p2a: Cinderace|78/100
|
|t:|1760811020
|switch|p1a: Tidepiercer|Barraskewda, M|68/100|[from] U-turn
|-damage|p1a: Tidepiercer|56/100|[from] Stealth Rock
|
|-heal|p1a: Tidepiercer|62/100|[from] Grassy Terrain
|-heal|p2a: Cinderace|84/100|[from] Grassy Terrain
|upkeep
|turn|10
|
|t:|1760811030
|move|p1a: Tidepiercer|Flip Turn|p2a: Cinderace
|-supereffective|p2a: Cinderace
|-damage|p2a: Cinderace|0 fnt
|faint|p2a: Cinderace
|
|t:|1760811037
|switch|p1a: Gleamforge|Iron Treads|100/100|[from] Flip Turn
|-damage|p1a: Gleamforge|97/100|[from] Stealth Rock
|-enditem|p1a: Gleamforge|Booster Energy
|-activate|p1a: Gleamforge|ability: Quark Drive|[fromitem]
|-start|p1a: Gleamforge|quarkdrivespe
|
|-heal|p1a: Gleamforge|100/100|[from] Grassy Terrain
|upkeep
|
|t:|1760811049
|switch|p2a: Ogerpon|Ogerpon-Wellspring, F|100/100
|turn|11
|
|t:|1760811063
|-terastallize|p1a: Gleamforge|Water
|move|p1a: Gleamforge|Rapid Spin|p2a: Ogerpon
|-damage|p2a: Ogerpon|82/100
|-boost|p1a: Gleamforge|spe|1
|-sideend|p1: Bobbymcgill|Stealth Rock|[from] move: Rapid Spin|[of] p1a: Gleamforge
|move|p2a: Ogerpon|Power Whip|p1a: Gleamforge
|-supereffective|p1a: Gleamforge
|-damage|p1a: Gleamforge|0 fnt
|faint|p1a: Gleamforge
|-end|p1a: Gleamforge|Quark Drive|[silent]
|
|-heal|p2a: Ogerpon|88/100|[from] Grassy Terrain
|upkeep
|inactive|Bobbymcgill has 90 seconds left.
|
|t:|1760811083
|switch|p1a: Thornbreaker|Rillaboom, M|57/100
|turn|12
|
|t:|1760811102
|move|p2a: Ogerpon|Power Whip|p1a: Thornbreaker
|-resisted|p1a: Thornbreaker
|-damage|p1a: Thornbreaker|9/100
|move|p1a: Thornbreaker|U-turn|p2a: Ogerpon
|-supereffective|p2a: Ogerpon
|-damage|p2a: Ogerpon|24/100
|
|t:|1760811109
|switch|p1a: Tidepiercer|Barraskewda, M|62/100|[from] U-turn
|
|-heal|p1a: Tidepiercer|68/100|[from] Grassy Terrain
|-heal|p2a: Ogerpon|30/100|[from] Grassy Terrain
|-fieldend|move: Grassy Terrain
|upkeep
|turn|13
|inactive|Number?Wynx has 120 seconds left.
|
|t:|1760811157
|switch|p2a: Dragapult|Dragapult, M|100/100
|move|p1a: Tidepiercer|Psychic Fangs|p2a: Dragapult
|-damage|p2a: Dragapult|58/100
|
|upkeep
|turn|14
|inactive|Bobbymcgill has 90 seconds left.
|inactive|Number?Wynx has 90 seconds left.
|
|t:|1760811190
|switch|p1a: Abyssveil|Basculegion, M|100/100
|move|p2a: Dragapult|Thunder Wave|p1a: Abyssveil
|-status|p1a: Abyssveil|par
|
|upkeep
|turn|15
|
|t:|1760811198
|move|p2a: Dragapult|Hex|p1a: Abyssveil
|-supereffective|p1a: Abyssveil
|-damage|p1a: Abyssveil|0 fnt
|faint|p1a: Abyssveil
|
|upkeep
|
|t:|1760811203
|switch|p1a: Stormwrath|Thundurus-Therian, M|74/100
|turn|16
|
|t:|1760811215
|move|p2a: Dragapult|Hex|p1a: Stormwrath
|-damage|p1a: Stormwrath|36/100
|move|p1a: Stormwrath|Thunder|p2a: Dragapult
|-resisted|p2a: Dragapult
|-damage|p2a: Dragapult|0 fnt
|faint|p2a: Dragapult
|-damage|p1a: Stormwrath|26/100|[from] item: Life Orb
|
|upkeep
|
|t:|1760811223
|switch|p2a: Iron Moth|Iron Moth|100/100
|-enditem|p2a: Iron Moth|Booster Energy
|-activate|p2a: Iron Moth|ability: Quark Drive|[fromitem]
|-start|p2a: Iron Moth|quarkdrivespe
|turn|17
|
|t:|1760811231
|move|p2a: Iron Moth|Fiery Dance|p1a: Stormwrath
|-damage|p1a: Stormwrath|0 fnt
|-boost|p2a: Iron Moth|spa|1
|faint|p1a: Stormwrath
|
|upkeep
|
|t:|1760811232
|switch|p1a: Tidepiercer|Barraskewda, M|68/100
|turn|18
|
|t:|1760811237
|-terastallize|p2a: Iron Moth|Grass
|move|p2a: Iron Moth|Energy Ball|p1a: Tidepiercer
|-supereffective|p1a: Tidepiercer
|-damage|p1a: Tidepiercer|0 fnt
|faint|p1a: Tidepiercer
|
|upkeep
|
|t:|1760811240
|switch|p1a: Thornbreaker|Rillaboom, M|9/100
|-fieldstart|move: Grassy Terrain|[from] ability: Grassy Surge|[of] p1a: Thornbreaker
|turn|19
|
|t:|1760811243
|move|p1a: Thornbreaker|Grassy Glide|p2a: Iron Moth
|-resisted|p2a: Iron Moth
|-damage|p2a: Iron Moth|72/100
|move|p2a: Iron Moth|Fiery Dance|p1a: Thornbreaker
|-supereffective|p1a: Thornbreaker
|-damage|p1a: Thornbreaker|0 fnt
|faint|p1a: Thornbreaker
|
|win|Number?Wynx
|raw|Bobbymcgill's rating: 1395 &rarr; <strong>1374</strong><br />(-21 for losing)
|raw|Number?Wynx's rating: 1381 &rarr; <strong>1402</strong><br />(+21 for winning)
|l|☆Bobbymcgill
|player|p1|
|c|☆Number?Wynx|Gg
|l|☆Number?Wynx
|player|p2|
