|j|☆olaf-18
|j|☆lowladdermenace_69
|t:|1760840221
|gametype|singles
|player|p1|olaf-18|102|1585
|player|p2|lowladdermenace_69|swimmerf-gen8|1637
|gen|9
|tier|[Gen 9] OU
|rated|
|rule|HP Percentage Mod: HP is shown in percentages
|rule|Endless Battle Clause: Forcing endless battles is banned
|rule|Species Clause: Limit one of each Pokémon
|rule|OHKO Clause: OHKO moves are banned
|rule|Evasion Items Clause: Evasion items are banned
|rule|Evasion Moves Clause: Evasion moves are banned
|rule|Evasion Abilities Clause: Evasion abilities are banned
|rule|Sleep Moves Clause: Sleep-inducing moves are banned
|clearpoke
|poke|p1|Slowking-Galar, F|
|poke|p1|Armarouge, F|
|poke|p1|Gholdengo|
|poke|p1|Ursaluna, M|
|poke|p1|Regidrago|
|poke|p1|Whimsicott, M|
|poke|p2|Zamazenta-*|
|poke|p2|Ninetales-Alola, F|
|poke|p2|Darkrai|
|poke|p2|Ceruledge, F|
|poke|p2|Gliscor, M|
|poke|p2|Hatterene, F|
|teampreview
|inactive|Battle timer is ON: inactive players will automatically lose when time's up. (requested by lowladdermenace_69)
|j| arrito
|
|t:|1760840228
|teamsize|p1|6
|teamsize|p2|6
|start
|switch|p1a: Armarouge|Armarouge, F|100/100
|switch|p2a: Ninetales|Ninetales-Alola, F|100/100
|-weather|Snowscape|[from] ability: Snow Warning|[of] p2a: Ninetales
|turn|1
|
|t:|1760840230
|move|p2a: Ninetales|Aurora Veil|p2a: Ninetales
|-sidestart|p2: lowladdermenace_69|move: Aurora Veil
|move|p1a: Armarouge|Armor Cannon|p2a: Ninetales
|-supereffective|p2a: Ninetales
|-damage|p2a: Ninetales|33/100
|-unboost|p1a: Armarouge|def|1
|-unboost|p1a: Armarouge|spd|1
|
|-weather|Snowscape|[upkeep]
|upkeep
|turn|2
|
|t:|1760840236
|switch|p2a: Ceruledge|Ceruledge, F|100/100
|move|p1a: Armarouge|Armor Cannon|p2a: Ceruledge
|-start|p2a: Ceruledge|ability: Flash Fire
|
|-weather|Snowscape|[upkeep]
|upkeep
|turn|3
|
|t:|1760840242
|switch|p1a: Whimsicott|Whimsicott, M|100/100
|move|p2a: Ceruledge|Bulk Up|p2a: Ceruledge
|-boost|p2a: Ceruledge|atk|1
|-boost|p2a: Ceruledge|def|1
|
|-weather|Snowscape|[upkeep]
|upkeep
|turn|4
|
|t:|1760840247
|move|p1a: Whimsicott|Encore|p2a: Ceruledge
|-start|p2a: Ceruledge|Encore
|move|p2a: Ceruledge|Bulk Up|p2a: Ceruledge
|-boost|p2a: Ceruledge|atk|1
|-boost|p2a: Ceruledge|def|1
|
|-weather|Snowscape|[upkeep]
|upkeep
|turn|5
|
|t:|1760840253
|switch|p1a: Ursaluna|Ursaluna, M|100/100
|move|p2a: Ceruledge|Bulk Up|p2a: Ceruledge
|-boost|p2a: Ceruledge|atk|1
|-boost|p2a: Ceruledge|def|1
|
|-weather|none
|-status|p1a: Ursaluna|brn|[from] item: Flame Orb
|upkeep
|turn|6
|
|t:|1760840257
|-terastallize|p2a: Ceruledge|Bug
|move|p2a: Ceruledge|Bulk Up|p2a: Ceruledge
|-boost|p2a: Ceruledge|atk|1
|-boost|p2a: Ceruledge|def|1
|move|p1a: Ursaluna|Earthquake|p2a: Ceruledge
|-resisted|p2a: Ceruledge
|-damage|p2a: Ceruledge|92/100
|
|-damage|p1a: Ursaluna|94/100 brn|[from] brn
|-end|p2a: Ceruledge|Encore
|upkeep
|turn|7
|
|t:|1760840265
|switch|p1a: Armarouge|Armarouge, F|100/100
|move|p2a: Ceruledge|Bitter Blade|p1a: Armarouge
|-resisted|p1a: Armarouge
|-damage|p1a: Armarouge|21/100
|-heal|p2a: Ceruledge|100/100|[from] drain|[of] p1a: Armarouge
|-ability|p1a: Armarouge|Weak Armor|boost
|-unboost|p1a: Armarouge|def|1
|-boost|p1a: Armarouge|spe|2
|
|upkeep
|turn|8
|
|t:|1760840271
|move|p2a: Ceruledge|Shadow Sneak|p1a: Armarouge
|-supereffective|p1a: Armarouge
|-damage|p1a: Armarouge|0 fnt
|faint|p1a: Armarouge
|
|-sideend|p2: lowladdermenace_69|move: Aurora Veil
|upkeep
|
|t:|1760840275
|switch|p1a: Whimsicott|Whimsicott, M|100/100
|turn|9
|
|t:|1760840280
|move|p1a: Whimsicott|Tailwind|p1a: Whimsicott
|-sidestart|p1: olaf-18|move: Tailwind
|move|p2a: Ceruledge|Bitter Blade|p1a: Whimsicott
|-supereffective|p1a: Whimsicott
|-damage|p1a: Whimsicott|0 fnt
|faint|p1a: Whimsicott
|
|upkeep
|
|t:|1760840282
|switch|p1a: Regidrago|Regidrago|100/100
|turn|10
|
|t:|1760840297
|move|p2a: Ceruledge|Shadow Sneak|p1a: Regidrago
|-damage|p1a: Regidrago|45/100
|move|p1a: Regidrago|Dragon Energy|p2a: Ceruledge
|-damage|p2a: Ceruledge|44/100
|
|upkeep
|turn|11
|
|t:|1760840301
|move|p2a: Ceruledge|Shadow Sneak|p1a: Regidrago
|-crit|p1a: Regidrago
|-damage|p1a: Regidrago|0 fnt
|faint|p1a: Regidrago
|
|upkeep
|
|t:|1760840304
|switch|p1a: Ursaluna|Ursaluna, M|94/100 brn
|turn|12
|
|t:|1760840306
|move|p1a: Ursaluna|Facade|p2a: Ceruledge
|-damage|p2a: Ceruledge|0 fnt
|faint|p2a: Ceruledge
|
|-damage|p1a: Ursaluna|88/100 brn|[from] brn
|-sideend|p1: olaf-18|move: Tailwind
|upkeep
|
|t:|1760840311
|switch|p2a: Ninetales|Ninetales-Alola, F|33/100
|-weather|Snowscape|[from] ability: Snow Warning|[of] p2a: Ninetales
|turn|13
|
|t:|1760840313
|switch|p1a: Slowking|Slowking-Galar, F|100/100
|move|p2a: Ninetales|Aurora Veil|p2a: Ninetales
|-sidestart|p2: lowladdermenace_69|move: Aurora Veil
|
|-weather|Snowscape|[upkeep]
|upkeep
|turn|14
|
|t:|1760840319
|switch|p2a: Darkrai|Darkrai|100/100
|move|p1a: Slowking|Trick Room|p1a: Slowking
|-fieldstart|move: Trick Room|[of] p1a: Slowking
|
|-weather|Snowscape|[upkeep]
|upkeep
|turn|15
|
|t:|1760840323
|switch|p1a: Ursaluna|Ursaluna, M|88/100 brn
|move|p2a: Darkrai|Nasty Plot|p2a: Darkrai
|-boost|p2a: Darkrai|spa|2
|
|-weather|Snowscape|[upkeep]
|-damage|p1a: Ursaluna|82/100 brn|[from] brn
|upkeep
|turn|16
|
|t:|1760840326
|move|p1a: Ursaluna|Facade|p2a: Darkrai
|-damage|p2a: Darkrai|19/100
|move|p2a: Darkrai|Dark Pulse|p1a: Ursaluna
|-damage|p1a: Ursaluna|11/100 brn
|
|-weather|Snowscape|[upkeep]
|-heal|p2a: Darkrai|25/100|[from] item: Leftovers
|-damage|p1a: Ursaluna|5/100 brn|[from] brn
|upkeep
|turn|17
|
|t:|1760840334
|move|p1a: Ursaluna|Facade|p2a: Darkrai
|-damage|p2a: Darkrai|0 fnt
|faint|p2a: Darkrai
|
|-weather|none
|-damage|p1a: Ursaluna|0 fnt|[from] brn
|faint|p1a: Ursaluna
|upkeep
|
|t:|1760840341
|switch|p1a: Gholdengo|Gholdengo|100/100
|switch|p2a: Hatterene|Hatterene, F|100/100
|-item|p1a: Gholdengo|Air Balloon
|turn|18
|
|t:|1760840346
|move|p2a: Hatterene|Mystical Fire|p1a: Gholdengo
|-supereffective|p1a: Gholdengo
|-damage|p1a: Gholdengo|43/100
|-unboost|p1a: Gholdengo|spa|1
|-enditem|p1a: Gholdengo|Air Balloon
|move|p1a: Gholdengo|Nasty Plot|p1a: Gholdengo
|-boost|p1a: Gholdengo|spa|2
|
|-fieldend|move: Trick Room
|upkeep
|turn|19
|
|t:|1760840351
|move|p1a: Gholdengo|Make It Rain|p2a: Hatterene
|-supereffective|p2a: Hatterene
|-damage|p2a: Hatterene|1/100
|-unboost|p1a: Gholdengo|spa|1
|move|p2a: Hatterene|Mystical Fire|p1a: Gholdengo
|-supereffective|p1a: Gholdengo
|-damage|p1a: Gholdengo|0 fnt
|faint|p1a: Gholdengo
|
|-heal|p2a: Hatterene|7/100|[from] item: Leftovers
|upkeep
|
|t:|1760840355
|switch|p1a: Slowking|Slowking-Galar, F|100/100
|turn|20
|
|t:|1760840359
|move|p2a: Hatterene|Mystical Fire|p1a: Slowking
|-damage|p1a: Slowking|83/100
|-unboost|p1a: Slowking|spa|1
|move|p1a: Slowking|Sludge Bomb|p2a: Hatterene
|-supereffective|p2a: Hatterene
|-damage|p2a: Hatterene|0 fnt
|faint|p2a: Hatterene
|
|-sideend|p2: lowladdermenace_69|move: Aurora Veil
|upkeep
|
|t:|1760840373
|switch|p2a: Ninetales|Ninetales-Alola, F|33/100
|-weather|Snowscape|[from] ability: Snow Warning|[of] p2a: Ninetales
|turn|21
|
|t:|1760840376
|move|p2a: Ninetales|Aurora Veil|p2a: Ninetales
|-sidestart|p2: lowladdermenace_69|move: Aurora Veil
|move|p1a: Slowking|Sludge Bomb|p2a: Ninetales
|-supereffective|p2a: Ninetales
|-damage|p2a: Ninetales|4/100
|
|-weather|Snowscape|[upkeep]
|upkeep
|turn|22
|
|t:|1760840379
|move|p2a: Ninetales|Encore|p1a: Slowking
|-start|p1a: Slowking|Encore
|move|p1a: Slowking|Sludge Bomb|p2a: Ninetales
|-supereffective|p2a: Ninetales
|-damage|p2a: Ninetales|0 fnt
|faint|p2a: Ninetales
|
|-weather|Snowscape|[upkeep]
|upkeep
|
|t:|1760840381
|switch|p2a: Gliscor|Gliscor, M|100/100
|turn|23
|
|t:|1760840383
|-terastallize|p1a: Slowking|Flying
|move|p2a: Gliscor|Earthquake|p1a: Slowking
|-immune|p1a: Slowking
|move|p1a: Slowking|Sludge Bomb|p2a: Gliscor
|-resisted|p2a: Gliscor
|-damage|p2a: Gliscor|92/100
|
|-weather|Snowscape|[upkeep]
|-status|p2a: Gliscor|tox|[from] item: Toxic Orb
|upkeep
|turn|24
|
|t:|1760840388
|move|p2a: Gliscor|Swords Dance|p2a: Gliscor
|-boost|p2a: Gliscor|atk|2
|move|p1a: Slowking|Sludge Bomb|p2a: Gliscor
|-resisted|p2a: Gliscor
|-damage|p2a: Gliscor|83/100 tox
|
|-weather|Snowscape|[upkeep]
|-heal|p2a: Gliscor|96/100 tox|[from] ability: Poison Heal
|-end|p1a: Slowking|Encore
|upkeep
|turn|25
|
|t:|1760840390
|move|p2a: Gliscor|Facade|p1a: Slowking
|-damage|p1a: Slowking|20/100
|move|p1a: Slowking|Trick Room|p1a: Slowking
|-fieldstart|move: Trick Room|[of] p1a: Slowking
|
|-weather|none
|-heal|p2a: Gliscor|100/100 tox|[from] ability: Poison Heal
|upkeep
|turn|26
|
|t:|1760840394
|move|p1a: Slowking|Ice Beam|p2a: Gliscor
|-supereffective|p2a: Gliscor
|-damage|p2a: Gliscor|59/100 tox
|move|p2a: Gliscor|Facade|p1a: Slowking
|-damage|p1a: Slowking|0 fnt
|faint|p1a: Slowking
|
|win|lowladdermenace_69
|raw|olaf-18's rating: 1585 &rarr; <strong>1568</strong><br />(-17 for losing)
|raw|lowladdermenace_69's rating: 1637 &rarr; <strong>1654</strong><br />(+17 for winning)
|l|☆lowladdermenace_69
|player|p2|
|l|☆olaf-18
|player|p1|
