|badge|p1|bronze|gen9ou|100-7
|uhtml|medal-msg|<div class="broadcast-blue">Curious what those medals under the avatar are? PS now has Ladder Seasons! For more information, check out the <a href="https://www.smogon.com/forums/threads/3740067/">thread on Smogon.</a></div>
|badge|p2|bronze|gen9ou|100-7
|uhtml|medal-msg|<div class="broadcast-blue">Curious what those medals under the avatar are? PS now has Ladder Seasons! For more information, check out the <a href="https://www.smogon.com/forums/threads/3740067/">thread on Smogon.</a></div>
|j|☆elpets
|j|☆Sanesa8724
|t:|1760869881
|gametype|singles
|player|p1|elpets|infielder|1868
|player|p2|Sanesa8724|265|1860
|gen|9
|tier|[Gen 9] OU
|rated|
|rule|HP Percentage Mod: HP is shown in percentages
|rule|Endless Battle Clause: Forcing endless battles is banned
|rule|Species Clause: Limit one of each Pokémon
|rule|OHKO Clause: OHKO moves are banned
|rule|Evasion Items Clause: Evasion items are banned
|rule|Evasion Moves Clause: Evasion moves are banned
|rule|Evasion Abilities Clause: Evasion abilities are banned
|rule|Sleep Moves Clause: Sleep-inducing moves are banned
|clearpoke
|poke|p1|Hatterene, F|
|poke|p1|Dragonite, F|
|poke|p1|Breloom, M|
|poke|p1|Azumarill, F|
|poke|p1|Great Tusk|
|poke|p1|Skeledirge, M|
|poke|p2|Rillaboom, F|
|poke|p2|Zamazenta-*|
|poke|p2|Ogerpon, F|
|poke|p2|Moltres|
|poke|p2|Iron Treads|
|poke|p2|Gholdengo|
|teampreview
|c|☆Sanesa8724|Glhf
|inactive|Battle timer is ON: inactive players will automatically lose when time's up. (requested by elpets)
|c|☆Sanesa8724|damn, still using this team?
|c|☆Sanesa8724|what's the motivation?
|c|☆elpets|#1
|
|t:|1760869947
|teamsize|p1|6
|teamsize|p2|6
|start
|switch|p1a: Ippo|Breloom, M|100/100
|switch|p2a: Rillaboom|Rillaboom, F|100/100
|-fieldstart|move: Grassy Terrain|[from] ability: Grassy Surge|[of] p2a: Rillaboom
|turn|1
|
|t:|1760869951
|move|p1a: Ippo|Bullet Seed|p2a: Rillaboom
|-resisted|p2a: Rillaboom
|-damage|p2a: Rillaboom|87/100
|-resisted|p2a: Rillaboom
|-damage|p2a: Rillaboom|73/100
|-resisted|p2a: Rillaboom
|-damage|p2a: Rillaboom|59/100
|-hitcount|p2a: Rillaboom|3
|move|p2a: Rillaboom|U-turn|p1a: Ippo
|-damage|p1a: Ippo|58/100
|c|☆Sanesa8724|DAYMN
|c|☆Sanesa8724|Ok
|c|☆Sanesa8724|what's your peak so far?
|j| wgw2333
|inactive|Sanesa8724 has 120 seconds left.
|c|☆elpets|I think 3 or 2 can't remember
|c|☆elpets|that was a while ago
|c|☆Sanesa8724|Holy
|c|☆Sanesa8724|nice
|inactive|Sanesa8724 has 90 seconds left.
|c|☆Sanesa8724|I remember farming you with orthworm
|
|t:|1760870034
|switch|p2a: Gholdengo|Gholdengo|100/100|[from] U-turn
|-enditem|p2a: Gholdengo|Grassy Seed
|-boost|p2a: Gholdengo|def|1|[from] item: Grassy Seed
|
|-heal|p1a: Ippo|64/100|[from] Grassy Terrain
|upkeep
|turn|2
|c|☆elpets|ohhh yeah hahahaha
|c|☆Sanesa8724|I beat you an uncountable amount of times
|c|☆elpets|I remember that team
|
|t:|1760870059
|switch|p1a: Azumarill|Azumarill, F|100/100
|move|p2a: Gholdengo|Nasty Plot|p2a: Gholdengo
|-boost|p2a: Gholdengo|spa|2
|
|upkeep
|turn|3
|inactive|Sanesa8724 has 90 seconds left.
|
|t:|1760870090
|move|p2a: Gholdengo|Nasty Plot|p2a: Gholdengo
|-boost|p2a: Gholdengo|spa|2
|move|p1a: Azumarill|Liquidation|p2a: Gholdengo
|-damage|p2a: Gholdengo|63/100
|
|-heal|p2a: Gholdengo|69/100|[from] Grassy Terrain
|upkeep
|turn|4
|
|t:|1760870117
|switch|p1a: Ippo|Breloom, M|64/100
|move|p2a: Gholdengo|Make It Rain|p1a: Ippo
|-damage|p1a: Ippo|0 fnt
|-unboost|p2a: Gholdengo|spa|1
|faint|p1a: Ippo
|
|-heal|p2a: Gholdengo|75/100|[from] Grassy Terrain
|upkeep
|
|t:|1760870119
|switch|p1a: Great Tusk|Great Tusk|100/100
|-enditem|p1a: Great Tusk|Booster Energy
|-activate|p1a: Great Tusk|ability: Protosynthesis|[fromitem]
|-start|p1a: Great Tusk|protosynthesisatk
|turn|5
|c|☆Sanesa8724|Now for the reoccurring guessing game of
|c|☆Sanesa8724|rock move or not
|
|t:|1760870149
|switch|p2a: Moltres|Moltres|100/100
|move|p1a: Great Tusk|Headlong Rush|p2a: Moltres
|-immune|p2a: Moltres
|
|upkeep
|turn|6
|
|t:|1760870165
|-end|p1a: Great Tusk|Protosynthesis|[silent]
|switch|p1a: Azumarill|Azumarill, F|100/100
|switch|p2a: Zamazenta|Zamazenta|100/100
|-ability|p2a: Zamazenta|Dauntless Shield|boost
|-boost|p2a: Zamazenta|def|1
|
|upkeep
|turn|7
|c|☆Sanesa8724|Booster speed bulk up taunt headlong rock move has become so common
|
|t:|1760870178
|move|p2a: Zamazenta|Iron Defense|p2a: Zamazenta
|-boost|p2a: Zamazenta|def|2
|move|p1a: Azumarill|Knock Off|p2a: Zamazenta
|-resisted|p2a: Zamazenta
|-damage|p2a: Zamazenta|95/100
|-enditem|p2a: Zamazenta|Leftovers|[from] move: Knock Off|[of] p1a: Azumarill
|
|-heal|p2a: Zamazenta|100/100|[from] Grassy Terrain
|upkeep
|turn|8
|
|t:|1760870184
|switch|p1a: Skeledirge|Skeledirge, M|100/100
|move|p2a: Zamazenta|Crunch|p1a: Skeledirge
|-supereffective|p1a: Skeledirge
|-damage|p1a: Skeledirge|75/100
|
|-heal|p1a: Skeledirge|81/100|[from] Grassy Terrain
|-fieldend|move: Grassy Terrain
|upkeep
|turn|9
|inactive|Sanesa8724 has 90 seconds left.
|
|t:|1760870192
|switch|p2a: Moltres|Moltres|100/100
|move|p1a: Skeledirge|Torch Song|p2a: Moltres
|-resisted|p2a: Moltres
|-damage|p2a: Moltres|90/100
|-boost|p1a: Skeledirge|spa|1
|
|upkeep
|turn|10
|
|t:|1760870196
|move|p1a: Skeledirge|Torch Song|p2a: Moltres
|-resisted|p2a: Moltres
|-damage|p2a: Moltres|73/100
|-boost|p1a: Skeledirge|spa|1
|move|p2a: Moltres|Roar|p1a: Skeledirge
|drag|p1a: Azumarill|Azumarill, F|100/100
|
|upkeep
|turn|11
|
|t:|1760870202
|move|p2a: Moltres|U-turn|p1a: Azumarill
|-resisted|p1a: Azumarill
|-damage|p1a: Azumarill|93/100
|
|t:|1760870204
|switch|p2a: Rillaboom|Rillaboom, F|59/100|[from] U-turn
|-fieldstart|move: Grassy Terrain|[from] ability: Grassy Surge|[of] p2a: Rillaboom
|move|p1a: Azumarill|Liquidation|p2a: Rillaboom
|-resisted|p2a: Rillaboom
|-damage|p2a: Rillaboom|31/100
|
|-heal|p2a: Rillaboom|38/100|[from] Grassy Terrain
|-heal|p1a: Azumarill|99/100|[from] Grassy Terrain
|upkeep
|turn|12
|inactive|Sanesa8724 has 120 seconds left.
|
|t:|1760870213
|move|p2a: Rillaboom|Grassy Glide|p1a: Azumarill
|-supereffective|p1a: Azumarill
|-damage|p1a: Azumarill|17/100
|move|p1a: Azumarill|Play Rough|p2a: Rillaboom
|-damage|p2a: Rillaboom|0 fnt
|faint|p2a: Rillaboom
|
|-heal|p1a: Azumarill|23/100|[from] Grassy Terrain
|upkeep
|inactive|Sanesa8724 has 120 seconds left.
|
|t:|1760870221
|switch|p2a: Gholdengo|Gholdengo|75/100
|turn|13
|
|t:|1760870228
|move|p2a: Gholdengo|Shadow Ball|p1a: Azumarill
|-damage|p1a: Azumarill|0 fnt
|faint|p1a: Azumarill
|
|-heal|p2a: Gholdengo|81/100|[from] Grassy Terrain
|upkeep
|
|t:|1760870231
|switch|p1a: Great Tusk|Great Tusk|100/100
|turn|14
|
|t:|1760870238
|switch|p2a: Zamazenta|Zamazenta|100/100
|move|p1a: Great Tusk|Headlong Rush|p2a: Zamazenta
|-damage|p2a: Zamazenta|60/100
|-unboost|p1a: Great Tusk|def|1
|-unboost|p1a: Great Tusk|spd|1
|
|-heal|p2a: Zamazenta|66/100|[from] Grassy Terrain
|upkeep
|turn|15
|
|t:|1760870242
|-end|p1a: Great Tusk|Protosynthesis|[silent]
|switch|p1a: Skeledirge|Skeledirge, M|81/100
|move|p2a: Zamazenta|Crunch|p1a: Skeledirge
|-supereffective|p1a: Skeledirge
|-damage|p1a: Skeledirge|55/100
|
|-heal|p2a: Zamazenta|72/100|[from] Grassy Terrain
|-heal|p1a: Skeledirge|61/100|[from] Grassy Terrain
|upkeep
|turn|16
|
|t:|1760870247
|move|p2a: Zamazenta|Crunch|p1a: Skeledirge
|-supereffective|p1a: Skeledirge
|-damage|p1a: Skeledirge|34/100
|move|p1a: Skeledirge|Torch Song|p2a: Zamazenta
|-damage|p2a: Zamazenta|46/100
|-boost|p1a: Skeledirge|spa|1
|
|-heal|p2a: Zamazenta|53/100|[from] Grassy Terrain
|-heal|p1a: Skeledirge|41/100|[from] Grassy Terrain
|upkeep
|turn|17
|
|t:|1760870249
|move|p2a: Zamazenta|Crunch|p1a: Skeledirge
|-supereffective|p1a: Skeledirge
|-damage|p1a: Skeledirge|14/100
|move|p1a: Skeledirge|Slack Off|p1a: Skeledirge
|-heal|p1a: Skeledirge|64/100
|
|-heal|p2a: Zamazenta|59/100|[from] Grassy Terrain
|-heal|p1a: Skeledirge|70/100|[from] Grassy Terrain
|upkeep
|turn|18
|
|t:|1760870252
|move|p2a: Zamazenta|Crunch|p1a: Skeledirge
|-supereffective|p1a: Skeledirge
|-damage|p1a: Skeledirge|45/100
|move|p1a: Skeledirge|Torch Song|p2a: Zamazenta
|-damage|p2a: Zamazenta|19/100
|-boost|p1a: Skeledirge|spa|1
|
|-heal|p2a: Zamazenta|25/100|[from] Grassy Terrain
|-heal|p1a: Skeledirge|51/100|[from] Grassy Terrain
|-fieldend|move: Grassy Terrain
|upkeep
|turn|19
|
|t:|1760870254
|move|p2a: Zamazenta|Crunch|p1a: Skeledirge
|-supereffective|p1a: Skeledirge
|-damage|p1a: Skeledirge|24/100
|move|p1a: Skeledirge|Slack Off|p1a: Skeledirge
|-heal|p1a: Skeledirge|74/100
|
|upkeep
|turn|20
|
|t:|1760870256
|move|p2a: Zamazenta|Crunch|p1a: Skeledirge
|-supereffective|p1a: Skeledirge
|-damage|p1a: Skeledirge|47/100
|move|p1a: Skeledirge|Slack Off|p1a: Skeledirge
|-heal|p1a: Skeledirge|97/100
|
|upkeep
|turn|21
|j| amimec
|
|t:|1760870259
|switch|p2a: Moltres|Moltres|73/100
|move|p1a: Skeledirge|Torch Song|p2a: Moltres
|-resisted|p2a: Moltres
|-damage|p2a: Moltres|51/100
|-boost|p1a: Skeledirge|spa|1
|
|upkeep
|turn|22
|
|t:|1760870261
|move|p2a: Moltres|Roost|p2a: Moltres
|-heal|p2a: Moltres|100/100
|-singleturn|p2a: Moltres|move: Roost
|move|p1a: Skeledirge|Shadow Ball|p2a: Moltres
|-damage|p2a: Moltres|44/100
|
|upkeep
|turn|23
|
|t:|1760870270
|move|p2a: Moltres|Roost|p2a: Moltres
|-heal|p2a: Moltres|94/100
|-singleturn|p2a: Moltres|move: Roost
|move|p1a: Skeledirge|Shadow Ball|p2a: Moltres
|-damage|p2a: Moltres|37/100
|
|upkeep
|turn|24
|
|t:|1760870273
|move|p2a: Moltres|U-turn|p1a: Skeledirge
|-resisted|p1a: Skeledirge
|-damage|p1a: Skeledirge|95/100
|
|t:|1760870275
|switch|p2a: Zamazenta|Zamazenta|25/100|[from] U-turn
|move|p1a: Skeledirge|Shadow Ball|p2a: Zamazenta
|-damage|p2a: Zamazenta|0 fnt
|faint|p2a: Zamazenta
|
|upkeep
|
|t:|1760870276
|switch|p2a: Gholdengo|Gholdengo|81/100
|turn|25
|
|t:|1760870281
|-terastallize|p1a: Skeledirge|Water
|move|p2a: Gholdengo|Shadow Ball|p1a: Skeledirge
|-damage|p1a: Skeledirge|50/100
|move|p1a: Skeledirge|Torch Song|p2a: Gholdengo
|-supereffective|p2a: Gholdengo
|-damage|p2a: Gholdengo|0 fnt
|-boost|p1a: Skeledirge|spa|1
|faint|p2a: Gholdengo
|
|upkeep
|
|t:|1760870285
|switch|p2a: Ogerpon|Ogerpon, F|100/100
|turn|26
|
|t:|1760870303
|switch|p1a: Hatterene|Hatterene, F|100/100
|move|p2a: Ogerpon|Ivy Cudgel|p1a: Hatterene
|-damage|p1a: Hatterene|24/100
|-damage|p2a: Ogerpon|91/100|[from] item: Life Orb
|
|-heal|p1a: Hatterene|30/100|[from] item: Leftovers
|upkeep
|turn|27
|
|t:|1760870306
|move|p2a: Ogerpon|Ivy Cudgel|p1a: Hatterene
|-damage|p1a: Hatterene|0 fnt
|faint|p1a: Hatterene
|-damage|p2a: Ogerpon|81/100|[from] item: Life Orb
|
|upkeep
|
|t:|1760870309
|switch|p1a: Dragonite|Dragonite, F|100/100
|turn|28
|
|t:|1760870322
|move|p2a: Ogerpon|Rock Tomb|p1a: Dragonite
|-supereffective|p1a: Dragonite
|-damage|p1a: Dragonite|72/100
|-unboost|p1a: Dragonite|spe|1
|-damage|p2a: Ogerpon|71/100|[from] item: Life Orb
|move|p1a: Dragonite|Dragon Dance|p1a: Dragonite
|-boost|p1a: Dragonite|atk|1
|-boost|p1a: Dragonite|spe|1
|
|upkeep
|turn|29
|
|t:|1760870327
|switch|p2a: Moltres|Moltres|37/100
|move|p1a: Dragonite|Extreme Speed|p2a: Moltres
|-crit|p2a: Moltres
|-damage|p2a: Moltres|0 fnt
|-status|p1a: Dragonite|brn|[from] ability: Flame Body|[of] p2a: Moltres
|-enditem|p1a: Dragonite|Lum Berry|[eat]
|-curestatus|p1a: Dragonite|brn|[msg]
|faint|p2a: Moltres
|
|upkeep
|
|t:|1760870331
|switch|p2a: Iron Treads|Iron Treads|100/100
|turn|30
|
|t:|1760870340
|move|p2a: Iron Treads|Stealth Rock|p1a: Dragonite
|-sidestart|p1: elpets|move: Stealth Rock
|move|p1a: Dragonite|Fire Punch|p2a: Iron Treads
|-supereffective|p2a: Iron Treads
|-damage|p2a: Iron Treads|40/100
|
|-heal|p2a: Iron Treads|46/100|[from] item: Leftovers
|upkeep
|turn|31
|
|t:|1760870344
|move|p2a: Iron Treads|Rapid Spin|p1a: Dragonite
|-damage|p1a: Dragonite|59/100
|-boost|p2a: Iron Treads|spe|1
|move|p1a: Dragonite|Dragon Dance|p1a: Dragonite
|-boost|p1a: Dragonite|atk|1
|-boost|p1a: Dragonite|spe|1
|
|-heal|p2a: Iron Treads|53/100|[from] item: Leftovers
|upkeep
|turn|32
|
|t:|1760870346
|move|p2a: Iron Treads|Knock Off|p1a: Dragonite
|-damage|p1a: Dragonite|39/100
|move|p1a: Dragonite|Dragon Dance|p1a: Dragonite
|-boost|p1a: Dragonite|atk|1
|-boost|p1a: Dragonite|spe|1
|
|-heal|p2a: Iron Treads|59/100|[from] item: Leftovers
|upkeep
|turn|33
|
|t:|1760870349
|move|p1a: Dragonite|Fire Punch|p2a: Iron Treads
|-supereffective|p2a: Iron Treads
|-damage|p2a: Iron Treads|0 fnt
|faint|p2a: Iron Treads
|-end|p2a: Iron Treads|Quark Drive|[silent]
|
|upkeep
|c|☆Sanesa8724|Gg
|-message|Sanesa8724 forfeited.
|
|win|elpets
|raw|elpets's rating: 1868 &rarr; <strong>1888</strong><br />(+20 for winning)
|raw|Sanesa8724's rating: 1860 &rarr; <strong>1840</strong><br />(-20 for losing)
|c|☆elpets|gg
|l|☆Sanesa8724
|player|p2|
|l|☆elpets
|player|p1|
|l| wgw2333
