|j|☆deus3xmachina
|j|☆Ancient Silly
|t:|1760829182
|gametype|singles
|player|p1|deus3xmachina|rika|1456
|player|p2|Ancient Silly|rocketgruntf|1416
|gen|9
|tier|[Gen 9] OU
|rated|
|rule|HP Percentage Mod: HP is shown in percentages
|rule|Endless Battle Clause: Forcing endless battles is banned
|rule|Species Clause: Limit one of each Pokémon
|rule|OHKO Clause: OHKO moves are banned
|rule|Evasion Items Clause: Evasion items are banned
|rule|Evasion Moves Clause: Evasion moves are banned
|rule|Evasion Abilities Clause: Evasion abilities are banned
|rule|Sleep Moves Clause: Sleep-inducing moves are banned
|clearpoke
|poke|p1|Kyurem|
|poke|p1|Hoopa-Unbound|
|poke|p1|Deoxys-Speed|
|poke|p1|Iron Crown|
|poke|p1|Hatterene, F|
|poke|p1|Zamazenta-*|
|poke|p2|Gholdengo|
|poke|p2|Iron Valiant|
|poke|p2|Ribombee, M|
|poke|p2|Great Tusk|
|poke|p2|Haxorus, M|
|poke|p2|Rampardos, M|
|teampreview
|inactive|Battle timer is ON: inactive players will automatically lose when time's up. (requested by Ancient Silly)
|c|☆deus3xmachina|glhf
|c|☆Ancient Silly|U2 :))
|
|t:|1760829204
|teamsize|p1|6
|teamsize|p2|6
|start
|switch|p1a: Deoxys|Deoxys-Speed|100/100
|switch|p2a: Ribombee|Ribombee, M|100/100
|-ability|p1a: Deoxys|Pressure
|turn|1
|
|t:|1760829213
|switch|p1a: Hatterene|Hatterene, F|100/100
|switch|p2a: Gholdengo|Gholdengo|100/100
|
|upkeep
|turn|2
|
|t:|1760829223
|move|p2a: Gholdengo|Make It Rain|p1a: Hatterene
|-supereffective|p1a: Hatterene
|-damage|p1a: Hatterene|0 fnt
|-unboost|p2a: Gholdengo|spa|1
|faint|p1a: Hatterene
|
|upkeep
|
|t:|1760829228
|switch|p1a: Deoxys|Deoxys-Speed|100/100
|-ability|p1a: Deoxys|Pressure
|turn|3
|
|t:|1760829230
|move|p1a: Deoxys|Stealth Rock|p2a: Gholdengo
|-sidestart|p2: Ancient Silly|move: Stealth Rock
|move|p2a: Gholdengo|Make It Rain|p1a: Deoxys
|-damage|p1a: Deoxys|10/100
|-unboost|p2a: Gholdengo|spa|1
|
|upkeep
|turn|4
|
|t:|1760829232
|move|p1a: Deoxys|Knock Off|p2a: Gholdengo
|-supereffective|p2a: Gholdengo
|-damage|p2a: Gholdengo|59/100
|-enditem|p2a: Gholdengo|Choice Specs|[from] move: Knock Off|[of] p1a: Deoxys
|move|p2a: Gholdengo|Make It Rain|p1a: Deoxys
|-damage|p1a: Deoxys|0 fnt
|-unboost|p2a: Gholdengo|spa|1
|faint|p1a: Deoxys
|
|upkeep
|
|t:|1760829247
|switch|p1a: Iron Crown|Iron Crown|100/100
|-enditem|p1a: Iron Crown|Booster Energy
|-activate|p1a: Iron Crown|ability: Quark Drive|[fromitem]
|-start|p1a: Iron Crown|quarkdrivespe
|turn|5
|inactive|Ancient Silly has 120 seconds left.
|
|t:|1760829282
|move|p1a: Iron Crown|Calm Mind|p1a: Iron Crown
|-boost|p1a: Iron Crown|spa|1
|-boost|p1a: Iron Crown|spd|1
|move|p2a: Gholdengo|Shadow Ball|p1a: Iron Crown
|-supereffective|p1a: Iron Crown
|-damage|p1a: Iron Crown|80/100
|
|upkeep
|turn|6
|inactive|Ancient Silly has 120 seconds left.
|
|t:|1760829313
|switch|p2a: Great Tusk|Great Tusk|100/100
|-damage|p2a: Great Tusk|98/100|[from] Stealth Rock
|-enditem|p2a: Great Tusk|Booster Energy
|-activate|p2a: Great Tusk|ability: Protosynthesis|[fromitem]
|-start|p2a: Great Tusk|protosynthesisatk
|move|p1a: Iron Crown|Stored Power|p2a: Great Tusk
|-supereffective|p2a: Great Tusk
|-damage|p2a: Great Tusk|0 fnt
|faint|p2a: Great Tusk
|-end|p2a: Great Tusk|Protosynthesis|[silent]
|
|upkeep
|inactive|Ancient Silly has 90 seconds left.
|
|t:|1760829324
|switch|p2a: Haxorus|Haxorus, M|100/100
|-damage|p2a: Haxorus|88/100|[from] Stealth Rock
|-ability|p2a: Haxorus|Mold Breaker
|turn|7
|
|t:|1760829331
|-terastallize|p1a: Iron Crown|Fighting
|-terastallize|p2a: Haxorus|Steel
|move|p1a: Iron Crown|Iron Defense|p1a: Iron Crown
|-boost|p1a: Iron Crown|def|2
|move|p2a: Haxorus|Earthquake|p1a: Iron Crown
|-damage|p1a: Iron Crown|60/100
|
|upkeep
|turn|8
|
|t:|1760829341
|move|p1a: Iron Crown|Tera Blast|p2a: Haxorus|[anim] Tera Blast Fighting
|-supereffective|p2a: Haxorus
|-damage|p2a: Haxorus|0 fnt
|faint|p2a: Haxorus
|
|upkeep
|c|☆Ancient Silly|Wait that set is nuuuts
|c|☆Ancient Silly|holy
|inactive|Ancient Silly has 90 seconds left.
|
|t:|1760829367
|switch|p2a: Iron Valiant|Iron Valiant|100/100
|-damage|p2a: Iron Valiant|94/100|[from] Stealth Rock
|-enditem|p2a: Iron Valiant|Booster Energy
|-activate|p2a: Iron Valiant|ability: Quark Drive|[fromitem]
|-start|p2a: Iron Valiant|quarkdrivespa
|turn|9
|
|t:|1760829371
|move|p1a: Iron Crown|Stored Power|p2a: Iron Valiant
|-supereffective|p2a: Iron Valiant
|-damage|p2a: Iron Valiant|0 fnt
|faint|p2a: Iron Valiant
|-end|p2a: Iron Valiant|Quark Drive|[silent]
|
|upkeep
|c|☆deus3xmachina|thoroughly dumb mon
|inactive|Ancient Silly has 90 seconds left.
|
|t:|1760829376
|switch|p2a: Rampardos|Rampardos, M|100/100
|-damage|p2a: Rampardos|88/100|[from] Stealth Rock
|turn|10
|c|☆deus3xmachina|the real only struggle is that it has to choose between lefties or speed
|
|t:|1760829392
|move|p1a: Iron Crown|Tera Blast|p2a: Rampardos|[anim] Tera Blast Fighting
|-supereffective|p2a: Rampardos
|-damage|p2a: Rampardos|0 fnt
|faint|p2a: Rampardos
|
|upkeep
|
|t:|1760829395
|switch|p2a: Ribombee|Ribombee, M|100/100
|-damage|p2a: Ribombee|76/100|[from] Stealth Rock
|turn|11
|
|t:|1760829397
|move|p1a: Iron Crown|Stored Power|p2a: Ribombee
|-damage|p2a: Ribombee|0 fnt
|faint|p2a: Ribombee
|
|upkeep
|
|t:|1760829399
|switch|p2a: Gholdengo|Gholdengo|59/100
|-damage|p2a: Gholdengo|53/100|[from] Stealth Rock
|turn|12
|c|☆deus3xmachina|ggs
|
|t:|1760829402
|move|p1a: Iron Crown|Stored Power|p2a: Gholdengo
|-resisted|p2a: Gholdengo
|-damage|p2a: Gholdengo|19/100
|move|p2a: Gholdengo|Shadow Ball|p1a: Iron Crown
|-damage|p1a: Iron Crown|36/100
|
|upkeep
|turn|13
|c|☆Ancient Silly|Ggs
|
|t:|1760829412
|move|p1a: Iron Crown|Stored Power|p2a: Gholdengo
|-resisted|p2a: Gholdengo
|-damage|p2a: Gholdengo|0 fnt
|faint|p2a: Gholdengo
|
|win|deus3xmachina
|raw|deus3xmachina's rating: 1456 &rarr; <strong>1474</strong><br />(+18 for winning)
|raw|Ancient Silly's rating: 1416 &rarr; <strong>1398</strong><br />(-18 for losing)
|l|☆Ancient Silly
|player|p2|
|l|☆deus3xmachina
|player|p1|
