|j|☆bidofest
|j|☆SpongeGar & Patar
|t:|1760876362
|gametype|singles
|player|p1|bidofest|265|1791
|player|p2|SpongeGar & Patar|101|1819
|gen|9
|tier|[Gen 9] OU
|rated|
|rule|HP Percentage Mod: HP is shown in percentages
|rule|Endless Battle Clause: Forcing endless battles is banned
|rule|Species Clause: Limit one of each Pokémon
|rule|OHKO Clause: OHKO moves are banned
|rule|Evasion Items Clause: Evasion items are banned
|rule|Evasion Moves Clause: Evasion moves are banned
|rule|Evasion Abilities Clause: Evasion abilities are banned
|rule|Sleep Moves Clause: Sleep-inducing moves are banned
|clearpoke
|poke|p1|Kingambit, F|
|poke|p1|Cinderace, F|
|poke|p1|Landorus-Therian, M|
|poke|p1|Iron Valiant|
|poke|p1|Kyurem|
|poke|p1|Slowking-Galar, M|
|poke|p2|Kyurem|
|poke|p2|Corviknight, M|
|poke|p2|Ting-Lu|
|poke|p2|Dondozo, M|
|poke|p2|Slowking-Galar, L99, F|
|poke|p2|Cinderace, M|
|teampreview
|inactive|Battle timer is ON: inactive players will automatically lose when time's up. (requested by bidofest)
|inactive|SpongeGar & Patar has 120 seconds left.
|
|t:|1760876412
|teamsize|p1|6
|teamsize|p2|6
|start
|switch|p1a: Cinderace|Cinderace, F|100/100
|switch|p2a: Slowking|Slowking-Galar, L99, F|100/100
|turn|1
|inactive|SpongeGar & Patar also wants the timer to be on.
|inactive|SpongeGar & Patar has 120 seconds left.
|
|t:|1760876461
|move|p1a: Cinderace|U-turn|p2a: Slowking
|-damage|p2a: Slowking|83/100
|
|t:|1760876463
|switch|p1a: Slowking|Slowking-Galar, M|100/100|[from] U-turn
|move|p2a: Slowking|Future Sight|p1a: Slowking
|-start|p2a: Slowking|move: Future Sight
|
|upkeep
|turn|2
|j| solcreciente
|j| milchshakebanane
|inactive|SpongeGar & Patar has 90 seconds left.
|
|t:|1760876512
|switch|p2a: Ting-Lu|Ting-Lu|100/100
|-ability|p2a: Ting-Lu|Vessel of Ruin
|move|p1a: Slowking|Thunder Wave|p2a: Ting-Lu
|-immune|p2a: Ting-Lu
|
|upkeep
|turn|3
|inactive|SpongeGar & Patar has 60 seconds left.
|j| wgw2333
|
|t:|1760876560
|switch|p1a: Landorus|Landorus-Therian, M|100/100
|-ability|p1a: Landorus|Intimidate|boost
|-unboost|p2a: Ting-Lu|atk|1
|move|p2a: Ting-Lu|Earthquake|p1a: Landorus
|-immune|p1a: Landorus
|
|-end|p1a: Landorus|move: Future Sight
|-damage|p1a: Landorus|62/100
|upkeep
|turn|4
|
|t:|1760876570
|switch|p2a: Corviknight|Corviknight, M|100/100
|-ability|p2a: Corviknight|Pressure
|move|p1a: Landorus|Taunt|p2a: Corviknight
|-start|p2a: Corviknight|move: Taunt
|
|upkeep
|turn|5
|l| wgw2333
|
|t:|1760876579
|switch|p2a: Kyurem|Kyurem|100/100
|-ability|p2a: Kyurem|Pressure
|move|p1a: Landorus|Rock Tomb|p2a: Kyurem
|-supereffective|p2a: Kyurem
|-crit|p2a: Kyurem
|-damage|p2a: Kyurem|51/100
|-unboost|p2a: Kyurem|spe|1
|
|-heal|p2a: Kyurem|57/100|[from] item: Leftovers
|upkeep
|turn|6
|j| bloodhound q50
|
|t:|1760876589
|move|p1a: Landorus|U-turn|p2a: Kyurem
|-damage|p2a: Kyurem|36/100
|
|t:|1760876592
|switch|p1a: Slowking|Slowking-Galar, M|100/100|[from] U-turn
|move|p2a: Kyurem|Freeze-Dry|p1a: Slowking
|-damage|p1a: Slowking|80/100
|
|-heal|p2a: Kyurem|42/100|[from] item: Leftovers
|upkeep
|turn|7
|inactive|SpongeGar & Patar has 60 seconds left.
|
|t:|1760876603
|move|p2a: Kyurem|Earth Power|p1a: Slowking
|-supereffective|p1a: Slowking
|-damage|p1a: Slowking|44/100
|move|p1a: Slowking|Sludge Bomb|p2a: Kyurem
|-damage|p2a: Kyurem|14/100
|-status|p2a: Kyurem|psn
|
|-heal|p2a: Kyurem|20/100 psn|[from] item: Leftovers
|-damage|p2a: Kyurem|7/100 psn|[from] psn
|upkeep
|turn|8
|inactive|SpongeGar & Patar has 60 seconds left.
|
|t:|1760876616
|move|p2a: Kyurem|Freeze-Dry|p1a: Slowking
|-damage|p1a: Slowking|22/100
|-prepare|p1a: Slowking|Chilly Reception|[premajor]
|move|p1a: Slowking|Chilly Reception|p1a: Slowking
|-weather|Snowscape
|
|t:|1760876620
|switch|p1a: Landorus|Landorus-Therian, M|62/100|[from] Chilly Reception
|-ability|p1a: Landorus|Intimidate|boost
|-unboost|p2a: Kyurem|atk|1
|
|-weather|Snowscape|[upkeep]
|-heal|p2a: Kyurem|14/100 psn|[from] item: Leftovers
|-damage|p2a: Kyurem|1/100 psn|[from] psn
|upkeep
|turn|9
|
|t:|1760876629
|switch|p2a: Corviknight|Corviknight, M|100/100
|-ability|p2a: Corviknight|Pressure
|move|p1a: Landorus|Earthquake|p2a: Corviknight
|-immune|p2a: Corviknight
|
|-weather|Snowscape|[upkeep]
|upkeep
|turn|10
|
|t:|1760876638
|move|p1a: Landorus|Taunt|p2a: Corviknight
|-start|p2a: Corviknight|move: Taunt
|move|p2a: Corviknight|Brave Bird|p1a: Landorus
|-damage|p1a: Landorus|32/100
|-damage|p2a: Corviknight|84/100|[from] item: Rocky Helmet|[of] p1a: Landorus
|-damage|p2a: Corviknight|76/100|[from] Recoil
|
|-weather|Snowscape|[upkeep]
|upkeep
|turn|11
|
|t:|1760876648
|switch|p1a: Cinderace|Cinderace, F|100/100
|move|p2a: Corviknight|Brave Bird|p1a: Cinderace
|-crit|p1a: Cinderace
|-damage|p1a: Cinderace|34/100
|-damage|p2a: Corviknight|56/100|[from] Recoil
|
|-weather|Snowscape|[upkeep]
|upkeep
|turn|12
|
|t:|1760876659
|switch|p2a: Dondozo|Dondozo, M|100/100
|move|p1a: Cinderace|Will-O-Wisp|p2a: Dondozo
|-status|p2a: Dondozo|brn
|
|-weather|none
|-damage|p2a: Dondozo|94/100 brn|[from] brn
|upkeep
|turn|13
|
|t:|1760876668
|move|p1a: Cinderace|U-turn|p2a: Dondozo
|-damage|p2a: Dondozo|86/100 brn
|
|t:|1760876671
|switch|p1a: Slowking|Slowking-Galar, M|56/100|[from] U-turn
|move|p2a: Dondozo|Rest|p2a: Dondozo
|-status|p2a: Dondozo|slp|[from] move: Rest
|-heal|p2a: Dondozo|100/100 slp|[silent]
|
|upkeep
|turn|14
|
|t:|1760876681
|switch|p2a: Cinderace|Cinderace, M|100/100
|move|p1a: Slowking|Sludge Bomb|p2a: Cinderace
|-damage|p2a: Cinderace|59/100
|
|upkeep
|turn|15
|
|t:|1760876691
|switch|p1a: Landorus|Landorus-Therian, M|32/100
|-ability|p1a: Landorus|Intimidate|boost
|-unboost|p2a: Cinderace|atk|1
|move|p2a: Cinderace|Pyro Ball|p1a: Landorus
|-damage|p1a: Landorus|4/100
|
|upkeep
|turn|16
|
|t:|1760876710
|switch|p1a: Slowking|Slowking-Galar, M|89/100
|move|p2a: Cinderace|Pyro Ball|p1a: Slowking
|-damage|p1a: Slowking|56/100
|
|upkeep
|turn|17
|
|t:|1760876720
|move|p2a: Cinderace|Pyro Ball|p1a: Slowking
|-damage|p1a: Slowking|22/100
|-prepare|p1a: Slowking|Chilly Reception|[premajor]
|move|p1a: Slowking|Chilly Reception|p1a: Slowking
|-weather|Snowscape
|
|t:|1760876750
|switch|p1a: Landorus|Landorus-Therian, M|4/100|[from] Chilly Reception
|-ability|p1a: Landorus|Intimidate|boost
|-unboost|p2a: Cinderace|atk|1
|
|-weather|Snowscape|[upkeep]
|upkeep
|turn|18
|inactive|SpongeGar & Patar has 120 seconds left.
|
|t:|1760876759
|move|p2a: Cinderace|Pyro Ball|p1a: Landorus|[miss]
|-miss|p2a: Cinderace|p1a: Landorus
|move|p1a: Landorus|Rock Tomb|p2a: Cinderace
|-supereffective|p2a: Cinderace
|-damage|p2a: Cinderace|12/100
|-unboost|p2a: Cinderace|spe|1
|
|-weather|Snowscape|[upkeep]
|upkeep
|turn|19
|
|t:|1760876769
|switch|p2a: Corviknight|Corviknight, M|56/100
|-ability|p2a: Corviknight|Pressure
|move|p1a: Landorus|Rock Tomb|p2a: Corviknight
|-damage|p2a: Corviknight|45/100
|-unboost|p2a: Corviknight|spe|1
|
|-weather|Snowscape|[upkeep]
|upkeep
|turn|20
|
|t:|1760876778
|move|p1a: Landorus|Taunt|p2a: Corviknight
|-start|p2a: Corviknight|move: Taunt
|cant|p2a: Corviknight|move: Taunt|Roost
|
|-weather|Snowscape|[upkeep]
|upkeep
|turn|21
|
|t:|1760876787
|move|p1a: Landorus|Rock Tomb|p2a: Corviknight
|-damage|p2a: Corviknight|33/100
|-unboost|p2a: Corviknight|spe|1
|move|p2a: Corviknight|U-turn|p1a: Landorus
|-resisted|p1a: Landorus
|-damage|p1a: Landorus|0 fnt
|-damage|p2a: Corviknight|16/100|[from] item: Rocky Helmet|[of] p1a: Landorus
|faint|p1a: Landorus
|c| bloodhound q50|wheres your hazards bidofest?
|
|t:|1760876797
|switch|p2a: Cinderace|Cinderace, M|12/100|[from] U-turn
|
|-weather|none
|upkeep
|
|t:|1760876804
|switch|p1a: Iron Valiant|Iron Valiant|100/100
|-enditem|p1a: Iron Valiant|Booster Energy
|-activate|p1a: Iron Valiant|ability: Quark Drive|[fromitem]
|-start|p1a: Iron Valiant|quarkdrivespe
|turn|22
|j| nonchalantbufalant
|c|☆bidofest|dont have gang
|c| bloodhound q50|Noo
|inactive|SpongeGar & Patar has 120 seconds left.
|j| wgw2333
|
|t:|1760876853
|switch|p2a: Slowking|Slowking-Galar, L99, F|100/100
|move|p1a: Iron Valiant|Shadow Ball|p2a: Slowking
|-supereffective|p2a: Slowking
|-damage|p2a: Slowking|66/100
|-unboost|p2a: Slowking|spd|1
|
|upkeep
|turn|23
|inactive|SpongeGar & Patar has 90 seconds left.
|inactive|bidofest has 120 seconds left.
|
|t:|1760876902
|switch|p2a: Ting-Lu|Ting-Lu|100/100
|-ability|p2a: Ting-Lu|Vessel of Ruin
|-terastallize|p1a: Iron Valiant|Ghost
|move|p1a: Iron Valiant|Shadow Ball|p2a: Ting-Lu
|-resisted|p2a: Ting-Lu
|-damage|p2a: Ting-Lu|93/100
|-unboost|p2a: Ting-Lu|spd|1
|
|-heal|p2a: Ting-Lu|99/100|[from] item: Leftovers
|upkeep
|turn|24
|inactive|SpongeGar & Patar has 60 seconds left.
|
|t:|1760876951
|move|p1a: Iron Valiant|Moonblast|p2a: Ting-Lu
|-supereffective|p2a: Ting-Lu
|-damage|p2a: Ting-Lu|44/100
|move|p2a: Ting-Lu|Payback|p1a: Iron Valiant
|-supereffective|p1a: Iron Valiant
|-damage|p1a: Iron Valiant|0 fnt
|faint|p1a: Iron Valiant
|-end|p1a: Iron Valiant|Quark Drive|[silent]
|
|-heal|p2a: Ting-Lu|50/100|[from] item: Leftovers
|upkeep
|c| bloodhound q50|damn
|inactive|bidofest has 120 seconds left.
|
|t:|1760876965
|switch|p1a: Kyurem|Kyurem|100/100
|-ability|p1a: Kyurem|Pressure
|turn|25
|
|t:|1760876974
|switch|p2a: Slowking|Slowking-Galar, L99, F|99/100
|move|p1a: Kyurem|Earth Power|p2a: Slowking
|-supereffective|p2a: Slowking
|-damage|p2a: Slowking|62/100
|
|upkeep
|turn|26
|
|t:|1760876985
|move|p1a: Kyurem|Earth Power|p2a: Slowking
|-supereffective|p2a: Slowking
|-damage|p2a: Slowking|27/100
|move|p2a: Slowking|Toxic|p1a: Kyurem
|-status|p1a: Kyurem|tox
|
|-damage|p1a: Kyurem|94/100 tox|[from] psn
|upkeep
|turn|27
|
|t:|1760876996
|switch|p2a: Kyurem|Kyurem|1/100 psn
|-ability|p2a: Kyurem|Pressure
|move|p1a: Kyurem|Freeze-Dry|p2a: Kyurem
|-damage|p2a: Kyurem|0 fnt
|faint|p2a: Kyurem
|
|-heal|p1a: Kyurem|100/100 tox|[from] item: Leftovers
|-damage|p1a: Kyurem|88/100 tox|[from] psn
|upkeep
|
|t:|1760877006
|switch|p2a: Slowking|Slowking-Galar, L99, F|60/100
|turn|28
|j| stariaki
|
|t:|1760877015
|move|p1a: Kyurem|Earth Power|p2a: Slowking
|-supereffective|p2a: Slowking
|-damage|p2a: Slowking|20/100
|-prepare|p2a: Slowking|Chilly Reception|[premajor]
|move|p2a: Slowking|Chilly Reception|p2a: Slowking
|-weather|Snowscape
|
|t:|1760877024
|switch|p2a: Ting-Lu|Ting-Lu|50/100|[from] Chilly Reception
|-ability|p2a: Ting-Lu|Vessel of Ruin
|
|-weather|Snowscape|[upkeep]
|-heal|p1a: Kyurem|94/100 tox|[from] item: Leftovers
|-heal|p2a: Ting-Lu|56/100|[from] item: Leftovers
|-damage|p1a: Kyurem|76/100 tox|[from] psn
|upkeep
|turn|29
|inactive|SpongeGar & Patar has 60 seconds left.
|
|t:|1760877038
|move|p1a: Kyurem|Freeze-Dry|p2a: Ting-Lu
|-supereffective|p2a: Ting-Lu
|-damage|p2a: Ting-Lu|28/100
|move|p2a: Ting-Lu|Earthquake|p1a: Kyurem
|-damage|p1a: Kyurem|51/100 tox
|
|-weather|Snowscape|[upkeep]
|-heal|p1a: Kyurem|58/100 tox|[from] item: Leftovers
|-heal|p2a: Ting-Lu|35/100|[from] item: Leftovers
|-damage|p1a: Kyurem|33/100 tox|[from] psn
|upkeep
|turn|30
|
|t:|1760877048
|move|p1a: Kyurem|Earth Power|p2a: Ting-Lu
|-damage|p2a: Ting-Lu|23/100
|move|p2a: Ting-Lu|Rest|p2a: Ting-Lu
|-status|p2a: Ting-Lu|slp|[from] move: Rest
|-heal|p2a: Ting-Lu|100/100 slp|[silent]
|
|-weather|Snowscape|[upkeep]
|-heal|p1a: Kyurem|39/100 tox|[from] item: Leftovers
|-damage|p1a: Kyurem|8/100 tox|[from] psn
|upkeep
|turn|31
|
|t:|1760877057
|move|p1a: Kyurem|Freeze-Dry|p2a: Ting-Lu
|-supereffective|p2a: Ting-Lu
|-damage|p2a: Ting-Lu|72/100 slp
|cant|p2a: Ting-Lu|slp
|move|p2a: Ting-Lu|Sleep Talk|p2a: Ting-Lu
|move|p2a: Ting-Lu|Rest||[from] move: Sleep Talk|[still]
|-fail|p2a: Ting-Lu
|
|-weather|Snowscape|[upkeep]
|-heal|p1a: Kyurem|14/100 tox|[from] item: Leftovers
|-heal|p2a: Ting-Lu|79/100 slp|[from] item: Leftovers
|-damage|p1a: Kyurem|0 fnt|[from] psn
|faint|p1a: Kyurem
|upkeep
|l| stariaki
|
|t:|1760877065
|switch|p1a: Kingambit|Kingambit, F|100/100
|-activate|p1a: Kingambit|ability: Supreme Overlord
|-start|p1a: Kingambit|fallen3|[silent]
|turn|32
|
|t:|1760877074
|move|p1a: Kingambit|Swords Dance|p1a: Kingambit
|-boost|p1a: Kingambit|atk|2
|cant|p2a: Ting-Lu|slp
|move|p2a: Ting-Lu|Sleep Talk|p2a: Ting-Lu
|move|p2a: Ting-Lu|Earthquake|p1a: Kingambit|[from] move: Sleep Talk
|-supereffective|p1a: Kingambit
|-damage|p1a: Kingambit|42/100
|
|-weather|none
|-heal|p1a: Kingambit|48/100|[from] item: Leftovers
|-heal|p2a: Ting-Lu|85/100 slp|[from] item: Leftovers
|upkeep
|turn|33
|
|t:|1760877083
|-terastallize|p2a: Ting-Lu|Water
|move|p1a: Kingambit|Iron Head|p2a: Ting-Lu
|-resisted|p2a: Ting-Lu
|-damage|p2a: Ting-Lu|52/100 slp
|-curestatus|p2a: Ting-Lu|slp|[msg]
|move|p2a: Ting-Lu|Earthquake|p1a: Kingambit
|-supereffective|p1a: Kingambit
|-damage|p1a: Kingambit|0 fnt
|faint|p1a: Kingambit
|-end|p1a: Kingambit|fallen3|[silent]
|
|-heal|p2a: Ting-Lu|59/100|[from] item: Leftovers
|upkeep
|
|t:|1760877087
|switch|p1a: Slowking|Slowking-Galar, M|55/100
|turn|34
|-message|bidofest forfeited.
|
|win|SpongeGar & Patar
|raw|bidofest's rating: 1791 &rarr; <strong>1773</strong><br />(-18 for losing)
|raw|SpongeGar &amp; Patar's rating: 1819 &rarr; <strong>1837</strong><br />(+18 for winning)
|l|☆bidofest
|player|p1|
|l|☆SpongeGar & Patar
|player|p2|
|l| nonchalantbufalant
