|j|☆N0tC1evey
|j|☆SpankyMeyer
|t:|1760849021
|gametype|singles
|player|p1|N0tC1evey|pryce|1442
|player|p2|SpankyMeyer|1|1424
|gen|9
|tier|[Gen 9] OU
|rated|
|rule|HP Percentage Mod: HP is shown in percentages
|rule|Endless Battle Clause: Forcing endless battles is banned
|rule|Species Clause: Limit one of each Pokémon
|rule|OHKO Clause: OHKO moves are banned
|rule|Evasion Items Clause: Evasion items are banned
|rule|Evasion Moves Clause: Evasion moves are banned
|rule|Evasion Abilities Clause: Evasion abilities are banned
|rule|Sleep Moves Clause: Sleep-inducing moves are banned
|clearpoke
|poke|p1|Walking Wake|
|poke|p1|Torkoal, M|
|poke|p1|Corviknight, F|
|poke|p1|Sandy Shocks|
|poke|p1|Alomomola, F|
|poke|p1|Cinderace, M|
|poke|p2|Dragonite, M|
|poke|p2|Kingambit, F|
|poke|p2|Iron Valiant|
|poke|p2|Great Tusk|
|poke|p2|Glimmora, M|
|poke|p2|Deoxys-Speed|
|teampreview
|inactive|Battle timer is ON: inactive players will automatically lose when time's up. (requested by N0tC1evey)
|
|t:|1760849032
|teamsize|p1|6
|teamsize|p2|6
|start
|switch|p1a: 跟你爆了|Cinderace, M|100/100
|switch|p2a: Deoxys|Deoxys-Speed|100/100
|-ability|p2a: Deoxys|Pressure
|turn|1
|
|t:|1760849039
|move|p2a: Deoxys|Reflect|p2a: Deoxys
|-sidestart|p2: SpankyMeyer|Reflect
|move|p1a: 跟你爆了|U-turn|p2a: Deoxys
|-start|p1a: 跟你爆了|typechange|Bug|[from] ability: Libero
|-supereffective|p2a: Deoxys
|-damage|p2a: Deoxys|36/100
|
|t:|1760849047
|switch|p1a: Groudon.|Torkoal, M|100/100|[from] U-turn
|-weather|SunnyDay|[from] ability: Drought|[of] p1a: Groudon.
|
|-weather|SunnyDay|[upkeep]
|upkeep
|turn|2
|
|t:|1760849055
|switch|p1a: 坚盾铁骑|Corviknight, F, shiny|100/100
|move|p2a: Deoxys|Light Screen|p2a: Deoxys
|-sidestart|p2: SpankyMeyer|move: Light Screen
|
|-weather|SunnyDay|[upkeep]
|upkeep
|turn|3
|
|t:|1760849061
|move|p2a: Deoxys|Taunt|p1a: 坚盾铁骑
|-start|p1a: 坚盾铁骑|move: Taunt
|move|p1a: 坚盾铁骑|Brave Bird|p2a: Deoxys
|-damage|p2a: Deoxys|8/100
|-damage|p1a: 坚盾铁骑|93/100|[from] Recoil
|
|-weather|SunnyDay|[upkeep]
|upkeep
|turn|4
|
|t:|1760849081
|switch|p2a: Glimmora|Glimmora, M|100/100
|move|p1a: 坚盾铁骑|U-turn|p2a: Glimmora
|-resisted|p2a: Glimmora
|-damage|p2a: Glimmora|96/100
|-activate|p2a: Glimmora|ability: Toxic Debris
|-sidestart|p1: N0tC1evey|move: Toxic Spikes
|
|t:|1760849086
|switch|p1a: PinklePinkle|Alomomola, F|100/100|[from] U-turn
|-status|p1a: PinklePinkle|psn
|
|-weather|SunnyDay|[upkeep]
|-damage|p1a: PinklePinkle|88/100 psn|[from] psn
|upkeep
|turn|5
|
|t:|1760849094
|move|p2a: Glimmora|Stealth Rock|p1a: PinklePinkle
|-sidestart|p1: N0tC1evey|move: Stealth Rock
|move|p1a: PinklePinkle|Flip Turn|p2a: Glimmora
|-supereffective|p2a: Glimmora
|-damage|p2a: Glimmora|86/100
|-activate|p2a: Glimmora|ability: Toxic Debris
|-sidestart|p1: N0tC1evey|move: Toxic Spikes
|
|t:|1760849097
|switch|p1a: 坚盾铁骑|Corviknight, F, shiny|93/100|[from] Flip Turn
|-damage|p1a: 坚盾铁骑|81/100|[from] Stealth Rock
|
|-weather|SunnyDay|[upkeep]
|upkeep
|turn|6
|
|t:|1760849111
|move|p2a: Glimmora|Meteor Beam||[still]
|-prepare|p2a: Glimmora|Meteor Beam
|-boost|p2a: Glimmora|spa|1
|-enditem|p2a: Glimmora|Power Herb
|-anim|p2a: Glimmora|Meteor Beam|p1a: 坚盾铁骑
|-damage|p1a: 坚盾铁骑|9/100
|move|p1a: 坚盾铁骑|Defog|p2a: Glimmora
|-unboost|p2a: Glimmora|evasion|1
|-sideend|p2: SpankyMeyer|Reflect
|-sideend|p2: SpankyMeyer|move: Light Screen
|-sideend|p1: N0tC1evey|Toxic Spikes|[from] move: Defog|[of] p1a: 坚盾铁骑
|-sideend|p1: N0tC1evey|Stealth Rock|[from] move: Defog|[of] p1a: 坚盾铁骑
|
|-weather|SunnyDay|[upkeep]
|upkeep
|turn|7
|
|t:|1760849126
|move|p2a: Glimmora|Meteor Beam||[still]
|-prepare|p2a: Glimmora|Meteor Beam
|-boost|p2a: Glimmora|spa|1
|move|p1a: 坚盾铁骑|Roost|p1a: 坚盾铁骑
|-heal|p1a: 坚盾铁骑|59/100
|-singleturn|p1a: 坚盾铁骑|move: Roost
|
|-weather|SunnyDay|[upkeep]
|upkeep
|turn|8
|
|t:|1760849133
|switch|p1a: PinklePinkle|Alomomola, F|100/100 psn
|move|p2a: Glimmora|Meteor Beam|p1a: PinklePinkle|[from] lockedmove
|-damage|p1a: PinklePinkle|19/100 psn
|
|-weather|none
|-damage|p1a: PinklePinkle|6/100 psn|[from] psn
|upkeep
|turn|9
|
|t:|1760849141
|switch|p1a: 地鸣雷震寒彻骨|Sandy Shocks, shiny|100/100
|move|p2a: Glimmora|Earth Power|p1a: 地鸣雷震寒彻骨
|-supereffective|p1a: 地鸣雷震寒彻骨
|-damage|p1a: 地鸣雷震寒彻骨|5/100
|
|upkeep
|turn|10
|
|t:|1760849156
|switch|p2a: Great Tusk|Great Tusk|100/100
|-enditem|p2a: Great Tusk|Booster Energy
|-activate|p2a: Great Tusk|ability: Protosynthesis|[fromitem]
|-start|p2a: Great Tusk|protosynthesisspe
|move|p1a: 地鸣雷震寒彻骨|Earth Power|p2a: Great Tusk
|-damage|p2a: Great Tusk|42/100
|-unboost|p2a: Great Tusk|spd|1
|
|upkeep
|turn|11
|
|t:|1760849163
|-end|p1a: 地鸣雷震寒彻骨|Protosynthesis|[silent]
|switch|p1a: 坚盾铁骑|Corviknight, F, shiny|59/100
|move|p2a: Great Tusk|Headlong Rush|p1a: 坚盾铁骑
|-immune|p1a: 坚盾铁骑
|
|upkeep
|turn|12
|
|t:|1760849171
|switch|p1a: PinklePinkle|Alomomola, F|40/100 psn
|move|p2a: Great Tusk|Bulk Up|p2a: Great Tusk
|-boost|p2a: Great Tusk|atk|1
|-boost|p2a: Great Tusk|def|1
|
|-damage|p1a: PinklePinkle|27/100 psn|[from] psn
|upkeep
|turn|13
|
|t:|1760849178
|switch|p1a: Groudon.|Torkoal, M|100/100
|-weather|SunnyDay|[from] ability: Drought|[of] p1a: Groudon.
|move|p2a: Great Tusk|Head Smash|p1a: Groudon.
|-supereffective|p1a: Groudon.
|-damage|p1a: Groudon.|0 fnt
|faint|p1a: Groudon.
|-damage|p2a: Great Tusk|5/100|[from] Recoil
|
|-weather|SunnyDay|[upkeep]
|upkeep
|
|t:|1760849187
|switch|p1a: 储水硬接流星群|Walking Wake|100/100
|-activate|p1a: 储水硬接流星群|ability: Protosynthesis
|-start|p1a: 储水硬接流星群|protosynthesisspe
|turn|14
|
|t:|1760849215
|move|p1a: 储水硬接流星群|Hydro Steam|p2a: Great Tusk
|-supereffective|p2a: Great Tusk
|-damage|p2a: Great Tusk|0 fnt
|faint|p2a: Great Tusk
|-end|p2a: Great Tusk|Protosynthesis|[silent]
|
|-weather|SunnyDay|[upkeep]
|upkeep
|inactive|SpankyMeyer has 120 seconds left.
|
|t:|1760849227
|switch|p2a: Iron Valiant|Iron Valiant|100/100
|-enditem|p2a: Iron Valiant|Booster Energy
|-activate|p2a: Iron Valiant|ability: Quark Drive|[fromitem]
|-start|p2a: Iron Valiant|quarkdrivespe
|turn|15
|
|t:|1760849231
|move|p2a: Iron Valiant|Moonblast|p1a: 储水硬接流星群
|-supereffective|p1a: 储水硬接流星群
|-damage|p1a: 储水硬接流星群|0 fnt
|faint|p1a: 储水硬接流星群
|-end|p1a: 储水硬接流星群|Protosynthesis|[silent]
|
|-weather|SunnyDay|[upkeep]
|upkeep
|
|t:|1760849238
|switch|p1a: 跟你爆了|Cinderace, M|100/100
|turn|16
|
|t:|1760849253
|move|p2a: Iron Valiant|Knock Off|p1a: 跟你爆了
|-damage|p1a: 跟你爆了|60/100
|-enditem|p1a: 跟你爆了|Choice Band|[from] move: Knock Off|[of] p2a: Iron Valiant
|move|p1a: 跟你爆了|Pyro Ball|p2a: Iron Valiant
|-damage|p2a: Iron Valiant|0 fnt
|faint|p2a: Iron Valiant
|-end|p2a: Iron Valiant|Quark Drive|[silent]
|
|-weather|SunnyDay|[upkeep]
|upkeep
|
|t:|1760849261
|switch|p2a: Deoxys|Deoxys-Speed|8/100
|-ability|p2a: Deoxys|Pressure
|turn|17
|
|t:|1760849267
|move|p2a: Deoxys|Reflect|p2a: Deoxys
|-sidestart|p2: SpankyMeyer|Reflect
|move|p1a: 跟你爆了|U-turn|p2a: Deoxys
|-start|p1a: 跟你爆了|typechange|Bug|[from] ability: Libero
|-supereffective|p2a: Deoxys
|-damage|p2a: Deoxys|0 fnt
|faint|p2a: Deoxys
|
|t:|1760849270
|switch|p1a: 地鸣雷震寒彻骨|Sandy Shocks, shiny|5/100|[from] U-turn
|-activate|p1a: 地鸣雷震寒彻骨|ability: Protosynthesis
|-start|p1a: 地鸣雷震寒彻骨|protosynthesisspa
|
|-weather|SunnyDay|[upkeep]
|upkeep
|
|t:|1760849281
|switch|p2a: Dragonite|Dragonite, M|100/100
|turn|18
|
|t:|1760849289
|move|p1a: 地鸣雷震寒彻骨|Volt Switch|p2a: Dragonite
|-damage|p2a: Dragonite|77/100
|
|t:|1760849295
|-end|p1a: 地鸣雷震寒彻骨|Protosynthesis|[silent]
|switch|p1a: PinklePinkle|Alomomola, F|60/100 psn|[from] Volt Switch
|move|p2a: Dragonite|Dragon Dance|p2a: Dragonite
|-boost|p2a: Dragonite|atk|1
|-boost|p2a: Dragonite|spe|1
|
|-weather|SunnyDay|[upkeep]
|-damage|p1a: PinklePinkle|48/100 psn|[from] psn
|upkeep
|turn|19
|
|t:|1760849301
|move|p2a: Dragonite|Substitute|p2a: Dragonite
|-start|p2a: Dragonite|Substitute
|-damage|p2a: Dragonite|52/100
|move|p1a: PinklePinkle|Alluring Voice|p2a: Dragonite
|-supereffective|p2a: Dragonite
|-damage|p2a: Dragonite|30/100
|
|-weather|SunnyDay|[upkeep]
|-damage|p1a: PinklePinkle|35/100 psn|[from] psn
|upkeep
|turn|20
|
|t:|1760849308
|move|p2a: Dragonite|Earthquake|p1a: PinklePinkle
|-damage|p1a: PinklePinkle|2/100 psn
|move|p1a: PinklePinkle|Alluring Voice|p2a: Dragonite
|-supereffective|p2a: Dragonite
|-damage|p2a: Dragonite|10/100
|
|-weather|none
|-damage|p1a: PinklePinkle|0 fnt|[from] psn
|faint|p1a: PinklePinkle
|upkeep
|
|t:|1760849316
|switch|p1a: 坚盾铁骑|Corviknight, F, shiny|59/100
|turn|21
|
|t:|1760849321
|move|p2a: Dragonite|Dragon Dance|p2a: Dragonite
|-boost|p2a: Dragonite|atk|1
|-boost|p2a: Dragonite|spe|1
|move|p1a: 坚盾铁骑|Brave Bird|p2a: Dragonite
|-activate|p2a: Dragonite|move: Substitute|[damage]
|-damage|p1a: 坚盾铁骑|53/100|[from] Recoil|[of] p2a: Dragonite
|
|upkeep
|turn|22
|
|t:|1760849330
|move|p2a: Dragonite|Dragon Dance|p2a: Dragonite
|-boost|p2a: Dragonite|atk|1
|-boost|p2a: Dragonite|spe|1
|move|p1a: 坚盾铁骑|Roost|p1a: 坚盾铁骑
|-heal|p1a: 坚盾铁骑|100/100
|-singleturn|p1a: 坚盾铁骑|move: Roost
|
|upkeep
|turn|23
|
|t:|1760849335
|move|p2a: Dragonite|Dragon Dance|p2a: Dragonite
|-boost|p2a: Dragonite|atk|1
|-boost|p2a: Dragonite|spe|1
|move|p1a: 坚盾铁骑|Brave Bird|p2a: Dragonite
|-end|p2a: Dragonite|Substitute
|-damage|p1a: 坚盾铁骑|99/100|[from] Recoil|[of] p2a: Dragonite
|
|upkeep
|turn|24
|
|t:|1760849354
|-terastallize|p2a: Dragonite|Flying
|move|p2a: Dragonite|Tera Blast|p1a: 坚盾铁骑|[anim] Tera Blast Flying
|-resisted|p1a: 坚盾铁骑
|-damage|p1a: 坚盾铁骑|25/100
|move|p1a: 坚盾铁骑|Brave Bird|p2a: Dragonite
|-damage|p2a: Dragonite|0 fnt
|faint|p2a: Dragonite
|-damage|p1a: 坚盾铁骑|22/100|[from] Recoil
|
|-sideend|p2: SpankyMeyer|Reflect
|upkeep
|
|t:|1760849362
|switch|p2a: Kingambit|Kingambit, F|100/100
|-activate|p2a: Kingambit|ability: Supreme Overlord
|-start|p2a: Kingambit|fallen4|[silent]
|turn|25
|
|t:|1760849367
|move|p2a: Kingambit|Iron Head|p1a: 坚盾铁骑
|-resisted|p1a: 坚盾铁骑
|-damage|p1a: 坚盾铁骑|0 fnt
|faint|p1a: 坚盾铁骑
|
|upkeep
|
|t:|1760849370
|switch|p1a: 跟你爆了|Cinderace, M|60/100
|turn|26
|
|t:|1760849376
|move|p2a: Kingambit|Sucker Punch|p1a: 跟你爆了
|-damage|p1a: 跟你爆了|0 fnt
|faint|p1a: 跟你爆了
|
|upkeep
|
|t:|1760849379
|switch|p1a: 地鸣雷震寒彻骨|Sandy Shocks, shiny|5/100
|turn|27
|
|t:|1760849383
|move|p2a: Kingambit|Sucker Punch|p1a: 地鸣雷震寒彻骨
|-damage|p1a: 地鸣雷震寒彻骨|0 fnt
|faint|p1a: 地鸣雷震寒彻骨
|-end|p1a: 地鸣雷震寒彻骨|Protosynthesis|[silent]
|
|win|SpankyMeyer
|raw|N0tC1evey's rating: 1442 &rarr; <strong>1421</strong><br />(-21 for losing)
|raw|SpankyMeyer's rating: 1424 &rarr; <strong>1445</strong><br />(+21 for winning)
|l|☆N0tC1evey
|player|p1|
|l|☆SpankyMeyer
|player|p2|
