|j|☆Jesterdoodle
|j|☆scrubtest98
|t:|1760765840
|gametype|singles
|player|p1|Jesterdoodle|2|1290
|player|p2|scrubtest98|265|1317
|gen|9
|tier|[Gen 9] OU
|rated|
|rule|HP Percentage Mod: HP is shown in percentages
|rule|Endless Battle Clause: Forcing endless battles is banned
|rule|Species Clause: Limit one of each Pokémon
|rule|OHKO Clause: OHKO moves are banned
|rule|Evasion Items Clause: Evasion items are banned
|rule|Evasion Moves Clause: Evasion moves are banned
|rule|Evasion Abilities Clause: Evasion abilities are banned
|rule|Sleep Moves Clause: Sleep-inducing moves are banned
|clearpoke
|poke|p1|Skeledirge, M|
|poke|p1|Ditto|
|poke|p1|Zoroark-Hisui, M|
|poke|p1|Spiritomb, M|
|poke|p1|Mimikyu, M|
|poke|p1|Pecharunt|
|poke|p2|Rillaboom, F|
|poke|p2|Zamazenta-*|
|poke|p2|Heatran, M|
|poke|p2|Ogerpon-Wellspring, F|
|poke|p2|Great Tusk|
|poke|p2|Dragapult, F|
|teampreview
|l|☆scrubtest98
|player|p2|
|j|☆scrubtest98
|player|p2|scrubtest98|265|
|
|t:|1760765872
|teamsize|p1|6
|teamsize|p2|6
|start
|switch|p1a: Skeledirge|Skeledirge, M|100/100
|switch|p2a: Dragapult|Dragapult, F|100/100
|turn|1
|
|t:|1760765883
|move|p2a: Dragapult|Shadow Ball|p1a: Skeledirge
|-immune|p1a: Skeledirge
|move|p1a: Skeledirge|Bitter Malice|p2a: Dragapult
|-supereffective|p2a: Dragapult
|-damage|p2a: Dragapult|0 fnt
|faint|p2a: Dragapult
|
|upkeep
|
|t:|1760765899
|switch|p2a: Rillaboom|Rillaboom, F|100/100
|-fieldstart|move: Grassy Terrain|[from] ability: Grassy Surge|[of] p2a: Rillaboom
|turn|2
|
|t:|1760765907
|switch|p1a: Spiritomb|Spiritomb, M|100/100
|-ability|p1a: Spiritomb|Pressure
|move|p2a: Rillaboom|Knock Off|p1a: Spiritomb
|-damage|p1a: Spiritomb|45/100
|-enditem|p1a: Spiritomb|Leftovers|[from] move: Knock Off|[of] p2a: Rillaboom
|
|-heal|p1a: Spiritomb|51/100|[from] Grassy Terrain
|upkeep
|turn|3
|
|t:|1760765917
|switch|p2a: Heatran|Heatran, M|100/100
|move|p1a: Spiritomb|Will-O-Wisp|p2a: Heatran
|-start|p2a: Heatran|ability: Flash Fire
|
|-heal|p1a: Spiritomb|58/100|[from] Grassy Terrain
|upkeep
|turn|4
|
|t:|1760765928
|move|p2a: Heatran|Stealth Rock|p1a: Spiritomb
|-sidestart|p1: Jesterdoodle|move: Stealth Rock
|move|p1a: Spiritomb|Destiny Bond|p1a: Spiritomb
|-singlemove|p1a: Spiritomb|Destiny Bond
|
|-heal|p1a: Spiritomb|64/100|[from] Grassy Terrain
|upkeep
|turn|5
|
|t:|1760765937
|move|p2a: Heatran|Taunt|p1a: Spiritomb
|-start|p1a: Spiritomb|move: Taunt
|cant|p1a: Spiritomb|move: Taunt|Pain Split
|
|-heal|p1a: Spiritomb|70/100|[from] Grassy Terrain
|upkeep
|turn|6
|
|t:|1760765949
|switch|p1a: Skeledirge|Skeledirge, M|100/100
|-damage|p1a: Skeledirge|88/100|[from] Stealth Rock
|move|p2a: Heatran|Magma Storm|p1a: Skeledirge
|-damage|p1a: Skeledirge|0 fnt
|replace|p1a: Zoroark|Zoroark-Hisui, M
|-end|p1a: Zoroark|Illusion
|faint|p1a: Zoroark
|
|-fieldend|move: Grassy Terrain
|upkeep
|
|t:|1760765965
|switch|p1a: Ditto|Ditto|100/100
|-damage|p1a: Ditto|88/100|[from] Stealth Rock
|-transform|p1a: Ditto|p2a: Heatran|[from] ability: Imposter
|turn|7
|
|t:|1760765974
|-terastallize|p2a: Heatran|Grass
|move|p1a: Ditto|Stealth Rock|p2a: Heatran
|-sidestart|p2: scrubtest98|move: Stealth Rock
|move|p2a: Heatran|Earth Power|p1a: Ditto
|-supereffective|p1a: Ditto
|-damage|p1a: Ditto|0 fnt
|faint|p1a: Ditto
|
|upkeep
|
|t:|1760765984
|switch|p1a: Pecharunt|Pecharunt|100/100
|-damage|p1a: Pecharunt|88/100|[from] Stealth Rock
|turn|8
|
|t:|1760765995
|move|p2a: Heatran|Magma Storm|p1a: Pecharunt
|-damage|p1a: Pecharunt|0 fnt
|faint|p1a: Pecharunt
|
|upkeep
|-message|Jesterdoodle forfeited.
|
|win|scrubtest98
|raw|Jesterdoodle's rating: 1290 &rarr; <strong>1267</strong><br />(-23 for losing)
|raw|scrubtest98's rating: 1317 &rarr; <strong>1335</strong><br />(+18 for winning)
|l|☆Jesterdoodle
|player|p1|
|l|☆scrubtest98
|player|p2|
