|j|☆nemiprime
|j|☆Eclair_Dios__Mio
|t:|1760803015
|gametype|singles
|player|p1|nemiprime|266|1323
|player|p2|Eclair_Dios__Mio|serena-masters2|1332
|gen|9
|tier|[Gen 9] OU
|rated|
|rule|HP Percentage Mod: HP is shown in percentages
|rule|Endless Battle Clause: Forcing endless battles is banned
|rule|Species Clause: Limit one of each Pokémon
|rule|OHKO Clause: OHKO moves are banned
|rule|Evasion Items Clause: Evasion items are banned
|rule|Evasion Moves Clause: Evasion moves are banned
|rule|Evasion Abilities Clause: Evasion abilities are banned
|rule|Sleep Moves Clause: Sleep-inducing moves are banned
|clearpoke
|poke|p1|Hatterene, F|
|poke|p1|Scizor, F|
|poke|p1|Great Tusk|
|poke|p1|Rillaboom, M|
|poke|p1|Samurott-Hisui, M|
|poke|p1|Skeledirge, F|
|poke|p2|Luxray, M|
|poke|p2|Rillaboom, M|
|poke|p2|Serperior, F|
|poke|p2|Iron Moth|
|poke|p2|Hawlucha, F|
|poke|p2|Iron Treads|
|teampreview
|inactive|Battle timer is ON: inactive players will automatically lose when time's up. (requested by Eclair_Dios__Mio)
|
|t:|1760803022
|teamsize|p1|6
|teamsize|p2|6
|start
|switch|p1a: The Father|Samurott-Hisui, M|100/100
|switch|p2a: Iron Treads|Iron Treads, shiny|100/100
|-enditem|p2a: Iron Treads|Booster Energy
|-activate|p2a: Iron Treads|ability: Quark Drive|[fromitem]
|-start|p2a: Iron Treads|quarkdrivespe
|turn|1
|
|t:|1760803039
|move|p2a: Iron Treads|Earth Power|p1a: The Father
|-damage|p1a: The Father|50/100
|move|p1a: The Father|Razor Shell|p2a: Iron Treads
|-supereffective|p2a: Iron Treads
|-damage|p2a: Iron Treads|3/100
|-unboost|p2a: Iron Treads|def|1
|
|upkeep
|turn|2
|
|t:|1760803051
|move|p1a: The Father|Aqua Jet|p2a: Iron Treads
|-supereffective|p2a: Iron Treads
|-damage|p2a: Iron Treads|0 fnt
|faint|p2a: Iron Treads
|-end|p2a: Iron Treads|Quark Drive|[silent]
|
|upkeep
|
|t:|1760803058
|switch|p2a: Rillaboom|Rillaboom, M|100/100
|-fieldstart|move: Grassy Terrain|[from] ability: Grassy Surge|[of] p2a: Rillaboom
|turn|3
|
|t:|1760803065
|move|p1a: The Father|Aqua Jet|p2a: Rillaboom
|-resisted|p2a: Rillaboom
|-damage|p2a: Rillaboom|92/100
|move|p2a: Rillaboom|Grassy Glide|p1a: The Father
|-supereffective|p1a: The Father
|-damage|p1a: The Father|0 fnt
|faint|p1a: The Father
|
|-heal|p2a: Rillaboom|98/100|[from] Grassy Terrain
|upkeep
|
|t:|1760803078
|switch|p1a: Mariachi|Skeledirge, F|100/100
|turn|4
|inactive|nemiprime has 120 seconds left.
|
|t:|1760803109
|move|p2a: Rillaboom|Knock Off|p1a: Mariachi
|-supereffective|p1a: Mariachi
|-damage|p1a: Mariachi|39/100
|-enditem|p1a: Mariachi|Heavy-Duty Boots|[from] move: Knock Off|[of] p2a: Rillaboom
|move|p1a: Mariachi|Will-O-Wisp|p2a: Rillaboom
|-status|p2a: Rillaboom|brn
|
|-heal|p2a: Rillaboom|100/100 brn|[from] Grassy Terrain
|-heal|p1a: Mariachi|45/100|[from] Grassy Terrain
|-damage|p2a: Rillaboom|94/100 brn|[from] brn
|upkeep
|turn|5
|inactive|nemiprime has 120 seconds left.
|
|t:|1760803120
|move|p2a: Rillaboom|U-turn|p1a: Mariachi
|-resisted|p1a: Mariachi
|-damage|p1a: Mariachi|42/100
|
|t:|1760803123
|switch|p2a: Iron Moth|Iron Moth, shiny|100/100|[from] U-turn
|-enditem|p2a: Iron Moth|Booster Energy
|-activate|p2a: Iron Moth|ability: Quark Drive|[fromitem]
|-start|p2a: Iron Moth|quarkdrivespe
|move|p1a: Mariachi|Slack Off|p1a: Mariachi
|-heal|p1a: Mariachi|92/100
|
|-heal|p1a: Mariachi|99/100|[from] Grassy Terrain
|upkeep
|turn|6
|
|t:|1760803134
|move|p2a: Iron Moth|Sludge Wave|p1a: Mariachi
|-resisted|p1a: Mariachi
|-damage|p1a: Mariachi|80/100
|move|p1a: Mariachi|Torch Song|p2a: Iron Moth
|-resisted|p2a: Iron Moth
|-damage|p2a: Iron Moth|86/100
|-boost|p1a: Mariachi|spa|1
|
|-heal|p2a: Iron Moth|92/100|[from] Grassy Terrain
|-heal|p1a: Mariachi|86/100|[from] Grassy Terrain
|upkeep
|turn|7
|
|t:|1760803152
|-end|p2a: Iron Moth|Quark Drive|[silent]
|switch|p2a: Hawlucha|Hawlucha, F|100/100
|-enditem|p2a: Hawlucha|Grassy Seed
|-boost|p2a: Hawlucha|def|1|[from] item: Grassy Seed
|move|p1a: Mariachi|Torch Song|p2a: Hawlucha
|-damage|p2a: Hawlucha|41/100
|-boost|p1a: Mariachi|spa|1
|
|-heal|p1a: Mariachi|92/100|[from] Grassy Terrain
|upkeep
|turn|8
|
|t:|1760803164
|move|p2a: Hawlucha|Acrobatics|p1a: Mariachi
|-damage|p1a: Mariachi|53/100
|move|p1a: Mariachi|Torch Song|p2a: Hawlucha
|-damage|p2a: Hawlucha|0 fnt
|-boost|p1a: Mariachi|spa|1
|faint|p2a: Hawlucha
|
|-heal|p1a: Mariachi|59/100|[from] Grassy Terrain
|upkeep
|
|t:|1760803173
|switch|p2a: Serperior|Serperior, F|100/100
|turn|9
|
|t:|1760803180
|move|p2a: Serperior|Glare|p1a: Mariachi
|-status|p1a: Mariachi|par
|move|p1a: Mariachi|Torch Song|p2a: Serperior
|-supereffective|p2a: Serperior
|-damage|p2a: Serperior|0 fnt
|-boost|p1a: Mariachi|spa|1
|faint|p2a: Serperior
|
|-heal|p1a: Mariachi|65/100 par|[from] Grassy Terrain
|upkeep
|
|t:|1760803185
|switch|p2a: Rillaboom|Rillaboom, M|94/100 brn
|turn|10
|
|t:|1760803196
|move|p2a: Rillaboom|Knock Off|p1a: Mariachi
|-supereffective|p1a: Mariachi
|-damage|p1a: Mariachi|47/100 par
|cant|p1a: Mariachi|par
|
|-heal|p2a: Rillaboom|100/100 brn|[from] Grassy Terrain
|-heal|p1a: Mariachi|53/100 par|[from] Grassy Terrain
|-damage|p2a: Rillaboom|94/100 brn|[from] brn
|-fieldend|move: Grassy Terrain
|upkeep
|turn|11
|
|t:|1760803205
|move|p2a: Rillaboom|Knock Off|p1a: Mariachi
|-supereffective|p1a: Mariachi
|-damage|p1a: Mariachi|33/100 par
|move|p1a: Mariachi|Torch Song|p2a: Rillaboom
|-supereffective|p2a: Rillaboom
|-damage|p2a: Rillaboom|0 fnt
|-boost|p1a: Mariachi|spa|1
|faint|p2a: Rillaboom
|
|upkeep
|
|t:|1760803221
|switch|p2a: Waterdog|Luxray, M, shiny|100/100
|turn|12
|
|t:|1760803228
|move|p2a: Waterdog|Supercell Slam|p1a: Mariachi|[miss]
|-miss|p2a: Waterdog|p1a: Mariachi
|-damage|p2a: Waterdog|51/100|[from] supercellslam
|move|p1a: Mariachi|Slack Off|p1a: Mariachi
|-heal|p1a: Mariachi|83/100 par
|
|-status|p2a: Waterdog|brn|[from] item: Flame Orb
|upkeep
|turn|13
|
|t:|1760803238
|move|p2a: Waterdog|Supercell Slam|p1a: Mariachi
|-damage|p1a: Mariachi|27/100 par
|move|p1a: Mariachi|Torch Song|p2a: Waterdog
|-damage|p2a: Waterdog|0 fnt
|-boost|p1a: Mariachi|spa|1
|faint|p2a: Waterdog
|
|upkeep
|
|t:|1760803245
|switch|p2a: Iron Moth|Iron Moth, shiny|92/100
|turn|14
|
|t:|1760803254
|move|p2a: Iron Moth|Sludge Wave|p1a: Mariachi
|-resisted|p1a: Mariachi
|-damage|p1a: Mariachi|10/100 par
|move|p1a: Mariachi|Slack Off|p1a: Mariachi
|-heal|p1a: Mariachi|60/100 par
|
|upkeep
|turn|15
|
|t:|1760803266
|move|p2a: Iron Moth|Energy Ball|p1a: Mariachi
|-resisted|p1a: Mariachi
|-damage|p1a: Mariachi|48/100 par
|move|p1a: Mariachi|Hex|p2a: Iron Moth
|-damage|p2a: Iron Moth|0 fnt
|faint|p2a: Iron Moth
|-end|p2a: Iron Moth|Quark Drive|[silent]
|
|win|nemiprime
|raw|nemiprime's rating: 1323 &rarr; <strong>1344</strong><br />(+21 for winning)
|raw|Eclair_Dios__Mio's rating: 1332 &rarr; <strong>1311</strong><br />(-21 for losing)
|l|☆Eclair_Dios__Mio
|player|p2|
