|badge|p1|bronze|gen9ou|100-7
|uhtml|medal-msg|<div class="broadcast-blue">Curious what those medals under the avatar are? PS now has Ladder Seasons! For more information, check out the <a href="https://www.smogon.com/forums/threads/3740067/">thread on Smogon.</a></div>
|badge|p2|silver|gen9ou|30-7
|uhtml|medal-msg|<div class="broadcast-blue">Curious what those medals under the avatar are? PS now has Ladder Seasons! For more information, check out the <a href="https://www.smogon.com/forums/threads/3740067/">thread on Smogon.</a></div>
|j|☆ouww miguel o hara
|j|☆torvik en place
|t:|1760879802
|gametype|singles
|player|p1|ouww miguel o hara|giovanni|1890
|player|p2|torvik en place|lucas|1979
|gen|9
|tier|[Gen 9] OU
|rated|
|rule|HP Percentage Mod: HP is shown in percentages
|rule|Endless Battle Clause: Forcing endless battles is banned
|rule|Species Clause: Limit one of each Pokémon
|rule|OHKO Clause: OHKO moves are banned
|rule|Evasion Items Clause: Evasion items are banned
|rule|Evasion Moves Clause: Evasion moves are banned
|rule|Evasion Abilities Clause: Evasion abilities are banned
|rule|Sleep Moves Clause: Sleep-inducing moves are banned
|clearpoke
|poke|p1|Zamazenta-*|
|poke|p1|Iron Moth|
|poke|p1|Gliscor, M|
|poke|p1|Clefable, F|
|poke|p1|Blissey, F|
|poke|p1|Dragapult, M|
|poke|p2|Enamorus, F|
|poke|p2|Darkrai|
|poke|p2|Cinderace, F|
|poke|p2|Great Tusk|
|poke|p2|Alomomola, F|
|poke|p2|Amoonguss, F|
|teampreview
|j| PalletTownNoob
|j| nsdede
|j| No_Safe_Prayer
|
|t:|1760879847
|teamsize|p1|6
|teamsize|p2|6
|start
|switch|p1a: Blissey|Blissey, F|100/100
|switch|p2a: Darkrai|Darkrai|100/100
|turn|1
|inactive|Battle timer is ON: inactive players will automatically lose when time's up. (requested by ouww miguel o hara)
|
|t:|1760879857
|switch|p2a: Great Tusk|Great Tusk|100/100
|move|p1a: Blissey|Thunder Wave|p2a: Great Tusk
|-immune|p2a: Great Tusk
|
|upkeep
|turn|2
|
|t:|1760879872
|move|p2a: Great Tusk|Close Combat|p1a: Blissey
|-supereffective|p1a: Blissey
|-damage|p1a: Blissey|0 fnt
|-unboost|p2a: Great Tusk|def|1
|-unboost|p2a: Great Tusk|spd|1
|faint|p1a: Blissey
|
|upkeep
|
|t:|1760879878
|switch|p1a: Dragapult|Dragapult, M|100/100
|turn|3
|
|t:|1760879898
|-end|p2a: Great Tusk|Protosynthesis|[silent]
|switch|p2a: Alomomola|Alomomola, F|100/100
|move|p1a: Dragapult|Will-O-Wisp|p2a: Alomomola
|-status|p2a: Alomomola|brn
|
|-damage|p2a: Alomomola|94/100 brn|[from] brn
|upkeep
|turn|4
|
|t:|1760879903
|move|p1a: Dragapult|Substitute|p1a: Dragapult
|-start|p1a: Dragapult|Substitute
|-damage|p1a: Dragapult|76/100
|move|p2a: Alomomola|Flip Turn|p1a: Dragapult
|-resisted|p1a: Dragapult
|-activate|p1a: Dragapult|move: Substitute|[damage]
|inactive|torvik en place has 120 seconds left.
|
|t:|1760879940
|switch|p2a: Amoonguss|Amoonguss, F|100/100|[from] Flip Turn
|
|upkeep
|turn|5
|
|t:|1760879944
|move|p1a: Dragapult|Will-O-Wisp|p2a: Amoonguss
|-status|p2a: Amoonguss|brn
|move|p2a: Amoonguss|Leaf Storm|p1a: Dragapult
|-resisted|p1a: Dragapult
|-end|p1a: Dragapult|Substitute
|-unboost|p2a: Amoonguss|spa|2
|-enditem|p2a: Amoonguss|Eject Pack
|inactive|torvik en place has 120 seconds left.
|
|t:|1760879954
|switch|p2a: Enamorus|Enamorus, F|100/100
|
|upkeep
|turn|6
|
|t:|1760879957
|switch|p1a: Gliscor|Gliscor, M|100/100
|move|p2a: Enamorus|Earth Power|p1a: Gliscor
|-immune|p1a: Gliscor
|
|-status|p1a: Gliscor|tox|[from] item: Toxic Orb
|upkeep
|turn|7
|
|t:|1760879964
|switch|p2a: Alomomola|Alomomola, F|100/100 brn
|switch|p1a: Dragapult|Dragapult, M|76/100
|
|-damage|p2a: Alomomola|94/100 brn|[from] brn
|upkeep
|turn|8
|
|t:|1760879967
|move|p1a: Dragapult|Substitute|p1a: Dragapult
|-start|p1a: Dragapult|Substitute
|-damage|p1a: Dragapult|51/100
|move|p2a: Alomomola|Flip Turn|p1a: Dragapult
|-resisted|p1a: Dragapult
|-activate|p1a: Dragapult|move: Substitute|[damage]
|inactive|torvik en place has 120 seconds left.
|
|t:|1760880000
|switch|p2a: Cinderace|Cinderace, F|100/100|[from] Flip Turn
|
|upkeep
|turn|9
|
|t:|1760880004
|move|p1a: Dragapult|Dragon Darts|p2a: Cinderace
|-damage|p2a: Cinderace|75/100
|-anim|p1a: Dragapult|Dragon Darts|p2a: Cinderace
|-damage|p2a: Cinderace|51/100
|move|p2a: Cinderace|Pyro Ball|p1a: Dragapult
|-resisted|p1a: Dragapult
|-end|p1a: Dragapult|Substitute
|
|upkeep
|turn|10
|
|t:|1760880011
|move|p1a: Dragapult|Dragon Darts|p2a: Cinderace
|-damage|p2a: Cinderace|28/100
|-anim|p1a: Dragapult|Dragon Darts|p2a: Cinderace
|-damage|p2a: Cinderace|5/100
|move|p2a: Cinderace|Pyro Ball|p1a: Dragapult
|-resisted|p1a: Dragapult
|-damage|p1a: Dragapult|0 fnt
|faint|p1a: Dragapult
|
|upkeep
|
|t:|1760880017
|switch|p1a: Gliscor|Gliscor, M|100/100 tox
|turn|11
|
|t:|1760880022
|switch|p2a: Alomomola|Alomomola, F|100/100 brn
|move|p1a: Gliscor|Knock Off|p2a: Alomomola
|-damage|p2a: Alomomola|85/100 brn
|-enditem|p2a: Alomomola|Assault Vest|[from] move: Knock Off|[of] p1a: Gliscor
|
|-damage|p2a: Alomomola|79/100 brn|[from] brn
|upkeep
|turn|12
|
|t:|1760880026
|move|p1a: Gliscor|Protect|p1a: Gliscor
|-singleturn|p1a: Gliscor|Protect
|move|p2a: Alomomola|Flip Turn|p1a: Gliscor
|-activate|p1a: Gliscor|move: Protect
|
|-damage|p2a: Alomomola|73/100 brn|[from] brn
|upkeep
|turn|13
|
|t:|1760880028
|move|p1a: Gliscor|Earthquake|p2a: Alomomola
|-damage|p2a: Alomomola|49/100 brn
|move|p2a: Alomomola|Flip Turn|p1a: Gliscor
|-supereffective|p1a: Gliscor
|-damage|p1a: Gliscor|89/100 tox
|
|t:|1760880038
|switch|p2a: Enamorus|Enamorus, F|100/100|[from] Flip Turn
|
|-heal|p1a: Gliscor|100/100 tox|[from] ability: Poison Heal
|upkeep
|turn|14
|j| Ctannn
|
|t:|1760880045
|move|p2a: Enamorus|Moonblast|p1a: Gliscor
|-damage|p1a: Gliscor|30/100 tox
|move|p1a: Gliscor|Toxic|p2a: Enamorus|[miss]
|-miss|p1a: Gliscor|p2a: Enamorus
|
|-heal|p1a: Gliscor|43/100 tox|[from] ability: Poison Heal
|upkeep
|turn|15
|
|t:|1760880050
|move|p1a: Gliscor|Protect|p1a: Gliscor
|-singleturn|p1a: Gliscor|Protect
|move|p2a: Enamorus|Moonblast|p1a: Gliscor
|-activate|p1a: Gliscor|move: Protect
|
|-heal|p1a: Gliscor|55/100 tox|[from] ability: Poison Heal
|upkeep
|turn|16
|
|t:|1760880053
|switch|p1a: Iron Moth|Iron Moth|100/100
|move|p2a: Enamorus|Moonblast|p1a: Iron Moth
|-resisted|p1a: Iron Moth
|-damage|p1a: Iron Moth|81/100
|
|upkeep
|turn|17
|
|t:|1760880056
|switch|p2a: Alomomola|Alomomola, F|83/100 brn
|-end|p1a: Iron Moth|Quark Drive|[silent]
|switch|p1a: Gliscor|Gliscor, M|55/100 tox
|
|-heal|p1a: Gliscor|67/100 tox|[from] ability: Poison Heal
|-damage|p2a: Alomomola|76/100 brn|[from] brn
|upkeep
|turn|18
|
|t:|1760880059
|switch|p2a: Darkrai|Darkrai|100/100
|move|p1a: Gliscor|Protect||[still]
|-fail|p1a: Gliscor
|
|-heal|p1a: Gliscor|80/100 tox|[from] ability: Poison Heal
|upkeep
|turn|19
|
|t:|1760880064
|move|p2a: Darkrai|Ice Beam|p1a: Gliscor
|-supereffective|p1a: Gliscor
|-damage|p1a: Gliscor|0 fnt
|faint|p1a: Gliscor
|
|upkeep
|l| Ctannn
|
|t:|1760880067
|switch|p1a: Zamazenta|Zamazenta|100/100
|-ability|p1a: Zamazenta|Dauntless Shield|boost
|-boost|p1a: Zamazenta|def|1
|turn|20
|
|t:|1760880069
|switch|p2a: Amoonguss|Amoonguss, F|100/100 brn
|move|p1a: Zamazenta|Iron Defense|p1a: Zamazenta
|-boost|p1a: Zamazenta|def|2
|
|-damage|p2a: Amoonguss|94/100 brn|[from] brn
|upkeep
|turn|21
|j| chemfruit
|
|t:|1760880076
|move|p1a: Zamazenta|Body Press|p2a: Amoonguss
|-resisted|p2a: Amoonguss
|-damage|p2a: Amoonguss|56/100 brn
|move|p2a: Amoonguss|Clear Smog|p1a: Zamazenta
|-crit|p1a: Zamazenta
|-damage|p1a: Zamazenta|80/100
|-clearboost|p1a: Zamazenta
|
|-heal|p1a: Zamazenta|87/100|[from] item: Leftovers
|-damage|p2a: Amoonguss|50/100 brn|[from] brn
|upkeep
|turn|22
|j| Ctannn
|
|t:|1760880079
|switch|p1a: Iron Moth|Iron Moth|81/100
|move|p2a: Amoonguss|Toxic|p1a: Iron Moth
|-immune|p1a: Iron Moth
|
|-damage|p2a: Amoonguss|44/100 brn|[from] brn
|upkeep
|turn|23
|
|t:|1760880086
|switch|p2a: Alomomola|Alomomola, F|100/100 brn
|move|p1a: Iron Moth|Sludge Wave|p2a: Alomomola
|-damage|p2a: Alomomola|55/100 brn
|
|-damage|p2a: Alomomola|49/100 brn|[from] brn
|upkeep
|turn|24
|
|t:|1760880096
|move|p1a: Iron Moth|Sludge Wave|p2a: Alomomola
|-damage|p2a: Alomomola|6/100 brn
|move|p2a: Alomomola|Flip Turn|p1a: Iron Moth
|-supereffective|p1a: Iron Moth
|-damage|p1a: Iron Moth|51/100
|
|t:|1760880106
|switch|p2a: Great Tusk|Great Tusk|100/100|[from] Flip Turn
|
|upkeep
|turn|25
|
|t:|1760880110
|-end|p1a: Iron Moth|Quark Drive|[silent]
|switch|p1a: Zamazenta|Zamazenta|87/100
|move|p2a: Great Tusk|Headlong Rush|p1a: Zamazenta
|-damage|p1a: Zamazenta|45/100
|-unboost|p2a: Great Tusk|def|1
|-unboost|p2a: Great Tusk|spd|1
|
|-heal|p1a: Zamazenta|51/100|[from] item: Leftovers
|upkeep
|turn|26
|
|t:|1760880114
|-terastallize|p2a: Great Tusk|Ground
|move|p2a: Great Tusk|Headlong Rush|p1a: Zamazenta
|-damage|p1a: Zamazenta|0 fnt
|-unboost|p2a: Great Tusk|def|1
|-unboost|p2a: Great Tusk|spd|1
|faint|p1a: Zamazenta
|
|upkeep
|
|t:|1760880120
|switch|p1a: Clefable|Clefable, F|100/100
|turn|27
|
|t:|1760880125
|move|p2a: Great Tusk|Headlong Rush|p1a: Clefable
|-damage|p1a: Clefable|38/100
|-unboost|p2a: Great Tusk|def|1
|-unboost|p2a: Great Tusk|spd|1
|move|p1a: Clefable|Cosmic Power|p1a: Clefable
|-boost|p1a: Clefable|def|1
|-boost|p1a: Clefable|spd|1
|
|upkeep
|turn|28
|
|t:|1760880128
|move|p2a: Great Tusk|Headlong Rush|p1a: Clefable
|-crit|p1a: Clefable
|-damage|p1a: Clefable|0 fnt
|-unboost|p2a: Great Tusk|def|1
|-unboost|p2a: Great Tusk|spd|1
|faint|p1a: Clefable
|
|upkeep
|-message|ouww miguel o hara forfeited.
|
|win|torvik en place
|raw|ouww miguel o hara's rating: 1890 &rarr; <strong>1873</strong><br />(-17 for losing)
|raw|torvik en place's rating: 1947 &rarr; <strong>1964</strong><br />(+17 for winning)
|l|☆ouww miguel o hara
|player|p1|
|l|☆torvik en place
|player|p2|
|c| No_Safe_Prayer|that dude played bad asf
|l| No_Safe_Prayer
|l| nsdede
|l| chemfruit
|l| Ctannn
