|j|☆Gyro_794
|j|☆Dark Aircon Aircon
|t:|1760771688
|gametype|singles
|player|p1|Gyro_794|byron|1172
|player|p2|Dark Aircon Aircon|266|1148
|gen|9
|tier|[Gen 9] OU
|rated|
|rule|HP Percentage Mod: HP is shown in percentages
|rule|Endless Battle Clause: Forcing endless battles is banned
|rule|Species Clause: Limit one of each Pokémon
|rule|OHKO Clause: OHKO moves are banned
|rule|Evasion Items Clause: Evasion items are banned
|rule|Evasion Moves Clause: Evasion moves are banned
|rule|Evasion Abilities Clause: Evasion abilities are banned
|rule|Sleep Moves Clause: Sleep-inducing moves are banned
|clearpoke
|poke|p1|Duraludon, F|
|poke|p1|Electrode-Hisui|
|poke|p1|Indeedee-F, F|
|poke|p1|Jirachi|
|poke|p1|Iron Boulder|
|poke|p1|Armarouge, F|
|poke|p2|Electivire, M|
|poke|p2|Arboliva, M|
|poke|p2|Corviknight, M|
|poke|p2|Porygon-Z|
|poke|p2|Alomomola, F|
|poke|p2|Heatran, M|
|teampreview
|inactive|Battle timer is ON: inactive players will automatically lose when time's up. (requested by Dark Aircon Aircon)
|
|t:|1760771738
|teamsize|p1|6
|teamsize|p2|6
|start
|switch|p1a: Indeedee|Indeedee-F, F|100/100
|switch|p2a: Porygon-Z|Porygon-Z|100/100
|-fieldstart|move: Psychic Terrain|[from] ability: Psychic Surge|[of] p1a: Indeedee
|turn|1
|
|t:|1760771748
|move|p2a: Porygon-Z|Nasty Plot|p2a: Porygon-Z
|-boost|p2a: Porygon-Z|spa|2
|move|p1a: Indeedee|Light Screen|p1a: Indeedee
|-sidestart|p1: Gyro_794|move: Light Screen
|
|upkeep
|turn|2
|
|t:|1760771772
|switch|p1a: Jirachi|Jirachi|100/100
|move|p2a: Porygon-Z|Tera Blast|p1a: Jirachi
|-resisted|p1a: Jirachi
|-damage|p1a: Jirachi|67/100
|
|upkeep
|turn|3
|
|t:|1760771785
|switch|p2a: Electivire|Electivire, M|100/100
|-terastallize|p1a: Jirachi|Stellar
|move|p1a: Jirachi|Meteor Beam||[still]
|-prepare|p1a: Jirachi|Meteor Beam
|-boost|p1a: Jirachi|spa|1
|-enditem|p1a: Jirachi|Power Herb
|-anim|p1a: Jirachi|Meteor Beam|p2a: Electivire
|-damage|p2a: Electivire|28/100
|
|-heal|p2a: Electivire|34/100|[from] item: Leftovers
|upkeep
|turn|4
|inactive|Dark Aircon Aircon has 120 seconds left.
|
|t:|1760771819
|switch|p2a: Corviknight|Corviknight, M|100/100
|move|p1a: Jirachi|Aura Sphere|p2a: Corviknight
|-damage|p2a: Corviknight|63/100
|
|upkeep
|turn|5
|inactive|Dark Aircon Aircon has 120 seconds left.
|inactive|Dark Aircon Aircon has 90 seconds left.
|
|t:|1760771862
|move|p1a: Jirachi|Thunder|p2a: Corviknight
|-supereffective|p2a: Corviknight
|-damage|p2a: Corviknight|0 fnt
|faint|p2a: Corviknight
|
|-sideend|p1: Gyro_794|move: Light Screen
|upkeep
|inactive|Dark Aircon Aircon has 90 seconds left.
|
|t:|1760771867
|switch|p2a: Arboliva|Arboliva, M|100/100
|turn|6
|
|t:|1760771878
|-terastallize|p2a: Arboliva|Grass
|move|p1a: Jirachi|Expanding Force|p2a: Arboliva
|-damage|p2a: Arboliva|14/100
|-fieldstart|move: Grassy Terrain|[from] ability: Seed Sower|[of] p2a: Arboliva
|move|p2a: Arboliva|Leech Seed|p1a: Jirachi
|-start|p1a: Jirachi|move: Leech Seed
|
|-heal|p1a: Jirachi|74/100|[from] Grassy Terrain
|-heal|p2a: Arboliva|20/100|[from] Grassy Terrain
|-heal|p2a: Arboliva|26/100|[from] item: Leftovers
|-damage|p1a: Jirachi|61/100|[from] Leech Seed|[of] p2a: Arboliva
|-heal|p2a: Arboliva|38/100|[silent]
|upkeep
|turn|7
|
|t:|1760771891
|move|p1a: Jirachi|Expanding Force|p2a: Arboliva
|-damage|p2a: Arboliva|2/100
|move|p2a: Arboliva|Strength Sap|p1a: Jirachi
|-unboost|p1a: Jirachi|atk|1
|-heal|p2a: Arboliva|53/100
|
|-heal|p1a: Jirachi|67/100|[from] Grassy Terrain
|-heal|p2a: Arboliva|59/100|[from] Grassy Terrain
|-heal|p2a: Arboliva|65/100|[from] item: Leftovers
|-damage|p1a: Jirachi|55/100|[from] Leech Seed|[of] p2a: Arboliva
|-heal|p2a: Arboliva|77/100|[silent]
|upkeep
|turn|8
|
|t:|1760771905
|switch|p1a: Indeedee|Indeedee-F, F|100/100
|-fieldstart|move: Psychic Terrain|[from] ability: Psychic Surge|[of] p1a: Indeedee
|move|p2a: Arboliva|Strength Sap|p1a: Indeedee
|-unboost|p1a: Indeedee|atk|1
|-heal|p2a: Arboliva|100/100
|
|upkeep
|turn|9
|
|t:|1760771923
|move|p1a: Indeedee|Light Screen|p1a: Indeedee
|-sidestart|p1: Gyro_794|move: Light Screen
|move|p2a: Arboliva|Leech Seed|p1a: Indeedee
|-start|p1a: Indeedee|move: Leech Seed
|
|-damage|p1a: Indeedee|88/100|[from] Leech Seed|[of] p2a: Arboliva
|upkeep
|turn|10
|inactive|Gyro_794 has 120 seconds left.
|
|t:|1760771950
|switch|p1a: Iron Boulder|Iron Boulder|100/100
|-enditem|p1a: Iron Boulder|Booster Energy
|-activate|p1a: Iron Boulder|ability: Quark Drive|[fromitem]
|-start|p1a: Iron Boulder|quarkdriveatk
|move|p2a: Arboliva|Giga Drain|p1a: Iron Boulder
|-supereffective|p1a: Iron Boulder
|-damage|p1a: Iron Boulder|59/100
|
|upkeep
|turn|11
|inactive|Gyro_794 has 120 seconds left.
|inactive|Dark Aircon Aircon has 120 seconds left.
|
|t:|1760771960
|move|p1a: Iron Boulder|Poison Jab|p2a: Arboliva
|-supereffective|p2a: Arboliva
|-damage|p2a: Arboliva|22/100
|-status|p2a: Arboliva|psn
|-fieldstart|move: Grassy Terrain|[from] ability: Seed Sower|[of] p2a: Arboliva
|move|p2a: Arboliva|Giga Drain|p1a: Iron Boulder
|-supereffective|p1a: Iron Boulder
|-damage|p1a: Iron Boulder|1/100
|-heal|p2a: Arboliva|47/100 psn|[from] drain|[of] p1a: Iron Boulder
|
|-heal|p1a: Iron Boulder|7/100|[from] Grassy Terrain
|-heal|p2a: Arboliva|54/100 psn|[from] Grassy Terrain
|-heal|p2a: Arboliva|60/100 psn|[from] item: Leftovers
|-damage|p2a: Arboliva|47/100 psn|[from] psn
|upkeep
|turn|12
|inactive|Gyro_794 has 120 seconds left.
|inactive|Dark Aircon Aircon has 120 seconds left.
|
|t:|1760771984
|switch|p2a: Alomomola|Alomomola, F|100/100
|move|p1a: Iron Boulder|Poison Jab|p2a: Alomomola
|-damage|p2a: Alomomola|79/100
|-status|p2a: Alomomola|psn
|
|-heal|p1a: Iron Boulder|14/100|[from] Grassy Terrain
|-heal|p2a: Alomomola|85/100 psn|[from] Grassy Terrain
|-damage|p2a: Alomomola|72/100 psn|[from] psn
|upkeep
|turn|13
|inactive|Gyro_794 has 120 seconds left.
|
|t:|1760771996
|-end|p1a: Iron Boulder|Quark Drive|[silent]
|switch|p1a: Indeedee|Indeedee-F, F|88/100
|-fieldstart|move: Psychic Terrain|[from] ability: Psychic Surge|[of] p1a: Indeedee
|move|p2a: Alomomola|Aqua Jet|p1a: Indeedee
|-activate|p1a: Indeedee|move: Psychic Terrain
|
|-damage|p2a: Alomomola|60/100 psn|[from] psn
|-sideend|p1: Gyro_794|move: Light Screen
|upkeep
|turn|14
|
|t:|1760772006
|move|p1a: Indeedee|Light Screen|p1a: Indeedee
|-sidestart|p1: Gyro_794|move: Light Screen
|move|p2a: Alomomola|Wish|p2a: Alomomola
|
|-damage|p2a: Alomomola|48/100 psn|[from] psn
|upkeep
|turn|15
|
|t:|1760772011
|move|p1a: Indeedee|Healing Wish|p1a: Indeedee
|faint|p1a: Indeedee
|move|p2a: Alomomola|Flip Turn|p1: Indeedee|[notarget]
|-fail|p2a: Alomomola
|
|-heal|p2a: Alomomola|98/100 psn|[from] move: Wish|[wisher] Alomomola
|-damage|p2a: Alomomola|85/100 psn|[from] psn
|upkeep
|
|t:|1760772018
|switch|p1a: Iron Boulder|Iron Boulder|14/100
|-heal|p1a: Iron Boulder|100/100|[from] move: Healing Wish
|turn|16
|
|t:|1760772030
|-end|p1a: Iron Boulder|Quark Drive|[silent]
|switch|p1a: Armarouge|Armarouge, F|100/100
|move|p2a: Alomomola|Wish|p2a: Alomomola
|
|-damage|p2a: Alomomola|73/100 psn|[from] psn
|upkeep
|turn|17
|
|t:|1760772052
|move|p1a: Armarouge|Calm Mind|p1a: Armarouge
|-boost|p1a: Armarouge|spa|1
|-boost|p1a: Armarouge|spd|1
|move|p2a: Alomomola|Wish||[still]
|-fail|p2a: Alomomola
|
|-heal|p2a: Alomomola|100/100 psn|[from] move: Wish|[wisher] Alomomola
|-damage|p2a: Alomomola|88/100 psn|[from] psn
|upkeep
|turn|18
|inactive|Dark Aircon Aircon has 120 seconds left.
|
|t:|1760772076
|switch|p2a: Heatran|Heatran, M|100/100
|move|p1a: Armarouge|Expanding Force|p2a: Heatran
|-resisted|p2a: Heatran
|-damage|p2a: Heatran|66/100
|
|-heal|p2a: Heatran|72/100|[from] item: Leftovers
|-sideend|p1: Gyro_794|move: Light Screen
|upkeep
|turn|19
|
|t:|1760772086
|move|p1a: Armarouge|Aura Sphere|p2a: Heatran
|-supereffective|p2a: Heatran
|-damage|p2a: Heatran|22/100
|move|p2a: Heatran|Substitute|p2a: Heatran
|-fail|p2a: Heatran|move: Substitute|[weak]
|
|-heal|p2a: Heatran|28/100|[from] item: Leftovers
|upkeep
|turn|20
|
|t:|1760772098
|switch|p2a: Alomomola|Alomomola, F|100/100 psn
|move|p1a: Armarouge|Expanding Force|p2a: Alomomola
|-damage|p2a: Alomomola|0 fnt
|faint|p2a: Alomomola
|
|-fieldend|move: Psychic Terrain
|upkeep
|
|t:|1760772105
|switch|p2a: Porygon-Z|Porygon-Z|100/100
|turn|21
|
|t:|1760772112
|move|p2a: Porygon-Z|Nasty Plot|p2a: Porygon-Z
|-boost|p2a: Porygon-Z|spa|2
|move|p1a: Armarouge|Aura Sphere|p2a: Porygon-Z
|-supereffective|p2a: Porygon-Z
|-crit|p2a: Porygon-Z
|-damage|p2a: Porygon-Z|0 fnt
|faint|p2a: Porygon-Z
|
|upkeep
|
|t:|1760772118
|switch|p2a: Arboliva|Arboliva, M, tera:Grass|47/100 psn
|turn|22
|
|t:|1760772122
|switch|p2a: Heatran|Heatran, M|28/100
|move|p1a: Armarouge|Fire Blast|p2a: Heatran
|-start|p2a: Heatran|ability: Flash Fire
|
|-heal|p2a: Heatran|35/100|[from] item: Leftovers
|upkeep
|turn|23
|
|t:|1760772133
|move|p1a: Armarouge|Aura Sphere|p2a: Heatran
|-supereffective|p2a: Heatran
|-damage|p2a: Heatran|0 fnt
|faint|p2a: Heatran
|
|upkeep
|
|t:|1760772136
|switch|p2a: Arboliva|Arboliva, M, tera:Grass|47/100 psn
|turn|24
|c|☆Gyro_794|quit
|
|t:|1760772142
|move|p1a: Armarouge|Fire Blast|p2a: Arboliva
|-supereffective|p2a: Arboliva
|-damage|p2a: Arboliva|0 fnt
|-fieldstart|move: Grassy Terrain|[from] ability: Seed Sower|[of] p2a: Arboliva
|faint|p2a: Arboliva
|
|upkeep
|
|t:|1760772144
|switch|p2a: Electivire|Electivire, M|34/100
|turn|25
|
|t:|1760772151
|move|p2a: Electivire|Thunder Wave|p1a: Armarouge
|-status|p1a: Armarouge|par
|move|p1a: Armarouge|Expanding Force|p2a: Electivire
|-damage|p2a: Electivire|0 fnt
|faint|p2a: Electivire
|
|win|Gyro_794
|raw|Gyro_794's rating: 1172 &rarr; <strong>1195</strong><br />(+23 for winning)
|raw|Dark Aircon Aircon's rating: 1148 &rarr; <strong>1125</strong><br />(-23 for losing)
|l|☆Gyro_794
|player|p1|
|l|☆Dark Aircon Aircon
|player|p2|
