|j|☆vigilantenrique
|j|☆cabbageKlerk
|t:|1760837346
|gametype|singles
|player|p1|vigilantenrique|lucas|
|player|p2|cabbageKlerk|caitlin|
|gen|9
|tier|[Gen 9] OU
|rule|HP Percentage Mod: HP is shown in percentages
|rule|Endless Battle Clause: Forcing endless battles is banned
|rule|Species Clause: Limit one of each Pokémon
|rule|OHKO Clause: OHKO moves are banned
|rule|Evasion Items Clause: Evasion items are banned
|rule|Evasion Moves Clause: Evasion moves are banned
|rule|Evasion Abilities Clause: Evasion abilities are banned
|rule|Sleep Moves Clause: Sleep-inducing moves are banned
|clearpoke
|poke|p1|Cyclizar, M|
|poke|p1|Porygon-Z|
|poke|p1|Snorlax, M|
|poke|p1|Ursaluna, F|
|poke|p1|Zoroark-Hisui, F|
|poke|p1|Braviary-Hisui, M|
|poke|p2|Florges, F|
|poke|p2|Serperior, M|
|poke|p2|Swampert, M|
|poke|p2|Electivire, M|
|poke|p2|Blaziken, F|
|poke|p2|Hydreigon, M|
|teampreview
|c|☆vigilantenrique|glhf
|c|☆cabbageKlerk|oooh :D
|
|t:|1760837360
|teamsize|p1|6
|teamsize|p2|6
|start
|switch|p1a: Cyclizar|Cyclizar, M|100/100
|switch|p2a: Swampert|Swampert, M|100/100
|turn|1
|c|☆cabbageKlerk|glhf!!!
|
|t:|1760837368
|move|p1a: Cyclizar|Taunt|p2a: Swampert
|-start|p2a: Swampert|move: Taunt
|cant|p2a: Swampert|move: Taunt|Stealth Rock
|
|upkeep
|turn|2
|
|t:|1760837373
|move|p1a: Cyclizar|U-turn|p2a: Swampert
|-damage|p2a: Swampert|88/100
|
|t:|1760837381
|switch|p1a: Snorlax|Snorlax, M|100/100|[from] U-turn
|move|p2a: Swampert|Ice Punch|p1a: Snorlax
|-damage|p1a: Snorlax|78/100
|
|-heal|p2a: Swampert|94/100|[from] item: Leftovers
|upkeep
|turn|3
|
|t:|1760837390
|move|p1a: Snorlax|Curse|p1a: Snorlax
|-unboost|p1a: Snorlax|spe|1
|-boost|p1a: Snorlax|atk|1
|-boost|p1a: Snorlax|def|1
|move|p2a: Swampert|Counter||[still]
|-fail|p2a: Swampert
|
|-heal|p2a: Swampert|99/100|[from] item: Leftovers
|-end|p2a: Swampert|move: Taunt
|upkeep
|turn|4
|
|t:|1760837399
|move|p2a: Swampert|Stealth Rock|p1a: Snorlax
|-sidestart|p1: vigilantenrique|move: Stealth Rock
|move|p1a: Snorlax|Curse|p1a: Snorlax
|-unboost|p1a: Snorlax|spe|1
|-boost|p1a: Snorlax|atk|1
|-boost|p1a: Snorlax|def|1
|
|-heal|p2a: Swampert|100/100|[from] item: Leftovers
|upkeep
|turn|5
|
|t:|1760837409
|move|p2a: Swampert|Earthquake|p1a: Snorlax
|-damage|p1a: Snorlax|52/100
|move|p1a: Snorlax|Body Slam|p2a: Swampert
|-damage|p2a: Swampert|19/100
|
|-heal|p2a: Swampert|25/100|[from] item: Leftovers
|upkeep
|turn|6
|
|t:|1760837419
|move|p2a: Swampert|Earthquake|p1a: Snorlax
|-damage|p1a: Snorlax|28/100
|-enditem|p1a: Snorlax|Figy Berry|[eat]
|-heal|p1a: Snorlax|61/100|[from] item: Figy Berry
|move|p1a: Snorlax|Recycle|p1a: Snorlax
|-item|p1a: Snorlax|Figy Berry|[from] move: Recycle
|
|-heal|p2a: Swampert|32/100|[from] item: Leftovers
|upkeep
|turn|7
|
|t:|1760837427
|move|p2a: Swampert|Earthquake|p1a: Snorlax
|-damage|p1a: Snorlax|36/100
|-enditem|p1a: Snorlax|Figy Berry|[eat]
|-heal|p1a: Snorlax|69/100|[from] item: Figy Berry
|move|p1a: Snorlax|Body Slam|p2a: Swampert
|-damage|p2a: Swampert|0 fnt
|faint|p2a: Swampert
|
|upkeep
|
|t:|1760837437
|switch|p2a: Serperior|Serperior, M|100/100
|turn|8
|
|t:|1760837444
|move|p1a: Snorlax|Recycle|p1a: Snorlax
|-item|p1a: Snorlax|Figy Berry|[from] move: Recycle
|move|p2a: Serperior|Dragon Tail|p1a: Snorlax
|-damage|p1a: Snorlax|62/100
|drag|p1a: Cyclizar|Cyclizar, M|100/100
|
|upkeep
|turn|9
|
|t:|1760837454
|switch|p2a: Florges|Florges, F|100/100
|move|p1a: Cyclizar|Rapid Spin|p2a: Florges
|-damage|p2a: Florges|80/100
|-boost|p1a: Cyclizar|spe|1
|-sideend|p1: vigilantenrique|Stealth Rock|[from] move: Rapid Spin|[of] p1a: Cyclizar
|
|upkeep
|turn|10
|
|t:|1760837464
|move|p1a: Cyclizar|U-turn|p2a: Florges
|-resisted|p2a: Florges
|-damage|p2a: Florges|71/100
|
|t:|1760837480
|switch|p1a: Snorlax|Snorlax, M|62/100|[from] U-turn
|move|p2a: Florges|Psychic|p1a: Snorlax
|-damage|p1a: Snorlax|44/100
|-enditem|p1a: Snorlax|Figy Berry|[eat]
|-heal|p1a: Snorlax|77/100|[from] item: Figy Berry
|
|upkeep
|turn|11
|
|t:|1760837491
|switch|p2a: Blaziken|Blaziken, F|100/100
|move|p1a: Snorlax|Curse|p1a: Snorlax
|-unboost|p1a: Snorlax|spe|1
|-boost|p1a: Snorlax|atk|1
|-boost|p1a: Snorlax|def|1
|
|upkeep
|turn|12
|
|t:|1760837499
|move|p2a: Blaziken|Brick Break|p1a: Snorlax
|-supereffective|p1a: Snorlax
|-damage|p1a: Snorlax|25/100
|move|p1a: Snorlax|High Horsepower|p2a: Blaziken
|-supereffective|p2a: Blaziken
|-damage|p2a: Blaziken|0 fnt
|faint|p2a: Blaziken
|
|upkeep
|
|t:|1760837511
|switch|p2a: Electivire|Electivire, M|100/100
|-item|p2a: Electivire|Air Balloon
|turn|13
|
|t:|1760837515
|move|p2a: Electivire|Brick Break|p1a: Snorlax
|-supereffective|p1a: Snorlax
|-damage|p1a: Snorlax|0 fnt
|faint|p1a: Snorlax
|
|upkeep
|
|t:|1760837521
|switch|p1a: Porygon-Z|Porygon-Z|100/100
|turn|14
|
|t:|1760837529
|move|p1a: Porygon-Z|Tri Attack|p2a: Electivire
|-damage|p2a: Electivire|0 fnt
|-enditem|p2a: Electivire|Air Balloon
|faint|p2a: Electivire
|
|upkeep
|
|t:|1760837540
|switch|p2a: Florges|Florges, F|71/100
|turn|15
|c|☆cabbageKlerk|safe to say, new team's looking good LOL
|
|t:|1760837552
|move|p1a: Porygon-Z|Tri Attack|p2a: Florges
|-damage|p2a: Florges|19/100
|move|p2a: Florges|Psychic|p1a: Porygon-Z
|-damage|p1a: Porygon-Z|60/100
|
|upkeep
|turn|16
|
|t:|1760837559
|move|p1a: Porygon-Z|Tri Attack|p2a: Florges
|-damage|p2a: Florges|0 fnt
|faint|p2a: Florges
|
|upkeep
|c|☆vigilantenrique|i was not expecting to do this good
|
|t:|1760837569
|switch|p2a: Serperior|Serperior, M|100/100
|turn|17
|c|☆vigilantenrique|reminds me of my old gym days
|
|t:|1760837576
|move|p1a: Porygon-Z|Tri Attack|p2a: Serperior
|-damage|p2a: Serperior|9/100
|move|p2a: Serperior|Dragon Tail|p1a: Porygon-Z
|-damage|p1a: Porygon-Z|37/100
|drag|p1a: Braviary|Braviary-Hisui, M|100/100
|
|upkeep
|turn|18
|c|☆cabbageKlerk|LMAOOOOOO
|c|☆cabbageKlerk|oops
|
|t:|1760837592
|-terastallize|p1a: Braviary|Normal
|move|p2a: Serperior|Leech Seed|p1a: Braviary
|-start|p1a: Braviary|move: Leech Seed
|move|p1a: Braviary|Esper Wing|p2a: Serperior
|-damage|p2a: Serperior|0 fnt
|-boost|p1a: Braviary|spe|1
|faint|p2a: Serperior
|-damage|p1a: Braviary|91/100|[from] item: Life Orb
|
|upkeep
|
|t:|1760837601
|switch|p2a: Hydreigon|Hydreigon, M|100/100
|turn|19
|
|t:|1760837615
|move|p1a: Braviary|Hurricane|p2a: Hydreigon|[miss]
|-miss|p1a: Braviary|p2a: Hydreigon
|move|p2a: Hydreigon|Dragon Pulse|p1a: Braviary
|-damage|p1a: Braviary|44/100
|
|-damage|p1a: Braviary|31/100|[from] Leech Seed|[of] p2a: Hydreigon
|upkeep
|turn|20
|
|t:|1760837622
|move|p1a: Braviary|Hurricane|p2a: Hydreigon|[miss]
|-miss|p1a: Braviary|p2a: Hydreigon
|move|p2a: Hydreigon|Dragon Dance|p2a: Hydreigon
|-boost|p2a: Hydreigon|atk|1
|-boost|p2a: Hydreigon|spe|1
|
|-damage|p1a: Braviary|19/100|[from] Leech Seed|[of] p2a: Hydreigon
|upkeep
|turn|21
|
|t:|1760837629
|move|p2a: Hydreigon|Dragon Pulse|p1a: Braviary
|-damage|p1a: Braviary|0 fnt
|faint|p1a: Braviary
|
|upkeep
|
|t:|1760837639
|switch|p1a: Cyclizar|Cyclizar, M|100/100
|turn|22
|
|t:|1760837644
|move|p1a: Cyclizar|Draco Meteor|p2a: Hydreigon|[miss]
|-miss|p1a: Cyclizar|p2a: Hydreigon
|move|p2a: Hydreigon|Dragon Pulse|p1a: Cyclizar
|-supereffective|p1a: Cyclizar
|-damage|p1a: Cyclizar|0 fnt
|faint|p1a: Cyclizar
|
|upkeep
|
|t:|1760837650
|switch|p1a: Ursaluna|Ursaluna, F|100/100
|turn|23
|
|t:|1760837659
|move|p2a: Hydreigon|Dragon Pulse|p1a: Ursaluna
|-damage|p1a: Ursaluna|58/100
|move|p1a: Ursaluna|Thunder Punch|p2a: Hydreigon
|-resisted|p2a: Hydreigon
|-damage|p2a: Hydreigon|86/100
|-damage|p1a: Ursaluna|42/100|[from] item: Rocky Helmet|[of] p2a: Hydreigon
|
|-status|p1a: Ursaluna|brn|[from] item: Flame Orb
|upkeep
|turn|24
|
|t:|1760837669
|move|p2a: Hydreigon|Dragon Pulse|p1a: Ursaluna
|-damage|p1a: Ursaluna|0 fnt
|faint|p1a: Ursaluna
|
|upkeep
|
|t:|1760837672
|switch|p1a: Porygon-Z|Porygon-Z|37/100
|turn|25
|
|t:|1760837675
|move|p2a: Hydreigon|Dragon Pulse|p1a: Porygon-Z
|-damage|p1a: Porygon-Z|0 fnt
|faint|p1a: Porygon-Z
|
|upkeep
|
|t:|1760837677
|switch|p1a: Zoroark|Zoroark-Hisui, F|100/100
|turn|26
|
|t:|1760837682
|move|p1a: Zoroark|Dark Pulse|p2a: Hydreigon
|-resisted|p2a: Hydreigon
|-damage|p2a: Hydreigon|72/100
|move|p2a: Hydreigon|Dark Pulse|p1a: Zoroark
|-supereffective|p1a: Zoroark
|-damage|p1a: Zoroark|0 fnt
|faint|p1a: Zoroark
|
|win|cabbageKlerk
|c|☆cabbageKlerk|i--
|c|☆vigilantenrique|oh ggs
|c|☆cabbageKlerk|gg????
|c|☆vigilantenrique|three misses sad
|c|☆cabbageKlerk|yeah i was not expecting to win that omg
|c|☆vigilantenrique|yeah thats really the issue with all my teams
|c|☆vigilantenrique|any pseudo legend just kills me lmao
|c|☆cabbageKlerk|try the accuracy boost item
|c|☆cabbageKlerk|the scope lens i think?
