|j|☆p23dish
|j|☆manuclappedu
|t:|1760891098
|gametype|singles
|player|p1|p23dish|linebacker|1211
|player|p2|manuclappedu|101|1196
|gen|9
|tier|[Gen 9] OU
|rated|
|rule|HP Percentage Mod: HP is shown in percentages
|rule|Endless Battle Clause: Forcing endless battles is banned
|rule|Species Clause: Limit one of each Pokémon
|rule|OHKO Clause: OHKO moves are banned
|rule|Evasion Items Clause: Evasion items are banned
|rule|Evasion Moves Clause: Evasion moves are banned
|rule|Evasion Abilities Clause: Evasion abilities are banned
|rule|Sleep Moves Clause: Sleep-inducing moves are banned
|clearpoke
|poke|p1|Hydrapple, M|
|poke|p1|Skarmory, M|
|poke|p1|Tyranitar, F|
|poke|p1|Alomomola, M|
|poke|p1|Clodsire, M|
|poke|p1|Clefable, M|
|poke|p2|Quagsire, F|
|poke|p2|Blissey, F|
|poke|p2|Toxapex, M|
|poke|p2|Sinistcha|
|poke|p2|Gliscor, M|
|poke|p2|Corviknight, M|
|teampreview
|
|t:|1760891116
|teamsize|p1|6
|teamsize|p2|6
|start
|switch|p1a: Clefable|Clefable, M|100/100
|switch|p2a: Toxapex|Toxapex, M|100/100
|turn|1
|
|t:|1760891130
|move|p1a: Clefable|Knock Off|p2a: Toxapex
|-damage|p2a: Toxapex|90/100
|-enditem|p2a: Toxapex|Heavy-Duty Boots|[from] move: Knock Off|[of] p1a: Clefable
|move|p2a: Toxapex|Toxic Spikes|p1a: Clefable
|-sidestart|p1: p23dish|move: Toxic Spikes
|
|upkeep
|turn|2
|
|t:|1760891139
|switch|p1a: Clodsire|Clodsire, M|100/100
|-sideend|p1: p23dish|move: Toxic Spikes|[of] p1a: Clodsire
|move|p2a: Toxapex|Toxic Spikes|p1a: Clodsire
|-sidestart|p1: p23dish|move: Toxic Spikes
|
|upkeep
|turn|3
|
|t:|1760891149
|move|p2a: Toxapex|Toxic Spikes|p1a: Clodsire
|-sidestart|p1: p23dish|move: Toxic Spikes
|move|p1a: Clodsire|Earthquake|p2a: Toxapex
|-supereffective|p2a: Toxapex
|-damage|p2a: Toxapex|50/100
|
|upkeep
|turn|4
|
|t:|1760891173
|switch|p2a: Quagsire|Quagsire, F|100/100
|switch|p1a: Skarmory|Skarmory, M|100/100
|
|upkeep
|turn|5
|
|t:|1760891181
|move|p1a: Skarmory|Spikes|p2a: Quagsire
|-sidestart|p2: manuclappedu|Spikes
|move|p2a: Quagsire|Stealth Rock|p1a: Skarmory
|-sidestart|p1: p23dish|move: Stealth Rock
|
|upkeep
|turn|6
|
|t:|1760891192
|switch|p2a: Gliscor|Gliscor, M|100/100
|move|p1a: Skarmory|Spikes|p2a: Gliscor
|-sidestart|p2: manuclappedu|Spikes
|
|-status|p2a: Gliscor|tox|[from] item: Toxic Orb
|upkeep
|turn|7
|
|t:|1760891197
|move|p2a: Gliscor|Spikes|p1a: Skarmory
|-sidestart|p1: p23dish|Spikes
|move|p1a: Skarmory|Iron Defense|p1a: Skarmory
|-boost|p1a: Skarmory|def|2
|
|upkeep
|turn|8
|
|t:|1760891200
|move|p2a: Gliscor|Spikes|p1a: Skarmory
|-sidestart|p1: p23dish|Spikes
|move|p1a: Skarmory|Body Press|p2a: Gliscor
|-resisted|p2a: Gliscor
|-damage|p2a: Gliscor|77/100 tox
|
|-heal|p2a: Gliscor|90/100 tox|[from] ability: Poison Heal
|upkeep
|turn|9
|
|t:|1760891204
|move|p2a: Gliscor|Spikes|p1a: Skarmory
|-sidestart|p1: p23dish|Spikes
|move|p1a: Skarmory|Spikes|p2a: Gliscor
|-sidestart|p2: manuclappedu|Spikes
|
|-heal|p2a: Gliscor|100/100 tox|[from] ability: Poison Heal
|upkeep
|turn|10
|
|t:|1760891212
|switch|p1a: Alomomola|Alomomola, M, shiny|100/100
|move|p2a: Gliscor|Knock Off|p1a: Alomomola
|-damage|p1a: Alomomola|88/100
|-enditem|p1a: Alomomola|Heavy-Duty Boots|[from] move: Knock Off|[of] p2a: Gliscor
|
|upkeep
|turn|11
|
|t:|1760891225
|move|p2a: Gliscor|Earthquake|p1a: Alomomola
|-damage|p1a: Alomomola|68/100
|move|p1a: Alomomola|Flip Turn|p2a: Gliscor
|-supereffective|p2a: Gliscor
|-damage|p2a: Gliscor|74/100 tox
|
|t:|1760891227
|switch|p1a: Tyranitar|Tyranitar, F|100/100|[from] Flip Turn
|-weather|Sandstorm|[from] ability: Sand Stream|[of] p1a: Tyranitar
|
|-weather|Sandstorm|[upkeep]
|-heal|p2a: Gliscor|87/100 tox|[from] ability: Poison Heal
|upkeep
|turn|12
|
|t:|1760891239
|-terastallize|p2a: Gliscor|Steel
|move|p2a: Gliscor|Knock Off|p1a: Tyranitar
|-resisted|p1a: Tyranitar
|-damage|p1a: Tyranitar|93/100
|-enditem|p1a: Tyranitar|Heavy-Duty Boots|[from] move: Knock Off|[of] p2a: Gliscor
|move|p1a: Tyranitar|Ice Beam|p2a: Gliscor
|-resisted|p2a: Gliscor
|-damage|p2a: Gliscor|78/100 tox
|
|-weather|Sandstorm|[upkeep]
|-heal|p2a: Gliscor|91/100 tox|[from] ability: Poison Heal
|upkeep
|turn|13
|
|t:|1760891251
|move|p2a: Gliscor|Earthquake|p1a: Tyranitar
|-supereffective|p1a: Tyranitar
|-damage|p1a: Tyranitar|45/100
|move|p1a: Tyranitar|Stealth Rock|p2a: Gliscor
|-sidestart|p2: manuclappedu|move: Stealth Rock
|
|-weather|Sandstorm|[upkeep]
|-heal|p2a: Gliscor|100/100 tox|[from] ability: Poison Heal
|upkeep
|turn|14
|
|t:|1760891260
|move|p2a: Gliscor|Earthquake|p1a: Tyranitar
|-supereffective|p1a: Tyranitar
|-damage|p1a: Tyranitar|0 fnt
|faint|p1a: Tyranitar
|
|-weather|Sandstorm|[upkeep]
|upkeep
|
|t:|1760891265
|switch|p1a: Clodsire|Clodsire, M|100/100
|-sideend|p1: p23dish|move: Toxic Spikes|[of] p1a: Clodsire
|turn|15
|
|t:|1760891271
|switch|p1a: Alomomola|Alomomola, M, shiny|100/100
|-damage|p1a: Alomomola|88/100|[from] Stealth Rock
|-damage|p1a: Alomomola|63/100|[from] Spikes
|move|p2a: Gliscor|Earthquake|p1a: Alomomola
|-damage|p1a: Alomomola|43/100
|
|-weather|none
|upkeep
|turn|16
|
|t:|1760891280
|move|p2a: Gliscor|Earthquake|p1a: Alomomola
|-crit|p1a: Alomomola
|-damage|p1a: Alomomola|15/100
|move|p1a: Alomomola|Flip Turn|p2a: Gliscor
|-damage|p2a: Gliscor|86/100 tox
|
|t:|1760891287
|switch|p1a: Skarmory|Skarmory, M|100/100|[from] Flip Turn
|
|-heal|p2a: Gliscor|99/100 tox|[from] ability: Poison Heal
|upkeep
|turn|17
|
|t:|1760891307
|switch|p2a: Sinistcha|Sinistcha|100/100
|move|p1a: Skarmory|Iron Defense|p1a: Skarmory
|-boost|p1a: Skarmory|def|2
|
|upkeep
|turn|18
|
|t:|1760891340
|switch|p2a: Quagsire|Quagsire, F|100/100
|switch|p1a: Clodsire|Clodsire, M|100/100
|
|upkeep
|turn|19
|
|t:|1760891348
|switch|p1a: Skarmory|Skarmory, M|100/100
|move|p2a: Quagsire|Earthquake|p1a: Skarmory
|-immune|p1a: Skarmory
|
|upkeep
|turn|20
|
|t:|1760891365
|switch|p1a: Clodsire|Clodsire, M|100/100
|switch|p2a: Gliscor|Gliscor, M, tera:Steel|99/100 tox
|-damage|p2a: Gliscor|74/100 tox|[from] Spikes
|-damage|p2a: Gliscor|67/100 tox|[from] Stealth Rock
|
|-heal|p2a: Gliscor|80/100 tox|[from] ability: Poison Heal
|upkeep
|turn|21
|
|t:|1760891380
|move|p2a: Gliscor|Knock Off|p1a: Clodsire
|-damage|p1a: Clodsire|80/100
|-enditem|p1a: Clodsire|Heavy-Duty Boots|[from] move: Knock Off|[of] p2a: Gliscor
|move|p1a: Clodsire|Earthquake|p2a: Gliscor
|-supereffective|p2a: Gliscor
|-damage|p2a: Gliscor|35/100 tox
|
|-heal|p2a: Gliscor|47/100 tox|[from] ability: Poison Heal
|upkeep
|turn|22
|
|t:|1760891388
|move|p2a: Gliscor|Protect|p2a: Gliscor
|-singleturn|p2a: Gliscor|Protect
|move|p1a: Clodsire|Earthquake|p2a: Gliscor
|-activate|p2a: Gliscor|move: Protect
|
|-heal|p2a: Gliscor|60/100 tox|[from] ability: Poison Heal
|upkeep
|turn|23
|
|t:|1760891401
|move|p2a: Gliscor|Earthquake|p1a: Clodsire
|-supereffective|p1a: Clodsire
|-damage|p1a: Clodsire|19/100
|move|p1a: Clodsire|Earthquake|p2a: Gliscor
|-supereffective|p2a: Gliscor
|-damage|p2a: Gliscor|15/100 tox
|
|-heal|p2a: Gliscor|27/100 tox|[from] ability: Poison Heal
|upkeep
|turn|24
|
|t:|1760891407
|move|p2a: Gliscor|Earthquake|p1a: Clodsire
|-supereffective|p1a: Clodsire
|-damage|p1a: Clodsire|0 fnt
|faint|p1a: Clodsire
|
|-heal|p2a: Gliscor|40/100 tox|[from] ability: Poison Heal
|upkeep
|-message|p23dish forfeited.
|
|win|manuclappedu
|raw|p23dish's rating: 1211 &rarr; <strong>1185</strong><br />(-26 for losing)
|raw|manuclappedu's rating: 1196 &rarr; <strong>1222</strong><br />(+26 for winning)
|l|☆p23dish
|player|p1|
|l|☆manuclappedu
|player|p2|
