|j|☆darknflylikehonch
|j|☆AlexCHZ
|t:|1760848608
|gametype|singles
|player|p1|darknflylikehonch|sage|1273
|player|p2|AlexCHZ|hilbert-wonderlauncher|1234
|gen|9
|tier|[Gen 9] OU
|rated|
|rule|HP Percentage Mod: HP is shown in percentages
|rule|Endless Battle Clause: Forcing endless battles is banned
|rule|Species Clause: Limit one of each Pokémon
|rule|OHKO Clause: OHKO moves are banned
|rule|Evasion Items Clause: Evasion items are banned
|rule|Evasion Moves Clause: Evasion moves are banned
|rule|Evasion Abilities Clause: Evasion abilities are banned
|rule|Sleep Moves Clause: Sleep-inducing moves are banned
|clearpoke
|poke|p1|Gholdengo|
|poke|p1|Ceruledge, F|
|poke|p1|Enamorus, F|
|poke|p1|Ribombee, F|
|poke|p1|Quaquaval, F|
|poke|p1|Iron Treads|
|poke|p2|Pincurchin, F|
|poke|p2|Hawlucha, F|
|poke|p2|Iron Moth|
|poke|p2|Moltres-Galar|
|poke|p2|Arboliva, F|
|poke|p2|Mienshao, M|
|teampreview
|inactive|Battle timer is ON: inactive players will automatically lose when time's up. (requested by AlexCHZ)
|inactive|darknflylikehonch has 120 seconds left.
|
|t:|1760848645
|teamsize|p1|6
|teamsize|p2|6
|start
|switch|p1a: Ribombee|Ribombee, F|100/100
|switch|p2a: Mienshao|Mienshao, M|100/100
|turn|1
|
|t:|1760848651
|move|p2a: Mienshao|Fake Out|p1a: Ribombee
|-damage|p1a: Ribombee|63/100
|-damage|p2a: Mienshao|91/100|[from] item: Life Orb
|move|p1a: Ribombee|Sticky Web|p2a: Mienshao
|-sidestart|p2: AlexCHZ|move: Sticky Web
|
|upkeep
|turn|2
|
|t:|1760848668
|move|p1a: Ribombee|Stun Spore|p2a: Mienshao|[miss]
|-miss|p1a: Ribombee|p2a: Mienshao
|move|p2a: Mienshao|U-turn|p1a: Ribombee
|-resisted|p1a: Ribombee
|-damage|p1a: Ribombee|31/100
|-damage|p2a: Mienshao|81/100|[from] item: Life Orb
|
|t:|1760848687
|switch|p2a: Arboliva|Arboliva, F|100/100|[from] U-turn
|-activate|p2a: Arboliva|move: Sticky Web
|-unboost|p2a: Arboliva|spe|1
|
|upkeep
|turn|3
|
|t:|1760848698
|move|p1a: Ribombee|Moonblast|p2a: Arboliva
|-damage|p2a: Arboliva|76/100
|move|p2a: Arboliva|Alluring Voice|p1a: Ribombee
|-damage|p1a: Ribombee|0 fnt
|faint|p1a: Ribombee
|
|upkeep
|
|t:|1760848709
|switch|p1a: Ceruledge|Ceruledge, F, shiny|100/100
|turn|4
|
|t:|1760848713
|move|p1a: Ceruledge|Swords Dance|p1a: Ceruledge
|-boost|p1a: Ceruledge|atk|2
|move|p2a: Arboliva|Earth Power|p1a: Ceruledge
|-supereffective|p1a: Ceruledge
|-damage|p1a: Ceruledge|18/100
|
|upkeep
|turn|5
|
|t:|1760848722
|move|p1a: Ceruledge|Bitter Blade|p2a: Arboliva
|-supereffective|p2a: Arboliva
|-damage|p2a: Arboliva|0 fnt
|-heal|p1a: Ceruledge|65/100|[from] drain|[of] p2a: Arboliva
|faint|p2a: Arboliva
|
|upkeep
|
|t:|1760848732
|switch|p2a: Pincurchin|Pincurchin, F|100/100
|-activate|p2a: Pincurchin|move: Sticky Web
|-unboost|p2a: Pincurchin|spe|1
|-fieldstart|move: Electric Terrain|[from] ability: Electric Surge|[of] p2a: Pincurchin
|turn|6
|
|t:|1760848739
|move|p2a: Pincurchin|Sucker Punch|p1a: Ceruledge
|-supereffective|p1a: Ceruledge
|-damage|p1a: Ceruledge|5/100
|-ability|p1a: Ceruledge|Weak Armor|boost
|-unboost|p1a: Ceruledge|def|1
|-boost|p1a: Ceruledge|spe|2
|move|p1a: Ceruledge|Bitter Blade|p2a: Pincurchin
|-damage|p2a: Pincurchin|0 fnt
|-heal|p1a: Ceruledge|57/100|[from] drain|[of] p2a: Pincurchin
|faint|p2a: Pincurchin
|
|upkeep
|
|t:|1760848755
|switch|p2a: Moltres|Moltres-Galar|100/100
|turn|7
|inactive|darknflylikehonch has 120 seconds left.
|
|t:|1760848801
|move|p1a: Ceruledge|Bitter Blade|p2a: Moltres
|-damage|p2a: Moltres|0 fnt
|-heal|p1a: Ceruledge|100/100|[from] drain|[of] p2a: Moltres
|faint|p2a: Moltres
|
|upkeep
|-message|AlexCHZ forfeited.
|
|win|darknflylikehonch
|raw|darknflylikehonch's rating: 1273 &rarr; <strong>1295</strong><br />(+22 for winning)
|raw|AlexCHZ's rating: 1234 &rarr; <strong>1212</strong><br />(-22 for losing)
|l|☆AlexCHZ
|player|p2|
|l|☆darknflylikehonch
|player|p1|
