|j|☆Kohlks Final Boss
|j|☆LT124YH Prav33n
|t:|1760845531
|gametype|singles
|player|p1|Kohlks Final Boss|shadowtriad|1654
|player|p2|LT124YH Prav33n|koga|1705
|gen|9
|tier|[Gen 9] OU
|rated|
|rule|HP Percentage Mod: HP is shown in percentages
|rule|Endless Battle Clause: Forcing endless battles is banned
|rule|Species Clause: Limit one of each Pokémon
|rule|OHKO Clause: OHKO moves are banned
|rule|Evasion Items Clause: Evasion items are banned
|rule|Evasion Moves Clause: Evasion moves are banned
|rule|Evasion Abilities Clause: Evasion abilities are banned
|rule|Sleep Moves Clause: Sleep-inducing moves are banned
|clearpoke
|poke|p1|Zapdos|
|poke|p1|Gholdengo|
|poke|p1|Dragapult, M|
|poke|p1|Heatran, M|
|poke|p1|Great Tusk|
|poke|p1|Slowking-Galar, M|
|poke|p2|Kingambit, F|
|poke|p2|Hatterene, F|
|poke|p2|Great Tusk|
|poke|p2|Ogerpon-Wellspring, F|
|poke|p2|Iron Moth|
|poke|p2|Latios, M|
|teampreview
|inactive|Battle timer is ON: inactive players will automatically lose when time's up. (requested by LT124YH Prav33n)
|
|t:|1760845554
|teamsize|p1|6
|teamsize|p2|6
|start
|switch|p1a: F-29|Dragapult, M|100/100
|switch|p2a: Latios|Latios, M|100/100
|turn|1
|
|t:|1760845560
|switch|p1a: Guru Anti-Proerd|Slowking-Galar, M|100/100
|move|p2a: Latios|Draco Meteor|p1a: Guru Anti-Proerd
|-damage|p1a: Guru Anti-Proerd|63/100
|-unboost|p2a: Latios|spa|2
|
|upkeep
|turn|2
|
|t:|1760845573
|switch|p2a: Kingambit|Kingambit, F, shiny|100/100
|-item|p2a: Kingambit|Air Balloon
|-prepare|p1a: Guru Anti-Proerd|Chilly Reception|[premajor]
|move|p1a: Guru Anti-Proerd|Chilly Reception|p1a: Guru Anti-Proerd
|-weather|Snowscape
|
|t:|1760845581
|switch|p1a: Cuequinha Supreme|Heatran, M|100/100|[from] Chilly Reception
|
|-weather|Snowscape|[upkeep]
|upkeep
|turn|3
|inactive|LT124YH Prav33n has 120 seconds left.
|
|t:|1760845622
|-end|p2a: Kingambit|fallenundefined|[silent]
|switch|p2a: Latios|Latios, M|100/100
|move|p1a: Cuequinha Supreme|Magma Storm|p2a: Latios
|-resisted|p2a: Latios
|-damage|p2a: Latios|77/100
|-activate|p2a: Latios|move: Magma Storm|[of] p1a: Cuequinha Supreme
|
|-weather|Snowscape|[upkeep]
|-damage|p2a: Latios|65/100|[from] move: Magma Storm|[partiallytrapped]
|upkeep
|turn|4
|
|t:|1760845651
|move|p2a: Latios|Trick|p1a: Cuequinha Supreme
|-activate|p2a: Latios|move: Trick|[of] p1a: Cuequinha Supreme
|-item|p1a: Cuequinha Supreme|Choice Scarf|[from] move: Trick
|-item|p2a: Latios|Leftovers|[from] move: Trick
|move|p1a: Cuequinha Supreme|Magma Storm|p2a: Latios
|-resisted|p2a: Latios
|-damage|p2a: Latios|41/100
|
|-weather|Snowscape|[upkeep]
|-heal|p2a: Latios|47/100|[from] item: Leftovers
|-damage|p2a: Latios|34/100|[from] move: Magma Storm|[partiallytrapped]
|upkeep
|turn|5
|
|t:|1760845656
|move|p2a: Latios|Aura Sphere|p1a: Cuequinha Supreme
|-supereffective|p1a: Cuequinha Supreme
|-damage|p1a: Cuequinha Supreme|65/100
|move|p1a: Cuequinha Supreme|Magma Storm|p2a: Latios
|-resisted|p2a: Latios
|-damage|p2a: Latios|13/100
|
|-weather|Snowscape|[upkeep]
|-heal|p2a: Latios|19/100|[from] item: Leftovers
|-damage|p2a: Latios|7/100|[from] move: Magma Storm|[partiallytrapped]
|upkeep
|turn|6
|
|t:|1760845664
|switch|p1a: Guru Anti-Proerd|Slowking-Galar, M|96/100
|move|p2a: Latios|Aura Sphere|p1a: Guru Anti-Proerd
|-resisted|p1a: Guru Anti-Proerd
|-damage|p1a: Guru Anti-Proerd|92/100
|
|-weather|none
|-heal|p2a: Latios|13/100|[from] item: Leftovers
|-end|p2a: Latios|Magma Storm|[partiallytrapped]|[silent]
|upkeep
|turn|7
|
|t:|1760845676
|move|p2a: Latios|Psychic Noise|p1a: Guru Anti-Proerd
|-damage|p1a: Guru Anti-Proerd|69/100
|-start|p1a: Guru Anti-Proerd|move: Heal Block
|-prepare|p1a: Guru Anti-Proerd|Chilly Reception|[premajor]
|move|p1a: Guru Anti-Proerd|Chilly Reception|p1a: Guru Anti-Proerd
|-weather|Snowscape
|inactive|Kohlks Final Boss has 120 seconds left.
|
|t:|1760845733
|switch|p1a: F-29|Dragapult, M|100/100|[from] Chilly Reception
|
|-weather|Snowscape|[upkeep]
|-heal|p2a: Latios|19/100|[from] item: Leftovers
|upkeep
|turn|8
|
|t:|1760845738
|move|p1a: F-29|U-turn|p2a: Latios
|-supereffective|p2a: Latios
|-damage|p2a: Latios|0 fnt
|faint|p2a: Latios
|inactive|Kohlks Final Boss has 90 seconds left.
|
|t:|1760845769
|switch|p1a: I AM THE DUCK!|Zapdos|100/100|[from] U-turn
|
|-weather|Snowscape|[upkeep]
|upkeep
|inactive|LT124YH Prav33n has 120 seconds left.
|
|t:|1760845804
|switch|p2a: Hatterene|Hatterene, F|100/100
|turn|9
|inactive|Kohlks Final Boss has 90 seconds left.
|
|t:|1760845838
|move|p1a: I AM THE DUCK!|Volt Switch|p2a: Hatterene
|-damage|p2a: Hatterene|81/100
|
|t:|1760845840
|switch|p1a: Guru Anti-Proerd|Slowking-Galar, M|100/100|[from] Volt Switch
|move|p2a: Hatterene|Psyshock|p1a: Guru Anti-Proerd
|-damage|p1a: Guru Anti-Proerd|55/100
|
|-weather|Snowscape|[upkeep]
|upkeep
|turn|10
|
|t:|1760845846
|move|p2a: Hatterene|Psyshock|p1a: Guru Anti-Proerd
|-damage|p1a: Guru Anti-Proerd|10/100
|-prepare|p1a: Guru Anti-Proerd|Chilly Reception|[premajor]
|move|p1a: Guru Anti-Proerd|Chilly Reception|p1a: Guru Anti-Proerd
|inactive|Kohlks Final Boss has 60 seconds left.
|
|t:|1760845903
|switch|p1a: Cuequinha Supreme|Heatran, M|65/100|[from] Chilly Reception
|
|-weather|Snowscape|[upkeep]
|upkeep
|turn|11
|
|t:|1760845913
|move|p1a: Cuequinha Supreme|Magma Storm|p2a: Hatterene
|-damage|p2a: Hatterene|53/100
|-activate|p2a: Hatterene|move: Magma Storm|[of] p1a: Cuequinha Supreme
|move|p2a: Hatterene|Psyshock|p1a: Cuequinha Supreme
|-resisted|p1a: Cuequinha Supreme
|-damage|p1a: Cuequinha Supreme|47/100
|
|-weather|none
|-damage|p2a: Hatterene|41/100|[from] move: Magma Storm|[partiallytrapped]
|upkeep
|turn|12
|
|t:|1760845916
|move|p1a: Cuequinha Supreme|Magma Storm|p2a: Hatterene|[miss]
|-miss|p1a: Cuequinha Supreme|p2a: Hatterene
|move|p2a: Hatterene|Psyshock|p1a: Cuequinha Supreme
|-resisted|p1a: Cuequinha Supreme
|-damage|p1a: Cuequinha Supreme|31/100
|
|-damage|p2a: Hatterene|28/100|[from] move: Magma Storm|[partiallytrapped]
|upkeep
|turn|13
|
|t:|1760845918
|move|p1a: Cuequinha Supreme|Magma Storm|p2a: Hatterene
|-damage|p2a: Hatterene|3/100
|move|p2a: Hatterene|Psyshock|p1a: Cuequinha Supreme
|-resisted|p1a: Cuequinha Supreme
|-damage|p1a: Cuequinha Supreme|11/100
|
|-damage|p2a: Hatterene|0 fnt|[from] move: Magma Storm|[partiallytrapped]
|faint|p2a: Hatterene
|upkeep
|
|t:|1760845921
|switch|p2a: Iron Moth|Iron Moth, shiny|100/100
|-enditem|p2a: Iron Moth|Booster Energy
|-activate|p2a: Iron Moth|ability: Quark Drive|[fromitem]
|-start|p2a: Iron Moth|quarkdrivespe
|turn|14
|
|t:|1760845925
|move|p2a: Iron Moth|Substitute|p2a: Iron Moth
|-start|p2a: Iron Moth|Substitute
|-damage|p2a: Iron Moth|76/100
|move|p1a: Cuequinha Supreme|Magma Storm|p2a: Iron Moth
|-resisted|p2a: Iron Moth
|-activate|p2a: Iron Moth|move: Substitute|[damage]
|
|upkeep
|turn|15
|
|t:|1760845945
|move|p2a: Iron Moth|Tera Blast|p1a: Cuequinha Supreme
|-resisted|p1a: Cuequinha Supreme
|-damage|p1a: Cuequinha Supreme|3/100
|move|p1a: Cuequinha Supreme|Magma Storm|p2a: Iron Moth|[miss]
|-miss|p1a: Cuequinha Supreme|p2a: Iron Moth
|
|upkeep
|turn|16
|
|t:|1760845949
|switch|p1a: F-29|Dragapult, M|100/100
|move|p2a: Iron Moth|Tera Blast|p1a: F-29
|-immune|p1a: F-29
|
|upkeep
|turn|17
|
|t:|1760845952
|switch|p1a: Cuequinha Supreme|Heatran, M|3/100
|move|p2a: Iron Moth|Fiery Dance|p1a: Cuequinha Supreme
|-damage|p1a: Cuequinha Supreme|0 fnt
|-boost|p2a: Iron Moth|spa|1
|faint|p1a: Cuequinha Supreme
|
|upkeep
|
|t:|1760845959
|switch|p1a: F-29|Dragapult, M|100/100
|turn|18
|
|t:|1760845977
|-terastallize|p2a: Iron Moth|Ground
|move|p2a: Iron Moth|Tera Blast|p1a: F-29|[anim] Tera Blast Ground
|-damage|p1a: F-29|0 fnt
|faint|p1a: F-29
|
|upkeep
|-message|Kohlks Final Boss forfeited.
|
|win|LT124YH Prav33n
|raw|Kohlks Final Boss's rating: 1677 &rarr; <strong>1659</strong><br />(-18 for losing)
|raw|LT124YH Prav33n's rating: 1705 &rarr; <strong>1723</strong><br />(+18 for winning)
|l|☆Kohlks Final Boss
|player|p1|
