|j|☆KennytheslugSmith
|j|☆HZBKAI10
|t:|1760856660
|gametype|singles
|player|p1|KennytheslugSmith|scientist-gen4dp|1052
|player|p2|HZBKAI10|1|1058
|gen|9
|tier|[Gen 9] OU
|rated|
|rule|HP Percentage Mod: HP is shown in percentages
|rule|Endless Battle Clause: Forcing endless battles is banned
|rule|Species Clause: Limit one of each Pokémon
|rule|OHKO Clause: OHKO moves are banned
|rule|Evasion Items Clause: Evasion items are banned
|rule|Evasion Moves Clause: Evasion moves are banned
|rule|Evasion Abilities Clause: Evasion abilities are banned
|rule|Sleep Moves Clause: Sleep-inducing moves are banned
|clearpoke
|poke|p1|Hydrapple, M|
|poke|p1|Skarmory, F|
|poke|p1|Tyranitar, F|
|poke|p1|Alomomola, F|
|poke|p1|Clodsire, F|
|poke|p1|Clefable, F|
|poke|p2|Iron Crown|
|poke|p2|Primarina, F|
|poke|p2|Toedscruel, F|
|poke|p2|Walking Wake|
|poke|p2|Heatran, M|
|poke|p2|Dragonite, F|
|teampreview
|
|t:|1760856667
|teamsize|p1|6
|teamsize|p2|6
|start
|switch|p1a: Tyranitar|Tyranitar, F|100/100
|switch|p2a: Dragonite|Dragonite, F|100/100
|-weather|Sandstorm|[from] ability: Sand Stream|[of] p1a: Tyranitar
|turn|1
|
|t:|1760856674
|move|p2a: Dragonite|Earthquake|p1a: Tyranitar
|-supereffective|p1a: Tyranitar
|-damage|p1a: Tyranitar|38/100
|move|p1a: Tyranitar|Ice Beam|p2a: Dragonite
|-supereffective|p2a: Dragonite
|-damage|p2a: Dragonite|59/100
|
|-weather|Sandstorm|[upkeep]
|-damage|p2a: Dragonite|53/100|[from] Sandstorm
|upkeep
|turn|2
|
|t:|1760856686
|switch|p1a: Alomomola|Alomomola, F, shiny|100/100
|move|p2a: Dragonite|Earthquake|p1a: Alomomola
|-damage|p1a: Alomomola|77/100
|
|-weather|Sandstorm|[upkeep]
|-damage|p2a: Dragonite|47/100|[from] Sandstorm
|-damage|p1a: Alomomola|71/100|[from] Sandstorm
|upkeep
|turn|3
|
|t:|1760856697
|move|p2a: Dragonite|Earthquake|p1a: Alomomola
|-damage|p1a: Alomomola|49/100
|move|p1a: Alomomola|Wish|p1a: Alomomola
|
|-weather|Sandstorm|[upkeep]
|-damage|p2a: Dragonite|40/100|[from] Sandstorm
|-damage|p1a: Alomomola|43/100|[from] Sandstorm
|upkeep
|turn|4
|
|t:|1760856705
|move|p2a: Dragonite|Earthquake|p1a: Alomomola
|-damage|p1a: Alomomola|17/100
|move|p1a: Alomomola|Flip Turn|p2a: Dragonite
|-resisted|p2a: Dragonite
|-damage|p2a: Dragonite|31/100
|
|t:|1760856711
|switch|p1a: Tyranitar|Tyranitar, F|38/100|[from] Flip Turn
|
|-weather|Sandstorm|[upkeep]
|-damage|p2a: Dragonite|25/100|[from] Sandstorm
|-heal|p1a: Tyranitar|96/100|[from] move: Wish|[wisher] Alomomola
|upkeep
|turn|5
|
|t:|1760856720
|switch|p1a: Skarmory|Skarmory, F|100/100
|move|p2a: Dragonite|Earthquake|p1a: Skarmory
|-immune|p1a: Skarmory
|
|-weather|none
|upkeep
|turn|6
|
|t:|1760856737
|move|p2a: Dragonite|Ice Spinner|p1a: Skarmory
|-damage|p1a: Skarmory|82/100
|move|p1a: Skarmory|Spikes|p2a: Dragonite
|-sidestart|p2: HZBKAI10|Spikes
|
|upkeep
|turn|7
|
|t:|1760856742
|move|p2a: Dragonite|Ice Spinner|p1a: Skarmory
|-damage|p1a: Skarmory|62/100
|move|p1a: Skarmory|Spikes|p2a: Dragonite
|-sidestart|p2: HZBKAI10|Spikes
|
|upkeep
|turn|8
|
|t:|1760856776
|move|p2a: Dragonite|Ice Spinner|p1a: Skarmory
|-damage|p1a: Skarmory|44/100
|move|p1a: Skarmory|Roost|p1a: Skarmory
|-heal|p1a: Skarmory|94/100
|-singleturn|p1a: Skarmory|move: Roost
|
|upkeep
|turn|9
|
|t:|1760856784
|move|p2a: Dragonite|Ice Spinner|p1a: Skarmory
|-damage|p1a: Skarmory|75/100
|move|p1a: Skarmory|Iron Defense|p1a: Skarmory
|-boost|p1a: Skarmory|def|2
|
|upkeep
|turn|10
|
|t:|1760856791
|move|p2a: Dragonite|Ice Spinner|p1a: Skarmory
|-damage|p1a: Skarmory|65/100
|move|p1a: Skarmory|Roost|p1a: Skarmory
|-heal|p1a: Skarmory|100/100
|-singleturn|p1a: Skarmory|move: Roost
|
|upkeep
|turn|11
|
|t:|1760856827
|move|p2a: Dragonite|Ice Spinner|p1a: Skarmory
|-damage|p1a: Skarmory|91/100
|move|p1a: Skarmory|Spikes|p2a: Dragonite
|-sidestart|p2: HZBKAI10|Spikes
|
|upkeep
|turn|12
|
|t:|1760856833
|move|p2a: Dragonite|Ice Spinner|p1a: Skarmory
|-damage|p1a: Skarmory|80/100
|move|p1a: Skarmory|Body Press|p2a: Dragonite
|-resisted|p2a: Dragonite
|-damage|p2a: Dragonite|0 fnt
|faint|p2a: Dragonite
|
|upkeep
|
|t:|1760856833
|switch|p2a: Heatran|Heatran, M|100/100
|-damage|p2a: Heatran|76/100|[from] Spikes
|turn|13
|
|t:|1760856872
|switch|p1a: Tyranitar|Tyranitar, F|96/100
|-weather|Sandstorm|[from] ability: Sand Stream|[of] p1a: Tyranitar
|move|p2a: Heatran|Magma Storm|p1a: Tyranitar
|-resisted|p1a: Tyranitar
|-damage|p1a: Tyranitar|87/100
|-activate|p1a: Tyranitar|move: Magma Storm|[of] p2a: Heatran
|
|-weather|Sandstorm|[upkeep]
|-heal|p2a: Heatran|82/100|[from] item: Leftovers
|-damage|p1a: Tyranitar|74/100|[from] move: Magma Storm|[partiallytrapped]
|upkeep
|turn|14
|
|t:|1760856908
|move|p2a: Heatran|Earth Power|p1a: Tyranitar
|-supereffective|p1a: Tyranitar
|-damage|p1a: Tyranitar|49/100
|move|p1a: Tyranitar|Knock Off|p2a: Heatran
|-damage|p2a: Heatran|42/100
|-enditem|p2a: Heatran|Leftovers|[from] move: Knock Off|[of] p1a: Tyranitar
|
|-weather|Sandstorm|[upkeep]
|-damage|p1a: Tyranitar|37/100|[from] move: Magma Storm|[partiallytrapped]
|upkeep
|turn|15
|
|t:|1760856921
|move|p2a: Heatran|Earth Power|p1a: Tyranitar
|-supereffective|p1a: Tyranitar
|-damage|p1a: Tyranitar|12/100
|move|p1a: Tyranitar|Roar|p2a: Heatran
|drag|p2a: Primarina|Primarina, F|100/100
|-damage|p2a: Primarina|76/100|[from] Spikes
|
|-weather|Sandstorm|[upkeep]
|-damage|p2a: Primarina|69/100|[from] Sandstorm
|-heal|p2a: Primarina|76/100|[from] item: Leftovers
|-end|p1a: Tyranitar|Magma Storm|[partiallytrapped]|[silent]
|upkeep
|turn|16
|
|t:|1760856969
|switch|p1a: Clefable|Clefable, F|100/100
|move|p2a: Primarina|Moonblast|p1a: Clefable
|-damage|p1a: Clefable|47/100
|-unboost|p1a: Clefable|spa|1
|
|-weather|Sandstorm|[upkeep]
|-damage|p2a: Primarina|69/100|[from] Sandstorm
|-heal|p2a: Primarina|76/100|[from] item: Leftovers
|upkeep
|turn|17
|
|t:|1760856980
|move|p1a: Clefable|Protect|p1a: Clefable
|-singleturn|p1a: Clefable|Protect
|move|p2a: Primarina|Moonblast|p1a: Clefable
|-activate|p1a: Clefable|move: Protect
|
|-weather|none
|-heal|p2a: Primarina|82/100|[from] item: Leftovers
|upkeep
|turn|18
|
|t:|1760856989
|switch|p1a: Clodsire|Clodsire, F|100/100
|move|p2a: Primarina|Moonblast|p1a: Clodsire
|-resisted|p1a: Clodsire
|-damage|p1a: Clodsire|85/100
|
|-heal|p2a: Primarina|88/100|[from] item: Leftovers
|upkeep
|turn|19
|
|t:|1760856998
|-terastallize|p1a: Clodsire|Dark
|move|p2a: Primarina|Surf|p1a: Clodsire
|-damage|p1a: Clodsire|56/100
|move|p1a: Clodsire|Toxic|p2a: Primarina
|-status|p2a: Primarina|tox
|
|-heal|p2a: Primarina|94/100 tox|[from] item: Leftovers
|-damage|p2a: Primarina|88/100 tox|[from] psn
|upkeep
|turn|20
|
|t:|1760857011
|move|p2a: Primarina|Moonblast|p1a: Clodsire
|-supereffective|p1a: Clodsire
|-damage|p1a: Clodsire|0 fnt
|faint|p1a: Clodsire
|
|-heal|p2a: Primarina|94/100 tox|[from] item: Leftovers
|-damage|p2a: Primarina|82/100 tox|[from] psn
|upkeep
|
|t:|1760857020
|switch|p1a: Alomomola|Alomomola, F, shiny|50/100
|turn|21
|
|t:|1760857023
|move|p1a: Alomomola|Protect|p1a: Alomomola
|-singleturn|p1a: Alomomola|Protect
|move|p2a: Primarina|Moonblast|p1a: Alomomola
|-activate|p1a: Alomomola|move: Protect
|
|-heal|p2a: Primarina|88/100 tox|[from] item: Leftovers
|-damage|p2a: Primarina|69/100 tox|[from] psn
|upkeep
|turn|22
|
|t:|1760857033
|switch|p1a: Skarmory|Skarmory, F|80/100
|move|p2a: Primarina|Moonblast|p1a: Skarmory
|-resisted|p1a: Skarmory
|-damage|p1a: Skarmory|41/100
|-unboost|p1a: Skarmory|spa|1
|
|-heal|p2a: Primarina|76/100 tox|[from] item: Leftovers
|-damage|p2a: Primarina|51/100 tox|[from] psn
|upkeep
|turn|23
|
|t:|1760857044
|switch|p1a: Alomomola|Alomomola, F, shiny|84/100
|move|p2a: Primarina|Surf|p1a: Alomomola
|-resisted|p1a: Alomomola
|-damage|p1a: Alomomola|59/100
|
|-heal|p2a: Primarina|57/100 tox|[from] item: Leftovers
|-damage|p2a: Primarina|26/100 tox|[from] psn
|upkeep
|turn|24
|
|t:|1760857053
|move|p1a: Alomomola|Protect|p1a: Alomomola
|-singleturn|p1a: Alomomola|Protect
|move|p2a: Primarina|Moonblast|p1a: Alomomola
|-activate|p1a: Alomomola|move: Protect
|
|-heal|p2a: Primarina|32/100 tox|[from] item: Leftovers
|-damage|p2a: Primarina|0 fnt|[from] psn
|faint|p2a: Primarina
|upkeep
|
|t:|1760857054
|switch|p2a: Toedscruel|Toedscruel, F|100/100
|-damage|p2a: Toedscruel|76/100|[from] Spikes
|turn|25
|
|t:|1760857071
|switch|p1a: Skarmory|Skarmory, F|41/100
|move|p2a: Toedscruel|Giga Drain|p1a: Skarmory
|-resisted|p1a: Skarmory
|-damage|p1a: Skarmory|31/100
|-heal|p2a: Toedscruel|81/100|[from] drain|[of] p1a: Skarmory
|
|-heal|p2a: Toedscruel|87/100|[from] item: Leftovers
|upkeep
|turn|26
|
|t:|1760857080
|move|p1a: Skarmory|Roost|p1a: Skarmory
|-heal|p1a: Skarmory|81/100
|-singleturn|p1a: Skarmory|move: Roost
|move|p2a: Toedscruel|Toxic|p1a: Skarmory
|-immune|p1a: Skarmory
|
|-heal|p2a: Toedscruel|93/100|[from] item: Leftovers
|upkeep
|turn|27
|
|t:|1760857090
|move|p1a: Skarmory|Iron Defense|p1a: Skarmory
|-boost|p1a: Skarmory|def|2
|move|p2a: Toedscruel|Toxic|p1a: Skarmory
|-immune|p1a: Skarmory
|
|-heal|p2a: Toedscruel|99/100|[from] item: Leftovers
|upkeep
|turn|28
|
|t:|1760857099
|move|p1a: Skarmory|Body Press|p2a: Toedscruel
|-damage|p2a: Toedscruel|0 fnt
|faint|p2a: Toedscruel
|
|upkeep
|
|t:|1760857099
|switch|p2a: Heatran|Heatran, M|42/100
|-damage|p2a: Heatran|17/100|[from] Spikes
|turn|29
|
|t:|1760857107
|switch|p1a: Alomomola|Alomomola, F, shiny|93/100
|move|p2a: Heatran|Magma Storm|p1a: Alomomola|[miss]
|-miss|p2a: Heatran|p1a: Alomomola
|
|upkeep
|turn|30
|
|t:|1760857114
|move|p2a: Heatran|Earth Power|p1a: Alomomola
|-damage|p1a: Alomomola|64/100
|-unboost|p1a: Alomomola|spd|1
|move|p1a: Alomomola|Wish|p1a: Alomomola
|
|upkeep
|turn|31
|
|t:|1760857121
|move|p2a: Heatran|Earth Power|p1a: Alomomola
|-damage|p1a: Alomomola|20/100
|move|p1a: Alomomola|Flip Turn|p2a: Heatran
|-supereffective|p2a: Heatran
|-damage|p2a: Heatran|0 fnt
|faint|p2a: Heatran
|
|t:|1760857130
|switch|p1a: Tyranitar|Tyranitar, F|12/100|[from] Flip Turn
|-weather|Sandstorm|[from] ability: Sand Stream|[of] p1a: Tyranitar
|
|-weather|Sandstorm|[upkeep]
|-heal|p1a: Tyranitar|71/100|[from] move: Wish|[wisher] Alomomola
|upkeep
|
|t:|1760857130
|switch|p2a: Iron Crown|Iron Crown|100/100
|-damage|p2a: Iron Crown|76/100|[from] Spikes
|turn|32
|
|t:|1760857144
|move|p2a: Iron Crown|Focus Blast|p1a: Tyranitar
|-supereffective|p1a: Tyranitar
|-damage|p1a: Tyranitar|3/100
|move|p1a: Tyranitar|Knock Off|p2a: Iron Crown
|-supereffective|p2a: Iron Crown
|-damage|p2a: Iron Crown|0 fnt
|-enditem|p2a: Iron Crown|Assault Vest|[from] move: Knock Off|[of] p1a: Tyranitar
|faint|p2a: Iron Crown
|-end|p2a: Iron Crown|Quark Drive|[silent]
|
|-weather|Sandstorm|[upkeep]
|upkeep
|
|t:|1760857144
|switch|p2a: Walking Wake|Walking Wake|100/100
|turn|33
|
|t:|1760857162
|switch|p1a: Hydrapple|Hydrapple, M|100/100
|move|p2a: Walking Wake|Surf|p1a: Hydrapple
|-resisted|p1a: Hydrapple
|-damage|p1a: Hydrapple|88/100
|
|-weather|Sandstorm|[upkeep]
|-damage|p2a: Walking Wake|94/100|[from] Sandstorm
|-damage|p1a: Hydrapple|82/100|[from] Sandstorm
|upkeep
|turn|34
|
|t:|1760857179
|switch|p1a: Clefable|Clefable, F|47/100
|move|p2a: Walking Wake|Draco Meteor|p1a: Clefable
|-immune|p1a: Clefable
|
|-weather|Sandstorm|[upkeep]
|-damage|p2a: Walking Wake|88/100|[from] Sandstorm
|upkeep
|turn|35
|
|t:|1760857190
|switch|p1a: Alomomola|Alomomola, F, shiny|53/100
|move|p2a: Walking Wake|Surf|p1a: Alomomola
|-resisted|p1a: Alomomola
|-damage|p1a: Alomomola|33/100
|
|-weather|none
|upkeep
|turn|36
|
|t:|1760857198
|move|p1a: Alomomola|Protect|p1a: Alomomola
|-singleturn|p1a: Alomomola|Protect
|move|p2a: Walking Wake|Draco Meteor|p1a: Alomomola
|-activate|p1a: Alomomola|move: Protect
|
|upkeep
|turn|37
|
|t:|1760857205
|switch|p1a: Tyranitar|Tyranitar, F|3/100
|-weather|Sandstorm|[from] ability: Sand Stream|[of] p1a: Tyranitar
|move|p2a: Walking Wake|Draco Meteor|p1a: Tyranitar|[miss]
|-miss|p2a: Walking Wake|p1a: Tyranitar
|
|-weather|Sandstorm|[upkeep]
|-damage|p2a: Walking Wake|82/100|[from] Sandstorm
|upkeep
|turn|38
|
|t:|1760857216
|switch|p1a: Alomomola|Alomomola, F, shiny|66/100
|move|p2a: Walking Wake|Surf|p1a: Alomomola
|-resisted|p1a: Alomomola
|-damage|p1a: Alomomola|46/100
|
|-weather|Sandstorm|[upkeep]
|-damage|p2a: Walking Wake|76/100|[from] Sandstorm
|-damage|p1a: Alomomola|40/100|[from] Sandstorm
|upkeep
|turn|39
|
|t:|1760857225
|move|p1a: Alomomola|Protect|p1a: Alomomola
|-singleturn|p1a: Alomomola|Protect
|move|p2a: Walking Wake|Draco Meteor|p1a: Alomomola
|-activate|p1a: Alomomola|move: Protect
|
|-weather|Sandstorm|[upkeep]
|-damage|p2a: Walking Wake|70/100|[from] Sandstorm
|-damage|p1a: Alomomola|33/100|[from] Sandstorm
|upkeep
|turn|40
|
|t:|1760857235
|switch|p1a: Clefable|Clefable, F|47/100
|move|p2a: Walking Wake|Draco Meteor|p1a: Clefable
|-immune|p1a: Clefable
|
|-weather|Sandstorm|[upkeep]
|-damage|p2a: Walking Wake|63/100|[from] Sandstorm
|upkeep
|turn|41
|
|t:|1760857244
|switch|p1a: Alomomola|Alomomola, F, shiny|67/100
|move|p2a: Walking Wake|Surf|p1a: Alomomola
|-resisted|p1a: Alomomola
|-damage|p1a: Alomomola|47/100
|
|-weather|none
|upkeep
|turn|42
|
|t:|1760857254
|switch|p1a: Tyranitar|Tyranitar, F|3/100
|-weather|Sandstorm|[from] ability: Sand Stream|[of] p1a: Tyranitar
|move|p2a: Walking Wake|Draco Meteor|p1a: Tyranitar
|-damage|p1a: Tyranitar|0 fnt
|-unboost|p2a: Walking Wake|spa|2
|faint|p1a: Tyranitar
|
|-weather|Sandstorm|[upkeep]
|-damage|p2a: Walking Wake|57/100|[from] Sandstorm
|upkeep
|
|t:|1760857266
|switch|p1a: Clefable|Clefable, F|47/100
|turn|43
|
|t:|1760857269
|move|p2a: Walking Wake|Surf|p1a: Clefable
|-damage|p1a: Clefable|25/100
|move|p1a: Clefable|Wish|p1a: Clefable
|
|-weather|Sandstorm|[upkeep]
|-damage|p2a: Walking Wake|51/100|[from] Sandstorm
|upkeep
|turn|44
|
|t:|1760857276
|move|p1a: Clefable|Protect|p1a: Clefable
|-singleturn|p1a: Clefable|Protect
|move|p2a: Walking Wake|Surf|p1a: Clefable
|-activate|p1a: Clefable|move: Protect
|
|-weather|Sandstorm|[upkeep]
|-damage|p2a: Walking Wake|45/100|[from] Sandstorm
|-heal|p1a: Clefable|75/100|[from] move: Wish|[wisher] Clefable
|upkeep
|turn|45
|c|☆KennytheslugSmith|Gg
|
|t:|1760857286
|move|p2a: Walking Wake|Surf|p1a: Clefable
|-damage|p1a: Clefable|53/100
|move|p1a: Clefable|Wish|p1a: Clefable
|
|-weather|Sandstorm|[upkeep]
|-damage|p2a: Walking Wake|39/100|[from] Sandstorm
|upkeep
|turn|46
|
|t:|1760857293
|move|p1a: Clefable|Protect|p1a: Clefable
|-singleturn|p1a: Clefable|Protect
|move|p2a: Walking Wake|Surf|p1a: Clefable
|-activate|p1a: Clefable|move: Protect
|
|-weather|none
|-heal|p1a: Clefable|100/100|[from] move: Wish|[wisher] Clefable
|upkeep
|turn|47
|
|t:|1760857302
|move|p2a: Walking Wake|Surf|p1a: Clefable
|-damage|p1a: Clefable|80/100
|move|p1a: Clefable|Moonblast|p2a: Walking Wake
|-supereffective|p2a: Walking Wake
|-damage|p2a: Walking Wake|0 fnt
|faint|p2a: Walking Wake
|-end|p2a: Walking Wake|Protosynthesis|[silent]
|
|win|KennytheslugSmith
|raw|KennytheslugSmith's rating: 1079 &rarr; <strong>1105</strong><br />(+26 for winning)
|raw|HZBKAI10's rating: 1058 &rarr; <strong>1040</strong><br />(-18 for losing)
|l|☆HZBKAI10
|player|p2|
