|j|☆hsp20040923
|j|☆not rfk jr
|t:|1760856567
|gametype|singles
|player|p1|hsp20040923|pokemonbreeder|1171
|player|p2|not rfk jr|li|1180
|gen|9
|tier|[Gen 9] OU
|rated|
|rule|HP Percentage Mod: HP is shown in percentages
|rule|Endless Battle Clause: Forcing endless battles is banned
|rule|Species Clause: Limit one of each Pokémon
|rule|OHKO Clause: OHKO moves are banned
|rule|Evasion Items Clause: Evasion items are banned
|rule|Evasion Moves Clause: Evasion moves are banned
|rule|Evasion Abilities Clause: Evasion abilities are banned
|rule|Sleep Moves Clause: Sleep-inducing moves are banned
|clearpoke
|poke|p1|Ting-Lu|
|poke|p1|Heatran, F|
|poke|p1|Enamorus, F|
|poke|p1|Ogerpon-Wellspring, F|
|poke|p1|Iron Hands|
|poke|p1|Gholdengo|
|poke|p2|Garchomp, F|
|poke|p2|Cinderace, M|
|poke|p2|Ogerpon-Wellspring, F|
|poke|p2|Meowscarada, M|
|poke|p2|Venusaur, M|
|poke|p2|Basculegion, M|
|teampreview
|inactive|Battle timer is ON: inactive players will automatically lose when time's up. (requested by not rfk jr)
|
|t:|1760856575
|teamsize|p1|6
|teamsize|p2|6
|start
|switch|p1a: Iron Hands|Iron Hands|100/100
|switch|p2a: jar jar binks|Ogerpon-Wellspring, F|100/100
|turn|1
|inactive|hsp20040923 has 120 seconds left.
|inactive|hsp20040923 has 90 seconds left.
|
|t:|1760856646
|switch|p2a: dogecoin|Garchomp, F, shiny|100/100
|move|p1a: Iron Hands|Supercell Slam|p2a: dogecoin
|-immune|p2a: dogecoin
|-damage|p1a: Iron Hands|50/100|[from] supercellslam
|
|upkeep
|turn|2
|
|t:|1760856658
|-terastallize|p1a: Iron Hands|Ground
|move|p2a: dogecoin|Stealth Rock|p1a: Iron Hands
|-sidestart|p1: hsp20040923|move: Stealth Rock
|move|p1a: Iron Hands|Ice Punch|p2a: dogecoin
|-supereffective|p2a: dogecoin
|-damage|p2a: dogecoin|0 fnt
|-damage|p1a: Iron Hands|38/100|[from] ability: Rough Skin|[of] p2a: dogecoin
|faint|p2a: dogecoin
|
|upkeep
|
|t:|1760856660
|switch|p2a: jar jar binks|Ogerpon-Wellspring, F|100/100
|turn|3
|inactive|hsp20040923 has 90 seconds left.
|
|t:|1760856675
|-end|p1a: Iron Hands|Quark Drive|[silent]
|switch|p1a: Ogerpon|Ogerpon-Wellspring, F|100/100
|-damage|p1a: Ogerpon|88/100|[from] Stealth Rock
|move|p2a: jar jar binks|Ivy Cudgel|p1a: Ogerpon|[anim] Ivy Cudgel Water
|-heal|p1a: Ogerpon|100/100|[from] ability: Water Absorb|[of] p2a: jar jar binks
|
|upkeep
|turn|4
|
|t:|1760856688
|switch|p2a: zero|Meowscarada, M, shiny|100/100
|move|p1a: Ogerpon|Trailblaze|p2a: zero
|-resisted|p2a: zero
|-damage|p2a: zero|73/100
|-boost|p1a: Ogerpon|spe|1
|
|upkeep
|turn|5
|
|t:|1760856707
|move|p2a: zero|U-turn|p1a: Ogerpon
|-start|p2a: zero|typechange|Bug|[from] ability: Protean
|-supereffective|p1a: Ogerpon
|-damage|p1a: Ogerpon|25/100
|
|t:|1760856713
|switch|p2a: 0.0|Venusaur, M, shiny|100/100|[from] U-turn
|move|p1a: Ogerpon|Swords Dance|p1a: Ogerpon
|-boost|p1a: Ogerpon|atk|2
|
|upkeep
|turn|6
|
|t:|1760856721
|move|p1a: Ogerpon|Knock Off|p2a: 0.0
|-damage|p2a: 0.0|0 fnt
|-enditem|p2a: 0.0|Life Orb|[from] move: Knock Off|[of] p1a: Ogerpon
|faint|p2a: 0.0
|
|upkeep
|
|t:|1760856725
|switch|p2a: zero|Meowscarada, M, shiny|73/100
|turn|7
|
|t:|1760856740
|switch|p1a: Heatran|Heatran, F|100/100
|-damage|p1a: Heatran|88/100|[from] Stealth Rock
|move|p2a: zero|U-turn|p1a: Heatran
|-start|p2a: zero|typechange|Bug|[from] ability: Protean
|-resisted|p1a: Heatran
|-crit|p1a: Heatran
|-damage|p1a: Heatran|77/100
|
|t:|1760856745
|switch|p2a: jar jar binks|Ogerpon-Wellspring, F|100/100|[from] U-turn
|
|upkeep
|turn|8
|inactive|hsp20040923 has 120 seconds left.
|
|t:|1760856750
|switch|p1a: Ogerpon|Ogerpon-Wellspring, F|25/100
|-damage|p1a: Ogerpon|13/100|[from] Stealth Rock
|-terastallize|p2a: jar jar binks|Water
|detailschange|p2a: jar jar binks|Ogerpon-Wellspring-Tera, F, tera:Water
|-ability|p2a: jar jar binks|Embody Aspect (Wellspring)|boost
|-boost|p2a: jar jar binks|spd|1
|move|p2a: jar jar binks|Ivy Cudgel|p1a: Ogerpon|[anim] Ivy Cudgel Water
|-heal|p1a: Ogerpon|38/100|[from] ability: Water Absorb|[of] p2a: jar jar binks
|
|upkeep
|turn|9
|inactive|hsp20040923 has 120 seconds left.
|
|t:|1760856767
|switch|p2a: zero|Meowscarada, M, shiny|73/100
|move|p1a: Ogerpon|Trailblaze|p2a: zero
|-resisted|p2a: zero
|-damage|p2a: zero|47/100
|-boost|p1a: Ogerpon|spe|1
|
|upkeep
|turn|10
|inactive|hsp20040923 has 120 seconds left.
|
|t:|1760856789
|switch|p1a: Heatran|Heatran, F|77/100
|-damage|p1a: Heatran|65/100|[from] Stealth Rock
|move|p2a: zero|U-turn|p1a: Heatran
|-start|p2a: zero|typechange|Bug|[from] ability: Protean
|-resisted|p1a: Heatran
|-damage|p1a: Heatran|58/100
|
|t:|1760856794
|switch|p2a: woooah|Basculegion, M, shiny|100/100|[from] U-turn
|
|upkeep
|turn|11
|
|t:|1760856803
|move|p2a: woooah|Flip Turn|p1a: Heatran
|-supereffective|p1a: Heatran
|-damage|p1a: Heatran|0 fnt
|faint|p1a: Heatran
|
|t:|1760856813
|switch|p2a: jar jar binks|Ogerpon-Wellspring-Tera, F, tera:Water|100/100|[from] Flip Turn
|-ability|p2a: jar jar binks|Embody Aspect (Wellspring)|boost
|-boost|p2a: jar jar binks|spd|1
|
|upkeep
|inactive|hsp20040923 has 120 seconds left.
|
|t:|1760856828
|switch|p1a: Gholdengo|Gholdengo|100/100
|-damage|p1a: Gholdengo|94/100|[from] Stealth Rock
|-item|p1a: Gholdengo|Air Balloon
|turn|12
|
|t:|1760856832
|switch|p1a: Ogerpon|Ogerpon-Wellspring, F|38/100
|-damage|p1a: Ogerpon|25/100|[from] Stealth Rock
|move|p2a: jar jar binks|Knock Off|p1a: Ogerpon
|-damage|p1a: Ogerpon|0 fnt
|faint|p1a: Ogerpon
|
|upkeep
|inactive|hsp20040923 has 120 seconds left.
|
|t:|1760856845
|switch|p1a: Iron Hands|Iron Hands, tera:Ground|38/100
|-damage|p1a: Iron Hands|32/100|[from] Stealth Rock
|turn|13
|inactive|hsp20040923 has 120 seconds left.
|
|t:|1760856851
|move|p2a: jar jar binks|Ivy Cudgel|p1a: Iron Hands|[anim] Ivy Cudgel Water
|-supereffective|p1a: Iron Hands
|-damage|p1a: Iron Hands|0 fnt
|faint|p1a: Iron Hands
|-end|p1a: Iron Hands|Quark Drive|[silent]
|
|upkeep
|
|t:|1760856855
|switch|p1a: Enamorus|Enamorus, F|100/100
|-damage|p1a: Enamorus|76/100|[from] Stealth Rock
|turn|14
|
|t:|1760856865
|move|p2a: jar jar binks|Ivy Cudgel|p1a: Enamorus|[anim] Ivy Cudgel Water
|-damage|p1a: Enamorus|0 fnt
|faint|p1a: Enamorus
|
|upkeep
|
|t:|1760856868
|switch|p1a: Gholdengo|Gholdengo|94/100
|-damage|p1a: Gholdengo|88/100|[from] Stealth Rock
|-item|p1a: Gholdengo|Air Balloon
|turn|15
|
|t:|1760856881
|move|p2a: jar jar binks|Knock Off|p1a: Gholdengo
|-supereffective|p1a: Gholdengo
|-damage|p1a: Gholdengo|3/100
|-enditem|p1a: Gholdengo|Air Balloon
|move|p1a: Gholdengo|Shadow Ball|p2a: jar jar binks
|-damage|p2a: jar jar binks|67/100
|
|upkeep
|turn|16
|inactive|hsp20040923 has 120 seconds left.
|inactive|hsp20040923 has 90 seconds left.
|inactive|hsp20040923 has 60 seconds left.
|inactive|hsp20040923 has 30 seconds left.
|inactive|hsp20040923 has 20 seconds left.
|inactive|hsp20040923 has 15 seconds left.
|inactive|hsp20040923 has 10 seconds left.
|inactive|hsp20040923 has 5 seconds left.
|-message|hsp20040923 lost due to inactivity.
|
|win|not rfk jr
|raw|hsp20040923's rating: 1171 &rarr; <strong>1147</strong><br />(-24 for losing)
|raw|not rfk jr's rating: 1180 &rarr; <strong>1204</strong><br />(+24 for winning)
|l|☆not rfk jr
|player|p2|
