|j|☆Rat Conjoe
|j|☆GateofGeass
|t:|1760763380
|gametype|singles
|player|p1|Rat Conjoe|dawn|1104
|player|p2|GateofGeass|bellelba|1119
|gen|9
|tier|[Gen 9] OU
|rated|
|rule|HP Percentage Mod: HP is shown in percentages
|rule|Endless Battle Clause: Forcing endless battles is banned
|rule|Species Clause: Limit one of each Pokémon
|rule|OHKO Clause: OHKO moves are banned
|rule|Evasion Items Clause: Evasion items are banned
|rule|Evasion Moves Clause: Evasion moves are banned
|rule|Evasion Abilities Clause: Evasion abilities are banned
|rule|Sleep Moves Clause: Sleep-inducing moves are banned
|clearpoke
|poke|p1|Flygon, M|
|poke|p1|Ceruledge, M|
|poke|p1|Umbreon, F|
|poke|p1|Eelektross, M|
|poke|p1|Scizor, F|
|poke|p1|Meowscarada, M|
|poke|p2|Iron Moth|
|poke|p2|Rillaboom, M|
|poke|p2|Jolteon, F|
|poke|p2|Great Tusk|
|poke|p2|Gholdengo|
|poke|p2|Barraskewda, M|
|teampreview
|inactive|Battle timer is ON: inactive players will automatically lose when time's up. (requested by GateofGeass)
|inactive|GateofGeass has 120 seconds left.
|inactive|GateofGeass has 90 seconds left.
|inactive|GateofGeass has 60 seconds left.
|inactive|GateofGeass has 30 seconds left.
|
|t:|1760763505
|teamsize|p1|6
|teamsize|p2|6
|start
|switch|p1a: Eelektross|Eelektross, M|100/100
|switch|p2a: Great Tusk|Great Tusk, shiny|100/100
|-enditem|p2a: Great Tusk|Booster Energy
|-activate|p2a: Great Tusk|ability: Protosynthesis|[fromitem]
|-start|p2a: Great Tusk|protosynthesisatk
|turn|1
|inactive|GateofGeass has 90 seconds left.
|
|t:|1760763513
|move|p2a: Great Tusk|Rapid Spin|p1a: Eelektross
|-damage|p1a: Eelektross|75/100
|-boost|p2a: Great Tusk|spe|1
|move|p1a: Eelektross|Giga Drain|p2a: Great Tusk
|-supereffective|p2a: Great Tusk
|-damage|p2a: Great Tusk|28/100
|-heal|p1a: Eelektross|100/100|[from] drain|[of] p2a: Great Tusk
|
|upkeep
|turn|2
|inactive|GateofGeass has 90 seconds left.
|
|t:|1760763524
|move|p2a: Great Tusk|Close Combat|p1a: Eelektross
|-damage|p1a: Eelektross|6/100
|-unboost|p2a: Great Tusk|def|1
|-unboost|p2a: Great Tusk|spd|1
|move|p1a: Eelektross|Knock Off|p2a: Great Tusk
|-resisted|p2a: Great Tusk
|-damage|p2a: Great Tusk|19/100
|
|upkeep
|turn|3
|inactive|GateofGeass has 90 seconds left.
|
|t:|1760763535
|move|p2a: Great Tusk|Rapid Spin|p1a: Eelektross
|-damage|p1a: Eelektross|0 fnt
|-boost|p2a: Great Tusk|spe|1
|faint|p1a: Eelektross
|
|upkeep
|
|t:|1760763545
|switch|p1a: Ceruledge|Ceruledge, M|100/100
|turn|4
|
|t:|1760763553
|move|p1a: Ceruledge|Shadow Sneak|p2a: Great Tusk
|-damage|p2a: Great Tusk|0 fnt
|faint|p2a: Great Tusk
|-end|p2a: Great Tusk|Protosynthesis|[silent]
|
|upkeep
|
|t:|1760763568
|switch|p2a: Barraskewda|Barraskewda, M|100/100
|turn|5
|
|t:|1760763575
|switch|p1a: Meowscarada|Meowscarada, M|100/100
|move|p2a: Barraskewda|Flip Turn|p1a: Meowscarada
|-resisted|p1a: Meowscarada
|-damage|p1a: Meowscarada|61/100
|
|t:|1760763581
|switch|p2a: chochito|Iron Moth, shiny|100/100|[from] Flip Turn
|-enditem|p2a: chochito|Booster Energy
|-activate|p2a: chochito|ability: Quark Drive|[fromitem]
|-start|p2a: chochito|quarkdrivespe
|
|upkeep
|turn|6
|
|t:|1760763590
|switch|p1a: Flygon|Flygon, M|100/100
|move|p2a: chochito|Fiery Dance|p1a: Flygon
|-resisted|p1a: Flygon
|-crit|p1a: Flygon
|-damage|p1a: Flygon|57/100
|-boost|p2a: chochito|spa|1
|
|upkeep
|turn|7
|inactive|GateofGeass has 90 seconds left.
|inactive|GateofGeass has 60 seconds left.
|
|t:|1760763655
|move|p2a: chochito|Fiery Dance|p1a: Flygon
|-resisted|p1a: Flygon
|-damage|p1a: Flygon|13/100
|move|p1a: Flygon|Earthquake|p2a: chochito
|-supereffective|p2a: chochito
|-damage|p2a: chochito|0 fnt
|faint|p2a: chochito
|-end|p2a: chochito|Quark Drive|[silent]
|
|upkeep
|-message|GateofGeass forfeited.
|
|win|Rat Conjoe
|raw|Rat Conjoe's rating: 1104 &rarr; <strong>1130</strong><br />(+26 for winning)
|raw|GateofGeass's rating: 1119 &rarr; <strong>1093</strong><br />(-26 for losing)
|l|☆GateofGeass
|player|p2|
|l|☆Rat Conjoe
|player|p1|
