|j|☆Tungsten Daniel
|j|☆tartaglia the 11th
|t:|1760878174
|gametype|singles
|player|p1|Tungsten Daniel|ingo|1386
|player|p2|tartaglia the 11th|steven|1418
|gen|9
|tier|[Gen 9] OU
|rated|
|rule|HP Percentage Mod: HP is shown in percentages
|rule|Endless Battle Clause: Forcing endless battles is banned
|rule|Species Clause: Limit one of each Pokémon
|rule|OHKO Clause: OHKO moves are banned
|rule|Evasion Items Clause: Evasion items are banned
|rule|Evasion Moves Clause: Evasion moves are banned
|rule|Evasion Abilities Clause: Evasion abilities are banned
|rule|Sleep Moves Clause: Sleep-inducing moves are banned
|clearpoke
|poke|p1|Alomomola, F|
|poke|p1|Gallade, M|
|poke|p1|Slowking-Galar, F|
|poke|p1|Moltres-Galar|
|poke|p1|Latios, M|
|poke|p1|Ursaluna, F|
|poke|p2|Slowking-Galar, M|
|poke|p2|Scizor, M|
|poke|p2|Latios, M|
|poke|p2|Kingambit, M|
|poke|p2|Primarina, M|
|poke|p2|Talonflame, M|
|teampreview
|inactive|Battle timer is ON: inactive players will automatically lose when time's up. (requested by Tungsten Daniel)
|
|t:|1760878198
|teamsize|p1|6
|teamsize|p2|6
|start
|switch|p1a: Alomomola|Alomomola, F|100/100
|switch|p2a: Primarina|Primarina, M|100/100
|turn|1
|
|t:|1760878203
|move|p2a: Primarina|Moonblast|p1a: Alomomola
|-damage|p1a: Alomomola|58/100
|move|p1a: Alomomola|Flip Turn|p2a: Primarina
|-resisted|p2a: Primarina
|-damage|p2a: Primarina|91/100
|
|t:|1760878208
|switch|p1a: Slowking|Slowking-Galar, F|100/100|[from] Flip Turn
|
|upkeep
|turn|2
|
|t:|1760878211
|move|p2a: Primarina|Psychic Noise|p1a: Slowking
|-damage|p1a: Slowking|68/100
|-start|p1a: Slowking|move: Heal Block
|move|p1a: Slowking|Future Sight|p2a: Primarina
|-start|p1a: Slowking|move: Future Sight
|
|upkeep
|turn|3
|
|t:|1760878220
|move|p2a: Primarina|Hyper Voice|p1a: Slowking
|-damage|p1a: Slowking|29/100
|move|p1a: Slowking|Sludge Bomb|p2a: Primarina
|-supereffective|p2a: Primarina
|-damage|p2a: Primarina|57/100
|-status|p2a: Primarina|psn
|
|-damage|p2a: Primarina|44/100 psn|[from] psn
|-end|p1a: Slowking|move: Heal Block
|upkeep
|turn|4
|
|t:|1760878231
|switch|p1a: Alomomola|Alomomola, F|92/100
|move|p2a: Primarina|Flip Turn|p1a: Alomomola
|-resisted|p1a: Alomomola
|-damage|p1a: Alomomola|86/100
|
|t:|1760878233
|switch|p2a: Kingambit|Kingambit, M|100/100|[from] Flip Turn
|
|-end|p2a: Kingambit|move: Future Sight
|-immune|p2a: Kingambit
|-heal|p1a: Alomomola|92/100|[from] item: Leftovers
|upkeep
|turn|5
|inactive|tartaglia the 11th has 120 seconds left.
|
|t:|1760878273
|move|p1a: Alomomola|Flip Turn|p2a: Kingambit
|-damage|p2a: Kingambit|89/100
|
|t:|1760878276
|switch|p1a: Ursaluna|Ursaluna, F|100/100|[from] Flip Turn
|move|p2a: Kingambit|Swords Dance|p2a: Kingambit
|-boost|p2a: Kingambit|atk|2
|
|upkeep
|turn|6
|inactive|tartaglia the 11th has 120 seconds left.
|
|t:|1760878288
|-terastallize|p2a: Kingambit|Dark
|move|p2a: Kingambit|Kowtow Cleave|p1a: Ursaluna
|-damage|p1a: Ursaluna|4/100
|move|p1a: Ursaluna|Headlong Rush|p2a: Kingambit
|-damage|p2a: Kingambit|41/100
|-unboost|p1a: Ursaluna|def|1
|-unboost|p1a: Ursaluna|spd|1
|
|upkeep
|turn|7
|inactive|tartaglia the 11th has 120 seconds left.
|
|t:|1760878298
|move|p2a: Kingambit|Kowtow Cleave|p1a: Ursaluna
|-damage|p1a: Ursaluna|0 fnt
|faint|p1a: Ursaluna
|
|upkeep
|
|t:|1760878302
|switch|p1a: Gallade|Gallade, M|100/100
|turn|8
|
|t:|1760878314
|-terastallize|p1a: Gallade|Dark
|move|p2a: Kingambit|Sucker Punch|p1a: Gallade
|-resisted|p1a: Gallade
|-damage|p1a: Gallade|0 fnt
|faint|p1a: Gallade
|
|upkeep
|
|t:|1760878319
|switch|p1a: Moltres|Moltres-Galar|100/100
|turn|9
|
|t:|1760878328
|move|p2a: Kingambit|Sucker Punch|p1a: Moltres
|-resisted|p1a: Moltres
|-damage|p1a: Moltres|22/100
|-ability|p1a: Moltres|Berserk|boost
|-boost|p1a: Moltres|spa|1
|move|p1a: Moltres|Air Slash|p2a: Kingambit
|-damage|p2a: Kingambit|0 fnt
|faint|p2a: Kingambit
|-end|p2a: Kingambit|fallenundefined|[silent]
|
|upkeep
|inactive|tartaglia the 11th has 120 seconds left.
|
|t:|1760878351
|switch|p2a: Scizor|Scizor, M|100/100
|turn|10
|
|t:|1760878355
|switch|p1a: Alomomola|Alomomola, F|100/100
|move|p2a: Scizor|Bullet Punch|p1a: Alomomola
|-resisted|p1a: Alomomola
|-damage|p1a: Alomomola|79/100
|
|-heal|p1a: Alomomola|86/100|[from] item: Leftovers
|upkeep
|turn|11
|
|t:|1760878362
|switch|p2a: Slowking|Slowking-Galar, M|100/100
|move|p1a: Alomomola|Wish|p1a: Alomomola
|
|-heal|p1a: Alomomola|92/100|[from] item: Leftovers
|upkeep
|turn|12
|
|t:|1760878367
|move|p1a: Alomomola|Flip Turn|p2a: Slowking
|-damage|p2a: Slowking|82/100
|
|t:|1760878369
|switch|p1a: Moltres|Moltres-Galar|22/100|[from] Flip Turn
|move|p2a: Slowking|Ice Beam|p1a: Moltres
|-supereffective|p1a: Moltres
|-damage|p1a: Moltres|0 fnt
|faint|p1a: Moltres
|
|upkeep
|-message|Tungsten Daniel forfeited.
|
|win|tartaglia the 11th
|raw|Tungsten Daniel's rating: 1386 &rarr; <strong>1368</strong><br />(-18 for losing)
|raw|tartaglia the 11th's rating: 1418 &rarr; <strong>1436</strong><br />(+18 for winning)
|l|☆Tungsten Daniel
|player|p1|
|l|☆tartaglia the 11th
|player|p2|
