|j|☆Bad4now
|j|☆ReptilianPee
|t:|1760882519
|gametype|singles
|player|p1|Bad4now|hilbert|1370
|player|p2|ReptilianPee|170|1405
|gen|9
|tier|[Gen 9] OU
|rated|
|rule|HP Percentage Mod: HP is shown in percentages
|rule|Endless Battle Clause: Forcing endless battles is banned
|rule|Species Clause: Limit one of each Pokémon
|rule|OHKO Clause: OHKO moves are banned
|rule|Evasion Items Clause: Evasion items are banned
|rule|Evasion Moves Clause: Evasion moves are banned
|rule|Evasion Abilities Clause: Evasion abilities are banned
|rule|Sleep Moves Clause: Sleep-inducing moves are banned
|clearpoke
|poke|p1|Zapdos|
|poke|p1|Cinderace, F|
|poke|p1|Ting-Lu|
|poke|p1|Landorus-Therian, M|
|poke|p1|Ogerpon, F|
|poke|p1|Pecharunt|
|poke|p2|Moltres|
|poke|p2|Zamazenta-*|
|poke|p2|Darkrai|
|poke|p2|Hydrapple, M|
|poke|p2|Ting-Lu|
|poke|p2|Tinkaton, F|
|teampreview
|inactive|Battle timer is ON: inactive players will automatically lose when time's up. (requested by Bad4now)
|inactive|ReptilianPee also wants the timer to be on.
|
|t:|1760882538
|teamsize|p1|6
|teamsize|p2|6
|start
|switch|p1a: Landorus|Landorus-Therian, M|100/100
|switch|p2a: Ting-Lu|Ting-Lu|100/100
|-ability|p1a: Landorus|Intimidate|boost
|-unboost|p2a: Ting-Lu|atk|1
|-ability|p2a: Ting-Lu|Vessel of Ruin
|turn|1
|
|t:|1760882544
|switch|p2a: Moltres|Moltres|100/100
|move|p1a: Landorus|Taunt|p2a: Moltres
|-start|p2a: Moltres|move: Taunt
|
|upkeep
|turn|2
|
|t:|1760882551
|move|p1a: Landorus|Stealth Rock|p2a: Moltres
|-sidestart|p2: ReptilianPee|move: Stealth Rock
|move|p2a: Moltres|U-turn|p1a: Landorus
|-resisted|p1a: Landorus
|-damage|p1a: Landorus|94/100
|-damage|p2a: Moltres|84/100|[from] item: Rocky Helmet|[of] p1a: Landorus
|
|t:|1760882559
|switch|p2a: Darkrai|Darkrai, shiny|100/100|[from] U-turn
|
|upkeep
|turn|3
|
|t:|1760882567
|switch|p1a: Ting-Lu|Ting-Lu|100/100
|-ability|p1a: Ting-Lu|Vessel of Ruin
|move|p2a: Darkrai|Ice Beam|p1a: Ting-Lu
|-supereffective|p1a: Ting-Lu
|-damage|p1a: Ting-Lu|75/100
|
|-heal|p1a: Ting-Lu|81/100|[from] item: Leftovers
|upkeep
|turn|4
|
|t:|1760882582
|switch|p2a: Tinkaton|Tinkaton, F|100/100
|-damage|p2a: Tinkaton|94/100|[from] Stealth Rock
|-ability|p2a: Tinkaton|Mold Breaker
|-item|p2a: Tinkaton|Air Balloon
|move|p1a: Ting-Lu|Spikes|p2a: Tinkaton
|-sidestart|p2: ReptilianPee|Spikes
|
|-heal|p1a: Ting-Lu|87/100|[from] item: Leftovers
|upkeep
|turn|5
|
|t:|1760882604
|switch|p1a: Landorus|Landorus-Therian, M|94/100
|-ability|p1a: Landorus|Intimidate|boost
|-unboost|p2a: Tinkaton|atk|1
|move|p2a: Tinkaton|Stealth Rock|p1a: Landorus
|-sidestart|p1: Bad4now|move: Stealth Rock
|
|upkeep
|turn|6
|
|t:|1760882624
|switch|p2a: Moltres|Moltres|84/100
|move|p1a: Landorus|U-turn|p2a: Moltres
|-resisted|p2a: Moltres
|-damage|p2a: Moltres|80/100
|inactive|Bad4now has 120 seconds left.
|
|t:|1760882635
|switch|p1a: Zapdos|Zapdos|100/100|[from] U-turn
|
|upkeep
|turn|7
|
|t:|1760882642
|switch|p2a: Ting-Lu|Ting-Lu|100/100
|-damage|p2a: Ting-Lu|94/100|[from] Stealth Rock
|-damage|p2a: Ting-Lu|82/100|[from] Spikes
|-ability|p2a: Ting-Lu|Vessel of Ruin
|move|p1a: Zapdos|Volt Switch|p2a: Ting-Lu
|-immune|p2a: Ting-Lu
|
|-heal|p2a: Ting-Lu|88/100|[from] item: Leftovers
|upkeep
|turn|8
|
|t:|1760882656
|switch|p1a: Landorus|Landorus-Therian, M|94/100
|-damage|p1a: Landorus|82/100|[from] Stealth Rock
|-ability|p1a: Landorus|Intimidate|boost
|-unboost|p2a: Ting-Lu|atk|1
|move|p2a: Ting-Lu|Spikes|p1a: Landorus
|-sidestart|p1: Bad4now|Spikes
|
|-heal|p2a: Ting-Lu|94/100|[from] item: Leftovers
|upkeep
|turn|9
|
|t:|1760882667
|switch|p2a: Tinkaton|Tinkaton, F|94/100
|-damage|p2a: Tinkaton|88/100|[from] Stealth Rock
|-ability|p2a: Tinkaton|Mold Breaker
|-item|p2a: Tinkaton|Air Balloon
|move|p1a: Landorus|Earthquake|p2a: Tinkaton
|-immune|p2a: Tinkaton
|
|upkeep
|turn|10
|
|t:|1760882679
|move|p2a: Tinkaton|Encore|p1a: Landorus
|-start|p1a: Landorus|Encore
|move|p1a: Landorus|Earthquake|p2a: Tinkaton
|-immune|p2a: Tinkaton
|
|upkeep
|turn|11
|
|t:|1760882686
|switch|p1a: Zapdos|Zapdos|100/100
|move|p2a: Tinkaton|Thunder Wave|p1a: Zapdos
|-immune|p1a: Zapdos
|
|upkeep
|turn|12
|
|t:|1760882695
|switch|p2a: Ting-Lu|Ting-Lu|94/100
|-damage|p2a: Ting-Lu|88/100|[from] Stealth Rock
|-damage|p2a: Ting-Lu|76/100|[from] Spikes
|-ability|p2a: Ting-Lu|Vessel of Ruin
|move|p1a: Zapdos|Thunder Wave|p2a: Ting-Lu
|-immune|p2a: Ting-Lu
|
|-heal|p2a: Ting-Lu|82/100|[from] item: Leftovers
|upkeep
|turn|13
|
|t:|1760882700
|move|p1a: Zapdos|Hurricane|p2a: Ting-Lu
|-damage|p2a: Ting-Lu|64/100
|move|p2a: Ting-Lu|Spikes|p1a: Zapdos
|-sidestart|p1: Bad4now|Spikes
|
|-heal|p2a: Ting-Lu|70/100|[from] item: Leftovers
|upkeep
|turn|14
|
|t:|1760882711
|move|p1a: Zapdos|Hurricane|p2a: Ting-Lu
|-damage|p2a: Ting-Lu|51/100
|move|p2a: Ting-Lu|Spikes|p1a: Zapdos
|-sidestart|p1: Bad4now|Spikes
|
|-heal|p2a: Ting-Lu|57/100|[from] item: Leftovers
|upkeep
|turn|15
|
|t:|1760882725
|switch|p2a: Darkrai|Darkrai, shiny|100/100
|move|p1a: Zapdos|Hurricane|p2a: Darkrai
|-damage|p2a: Darkrai|39/100
|
|upkeep
|turn|16
|
|t:|1760882735
|switch|p1a: Ting-Lu|Ting-Lu|87/100
|-damage|p1a: Ting-Lu|81/100|[from] Stealth Rock
|-damage|p1a: Ting-Lu|56/100|[from] Spikes
|-ability|p1a: Ting-Lu|Vessel of Ruin
|move|p2a: Darkrai|Dark Pulse|p1a: Ting-Lu
|-resisted|p1a: Ting-Lu
|-damage|p1a: Ting-Lu|47/100
|
|-heal|p1a: Ting-Lu|53/100|[from] item: Leftovers
|upkeep
|turn|17
|
|t:|1760882749
|switch|p2a: Hydrapple|Hydrapple, M|100/100
|move|p1a: Ting-Lu|Whirlwind|p2a: Hydrapple
|drag|p2a: Ting-Lu|Ting-Lu|57/100
|-damage|p2a: Ting-Lu|51/100|[from] Stealth Rock
|-damage|p2a: Ting-Lu|39/100|[from] Spikes
|-ability|p2a: Ting-Lu|Vessel of Ruin
|
|-heal|p2a: Ting-Lu|45/100|[from] item: Leftovers
|-heal|p1a: Ting-Lu|60/100|[from] item: Leftovers
|upkeep
|turn|18
|
|t:|1760882763
|move|p2a: Ting-Lu|Ruination|p1a: Ting-Lu
|-damage|p1a: Ting-Lu|30/100
|move|p1a: Ting-Lu|Whirlwind|p2a: Ting-Lu
|drag|p2a: Darkrai|Darkrai, shiny|39/100
|
|-heal|p1a: Ting-Lu|36/100|[from] item: Leftovers
|upkeep
|turn|19
|
|t:|1760882777
|switch|p2a: Hydrapple|Hydrapple, M|100/100
|move|p1a: Ting-Lu|Earthquake|p2a: Hydrapple
|-resisted|p2a: Hydrapple
|-damage|p2a: Hydrapple|90/100
|
|-heal|p1a: Ting-Lu|43/100|[from] item: Leftovers
|upkeep
|turn|20
|
|t:|1760882793
|move|p2a: Hydrapple|Nasty Plot|p2a: Hydrapple
|-boost|p2a: Hydrapple|spa|2
|move|p1a: Ting-Lu|Whirlwind|p2a: Hydrapple
|drag|p2a: Tinkaton|Tinkaton, F|88/100
|-damage|p2a: Tinkaton|82/100|[from] Stealth Rock
|-ability|p2a: Tinkaton|Mold Breaker
|-item|p2a: Tinkaton|Air Balloon
|
|-heal|p1a: Ting-Lu|49/100|[from] item: Leftovers
|upkeep
|turn|21
|
|t:|1760882807
|move|p2a: Tinkaton|Gigaton Hammer|p1a: Ting-Lu
|-damage|p1a: Ting-Lu|22/100
|move|p1a: Ting-Lu|Ruination|p2a: Tinkaton
|-damage|p2a: Tinkaton|41/100
|-enditem|p2a: Tinkaton|Air Balloon
|
|-heal|p1a: Ting-Lu|28/100|[from] item: Leftovers
|upkeep
|turn|22
|
|t:|1760882817
|switch|p2a: Moltres|Moltres|80/100
|move|p1a: Ting-Lu|Whirlwind|p2a: Moltres
|drag|p2a: Darkrai|Darkrai, shiny|39/100
|
|-heal|p1a: Ting-Lu|34/100|[from] item: Leftovers
|upkeep
|turn|23
|
|t:|1760882826
|switch|p2a: Hydrapple|Hydrapple, M|100/100
|move|p1a: Ting-Lu|Earthquake|p2a: Hydrapple
|-resisted|p2a: Hydrapple
|-damage|p2a: Hydrapple|90/100
|
|-heal|p1a: Ting-Lu|40/100|[from] item: Leftovers
|upkeep
|turn|24
|
|t:|1760882831
|move|p2a: Hydrapple|Giga Drain|p1a: Ting-Lu
|-supereffective|p1a: Ting-Lu
|-damage|p1a: Ting-Lu|14/100
|-heal|p2a: Hydrapple|100/100|[from] drain|[of] p1a: Ting-Lu
|move|p1a: Ting-Lu|Whirlwind|p2a: Hydrapple
|drag|p2a: Darkrai|Darkrai, shiny|39/100
|
|-heal|p1a: Ting-Lu|21/100|[from] item: Leftovers
|upkeep
|turn|25
|
|t:|1760882839
|move|p2a: Darkrai|Ice Beam|p1a: Ting-Lu
|-supereffective|p1a: Ting-Lu
|-damage|p1a: Ting-Lu|0 fnt
|faint|p1a: Ting-Lu
|
|upkeep
|
|t:|1760882855
|switch|p1a: Cinderace|Cinderace, F|100/100
|turn|26
|
|t:|1760882862
|move|p2a: Darkrai|Dark Pulse|p1a: Cinderace
|-damage|p1a: Cinderace|39/100
|move|p1a: Cinderace|U-turn|p2a: Darkrai
|-start|p1a: Cinderace|typechange|Bug|[from] ability: Libero
|-supereffective|p2a: Darkrai
|-damage|p2a: Darkrai|0 fnt
|faint|p2a: Darkrai
|
|t:|1760882870
|switch|p1a: Landorus|Landorus-Therian, M|82/100|[from] U-turn
|-damage|p1a: Landorus|69/100|[from] Stealth Rock
|
|upkeep
|
|t:|1760882880
|switch|p2a: Moltres|Moltres|80/100
|turn|27
|
|t:|1760882886
|move|p1a: Landorus|Taunt|p2a: Moltres
|-start|p2a: Moltres|move: Taunt
|move|p2a: Moltres|Flamethrower|p1a: Landorus
|-damage|p1a: Landorus|28/100
|-status|p1a: Landorus|brn
|
|-damage|p1a: Landorus|22/100 brn|[from] brn
|upkeep
|turn|28
|
|t:|1760882894
|move|p1a: Landorus|U-turn|p2a: Moltres
|-resisted|p2a: Moltres
|-damage|p2a: Moltres|78/100
|
|t:|1760882908
|switch|p1a: Zapdos|Zapdos|100/100|[from] U-turn
|move|p2a: Moltres|U-turn|p1a: Zapdos
|-resisted|p1a: Zapdos
|-damage|p1a: Zapdos|95/100
|-status|p2a: Moltres|par|[from] ability: Static|[of] p1a: Zapdos
|
|t:|1760882920
|switch|p2a: Ting-Lu|Ting-Lu|45/100|[from] U-turn
|-damage|p2a: Ting-Lu|39/100|[from] Stealth Rock
|-damage|p2a: Ting-Lu|26/100|[from] Spikes
|-ability|p2a: Ting-Lu|Vessel of Ruin
|
|-heal|p2a: Ting-Lu|32/100|[from] item: Leftovers
|upkeep
|turn|29
|
|t:|1760882935
|switch|p1a: Landorus|Landorus-Therian, M|22/100 brn
|-damage|p1a: Landorus|10/100 brn|[from] Stealth Rock
|-ability|p1a: Landorus|Intimidate|boost
|-unboost|p2a: Ting-Lu|atk|1
|move|p2a: Ting-Lu|Ruination|p1a: Landorus
|-damage|p1a: Landorus|5/100 brn
|
|-heal|p2a: Ting-Lu|39/100|[from] item: Leftovers
|-damage|p1a: Landorus|0 fnt|[from] brn
|faint|p1a: Landorus
|upkeep
|
|t:|1760882938
|switch|p1a: Ogerpon|Ogerpon, F|100/100
|turn|30
|
|t:|1760882949
|switch|p2a: Moltres|Moltres|78/100 par
|-terastallize|p1a: Ogerpon|Grass
|detailschange|p1a: Ogerpon|Ogerpon-Teal-Tera, F, tera:Grass
|-ability|p1a: Ogerpon|Embody Aspect (Teal)|boost
|-boost|p1a: Ogerpon|spe|1
|move|p1a: Ogerpon|Ivy Cudgel|p2a: Moltres
|-resisted|p2a: Moltres
|-damage|p2a: Moltres|68/100 par
|
|upkeep
|turn|31
|
|t:|1760882966
|move|p1a: Ogerpon|U-turn|p2a: Moltres
|-resisted|p2a: Moltres
|-damage|p2a: Moltres|64/100 par
|
|t:|1760882972
|switch|p1a: Cinderace|Cinderace, F|39/100|[from] U-turn
|move|p2a: Moltres|Flamethrower|p1a: Cinderace
|-resisted|p1a: Cinderace
|-damage|p1a: Cinderace|14/100
|
|upkeep
|turn|32
|
|t:|1760882983
|move|p1a: Cinderace|Court Change|p1a: Cinderace
|-start|p1a: Cinderace|typechange|Normal|[from] ability: Libero
|-swapsideconditions
|-activate|p1a: Cinderace|move: Court Change
|move|p2a: Moltres|Roost|p2a: Moltres
|-heal|p2a: Moltres|100/100 par
|-singleturn|p2a: Moltres|move: Roost
|
|upkeep
|turn|33
|
|t:|1760882993
|switch|p1a: Pecharunt|Pecharunt|100/100
|move|p2a: Moltres|U-turn|p1a: Pecharunt
|-resisted|p1a: Pecharunt
|-damage|p1a: Pecharunt|98/100
|
|t:|1760883013
|switch|p2a: Hydrapple|Hydrapple, M|100/100|[from] U-turn
|
|upkeep
|turn|34
|
|t:|1760883021
|-terastallize|p2a: Hydrapple|Poison
|move|p1a: Pecharunt|Malignant Chain|p2a: Hydrapple
|-resisted|p2a: Hydrapple
|-damage|p2a: Hydrapple|86/100
|move|p2a: Hydrapple|Nasty Plot|p2a: Hydrapple
|-boost|p2a: Hydrapple|spa|2
|
|upkeep
|turn|35
|inactive|Bad4now has 120 seconds left.
|inactive|Bad4now has 90 seconds left.
|inactive|ReptilianPee has 120 seconds left.
|inactive|Bad4now has 60 seconds left.
|
|t:|1760883126
|move|p1a: Pecharunt|Hex|p2a: Hydrapple
|-damage|p2a: Hydrapple|65/100
|move|p2a: Hydrapple|Fickle Beam|p1a: Pecharunt|[anim] Fickle Beam All Out
|-activate|p2a: Hydrapple|move: Fickle Beam
|-damage|p1a: Pecharunt|0 fnt
|faint|p1a: Pecharunt
|
|upkeep
|
|t:|1760883134
|switch|p1a: Cinderace|Cinderace, F|14/100
|turn|36
|
|t:|1760883140
|move|p1a: Cinderace|Pyro Ball|p2a: Hydrapple
|-damage|p2a: Hydrapple|29/100
|move|p2a: Hydrapple|Giga Drain|p1a: Cinderace
|-resisted|p1a: Cinderace
|-damage|p1a: Cinderace|0 fnt
|-heal|p2a: Hydrapple|34/100|[from] drain|[of] p1a: Cinderace
|faint|p1a: Cinderace
|
|upkeep
|inactive|Bad4now has 60 seconds left.
|
|t:|1760883145
|switch|p1a: Ogerpon|Ogerpon-Teal-Tera, F, tera:Grass|100/100
|-ability|p1a: Ogerpon|Embody Aspect (Teal)|boost
|-boost|p1a: Ogerpon|spe|1
|turn|37
|
|t:|1760883154
|move|p1a: Ogerpon|Knock Off|p2a: Hydrapple
|-damage|p2a: Hydrapple|15/100
|-enditem|p2a: Hydrapple|Heavy-Duty Boots|[from] move: Knock Off|[of] p1a: Ogerpon
|move|p2a: Hydrapple|Fickle Beam|p1a: Ogerpon
|-damage|p1a: Ogerpon|20/100
|
|upkeep
|turn|38
|
|t:|1760883166
|switch|p2a: Tinkaton|Tinkaton, F|41/100
|-damage|p2a: Tinkaton|35/100|[from] Stealth Rock
|-damage|p2a: Tinkaton|10/100|[from] Spikes
|-ability|p2a: Tinkaton|Mold Breaker
|move|p1a: Ogerpon|Ivy Cudgel|p2a: Tinkaton
|-resisted|p2a: Tinkaton
|-damage|p2a: Tinkaton|0 fnt
|faint|p2a: Tinkaton
|
|upkeep
|
|t:|1760883180
|switch|p2a: Zamazenta|Zamazenta|100/100
|-ability|p2a: Zamazenta|Dauntless Shield|boost
|-boost|p2a: Zamazenta|def|1
|turn|39
|
|t:|1760883191
|move|p1a: Ogerpon|Ivy Cudgel|p2a: Zamazenta
|-damage|p2a: Zamazenta|60/100
|move|p2a: Zamazenta|Crunch|p1a: Ogerpon
|-damage|p1a: Ogerpon|0 fnt
|faint|p1a: Ogerpon
|detailschange|p1: Ogerpon|Ogerpon, F|[silent]
|
|upkeep
|
|t:|1760883196
|switch|p1a: Zapdos|Zapdos|95/100
|turn|40
|
|t:|1760883199
|move|p2a: Zamazenta|Stone Edge|p1a: Zapdos
|-supereffective|p1a: Zapdos
|-damage|p1a: Zapdos|47/100
|move|p1a: Zapdos|Hurricane|p2a: Zamazenta
|-supereffective|p2a: Zamazenta
|-damage|p2a: Zamazenta|0 fnt
|faint|p2a: Zamazenta
|
|upkeep
|
|t:|1760883218
|switch|p2a: Hydrapple|Hydrapple, M, tera:Poison|48/100
|-damage|p2a: Hydrapple|36/100|[from] Stealth Rock
|-damage|p2a: Hydrapple|11/100|[from] Spikes
|turn|41
|
|t:|1760883226
|move|p1a: Zapdos|Volt Switch|p2a: Hydrapple
|-damage|p2a: Hydrapple|0 fnt
|faint|p2a: Hydrapple
|
|upkeep
|
|t:|1760883237
|switch|p2a: Ting-Lu|Ting-Lu|39/100
|-damage|p2a: Ting-Lu|32/100|[from] Stealth Rock
|-damage|p2a: Ting-Lu|7/100|[from] Spikes
|-ability|p2a: Ting-Lu|Vessel of Ruin
|turn|42
|
|t:|1760883241
|move|p1a: Zapdos|Roost|p1a: Zapdos
|-heal|p1a: Zapdos|98/100
|-singleturn|p1a: Zapdos|move: Roost
|move|p2a: Ting-Lu|Ruination|p1a: Zapdos
|-damage|p1a: Zapdos|49/100
|
|-heal|p2a: Ting-Lu|14/100|[from] item: Leftovers
|upkeep
|turn|43
|
|t:|1760883244
|move|p1a: Zapdos|Hurricane|p2a: Ting-Lu
|-damage|p2a: Ting-Lu|0 fnt
|faint|p2a: Ting-Lu
|
|upkeep
|
|t:|1760883247
|switch|p2a: Moltres|Moltres|100/100 par
|turn|44
|
|t:|1760883252
|move|p1a: Zapdos|Volt Switch|p2a: Moltres
|-supereffective|p2a: Moltres
|-damage|p2a: Moltres|36/100 par
|move|p2a: Moltres|Flamethrower|p1a: Zapdos
|-damage|p1a: Zapdos|13/100
|
|upkeep
|turn|45
|c|☆Bad4now|gg
|-message|ReptilianPee forfeited.
|
|win|Bad4now
|raw|Bad4now's rating: 1370 &rarr; <strong>1392</strong><br />(+22 for winning)
|raw|ReptilianPee's rating: 1405 &rarr; <strong>1383</strong><br />(-22 for losing)
|l|☆ReptilianPee
|player|p2|
