|j|☆walkenskye
|j|☆Aos drxpz
|inactive|Battle timer is ON: inactive players will automatically lose when time's up.
|t:|1760877838
|gametype|singles
|player|p1|walkenskye|brycenman|
|player|p2|Aos drxpz|265|
|gen|9
|tier|[Gen 9] OU
|rated|Tournament battle
|rule|HP Percentage Mod: HP is shown in percentages
|rule|Endless Battle Clause: Forcing endless battles is banned
|rule|Species Clause: Limit one of each Pokémon
|rule|OHKO Clause: OHKO moves are banned
|rule|Evasion Items Clause: Evasion items are banned
|rule|Evasion Moves Clause: Evasion moves are banned
|rule|Evasion Abilities Clause: Evasion abilities are banned
|rule|Sleep Moves Clause: Sleep-inducing moves are banned
|raw|<div class="infobox"><details class="readmore" open><summary><strong>1 custom rule:</strong></summary> -wobbuffet</details></div>
|clearpoke
|poke|p1|Corviknight, M|
|poke|p1|Lokix, F|
|poke|p1|Tinkatuff, F|
|poke|p2|Bastiodon, F|
|poke|p2|Mudsdale, M|
|poke|p2|Murkrow, M|
|teampreview
|j|*Lady Monita ☀
|inactive|walkenskye has 120 seconds left.
|
|t:|1760877883
|teamsize|p1|3
|teamsize|p2|3
|start
|switch|p1a: Lokix|Lokix, F|100/100
|switch|p2a: Mudsdale|Mudsdale, M|100/100
|turn|1
|
|t:|1760877901
|move|p1a: Lokix|U-turn|p2a: Mudsdale
|-damage|p2a: Mudsdale|69/100
|-ability|p2a: Mudsdale|Stamina|boost
|-boost|p2a: Mudsdale|def|1
|
|t:|1760877904
|switch|p1a: Tinkatuff|Tinkatuff, F|100/100|[from] U-turn
|move|p2a: Mudsdale|Stealth Rock|p1a: Tinkatuff
|-sidestart|p1: walkenskye|move: Stealth Rock
|
|-heal|p2a: Mudsdale|75/100|[from] item: Leftovers
|upkeep
|turn|2
|
|t:|1760877909
|move|p1a: Tinkatuff|Encore|p2a: Mudsdale
|-start|p2a: Mudsdale|Encore
|move|p2a: Mudsdale|Stealth Rock||[still]
|-fail|p2a: Mudsdale
|
|-heal|p2a: Mudsdale|81/100|[from] item: Leftovers
|upkeep
|turn|3
|
|t:|1760877922
|switch|p2a: Murkrow|Murkrow, M|100/100
|move|p1a: Tinkatuff|Knock Off|p2a: Murkrow
|-resisted|p2a: Murkrow
|-damage|p2a: Murkrow|89/100
|-enditem|p2a: Murkrow|Eviolite|[from] move: Knock Off|[of] p1a: Tinkatuff
|
|upkeep
|turn|4
|
|t:|1760877930
|move|p2a: Murkrow|Nasty Plot|p2a: Murkrow
|-boost|p2a: Murkrow|spa|2
|move|p1a: Tinkatuff|Ice Hammer|p2a: Murkrow
|-supereffective|p2a: Murkrow
|-damage|p2a: Murkrow|9/100
|-unboost|p1a: Tinkatuff|spe|1
|
|upkeep
|turn|5
|
|t:|1760877944
|move|p2a: Murkrow|Heat Wave|p1a: Tinkatuff
|-supereffective|p1a: Tinkatuff
|-damage|p1a: Tinkatuff|18/100
|move|p1a: Tinkatuff|Knock Off|p2a: Murkrow
|-resisted|p2a: Murkrow
|-damage|p2a: Murkrow|0 fnt
|faint|p2a: Murkrow
|
|upkeep
|
|t:|1760877952
|switch|p2a: Bastiodon|Bastiodon, F|100/100
|turn|6
|
|t:|1760877968
|move|p1a: Tinkatuff|Steel Beam|p2a: Bastiodon
|-damage|p2a: Bastiodon|72/100
|-damage|p1a: Tinkatuff|0 fnt|[from] steelbeam
|faint|p1a: Tinkatuff
|move|p2a: Bastiodon|Body Press|p1: Tinkatuff|[notarget]
|-fail|p2a: Bastiodon
|
|-heal|p2a: Bastiodon|79/100|[from] item: Leftovers
|upkeep
|
|t:|1760877976
|switch|p1a: Corviknight|Corviknight, M|100/100
|-damage|p1a: Corviknight|88/100|[from] Stealth Rock
|-ability|p1a: Corviknight|Pressure
|turn|7
|
|t:|1760877985
|move|p1a: Corviknight|Body Press|p2a: Bastiodon
|-supereffective|p2a: Bastiodon
|-crit|p2a: Bastiodon
|-damage|p2a: Bastiodon|0 fnt
|faint|p2a: Bastiodon
|
|upkeep
|
|t:|1760877988
|switch|p2a: Mudsdale|Mudsdale, M|81/100
|turn|8
|inactive|walkenskye has 120 seconds left.
|
|t:|1760878026
|-terastallize|p1a: Corviknight|Flying
|move|p1a: Corviknight|Brave Bird|p2a: Mudsdale
|-damage|p2a: Mudsdale|49/100
|-ability|p2a: Mudsdale|Stamina|boost
|-boost|p2a: Mudsdale|def|1
|-damage|p1a: Corviknight|77/100|[from] Recoil
|move|p2a: Mudsdale|Body Press|p1a: Corviknight
|-resisted|p1a: Corviknight
|-damage|p1a: Corviknight|64/100
|-damage|p2a: Mudsdale|32/100|[from] item: Rocky Helmet|[of] p1a: Corviknight
|
|-heal|p2a: Mudsdale|38/100|[from] item: Leftovers
|upkeep
|turn|9
|
|t:|1760878049
|move|p1a: Corviknight|Brave Bird|p2a: Mudsdale
|-damage|p2a: Mudsdale|19/100
|-ability|p2a: Mudsdale|Stamina|boost
|-boost|p2a: Mudsdale|def|1
|-damage|p1a: Corviknight|57/100|[from] Recoil
|move|p2a: Mudsdale|Roar|p1a: Corviknight
|drag|p1a: Lokix|Lokix, F|100/100
|-damage|p1a: Lokix|76/100|[from] Stealth Rock
|
|-heal|p2a: Mudsdale|25/100|[from] item: Leftovers
|upkeep
|turn|10
|
|t:|1760878063
|move|p1a: Lokix|Knock Off|p2a: Mudsdale
|-damage|p2a: Mudsdale|4/100
|-ability|p2a: Mudsdale|Stamina|boost
|-boost|p2a: Mudsdale|def|1
|-enditem|p2a: Mudsdale|Leftovers|[from] move: Knock Off|[of] p1a: Lokix
|move|p2a: Mudsdale|Body Press|p1a: Lokix
|-damage|p1a: Lokix|0 fnt
|faint|p1a: Lokix
|
|upkeep
|
|t:|1760878065
|switch|p1a: Corviknight|Corviknight, M, tera:Flying|57/100
|-damage|p1a: Corviknight|32/100|[from] Stealth Rock
|-ability|p1a: Corviknight|Pressure
|turn|11
|
|t:|1760878076
|move|p1a: Corviknight|Brave Bird|p2a: Mudsdale
|-damage|p2a: Mudsdale|0 fnt
|faint|p2a: Mudsdale
|-damage|p1a: Corviknight|31/100|[from] Recoil
|
|win|walkenskye
|n|☆walkenskye|walkenskye
|n|☆Aos drxpz|aosdrxpz
|n|*Lady Monita ☀|ladymonita
