|j|☆zohran manaphy
|j|☆Grindset mindset
|t:|1760727299
|gametype|singles
|player|p1|zohran manaphy|169|1546
|player|p2|Grindset mindset|skyla|1536
|gen|9
|tier|[Gen 9] OU
|rated|
|rule|HP Percentage Mod: HP is shown in percentages
|rule|Endless Battle Clause: Forcing endless battles is banned
|rule|Species Clause: Limit one of each Pokémon
|rule|OHKO Clause: OHKO moves are banned
|rule|Evasion Items Clause: Evasion items are banned
|rule|Evasion Moves Clause: Evasion moves are banned
|rule|Evasion Abilities Clause: Evasion abilities are banned
|rule|Sleep Moves Clause: Sleep-inducing moves are banned
|clearpoke
|poke|p1|Raging Bolt|
|poke|p1|Gholdengo|
|poke|p1|Great Tusk|
|poke|p1|Alomomola, F|
|poke|p1|Dragonite, M|
|poke|p1|Garganacl, F|
|poke|p2|Ogerpon-Cornerstone, F|
|poke|p2|Primarina, M|
|poke|p2|Armarouge, F|
|poke|p2|Raging Bolt|
|poke|p2|Great Tusk|
|poke|p2|Zapdos-Galar|
|teampreview
|inactive|Battle timer is ON: inactive players will automatically lose when time's up. (requested by Grindset mindset)
|inactive|zohran manaphy also wants the timer to be on.
|
|t:|1760727314
|teamsize|p1|6
|teamsize|p2|6
|start
|switch|p1a: Raging Bolt|Raging Bolt|100/100
|switch|p2a: Primarina|Primarina, M|100/100
|turn|1
|
|t:|1760727317
|move|p1a: Raging Bolt|Volt Switch|p2a: Primarina
|-supereffective|p2a: Primarina
|-damage|p2a: Primarina|3/100
|
|t:|1760727324
|-end|p1a: Raging Bolt|Protosynthesis|[silent]
|switch|p1a: Garganacl|Garganacl, F|100/100|[from] Volt Switch
|move|p2a: Primarina|Moonblast|p1a: Garganacl
|-damage|p1a: Garganacl|43/100
|-unboost|p1a: Garganacl|spa|1
|
|-heal|p1a: Garganacl|49/100|[from] item: Leftovers
|upkeep
|turn|2
|
|t:|1760727332
|move|p1a: Garganacl|Protect|p1a: Garganacl
|-singleturn|p1a: Garganacl|Protect
|move|p2a: Primarina|Moonblast|p1a: Garganacl
|-activate|p1a: Garganacl|move: Protect
|
|-heal|p1a: Garganacl|55/100|[from] item: Leftovers
|upkeep
|turn|3
|
|t:|1760727334
|switch|p1a: Gholdengo|Gholdengo|100/100
|move|p2a: Primarina|Moonblast|p1a: Gholdengo
|-resisted|p1a: Gholdengo
|-damage|p1a: Gholdengo|57/100
|
|upkeep
|turn|4
|
|t:|1760727340
|move|p1a: Gholdengo|Shadow Ball|p2a: Primarina
|-damage|p2a: Primarina|0 fnt
|faint|p2a: Primarina
|
|upkeep
|
|t:|1760727348
|switch|p2a: Raging Bolt|Raging Bolt|100/100
|turn|5
|inactive|zohran manaphy has 120 seconds left.
|
|t:|1760727379
|switch|p1a: Alomomola|Alomomola, F|100/100
|move|p2a: Raging Bolt|Ancient Power|p1a: Alomomola
|-damage|p1a: Alomomola|80/100
|
|upkeep
|turn|6
|
|t:|1760727384
|move|p2a: Raging Bolt|Ancient Power|p1a: Alomomola
|-damage|p1a: Alomomola|57/100
|move|p1a: Alomomola|Flip Turn|p2a: Raging Bolt
|-resisted|p2a: Raging Bolt
|-damage|p2a: Raging Bolt|94/100
|
|t:|1760727388
|switch|p1a: Great Tusk|Great Tusk|100/100|[from] Flip Turn
|
|-heal|p2a: Raging Bolt|99/100|[from] item: Leftovers
|upkeep
|turn|7
|
|t:|1760727406
|-end|p2a: Raging Bolt|Protosynthesis|[silent]
|switch|p2a: Zapdos|Zapdos-Galar|100/100
|move|p1a: Great Tusk|Headlong Rush|p2a: Zapdos
|-immune|p2a: Zapdos
|
|upkeep
|turn|8
|
|t:|1760727413
|-end|p1a: Great Tusk|Protosynthesis|[silent]
|switch|p1a: Alomomola|Alomomola, F|91/100
|move|p2a: Zapdos|Brave Bird|p1a: Alomomola
|-damage|p1a: Alomomola|33/100
|-damage|p2a: Zapdos|72/100|[from] Recoil
|
|upkeep
|turn|9
|
|t:|1760727417
|switch|p1a: Garganacl|Garganacl, F|55/100
|move|p2a: Zapdos|Brave Bird|p1a: Garganacl
|-resisted|p1a: Garganacl
|-damage|p1a: Garganacl|26/100
|-damage|p2a: Zapdos|60/100|[from] Recoil
|
|-heal|p1a: Garganacl|32/100|[from] item: Leftovers
|upkeep
|turn|10
|
|t:|1760727423
|move|p2a: Zapdos|Brave Bird|p1a: Garganacl
|-resisted|p1a: Garganacl
|-damage|p1a: Garganacl|5/100
|-damage|p2a: Zapdos|49/100|[from] Recoil
|move|p1a: Garganacl|Recover|p1a: Garganacl
|-heal|p1a: Garganacl|55/100
|
|-heal|p1a: Garganacl|61/100|[from] item: Leftovers
|upkeep
|turn|11
|
|t:|1760727429
|switch|p2a: Great Tusk|Great Tusk|100/100
|-enditem|p2a: Great Tusk|Booster Energy
|-activate|p2a: Great Tusk|ability: Protosynthesis|[fromitem]
|-start|p2a: Great Tusk|protosynthesisatk
|move|p1a: Garganacl|Salt Cure|p2a: Great Tusk
|-resisted|p2a: Great Tusk
|-damage|p2a: Great Tusk|98/100
|-start|p2a: Great Tusk|Salt Cure
|
|-heal|p1a: Garganacl|67/100|[from] item: Leftovers
|-damage|p2a: Great Tusk|86/100|[from] Salt Cure
|upkeep
|turn|12
|
|t:|1760727439
|move|p1a: Garganacl|Protect|p1a: Garganacl
|-singleturn|p1a: Garganacl|Protect
|move|p2a: Great Tusk|Headlong Rush|p1a: Garganacl
|-activate|p1a: Garganacl|move: Protect
|
|-heal|p1a: Garganacl|73/100|[from] item: Leftovers
|-damage|p2a: Great Tusk|73/100|[from] Salt Cure
|upkeep
|turn|13
|
|t:|1760727454
|switch|p1a: Alomomola|Alomomola, F|66/100
|move|p2a: Great Tusk|Headlong Rush|p1a: Alomomola
|-damage|p1a: Alomomola|16/100
|-unboost|p2a: Great Tusk|def|1
|-unboost|p2a: Great Tusk|spd|1
|
|-damage|p2a: Great Tusk|61/100|[from] Salt Cure
|upkeep
|turn|14
|
|t:|1760727460
|-end|p2a: Great Tusk|Protosynthesis|[silent]
|switch|p2a: Armarouge|Armarouge, F|100/100
|move|p1a: Alomomola|Protect||[still]
|-fail|p1a: Alomomola
|
|upkeep
|turn|15
|
|t:|1760727466
|switch|p1a: Garganacl|Garganacl, F|73/100
|move|p2a: Armarouge|Armor Cannon|p1a: Garganacl
|-resisted|p1a: Garganacl
|-damage|p1a: Garganacl|53/100
|-unboost|p2a: Armarouge|def|1
|-unboost|p2a: Armarouge|spd|1
|
|-heal|p1a: Garganacl|60/100|[from] item: Leftovers
|upkeep
|turn|16
|
|t:|1760727469
|switch|p2a: Great Tusk|Great Tusk|61/100
|move|p1a: Garganacl|Recover|p1a: Garganacl
|-heal|p1a: Garganacl|100/100
|
|upkeep
|turn|17
|
|t:|1760727473
|move|p2a: Great Tusk|Headlong Rush|p1a: Garganacl
|-supereffective|p1a: Garganacl
|-damage|p1a: Garganacl|14/100
|-unboost|p2a: Great Tusk|def|1
|-unboost|p2a: Great Tusk|spd|1
|move|p1a: Garganacl|Salt Cure|p2a: Great Tusk
|-resisted|p2a: Great Tusk
|-damage|p2a: Great Tusk|57/100
|-start|p2a: Great Tusk|Salt Cure
|
|-heal|p1a: Garganacl|20/100|[from] item: Leftovers
|-damage|p2a: Great Tusk|45/100|[from] Salt Cure
|upkeep
|turn|18
|
|t:|1760727478
|move|p1a: Garganacl|Protect|p1a: Garganacl
|-singleturn|p1a: Garganacl|Protect
|move|p2a: Great Tusk|Headlong Rush|p1a: Garganacl
|-activate|p1a: Garganacl|move: Protect
|
|-heal|p1a: Garganacl|26/100|[from] item: Leftovers
|-damage|p2a: Great Tusk|32/100|[from] Salt Cure
|upkeep
|turn|19
|
|t:|1760727485
|switch|p1a: Dragonite|Dragonite, M|100/100
|move|p2a: Great Tusk|Ice Spinner|p1a: Dragonite
|-supereffective|p1a: Dragonite
|-damage|p1a: Dragonite|31/100
|
|-damage|p2a: Great Tusk|20/100|[from] Salt Cure
|upkeep
|turn|20
|
|t:|1760727492
|move|p1a: Dragonite|Extreme Speed|p2a: Great Tusk
|-damage|p2a: Great Tusk|0 fnt
|faint|p2a: Great Tusk
|-end|p2a: Great Tusk|Protosynthesis|[silent]
|
|upkeep
|
|t:|1760727495
|switch|p2a: Ogerpon|Ogerpon-Cornerstone, F|100/100
|turn|21
|
|t:|1760727498
|move|p1a: Dragonite|Extreme Speed|p2a: Ogerpon
|-resisted|p2a: Ogerpon
|-damage|p2a: Ogerpon|81/100
|move|p2a: Ogerpon|Ivy Cudgel|p1a: Dragonite|[anim] Ivy Cudgel Rock
|-supereffective|p1a: Dragonite
|-damage|p1a: Dragonite|0 fnt
|faint|p1a: Dragonite
|
|upkeep
|
|t:|1760727507
|switch|p1a: Gholdengo|Gholdengo|57/100
|turn|22
|
|t:|1760727512
|switch|p2a: Raging Bolt|Raging Bolt|99/100
|move|p1a: Gholdengo|Make It Rain|p2a: Raging Bolt
|-resisted|p2a: Raging Bolt
|-damage|p2a: Raging Bolt|72/100
|-unboost|p1a: Gholdengo|spa|1
|
|-heal|p2a: Raging Bolt|78/100|[from] item: Leftovers
|upkeep
|turn|23
|
|t:|1760727516
|switch|p1a: Garganacl|Garganacl, F|26/100
|move|p2a: Raging Bolt|Ancient Power|p1a: Garganacl
|-damage|p1a: Garganacl|10/100
|
|-heal|p2a: Raging Bolt|84/100|[from] item: Leftovers
|-heal|p1a: Garganacl|16/100|[from] item: Leftovers
|upkeep
|turn|24
|
|t:|1760727523
|move|p2a: Raging Bolt|Thunderbolt|p1a: Garganacl
|-damage|p1a: Garganacl|0 fnt
|faint|p1a: Garganacl
|
|-heal|p2a: Raging Bolt|90/100|[from] item: Leftovers
|upkeep
|
|t:|1760727528
|switch|p1a: Raging Bolt|Raging Bolt|100/100
|turn|25
|
|t:|1760727532
|move|p1a: Raging Bolt|Volt Switch|p2a: Raging Bolt
|-resisted|p2a: Raging Bolt
|-damage|p2a: Raging Bolt|77/100
|
|t:|1760727538
|-end|p1a: Raging Bolt|Protosynthesis|[silent]
|switch|p1a: Alomomola|Alomomola, F|49/100|[from] Volt Switch
|move|p2a: Raging Bolt|Dragon Pulse|p1a: Alomomola
|-damage|p1a: Alomomola|2/100
|
|-heal|p2a: Raging Bolt|83/100|[from] item: Leftovers
|upkeep
|turn|26
|
|t:|1760727541
|-end|p2a: Raging Bolt|Protosynthesis|[silent]
|switch|p2a: Armarouge|Armarouge, F|100/100
|move|p1a: Alomomola|Flip Turn|p2a: Armarouge
|-supereffective|p2a: Armarouge
|-damage|p2a: Armarouge|66/100
|-ability|p2a: Armarouge|Weak Armor|boost
|-unboost|p2a: Armarouge|def|1
|-boost|p2a: Armarouge|spe|2
|-enditem|p2a: Armarouge|Weakness Policy
|-boost|p2a: Armarouge|atk|2|[from] item: Weakness Policy
|-boost|p2a: Armarouge|spa|2|[from] item: Weakness Policy
|
|t:|1760727547
|switch|p1a: Raging Bolt|Raging Bolt|100/100|[from] Flip Turn
|
|upkeep
|turn|27
|
|t:|1760727550
|move|p2a: Armarouge|Endure|p2a: Armarouge
|-singleturn|p2a: Armarouge|move: Endure
|move|p1a: Raging Bolt|Volt Switch|p2a: Armarouge
|-activate|p2a: Armarouge|move: Endure
|-damage|p2a: Armarouge|1/100
|
|t:|1760727558
|-end|p1a: Raging Bolt|Protosynthesis|[silent]
|switch|p1a: Alomomola|Alomomola, F|36/100|[from] Volt Switch
|
|upkeep
|turn|28
|
|t:|1760727565
|move|p2a: Armarouge|Stored Power|p1a: Alomomola
|-damage|p1a: Alomomola|0 fnt
|faint|p1a: Alomomola
|
|upkeep
|
|t:|1760727568
|switch|p1a: Raging Bolt|Raging Bolt|100/100
|turn|29
|
|t:|1760727592
|move|p2a: Armarouge|Endure|p2a: Armarouge
|-singleturn|p2a: Armarouge|move: Endure
|move|p1a: Raging Bolt|Thunderclap||[still]
|-fail|p1a: Raging Bolt
|
|upkeep
|turn|30
|
|t:|1760727596
|move|p1a: Raging Bolt|Thunderclap||[still]
|-fail|p1a: Raging Bolt
|move|p2a: Armarouge|Psychic Terrain|p2a: Armarouge
|-fieldstart|move: Psychic Terrain
|
|upkeep
|turn|31
|-message|zohran manaphy forfeited.
|
|win|Grindset mindset
|raw|zohran manaphy's rating: 1546 &rarr; <strong>1525</strong><br />(-21 for losing)
|raw|Grindset mindset's rating: 1536 &rarr; <strong>1557</strong><br />(+21 for winning)
|l|☆zohran manaphy
|player|p1|
|l|☆Grindset mindset
|player|p2|
