|j|☆Haouu
|j|☆Blackheart1979
|t:|1760834614
|gametype|singles
|player|p1|Haouu|nanu|1337
|player|p2|Blackheart1979|1|1289
|gen|9
|tier|[Gen 9] OU
|rated|
|rule|HP Percentage Mod: HP is shown in percentages
|rule|Endless Battle Clause: Forcing endless battles is banned
|rule|Species Clause: Limit one of each Pokémon
|rule|OHKO Clause: OHKO moves are banned
|rule|Evasion Items Clause: Evasion items are banned
|rule|Evasion Moves Clause: Evasion moves are banned
|rule|Evasion Abilities Clause: Evasion abilities are banned
|rule|Sleep Moves Clause: Sleep-inducing moves are banned
|clearpoke
|poke|p1|Corviknight, M|
|poke|p1|Ting-Lu|
|poke|p1|Slowking-Galar, M|
|poke|p1|Dragapult, M|
|poke|p1|Ogerpon-Wellspring, F|
|poke|p1|Great Tusk|
|poke|p2|Rillaboom, M|
|poke|p2|Hawlucha, M|
|poke|p2|Garganacl, M|
|poke|p2|Weezing, M|
|poke|p2|Iron Treads|
|poke|p2|Zoroark-Hisui, F|
|teampreview
|inactive|Battle timer is ON: inactive players will automatically lose when time's up. (requested by Haouu)
|inactive|Blackheart1979 has 120 seconds left.
|
|t:|1760834654
|teamsize|p1|6
|teamsize|p2|6
|start
|switch|p1a: Dinlu|Ting-Lu|100/100
|switch|p2a: Iron Treads|Iron Treads|100/100
|-ability|p1a: Dinlu|Vessel of Ruin
|turn|1
|
|t:|1760834668
|move|p2a: Iron Treads|U-turn|p1a: Dinlu
|-supereffective|p1a: Dinlu
|-damage|p1a: Dinlu|83/100
|
|t:|1760834673
|switch|p2a: Garganacl|Garganacl, M|100/100|[from] U-turn
|move|p1a: Dinlu|Earthquake|p2a: Garganacl
|-supereffective|p2a: Garganacl
|-damage|p2a: Garganacl|54/100
|
|-heal|p1a: Dinlu|89/100|[from] item: Leftovers
|-heal|p2a: Garganacl|60/100|[from] item: Leftovers
|upkeep
|turn|2
|
|t:|1760834688
|move|p1a: Dinlu|Stealth Rock|p2a: Garganacl
|-sidestart|p2: Blackheart1979|move: Stealth Rock
|move|p2a: Garganacl|Recover|p2a: Garganacl
|-heal|p2a: Garganacl|100/100
|
|-heal|p1a: Dinlu|95/100|[from] item: Leftovers
|upkeep
|turn|3
|
|t:|1760834695
|move|p2a: Garganacl|Salt Cure|p1a: Dinlu
|-resisted|p1a: Dinlu
|-damage|p1a: Dinlu|91/100
|-start|p1a: Dinlu|Salt Cure
|move|p1a: Dinlu|Whirlwind|p2a: Garganacl
|drag|p2a: Iron Treads|Iron Treads|100/100
|-damage|p2a: Iron Treads|97/100|[from] Stealth Rock
|
|-heal|p2a: Iron Treads|100/100|[from] item: Leftovers
|-heal|p1a: Dinlu|98/100|[from] item: Leftovers
|-damage|p1a: Dinlu|85/100|[from] Salt Cure
|upkeep
|turn|4
|
|t:|1760834713
|move|p2a: Iron Treads|Rapid Spin|p1a: Dinlu
|-damage|p1a: Dinlu|76/100
|-boost|p2a: Iron Treads|spe|1
|-sideend|p2: Blackheart1979|Stealth Rock|[from] move: Rapid Spin|[of] p2a: Iron Treads
|move|p1a: Dinlu|Ruination|p2a: Iron Treads
|-damage|p2a: Iron Treads|51/100
|
|-heal|p2a: Iron Treads|57/100|[from] item: Leftovers
|-heal|p1a: Dinlu|82/100|[from] item: Leftovers
|-damage|p1a: Dinlu|70/100|[from] Salt Cure
|upkeep
|turn|5
|
|t:|1760834729
|-end|p2a: Iron Treads|Quark Drive|[silent]
|switch|p2a: Rillaboom|Rillaboom, M|100/100
|-fieldstart|move: Grassy Terrain|[from] ability: Grassy Surge|[of] p2a: Rillaboom
|move|p1a: Dinlu|Whirlwind|p2a: Rillaboom
|drag|p2a: Garganacl|Garganacl, M|100/100
|
|-heal|p1a: Dinlu|76/100|[from] Grassy Terrain
|-heal|p1a: Dinlu|82/100|[from] item: Leftovers
|-damage|p1a: Dinlu|70/100|[from] Salt Cure
|upkeep
|turn|6
|
|t:|1760834746
|move|p2a: Garganacl|Focus Blast|p1a: Dinlu|[miss]
|-miss|p2a: Garganacl|p1a: Dinlu
|move|p1a: Dinlu|Stealth Rock|p2a: Garganacl
|-sidestart|p2: Blackheart1979|move: Stealth Rock
|
|-heal|p1a: Dinlu|76/100|[from] Grassy Terrain
|-heal|p1a: Dinlu|82/100|[from] item: Leftovers
|-damage|p1a: Dinlu|70/100|[from] Salt Cure
|upkeep
|turn|7
|
|t:|1760834775
|switch|p1a: Dorapult|Dragapult, M|100/100
|move|p2a: Garganacl|Focus Blast|p1a: Dorapult
|-immune|p1a: Dorapult
|
|upkeep
|turn|8
|
|t:|1760834797
|switch|p2a: Garganacl|Garganacl, M|100/100
|-damage|p2a: Garganacl|88/100|[from] Stealth Rock
|move|p1a: Dorapult|Draco Meteor|p2a: Garganacl
|-damage|p2a: Garganacl|30/100
|-unboost|p1a: Dorapult|spa|2
|
|-heal|p2a: Garganacl|36/100|[from] Grassy Terrain
|-heal|p2a: Garganacl|42/100|[from] item: Leftovers
|upkeep
|turn|9
|inactive|Haouu has 120 seconds left.
|
|t:|1760834826
|switch|p1a: Dinlu|Ting-Lu|70/100
|-ability|p1a: Dinlu|Vessel of Ruin
|move|p2a: Garganacl|Recover|p2a: Garganacl
|-heal|p2a: Garganacl|92/100
|
|-heal|p1a: Dinlu|76/100|[from] Grassy Terrain
|-heal|p1a: Dinlu|82/100|[from] item: Leftovers
|-heal|p2a: Garganacl|99/100|[from] Grassy Terrain
|-heal|p2a: Garganacl|100/100|[from] item: Leftovers
|-fieldend|move: Grassy Terrain
|upkeep
|turn|10
|inactive|Haouu has 120 seconds left.
|inactive|Blackheart1979 has 120 seconds left.
|
|t:|1760834841
|move|p1a: Dinlu|Earthquake|p2a: Garganacl
|-supereffective|p2a: Garganacl
|-damage|p2a: Garganacl|50/100
|move|p2a: Garganacl|Body Press|p1a: Dinlu
|-supereffective|p1a: Dinlu
|-damage|p1a: Dinlu|55/100
|
|-heal|p1a: Dinlu|61/100|[from] item: Leftovers
|-heal|p2a: Garganacl|56/100|[from] item: Leftovers
|upkeep
|turn|11
|inactive|Haouu has 120 seconds left.
|inactive|Blackheart1979 has 120 seconds left.
|
|t:|1760834856
|move|p1a: Dinlu|Earthquake|p2a: Garganacl
|-supereffective|p2a: Garganacl
|-damage|p2a: Garganacl|9/100
|move|p2a: Garganacl|Recover|p2a: Garganacl
|-heal|p2a: Garganacl|59/100
|
|-heal|p1a: Dinlu|67/100|[from] item: Leftovers
|-heal|p2a: Garganacl|65/100|[from] item: Leftovers
|upkeep
|turn|12
|inactive|Blackheart1979 has 120 seconds left.
|inactive|Haouu has 120 seconds left.
|
|t:|1760834866
|switch|p1a: Armorga|Corviknight, M|100/100
|-ability|p1a: Armorga|Pressure
|switch|p2a: Rillaboom|Rillaboom, M|100/100
|-damage|p2a: Rillaboom|88/100|[from] Stealth Rock
|-fieldstart|move: Grassy Terrain|[from] ability: Grassy Surge|[of] p2a: Rillaboom
|
|-heal|p2a: Rillaboom|94/100|[from] Grassy Terrain
|upkeep
|turn|13
|inactive|Blackheart1979 has 120 seconds left.
|
|t:|1760834879
|move|p2a: Rillaboom|Knock Off|p1a: Armorga
|-damage|p1a: Armorga|79/100
|-damage|p2a: Rillaboom|78/100|[from] item: Rocky Helmet|[of] p1a: Armorga
|-enditem|p1a: Armorga|Rocky Helmet|[from] move: Knock Off|[of] p2a: Rillaboom
|move|p1a: Armorga|Brave Bird|p2a: Rillaboom
|-supereffective|p2a: Rillaboom
|-damage|p2a: Rillaboom|4/100
|-damage|p1a: Armorga|55/100|[from] Recoil
|
|-heal|p2a: Rillaboom|10/100|[from] Grassy Terrain
|upkeep
|turn|14
|inactive|Blackheart1979 has 120 seconds left.
|
|t:|1760834891
|move|p2a: Rillaboom|U-turn|p1a: Armorga
|-resisted|p1a: Armorga
|-damage|p1a: Armorga|52/100
|
|t:|1760834896
|switch|p2a: Iron Treads|Iron Treads|57/100|[from] U-turn
|-damage|p2a: Iron Treads|54/100|[from] Stealth Rock
|move|p1a: Armorga|Roost|p1a: Armorga
|-heal|p1a: Armorga|100/100
|-singleturn|p1a: Armorga|move: Roost
|
|-heal|p2a: Iron Treads|60/100|[from] Grassy Terrain
|-heal|p2a: Iron Treads|66/100|[from] item: Leftovers
|upkeep
|turn|15
|inactive|Blackheart1979 has 120 seconds left.
|
|t:|1760834913
|move|p2a: Iron Treads|Knock Off|p1a: Armorga
|-damage|p1a: Armorga|87/100
|move|p1a: Armorga|Body Press|p2a: Iron Treads
|-supereffective|p2a: Iron Treads
|-damage|p2a: Iron Treads|18/100
|
|-heal|p2a: Iron Treads|24/100|[from] Grassy Terrain
|-heal|p2a: Iron Treads|30/100|[from] item: Leftovers
|upkeep
|turn|16
|
|t:|1760834923
|move|p2a: Iron Treads|Rapid Spin|p1a: Armorga
|-resisted|p1a: Armorga
|-damage|p1a: Armorga|82/100
|-boost|p2a: Iron Treads|spe|1
|-sideend|p2: Blackheart1979|Stealth Rock|[from] move: Rapid Spin|[of] p2a: Iron Treads
|move|p1a: Armorga|U-turn|p2a: Iron Treads
|-resisted|p2a: Iron Treads
|-damage|p2a: Iron Treads|24/100
|
|t:|1760834933
|switch|p1a: Dinlu|Ting-Lu|67/100|[from] U-turn
|-ability|p1a: Dinlu|Vessel of Ruin
|
|-heal|p2a: Iron Treads|30/100|[from] Grassy Terrain
|-heal|p2a: Iron Treads|36/100|[from] item: Leftovers
|-heal|p1a: Dinlu|73/100|[from] Grassy Terrain
|-heal|p1a: Dinlu|80/100|[from] item: Leftovers
|-fieldend|move: Grassy Terrain
|upkeep
|turn|17
|
|t:|1760834950
|-end|p2a: Iron Treads|Quark Drive|[silent]
|switch|p2a: Rillaboom|Rillaboom, M|10/100
|-fieldstart|move: Grassy Terrain|[from] ability: Grassy Surge|[of] p2a: Rillaboom
|move|p1a: Dinlu|Earthquake|p2a: Rillaboom
|-resisted|p2a: Rillaboom
|-damage|p2a: Rillaboom|2/100
|
|-heal|p2a: Rillaboom|8/100|[from] Grassy Terrain
|-heal|p1a: Dinlu|86/100|[from] Grassy Terrain
|-heal|p1a: Dinlu|92/100|[from] item: Leftovers
|upkeep
|turn|18
|inactive|Blackheart1979 has 120 seconds left.
|
|t:|1760834967
|switch|p1a: Armorga|Corviknight, M|82/100
|-ability|p1a: Armorga|Pressure
|move|p2a: Rillaboom|U-turn|p1a: Armorga
|-resisted|p1a: Armorga
|-damage|p1a: Armorga|79/100
|inactive|Blackheart1979 has 120 seconds left.
|
|t:|1760834995
|switch|p2a: Weezing|Weezing, M|100/100|[from] U-turn
|
|upkeep
|turn|19
|
|t:|1760835019
|switch|p1a: Ogerpon|Ogerpon-Wellspring, F|100/100
|move|p2a: Weezing|Will-O-Wisp|p1a: Ogerpon|[miss]
|-miss|p2a: Weezing|p1a: Ogerpon
|
|upkeep
|turn|20
|
|t:|1760835028
|move|p1a: Ogerpon|U-turn|p2a: Weezing
|-resisted|p2a: Weezing
|-damage|p2a: Weezing|92/100
|-damage|p1a: Ogerpon|84/100|[from] item: Rocky Helmet|[of] p2a: Weezing
|
|t:|1760835035
|switch|p1a: Yadoking|Slowking-Galar, M|100/100|[from] U-turn
|move|p2a: Weezing|Will-O-Wisp|p1a: Yadoking
|-status|p1a: Yadoking|brn
|
|-damage|p1a: Yadoking|94/100 brn|[from] brn
|upkeep
|turn|21
|inactive|Blackheart1979 has 120 seconds left.
|
|t:|1760835058
|switch|p2a: Hawlucha|Hawlucha, M|100/100
|-enditem|p2a: Hawlucha|Grassy Seed
|-boost|p2a: Hawlucha|def|1|[from] item: Grassy Seed
|move|p1a: Yadoking|Psychic Noise|p2a: Hawlucha
|-supereffective|p2a: Hawlucha
|-damage|p2a: Hawlucha|20/100
|-start|p2a: Hawlucha|move: Heal Block
|
|-heal|p1a: Yadoking|100/100 brn|[from] Grassy Terrain
|-damage|p1a: Yadoking|94/100 brn|[from] brn
|-fieldend|move: Grassy Terrain
|upkeep
|turn|22
|inactive|Blackheart1979 has 90 seconds left.
|
|t:|1760835085
|-terastallize|p2a: Hawlucha|Flying
|move|p2a: Hawlucha|Swords Dance|p2a: Hawlucha
|-boost|p2a: Hawlucha|atk|2
|move|p1a: Yadoking|Psychic Noise|p2a: Hawlucha
|-damage|p2a: Hawlucha|0 fnt
|faint|p2a: Hawlucha
|
|-damage|p1a: Yadoking|88/100 brn|[from] brn
|upkeep
|inactive|Blackheart1979 has 90 seconds left.
|-message|Blackheart1979 forfeited.
|
|win|Haouu
|raw|Haouu's rating: 1337 &rarr; <strong>1354</strong><br />(+17 for winning)
|raw|Blackheart1979's rating: 1289 &rarr; <strong>1267</strong><br />(-22 for losing)
|l|☆Blackheart1979
|player|p2|
|l|☆Haouu
|player|p1|
