|j|☆Silver951
|j|☆Oi53768
|t:|1760852295
|gametype|singles
|player|p1|Silver951|cynthia|1121
|player|p2|Oi53768|266|1040
|gen|9
|tier|[Gen 9] OU
|rated|
|rule|HP Percentage Mod: HP is shown in percentages
|rule|Endless Battle Clause: Forcing endless battles is banned
|rule|Species Clause: Limit one of each Pokémon
|rule|OHKO Clause: OHKO moves are banned
|rule|Evasion Items Clause: Evasion items are banned
|rule|Evasion Moves Clause: Evasion moves are banned
|rule|Evasion Abilities Clause: Evasion abilities are banned
|rule|Sleep Moves Clause: Sleep-inducing moves are banned
|clearpoke
|poke|p1|Moltres-Galar|
|poke|p1|Indeedee, M|
|poke|p1|Cresselia, F|
|poke|p1|Ogerpon, F|
|poke|p1|Blaziken, M|
|poke|p1|Espeon, F|
|poke|p2|Greninja-*, M|
|poke|p2|Ceruledge, M|
|poke|p2|Clefable, M|
|poke|p2|Dragonite, M|
|poke|p2|Garchomp, M|
|poke|p2|Scizor, M|
|teampreview
|
|t:|1760852305
|teamsize|p1|6
|teamsize|p2|6
|start
|switch|p1a: Indeedee|Indeedee, M|100/100
|switch|p2a: Garchomp|Garchomp, M, shiny|100/100
|-fieldstart|move: Psychic Terrain|[from] ability: Psychic Surge|[of] p1a: Indeedee
|turn|1
|
|t:|1760852315
|move|p1a: Indeedee|Draining Kiss|p2a: Garchomp
|-supereffective|p2a: Garchomp
|-damage|p2a: Garchomp|76/100
|-damage|p1a: Indeedee|88/100|[from] ability: Rough Skin|[of] p2a: Garchomp
|move|p2a: Garchomp|Outrage|p1a: Indeedee
|-damage|p1a: Indeedee|0 fnt
|faint|p1a: Indeedee
|
|upkeep
|
|t:|1760852359
|switch|p1a: Ogerpon|Ogerpon, F|100/100
|turn|2
|
|t:|1760852365
|move|p1a: Ogerpon|Focus Energy|p1a: Ogerpon
|-start|p1a: Ogerpon|move: Focus Energy
|move|p2a: Garchomp|Outrage|p1a: Ogerpon|[from] lockedmove
|-damage|p1a: Ogerpon|39/100
|
|upkeep
|turn|3
|
|t:|1760852375
|move|p1a: Ogerpon|Ivy Cudgel|p2a: Garchomp
|-crit|p2a: Garchomp
|-damage|p2a: Garchomp|19/100
|move|p2a: Garchomp|Outrage|p1a: Ogerpon|[from] lockedmove
|-damage|p1a: Ogerpon|0 fnt
|faint|p1a: Ogerpon
|-start|p2a: Garchomp|confusion|[fatigue]
|
|upkeep
|
|t:|1760852385
|switch|p1a: Blaziken|Blaziken, M|100/100
|turn|4
|
|t:|1760852389
|-activate|p2a: Garchomp|confusion
|move|p2a: Garchomp|Brick Break|p1a: Blaziken
|-damage|p1a: Blaziken|75/100
|move|p1a: Blaziken|Focus Energy|p1a: Blaziken
|-start|p1a: Blaziken|move: Focus Energy
|
|-ability|p1a: Blaziken|Speed Boost|boost
|-boost|p1a: Blaziken|spe|1
|upkeep
|turn|5
|
|t:|1760852401
|switch|p2a: Greninja|Greninja, M|100/100
|move|p1a: Blaziken|Blaze Kick|p2a: Greninja
|-resisted|p2a: Greninja
|-crit|p2a: Greninja
|-damage|p2a: Greninja|47/100
|
|-fieldend|move: Psychic Terrain
|-ability|p1a: Blaziken|Speed Boost|boost
|-boost|p1a: Blaziken|spe|1
|upkeep
|turn|6
|
|t:|1760852425
|move|p1a: Blaziken|Protect|p1a: Blaziken
|-singleturn|p1a: Blaziken|Protect
|move|p2a: Greninja|Water Shuriken|p1a: Blaziken
|-activate|p1a: Blaziken|move: Protect
|
|-ability|p1a: Blaziken|Speed Boost|boost
|-boost|p1a: Blaziken|spe|1
|upkeep
|turn|7
|
|t:|1760852435
|-terastallize|p1a: Blaziken|Fighting
|move|p2a: Greninja|Water Shuriken|p1a: Blaziken
|-damage|p1a: Blaziken|66/100
|-crit|p1a: Blaziken
|-damage|p1a: Blaziken|55/100
|-damage|p1a: Blaziken|46/100
|-enditem|p1a: Blaziken|Sitrus Berry|[eat]
|-heal|p1a: Blaziken|71/100|[from] item: Sitrus Berry
|-damage|p1a: Blaziken|63/100
|-hitcount|p1a: Blaziken|4
|move|p1a: Blaziken|Double Kick|p2a: Greninja
|-supereffective|p2a: Greninja
|-damage|p2a: Greninja|0 fnt
|faint|p2a: Greninja
|-hitcount|p2: Greninja|1
|
|-ability|p1a: Blaziken|Speed Boost|boost
|-boost|p1a: Blaziken|spe|1
|upkeep
|
|t:|1760852455
|switch|p2a: Garchomp|Garchomp, M, shiny|19/100
|turn|8
|
|t:|1760852462
|move|p1a: Blaziken|Double Kick|p2a: Garchomp
|-crit|p2a: Garchomp
|-damage|p2a: Garchomp|0 fnt
|-damage|p1a: Blaziken|50/100|[from] ability: Rough Skin|[of] p2a: Garchomp
|faint|p2a: Garchomp
|-hitcount|p2: Garchomp|1
|
|-ability|p1a: Blaziken|Speed Boost|boost
|-boost|p1a: Blaziken|spe|1
|upkeep
|
|t:|1760852474
|switch|p2a: Scizor|Scizor, M, shiny|100/100
|turn|9
|
|t:|1760852480
|move|p2a: Scizor|Bullet Punch|p1a: Blaziken
|-damage|p1a: Blaziken|0 fnt
|faint|p1a: Blaziken
|-damage|p2a: Scizor|91/100|[from] item: Life Orb
|
|upkeep
|
|t:|1760852491
|switch|p1a: Moltres|Moltres-Galar|100/100
|turn|10
|
|t:|1760852512
|move|p1a: Moltres|Agility|p1a: Moltres
|-boost|p1a: Moltres|spe|2
|move|p2a: Scizor|Close Combat|p1a: Moltres
|-damage|p1a: Moltres|47/100
|-unboost|p2a: Scizor|def|1
|-unboost|p2a: Scizor|spd|1
|-ability|p1a: Moltres|Berserk|boost
|-boost|p1a: Moltres|spa|1
|-damage|p2a: Scizor|81/100|[from] item: Life Orb
|
|upkeep
|turn|11
|
|t:|1760852528
|switch|p2a: Dragonite|Dragonite, M|100/100
|move|p1a: Moltres|Air Slash|p2a: Dragonite|[miss]
|-miss|p1a: Moltres|p2a: Dragonite
|
|upkeep
|turn|12
|
|t:|1760852544
|move|p1a: Moltres|Fiery Wrath|p2a: Dragonite
|-damage|p2a: Dragonite|40/100
|move|p2a: Dragonite|Dragon Tail|p1a: Moltres
|-damage|p1a: Moltres|22/100
|drag|p1a: Espeon|Espeon, F|100/100
|
|-heal|p2a: Dragonite|47/100|[from] item: Leftovers
|upkeep
|turn|13
|
|t:|1760852575
|switch|p1a: Cresselia|Cresselia, F|100/100
|move|p2a: Dragonite|Dragon Dance|p2a: Dragonite
|-boost|p2a: Dragonite|atk|1
|-boost|p2a: Dragonite|spe|1
|
|-heal|p2a: Dragonite|53/100|[from] item: Leftovers
|upkeep
|turn|14
|
|t:|1760852586
|move|p2a: Dragonite|Dragon Dance|p2a: Dragonite
|-boost|p2a: Dragonite|atk|1
|-boost|p2a: Dragonite|spe|1
|move|p1a: Cresselia|Thunder Wave|p2a: Dragonite
|-status|p2a: Dragonite|par
|
|-heal|p2a: Dragonite|59/100 par|[from] item: Leftovers
|upkeep
|turn|15
|
|t:|1760852597
|move|p2a: Dragonite|Draco Meteor|p1a: Cresselia
|-damage|p1a: Cresselia|71/100
|-unboost|p2a: Dragonite|spa|2
|move|p1a: Cresselia|Psycho Cut|p2a: Dragonite
|-damage|p2a: Dragonite|36/100 par
|
|-heal|p2a: Dragonite|42/100 par|[from] item: Leftovers
|upkeep
|turn|16
|
|t:|1760852609
|move|p2a: Dragonite|Dragon Dance|p2a: Dragonite
|-boost|p2a: Dragonite|atk|1
|-boost|p2a: Dragonite|spe|1
|move|p1a: Cresselia|Psycho Cut|p2a: Dragonite
|-damage|p2a: Dragonite|23/100 par
|
|-heal|p2a: Dragonite|29/100 par|[from] item: Leftovers
|upkeep
|turn|17
|
|t:|1760852619
|move|p2a: Dragonite|Dragon Dance|p2a: Dragonite
|-boost|p2a: Dragonite|atk|1
|-boost|p2a: Dragonite|spe|1
|move|p1a: Cresselia|Psycho Cut|p2a: Dragonite
|-crit|p2a: Dragonite
|-damage|p2a: Dragonite|0 fnt
|faint|p2a: Dragonite
|
|upkeep
|
|t:|1760852629
|switch|p2a: Scizor|Scizor, M, shiny|81/100
|turn|18
|
|t:|1760852635
|move|p2a: Scizor|Bullet Punch|p1a: Cresselia
|-damage|p1a: Cresselia|42/100
|-damage|p2a: Scizor|71/100|[from] item: Life Orb
|move|p1a: Cresselia|Thunder Wave|p2a: Scizor
|-status|p2a: Scizor|par
|
|upkeep
|turn|19
|
|t:|1760852645
|move|p1a: Cresselia|Lunar Dance|p1a: Cresselia
|faint|p1a: Cresselia
|move|p2a: Scizor|Close Combat|p1: Cresselia|[notarget]
|-fail|p2a: Scizor
|
|upkeep
|
|t:|1760852650
|switch|p1a: Moltres|Moltres-Galar|22/100
|-heal|p1a: Moltres|100/100|[from] move: Lunar Dance
|turn|20
|
|t:|1760852661
|move|p1a: Moltres|Air Slash|p2a: Scizor
|-damage|p2a: Scizor|21/100 par
|move|p2a: Scizor|Close Combat|p1a: Moltres
|-damage|p1a: Moltres|47/100
|-unboost|p2a: Scizor|def|1
|-unboost|p2a: Scizor|spd|1
|-ability|p1a: Moltres|Berserk|boost
|-boost|p1a: Moltres|spa|1
|-damage|p2a: Scizor|11/100 par|[from] item: Life Orb
|
|upkeep
|turn|21
|
|t:|1760852675
|switch|p2a: Clefable|Clefable, M, shiny|100/100
|move|p1a: Moltres|Air Slash|p2a: Clefable
|-damage|p2a: Clefable|57/100
|
|-heal|p2a: Clefable|63/100|[from] item: Leftovers
|upkeep
|turn|22
|
|t:|1760852686
|move|p1a: Moltres|Air Slash|p2a: Clefable
|-damage|p2a: Clefable|22/100
|move|p2a: Clefable|Wish|p2a: Clefable
|
|-heal|p2a: Clefable|28/100|[from] item: Leftovers
|upkeep
|turn|23
|
|t:|1760852700
|move|p1a: Moltres|Air Slash|p2a: Clefable
|-damage|p2a: Clefable|0 fnt
|faint|p2a: Clefable
|
|upkeep
|
|t:|1760852705
|switch|p2a: Ceruledge|Ceruledge, M|100/100
|turn|24
|
|t:|1760852723
|move|p2a: Ceruledge|Shadow Sneak|p1a: Moltres
|-resisted|p1a: Moltres
|-damage|p1a: Moltres|33/100
|move|p1a: Moltres|Ancient Power|p2a: Ceruledge
|-supereffective|p2a: Ceruledge
|-damage|p2a: Ceruledge|36/100
|
|upkeep
|turn|25
|
|t:|1760852733
|switch|p2a: Scizor|Scizor, M, shiny|11/100 par
|move|p1a: Moltres|Ancient Power|p2a: Scizor
|-damage|p2a: Scizor|0 fnt
|faint|p2a: Scizor
|
|upkeep
|
|t:|1760852741
|switch|p2a: Ceruledge|Ceruledge, M|36/100
|turn|26
|
|t:|1760852745
|move|p1a: Moltres|Ancient Power|p2a: Ceruledge
|-supereffective|p2a: Ceruledge
|-damage|p2a: Ceruledge|0 fnt
|faint|p2a: Ceruledge
|
|win|Silver951
|raw|Silver951's rating: 1121 &rarr; <strong>1140</strong><br />(+19 for winning)
|raw|Oi53768's rating: 1040 &rarr; <strong>1028</strong><br />(-12 for losing)
