|j|☆24OJ
|j|☆Exiowf
|t:|1760760394
|gametype|singles
|player|p1|24OJ|kiawe|1103
|player|p2|Exiowf|dawn|1144
|gen|9
|tier|[Gen 9] OU
|rated|
|rule|HP Percentage Mod: HP is shown in percentages
|rule|Endless Battle Clause: Forcing endless battles is banned
|rule|Species Clause: Limit one of each Pokémon
|rule|OHKO Clause: OHKO moves are banned
|rule|Evasion Items Clause: Evasion items are banned
|rule|Evasion Moves Clause: Evasion moves are banned
|rule|Evasion Abilities Clause: Evasion abilities are banned
|rule|Sleep Moves Clause: Sleep-inducing moves are banned
|clearpoke
|poke|p1|Iron Jugulis|
|poke|p1|Iron Boulder|
|poke|p1|Iron Moth|
|poke|p1|Iron Leaves|
|poke|p1|Iron Hands|
|poke|p1|Pincurchin, M|
|poke|p2|Slowking-Galar, M|
|poke|p2|Primarina, M|
|poke|p2|Corviknight, F|
|poke|p2|Ceruledge, F|
|poke|p2|Great Tusk|
|poke|p2|Ninetales-Alola, M|
|teampreview
|inactive|Battle timer is ON: inactive players will automatically lose when time's up. (requested by Exiowf)
|inactive|24OJ also wants the timer to be on.
|c|☆24OJ|sup
|
|t:|1760760412
|teamsize|p1|6
|teamsize|p2|6
|start
|switch|p1a: Pincurchin|Pincurchin, M|100/100
|switch|p2a: Great Tusk|Great Tusk|100/100
|-fieldstart|move: Electric Terrain|[from] ability: Electric Surge|[of] p1a: Pincurchin
|turn|1
|
|t:|1760760417
|move|p2a: Great Tusk|Stealth Rock|p1a: Pincurchin
|-sidestart|p1: 24OJ|move: Stealth Rock
|move|p1a: Pincurchin|Scald|p2a: Great Tusk
|-supereffective|p2a: Great Tusk
|-damage|p2a: Great Tusk|55/100
|
|-heal|p2a: Great Tusk|61/100|[from] item: Leftovers
|upkeep
|turn|2
|
|t:|1760760420
|move|p2a: Great Tusk|Knock Off|p1a: Pincurchin
|-damage|p1a: Pincurchin|70/100
|-enditem|p1a: Pincurchin|Terrain Extender|[from] move: Knock Off|[of] p2a: Great Tusk
|move|p1a: Pincurchin|Spikes|p2a: Great Tusk
|-sidestart|p2: Exiowf|Spikes
|
|-heal|p2a: Great Tusk|67/100|[from] item: Leftovers
|upkeep
|turn|3
|
|t:|1760760424
|move|p2a: Great Tusk|Headlong Rush|p1a: Pincurchin
|-supereffective|p1a: Pincurchin
|-damage|p1a: Pincurchin|0 fnt
|-unboost|p2a: Great Tusk|def|1
|-unboost|p2a: Great Tusk|spd|1
|faint|p1a: Pincurchin
|
|-heal|p2a: Great Tusk|73/100|[from] item: Leftovers
|upkeep
|
|t:|1760760432
|switch|p1a: Iron Jugulis|Iron Jugulis|100/100
|-damage|p1a: Iron Jugulis|76/100|[from] Stealth Rock
|-activate|p1a: Iron Jugulis|ability: Quark Drive
|-start|p1a: Iron Jugulis|quarkdrivespe
|turn|4
|
|t:|1760760441
|-end|p2a: Great Tusk|Protosynthesis|[silent]
|switch|p2a: Slowking|Slowking-Galar, M|100/100
|move|p1a: Iron Jugulis|Hurricane|p2a: Slowking
|-damage|p2a: Slowking|43/100
|-start|p2a: Slowking|confusion
|
|upkeep
|turn|5
|
|t:|1760760448
|switch|p2a: Corviknight|Corviknight, F, shiny|100/100
|-ability|p2a: Corviknight|Pressure
|move|p1a: Iron Jugulis|Hurricane|p2a: Corviknight
|-resisted|p2a: Corviknight
|-crit|p2a: Corviknight
|-damage|p2a: Corviknight|37/100
|
|upkeep
|turn|6
|
|t:|1760760459
|-end|p1a: Iron Jugulis|Quark Drive|[silent]
|switch|p1a: Iron Hands|Iron Hands|100/100
|-damage|p1a: Iron Hands|94/100|[from] Stealth Rock
|-activate|p1a: Iron Hands|ability: Quark Drive
|-start|p1a: Iron Hands|quarkdriveatk
|move|p2a: Corviknight|Roost|p2a: Corviknight
|-heal|p2a: Corviknight|87/100
|-singleturn|p2a: Corviknight|move: Roost
|
|-heal|p1a: Iron Hands|100/100|[from] item: Leftovers
|upkeep
|turn|7
|
|t:|1760760470
|switch|p2a: Great Tusk|Great Tusk|73/100
|-damage|p2a: Great Tusk|61/100|[from] Spikes
|move|p1a: Iron Hands|Drain Punch|p2a: Great Tusk
|-damage|p2a: Great Tusk|26/100
|
|-heal|p2a: Great Tusk|32/100|[from] item: Leftovers
|upkeep
|turn|8
|
|t:|1760760475
|-terastallize|p1a: Iron Hands|Flying
|move|p2a: Great Tusk|Rapid Spin|p1a: Iron Hands
|-damage|p1a: Iron Hands|89/100
|-boost|p2a: Great Tusk|spe|1
|-sideend|p2: Exiowf|Spikes|[from] move: Rapid Spin|[of] p2a: Great Tusk
|move|p1a: Iron Hands|Swords Dance|p1a: Iron Hands
|-boost|p1a: Iron Hands|atk|2
|
|-heal|p2a: Great Tusk|38/100|[from] item: Leftovers
|-heal|p1a: Iron Hands|95/100|[from] item: Leftovers
|-fieldend|move: Electric Terrain
|-end|p1a: Iron Hands|Quark Drive
|upkeep
|turn|9
|
|t:|1760760483
|move|p2a: Great Tusk|Knock Off|p1a: Iron Hands
|-damage|p1a: Iron Hands|73/100
|-enditem|p1a: Iron Hands|Leftovers|[from] move: Knock Off|[of] p2a: Great Tusk
|move|p1a: Iron Hands|Ice Punch|p2a: Great Tusk
|-supereffective|p2a: Great Tusk
|-damage|p2a: Great Tusk|0 fnt
|faint|p2a: Great Tusk
|-end|p2a: Great Tusk|Protosynthesis|[silent]
|
|upkeep
|
|t:|1760760488
|switch|p2a: Ninetales|Ninetales-Alola, M|100/100
|-weather|Snowscape|[from] ability: Snow Warning|[of] p2a: Ninetales
|turn|10
|
|t:|1760760493
|move|p2a: Ninetales|Blizzard|p1a: Iron Hands
|-supereffective|p1a: Iron Hands
|-damage|p1a: Iron Hands|8/100
|move|p1a: Iron Hands|Drain Punch|p2a: Ninetales
|-damage|p2a: Ninetales|11/100
|-heal|p1a: Iron Hands|35/100|[from] drain|[of] p2a: Ninetales
|
|-weather|Snowscape|[upkeep]
|upkeep
|turn|11
|
|t:|1760760517
|move|p2a: Ninetales|Blizzard|p1a: Iron Hands
|-supereffective|p1a: Iron Hands
|-crit|p1a: Iron Hands
|-damage|p1a: Iron Hands|0 fnt
|faint|p1a: Iron Hands
|-end|p1a: Iron Hands|Quark Drive|[silent]
|
|-weather|Snowscape|[upkeep]
|upkeep
|
|t:|1760760524
|switch|p1a: Iron Moth|Iron Moth|100/100
|-damage|p1a: Iron Moth|76/100|[from] Stealth Rock
|-item|p1a: Iron Moth|Air Balloon
|turn|12
|
|t:|1760760529
|move|p1a: Iron Moth|Substitute|p1a: Iron Moth
|-start|p1a: Iron Moth|Substitute
|-damage|p1a: Iron Moth|51/100
|move|p2a: Ninetales|Aurora Veil|p2a: Ninetales
|-sidestart|p2: Exiowf|move: Aurora Veil
|
|-weather|Snowscape|[upkeep]
|upkeep
|turn|13
|
|t:|1760760535
|switch|p2a: Primarina|Primarina, M|100/100
|move|p1a: Iron Moth|Fiery Dance|p2a: Primarina
|-resisted|p2a: Primarina
|-damage|p2a: Primarina|94/100
|-boost|p1a: Iron Moth|spa|1
|
|-weather|Snowscape|[upkeep]
|upkeep
|turn|14
|
|t:|1760760542
|move|p1a: Iron Moth|Sludge Wave|p2a: Primarina
|-supereffective|p2a: Primarina
|-damage|p2a: Primarina|54/100
|move|p2a: Primarina|Sparkling Aria|p1a: Iron Moth
|-supereffective|p1a: Iron Moth
|-damage|p1a: Iron Moth|0 fnt
|-enditem|p1a: Iron Moth|Air Balloon
|faint|p1a: Iron Moth
|-end|p1a: Iron Moth|Quark Drive|[silent]
|
|-weather|none
|upkeep
|
|t:|1760760554
|switch|p1a: Iron Leaves|Iron Leaves|100/100
|-damage|p1a: Iron Leaves|88/100|[from] Stealth Rock
|turn|15
|
|t:|1760760572
|switch|p2a: Corviknight|Corviknight, F, shiny|87/100
|-ability|p2a: Corviknight|Pressure
|move|p1a: Iron Leaves|Leaf Blade|p2a: Corviknight
|-resisted|p2a: Corviknight
|-damage|p2a: Corviknight|83/100
|-damage|p1a: Iron Leaves|72/100|[from] item: Rocky Helmet|[of] p2a: Corviknight
|
|upkeep
|turn|16
|
|t:|1760760582
|-end|p1a: Iron Leaves|Quark Drive|[silent]
|switch|p1a: Iron Boulder|Iron Boulder|100/100
|-damage|p1a: Iron Boulder|88/100|[from] Stealth Rock
|move|p2a: Corviknight|U-turn|p1a: Iron Boulder
|-supereffective|p1a: Iron Boulder
|-damage|p1a: Iron Boulder|55/100
|
|t:|1760760588
|switch|p2a: Ceruledge|Ceruledge, F|100/100|[from] U-turn
|
|upkeep
|turn|17
|
|t:|1760760592
|move|p1a: Iron Boulder|Earthquake|p2a: Ceruledge
|-supereffective|p2a: Ceruledge
|-damage|p2a: Ceruledge|33/100
|-ability|p2a: Ceruledge|Weak Armor|boost
|-unboost|p2a: Ceruledge|def|1
|-boost|p2a: Ceruledge|spe|2
|move|p2a: Ceruledge|Swords Dance|p2a: Ceruledge
|-boost|p2a: Ceruledge|atk|2
|
|upkeep
|turn|18
|
|t:|1760760596
|move|p2a: Ceruledge|Close Combat|p1a: Iron Boulder
|-damage|p1a: Iron Boulder|0 fnt
|-unboost|p2a: Ceruledge|def|1
|-unboost|p2a: Ceruledge|spd|1
|faint|p1a: Iron Boulder
|-end|p1a: Iron Boulder|Quark Drive|[silent]
|
|upkeep
|
|t:|1760760599
|switch|p1a: Iron Jugulis|Iron Jugulis|76/100
|-damage|p1a: Iron Jugulis|51/100|[from] Stealth Rock
|turn|19
|
|t:|1760760604
|move|p2a: Ceruledge|Bitter Blade|p1a: Iron Jugulis
|-damage|p1a: Iron Jugulis|0 fnt
|-heal|p2a: Ceruledge|61/100|[from] drain|[of] p1a: Iron Jugulis
|faint|p1a: Iron Jugulis
|-end|p1a: Iron Jugulis|Quark Drive|[silent]
|
|-sideend|p2: Exiowf|move: Aurora Veil
|upkeep
|
|t:|1760760606
|switch|p1a: Iron Leaves|Iron Leaves|72/100
|-damage|p1a: Iron Leaves|59/100|[from] Stealth Rock
|turn|20
|
|t:|1760760608
|move|p2a: Ceruledge|Bitter Blade|p1a: Iron Leaves
|-supereffective|p1a: Iron Leaves
|-damage|p1a: Iron Leaves|0 fnt
|-heal|p2a: Ceruledge|96/100|[from] drain|[of] p1a: Iron Leaves
|faint|p1a: Iron Leaves
|-end|p1a: Iron Leaves|Quark Drive|[silent]
|
|win|Exiowf
|raw|24OJ's rating: 1103 &rarr; <strong>1081</strong><br />(-22 for losing)
|raw|Exiowf's rating: 1144 &rarr; <strong>1166</strong><br />(+22 for winning)
|l|☆24OJ
|player|p1|
|c|☆Exiowf|gg
|l|☆Exiowf
|player|p2|
