|badge|p1|bronze|gen9ou|100-7
|uhtml|medal-msg|<div class="broadcast-blue">Curious what those medals under the avatar are? PS now has Ladder Seasons! For more information, check out the <a href="https://www.smogon.com/forums/threads/3740067/">thread on Smogon.</a></div>
|j|☆elpets
|j|☆MooFarmer
|t:|1760872462
|gametype|singles
|player|p1|elpets|infielder|1888
|player|p2|MooFarmer|1|1757
|gen|9
|tier|[Gen 9] OU
|rated|
|rule|HP Percentage Mod: HP is shown in percentages
|rule|Endless Battle Clause: Forcing endless battles is banned
|rule|Species Clause: Limit one of each Pokémon
|rule|OHKO Clause: OHKO moves are banned
|rule|Evasion Items Clause: Evasion items are banned
|rule|Evasion Moves Clause: Evasion moves are banned
|rule|Evasion Abilities Clause: Evasion abilities are banned
|rule|Sleep Moves Clause: Sleep-inducing moves are banned
|clearpoke
|poke|p1|Hatterene, F|
|poke|p1|Dragonite, F|
|poke|p1|Breloom, F|
|poke|p1|Azumarill, F|
|poke|p1|Great Tusk|
|poke|p1|Skeledirge, F|
|poke|p2|Kyurem|
|poke|p2|Corviknight, M|
|poke|p2|Ting-Lu|
|poke|p2|Dondozo, F|
|poke|p2|Slowking-Galar, L99, M|
|poke|p2|Cinderace, M|
|teampreview
|inactive|Battle timer is ON: inactive players will automatically lose when time's up. (requested by elpets)
|j| magne6769
|inactive|MooFarmer has 120 seconds left.
|j| xmagic_77
|
|t:|1760872509
|teamsize|p1|6
|teamsize|p2|6
|start
|switch|p1a: Azumarill|Azumarill, F|100/100
|switch|p2a: Kyurem|Kyurem|100/100
|-ability|p2a: Kyurem|Pressure
|turn|1
|inactive|MooFarmer also wants the timer to be on.
|inactive|MooFarmer has 120 seconds left.
|
|t:|1760872555
|-terastallize|p2a: Kyurem|Ground
|move|p2a: Kyurem|Freeze-Dry|p1a: Azumarill
|-supereffective|p1a: Azumarill
|-damage|p1a: Azumarill|49/100
|move|p1a: Azumarill|Play Rough|p2a: Kyurem
|-damage|p2a: Kyurem|52/100
|
|-heal|p2a: Kyurem|58/100|[from] item: Leftovers
|upkeep
|turn|2
|inactive|MooFarmer has 90 seconds left.
|
|t:|1760872604
|move|p2a: Kyurem|Protect|p2a: Kyurem
|-singleturn|p2a: Kyurem|Protect
|move|p1a: Azumarill|Knock Off|p2a: Kyurem
|-activate|p2a: Kyurem|move: Protect
|
|-heal|p2a: Kyurem|65/100|[from] item: Leftovers
|upkeep
|turn|3
|inactive|MooFarmer has 60 seconds left.
|
|t:|1760872650
|move|p1a: Azumarill|Aqua Jet|p2a: Kyurem
|-supereffective|p2a: Kyurem
|-damage|p2a: Kyurem|17/100
|move|p2a: Kyurem|Freeze-Dry|p1a: Azumarill
|-supereffective|p1a: Azumarill
|-damage|p1a: Azumarill|2/100
|
|-heal|p2a: Kyurem|23/100|[from] item: Leftovers
|upkeep
|turn|4
|
|t:|1760872658
|move|p2a: Kyurem|Protect|p2a: Kyurem
|-singleturn|p2a: Kyurem|Protect
|move|p1a: Azumarill|Aqua Jet|p2a: Kyurem
|-activate|p2a: Kyurem|move: Protect
|
|-heal|p2a: Kyurem|29/100|[from] item: Leftovers
|upkeep
|turn|5
|
|t:|1760872667
|switch|p2a: Corviknight|Corviknight, M|100/100
|-ability|p2a: Corviknight|Pressure
|move|p1a: Azumarill|Liquidation|p2a: Corviknight
|-damage|p2a: Corviknight|68/100
|-damage|p1a: Azumarill|0 fnt|[from] item: Rocky Helmet|[of] p2a: Corviknight
|faint|p1a: Azumarill
|
|upkeep
|
|t:|1760872670
|switch|p1a: Skeledirge|Skeledirge, F|100/100
|turn|6
|
|t:|1760872679
|switch|p2a: Slowking|Slowking-Galar, L99, M|100/100
|move|p1a: Skeledirge|Torch Song|p2a: Slowking
|-damage|p2a: Slowking|81/100
|-boost|p1a: Skeledirge|spa|1
|
|upkeep
|turn|7
|inactive|MooFarmer has 60 seconds left.
|
|t:|1760872688
|switch|p1a: Hatterene|Hatterene, F|100/100
|move|p2a: Slowking|Toxic|p1a: Hatterene
|move|p1a: Hatterene|Toxic|p2a: Slowking|[from] ability: Magic Bounce
|-immune|p2a: Slowking
|
|upkeep
|turn|8
|
|t:|1760872697
|move|p2a: Slowking|Sludge Bomb|p1a: Hatterene
|-supereffective|p1a: Hatterene
|-damage|p1a: Hatterene|31/100
|move|p1a: Hatterene|Psyshock|p2a: Slowking
|-damage|p2a: Slowking|35/100
|
|-heal|p1a: Hatterene|37/100|[from] item: Leftovers
|upkeep
|turn|9
|
|t:|1760872708
|switch|p2a: Corviknight|Corviknight, M|68/100
|-ability|p2a: Corviknight|Pressure
|move|p1a: Hatterene|Psyshock|p2a: Corviknight
|-resisted|p2a: Corviknight
|-damage|p2a: Corviknight|54/100
|
|-heal|p1a: Hatterene|43/100|[from] item: Leftovers
|upkeep
|turn|10
|
|t:|1760872717
|move|p2a: Corviknight|U-turn|p1a: Hatterene
|-damage|p1a: Hatterene|27/100
|
|t:|1760872725
|switch|p2a: Ting-Lu|Ting-Lu|100/100|[from] U-turn
|-ability|p2a: Ting-Lu|Vessel of Ruin
|move|p1a: Hatterene|Mystical Fire|p2a: Ting-Lu
|-damage|p2a: Ting-Lu|88/100
|-unboost|p2a: Ting-Lu|spa|1
|
|-heal|p2a: Ting-Lu|94/100|[from] item: Leftovers
|-heal|p1a: Hatterene|33/100|[from] item: Leftovers
|upkeep
|turn|11
|
|t:|1760872734
|switch|p1a: Dragonite|Dragonite, F|100/100
|move|p2a: Ting-Lu|Earthquake|p1a: Dragonite
|-immune|p1a: Dragonite
|
|-heal|p2a: Ting-Lu|100/100|[from] item: Leftovers
|upkeep
|turn|12
|
|t:|1760872742
|move|p1a: Dragonite|Dragon Dance|p1a: Dragonite
|-boost|p1a: Dragonite|atk|1
|-boost|p1a: Dragonite|spe|1
|move|p2a: Ting-Lu|Payback|p1a: Dragonite
|-damage|p1a: Dragonite|79/100
|
|upkeep
|turn|13
|
|t:|1760872752
|move|p1a: Dragonite|Outrage|p2a: Ting-Lu
|-damage|p2a: Ting-Lu|45/100
|move|p2a: Ting-Lu|Payback|p1a: Dragonite
|-damage|p1a: Dragonite|35/100
|
|-heal|p2a: Ting-Lu|51/100|[from] item: Leftovers
|upkeep
|turn|14
|inactive|MooFarmer has 90 seconds left.
|inactive|MooFarmer has 60 seconds left.
|
|t:|1760872797
|switch|p2a: Dondozo|Dondozo, F|100/100
|move|p1a: Dragonite|Outrage|p2a: Dondozo|[from] lockedmove
|-damage|p2a: Dondozo|71/100
|
|-heal|p2a: Dondozo|77/100|[from] item: Leftovers
|upkeep
|turn|15
|inactive|MooFarmer has 60 seconds left.
|inactive|MooFarmer has 30 seconds left.
|
|t:|1760872841
|move|p1a: Dragonite|Outrage|p2a: Dondozo|[from] lockedmove
|-damage|p2a: Dondozo|49/100
|-start|p1a: Dragonite|confusion|[fatigue]
|-enditem|p1a: Dragonite|Lum Berry|[eat]
|-end|p1a: Dragonite|confusion
|move|p2a: Dondozo|Curse|p2a: Dondozo
|-unboost|p2a: Dondozo|spe|1
|-boost|p2a: Dondozo|atk|1
|-boost|p2a: Dondozo|def|1
|
|-heal|p2a: Dondozo|55/100|[from] item: Leftovers
|upkeep
|turn|16
|inactive|MooFarmer has 30 seconds left.
|
|t:|1760872853
|switch|p1a: Skeledirge|Skeledirge, F|100/100
|move|p2a: Dondozo|Waterfall|p1a: Skeledirge
|-supereffective|p1a: Skeledirge
|-damage|p1a: Skeledirge|69/100
|
|-heal|p2a: Dondozo|61/100|[from] item: Leftovers
|upkeep
|turn|17
|
|t:|1760872862
|switch|p2a: Kyurem|Kyurem, tera:Ground|29/100
|-ability|p2a: Kyurem|Pressure
|move|p1a: Skeledirge|Torch Song|p2a: Kyurem
|-damage|p2a: Kyurem|0 fnt
|-boost|p1a: Skeledirge|spa|1
|faint|p2a: Kyurem
|
|upkeep
|
|t:|1760872871
|switch|p2a: Slowking|Slowking-Galar, L99, M|68/100
|turn|18
|
|t:|1760872881
|switch|p1a: Hatterene|Hatterene, F|33/100
|move|p2a: Slowking|Toxic|p1a: Hatterene
|move|p1a: Hatterene|Toxic|p2a: Slowking|[from] ability: Magic Bounce|[miss]
|-miss|p1a: Hatterene|p2a: Slowking
|
|-heal|p1a: Hatterene|39/100|[from] item: Leftovers
|upkeep
|turn|19
|
|t:|1760872889
|switch|p1a: Dragonite|Dragonite, F|35/100
|move|p2a: Slowking|Sludge Bomb|p1a: Dragonite
|-damage|p1a: Dragonite|4/100
|
|upkeep
|turn|20
|
|t:|1760872898
|switch|p2a: Dondozo|Dondozo, F|61/100
|move|p1a: Dragonite|Fire Punch|p2a: Dondozo
|-resisted|p2a: Dondozo
|-damage|p2a: Dondozo|55/100
|
|-heal|p2a: Dondozo|61/100|[from] item: Leftovers
|upkeep
|turn|21
|
|t:|1760872906
|move|p1a: Dragonite|Outrage|p2a: Dondozo
|-damage|p2a: Dondozo|32/100
|move|p2a: Dondozo|Curse|p2a: Dondozo
|-unboost|p2a: Dondozo|spe|1
|-boost|p2a: Dondozo|atk|1
|-boost|p2a: Dondozo|def|1
|
|-heal|p2a: Dondozo|38/100|[from] item: Leftovers
|upkeep
|turn|22
|inactive|MooFarmer has 60 seconds left.
|
|t:|1760872915
|move|p1a: Dragonite|Outrage|p2a: Dondozo|[from] lockedmove
|-damage|p2a: Dondozo|18/100
|move|p2a: Dondozo|Rest|p2a: Dondozo
|-status|p2a: Dondozo|slp|[from] move: Rest
|-heal|p2a: Dondozo|100/100 slp|[silent]
|
|upkeep
|turn|23
|
|t:|1760872923
|move|p1a: Dragonite|Outrage|p2a: Dondozo|[from] lockedmove
|-damage|p2a: Dondozo|81/100 slp
|-start|p1a: Dragonite|confusion|[fatigue]
|cant|p2a: Dondozo|slp
|
|-heal|p2a: Dondozo|88/100 slp|[from] item: Leftovers
|upkeep
|turn|24
|
|t:|1760872932
|switch|p1a: Skeledirge|Skeledirge, F|69/100
|switch|p2a: Slowking|Slowking-Galar, L99, M|100/100
|
|upkeep
|turn|25
|
|t:|1760872940
|switch|p1a: Dragonite|Dragonite, F|4/100
|move|p2a: Slowking|Future Sight|p1a: Dragonite
|-start|p2a: Slowking|move: Future Sight
|
|upkeep
|turn|26
|
|t:|1760872949
|switch|p2a: Corviknight|Corviknight, M|54/100
|-ability|p2a: Corviknight|Pressure
|move|p1a: Dragonite|Fire Punch|p2a: Corviknight
|-supereffective|p2a: Corviknight
|-damage|p2a: Corviknight|20/100
|-damage|p1a: Dragonite|0 fnt|[from] item: Rocky Helmet|[of] p2a: Corviknight
|faint|p1a: Dragonite
|
|upkeep
|
|t:|1760872955
|switch|p1a: Hatterene|Hatterene, F|39/100
|turn|27
|inactive|MooFarmer has 90 seconds left.
|
|t:|1760872963
|move|p2a: Corviknight|Brave Bird|p1a: Hatterene
|-damage|p1a: Hatterene|0 fnt
|faint|p1a: Hatterene
|-damage|p2a: Corviknight|10/100|[from] Recoil
|
|-hint|Future Sight did not hit because the target is fainted.
|upkeep
|
|t:|1760872974
|switch|p1a: Ippo|Breloom, F|100/100
|turn|28
|inactive|MooFarmer has 90 seconds left.
|
|t:|1760873018
|move|p1a: Ippo|Rock Tomb|p2a: Corviknight
|-damage|p2a: Corviknight|0 fnt
|faint|p2a: Corviknight
|
|upkeep
|inactive|MooFarmer has 60 seconds left.
|inactive|MooFarmer has 30 seconds left.
|
|t:|1760873064
|switch|p2a: Slowking|Slowking-Galar, L99, M|100/100
|turn|29
|inactive|MooFarmer has 30 seconds left.
|
|t:|1760873073
|move|p1a: Ippo|Rock Tomb|p2a: Slowking
|-damage|p2a: Slowking|62/100
|-unboost|p2a: Slowking|spe|1
|move|p2a: Slowking|Future Sight|p1a: Ippo
|-start|p2a: Slowking|move: Future Sight
|
|upkeep
|turn|30
|
|t:|1760873083
|move|p1a: Ippo|Rock Tomb|p2a: Slowking
|-damage|p2a: Slowking|26/100
|-unboost|p2a: Slowking|spe|1
|move|p2a: Slowking|Sludge Bomb|p1a: Ippo
|-supereffective|p1a: Ippo
|-enditem|p1a: Ippo|Focus Sash
|-damage|p1a: Ippo|1/100
|
|upkeep
|turn|31
|
|t:|1760873094
|switch|p2a: Ting-Lu|Ting-Lu|51/100
|-ability|p2a: Ting-Lu|Vessel of Ruin
|move|p1a: Ippo|Bullet Seed|p2a: Ting-Lu
|-supereffective|p2a: Ting-Lu
|-damage|p2a: Ting-Lu|30/100
|-supereffective|p2a: Ting-Lu
|-damage|p2a: Ting-Lu|6/100
|-supereffective|p2a: Ting-Lu
|-damage|p2a: Ting-Lu|0 fnt
|faint|p2a: Ting-Lu
|-hitcount|p2: Ting-Lu|3
|
|-end|p1a: Ippo|move: Future Sight
|-supereffective|p1a: Ippo
|-damage|p1a: Ippo|0 fnt
|faint|p1a: Ippo
|upkeep
|
|t:|1760873108
|switch|p1a: Skeledirge|Skeledirge, F|69/100
|switch|p2a: Slowking|Slowking-Galar, L99, M|59/100
|turn|32
|
|t:|1760873116
|move|p1a: Skeledirge|Shadow Ball|p2a: Slowking
|-supereffective|p2a: Slowking
|-damage|p2a: Slowking|25/100
|move|p2a: Slowking|Toxic|p1a: Skeledirge
|-status|p1a: Skeledirge|tox
|
|-damage|p1a: Skeledirge|63/100 tox|[from] psn
|upkeep
|turn|33
|
|t:|1760873125
|switch|p2a: Dondozo|Dondozo, F|88/100 slp
|move|p1a: Skeledirge|Shadow Ball|p2a: Dondozo
|-damage|p2a: Dondozo|60/100 slp
|-unboost|p2a: Dondozo|spd|1
|
|-heal|p2a: Dondozo|66/100 slp|[from] item: Leftovers
|-damage|p1a: Skeledirge|51/100 tox|[from] psn
|upkeep
|turn|34
|
|t:|1760873133
|move|p1a: Skeledirge|Shadow Ball|p2a: Dondozo
|-damage|p2a: Dondozo|36/100 slp
|cant|p2a: Dondozo|slp
|
|-heal|p2a: Dondozo|42/100 slp|[from] item: Leftovers
|-damage|p1a: Skeledirge|33/100 tox|[from] psn
|upkeep
|turn|35
|inactive|MooFarmer has 60 seconds left.
|
|t:|1760873142
|move|p1a: Skeledirge|Shadow Ball|p2a: Dondozo
|-damage|p2a: Dondozo|13/100 slp
|-curestatus|p2a: Dondozo|slp|[msg]
|move|p2a: Dondozo|Rest|p2a: Dondozo
|-status|p2a: Dondozo|slp|[from] move: Rest
|-heal|p2a: Dondozo|100/100 slp|[silent]
|
|-damage|p1a: Skeledirge|9/100 tox|[from] psn
|upkeep
|turn|36
|
|t:|1760873150
|move|p1a: Skeledirge|Shadow Ball|p2a: Dondozo
|-damage|p2a: Dondozo|70/100 slp
|-unboost|p2a: Dondozo|spd|1
|cant|p2a: Dondozo|slp
|
|-heal|p2a: Dondozo|77/100 slp|[from] item: Leftovers
|-damage|p1a: Skeledirge|0 fnt|[from] psn
|faint|p1a: Skeledirge
|upkeep
|
|t:|1760873153
|switch|p1a: Great Tusk|Great Tusk|100/100
|-enditem|p1a: Great Tusk|Booster Energy
|-activate|p1a: Great Tusk|ability: Protosynthesis|[fromitem]
|-start|p1a: Great Tusk|protosynthesisatk
|turn|37
|
|t:|1760873161
|-terastallize|p1a: Great Tusk|Electric
|move|p1a: Great Tusk|Supercell Slam|p2a: Dondozo
|-supereffective|p2a: Dondozo
|-damage|p2a: Dondozo|16/100 slp
|cant|p2a: Dondozo|slp
|
|-heal|p2a: Dondozo|22/100 slp|[from] item: Leftovers
|upkeep
|turn|38
|
|t:|1760873174
|switch|p2a: Cinderace|Cinderace, M|100/100
|move|p1a: Great Tusk|Supercell Slam|p2a: Cinderace
|-damage|p2a: Cinderace|23/100
|
|upkeep
|turn|39
|
|t:|1760873187
|move|p2a: Cinderace|Will-O-Wisp|p1a: Great Tusk
|-status|p1a: Great Tusk|brn
|move|p1a: Great Tusk|Rapid Spin|p2a: Cinderace
|-damage|p2a: Cinderace|9/100
|-boost|p1a: Great Tusk|spe|1
|
|-damage|p1a: Great Tusk|94/100 brn|[from] brn
|upkeep
|turn|40
|inactive|MooFarmer has 90 seconds left.
|inactive|MooFarmer has 60 seconds left.
|
|t:|1760873227
|switch|p2a: Slowking|Slowking-Galar, L99, M|58/100
|move|p1a: Great Tusk|Ice Spinner|p2a: Slowking
|-damage|p2a: Slowking|40/100
|
|-damage|p1a: Great Tusk|88/100 brn|[from] brn
|upkeep
|turn|41
|inactive|MooFarmer has 60 seconds left.
|
|t:|1760873235
|switch|p2a: Cinderace|Cinderace, M|9/100
|move|p1a: Great Tusk|Headlong Rush|p2a: Cinderace
|-supereffective|p2a: Cinderace
|-damage|p2a: Cinderace|0 fnt
|-unboost|p1a: Great Tusk|def|1
|-unboost|p1a: Great Tusk|spd|1
|faint|p2a: Cinderace
|
|-damage|p1a: Great Tusk|82/100 brn|[from] brn
|upkeep
|inactive|MooFarmer has 60 seconds left.
|
|t:|1760873243
|switch|p2a: Slowking|Slowking-Galar, L99, M|74/100
|turn|42
|
|t:|1760873250
|switch|p2a: Dondozo|Dondozo, F|22/100 slp
|move|p1a: Great Tusk|Headlong Rush|p2a: Dondozo
|-damage|p2a: Dondozo|2/100 slp
|-unboost|p1a: Great Tusk|def|1
|-unboost|p1a: Great Tusk|spd|1
|
|-heal|p2a: Dondozo|8/100 slp|[from] item: Leftovers
|-damage|p1a: Great Tusk|76/100 brn|[from] brn
|upkeep
|turn|43
|
|t:|1760873258
|move|p1a: Great Tusk|Headlong Rush|p2a: Dondozo
|-damage|p2a: Dondozo|0 fnt
|-unboost|p1a: Great Tusk|def|1
|-unboost|p1a: Great Tusk|spd|1
|faint|p2a: Dondozo
|
|-damage|p1a: Great Tusk|70/100 brn|[from] brn
|upkeep
|
|t:|1760873263
|switch|p2a: Slowking|Slowking-Galar, L99, M|100/100
|turn|44
|
|t:|1760873267
|move|p1a: Great Tusk|Headlong Rush|p2a: Slowking
|-supereffective|p2a: Slowking
|-damage|p2a: Slowking|19/100
|-unboost|p1a: Great Tusk|def|1
|-unboost|p1a: Great Tusk|spd|1
|move|p2a: Slowking|Sludge Bomb|p1a: Great Tusk
|-damage|p1a: Great Tusk|0 fnt
|faint|p1a: Great Tusk
|-end|p1a: Great Tusk|Protosynthesis|[silent]
|
|win|MooFarmer
|raw|elpets's rating: 1888 &rarr; <strong>1861</strong><br />(-27 for losing)
|raw|MooFarmer's rating: 1757 &rarr; <strong>1784</strong><br />(+27 for winning)
|l|☆MooFarmer
|player|p2|
|l|☆elpets
|player|p1|
|l| xmagic_77
