|j|☆donofair
|j|☆countingwishes
|t:|1760766707
|gametype|singles
|player|p1|donofair|rancher|1349
|player|p2|countingwishes|cynthia-masters|1394
|gen|9
|tier|[Gen 9] OU
|rated|
|rule|HP Percentage Mod: HP is shown in percentages
|rule|Endless Battle Clause: Forcing endless battles is banned
|rule|Species Clause: Limit one of each Pokémon
|rule|OHKO Clause: OHKO moves are banned
|rule|Evasion Items Clause: Evasion items are banned
|rule|Evasion Moves Clause: Evasion moves are banned
|rule|Evasion Abilities Clause: Evasion abilities are banned
|rule|Sleep Moves Clause: Sleep-inducing moves are banned
|clearpoke
|poke|p1|Ting-Lu|
|poke|p1|Corviknight, M|
|poke|p1|Darkrai|
|poke|p1|Cinderace, F|
|poke|p1|Kyurem|
|poke|p1|Slowking-Galar, F|
|poke|p2|Glastrier|
|poke|p2|Ting-Lu|
|poke|p2|Zapdos|
|poke|p2|Cyclizar, F|
|poke|p2|Alomomola, F|
|poke|p2|Gholdengo|
|teampreview
|
|t:|1760766726
|teamsize|p1|6
|teamsize|p2|6
|start
|switch|p1a: Daylight Robbery|Cinderace, F|100/100
|switch|p2a: Cyclizar|Cyclizar, F|100/100
|turn|1
|
|t:|1760766730
|move|p2a: Cyclizar|Knock Off|p1a: Daylight Robbery
|-damage|p1a: Daylight Robbery|76/100
|-enditem|p1a: Daylight Robbery|Heavy-Duty Boots|[from] move: Knock Off|[of] p2a: Cyclizar
|move|p1a: Daylight Robbery|Will-O-Wisp|p2a: Cyclizar
|-status|p2a: Cyclizar|brn
|
|-damage|p2a: Cyclizar|94/100 brn|[from] brn
|upkeep
|turn|2
|
|t:|1760766734
|move|p2a: Cyclizar|U-turn|p1a: Daylight Robbery
|-resisted|p1a: Daylight Robbery
|-damage|p1a: Daylight Robbery|72/100
|
|t:|1760766735
|switch|p2a: Ting-Lu|Ting-Lu|100/100|[from] U-turn
|-ability|p2a: Ting-Lu|Vessel of Ruin
|move|p1a: Daylight Robbery|U-turn|p2a: Ting-Lu
|-supereffective|p2a: Ting-Lu
|-damage|p2a: Ting-Lu|80/100
|
|t:|1760766739
|switch|p1a: The Walk|Kyurem|100/100|[from] U-turn
|-ability|p1a: The Walk|Pressure
|
|-heal|p2a: Ting-Lu|86/100|[from] item: Leftovers
|upkeep
|turn|3
|
|t:|1760766750
|switch|p2a: Glastrier|Glastrier|100/100
|move|p1a: The Walk|Blizzard|p2a: Glastrier|[miss]
|-miss|p1a: The Walk|p2a: Glastrier
|
|upkeep
|turn|4
|
|t:|1760766756
|switch|p1a: Clear the Area|Corviknight, M|100/100
|-ability|p1a: Clear the Area|Pressure
|move|p2a: Glastrier|Close Combat|p1a: Clear the Area
|-damage|p1a: Clear the Area|70/100
|-unboost|p2a: Glastrier|def|1
|-unboost|p2a: Glastrier|spd|1
|-damage|p2a: Glastrier|84/100|[from] item: Rocky Helmet|[of] p1a: Clear the Area
|
|upkeep
|turn|5
|
|t:|1760766759
|switch|p2a: Zapdos|Zapdos|100/100
|move|p1a: Clear the Area|Roost|p1a: Clear the Area
|-heal|p1a: Clear the Area|100/100
|-singleturn|p1a: Clear the Area|move: Roost
|
|upkeep
|turn|6
|
|t:|1760766776
|switch|p1a: Headlock|Ting-Lu|100/100
|-ability|p1a: Headlock|Vessel of Ruin
|move|p2a: Zapdos|Heat Wave|p1a: Headlock
|-damage|p1a: Headlock|88/100
|
|-heal|p1a: Headlock|94/100|[from] item: Leftovers
|upkeep
|turn|7
|
|t:|1760766780
|switch|p2a: Alomomola|Alomomola, F|100/100
|move|p1a: Headlock|Stealth Rock|p2a: Alomomola
|-sidestart|p2: countingwishes|move: Stealth Rock
|
|-heal|p1a: Headlock|100/100|[from] item: Leftovers
|upkeep
|turn|8
|
|t:|1760766784
|switch|p1a: Hide and Seek|Slowking-Galar, F|100/100
|move|p2a: Alomomola|Flip Turn|p1a: Hide and Seek
|-damage|p1a: Hide and Seek|85/100
|
|t:|1760766788
|switch|p2a: Cyclizar|Cyclizar, F|100/100 brn|[from] Flip Turn
|
|-damage|p2a: Cyclizar|94/100 brn|[from] brn
|upkeep
|turn|9
|
|t:|1760766793
|move|p2a: Cyclizar|Rapid Spin|p1a: Hide and Seek
|-damage|p1a: Hide and Seek|77/100
|-boost|p2a: Cyclizar|spe|1
|-sideend|p2: countingwishes|Stealth Rock|[from] move: Rapid Spin|[of] p2a: Cyclizar
|move|p1a: Hide and Seek|Sludge Bomb|p2a: Cyclizar
|-damage|p2a: Cyclizar|45/100 brn
|
|-damage|p2a: Cyclizar|39/100 brn|[from] brn
|upkeep
|turn|10
|
|t:|1760766802
|move|p2a: Cyclizar|U-turn|p1a: Hide and Seek
|-damage|p1a: Hide and Seek|70/100
|
|t:|1760766811
|switch|p2a: Ting-Lu|Ting-Lu|86/100|[from] U-turn
|-ability|p2a: Ting-Lu|Vessel of Ruin
|-prepare|p1a: Hide and Seek|Chilly Reception|[premajor]
|move|p1a: Hide and Seek|Chilly Reception|p1a: Hide and Seek
|-weather|Snowscape
|
|t:|1760766814
|switch|p1a: The Walk|Kyurem|100/100|[from] Chilly Reception
|-ability|p1a: The Walk|Pressure
|
|-weather|Snowscape|[upkeep]
|-heal|p2a: Ting-Lu|93/100|[from] item: Leftovers
|upkeep
|turn|11
|
|t:|1760766818
|switch|p1a: Daylight Robbery|Cinderace, F|72/100
|switch|p2a: Glastrier|Glastrier|84/100
|
|-weather|Snowscape|[upkeep]
|upkeep
|turn|12
|
|t:|1760766821
|switch|p2a: Alomomola|Alomomola, F|100/100
|move|p1a: Daylight Robbery|Will-O-Wisp|p2a: Alomomola
|-status|p2a: Alomomola|brn
|
|-weather|Snowscape|[upkeep]
|-damage|p2a: Alomomola|94/100 brn|[from] brn
|upkeep
|turn|13
|
|t:|1760766823
|move|p1a: Daylight Robbery|U-turn|p2a: Alomomola
|-damage|p2a: Alomomola|84/100 brn
|
|t:|1760766825
|switch|p1a: The Walk|Kyurem|100/100|[from] U-turn
|-ability|p1a: The Walk|Pressure
|move|p2a: Alomomola|Flip Turn|p1a: The Walk
|-resisted|p1a: The Walk
|-damage|p1a: The Walk|98/100
|
|t:|1760766826
|switch|p2a: Glastrier|Glastrier|84/100|[from] Flip Turn
|
|-weather|Snowscape|[upkeep]
|upkeep
|turn|14
|
|t:|1760766830
|switch|p1a: Clear the Area|Corviknight, M|100/100
|-ability|p1a: Clear the Area|Pressure
|move|p2a: Glastrier|Icicle Crash|p1a: Clear the Area
|-damage|p1a: Clear the Area|70/100
|
|-weather|none
|upkeep
|turn|15
|
|t:|1760766834
|switch|p2a: Zapdos|Zapdos|100/100
|move|p1a: Clear the Area|U-turn|p2a: Zapdos
|-resisted|p2a: Zapdos
|-damage|p2a: Zapdos|92/100
|
|t:|1760766837
|switch|p1a: The Walk|Kyurem|98/100|[from] U-turn
|-ability|p1a: The Walk|Pressure
|
|upkeep
|turn|16
|
|t:|1760766846
|switch|p2a: Glastrier|Glastrier|84/100
|move|p1a: The Walk|Ice Beam|p2a: Glastrier
|-resisted|p2a: Glastrier
|-damage|p2a: Glastrier|64/100
|
|upkeep
|turn|17
|
|t:|1760766852
|switch|p1a: Clear the Area|Corviknight, M|70/100
|-ability|p1a: Clear the Area|Pressure
|move|p2a: Glastrier|Close Combat|p1a: Clear the Area
|-damage|p1a: Clear the Area|39/100
|-unboost|p2a: Glastrier|def|1
|-unboost|p2a: Glastrier|spd|1
|-damage|p2a: Glastrier|47/100|[from] item: Rocky Helmet|[of] p1a: Clear the Area
|
|upkeep
|turn|18
|
|t:|1760766857
|move|p1a: Clear the Area|Roost|p1a: Clear the Area
|-heal|p1a: Clear the Area|89/100
|-singleturn|p1a: Clear the Area|move: Roost
|move|p2a: Glastrier|Close Combat|p1a: Clear the Area
|-supereffective|p1a: Clear the Area
|-damage|p1a: Clear the Area|27/100
|-unboost|p2a: Glastrier|def|1
|-unboost|p2a: Glastrier|spd|1
|-damage|p2a: Glastrier|31/100|[from] item: Rocky Helmet|[of] p1a: Clear the Area
|
|upkeep
|turn|19
|
|t:|1760766863
|switch|p2a: Zapdos|Zapdos|92/100
|move|p1a: Clear the Area|Roost|p1a: Clear the Area
|-heal|p1a: Clear the Area|77/100
|-singleturn|p1a: Clear the Area|move: Roost
|
|upkeep
|turn|20
|
|t:|1760766868
|switch|p2a: Alomomola|Alomomola, F|100/100 brn
|switch|p1a: Headlock|Ting-Lu|100/100
|-ability|p1a: Headlock|Vessel of Ruin
|
|-damage|p2a: Alomomola|94/100 brn|[from] brn
|upkeep
|turn|21
|
|t:|1760766871
|move|p1a: Headlock|Stealth Rock|p2a: Alomomola
|-sidestart|p2: countingwishes|move: Stealth Rock
|move|p2a: Alomomola|Flip Turn|p1a: Headlock
|-supereffective|p1a: Headlock
|-damage|p1a: Headlock|91/100
|
|t:|1760766877
|switch|p2a: Cyclizar|Cyclizar, F|72/100 brn|[from] Flip Turn
|
|-heal|p1a: Headlock|97/100|[from] item: Leftovers
|-damage|p2a: Cyclizar|66/100 brn|[from] brn
|upkeep
|turn|22
|
|t:|1760766884
|move|p2a: Cyclizar|Rapid Spin|p1a: Headlock
|-damage|p1a: Headlock|93/100
|-boost|p2a: Cyclizar|spe|1
|-sideend|p2: countingwishes|Stealth Rock|[from] move: Rapid Spin|[of] p2a: Cyclizar
|move|p1a: Headlock|Earthquake|p2a: Cyclizar
|-damage|p2a: Cyclizar|10/100 brn
|
|-heal|p1a: Headlock|99/100|[from] item: Leftovers
|-damage|p2a: Cyclizar|4/100 brn|[from] brn
|upkeep
|turn|23
|
|t:|1760766895
|move|p2a: Cyclizar|U-turn|p1a: Headlock
|-supereffective|p1a: Headlock
|-damage|p1a: Headlock|90/100
|
|t:|1760766897
|switch|p2a: Glastrier|Glastrier|31/100|[from] U-turn
|move|p1a: Headlock|Stealth Rock|p2a: Glastrier
|-sidestart|p2: countingwishes|move: Stealth Rock
|
|-heal|p1a: Headlock|97/100|[from] item: Leftovers
|upkeep
|turn|24
|
|t:|1760766902
|switch|p1a: Clear the Area|Corviknight, M|77/100
|-ability|p1a: Clear the Area|Pressure
|move|p2a: Glastrier|Icicle Crash|p1a: Clear the Area
|-damage|p1a: Clear the Area|48/100
|
|upkeep
|turn|25
|
|t:|1760766908
|switch|p2a: Ting-Lu|Ting-Lu|93/100
|-damage|p2a: Ting-Lu|86/100|[from] Stealth Rock
|-ability|p2a: Ting-Lu|Vessel of Ruin
|move|p1a: Clear the Area|Iron Defense|p1a: Clear the Area
|-boost|p1a: Clear the Area|def|2
|
|-heal|p2a: Ting-Lu|93/100|[from] item: Leftovers
|upkeep
|turn|26
|
|t:|1760766911
|move|p1a: Clear the Area|Body Press|p2a: Ting-Lu
|-supereffective|p2a: Ting-Lu
|-damage|p2a: Ting-Lu|44/100
|move|p2a: Ting-Lu|Stealth Rock|p1a: Clear the Area
|-sidestart|p1: donofair|move: Stealth Rock
|
|-heal|p2a: Ting-Lu|50/100|[from] item: Leftovers
|upkeep
|turn|27
|
|t:|1760766916
|switch|p2a: Gholdengo|Gholdengo|100/100
|-damage|p2a: Gholdengo|94/100|[from] Stealth Rock
|-item|p2a: Gholdengo|Air Balloon
|move|p1a: Clear the Area|Roost|p1a: Clear the Area
|-heal|p1a: Clear the Area|98/100
|-singleturn|p1a: Clear the Area|move: Roost
|
|upkeep
|turn|28
|
|t:|1760766924
|move|p2a: Gholdengo|Thunder Wave|p1a: Clear the Area
|-status|p1a: Clear the Area|par
|move|p1a: Clear the Area|U-turn|p2a: Gholdengo
|-resisted|p2a: Gholdengo
|-damage|p2a: Gholdengo|92/100
|-enditem|p2a: Gholdengo|Air Balloon
|
|t:|1760766934
|switch|p1a: Headlock|Ting-Lu|97/100|[from] U-turn
|-damage|p1a: Headlock|90/100|[from] Stealth Rock
|-ability|p1a: Headlock|Vessel of Ruin
|
|-heal|p1a: Headlock|97/100|[from] item: Leftovers
|upkeep
|turn|29
|
|t:|1760766939
|switch|p2a: Alomomola|Alomomola, F|100/100 brn
|move|p1a: Headlock|Whirlwind|p2a: Alomomola
|drag|p2a: Zapdos|Zapdos|92/100
|
|-heal|p1a: Headlock|100/100|[from] item: Leftovers
|upkeep
|turn|30
|
|t:|1760766943
|move|p2a: Zapdos|Hurricane|p1a: Headlock
|-damage|p1a: Headlock|79/100
|-start|p1a: Headlock|confusion
|-activate|p1a: Headlock|confusion
|move|p1a: Headlock|Ruination|p2a: Zapdos
|-damage|p2a: Zapdos|46/100
|
|-heal|p1a: Headlock|85/100|[from] item: Leftovers
|upkeep
|turn|31
|
|t:|1760766957
|switch|p1a: Hide and Seek|Slowking-Galar, F|100/100
|move|p2a: Zapdos|Roost|p2a: Zapdos
|-heal|p2a: Zapdos|96/100
|-singleturn|p2a: Zapdos|move: Roost
|
|upkeep
|turn|32
|
|t:|1760766964
|move|p2a: Zapdos|Volt Switch|p1a: Hide and Seek
|-damage|p1a: Hide and Seek|78/100
|
|t:|1760766965
|switch|p2a: Ting-Lu|Ting-Lu|50/100|[from] Volt Switch
|-damage|p2a: Ting-Lu|44/100|[from] Stealth Rock
|-ability|p2a: Ting-Lu|Vessel of Ruin
|-prepare|p1a: Hide and Seek|Chilly Reception|[premajor]
|move|p1a: Hide and Seek|Chilly Reception|p1a: Hide and Seek
|-weather|Snowscape
|
|t:|1760766975
|switch|p1a: Daylight Robbery|Cinderace, F|72/100|[from] Chilly Reception
|-damage|p1a: Daylight Robbery|47/100|[from] Stealth Rock
|
|-weather|Snowscape|[upkeep]
|-heal|p2a: Ting-Lu|50/100|[from] item: Leftovers
|upkeep
|turn|33
|
|t:|1760766984
|switch|p2a: Alomomola|Alomomola, F|100/100 brn
|move|p1a: Daylight Robbery|Will-O-Wisp|p2a: Alomomola
|-fail|p2a: Alomomola|brn
|
|-weather|Snowscape|[upkeep]
|-damage|p2a: Alomomola|94/100 brn|[from] brn
|upkeep
|turn|34
|
|t:|1760766987
|move|p1a: Daylight Robbery|U-turn|p2a: Alomomola
|-damage|p2a: Alomomola|84/100 brn
|
|t:|1760766994
|switch|p1a: Hide and Seek|Slowking-Galar, F|100/100|[from] U-turn
|move|p2a: Alomomola|Flip Turn|p1a: Hide and Seek
|-damage|p1a: Hide and Seek|92/100
|
|t:|1760766999
|switch|p2a: Cyclizar|Cyclizar, F|37/100 brn|[from] Flip Turn
|
|-weather|Snowscape|[upkeep]
|-damage|p2a: Cyclizar|31/100 brn|[from] brn
|upkeep
|turn|35
|
|t:|1760767001
|move|p2a: Cyclizar|U-turn|p1a: Hide and Seek
|-damage|p1a: Hide and Seek|83/100
|
|t:|1760767004
|switch|p2a: Alomomola|Alomomola, F|100/100 brn|[from] U-turn
|move|p1a: Hide and Seek|Sludge Bomb|p2a: Alomomola
|-damage|p2a: Alomomola|60/100 brn
|
|-weather|Snowscape|[upkeep]
|-damage|p2a: Alomomola|54/100 brn|[from] brn
|upkeep
|turn|36
|
|t:|1760767009
|move|p2a: Alomomola|Flip Turn|p1a: Hide and Seek
|-damage|p1a: Hide and Seek|75/100
|
|t:|1760767012
|switch|p2a: Ting-Lu|Ting-Lu|50/100|[from] Flip Turn
|-damage|p2a: Ting-Lu|44/100|[from] Stealth Rock
|-ability|p2a: Ting-Lu|Vessel of Ruin
|move|p1a: Hide and Seek|Sludge Bomb|p2a: Ting-Lu
|-resisted|p2a: Ting-Lu
|-damage|p2a: Ting-Lu|35/100
|
|-weather|none
|-heal|p2a: Ting-Lu|42/100|[from] item: Leftovers
|upkeep
|turn|37
|
|t:|1760767027
|move|p2a: Ting-Lu|Spikes|p1a: Hide and Seek
|-sidestart|p1: donofair|Spikes
|-prepare|p1a: Hide and Seek|Chilly Reception|[premajor]
|move|p1a: Hide and Seek|Chilly Reception|p1a: Hide and Seek
|-weather|Snowscape
|
|t:|1760767031
|switch|p1a: Daylight Robbery|Cinderace, F|47/100|[from] Chilly Reception
|-damage|p1a: Daylight Robbery|22/100|[from] Stealth Rock
|-damage|p1a: Daylight Robbery|9/100|[from] Spikes
|
|-weather|Snowscape|[upkeep]
|-heal|p2a: Ting-Lu|48/100|[from] item: Leftovers
|upkeep
|turn|38
|
|t:|1760767036
|move|p1a: Daylight Robbery|Pyro Ball|p2a: Ting-Lu
|-damage|p2a: Ting-Lu|15/100
|move|p2a: Ting-Lu|Spikes|p1a: Daylight Robbery
|-sidestart|p1: donofair|Spikes
|
|-weather|Snowscape|[upkeep]
|-heal|p2a: Ting-Lu|21/100|[from] item: Leftovers
|upkeep
|turn|39
|
|t:|1760767039
|switch|p2a: Alomomola|Alomomola, F|87/100 brn
|move|p1a: Daylight Robbery|Court Change|p1a: Daylight Robbery
|-swapsideconditions
|-activate|p1a: Daylight Robbery|move: Court Change
|
|-weather|Snowscape|[upkeep]
|-damage|p2a: Alomomola|81/100 brn|[from] brn
|upkeep
|turn|40
|
|t:|1760767043
|move|p1a: Daylight Robbery|U-turn|p2a: Alomomola
|-damage|p2a: Alomomola|72/100 brn
|
|t:|1760767054
|switch|p1a: Hide and Seek|Slowking-Galar, F|100/100|[from] U-turn
|move|p2a: Alomomola|Flip Turn|p1a: Hide and Seek
|-damage|p1a: Hide and Seek|92/100
|
|t:|1760767061
|switch|p2a: Cyclizar|Cyclizar, F|64/100 brn|[from] Flip Turn
|
|-weather|Snowscape|[upkeep]
|-damage|p2a: Cyclizar|58/100 brn|[from] brn
|upkeep
|turn|41
|
|t:|1760767065
|switch|p1a: Daylight Robbery|Cinderace, F|9/100
|-damage|p1a: Daylight Robbery|0 fnt|[from] Stealth Rock
|faint|p1a: Daylight Robbery
|move|p2a: Cyclizar|Rapid Spin|p1: Daylight Robbery|[notarget]
|-fail|p2a: Cyclizar
|
|-weather|none
|-damage|p2a: Cyclizar|52/100 brn|[from] brn
|upkeep
|
|t:|1760767069
|switch|p1a: Goodnight and Go|Darkrai|100/100
|-damage|p1a: Goodnight and Go|88/100|[from] Stealth Rock
|turn|42
|
|t:|1760767074
|move|p1a: Goodnight and Go|Ice Beam|p2a: Cyclizar
|-supereffective|p2a: Cyclizar
|-damage|p2a: Cyclizar|0 fnt
|faint|p2a: Cyclizar
|
|upkeep
|
|t:|1760767079
|switch|p2a: Alomomola|Alomomola, F|100/100 brn
|turn|43
|
|t:|1760767083
|switch|p1a: Hide and Seek|Slowking-Galar, F|100/100
|move|p2a: Alomomola|Scald|p1a: Hide and Seek
|-damage|p1a: Hide and Seek|92/100
|
|-damage|p2a: Alomomola|94/100 brn|[from] brn
|upkeep
|turn|44
|
|t:|1760767087
|move|p2a: Alomomola|Flip Turn|p1a: Hide and Seek
|-damage|p1a: Hide and Seek|84/100
|
|t:|1760767089
|switch|p2a: Gholdengo|Gholdengo|92/100|[from] Flip Turn
|-damage|p2a: Gholdengo|86/100|[from] Stealth Rock
|-damage|p2a: Gholdengo|69/100|[from] Spikes
|move|p1a: Hide and Seek|Sludge Bomb|p2a: Gholdengo
|-immune|p2a: Gholdengo
|
|upkeep
|turn|45
|
|t:|1760767091
|move|p2a: Gholdengo|Thunder Wave|p1a: Hide and Seek
|-status|p1a: Hide and Seek|par
|-prepare|p1a: Hide and Seek|Chilly Reception|[premajor]
|move|p1a: Hide and Seek|Chilly Reception|p1a: Hide and Seek
|-weather|Snowscape
|
|t:|1760767117
|switch|p1a: Goodnight and Go|Darkrai|88/100|[from] Chilly Reception
|-damage|p1a: Goodnight and Go|76/100|[from] Stealth Rock
|
|-weather|Snowscape|[upkeep]
|upkeep
|turn|46
|
|t:|1760767122
|-terastallize|p2a: Gholdengo|Fairy
|move|p1a: Goodnight and Go|Dark Pulse|p2a: Gholdengo
|-resisted|p2a: Gholdengo
|-damage|p2a: Gholdengo|46/100
|move|p2a: Gholdengo|Thunder Wave|p1a: Goodnight and Go
|-status|p1a: Goodnight and Go|par
|
|-weather|Snowscape|[upkeep]
|upkeep
|turn|47
|
|t:|1760767132
|switch|p1a: Headlock|Ting-Lu|85/100
|-damage|p1a: Headlock|79/100|[from] Stealth Rock
|-ability|p1a: Headlock|Vessel of Ruin
|switch|p2a: Ting-Lu|Ting-Lu|21/100
|-damage|p2a: Ting-Lu|15/100|[from] Stealth Rock
|-damage|p2a: Ting-Lu|0 fnt|[from] Spikes
|faint|p2a: Ting-Lu
|
|-weather|Snowscape|[upkeep]
|-heal|p1a: Headlock|85/100|[from] item: Leftovers
|upkeep
|
|t:|1760767139
|switch|p2a: Alomomola|Alomomola, F|100/100 brn
|turn|48
|
|t:|1760767146
|switch|p1a: Hide and Seek|Slowking-Galar, F|100/100 par
|move|p2a: Alomomola|Scald|p1a: Hide and Seek
|-damage|p1a: Hide and Seek|92/100 par
|
|-weather|Snowscape|[upkeep]
|-damage|p2a: Alomomola|94/100 brn|[from] brn
|upkeep
|turn|49
|
|t:|1760767157
|move|p2a: Alomomola|Wish|p2a: Alomomola
|-prepare|p1a: Hide and Seek|Chilly Reception|[premajor]
|cant|p1a: Hide and Seek|par
|
|-weather|none
|-damage|p2a: Alomomola|88/100 brn|[from] brn
|upkeep
|turn|50
|
|t:|1760767166
|switch|p1a: Goodnight and Go|Darkrai|76/100 par
|-damage|p1a: Goodnight and Go|63/100 par|[from] Stealth Rock
|move|p2a: Alomomola|Flip Turn|p1a: Goodnight and Go
|-damage|p1a: Goodnight and Go|53/100 par
|
|t:|1760767169
|switch|p2a: Gholdengo|Gholdengo, tera:Fairy|46/100|[from] Flip Turn
|-damage|p2a: Gholdengo|34/100|[from] Stealth Rock
|-damage|p2a: Gholdengo|17/100|[from] Spikes
|
|-heal|p2a: Gholdengo|88/100|[from] move: Wish|[wisher] Alomomola
|upkeep
|turn|51
|
|t:|1760767186
|-terastallize|p1a: Goodnight and Go|Poison
|move|p1a: Goodnight and Go|Sludge Bomb|p2a: Gholdengo
|-supereffective|p2a: Gholdengo
|-damage|p2a: Gholdengo|0 fnt
|faint|p2a: Gholdengo
|
|upkeep
|
|t:|1760767214
|switch|p2a: Zapdos|Zapdos|96/100
|turn|52
|
|t:|1760767217
|switch|p1a: Hide and Seek|Slowking-Galar, F|100/100 par
|move|p2a: Zapdos|Hurricane|p1a: Hide and Seek
|-damage|p1a: Hide and Seek|70/100 par
|-start|p1a: Hide and Seek|confusion
|
|upkeep
|turn|53
|
|t:|1760767220
|switch|p1a: Headlock|Ting-Lu|85/100
|-damage|p1a: Headlock|79/100|[from] Stealth Rock
|-ability|p1a: Headlock|Vessel of Ruin
|move|p2a: Zapdos|Hurricane|p1a: Headlock
|-damage|p1a: Headlock|55/100
|
|-heal|p1a: Headlock|62/100|[from] item: Leftovers
|upkeep
|turn|54
|
|t:|1760767225
|move|p2a: Zapdos|Hurricane|p1a: Headlock|[miss]
|-miss|p2a: Zapdos|p1a: Headlock
|move|p1a: Headlock|Ruination|p2a: Zapdos
|-damage|p2a: Zapdos|48/100
|
|-heal|p1a: Headlock|68/100|[from] item: Leftovers
|upkeep
|turn|55
|
|t:|1760767232
|move|p2a: Zapdos|Hurricane|p1a: Headlock
|-damage|p1a: Headlock|43/100
|move|p1a: Headlock|Earthquake|p2a: Zapdos
|-immune|p2a: Zapdos
|
|-heal|p1a: Headlock|49/100|[from] item: Leftovers
|upkeep
|turn|56
|
|t:|1760767235
|move|p2a: Zapdos|Hurricane|p1a: Headlock
|-damage|p1a: Headlock|27/100
|move|p1a: Headlock|Earthquake|p2a: Zapdos
|-immune|p2a: Zapdos
|
|-heal|p1a: Headlock|33/100|[from] item: Leftovers
|upkeep
|turn|57
|
|t:|1760767240
|move|p2a: Zapdos|Hurricane|p1a: Headlock
|-crit|p1a: Headlock
|-damage|p1a: Headlock|0 fnt
|faint|p1a: Headlock
|
|upkeep
|
|t:|1760767249
|switch|p1a: The Walk|Kyurem|98/100
|-damage|p1a: The Walk|73/100|[from] Stealth Rock
|-ability|p1a: The Walk|Pressure
|turn|58
|
|t:|1760767251
|move|p2a: Zapdos|Volt Switch|p1a: The Walk
|-resisted|p1a: The Walk
|-damage|p1a: The Walk|58/100
|
|t:|1760767252
|switch|p2a: Glastrier|Glastrier|31/100|[from] Volt Switch
|-damage|p2a: Glastrier|6/100|[from] Stealth Rock
|-damage|p2a: Glastrier|0 fnt|[from] Spikes
|faint|p2a: Glastrier
|move|p1a: The Walk|Freeze-Dry|p2: Glastrier|[notarget]
|-fail|p1a: The Walk
|
|upkeep
|
|t:|1760767255
|switch|p2a: Zapdos|Zapdos|48/100
|turn|59
|
|t:|1760767257
|move|p2a: Zapdos|Hurricane|p1a: The Walk
|-damage|p1a: The Walk|4/100
|-start|p1a: The Walk|confusion
|-activate|p1a: The Walk|confusion
|move|p1a: The Walk|Freeze-Dry|p2a: Zapdos
|-supereffective|p2a: Zapdos
|-damage|p2a: Zapdos|0 fnt
|faint|p2a: Zapdos
|
|upkeep
|
|t:|1760767259
|switch|p2a: Alomomola|Alomomola, F|100/100 brn
|turn|60
|
|t:|1760767263
|move|p2a: Alomomola|Protect|p2a: Alomomola
|-singleturn|p2a: Alomomola|Protect
|-activate|p1a: The Walk|confusion
|move|p1a: The Walk|Freeze-Dry|p2a: Alomomola
|-activate|p2a: Alomomola|move: Protect
|
|-damage|p2a: Alomomola|94/100 brn|[from] brn
|upkeep
|turn|61
|
|t:|1760767266
|move|p2a: Alomomola|Protect|p2a: Alomomola
|-singleturn|p2a: Alomomola|Protect
|-activate|p1a: The Walk|confusion
|-damage|p1a: The Walk|0 fnt|[from] confusion
|faint|p1a: The Walk
|
|-damage|p2a: Alomomola|88/100 brn|[from] brn
|upkeep
|
|t:|1760767275
|switch|p1a: Hide and Seek|Slowking-Galar, F|100/100 par
|turn|62
|
|t:|1760767279
|switch|p1a: Clear the Area|Corviknight, M|98/100 par
|-damage|p1a: Clear the Area|86/100 par|[from] Stealth Rock
|-ability|p1a: Clear the Area|Pressure
|move|p2a: Alomomola|Flip Turn|p1a: Clear the Area
|-damage|p1a: Clear the Area|81/100 par
|-damage|p2a: Alomomola|71/100 brn|[from] item: Rocky Helmet|[of] p1a: Clear the Area
|
|-damage|p2a: Alomomola|65/100 brn|[from] brn
|upkeep
|turn|63
|
|t:|1760767283
|move|p2a: Alomomola|Scald|p1a: Clear the Area
|-damage|p1a: Clear the Area|67/100 par
|cant|p1a: Clear the Area|par
|
|-damage|p2a: Alomomola|59/100 brn|[from] brn
|upkeep
|turn|64
|
|t:|1760767285
|move|p2a: Alomomola|Scald|p1a: Clear the Area
|-damage|p1a: Clear the Area|53/100 par
|move|p1a: Clear the Area|Iron Defense|p1a: Clear the Area
|-boost|p1a: Clear the Area|def|2
|
|-damage|p2a: Alomomola|53/100 brn|[from] brn
|upkeep
|turn|65
|
|t:|1760767287
|move|p2a: Alomomola|Wish|p2a: Alomomola
|move|p1a: Clear the Area|Roost|p1a: Clear the Area
|-heal|p1a: Clear the Area|100/100 par
|-singleturn|p1a: Clear the Area|move: Roost
|
|-damage|p2a: Alomomola|47/100 brn|[from] brn
|upkeep
|turn|66
|
|t:|1760767289
|move|p2a: Alomomola|Scald|p1a: Clear the Area
|-damage|p1a: Clear the Area|87/100 par
|move|p1a: Clear the Area|Iron Defense|p1a: Clear the Area
|-boost|p1a: Clear the Area|def|2
|
|-heal|p2a: Alomomola|97/100 brn|[from] move: Wish|[wisher] Alomomola
|-damage|p2a: Alomomola|91/100 brn|[from] brn
|upkeep
|turn|67
|-message|countingwishes forfeited.
|
|win|donofair
|raw|donofair's rating: 1349 &rarr; <strong>1372</strong><br />(+23 for winning)
|raw|countingwishes's rating: 1394 &rarr; <strong>1371</strong><br />(-23 for losing)
|l|☆countingwishes
|player|p2|
|l|☆donofair
|player|p1|
