|j|☆carlangas64
|j|☆A2R_#22
|t:|1760774680
|gametype|singles
|player|p1|carlangas64|palmer|1114
|player|p2|A2R_#22|volkner|1063
|gen|9
|tier|[Gen 9] OU
|rated|
|rule|HP Percentage Mod: HP is shown in percentages
|rule|Endless Battle Clause: Forcing endless battles is banned
|rule|Species Clause: Limit one of each Pokémon
|rule|OHKO Clause: OHKO moves are banned
|rule|Evasion Items Clause: Evasion items are banned
|rule|Evasion Moves Clause: Evasion moves are banned
|rule|Evasion Abilities Clause: Evasion abilities are banned
|rule|Sleep Moves Clause: Sleep-inducing moves are banned
|clearpoke
|poke|p1|Galvantula, F|
|poke|p1|Noivern, F|
|poke|p1|Kingambit, M|
|poke|p1|Greninja-*, M|
|poke|p1|Blaziken, F|
|poke|p1|Tinkaton, F|
|poke|p2|Kingambit, M|
|poke|p2|Gliscor, M|
|poke|p2|Cinderace, F|
|poke|p2|Dragapult, F|
|poke|p2|Iron Moth|
|poke|p2|Raichu-Alola, F|
|teampreview
|
|t:|1760774687
|teamsize|p1|6
|teamsize|p2|6
|start
|switch|p1a: Tinkaton|Tinkaton, F|100/100
|switch|p2a: buzz FN|Iron Moth, shiny|100/100
|-ability|p1a: Tinkaton|Mold Breaker
|-enditem|p2a: buzz FN|Booster Energy
|-activate|p2a: buzz FN|ability: Quark Drive|[fromitem]
|-start|p2a: buzz FN|quarkdrivespe
|turn|1
|
|t:|1760774697
|move|p2a: buzz FN|Toxic|p1a: Tinkaton
|-immune|p1a: Tinkaton
|move|p1a: Tinkaton|Thunder Wave|p2a: buzz FN
|-status|p2a: buzz FN|par
|
|upkeep
|turn|2
|
|t:|1760774705
|switch|p1a: Greninja|Greninja, M, shiny|100/100
|move|p2a: buzz FN|Sunny Day|p2a: buzz FN
|-weather|SunnyDay
|
|-weather|SunnyDay|[upkeep]
|upkeep
|turn|3
|
|t:|1760774711
|move|p1a: Greninja|Hydro Pump|p2a: buzz FN
|-supereffective|p2a: buzz FN
|-crit|p2a: buzz FN
|-damage|p2a: buzz FN|36/100 par
|move|p2a: buzz FN|Fiery Dance|p1a: Greninja
|-resisted|p1a: Greninja
|-damage|p1a: Greninja|64/100
|
|-weather|SunnyDay|[upkeep]
|upkeep
|turn|4
|
|t:|1760774731
|move|p1a: Greninja|Hydro Pump|p2a: buzz FN|[miss]
|-miss|p1a: Greninja|p2a: buzz FN
|move|p2a: buzz FN|Toxic|p1a: Greninja
|-status|p1a: Greninja|tox
|
|-weather|SunnyDay|[upkeep]
|-damage|p1a: Greninja|58/100 tox|[from] psn
|upkeep
|turn|5
|
|t:|1760774740
|move|p1a: Greninja|Hydro Pump|p2a: buzz FN
|-supereffective|p2a: buzz FN
|-damage|p2a: buzz FN|0 fnt
|faint|p2a: buzz FN
|-end|p2a: buzz FN|Quark Drive|[silent]
|
|-weather|SunnyDay|[upkeep]
|-damage|p1a: Greninja|45/100 tox|[from] psn
|upkeep
|
|t:|1760774748
|switch|p2a: Raichu|Raichu-Alola, F|100/100
|turn|6
|
|t:|1760774754
|switch|p1a: Galvantula|Galvantula, F|100/100
|move|p2a: Raichu|Volt Tackle|p1a: Galvantula
|-resisted|p1a: Galvantula
|-damage|p1a: Galvantula|72/100
|-damage|p2a: Raichu|90/100|[from] Recoil
|
|-weather|none
|-heal|p2a: Raichu|96/100|[from] item: Leftovers
|upkeep
|turn|7
|
|t:|1760774763
|move|p2a: Raichu|Expanding Force|p1a: Galvantula
|-damage|p1a: Galvantula|17/100
|move|p1a: Galvantula|Sticky Web|p2a: Raichu
|-sidestart|p2: A2R_#22|move: Sticky Web
|
|-heal|p2a: Raichu|100/100|[from] item: Leftovers
|upkeep
|turn|8
|
|t:|1760774773
|move|p2a: Raichu|Draining Kiss|p1a: Galvantula
|-damage|p1a: Galvantula|0 fnt
|faint|p1a: Galvantula
|
|upkeep
|
|t:|1760774781
|switch|p1a: Tinkaton|Tinkaton, F|100/100
|-ability|p1a: Tinkaton|Mold Breaker
|turn|9
|
|t:|1760774786
|move|p2a: Raichu|Calm Mind|p2a: Raichu
|-boost|p2a: Raichu|spa|1
|-boost|p2a: Raichu|spd|1
|move|p1a: Tinkaton|Stealth Rock|p2a: Raichu
|-sidestart|p2: A2R_#22|move: Stealth Rock
|
|upkeep
|turn|10
|
|t:|1760774794
|move|p2a: Raichu|Calm Mind|p2a: Raichu
|-boost|p2a: Raichu|spa|1
|-boost|p2a: Raichu|spd|1
|move|p1a: Tinkaton|Gigaton Hammer|p2a: Raichu
|-resisted|p2a: Raichu
|-damage|p2a: Raichu|38/100
|
|-heal|p2a: Raichu|44/100|[from] item: Leftovers
|upkeep
|turn|11
|
|t:|1760774804
|move|p2a: Raichu|Volt Tackle|p1a: Tinkaton
|-damage|p1a: Tinkaton|60/100
|-damage|p2a: Raichu|27/100|[from] Recoil
|move|p1a: Tinkaton|Play Rough|p2a: Raichu
|-damage|p2a: Raichu|0 fnt
|faint|p2a: Raichu
|
|-heal|p1a: Tinkaton|66/100|[from] item: Leftovers
|upkeep
|
|t:|1760774814
|switch|p2a: Ronaldo|Cinderace, F, shiny|100/100
|-activate|p2a: Ronaldo|move: Sticky Web
|-unboost|p2a: Ronaldo|spe|1
|-damage|p2a: Ronaldo|76/100|[from] Stealth Rock
|turn|12
|
|t:|1760774824
|switch|p1a: Greninja|Greninja, M, shiny|45/100 tox
|move|p2a: Ronaldo|Pyro Ball|p1a: Greninja
|-resisted|p1a: Greninja
|-damage|p1a: Greninja|1/100 tox
|
|-damage|p1a: Greninja|0 fnt|[from] psn
|faint|p1a: Greninja
|upkeep
|
|t:|1760774835
|switch|p1a: Blaziken|Blaziken, F|100/100
|turn|13
|
|t:|1760774839
|move|p2a: Ronaldo|High Jump Kick|p1a: Blaziken
|-damage|p1a: Blaziken|55/100
|move|p1a: Blaziken|Earthquake|p2a: Ronaldo
|-supereffective|p2a: Ronaldo
|-damage|p2a: Ronaldo|4/100
|
|-ability|p1a: Blaziken|Speed Boost|boost
|-boost|p1a: Blaziken|spe|1
|upkeep
|turn|14
|
|t:|1760774852
|move|p1a: Blaziken|Earthquake|p2a: Ronaldo
|-supereffective|p2a: Ronaldo
|-damage|p2a: Ronaldo|0 fnt
|faint|p2a: Ronaldo
|
|-ability|p1a: Blaziken|Speed Boost|boost
|-boost|p1a: Blaziken|spe|1
|upkeep
|
|t:|1760774859
|switch|p2a: Glissy|Gliscor, M|100/100
|-damage|p2a: Glissy|88/100|[from] Stealth Rock
|turn|15
|
|t:|1760774865
|move|p1a: Blaziken|Stone Edge|p2a: Glissy
|-damage|p2a: Glissy|63/100
|move|p2a: Glissy|Ice Fang|p1a: Blaziken
|-resisted|p1a: Blaziken
|-damage|p1a: Blaziken|45/100
|
|-heal|p2a: Glissy|69/100|[from] item: Leftovers
|-ability|p1a: Blaziken|Speed Boost|boost
|-boost|p1a: Blaziken|spe|1
|upkeep
|turn|16
|
|t:|1760774875
|move|p1a: Blaziken|Stone Edge|p2a: Glissy
|-damage|p2a: Glissy|43/100
|move|p2a: Glissy|Earth Power|p1a: Blaziken
|-supereffective|p1a: Blaziken
|-damage|p1a: Blaziken|4/100
|
|-heal|p2a: Glissy|49/100|[from] item: Leftovers
|-ability|p1a: Blaziken|Speed Boost|boost
|-boost|p1a: Blaziken|spe|1
|upkeep
|turn|17
|
|t:|1760774885
|move|p1a: Blaziken|Stone Edge|p2a: Glissy
|-damage|p2a: Glissy|21/100
|move|p2a: Glissy|Ice Fang|p1a: Blaziken
|-resisted|p1a: Blaziken
|-damage|p1a: Blaziken|0 fnt
|faint|p1a: Blaziken
|
|-heal|p2a: Glissy|27/100|[from] item: Leftovers
|upkeep
|
|t:|1760774899
|switch|p1a: Noivern|Noivern, F|100/100
|turn|18
|
|t:|1760774910
|move|p2a: Glissy|Gunk Shot|p1a: Noivern
|-damage|p1a: Noivern|60/100
|move|p1a: Noivern|Shadow Claw|p2a: Glissy
|-damage|p2a: Glissy|14/100
|
|-heal|p2a: Glissy|20/100|[from] item: Leftovers
|upkeep
|turn|19
|
|t:|1760774918
|move|p2a: Glissy|Gunk Shot|p1a: Noivern
|-damage|p1a: Noivern|18/100
|move|p1a: Noivern|Draco Meteor|p2a: Glissy|[miss]
|-miss|p1a: Noivern|p2a: Glissy
|
|-heal|p2a: Glissy|26/100|[from] item: Leftovers
|upkeep
|turn|20
|
|t:|1760774925
|move|p2a: Glissy|Gunk Shot|p1a: Noivern|[miss]
|-miss|p2a: Glissy|p1a: Noivern
|move|p1a: Noivern|Draco Meteor|p2a: Glissy
|-damage|p2a: Glissy|0 fnt
|-unboost|p1a: Noivern|spa|2
|faint|p2a: Glissy
|
|upkeep
|
|t:|1760774933
|switch|p2a: ghost draco|Dragapult, F|100/100
|-activate|p2a: ghost draco|move: Sticky Web
|-unboost|p2a: ghost draco|spe|1
|-damage|p2a: ghost draco|88/100|[from] Stealth Rock
|turn|21
|
|t:|1760774941
|move|p1a: Noivern|Shadow Claw|p2a: ghost draco
|-supereffective|p2a: ghost draco
|-crit|p2a: ghost draco
|-damage|p2a: ghost draco|22/100
|move|p2a: ghost draco|Dragon Darts|p1a: Noivern
|-supereffective|p1a: Noivern
|-damage|p1a: Noivern|0 fnt
|faint|p1a: Noivern
|
|upkeep
|
|t:|1760774950
|switch|p1a: Tinkaton|Tinkaton, F|66/100
|-ability|p1a: Tinkaton|Mold Breaker
|turn|22
|
|t:|1760774957
|move|p2a: ghost draco|Dragon Darts|p1a: Tinkaton
|-immune|p1a: Tinkaton
|move|p1a: Tinkaton|Play Rough|p2a: ghost draco
|-supereffective|p2a: ghost draco
|-damage|p2a: ghost draco|0 fnt
|faint|p2a: ghost draco
|
|-heal|p1a: Tinkaton|72/100|[from] item: Leftovers
|upkeep
|
|t:|1760774965
|switch|p2a: combat king|Kingambit, M, shiny|100/100
|-activate|p2a: combat king|move: Sticky Web
|-unboost|p2a: combat king|spe|1
|-damage|p2a: combat king|94/100|[from] Stealth Rock
|-activate|p2a: combat king|ability: Supreme Overlord
|-start|p2a: combat king|fallen5|[silent]
|turn|23
|
|t:|1760774972
|move|p1a: Tinkaton|Thunder Wave|p2a: combat king
|-status|p2a: combat king|par
|move|p2a: combat king|Iron Head|p1a: Tinkaton
|-damage|p1a: Tinkaton|0 fnt
|faint|p1a: Tinkaton
|-damage|p2a: combat king|84/100 par|[from] item: Life Orb
|
|upkeep
|
|t:|1760774980
|switch|p1a: Kingambit|Kingambit, M, shiny|100/100
|-activate|p1a: Kingambit|ability: Supreme Overlord
|-start|p1a: Kingambit|fallen5|[silent]
|turn|24
|
|t:|1760774987
|-terastallize|p2a: combat king|Fairy
|move|p1a: Kingambit|Iron Defense|p1a: Kingambit
|-boost|p1a: Kingambit|def|2
|move|p2a: combat king|Kowtow Cleave|p1a: Kingambit
|-resisted|p1a: Kingambit
|-damage|p1a: Kingambit|78/100
|-damage|p2a: combat king|75/100 par|[from] item: Life Orb
|
|upkeep
|turn|25
|
|t:|1760774999
|move|p1a: Kingambit|Poison Jab|p2a: combat king
|-supereffective|p2a: combat king
|-damage|p2a: combat king|25/100 par
|move|p2a: combat king|Thunder Wave|p1a: Kingambit|[miss]
|-miss|p2a: combat king|p1a: Kingambit
|
|upkeep
|turn|26
|
|t:|1760775007
|move|p1a: Kingambit|Poison Jab|p2a: combat king
|-supereffective|p2a: combat king
|-damage|p2a: combat king|0 fnt
|faint|p2a: combat king
|-end|p2a: combat king|fallen5|[silent]
|
|win|carlangas64
|raw|carlangas64's rating: 1114 &rarr; <strong>1135</strong><br />(+21 for winning)
|raw|A2R_#22's rating: 1063 &rarr; <strong>1046</strong><br />(-17 for losing)
|l|☆A2R_#22
|player|p2|
|l|☆carlangas64
|player|p1|
