|j|☆raulino3055
|j|☆pantalonescondidos
|t:|1760729468
|gametype|singles
|player|p1|raulino3055|jasmine|1462
|player|p2|pantalonescondidos|170|1435
|gen|9
|tier|[Gen 9] OU
|rated|
|rule|HP Percentage Mod: HP is shown in percentages
|rule|Endless Battle Clause: Forcing endless battles is banned
|rule|Species Clause: Limit one of each Pokémon
|rule|OHKO Clause: OHKO moves are banned
|rule|Evasion Items Clause: Evasion items are banned
|rule|Evasion Moves Clause: Evasion moves are banned
|rule|Evasion Abilities Clause: Evasion abilities are banned
|rule|Sleep Moves Clause: Sleep-inducing moves are banned
|clearpoke
|poke|p1|Ninetales, M|
|poke|p1|Scovillain, M|
|poke|p1|Walking Wake|
|poke|p1|Hatterene, F|
|poke|p1|Great Tusk|
|poke|p1|Ceruledge, M|
|poke|p2|Sylveon, F|
|poke|p2|Slowking-Galar, M|
|poke|p2|Toxapex, F|
|poke|p2|Great Tusk|
|poke|p2|Kingambit, M|
|poke|p2|Rotom-Heat|
|teampreview
|inactive|Battle timer is ON: inactive players will automatically lose when time's up. (requested by pantalonescondidos)
|
|t:|1760729481
|teamsize|p1|6
|teamsize|p2|6
|start
|switch|p1a: Ninetales|Ninetales, M|100/100
|switch|p2a: Rotom|Rotom-Heat, shiny|100/100
|-weather|SunnyDay|[from] ability: Drought|[of] p1a: Ninetales
|turn|1
|
|t:|1760729487
|switch|p2a: Slowking|Slowking-Galar, M, shiny|100/100
|switch|p1a: Hatterene|Hatterene, F|100/100
|
|-weather|SunnyDay|[upkeep]
|upkeep
|turn|2
|
|t:|1760729499
|move|p2a: Slowking|Future Sight|p1a: Hatterene
|-start|p2a: Slowking|move: Future Sight
|move|p1a: Hatterene|Nuzzle|p2a: Slowking
|-damage|p2a: Slowking|96/100
|-status|p2a: Slowking|par
|
|-weather|SunnyDay|[upkeep]
|upkeep
|turn|3
|
|t:|1760729509
|move|p1a: Hatterene|Psyshock|p2a: Slowking
|-damage|p2a: Slowking|59/100 par
|move|p2a: Slowking|Sludge Bomb|p1a: Hatterene
|-supereffective|p1a: Hatterene
|-damage|p1a: Hatterene|33/100
|-status|p1a: Hatterene|psn
|-enditem|p1a: Hatterene|Eject Button
|
|t:|1760729517
|switch|p1a: Walking Wake|Walking Wake|100/100
|-activate|p1a: Walking Wake|ability: Protosynthesis
|-start|p1a: Walking Wake|protosynthesisspa
|
|-weather|SunnyDay|[upkeep]
|upkeep
|turn|4
|
|t:|1760729522
|-terastallize|p1a: Walking Wake|Water
|move|p1a: Walking Wake|Hydro Steam|p2a: Slowking
|-damage|p2a: Slowking|0 fnt
|faint|p2a: Slowking
|
|-weather|SunnyDay|[upkeep]
|-end|p1a: Walking Wake|move: Future Sight
|-damage|p1a: Walking Wake|47/100
|upkeep
|
|t:|1760729527
|switch|p2a: Sylveon|Sylveon, F, shiny|100/100
|turn|5
|
|t:|1760729531
|move|p2a: Sylveon|Protect|p2a: Sylveon
|-singleturn|p2a: Sylveon|Protect
|move|p1a: Walking Wake|Hydro Steam|p2a: Sylveon
|-activate|p2a: Sylveon|move: Protect
|
|-weather|SunnyDay|[upkeep]
|upkeep
|turn|6
|
|t:|1760729534
|move|p1a: Walking Wake|Hydro Steam|p2a: Sylveon
|-damage|p2a: Sylveon|8/100
|move|p2a: Sylveon|Wish|p2a: Sylveon
|
|-weather|SunnyDay|[upkeep]
|-heal|p2a: Sylveon|14/100|[from] item: Leftovers
|upkeep
|turn|7
|
|t:|1760729540
|move|p2a: Sylveon|Protect|p2a: Sylveon
|-singleturn|p2a: Sylveon|Protect
|move|p1a: Walking Wake|Hydro Steam|p2a: Sylveon
|-activate|p2a: Sylveon|move: Protect
|
|-weather|SunnyDay|[upkeep]
|-heal|p2a: Sylveon|64/100|[from] move: Wish|[wisher] Sylveon
|-heal|p2a: Sylveon|70/100|[from] item: Leftovers
|upkeep
|turn|8
|
|t:|1760729546
|switch|p2a: Toxapex|Toxapex, F|100/100
|move|p1a: Walking Wake|Hydro Steam|p2a: Toxapex
|-resisted|p2a: Toxapex
|-crit|p2a: Toxapex
|-damage|p2a: Toxapex|0 fnt
|faint|p2a: Toxapex
|
|-weather|none
|-end|p1a: Walking Wake|Protosynthesis
|upkeep
|-message|pantalonescondidos forfeited.
|
|win|raulino3055
|raw|raulino3055's rating: 1462 &rarr; <strong>1480</strong><br />(+18 for winning)
|raw|pantalonescondidos's rating: 1435 &rarr; <strong>1417</strong><br />(-18 for losing)
|l|☆pantalonescondidos
|player|p2|
|l|☆raulino3055
|player|p1|
