|j|☆adv 1v1
|j|☆BlueEyesKaiba
|t:|1760819350
|gametype|singles
|player|p1|adv 1v1|lisia|1622
|player|p2|BlueEyesKaiba|lance|1595
|gen|9
|tier|[Gen 9] OU
|rated|
|rule|HP Percentage Mod: HP is shown in percentages
|rule|Endless Battle Clause: Forcing endless battles is banned
|rule|Species Clause: Limit one of each Pokémon
|rule|OHKO Clause: OHKO moves are banned
|rule|Evasion Items Clause: Evasion items are banned
|rule|Evasion Moves Clause: Evasion moves are banned
|rule|Evasion Abilities Clause: Evasion abilities are banned
|rule|Sleep Moves Clause: Sleep-inducing moves are banned
|clearpoke
|poke|p1|Jirachi|
|poke|p1|Ursaluna, M|
|poke|p1|Iron Hands|
|poke|p1|Volcanion|
|poke|p1|Moltres-Galar|
|poke|p1|Rillaboom, F|
|poke|p2|Suicune|
|poke|p2|Dragonite, M|
|poke|p2|Cinderace, F|
|poke|p2|Blaziken, M|
|poke|p2|Zamazenta-*|
|poke|p2|Latias, F|
|teampreview
|inactive|Battle timer is ON: inactive players will automatically lose when time's up. (requested by BlueEyesKaiba)
|inactive|adv 1v1 also wants the timer to be on.
|
|t:|1760819359
|teamsize|p1|6
|teamsize|p2|6
|start
|switch|p1a: Volcanion|Volcanion|100/100
|switch|p2a: Blaziken|Blaziken, M, shiny|100/100
|turn|1
|
|t:|1760819363
|move|p2a: Blaziken|Swords Dance|p2a: Blaziken
|-boost|p2a: Blaziken|atk|2
|move|p1a: Volcanion|Steam Eruption|p2a: Blaziken
|-supereffective|p2a: Blaziken
|-enditem|p2a: Blaziken|Focus Sash
|-damage|p2a: Blaziken|1/100
|
|-ability|p2a: Blaziken|Speed Boost|boost
|-boost|p2a: Blaziken|spe|1
|upkeep
|turn|2
|
|t:|1760819371
|-terastallize|p2a: Blaziken|Fighting
|move|p2a: Blaziken|Close Combat|p1a: Volcanion
|-damage|p1a: Volcanion|0 fnt
|-unboost|p2a: Blaziken|def|1
|-unboost|p2a: Blaziken|spd|1
|faint|p1a: Volcanion
|
|-ability|p2a: Blaziken|Speed Boost|boost
|-boost|p2a: Blaziken|spe|1
|upkeep
|
|t:|1760819378
|switch|p1a: Rillaboom|Rillaboom, F|100/100
|-fieldstart|move: Grassy Terrain|[from] ability: Grassy Surge|[of] p1a: Rillaboom
|turn|3
|
|t:|1760819381
|move|p2a: Blaziken|Upper Hand|p1a: Rillaboom
|-damage|p1a: Rillaboom|0 fnt
|faint|p1a: Rillaboom
|
|-heal|p2a: Blaziken|7/100|[from] Grassy Terrain
|-ability|p2a: Blaziken|Speed Boost|boost
|-boost|p2a: Blaziken|spe|1
|upkeep
|
|t:|1760819389
|switch|p1a: Jirachi|Jirachi|100/100
|turn|4
|
|t:|1760819391
|move|p2a: Blaziken|Knock Off|p1a: Jirachi
|-supereffective|p1a: Jirachi
|-damage|p1a: Jirachi|0 fnt
|-enditem|p1a: Jirachi|Choice Scarf|[from] move: Knock Off|[of] p2a: Blaziken
|faint|p1a: Jirachi
|
|-heal|p2a: Blaziken|13/100|[from] Grassy Terrain
|-ability|p2a: Blaziken|Speed Boost|boost
|-boost|p2a: Blaziken|spe|1
|upkeep
|
|t:|1760819400
|switch|p1a: Moltres|Moltres-Galar|100/100
|turn|5
|
|t:|1760819403
|-terastallize|p1a: Moltres|Ghost
|move|p2a: Blaziken|Close Combat|p1a: Moltres
|-immune|p1a: Moltres
|move|p1a: Moltres|Fiery Wrath|p2a: Blaziken
|-resisted|p2a: Blaziken
|-damage|p2a: Blaziken|0 fnt
|faint|p2a: Blaziken
|
|upkeep
|
|t:|1760819427
|switch|p2a: Dragonite|Dragonite, M|100/100
|turn|6
|
|t:|1760819438
|move|p2a: Dragonite|Dragon Dance|p2a: Dragonite
|-boost|p2a: Dragonite|atk|1
|-boost|p2a: Dragonite|spe|1
|move|p1a: Moltres|U-turn|p2a: Dragonite
|-resisted|p2a: Dragonite
|-crit|p2a: Dragonite
|-damage|p2a: Dragonite|96/100
|
|t:|1760819442
|switch|p1a: Iron Hands|Iron Hands|100/100|[from] U-turn
|-enditem|p1a: Iron Hands|Booster Energy
|-activate|p1a: Iron Hands|ability: Quark Drive|[fromitem]
|-start|p1a: Iron Hands|quarkdriveatk
|
|upkeep
|turn|7
|
|t:|1760819448
|move|p2a: Dragonite|Dragon Claw|p1a: Iron Hands
|-damage|p1a: Iron Hands|59/100
|move|p1a: Iron Hands|Ice Punch|p2a: Dragonite
|-supereffective|p2a: Dragonite
|-damage|p2a: Dragonite|0 fnt
|faint|p2a: Dragonite
|
|-heal|p1a: Iron Hands|65/100|[from] Grassy Terrain
|-fieldend|move: Grassy Terrain
|upkeep
|
|t:|1760819455
|switch|p2a: Zamazenta|Zamazenta|100/100
|-ability|p2a: Zamazenta|Dauntless Shield|boost
|-boost|p2a: Zamazenta|def|1
|turn|8
|
|t:|1760819465
|-end|p1a: Iron Hands|Quark Drive|[silent]
|switch|p1a: Moltres|Moltres-Galar, tera:Ghost|100/100
|move|p2a: Zamazenta|Iron Defense|p2a: Zamazenta
|-boost|p2a: Zamazenta|def|2
|
|upkeep
|turn|9
|
|t:|1760819469
|move|p2a: Zamazenta|Substitute|p2a: Zamazenta
|-start|p2a: Zamazenta|Substitute
|-damage|p2a: Zamazenta|76/100
|move|p1a: Moltres|Air Slash|p2a: Zamazenta
|-supereffective|p2a: Zamazenta
|-end|p2a: Zamazenta|Substitute
|
|-heal|p2a: Zamazenta|82/100|[from] item: Leftovers
|upkeep
|turn|10
|
|t:|1760819474
|switch|p2a: Suicune|Suicune, shiny|100/100
|-ability|p2a: Suicune|Pressure
|move|p1a: Moltres|Air Slash|p2a: Suicune
|-damage|p2a: Suicune|79/100
|
|-heal|p2a: Suicune|86/100|[from] item: Leftovers
|upkeep
|turn|11
|
|t:|1760819476
|move|p1a: Moltres|U-turn|p2a: Suicune
|-damage|p2a: Suicune|78/100
|
|t:|1760819477
|switch|p1a: Iron Hands|Iron Hands|65/100|[from] U-turn
|move|p2a: Suicune|Calm Mind|p2a: Suicune
|-boost|p2a: Suicune|spa|1
|-boost|p2a: Suicune|spd|1
|
|-heal|p2a: Suicune|84/100|[from] item: Leftovers
|upkeep
|turn|12
|
|t:|1760819481
|move|p2a: Suicune|Scald|p1a: Iron Hands
|-damage|p1a: Iron Hands|26/100
|move|p1a: Iron Hands|Thunder Punch|p2a: Suicune
|-supereffective|p2a: Suicune
|-damage|p2a: Suicune|35/100
|
|-heal|p2a: Suicune|41/100|[from] item: Leftovers
|upkeep
|turn|13
|
|t:|1760819485
|move|p2a: Suicune|Scald|p1a: Iron Hands
|-damage|p1a: Iron Hands|0 fnt
|faint|p1a: Iron Hands
|-end|p1a: Iron Hands|Quark Drive|[silent]
|
|-heal|p2a: Suicune|47/100|[from] item: Leftovers
|upkeep
|
|t:|1760819488
|switch|p1a: Ursaluna|Ursaluna, M|100/100
|turn|14
|
|t:|1760819490
|move|p1a: Ursaluna|Supercell Slam|p2a: Suicune
|-supereffective|p2a: Suicune
|-crit|p2a: Suicune
|-damage|p2a: Suicune|0 fnt
|faint|p2a: Suicune
|
|-status|p1a: Ursaluna|brn|[from] item: Flame Orb
|upkeep
|
|t:|1760819498
|switch|p2a: Zamazenta|Zamazenta|82/100
|turn|15
|
|t:|1760819507
|move|p2a: Zamazenta|Substitute|p2a: Zamazenta
|-start|p2a: Zamazenta|Substitute
|-damage|p2a: Zamazenta|57/100
|move|p1a: Ursaluna|Trailblaze|p2a: Zamazenta
|-activate|p2a: Zamazenta|move: Substitute|[damage]
|-boost|p1a: Ursaluna|spe|1
|
|-heal|p2a: Zamazenta|63/100|[from] item: Leftovers
|-damage|p1a: Ursaluna|94/100 brn|[from] brn
|upkeep
|turn|16
|
|t:|1760819510
|move|p2a: Zamazenta|Iron Defense|p2a: Zamazenta
|-boost|p2a: Zamazenta|def|2
|move|p1a: Ursaluna|Trailblaze|p2a: Zamazenta
|-end|p2a: Zamazenta|Substitute
|-boost|p1a: Ursaluna|spe|1
|
|-heal|p2a: Zamazenta|69/100|[from] item: Leftovers
|-damage|p1a: Ursaluna|88/100 brn|[from] brn
|upkeep
|turn|17
|
|t:|1760819514
|move|p1a: Ursaluna|Facade|p2a: Zamazenta
|-damage|p2a: Zamazenta|26/100
|move|p2a: Zamazenta|Body Press|p1a: Ursaluna
|-supereffective|p1a: Ursaluna
|-damage|p1a: Ursaluna|0 fnt
|faint|p1a: Ursaluna
|
|-heal|p2a: Zamazenta|32/100|[from] item: Leftovers
|upkeep
|
|t:|1760819517
|switch|p1a: Moltres|Moltres-Galar, tera:Ghost|100/100
|turn|18
|
|t:|1760819519
|move|p2a: Zamazenta|Crunch|p1a: Moltres
|-supereffective|p1a: Moltres
|-damage|p1a: Moltres|59/100
|move|p1a: Moltres|Air Slash|p2a: Zamazenta
|-supereffective|p2a: Zamazenta
|-damage|p2a: Zamazenta|0 fnt
|faint|p2a: Zamazenta
|
|-heal|p1a: Moltres|65/100|[from] item: Leftovers
|upkeep
|
|t:|1760819522
|switch|p2a: Latias|Latias, F|100/100
|turn|19
|
|t:|1760819526
|move|p2a: Latias|Calm Mind|p2a: Latias
|-boost|p2a: Latias|spa|1
|-boost|p2a: Latias|spd|1
|move|p1a: Moltres|Pain Split|p2a: Latias
|-sethp|p2a: Latias|89/100|[from] move: Pain Split|[silent]
|-sethp|p1a: Moltres|75/100|[from] move: Pain Split
|
|-heal|p1a: Moltres|81/100|[from] item: Leftovers
|upkeep
|turn|20
|
|t:|1760819530
|move|p2a: Latias|Agility|p2a: Latias
|-boost|p2a: Latias|spe|2
|move|p1a: Moltres|Fiery Wrath|p2a: Latias
|-supereffective|p2a: Latias
|-damage|p2a: Latias|49/100
|-enditem|p2a: Latias|Weakness Policy
|-boost|p2a: Latias|atk|2|[from] item: Weakness Policy
|-boost|p2a: Latias|spa|2|[from] item: Weakness Policy
|
|-heal|p1a: Moltres|87/100|[from] item: Leftovers
|upkeep
|turn|21
|
|t:|1760819536
|move|p2a: Latias|Stored Power|p1a: Moltres
|-damage|p1a: Moltres|0 fnt
|faint|p1a: Moltres
|
|win|BlueEyesKaiba
|raw|adv 1v1's rating: 1622 &rarr; <strong>1600</strong><br />(-22 for losing)
|raw|BlueEyesKaiba's rating: 1595 &rarr; <strong>1617</strong><br />(+22 for winning)
|l|☆adv 1v1
|player|p1|
|l|☆BlueEyesKaiba
|player|p2|
