|j|☆SleepyEevie
|j|☆FireGym Virgil
|t:|1760802446
|gametype|singles
|player|p1|SleepyEevie|lady|1361
|player|p2|FireGym Virgil|265|1332
|gen|9
|tier|[Gen 9] OU
|rated|
|rule|HP Percentage Mod: HP is shown in percentages
|rule|Endless Battle Clause: Forcing endless battles is banned
|rule|Species Clause: Limit one of each Pokémon
|rule|OHKO Clause: OHKO moves are banned
|rule|Evasion Items Clause: Evasion items are banned
|rule|Evasion Moves Clause: Evasion moves are banned
|rule|Evasion Abilities Clause: Evasion abilities are banned
|rule|Sleep Moves Clause: Sleep-inducing moves are banned
|clearpoke
|poke|p1|Lycanroc-Dusk, F|
|poke|p1|Great Tusk|
|poke|p1|Iron Crown|
|poke|p1|Moltres|
|poke|p1|Ogerpon-Wellspring, F|
|poke|p1|Raging Bolt|
|poke|p2|Raging Bolt|
|poke|p2|Garchomp, M|
|poke|p2|Iron Valiant|
|poke|p2|Iron Moth|
|poke|p2|Greninja-*, M|
|poke|p2|Metagross|
|teampreview
|inactive|Battle timer is ON: inactive players will automatically lose when time's up. (requested by SleepyEevie)
|
|t:|1760802451
|teamsize|p1|6
|teamsize|p2|6
|start
|switch|p1a: Lycanroc|Lycanroc-Dusk, F, shiny|100/100
|switch|p2a: Greninja|Greninja, M|100/100
|turn|1
|
|t:|1760802460
|switch|p1a: Ogerpon|Ogerpon-Wellspring, F|100/100
|move|p2a: Greninja|Dark Pulse|p1a: Ogerpon
|-damage|p1a: Ogerpon|36/100
|
|upkeep
|turn|2
|
|t:|1760802479
|move|p2a: Greninja|Dark Pulse|p1a: Ogerpon
|-damage|p1a: Ogerpon|0 fnt
|faint|p1a: Ogerpon
|-ability|p2a: Greninja|Battle Bond|boost
|-boost|p2a: Greninja|atk|1
|-boost|p2a: Greninja|spa|1
|-boost|p2a: Greninja|spe|1
|-activate|p2a: Greninja|ability: Battle Bond
|
|upkeep
|
|t:|1760802488
|switch|p1a: Lycanroc|Lycanroc-Dusk, F, shiny|100/100
|turn|3
|
|t:|1760802490
|move|p2a: Greninja|Dark Pulse|p1a: Lycanroc
|-enditem|p1a: Lycanroc|Focus Sash
|-damage|p1a: Lycanroc|1/100
|move|p1a: Lycanroc|Close Combat|p2a: Greninja
|-supereffective|p2a: Greninja
|-damage|p2a: Greninja|0 fnt
|-unboost|p1a: Lycanroc|def|1
|-unboost|p1a: Lycanroc|spd|1
|faint|p2a: Greninja
|
|upkeep
|
|t:|1760802497
|switch|p2a: Garchomp|Garchomp, M|100/100
|turn|4
|
|t:|1760802501
|move|p1a: Lycanroc|Close Combat|p2a: Garchomp
|-damage|p2a: Garchomp|53/100
|-unboost|p1a: Lycanroc|def|1
|-unboost|p1a: Lycanroc|spd|1
|-damage|p1a: Lycanroc|0 fnt|[from] ability: Rough Skin|[of] p2a: Garchomp
|faint|p1a: Lycanroc
|move|p2a: Garchomp|Swords Dance|p2a: Garchomp
|-boost|p2a: Garchomp|atk|2
|
|upkeep
|inactive|SleepyEevie has 120 seconds left.
|
|t:|1760802540
|switch|p1a: Iron Crown|Iron Crown|100/100
|-enditem|p1a: Iron Crown|Booster Energy
|-activate|p1a: Iron Crown|ability: Quark Drive|[fromitem]
|-start|p1a: Iron Crown|quarkdrivespe
|turn|5
|inactive|SleepyEevie has 120 seconds left.
|
|t:|1760802557
|move|p1a: Iron Crown|Tachyon Cutter|p2a: Garchomp
|-damage|p2a: Garchomp|26/100
|-damage|p2a: Garchomp|0 fnt
|faint|p2a: Garchomp
|-hitcount|p2: Garchomp|2
|
|upkeep
|
|t:|1760802567
|switch|p2a: Metagross|Metagross|100/100
|turn|6
|
|t:|1760802573
|move|p1a: Iron Crown|Volt Switch|p2a: Metagross
|-damage|p2a: Metagross|85/100
|
|t:|1760802576
|-end|p1a: Iron Crown|Quark Drive|[silent]
|switch|p1a: Moltres|Moltres|100/100|[from] Volt Switch
|move|p2a: Metagross|Earthquake|p1a: Moltres
|-immune|p1a: Moltres
|
|upkeep
|turn|7
|
|t:|1760802583
|switch|p2a: Iron Moth|Iron Moth|100/100
|-enditem|p2a: Iron Moth|Booster Energy
|-activate|p2a: Iron Moth|ability: Quark Drive|[fromitem]
|-start|p2a: Iron Moth|quarkdrivespa
|move|p1a: Moltres|Scorching Sands|p2a: Iron Moth
|-supereffective|p2a: Iron Moth
|-damage|p2a: Iron Moth|2/100
|
|upkeep
|turn|8
|
|t:|1760802594
|move|p2a: Iron Moth|Sludge Wave|p1a: Moltres
|-damage|p1a: Moltres|24/100
|move|p1a: Moltres|Scorching Sands|p2a: Iron Moth
|-supereffective|p2a: Iron Moth
|-damage|p2a: Iron Moth|0 fnt
|faint|p2a: Iron Moth
|-end|p2a: Iron Moth|Quark Drive|[silent]
|
|upkeep
|
|t:|1760802600
|switch|p2a: Raging Bolt|Raging Bolt|100/100
|turn|9
|
|t:|1760802602
|move|p1a: Moltres|Scorching Sands|p2a: Raging Bolt
|-supereffective|p2a: Raging Bolt
|-damage|p2a: Raging Bolt|55/100
|move|p2a: Raging Bolt|Calm Mind|p2a: Raging Bolt
|-boost|p2a: Raging Bolt|spa|1
|-boost|p2a: Raging Bolt|spd|1
|
|-heal|p2a: Raging Bolt|61/100|[from] item: Leftovers
|upkeep
|turn|10
|
|t:|1760802613
|-terastallize|p1a: Moltres|Ground
|move|p1a: Moltres|Scorching Sands|p2a: Raging Bolt
|-supereffective|p2a: Raging Bolt
|-damage|p2a: Raging Bolt|14/100
|move|p2a: Raging Bolt|Calm Mind|p2a: Raging Bolt
|-boost|p2a: Raging Bolt|spa|1
|-boost|p2a: Raging Bolt|spd|1
|
|-heal|p2a: Raging Bolt|20/100|[from] item: Leftovers
|upkeep
|turn|11
|
|t:|1760802621
|move|p2a: Raging Bolt|Protect|p2a: Raging Bolt
|-singleturn|p2a: Raging Bolt|Protect
|move|p1a: Moltres|Scorching Sands|p2a: Raging Bolt
|-activate|p2a: Raging Bolt|move: Protect
|
|-heal|p2a: Raging Bolt|26/100|[from] item: Leftovers
|upkeep
|turn|12
|
|t:|1760802626
|move|p1a: Moltres|Scorching Sands|p2a: Raging Bolt
|-supereffective|p2a: Raging Bolt
|-damage|p2a: Raging Bolt|0 fnt
|faint|p2a: Raging Bolt
|-end|p2a: Raging Bolt|Protosynthesis|[silent]
|
|upkeep
|
|t:|1760802635
|switch|p2a: Iron Valiant|Iron Valiant|100/100
|turn|13
|
|t:|1760802648
|switch|p1a: Iron Crown|Iron Crown|100/100
|move|p2a: Iron Valiant|Close Combat|p1a: Iron Crown
|-damage|p1a: Iron Crown|48/100
|-unboost|p2a: Iron Valiant|def|1
|-unboost|p2a: Iron Valiant|spd|1
|
|upkeep
|turn|14
|
|t:|1760802658
|move|p2a: Iron Valiant|Close Combat|p1a: Iron Crown
|-damage|p1a: Iron Crown|0 fnt
|-unboost|p2a: Iron Valiant|def|1
|-unboost|p2a: Iron Valiant|spd|1
|faint|p1a: Iron Crown
|-end|p1a: Iron Crown|Quark Drive|[silent]
|
|upkeep
|
|t:|1760802664
|switch|p1a: Raging Bolt|Raging Bolt|100/100
|turn|15
|
|t:|1760802669
|move|p1a: Raging Bolt|Thunderclap|p2a: Iron Valiant
|-damage|p2a: Iron Valiant|0 fnt
|faint|p2a: Iron Valiant
|-end|p2a: Iron Valiant|Quark Drive|[silent]
|
|upkeep
|
|t:|1760802671
|switch|p2a: Metagross|Metagross|85/100
|turn|16
|
|t:|1760802679
|move|p1a: Raging Bolt|Thunderbolt|p2a: Metagross
|-damage|p2a: Metagross|49/100
|move|p2a: Metagross|Psychic Fangs|p1a: Raging Bolt
|-damage|p1a: Raging Bolt|61/100
|
|upkeep
|turn|17
|
|t:|1760802685
|move|p1a: Raging Bolt|Thunderbolt|p2a: Metagross
|-damage|p2a: Metagross|10/100
|move|p2a: Metagross|Earthquake|p1a: Raging Bolt
|-supereffective|p1a: Raging Bolt
|-damage|p1a: Raging Bolt|2/100
|
|upkeep
|turn|18
|
|t:|1760802690
|move|p1a: Raging Bolt|Thunderbolt|p2a: Metagross
|-damage|p2a: Metagross|0 fnt
|faint|p2a: Metagross
|
|win|SleepyEevie
|raw|SleepyEevie's rating: 1361 &rarr; <strong>1379</strong><br />(+18 for winning)
|raw|FireGym Virgil's rating: 1332 &rarr; <strong>1314</strong><br />(-18 for losing)
|l|☆FireGym Virgil
|player|p2|
