|j|☆Avl2121
|j|☆Uranium233
|t:|1760796524
|gametype|singles
|player|p1|Avl2121|dragontamer|1267
|player|p2|Uranium233|102|1238
|gen|9
|tier|[Gen 9] OU
|rated|
|rule|HP Percentage Mod: HP is shown in percentages
|rule|Endless Battle Clause: Forcing endless battles is banned
|rule|Species Clause: Limit one of each Pokémon
|rule|OHKO Clause: OHKO moves are banned
|rule|Evasion Items Clause: Evasion items are banned
|rule|Evasion Moves Clause: Evasion moves are banned
|rule|Evasion Abilities Clause: Evasion abilities are banned
|rule|Sleep Moves Clause: Sleep-inducing moves are banned
|clearpoke
|poke|p1|Garganacl, F|
|poke|p1|Blaziken, F|
|poke|p1|Landorus-Therian, M|
|poke|p1|Kyurem|
|poke|p1|Rotom-Wash|
|poke|p1|Cryogonal|
|poke|p2|Gliscor, M|
|poke|p2|Alomomola, F|
|poke|p2|Pecharunt|
|poke|p2|Great Tusk|
|poke|p2|Weavile, F|
|poke|p2|Iron Crown|
|teampreview
|inactive|Battle timer is ON: inactive players will automatically lose when time's up. (requested by Avl2121)
|inactive|Uranium233 also wants the timer to be on.
|
|t:|1760796548
|teamsize|p1|6
|teamsize|p2|6
|start
|switch|p1a: Rotom|Rotom-Wash|100/100
|switch|p2a: Gliscor|Gliscor, M|100/100
|turn|1
|
|t:|1760796576
|switch|p2a: Alomomola|Alomomola, F|100/100
|move|p1a: Rotom|Trick|p2a: Alomomola
|-activate|p1a: Rotom|move: Trick|[of] p2a: Alomomola
|-item|p2a: Alomomola|Choice Scarf|[from] move: Trick
|-item|p1a: Rotom|Assault Vest|[from] move: Trick
|
|upkeep
|turn|2
|inactive|Uranium233 has 120 seconds left.
|
|t:|1760796599
|move|p1a: Rotom|Volt Switch|p2a: Alomomola
|-supereffective|p2a: Alomomola
|-damage|p2a: Alomomola|55/100
|
|t:|1760796603
|switch|p1a: Cryogonal|Cryogonal|100/100|[from] Volt Switch
|move|p2a: Alomomola|Flip Turn|p1a: Cryogonal
|-damage|p1a: Cryogonal|65/100
|inactive|Uranium233 has 120 seconds left.
|
|t:|1760796620
|switch|p2a: Great Tusk|Great Tusk|100/100|[from] Flip Turn
|
|upkeep
|turn|3
|
|t:|1760796638
|move|p1a: Cryogonal|Chilling Water|p2a: Great Tusk
|-supereffective|p2a: Great Tusk
|-damage|p2a: Great Tusk|60/100
|-unboost|p2a: Great Tusk|atk|1
|move|p2a: Great Tusk|Stealth Rock|p1a: Cryogonal
|-sidestart|p1: Avl2121|move: Stealth Rock
|
|upkeep
|turn|4
|
|t:|1760796650
|-end|p2a: Great Tusk|Protosynthesis|[silent]
|switch|p2a: Iron Crown|Iron Crown|100/100
|move|p1a: Cryogonal|Rapid Spin|p2a: Iron Crown
|-resisted|p2a: Iron Crown
|-damage|p2a: Iron Crown|97/100
|-boost|p1a: Cryogonal|spe|1
|-sideend|p1: Avl2121|Stealth Rock|[from] move: Rapid Spin|[of] p1a: Cryogonal
|
|upkeep
|turn|5
|
|t:|1760796665
|move|p1a: Cryogonal|Ice Beam|p2a: Iron Crown
|-resisted|p2a: Iron Crown
|-damage|p2a: Iron Crown|78/100
|move|p2a: Iron Crown|Tachyon Cutter|p1a: Cryogonal
|-supereffective|p1a: Cryogonal
|-damage|p1a: Cryogonal|19/100
|-supereffective|p1a: Cryogonal
|-damage|p1a: Cryogonal|0 fnt
|faint|p1a: Cryogonal
|-hitcount|p1: Cryogonal|2
|
|upkeep
|
|t:|1760796672
|switch|p1a: Rotom|Rotom-Wash|100/100
|turn|6
|
|t:|1760796681
|-end|p2a: Iron Crown|Quark Drive|[silent]
|switch|p2a: Pecharunt|Pecharunt|100/100
|move|p1a: Rotom|Hydro Pump|p2a: Pecharunt
|-damage|p2a: Pecharunt|54/100
|
|upkeep
|turn|7
|inactive|Uranium233 has 120 seconds left.
|
|t:|1760796694
|move|p1a: Rotom|Volt Switch|p2a: Pecharunt
|-damage|p2a: Pecharunt|22/100
|
|t:|1760796698
|switch|p1a: Garganacl|Garganacl, F|100/100|[from] Volt Switch
|move|p2a: Pecharunt|Malignant Chain|p1a: Garganacl
|-resisted|p1a: Garganacl
|-damage|p1a: Garganacl|86/100
|
|-heal|p1a: Garganacl|92/100|[from] item: Leftovers
|upkeep
|turn|8
|inactive|Uranium233 has 120 seconds left.
|
|t:|1760796710
|move|p2a: Pecharunt|Recover|p2a: Pecharunt
|-heal|p2a: Pecharunt|72/100
|move|p1a: Garganacl|Salt Cure|p2a: Pecharunt
|-damage|p2a: Pecharunt|65/100
|-start|p2a: Pecharunt|Salt Cure
|
|-heal|p1a: Garganacl|99/100|[from] item: Leftovers
|-damage|p2a: Pecharunt|53/100|[from] Salt Cure
|upkeep
|turn|9
|inactive|Uranium233 has 120 seconds left.
|
|t:|1760796724
|switch|p2a: Alomomola|Alomomola, F|88/100
|move|p1a: Garganacl|Curse|p1a: Garganacl
|-unboost|p1a: Garganacl|spe|1
|-boost|p1a: Garganacl|atk|1
|-boost|p1a: Garganacl|def|1
|
|-heal|p1a: Garganacl|100/100|[from] item: Leftovers
|upkeep
|turn|10
|inactive|Uranium233 has 120 seconds left.
|
|t:|1760796736
|move|p1a: Garganacl|Protect|p1a: Garganacl
|-singleturn|p1a: Garganacl|Protect
|move|p2a: Alomomola|Flip Turn|p1a: Garganacl
|-activate|p1a: Garganacl|move: Protect
|
|upkeep
|turn|11
|
|t:|1760796742
|move|p2a: Alomomola|Flip Turn|p1a: Garganacl
|-supereffective|p1a: Garganacl
|-damage|p1a: Garganacl|87/100
|
|t:|1760796751
|switch|p2a: Great Tusk|Great Tusk|60/100|[from] Flip Turn
|move|p1a: Garganacl|Salt Cure|p2a: Great Tusk
|-resisted|p2a: Great Tusk
|-damage|p2a: Great Tusk|56/100
|-start|p2a: Great Tusk|Salt Cure
|
|-heal|p1a: Garganacl|93/100|[from] item: Leftovers
|-damage|p2a: Great Tusk|43/100|[from] Salt Cure
|upkeep
|turn|12
|
|t:|1760796762
|move|p2a: Great Tusk|Headlong Rush|p1a: Garganacl
|-supereffective|p1a: Garganacl
|-damage|p1a: Garganacl|50/100
|-unboost|p2a: Great Tusk|def|1
|-unboost|p2a: Great Tusk|spd|1
|move|p1a: Garganacl|Curse|p1a: Garganacl
|-unboost|p1a: Garganacl|spe|1
|-boost|p1a: Garganacl|atk|1
|-boost|p1a: Garganacl|def|1
|
|-heal|p1a: Garganacl|56/100|[from] item: Leftovers
|-damage|p2a: Great Tusk|31/100|[from] Salt Cure
|upkeep
|turn|13
|
|t:|1760796774
|move|p2a: Great Tusk|Headlong Rush|p1a: Garganacl
|-supereffective|p1a: Garganacl
|-damage|p1a: Garganacl|25/100
|-unboost|p2a: Great Tusk|def|1
|-unboost|p2a: Great Tusk|spd|1
|move|p1a: Garganacl|Recover|p1a: Garganacl
|-heal|p1a: Garganacl|75/100
|
|-heal|p1a: Garganacl|81/100|[from] item: Leftovers
|-damage|p2a: Great Tusk|19/100|[from] Salt Cure
|upkeep
|turn|14
|
|t:|1760796788
|move|p1a: Garganacl|Protect|p1a: Garganacl
|-singleturn|p1a: Garganacl|Protect
|move|p2a: Great Tusk|Stealth Rock|p1a: Garganacl
|-sidestart|p1: Avl2121|move: Stealth Rock
|
|-heal|p1a: Garganacl|87/100|[from] item: Leftovers
|-damage|p2a: Great Tusk|6/100|[from] Salt Cure
|upkeep
|turn|15
|
|t:|1760796801
|-end|p2a: Great Tusk|Protosynthesis|[silent]
|switch|p2a: Iron Crown|Iron Crown|78/100
|move|p1a: Garganacl|Recover|p1a: Garganacl
|-heal|p1a: Garganacl|100/100
|
|upkeep
|turn|16
|
|t:|1760796808
|move|p1a: Garganacl|Protect|p1a: Garganacl
|-singleturn|p1a: Garganacl|Protect
|move|p2a: Iron Crown|Tachyon Cutter|p1a: Garganacl
|-activate|p1a: Garganacl|move: Protect
|
|upkeep
|turn|17
|
|t:|1760796813
|-terastallize|p1a: Garganacl|Ghost
|move|p2a: Iron Crown|Tachyon Cutter|p1a: Garganacl
|-damage|p1a: Garganacl|69/100
|-damage|p1a: Garganacl|36/100
|-hitcount|p1a: Garganacl|2
|move|p1a: Garganacl|Salt Cure|p2a: Iron Crown
|-resisted|p2a: Iron Crown
|-damage|p2a: Iron Crown|64/100
|-start|p2a: Iron Crown|Salt Cure
|
|-heal|p1a: Garganacl|43/100|[from] item: Leftovers
|-damage|p2a: Iron Crown|39/100|[from] Salt Cure
|upkeep
|turn|18
|
|t:|1760796825
|move|p1a: Garganacl|Protect|p1a: Garganacl
|-singleturn|p1a: Garganacl|Protect
|move|p2a: Iron Crown|Tachyon Cutter|p1a: Garganacl
|-activate|p1a: Garganacl|move: Protect
|
|-heal|p1a: Garganacl|49/100|[from] item: Leftovers
|-damage|p2a: Iron Crown|15/100|[from] Salt Cure
|upkeep
|turn|19
|
|t:|1760796836
|switch|p1a: Landorus|Landorus-Therian, M|100/100
|-damage|p1a: Landorus|88/100|[from] Stealth Rock
|-ability|p1a: Landorus|Intimidate|boost
|-unboost|p2a: Iron Crown|atk|1
|move|p2a: Iron Crown|Tachyon Cutter|p1a: Landorus
|-damage|p1a: Landorus|43/100
|-damage|p1a: Landorus|0 fnt
|faint|p1a: Landorus
|-hitcount|p1: Landorus|2
|
|-damage|p2a: Iron Crown|0 fnt|[from] Salt Cure
|faint|p2a: Iron Crown
|-end|p2a: Iron Crown|Quark Drive|[silent]
|upkeep
|
|t:|1760796856
|switch|p2a: Alomomola|Alomomola, F|100/100
|switch|p1a: Rotom|Rotom-Wash|100/100
|-damage|p1a: Rotom|88/100|[from] Stealth Rock
|turn|20
|
|t:|1760796867
|move|p1a: Rotom|Volt Switch|p2a: Alomomola
|-supereffective|p2a: Alomomola
|-damage|p2a: Alomomola|56/100
|
|t:|1760796874
|switch|p1a: Kyurem|Kyurem|100/100|[from] Volt Switch
|-damage|p1a: Kyurem|76/100|[from] Stealth Rock
|-ability|p1a: Kyurem|Pressure
|move|p2a: Alomomola|Mirror Coat|p1a: Kyurem
|-damage|p1a: Kyurem|0 fnt
|faint|p1a: Kyurem
|
|upkeep
|
|t:|1760796886
|switch|p1a: Garganacl|Garganacl, F, tera:Ghost|49/100
|-damage|p1a: Garganacl|36/100|[from] Stealth Rock
|turn|21
|
|t:|1760796894
|switch|p2a: Gliscor|Gliscor, M|100/100
|move|p1a: Garganacl|Recover|p1a: Garganacl
|-heal|p1a: Garganacl|86/100
|
|-heal|p1a: Garganacl|93/100|[from] item: Leftovers
|-status|p2a: Gliscor|tox|[from] item: Toxic Orb
|upkeep
|turn|22
|
|t:|1760796908
|move|p2a: Gliscor|Toxic|p1a: Garganacl
|-immune|p1a: Garganacl|[from] ability: Purifying Salt
|move|p1a: Garganacl|Salt Cure|p2a: Gliscor
|-damage|p2a: Gliscor|91/100 tox
|-start|p2a: Gliscor|Salt Cure
|
|-heal|p1a: Garganacl|99/100|[from] item: Leftovers
|-heal|p2a: Gliscor|100/100 tox|[from] ability: Poison Heal
|-damage|p2a: Gliscor|88/100 tox|[from] Salt Cure
|upkeep
|turn|23
|
|t:|1760796920
|move|p2a: Gliscor|Spikes|p1a: Garganacl
|-sidestart|p1: Avl2121|Spikes
|move|p1a: Garganacl|Salt Cure|p2a: Gliscor
|-damage|p2a: Gliscor|79/100 tox
|
|-heal|p1a: Garganacl|100/100|[from] item: Leftovers
|-heal|p2a: Gliscor|91/100 tox|[from] ability: Poison Heal
|-damage|p2a: Gliscor|79/100 tox|[from] Salt Cure
|upkeep
|turn|24
|
|t:|1760796930
|move|p2a: Gliscor|Spikes|p1a: Garganacl
|-sidestart|p1: Avl2121|Spikes
|move|p1a: Garganacl|Salt Cure|p2a: Gliscor
|-damage|p2a: Gliscor|70/100 tox
|
|-heal|p2a: Gliscor|83/100 tox|[from] ability: Poison Heal
|-damage|p2a: Gliscor|70/100 tox|[from] Salt Cure
|upkeep
|turn|25
|
|t:|1760796939
|move|p2a: Gliscor|Spikes|p1a: Garganacl
|-sidestart|p1: Avl2121|Spikes
|move|p1a: Garganacl|Salt Cure|p2a: Gliscor
|-damage|p2a: Gliscor|60/100 tox
|
|-heal|p2a: Gliscor|73/100 tox|[from] ability: Poison Heal
|-damage|p2a: Gliscor|60/100 tox|[from] Salt Cure
|upkeep
|turn|26
|
|t:|1760796952
|move|p2a: Gliscor|Earthquake|p1a: Garganacl
|-damage|p1a: Garganacl|85/100
|move|p1a: Garganacl|Salt Cure|p2a: Gliscor
|-damage|p2a: Gliscor|52/100 tox
|
|-heal|p1a: Garganacl|91/100|[from] item: Leftovers
|-heal|p2a: Gliscor|64/100 tox|[from] ability: Poison Heal
|-damage|p2a: Gliscor|52/100 tox|[from] Salt Cure
|upkeep
|turn|27
|
|t:|1760796966
|move|p2a: Gliscor|Protect|p2a: Gliscor
|-singleturn|p2a: Gliscor|Protect
|move|p1a: Garganacl|Curse|p2a: Gliscor
|-start|p2a: Gliscor|Curse|[of] p1a: Garganacl
|-damage|p1a: Garganacl|41/100
|
|-heal|p1a: Garganacl|47/100|[from] item: Leftovers
|-heal|p2a: Gliscor|64/100 tox|[from] ability: Poison Heal
|-damage|p2a: Gliscor|39/100 tox|[from] Curse
|-damage|p2a: Gliscor|27/100 tox|[from] Salt Cure
|upkeep
|turn|28
|
|t:|1760796986
|switch|p2a: Alomomola|Alomomola, F|89/100
|move|p1a: Garganacl|Recover|p1a: Garganacl
|-heal|p1a: Garganacl|97/100
|
|-heal|p1a: Garganacl|100/100|[from] item: Leftovers
|upkeep
|turn|29
|
|t:|1760797004
|move|p2a: Alomomola|Flip Turn|p1a: Garganacl
|-crit|p1a: Garganacl
|-damage|p1a: Garganacl|88/100
|
|t:|1760797019
|switch|p2a: Weavile|Weavile, F|100/100|[from] Flip Turn
|-ability|p2a: Weavile|Pressure
|move|p1a: Garganacl|Salt Cure|p2a: Weavile
|-supereffective|p2a: Weavile
|-damage|p2a: Weavile|51/100
|-start|p2a: Weavile|Salt Cure
|
|-heal|p1a: Garganacl|94/100|[from] item: Leftovers
|-damage|p2a: Weavile|38/100|[from] Salt Cure
|upkeep
|turn|30
|
|t:|1760797031
|move|p1a: Garganacl|Protect|p1a: Garganacl
|-singleturn|p1a: Garganacl|Protect
|move|p2a: Weavile|Knock Off|p1a: Garganacl
|-activate|p1a: Garganacl|move: Protect
|
|-heal|p1a: Garganacl|99/100|[from] item: Leftovers
|-damage|p2a: Weavile|26/100|[from] Salt Cure
|upkeep
|turn|31
|
|t:|1760797039
|move|p2a: Weavile|Knock Off|p1a: Garganacl
|-supereffective|p1a: Garganacl
|-damage|p1a: Garganacl|55/100
|-enditem|p1a: Garganacl|Leftovers|[from] move: Knock Off|[of] p2a: Weavile
|move|p1a: Garganacl|Recover|p1a: Garganacl
|-heal|p1a: Garganacl|100/100
|
|-damage|p2a: Weavile|13/100|[from] Salt Cure
|upkeep
|turn|32
|
|t:|1760797054
|switch|p2a: Alomomola|Alomomola, F|100/100
|move|p1a: Garganacl|Salt Cure|p2a: Alomomola
|-damage|p2a: Alomomola|90/100
|-start|p2a: Alomomola|Salt Cure
|
|-damage|p2a: Alomomola|65/100|[from] Salt Cure
|upkeep
|turn|33
|
|t:|1760797065
|move|p1a: Garganacl|Protect|p1a: Garganacl
|-singleturn|p1a: Garganacl|Protect
|move|p2a: Alomomola|Flip Turn|p1a: Garganacl
|-activate|p1a: Garganacl|move: Protect
|
|-damage|p2a: Alomomola|40/100|[from] Salt Cure
|upkeep
|turn|34
|
|t:|1760797075
|switch|p2a: Pecharunt|Pecharunt|53/100
|move|p1a: Garganacl|Salt Cure|p2a: Pecharunt
|-damage|p2a: Pecharunt|46/100
|-start|p2a: Pecharunt|Salt Cure
|
|-damage|p2a: Pecharunt|33/100|[from] Salt Cure
|upkeep
|turn|35
|
|t:|1760797087
|move|p1a: Garganacl|Protect|p1a: Garganacl
|-singleturn|p1a: Garganacl|Protect
|move|p2a: Pecharunt|Recover|p2a: Pecharunt
|-heal|p2a: Pecharunt|83/100
|
|-damage|p2a: Pecharunt|71/100|[from] Salt Cure
|upkeep
|turn|36
|
|t:|1760797096
|move|p2a: Pecharunt|Parting Shot|p1a: Garganacl
|-unboost|p1a: Garganacl|atk|1
|-unboost|p1a: Garganacl|spa|1
|
|t:|1760797101
|switch|p2a: Alomomola|Alomomola, F|74/100|[from] Parting Shot
|move|p1a: Garganacl|Curse|p2a: Alomomola
|-start|p2a: Alomomola|Curse|[of] p1a: Garganacl
|-damage|p1a: Garganacl|50/100
|
|-damage|p2a: Alomomola|49/100|[from] Curse
|upkeep
|turn|37
|
|t:|1760797110
|move|p1a: Garganacl|Protect|p1a: Garganacl
|-singleturn|p1a: Garganacl|Protect
|move|p2a: Alomomola|Flip Turn|p1a: Garganacl
|-activate|p1a: Garganacl|move: Protect
|
|-damage|p2a: Alomomola|24/100|[from] Curse
|upkeep
|turn|38
|
|t:|1760797118
|move|p2a: Alomomola|Flip Turn|p1a: Garganacl
|-damage|p1a: Garganacl|42/100
|
|t:|1760797122
|switch|p2a: Pecharunt|Pecharunt|71/100|[from] Flip Turn
|move|p1a: Garganacl|Recover|p1a: Garganacl
|-heal|p1a: Garganacl|92/100
|
|upkeep
|turn|39
|
|t:|1760797132
|move|p2a: Pecharunt|Parting Shot|p1a: Garganacl
|-unboost|p1a: Garganacl|atk|1
|-unboost|p1a: Garganacl|spa|1
|
|t:|1760797136
|switch|p2a: Alomomola|Alomomola, F|57/100|[from] Parting Shot
|move|p1a: Garganacl|Salt Cure|p2a: Alomomola
|-damage|p2a: Alomomola|51/100
|-start|p2a: Alomomola|Salt Cure
|
|-damage|p2a: Alomomola|26/100|[from] Salt Cure
|upkeep
|turn|40
|
|t:|1760797146
|switch|p2a: Pecharunt|Pecharunt|71/100
|move|p1a: Garganacl|Protect||[still]
|-fail|p1a: Garganacl
|
|upkeep
|turn|41
|
|t:|1760797158
|move|p2a: Pecharunt|Parting Shot|p1a: Garganacl
|-unboost|p1a: Garganacl|atk|1
|-unboost|p1a: Garganacl|spa|1
|
|t:|1760797162
|switch|p2a: Alomomola|Alomomola, F|60/100|[from] Parting Shot
|move|p1a: Garganacl|Salt Cure|p2a: Alomomola
|-damage|p2a: Alomomola|56/100
|-start|p2a: Alomomola|Salt Cure
|
|-damage|p2a: Alomomola|31/100|[from] Salt Cure
|upkeep
|turn|42
|
|t:|1760797174
|switch|p2a: Pecharunt|Pecharunt|71/100
|move|p1a: Garganacl|Protect||[still]
|-fail|p1a: Garganacl
|
|upkeep
|turn|43
|
|t:|1760797192
|move|p2a: Pecharunt|Malignant Chain|p1a: Garganacl
|-resisted|p1a: Garganacl
|-damage|p1a: Garganacl|78/100
|move|p1a: Garganacl|Salt Cure|p2a: Pecharunt
|-damage|p2a: Pecharunt|68/100
|-start|p2a: Pecharunt|Salt Cure
|
|-damage|p2a: Pecharunt|55/100|[from] Salt Cure
|upkeep
|turn|44
|
|t:|1760797201
|switch|p2a: Alomomola|Alomomola, F|64/100
|move|p1a: Garganacl|Curse|p2a: Alomomola
|-start|p2a: Alomomola|Curse|[of] p1a: Garganacl
|-damage|p1a: Garganacl|28/100
|
|-damage|p2a: Alomomola|39/100|[from] Curse
|upkeep
|turn|45
|
|t:|1760797211
|switch|p2a: Pecharunt|Pecharunt|55/100
|move|p1a: Garganacl|Protect||[still]
|-fail|p1a: Garganacl
|
|upkeep
|turn|46
|
|t:|1760797220
|move|p2a: Pecharunt|Malignant Chain|p1a: Garganacl
|-resisted|p1a: Garganacl
|-damage|p1a: Garganacl|14/100
|move|p1a: Garganacl|Recover|p1a: Garganacl
|-heal|p1a: Garganacl|64/100
|
|upkeep
|turn|47
|
|t:|1760797232
|move|p2a: Pecharunt|Malignant Chain|p1a: Garganacl
|-resisted|p1a: Garganacl
|-damage|p1a: Garganacl|48/100
|move|p1a: Garganacl|Salt Cure|p2a: Pecharunt
|-damage|p2a: Pecharunt|53/100
|-start|p2a: Pecharunt|Salt Cure
|
|-damage|p2a: Pecharunt|40/100|[from] Salt Cure
|upkeep
|turn|48
|
|t:|1760797242
|switch|p2a: Alomomola|Alomomola, F|72/100
|move|p1a: Garganacl|Salt Cure|p2a: Alomomola
|-damage|p2a: Alomomola|68/100
|-start|p2a: Alomomola|Salt Cure
|
|-damage|p2a: Alomomola|43/100|[from] Salt Cure
|upkeep
|turn|49
|
|t:|1760797253
|switch|p2a: Pecharunt|Pecharunt|40/100
|move|p1a: Garganacl|Protect||[still]
|-fail|p1a: Garganacl
|
|upkeep
|turn|50
|
|t:|1760797259
|move|p2a: Pecharunt|Recover|p2a: Pecharunt
|-heal|p2a: Pecharunt|90/100
|move|p1a: Garganacl|Salt Cure|p2a: Pecharunt
|-damage|p2a: Pecharunt|87/100
|-start|p2a: Pecharunt|Salt Cure
|
|-damage|p2a: Pecharunt|75/100|[from] Salt Cure
|upkeep
|turn|51
|
|t:|1760797268
|switch|p2a: Alomomola|Alomomola, F|76/100
|move|p1a: Garganacl|Salt Cure|p2a: Alomomola
|-damage|p2a: Alomomola|72/100
|-start|p2a: Alomomola|Salt Cure
|
|-damage|p2a: Alomomola|47/100|[from] Salt Cure
|upkeep
|turn|52
|
|t:|1760797278
|move|p1a: Garganacl|Protect|p1a: Garganacl
|-singleturn|p1a: Garganacl|Protect
|move|p2a: Alomomola|Flip Turn|p1a: Garganacl
|-activate|p1a: Garganacl|move: Protect
|
|-damage|p2a: Alomomola|22/100|[from] Salt Cure
|upkeep
|turn|53
|
|t:|1760797289
|move|p2a: Alomomola|Flip Turn|p1a: Garganacl
|-damage|p1a: Garganacl|40/100
|
|t:|1760797293
|switch|p2a: Pecharunt|Pecharunt|75/100|[from] Flip Turn
|move|p1a: Garganacl|Salt Cure|p2a: Pecharunt
|-damage|p2a: Pecharunt|72/100
|-start|p2a: Pecharunt|Salt Cure
|
|-damage|p2a: Pecharunt|59/100|[from] Salt Cure
|upkeep
|turn|54
|
|t:|1760797311
|move|p2a: Pecharunt|Malignant Chain|p1a: Garganacl
|-resisted|p1a: Garganacl
|-damage|p1a: Garganacl|26/100
|move|p1a: Garganacl|Recover|p1a: Garganacl
|-heal|p1a: Garganacl|76/100
|
|-damage|p2a: Pecharunt|47/100|[from] Salt Cure
|upkeep
|turn|55
|
|t:|1760797326
|move|p2a: Pecharunt|Recover|p2a: Pecharunt
|-heal|p2a: Pecharunt|97/100
|move|p1a: Garganacl|Salt Cure|p2a: Pecharunt
|-damage|p2a: Pecharunt|94/100
|
|-damage|p2a: Pecharunt|82/100|[from] Salt Cure
|upkeep
|turn|56
|
|t:|1760797336
|switch|p2a: Alomomola|Alomomola, F|55/100
|move|p1a: Garganacl|Salt Cure|p2a: Alomomola
|-damage|p2a: Alomomola|51/100
|-start|p2a: Alomomola|Salt Cure
|
|-damage|p2a: Alomomola|26/100|[from] Salt Cure
|upkeep
|turn|57
|
|t:|1760797345
|switch|p2a: Pecharunt|Pecharunt|82/100
|move|p1a: Garganacl|Salt Cure|p2a: Pecharunt
|-damage|p2a: Pecharunt|79/100
|-start|p2a: Pecharunt|Salt Cure
|
|-damage|p2a: Pecharunt|67/100|[from] Salt Cure
|upkeep
|turn|58
|
|t:|1760797353
|switch|p2a: Alomomola|Alomomola, F|59/100
|move|p1a: Garganacl|Salt Cure|p2a: Alomomola
|-damage|p2a: Alomomola|54/100
|-start|p2a: Alomomola|Salt Cure
|
|-damage|p2a: Alomomola|29/100|[from] Salt Cure
|upkeep
|turn|59
|
|t:|1760797362
|switch|p2a: Pecharunt|Pecharunt|67/100
|move|p1a: Garganacl|Curse|p2a: Pecharunt
|-start|p2a: Pecharunt|Curse|[of] p1a: Garganacl
|-damage|p1a: Garganacl|26/100
|
|-damage|p2a: Pecharunt|42/100|[from] Curse
|upkeep
|turn|60
|
|t:|1760797371
|switch|p2a: Alomomola|Alomomola, F|62/100
|move|p1a: Garganacl|Curse|p2a: Alomomola
|-start|p2a: Alomomola|Curse|[of] p1a: Garganacl
|-damage|p1a: Garganacl|0 fnt
|faint|p1a: Garganacl
|
|-damage|p2a: Alomomola|37/100|[from] Curse
|upkeep
|
|t:|1760797374
|switch|p1a: Rotom|Rotom-Wash|88/100
|-damage|p1a: Rotom|76/100|[from] Stealth Rock
|turn|61
|
|t:|1760797394
|move|p1a: Rotom|Volt Switch|p2a: Alomomola
|-supereffective|p2a: Alomomola
|-damage|p2a: Alomomola|0 fnt
|faint|p2a: Alomomola
|
|t:|1760797396
|switch|p1a: Blaziken|Blaziken, F|100/100|[from] Volt Switch
|-damage|p1a: Blaziken|88/100|[from] Stealth Rock
|-damage|p1a: Blaziken|63/100|[from] Spikes
|
|-heal|p1a: Blaziken|69/100|[from] item: Leftovers
|upkeep
|
|t:|1760797410
|switch|p2a: Great Tusk|Great Tusk|6/100
|turn|62
|
|t:|1760797419
|move|p1a: Blaziken|Protect|p1a: Blaziken
|-singleturn|p1a: Blaziken|Protect
|move|p2a: Great Tusk|Headlong Rush|p1a: Blaziken
|-activate|p1a: Blaziken|move: Protect
|
|-heal|p1a: Blaziken|75/100|[from] item: Leftovers
|-ability|p1a: Blaziken|Speed Boost|boost
|-boost|p1a: Blaziken|spe|1
|upkeep
|turn|63
|
|t:|1760797429
|move|p1a: Blaziken|Flare Blitz|p2a: Great Tusk
|-damage|p2a: Great Tusk|0 fnt
|-damage|p1a: Blaziken|59/100|[from] item: Rocky Helmet|[of] p2a: Great Tusk
|faint|p2a: Great Tusk
|-end|p2a: Great Tusk|Protosynthesis|[silent]
|-damage|p1a: Blaziken|56/100|[from] Recoil
|
|-heal|p1a: Blaziken|62/100|[from] item: Leftovers
|-ability|p1a: Blaziken|Speed Boost|boost
|-boost|p1a: Blaziken|spe|1
|upkeep
|
|t:|1760797439
|switch|p2a: Gliscor|Gliscor, M|27/100 tox
|turn|64
|
|t:|1760797446
|move|p1a: Blaziken|Protect|p1a: Blaziken
|-singleturn|p1a: Blaziken|Protect
|move|p2a: Gliscor|Protect||[still]
|-fail|p2a: Gliscor
|
|-heal|p1a: Blaziken|68/100|[from] item: Leftovers
|-heal|p2a: Gliscor|39/100 tox|[from] ability: Poison Heal
|-ability|p1a: Blaziken|Speed Boost|boost
|-boost|p1a: Blaziken|spe|1
|upkeep
|turn|65
|
|t:|1760797456
|move|p2a: Gliscor|Protect|p2a: Gliscor
|-singleturn|p2a: Gliscor|Protect
|move|p1a: Blaziken|Swords Dance|p1a: Blaziken
|-boost|p1a: Blaziken|atk|2
|
|-heal|p1a: Blaziken|74/100|[from] item: Leftovers
|-heal|p2a: Gliscor|52/100 tox|[from] ability: Poison Heal
|-ability|p1a: Blaziken|Speed Boost|boost
|-boost|p1a: Blaziken|spe|1
|upkeep
|turn|66
|
|t:|1760797468
|move|p1a: Blaziken|Flare Blitz|p2a: Gliscor
|-damage|p2a: Gliscor|0 fnt
|faint|p2a: Gliscor
|-damage|p1a: Blaziken|54/100|[from] Recoil
|
|-heal|p1a: Blaziken|60/100|[from] item: Leftovers
|-ability|p1a: Blaziken|Speed Boost|boost
|-boost|p1a: Blaziken|spe|1
|upkeep
|
|t:|1760797478
|switch|p2a: Pecharunt|Pecharunt|42/100
|turn|67
|
|t:|1760797484
|move|p1a: Blaziken|Flare Blitz|p2a: Pecharunt
|-damage|p2a: Pecharunt|0 fnt
|faint|p2a: Pecharunt
|-damage|p1a: Blaziken|43/100|[from] Recoil
|
|-heal|p1a: Blaziken|49/100|[from] item: Leftovers
|-ability|p1a: Blaziken|Speed Boost|boost
|-boost|p1a: Blaziken|spe|1
|upkeep
|
|t:|1760797493
|switch|p2a: Weavile|Weavile, F|13/100
|-ability|p2a: Weavile|Pressure
|turn|68
|
|t:|1760797501
|move|p1a: Blaziken|Protect|p1a: Blaziken
|-singleturn|p1a: Blaziken|Protect
|move|p2a: Weavile|Triple Axel|p1a: Blaziken
|-activate|p1a: Blaziken|move: Protect
|
|-heal|p1a: Blaziken|55/100|[from] item: Leftovers
|upkeep
|turn|69
|
|t:|1760797509
|move|p1a: Blaziken|Flare Blitz|p2a: Weavile
|-supereffective|p2a: Weavile
|-damage|p2a: Weavile|0 fnt
|faint|p2a: Weavile
|-damage|p1a: Blaziken|51/100|[from] Recoil
|
|win|Avl2121
|raw|Avl2121's rating: 1267 &rarr; <strong>1290</strong><br />(+23 for winning)
|raw|Uranium233's rating: 1238 &rarr; <strong>1215</strong><br />(-23 for losing)
|l|☆Uranium233
|player|p2|
|l|☆Avl2121
|player|p1|
|j|☆Avl2121
|player|p1|Avl2121|dragontamer|
|l|☆Avl2121
|player|p1|
