|j|☆TotallySkilled
|j|☆Magguss
|t:|1760811498
|gametype|singles
|player|p1|TotallySkilled|guzma|1627
|player|p2|Magguss|266|1747
|gen|9
|tier|[Gen 9] OU
|rated|
|rule|HP Percentage Mod: HP is shown in percentages
|rule|Endless Battle Clause: Forcing endless battles is banned
|rule|Species Clause: Limit one of each Pokémon
|rule|OHKO Clause: OHKO moves are banned
|rule|Evasion Items Clause: Evasion items are banned
|rule|Evasion Moves Clause: Evasion moves are banned
|rule|Evasion Abilities Clause: Evasion abilities are banned
|rule|Sleep Moves Clause: Sleep-inducing moves are banned
|clearpoke
|poke|p1|Moltres-Galar|
|poke|p1|Araquanid, M|
|poke|p1|Garchomp, M|
|poke|p1|Great Tusk|
|poke|p1|Sinistcha|
|poke|p1|Gholdengo|
|poke|p2|Zamazenta-*|
|poke|p2|Ursaluna, M|
|poke|p2|Sinistcha|
|poke|p2|Raging Bolt|
|poke|p2|Cinderace, M|
|poke|p2|Azumarill, F|
|teampreview
|inactive|Battle timer is ON: inactive players will automatically lose when time's up. (requested by Magguss)
|
|t:|1760811509
|teamsize|p1|6
|teamsize|p2|6
|start
|switch|p1a: Garchomp|Garchomp, M|100/100
|switch|p2a: Raging Bolt|Raging Bolt|100/100
|-enditem|p2a: Raging Bolt|Booster Energy
|-activate|p2a: Raging Bolt|ability: Protosynthesis|[fromitem]
|-start|p2a: Raging Bolt|protosynthesisspa
|turn|1
|
|t:|1760811518
|move|p1a: Garchomp|Earthquake|p2a: Raging Bolt
|-supereffective|p2a: Raging Bolt
|-crit|p2a: Raging Bolt
|-damage|p2a: Raging Bolt|0 fnt
|faint|p2a: Raging Bolt
|-end|p2a: Raging Bolt|Protosynthesis|[silent]
|
|upkeep
|
|t:|1760811525
|switch|p2a: Ursaluna|Ursaluna, M, shiny|100/100
|turn|2
|
|t:|1760811529
|move|p2a: Ursaluna|Earthquake|p1a: Garchomp
|-damage|p1a: Garchomp|62/100
|move|p1a: Garchomp|Dragon Tail|p2a: Ursaluna
|-damage|p2a: Ursaluna|81/100
|drag|p2a: Zamazenta|Zamazenta, shiny|100/100
|-ability|p2a: Zamazenta|Dauntless Shield|boost
|-boost|p2a: Zamazenta|def|1
|
|upkeep
|turn|3
|
|t:|1760811544
|move|p2a: Zamazenta|Roar|p1a: Garchomp
|drag|p1a: Sinistcha|Sinistcha|100/100
|
|upkeep
|turn|4
|
|t:|1760811551
|switch|p2a: Sinistcha|Sinistcha|100/100
|move|p1a: Sinistcha|Matcha Gotcha|p2a: Sinistcha|[miss]
|-miss|p1a: Sinistcha|p2a: Sinistcha
|
|upkeep
|turn|5
|
|t:|1760811555
|switch|p1a: Gholdengo|Gholdengo|100/100
|move|p2a: Sinistcha|Shadow Ball|p1a: Gholdengo
|-supereffective|p1a: Gholdengo
|-damage|p1a: Gholdengo|37/100
|
|upkeep
|turn|6
|j| lord shiddenfards
|
|t:|1760811565
|switch|p2a: Ursaluna|Ursaluna, M, shiny|81/100
|move|p1a: Gholdengo|Make It Rain|p2a: Ursaluna
|-damage|p2a: Ursaluna|20/100
|-unboost|p1a: Gholdengo|spa|1
|
|-status|p2a: Ursaluna|brn|[from] item: Flame Orb
|upkeep
|turn|7
|
|t:|1760811568
|move|p1a: Gholdengo|Make It Rain|p2a: Ursaluna
|-damage|p2a: Ursaluna|0 fnt
|-unboost|p1a: Gholdengo|spa|1
|faint|p2a: Ursaluna
|
|upkeep
|
|t:|1760811573
|switch|p2a: Azumarill|Azumarill, F, shiny|100/100
|turn|8
|
|t:|1760811580
|switch|p1a: Garchomp|Garchomp, M|62/100
|move|p2a: Azumarill|Play Rough|p1a: Garchomp
|-supereffective|p1a: Garchomp
|-damage|p1a: Garchomp|0 fnt
|-damage|p2a: Azumarill|88/100|[from] ability: Rough Skin|[of] p1a: Garchomp
|-damage|p2a: Azumarill|71/100|[from] item: Rocky Helmet|[of] p1a: Garchomp
|faint|p1a: Garchomp
|
|upkeep
|
|t:|1760811585
|switch|p1a: Araquanid|Araquanid, M|100/100
|turn|9
|l| lord shiddenfards
|
|t:|1760811605
|move|p2a: Azumarill|Play Rough|p1a: Araquanid
|-damage|p1a: Araquanid|43/100
|move|p1a: Araquanid|Sticky Web|p2a: Azumarill
|-sidestart|p2: Magguss|move: Sticky Web
|
|upkeep
|turn|10
|
|t:|1760811609
|move|p1a: Araquanid|Endure|p1a: Araquanid
|-singleturn|p1a: Araquanid|move: Endure
|move|p2a: Azumarill|Play Rough|p1a: Araquanid
|-activate|p1a: Araquanid|move: Endure
|-damage|p1a: Araquanid|1/100
|
|upkeep
|turn|11
|-enditem|p1a: Araquanid|Custap Berry|[eat]
|-activate|p1a: Araquanid|item: Custap Berry|[consumed]
|
|t:|1760811611
|move|p2a: Azumarill|Aqua Jet|p1a: Araquanid
|-resisted|p1a: Araquanid
|-damage|p1a: Araquanid|0 fnt
|faint|p1a: Araquanid
|
|upkeep
|
|t:|1760811617
|switch|p1a: Gholdengo|Gholdengo|37/100
|turn|12
|
|t:|1760811619
|move|p1a: Gholdengo|Recover|p1a: Gholdengo
|-heal|p1a: Gholdengo|87/100
|move|p2a: Azumarill|Knock Off|p1a: Gholdengo
|-supereffective|p1a: Gholdengo
|-damage|p1a: Gholdengo|23/100
|-enditem|p1a: Gholdengo|Metal Coat|[from] move: Knock Off|[of] p2a: Azumarill
|
|upkeep
|turn|13
|
|t:|1760811623
|move|p1a: Gholdengo|Recover|p1a: Gholdengo
|-heal|p1a: Gholdengo|73/100
|move|p2a: Azumarill|Liquidation|p1a: Gholdengo
|-crit|p1a: Gholdengo
|-damage|p1a: Gholdengo|0 fnt
|faint|p1a: Gholdengo
|
|upkeep
|
|t:|1760811629
|switch|p1a: Sinistcha|Sinistcha|100/100
|turn|14
|
|t:|1760811633
|switch|p2a: Sinistcha|Sinistcha|100/100
|-activate|p2a: Sinistcha|move: Sticky Web
|-unboost|p2a: Sinistcha|spe|1
|move|p1a: Sinistcha|Calm Mind|p1a: Sinistcha
|-boost|p1a: Sinistcha|spa|1
|-boost|p1a: Sinistcha|spd|1
|
|upkeep
|turn|15
|
|t:|1760811635
|move|p1a: Sinistcha|Shadow Ball|p2a: Sinistcha
|-supereffective|p2a: Sinistcha
|-damage|p2a: Sinistcha|0 fnt
|faint|p2a: Sinistcha
|
|upkeep
|
|t:|1760811639
|switch|p2a: Cinderace|Cinderace, M|100/100
|turn|16
|
|t:|1760811643
|move|p2a: Cinderace|Court Change|p2a: Cinderace
|-start|p2a: Cinderace|typechange|Normal|[from] ability: Libero
|-swapsideconditions
|-activate|p2a: Cinderace|move: Court Change
|move|p1a: Sinistcha|Strength Sap|p2a: Cinderace
|-unboost|p2a: Cinderace|atk|1
|
|upkeep
|turn|17
|
|t:|1760811647
|switch|p2a: Zamazenta|Zamazenta, shiny|100/100
|move|p1a: Sinistcha|Matcha Gotcha|p2a: Zamazenta
|-damage|p2a: Zamazenta|61/100
|-status|p2a: Zamazenta|brn
|
|-heal|p2a: Zamazenta|67/100 brn|[from] item: Leftovers
|-damage|p2a: Zamazenta|61/100 brn|[from] brn
|upkeep
|turn|18
|
|t:|1760811653
|move|p1a: Sinistcha|Shadow Ball|p2a: Zamazenta
|-damage|p2a: Zamazenta|24/100 brn
|move|p2a: Zamazenta|Roar|p1a: Sinistcha
|drag|p1a: Moltres|Moltres-Galar|100/100
|
|-heal|p2a: Zamazenta|30/100 brn|[from] item: Leftovers
|-damage|p2a: Zamazenta|24/100 brn|[from] brn
|upkeep
|turn|19
|
|t:|1760811659
|move|p2a: Zamazenta|Body Press|p1a: Moltres
|-damage|p1a: Moltres|81/100
|move|p1a: Moltres|Taunt|p2a: Zamazenta
|-start|p2a: Zamazenta|move: Taunt
|
|-heal|p2a: Zamazenta|30/100 brn|[from] item: Leftovers
|-heal|p1a: Moltres|88/100|[from] item: Leftovers
|-damage|p2a: Zamazenta|24/100 brn|[from] brn
|upkeep
|turn|20
|
|t:|1760811662
|move|p2a: Zamazenta|Body Press|p1a: Moltres
|-crit|p1a: Moltres
|-damage|p1a: Moltres|59/100
|move|p1a: Moltres|Nasty Plot|p1a: Moltres
|-boost|p1a: Moltres|spa|2
|
|-heal|p2a: Zamazenta|30/100 brn|[from] item: Leftovers
|-heal|p1a: Moltres|65/100|[from] item: Leftovers
|-damage|p2a: Zamazenta|24/100 brn|[from] brn
|upkeep
|turn|21
|
|t:|1760811664
|move|p2a: Zamazenta|Body Press|p1a: Moltres
|-damage|p1a: Moltres|46/100
|-ability|p1a: Moltres|Berserk|boost
|-boost|p1a: Moltres|spa|1
|move|p1a: Moltres|Fiery Wrath|p2a: Zamazenta
|-resisted|p2a: Zamazenta
|-damage|p2a: Zamazenta|0 fnt
|faint|p2a: Zamazenta
|
|-heal|p1a: Moltres|52/100|[from] item: Leftovers
|upkeep
|
|t:|1760811669
|switch|p2a: Cinderace|Cinderace, M|100/100
|turn|22
|
|t:|1760811672
|move|p2a: Cinderace|Pyro Ball|p1a: Moltres
|-damage|p1a: Moltres|0 fnt
|faint|p1a: Moltres
|
|upkeep
|
|t:|1760811680
|switch|p1a: Sinistcha|Sinistcha|100/100
|turn|23
|
|t:|1760811684
|move|p2a: Cinderace|Pyro Ball|p1a: Sinistcha
|-supereffective|p1a: Sinistcha
|-damage|p1a: Sinistcha|58/100
|move|p1a: Sinistcha|Strength Sap|p2a: Cinderace
|-unboost|p2a: Cinderace|atk|1
|-heal|p1a: Sinistcha|100/100
|
|upkeep
|turn|24
|
|t:|1760811688
|switch|p2a: Azumarill|Azumarill, F, shiny|71/100
|move|p1a: Sinistcha|Calm Mind|p1a: Sinistcha
|-boost|p1a: Sinistcha|spa|1
|-boost|p1a: Sinistcha|spd|1
|
|upkeep
|turn|25
|
|t:|1760811691
|move|p1a: Sinistcha|Strength Sap|p2a: Azumarill
|-unboost|p2a: Azumarill|atk|1
|move|p2a: Azumarill|Knock Off|p1a: Sinistcha
|-supereffective|p1a: Sinistcha
|-damage|p1a: Sinistcha|61/100
|-enditem|p1a: Sinistcha|Heavy-Duty Boots|[from] move: Knock Off|[of] p2a: Azumarill
|
|upkeep
|turn|26
|
|t:|1760811697
|move|p1a: Sinistcha|Matcha Gotcha|p2a: Azumarill
|-supereffective|p2a: Azumarill
|-damage|p2a: Azumarill|0 fnt
|-heal|p1a: Sinistcha|100/100|[from] drain|[of] p2a: Azumarill
|faint|p2a: Azumarill
|
|upkeep
|
|t:|1760811701
|switch|p2a: Cinderace|Cinderace, M|100/100
|turn|27
|
|t:|1760811703
|-terastallize|p2a: Cinderace|Fire
|move|p2a: Cinderace|Pyro Ball|p1a: Sinistcha
|-supereffective|p1a: Sinistcha
|-damage|p1a: Sinistcha|47/100
|move|p1a: Sinistcha|Strength Sap|p2a: Cinderace
|-unboost|p2a: Cinderace|atk|1
|-heal|p1a: Sinistcha|100/100
|
|upkeep
|turn|28
|-message|Magguss forfeited.
|
|win|TotallySkilled
|raw|TotallySkilled's rating: 1627 &rarr; <strong>1654</strong><br />(+27 for winning)
|raw|Magguss's rating: 1747 &rarr; <strong>1720</strong><br />(-27 for losing)
|l|☆Magguss
|player|p2|
|l|☆TotallySkilled
|player|p1|
