|j|☆hacksareus10
|j|☆d00d guy
|t:|1760721524
|gametype|singles
|player|p1|hacksareus10|2|1324
|player|p2|d00d guy|brock|1303
|gen|9
|tier|[Gen 9] OU
|rated|
|rule|HP Percentage Mod: HP is shown in percentages
|rule|Endless Battle Clause: Forcing endless battles is banned
|rule|Species Clause: Limit one of each Pokémon
|rule|OHKO Clause: OHKO moves are banned
|rule|Evasion Items Clause: Evasion items are banned
|rule|Evasion Moves Clause: Evasion moves are banned
|rule|Evasion Abilities Clause: Evasion abilities are banned
|rule|Sleep Moves Clause: Sleep-inducing moves are banned
|clearpoke
|poke|p1|Walking Wake|
|poke|p1|Ninetales, M|
|poke|p1|Corviknight, M|
|poke|p1|Landorus-Therian, M|
|poke|p1|Armarouge, F|
|poke|p1|Arboliva, F|
|poke|p2|Hatterene, F|
|poke|p2|Ursaluna, M|
|poke|p2|Porygon2|
|poke|p2|Cresselia, F|
|poke|p2|Malamar, M|
|poke|p2|Torkoal, M|
|teampreview
|inactive|Battle timer is ON: inactive players will automatically lose when time's up. (requested by hacksareus10)
|
|t:|1760721544
|teamsize|p1|6
|teamsize|p2|6
|start
|switch|p1a: Landorus|Landorus-Therian, M|100/100
|switch|p2a: TARS|Porygon2, shiny|100/100
|-ability|p1a: Landorus|Intimidate|boost
|-unboost|p2a: TARS|atk|1
|-ability|p2a: TARS|Download|boost
|-boost|p2a: TARS|spa|1
|turn|1
|
|t:|1760721561
|move|p1a: Landorus|U-turn|p2a: TARS
|-damage|p2a: TARS|81/100
|
|t:|1760721566
|switch|p1a: Walking Wake|Walking Wake|100/100|[from] U-turn
|move|p2a: TARS|Tera Blast|p1a: Walking Wake
|-damage|p1a: Walking Wake|27/100
|
|upkeep
|turn|2
|
|t:|1760721577
|move|p1a: Walking Wake|Draco Meteor|p2a: TARS
|-damage|p2a: TARS|16/100
|-unboost|p1a: Walking Wake|spa|2
|move|p2a: TARS|Tera Blast|p1a: Walking Wake
|-damage|p1a: Walking Wake|0 fnt
|faint|p1a: Walking Wake
|-end|p1a: Walking Wake|Protosynthesis|[silent]
|
|upkeep
|inactive|hacksareus10 has 120 seconds left.
|
|t:|1760721602
|switch|p1a: Landorus|Landorus-Therian, M|100/100
|-ability|p1a: Landorus|Intimidate|boost
|-unboost|p2a: TARS|atk|1
|turn|3
|
|t:|1760721614
|move|p1a: Landorus|U-turn|p2a: TARS
|-damage|p2a: TARS|0 fnt
|faint|p2a: TARS
|
|t:|1760721624
|switch|p1a: Ninetales|Ninetales, M|100/100|[from] U-turn
|-weather|SunnyDay|[from] ability: Drought|[of] p1a: Ninetales
|
|-weather|SunnyDay|[upkeep]
|upkeep
|
|t:|1760721629
|switch|p2a: Brand|Hatterene, F, shiny|100/100
|turn|4
|
|t:|1760721635
|move|p1a: Ninetales|Weather Ball|p2a: Brand
|-damage|p2a: Brand|58/100
|move|p2a: Brand|Trick Room|p2a: Brand
|-fieldstart|move: Trick Room|[of] p2a: Brand
|
|-weather|SunnyDay|[upkeep]
|upkeep
|turn|5
|
|t:|1760721661
|move|p2a: Brand|Psychic Noise|p1a: Ninetales
|-damage|p1a: Ninetales|56/100
|-start|p1a: Ninetales|move: Heal Block
|move|p1a: Ninetales|Encore|p2a: Brand
|move|p2a: Brand|Encore||[from] ability: Magic Bounce|[still]
|-fail|p2a: Brand
|
|-weather|SunnyDay|[upkeep]
|upkeep
|turn|6
|inactive|d00d guy has 120 seconds left.
|
|t:|1760721677
|move|p2a: Brand|Psychic Noise|p1a: Ninetales
|-damage|p1a: Ninetales|11/100
|move|p1a: Ninetales|Weather Ball|p2a: Brand
|-damage|p2a: Brand|15/100
|
|-weather|SunnyDay|[upkeep]
|-end|p1a: Ninetales|move: Heal Block
|upkeep
|turn|7
|
|t:|1760721689
|switch|p1a: Corviknight|Corviknight, M|100/100
|-ability|p1a: Corviknight|Pressure
|move|p2a: Brand|Healing Wish|p2a: Brand
|faint|p2a: Brand
|
|-weather|SunnyDay|[upkeep]
|upkeep
|inactive|d00d guy has 120 seconds left.
|
|t:|1760721714
|switch|p2a: Mann|Ursaluna, M|100/100
|turn|8
|
|t:|1760721726
|move|p2a: Mann|Fire Punch|p1a: Corviknight
|-supereffective|p1a: Corviknight
|-damage|p1a: Corviknight|45/100
|-damage|p2a: Mann|84/100|[from] item: Rocky Helmet|[of] p1a: Corviknight
|move|p1a: Corviknight|Body Press|p2a: Mann
|-supereffective|p2a: Mann
|-damage|p2a: Mann|47/100
|
|-weather|SunnyDay|[upkeep]
|-fieldend|move: Trick Room
|-status|p2a: Mann|brn|[from] item: Flame Orb
|upkeep
|turn|9
|inactive|d00d guy has 120 seconds left.
|
|t:|1760721753
|switch|p2a: Miller|Cresselia, F, shiny|100/100
|move|p1a: Corviknight|Roost|p1a: Corviknight
|-heal|p1a: Corviknight|95/100
|-singleturn|p1a: Corviknight|move: Roost
|
|-weather|SunnyDay|[upkeep]
|upkeep
|turn|10
|
|t:|1760721766
|move|p1a: Corviknight|U-turn|p2a: Miller
|-supereffective|p2a: Miller
|-crit|p2a: Miller
|-damage|p2a: Miller|77/100
|
|t:|1760721771
|switch|p1a: Landorus|Landorus-Therian, M|100/100|[from] U-turn
|-ability|p1a: Landorus|Intimidate|boost
|-unboost|p2a: Miller|atk|1
|move|p2a: Miller|Trick Room|p2a: Miller
|-fieldstart|move: Trick Room|[of] p2a: Miller
|
|-weather|none
|upkeep
|turn|11
|
|t:|1760721786
|switch|p1a: Ninetales|Ninetales, M|11/100
|-weather|SunnyDay|[from] ability: Drought|[of] p1a: Ninetales
|move|p2a: Miller|Psychic|p1a: Ninetales
|-damage|p1a: Ninetales|0 fnt
|faint|p1a: Ninetales
|
|-weather|SunnyDay|[upkeep]
|upkeep
|
|t:|1760721808
|switch|p1a: Arboliva|Arboliva, F|100/100
|turn|12
|inactive|d00d guy has 120 seconds left.
|
|t:|1760721814
|switch|p2a: Cooper|Torkoal, M|100/100
|move|p1a: Arboliva|Substitute|p1a: Arboliva
|-start|p1a: Arboliva|Substitute
|-damage|p1a: Arboliva|75/100
|
|-weather|SunnyDay|[upkeep]
|upkeep
|turn|13
|
|t:|1760721828
|-terastallize|p1a: Arboliva|Ghost
|move|p2a: Cooper|Weather Ball|p1a: Arboliva
|-end|p1a: Arboliva|Substitute
|move|p1a: Arboliva|Tera Blast|p2a: Cooper|[anim] Tera Blast Ghost
|-damage|p2a: Cooper|57/100
|
|-weather|SunnyDay|[upkeep]
|upkeep
|turn|14
|inactive|d00d guy has 120 seconds left.
|
|t:|1760721851
|move|p2a: Cooper|Weather Ball|p1a: Arboliva
|-damage|p1a: Arboliva|0 fnt
|faint|p1a: Arboliva
|
|-weather|SunnyDay|[upkeep]
|-fieldend|move: Trick Room
|upkeep
|inactive|hacksareus10 has 120 seconds left.
|
|t:|1760721867
|switch|p1a: Landorus|Landorus-Therian, M|100/100
|-ability|p1a: Landorus|Intimidate|boost
|-unboost|p2a: Cooper|atk|1
|turn|15
|inactive|hacksareus10 has 120 seconds left.
|inactive|d00d guy has 120 seconds left.
|
|t:|1760721888
|switch|p2a: Miller|Cresselia, F, shiny|77/100
|-heal|p2a: Miller|100/100|[from] move: Healing Wish
|move|p1a: Landorus|Earthquake|p2a: Miller
|-immune|p2a: Miller|[from] ability: Levitate
|
|-weather|SunnyDay|[upkeep]
|upkeep
|turn|16
|inactive|hacksareus10 has 120 seconds left.
|
|t:|1760721899
|switch|p1a: Corviknight|Corviknight, M|95/100
|-ability|p1a: Corviknight|Pressure
|move|p2a: Miller|Trick Room|p2a: Miller
|-fieldstart|move: Trick Room|[of] p2a: Miller
|
|-weather|SunnyDay|[upkeep]
|upkeep
|turn|17
|inactive|d00d guy has 120 seconds left.
|
|t:|1760721909
|move|p2a: Miller|Lunar Dance|p2a: Miller
|faint|p2a: Miller
|move|p1a: Corviknight|Roost|p1a: Corviknight
|-heal|p1a: Corviknight|100/100
|-singleturn|p1a: Corviknight|move: Roost
|
|-weather|SunnyDay|[upkeep]
|upkeep
|
|t:|1760721918
|switch|p2a: Cooper|Torkoal, M|57/100
|-heal|p2a: Cooper|100/100|[from] move: Lunar Dance
|turn|18
|
|t:|1760721927
|-terastallize|p2a: Cooper|Fire
|move|p2a: Cooper|Eruption|p1a: Corviknight
|-supereffective|p1a: Corviknight
|-damage|p1a: Corviknight|0 fnt
|faint|p1a: Corviknight
|
|-weather|none
|upkeep
|
|t:|1760721938
|switch|p1a: Armarouge|Armarouge, F|100/100
|turn|19
|inactive|d00d guy has 120 seconds left.
|
|t:|1760721970
|move|p2a: Cooper|Eruption|p1a: Armarouge
|-resisted|p1a: Armarouge
|-damage|p1a: Armarouge|25/100
|move|p1a: Armarouge|Armor Cannon|p2a: Cooper
|-resisted|p2a: Cooper
|-damage|p2a: Cooper|61/100
|-unboost|p1a: Armarouge|def|1
|-unboost|p1a: Armarouge|spd|1
|
|upkeep
|turn|20
|
|t:|1760721979
|switch|p2a: Alien|Malamar, M|100/100
|-enditem|p2a: Alien|Room Service
|-boost|p2a: Alien|spe|1|[from] item: Room Service
|move|p1a: Armarouge|Endure||[still]
|-fail|p1a: Armarouge
|
|-fieldend|move: Trick Room
|upkeep
|turn|21
|
|t:|1760721988
|move|p1a: Armarouge|Endure|p1a: Armarouge
|-singleturn|p1a: Armarouge|move: Endure
|move|p2a: Alien|Knock Off|p1a: Armarouge
|-supereffective|p1a: Armarouge
|-activate|p1a: Armarouge|move: Endure
|-damage|p1a: Armarouge|1/100
|-ability|p1a: Armarouge|Weak Armor|boost
|-unboost|p1a: Armarouge|def|1
|-boost|p1a: Armarouge|spe|2
|-enditem|p1a: Armarouge|Weakness Policy
|-boost|p1a: Armarouge|atk|2|[from] item: Weakness Policy
|-boost|p1a: Armarouge|spa|2|[from] item: Weakness Policy
|
|upkeep
|turn|22
|
|t:|1760721999
|move|p1a: Armarouge|Armor Cannon|p2a: Alien
|-damage|p2a: Alien|0 fnt
|-unboost|p1a: Armarouge|def|1
|-unboost|p1a: Armarouge|spd|1
|faint|p2a: Alien
|
|upkeep
|
|t:|1760722005
|switch|p2a: Cooper|Torkoal, M, tera:Fire|61/100
|-weather|SunnyDay|[from] ability: Drought|[of] p2a: Cooper
|turn|23
|
|t:|1760722010
|move|p1a: Armarouge|Stored Power|p2a: Cooper
|-damage|p2a: Cooper|0 fnt
|faint|p2a: Cooper
|
|-weather|SunnyDay|[upkeep]
|upkeep
|
|t:|1760722014
|switch|p2a: Mann|Ursaluna, M|47/100 brn
|turn|24
|
|t:|1760722022
|move|p1a: Armarouge|Armor Cannon|p2a: Mann
|-damage|p2a: Mann|0 fnt
|-unboost|p1a: Armarouge|def|1
|-unboost|p1a: Armarouge|spd|1
|faint|p2a: Mann
|
|win|hacksareus10
|raw|hacksareus10's rating: 1324 &rarr; <strong>1343</strong><br />(+19 for winning)
|raw|d00d guy's rating: 1303 &rarr; <strong>1284</strong><br />(-19 for losing)
|l|☆d00d guy
|player|p2|
|c|☆hacksareus10|Gg
|l|☆hacksareus10
|player|p1|
