|j|☆supmydudeee
|j|☆theboatsbrokendad
|t:|1760857008
|gametype|singles
|player|p1|supmydudeee|1|1527
|player|p2|theboatsbrokendad|170|1579
|gen|9
|tier|[Gen 9] OU
|rated|
|rule|HP Percentage Mod: HP is shown in percentages
|rule|Endless Battle Clause: Forcing endless battles is banned
|rule|Species Clause: Limit one of each Pokémon
|rule|OHKO Clause: OHKO moves are banned
|rule|Evasion Items Clause: Evasion items are banned
|rule|Evasion Moves Clause: Evasion moves are banned
|rule|Evasion Abilities Clause: Evasion abilities are banned
|rule|Sleep Moves Clause: Sleep-inducing moves are banned
|clearpoke
|poke|p1|Greninja-*, F|
|poke|p1|Cinderace, F|
|poke|p1|Slowking-Galar, M|
|poke|p1|Kyurem|
|poke|p1|Gholdengo|
|poke|p1|Mandibuzz, F|
|poke|p2|Weezing-Galar, M|
|poke|p2|Scizor, F|
|poke|p2|Braviary-Hisui, M|
|poke|p2|Ting-Lu|
|poke|p2|Tentacruel, F|
|poke|p2|Garganacl, F|
|teampreview
|inactive|Battle timer is ON: inactive players will automatically lose when time's up. (requested by theboatsbrokendad)
|inactive|supmydudeee also wants the timer to be on.
|
|t:|1760857030
|teamsize|p1|6
|teamsize|p2|6
|start
|switch|p1a: Cinderace|Cinderace, F|100/100
|switch|p2a: whorse|Ting-Lu|100/100
|-ability|p2a: whorse|Vessel of Ruin
|turn|1
|
|t:|1760857041
|move|p1a: Cinderace|Low Kick|p2a: whorse
|-start|p1a: Cinderace|typechange|Fighting|[from] ability: Libero
|-supereffective|p2a: whorse
|-damage|p2a: whorse|28/100
|move|p2a: whorse|Stealth Rock|p1a: Cinderace
|-sidestart|p1: supmydudeee|move: Stealth Rock
|
|-heal|p2a: whorse|34/100|[from] item: Leftovers
|upkeep
|turn|2
|
|t:|1760857056
|switch|p1a: Mandibuzz|Mandibuzz, F|100/100
|switch|p2a: bord|Braviary-Hisui, M|100/100
|
|upkeep
|turn|3
|
|t:|1760857066
|move|p2a: bord|Air Slash|p1a: Mandibuzz
|-damage|p1a: Mandibuzz|66/100
|move|p1a: Mandibuzz|Defog|p2a: bord
|-unboost|p2a: bord|evasion|1
|-sideend|p1: supmydudeee|Stealth Rock|[from] move: Defog|[of] p1a: Mandibuzz
|
|upkeep
|turn|4
|
|t:|1760857074
|switch|p1a: Slowking|Slowking-Galar, M|100/100
|move|p2a: bord|Air Slash|p1a: Slowking
|-damage|p1a: Slowking|78/100
|
|upkeep
|turn|5
|
|t:|1760857086
|switch|p2a: whorse|Ting-Lu|34/100
|-ability|p2a: whorse|Vessel of Ruin
|-prepare|p1a: Slowking|Chilly Reception|[premajor]
|move|p1a: Slowking|Chilly Reception|p1a: Slowking
|-weather|Snowscape
|
|t:|1760857096
|switch|p1a: Cinderace|Cinderace, F|100/100|[from] Chilly Reception
|
|-weather|Snowscape|[upkeep]
|-heal|p2a: whorse|40/100|[from] item: Leftovers
|upkeep
|turn|6
|
|t:|1760857104
|move|p1a: Cinderace|U-turn|p2a: whorse
|-start|p1a: Cinderace|typechange|Bug|[from] ability: Libero
|-supereffective|p2a: whorse
|-damage|p2a: whorse|0 fnt
|faint|p2a: whorse
|
|t:|1760857112
|switch|p1a: Greninja|Greninja, F|100/100|[from] U-turn
|
|-weather|Snowscape|[upkeep]
|upkeep
|
|t:|1760857115
|switch|p2a: Scizor|Scizor, F|100/100
|turn|7
|
|t:|1760857122
|switch|p1a: Gholdengo|Gholdengo|100/100
|move|p2a: Scizor|U-turn|p1a: Gholdengo
|-resisted|p1a: Gholdengo
|-damage|p1a: Gholdengo|85/100
|
|t:|1760857130
|switch|p2a: yellyfisg|Tentacruel, F|100/100|[from] U-turn
|
|-weather|Snowscape|[upkeep]
|upkeep
|turn|8
|
|t:|1760857136
|switch|p1a: Mandibuzz|Mandibuzz, F|66/100
|move|p2a: yellyfisg|Surf|p1a: Mandibuzz
|-damage|p1a: Mandibuzz|37/100
|
|-weather|Snowscape|[upkeep]
|upkeep
|turn|9
|
|t:|1760857144
|move|p2a: yellyfisg|Ice Beam|p1a: Mandibuzz
|-supereffective|p1a: Mandibuzz
|-damage|p1a: Mandibuzz|0 fnt
|faint|p1a: Mandibuzz
|
|-weather|none
|upkeep
|
|t:|1760857153
|switch|p1a: Kyurem|Kyurem|100/100
|-ability|p1a: Kyurem|Pressure
|turn|10
|
|t:|1760857161
|move|p2a: yellyfisg|Sludge Bomb|p1a: Kyurem
|-damage|p1a: Kyurem|71/100
|move|p1a: Kyurem|Freeze-Dry|p2a: yellyfisg
|-supereffective|p2a: yellyfisg
|-damage|p2a: yellyfisg|34/100
|
|upkeep
|turn|11
|
|t:|1760857169
|switch|p2a: Scizor|Scizor, F|100/100
|move|p1a: Kyurem|Freeze-Dry|p2a: Scizor
|-resisted|p2a: Scizor
|-damage|p2a: Scizor|67/100
|
|upkeep
|turn|12
|
|t:|1760857187
|move|p1a: Kyurem|Freeze-Dry|p2a: Scizor
|-resisted|p2a: Scizor
|-crit|p2a: Scizor
|-damage|p2a: Scizor|14/100
|move|p2a: Scizor|Knock Off|p1a: Kyurem
|-damage|p1a: Kyurem|15/100
|-enditem|p1a: Kyurem|Choice Specs|[from] move: Knock Off|[of] p2a: Scizor
|
|upkeep
|turn|13
|
|t:|1760857195
|switch|p2a: yellyfisg|Tentacruel, F|34/100
|move|p1a: Kyurem|Freeze-Dry|p2a: yellyfisg
|-supereffective|p2a: yellyfisg
|-damage|p2a: yellyfisg|0 fnt
|faint|p2a: yellyfisg
|
|upkeep
|
|t:|1760857203
|switch|p2a: bord|Braviary-Hisui, M|100/100
|turn|14
|
|t:|1760857208
|move|p2a: bord|Vacuum Wave|p1a: Kyurem
|-supereffective|p1a: Kyurem
|-damage|p1a: Kyurem|0 fnt
|faint|p1a: Kyurem
|
|upkeep
|
|t:|1760857215
|switch|p1a: Gholdengo|Gholdengo|85/100
|turn|15
|inactive|theboatsbrokendad has 120 seconds left.
|
|t:|1760857255
|move|p2a: bord|Esper Wing|p1a: Gholdengo
|-resisted|p1a: Gholdengo
|-damage|p1a: Gholdengo|43/100
|-boost|p2a: bord|spe|1
|move|p1a: Gholdengo|Nasty Plot|p1a: Gholdengo
|-boost|p1a: Gholdengo|spa|2
|
|upkeep
|turn|16
|
|t:|1760857268
|move|p2a: bord|Esper Wing|p1a: Gholdengo
|-resisted|p1a: Gholdengo
|-crit|p1a: Gholdengo
|-damage|p1a: Gholdengo|0 fnt
|-boost|p2a: bord|spe|1
|faint|p1a: Gholdengo
|
|upkeep
|-message|supmydudeee forfeited.
|
|win|theboatsbrokendad
|raw|supmydudeee's rating: 1527 &rarr; <strong>1510</strong><br />(-17 for losing)
|raw|theboatsbrokendad's rating: 1579 &rarr; <strong>1596</strong><br />(+17 for winning)
|l|☆supmydudeee
|player|p1|
