|j|☆Sacri23
|j|☆1hfkqhwhrelk%◕‿‿◕%
|inactive|Battle timer is ON: inactive players will automatically lose when time's up.
|t:|1760856940
|gametype|singles
|player|p1|Sacri23|lucas|
|player|p2|1hfkqhwhrelk%◕‿‿◕%|lusamine-nihilego|
|gen|9
|tier|[Gen 9] OU
|rated|Tournament battle
|rule|HP Percentage Mod: HP is shown in percentages
|rule|Endless Battle Clause: Forcing endless battles is banned
|rule|Species Clause: Limit one of each Pokémon
|rule|OHKO Clause: OHKO moves are banned
|rule|Evasion Items Clause: Evasion items are banned
|rule|Evasion Moves Clause: Evasion moves are banned
|rule|Evasion Abilities Clause: Evasion abilities are banned
|rule|Sleep Moves Clause: Sleep-inducing moves are banned
|raw|<div class="infobox"><details class="readmore"><summary><strong>15 custom rules:</strong></summary> -burmy, -caterpie, -combee, -kricketot, -magikarp, -scatterbug, -sunkern, -tynamo, -typenull, -weedle, -wurmple, -cosmog, -blipbug, -snom, -wynaut</details></div>
|clearpoke
|poke|p1|Stantler, M|
|poke|p1|Salamence, F|
|poke|p1|Cinccino, M|
|poke|p2|Sandaconda, F|
|poke|p2|Rampardos, F|
|poke|p2|Ninetales-Alola, F|
|teampreview
|j|*Lady Monita ☀
|c|☆Sacri23|Glhf
|
|t:|1760856945
|teamsize|p1|3
|teamsize|p2|3
|start
|switch|p1a: Stantler|Stantler, M, shiny|100/100
|switch|p2a: Ninetales|Ninetales-Alola, F, shiny|100/100
|-weather|Snowscape|[from] ability: Snow Warning|[of] p2a: Ninetales
|-ability|p1a: Stantler|Intimidate|boost
|-unboost|p2a: Ninetales|atk|1
|turn|1
|
|t:|1760856949
|move|p2a: Ninetales|Nasty Plot|p2a: Ninetales
|-boost|p2a: Ninetales|spa|2
|move|p1a: Stantler|Psyshield Bash|p2a: Ninetales
|-damage|p2a: Ninetales|82/100
|-boost|p1a: Stantler|def|1
|
|-weather|Snowscape|[upkeep]
|upkeep
|turn|2
|
|t:|1760856952
|move|p2a: Ninetales|Blizzard|p1a: Stantler
|-damage|p1a: Stantler|15/100
|move|p1a: Stantler|Body Slam|p2a: Ninetales
|-damage|p2a: Ninetales|48/100
|
|-weather|Snowscape|[upkeep]
|upkeep
|turn|3
|inactive|1hfkqhwhrelk%◕‿‿◕% has 120 seconds left.
|inactive|1hfkqhwhrelk%◕‿‿◕% has 90 seconds left.
|inactive|1hfkqhwhrelk%◕‿‿◕% has 60 seconds left.
|inactive|1hfkqhwhrelk%◕‿‿◕% has 30 seconds left.
|inactive|1hfkqhwhrelk%◕‿‿◕% has 20 seconds left.
|inactive|1hfkqhwhrelk%◕‿‿◕% has 15 seconds left.
|inactive|1hfkqhwhrelk%◕‿‿◕% has 10 seconds left.
|
|t:|1760857096
|move|p1a: Stantler|Protect|p1a: Stantler
|-singleturn|p1a: Stantler|Protect
|move|p2a: Ninetales|Blizzard|p1a: Stantler
|-activate|p1a: Stantler|move: Protect
|
|-weather|Snowscape|[upkeep]
|upkeep
|turn|4
|inactive|1hfkqhwhrelk%◕‿‿◕% has 20 seconds left this turn.
|
|t:|1760857102
|move|p2a: Ninetales|Blizzard|p1a: Stantler
|-damage|p1a: Stantler|0 fnt
|faint|p1a: Stantler
|
|-weather|Snowscape|[upkeep]
|upkeep
|
|t:|1760857104
|switch|p1a: Salamence|Salamence, F, shiny|100/100
|turn|5
|
|t:|1760857109
|-terastallize|p1a: Salamence|Steel
|move|p2a: Ninetales|Blizzard|p1a: Salamence
|-resisted|p1a: Salamence
|-damage|p1a: Salamence|46/100
|move|p1a: Salamence|Dragon Dance|p1a: Salamence
|-boost|p1a: Salamence|atk|1
|-boost|p1a: Salamence|spe|1
|
|-weather|none
|upkeep
|turn|6
|
|t:|1760857118
|-terastallize|p2a: Ninetales|Water
|move|p1a: Salamence|Dual Wingbeat|p2a: Ninetales
|-damage|p2a: Ninetales|0 fnt
|faint|p2a: Ninetales
|-ability|p1a: Salamence|Moxie|boost
|-boost|p1a: Salamence|atk|1
|-hitcount|p2: Ninetales|1
|-damage|p1a: Salamence|36/100|[from] item: Life Orb
|
|upkeep
|
|t:|1760857122
|switch|p2a: Sandaconda|Sandaconda, F, shiny|100/100
|turn|7
|
|t:|1760857126
|move|p1a: Salamence|Outrage|p2a: Sandaconda
|-damage|p2a: Sandaconda|0 fnt
|faint|p2a: Sandaconda
|-ability|p1a: Salamence|Moxie|boost
|-boost|p1a: Salamence|atk|1
|-damage|p1a: Salamence|26/100|[from] item: Life Orb
|
|upkeep
|c|☆Sacri23|Ggwp
|c|☆1hfkqhwhrelk%◕‿‿◕%|wtf
|-message|1hfkqhwhrelk%◕‿‿◕% forfeited.
|
|win|Sacri23
|n|☆Sacri23|sacri23
|n|☆1hfkqhwhrelk%◕‿‿◕%|1hfkqhwhrelk
|n|*Lady Monita ☀|ladymonita
