|j|☆Bbjbjbvb
|j|☆unmomentedebruh
|t:|1760721700
|gametype|singles
|player|p1|Bbjbjbvb|265|1071
|player|p2|unmomentedebruh|102|1094
|gen|9
|tier|[Gen 9] OU
|rated|
|rule|HP Percentage Mod: HP is shown in percentages
|rule|Endless Battle Clause: Forcing endless battles is banned
|rule|Species Clause: Limit one of each Pokémon
|rule|OHKO Clause: OHKO moves are banned
|rule|Evasion Items Clause: Evasion items are banned
|rule|Evasion Moves Clause: Evasion moves are banned
|rule|Evasion Abilities Clause: Evasion abilities are banned
|rule|Sleep Moves Clause: Sleep-inducing moves are banned
|clearpoke
|poke|p1|Amoonguss, F|
|poke|p1|Delphox, F|
|poke|p1|Cramorant, F|
|poke|p1|Grimmsnarl, M|
|poke|p1|Magneton|
|poke|p1|Froslass, F|
|poke|p2|Dragapult, M|
|poke|p2|Glimmora, M|
|poke|p2|Comfey, M|
|poke|p2|Kingambit, M|
|poke|p2|Ogerpon-Wellspring, F|
|poke|p2|Blaziken, M|
|teampreview
|
|t:|1760721713
|teamsize|p1|6
|teamsize|p2|6
|start
|switch|p1a: Grimmsnarl|Grimmsnarl, M|100/100
|switch|p2a: Dragapult|Dragapult, M, shiny|100/100
|turn|1
|
|t:|1760721724
|switch|p2a: Glimmora|Glimmora, M, shiny|100/100
|move|p1a: Grimmsnarl|Sucker Punch||[still]
|-fail|p1a: Grimmsnarl
|
|upkeep
|turn|2
|
|t:|1760721744
|switch|p1a: Magneton|Magneton|100/100
|move|p2a: Glimmora|Stealth Rock|p1a: Magneton
|-sidestart|p1: Bbjbjbvb|move: Stealth Rock
|
|upkeep
|turn|3
|
|t:|1760721751
|move|p2a: Glimmora|Earth Power|p1a: Magneton
|-supereffective|p1a: Magneton
|-ability|p1a: Magneton|Sturdy
|-damage|p1a: Magneton|1/100
|move|p1a: Magneton|Flash Cannon|p2a: Glimmora
|-supereffective|p2a: Glimmora
|-damage|p2a: Glimmora|12/100
|-enditem|p2a: Glimmora|Red Card|[of] p1a: Magneton
|drag|p1a: Amoonguss|Amoonguss, F|100/100
|-damage|p1a: Amoonguss|88/100|[from] Stealth Rock
|
|upkeep
|turn|4
|
|t:|1760721769
|move|p2a: Glimmora|Earth Power|p1a: Amoonguss
|-damage|p1a: Amoonguss|62/100
|move|p1a: Amoonguss|Stomping Tantrum|p2a: Glimmora
|-supereffective|p2a: Glimmora
|-damage|p2a: Glimmora|0 fnt
|-activate|p2a: Glimmora|ability: Toxic Debris
|-sidestart|p1: Bbjbjbvb|move: Toxic Spikes
|faint|p2a: Glimmora
|
|upkeep
|
|t:|1760721782
|switch|p2a: Blaziken|Blaziken, M, shiny|100/100
|turn|5
|
|t:|1760721796
|switch|p1a: Delphox|Delphox, F|100/100
|-damage|p1a: Delphox|75/100|[from] Stealth Rock
|-status|p1a: Delphox|psn
|move|p2a: Blaziken|Knock Off|p1a: Delphox
|-supereffective|p1a: Delphox
|-damage|p1a: Delphox|0 fnt
|-enditem|p1a: Delphox|Choice Scarf|[from] move: Knock Off|[of] p2a: Blaziken
|faint|p1a: Delphox
|-damage|p2a: Blaziken|91/100|[from] item: Life Orb
|
|-ability|p2a: Blaziken|Speed Boost|boost
|-boost|p2a: Blaziken|spe|1
|upkeep
|
|t:|1760721828
|switch|p1a: Cramorant|Cramorant, F|100/100
|turn|6
|
|t:|1760721835
|switch|p2a: Ogerpon|Ogerpon-Wellspring, F|100/100
|move|p1a: Cramorant|Defog|p2a: Ogerpon
|-unboost|p2a: Ogerpon|evasion|1
|-sideend|p1: Bbjbjbvb|Toxic Spikes|[from] move: Defog|[of] p1a: Cramorant
|-sideend|p1: Bbjbjbvb|Stealth Rock|[from] move: Defog|[of] p1a: Cramorant
|
|upkeep
|turn|7
|
|t:|1760721847
|move|p2a: Ogerpon|U-turn|p1a: Cramorant
|-resisted|p1a: Cramorant
|-damage|p1a: Cramorant|78/100
|
|t:|1760721854
|switch|p2a: Comfey|Comfey, M, shiny|100/100|[from] U-turn
|move|p1a: Cramorant|Air Slash|p2a: Comfey
|-damage|p2a: Comfey|66/100
|
|upkeep
|turn|8
|
|t:|1760721882
|switch|p1a: Froslass|Froslass, F|100/100
|move|p2a: Comfey|Calm Mind|p2a: Comfey
|-boost|p2a: Comfey|spa|1
|-boost|p2a: Comfey|spd|1
|
|upkeep
|turn|9
|
|t:|1760721890
|move|p2a: Comfey|Draining Kiss|p1a: Froslass
|-damage|p1a: Froslass|38/100
|-heal|p2a: Comfey|100/100|[from] drain|[of] p1a: Froslass
|-damage|p2a: Comfey|91/100|[from] item: Life Orb
|move|p1a: Froslass|Triple Axel|p2a: Comfey
|-damage|p2a: Comfey|81/100
|-crit|p2a: Comfey
|-damage|p2a: Comfey|50/100
|-damage|p2a: Comfey|21/100
|-hitcount|p2a: Comfey|3
|
|upkeep
|turn|10
|
|t:|1760721904
|switch|p1a: Amoonguss|Amoonguss, F|96/100
|move|p2a: Comfey|Draining Kiss|p1a: Amoonguss
|-resisted|p1a: Amoonguss
|-damage|p1a: Amoonguss|76/100
|-heal|p2a: Comfey|42/100|[from] drain|[of] p1a: Amoonguss
|-damage|p2a: Comfey|26/100|[from] item: Rocky Helmet|[of] p1a: Amoonguss
|-damage|p2a: Comfey|16/100|[from] item: Life Orb
|
|upkeep
|turn|11
|
|t:|1760721920
|move|p2a: Comfey|Draining Kiss|p1a: Amoonguss
|-resisted|p1a: Amoonguss
|-damage|p1a: Amoonguss|56/100
|-heal|p2a: Comfey|37/100|[from] drain|[of] p1a: Amoonguss
|-damage|p2a: Comfey|21/100|[from] item: Rocky Helmet|[of] p1a: Amoonguss
|-damage|p2a: Comfey|11/100|[from] item: Life Orb
|move|p1a: Amoonguss|Clear Smog|p2a: Comfey
|-supereffective|p2a: Comfey
|-damage|p2a: Comfey|0 fnt
|-clearboost|p2a: Comfey
|faint|p2a: Comfey
|
|upkeep
|
|t:|1760721925
|switch|p2a: Dragapult|Dragapult, M, shiny|100/100
|turn|12
|
|t:|1760721937
|switch|p1a: Grimmsnarl|Grimmsnarl, M|100/100
|move|p2a: Dragapult|Flamethrower|p1a: Grimmsnarl
|-damage|p1a: Grimmsnarl|65/100
|-damage|p2a: Dragapult|91/100|[from] item: Life Orb
|
|upkeep
|turn|13
|
|t:|1760721970
|move|p2a: Dragapult|Shadow Ball|p1a: Grimmsnarl
|-resisted|p1a: Grimmsnarl
|-damage|p1a: Grimmsnarl|41/100
|-damage|p2a: Dragapult|81/100|[from] item: Life Orb
|move|p1a: Grimmsnarl|Spirit Break|p2a: Dragapult
|-supereffective|p2a: Dragapult
|-damage|p2a: Dragapult|0 fnt
|faint|p2a: Dragapult
|
|upkeep
|
|t:|1760721977
|switch|p2a: Ogerpon|Ogerpon-Wellspring, F|100/100
|turn|14
|
|t:|1760721983
|switch|p1a: Amoonguss|Amoonguss, F|89/100
|move|p2a: Ogerpon|U-turn|p1a: Amoonguss
|-damage|p1a: Amoonguss|70/100
|-damage|p2a: Ogerpon|84/100|[from] item: Rocky Helmet|[of] p1a: Amoonguss
|
|t:|1760721987
|switch|p2a: Blaziken|Blaziken, M, shiny|91/100|[from] U-turn
|
|upkeep
|turn|15
|
|t:|1760721998
|switch|p1a: Magneton|Magneton|1/100
|move|p2a: Blaziken|Flare Blitz|p1a: Magneton
|-supereffective|p1a: Magneton
|-damage|p1a: Magneton|0 fnt
|faint|p1a: Magneton
|-damage|p2a: Blaziken|90/100|[from] Recoil
|-damage|p2a: Blaziken|80/100|[from] item: Life Orb
|
|-ability|p2a: Blaziken|Speed Boost|boost
|-boost|p2a: Blaziken|spe|1
|upkeep
|
|t:|1760722019
|switch|p1a: Cramorant|Cramorant, F|78/100
|turn|16
|
|t:|1760722043
|move|p2a: Blaziken|Knock Off|p1a: Cramorant
|-damage|p1a: Cramorant|6/100
|-enditem|p1a: Cramorant|Heavy-Duty Boots|[from] move: Knock Off|[of] p2a: Blaziken
|-damage|p2a: Blaziken|70/100|[from] item: Life Orb
|move|p1a: Cramorant|Air Slash|p2a: Blaziken
|-supereffective|p2a: Blaziken
|-damage|p2a: Blaziken|0 fnt
|faint|p2a: Blaziken
|
|upkeep
|
|t:|1760722049
|switch|p2a: Ogerpon|Ogerpon-Wellspring, F|84/100
|turn|17
|
|t:|1760722055
|move|p2a: Ogerpon|Spikes|p1a: Cramorant
|-sidestart|p1: Bbjbjbvb|Spikes
|move|p1a: Cramorant|Air Slash|p2a: Ogerpon
|-supereffective|p2a: Ogerpon
|-damage|p2a: Ogerpon|5/100
|
|upkeep
|turn|18
|
|t:|1760722086
|move|p2a: Ogerpon|Ivy Cudgel|p1a: Cramorant|[anim] Ivy Cudgel Water
|-resisted|p1a: Cramorant
|-damage|p1a: Cramorant|0 fnt
|faint|p1a: Cramorant
|
|upkeep
|
|t:|1760722106
|switch|p1a: Froslass|Froslass, F|38/100
|-damage|p1a: Froslass|25/100|[from] Spikes
|turn|19
|
|t:|1760722116
|move|p2a: Ogerpon|Ivy Cudgel|p1a: Froslass|[anim] Ivy Cudgel Water
|-damage|p1a: Froslass|0 fnt
|faint|p1a: Froslass
|
|upkeep
|
|t:|1760722123
|switch|p1a: Amoonguss|Amoonguss, F|100/100
|-damage|p1a: Amoonguss|88/100|[from] Spikes
|turn|20
|
|t:|1760722130
|move|p2a: Ogerpon|Spikes|p1a: Amoonguss
|-sidestart|p1: Bbjbjbvb|Spikes
|move|p1a: Amoonguss|Energy Ball|p2a: Ogerpon
|-damage|p2a: Ogerpon|0 fnt
|faint|p2a: Ogerpon
|
|upkeep
|
|t:|1760722133
|switch|p2a: Kingambit|Kingambit, M, shiny|100/100
|-activate|p2a: Kingambit|ability: Supreme Overlord
|-start|p2a: Kingambit|fallen5|[silent]
|turn|21
|
|t:|1760722155
|-terastallize|p1a: Amoonguss|Ground
|move|p2a: Kingambit|Swords Dance|p2a: Kingambit
|-boost|p2a: Kingambit|atk|2
|move|p1a: Amoonguss|Stomping Tantrum|p2a: Kingambit
|-supereffective|p2a: Kingambit
|-damage|p2a: Kingambit|66/100
|
|-heal|p2a: Kingambit|72/100|[from] item: Leftovers
|upkeep
|turn|22
|
|t:|1760722166
|move|p2a: Kingambit|Iron Head|p1a: Amoonguss
|-damage|p1a: Amoonguss|0 fnt
|-damage|p2a: Kingambit|56/100|[from] item: Rocky Helmet|[of] p1a: Amoonguss
|faint|p1a: Amoonguss
|
|-heal|p2a: Kingambit|62/100|[from] item: Leftovers
|upkeep
|
|t:|1760722174
|switch|p1a: Grimmsnarl|Grimmsnarl, M|41/100
|-damage|p1a: Grimmsnarl|24/100|[from] Spikes
|turn|23
|l|☆Bbjbjbvb
|player|p1|
|inactive|Battle timer is ON: inactive players will automatically lose when time's up. (requested by unmomentedebruh)
|inactive|Bbjbjbvb has 30 seconds to reconnect!
|inactive|Bbjbjbvb has 20 seconds to reconnect!
|inactive|Bbjbjbvb has 15 seconds to reconnect!
|inactive|Bbjbjbvb has 10 seconds to reconnect!
|inactive|Bbjbjbvb has 5 seconds to reconnect!
|-message|Bbjbjbvb lost due to inactivity.
|
|win|unmomentedebruh
|raw|Bbjbjbvb's rating: 1071 &rarr; <strong>1052</strong><br />(-19 for losing)
|raw|unmomentedebruh's rating: 1094 &rarr; <strong>1118</strong><br />(+24 for winning)
|l|☆unmomentedebruh
|player|p2|
