|j|☆Test4823
|j|☆twesticles
|t:|1760760763
|gametype|singles
|player|p1|Test4823|101|1465
|player|p2|twesticles|ghetsis-gen5bw|1419
|gen|9
|tier|[Gen 9] OU
|rated|
|rule|HP Percentage Mod: HP is shown in percentages
|rule|Endless Battle Clause: Forcing endless battles is banned
|rule|Species Clause: Limit one of each Pokémon
|rule|OHKO Clause: OHKO moves are banned
|rule|Evasion Items Clause: Evasion items are banned
|rule|Evasion Moves Clause: Evasion moves are banned
|rule|Evasion Abilities Clause: Evasion abilities are banned
|rule|Sleep Moves Clause: Sleep-inducing moves are banned
|clearpoke
|poke|p1|Landorus-Therian, M|
|poke|p1|Heatran, M|
|poke|p1|Toxapex, M|
|poke|p1|Goodra-Hisui, M|
|poke|p1|Meowscarada, M|
|poke|p1|Weezing-Galar, M|
|poke|p2|Skeledirge, M|
|poke|p2|Ogerpon-Wellspring, F|
|poke|p2|Dragapult, F|
|poke|p2|Weezing-Galar, M|
|poke|p2|Ting-Lu|
|poke|p2|Corviknight, M|
|teampreview
|inactive|Battle timer is ON: inactive players will automatically lose when time's up. (requested by Test4823)
|
|t:|1760760798
|teamsize|p1|6
|teamsize|p2|6
|start
|switch|p1a: Heatran|Heatran, M|100/100
|switch|p2a: Ogerpon|Ogerpon-Wellspring, F|100/100
|-item|p1a: Heatran|Air Balloon
|turn|1
|inactive|twesticles has 120 seconds left.
|
|t:|1760760831
|switch|p1a: Toxapex|Toxapex, M|100/100
|move|p2a: Ogerpon|Ivy Cudgel|p1a: Toxapex|[anim] Ivy Cudgel Water
|-resisted|p1a: Toxapex
|-damage|p1a: Toxapex|80/100
|
|upkeep
|turn|2
|
|t:|1760760840
|move|p2a: Ogerpon|Knock Off|p1a: Toxapex
|-damage|p1a: Toxapex|55/100
|-enditem|p1a: Toxapex|Assault Vest|[from] move: Knock Off|[of] p2a: Ogerpon
|move|p1a: Toxapex|Surf|p2a: Ogerpon
|-immune|p2a: Ogerpon|[from] ability: Water Absorb
|
|upkeep
|turn|3
|
|t:|1760760847
|move|p2a: Ogerpon|Spikes|p1a: Toxapex
|-sidestart|p1: Test4823|Spikes
|move|p1a: Toxapex|Sludge Wave|p2a: Ogerpon
|-supereffective|p2a: Ogerpon
|-damage|p2a: Ogerpon|42/100
|
|upkeep
|turn|4
|inactive|twesticles has 120 seconds left.
|
|t:|1760760876
|switch|p2a: Ting-Lu|Ting-Lu, shiny|100/100
|-ability|p2a: Ting-Lu|Vessel of Ruin
|move|p1a: Toxapex|Acid Spray|p2a: Ting-Lu
|-resisted|p2a: Ting-Lu
|-damage|p2a: Ting-Lu|98/100
|-unboost|p2a: Ting-Lu|spd|2
|
|-heal|p2a: Ting-Lu|100/100|[from] item: Leftovers
|upkeep
|turn|5
|inactive|twesticles has 120 seconds left.
|
|t:|1760760910
|move|p2a: Ting-Lu|Stealth Rock|p1a: Toxapex
|-sidestart|p1: Test4823|move: Stealth Rock
|move|p1a: Toxapex|Surf|p2a: Ting-Lu
|-supereffective|p2a: Ting-Lu
|-damage|p2a: Ting-Lu|54/100
|
|-heal|p2a: Ting-Lu|60/100|[from] item: Leftovers
|upkeep
|turn|6
|
|t:|1760760921
|switch|p2a: Ogerpon|Ogerpon-Wellspring, F|42/100
|switch|p1a: Weezing|Weezing-Galar, M|100/100
|-damage|p1a: Weezing|88/100|[from] Stealth Rock
|
|-heal|p1a: Weezing|94/100|[from] item: Leftovers
|upkeep
|turn|7
|inactive|twesticles has 90 seconds left.
|
|t:|1760760940
|move|p2a: Ogerpon|Knock Off|p1a: Weezing
|-resisted|p1a: Weezing
|-damage|p1a: Weezing|75/100
|-enditem|p1a: Weezing|Leftovers|[from] move: Knock Off|[of] p2a: Ogerpon
|move|p1a: Weezing|Defog|p2a: Ogerpon
|-unboost|p2a: Ogerpon|evasion|1
|-sideend|p1: Test4823|Spikes|[from] move: Defog|[of] p1a: Weezing
|-sideend|p1: Test4823|Stealth Rock|[from] move: Defog|[of] p1a: Weezing
|
|upkeep
|turn|8
|inactive|twesticles has 90 seconds left.
|
|t:|1760760950
|switch|p1a: Toxapex|Toxapex, M|88/100
|-terastallize|p2a: Ogerpon|Water
|detailschange|p2a: Ogerpon|Ogerpon-Wellspring-Tera, F, tera:Water
|-ability|p2a: Ogerpon|Embody Aspect (Wellspring)|boost
|-boost|p2a: Ogerpon|spd|1
|move|p2a: Ogerpon|Synthesis|p2a: Ogerpon
|-heal|p2a: Ogerpon|92/100
|
|upkeep
|turn|9
|inactive|twesticles has 90 seconds left.
|
|t:|1760760963
|move|p2a: Ogerpon|Spikes|p1a: Toxapex
|-sidestart|p1: Test4823|Spikes
|move|p1a: Toxapex|Acid Spray|p2a: Ogerpon
|-damage|p2a: Ogerpon|83/100
|-unboost|p2a: Ogerpon|spd|2
|
|upkeep
|turn|10
|
|t:|1760760968
|move|p2a: Ogerpon|Spikes|p1a: Toxapex
|-sidestart|p1: Test4823|Spikes
|move|p1a: Toxapex|Sludge Wave|p2a: Ogerpon
|-damage|p2a: Ogerpon|41/100
|-status|p2a: Ogerpon|psn
|
|-damage|p2a: Ogerpon|29/100 psn|[from] psn
|upkeep
|turn|11
|
|t:|1760760977
|move|p2a: Ogerpon|Spikes|p1a: Toxapex
|-sidestart|p1: Test4823|Spikes
|move|p1a: Toxapex|Sludge Wave|p2a: Ogerpon
|-crit|p2a: Ogerpon
|-damage|p2a: Ogerpon|0 fnt
|faint|p2a: Ogerpon
|detailschange|p2: Ogerpon|Ogerpon-Wellspring, F|[silent]
|
|upkeep
|inactive|twesticles has 90 seconds left.
|
|t:|1760760997
|switch|p2a: Skeledirge|Skeledirge, M, shiny|100/100
|turn|12
|
|t:|1760761005
|move|p2a: Skeledirge|Earth Power|p1a: Toxapex
|-supereffective|p1a: Toxapex
|-damage|p1a: Toxapex|47/100
|move|p1a: Toxapex|Surf|p2a: Skeledirge
|-supereffective|p2a: Skeledirge
|-damage|p2a: Skeledirge|58/100
|
|upkeep
|turn|13
|
|t:|1760761010
|move|p2a: Skeledirge|Earth Power|p1a: Toxapex
|-supereffective|p1a: Toxapex
|-damage|p1a: Toxapex|12/100
|move|p1a: Toxapex|Surf|p2a: Skeledirge
|-supereffective|p2a: Skeledirge
|-damage|p2a: Skeledirge|17/100
|
|upkeep
|turn|14
|
|t:|1760761019
|switch|p1a: Heatran|Heatran, M|100/100
|-item|p1a: Heatran|Air Balloon
|move|p2a: Skeledirge|Earth Power|p1a: Heatran
|-immune|p1a: Heatran
|
|upkeep
|turn|15
|inactive|twesticles has 120 seconds left.
|
|t:|1760761026
|switch|p2a: Ting-Lu|Ting-Lu, shiny|60/100
|-ability|p2a: Ting-Lu|Vessel of Ruin
|move|p1a: Heatran|Magma Storm|p2a: Ting-Lu|[miss]
|-miss|p1a: Heatran|p2a: Ting-Lu
|
|-heal|p2a: Ting-Lu|66/100|[from] item: Leftovers
|upkeep
|turn|16
|
|t:|1760761036
|switch|p1a: Weezing|Weezing-Galar, M|75/100
|move|p2a: Ting-Lu|Throat Chop|p1a: Weezing
|-resisted|p1a: Weezing
|-damage|p1a: Weezing|60/100
|-start|p1a: Weezing|Throat Chop|[silent]
|
|-heal|p2a: Ting-Lu|72/100|[from] item: Leftovers
|upkeep
|turn|17
|
|t:|1760761041
|move|p1a: Weezing|Defog|p2a: Ting-Lu
|-unboost|p2a: Ting-Lu|evasion|1
|-sideend|p1: Test4823|Spikes|[from] move: Defog|[of] p1a: Weezing
|move|p2a: Ting-Lu|Earthquake|p1a: Weezing
|-immune|p1a: Weezing|[from] ability: Levitate
|
|-heal|p2a: Ting-Lu|79/100|[from] item: Leftovers
|-end|p1a: Weezing|Throat Chop|[silent]
|upkeep
|turn|18
|
|t:|1760761055
|move|p1a: Weezing|Pain Split|p2a: Ting-Lu
|-sethp|p2a: Ting-Lu|55/100|[from] move: Pain Split|[silent]
|-sethp|p1a: Weezing|100/100|[from] move: Pain Split
|move|p2a: Ting-Lu|Whirlwind|p1a: Weezing
|drag|p1a: Landorus|Landorus-Therian, M|100/100
|-ability|p1a: Landorus|Intimidate|boost
|-unboost|p2a: Ting-Lu|atk|1
|
|-heal|p2a: Ting-Lu|62/100|[from] item: Leftovers
|upkeep
|turn|19
|
|t:|1760761065
|move|p1a: Landorus|U-turn|p2a: Ting-Lu
|-supereffective|p2a: Ting-Lu
|-damage|p2a: Ting-Lu|33/100
|
|t:|1760761068
|switch|p1a: Meowscarada|Meowscarada, M|100/100|[from] U-turn
|move|p2a: Ting-Lu|Stealth Rock|p1a: Meowscarada
|-sidestart|p1: Test4823|move: Stealth Rock
|
|-heal|p2a: Ting-Lu|40/100|[from] item: Leftovers
|upkeep
|turn|20
|
|t:|1760761078
|switch|p2a: Corviknight|Corviknight, M, shiny|100/100
|-ability|p2a: Corviknight|Pressure
|move|p1a: Meowscarada|U-turn|p2a: Corviknight
|-start|p1a: Meowscarada|typechange|Bug|[from] ability: Protean
|-resisted|p2a: Corviknight
|-damage|p2a: Corviknight|93/100
|-damage|p1a: Meowscarada|84/100|[from] item: Rocky Helmet|[of] p2a: Corviknight
|
|t:|1760761083
|switch|p1a: Heatran|Heatran, M|100/100|[from] U-turn
|-damage|p1a: Heatran|88/100|[from] Stealth Rock
|-item|p1a: Heatran|Air Balloon
|
|upkeep
|turn|21
|
|t:|1760761095
|move|p1a: Heatran|Magma Storm|p2a: Corviknight
|-supereffective|p2a: Corviknight
|-damage|p2a: Corviknight|0 fnt
|faint|p2a: Corviknight
|
|upkeep
|
|t:|1760761103
|switch|p2a: Dragapult|Dragapult, F|100/100
|turn|22
|
|t:|1760761110
|move|p2a: Dragapult|U-turn|p1a: Heatran
|-resisted|p1a: Heatran
|-damage|p1a: Heatran|84/100
|-enditem|p1a: Heatran|Air Balloon
|
|t:|1760761118
|switch|p2a: Ting-Lu|Ting-Lu, shiny|40/100|[from] U-turn
|-ability|p2a: Ting-Lu|Vessel of Ruin
|move|p1a: Heatran|Flash Cannon|p2a: Ting-Lu
|-damage|p2a: Ting-Lu|20/100
|
|-heal|p2a: Ting-Lu|26/100|[from] item: Leftovers
|upkeep
|turn|23
|
|t:|1760761128
|move|p1a: Heatran|Earth Power|p2a: Ting-Lu
|-damage|p2a: Ting-Lu|12/100
|move|p2a: Ting-Lu|Whirlwind|p1a: Heatran
|drag|p1a: Toxapex|Toxapex, M|45/100
|-damage|p1a: Toxapex|33/100|[from] Stealth Rock
|
|-heal|p2a: Ting-Lu|18/100|[from] item: Leftovers
|upkeep
|turn|24
|
|t:|1760761135
|move|p2a: Ting-Lu|Earthquake|p1a: Toxapex
|-supereffective|p1a: Toxapex
|-damage|p1a: Toxapex|0 fnt
|faint|p1a: Toxapex
|
|-heal|p2a: Ting-Lu|24/100|[from] item: Leftovers
|upkeep
|
|t:|1760761138
|switch|p1a: Meowscarada|Meowscarada, M|84/100
|-damage|p1a: Meowscarada|72/100|[from] Stealth Rock
|turn|25
|
|t:|1760761151
|switch|p2a: Weezing|Weezing-Galar, M|100/100
|-ability|p2a: Weezing|Neutralizing Gas
|move|p1a: Meowscarada|U-turn|p2a: Weezing
|-resisted|p2a: Weezing
|-damage|p2a: Weezing|95/100
|
|t:|1760761155
|switch|p1a: Heatran|Heatran, M|84/100|[from] U-turn
|-damage|p1a: Heatran|72/100|[from] Stealth Rock
|
|upkeep
|turn|26
|
|t:|1760761173
|-end|p2a: Weezing|ability: Neutralizing Gas
|switch|p2a: Ting-Lu|Ting-Lu, shiny|24/100
|-ability|p2a: Ting-Lu|Vessel of Ruin
|move|p1a: Heatran|Flash Cannon|p2a: Ting-Lu
|-damage|p2a: Ting-Lu|7/100
|
|-heal|p2a: Ting-Lu|13/100|[from] item: Leftovers
|upkeep
|turn|27
|
|t:|1760761178
|move|p1a: Heatran|Flash Cannon|p2a: Ting-Lu
|-damage|p2a: Ting-Lu|0 fnt
|faint|p2a: Ting-Lu
|
|upkeep
|l|☆twesticles
|inactive|twesticles disconnected and has a minute to reconnect!
|player|p2|
|j|☆twesticles
|inactive|twesticles reconnected and has 140 seconds left.
|player|p2|twesticles|ghetsis-gen5bw|
|
|t:|1760761200
|switch|p2a: Dragapult|Dragapult, F|100/100
|turn|28
|inactive|twesticles has 120 seconds left.
|
|t:|1760761218
|move|p2a: Dragapult|Shadow Ball|p1a: Heatran
|-damage|p1a: Heatran|28/100
|move|p1a: Heatran|Flash Cannon|p2a: Dragapult
|-damage|p2a: Dragapult|42/100
|
|upkeep
|turn|29
|
|t:|1760761226
|move|p2a: Dragapult|Shadow Ball|p1a: Heatran
|-damage|p1a: Heatran|0 fnt
|faint|p1a: Heatran
|
|upkeep
|
|t:|1760761229
|switch|p1a: Goodra|Goodra-Hisui, M|100/100
|-damage|p1a: Goodra|94/100|[from] Stealth Rock
|turn|30
|
|t:|1760761237
|switch|p2a: Skeledirge|Skeledirge, M, shiny|17/100
|move|p1a: Goodra|Knock Off|p2a: Skeledirge
|-supereffective|p2a: Skeledirge
|-crit|p2a: Skeledirge
|-damage|p2a: Skeledirge|0 fnt
|-enditem|p2a: Skeledirge|Heavy-Duty Boots|[from] move: Knock Off|[of] p1a: Goodra
|faint|p2a: Skeledirge
|
|-heal|p1a: Goodra|100/100|[from] item: Leftovers
|upkeep
|
|t:|1760761244
|switch|p2a: Weezing|Weezing-Galar, M|95/100
|-ability|p2a: Weezing|Neutralizing Gas
|turn|31
|
|t:|1760761251
|move|p2a: Weezing|Will-O-Wisp|p1a: Goodra
|-status|p1a: Goodra|brn
|move|p1a: Goodra|Flash Cannon|p2a: Weezing
|-supereffective|p2a: Weezing
|-damage|p2a: Weezing|9/100
|
|-damage|p1a: Goodra|94/100 brn|[from] brn
|upkeep
|turn|32
|
|t:|1760761258
|move|p2a: Weezing|Pain Split|p1a: Goodra
|-sethp|p1a: Goodra|52/100 brn|[from] move: Pain Split|[silent]
|-sethp|p2a: Weezing|54/100|[from] move: Pain Split
|move|p1a: Goodra|Flash Cannon|p2a: Weezing
|-supereffective|p2a: Weezing
|-damage|p2a: Weezing|0 fnt
|faint|p2a: Weezing
|-end|p2a: Weezing|ability: Neutralizing Gas
|
|-heal|p1a: Goodra|58/100 brn|[from] item: Leftovers
|-damage|p1a: Goodra|52/100 brn|[from] brn
|upkeep
|
|t:|1760761264
|switch|p2a: Dragapult|Dragapult, F|42/100
|turn|33
|
|t:|1760761270
|move|p2a: Dragapult|Shadow Ball|p1a: Goodra
|-damage|p1a: Goodra|17/100 brn
|move|p1a: Goodra|Knock Off|p2a: Dragapult
|-supereffective|p2a: Dragapult
|-damage|p2a: Dragapult|11/100
|-enditem|p2a: Dragapult|Choice Specs|[from] move: Knock Off|[of] p1a: Goodra
|
|-heal|p1a: Goodra|23/100 brn|[from] item: Leftovers
|-damage|p1a: Goodra|17/100 brn|[from] brn
|upkeep
|turn|34
|
|t:|1760761285
|move|p2a: Dragapult|Shadow Ball|p1a: Goodra
|-damage|p1a: Goodra|0 fnt
|faint|p1a: Goodra
|
|upkeep
|
|t:|1760761288
|switch|p1a: Meowscarada|Meowscarada, M|72/100
|-damage|p1a: Meowscarada|60/100|[from] Stealth Rock
|turn|35
|
|t:|1760761304
|move|p2a: Dragapult|U-turn|p1a: Meowscarada
|-supereffective|p1a: Meowscarada
|-damage|p1a: Meowscarada|0 fnt
|faint|p1a: Meowscarada
|
|upkeep
|
|t:|1760761307
|switch|p1a: Weezing|Weezing-Galar, M|100/100
|-damage|p1a: Weezing|88/100|[from] Stealth Rock
|turn|36
|
|t:|1760761314
|move|p2a: Dragapult|Shadow Ball|p1a: Weezing
|-damage|p1a: Weezing|42/100
|move|p1a: Weezing|Strange Steam|p2a: Dragapult
|-supereffective|p2a: Dragapult
|-damage|p2a: Dragapult|0 fnt
|faint|p2a: Dragapult
|
|win|Test4823
|raw|Test4823's rating: 1465 &rarr; <strong>1482</strong><br />(+17 for winning)
|raw|twesticles's rating: 1419 &rarr; <strong>1402</strong><br />(-17 for losing)
|c|☆Test4823|gg
|l|☆Test4823
|player|p1|
|l|☆twesticles
|player|p2|
