|j|☆21affan
|j|☆21 Xans
|t:|1760795046
|gametype|singles
|player|p1|21affan|101|1644
|player|p2|21 Xans|bertha|1600
|gen|9
|tier|[Gen 9] OU
|rated|
|rule|HP Percentage Mod: HP is shown in percentages
|rule|Endless Battle Clause: Forcing endless battles is banned
|rule|Species Clause: Limit one of each Pokémon
|rule|OHKO Clause: OHKO moves are banned
|rule|Evasion Items Clause: Evasion items are banned
|rule|Evasion Moves Clause: Evasion moves are banned
|rule|Evasion Abilities Clause: Evasion abilities are banned
|rule|Sleep Moves Clause: Sleep-inducing moves are banned
|clearpoke
|poke|p1|Dragapult, F|
|poke|p1|Iron Valiant|
|poke|p1|Glimmora, F|
|poke|p1|Landorus-Therian, M|
|poke|p1|Kingambit, F|
|poke|p1|Ogerpon-Wellspring, F|
|poke|p2|Indeedee, M|
|poke|p2|Polteageist-Antique|
|poke|p2|Iron Valiant|
|poke|p2|Cinderace, M|
|poke|p2|Iron Boulder|
|poke|p2|Kyurem|
|teampreview
|inactive|Battle timer is ON: inactive players will automatically lose when time's up. (requested by 21 Xans)
|j| wobuhaole
|inactive|21 Xans has 120 seconds left.
|inactive|21 Xans has 90 seconds left.
|
|t:|1760795122
|teamsize|p1|6
|teamsize|p2|6
|start
|switch|p1a: Glimmora|Glimmora, F|100/100
|switch|p2a: Iron Valiant|Iron Valiant, shiny|100/100
|-enditem|p2a: Iron Valiant|Booster Energy
|-activate|p2a: Iron Valiant|ability: Quark Drive|[fromitem]
|-start|p2a: Iron Valiant|quarkdrivespe
|turn|1
|
|t:|1760795133
|-end|p2a: Iron Valiant|Quark Drive|[silent]
|switch|p2a: Indeedee|Indeedee, M|100/100
|-fieldstart|move: Psychic Terrain|[from] ability: Psychic Surge|[of] p2a: Indeedee
|move|p1a: Glimmora|Mortal Spin|p2a: Indeedee
|-damage|p2a: Indeedee|87/100
|-status|p2a: Indeedee|psn
|
|-damage|p2a: Indeedee|75/100 psn|[from] psn
|upkeep
|turn|2
|
|t:|1760795141
|move|p2a: Indeedee|Expanding Force|p1a: Glimmora
|-supereffective|p1a: Glimmora
|-damage|p1a: Glimmora|0 fnt
|faint|p1a: Glimmora
|
|-damage|p2a: Indeedee|63/100 psn|[from] psn
|upkeep
|
|t:|1760795157
|switch|p1a: Dragapult|Dragapult, F|100/100
|turn|3
|
|t:|1760795167
|switch|p2a: Cinderace|Cinderace, M|100/100
|move|p1a: Dragapult|U-turn|p2a: Cinderace
|-resisted|p2a: Cinderace
|-damage|p2a: Cinderace|89/100
|
|t:|1760795175
|switch|p1a: Landorus|Landorus-Therian, M|100/100|[from] U-turn
|-ability|p1a: Landorus|Intimidate|boost
|-unboost|p2a: Cinderace|atk|1
|
|upkeep
|turn|4
|
|t:|1760795191
|move|p2a: Cinderace|U-turn|p1a: Landorus
|-start|p2a: Cinderace|typechange|Bug|[from] ability: Libero
|-resisted|p1a: Landorus
|-damage|p1a: Landorus|90/100
|-damage|p2a: Cinderace|72/100|[from] item: Rocky Helmet|[of] p1a: Landorus
|
|t:|1760795202
|switch|p2a: Polteageist|Polteageist-Antique|100/100|[from] U-turn
|move|p1a: Landorus|Taunt|p2a: Polteageist
|-start|p2a: Polteageist|move: Taunt
|
|upkeep
|turn|5
|
|t:|1760795210
|switch|p2a: Kyurem|Kyurem|100/100
|-ability|p2a: Kyurem|Pressure
|move|p1a: Landorus|Earthquake|p2a: Kyurem
|-damage|p2a: Kyurem|53/100
|
|upkeep
|turn|6
|inactive|21affan has 120 seconds left.
|
|t:|1760795243
|switch|p1a: Ogerpon|Ogerpon-Wellspring, F|100/100
|move|p2a: Kyurem|Icicle Spear|p1a: Ogerpon
|-damage|p1a: Ogerpon|82/100
|-damage|p1a: Ogerpon|63/100
|-damage|p1a: Ogerpon|44/100
|-damage|p1a: Ogerpon|28/100
|-damage|p1a: Ogerpon|10/100
|-hitcount|p1a: Ogerpon|5
|
|upkeep
|turn|7
|inactive|21affan has 120 seconds left.
|inactive|21 Xans has 120 seconds left.
|inactive|21 Xans has 90 seconds left.
|
|t:|1760795309
|switch|p2a: Cinderace|Cinderace, M|72/100
|move|p1a: Ogerpon|Play Rough|p2a: Cinderace
|-resisted|p2a: Cinderace
|-damage|p2a: Cinderace|45/100
|-unboost|p2a: Cinderace|atk|1
|
|upkeep
|turn|8
|
|t:|1760795320
|switch|p1a: Landorus|Landorus-Therian, M|90/100
|-ability|p1a: Landorus|Intimidate|boost
|-unboost|p2a: Cinderace|atk|1
|move|p2a: Cinderace|U-turn|p1a: Landorus
|-start|p2a: Cinderace|typechange|Bug|[from] ability: Libero
|-resisted|p1a: Landorus
|-damage|p1a: Landorus|82/100
|-damage|p2a: Cinderace|28/100|[from] item: Rocky Helmet|[of] p1a: Landorus
|
|t:|1760795324
|switch|p2a: Kyurem|Kyurem|53/100|[from] U-turn
|-ability|p2a: Kyurem|Pressure
|
|-fieldend|move: Psychic Terrain
|upkeep
|turn|9
|
|t:|1760795337
|switch|p2a: Indeedee|Indeedee, M|63/100 psn
|-fieldstart|move: Psychic Terrain|[from] ability: Psychic Surge|[of] p2a: Indeedee
|switch|p1a: Ogerpon|Ogerpon-Wellspring, F|10/100
|
|-damage|p2a: Indeedee|51/100 psn|[from] psn
|upkeep
|turn|10
|
|t:|1760795349
|switch|p2a: Cinderace|Cinderace, M|28/100
|move|p1a: Ogerpon|Horn Leech|p2a: Cinderace
|-resisted|p2a: Cinderace
|-damage|p2a: Cinderace|0 fnt
|-heal|p1a: Ogerpon|24/100|[from] drain|[of] p2a: Cinderace
|faint|p2a: Cinderace
|
|upkeep
|
|t:|1760795352
|switch|p2a: Polteageist|Polteageist-Antique|100/100
|turn|11
|
|t:|1760795359
|move|p1a: Ogerpon|Taunt|p2a: Polteageist
|-start|p2a: Polteageist|move: Taunt
|cant|p2a: Polteageist|move: Taunt|Shell Smash
|
|upkeep
|turn|12
|inactive|21 Xans has 120 seconds left.
|
|t:|1760795376
|move|p1a: Ogerpon|Play Rough|p2a: Polteageist
|-damage|p2a: Polteageist|39/100
|-ability|p2a: Polteageist|Weak Armor|boost
|-unboost|p2a: Polteageist|def|1
|-boost|p2a: Polteageist|spe|2
|move|p2a: Polteageist|Shadow Ball|p1a: Ogerpon
|-damage|p1a: Ogerpon|0 fnt
|faint|p1a: Ogerpon
|
|upkeep
|
|t:|1760795406
|switch|p1a: Dragapult|Dragapult, F|100/100
|turn|13
|inactive|21 Xans has 120 seconds left.
|inactive|21affan has 90 seconds left.
|
|t:|1760795438
|move|p2a: Polteageist|Shadow Ball|p1a: Dragapult
|-supereffective|p1a: Dragapult
|-damage|p1a: Dragapult|0 fnt
|faint|p1a: Dragapult
|
|-end|p2a: Polteageist|move: Taunt
|upkeep
|
|t:|1760795460
|switch|p1a: Kingambit|Kingambit, F|100/100
|-activate|p1a: Kingambit|ability: Supreme Overlord
|-start|p1a: Kingambit|fallen3|[silent]
|turn|14
|
|t:|1760795475
|-terastallize|p2a: Polteageist|Fighting
|move|p2a: Polteageist|Tera Blast|p1a: Kingambit|[anim] Tera Blast Fighting
|-supereffective|p1a: Kingambit
|-damage|p1a: Kingambit|0 fnt
|faint|p1a: Kingambit
|-end|p1a: Kingambit|fallen3|[silent]
|
|upkeep
|inactive|21affan has 60 seconds left.
|
|t:|1760795495
|switch|p1a: Landorus|Landorus-Therian, M|82/100
|-ability|p1a: Landorus|Intimidate|boost
|-unboost|p2a: Polteageist|atk|1
|turn|15
|inactive|21 Xans has 120 seconds left.
|inactive|21affan has 60 seconds left.
|
|t:|1760795515
|move|p2a: Polteageist|Shadow Ball|p1a: Landorus
|-damage|p1a: Landorus|31/100
|move|p1a: Landorus|Stealth Rock|p2a: Polteageist
|-sidestart|p2: 21 Xans|move: Stealth Rock
|
|upkeep
|turn|16
|
|t:|1760795522
|move|p2a: Polteageist|Shadow Ball|p1a: Landorus
|-damage|p1a: Landorus|0 fnt
|faint|p1a: Landorus
|
|-fieldend|move: Psychic Terrain
|upkeep
|
|t:|1760795525
|switch|p1a: Iron Valiant|Iron Valiant|100/100
|-enditem|p1a: Iron Valiant|Booster Energy
|-activate|p1a: Iron Valiant|ability: Quark Drive|[fromitem]
|-start|p1a: Iron Valiant|quarkdrivespe
|turn|17
|
|t:|1760795535
|move|p1a: Iron Valiant|Swords Dance|p1a: Iron Valiant
|-boost|p1a: Iron Valiant|atk|2
|move|p2a: Polteageist|Shadow Ball|p1a: Iron Valiant
|-damage|p1a: Iron Valiant|15/100
|
|upkeep
|turn|18
|
|t:|1760795543
|move|p1a: Iron Valiant|Spirit Break|p2a: Polteageist
|-supereffective|p2a: Polteageist
|-damage|p2a: Polteageist|0 fnt
|faint|p2a: Polteageist
|
|upkeep
|
|t:|1760795548
|switch|p2a: Indeedee|Indeedee, M|51/100 psn
|-damage|p2a: Indeedee|38/100 psn|[from] Stealth Rock
|-fieldstart|move: Psychic Terrain|[from] ability: Psychic Surge|[of] p2a: Indeedee
|turn|19
|
|t:|1760795553
|move|p1a: Iron Valiant|Knock Off|p2a: Indeedee
|-supereffective|p2a: Indeedee
|-damage|p2a: Indeedee|0 fnt
|-enditem|p2a: Indeedee|Terrain Extender|[from] move: Knock Off|[of] p1a: Iron Valiant
|faint|p2a: Indeedee
|
|upkeep
|
|t:|1760795560
|switch|p2a: Iron Boulder|Iron Boulder|100/100
|-damage|p2a: Iron Boulder|88/100|[from] Stealth Rock
|-enditem|p2a: Iron Boulder|Booster Energy
|-activate|p2a: Iron Boulder|ability: Quark Drive|[fromitem]
|-start|p2a: Iron Boulder|quarkdrivespe
|turn|20
|
|t:|1760795569
|move|p2a: Iron Boulder|Mighty Cleave|p1a: Iron Valiant
|-resisted|p1a: Iron Valiant
|-damage|p1a: Iron Valiant|0 fnt
|faint|p1a: Iron Valiant
|-end|p1a: Iron Valiant|Quark Drive|[silent]
|
|win|21 Xans
|raw|21affan's rating: 1644 &rarr; <strong>1621</strong><br />(-23 for losing)
|raw|21 Xans's rating: 1600 &rarr; <strong>1623</strong><br />(+23 for winning)
|l|☆21affan
|player|p1|
|l|☆21 Xans
|player|p2|
|l| wobuhaole
