|j|☆aspiii
|j|☆spotifytweaks
|t:|1760845599
|gametype|singles
|player|p1|aspiii|volkner|
|player|p2|spotifytweaks|170|
|gen|9
|tier|[Gen 9] OU
|rule|HP Percentage Mod: HP is shown in percentages
|rule|Endless Battle Clause: Forcing endless battles is banned
|rule|Species Clause: Limit one of each Pokémon
|rule|OHKO Clause: OHKO moves are banned
|rule|Evasion Items Clause: Evasion items are banned
|rule|Evasion Moves Clause: Evasion moves are banned
|rule|Evasion Abilities Clause: Evasion abilities are banned
|rule|Sleep Moves Clause: Sleep-inducing moves are banned
|clearpoke
|poke|p1|Dragonite, F|
|poke|p1|Zamazenta-*|
|poke|p1|Landorus-Therian, M|
|poke|p1|Gholdengo|
|poke|p1|Darkrai|
|poke|p1|Hatterene, F|
|poke|p2|Great Tusk|
|poke|p2|Heatran, M|
|poke|p2|Weavile, M|
|poke|p2|Primarina, M|
|poke|p2|Ogerpon, F|
|poke|p2|Pecharunt|
|teampreview
|inactive|Battle timer is ON: inactive players will automatically lose when time's up. (requested by spotifytweaks)
|c|☆aspiii|mofo has 50% gxe
|c|☆spotifytweaks|lmao
|
|t:|1760845624
|teamsize|p1|6
|teamsize|p2|6
|start
|switch|p1a: Darkrai|Darkrai|100/100
|switch|p2a: Anonymous|Ogerpon, F|100/100
|turn|1
|
|t:|1760845635
|-terastallize|p2a: Anonymous|Grass
|detailschange|p2a: Anonymous|Ogerpon-Teal-Tera, F, tera:Grass
|-ability|p2a: Anonymous|Embody Aspect (Teal)|boost
|-boost|p2a: Anonymous|spe|1
|move|p2a: Anonymous|U-turn|p1a: Darkrai
|-supereffective|p1a: Darkrai
|-damage|p1a: Darkrai|25/100
|c|☆aspiii|turn 1 tera
|c|☆aspiii|alr
|inactive|spotifytweaks has 270 seconds left.
|
|t:|1760845693
|switch|p2a: Chaos|Heatran, M, shiny|100/100|[from] U-turn
|-item|p2a: Chaos|Air Balloon
|move|p1a: Darkrai|Will-O-Wisp|p2a: Chaos
|-start|p2a: Chaos|ability: Flash Fire
|
|upkeep
|turn|2
|c|☆aspiii|holu
|
|t:|1760845718
|move|p1a: Darkrai|Taunt|p2a: Chaos
|-start|p2a: Chaos|move: Taunt
|move|p2a: Chaos|Magma Storm|p1a: Darkrai|[miss]
|-miss|p2a: Chaos|p1a: Darkrai
|
|upkeep
|turn|3
|c|☆aspiii|ggez
|
|t:|1760845726
|move|p1a: Darkrai|Dark Pulse|p2a: Chaos
|-damage|p2a: Chaos|58/100
|-enditem|p2a: Chaos|Air Balloon
|move|p2a: Chaos|Magma Storm|p1a: Darkrai
|-damage|p1a: Darkrai|0 fnt
|faint|p1a: Darkrai
|
|upkeep
|
|t:|1760845732
|switch|p1a: Landorus|Landorus-Therian, M|100/100
|-ability|p1a: Landorus|Intimidate|boost
|-unboost|p2a: Chaos|atk|1
|turn|4
|inactive|spotifytweaks has 270 seconds left.
|
|t:|1760845747
|-end|p2a: Chaos|ability: Flash Fire|[silent]
|switch|p2a: Overseer|Pecharunt|100/100
|move|p1a: Landorus|Stealth Rock|p2a: Overseer
|-sidestart|p2: spotifytweaks|move: Stealth Rock
|
|upkeep
|turn|5
|
|t:|1760845760
|move|p1a: Landorus|Earthquake|p2a: Overseer
|-supereffective|p2a: Overseer
|-damage|p2a: Overseer|53/100
|move|p2a: Overseer|Parting Shot|p1a: Landorus
|-unboost|p1a: Landorus|atk|1
|-unboost|p1a: Landorus|spa|1
|
|t:|1760845763
|switch|p2a: Anonymous|Ogerpon-Teal-Tera, F, tera:Grass|100/100|[from] Parting Shot
|-damage|p2a: Anonymous|88/100|[from] Stealth Rock
|-ability|p2a: Anonymous|Embody Aspect (Teal)|boost
|-boost|p2a: Anonymous|spe|1
|
|upkeep
|turn|6
|
|t:|1760845773
|switch|p1a: Gholdengo|Gholdengo|100/100
|move|p2a: Anonymous|Knock Off|p1a: Gholdengo
|-supereffective|p1a: Gholdengo
|-damage|p1a: Gholdengo|0 fnt
|-enditem|p1a: Gholdengo|Metal Coat|[from] move: Knock Off|[of] p2a: Anonymous
|faint|p1a: Gholdengo
|
|upkeep
|c|☆aspiii|bro\
|c|☆aspiii|why
|
|t:|1760845781
|switch|p1a: Dragonite|Dragonite, F|100/100
|turn|7
|c|☆aspiii|what are we doing
|
|t:|1760845793
|move|p2a: Anonymous|Knock Off|p1a: Dragonite
|-damage|p1a: Dragonite|74/100
|-enditem|p1a: Dragonite|Lum Berry|[from] move: Knock Off|[of] p2a: Anonymous
|move|p1a: Dragonite|Dragon Dance|p1a: Dragonite
|-boost|p1a: Dragonite|atk|1
|-boost|p1a: Dragonite|spe|1
|
|upkeep
|turn|8
|
|t:|1760845796
|switch|p2a: Celestine|Primarina, M, shiny|100/100
|-damage|p2a: Celestine|88/100|[from] Stealth Rock
|move|p1a: Dragonite|Dragon Dance|p1a: Dragonite
|-boost|p1a: Dragonite|atk|1
|-boost|p1a: Dragonite|spe|1
|
|upkeep
|turn|9
|
|t:|1760845803
|move|p1a: Dragonite|Extreme Speed|p2a: Celestine
|-damage|p2a: Celestine|20/100
|move|p2a: Celestine|Moonblast|p1a: Dragonite
|-supereffective|p1a: Dragonite
|-damage|p1a: Dragonite|0 fnt
|faint|p1a: Dragonite
|
|upkeep
|c|☆aspiii|ive lost
|c|☆aspiii|holy
|
|t:|1760845811
|switch|p1a: Landorus|Landorus-Therian, M|100/100
|-ability|p1a: Landorus|Intimidate|boost
|-unboost|p2a: Celestine|atk|1
|turn|10
|
|t:|1760845830
|switch|p2a: Behemoth|Great Tusk, shiny|100/100
|move|p1a: Landorus|Earthquake|p2a: Behemoth
|-damage|p2a: Behemoth|67/100
|
|upkeep
|turn|11
|
|t:|1760845835
|switch|p1a: Zamazenta|Zamazenta|100/100
|-ability|p1a: Zamazenta|Dauntless Shield|boost
|-boost|p1a: Zamazenta|def|1
|move|p2a: Behemoth|Rapid Spin|p1a: Zamazenta
|-damage|p1a: Zamazenta|92/100
|-boost|p2a: Behemoth|spe|1
|-sideend|p2: spotifytweaks|Stealth Rock|[from] move: Rapid Spin|[of] p2a: Behemoth
|
|-heal|p1a: Zamazenta|98/100|[from] item: Leftovers
|upkeep
|turn|12
|
|t:|1760845852
|move|p2a: Behemoth|Headlong Rush|p1a: Zamazenta
|-damage|p1a: Zamazenta|69/100
|-unboost|p2a: Behemoth|def|1
|-unboost|p2a: Behemoth|spd|1
|move|p1a: Zamazenta|Crunch|p2a: Behemoth
|-resisted|p2a: Behemoth
|-damage|p2a: Behemoth|55/100
|
|-heal|p1a: Zamazenta|75/100|[from] item: Leftovers
|upkeep
|turn|13
|
|t:|1760845858
|-end|p2a: Behemoth|Protosynthesis|[silent]
|switch|p2a: Overseer|Pecharunt|53/100
|move|p1a: Zamazenta|Crunch|p2a: Overseer
|-supereffective|p2a: Overseer
|-crit|p2a: Overseer
|-damage|p2a: Overseer|25/100
|-damage|p1a: Zamazenta|58/100|[from] item: Rocky Helmet|[of] p2a: Overseer
|
|-heal|p1a: Zamazenta|65/100|[from] item: Leftovers
|upkeep
|turn|14
|c|☆aspiii|fuck vro
|
|t:|1760845865
|switch|p1a: Landorus|Landorus-Therian, M|100/100
|-ability|p1a: Landorus|Intimidate|boost
|-unboost|p2a: Overseer|atk|1
|move|p2a: Overseer|Recover|p2a: Overseer
|-heal|p2a: Overseer|75/100
|
|upkeep
|turn|15
|
|t:|1760845870
|switch|p2a: Anonymous|Ogerpon-Teal-Tera, F, tera:Grass|88/100
|-ability|p2a: Anonymous|Embody Aspect (Teal)|boost
|-boost|p2a: Anonymous|spe|1
|move|p1a: Landorus|Taunt|p2a: Anonymous
|-start|p2a: Anonymous|move: Taunt
|
|upkeep
|turn|16
|
|t:|1760845878
|move|p2a: Anonymous|Ivy Cudgel|p1a: Landorus
|-damage|p1a: Landorus|4/100
|move|p1a: Landorus|U-turn|p2a: Anonymous
|-supereffective|p2a: Anonymous
|-damage|p2a: Anonymous|28/100
|
|t:|1760845883
|switch|p1a: Zamazenta|Zamazenta|65/100|[from] U-turn
|
|-heal|p1a: Zamazenta|71/100|[from] item: Leftovers
|upkeep
|turn|17
|
|t:|1760845887
|switch|p2a: Overseer|Pecharunt|75/100
|move|p1a: Zamazenta|Roar|p2a: Overseer
|drag|p2a: Anonymous|Ogerpon-Teal-Tera, F, tera:Grass|28/100
|-ability|p2a: Anonymous|Embody Aspect (Teal)|boost
|-boost|p2a: Anonymous|spe|1
|
|-heal|p1a: Zamazenta|77/100|[from] item: Leftovers
|upkeep
|turn|18
|
|t:|1760845896
|move|p2a: Anonymous|U-turn|p1a: Zamazenta
|-resisted|p1a: Zamazenta
|-damage|p1a: Zamazenta|63/100
|
|t:|1760845898
|switch|p2a: Overseer|Pecharunt|75/100|[from] U-turn
|move|p1a: Zamazenta|Body Press|p2a: Overseer
|-immune|p2a: Overseer
|
|-heal|p1a: Zamazenta|70/100|[from] item: Leftovers
|upkeep
|turn|19
|
|t:|1760845907
|move|p2a: Overseer|Malignant Chain|p1a: Zamazenta
|-crit|p1a: Zamazenta
|-damage|p1a: Zamazenta|23/100
|move|p1a: Zamazenta|Roar|p2a: Overseer
|drag|p2a: Celestine|Primarina, M, shiny|20/100
|
|-heal|p1a: Zamazenta|29/100|[from] item: Leftovers
|upkeep
|turn|20
|c|☆aspiii|lemme kill one mon vro
|
|t:|1760845918
|switch|p1a: Hatterene|Hatterene, F|100/100
|switch|p2a: Overseer|Pecharunt|75/100
|
|upkeep
|turn|21
|
|t:|1760845923
|move|p2a: Overseer|Malignant Chain|p1a: Hatterene
|-supereffective|p1a: Hatterene
|-damage|p1a: Hatterene|63/100
|-status|p1a: Hatterene|tox
|-start|p1a: Hatterene|confusion|[from] ability: Poison Puppeteer|[of] p2a: Overseer
|-activate|p1a: Hatterene|confusion
|-damage|p1a: Hatterene|55/100 tox|[from] confusion
|
|-damage|p1a: Hatterene|49/100 tox|[from] psn
|upkeep
|turn|22
|c|☆aspiii|FUCK
|
|t:|1760845931
|-terastallize|p1a: Hatterene|Water
|move|p2a: Overseer|Malignant Chain|p1a: Hatterene
|-damage|p1a: Hatterene|29/100 tox
|-activate|p1a: Hatterene|confusion
|-damage|p1a: Hatterene|21/100 tox|[from] confusion
|
|-damage|p1a: Hatterene|9/100 tox|[from] psn
|upkeep
|turn|23
|c|☆spotifytweaks|i need this
|c|☆aspiii|alr ggs man
|c|☆spotifytweaks|no
|-message|aspiii forfeited.
|
|win|spotifytweaks
|c|☆spotifytweaks|dont forfeit
|c|☆spotifytweaks|FUCK YOU
|c|☆aspiii|no
|c|☆spotifytweaks|IM COUNTING THIS AS 6-0
