|j|☆stonetemplewynaut
|j|☆respect black ppl
|t:|1760816538
|gametype|singles
|player|p1|stonetemplewynaut|youngcouple-gen4dp|1135
|player|p2|respect black ppl|brock|1101
|gen|9
|tier|[Gen 9] OU
|rated|
|rule|HP Percentage Mod: HP is shown in percentages
|rule|Endless Battle Clause: Forcing endless battles is banned
|rule|Species Clause: Limit one of each Pokémon
|rule|OHKO Clause: OHKO moves are banned
|rule|Evasion Items Clause: Evasion items are banned
|rule|Evasion Moves Clause: Evasion moves are banned
|rule|Evasion Abilities Clause: Evasion abilities are banned
|rule|Sleep Moves Clause: Sleep-inducing moves are banned
|clearpoke
|poke|p1|Pecharunt|
|poke|p1|Great Tusk|
|poke|p1|Ogerpon-Wellspring, F|
|poke|p1|Iron Crown|
|poke|p1|Landorus-Therian, M|
|poke|p1|Heatran, F|
|poke|p2|Garchomp, M|
|poke|p2|Darkrai|
|poke|p2|Landorus-Therian, M|
|poke|p2|Kingambit, M|
|poke|p2|Iron Valiant|
|poke|p2|Zapdos|
|teampreview
|
|t:|1760816543
|teamsize|p1|6
|teamsize|p2|6
|start
|switch|p1a: Landorus|Landorus-Therian, M|100/100
|switch|p2a: Garchomp|Garchomp, M|100/100
|-ability|p1a: Landorus|Intimidate|boost
|-unboost|p2a: Garchomp|atk|1
|turn|1
|
|t:|1760816553
|move|p1a: Landorus|Earthquake|p2a: Garchomp
|-damage|p2a: Garchomp|48/100
|move|p2a: Garchomp|Draco Meteor|p1a: Landorus
|-damage|p1a: Landorus|21/100
|-unboost|p2a: Garchomp|spa|2
|-damage|p2a: Garchomp|38/100|[from] item: Life Orb
|
|upkeep
|turn|2
|
|t:|1760816570
|switch|p1a: Heatran|Heatran, F|100/100
|-item|p1a: Heatran|Air Balloon
|move|p2a: Garchomp|Stealth Rock|p1a: Heatran
|-sidestart|p1: stonetemplewynaut|move: Stealth Rock
|
|upkeep
|turn|3
|
|t:|1760816582
|switch|p2a: Iron Valiant|Iron Valiant|100/100
|-enditem|p2a: Iron Valiant|Booster Energy
|-activate|p2a: Iron Valiant|ability: Quark Drive|[fromitem]
|-start|p2a: Iron Valiant|quarkdrivespe
|move|p1a: Heatran|Stealth Rock|p2a: Iron Valiant
|-sidestart|p2: respect black ppl|move: Stealth Rock
|
|upkeep
|turn|4
|
|t:|1760816593
|switch|p1a: Pecharunt|Pecharunt|100/100
|-damage|p1a: Pecharunt|88/100|[from] Stealth Rock
|move|p2a: Iron Valiant|Close Combat|p1a: Pecharunt
|-immune|p1a: Pecharunt
|
|upkeep
|turn|5
|
|t:|1760816605
|move|p2a: Iron Valiant|Knock Off|p1a: Pecharunt
|-supereffective|p1a: Pecharunt
|-damage|p1a: Pecharunt|62/100
|-damage|p2a: Iron Valiant|84/100|[from] item: Rocky Helmet|[of] p1a: Pecharunt
|-enditem|p1a: Pecharunt|Rocky Helmet|[from] move: Knock Off|[of] p2a: Iron Valiant
|move|p1a: Pecharunt|Parting Shot|p2a: Iron Valiant
|-unboost|p2a: Iron Valiant|atk|1
|-unboost|p2a: Iron Valiant|spa|1
|
|t:|1760816613
|switch|p1a: Iron Crown|Iron Crown|100/100|[from] Parting Shot
|-damage|p1a: Iron Crown|94/100|[from] Stealth Rock
|
|upkeep
|turn|6
|
|t:|1760816625
|move|p2a: Iron Valiant|Destiny Bond|p2a: Iron Valiant
|-singlemove|p2a: Iron Valiant|Destiny Bond
|move|p1a: Iron Crown|Tachyon Cutter|p2a: Iron Valiant
|-supereffective|p2a: Iron Valiant
|-damage|p2a: Iron Valiant|0 fnt
|faint|p2a: Iron Valiant
|-activate|p2a: Iron Valiant|move: Destiny Bond
|-end|p2a: Iron Valiant|Quark Drive|[silent]
|faint|p1a: Iron Crown
|-end|p1a: Iron Crown|Quark Drive|[silent]
|-hitcount|p2: Iron Valiant|1
|
|upkeep
|
|t:|1760816638
|switch|p2a: Zapdos|Zapdos|100/100
|switch|p1a: Great Tusk|Great Tusk|100/100
|turn|7
|
|t:|1760816648
|move|p2a: Zapdos|Hurricane|p1a: Great Tusk
|-supereffective|p1a: Great Tusk
|-damage|p1a: Great Tusk|0 fnt
|faint|p1a: Great Tusk
|-end|p1a: Great Tusk|Protosynthesis|[silent]
|
|upkeep
|-message|stonetemplewynaut forfeited.
|
|win|respect black ppl
|raw|stonetemplewynaut's rating: 1135 &rarr; <strong>1108</strong><br />(-27 for losing)
|raw|respect black ppl's rating: 1101 &rarr; <strong>1128</strong><br />(+27 for winning)
|l|☆stonetemplewynaut
|player|p1|
|c|☆respect black ppl|ima beast
