|j|☆idgafboutthis
|j|☆caijin
|t:|1760799945
|gametype|singles
|player|p1|idgafboutthis|101|1073
|player|p2|caijin|bianca|1087
|gen|9
|tier|[Gen 9] OU
|rated|
|rule|HP Percentage Mod: HP is shown in percentages
|rule|Endless Battle Clause: Forcing endless battles is banned
|rule|Species Clause: Limit one of each Pokémon
|rule|OHKO Clause: OHKO moves are banned
|rule|Evasion Items Clause: Evasion items are banned
|rule|Evasion Moves Clause: Evasion moves are banned
|rule|Evasion Abilities Clause: Evasion abilities are banned
|rule|Sleep Moves Clause: Sleep-inducing moves are banned
|clearpoke
|poke|p1|Cloyster, F|
|poke|p1|Torterra, F|
|poke|p1|Ceruledge, M|
|poke|p1|Pecharunt|
|poke|p1|Dragapult, M|
|poke|p1|Cinderace, F|
|poke|p2|Serperior, F|
|poke|p2|Meowstic, M|
|poke|p2|Chandelure, M|
|poke|p2|Pawmot, F|
|poke|p2|Noivern, M|
|poke|p2|Florges-Blue, F|
|teampreview
|inactive|Battle timer is ON: inactive players will automatically lose when time's up. (requested by caijin)
|
|t:|1760799968
|teamsize|p1|6
|teamsize|p2|6
|start
|switch|p1a: Dragapult|Dragapult, M, shiny|100/100
|switch|p2a: Mirror|Meowstic, M|100/100
|turn|1
|
|t:|1760799979
|move|p2a: Mirror|Thunder Wave|p1a: Dragapult
|-status|p1a: Dragapult|par
|move|p1a: Dragapult|U-turn|p2a: Mirror
|-supereffective|p2a: Mirror
|-damage|p2a: Mirror|10/100
|
|t:|1760799986
|switch|p1a: Ceruledge|Ceruledge, M|100/100|[from] U-turn
|
|upkeep
|turn|2
|
|t:|1760799995
|move|p2a: Mirror|Thunder Wave|p1a: Ceruledge
|-status|p1a: Ceruledge|par
|move|p1a: Ceruledge|Shadow Sneak|p2a: Mirror
|-supereffective|p2a: Mirror
|-damage|p2a: Mirror|0 fnt
|faint|p2a: Mirror
|
|upkeep
|
|t:|1760800003
|switch|p2a: Camellia|Serperior, F|100/100
|turn|3
|
|t:|1760800008
|-terastallize|p2a: Camellia|Dragon
|move|p2a: Camellia|Coil|p2a: Camellia
|-boost|p2a: Camellia|atk|1
|-boost|p2a: Camellia|def|1
|-boost|p2a: Camellia|accuracy|1
|cant|p1a: Ceruledge|par
|
|upkeep
|turn|4
|
|t:|1760800021
|move|p2a: Camellia|Coil|p2a: Camellia
|-boost|p2a: Camellia|atk|1
|-boost|p2a: Camellia|def|1
|-boost|p2a: Camellia|accuracy|1
|cant|p1a: Ceruledge|par
|
|upkeep
|turn|5
|
|t:|1760800028
|move|p2a: Camellia|Coil|p2a: Camellia
|-boost|p2a: Camellia|atk|1
|-boost|p2a: Camellia|def|1
|-boost|p2a: Camellia|accuracy|1
|move|p1a: Ceruledge|Swords Dance|p1a: Ceruledge
|-boost|p1a: Ceruledge|atk|2
|
|upkeep
|turn|6
|
|t:|1760800035
|move|p2a: Camellia|Scale Shot|p1a: Ceruledge
|-crit|p1a: Ceruledge
|-damage|p1a: Ceruledge|49/100 par
|-ability|p1a: Ceruledge|Weak Armor|boost
|-unboost|p1a: Ceruledge|def|1
|-boost|p1a: Ceruledge|spe|2
|-damage|p1a: Ceruledge|0 fnt
|faint|p1a: Ceruledge
|-hitcount|p1: Ceruledge|2
|-unboost|p2a: Camellia|def|1
|-boost|p2a: Camellia|spe|1
|
|upkeep
|
|t:|1760800048
|switch|p1a: Dragapult|Dragapult, M, shiny|100/100 par
|turn|7
|-message|idgafboutthis forfeited.
|
|win|caijin
|raw|idgafboutthis's rating: 1073 &rarr; <strong>1053</strong><br />(-20 for losing)
|raw|caijin's rating: 1087 &rarr; <strong>1113</strong><br />(+26 for winning)
|l|☆idgafboutthis
|player|p1|
|l|☆caijin
|player|p2|
