|j|☆hacksareus10
|j|☆AdrianPoop1234
|t:|1760720212
|gametype|singles
|player|p1|hacksareus10|2|1298
|player|p2|AdrianPoop1234|266|1314
|gen|9
|tier|[Gen 9] OU
|rated|
|rule|HP Percentage Mod: HP is shown in percentages
|rule|Endless Battle Clause: Forcing endless battles is banned
|rule|Species Clause: Limit one of each Pokémon
|rule|OHKO Clause: OHKO moves are banned
|rule|Evasion Items Clause: Evasion items are banned
|rule|Evasion Moves Clause: Evasion moves are banned
|rule|Evasion Abilities Clause: Evasion abilities are banned
|rule|Sleep Moves Clause: Sleep-inducing moves are banned
|clearpoke
|poke|p1|Walking Wake|
|poke|p1|Ninetales, F|
|poke|p1|Corviknight, F|
|poke|p1|Landorus-Therian, M|
|poke|p1|Armarouge, M|
|poke|p1|Arboliva, M|
|poke|p2|Ting-Lu|
|poke|p2|Gholdengo|
|poke|p2|Iron Crown|
|poke|p2|Great Tusk|
|poke|p2|Primarina, M|
|poke|p2|Dragonite, F|
|teampreview
|inactive|Battle timer is ON: inactive players will automatically lose when time's up. (requested by hacksareus10)
|
|t:|1760720236
|teamsize|p1|6
|teamsize|p2|6
|start
|switch|p1a: Landorus|Landorus-Therian, M|100/100
|switch|p2a: Great Tusk|Great Tusk|100/100
|-ability|p1a: Landorus|Intimidate|boost
|-unboost|p2a: Great Tusk|atk|1
|-enditem|p2a: Great Tusk|Booster Energy
|-activate|p2a: Great Tusk|ability: Protosynthesis|[fromitem]
|-start|p2a: Great Tusk|protosynthesisspe
|turn|1
|
|t:|1760720253
|switch|p1a: Armarouge|Armarouge, M|100/100
|-terastallize|p2a: Great Tusk|Flying
|move|p2a: Great Tusk|Ice Spinner|p1a: Armarouge
|-resisted|p1a: Armarouge
|-damage|p1a: Armarouge|91/100
|-ability|p1a: Armarouge|Weak Armor|boost
|-unboost|p1a: Armarouge|def|1
|-boost|p1a: Armarouge|spe|2
|
|upkeep
|turn|2
|
|t:|1760720264
|move|p1a: Armarouge|Endure|p1a: Armarouge
|-singleturn|p1a: Armarouge|move: Endure
|move|p2a: Great Tusk|Headlong Rush|p1a: Armarouge
|-supereffective|p1a: Armarouge
|-activate|p1a: Armarouge|move: Endure
|-damage|p1a: Armarouge|1/100
|-unboost|p2a: Great Tusk|def|1
|-unboost|p2a: Great Tusk|spd|1
|-ability|p1a: Armarouge|Weak Armor|boost
|-unboost|p1a: Armarouge|def|1
|-boost|p1a: Armarouge|spe|2
|-enditem|p1a: Armarouge|Weakness Policy
|-boost|p1a: Armarouge|atk|2|[from] item: Weakness Policy
|-boost|p1a: Armarouge|spa|2|[from] item: Weakness Policy
|
|upkeep
|turn|3
|
|t:|1760720278
|move|p1a: Armarouge|Armor Cannon|p2a: Great Tusk
|-damage|p2a: Great Tusk|0 fnt
|-unboost|p1a: Armarouge|def|1
|-unboost|p1a: Armarouge|spd|1
|faint|p2a: Great Tusk
|-end|p2a: Great Tusk|Protosynthesis|[silent]
|
|upkeep
|
|t:|1760720286
|switch|p2a: Primarina|Primarina, M|100/100
|turn|4
|
|t:|1760720292
|move|p1a: Armarouge|Stored Power|p2a: Primarina
|-damage|p2a: Primarina|0 fnt
|faint|p2a: Primarina
|
|upkeep
|
|t:|1760720295
|switch|p2a: Ting-Lu|Ting-Lu|100/100
|-ability|p2a: Ting-Lu|Vessel of Ruin
|turn|5
|
|t:|1760720303
|move|p1a: Armarouge|Stored Power|p2a: Ting-Lu
|-immune|p2a: Ting-Lu
|move|p2a: Ting-Lu|Whirlwind|p1a: Armarouge
|drag|p1a: Ninetales|Ninetales, F|100/100
|-weather|SunnyDay|[from] ability: Drought|[of] p1a: Ninetales
|
|-weather|SunnyDay|[upkeep]
|upkeep
|turn|6
|
|t:|1760720320
|move|p1a: Ninetales|Will-O-Wisp|p2a: Ting-Lu
|-status|p2a: Ting-Lu|brn
|move|p2a: Ting-Lu|Spikes|p1a: Ninetales
|-sidestart|p1: hacksareus10|Spikes
|
|-weather|SunnyDay|[upkeep]
|-damage|p2a: Ting-Lu|94/100 brn|[from] brn
|upkeep
|turn|7
|
|t:|1760720330
|switch|p1a: Walking Wake|Walking Wake|100/100
|-damage|p1a: Walking Wake|88/100|[from] Spikes
|-activate|p1a: Walking Wake|ability: Protosynthesis
|-start|p1a: Walking Wake|protosynthesisspe
|move|p2a: Ting-Lu|Spikes|p1a: Walking Wake
|-sidestart|p1: hacksareus10|Spikes
|
|-weather|SunnyDay|[upkeep]
|-heal|p2a: Ting-Lu|100/100 brn|[from] item: Leftovers
|-damage|p2a: Ting-Lu|94/100 brn|[from] brn
|upkeep
|turn|8
|
|t:|1760720342
|switch|p2a: Dragonite|Dragonite, F|100/100
|move|p1a: Walking Wake|Hydro Steam|p2a: Dragonite
|-resisted|p2a: Dragonite
|-damage|p2a: Dragonite|76/100
|
|-weather|SunnyDay|[upkeep]
|-heal|p2a: Dragonite|83/100|[from] item: Leftovers
|upkeep
|turn|9
|
|t:|1760720360
|-end|p1a: Walking Wake|Protosynthesis|[silent]
|switch|p1a: Arboliva|Arboliva, M|100/100
|-damage|p1a: Arboliva|84/100|[from] Spikes
|switch|p2a: Iron Crown|Iron Crown|100/100
|-enditem|p2a: Iron Crown|Booster Energy
|-activate|p2a: Iron Crown|ability: Quark Drive|[fromitem]
|-start|p2a: Iron Crown|quarkdrivespe
|
|-weather|SunnyDay|[upkeep]
|upkeep
|turn|10
|
|t:|1760720371
|move|p2a: Iron Crown|Calm Mind|p2a: Iron Crown
|-boost|p2a: Iron Crown|spa|1
|-boost|p2a: Iron Crown|spd|1
|move|p1a: Arboliva|Substitute|p1a: Arboliva
|-start|p1a: Arboliva|Substitute
|-damage|p1a: Arboliva|59/100
|
|-weather|SunnyDay|[upkeep]
|upkeep
|turn|11
|
|t:|1760720387
|move|p2a: Iron Crown|Tachyon Cutter|p1a: Arboliva
|-end|p1a: Arboliva|Substitute
|-damage|p1a: Arboliva|31/100
|-enditem|p1a: Arboliva|Sitrus Berry|[eat]
|-heal|p1a: Arboliva|56/100|[from] item: Sitrus Berry
|-hitcount|p1a: Arboliva|2
|move|p1a: Arboliva|Leech Seed|p2a: Iron Crown|[miss]
|-miss|p1a: Arboliva|p2a: Iron Crown
|
|-weather|SunnyDay|[upkeep]
|-item|p1a: Arboliva|Sitrus Berry|[from] ability: Harvest
|upkeep
|turn|12
|
|t:|1760720405
|move|p2a: Iron Crown|Calm Mind|p2a: Iron Crown
|-boost|p2a: Iron Crown|spa|1
|-boost|p2a: Iron Crown|spd|1
|move|p1a: Arboliva|Leech Seed|p2a: Iron Crown
|-start|p2a: Iron Crown|move: Leech Seed
|
|-weather|none
|-damage|p2a: Iron Crown|88/100|[from] Leech Seed|[of] p1a: Arboliva
|-heal|p1a: Arboliva|67/100|[silent]
|upkeep
|turn|13
|
|t:|1760720414
|move|p1a: Arboliva|Protect|p1a: Arboliva
|-singleturn|p1a: Arboliva|Protect
|move|p2a: Iron Crown|Tachyon Cutter|p1a: Arboliva
|-activate|p1a: Arboliva|move: Protect
|
|-damage|p2a: Iron Crown|76/100|[from] Leech Seed|[of] p1a: Arboliva
|-heal|p1a: Arboliva|78/100|[silent]
|upkeep
|turn|14
|
|t:|1760720424
|switch|p1a: Armarouge|Armarouge, M|1/100
|-damage|p1a: Armarouge|0 fnt|[from] Spikes
|faint|p1a: Armarouge
|move|p2a: Iron Crown|Tachyon Cutter|p1: Armarouge|[notarget]
|-fail|p2a: Iron Crown
|
|upkeep
|
|t:|1760720435
|switch|p1a: Landorus|Landorus-Therian, M|100/100
|-ability|p1a: Landorus|Intimidate|boost
|-unboost|p2a: Iron Crown|atk|1
|turn|15
|
|t:|1760720444
|move|p2a: Iron Crown|Tachyon Cutter|p1a: Landorus
|-damage|p1a: Landorus|42/100
|-damage|p1a: Landorus|0 fnt
|faint|p1a: Landorus
|-hitcount|p1: Landorus|2
|
|upkeep
|
|t:|1760720452
|switch|p1a: Ninetales|Ninetales, F|100/100
|-damage|p1a: Ninetales|84/100|[from] Spikes
|-weather|SunnyDay|[from] ability: Drought|[of] p1a: Ninetales
|turn|16
|
|t:|1760720458
|move|p2a: Iron Crown|Psyshock|p1a: Ninetales
|-damage|p1a: Ninetales|0 fnt
|faint|p1a: Ninetales
|
|-weather|SunnyDay|[upkeep]
|upkeep
|inactive|hacksareus10 has 120 seconds left.
|
|t:|1760720489
|switch|p1a: Walking Wake|Walking Wake|88/100
|-damage|p1a: Walking Wake|72/100|[from] Spikes
|-activate|p1a: Walking Wake|ability: Protosynthesis
|-start|p1a: Walking Wake|protosynthesisspe
|turn|17
|
|t:|1760720500
|-terastallize|p1a: Walking Wake|Fire
|move|p1a: Walking Wake|Weather Ball|p2a: Iron Crown
|-supereffective|p2a: Iron Crown
|-damage|p2a: Iron Crown|0 fnt
|faint|p2a: Iron Crown
|-end|p2a: Iron Crown|Quark Drive|[silent]
|
|-weather|SunnyDay|[upkeep]
|upkeep
|
|t:|1760720505
|switch|p2a: Dragonite|Dragonite, F|83/100
|turn|18
|
|t:|1760720512
|-end|p1a: Walking Wake|Protosynthesis|[silent]
|switch|p1a: Corviknight|Corviknight, F|100/100
|-ability|p1a: Corviknight|Pressure
|move|p2a: Dragonite|Earthquake|p1a: Corviknight
|-immune|p1a: Corviknight
|
|-weather|SunnyDay|[upkeep]
|-heal|p2a: Dragonite|89/100|[from] item: Leftovers
|upkeep
|turn|19
|
|t:|1760720523
|move|p2a: Dragonite|Fire Punch|p1a: Corviknight
|-supereffective|p1a: Corviknight
|-damage|p1a: Corviknight|47/100
|-damage|p2a: Dragonite|72/100|[from] item: Rocky Helmet|[of] p1a: Corviknight
|move|p1a: Corviknight|U-turn|p2a: Dragonite
|-resisted|p2a: Dragonite
|-damage|p2a: Dragonite|64/100
|
|t:|1760720531
|switch|p1a: Walking Wake|Walking Wake, tera:Fire|72/100|[from] U-turn
|-damage|p1a: Walking Wake|55/100|[from] Spikes
|-activate|p1a: Walking Wake|ability: Protosynthesis
|-start|p1a: Walking Wake|protosynthesisspe
|
|-weather|SunnyDay|[upkeep]
|-heal|p2a: Dragonite|70/100|[from] item: Leftovers
|upkeep
|turn|20
|
|t:|1760720540
|move|p1a: Walking Wake|Draco Meteor|p2a: Dragonite
|-supereffective|p2a: Dragonite
|-damage|p2a: Dragonite|0 fnt
|-unboost|p1a: Walking Wake|spa|2
|faint|p2a: Dragonite
|
|-weather|SunnyDay|[upkeep]
|upkeep
|
|t:|1760720546
|switch|p2a: Gholdengo|Gholdengo|100/100
|turn|21
|
|t:|1760720563
|-end|p1a: Walking Wake|Protosynthesis|[silent]
|switch|p1a: Corviknight|Corviknight, F|47/100
|-ability|p1a: Corviknight|Pressure
|switch|p2a: Ting-Lu|Ting-Lu|94/100 brn
|-ability|p2a: Ting-Lu|Vessel of Ruin
|
|-weather|SunnyDay|[upkeep]
|-heal|p2a: Ting-Lu|100/100 brn|[from] item: Leftovers
|-damage|p2a: Ting-Lu|94/100 brn|[from] brn
|upkeep
|turn|22
|
|t:|1760720575
|move|p1a: Corviknight|Defog|p2a: Ting-Lu
|-unboost|p2a: Ting-Lu|evasion|1
|-sideend|p1: hacksareus10|Spikes|[from] move: Defog|[of] p1a: Corviknight
|move|p2a: Ting-Lu|Spikes|p1a: Corviknight
|-sidestart|p1: hacksareus10|Spikes
|
|-weather|SunnyDay|[upkeep]
|-heal|p2a: Ting-Lu|100/100 brn|[from] item: Leftovers
|-damage|p2a: Ting-Lu|94/100 brn|[from] brn
|upkeep
|turn|23
|
|t:|1760720584
|move|p1a: Corviknight|Roost|p1a: Corviknight
|-heal|p1a: Corviknight|97/100
|-singleturn|p1a: Corviknight|move: Roost
|move|p2a: Ting-Lu|Whirlwind|p1a: Corviknight
|drag|p1a: Walking Wake|Walking Wake, tera:Fire|55/100
|-damage|p1a: Walking Wake|43/100|[from] Spikes
|-activate|p1a: Walking Wake|ability: Protosynthesis
|-start|p1a: Walking Wake|protosynthesisspe
|
|-weather|none
|-end|p1a: Walking Wake|Protosynthesis
|-heal|p2a: Ting-Lu|100/100 brn|[from] item: Leftovers
|-damage|p2a: Ting-Lu|94/100 brn|[from] brn
|upkeep
|turn|24
|inactive|AdrianPoop1234 has 120 seconds left.
|l|☆AdrianPoop1234
|inactive|AdrianPoop1234 disconnected and has a minute to reconnect!
|player|p2|
|inactive|AdrianPoop1234 has 30 seconds to reconnect!
|inactive|AdrianPoop1234 has 20 seconds to reconnect!
|inactive|AdrianPoop1234 has 15 seconds to reconnect!
|inactive|AdrianPoop1234 has 10 seconds to reconnect!
|inactive|AdrianPoop1234 has 5 seconds to reconnect!
|-message|AdrianPoop1234 lost due to inactivity.
|
|win|hacksareus10
|raw|hacksareus10's rating: 1298 &rarr; <strong>1324</strong><br />(+26 for winning)
|raw|AdrianPoop1234's rating: 1314 &rarr; <strong>1293</strong><br />(-21 for losing)
|j|☆AdrianPoop1234
|player|p2|AdrianPoop1234|266|
|l|☆AdrianPoop1234
|player|p2|
|l|☆hacksareus10
|player|p1|
