|j|☆zaonxerses
|j|☆KuroNoTamashi
|t:|1760799979
|gametype|singles
|player|p1|zaonxerses|ingo|1422
|player|p2|KuroNoTamashi|101|1383
|gen|9
|tier|[Gen 9] OU
|rated|
|rule|HP Percentage Mod: HP is shown in percentages
|rule|Endless Battle Clause: Forcing endless battles is banned
|rule|Species Clause: Limit one of each Pokémon
|rule|OHKO Clause: OHKO moves are banned
|rule|Evasion Items Clause: Evasion items are banned
|rule|Evasion Moves Clause: Evasion moves are banned
|rule|Evasion Abilities Clause: Evasion abilities are banned
|rule|Sleep Moves Clause: Sleep-inducing moves are banned
|clearpoke
|poke|p1|Grimmsnarl, M|
|poke|p1|Pecharunt|
|poke|p1|Ting-Lu|
|poke|p1|Great Tusk|
|poke|p1|Rotom-Wash|
|poke|p1|Tornadus-Therian, M|
|poke|p2|Ursaluna, M|
|poke|p2|Mimikyu, F|
|poke|p2|Hatterene, F|
|poke|p2|Copperajah, F|
|poke|p2|Crawdaunt, F|
|poke|p2|Hoopa|
|teampreview
|inactive|Battle timer is ON: inactive players will automatically lose when time's up. (requested by zaonxerses)
|
|t:|1760799983
|teamsize|p1|6
|teamsize|p2|6
|start
|switch|p1a: Grimmsnarl|Grimmsnarl, M|100/100
|switch|p2a: Ursaluna|Ursaluna, M, shiny|100/100
|turn|1
|
|t:|1760799997
|move|p1a: Grimmsnarl|Parting Shot|p2a: Ursaluna
|-unboost|p2a: Ursaluna|atk|1
|-unboost|p2a: Ursaluna|spa|1
|
|t:|1760800002
|switch|p1a: Great Tusk|Great Tusk|100/100|[from] Parting Shot
|move|p2a: Ursaluna|Headlong Rush|p1a: Great Tusk
|-damage|p1a: Great Tusk|68/100
|-unboost|p2a: Ursaluna|def|1
|-unboost|p2a: Ursaluna|spd|1
|
|-heal|p1a: Great Tusk|74/100|[from] item: Leftovers
|-status|p2a: Ursaluna|brn|[from] item: Flame Orb
|upkeep
|turn|2
|
|t:|1760800015
|switch|p2a: Hatterene|Hatterene, F|100/100
|move|p1a: Great Tusk|Body Press|p2a: Hatterene
|-resisted|p2a: Hatterene
|-damage|p2a: Hatterene|90/100
|
|-heal|p1a: Great Tusk|80/100|[from] item: Leftovers
|upkeep
|turn|3
|
|t:|1760800025
|-end|p1a: Great Tusk|Protosynthesis|[silent]
|switch|p1a: Pecharunt|Pecharunt|100/100
|move|p2a: Hatterene|Trick Room|p2a: Hatterene
|-fieldstart|move: Trick Room|[of] p2a: Hatterene
|
|upkeep
|turn|4
|
|t:|1760800032
|move|p2a: Hatterene|Future Sight|p1a: Pecharunt
|-start|p2a: Hatterene|move: Future Sight
|move|p1a: Pecharunt|Malignant Chain|p2a: Hatterene
|-supereffective|p2a: Hatterene
|-damage|p2a: Hatterene|0 fnt
|faint|p2a: Hatterene
|
|upkeep
|
|t:|1760800037
|switch|p2a: Ursaluna|Ursaluna, M, shiny|100/100 brn
|turn|5
|
|t:|1760800048
|switch|p1a: Tornadus|Tornadus-Therian, M|100/100
|move|p2a: Ursaluna|Headlong Rush|p1a: Tornadus
|-immune|p1a: Tornadus
|
|-damage|p2a: Ursaluna|94/100 brn|[from] brn
|upkeep
|turn|6
|
|t:|1760800075
|-terastallize|p1a: Tornadus|Steel
|move|p2a: Ursaluna|Facade|p1a: Tornadus
|-resisted|p1a: Tornadus
|-damage|p1a: Tornadus|30/100
|move|p1a: Tornadus|Bleakwind Storm|p2a: Ursaluna
|-damage|p2a: Ursaluna|60/100 brn
|
|-end|p1a: Tornadus|move: Future Sight
|-resisted|p1a: Tornadus
|-damage|p1a: Tornadus|0 fnt
|faint|p1a: Tornadus
|-damage|p2a: Ursaluna|54/100 brn|[from] brn
|upkeep
|inactive|zaonxerses has 120 seconds left.
|
|t:|1760800090
|switch|p1a: Grimmsnarl|Grimmsnarl, M|100/100
|turn|7
|
|t:|1760800094
|move|p1a: Grimmsnarl|Parting Shot|p2a: Ursaluna
|-unboost|p2a: Ursaluna|atk|1
|-unboost|p2a: Ursaluna|spa|1
|
|t:|1760800098
|switch|p1a: Great Tusk|Great Tusk|80/100|[from] Parting Shot
|move|p2a: Ursaluna|Headlong Rush|p1a: Great Tusk
|-damage|p1a: Great Tusk|33/100
|-unboost|p2a: Ursaluna|def|1
|-unboost|p2a: Ursaluna|spd|1
|
|-heal|p1a: Great Tusk|39/100|[from] item: Leftovers
|-damage|p2a: Ursaluna|48/100 brn|[from] brn
|-fieldend|move: Trick Room
|upkeep
|turn|8
|
|t:|1760800119
|switch|p2a: Mimikyu|Mimikyu, F|100/100
|move|p1a: Great Tusk|Body Press|p2a: Mimikyu
|-immune|p2a: Mimikyu
|
|-heal|p1a: Great Tusk|45/100|[from] item: Leftovers
|upkeep
|turn|9
|
|t:|1760800123
|move|p1a: Great Tusk|Ice Spinner|p2a: Mimikyu
|-activate|p2a: Mimikyu|ability: Disguise
|-damage|p2a: Mimikyu|100/100
|detailschange|p2a: Mimikyu|Mimikyu-Busted, F
|-damage|p2a: Mimikyu|88/100|[from] pokemon: Mimikyu-Busted
|move|p2a: Mimikyu|Trick Room|p2a: Mimikyu
|-fieldstart|move: Trick Room|[of] p2a: Mimikyu
|
|-heal|p1a: Great Tusk|51/100|[from] item: Leftovers
|upkeep
|turn|10
|
|t:|1760800138
|switch|p2a: Crawdaunt|Crawdaunt, F|100/100
|-end|p1a: Great Tusk|Protosynthesis|[silent]
|switch|p1a: Ting-Lu|Ting-Lu|100/100
|-ability|p1a: Ting-Lu|Vessel of Ruin
|
|upkeep
|turn|11
|
|t:|1760800151
|switch|p1a: Rotom|Rotom-Wash|100/100
|move|p2a: Crawdaunt|Crabhammer|p1a: Rotom
|-resisted|p1a: Rotom
|-damage|p1a: Rotom|26/100
|
|upkeep
|turn|12
|
|t:|1760800158
|move|p2a: Crawdaunt|Crabhammer|p1a: Rotom
|-resisted|p1a: Rotom
|-damage|p1a: Rotom|0 fnt
|faint|p1a: Rotom
|
|upkeep
|
|t:|1760800166
|switch|p1a: Pecharunt|Pecharunt|100/100
|turn|13
|
|t:|1760800169
|move|p2a: Crawdaunt|Crabhammer|p1a: Pecharunt
|-damage|p1a: Pecharunt|41/100
|move|p1a: Pecharunt|Malignant Chain|p2a: Crawdaunt
|-damage|p2a: Crawdaunt|30/100
|
|-heal|p1a: Pecharunt|47/100|[from] item: Black Sludge
|-fieldend|move: Trick Room
|upkeep
|turn|14
|
|t:|1760800179
|switch|p2a: Hoopa|Hoopa|100/100
|move|p1a: Pecharunt|Malignant Chain|p2a: Hoopa
|-resisted|p2a: Hoopa
|-damage|p2a: Hoopa|85/100
|-status|p2a: Hoopa|tox
|-start|p2a: Hoopa|confusion|[from] ability: Poison Puppeteer|[of] p1a: Pecharunt
|
|-heal|p1a: Pecharunt|53/100|[from] item: Black Sludge
|-damage|p2a: Hoopa|79/100 tox|[from] psn
|upkeep
|turn|15
|
|t:|1760800194
|switch|p1a: Grimmsnarl|Grimmsnarl, M|100/100
|-activate|p2a: Hoopa|confusion
|move|p2a: Hoopa|Trick Room|p2a: Hoopa
|-fieldstart|move: Trick Room|[of] p2a: Hoopa
|
|-damage|p2a: Hoopa|67/100 tox|[from] psn
|upkeep
|turn|16
|
|t:|1760800204
|switch|p2a: Crawdaunt|Crawdaunt, F|30/100
|move|p1a: Grimmsnarl|Spirit Break|p2a: Crawdaunt
|-supereffective|p2a: Crawdaunt
|-damage|p2a: Crawdaunt|0 fnt
|faint|p2a: Crawdaunt
|
|upkeep
|
|t:|1760800206
|switch|p2a: Ursaluna|Ursaluna, M, shiny|48/100 brn
|turn|17
|
|t:|1760800216
|move|p1a: Grimmsnarl|Parting Shot|p2a: Ursaluna
|-unboost|p2a: Ursaluna|atk|1
|-unboost|p2a: Ursaluna|spa|1
|
|t:|1760800219
|switch|p1a: Great Tusk|Great Tusk|51/100|[from] Parting Shot
|move|p2a: Ursaluna|Headlong Rush|p1a: Great Tusk
|-damage|p1a: Great Tusk|8/100
|-unboost|p2a: Ursaluna|def|1
|-unboost|p2a: Ursaluna|spd|1
|
|-heal|p1a: Great Tusk|14/100|[from] item: Leftovers
|-damage|p2a: Ursaluna|42/100 brn|[from] brn
|upkeep
|turn|18
|
|t:|1760800238
|move|p2a: Ursaluna|Headlong Rush|p1a: Great Tusk
|-damage|p1a: Great Tusk|0 fnt
|-unboost|p2a: Ursaluna|def|1
|-unboost|p2a: Ursaluna|spd|1
|faint|p1a: Great Tusk
|-end|p1a: Great Tusk|Protosynthesis|[silent]
|
|-damage|p2a: Ursaluna|35/100 brn|[from] brn
|upkeep
|
|t:|1760800244
|switch|p1a: Ting-Lu|Ting-Lu|100/100
|-ability|p1a: Ting-Lu|Vessel of Ruin
|turn|19
|
|t:|1760800252
|switch|p2a: Mimikyu|Mimikyu-Busted, F|88/100
|switch|p1a: Pecharunt|Pecharunt|53/100
|
|-heal|p1a: Pecharunt|59/100|[from] item: Black Sludge
|-fieldend|move: Trick Room
|upkeep
|turn|20
|
|t:|1760800260
|move|p1a: Pecharunt|Malignant Chain|p2a: Mimikyu
|-damage|p2a: Mimikyu|42/100
|-status|p2a: Mimikyu|tox
|-start|p2a: Mimikyu|confusion|[from] ability: Poison Puppeteer|[of] p1a: Pecharunt
|-activate|p2a: Mimikyu|confusion
|-damage|p2a: Mimikyu|26/100 tox|[from] confusion
|
|-heal|p1a: Pecharunt|65/100|[from] item: Black Sludge
|-damage|p2a: Mimikyu|20/100 tox|[from] psn
|upkeep
|turn|21
|
|t:|1760800272
|-activate|p2a: Mimikyu|confusion
|move|p2a: Mimikyu|Shadow Sneak|p1a: Pecharunt
|-supereffective|p1a: Pecharunt
|-damage|p1a: Pecharunt|44/100
|move|p1a: Pecharunt|Hex|p2a: Mimikyu
|-supereffective|p2a: Mimikyu
|-damage|p2a: Mimikyu|0 fnt
|faint|p2a: Mimikyu
|
|-heal|p1a: Pecharunt|50/100|[from] item: Black Sludge
|upkeep
|
|t:|1760800275
|switch|p2a: Copperajah|Copperajah, F, shiny|100/100
|turn|22
|
|t:|1760800288
|move|p1a: Pecharunt|Parting Shot|p2a: Copperajah
|-unboost|p2a: Copperajah|atk|1
|-unboost|p2a: Copperajah|spa|1
|
|t:|1760800294
|switch|p1a: Ting-Lu|Ting-Lu|100/100|[from] Parting Shot
|-ability|p1a: Ting-Lu|Vessel of Ruin
|move|p2a: Copperajah|Iron Head|p1a: Ting-Lu
|-damage|p1a: Ting-Lu|70/100
|
|-heal|p1a: Ting-Lu|76/100|[from] item: Leftovers
|upkeep
|turn|23
|
|t:|1760800307
|move|p1a: Ting-Lu|Stealth Rock|p2a: Copperajah
|-sidestart|p2: KuroNoTamashi|move: Stealth Rock
|move|p2a: Copperajah|Play Rough|p1a: Ting-Lu
|-supereffective|p1a: Ting-Lu
|-damage|p1a: Ting-Lu|33/100
|
|-heal|p1a: Ting-Lu|39/100|[from] item: Leftovers
|upkeep
|turn|24
|
|t:|1760800324
|move|p1a: Ting-Lu|Spikes|p2a: Copperajah
|-sidestart|p2: KuroNoTamashi|Spikes
|move|p2a: Copperajah|Play Rough|p1a: Ting-Lu
|-supereffective|p1a: Ting-Lu
|-damage|p1a: Ting-Lu|0 fnt
|faint|p1a: Ting-Lu
|
|upkeep
|
|t:|1760800341
|switch|p1a: Pecharunt|Pecharunt|50/100
|turn|25
|
|t:|1760800347
|switch|p2a: Hoopa|Hoopa|67/100 tox
|-damage|p2a: Hoopa|55/100 tox|[from] Stealth Rock
|-damage|p2a: Hoopa|43/100 tox|[from] Spikes
|move|p1a: Pecharunt|Recover|p1a: Pecharunt
|-heal|p1a: Pecharunt|99/100
|
|-heal|p1a: Pecharunt|100/100|[from] item: Black Sludge
|-damage|p2a: Hoopa|36/100 tox|[from] psn
|upkeep
|turn|26
|
|t:|1760800359
|move|p1a: Pecharunt|Hex|p2a: Hoopa
|-supereffective|p2a: Hoopa
|-damage|p2a: Hoopa|0 fnt
|faint|p2a: Hoopa
|
|upkeep
|
|t:|1760800361
|switch|p2a: Copperajah|Copperajah, F, shiny|100/100
|-damage|p2a: Copperajah|94/100|[from] Stealth Rock
|-damage|p2a: Copperajah|82/100|[from] Spikes
|turn|27
|
|t:|1760800370
|move|p1a: Pecharunt|Hex|p2a: Copperajah
|-damage|p2a: Copperajah|53/100
|move|p2a: Copperajah|Iron Head|p1a: Pecharunt
|-damage|p1a: Pecharunt|50/100
|
|-heal|p1a: Pecharunt|56/100|[from] item: Black Sludge
|upkeep
|turn|28
|
|t:|1760800379
|move|p1a: Pecharunt|Recover|p1a: Pecharunt
|-heal|p1a: Pecharunt|100/100
|move|p2a: Copperajah|Earthquake|p1a: Pecharunt
|-supereffective|p1a: Pecharunt
|-damage|p1a: Pecharunt|42/100
|-damage|p2a: Copperajah|44/100|[from] item: Life Orb
|
|-heal|p1a: Pecharunt|48/100|[from] item: Black Sludge
|upkeep
|turn|29
|
|t:|1760800389
|move|p1a: Pecharunt|Parting Shot|p2a: Copperajah
|-unboost|p2a: Copperajah|atk|1
|-unboost|p2a: Copperajah|spa|1
|
|t:|1760800392
|switch|p1a: Grimmsnarl|Grimmsnarl, M|100/100|[from] Parting Shot
|move|p2a: Copperajah|Iron Head|p1a: Grimmsnarl
|-supereffective|p1a: Grimmsnarl
|-damage|p1a: Grimmsnarl|0 fnt
|faint|p1a: Grimmsnarl
|
|upkeep
|
|t:|1760800397
|switch|p1a: Pecharunt|Pecharunt|48/100
|turn|30
|
|t:|1760800401
|move|p1a: Pecharunt|Recover|p1a: Pecharunt
|-heal|p1a: Pecharunt|98/100
|move|p2a: Copperajah|Earthquake|p1a: Pecharunt
|-supereffective|p1a: Pecharunt
|-damage|p1a: Pecharunt|59/100
|-damage|p2a: Copperajah|34/100|[from] item: Life Orb
|
|-heal|p1a: Pecharunt|65/100|[from] item: Black Sludge
|upkeep
|turn|31
|
|t:|1760800411
|move|p1a: Pecharunt|Hex|p2a: Copperajah
|-damage|p2a: Copperajah|6/100
|move|p2a: Copperajah|Earthquake|p1a: Pecharunt
|-supereffective|p1a: Pecharunt
|-damage|p1a: Pecharunt|28/100
|-damage|p2a: Copperajah|0 fnt|[from] item: Life Orb
|faint|p2a: Copperajah
|
|-heal|p1a: Pecharunt|34/100|[from] item: Black Sludge
|upkeep
|
|t:|1760800413
|switch|p2a: Ursaluna|Ursaluna, M, shiny|35/100 brn
|-damage|p2a: Ursaluna|29/100 brn|[from] Stealth Rock
|-damage|p2a: Ursaluna|17/100 brn|[from] Spikes
|turn|32
|
|t:|1760800419
|move|p1a: Pecharunt|Hex|p2a: Ursaluna
|-immune|p2a: Ursaluna
|move|p2a: Ursaluna|Headlong Rush|p1a: Pecharunt
|-supereffective|p1a: Pecharunt
|-damage|p1a: Pecharunt|0 fnt
|-unboost|p2a: Ursaluna|def|1
|-unboost|p2a: Ursaluna|spd|1
|faint|p1a: Pecharunt
|
|win|KuroNoTamashi
|raw|zaonxerses's rating: 1422 &rarr; <strong>1400</strong><br />(-22 for losing)
|raw|KuroNoTamashi's rating: 1383 &rarr; <strong>1405</strong><br />(+22 for winning)
|l|☆KuroNoTamashi
|player|p2|
