|j|☆Munch144447
|j|☆kinhojoker
|t:|1760871648
|gametype|singles
|player|p1|Munch144447|1|1165
|player|p2|kinhojoker|cynthia|1220
|gen|9
|tier|[Gen 9] OU
|rated|
|rule|HP Percentage Mod: HP is shown in percentages
|rule|Endless Battle Clause: Forcing endless battles is banned
|rule|Species Clause: Limit one of each Pokémon
|rule|OHKO Clause: OHKO moves are banned
|rule|Evasion Items Clause: Evasion items are banned
|rule|Evasion Moves Clause: Evasion moves are banned
|rule|Evasion Abilities Clause: Evasion abilities are banned
|rule|Sleep Moves Clause: Sleep-inducing moves are banned
|clearpoke
|poke|p1|Tauros-Paldea-Aqua, M|
|poke|p1|Vileplume, M|
|poke|p1|Delphox, M|
|poke|p1|Cramorant, M|
|poke|p1|Sudowoodo, F|
|poke|p1|Komala, F|
|poke|p2|Toxapex, F|
|poke|p2|Clefable, M|
|poke|p2|Excadrill, M|
|poke|p2|Dragonite, F|
|poke|p2|Ogerpon-Wellspring, F|
|poke|p2|Enamorus, F|
|teampreview
|
|t:|1760871656
|teamsize|p1|6
|teamsize|p2|6
|start
|switch|p1a: Delphox|Delphox, M|100/100
|switch|p2a: Toxapex|Toxapex, F|100/100
|turn|1
|
|t:|1760871663
|move|p1a: Delphox|Psyshock|p2a: Toxapex
|-supereffective|p2a: Toxapex
|-damage|p2a: Toxapex|53/100
|move|p2a: Toxapex|Toxic|p1a: Delphox
|-status|p1a: Delphox|tox
|
|-damage|p1a: Delphox|94/100 tox|[from] psn
|upkeep
|turn|2
|
|t:|1760871676
|switch|p1a: Komala|Komala, F|100/100
|-ability|p1a: Komala|Comatose
|switch|p2a: Clefable|Clefable, M|100/100
|
|upkeep
|turn|3
|
|t:|1760871690
|switch|p2a: Toxapex|Toxapex, F|86/100
|move|p1a: Komala|Body Slam|p2a: Toxapex
|-damage|p2a: Toxapex|60/100
|-damage|p1a: Komala|84/100|[from] item: Rocky Helmet|[of] p2a: Toxapex
|
|-heal|p1a: Komala|90/100|[from] item: Leftovers
|upkeep
|turn|4
|
|t:|1760871703
|move|p1a: Komala|Bulk Up|p1a: Komala
|-boost|p1a: Komala|atk|1
|-boost|p1a: Komala|def|1
|move|p2a: Toxapex|Toxic|p1a: Komala
|-immune|p1a: Komala|[from] ability: Comatose
|
|-heal|p1a: Komala|96/100|[from] item: Leftovers
|upkeep
|turn|5
|
|t:|1760871716
|switch|p2a: Excadrill|Excadrill, M|100/100
|-ability|p2a: Excadrill|Mold Breaker
|move|p1a: Komala|Rapid Spin|p2a: Excadrill
|-resisted|p2a: Excadrill
|-damage|p2a: Excadrill|72/100
|-boost|p1a: Komala|spe|1
|
|-heal|p1a: Komala|100/100|[from] item: Leftovers
|upkeep
|turn|6
|
|t:|1760871731
|move|p1a: Komala|Earthquake|p2a: Excadrill
|-supereffective|p2a: Excadrill
|-damage|p2a: Excadrill|0 fnt
|faint|p2a: Excadrill
|
|upkeep
|
|t:|1760871737
|switch|p2a: Ogerpon|Ogerpon-Wellspring, F|100/100
|turn|7
|
|t:|1760871742
|switch|p1a: Vileplume|Vileplume, M|100/100
|-terastallize|p2a: Ogerpon|Water
|detailschange|p2a: Ogerpon|Ogerpon-Wellspring-Tera, F, tera:Water
|-ability|p2a: Ogerpon|Embody Aspect (Wellspring)|boost
|-boost|p2a: Ogerpon|spd|1
|move|p2a: Ogerpon|Ivy Cudgel|p1a: Vileplume|[anim] Ivy Cudgel Water
|-resisted|p1a: Vileplume
|-damage|p1a: Vileplume|59/100
|
|-heal|p1a: Vileplume|65/100|[from] item: Leftovers
|upkeep
|turn|8
|
|t:|1760871758
|switch|p2a: Enamorus|Enamorus, F|100/100
|move|p1a: Vileplume|Strength Sap|p2a: Enamorus
|-boost|p2a: Enamorus|atk|1
|-heal|p1a: Vileplume|100/100
|
|upkeep
|turn|9
|
|t:|1760871771
|move|p2a: Enamorus|Calm Mind|p2a: Enamorus
|-unboost|p2a: Enamorus|spa|1
|-unboost|p2a: Enamorus|spd|1
|move|p1a: Vileplume|Sludge Bomb|p2a: Enamorus
|-supereffective|p2a: Enamorus
|-damage|p2a: Enamorus|0 fnt
|faint|p2a: Enamorus
|
|upkeep
|c|☆Munch144447|bro wtf
|
|t:|1760871782
|switch|p2a: Dragonite|Dragonite, F|100/100
|turn|10
|
|t:|1760871786
|move|p2a: Dragonite|Dragon Dance|p2a: Dragonite
|-boost|p2a: Dragonite|atk|1
|-boost|p2a: Dragonite|spe|1
|move|p1a: Vileplume|Leech Seed|p2a: Dragonite
|-start|p2a: Dragonite|move: Leech Seed
|
|-damage|p2a: Dragonite|88/100|[from] Leech Seed|[of] p1a: Vileplume
|upkeep
|turn|11
|
|t:|1760871795
|move|p2a: Dragonite|Ice Spinner|p1a: Vileplume
|-supereffective|p1a: Vileplume
|-damage|p1a: Vileplume|0 fnt
|-status|p2a: Dragonite|slp|[from] ability: Effect Spore|[of] p1a: Vileplume
|faint|p1a: Vileplume
|
|upkeep
|
|t:|1760871800
|switch|p1a: Sudowoodo|Sudowoodo, F|100/100
|turn|12
|
|t:|1760871806
|switch|p2a: Ogerpon|Ogerpon-Wellspring-Tera, F, tera:Water|100/100
|-ability|p2a: Ogerpon|Embody Aspect (Wellspring)|boost
|-boost|p2a: Ogerpon|spd|1
|move|p1a: Sudowoodo|Rock Blast|p2a: Ogerpon
|-damage|p2a: Ogerpon|85/100
|-damage|p2a: Ogerpon|68/100
|-damage|p2a: Ogerpon|51/100
|-damage|p2a: Ogerpon|36/100
|-hitcount|p2a: Ogerpon|4
|
|upkeep
|turn|13
|
|t:|1760871819
|move|p2a: Ogerpon|Horn Leech|p1a: Sudowoodo
|-supereffective|p1a: Sudowoodo
|-damage|p1a: Sudowoodo|22/100
|-heal|p2a: Ogerpon|81/100|[from] drain|[of] p1a: Sudowoodo
|move|p1a: Sudowoodo|Earthquake|p2a: Ogerpon
|-damage|p2a: Ogerpon|37/100
|
|upkeep
|turn|14
|
|t:|1760871827
|move|p2a: Ogerpon|Horn Leech|p1a: Sudowoodo
|-supereffective|p1a: Sudowoodo
|-damage|p1a: Sudowoodo|0 fnt
|-heal|p2a: Ogerpon|50/100|[from] drain|[of] p1a: Sudowoodo
|faint|p1a: Sudowoodo
|
|upkeep
|
|t:|1760871835
|switch|p1a: Delphox|Delphox, M|94/100 tox
|turn|15
|
|t:|1760871839
|move|p1a: Delphox|Psyshock|p2a: Ogerpon
|-damage|p2a: Ogerpon|0 fnt
|faint|p2a: Ogerpon
|detailschange|p2: Ogerpon|Ogerpon-Wellspring, F|[silent]
|
|-damage|p1a: Delphox|88/100 tox|[from] psn
|upkeep
|
|t:|1760871845
|switch|p2a: Clefable|Clefable, M|100/100
|turn|16
|
|t:|1760871868
|switch|p1a: Cramorant|Cramorant, M|100/100
|move|p2a: Clefable|Calm Mind|p2a: Clefable
|-boost|p2a: Clefable|spa|1
|-boost|p2a: Clefable|spd|1
|
|upkeep
|turn|17
|
|t:|1760871875
|move|p1a: Cramorant|Stockpile|p1a: Cramorant
|-start|p1a: Cramorant|stockpile1
|-boost|p1a: Cramorant|def|1
|-boost|p1a: Cramorant|spd|1
|move|p2a: Clefable|Calm Mind|p2a: Clefable
|-boost|p2a: Clefable|spa|1
|-boost|p2a: Clefable|spd|1
|
|upkeep
|turn|18
|
|t:|1760871883
|move|p1a: Cramorant|Surf|p2a: Clefable
|-formechange|p1a: Cramorant|Cramorant-Gulping|
|-damage|p2a: Clefable|89/100
|move|p2a: Clefable|Calm Mind|p2a: Clefable
|-boost|p2a: Clefable|spa|1
|-boost|p2a: Clefable|spd|1
|
|-heal|p2a: Clefable|95/100|[from] item: Leftovers
|upkeep
|turn|19
|
|t:|1760871893
|move|p1a: Cramorant|Surf|p2a: Clefable
|-damage|p2a: Clefable|87/100
|move|p2a: Clefable|Calm Mind|p2a: Clefable
|-boost|p2a: Clefable|spa|1
|-boost|p2a: Clefable|spd|1
|
|-heal|p2a: Clefable|93/100|[from] item: Leftovers
|upkeep
|turn|20
|
|t:|1760871902
|move|p1a: Cramorant|Surf|p2a: Clefable
|-damage|p2a: Clefable|85/100
|move|p2a: Clefable|Calm Mind|p2a: Clefable
|-boost|p2a: Clefable|spa|1
|-boost|p2a: Clefable|spd|1
|
|-heal|p2a: Clefable|91/100|[from] item: Leftovers
|upkeep
|turn|21
|
|t:|1760871910
|move|p1a: Cramorant|Surf|p2a: Clefable
|-damage|p2a: Clefable|84/100
|move|p2a: Clefable|Calm Mind|p2a: Clefable
|-boost|p2a: Clefable|spa|1
|-boost|p2a: Clefable|spd|1
|
|-heal|p2a: Clefable|90/100|[from] item: Leftovers
|upkeep
|turn|22
|
|t:|1760871919
|move|p1a: Cramorant|Surf|p2a: Clefable
|-damage|p2a: Clefable|85/100
|move|p2a: Clefable|Cosmic Power|p2a: Clefable
|-boost|p2a: Clefable|def|1
|-boost|p2a: Clefable|spd|0
|
|-heal|p2a: Clefable|91/100|[from] item: Leftovers
|upkeep
|turn|23
|
|t:|1760871928
|move|p1a: Cramorant|Surf|p2a: Clefable
|-damage|p2a: Clefable|85/100
|move|p2a: Clefable|Draining Kiss|p1a: Cramorant
|-damage|p1a: Cramorant|53/100
|-heal|p2a: Clefable|100/100|[from] drain|[of] p1a: Cramorant
|-activate|p1a: Cramorant|ability: Gulp Missile
|-unboost|p2a: Clefable|def|1
|-formechange|p1a: Cramorant|Cramorant|
|
|-heal|p1a: Cramorant|60/100|[from] item: Leftovers
|upkeep
|turn|24
|
|t:|1760871943
|move|p1a: Cramorant|Surf|p2a: Clefable
|-formechange|p1a: Cramorant|Cramorant-Gulping|
|-damage|p2a: Clefable|94/100
|move|p2a: Clefable|Draining Kiss|p1a: Cramorant
|-damage|p1a: Cramorant|12/100
|-heal|p2a: Clefable|100/100|[from] drain|[of] p1a: Cramorant
|-activate|p1a: Cramorant|ability: Gulp Missile
|-unboost|p2a: Clefable|def|1
|-formechange|p1a: Cramorant|Cramorant|
|
|-heal|p1a: Cramorant|19/100|[from] item: Leftovers
|upkeep
|turn|25
|
|t:|1760871956
|move|p1a: Cramorant|Surf|p2a: Clefable
|-formechange|p1a: Cramorant|Cramorant-Gorging|
|-damage|p2a: Clefable|95/100
|move|p2a: Clefable|Draining Kiss|p1a: Cramorant
|-damage|p1a: Cramorant|0 fnt
|-heal|p2a: Clefable|100/100|[from] drain|[of] p1a: Cramorant
|-activate|p1a: Cramorant|ability: Gulp Missile
|-status|p2a: Clefable|par
|-formechange|p1a: Cramorant|Cramorant|
|faint|p1a: Cramorant
|
|upkeep
|
|t:|1760871963
|switch|p1a: Tauros|Tauros-Paldea-Aqua, M|100/100
|-ability|p1a: Tauros|Intimidate|boost
|-unboost|p2a: Clefable|atk|1
|turn|26
|
|t:|1760871973
|move|p1a: Tauros|Raging Bull|p2a: Clefable
|-damage|p2a: Clefable|23/100 par
|-damage|p1a: Tauros|91/100|[from] item: Life Orb
|cant|p2a: Clefable|par
|
|-heal|p2a: Clefable|29/100 par|[from] item: Leftovers
|upkeep
|turn|27
|
|t:|1760871982
|move|p1a: Tauros|Raging Bull|p2a: Clefable
|-damage|p2a: Clefable|0 fnt
|faint|p2a: Clefable
|-damage|p1a: Tauros|81/100|[from] item: Life Orb
|
|upkeep
|inactive|Battle timer is ON: inactive players will automatically lose when time's up. (requested by Munch144447)
|
|t:|1760871988
|switch|p2a: Dragonite|Dragonite, F|88/100 slp
|turn|28
|
|t:|1760871994
|switch|p1a: Delphox|Delphox, M|88/100 tox
|cant|p2a: Dragonite|slp
|
|-damage|p1a: Delphox|82/100 tox|[from] psn
|upkeep
|turn|29
|
|t:|1760872003
|-terastallize|p1a: Delphox|Fairy
|move|p1a: Delphox|Dazzling Gleam|p2a: Dragonite
|-supereffective|p2a: Dragonite
|-damage|p2a: Dragonite|0 fnt
|faint|p2a: Dragonite
|
|-damage|p1a: Delphox|70/100 tox|[from] psn
|upkeep
|
|t:|1760872012
|switch|p2a: Toxapex|Toxapex, F|94/100
|turn|30
|
|t:|1760872019
|switch|p1a: Komala|Komala, F|100/100
|-ability|p1a: Komala|Comatose
|move|p2a: Toxapex|Toxic Spikes|p1a: Komala
|-sidestart|p1: Munch144447|move: Toxic Spikes
|
|upkeep
|turn|31
|
|t:|1760872026
|move|p1a: Komala|Bulk Up|p1a: Komala
|-boost|p1a: Komala|atk|1
|-boost|p1a: Komala|def|1
|move|p2a: Toxapex|Toxic Spikes|p1a: Komala
|-sidestart|p1: Munch144447|move: Toxic Spikes
|
|upkeep
|turn|32
|
|t:|1760872032
|move|p1a: Komala|Bulk Up|p1a: Komala
|-boost|p1a: Komala|atk|1
|-boost|p1a: Komala|def|1
|move|p2a: Toxapex|Chilling Water|p1a: Komala
|-damage|p1a: Komala|88/100
|-unboost|p1a: Komala|atk|1
|
|-heal|p1a: Komala|94/100|[from] item: Leftovers
|upkeep
|turn|33
|
|t:|1760872042
|move|p1a: Komala|Bulk Up|p1a: Komala
|-boost|p1a: Komala|atk|1
|-boost|p1a: Komala|def|1
|move|p2a: Toxapex|Chilling Water|p1a: Komala
|-damage|p1a: Komala|79/100
|-unboost|p1a: Komala|atk|1
|
|-heal|p1a: Komala|85/100|[from] item: Leftovers
|upkeep
|turn|34
|
|t:|1760872052
|move|p1a: Komala|Earthquake|p2a: Toxapex
|-supereffective|p2a: Toxapex
|-damage|p2a: Toxapex|34/100
|move|p2a: Toxapex|Chilling Water|p1a: Komala
|-damage|p1a: Komala|71/100
|-unboost|p1a: Komala|atk|1
|
|-heal|p1a: Komala|77/100|[from] item: Leftovers
|upkeep
|turn|35
|
|t:|1760872062
|move|p1a: Komala|Earthquake|p2a: Toxapex
|-supereffective|p2a: Toxapex
|-damage|p2a: Toxapex|0 fnt
|faint|p2a: Toxapex
|
|win|Munch144447
|raw|Munch144447's rating: 1165 &rarr; <strong>1194</strong><br />(+29 for winning)
|raw|kinhojoker's rating: 1220 &rarr; <strong>1191</strong><br />(-29 for losing)
|l|☆kinhojoker
|player|p2|
|l|☆Munch144447
|player|p1|
