|j|☆Manambintsoa
|j|☆kinsword
|t:|1760779635
|gametype|singles
|player|p1|Manambintsoa|clown|1421
|player|p2|kinsword|102|1536
|gen|9
|tier|[Gen 9] OU
|rated|
|rule|HP Percentage Mod: HP is shown in percentages
|rule|Endless Battle Clause: Forcing endless battles is banned
|rule|Species Clause: Limit one of each Pokémon
|rule|OHKO Clause: OHKO moves are banned
|rule|Evasion Items Clause: Evasion items are banned
|rule|Evasion Moves Clause: Evasion moves are banned
|rule|Evasion Abilities Clause: Evasion abilities are banned
|rule|Sleep Moves Clause: Sleep-inducing moves are banned
|clearpoke
|poke|p1|Slowking-Galar, F|
|poke|p1|Corviknight, F|
|poke|p1|Skeledirge, M|
|poke|p1|Meowscarada, F|
|poke|p1|Garganacl, M|
|poke|p1|Kyurem|
|poke|p2|Charizard, F|
|poke|p2|Ursaluna, M|
|poke|p2|Azumarill, F|
|poke|p2|Corviknight, F|
|poke|p2|Fezandipiti, M|
|poke|p2|Meowscarada, F|
|teampreview
|inactive|Battle timer is ON: inactive players will automatically lose when time's up. (requested by kinsword)
|
|t:|1760779644
|teamsize|p1|6
|teamsize|p2|6
|start
|switch|p1a: Meowscarada|Meowscarada, F|100/100
|switch|p2a: Meowscarada|Meowscarada, F|100/100
|turn|1
|
|t:|1760779651
|move|p1a: Meowscarada|U-turn|p2a: Meowscarada
|-start|p1a: Meowscarada|typechange|Bug|[from] ability: Protean
|-supereffective|p2a: Meowscarada
|-damage|p2a: Meowscarada|0 fnt
|faint|p2a: Meowscarada
|
|t:|1760779661
|switch|p1a: Corviknight|Corviknight, F, shiny|100/100|[from] U-turn
|-ability|p1a: Corviknight|Pressure
|
|upkeep
|
|t:|1760779667
|switch|p2a: Charizard|Charizard, F|100/100
|turn|2
|
|t:|1760779677
|switch|p1a: Slowking|Slowking-Galar, F|100/100
|move|p2a: Charizard|Overheat|p1a: Slowking
|-damage|p1a: Slowking|56/100
|-unboost|p2a: Charizard|spa|2
|
|upkeep
|turn|3
|
|t:|1760779686
|switch|p2a: Ursaluna|Ursaluna, M|100/100
|move|p1a: Slowking|Psychic|p2a: Ursaluna
|-crit|p2a: Ursaluna
|-damage|p2a: Ursaluna|36/100
|
|-status|p2a: Ursaluna|brn|[from] item: Flame Orb
|upkeep
|turn|4
|
|t:|1760779696
|switch|p1a: Corviknight|Corviknight, F, shiny|100/100
|-ability|p1a: Corviknight|Pressure
|move|p2a: Ursaluna|Swords Dance|p2a: Ursaluna
|-boost|p2a: Ursaluna|atk|2
|
|-damage|p2a: Ursaluna|29/100 brn|[from] brn
|upkeep
|turn|5
|
|t:|1760779706
|move|p2a: Ursaluna|Fire Punch|p1a: Corviknight
|-supereffective|p1a: Corviknight
|-damage|p1a: Corviknight|0 fnt
|-damage|p2a: Ursaluna|13/100 brn|[from] item: Rocky Helmet|[of] p1a: Corviknight
|faint|p1a: Corviknight
|
|-damage|p2a: Ursaluna|6/100 brn|[from] brn
|upkeep
|
|t:|1760779718
|switch|p1a: Meowscarada|Meowscarada, F|100/100
|turn|6
|
|t:|1760779721
|switch|p2a: Corviknight|Corviknight, F|100/100
|move|p1a: Meowscarada|U-turn|p2a: Corviknight
|-start|p1a: Meowscarada|typechange|Bug|[from] ability: Protean
|-resisted|p2a: Corviknight
|-damage|p2a: Corviknight|96/100
|-damage|p1a: Meowscarada|84/100|[from] item: Rocky Helmet|[of] p2a: Corviknight
|
|t:|1760779731
|switch|p1a: Garganacl|Garganacl, M|100/100|[from] U-turn
|
|upkeep
|turn|7
|
|t:|1760779743
|move|p2a: Corviknight|Body Press|p1a: Garganacl
|-supereffective|p1a: Garganacl
|-damage|p1a: Garganacl|72/100
|move|p1a: Garganacl|Stealth Rock|p2a: Corviknight
|-sidestart|p2: kinsword|move: Stealth Rock
|
|-heal|p1a: Garganacl|78/100|[from] item: Leftovers
|upkeep
|turn|8
|
|t:|1760779753
|move|p2a: Corviknight|Defog|p1a: Garganacl
|-unboost|p1a: Garganacl|evasion|1
|-sideend|p2: kinsword|Stealth Rock|[from] move: Defog|[of] p2a: Corviknight
|move|p1a: Garganacl|Salt Cure|p2a: Corviknight
|-damage|p2a: Corviknight|88/100
|-start|p2a: Corviknight|Salt Cure
|
|-heal|p1a: Garganacl|84/100|[from] item: Leftovers
|-damage|p2a: Corviknight|63/100|[from] Salt Cure
|upkeep
|turn|9
|
|t:|1760779763
|switch|p2a: Azumarill|Azumarill, F|100/100
|move|p1a: Garganacl|Stealth Rock|p2a: Azumarill
|-sidestart|p2: kinsword|move: Stealth Rock
|
|-heal|p1a: Garganacl|90/100|[from] item: Leftovers
|upkeep
|turn|10
|
|t:|1760779772
|move|p2a: Azumarill|Knock Off|p1a: Garganacl
|-damage|p1a: Garganacl|69/100
|-enditem|p1a: Garganacl|Leftovers|[from] move: Knock Off|[of] p2a: Azumarill
|move|p1a: Garganacl|Salt Cure|p2a: Azumarill
|-damage|p2a: Azumarill|86/100
|-start|p2a: Azumarill|Salt Cure
|
|-damage|p2a: Azumarill|61/100|[from] Salt Cure
|upkeep
|turn|11
|
|t:|1760779786
|switch|p2a: Corviknight|Corviknight, F|63/100
|-damage|p2a: Corviknight|50/100|[from] Stealth Rock
|move|p1a: Garganacl|Recover|p1a: Garganacl
|-heal|p1a: Garganacl|100/100
|
|upkeep
|turn|12
|
|t:|1760779796
|move|p2a: Corviknight|Defog|p1a: Garganacl
|-unboost|p1a: Garganacl|evasion|1
|-sideend|p2: kinsword|Stealth Rock|[from] move: Defog|[of] p2a: Corviknight
|move|p1a: Garganacl|Salt Cure|p2a: Corviknight
|-damage|p2a: Corviknight|41/100
|-start|p2a: Corviknight|Salt Cure
|
|-damage|p2a: Corviknight|16/100|[from] Salt Cure
|upkeep
|turn|13
|
|t:|1760779807
|switch|p2a: Azumarill|Azumarill, F|61/100
|move|p1a: Garganacl|Stealth Rock|p2a: Azumarill
|-sidestart|p2: kinsword|move: Stealth Rock
|
|upkeep
|turn|14
|
|t:|1760779813
|move|p2a: Azumarill|Liquidation|p1a: Garganacl
|-supereffective|p1a: Garganacl
|-damage|p1a: Garganacl|42/100
|move|p1a: Garganacl|Salt Cure|p2a: Azumarill
|-damage|p2a: Azumarill|48/100
|-start|p2a: Azumarill|Salt Cure
|
|-damage|p2a: Azumarill|23/100|[from] Salt Cure
|upkeep
|turn|15
|
|t:|1760779823
|move|p1a: Garganacl|Protect|p1a: Garganacl
|-singleturn|p1a: Garganacl|Protect
|move|p2a: Azumarill|Liquidation|p1a: Garganacl
|-activate|p1a: Garganacl|move: Protect
|
|-damage|p2a: Azumarill|0 fnt|[from] Salt Cure
|faint|p2a: Azumarill
|upkeep
|
|t:|1760779835
|switch|p2a: Corviknight|Corviknight, F|16/100
|-damage|p2a: Corviknight|4/100|[from] Stealth Rock
|turn|16
|
|t:|1760779843
|move|p2a: Corviknight|Defog|p1a: Garganacl
|-unboost|p1a: Garganacl|evasion|1
|-sideend|p2: kinsword|Stealth Rock|[from] move: Defog|[of] p2a: Corviknight
|move|p1a: Garganacl|Stealth Rock|p2a: Corviknight
|-sidestart|p2: kinsword|move: Stealth Rock
|
|upkeep
|turn|17
|
|t:|1760779850
|move|p2a: Corviknight|Defog|p1a: Garganacl
|-unboost|p1a: Garganacl|evasion|1
|-sideend|p2: kinsword|Stealth Rock|[from] move: Defog|[of] p2a: Corviknight
|move|p1a: Garganacl|Salt Cure|p2a: Corviknight
|-damage|p2a: Corviknight|0 fnt
|faint|p2a: Corviknight
|
|upkeep
|
|t:|1760779860
|switch|p2a: Fezandipiti|Fezandipiti, M|100/100
|turn|18
|
|t:|1760779864
|move|p2a: Fezandipiti|Nasty Plot|p2a: Fezandipiti
|-boost|p2a: Fezandipiti|spa|2
|move|p1a: Garganacl|Stealth Rock|p2a: Fezandipiti
|-sidestart|p2: kinsword|move: Stealth Rock
|
|upkeep
|turn|19
|
|t:|1760779871
|move|p2a: Fezandipiti|Moonblast|p1a: Garganacl
|-damage|p1a: Garganacl|0 fnt
|faint|p1a: Garganacl
|
|upkeep
|
|t:|1760779878
|switch|p1a: Slowking|Slowking-Galar, F|90/100
|turn|20
|
|t:|1760779885
|move|p2a: Fezandipiti|Nasty Plot|p2a: Fezandipiti
|-boost|p2a: Fezandipiti|spa|2
|move|p1a: Slowking|Psychic|p2a: Fezandipiti
|-supereffective|p2a: Fezandipiti
|-damage|p2a: Fezandipiti|45/100
|
|-heal|p2a: Fezandipiti|51/100|[from] item: Leftovers
|upkeep
|turn|21
|
|t:|1760779894
|move|p2a: Fezandipiti|Heat Wave|p1a: Slowking
|-damage|p1a: Slowking|54/100
|move|p1a: Slowking|Psychic|p2a: Fezandipiti
|-supereffective|p2a: Fezandipiti
|-damage|p2a: Fezandipiti|0 fnt
|faint|p2a: Fezandipiti
|
|upkeep
|-message|kinsword forfeited.
|
|win|Manambintsoa
|raw|Manambintsoa's rating: 1421 &rarr; <strong>1447</strong><br />(+26 for winning)
|raw|kinsword's rating: 1536 &rarr; <strong>1510</strong><br />(-26 for losing)
|l|☆kinsword
|player|p2|
|l|☆Manambintsoa
|player|p1|
