|j|☆Kis Vegallomas
|j|☆Ludibrobro
|t:|1760810559
|gametype|singles
|player|p1|Kis Vegallomas|265|1409
|player|p2|Ludibrobro|170|1481
|gen|9
|tier|[Gen 9] OU
|rated|
|rule|HP Percentage Mod: HP is shown in percentages
|rule|Endless Battle Clause: Forcing endless battles is banned
|rule|Species Clause: Limit one of each Pokémon
|rule|OHKO Clause: OHKO moves are banned
|rule|Evasion Items Clause: Evasion items are banned
|rule|Evasion Moves Clause: Evasion moves are banned
|rule|Evasion Abilities Clause: Evasion abilities are banned
|rule|Sleep Moves Clause: Sleep-inducing moves are banned
|clearpoke
|poke|p1|Garchomp, F|
|poke|p1|Slowking-Galar, M|
|poke|p1|Keldeo-Resolute|
|poke|p1|Grimmsnarl, M|
|poke|p1|Iron Crown|
|poke|p1|Primeape, F|
|poke|p2|Rillaboom, M|
|poke|p2|Ogerpon-Cornerstone, F|
|poke|p2|Cinderace, F|
|poke|p2|Hatterene, F|
|poke|p2|Slowking-Galar, F|
|poke|p2|Iron Treads|
|teampreview
|
|t:|1760810572
|teamsize|p1|6
|teamsize|p2|6
|start
|switch|p1a: Garchomp|Garchomp, F|100/100
|switch|p2a: Slowking|Slowking-Galar, F|100/100
|turn|1
|
|t:|1760810589
|move|p1a: Garchomp|Swords Dance|p1a: Garchomp
|-boost|p1a: Garchomp|atk|2
|move|p2a: Slowking|Ice Beam|p1a: Garchomp
|-supereffective|p1a: Garchomp
|-damage|p1a: Garchomp|20/100
|
|upkeep
|turn|2
|
|t:|1760810608
|switch|p2a: Cinderace|Cinderace, F|100/100
|move|p1a: Garchomp|Scale Shot|p2a: Cinderace|[miss]
|-miss|p1a: Garchomp|p2a: Cinderace
|
|upkeep
|turn|3
|
|t:|1760810613
|move|p2a: Cinderace|Sucker Punch|p1a: Garchomp
|-start|p2a: Cinderace|typechange|Dark|[from] ability: Libero
|-damage|p1a: Garchomp|0 fnt
|-damage|p2a: Cinderace|88/100|[from] ability: Rough Skin|[of] p1a: Garchomp
|faint|p1a: Garchomp
|
|upkeep
|
|t:|1760810618
|switch|p1a: Primeape|Primeape, F|100/100
|turn|4
|inactive|Battle timer is ON: inactive players will automatically lose when time's up. (requested by Kis Vegallomas)
|
|t:|1760810635
|switch|p2a: Rillaboom|Rillaboom, M|100/100
|-fieldstart|move: Grassy Terrain|[from] ability: Grassy Surge|[of] p2a: Rillaboom
|move|p1a: Primeape|Bulk Up|p1a: Primeape
|-boost|p1a: Primeape|atk|1
|-boost|p1a: Primeape|def|1
|
|upkeep
|turn|5
|
|t:|1760810639
|move|p1a: Primeape|Drain Punch|p2a: Rillaboom
|-damage|p2a: Rillaboom|72/100
|move|p2a: Rillaboom|Swords Dance|p2a: Rillaboom
|-boost|p2a: Rillaboom|atk|2
|
|-heal|p2a: Rillaboom|78/100|[from] Grassy Terrain
|upkeep
|turn|6
|
|t:|1760810645
|move|p1a: Primeape|Bulk Up|p1a: Primeape
|-boost|p1a: Primeape|atk|1
|-boost|p1a: Primeape|def|1
|move|p2a: Rillaboom|Swords Dance|p2a: Rillaboom
|-boost|p2a: Rillaboom|atk|2
|
|-heal|p2a: Rillaboom|84/100|[from] Grassy Terrain
|upkeep
|turn|7
|
|t:|1760810657
|-terastallize|p1a: Primeape|Ghost
|move|p1a: Primeape|Rage Fist|p2a: Rillaboom
|-damage|p2a: Rillaboom|55/100
|move|p2a: Rillaboom|Knock Off|p1a: Primeape
|-supereffective|p1a: Primeape
|-damage|p1a: Primeape|20/100
|-enditem|p1a: Primeape|Eviolite|[from] move: Knock Off|[of] p2a: Rillaboom
|
|-heal|p1a: Primeape|26/100|[from] Grassy Terrain
|-heal|p2a: Rillaboom|61/100|[from] Grassy Terrain
|upkeep
|turn|8
|
|t:|1760810664
|move|p2a: Rillaboom|Grassy Glide|p1a: Primeape
|-damage|p1a: Primeape|0 fnt
|faint|p1a: Primeape
|
|-heal|p2a: Rillaboom|67/100|[from] Grassy Terrain
|upkeep
|
|t:|1760810668
|switch|p1a: Iron Crown|Iron Crown|100/100
|turn|9
|
|t:|1760810684
|move|p1a: Iron Crown|Tachyon Cutter|p2a: Rillaboom
|-damage|p2a: Rillaboom|37/100
|-damage|p2a: Rillaboom|4/100
|-hitcount|p2a: Rillaboom|2
|move|p2a: Rillaboom|Knock Off|p1a: Iron Crown
|-supereffective|p1a: Iron Crown
|-damage|p1a: Iron Crown|0 fnt
|-enditem|p1a: Iron Crown|Weakness Policy|[from] move: Knock Off|[of] p2a: Rillaboom
|faint|p1a: Iron Crown
|-end|p1a: Iron Crown|Quark Drive|[silent]
|
|-heal|p2a: Rillaboom|10/100|[from] Grassy Terrain
|upkeep
|
|t:|1760810688
|switch|p1a: Keldeo|Keldeo-Resolute|100/100
|turn|10
|
|t:|1760810693
|switch|p2a: Slowking|Slowking-Galar, F|100/100
|move|p1a: Keldeo|Vacuum Wave|p2a: Slowking
|-resisted|p2a: Slowking
|-damage|p2a: Slowking|98/100
|
|-heal|p2a: Slowking|100/100|[from] Grassy Terrain
|upkeep
|turn|11
|
|t:|1760810699
|switch|p1a: Grimmsnarl|Grimmsnarl, M|100/100
|move|p2a: Slowking|Future Sight|p1a: Grimmsnarl
|-start|p2a: Slowking|move: Future Sight
|
|-fieldend|move: Grassy Terrain
|upkeep
|turn|12
|
|t:|1760810703
|move|p1a: Grimmsnarl|Light Screen|p1a: Grimmsnarl
|-sidestart|p1: Kis Vegallomas|move: Light Screen
|move|p2a: Slowking|Sludge Bomb|p1a: Grimmsnarl
|-supereffective|p1a: Grimmsnarl
|-damage|p1a: Grimmsnarl|77/100
|-status|p1a: Grimmsnarl|psn
|
|-damage|p1a: Grimmsnarl|65/100 psn|[from] psn
|upkeep
|turn|13
|
|t:|1760810706
|switch|p2a: Cinderace|Cinderace, F|88/100
|move|p1a: Grimmsnarl|Reflect|p1a: Grimmsnarl
|-sidestart|p1: Kis Vegallomas|Reflect
|
|-end|p1a: Grimmsnarl|move: Future Sight
|-immune|p1a: Grimmsnarl
|-damage|p1a: Grimmsnarl|53/100 psn|[from] psn
|upkeep
|turn|14
|
|t:|1760810710
|move|p2a: Cinderace|Court Change|p2a: Cinderace
|-start|p2a: Cinderace|typechange|Normal|[from] ability: Libero
|-swapsideconditions
|-activate|p2a: Cinderace|move: Court Change
|move|p1a: Grimmsnarl|Foul Play|p2a: Cinderace
|-damage|p2a: Cinderace|56/100
|
|-damage|p1a: Grimmsnarl|40/100 psn|[from] psn
|upkeep
|turn|15
|
|t:|1760810716
|move|p1a: Grimmsnarl|Reflect|p1a: Grimmsnarl
|-sidestart|p1: Kis Vegallomas|Reflect
|move|p2a: Cinderace|U-turn|p1a: Grimmsnarl
|-damage|p1a: Grimmsnarl|26/100 psn
|
|t:|1760810728
|switch|p2a: Hatterene|Hatterene, F|100/100|[from] U-turn
|
|-damage|p1a: Grimmsnarl|14/100 psn|[from] psn
|upkeep
|turn|16
|
|t:|1760810731
|move|p1a: Grimmsnarl|Light Screen|p1a: Grimmsnarl
|-sidestart|p1: Kis Vegallomas|move: Light Screen
|move|p2a: Hatterene|Calm Mind|p2a: Hatterene
|-boost|p2a: Hatterene|spa|1
|-boost|p2a: Hatterene|spd|1
|
|-damage|p1a: Grimmsnarl|2/100 psn|[from] psn
|upkeep
|turn|17
|
|t:|1760810734
|move|p1a: Grimmsnarl|Foul Play|p2a: Hatterene
|-damage|p2a: Hatterene|92/100
|move|p2a: Hatterene|Calm Mind|p2a: Hatterene
|-boost|p2a: Hatterene|spa|1
|-boost|p2a: Hatterene|spd|1
|
|-heal|p2a: Hatterene|98/100|[from] item: Leftovers
|-damage|p1a: Grimmsnarl|0 fnt|[from] psn
|faint|p1a: Grimmsnarl
|upkeep
|
|t:|1760810739
|switch|p1a: Slowking|Slowking-Galar, M|100/100
|turn|18
|
|t:|1760810743
|move|p1a: Slowking|Trick|p2a: Hatterene
|-activate|p1a: Slowking|move: Trick|[of] p2a: Hatterene
|-item|p2a: Hatterene|Choice Specs|[from] move: Trick
|-item|p1a: Slowking|Leftovers|[from] move: Trick
|move|p2a: Hatterene|Mystical Fire|p1a: Slowking
|-damage|p1a: Slowking|73/100
|-unboost|p1a: Slowking|spa|1
|
|-heal|p1a: Slowking|79/100|[from] item: Leftovers
|upkeep
|turn|19
|
|t:|1760810749
|move|p1a: Slowking|Sludge Bomb|p2a: Hatterene
|-supereffective|p2a: Hatterene
|-damage|p2a: Hatterene|82/100
|move|p2a: Hatterene|Mystical Fire|p1a: Slowking
|-damage|p1a: Slowking|53/100
|-unboost|p1a: Slowking|spa|1
|
|-heal|p1a: Slowking|59/100|[from] item: Leftovers
|-sideend|p2: Ludibrobro|move: Light Screen
|upkeep
|turn|20
|
|t:|1760810759
|-terastallize|p2a: Hatterene|Steel
|move|p1a: Slowking|Sludge Bomb|p2a: Hatterene
|-immune|p2a: Hatterene
|move|p2a: Hatterene|Mystical Fire|p1a: Slowking
|-damage|p1a: Slowking|33/100
|-unboost|p1a: Slowking|spa|1
|
|-heal|p1a: Slowking|39/100|[from] item: Leftovers
|-sideend|p2: Ludibrobro|Reflect
|upkeep
|turn|21
|
|t:|1760810762
|move|p1a: Slowking|Future Sight|p2a: Hatterene
|-start|p1a: Slowking|move: Future Sight
|move|p2a: Hatterene|Mystical Fire|p1a: Slowking
|-damage|p1a: Slowking|11/100
|-unboost|p1a: Slowking|spa|1
|
|-heal|p1a: Slowking|18/100|[from] item: Leftovers
|upkeep
|turn|22
|
|t:|1760810765
|move|p1a: Slowking|Sludge Bomb|p2a: Hatterene
|-immune|p2a: Hatterene
|move|p2a: Hatterene|Mystical Fire|p1a: Slowking
|-damage|p1a: Slowking|0 fnt
|faint|p1a: Slowking
|
|-sideend|p1: Kis Vegallomas|Reflect
|upkeep
|
|t:|1760810768
|switch|p1a: Keldeo|Keldeo-Resolute|100/100
|turn|23
|
|t:|1760810772
|switch|p2a: Slowking|Slowking-Galar, F|100/100
|move|p1a: Keldeo|Calm Mind|p1a: Keldeo
|-boost|p1a: Keldeo|spa|1
|-boost|p1a: Keldeo|spd|1
|
|-end|p2a: Slowking|move: Future Sight
|-damage|p2a: Slowking|72/100
|-sideend|p1: Kis Vegallomas|move: Light Screen
|upkeep
|turn|24
|
|t:|1760810778
|move|p1a: Keldeo|Surf|p2a: Slowking
|-damage|p2a: Slowking|33/100
|move|p2a: Slowking|Future Sight|p1a: Keldeo
|-start|p2a: Slowking|move: Future Sight
|
|upkeep
|turn|25
|
|t:|1760810791
|move|p1a: Keldeo|Calm Mind|p1a: Keldeo
|-boost|p1a: Keldeo|spa|1
|-boost|p1a: Keldeo|spd|1
|move|p2a: Slowking|Sludge Bomb|p1a: Keldeo
|-crit|p1a: Keldeo
|-damage|p1a: Keldeo|44/100
|
|-heal|p1a: Keldeo|51/100|[from] item: Leftovers
|upkeep
|turn|26
|
|t:|1760810799
|switch|p2a: Ogerpon|Ogerpon-Cornerstone, F|100/100
|move|p1a: Keldeo|Surf|p2a: Ogerpon
|-ability|p2a: Ogerpon|Sturdy
|-damage|p2a: Ogerpon|1/100
|
|-end|p1a: Keldeo|move: Future Sight
|-supereffective|p1a: Keldeo
|-damage|p1a: Keldeo|0 fnt
|faint|p1a: Keldeo
|
|win|Ludibrobro
|raw|Kis Vegallomas's rating: 1409 &rarr; <strong>1393</strong><br />(-16 for losing)
|raw|Ludibrobro's rating: 1481 &rarr; <strong>1497</strong><br />(+16 for winning)
|l|☆Ludibrobro
|player|p2|
|l|☆Kis Vegallomas
|player|p1|
