|j|☆parker757
|j|☆4arms67
|t:|1760760306
|gametype|singles
|player|p1|parker757|pokemonranger-gen4|1688
|player|p2|4arms67|2|1657
|gen|9
|tier|[Gen 9] OU
|rated|
|rule|HP Percentage Mod: HP is shown in percentages
|rule|Endless Battle Clause: Forcing endless battles is banned
|rule|Species Clause: Limit one of each Pokémon
|rule|OHKO Clause: OHKO moves are banned
|rule|Evasion Items Clause: Evasion items are banned
|rule|Evasion Moves Clause: Evasion moves are banned
|rule|Evasion Abilities Clause: Evasion abilities are banned
|rule|Sleep Moves Clause: Sleep-inducing moves are banned
|clearpoke
|poke|p1|Arcanine-Hisui, M|
|poke|p1|Darkrai|
|poke|p1|Great Tusk|
|poke|p1|Hatterene, F|
|poke|p1|Ogerpon-Wellspring, F|
|poke|p1|Zapdos|
|poke|p2|Hatterene, F|
|poke|p2|Cresselia, F|
|poke|p2|Zamazenta-*|
|poke|p2|Walking Wake|
|poke|p2|Torkoal, M|
|poke|p2|Ursaluna, F|
|teampreview
|inactive|Battle timer is ON: inactive players will automatically lose when time's up. (requested by parker757)
|j| Puyu Paz
|
|t:|1760760323
|teamsize|p1|6
|teamsize|p2|6
|start
|switch|p1a: Arcanine|Arcanine-Hisui, M|100/100
|switch|p2a: Torkoal|Torkoal, M|100/100
|-weather|SunnyDay|[from] ability: Drought|[of] p2a: Torkoal
|turn|1
|
|t:|1760760338
|switch|p2a: Ursaluna|Ursaluna, F|100/100
|move|p1a: Arcanine|Head Smash|p2a: Ursaluna
|-resisted|p2a: Ursaluna
|-damage|p2a: Ursaluna|63/100
|
|-weather|SunnyDay|[upkeep]
|-status|p2a: Ursaluna|brn|[from] item: Flame Orb
|upkeep
|turn|2
|
|t:|1760760348
|switch|p1a: Zapdos|Zapdos|100/100
|move|p2a: Ursaluna|Facade|p1a: Zapdos
|-damage|p1a: Zapdos|7/100
|
|-weather|SunnyDay|[upkeep]
|-damage|p2a: Ursaluna|57/100 brn|[from] brn
|upkeep
|turn|3
|
|t:|1760760355
|move|p1a: Zapdos|Hurricane|p2a: Ursaluna|[miss]
|-miss|p1a: Zapdos|p2a: Ursaluna
|move|p2a: Ursaluna|Facade|p1a: Zapdos
|-damage|p1a: Zapdos|0 fnt
|faint|p1a: Zapdos
|
|-weather|SunnyDay|[upkeep]
|-damage|p2a: Ursaluna|51/100 brn|[from] brn
|upkeep
|
|t:|1760760362
|switch|p1a: Ogerpon|Ogerpon-Wellspring, F|100/100
|turn|4
|inactive|4arms67 has 120 seconds left.
|
|t:|1760760400
|switch|p2a: Zamazenta|Zamazenta|100/100
|-ability|p2a: Zamazenta|Dauntless Shield|boost
|-boost|p2a: Zamazenta|def|1
|move|p1a: Ogerpon|U-turn|p2a: Zamazenta
|-resisted|p2a: Zamazenta
|-damage|p2a: Zamazenta|94/100
|
|t:|1760760404
|switch|p1a: Hatterene|Hatterene, F|100/100|[from] U-turn
|
|-weather|SunnyDay|[upkeep]
|-heal|p2a: Zamazenta|99/100|[from] item: Leftovers
|upkeep
|turn|5
|
|t:|1760760411
|switch|p2a: Ursaluna|Ursaluna, F|51/100 brn
|move|p1a: Hatterene|Nuzzle|p2a: Ursaluna
|-immune|p2a: Ursaluna
|
|-weather|none
|-damage|p2a: Ursaluna|45/100 brn|[from] brn
|upkeep
|turn|6
|
|t:|1760760416
|move|p1a: Hatterene|Psyshock|p2a: Ursaluna
|-damage|p2a: Ursaluna|11/100 brn
|move|p2a: Ursaluna|Facade|p1a: Hatterene
|-damage|p1a: Hatterene|0 fnt
|faint|p1a: Hatterene
|
|-damage|p2a: Ursaluna|5/100 brn|[from] brn
|upkeep
|
|t:|1760760421
|switch|p1a: Ogerpon|Ogerpon-Wellspring, F|100/100
|turn|7
|
|t:|1760760446
|switch|p2a: Cresselia|Cresselia, F|100/100
|move|p1a: Ogerpon|Knock Off|p2a: Cresselia
|-supereffective|p2a: Cresselia
|-damage|p2a: Cresselia|61/100
|-enditem|p2a: Cresselia|Mental Herb|[from] move: Knock Off|[of] p1a: Ogerpon
|
|upkeep
|turn|8
|
|t:|1760760450
|move|p1a: Ogerpon|Spikes|p2a: Cresselia
|-sidestart|p2: 4arms67|Spikes
|move|p2a: Cresselia|Trick Room|p2a: Cresselia
|-fieldstart|move: Trick Room|[of] p2a: Cresselia
|
|upkeep
|turn|9
|
|t:|1760760453
|move|p2a: Cresselia|Lunar Dance|p2a: Cresselia
|faint|p2a: Cresselia
|move|p1a: Ogerpon|Spikes|p2: Cresselia
|-sidestart|p2: 4arms67|Spikes
|
|upkeep
|
|t:|1760760458
|switch|p2a: Torkoal|Torkoal, M|100/100
|-damage|p2a: Torkoal|84/100|[from] Spikes
|-weather|SunnyDay|[from] ability: Drought|[of] p2a: Torkoal
|turn|10
|
|t:|1760760462
|-terastallize|p2a: Torkoal|Fire
|-terastallize|p1a: Ogerpon|Water
|detailschange|p1a: Ogerpon|Ogerpon-Wellspring-Tera, F, tera:Water
|-ability|p1a: Ogerpon|Embody Aspect (Wellspring)|boost
|-boost|p1a: Ogerpon|spd|1
|move|p2a: Torkoal|Eruption|p1a: Ogerpon
|-resisted|p1a: Ogerpon
|-damage|p1a: Ogerpon|35/100
|move|p1a: Ogerpon|Ivy Cudgel|p2a: Torkoal|[anim] Ivy Cudgel Water
|-supereffective|p2a: Torkoal
|-damage|p2a: Torkoal|22/100
|
|-weather|SunnyDay|[upkeep]
|upkeep
|turn|11
|
|t:|1760760484
|move|p2a: Torkoal|Eruption|p1a: Ogerpon
|-resisted|p1a: Ogerpon
|-damage|p1a: Ogerpon|18/100
|move|p1a: Ogerpon|Spikes|p2a: Torkoal
|-sidestart|p2: 4arms67|Spikes
|
|-weather|SunnyDay|[upkeep]
|upkeep
|turn|12
|
|t:|1760760490
|switch|p1a: Arcanine|Arcanine-Hisui, M|100/100
|move|p2a: Torkoal|Eruption|p1a: Arcanine
|-resisted|p1a: Arcanine
|-damage|p1a: Arcanine|87/100
|
|-weather|SunnyDay|[upkeep]
|-fieldend|move: Trick Room
|upkeep
|turn|13
|
|t:|1760760507
|switch|p2a: Ursaluna|Ursaluna, F|5/100 brn
|-heal|p2a: Ursaluna|100/100|[from] move: Lunar Dance
|-damage|p2a: Ursaluna|76/100|[from] Spikes
|move|p1a: Arcanine|Close Combat|p2a: Ursaluna
|-supereffective|p2a: Ursaluna
|-damage|p2a: Ursaluna|0 fnt
|-unboost|p1a: Arcanine|def|1
|-unboost|p1a: Arcanine|spd|1
|faint|p2a: Ursaluna
|
|-weather|SunnyDay|[upkeep]
|upkeep
|
|t:|1760760514
|switch|p2a: Walking Wake|Walking Wake|100/100
|-damage|p2a: Walking Wake|76/100|[from] Spikes
|-activate|p2a: Walking Wake|ability: Protosynthesis
|-start|p2a: Walking Wake|protosynthesisspe
|turn|14
|
|t:|1760760523
|switch|p1a: Great Tusk|Great Tusk|100/100
|-activate|p1a: Great Tusk|ability: Protosynthesis
|-start|p1a: Great Tusk|protosynthesisatk
|move|p2a: Walking Wake|Hydro Steam|p1a: Great Tusk
|-supereffective|p1a: Great Tusk
|-damage|p1a: Great Tusk|0 fnt
|faint|p1a: Great Tusk
|-end|p1a: Great Tusk|Protosynthesis|[silent]
|
|-weather|none
|-end|p2a: Walking Wake|Protosynthesis
|upkeep
|
|t:|1760760527
|switch|p1a: Darkrai|Darkrai|100/100
|turn|15
|
|t:|1760760532
|-end|p2a: Walking Wake|Protosynthesis|[silent]
|switch|p2a: Torkoal|Torkoal, M, tera:Fire|22/100
|-damage|p2a: Torkoal|0 fnt|[from] Spikes
|faint|p2a: Torkoal
|move|p1a: Darkrai|Sludge Bomb|p2: Torkoal|[notarget]
|-fail|p1a: Darkrai
|
|upkeep
|
|t:|1760760537
|switch|p2a: Zamazenta|Zamazenta|99/100
|-damage|p2a: Zamazenta|75/100|[from] Spikes
|turn|16
|
|t:|1760760544
|move|p1a: Darkrai|Sludge Bomb|p2a: Zamazenta
|-crit|p2a: Zamazenta
|-damage|p2a: Zamazenta|40/100
|move|p2a: Zamazenta|Body Press|p1a: Darkrai
|-supereffective|p1a: Darkrai
|-damage|p1a: Darkrai|11/100
|
|-heal|p2a: Zamazenta|46/100|[from] item: Leftovers
|upkeep
|turn|17
|
|t:|1760760549
|move|p1a: Darkrai|Sludge Bomb|p2a: Zamazenta
|-damage|p2a: Zamazenta|21/100
|move|p2a: Zamazenta|Body Press|p1a: Darkrai
|-supereffective|p1a: Darkrai
|-damage|p1a: Darkrai|0 fnt
|faint|p1a: Darkrai
|
|-heal|p2a: Zamazenta|27/100|[from] item: Leftovers
|upkeep
|
|t:|1760760553
|switch|p1a: Arcanine|Arcanine-Hisui, M|87/100
|turn|18
|
|t:|1760760555
|move|p1a: Arcanine|Extreme Speed|p2a: Zamazenta
|-damage|p2a: Zamazenta|1/100
|move|p2a: Zamazenta|Body Press|p1a: Arcanine
|-supereffective|p1a: Arcanine
|-damage|p1a: Arcanine|1/100
|
|-heal|p2a: Zamazenta|7/100|[from] item: Leftovers
|upkeep
|turn|19
|
|t:|1760760559
|move|p1a: Arcanine|Extreme Speed|p2a: Zamazenta
|-damage|p2a: Zamazenta|0 fnt
|faint|p2a: Zamazenta
|
|upkeep
|
|t:|1760760561
|switch|p2a: Hatterene|Hatterene, F|100/100
|-damage|p2a: Hatterene|76/100|[from] Spikes
|turn|20
|
|t:|1760760567
|move|p1a: Arcanine|Extreme Speed|p2a: Hatterene
|-damage|p2a: Hatterene|33/100
|move|p2a: Hatterene|Trick Room|p2a: Hatterene
|-fieldstart|move: Trick Room|[of] p2a: Hatterene
|
|upkeep
|turn|21
|
|t:|1760760571
|move|p1a: Arcanine|Extreme Speed|p2a: Hatterene
|-crit|p2a: Hatterene
|-damage|p2a: Hatterene|0 fnt
|faint|p2a: Hatterene
|
|upkeep
|
|t:|1760760572
|switch|p2a: Walking Wake|Walking Wake|76/100
|-damage|p2a: Walking Wake|51/100|[from] Spikes
|turn|22
|
|t:|1760760575
|move|p1a: Arcanine|Extreme Speed|p2a: Walking Wake
|-damage|p2a: Walking Wake|13/100
|move|p2a: Walking Wake|Hydro Steam|p1a: Arcanine
|-supereffective|p1a: Arcanine
|-damage|p1a: Arcanine|0 fnt
|faint|p1a: Arcanine
|
|upkeep
|
|t:|1760760577
|switch|p1a: Ogerpon|Ogerpon-Wellspring-Tera, F, tera:Water|18/100
|-ability|p1a: Ogerpon|Embody Aspect (Wellspring)|boost
|-boost|p1a: Ogerpon|spd|1
|turn|23
|
|t:|1760760580
|move|p2a: Walking Wake|Hydro Steam|p1a: Ogerpon
|-resisted|p1a: Ogerpon
|-damage|p1a: Ogerpon|0 fnt
|faint|p1a: Ogerpon
|detailschange|p1: Ogerpon|Ogerpon-Wellspring, F|[silent]
|
|win|4arms67
|raw|parker757's rating: 1688 &rarr; <strong>1666</strong><br />(-22 for losing)
|raw|4arms67's rating: 1657 &rarr; <strong>1679</strong><br />(+22 for winning)
|c|☆parker757|gg
|c|☆4arms67|Gg
|l|☆parker757
|player|p1|
|l|☆4arms67
|player|p2|
|l| Puyu Paz
