|j|☆Slouchsquatch
|j|☆Cyber PunK 144
|t:|1760839509
|gametype|singles
|player|p1|Slouchsquatch|harlequin|1216
|player|p2|Cyber PunK 144|marley|1322
|gen|9
|tier|[Gen 9] OU
|rated|
|rule|HP Percentage Mod: HP is shown in percentages
|rule|Endless Battle Clause: Forcing endless battles is banned
|rule|Species Clause: Limit one of each Pokémon
|rule|OHKO Clause: OHKO moves are banned
|rule|Evasion Items Clause: Evasion items are banned
|rule|Evasion Moves Clause: Evasion moves are banned
|rule|Evasion Abilities Clause: Evasion abilities are banned
|rule|Sleep Moves Clause: Sleep-inducing moves are banned
|clearpoke
|poke|p1|Scizor, F|
|poke|p1|Ceruledge, F|
|poke|p1|Murkrow, F|
|poke|p1|Glimmora, M|
|poke|p1|Samurott-Hisui, F|
|poke|p1|Excadrill, M|
|poke|p2|Iron Valiant|
|poke|p2|Excadrill, M|
|poke|p2|Gholdengo|
|poke|p2|Darkrai|
|poke|p2|Dragonite, M|
|poke|p2|Ogerpon-Wellspring, F|
|teampreview
|
|t:|1760839528
|teamsize|p1|6
|teamsize|p2|6
|start
|switch|p1a: Glimmora|Glimmora, M|100/100
|switch|p2a: Ogerpon|Ogerpon-Wellspring, F|100/100
|turn|1
|inactive|Battle timer is ON: inactive players will automatically lose when time's up. (requested by Cyber PunK 144)
|
|t:|1760839542
|switch|p2a: Excadrill|Excadrill, M, shiny|100/100
|-ability|p2a: Excadrill|Mold Breaker
|move|p1a: Glimmora|Mortal Spin|p2a: Excadrill
|-immune|p2a: Excadrill
|
|upkeep
|turn|2
|
|t:|1760839571
|move|p2a: Excadrill|Earthquake|p1a: Glimmora
|-supereffective|p1a: Glimmora
|-enditem|p1a: Glimmora|Focus Sash
|-damage|p1a: Glimmora|1/100
|-activate|p1a: Glimmora|ability: Toxic Debris
|-sidestart|p2: Cyber PunK 144|move: Toxic Spikes
|move|p1a: Glimmora|Earth Power|p2a: Excadrill
|-supereffective|p2a: Excadrill
|-damage|p2a: Excadrill|25/100
|
|upkeep
|turn|3
|
|t:|1760839589
|move|p2a: Excadrill|Rapid Spin|p1a: Glimmora
|-resisted|p1a: Glimmora
|-damage|p1a: Glimmora|0 fnt
|-boost|p2a: Excadrill|spe|1
|-activate|p1a: Glimmora|ability: Toxic Debris
|-sidestart|p2: Cyber PunK 144|move: Toxic Spikes
|-sideend|p2: Cyber PunK 144|Toxic Spikes|[from] move: Rapid Spin|[of] p2a: Excadrill
|faint|p1a: Glimmora
|
|upkeep
|
|t:|1760839593
|switch|p1a: Scizor|Scizor, F|100/100
|turn|4
|
|t:|1760839600
|switch|p2a: Gholdengo|Gholdengo|100/100
|-item|p2a: Gholdengo|Air Balloon
|move|p1a: Scizor|Bullet Punch|p2a: Gholdengo
|-resisted|p2a: Gholdengo
|-damage|p2a: Gholdengo|80/100
|-enditem|p2a: Gholdengo|Air Balloon
|
|upkeep
|turn|5
|
|t:|1760839617
|switch|p1a: Samurott|Samurott-Hisui, F, shiny|100/100
|move|p2a: Gholdengo|Shadow Ball|p1a: Samurott
|-resisted|p1a: Samurott
|-damage|p1a: Samurott|72/100
|
|upkeep
|turn|6
|
|t:|1760839625
|move|p1a: Samurott|Ceaseless Edge|p2a: Gholdengo
|-supereffective|p2a: Gholdengo
|-damage|p2a: Gholdengo|0 fnt
|-sidestart|p2: Cyber PunK 144|Spikes
|faint|p2a: Gholdengo
|-damage|p1a: Samurott|62/100|[from] item: Life Orb
|
|upkeep
|
|t:|1760839636
|switch|p2a: Ogerpon|Ogerpon-Wellspring, F|100/100
|-damage|p2a: Ogerpon|88/100|[from] Spikes
|turn|7
|
|t:|1760839666
|move|p2a: Ogerpon|Horn Leech|p1a: Samurott
|-supereffective|p1a: Samurott
|-damage|p1a: Samurott|0 fnt
|-heal|p2a: Ogerpon|100/100|[from] drain|[of] p1a: Samurott
|faint|p1a: Samurott
|
|upkeep
|
|t:|1760839675
|switch|p1a: Scizor|Scizor, F|100/100
|turn|8
|
|t:|1760839684
|switch|p2a: Excadrill|Excadrill, M, shiny|25/100
|-damage|p2a: Excadrill|13/100|[from] Spikes
|-ability|p2a: Excadrill|Mold Breaker
|move|p1a: Scizor|Swords Dance|p1a: Scizor
|-boost|p1a: Scizor|atk|2
|
|upkeep
|turn|9
|
|t:|1760839699
|move|p2a: Excadrill|Earthquake|p1a: Scizor
|-damage|p1a: Scizor|49/100
|move|p1a: Scizor|Bug Bite|p2a: Excadrill
|-resisted|p2a: Excadrill
|-damage|p2a: Excadrill|0 fnt
|faint|p2a: Excadrill
|
|-heal|p1a: Scizor|55/100|[from] item: Leftovers
|upkeep
|inactive|Cyber PunK 144 has 120 seconds left.
|
|t:|1760839720
|switch|p2a: Ogerpon|Ogerpon-Wellspring, F|100/100
|-damage|p2a: Ogerpon|88/100|[from] Spikes
|turn|10
|
|t:|1760839732
|-terastallize|p2a: Ogerpon|Water
|detailschange|p2a: Ogerpon|Ogerpon-Wellspring-Tera, F, tera:Water
|-ability|p2a: Ogerpon|Embody Aspect (Wellspring)|boost
|-boost|p2a: Ogerpon|spd|1
|move|p2a: Ogerpon|Ivy Cudgel|p1a: Scizor|[anim] Ivy Cudgel Water
|-damage|p1a: Scizor|0 fnt
|faint|p1a: Scizor
|
|upkeep
|
|t:|1760839747
|switch|p1a: Ceruledge|Ceruledge, F|100/100
|turn|11
|
|t:|1760839761
|switch|p2a: Iron Valiant|Iron Valiant, shiny|100/100
|-damage|p2a: Iron Valiant|88/100|[from] Spikes
|-enditem|p2a: Iron Valiant|Booster Energy
|-activate|p2a: Iron Valiant|ability: Quark Drive|[fromitem]
|-start|p2a: Iron Valiant|quarkdrivespe
|move|p1a: Ceruledge|Swords Dance|p1a: Ceruledge
|-boost|p1a: Ceruledge|atk|2
|
|upkeep
|turn|12
|
|t:|1760839774
|move|p1a: Ceruledge|Shadow Sneak|p2a: Iron Valiant
|-damage|p2a: Iron Valiant|39/100
|move|p2a: Iron Valiant|Encore|p1a: Ceruledge
|-start|p1a: Ceruledge|Encore
|
|upkeep
|turn|13
|
|t:|1760839787
|move|p1a: Ceruledge|Shadow Sneak|p2a: Iron Valiant
|-damage|p2a: Iron Valiant|0 fnt
|faint|p2a: Iron Valiant
|-end|p2a: Iron Valiant|Quark Drive|[silent]
|
|upkeep
|
|t:|1760839792
|switch|p2a: Darkrai|Darkrai|100/100
|-damage|p2a: Darkrai|88/100|[from] Spikes
|turn|14
|
|t:|1760839809
|switch|p1a: Murkrow|Murkrow, F, shiny|100/100
|move|p2a: Darkrai|Dark Pulse|p1a: Murkrow
|-resisted|p1a: Murkrow
|-damage|p1a: Murkrow|54/100
|-damage|p2a: Darkrai|78/100|[from] item: Life Orb
|
|upkeep
|turn|15
|
|t:|1760839820
|move|p2a: Darkrai|Ice Beam|p1a: Murkrow
|-supereffective|p1a: Murkrow
|-damage|p1a: Murkrow|0 fnt
|faint|p1a: Murkrow
|-damage|p2a: Darkrai|68/100|[from] item: Life Orb
|
|upkeep
|
|t:|1760839824
|switch|p1a: Excadrill|Excadrill, M, shiny|100/100
|-ability|p1a: Excadrill|Mold Breaker
|turn|16
|
|t:|1760839837
|switch|p2a: Dragonite|Dragonite, M, shiny|100/100
|move|p1a: Excadrill|Rapid Spin|p2a: Dragonite
|-damage|p2a: Dragonite|81/100
|-boost|p1a: Excadrill|spe|1
|
|upkeep
|turn|17
|
|t:|1760839846
|move|p1a: Excadrill|Iron Head|p2a: Dragonite
|-damage|p2a: Dragonite|34/100
|move|p2a: Dragonite|Earthquake|p1a: Excadrill
|-supereffective|p1a: Excadrill
|-damage|p1a: Excadrill|0 fnt
|faint|p1a: Excadrill
|
|upkeep
|
|t:|1760839851
|switch|p1a: Ceruledge|Ceruledge, F|100/100
|turn|18
|
|t:|1760839869
|move|p1a: Ceruledge|Swords Dance|p1a: Ceruledge
|-boost|p1a: Ceruledge|atk|2
|move|p2a: Dragonite|Earthquake|p1a: Ceruledge
|-supereffective|p1a: Ceruledge
|-enditem|p1a: Ceruledge|Focus Sash
|-damage|p1a: Ceruledge|1/100
|-ability|p1a: Ceruledge|Weak Armor|boost
|-unboost|p1a: Ceruledge|def|1
|-boost|p1a: Ceruledge|spe|2
|
|upkeep
|turn|19
|
|t:|1760839886
|move|p1a: Ceruledge|Bitter Blade|p2a: Dragonite
|-resisted|p2a: Dragonite
|-damage|p2a: Dragonite|0 fnt
|-heal|p1a: Ceruledge|19/100|[from] drain|[of] p2a: Dragonite
|faint|p2a: Dragonite
|
|upkeep
|
|t:|1760839894
|switch|p2a: Ogerpon|Ogerpon-Wellspring-Tera, F, tera:Water|88/100
|-damage|p2a: Ogerpon|76/100|[from] Spikes
|-ability|p2a: Ogerpon|Embody Aspect (Wellspring)|boost
|-boost|p2a: Ogerpon|spd|1
|turn|20
|
|t:|1760839900
|move|p1a: Ceruledge|Poltergeist|p2a: Ogerpon
|-activate|p2a: Ogerpon|move: Poltergeist|Wellspring Mask
|-damage|p2a: Ogerpon|0 fnt
|faint|p2a: Ogerpon
|detailschange|p2: Ogerpon|Ogerpon-Wellspring, F|[silent]
|
|upkeep
|
|t:|1760839906
|switch|p2a: Darkrai|Darkrai|68/100
|-damage|p2a: Darkrai|56/100|[from] Spikes
|turn|21
|
|t:|1760839911
|move|p2a: Darkrai|Sucker Punch|p1a: Ceruledge
|-supereffective|p1a: Ceruledge
|-damage|p1a: Ceruledge|0 fnt
|faint|p1a: Ceruledge
|-damage|p2a: Darkrai|46/100|[from] item: Life Orb
|
|win|Cyber PunK 144
|raw|Slouchsquatch's rating: 1216 &rarr; <strong>1198</strong><br />(-18 for losing)
|raw|Cyber PunK 144's rating: 1322 &rarr; <strong>1336</strong><br />(+14 for winning)
|l|☆Cyber PunK 144
|player|p2|
|l|☆Slouchsquatch
|player|p1|
