|j|☆terapagosb
|j|☆enormouschilli
|t:|1760881861
|gametype|singles
|player|p1|terapagosb|2|1434
|player|p2|enormouschilli|102|1433
|gen|9
|tier|[Gen 9] OU
|rated|
|rule|HP Percentage Mod: HP is shown in percentages
|rule|Endless Battle Clause: Forcing endless battles is banned
|rule|Species Clause: Limit one of each Pokémon
|rule|OHKO Clause: OHKO moves are banned
|rule|Evasion Items Clause: Evasion items are banned
|rule|Evasion Moves Clause: Evasion moves are banned
|rule|Evasion Abilities Clause: Evasion abilities are banned
|rule|Sleep Moves Clause: Sleep-inducing moves are banned
|clearpoke
|poke|p1|Kingdra, F|
|poke|p1|Pelipper, F|
|poke|p1|Araquanid, F|
|poke|p1|Primarina, F|
|poke|p1|Ogerpon-Wellspring, F|
|poke|p1|Feraligatr, M|
|poke|p2|Ribombee, M|
|poke|p2|Heatran, M|
|poke|p2|Gengar, M|
|poke|p2|Glimmora, M|
|poke|p2|Great Tusk|
|poke|p2|Dragonite, F|
|teampreview
|inactive|Battle timer is ON: inactive players will automatically lose when time's up. (requested by enormouschilli)
|
|t:|1760881870
|teamsize|p1|6
|teamsize|p2|6
|start
|switch|p1a: Feraligatr|Feraligatr, M|100/100
|switch|p2a: BBL glizzy|Glimmora, M|100/100
|turn|1
|
|t:|1760881881
|move|p2a: BBL glizzy|Meteor Beam||[still]
|-prepare|p2a: BBL glizzy|Meteor Beam
|-boost|p2a: BBL glizzy|spa|1
|-enditem|p2a: BBL glizzy|Power Herb
|-anim|p2a: BBL glizzy|Meteor Beam|p1a: Feraligatr
|-damage|p1a: Feraligatr|0 fnt
|faint|p1a: Feraligatr
|
|upkeep
|
|t:|1760881889
|switch|p1a: Primarina|Primarina, F|100/100
|turn|2
|
|t:|1760881912
|move|p2a: BBL glizzy|Earth Power|p1a: Primarina
|-damage|p1a: Primarina|71/100
|-unboost|p1a: Primarina|spd|1
|move|p1a: Primarina|Psychic Noise|p2a: BBL glizzy
|-supereffective|p2a: BBL glizzy
|-crit|p2a: BBL glizzy
|-damage|p2a: BBL glizzy|0 fnt
|faint|p2a: BBL glizzy
|
|upkeep
|
|t:|1760881922
|switch|p2a: arqunid who|Ribombee, M|100/100
|turn|3
|
|t:|1760881927
|move|p2a: arqunid who|Moonblast|p1a: Primarina
|-damage|p1a: Primarina|40/100
|-unboost|p1a: Primarina|spa|1
|move|p1a: Primarina|Draining Kiss|p2a: arqunid who
|-damage|p2a: arqunid who|69/100
|-heal|p1a: Primarina|57/100|[from] drain|[of] p2a: arqunid who
|
|upkeep
|turn|4
|
|t:|1760881935
|switch|p1a: Pelipper|Pelipper, F|100/100
|-weather|RainDance|[from] ability: Drizzle|[of] p1a: Pelipper
|move|p2a: arqunid who|Moonblast|p1a: Pelipper
|-damage|p1a: Pelipper|47/100
|
|-weather|RainDance|[upkeep]
|upkeep
|turn|5
|
|t:|1760881945
|switch|p1a: Ogerpon|Ogerpon-Wellspring, F|100/100
|move|p2a: arqunid who|Sticky Web|p1a: Ogerpon
|-sidestart|p1: terapagosb|move: Sticky Web
|
|-weather|RainDance|[upkeep]
|upkeep
|turn|6
|
|t:|1760881951
|move|p2a: arqunid who|Moonblast|p1a: Ogerpon
|-damage|p1a: Ogerpon|53/100
|-unboost|p1a: Ogerpon|spa|1
|move|p1a: Ogerpon|Ivy Cudgel|p2a: arqunid who|[anim] Ivy Cudgel Water
|-damage|p2a: arqunid who|0 fnt
|faint|p2a: arqunid who
|
|-weather|RainDance|[upkeep]
|upkeep
|
|t:|1760881957
|switch|p2a: Gengar|Gengar, M|100/100
|turn|7
|
|t:|1760881964
|-terastallize|p1a: Ogerpon|Water
|detailschange|p1a: Ogerpon|Ogerpon-Wellspring-Tera, F, tera:Water
|-ability|p1a: Ogerpon|Embody Aspect (Wellspring)|boost
|-boost|p1a: Ogerpon|spd|1
|move|p1a: Ogerpon|Ivy Cudgel|p2a: Gengar|[anim] Ivy Cudgel Water
|-enditem|p2a: Gengar|Focus Sash
|-damage|p2a: Gengar|1/100
|move|p2a: Gengar|Sludge Bomb|p1a: Ogerpon
|-damage|p1a: Ogerpon|16/100
|
|-weather|RainDance|[upkeep]
|upkeep
|turn|8
|
|t:|1760881985
|move|p1a: Ogerpon|Ivy Cudgel|p2a: Gengar|[anim] Ivy Cudgel Water
|-damage|p2a: Gengar|0 fnt
|faint|p2a: Gengar
|
|-weather|none
|upkeep
|
|t:|1760881991
|switch|p2a: U-Nite Worldwide|Dragonite, F|100/100
|turn|9
|
|t:|1760881998
|move|p1a: Ogerpon|Knock Off|p2a: U-Nite Worldwide
|-damage|p2a: U-Nite Worldwide|80/100
|-enditem|p2a: U-Nite Worldwide|Sky Plate|[from] move: Knock Off|[of] p1a: Ogerpon
|move|p2a: U-Nite Worldwide|Dragon Dance|p2a: U-Nite Worldwide
|-boost|p2a: U-Nite Worldwide|atk|1
|-boost|p2a: U-Nite Worldwide|spe|1
|
|upkeep
|turn|10
|
|t:|1760882016
|move|p2a: U-Nite Worldwide|Extreme Speed|p1a: Ogerpon
|-damage|p1a: Ogerpon|0 fnt
|faint|p1a: Ogerpon
|detailschange|p1: Ogerpon|Ogerpon-Wellspring, F|[silent]
|
|upkeep
|
|t:|1760882025
|switch|p1a: Pelipper|Pelipper, F|47/100
|-weather|RainDance|[from] ability: Drizzle|[of] p1a: Pelipper
|turn|11
|
|t:|1760882035
|move|p2a: U-Nite Worldwide|Dragon Dance|p2a: U-Nite Worldwide
|-boost|p2a: U-Nite Worldwide|atk|1
|-boost|p2a: U-Nite Worldwide|spe|1
|move|p1a: Pelipper|Ice Beam|p2a: U-Nite Worldwide
|-supereffective|p2a: U-Nite Worldwide
|-damage|p2a: U-Nite Worldwide|0 fnt
|faint|p2a: U-Nite Worldwide
|
|-weather|RainDance|[upkeep]
|upkeep
|
|t:|1760882047
|switch|p2a: Heatran|Heatran, M|100/100
|turn|12
|
|t:|1760882051
|switch|p1a: Araquanid|Araquanid, F|100/100
|-activate|p1a: Araquanid|move: Sticky Web
|-unboost|p1a: Araquanid|spe|1
|-terastallize|p2a: Heatran|Grass
|move|p2a: Heatran|Magma Storm|p1a: Araquanid
|-damage|p1a: Araquanid|90/100
|-activate|p1a: Araquanid|move: Magma Storm|[of] p2a: Heatran
|
|-weather|RainDance|[upkeep]
|-damage|p1a: Araquanid|78/100|[from] move: Magma Storm|[partiallytrapped]
|upkeep
|turn|13
|
|t:|1760882061
|move|p2a: Heatran|Taunt|p1a: Araquanid
|-start|p1a: Araquanid|move: Taunt
|move|p1a: Araquanid|Leech Life|p2a: Heatran
|-supereffective|p2a: Heatran
|-damage|p2a: Heatran|34/100
|-heal|p1a: Araquanid|100/100|[from] drain|[of] p2a: Heatran
|
|-weather|RainDance|[upkeep]
|-heal|p2a: Heatran|40/100|[from] item: Leftovers
|-damage|p1a: Araquanid|88/100|[from] move: Magma Storm|[partiallytrapped]
|upkeep
|turn|14
|
|t:|1760882071
|move|p2a: Heatran|Magma Storm|p1a: Araquanid
|-damage|p1a: Araquanid|78/100
|move|p1a: Araquanid|Leech Life|p2a: Heatran
|-supereffective|p2a: Heatran
|-damage|p2a: Heatran|0 fnt
|-heal|p1a: Araquanid|99/100|[from] drain|[of] p2a: Heatran
|faint|p2a: Heatran
|
|-weather|RainDance|[upkeep]
|-end|p1a: Araquanid|Magma Storm|[partiallytrapped]|[silent]
|upkeep
|
|t:|1760882078
|switch|p2a: more usage then u|Great Tusk|100/100
|-enditem|p2a: more usage then u|Booster Energy
|-activate|p2a: more usage then u|ability: Protosynthesis|[fromitem]
|-start|p2a: more usage then u|protosynthesisatk
|turn|15
|
|t:|1760882083
|move|p2a: more usage then u|Bulk Up|p2a: more usage then u
|-boost|p2a: more usage then u|atk|1
|-boost|p2a: more usage then u|def|1
|move|p1a: Araquanid|Liquidation|p2a: more usage then u
|-supereffective|p2a: more usage then u
|-damage|p2a: more usage then u|14/100
|-unboost|p2a: more usage then u|def|1
|
|-weather|none
|-end|p1a: Araquanid|move: Taunt
|upkeep
|turn|16
|inactive|enormouschilli has 120 seconds left.
|
|t:|1760882116
|move|p2a: more usage then u|Headlong Rush|p1a: Araquanid
|-resisted|p1a: Araquanid
|-damage|p1a: Araquanid|34/100
|-unboost|p2a: more usage then u|def|1
|-unboost|p2a: more usage then u|spd|1
|move|p1a: Araquanid|Liquidation|p2a: more usage then u
|-supereffective|p2a: more usage then u
|-damage|p2a: more usage then u|0 fnt
|faint|p2a: more usage then u
|-end|p2a: more usage then u|Protosynthesis|[silent]
|
|win|terapagosb
|raw|terapagosb's rating: 1434 &rarr; <strong>1454</strong><br />(+20 for winning)
|raw|enormouschilli's rating: 1433 &rarr; <strong>1413</strong><br />(-20 for losing)
|l|☆enormouschilli
|player|p2|
|l|☆terapagosb
|player|p1|
