|j|‽falas
|j|☆EzrahFEVER
|t:|1760850427
|gametype|singles
|player|p1|falas|1|1288
|player|p2|EzrahFEVER|marlon|1295
|gen|9
|tier|[Gen 9] OU
|rated|
|rule|HP Percentage Mod: HP is shown in percentages
|rule|Endless Battle Clause: Forcing endless battles is banned
|rule|Species Clause: Limit one of each Pokémon
|rule|OHKO Clause: OHKO moves are banned
|rule|Evasion Items Clause: Evasion items are banned
|rule|Evasion Moves Clause: Evasion moves are banned
|rule|Evasion Abilities Clause: Evasion abilities are banned
|rule|Sleep Moves Clause: Sleep-inducing moves are banned
|clearpoke
|poke|p1|Zapdos|
|poke|p1|Clodsire, M|
|poke|p1|Gholdengo|
|poke|p1|Rillaboom, M|
|poke|p1|Weezing-Galar, F|
|poke|p1|Hoopa-Unbound|
|poke|p2|Haxorus, F|
|poke|p2|Hoopa-Unbound|
|poke|p2|Greninja-*, M|
|poke|p2|Kingambit, M|
|poke|p2|Polteageist-Antique|
|poke|p2|Hatterene, F|
|teampreview
|inactive|Battle timer is ON: inactive players will automatically lose when time's up. (requested by falas)
|
|t:|1760850436
|teamsize|p1|6
|teamsize|p2|6
|start
|switch|p1a: Zapdos|Zapdos|100/100
|switch|p2a: Haxorus|Haxorus, F|100/100
|-ability|p2a: Haxorus|Mold Breaker
|turn|1
|
|t:|1760850440
|move|p1a: Zapdos|Discharge|p2a: Haxorus
|-resisted|p2a: Haxorus
|-damage|p2a: Haxorus|83/100
|-status|p2a: Haxorus|par
|move|p2a: Haxorus|Dragon Tail|p1a: Zapdos
|-damage|p1a: Zapdos|74/100
|-damage|p2a: Haxorus|67/100 par|[from] item: Rocky Helmet|[of] p1a: Zapdos
|drag|p1a: Gholdengo|Gholdengo|100/100
|
|upkeep
|turn|2
|
|t:|1760850449
|move|p1a: Gholdengo|Dazzling Gleam|p2a: Haxorus
|-supereffective|p2a: Haxorus
|-damage|p2a: Haxorus|5/100 par
|move|p2a: Haxorus|Earthquake|p1a: Gholdengo
|-supereffective|p1a: Gholdengo
|-damage|p1a: Gholdengo|10/100
|
|upkeep
|turn|3
|
|t:|1760850456
|move|p1a: Gholdengo|Dazzling Gleam|p2a: Haxorus
|-supereffective|p2a: Haxorus
|-damage|p2a: Haxorus|0 fnt
|faint|p2a: Haxorus
|
|upkeep
|
|t:|1760850462
|switch|p2a: Polteageist|Polteageist-Antique|100/100
|turn|4
|
|t:|1760850479
|move|p2a: Polteageist|Sucker Punch|p1a: Gholdengo
|-supereffective|p1a: Gholdengo
|-damage|p1a: Gholdengo|0 fnt
|faint|p1a: Gholdengo
|
|upkeep
|
|t:|1760850481
|switch|p1a: Hoopa|Hoopa-Unbound|100/100
|turn|5
|
|t:|1760850485
|switch|p2a: Hoopa|Hoopa-Unbound|100/100
|move|p1a: Hoopa|Hyperspace Fury|p2a: Hoopa
|-damage|p2a: Hoopa|0 fnt
|-unboost|p1a: Hoopa|def|1
|faint|p2a: Hoopa
|
|upkeep
|
|t:|1760850496
|switch|p2a: Polteageist|Polteageist-Antique|100/100
|turn|6
|
|t:|1760850498
|move|p1a: Hoopa|Hyperspace Fury|p2a: Polteageist
|-supereffective|p2a: Polteageist
|-enditem|p2a: Polteageist|Focus Sash
|-damage|p2a: Polteageist|1/100
|-unboost|p1a: Hoopa|def|1
|-ability|p2a: Polteageist|Weak Armor|boost
|-unboost|p2a: Polteageist|def|1
|-boost|p2a: Polteageist|spe|2
|move|p2a: Polteageist|Shell Smash|p2a: Polteageist
|-unboost|p2a: Polteageist|def|1
|-unboost|p2a: Polteageist|spd|1
|-boost|p2a: Polteageist|atk|2
|-boost|p2a: Polteageist|spa|2
|-boost|p2a: Polteageist|spe|2
|
|upkeep
|turn|7
|
|t:|1760850503
|move|p2a: Polteageist|Sucker Punch|p1a: Hoopa
|-crit|p1a: Hoopa
|-damage|p1a: Hoopa|0 fnt
|faint|p1a: Hoopa
|
|upkeep
|
|t:|1760850507
|switch|p1a: Rillaboom|Rillaboom, M|100/100
|-fieldstart|move: Grassy Terrain|[from] ability: Grassy Surge|[of] p1a: Rillaboom
|turn|8
|
|t:|1760850509
|move|p2a: Polteageist|Sucker Punch|p1a: Rillaboom
|-crit|p1a: Rillaboom
|-damage|p1a: Rillaboom|63/100
|move|p1a: Rillaboom|Grassy Glide|p2a: Polteageist
|-damage|p2a: Polteageist|0 fnt
|faint|p2a: Polteageist
|
|-heal|p1a: Rillaboom|69/100|[from] Grassy Terrain
|upkeep
|
|t:|1760850513
|switch|p2a: Kingambit|Kingambit, M|100/100
|-activate|p2a: Kingambit|ability: Supreme Overlord
|-start|p2a: Kingambit|fallen3|[silent]
|turn|9
|
|t:|1760850518
|switch|p1a: Zapdos|Zapdos|74/100
|move|p2a: Kingambit|Kowtow Cleave|p1a: Zapdos
|-damage|p1a: Zapdos|19/100
|-damage|p2a: Kingambit|84/100|[from] item: Rocky Helmet|[of] p1a: Zapdos
|
|-heal|p2a: Kingambit|90/100|[from] Grassy Terrain
|upkeep
|turn|10
|
|t:|1760850521
|move|p1a: Zapdos|Heat Wave|p2a: Kingambit
|-supereffective|p2a: Kingambit
|-damage|p2a: Kingambit|42/100
|move|p2a: Kingambit|Swords Dance|p2a: Kingambit
|-boost|p2a: Kingambit|atk|2
|
|-heal|p2a: Kingambit|48/100|[from] Grassy Terrain
|upkeep
|turn|11
|
|t:|1760850526
|move|p2a: Kingambit|Sucker Punch||[still]
|-fail|p2a: Kingambit
|move|p1a: Zapdos|Roost|p1a: Zapdos
|-heal|p1a: Zapdos|69/100
|-singleturn|p1a: Zapdos|move: Roost
|
|-heal|p1a: Zapdos|75/100|[from] Grassy Terrain
|-heal|p2a: Kingambit|54/100|[from] Grassy Terrain
|upkeep
|turn|12
|
|t:|1760850531
|move|p2a: Kingambit|Sucker Punch||[still]
|-fail|p2a: Kingambit
|move|p1a: Zapdos|Roost|p1a: Zapdos
|-heal|p1a: Zapdos|100/100
|-singleturn|p1a: Zapdos|move: Roost
|
|-heal|p2a: Kingambit|61/100|[from] Grassy Terrain
|-fieldend|move: Grassy Terrain
|upkeep
|turn|13
|
|t:|1760850535
|move|p2a: Kingambit|Sucker Punch||[still]
|-fail|p2a: Kingambit
|move|p1a: Zapdos|Roost||[still]
|-fail|p1a: Zapdos|heal
|
|upkeep
|turn|14
|
|t:|1760850538
|move|p2a: Kingambit|Sucker Punch|p1a: Zapdos
|-damage|p1a: Zapdos|23/100
|-damage|p2a: Kingambit|44/100|[from] item: Rocky Helmet|[of] p1a: Zapdos
|-status|p2a: Kingambit|par|[from] ability: Static|[of] p1a: Zapdos
|move|p1a: Zapdos|Heat Wave|p2a: Kingambit
|-supereffective|p2a: Kingambit
|-damage|p2a: Kingambit|0 fnt
|faint|p2a: Kingambit
|-end|p2a: Kingambit|fallen3|[silent]
|
|upkeep
|
|t:|1760850540
|switch|p2a: Greninja|Greninja, M|100/100
|turn|15
|
|t:|1760850552
|move|p2a: Greninja|Extrasensory|p1a: Zapdos
|-damage|p1a: Zapdos|0 fnt
|faint|p1a: Zapdos
|-ability|p2a: Greninja|Battle Bond|boost
|-boost|p2a: Greninja|atk|1
|-boost|p2a: Greninja|spa|1
|-boost|p2a: Greninja|spe|1
|-activate|p2a: Greninja|ability: Battle Bond
|-damage|p2a: Greninja|91/100|[from] item: Life Orb
|
|upkeep
|
|t:|1760850555
|switch|p1a: Rillaboom|Rillaboom, M|69/100
|-fieldstart|move: Grassy Terrain|[from] ability: Grassy Surge|[of] p1a: Rillaboom
|turn|16
|
|t:|1760850557
|switch|p2a: Hatterene|Hatterene, F|100/100
|move|p1a: Rillaboom|Grassy Glide|p2a: Hatterene
|-damage|p2a: Hatterene|34/100
|
|-heal|p1a: Rillaboom|75/100|[from] Grassy Terrain
|-heal|p2a: Hatterene|39/100|[from] Grassy Terrain
|-heal|p2a: Hatterene|45/100|[from] item: Leftovers
|upkeep
|turn|17
|
|t:|1760850560
|move|p1a: Rillaboom|Grassy Glide|p2a: Hatterene
|-damage|p2a: Hatterene|0 fnt
|faint|p2a: Hatterene
|
|-heal|p1a: Rillaboom|81/100|[from] Grassy Terrain
|upkeep
|-message|EzrahFEVER forfeited.
|
|win|falas
|raw|falas's rating: 1288 &rarr; <strong>1314</strong><br />(+26 for winning)
|raw|EzrahFEVER's rating: 1295 &rarr; <strong>1269</strong><br />(-26 for losing)
|l|☆EzrahFEVER
|player|p2|
|l|‽falas
|player|p1|
