|j|☆rainsmeller5000
|j|☆CF lan
|t:|1760792862
|gametype|singles
|player|p1|rainsmeller5000|1|1185
|player|p2|CF lan|volo|1219
|gen|9
|tier|[Gen 9] OU
|rated|
|rule|HP Percentage Mod: HP is shown in percentages
|rule|Endless Battle Clause: Forcing endless battles is banned
|rule|Species Clause: Limit one of each Pokémon
|rule|OHKO Clause: OHKO moves are banned
|rule|Evasion Items Clause: Evasion items are banned
|rule|Evasion Moves Clause: Evasion moves are banned
|rule|Evasion Abilities Clause: Evasion abilities are banned
|rule|Sleep Moves Clause: Sleep-inducing moves are banned
|clearpoke
|poke|p1|Hoopa-Unbound|
|poke|p1|Slowking-Galar, F|
|poke|p1|Gliscor, M|
|poke|p1|Iron Valiant|
|poke|p1|Raging Bolt|
|poke|p1|Iron Treads|
|poke|p2|Weavile, M|
|poke|p2|Weezing, M|
|poke|p2|Scizor, F|
|poke|p2|Primarina, F|
|poke|p2|Heatran, F|
|poke|p2|Zapdos|
|teampreview
|inactive|Battle timer is ON: inactive players will automatically lose when time's up. (requested by CF lan)
|
|t:|1760792881
|teamsize|p1|6
|teamsize|p2|6
|start
|switch|p1a: Iron Valiant|Iron Valiant|100/100
|switch|p2a: Weavile|Weavile, M|100/100
|turn|1
|
|t:|1760792892
|move|p2a: Weavile|Triple Axel|p1a: Iron Valiant
|-damage|p1a: Iron Valiant|88/100
|-damage|p1a: Iron Valiant|64/100
|-damage|p1a: Iron Valiant|27/100
|-hitcount|p1a: Iron Valiant|3
|move|p1a: Iron Valiant|Aura Sphere|p2a: Weavile
|-supereffective|p2a: Weavile
|-enditem|p2a: Weavile|Focus Sash
|-damage|p2a: Weavile|1/100
|-damage|p1a: Iron Valiant|17/100|[from] item: Life Orb
|
|upkeep
|turn|2
|
|t:|1760792909
|-end|p1a: Iron Valiant|Quark Drive|[silent]
|switch|p1a: Iron Treads|Iron Treads|100/100
|move|p2a: Weavile|Ice Shard|p1a: Iron Treads
|-damage|p1a: Iron Treads|90/100
|
|-heal|p1a: Iron Treads|96/100|[from] item: Leftovers
|upkeep
|turn|3
|
|t:|1760792917
|move|p2a: Weavile|Knock Off|p1a: Iron Treads
|-damage|p1a: Iron Treads|69/100
|-enditem|p1a: Iron Treads|Leftovers|[from] move: Knock Off|[of] p2a: Weavile
|move|p1a: Iron Treads|Rapid Spin|p2a: Weavile
|-damage|p2a: Weavile|0 fnt
|-boost|p1a: Iron Treads|spe|1
|faint|p2a: Weavile
|
|upkeep
|
|t:|1760792928
|switch|p2a: Heatran|Heatran, F|100/100
|-item|p2a: Heatran|Air Balloon
|turn|4
|
|t:|1760792938
|move|p1a: Iron Treads|Body Press|p2a: Heatran
|-supereffective|p2a: Heatran
|-damage|p2a: Heatran|52/100
|-enditem|p2a: Heatran|Air Balloon
|move|p2a: Heatran|Magma Storm|p1a: Iron Treads
|-supereffective|p1a: Iron Treads
|-crit|p1a: Iron Treads
|-damage|p1a: Iron Treads|0 fnt
|faint|p1a: Iron Treads
|-end|p1a: Iron Treads|Quark Drive|[silent]
|
|upkeep
|inactive|rainsmeller5000 has 120 seconds left.
|
|t:|1760792967
|switch|p1a: Hoopa|Hoopa-Unbound|100/100
|turn|5
|
|t:|1760792970
|move|p1a: Hoopa|Drain Punch|p2a: Heatran
|-supereffective|p2a: Heatran
|-damage|p2a: Heatran|0 fnt
|faint|p2a: Heatran
|
|upkeep
|
|t:|1760792975
|switch|p2a: Primarina|Primarina, F|100/100
|turn|6
|
|t:|1760792982
|switch|p1a: Slowking|Slowking-Galar, F|100/100
|move|p2a: Primarina|Moonblast|p1a: Slowking
|-resisted|p1a: Slowking
|-damage|p1a: Slowking|86/100
|-unboost|p1a: Slowking|spa|1
|
|upkeep
|turn|7
|inactive|rainsmeller5000 has 120 seconds left.
|
|t:|1760793041
|move|p2a: Primarina|Psychic Noise|p1a: Slowking
|-damage|p1a: Slowking|70/100
|-start|p1a: Slowking|move: Heal Block
|move|p1a: Slowking|Thunder Wave|p2a: Primarina
|-status|p2a: Primarina|par
|
|upkeep
|turn|8
|inactive|rainsmeller5000 has 90 seconds left.
|
|t:|1760793057
|switch|p2a: Weezing|Weezing, M|100/100
|-ability|p2a: Weezing|Neutralizing Gas
|-prepare|p1a: Slowking|Chilly Reception|[premajor]
|move|p1a: Slowking|Chilly Reception|p1a: Slowking
|-weather|Snowscape
|inactive|rainsmeller5000 has 90 seconds left.
|
|t:|1760793074
|switch|p1a: Raging Bolt|Raging Bolt|100/100|[from] Chilly Reception
|
|-weather|Snowscape|[upkeep]
|upkeep
|turn|9
|
|t:|1760793085
|move|p1a: Raging Bolt|Draco Meteor|p2a: Weezing
|-damage|p2a: Weezing|0 fnt
|-unboost|p1a: Raging Bolt|spa|2
|faint|p2a: Weezing
|-end|p2a: Weezing|ability: Neutralizing Gas
|
|-weather|Snowscape|[upkeep]
|upkeep
|
|t:|1760793094
|switch|p2a: Scizor|Scizor, F|100/100
|turn|10
|inactive|rainsmeller5000 has 90 seconds left.
|
|t:|1760793105
|-end|p1a: Raging Bolt|Protosynthesis|[silent]
|switch|p1a: Gliscor|Gliscor, M|100/100
|move|p2a: Scizor|Close Combat|p1a: Gliscor
|-resisted|p1a: Gliscor
|-damage|p1a: Gliscor|82/100
|-unboost|p2a: Scizor|def|1
|-unboost|p2a: Scizor|spd|1
|
|-weather|Snowscape|[upkeep]
|-status|p1a: Gliscor|tox|[from] item: Toxic Orb
|upkeep
|turn|11
|inactive|rainsmeller5000 has 90 seconds left.
|
|t:|1760793117
|switch|p2a: Zapdos|Zapdos|100/100
|move|p1a: Gliscor|Toxic|p2a: Zapdos
|-status|p2a: Zapdos|tox
|
|-weather|Snowscape|[upkeep]
|-damage|p2a: Zapdos|94/100 tox|[from] psn
|-heal|p1a: Gliscor|94/100 tox|[from] ability: Poison Heal
|upkeep
|turn|12
|
|t:|1760793126
|move|p1a: Gliscor|Protect|p1a: Gliscor
|-singleturn|p1a: Gliscor|Protect
|move|p2a: Zapdos|Heat Wave|p1a: Gliscor
|-activate|p1a: Gliscor|move: Protect
|
|-weather|none
|-damage|p2a: Zapdos|82/100 tox|[from] psn
|-heal|p1a: Gliscor|100/100 tox|[from] ability: Poison Heal
|upkeep
|turn|13
|
|t:|1760793135
|move|p2a: Zapdos|Heat Wave|p1a: Gliscor
|-damage|p1a: Gliscor|45/100 tox
|move|p1a: Gliscor|Knock Off|p2a: Zapdos
|-damage|p2a: Zapdos|57/100 tox
|-enditem|p2a: Zapdos|Choice Specs|[from] move: Knock Off|[of] p1a: Gliscor
|
|-damage|p2a: Zapdos|38/100 tox|[from] psn
|-heal|p1a: Gliscor|57/100 tox|[from] ability: Poison Heal
|upkeep
|turn|14
|
|t:|1760793145
|switch|p2a: Primarina|Primarina, F|100/100 par
|move|p1a: Gliscor|Protect||[still]
|-fail|p1a: Gliscor
|
|-heal|p1a: Gliscor|69/100 tox|[from] ability: Poison Heal
|upkeep
|turn|15
|
|t:|1760793154
|move|p1a: Gliscor|Protect|p1a: Gliscor
|-singleturn|p1a: Gliscor|Protect
|move|p2a: Primarina|Surf|p1a: Gliscor
|-activate|p1a: Gliscor|move: Protect
|
|-heal|p1a: Gliscor|82/100 tox|[from] ability: Poison Heal
|upkeep
|turn|16
|
|t:|1760793174
|switch|p1a: Raging Bolt|Raging Bolt|100/100
|move|p2a: Primarina|Surf|p1a: Raging Bolt
|-resisted|p1a: Raging Bolt
|-damage|p1a: Raging Bolt|88/100
|
|upkeep
|turn|17
|
|t:|1760793190
|-terastallize|p1a: Raging Bolt|Water
|move|p1a: Raging Bolt|Thunderclap|p2a: Primarina
|-supereffective|p2a: Primarina
|-damage|p2a: Primarina|54/100 par
|move|p2a: Primarina|Moonblast|p1a: Raging Bolt
|-damage|p1a: Raging Bolt|61/100
|-unboost|p1a: Raging Bolt|spa|1
|
|upkeep
|turn|18
|
|t:|1760793199
|move|p1a: Raging Bolt|Volt Switch|p2a: Primarina
|-supereffective|p2a: Primarina
|-damage|p2a: Primarina|22/100 par
|
|t:|1760793203
|-end|p1a: Raging Bolt|Protosynthesis|[silent]
|switch|p1a: Slowking|Slowking-Galar, F|70/100|[from] Volt Switch
|move|p2a: Primarina|Moonblast|p1a: Slowking
|-resisted|p1a: Slowking
|-damage|p1a: Slowking|54/100
|
|upkeep
|turn|19
|
|t:|1760793212
|switch|p2a: Scizor|Scizor, F|100/100
|-prepare|p1a: Slowking|Chilly Reception|[premajor]
|move|p1a: Slowking|Chilly Reception|p1a: Slowking
|-weather|Snowscape
|
|t:|1760793237
|switch|p1a: Raging Bolt|Raging Bolt, tera:Water|61/100|[from] Chilly Reception
|
|-weather|Snowscape|[upkeep]
|upkeep
|turn|20
|
|t:|1760793245
|move|p1a: Raging Bolt|Thunderclap|p2a: Scizor
|-damage|p2a: Scizor|51/100
|move|p2a: Scizor|Bullet Punch|p1a: Raging Bolt
|-resisted|p1a: Raging Bolt
|-damage|p1a: Raging Bolt|38/100
|
|-weather|Snowscape|[upkeep]
|upkeep
|turn|21
|
|t:|1760793252
|move|p1a: Raging Bolt|Thunderclap|p2a: Scizor
|-damage|p2a: Scizor|0 fnt
|faint|p2a: Scizor
|
|-weather|Snowscape|[upkeep]
|upkeep
|-message|CF lan forfeited.
|
|win|rainsmeller5000
|raw|rainsmeller5000's rating: 1185 &rarr; <strong>1212</strong><br />(+27 for winning)
|raw|CF lan's rating: 1219 &rarr; <strong>1192</strong><br />(-27 for losing)
|l|☆CF lan
|player|p2|
|l|☆rainsmeller5000
|player|p1|
