|j|☆cinderace112000
|j|☆Luteplayz97
|t:|1760868774
|gametype|singles
|player|p1|cinderace112000|170|1035
|player|p2|Luteplayz97|lucas|1024
|gen|9
|tier|[Gen 9] OU
|rated|
|rule|HP Percentage Mod: HP is shown in percentages
|rule|Endless Battle Clause: Forcing endless battles is banned
|rule|Species Clause: Limit one of each Pokémon
|rule|OHKO Clause: OHKO moves are banned
|rule|Evasion Items Clause: Evasion items are banned
|rule|Evasion Moves Clause: Evasion moves are banned
|rule|Evasion Abilities Clause: Evasion abilities are banned
|rule|Sleep Moves Clause: Sleep-inducing moves are banned
|clearpoke
|poke|p1|Landorus-Therian, M|
|poke|p1|Raging Bolt|
|poke|p1|Walking Wake|
|poke|p1|Venusaur, F|
|poke|p1|Kleavor, M|
|poke|p1|Torkoal, M|
|poke|p2|Ceruledge, F|
|poke|p2|Deoxys-Speed|
|poke|p2|Gholdengo|
|poke|p2|Araquanid, M|
|poke|p2|Great Tusk|
|poke|p2|Blissey, F|
|teampreview
|inactive|Battle timer is ON: inactive players will automatically lose when time's up. (requested by Luteplayz97)
|
|t:|1760868786
|teamsize|p1|6
|teamsize|p2|6
|start
|switch|p1a: Torkoal|Torkoal, M|100/100
|switch|p2a: Great Tusk|Great Tusk|100/100
|-weather|SunnyDay|[from] ability: Drought|[of] p1a: Torkoal
|-activate|p2a: Great Tusk|ability: Protosynthesis
|-start|p2a: Great Tusk|protosynthesisdef
|turn|1
|
|t:|1760868797
|switch|p1a: Venusaur|Venusaur, F|100/100
|-item|p1a: Venusaur|Air Balloon
|move|p2a: Great Tusk|Stealth Rock|p1a: Venusaur
|-sidestart|p1: cinderace112000|move: Stealth Rock
|
|-weather|SunnyDay|[upkeep]
|upkeep
|turn|2
|
|t:|1760868809
|move|p1a: Venusaur|Solar Beam||[still]
|-prepare|p1a: Venusaur|Solar Beam
|-anim|p1a: Venusaur|Solar Beam|p2a: Great Tusk
|-supereffective|p2a: Great Tusk
|-damage|p2a: Great Tusk|0 fnt
|faint|p2a: Great Tusk
|-end|p2a: Great Tusk|Protosynthesis|[silent]
|
|-weather|SunnyDay|[upkeep]
|upkeep
|
|t:|1760868818
|switch|p2a: Ceruledge|Ceruledge, F, shiny|100/100
|turn|3
|
|t:|1760868833
|switch|p1a: Walking Wake|Walking Wake|100/100
|-damage|p1a: Walking Wake|88/100|[from] Stealth Rock
|-activate|p1a: Walking Wake|ability: Protosynthesis
|-start|p1a: Walking Wake|protosynthesisspe
|move|p2a: Ceruledge|Swords Dance|p2a: Ceruledge
|-boost|p2a: Ceruledge|atk|2
|
|-weather|SunnyDay|[upkeep]
|upkeep
|turn|4
|inactive|Luteplayz97 has 120 seconds left.
|
|t:|1760868866
|-end|p1a: Walking Wake|Protosynthesis|[silent]
|switch|p1a: Torkoal|Torkoal, M|100/100
|-damage|p1a: Torkoal|75/100|[from] Stealth Rock
|-terastallize|p2a: Ceruledge|Dark
|move|p2a: Ceruledge|Phantom Force||[still]
|-prepare|p2a: Ceruledge|Phantom Force
|
|-weather|SunnyDay|[upkeep]
|upkeep
|turn|5
|inactive|Luteplayz97 has 120 seconds left.
|
|t:|1760868876
|move|p2a: Ceruledge|Phantom Force|p1a: Torkoal|[from] lockedmove
|-damage|p1a: Torkoal|22/100
|move|p1a: Torkoal|Rapid Spin|p2a: Ceruledge
|-damage|p2a: Ceruledge|86/100
|-boost|p1a: Torkoal|spe|1
|-ability|p2a: Ceruledge|Weak Armor|boost
|-unboost|p2a: Ceruledge|def|1
|-boost|p2a: Ceruledge|spe|2
|-sideend|p1: cinderace112000|Stealth Rock|[from] move: Rapid Spin|[of] p1a: Torkoal
|
|-weather|SunnyDay|[upkeep]
|upkeep
|turn|6
|inactive|Luteplayz97 has 120 seconds left.
|
|t:|1760868896
|move|p2a: Ceruledge|Iron Head|p1a: Torkoal
|-resisted|p1a: Torkoal
|-damage|p1a: Torkoal|7/100
|cant|p1a: Torkoal|flinch
|
|-weather|SunnyDay|[upkeep]
|upkeep
|turn|7
|
|t:|1760868904
|move|p2a: Ceruledge|Bitter Blade|p1a: Torkoal
|-resisted|p1a: Torkoal
|-damage|p1a: Torkoal|0 fnt
|-heal|p2a: Ceruledge|90/100|[from] drain|[of] p1a: Torkoal
|faint|p1a: Torkoal
|
|-weather|SunnyDay|[upkeep]
|upkeep
|
|t:|1760868912
|switch|p1a: Walking Wake|Walking Wake|88/100
|-activate|p1a: Walking Wake|ability: Protosynthesis
|-start|p1a: Walking Wake|protosynthesisspe
|turn|8
|
|t:|1760868922
|move|p2a: Ceruledge|Phantom Force||[still]
|-prepare|p2a: Ceruledge|Phantom Force
|move|p1a: Walking Wake|Hydro Steam|p2a: Ceruledge|[miss]
|-miss|p1a: Walking Wake|p2a: Ceruledge
|
|-weather|none
|-end|p1a: Walking Wake|Protosynthesis
|upkeep
|turn|9
|-message|cinderace112000 forfeited.
|
|win|Luteplayz97
|raw|cinderace112000's rating: 1035 &rarr; <strong>1019</strong><br />(-16 for losing)
|raw|Luteplayz97's rating: 1024 &rarr; <strong>1062</strong><br />(+38 for winning)
|l|☆cinderace112000
|player|p1|
