|j|☆cfuelles
|j|☆Pokemaster rico
|t:|1760811529
|gametype|singles
|player|p1|cfuelles|2|1110
|player|p2|Pokemaster rico|rood|1138
|gen|9
|tier|[Gen 9] OU
|rated|
|rule|HP Percentage Mod: HP is shown in percentages
|rule|Endless Battle Clause: Forcing endless battles is banned
|rule|Species Clause: Limit one of each Pokémon
|rule|OHKO Clause: OHKO moves are banned
|rule|Evasion Items Clause: Evasion items are banned
|rule|Evasion Moves Clause: Evasion moves are banned
|rule|Evasion Abilities Clause: Evasion abilities are banned
|rule|Sleep Moves Clause: Sleep-inducing moves are banned
|clearpoke
|poke|p1|Darkrai|
|poke|p1|Garchomp, F|
|poke|p1|Great Tusk|
|poke|p1|Moltres|
|poke|p1|Ogerpon-Wellspring, F|
|poke|p1|Pecharunt|
|poke|p2|Brambleghast, M|
|poke|p2|Porygon2|
|poke|p2|Hitmonlee, M|
|poke|p2|Krookodile, F|
|poke|p2|Gardevoir, M|
|poke|p2|Lumineon, F|
|teampreview
|inactive|Battle timer is ON: inactive players will automatically lose when time's up. (requested by cfuelles)
|
|t:|1760811537
|teamsize|p1|6
|teamsize|p2|6
|start
|switch|p1a: Garchomp|Garchomp, F|100/100
|switch|p2a: Brambleghast|Brambleghast, M, shiny|100/100
|turn|1
|
|t:|1760811546
|move|p2a: Brambleghast|Curse|p1a: Garchomp
|-start|p1a: Garchomp|Curse|[of] p2a: Brambleghast
|-damage|p2a: Brambleghast|50/100
|move|p1a: Garchomp|Dragon Tail|p2a: Brambleghast
|-damage|p2a: Brambleghast|16/100
|drag|p2a: Porygon2|Porygon2, shiny|100/100
|-ability|p2a: Porygon2|Rough Skin|Trace|[from] ability: Trace|[of] p1a: Garchomp
|
|-damage|p1a: Garchomp|76/100|[from] Curse
|upkeep
|turn|2
|
|t:|1760811574
|switch|p1a: Pecharunt|Pecharunt|100/100
|move|p2a: Porygon2|Tri Attack|p1a: Pecharunt
|-immune|p1a: Pecharunt
|
|upkeep
|turn|3
|
|t:|1760811585
|move|p1a: Pecharunt|Malignant Chain|p2a: Porygon2
|-damage|p2a: Porygon2|81/100
|move|p2a: Porygon2|Charge Beam|p1a: Pecharunt
|-damage|p1a: Pecharunt|85/100
|-boost|p2a: Porygon2|spa|1
|
|upkeep
|turn|4
|
|t:|1760811592
|move|p1a: Pecharunt|Malignant Chain|p2a: Porygon2
|-damage|p2a: Porygon2|62/100
|-status|p2a: Porygon2|tox
|-start|p2a: Porygon2|confusion|[from] ability: Poison Puppeteer|[of] p1a: Pecharunt
|-activate|p2a: Porygon2|confusion
|move|p2a: Porygon2|Shadow Ball|p1a: Pecharunt
|-supereffective|p1a: Pecharunt
|-damage|p1a: Pecharunt|8/100
|
|-damage|p2a: Porygon2|56/100 tox|[from] psn
|upkeep
|turn|5
|
|t:|1760811609
|switch|p1a: Darkrai|Darkrai|100/100
|-activate|p2a: Porygon2|confusion
|-damage|p2a: Porygon2|50/100 tox|[from] confusion
|
|-damage|p2a: Porygon2|38/100 tox|[from] psn
|upkeep
|turn|6
|
|t:|1760811619
|move|p1a: Darkrai|Dark Pulse|p2a: Porygon2
|-damage|p2a: Porygon2|16/100 tox
|cant|p2a: Porygon2|flinch
|
|-damage|p2a: Porygon2|0 fnt|[from] psn
|faint|p2a: Porygon2
|upkeep
|
|t:|1760811632
|switch|p2a: Hitmonlee|Hitmonlee, M, shiny|100/100
|turn|7
|
|t:|1760811642
|switch|p1a: Moltres|Moltres|100/100
|move|p2a: Hitmonlee|Close Combat|p1a: Moltres
|-resisted|p1a: Moltres
|-damage|p1a: Moltres|74/100
|-unboost|p2a: Hitmonlee|def|1
|-unboost|p2a: Hitmonlee|spd|1
|-status|p2a: Hitmonlee|brn|[from] ability: Flame Body|[of] p1a: Moltres
|
|-damage|p2a: Hitmonlee|94/100 brn|[from] brn
|upkeep
|turn|8
|
|t:|1760811658
|-terastallize|p2a: Hitmonlee|Dark
|move|p2a: Hitmonlee|Knock Off|p1a: Moltres
|-damage|p1a: Moltres|50/100
|-enditem|p1a: Moltres|Heavy-Duty Boots|[from] move: Knock Off|[of] p2a: Hitmonlee
|move|p1a: Moltres|U-turn|p2a: Hitmonlee
|-supereffective|p2a: Hitmonlee
|-damage|p2a: Hitmonlee|0 fnt
|faint|p2a: Hitmonlee
|
|t:|1760811669
|switch|p1a: Garchomp|Garchomp, F|76/100|[from] U-turn
|
|upkeep
|
|t:|1760811677
|switch|p2a: Krookodile|Krookodile, F, shiny|100/100
|turn|9
|
|t:|1760811685
|move|p2a: Krookodile|Stealth Rock|p1a: Garchomp
|-sidestart|p1: cfuelles|move: Stealth Rock
|move|p1a: Garchomp|Dragon Tail|p2a: Krookodile
|-damage|p2a: Krookodile|70/100
|-damage|p1a: Garchomp|59/100|[from] item: Rocky Helmet|[of] p2a: Krookodile
|drag|p2a: Lumineon|Lumineon, F, shiny|100/100
|
|upkeep
|turn|10
|
|t:|1760811697
|switch|p1a: Pecharunt|Pecharunt|8/100
|move|p2a: Lumineon|Surf|p1a: Pecharunt
|-damage|p1a: Pecharunt|0 fnt
|faint|p1a: Pecharunt
|
|upkeep
|
|t:|1760811709
|switch|p1a: Ogerpon|Ogerpon-Wellspring, F|100/100
|-damage|p1a: Ogerpon|88/100|[from] Stealth Rock
|turn|11
|
|t:|1760811717
|move|p1a: Ogerpon|Power Whip|p2a: Lumineon
|-supereffective|p2a: Lumineon
|-damage|p2a: Lumineon|0 fnt
|faint|p2a: Lumineon
|
|upkeep
|
|t:|1760811723
|switch|p2a: Brambleghast|Brambleghast, M, shiny|16/100
|turn|12
|
|t:|1760811729
|move|p1a: Ogerpon|U-turn|p2a: Brambleghast
|-damage|p2a: Brambleghast|0 fnt
|faint|p2a: Brambleghast
|
|t:|1760811734
|switch|p1a: Moltres|Moltres|50/100|[from] U-turn
|-damage|p1a: Moltres|0 fnt|[from] Stealth Rock
|faint|p1a: Moltres
|
|upkeep
|
|t:|1760811749
|switch|p2a: Gardevoir|Gardevoir, M|100/100
|switch|p1a: Ogerpon|Ogerpon-Wellspring, F|88/100
|-damage|p1a: Ogerpon|76/100|[from] Stealth Rock
|-ability|p2a: Gardevoir|Water Absorb|Trace|[from] ability: Trace|[of] p1a: Ogerpon
|turn|13
|
|t:|1760811759
|move|p1a: Ogerpon|Power Whip|p2a: Gardevoir
|-damage|p2a: Gardevoir|0 fnt
|faint|p2a: Gardevoir
|
|upkeep
|
|t:|1760811764
|switch|p2a: Krookodile|Krookodile, F, shiny|70/100
|turn|14
|
|t:|1760811769
|move|p1a: Ogerpon|Ivy Cudgel|p2a: Krookodile|[anim] Ivy Cudgel Water
|-supereffective|p2a: Krookodile
|-crit|p2a: Krookodile
|-damage|p2a: Krookodile|0 fnt
|faint|p2a: Krookodile
|
|win|cfuelles
|raw|cfuelles's rating: 1110 &rarr; <strong>1137</strong><br />(+27 for winning)
|raw|Pokemaster rico's rating: 1138 &rarr; <strong>1111</strong><br />(-27 for losing)
|l|☆cfuelles
|player|p1|
|l|☆Pokemaster rico
|player|p2|
