|j|☆Kretensky
|j|☆Thai ladyboi
|t:|1760763602
|gametype|singles
|player|p1|Kretensky|schoolkidf|1307
|player|p2|Thai ladyboi|266|1303
|gen|9
|tier|[Gen 9] OU
|rated|
|rule|HP Percentage Mod: HP is shown in percentages
|rule|Endless Battle Clause: Forcing endless battles is banned
|rule|Species Clause: Limit one of each Pokémon
|rule|OHKO Clause: OHKO moves are banned
|rule|Evasion Items Clause: Evasion items are banned
|rule|Evasion Moves Clause: Evasion moves are banned
|rule|Evasion Abilities Clause: Evasion abilities are banned
|rule|Sleep Moves Clause: Sleep-inducing moves are banned
|clearpoke
|poke|p1|Dragonite, F|
|poke|p1|Kyurem|
|poke|p1|Landorus-Therian, M|
|poke|p1|Samurott-Hisui, F|
|poke|p1|Iron Crown|
|poke|p1|Rillaboom, M|
|poke|p2|Ninetales-Alola, F|
|poke|p2|Gliscor, F|
|poke|p2|Weezing-Galar, M|
|poke|p2|Gholdengo|
|poke|p2|Ceruledge, F|
|poke|p2|Primarina, M|
|teampreview
|inactive|Battle timer is ON: inactive players will automatically lose when time's up. (requested by Thai ladyboi)
|inactive|Kretensky has 120 seconds left.
|
|t:|1760763646
|teamsize|p1|6
|teamsize|p2|6
|start
|switch|p1a: Iron Crown|Iron Crown|100/100
|switch|p2a: Weezing|Weezing-Galar, M|100/100
|-ability|p2a: Weezing|Neutralizing Gas
|turn|1
|
|t:|1760763659
|-terastallize|p2a: Weezing|Flying
|move|p1a: Iron Crown|Tachyon Cutter|p2a: Weezing
|-damage|p2a: Weezing|64/100
|-damage|p2a: Weezing|28/100
|-hitcount|p2a: Weezing|2
|move|p2a: Weezing|Pain Split|p1a: Iron Crown
|-sethp|p1a: Iron Crown|65/100|[from] move: Pain Split|[silent]
|-sethp|p2a: Weezing|62/100|[from] move: Pain Split
|
|upkeep
|turn|2
|
|t:|1760763669
|-end|p2a: Weezing|ability: Neutralizing Gas
|switch|p2a: Primarina|Primarina, M|100/100
|move|p1a: Iron Crown|Volt Switch|p2a: Primarina
|-supereffective|p2a: Primarina
|-damage|p2a: Primarina|55/100
|
|t:|1760763678
|-end|p1a: Iron Crown|Quark Drive|[silent]
|switch|p1a: Spectagaled|Kyurem, shiny|100/100|[from] Volt Switch
|-ability|p1a: Spectagaled|Pressure
|
|-heal|p2a: Primarina|61/100|[from] item: Leftovers
|upkeep
|turn|3
|
|t:|1760763691
|move|p1a: Spectagaled|Freeze-Dry|p2a: Primarina
|-supereffective|p2a: Primarina
|-damage|p2a: Primarina|0 fnt
|faint|p2a: Primarina
|
|upkeep
|
|t:|1760763697
|switch|p2a: Ninetales|Ninetales-Alola, F|100/100
|-weather|Snowscape|[from] ability: Snow Warning|[of] p2a: Ninetales
|turn|4
|
|t:|1760763710
|switch|p1a: Iron Crown|Iron Crown|65/100
|move|p2a: Ninetales|Aurora Veil|p2a: Ninetales
|-sidestart|p2: Thai ladyboi|move: Aurora Veil
|
|-weather|Snowscape|[upkeep]
|upkeep
|turn|5
|
|t:|1760763722
|move|p2a: Ninetales|Moonblast|p1a: Iron Crown
|-resisted|p1a: Iron Crown
|-damage|p1a: Iron Crown|56/100
|move|p1a: Iron Crown|Volt Switch|p2a: Ninetales
|-damage|p2a: Ninetales|88/100
|
|t:|1760763734
|-end|p1a: Iron Crown|Quark Drive|[silent]
|switch|p1a: Samurott|Samurott-Hisui, F|100/100|[from] Volt Switch
|
|-weather|Snowscape|[upkeep]
|upkeep
|turn|6
|
|t:|1760763740
|switch|p2a: Weezing|Weezing-Galar, M, tera:Flying|62/100
|-ability|p2a: Weezing|Neutralizing Gas
|move|p1a: Samurott|Knock Off|p2a: Weezing
|-damage|p2a: Weezing|48/100
|-damage|p1a: Samurott|84/100|[from] item: Rocky Helmet|[of] p2a: Weezing
|-enditem|p2a: Weezing|Rocky Helmet|[from] move: Knock Off|[of] p1a: Samurott
|
|-weather|Snowscape|[upkeep]
|upkeep
|turn|7
|
|t:|1760763751
|move|p1a: Samurott|Ceaseless Edge|p2a: Weezing
|-damage|p2a: Weezing|38/100
|-sidestart|p2: Thai ladyboi|Spikes
|move|p2a: Weezing|Will-O-Wisp|p1a: Samurott
|-status|p1a: Samurott|brn
|
|-weather|Snowscape|[upkeep]
|-damage|p1a: Samurott|78/100 brn|[from] brn
|upkeep
|turn|8
|
|t:|1760763765
|move|p1a: Samurott|Ceaseless Edge|p2a: Weezing
|-damage|p2a: Weezing|33/100
|-sidestart|p2: Thai ladyboi|Spikes
|move|p2a: Weezing|Defog|p1a: Samurott
|-unboost|p1a: Samurott|evasion|1
|-sideend|p2: Thai ladyboi|Spikes|[from] move: Defog|[of] p2a: Weezing
|
|-weather|none
|-damage|p1a: Samurott|72/100 brn|[from] brn
|upkeep
|turn|9
|
|t:|1760763775
|move|p1a: Samurott|Razor Shell|p2a: Weezing
|-damage|p2a: Weezing|28/100
|move|p2a: Weezing|Strange Steam|p1a: Samurott
|-supereffective|p1a: Samurott
|-damage|p1a: Samurott|0 fnt
|faint|p1a: Samurott
|
|upkeep
|
|t:|1760763779
|switch|p1a: Iron Crown|Iron Crown|56/100
|turn|10
|
|t:|1760763786
|move|p1a: Iron Crown|Tachyon Cutter|p2a: Weezing
|-damage|p2a: Weezing|9/100
|-damage|p2a: Weezing|0 fnt
|faint|p2a: Weezing
|-end|p2a: Weezing|ability: Neutralizing Gas
|-hitcount|p2: Weezing|2
|
|upkeep
|
|t:|1760763793
|switch|p2a: Gliscor|Gliscor, F|100/100
|turn|11
|
|t:|1760763809
|-end|p1a: Iron Crown|Quark Drive|[silent]
|switch|p1a: Spectagaled|Kyurem, shiny|100/100
|-ability|p1a: Spectagaled|Pressure
|move|p2a: Gliscor|Agility|p2a: Gliscor
|-boost|p2a: Gliscor|spe|2
|
|-sideend|p2: Thai ladyboi|move: Aurora Veil
|-status|p2a: Gliscor|tox|[from] item: Toxic Orb
|upkeep
|turn|12
|
|t:|1760763823
|move|p2a: Gliscor|Facade|p1a: Spectagaled
|-crit|p1a: Spectagaled
|-damage|p1a: Spectagaled|47/100
|move|p1a: Spectagaled|Icicle Spear|p2a: Gliscor
|-supereffective|p2a: Gliscor
|-damage|p2a: Gliscor|56/100 tox
|-supereffective|p2a: Gliscor
|-damage|p2a: Gliscor|12/100 tox
|-supereffective|p2a: Gliscor
|-damage|p2a: Gliscor|0 fnt
|faint|p2a: Gliscor
|-hitcount|p2: Gliscor|3
|
|upkeep
|
|t:|1760763838
|switch|p2a: Ninetales|Ninetales-Alola, F|88/100
|-weather|Snowscape|[from] ability: Snow Warning|[of] p2a: Ninetales
|turn|13
|
|t:|1760763847
|switch|p1a: Iron Crown|Iron Crown|56/100
|move|p2a: Ninetales|Moonblast|p1a: Iron Crown
|-resisted|p1a: Iron Crown
|-damage|p1a: Iron Crown|47/100
|
|-weather|Snowscape|[upkeep]
|upkeep
|turn|14
|
|t:|1760763856
|move|p2a: Ninetales|Aurora Veil|p2a: Ninetales
|-sidestart|p2: Thai ladyboi|move: Aurora Veil
|move|p1a: Iron Crown|Tachyon Cutter|p2a: Ninetales
|-supereffective|p2a: Ninetales
|-damage|p2a: Ninetales|43/100
|-supereffective|p2a: Ninetales
|-damage|p2a: Ninetales|0 fnt
|faint|p2a: Ninetales
|-hitcount|p2: Ninetales|2
|
|-weather|Snowscape|[upkeep]
|upkeep
|
|t:|1760763866
|switch|p2a: Ceruledge|Ceruledge, F|100/100
|turn|15
|
|t:|1760763871
|move|p1a: Iron Crown|Volt Switch|p2a: Ceruledge
|-damage|p2a: Ceruledge|92/100
|
|t:|1760763875
|-end|p1a: Iron Crown|Quark Drive|[silent]
|switch|p1a: Landorus|Landorus-Therian, M|100/100|[from] Volt Switch
|-ability|p1a: Landorus|Intimidate|boost
|-unboost|p2a: Ceruledge|atk|1
|move|p2a: Ceruledge|Bulk Up|p2a: Ceruledge
|-boost|p2a: Ceruledge|atk|1
|-boost|p2a: Ceruledge|def|1
|
|-weather|Snowscape|[upkeep]
|upkeep
|turn|16
|
|t:|1760763885
|move|p1a: Landorus|Earthquake|p2a: Ceruledge
|-supereffective|p2a: Ceruledge
|-damage|p2a: Ceruledge|48/100
|move|p2a: Ceruledge|Bulk Up|p2a: Ceruledge
|-boost|p2a: Ceruledge|atk|1
|-boost|p2a: Ceruledge|def|1
|
|-weather|Snowscape|[upkeep]
|upkeep
|turn|17
|
|t:|1760763896
|move|p1a: Landorus|Earthquake|p2a: Ceruledge
|-supereffective|p2a: Ceruledge
|-damage|p2a: Ceruledge|15/100
|move|p2a: Ceruledge|Bitter Blade|p1a: Landorus
|-damage|p1a: Landorus|36/100
|-heal|p2a: Ceruledge|44/100|[from] drain|[of] p1a: Landorus
|-damage|p2a: Ceruledge|28/100|[from] item: Rocky Helmet|[of] p1a: Landorus
|
|-weather|none
|upkeep
|turn|18
|
|t:|1760763912
|-terastallize|p1a: Landorus|Water
|move|p1a: Landorus|Earthquake|p2a: Ceruledge
|-supereffective|p2a: Ceruledge
|-damage|p2a: Ceruledge|0 fnt
|faint|p2a: Ceruledge
|
|upkeep
|-message|Thai ladyboi forfeited.
|
|win|Kretensky
|raw|Kretensky's rating: 1287 &rarr; <strong>1313</strong><br />(+26 for winning)
|raw|Thai ladyboi's rating: 1303 &rarr; <strong>1282</strong><br />(-21 for losing)
|l|☆Thai ladyboi
|player|p2|
