|j|☆Exenaphiel
|j|☆pepinoloko
|t:|1760810934
|gametype|singles
|player|p1|Exenaphiel|steven|1591
|player|p2|pepinoloko|palmer|1548
|gen|9
|tier|[Gen 9] OU
|rated|
|rule|HP Percentage Mod: HP is shown in percentages
|rule|Endless Battle Clause: Forcing endless battles is banned
|rule|Species Clause: Limit one of each Pokémon
|rule|OHKO Clause: OHKO moves are banned
|rule|Evasion Items Clause: Evasion items are banned
|rule|Evasion Moves Clause: Evasion moves are banned
|rule|Evasion Abilities Clause: Evasion abilities are banned
|rule|Sleep Moves Clause: Sleep-inducing moves are banned
|clearpoke
|poke|p1|Scizor, F|
|poke|p1|Kyurem|
|poke|p1|Suicune|
|poke|p1|Iron Treads|
|poke|p1|Zapdos|
|poke|p1|Rillaboom, F|
|poke|p2|Cinderace, F|
|poke|p2|Landorus-Therian, M|
|poke|p2|Conkeldurr, M|
|poke|p2|Tyranitar, M|
|poke|p2|Corviknight, M|
|poke|p2|Hatterene, F|
|teampreview
|inactive|Battle timer is ON: inactive players will automatically lose when time's up. (requested by Exenaphiel)
|j| Manuelitos13
|
|t:|1760810953
|teamsize|p1|6
|teamsize|p2|6
|start
|switch|p1a: Kyurem|Kyurem|100/100
|switch|p2a: God is always good|Landorus-Therian, M|100/100
|-ability|p2a: God is always good|Intimidate|boost
|-unboost|p1a: Kyurem|atk|1
|-ability|p1a: Kyurem|Pressure
|turn|1
|
|t:|1760810956
|move|p2a: God is always good|U-turn|p1a: Kyurem
|-damage|p1a: Kyurem|79/100
|c| Manuelitos13|hello
|
|t:|1760810959
|switch|p2a: SteinBahn|Tyranitar, M, shiny|100/100|[from] U-turn
|-weather|Sandstorm|[from] ability: Sand Stream|[of] p2a: SteinBahn
|move|p1a: Kyurem|Freeze-Dry|p2a: SteinBahn
|-damage|p2a: SteinBahn|91/100
|-status|p2a: SteinBahn|frz
|
|-weather|Sandstorm|[upkeep]
|-damage|p1a: Kyurem|73/100|[from] Sandstorm
|-heal|p1a: Kyurem|79/100|[from] item: Leftovers
|upkeep
|turn|2
|
|t:|1760810962
|move|p1a: Kyurem|Substitute|p1a: Kyurem
|-start|p1a: Kyurem|Substitute
|-damage|p1a: Kyurem|54/100
|-curestatus|p2a: SteinBahn|frz|[msg]
|move|p2a: SteinBahn|Knock Off|p1a: Kyurem
|-end|p1a: Kyurem|Substitute
|
|-weather|Sandstorm|[upkeep]
|-damage|p1a: Kyurem|48/100|[from] Sandstorm
|-heal|p1a: Kyurem|54/100|[from] item: Leftovers
|upkeep
|turn|3
|
|t:|1760810965
|move|p1a: Kyurem|Protect|p1a: Kyurem
|-singleturn|p1a: Kyurem|Protect
|move|p2a: SteinBahn|Knock Off|p1a: Kyurem
|-activate|p1a: Kyurem|move: Protect
|
|-weather|Sandstorm|[upkeep]
|-damage|p1a: Kyurem|48/100|[from] Sandstorm
|-heal|p1a: Kyurem|54/100|[from] item: Leftovers
|upkeep
|turn|4
|
|t:|1760810969
|switch|p1a: Zapdos|Zapdos|100/100
|move|p2a: SteinBahn|Knock Off|p1a: Zapdos
|-damage|p1a: Zapdos|53/100
|-enditem|p1a: Zapdos|Heavy-Duty Boots|[from] move: Knock Off|[of] p2a: SteinBahn
|
|-weather|Sandstorm|[upkeep]
|-damage|p1a: Zapdos|47/100|[from] Sandstorm
|upkeep
|turn|5
|c|☆Exenaphiel|Hi
|
|t:|1760810980
|move|p1a: Zapdos|U-turn|p2a: SteinBahn
|-supereffective|p2a: SteinBahn
|-damage|p2a: SteinBahn|72/100
|
|t:|1760810989
|switch|p1a: Iron Treads|Iron Treads|100/100|[from] U-turn
|move|p2a: SteinBahn|Ice Punch|p1a: Iron Treads
|-damage|p1a: Iron Treads|81/100
|
|-weather|none
|upkeep
|turn|6
|
|t:|1760810994
|move|p1a: Iron Treads|Stealth Rock|p2a: SteinBahn
|-sidestart|p2: pepinoloko|move: Stealth Rock
|move|p2a: SteinBahn|Earthquake|p1a: Iron Treads
|-supereffective|p1a: Iron Treads
|-damage|p1a: Iron Treads|25/100
|
|upkeep
|turn|7
|c| Manuelitos13|is this sv ou?
|
|t:|1760810997
|switch|p2a: I AM PRESSURE|Corviknight, M|100/100
|-damage|p2a: I AM PRESSURE|88/100|[from] Stealth Rock
|-ability|p2a: I AM PRESSURE|Pressure
|move|p1a: Iron Treads|Earthquake|p2a: I AM PRESSURE
|-immune|p2a: I AM PRESSURE
|
|upkeep
|turn|8
|c| Manuelitos13|i'm new
|
|t:|1760810999
|move|p1a: Iron Treads|Knock Off|p2a: I AM PRESSURE
|-damage|p2a: I AM PRESSURE|72/100
|-damage|p1a: Iron Treads|9/100|[from] item: Rocky Helmet|[of] p2a: I AM PRESSURE
|-enditem|p2a: I AM PRESSURE|Rocky Helmet|[from] move: Knock Off|[of] p1a: Iron Treads
|move|p2a: I AM PRESSURE|U-turn|p1a: Iron Treads
|-resisted|p1a: Iron Treads
|-damage|p1a: Iron Treads|3/100
|
|t:|1760811004
|switch|p2a: I U-turn on U|Cinderace, F|100/100|[from] U-turn
|
|upkeep
|turn|9
|
|t:|1760811008
|move|p2a: I U-turn on U|Pyro Ball|p1a: Iron Treads
|-supereffective|p1a: Iron Treads
|-damage|p1a: Iron Treads|0 fnt
|faint|p1a: Iron Treads
|-end|p1a: Iron Treads|Quark Drive|[silent]
|
|upkeep
|
|t:|1760811013
|switch|p1a: Suicune|Suicune|100/100
|-ability|p1a: Suicune|Pressure
|turn|10
|
|t:|1760811016
|move|p2a: I U-turn on U|Court Change|p2a: I U-turn on U
|-start|p2a: I U-turn on U|typechange|Normal|[from] ability: Libero
|-swapsideconditions
|-activate|p2a: I U-turn on U|move: Court Change
|move|p1a: Suicune|Calm Mind|p1a: Suicune
|-boost|p1a: Suicune|spa|1
|-boost|p1a: Suicune|spd|1
|
|upkeep
|turn|11
|
|t:|1760811018
|move|p2a: I U-turn on U|U-turn|p1a: Suicune
|-damage|p1a: Suicune|87/100
|
|t:|1760811022
|switch|p2a: Steinbrecher|Conkeldurr, M, shiny|100/100|[from] U-turn
|move|p1a: Suicune|Calm Mind|p1a: Suicune
|-boost|p1a: Suicune|spa|1
|-boost|p1a: Suicune|spd|1
|
|-heal|p1a: Suicune|94/100|[from] item: Leftovers
|-status|p2a: Steinbrecher|brn|[from] item: Flame Orb
|upkeep
|turn|12
|
|t:|1760811028
|move|p1a: Suicune|Scald|p2a: Steinbrecher
|-damage|p2a: Steinbrecher|32/100 brn
|move|p2a: Steinbrecher|Knock Off|p1a: Suicune
|-damage|p1a: Suicune|61/100
|-enditem|p1a: Suicune|Leftovers|[from] move: Knock Off|[of] p2a: Steinbrecher
|
|-damage|p2a: Steinbrecher|26/100 brn|[from] brn
|upkeep
|turn|13
|
|t:|1760811033
|move|p1a: Suicune|Scald|p2a: Steinbrecher
|-damage|p2a: Steinbrecher|0 fnt
|faint|p2a: Steinbrecher
|
|upkeep
|
|t:|1760811039
|switch|p2a: Return to him|Hatterene, F, shiny|100/100
|turn|14
|
|t:|1760811043
|move|p1a: Suicune|Scald|p2a: Return to him
|-damage|p2a: Return to him|70/100
|move|p2a: Return to him|Nuzzle|p1a: Suicune
|-supereffective|p1a: Suicune
|-damage|p1a: Suicune|55/100
|-status|p1a: Suicune|par
|
|upkeep
|turn|15
|
|t:|1760811048
|move|p1a: Suicune|Rest|p1a: Suicune
|-status|p1a: Suicune|slp|[from] move: Rest
|-heal|p1a: Suicune|100/100 slp|[silent]
|move|p2a: Return to him|Psyshock|p1a: Suicune
|-damage|p1a: Suicune|79/100 slp
|
|upkeep
|turn|16
|
|t:|1760811051
|cant|p1a: Suicune|slp
|move|p1a: Suicune|Sleep Talk|p1a: Suicune
|move|p1a: Suicune|Rest||[from] move: Sleep Talk|[still]
|-fail|p1a: Suicune
|move|p2a: Return to him|Psyshock|p1a: Suicune
|-damage|p1a: Suicune|54/100 slp
|
|upkeep
|turn|17
|
|t:|1760811053
|cant|p1a: Suicune|slp
|move|p1a: Suicune|Sleep Talk|p1a: Suicune
|move|p1a: Suicune|Calm Mind|p1a: Suicune|[from] move: Sleep Talk
|-boost|p1a: Suicune|spa|1
|-boost|p1a: Suicune|spd|1
|move|p2a: Return to him|Future Sight|p1a: Suicune
|-start|p2a: Return to him|move: Future Sight
|
|upkeep
|turn|18
|
|t:|1760811055
|-curestatus|p1a: Suicune|slp|[msg]
|move|p1a: Suicune|Rest|p1a: Suicune
|-status|p1a: Suicune|slp|[from] move: Rest
|-heal|p1a: Suicune|100/100 slp|[silent]
|move|p2a: Return to him|Psyshock|p1a: Suicune
|-damage|p1a: Suicune|79/100 slp
|
|upkeep
|turn|19
|
|t:|1760811066
|switch|p2a: God is always good|Landorus-Therian, M|100/100
|-ability|p2a: God is always good|Intimidate|boost
|-unboost|p1a: Suicune|atk|1
|cant|p1a: Suicune|slp
|move|p1a: Suicune|Sleep Talk|p1a: Suicune
|move|p1a: Suicune|Rest||[from] move: Sleep Talk|[still]
|-fail|p1a: Suicune
|
|-end|p1a: Suicune|move: Future Sight
|-damage|p1a: Suicune|61/100 slp
|upkeep
|turn|20
|
|t:|1760811070
|move|p2a: God is always good|Earthquake|p1a: Suicune
|-damage|p1a: Suicune|27/100 slp
|cant|p1a: Suicune|slp
|move|p1a: Suicune|Sleep Talk|p1a: Suicune
|move|p1a: Suicune|Calm Mind|p1a: Suicune|[from] move: Sleep Talk
|-boost|p1a: Suicune|spa|1
|-boost|p1a: Suicune|spd|1
|
|upkeep
|turn|21
|
|t:|1760811074
|switch|p1a: Zapdos|Zapdos|47/100
|-damage|p1a: Zapdos|22/100|[from] Stealth Rock
|move|p2a: God is always good|Earthquake|p1a: Zapdos
|-immune|p1a: Zapdos
|
|upkeep
|turn|22
|l| Manuelitos13
|
|t:|1760811079
|switch|p2a: SteinBahn|Tyranitar, M, shiny|72/100
|-weather|Sandstorm|[from] ability: Sand Stream|[of] p2a: SteinBahn
|move|p1a: Zapdos|U-turn|p2a: SteinBahn
|-supereffective|p2a: SteinBahn
|-damage|p2a: SteinBahn|52/100
|
|t:|1760811086
|switch|p1a: Suicune|Suicune|27/100 slp|[from] U-turn
|-damage|p1a: Suicune|14/100 slp|[from] Stealth Rock
|-ability|p1a: Suicune|Pressure
|
|-weather|Sandstorm|[upkeep]
|-damage|p1a: Suicune|8/100 slp|[from] Sandstorm
|upkeep
|turn|23
|
|t:|1760811089
|-curestatus|p1a: Suicune|slp|[msg]
|move|p1a: Suicune|Rest|p1a: Suicune
|-status|p1a: Suicune|slp|[from] move: Rest
|-heal|p1a: Suicune|100/100 slp|[silent]
|move|p2a: SteinBahn|Earthquake|p1a: Suicune
|-damage|p1a: Suicune|78/100 slp
|
|-weather|Sandstorm|[upkeep]
|-damage|p1a: Suicune|72/100 slp|[from] Sandstorm
|upkeep
|turn|24
|
|t:|1760811092
|cant|p1a: Suicune|slp
|move|p1a: Suicune|Sleep Talk|p1a: Suicune
|move|p1a: Suicune|Calm Mind|p1a: Suicune|[from] move: Sleep Talk
|-boost|p1a: Suicune|spa|1
|-boost|p1a: Suicune|spd|1
|move|p2a: SteinBahn|Earthquake|p1a: Suicune
|-damage|p1a: Suicune|53/100 slp
|
|-weather|Sandstorm|[upkeep]
|-damage|p1a: Suicune|47/100 slp|[from] Sandstorm
|upkeep
|turn|25
|
|t:|1760811094
|cant|p1a: Suicune|slp
|move|p1a: Suicune|Sleep Talk|p1a: Suicune
|move|p1a: Suicune|Scald|p2a: SteinBahn|[from] move: Sleep Talk
|-supereffective|p2a: SteinBahn
|-damage|p2a: SteinBahn|26/100
|move|p2a: SteinBahn|Earthquake|p1a: Suicune
|-damage|p1a: Suicune|28/100 slp
|
|-weather|Sandstorm|[upkeep]
|-damage|p1a: Suicune|22/100 slp|[from] Sandstorm
|upkeep
|turn|26
|
|t:|1760811097
|-curestatus|p1a: Suicune|slp|[msg]
|move|p1a: Suicune|Rest|p1a: Suicune
|-status|p1a: Suicune|slp|[from] move: Rest
|-heal|p1a: Suicune|100/100 slp|[silent]
|move|p2a: SteinBahn|Earthquake|p1a: Suicune
|-damage|p1a: Suicune|80/100 slp
|
|-weather|none
|upkeep
|turn|27
|
|t:|1760811100
|switch|p2a: God is always good|Landorus-Therian, M|100/100
|-ability|p2a: God is always good|Intimidate|boost
|-unboost|p1a: Suicune|atk|1
|cant|p1a: Suicune|slp
|move|p1a: Suicune|Sleep Talk|p1a: Suicune
|move|p1a: Suicune|Rest||[from] move: Sleep Talk|[still]
|-fail|p1a: Suicune
|
|upkeep
|turn|28
|
|t:|1760811103
|move|p2a: God is always good|Earthquake|p1a: Suicune
|-damage|p1a: Suicune|48/100 slp
|cant|p1a: Suicune|slp
|move|p1a: Suicune|Sleep Talk|p1a: Suicune
|move|p1a: Suicune|Scald|p2a: God is always good|[from] move: Sleep Talk
|-supereffective|p2a: God is always good
|-damage|p2a: God is always good|1/100
|
|upkeep
|turn|29
|
|t:|1760811110
|move|p2a: God is always good|Earthquake|p1a: Suicune
|-damage|p1a: Suicune|16/100 slp
|-curestatus|p1a: Suicune|slp|[msg]
|move|p1a: Suicune|Rest|p1a: Suicune
|-status|p1a: Suicune|slp|[from] move: Rest
|-heal|p1a: Suicune|100/100 slp|[silent]
|
|upkeep
|turn|30
|
|t:|1760811112
|move|p2a: God is always good|Earthquake|p1a: Suicune
|-damage|p1a: Suicune|69/100 slp
|cant|p1a: Suicune|slp
|move|p1a: Suicune|Sleep Talk|p1a: Suicune
|move|p1a: Suicune|Calm Mind|p1a: Suicune|[from] move: Sleep Talk
|-boost|p1a: Suicune|spa|1
|-boost|p1a: Suicune|spd|1
|
|upkeep
|turn|31
|
|t:|1760811115
|move|p2a: God is always good|Earthquake|p1a: Suicune
|-damage|p1a: Suicune|35/100 slp
|cant|p1a: Suicune|slp
|move|p1a: Suicune|Sleep Talk|p1a: Suicune
|move|p1a: Suicune|Scald|p2a: God is always good|[from] move: Sleep Talk
|-supereffective|p2a: God is always good
|-damage|p2a: God is always good|0 fnt
|faint|p2a: God is always good
|
|upkeep
|
|t:|1760811119
|switch|p2a: I U-turn on U|Cinderace, F|100/100
|turn|32
|
|t:|1760811122
|-terastallize|p2a: I U-turn on U|Fire
|move|p2a: I U-turn on U|Pyro Ball|p1a: Suicune
|-resisted|p1a: Suicune
|-crit|p1a: Suicune
|-damage|p1a: Suicune|3/100 slp
|-curestatus|p1a: Suicune|slp|[msg]
|move|p1a: Suicune|Scald|p2a: I U-turn on U
|-supereffective|p2a: I U-turn on U
|-damage|p2a: I U-turn on U|0 fnt
|faint|p2a: I U-turn on U
|
|upkeep
|
|t:|1760811126
|switch|p2a: SteinBahn|Tyranitar, M, shiny|26/100
|-weather|Sandstorm|[from] ability: Sand Stream|[of] p2a: SteinBahn
|turn|33
|
|t:|1760811129
|switch|p2a: Return to him|Hatterene, F, shiny|70/100
|move|p1a: Suicune|Rest|p1a: Suicune
|-status|p1a: Suicune|slp|[from] move: Rest
|-heal|p1a: Suicune|100/100 slp|[silent]
|
|-weather|Sandstorm|[upkeep]
|-damage|p1a: Suicune|94/100 slp|[from] Sandstorm
|-damage|p2a: Return to him|64/100|[from] Sandstorm
|upkeep
|turn|34
|
|t:|1760811132
|cant|p1a: Suicune|slp
|move|p1a: Suicune|Sleep Talk|p1a: Suicune
|move|p1a: Suicune|Rest||[from] move: Sleep Talk|[still]
|-fail|p1a: Suicune
|move|p2a: Return to him|Future Sight|p1a: Suicune
|-start|p2a: Return to him|move: Future Sight
|
|-weather|Sandstorm|[upkeep]
|-damage|p1a: Suicune|88/100 slp|[from] Sandstorm
|-damage|p2a: Return to him|58/100|[from] Sandstorm
|upkeep
|turn|35
|
|t:|1760811134
|cant|p1a: Suicune|slp
|move|p1a: Suicune|Sleep Talk|p1a: Suicune
|move|p1a: Suicune|Scald|p2a: Return to him|[from] move: Sleep Talk
|-damage|p2a: Return to him|29/100
|-status|p2a: Return to him|brn
|move|p2a: Return to him|Psyshock|p1a: Suicune
|-damage|p1a: Suicune|64/100 slp
|
|-weather|Sandstorm|[upkeep]
|-damage|p1a: Suicune|57/100 slp|[from] Sandstorm
|-damage|p2a: Return to him|23/100 brn|[from] Sandstorm
|-damage|p2a: Return to him|17/100 brn|[from] brn
|upkeep
|turn|36
|
|t:|1760811139
|-curestatus|p1a: Suicune|slp|[msg]
|move|p1a: Suicune|Scald|p2a: Return to him
|-damage|p2a: Return to him|0 fnt
|faint|p2a: Return to him
|
|-weather|Sandstorm|[upkeep]
|-damage|p1a: Suicune|51/100|[from] Sandstorm
|-end|p1a: Suicune|move: Future Sight
|-damage|p1a: Suicune|29/100
|upkeep
|-message|pepinoloko forfeited.
|
|win|Exenaphiel
|raw|Exenaphiel's rating: 1591 &rarr; <strong>1609</strong><br />(+18 for winning)
|raw|pepinoloko's rating: 1548 &rarr; <strong>1530</strong><br />(-18 for losing)
|l|☆pepinoloko
|player|p2|
|l|☆Exenaphiel
|player|p1|
