|j|☆Seven711Eleven
|j|☆xudoman
|t:|1760834927
|gametype|singles
|player|p1|Seven711Eleven|artist-gen4|1100
|player|p2|xudoman|harlequin|1123
|gen|9
|tier|[Gen 9] OU
|rated|
|rule|HP Percentage Mod: HP is shown in percentages
|rule|Endless Battle Clause: Forcing endless battles is banned
|rule|Species Clause: Limit one of each Pokémon
|rule|OHKO Clause: OHKO moves are banned
|rule|Evasion Items Clause: Evasion items are banned
|rule|Evasion Moves Clause: Evasion moves are banned
|rule|Evasion Abilities Clause: Evasion abilities are banned
|rule|Sleep Moves Clause: Sleep-inducing moves are banned
|clearpoke
|poke|p1|Dragonite, M|
|poke|p1|Entei|
|poke|p1|Alomomola, F|
|poke|p1|Tentacruel, M|
|poke|p1|Zapdos|
|poke|p1|Corviknight, M|
|poke|p2|Gholdengo|
|poke|p2|Galvantula, F|
|poke|p2|Tatsugiri-Stretchy, F|
|poke|p2|Moltres|
|poke|p2|Iron Hands|
|poke|p2|Dudunsparce-*, F|
|teampreview
|
|t:|1760834948
|teamsize|p1|6
|teamsize|p2|6
|start
|switch|p1a: Entei|Entei|100/100
|switch|p2a: Moltres|Moltres|100/100
|turn|1
|
|t:|1760834955
|move|p1a: Entei|Stone Edge|p2a: Moltres|[miss]
|-miss|p1a: Entei|p2a: Moltres
|move|p2a: Moltres|Hurricane|p1a: Entei
|-damage|p1a: Entei|36/100
|
|upkeep
|turn|2
|
|t:|1760834970
|switch|p2a: Dudunsparce|Dudunsparce, F|100/100
|move|p1a: Entei|Stone Edge|p2a: Dudunsparce|[miss]
|-miss|p1a: Entei|p2a: Dudunsparce
|
|upkeep
|turn|3
|
|t:|1760834980
|switch|p1a: Alomomola|Alomomola, F|100/100
|move|p2a: Dudunsparce|Body Slam|p1a: Alomomola
|-damage|p1a: Alomomola|84/100
|-status|p1a: Alomomola|par
|-damage|p2a: Dudunsparce|84/100|[from] item: Rocky Helmet|[of] p1a: Alomomola
|
|-heal|p2a: Dudunsparce|90/100|[from] item: Leftovers
|upkeep
|turn|4
|
|t:|1760834991
|move|p2a: Dudunsparce|Coil|p2a: Dudunsparce
|-boost|p2a: Dudunsparce|atk|1
|-boost|p2a: Dudunsparce|def|1
|-boost|p2a: Dudunsparce|accuracy|1
|move|p1a: Alomomola|Scald|p2a: Dudunsparce
|-damage|p2a: Dudunsparce|82/100
|
|-heal|p2a: Dudunsparce|88/100|[from] item: Leftovers
|upkeep
|turn|5
|
|t:|1760835000
|move|p1a: Alomomola|Scald|p2a: Dudunsparce
|-damage|p2a: Dudunsparce|79/100
|move|p2a: Dudunsparce|Dragon Tail|p1a: Alomomola
|-damage|p1a: Alomomola|72/100 par
|-damage|p2a: Dudunsparce|63/100|[from] item: Rocky Helmet|[of] p1a: Alomomola
|drag|p1a: Tentacruel|Tentacruel, M|100/100
|
|-heal|p2a: Dudunsparce|69/100|[from] item: Leftovers
|upkeep
|turn|6
|
|t:|1760835012
|move|p1a: Tentacruel|Knock Off|p2a: Dudunsparce
|-damage|p2a: Dudunsparce|55/100
|-enditem|p2a: Dudunsparce|Leftovers|[from] move: Knock Off|[of] p1a: Tentacruel
|move|p2a: Dudunsparce|Body Slam|p1a: Tentacruel
|-crit|p1a: Tentacruel
|-damage|p1a: Tentacruel|0 fnt
|faint|p1a: Tentacruel
|
|upkeep
|
|t:|1760835021
|switch|p1a: Alomomola|Alomomola, F|100/100 par
|turn|7
|
|t:|1760835026
|move|p1a: Alomomola|Scald|p2a: Dudunsparce
|-crit|p2a: Dudunsparce
|-damage|p2a: Dudunsparce|43/100
|-status|p2a: Dudunsparce|brn
|move|p2a: Dudunsparce|Dragon Tail|p1a: Alomomola
|-damage|p1a: Alomomola|95/100 par
|-damage|p2a: Dudunsparce|26/100 brn|[from] item: Rocky Helmet|[of] p1a: Alomomola
|drag|p1a: Corviknight|Corviknight, M|100/100
|
|-damage|p2a: Dudunsparce|20/100 brn|[from] brn
|upkeep
|turn|8
|
|t:|1760835039
|move|p1a: Corviknight|U-turn|p2a: Dudunsparce
|-damage|p2a: Dudunsparce|12/100 brn
|
|t:|1760835043
|switch|p1a: Alomomola|Alomomola, F|100/100 par|[from] U-turn
|move|p2a: Dudunsparce|Roost|p2a: Dudunsparce
|-heal|p2a: Dudunsparce|62/100 brn
|-singleturn|p2a: Dudunsparce|move: Roost
|
|-damage|p2a: Dudunsparce|56/100 brn|[from] brn
|upkeep
|turn|9
|
|t:|1760835052
|move|p2a: Dudunsparce|Coil|p2a: Dudunsparce
|-boost|p2a: Dudunsparce|atk|1
|-boost|p2a: Dudunsparce|def|1
|-boost|p2a: Dudunsparce|accuracy|1
|move|p1a: Alomomola|Scald|p2a: Dudunsparce
|-damage|p2a: Dudunsparce|47/100 brn
|
|-damage|p2a: Dudunsparce|41/100 brn|[from] brn
|upkeep
|turn|10
|
|t:|1760835063
|move|p2a: Dudunsparce|Roost|p2a: Dudunsparce
|-heal|p2a: Dudunsparce|91/100 brn
|-singleturn|p2a: Dudunsparce|move: Roost
|cant|p1a: Alomomola|par
|
|-damage|p2a: Dudunsparce|84/100 brn|[from] brn
|upkeep
|turn|11
|
|t:|1760835071
|move|p1a: Alomomola|Scald|p2a: Dudunsparce
|-damage|p2a: Dudunsparce|76/100 brn
|move|p2a: Dudunsparce|Dragon Tail|p1a: Alomomola
|-damage|p1a: Alomomola|93/100 par
|-damage|p2a: Dudunsparce|59/100 brn|[from] item: Rocky Helmet|[of] p1a: Alomomola
|drag|p1a: Zapdos|Zapdos, shiny|100/100
|
|-damage|p2a: Dudunsparce|53/100 brn|[from] brn
|upkeep
|turn|12
|
|t:|1760835082
|move|p1a: Zapdos|Volt Switch|p2a: Dudunsparce
|-damage|p2a: Dudunsparce|26/100 brn
|
|t:|1760835089
|switch|p1a: Corviknight|Corviknight, M|100/100|[from] Volt Switch
|move|p2a: Dudunsparce|Dragon Tail|p1a: Corviknight
|-resisted|p1a: Corviknight
|-damage|p1a: Corviknight|96/100
|-damage|p2a: Dudunsparce|10/100 brn|[from] item: Rocky Helmet|[of] p1a: Corviknight
|drag|p1a: Entei|Entei|36/100
|
|-damage|p2a: Dudunsparce|4/100 brn|[from] brn
|upkeep
|turn|13
|
|t:|1760835102
|move|p1a: Entei|Extreme Speed|p2a: Dudunsparce
|-damage|p2a: Dudunsparce|0 fnt
|faint|p2a: Dudunsparce
|-damage|p1a: Entei|26/100|[from] item: Life Orb
|
|upkeep
|
|t:|1760835112
|switch|p2a: Galvantula|Galvantula, F|100/100
|turn|14
|
|t:|1760835117
|move|p2a: Galvantula|Sticky Web|p1a: Entei
|-sidestart|p1: Seven711Eleven|move: Sticky Web
|move|p1a: Entei|Sacred Fire|p2a: Galvantula
|-supereffective|p2a: Galvantula
|-enditem|p2a: Galvantula|Focus Sash
|-damage|p2a: Galvantula|1/100
|-status|p2a: Galvantula|brn
|-damage|p1a: Entei|16/100|[from] item: Life Orb
|
|-damage|p2a: Galvantula|0 fnt|[from] brn
|faint|p2a: Galvantula
|upkeep
|
|t:|1760835131
|switch|p2a: Tatsugiri|Tatsugiri-Stretchy, F|100/100
|turn|15
|
|t:|1760835139
|move|p1a: Entei|Extreme Speed|p2a: Tatsugiri
|-damage|p2a: Tatsugiri|27/100
|-damage|p1a: Entei|6/100|[from] item: Life Orb
|move|p2a: Tatsugiri|Nasty Plot|p2a: Tatsugiri
|-boost|p2a: Tatsugiri|spa|2
|
|upkeep
|turn|16
|
|t:|1760835148
|move|p1a: Entei|Extreme Speed|p2a: Tatsugiri
|-damage|p2a: Tatsugiri|0 fnt
|faint|p2a: Tatsugiri
|-damage|p1a: Entei|0 fnt|[from] item: Life Orb
|faint|p1a: Entei
|
|upkeep
|
|t:|1760835166
|switch|p2a: Iron Hands|Iron Hands|100/100
|switch|p1a: Alomomola|Alomomola, F|100/100 par
|-activate|p1a: Alomomola|move: Sticky Web
|-unboost|p1a: Alomomola|spe|1
|-enditem|p2a: Iron Hands|Booster Energy
|-activate|p2a: Iron Hands|ability: Quark Drive|[fromitem]
|-start|p2a: Iron Hands|quarkdriveatk
|turn|17
|
|t:|1760835177
|move|p1a: Alomomola|Protect|p1a: Alomomola
|-singleturn|p1a: Alomomola|Protect
|move|p2a: Iron Hands|Swords Dance|p2a: Iron Hands
|-boost|p2a: Iron Hands|atk|2
|
|upkeep
|turn|18
|
|t:|1760835185
|move|p2a: Iron Hands|Thunder Punch|p1a: Alomomola
|-supereffective|p1a: Alomomola
|-damage|p1a: Alomomola|0 fnt
|-damage|p2a: Iron Hands|84/100|[from] item: Rocky Helmet|[of] p1a: Alomomola
|faint|p1a: Alomomola
|
|upkeep
|
|t:|1760835204
|switch|p1a: Corviknight|Corviknight, M|96/100
|turn|19
|
|t:|1760835209
|-terastallize|p1a: Corviknight|Fighting
|move|p1a: Corviknight|Body Press|p2a: Iron Hands
|-damage|p2a: Iron Hands|57/100
|move|p2a: Iron Hands|Thunder Punch|p1a: Corviknight
|-damage|p1a: Corviknight|26/100
|-damage|p2a: Iron Hands|40/100|[from] item: Rocky Helmet|[of] p1a: Corviknight
|
|upkeep
|turn|20
|
|t:|1760835218
|move|p1a: Corviknight|Body Press|p2a: Iron Hands
|-damage|p2a: Iron Hands|13/100
|move|p2a: Iron Hands|Drain Punch|p1a: Corviknight
|-damage|p1a: Corviknight|0 fnt
|-heal|p2a: Iron Hands|25/100|[from] drain|[of] p1a: Corviknight
|-damage|p2a: Iron Hands|8/100|[from] item: Rocky Helmet|[of] p1a: Corviknight
|faint|p1a: Corviknight
|
|upkeep
|
|t:|1760835229
|switch|p1a: Dragonite|Dragonite, M|100/100
|turn|21
|
|t:|1760835233
|move|p1a: Dragonite|Extreme Speed|p2a: Iron Hands
|-damage|p2a: Iron Hands|0 fnt
|faint|p2a: Iron Hands
|-end|p2a: Iron Hands|Quark Drive|[silent]
|
|upkeep
|
|t:|1760835242
|switch|p2a: Gholdengo|Gholdengo|100/100
|-item|p2a: Gholdengo|Air Balloon
|turn|22
|
|t:|1760835250
|move|p2a: Gholdengo|Nasty Plot|p2a: Gholdengo
|-boost|p2a: Gholdengo|spa|2
|move|p1a: Dragonite|Dragon Tail|p2a: Gholdengo
|-resisted|p2a: Gholdengo
|-damage|p2a: Gholdengo|83/100
|-enditem|p2a: Gholdengo|Air Balloon
|drag|p2a: Moltres|Moltres|100/100
|
|upkeep
|turn|23
|
|t:|1760835262
|move|p2a: Moltres|Will-O-Wisp|p1a: Dragonite
|-status|p1a: Dragonite|brn
|move|p1a: Dragonite|Dragon Dance|p1a: Dragonite
|-boost|p1a: Dragonite|atk|1
|-boost|p1a: Dragonite|spe|1
|
|-damage|p1a: Dragonite|94/100 brn|[from] brn
|upkeep
|turn|24
|
|t:|1760835273
|move|p1a: Dragonite|Dragon Dance|p1a: Dragonite
|-boost|p1a: Dragonite|atk|1
|-boost|p1a: Dragonite|spe|1
|move|p2a: Moltres|Hurricane|p1a: Dragonite
|-damage|p1a: Dragonite|25/100 brn
|-start|p1a: Dragonite|confusion
|
|-damage|p1a: Dragonite|19/100 brn|[from] brn
|upkeep
|turn|25
|
|t:|1760835285
|-activate|p1a: Dragonite|confusion
|move|p1a: Dragonite|Extreme Speed|p2a: Moltres
|-damage|p2a: Moltres|75/100
|move|p2a: Moltres|Hurricane|p1a: Dragonite
|-damage|p1a: Dragonite|0 fnt
|faint|p1a: Dragonite
|
|upkeep
|
|t:|1760835293
|switch|p1a: Zapdos|Zapdos, shiny|100/100
|turn|26
|
|t:|1760835299
|move|p1a: Zapdos|Volt Switch|p2a: Moltres
|-supereffective|p2a: Moltres
|-damage|p2a: Moltres|1/100
|move|p2a: Moltres|Will-O-Wisp|p1a: Zapdos
|-status|p1a: Zapdos|brn
|
|-damage|p1a: Zapdos|94/100 brn|[from] brn
|upkeep
|turn|27
|
|t:|1760835309
|move|p1a: Zapdos|Volt Switch|p2a: Moltres
|-supereffective|p2a: Moltres
|-damage|p2a: Moltres|0 fnt
|faint|p2a: Moltres
|
|-damage|p1a: Zapdos|88/100 brn|[from] brn
|upkeep
|
|t:|1760835312
|switch|p2a: Gholdengo|Gholdengo|83/100
|turn|28
|
|t:|1760835321
|move|p1a: Zapdos|Volt Switch|p2a: Gholdengo
|-damage|p2a: Gholdengo|41/100
|move|p2a: Gholdengo|Shadow Ball|p1a: Zapdos
|-damage|p1a: Zapdos|36/100 brn
|
|-damage|p1a: Zapdos|29/100 brn|[from] brn
|upkeep
|turn|29
|
|t:|1760835331
|move|p1a: Zapdos|Roost|p1a: Zapdos
|-heal|p1a: Zapdos|79/100 brn
|-singleturn|p1a: Zapdos|move: Roost
|move|p2a: Gholdengo|Shadow Ball|p1a: Zapdos
|-damage|p1a: Zapdos|23/100 brn
|-unboost|p1a: Zapdos|spd|1
|
|-damage|p1a: Zapdos|17/100 brn|[from] brn
|upkeep
|turn|30
|
|t:|1760835343
|move|p1a: Zapdos|Brave Bird|p2a: Gholdengo
|-resisted|p2a: Gholdengo
|-damage|p2a: Gholdengo|31/100
|-damage|p1a: Zapdos|14/100 brn|[from] Recoil
|move|p2a: Gholdengo|Shadow Ball|p1a: Zapdos
|-crit|p1a: Zapdos
|-damage|p1a: Zapdos|0 fnt
|faint|p1a: Zapdos
|
|win|xudoman
|raw|Seven711Eleven's rating: 1100 &rarr; <strong>1077</strong><br />(-23 for losing)
|raw|xudoman's rating: 1123 &rarr; <strong>1146</strong><br />(+23 for winning)
|c|☆xudoman|good battle bro
|c|☆Seven711Eleven|g
|c|☆Seven711Eleven|g
|l|☆Seven711Eleven
|player|p1|
|l|☆xudoman
|player|p2|
