|j|☆SorenzoAzhathot
|j|☆exroen
|t:|1760843706
|gametype|singles
|player|p1|SorenzoAzhathot|veteran|1125
|player|p2|exroen|101|1156
|gen|9
|tier|[Gen 9] OU
|rated|
|rule|HP Percentage Mod: HP is shown in percentages
|rule|Endless Battle Clause: Forcing endless battles is banned
|rule|Species Clause: Limit one of each Pokémon
|rule|OHKO Clause: OHKO moves are banned
|rule|Evasion Items Clause: Evasion items are banned
|rule|Evasion Moves Clause: Evasion moves are banned
|rule|Evasion Abilities Clause: Evasion abilities are banned
|rule|Sleep Moves Clause: Sleep-inducing moves are banned
|clearpoke
|poke|p1|Ogerpon-Wellspring, F|
|poke|p1|Arcanine-Hisui, M|
|poke|p1|Clodsire, M|
|poke|p1|Furret, F|
|poke|p1|Raging Bolt|
|poke|p1|Gliscor, M|
|poke|p2|Rotom-Heat|
|poke|p2|Hydreigon, F|
|poke|p2|Amoonguss, F|
|poke|p2|Great Tusk|
|poke|p2|Scizor, F|
|poke|p2|Gholdengo|
|teampreview
|inactive|Battle timer is ON: inactive players will automatically lose when time's up. (requested by SorenzoAzhathot)
|
|t:|1760843719
|teamsize|p1|6
|teamsize|p2|6
|start
|switch|p1a: Ogerpon|Ogerpon-Wellspring, F|100/100
|switch|p2a: Rotom|Rotom-Heat|100/100
|turn|1
|
|t:|1760843730
|switch|p2a: Amoonguss|Amoonguss, F|100/100
|move|p1a: Ogerpon|Taunt|p2a: Amoonguss
|-start|p2a: Amoonguss|move: Taunt
|
|upkeep
|turn|2
|
|t:|1760843742
|move|p1a: Ogerpon|Knock Off|p2a: Amoonguss
|-damage|p2a: Amoonguss|73/100
|-damage|p1a: Ogerpon|84/100|[from] item: Rocky Helmet|[of] p2a: Amoonguss
|-enditem|p2a: Amoonguss|Rocky Helmet|[from] move: Knock Off|[of] p1a: Ogerpon
|move|p2a: Amoonguss|Sludge Bomb|p1a: Ogerpon
|-supereffective|p1a: Ogerpon
|-damage|p1a: Ogerpon|18/100
|
|upkeep
|turn|3
|
|t:|1760843758
|switch|p1a: Clodsire|Clodsire, M, shiny|100/100
|move|p2a: Amoonguss|Sludge Bomb|p1a: Clodsire
|-resisted|p1a: Clodsire
|-damage|p1a: Clodsire|97/100
|
|-heal|p1a: Clodsire|100/100|[from] item: Black Sludge
|-end|p2a: Amoonguss|move: Taunt
|upkeep
|turn|4
|inactive|SorenzoAzhathot has 120 seconds left.
|
|t:|1760843788
|switch|p2a: Great Tusk|Great Tusk|100/100
|switch|p1a: Ogerpon|Ogerpon-Wellspring, F|18/100
|
|upkeep
|turn|5
|
|t:|1760843799
|-end|p2a: Great Tusk|Protosynthesis|[silent]
|switch|p2a: Amoonguss|Amoonguss, F|100/100
|move|p1a: Ogerpon|Horn Leech|p2a: Amoonguss
|-resisted|p2a: Amoonguss
|-damage|p2a: Amoonguss|92/100
|-heal|p1a: Ogerpon|24/100|[from] drain|[of] p2a: Amoonguss
|
|upkeep
|turn|6
|
|t:|1760843810
|switch|p1a: Clodsire|Clodsire, M, shiny|100/100
|move|p2a: Amoonguss|Giga Drain|p1a: Clodsire
|-damage|p1a: Clodsire|87/100
|-heal|p2a: Amoonguss|99/100|[from] drain|[of] p1a: Clodsire
|
|-heal|p1a: Clodsire|94/100|[from] item: Black Sludge
|upkeep
|turn|7
|inactive|SorenzoAzhathot has 120 seconds left.
|
|t:|1760843828
|switch|p2a: Rotom|Rotom-Heat|100/100
|switch|p1a: Ogerpon|Ogerpon-Wellspring, F|24/100
|
|upkeep
|turn|8
|
|t:|1760843835
|move|p1a: Ogerpon|Ivy Cudgel|p2a: Rotom|[anim] Ivy Cudgel Water
|-supereffective|p2a: Rotom
|-damage|p2a: Rotom|2/100
|move|p2a: Rotom|Volt Switch|p1a: Ogerpon
|-damage|p1a: Ogerpon|0 fnt
|faint|p1a: Ogerpon
|
|t:|1760843843
|switch|p2a: Great Tusk|Great Tusk|100/100|[from] Volt Switch
|
|upkeep
|inactive|SorenzoAzhathot has 120 seconds left.
|
|t:|1760843868
|switch|p1a: Gliscor|Gliscor, M, shiny|100/100
|turn|9
|
|t:|1760843872
|move|p2a: Great Tusk|Stealth Rock|p1a: Gliscor
|-sidestart|p1: SorenzoAzhathot|move: Stealth Rock
|move|p1a: Gliscor|Toxic|p2a: Great Tusk
|-status|p2a: Great Tusk|tox
|
|-damage|p2a: Great Tusk|94/100 tox|[from] psn
|-status|p1a: Gliscor|tox|[from] item: Toxic Orb
|upkeep
|turn|10
|
|t:|1760843894
|-end|p2a: Great Tusk|Protosynthesis|[silent]
|switch|p2a: Rotom|Rotom-Heat|2/100
|move|p1a: Gliscor|Knock Off|p2a: Rotom
|-damage|p2a: Rotom|0 fnt
|-enditem|p2a: Rotom|Heavy-Duty Boots|[from] move: Knock Off|[of] p1a: Gliscor
|faint|p2a: Rotom
|
|upkeep
|
|t:|1760843904
|switch|p2a: Hydreigon|Hydreigon, F|100/100
|turn|11
|
|t:|1760843913
|move|p1a: Gliscor|Protect|p1a: Gliscor
|-singleturn|p1a: Gliscor|Protect
|move|p2a: Hydreigon|Draco Meteor|p1a: Gliscor
|-activate|p1a: Gliscor|move: Protect
|
|upkeep
|turn|12
|
|t:|1760843929
|switch|p1a: Clodsire|Clodsire, M, shiny|94/100
|-damage|p1a: Clodsire|87/100|[from] Stealth Rock
|move|p2a: Hydreigon|Draco Meteor|p1a: Clodsire
|-damage|p1a: Clodsire|52/100
|-unboost|p2a: Hydreigon|spa|2
|
|-heal|p1a: Clodsire|58/100|[from] item: Black Sludge
|upkeep
|turn|13
|
|t:|1760843940
|switch|p2a: Gholdengo|Gholdengo|100/100
|-item|p2a: Gholdengo|Air Balloon
|move|p1a: Clodsire|Recover|p1a: Clodsire
|-heal|p1a: Clodsire|100/100
|
|upkeep
|turn|14
|
|t:|1760843955
|switch|p2a: Hydreigon|Hydreigon, F|100/100
|move|p1a: Clodsire|Curse|p1a: Clodsire
|-unboost|p1a: Clodsire|spe|1
|-boost|p1a: Clodsire|atk|1
|-boost|p1a: Clodsire|def|1
|
|upkeep
|turn|15
|
|t:|1760843969
|switch|p2a: Amoonguss|Amoonguss, F|100/100
|move|p1a: Clodsire|Curse|p1a: Clodsire
|-unboost|p1a: Clodsire|spe|1
|-boost|p1a: Clodsire|atk|1
|-boost|p1a: Clodsire|def|1
|
|upkeep
|turn|16
|
|t:|1760843979
|move|p2a: Amoonguss|Clear Smog|p1a: Clodsire
|-resisted|p1a: Clodsire
|-damage|p1a: Clodsire|98/100
|-clearboost|p1a: Clodsire
|move|p1a: Clodsire|Curse|p1a: Clodsire
|-unboost|p1a: Clodsire|spe|1
|-boost|p1a: Clodsire|atk|1
|-boost|p1a: Clodsire|def|1
|
|-heal|p1a: Clodsire|100/100|[from] item: Black Sludge
|upkeep
|turn|17
|
|t:|1760843992
|switch|p1a: Furret|Furret, F, shiny|100/100
|move|p2a: Amoonguss|Clear Smog|p1a: Furret
|-damage|p1a: Furret|75/100
|-clearboost|p1a: Furret
|
|upkeep
|turn|18
|
|t:|1760844001
|move|p1a: Furret|Tidy Up|p1a: Furret
|-sideend|p1: SorenzoAzhathot|Stealth Rock
|-activate|p1a: Furret|move: Tidy Up
|-boost|p1a: Furret|atk|1
|-boost|p1a: Furret|spe|1
|move|p2a: Amoonguss|Clear Smog|p1a: Furret
|-damage|p1a: Furret|47/100
|-clearboost|p1a: Furret
|
|upkeep
|turn|19
|
|t:|1760844018
|move|p1a: Furret|Last Resort|p2a: Amoonguss
|-damage|p2a: Amoonguss|59/100
|move|p2a: Amoonguss|Sludge Bomb|p1a: Furret
|-damage|p1a: Furret|0 fnt
|faint|p1a: Furret
|
|upkeep
|
|t:|1760844027
|switch|p1a: Arcanine|Arcanine-Hisui, M|100/100
|turn|20
|
|t:|1760844033
|switch|p2a: Great Tusk|Great Tusk|94/100 tox
|move|p1a: Arcanine|Agility|p1a: Arcanine
|-boost|p1a: Arcanine|spe|2
|
|-damage|p2a: Great Tusk|88/100 tox|[from] psn
|upkeep
|turn|21
|
|t:|1760844057
|-terastallize|p1a: Arcanine|Normal
|move|p1a: Arcanine|Extreme Speed|p2a: Great Tusk
|-damage|p2a: Great Tusk|59/100 tox
|move|p2a: Great Tusk|Close Combat|p1a: Arcanine
|-supereffective|p1a: Arcanine
|-damage|p1a: Arcanine|0 fnt
|-unboost|p2a: Great Tusk|def|1
|-unboost|p2a: Great Tusk|spd|1
|faint|p1a: Arcanine
|-enditem|p2a: Great Tusk|Eject Pack
|inactive|exroen has 120 seconds left.
|
|t:|1760844081
|-end|p2a: Great Tusk|Protosynthesis|[silent]
|switch|p2a: Hydreigon|Hydreigon, F|100/100
|
|upkeep
|
|t:|1760844089
|switch|p1a: Raging Bolt|Raging Bolt|100/100
|turn|22
|
|t:|1760844102
|-end|p1a: Raging Bolt|Protosynthesis|[silent]
|switch|p1a: Clodsire|Clodsire, M, shiny|100/100
|-terastallize|p2a: Hydreigon|Steel
|move|p2a: Hydreigon|Draco Meteor|p1a: Clodsire
|-damage|p1a: Clodsire|63/100
|-unboost|p2a: Hydreigon|spa|2
|
|-heal|p1a: Clodsire|70/100|[from] item: Black Sludge
|upkeep
|turn|23
|
|t:|1760844116
|switch|p2a: Amoonguss|Amoonguss, F|92/100
|move|p1a: Clodsire|Curse|p1a: Clodsire
|-unboost|p1a: Clodsire|spe|1
|-boost|p1a: Clodsire|atk|1
|-boost|p1a: Clodsire|def|1
|
|-heal|p1a: Clodsire|76/100|[from] item: Black Sludge
|upkeep
|turn|24
|
|t:|1760844130
|switch|p1a: Gliscor|Gliscor, M, shiny|100/100 tox
|move|p2a: Amoonguss|Clear Smog|p1a: Gliscor
|-resisted|p1a: Gliscor
|-damage|p1a: Gliscor|91/100 tox
|-clearboost|p1a: Gliscor
|
|-heal|p1a: Gliscor|100/100 tox|[from] ability: Poison Heal
|upkeep
|turn|25
|
|t:|1760844142
|move|p1a: Gliscor|Knock Off|p2a: Amoonguss
|-damage|p2a: Amoonguss|81/100
|move|p2a: Amoonguss|Foul Play|p1a: Gliscor
|-damage|p1a: Gliscor|88/100 tox
|
|-heal|p1a: Gliscor|100/100 tox|[from] ability: Poison Heal
|upkeep
|turn|26
|
|t:|1760844153
|move|p1a: Gliscor|Toxic|p2a: Amoonguss
|-immune|p2a: Amoonguss
|move|p2a: Amoonguss|Giga Drain|p1a: Gliscor
|-damage|p1a: Gliscor|75/100 tox
|-heal|p2a: Amoonguss|91/100|[from] drain|[of] p1a: Gliscor
|
|-heal|p1a: Gliscor|87/100 tox|[from] ability: Poison Heal
|upkeep
|turn|27
|inactive|exroen has 120 seconds left.
|
|t:|1760844174
|switch|p2a: Hydreigon|Hydreigon, F, tera:Steel|100/100
|move|p1a: Gliscor|Protect||[still]
|-fail|p1a: Gliscor
|
|-heal|p1a: Gliscor|99/100 tox|[from] ability: Poison Heal
|upkeep
|turn|28
|inactive|exroen has 120 seconds left.
|
|t:|1760844187
|switch|p1a: Clodsire|Clodsire, M, shiny|76/100
|move|p2a: Hydreigon|U-turn|p1a: Clodsire
|-resisted|p1a: Clodsire
|-damage|p1a: Clodsire|68/100
|inactive|exroen has 120 seconds left.
|
|t:|1760844198
|switch|p2a: Gholdengo|Gholdengo|100/100|[from] U-turn
|-item|p2a: Gholdengo|Air Balloon
|
|-heal|p1a: Clodsire|74/100|[from] item: Black Sludge
|upkeep
|turn|29
|inactive|exroen has 120 seconds left.
|
|t:|1760844206
|move|p2a: Gholdengo|Shadow Ball|p1a: Clodsire
|-damage|p1a: Clodsire|50/100
|-unboost|p1a: Clodsire|spd|1
|move|p1a: Clodsire|Recover|p1a: Clodsire
|-heal|p1a: Clodsire|99/100
|
|-heal|p1a: Clodsire|100/100|[from] item: Black Sludge
|upkeep
|turn|30
|inactive|exroen has 120 seconds left.
|
|t:|1760844219
|switch|p1a: Raging Bolt|Raging Bolt|100/100
|move|p2a: Gholdengo|Shadow Ball|p1a: Raging Bolt
|-damage|p1a: Raging Bolt|59/100
|-unboost|p1a: Raging Bolt|spd|1
|
|-heal|p1a: Raging Bolt|66/100|[from] item: Leftovers
|upkeep
|turn|31
|inactive|exroen has 120 seconds left.
|
|t:|1760844234
|switch|p2a: Amoonguss|Amoonguss, F|100/100
|-end|p1a: Raging Bolt|Protosynthesis|[silent]
|switch|p1a: Clodsire|Clodsire, M, shiny|100/100
|
|upkeep
|turn|32
|inactive|exroen has 120 seconds left.
|
|t:|1760844246
|move|p2a: Amoonguss|Clear Smog|p1a: Clodsire
|-resisted|p1a: Clodsire
|-damage|p1a: Clodsire|99/100
|-clearboost|p1a: Clodsire
|move|p1a: Clodsire|Earthquake|p2a: Amoonguss
|-damage|p2a: Amoonguss|82/100
|
|-heal|p1a: Clodsire|100/100|[from] item: Black Sludge
|upkeep
|turn|33
|inactive|exroen has 120 seconds left.
|
|t:|1760844259
|switch|p2a: Hydreigon|Hydreigon, F, tera:Steel|100/100
|move|p1a: Clodsire|Earthquake|p2a: Hydreigon
|-immune|p2a: Hydreigon|[from] ability: Levitate
|
|upkeep
|turn|34
|inactive|exroen has 120 seconds left.
|
|t:|1760844277
|move|p2a: Hydreigon|Flash Cannon|p1a: Clodsire
|-damage|p1a: Clodsire|80/100
|move|p1a: Clodsire|Curse|p1a: Clodsire
|-unboost|p1a: Clodsire|spe|1
|-boost|p1a: Clodsire|atk|1
|-boost|p1a: Clodsire|def|1
|
|-heal|p1a: Clodsire|86/100|[from] item: Black Sludge
|upkeep
|turn|35
|inactive|exroen has 120 seconds left.
|
|t:|1760844289
|switch|p2a: Amoonguss|Amoonguss, F|100/100
|move|p1a: Clodsire|Curse|p1a: Clodsire
|-unboost|p1a: Clodsire|spe|1
|-boost|p1a: Clodsire|atk|1
|-boost|p1a: Clodsire|def|1
|
|-heal|p1a: Clodsire|92/100|[from] item: Black Sludge
|upkeep
|turn|36
|inactive|exroen has 120 seconds left.
|
|t:|1760844307
|move|p2a: Amoonguss|Clear Smog|p1a: Clodsire
|-resisted|p1a: Clodsire
|-damage|p1a: Clodsire|90/100
|-clearboost|p1a: Clodsire
|move|p1a: Clodsire|Earthquake|p2a: Amoonguss
|-damage|p2a: Amoonguss|82/100
|
|-heal|p1a: Clodsire|96/100|[from] item: Black Sludge
|upkeep
|turn|37
|inactive|exroen has 120 seconds left.
|
|t:|1760844330
|switch|p1a: Gliscor|Gliscor, M, shiny|99/100 tox
|move|p2a: Amoonguss|Giga Drain|p1a: Gliscor
|-damage|p1a: Gliscor|71/100 tox
|-heal|p2a: Amoonguss|94/100|[from] drain|[of] p1a: Gliscor
|
|-heal|p1a: Gliscor|83/100 tox|[from] ability: Poison Heal
|upkeep
|turn|38
|inactive|exroen has 120 seconds left.
|
|t:|1760844343
|move|p1a: Gliscor|Protect|p1a: Gliscor
|-singleturn|p1a: Gliscor|Protect
|move|p2a: Amoonguss|Giga Drain|p1a: Gliscor
|-activate|p1a: Gliscor|move: Protect
|
|-heal|p1a: Gliscor|96/100 tox|[from] ability: Poison Heal
|upkeep
|turn|39
|inactive|exroen has 120 seconds left.
|
|t:|1760844359
|move|p1a: Gliscor|Facade|p2a: Amoonguss
|-damage|p2a: Amoonguss|72/100
|move|p2a: Amoonguss|Giga Drain|p1a: Gliscor
|-damage|p1a: Gliscor|67/100 tox
|-heal|p2a: Amoonguss|83/100|[from] drain|[of] p1a: Gliscor
|
|-heal|p1a: Gliscor|80/100 tox|[from] ability: Poison Heal
|upkeep
|turn|40
|
|t:|1760844370
|move|p1a: Gliscor|Protect|p1a: Gliscor
|-singleturn|p1a: Gliscor|Protect
|move|p2a: Amoonguss|Giga Drain|p1a: Gliscor
|-activate|p1a: Gliscor|move: Protect
|
|-heal|p1a: Gliscor|92/100 tox|[from] ability: Poison Heal
|upkeep
|turn|41
|
|t:|1760844386
|move|p1a: Gliscor|Facade|p2a: Amoonguss
|-damage|p2a: Amoonguss|62/100
|move|p2a: Amoonguss|Giga Drain|p1a: Gliscor
|-damage|p1a: Gliscor|66/100 tox
|-heal|p2a: Amoonguss|73/100|[from] drain|[of] p1a: Gliscor
|
|-heal|p1a: Gliscor|78/100 tox|[from] ability: Poison Heal
|upkeep
|turn|42
|
|t:|1760844396
|move|p1a: Gliscor|Protect|p1a: Gliscor
|-singleturn|p1a: Gliscor|Protect
|move|p2a: Amoonguss|Giga Drain|p1a: Gliscor
|-activate|p1a: Gliscor|move: Protect
|
|-heal|p1a: Gliscor|91/100 tox|[from] ability: Poison Heal
|upkeep
|turn|43
|inactive|exroen has 120 seconds left.
|
|t:|1760844406
|switch|p2a: Gholdengo|Gholdengo|100/100
|-item|p2a: Gholdengo|Air Balloon
|move|p1a: Gliscor|Facade|p2a: Gholdengo
|-immune|p2a: Gholdengo
|
|-heal|p1a: Gliscor|100/100 tox|[from] ability: Poison Heal
|upkeep
|turn|44
|inactive|exroen has 120 seconds left.
|
|t:|1760844416
|switch|p2a: Hydreigon|Hydreigon, F, tera:Steel|100/100
|move|p1a: Gliscor|Knock Off|p2a: Hydreigon
|-damage|p2a: Hydreigon|77/100
|-enditem|p2a: Hydreigon|Choice Scarf|[from] move: Knock Off|[of] p1a: Gliscor
|
|upkeep
|turn|45
|inactive|exroen has 120 seconds left.
|
|t:|1760844431
|switch|p1a: Clodsire|Clodsire, M, shiny|96/100
|move|p2a: Hydreigon|Draco Meteor|p1a: Clodsire
|-damage|p1a: Clodsire|59/100
|-unboost|p2a: Hydreigon|spa|2
|
|-heal|p1a: Clodsire|65/100|[from] item: Black Sludge
|upkeep
|turn|46
|inactive|exroen has 120 seconds left.
|
|t:|1760844444
|move|p2a: Hydreigon|Draco Meteor|p1a: Clodsire
|-damage|p1a: Clodsire|31/100
|-unboost|p2a: Hydreigon|spa|2
|move|p1a: Clodsire|Recover|p1a: Clodsire
|-heal|p1a: Clodsire|81/100
|
|-heal|p1a: Clodsire|88/100|[from] item: Black Sludge
|upkeep
|turn|47
|inactive|exroen has 120 seconds left.
|
|t:|1760844461
|switch|p2a: Gholdengo|Gholdengo|100/100
|-item|p2a: Gholdengo|Air Balloon
|move|p1a: Clodsire|Liquidation|p2a: Gholdengo
|-damage|p2a: Gholdengo|84/100
|-unboost|p2a: Gholdengo|def|1
|-enditem|p2a: Gholdengo|Air Balloon
|
|-heal|p1a: Clodsire|94/100|[from] item: Black Sludge
|upkeep
|turn|48
|inactive|exroen has 120 seconds left.
|
|t:|1760844474
|move|p2a: Gholdengo|Nasty Plot|p2a: Gholdengo
|-boost|p2a: Gholdengo|spa|2
|move|p1a: Clodsire|Earthquake|p2a: Gholdengo
|-supereffective|p2a: Gholdengo
|-damage|p2a: Gholdengo|23/100
|
|-heal|p1a: Clodsire|99/100|[from] item: Black Sludge
|upkeep
|turn|49
|inactive|exroen has 120 seconds left.
|
|t:|1760844486
|move|p2a: Gholdengo|Recover|p2a: Gholdengo
|-heal|p2a: Gholdengo|73/100
|move|p1a: Clodsire|Curse|p1a: Clodsire
|-unboost|p1a: Clodsire|spe|1
|-boost|p1a: Clodsire|atk|1
|-boost|p1a: Clodsire|def|1
|
|-heal|p1a: Clodsire|100/100|[from] item: Black Sludge
|upkeep
|turn|50
|inactive|exroen has 120 seconds left.
|
|t:|1760844500
|move|p2a: Gholdengo|Make It Rain|p1a: Clodsire
|-damage|p1a: Clodsire|61/100
|-unboost|p2a: Gholdengo|spa|1
|move|p1a: Clodsire|Curse|p1a: Clodsire
|-unboost|p1a: Clodsire|spe|1
|-boost|p1a: Clodsire|atk|1
|-boost|p1a: Clodsire|def|1
|
|-heal|p1a: Clodsire|67/100|[from] item: Black Sludge
|upkeep
|turn|51
|inactive|exroen has 120 seconds left.
|
|t:|1760844513
|switch|p2a: Amoonguss|Amoonguss, F|100/100
|move|p1a: Clodsire|Earthquake|p2a: Amoonguss
|-damage|p2a: Amoonguss|63/100
|
|-heal|p1a: Clodsire|73/100|[from] item: Black Sludge
|upkeep
|turn|52
|
|t:|1760844522
|move|p2a: Amoonguss|Clear Smog|p1a: Clodsire
|-resisted|p1a: Clodsire
|-damage|p1a: Clodsire|71/100
|-clearboost|p1a: Clodsire
|move|p1a: Clodsire|Earthquake|p2a: Amoonguss
|-damage|p2a: Amoonguss|45/100
|
|-heal|p1a: Clodsire|77/100|[from] item: Black Sludge
|upkeep
|turn|53
|
|t:|1760844533
|move|p2a: Amoonguss|Giga Drain|p1a: Clodsire
|-damage|p1a: Clodsire|65/100
|-heal|p2a: Amoonguss|52/100|[from] drain|[of] p1a: Clodsire
|move|p1a: Clodsire|Liquidation|p2a: Amoonguss
|-resisted|p2a: Amoonguss
|-damage|p2a: Amoonguss|46/100
|
|-heal|p1a: Clodsire|71/100|[from] item: Black Sludge
|upkeep
|turn|54
|
|t:|1760844544
|move|p2a: Amoonguss|Giga Drain|p1a: Clodsire
|-damage|p1a: Clodsire|58/100
|-heal|p2a: Amoonguss|53/100|[from] drain|[of] p1a: Clodsire
|move|p1a: Clodsire|Earthquake|p2a: Amoonguss
|-damage|p2a: Amoonguss|32/100
|
|-heal|p1a: Clodsire|64/100|[from] item: Black Sludge
|upkeep
|turn|55
|
|t:|1760844557
|switch|p2a: Hydreigon|Hydreigon, F, tera:Steel|77/100
|move|p1a: Clodsire|Earthquake|p2a: Hydreigon
|-immune|p2a: Hydreigon|[from] ability: Levitate
|
|-heal|p1a: Clodsire|70/100|[from] item: Black Sludge
|upkeep
|turn|56
|
|t:|1760844569
|move|p2a: Hydreigon|Dark Pulse|p1a: Clodsire
|-damage|p1a: Clodsire|49/100
|cant|p1a: Clodsire|flinch
|
|-heal|p1a: Clodsire|56/100|[from] item: Black Sludge
|upkeep
|turn|57
|
|t:|1760844576
|move|p2a: Hydreigon|Dark Pulse|p1a: Clodsire
|-damage|p1a: Clodsire|33/100
|move|p1a: Clodsire|Recover|p1a: Clodsire
|-heal|p1a: Clodsire|83/100
|
|-heal|p1a: Clodsire|90/100|[from] item: Black Sludge
|upkeep
|turn|58
|
|t:|1760844587
|move|p2a: Hydreigon|Dark Pulse|p1a: Clodsire
|-damage|p1a: Clodsire|69/100
|move|p1a: Clodsire|Liquidation|p2a: Hydreigon
|-damage|p2a: Hydreigon|58/100
|
|-heal|p1a: Clodsire|75/100|[from] item: Black Sludge
|upkeep
|turn|59
|
|t:|1760844596
|move|p2a: Hydreigon|Dark Pulse|p1a: Clodsire
|-damage|p1a: Clodsire|54/100
|move|p1a: Clodsire|Curse|p1a: Clodsire
|-unboost|p1a: Clodsire|spe|1
|-boost|p1a: Clodsire|atk|1
|-boost|p1a: Clodsire|def|1
|
|-heal|p1a: Clodsire|60/100|[from] item: Black Sludge
|upkeep
|turn|60
|
|t:|1760844607
|switch|p2a: Amoonguss|Amoonguss, F|65/100
|move|p1a: Clodsire|Curse|p1a: Clodsire
|-unboost|p1a: Clodsire|spe|1
|-boost|p1a: Clodsire|atk|1
|-boost|p1a: Clodsire|def|1
|
|-heal|p1a: Clodsire|66/100|[from] item: Black Sludge
|upkeep
|turn|61
|
|t:|1760844620
|switch|p1a: Raging Bolt|Raging Bolt|66/100
|move|p2a: Amoonguss|Clear Smog|p1a: Raging Bolt
|-damage|p1a: Raging Bolt|52/100
|-clearboost|p1a: Raging Bolt
|
|-heal|p1a: Raging Bolt|58/100|[from] item: Leftovers
|upkeep
|turn|62
|
|t:|1760844633
|switch|p2a: Great Tusk|Great Tusk|59/100 tox
|move|p1a: Raging Bolt|Dragon Pulse|p2a: Great Tusk
|-damage|p2a: Great Tusk|0 fnt
|faint|p2a: Great Tusk
|-end|p2a: Great Tusk|Protosynthesis|[silent]
|
|-heal|p1a: Raging Bolt|65/100|[from] item: Leftovers
|upkeep
|
|t:|1760844647
|switch|p2a: Hydreigon|Hydreigon, F, tera:Steel|58/100
|turn|63
|
|t:|1760844653
|-end|p1a: Raging Bolt|Protosynthesis|[silent]
|switch|p1a: Clodsire|Clodsire, M, shiny|66/100
|move|p2a: Hydreigon|Draco Meteor|p1a: Clodsire
|-damage|p1a: Clodsire|33/100
|-unboost|p2a: Hydreigon|spa|2
|
|-heal|p1a: Clodsire|40/100|[from] item: Black Sludge
|upkeep
|turn|64
|
|t:|1760844667
|switch|p2a: Gholdengo|Gholdengo|73/100
|move|p1a: Clodsire|Recover|p1a: Clodsire
|-heal|p1a: Clodsire|90/100
|
|-heal|p1a: Clodsire|96/100|[from] item: Black Sludge
|upkeep
|turn|65
|
|t:|1760844676
|switch|p2a: Hydreigon|Hydreigon, F, tera:Steel|58/100
|move|p1a: Clodsire|Curse|p1a: Clodsire
|-unboost|p1a: Clodsire|spe|1
|-boost|p1a: Clodsire|atk|1
|-boost|p1a: Clodsire|def|1
|
|-heal|p1a: Clodsire|100/100|[from] item: Black Sludge
|upkeep
|turn|66
|
|t:|1760844695
|switch|p2a: Amoonguss|Amoonguss, F|98/100
|move|p1a: Clodsire|Earthquake|p2a: Amoonguss
|-damage|p2a: Amoonguss|71/100
|
|upkeep
|turn|67
|
|t:|1760844710
|switch|p1a: Raging Bolt|Raging Bolt|65/100
|move|p2a: Amoonguss|Clear Smog|p1a: Raging Bolt
|-damage|p1a: Raging Bolt|50/100
|-clearboost|p1a: Raging Bolt
|
|-heal|p1a: Raging Bolt|56/100|[from] item: Leftovers
|upkeep
|turn|68
|
|t:|1760844738
|switch|p2a: Gholdengo|Gholdengo|73/100
|move|p1a: Raging Bolt|Dragon Pulse|p2a: Gholdengo
|-resisted|p2a: Gholdengo
|-damage|p2a: Gholdengo|46/100
|
|-heal|p1a: Raging Bolt|63/100|[from] item: Leftovers
|upkeep
|turn|69
|inactive|SorenzoAzhathot has 120 seconds left.
|
|t:|1760844766
|-end|p1a: Raging Bolt|Protosynthesis|[silent]
|switch|p1a: Clodsire|Clodsire, M, shiny|100/100
|move|p2a: Gholdengo|Recover|p2a: Gholdengo
|-heal|p2a: Gholdengo|96/100
|
|upkeep
|turn|70
|
|t:|1760844774
|switch|p2a: Hydreigon|Hydreigon, F, tera:Steel|58/100
|move|p1a: Clodsire|Curse|p1a: Clodsire
|-unboost|p1a: Clodsire|spe|1
|-boost|p1a: Clodsire|atk|1
|-boost|p1a: Clodsire|def|1
|
|upkeep
|turn|71
|
|t:|1760844783
|switch|p2a: Amoonguss|Amoonguss, F|100/100
|move|p1a: Clodsire|Liquidation|p2a: Amoonguss
|-resisted|p2a: Amoonguss
|-damage|p2a: Amoonguss|92/100
|
|upkeep
|turn|72
|
|t:|1760844790
|move|p2a: Amoonguss|Clear Smog|p1a: Clodsire
|-resisted|p1a: Clodsire
|-damage|p1a: Clodsire|99/100
|-clearboost|p1a: Clodsire
|move|p1a: Clodsire|Earthquake|p2a: Amoonguss
|-damage|p2a: Amoonguss|72/100
|
|-heal|p1a: Clodsire|100/100|[from] item: Black Sludge
|upkeep
|turn|73
|
|t:|1760844803
|switch|p2a: Hydreigon|Hydreigon, F, tera:Steel|58/100
|move|p1a: Clodsire|Curse|p1a: Clodsire
|-unboost|p1a: Clodsire|spe|1
|-boost|p1a: Clodsire|atk|1
|-boost|p1a: Clodsire|def|1
|
|upkeep
|turn|74
|
|t:|1760844815
|switch|p2a: Amoonguss|Amoonguss, F|100/100
|switch|p1a: Raging Bolt|Raging Bolt|63/100
|
|-heal|p1a: Raging Bolt|69/100|[from] item: Leftovers
|upkeep
|turn|75
|
|t:|1760844830
|switch|p2a: Gholdengo|Gholdengo|96/100
|move|p1a: Raging Bolt|Dragon Pulse|p2a: Gholdengo
|-resisted|p2a: Gholdengo
|-damage|p2a: Gholdengo|71/100
|
|-heal|p1a: Raging Bolt|75/100|[from] item: Leftovers
|upkeep
|turn|76
|
|t:|1760844847
|-end|p1a: Raging Bolt|Protosynthesis|[silent]
|switch|p1a: Clodsire|Clodsire, M, shiny|100/100
|move|p2a: Gholdengo|Shadow Ball|p1a: Clodsire
|-damage|p1a: Clodsire|78/100
|
|-heal|p1a: Clodsire|84/100|[from] item: Black Sludge
|upkeep
|turn|77
|
|t:|1760844861
|switch|p2a: Hydreigon|Hydreigon, F, tera:Steel|58/100
|move|p1a: Clodsire|Earthquake|p2a: Hydreigon
|-immune|p2a: Hydreigon|[from] ability: Levitate
|
|-heal|p1a: Clodsire|90/100|[from] item: Black Sludge
|upkeep
|turn|78
|
|t:|1760844874
|move|p2a: Hydreigon|Dark Pulse|p1a: Clodsire
|-damage|p1a: Clodsire|69/100
|cant|p1a: Clodsire|flinch
|
|-heal|p1a: Clodsire|76/100|[from] item: Black Sludge
|upkeep
|turn|79
|
|t:|1760844882
|switch|p2a: Amoonguss|Amoonguss, F|100/100
|move|p1a: Clodsire|Curse|p1a: Clodsire
|-unboost|p1a: Clodsire|spe|1
|-boost|p1a: Clodsire|atk|1
|-boost|p1a: Clodsire|def|1
|
|-heal|p1a: Clodsire|82/100|[from] item: Black Sludge
|upkeep
|turn|80
|
|t:|1760844897
|switch|p1a: Raging Bolt|Raging Bolt|75/100
|move|p2a: Amoonguss|Clear Smog|p1a: Raging Bolt
|-damage|p1a: Raging Bolt|62/100
|-clearboost|p1a: Raging Bolt
|
|-heal|p1a: Raging Bolt|68/100|[from] item: Leftovers
|upkeep
|turn|81
|
|t:|1760844908
|-end|p1a: Raging Bolt|Protosynthesis|[silent]
|switch|p1a: Gliscor|Gliscor, M, shiny|100/100 tox
|switch|p2a: Gholdengo|Gholdengo|71/100
|
|upkeep
|turn|82
|
|t:|1760844926
|switch|p2a: Hydreigon|Hydreigon, F, tera:Steel|58/100
|move|p1a: Gliscor|Knock Off|p2a: Hydreigon
|-damage|p2a: Hydreigon|41/100
|
|upkeep
|turn|83
|
|t:|1760844938
|switch|p1a: Clodsire|Clodsire, M, shiny|82/100
|move|p2a: Hydreigon|Draco Meteor|p1a: Clodsire|[miss]
|-miss|p2a: Hydreigon|p1a: Clodsire
|
|-heal|p1a: Clodsire|88/100|[from] item: Black Sludge
|upkeep
|turn|84
|
|t:|1760844959
|switch|p2a: Gholdengo|Gholdengo|71/100
|switch|p1a: Raging Bolt|Raging Bolt|68/100
|
|-heal|p1a: Raging Bolt|74/100|[from] item: Leftovers
|upkeep
|turn|85
|
|t:|1760844979
|move|p2a: Gholdengo|Recover|p2a: Gholdengo
|-heal|p2a: Gholdengo|100/100
|move|p1a: Raging Bolt|Calm Mind|p1a: Raging Bolt
|-boost|p1a: Raging Bolt|spa|1
|-boost|p1a: Raging Bolt|spd|1
|
|-heal|p1a: Raging Bolt|81/100|[from] item: Leftovers
|upkeep
|turn|86
|
|t:|1760844990
|move|p1a: Raging Bolt|Thunderclap||[still]
|-fail|p1a: Raging Bolt
|move|p2a: Gholdengo|Nasty Plot|p2a: Gholdengo
|-boost|p2a: Gholdengo|spa|2
|
|-heal|p1a: Raging Bolt|87/100|[from] item: Leftovers
|upkeep
|turn|87
|
|t:|1760845000
|-end|p1a: Raging Bolt|Protosynthesis|[silent]
|switch|p1a: Clodsire|Clodsire, M, shiny|88/100
|move|p2a: Gholdengo|Nasty Plot|p2a: Gholdengo
|-boost|p2a: Gholdengo|spa|2
|
|-heal|p1a: Clodsire|94/100|[from] item: Black Sludge
|upkeep
|turn|88
|
|t:|1760845011
|move|p2a: Gholdengo|Make It Rain|p1a: Clodsire
|-damage|p1a: Clodsire|59/100
|-unboost|p2a: Gholdengo|spa|1
|move|p1a: Clodsire|Curse|p1a: Clodsire
|-unboost|p1a: Clodsire|spe|1
|-boost|p1a: Clodsire|atk|1
|-boost|p1a: Clodsire|def|1
|
|-heal|p1a: Clodsire|65/100|[from] item: Black Sludge
|upkeep
|turn|89
|
|t:|1760845024
|switch|p2a: Amoonguss|Amoonguss, F|100/100
|move|p1a: Clodsire|Earthquake|p2a: Amoonguss
|-damage|p2a: Amoonguss|70/100
|
|-heal|p1a: Clodsire|71/100|[from] item: Black Sludge
|upkeep
|turn|90
|
|t:|1760845033
|move|p2a: Amoonguss|Clear Smog|p1a: Clodsire
|-resisted|p1a: Clodsire
|-damage|p1a: Clodsire|69/100
|-clearboost|p1a: Clodsire
|move|p1a: Clodsire|Recover|p1a: Clodsire
|-heal|p1a: Clodsire|100/100
|
|upkeep
|turn|91
|
|t:|1760845043
|switch|p2a: Hydreigon|Hydreigon, F, tera:Steel|41/100
|switch|p1a: Gliscor|Gliscor, M, shiny|100/100 tox
|
|upkeep
|turn|92
|
|t:|1760845057
|move|p2a: Hydreigon|Draco Meteor|p1a: Gliscor|[miss]
|-miss|p2a: Hydreigon|p1a: Gliscor
|move|p1a: Gliscor|Facade|p2a: Hydreigon
|-resisted|p2a: Hydreigon
|-damage|p2a: Hydreigon|24/100
|
|upkeep
|turn|93
|inactive|SorenzoAzhathot has 120 seconds left.
|
|t:|1760845089
|move|p2a: Hydreigon|Flash Cannon|p1a: Gliscor
|-damage|p1a: Gliscor|55/100 tox
|move|p1a: Gliscor|Facade|p2a: Hydreigon
|-resisted|p2a: Hydreigon
|-damage|p2a: Hydreigon|6/100
|
|-heal|p1a: Gliscor|67/100 tox|[from] ability: Poison Heal
|upkeep
|turn|94
|
|t:|1760845099
|switch|p2a: Gholdengo|Gholdengo|100/100
|move|p1a: Gliscor|Protect||[still]
|-fail|p1a: Gliscor
|
|-heal|p1a: Gliscor|80/100 tox|[from] ability: Poison Heal
|upkeep
|turn|95
|
|t:|1760845108
|switch|p2a: Hydreigon|Hydreigon, F, tera:Steel|6/100
|move|p1a: Gliscor|Knock Off|p2a: Hydreigon
|-damage|p2a: Hydreigon|0 fnt
|faint|p2a: Hydreigon
|
|-heal|p1a: Gliscor|92/100 tox|[from] ability: Poison Heal
|upkeep
|
|t:|1760845122
|switch|p2a: Amoonguss|Amoonguss, F|100/100
|turn|96
|
|t:|1760845131
|move|p1a: Gliscor|Protect|p1a: Gliscor
|-singleturn|p1a: Gliscor|Protect
|move|p2a: Amoonguss|Sludge Bomb|p1a: Gliscor
|-activate|p1a: Gliscor|move: Protect
|
|-heal|p1a: Gliscor|100/100 tox|[from] ability: Poison Heal
|upkeep
|turn|97
|
|t:|1760845140
|move|p1a: Gliscor|Facade|p2a: Amoonguss
|-damage|p2a: Amoonguss|78/100
|move|p2a: Amoonguss|Sludge Bomb|p1a: Gliscor
|-resisted|p1a: Gliscor
|-damage|p1a: Gliscor|84/100 tox
|
|-heal|p1a: Gliscor|97/100 tox|[from] ability: Poison Heal
|upkeep
|turn|98
|
|t:|1760845150
|move|p1a: Gliscor|Facade|p2a: Amoonguss
|-damage|p2a: Amoonguss|57/100
|move|p2a: Amoonguss|Foul Play|p1a: Gliscor
|-damage|p1a: Gliscor|85/100 tox
|
|-heal|p1a: Gliscor|97/100 tox|[from] ability: Poison Heal
|upkeep
|turn|99
|
|t:|1760845162
|switch|p2a: Gholdengo|Gholdengo|100/100
|move|p1a: Gliscor|Knock Off|p2a: Gholdengo
|-supereffective|p2a: Gholdengo
|-damage|p2a: Gholdengo|68/100
|
|-heal|p1a: Gliscor|100/100 tox|[from] ability: Poison Heal
|upkeep
|turn|100
|
|t:|1760845171
|move|p2a: Gholdengo|Recover|p2a: Gholdengo
|-heal|p2a: Gholdengo|100/100
|move|p1a: Gliscor|Knock Off|p2a: Gholdengo
|-supereffective|p2a: Gholdengo
|-crit|p2a: Gholdengo
|-damage|p2a: Gholdengo|54/100
|
|upkeep
|turn|101
|
|t:|1760845178
|move|p2a: Gholdengo|Recover|p2a: Gholdengo
|-heal|p2a: Gholdengo|100/100
|move|p1a: Gliscor|Knock Off|p2a: Gholdengo
|-supereffective|p2a: Gholdengo
|-damage|p2a: Gholdengo|70/100
|
|upkeep
|turn|102
|
|t:|1760845185
|move|p2a: Gholdengo|Nasty Plot|p2a: Gholdengo
|-boost|p2a: Gholdengo|spa|2
|move|p1a: Gliscor|Knock Off|p2a: Gholdengo
|-supereffective|p2a: Gholdengo
|-damage|p2a: Gholdengo|41/100
|
|upkeep
|turn|103
|
|t:|1760845193
|switch|p1a: Clodsire|Clodsire, M, shiny|100/100
|move|p2a: Gholdengo|Recover|p2a: Gholdengo
|-heal|p2a: Gholdengo|91/100
|
|upkeep
|turn|104
|
|t:|1760845202
|move|p2a: Gholdengo|Shadow Ball|p1a: Clodsire
|-damage|p1a: Clodsire|75/100
|move|p1a: Clodsire|Earthquake|p2a: Gholdengo
|-supereffective|p2a: Gholdengo
|-damage|p2a: Gholdengo|29/100
|
|-heal|p1a: Clodsire|82/100|[from] item: Black Sludge
|upkeep
|turn|105
|
|t:|1760845216
|switch|p1a: Raging Bolt|Raging Bolt|87/100
|move|p2a: Gholdengo|Recover|p2a: Gholdengo
|-heal|p2a: Gholdengo|79/100
|
|-heal|p1a: Raging Bolt|93/100|[from] item: Leftovers
|upkeep
|turn|106
|
|t:|1760845228
|move|p2a: Gholdengo|Nasty Plot|p2a: Gholdengo
|-boost|p2a: Gholdengo|spa|2
|move|p1a: Raging Bolt|Calm Mind|p1a: Raging Bolt
|-boost|p1a: Raging Bolt|spa|1
|-boost|p1a: Raging Bolt|spd|1
|
|-heal|p1a: Raging Bolt|99/100|[from] item: Leftovers
|upkeep
|turn|107
|
|t:|1760845237
|-end|p1a: Raging Bolt|Protosynthesis|[silent]
|switch|p1a: Clodsire|Clodsire, M, shiny|82/100
|move|p2a: Gholdengo|Shadow Ball|p1a: Clodsire
|-damage|p1a: Clodsire|55/100
|
|-heal|p1a: Clodsire|61/100|[from] item: Black Sludge
|upkeep
|turn|108
|
|t:|1760845246
|move|p2a: Gholdengo|Make It Rain|p1a: Clodsire
|-damage|p1a: Clodsire|24/100
|-unboost|p2a: Gholdengo|spa|1
|move|p1a: Clodsire|Recover|p1a: Clodsire
|-heal|p1a: Clodsire|74/100
|
|-heal|p1a: Clodsire|80/100|[from] item: Black Sludge
|upkeep
|turn|109
|
|t:|1760845263
|move|p2a: Gholdengo|Nasty Plot|p2a: Gholdengo
|-boost|p2a: Gholdengo|spa|2
|move|p1a: Clodsire|Earthquake|p2a: Gholdengo
|-supereffective|p2a: Gholdengo
|-damage|p2a: Gholdengo|17/100
|
|-heal|p1a: Clodsire|87/100|[from] item: Black Sludge
|upkeep
|turn|110
|
|t:|1760845273
|move|p2a: Gholdengo|Recover|p2a: Gholdengo
|-heal|p2a: Gholdengo|67/100
|move|p1a: Clodsire|Earthquake|p2a: Gholdengo
|-supereffective|p2a: Gholdengo
|-crit|p2a: Gholdengo
|-damage|p2a: Gholdengo|0 fnt
|faint|p2a: Gholdengo
|
|-heal|p1a: Clodsire|93/100|[from] item: Black Sludge
|upkeep
|
|t:|1760845283
|switch|p2a: Scizor|Scizor, F|100/100
|turn|111
|
|t:|1760845291
|switch|p1a: Gliscor|Gliscor, M, shiny|100/100 tox
|move|p2a: Scizor|Close Combat|p1a: Gliscor
|-resisted|p1a: Gliscor
|-damage|p1a: Gliscor|81/100 tox
|-unboost|p2a: Scizor|def|1
|-unboost|p2a: Scizor|spd|1
|
|-heal|p1a: Gliscor|94/100 tox|[from] ability: Poison Heal
|upkeep
|turn|112
|
|t:|1760845302
|switch|p2a: Amoonguss|Amoonguss, F|90/100
|move|p1a: Gliscor|Knock Off|p2a: Amoonguss
|-damage|p2a: Amoonguss|79/100
|
|-heal|p1a: Gliscor|100/100 tox|[from] ability: Poison Heal
|upkeep
|turn|113
|inactive|exroen has 120 seconds left.
|
|t:|1760845314
|move|p1a: Gliscor|Facade|p2a: Amoonguss
|-damage|p2a: Amoonguss|58/100
|move|p2a: Amoonguss|Giga Drain|p1a: Gliscor
|-crit|p1a: Gliscor
|-damage|p1a: Gliscor|60/100 tox
|-heal|p2a: Amoonguss|75/100|[from] drain|[of] p1a: Gliscor
|
|-heal|p1a: Gliscor|72/100 tox|[from] ability: Poison Heal
|upkeep
|turn|114
|inactive|exroen has 120 seconds left.
|
|t:|1760845326
|move|p1a: Gliscor|Protect|p1a: Gliscor
|-singleturn|p1a: Gliscor|Protect
|move|p2a: Amoonguss|Foul Play|p1a: Gliscor
|-activate|p1a: Gliscor|move: Protect
|
|-heal|p1a: Gliscor|84/100 tox|[from] ability: Poison Heal
|upkeep
|turn|115
|
|t:|1760845335
|move|p1a: Gliscor|Facade|p2a: Amoonguss
|-damage|p2a: Amoonguss|53/100
|move|p2a: Amoonguss|Giga Drain|p1a: Gliscor
|-damage|p1a: Gliscor|57/100 tox
|-heal|p2a: Amoonguss|64/100|[from] drain|[of] p1a: Gliscor
|
|-heal|p1a: Gliscor|70/100 tox|[from] ability: Poison Heal
|upkeep
|turn|116
|
|t:|1760845349
|move|p1a: Gliscor|Facade|p2a: Amoonguss
|-damage|p2a: Amoonguss|43/100
|move|p2a: Amoonguss|Foul Play|p1a: Gliscor
|-damage|p1a: Gliscor|56/100 tox
|
|-heal|p1a: Gliscor|69/100 tox|[from] ability: Poison Heal
|upkeep
|turn|117
|
|t:|1760845360
|switch|p2a: Scizor|Scizor, F|100/100
|move|p1a: Gliscor|Protect||[still]
|-fail|p1a: Gliscor
|
|-heal|p1a: Gliscor|81/100 tox|[from] ability: Poison Heal
|upkeep
|turn|118
|
|t:|1760845369
|move|p1a: Gliscor|Protect|p1a: Gliscor
|-singleturn|p1a: Gliscor|Protect
|move|p2a: Scizor|U-turn|p1a: Gliscor
|-activate|p1a: Gliscor|move: Protect
|
|-heal|p1a: Gliscor|93/100 tox|[from] ability: Poison Heal
|upkeep
|turn|119
|inactive|SorenzoAzhathot has 120 seconds left.
|
|t:|1760845382
|move|p1a: Gliscor|Knock Off|p2a: Scizor
|-damage|p2a: Scizor|77/100
|-enditem|p2a: Scizor|Choice Band|[from] move: Knock Off|[of] p1a: Gliscor
|move|p2a: Scizor|U-turn|p1a: Gliscor
|-resisted|p1a: Gliscor
|-damage|p1a: Gliscor|81/100 tox
|
|t:|1760845389
|switch|p2a: Amoonguss|Amoonguss, F|76/100|[from] U-turn
|
|-heal|p1a: Gliscor|93/100 tox|[from] ability: Poison Heal
|upkeep
|turn|120
|
|t:|1760845403
|move|p1a: Gliscor|Facade|p2a: Amoonguss
|-damage|p2a: Amoonguss|54/100
|move|p2a: Amoonguss|Giga Drain|p1a: Gliscor
|-damage|p1a: Gliscor|65/100 tox
|-heal|p2a: Amoonguss|66/100|[from] drain|[of] p1a: Gliscor
|
|-heal|p1a: Gliscor|78/100 tox|[from] ability: Poison Heal
|upkeep
|turn|121
|inactive|SorenzoAzhathot has 120 seconds left.
|
|t:|1760845413
|move|p1a: Gliscor|Facade|p2a: Amoonguss
|-damage|p2a: Amoonguss|44/100
|move|p2a: Amoonguss|Giga Drain|p1a: Gliscor
|-damage|p1a: Gliscor|48/100 tox
|-heal|p2a: Amoonguss|56/100|[from] drain|[of] p1a: Gliscor
|
|-heal|p1a: Gliscor|60/100 tox|[from] ability: Poison Heal
|upkeep
|turn|122
|inactive|SorenzoAzhathot has 120 seconds left.
|
|t:|1760845424
|move|p1a: Gliscor|Protect|p1a: Gliscor
|-singleturn|p1a: Gliscor|Protect
|move|p2a: Amoonguss|Giga Drain|p1a: Gliscor
|-activate|p1a: Gliscor|move: Protect
|
|-heal|p1a: Gliscor|73/100 tox|[from] ability: Poison Heal
|upkeep
|turn|123
|
|t:|1760845438
|switch|p1a: Clodsire|Clodsire, M, shiny|93/100
|move|p2a: Amoonguss|Giga Drain|p1a: Clodsire
|-damage|p1a: Clodsire|80/100
|-heal|p2a: Amoonguss|63/100|[from] drain|[of] p1a: Clodsire
|
|-heal|p1a: Clodsire|86/100|[from] item: Black Sludge
|upkeep
|turn|124
|inactive|exroen has 90 seconds left.
|
|t:|1760845455
|switch|p1a: Gliscor|Gliscor, M, shiny|73/100 tox
|move|p2a: Amoonguss|Foul Play|p1a: Gliscor
|-damage|p1a: Gliscor|60/100 tox
|
|-heal|p1a: Gliscor|73/100 tox|[from] ability: Poison Heal
|upkeep
|turn|125
|
|t:|1760845464
|move|p1a: Gliscor|Protect|p1a: Gliscor
|-singleturn|p1a: Gliscor|Protect
|move|p2a: Amoonguss|Foul Play|p1a: Gliscor
|-activate|p1a: Gliscor|move: Protect
|
|-heal|p1a: Gliscor|85/100 tox|[from] ability: Poison Heal
|upkeep
|turn|126
|inactive|exroen has 90 seconds left.
|
|t:|1760845473
|switch|p2a: Scizor|Scizor, F|77/100
|move|p1a: Gliscor|Facade|p2a: Scizor
|-resisted|p2a: Scizor
|-damage|p2a: Scizor|61/100
|
|-heal|p1a: Gliscor|97/100 tox|[from] ability: Poison Heal
|upkeep
|turn|127
|inactive|exroen has 90 seconds left.
|
|t:|1760845482
|move|p2a: Scizor|Bullet Punch|p1a: Gliscor
|-damage|p1a: Gliscor|78/100 tox
|move|p1a: Gliscor|Knock Off|p2a: Scizor
|-damage|p2a: Scizor|47/100
|
|-heal|p1a: Gliscor|91/100 tox|[from] ability: Poison Heal
|upkeep
|turn|128
|inactive|exroen has 90 seconds left.
|
|t:|1760845491
|switch|p2a: Amoonguss|Amoonguss, F|97/100
|move|p1a: Gliscor|Facade|p2a: Amoonguss
|-damage|p2a: Amoonguss|72/100
|
|-heal|p1a: Gliscor|100/100 tox|[from] ability: Poison Heal
|upkeep
|turn|129
|inactive|exroen has 90 seconds left.
|
|t:|1760845500
|move|p1a: Gliscor|Facade|p2a: Amoonguss
|-damage|p2a: Amoonguss|51/100
|move|p2a: Amoonguss|Sludge Bomb|p1a: Gliscor
|-resisted|p1a: Gliscor
|-damage|p1a: Gliscor|85/100 tox
|
|-heal|p1a: Gliscor|98/100 tox|[from] ability: Poison Heal
|upkeep
|turn|130
|-message|exroen forfeited.
|
|win|SorenzoAzhathot
|raw|SorenzoAzhathot's rating: 1125 &rarr; <strong>1152</strong><br />(+27 for winning)
|raw|exroen's rating: 1156 &rarr; <strong>1129</strong><br />(-27 for losing)
|l|☆exroen
|player|p2|
