|j|☆Izlymoney
|j|☆caesar nivis
|t:|1760864528
|gametype|singles
|player|p1|Izlymoney|dragontamer|1437
|player|p2|caesar nivis|lance|1470
|gen|9
|tier|[Gen 9] OU
|rated|
|rule|HP Percentage Mod: HP is shown in percentages
|rule|Endless Battle Clause: Forcing endless battles is banned
|rule|Species Clause: Limit one of each Pokémon
|rule|OHKO Clause: OHKO moves are banned
|rule|Evasion Items Clause: Evasion items are banned
|rule|Evasion Moves Clause: Evasion moves are banned
|rule|Evasion Abilities Clause: Evasion abilities are banned
|rule|Sleep Moves Clause: Sleep-inducing moves are banned
|clearpoke
|poke|p1|Pelipper, F|
|poke|p1|Tornadus-Therian, M|
|poke|p1|Iron Treads|
|poke|p1|Decidueye-Hisui, M|
|poke|p1|Barraskewda, F|
|poke|p1|Raging Bolt|
|poke|p2|Ninetales-Alola, F|
|poke|p2|Ursaluna, M|
|poke|p2|Moltres-Galar|
|poke|p2|Iron Treads|
|poke|p2|Glastrier|
|poke|p2|Dondozo, M|
|teampreview
|inactive|Battle timer is ON: inactive players will automatically lose when time's up. (requested by caesar nivis)
|
|t:|1760864542
|teamsize|p1|6
|teamsize|p2|6
|start
|switch|p1a: Barraskewda|Barraskewda, F|100/100
|switch|p2a: Iron Treads|Iron Treads|100/100
|turn|1
|
|t:|1760864547
|-end|p2a: Iron Treads|Quark Drive|[silent]
|switch|p2a: Dondozo|Dondozo, M|100/100
|move|p1a: Barraskewda|Flip Turn|p2a: Dondozo
|-resisted|p2a: Dondozo
|-damage|p2a: Dondozo|91/100
|-damage|p1a: Barraskewda|91/100|[from] item: Life Orb
|
|t:|1760864559
|switch|p1a: Tornadus|Tornadus-Therian, M|100/100|[from] Flip Turn
|
|-heal|p2a: Dondozo|97/100|[from] item: Leftovers
|upkeep
|turn|2
|
|t:|1760864563
|switch|p2a: Glastrier|Glastrier|100/100
|move|p1a: Tornadus|Hurricane|p2a: Glastrier
|-damage|p2a: Glastrier|64/100
|
|upkeep
|turn|3
|
|t:|1760864572
|switch|p1a: Pelipper|Pelipper, F|100/100
|-weather|RainDance|[from] ability: Drizzle|[of] p1a: Pelipper
|move|p2a: Glastrier|Avalanche|p1a: Pelipper
|-damage|p1a: Pelipper|74/100
|
|-weather|RainDance|[upkeep]
|upkeep
|turn|4
|
|t:|1760864590
|move|p1a: Pelipper|U-turn|p2a: Glastrier
|-damage|p2a: Glastrier|58/100
|
|t:|1760864605
|switch|p1a: Iron Treads|Iron Treads|100/100|[from] U-turn
|move|p2a: Glastrier|Avalanche|p1a: Iron Treads
|-damage|p1a: Iron Treads|71/100
|
|-weather|RainDance|[upkeep]
|-heal|p1a: Iron Treads|77/100|[from] item: Leftovers
|upkeep
|turn|5
|
|t:|1760864611
|move|p1a: Iron Treads|Knock Off|p2a: Glastrier
|-damage|p2a: Glastrier|42/100
|-enditem|p2a: Glastrier|Assault Vest|[from] move: Knock Off|[of] p1a: Iron Treads
|move|p2a: Glastrier|High Horsepower|p1a: Iron Treads
|-supereffective|p1a: Iron Treads
|-damage|p1a: Iron Treads|11/100
|
|-weather|RainDance|[upkeep]
|-heal|p1a: Iron Treads|17/100|[from] item: Leftovers
|upkeep
|turn|6
|
|t:|1760864621
|switch|p2a: Dondozo|Dondozo, M|97/100
|move|p1a: Iron Treads|Stealth Rock|p2a: Dondozo
|-sidestart|p2: caesar nivis|move: Stealth Rock
|
|-weather|RainDance|[upkeep]
|-heal|p1a: Iron Treads|23/100|[from] item: Leftovers
|-heal|p2a: Dondozo|100/100|[from] item: Leftovers
|upkeep
|turn|7
|
|t:|1760864627
|-end|p1a: Iron Treads|Quark Drive|[silent]
|switch|p1a: Decidueye|Decidueye-Hisui, M|100/100
|move|p2a: Dondozo|Crunch|p1a: Decidueye
|-resisted|p1a: Decidueye
|-damage|p1a: Decidueye|94/100
|-damage|p2a: Dondozo|84/100|[from] item: Rocky Helmet|[of] p1a: Decidueye
|
|-weather|RainDance|[upkeep]
|-heal|p2a: Dondozo|90/100|[from] item: Leftovers
|upkeep
|turn|8
|
|t:|1760864634
|move|p1a: Decidueye|Triple Arrows|p2a: Dondozo
|-damage|p2a: Dondozo|75/100
|-unboost|p2a: Dondozo|def|1
|move|p2a: Dondozo|Curse|p2a: Dondozo
|-unboost|p2a: Dondozo|spe|1
|-boost|p2a: Dondozo|atk|1
|-boost|p2a: Dondozo|def|1
|
|-weather|RainDance|[upkeep]
|-heal|p2a: Dondozo|82/100|[from] item: Leftovers
|upkeep
|turn|9
|
|t:|1760864641
|move|p1a: Decidueye|U-turn|p2a: Dondozo
|-damage|p2a: Dondozo|74/100
|
|t:|1760864643
|switch|p1a: Tornadus|Tornadus-Therian, M|100/100|[from] U-turn
|move|p2a: Dondozo|Crunch|p1a: Tornadus
|-crit|p1a: Tornadus
|-damage|p1a: Tornadus|45/100
|
|-weather|RainDance|[upkeep]
|-heal|p2a: Dondozo|80/100|[from] item: Leftovers
|upkeep
|turn|10
|
|t:|1760864648
|move|p1a: Tornadus|Hurricane|p2a: Dondozo
|-damage|p2a: Dondozo|2/100
|-start|p2a: Dondozo|confusion
|-activate|p2a: Dondozo|confusion
|-damage|p2a: Dondozo|0 fnt|[from] confusion
|faint|p2a: Dondozo
|
|-weather|none
|upkeep
|
|t:|1760864652
|switch|p2a: Iron Treads|Iron Treads|100/100
|-damage|p2a: Iron Treads|97/100|[from] Stealth Rock
|turn|11
|
|t:|1760864675
|switch|p1a: Decidueye|Decidueye-Hisui, M|94/100
|move|p2a: Iron Treads|Rapid Spin|p1a: Decidueye
|-damage|p1a: Decidueye|82/100
|-boost|p2a: Iron Treads|spe|1
|-damage|p2a: Iron Treads|81/100|[from] item: Rocky Helmet|[of] p1a: Decidueye
|-sideend|p2: caesar nivis|Stealth Rock|[from] move: Rapid Spin|[of] p2a: Iron Treads
|
|upkeep
|turn|12
|
|t:|1760864690
|move|p2a: Iron Treads|Ice Spinner|p1a: Decidueye
|-supereffective|p1a: Decidueye
|-damage|p1a: Decidueye|47/100
|-damage|p2a: Iron Treads|64/100|[from] item: Rocky Helmet|[of] p1a: Decidueye
|move|p1a: Decidueye|Triple Arrows|p2a: Iron Treads
|-supereffective|p2a: Iron Treads
|-damage|p2a: Iron Treads|5/100
|
|upkeep
|turn|13
|
|t:|1760864700
|move|p2a: Iron Treads|Ice Spinner|p1a: Decidueye
|-supereffective|p1a: Decidueye
|-damage|p1a: Decidueye|9/100
|-damage|p2a: Iron Treads|0 fnt|[from] item: Rocky Helmet|[of] p1a: Decidueye
|faint|p2a: Iron Treads
|-end|p2a: Iron Treads|Quark Drive|[silent]
|move|p1a: Decidueye|Roost|p1a: Decidueye
|-heal|p1a: Decidueye|59/100
|-singleturn|p1a: Decidueye|move: Roost
|
|upkeep
|
|t:|1760864705
|switch|p2a: Ninetales|Ninetales-Alola, F|100/100
|-weather|Snowscape|[from] ability: Snow Warning|[of] p2a: Ninetales
|turn|14
|
|t:|1760864712
|switch|p1a: Pelipper|Pelipper, F|74/100
|-weather|RainDance|[from] ability: Drizzle|[of] p1a: Pelipper
|move|p2a: Ninetales|Freeze-Dry|p1a: Pelipper
|-supereffective|p1a: Pelipper
|-damage|p1a: Pelipper|0 fnt
|faint|p1a: Pelipper
|
|-weather|RainDance|[upkeep]
|upkeep
|
|t:|1760864715
|switch|p1a: Barraskewda|Barraskewda, F|91/100
|turn|15
|
|t:|1760864719
|switch|p2a: Glastrier|Glastrier|42/100
|move|p1a: Barraskewda|Flip Turn|p2a: Glastrier
|-damage|p2a: Glastrier|0 fnt
|faint|p2a: Glastrier
|-damage|p1a: Barraskewda|81/100|[from] item: Life Orb
|
|t:|1760864735
|switch|p1a: Tornadus|Tornadus-Therian, M|78/100|[from] Flip Turn
|
|-weather|RainDance|[upkeep]
|upkeep
|
|t:|1760864737
|switch|p2a: Ninetales|Ninetales-Alola, F|100/100
|-weather|Snowscape|[from] ability: Snow Warning|[of] p2a: Ninetales
|turn|16
|
|t:|1760864740
|move|p1a: Tornadus|Hurricane|p2a: Ninetales
|-damage|p2a: Ninetales|27/100
|move|p2a: Ninetales|Aurora Veil|p2a: Ninetales
|-sidestart|p2: caesar nivis|move: Aurora Veil
|
|-weather|Snowscape|[upkeep]
|upkeep
|turn|17
|
|t:|1760864747
|move|p1a: Tornadus|Hurricane|p2a: Ninetales
|-damage|p2a: Ninetales|0 fnt
|faint|p2a: Ninetales
|
|-weather|Snowscape|[upkeep]
|upkeep
|
|t:|1760864750
|switch|p2a: Moltres|Moltres-Galar|100/100
|turn|18
|
|t:|1760864755
|move|p1a: Tornadus|Hurricane|p2a: Moltres
|-damage|p2a: Moltres|65/100
|move|p2a: Moltres|Agility|p2a: Moltres
|-boost|p2a: Moltres|spe|2
|
|-weather|Snowscape|[upkeep]
|-heal|p2a: Moltres|71/100|[from] item: Leftovers
|upkeep
|turn|19
|
|t:|1760864761
|move|p2a: Moltres|Fiery Wrath|p1a: Tornadus
|-damage|p1a: Tornadus|23/100
|move|p1a: Tornadus|Hurricane|p2a: Moltres|[miss]
|-miss|p1a: Tornadus|p2a: Moltres
|
|-weather|Snowscape|[upkeep]
|-heal|p2a: Moltres|77/100|[from] item: Leftovers
|upkeep
|turn|20
|
|t:|1760864772
|move|p2a: Moltres|Fiery Wrath|p1a: Tornadus
|-damage|p1a: Tornadus|0 fnt
|faint|p1a: Tornadus
|
|-weather|none
|-heal|p2a: Moltres|84/100|[from] item: Leftovers
|upkeep
|
|t:|1760864774
|switch|p1a: Raging Bolt|Raging Bolt|100/100
|-enditem|p1a: Raging Bolt|Booster Energy
|-activate|p1a: Raging Bolt|ability: Protosynthesis|[fromitem]
|-start|p1a: Raging Bolt|protosynthesisspa
|turn|21
|
|t:|1760864778
|-terastallize|p2a: Moltres|Dark
|move|p2a: Moltres|Nasty Plot|p2a: Moltres
|-boost|p2a: Moltres|spa|2
|move|p1a: Raging Bolt|Thunder|p2a: Moltres
|-damage|p2a: Moltres|49/100
|-ability|p2a: Moltres|Berserk|boost
|-boost|p2a: Moltres|spa|1
|
|-heal|p2a: Moltres|55/100|[from] item: Leftovers
|upkeep
|turn|22
|inactive|Izlymoney has 120 seconds left.
|l|☆Izlymoney
|inactive|Izlymoney disconnected and has a minute to reconnect!
|player|p1|
|j|☆Izlymoney
|inactive|Izlymoney reconnected and has 100 seconds left.
|player|p1|Izlymoney|dragontamer|
|inactive|Izlymoney has 90 seconds left.
|inactive|Izlymoney has 60 seconds left.
|inactive|Izlymoney has 30 seconds left.
|inactive|Izlymoney has 20 seconds left.
|inactive|Izlymoney has 15 seconds left.
|inactive|Izlymoney has 10 seconds left.
|inactive|Izlymoney has 5 seconds left.
|-message|Izlymoney lost due to inactivity.
|
|win|caesar nivis
|raw|Izlymoney's rating: 1437 &rarr; <strong>1419</strong><br />(-18 for losing)
|raw|caesar nivis's rating: 1470 &rarr; <strong>1488</strong><br />(+18 for winning)
|l|☆caesar nivis
|player|p2|
