|j|☆sadmetameta
|j|☆jeaverbuice
|t:|1760760901
|gametype|singles
|player|p1|sadmetameta|cilan|1308
|player|p2|jeaverbuice|169|1265
|gen|9
|tier|[Gen 9] OU
|rated|
|rule|HP Percentage Mod: HP is shown in percentages
|rule|Endless Battle Clause: Forcing endless battles is banned
|rule|Species Clause: Limit one of each Pokémon
|rule|OHKO Clause: OHKO moves are banned
|rule|Evasion Items Clause: Evasion items are banned
|rule|Evasion Moves Clause: Evasion moves are banned
|rule|Evasion Abilities Clause: Evasion abilities are banned
|rule|Sleep Moves Clause: Sleep-inducing moves are banned
|clearpoke
|poke|p1|Weavile, F|
|poke|p1|Sinistcha|
|poke|p1|Gliscor, M|
|poke|p1|Primarina, M|
|poke|p1|Hydrapple, M|
|poke|p1|Iron Crown|
|poke|p2|Kingambit, F|
|poke|p2|Zapdos|
|poke|p2|Slowking-Galar, F|
|poke|p2|Ogerpon-Wellspring, F|
|poke|p2|Glimmora, F|
|poke|p2|Iron Valiant|
|teampreview
|
|t:|1760760910
|teamsize|p1|6
|teamsize|p2|6
|start
|switch|p1a: Iron Crown|Iron Crown|100/100
|switch|p2a: Ogerpon|Ogerpon-Wellspring, F|100/100
|turn|1
|inactive|Battle timer is ON: inactive players will automatically lose when time's up. (requested by sadmetameta)
|
|t:|1760760916
|move|p2a: Ogerpon|Knock Off|p1a: Iron Crown
|-supereffective|p1a: Iron Crown
|-damage|p1a: Iron Crown|19/100
|-enditem|p1a: Iron Crown|Assault Vest|[from] move: Knock Off|[of] p2a: Ogerpon
|move|p1a: Iron Crown|Future Sight|p2a: Ogerpon
|-start|p1a: Iron Crown|move: Future Sight
|
|upkeep
|turn|2
|
|t:|1760760929
|move|p2a: Ogerpon|U-turn|p1a: Iron Crown
|-damage|p1a: Iron Crown|0 fnt
|faint|p1a: Iron Crown
|-end|p1a: Iron Crown|Quark Drive|[silent]
|
|t:|1760760938
|switch|p2a: Zapdos|Zapdos|100/100|[from] U-turn
|
|upkeep
|
|t:|1760760947
|switch|p1a: Hydrapple|Hydrapple, M|100/100
|turn|3
|
|t:|1760760963
|move|p2a: Zapdos|Hurricane|p1a: Hydrapple
|-supereffective|p1a: Hydrapple
|-damage|p1a: Hydrapple|44/100
|move|p1a: Hydrapple|Fickle Beam|p2a: Zapdos
|-damage|p2a: Zapdos|59/100
|
|-end|p2a: Zapdos|move: Future Sight
|-damage|p2a: Zapdos|3/100
|upkeep
|turn|4
|
|t:|1760760975
|switch|p1a: Gliscor|Gliscor, M|100/100
|move|p2a: Zapdos|Hurricane|p1a: Gliscor
|-damage|p1a: Gliscor|62/100
|-start|p1a: Gliscor|confusion
|
|-status|p1a: Gliscor|tox|[from] item: Toxic Orb
|upkeep
|turn|5
|
|t:|1760760984
|move|p2a: Zapdos|Roost|p2a: Zapdos
|-heal|p2a: Zapdos|53/100
|-singleturn|p2a: Zapdos|move: Roost
|-activate|p1a: Gliscor|confusion
|-damage|p1a: Gliscor|54/100 tox|[from] confusion
|
|-heal|p1a: Gliscor|67/100 tox|[from] ability: Poison Heal
|upkeep
|turn|6
|
|t:|1760760989
|move|p2a: Zapdos|Hurricane|p1a: Gliscor|[miss]
|-miss|p2a: Zapdos|p1a: Gliscor
|-end|p1a: Gliscor|confusion
|move|p1a: Gliscor|Toxic|p2a: Zapdos
|-status|p2a: Zapdos|tox
|
|-damage|p2a: Zapdos|47/100 tox|[from] psn
|-heal|p1a: Gliscor|79/100 tox|[from] ability: Poison Heal
|upkeep
|turn|7
|
|t:|1760760996
|switch|p2a: Glimmora|Glimmora, F, shiny|100/100
|-item|p2a: Glimmora|Air Balloon
|move|p1a: Gliscor|Spikes|p2a: Glimmora
|-sidestart|p2: jeaverbuice|Spikes
|
|-heal|p1a: Gliscor|92/100 tox|[from] ability: Poison Heal
|upkeep
|turn|8
|
|t:|1760761005
|switch|p1a: Primarina|Primarina, M|100/100
|move|p2a: Glimmora|Spikes|p1a: Primarina
|-sidestart|p1: sadmetameta|Spikes
|
|upkeep
|turn|9
|
|t:|1760761015
|-terastallize|p2a: Glimmora|Grass
|move|p2a: Glimmora|Mortal Spin|p1a: Primarina
|-supereffective|p1a: Primarina
|-damage|p1a: Primarina|88/100
|-status|p1a: Primarina|psn
|-sideend|p2: jeaverbuice|Spikes|[from] move: Mortal Spin|[of] p2a: Glimmora
|move|p1a: Primarina|Surf|p2a: Glimmora
|-resisted|p2a: Glimmora
|-damage|p2a: Glimmora|76/100
|-enditem|p2a: Glimmora|Air Balloon
|
|-damage|p1a: Primarina|76/100 psn|[from] psn
|upkeep
|turn|10
|
|t:|1760761026
|switch|p2a: Slowking|Slowking-Galar, F|100/100
|move|p1a: Primarina|Ice Beam|p2a: Slowking
|-damage|p2a: Slowking|84/100
|-status|p2a: Slowking|frz
|
|-damage|p1a: Primarina|64/100 psn|[from] psn
|upkeep
|turn|11
|
|t:|1760761036
|switch|p1a: Weavile|Weavile, F|100/100
|-damage|p1a: Weavile|88/100|[from] Spikes
|-ability|p1a: Weavile|Pressure
|switch|p2a: Ogerpon|Ogerpon-Wellspring, F|100/100
|
|upkeep
|turn|12
|
|t:|1760761040
|move|p1a: Weavile|Triple Axel|p2a: Ogerpon
|-damage|p2a: Ogerpon|83/100
|-damage|p2a: Ogerpon|46/100
|-damage|p2a: Ogerpon|0 fnt
|faint|p2a: Ogerpon
|-hitcount|p2: Ogerpon|3
|
|upkeep
|
|t:|1760761048
|switch|p2a: Kingambit|Kingambit, F, shiny|100/100
|turn|13
|
|t:|1760761054
|switch|p1a: Gliscor|Gliscor, M|92/100 tox
|move|p2a: Kingambit|Iron Head|p1a: Gliscor
|-damage|p1a: Gliscor|56/100 tox
|
|-heal|p1a: Gliscor|68/100 tox|[from] ability: Poison Heal
|upkeep
|turn|14
|
|t:|1760761061
|switch|p2a: Zapdos|Zapdos|47/100 tox
|move|p1a: Gliscor|Earthquake|p2a: Zapdos
|-immune|p2a: Zapdos
|
|-damage|p2a: Zapdos|41/100 tox|[from] psn
|-heal|p1a: Gliscor|81/100 tox|[from] ability: Poison Heal
|upkeep
|turn|15
|
|t:|1760761063
|move|p2a: Zapdos|Hurricane|p1a: Gliscor
|-damage|p1a: Gliscor|39/100 tox
|move|p1a: Gliscor|Spikes|p2a: Zapdos
|-sidestart|p2: jeaverbuice|Spikes
|
|-damage|p2a: Zapdos|28/100 tox|[from] psn
|-heal|p1a: Gliscor|52/100 tox|[from] ability: Poison Heal
|upkeep
|turn|16
|
|t:|1760761071
|move|p2a: Zapdos|Hurricane|p1a: Gliscor
|-damage|p1a: Gliscor|10/100 tox
|-start|p1a: Gliscor|confusion
|-activate|p1a: Gliscor|confusion
|move|p1a: Gliscor|Spikes|p2a: Zapdos
|-sidestart|p2: jeaverbuice|Spikes
|
|-damage|p2a: Zapdos|10/100 tox|[from] psn
|-heal|p1a: Gliscor|23/100 tox|[from] ability: Poison Heal
|upkeep
|turn|17
|
|t:|1760761079
|switch|p1a: Primarina|Primarina, M|64/100 psn
|move|p2a: Zapdos|Hurricane|p1a: Primarina|[miss]
|-miss|p2a: Zapdos|p1a: Primarina
|
|-damage|p2a: Zapdos|0 fnt|[from] psn
|faint|p2a: Zapdos
|-damage|p1a: Primarina|51/100 psn|[from] psn
|upkeep
|
|t:|1760761086
|switch|p2a: Glimmora|Glimmora, F, shiny, tera:Grass|76/100
|-damage|p2a: Glimmora|60/100|[from] Spikes
|turn|18
|
|t:|1760761088
|move|p2a: Glimmora|Mortal Spin|p1a: Primarina
|-supereffective|p1a: Primarina
|-damage|p1a: Primarina|40/100 psn
|-sideend|p2: jeaverbuice|Spikes|[from] move: Mortal Spin|[of] p2a: Glimmora
|move|p1a: Primarina|Ice Beam|p2a: Glimmora
|-supereffective|p2a: Glimmora
|-damage|p2a: Glimmora|0 fnt
|faint|p2a: Glimmora
|
|-damage|p1a: Primarina|27/100 psn|[from] psn
|upkeep
|
|t:|1760761094
|switch|p2a: Iron Valiant|Iron Valiant, shiny|100/100
|turn|19
|
|t:|1760761097
|move|p2a: Iron Valiant|Moonblast|p1a: Primarina
|-damage|p1a: Primarina|0 fnt
|faint|p1a: Primarina
|-damage|p2a: Iron Valiant|91/100|[from] item: Life Orb
|
|upkeep
|
|t:|1760761110
|switch|p1a: Weavile|Weavile, F|88/100
|-damage|p1a: Weavile|76/100|[from] Spikes
|-ability|p1a: Weavile|Pressure
|turn|20
|
|t:|1760761113
|move|p1a: Weavile|Triple Axel|p2a: Iron Valiant
|-damage|p2a: Iron Valiant|70/100
|-damage|p2a: Iron Valiant|33/100
|-damage|p2a: Iron Valiant|0 fnt
|faint|p2a: Iron Valiant
|-end|p2a: Iron Valiant|Quark Drive|[silent]
|-hitcount|p2: Iron Valiant|3
|
|upkeep
|-message|jeaverbuice forfeited.
|
|win|sadmetameta
|raw|sadmetameta's rating: 1308 &rarr; <strong>1326</strong><br />(+18 for winning)
|raw|jeaverbuice's rating: 1265 &rarr; <strong>1243</strong><br />(-22 for losing)
|l|☆jeaverbuice
|player|p2|
|l|☆sadmetameta
|player|p1|
