|j|☆RATTTATAAA MASTER
|j|☆dwarfbutt
|t:|1760873140
|gametype|singles
|player|p1|RATTTATAAA MASTER|lance|1256
|player|p2|dwarfbutt|266|1271
|gen|9
|tier|[Gen 9] OU
|rated|
|rule|HP Percentage Mod: HP is shown in percentages
|rule|Endless Battle Clause: Forcing endless battles is banned
|rule|Species Clause: Limit one of each Pokémon
|rule|OHKO Clause: OHKO moves are banned
|rule|Evasion Items Clause: Evasion items are banned
|rule|Evasion Moves Clause: Evasion moves are banned
|rule|Evasion Abilities Clause: Evasion abilities are banned
|rule|Sleep Moves Clause: Sleep-inducing moves are banned
|clearpoke
|poke|p1|Pelipper, M|
|poke|p1|Great Tusk|
|poke|p1|Walking Wake|
|poke|p1|Zapdos|
|poke|p1|Manaphy|
|poke|p1|Ludicolo, M|
|poke|p2|Raging Bolt|
|poke|p2|Iron Treads|
|poke|p2|Ting-Lu|
|poke|p2|Gholdengo|
|poke|p2|Zamazenta-*|
|poke|p2|Tornadus-Therian, M|
|teampreview
|inactive|Battle timer is ON: inactive players will automatically lose when time's up. (requested by RATTTATAAA MASTER)
|
|t:|1760873149
|teamsize|p1|6
|teamsize|p2|6
|start
|switch|p1a: Great Tusk|Great Tusk|100/100
|switch|p2a: Ting-Lu|Ting-Lu|100/100
|-ability|p2a: Ting-Lu|Vessel of Ruin
|-enditem|p1a: Great Tusk|Booster Energy
|-activate|p1a: Great Tusk|ability: Protosynthesis|[fromitem]
|-start|p1a: Great Tusk|protosynthesisatk
|turn|1
|
|t:|1760873162
|move|p1a: Great Tusk|Ice Spinner|p2a: Ting-Lu
|-supereffective|p2a: Ting-Lu
|-damage|p2a: Ting-Lu|58/100
|-enditem|p2a: Ting-Lu|Weakness Policy
|-boost|p2a: Ting-Lu|atk|2|[from] item: Weakness Policy
|-boost|p2a: Ting-Lu|spa|2|[from] item: Weakness Policy
|move|p2a: Ting-Lu|Stealth Rock|p1a: Great Tusk
|-sidestart|p1: RATTTATAAA MASTER|move: Stealth Rock
|
|upkeep
|turn|2
|
|t:|1760873170
|move|p1a: Great Tusk|Rapid Spin|p2a: Ting-Lu
|-damage|p2a: Ting-Lu|45/100
|-boost|p1a: Great Tusk|spe|1
|-sideend|p1: RATTTATAAA MASTER|Stealth Rock|[from] move: Rapid Spin|[of] p1a: Great Tusk
|move|p2a: Ting-Lu|Earthquake|p1a: Great Tusk
|-damage|p1a: Great Tusk|31/100
|
|upkeep
|turn|3
|
|t:|1760873184
|move|p1a: Great Tusk|Headlong Rush|p2a: Ting-Lu
|-damage|p2a: Ting-Lu|2/100
|-unboost|p1a: Great Tusk|def|1
|-unboost|p1a: Great Tusk|spd|1
|move|p2a: Ting-Lu|Stealth Rock|p1a: Great Tusk
|-sidestart|p1: RATTTATAAA MASTER|move: Stealth Rock
|
|upkeep
|turn|4
|
|t:|1760873192
|switch|p2a: Gholdengo|Gholdengo|100/100
|-item|p2a: Gholdengo|Air Balloon
|move|p1a: Great Tusk|Rapid Spin|p2a: Gholdengo
|-immune|p2a: Gholdengo
|
|upkeep
|turn|5
|
|t:|1760873198
|move|p1a: Great Tusk|Knock Off|p2a: Gholdengo
|-supereffective|p2a: Gholdengo
|-damage|p2a: Gholdengo|12/100
|-enditem|p2a: Gholdengo|Air Balloon
|move|p2a: Gholdengo|Shadow Ball|p1a: Great Tusk
|-damage|p1a: Great Tusk|0 fnt
|faint|p1a: Great Tusk
|-end|p1a: Great Tusk|Protosynthesis|[silent]
|
|upkeep
|
|t:|1760873209
|switch|p1a: Pelipper|Pelipper, M|100/100
|-damage|p1a: Pelipper|76/100|[from] Stealth Rock
|-weather|RainDance|[from] ability: Drizzle|[of] p1a: Pelipper
|turn|6
|
|t:|1760873216
|move|p2a: Gholdengo|Shadow Ball|p1a: Pelipper
|-damage|p1a: Pelipper|15/100
|move|p1a: Pelipper|U-turn|p2a: Gholdengo
|-resisted|p2a: Gholdengo
|-damage|p2a: Gholdengo|10/100
|
|t:|1760873223
|switch|p1a: Ludicolo|Ludicolo, M|100/100|[from] U-turn
|-damage|p1a: Ludicolo|88/100|[from] Stealth Rock
|
|-weather|RainDance|[upkeep]
|upkeep
|turn|7
|
|t:|1760873229
|switch|p2a: Ting-Lu|Ting-Lu|2/100
|-ability|p2a: Ting-Lu|Vessel of Ruin
|move|p1a: Ludicolo|Giga Drain|p2a: Ting-Lu
|-supereffective|p2a: Ting-Lu
|-damage|p2a: Ting-Lu|0 fnt
|-heal|p1a: Ludicolo|89/100|[from] drain|[of] p2a: Ting-Lu
|faint|p2a: Ting-Lu
|-damage|p1a: Ludicolo|79/100|[from] item: Life Orb
|
|-weather|RainDance|[upkeep]
|upkeep
|
|t:|1760873247
|switch|p2a: Iron Treads|Iron Treads|100/100
|-enditem|p2a: Iron Treads|Booster Energy
|-activate|p2a: Iron Treads|ability: Quark Drive|[fromitem]
|-start|p2a: Iron Treads|quarkdrivespe
|turn|8
|
|t:|1760873256
|-terastallize|p1a: Ludicolo|Water
|move|p2a: Iron Treads|Ice Spinner|p1a: Ludicolo
|-resisted|p1a: Ludicolo
|-damage|p1a: Ludicolo|61/100
|move|p1a: Ludicolo|Weather Ball|p2a: Iron Treads
|-supereffective|p2a: Iron Treads
|-damage|p2a: Iron Treads|0 fnt
|faint|p2a: Iron Treads
|-end|p2a: Iron Treads|Quark Drive|[silent]
|-damage|p1a: Ludicolo|51/100|[from] item: Life Orb
|
|-weather|RainDance|[upkeep]
|upkeep
|
|t:|1760873267
|switch|p2a: Tornadus|Tornadus-Therian, M|100/100
|turn|9
|
|t:|1760873278
|switch|p2a: Raging Bolt|Raging Bolt|100/100
|-enditem|p2a: Raging Bolt|Booster Energy
|-activate|p2a: Raging Bolt|ability: Protosynthesis|[fromitem]
|-start|p2a: Raging Bolt|protosynthesisspa
|move|p1a: Ludicolo|Weather Ball|p2a: Raging Bolt
|-resisted|p2a: Raging Bolt
|-damage|p2a: Raging Bolt|55/100
|-damage|p1a: Ludicolo|41/100|[from] item: Life Orb
|
|-weather|RainDance|[upkeep]
|upkeep
|turn|10
|
|t:|1760873288
|move|p2a: Raging Bolt|Thunderclap|p1a: Ludicolo
|-supereffective|p1a: Ludicolo
|-damage|p1a: Ludicolo|0 fnt
|faint|p1a: Ludicolo
|
|-weather|RainDance|[upkeep]
|upkeep
|
|t:|1760873300
|switch|p1a: Walking Wake|Walking Wake|100/100
|-damage|p1a: Walking Wake|88/100|[from] Stealth Rock
|turn|11
|
|t:|1760873308
|-terastallize|p2a: Raging Bolt|Fairy
|move|p1a: Walking Wake|Hydro Steam|p2a: Raging Bolt
|-damage|p2a: Raging Bolt|0 fnt
|faint|p2a: Raging Bolt
|-end|p2a: Raging Bolt|Protosynthesis|[silent]
|-damage|p1a: Walking Wake|78/100|[from] item: Life Orb
|
|-weather|RainDance|[upkeep]
|upkeep
|
|t:|1760873330
|switch|p2a: Zamazenta|Zamazenta|100/100
|-ability|p2a: Zamazenta|Dauntless Shield|boost
|-boost|p2a: Zamazenta|def|1
|turn|12
|
|t:|1760873335
|move|p2a: Zamazenta|Body Press|p1a: Walking Wake
|-damage|p1a: Walking Wake|14/100
|move|p1a: Walking Wake|Hurricane|p2a: Zamazenta
|-supereffective|p2a: Zamazenta
|-crit|p2a: Zamazenta
|-damage|p2a: Zamazenta|0 fnt
|faint|p2a: Zamazenta
|-damage|p1a: Walking Wake|5/100|[from] item: Life Orb
|
|-weather|RainDance|[upkeep]
|upkeep
|
|t:|1760873345
|switch|p2a: Tornadus|Tornadus-Therian, M|100/100
|turn|13
|
|t:|1760873348
|move|p2a: Tornadus|Dark Pulse|p1a: Walking Wake
|-damage|p1a: Walking Wake|0 fnt
|faint|p1a: Walking Wake
|-end|p1a: Walking Wake|Protosynthesis|[silent]
|-damage|p2a: Tornadus|91/100|[from] item: Life Orb
|
|-weather|none
|upkeep
|
|t:|1760873363
|switch|p1a: Zapdos|Zapdos|100/100
|-damage|p1a: Zapdos|76/100|[from] Stealth Rock
|turn|14
|
|t:|1760873369
|move|p2a: Tornadus|Dark Pulse|p1a: Zapdos
|-damage|p1a: Zapdos|40/100
|-damage|p2a: Tornadus|81/100|[from] item: Life Orb
|cant|p1a: Zapdos|flinch
|
|upkeep
|turn|15
|
|t:|1760873376
|move|p2a: Tornadus|Dark Pulse|p1a: Zapdos
|-damage|p1a: Zapdos|5/100
|-damage|p2a: Tornadus|71/100|[from] item: Life Orb
|move|p1a: Zapdos|Roost|p1a: Zapdos
|-heal|p1a: Zapdos|56/100
|-singleturn|p1a: Zapdos|move: Roost
|
|upkeep
|turn|16
|
|t:|1760873385
|move|p2a: Tornadus|Dark Pulse|p1a: Zapdos
|-damage|p1a: Zapdos|20/100
|-damage|p2a: Tornadus|62/100|[from] item: Life Orb
|move|p1a: Zapdos|Roost|p1a: Zapdos
|-heal|p1a: Zapdos|70/100
|-singleturn|p1a: Zapdos|move: Roost
|
|upkeep
|turn|17
|
|t:|1760873392
|move|p2a: Tornadus|Nasty Plot|p2a: Tornadus
|-boost|p2a: Tornadus|spa|2
|move|p1a: Zapdos|Roost|p1a: Zapdos
|-heal|p1a: Zapdos|100/100
|-singleturn|p1a: Zapdos|move: Roost
|
|upkeep
|turn|18
|
|t:|1760873399
|move|p2a: Tornadus|Dark Pulse|p1a: Zapdos
|-damage|p1a: Zapdos|30/100
|-damage|p2a: Tornadus|52/100|[from] item: Life Orb
|cant|p1a: Zapdos|flinch
|
|upkeep
|turn|19
|
|t:|1760873407
|move|p2a: Tornadus|Dark Pulse|p1a: Zapdos
|-damage|p1a: Zapdos|0 fnt
|faint|p1a: Zapdos
|-damage|p2a: Tornadus|42/100|[from] item: Life Orb
|
|upkeep
|
|t:|1760873410
|switch|p1a: Manaphy|Manaphy|100/100
|-damage|p1a: Manaphy|88/100|[from] Stealth Rock
|turn|20
|
|t:|1760873416
|move|p2a: Tornadus|Bleakwind Storm|p1a: Manaphy
|-damage|p1a: Manaphy|0 fnt
|faint|p1a: Manaphy
|-damage|p2a: Tornadus|33/100|[from] item: Life Orb
|
|upkeep
|-message|RATTTATAAA MASTER forfeited.
|
|win|dwarfbutt
|raw|RATTTATAAA MASTER's rating: 1256 &rarr; <strong>1232</strong><br />(-24 for losing)
|raw|dwarfbutt's rating: 1271 &rarr; <strong>1295</strong><br />(+24 for winning)
|l|☆RATTTATAAA MASTER
|player|p1|
|j|☆RATTTATAAA MASTER
|player|p1|RATTTATAAA MASTER|lance|
|l|☆RATTTATAAA MASTER
|player|p1|
|l|☆dwarfbutt
|player|p2|
