|j|☆A man named Derp
|j|☆moldono
|t:|1760783205
|gametype|singles
|player|p1|A man named Derp|swimmer-gen4|1183
|player|p2|moldono|crasherwake|1184
|gen|9
|tier|[Gen 9] OU
|rated|
|rule|HP Percentage Mod: HP is shown in percentages
|rule|Endless Battle Clause: Forcing endless battles is banned
|rule|Species Clause: Limit one of each Pokémon
|rule|OHKO Clause: OHKO moves are banned
|rule|Evasion Items Clause: Evasion items are banned
|rule|Evasion Moves Clause: Evasion moves are banned
|rule|Evasion Abilities Clause: Evasion abilities are banned
|rule|Sleep Moves Clause: Sleep-inducing moves are banned
|clearpoke
|poke|p1|Glimmora, F|
|poke|p1|Great Tusk|
|poke|p1|Rillaboom, F|
|poke|p1|Dragapult, F|
|poke|p1|Corviknight, M|
|poke|p1|Iron Hands|
|poke|p2|Garganacl, F|
|poke|p2|Iron Moth|
|poke|p2|Ogerpon-Wellspring, F|
|poke|p2|Latias, F|
|poke|p2|Zapdos|
|poke|p2|Politoed, M|
|teampreview
|inactive|Battle timer is ON: inactive players will automatically lose when time's up. (requested by A man named Derp)
|
|t:|1760783219
|teamsize|p1|6
|teamsize|p2|6
|start
|switch|p1a: Iron Hands|Iron Hands|100/100
|switch|p2a: Garganacl|Garganacl, F|100/100
|turn|1
|
|t:|1760783228
|move|p1a: Iron Hands|Fake Out|p2a: Garganacl
|-resisted|p2a: Garganacl
|-damage|p2a: Garganacl|95/100
|cant|p2a: Garganacl|flinch
|
|-heal|p2a: Garganacl|100/100|[from] item: Leftovers
|upkeep
|turn|2
|
|t:|1760783234
|move|p1a: Iron Hands|Drain Punch|p2a: Garganacl
|-supereffective|p2a: Garganacl
|-damage|p2a: Garganacl|35/100
|move|p2a: Garganacl|Salt Cure|p1a: Iron Hands
|-resisted|p1a: Iron Hands
|-damage|p1a: Iron Hands|96/100
|-start|p1a: Iron Hands|Salt Cure
|
|-heal|p2a: Garganacl|41/100|[from] item: Leftovers
|-damage|p1a: Iron Hands|84/100|[from] Salt Cure
|upkeep
|turn|3
|
|t:|1760783253
|-end|p1a: Iron Hands|Quark Drive|[silent]
|switch|p1a: Glimmora|Glimmora, F|100/100
|switch|p2a: Politoed|Politoed, M|100/100
|-weather|RainDance|[from] ability: Drizzle|[of] p2a: Politoed
|
|-weather|RainDance|[upkeep]
|upkeep
|turn|4
|
|t:|1760783258
|move|p1a: Glimmora|Energy Ball|p2a: Politoed
|-supereffective|p2a: Politoed
|-damage|p2a: Politoed|61/100
|move|p2a: Politoed|Weather Ball|p1a: Glimmora
|-supereffective|p1a: Glimmora
|-enditem|p1a: Glimmora|Focus Sash
|-damage|p1a: Glimmora|1/100
|
|-weather|RainDance|[upkeep]
|-heal|p2a: Politoed|67/100|[from] item: Leftovers
|upkeep
|turn|5
|
|t:|1760783284
|move|p1a: Glimmora|Stealth Rock|p2a: Politoed
|-sidestart|p2: moldono|move: Stealth Rock
|move|p2a: Politoed|Weather Ball|p1a: Glimmora
|-supereffective|p1a: Glimmora
|-damage|p1a: Glimmora|0 fnt
|faint|p1a: Glimmora
|
|-weather|RainDance|[upkeep]
|-heal|p2a: Politoed|73/100|[from] item: Leftovers
|upkeep
|
|t:|1760783290
|switch|p1a: Iron Hands|Iron Hands|84/100
|turn|6
|
|t:|1760783299
|move|p2a: Politoed|Substitute|p2a: Politoed
|-start|p2a: Politoed|Substitute
|-damage|p2a: Politoed|49/100
|move|p1a: Iron Hands|Supercell Slam|p2a: Politoed
|-supereffective|p2a: Politoed
|-end|p2a: Politoed|Substitute
|
|-weather|RainDance|[upkeep]
|-heal|p2a: Politoed|55/100|[from] item: Leftovers
|upkeep
|turn|7
|inactive|moldono has 120 seconds left.
|
|t:|1760783331
|switch|p2a: Zapdos|Zapdos|100/100
|-damage|p2a: Zapdos|76/100|[from] Stealth Rock
|move|p1a: Iron Hands|Drain Punch|p2a: Zapdos
|-resisted|p2a: Zapdos
|-damage|p2a: Zapdos|48/100
|-heal|p1a: Iron Hands|92/100|[from] drain|[of] p2a: Zapdos
|
|-weather|none
|upkeep
|turn|8
|inactive|moldono has 120 seconds left.
|inactive|moldono has 90 seconds left.
|
|t:|1760783367
|move|p2a: Zapdos|Heat Wave|p1a: Iron Hands
|-damage|p1a: Iron Hands|62/100
|move|p1a: Iron Hands|Ice Punch|p2a: Zapdos
|-supereffective|p2a: Zapdos
|-damage|p2a: Zapdos|0 fnt
|faint|p2a: Zapdos
|
|upkeep
|inactive|moldono has 90 seconds left.
|
|t:|1760783380
|switch|p2a: Latias|Latias, F|100/100
|-damage|p2a: Latias|88/100|[from] Stealth Rock
|turn|9
|
|t:|1760783384
|move|p2a: Latias|Mist Ball|p1a: Iron Hands
|-supereffective|p1a: Iron Hands
|-damage|p1a: Iron Hands|0 fnt
|faint|p1a: Iron Hands
|-end|p1a: Iron Hands|Quark Drive|[silent]
|
|upkeep
|
|t:|1760783389
|switch|p1a: Dragapult|Dragapult, F|100/100
|turn|10
|
|t:|1760783405
|switch|p2a: Garganacl|Garganacl, F|41/100
|-damage|p2a: Garganacl|29/100|[from] Stealth Rock
|move|p1a: Dragapult|Thunder Wave|p2a: Garganacl|[miss]
|-miss|p1a: Dragapult|p2a: Garganacl
|
|-heal|p2a: Garganacl|35/100|[from] item: Leftovers
|upkeep
|turn|11
|
|t:|1760783420
|move|p1a: Dragapult|Draco Meteor|p2a: Garganacl
|-damage|p2a: Garganacl|0 fnt
|-unboost|p1a: Dragapult|spa|2
|faint|p2a: Garganacl
|
|upkeep
|
|t:|1760783428
|switch|p2a: Ogerpon|Ogerpon-Wellspring, F|100/100
|-damage|p2a: Ogerpon|88/100|[from] Stealth Rock
|turn|12
|
|t:|1760783433
|move|p1a: Dragapult|Thunder Wave|p2a: Ogerpon|[miss]
|-miss|p1a: Dragapult|p2a: Ogerpon
|move|p2a: Ogerpon|Knock Off|p1a: Dragapult
|-supereffective|p1a: Dragapult
|-damage|p1a: Dragapult|1/100
|-enditem|p1a: Dragapult|Heavy-Duty Boots|[from] move: Knock Off|[of] p2a: Ogerpon
|
|upkeep
|turn|13
|-message|A man named Derp forfeited.
|
|win|moldono
|raw|A man named Derp's rating: 1183 &rarr; <strong>1158</strong><br />(-25 for losing)
|raw|moldono's rating: 1184 &rarr; <strong>1209</strong><br />(+25 for winning)
|l|☆A man named Derp
|player|p1|
|l|☆moldono
|player|p2|
