|j|☆jop90
|j|☆Ludibrobro
|t:|1760811115
|gametype|singles
|player|p1|jop90|1|1475
|player|p2|Ludibrobro|170|1479
|gen|9
|tier|[Gen 9] OU
|rated|
|rule|HP Percentage Mod: HP is shown in percentages
|rule|Endless Battle Clause: Forcing endless battles is banned
|rule|Species Clause: Limit one of each Pokémon
|rule|OHKO Clause: OHKO moves are banned
|rule|Evasion Items Clause: Evasion items are banned
|rule|Evasion Moves Clause: Evasion moves are banned
|rule|Evasion Abilities Clause: Evasion abilities are banned
|rule|Sleep Moves Clause: Sleep-inducing moves are banned
|clearpoke
|poke|p1|Araquanid, F|
|poke|p1|Scizor, M|
|poke|p1|Lokix, M|
|poke|p1|Yanmega, F|
|poke|p1|Forretress, M|
|poke|p1|Ribombee, M|
|poke|p2|Typhlosion-Hisui, F|
|poke|p2|Hatterene, F|
|poke|p2|Great Tusk|
|poke|p2|Weezing-Galar, F|
|poke|p2|Zamazenta-*|
|poke|p2|Ting-Lu|
|teampreview
|inactive|Battle timer is ON: inactive players will automatically lose when time's up. (requested by Ludibrobro)
|
|t:|1760811152
|teamsize|p1|6
|teamsize|p2|6
|start
|switch|p1a: Lokix|Lokix, M|100/100
|switch|p2a: Weezing|Weezing-Galar, F|100/100
|-ability|p2a: Weezing|Neutralizing Gas
|turn|1
|
|t:|1760811157
|move|p1a: Lokix|U-turn|p2a: Weezing
|-resisted|p2a: Weezing
|-damage|p2a: Weezing|93/100
|
|t:|1760811166
|switch|p1a: Yanmega|Yanmega, F|100/100|[from] U-turn
|move|p2a: Weezing|Will-O-Wisp|p1a: Yanmega
|-status|p1a: Yanmega|brn
|
|-damage|p1a: Yanmega|94/100 brn|[from] brn
|upkeep
|turn|2
|inactive|Ludibrobro has 120 seconds left.
|
|t:|1760811222
|-end|p2a: Weezing|ability: Neutralizing Gas
|switch|p2a: Zamazenta|Zamazenta|100/100
|-ability|p2a: Zamazenta|Dauntless Shield|boost
|-boost|p2a: Zamazenta|def|1
|move|p1a: Yanmega|Bug Buzz|p2a: Zamazenta
|-resisted|p2a: Zamazenta
|-damage|p2a: Zamazenta|50/100
|
|-heal|p2a: Zamazenta|57/100|[from] item: Leftovers
|-damage|p1a: Yanmega|88/100 brn|[from] brn
|upkeep
|turn|3
|inactive|Ludibrobro has 90 seconds left.
|
|t:|1760811246
|switch|p1a: Forretress|Forretress, M|100/100
|move|p2a: Zamazenta|Stone Edge|p1a: Forretress|[miss]
|-miss|p2a: Zamazenta|p1a: Forretress
|
|-heal|p2a: Zamazenta|63/100|[from] item: Leftovers
|upkeep
|turn|4
|
|t:|1760811251
|switch|p2a: Great Tusk|Great Tusk|100/100
|-enditem|p2a: Great Tusk|Booster Energy
|-activate|p2a: Great Tusk|ability: Protosynthesis|[fromitem]
|-start|p2a: Great Tusk|protosynthesisatk
|move|p1a: Forretress|Volt Switch|p2a: Great Tusk
|-immune|p2a: Great Tusk
|
|upkeep
|turn|5
|
|t:|1760811260
|move|p2a: Great Tusk|Temper Flare|p1a: Forretress
|-supereffective|p1a: Forretress
|-damage|p1a: Forretress|29/100
|move|p1a: Forretress|Body Press|p2a: Great Tusk
|-damage|p2a: Great Tusk|77/100
|
|-heal|p1a: Forretress|36/100|[from] item: Leftovers
|upkeep
|turn|6
|
|t:|1760811270
|move|p2a: Great Tusk|Headlong Rush|p1a: Forretress
|-damage|p1a: Forretress|0 fnt
|-unboost|p2a: Great Tusk|def|1
|-unboost|p2a: Great Tusk|spd|1
|faint|p1a: Forretress
|
|upkeep
|
|t:|1760811277
|switch|p1a: Yanmega|Yanmega, F|88/100 brn
|turn|7
|
|t:|1760811284
|-end|p2a: Great Tusk|Protosynthesis|[silent]
|switch|p2a: Zamazenta|Zamazenta|63/100
|move|p1a: Yanmega|Bug Buzz|p2a: Zamazenta
|-resisted|p2a: Zamazenta
|-damage|p2a: Zamazenta|13/100
|
|-heal|p2a: Zamazenta|19/100|[from] item: Leftovers
|-damage|p1a: Yanmega|82/100 brn|[from] brn
|upkeep
|turn|8
|inactive|Ludibrobro has 120 seconds left.
|
|t:|1760811290
|-terastallize|p1a: Yanmega|Ground
|move|p2a: Zamazenta|Stone Edge|p1a: Yanmega
|-resisted|p1a: Yanmega
|-damage|p1a: Yanmega|64/100 brn
|move|p1a: Yanmega|Bug Buzz|p2a: Zamazenta
|-resisted|p2a: Zamazenta
|-damage|p2a: Zamazenta|0 fnt
|faint|p2a: Zamazenta
|
|-damage|p1a: Yanmega|58/100 brn|[from] brn
|upkeep
|inactive|Ludibrobro has 120 seconds left.
|
|t:|1760811308
|switch|p2a: Typhlosion|Typhlosion-Hisui, F|100/100
|-item|p1a: Yanmega|Choice Specs|[from] ability: Frisk|[of] p2a: Typhlosion
|turn|9
|
|t:|1760811315
|switch|p1a: Araquanid|Araquanid, F|100/100
|move|p2a: Typhlosion|Infernal Parade|p1a: Araquanid
|-damage|p1a: Araquanid|86/100
|
|upkeep
|turn|10
|
|t:|1760811320
|switch|p2a: Ting-Lu|Ting-Lu|100/100
|-ability|p2a: Ting-Lu|Vessel of Ruin
|move|p1a: Araquanid|Liquidation|p2a: Ting-Lu
|-supereffective|p2a: Ting-Lu
|-damage|p2a: Ting-Lu|32/100
|
|-heal|p2a: Ting-Lu|38/100|[from] item: Leftovers
|upkeep
|turn|11
|
|t:|1760811323
|move|p2a: Ting-Lu|Stealth Rock|p1a: Araquanid
|-sidestart|p1: jop90|move: Stealth Rock
|move|p1a: Araquanid|Liquidation|p2a: Ting-Lu
|-supereffective|p2a: Ting-Lu
|-damage|p2a: Ting-Lu|0 fnt
|faint|p2a: Ting-Lu
|
|upkeep
|inactive|Ludibrobro has 120 seconds left.
|
|t:|1760811353
|switch|p2a: Hatterene|Hatterene, F|100/100
|turn|12
|
|t:|1760811359
|move|p1a: Araquanid|Liquidation|p2a: Hatterene
|-damage|p2a: Hatterene|47/100
|-unboost|p2a: Hatterene|def|1
|move|p2a: Hatterene|Nuzzle|p1a: Araquanid
|-supereffective|p1a: Araquanid
|-damage|p1a: Araquanid|78/100
|-status|p1a: Araquanid|par
|
|-heal|p2a: Hatterene|53/100|[from] item: Leftovers
|upkeep
|turn|13
|
|t:|1760811365
|switch|p2a: Weezing|Weezing-Galar, F|93/100
|-ability|p2a: Weezing|Neutralizing Gas
|move|p1a: Araquanid|Liquidation|p2a: Weezing
|-damage|p2a: Weezing|73/100
|
|upkeep
|turn|14
|
|t:|1760811372
|switch|p1a: Scizor|Scizor, M|100/100
|move|p2a: Weezing|Toxic Spikes|p1a: Scizor
|-sidestart|p1: jop90|move: Toxic Spikes
|
|upkeep
|turn|15
|
|t:|1760811378
|-end|p2a: Weezing|ability: Neutralizing Gas
|switch|p2a: Typhlosion|Typhlosion-Hisui, F|100/100
|-item|p1a: Scizor|Heavy-Duty Boots|[from] ability: Frisk|[of] p2a: Typhlosion
|move|p1a: Scizor|Defog|p2a: Typhlosion
|-unboost|p2a: Typhlosion|evasion|1
|-sideend|p1: jop90|Toxic Spikes|[from] move: Defog|[of] p1a: Scizor
|-sideend|p1: jop90|Stealth Rock|[from] move: Defog|[of] p1a: Scizor
|
|upkeep
|turn|16
|
|t:|1760811384
|switch|p1a: Araquanid|Araquanid, F|78/100 par
|move|p2a: Typhlosion|Eruption|p1a: Araquanid
|-damage|p1a: Araquanid|59/100 par
|
|upkeep
|turn|17
|
|t:|1760811390
|switch|p2a: Weezing|Weezing-Galar, F|73/100
|-ability|p2a: Weezing|Neutralizing Gas
|cant|p1a: Araquanid|par
|
|upkeep
|turn|18
|
|t:|1760811396
|move|p2a: Weezing|Toxic Spikes|p1a: Araquanid
|-sidestart|p1: jop90|move: Toxic Spikes
|move|p1a: Araquanid|Surf|p2a: Weezing
|-damage|p2a: Weezing|46/100
|
|upkeep
|turn|19
|
|t:|1760811403
|move|p2a: Weezing|Pain Split|p1a: Araquanid
|-sethp|p1a: Araquanid|52/100 par|[from] move: Pain Split|[silent]
|-sethp|p2a: Weezing|53/100|[from] move: Pain Split
|cant|p1a: Araquanid|par
|
|upkeep
|turn|20
|
|t:|1760811407
|switch|p1a: Scizor|Scizor, M|100/100
|move|p2a: Weezing|Sludge Bomb|p1a: Scizor
|-immune|p1a: Scizor
|
|upkeep
|turn|21
|
|t:|1760811412
|move|p1a: Scizor|Defog|p2a: Weezing
|-unboost|p2a: Weezing|evasion|1
|-sideend|p1: jop90|Toxic Spikes|[from] move: Defog|[of] p1a: Scizor
|move|p2a: Weezing|Will-O-Wisp|p1a: Scizor
|-status|p1a: Scizor|brn
|
|-damage|p1a: Scizor|94/100 brn|[from] brn
|upkeep
|turn|22
|
|t:|1760811418
|switch|p1a: Yanmega|Yanmega, F, tera:Ground|58/100 brn
|move|p2a: Weezing|Toxic Spikes|p1a: Yanmega
|-sidestart|p1: jop90|move: Toxic Spikes
|
|-damage|p1a: Yanmega|52/100 brn|[from] brn
|upkeep
|turn|23
|
|t:|1760811439
|-end|p2a: Weezing|ability: Neutralizing Gas
|switch|p2a: Hatterene|Hatterene, F|53/100
|move|p1a: Yanmega|Air Slash|p2a: Hatterene
|-damage|p2a: Hatterene|0 fnt
|faint|p2a: Hatterene
|
|-damage|p1a: Yanmega|46/100 brn|[from] brn
|upkeep
|
|t:|1760811442
|switch|p2a: Typhlosion|Typhlosion-Hisui, F|100/100
|-item|p1a: Yanmega|Choice Specs|[from] ability: Frisk|[of] p2a: Typhlosion
|turn|24
|inactive|jop90 has 120 seconds left.
|
|t:|1760811474
|switch|p1a: Ribombee|Ribombee, M|100/100
|-status|p1a: Ribombee|psn
|move|p2a: Typhlosion|Infernal Parade|p1a: Ribombee
|-enditem|p1a: Ribombee|Focus Sash
|-damage|p1a: Ribombee|1/100 psn
|
|-damage|p1a: Ribombee|0 fnt|[from] psn
|faint|p1a: Ribombee
|upkeep
|
|t:|1760811477
|switch|p1a: Araquanid|Araquanid, F|52/100 par
|turn|25
|
|t:|1760811493
|switch|p2a: Weezing|Weezing-Galar, F|53/100
|-ability|p2a: Weezing|Neutralizing Gas
|move|p1a: Araquanid|Liquidation|p2a: Weezing
|-damage|p2a: Weezing|31/100
|
|upkeep
|turn|26
|
|t:|1760811506
|switch|p1a: Yanmega|Yanmega, F, tera:Ground|46/100 brn
|move|p2a: Weezing|Pain Split|p1a: Yanmega
|-sethp|p1a: Yanmega|39/100 brn|[from] move: Pain Split|[silent]
|-sethp|p2a: Weezing|37/100|[from] move: Pain Split
|
|-damage|p1a: Yanmega|33/100 brn|[from] brn
|upkeep
|turn|27
|
|t:|1760811522
|move|p1a: Yanmega|Air Slash|p2a: Weezing
|-damage|p2a: Weezing|0 fnt
|faint|p2a: Weezing
|-end|p2a: Weezing|ability: Neutralizing Gas
|
|-damage|p1a: Yanmega|27/100 brn|[from] brn
|upkeep
|
|t:|1760811527
|switch|p2a: Typhlosion|Typhlosion-Hisui, F|100/100
|-item|p1a: Yanmega|Choice Specs|[from] ability: Frisk|[of] p2a: Typhlosion
|turn|28
|
|t:|1760811532
|switch|p1a: Scizor|Scizor, M|94/100 brn
|move|p2a: Typhlosion|Infernal Parade|p1a: Scizor
|-damage|p1a: Scizor|24/100 brn
|
|-damage|p1a: Scizor|18/100 brn|[from] brn
|upkeep
|turn|29
|
|t:|1760811536
|move|p1a: Scizor|Bullet Punch|p2a: Typhlosion
|-resisted|p2a: Typhlosion
|-damage|p2a: Typhlosion|88/100
|move|p2a: Typhlosion|Infernal Parade|p1a: Scizor
|-damage|p1a: Scizor|0 fnt
|faint|p1a: Scizor
|
|upkeep
|
|t:|1760811539
|switch|p1a: Araquanid|Araquanid, F|52/100 par
|turn|30
|
|t:|1760811562
|move|p2a: Typhlosion|Infernal Parade|p1a: Araquanid
|-damage|p1a: Araquanid|20/100 par
|move|p1a: Araquanid|Liquidation|p2a: Typhlosion
|-supereffective|p2a: Typhlosion
|-damage|p2a: Typhlosion|0 fnt
|faint|p2a: Typhlosion
|
|upkeep
|
|t:|1760811567
|switch|p2a: Great Tusk|Great Tusk|77/100
|turn|31
|
|t:|1760811583
|move|p2a: Great Tusk|Rapid Spin|p1a: Araquanid
|-damage|p1a: Araquanid|0 fnt
|-boost|p2a: Great Tusk|spe|1
|faint|p1a: Araquanid
|
|upkeep
|
|t:|1760811588
|switch|p1a: Yanmega|Yanmega, F, tera:Ground|27/100 brn
|turn|32
|
|t:|1760811594
|move|p2a: Great Tusk|Ice Spinner|p1a: Yanmega
|-supereffective|p1a: Yanmega
|-damage|p1a: Yanmega|0 fnt
|faint|p1a: Yanmega
|
|upkeep
|
|t:|1760811597
|switch|p1a: Lokix|Lokix, M|100/100
|-status|p1a: Lokix|psn
|turn|33
|
|t:|1760811620
|-terastallize|p2a: Great Tusk|Fire
|move|p1a: Lokix|Sucker Punch|p2a: Great Tusk
|-damage|p2a: Great Tusk|43/100
|move|p2a: Great Tusk|Temper Flare|p1a: Lokix
|-supereffective|p1a: Lokix
|-damage|p1a: Lokix|0 fnt
|faint|p1a: Lokix
|
|win|Ludibrobro
|raw|jop90's rating: 1475 &rarr; <strong>1455</strong><br />(-20 for losing)
|raw|Ludibrobro's rating: 1479 &rarr; <strong>1499</strong><br />(+20 for winning)
|l|☆jop90
|player|p1|
|c|☆Ludibrobro|gg
|l|☆Ludibrobro
|player|p2|
