|j|☆player jack
|j|☆jack soplica
|t:|1760785407
|gametype|singles
|player|p1|player jack|roxie|1261
|player|p2|jack soplica|grimsley|1322
|gen|9
|tier|[Gen 9] OU
|rated|
|rule|HP Percentage Mod: HP is shown in percentages
|rule|Endless Battle Clause: Forcing endless battles is banned
|rule|Species Clause: Limit one of each Pokémon
|rule|OHKO Clause: OHKO moves are banned
|rule|Evasion Items Clause: Evasion items are banned
|rule|Evasion Moves Clause: Evasion moves are banned
|rule|Evasion Abilities Clause: Evasion abilities are banned
|rule|Sleep Moves Clause: Sleep-inducing moves are banned
|clearpoke
|poke|p1|Sandy Shocks|
|poke|p1|Scizor, F|
|poke|p1|Lycanroc-Dusk, F|
|poke|p1|Greninja-*, M|
|poke|p1|Haunter, F|
|poke|p1|Alomomola, F|
|poke|p2|Glimmora, F|
|poke|p2|Kingambit, M|
|poke|p2|Iron Valiant|
|poke|p2|Samurott-Hisui, M|
|poke|p2|Ogerpon-Wellspring, F|
|poke|p2|Iron Moth|
|teampreview
|inactive|Battle timer is ON: inactive players will automatically lose when time's up. (requested by jack soplica)
|
|t:|1760785427
|teamsize|p1|6
|teamsize|p2|6
|start
|switch|p1a: Sandy Shocks|Sandy Shocks, shiny|100/100
|switch|p2a: Glimmora|Glimmora, F|100/100
|-enditem|p1a: Sandy Shocks|Booster Energy
|-activate|p1a: Sandy Shocks|ability: Protosynthesis|[fromitem]
|-start|p1a: Sandy Shocks|protosynthesisspe
|turn|1
|
|t:|1760785436
|move|p1a: Sandy Shocks|Earth Power|p2a: Glimmora
|-supereffective|p2a: Glimmora
|-enditem|p2a: Glimmora|Focus Sash
|-damage|p2a: Glimmora|1/100
|move|p2a: Glimmora|Stealth Rock|p1a: Sandy Shocks
|-sidestart|p1: player jack|move: Stealth Rock
|
|upkeep
|turn|2
|
|t:|1760785445
|move|p1a: Sandy Shocks|Thunderbolt|p2a: Glimmora
|-damage|p2a: Glimmora|0 fnt
|faint|p2a: Glimmora
|
|upkeep
|
|t:|1760785471
|switch|p2a: Iron Valiant|Iron Valiant|100/100
|-enditem|p2a: Iron Valiant|Booster Energy
|-activate|p2a: Iron Valiant|ability: Quark Drive|[fromitem]
|-start|p2a: Iron Valiant|quarkdrivespe
|turn|3
|
|t:|1760785484
|move|p2a: Iron Valiant|Moonblast|p1a: Sandy Shocks
|-damage|p1a: Sandy Shocks|44/100
|move|p1a: Sandy Shocks|Thunderbolt|p2a: Iron Valiant
|-damage|p2a: Iron Valiant|27/100
|
|upkeep
|turn|4
|
|t:|1760785492
|-end|p1a: Sandy Shocks|Protosynthesis|[silent]
|switch|p1a: Scizor|Scizor, F, shiny|100/100
|-damage|p1a: Scizor|88/100|[from] Stealth Rock
|move|p2a: Iron Valiant|Moonblast|p1a: Scizor
|-resisted|p1a: Scizor
|-damage|p1a: Scizor|62/100
|
|upkeep
|turn|5
|
|t:|1760785502
|-terastallize|p2a: Iron Valiant|Electric
|move|p2a: Iron Valiant|Thunderbolt|p1a: Scizor
|-damage|p1a: Scizor|11/100
|move|p1a: Scizor|Dual Wingbeat|p2a: Iron Valiant
|-resisted|p2a: Iron Valiant
|-damage|p2a: Iron Valiant|4/100
|-resisted|p2a: Iron Valiant
|-damage|p2a: Iron Valiant|0 fnt
|faint|p2a: Iron Valiant
|-end|p2a: Iron Valiant|Quark Drive|[silent]
|-hitcount|p2: Iron Valiant|2
|
|upkeep
|
|t:|1760785516
|switch|p2a: Ogerpon|Ogerpon-Wellspring, F|100/100
|turn|6
|
|t:|1760785521
|move|p2a: Ogerpon|Knock Off|p1a: Scizor
|-damage|p1a: Scizor|0 fnt
|-enditem|p1a: Scizor|Choice Band|[from] move: Knock Off|[of] p2a: Ogerpon
|faint|p1a: Scizor
|
|upkeep
|
|t:|1760785527
|switch|p1a: Greninja|Greninja, M|100/100
|-damage|p1a: Greninja|88/100|[from] Stealth Rock
|turn|7
|
|t:|1760785531
|move|p1a: Greninja|Sludge Wave|p2a: Ogerpon
|-supereffective|p2a: Ogerpon
|-damage|p2a: Ogerpon|14/100
|-status|p2a: Ogerpon|psn
|-damage|p1a: Greninja|78/100|[from] item: Life Orb
|move|p2a: Ogerpon|Power Whip|p1a: Greninja
|-supereffective|p1a: Greninja
|-damage|p1a: Greninja|0 fnt
|faint|p1a: Greninja
|
|-damage|p2a: Ogerpon|2/100 psn|[from] psn
|upkeep
|
|t:|1760785543
|switch|p1a: Alomomola|Alomomola, F, shiny|100/100
|turn|8
|
|t:|1760785546
|move|p1a: Alomomola|Protect|p1a: Alomomola
|-singleturn|p1a: Alomomola|Protect
|move|p2a: Ogerpon|Knock Off|p1a: Alomomola
|-activate|p1a: Alomomola|move: Protect
|
|-damage|p2a: Ogerpon|0 fnt|[from] psn
|faint|p2a: Ogerpon
|upkeep
|
|t:|1760785553
|switch|p2a: Samurott|Samurott-Hisui, M|100/100
|turn|9
|
|t:|1760785557
|move|p2a: Samurott|Knock Off|p1a: Alomomola
|-crit|p1a: Alomomola
|-damage|p1a: Alomomola|53/100
|-enditem|p1a: Alomomola|Heavy-Duty Boots|[from] move: Knock Off|[of] p2a: Samurott
|move|p1a: Alomomola|Flip Turn|p2a: Samurott
|-resisted|p2a: Samurott
|-damage|p2a: Samurott|90/100
|
|t:|1760785560
|switch|p1a: Sandy Shocks|Sandy Shocks, shiny|44/100|[from] Flip Turn
|-damage|p1a: Sandy Shocks|38/100|[from] Stealth Rock
|
|upkeep
|turn|10
|
|t:|1760785570
|move|p2a: Samurott|Aqua Jet|p1a: Sandy Shocks
|-supereffective|p1a: Sandy Shocks
|-damage|p1a: Sandy Shocks|0 fnt
|faint|p1a: Sandy Shocks
|-end|p1a: Sandy Shocks|Protosynthesis|[silent]
|
|upkeep
|
|t:|1760785575
|switch|p1a: Haunter|Haunter, F, shiny|100/100
|-damage|p1a: Haunter|88/100|[from] Stealth Rock
|turn|11
|
|t:|1760785579
|move|p1a: Haunter|Dazzling Gleam|p2a: Samurott
|-supereffective|p2a: Samurott
|-damage|p2a: Samurott|0 fnt
|faint|p2a: Samurott
|
|upkeep
|
|t:|1760785584
|switch|p2a: Iron Moth|Iron Moth|100/100
|-enditem|p2a: Iron Moth|Booster Energy
|-activate|p2a: Iron Moth|ability: Quark Drive|[fromitem]
|-start|p2a: Iron Moth|quarkdrivespe
|turn|12
|
|t:|1760785590
|move|p2a: Iron Moth|Fiery Dance|p1a: Haunter
|-damage|p1a: Haunter|0 fnt
|-boost|p2a: Iron Moth|spa|1
|faint|p1a: Haunter
|
|upkeep
|
|t:|1760785595
|switch|p1a: Alomomola|Alomomola, F, shiny|86/100
|-damage|p1a: Alomomola|74/100|[from] Stealth Rock
|turn|13
|
|t:|1760785600
|move|p2a: Iron Moth|Sludge Wave|p1a: Alomomola
|-damage|p1a: Alomomola|15/100
|move|p1a: Alomomola|Wish|p1a: Alomomola
|
|upkeep
|turn|14
|
|t:|1760785605
|move|p1a: Alomomola|Protect|p1a: Alomomola
|-singleturn|p1a: Alomomola|Protect
|move|p2a: Iron Moth|Substitute|p2a: Iron Moth
|-start|p2a: Iron Moth|Substitute
|-damage|p2a: Iron Moth|76/100
|
|-heal|p1a: Alomomola|65/100|[from] move: Wish|[wisher] Alomomola
|upkeep
|turn|15
|
|t:|1760785612
|move|p2a: Iron Moth|Sludge Wave|p1a: Alomomola
|-damage|p1a: Alomomola|8/100
|move|p1a: Alomomola|Scald|p2a: Iron Moth
|-supereffective|p2a: Iron Moth
|-end|p2a: Iron Moth|Substitute
|
|upkeep
|turn|16
|
|t:|1760785618
|move|p2a: Iron Moth|Sludge Wave|p1a: Alomomola
|-damage|p1a: Alomomola|0 fnt
|faint|p1a: Alomomola
|
|upkeep
|
|t:|1760785620
|switch|p1a: Lycanroc|Lycanroc-Dusk, F, shiny|100/100
|-damage|p1a: Lycanroc|88/100|[from] Stealth Rock
|turn|17
|
|t:|1760785647
|move|p1a: Lycanroc|Accelerock|p2a: Iron Moth
|-supereffective|p2a: Iron Moth
|-damage|p2a: Iron Moth|2/100
|move|p2a: Iron Moth|Dazzling Gleam|p1a: Lycanroc
|-damage|p1a: Lycanroc|20/100
|
|upkeep
|turn|18
|
|t:|1760785654
|move|p1a: Lycanroc|Accelerock|p2a: Iron Moth
|-supereffective|p2a: Iron Moth
|-damage|p2a: Iron Moth|0 fnt
|faint|p2a: Iron Moth
|-end|p2a: Iron Moth|Quark Drive|[silent]
|
|upkeep
|
|t:|1760785659
|switch|p2a: Kingambit|Kingambit, M|100/100
|-activate|p2a: Kingambit|ability: Supreme Overlord
|-start|p2a: Kingambit|fallen5|[silent]
|turn|19
|
|t:|1760785663
|move|p1a: Lycanroc|Accelerock|p2a: Kingambit
|-resisted|p2a: Kingambit
|-crit|p2a: Kingambit
|-damage|p2a: Kingambit|87/100
|move|p2a: Kingambit|Sucker Punch||[still]
|-fail|p2a: Kingambit
|
|upkeep
|turn|20
|
|t:|1760785669
|move|p1a: Lycanroc|Close Combat|p2a: Kingambit
|-supereffective|p2a: Kingambit
|-damage|p2a: Kingambit|0 fnt
|-unboost|p1a: Lycanroc|def|1
|-unboost|p1a: Lycanroc|spd|1
|faint|p2a: Kingambit
|-end|p2a: Kingambit|fallen5|[silent]
|
|win|player jack
|raw|player jack's rating: 1261 &rarr; <strong>1290</strong><br />(+29 for winning)
|raw|jack soplica's rating: 1322 &rarr; <strong>1299</strong><br />(-23 for losing)
|l|☆player jack
|player|p1|
|c|☆jack soplica|gg
|l|☆jack soplica
|player|p2|
