|j|☆NaCl fish
|j|☆Howsthatforaname
|t:|1760781869
|gametype|singles
|player|p1|NaCl fish|irida|1279
|player|p2|Howsthatforaname|wattson|1348
|gen|9
|tier|[Gen 9] OU
|rated|
|rule|HP Percentage Mod: HP is shown in percentages
|rule|Endless Battle Clause: Forcing endless battles is banned
|rule|Species Clause: Limit one of each Pokémon
|rule|OHKO Clause: OHKO moves are banned
|rule|Evasion Items Clause: Evasion items are banned
|rule|Evasion Moves Clause: Evasion moves are banned
|rule|Evasion Abilities Clause: Evasion abilities are banned
|rule|Sleep Moves Clause: Sleep-inducing moves are banned
|clearpoke
|poke|p1|Torkoal, M|
|poke|p1|Ogerpon-Wellspring, F|
|poke|p1|Walking Wake|
|poke|p1|Gliscor, M|
|poke|p1|Raging Bolt|
|poke|p1|Toxapex, M|
|poke|p2|Dragonite, M|
|poke|p2|Jolteon, M|
|poke|p2|Meganium, M|
|poke|p2|Scizor, M|
|poke|p2|Poliwrath, M|
|poke|p2|Pelipper, M|
|teampreview
|inactive|Battle timer is ON: inactive players will automatically lose when time's up. (requested by NaCl fish)
|
|t:|1760781877
|teamsize|p1|6
|teamsize|p2|6
|start
|switch|p1a: Ogerpon|Ogerpon-Wellspring, F|100/100
|switch|p2a: Jolteon|Jolteon, M|100/100
|turn|1
|
|t:|1760781882
|move|p1a: Ogerpon|Spiky Shield|p1a: Ogerpon
|-singleturn|p1a: Ogerpon|move: Protect
|move|p2a: Jolteon|Volt Switch|p1a: Ogerpon
|-activate|p1a: Ogerpon|move: Protect
|
|upkeep
|turn|2
|
|t:|1760781893
|switch|p2a: Scizor|Scizor, M|100/100
|switch|p1a: Gliscor|Gliscor, M|100/100
|
|-status|p1a: Gliscor|tox|[from] item: Toxic Orb
|upkeep
|turn|3
|
|t:|1760781904
|move|p1a: Gliscor|Knock Off|p2a: Scizor
|-damage|p2a: Scizor|80/100
|-enditem|p2a: Scizor|Leftovers|[from] move: Knock Off|[of] p1a: Gliscor
|move|p2a: Scizor|U-turn|p1a: Gliscor
|-resisted|p1a: Gliscor
|-damage|p1a: Gliscor|86/100 tox
|
|t:|1760781912
|switch|p2a: Poliwrath|Poliwrath, M|100/100|[from] U-turn
|
|-heal|p1a: Gliscor|98/100 tox|[from] ability: Poison Heal
|upkeep
|turn|4
|
|t:|1760781918
|move|p1a: Gliscor|Protect|p1a: Gliscor
|-singleturn|p1a: Gliscor|Protect
|move|p2a: Poliwrath|Ice Punch|p1a: Gliscor
|-activate|p1a: Gliscor|move: Protect
|
|-heal|p1a: Gliscor|100/100 tox|[from] ability: Poison Heal
|upkeep
|turn|5
|
|t:|1760781925
|switch|p1a: Toxapex|Toxapex, M|100/100
|move|p2a: Poliwrath|Bulk Up|p2a: Poliwrath
|-boost|p2a: Poliwrath|atk|1
|-boost|p2a: Poliwrath|def|1
|
|upkeep
|turn|6
|
|t:|1760781933
|switch|p2a: Scizor|Scizor, M|80/100
|move|p1a: Toxapex|Baneful Bunker||[still]
|-fail|p1a: Toxapex
|
|upkeep
|turn|7
|
|t:|1760781938
|move|p2a: Scizor|U-turn|p1a: Toxapex
|-resisted|p1a: Toxapex
|-damage|p1a: Toxapex|90/100
|
|t:|1760781941
|switch|p2a: Pelipper|Pelipper, M|100/100|[from] U-turn
|-weather|RainDance|[from] ability: Drizzle|[of] p2a: Pelipper
|move|p1a: Toxapex|Surf|p2a: Pelipper
|-resisted|p2a: Pelipper
|-damage|p2a: Pelipper|86/100
|
|-weather|RainDance|[upkeep]
|-heal|p1a: Toxapex|96/100|[from] item: Black Sludge
|upkeep
|turn|8
|
|t:|1760781955
|move|p2a: Pelipper|Hurricane|p1a: Toxapex
|-damage|p1a: Toxapex|67/100
|move|p1a: Toxapex|Surf|p2a: Pelipper
|-resisted|p2a: Pelipper
|-damage|p2a: Pelipper|71/100
|
|-weather|RainDance|[upkeep]
|-heal|p1a: Toxapex|74/100|[from] item: Black Sludge
|upkeep
|turn|9
|
|t:|1760781962
|move|p2a: Pelipper|Surf|p1a: Toxapex
|-resisted|p1a: Toxapex
|-damage|p1a: Toxapex|56/100
|move|p1a: Toxapex|Pain Split|p2a: Pelipper
|-sethp|p2a: Pelipper|62/100|[from] move: Pain Split|[silent]
|-sethp|p1a: Toxapex|66/100|[from] move: Pain Split
|
|-weather|RainDance|[upkeep]
|-heal|p1a: Toxapex|72/100|[from] item: Black Sludge
|upkeep
|turn|10
|
|t:|1760781971
|move|p1a: Toxapex|Baneful Bunker|p1a: Toxapex
|-singleturn|p1a: Toxapex|move: Protect
|move|p2a: Pelipper|Hurricane|p1a: Toxapex
|-activate|p1a: Toxapex|move: Protect
|
|-weather|RainDance|[upkeep]
|-heal|p1a: Toxapex|78/100|[from] item: Black Sludge
|upkeep
|turn|11
|
|t:|1760781977
|move|p2a: Pelipper|Hurricane|p1a: Toxapex
|-damage|p1a: Toxapex|48/100
|move|p1a: Toxapex|Surf|p2a: Pelipper
|-resisted|p2a: Pelipper
|-damage|p2a: Pelipper|48/100
|
|-weather|RainDance|[upkeep]
|-heal|p1a: Toxapex|54/100|[from] item: Black Sludge
|upkeep
|turn|12
|
|t:|1760781985
|move|p2a: Pelipper|Roost|p2a: Pelipper
|-heal|p2a: Pelipper|98/100
|-singleturn|p2a: Pelipper|move: Roost
|move|p1a: Toxapex|Pain Split|p2a: Pelipper
|-sethp|p2a: Pelipper|74/100|[from] move: Pain Split|[silent]
|-sethp|p1a: Toxapex|79/100|[from] move: Pain Split
|
|-weather|RainDance|[upkeep]
|-heal|p1a: Toxapex|85/100|[from] item: Black Sludge
|upkeep
|turn|13
|
|t:|1760782002
|switch|p2a: Dragonite|Dragonite, M|100/100
|move|p1a: Toxapex|Surf|p2a: Dragonite
|-resisted|p2a: Dragonite
|-damage|p2a: Dragonite|92/100
|
|-weather|RainDance|[upkeep]
|-heal|p1a: Toxapex|91/100|[from] item: Black Sludge
|upkeep
|turn|14
|
|t:|1760782010
|move|p2a: Dragonite|Thunder|p1a: Toxapex
|-supereffective|p1a: Toxapex
|-damage|p1a: Toxapex|32/100
|move|p1a: Toxapex|Haze|p1a: Toxapex
|-clearallboost
|
|-weather|none
|-heal|p1a: Toxapex|38/100|[from] item: Black Sludge
|upkeep
|turn|15
|
|t:|1760782019
|move|p2a: Dragonite|Draco Meteor|p1a: Toxapex
|-damage|p1a: Toxapex|0 fnt
|-unboost|p2a: Dragonite|spa|2
|faint|p1a: Toxapex
|
|upkeep
|
|t:|1760782022
|switch|p1a: Gliscor|Gliscor, M|100/100 tox
|turn|16
|
|t:|1760782027
|switch|p2a: Scizor|Scizor, M|80/100
|move|p1a: Gliscor|Fling|p2a: Scizor
|-damage|p2a: Scizor|74/100
|-enditem|p1a: Gliscor|Toxic Orb|[from] move: Fling
|
|upkeep
|turn|17
|
|t:|1760782042
|move|p1a: Gliscor|Knock Off|p2a: Scizor
|-damage|p2a: Scizor|62/100
|move|p2a: Scizor|U-turn|p1a: Gliscor
|-resisted|p1a: Gliscor
|-crit|p1a: Gliscor
|-damage|p1a: Gliscor|79/100 tox
|
|t:|1760782051
|switch|p2a: Pelipper|Pelipper, M|74/100|[from] U-turn
|-weather|RainDance|[from] ability: Drizzle|[of] p2a: Pelipper
|
|-weather|RainDance|[upkeep]
|-heal|p1a: Gliscor|91/100 tox|[from] ability: Poison Heal
|upkeep
|turn|18
|
|t:|1760782066
|move|p1a: Gliscor|Knock Off|p2a: Pelipper
|-damage|p2a: Pelipper|53/100
|-enditem|p2a: Pelipper|Damp Rock|[from] move: Knock Off|[of] p1a: Gliscor
|move|p2a: Pelipper|U-turn|p1a: Gliscor
|-resisted|p1a: Gliscor
|-damage|p1a: Gliscor|88/100 tox
|
|t:|1760782083
|switch|p2a: Dragonite|Dragonite, M|92/100|[from] U-turn
|
|-weather|RainDance|[upkeep]
|-heal|p1a: Gliscor|99/100 tox|[from] ability: Poison Heal
|upkeep
|turn|19
|
|t:|1760782098
|move|p2a: Dragonite|Hurricane|p1a: Gliscor
|-damage|p1a: Gliscor|56/100 tox
|-start|p1a: Gliscor|confusion
|-activate|p1a: Gliscor|confusion
|move|p1a: Gliscor|Knock Off|p2a: Dragonite
|-damage|p2a: Dragonite|70/100
|-enditem|p2a: Dragonite|Heavy-Duty Boots|[from] move: Knock Off|[of] p1a: Gliscor
|
|-weather|RainDance|[upkeep]
|-heal|p1a: Gliscor|68/100 tox|[from] ability: Poison Heal
|upkeep
|turn|20
|
|t:|1760782114
|-activate|p1a: Gliscor|confusion
|-damage|p1a: Gliscor|61/100 tox|[from] confusion
|move|p2a: Dragonite|Hurricane|p1a: Gliscor
|-damage|p1a: Gliscor|20/100 tox
|
|-weather|RainDance|[upkeep]
|-heal|p1a: Gliscor|33/100 tox|[from] ability: Poison Heal
|upkeep
|turn|21
|
|t:|1760782122
|-activate|p1a: Gliscor|confusion
|-damage|p1a: Gliscor|25/100 tox|[from] confusion
|move|p2a: Dragonite|Hurricane|p1a: Gliscor
|-damage|p1a: Gliscor|0 fnt
|faint|p1a: Gliscor
|
|-weather|RainDance|[upkeep]
|upkeep
|
|t:|1760782125
|switch|p1a: Torkoal|Torkoal, M|100/100
|-weather|SunnyDay|[from] ability: Drought|[of] p1a: Torkoal
|turn|22
|
|t:|1760782131
|switch|p2a: Pelipper|Pelipper, M|53/100
|-weather|RainDance|[from] ability: Drizzle|[of] p2a: Pelipper
|move|p1a: Torkoal|Stealth Rock|p2a: Pelipper
|-sidestart|p2: Howsthatforaname|move: Stealth Rock
|
|-weather|RainDance|[upkeep]
|upkeep
|turn|23
|
|t:|1760782148
|switch|p1a: Ogerpon|Ogerpon-Wellspring, F|100/100
|move|p2a: Pelipper|Roost|p2a: Pelipper
|-heal|p2a: Pelipper|100/100
|-singleturn|p2a: Pelipper|move: Roost
|
|-weather|RainDance|[upkeep]
|upkeep
|turn|24
|
|t:|1760782155
|move|p1a: Ogerpon|Spiky Shield|p1a: Ogerpon
|-singleturn|p1a: Ogerpon|move: Protect
|move|p2a: Pelipper|U-turn|p1a: Ogerpon
|-activate|p1a: Ogerpon|move: Protect
|-damage|p2a: Pelipper|88/100|[from] Spiky Shield|[of] p1a: Ogerpon
|
|-weather|RainDance|[upkeep]
|upkeep
|turn|25
|
|t:|1760782162
|move|p1a: Ogerpon|Ivy Cudgel|p2a: Pelipper|[anim] Ivy Cudgel Water
|-resisted|p2a: Pelipper
|-damage|p2a: Pelipper|47/100
|move|p2a: Pelipper|Hurricane|p1a: Ogerpon
|-supereffective|p1a: Ogerpon
|-damage|p1a: Ogerpon|21/100
|
|-weather|RainDance|[upkeep]
|upkeep
|turn|26
|
|t:|1760782170
|move|p1a: Ogerpon|Spiky Shield|p1a: Ogerpon
|-singleturn|p1a: Ogerpon|move: Protect
|move|p2a: Pelipper|Roost|p2a: Pelipper
|-heal|p2a: Pelipper|97/100
|-singleturn|p2a: Pelipper|move: Roost
|
|-weather|none
|upkeep
|turn|27
|
|t:|1760782177
|move|p1a: Ogerpon|U-turn|p2a: Pelipper
|-resisted|p2a: Pelipper
|-damage|p2a: Pelipper|84/100
|
|t:|1760782181
|switch|p1a: Torkoal|Torkoal, M|100/100|[from] U-turn
|-weather|SunnyDay|[from] ability: Drought|[of] p1a: Torkoal
|move|p2a: Pelipper|U-turn|p1a: Torkoal
|-resisted|p1a: Torkoal
|-damage|p1a: Torkoal|97/100
|
|t:|1760782190
|switch|p2a: Scizor|Scizor, M|62/100|[from] U-turn
|-damage|p2a: Scizor|49/100|[from] Stealth Rock
|
|-weather|SunnyDay|[upkeep]
|upkeep
|turn|28
|inactive|NaCl fish has 120 seconds left.
|inactive|NaCl fish has 90 seconds left.
|
|t:|1760782255
|move|p2a: Scizor|Defog|p1a: Torkoal
|-unboost|p1a: Torkoal|evasion|1
|-sideend|p2: Howsthatforaname|Stealth Rock|[from] move: Defog|[of] p2a: Scizor
|move|p1a: Torkoal|Will-O-Wisp|p2a: Scizor
|-status|p2a: Scizor|brn
|
|-weather|SunnyDay|[upkeep]
|-damage|p2a: Scizor|43/100 brn|[from] brn
|upkeep
|turn|29
|inactive|NaCl fish has 90 seconds left.
|
|t:|1760782267
|switch|p2a: Pelipper|Pelipper, M|84/100
|-weather|RainDance|[from] ability: Drizzle|[of] p2a: Pelipper
|move|p1a: Torkoal|Will-O-Wisp|p2a: Pelipper|[miss]
|-miss|p1a: Torkoal|p2a: Pelipper
|
|-weather|RainDance|[upkeep]
|upkeep
|turn|30
|inactive|NaCl fish has 90 seconds left.
|
|t:|1760782283
|switch|p1a: Ogerpon|Ogerpon-Wellspring, F|21/100
|move|p2a: Pelipper|U-turn|p1a: Ogerpon
|-supereffective|p1a: Ogerpon
|-damage|p1a: Ogerpon|0 fnt
|faint|p1a: Ogerpon
|
|t:|1760782292
|switch|p2a: Jolteon|Jolteon, M|100/100|[from] U-turn
|
|-weather|RainDance|[upkeep]
|upkeep
|
|t:|1760782295
|switch|p1a: Raging Bolt|Raging Bolt|100/100
|turn|31
|
|t:|1760782299
|-terastallize|p2a: Jolteon|Fairy
|move|p2a: Jolteon|Calm Mind|p2a: Jolteon
|-boost|p2a: Jolteon|spa|1
|-boost|p2a: Jolteon|spd|1
|move|p1a: Raging Bolt|Calm Mind|p1a: Raging Bolt
|-boost|p1a: Raging Bolt|spa|1
|-boost|p1a: Raging Bolt|spd|1
|
|-weather|RainDance|[upkeep]
|upkeep
|turn|32
|
|t:|1760782312
|move|p2a: Jolteon|Thunder|p1a: Raging Bolt
|-resisted|p1a: Raging Bolt
|-damage|p1a: Raging Bolt|88/100
|move|p1a: Raging Bolt|Calm Mind|p1a: Raging Bolt
|-boost|p1a: Raging Bolt|spa|1
|-boost|p1a: Raging Bolt|spd|1
|
|-weather|RainDance|[upkeep]
|-heal|p1a: Raging Bolt|94/100|[from] item: Leftovers
|upkeep
|turn|33
|
|t:|1760782321
|move|p2a: Jolteon|Alluring Voice|p1a: Raging Bolt
|-supereffective|p1a: Raging Bolt
|-damage|p1a: Raging Bolt|41/100
|move|p1a: Raging Bolt|Calm Mind|p1a: Raging Bolt
|-boost|p1a: Raging Bolt|spa|1
|-boost|p1a: Raging Bolt|spd|1
|
|-weather|none
|-heal|p1a: Raging Bolt|47/100|[from] item: Leftovers
|upkeep
|turn|34
|
|t:|1760782329
|-terastallize|p1a: Raging Bolt|Fairy
|move|p2a: Jolteon|Alluring Voice|p1a: Raging Bolt
|-damage|p1a: Raging Bolt|27/100
|move|p1a: Raging Bolt|Thunderbolt|p2a: Jolteon
|-immune|p2a: Jolteon|[from] ability: Volt Absorb
|
|-heal|p1a: Raging Bolt|34/100|[from] item: Leftovers
|upkeep
|turn|35
|-message|NaCl fish forfeited.
|
|win|Howsthatforaname
|raw|NaCl fish's rating: 1279 &rarr; <strong>1259</strong><br />(-20 for losing)
|raw|Howsthatforaname's rating: 1348 &rarr; <strong>1364</strong><br />(+16 for winning)
|l|☆NaCl fish
|player|p1|
|l|☆Howsthatforaname
|player|p2|
