|j|☆go b3yond
|j|☆a19a19
|t:|1760789113
|gametype|singles
|player|p1|go b3yond|waiter-gen4dp|1576
|player|p2|a19a19|red|1652
|gen|9
|tier|[Gen 9] OU
|rated|
|rule|HP Percentage Mod: HP is shown in percentages
|rule|Endless Battle Clause: Forcing endless battles is banned
|rule|Species Clause: Limit one of each Pokémon
|rule|OHKO Clause: OHKO moves are banned
|rule|Evasion Items Clause: Evasion items are banned
|rule|Evasion Moves Clause: Evasion moves are banned
|rule|Evasion Abilities Clause: Evasion abilities are banned
|rule|Sleep Moves Clause: Sleep-inducing moves are banned
|clearpoke
|poke|p1|Torkoal, M|
|poke|p1|Brute Bonnet|
|poke|p1|Hatterene, F|
|poke|p1|Walking Wake|
|poke|p1|Thundurus-Therian, M|
|poke|p1|Ceruledge, F|
|poke|p2|Raging Bolt|
|poke|p2|Iron Treads|
|poke|p2|Ting-Lu|
|poke|p2|Gholdengo|
|poke|p2|Zamazenta-*|
|poke|p2|Tornadus-Therian, M|
|teampreview
|inactive|Battle timer is ON: inactive players will automatically lose when time's up. (requested by go b3yond)
|
|t:|1760789124
|teamsize|p1|6
|teamsize|p2|6
|start
|switch|p1a: GREAT Bait|Torkoal, M, shiny|100/100
|switch|p2a: Tornadus|Tornadus-Therian, M|100/100
|-weather|SunnyDay|[from] ability: Drought|[of] p1a: GREAT Bait
|turn|1
|
|t:|1760789133
|switch|p1a: Hatterene|Hatterene, F|100/100
|move|p2a: Tornadus|Nasty Plot|p2a: Tornadus
|-boost|p2a: Tornadus|spa|2
|
|-weather|SunnyDay|[upkeep]
|upkeep
|turn|2
|j| Puyu Paz
|j| Dragonlatios1
|
|t:|1760789141
|move|p2a: Tornadus|Bleakwind Storm|p1a: Hatterene|[miss]
|-miss|p2a: Tornadus|p1a: Hatterene
|move|p1a: Hatterene|Nuzzle|p2a: Tornadus
|-supereffective|p2a: Tornadus
|-damage|p2a: Tornadus|89/100
|-status|p2a: Tornadus|par
|
|-weather|SunnyDay|[upkeep]
|upkeep
|turn|3
|
|t:|1760789150
|move|p2a: Tornadus|Bleakwind Storm|p1a: Hatterene
|-damage|p1a: Hatterene|0 fnt
|faint|p1a: Hatterene
|-damage|p2a: Tornadus|79/100 par|[from] item: Life Orb
|
|-weather|SunnyDay|[upkeep]
|upkeep
|
|t:|1760789153
|switch|p1a: Thundurus|Thundurus-Therian, M|100/100
|turn|4
|
|t:|1760789161
|-terastallize|p2a: Tornadus|Dark
|move|p1a: Thundurus|Weather Ball|p2a: Tornadus
|-damage|p2a: Tornadus|0 fnt
|faint|p2a: Tornadus
|
|-weather|SunnyDay|[upkeep]
|upkeep
|
|t:|1760789174
|switch|p2a: Ting-Lu|Ting-Lu|100/100
|-ability|p2a: Ting-Lu|Vessel of Ruin
|turn|5
|
|t:|1760789182
|switch|p1a: Brute Bonnet|Brute Bonnet|100/100
|-activate|p1a: Brute Bonnet|ability: Protosynthesis
|-start|p1a: Brute Bonnet|protosynthesisatk
|move|p2a: Ting-Lu|Stealth Rock|p1a: Brute Bonnet
|-sidestart|p1: go b3yond|move: Stealth Rock
|
|-weather|SunnyDay|[upkeep]
|upkeep
|turn|6
|
|t:|1760789192
|switch|p2a: Raging Bolt|Raging Bolt|100/100
|-activate|p2a: Raging Bolt|ability: Protosynthesis
|-start|p2a: Raging Bolt|protosynthesisspa
|move|p1a: Brute Bonnet|Growth|p1a: Brute Bonnet
|-boost|p1a: Brute Bonnet|atk|2
|-boost|p1a: Brute Bonnet|spa|2
|
|-weather|SunnyDay|[upkeep]
|upkeep
|turn|7
|
|t:|1760789204
|move|p2a: Raging Bolt|Dragon Pulse|p1a: Brute Bonnet
|-damage|p1a: Brute Bonnet|44/100
|move|p1a: Brute Bonnet|Bullet Seed|p2a: Raging Bolt
|-resisted|p2a: Raging Bolt
|-damage|p2a: Raging Bolt|85/100
|-resisted|p2a: Raging Bolt
|-damage|p2a: Raging Bolt|70/100
|-resisted|p2a: Raging Bolt
|-damage|p2a: Raging Bolt|54/100
|-resisted|p2a: Raging Bolt
|-damage|p2a: Raging Bolt|40/100
|-hitcount|p2a: Raging Bolt|4
|
|-weather|SunnyDay|[upkeep]
|upkeep
|turn|8
|
|t:|1760789217
|move|p1a: Brute Bonnet|Sucker Punch|p2a: Raging Bolt
|-damage|p2a: Raging Bolt|0 fnt
|faint|p2a: Raging Bolt
|-end|p2a: Raging Bolt|Protosynthesis|[silent]
|
|-weather|none
|-end|p1a: Brute Bonnet|Protosynthesis
|upkeep
|
|t:|1760789230
|switch|p2a: Iron Treads|Iron Treads|100/100
|-enditem|p2a: Iron Treads|Booster Energy
|-activate|p2a: Iron Treads|ability: Quark Drive|[fromitem]
|-start|p2a: Iron Treads|quarkdrivespe
|turn|9
|
|t:|1760789247
|-terastallize|p1a: Brute Bonnet|Fire
|move|p2a: Iron Treads|Ice Spinner|p1a: Brute Bonnet
|-resisted|p1a: Brute Bonnet
|-damage|p1a: Brute Bonnet|33/100
|move|p1a: Brute Bonnet|Tera Blast|p2a: Iron Treads|[anim] Tera Blast Fire
|-supereffective|p2a: Iron Treads
|-damage|p2a: Iron Treads|0 fnt
|faint|p2a: Iron Treads
|-end|p2a: Iron Treads|Quark Drive|[silent]
|
|upkeep
|inactive|a19a19 has 120 seconds left.
|
|t:|1760789264
|switch|p2a: Zamazenta|Zamazenta|100/100
|-ability|p2a: Zamazenta|Dauntless Shield|boost
|-boost|p2a: Zamazenta|def|1
|turn|10
|
|t:|1760789270
|move|p2a: Zamazenta|Body Press|p1a: Brute Bonnet
|-damage|p1a: Brute Bonnet|0 fnt
|faint|p1a: Brute Bonnet
|-end|p1a: Brute Bonnet|Protosynthesis|[silent]
|
|upkeep
|
|t:|1760789273
|switch|p1a: GREAT Bait|Torkoal, M, shiny|100/100
|-damage|p1a: GREAT Bait|76/100|[from] Stealth Rock
|-weather|SunnyDay|[from] ability: Drought|[of] p1a: GREAT Bait
|turn|11
|
|t:|1760789285
|move|p1a: GREAT Bait|Rapid Spin|p2a: Zamazenta
|-damage|p2a: Zamazenta|95/100
|-boost|p1a: GREAT Bait|spe|1
|-sideend|p1: go b3yond|Stealth Rock|[from] move: Rapid Spin|[of] p1a: GREAT Bait
|move|p2a: Zamazenta|Roar|p1a: GREAT Bait
|drag|p1a: Ceruledge|Ceruledge, F|100/100
|
|-weather|SunnyDay|[upkeep]
|-heal|p2a: Zamazenta|100/100|[from] item: Leftovers
|upkeep
|turn|12
|
|t:|1760789298
|switch|p1a: Walking Wake|Walking Wake|100/100
|-activate|p1a: Walking Wake|ability: Protosynthesis
|-start|p1a: Walking Wake|protosynthesisspe
|move|p2a: Zamazenta|Roar|p1a: Walking Wake
|-end|p1a: Walking Wake|Protosynthesis|[silent]
|drag|p1a: GREAT Bait|Torkoal, M, shiny|76/100
|
|-weather|SunnyDay|[upkeep]
|upkeep
|turn|13
|
|t:|1760789309
|move|p2a: Zamazenta|Body Press|p1a: GREAT Bait
|-damage|p1a: GREAT Bait|31/100
|move|p1a: GREAT Bait|Overheat|p2a: Zamazenta
|-crit|p2a: Zamazenta
|-damage|p2a: Zamazenta|0 fnt
|-unboost|p1a: GREAT Bait|spa|2
|faint|p2a: Zamazenta
|
|-weather|SunnyDay|[upkeep]
|upkeep
|
|t:|1760789324
|switch|p2a: Ting-Lu|Ting-Lu|100/100
|-ability|p2a: Ting-Lu|Vessel of Ruin
|turn|14
|
|t:|1760789337
|move|p2a: Ting-Lu|Earthquake|p1a: GREAT Bait
|-supereffective|p1a: GREAT Bait
|-damage|p1a: GREAT Bait|0 fnt
|faint|p1a: GREAT Bait
|
|-weather|SunnyDay|[upkeep]
|upkeep
|
|t:|1760789339
|switch|p1a: Ceruledge|Ceruledge, F|100/100
|turn|15
|
|t:|1760789357
|move|p1a: Ceruledge|Swords Dance|p1a: Ceruledge
|-boost|p1a: Ceruledge|atk|2
|move|p2a: Ting-Lu|Payback|p1a: Ceruledge
|-supereffective|p1a: Ceruledge
|-enditem|p1a: Ceruledge|Focus Sash
|-damage|p1a: Ceruledge|1/100
|-ability|p1a: Ceruledge|Weak Armor|boost
|-unboost|p1a: Ceruledge|def|1
|-boost|p1a: Ceruledge|spe|2
|
|-weather|SunnyDay|[upkeep]
|upkeep
|turn|16
|
|t:|1760789379
|move|p1a: Ceruledge|Bitter Blade|p2a: Ting-Lu
|-damage|p2a: Ting-Lu|32/100
|-heal|p1a: Ceruledge|61/100|[from] drain|[of] p2a: Ting-Lu
|move|p2a: Ting-Lu|Payback|p1a: Ceruledge
|-supereffective|p1a: Ceruledge
|-damage|p1a: Ceruledge|0 fnt
|faint|p1a: Ceruledge
|
|-weather|SunnyDay|[upkeep]
|upkeep
|
|t:|1760789383
|switch|p1a: Walking Wake|Walking Wake|100/100
|-activate|p1a: Walking Wake|ability: Protosynthesis
|-start|p1a: Walking Wake|protosynthesisspe
|turn|17
|-message|a19a19 forfeited.
|
|win|go b3yond
|raw|go b3yond's rating: 1576 &rarr; <strong>1600</strong><br />(+24 for winning)
|raw|a19a19's rating: 1652 &rarr; <strong>1628</strong><br />(-24 for losing)
|l|☆a19a19
|player|p2|
|l|☆go b3yond
|player|p1|
|l| Puyu Paz
|l| Dragonlatios1
