|j|☆adjkadssad
|j|☆Gengyuu
|t:|1760876358
|gametype|singles
|player|p1|adjkadssad|101|1316
|player|p2|Gengyuu|dawn|1211
|gen|9
|tier|[Gen 9] OU
|rated|
|rule|HP Percentage Mod: HP is shown in percentages
|rule|Endless Battle Clause: Forcing endless battles is banned
|rule|Species Clause: Limit one of each Pokémon
|rule|OHKO Clause: OHKO moves are banned
|rule|Evasion Items Clause: Evasion items are banned
|rule|Evasion Moves Clause: Evasion moves are banned
|rule|Evasion Abilities Clause: Evasion abilities are banned
|rule|Sleep Moves Clause: Sleep-inducing moves are banned
|clearpoke
|poke|p1|Pelipper, M|
|poke|p1|Poliwrath, F|
|poke|p1|Kilowattrel, M|
|poke|p1|Scream Tail|
|poke|p1|Overqwil, M|
|poke|p1|Zamazenta-*|
|poke|p2|Yanmega, F|
|poke|p2|Mimikyu, M|
|poke|p2|Rillaboom, M|
|poke|p2|Glimmora, M|
|poke|p2|Corviknight, M|
|poke|p2|Skeledirge, F|
|teampreview
|inactive|Battle timer is ON: inactive players will automatically lose when time's up. (requested by adjkadssad)
|
|t:|1760876370
|teamsize|p1|6
|teamsize|p2|6
|start
|switch|p1a: Pelipper|Pelipper, M, shiny|100/100
|switch|p2a: Rillaboom|Rillaboom, M|100/100
|-fieldstart|move: Grassy Terrain|[from] ability: Grassy Surge|[of] p2a: Rillaboom
|-weather|RainDance|[from] ability: Drizzle|[of] p1a: Pelipper
|turn|1
|
|t:|1760876381
|move|p2a: Rillaboom|Knock Off|p1a: Pelipper
|-damage|p1a: Pelipper|55/100
|-enditem|p1a: Pelipper|Damp Rock|[from] move: Knock Off|[of] p2a: Rillaboom
|move|p1a: Pelipper|Hurricane|p2a: Rillaboom
|-supereffective|p2a: Rillaboom
|-damage|p2a: Rillaboom|5/100
|
|-weather|RainDance|[upkeep]
|-heal|p2a: Rillaboom|12/100|[from] Grassy Terrain
|upkeep
|turn|2
|
|t:|1760876392
|switch|p2a: Corviknight|Corviknight, M|100/100
|-ability|p2a: Corviknight|Pressure
|move|p1a: Pelipper|Weather Ball|p2a: Corviknight
|-damage|p2a: Corviknight|57/100
|
|-weather|RainDance|[upkeep]
|-heal|p2a: Corviknight|63/100|[from] item: Leftovers
|upkeep
|turn|3
|
|t:|1760876403
|move|p2a: Corviknight|Roost|p2a: Corviknight
|-heal|p2a: Corviknight|100/100
|-singleturn|p2a: Corviknight|move: Roost
|move|p1a: Pelipper|U-turn|p2a: Corviknight
|-resisted|p2a: Corviknight
|-damage|p2a: Corviknight|98/100
|
|t:|1760876413
|switch|p1a: Poliwrath|Poliwrath, F|100/100|[from] U-turn
|
|-weather|RainDance|[upkeep]
|-heal|p2a: Corviknight|100/100|[from] Grassy Terrain
|upkeep
|turn|4
|
|t:|1760876429
|switch|p2a: Glimmora|Glimmora, M|100/100
|-terastallize|p1a: Poliwrath|Steel
|move|p1a: Poliwrath|Belly Drum|p1a: Poliwrath
|-damage|p1a: Poliwrath|51/100
|-setboost|p1a: Poliwrath|atk|6|[from] move: Belly Drum
|
|-weather|RainDance|[upkeep]
|-heal|p1a: Poliwrath|57/100|[from] Grassy Terrain
|upkeep
|turn|5
|
|t:|1760876442
|move|p1a: Poliwrath|Drain Punch|p2a: Glimmora
|-enditem|p2a: Glimmora|Focus Sash
|-damage|p2a: Glimmora|1/100
|-heal|p1a: Poliwrath|100/100|[from] drain|[of] p2a: Glimmora
|-activate|p2a: Glimmora|ability: Toxic Debris
|-sidestart|p1: adjkadssad|move: Toxic Spikes
|move|p2a: Glimmora|Stealth Rock|p1a: Poliwrath
|-sidestart|p1: adjkadssad|move: Stealth Rock
|
|-weather|RainDance|[upkeep]
|-heal|p2a: Glimmora|7/100|[from] Grassy Terrain
|-fieldend|move: Grassy Terrain
|upkeep
|turn|6
|
|t:|1760876454
|move|p1a: Poliwrath|Liquidation|p2a: Glimmora
|-supereffective|p2a: Glimmora
|-damage|p2a: Glimmora|0 fnt
|-activate|p2a: Glimmora|ability: Toxic Debris
|-sidestart|p1: adjkadssad|move: Toxic Spikes
|faint|p2a: Glimmora
|
|-weather|RainDance|[upkeep]
|upkeep
|
|t:|1760876463
|switch|p2a: Yanmega|Yanmega, F|100/100
|turn|7
|
|t:|1760876468
|move|p2a: Yanmega|Protect|p2a: Yanmega
|-singleturn|p2a: Yanmega|Protect
|move|p1a: Poliwrath|Liquidation|p2a: Yanmega
|-activate|p2a: Yanmega|move: Protect
|
|-weather|RainDance|[upkeep]
|-ability|p2a: Yanmega|Speed Boost|boost
|-boost|p2a: Yanmega|spe|1
|upkeep
|turn|8
|
|t:|1760876481
|switch|p2a: Mimikyu|Mimikyu, M|100/100
|move|p1a: Poliwrath|Liquidation|p2a: Mimikyu
|-activate|p2a: Mimikyu|ability: Disguise
|-damage|p2a: Mimikyu|100/100
|detailschange|p2a: Mimikyu|Mimikyu-Busted, M
|-damage|p2a: Mimikyu|88/100|[from] pokemon: Mimikyu-Busted
|-enditem|p2a: Mimikyu|Red Card|[of] p1a: Poliwrath
|drag|p1a: Overqwil|Overqwil, M, shiny|100/100
|-sideend|p1: adjkadssad|move: Toxic Spikes|[of] p1a: Overqwil
|-damage|p1a: Overqwil|88/100|[from] Stealth Rock
|
|-weather|none
|upkeep
|turn|9
|
|t:|1760876502
|switch|p2a: Corviknight|Corviknight, M|100/100
|-ability|p2a: Corviknight|Pressure
|move|p1a: Overqwil|Crunch|p2a: Corviknight
|-crit|p2a: Corviknight
|-damage|p2a: Corviknight|49/100
|-damage|p1a: Overqwil|78/100|[from] item: Life Orb
|
|-heal|p2a: Corviknight|56/100|[from] item: Leftovers
|upkeep
|turn|10
|
|t:|1760876517
|move|p1a: Overqwil|Swords Dance|p1a: Overqwil
|-boost|p1a: Overqwil|atk|2
|move|p2a: Corviknight|U-turn|p1a: Overqwil
|-damage|p1a: Overqwil|62/100
|
|t:|1760876528
|switch|p2a: Yanmega|Yanmega, F|100/100|[from] U-turn
|
|upkeep
|turn|11
|
|t:|1760876533
|move|p2a: Yanmega|Protect|p2a: Yanmega
|-singleturn|p2a: Yanmega|Protect
|move|p1a: Overqwil|Crunch|p2a: Yanmega
|-activate|p2a: Yanmega|move: Protect
|
|-ability|p2a: Yanmega|Speed Boost|boost
|-boost|p2a: Yanmega|spe|1
|upkeep
|turn|12
|
|t:|1760876544
|move|p2a: Yanmega|Bug Buzz|p1a: Overqwil
|-damage|p1a: Overqwil|0 fnt
|faint|p1a: Overqwil
|-enditem|p2a: Yanmega|Throat Spray
|-boost|p2a: Yanmega|spa|1|[from] item: Throat Spray
|
|-ability|p2a: Yanmega|Speed Boost|boost
|-boost|p2a: Yanmega|spe|1
|upkeep
|
|t:|1760876555
|switch|p1a: Pelipper|Pelipper, M, shiny|55/100
|-damage|p1a: Pelipper|30/100|[from] Stealth Rock
|-weather|RainDance|[from] ability: Drizzle|[of] p1a: Pelipper
|turn|13
|
|t:|1760876562
|move|p2a: Yanmega|Air Slash|p1a: Pelipper
|-damage|p1a: Pelipper|0 fnt
|faint|p1a: Pelipper
|
|-weather|RainDance|[upkeep]
|-ability|p2a: Yanmega|Speed Boost|boost
|-boost|p2a: Yanmega|spe|1
|upkeep
|
|t:|1760876573
|switch|p1a: Scream Tail|Scream Tail|100/100
|-damage|p1a: Scream Tail|88/100|[from] Stealth Rock
|turn|14
|
|t:|1760876580
|move|p2a: Yanmega|Protect|p2a: Yanmega
|-singleturn|p2a: Yanmega|Protect
|move|p1a: Scream Tail|Light Screen|p1a: Scream Tail
|-sidestart|p1: adjkadssad|move: Light Screen
|
|-weather|RainDance|[upkeep]
|-ability|p2a: Yanmega|Speed Boost|boost
|-boost|p2a: Yanmega|spe|1
|upkeep
|turn|15
|
|t:|1760876590
|move|p2a: Yanmega|Bug Buzz|p1a: Scream Tail
|-damage|p1a: Scream Tail|65/100
|move|p1a: Scream Tail|Wish|p1a: Scream Tail
|
|-weather|RainDance|[upkeep]
|-ability|p2a: Yanmega|Speed Boost|boost
|-boost|p2a: Yanmega|spe|1
|upkeep
|turn|16
|
|t:|1760876603
|-end|p1a: Scream Tail|Protosynthesis|[silent]
|switch|p1a: Kilowattrel|Kilowattrel, M, shiny|100/100
|-damage|p1a: Kilowattrel|76/100|[from] Stealth Rock
|move|p2a: Yanmega|Air Slash|p1a: Kilowattrel
|-resisted|p1a: Kilowattrel
|-damage|p1a: Kilowattrel|52/100
|
|-weather|RainDance|[upkeep]
|-heal|p1a: Kilowattrel|100/100|[from] move: Wish|[wisher] Scream Tail
|-ability|p2a: Yanmega|Speed Boost|boost
|-boost|p2a: Yanmega|spe|1
|upkeep
|turn|17
|
|t:|1760876616
|move|p2a: Yanmega|Protect|p2a: Yanmega
|-singleturn|p2a: Yanmega|Protect
|move|p1a: Kilowattrel|Thunder|p2a: Yanmega
|-activate|p2a: Yanmega|move: Protect
|
|-weather|none
|upkeep
|turn|18
|
|t:|1760876624
|-terastallize|p2a: Yanmega|Ground
|move|p2a: Yanmega|Air Slash|p1a: Kilowattrel
|-resisted|p1a: Kilowattrel
|-damage|p1a: Kilowattrel|76/100
|move|p1a: Kilowattrel|Thunder|p2a: Yanmega
|-immune|p2a: Yanmega
|
|upkeep
|turn|19
|
|t:|1760876633
|move|p2a: Yanmega|Air Slash|p1a: Kilowattrel
|-resisted|p1a: Kilowattrel
|-damage|p1a: Kilowattrel|51/100
|move|p1a: Kilowattrel|Hurricane|p2a: Yanmega|[miss]
|-miss|p1a: Kilowattrel|p2a: Yanmega
|
|upkeep
|turn|20
|
|t:|1760876641
|move|p2a: Yanmega|Protect|p2a: Yanmega
|-singleturn|p2a: Yanmega|Protect
|move|p1a: Kilowattrel|Hurricane|p2a: Yanmega
|-activate|p2a: Yanmega|move: Protect
|
|upkeep
|turn|21
|
|t:|1760876648
|move|p2a: Yanmega|Air Slash|p1a: Kilowattrel
|-resisted|p1a: Kilowattrel
|-damage|p1a: Kilowattrel|25/100
|move|p1a: Kilowattrel|Hurricane|p2a: Yanmega
|-damage|p2a: Yanmega|0 fnt
|faint|p2a: Yanmega
|-damage|p1a: Kilowattrel|15/100|[from] item: Life Orb
|
|-sideend|p1: adjkadssad|move: Light Screen
|upkeep
|
|t:|1760876658
|switch|p2a: Skeledirge|Skeledirge, F|100/100
|turn|22
|
|t:|1760876671
|move|p1a: Kilowattrel|Thunder|p2a: Skeledirge
|-damage|p2a: Skeledirge|51/100
|-damage|p1a: Kilowattrel|5/100|[from] item: Life Orb
|move|p2a: Skeledirge|Torch Song|p1a: Kilowattrel
|-damage|p1a: Kilowattrel|0 fnt
|-boost|p2a: Skeledirge|spa|1
|faint|p1a: Kilowattrel
|
|upkeep
|
|t:|1760876676
|switch|p1a: Poliwrath|Poliwrath, F, tera:Steel|100/100
|-damage|p1a: Poliwrath|94/100|[from] Stealth Rock
|turn|23
|
|t:|1760876689
|switch|p1a: Scream Tail|Scream Tail|65/100
|-damage|p1a: Scream Tail|53/100|[from] Stealth Rock
|move|p2a: Skeledirge|Torch Song|p1a: Scream Tail
|-damage|p1a: Scream Tail|23/100
|-boost|p2a: Skeledirge|spa|1
|
|upkeep
|turn|24
|
|t:|1760876698
|move|p1a: Scream Tail|Light Screen|p1a: Scream Tail
|-sidestart|p1: adjkadssad|move: Light Screen
|move|p2a: Skeledirge|Torch Song|p1a: Scream Tail
|-damage|p1a: Scream Tail|3/100
|-boost|p2a: Skeledirge|spa|1
|
|upkeep
|turn|25
|
|t:|1760876716
|move|p1a: Scream Tail|Wish|p1a: Scream Tail
|move|p2a: Skeledirge|Torch Song|p1a: Scream Tail
|-damage|p1a: Scream Tail|0 fnt
|-boost|p2a: Skeledirge|spa|1
|faint|p1a: Scream Tail
|-end|p1a: Scream Tail|Protosynthesis|[silent]
|
|upkeep
|
|t:|1760876719
|switch|p1a: Zamazenta|Zamazenta|100/100
|-damage|p1a: Zamazenta|94/100|[from] Stealth Rock
|-ability|p1a: Zamazenta|Dauntless Shield|boost
|-boost|p1a: Zamazenta|def|1
|turn|26
|
|t:|1760876731
|move|p1a: Zamazenta|Crunch|p2a: Skeledirge
|-supereffective|p2a: Skeledirge
|-damage|p2a: Skeledirge|16/100
|move|p2a: Skeledirge|Will-O-Wisp|p1a: Zamazenta|[miss]
|-miss|p2a: Skeledirge|p1a: Zamazenta
|
|-heal|p1a: Zamazenta|100/100|[from] move: Wish|[wisher] Scream Tail
|upkeep
|turn|27
|-message|Gengyuu forfeited.
|
|win|adjkadssad
|raw|adjkadssad's rating: 1316 &rarr; <strong>1330</strong><br />(+14 for winning)
|raw|Gengyuu's rating: 1211 &rarr; <strong>1193</strong><br />(-18 for losing)
|l|☆Gengyuu
|player|p2|
|l|☆adjkadssad
|player|p1|
