|j|☆ilyashidayat
|j|☆summmm
|t:|1760774137
|gametype|singles
|player|p1|ilyashidayat|266|1352
|player|p2|summmm|266|1399
|gen|9
|tier|[Gen 9] OU
|rated|
|rule|HP Percentage Mod: HP is shown in percentages
|rule|Endless Battle Clause: Forcing endless battles is banned
|rule|Species Clause: Limit one of each Pokémon
|rule|OHKO Clause: OHKO moves are banned
|rule|Evasion Items Clause: Evasion items are banned
|rule|Evasion Moves Clause: Evasion moves are banned
|rule|Evasion Abilities Clause: Evasion abilities are banned
|rule|Sleep Moves Clause: Sleep-inducing moves are banned
|clearpoke
|poke|p1|Blaziken, M|
|poke|p1|Vileplume, F|
|poke|p1|Ninetales, F|
|poke|p1|Ceruledge, M|
|poke|p1|Great Tusk|
|poke|p1|Hatterene, F|
|poke|p2|Iron Treads|
|poke|p2|Ting-Lu|
|poke|p2|Raging Bolt|
|poke|p2|Pecharunt|
|poke|p2|Ogerpon, F|
|poke|p2|Okidogi, M|
|teampreview
|inactive|Battle timer is ON: inactive players will automatically lose when time's up. (requested by ilyashidayat)
|
|t:|1760774156
|teamsize|p1|6
|teamsize|p2|6
|start
|switch|p1a: Ninetales|Ninetales, F|100/100
|switch|p2a: Ting-Lu|Ting-Lu|100/100
|-weather|SunnyDay|[from] ability: Drought|[of] p1a: Ninetales
|-ability|p2a: Ting-Lu|Vessel of Ruin
|turn|1
|
|t:|1760774167
|move|p1a: Ninetales|Will-O-Wisp|p2a: Ting-Lu
|-status|p2a: Ting-Lu|brn
|move|p2a: Ting-Lu|Spikes|p1a: Ninetales
|-sidestart|p1: ilyashidayat|Spikes
|
|-weather|SunnyDay|[upkeep]
|-damage|p2a: Ting-Lu|94/100 brn|[from] brn
|upkeep
|turn|2
|
|t:|1760774187
|switch|p1a: Vileplume|Vileplume, F|100/100
|move|p2a: Ting-Lu|Whirlwind|p1a: Vileplume
|drag|p1a: Ninetales|Ninetales, F|100/100
|-damage|p1a: Ninetales|88/100|[from] Spikes
|
|-weather|SunnyDay|[upkeep]
|-heal|p2a: Ting-Lu|100/100 brn|[from] item: Leftovers
|-damage|p2a: Ting-Lu|94/100 brn|[from] brn
|upkeep
|turn|3
|
|t:|1760774205
|move|p1a: Ninetales|Encore|p2a: Ting-Lu
|-start|p2a: Ting-Lu|Encore
|move|p2a: Ting-Lu|Whirlwind|p1a: Ninetales
|drag|p1a: Ceruledge|Ceruledge, M|100/100
|-damage|p1a: Ceruledge|88/100|[from] Spikes
|
|-weather|SunnyDay|[upkeep]
|-heal|p2a: Ting-Lu|100/100 brn|[from] item: Leftovers
|-damage|p2a: Ting-Lu|94/100 brn|[from] brn
|upkeep
|turn|4
|inactive|ilyashidayat has 120 seconds left.
|
|t:|1760774226
|switch|p2a: Okidogi|Okidogi, M|100/100
|move|p1a: Ceruledge|Bitter Blade|p2a: Okidogi
|-damage|p2a: Okidogi|45/100
|-heal|p1a: Ceruledge|100/100|[from] drain|[of] p2a: Okidogi
|
|-weather|SunnyDay|[upkeep]
|-heal|p2a: Okidogi|51/100|[from] item: Leftovers
|upkeep
|turn|5
|inactive|ilyashidayat has 120 seconds left.
|
|t:|1760774237
|move|p1a: Ceruledge|Bitter Blade|p2a: Okidogi
|-damage|p2a: Okidogi|0 fnt
|faint|p2a: Okidogi
|
|-weather|SunnyDay|[upkeep]
|upkeep
|
|t:|1760774246
|switch|p2a: Iron Treads|Iron Treads|100/100
|-item|p2a: Iron Treads|Air Balloon
|turn|6
|
|t:|1760774256
|-end|p2a: Iron Treads|Quark Drive|[silent]
|switch|p2a: Pecharunt|Pecharunt|100/100
|move|p1a: Ceruledge|Swords Dance|p1a: Ceruledge
|-boost|p1a: Ceruledge|atk|2
|
|-weather|SunnyDay|[upkeep]
|upkeep
|turn|7
|
|t:|1760774267
|move|p1a: Ceruledge|Bitter Blade|p2a: Pecharunt
|-damage|p2a: Pecharunt|40/100
|move|p2a: Pecharunt|Malignant Chain|p1a: Ceruledge
|-resisted|p1a: Ceruledge
|-damage|p1a: Ceruledge|85/100
|-status|p1a: Ceruledge|tox
|-start|p1a: Ceruledge|confusion|[from] ability: Poison Puppeteer|[of] p2a: Pecharunt
|
|-weather|SunnyDay|[upkeep]
|-damage|p1a: Ceruledge|79/100 tox|[from] psn
|upkeep
|turn|8
|
|t:|1760774284
|switch|p2a: Raging Bolt|Raging Bolt|100/100
|-activate|p2a: Raging Bolt|ability: Protosynthesis
|-start|p2a: Raging Bolt|protosynthesisspa
|-activate|p1a: Ceruledge|confusion
|move|p1a: Ceruledge|Bitter Blade|p2a: Raging Bolt
|-resisted|p2a: Raging Bolt
|-damage|p2a: Raging Bolt|41/100
|-heal|p1a: Ceruledge|100/100 tox|[from] drain|[of] p2a: Raging Bolt
|
|-weather|none
|-end|p2a: Raging Bolt|Protosynthesis
|-damage|p1a: Ceruledge|88/100 tox|[from] psn
|upkeep
|turn|9
|
|t:|1760774303
|switch|p1a: Great Tusk|Great Tusk|100/100
|move|p2a: Raging Bolt|Thunderclap||[still]
|-fail|p2a: Raging Bolt
|
|upkeep
|turn|10
|
|t:|1760774312
|-end|p2a: Raging Bolt|Protosynthesis|[silent]
|switch|p2a: Ogerpon|Ogerpon, F|100/100
|move|p1a: Great Tusk|Stealth Rock|p2a: Ogerpon
|-sidestart|p2: summmm|move: Stealth Rock
|
|upkeep
|turn|11
|
|t:|1760774321
|-end|p1a: Great Tusk|Protosynthesis|[silent]
|switch|p1a: Ninetales|Ninetales, F|88/100
|-damage|p1a: Ninetales|76/100|[from] Spikes
|-weather|SunnyDay|[from] ability: Drought|[of] p1a: Ninetales
|move|p2a: Ogerpon|U-turn|p1a: Ninetales
|-resisted|p1a: Ninetales
|-damage|p1a: Ninetales|62/100
|
|t:|1760774331
|switch|p2a: Iron Treads|Iron Treads|100/100|[from] U-turn
|-damage|p2a: Iron Treads|97/100|[from] Stealth Rock
|-item|p2a: Iron Treads|Air Balloon
|
|-weather|SunnyDay|[upkeep]
|upkeep
|turn|12
|
|t:|1760774341
|move|p2a: Iron Treads|Earthquake|p1a: Ninetales
|-supereffective|p1a: Ninetales
|-damage|p1a: Ninetales|0 fnt
|faint|p1a: Ninetales
|
|-weather|SunnyDay|[upkeep]
|upkeep
|
|t:|1760774351
|switch|p1a: Blaziken|Blaziken, M|100/100
|-damage|p1a: Blaziken|88/100|[from] Spikes
|turn|13
|
|t:|1760774380
|-terastallize|p1a: Blaziken|Fighting
|move|p2a: Iron Treads|Earthquake|p1a: Blaziken
|-damage|p1a: Blaziken|21/100
|move|p1a: Blaziken|Focus Energy|p1a: Blaziken
|-start|p1a: Blaziken|move: Focus Energy
|
|-weather|SunnyDay|[upkeep]
|-ability|p1a: Blaziken|Speed Boost|boost
|-boost|p1a: Blaziken|spe|1
|upkeep
|turn|14
|
|t:|1760774391
|-terastallize|p2a: Iron Treads|Ghost
|move|p1a: Blaziken|Aura Sphere|p2a: Iron Treads
|-immune|p2a: Iron Treads
|move|p2a: Iron Treads|Earthquake|p1a: Blaziken
|-damage|p1a: Blaziken|0 fnt
|faint|p1a: Blaziken
|
|-weather|SunnyDay|[upkeep]
|upkeep
|
|t:|1760774405
|switch|p1a: Ceruledge|Ceruledge, M|88/100 tox
|-damage|p1a: Ceruledge|76/100 tox|[from] Spikes
|turn|15
|
|t:|1760774421
|-end|p2a: Iron Treads|Quark Drive|[silent]
|switch|p2a: Ogerpon|Ogerpon, F|100/100
|switch|p1a: Vileplume|Vileplume, F|100/100
|
|-weather|SunnyDay|[upkeep]
|upkeep
|turn|16
|
|t:|1760774434
|move|p2a: Ogerpon|Knock Off|p1a: Vileplume
|-crit|p1a: Vileplume
|-damage|p1a: Vileplume|64/100
|-enditem|p1a: Vileplume|Heavy-Duty Boots|[from] move: Knock Off|[of] p2a: Ogerpon
|move|p1a: Vileplume|Sludge Bomb|p2a: Ogerpon
|-supereffective|p2a: Ogerpon
|-damage|p2a: Ogerpon|23/100
|-status|p2a: Ogerpon|psn
|
|-weather|SunnyDay|[upkeep]
|-damage|p2a: Ogerpon|10/100 psn|[from] psn
|upkeep
|turn|17
|
|t:|1760774452
|move|p2a: Ogerpon|Encore|p1a: Vileplume
|-start|p1a: Vileplume|Encore
|move|p1a: Vileplume|Sludge Bomb|p2a: Ogerpon
|-supereffective|p2a: Ogerpon
|-damage|p2a: Ogerpon|0 fnt
|faint|p2a: Ogerpon
|
|-weather|SunnyDay|[upkeep]
|upkeep
|
|t:|1760774454
|switch|p2a: Iron Treads|Iron Treads, tera:Ghost|97/100
|-damage|p2a: Iron Treads|85/100|[from] Stealth Rock
|-item|p2a: Iron Treads|Air Balloon
|turn|18
|
|t:|1760774469
|switch|p1a: Great Tusk|Great Tusk|100/100
|-activate|p1a: Great Tusk|ability: Protosynthesis
|-start|p1a: Great Tusk|protosynthesisatk
|move|p2a: Iron Treads|Ice Spinner|p1a: Great Tusk
|-supereffective|p1a: Great Tusk
|-damage|p1a: Great Tusk|61/100
|
|-weather|none
|-end|p1a: Great Tusk|Protosynthesis
|upkeep
|turn|19
|
|t:|1760774498
|move|p2a: Iron Treads|Ice Spinner|p1a: Great Tusk
|-supereffective|p1a: Great Tusk
|-damage|p1a: Great Tusk|27/100
|move|p1a: Great Tusk|Knock Off|p2a: Iron Treads
|-supereffective|p2a: Iron Treads
|-damage|p2a: Iron Treads|24/100
|-enditem|p2a: Iron Treads|Air Balloon
|
|upkeep
|turn|20
|
|t:|1760774514
|move|p2a: Iron Treads|Earthquake|p1a: Great Tusk
|-damage|p1a: Great Tusk|0 fnt
|faint|p1a: Great Tusk
|-end|p1a: Great Tusk|Protosynthesis|[silent]
|
|upkeep
|
|t:|1760774526
|switch|p1a: Vileplume|Vileplume, F|64/100
|-damage|p1a: Vileplume|51/100|[from] Spikes
|turn|21
|
|t:|1760774532
|-end|p2a: Iron Treads|Quark Drive|[silent]
|switch|p2a: Pecharunt|Pecharunt|40/100
|move|p1a: Vileplume|Strength Sap|p2a: Pecharunt
|-unboost|p2a: Pecharunt|atk|1
|-heal|p1a: Vileplume|100/100
|
|upkeep
|turn|22
|
|t:|1760774542
|move|p2a: Pecharunt|Recover|p2a: Pecharunt
|-heal|p2a: Pecharunt|90/100
|move|p1a: Vileplume|Leech Seed|p2a: Pecharunt|[miss]
|-miss|p1a: Vileplume|p2a: Pecharunt
|
|upkeep
|turn|23
|
|t:|1760774548
|move|p2a: Pecharunt|Parting Shot|p1a: Vileplume
|-unboost|p1a: Vileplume|atk|1
|-unboost|p1a: Vileplume|spa|1
|
|t:|1760774559
|switch|p2a: Ting-Lu|Ting-Lu|94/100 brn|[from] Parting Shot
|-damage|p2a: Ting-Lu|88/100 brn|[from] Stealth Rock
|-ability|p2a: Ting-Lu|Vessel of Ruin
|move|p1a: Vileplume|Leech Seed|p2a: Ting-Lu
|-start|p2a: Ting-Lu|move: Leech Seed
|
|-heal|p2a: Ting-Lu|94/100 brn|[from] item: Leftovers
|-damage|p2a: Ting-Lu|82/100 brn|[from] Leech Seed|[of] p1a: Vileplume
|-damage|p2a: Ting-Lu|76/100 brn|[from] brn
|upkeep
|turn|24
|
|t:|1760774574
|move|p1a: Vileplume|Energy Ball|p2a: Ting-Lu
|-supereffective|p2a: Ting-Lu
|-damage|p2a: Ting-Lu|57/100 brn
|move|p2a: Ting-Lu|Ruination|p1a: Vileplume|[miss]
|-miss|p2a: Ting-Lu|p1a: Vileplume
|
|-heal|p2a: Ting-Lu|63/100 brn|[from] item: Leftovers
|-damage|p2a: Ting-Lu|51/100 brn|[from] Leech Seed|[of] p1a: Vileplume
|-damage|p2a: Ting-Lu|44/100 brn|[from] brn
|upkeep
|turn|25
|
|t:|1760774592
|move|p1a: Vileplume|Energy Ball|p2a: Ting-Lu
|-supereffective|p2a: Ting-Lu
|-damage|p2a: Ting-Lu|27/100 brn
|move|p2a: Ting-Lu|Ruination|p1a: Vileplume
|-damage|p1a: Vileplume|50/100
|
|-heal|p2a: Ting-Lu|33/100 brn|[from] item: Leftovers
|-damage|p2a: Ting-Lu|21/100 brn|[from] Leech Seed|[of] p1a: Vileplume
|-heal|p1a: Vileplume|69/100|[silent]
|-damage|p2a: Ting-Lu|15/100 brn|[from] brn
|upkeep
|turn|26
|
|t:|1760774605
|switch|p1a: Ceruledge|Ceruledge, M|76/100 tox
|-damage|p1a: Ceruledge|63/100 tox|[from] Spikes
|move|p2a: Ting-Lu|Ruination|p1a: Ceruledge|[miss]
|-miss|p2a: Ting-Lu|p1a: Ceruledge
|
|-heal|p2a: Ting-Lu|21/100 brn|[from] item: Leftovers
|-damage|p2a: Ting-Lu|8/100 brn|[from] Leech Seed|[of] p1a: Ceruledge
|-heal|p1a: Ceruledge|85/100 tox|[silent]
|-damage|p1a: Ceruledge|79/100 tox|[from] psn
|-damage|p2a: Ting-Lu|2/100 brn|[from] brn
|upkeep
|turn|27
|
|t:|1760774618
|move|p1a: Ceruledge|Swords Dance|p1a: Ceruledge
|-boost|p1a: Ceruledge|atk|2
|move|p2a: Ting-Lu|Whirlwind|p1a: Ceruledge
|drag|p1a: Vileplume|Vileplume, F|69/100
|-damage|p1a: Vileplume|56/100|[from] Spikes
|
|-heal|p2a: Ting-Lu|8/100 brn|[from] item: Leftovers
|-damage|p2a: Ting-Lu|0 fnt|[from] Leech Seed|[of] p1a: Vileplume
|-heal|p1a: Vileplume|67/100|[silent]
|faint|p2a: Ting-Lu
|upkeep
|
|t:|1760774634
|switch|p2a: Raging Bolt|Raging Bolt|41/100
|turn|28
|
|t:|1760774647
|move|p2a: Raging Bolt|Volt Switch|p1a: Vileplume
|-resisted|p1a: Vileplume
|-damage|p1a: Vileplume|44/100
|
|t:|1760774649
|-end|p2a: Raging Bolt|Protosynthesis|[silent]
|switch|p2a: Pecharunt|Pecharunt|90/100|[from] Volt Switch
|move|p1a: Vileplume|Leech Seed|p2a: Pecharunt
|-start|p2a: Pecharunt|move: Leech Seed
|
|-damage|p2a: Pecharunt|78/100|[from] Leech Seed|[of] p1a: Vileplume
|-heal|p1a: Vileplume|58/100|[silent]
|upkeep
|turn|29
|
|t:|1760774661
|move|p2a: Pecharunt|Malignant Chain|p1a: Vileplume
|-damage|p1a: Vileplume|30/100
|move|p1a: Vileplume|Sludge Bomb|p2a: Pecharunt
|-resisted|p2a: Pecharunt
|-damage|p2a: Pecharunt|70/100
|
|-damage|p2a: Pecharunt|58/100|[from] Leech Seed|[of] p1a: Vileplume
|-heal|p1a: Vileplume|43/100|[silent]
|upkeep
|turn|30
|
|t:|1760774672
|move|p2a: Pecharunt|Malignant Chain|p1a: Vileplume
|-damage|p1a: Vileplume|13/100
|move|p1a: Vileplume|Strength Sap|p2a: Pecharunt
|-unboost|p2a: Pecharunt|atk|1
|-heal|p1a: Vileplume|64/100
|
|-damage|p2a: Pecharunt|45/100|[from] Leech Seed|[of] p1a: Vileplume
|-heal|p1a: Vileplume|77/100|[silent]
|upkeep
|turn|31
|
|t:|1760774684
|switch|p1a: Ceruledge|Ceruledge, M|79/100 tox
|-damage|p1a: Ceruledge|67/100 tox|[from] Spikes
|move|p2a: Pecharunt|Recover|p2a: Pecharunt
|-heal|p2a: Pecharunt|95/100
|
|-damage|p2a: Pecharunt|83/100|[from] Leech Seed|[of] p1a: Ceruledge
|-heal|p1a: Ceruledge|83/100 tox|[silent]
|-damage|p1a: Ceruledge|77/100 tox|[from] psn
|upkeep
|turn|32
|
|t:|1760774696
|move|p1a: Ceruledge|Swords Dance|p1a: Ceruledge
|-boost|p1a: Ceruledge|atk|2
|move|p2a: Pecharunt|Foul Play|p1a: Ceruledge
|-supereffective|p1a: Ceruledge
|-damage|p1a: Ceruledge|0 fnt
|faint|p1a: Ceruledge
|
|upkeep
|
|t:|1760774707
|switch|p1a: Hatterene|Hatterene, F|100/100
|-damage|p1a: Hatterene|88/100|[from] Spikes
|turn|33
|
|t:|1760774716
|move|p2a: Pecharunt|Malignant Chain|p1a: Hatterene
|-supereffective|p1a: Hatterene
|-damage|p1a: Hatterene|35/100
|move|p1a: Hatterene|Psychic Noise|p2a: Pecharunt
|-supereffective|p2a: Pecharunt
|-damage|p2a: Pecharunt|20/100
|-start|p2a: Pecharunt|move: Heal Block
|
|-heal|p1a: Hatterene|41/100|[from] item: Leftovers
|-damage|p2a: Pecharunt|7/100|[from] Leech Seed|[of] p1a: Hatterene
|-heal|p1a: Hatterene|56/100|[silent]
|upkeep
|turn|34
|
|t:|1760774732
|switch|p1a: Vileplume|Vileplume, F|77/100
|-damage|p1a: Vileplume|65/100|[from] Spikes
|move|p2a: Pecharunt|Malignant Chain|p1a: Vileplume
|-damage|p1a: Vileplume|36/100
|
|-damage|p2a: Pecharunt|0 fnt|[from] Leech Seed|[of] p1a: Vileplume
|-heal|p1a: Vileplume|44/100|[silent]
|faint|p2a: Pecharunt
|upkeep
|
|t:|1760774738
|switch|p2a: Iron Treads|Iron Treads, tera:Ghost|24/100
|-damage|p2a: Iron Treads|12/100|[from] Stealth Rock
|turn|35
|
|t:|1760774747
|move|p2a: Iron Treads|Ice Spinner|p1a: Vileplume
|-supereffective|p1a: Vileplume
|-damage|p1a: Vileplume|7/100
|move|p1a: Vileplume|Strength Sap|p2a: Iron Treads
|-unboost|p2a: Iron Treads|atk|1
|-heal|p1a: Vileplume|98/100
|
|upkeep
|turn|36
|-message|summmm forfeited.
|
|win|ilyashidayat
|raw|ilyashidayat's rating: 1352 &rarr; <strong>1375</strong><br />(+23 for winning)
|raw|summmm's rating: 1399 &rarr; <strong>1376</strong><br />(-23 for losing)
|l|☆summmm
|player|p2|
|l|☆ilyashidayat
|player|p1|
